|j|☆ygyguii2
|j|☆Popvuu1001
|t:|1758964114
|gametype|singles
|player|p1|ygyguii2|iris-gen5bw2|1245
|player|p2|Popvuu1001|elesa-masters|1250
|gen|9
|tier|[Gen 9] OU
|rated|
|rule|HP Percentage Mod: HP is shown in percentages
|rule|Endless Battle Clause: Forcing endless battles is banned
|rule|Species Clause: Limit one of each Pokémon
|rule|OHKO Clause: OHKO moves are banned
|rule|Evasion Items Clause: Evasion items are banned
|rule|Evasion Moves Clause: Evasion moves are banned
|rule|Evasion Abilities Clause: Evasion abilities are banned
|rule|Sleep Moves Clause: Sleep-inducing moves are banned
|clearpoke
|poke|p1|Zamazenta-*|
|poke|p1|Kingambit, F|
|poke|p1|Iron Valiant|
|poke|p1|Gliscor, M|
|poke|p1|Iron Moth|
|poke|p1|Ogerpon-Wellspring, F|
|poke|p2|Gholdengo|
|poke|p2|Quaquaval, F|
|poke|p2|Iron Moth|
|poke|p2|Gliscor, M|
|poke|p2|Cyclizar, F|
|poke|p2|Clefable, M|
|teampreview
|
|t:|1758964127
|teamsize|p1|6
|teamsize|p2|6
|start
|switch|p1a: Gliscor|Gliscor, M|100/100
|switch|p2a: Iron Moth|Iron Moth|100/100
|turn|1
|
|t:|1758964141
|move|p2a: Iron Moth|U-turn|p1a: Gliscor
|-resisted|p1a: Gliscor
|-damage|p1a: Gliscor|97/100
|
|t:|1758964144
|-end|p2a: Iron Moth|Quark Drive|[silent]
|switch|p2a: Gliscor|Gliscor, M|100/100|[from] U-turn
|move|p1a: Gliscor|Spikes|p2a: Gliscor
|-sidestart|p2: Popvuu1001|Spikes
|
|-status|p1a: Gliscor|tox|[from] item: Toxic Orb
|-status|p2a: Gliscor|tox|[from] item: Toxic Orb
|upkeep
|turn|2
|
|t:|1758964154
|move|p2a: Gliscor|Facade|p1a: Gliscor
|-damage|p1a: Gliscor|67/100 tox
|move|p1a: Gliscor|Spikes|p2a: Gliscor
|-sidestart|p2: Popvuu1001|Spikes
|
|-heal|p1a: Gliscor|79/100 tox|[from] ability: Poison Heal
|upkeep
|turn|3
|
|t:|1758964162
|move|p1a: Gliscor|Protect|p1a: Gliscor
|-singleturn|p1a: Gliscor|Protect
|move|p2a: Gliscor|Knock Off|p1a: Gliscor
|-activate|p1a: Gliscor|move: Protect
|
|-heal|p1a: Gliscor|92/100 tox|[from] ability: Poison Heal
|upkeep
|turn|4
|
|t:|1758964173
|move|p1a: Gliscor|Spikes|p2a: Gliscor
|-sidestart|p2: Popvuu1001|Spikes
|move|p2a: Gliscor|Knock Off|p1a: Gliscor
|-damage|p1a: Gliscor|75/100 tox
|-enditem|p1a: Gliscor|Toxic Orb|[from] move: Knock Off|[of] p2a: Gliscor
|
|-heal|p1a: Gliscor|87/100 tox|[from] ability: Poison Heal
|upkeep
|turn|5
|
|t:|1758964204
|switch|p1a: Iron Valiant|Iron Valiant|100/100
|-enditem|p1a: Iron Valiant|Booster Energy
|-activate|p1a: Iron Valiant|ability: Quark Drive|[fromitem]
|-start|p1a: Iron Valiant|quarkdrivespe
|move|p2a: Gliscor|U-turn|p1a: Iron Valiant
|-resisted|p1a: Iron Valiant
|-damage|p1a: Iron Valiant|95/100
|
|t:|1758964211
|switch|p2a: Gholdengo|Gholdengo|100/100|[from] U-turn
|-damage|p2a: Gholdengo|76/100|[from] Spikes
|
|-heal|p2a: Gholdengo|82/100|[from] item: Leftovers
|upkeep
|turn|6
|
|t:|1758964226
|-terastallize|p1a: Iron Valiant|Dark
|move|p1a: Iron Valiant|Knock Off|p2a: Gholdengo
|-supereffective|p2a: Gholdengo
|-damage|p2a: Gholdengo|0 fnt
|-enditem|p2a: Gholdengo|Leftovers|[from] move: Knock Off|[of] p1a: Iron Valiant
|faint|p2a: Gholdengo
|
|upkeep
|
|t:|1758964233
|switch|p2a: Clefable|Clefable, M|100/100
|-damage|p2a: Clefable|76/100|[from] Spikes
|turn|7
|
|t:|1758964250
|-end|p1a: Iron Valiant|Quark Drive|[silent]
|switch|p1a: Iron Moth|Iron Moth|100/100
|-enditem|p1a: Iron Moth|Booster Energy
|-activate|p1a: Iron Moth|ability: Quark Drive|[fromitem]
|-start|p1a: Iron Moth|quarkdrivespe
|move|p2a: Clefable|Moonblast|p1a: Iron Moth
|-resisted|p1a: Iron Moth
|-damage|p1a: Iron Moth|93/100
|
|-heal|p2a: Clefable|82/100|[from] item: Leftovers
|upkeep
|turn|8
|
|t:|1758964264
|switch|p2a: Gliscor|Gliscor, M|100/100 tox
|move|p1a: Iron Moth|Fiery Dance|p2a: Gliscor
|-damage|p2a: Gliscor|52/100 tox
|
|-heal|p2a: Gliscor|64/100 tox|[from] ability: Poison Heal
|upkeep
|turn|9
|
|t:|1758964278
|move|p1a: Iron Moth|Fiery Dance|p2a: Gliscor
|-damage|p2a: Gliscor|19/100 tox
|move|p2a: Gliscor|Earthquake|p1a: Iron Moth
|-supereffective|p1a: Iron Moth
|-damage|p1a: Iron Moth|0 fnt
|faint|p1a: Iron Moth
|-end|p1a: Iron Moth|Quark Drive|[silent]
|
|-heal|p2a: Gliscor|31/100 tox|[from] ability: Poison Heal
|upkeep
|
|t:|1758964299
|switch|p1a: Ogerpon|Ogerpon-Wellspring, F|100/100
|turn|10
|
|t:|1758964304
|switch|p2a: Cyclizar|Cyclizar, F|100/100
|move|p1a: Ogerpon|Ivy Cudgel|p2a: Cyclizar|[anim] Ivy Cudgel Water
|-resisted|p2a: Cyclizar
|-damage|p2a: Cyclizar|40/100
|
|upkeep
|turn|11
|
|t:|1758964312
|move|p2a: Cyclizar|Rapid Spin|p1a: Ogerpon
|-damage|p1a: Ogerpon|81/100
|-boost|p2a: Cyclizar|spe|1
|-sideend|p2: Popvuu1001|Spikes|[from] move: Rapid Spin|[of] p2a: Cyclizar
|move|p1a: Ogerpon|Ivy Cudgel|p2a: Cyclizar|[anim] Ivy Cudgel Water
|-resisted|p2a: Cyclizar
|-damage|p2a: Cyclizar|0 fnt
|faint|p2a: Cyclizar
|
|upkeep
|
|t:|1758964316
|switch|p2a: Iron Moth|Iron Moth|100/100
|turn|12
|
|t:|1758964326
|-terastallize|p2a: Iron Moth|Grass
|move|p2a: Iron Moth|Flamethrower|p1a: Ogerpon
|-damage|p1a: Ogerpon|19/100
|move|p1a: Ogerpon|Ivy Cudgel|p2a: Iron Moth|[anim] Ivy Cudgel Water
|-resisted|p2a: Iron Moth
|-damage|p2a: Iron Moth|54/100
|
|upkeep
|turn|13
|
|t:|1758964335
|move|p2a: Iron Moth|Flamethrower|p1a: Ogerpon
|-damage|p1a: Ogerpon|0 fnt
|faint|p1a: Ogerpon
|
|upkeep
|
|t:|1758964368
|switch|p1a: Zamazenta|Zamazenta|100/100
|-ability|p1a: Zamazenta|Dauntless Shield|boost
|-boost|p1a: Zamazenta|def|1
|turn|14
|
|t:|1758964374
|-end|p2a: Iron Moth|Quark Drive|[silent]
|switch|p2a: Gliscor|Gliscor, M|31/100 tox
|move|p1a: Zamazenta|Iron Defense|p1a: Zamazenta
|-boost|p1a: Zamazenta|def|2
|
|-heal|p2a: Gliscor|44/100 tox|[from] ability: Poison Heal
|upkeep
|turn|15
|
|t:|1758964382
|move|p1a: Zamazenta|Body Press|p2a: Gliscor
|-resisted|p2a: Gliscor
|-damage|p2a: Gliscor|16/100 tox
|move|p2a: Gliscor|Knock Off|p1a: Zamazenta
|-resisted|p1a: Zamazenta
|-damage|p1a: Zamazenta|97/100
|-enditem|p1a: Zamazenta|Leftovers|[from] move: Knock Off|[of] p2a: Gliscor
|
|-heal|p2a: Gliscor|29/100 tox|[from] ability: Poison Heal
|upkeep
|turn|16
|
|t:|1758964398
|move|p1a: Zamazenta|Iron Defense|p1a: Zamazenta
|-boost|p1a: Zamazenta|def|2
|move|p2a: Gliscor|Facade|p1a: Zamazenta
|-damage|p1a: Zamazenta|90/100
|
|-heal|p2a: Gliscor|41/100 tox|[from] ability: Poison Heal
|upkeep
|turn|17
|
|t:|1758964405
|move|p1a: Zamazenta|Body Press|p2a: Gliscor
|-resisted|p2a: Gliscor
|-damage|p2a: Gliscor|0 fnt
|faint|p2a: Gliscor
|
|upkeep
|
|t:|1758964413
|switch|p2a: Iron Moth|Iron Moth, tera:Grass|54/100
|turn|18
|
|t:|1758964416
|move|p2a: Iron Moth|Sludge Wave|p1a: Zamazenta
|-damage|p1a: Zamazenta|48/100
|move|p1a: Zamazenta|Body Press|p2a: Iron Moth
|-damage|p2a: Iron Moth|0 fnt
|faint|p2a: Iron Moth
|-end|p2a: Iron Moth|Quark Drive|[silent]
|
|upkeep
|
|t:|1758964419
|switch|p2a: Clefable|Clefable, M|82/100
|turn|19
|
|t:|1758964424
|move|p1a: Zamazenta|Body Press|p2a: Clefable
|-resisted|p2a: Clefable
|-damage|p2a: Clefable|64/100
|move|p2a: Clefable|Moonblast|p1a: Zamazenta
|-supereffective|p1a: Zamazenta
|-damage|p1a: Zamazenta|0 fnt
|faint|p1a: Zamazenta
|
|-heal|p2a: Clefable|71/100|[from] item: Leftovers
|upkeep
|
|t:|1758964435
|switch|p1a: Gliscor|Gliscor, M|87/100 tox
|turn|20
|
|t:|1758964439
|move|p1a: Gliscor|Toxic|p2a: Clefable
|-status|p2a: Clefable|tox
|move|p2a: Clefable|Moonblast|p1a: Gliscor
|-damage|p1a: Gliscor|58/100 tox
|-unboost|p1a: Gliscor|spa|1
|
|-heal|p2a: Clefable|77/100 tox|[from] item: Leftovers
|-heal|p1a: Gliscor|71/100 tox|[from] ability: Poison Heal
|-damage|p2a: Clefable|71/100 tox|[from] psn
|upkeep
|turn|21
|
|t:|1758964448
|move|p1a: Gliscor|Protect|p1a: Gliscor
|-singleturn|p1a: Gliscor|Protect
|move|p2a: Clefable|Wish|p2a: Clefable
|
|-heal|p2a: Clefable|77/100 tox|[from] item: Leftovers
|-heal|p1a: Gliscor|83/100 tox|[from] ability: Poison Heal
|-damage|p2a: Clefable|64/100 tox|[from] psn
|upkeep
|turn|22
|
|t:|1758964460
|move|p1a: Gliscor|Earthquake|p2a: Clefable
|-damage|p2a: Clefable|24/100 tox
|move|p2a: Clefable|Encore|p1a: Gliscor
|-start|p1a: Gliscor|Encore
|
|-heal|p2a: Clefable|74/100 tox|[from] move: Wish|[wisher] Clefable
|-heal|p2a: Clefable|80/100 tox|[from] item: Leftovers
|-heal|p1a: Gliscor|96/100 tox|[from] ability: Poison Heal
|-damage|p2a: Clefable|62/100 tox|[from] psn
|upkeep
|turn|23
|
|t:|1758964472
|move|p1a: Gliscor|Earthquake|p2a: Clefable
|-damage|p2a: Clefable|22/100 tox
|move|p2a: Clefable|Moonblast|p1a: Gliscor
|-damage|p1a: Gliscor|67/100 tox
|-unboost|p1a: Gliscor|spa|1
|
|-heal|p2a: Clefable|28/100 tox|[from] item: Leftovers
|-heal|p1a: Gliscor|79/100 tox|[from] ability: Poison Heal
|-damage|p2a: Clefable|3/100 tox|[from] psn
|upkeep
|turn|24
|
|t:|1758964484
|move|p1a: Gliscor|Earthquake|p2a: Clefable
|-damage|p2a: Clefable|0 fnt
|faint|p2a: Clefable
|
|-heal|p1a: Gliscor|92/100 tox|[from] ability: Poison Heal
|upkeep
|
|t:|1758964486
|switch|p2a: Quaquaval|Quaquaval, F|100/100
|turn|25
|
|t:|1758964494
|move|p2a: Quaquaval|Aqua Step|p1a: Gliscor
|-supereffective|p1a: Gliscor
|-damage|p1a: Gliscor|34/100 tox
|-boost|p2a: Quaquaval|spe|1
|move|p1a: Gliscor|Earthquake|p2a: Quaquaval
|-damage|p2a: Quaquaval|57/100
|
|-heal|p1a: Gliscor|46/100 tox|[from] ability: Poison Heal
|-end|p1a: Gliscor|Encore
|upkeep
|turn|26
|
|t:|1758964505
|move|p1a: Gliscor|Protect|p1a: Gliscor
|-singleturn|p1a: Gliscor|Protect
|move|p2a: Quaquaval|Aqua Step|p1a: Gliscor
|-activate|p1a: Gliscor|move: Protect
|
|-heal|p1a: Gliscor|59/100 tox|[from] ability: Poison Heal
|upkeep
|turn|27
|
|t:|1758964513
|move|p2a: Quaquaval|Ice Spinner|p1a: Gliscor
|-supereffective|p1a: Gliscor
|-damage|p1a: Gliscor|0 fnt
|faint|p1a: Gliscor
|-ability|p2a: Quaquaval|Moxie|boost
|-boost|p2a: Quaquaval|atk|1
|
|upkeep
|
|t:|1758964520
|switch|p1a: Iron Valiant|Iron Valiant, tera:Dark|95/100
|turn|28
|
|t:|1758964525
|move|p2a: Quaquaval|Close Combat|p1a: Iron Valiant
|-supereffective|p1a: Iron Valiant
|-damage|p1a: Iron Valiant|0 fnt
|-unboost|p2a: Quaquaval|def|1
|-unboost|p2a: Quaquaval|spd|1
|faint|p1a: Iron Valiant
|-end|p1a: Iron Valiant|Quark Drive|[silent]
|-ability|p2a: Quaquaval|Moxie|boost
|-boost|p2a: Quaquaval|atk|1
|
|upkeep
|
|t:|1758964536
|switch|p1a: Kingambit|Kingambit, F|100/100
|-activate|p1a: Kingambit|ability: Supreme Overlord
|-start|p1a: Kingambit|fallen5|[silent]
|turn|29
|
|t:|1758964544
|move|p1a: Kingambit|Sucker Punch|p2a: Quaquaval
|-resisted|p2a: Quaquaval
|-damage|p2a: Quaquaval|0 fnt
|faint|p2a: Quaquaval
|
|win|ygyguii2
|raw|ygyguii2's rating: 1245 &rarr; <strong>1270</strong><br />(+25 for winning)
|raw|Popvuu1001's rating: 1250 &rarr; <strong>1225</strong><br />(-25 for losing)
|l|☆Popvuu1001
|player|p2|
|l|☆ygyguii2
|player|p1|
