|j|☆Shibuya Arc
|j|‽solascriptura1521
|t:|1758926886
|gametype|singles
|player|p1|Shibuya Arc|265|1536
|player|p2|solascriptura1521|102|1600
|gen|9
|tier|[Gen 9] OU
|rated|
|rule|HP Percentage Mod: HP is shown in percentages
|rule|Endless Battle Clause: Forcing endless battles is banned
|rule|Species Clause: Limit one of each Pokémon
|rule|OHKO Clause: OHKO moves are banned
|rule|Evasion Items Clause: Evasion items are banned
|rule|Evasion Moves Clause: Evasion moves are banned
|rule|Evasion Abilities Clause: Evasion abilities are banned
|rule|Sleep Moves Clause: Sleep-inducing moves are banned
|clearpoke
|poke|p1|Dragapult, F|
|poke|p1|Dragonite, F|
|poke|p1|Ting-Lu|
|poke|p1|Weezing-Galar, F|
|poke|p1|Iron Crown|
|poke|p1|Zapdos|
|poke|p2|Torkoal, M|
|poke|p2|Walking Wake|
|poke|p2|Raging Bolt|
|poke|p2|Kingambit, M|
|poke|p2|Great Tusk|
|poke|p2|Hatterene, F|
|teampreview
|inactive|Battle timer is ON: inactive players will automatically lose when time's up. (requested by Shibuya Arc)
|
|t:|1758926909
|teamsize|p1|6
|teamsize|p2|6
|start
|switch|p1a: Ting-Lu|Ting-Lu|100/100
|switch|p2a: Great Tusk|Great Tusk|100/100
|-ability|p1a: Ting-Lu|Vessel of Ruin
|turn|1
|
|t:|1758926914
|move|p2a: Great Tusk|Close Combat|p1a: Ting-Lu
|-supereffective|p1a: Ting-Lu
|-damage|p1a: Ting-Lu|27/100
|-unboost|p2a: Great Tusk|def|1
|-unboost|p2a: Great Tusk|spd|1
|move|p1a: Ting-Lu|Ruination|p2a: Great Tusk
|-damage|p2a: Great Tusk|50/100
|
|-heal|p2a: Great Tusk|57/100|[from] item: Leftovers
|-heal|p1a: Ting-Lu|33/100|[from] item: Leftovers
|upkeep
|turn|2
|
|t:|1758926923
|move|p2a: Great Tusk|Headlong Rush|p1a: Ting-Lu
|-damage|p1a: Ting-Lu|1/100
|-unboost|p2a: Great Tusk|def|1
|-unboost|p2a: Great Tusk|spd|1
|move|p1a: Ting-Lu|Earthquake|p2a: Great Tusk
|-damage|p2a: Great Tusk|4/100
|
|-heal|p2a: Great Tusk|10/100|[from] item: Leftovers
|-heal|p1a: Ting-Lu|7/100|[from] item: Leftovers
|upkeep
|turn|3
|
|t:|1758926930
|move|p2a: Great Tusk|Headlong Rush|p1a: Ting-Lu
|-damage|p1a: Ting-Lu|0 fnt
|-unboost|p2a: Great Tusk|def|1
|-unboost|p2a: Great Tusk|spd|1
|faint|p1a: Ting-Lu
|
|-heal|p2a: Great Tusk|16/100|[from] item: Leftovers
|upkeep
|
|t:|1758926936
|switch|p1a: Dragonite|Dragonite, F|100/100
|turn|4
|
|t:|1758926943
|move|p2a: Great Tusk|Close Combat|p1a: Dragonite
|-resisted|p1a: Dragonite
|-damage|p1a: Dragonite|84/100
|-unboost|p2a: Great Tusk|def|1
|-unboost|p2a: Great Tusk|spd|1
|move|p1a: Dragonite|Dragon Dance|p1a: Dragonite
|-boost|p1a: Dragonite|atk|1
|-boost|p1a: Dragonite|spe|1
|
|-heal|p2a: Great Tusk|23/100|[from] item: Leftovers
|upkeep
|turn|5
|
|t:|1758926949
|-end|p2a: Great Tusk|Protosynthesis|[silent]
|switch|p2a: Hatterene|Hatterene, F|100/100
|move|p1a: Dragonite|Roost|p1a: Dragonite
|-heal|p1a: Dragonite|100/100
|-singleturn|p1a: Dragonite|move: Roost
|
|upkeep
|turn|6
|
|t:|1758926955
|move|p1a: Dragonite|Dragon Dance|p1a: Dragonite
|-boost|p1a: Dragonite|atk|1
|-boost|p1a: Dragonite|spe|1
|move|p2a: Hatterene|Psychic Noise|p1a: Dragonite
|-damage|p1a: Dragonite|84/100
|-start|p1a: Dragonite|move: Heal Block
|
|upkeep
|turn|7
|
|t:|1758926965
|-terastallize|p1a: Dragonite|Normal
|move|p1a: Dragonite|Dragon Dance|p1a: Dragonite
|-boost|p1a: Dragonite|atk|1
|-boost|p1a: Dragonite|spe|1
|move|p2a: Hatterene|Draining Kiss|p1a: Dragonite
|-damage|p1a: Dragonite|64/100
|
|-end|p1a: Dragonite|move: Heal Block
|upkeep
|turn|8
|
|t:|1758926974
|move|p1a: Dragonite|Extreme Speed|p2a: Hatterene
|-crit|p2a: Hatterene
|-damage|p2a: Hatterene|0 fnt
|faint|p2a: Hatterene
|
|upkeep
|
|t:|1758926982
|switch|p2a: Raging Bolt|Raging Bolt|100/100
|turn|9
|
|t:|1758926988
|move|p1a: Dragonite|Roost|p1a: Dragonite
|-heal|p1a: Dragonite|100/100
|move|p2a: Raging Bolt|Thunderbolt|p1a: Dragonite
|-damage|p1a: Dragonite|74/100
|
|upkeep
|turn|10
|
|t:|1758927001
|move|p1a: Dragonite|Roost|p1a: Dragonite
|-heal|p1a: Dragonite|100/100
|move|p2a: Raging Bolt|Thunderbolt|p1a: Dragonite
|-damage|p1a: Dragonite|76/100
|
|upkeep
|turn|11
|
|t:|1758927009
|-end|p2a: Raging Bolt|Protosynthesis|[silent]
|switch|p2a: Great Tusk|Great Tusk|23/100
|move|p1a: Dragonite|Extreme Speed|p2a: Great Tusk
|-damage|p2a: Great Tusk|0 fnt
|faint|p2a: Great Tusk
|-end|p2a: Great Tusk|Protosynthesis|[silent]
|
|upkeep
|
|t:|1758927027
|switch|p2a: Kingambit|Kingambit, M|100/100
|-activate|p2a: Kingambit|ability: Supreme Overlord
|-start|p2a: Kingambit|fallen2|[silent]
|turn|12
|
|t:|1758927046
|-terastallize|p2a: Kingambit|Fairy
|move|p1a: Dragonite|Roost|p1a: Dragonite
|-heal|p1a: Dragonite|100/100
|move|p2a: Kingambit|Kowtow Cleave|p1a: Dragonite
|-damage|p1a: Dragonite|64/100
|
|upkeep
|turn|13
|
|t:|1758927057
|move|p1a: Dragonite|Roost|p1a: Dragonite
|-heal|p1a: Dragonite|100/100
|move|p2a: Kingambit|Kowtow Cleave|p1a: Dragonite
|-crit|p1a: Dragonite
|-damage|p1a: Dragonite|47/100
|
|upkeep
|turn|14
|
|t:|1758927064
|move|p1a: Dragonite|Extreme Speed|p2a: Kingambit
|-damage|p2a: Kingambit|14/100
|move|p2a: Kingambit|Kowtow Cleave|p1a: Dragonite
|-damage|p1a: Dragonite|0 fnt
|faint|p1a: Dragonite
|
|upkeep
|
|t:|1758927071
|switch|p1a: Dragapult|Dragapult, F|100/100
|turn|15
|
|t:|1758927077
|move|p2a: Kingambit|Sucker Punch||[still]
|-fail|p2a: Kingambit
|move|p1a: Dragapult|Will-O-Wisp|p2a: Kingambit|[miss]
|-miss|p1a: Dragapult|p2a: Kingambit
|
|upkeep
|turn|16
|
|t:|1758927083
|move|p1a: Dragapult|Will-O-Wisp|p2a: Kingambit
|-status|p2a: Kingambit|brn
|move|p2a: Kingambit|Kowtow Cleave|p1a: Dragapult
|-supereffective|p1a: Dragapult
|-damage|p1a: Dragapult|0 fnt
|faint|p1a: Dragapult
|
|-damage|p2a: Kingambit|7/100 brn|[from] brn
|upkeep
|
|t:|1758927089
|switch|p1a: Iron Crown|Iron Crown|100/100
|turn|17
|
|t:|1758927095
|-end|p1a: Iron Crown|Quark Drive|[silent]
|switch|p1a: Weezing|Weezing-Galar, F|100/100
|-ability|p1a: Weezing|Neutralizing Gas
|move|p2a: Kingambit|Sucker Punch||[still]
|-fail|p2a: Kingambit
|
|-damage|p2a: Kingambit|1/100 brn|[from] brn
|upkeep
|turn|18
|
|t:|1758927100
|move|p1a: Weezing|Toxic Spikes|p2a: Kingambit
|-sidestart|p2: solascriptura1521|move: Toxic Spikes
|move|p2a: Kingambit|Iron Head|p1a: Weezing
|-supereffective|p1a: Weezing
|-damage|p1a: Weezing|71/100
|
|-damage|p2a: Kingambit|0 fnt|[from] brn
|faint|p2a: Kingambit
|-end|p2a: Kingambit|fallen2|[silent]
|upkeep
|
|t:|1758927105
|switch|p2a: Torkoal|Torkoal, M|100/100
|-status|p2a: Torkoal|psn
|turn|19
|
|t:|1758927110
|move|p1a: Weezing|Pain Split|p2a: Torkoal
|-sethp|p2a: Torkoal|84/100 psn|[from] move: Pain Split|[silent]
|-sethp|p1a: Weezing|87/100|[from] move: Pain Split
|move|p2a: Torkoal|Rapid Spin|p1a: Weezing
|-damage|p1a: Weezing|80/100
|-boost|p2a: Torkoal|spe|1
|-sideend|p2: solascriptura1521|Toxic Spikes|[from] move: Rapid Spin|[of] p2a: Torkoal
|
|-damage|p2a: Torkoal|72/100 psn|[from] psn
|upkeep
|turn|20
|
|t:|1758927121
|switch|p2a: Raging Bolt|Raging Bolt|100/100
|move|p1a: Weezing|Pain Split|p2a: Raging Bolt
|-sethp|p2a: Raging Bolt|80/100|[from] move: Pain Split|[silent]
|-sethp|p1a: Weezing|100/100|[from] move: Pain Split
|
|upkeep
|turn|21
|
|t:|1758927127
|move|p2a: Raging Bolt|Thunderbolt|p1a: Weezing
|-damage|p1a: Weezing|22/100
|move|p1a: Weezing|Will-O-Wisp|p2a: Raging Bolt
|-status|p2a: Raging Bolt|brn
|
|-damage|p2a: Raging Bolt|74/100 brn|[from] brn
|upkeep
|turn|22
|
|t:|1758927134
|-end|p1a: Weezing|ability: Neutralizing Gas
|switch|p1a: Zapdos|Zapdos|100/100
|move|p2a: Raging Bolt|Thunderbolt|p1a: Zapdos
|-damage|p1a: Zapdos|36/100
|
|-damage|p2a: Raging Bolt|67/100 brn|[from] brn
|upkeep
|turn|23
|
|t:|1758927140
|move|p1a: Zapdos|Hurricane|p2a: Raging Bolt
|-resisted|p2a: Raging Bolt
|-damage|p2a: Raging Bolt|53/100 brn
|move|p2a: Raging Bolt|Thunderbolt|p1a: Zapdos
|-damage|p1a: Zapdos|0 fnt
|faint|p1a: Zapdos
|
|-damage|p2a: Raging Bolt|47/100 brn|[from] brn
|upkeep
|
|t:|1758927147
|switch|p1a: Iron Crown|Iron Crown|100/100
|turn|24
|
|t:|1758927152
|move|p1a: Iron Crown|Focus Blast|p2a: Raging Bolt
|-damage|p2a: Raging Bolt|12/100 brn
|-unboost|p2a: Raging Bolt|spd|1
|move|p2a: Raging Bolt|Thunderbolt|p1a: Iron Crown
|-damage|p1a: Iron Crown|49/100
|
|-damage|p2a: Raging Bolt|6/100 brn|[from] brn
|upkeep
|turn|25
|
|t:|1758927157
|-end|p1a: Iron Crown|Quark Drive|[silent]
|switch|p1a: Weezing|Weezing-Galar, F|22/100
|-ability|p1a: Weezing|Neutralizing Gas
|move|p2a: Raging Bolt|Thunderclap||[still]
|-fail|p2a: Raging Bolt
|
|-damage|p2a: Raging Bolt|0 fnt|[from] brn
|faint|p2a: Raging Bolt
|-end|p2a: Raging Bolt|Protosynthesis|[silent]
|upkeep
|
|t:|1758927162
|switch|p2a: Walking Wake|Walking Wake|100/100
|turn|26
|
|t:|1758927167
|move|p2a: Walking Wake|Flamethrower|p1a: Weezing
|-damage|p1a: Weezing|0 fnt
|faint|p1a: Weezing
|-end|p1a: Weezing|ability: Neutralizing Gas
|
|upkeep
|
|t:|1758927174
|switch|p1a: Iron Crown|Iron Crown|49/100
|turn|27
|
|t:|1758927177
|move|p2a: Walking Wake|Flamethrower|p1a: Iron Crown
|-supereffective|p1a: Iron Crown
|-crit|p1a: Iron Crown
|-damage|p1a: Iron Crown|0 fnt
|faint|p1a: Iron Crown
|-end|p1a: Iron Crown|Quark Drive|[silent]
|
|win|solascriptura1521
|raw|Shibuya Arc's rating: 1536 &rarr; <strong>1520</strong><br />(-16 for losing)
|raw|solascriptura1521's rating: 1600 &rarr; <strong>1616</strong><br />(+16 for winning)
