|badge|p2|bronze|gen9ou|100-6
|html|<div class="broadcast-red"><strong>This battle is required to be public due to one or more player having a season medal.</strong><br />During the public phase, you can discuss the state of the ladder <a href="/seasondiscussion">in a special chatroom.</a></div>
|uhtml|medal-msg|<div class="broadcast-blue">Curious what those medals under the avatar are? PS now has Ladder Seasons! For more information, check out the <a href="https://www.smogon.com/forums/threads/3740067/">thread on Smogon.</a></div>
|j|☆jamel1
|j|☆JackRG1
|t:|1759032615
|gametype|singles
|player|p1|jamel1|cyrus|1777
|player|p2|JackRG1|dawn-gen4pt|1854
|gen|9
|tier|[Gen 9] OU
|rated|
|rule|HP Percentage Mod: HP is shown in percentages
|rule|Endless Battle Clause: Forcing endless battles is banned
|rule|Species Clause: Limit one of each Pokémon
|rule|OHKO Clause: OHKO moves are banned
|rule|Evasion Items Clause: Evasion items are banned
|rule|Evasion Moves Clause: Evasion moves are banned
|rule|Evasion Abilities Clause: Evasion abilities are banned
|rule|Sleep Moves Clause: Sleep-inducing moves are banned
|clearpoke
|poke|p1|Azumarill, M|
|poke|p1|Deoxys-Defense|
|poke|p1|Gyarados, M|
|poke|p1|Maushold|
|poke|p1|Armarouge, F|
|poke|p1|Kommo-o, M|
|poke|p2|Weezing-Galar, F|
|poke|p2|Ting-Lu|
|poke|p2|Corviknight, F|
|poke|p2|Skeledirge, M|
|poke|p2|Dragapult, M|
|poke|p2|Ogerpon-Wellspring, F|
|teampreview
|inactive|Battle timer is ON: inactive players will automatically lose when time's up. (requested by JackRG1)
|
|t:|1759032628
|teamsize|p1|6
|teamsize|p2|6
|start
|switch|p1a: Azumarill|Azumarill, M|100/100
|switch|p2a: GAS.|Weezing-Galar, F|100/100
|-ability|p2a: GAS.|Neutralizing Gas
|turn|1
|
|t:|1759032630
|switch|p1a: Armarouge|Armarouge, F|100/100
|move|p2a: GAS.|Sludge Bomb|p1a: Armarouge
|-damage|p1a: Armarouge|71/100
|-status|p1a: Armarouge|psn
|
|-damage|p1a: Armarouge|58/100 psn|[from] psn
|upkeep
|turn|2
|
|t:|1759032636
|-end|p2a: GAS.|ability: Neutralizing Gas
|switch|p2a: Ting-Lu|Ting-Lu, shiny|100/100
|-ability|p2a: Ting-Lu|Vessel of Ruin
|move|p1a: Armarouge|Calm Mind|p1a: Armarouge
|-boost|p1a: Armarouge|spa|1
|-boost|p1a: Armarouge|spd|1
|
|-damage|p1a: Armarouge|46/100 psn|[from] psn
|upkeep
|turn|3
|
|t:|1759032640
|move|p1a: Armarouge|Iron Defense|p1a: Armarouge
|-boost|p1a: Armarouge|def|2
|move|p2a: Ting-Lu|Stealth Rock|p1a: Armarouge
|-sidestart|p1: jamel1|move: Stealth Rock
|
|-damage|p1a: Armarouge|34/100 psn|[from] psn
|upkeep
|turn|4
|
|t:|1759032644
|move|p1a: Armarouge|Aura Sphere|p2a: Ting-Lu
|-supereffective|p2a: Ting-Lu
|-crit|p2a: Ting-Lu
|-damage|p2a: Ting-Lu|60/100
|move|p2a: Ting-Lu|Earthquake|p1a: Armarouge
|-supereffective|p1a: Armarouge
|-damage|p1a: Armarouge|6/100 psn
|-ability|p1a: Armarouge|Weak Armor|boost
|-unboost|p1a: Armarouge|def|1
|-boost|p1a: Armarouge|spe|2
|-enditem|p1a: Armarouge|Weakness Policy
|-boost|p1a: Armarouge|atk|2|[from] item: Weakness Policy
|-boost|p1a: Armarouge|spa|2|[from] item: Weakness Policy
|
|-heal|p2a: Ting-Lu|66/100|[from] item: Leftovers
|-damage|p1a: Armarouge|0 fnt|[from] psn
|faint|p1a: Armarouge
|upkeep
|
|t:|1759032647
|switch|p1a: Maushold|Maushold|100/100
|-damage|p1a: Maushold|88/100|[from] Stealth Rock
|turn|5
|
|t:|1759032650
|move|p1a: Maushold|Tidy Up|p1a: Maushold
|-sideend|p1: jamel1|Stealth Rock
|-activate|p1a: Maushold|move: Tidy Up
|-boost|p1a: Maushold|atk|1
|-boost|p1a: Maushold|spe|1
|move|p2a: Ting-Lu|Earthquake|p1a: Maushold
|-damage|p1a: Maushold|49/100
|
|-heal|p2a: Ting-Lu|72/100|[from] item: Leftovers
|upkeep
|turn|6
|
|t:|1759032652
|move|p1a: Maushold|Population Bomb|p2a: Ting-Lu|[miss]
|-miss|p1a: Maushold|p2a: Ting-Lu
|move|p2a: Ting-Lu|Earthquake|p1a: Maushold
|-damage|p1a: Maushold|14/100
|
|-heal|p2a: Ting-Lu|79/100|[from] item: Leftovers
|upkeep
|turn|7
|
|t:|1759032657
|move|p1a: Maushold|Population Bomb|p2a: Ting-Lu
|-damage|p2a: Ting-Lu|71/100
|-damage|p2a: Ting-Lu|63/100
|-damage|p2a: Ting-Lu|54/100
|-damage|p2a: Ting-Lu|45/100
|-damage|p2a: Ting-Lu|37/100
|-damage|p2a: Ting-Lu|28/100
|-damage|p2a: Ting-Lu|21/100
|-damage|p2a: Ting-Lu|12/100
|-damage|p2a: Ting-Lu|5/100
|-damage|p2a: Ting-Lu|0 fnt
|faint|p2a: Ting-Lu
|-hitcount|p2: Ting-Lu|10
|
|upkeep
|
|t:|1759032659
|switch|p2a: Skeledirge|Skeledirge, M|100/100
|turn|8
|
|t:|1759032661
|move|p1a: Maushold|Thunder Wave|p2a: Skeledirge
|-status|p2a: Skeledirge|par
|move|p2a: Skeledirge|Torch Song|p1a: Maushold
|-damage|p1a: Maushold|0 fnt
|-boost|p2a: Skeledirge|spa|1
|faint|p1a: Maushold
|
|upkeep
|
|t:|1759032668
|switch|p1a: Gyarados|Gyarados, M, shiny|100/100
|turn|9
|
|t:|1759032677
|switch|p2a: Dragapult|Dragapult, M|100/100
|move|p1a: Gyarados|Dragon Dance|p1a: Gyarados
|-boost|p1a: Gyarados|atk|1
|-boost|p1a: Gyarados|spe|1
|
|upkeep
|turn|10
|
|t:|1759032683
|move|p2a: Dragapult|Draco Meteor|p1a: Gyarados
|-crit|p1a: Gyarados
|-damage|p1a: Gyarados|0 fnt
|-unboost|p2a: Dragapult|spa|2
|faint|p1a: Gyarados
|
|upkeep
|
|t:|1759032685
|switch|p1a: Azumarill|Azumarill, M|100/100
|turn|11
|
|t:|1759032688
|switch|p2a: GAS.|Weezing-Galar, F|100/100
|-ability|p2a: GAS.|Neutralizing Gas
|move|p1a: Azumarill|Belly Drum|p1a: Azumarill
|-damage|p1a: Azumarill|50/100
|-setboost|p1a: Azumarill|atk|6|[from] move: Belly Drum
|-enditem|p1a: Azumarill|Sitrus Berry|[eat]
|-heal|p1a: Azumarill|75/100|[from] item: Sitrus Berry
|
|upkeep
|turn|12
|
|t:|1759032691
|move|p1a: Azumarill|Aqua Jet|p2a: GAS.
|-damage|p2a: GAS.|69/100
|move|p2a: GAS.|Sludge Bomb|p1a: Azumarill
|-supereffective|p1a: Azumarill
|-damage|p1a: Azumarill|14/100
|
|upkeep
|turn|13
|
|t:|1759032694
|move|p1a: Azumarill|Aqua Jet|p2a: GAS.
|-damage|p2a: GAS.|35/100
|move|p2a: GAS.|Sludge Bomb|p1a: Azumarill
|-supereffective|p1a: Azumarill
|-damage|p1a: Azumarill|0 fnt
|faint|p1a: Azumarill
|
|upkeep
|
|t:|1759032697
|switch|p1a: Deoxys|Deoxys-Defense|100/100
|turn|14
|
|t:|1759032701
|-terastallize|p1a: Deoxys|Steel
|move|p1a: Deoxys|Cosmic Power|p1a: Deoxys
|-boost|p1a: Deoxys|def|1
|-boost|p1a: Deoxys|spd|1
|move|p2a: GAS.|Pain Split|p1a: Deoxys
|-sethp|p1a: Deoxys|70/100|[from] move: Pain Split|[silent]
|-sethp|p2a: GAS.|63/100|[from] move: Pain Split
|
|upkeep
|turn|15
|
|t:|1759032708
|move|p1a: Deoxys|Cosmic Power|p1a: Deoxys
|-boost|p1a: Deoxys|def|1
|-boost|p1a: Deoxys|spd|1
|move|p2a: GAS.|Will-O-Wisp|p1a: Deoxys
|-status|p1a: Deoxys|brn
|
|-damage|p1a: Deoxys|63/100 brn|[from] brn
|upkeep
|turn|16
|
|t:|1759032711
|-end|p2a: GAS.|ability: Neutralizing Gas
|-ability|p1a: Deoxys|Pressure
|switch|p2a: Skeledirge|Skeledirge, M|100/100 par
|move|p1a: Deoxys|Cosmic Power|p1a: Deoxys
|-boost|p1a: Deoxys|def|1
|-boost|p1a: Deoxys|spd|1
|
|-damage|p1a: Deoxys|57/100 brn|[from] brn
|upkeep
|turn|17
|j| cryyysneasel
|
|t:|1759032716
|move|p1a: Deoxys|Stored Power|p2a: Skeledirge
|-damage|p2a: Skeledirge|75/100 par
|move|p2a: Skeledirge|Torch Song|p1a: Deoxys
|-supereffective|p1a: Deoxys
|-damage|p1a: Deoxys|17/100 brn
|-boost|p2a: Skeledirge|spa|1
|-enditem|p1a: Deoxys|Weakness Policy
|-boost|p1a: Deoxys|atk|2|[from] item: Weakness Policy
|-boost|p1a: Deoxys|spa|2|[from] item: Weakness Policy
|
|-damage|p1a: Deoxys|11/100 brn|[from] brn
|upkeep
|turn|18
|
|t:|1759032721
|move|p1a: Deoxys|Recover|p1a: Deoxys
|-heal|p1a: Deoxys|61/100 brn
|move|p2a: Skeledirge|Slack Off|p2a: Skeledirge
|-heal|p2a: Skeledirge|100/100 par
|
|-damage|p1a: Deoxys|54/100 brn|[from] brn
|upkeep
|turn|19
|
|t:|1759032724
|move|p1a: Deoxys|Stored Power|p2a: Skeledirge
|-damage|p2a: Skeledirge|62/100 par
|move|p2a: Skeledirge|Torch Song|p1a: Deoxys
|-supereffective|p1a: Deoxys
|-damage|p1a: Deoxys|0 fnt
|-boost|p2a: Skeledirge|spa|1
|faint|p1a: Deoxys
|
|upkeep
|
|t:|1759032726
|switch|p1a: Kommo-o|Kommo-o, M|100/100
|turn|20
|
|t:|1759032729
|move|p1a: Kommo-o|Substitute|p1a: Kommo-o
|-start|p1a: Kommo-o|Substitute
|-damage|p1a: Kommo-o|75/100
|move|p2a: Skeledirge|Torch Song|p1a: Kommo-o
|-resisted|p1a: Kommo-o
|-damage|p1a: Kommo-o|43/100
|-boost|p2a: Skeledirge|spa|1
|
|upkeep
|turn|21
|
|t:|1759032734
|move|p1a: Kommo-o|Earthquake|p2a: Skeledirge
|-supereffective|p2a: Skeledirge
|-damage|p2a: Skeledirge|5/100 par
|move|p2a: Skeledirge|Torch Song|p1a: Kommo-o
|-resisted|p1a: Kommo-o
|-damage|p1a: Kommo-o|0 fnt
|-boost|p2a: Skeledirge|spa|1
|faint|p1a: Kommo-o
|
|win|JackRG1
|raw|jamel1's rating: 1777 &rarr; <strong>1761</strong><br />(-16 for losing)
|raw|JackRG1's rating: 1854 &rarr; <strong>1870</strong><br />(+16 for winning)
|l|☆jamel1
|player|p1|
|l| cryyysneasel
