|j|☆ScarfyX_X
|j|☆humunitzy
|t:|1759008586
|gametype|singles
|player|p1|ScarfyX_X|miku-psychic|1335
|player|p2|humunitzy|gentleman|1447
|gen|9
|tier|[Gen 9] OU
|rated|
|rule|HP Percentage Mod: HP is shown in percentages
|rule|Endless Battle Clause: Forcing endless battles is banned
|rule|Species Clause: Limit one of each Pokémon
|rule|OHKO Clause: OHKO moves are banned
|rule|Evasion Items Clause: Evasion items are banned
|rule|Evasion Moves Clause: Evasion moves are banned
|rule|Evasion Abilities Clause: Evasion abilities are banned
|rule|Sleep Moves Clause: Sleep-inducing moves are banned
|clearpoke
|poke|p1|Samurott-Hisui, F|
|poke|p1|Indeedee, M|
|poke|p1|Corviknight, M|
|poke|p1|Ninetales-Alola, F|
|poke|p1|Great Tusk|
|poke|p1|Ceruledge, F|
|poke|p2|Weavile, F|
|poke|p2|Hoopa-Unbound|
|poke|p2|Landorus-Therian, M|
|poke|p2|Iron Valiant|
|poke|p2|Scizor, F|
|poke|p2|Kingambit, M|
|teampreview
|inactive|Battle timer is ON: inactive players will automatically lose when time's up. (requested by ScarfyX_X)
|
|t:|1759008599
|teamsize|p1|6
|teamsize|p2|6
|start
|switch|p1a: Ninetales|Ninetales-Alola, F|100/100
|switch|p2a: Scizor|Scizor, F|100/100
|-weather|Snowscape|[from] ability: Snow Warning|[of] p1a: Ninetales
|turn|1
|
|t:|1759008611
|-terastallize|p1a: Ninetales|Fire
|move|p1a: Ninetales|Tera Blast|p2a: Scizor|[anim] Tera Blast Fire
|-supereffective|p2a: Scizor
|-damage|p2a: Scizor|0 fnt
|faint|p2a: Scizor
|
|-weather|Snowscape|[upkeep]
|upkeep
|
|t:|1759008625
|switch|p2a: Landorus|Landorus-Therian, M|100/100
|-ability|p2a: Landorus|Intimidate|boost
|-unboost|p1a: Ninetales|atk|1
|turn|2
|
|t:|1759008631
|move|p2a: Landorus|Stone Edge|p1a: Ninetales
|-supereffective|p1a: Ninetales
|-damage|p1a: Ninetales|2/100
|move|p1a: Ninetales|Blizzard|p2a: Landorus
|-supereffective|p2a: Landorus
|-damage|p2a: Landorus|0 fnt
|faint|p2a: Landorus
|
|-weather|Snowscape|[upkeep]
|upkeep
|
|t:|1759008644
|switch|p2a: Hoopa|Hoopa-Unbound|100/100
|turn|3
|
|t:|1759008650
|move|p1a: Ninetales|Moonblast|p2a: Hoopa
|-supereffective|p2a: Hoopa
|-damage|p2a: Hoopa|66/100
|move|p2a: Hoopa|Knock Off|p1a: Ninetales
|-damage|p1a: Ninetales|0 fnt
|-enditem|p1a: Ninetales|Light Clay|[from] move: Knock Off|[of] p2a: Hoopa
|faint|p1a: Ninetales
|
|-weather|Snowscape|[upkeep]
|upkeep
|
|t:|1759008658
|switch|p1a: Samurott|Samurott-Hisui, F|100/100
|turn|4
|
|t:|1759008663
|move|p1a: Samurott|Ceaseless Edge|p2a: Hoopa
|-damage|p2a: Hoopa|16/100
|-sidestart|p2: humunitzy|Spikes
|move|p2a: Hoopa|Drain Punch|p1a: Samurott
|-supereffective|p1a: Samurott
|-damage|p1a: Samurott|30/100
|-heal|p2a: Hoopa|47/100|[from] drain|[of] p1a: Samurott
|
|-weather|Snowscape|[upkeep]
|upkeep
|turn|5
|
|t:|1759008677
|move|p1a: Samurott|Ceaseless Edge|p2a: Hoopa
|-crit|p2a: Hoopa
|-damage|p2a: Hoopa|0 fnt
|-sidestart|p2: humunitzy|Spikes
|faint|p2a: Hoopa
|
|-weather|none
|upkeep
|
|t:|1759008691
|switch|p2a: Weavile|Weavile, F|100/100
|-damage|p2a: Weavile|84/100|[from] Spikes
|-ability|p2a: Weavile|Pressure
|turn|6
|
|t:|1759008700
|move|p2a: Weavile|Triple Axel|p1a: Samurott|[miss]
|-miss|p2a: Weavile|p1a: Samurott
|move|p1a: Samurott|Sacred Sword|p2a: Weavile
|-supereffective|p2a: Weavile
|-damage|p2a: Weavile|0 fnt
|faint|p2a: Weavile
|
|upkeep
|-message|humunitzy forfeited.
|
|win|ScarfyX_X
|raw|ScarfyX_X's rating: 1335 &rarr; <strong>1361</strong><br />(+26 for winning)
|raw|humunitzy's rating: 1447 &rarr; <strong>1421</strong><br />(-26 for losing)
|l|☆humunitzy
|player|p2|
