|j|☆yizhixiekun
|j|☆dinsil
|t:|1759053260
|gametype|singles
|player|p1|yizhixiekun|169|1220
|player|p2|dinsil|2|1216
|gen|9
|tier|[Gen 9] OU
|rated|
|rule|HP Percentage Mod: HP is shown in percentages
|rule|Endless Battle Clause: Forcing endless battles is banned
|rule|Species Clause: Limit one of each Pokémon
|rule|OHKO Clause: OHKO moves are banned
|rule|Evasion Items Clause: Evasion items are banned
|rule|Evasion Moves Clause: Evasion moves are banned
|rule|Evasion Abilities Clause: Evasion abilities are banned
|rule|Sleep Moves Clause: Sleep-inducing moves are banned
|clearpoke
|poke|p1|Araquanid, M|
|poke|p1|Mamoswine, M|
|poke|p1|Gengar, F|
|poke|p1|Breloom, F|
|poke|p1|Goodra-Hisui, F|
|poke|p1|Incineroar, F|
|poke|p2|Blastoise, M|
|poke|p2|Arbok, F|
|poke|p2|Tsareena, F|
|poke|p2|Skarmory, M|
|poke|p2|Quagsire, F|
|poke|p2|Hydreigon, M|
|teampreview
|inactive|Battle timer is ON: inactive players will automatically lose when time's up. (requested by dinsil)
|
|t:|1759053274
|teamsize|p1|6
|teamsize|p2|6
|start
|switch|p1a: Araquanid|Araquanid, M|100/100
|switch|p2a: Arbok|Arbok, F|100/100
|-ability|p2a: Arbok|Intimidate|boost
|-unboost|p1a: Araquanid|atk|1
|turn|1
|
|t:|1759053279
|move|p2a: Arbok|Glare|p1a: Araquanid
|-status|p1a: Araquanid|par
|move|p1a: Araquanid|Sticky Web|p2a: Arbok
|-sidestart|p2: dinsil|move: Sticky Web
|
|upkeep
|turn|2
|
|t:|1759053288
|-terastallize|p1a: Araquanid|Ghost
|move|p2a: Arbok|Knock Off|p1a: Araquanid
|-supereffective|p1a: Araquanid
|-damage|p1a: Araquanid|60/100 par
|-enditem|p1a: Araquanid|Custap Berry|[from] move: Knock Off|[of] p2a: Arbok
|move|p1a: Araquanid|Endeavor|p2a: Arbok
|-damage|p2a: Arbok|63/100
|
|-heal|p2a: Arbok|69/100|[from] item: Leftovers
|upkeep
|turn|3
|
|t:|1759053301
|move|p2a: Arbok|Substitute|p2a: Arbok
|-start|p2a: Arbok|Substitute
|-damage|p2a: Arbok|44/100
|move|p1a: Araquanid|Surf|p2a: Arbok
|-end|p2a: Arbok|Substitute
|
|-heal|p2a: Arbok|50/100|[from] item: Leftovers
|upkeep
|turn|4
|
|t:|1759053330
|switch|p2a: Blastoise|Blastoise, M|100/100
|-activate|p2a: Blastoise|move: Sticky Web
|-unboost|p2a: Blastoise|spe|1
|move|p1a: Araquanid|Surf|p2a: Blastoise
|-resisted|p2a: Blastoise
|-damage|p2a: Blastoise|69/100
|
|upkeep
|turn|5
|
|t:|1759053338
|switch|p1a: Goodra|Goodra-Hisui, F|100/100
|move|p2a: Blastoise|Shell Smash|p2a: Blastoise
|-unboost|p2a: Blastoise|def|1
|-unboost|p2a: Blastoise|spd|1
|-boost|p2a: Blastoise|atk|2
|-boost|p2a: Blastoise|spa|2
|-boost|p2a: Blastoise|spe|2
|
|upkeep
|turn|6
|
|t:|1759053351
|move|p2a: Blastoise|Earthquake|p1a: Goodra
|-supereffective|p1a: Goodra
|-damage|p1a: Goodra|23/100
|move|p1a: Goodra|Dragon Tail|p2a: Blastoise
|-damage|p2a: Blastoise|38/100
|drag|p2a: Hydreigon|Hydreigon, M|100/100
|
|upkeep
|turn|7
|
|t:|1759053364
|switch|p1a: Incineroar|Incineroar, F|100/100
|-ability|p1a: Incineroar|Intimidate|boost
|-unboost|p2a: Hydreigon|atk|1
|move|p2a: Hydreigon|Earth Power|p1a: Incineroar
|-supereffective|p1a: Incineroar
|-damage|p1a: Incineroar|21/100
|
|upkeep
|turn|8
|
|t:|1759053371
|move|p1a: Incineroar|Fake Out|p2a: Hydreigon
|-damage|p2a: Hydreigon|85/100
|cant|p2a: Hydreigon|flinch
|
|upkeep
|turn|9
|
|t:|1759053379
|switch|p1a: Araquanid|Araquanid, M, tera:Ghost|60/100 par
|move|p2a: Hydreigon|Earth Power|p1a: Araquanid
|-damage|p1a: Araquanid|33/100 par
|
|upkeep
|turn|10
|
|t:|1759053394
|switch|p2a: Quagsire|Quagsire, F|100/100
|-activate|p2a: Quagsire|move: Sticky Web
|-unboost|p2a: Quagsire|spe|1
|move|p1a: Araquanid|Endeavor|p2a: Quagsire
|-damage|p2a: Quagsire|29/100
|
|-heal|p2a: Quagsire|35/100|[from] item: Leftovers
|upkeep
|turn|11
|
|t:|1759053409
|switch|p1a: Mamoswine|Mamoswine, M|100/100
|move|p2a: Quagsire|Amnesia|p2a: Quagsire
|-boost|p2a: Quagsire|spd|2
|
|-heal|p2a: Quagsire|41/100|[from] item: Leftovers
|upkeep
|turn|12
|
|t:|1759053419
|-terastallize|p2a: Quagsire|Steel
|move|p1a: Mamoswine|Stealth Rock|p2a: Quagsire
|-sidestart|p2: dinsil|move: Stealth Rock
|move|p2a: Quagsire|Recover|p2a: Quagsire
|-heal|p2a: Quagsire|91/100
|
|-heal|p2a: Quagsire|97/100|[from] item: Leftovers
|upkeep
|turn|13
|
|t:|1759053427
|move|p1a: Mamoswine|Earthquake|p2a: Quagsire
|-supereffective|p2a: Quagsire
|-damage|p2a: Quagsire|16/100
|move|p2a: Quagsire|Curse|p2a: Quagsire
|-unboost|p2a: Quagsire|spe|1
|-boost|p2a: Quagsire|atk|1
|-boost|p2a: Quagsire|def|1
|
|-heal|p2a: Quagsire|22/100|[from] item: Leftovers
|upkeep
|turn|14
|
|t:|1759053435
|move|p1a: Mamoswine|Earthquake|p2a: Quagsire
|-supereffective|p2a: Quagsire
|-damage|p2a: Quagsire|0 fnt
|faint|p2a: Quagsire
|
|upkeep
|
|t:|1759053439
|switch|p2a: Tsareena|Tsareena, F|100/100
|-activate|p2a: Tsareena|move: Sticky Web
|-unboost|p2a: Tsareena|spe|1
|-damage|p2a: Tsareena|88/100|[from] Stealth Rock
|turn|15
|
|t:|1759053446
|move|p1a: Mamoswine|Ice Shard||[still]
|cant|p2a: Tsareena|ability: Queenly Majesty|Ice Shard|[of] p1a: Mamoswine
|move|p2a: Tsareena|Rapid Spin|p1a: Mamoswine
|-damage|p1a: Mamoswine|81/100
|-boost|p2a: Tsareena|spe|1
|-sideend|p2: dinsil|Stealth Rock|[from] move: Rapid Spin|[of] p2a: Tsareena
|-sideend|p2: dinsil|Sticky Web|[from] move: Rapid Spin|[of] p2a: Tsareena
|
|upkeep
|turn|16
|
|t:|1759053454
|move|p1a: Mamoswine|Knock Off|p2a: Tsareena
|-crit|p2a: Tsareena
|-damage|p2a: Tsareena|25/100
|-enditem|p2a: Tsareena|Liechi Berry|[from] move: Knock Off|[of] p1a: Mamoswine
|move|p2a: Tsareena|Rapid Spin|p1a: Mamoswine
|-damage|p1a: Mamoswine|61/100
|-boost|p2a: Tsareena|spe|1
|
|upkeep
|turn|17
|
|t:|1759053466
|switch|p1a: Incineroar|Incineroar, F|21/100
|-ability|p1a: Incineroar|Intimidate|boost
|-unboost|p2a: Tsareena|atk|1
|move|p2a: Tsareena|Acrobatics|p1a: Incineroar
|-damage|p1a: Incineroar|0 fnt
|faint|p1a: Incineroar
|
|upkeep
|
|t:|1759053483
|switch|p1a: Araquanid|Araquanid, M, tera:Ghost|33/100 par
|turn|18
|
|t:|1759053488
|move|p2a: Tsareena|Acrobatics|p1a: Araquanid
|-damage|p1a: Araquanid|8/100 par
|cant|p1a: Araquanid|par
|
|upkeep
|turn|19
|
|t:|1759053493
|move|p2a: Tsareena|Acrobatics|p1a: Araquanid
|-damage|p1a: Araquanid|0 fnt
|faint|p1a: Araquanid
|
|upkeep
|
|t:|1759053497
|switch|p1a: Mamoswine|Mamoswine, M|61/100
|turn|20
|
|t:|1759053506
|move|p2a: Tsareena|Acrobatics|p1a: Mamoswine
|-damage|p1a: Mamoswine|33/100
|move|p1a: Mamoswine|Earthquake|p2a: Tsareena
|-resisted|p2a: Tsareena
|-damage|p2a: Tsareena|0 fnt
|faint|p2a: Tsareena
|
|upkeep
|
|t:|1759053519
|switch|p2a: Blastoise|Blastoise, M|38/100
|turn|21
|
|t:|1759053525
|move|p1a: Mamoswine|Stealth Rock|p2a: Blastoise
|-sidestart|p2: dinsil|move: Stealth Rock
|move|p2a: Blastoise|Surf|p1a: Mamoswine
|-supereffective|p1a: Mamoswine
|-damage|p1a: Mamoswine|0 fnt
|faint|p1a: Mamoswine
|
|upkeep
|
|t:|1759053529
|switch|p1a: Breloom|Breloom, F|100/100
|turn|22
|
|t:|1759053535
|move|p1a: Breloom|Close Combat|p2a: Blastoise
|-damage|p2a: Blastoise|0 fnt
|-unboost|p1a: Breloom|def|1
|-unboost|p1a: Breloom|spd|1
|faint|p2a: Blastoise
|
|upkeep
|
|t:|1759053557
|switch|p2a: Skarmory|Skarmory, M|100/100
|turn|23
|
|t:|1759053562
|move|p1a: Breloom|Close Combat|p2a: Skarmory
|-damage|p2a: Skarmory|21/100
|-unboost|p1a: Breloom|def|1
|-unboost|p1a: Breloom|spd|1
|move|p2a: Skarmory|Stealth Rock|p1a: Breloom
|-sidestart|p1: yizhixiekun|move: Stealth Rock
|
|upkeep
|turn|24
|
|t:|1759053572
|move|p1a: Breloom|Close Combat|p2a: Skarmory
|-damage|p2a: Skarmory|0 fnt
|-unboost|p1a: Breloom|def|1
|-unboost|p1a: Breloom|spd|1
|faint|p2a: Skarmory
|
|upkeep
|
|t:|1759053583
|switch|p2a: Hydreigon|Hydreigon, M|85/100
|-damage|p2a: Hydreigon|72/100|[from] Stealth Rock
|turn|25
|
|t:|1759053587
|switch|p1a: Goodra|Goodra-Hisui, F|23/100
|-damage|p1a: Goodra|17/100|[from] Stealth Rock
|move|p2a: Hydreigon|Flamethrower|p1a: Goodra
|-damage|p1a: Goodra|2/100
|
|upkeep
|turn|26
|
|t:|1759053597
|switch|p1a: Gengar|Gengar, F|100/100
|-damage|p1a: Gengar|88/100|[from] Stealth Rock
|-item|p1a: Gengar|Air Balloon
|move|p2a: Hydreigon|Flamethrower|p1a: Gengar
|-damage|p1a: Gengar|36/100
|-enditem|p1a: Gengar|Air Balloon
|
|upkeep
|turn|27
|
|t:|1759053606
|switch|p1a: Goodra|Goodra-Hisui, F|2/100
|-damage|p1a: Goodra|0 fnt|[from] Stealth Rock
|faint|p1a: Goodra
|move|p2a: Hydreigon|Flamethrower|p1: Goodra|[notarget]
|-fail|p2a: Hydreigon
|
|upkeep
|
|t:|1759053608
|switch|p1a: Gengar|Gengar, F|36/100
|-damage|p1a: Gengar|24/100|[from] Stealth Rock
|turn|28
|
|t:|1759053614
|move|p2a: Hydreigon|Flamethrower|p1a: Gengar
|-damage|p1a: Gengar|0 fnt
|-start|p2a: Hydreigon|Disable|Flamethrower|[from] ability: Cursed Body|[of] p1a: Gengar
|faint|p1a: Gengar
|
|upkeep
|
|t:|1759053620
|switch|p1a: Breloom|Breloom, F|100/100
|-damage|p1a: Breloom|94/100|[from] Stealth Rock
|turn|29
|
|t:|1759053623
|switch|p2a: Arbok|Arbok, F|50/100
|-damage|p2a: Arbok|38/100|[from] Stealth Rock
|-ability|p2a: Arbok|Intimidate|boost
|-unboost|p1a: Breloom|atk|1
|move|p1a: Breloom|Close Combat|p2a: Arbok
|-resisted|p2a: Arbok
|-damage|p2a: Arbok|3/100
|-unboost|p1a: Breloom|def|1
|-unboost|p1a: Breloom|spd|1
|
|-heal|p2a: Arbok|9/100|[from] item: Leftovers
|upkeep
|turn|30
|
|t:|1759053640
|move|p1a: Breloom|Close Combat|p2a: Arbok
|-resisted|p2a: Arbok
|-damage|p2a: Arbok|0 fnt
|-unboost|p1a: Breloom|def|1
|-unboost|p1a: Breloom|spd|1
|faint|p2a: Arbok
|
|upkeep
|
|t:|1759053646
|switch|p2a: Hydreigon|Hydreigon, M|72/100
|-damage|p2a: Hydreigon|60/100|[from] Stealth Rock
|turn|31
|
|t:|1759053651
|move|p2a: Hydreigon|Flamethrower|p1a: Breloom
|-supereffective|p1a: Breloom
|-damage|p1a: Breloom|0 fnt
|faint|p1a: Breloom
|
|win|dinsil
|raw|yizhixiekun's rating: 1220 &rarr; <strong>1195</strong><br />(-25 for losing)
|raw|dinsil's rating: 1216 &rarr; <strong>1241</strong><br />(+25 for winning)
|l|☆yizhixiekun
|player|p1|
