|j|☆xpp233
|j|☆WoopersLastStand
|t:|1759052365
|gametype|singles
|player|p1|xpp233|preschooler|1217
|player|p2|WoopersLastStand|parasollady|1257
|gen|9
|tier|[Gen 9] OU
|rated|
|rule|HP Percentage Mod: HP is shown in percentages
|rule|Endless Battle Clause: Forcing endless battles is banned
|rule|Species Clause: Limit one of each Pokémon
|rule|OHKO Clause: OHKO moves are banned
|rule|Evasion Items Clause: Evasion items are banned
|rule|Evasion Moves Clause: Evasion moves are banned
|rule|Evasion Abilities Clause: Evasion abilities are banned
|rule|Sleep Moves Clause: Sleep-inducing moves are banned
|clearpoke
|poke|p1|Rillaboom, F|
|poke|p1|Raging Bolt|
|poke|p1|Gholdengo|
|poke|p1|Kingambit, M|
|poke|p1|Rotom-Wash|
|poke|p1|Toxapex, F|
|poke|p2|Politoed, M|
|poke|p2|Iron Treads|
|poke|p2|Toxicroak, M|
|poke|p2|Zapdos|
|poke|p2|Hatterene, F|
|poke|p2|Barraskewda, M|
|teampreview
|
|t:|1759052381
|teamsize|p1|6
|teamsize|p2|6
|start
|switch|p1a: 水衣机|Rotom-Wash|100/100
|switch|p2a: Politoed|Politoed, M|100/100
|-weather|RainDance|[from] ability: Drizzle|[of] p2a: Politoed
|turn|1
|
|t:|1759052401
|switch|p2a: Hatterene|Hatterene, F|100/100
|move|p1a: 水衣机|Hydro Pump|p2a: Hatterene
|-damage|p2a: Hatterene|17/100
|-enditem|p2a: Hatterene|Eject Button
|
|t:|1759052428
|switch|p2a: Toxicroak|Toxicroak, M|100/100
|
|-weather|RainDance|[upkeep]
|upkeep
|turn|2
|
|t:|1759052445
|move|p1a: 水衣机|Thunder Wave|p2a: Toxicroak
|-status|p2a: Toxicroak|par
|move|p2a: Toxicroak|Toxic|p1a: 水衣机
|-status|p1a: 水衣机|tox
|
|-weather|RainDance|[upkeep]
|-damage|p1a: 水衣机|94/100 tox|[from] psn
|upkeep
|turn|3
|
|t:|1759052463
|move|p1a: 水衣机|Volt Switch|p2a: Toxicroak
|-damage|p2a: Toxicroak|58/100 par
|
|t:|1759052479
|switch|p1a: 长颈鹿|Raging Bolt|100/100|[from] Volt Switch
|-enditem|p1a: 长颈鹿|Booster Energy
|-activate|p1a: 长颈鹿|ability: Protosynthesis|[fromitem]
|-start|p1a: 长颈鹿|protosynthesisspa
|move|p2a: Toxicroak|Knock Off|p1a: 长颈鹿
|-damage|p1a: 长颈鹿|88/100
|
|-weather|RainDance|[upkeep]
|-heal|p2a: Toxicroak|70/100 par|[from] ability: Dry Skin
|upkeep
|turn|4
|
|t:|1759052501
|switch|p2a: Iron Treads|Iron Treads|100/100
|move|p1a: 长颈鹿|Draco Meteor|p2a: Iron Treads
|-resisted|p2a: Iron Treads
|-damage|p2a: Iron Treads|24/100
|-unboost|p1a: 长颈鹿|spa|2
|
|-weather|RainDance|[upkeep]
|upkeep
|turn|5
|
|t:|1759052530
|-end|p1a: 长颈鹿|Protosynthesis|[silent]
|switch|p1a: 卡普•猩猩|Rillaboom, F|100/100
|-fieldstart|move: Grassy Terrain|[from] ability: Grassy Surge|[of] p1a: 卡普•猩猩
|move|p2a: Iron Treads|Earthquake|p1a: 卡普•猩猩
|-resisted|p1a: 卡普•猩猩
|-damage|p1a: 卡普•猩猩|87/100
|
|-weather|RainDance|[upkeep]
|-heal|p2a: Iron Treads|30/100|[from] Grassy Terrain
|-heal|p1a: 卡普•猩猩|93/100|[from] Grassy Terrain
|upkeep
|turn|6
|
|t:|1759052545
|-end|p2a: Iron Treads|Quark Drive|[silent]
|switch|p2a: Toxicroak|Toxicroak, M|70/100 par
|move|p1a: 卡普•猩猩|Knock Off|p2a: Toxicroak
|-resisted|p2a: Toxicroak
|-damage|p2a: Toxicroak|53/100 par
|-damage|p1a: 卡普•猩猩|77/100|[from] item: Rocky Helmet|[of] p2a: Toxicroak
|-enditem|p2a: Toxicroak|Rocky Helmet|[from] move: Knock Off|[of] p1a: 卡普•猩猩
|
|-weather|RainDance|[upkeep]
|-heal|p2a: Toxicroak|66/100 par|[from] ability: Dry Skin
|-heal|p1a: 卡普•猩猩|83/100|[from] Grassy Terrain
|-heal|p2a: Toxicroak|72/100 par|[from] Grassy Terrain
|upkeep
|turn|7
|
|t:|1759052565
|switch|p1a: 赛哥们|Gholdengo|100/100
|cant|p2a: Toxicroak|par
|
|-weather|RainDance|[upkeep]
|-heal|p2a: Toxicroak|85/100 par|[from] ability: Dry Skin
|-heal|p2a: Toxicroak|91/100 par|[from] Grassy Terrain
|upkeep
|turn|8
|
|t:|1759052581
|move|p1a: 赛哥们|Shadow Ball|p2a: Toxicroak
|-damage|p2a: Toxicroak|20/100 par
|cant|p2a: Toxicroak|par
|
|-weather|none
|-heal|p2a: Toxicroak|26/100 par|[from] Grassy Terrain
|upkeep
|turn|9
|
|t:|1759052590
|move|p1a: 赛哥们|Shadow Ball|p2a: Toxicroak
|-damage|p2a: Toxicroak|0 fnt
|faint|p2a: Toxicroak
|
|-fieldend|move: Grassy Terrain
|upkeep
|
|t:|1759052595
|switch|p2a: Politoed|Politoed, M|100/100
|-weather|RainDance|[from] ability: Drizzle|[of] p2a: Politoed
|turn|10
|
|t:|1759052599
|move|p1a: 赛哥们|Shadow Ball|p2a: Politoed
|-damage|p2a: Politoed|36/100
|move|p2a: Politoed|Weather Ball|p1a: 赛哥们
|-damage|p1a: 赛哥们|21/100
|
|-weather|RainDance|[upkeep]
|upkeep
|turn|11
|
|t:|1759052613
|switch|p2a: Zapdos|Zapdos|100/100
|move|p1a: 赛哥们|Shadow Ball|p2a: Zapdos
|-damage|p2a: Zapdos|21/100
|
|-weather|RainDance|[upkeep]
|upkeep
|turn|12
|
|t:|1759052619
|move|p2a: Zapdos|Volt Switch|p1a: 赛哥们
|-damage|p1a: 赛哥们|0 fnt
|faint|p1a: 赛哥们
|
|t:|1759052625
|switch|p2a: Barraskewda|Barraskewda, M|100/100|[from] Volt Switch
|
|-weather|RainDance|[upkeep]
|upkeep
|
|t:|1759052629
|switch|p1a: 派大星|Toxapex, F|100/100
|turn|13
|
|t:|1759052635
|switch|p2a: Iron Treads|Iron Treads|30/100
|move|p1a: 派大星|Toxic|p2a: Iron Treads
|-immune|p2a: Iron Treads
|
|-weather|RainDance|[upkeep]
|upkeep
|turn|14
|
|t:|1759052645
|switch|p1a: 卡普•猩猩|Rillaboom, F|83/100
|-fieldstart|move: Grassy Terrain|[from] ability: Grassy Surge|[of] p1a: 卡普•猩猩
|move|p2a: Iron Treads|Iron Head|p1a: 卡普•猩猩
|-damage|p1a: 卡普•猩猩|38/100
|
|-weather|RainDance|[upkeep]
|-heal|p2a: Iron Treads|36/100|[from] Grassy Terrain
|-heal|p1a: 卡普•猩猩|44/100|[from] Grassy Terrain
|upkeep
|turn|15
|
|t:|1759052660
|move|p1a: 卡普•猩猩|Grassy Glide|p2a: Iron Treads
|-damage|p2a: Iron Treads|0 fnt
|faint|p2a: Iron Treads
|-end|p2a: Iron Treads|Quark Drive|[silent]
|
|-weather|RainDance|[upkeep]
|-heal|p1a: 卡普•猩猩|50/100|[from] Grassy Terrain
|upkeep
|
|t:|1759052669
|switch|p2a: Zapdos|Zapdos|21/100
|turn|16
|
|t:|1759052677
|move|p1a: 卡普•猩猩|Grassy Glide|p2a: Zapdos
|-resisted|p2a: Zapdos
|-damage|p2a: Zapdos|0 fnt
|-status|p1a: 卡普•猩猩|par|[from] ability: Static|[of] p2a: Zapdos
|faint|p2a: Zapdos
|
|-weather|RainDance|[upkeep]
|-heal|p1a: 卡普•猩猩|56/100 par|[from] Grassy Terrain
|upkeep
|
|t:|1759052686
|switch|p2a: Hatterene|Hatterene, F|17/100
|turn|17
|
|t:|1759052695
|-terastallize|p2a: Hatterene|Grass
|cant|p1a: 卡普•猩猩|par
|move|p2a: Hatterene|Draining Kiss|p1a: 卡普•猩猩
|-damage|p1a: 卡普•猩猩|35/100 par
|-heal|p2a: Hatterene|34/100|[from] drain|[of] p1a: 卡普•猩猩
|
|-weather|none
|-heal|p1a: 卡普•猩猩|41/100 par|[from] Grassy Terrain
|-heal|p2a: Hatterene|40/100|[from] Grassy Terrain
|upkeep
|turn|18
|
|t:|1759052709
|move|p1a: 卡普•猩猩|Knock Off|p2a: Hatterene
|-damage|p2a: Hatterene|13/100
|move|p2a: Hatterene|Draining Kiss|p1a: 卡普•猩猩
|-damage|p1a: 卡普•猩猩|21/100 par
|-heal|p2a: Hatterene|30/100|[from] drain|[of] p1a: 卡普•猩猩
|
|-heal|p1a: 卡普•猩猩|27/100 par|[from] Grassy Terrain
|-heal|p2a: Hatterene|36/100|[from] Grassy Terrain
|-fieldend|move: Grassy Terrain
|upkeep
|turn|19
|l|☆xpp233
|player|p1|
|inactive|Battle timer is ON: inactive players will automatically lose when time's up. (requested by WoopersLastStand)
|inactive|xpp233 has 30 seconds to reconnect!
|inactive|xpp233 has 20 seconds to reconnect!
|inactive|xpp233 has 15 seconds to reconnect!
|inactive|xpp233 has 10 seconds to reconnect!
|inactive|xpp233 has 5 seconds to reconnect!
|-message|xpp233 lost due to inactivity.
|
|win|WoopersLastStand
|raw|xpp233's rating: 1217 &rarr; <strong>1195</strong><br />(-22 for losing)
|raw|WoopersLastStand's rating: 1257 &rarr; <strong>1279</strong><br />(+22 for winning)
|l|☆WoopersLastStand
|player|p2|
