|j|☆DragonLordEXMaster
|j|☆knock the pex
|t:|1759024524
|gametype|singles
|player|p1|DragonLordEXMaster|liko|1597
|player|p2|knock the pex|swimmer|1683
|gen|9
|tier|[Gen 9] OU
|rated|
|rule|HP Percentage Mod: HP is shown in percentages
|rule|Endless Battle Clause: Forcing endless battles is banned
|rule|Species Clause: Limit one of each Pokémon
|rule|OHKO Clause: OHKO moves are banned
|rule|Evasion Items Clause: Evasion items are banned
|rule|Evasion Moves Clause: Evasion moves are banned
|rule|Evasion Abilities Clause: Evasion abilities are banned
|rule|Sleep Moves Clause: Sleep-inducing moves are banned
|clearpoke
|poke|p1|Cloyster, F|
|poke|p1|Ninetales-Alola, F|
|poke|p1|Ogerpon-Wellspring, F|
|poke|p1|Polteageist|
|poke|p1|Dragonite, M|
|poke|p1|Iron Treads|
|poke|p2|Ninetales-Alola, M|
|poke|p2|Dondozo, F|
|poke|p2|Iron Treads|
|poke|p2|Kyurem|
|poke|p2|Comfey, F|
|poke|p2|Polteageist|
|teampreview
|inactive|Battle timer is ON: inactive players will automatically lose when time's up. (requested by DragonLordEXMaster)
|
|t:|1759024535
|teamsize|p1|6
|teamsize|p2|6
|start
|switch|p1a: Iron Treads|Iron Treads|100/100
|switch|p2a: Ninetales|Ninetales-Alola, M|100/100
|-weather|Snowscape|[from] ability: Snow Warning|[of] p2a: Ninetales
|-enditem|p1a: Iron Treads|Booster Energy
|-activate|p1a: Iron Treads|ability: Quark Drive|[fromitem]
|-start|p1a: Iron Treads|quarkdrivespe
|turn|1
|
|t:|1759024540
|move|p1a: Iron Treads|Stealth Rock|p2a: Ninetales
|-sidestart|p2: knock the pex|move: Stealth Rock
|move|p2a: Ninetales|Aurora Veil|p2a: Ninetales
|-sidestart|p2: knock the pex|move: Aurora Veil
|
|-weather|Snowscape|[upkeep]
|upkeep
|turn|2
|
|t:|1759024542
|switch|p2a: Iron Treads|Iron Treads|100/100
|-damage|p2a: Iron Treads|97/100|[from] Stealth Rock
|-enditem|p2a: Iron Treads|Booster Energy
|-activate|p2a: Iron Treads|ability: Quark Drive|[fromitem]
|-start|p2a: Iron Treads|quarkdrivespe
|move|p1a: Iron Treads|Steel Beam|p2a: Iron Treads
|-resisted|p2a: Iron Treads
|-damage|p2a: Iron Treads|81/100
|-damage|p1a: Iron Treads|50/100|[from] steelbeam
|
|-weather|Snowscape|[upkeep]
|upkeep
|turn|3
|
|t:|1759024550
|move|p1a: Iron Treads|Earth Power|p2a: Iron Treads
|-supereffective|p2a: Iron Treads
|-damage|p2a: Iron Treads|38/100
|move|p2a: Iron Treads|Earth Power|p1a: Iron Treads
|-supereffective|p1a: Iron Treads
|-damage|p1a: Iron Treads|0 fnt
|faint|p1a: Iron Treads
|-end|p1a: Iron Treads|Quark Drive|[silent]
|
|-weather|Snowscape|[upkeep]
|upkeep
|
|t:|1759024561
|switch|p1a: Polteageist|Polteageist, shiny|100/100
|turn|4
|
|t:|1759024569
|move|p2a: Iron Treads|Earth Power|p1a: Polteageist
|-damage|p1a: Polteageist|60/100
|move|p1a: Polteageist|Shell Smash|p1a: Polteageist
|-unboost|p1a: Polteageist|def|1
|-unboost|p1a: Polteageist|spd|1
|-boost|p1a: Polteageist|atk|2
|-boost|p1a: Polteageist|spa|2
|-boost|p1a: Polteageist|spe|2
|
|-weather|Snowscape|[upkeep]
|upkeep
|turn|5
|
|t:|1759024584
|move|p2a: Iron Treads|Steel Beam|p1a: Polteageist
|-damage|p1a: Polteageist|0 fnt
|-damage|p2a: Iron Treads|0 fnt|[from] steelbeam
|faint|p2a: Iron Treads
|-end|p2a: Iron Treads|Quark Drive|[silent]
|faint|p1a: Polteageist
|
|-weather|none
|upkeep
|
|t:|1759024607
|switch|p2a: Kyurem|Kyurem|100/100
|switch|p1a: Ninetales|Ninetales-Alola, F, shiny|100/100
|-weather|Snowscape|[from] ability: Snow Warning|[of] p1a: Ninetales
|-damage|p2a: Kyurem|76/100|[from] Stealth Rock
|-ability|p2a: Kyurem|Pressure
|turn|6
|
|t:|1759024612
|move|p1a: Ninetales|Aurora Veil|p1a: Ninetales
|-sidestart|p1: DragonLordEXMaster|move: Aurora Veil
|move|p2a: Kyurem|Dragon Dance|p2a: Kyurem
|-boost|p2a: Kyurem|atk|1
|-boost|p2a: Kyurem|spe|1
|
|-weather|Snowscape|[upkeep]
|upkeep
|turn|7
|
|t:|1759024627
|move|p2a: Kyurem|Icicle Spear|p1a: Ninetales
|-resisted|p1a: Ninetales
|-damage|p1a: Ninetales|96/100
|-resisted|p1a: Ninetales
|-damage|p1a: Ninetales|92/100
|-hitcount|p1a: Ninetales|2
|move|p1a: Ninetales|Encore|p2a: Kyurem
|-start|p2a: Kyurem|Encore
|
|-weather|Snowscape|[upkeep]
|upkeep
|turn|8
|
|t:|1759024635
|move|p2a: Kyurem|Icicle Spear|p1a: Ninetales
|-resisted|p1a: Ninetales
|-damage|p1a: Ninetales|87/100
|-resisted|p1a: Ninetales
|-damage|p1a: Ninetales|82/100
|-resisted|p1a: Ninetales
|-damage|p1a: Ninetales|78/100
|-resisted|p1a: Ninetales
|-damage|p1a: Ninetales|73/100
|-hitcount|p1a: Ninetales|4
|move|p1a: Ninetales|Moonblast|p2a: Kyurem
|-supereffective|p2a: Kyurem
|-damage|p2a: Kyurem|50/100
|
|-weather|Snowscape|[upkeep]
|-sideend|p2: knock the pex|move: Aurora Veil
|upkeep
|turn|9
|
|t:|1759024653
|move|p2a: Kyurem|Icicle Spear|p1a: Ninetales
|-resisted|p1a: Ninetales
|-damage|p1a: Ninetales|69/100
|-resisted|p1a: Ninetales
|-damage|p1a: Ninetales|64/100
|-hitcount|p1a: Ninetales|2
|move|p1a: Ninetales|Moonblast|p2a: Kyurem
|-supereffective|p2a: Kyurem
|-crit|p2a: Kyurem
|-damage|p2a: Kyurem|0 fnt
|faint|p2a: Kyurem
|
|-weather|Snowscape|[upkeep]
|upkeep
|
|t:|1759024665
|switch|p2a: Polteageist|Polteageist|100/100
|-damage|p2a: Polteageist|88/100|[from] Stealth Rock
|turn|10
|
|t:|1759024693
|switch|p1a: Ogerpon|Ogerpon-Wellspring, F|100/100
|move|p2a: Polteageist|Shell Smash|p2a: Polteageist
|-unboost|p2a: Polteageist|def|1
|-unboost|p2a: Polteageist|spd|1
|-boost|p2a: Polteageist|atk|2
|-boost|p2a: Polteageist|spa|2
|-boost|p2a: Polteageist|spe|2
|-enditem|p2a: Polteageist|White Herb
|-clearnegativeboost|p2a: Polteageist|[silent]
|
|-weather|none
|upkeep
|turn|11
|
|t:|1759024699
|-terastallize|p1a: Ogerpon|Water
|detailschange|p1a: Ogerpon|Ogerpon-Wellspring-Tera, F, tera:Water
|-ability|p1a: Ogerpon|Embody Aspect (Wellspring)|boost
|-boost|p1a: Ogerpon|spd|1
|move|p2a: Polteageist|Strength Sap|p1a: Ogerpon
|-unboost|p1a: Ogerpon|atk|1
|-heal|p2a: Polteageist|100/100
|move|p1a: Ogerpon|Ivy Cudgel|p2a: Polteageist|[anim] Ivy Cudgel Water
|-damage|p2a: Polteageist|37/100
|
|upkeep
|turn|12
|
|t:|1759024708
|move|p2a: Polteageist|Strength Sap|p1a: Ogerpon
|-unboost|p1a: Ogerpon|atk|1
|-heal|p2a: Polteageist|100/100
|move|p1a: Ogerpon|Ivy Cudgel|p2a: Polteageist|[anim] Ivy Cudgel Water
|-damage|p2a: Polteageist|56/100
|-start|p1a: Ogerpon|Disable|Ivy Cudgel|[from] ability: Cursed Body|[of] p2a: Polteageist
|
|upkeep
|turn|13
|
|t:|1759024714
|switch|p1a: Ninetales|Ninetales-Alola, F, shiny|64/100
|-weather|Snowscape|[from] ability: Snow Warning|[of] p1a: Ninetales
|move|p2a: Polteageist|Strength Sap|p1a: Ninetales
|-unboost|p1a: Ninetales|atk|1
|-heal|p2a: Polteageist|95/100
|
|-weather|Snowscape|[upkeep]
|-sideend|p1: DragonLordEXMaster|move: Aurora Veil
|upkeep
|turn|14
|
|t:|1759024717
|move|p2a: Polteageist|Shadow Ball|p1a: Ninetales
|-damage|p1a: Ninetales|0 fnt
|faint|p1a: Ninetales
|
|-weather|Snowscape|[upkeep]
|upkeep
|
|t:|1759024719
|switch|p1a: Dragonite|Dragonite, M|100/100
|turn|15
|
|t:|1759024722
|move|p2a: Polteageist|Shadow Ball|p1a: Dragonite
|-damage|p1a: Dragonite|65/100
|-unboost|p1a: Dragonite|spd|1
|move|p1a: Dragonite|Ice Spinner|p2a: Polteageist
|-damage|p2a: Polteageist|59/100
|-start|p1a: Dragonite|Disable|Ice Spinner|[from] ability: Cursed Body|[of] p2a: Polteageist
|
|-weather|Snowscape|[upkeep]
|upkeep
|turn|16
|-message|DragonLordEXMaster forfeited.
|
|win|knock the pex
|raw|DragonLordEXMaster's rating: 1597 &rarr; <strong>1582</strong><br />(-15 for losing)
|raw|knock the pex's rating: 1683 &rarr; <strong>1698</strong><br />(+15 for winning)
|l|☆DragonLordEXMaster
|player|p1|
