|j|☆rekcuskco
|j|☆azaradim
|t:|1758921750
|gametype|singles
|player|p1|rekcuskco|lucian|1176
|player|p2|azaradim|steven|1236
|gen|9
|tier|[Gen 9] OU
|rated|
|rule|HP Percentage Mod: HP is shown in percentages
|rule|Endless Battle Clause: Forcing endless battles is banned
|rule|Species Clause: Limit one of each Pokémon
|rule|OHKO Clause: OHKO moves are banned
|rule|Evasion Items Clause: Evasion items are banned
|rule|Evasion Moves Clause: Evasion moves are banned
|rule|Evasion Abilities Clause: Evasion abilities are banned
|rule|Sleep Moves Clause: Sleep-inducing moves are banned
|clearpoke
|poke|p1|Skeledirge, F|
|poke|p1|Hydreigon, F|
|poke|p1|Magcargo, F|
|poke|p1|Torkoal, F|
|poke|p1|Lilligant-Hisui, F|
|poke|p1|Great Tusk|
|poke|p2|Dragapult, F|
|poke|p2|Excadrill, F|
|poke|p2|Gengar, F|
|poke|p2|Corviknight, M|
|poke|p2|Clefable, F|
|poke|p2|Chesnaught, M|
|teampreview
|inactive|Battle timer is ON: inactive players will automatically lose when time's up. (requested by rekcuskco)
|
|t:|1758921759
|teamsize|p1|6
|teamsize|p2|6
|start
|switch|p1a: Magcargo|Magcargo, F|100/100
|switch|p2a: Gengar|Gengar, F|100/100
|turn|1
|
|t:|1758921763
|move|p2a: Gengar|Shadow Ball|p1a: Magcargo
|-damage|p1a: Magcargo|51/100
|-damage|p2a: Gengar|91/100|[from] item: Life Orb
|move|p1a: Magcargo|Lava Plume|p2a: Gengar
|-damage|p2a: Gengar|51/100
|-status|p2a: Gengar|brn
|
|-heal|p1a: Magcargo|57/100|[from] item: Leftovers
|-damage|p2a: Gengar|45/100 brn|[from] brn
|upkeep
|turn|2
|
|t:|1758921773
|move|p2a: Gengar|Shadow Ball|p1a: Magcargo
|-damage|p1a: Magcargo|7/100
|-damage|p2a: Gengar|35/100 brn|[from] item: Life Orb
|move|p1a: Magcargo|Recover|p1a: Magcargo
|-heal|p1a: Magcargo|57/100
|
|-heal|p1a: Magcargo|63/100|[from] item: Leftovers
|-damage|p2a: Gengar|29/100 brn|[from] brn
|upkeep
|turn|3
|
|t:|1758921784
|move|p2a: Gengar|Shadow Ball|p1a: Magcargo
|-damage|p1a: Magcargo|11/100
|-damage|p2a: Gengar|19/100 brn|[from] item: Life Orb
|move|p1a: Magcargo|Stealth Rock|p2a: Gengar
|-sidestart|p2: azaradim|move: Stealth Rock
|
|-heal|p1a: Magcargo|18/100|[from] item: Leftovers
|-damage|p2a: Gengar|13/100 brn|[from] brn
|upkeep
|turn|4
|
|t:|1758921798
|move|p2a: Gengar|Sludge Bomb|p1a: Magcargo
|-resisted|p1a: Magcargo
|-damage|p1a: Magcargo|0 fnt
|faint|p1a: Magcargo
|-damage|p2a: Gengar|3/100 brn|[from] item: Life Orb
|
|-damage|p2a: Gengar|0 fnt|[from] brn
|faint|p2a: Gengar
|upkeep
|
|t:|1758921807
|switch|p2a: Corviknight|Corviknight, M|100/100
|switch|p1a: Torkoal|Torkoal, F|100/100
|-damage|p2a: Corviknight|88/100|[from] Stealth Rock
|-ability|p2a: Corviknight|Pressure
|-weather|SunnyDay|[from] ability: Drought|[of] p1a: Torkoal
|turn|5
|
|t:|1758921820
|move|p2a: Corviknight|Defog|p1a: Torkoal
|-unboost|p1a: Torkoal|evasion|1
|-sideend|p2: azaradim|Stealth Rock|[from] move: Defog|[of] p2a: Corviknight
|move|p1a: Torkoal|Lava Plume|p2a: Corviknight
|-supereffective|p2a: Corviknight
|-damage|p2a: Corviknight|13/100
|-status|p2a: Corviknight|brn
|
|-weather|SunnyDay|[upkeep]
|-damage|p2a: Corviknight|7/100 brn|[from] brn
|upkeep
|turn|6
|
|t:|1758921830
|move|p2a: Corviknight|U-turn|p1a: Torkoal
|-resisted|p1a: Torkoal
|-damage|p1a: Torkoal|99/100
|
|t:|1758921850
|switch|p2a: Dragapult|Dragapult, F|100/100|[from] U-turn
|move|p1a: Torkoal|Ancient Power|p2a: Dragapult
|-damage|p2a: Dragapult|83/100
|
|-weather|SunnyDay|[upkeep]
|upkeep
|turn|7
|
|t:|1758921867
|switch|p1a: Lilligant|Lilligant-Hisui, F|100/100
|move|p2a: Dragapult|Dragon Darts|p1a: Lilligant
|-damage|p1a: Lilligant|65/100
|-anim|p2a: Dragapult|Dragon Darts|p1a: Lilligant
|-damage|p1a: Lilligant|29/100
|
|-weather|SunnyDay|[upkeep]
|upkeep
|turn|8
|
|t:|1758921878
|move|p1a: Lilligant|Triple Axel|p2a: Dragapult
|-supereffective|p2a: Dragapult
|-damage|p2a: Dragapult|59/100
|-hitcount|p2a: Dragapult|1
|-damage|p1a: Lilligant|19/100|[from] item: Life Orb
|move|p2a: Dragapult|Dragon Darts|p1a: Lilligant
|-damage|p1a: Lilligant|0 fnt
|faint|p1a: Lilligant
|
|-weather|SunnyDay|[upkeep]
|upkeep
|
|t:|1758921889
|switch|p1a: Great Tusk|Great Tusk|100/100
|-activate|p1a: Great Tusk|ability: Protosynthesis
|-start|p1a: Great Tusk|protosynthesisatk
|turn|9
|
|t:|1758921896
|move|p2a: Dragapult|Will-O-Wisp|p1a: Great Tusk|[miss]
|-miss|p2a: Dragapult|p1a: Great Tusk
|move|p1a: Great Tusk|Ice Spinner|p2a: Dragapult
|-supereffective|p2a: Dragapult
|-damage|p2a: Dragapult|0 fnt
|faint|p2a: Dragapult
|
|-weather|SunnyDay|[upkeep]
|upkeep
|
|t:|1758921900
|switch|p2a: Chesnaught|Chesnaught, M, shiny|100/100
|turn|10
|l|☆rekcuskco
|inactive|rekcuskco disconnected and has a minute to reconnect!
|player|p1|
|j|☆rekcuskco
|inactive|rekcuskco reconnected and has 130 seconds left.
|player|p1|rekcuskco|lucian|
|
|t:|1758921928
|move|p1a: Great Tusk|Ice Spinner|p2a: Chesnaught
|-supereffective|p2a: Chesnaught
|-damage|p2a: Chesnaught|46/100
|-damage|p1a: Great Tusk|84/100|[from] item: Rocky Helmet|[of] p2a: Chesnaught
|move|p2a: Chesnaught|Leech Seed|p1a: Great Tusk
|-start|p1a: Great Tusk|move: Leech Seed
|
|-weather|SunnyDay|[upkeep]
|-heal|p1a: Great Tusk|90/100|[from] item: Leftovers
|-damage|p1a: Great Tusk|78/100|[from] Leech Seed|[of] p2a: Chesnaught
|-heal|p2a: Chesnaught|58/100|[silent]
|upkeep
|turn|11
|inactive|azaradim has 120 seconds left.
|inactive|azaradim has 90 seconds left.
|inactive|azaradim has 60 seconds left.
|inactive|azaradim has 30 seconds left.
|inactive|azaradim has 20 seconds left.
|inactive|azaradim has 15 seconds left.
|inactive|azaradim has 10 seconds left.
|inactive|azaradim has 5 seconds left.
|-message|azaradim lost due to inactivity.
|
|win|rekcuskco
|raw|rekcuskco's rating: 1176 &rarr; <strong>1205</strong><br />(+29 for winning)
|raw|azaradim's rating: 1236 &rarr; <strong>1207</strong><br />(-29 for losing)
|l|☆rekcuskco
|player|p1|
