|j|☆Crocodile E
|j|☆UchihaSusgay
|t:|1758942741
|gametype|singles
|player|p1|Crocodile E|depotagent|1502
|player|p2|UchihaSusgay|roxie|1454
|gen|9
|tier|[Gen 9] OU
|rated|
|rule|HP Percentage Mod: HP is shown in percentages
|rule|Endless Battle Clause: Forcing endless battles is banned
|rule|Species Clause: Limit one of each Pokémon
|rule|OHKO Clause: OHKO moves are banned
|rule|Evasion Items Clause: Evasion items are banned
|rule|Evasion Moves Clause: Evasion moves are banned
|rule|Evasion Abilities Clause: Evasion abilities are banned
|rule|Sleep Moves Clause: Sleep-inducing moves are banned
|clearpoke
|poke|p1|Darkrai|
|poke|p1|Glimmora, F|
|poke|p1|Dragapult, F|
|poke|p1|Gholdengo|
|poke|p1|Iron Boulder|
|poke|p1|Ogerpon-Wellspring, F|
|poke|p2|Flygon, M|
|poke|p2|Alomomola, M|
|poke|p2|Weezing-Galar, M|
|poke|p2|Rotom-Heat|
|poke|p2|Enamorus, F|
|poke|p2|Kingambit, M|
|teampreview
|
|t:|1758942757
|teamsize|p1|6
|teamsize|p2|6
|start
|switch|p1a: Ogerpon|Ogerpon-Wellspring, F|100/100
|switch|p2a: Flygon|Flygon, M|100/100
|turn|1
|
|t:|1758942765
|move|p2a: Flygon|First Impression|p1a: Ogerpon
|-supereffective|p1a: Ogerpon
|-damage|p1a: Ogerpon|0 fnt
|faint|p1a: Ogerpon
|
|upkeep
|
|t:|1758942771
|switch|p1a: Dragapult|Dragapult, F|100/100
|turn|2
|
|t:|1758942777
|switch|p2a: Weezing|Weezing-Galar, M|100/100
|-ability|p2a: Weezing|Neutralizing Gas
|move|p1a: Dragapult|Dragon Dance|p1a: Dragapult
|-boost|p1a: Dragapult|atk|1
|-boost|p1a: Dragapult|spe|1
|
|upkeep
|turn|3
|
|t:|1758942780
|move|p1a: Dragapult|Phantom Force||[still]
|-prepare|p1a: Dragapult|Phantom Force
|-enditem|p1a: Dragapult|Power Herb
|-anim|p1a: Dragapult|Phantom Force|p2a: Weezing
|-damage|p2a: Weezing|48/100
|move|p2a: Weezing|Will-O-Wisp|p1a: Dragapult
|-status|p1a: Dragapult|brn
|
|-damage|p1a: Dragapult|95/100 brn|[from] brn
|upkeep
|turn|4
|
|t:|1758942785
|move|p1a: Dragapult|Dragon Dance|p1a: Dragapult
|-boost|p1a: Dragapult|atk|1
|-boost|p1a: Dragapult|spe|1
|move|p2a: Weezing|Strange Steam|p1a: Dragapult
|-supereffective|p1a: Dragapult
|-damage|p1a: Dragapult|9/100 brn
|-start|p1a: Dragapult|confusion
|
|-damage|p1a: Dragapult|3/100 brn|[from] brn
|upkeep
|turn|5
|
|t:|1758942794
|-activate|p1a: Dragapult|confusion
|move|p1a: Dragapult|Phantom Force||[still]
|-prepare|p1a: Dragapult|Phantom Force
|move|p2a: Weezing|Sludge Bomb|p1a: Dragapult|[miss]
|-miss|p2a: Weezing|p1a: Dragapult
|
|-damage|p1a: Dragapult|0 fnt|[from] brn
|faint|p1a: Dragapult
|upkeep
|inactive|Battle timer is ON: inactive players will automatically lose when time's up. (requested by Crocodile E)
|
|t:|1758942798
|switch|p1a: Darkrai|Darkrai|100/100
|turn|6
|
|t:|1758942809
|-end|p2a: Weezing|ability: Neutralizing Gas
|switch|p2a: Flygon|Flygon, M|100/100
|move|p1a: Darkrai|Sludge Bomb|p2a: Flygon
|-resisted|p2a: Flygon
|-damage|p2a: Flygon|77/100
|-status|p2a: Flygon|psn
|
|-damage|p2a: Flygon|65/100 psn|[from] psn
|upkeep
|turn|7
|
|t:|1758942814
|-terastallize|p1a: Darkrai|Poison
|move|p1a: Darkrai|Ice Beam|p2a: Flygon
|-supereffective|p2a: Flygon
|-damage|p2a: Flygon|0 fnt
|faint|p2a: Flygon
|
|upkeep
|
|t:|1758942828
|switch|p2a: Rotom|Rotom-Heat|100/100
|turn|8
|
|t:|1758942844
|move|p1a: Darkrai|Dark Pulse|p2a: Rotom
|-damage|p2a: Rotom|54/100
|move|p2a: Rotom|Volt Switch|p1a: Darkrai
|-damage|p1a: Darkrai|28/100
|
|t:|1758942850
|switch|p2a: Enamorus|Enamorus, F|100/100|[from] Volt Switch
|
|upkeep
|turn|9
|
|t:|1758942858
|move|p2a: Enamorus|Earth Power|p1a: Darkrai
|-supereffective|p1a: Darkrai
|-damage|p1a: Darkrai|0 fnt
|faint|p1a: Darkrai
|
|upkeep
|inactive|Crocodile E has 120 seconds left.
|inactive|Crocodile E has 90 seconds left.
|l|☆UchihaSusgay
|inactive|UchihaSusgay disconnected and has a minute to reconnect!
|player|p2|
|
|t:|1758942921
|switch|p1a: Glimmora|Glimmora, F|100/100
|turn|10
|j|☆UchihaSusgay
|inactive|UchihaSusgay reconnected and has 150 seconds left.
|player|p2|UchihaSusgay|roxie|
|
|t:|1758942927
|switch|p1a: Gholdengo|Gholdengo|100/100
|-item|p1a: Gholdengo|Air Balloon
|-terastallize|p2a: Enamorus|Steel
|move|p2a: Enamorus|Earth Power|p1a: Gholdengo
|-immune|p1a: Gholdengo
|
|upkeep
|turn|11
|inactive|Crocodile E has 90 seconds left.
|
|t:|1758942952
|switch|p2a: Alomomola|Alomomola, M|100/100
|move|p1a: Gholdengo|Nasty Plot|p1a: Gholdengo
|-boost|p1a: Gholdengo|spa|2
|
|upkeep
|turn|12
|inactive|Crocodile E has 90 seconds left.
|inactive|Crocodile E has 60 seconds left.
|
|t:|1758942999
|move|p1a: Gholdengo|Shadow Ball|p2a: Alomomola
|-damage|p2a: Alomomola|28/100
|move|p2a: Alomomola|Flip Turn|p1a: Gholdengo
|-damage|p1a: Gholdengo|81/100
|-enditem|p1a: Gholdengo|Air Balloon
|
|t:|1758943009
|switch|p2a: Kingambit|Kingambit, M|100/100|[from] Flip Turn
|-activate|p2a: Kingambit|ability: Supreme Overlord
|-start|p2a: Kingambit|fallen1|[silent]
|
|upkeep
|turn|13
|inactive|Crocodile E has 60 seconds left.
|
|t:|1758943026
|switch|p1a: Glimmora|Glimmora, F|100/100
|move|p2a: Kingambit|Sucker Punch||[still]
|-fail|p2a: Kingambit
|
|upkeep
|turn|14
|
|t:|1758943044
|-end|p2a: Kingambit|fallen1|[silent]
|switch|p2a: Rotom|Rotom-Heat|54/100
|move|p1a: Glimmora|Stealth Rock|p2a: Rotom
|-sidestart|p2: UchihaSusgay|move: Stealth Rock
|
|upkeep
|turn|15
|
|t:|1758943047
|move|p1a: Glimmora|Power Gem|p2a: Rotom
|-supereffective|p2a: Rotom
|-damage|p2a: Rotom|0 fnt
|faint|p2a: Rotom
|
|upkeep
|
|t:|1758943054
|switch|p2a: Weezing|Weezing-Galar, M|48/100
|-ability|p2a: Weezing|Neutralizing Gas
|turn|16
|inactive|Crocodile E has 60 seconds left.
|
|t:|1758943083
|move|p1a: Glimmora|Earth Power|p2a: Weezing
|-supereffective|p2a: Weezing
|-damage|p2a: Weezing|0 fnt
|faint|p2a: Weezing
|-end|p2a: Weezing|ability: Neutralizing Gas
|
|upkeep
|
|t:|1758943092
|switch|p2a: Enamorus|Enamorus, F, tera:Steel|100/100
|-damage|p2a: Enamorus|94/100|[from] Stealth Rock
|turn|17
|
|t:|1758943110
|move|p2a: Enamorus|Earth Power|p1a: Glimmora
|-supereffective|p1a: Glimmora
|-damage|p1a: Glimmora|0 fnt
|faint|p1a: Glimmora
|
|upkeep
|
|t:|1758943117
|switch|p1a: Iron Boulder|Iron Boulder|100/100
|-enditem|p1a: Iron Boulder|Booster Energy
|-activate|p1a: Iron Boulder|ability: Quark Drive|[fromitem]
|-start|p1a: Iron Boulder|quarkdrivespe
|turn|18
|
|t:|1758943133
|switch|p2a: Alomomola|Alomomola, M|61/100
|move|p1a: Iron Boulder|Earthquake|p2a: Alomomola
|-crit|p2a: Alomomola
|-damage|p2a: Alomomola|31/100
|
|upkeep
|turn|19
|
|t:|1758943138
|move|p1a: Iron Boulder|Mighty Cleave|p2a: Alomomola
|-damage|p2a: Alomomola|1/100
|move|p2a: Alomomola|Flip Turn|p1a: Iron Boulder
|-supereffective|p1a: Iron Boulder
|-damage|p1a: Iron Boulder|59/100
|
|t:|1758943142
|switch|p2a: Kingambit|Kingambit, M|100/100|[from] Flip Turn
|-damage|p2a: Kingambit|94/100|[from] Stealth Rock
|-activate|p2a: Kingambit|ability: Supreme Overlord
|-start|p2a: Kingambit|fallen3|[silent]
|
|upkeep
|turn|20
|
|t:|1758943145
|move|p2a: Kingambit|Sucker Punch||[still]
|-fail|p2a: Kingambit
|move|p1a: Iron Boulder|Swords Dance|p1a: Iron Boulder
|-boost|p1a: Iron Boulder|atk|2
|
|upkeep
|turn|21
|
|t:|1758943150
|move|p2a: Kingambit|Sucker Punch|p1a: Iron Boulder
|-supereffective|p1a: Iron Boulder
|-damage|p1a: Iron Boulder|0 fnt
|faint|p1a: Iron Boulder
|-end|p1a: Iron Boulder|Quark Drive|[silent]
|
|upkeep
|
|t:|1758943152
|switch|p1a: Gholdengo|Gholdengo|81/100
|turn|22
|
|t:|1758943156
|move|p2a: Kingambit|Sucker Punch|p1a: Gholdengo
|-supereffective|p1a: Gholdengo
|-damage|p1a: Gholdengo|0 fnt
|faint|p1a: Gholdengo
|
|win|UchihaSusgay
|raw|Crocodile E's rating: 1502 &rarr; <strong>1479</strong><br />(-23 for losing)
|raw|UchihaSusgay's rating: 1454 &rarr; <strong>1477</strong><br />(+23 for winning)
|l|☆Crocodile E
|player|p1|
|l|☆UchihaSusgay
|player|p2|
