|j|☆ice spice enjoyer
|j|☆Light SV
|t:|1758975479
|gametype|singles
|player|p1|ice spice enjoyer|hoopster|1801
|player|p2|Light SV|ethan|1778
|gen|9
|tier|[Gen 9] OU
|rated|
|rule|HP Percentage Mod: HP is shown in percentages
|rule|Endless Battle Clause: Forcing endless battles is banned
|rule|Species Clause: Limit one of each Pokémon
|rule|OHKO Clause: OHKO moves are banned
|rule|Evasion Items Clause: Evasion items are banned
|rule|Evasion Moves Clause: Evasion moves are banned
|rule|Evasion Abilities Clause: Evasion abilities are banned
|rule|Sleep Moves Clause: Sleep-inducing moves are banned
|clearpoke
|poke|p1|Ninetales-Alola, F|
|poke|p1|Moltres-Galar|
|poke|p1|Hatterene, F|
|poke|p1|Great Tusk|
|poke|p1|Ceruledge, F|
|poke|p1|Walking Wake|
|poke|p2|Dragonite, F|
|poke|p2|Zamazenta-*|
|poke|p2|Landorus-Therian, M|
|poke|p2|Gholdengo|
|poke|p2|Darkrai|
|poke|p2|Hatterene, F|
|teampreview
|inactive|Battle timer is ON: inactive players will automatically lose when time's up. (requested by Light SV)
|inactive|ice spice enjoyer has 120 seconds left.
|
|t:|1758975588
|teamsize|p1|6
|teamsize|p2|6
|start
|switch|p1a: Ceruledge|Ceruledge, F|100/100
|switch|p2a: Gholdengo|Gholdengo|100/100
|turn|1
|
|t:|1758975601
|switch|p2a: Landorus|Landorus-Therian, M|100/100
|-ability|p2a: Landorus|Intimidate|boost
|-unboost|p1a: Ceruledge|atk|1
|move|p1a: Ceruledge|Swords Dance|p1a: Ceruledge
|-boost|p1a: Ceruledge|atk|2
|
|upkeep
|turn|2
|
|t:|1758975614
|move|p1a: Ceruledge|Poltergeist|p2a: Landorus
|-activate|p2a: Landorus|move: Poltergeist|Rocky Helmet
|-damage|p2a: Landorus|0 fnt
|faint|p2a: Landorus
|-damage|p1a: Ceruledge|91/100|[from] item: Life Orb
|
|upkeep
|
|t:|1758975620
|switch|p2a: Darkrai|Darkrai|100/100
|turn|3
|j| wgw2333
|
|t:|1758975625
|switch|p1a: Ninetales|Ninetales-Alola, F|100/100
|-weather|Snowscape|[from] ability: Snow Warning|[of] p1a: Ninetales
|move|p2a: Darkrai|Dark Pulse|p1a: Ninetales
|-resisted|p1a: Ninetales
|-damage|p1a: Ninetales|81/100
|
|-weather|Snowscape|[upkeep]
|upkeep
|turn|4
|
|t:|1758975631
|move|p2a: Darkrai|Taunt|p1a: Ninetales
|-start|p1a: Ninetales|move: Taunt
|cant|p1a: Ninetales|move: Taunt|Aurora Veil
|
|-weather|Snowscape|[upkeep]
|upkeep
|turn|5
|l| wgw2333
|
|t:|1758975635
|switch|p2a: Gholdengo|Gholdengo|100/100
|move|p1a: Ninetales|Freeze-Dry|p2a: Gholdengo
|-resisted|p2a: Gholdengo
|-damage|p2a: Gholdengo|89/100
|
|-weather|Snowscape|[upkeep]
|upkeep
|turn|6
|
|t:|1758975641
|switch|p1a: Walking Wake|Walking Wake|100/100
|-enditem|p1a: Walking Wake|Booster Energy
|-activate|p1a: Walking Wake|ability: Protosynthesis|[fromitem]
|-start|p1a: Walking Wake|protosynthesisspa
|move|p2a: Gholdengo|Make It Rain|p1a: Walking Wake
|-resisted|p1a: Walking Wake
|-damage|p1a: Walking Wake|54/100
|-unboost|p2a: Gholdengo|spa|1
|
|-weather|Snowscape|[upkeep]
|upkeep
|turn|7
|
|t:|1758975650
|switch|p2a: Hatterene|Hatterene, F|100/100
|move|p1a: Walking Wake|Surf|p2a: Hatterene
|-damage|p2a: Hatterene|57/100
|
|-weather|none
|upkeep
|turn|8
|inactive|ice spice enjoyer has 120 seconds left.
|
|t:|1758975702
|-end|p1a: Walking Wake|Protosynthesis|[silent]
|switch|p1a: Ninetales|Ninetales-Alola, F|81/100
|-weather|Snowscape|[from] ability: Snow Warning|[of] p1a: Ninetales
|move|p2a: Hatterene|Draining Kiss|p1a: Ninetales
|-damage|p1a: Ninetales|55/100
|-heal|p2a: Hatterene|78/100|[from] drain|[of] p1a: Ninetales
|
|-weather|Snowscape|[upkeep]
|upkeep
|turn|9
|
|t:|1758975707
|move|p1a: Ninetales|Aurora Veil|p1a: Ninetales
|-sidestart|p1: ice spice enjoyer|move: Aurora Veil
|move|p2a: Hatterene|Mystical Fire|p1a: Ninetales
|-supereffective|p1a: Ninetales
|-damage|p1a: Ninetales|29/100
|-unboost|p1a: Ninetales|spa|1
|
|-weather|Snowscape|[upkeep]
|upkeep
|turn|10
|
|t:|1758975717
|switch|p1a: Hatterene|Hatterene, F|100/100
|move|p2a: Hatterene|Psychic Noise|p1a: Hatterene
|-resisted|p1a: Hatterene
|-damage|p1a: Hatterene|89/100
|-start|p1a: Hatterene|move: Heal Block
|-enditem|p1a: Hatterene|Eject Button
|inactive|ice spice enjoyer has 90 seconds left.
|
|t:|1758975773
|switch|p1a: Moltres|Moltres-Galar|100/100
|
|-weather|Snowscape|[upkeep]
|upkeep
|turn|11
|
|t:|1758975782
|switch|p2a: Zamazenta|Zamazenta|100/100
|-ability|p2a: Zamazenta|Dauntless Shield|boost
|-boost|p2a: Zamazenta|def|1
|move|p1a: Moltres|Nasty Plot|p1a: Moltres
|-boost|p1a: Moltres|spa|2
|
|-weather|Snowscape|[upkeep]
|upkeep
|turn|12
|
|t:|1758975788
|move|p1a: Moltres|Taunt|p2a: Zamazenta
|-start|p2a: Zamazenta|move: Taunt
|cant|p2a: Zamazenta|move: Taunt|Roar
|
|-weather|none
|upkeep
|turn|13
|j| wgw2333
|
|t:|1758975801
|move|p2a: Zamazenta|Body Press|p1a: Moltres
|-damage|p1a: Moltres|69/100
|move|p1a: Moltres|Tera Blast|p2a: Zamazenta
|-damage|p2a: Zamazenta|56/100
|
|-heal|p2a: Zamazenta|62/100|[from] item: Leftovers
|upkeep
|turn|14
|
|t:|1758975807
|move|p2a: Zamazenta|Body Press|p1a: Moltres
|-damage|p1a: Moltres|41/100
|-ability|p1a: Moltres|Berserk|boost
|-boost|p1a: Moltres|spa|1
|-enditem|p1a: Moltres|Sitrus Berry|[eat]
|-heal|p1a: Moltres|66/100|[from] item: Sitrus Berry
|move|p1a: Moltres|Tera Blast|p2a: Zamazenta
|-damage|p2a: Zamazenta|3/100
|
|-heal|p2a: Zamazenta|9/100|[from] item: Leftovers
|-end|p2a: Zamazenta|move: Taunt
|upkeep
|turn|15
|
|t:|1758975816
|move|p2a: Zamazenta|Body Press|p1a: Moltres
|-damage|p1a: Moltres|34/100
|-ability|p1a: Moltres|Berserk|boost
|-boost|p1a: Moltres|spa|1
|move|p1a: Moltres|Fiery Wrath|p2a: Zamazenta
|-resisted|p2a: Zamazenta
|-damage|p2a: Zamazenta|0 fnt
|faint|p2a: Zamazenta
|
|upkeep
|
|t:|1758975821
|switch|p2a: Darkrai|Darkrai|100/100
|turn|16
|l| wgw2333
|
|t:|1758975825
|move|p2a: Darkrai|Ice Beam|p1a: Moltres
|-supereffective|p1a: Moltres
|-damage|p1a: Moltres|8/100
|move|p1a: Moltres|Tera Blast|p2a: Darkrai
|-damage|p2a: Darkrai|9/100
|
|-sideend|p1: ice spice enjoyer|move: Aurora Veil
|upkeep
|turn|17
|
|t:|1758975832
|move|p2a: Darkrai|Ice Beam|p1a: Moltres
|-supereffective|p1a: Moltres
|-damage|p1a: Moltres|0 fnt
|faint|p1a: Moltres
|
|upkeep
|inactive|ice spice enjoyer has 90 seconds left.
|
|t:|1758975869
|switch|p1a: Hatterene|Hatterene, F|89/100
|turn|18
|
|t:|1758975872
|move|p2a: Darkrai|Will-O-Wisp|p1a: Hatterene
|move|p1a: Hatterene|Will-O-Wisp|p2a: Darkrai|[from] ability: Magic Bounce
|-status|p2a: Darkrai|brn
|move|p1a: Hatterene|Dazzling Gleam|p2a: Darkrai
|-supereffective|p2a: Darkrai
|-damage|p2a: Darkrai|0 fnt
|faint|p2a: Darkrai
|
|upkeep
|
|t:|1758975885
|switch|p2a: Dragonite|Dragonite, F|100/100
|turn|19
|j| FANCY GANG
|
|t:|1758975891
|move|p2a: Dragonite|Dragon Dance|p2a: Dragonite
|-boost|p2a: Dragonite|atk|1
|-boost|p2a: Dragonite|spe|1
|move|p1a: Hatterene|Nuzzle|p2a: Dragonite
|-damage|p2a: Dragonite|98/100
|-status|p2a: Dragonite|par
|-enditem|p2a: Dragonite|Lum Berry|[eat]
|-curestatus|p2a: Dragonite|par|[msg]
|
|upkeep
|turn|20
|
|t:|1758975898
|-terastallize|p2a: Dragonite|Flying
|move|p2a: Dragonite|Tera Blast|p1a: Hatterene|[anim] Tera Blast Flying
|-damage|p1a: Hatterene|22/100
|move|p1a: Hatterene|Nuzzle|p2a: Dragonite
|-supereffective|p2a: Dragonite
|-damage|p2a: Dragonite|90/100
|-status|p2a: Dragonite|par
|
|upkeep
|turn|21
|l| FANCY GANG
|c|☆Light SV|If only I didn't missclick pulse onwisp
|inactive|Light SV has 120 seconds left.
|j| FANCY GANG
|l| FANCY GANG
|
|t:|1758975933
|move|p2a: Dragonite|Dragon Dance|p2a: Dragonite
|-boost|p2a: Dragonite|atk|1
|-boost|p2a: Dragonite|spe|1
|move|p1a: Hatterene|Healing Wish|p1a: Hatterene
|faint|p1a: Hatterene
|
|upkeep
|c|☆ice spice enjoyer|Which turn?
|c|☆Light SV|On hatte
|c|☆Light SV|Obv
|inactive|ice spice enjoyer has 90 seconds left.
|j| cynasaurus
|l| cynasaurus
|
|t:|1758975970
|switch|p1a: Walking Wake|Walking Wake|54/100
|-heal|p1a: Walking Wake|100/100|[from] move: Healing Wish
|turn|22
|
|t:|1758975976
|move|p1a: Walking Wake|Surf|p2a: Dragonite
|-damage|p2a: Dragonite|41/100 par
|cant|p2a: Dragonite|par
|
|upkeep
|turn|23
|
|t:|1758975980
|move|p2a: Dragonite|Extreme Speed|p1a: Walking Wake
|-damage|p1a: Walking Wake|44/100
|move|p1a: Walking Wake|Surf|p2a: Dragonite
|-damage|p2a: Dragonite|0 fnt
|faint|p2a: Dragonite
|
|upkeep
|
|t:|1758975982
|switch|p2a: Hatterene|Hatterene, F|78/100
|turn|24
|
|t:|1758975990
|move|p1a: Walking Wake|Surf|p2a: Hatterene
|-damage|p2a: Hatterene|45/100
|move|p2a: Hatterene|Draining Kiss|p1a: Walking Wake
|-supereffective|p1a: Walking Wake
|-damage|p1a: Walking Wake|0 fnt
|-heal|p2a: Hatterene|80/100|[from] drain|[of] p1a: Walking Wake
|faint|p1a: Walking Wake
|-end|p1a: Walking Wake|Protosynthesis|[silent]
|
|upkeep
|
|t:|1758975998
|switch|p1a: Ceruledge|Ceruledge, F|91/100
|turn|25
|
|t:|1758976005
|move|p1a: Ceruledge|Swords Dance|p1a: Ceruledge
|-boost|p1a: Ceruledge|atk|2
|move|p2a: Hatterene|Psychic Noise|p1a: Ceruledge
|-damage|p1a: Ceruledge|48/100
|-start|p1a: Ceruledge|move: Heal Block
|
|upkeep
|turn|26
|c|☆Light SV|Fact ure even asking makes me wanna rage quit
|-message|Light SV forfeited.
|
|win|ice spice enjoyer
|raw|ice spice enjoyer's rating: 1801 &rarr; <strong>1820</strong><br />(+19 for winning)
|raw|Light SV's rating: 1778 &rarr; <strong>1759</strong><br />(-19 for losing)
|j| wgw2333
|l| wgw2333
|c|☆ice spice enjoyer|Lmao
|l|☆Light SV
|player|p2|
|l|☆ice spice enjoyer
|player|p1|
