|j|☆crackingcow
|j|☆del82
|t:|1759008445
|gametype|singles
|player|p1|crackingcow|roxie-masters|1213
|player|p2|del82|102|1200
|gen|9
|tier|[Gen 9] OU
|rated|
|rule|HP Percentage Mod: HP is shown in percentages
|rule|Endless Battle Clause: Forcing endless battles is banned
|rule|Species Clause: Limit one of each Pokémon
|rule|OHKO Clause: OHKO moves are banned
|rule|Evasion Items Clause: Evasion items are banned
|rule|Evasion Moves Clause: Evasion moves are banned
|rule|Evasion Abilities Clause: Evasion abilities are banned
|rule|Sleep Moves Clause: Sleep-inducing moves are banned
|clearpoke
|poke|p1|Cloyster, F|
|poke|p1|Klefki, M|
|poke|p1|Slowking-Galar, M|
|poke|p1|Thundurus-Therian, M|
|poke|p1|Great Tusk|
|poke|p1|Weavile, F|
|poke|p2|Kyurem|
|poke|p2|Kingambit, F|
|poke|p2|Great Tusk|
|poke|p2|Moltres|
|poke|p2|Primarina, F|
|poke|p2|Deoxys-Speed|
|teampreview
|inactive|Battle timer is ON: inactive players will automatically lose when time's up. (requested by del82)
|
|t:|1759008461
|teamsize|p1|6
|teamsize|p2|6
|start
|switch|p1a: Thundurus|Thundurus-Therian, M|100/100
|switch|p2a: Deoxys|Deoxys-Speed|100/100
|-ability|p2a: Deoxys|Pressure
|turn|1
|
|t:|1759008473
|move|p1a: Thundurus|Volt Switch|p2a: Deoxys
|-damage|p2a: Deoxys|37/100
|inactive|crackingcow has 120 seconds left.
|
|t:|1759008515
|switch|p1a: Weavile|Weavile, F|100/100|[from] Volt Switch
|-ability|p1a: Weavile|Pressure
|move|p2a: Deoxys|Psycho Boost|p1a: Weavile
|-immune|p1a: Weavile
|
|upkeep
|turn|2
|
|t:|1759008524
|move|p1a: Weavile|Ice Shard|p2a: Deoxys
|-damage|p2a: Deoxys|0 fnt
|faint|p2a: Deoxys
|-damage|p1a: Weavile|91/100|[from] item: Life Orb
|
|upkeep
|
|t:|1759008534
|switch|p2a: Kyurem|Kyurem|100/100
|-ability|p2a: Kyurem|Pressure
|turn|3
|
|t:|1759008538
|move|p1a: Weavile|Knock Off|p2a: Kyurem
|-damage|p2a: Kyurem|44/100
|-enditem|p2a: Kyurem|Loaded Dice|[from] move: Knock Off|[of] p1a: Weavile
|-damage|p1a: Weavile|81/100|[from] item: Life Orb
|move|p2a: Kyurem|Dragon Dance|p2a: Kyurem
|-boost|p2a: Kyurem|atk|1
|-boost|p2a: Kyurem|spe|1
|
|upkeep
|turn|4
|
|t:|1759008556
|-terastallize|p2a: Kyurem|Electric
|move|p2a: Kyurem|Tera Blast|p1a: Weavile|[anim] Tera Blast Electric
|-damage|p1a: Weavile|0 fnt
|faint|p1a: Weavile
|
|upkeep
|
|t:|1759008563
|switch|p1a: Klefki|Klefki, M|100/100
|turn|5
|
|t:|1759008590
|move|p2a: Kyurem|Tera Blast|p1a: Klefki|[anim] Tera Blast Electric
|-damage|p1a: Klefki|25/100
|move|p1a: Klefki|Draining Kiss|p2a: Kyurem
|-damage|p2a: Kyurem|17/100
|-heal|p1a: Klefki|50/100|[from] drain|[of] p2a: Kyurem
|-damage|p1a: Klefki|40/100|[from] item: Life Orb
|
|upkeep
|turn|6
|
|t:|1759008605
|move|p2a: Kyurem|Tera Blast|p1a: Klefki|[anim] Tera Blast Electric
|-damage|p1a: Klefki|0 fnt
|faint|p1a: Klefki
|
|upkeep
|
|t:|1759008609
|switch|p1a: Cloyster|Cloyster, F, shiny|100/100
|turn|7
|
|t:|1759008630
|move|p1a: Cloyster|Ice Shard|p2a: Kyurem
|-damage|p2a: Kyurem|0 fnt
|faint|p2a: Kyurem
|
|upkeep
|
|t:|1759008634
|switch|p2a: Primarina|Primarina, F|100/100
|turn|8
|
|t:|1759008642
|switch|p1a: Slowking|Slowking-Galar, M|100/100
|move|p2a: Primarina|Flip Turn|p1a: Slowking
|-damage|p1a: Slowking|85/100
|inactive|del82 has 120 seconds left.
|inactive|del82 has 90 seconds left.
|inactive|del82 has 60 seconds left.
|
|t:|1759008753
|switch|p2a: Great Tusk|Great Tusk|100/100|[from] Flip Turn
|
|upkeep
|turn|9
|inactive|del82 has 30 seconds left.
|
|t:|1759008771
|switch|p1a: Thundurus|Thundurus-Therian, M|100/100
|move|p2a: Great Tusk|Rapid Spin|p1a: Thundurus
|-damage|p1a: Thundurus|75/100
|-boost|p2a: Great Tusk|spe|1
|
|upkeep
|turn|10
|inactive|del82 has 30 seconds left.
|
|t:|1759008781
|-end|p2a: Great Tusk|Protosynthesis|[silent]
|switch|p2a: Primarina|Primarina, F|100/100
|-terastallize|p1a: Thundurus|Fairy
|move|p1a: Thundurus|Tera Blast|p2a: Primarina|[anim] Tera Blast Fairy
|-damage|p2a: Primarina|72/100
|
|upkeep
|turn|11
|
|t:|1759008789
|switch|p1a: Slowking|Slowking-Galar, M|100/100
|move|p2a: Primarina|Flip Turn|p1a: Slowking
|-damage|p1a: Slowking|85/100
|
|t:|1759008798
|switch|p2a: Great Tusk|Great Tusk|100/100|[from] Flip Turn
|
|upkeep
|turn|12
|
|t:|1759008805
|move|p2a: Great Tusk|Headlong Rush|p1a: Slowking
|-supereffective|p1a: Slowking
|-damage|p1a: Slowking|0 fnt
|-unboost|p2a: Great Tusk|def|1
|-unboost|p2a: Great Tusk|spd|1
|faint|p1a: Slowking
|
|upkeep
|
|t:|1759008807
|switch|p1a: Cloyster|Cloyster, F, shiny|100/100
|turn|13
|
|t:|1759008830
|move|p2a: Great Tusk|Headlong Rush|p1a: Cloyster
|-damage|p1a: Cloyster|48/100
|-unboost|p2a: Great Tusk|def|1
|-unboost|p2a: Great Tusk|spd|1
|move|p1a: Cloyster|Shell Smash|p1a: Cloyster
|-unboost|p1a: Cloyster|def|1
|-unboost|p1a: Cloyster|spd|1
|-boost|p1a: Cloyster|atk|2
|-boost|p1a: Cloyster|spa|2
|-boost|p1a: Cloyster|spe|2
|
|upkeep
|turn|14
|inactive|del82 has 30 seconds left.
|
|t:|1759008849
|move|p1a: Cloyster|Ice Shard|p2a: Great Tusk
|-supereffective|p2a: Great Tusk
|-damage|p2a: Great Tusk|0 fnt
|faint|p2a: Great Tusk
|-end|p2a: Great Tusk|Protosynthesis|[silent]
|
|upkeep
|
|t:|1759008854
|switch|p2a: Kingambit|Kingambit, F|100/100
|-activate|p2a: Kingambit|ability: Supreme Overlord
|-start|p2a: Kingambit|fallen3|[silent]
|turn|15
|
|t:|1759008862
|move|p2a: Kingambit|Sucker Punch|p1a: Cloyster
|-damage|p1a: Cloyster|0 fnt
|faint|p1a: Cloyster
|
|upkeep
|
|t:|1759008868
|switch|p1a: Thundurus|Thundurus-Therian, M, tera:Fairy|75/100
|turn|16
|
|t:|1759008873
|move|p1a: Thundurus|Volt Switch|p2a: Kingambit
|-damage|p2a: Kingambit|56/100
|
|t:|1759008875
|switch|p1a: Great Tusk|Great Tusk|100/100|[from] Volt Switch
|move|p2a: Kingambit|Iron Head|p1a: Great Tusk
|-damage|p1a: Great Tusk|58/100
|
|upkeep
|turn|17
|
|t:|1759008884
|-end|p1a: Great Tusk|Protosynthesis|[silent]
|switch|p1a: Thundurus|Thundurus-Therian, M, tera:Fairy|75/100
|move|p2a: Kingambit|Iron Head|p1a: Thundurus
|-supereffective|p1a: Thundurus
|-damage|p1a: Thundurus|0 fnt
|faint|p1a: Thundurus
|
|upkeep
|-message|crackingcow forfeited.
|
|win|del82
|raw|crackingcow's rating: 1239 &rarr; <strong>1211</strong><br />(-28 for losing)
|raw|del82's rating: 1200 &rarr; <strong>1228</strong><br />(+28 for winning)
|l|☆crackingcow
|player|p1|
|c|☆del82|im amazing
