|j|☆M.C.9
|j|☆Proutv1
|t:|1758982964
|gametype|singles
|player|p1|M.C.9|n|1295
|player|p2|Proutv1|169|1289
|gen|9
|tier|[Gen 9] OU
|rated|
|rule|HP Percentage Mod: HP is shown in percentages
|rule|Endless Battle Clause: Forcing endless battles is banned
|rule|Species Clause: Limit one of each Pokémon
|rule|OHKO Clause: OHKO moves are banned
|rule|Evasion Items Clause: Evasion items are banned
|rule|Evasion Moves Clause: Evasion moves are banned
|rule|Evasion Abilities Clause: Evasion abilities are banned
|rule|Sleep Moves Clause: Sleep-inducing moves are banned
|clearpoke
|poke|p1|Ogerpon-Cornerstone, F|
|poke|p1|Meowscarada, M|
|poke|p1|Rillaboom, F|
|poke|p1|Iron Leaves|
|poke|p1|Rotom-Mow|
|poke|p1|Hydrapple, F|
|poke|p2|Deoxys-Speed|
|poke|p2|Great Tusk|
|poke|p2|Dragapult, M|
|poke|p2|Zapdos|
|poke|p2|Dragonite, F|
|poke|p2|Gholdengo|
|teampreview
|inactive|Battle timer is ON: inactive players will automatically lose when time's up. (requested by M.C.9)
|
|t:|1758982978
|teamsize|p1|6
|teamsize|p2|6
|start
|switch|p1a: Meowscarada|Meowscarada, M|100/100
|switch|p2a: Great Tusk|Great Tusk|100/100
|turn|1
|
|t:|1758982991
|move|p1a: Meowscarada|Triple Axel|p2a: Great Tusk
|-start|p1a: Meowscarada|typechange|Ice|[from] ability: Protean
|-supereffective|p2a: Great Tusk
|-damage|p2a: Great Tusk|92/100
|-damage|p1a: Meowscarada|84/100|[from] item: Rocky Helmet|[of] p2a: Great Tusk
|-supereffective|p2a: Great Tusk
|-damage|p2a: Great Tusk|73/100
|-damage|p1a: Meowscarada|68/100|[from] item: Rocky Helmet|[of] p2a: Great Tusk
|-supereffective|p2a: Great Tusk
|-damage|p2a: Great Tusk|47/100
|-damage|p1a: Meowscarada|51/100|[from] item: Rocky Helmet|[of] p2a: Great Tusk
|-hitcount|p2a: Great Tusk|3
|move|p2a: Great Tusk|Ice Spinner|p1a: Meowscarada
|-resisted|p1a: Meowscarada
|-damage|p1a: Meowscarada|33/100
|
|upkeep
|turn|2
|
|t:|1758983008
|move|p1a: Meowscarada|Triple Axel|p2a: Great Tusk
|-supereffective|p2a: Great Tusk
|-damage|p2a: Great Tusk|38/100
|-damage|p1a: Meowscarada|17/100|[from] item: Rocky Helmet|[of] p2a: Great Tusk
|-hitcount|p2a: Great Tusk|1
|move|p2a: Great Tusk|Stealth Rock|p1a: Meowscarada
|-sidestart|p1: M.C.9|move: Stealth Rock
|
|upkeep
|turn|3
|
|t:|1758983015
|move|p1a: Meowscarada|Triple Axel|p2a: Great Tusk
|-supereffective|p2a: Great Tusk
|-damage|p2a: Great Tusk|30/100
|-damage|p1a: Meowscarada|0 fnt|[from] item: Rocky Helmet|[of] p2a: Great Tusk
|faint|p1a: Meowscarada
|-hitcount|p2a: Great Tusk|1
|move|p2a: Great Tusk|Rapid Spin|p1: Meowscarada|[notarget]
|-fail|p2a: Great Tusk
|
|upkeep
|
|t:|1758983029
|switch|p1a: Rillaboom|Rillaboom, F|100/100
|-damage|p1a: Rillaboom|88/100|[from] Stealth Rock
|-fieldstart|move: Grassy Terrain|[from] ability: Grassy Surge|[of] p1a: Rillaboom
|turn|4
|
|t:|1758983038
|move|p1a: Rillaboom|Grassy Glide|p2a: Great Tusk
|-supereffective|p2a: Great Tusk
|-damage|p2a: Great Tusk|0 fnt
|-damage|p1a: Rillaboom|72/100|[from] item: Rocky Helmet|[of] p2a: Great Tusk
|faint|p2a: Great Tusk
|-end|p2a: Great Tusk|Protosynthesis|[silent]
|
|-heal|p1a: Rillaboom|78/100|[from] Grassy Terrain
|upkeep
|
|t:|1758983053
|switch|p2a: Dragonite|Dragonite, F|100/100
|turn|5
|
|t:|1758983062
|move|p1a: Rillaboom|Knock Off|p2a: Dragonite
|-damage|p2a: Dragonite|80/100
|-enditem|p2a: Dragonite|Heavy-Duty Boots|[from] move: Knock Off|[of] p1a: Rillaboom
|move|p2a: Dragonite|Dragon Dance|p2a: Dragonite
|-boost|p2a: Dragonite|atk|1
|-boost|p2a: Dragonite|spe|1
|
|-heal|p1a: Rillaboom|84/100|[from] Grassy Terrain
|upkeep
|turn|6
|
|t:|1758983087
|move|p2a: Dragonite|Ice Spinner|p1a: Rillaboom
|-supereffective|p1a: Rillaboom
|-damage|p1a: Rillaboom|0 fnt
|-fieldend|move: Grassy Terrain
|faint|p1a: Rillaboom
|
|upkeep
|
|t:|1758983094
|switch|p1a: Iron Leaves|Iron Leaves|100/100
|-damage|p1a: Iron Leaves|88/100|[from] Stealth Rock
|-enditem|p1a: Iron Leaves|Booster Energy
|-activate|p1a: Iron Leaves|ability: Quark Drive|[fromitem]
|-start|p1a: Iron Leaves|quarkdrivespe
|turn|7
|inactive|M.C.9 has 120 seconds left.
|
|t:|1758983116
|-terastallize|p1a: Iron Leaves|Steel
|move|p1a: Iron Leaves|Swords Dance|p1a: Iron Leaves
|-boost|p1a: Iron Leaves|atk|2
|move|p2a: Dragonite|Ice Spinner|p1a: Iron Leaves
|-resisted|p1a: Iron Leaves
|-damage|p1a: Iron Leaves|63/100
|
|upkeep
|turn|8
|
|t:|1758983125
|move|p1a: Iron Leaves|Psyblade|p2a: Dragonite
|-damage|p2a: Dragonite|0 fnt
|faint|p2a: Dragonite
|
|upkeep
|
|t:|1758983136
|switch|p2a: Zapdos|Zapdos|100/100
|turn|9
|
|t:|1758983141
|move|p1a: Iron Leaves|Psyblade|p2a: Zapdos
|-damage|p2a: Zapdos|17/100
|-status|p1a: Iron Leaves|par|[from] ability: Static|[of] p2a: Zapdos
|move|p2a: Zapdos|Heat Wave|p1a: Iron Leaves
|-supereffective|p1a: Iron Leaves
|-damage|p1a: Iron Leaves|15/100 par
|
|upkeep
|turn|10
|
|t:|1758983153
|move|p1a: Iron Leaves|Swords Dance|p1a: Iron Leaves
|-boost|p1a: Iron Leaves|atk|2
|move|p2a: Zapdos|Heat Wave|p1a: Iron Leaves
|-supereffective|p1a: Iron Leaves
|-damage|p1a: Iron Leaves|0 fnt
|faint|p1a: Iron Leaves
|-end|p1a: Iron Leaves|Quark Drive|[silent]
|
|upkeep
|inactive|M.C.9 has 120 seconds left.
|
|t:|1758983185
|switch|p1a: Hydrapple|Hydrapple, F|100/100
|turn|11
|
|t:|1758983197
|move|p2a: Zapdos|Hurricane|p1a: Hydrapple
|-supereffective|p1a: Hydrapple
|-damage|p1a: Hydrapple|7/100
|move|p1a: Hydrapple|Fickle Beam|p2a: Zapdos
|-damage|p2a: Zapdos|3/100
|
|upkeep
|turn|12
|
|t:|1758983217
|move|p2a: Zapdos|Heat Wave|p1a: Hydrapple
|-damage|p1a: Hydrapple|0 fnt
|faint|p1a: Hydrapple
|
|upkeep
|
|t:|1758983224
|switch|p1a: Ogerpon|Ogerpon-Cornerstone, F|100/100
|-damage|p1a: Ogerpon|88/100|[from] Stealth Rock
|turn|13
|
|t:|1758983230
|move|p1a: Ogerpon|Horn Leech|p2a: Zapdos
|-resisted|p2a: Zapdos
|-damage|p2a: Zapdos|0 fnt
|-heal|p1a: Ogerpon|90/100|[from] drain|[of] p2a: Zapdos
|faint|p2a: Zapdos
|
|upkeep
|
|t:|1758983236
|switch|p2a: Gholdengo|Gholdengo|100/100
|turn|14
|inactive|M.C.9 has 120 seconds left.
|
|t:|1758983246
|move|p2a: Gholdengo|Make It Rain|p1a: Ogerpon
|-supereffective|p1a: Ogerpon
|-damage|p1a: Ogerpon|0 fnt
|-unboost|p2a: Gholdengo|spa|1
|faint|p1a: Ogerpon
|
|upkeep
|
|t:|1758983253
|switch|p1a: Rotom|Rotom-Mow|100/100
|-damage|p1a: Rotom|88/100|[from] Stealth Rock
|turn|15
|inactive|M.C.9 has 120 seconds left.
|
|t:|1758983259
|move|p2a: Gholdengo|Make It Rain|p1a: Rotom
|-resisted|p1a: Rotom
|-damage|p1a: Rotom|65/100
|-unboost|p2a: Gholdengo|spa|1
|move|p1a: Rotom|Nasty Plot|p1a: Rotom
|-boost|p1a: Rotom|spa|2
|
|-heal|p1a: Rotom|72/100|[from] item: Leftovers
|upkeep
|turn|16
|inactive|M.C.9 has 120 seconds left.
|
|t:|1758983277
|switch|p2a: Deoxys|Deoxys-Speed|100/100
|-ability|p2a: Deoxys|Pressure
|move|p1a: Rotom|Thunderbolt|p2a: Deoxys
|-damage|p2a: Deoxys|7/100
|
|-heal|p1a: Rotom|78/100|[from] item: Leftovers
|upkeep
|turn|17
|inactive|M.C.9 has 120 seconds left.
|
|t:|1758983286
|move|p2a: Deoxys|Ice Beam|p1a: Rotom
|-supereffective|p1a: Rotom
|-damage|p1a: Rotom|16/100
|-damage|p2a: Deoxys|0 fnt|[from] item: Life Orb
|faint|p2a: Deoxys
|move|p1a: Rotom|Thunderbolt|p2: Deoxys|[notarget]
|-fail|p1a: Rotom
|
|-heal|p1a: Rotom|23/100|[from] item: Leftovers
|upkeep
|
|t:|1758983291
|switch|p2a: Dragapult|Dragapult, M|100/100
|turn|18
|
|t:|1758983297
|move|p2a: Dragapult|Dragon Darts|p1a: Rotom
|-damage|p1a: Rotom|0 fnt
|faint|p1a: Rotom
|
|win|Proutv1
|raw|M.C.9's rating: 1295 &rarr; <strong>1270</strong><br />(-25 for losing)
|raw|Proutv1's rating: 1289 &rarr; <strong>1314</strong><br />(+25 for winning)
|l|☆M.C.9
|player|p1|
