|j|☆DexTrainerRed
|j|☆harc
|t:|1759037480
|gametype|singles
|player|p1|DexTrainerRed|ash-kalos|1131
|player|p2|harc|ninjaboy|1210
|gen|9
|tier|[Gen 9] OU
|rated|
|rule|HP Percentage Mod: HP is shown in percentages
|rule|Endless Battle Clause: Forcing endless battles is banned
|rule|Species Clause: Limit one of each Pokémon
|rule|OHKO Clause: OHKO moves are banned
|rule|Evasion Items Clause: Evasion items are banned
|rule|Evasion Moves Clause: Evasion moves are banned
|rule|Evasion Abilities Clause: Evasion abilities are banned
|rule|Sleep Moves Clause: Sleep-inducing moves are banned
|clearpoke
|poke|p1|Infernape, M|
|poke|p1|Staraptor, M|
|poke|p1|Torterra, M|
|poke|p1|Empoleon, M|
|poke|p1|Garchomp, F|
|poke|p1|Pikachu, M|
|poke|p2|Corviknight, F|
|poke|p2|Clefable, F|
|poke|p2|Tyranitar, M|
|poke|p2|Hippowdon, F|
|poke|p2|Excadrill, M|
|poke|p2|Reuniclus, M|
|teampreview
|inactive|Battle timer is ON: inactive players will automatically lose when time's up. (requested by DexTrainerRed)
|
|t:|1759037510
|teamsize|p1|6
|teamsize|p2|6
|start
|switch|p1a: Empoleon|Empoleon, M|100/100
|switch|p2a: Hippowdon|Hippowdon, F|100/100
|-weather|Sandstorm|[from] ability: Sand Stream|[of] p2a: Hippowdon
|turn|1
|inactive|harc has 120 seconds left.
|
|t:|1759037552
|switch|p2a: Tyranitar|Tyranitar, M|100/100
|move|p1a: Empoleon|Hydro Pump|p2a: Tyranitar
|-supereffective|p2a: Tyranitar
|-damage|p2a: Tyranitar|58/100
|-damage|p1a: Empoleon|90/100|[from] item: Life Orb
|
|-weather|Sandstorm|[upkeep]
|upkeep
|turn|2
|
|t:|1759037562
|switch|p1a: Garchomp|Garchomp, F|100/100
|move|p2a: Tyranitar|Knock Off|p1a: Garchomp
|-crit|p1a: Garchomp
|-damage|p1a: Garchomp|34/100
|-damage|p2a: Tyranitar|46/100|[from] ability: Rough Skin|[of] p1a: Garchomp
|-enditem|p1a: Garchomp|Loaded Dice|[from] move: Knock Off|[of] p2a: Tyranitar
|
|-weather|Sandstorm|[upkeep]
|upkeep
|turn|3
|
|t:|1759037574
|switch|p2a: Hippowdon|Hippowdon, F|100/100
|move|p1a: Garchomp|Earthquake|p2a: Hippowdon
|-damage|p2a: Hippowdon|73/100
|
|-weather|Sandstorm|[upkeep]
|upkeep
|turn|4
|
|t:|1759037581
|move|p1a: Garchomp|Scale Shot|p2a: Hippowdon
|-damage|p2a: Hippowdon|65/100
|-crit|p2a: Hippowdon
|-damage|p2a: Hippowdon|55/100
|-damage|p2a: Hippowdon|49/100
|-damage|p2a: Hippowdon|41/100
|-hitcount|p2a: Hippowdon|4
|-unboost|p1a: Garchomp|def|1
|-boost|p1a: Garchomp|spe|1
|move|p2a: Hippowdon|Stealth Rock|p1a: Garchomp
|-sidestart|p1: DexTrainerRed|move: Stealth Rock
|
|-weather|Sandstorm|[upkeep]
|upkeep
|turn|5
|inactive|harc has 120 seconds left.
|
|t:|1759037595
|move|p1a: Garchomp|Swords Dance|p1a: Garchomp
|-boost|p1a: Garchomp|atk|2
|move|p2a: Hippowdon|Slack Off|p2a: Hippowdon
|-heal|p2a: Hippowdon|91/100
|
|-weather|Sandstorm|[upkeep]
|upkeep
|turn|6
|inactive|harc has 120 seconds left.
|
|t:|1759037603
|switch|p2a: Clefable|Clefable, F|100/100
|move|p1a: Garchomp|Earthquake|p2a: Clefable
|-damage|p2a: Clefable|63/100
|
|-weather|Sandstorm|[upkeep]
|-damage|p2a: Clefable|57/100|[from] Sandstorm
|-heal|p2a: Clefable|63/100|[from] item: Leftovers
|upkeep
|turn|7
|inactive|harc has 120 seconds left.
|
|t:|1759037613
|move|p1a: Garchomp|Iron Head|p2a: Clefable
|-supereffective|p2a: Clefable
|-crit|p2a: Clefable
|-damage|p2a: Clefable|2/100
|move|p2a: Clefable|Moonblast|p1a: Garchomp
|-supereffective|p1a: Garchomp
|-damage|p1a: Garchomp|0 fnt
|faint|p1a: Garchomp
|
|-weather|Sandstorm|[upkeep]
|-damage|p2a: Clefable|0 fnt|[from] Sandstorm
|faint|p2a: Clefable
|upkeep
|inactive|harc has 120 seconds left.
|
|t:|1759037632
|switch|p1a: Torterra|Torterra, M|100/100
|switch|p2a: Excadrill|Excadrill, M|100/100
|-damage|p1a: Torterra|94/100|[from] Stealth Rock
|turn|8
|
|t:|1759037640
|switch|p2a: Corviknight|Corviknight, F|100/100
|move|p1a: Torterra|Earthquake|p2a: Corviknight
|-immune|p2a: Corviknight
|
|-weather|none
|upkeep
|turn|9
|inactive|harc has 120 seconds left.
|
|t:|1759037649
|-terastallize|p1a: Torterra|Rock
|move|p1a: Torterra|Shell Smash|p1a: Torterra
|-unboost|p1a: Torterra|def|1
|-unboost|p1a: Torterra|spd|1
|-boost|p1a: Torterra|atk|2
|-boost|p1a: Torterra|spa|2
|-boost|p1a: Torterra|spe|2
|-enditem|p1a: Torterra|White Herb
|-clearnegativeboost|p1a: Torterra|[silent]
|move|p2a: Corviknight|Bulk Up|p2a: Corviknight
|-boost|p2a: Corviknight|atk|1
|-boost|p2a: Corviknight|def|1
|
|upkeep
|turn|10
|inactive|harc has 120 seconds left.
|
|t:|1759037686
|move|p1a: Torterra|Tera Blast|p2a: Corviknight|[anim] Tera Blast Rock
|-damage|p2a: Corviknight|59/100
|move|p2a: Corviknight|Bulk Up|p2a: Corviknight
|-boost|p2a: Corviknight|atk|1
|-boost|p2a: Corviknight|def|1
|
|upkeep
|turn|11
|
|t:|1759037700
|move|p1a: Torterra|Shell Smash|p1a: Torterra
|-unboost|p1a: Torterra|def|1
|-unboost|p1a: Torterra|spd|1
|-boost|p1a: Torterra|atk|2
|-boost|p1a: Torterra|spa|2
|-boost|p1a: Torterra|spe|2
|move|p2a: Corviknight|Body Press|p1a: Torterra
|-supereffective|p1a: Torterra
|-damage|p1a: Torterra|0 fnt
|faint|p1a: Torterra
|
|upkeep
|
|t:|1759037710
|switch|p1a: Infernape|Infernape, M|100/100
|-damage|p1a: Infernape|88/100|[from] Stealth Rock
|turn|12
|
|t:|1759037714
|move|p1a: Infernape|Flamethrower|p2a: Corviknight
|-supereffective|p2a: Corviknight
|-damage|p2a: Corviknight|2/100
|-enditem|p2a: Corviknight|Weakness Policy
|-boost|p2a: Corviknight|atk|2|[from] item: Weakness Policy
|-boost|p2a: Corviknight|spa|2|[from] item: Weakness Policy
|move|p2a: Corviknight|Roost|p2a: Corviknight
|-heal|p2a: Corviknight|52/100
|-singleturn|p2a: Corviknight|move: Roost
|
|upkeep
|turn|13
|inactive|harc has 120 seconds left.
|
|t:|1759037725
|move|p1a: Infernape|Flamethrower|p2a: Corviknight
|-supereffective|p2a: Corviknight
|-damage|p2a: Corviknight|0 fnt
|faint|p2a: Corviknight
|
|upkeep
|
|t:|1759037734
|switch|p2a: Tyranitar|Tyranitar, M|46/100
|-weather|Sandstorm|[from] ability: Sand Stream|[of] p2a: Tyranitar
|turn|14
|inactive|harc has 120 seconds left.
|
|t:|1759037739
|move|p1a: Infernape|Aura Sphere|p2a: Tyranitar
|-supereffective|p2a: Tyranitar
|-damage|p2a: Tyranitar|6/100
|move|p2a: Tyranitar|Stone Edge|p1a: Infernape
|-crit|p1a: Infernape
|-damage|p1a: Infernape|0 fnt
|faint|p1a: Infernape
|
|-weather|Sandstorm|[upkeep]
|upkeep
|
|t:|1759037747
|switch|p1a: Staraptor|Staraptor, M|100/100
|-damage|p1a: Staraptor|76/100|[from] Stealth Rock
|turn|15
|
|t:|1759037753
|move|p1a: Staraptor|U-turn|p2a: Tyranitar
|-supereffective|p2a: Tyranitar
|-damage|p2a: Tyranitar|0 fnt
|faint|p2a: Tyranitar
|
|t:|1759037756
|switch|p1a: Empoleon|Empoleon, M|90/100|[from] U-turn
|-damage|p1a: Empoleon|84/100|[from] Stealth Rock
|
|-weather|Sandstorm|[upkeep]
|upkeep
|
|t:|1759037767
|switch|p2a: Excadrill|Excadrill, M|100/100
|turn|16
|
|t:|1759037772
|move|p2a: Excadrill|Earthquake|p1a: Empoleon
|-supereffective|p1a: Empoleon
|-damage|p1a: Empoleon|0 fnt
|faint|p1a: Empoleon
|
|-weather|Sandstorm|[upkeep]
|upkeep
|
|t:|1759037777
|switch|p1a: Staraptor|Staraptor, M|76/100
|-damage|p1a: Staraptor|51/100|[from] Stealth Rock
|turn|17
|
|t:|1759037782
|move|p2a: Excadrill|Iron Head|p1a: Staraptor
|-damage|p1a: Staraptor|0 fnt
|faint|p1a: Staraptor
|
|-weather|Sandstorm|[upkeep]
|upkeep
|
|t:|1759037786
|switch|p1a: Pikachu|Pikachu, M|100/100
|-damage|p1a: Pikachu|88/100|[from] Stealth Rock
|turn|18
|
|t:|1759037791
|move|p2a: Excadrill|Earthquake|p1a: Pikachu
|-supereffective|p1a: Pikachu
|-damage|p1a: Pikachu|0 fnt
|faint|p1a: Pikachu
|
|win|harc
|raw|DexTrainerRed's rating: 1131 &rarr; <strong>1112</strong><br />(-19 for losing)
|raw|harc's rating: 1210 &rarr; <strong>1229</strong><br />(+19 for winning)
|l|☆DexTrainerRed
|player|p1|
|l|☆harc
|player|p2|
