|j|☆wszzl
|j|☆daequagz
|t:|1759042699
|gametype|singles
|player|p1|wszzl|fisherman|1304
|player|p2|daequagz|swimmerf-gen4|1332
|gen|9
|tier|[Gen 9] OU
|rated|
|rule|HP Percentage Mod: HP is shown in percentages
|rule|Endless Battle Clause: Forcing endless battles is banned
|rule|Species Clause: Limit one of each Pokémon
|rule|OHKO Clause: OHKO moves are banned
|rule|Evasion Items Clause: Evasion items are banned
|rule|Evasion Moves Clause: Evasion moves are banned
|rule|Evasion Abilities Clause: Evasion abilities are banned
|rule|Sleep Moves Clause: Sleep-inducing moves are banned
|clearpoke
|poke|p1|Samurott-Hisui, M|
|poke|p1|Mamoswine, M|
|poke|p1|Volcanion|
|poke|p1|Hydrapple, F|
|poke|p1|Gholdengo|
|poke|p1|Landorus-Therian, M|
|poke|p2|Samurott-Hisui, M|
|poke|p2|Scizor, M|
|poke|p2|Dragonite, M|
|poke|p2|Gholdengo|
|poke|p2|Great Tusk|
|poke|p2|Zapdos|
|teampreview
|inactive|Battle timer is ON: inactive players will automatically lose when time's up. (requested by daequagz)
|
|t:|1759042710
|teamsize|p1|6
|teamsize|p2|6
|start
|switch|p1a: Hydrapple|Hydrapple, F|100/100
|switch|p2a: Samurott|Samurott-Hisui, M|100/100
|turn|1
|
|t:|1759042720
|switch|p2a: Zapdos|Zapdos|100/100
|move|p1a: Hydrapple|Giga Drain|p2a: Zapdos
|-resisted|p2a: Zapdos
|-damage|p2a: Zapdos|85/100
|
|upkeep
|turn|2
|
|t:|1759042735
|switch|p1a: Mamoswine|Mamoswine, M|100/100
|move|p2a: Zapdos|Hurricane|p1a: Mamoswine|[miss]
|-miss|p2a: Zapdos|p1a: Mamoswine
|
|upkeep
|turn|3
|
|t:|1759042760
|move|p1a: Mamoswine|Stealth Rock|p2a: Zapdos
|-sidestart|p2: daequagz|move: Stealth Rock
|move|p2a: Zapdos|Heat Wave|p1a: Mamoswine|[miss]
|-miss|p2a: Zapdos|p1a: Mamoswine
|
|upkeep
|turn|4
|
|t:|1759042765
|move|p1a: Mamoswine|Icicle Crash|p2a: Zapdos
|-supereffective|p2a: Zapdos
|-damage|p2a: Zapdos|0 fnt
|faint|p2a: Zapdos
|-damage|p1a: Mamoswine|91/100|[from] item: Life Orb
|
|upkeep
|
|t:|1759042778
|switch|p2a: Scizor|Scizor, M|100/100
|-damage|p2a: Scizor|88/100|[from] Stealth Rock
|turn|5
|
|t:|1759042784
|switch|p1a: Volcanion|Volcanion|100/100
|-terastallize|p2a: Scizor|Steel
|move|p2a: Scizor|Bullet Punch|p1a: Volcanion
|-resisted|p1a: Volcanion
|-damage|p1a: Volcanion|89/100
|-damage|p2a: Scizor|78/100|[from] item: Life Orb
|
|upkeep
|turn|6
|
|t:|1759042795
|switch|p2a: Samurott|Samurott-Hisui, M|100/100
|-damage|p2a: Samurott|88/100|[from] Stealth Rock
|move|p1a: Volcanion|Steam Eruption|p2a: Samurott
|-resisted|p2a: Samurott
|-damage|p2a: Samurott|43/100
|
|upkeep
|turn|7
|
|t:|1759042814
|switch|p1a: Hydrapple|Hydrapple, F|100/100
|move|p2a: Samurott|Ceaseless Edge|p1a: Hydrapple
|-damage|p1a: Hydrapple|76/100
|-damage|p2a: Samurott|26/100|[from] item: Rocky Helmet|[of] p1a: Hydrapple
|-sidestart|p1: wszzl|Spikes
|
|upkeep
|turn|8
|
|t:|1759042822
|move|p2a: Samurott|Ceaseless Edge|p1a: Hydrapple
|-damage|p1a: Hydrapple|49/100
|-damage|p2a: Samurott|10/100|[from] item: Rocky Helmet|[of] p1a: Hydrapple
|-sidestart|p1: wszzl|Spikes
|move|p1a: Hydrapple|Nasty Plot|p1a: Hydrapple
|-boost|p1a: Hydrapple|spa|2
|
|upkeep
|turn|9
|
|t:|1759042830
|move|p2a: Samurott|Ceaseless Edge|p1a: Hydrapple
|-damage|p1a: Hydrapple|26/100
|-damage|p2a: Samurott|0 fnt|[from] item: Rocky Helmet|[of] p1a: Hydrapple
|faint|p2a: Samurott
|move|p1a: Hydrapple|Giga Drain|p2: Samurott|[notarget]
|-fail|p1a: Hydrapple
|
|upkeep
|
|t:|1759042843
|switch|p2a: Dragonite|Dragonite, M|100/100
|-damage|p2a: Dragonite|76/100|[from] Stealth Rock
|turn|10
|
|t:|1759042853
|switch|p1a: Landorus|Landorus-Therian, M|100/100
|-ability|p1a: Landorus|Intimidate|boost
|-unboost|p2a: Dragonite|atk|1
|move|p2a: Dragonite|Extreme Speed|p1a: Landorus
|-damage|p1a: Landorus|66/100
|
|upkeep
|turn|11
|
|t:|1759042875
|switch|p2a: Great Tusk|Great Tusk|100/100
|-damage|p2a: Great Tusk|98/100|[from] Stealth Rock
|-enditem|p2a: Great Tusk|Booster Energy
|-activate|p2a: Great Tusk|ability: Protosynthesis|[fromitem]
|-start|p2a: Great Tusk|protosynthesisdef
|move|p1a: Landorus|U-turn|p2a: Great Tusk
|-resisted|p2a: Great Tusk
|-damage|p2a: Great Tusk|93/100
|
|t:|1759042878
|switch|p1a: Hydrapple|Hydrapple, F|59/100|[from] U-turn
|-damage|p1a: Hydrapple|42/100|[from] Spikes
|
|upkeep
|turn|12
|
|t:|1759042888
|-terastallize|p1a: Hydrapple|Fairy
|move|p2a: Great Tusk|Ice Spinner|p1a: Hydrapple
|-damage|p1a: Hydrapple|29/100
|-damage|p2a: Great Tusk|76/100|[from] item: Rocky Helmet|[of] p1a: Hydrapple
|move|p1a: Hydrapple|Giga Drain|p2a: Great Tusk
|-supereffective|p2a: Great Tusk
|-damage|p2a: Great Tusk|0 fnt
|-heal|p1a: Hydrapple|69/100|[from] drain|[of] p2a: Great Tusk
|faint|p2a: Great Tusk
|-end|p2a: Great Tusk|Protosynthesis|[silent]
|
|upkeep
|
|t:|1759042900
|switch|p2a: Dragonite|Dragonite, M|76/100
|-damage|p2a: Dragonite|51/100|[from] Stealth Rock
|turn|13
|
|t:|1759042904
|move|p2a: Dragonite|Extreme Speed|p1a: Hydrapple
|-damage|p1a: Hydrapple|43/100
|-damage|p2a: Dragonite|34/100|[from] item: Rocky Helmet|[of] p1a: Hydrapple
|move|p1a: Hydrapple|Fickle Beam|p2a: Dragonite
|-supereffective|p2a: Dragonite
|-damage|p2a: Dragonite|0 fnt
|faint|p2a: Dragonite
|
|upkeep
|
|t:|1759042913
|switch|p2a: Scizor|Scizor, M, tera:Steel|78/100
|-damage|p2a: Scizor|72/100|[from] Stealth Rock
|turn|14
|
|t:|1759042922
|switch|p1a: Volcanion|Volcanion|89/100
|move|p2a: Scizor|Bullet Punch|p1a: Volcanion
|-resisted|p1a: Volcanion
|-damage|p1a: Volcanion|77/100
|-damage|p2a: Scizor|62/100|[from] item: Life Orb
|
|upkeep
|turn|15
|
|t:|1759042932
|switch|p2a: Gholdengo|Gholdengo|100/100
|-damage|p2a: Gholdengo|94/100|[from] Stealth Rock
|move|p1a: Volcanion|Flamethrower|p2a: Gholdengo
|-supereffective|p2a: Gholdengo
|-damage|p2a: Gholdengo|0 fnt
|faint|p2a: Gholdengo
|
|upkeep
|-message|daequagz forfeited.
|
|win|wszzl
|raw|wszzl's rating: 1304 &rarr; <strong>1326</strong><br />(+22 for winning)
|raw|daequagz's rating: 1332 &rarr; <strong>1310</strong><br />(-22 for losing)
|l|☆daequagz
|player|p2|
|l|☆wszzl
|player|p1|
