|j|☆heatraniac
|j|☆Shiny_kairyu
|t:|1758966519
|gametype|singles
|player|p1|heatraniac|miku-flying|1579
|player|p2|Shiny_kairyu|burglar|1735
|gen|9
|tier|[Gen 9] OU
|rated|
|rule|HP Percentage Mod: HP is shown in percentages
|rule|Endless Battle Clause: Forcing endless battles is banned
|rule|Species Clause: Limit one of each Pokémon
|rule|OHKO Clause: OHKO moves are banned
|rule|Evasion Items Clause: Evasion items are banned
|rule|Evasion Moves Clause: Evasion moves are banned
|rule|Evasion Abilities Clause: Evasion abilities are banned
|rule|Sleep Moves Clause: Sleep-inducing moves are banned
|clearpoke
|poke|p1|Heatran, M|
|poke|p1|Rillaboom, M|
|poke|p1|Ogerpon-Wellspring, F|
|poke|p1|Kyurem|
|poke|p1|Great Tusk|
|poke|p1|Clefable, F|
|poke|p2|Iron Valiant|
|poke|p2|Glimmora, F|
|poke|p2|Araquanid, F|
|poke|p2|Dragapult, F|
|poke|p2|Kingambit, M|
|poke|p2|Landorus-Therian, M|
|teampreview
|inactive|Battle timer is ON: inactive players will automatically lose when time's up. (requested by heatraniac)
|c|☆Shiny_kairyu|well
|c|☆Shiny_kairyu|hello there
|c|☆heatraniac|hi
|
|t:|1758966545
|teamsize|p1|6
|teamsize|p2|6
|start
|switch|p1a: Rillaboom|Rillaboom, M|100/100
|switch|p2a: Araquanid|Araquanid, F|100/100
|-fieldstart|move: Grassy Terrain|[from] ability: Grassy Surge|[of] p1a: Rillaboom
|turn|1
|
|t:|1758966554
|switch|p2a: Landorus|Landorus-Therian, M|100/100
|-ability|p2a: Landorus|Intimidate|boost
|-unboost|p1a: Rillaboom|atk|1
|move|p1a: Rillaboom|U-turn|p2a: Landorus
|-resisted|p2a: Landorus
|-damage|p2a: Landorus|92/100
|-damage|p1a: Rillaboom|84/100|[from] item: Rocky Helmet|[of] p2a: Landorus
|
|t:|1758966571
|switch|p1a: Ogerpon|Ogerpon-Wellspring, F|100/100|[from] U-turn
|
|upkeep
|turn|2
|
|t:|1758966593
|switch|p2a: Araquanid|Araquanid, F|100/100
|move|p1a: Ogerpon|Swords Dance|p1a: Ogerpon
|-boost|p1a: Ogerpon|atk|2
|
|upkeep
|turn|3
|
|t:|1758966608
|switch|p2a: Glimmora|Glimmora, F|100/100
|move|p1a: Ogerpon|Grassy Glide|p2a: Glimmora
|-damage|p2a: Glimmora|0 fnt
|-activate|p2a: Glimmora|ability: Toxic Debris
|-sidestart|p1: heatraniac|move: Toxic Spikes
|faint|p2a: Glimmora
|
|upkeep
|
|t:|1758966621
|switch|p2a: Landorus|Landorus-Therian, M|92/100
|-ability|p2a: Landorus|Intimidate|boost
|-unboost|p1a: Ogerpon|atk|1
|turn|4
|j| Tidk
|l| Tidk
|
|t:|1758966632
|move|p1a: Ogerpon|Swords Dance|p1a: Ogerpon
|-boost|p1a: Ogerpon|atk|2
|move|p2a: Landorus|U-turn|p1a: Ogerpon
|-supereffective|p1a: Ogerpon
|-damage|p1a: Ogerpon|45/100
|
|t:|1758966639
|switch|p2a: Dragapult|Dragapult, F|100/100|[from] U-turn
|
|-heal|p1a: Ogerpon|51/100|[from] Grassy Terrain
|upkeep
|turn|5
|
|t:|1758966648
|move|p1a: Ogerpon|Grassy Glide|p2a: Dragapult
|-resisted|p2a: Dragapult
|-crit|p2a: Dragapult
|-damage|p2a: Dragapult|0 fnt
|faint|p2a: Dragapult
|
|-heal|p1a: Ogerpon|57/100|[from] Grassy Terrain
|upkeep
|c|☆Shiny_kairyu|naur
|c|☆heatraniac|did that matter?
|c|☆Shiny_kairyu|are you ada
|inactive|Shiny_kairyu has 120 seconds left.
|c|☆heatraniac|yeah it did matter
|c|☆heatraniac|im not telling
|inactive|Shiny_kairyu has 90 seconds left.
|c|☆Shiny_kairyu|oh
|c|☆Shiny_kairyu|it
|c|☆Shiny_kairyu|always matter
|c|☆Shiny_kairyu|rip
|
|t:|1758966712
|switch|p2a: Kingambit|Kingambit, M|100/100
|-activate|p2a: Kingambit|ability: Supreme Overlord
|-start|p2a: Kingambit|fallen2|[silent]
|turn|6
|
|t:|1758966731
|move|p2a: Kingambit|Sucker Punch|p1a: Ogerpon
|-damage|p1a: Ogerpon|0 fnt
|faint|p1a: Ogerpon
|
|upkeep
|
|t:|1758966743
|switch|p1a: Great Tusk|Great Tusk|100/100
|-status|p1a: Great Tusk|psn
|turn|7
|
|t:|1758966748
|-end|p2a: Kingambit|fallen2|[silent]
|switch|p2a: Landorus|Landorus-Therian, M|92/100
|-ability|p2a: Landorus|Intimidate|boost
|-unboost|p1a: Great Tusk|atk|1
|move|p1a: Great Tusk|Rapid Spin|p2a: Landorus
|-damage|p2a: Landorus|81/100
|-boost|p1a: Great Tusk|spe|1
|-damage|p1a: Great Tusk|84/100 psn|[from] item: Rocky Helmet|[of] p2a: Landorus
|-sideend|p1: heatraniac|Toxic Spikes|[from] move: Rapid Spin|[of] p1a: Great Tusk
|
|-heal|p1a: Great Tusk|90/100 psn|[from] Grassy Terrain
|-damage|p1a: Great Tusk|78/100 psn|[from] psn
|upkeep
|turn|8
|
|t:|1758966761
|-end|p1a: Great Tusk|Protosynthesis|[silent]
|switch|p1a: Clefable|Clefable, F|100/100
|move|p2a: Landorus|Stealth Rock|p1a: Clefable
|-sidestart|p1: heatraniac|move: Stealth Rock
|
|-fieldend|move: Grassy Terrain
|upkeep
|turn|9
|
|t:|1758966767
|move|p2a: Landorus|U-turn|p1a: Clefable
|-resisted|p1a: Clefable
|-damage|p1a: Clefable|88/100
|
|t:|1758966770
|switch|p2a: Araquanid|Araquanid, F|100/100|[from] U-turn
|move|p1a: Clefable|Stealth Rock|p2a: Araquanid
|-sidestart|p2: Shiny_kairyu|move: Stealth Rock
|
|-heal|p1a: Clefable|94/100|[from] item: Leftovers
|upkeep
|turn|10
|
|t:|1758966782
|move|p1a: Clefable|Knock Off|p2a: Araquanid
|-damage|p2a: Araquanid|81/100
|-enditem|p2a: Araquanid|Choice Band|[from] move: Knock Off|[of] p1a: Clefable
|move|p2a: Araquanid|Liquidation|p1a: Clefable
|-damage|p1a: Clefable|17/100
|
|-heal|p1a: Clefable|23/100|[from] item: Leftovers
|upkeep
|turn|11
|
|t:|1758966788
|switch|p1a: Great Tusk|Great Tusk|78/100 psn
|-damage|p1a: Great Tusk|75/100 psn|[from] Stealth Rock
|move|p2a: Araquanid|Sticky Web|p1a: Great Tusk
|-sidestart|p1: heatraniac|move: Sticky Web
|
|-damage|p1a: Great Tusk|62/100 psn|[from] psn
|upkeep
|turn|12
|
|t:|1758966792
|move|p1a: Great Tusk|Rapid Spin|p2a: Araquanid
|-damage|p2a: Araquanid|61/100
|-boost|p1a: Great Tusk|spe|1
|-sideend|p1: heatraniac|Stealth Rock|[from] move: Rapid Spin|[of] p1a: Great Tusk
|-sideend|p1: heatraniac|Sticky Web|[from] move: Rapid Spin|[of] p1a: Great Tusk
|move|p2a: Araquanid|Liquidation|p1a: Great Tusk
|-supereffective|p1a: Great Tusk
|-damage|p1a: Great Tusk|0 fnt
|faint|p1a: Great Tusk
|-end|p1a: Great Tusk|Protosynthesis|[silent]
|
|upkeep
|
|t:|1758966795
|switch|p1a: Kyurem|Kyurem|100/100
|-ability|p1a: Kyurem|Pressure
|turn|13
|
|t:|1758966802
|move|p1a: Kyurem|Draco Meteor|p2a: Araquanid
|-damage|p2a: Araquanid|0 fnt
|-unboost|p1a: Kyurem|spa|2
|faint|p2a: Araquanid
|
|upkeep
|
|t:|1758966810
|switch|p2a: Kingambit|Kingambit, M|100/100
|-damage|p2a: Kingambit|94/100|[from] Stealth Rock
|-activate|p2a: Kingambit|ability: Supreme Overlord
|-start|p2a: Kingambit|fallen3|[silent]
|turn|14
|
|t:|1758966813
|switch|p1a: Heatran|Heatran, M|100/100
|move|p2a: Kingambit|Swords Dance|p2a: Kingambit
|-boost|p2a: Kingambit|atk|2
|
|upkeep
|turn|15
|
|t:|1758966824
|-terastallize|p2a: Kingambit|Fire
|move|p1a: Heatran|Will-O-Wisp|p2a: Kingambit
|-immune|p2a: Kingambit
|move|p2a: Kingambit|Low Kick|p1a: Heatran
|-supereffective|p1a: Heatran
|-damage|p1a: Heatran|0 fnt
|faint|p1a: Heatran
|
|upkeep
|
|t:|1758966838
|switch|p1a: Kyurem|Kyurem|100/100
|-ability|p1a: Kyurem|Pressure
|turn|16
|
|t:|1758966853
|switch|p1a: Rillaboom|Rillaboom, M|84/100
|-fieldstart|move: Grassy Terrain|[from] ability: Grassy Surge|[of] p1a: Rillaboom
|move|p2a: Kingambit|Sucker Punch||[still]
|-fail|p2a: Kingambit
|
|-heal|p1a: Rillaboom|90/100|[from] Grassy Terrain
|-heal|p2a: Kingambit|100/100|[from] Grassy Terrain
|upkeep
|turn|17
|
|t:|1758966859
|move|p1a: Rillaboom|Low Kick|p2a: Kingambit
|-damage|p2a: Kingambit|73/100
|move|p2a: Kingambit|Kowtow Cleave|p1a: Rillaboom
|-damage|p1a: Rillaboom|0 fnt
|faint|p1a: Rillaboom
|
|-heal|p2a: Kingambit|79/100|[from] Grassy Terrain
|upkeep
|
|t:|1758966861
|switch|p1a: Clefable|Clefable, F|23/100
|turn|18
|
|t:|1758966871
|move|p2a: Kingambit|Kowtow Cleave|p1a: Clefable
|-resisted|p1a: Clefable
|-damage|p1a: Clefable|0 fnt
|faint|p1a: Clefable
|
|-heal|p2a: Kingambit|85/100|[from] Grassy Terrain
|upkeep
|-message|heatraniac forfeited.
|
|win|Shiny_kairyu
|raw|heatraniac's rating: 1579 &rarr; <strong>1567</strong><br />(-12 for losing)
|raw|Shiny_kairyu's rating: 1735 &rarr; <strong>1747</strong><br />(+12 for winning)
|l|☆heatraniac
|player|p1|
|l|☆Shiny_kairyu
|player|p2|
|j| touhoukhoa
|j| dsvdv
|l| touhoukhoa
|l| dsvdv
