|j|☆GetterAlice
|j|☆pachuman
|t:|1759077008
|gametype|singles
|player|p1|GetterAlice|102|1091
|player|p2|pachuman|hilbert|1140
|gen|9
|tier|[Gen 9] OU
|rated|
|rule|HP Percentage Mod: HP is shown in percentages
|rule|Endless Battle Clause: Forcing endless battles is banned
|rule|Species Clause: Limit one of each Pokémon
|rule|OHKO Clause: OHKO moves are banned
|rule|Evasion Items Clause: Evasion items are banned
|rule|Evasion Moves Clause: Evasion moves are banned
|rule|Evasion Abilities Clause: Evasion abilities are banned
|rule|Sleep Moves Clause: Sleep-inducing moves are banned
|clearpoke
|poke|p1|Araquanid, F|
|poke|p1|Samurott-Hisui, F|
|poke|p1|Great Tusk|
|poke|p1|Dragapult, F|
|poke|p1|Hatterene, F|
|poke|p1|Necrozma|
|poke|p2|Gliscor, M|
|poke|p2|Ceruledge, F|
|poke|p2|Gholdengo|
|poke|p2|Garchomp, F|
|poke|p2|Corviknight, F|
|poke|p2|Primarina, M|
|teampreview
|
|t:|1759077012
|teamsize|p1|6
|teamsize|p2|6
|start
|switch|p1a: Araquanid|Araquanid, F|100/100
|switch|p2a: Gliscor|Gliscor, M|100/100
|turn|1
|
|t:|1759077020
|move|p2a: Gliscor|Stealth Rock|p1a: Araquanid
|-sidestart|p1: GetterAlice|move: Stealth Rock
|move|p1a: Araquanid|Substitute|p1a: Araquanid
|-start|p1a: Araquanid|Substitute
|-damage|p1a: Araquanid|76/100
|
|-heal|p1a: Araquanid|82/100|[from] item: Leftovers
|-status|p2a: Gliscor|tox|[from] item: Toxic Orb
|upkeep
|turn|2
|
|t:|1759077027
|switch|p2a: Corviknight|Corviknight, F|100/100
|-ability|p2a: Corviknight|Pressure
|move|p1a: Araquanid|Sticky Web|p2a: Corviknight
|-sidestart|p2: pachuman|move: Sticky Web
|
|-heal|p1a: Araquanid|88/100|[from] item: Leftovers
|upkeep
|turn|3
|
|t:|1759077037
|move|p2a: Corviknight|Iron Defense|p2a: Corviknight
|-boost|p2a: Corviknight|def|2
|move|p1a: Araquanid|Hydro Pump|p2a: Corviknight
|-damage|p2a: Corviknight|51/100
|
|-heal|p2a: Corviknight|58/100|[from] item: Leftovers
|-heal|p1a: Araquanid|94/100|[from] item: Leftovers
|upkeep
|turn|4
|
|t:|1759077044
|move|p2a: Corviknight|Brave Bird|p1a: Araquanid
|-supereffective|p1a: Araquanid
|-end|p1a: Araquanid|Substitute
|-damage|p2a: Corviknight|51/100|[from] Recoil|[of] p1a: Araquanid
|move|p1a: Araquanid|Hydro Pump|p2a: Corviknight
|-damage|p2a: Corviknight|1/100
|
|-heal|p2a: Corviknight|7/100|[from] item: Leftovers
|-heal|p1a: Araquanid|100/100|[from] item: Leftovers
|upkeep
|turn|5
|
|t:|1759077060
|switch|p1a: Great Tusk|Great Tusk|100/100
|move|p2a: Corviknight|Defog|p1a: Great Tusk
|-unboost|p1a: Great Tusk|evasion|1
|-sideend|p1: GetterAlice|Stealth Rock|[from] move: Defog|[of] p2a: Corviknight
|-sideend|p2: pachuman|Sticky Web|[from] move: Defog|[of] p2a: Corviknight
|
|-heal|p2a: Corviknight|14/100|[from] item: Leftovers
|upkeep
|turn|6
|
|t:|1759077072
|move|p1a: Great Tusk|Close Combat|p2a: Corviknight
|-damage|p2a: Corviknight|0 fnt
|-unboost|p1a: Great Tusk|def|1
|-unboost|p1a: Great Tusk|spd|1
|faint|p2a: Corviknight
|
|upkeep
|
|t:|1759077074
|switch|p2a: Primarina|Primarina, M|100/100
|turn|7
|
|t:|1759077082
|-end|p1a: Great Tusk|Protosynthesis|[silent]
|switch|p1a: Araquanid|Araquanid, F|100/100
|move|p2a: Primarina|Moonblast|p1a: Araquanid
|-damage|p1a: Araquanid|60/100
|-unboost|p1a: Araquanid|spa|1
|
|-heal|p1a: Araquanid|67/100|[from] item: Leftovers
|upkeep
|turn|8
|
|t:|1759077088
|move|p2a: Primarina|Aqua Jet|p1a: Araquanid
|-resisted|p1a: Araquanid
|-damage|p1a: Araquanid|61/100
|move|p1a: Araquanid|Sticky Web|p2a: Primarina
|-sidestart|p2: pachuman|move: Sticky Web
|
|-heal|p1a: Araquanid|67/100|[from] item: Leftovers
|upkeep
|turn|9
|c|☆pachuman|I misclicked
|
|t:|1759077107
|switch|p1a: Hatterene|Hatterene, F|100/100
|move|p2a: Primarina|Moonblast|p1a: Hatterene
|-damage|p1a: Hatterene|42/100
|-unboost|p1a: Hatterene|spa|1
|
|-heal|p1a: Hatterene|48/100|[from] item: Leftovers
|upkeep
|turn|10
|
|t:|1759077117
|move|p2a: Primarina|Hyper Voice|p1a: Hatterene
|-damage|p1a: Hatterene|0 fnt
|faint|p1a: Hatterene
|-enditem|p2a: Primarina|Throat Spray
|-boost|p2a: Primarina|spa|1|[from] item: Throat Spray
|
|upkeep
|
|t:|1759077128
|switch|p1a: Cozy 'v'|Necrozma, shiny|100/100
|turn|11
|
|t:|1759077135
|-terastallize|p1a: Cozy 'v'|Steel
|move|p1a: Cozy 'v'|Flash Cannon|p2a: Primarina
|-damage|p2a: Primarina|63/100
|move|p2a: Primarina|Hyper Voice|p1a: Cozy 'v'
|-damage|p1a: Cozy 'v'|34/100
|
|upkeep
|turn|12
|
|t:|1759077142
|move|p1a: Cozy 'v'|Meteor Beam||[still]
|-prepare|p1a: Cozy 'v'|Meteor Beam
|-boost|p1a: Cozy 'v'|spa|1
|-enditem|p1a: Cozy 'v'|Power Herb
|-anim|p1a: Cozy 'v'|Meteor Beam|p2a: Primarina
|-damage|p2a: Primarina|6/100
|move|p2a: Primarina|Hyper Voice|p1a: Cozy 'v'
|-damage|p1a: Cozy 'v'|0 fnt
|faint|p1a: Cozy 'v'
|
|upkeep
|
|t:|1759077151
|switch|p1a: Dragapult|Dragapult, F|100/100
|turn|13
|
|t:|1759077154
|move|p1a: Dragapult|Shadow Ball|p2a: Primarina
|-damage|p2a: Primarina|0 fnt
|faint|p2a: Primarina
|-damage|p1a: Dragapult|91/100|[from] item: Life Orb
|
|upkeep
|
|t:|1759077158
|switch|p2a: Gliscor|Gliscor, M|100/100 tox
|turn|14
|
|t:|1759077162
|move|p1a: Dragapult|Draco Meteor|p2a: Gliscor
|-damage|p2a: Gliscor|21/100 tox
|-unboost|p1a: Dragapult|spa|2
|-damage|p1a: Dragapult|81/100|[from] item: Life Orb
|move|p2a: Gliscor|Stealth Rock|p1a: Dragapult
|-sidestart|p1: GetterAlice|move: Stealth Rock
|
|-heal|p2a: Gliscor|33/100 tox|[from] ability: Poison Heal
|upkeep
|turn|15
|
|t:|1759077171
|move|p2a: Gliscor|Protect|p2a: Gliscor
|-singleturn|p2a: Gliscor|Protect
|move|p1a: Dragapult|Draco Meteor|p2a: Gliscor
|-activate|p2a: Gliscor|move: Protect
|
|-heal|p2a: Gliscor|46/100 tox|[from] ability: Poison Heal
|upkeep
|turn|16
|
|t:|1759077178
|move|p1a: Dragapult|Draco Meteor|p2a: Gliscor
|-damage|p2a: Gliscor|4/100 tox
|-unboost|p1a: Dragapult|spa|2
|-damage|p1a: Dragapult|71/100|[from] item: Life Orb
|move|p2a: Gliscor|Toxic|p1a: Dragapult
|-status|p1a: Dragapult|tox
|
|-damage|p1a: Dragapult|65/100 tox|[from] psn
|-heal|p2a: Gliscor|16/100 tox|[from] ability: Poison Heal
|upkeep
|turn|17
|
|t:|1759077183
|switch|p1a: the first|Samurott-Hisui, F|100/100
|-damage|p1a: the first|88/100|[from] Stealth Rock
|move|p2a: Gliscor|Protect||[still]
|-fail|p2a: Gliscor
|
|-heal|p2a: Gliscor|29/100 tox|[from] ability: Poison Heal
|upkeep
|turn|18
|
|t:|1759077194
|switch|p2a: Garchomp|Garchomp, F|100/100
|-activate|p2a: Garchomp|move: Sticky Web
|-unboost|p2a: Garchomp|spe|1
|move|p1a: the first|Ceaseless Edge|p2a: Garchomp
|-damage|p2a: Garchomp|64/100
|-damage|p1a: the first|76/100|[from] ability: Rough Skin|[of] p2a: Garchomp
|-sidestart|p2: pachuman|Spikes
|
|upkeep
|turn|19
|
|t:|1759077208
|move|p1a: the first|Ceaseless Edge|p2a: Garchomp|[miss]
|-miss|p1a: the first|p2a: Garchomp
|move|p2a: Garchomp|Swords Dance|p2a: Garchomp
|-boost|p2a: Garchomp|atk|2
|
|upkeep
|turn|20
|
|t:|1759077211
|move|p1a: the first|Ceaseless Edge|p2a: Garchomp
|-damage|p2a: Garchomp|29/100
|-damage|p1a: the first|63/100|[from] ability: Rough Skin|[of] p2a: Garchomp
|-sidestart|p2: pachuman|Spikes
|move|p2a: Garchomp|Scale Shot|p1a: the first
|-damage|p1a: the first|31/100
|-damage|p1a: the first|0 fnt
|faint|p1a: the first
|-hitcount|p1: the first|2
|-unboost|p2a: Garchomp|def|1
|-boost|p2a: Garchomp|spe|1
|
|upkeep
|
|t:|1759077222
|switch|p1a: Dragapult|Dragapult, F|65/100 tox
|-damage|p1a: Dragapult|53/100 tox|[from] Stealth Rock
|turn|21
|
|t:|1759077226
|-terastallize|p2a: Garchomp|Steel
|move|p1a: Dragapult|Draco Meteor|p2a: Garchomp
|-resisted|p2a: Garchomp
|-damage|p2a: Garchomp|0 fnt
|-unboost|p1a: Dragapult|spa|2
|faint|p2a: Garchomp
|-damage|p1a: Dragapult|43/100 tox|[from] item: Life Orb
|
|-damage|p1a: Dragapult|37/100 tox|[from] psn
|upkeep
|
|t:|1759077234
|switch|p2a: Gliscor|Gliscor, M|29/100 tox
|turn|22
|
|t:|1759077237
|move|p2a: Gliscor|Protect|p2a: Gliscor
|-singleturn|p2a: Gliscor|Protect
|move|p1a: Dragapult|U-turn|p2a: Gliscor
|-activate|p2a: Gliscor|move: Protect
|
|-damage|p1a: Dragapult|25/100 tox|[from] psn
|-heal|p2a: Gliscor|41/100 tox|[from] ability: Poison Heal
|upkeep
|turn|23
|
|t:|1759077242
|move|p1a: Dragapult|U-turn|p2a: Gliscor
|-resisted|p2a: Gliscor
|-damage|p2a: Gliscor|34/100 tox
|-damage|p1a: Dragapult|15/100 tox|[from] item: Life Orb
|
|t:|1759077248
|switch|p1a: Araquanid|Araquanid, F|67/100|[from] U-turn
|-damage|p1a: Araquanid|42/100|[from] Stealth Rock
|move|p2a: Gliscor|Earthquake|p1a: Araquanid
|-resisted|p1a: Araquanid
|-damage|p1a: Araquanid|24/100
|
|-heal|p1a: Araquanid|30/100|[from] item: Leftovers
|-heal|p2a: Gliscor|47/100 tox|[from] ability: Poison Heal
|upkeep
|turn|24
|
|t:|1759077253
|move|p2a: Gliscor|Protect|p2a: Gliscor
|-singleturn|p2a: Gliscor|Protect
|move|p1a: Araquanid|Substitute|p1a: Araquanid
|-start|p1a: Araquanid|Substitute
|-damage|p1a: Araquanid|5/100
|
|-heal|p1a: Araquanid|11/100|[from] item: Leftovers
|-heal|p2a: Gliscor|59/100 tox|[from] ability: Poison Heal
|upkeep
|turn|25
|
|t:|1759077262
|move|p2a: Gliscor|Earthquake|p1a: Araquanid
|-resisted|p1a: Araquanid
|-activate|p1a: Araquanid|move: Substitute|[damage]
|move|p1a: Araquanid|Hydro Pump|p2a: Gliscor|[miss]
|-miss|p1a: Araquanid|p2a: Gliscor
|
|-heal|p1a: Araquanid|17/100|[from] item: Leftovers
|-heal|p2a: Gliscor|71/100 tox|[from] ability: Poison Heal
|upkeep
|turn|26
|
|t:|1759077267
|move|p2a: Gliscor|Earthquake|p1a: Araquanid
|-resisted|p1a: Araquanid
|-end|p1a: Araquanid|Substitute
|move|p1a: Araquanid|Hydro Pump|p2a: Gliscor
|-supereffective|p2a: Gliscor
|-damage|p2a: Gliscor|0 fnt
|faint|p2a: Gliscor
|
|-heal|p1a: Araquanid|24/100|[from] item: Leftovers
|upkeep
|
|t:|1759077275
|switch|p2a: Gholdengo|Gholdengo|100/100
|-activate|p2a: Gholdengo|move: Sticky Web
|-unboost|p2a: Gholdengo|spe|1
|-damage|p2a: Gholdengo|84/100|[from] Spikes
|turn|27
|
|t:|1759077288
|move|p2a: Gholdengo|Thunderbolt|p1a: Araquanid
|-supereffective|p1a: Araquanid
|-damage|p1a: Araquanid|0 fnt
|faint|p1a: Araquanid
|
|upkeep
|
|t:|1759077290
|switch|p1a: Great Tusk|Great Tusk|100/100
|turn|28
|
|t:|1759077294
|switch|p2a: Ceruledge|Ceruledge, F|100/100
|-activate|p2a: Ceruledge|move: Sticky Web
|-unboost|p2a: Ceruledge|spe|1
|-damage|p2a: Ceruledge|84/100|[from] Spikes
|move|p1a: Great Tusk|Headlong Rush|p2a: Ceruledge
|-supereffective|p2a: Ceruledge
|-damage|p2a: Ceruledge|0 fnt
|-unboost|p1a: Great Tusk|def|1
|-unboost|p1a: Great Tusk|spd|1
|faint|p2a: Ceruledge
|
|upkeep
|
|t:|1759077296
|switch|p2a: Gholdengo|Gholdengo|84/100
|-activate|p2a: Gholdengo|move: Sticky Web
|-unboost|p2a: Gholdengo|spe|1
|-damage|p2a: Gholdengo|67/100|[from] Spikes
|turn|29
|
|t:|1759077308
|move|p1a: Great Tusk|Headlong Rush|p2a: Gholdengo
|-supereffective|p2a: Gholdengo
|-damage|p2a: Gholdengo|0 fnt
|-unboost|p1a: Great Tusk|def|1
|-unboost|p1a: Great Tusk|spd|1
|faint|p2a: Gholdengo
|
|win|GetterAlice
|raw|GetterAlice's rating: 1091 &rarr; <strong>1121</strong><br />(+30 for winning)
|raw|pachuman's rating: 1140 &rarr; <strong>1111</strong><br />(-29 for losing)
|c|☆GetterAlice|gg
|l|☆pachuman
|player|p2|
