|badge|p1|bronze|gen9ou|100-6
|html|<div class="broadcast-red"><strong>This battle is required to be public due to one or more player having a season medal.</strong><br />During the public phase, you can discuss the state of the ladder <a href="/seasondiscussion">in a special chatroom.</a></div>
|uhtml|medal-msg|<div class="broadcast-blue">Curious what those medals under the avatar are? PS now has Ladder Seasons! For more information, check out the <a href="https://www.smogon.com/forums/threads/3740067/">thread on Smogon.</a></div>
|raw|<div class="broadcast-blue"><strong>This battle is required to be public due to a player having a name starting with 'medal'.</div>
|j|☆mcribs
|j|☆jeandonis02
|t:|1759069843
|gametype|singles
|player|p1|mcribs|101|1747
|player|p2|jeandonis02|lucas|1715
|gen|9
|tier|[Gen 9] OU
|rated|
|rule|HP Percentage Mod: HP is shown in percentages
|rule|Endless Battle Clause: Forcing endless battles is banned
|rule|Species Clause: Limit one of each Pokémon
|rule|OHKO Clause: OHKO moves are banned
|rule|Evasion Items Clause: Evasion items are banned
|rule|Evasion Moves Clause: Evasion moves are banned
|rule|Evasion Abilities Clause: Evasion abilities are banned
|rule|Sleep Moves Clause: Sleep-inducing moves are banned
|clearpoke
|poke|p1|Samurott-Hisui, M|
|poke|p1|Raging Bolt|
|poke|p1|Tornadus-Therian, M|
|poke|p1|Iron Valiant|
|poke|p1|Iron Treads|
|poke|p1|Gholdengo|
|poke|p2|Garchomp, M|
|poke|p2|Ditto|
|poke|p2|Ceruledge, M|
|poke|p2|Great Tusk|
|poke|p2|Dragapult, F|
|poke|p2|Toxapex, M|
|teampreview
|inactive|Battle timer is ON: inactive players will automatically lose when time's up. (requested by mcribs)
|
|t:|1759069847
|teamsize|p1|6
|teamsize|p2|6
|start
|switch|p1a: Iron Valiant|Iron Valiant|100/100
|switch|p2a: Garchomp|Garchomp, M|100/100
|turn|1
|
|t:|1759069850
|switch|p2a: Toxapex|Toxapex, M|100/100
|move|p1a: Iron Valiant|Moonblast|p2a: Toxapex
|-resisted|p2a: Toxapex
|-damage|p2a: Toxapex|78/100
|-unboost|p2a: Toxapex|spa|1
|
|-heal|p2a: Toxapex|85/100|[from] item: Leftovers
|upkeep
|turn|2
|
|t:|1759069854
|-end|p1a: Iron Valiant|Quark Drive|[silent]
|switch|p1a: Iron Treads|Iron Treads|100/100
|move|p2a: Toxapex|Toxic|p1a: Iron Treads
|-immune|p1a: Iron Treads
|
|-heal|p2a: Toxapex|91/100|[from] item: Leftovers
|upkeep
|turn|3
|
|t:|1759069859
|switch|p2a: Ceruledge|Ceruledge, M|100/100
|move|p1a: Iron Treads|Stealth Rock|p2a: Ceruledge
|-sidestart|p2: jeandonis02|move: Stealth Rock
|
|upkeep
|turn|4
|
|t:|1759069862
|-end|p1a: Iron Treads|Quark Drive|[silent]
|switch|p1a: Samurott|Samurott-Hisui, M|100/100
|move|p2a: Ceruledge|Close Combat|p1a: Samurott
|-supereffective|p1a: Samurott
|-damage|p1a: Samurott|7/100
|-unboost|p2a: Ceruledge|def|1
|-unboost|p2a: Ceruledge|spd|1
|
|upkeep
|turn|5
|
|t:|1759069865
|move|p2a: Ceruledge|Shadow Sneak|p1a: Samurott
|-resisted|p1a: Samurott
|-damage|p1a: Samurott|0 fnt
|faint|p1a: Samurott
|
|upkeep
|
|t:|1759069868
|switch|p1a: Iron Treads|Iron Treads|100/100
|turn|6
|
|t:|1759069870
|move|p2a: Ceruledge|Bitter Blade|p1a: Iron Treads
|-supereffective|p1a: Iron Treads
|-damage|p1a: Iron Treads|34/100
|move|p1a: Iron Treads|Earthquake|p2a: Ceruledge
|-supereffective|p2a: Ceruledge
|-enditem|p2a: Ceruledge|Focus Sash
|-damage|p2a: Ceruledge|1/100
|-ability|p2a: Ceruledge|Weak Armor|boost
|-unboost|p2a: Ceruledge|def|1
|-boost|p2a: Ceruledge|spe|2
|
|-heal|p1a: Iron Treads|40/100|[from] item: Leftovers
|upkeep
|turn|7
|
|t:|1759069875
|-end|p1a: Iron Treads|Quark Drive|[silent]
|switch|p1a: Raging Bolt|Raging Bolt|100/100
|move|p2a: Ceruledge|Bitter Blade|p1a: Raging Bolt
|-resisted|p1a: Raging Bolt
|-damage|p1a: Raging Bolt|82/100
|-heal|p2a: Ceruledge|15/100|[from] drain|[of] p1a: Raging Bolt
|
|-heal|p1a: Raging Bolt|88/100|[from] item: Leftovers
|upkeep
|turn|8
|
|t:|1759069878
|move|p1a: Raging Bolt|Thunderclap|p2a: Ceruledge
|-damage|p2a: Ceruledge|0 fnt
|faint|p2a: Ceruledge
|
|-heal|p1a: Raging Bolt|94/100|[from] item: Leftovers
|upkeep
|
|t:|1759069880
|switch|p2a: Great Tusk|Great Tusk|100/100
|turn|9
|
|t:|1759069887
|-end|p1a: Raging Bolt|Protosynthesis|[silent]
|switch|p1a: Gholdengo|Gholdengo|100/100
|-item|p1a: Gholdengo|Air Balloon
|move|p2a: Great Tusk|Knock Off|p1a: Gholdengo
|-supereffective|p1a: Gholdengo
|-damage|p1a: Gholdengo|61/100
|-enditem|p1a: Gholdengo|Air Balloon
|
|upkeep
|turn|10
|
|t:|1759069890
|switch|p1a: Tornadus|Tornadus-Therian, M|100/100
|move|p2a: Great Tusk|Earthquake|p1a: Tornadus
|-immune|p1a: Tornadus
|
|upkeep
|turn|11
|
|t:|1759069893
|-end|p2a: Great Tusk|Protosynthesis|[silent]
|switch|p2a: Toxapex|Toxapex, M|100/100
|-damage|p2a: Toxapex|88/100|[from] Stealth Rock
|move|p1a: Tornadus|Knock Off|p2a: Toxapex
|-damage|p2a: Toxapex|71/100
|-enditem|p2a: Toxapex|Leftovers|[from] move: Knock Off|[of] p1a: Tornadus
|
|upkeep
|turn|12
|
|t:|1759069895
|switch|p1a: Iron Treads|Iron Treads|40/100
|move|p2a: Toxapex|Baneful Bunker||[still]
|-fail|p2a: Toxapex
|
|-heal|p1a: Iron Treads|46/100|[from] item: Leftovers
|upkeep
|turn|13
|
|t:|1759069899
|switch|p2a: Great Tusk|Great Tusk|100/100
|move|p1a: Iron Treads|Earthquake|p2a: Great Tusk
|-damage|p2a: Great Tusk|80/100
|
|-heal|p1a: Iron Treads|52/100|[from] item: Leftovers
|upkeep
|turn|14
|
|t:|1759069902
|-end|p1a: Iron Treads|Quark Drive|[silent]
|switch|p1a: Gholdengo|Gholdengo|61/100
|move|p2a: Great Tusk|Stealth Rock|p1a: Gholdengo
|-sidestart|p1: mcribs|move: Stealth Rock
|
|upkeep
|turn|15
|
|t:|1759069904
|switch|p1a: Tornadus|Tornadus-Therian, M|100/100
|move|p2a: Great Tusk|Knock Off|p1a: Tornadus
|-damage|p1a: Tornadus|67/100
|-enditem|p1a: Tornadus|Heavy-Duty Boots|[from] move: Knock Off|[of] p2a: Great Tusk
|
|upkeep
|turn|16
|
|t:|1759069907
|-end|p2a: Great Tusk|Protosynthesis|[silent]
|switch|p2a: Toxapex|Toxapex, M|100/100
|-damage|p2a: Toxapex|88/100|[from] Stealth Rock
|move|p1a: Tornadus|Bleakwind Storm|p2a: Toxapex
|-damage|p2a: Toxapex|65/100
|
|upkeep
|turn|17
|
|t:|1759069910
|switch|p2a: Garchomp|Garchomp, M|100/100
|-damage|p2a: Garchomp|94/100|[from] Stealth Rock
|move|p1a: Tornadus|Bleakwind Storm|p2a: Garchomp
|-damage|p2a: Garchomp|55/100
|
|upkeep
|turn|18
|
|t:|1759069913
|switch|p1a: Iron Treads|Iron Treads|52/100
|-damage|p1a: Iron Treads|50/100|[from] Stealth Rock
|move|p2a: Garchomp|Outrage|p1a: Iron Treads
|-resisted|p1a: Iron Treads
|-damage|p1a: Iron Treads|15/100
|
|-heal|p1a: Iron Treads|21/100|[from] item: Leftovers
|upkeep
|turn|19
|
|t:|1759069917
|-end|p1a: Iron Treads|Quark Drive|[silent]
|switch|p1a: Iron Valiant|Iron Valiant|100/100
|-damage|p1a: Iron Valiant|94/100|[from] Stealth Rock
|move|p2a: Garchomp|Outrage|p1a: Iron Valiant|[from] lockedmove
|-immune|p1a: Iron Valiant
|-start|p2a: Garchomp|confusion|[fatigue]
|
|upkeep
|turn|20
|
|t:|1759069920
|switch|p2a: Toxapex|Toxapex, M|99/100
|-damage|p2a: Toxapex|86/100|[from] Stealth Rock
|move|p1a: Iron Valiant|Moonblast|p2a: Toxapex
|-resisted|p2a: Toxapex
|-damage|p2a: Toxapex|65/100
|-unboost|p2a: Toxapex|spa|1
|
|upkeep
|turn|21
|
|t:|1759069925
|-end|p1a: Iron Valiant|Quark Drive|[silent]
|switch|p1a: Iron Treads|Iron Treads|21/100
|-damage|p1a: Iron Treads|18/100|[from] Stealth Rock
|move|p2a: Toxapex|Ice Beam|p1a: Iron Treads
|-damage|p1a: Iron Treads|10/100
|-status|p1a: Iron Treads|frz
|
|-heal|p1a: Iron Treads|17/100 frz|[from] item: Leftovers
|upkeep
|turn|22
|
|t:|1759069928
|switch|p2a: Great Tusk|Great Tusk|80/100
|cant|p1a: Iron Treads|frz
|
|-heal|p1a: Iron Treads|23/100 frz|[from] item: Leftovers
|upkeep
|turn|23
|
|t:|1759069932
|-end|p1a: Iron Treads|Quark Drive|[silent]
|switch|p1a: Gholdengo|Gholdengo|61/100
|-damage|p1a: Gholdengo|55/100|[from] Stealth Rock
|move|p2a: Great Tusk|Rapid Spin|p1a: Gholdengo
|-immune|p1a: Gholdengo
|
|upkeep
|turn|24
|
|t:|1759069935
|switch|p1a: Tornadus|Tornadus-Therian, M|100/100
|-damage|p1a: Tornadus|76/100|[from] Stealth Rock
|move|p2a: Great Tusk|Rapid Spin|p1a: Tornadus
|-damage|p1a: Tornadus|60/100
|-boost|p2a: Great Tusk|spe|1
|-sideend|p2: jeandonis02|Stealth Rock|[from] move: Rapid Spin|[of] p2a: Great Tusk
|
|upkeep
|turn|25
|
|t:|1759069939
|-end|p2a: Great Tusk|Protosynthesis|[silent]
|switch|p2a: Toxapex|Toxapex, M|98/100
|-terastallize|p1a: Tornadus|Steel
|move|p1a: Tornadus|Bleakwind Storm|p2a: Toxapex|[miss]
|-miss|p1a: Tornadus|p2a: Toxapex
|
|upkeep
|turn|26
|
|t:|1759069944
|move|p1a: Tornadus|Nasty Plot|p1a: Tornadus
|-boost|p1a: Tornadus|spa|2
|move|p2a: Toxapex|Ice Beam|p1a: Tornadus
|-resisted|p1a: Tornadus
|-damage|p1a: Tornadus|54/100
|
|upkeep
|turn|27
|
|t:|1759069948
|move|p1a: Tornadus|Bleakwind Storm|p2a: Toxapex
|-damage|p2a: Toxapex|53/100
|move|p2a: Toxapex|Ice Beam|p1a: Tornadus
|-resisted|p1a: Tornadus
|-damage|p1a: Tornadus|48/100
|
|upkeep
|turn|28
|
|t:|1759069952
|move|p1a: Tornadus|Bleakwind Storm|p2a: Toxapex
|-damage|p2a: Toxapex|8/100
|move|p2a: Toxapex|Haze|p2a: Toxapex
|-clearallboost
|
|upkeep
|turn|29
|
|t:|1759069955
|switch|p2a: Garchomp|Garchomp, M|55/100
|move|p1a: Tornadus|Knock Off|p2a: Garchomp
|-damage|p2a: Garchomp|36/100
|-damage|p1a: Tornadus|36/100|[from] ability: Rough Skin|[of] p2a: Garchomp
|-enditem|p2a: Garchomp|Choice Band|[from] move: Knock Off|[of] p1a: Tornadus
|
|upkeep
|turn|30
|
|t:|1759069958
|move|p1a: Tornadus|Bleakwind Storm|p2a: Garchomp
|-damage|p2a: Garchomp|0 fnt
|faint|p2a: Garchomp
|
|upkeep
|
|t:|1759069962
|switch|p2a: Ditto|Ditto|100/100
|-transform|p2a: Ditto|p1a: Tornadus|[from] ability: Imposter
|-start|p2a: Ditto|typechange|Flying|[silent]
|turn|31
|
|t:|1759069966
|switch|p1a: Iron Treads|Iron Treads|23/100 frz
|-damage|p1a: Iron Treads|20/100 frz|[from] Stealth Rock
|move|p2a: Ditto|Heat Wave|p1a: Iron Treads
|-supereffective|p1a: Iron Treads
|-damage|p1a: Iron Treads|0 fnt
|faint|p1a: Iron Treads
|-end|p1a: Iron Treads|Quark Drive|[silent]
|
|upkeep
|
|t:|1759069967
|switch|p1a: Raging Bolt|Raging Bolt|94/100
|-damage|p1a: Raging Bolt|82/100|[from] Stealth Rock
|turn|32
|
|t:|1759069972
|switch|p2a: Great Tusk|Great Tusk|80/100
|move|p1a: Raging Bolt|Draco Meteor|p2a: Great Tusk
|-damage|p2a: Great Tusk|0 fnt
|-unboost|p1a: Raging Bolt|spa|2
|faint|p2a: Great Tusk
|-end|p2a: Great Tusk|Protosynthesis|[silent]
|
|-heal|p1a: Raging Bolt|88/100|[from] item: Leftovers
|upkeep
|
|t:|1759069974
|switch|p2a: Dragapult|Dragapult, F|100/100
|turn|33
|
|t:|1759069982
|-end|p1a: Raging Bolt|Protosynthesis|[silent]
|switch|p1a: Tornadus|Tornadus-Therian, M, tera:Steel|69/100
|-damage|p1a: Tornadus|63/100|[from] Stealth Rock
|move|p2a: Dragapult|Substitute|p2a: Dragapult
|-start|p2a: Dragapult|Substitute
|-damage|p2a: Dragapult|76/100
|
|-heal|p2a: Dragapult|82/100|[from] item: Leftovers
|upkeep
|turn|34
|
|t:|1759069986
|move|p1a: Tornadus|Knock Off|p2a: Dragapult
|-supereffective|p2a: Dragapult
|-end|p2a: Dragapult|Substitute
|move|p2a: Dragapult|Dragon Dance|p2a: Dragapult
|-boost|p2a: Dragapult|atk|1
|-boost|p2a: Dragapult|spe|1
|
|-heal|p2a: Dragapult|88/100|[from] item: Leftovers
|upkeep
|turn|35
|
|t:|1759069990
|-terastallize|p2a: Dragapult|Fire
|move|p2a: Dragapult|Tera Blast|p1a: Tornadus|[anim] Tera Blast Fire
|-supereffective|p1a: Tornadus
|-damage|p1a: Tornadus|0 fnt
|faint|p1a: Tornadus
|
|-heal|p2a: Dragapult|94/100|[from] item: Leftovers
|upkeep
|
|t:|1759069994
|switch|p1a: Iron Valiant|Iron Valiant|94/100
|-damage|p1a: Iron Valiant|88/100|[from] Stealth Rock
|turn|36
|
|t:|1759069998
|move|p2a: Dragapult|Tera Blast|p1a: Iron Valiant|[anim] Tera Blast Fire
|-damage|p1a: Iron Valiant|12/100
|move|p1a: Iron Valiant|Trick|p2a: Dragapult
|-activate|p1a: Iron Valiant|move: Trick|[of] p2a: Dragapult
|-item|p2a: Dragapult|Choice Specs|[from] move: Trick
|-item|p1a: Iron Valiant|Leftovers|[from] move: Trick
|
|-heal|p1a: Iron Valiant|18/100|[from] item: Leftovers
|upkeep
|turn|37
|
|t:|1759070003
|move|p2a: Dragapult|Tera Blast|p1a: Iron Valiant|[anim] Tera Blast Fire
|-damage|p1a: Iron Valiant|0 fnt
|faint|p1a: Iron Valiant
|-end|p1a: Iron Valiant|Quark Drive|[silent]
|
|upkeep
|
|t:|1759070004
|switch|p1a: Raging Bolt|Raging Bolt|88/100
|-damage|p1a: Raging Bolt|75/100|[from] Stealth Rock
|turn|38
|
|t:|1759070008
|move|p2a: Dragapult|Tera Blast|p1a: Raging Bolt|[anim] Tera Blast Fire
|-resisted|p1a: Raging Bolt
|-damage|p1a: Raging Bolt|51/100
|move|p1a: Raging Bolt|Thunderbolt|p2a: Dragapult
|-damage|p2a: Dragapult|31/100
|
|-heal|p1a: Raging Bolt|57/100|[from] item: Leftovers
|upkeep
|turn|39
|
|t:|1759070012
|switch|p2a: Ditto|Ditto|100/100
|-transform|p2a: Ditto|p1a: Raging Bolt|[from] ability: Imposter
|move|p1a: Raging Bolt|Thunderclap||[still]
|-fail|p1a: Raging Bolt
|
|-heal|p1a: Raging Bolt|63/100|[from] item: Leftovers
|upkeep
|turn|40
|
|t:|1759070017
|move|p2a: Ditto|Draco Meteor|p1a: Raging Bolt|[miss]
|-miss|p2a: Ditto|p1a: Raging Bolt
|move|p1a: Raging Bolt|Draco Meteor|p2a: Ditto
|-supereffective|p2a: Ditto
|-damage|p2a: Ditto|0 fnt
|-unboost|p1a: Raging Bolt|spa|2
|faint|p2a: Ditto
|-end|p2a: Ditto|Protosynthesis|[silent]
|
|-heal|p1a: Raging Bolt|69/100|[from] item: Leftovers
|upkeep
|
|t:|1759070021
|switch|p2a: Dragapult|Dragapult, F, tera:Fire|31/100
|turn|41
|
|t:|1759070026
|move|p1a: Raging Bolt|Thunderclap|p2a: Dragapult
|-damage|p2a: Dragapult|7/100
|move|p2a: Dragapult|Dragon Darts|p1a: Raging Bolt
|-supereffective|p1a: Raging Bolt
|-damage|p1a: Raging Bolt|27/100
|-anim|p2a: Dragapult|Dragon Darts|p1a: Raging Bolt
|-supereffective|p1a: Raging Bolt
|-damage|p1a: Raging Bolt|0 fnt
|faint|p1a: Raging Bolt
|-end|p1a: Raging Bolt|Protosynthesis|[silent]
|
|upkeep
|
|t:|1759070027
|switch|p1a: Gholdengo|Gholdengo|55/100
|-damage|p1a: Gholdengo|49/100|[from] Stealth Rock
|turn|42
|
|t:|1759070029
|switch|p2a: Toxapex|Toxapex, M|41/100
|move|p1a: Gholdengo|Recover|p1a: Gholdengo
|-heal|p1a: Gholdengo|99/100
|
|upkeep
|turn|43
|
|t:|1759070032
|move|p1a: Gholdengo|Thunder Wave|p2a: Toxapex
|-status|p2a: Toxapex|par
|move|p2a: Toxapex|Ice Beam|p1a: Gholdengo
|-resisted|p1a: Gholdengo
|-damage|p1a: Gholdengo|93/100
|
|upkeep
|turn|44
|
|t:|1759070035
|move|p1a: Gholdengo|Hex|p2a: Toxapex
|-damage|p2a: Toxapex|3/100 par
|move|p2a: Toxapex|Ice Beam|p1a: Gholdengo
|-resisted|p1a: Gholdengo
|-damage|p1a: Gholdengo|87/100
|
|upkeep
|turn|45
|
|t:|1759070036
|move|p1a: Gholdengo|Recover|p1a: Gholdengo
|-heal|p1a: Gholdengo|100/100
|move|p2a: Toxapex|Ice Beam|p1a: Gholdengo
|-resisted|p1a: Gholdengo
|-damage|p1a: Gholdengo|95/100
|
|upkeep
|turn|46
|
|t:|1759070039
|move|p1a: Gholdengo|Recover|p1a: Gholdengo
|-heal|p1a: Gholdengo|100/100
|move|p2a: Toxapex|Ice Beam|p1a: Gholdengo
|-resisted|p1a: Gholdengo
|-damage|p1a: Gholdengo|94/100
|
|upkeep
|turn|47
|
|t:|1759070041
|move|p1a: Gholdengo|Recover|p1a: Gholdengo
|-heal|p1a: Gholdengo|100/100
|move|p2a: Toxapex|Ice Beam|p1a: Gholdengo
|-resisted|p1a: Gholdengo
|-damage|p1a: Gholdengo|94/100
|
|upkeep
|turn|48
|
|t:|1759070043
|move|p1a: Gholdengo|Recover|p1a: Gholdengo
|-heal|p1a: Gholdengo|100/100
|move|p2a: Toxapex|Ice Beam|p1a: Gholdengo
|-resisted|p1a: Gholdengo
|-damage|p1a: Gholdengo|94/100
|
|upkeep
|turn|49
|
|t:|1759070045
|move|p1a: Gholdengo|Recover|p1a: Gholdengo
|-heal|p1a: Gholdengo|100/100
|cant|p2a: Toxapex|par
|
|upkeep
|turn|50
|
|t:|1759070046
|move|p1a: Gholdengo|Hex|p2a: Toxapex
|-damage|p2a: Toxapex|0 fnt
|faint|p2a: Toxapex
|
|upkeep
|
|t:|1759070048
|switch|p2a: Dragapult|Dragapult, F, tera:Fire|7/100
|turn|51
|
|t:|1759070051
|move|p2a: Dragapult|Tera Blast|p1a: Gholdengo|[anim] Tera Blast Fire
|-supereffective|p1a: Gholdengo
|-damage|p1a: Gholdengo|42/100
|move|p1a: Gholdengo|Hex|p2a: Dragapult
|-damage|p2a: Dragapult|0 fnt
|faint|p2a: Dragapult
|
|win|mcribs
|raw|mcribs's rating: 1747 &rarr; <strong>1765</strong><br />(+18 for winning)
|raw|jeandonis02's rating: 1715 &rarr; <strong>1697</strong><br />(-18 for losing)
|l|☆mcribs
|player|p1|
|l|☆jeandonis02
|player|p2|
