|j|☆will1994
|j|☆will-i-am2
|t:|1758999378
|gametype|singles
|player|p1|will1994|red|1649
|player|p2|will-i-am2|170|1613
|gen|9
|tier|[Gen 9] OU
|rated|
|rule|HP Percentage Mod: HP is shown in percentages
|rule|Endless Battle Clause: Forcing endless battles is banned
|rule|Species Clause: Limit one of each Pokémon
|rule|OHKO Clause: OHKO moves are banned
|rule|Evasion Items Clause: Evasion items are banned
|rule|Evasion Moves Clause: Evasion moves are banned
|rule|Evasion Abilities Clause: Evasion abilities are banned
|rule|Sleep Moves Clause: Sleep-inducing moves are banned
|clearpoke
|poke|p1|Rillaboom, M|
|poke|p1|Charizard, M|
|poke|p1|Corviknight, M|
|poke|p1|Kleavor, M|
|poke|p1|Clodsire, M|
|poke|p1|Samurott-Hisui, M|
|poke|p2|Registeel|
|poke|p2|Mamoswine, F|
|poke|p2|Mimikyu, F|
|poke|p2|Hydreigon, M|
|poke|p2|Slowbro, M|
|poke|p2|Mandibuzz, F|
|teampreview
|inactive|Battle timer is ON: inactive players will automatically lose when time's up. (requested by will1994)
|inactive|will-i-am2 has 120 seconds left.
|
|t:|1758999430
|teamsize|p1|6
|teamsize|p2|6
|start
|switch|p1a: Kleavor|Kleavor, M|100/100
|switch|p2a: Hydreigon|Hydreigon, M|100/100
|turn|1
|
|t:|1758999450
|move|p1a: Kleavor|U-turn|p2a: Hydreigon
|-supereffective|p2a: Hydreigon
|-damage|p2a: Hydreigon|16/100
|
|t:|1758999453
|switch|p1a: Samurott|Samurott-Hisui, M|100/100|[from] U-turn
|move|p2a: Hydreigon|Dark Pulse|p1a: Samurott
|-resisted|p1a: Samurott
|-damage|p1a: Samurott|87/100
|
|upkeep
|turn|2
|
|t:|1758999459
|move|p2a: Hydreigon|Draco Meteor|p1a: Samurott
|-damage|p1a: Samurott|47/100
|-unboost|p2a: Hydreigon|spa|2
|move|p1a: Samurott|Ceaseless Edge|p2a: Hydreigon
|-resisted|p2a: Hydreigon
|-damage|p2a: Hydreigon|0 fnt
|-sidestart|p2: will-i-am2|Spikes
|faint|p2a: Hydreigon
|
|upkeep
|
|t:|1758999467
|switch|p2a: Mandibuzz|Mandibuzz, F|100/100
|turn|3
|
|t:|1758999475
|switch|p1a: Kleavor|Kleavor, M|100/100
|move|p2a: Mandibuzz|Foul Play|p1a: Kleavor
|-damage|p1a: Kleavor|35/100
|
|upkeep
|turn|4
|
|t:|1758999480
|move|p1a: Kleavor|Stone Axe|p2a: Mandibuzz
|-supereffective|p2a: Mandibuzz
|-damage|p2a: Mandibuzz|42/100
|-damage|p1a: Kleavor|19/100|[from] item: Rocky Helmet|[of] p2a: Mandibuzz
|-sidestart|p2: will-i-am2|move: Stealth Rock
|move|p2a: Mandibuzz|Foul Play|p1a: Kleavor
|-damage|p1a: Kleavor|0 fnt
|faint|p1a: Kleavor
|
|upkeep
|
|t:|1758999484
|switch|p1a: Charizard|Charizard, M|100/100
|turn|5
|
|t:|1758999490
|-terastallize|p1a: Charizard|Fire
|move|p1a: Charizard|Flamethrower|p2a: Mandibuzz
|-damage|p2a: Mandibuzz|0 fnt
|faint|p2a: Mandibuzz
|
|upkeep
|
|t:|1758999498
|switch|p2a: Slowbro|Slowbro, M|100/100
|-damage|p2a: Slowbro|88/100|[from] Spikes
|-damage|p2a: Slowbro|76/100|[from] Stealth Rock
|turn|6
|
|t:|1758999504
|switch|p1a: Samurott|Samurott-Hisui, M|47/100
|move|p2a: Slowbro|Psychic|p1a: Samurott
|-immune|p1a: Samurott
|
|-heal|p2a: Slowbro|82/100|[from] item: Leftovers
|upkeep
|turn|7
|
|t:|1758999509
|switch|p2a: Registeel|Registeel|100/100
|-damage|p2a: Registeel|88/100|[from] Spikes
|-damage|p2a: Registeel|82/100|[from] Stealth Rock
|move|p1a: Samurott|Ceaseless Edge|p2a: Registeel
|-damage|p2a: Registeel|59/100
|-sidestart|p2: will-i-am2|Spikes
|
|-heal|p2a: Registeel|65/100|[from] item: Leftovers
|upkeep
|turn|8
|
|t:|1758999516
|move|p1a: Samurott|Ceaseless Edge|p2a: Registeel
|-damage|p2a: Registeel|43/100
|-sidestart|p2: will-i-am2|Spikes
|move|p2a: Registeel|Body Press|p1a: Samurott
|-supereffective|p1a: Samurott
|-damage|p1a: Samurott|0 fnt
|faint|p1a: Samurott
|
|-heal|p2a: Registeel|49/100|[from] item: Leftovers
|upkeep
|
|t:|1758999519
|switch|p1a: Charizard|Charizard, M, tera:Fire|100/100
|turn|9
|
|t:|1758999523
|switch|p2a: Slowbro|Slowbro, M|100/100
|-damage|p2a: Slowbro|76/100|[from] Spikes
|-damage|p2a: Slowbro|63/100|[from] Stealth Rock
|move|p1a: Charizard|Flamethrower|p2a: Slowbro
|-resisted|p2a: Slowbro
|-damage|p2a: Slowbro|22/100
|
|-heal|p2a: Slowbro|28/100|[from] item: Leftovers
|upkeep
|turn|10
|
|t:|1758999530
|switch|p2a: Registeel|Registeel|49/100
|-damage|p2a: Registeel|24/100|[from] Spikes
|-damage|p2a: Registeel|18/100|[from] Stealth Rock
|move|p1a: Charizard|Flamethrower|p2a: Registeel
|-supereffective|p2a: Registeel
|-damage|p2a: Registeel|0 fnt
|faint|p2a: Registeel
|
|upkeep
|
|t:|1758999543
|switch|p2a: Slowbro|Slowbro, M|62/100
|-damage|p2a: Slowbro|37/100|[from] Spikes
|-damage|p2a: Slowbro|24/100|[from] Stealth Rock
|turn|11
|
|t:|1758999547
|switch|p2a: Mamoswine|Mamoswine, F|100/100
|-damage|p2a: Mamoswine|76/100|[from] Spikes
|-damage|p2a: Mamoswine|63/100|[from] Stealth Rock
|move|p1a: Charizard|Flamethrower|p2a: Mamoswine
|-supereffective|p2a: Mamoswine
|-damage|p2a: Mamoswine|0 fnt
|faint|p2a: Mamoswine
|
|upkeep
|
|t:|1758999550
|switch|p2a: Mimikyu|Mimikyu, F|100/100
|-damage|p2a: Mimikyu|76/100|[from] Spikes
|-damage|p2a: Mimikyu|63/100|[from] Stealth Rock
|turn|12
|
|t:|1758999552
|switch|p1a: Corviknight|Corviknight, M|100/100
|-ability|p1a: Corviknight|Pressure
|move|p2a: Mimikyu|Swords Dance|p2a: Mimikyu
|-boost|p2a: Mimikyu|atk|2
|
|upkeep
|turn|13
|
|t:|1758999556
|move|p2a: Mimikyu|Swords Dance|p2a: Mimikyu
|-boost|p2a: Mimikyu|atk|2
|move|p1a: Corviknight|U-turn|p2a: Mimikyu
|-activate|p2a: Mimikyu|ability: Disguise
|-damage|p2a: Mimikyu|63/100
|detailschange|p2a: Mimikyu|Mimikyu-Busted, F
|-damage|p2a: Mimikyu|51/100|[from] pokemon: Mimikyu-Busted
|
|t:|1758999558
|switch|p1a: Charizard|Charizard, M, tera:Fire|100/100|[from] U-turn
|
|upkeep
|turn|14
|
|t:|1758999570
|-terastallize|p2a: Mimikyu|Fighting
|move|p1a: Charizard|Flamethrower|p2a: Mimikyu
|-damage|p2a: Mimikyu|0 fnt
|faint|p2a: Mimikyu
|
|upkeep
|l|☆will-i-am2
|inactive|will-i-am2 disconnected and has a minute to reconnect!
|player|p2|
|inactive|will-i-am2 has 30 seconds to reconnect!
|inactive|will-i-am2 has 20 seconds to reconnect!
|inactive|will-i-am2 has 15 seconds to reconnect!
|inactive|will-i-am2 has 10 seconds to reconnect!
|inactive|will-i-am2 has 5 seconds to reconnect!
|-message|will-i-am2 lost due to inactivity.
|
|win|will1994
|raw|will1994's rating: 1649 &rarr; <strong>1667</strong><br />(+18 for winning)
|raw|will-i-am2's rating: 1613 &rarr; <strong>1595</strong><br />(-18 for losing)
|l|☆will1994
|player|p1|
