|badge|p2|bronze|gen9ou|100-6
|html|<div class="broadcast-red"><strong>This battle is required to be public due to one or more player having a season medal.</strong><br />During the public phase, you can discuss the state of the ladder <a href="/seasondiscussion">in a special chatroom.</a></div>
|uhtml|medal-msg|<div class="broadcast-blue">Curious what those medals under the avatar are? PS now has Ladder Seasons! For more information, check out the <a href="https://www.smogon.com/forums/threads/3740067/">thread on Smogon.</a></div>
|j|☆Megumin's Husband
|j|☆Obito 2001
|t:|1759015526
|gametype|singles
|player|p1|Megumin's Husband|guitarist|1653
|player|p2|Obito 2001|blue-gen3two|1796
|gen|9
|tier|[Gen 9] OU
|rated|
|rule|HP Percentage Mod: HP is shown in percentages
|rule|Endless Battle Clause: Forcing endless battles is banned
|rule|Species Clause: Limit one of each Pokémon
|rule|OHKO Clause: OHKO moves are banned
|rule|Evasion Items Clause: Evasion items are banned
|rule|Evasion Moves Clause: Evasion moves are banned
|rule|Evasion Abilities Clause: Evasion abilities are banned
|rule|Sleep Moves Clause: Sleep-inducing moves are banned
|clearpoke
|poke|p1|Pecharunt|
|poke|p1|Primarina, F|
|poke|p1|Heatran, M|
|poke|p1|Great Tusk|
|poke|p1|Weavile, F|
|poke|p1|Ogerpon, F|
|poke|p2|Kingambit, F|
|poke|p2|Garganacl, F|
|poke|p2|Torkoal, F|
|poke|p2|Slither Wing|
|poke|p2|Raging Bolt|
|poke|p2|Dragapult, M|
|teampreview
|inactive|Battle timer is ON: inactive players will automatically lose when time's up. (requested by Obito 2001)
|j| amefurikoneko
|
|t:|1759015538
|teamsize|p1|6
|teamsize|p2|6
|start
|switch|p1a: Great Tusk|Great Tusk|100/100
|switch|p2a: Volcrona|Slither Wing|100/100
|turn|1
|
|t:|1759015545
|-end|p1a: Great Tusk|Protosynthesis|[silent]
|switch|p1a: Pecharunt|Pecharunt|100/100
|move|p2a: Volcrona|Close Combat|p1a: Pecharunt
|-immune|p1a: Pecharunt
|
|upkeep
|turn|2
|
|t:|1759015558
|-end|p2a: Volcrona|Protosynthesis|[silent]
|switch|p2a: Titan|Garganacl, F|100/100
|move|p1a: Pecharunt|Malignant Chain|p2a: Titan
|-resisted|p2a: Titan
|-damage|p2a: Titan|86/100
|
|-heal|p2a: Titan|93/100|[from] item: Leftovers
|upkeep
|turn|3
|
|t:|1759015578
|move|p1a: Pecharunt|Parting Shot|p2a: Titan
|-unboost|p2a: Titan|atk|1
|-unboost|p2a: Titan|spa|1
|
|t:|1759015579
|switch|p1a: Ogerpon|Ogerpon, F|100/100|[from] Parting Shot
|move|p2a: Titan|Salt Cure|p1a: Ogerpon
|-damage|p1a: Ogerpon|89/100
|-start|p1a: Ogerpon|Salt Cure
|
|-heal|p2a: Titan|99/100|[from] item: Leftovers
|-damage|p1a: Ogerpon|77/100|[from] Salt Cure
|upkeep
|turn|4
|
|t:|1759015588
|-terastallize|p1a: Ogerpon|Grass
|detailschange|p1a: Ogerpon|Ogerpon-Teal-Tera, F, tera:Grass
|-ability|p1a: Ogerpon|Embody Aspect (Teal)|boost
|-boost|p1a: Ogerpon|spe|1
|move|p2a: Titan|Protect|p2a: Titan
|-singleturn|p2a: Titan|Protect
|move|p1a: Ogerpon|Ivy Cudgel|p2a: Titan
|-activate|p2a: Titan|move: Protect
|
|-heal|p2a: Titan|100/100|[from] item: Leftovers
|-damage|p1a: Ogerpon|65/100|[from] Salt Cure
|upkeep
|turn|5
|
|t:|1759015592
|switch|p2a: Torkoal|Torkoal, F|100/100
|-weather|SunnyDay|[from] ability: Drought|[of] p2a: Torkoal
|move|p1a: Ogerpon|Ivy Cudgel|p2a: Torkoal
|-resisted|p2a: Torkoal
|-damage|p2a: Torkoal|75/100
|
|-weather|SunnyDay|[upkeep]
|-damage|p1a: Ogerpon|52/100|[from] Salt Cure
|upkeep
|turn|6
|
|t:|1759015603
|switch|p1a: Heatran|Heatran, M, shiny|100/100
|-item|p1a: Heatran|Air Balloon
|move|p2a: Torkoal|Stealth Rock|p1a: Heatran
|-sidestart|p1: Megumin's Husband|move: Stealth Rock
|
|-weather|SunnyDay|[upkeep]
|upkeep
|turn|7
|
|t:|1759015610
|move|p1a: Heatran|Stealth Rock|p2a: Torkoal
|-sidestart|p2: Obito 2001|move: Stealth Rock
|move|p2a: Torkoal|Body Press|p1a: Heatran
|-supereffective|p1a: Heatran
|-damage|p1a: Heatran|43/100
|-enditem|p1a: Heatran|Air Balloon
|
|-weather|SunnyDay|[upkeep]
|upkeep
|turn|8
|
|t:|1759015618
|switch|p2a: Volcrona|Slither Wing|100/100
|-damage|p2a: Volcrona|88/100|[from] Stealth Rock
|-activate|p2a: Volcrona|ability: Protosynthesis
|-start|p2a: Volcrona|protosynthesisatk
|move|p1a: Heatran|Earth Power|p2a: Volcrona
|-resisted|p2a: Volcrona
|-damage|p2a: Volcrona|75/100
|
|-weather|SunnyDay|[upkeep]
|upkeep
|turn|9
|
|t:|1759015623
|move|p2a: Volcrona|U-turn|p1a: Heatran
|-resisted|p1a: Heatran
|-damage|p1a: Heatran|26/100
|
|t:|1759015628
|-end|p2a: Volcrona|Protosynthesis|[silent]
|switch|p2a: Ban Dragonite|Raging Bolt|100/100|[from] U-turn
|-damage|p2a: Ban Dragonite|88/100|[from] Stealth Rock
|-activate|p2a: Ban Dragonite|ability: Protosynthesis
|-start|p2a: Ban Dragonite|protosynthesisspa
|move|p1a: Heatran|Lava Plume|p2a: Ban Dragonite
|-resisted|p2a: Ban Dragonite
|-damage|p2a: Ban Dragonite|64/100
|-status|p2a: Ban Dragonite|brn
|
|-weather|none
|-end|p2a: Ban Dragonite|Protosynthesis
|-heal|p2a: Ban Dragonite|70/100 brn|[from] item: Leftovers
|-damage|p2a: Ban Dragonite|64/100 brn|[from] brn
|upkeep
|turn|10
|
|t:|1759015633
|switch|p1a: Great Tusk|Great Tusk|100/100
|move|p2a: Ban Dragonite|Thunderbolt|p1a: Great Tusk
|-immune|p1a: Great Tusk
|
|-heal|p2a: Ban Dragonite|70/100 brn|[from] item: Leftovers
|-damage|p2a: Ban Dragonite|64/100 brn|[from] brn
|upkeep
|turn|11
|
|t:|1759015640
|move|p1a: Great Tusk|Close Combat|p2a: Ban Dragonite
|-damage|p2a: Ban Dragonite|4/100 brn
|-unboost|p1a: Great Tusk|def|1
|-unboost|p1a: Great Tusk|spd|1
|move|p2a: Ban Dragonite|Dragon Pulse|p1a: Great Tusk
|-damage|p1a: Great Tusk|0 fnt
|faint|p1a: Great Tusk
|-end|p1a: Great Tusk|Protosynthesis|[silent]
|
|-heal|p2a: Ban Dragonite|10/100 brn|[from] item: Leftovers
|-damage|p2a: Ban Dragonite|4/100 brn|[from] brn
|upkeep
|-message|Megumin's Husband forfeited.
|
|win|Obito 2001
|raw|Megumin&apos;s Husband's rating: 1653 &rarr; <strong>1641</strong><br />(-12 for losing)
|raw|Obito 2001's rating: 1796 &rarr; <strong>1808</strong><br />(+12 for winning)
|l|☆Megumin's Husband
|player|p1|
|l| amefurikoneko
