|j|☆ElMarShadow
|j|☆ACJ0675
|t:|1758995864
|gametype|singles
|player|p1|ElMarShadow|1|1192
|player|p2|ACJ0675|skyla|1196
|gen|9
|tier|[Gen 9] OU
|rated|
|rule|HP Percentage Mod: HP is shown in percentages
|rule|Endless Battle Clause: Forcing endless battles is banned
|rule|Species Clause: Limit one of each Pokémon
|rule|OHKO Clause: OHKO moves are banned
|rule|Evasion Items Clause: Evasion items are banned
|rule|Evasion Moves Clause: Evasion moves are banned
|rule|Evasion Abilities Clause: Evasion abilities are banned
|rule|Sleep Moves Clause: Sleep-inducing moves are banned
|clearpoke
|poke|p1|Samurott-Hisui, F|
|poke|p1|Great Tusk|
|poke|p1|Slowking-Galar, M|
|poke|p1|Alomomola, M|
|poke|p1|Gholdengo|
|poke|p1|Dragonite, M|
|poke|p2|Chesnaught, F|
|poke|p2|Quagsire, F|
|poke|p2|Goodra-Hisui, M|
|poke|p2|Talonflame, F|
|poke|p2|Pecharunt|
|poke|p2|Florges-Blue, F|
|teampreview
|
|t:|1758995879
|teamsize|p1|6
|teamsize|p2|6
|start
|switch|p1a: ElSeñorAguijón|Samurott-Hisui, F|100/100
|switch|p2a: SHH|Chesnaught, F, shiny|100/100
|turn|1
|
|t:|1758995894
|move|p1a: ElSeñorAguijón|Flip Turn|p2a: SHH
|-resisted|p2a: SHH
|-damage|p2a: SHH|92/100
|-damage|p1a: ElSeñorAguijón|84/100|[from] item: Rocky Helmet|[of] p2a: SHH
|
|t:|1758995905
|switch|p1a: Barney|Dragonite, M, shiny|100/100|[from] Flip Turn
|move|p2a: SHH|Drain Punch|p1a: Barney
|-resisted|p1a: Barney
|-damage|p1a: Barney|93/100
|-heal|p2a: SHH|95/100|[from] drain|[of] p1a: Barney
|
|upkeep
|turn|2
|
|t:|1758995918
|switch|p2a: Culona|Goodra-Hisui, M|100/100
|move|p1a: Barney|Ice Spinner|p2a: Culona
|-damage|p2a: Culona|58/100
|-ability|p2a: Culona|Gooey
|-unboost|p1a: Barney|spe|1
|
|-heal|p2a: Culona|64/100|[from] item: Leftovers
|upkeep
|turn|3
|c|☆ElMarShadow|Buen mote XD
|c|☆ACJ0675|jaja
|
|t:|1758995934
|switch|p1a: Emememeli|Alomomola, M|100/100
|move|p2a: Culona|Draco Meteor|p1a: Emememeli
|-damage|p1a: Emememeli|24/100
|-unboost|p2a: Culona|spa|2
|
|-heal|p2a: Culona|70/100|[from] item: Leftovers
|upkeep
|turn|4
|
|t:|1758995942
|switch|p1a: NoVeoXD|Slowking-Galar, M|100/100
|move|p2a: Culona|Knock Off|p1a: NoVeoXD
|-supereffective|p1a: NoVeoXD
|-damage|p1a: NoVeoXD|51/100
|-enditem|p1a: NoVeoXD|Shuca Berry|[from] move: Knock Off|[of] p2a: Culona
|
|-heal|p2a: Culona|76/100|[from] item: Leftovers
|upkeep
|turn|5
|
|t:|1758995950
|move|p2a: Culona|Knock Off|p1a: NoVeoXD
|-supereffective|p1a: NoVeoXD
|-damage|p1a: NoVeoXD|21/100
|-prepare|p1a: NoVeoXD|Chilly Reception|[premajor]
|move|p1a: NoVeoXD|Chilly Reception|p1a: NoVeoXD
|-weather|Snowscape
|
|t:|1758995955
|switch|p1a: Emememeli|Alomomola, M|57/100|[from] Chilly Reception
|
|-weather|Snowscape|[upkeep]
|-heal|p2a: Culona|82/100|[from] item: Leftovers
|upkeep
|turn|6
|
|t:|1758995962
|move|p2a: Culona|Knock Off|p1a: Emememeli
|-damage|p1a: Emememeli|45/100
|-damage|p2a: Culona|65/100|[from] item: Rocky Helmet|[of] p1a: Emememeli
|-enditem|p1a: Emememeli|Rocky Helmet|[from] move: Knock Off|[of] p2a: Culona
|move|p1a: Emememeli|Wish|p1a: Emememeli
|
|-weather|Snowscape|[upkeep]
|-heal|p2a: Culona|71/100|[from] item: Leftovers
|upkeep
|turn|7
|
|t:|1758995975
|switch|p2a: SHH|Chesnaught, F, shiny|95/100
|move|p1a: Emememeli|Flip Turn|p2a: SHH
|-resisted|p2a: SHH
|-damage|p2a: SHH|90/100
|-damage|p1a: Emememeli|28/100|[from] item: Rocky Helmet|[of] p2a: SHH
|
|t:|1758995981
|switch|p1a: Barney|Dragonite, M, shiny|93/100|[from] Flip Turn
|
|-weather|Snowscape|[upkeep]
|-heal|p1a: Barney|100/100|[from] move: Wish|[wisher] Emememeli
|upkeep
|turn|8
|
|t:|1758995993
|-terastallize|p2a: SHH|Steel
|move|p1a: Barney|Ice Spinner|p2a: SHH
|-resisted|p2a: SHH
|-damage|p2a: SHH|76/100
|-damage|p1a: Barney|84/100|[from] item: Rocky Helmet|[of] p2a: SHH
|move|p2a: SHH|Spikes|p1a: Barney
|-sidestart|p1: ElMarShadow|Spikes
|
|-weather|Snowscape|[upkeep]
|upkeep
|turn|9
|
|t:|1758996009
|switch|p1a: OkaneMochiSan|Gholdengo|100/100
|-item|p1a: OkaneMochiSan|Air Balloon
|move|p2a: SHH|Spikes|p1a: OkaneMochiSan
|-sidestart|p1: ElMarShadow|Spikes
|
|-weather|none
|upkeep
|turn|10
|
|t:|1758996026
|move|p1a: OkaneMochiSan|Nasty Plot|p1a: OkaneMochiSan
|-boost|p1a: OkaneMochiSan|spa|2
|move|p2a: SHH|Wood Hammer|p1a: OkaneMochiSan
|-resisted|p1a: OkaneMochiSan
|-damage|p1a: OkaneMochiSan|78/100
|-enditem|p1a: OkaneMochiSan|Air Balloon
|-damage|p2a: SHH|70/100|[from] Recoil
|
|upkeep
|turn|11
|
|t:|1758996034
|switch|p2a: W00per|Quagsire, F|100/100
|move|p1a: OkaneMochiSan|Nasty Plot|p1a: OkaneMochiSan
|-boost|p1a: OkaneMochiSan|spa|2
|
|upkeep
|turn|12
|
|t:|1758996040
|move|p1a: OkaneMochiSan|Shadow Ball|p2a: W00per
|-damage|p2a: W00per|47/100
|-unboost|p2a: W00per|spd|1
|move|p2a: W00per|Earthquake|p1a: OkaneMochiSan
|-supereffective|p1a: OkaneMochiSan
|-damage|p1a: OkaneMochiSan|13/100
|
|upkeep
|turn|13
|
|t:|1758996055
|move|p1a: OkaneMochiSan|Shadow Ball|p2a: W00per
|-damage|p2a: W00per|0 fnt
|faint|p2a: W00per
|
|upkeep
|
|t:|1758996065
|switch|p2a: Pechá|Pecharunt|100/100
|turn|14
|
|t:|1758996069
|move|p2a: Pechá|Shadow Ball|p1a: OkaneMochiSan
|-supereffective|p1a: OkaneMochiSan
|-damage|p1a: OkaneMochiSan|0 fnt
|faint|p1a: OkaneMochiSan
|
|upkeep
|
|t:|1758996083
|switch|p1a: Momat|Great Tusk, shiny|100/100
|turn|15
|
|t:|1758996096
|switch|p2a: Paja|Talonflame, F|100/100
|move|p1a: Momat|Headlong Rush|p2a: Paja
|-immune|p2a: Paja
|
|upkeep
|turn|16
|
|t:|1758996103
|-end|p1a: Momat|Protosynthesis|[silent]
|switch|p1a: Emememeli|Alomomola, M|61/100
|-damage|p1a: Emememeli|45/100|[from] Spikes
|move|p2a: Paja|Brave Bird|p1a: Emememeli
|-damage|p1a: Emememeli|25/100
|-damage|p2a: Paja|91/100|[from] Recoil
|
|upkeep
|turn|17
|
|t:|1758996111
|switch|p1a: Barney|Dragonite, M, shiny|84/100
|move|p2a: Paja|Brave Bird|p1a: Barney
|-damage|p1a: Barney|45/100
|-damage|p2a: Paja|79/100|[from] Recoil
|
|upkeep
|turn|18
|
|t:|1758996119
|switch|p2a: Maria|Florges-Blue, F, shiny|100/100
|move|p1a: Barney|Fire Punch|p2a: Maria
|-damage|p2a: Maria|41/100
|
|upkeep
|turn|19
|
|t:|1758996126
|switch|p1a: NoVeoXD|Slowking-Galar, M|55/100
|-damage|p1a: NoVeoXD|38/100|[from] Spikes
|move|p2a: Maria|Alluring Voice|p1a: NoVeoXD
|-resisted|p1a: NoVeoXD
|-damage|p1a: NoVeoXD|27/100
|
|upkeep
|turn|20
|
|t:|1758996133
|move|p2a: Maria|Psychic|p1a: NoVeoXD
|-damage|p1a: NoVeoXD|13/100
|-prepare|p1a: NoVeoXD|Chilly Reception|[premajor]
|move|p1a: NoVeoXD|Chilly Reception|p1a: NoVeoXD
|-weather|Snowscape
|
|t:|1758996143
|switch|p1a: Momat|Great Tusk, shiny|100/100|[from] Chilly Reception
|
|-weather|Snowscape|[upkeep]
|upkeep
|turn|21
|
|t:|1758996153
|move|p1a: Momat|Rapid Spin|p2a: Maria
|-damage|p2a: Maria|17/100
|-boost|p1a: Momat|spe|1
|-sideend|p1: ElMarShadow|Spikes|[from] move: Rapid Spin|[of] p1a: Momat
|move|p2a: Maria|Alluring Voice|p1a: Momat
|-supereffective|p1a: Momat
|-damage|p1a: Momat|0 fnt
|faint|p1a: Momat
|-end|p1a: Momat|Protosynthesis|[silent]
|
|-weather|Snowscape|[upkeep]
|upkeep
|
|t:|1758996159
|switch|p1a: ElSeñorAguijón|Samurott-Hisui, F|84/100
|turn|22
|
|t:|1758996165
|move|p1a: ElSeñorAguijón|Ceaseless Edge|p2a: Maria
|-resisted|p2a: Maria
|-damage|p2a: Maria|0 fnt
|-sidestart|p2: ACJ0675|Spikes
|faint|p2a: Maria
|
|-weather|Snowscape|[upkeep]
|upkeep
|
|t:|1758996174
|switch|p2a: SHH|Chesnaught, F, shiny, tera:Steel|70/100
|-damage|p2a: SHH|57/100|[from] Spikes
|turn|23
|
|t:|1758996186
|switch|p1a: Barney|Dragonite, M, shiny|45/100
|move|p2a: SHH|Wood Hammer|p1a: Barney
|-resisted|p1a: Barney
|-damage|p1a: Barney|32/100
|-damage|p2a: SHH|54/100|[from] Recoil
|
|-weather|Snowscape|[upkeep]
|upkeep
|turn|24
|
|t:|1758996191
|move|p1a: Barney|Fire Punch|p2a: SHH
|-supereffective|p2a: SHH
|-damage|p2a: SHH|2/100
|-damage|p1a: Barney|16/100|[from] item: Rocky Helmet|[of] p2a: SHH
|move|p2a: SHH|Synthesis|p2a: SHH
|-heal|p2a: SHH|27/100
|
|-weather|none
|upkeep
|turn|25
|
|t:|1758996203
|switch|p2a: Paja|Talonflame, F|79/100
|move|p1a: Barney|Fire Punch|p2a: Paja
|-resisted|p2a: Paja
|-damage|p2a: Paja|50/100
|
|upkeep
|turn|26
|
|t:|1758996209
|switch|p1a: Emememeli|Alomomola, M|59/100
|move|p2a: Paja|Brave Bird|p1a: Emememeli
|-damage|p1a: Emememeli|41/100
|-damage|p2a: Paja|41/100|[from] Recoil
|
|upkeep
|turn|27
|
|t:|1758996218
|move|p2a: Paja|Roost|p2a: Paja
|-heal|p2a: Paja|91/100
|-singleturn|p2a: Paja|move: Roost
|move|p1a: Emememeli|Wish|p1a: Emememeli
|
|upkeep
|turn|28
|
|t:|1758996224
|move|p2a: Paja|Defog|p1a: Emememeli
|-unboost|p1a: Emememeli|evasion|1
|-sideend|p2: ACJ0675|Spikes|[from] move: Defog|[of] p2a: Paja
|move|p1a: Emememeli|Flip Turn|p2a: Paja
|-supereffective|p2a: Paja
|-damage|p2a: Paja|49/100
|
|t:|1758996230
|switch|p1a: Barney|Dragonite, M, shiny|16/100|[from] Flip Turn
|
|-heal|p1a: Barney|99/100|[from] move: Wish|[wisher] Emememeli
|upkeep
|turn|29
|
|t:|1758996240
|switch|p1a: Emememeli|Alomomola, M|74/100
|move|p2a: Paja|Roost|p2a: Paja
|-heal|p2a: Paja|99/100
|-singleturn|p2a: Paja|move: Roost
|
|upkeep
|turn|30
|
|t:|1758996251
|switch|p2a: SHH|Chesnaught, F, shiny, tera:Steel|27/100
|move|p1a: Emememeli|Wish|p1a: Emememeli
|
|upkeep
|turn|31
|
|t:|1758996256
|switch|p1a: Barney|Dragonite, M, shiny|99/100
|move|p2a: SHH|Synthesis|p2a: SHH
|-heal|p2a: SHH|77/100
|
|-heal|p1a: Barney|100/100|[from] move: Wish|[wisher] Emememeli
|upkeep
|turn|32
|
|t:|1758996266
|move|p1a: Barney|Fire Punch|p2a: SHH
|-supereffective|p2a: SHH
|-damage|p2a: SHH|26/100
|-status|p2a: SHH|brn
|-damage|p1a: Barney|84/100|[from] item: Rocky Helmet|[of] p2a: SHH
|move|p2a: SHH|Spikes|p1a: Barney
|-sidestart|p1: ElMarShadow|Spikes
|
|-damage|p2a: SHH|20/100 brn|[from] brn
|upkeep
|turn|33
|
|t:|1758996275
|move|p1a: Barney|Fire Punch|p2a: SHH
|-supereffective|p2a: SHH
|-damage|p2a: SHH|0 fnt
|-damage|p1a: Barney|68/100|[from] item: Rocky Helmet|[of] p2a: SHH
|faint|p2a: SHH
|
|upkeep
|
|t:|1758996280
|switch|p2a: Culona|Goodra-Hisui, M|71/100
|turn|34
|
|t:|1758996295
|switch|p1a: NoVeoXD|Slowking-Galar, M|46/100
|-damage|p1a: NoVeoXD|34/100|[from] Spikes
|move|p2a: Culona|Draco Meteor|p1a: NoVeoXD
|-damage|p1a: NoVeoXD|0 fnt
|-unboost|p2a: Culona|spa|2
|faint|p1a: NoVeoXD
|
|-heal|p2a: Culona|77/100|[from] item: Leftovers
|upkeep
|
|t:|1758996306
|switch|p1a: ElSeñorAguijón|Samurott-Hisui, F|84/100
|-damage|p1a: ElSeñorAguijón|72/100|[from] Spikes
|turn|35
|
|t:|1758996317
|move|p2a: Culona|Protect|p2a: Culona
|-singleturn|p2a: Culona|Protect
|move|p1a: ElSeñorAguijón|Ceaseless Edge|p2a: Culona
|-activate|p2a: Culona|move: Protect
|
|-heal|p2a: Culona|83/100|[from] item: Leftovers
|upkeep
|turn|36
|
|t:|1758996332
|move|p1a: ElSeñorAguijón|Ceaseless Edge|p2a: Culona
|-damage|p2a: Culona|44/100
|-ability|p2a: Culona|Gooey
|-unboost|p1a: ElSeñorAguijón|spe|1
|-sidestart|p2: ACJ0675|Spikes
|move|p2a: Culona|Knock Off|p1a: ElSeñorAguijón
|-resisted|p1a: ElSeñorAguijón
|-damage|p1a: ElSeñorAguijón|58/100
|-enditem|p1a: ElSeñorAguijón|Choice Scarf|[from] move: Knock Off|[of] p2a: Culona
|
|-heal|p2a: Culona|50/100|[from] item: Leftovers
|upkeep
|turn|37
|
|t:|1758996344
|move|p1a: ElSeñorAguijón|Ceaseless Edge|p2a: Culona
|-damage|p2a: Culona|9/100
|-ability|p2a: Culona|Gooey
|-unboost|p1a: ElSeñorAguijón|spe|1
|-sidestart|p2: ACJ0675|Spikes
|move|p2a: Culona|Draco Meteor|p1a: ElSeñorAguijón
|-damage|p1a: ElSeñorAguijón|10/100
|-unboost|p2a: Culona|spa|2
|
|-heal|p2a: Culona|15/100|[from] item: Leftovers
|upkeep
|turn|38
|
|t:|1758996353
|switch|p1a: Emememeli|Alomomola, M|100/100
|-damage|p1a: Emememeli|88/100|[from] Spikes
|move|p2a: Culona|Protect||[still]
|-fail|p2a: Culona
|
|-heal|p2a: Culona|21/100|[from] item: Leftovers
|upkeep
|turn|39
|
|t:|1758996360
|move|p2a: Culona|Draco Meteor|p1a: Emememeli
|-damage|p1a: Emememeli|65/100
|-unboost|p2a: Culona|spa|2
|move|p1a: Emememeli|Wish|p1a: Emememeli
|
|-heal|p2a: Culona|27/100|[from] item: Leftovers
|upkeep
|turn|40
|
|t:|1758996363
|move|p2a: Culona|Flash Cannon|p1a: Emememeli
|-resisted|p1a: Emememeli
|-damage|p1a: Emememeli|58/100
|move|p1a: Emememeli|Flip Turn|p2a: Culona
|-resisted|p2a: Culona
|-damage|p2a: Culona|20/100
|-ability|p2a: Culona|Gooey
|-unboost|p1a: Emememeli|spe|1
|
|t:|1758996367
|switch|p1a: ElSeñorAguijón|Samurott-Hisui, F|10/100|[from] Flip Turn
|-damage|p1a: ElSeñorAguijón|0 fnt|[from] Spikes
|faint|p1a: ElSeñorAguijón
|
|-heal|p2a: Culona|26/100|[from] item: Leftovers
|upkeep
|
|t:|1758996378
|switch|p1a: Emememeli|Alomomola, M|92/100
|-damage|p1a: Emememeli|79/100|[from] Spikes
|turn|41
|
|t:|1758996386
|switch|p2a: Pechá|Pecharunt|100/100
|move|p1a: Emememeli|Wish|p1a: Emememeli
|
|upkeep
|turn|42
|
|t:|1758996394
|move|p2a: Pechá|Nasty Plot|p2a: Pechá
|-boost|p2a: Pechá|spa|2
|move|p1a: Emememeli|Flip Turn|p2a: Pechá
|-damage|p2a: Pechá|88/100
|
|t:|1758996397
|switch|p1a: Barney|Dragonite, M, shiny|68/100|[from] Flip Turn
|
|-heal|p1a: Barney|100/100|[from] move: Wish|[wisher] Emememeli
|upkeep
|turn|43
|
|t:|1758996404
|move|p2a: Pechá|Malignant Chain|p1a: Barney
|-damage|p1a: Barney|60/100
|-status|p1a: Barney|tox
|-start|p1a: Barney|confusion|[from] ability: Poison Puppeteer|[of] p2a: Pechá
|-activate|p1a: Barney|confusion
|-damage|p1a: Barney|42/100 tox|[from] confusion
|
|-damage|p1a: Barney|35/100 tox|[from] psn
|upkeep
|turn|44
|
|t:|1758996415
|move|p2a: Pechá|Malignant Chain|p1a: Barney
|-damage|p1a: Barney|0 fnt
|faint|p1a: Barney
|
|upkeep
|c|☆ElMarShadow|buena
|-message|ElMarShadow forfeited.
|
|win|ACJ0675
|raw|ElMarShadow's rating: 1192 &rarr; <strong>1167</strong><br />(-25 for losing)
|raw|ACJ0675's rating: 1196 &rarr; <strong>1221</strong><br />(+25 for winning)
|c|☆ACJ0675|gg
|l|☆ACJ0675
|player|p2|
|c|☆ElMarShadow|gg
|l|☆ElMarShadow
|player|p1|
