|j|☆Kwaga
|j|☆leopold.m.d
|t:|1759073899
|gametype|singles
|player|p1|Kwaga|yellow|1421
|player|p2|leopold.m.d|marlon|1402
|gen|9
|tier|[Gen 9] OU
|rated|
|rule|HP Percentage Mod: HP is shown in percentages
|rule|Endless Battle Clause: Forcing endless battles is banned
|rule|Species Clause: Limit one of each Pokémon
|rule|OHKO Clause: OHKO moves are banned
|rule|Evasion Items Clause: Evasion items are banned
|rule|Evasion Moves Clause: Evasion moves are banned
|rule|Evasion Abilities Clause: Evasion abilities are banned
|rule|Sleep Moves Clause: Sleep-inducing moves are banned
|clearpoke
|poke|p1|Iron Valiant|
|poke|p1|Dragapult, M|
|poke|p1|Glimmora, M|
|poke|p1|Ogerpon-Wellspring, F|
|poke|p1|Landorus-Therian, M|
|poke|p1|Kingambit, M|
|poke|p2|Dragapult, M|
|poke|p2|Arcanine-Hisui, M|
|poke|p2|Walking Wake|
|poke|p2|Thundurus-Therian, M|
|poke|p2|Corviknight, M|
|poke|p2|Clodsire, M|
|teampreview
|inactive|Battle timer is ON: inactive players will automatically lose when time's up. (requested by Kwaga)
|
|t:|1759073934
|teamsize|p1|6
|teamsize|p2|6
|start
|switch|p1a: Dragapult|Dragapult, M, shiny|100/100
|switch|p2a: Clodsire|Clodsire, M|100/100
|turn|1
|
|t:|1759073958
|move|p1a: Dragapult|U-turn|p2a: Clodsire
|-resisted|p2a: Clodsire
|-damage|p2a: Clodsire|90/100
|
|t:|1759073964
|switch|p1a: Glimmora|Glimmora, M, shiny|100/100|[from] U-turn
|move|p2a: Clodsire|Stealth Rock|p1a: Glimmora
|-sidestart|p1: Kwaga|move: Stealth Rock
|
|-heal|p2a: Clodsire|97/100|[from] item: Black Sludge
|upkeep
|turn|2
|
|t:|1759073969
|switch|p1a: Landorus|Landorus-Therian, M, shiny|100/100
|-damage|p1a: Landorus|88/100|[from] Stealth Rock
|-ability|p1a: Landorus|Intimidate|boost
|-unboost|p2a: Clodsire|atk|1
|move|p2a: Clodsire|Earthquake|p1a: Landorus
|-immune|p1a: Landorus
|
|-heal|p2a: Clodsire|100/100|[from] item: Black Sludge
|upkeep
|turn|3
|
|t:|1759073978
|switch|p2a: Corviknight|Corviknight, M|100/100
|move|p1a: Landorus|Stealth Rock|p2a: Corviknight
|-sidestart|p2: leopold.m.d|move: Stealth Rock
|
|upkeep
|turn|4
|
|t:|1759073983
|switch|p1a: Glimmora|Glimmora, M, shiny|100/100
|-damage|p1a: Glimmora|88/100|[from] Stealth Rock
|move|p2a: Corviknight|Defog|p1a: Glimmora
|-unboost|p1a: Glimmora|evasion|1
|-sideend|p1: Kwaga|Stealth Rock|[from] move: Defog|[of] p2a: Corviknight
|-sideend|p2: leopold.m.d|Stealth Rock|[from] move: Defog|[of] p2a: Corviknight
|
|upkeep
|turn|5
|
|t:|1759073991
|switch|p2a: Clodsire|Clodsire, M|100/100
|move|p1a: Glimmora|Meteor Beam||[still]
|-prepare|p1a: Glimmora|Meteor Beam
|-boost|p1a: Glimmora|spa|1
|-enditem|p1a: Glimmora|Power Herb
|-anim|p1a: Glimmora|Meteor Beam|p2a: Clodsire
|-resisted|p2a: Clodsire
|-damage|p2a: Clodsire|73/100
|
|-heal|p2a: Clodsire|80/100|[from] item: Black Sludge
|upkeep
|turn|6
|
|t:|1759073998
|move|p1a: Glimmora|Earth Power|p2a: Clodsire
|-supereffective|p2a: Clodsire
|-damage|p2a: Clodsire|25/100
|move|p2a: Clodsire|Toxic|p1a: Glimmora
|-immune|p1a: Glimmora
|
|-heal|p2a: Clodsire|32/100|[from] item: Black Sludge
|upkeep
|turn|7
|
|t:|1759074010
|switch|p2a: Corviknight|Corviknight, M|100/100
|move|p1a: Glimmora|Earth Power|p2a: Corviknight
|-immune|p2a: Corviknight
|
|upkeep
|turn|8
|
|t:|1759074014
|move|p1a: Glimmora|Spikes|p2a: Corviknight
|-sidestart|p2: leopold.m.d|Spikes
|move|p2a: Corviknight|Iron Head|p1a: Glimmora
|-supereffective|p1a: Glimmora
|-damage|p1a: Glimmora|27/100
|-activate|p1a: Glimmora|ability: Toxic Debris
|-sidestart|p2: leopold.m.d|move: Toxic Spikes
|
|upkeep
|turn|9
|
|t:|1759074020
|move|p1a: Glimmora|Meteor Beam||[still]
|-prepare|p1a: Glimmora|Meteor Beam
|-boost|p1a: Glimmora|spa|1
|move|p2a: Corviknight|Iron Head|p1a: Glimmora
|-supereffective|p1a: Glimmora
|-damage|p1a: Glimmora|0 fnt
|-activate|p1a: Glimmora|ability: Toxic Debris
|-sidestart|p2: leopold.m.d|move: Toxic Spikes
|faint|p1a: Glimmora
|
|upkeep
|
|t:|1759074032
|switch|p1a: Ogerpon|Ogerpon-Wellspring, F|100/100
|turn|10
|
|t:|1759074034
|move|p1a: Ogerpon|Taunt|p2a: Corviknight
|-start|p2a: Corviknight|move: Taunt
|cant|p2a: Corviknight|move: Taunt|Defog
|
|upkeep
|turn|11
|
|t:|1759074036
|switch|p2a: Clodsire|Clodsire, M|32/100
|-damage|p2a: Clodsire|19/100|[from] Spikes
|-sideend|p2: leopold.m.d|move: Toxic Spikes|[of] p2a: Clodsire
|move|p1a: Ogerpon|Ivy Cudgel|p2a: Clodsire|[anim] Ivy Cudgel Water
|-heal|p2a: Clodsire|44/100|[from] ability: Water Absorb|[of] p1a: Ogerpon
|
|-heal|p2a: Clodsire|50/100|[from] item: Black Sludge
|upkeep
|turn|12
|
|t:|1759074045
|switch|p2a: Corviknight|Corviknight, M|100/100
|move|p1a: Ogerpon|Taunt|p2a: Corviknight
|-start|p2a: Corviknight|move: Taunt
|
|upkeep
|turn|13
|
|t:|1759074050
|switch|p1a: Landorus|Landorus-Therian, M, shiny|88/100
|-ability|p1a: Landorus|Intimidate|boost
|-ability|p2a: Corviknight|Mirror Armor
|-unboost|p1a: Landorus|atk|1
|move|p2a: Corviknight|Body Press|p1a: Landorus
|-resisted|p1a: Landorus
|-damage|p1a: Landorus|76/100
|-damage|p2a: Corviknight|84/100|[from] item: Rocky Helmet|[of] p1a: Landorus
|
|upkeep
|turn|14
|
|t:|1759074057
|move|p1a: Landorus|Stealth Rock|p2a: Corviknight
|-sidestart|p2: leopold.m.d|move: Stealth Rock
|move|p2a: Corviknight|Iron Head|p1a: Landorus
|-damage|p1a: Landorus|51/100
|-damage|p2a: Corviknight|67/100|[from] item: Rocky Helmet|[of] p1a: Landorus
|
|-end|p2a: Corviknight|move: Taunt
|upkeep
|turn|15
|
|t:|1759074063
|move|p1a: Landorus|Taunt|p2a: Corviknight
|-start|p2a: Corviknight|move: Taunt
|move|p2a: Corviknight|Iron Head|p1a: Landorus
|-damage|p1a: Landorus|28/100
|-damage|p2a: Corviknight|51/100|[from] item: Rocky Helmet|[of] p1a: Landorus
|
|upkeep
|turn|16
|
|t:|1759074072
|switch|p1a: Dragapult|Dragapult, M, shiny|100/100
|switch|p2a: Thundurus|Thundurus-Therian, M|100/100
|
|upkeep
|turn|17
|
|t:|1759074097
|move|p1a: Dragapult|Shadow Ball|p2a: Thundurus
|-damage|p2a: Thundurus|24/100
|-unboost|p2a: Thundurus|spd|1
|move|p2a: Thundurus|Dark Pulse|p1a: Dragapult
|-supereffective|p1a: Dragapult
|-damage|p1a: Dragapult|19/100
|
|upkeep
|turn|18
|
|t:|1759074118
|move|p1a: Dragapult|Shadow Ball|p2a: Thundurus
|-damage|p2a: Thundurus|0 fnt
|faint|p2a: Thundurus
|
|upkeep
|
|t:|1759074120
|switch|p2a: Clodsire|Clodsire, M|50/100
|-damage|p2a: Clodsire|38/100|[from] Spikes
|-damage|p2a: Clodsire|32/100|[from] Stealth Rock
|turn|19
|
|t:|1759074126
|move|p1a: Dragapult|Shadow Ball|p2a: Clodsire
|-damage|p2a: Clodsire|1/100
|move|p2a: Clodsire|Recover|p2a: Clodsire
|-heal|p2a: Clodsire|51/100
|
|-heal|p2a: Clodsire|57/100|[from] item: Black Sludge
|upkeep
|turn|20
|
|t:|1759074132
|switch|p1a: Landorus|Landorus-Therian, M, shiny|28/100
|-ability|p1a: Landorus|Intimidate|boost
|-unboost|p2a: Clodsire|atk|1
|move|p2a: Clodsire|Toxic|p1a: Landorus
|-status|p1a: Landorus|tox
|
|-heal|p2a: Clodsire|64/100|[from] item: Black Sludge
|-damage|p1a: Landorus|22/100 tox|[from] psn
|upkeep
|turn|21
|
|t:|1759074138
|switch|p2a: Corviknight|Corviknight, M|51/100
|-damage|p2a: Corviknight|39/100|[from] Stealth Rock
|move|p1a: Landorus|U-turn|p2a: Corviknight
|-resisted|p2a: Corviknight
|-damage|p2a: Corviknight|35/100
|-damage|p1a: Landorus|5/100 tox|[from] item: Rocky Helmet|[of] p2a: Corviknight
|
|t:|1759074140
|switch|p1a: Dragapult|Dragapult, M, shiny|19/100|[from] U-turn
|
|upkeep
|turn|22
|
|t:|1759074147
|switch|p2a: Clodsire|Clodsire, M|64/100
|-damage|p2a: Clodsire|51/100|[from] Spikes
|-damage|p2a: Clodsire|45/100|[from] Stealth Rock
|move|p1a: Dragapult|Shadow Ball|p2a: Clodsire
|-damage|p2a: Clodsire|16/100
|
|-heal|p2a: Clodsire|22/100|[from] item: Black Sludge
|upkeep
|turn|23
|
|t:|1759074159
|move|p1a: Dragapult|Shadow Ball|p2a: Clodsire
|-damage|p2a: Clodsire|0 fnt
|faint|p2a: Clodsire
|
|upkeep
|
|t:|1759074161
|switch|p2a: Dragapult|Dragapult, M|100/100
|-damage|p2a: Dragapult|88/100|[from] Spikes
|-damage|p2a: Dragapult|76/100|[from] Stealth Rock
|turn|24
|
|t:|1759074174
|switch|p1a: Kingambit|Kingambit, M, shiny|100/100
|-activate|p1a: Kingambit|ability: Supreme Overlord
|-start|p1a: Kingambit|fallen1|[silent]
|move|p2a: Dragapult|Sucker Punch||[still]
|-fail|p2a: Dragapult
|
|upkeep
|turn|25
|
|t:|1759074179
|switch|p2a: Corviknight|Corviknight, M|35/100
|-damage|p2a: Corviknight|23/100|[from] Stealth Rock
|-end|p1a: Kingambit|fallen1|[silent]
|switch|p1a: Dragapult|Dragapult, M, shiny|19/100
|
|upkeep
|turn|26
|
|t:|1759074184
|move|p1a: Dragapult|Shadow Ball|p2a: Corviknight
|-crit|p2a: Corviknight
|-damage|p2a: Corviknight|0 fnt
|faint|p2a: Corviknight
|
|upkeep
|-message|leopold.m.d forfeited.
|
|win|Kwaga
|raw|Kwaga's rating: 1421 &rarr; <strong>1440</strong><br />(+19 for winning)
|raw|leopold.m.d's rating: 1402 &rarr; <strong>1383</strong><br />(-19 for losing)
|l|☆leopold.m.d
|player|p2|
