|j|☆owl_with_scarf
|j|☆ba1ance
|t:|1758954606
|gametype|singles
|player|p1|owl_with_scarf|#owlwithscarf|1408
|player|p2|ba1ance|pokefanf-gen4|1400
|gen|9
|tier|[Gen 9] OU
|rated|
|rule|HP Percentage Mod: HP is shown in percentages
|rule|Endless Battle Clause: Forcing endless battles is banned
|rule|Species Clause: Limit one of each Pokémon
|rule|OHKO Clause: OHKO moves are banned
|rule|Evasion Items Clause: Evasion items are banned
|rule|Evasion Moves Clause: Evasion moves are banned
|rule|Evasion Abilities Clause: Evasion abilities are banned
|rule|Sleep Moves Clause: Sleep-inducing moves are banned
|clearpoke
|poke|p1|Tyranitar, F|
|poke|p1|Deoxys-Speed|
|poke|p1|Pincurchin, F|
|poke|p1|Iron Thorns|
|poke|p1|Hatterene, F|
|poke|p1|Iron Crown|
|poke|p2|Regidrago|
|poke|p2|Iron Valiant|
|poke|p2|Kingambit, F|
|poke|p2|Zoroark-Hisui, F|
|poke|p2|Scizor, F|
|poke|p2|Landorus-Therian, M|
|teampreview
|inactive|Battle timer is ON: inactive players will automatically lose when time's up. (requested by owl_with_scarf)
|inactive|ba1ance has 120 seconds left.
|
|t:|1758954661
|teamsize|p1|6
|teamsize|p2|6
|start
|switch|p1a: Deoxys|Deoxys-Speed|100/100
|switch|p2a: Landorus|Landorus-Therian, M|100/100
|-ability|p1a: Deoxys|Pressure
|-ability|p2a: Landorus|Intimidate|boost
|-unboost|p1a: Deoxys|atk|1
|turn|1
|
|t:|1758954665
|move|p1a: Deoxys|Taunt|p2a: Landorus
|-start|p2a: Landorus|move: Taunt
|move|p2a: Landorus|U-turn|p1a: Deoxys
|-supereffective|p1a: Deoxys
|-damage|p1a: Deoxys|34/100
|
|t:|1758954680
|switch|p2a: Scizor|Scizor, F, shiny|100/100|[from] U-turn
|
|upkeep
|turn|2
|
|t:|1758954685
|move|p1a: Deoxys|Reflect|p1a: Deoxys
|-sidestart|p1: owl_with_scarf|Reflect
|move|p2a: Scizor|U-turn|p1a: Deoxys
|-supereffective|p1a: Deoxys
|-damage|p1a: Deoxys|0 fnt
|faint|p1a: Deoxys
|
|t:|1758954692
|switch|p2a: Regidrago|Regidrago, shiny|100/100|[from] U-turn
|
|upkeep
|
|t:|1758954709
|switch|p1a: Pincurchin|Pincurchin, F|100/100
|-fieldstart|move: Electric Terrain|[from] ability: Electric Surge|[of] p1a: Pincurchin
|turn|3
|
|t:|1758954716
|move|p2a: Regidrago|Hyper Voice|p1a: Pincurchin
|-damage|p1a: Pincurchin|7/100
|move|p1a: Pincurchin|Memento|p2a: Regidrago
|-unboost|p2a: Regidrago|atk|2
|-unboost|p2a: Regidrago|spa|2
|faint|p1a: Pincurchin
|
|upkeep
|
|t:|1758954719
|switch|p1a: Iron Thorns|Iron Thorns|100/100
|-activate|p1a: Iron Thorns|ability: Quark Drive
|-start|p1a: Iron Thorns|quarkdriveatk
|turn|4
|
|t:|1758954728
|move|p2a: Regidrago|Hyper Voice|p1a: Iron Thorns
|-resisted|p1a: Iron Thorns
|-damage|p1a: Iron Thorns|80/100
|move|p1a: Iron Thorns|Dragon Dance|p1a: Iron Thorns
|-boost|p1a: Iron Thorns|atk|1
|-boost|p1a: Iron Thorns|spe|1
|
|upkeep
|turn|5
|
|t:|1758954739
|switch|p2a: Scizor|Scizor, F, shiny|100/100
|move|p1a: Iron Thorns|Dragon Dance|p1a: Iron Thorns
|-boost|p1a: Iron Thorns|atk|1
|-boost|p1a: Iron Thorns|spe|1
|
|upkeep
|turn|6
|
|t:|1758954745
|-terastallize|p1a: Iron Thorns|Bug
|move|p1a: Iron Thorns|Rock Blast|p2a: Scizor
|-damage|p2a: Scizor|69/100
|-damage|p2a: Scizor|35/100
|-damage|p2a: Scizor|4/100
|-damage|p2a: Scizor|0 fnt
|faint|p2a: Scizor
|-hitcount|p2: Scizor|4
|
|upkeep
|
|t:|1758954763
|switch|p2a: Iron Valiant|Iron Valiant|100/100
|-activate|p2a: Iron Valiant|ability: Quark Drive
|-start|p2a: Iron Valiant|quarkdrivespe
|turn|7
|
|t:|1758954776
|move|p2a: Iron Valiant|Fire Punch|p1a: Iron Thorns
|-supereffective|p1a: Iron Thorns
|-damage|p1a: Iron Thorns|45/100
|move|p1a: Iron Thorns|Ice Punch|p2a: Iron Valiant
|-damage|p2a: Iron Valiant|0 fnt
|faint|p2a: Iron Valiant
|-end|p2a: Iron Valiant|Quark Drive|[silent]
|
|upkeep
|
|t:|1758954791
|switch|p2a: Regidrago|Regidrago, shiny|100/100
|turn|8
|
|t:|1758954797
|move|p1a: Iron Thorns|Pin Missile|p2a: Regidrago
|-resisted|p2a: Regidrago
|-damage|p2a: Regidrago|63/100
|replace|p2a: Zoroark|Zoroark-Hisui, F
|-end|p2a: Zoroark|Illusion
|-resisted|p2a: Zoroark
|-damage|p2a: Zoroark|28/100
|-resisted|p2a: Zoroark
|-damage|p2a: Zoroark|0 fnt
|faint|p2a: Zoroark
|-hitcount|p2: Zoroark|3
|
|upkeep
|
|t:|1758954809
|switch|p2a: Kingambit|Kingambit, F|100/100
|-activate|p2a: Kingambit|ability: Supreme Overlord
|-start|p2a: Kingambit|fallen3|[silent]
|turn|9
|
|t:|1758954813
|move|p2a: Kingambit|Sucker Punch|p1a: Iron Thorns
|-damage|p1a: Iron Thorns|14/100
|move|p1a: Iron Thorns|Pin Missile|p2a: Kingambit
|-damage|p2a: Kingambit|73/100
|-damage|p2a: Kingambit|48/100
|-damage|p2a: Kingambit|18/100
|-damage|p2a: Kingambit|0 fnt
|faint|p2a: Kingambit
|-end|p2a: Kingambit|fallen3|[silent]
|-hitcount|p2: Kingambit|4
|
|-sideend|p1: owl_with_scarf|Reflect
|upkeep
|
|t:|1758954817
|switch|p2a: Landorus|Landorus-Therian, M|100/100
|-ability|p2a: Landorus|Intimidate|boost
|-unboost|p1a: Iron Thorns|atk|1
|turn|10
|
|t:|1758954822
|move|p1a: Iron Thorns|Rock Blast|p2a: Landorus
|-damage|p2a: Landorus|70/100
|-damage|p2a: Landorus|42/100
|-damage|p2a: Landorus|14/100
|-damage|p2a: Landorus|0 fnt
|faint|p2a: Landorus
|-hitcount|p2: Landorus|4
|
|-fieldend|move: Electric Terrain
|-end|p1a: Iron Thorns|Quark Drive
|upkeep
|
|t:|1758954830
|switch|p2a: Regidrago|Regidrago, shiny|100/100
|turn|11
|
|t:|1758954838
|-terastallize|p2a: Regidrago|Steel
|move|p1a: Iron Thorns|Pin Missile|p2a: Regidrago
|-resisted|p2a: Regidrago
|-crit|p2a: Regidrago
|-damage|p2a: Regidrago|84/100
|-resisted|p2a: Regidrago
|-damage|p2a: Regidrago|71/100
|-resisted|p2a: Regidrago
|-damage|p2a: Regidrago|60/100
|-resisted|p2a: Regidrago
|-damage|p2a: Regidrago|48/100
|-hitcount|p2a: Regidrago|4
|move|p2a: Regidrago|Earth Power|p1a: Iron Thorns
|-resisted|p1a: Iron Thorns
|-damage|p1a: Iron Thorns|0 fnt
|faint|p1a: Iron Thorns
|-end|p1a: Iron Thorns|Quark Drive|[silent]
|
|upkeep
|
|t:|1758954843
|switch|p1a: Tyranitar|Tyranitar, F|100/100
|-weather|Sandstorm|[from] ability: Sand Stream|[of] p1a: Tyranitar
|turn|12
|
|t:|1758954849
|move|p2a: Regidrago|Earth Power|p1a: Tyranitar
|-supereffective|p1a: Tyranitar
|-damage|p1a: Tyranitar|78/100
|move|p1a: Tyranitar|Thunder Wave|p2a: Regidrago
|-status|p2a: Regidrago|par
|
|-weather|Sandstorm|[upkeep]
|upkeep
|turn|13
|
|t:|1758954852
|move|p2a: Regidrago|Earth Power|p1a: Tyranitar
|-supereffective|p1a: Tyranitar
|-damage|p1a: Tyranitar|57/100
|move|p1a: Tyranitar|Knock Off|p2a: Regidrago
|-damage|p2a: Regidrago|2/100 par
|-enditem|p2a: Regidrago|Choice Scarf|[from] move: Knock Off|[of] p1a: Tyranitar
|
|-weather|Sandstorm|[upkeep]
|upkeep
|turn|14
|-message|ba1ance forfeited.
|
|win|owl_with_scarf
|raw|owl_with_scarf's rating: 1423 &rarr; <strong>1442</strong><br />(+19 for winning)
|raw|ba1ance's rating: 1400 &rarr; <strong>1381</strong><br />(-19 for losing)
|l|☆ba1ance
|player|p2|
|l|☆owl_with_scarf
|player|p1|
