|j|☆SmellyKebab12
|j|☆CosmicMD
|t:|1759058890
|gametype|singles
|player|p1|SmellyKebab12|2|1219
|player|p2|CosmicMD|colress|1234
|gen|9
|tier|[Gen 9] OU
|rated|
|rule|HP Percentage Mod: HP is shown in percentages
|rule|Endless Battle Clause: Forcing endless battles is banned
|rule|Species Clause: Limit one of each Pokémon
|rule|OHKO Clause: OHKO moves are banned
|rule|Evasion Items Clause: Evasion items are banned
|rule|Evasion Moves Clause: Evasion moves are banned
|rule|Evasion Abilities Clause: Evasion abilities are banned
|rule|Sleep Moves Clause: Sleep-inducing moves are banned
|clearpoke
|poke|p1|Jolteon, M|
|poke|p1|Flygon, M|
|poke|p1|Corviknight, M|
|poke|p1|Gastrodon, F|
|poke|p1|Ceruledge, F|
|poke|p1|Hatterene, F|
|poke|p2|Great Tusk|
|poke|p2|Alomomola, F|
|poke|p2|Meowscarada, F|
|poke|p2|Iron Hands|
|poke|p2|Slowking-Galar, M|
|poke|p2|Iron Valiant|
|teampreview
|c|☆CosmicMD|glhf
|inactive|Battle timer is ON: inactive players will automatically lose when time's up. (requested by CosmicMD)
|inactive|SmellyKebab12 has 120 seconds left.
|
|t:|1759058934
|teamsize|p1|6
|teamsize|p2|6
|start
|switch|p1a: Jolteon|Jolteon, M|100/100
|switch|p2a: Meowscarada|Meowscarada, F|100/100
|turn|1
|
|t:|1759058943
|switch|p1a: Corviknight|Corviknight, M, shiny|100/100
|move|p2a: Meowscarada|Knock Off|p1a: Corviknight
|-start|p2a: Meowscarada|typechange|Dark|[from] ability: Protean
|-damage|p1a: Corviknight|70/100
|-damage|p2a: Meowscarada|84/100|[from] item: Rocky Helmet|[of] p1a: Corviknight
|-enditem|p1a: Corviknight|Rocky Helmet|[from] move: Knock Off|[of] p2a: Meowscarada
|
|upkeep
|turn|2
|
|t:|1759058957
|switch|p2a: Iron Hands|Iron Hands|100/100
|move|p1a: Corviknight|Bulk Up|p1a: Corviknight
|-boost|p1a: Corviknight|atk|1
|-boost|p1a: Corviknight|def|1
|
|upkeep
|turn|3
|
|t:|1759058968
|-terastallize|p1a: Corviknight|Dragon
|move|p1a: Corviknight|Brave Bird|p2a: Iron Hands
|-damage|p2a: Iron Hands|65/100
|-damage|p1a: Corviknight|55/100|[from] Recoil
|move|p2a: Iron Hands|Volt Switch|p1a: Corviknight
|-resisted|p1a: Corviknight
|-damage|p1a: Corviknight|49/100
|
|t:|1759058983
|-end|p2a: Iron Hands|Quark Drive|[silent]
|switch|p2a: Meowscarada|Meowscarada, F|84/100|[from] Volt Switch
|
|upkeep
|turn|4
|
|t:|1759058988
|move|p2a: Meowscarada|Triple Axel|p1a: Corviknight
|-start|p2a: Meowscarada|typechange|Ice|[from] ability: Protean
|-supereffective|p1a: Corviknight
|-damage|p1a: Corviknight|40/100
|-supereffective|p1a: Corviknight
|-damage|p1a: Corviknight|23/100
|-supereffective|p1a: Corviknight
|-damage|p1a: Corviknight|0 fnt
|faint|p1a: Corviknight
|-hitcount|p1: Corviknight|3
|
|upkeep
|
|t:|1759059001
|switch|p1a: Ceruledge|Ceruledge, F|100/100
|turn|5
|
|t:|1759059012
|switch|p2a: Alomomola|Alomomola, F|100/100
|move|p1a: Ceruledge|Bitter Blade|p2a: Alomomola
|-resisted|p2a: Alomomola
|-damage|p2a: Alomomola|88/100
|-damage|p1a: Ceruledge|84/100|[from] item: Rocky Helmet|[of] p2a: Alomomola
|
|upkeep
|turn|6
|
|t:|1759059024
|switch|p1a: Jolteon|Jolteon, M|100/100
|move|p2a: Alomomola|Wish|p2a: Alomomola
|
|upkeep
|turn|7
|
|t:|1759059033
|switch|p2a: Iron Hands|Iron Hands|65/100
|move|p1a: Jolteon|Thunderbolt|p2a: Iron Hands
|-resisted|p2a: Iron Hands
|-damage|p2a: Iron Hands|48/100
|
|-heal|p2a: Iron Hands|99/100|[from] move: Wish|[wisher] Alomomola
|upkeep
|turn|8
|
|t:|1759059050
|switch|p1a: Gastrodon|Gastrodon, F|100/100
|move|p2a: Iron Hands|Close Combat|p1a: Gastrodon
|-damage|p1a: Gastrodon|25/100
|-unboost|p2a: Iron Hands|def|1
|-unboost|p2a: Iron Hands|spd|1
|
|-heal|p1a: Gastrodon|31/100|[from] item: Leftovers
|upkeep
|turn|9
|
|t:|1759059064
|move|p1a: Gastrodon|Earth Power|p2a: Iron Hands
|-supereffective|p2a: Iron Hands
|-damage|p2a: Iron Hands|22/100
|move|p2a: Iron Hands|Close Combat|p1a: Gastrodon
|-damage|p1a: Gastrodon|0 fnt
|-unboost|p2a: Iron Hands|def|1
|-unboost|p2a: Iron Hands|spd|1
|faint|p1a: Gastrodon
|
|upkeep
|
|t:|1759059076
|switch|p1a: Flygon|Flygon, M|100/100
|turn|10
|
|t:|1759059090
|-end|p2a: Iron Hands|Quark Drive|[silent]
|switch|p2a: Alomomola|Alomomola, F|100/100
|move|p1a: Flygon|Earthquake|p2a: Alomomola
|-damage|p2a: Alomomola|75/100
|
|upkeep
|turn|11
|-message|SmellyKebab12 forfeited.
|
|win|CosmicMD
|raw|SmellyKebab12's rating: 1219 &rarr; <strong>1195</strong><br />(-24 for losing)
|raw|CosmicMD's rating: 1234 &rarr; <strong>1258</strong><br />(+24 for winning)
|l|☆SmellyKebab12
|player|p1|
|l|☆CosmicMD
|player|p2|
