|raw|<div class="broadcast-blue"><strong>This battle is required to be public due to a player having a name starting with 'lt2'.</div>
|j|☆knock the pex
|j|☆LT2 lulu
|t:|1759047505
|gametype|singles
|player|p1|knock the pex|swimmer|1718
|player|p2|LT2 lulu|170|1713
|gen|9
|tier|[Gen 9] OU
|rated|
|rule|HP Percentage Mod: HP is shown in percentages
|rule|Endless Battle Clause: Forcing endless battles is banned
|rule|Species Clause: Limit one of each Pokémon
|rule|OHKO Clause: OHKO moves are banned
|rule|Evasion Items Clause: Evasion items are banned
|rule|Evasion Moves Clause: Evasion moves are banned
|rule|Evasion Abilities Clause: Evasion abilities are banned
|rule|Sleep Moves Clause: Sleep-inducing moves are banned
|clearpoke
|poke|p1|Weezing-Galar, F|
|poke|p1|Alomomola, M|
|poke|p1|Blissey, F|
|poke|p1|Corviknight, F|
|poke|p1|Iron Treads|
|poke|p1|Ogerpon-Cornerstone, F|
|poke|p2|Primarina, M|
|poke|p2|Iron Treads|
|poke|p2|Deoxys-Speed|
|poke|p2|Darkrai|
|poke|p2|Ogerpon-Cornerstone, F|
|poke|p2|Dragonite, M|
|teampreview
|
|t:|1759047524
|teamsize|p1|6
|teamsize|p2|6
|start
|switch|p1a: Traverse Scott|Iron Treads|100/100
|switch|p2a: Iron Treads|Iron Treads, shiny|100/100
|-enditem|p2a: Iron Treads|Booster Energy
|-activate|p2a: Iron Treads|ability: Quark Drive|[fromitem]
|-start|p2a: Iron Treads|quarkdrivespe
|turn|1
|
|t:|1759047537
|move|p2a: Iron Treads|Earthquake|p1a: Traverse Scott
|-supereffective|p1a: Traverse Scott
|-damage|p1a: Traverse Scott|31/100
|move|p1a: Traverse Scott|Stealth Rock|p2a: Iron Treads
|-sidestart|p2: LT2 lulu|move: Stealth Rock
|
|-heal|p1a: Traverse Scott|37/100|[from] item: Leftovers
|upkeep
|turn|2
|
|t:|1759047545
|-end|p1a: Traverse Scott|Quark Drive|[silent]
|switch|p1a: Alomomola|Alomomola, M|100/100
|move|p2a: Iron Treads|Rapid Spin|p1a: Alomomola
|-damage|p1a: Alomomola|91/100
|-boost|p2a: Iron Treads|spe|1
|-sideend|p2: LT2 lulu|Stealth Rock|[from] move: Rapid Spin|[of] p2a: Iron Treads
|
|upkeep
|turn|3
|
|t:|1759047556
|move|p2a: Iron Treads|Stealth Rock|p1a: Alomomola
|-sidestart|p1: knock the pex|move: Stealth Rock
|move|p1a: Alomomola|Wish|p1a: Alomomola
|
|upkeep
|turn|4
|
|t:|1759047563
|-end|p2a: Iron Treads|Quark Drive|[silent]
|switch|p2a: Primarina|Primarina, M, shiny|100/100
|move|p1a: Alomomola|Flip Turn|p2a: Primarina
|-resisted|p2a: Primarina
|-crit|p2a: Primarina
|-damage|p2a: Primarina|84/100
|
|t:|1759047565
|switch|p1a: Traverse Scott|Iron Treads|37/100|[from] Flip Turn
|-damage|p1a: Traverse Scott|34/100|[from] Stealth Rock
|
|-heal|p1a: Traverse Scott|96/100|[from] move: Wish|[wisher] Alomomola
|-heal|p1a: Traverse Scott|100/100|[from] item: Leftovers
|-heal|p2a: Primarina|90/100|[from] item: Leftovers
|upkeep
|turn|5
|
|t:|1759047572
|move|p1a: Traverse Scott|Rapid Spin|p2a: Primarina
|-damage|p2a: Primarina|72/100
|-boost|p1a: Traverse Scott|spe|1
|-sideend|p1: knock the pex|Stealth Rock|[from] move: Rapid Spin|[of] p1a: Traverse Scott
|move|p2a: Primarina|Whirlpool|p1a: Traverse Scott
|-supereffective|p1a: Traverse Scott
|-damage|p1a: Traverse Scott|69/100
|-activate|p1a: Traverse Scott|move: Whirlpool|[of] p2a: Primarina
|
|-heal|p1a: Traverse Scott|75/100|[from] item: Leftovers
|-heal|p2a: Primarina|78/100|[from] item: Leftovers
|-damage|p1a: Traverse Scott|63/100|[from] move: Whirlpool|[partiallytrapped]
|upkeep
|turn|6
|
|t:|1759047580
|move|p1a: Traverse Scott|Protect|p1a: Traverse Scott
|-singleturn|p1a: Traverse Scott|Protect
|move|p2a: Primarina|Psychic Noise|p1a: Traverse Scott
|-activate|p1a: Traverse Scott|move: Protect
|
|-heal|p1a: Traverse Scott|69/100|[from] item: Leftovers
|-heal|p2a: Primarina|84/100|[from] item: Leftovers
|-damage|p1a: Traverse Scott|57/100|[from] move: Whirlpool|[partiallytrapped]
|upkeep
|turn|7
|
|t:|1759047602
|move|p1a: Traverse Scott|Earthquake|p2a: Primarina
|-damage|p2a: Primarina|26/100
|move|p2a: Primarina|Psychic Noise|p1a: Traverse Scott
|-supereffective|p1a: Traverse Scott
|-damage|p1a: Traverse Scott|0 fnt
|faint|p1a: Traverse Scott
|-end|p1a: Traverse Scott|Quark Drive|[silent]
|
|-heal|p2a: Primarina|32/100|[from] item: Leftovers
|upkeep
|
|t:|1759047608
|switch|p1a: Ogerpon|Ogerpon-Cornerstone, F|100/100
|turn|8
|
|t:|1759047622
|switch|p2a: Dragonite|Dragonite, M, shiny|100/100
|move|p1a: Ogerpon|Ivy Cudgel|p2a: Dragonite|[anim] Ivy Cudgel Rock
|-supereffective|p2a: Dragonite
|-damage|p2a: Dragonite|43/100
|
|upkeep
|turn|9
|
|t:|1759047630
|switch|p1a: Alomomola|Alomomola, M|100/100
|move|p2a: Dragonite|Extreme Speed|p1a: Alomomola
|-damage|p1a: Alomomola|83/100
|
|upkeep
|turn|10
|
|t:|1759047635
|move|p2a: Dragonite|Roost|p2a: Dragonite
|-heal|p2a: Dragonite|93/100
|-singleturn|p2a: Dragonite|move: Roost
|move|p1a: Alomomola|Flip Turn|p2a: Dragonite
|-resisted|p2a: Dragonite
|-damage|p2a: Dragonite|86/100
|
|t:|1759047638
|switch|p1a: Ogerpon|Ogerpon-Cornerstone, F|100/100|[from] Flip Turn
|
|upkeep
|turn|11
|
|t:|1759047645
|move|p2a: Dragonite|Extreme Speed|p1a: Ogerpon
|-resisted|p1a: Ogerpon
|-damage|p1a: Ogerpon|80/100
|move|p1a: Ogerpon|Ivy Cudgel|p2a: Dragonite|[anim] Ivy Cudgel Rock
|-supereffective|p2a: Dragonite
|-damage|p2a: Dragonite|0 fnt
|faint|p2a: Dragonite
|
|upkeep
|
|t:|1759047654
|switch|p2a: Iron Treads|Iron Treads, shiny|100/100
|turn|12
|
|t:|1759047658
|switch|p1a: Alomomola|Alomomola, M|100/100
|move|p2a: Iron Treads|Stealth Rock|p1a: Alomomola
|-sidestart|p1: knock the pex|move: Stealth Rock
|
|upkeep
|turn|13
|
|t:|1759047682
|-end|p2a: Iron Treads|Quark Drive|[silent]
|switch|p2a: Darkrai|Darkrai, shiny|100/100
|move|p1a: Alomomola|Wish|p1a: Alomomola
|
|upkeep
|turn|14
|
|t:|1759047690
|move|p2a: Darkrai|Trick|p1a: Alomomola
|-activate|p2a: Darkrai|move: Trick|[of] p1a: Alomomola
|-item|p1a: Alomomola|Choice Scarf|[from] move: Trick
|-item|p2a: Darkrai|Heavy-Duty Boots|[from] move: Trick
|move|p1a: Alomomola|Flip Turn|p2a: Darkrai
|-crit|p2a: Darkrai
|-damage|p2a: Darkrai|68/100
|
|t:|1759047695
|switch|p1a: Ogerpon|Ogerpon-Cornerstone, F|80/100|[from] Flip Turn
|-damage|p1a: Ogerpon|68/100|[from] Stealth Rock
|
|-heal|p1a: Ogerpon|100/100|[from] move: Wish|[wisher] Alomomola
|upkeep
|turn|15
|
|t:|1759047700
|switch|p1a: Blissey|Blissey, F|100/100
|-damage|p1a: Blissey|88/100|[from] Stealth Rock
|move|p2a: Darkrai|Sludge Bomb|p1a: Blissey
|-damage|p1a: Blissey|77/100
|
|-heal|p1a: Blissey|84/100|[from] item: Leftovers
|upkeep
|turn|16
|
|t:|1759047711
|switch|p2a: Ogerpon|Ogerpon-Cornerstone, F|100/100
|move|p1a: Blissey|Seismic Toss|p2a: Ogerpon
|-damage|p2a: Ogerpon|67/100
|
|-heal|p1a: Blissey|90/100|[from] item: Leftovers
|upkeep
|turn|17
|j| wgw2333
|
|t:|1759047719
|switch|p1a: Corviknight|Corviknight, F|100/100
|-damage|p1a: Corviknight|88/100|[from] Stealth Rock
|-ability|p1a: Corviknight|Pressure
|-terastallize|p2a: Ogerpon|Rock
|detailschange|p2a: Ogerpon|Ogerpon-Cornerstone-Tera, F, tera:Rock
|-ability|p2a: Ogerpon|Embody Aspect (Cornerstone)|boost
|-boost|p2a: Ogerpon|def|1
|move|p2a: Ogerpon|Ivy Cudgel|p1a: Corviknight|[anim] Ivy Cudgel Rock
|-damage|p1a: Corviknight|39/100
|
|upkeep
|turn|18
|
|t:|1759047725
|move|p2a: Ogerpon|Ivy Cudgel|p1a: Corviknight|[anim] Ivy Cudgel Rock
|-damage|p1a: Corviknight|0 fnt
|faint|p1a: Corviknight
|
|upkeep
|
|t:|1759047729
|switch|p1a: Weezing|Weezing-Galar, F|100/100
|-ability|p1a: Weezing|Neutralizing Gas
|turn|19
|
|t:|1759047735
|switch|p2a: Deoxys|Deoxys-Speed, shiny|100/100
|move|p1a: Weezing|Will-O-Wisp|p2a: Deoxys|[miss]
|-miss|p1a: Weezing|p2a: Deoxys
|
|upkeep
|turn|20
|
|t:|1759047742
|move|p2a: Deoxys|Nasty Plot|p2a: Deoxys
|-boost|p2a: Deoxys|spa|2
|move|p1a: Weezing|Defog|p2a: Deoxys
|-unboost|p2a: Deoxys|evasion|1
|-sideend|p1: knock the pex|Stealth Rock|[from] move: Defog|[of] p1a: Weezing
|
|upkeep
|turn|21
|
|t:|1759047748
|-end|p1a: Weezing|ability: Neutralizing Gas
|-ability|p2a: Deoxys|Pressure
|switch|p1a: Blissey|Blissey, F|90/100
|move|p2a: Deoxys|Nasty Plot|p2a: Deoxys
|-boost|p2a: Deoxys|spa|2
|
|-heal|p1a: Blissey|96/100|[from] item: Leftovers
|upkeep
|turn|22
|
|t:|1759047754
|-terastallize|p1a: Blissey|Dark
|move|p2a: Deoxys|Focus Blast|p1a: Blissey|[miss]
|-miss|p2a: Deoxys|p1a: Blissey
|move|p1a: Blissey|Calm Mind|p1a: Blissey
|-boost|p1a: Blissey|spa|1
|-boost|p1a: Blissey|spd|1
|
|-heal|p1a: Blissey|100/100|[from] item: Leftovers
|upkeep
|turn|23
|
|t:|1759047762
|move|p2a: Deoxys|Focus Blast|p1a: Blissey
|-supereffective|p1a: Blissey
|-damage|p1a: Blissey|60/100
|move|p1a: Blissey|Calm Mind|p1a: Blissey
|-boost|p1a: Blissey|spa|1
|-boost|p1a: Blissey|spd|1
|
|-heal|p1a: Blissey|66/100|[from] item: Leftovers
|upkeep
|turn|24
|
|t:|1759047769
|switch|p2a: Ogerpon|Ogerpon-Cornerstone-Tera, F, tera:Rock|67/100
|-ability|p2a: Ogerpon|Embody Aspect (Cornerstone)|boost
|-boost|p2a: Ogerpon|def|1
|move|p1a: Blissey|Seismic Toss|p2a: Ogerpon
|-damage|p2a: Ogerpon|34/100
|
|-heal|p1a: Blissey|72/100|[from] item: Leftovers
|upkeep
|turn|25
|
|t:|1759047776
|switch|p1a: Weezing|Weezing-Galar, F|100/100
|-ability|p1a: Weezing|Neutralizing Gas
|move|p2a: Ogerpon|Ivy Cudgel|p1a: Weezing|[anim] Ivy Cudgel Rock
|-damage|p1a: Weezing|51/100
|
|upkeep
|turn|26
|
|t:|1759047783
|move|p2a: Ogerpon|Ivy Cudgel|p1a: Weezing|[anim] Ivy Cudgel Rock
|-damage|p1a: Weezing|0 fnt
|faint|p1a: Weezing
|-end|p1a: Weezing|ability: Neutralizing Gas
|
|upkeep
|
|t:|1759047786
|switch|p1a: Ogerpon|Ogerpon-Cornerstone, F|100/100
|turn|27
|
|t:|1759047794
|switch|p2a: Primarina|Primarina, M, shiny|32/100
|move|p1a: Ogerpon|Ivy Cudgel|p2a: Primarina|[anim] Ivy Cudgel Rock
|-damage|p2a: Primarina|0 fnt
|faint|p2a: Primarina
|
|upkeep
|
|t:|1759047801
|switch|p2a: Iron Treads|Iron Treads, shiny|100/100
|turn|28
|
|t:|1759047807
|move|p1a: Ogerpon|Swords Dance|p1a: Ogerpon
|-boost|p1a: Ogerpon|atk|2
|move|p2a: Iron Treads|Rapid Spin|p1a: Ogerpon
|-resisted|p1a: Ogerpon
|-damage|p1a: Ogerpon|90/100
|-boost|p2a: Iron Treads|spe|1
|
|upkeep
|turn|29
|
|t:|1759047812
|move|p2a: Iron Treads|Ice Spinner|p1a: Ogerpon
|-supereffective|p1a: Ogerpon
|-damage|p1a: Ogerpon|23/100
|move|p1a: Ogerpon|Low Kick|p2a: Iron Treads
|-supereffective|p2a: Iron Treads
|-damage|p2a: Iron Treads|0 fnt
|faint|p2a: Iron Treads
|-end|p2a: Iron Treads|Quark Drive|[silent]
|
|upkeep
|
|t:|1759047822
|switch|p2a: Deoxys|Deoxys-Speed, shiny|100/100
|-ability|p2a: Deoxys|Pressure
|turn|30
|
|t:|1759047828
|switch|p2a: Ogerpon|Ogerpon-Cornerstone-Tera, F, tera:Rock|34/100
|-ability|p2a: Ogerpon|Embody Aspect (Cornerstone)|boost
|-boost|p2a: Ogerpon|def|1
|move|p1a: Ogerpon|Ivy Cudgel|p2a: Ogerpon|[anim] Ivy Cudgel Rock
|-damage|p2a: Ogerpon|0 fnt
|faint|p2a: Ogerpon
|detailschange|p2: Ogerpon|Ogerpon-Cornerstone, F|[silent]
|
|upkeep
|-message|LT2 lulu forfeited.
|
|win|knock the pex
|raw|knock the pex's rating: 1718 &rarr; <strong>1738</strong><br />(+20 for winning)
|raw|LT2 lulu's rating: 1713 &rarr; <strong>1693</strong><br />(-20 for losing)
|l|☆LT2 lulu
|player|p2|
|j| ahonghhh
|l| ahonghhh
