|j|☆MONEY_MAKER5111
|j|☆tomas1982
|t:|1759034913
|gametype|singles
|player|p1|MONEY_MAKER5111|2|1226
|player|p2|tomas1982|102|1223
|gen|9
|tier|[Gen 9] OU
|rated|
|rule|HP Percentage Mod: HP is shown in percentages
|rule|Endless Battle Clause: Forcing endless battles is banned
|rule|Species Clause: Limit one of each Pokémon
|rule|OHKO Clause: OHKO moves are banned
|rule|Evasion Items Clause: Evasion items are banned
|rule|Evasion Moves Clause: Evasion moves are banned
|rule|Evasion Abilities Clause: Evasion abilities are banned
|rule|Sleep Moves Clause: Sleep-inducing moves are banned
|clearpoke
|poke|p1|Slowking-Galar, M|
|poke|p1|Gholdengo|
|poke|p1|Landorus-Therian, M|
|poke|p1|Samurott-Hisui, F|
|poke|p1|Dragonite, M|
|poke|p1|Zapdos|
|poke|p2|Iron Valiant|
|poke|p2|Gholdengo|
|poke|p2|Samurott-Hisui, M|
|poke|p2|Dragonite, M|
|poke|p2|Grimmsnarl, M|
|poke|p2|Thundurus-Therian, M|
|teampreview
|
|t:|1759034923
|teamsize|p1|6
|teamsize|p2|6
|start
|switch|p1a: Gholdengo|Gholdengo|100/100
|switch|p2a: Grimmsnarl|Grimmsnarl, M|100/100
|turn|1
|
|t:|1759034928
|move|p2a: Grimmsnarl|Light Screen|p2a: Grimmsnarl
|-sidestart|p2: tomas1982|move: Light Screen
|move|p1a: Gholdengo|Trick|p2a: Grimmsnarl
|-activate|p1a: Gholdengo|move: Trick|[of] p2a: Grimmsnarl
|-item|p2a: Grimmsnarl|Choice Scarf|[from] move: Trick
|-item|p1a: Gholdengo|Light Clay|[from] move: Trick
|
|upkeep
|turn|2
|
|t:|1759034935
|switch|p1a: Dragonite|Dragonite, M|100/100
|move|p2a: Grimmsnarl|Parting Shot|p1a: Dragonite
|-unboost|p1a: Dragonite|atk|1
|-unboost|p1a: Dragonite|spa|1
|
|t:|1759034939
|switch|p2a: Dragonite|Dragonite, M|100/100|[from] Parting Shot
|
|upkeep
|turn|3
|
|t:|1759034955
|switch|p1a: Zapdos|Zapdos|100/100
|move|p2a: Dragonite|Dragon Dance|p2a: Dragonite
|-boost|p2a: Dragonite|atk|1
|-boost|p2a: Dragonite|spe|1
|
|upkeep
|turn|4
|
|t:|1759034960
|move|p2a: Dragonite|Dragon Claw|p1a: Zapdos
|-damage|p1a: Zapdos|35/100
|-status|p2a: Dragonite|par|[from] ability: Static|[of] p1a: Zapdos
|move|p1a: Zapdos|Discharge|p2a: Dragonite
|-damage|p2a: Dragonite|88/100 par
|
|upkeep
|turn|5
|
|t:|1759034969
|move|p1a: Zapdos|Roost|p1a: Zapdos
|-heal|p1a: Zapdos|86/100
|-singleturn|p1a: Zapdos|move: Roost
|move|p2a: Dragonite|Dragon Claw|p1a: Zapdos
|-damage|p1a: Zapdos|21/100
|
|upkeep
|turn|6
|
|t:|1759034982
|switch|p1a: Samurott|Samurott-Hisui, F|100/100
|move|p2a: Dragonite|Dragon Dance|p2a: Dragonite
|-boost|p2a: Dragonite|atk|1
|-boost|p2a: Dragonite|spe|1
|
|upkeep
|turn|7
|
|t:|1759034987
|move|p2a: Dragonite|Extreme Speed|p1a: Samurott
|-damage|p1a: Samurott|31/100
|move|p1a: Samurott|Ceaseless Edge|p2a: Dragonite
|-damage|p2a: Dragonite|37/100 par
|-sidestart|p2: tomas1982|Spikes
|
|upkeep
|turn|8
|
|t:|1759034992
|move|p2a: Dragonite|Extreme Speed|p1a: Samurott
|-damage|p1a: Samurott|0 fnt
|faint|p1a: Samurott
|
|-sideend|p2: tomas1982|move: Light Screen
|upkeep
|
|t:|1759034998
|switch|p1a: Gholdengo|Gholdengo|100/100
|turn|9
|
|t:|1759035005
|move|p1a: Gholdengo|Shadow Ball|p2a: Dragonite
|-damage|p2a: Dragonite|0 fnt
|faint|p2a: Dragonite
|
|upkeep
|
|t:|1759035015
|switch|p2a: Samurott|Samurott-Hisui, M|100/100
|-damage|p2a: Samurott|88/100|[from] Spikes
|turn|10
|
|t:|1759035042
|switch|p2a: Grimmsnarl|Grimmsnarl, M|100/100
|-damage|p2a: Grimmsnarl|88/100|[from] Spikes
|switch|p1a: Zapdos|Zapdos|21/100
|
|upkeep
|turn|11
|
|t:|1759035048
|move|p2a: Grimmsnarl|Parting Shot|p1a: Zapdos
|-unboost|p1a: Zapdos|atk|1
|-unboost|p1a: Zapdos|spa|1
|
|t:|1759035053
|switch|p2a: Thundurus|Thundurus-Therian, M|100/100|[from] Parting Shot
|move|p1a: Zapdos|Roost|p1a: Zapdos
|-heal|p1a: Zapdos|71/100
|-singleturn|p1a: Zapdos|move: Roost
|
|upkeep
|turn|12
|
|t:|1759035060
|move|p2a: Thundurus|Nasty Plot|p2a: Thundurus
|-boost|p2a: Thundurus|spa|2
|move|p1a: Zapdos|U-turn|p2a: Thundurus
|-resisted|p2a: Thundurus
|-damage|p2a: Thundurus|94/100
|
|t:|1759035064
|switch|p1a: Landorus|Landorus-Therian, M|100/100|[from] U-turn
|-ability|p1a: Landorus|Intimidate|boost
|-unboost|p2a: Thundurus|atk|1
|
|upkeep
|turn|13
|
|t:|1759035072
|move|p1a: Landorus|Stone Edge|p2a: Thundurus
|-supereffective|p2a: Thundurus
|-damage|p2a: Thundurus|0 fnt
|faint|p2a: Thundurus
|
|upkeep
|
|t:|1759035077
|switch|p2a: Grimmsnarl|Grimmsnarl, M|88/100
|-damage|p2a: Grimmsnarl|76/100|[from] Spikes
|turn|14
|
|t:|1759035084
|switch|p1a: Gholdengo|Gholdengo|100/100
|move|p2a: Grimmsnarl|Parting Shot|p1a: Gholdengo
|-immune|p1a: Gholdengo|[from] ability: Good as Gold
|
|upkeep
|turn|15
|
|t:|1759035093
|switch|p2a: Samurott|Samurott-Hisui, M|88/100
|-damage|p2a: Samurott|76/100|[from] Spikes
|move|p1a: Gholdengo|Shadow Ball|p2a: Samurott
|-resisted|p2a: Samurott
|-damage|p2a: Samurott|53/100
|
|upkeep
|turn|16
|
|t:|1759035106
|switch|p2a: Iron Valiant|Iron Valiant|100/100
|-damage|p2a: Iron Valiant|88/100|[from] Spikes
|-enditem|p2a: Iron Valiant|Booster Energy
|-activate|p2a: Iron Valiant|ability: Quark Drive|[fromitem]
|-start|p2a: Iron Valiant|quarkdrivespe
|switch|p1a: Zapdos|Zapdos|71/100
|
|upkeep
|turn|17
|
|t:|1759035111
|move|p2a: Iron Valiant|Swords Dance|p2a: Iron Valiant
|-boost|p2a: Iron Valiant|atk|2
|move|p1a: Zapdos|Roost|p1a: Zapdos
|-heal|p1a: Zapdos|100/100
|-singleturn|p1a: Zapdos|move: Roost
|
|upkeep
|turn|18
|
|t:|1759035122
|-terastallize|p2a: Iron Valiant|Steel
|move|p2a: Iron Valiant|Spirit Break|p1a: Zapdos
|-damage|p1a: Zapdos|21/100
|-unboost|p1a: Zapdos|spa|1
|move|p1a: Zapdos|Discharge|p2a: Iron Valiant
|-damage|p2a: Iron Valiant|38/100
|
|upkeep
|turn|19
|
|t:|1759035142
|move|p2a: Iron Valiant|Spirit Break|p1a: Zapdos
|-damage|p1a: Zapdos|0 fnt
|-status|p2a: Iron Valiant|par|[from] ability: Static|[of] p1a: Zapdos
|faint|p1a: Zapdos
|
|upkeep
|
|t:|1759035149
|switch|p1a: Dragonite|Dragonite, M|100/100
|turn|20
|
|t:|1759035157
|-terastallize|p1a: Dragonite|Flying
|move|p2a: Iron Valiant|Spirit Break|p1a: Dragonite
|-damage|p1a: Dragonite|57/100
|-unboost|p1a: Dragonite|spa|1
|move|p1a: Dragonite|Dragon Dance|p1a: Dragonite
|-boost|p1a: Dragonite|atk|1
|-boost|p1a: Dragonite|spe|1
|
|upkeep
|turn|21
|
|t:|1759035166
|move|p1a: Dragonite|Earthquake|p2a: Iron Valiant
|-supereffective|p2a: Iron Valiant
|-damage|p2a: Iron Valiant|0 fnt
|faint|p2a: Iron Valiant
|-end|p2a: Iron Valiant|Quark Drive|[silent]
|
|upkeep
|
|t:|1759035173
|switch|p2a: Grimmsnarl|Grimmsnarl, M|76/100
|-damage|p2a: Grimmsnarl|63/100|[from] Spikes
|turn|22
|
|t:|1759035179
|move|p2a: Grimmsnarl|Reflect|p2a: Grimmsnarl
|-sidestart|p2: tomas1982|Reflect
|move|p1a: Dragonite|Roost|p1a: Dragonite
|-heal|p1a: Dragonite|100/100
|-hint|If a Terastallized Pokemon uses Roost, it remains Flying-type.
|
|upkeep
|turn|23
|
|t:|1759035183
|switch|p2a: Gholdengo|Gholdengo|100/100
|-damage|p2a: Gholdengo|88/100|[from] Spikes
|move|p1a: Dragonite|Dragon Dance|p1a: Dragonite
|-boost|p1a: Dragonite|atk|1
|-boost|p1a: Dragonite|spe|1
|
|upkeep
|turn|24
|
|t:|1759035189
|move|p1a: Dragonite|Dragon Dance|p1a: Dragonite
|-boost|p1a: Dragonite|atk|1
|-boost|p1a: Dragonite|spe|1
|move|p2a: Gholdengo|Nasty Plot|p2a: Gholdengo
|-boost|p2a: Gholdengo|spa|2
|
|upkeep
|turn|25
|
|t:|1759035192
|move|p1a: Dragonite|Earthquake|p2a: Gholdengo
|-supereffective|p2a: Gholdengo
|-damage|p2a: Gholdengo|0 fnt
|faint|p2a: Gholdengo
|
|upkeep
|
|t:|1759035195
|switch|p2a: Samurott|Samurott-Hisui, M|53/100
|-damage|p2a: Samurott|41/100|[from] Spikes
|turn|26
|
|t:|1759035197
|move|p1a: Dragonite|Tera Blast|p2a: Samurott|[anim] Tera Blast Flying
|-damage|p2a: Samurott|0 fnt
|faint|p2a: Samurott
|
|-sideend|p2: tomas1982|Reflect
|upkeep
|
|t:|1759035200
|switch|p2a: Grimmsnarl|Grimmsnarl, M|63/100
|-damage|p2a: Grimmsnarl|51/100|[from] Spikes
|turn|27
|-message|tomas1982 forfeited.
|
|win|MONEY_MAKER5111
|raw|MONEY_MAKER5111's rating: 1226 &rarr; <strong>1251</strong><br />(+25 for winning)
|raw|tomas1982's rating: 1223 &rarr; <strong>1198</strong><br />(-25 for losing)
|l|☆tomas1982
|player|p2|
|l|☆MONEY_MAKER5111
|player|p1|
