|j|☆I'm evil and spicy
|j|☆bertoskyT
|t:|1758967402
|gametype|singles
|player|p1|I'm evil and spicy|elesa|1532
|player|p2|bertoskyT|ethan|1611
|gen|9
|tier|[Gen 9] OU
|rated|
|rule|HP Percentage Mod: HP is shown in percentages
|rule|Endless Battle Clause: Forcing endless battles is banned
|rule|Species Clause: Limit one of each Pokémon
|rule|OHKO Clause: OHKO moves are banned
|rule|Evasion Items Clause: Evasion items are banned
|rule|Evasion Moves Clause: Evasion moves are banned
|rule|Evasion Abilities Clause: Evasion abilities are banned
|rule|Sleep Moves Clause: Sleep-inducing moves are banned
|clearpoke
|poke|p1|Talonflame, F|
|poke|p1|Hatterene, F|
|poke|p1|Alomomola, F|
|poke|p1|Ogerpon-Wellspring, F|
|poke|p1|Great Tusk|
|poke|p1|Raging Bolt|
|poke|p2|Dragapult, M|
|poke|p2|Landorus-Therian, M|
|poke|p2|Ogerpon-Wellspring, F|
|poke|p2|Greninja-*, M|
|poke|p2|Slowking-Galar, F|
|poke|p2|Forretress, M|
|teampreview
|inactive|Battle timer is ON: inactive players will automatically lose when time's up. (requested by bertoskyT)
|
|t:|1758967423
|teamsize|p1|6
|teamsize|p2|6
|start
|switch|p1a: Alomomola|Alomomola, F|100/100
|switch|p2a: Landorus|Landorus-Therian, M|100/100
|-ability|p2a: Landorus|Intimidate|boost
|-unboost|p1a: Alomomola|atk|1
|turn|1
|
|t:|1758967432
|switch|p1a: Hatterene|Hatterene, F|100/100
|move|p2a: Landorus|U-turn|p1a: Hatterene
|-damage|p1a: Hatterene|79/100
|
|t:|1758967434
|switch|p2a: Dragapult|Dragapult, M|100/100|[from] U-turn
|
|upkeep
|turn|2
|
|t:|1758967440
|-terastallize|p2a: Dragapult|Ghost
|move|p2a: Dragapult|Tera Blast|p1a: Hatterene|[anim] Tera Blast Ghost
|-supereffective|p1a: Hatterene
|-damage|p1a: Hatterene|0 fnt
|faint|p1a: Hatterene
|
|upkeep
|
|t:|1758967445
|switch|p1a: Alomomola|Alomomola, F|100/100
|turn|3
|
|t:|1758967447
|move|p2a: Dragapult|Tera Blast|p1a: Alomomola|[anim] Tera Blast Ghost
|-damage|p1a: Alomomola|55/100
|-enditem|p1a: Alomomola|Eject Button
|
|t:|1758967457
|switch|p1a: Talonflame|Talonflame, F|100/100
|
|upkeep
|turn|4
|
|t:|1758967465
|switch|p2a: Landorus|Landorus-Therian, M|100/100
|-ability|p2a: Landorus|Intimidate|boost
|-unboost|p1a: Talonflame|atk|1
|move|p1a: Talonflame|Brave Bird|p2a: Landorus
|-damage|p2a: Landorus|64/100
|-damage|p1a: Talonflame|84/100|[from] item: Rocky Helmet|[of] p2a: Landorus
|-damage|p1a: Talonflame|68/100|[from] Recoil
|
|upkeep
|turn|5
|
|t:|1758967474
|switch|p1a: Ogerpon|Ogerpon-Wellspring, F|100/100
|move|p2a: Landorus|Stealth Rock|p1a: Ogerpon
|-sidestart|p1: I'm evil and spicy|move: Stealth Rock
|
|upkeep
|turn|6
|
|t:|1758967482
|move|p1a: Ogerpon|U-turn|p2a: Landorus
|-resisted|p2a: Landorus
|-damage|p2a: Landorus|53/100
|-damage|p1a: Ogerpon|84/100|[from] item: Rocky Helmet|[of] p2a: Landorus
|
|t:|1758967489
|switch|p1a: Alomomola|Alomomola, F|88/100|[from] U-turn
|-damage|p1a: Alomomola|76/100|[from] Stealth Rock
|move|p2a: Landorus|U-turn|p1a: Alomomola
|-damage|p1a: Alomomola|63/100
|
|t:|1758967493
|switch|p2a: Dragapult|Dragapult, M, tera:Ghost|100/100|[from] U-turn
|
|upkeep
|turn|7
|
|t:|1758967500
|move|p2a: Dragapult|Tera Blast|p1a: Alomomola|[anim] Tera Blast Ghost
|-damage|p1a: Alomomola|13/100
|move|p1a: Alomomola|Wish|p1a: Alomomola
|
|upkeep
|turn|8
|
|t:|1758967508
|move|p1a: Alomomola|Protect|p1a: Alomomola
|-singleturn|p1a: Alomomola|Protect
|move|p2a: Dragapult|Tera Blast|p1a: Alomomola|[anim] Tera Blast Ghost
|-activate|p1a: Alomomola|move: Protect
|
|-heal|p1a: Alomomola|63/100|[from] move: Wish|[wisher] Alomomola
|upkeep
|turn|9
|
|t:|1758967514
|move|p2a: Dragapult|Tera Blast|p1a: Alomomola|[anim] Tera Blast Ghost
|-damage|p1a: Alomomola|13/100
|move|p1a: Alomomola|Wish|p1a: Alomomola
|
|upkeep
|turn|10
|
|t:|1758967521
|switch|p2a: Forretress|Forretress, M|100/100
|move|p1a: Alomomola|Protect||[still]
|-fail|p1a: Alomomola
|
|-heal|p1a: Alomomola|63/100|[from] move: Wish|[wisher] Alomomola
|upkeep
|turn|11
|
|t:|1758967532
|switch|p1a: Great Tusk|Great Tusk|100/100
|move|p2a: Forretress|Spikes|p1a: Great Tusk
|-sidestart|p1: I'm evil and spicy|Spikes
|
|upkeep
|turn|12
|
|t:|1758967543
|switch|p2a: Ogerpon|Ogerpon-Wellspring, F|100/100
|move|p1a: Great Tusk|Headlong Rush|p2a: Ogerpon
|-resisted|p2a: Ogerpon
|-damage|p2a: Ogerpon|64/100
|-unboost|p1a: Great Tusk|def|1
|-unboost|p1a: Great Tusk|spd|1
|
|upkeep
|turn|13
|
|t:|1758967550
|-end|p1a: Great Tusk|Protosynthesis|[silent]
|switch|p1a: Raging Bolt|Raging Bolt|100/100
|-damage|p1a: Raging Bolt|88/100|[from] Stealth Rock
|-damage|p1a: Raging Bolt|75/100|[from] Spikes
|move|p2a: Ogerpon|Swords Dance|p2a: Ogerpon
|-boost|p2a: Ogerpon|atk|2
|
|upkeep
|turn|14
|
|t:|1758967566
|switch|p2a: Slowking|Slowking-Galar, F|100/100
|move|p1a: Raging Bolt|Volt Switch|p2a: Slowking
|-damage|p2a: Slowking|62/100
|
|t:|1758967579
|-end|p1a: Raging Bolt|Protosynthesis|[silent]
|switch|p1a: Ogerpon|Ogerpon-Wellspring, F|84/100|[from] Volt Switch
|-damage|p1a: Ogerpon|72/100|[from] Stealth Rock
|-damage|p1a: Ogerpon|59/100|[from] Spikes
|
|upkeep
|turn|15
|
|t:|1758967588
|switch|p2a: Forretress|Forretress, M|100/100
|move|p1a: Ogerpon|Knock Off|p2a: Forretress
|-damage|p2a: Forretress|80/100
|-damage|p1a: Ogerpon|43/100|[from] item: Rocky Helmet|[of] p2a: Forretress
|-enditem|p2a: Forretress|Rocky Helmet|[from] move: Knock Off|[of] p1a: Ogerpon
|
|upkeep
|turn|16
|
|t:|1758967596
|switch|p1a: Great Tusk|Great Tusk|100/100
|move|p2a: Forretress|Spikes|p1a: Great Tusk
|-sidestart|p1: I'm evil and spicy|Spikes
|
|upkeep
|turn|17
|
|t:|1758967603
|switch|p2a: Dragapult|Dragapult, M, tera:Ghost|100/100
|move|p1a: Great Tusk|Rapid Spin|p2a: Dragapult
|-immune|p2a: Dragapult
|
|upkeep
|turn|18
|-message|I'm evil and spicy forfeited.
|
|win|bertoskyT
|raw|I&apos;m evil and spicy's rating: 1532 &rarr; <strong>1516</strong><br />(-16 for losing)
|raw|bertoskyT's rating: 1611 &rarr; <strong>1627</strong><br />(+16 for winning)
|l|☆I'm evil and spicy
|player|p1|
|l|☆bertoskyT
|player|p2|
|j|☆I'm evil and spicy
|player|p1|I'm evil and spicy|elesa|
|l|☆I'm evil and spicy
|player|p1|
