|j|☆ArcadianSkies
|j|☆Palafinnieon
|t:|1758986563
|gametype|singles
|player|p1|ArcadianSkies|volkner|1526
|player|p2|Palafinnieon|grimsley|1530
|gen|9
|tier|[Gen 9] OU
|rated|
|rule|HP Percentage Mod: HP is shown in percentages
|rule|Endless Battle Clause: Forcing endless battles is banned
|rule|Species Clause: Limit one of each Pokémon
|rule|OHKO Clause: OHKO moves are banned
|rule|Evasion Items Clause: Evasion items are banned
|rule|Evasion Moves Clause: Evasion moves are banned
|rule|Evasion Abilities Clause: Evasion abilities are banned
|rule|Sleep Moves Clause: Sleep-inducing moves are banned
|clearpoke
|poke|p1|Pelipper, F|
|poke|p1|Barraskewda, M|
|poke|p1|Raging Bolt|
|poke|p1|Overqwil, M|
|poke|p1|Iron Treads|
|poke|p1|Dragapult, M|
|poke|p2|Pelipper, M|
|poke|p2|Dragonite, M|
|poke|p2|Deoxys-Speed|
|poke|p2|Iron Crown|
|poke|p2|Gholdengo|
|poke|p2|Zamazenta-*|
|teampreview
|inactive|Battle timer is ON: inactive players will automatically lose when time's up. (requested by ArcadianSkies)
|
|t:|1758986574
|teamsize|p1|6
|teamsize|p2|6
|start
|switch|p1a: Downer Ending|Pelipper, F|100/100
|switch|p2a: Deoxys|Deoxys-Speed|100/100
|-ability|p2a: Deoxys|Pressure
|-weather|RainDance|[from] ability: Drizzle|[of] p1a: Downer Ending
|turn|1
|
|t:|1758986582
|switch|p1a: Escape From L.A.|Iron Treads|100/100
|move|p2a: Deoxys|Stealth Rock|p1a: Escape From L.A.
|-sidestart|p1: ArcadianSkies|move: Stealth Rock
|
|-weather|RainDance|[upkeep]
|upkeep
|turn|2
|
|t:|1758986590
|switch|p2a: Gholdengo|Gholdengo|100/100
|-item|p2a: Gholdengo|Air Balloon
|move|p1a: Escape From L.A.|Volt Switch|p2a: Gholdengo
|-damage|p2a: Gholdengo|88/100
|-enditem|p2a: Gholdengo|Air Balloon
|
|t:|1758986594
|-end|p1a: Escape From L.A.|Quark Drive|[silent]
|switch|p1a: The Showstopper|Overqwil, M|100/100|[from] Volt Switch
|-damage|p1a: The Showstopper|88/100|[from] Stealth Rock
|
|-weather|RainDance|[upkeep]
|upkeep
|turn|3
|
|t:|1758986608
|switch|p2a: Deoxys|Deoxys-Speed|100/100
|-ability|p2a: Deoxys|Pressure
|move|p1a: The Showstopper|Swords Dance|p1a: The Showstopper
|-boost|p1a: The Showstopper|atk|2
|
|-weather|RainDance|[upkeep]
|upkeep
|turn|4
|
|t:|1758986612
|move|p1a: The Showstopper|Crunch|p2a: Deoxys
|-supereffective|p2a: Deoxys
|-enditem|p2a: Deoxys|Focus Sash
|-damage|p2a: Deoxys|1/100
|-damage|p1a: The Showstopper|79/100|[from] item: Life Orb
|move|p2a: Deoxys|Spikes|p1a: The Showstopper
|-sidestart|p1: ArcadianSkies|Spikes
|
|-weather|RainDance|[upkeep]
|upkeep
|turn|5
|
|t:|1758986617
|move|p1a: The Showstopper|Crunch|p2a: Deoxys
|-supereffective|p2a: Deoxys
|-damage|p2a: Deoxys|0 fnt
|faint|p2a: Deoxys
|-damage|p1a: The Showstopper|69/100|[from] item: Life Orb
|
|-weather|RainDance|[upkeep]
|upkeep
|
|t:|1758986632
|switch|p2a: Zamazenta|Zamazenta|100/100
|-ability|p2a: Zamazenta|Dauntless Shield|boost
|-boost|p2a: Zamazenta|def|1
|turn|6
|
|t:|1758986637
|-terastallize|p1a: The Showstopper|Water
|move|p1a: The Showstopper|Liquidation|p2a: Zamazenta
|-damage|p2a: Zamazenta|22/100
|-damage|p1a: The Showstopper|59/100|[from] item: Life Orb
|move|p2a: Zamazenta|Iron Defense|p2a: Zamazenta
|-boost|p2a: Zamazenta|def|2
|
|-weather|RainDance|[upkeep]
|-heal|p2a: Zamazenta|28/100|[from] item: Leftovers
|upkeep
|turn|7
|
|t:|1758986643
|move|p1a: The Showstopper|Liquidation|p2a: Zamazenta
|-damage|p2a: Zamazenta|0 fnt
|faint|p2a: Zamazenta
|-damage|p1a: The Showstopper|49/100|[from] item: Life Orb
|
|-weather|RainDance|[upkeep]
|upkeep
|
|t:|1758986650
|switch|p2a: Pelipper|Pelipper, M|100/100
|turn|8
|
|t:|1758986654
|move|p1a: The Showstopper|Gunk Shot|p2a: Pelipper
|-damage|p2a: Pelipper|0 fnt
|faint|p2a: Pelipper
|-damage|p1a: The Showstopper|40/100|[from] item: Life Orb
|
|-weather|none
|upkeep
|
|t:|1758986661
|switch|p2a: Iron Crown|Iron Crown|100/100
|-enditem|p2a: Iron Crown|Booster Energy
|-activate|p2a: Iron Crown|ability: Quark Drive|[fromitem]
|-start|p2a: Iron Crown|quarkdrivespe
|turn|9
|
|t:|1758986666
|move|p2a: Iron Crown|Psychic Noise|p1a: The Showstopper
|-damage|p1a: The Showstopper|0 fnt
|faint|p1a: The Showstopper
|
|upkeep
|
|t:|1758986673
|switch|p1a: Escape From L.A.|Iron Treads|100/100
|-damage|p1a: Escape From L.A.|98/100|[from] Stealth Rock
|-damage|p1a: Escape From L.A.|85/100|[from] Spikes
|turn|10
|
|t:|1758986676
|move|p2a: Iron Crown|Focus Blast|p1a: Escape From L.A.
|-supereffective|p1a: Escape From L.A.
|-damage|p1a: Escape From L.A.|46/100
|-unboost|p1a: Escape From L.A.|spd|1
|move|p1a: Escape From L.A.|Earthquake|p2a: Iron Crown
|-supereffective|p2a: Iron Crown
|-damage|p2a: Iron Crown|26/100
|
|upkeep
|turn|11
|
|t:|1758986686
|-end|p2a: Iron Crown|Quark Drive|[silent]
|switch|p2a: Gholdengo|Gholdengo|88/100
|move|p1a: Escape From L.A.|Rapid Spin|p2a: Gholdengo
|-immune|p2a: Gholdengo
|
|upkeep
|turn|12
|
|t:|1758986691
|-end|p1a: Escape From L.A.|Quark Drive|[silent]
|switch|p1a: Downer Ending|Pelipper, F|100/100
|-damage|p1a: Downer Ending|76/100|[from] Stealth Rock
|-weather|RainDance|[from] ability: Drizzle|[of] p1a: Downer Ending
|move|p2a: Gholdengo|Shadow Ball|p1a: Downer Ending
|-damage|p1a: Downer Ending|11/100
|
|-weather|RainDance|[upkeep]
|upkeep
|turn|13
|
|t:|1758986696
|move|p2a: Gholdengo|Shadow Ball|p1a: Downer Ending
|-damage|p1a: Downer Ending|0 fnt
|faint|p1a: Downer Ending
|
|-weather|RainDance|[upkeep]
|upkeep
|
|t:|1758986703
|switch|p1a: Time's Arrow|Barraskewda, M, shiny|100/100
|-damage|p1a: Time's Arrow|88/100|[from] Stealth Rock
|-damage|p1a: Time's Arrow|76/100|[from] Spikes
|turn|14
|
|t:|1758986707
|switch|p2a: Iron Crown|Iron Crown|26/100
|move|p1a: Time's Arrow|Liquidation|p2a: Iron Crown
|-damage|p2a: Iron Crown|0 fnt
|faint|p2a: Iron Crown
|-end|p2a: Iron Crown|Quark Drive|[silent]
|
|-weather|RainDance|[upkeep]
|upkeep
|
|t:|1758986711
|switch|p2a: Dragonite|Dragonite, M|100/100
|turn|15
|
|t:|1758986714
|move|p1a: Time's Arrow|Liquidation|p2a: Dragonite
|-resisted|p2a: Dragonite
|-damage|p2a: Dragonite|74/100
|move|p2a: Dragonite|Dragon Dance|p2a: Dragonite
|-boost|p2a: Dragonite|atk|1
|-boost|p2a: Dragonite|spe|1
|
|-weather|RainDance|[upkeep]
|upkeep
|turn|16
|
|t:|1758986718
|move|p1a: Time's Arrow|Liquidation|p2a: Dragonite
|-resisted|p2a: Dragonite
|-damage|p2a: Dragonite|16/100
|-unboost|p2a: Dragonite|def|1
|move|p2a: Dragonite|Dragon Dance|p2a: Dragonite
|-boost|p2a: Dragonite|atk|1
|-boost|p2a: Dragonite|spe|1
|
|-weather|RainDance|[upkeep]
|upkeep
|turn|17
|
|t:|1758986721
|move|p2a: Dragonite|Extreme Speed|p1a: Time's Arrow
|-damage|p1a: Time's Arrow|0 fnt
|faint|p1a: Time's Arrow
|
|-weather|RainDance|[upkeep]
|upkeep
|
|t:|1758986724
|switch|p1a: ViewFromHalfwayDwn|Raging Bolt|100/100
|-damage|p1a: ViewFromHalfwayDwn|88/100|[from] Stealth Rock
|-damage|p1a: ViewFromHalfwayDwn|76/100|[from] Spikes
|turn|18
|
|t:|1758986733
|-terastallize|p2a: Dragonite|Normal
|move|p2a: Dragonite|Extreme Speed|p1a: ViewFromHalfwayDwn
|-damage|p1a: ViewFromHalfwayDwn|4/100
|move|p1a: ViewFromHalfwayDwn|Thunder|p2a: Dragonite
|-damage|p2a: Dragonite|0 fnt
|faint|p2a: Dragonite
|
|-weather|RainDance|[upkeep]
|upkeep
|
|t:|1758986739
|switch|p2a: Gholdengo|Gholdengo|88/100
|turn|19
|c|☆ArcadianSkies|Gg
|-message|Palafinnieon forfeited.
|
|win|ArcadianSkies
|raw|ArcadianSkies's rating: 1526 &rarr; <strong>1546</strong><br />(+20 for winning)
|raw|Palafinnieon's rating: 1530 &rarr; <strong>1510</strong><br />(-20 for losing)
|l|☆Palafinnieon
|player|p2|
