|j|☆dinsil
|j|☆aeSpark
|t:|1758968064
|gametype|singles
|player|p1|dinsil|266|1171
|player|p2|aeSpark|169|1163
|gen|9
|tier|[Gen 9] OU
|rated|
|rule|HP Percentage Mod: HP is shown in percentages
|rule|Endless Battle Clause: Forcing endless battles is banned
|rule|Species Clause: Limit one of each Pokémon
|rule|OHKO Clause: OHKO moves are banned
|rule|Evasion Items Clause: Evasion items are banned
|rule|Evasion Moves Clause: Evasion moves are banned
|rule|Evasion Abilities Clause: Evasion abilities are banned
|rule|Sleep Moves Clause: Sleep-inducing moves are banned
|clearpoke
|poke|p1|Blastoise, M|
|poke|p1|Arbok, F|
|poke|p1|Tsareena, F|
|poke|p1|Skarmory, M|
|poke|p1|Quagsire, F|
|poke|p1|Hydreigon, M|
|poke|p2|Iron Treads|
|poke|p2|Hatterene, F|
|poke|p2|Darkrai|
|poke|p2|Iron Valiant|
|poke|p2|Walking Wake|
|poke|p2|Araquanid, F|
|teampreview
|inactive|Battle timer is ON: inactive players will automatically lose when time's up. (requested by dinsil)
|
|t:|1758968083
|teamsize|p1|6
|teamsize|p2|6
|start
|switch|p1a: Arbok|Arbok, F|100/100
|switch|p2a: Walking Wake|Walking Wake|100/100
|-ability|p1a: Arbok|Intimidate|boost
|-unboost|p2a: Walking Wake|atk|1
|turn|1
|
|t:|1758968097
|-end|p2a: Walking Wake|Protosynthesis|[silent]
|switch|p2a: Iron Treads|Iron Treads|100/100
|-enditem|p2a: Iron Treads|Booster Energy
|-activate|p2a: Iron Treads|ability: Quark Drive|[fromitem]
|-start|p2a: Iron Treads|quarkdrivespe
|move|p1a: Arbok|Glare|p2a: Iron Treads
|-status|p2a: Iron Treads|par
|
|upkeep
|turn|2
|
|t:|1758968110
|switch|p1a: Skarmory|Skarmory, M|100/100
|cant|p2a: Iron Treads|par
|
|upkeep
|turn|3
|
|t:|1758968122
|-end|p2a: Iron Treads|Quark Drive|[silent]
|switch|p2a: Walking Wake|Walking Wake|100/100
|move|p1a: Skarmory|Whirlwind|p2a: Walking Wake
|-end|p2a: Walking Wake|Protosynthesis|[silent]
|drag|p2a: Iron Valiant|Iron Valiant|100/100
|-enditem|p2a: Iron Valiant|Booster Energy
|-activate|p2a: Iron Valiant|ability: Quark Drive|[fromitem]
|-start|p2a: Iron Valiant|quarkdrivespe
|
|upkeep
|turn|4
|
|t:|1758968139
|move|p2a: Iron Valiant|Encore|p1a: Skarmory
|-start|p1a: Skarmory|Encore
|move|p1a: Skarmory|Whirlwind|p2a: Iron Valiant
|-end|p2a: Iron Valiant|Quark Drive|[silent]
|drag|p2a: Araquanid|Araquanid, F|100/100
|
|upkeep
|turn|5
|
|t:|1758968157
|switch|p1a: Arbok|Arbok, F|100/100
|-ability|p1a: Arbok|Intimidate|boost
|-unboost|p2a: Araquanid|atk|1
|move|p2a: Araquanid|Sticky Web|p1a: Arbok
|-sidestart|p1: dinsil|move: Sticky Web
|
|upkeep
|turn|6
|
|t:|1758968167
|switch|p2a: Iron Treads|Iron Treads|100/100 par
|move|p1a: Arbok|Substitute|p1a: Arbok
|-start|p1a: Arbok|Substitute
|-damage|p1a: Arbok|75/100
|
|-heal|p1a: Arbok|82/100|[from] item: Leftovers
|upkeep
|turn|7
|
|t:|1758968177
|move|p2a: Iron Treads|Ice Spinner|p1a: Arbok
|-end|p1a: Arbok|Substitute
|move|p1a: Arbok|Dragon Tail|p2a: Iron Treads
|-resisted|p2a: Iron Treads
|-damage|p2a: Iron Treads|94/100 par
|-end|p2a: Iron Treads|Quark Drive|[silent]
|drag|p2a: Iron Valiant|Iron Valiant|100/100
|
|-heal|p1a: Arbok|88/100|[from] item: Leftovers
|upkeep
|turn|8
|
|t:|1758968185
|move|p2a: Iron Valiant|Encore|p1a: Arbok
|-start|p1a: Arbok|Encore
|move|p1a: Arbok|Dragon Tail|p2a: Iron Valiant
|-immune|p2a: Iron Valiant
|
|-heal|p1a: Arbok|94/100|[from] item: Leftovers
|upkeep
|turn|9
|
|t:|1758968193
|switch|p1a: Skarmory|Skarmory, M|100/100
|move|p2a: Iron Valiant|Aura Sphere|p1a: Skarmory
|-damage|p1a: Skarmory|62/100
|
|upkeep
|turn|10
|l|☆aeSpark
|inactive|aeSpark disconnected and has a minute to reconnect!
|player|p2|
|j|☆aeSpark
|inactive|aeSpark reconnected and has 100 seconds left.
|player|p2|aeSpark|169|
|inactive|aeSpark has 90 seconds left.
|
|t:|1758968254
|move|p2a: Iron Valiant|Destiny Bond|p2a: Iron Valiant
|-singlemove|p2a: Iron Valiant|Destiny Bond
|move|p1a: Skarmory|Drill Peck|p2a: Iron Valiant
|-supereffective|p2a: Iron Valiant
|-damage|p2a: Iron Valiant|46/100
|
|upkeep
|turn|11
|inactive|aeSpark has 90 seconds left.
|
|t:|1758968268
|-terastallize|p2a: Iron Valiant|Steel
|move|p2a: Iron Valiant|Aura Sphere|p1a: Skarmory
|-damage|p1a: Skarmory|29/100
|move|p1a: Skarmory|Stealth Rock|p2a: Iron Valiant
|-sidestart|p2: aeSpark|move: Stealth Rock
|
|upkeep
|turn|12
|inactive|aeSpark has 90 seconds left.
|inactive|dinsil has 120 seconds left.
|
|t:|1758968299
|switch|p1a: Blastoise|Blastoise, M|100/100
|-activate|p1a: Blastoise|move: Sticky Web
|-unboost|p1a: Blastoise|spe|1
|move|p2a: Iron Valiant|Aura Sphere|p1a: Blastoise
|-damage|p1a: Blastoise|56/100
|
|upkeep
|turn|13
|inactive|dinsil has 120 seconds left.
|inactive|aeSpark has 90 seconds left.
|
|t:|1758968314
|move|p2a: Iron Valiant|Aura Sphere|p1a: Blastoise
|-damage|p1a: Blastoise|9/100
|move|p1a: Blastoise|Shell Smash|p1a: Blastoise
|-unboost|p1a: Blastoise|def|1
|-unboost|p1a: Blastoise|spd|1
|-boost|p1a: Blastoise|atk|2
|-boost|p1a: Blastoise|spa|2
|-boost|p1a: Blastoise|spe|2
|
|upkeep
|turn|14
|inactive|dinsil has 120 seconds left.
|inactive|aeSpark has 90 seconds left.
|
|t:|1758968335
|-end|p2a: Iron Valiant|Quark Drive|[silent]
|switch|p2a: Araquanid|Araquanid, F|100/100
|-damage|p2a: Araquanid|76/100|[from] Stealth Rock
|move|p1a: Blastoise|Surf|p2a: Araquanid
|-resisted|p2a: Araquanid
|-damage|p2a: Araquanid|31/100
|
|upkeep
|turn|15
|inactive|dinsil has 120 seconds left.
|
|t:|1758968363
|move|p1a: Blastoise|Surf|p2a: Araquanid
|-resisted|p2a: Araquanid
|-damage|p2a: Araquanid|0 fnt
|faint|p2a: Araquanid
|
|upkeep
|
|t:|1758968371
|switch|p2a: Walking Wake|Walking Wake|100/100
|-damage|p2a: Walking Wake|88/100|[from] Stealth Rock
|turn|16
|
|t:|1758968385
|move|p1a: Blastoise|Ice Beam|p2a: Walking Wake
|-damage|p2a: Walking Wake|26/100
|move|p2a: Walking Wake|Dragon Pulse|p1a: Blastoise
|-damage|p1a: Blastoise|0 fnt
|faint|p1a: Blastoise
|
|-heal|p2a: Walking Wake|33/100|[from] item: Leftovers
|upkeep
|inactive|dinsil has 120 seconds left.
|
|t:|1758968402
|switch|p1a: Tsareena|Tsareena, F|100/100
|-activate|p1a: Tsareena|move: Sticky Web
|-unboost|p1a: Tsareena|spe|1
|turn|17
|
|t:|1758968408
|move|p2a: Walking Wake|Flamethrower|p1a: Tsareena
|-supereffective|p1a: Tsareena
|-damage|p1a: Tsareena|23/100
|-enditem|p1a: Tsareena|Salac Berry|[eat]
|-boost|p1a: Tsareena|spe|1|[from] item: Salac Berry
|move|p1a: Tsareena|Trailblaze|p2a: Walking Wake
|-damage|p2a: Walking Wake|2/100
|-boost|p1a: Tsareena|spe|1
|
|-heal|p2a: Walking Wake|8/100|[from] item: Leftovers
|upkeep
|turn|18
|inactive|dinsil has 120 seconds left.
|
|t:|1758968423
|move|p1a: Tsareena|Trailblaze|p2a: Walking Wake
|-damage|p2a: Walking Wake|0 fnt
|-boost|p1a: Tsareena|spe|1
|faint|p2a: Walking Wake
|-end|p2a: Walking Wake|Protosynthesis|[silent]
|
|upkeep
|
|t:|1758968432
|switch|p2a: Iron Treads|Iron Treads|94/100 par
|-damage|p2a: Iron Treads|91/100 par|[from] Stealth Rock
|turn|19
|inactive|dinsil has 120 seconds left.
|
|t:|1758968458
|move|p1a: Tsareena|Triple Axel|p2a: Iron Treads
|-damage|p2a: Iron Treads|85/100 par
|-hitcount|p2a: Iron Treads|1
|move|p2a: Iron Treads|Ice Spinner|p1a: Tsareena
|-supereffective|p1a: Tsareena
|-damage|p1a: Tsareena|0 fnt
|faint|p1a: Tsareena
|
|upkeep
|
|t:|1758968472
|switch|p1a: Quagsire|Quagsire, F|100/100
|-activate|p1a: Quagsire|move: Sticky Web
|-unboost|p1a: Quagsire|spe|1
|turn|20
|
|t:|1758968478
|move|p2a: Iron Treads|Earthquake|p1a: Quagsire
|-damage|p1a: Quagsire|52/100
|move|p1a: Quagsire|Curse|p1a: Quagsire
|-unboost|p1a: Quagsire|spe|1
|-boost|p1a: Quagsire|atk|1
|-boost|p1a: Quagsire|def|1
|
|-heal|p1a: Quagsire|58/100|[from] item: Leftovers
|upkeep
|turn|21
|inactive|aeSpark has 90 seconds left.
|
|t:|1758968489
|move|p2a: Iron Treads|Iron Head|p1a: Quagsire
|-resisted|p1a: Quagsire
|-damage|p1a: Quagsire|46/100
|move|p1a: Quagsire|Recover|p1a: Quagsire
|-heal|p1a: Quagsire|96/100
|
|-heal|p1a: Quagsire|100/100|[from] item: Leftovers
|upkeep
|turn|22
|inactive|dinsil has 120 seconds left.
|inactive|aeSpark has 90 seconds left.
|
|t:|1758968504
|-end|p2a: Iron Treads|Quark Drive|[silent]
|switch|p2a: Iron Valiant|Iron Valiant, tera:Steel|46/100
|-damage|p2a: Iron Valiant|40/100|[from] Stealth Rock
|move|p1a: Quagsire|Curse|p1a: Quagsire
|-unboost|p1a: Quagsire|spe|1
|-boost|p1a: Quagsire|atk|1
|-boost|p1a: Quagsire|def|1
|
|upkeep
|turn|23
|inactive|dinsil has 120 seconds left.
|
|t:|1758968515
|move|p2a: Iron Valiant|Encore|p1a: Quagsire
|-start|p1a: Quagsire|Encore
|move|p1a: Quagsire|Curse|p1a: Quagsire
|-unboost|p1a: Quagsire|spe|1
|-boost|p1a: Quagsire|atk|1
|-boost|p1a: Quagsire|def|1
|
|upkeep
|turn|24
|inactive|aeSpark has 90 seconds left.
|inactive|dinsil has 120 seconds left.
|
|t:|1758968534
|switch|p1a: Skarmory|Skarmory, M|29/100
|move|p2a: Iron Valiant|Aura Sphere|p1a: Skarmory
|-damage|p1a: Skarmory|0 fnt
|faint|p1a: Skarmory
|
|upkeep
|
|t:|1758968545
|switch|p1a: Arbok|Arbok, F|94/100
|-activate|p1a: Arbok|move: Sticky Web
|-unboost|p1a: Arbok|spe|1
|-ability|p1a: Arbok|Intimidate|boost
|-unboost|p2a: Iron Valiant|atk|1
|turn|25
|inactive|aeSpark has 90 seconds left.
|
|t:|1758968560
|move|p2a: Iron Valiant|Destiny Bond|p2a: Iron Valiant
|-singlemove|p2a: Iron Valiant|Destiny Bond
|move|p1a: Arbok|Glare|p2a: Iron Valiant
|-status|p2a: Iron Valiant|par
|
|-heal|p1a: Arbok|99/100|[from] item: Leftovers
|upkeep
|turn|26
|inactive|dinsil has 120 seconds left.
|
|t:|1758968570
|cant|p2a: Iron Valiant|par
|move|p1a: Arbok|Substitute|p1a: Arbok
|-start|p1a: Arbok|Substitute
|-damage|p1a: Arbok|75/100
|
|-heal|p1a: Arbok|81/100|[from] item: Leftovers
|upkeep
|turn|27
|
|t:|1758968576
|move|p2a: Iron Valiant|Encore|p1a: Arbok
|-start|p1a: Arbok|Encore
|move|p1a: Arbok|Substitute|p1a: Arbok
|-fail|p1a: Arbok|move: Substitute
|
|-heal|p1a: Arbok|88/100|[from] item: Leftovers
|upkeep
|turn|28
|inactive|dinsil has 120 seconds left.
|
|t:|1758968597
|move|p2a: Iron Valiant|Aura Sphere|p1a: Arbok
|-resisted|p1a: Arbok
|-activate|p1a: Arbok|move: Substitute|[damage]
|move|p1a: Arbok|Substitute|p1a: Arbok
|-fail|p1a: Arbok|move: Substitute
|
|-heal|p1a: Arbok|94/100|[from] item: Leftovers
|upkeep
|turn|29
|inactive|dinsil has 120 seconds left.
|
|t:|1758968607
|move|p2a: Iron Valiant|Aura Sphere|p1a: Arbok
|-resisted|p1a: Arbok
|-end|p1a: Arbok|Substitute
|move|p1a: Arbok|Substitute|p1a: Arbok
|-start|p1a: Arbok|Substitute
|-damage|p1a: Arbok|69/100
|
|-heal|p1a: Arbok|75/100|[from] item: Leftovers
|-end|p1a: Arbok|Encore
|upkeep
|turn|30
|inactive|dinsil has 120 seconds left.
|
|t:|1758968626
|switch|p1a: Quagsire|Quagsire, F|100/100
|-activate|p1a: Quagsire|move: Sticky Web
|-unboost|p1a: Quagsire|spe|1
|cant|p2a: Iron Valiant|par
|
|upkeep
|turn|31
|inactive|dinsil has 120 seconds left.
|
|t:|1758968638
|move|p2a: Iron Valiant|Destiny Bond|p2a: Iron Valiant
|-singlemove|p2a: Iron Valiant|Destiny Bond
|move|p1a: Quagsire|Earthquake|p2a: Iron Valiant
|-supereffective|p2a: Iron Valiant
|-damage|p2a: Iron Valiant|0 fnt
|faint|p2a: Iron Valiant
|-activate|p2a: Iron Valiant|move: Destiny Bond
|-end|p2a: Iron Valiant|Quark Drive|[silent]
|faint|p1a: Quagsire
|
|upkeep
|inactive|dinsil has 120 seconds left.
|
|t:|1758968651
|switch|p2a: Iron Treads|Iron Treads|85/100 par
|switch|p1a: Hydreigon|Hydreigon, M|100/100
|-damage|p2a: Iron Treads|82/100 par|[from] Stealth Rock
|turn|32
|l|☆aeSpark
|inactive|aeSpark disconnected and has a minute to reconnect!
|player|p2|
|inactive|dinsil has 120 seconds left.
|inactive|aeSpark has 30 seconds to reconnect!
|inactive|aeSpark has 20 seconds to reconnect!
|inactive|aeSpark has 15 seconds to reconnect!
|inactive|aeSpark has 10 seconds to reconnect!
|inactive|aeSpark has 5 seconds to reconnect!
|j|☆aeSpark
|inactive|aeSpark reconnected and has 55 seconds left.
|player|p2|aeSpark|169|
|
|t:|1758968712
|-terastallize|p1a: Hydreigon|Fire
|move|p1a: Hydreigon|Heat Wave|p2a: Iron Treads
|-supereffective|p2a: Iron Treads
|-damage|p2a: Iron Treads|0 fnt
|faint|p2a: Iron Treads
|-end|p2a: Iron Treads|Quark Drive|[silent]
|
|upkeep
|
|t:|1758968720
|switch|p2a: Darkrai|Darkrai|100/100
|-damage|p2a: Darkrai|88/100|[from] Stealth Rock
|turn|33
|inactive|dinsil has 120 seconds left.
|
|t:|1758968735
|switch|p1a: Arbok|Arbok, F|75/100
|-activate|p1a: Arbok|move: Sticky Web
|-unboost|p1a: Arbok|spe|1
|-ability|p1a: Arbok|Intimidate|boost
|-unboost|p2a: Darkrai|atk|1
|move|p2a: Darkrai|Disable||[still]
|-fail|p2a: Darkrai
|
|-heal|p1a: Arbok|81/100|[from] item: Leftovers
|upkeep
|turn|34
|inactive|dinsil has 120 seconds left.
|inactive|aeSpark has 60 seconds left.
|
|t:|1758968746
|move|p2a: Darkrai|Dark Pulse|p1a: Arbok
|-damage|p1a: Arbok|38/100
|move|p1a: Arbok|Glare|p2a: Darkrai
|-status|p2a: Darkrai|par
|
|-heal|p1a: Arbok|44/100|[from] item: Leftovers
|upkeep
|turn|35
|inactive|aeSpark has 60 seconds left.
|inactive|dinsil has 120 seconds left.
|
|t:|1758968759
|switch|p1a: Hydreigon|Hydreigon, M, tera:Fire|100/100
|move|p2a: Darkrai|Dark Pulse|p1a: Hydreigon
|-damage|p1a: Hydreigon|54/100
|
|upkeep
|turn|36
|inactive|aeSpark has 60 seconds left.
|
|t:|1758968771
|move|p1a: Hydreigon|Dark Pulse|p2a: Darkrai
|-resisted|p2a: Darkrai
|-damage|p2a: Darkrai|58/100 par
|cant|p2a: Darkrai|par
|
|upkeep
|turn|37
|
|t:|1758968780
|switch|p1a: Arbok|Arbok, F|44/100
|-activate|p1a: Arbok|move: Sticky Web
|-unboost|p1a: Arbok|spe|1
|-ability|p1a: Arbok|Intimidate|boost
|-unboost|p2a: Darkrai|atk|1
|move|p2a: Darkrai|Dark Pulse|p1a: Arbok
|-damage|p1a: Arbok|1/100
|
|-heal|p1a: Arbok|7/100|[from] item: Leftovers
|upkeep
|turn|38
|c|☆dinsil|oh mb
|c|☆dinsil|thought it was ghost lmao
|
|t:|1758968796
|cant|p2a: Darkrai|par
|move|p1a: Arbok|Gunk Shot|p2a: Darkrai
|-damage|p2a: Darkrai|8/100 par
|
|-heal|p1a: Arbok|13/100|[from] item: Leftovers
|upkeep
|turn|39
|
|t:|1758968805
|move|p2a: Darkrai|Dark Pulse|p1a: Arbok
|-damage|p1a: Arbok|0 fnt
|faint|p1a: Arbok
|
|upkeep
|
|t:|1758968809
|switch|p1a: Hydreigon|Hydreigon, M, tera:Fire|54/100
|turn|40
|
|t:|1758968815
|move|p1a: Hydreigon|Heat Wave|p2a: Darkrai
|-damage|p2a: Darkrai|0 fnt
|faint|p2a: Darkrai
|
|upkeep
|
|t:|1758968821
|switch|p2a: Hatterene|Hatterene, F|100/100
|-damage|p2a: Hatterene|88/100|[from] Stealth Rock
|turn|41
|inactive|aeSpark has 90 seconds left.
|
|t:|1758968833
|move|p1a: Hydreigon|Heat Wave|p2a: Hatterene
|-damage|p2a: Hatterene|35/100
|-status|p2a: Hatterene|brn
|move|p2a: Hatterene|Expanding Force|p1a: Hydreigon
|-damage|p1a: Hydreigon|0 fnt
|faint|p1a: Hydreigon
|
|win|aeSpark
|raw|dinsil's rating: 1171 &rarr; <strong>1145</strong><br />(-26 for losing)
|raw|aeSpark's rating: 1163 &rarr; <strong>1189</strong><br />(+26 for winning)
|c|☆aeSpark|gg
|c|☆dinsil|gg
|l|☆dinsil
|player|p1|
