|j|☆Rising Ursaring
|j|☆TRIPLE RILABOOM
|t:|1758992212
|gametype|singles
|player|p1|Rising Ursaring|burglar|1475
|player|p2|TRIPLE RILABOOM|lucas|1436
|gen|9
|tier|[Gen 9] OU
|rated|
|rule|HP Percentage Mod: HP is shown in percentages
|rule|Endless Battle Clause: Forcing endless battles is banned
|rule|Species Clause: Limit one of each Pokémon
|rule|OHKO Clause: OHKO moves are banned
|rule|Evasion Items Clause: Evasion items are banned
|rule|Evasion Moves Clause: Evasion moves are banned
|rule|Evasion Abilities Clause: Evasion abilities are banned
|rule|Sleep Moves Clause: Sleep-inducing moves are banned
|clearpoke
|poke|p1|Raging Bolt|
|poke|p1|Wo-Chien|
|poke|p1|Empoleon, M|
|poke|p1|Ceruledge, F|
|poke|p1|Weezing-Galar, M|
|poke|p1|Landorus-Therian, M|
|poke|p2|Rillaboom, M|
|poke|p2|Ursaluna, F|
|poke|p2|Kyurem|
|poke|p2|Iron Treads|
|poke|p2|Keldeo-Resolute|
|poke|p2|Cresselia, F|
|teampreview
|inactive|Battle timer is ON: inactive players will automatically lose when time's up. (requested by TRIPLE RILABOOM)
|
|t:|1758992225
|teamsize|p1|6
|teamsize|p2|6
|start
|switch|p1a: Landorus|Landorus-Therian, M|100/100
|switch|p2a: Cresselia|Cresselia, F, shiny|100/100
|-ability|p1a: Landorus|Intimidate|boost
|-unboost|p2a: Cresselia|atk|1
|turn|1
|
|t:|1758992228
|move|p1a: Landorus|U-turn|p2a: Cresselia
|-supereffective|p2a: Cresselia
|-damage|p2a: Cresselia|72/100
|
|t:|1758992231
|switch|p1a: Wo-Chien|Wo-Chien|100/100|[from] U-turn
|-ability|p1a: Wo-Chien|Tablets of Ruin
|move|p2a: Cresselia|Trick Room|p2a: Cresselia
|-fieldstart|move: Trick Room|[of] p2a: Cresselia
|
|upkeep
|turn|2
|
|t:|1758992236
|switch|p2a: Ursaluna|Ursaluna, F, shiny|100/100
|move|p1a: Wo-Chien|Leech Seed|p2a: Ursaluna
|-start|p2a: Ursaluna|move: Leech Seed
|
|-damage|p2a: Ursaluna|88/100|[from] Leech Seed|[of] p1a: Wo-Chien
|-status|p2a: Ursaluna|brn|[from] item: Flame Orb
|upkeep
|turn|3
|
|t:|1758992242
|move|p2a: Ursaluna|Swords Dance|p2a: Ursaluna
|-boost|p2a: Ursaluna|atk|2
|move|p1a: Wo-Chien|Ruination|p2a: Ursaluna
|-damage|p2a: Ursaluna|44/100 brn
|
|-damage|p2a: Ursaluna|32/100 brn|[from] Leech Seed|[of] p1a: Wo-Chien
|-damage|p2a: Ursaluna|26/100 brn|[from] brn
|upkeep
|turn|4
|inactive|Rising Ursaring has 120 seconds left.
|
|t:|1758992274
|move|p1a: Wo-Chien|Protect|p1a: Wo-Chien
|-singleturn|p1a: Wo-Chien|Protect
|move|p2a: Ursaluna|Facade|p1a: Wo-Chien
|-activate|p1a: Wo-Chien|move: Protect
|
|-damage|p2a: Ursaluna|14/100 brn|[from] Leech Seed|[of] p1a: Wo-Chien
|-damage|p2a: Ursaluna|8/100 brn|[from] brn
|upkeep
|turn|5
|inactive|Rising Ursaring has 120 seconds left.
|
|t:|1758992286
|switch|p1a: Weezing|Weezing-Galar, M|100/100
|-ability|p1a: Weezing|Neutralizing Gas
|move|p2a: Ursaluna|Earthquake|p1a: Weezing
|-supereffective|p1a: Weezing
|-damage|p1a: Weezing|25/100
|
|-damage|p2a: Ursaluna|0 fnt|[from] Leech Seed|[of] p1a: Weezing
|-heal|p1a: Weezing|35/100|[silent]
|faint|p2a: Ursaluna
|-fieldend|move: Trick Room
|upkeep
|
|t:|1758992315
|switch|p2a: Keldeo|Keldeo-Resolute, shiny|100/100
|turn|6
|
|t:|1758992320
|move|p2a: Keldeo|Surf|p1a: Weezing
|-damage|p1a: Weezing|0 fnt
|faint|p1a: Weezing
|-end|p1a: Weezing|ability: Neutralizing Gas
|
|upkeep
|
|t:|1758992327
|switch|p1a: Raging Bolt|Raging Bolt|100/100
|turn|7
|
|t:|1758992342
|switch|p2a: Iron Treads|Iron Treads, shiny|100/100
|-enditem|p2a: Iron Treads|Booster Energy
|-activate|p2a: Iron Treads|ability: Quark Drive|[fromitem]
|-start|p2a: Iron Treads|quarkdrivespe
|-end|p1a: Raging Bolt|Protosynthesis|[silent]
|switch|p1a: Landorus|Landorus-Therian, M|100/100
|-ability|p1a: Landorus|Intimidate|boost
|-unboost|p2a: Iron Treads|atk|1
|
|upkeep
|turn|8
|
|t:|1758992355
|-end|p2a: Iron Treads|Quark Drive|[silent]
|switch|p2a: Rillaboom|Rillaboom, M, shiny|100/100
|-fieldstart|move: Grassy Terrain|[from] ability: Grassy Surge|[of] p2a: Rillaboom
|switch|p1a: Wo-Chien|Wo-Chien|100/100
|-ability|p1a: Wo-Chien|Tablets of Ruin
|
|upkeep
|turn|9
|
|t:|1758992378
|move|p1a: Wo-Chien|Protect|p1a: Wo-Chien
|-singleturn|p1a: Wo-Chien|Protect
|move|p2a: Rillaboom|Swords Dance|p2a: Rillaboom
|-boost|p2a: Rillaboom|atk|2
|
|upkeep
|turn|10
|
|t:|1758992384
|switch|p1a: Empoleon|Empoleon, M|100/100
|move|p2a: Rillaboom|Swords Dance|p2a: Rillaboom
|-boost|p2a: Rillaboom|atk|2
|
|upkeep
|turn|11
|
|t:|1758992393
|move|p2a: Rillaboom|Grassy Glide|p1a: Empoleon
|-crit|p1a: Empoleon
|-damage|p1a: Empoleon|0 fnt
|faint|p1a: Empoleon
|-damage|p2a: Rillaboom|91/100|[from] item: Life Orb
|
|-heal|p2a: Rillaboom|97/100|[from] Grassy Terrain
|upkeep
|
|t:|1758992400
|switch|p1a: Ceruledge|Ceruledge, F|100/100
|turn|12
|
|t:|1758992411
|switch|p2a: Keldeo|Keldeo-Resolute, shiny|100/100
|move|p1a: Ceruledge|Swords Dance|p1a: Ceruledge
|-boost|p1a: Ceruledge|atk|2
|
|-fieldend|move: Grassy Terrain
|upkeep
|turn|13
|
|t:|1758992415
|move|p2a: Keldeo|Surf|p1a: Ceruledge
|-supereffective|p1a: Ceruledge
|-enditem|p1a: Ceruledge|Focus Sash
|-damage|p1a: Ceruledge|1/100
|move|p1a: Ceruledge|Poltergeist|p2a: Keldeo
|-activate|p2a: Keldeo|move: Poltergeist|Choice Scarf
|-damage|p2a: Keldeo|0 fnt
|faint|p2a: Keldeo
|
|upkeep
|
|t:|1758992425
|switch|p2a: Rillaboom|Rillaboom, M, shiny|97/100
|-fieldstart|move: Grassy Terrain|[from] ability: Grassy Surge|[of] p2a: Rillaboom
|turn|14
|
|t:|1758992430
|move|p1a: Ceruledge|Shadow Sneak|p2a: Rillaboom
|-damage|p2a: Rillaboom|51/100
|move|p2a: Rillaboom|Grassy Glide|p1a: Ceruledge
|-resisted|p1a: Ceruledge
|-damage|p1a: Ceruledge|0 fnt
|faint|p1a: Ceruledge
|-damage|p2a: Rillaboom|41/100|[from] item: Life Orb
|
|-heal|p2a: Rillaboom|47/100|[from] Grassy Terrain
|upkeep
|
|t:|1758992436
|switch|p1a: Landorus|Landorus-Therian, M|100/100
|-ability|p1a: Landorus|Intimidate|boost
|-unboost|p2a: Rillaboom|atk|1
|turn|15
|
|t:|1758992444
|switch|p2a: Kyurem|Kyurem, shiny|100/100
|-ability|p2a: Kyurem|Pressure
|move|p1a: Landorus|U-turn|p2a: Kyurem
|-damage|p2a: Kyurem|73/100
|
|t:|1758992455
|switch|p1a: Wo-Chien|Wo-Chien|100/100|[from] U-turn
|-ability|p1a: Wo-Chien|Tablets of Ruin
|
|-heal|p2a: Kyurem|79/100|[from] Grassy Terrain
|upkeep
|turn|16
|
|t:|1758992460
|-terastallize|p2a: Kyurem|Ice
|move|p2a: Kyurem|Ice Beam|p1a: Wo-Chien
|-supereffective|p1a: Wo-Chien
|-damage|p1a: Wo-Chien|0 fnt
|faint|p1a: Wo-Chien
|
|-heal|p2a: Kyurem|85/100|[from] Grassy Terrain
|upkeep
|
|t:|1758992466
|switch|p1a: Landorus|Landorus-Therian, M|100/100
|-ability|p1a: Landorus|Intimidate|boost
|-unboost|p2a: Kyurem|atk|1
|turn|17
|
|t:|1758992470
|move|p1a: Landorus|Stone Edge|p2a: Kyurem
|-supereffective|p2a: Kyurem
|-damage|p2a: Kyurem|11/100
|move|p2a: Kyurem|Ice Beam|p1a: Landorus
|-supereffective|p1a: Landorus
|-damage|p1a: Landorus|0 fnt
|faint|p1a: Landorus
|
|-heal|p2a: Kyurem|17/100|[from] Grassy Terrain
|upkeep
|
|t:|1758992472
|switch|p1a: Raging Bolt|Raging Bolt|100/100
|turn|18
|
|t:|1758992475
|move|p1a: Raging Bolt|Thunderclap|p2a: Kyurem
|-damage|p2a: Kyurem|0 fnt
|faint|p2a: Kyurem
|
|-fieldend|move: Grassy Terrain
|upkeep
|
|t:|1758992477
|switch|p2a: Iron Treads|Iron Treads, shiny|100/100
|turn|19
|c|☆Rising Ursaring|gg
|
|t:|1758992480
|move|p2a: Iron Treads|Earthquake|p1a: Raging Bolt
|-supereffective|p1a: Raging Bolt
|-damage|p1a: Raging Bolt|16/100
|move|p1a: Raging Bolt|Thunderbolt|p2a: Iron Treads
|-immune|p2a: Iron Treads
|
|upkeep
|turn|20
|c|☆TRIPLE RILABOOM|why thunderbolt
|
|t:|1758992494
|move|p2a: Iron Treads|Volt Switch|p1a: Raging Bolt
|-resisted|p1a: Raging Bolt
|-damage|p1a: Raging Bolt|14/100
|
|t:|1758992497
|-end|p2a: Iron Treads|Quark Drive|[silent]
|switch|p2a: Rillaboom|Rillaboom, M, shiny|47/100|[from] Volt Switch
|-fieldstart|move: Grassy Terrain|[from] ability: Grassy Surge|[of] p2a: Rillaboom
|move|p1a: Raging Bolt|Dragon Pulse|p2a: Rillaboom
|-damage|p2a: Rillaboom|0 fnt
|faint|p2a: Rillaboom
|
|-heal|p1a: Raging Bolt|20/100|[from] Grassy Terrain
|upkeep
|
|t:|1758992501
|switch|p2a: Cresselia|Cresselia, F, shiny|72/100
|turn|21
|
|t:|1758992505
|move|p1a: Raging Bolt|Thunderbolt|p2a: Cresselia
|-damage|p2a: Cresselia|39/100
|move|p2a: Cresselia|Psychic|p1a: Raging Bolt
|-damage|p1a: Raging Bolt|0 fnt
|faint|p1a: Raging Bolt
|-end|p1a: Raging Bolt|Protosynthesis|[silent]
|
|win|TRIPLE RILABOOM
|raw|Rising Ursaring's rating: 1475 &rarr; <strong>1453</strong><br />(-22 for losing)
|raw|TRIPLE RILABOOM's rating: 1436 &rarr; <strong>1458</strong><br />(+22 for winning)
|l|☆TRIPLE RILABOOM
|player|p2|
|c|☆Rising Ursaring|Missclicked that time
|c|☆Rising Ursaring|Haha
|l|☆Rising Ursaring
|player|p1|
