|j|☆namnamthedestroyer
|j|☆prayerule
|t:|1758981541
|gametype|singles
|player|p1|namnamthedestroyer|1|1168
|player|p2|prayerule|koga|1095
|gen|9
|tier|[Gen 9] OU
|rated|
|rule|HP Percentage Mod: HP is shown in percentages
|rule|Endless Battle Clause: Forcing endless battles is banned
|rule|Species Clause: Limit one of each Pokémon
|rule|OHKO Clause: OHKO moves are banned
|rule|Evasion Items Clause: Evasion items are banned
|rule|Evasion Moves Clause: Evasion moves are banned
|rule|Evasion Abilities Clause: Evasion abilities are banned
|rule|Sleep Moves Clause: Sleep-inducing moves are banned
|clearpoke
|poke|p1|Haxorus, M|
|poke|p1|Corviknight, M|
|poke|p1|Toxapex, F|
|poke|p1|Sinistcha-Masterpiece|
|poke|p1|Darkrai|
|poke|p1|Dragonite, M|
|poke|p2|Oricorio-Pom-Pom, M|
|poke|p2|Sylveon, M|
|poke|p2|Hatterene, F|
|poke|p2|Grimmsnarl, M|
|poke|p2|Slither Wing|
|poke|p2|Dragalge, M|
|teampreview
|
|t:|1758981577
|teamsize|p1|6
|teamsize|p2|6
|start
|switch|p1a: Sinistcha|Sinistcha-Masterpiece|100/100
|switch|p2a: Grimmsnarl|Grimmsnarl, M|100/100
|turn|1
|
|t:|1758981594
|move|p2a: Grimmsnarl|Light Screen|p2a: Grimmsnarl
|-sidestart|p2: prayerule|move: Light Screen
|move|p1a: Sinistcha|Nasty Plot|p1a: Sinistcha
|-boost|p1a: Sinistcha|spa|2
|
|upkeep
|turn|2
|
|t:|1758981604
|move|p2a: Grimmsnarl|Thunder Wave|p1a: Sinistcha|[miss]
|-miss|p2a: Grimmsnarl|p1a: Sinistcha
|move|p1a: Sinistcha|Matcha Gotcha|p2a: Grimmsnarl
|-damage|p2a: Grimmsnarl|67/100
|
|upkeep
|turn|3
|
|t:|1758981638
|move|p2a: Grimmsnarl|Thunder Wave|p1a: Sinistcha
|-status|p1a: Sinistcha|par
|move|p1a: Sinistcha|Nasty Plot|p1a: Sinistcha
|-boost|p1a: Sinistcha|spa|2
|
|upkeep
|turn|4
|
|t:|1758981646
|move|p2a: Grimmsnarl|Spirit Break|p1a: Sinistcha
|-crit|p1a: Sinistcha
|-damage|p1a: Sinistcha|58/100 par
|-unboost|p1a: Sinistcha|spa|1
|move|p1a: Sinistcha|Matcha Gotcha|p2a: Grimmsnarl
|-damage|p2a: Grimmsnarl|28/100
|-heal|p1a: Sinistcha|81/100 par|[from] drain|[of] p2a: Grimmsnarl
|-status|p2a: Grimmsnarl|brn
|
|-damage|p2a: Grimmsnarl|22/100 brn|[from] brn
|upkeep
|turn|5
|
|t:|1758981661
|move|p2a: Grimmsnarl|Reflect|p2a: Grimmsnarl
|-sidestart|p2: prayerule|Reflect
|move|p1a: Sinistcha|Nasty Plot|p1a: Sinistcha
|-boost|p1a: Sinistcha|spa|2
|
|-damage|p2a: Grimmsnarl|16/100 brn|[from] brn
|upkeep
|turn|6
|-activate|p1a: Sinistcha|item: Quick Claw
|
|t:|1758981670
|move|p1a: Sinistcha|Matcha Gotcha|p2a: Grimmsnarl|[miss]
|-miss|p1a: Sinistcha|p2a: Grimmsnarl
|move|p2a: Grimmsnarl|Spirit Break|p1a: Sinistcha
|-damage|p1a: Sinistcha|66/100 par
|-unboost|p1a: Sinistcha|spa|1
|
|-damage|p2a: Grimmsnarl|10/100 brn|[from] brn
|upkeep
|turn|7
|
|t:|1758981686
|move|p2a: Grimmsnarl|Spirit Break|p1a: Sinistcha
|-damage|p1a: Sinistcha|51/100 par
|-unboost|p1a: Sinistcha|spa|1
|move|p1a: Sinistcha|Matcha Gotcha|p2a: Grimmsnarl
|-damage|p2a: Grimmsnarl|0 fnt
|-heal|p1a: Sinistcha|56/100 par|[from] drain|[of] p2a: Grimmsnarl
|faint|p2a: Grimmsnarl
|
|upkeep
|
|t:|1758981698
|switch|p2a: Oricorio|Oricorio-Pom-Pom, M|100/100
|turn|8
|
|t:|1758981705
|move|p2a: Oricorio|Hurricane|p1a: Sinistcha
|-supereffective|p1a: Sinistcha
|-damage|p1a: Sinistcha|0 fnt
|faint|p1a: Sinistcha
|
|-sideend|p2: prayerule|move: Light Screen
|upkeep
|
|t:|1758981713
|switch|p1a: Darkrai|Darkrai|100/100
|turn|9
|
|t:|1758981717
|move|p1a: Darkrai|Ice Beam|p2a: Oricorio
|-supereffective|p2a: Oricorio
|-damage|p2a: Oricorio|0 fnt
|faint|p2a: Oricorio
|-damage|p1a: Darkrai|91/100|[from] item: Life Orb
|
|upkeep
|
|t:|1758981725
|switch|p2a: Slither Wing|Slither Wing|100/100
|turn|10
|
|t:|1758981736
|switch|p1a: Corviknight|Corviknight, M|100/100
|move|p2a: Slither Wing|First Impression|p1a: Corviknight
|-resisted|p1a: Corviknight
|-damage|p1a: Corviknight|88/100
|-damage|p2a: Slither Wing|84/100|[from] item: Rocky Helmet|[of] p1a: Corviknight
|
|upkeep
|turn|11
|
|t:|1758981747
|-end|p2a: Slither Wing|Protosynthesis|[silent]
|switch|p2a: Sylveon|Sylveon, M|100/100
|move|p1a: Corviknight|Light Screen|p1a: Corviknight
|-sidestart|p1: namnamthedestroyer|move: Light Screen
|
|upkeep
|turn|12
|
|t:|1758981754
|switch|p1a: Toxapex|Toxapex, F|100/100
|move|p2a: Sylveon|Calm Mind|p2a: Sylveon
|-boost|p2a: Sylveon|spa|1
|-boost|p2a: Sylveon|spd|1
|
|-sideend|p2: prayerule|Reflect
|upkeep
|turn|13
|
|t:|1758981762
|move|p2a: Sylveon|Calm Mind|p2a: Sylveon
|-boost|p2a: Sylveon|spa|1
|-boost|p2a: Sylveon|spd|1
|move|p1a: Toxapex|Toxic|p2a: Sylveon
|-status|p2a: Sylveon|tox
|
|-damage|p2a: Sylveon|94/100 tox|[from] psn
|upkeep
|turn|14
|
|t:|1758981774
|move|p1a: Toxapex|Baneful Bunker|p1a: Toxapex
|-singleturn|p1a: Toxapex|move: Protect
|move|p2a: Sylveon|Wish|p2a: Sylveon
|
|-heal|p2a: Sylveon|100/100 tox|[from] item: Leftovers
|-damage|p2a: Sylveon|88/100 tox|[from] psn
|upkeep
|turn|15
|
|t:|1758981784
|move|p2a: Sylveon|Calm Mind|p2a: Sylveon
|-boost|p2a: Sylveon|spa|1
|-boost|p2a: Sylveon|spd|1
|move|p1a: Toxapex|Recover||[still]
|-fail|p1a: Toxapex|heal
|
|-heal|p2a: Sylveon|100/100 tox|[from] move: Wish|[wisher] Sylveon
|-damage|p2a: Sylveon|82/100 tox|[from] psn
|-sideend|p1: namnamthedestroyer|move: Light Screen
|upkeep
|turn|16
|
|t:|1758981795
|move|p1a: Toxapex|Baneful Bunker|p1a: Toxapex
|-singleturn|p1a: Toxapex|move: Protect
|move|p2a: Sylveon|Calm Mind|p2a: Sylveon
|-boost|p2a: Sylveon|spa|1
|-boost|p2a: Sylveon|spd|1
|
|-heal|p2a: Sylveon|88/100 tox|[from] item: Leftovers
|-damage|p2a: Sylveon|64/100 tox|[from] psn
|upkeep
|turn|17
|
|t:|1758981806
|move|p2a: Sylveon|Hyper Voice|p1a: Toxapex
|-resisted|p1a: Toxapex
|-damage|p1a: Toxapex|61/100
|move|p1a: Toxapex|Chilling Water|p2a: Sylveon
|-damage|p2a: Sylveon|61/100 tox
|-unboost|p2a: Sylveon|atk|1
|
|-heal|p2a: Sylveon|68/100 tox|[from] item: Leftovers
|-heal|p1a: Toxapex|67/100|[from] item: Black Sludge
|-damage|p2a: Sylveon|37/100 tox|[from] psn
|upkeep
|turn|18
|
|t:|1758981818
|move|p2a: Sylveon|Wish|p2a: Sylveon
|move|p1a: Toxapex|Chilling Water|p2a: Sylveon
|-damage|p2a: Sylveon|35/100 tox
|-unboost|p2a: Sylveon|atk|1
|
|-heal|p2a: Sylveon|41/100 tox|[from] item: Leftovers
|-heal|p1a: Toxapex|73/100|[from] item: Black Sludge
|-damage|p2a: Sylveon|4/100 tox|[from] psn
|upkeep
|turn|19
|
|t:|1758981828
|-terastallize|p2a: Sylveon|Fairy
|move|p1a: Toxapex|Baneful Bunker|p1a: Toxapex
|-singleturn|p1a: Toxapex|move: Protect
|move|p2a: Sylveon|Hyper Voice|p1a: Toxapex
|-activate|p1a: Toxapex|move: Protect
|
|-heal|p2a: Sylveon|54/100 tox|[from] move: Wish|[wisher] Sylveon
|-heal|p2a: Sylveon|60/100 tox|[from] item: Leftovers
|-heal|p1a: Toxapex|79/100|[from] item: Black Sludge
|-damage|p2a: Sylveon|18/100 tox|[from] psn
|upkeep
|turn|20
|
|t:|1758981842
|move|p2a: Sylveon|Hyper Voice|p1a: Toxapex
|-resisted|p1a: Toxapex
|-damage|p1a: Toxapex|18/100
|move|p1a: Toxapex|Recover|p1a: Toxapex
|-heal|p1a: Toxapex|68/100
|
|-heal|p2a: Sylveon|24/100 tox|[from] item: Leftovers
|-heal|p1a: Toxapex|75/100|[from] item: Black Sludge
|-damage|p2a: Sylveon|0 fnt|[from] psn
|faint|p2a: Sylveon
|upkeep
|
|t:|1758981854
|switch|p2a: Dragalge|Dragalge, M|100/100
|turn|21
|
|t:|1758981862
|switch|p1a: Corviknight|Corviknight, M|88/100
|move|p2a: Dragalge|Sludge Bomb|p1a: Corviknight
|-immune|p1a: Corviknight
|
|upkeep
|turn|22
|
|t:|1758981869
|move|p1a: Corviknight|Light Screen|p1a: Corviknight
|-sidestart|p1: namnamthedestroyer|move: Light Screen
|move|p2a: Dragalge|Draco Meteor|p1a: Corviknight
|-resisted|p1a: Corviknight
|-damage|p1a: Corviknight|67/100
|-unboost|p2a: Dragalge|spa|2
|
|upkeep
|turn|23
|-message|prayerule forfeited.
|
|win|namnamthedestroyer
|raw|namnamthedestroyer's rating: 1168 &rarr; <strong>1188</strong><br />(+20 for winning)
|raw|prayerule's rating: 1095 &rarr; <strong>1076</strong><br />(-19 for losing)
|l|☆prayerule
|player|p2|
|l|☆namnamthedestroyer
|player|p1|
