|j|☆iamyourchicken
|j|☆Citrusfunk
|t:|1759036533
|gametype|singles
|player|p1|iamyourchicken|169|1186
|player|p2|Citrusfunk|grimsley|1190
|gen|9
|tier|[Gen 9] OU
|rated|
|rule|HP Percentage Mod: HP is shown in percentages
|rule|Endless Battle Clause: Forcing endless battles is banned
|rule|Species Clause: Limit one of each Pokémon
|rule|OHKO Clause: OHKO moves are banned
|rule|Evasion Items Clause: Evasion items are banned
|rule|Evasion Moves Clause: Evasion moves are banned
|rule|Evasion Abilities Clause: Evasion abilities are banned
|rule|Sleep Moves Clause: Sleep-inducing moves are banned
|clearpoke
|poke|p1|Cloyster, M|
|poke|p1|Umbreon, F|
|poke|p1|Ditto|
|poke|p1|Dragapult, F|
|poke|p1|Donphan, L1, M|
|poke|p1|Metagross|
|poke|p2|Garchomp, M|
|poke|p2|Dragapult, M|
|poke|p2|Hydreigon, M|
|poke|p2|Dragonite, F|
|poke|p2|Goodra-Hisui, F|
|poke|p2|Salamence, F|
|teampreview
|inactive|Battle timer is ON: inactive players will automatically lose when time's up. (requested by Citrusfunk)
|
|t:|1759036540
|teamsize|p1|6
|teamsize|p2|6
|start
|switch|p1a: Cloyster|Cloyster, M|100/100
|switch|p2a: Dragapult|Dragapult, M|100/100
|turn|1
|
|t:|1759036547
|move|p2a: Dragapult|Reflect|p2a: Dragapult
|-sidestart|p2: Citrusfunk|Reflect
|move|p1a: Cloyster|Icicle Spear|p2a: Dragapult
|-supereffective|p2a: Dragapult
|-damage|p2a: Dragapult|88/100
|-supereffective|p2a: Dragapult
|-damage|p2a: Dragapult|74/100
|-supereffective|p2a: Dragapult
|-damage|p2a: Dragapult|62/100
|-supereffective|p2a: Dragapult
|-damage|p2a: Dragapult|47/100
|-supereffective|p2a: Dragapult
|-damage|p2a: Dragapult|33/100
|-hitcount|p2a: Dragapult|5
|
|upkeep
|turn|2
|
|t:|1759036553
|move|p2a: Dragapult|Light Screen|p2a: Dragapult
|-sidestart|p2: Citrusfunk|move: Light Screen
|move|p1a: Cloyster|Shell Smash|p1a: Cloyster
|-unboost|p1a: Cloyster|def|1
|-unboost|p1a: Cloyster|spd|1
|-boost|p1a: Cloyster|atk|2
|-boost|p1a: Cloyster|spa|2
|-boost|p1a: Cloyster|spe|2
|
|upkeep
|turn|3
|
|t:|1759036561
|move|p1a: Cloyster|Icicle Spear|p2a: Dragapult
|-supereffective|p2a: Dragapult
|-damage|p2a: Dragapult|7/100
|-supereffective|p2a: Dragapult
|-damage|p2a: Dragapult|0 fnt
|faint|p2a: Dragapult
|-hitcount|p2: Dragapult|2
|
|upkeep
|
|t:|1759036563
|switch|p2a: Goodra|Goodra-Hisui, F|100/100
|turn|4
|
|t:|1759036575
|move|p1a: Cloyster|Icicle Spear|p2a: Goodra
|-damage|p2a: Goodra|91/100
|-damage|p2a: Goodra|83/100
|-damage|p2a: Goodra|74/100
|-damage|p2a: Goodra|66/100
|-damage|p2a: Goodra|57/100
|-hitcount|p2a: Goodra|5
|move|p2a: Goodra|Flash Cannon|p1a: Cloyster
|-enditem|p1a: Cloyster|Focus Sash
|-damage|p1a: Cloyster|1/100
|
|upkeep
|turn|5
|
|t:|1759036580
|move|p1a: Cloyster|Icicle Spear|p2a: Goodra
|-damage|p2a: Goodra|48/100
|-damage|p2a: Goodra|39/100
|-damage|p2a: Goodra|30/100
|-damage|p2a: Goodra|21/100
|-damage|p2a: Goodra|11/100
|-hitcount|p2a: Goodra|5
|move|p2a: Goodra|Thunderbolt|p1a: Cloyster
|-supereffective|p1a: Cloyster
|-damage|p1a: Cloyster|0 fnt
|faint|p1a: Cloyster
|
|upkeep
|
|t:|1759036594
|switch|p1a: Metagross|Metagross|100/100
|turn|6
|
|t:|1759036602
|move|p1a: Metagross|Psychic Fangs|p2a: Goodra
|-sideend|p2: Citrusfunk|Reflect
|-sideend|p2: Citrusfunk|move: Light Screen
|-resisted|p2a: Goodra
|-damage|p2a: Goodra|0 fnt
|-ability|p2a: Goodra|Gooey
|-fail|p1a: Metagross|unboost|[from] ability: Clear Body|[of] p1a: Metagross
|faint|p2a: Goodra
|
|upkeep
|
|t:|1759036618
|switch|p2a: Hydreigon|Hydreigon, M|100/100
|turn|7
|
|t:|1759036625
|-terastallize|p1a: Metagross|Steel
|move|p2a: Hydreigon|Draco Meteor|p1a: Metagross
|-resisted|p1a: Metagross
|-damage|p1a: Metagross|66/100
|-unboost|p2a: Hydreigon|spa|2
|move|p1a: Metagross|Heavy Slam|p2a: Hydreigon
|-damage|p2a: Hydreigon|23/100
|
|upkeep
|turn|8
|
|t:|1759036638
|switch|p2a: Salamence|Salamence, F|100/100
|-ability|p2a: Salamence|Intimidate|boost
|-fail|p1a: Metagross|unboost|[from] ability: Clear Body|[of] p1a: Metagross
|move|p1a: Metagross|Heavy Slam|p2a: Salamence
|-damage|p2a: Salamence|0 fnt
|faint|p2a: Salamence
|
|upkeep
|
|t:|1759036644
|switch|p2a: Garchomp|Garchomp, M|100/100
|turn|9
|
|t:|1759036652
|move|p2a: Garchomp|Earthquake|p1a: Metagross
|-supereffective|p1a: Metagross
|-damage|p1a: Metagross|0 fnt
|faint|p1a: Metagross
|
|upkeep
|
|t:|1759036663
|switch|p1a: Donphan|Donphan, L1, M|100/100
|turn|10
|
|t:|1759036667
|move|p2a: Garchomp|Dragon Rush|p1a: Donphan
|-crit|p1a: Donphan
|-ability|p1a: Donphan|Sturdy
|-damage|p1a: Donphan|8/100
|move|p1a: Donphan|Endeavor|p2a: Garchomp
|-damage|p2a: Garchomp|1/100
|-damage|p1a: Donphan|0 fnt|[from] ability: Rough Skin|[of] p2a: Garchomp
|faint|p1a: Donphan
|
|upkeep
|
|t:|1759036680
|switch|p1a: Ditto|Ditto|100/100
|-transform|p1a: Ditto|p2a: Garchomp|[from] ability: Imposter
|turn|11
|
|t:|1759036688
|move|p1a: Ditto|Dragon Rush|p2a: Garchomp
|-supereffective|p2a: Garchomp
|-damage|p2a: Garchomp|0 fnt
|-damage|p1a: Ditto|88/100|[from] ability: Rough Skin|[of] p2a: Garchomp
|faint|p2a: Garchomp
|
|upkeep
|
|t:|1759036691
|switch|p2a: Dragonite|Dragonite, F|100/100
|turn|12
|
|t:|1759036696
|move|p1a: Ditto|Dragon Rush|p2a: Dragonite
|-supereffective|p2a: Dragonite
|-damage|p2a: Dragonite|43/100
|-enditem|p2a: Dragonite|Weakness Policy
|-boost|p2a: Dragonite|atk|2|[from] item: Weakness Policy
|-boost|p2a: Dragonite|spa|2|[from] item: Weakness Policy
|move|p2a: Dragonite|Dragon Dance|p2a: Dragonite
|-boost|p2a: Dragonite|atk|1
|-boost|p2a: Dragonite|spe|1
|
|upkeep
|turn|13
|
|t:|1759036706
|switch|p1a: Umbreon|Umbreon, F|100/100
|-terastallize|p2a: Dragonite|Steel
|move|p2a: Dragonite|Dragon Claw|p1a: Umbreon
|-damage|p1a: Umbreon|0 fnt
|faint|p1a: Umbreon
|
|upkeep
|
|t:|1759036716
|switch|p1a: Ditto|Ditto|88/100
|-transform|p1a: Ditto|p2a: Dragonite|[from] ability: Imposter
|-start|p1a: Ditto|typechange|Dragon/Flying|[silent]
|turn|14
|
|t:|1759036725
|move|p1a: Ditto|Earthquake|p2a: Dragonite
|-supereffective|p2a: Dragonite
|-damage|p2a: Dragonite|0 fnt
|faint|p2a: Dragonite
|
|upkeep
|
|t:|1759036727
|switch|p2a: Hydreigon|Hydreigon, M|23/100
|turn|15
|
|t:|1759036735
|switch|p1a: Dragapult|Dragapult, F|100/100
|move|p2a: Hydreigon|Dark Pulse|p1a: Dragapult
|-supereffective|p1a: Dragapult
|-damage|p1a: Dragapult|0 fnt
|faint|p1a: Dragapult
|
|upkeep
|
|t:|1759036743
|switch|p1a: Ditto|Ditto|88/100
|-transform|p1a: Ditto|p2a: Hydreigon|[from] ability: Imposter
|turn|16
|
|t:|1759036751
|move|p1a: Ditto|Draco Meteor|p2a: Hydreigon|[miss]
|-miss|p1a: Ditto|p2a: Hydreigon
|move|p2a: Hydreigon|Draco Meteor|p1a: Ditto
|-supereffective|p1a: Ditto
|-crit|p1a: Ditto
|-damage|p1a: Ditto|0 fnt
|-unboost|p2a: Hydreigon|spa|2
|faint|p1a: Ditto
|
|win|Citrusfunk
|raw|iamyourchicken's rating: 1186 &rarr; <strong>1161</strong><br />(-25 for losing)
|raw|Citrusfunk's rating: 1190 &rarr; <strong>1215</strong><br />(+25 for winning)
|l|☆iamyourchicken
|player|p1|
|c|☆Citrusfunk|Gg
|l|☆Citrusfunk
|player|p2|
