|j|☆Ray0000003
|j|☆roryta
|t:|1759075524
|gametype|singles
|player|p1|Ray0000003|1|1182
|player|p2|roryta|hilbert|1158
|gen|9
|tier|[Gen 9] OU
|rated|
|rule|HP Percentage Mod: HP is shown in percentages
|rule|Endless Battle Clause: Forcing endless battles is banned
|rule|Species Clause: Limit one of each Pokémon
|rule|OHKO Clause: OHKO moves are banned
|rule|Evasion Items Clause: Evasion items are banned
|rule|Evasion Moves Clause: Evasion moves are banned
|rule|Evasion Abilities Clause: Evasion abilities are banned
|rule|Sleep Moves Clause: Sleep-inducing moves are banned
|clearpoke
|poke|p1|Toxapex, F|
|poke|p1|Iron Moth|
|poke|p1|Gliscor, F|
|poke|p1|Dragonite, F|
|poke|p1|Corviknight, F|
|poke|p1|Dondozo, F|
|poke|p2|Kyurem|
|poke|p2|Darkrai|
|poke|p2|Iron Treads|
|poke|p2|Primarina, F|
|poke|p2|Whiscash, F|
|poke|p2|Infernape, M|
|teampreview
|inactive|Battle timer is ON: inactive players will automatically lose when time's up. (requested by roryta)
|
|t:|1759075530
|teamsize|p1|6
|teamsize|p2|6
|start
|switch|p1a: Toxapex|Toxapex, F, shiny|100/100
|switch|p2a: Darkrai|Darkrai|100/100
|turn|1
|
|t:|1759075538
|move|p2a: Darkrai|Dark Pulse|p1a: Toxapex
|-damage|p1a: Toxapex|55/100
|-damage|p2a: Darkrai|91/100|[from] item: Life Orb
|move|p1a: Toxapex|Toxic|p2a: Darkrai
|-status|p2a: Darkrai|tox
|
|-heal|p1a: Toxapex|61/100|[from] item: Black Sludge
|-damage|p2a: Darkrai|84/100 tox|[from] psn
|upkeep
|turn|2
|
|t:|1759075549
|move|p2a: Darkrai|Nasty Plot|p2a: Darkrai
|-boost|p2a: Darkrai|spa|2
|move|p1a: Toxapex|Recover|p1a: Toxapex
|-heal|p1a: Toxapex|100/100
|
|-damage|p2a: Darkrai|72/100 tox|[from] psn
|upkeep
|turn|3
|
|t:|1759075556
|move|p2a: Darkrai|Dark Pulse|p1a: Toxapex
|-damage|p1a: Toxapex|7/100
|-damage|p2a: Darkrai|62/100 tox|[from] item: Life Orb
|cant|p1a: Toxapex|flinch
|
|-heal|p1a: Toxapex|13/100|[from] item: Black Sludge
|-damage|p2a: Darkrai|44/100 tox|[from] psn
|upkeep
|turn|4
|
|t:|1759075570
|move|p2a: Darkrai|Dark Pulse|p1a: Toxapex
|-damage|p1a: Toxapex|0 fnt
|faint|p1a: Toxapex
|-damage|p2a: Darkrai|34/100 tox|[from] item: Life Orb
|
|-damage|p2a: Darkrai|10/100 tox|[from] psn
|upkeep
|
|t:|1759075577
|switch|p1a: Dragonite|Dragonite, F, shiny|100/100
|turn|5
|
|t:|1759075581
|move|p1a: Dragonite|Extreme Speed|p2a: Darkrai
|-damage|p2a: Darkrai|0 fnt
|faint|p2a: Darkrai
|
|upkeep
|
|t:|1759075589
|switch|p2a: Primarina|Primarina, F, shiny|100/100
|turn|6
|inactive|Ray0000003 has 120 seconds left.
|
|t:|1759075633
|switch|p1a: Corviknight|Corviknight, F, shiny|100/100
|-ability|p1a: Corviknight|Pressure
|move|p2a: Primarina|Moonblast|p1a: Corviknight
|-resisted|p1a: Corviknight
|-damage|p1a: Corviknight|76/100
|-unboost|p1a: Corviknight|spa|1
|
|-heal|p1a: Corviknight|82/100|[from] item: Leftovers
|upkeep
|turn|7
|
|t:|1759075644
|move|p2a: Primarina|Surf|p1a: Corviknight
|-damage|p1a: Corviknight|32/100
|move|p1a: Corviknight|U-turn|p2a: Primarina
|-resisted|p2a: Primarina
|-damage|p2a: Primarina|90/100
|
|t:|1759075659
|switch|p1a: Gliscor|Gliscor, F, shiny|100/100|[from] U-turn
|
|-status|p1a: Gliscor|tox|[from] item: Toxic Orb
|upkeep
|turn|8
|
|t:|1759075666
|-terastallize|p1a: Gliscor|Steel
|move|p1a: Gliscor|Facade|p2a: Primarina
|-damage|p2a: Primarina|49/100
|move|p2a: Primarina|Surf|p1a: Gliscor
|-damage|p1a: Gliscor|36/100 tox
|
|-heal|p1a: Gliscor|49/100 tox|[from] ability: Poison Heal
|upkeep
|turn|9
|
|t:|1759075674
|move|p1a: Gliscor|Protect|p1a: Gliscor
|-singleturn|p1a: Gliscor|Protect
|move|p2a: Primarina|Surf|p1a: Gliscor
|-activate|p1a: Gliscor|move: Protect
|
|-heal|p1a: Gliscor|61/100 tox|[from] ability: Poison Heal
|upkeep
|turn|10
|inactive|Ray0000003 has 120 seconds left.
|
|t:|1759075682
|move|p1a: Gliscor|Facade|p2a: Primarina
|-damage|p2a: Primarina|8/100
|move|p2a: Primarina|Surf|p1a: Gliscor
|-damage|p1a: Gliscor|0 fnt
|faint|p1a: Gliscor
|
|upkeep
|inactive|Ray0000003 has 120 seconds left.
|
|t:|1759075688
|switch|p1a: Dragonite|Dragonite, F, shiny|100/100
|turn|11
|
|t:|1759075692
|move|p1a: Dragonite|Extreme Speed|p2a: Primarina
|-damage|p2a: Primarina|0 fnt
|faint|p2a: Primarina
|
|upkeep
|
|t:|1759075696
|switch|p2a: Whiscash|Whiscash, F|100/100
|turn|12
|
|t:|1759075719
|move|p1a: Dragonite|Earthquake|p2a: Whiscash
|-damage|p2a: Whiscash|60/100
|move|p2a: Whiscash|Curse|p2a: Whiscash
|-unboost|p2a: Whiscash|spe|1
|-boost|p2a: Whiscash|atk|1
|-boost|p2a: Whiscash|def|1
|
|-heal|p2a: Whiscash|66/100|[from] item: Leftovers
|upkeep
|turn|13
|
|t:|1759075727
|move|p2a: Whiscash|Curse|p2a: Whiscash
|-unboost|p2a: Whiscash|spe|1
|-boost|p2a: Whiscash|atk|1
|-boost|p2a: Whiscash|def|1
|move|p1a: Dragonite|Dragon Tail|p2a: Whiscash
|-damage|p2a: Whiscash|48/100
|drag|p2a: Iron Treads|Iron Treads, shiny|100/100
|
|upkeep
|turn|14
|
|t:|1759075739
|move|p2a: Iron Treads|Ice Spinner|p1a: Dragonite
|-supereffective|p1a: Dragonite
|-damage|p1a: Dragonite|53/100
|move|p1a: Dragonite|Earthquake|p2a: Iron Treads
|-supereffective|p2a: Iron Treads
|-damage|p2a: Iron Treads|29/100
|
|upkeep
|turn|15
|
|t:|1759075745
|move|p2a: Iron Treads|Ice Spinner|p1a: Dragonite
|-supereffective|p1a: Dragonite
|-damage|p1a: Dragonite|0 fnt
|faint|p1a: Dragonite
|
|upkeep
|
|t:|1759075750
|switch|p1a: Dondozo|Dondozo, F, shiny|100/100
|turn|16
|
|t:|1759075753
|move|p2a: Iron Treads|Earthquake|p1a: Dondozo
|-damage|p1a: Dondozo|76/100
|move|p1a: Dondozo|Wave Crash|p2a: Iron Treads
|-supereffective|p2a: Iron Treads
|-damage|p2a: Iron Treads|0 fnt
|faint|p2a: Iron Treads
|-end|p2a: Iron Treads|Quark Drive|[silent]
|-damage|p1a: Dondozo|70/100|[from] Recoil
|
|-heal|p1a: Dondozo|76/100|[from] item: Leftovers
|upkeep
|
|t:|1759075762
|switch|p2a: Kyurem|Kyurem, shiny|100/100
|-ability|p2a: Kyurem|Pressure
|turn|17
|
|t:|1759075771
|switch|p1a: Iron Moth|Iron Moth, shiny|100/100
|move|p2a: Kyurem|Freeze-Dry|p1a: Iron Moth
|-resisted|p1a: Iron Moth
|-damage|p1a: Iron Moth|70/100
|
|upkeep
|turn|18
|
|t:|1759075779
|switch|p2a: Whiscash|Whiscash, F|48/100
|move|p1a: Iron Moth|Fiery Dance|p2a: Whiscash
|-resisted|p2a: Whiscash
|-damage|p2a: Whiscash|32/100
|
|-heal|p2a: Whiscash|39/100|[from] item: Leftovers
|upkeep
|turn|19
|
|t:|1759075787
|move|p1a: Iron Moth|Energy Ball|p2a: Whiscash
|-supereffective|p2a: Whiscash
|-damage|p2a: Whiscash|0 fnt
|faint|p2a: Whiscash
|
|upkeep
|
|t:|1759075807
|switch|p2a: Infernape|Infernape, M|100/100
|turn|20
|
|t:|1759075815
|-end|p1a: Iron Moth|Quark Drive|[silent]
|switch|p1a: Dondozo|Dondozo, F, shiny|76/100
|move|p2a: Infernape|Thunder Punch|p1a: Dondozo
|-supereffective|p1a: Dondozo
|-damage|p1a: Dondozo|51/100
|-status|p1a: Dondozo|par
|
|-heal|p1a: Dondozo|57/100 par|[from] item: Leftovers
|upkeep
|turn|21
|
|t:|1759075830
|move|p2a: Infernape|Thunder Punch|p1a: Dondozo
|-supereffective|p1a: Dondozo
|-damage|p1a: Dondozo|28/100 par
|move|p1a: Dondozo|Rest|p1a: Dondozo
|-status|p1a: Dondozo|slp|[from] move: Rest
|-heal|p1a: Dondozo|100/100 slp|[silent]
|
|upkeep
|turn|22
|
|t:|1759075837
|move|p2a: Infernape|Thunder Punch|p1a: Dondozo
|-supereffective|p1a: Dondozo
|-damage|p1a: Dondozo|73/100 slp
|cant|p1a: Dondozo|slp
|move|p1a: Dondozo|Sleep Talk|p1a: Dondozo
|move|p1a: Dondozo|Curse|p1a: Dondozo|[from] move: Sleep Talk
|-unboost|p1a: Dondozo|spe|1
|-boost|p1a: Dondozo|atk|1
|-boost|p1a: Dondozo|def|1
|
|-heal|p1a: Dondozo|79/100 slp|[from] item: Leftovers
|upkeep
|turn|23
|
|t:|1759075847
|move|p2a: Infernape|Thunder Punch|p1a: Dondozo
|-supereffective|p1a: Dondozo
|-damage|p1a: Dondozo|61/100 slp
|cant|p1a: Dondozo|slp
|move|p1a: Dondozo|Sleep Talk|p1a: Dondozo
|move|p1a: Dondozo|Wave Crash|p2a: Infernape|[from] move: Sleep Talk
|-supereffective|p2a: Infernape
|-damage|p2a: Infernape|0 fnt
|faint|p2a: Infernape
|-damage|p1a: Dondozo|42/100 slp|[from] Recoil
|
|-heal|p1a: Dondozo|48/100 slp|[from] item: Leftovers
|upkeep
|
|t:|1759075866
|switch|p2a: Kyurem|Kyurem, shiny|100/100
|-ability|p2a: Kyurem|Pressure
|turn|24
|
|t:|1759075879
|move|p2a: Kyurem|Freeze-Dry|p1a: Dondozo
|-supereffective|p1a: Dondozo
|-damage|p1a: Dondozo|0 fnt
|faint|p1a: Dondozo
|
|upkeep
|
|t:|1759075884
|switch|p1a: Iron Moth|Iron Moth, shiny|70/100
|turn|25
|
|t:|1759075887
|move|p1a: Iron Moth|Fiery Dance|p2a: Kyurem
|-damage|p2a: Kyurem|57/100
|-boost|p1a: Iron Moth|spa|1
|move|p2a: Kyurem|Freeze-Dry|p1a: Iron Moth
|-resisted|p1a: Iron Moth
|-damage|p1a: Iron Moth|40/100
|
|upkeep
|turn|26
|
|t:|1759075894
|move|p1a: Iron Moth|Fiery Dance|p2a: Kyurem
|-damage|p2a: Kyurem|0 fnt
|faint|p2a: Kyurem
|
|win|Ray0000003
|raw|Ray0000003's rating: 1182 &rarr; <strong>1205</strong><br />(+23 for winning)
|raw|roryta's rating: 1158 &rarr; <strong>1135</strong><br />(-23 for losing)
|l|☆Ray0000003
|player|p1|
|l|☆roryta
|player|p2|
