|j|☆enigma96
|j|☆voltagevscurrent
|t:|1758920037
|gametype|singles
|player|p1|enigma96|jogger|1231
|player|p2|voltagevscurrent|acetrainer-gen4dp|1260
|gen|9
|tier|[Gen 9] OU
|rated|
|rule|HP Percentage Mod: HP is shown in percentages
|rule|Endless Battle Clause: Forcing endless battles is banned
|rule|Species Clause: Limit one of each Pokémon
|rule|OHKO Clause: OHKO moves are banned
|rule|Evasion Items Clause: Evasion items are banned
|rule|Evasion Moves Clause: Evasion moves are banned
|rule|Evasion Abilities Clause: Evasion abilities are banned
|rule|Sleep Moves Clause: Sleep-inducing moves are banned
|clearpoke
|poke|p1|Delphox, M|
|poke|p1|Milotic, M|
|poke|p1|Gardevoir, M|
|poke|p1|Tsareena, F|
|poke|p1|Salazzle, F|
|poke|p1|Sentret, M|
|poke|p2|Regidrago|
|poke|p2|Heatran, M|
|poke|p2|Araquanid, M|
|poke|p2|Gholdengo|
|poke|p2|Great Tusk|
|poke|p2|Kingambit, F|
|teampreview
|inactive|Battle timer is ON: inactive players will automatically lose when time's up. (requested by voltagevscurrent)
|
|t:|1758920046
|teamsize|p1|6
|teamsize|p2|6
|start
|switch|p1a: DJ Foxy|Delphox, M, shiny|100/100
|switch|p2a: Araquanid|Araquanid, M|100/100
|turn|1
|
|t:|1758920055
|move|p1a: DJ Foxy|Overheat|p2a: Araquanid
|-damage|p2a: Araquanid|74/100
|-unboost|p1a: DJ Foxy|spa|2
|-enditem|p1a: DJ Foxy|Eject Pack
|
|t:|1758920061
|switch|p1a: Sentret|Sentret, M|100/100
|-item|p2a: Araquanid|Custap Berry|[from] ability: Frisk|[of] p1a: Sentret
|move|p2a: Araquanid|Sticky Web|p1a: Sentret
|-sidestart|p1: enigma96|move: Sticky Web
|
|upkeep
|turn|2
|
|t:|1758920073
|move|p1a: Sentret|Tidy Up|p1a: Sentret
|-sideend|p1: enigma96|Sticky Web
|-activate|p1a: Sentret|move: Tidy Up
|-boost|p1a: Sentret|atk|1
|-boost|p1a: Sentret|spe|1
|move|p2a: Araquanid|Liquidation|p1a: Sentret
|-damage|p1a: Sentret|0 fnt
|faint|p1a: Sentret
|
|upkeep
|
|t:|1758920088
|switch|p1a: Salazzle|Salazzle, F|100/100
|turn|3
|
|t:|1758920092
|move|p1a: Salazzle|Substitute|p1a: Salazzle
|-start|p1a: Salazzle|Substitute
|-damage|p1a: Salazzle|76/100
|move|p2a: Araquanid|Sticky Web|p1a: Salazzle
|-sidestart|p1: enigma96|move: Sticky Web
|
|-heal|p1a: Salazzle|82/100|[from] item: Leftovers
|upkeep
|turn|4
|
|t:|1758920099
|move|p1a: Salazzle|Toxic|p2a: Araquanid
|-status|p2a: Araquanid|tox
|move|p2a: Araquanid|Liquidation|p1a: Salazzle
|-supereffective|p1a: Salazzle
|-end|p1a: Salazzle|Substitute
|
|-heal|p1a: Salazzle|88/100|[from] item: Leftovers
|-damage|p2a: Araquanid|68/100 tox|[from] psn
|upkeep
|turn|5
|
|t:|1758920109
|move|p1a: Salazzle|Protect|p1a: Salazzle
|-singleturn|p1a: Salazzle|Protect
|move|p2a: Araquanid|Liquidation|p1a: Salazzle
|-activate|p1a: Salazzle|move: Protect
|
|-heal|p1a: Salazzle|94/100|[from] item: Leftovers
|-damage|p2a: Araquanid|55/100 tox|[from] psn
|upkeep
|turn|6
|
|t:|1758920119
|move|p1a: Salazzle|Substitute|p1a: Salazzle
|-start|p1a: Salazzle|Substitute
|-damage|p1a: Salazzle|70/100
|move|p2a: Araquanid|Liquidation|p1a: Salazzle
|-supereffective|p1a: Salazzle
|-end|p1a: Salazzle|Substitute
|
|-heal|p1a: Salazzle|76/100|[from] item: Leftovers
|-damage|p2a: Araquanid|37/100 tox|[from] psn
|upkeep
|turn|7
|
|t:|1758920129
|move|p1a: Salazzle|Substitute|p1a: Salazzle
|-start|p1a: Salazzle|Substitute
|-damage|p1a: Salazzle|51/100
|move|p2a: Araquanid|Liquidation|p1a: Salazzle
|-supereffective|p1a: Salazzle
|-end|p1a: Salazzle|Substitute
|
|-heal|p1a: Salazzle|57/100|[from] item: Leftovers
|-damage|p2a: Araquanid|12/100 tox|[from] psn
|upkeep
|turn|8
|-enditem|p2a: Araquanid|Custap Berry|[eat]
|-activate|p2a: Araquanid|item: Custap Berry|[consumed]
|
|t:|1758920139
|move|p2a: Araquanid|Liquidation|p1a: Salazzle
|-supereffective|p1a: Salazzle
|-damage|p1a: Salazzle|0 fnt
|faint|p1a: Salazzle
|
|-damage|p2a: Araquanid|0 fnt|[from] psn
|faint|p2a: Araquanid
|upkeep
|-message|enigma96 forfeited.
|
|win|voltagevscurrent
|raw|enigma96's rating: 1231 &rarr; <strong>1208</strong><br />(-23 for losing)
|raw|voltagevscurrent's rating: 1260 &rarr; <strong>1283</strong><br />(+23 for winning)
|l|☆enigma96
|player|p1|
|l|☆voltagevscurrent
|player|p2|
