|j|☆G-lolo-69
|j|☆raskmus
|t:|1758962605
|gametype|singles
|player|p1|G-lolo-69|swimmerf-gen4|1196
|player|p2|raskmus|265|1226
|gen|9
|tier|[Gen 9] OU
|rated|
|rule|HP Percentage Mod: HP is shown in percentages
|rule|Endless Battle Clause: Forcing endless battles is banned
|rule|Species Clause: Limit one of each Pokémon
|rule|OHKO Clause: OHKO moves are banned
|rule|Evasion Items Clause: Evasion items are banned
|rule|Evasion Moves Clause: Evasion moves are banned
|rule|Evasion Abilities Clause: Evasion abilities are banned
|rule|Sleep Moves Clause: Sleep-inducing moves are banned
|clearpoke
|poke|p1|Moltres|
|poke|p1|Glimmora, F|
|poke|p1|Iron Valiant|
|poke|p1|Iron Treads|
|poke|p1|Weavile, F|
|poke|p1|Dragapult, F|
|poke|p2|Alomomola, M|
|poke|p2|Great Tusk|
|poke|p2|Iron Valiant|
|poke|p2|Kilowattrel, M|
|poke|p2|Pecharunt|
|poke|p2|Charizard, M|
|teampreview
|inactive|Battle timer is ON: inactive players will automatically lose when time's up. (requested by G-lolo-69)
|
|t:|1758962619
|teamsize|p1|6
|teamsize|p2|6
|start
|switch|p1a: Glimmora|Glimmora, F|100/100
|switch|p2a: Great Tusk|Great Tusk|100/100
|turn|1
|
|t:|1758962633
|move|p1a: Glimmora|Mortal Spin|p2a: Great Tusk
|-resisted|p2a: Great Tusk
|-damage|p2a: Great Tusk|98/100
|-status|p2a: Great Tusk|psn
|move|p2a: Great Tusk|Earthquake|p1a: Glimmora
|-supereffective|p1a: Glimmora
|-enditem|p1a: Glimmora|Focus Sash
|-damage|p1a: Glimmora|1/100
|-activate|p1a: Glimmora|ability: Toxic Debris
|-sidestart|p2: raskmus|move: Toxic Spikes
|
|-damage|p2a: Great Tusk|86/100 psn|[from] psn
|upkeep
|turn|2
|
|t:|1758962649
|-end|p2a: Great Tusk|Protosynthesis|[silent]
|switch|p2a: Pecharunt|Pecharunt|100/100
|-sideend|p2: raskmus|move: Toxic Spikes|[of] p2a: Pecharunt
|move|p1a: Glimmora|Stealth Rock|p2a: Pecharunt
|-sidestart|p2: raskmus|move: Stealth Rock
|
|upkeep
|turn|3
|
|t:|1758962656
|move|p1a: Glimmora|Power Gem|p2a: Pecharunt
|-damage|p2a: Pecharunt|63/100
|move|p2a: Pecharunt|Shadow Ball|p1a: Glimmora
|-damage|p1a: Glimmora|0 fnt
|faint|p1a: Glimmora
|
|-heal|p2a: Pecharunt|69/100|[from] item: Leftovers
|upkeep
|
|t:|1758962675
|switch|p1a: Iron Treads|Iron Treads|100/100
|turn|4
|
|t:|1758962680
|switch|p2a: Great Tusk|Great Tusk|86/100 psn
|-damage|p2a: Great Tusk|83/100 psn|[from] Stealth Rock
|move|p1a: Iron Treads|Earthquake|p2a: Great Tusk
|-damage|p2a: Great Tusk|51/100 psn
|
|-damage|p2a: Great Tusk|39/100 psn|[from] psn
|upkeep
|turn|5
|
|t:|1758962700
|move|p1a: Iron Treads|Earthquake|p2a: Great Tusk
|-damage|p2a: Great Tusk|9/100 psn
|move|p2a: Great Tusk|Rapid Spin|p1a: Iron Treads
|-resisted|p1a: Iron Treads
|-damage|p1a: Iron Treads|88/100
|-boost|p2a: Great Tusk|spe|1
|-sideend|p2: raskmus|Stealth Rock|[from] move: Rapid Spin|[of] p2a: Great Tusk
|
|-damage|p2a: Great Tusk|0 fnt|[from] psn
|faint|p2a: Great Tusk
|-end|p2a: Great Tusk|Protosynthesis|[silent]
|upkeep
|
|t:|1758962718
|switch|p2a: Charizard|Charizard, M|100/100
|turn|6
|
|t:|1758962722
|move|p2a: Charizard|Flare Blitz|p1a: Iron Treads
|-supereffective|p1a: Iron Treads
|-damage|p1a: Iron Treads|0 fnt
|faint|p1a: Iron Treads
|-end|p1a: Iron Treads|Quark Drive|[silent]
|-damage|p2a: Charizard|69/100|[from] Recoil
|
|upkeep
|
|t:|1758962729
|switch|p1a: Weavile|Weavile, F|100/100
|-ability|p1a: Weavile|Pressure
|turn|7
|
|t:|1758962735
|move|p1a: Weavile|Triple Axel|p2a: Charizard
|-crit|p2a: Charizard
|-damage|p2a: Charizard|49/100
|-damage|p2a: Charizard|19/100
|-hitcount|p2a: Charizard|2
|move|p2a: Charizard|Flare Blitz|p1a: Weavile
|-supereffective|p1a: Weavile
|-damage|p1a: Weavile|0 fnt
|faint|p1a: Weavile
|-damage|p2a: Charizard|0 fnt|[from] Recoil
|faint|p2a: Charizard
|
|upkeep
|
|t:|1758962755
|switch|p1a: Dragapult|Dragapult, F|100/100
|switch|p2a: Alomomola|Alomomola, M|100/100
|turn|8
|
|t:|1758962769
|move|p1a: Dragapult|Thunderbolt|p2a: Alomomola
|-supereffective|p2a: Alomomola
|-damage|p2a: Alomomola|8/100
|move|p2a: Alomomola|Scald|p1a: Dragapult
|-resisted|p1a: Dragapult
|-damage|p1a: Dragapult|89/100
|-status|p1a: Dragapult|brn
|
|-damage|p1a: Dragapult|83/100 brn|[from] brn
|upkeep
|turn|9
|
|t:|1758962789
|move|p1a: Dragapult|Thunderbolt|p2a: Alomomola
|-supereffective|p2a: Alomomola
|-damage|p2a: Alomomola|0 fnt
|faint|p2a: Alomomola
|
|-damage|p1a: Dragapult|77/100 brn|[from] brn
|upkeep
|
|t:|1758962795
|switch|p2a: Kilowattrel|Kilowattrel, M|100/100
|turn|10
|inactive|G-lolo-69 has 120 seconds left.
|
|t:|1758962826
|switch|p1a: Iron Valiant|Iron Valiant|100/100
|-enditem|p1a: Iron Valiant|Booster Energy
|-activate|p1a: Iron Valiant|ability: Quark Drive|[fromitem]
|-start|p1a: Iron Valiant|quarkdrivespe
|move|p2a: Kilowattrel|Thunderbolt|p1a: Iron Valiant
|-damage|p1a: Iron Valiant|0 fnt
|faint|p1a: Iron Valiant
|-end|p1a: Iron Valiant|Quark Drive|[silent]
|
|upkeep
|inactive|G-lolo-69 has 120 seconds left.
|
|t:|1758962835
|switch|p1a: Dragapult|Dragapult, F|77/100 brn
|turn|11
|
|t:|1758962847
|switch|p2a: Pecharunt|Pecharunt|69/100
|-terastallize|p1a: Dragapult|Dragon
|move|p1a: Dragapult|Draco Meteor|p2a: Pecharunt
|-damage|p2a: Pecharunt|0 fnt
|-unboost|p1a: Dragapult|spa|2
|faint|p2a: Pecharunt
|
|-damage|p1a: Dragapult|71/100 brn|[from] brn
|upkeep
|
|t:|1758962858
|switch|p2a: Iron Valiant|Iron Valiant|100/100
|-enditem|p2a: Iron Valiant|Booster Energy
|-activate|p2a: Iron Valiant|ability: Quark Drive|[fromitem]
|-start|p2a: Iron Valiant|quarkdrivespe
|turn|12
|
|t:|1758962865
|switch|p1a: Moltres|Moltres|100/100
|-terastallize|p2a: Iron Valiant|Fairy
|move|p2a: Iron Valiant|Moonblast|p1a: Moltres
|-resisted|p1a: Moltres
|-damage|p1a: Moltres|74/100
|-unboost|p1a: Moltres|spa|1
|
|upkeep
|turn|13
|
|t:|1758962877
|-end|p2a: Iron Valiant|Quark Drive|[silent]
|switch|p2a: Kilowattrel|Kilowattrel, M|100/100
|move|p1a: Moltres|Flamethrower|p2a: Kilowattrel
|-damage|p2a: Kilowattrel|44/100
|
|upkeep
|turn|14
|
|t:|1758962892
|move|p2a: Kilowattrel|Thunderbolt|p1a: Moltres
|-supereffective|p1a: Moltres
|-damage|p1a: Moltres|0 fnt
|faint|p1a: Moltres
|
|upkeep
|
|t:|1758962898
|switch|p1a: Dragapult|Dragapult, F, tera:Dragon|71/100 brn
|turn|15
|
|t:|1758962907
|move|p1a: Dragapult|Hex|p2a: Kilowattrel
|-damage|p2a: Kilowattrel|0 fnt
|faint|p2a: Kilowattrel
|
|-damage|p1a: Dragapult|65/100 brn|[from] brn
|upkeep
|
|t:|1758962913
|switch|p2a: Iron Valiant|Iron Valiant, tera:Fairy|100/100
|turn|16
|
|t:|1758962917
|move|p1a: Dragapult|Hex|p2a: Iron Valiant
|-damage|p2a: Iron Valiant|13/100
|move|p2a: Iron Valiant|Moonblast|p1a: Dragapult
|-supereffective|p1a: Dragapult
|-damage|p1a: Dragapult|0 fnt
|faint|p1a: Dragapult
|
|win|raskmus
|raw|G-lolo-69's rating: 1196 &rarr; <strong>1173</strong><br />(-23 for losing)
|raw|raskmus's rating: 1226 &rarr; <strong>1249</strong><br />(+23 for winning)
|c|☆raskmus|noob
|l|☆G-lolo-69
|player|p1|
|l|☆raskmus
|player|p2|
