|j|☆polo4569
|j|☆AteefIsThug
|t:|1759041390
|gametype|singles
|player|p1|polo4569|170|1322
|player|p2|AteefIsThug|ingo|1300
|gen|9
|tier|[Gen 9] OU
|rated|
|rule|HP Percentage Mod: HP is shown in percentages
|rule|Endless Battle Clause: Forcing endless battles is banned
|rule|Species Clause: Limit one of each Pokémon
|rule|OHKO Clause: OHKO moves are banned
|rule|Evasion Items Clause: Evasion items are banned
|rule|Evasion Moves Clause: Evasion moves are banned
|rule|Evasion Abilities Clause: Evasion abilities are banned
|rule|Sleep Moves Clause: Sleep-inducing moves are banned
|clearpoke
|poke|p1|Latias, F|
|poke|p1|Cinderace, F|
|poke|p1|Hitmonlee, M|
|poke|p1|Iron Treads|
|poke|p1|Rotom-Wash|
|poke|p1|Garganacl, F|
|poke|p2|Cloyster, F|
|poke|p2|Glimmora, F|
|poke|p2|Dondozo, F|
|poke|p2|Dragonite, M|
|poke|p2|Corviknight, M|
|poke|p2|Iron Moth|
|teampreview
|inactive|Battle timer is ON: inactive players will automatically lose when time's up. (requested by polo4569)
|
|t:|1759041396
|teamsize|p1|6
|teamsize|p2|6
|start
|switch|p1a: Rotom|Rotom-Wash|100/100
|switch|p2a: Glimmora|Glimmora, F|100/100
|turn|1
|
|t:|1759041401
|move|p1a: Rotom|Hydro Pump|p2a: Glimmora
|-supereffective|p2a: Glimmora
|-damage|p2a: Glimmora|0 fnt
|faint|p2a: Glimmora
|
|upkeep
|
|t:|1759041409
|switch|p2a: Dragonite|Dragonite, M|100/100
|turn|2
|
|t:|1759041419
|switch|p1a: Garganacl|Garganacl, F|100/100
|move|p2a: Dragonite|Dragon Dance|p2a: Dragonite
|-boost|p2a: Dragonite|atk|1
|-boost|p2a: Dragonite|spe|1
|
|upkeep
|turn|3
|
|t:|1759041426
|move|p2a: Dragonite|Earthquake|p1a: Garganacl
|-supereffective|p1a: Garganacl
|-damage|p1a: Garganacl|18/100
|-damage|p2a: Dragonite|91/100|[from] item: Life Orb
|move|p1a: Garganacl|Salt Cure|p2a: Dragonite
|-supereffective|p2a: Dragonite
|-damage|p2a: Dragonite|60/100
|-start|p2a: Dragonite|Salt Cure
|
|-heal|p1a: Garganacl|24/100|[from] item: Leftovers
|-damage|p2a: Dragonite|48/100|[from] Salt Cure
|upkeep
|turn|4
|
|t:|1759041435
|switch|p1a: Rotom|Rotom-Wash|100/100
|move|p2a: Dragonite|Earthquake|p1a: Rotom
|-immune|p1a: Rotom|[from] ability: Levitate
|
|-damage|p2a: Dragonite|35/100|[from] Salt Cure
|upkeep
|turn|5
|
|t:|1759041445
|move|p2a: Dragonite|Extreme Speed|p1a: Rotom
|-damage|p1a: Rotom|21/100
|-damage|p2a: Dragonite|26/100|[from] item: Life Orb
|move|p1a: Rotom|Volt Switch|p2a: Dragonite
|-damage|p2a: Dragonite|0 fnt
|faint|p2a: Dragonite
|
|t:|1759041453
|switch|p1a: Garganacl|Garganacl, F|24/100|[from] Volt Switch
|
|-heal|p1a: Garganacl|30/100|[from] item: Leftovers
|upkeep
|
|t:|1759041459
|switch|p2a: Iron Moth|Iron Moth|100/100
|-enditem|p2a: Iron Moth|Booster Energy
|-activate|p2a: Iron Moth|ability: Quark Drive|[fromitem]
|-start|p2a: Iron Moth|quarkdrivespa
|turn|6
|
|t:|1759041471
|move|p2a: Iron Moth|Psychic|p1a: Garganacl
|-crit|p1a: Garganacl
|-damage|p1a: Garganacl|0 fnt
|faint|p1a: Garganacl
|
|upkeep
|
|t:|1759041485
|switch|p1a: Hitmonlee|Hitmonlee, M|100/100
|turn|7
|
|t:|1759041490
|move|p1a: Hitmonlee|Fake Out|p2a: Iron Moth
|-damage|p2a: Iron Moth|76/100
|cant|p2a: Iron Moth|flinch
|
|upkeep
|turn|8
|
|t:|1759041497
|move|p2a: Iron Moth|Psychic|p1a: Hitmonlee
|-supereffective|p1a: Hitmonlee
|-enditem|p1a: Hitmonlee|Focus Sash
|-damage|p1a: Hitmonlee|1/100
|move|p1a: Hitmonlee|Swords Dance|p1a: Hitmonlee
|-boost|p1a: Hitmonlee|atk|2
|
|upkeep
|turn|9
|
|t:|1759041508
|move|p1a: Hitmonlee|Knock Off|p2a: Iron Moth
|-damage|p2a: Iron Moth|0 fnt
|faint|p2a: Iron Moth
|-end|p2a: Iron Moth|Quark Drive|[silent]
|
|upkeep
|
|t:|1759041512
|switch|p2a: Dondozo|Dondozo, F|100/100
|turn|10
|
|t:|1759041515
|move|p1a: Hitmonlee|Knock Off|p2a: Dondozo
|-damage|p2a: Dondozo|85/100
|-enditem|p2a: Dondozo|Leftovers|[from] move: Knock Off|[of] p1a: Hitmonlee
|move|p2a: Dondozo|Curse|p2a: Dondozo
|-unboost|p2a: Dondozo|spe|1
|-boost|p2a: Dondozo|atk|1
|-boost|p2a: Dondozo|def|1
|
|upkeep
|turn|11
|
|t:|1759041521
|move|p1a: Hitmonlee|Close Combat|p2a: Dondozo
|-damage|p2a: Dondozo|65/100
|-unboost|p1a: Hitmonlee|def|1
|-unboost|p1a: Hitmonlee|spd|1
|move|p2a: Dondozo|Curse|p2a: Dondozo
|-unboost|p2a: Dondozo|spe|1
|-boost|p2a: Dondozo|atk|1
|-boost|p2a: Dondozo|def|1
|
|upkeep
|turn|12
|
|t:|1759041526
|move|p1a: Hitmonlee|Close Combat|p2a: Dondozo
|-damage|p2a: Dondozo|50/100
|-unboost|p1a: Hitmonlee|def|1
|-unboost|p1a: Hitmonlee|spd|1
|move|p2a: Dondozo|Curse|p2a: Dondozo
|-unboost|p2a: Dondozo|spe|1
|-boost|p2a: Dondozo|atk|1
|-boost|p2a: Dondozo|def|1
|
|upkeep
|turn|13
|
|t:|1759041529
|move|p1a: Hitmonlee|Close Combat|p2a: Dondozo
|-damage|p2a: Dondozo|39/100
|-unboost|p1a: Hitmonlee|def|1
|-unboost|p1a: Hitmonlee|spd|1
|move|p2a: Dondozo|Curse|p2a: Dondozo
|-unboost|p2a: Dondozo|spe|1
|-boost|p2a: Dondozo|atk|1
|-boost|p2a: Dondozo|def|1
|
|upkeep
|turn|14
|
|t:|1759041533
|move|p1a: Hitmonlee|Close Combat|p2a: Dondozo
|-crit|p2a: Dondozo
|-damage|p2a: Dondozo|0 fnt
|-unboost|p1a: Hitmonlee|def|1
|-unboost|p1a: Hitmonlee|spd|1
|faint|p2a: Dondozo
|
|upkeep
|
|t:|1759041539
|switch|p2a: Corviknight|Corviknight, M|100/100
|turn|15
|
|t:|1759041543
|move|p1a: Hitmonlee|Knock Off|p2a: Corviknight
|-damage|p2a: Corviknight|39/100
|-damage|p1a: Hitmonlee|0 fnt|[from] item: Rocky Helmet|[of] p2a: Corviknight
|faint|p1a: Hitmonlee
|move|p2a: Corviknight|Bulk Up|p2a: Corviknight
|-boost|p2a: Corviknight|atk|1
|-boost|p2a: Corviknight|def|1
|
|upkeep
|
|t:|1759041547
|switch|p1a: Rotom|Rotom-Wash|21/100
|turn|16
|
|t:|1759041554
|move|p1a: Rotom|Volt Switch|p2a: Corviknight
|-supereffective|p2a: Corviknight
|-damage|p2a: Corviknight|0 fnt
|faint|p2a: Corviknight
|-message|AteefIsThug forfeited.
|
|win|polo4569
|raw|polo4569's rating: 1322 &rarr; <strong>1341</strong><br />(+19 for winning)
|raw|AteefIsThug's rating: 1300 &rarr; <strong>1277</strong><br />(-23 for losing)
|l|☆AteefIsThug
|player|p2|
|l|☆polo4569
|player|p1|
