|j|☆55burgers55fries
|j|☆St. Saturn
|t:|1759032900
|gametype|singles
|player|p1|55burgers55fries|acerola|1265
|player|p2|St. Saturn|veteran|1349
|gen|9
|tier|[Gen 9] OU
|rated|
|rule|HP Percentage Mod: HP is shown in percentages
|rule|Endless Battle Clause: Forcing endless battles is banned
|rule|Species Clause: Limit one of each Pokémon
|rule|OHKO Clause: OHKO moves are banned
|rule|Evasion Items Clause: Evasion items are banned
|rule|Evasion Moves Clause: Evasion moves are banned
|rule|Evasion Abilities Clause: Evasion abilities are banned
|rule|Sleep Moves Clause: Sleep-inducing moves are banned
|clearpoke
|poke|p1|Tyranitar, M|
|poke|p1|Excadrill, M|
|poke|p1|Terrakion|
|poke|p1|Gliscor, F|
|poke|p1|Reuniclus, M|
|poke|p1|Leavanny, F|
|poke|p2|Gliscor, F|
|poke|p2|Blissey, F|
|poke|p2|Dondozo, F|
|poke|p2|Weezing-Galar, M|
|poke|p2|Clodsire, F|
|poke|p2|Clefable, F|
|teampreview
|inactive|Battle timer is ON: inactive players will automatically lose when time's up. (requested by St. Saturn)
|
|t:|1759032910
|teamsize|p1|6
|teamsize|p2|6
|start
|switch|p1a: Tyranitar|Tyranitar, M, shiny|100/100
|switch|p2a: Gliscor|Gliscor, F|100/100
|-weather|Sandstorm|[from] ability: Sand Stream|[of] p1a: Tyranitar
|turn|1
|
|t:|1759032918
|move|p2a: Gliscor|Protect|p2a: Gliscor
|-singleturn|p2a: Gliscor|Protect
|move|p1a: Tyranitar|Knock Off|p2a: Gliscor
|-activate|p2a: Gliscor|move: Protect
|
|-weather|Sandstorm|[upkeep]
|-status|p2a: Gliscor|tox|[from] item: Toxic Orb
|upkeep
|turn|2
|
|t:|1759032925
|switch|p1a: Gliscor|Gliscor, F|100/100
|move|p2a: Gliscor|Toxic|p1a: Gliscor
|-status|p1a: Gliscor|tox
|
|-weather|Sandstorm|[upkeep]
|upkeep
|turn|3
|
|t:|1759032928
|move|p1a: Gliscor|Ice Fang|p2a: Gliscor
|-supereffective|p2a: Gliscor
|-damage|p2a: Gliscor|58/100 tox
|move|p2a: Gliscor|Spikes|p1a: Gliscor
|-sidestart|p1: 55burgers55fries|Spikes
|
|-weather|Sandstorm|[upkeep]
|-heal|p2a: Gliscor|71/100 tox|[from] ability: Poison Heal
|upkeep
|turn|4
|
|t:|1759032933
|move|p2a: Gliscor|Protect|p2a: Gliscor
|-singleturn|p2a: Gliscor|Protect
|move|p1a: Gliscor|Taunt|p2a: Gliscor
|-activate|p2a: Gliscor|move: Protect
|
|-weather|Sandstorm|[upkeep]
|-heal|p2a: Gliscor|83/100 tox|[from] ability: Poison Heal
|upkeep
|turn|5
|
|t:|1759032937
|move|p1a: Gliscor|Taunt|p2a: Gliscor
|-start|p2a: Gliscor|move: Taunt
|cant|p2a: Gliscor|move: Taunt|Spikes
|
|-weather|Sandstorm|[upkeep]
|-heal|p2a: Gliscor|96/100 tox|[from] ability: Poison Heal
|upkeep
|turn|6
|
|t:|1759032946
|switch|p2a: Clefable|Clefable, F|100/100
|move|p1a: Gliscor|Ice Fang|p2a: Clefable
|-damage|p2a: Clefable|86/100
|
|-weather|Sandstorm|[upkeep]
|-heal|p2a: Clefable|92/100|[from] item: Leftovers
|upkeep
|turn|7
|
|t:|1759032950
|move|p1a: Gliscor|Knock Off|p2a: Clefable
|-resisted|p2a: Clefable
|-damage|p2a: Clefable|81/100
|-enditem|p2a: Clefable|Leftovers|[from] move: Knock Off|[of] p1a: Gliscor
|move|p2a: Clefable|Moonblast|p1a: Gliscor
|-damage|p1a: Gliscor|54/100 tox
|
|-weather|Sandstorm|[upkeep]
|-heal|p1a: Gliscor|66/100 tox|[from] ability: Poison Heal
|upkeep
|turn|8
|
|t:|1759032959
|move|p1a: Gliscor|Ice Fang|p2a: Clefable
|-damage|p2a: Clefable|68/100
|cant|p2a: Clefable|flinch
|
|-weather|none
|-heal|p1a: Gliscor|79/100 tox|[from] ability: Poison Heal
|upkeep
|turn|9
|
|t:|1759032963
|move|p1a: Gliscor|Taunt|p2a: Clefable
|-start|p2a: Clefable|move: Taunt
|move|p2a: Clefable|Moonblast|p1a: Gliscor
|-damage|p1a: Gliscor|30/100 tox
|
|-heal|p1a: Gliscor|43/100 tox|[from] ability: Poison Heal
|upkeep
|turn|10
|
|t:|1759032968
|switch|p1a: Tyranitar|Tyranitar, M, shiny|100/100
|-damage|p1a: Tyranitar|88/100|[from] Spikes
|-weather|Sandstorm|[from] ability: Sand Stream|[of] p1a: Tyranitar
|move|p2a: Clefable|Moonblast|p1a: Tyranitar
|-supereffective|p1a: Tyranitar
|-damage|p1a: Tyranitar|63/100
|
|-weather|Sandstorm|[upkeep]
|upkeep
|turn|11
|
|t:|1759032985
|move|p1a: Tyranitar|Stealth Rock|p2a: Clefable
|-sidestart|p2: St. Saturn|move: Stealth Rock
|move|p2a: Clefable|Knock Off|p1a: Tyranitar
|-resisted|p1a: Tyranitar
|-damage|p1a: Tyranitar|57/100
|-enditem|p1a: Tyranitar|Smooth Rock|[from] move: Knock Off|[of] p2a: Clefable
|
|-weather|Sandstorm|[upkeep]
|-end|p2a: Clefable|move: Taunt
|upkeep
|turn|12
|
|t:|1759032997
|move|p1a: Tyranitar|Rock Slide|p2a: Clefable
|-crit|p2a: Clefable
|-damage|p2a: Clefable|30/100
|move|p2a: Clefable|Wish|p2a: Clefable
|
|-weather|Sandstorm|[upkeep]
|upkeep
|turn|13
|
|t:|1759033003
|move|p2a: Clefable|Protect|p2a: Clefable
|-singleturn|p2a: Clefable|Protect
|move|p1a: Tyranitar|Knock Off|p2a: Clefable
|-activate|p2a: Clefable|move: Protect
|
|-weather|Sandstorm|[upkeep]
|-heal|p2a: Clefable|80/100|[from] move: Wish|[wisher] Clefable
|upkeep
|turn|14
|
|t:|1759033009
|switch|p1a: Excadrill|Excadrill, M|100/100
|-damage|p1a: Excadrill|88/100|[from] Spikes
|move|p2a: Clefable|Moonblast|p1a: Excadrill
|-resisted|p1a: Excadrill
|-damage|p1a: Excadrill|66/100
|
|-weather|Sandstorm|[upkeep]
|upkeep
|turn|15
|
|t:|1759033018
|switch|p2a: Dondozo|Dondozo, F|100/100
|move|p1a: Excadrill|Earthquake|p2a: Dondozo
|-damage|p2a: Dondozo|70/100
|
|-weather|Sandstorm|[upkeep]
|-damage|p2a: Dondozo|63/100|[from] Sandstorm
|upkeep
|turn|16
|
|t:|1759033024
|switch|p1a: Leavanny|Leavanny, F, shiny|100/100
|-damage|p1a: Leavanny|88/100|[from] Spikes
|move|p2a: Dondozo|Rest|p2a: Dondozo
|-status|p2a: Dondozo|slp|[from] move: Rest
|-heal|p2a: Dondozo|100/100 slp|[silent]
|
|-weather|Sandstorm|[upkeep]
|-damage|p2a: Dondozo|94/100 slp|[from] Sandstorm
|-heal|p1a: Leavanny|94/100|[from] item: Leftovers
|upkeep
|turn|17
|
|t:|1759033032
|switch|p2a: Gliscor|Gliscor, F|96/100 tox
|-damage|p2a: Gliscor|83/100 tox|[from] Stealth Rock
|move|p1a: Leavanny|Grass Knot|p2a: Gliscor
|-damage|p2a: Gliscor|66/100 tox
|
|-weather|none
|-heal|p1a: Leavanny|100/100|[from] item: Leftovers
|-heal|p2a: Gliscor|79/100 tox|[from] ability: Poison Heal
|upkeep
|turn|18
|
|t:|1759033037
|switch|p1a: Gliscor|Gliscor, F|43/100 tox
|move|p2a: Gliscor|Toxic|p1a: Gliscor
|-fail|p1a: Gliscor|tox
|
|-heal|p1a: Gliscor|55/100 tox|[from] ability: Poison Heal
|-heal|p2a: Gliscor|91/100 tox|[from] ability: Poison Heal
|upkeep
|turn|19
|
|t:|1759033041
|move|p1a: Gliscor|Ice Fang|p2a: Gliscor
|-supereffective|p2a: Gliscor
|-damage|p2a: Gliscor|48/100 tox
|move|p2a: Gliscor|Spikes|p1a: Gliscor
|-sidestart|p1: 55burgers55fries|Spikes
|
|-heal|p1a: Gliscor|68/100 tox|[from] ability: Poison Heal
|-heal|p2a: Gliscor|60/100 tox|[from] ability: Poison Heal
|upkeep
|turn|20
|
|t:|1759033046
|move|p2a: Gliscor|Protect|p2a: Gliscor
|-singleturn|p2a: Gliscor|Protect
|move|p1a: Gliscor|Taunt|p2a: Gliscor
|-activate|p2a: Gliscor|move: Protect
|
|-heal|p1a: Gliscor|80/100 tox|[from] ability: Poison Heal
|-heal|p2a: Gliscor|73/100 tox|[from] ability: Poison Heal
|upkeep
|turn|21
|
|t:|1759033053
|switch|p2a: Clefable|Clefable, F|80/100
|move|p1a: Gliscor|Taunt|p2a: Clefable
|-start|p2a: Clefable|move: Taunt
|
|-heal|p1a: Gliscor|92/100 tox|[from] ability: Poison Heal
|upkeep
|turn|22
|
|t:|1759033074
|move|p1a: Gliscor|Ice Fang|p2a: Clefable
|-damage|p2a: Clefable|65/100
|move|p2a: Clefable|Moonblast|p1a: Gliscor
|-damage|p1a: Gliscor|43/100 tox
|
|-heal|p1a: Gliscor|56/100 tox|[from] ability: Poison Heal
|upkeep
|turn|23
|
|t:|1759033089
|switch|p1a: Excadrill|Excadrill, M|66/100
|-damage|p1a: Excadrill|50/100|[from] Spikes
|move|p2a: Clefable|Moonblast|p1a: Excadrill
|-resisted|p1a: Excadrill
|-damage|p1a: Excadrill|29/100
|
|-end|p2a: Clefable|move: Taunt
|upkeep
|turn|24
|
|t:|1759033099
|switch|p2a: Dondozo|Dondozo, F|94/100 slp
|move|p1a: Excadrill|Rapid Spin|p2a: Dondozo
|-damage|p2a: Dondozo|85/100 slp
|-boost|p1a: Excadrill|spe|1
|-sideend|p1: 55burgers55fries|Spikes|[from] move: Rapid Spin|[of] p1a: Excadrill
|
|upkeep
|turn|25
|
|t:|1759033108
|switch|p1a: Leavanny|Leavanny, F, shiny|100/100
|cant|p2a: Dondozo|slp
|move|p2a: Dondozo|Sleep Talk|p2a: Dondozo
|move|p2a: Dondozo|Rest||[from] move: Sleep Talk|[still]
|-fail|p2a: Dondozo
|
|upkeep
|turn|26
|
|t:|1759033120
|switch|p1a: Gliscor|Gliscor, F|56/100 tox
|switch|p2a: Gliscor|Gliscor, F|73/100 tox
|-damage|p2a: Gliscor|60/100 tox|[from] Stealth Rock
|
|-heal|p1a: Gliscor|68/100 tox|[from] ability: Poison Heal
|-heal|p2a: Gliscor|73/100 tox|[from] ability: Poison Heal
|upkeep
|turn|27
|
|t:|1759033125
|move|p2a: Gliscor|Protect|p2a: Gliscor
|-singleturn|p2a: Gliscor|Protect
|move|p1a: Gliscor|Taunt|p2a: Gliscor
|-activate|p2a: Gliscor|move: Protect
|
|-heal|p1a: Gliscor|81/100 tox|[from] ability: Poison Heal
|-heal|p2a: Gliscor|85/100 tox|[from] ability: Poison Heal
|upkeep
|turn|28
|
|t:|1759033132
|move|p1a: Gliscor|Ice Fang|p2a: Gliscor
|-supereffective|p2a: Gliscor
|-damage|p2a: Gliscor|43/100 tox
|move|p2a: Gliscor|Spikes|p1a: Gliscor
|-sidestart|p1: 55burgers55fries|Spikes
|
|-heal|p1a: Gliscor|93/100 tox|[from] ability: Poison Heal
|-heal|p2a: Gliscor|56/100 tox|[from] ability: Poison Heal
|upkeep
|turn|29
|
|t:|1759033145
|move|p2a: Gliscor|Protect|p2a: Gliscor
|-singleturn|p2a: Gliscor|Protect
|move|p1a: Gliscor|Ice Fang|p2a: Gliscor
|-activate|p2a: Gliscor|move: Protect
|
|-heal|p1a: Gliscor|100/100 tox|[from] ability: Poison Heal
|-heal|p2a: Gliscor|68/100 tox|[from] ability: Poison Heal
|upkeep
|turn|30
|
|t:|1759033155
|switch|p2a: Clefable|Clefable, F|65/100
|move|p1a: Gliscor|Taunt|p2a: Clefable
|-start|p2a: Clefable|move: Taunt
|
|upkeep
|turn|31
|
|t:|1759033164
|switch|p1a: Reuniclus|Reuniclus, M|100/100
|move|p2a: Clefable|Moonblast|p1a: Reuniclus
|-damage|p1a: Reuniclus|71/100
|
|upkeep
|turn|32
|
|t:|1759033170
|switch|p2a: Blissey|Blissey, F|100/100
|-terastallize|p1a: Reuniclus|Psychic
|move|p1a: Reuniclus|Psychic|p2a: Blissey
|-damage|p2a: Blissey|75/100
|
|upkeep
|turn|33
|
|t:|1759033177
|move|p2a: Blissey|Shadow Ball|p1a: Reuniclus
|-supereffective|p1a: Reuniclus
|-damage|p1a: Reuniclus|46/100
|move|p1a: Reuniclus|Substitute|p1a: Reuniclus
|-start|p1a: Reuniclus|Substitute
|-damage|p1a: Reuniclus|21/100
|
|upkeep
|turn|34
|
|t:|1759033182
|move|p2a: Blissey|Shadow Ball|p1a: Reuniclus
|-supereffective|p1a: Reuniclus
|-end|p1a: Reuniclus|Substitute
|move|p1a: Reuniclus|Focus Blast|p2a: Blissey
|-supereffective|p2a: Blissey
|-damage|p2a: Blissey|40/100
|
|upkeep
|turn|35
|
|t:|1759033188
|switch|p1a: Terrakion|Terrakion|100/100
|-damage|p1a: Terrakion|88/100|[from] Spikes
|move|p2a: Blissey|Soft-Boiled|p2a: Blissey
|-heal|p2a: Blissey|90/100
|
|upkeep
|turn|36
|
|t:|1759033193
|switch|p2a: Dondozo|Dondozo, F|85/100 slp
|move|p1a: Terrakion|Close Combat|p2a: Dondozo
|-damage|p2a: Dondozo|46/100 slp
|-unboost|p1a: Terrakion|def|1
|-unboost|p1a: Terrakion|spd|1
|
|upkeep
|turn|37
|
|t:|1759033198
|move|p1a: Terrakion|Close Combat|p2a: Dondozo
|-damage|p2a: Dondozo|4/100 slp
|-unboost|p1a: Terrakion|def|1
|-unboost|p1a: Terrakion|spd|1
|cant|p2a: Dondozo|slp
|move|p2a: Dondozo|Sleep Talk|p2a: Dondozo
|move|p2a: Dondozo|Body Press|p1a: Terrakion|[from] move: Sleep Talk
|-supereffective|p1a: Terrakion
|-damage|p1a: Terrakion|19/100
|
|upkeep
|turn|38
|
|t:|1759033213
|switch|p2a: Weezing|Weezing-Galar, M|100/100
|-ability|p2a: Weezing|Neutralizing Gas
|move|p1a: Terrakion|Close Combat|p2a: Weezing
|-resisted|p2a: Weezing
|-damage|p2a: Weezing|84/100
|-unboost|p1a: Terrakion|def|1
|-unboost|p1a: Terrakion|spd|1
|
|upkeep
|turn|39
|
|t:|1759033221
|switch|p1a: Excadrill|Excadrill, M|29/100
|-damage|p1a: Excadrill|17/100|[from] Spikes
|move|p2a: Weezing|Strange Steam|p1a: Excadrill
|-resisted|p1a: Excadrill
|-damage|p1a: Excadrill|0 fnt
|faint|p1a: Excadrill
|
|upkeep
|
|t:|1759033230
|switch|p1a: Terrakion|Terrakion|19/100
|-damage|p1a: Terrakion|7/100|[from] Spikes
|turn|40
|
|t:|1759033235
|move|p1a: Terrakion|Earthquake|p2a: Weezing
|-supereffective|p2a: Weezing
|-damage|p2a: Weezing|20/100
|move|p2a: Weezing|Strange Steam|p1a: Terrakion
|-supereffective|p1a: Terrakion
|-damage|p1a: Terrakion|0 fnt
|faint|p1a: Terrakion
|
|upkeep
|
|t:|1759033242
|switch|p1a: Tyranitar|Tyranitar, M, shiny|57/100
|-damage|p1a: Tyranitar|45/100|[from] Spikes
|turn|41
|
|t:|1759033254
|-end|p2a: Weezing|ability: Neutralizing Gas
|-weather|Sandstorm|[from] ability: Sand Stream|[of] p1a: Tyranitar
|switch|p2a: Dondozo|Dondozo, F|4/100 slp
|move|p1a: Tyranitar|Earthquake|p2a: Dondozo
|-damage|p2a: Dondozo|0 fnt
|faint|p2a: Dondozo
|
|-weather|Sandstorm|[upkeep]
|upkeep
|
|t:|1759033260
|switch|p2a: Gliscor|Gliscor, F|68/100 tox
|-damage|p2a: Gliscor|56/100 tox|[from] Stealth Rock
|turn|42
|
|t:|1759033266
|switch|p1a: Gliscor|Gliscor, F|100/100 tox
|move|p2a: Gliscor|Protect||[still]
|-fail|p2a: Gliscor
|
|-weather|Sandstorm|[upkeep]
|-heal|p2a: Gliscor|68/100 tox|[from] ability: Poison Heal
|upkeep
|turn|43
|
|t:|1759033275
|switch|p2a: Clefable|Clefable, F|65/100
|move|p1a: Gliscor|Toxic|p2a: Clefable
|-status|p2a: Clefable|tox
|
|-weather|Sandstorm|[upkeep]
|upkeep
|turn|44
|
|t:|1759033285
|switch|p1a: Leavanny|Leavanny, F, shiny|100/100
|-damage|p1a: Leavanny|88/100|[from] Spikes
|move|p2a: Clefable|Moonblast|p1a: Leavanny
|-crit|p1a: Leavanny
|-damage|p1a: Leavanny|19/100
|
|-weather|Sandstorm|[upkeep]
|-heal|p1a: Leavanny|25/100|[from] item: Leftovers
|upkeep
|turn|45
|
|t:|1759033292
|move|p1a: Leavanny|Lunge|p2a: Clefable
|-resisted|p2a: Clefable
|-damage|p2a: Clefable|55/100 tox
|-unboost|p2a: Clefable|atk|1
|move|p2a: Clefable|Wish|p2a: Clefable
|
|-weather|none
|-heal|p1a: Leavanny|31/100|[from] item: Leftovers
|upkeep
|turn|46
|-message|55burgers55fries forfeited.
|
|win|St. Saturn
|raw|55burgers55fries's rating: 1265 &rarr; <strong>1246</strong><br />(-19 for losing)
|raw|St. Saturn's rating: 1349 &rarr; <strong>1364</strong><br />(+15 for winning)
|l|☆55burgers55fries
|player|p1|
|l|☆St. Saturn
|player|p2|
