|j|☆Jewbacca675
|j|☆Shibuya Arc
|t:|1758992263
|gametype|singles
|player|p1|Jewbacca675|101|1718
|player|p2|Shibuya Arc|169|1729
|gen|9
|tier|[Gen 9] OU
|rated|
|rule|HP Percentage Mod: HP is shown in percentages
|rule|Endless Battle Clause: Forcing endless battles is banned
|rule|Species Clause: Limit one of each Pokémon
|rule|OHKO Clause: OHKO moves are banned
|rule|Evasion Items Clause: Evasion items are banned
|rule|Evasion Moves Clause: Evasion moves are banned
|rule|Evasion Abilities Clause: Evasion abilities are banned
|rule|Sleep Moves Clause: Sleep-inducing moves are banned
|clearpoke
|poke|p1|Zapdos|
|poke|p1|Great Tusk|
|poke|p1|Cinderace, F|
|poke|p1|Alomomola, F|
|poke|p1|Slowking-Galar, M|
|poke|p1|Iron Valiant|
|poke|p2|Dragapult, M|
|poke|p2|Dragonite, F|
|poke|p2|Ting-Lu|
|poke|p2|Weezing-Galar, F|
|poke|p2|Iron Crown|
|poke|p2|Zapdos|
|teampreview
|inactive|Battle timer is ON: inactive players will automatically lose when time's up. (requested by Jewbacca675)
|inactive|Shibuya Arc also wants the timer to be on.
|
|t:|1758992288
|teamsize|p1|6
|teamsize|p2|6
|start
|switch|p1a: Great Tusk|Great Tusk|100/100
|switch|p2a: Ting-Lu|Ting-Lu|100/100
|-ability|p2a: Ting-Lu|Vessel of Ruin
|turn|1
|
|t:|1758992297
|move|p1a: Great Tusk|Close Combat|p2a: Ting-Lu
|-supereffective|p2a: Ting-Lu
|-damage|p2a: Ting-Lu|35/100
|-unboost|p1a: Great Tusk|def|1
|-unboost|p1a: Great Tusk|spd|1
|move|p2a: Ting-Lu|Ruination|p1a: Great Tusk
|-damage|p1a: Great Tusk|51/100
|
|-heal|p2a: Ting-Lu|41/100|[from] item: Leftovers
|upkeep
|turn|2
|
|t:|1758992309
|-end|p1a: Great Tusk|Protosynthesis|[silent]
|switch|p1a: Slowking|Slowking-Galar, M|100/100
|switch|p2a: Zapdos|Zapdos|100/100
|
|upkeep
|turn|3
|
|t:|1758992320
|move|p2a: Zapdos|Volt Switch|p1a: Slowking
|-damage|p1a: Slowking|70/100
|
|t:|1758992329
|switch|p2a: Weezing|Weezing-Galar, F|100/100|[from] Volt Switch
|-ability|p2a: Weezing|Neutralizing Gas
|move|p1a: Slowking|Future Sight|p2a: Weezing
|-start|p1a: Slowking|move: Future Sight
|
|upkeep
|turn|4
|
|t:|1758992336
|move|p2a: Weezing|Toxic Spikes|p1a: Slowking
|-sidestart|p1: Jewbacca675|move: Toxic Spikes
|-prepare|p1a: Slowking|Chilly Reception|[premajor]
|move|p1a: Slowking|Chilly Reception|p1a: Slowking
|-weather|Snowscape
|
|t:|1758992343
|switch|p1a: Cinderace|Cinderace, F|100/100|[from] Chilly Reception
|
|-weather|Snowscape|[upkeep]
|upkeep
|turn|5
|
|t:|1758992349
|-end|p2a: Weezing|ability: Neutralizing Gas
|switch|p2a: Dragonite|Dragonite, F|100/100
|move|p1a: Cinderace|Pyro Ball|p2a: Dragonite
|-resisted|p2a: Dragonite
|-damage|p2a: Dragonite|88/100
|
|-weather|Snowscape|[upkeep]
|-end|p2a: Dragonite|move: Future Sight
|-damage|p2a: Dragonite|40/100
|upkeep
|turn|6
|
|t:|1758992363
|move|p1a: Cinderace|Court Change|p1a: Cinderace
|-swapsideconditions
|-activate|p1a: Cinderace|move: Court Change
|move|p2a: Dragonite|Dragon Dance|p2a: Dragonite
|-boost|p2a: Dragonite|atk|1
|-boost|p2a: Dragonite|spe|1
|
|-weather|Snowscape|[upkeep]
|upkeep
|turn|7
|
|t:|1758992368
|switch|p1a: Zapdos|Zapdos|100/100
|move|p2a: Dragonite|Extreme Speed|p1a: Zapdos
|-damage|p1a: Zapdos|65/100
|-damage|p2a: Dragonite|24/100|[from] item: Rocky Helmet|[of] p1a: Zapdos
|
|-weather|Snowscape|[upkeep]
|upkeep
|turn|8
|
|t:|1758992377
|move|p2a: Dragonite|Roost|p2a: Dragonite
|-heal|p2a: Dragonite|74/100
|-singleturn|p2a: Dragonite|move: Roost
|move|p1a: Zapdos|Roost|p1a: Zapdos
|-heal|p1a: Zapdos|100/100
|-singleturn|p1a: Zapdos|move: Roost
|
|-weather|none
|upkeep
|turn|9
|
|t:|1758992386
|move|p2a: Dragonite|Roost|p2a: Dragonite
|-heal|p2a: Dragonite|100/100
|-singleturn|p2a: Dragonite|move: Roost
|move|p1a: Zapdos|Discharge|p2a: Dragonite
|-resisted|p2a: Dragonite
|-damage|p2a: Dragonite|92/100
|
|upkeep
|turn|10
|
|t:|1758992404
|move|p2a: Dragonite|Dragon Dance|p2a: Dragonite
|-boost|p2a: Dragonite|atk|1
|-boost|p2a: Dragonite|spe|1
|move|p1a: Zapdos|Volt Switch|p2a: Dragonite
|-damage|p2a: Dragonite|64/100
|
|t:|1758992411
|switch|p1a: Slowking|Slowking-Galar, M|70/100|[from] Volt Switch
|
|upkeep
|turn|11
|
|t:|1758992417
|move|p2a: Dragonite|Dragon Dance|p2a: Dragonite
|-boost|p2a: Dragonite|atk|1
|-boost|p2a: Dragonite|spe|1
|move|p1a: Slowking|Ice Beam|p2a: Dragonite
|-supereffective|p2a: Dragonite
|-damage|p2a: Dragonite|0 fnt
|faint|p2a: Dragonite
|
|upkeep
|
|t:|1758992425
|switch|p2a: Iron Crown|Iron Crown|100/100
|turn|12
|
|t:|1758992430
|switch|p1a: Alomomola|Alomomola, F|100/100
|-terastallize|p2a: Iron Crown|Steel
|move|p2a: Iron Crown|Tachyon Cutter|p1a: Alomomola
|-resisted|p1a: Alomomola
|-damage|p1a: Alomomola|89/100
|-resisted|p1a: Alomomola
|-damage|p1a: Alomomola|76/100
|-hitcount|p1a: Alomomola|2
|
|upkeep
|turn|13
|
|t:|1758992441
|-end|p2a: Iron Crown|Quark Drive|[silent]
|switch|p2a: Weezing|Weezing-Galar, F|100/100
|-ability|p2a: Weezing|Neutralizing Gas
|-sideend|p2: Shibuya Arc|move: Toxic Spikes|[of] p2a: Weezing
|move|p1a: Alomomola|Flip Turn|p2a: Weezing
|-damage|p2a: Weezing|91/100
|
|t:|1758992452
|switch|p1a: Slowking|Slowking-Galar, M|100/100|[from] Flip Turn
|
|upkeep
|turn|14
|
|t:|1758992458
|-end|p2a: Weezing|ability: Neutralizing Gas
|switch|p2a: Ting-Lu|Ting-Lu|41/100
|-ability|p2a: Ting-Lu|Vessel of Ruin
|move|p1a: Slowking|Future Sight|p2a: Ting-Lu
|-start|p1a: Slowking|move: Future Sight
|
|-heal|p2a: Ting-Lu|47/100|[from] item: Leftovers
|upkeep
|turn|15
|
|t:|1758992467
|move|p2a: Ting-Lu|Stealth Rock|p1a: Slowking
|-sidestart|p1: Jewbacca675|move: Stealth Rock
|-prepare|p1a: Slowking|Chilly Reception|[premajor]
|move|p1a: Slowking|Chilly Reception|p1a: Slowking
|-weather|Snowscape
|
|t:|1758992471
|switch|p1a: Iron Valiant|Iron Valiant|100/100|[from] Chilly Reception
|-damage|p1a: Iron Valiant|94/100|[from] Stealth Rock
|
|-weather|Snowscape|[upkeep]
|-heal|p2a: Ting-Lu|54/100|[from] item: Leftovers
|upkeep
|turn|16
|
|t:|1758992476
|move|p1a: Iron Valiant|Spirit Break|p2a: Ting-Lu
|-supereffective|p2a: Ting-Lu
|-damage|p2a: Ting-Lu|0 fnt
|faint|p2a: Ting-Lu
|
|-weather|Snowscape|[upkeep]
|-hint|Future Sight did not hit because the target is fainted.
|upkeep
|
|t:|1758992484
|switch|p2a: Zapdos|Zapdos|100/100
|turn|17
|
|t:|1758992490
|-end|p1a: Iron Valiant|Quark Drive|[silent]
|switch|p1a: Slowking|Slowking-Galar, M|100/100
|-damage|p1a: Slowking|88/100|[from] Stealth Rock
|move|p2a: Zapdos|Hurricane|p1a: Slowking
|-damage|p1a: Slowking|41/100
|-start|p1a: Slowking|confusion
|
|-weather|Snowscape|[upkeep]
|upkeep
|turn|18
|
|t:|1758992499
|switch|p1a: Alomomola|Alomomola, F|76/100
|-damage|p1a: Alomomola|64/100|[from] Stealth Rock
|move|p2a: Zapdos|Volt Switch|p1a: Alomomola
|-supereffective|p1a: Alomomola
|-damage|p1a: Alomomola|29/100
|
|t:|1758992505
|switch|p2a: Iron Crown|Iron Crown, tera:Steel|100/100|[from] Volt Switch
|
|-weather|Snowscape|[upkeep]
|upkeep
|turn|19
|
|t:|1758992519
|-end|p2a: Iron Crown|Quark Drive|[silent]
|switch|p2a: Zapdos|Zapdos|100/100
|-terastallize|p1a: Alomomola|Dark
|move|p1a: Alomomola|Flip Turn|p2a: Zapdos
|-damage|p2a: Zapdos|81/100
|-status|p1a: Alomomola|par|[from] ability: Static|[of] p2a: Zapdos
|
|t:|1758992531
|switch|p1a: Cinderace|Cinderace, F|100/100|[from] Flip Turn
|
|-weather|none
|upkeep
|turn|20
|
|t:|1758992536
|move|p1a: Cinderace|Court Change|p1a: Cinderace
|-swapsideconditions
|-activate|p1a: Cinderace|move: Court Change
|move|p2a: Zapdos|Volt Switch|p1a: Cinderace
|-damage|p1a: Cinderace|60/100
|
|t:|1758992545
|switch|p2a: Dragapult|Dragapult, M|100/100|[from] Volt Switch
|
|upkeep
|turn|21
|
|t:|1758992557
|move|p2a: Dragapult|Dragon Darts|p1a: Cinderace
|-damage|p1a: Cinderace|36/100
|-anim|p2a: Dragapult|Dragon Darts|p1a: Cinderace
|-damage|p1a: Cinderace|10/100
|move|p1a: Cinderace|Will-O-Wisp|p2a: Dragapult
|-status|p2a: Dragapult|brn
|
|-damage|p2a: Dragapult|95/100 brn|[from] brn
|upkeep
|turn|22
|
|t:|1758992573
|move|p2a: Dragapult|Hex|p1a: Cinderace
|-damage|p1a: Cinderace|0 fnt
|faint|p1a: Cinderace
|
|-damage|p2a: Dragapult|89/100 brn|[from] brn
|upkeep
|
|t:|1758992577
|switch|p1a: Great Tusk|Great Tusk|51/100
|turn|23
|
|t:|1758992582
|move|p1a: Great Tusk|Knock Off|p2a: Dragapult
|-supereffective|p2a: Dragapult
|-damage|p2a: Dragapult|1/100 brn
|-enditem|p2a: Dragapult|Heavy-Duty Boots|[from] move: Knock Off|[of] p1a: Great Tusk
|move|p2a: Dragapult|Hex|p1a: Great Tusk
|-damage|p1a: Great Tusk|7/100
|
|-damage|p2a: Dragapult|0 fnt|[from] brn
|faint|p2a: Dragapult
|upkeep
|
|t:|1758992589
|switch|p2a: Zapdos|Zapdos|81/100
|turn|24
|
|t:|1758992595
|move|p1a: Great Tusk|Knock Off|p2a: Zapdos
|-damage|p2a: Zapdos|43/100
|-enditem|p2a: Zapdos|Heavy-Duty Boots|[from] move: Knock Off|[of] p1a: Great Tusk
|move|p2a: Zapdos|Roost|p2a: Zapdos
|-heal|p2a: Zapdos|94/100
|-singleturn|p2a: Zapdos|move: Roost
|
|upkeep
|turn|25
|
|t:|1758992602
|-end|p1a: Great Tusk|Protosynthesis|[silent]
|switch|p1a: Alomomola|Alomomola, F, tera:Dark|62/100 par
|move|p2a: Zapdos|Roost|p2a: Zapdos
|-heal|p2a: Zapdos|100/100
|-singleturn|p2a: Zapdos|move: Roost
|
|upkeep
|turn|26
|
|t:|1758992608
|move|p2a: Zapdos|Volt Switch|p1a: Alomomola
|-crit|p1a: Alomomola
|-damage|p1a: Alomomola|36/100 par
|
|t:|1758992614
|switch|p2a: Weezing|Weezing-Galar, F|91/100|[from] Volt Switch
|-ability|p2a: Weezing|Neutralizing Gas
|cant|p1a: Alomomola|par
|
|upkeep
|turn|27
|
|t:|1758992627
|move|p2a: Weezing|Defog|p1a: Alomomola
|-unboost|p1a: Alomomola|evasion|1
|-sideend|p2: Shibuya Arc|Stealth Rock|[from] move: Defog|[of] p2a: Weezing
|move|p1a: Alomomola|Mirror Coat||[still]
|-fail|p1a: Alomomola
|
|upkeep
|turn|28
|
|t:|1758992633
|move|p2a: Weezing|Toxic Spikes|p1a: Alomomola
|-sidestart|p1: Jewbacca675|move: Toxic Spikes
|move|p1a: Alomomola|Flip Turn|p2a: Weezing
|-damage|p2a: Weezing|79/100
|
|t:|1758992636
|switch|p1a: Slowking|Slowking-Galar, M|74/100|[from] Flip Turn
|-sideend|p1: Jewbacca675|move: Toxic Spikes|[of] p1a: Slowking
|
|upkeep
|turn|29
|
|t:|1758992642
|move|p2a: Weezing|Toxic Spikes|p1a: Slowking
|-sidestart|p1: Jewbacca675|move: Toxic Spikes
|move|p1a: Slowking|Future Sight|p2a: Weezing
|-start|p1a: Slowking|move: Future Sight
|
|upkeep
|turn|30
|
|t:|1758992653
|-end|p2a: Weezing|ability: Neutralizing Gas
|switch|p2a: Zapdos|Zapdos|100/100
|-prepare|p1a: Slowking|Chilly Reception|[premajor]
|move|p1a: Slowking|Chilly Reception|p1a: Slowking
|-weather|Snowscape
|
|t:|1758992658
|switch|p1a: Zapdos|Zapdos|100/100|[from] Chilly Reception
|
|-weather|Snowscape|[upkeep]
|upkeep
|turn|31
|
|t:|1758992664
|move|p2a: Zapdos|Volt Switch|p1a: Zapdos
|-damage|p1a: Zapdos|64/100
|
|t:|1758992670
|switch|p2a: Iron Crown|Iron Crown, tera:Steel|100/100|[from] Volt Switch
|move|p1a: Zapdos|Discharge|p2a: Iron Crown
|-damage|p2a: Iron Crown|68/100
|-status|p2a: Iron Crown|par
|
|-weather|Snowscape|[upkeep]
|-end|p2a: Iron Crown|move: Future Sight
|-resisted|p2a: Iron Crown
|-damage|p2a: Iron Crown|47/100 par
|upkeep
|turn|32
|
|t:|1758992682
|move|p1a: Zapdos|Roost|p1a: Zapdos
|-heal|p1a: Zapdos|100/100
|-singleturn|p1a: Zapdos|move: Roost
|cant|p2a: Iron Crown|par
|
|-weather|Snowscape|[upkeep]
|upkeep
|turn|33
|
|t:|1758992694
|-end|p2a: Iron Crown|Quark Drive|[silent]
|switch|p2a: Zapdos|Zapdos|100/100
|move|p1a: Zapdos|Discharge|p2a: Zapdos
|-damage|p2a: Zapdos|62/100
|
|-weather|Snowscape|[upkeep]
|upkeep
|turn|34
|
|t:|1758992704
|move|p2a: Zapdos|Roost|p2a: Zapdos
|-heal|p2a: Zapdos|100/100
|-singleturn|p2a: Zapdos|move: Roost
|move|p1a: Zapdos|Discharge|p2a: Zapdos
|-resisted|p2a: Zapdos
|-damage|p2a: Zapdos|82/100
|
|-weather|none
|upkeep
|turn|35
|
|t:|1758992710
|move|p2a: Zapdos|Volt Switch|p1a: Zapdos
|-damage|p1a: Zapdos|67/100
|
|t:|1758992716
|switch|p2a: Iron Crown|Iron Crown, tera:Steel|47/100 par|[from] Volt Switch
|move|p1a: Zapdos|Volt Switch|p2a: Iron Crown
|-damage|p2a: Iron Crown|20/100 par
|
|t:|1758992720
|switch|p1a: Slowking|Slowking-Galar, M|100/100|[from] Volt Switch
|-sideend|p1: Jewbacca675|move: Toxic Spikes|[of] p1a: Slowking
|
|upkeep
|turn|36
|
|t:|1758992728
|move|p2a: Iron Crown|Tachyon Cutter|p1a: Slowking
|-damage|p1a: Slowking|59/100
|-damage|p1a: Slowking|19/100
|-hitcount|p1a: Slowking|2
|-prepare|p1a: Slowking|Chilly Reception|[premajor]
|move|p1a: Slowking|Chilly Reception|p1a: Slowking
|-weather|Snowscape
|
|t:|1758992733
|switch|p1a: Alomomola|Alomomola, F, tera:Dark|36/100 par|[from] Chilly Reception
|
|-weather|Snowscape|[upkeep]
|upkeep
|turn|37
|
|t:|1758992743
|-end|p2a: Iron Crown|Quark Drive|[silent]
|switch|p2a: Weezing|Weezing-Galar, F|79/100
|-ability|p2a: Weezing|Neutralizing Gas
|move|p1a: Alomomola|Flip Turn|p2a: Weezing
|-damage|p2a: Weezing|69/100
|
|t:|1758992747
|switch|p1a: Great Tusk|Great Tusk|7/100|[from] Flip Turn
|
|-weather|Snowscape|[upkeep]
|upkeep
|turn|38
|
|t:|1758992759
|-end|p1a: Great Tusk|Protosynthesis|[silent]
|switch|p1a: Alomomola|Alomomola, F, tera:Dark|36/100 par
|-end|p2a: Weezing|ability: Neutralizing Gas
|switch|p2a: Zapdos|Zapdos|82/100
|
|-weather|Snowscape|[upkeep]
|upkeep
|turn|39
|
|t:|1758992767
|switch|p1a: Great Tusk|Great Tusk|7/100
|move|p2a: Zapdos|Heat Wave|p1a: Great Tusk
|-damage|p1a: Great Tusk|0 fnt
|faint|p1a: Great Tusk
|-end|p1a: Great Tusk|Protosynthesis|[silent]
|
|-weather|Snowscape|[upkeep]
|upkeep
|
|t:|1758992774
|switch|p1a: Slowking|Slowking-Galar, M|53/100
|turn|40
|
|t:|1758992780
|switch|p1a: Alomomola|Alomomola, F, tera:Dark|69/100 par
|move|p2a: Zapdos|Heat Wave|p1a: Alomomola
|-damage|p1a: Alomomola|53/100 par
|
|-weather|none
|upkeep
|turn|41
|
|t:|1758992791
|move|p2a: Zapdos|Heat Wave|p1a: Alomomola
|-damage|p1a: Alomomola|36/100 par
|move|p1a: Alomomola|Mirror Coat|p2a: Zapdos
|-damage|p2a: Zapdos|29/100
|
|upkeep
|turn|42
|
|t:|1758992800
|move|p2a: Zapdos|Roost|p2a: Zapdos
|-heal|p2a: Zapdos|79/100
|-singleturn|p2a: Zapdos|move: Roost
|move|p1a: Alomomola|Flip Turn|p2a: Zapdos
|-damage|p2a: Zapdos|59/100
|
|t:|1758992804
|switch|p1a: Iron Valiant|Iron Valiant|94/100|[from] Flip Turn
|
|upkeep
|turn|43
|
|t:|1758992812
|move|p1a: Iron Valiant|Spirit Break|p2a: Zapdos
|-damage|p2a: Zapdos|0 fnt
|-status|p1a: Iron Valiant|par|[from] ability: Static|[of] p2a: Zapdos
|faint|p2a: Zapdos
|
|upkeep
|
|t:|1758992818
|switch|p2a: Iron Crown|Iron Crown, tera:Steel|20/100 par
|turn|44
|
|t:|1758992823
|-end|p2a: Iron Crown|Quark Drive|[silent]
|switch|p2a: Weezing|Weezing-Galar, F|69/100
|-ability|p2a: Weezing|Neutralizing Gas
|cant|p1a: Iron Valiant|par
|
|upkeep
|turn|45
|
|t:|1758992838
|-end|p1a: Iron Valiant|Quark Drive|[silent]
|switch|p1a: Alomomola|Alomomola, F, tera:Dark|69/100 par
|move|p2a: Weezing|Will-O-Wisp||[still]
|-fail|p2a: Weezing
|
|upkeep
|turn|46
|
|t:|1758992845
|move|p2a: Weezing|Will-O-Wisp||[still]
|-fail|p2a: Weezing
|move|p1a: Alomomola|Flip Turn|p2a: Weezing
|-damage|p2a: Weezing|58/100
|
|t:|1758992852
|switch|p1a: Slowking|Slowking-Galar, M|86/100|[from] Flip Turn
|
|upkeep
|turn|47
|
|t:|1758992858
|move|p2a: Weezing|Will-O-Wisp|p1a: Slowking
|-status|p1a: Slowking|brn
|move|p1a: Slowking|Future Sight|p2a: Weezing
|-start|p1a: Slowking|move: Future Sight
|
|-damage|p1a: Slowking|80/100 brn|[from] brn
|upkeep
|turn|48
|
|t:|1758992865
|-end|p2a: Weezing|ability: Neutralizing Gas
|switch|p2a: Iron Crown|Iron Crown, tera:Steel|20/100 par
|move|p1a: Slowking|Sludge Bomb|p2a: Iron Crown
|-immune|p2a: Iron Crown
|
|-damage|p1a: Slowking|74/100 brn|[from] brn
|upkeep
|turn|49
|
|t:|1758992871
|switch|p1a: Alomomola|Alomomola, F, tera:Dark|69/100 par
|move|p2a: Iron Crown|Focus Blast|p1a: Alomomola|[miss]
|-miss|p2a: Iron Crown|p1a: Alomomola
|
|-end|p2a: Iron Crown|move: Future Sight
|-resisted|p2a: Iron Crown
|-damage|p2a: Iron Crown|0 fnt
|faint|p2a: Iron Crown
|-end|p2a: Iron Crown|Quark Drive|[silent]
|upkeep
|j| tiochicodobos
|
|t:|1758992876
|switch|p2a: Weezing|Weezing-Galar, F|58/100
|-ability|p2a: Weezing|Neutralizing Gas
|turn|50
|l| tiochicodobos
|
|t:|1758992883
|move|p2a: Weezing|Will-O-Wisp||[still]
|-fail|p2a: Weezing
|cant|p1a: Alomomola|par
|
|upkeep
|turn|51
|
|t:|1758992888
|move|p2a: Weezing|Will-O-Wisp||[still]
|-fail|p2a: Weezing
|move|p1a: Alomomola|Body Slam|p2a: Weezing
|-damage|p2a: Weezing|49/100
|
|upkeep
|turn|52
|
|t:|1758992893
|move|p2a: Weezing|Will-O-Wisp|p1a: Alomomola|[miss]
|-miss|p2a: Weezing|p1a: Alomomola
|move|p1a: Alomomola|Body Slam|p2a: Weezing
|-damage|p2a: Weezing|39/100
|-status|p2a: Weezing|par
|
|upkeep
|turn|53
|
|t:|1758992899
|move|p2a: Weezing|Pain Split|p1a: Alomomola
|-sethp|p1a: Alomomola|47/100 par|[from] move: Pain Split|[silent]
|-sethp|p2a: Weezing|74/100 par|[from] move: Pain Split
|move|p1a: Alomomola|Flip Turn|p2a: Weezing
|-damage|p2a: Weezing|63/100 par
|
|t:|1758992906
|switch|p1a: Slowking|Slowking-Galar, M|100/100 brn|[from] Flip Turn
|
|-damage|p1a: Slowking|94/100 brn|[from] brn
|upkeep
|turn|54
|
|t:|1758992911
|move|p2a: Weezing|Pain Split|p1a: Slowking
|-sethp|p1a: Slowking|74/100 brn|[from] move: Pain Split|[silent]
|-sethp|p2a: Weezing|87/100 par|[from] move: Pain Split
|move|p1a: Slowking|Future Sight|p2a: Weezing
|-start|p1a: Slowking|move: Future Sight
|
|-damage|p1a: Slowking|68/100 brn|[from] brn
|upkeep
|turn|55
|j| 54 insane rats
|
|t:|1758992916
|move|p2a: Weezing|Pain Split|p1a: Slowking
|-sethp|p1a: Slowking|71/100 brn|[from] move: Pain Split|[silent]
|-sethp|p2a: Weezing|84/100 par|[from] move: Pain Split
|move|p1a: Slowking|Sludge Bomb|p2a: Weezing
|-damage|p2a: Weezing|42/100 par
|
|-damage|p1a: Slowking|65/100 brn|[from] brn
|upkeep
|turn|56
|
|t:|1758992922
|move|p2a: Weezing|Toxic Spikes|p1a: Slowking
|-sidestart|p1: Jewbacca675|move: Toxic Spikes
|move|p1a: Slowking|Sludge Bomb|p2a: Weezing
|-damage|p2a: Weezing|0 fnt
|faint|p2a: Weezing
|-end|p2a: Weezing|ability: Neutralizing Gas
|
|win|Jewbacca675
|raw|Jewbacca675's rating: 1718 &rarr; <strong>1739</strong><br />(+21 for winning)
|raw|Shibuya Arc's rating: 1729 &rarr; <strong>1708</strong><br />(-21 for losing)
