|j|☆aliester - es
|j|☆Beto1769
|t:|1759013988
|gametype|singles
|player|p1|aliester - es|n|1638
|player|p2|Beto1769|erika|1678
|gen|9
|tier|[Gen 9] OU
|rated|
|rule|HP Percentage Mod: HP is shown in percentages
|rule|Endless Battle Clause: Forcing endless battles is banned
|rule|Species Clause: Limit one of each Pokémon
|rule|OHKO Clause: OHKO moves are banned
|rule|Evasion Items Clause: Evasion items are banned
|rule|Evasion Moves Clause: Evasion moves are banned
|rule|Evasion Abilities Clause: Evasion abilities are banned
|rule|Sleep Moves Clause: Sleep-inducing moves are banned
|clearpoke
|poke|p1|Tyranitar, F|
|poke|p1|Excadrill, M|
|poke|p1|Keldeo-Resolute|
|poke|p1|Moltres|
|poke|p1|Ogerpon-Wellspring, F|
|poke|p1|Dragapult, F|
|poke|p2|Ogerpon-Wellspring, F|
|poke|p2|Hatterene, F|
|poke|p2|Ting-Lu|
|poke|p2|Raging Bolt|
|poke|p2|Corviknight, M|
|poke|p2|Dragapult, F|
|teampreview
|inactive|Battle timer is ON: inactive players will automatically lose when time's up. (requested by aliester - es)
|j| Atrozity
|
|t:|1759014010
|teamsize|p1|6
|teamsize|p2|6
|start
|switch|p1a: Dragapult|Dragapult, F|100/100
|switch|p2a: Ting-Lu|Ting-Lu|100/100
|-ability|p2a: Ting-Lu|Vessel of Ruin
|turn|1
|
|t:|1759014016
|move|p1a: Dragapult|U-turn|p2a: Ting-Lu
|-supereffective|p2a: Ting-Lu
|-damage|p2a: Ting-Lu|64/100
|
|t:|1759014020
|switch|p1a: Ogerpon|Ogerpon-Wellspring, F|100/100|[from] U-turn
|move|p2a: Ting-Lu|Ruination|p1a: Ogerpon
|-damage|p1a: Ogerpon|51/100
|
|-heal|p2a: Ting-Lu|70/100|[from] item: Leftovers
|upkeep
|turn|2
|
|t:|1759014029
|switch|p2a: Corviknight|Corviknight, M|100/100
|-ability|p2a: Corviknight|Pressure
|move|p1a: Ogerpon|Knock Off|p2a: Corviknight
|-damage|p2a: Corviknight|76/100
|-damage|p1a: Ogerpon|34/100|[from] item: Rocky Helmet|[of] p2a: Corviknight
|-enditem|p2a: Corviknight|Rocky Helmet|[from] move: Knock Off|[of] p1a: Ogerpon
|
|upkeep
|turn|3
|
|t:|1759014038
|switch|p1a: Tyranitar|Tyranitar, F|100/100
|-weather|Sandstorm|[from] ability: Sand Stream|[of] p1a: Tyranitar
|move|p2a: Corviknight|Roost|p2a: Corviknight
|-heal|p2a: Corviknight|100/100
|-singleturn|p2a: Corviknight|move: Roost
|
|-weather|Sandstorm|[upkeep]
|upkeep
|turn|4
|
|t:|1759014043
|switch|p2a: Hatterene|Hatterene, F|100/100
|move|p1a: Tyranitar|Flamethrower|p2a: Hatterene
|-damage|p2a: Hatterene|87/100
|
|-weather|Sandstorm|[upkeep]
|-damage|p2a: Hatterene|81/100|[from] Sandstorm
|upkeep
|turn|5
|
|t:|1759014053
|switch|p1a: Moltres|Moltres|100/100
|switch|p2a: Ting-Lu|Ting-Lu|70/100
|-ability|p2a: Ting-Lu|Vessel of Ruin
|
|-weather|Sandstorm|[upkeep]
|-damage|p1a: Moltres|94/100|[from] Sandstorm
|-heal|p2a: Ting-Lu|76/100|[from] item: Leftovers
|upkeep
|turn|6
|
|t:|1759014058
|move|p1a: Moltres|U-turn|p2a: Ting-Lu
|-supereffective|p2a: Ting-Lu
|-damage|p2a: Ting-Lu|61/100
|
|t:|1759014060
|switch|p1a: Ogerpon|Ogerpon-Wellspring, F|34/100|[from] U-turn
|move|p2a: Ting-Lu|Stealth Rock|p1a: Ogerpon
|-sidestart|p1: aliester - es|move: Stealth Rock
|
|-weather|Sandstorm|[upkeep]
|-damage|p1a: Ogerpon|28/100|[from] Sandstorm
|-heal|p2a: Ting-Lu|67/100|[from] item: Leftovers
|upkeep
|turn|7
|
|t:|1759014069
|switch|p2a: Corviknight|Corviknight, M|100/100
|-ability|p2a: Corviknight|Pressure
|move|p1a: Ogerpon|Swords Dance|p1a: Ogerpon
|-boost|p1a: Ogerpon|atk|2
|
|-weather|Sandstorm|[upkeep]
|-damage|p1a: Ogerpon|22/100|[from] Sandstorm
|upkeep
|turn|8
|
|t:|1759014078
|switch|p2a: Dragapult|Dragapult, F|100/100
|move|p1a: Ogerpon|Ivy Cudgel|p2a: Dragapult|[anim] Ivy Cudgel Water
|-resisted|p2a: Dragapult
|-damage|p2a: Dragapult|27/100
|
|-weather|Sandstorm|[upkeep]
|-damage|p2a: Dragapult|21/100|[from] Sandstorm
|-damage|p1a: Ogerpon|16/100|[from] Sandstorm
|upkeep
|turn|9
|
|t:|1759014082
|switch|p1a: Moltres|Moltres|94/100
|move|p2a: Dragapult|U-turn|p1a: Moltres
|-resisted|p1a: Moltres
|-damage|p1a: Moltres|91/100
|
|t:|1759014089
|switch|p2a: Ogerpon|Ogerpon-Wellspring, F|100/100|[from] U-turn
|
|-weather|Sandstorm|[upkeep]
|-damage|p2a: Ogerpon|95/100|[from] Sandstorm
|-damage|p1a: Moltres|84/100|[from] Sandstorm
|upkeep
|turn|10
|
|t:|1759014098
|move|p2a: Ogerpon|Knock Off|p1a: Moltres
|-damage|p1a: Moltres|57/100
|-enditem|p1a: Moltres|Heavy-Duty Boots|[from] move: Knock Off|[of] p2a: Ogerpon
|move|p1a: Moltres|Hurricane|p2a: Ogerpon
|-supereffective|p2a: Ogerpon
|-damage|p2a: Ogerpon|0 fnt
|faint|p2a: Ogerpon
|
|-weather|none
|upkeep
|
|t:|1759014105
|switch|p2a: Raging Bolt|Raging Bolt|100/100
|turn|11
|
|t:|1759014109
|switch|p1a: Tyranitar|Tyranitar, F|100/100
|-damage|p1a: Tyranitar|88/100|[from] Stealth Rock
|-weather|Sandstorm|[from] ability: Sand Stream|[of] p1a: Tyranitar
|move|p2a: Raging Bolt|Thunderbolt|p1a: Tyranitar
|-damage|p1a: Tyranitar|61/100
|
|-weather|Sandstorm|[upkeep]
|-damage|p2a: Raging Bolt|94/100|[from] Sandstorm
|-heal|p2a: Raging Bolt|100/100|[from] item: Leftovers
|upkeep
|turn|12
|
|t:|1759014118
|-end|p2a: Raging Bolt|Protosynthesis|[silent]
|switch|p2a: Ting-Lu|Ting-Lu|67/100
|-ability|p2a: Ting-Lu|Vessel of Ruin
|move|p1a: Tyranitar|Power Gem|p2a: Ting-Lu
|-resisted|p2a: Ting-Lu
|-damage|p2a: Ting-Lu|61/100
|
|-weather|Sandstorm|[upkeep]
|-heal|p2a: Ting-Lu|67/100|[from] item: Leftovers
|upkeep
|turn|13
|
|t:|1759014128
|move|p1a: Tyranitar|Stealth Rock|p2a: Ting-Lu
|-sidestart|p2: Beto1769|move: Stealth Rock
|move|p2a: Ting-Lu|Earthquake|p1a: Tyranitar
|-supereffective|p1a: Tyranitar
|-damage|p1a: Tyranitar|5/100
|
|-weather|Sandstorm|[upkeep]
|-heal|p2a: Ting-Lu|73/100|[from] item: Leftovers
|upkeep
|turn|14
|
|t:|1759014145
|switch|p1a: Keldeo|Keldeo-Resolute|100/100
|-damage|p1a: Keldeo|94/100|[from] Stealth Rock
|move|p2a: Ting-Lu|Earthquake|p1a: Keldeo
|-damage|p1a: Keldeo|53/100
|
|-weather|Sandstorm|[upkeep]
|-damage|p1a: Keldeo|47/100|[from] Sandstorm
|-heal|p2a: Ting-Lu|80/100|[from] item: Leftovers
|upkeep
|turn|15
|
|t:|1759014168
|switch|p2a: Hatterene|Hatterene, F|81/100
|-damage|p2a: Hatterene|68/100|[from] Stealth Rock
|move|p1a: Keldeo|Surf|p2a: Hatterene
|-damage|p2a: Hatterene|26/100
|
|-weather|Sandstorm|[upkeep]
|-damage|p1a: Keldeo|41/100|[from] Sandstorm
|-damage|p2a: Hatterene|20/100|[from] Sandstorm
|upkeep
|turn|16
|inactive|Beto1769 has 120 seconds left.
|
|t:|1759014194
|move|p1a: Keldeo|Surf|p2a: Hatterene
|-damage|p2a: Hatterene|0 fnt
|faint|p2a: Hatterene
|
|-weather|Sandstorm|[upkeep]
|-damage|p1a: Keldeo|35/100|[from] Sandstorm
|upkeep
|
|t:|1759014197
|switch|p2a: Dragapult|Dragapult, F|21/100
|turn|17
|
|t:|1759014207
|switch|p1a: Moltres|Moltres|57/100
|-damage|p1a: Moltres|7/100|[from] Stealth Rock
|move|p2a: Dragapult|Dragon Darts|p1a: Moltres
|-damage|p1a: Moltres|0 fnt
|faint|p1a: Moltres
|
|-weather|Sandstorm|[upkeep]
|-damage|p2a: Dragapult|15/100|[from] Sandstorm
|upkeep
|
|t:|1759014217
|switch|p1a: Excadrill|Excadrill, M|100/100
|-damage|p1a: Excadrill|97/100|[from] Stealth Rock
|-item|p1a: Excadrill|Air Balloon
|turn|18
|
|t:|1759014223
|switch|p2a: Corviknight|Corviknight, M|100/100
|-damage|p2a: Corviknight|88/100|[from] Stealth Rock
|-ability|p2a: Corviknight|Pressure
|move|p1a: Excadrill|Rapid Spin|p2a: Corviknight
|-resisted|p2a: Corviknight
|-damage|p2a: Corviknight|82/100
|-boost|p1a: Excadrill|spe|1
|-sideend|p1: aliester - es|Stealth Rock|[from] move: Rapid Spin|[of] p1a: Excadrill
|
|-weather|none
|upkeep
|turn|19
|c|☆Beto1769|wow
|
|t:|1759014243
|switch|p1a: Tyranitar|Tyranitar, F|5/100
|-weather|Sandstorm|[from] ability: Sand Stream|[of] p1a: Tyranitar
|move|p2a: Corviknight|Brave Bird|p1a: Tyranitar
|-resisted|p1a: Tyranitar
|-damage|p1a: Tyranitar|0 fnt
|faint|p1a: Tyranitar
|-damage|p2a: Corviknight|81/100|[from] Recoil
|
|-weather|Sandstorm|[upkeep]
|upkeep
|
|t:|1759014249
|switch|p1a: Keldeo|Keldeo-Resolute|35/100
|turn|20
|
|t:|1759014259
|switch|p2a: Raging Bolt|Raging Bolt|100/100
|-damage|p2a: Raging Bolt|88/100|[from] Stealth Rock
|-terastallize|p1a: Keldeo|Water
|move|p1a: Keldeo|Surf|p2a: Raging Bolt
|-resisted|p2a: Raging Bolt
|-damage|p2a: Raging Bolt|41/100
|
|-weather|Sandstorm|[upkeep]
|-damage|p1a: Keldeo|28/100|[from] Sandstorm
|-damage|p2a: Raging Bolt|35/100|[from] Sandstorm
|-heal|p2a: Raging Bolt|41/100|[from] item: Leftovers
|upkeep
|turn|21
|l| Atrozity
|
|t:|1759014262
|switch|p1a: Excadrill|Excadrill, M|97/100
|-item|p1a: Excadrill|Air Balloon
|move|p2a: Raging Bolt|Dragon Pulse|p1a: Excadrill
|-resisted|p1a: Excadrill
|-damage|p1a: Excadrill|63/100
|-enditem|p1a: Excadrill|Air Balloon
|
|-weather|Sandstorm|[upkeep]
|-damage|p2a: Raging Bolt|35/100|[from] Sandstorm
|-heal|p2a: Raging Bolt|41/100|[from] item: Leftovers
|upkeep
|turn|22
|
|t:|1759014274
|switch|p1a: Keldeo|Keldeo-Resolute, tera:Water|28/100
|-end|p2a: Raging Bolt|Protosynthesis|[silent]
|switch|p2a: Corviknight|Corviknight, M|81/100
|-damage|p2a: Corviknight|68/100|[from] Stealth Rock
|-ability|p2a: Corviknight|Pressure
|
|-weather|Sandstorm|[upkeep]
|-damage|p1a: Keldeo|22/100|[from] Sandstorm
|upkeep
|turn|23
|
|t:|1759014303
|switch|p2a: Ting-Lu|Ting-Lu|80/100
|-damage|p2a: Ting-Lu|73/100|[from] Stealth Rock
|-ability|p2a: Ting-Lu|Vessel of Ruin
|move|p1a: Keldeo|Surf|p2a: Ting-Lu
|-supereffective|p2a: Ting-Lu
|-damage|p2a: Ting-Lu|0 fnt
|faint|p2a: Ting-Lu
|
|-weather|Sandstorm|[upkeep]
|-damage|p1a: Keldeo|16/100|[from] Sandstorm
|upkeep
|
|t:|1759014305
|switch|p2a: Dragapult|Dragapult, F|15/100
|turn|24
|
|t:|1759014314
|switch|p1a: Excadrill|Excadrill, M|63/100
|move|p2a: Dragapult|Dragon Darts|p1a: Excadrill
|-resisted|p1a: Excadrill
|-damage|p1a: Excadrill|48/100
|-anim|p2a: Dragapult|Dragon Darts|p1a: Excadrill
|-resisted|p1a: Excadrill
|-damage|p1a: Excadrill|32/100
|
|-weather|Sandstorm|[upkeep]
|-damage|p2a: Dragapult|9/100|[from] Sandstorm
|upkeep
|turn|25
|
|t:|1759014326
|switch|p2a: Corviknight|Corviknight, M|68/100
|-damage|p2a: Corviknight|56/100|[from] Stealth Rock
|-ability|p2a: Corviknight|Pressure
|move|p1a: Excadrill|Iron Head|p2a: Corviknight
|-resisted|p2a: Corviknight
|-damage|p2a: Corviknight|43/100
|
|-weather|Sandstorm|[upkeep]
|upkeep
|turn|26
|
|t:|1759014340
|switch|p1a: Dragapult|Dragapult, F|100/100
|move|p2a: Corviknight|Brave Bird|p1a: Dragapult
|-damage|p1a: Dragapult|51/100
|-damage|p2a: Corviknight|30/100|[from] Recoil
|
|-weather|none
|upkeep
|turn|27
|
|t:|1759014345
|move|p1a: Dragapult|Flamethrower|p2a: Corviknight
|-supereffective|p2a: Corviknight
|-damage|p2a: Corviknight|0 fnt
|faint|p2a: Corviknight
|
|upkeep
|
|t:|1759014350
|switch|p2a: Raging Bolt|Raging Bolt|41/100
|-damage|p2a: Raging Bolt|29/100|[from] Stealth Rock
|turn|28
|
|t:|1759014356
|switch|p1a: Ogerpon|Ogerpon-Wellspring, F|16/100
|-terastallize|p2a: Raging Bolt|Fairy
|move|p2a: Raging Bolt|Dragon Pulse|p1a: Ogerpon
|-damage|p1a: Ogerpon|0 fnt
|faint|p1a: Ogerpon
|
|-heal|p2a: Raging Bolt|35/100|[from] item: Leftovers
|upkeep
|
|t:|1759014361
|switch|p1a: Excadrill|Excadrill, M|32/100
|turn|29
|
|t:|1759014368
|move|p1a: Excadrill|Iron Head|p2a: Raging Bolt
|-supereffective|p2a: Raging Bolt
|-damage|p2a: Raging Bolt|0 fnt
|faint|p2a: Raging Bolt
|-end|p2a: Raging Bolt|Protosynthesis|[silent]
|
|upkeep
|
|t:|1759014370
|switch|p2a: Dragapult|Dragapult, F|9/100
|turn|30
|
|t:|1759014393
|move|p2a: Dragapult|Hex|p1a: Excadrill
|-damage|p1a: Excadrill|0 fnt
|faint|p1a: Excadrill
|
|upkeep
|
|t:|1759014398
|switch|p1a: Dragapult|Dragapult, F|51/100
|turn|31
|
|t:|1759014402
|move|p1a: Dragapult|Sucker Punch|p2a: Dragapult
|-supereffective|p2a: Dragapult
|-damage|p2a: Dragapult|0 fnt
|faint|p2a: Dragapult
|
|win|aliester - es
|raw|aliester - es's rating: 1638 &rarr; <strong>1660</strong><br />(+22 for winning)
|raw|Beto1769's rating: 1678 &rarr; <strong>1656</strong><br />(-22 for losing)
|l|☆Beto1769
|player|p2|
