|j|☆Rinorrudo
|j|☆IamLonny
|t:|1758969474
|gametype|singles
|player|p1|Rinorrudo|flint|1052
|player|p2|IamLonny|bruno|1064
|gen|9
|tier|[Gen 9] OU
|rated|
|rule|HP Percentage Mod: HP is shown in percentages
|rule|Endless Battle Clause: Forcing endless battles is banned
|rule|Species Clause: Limit one of each Pokémon
|rule|OHKO Clause: OHKO moves are banned
|rule|Evasion Items Clause: Evasion items are banned
|rule|Evasion Moves Clause: Evasion moves are banned
|rule|Evasion Abilities Clause: Evasion abilities are banned
|rule|Sleep Moves Clause: Sleep-inducing moves are banned
|clearpoke
|poke|p1|Rillaboom, M|
|poke|p1|Gliscor, M|
|poke|p1|Iron Moth|
|poke|p1|Alomomola, F|
|poke|p1|Iron Treads|
|poke|p1|Ogerpon-Wellspring, F|
|poke|p2|Garchomp, M|
|poke|p2|Scizor, F|
|poke|p2|Rotom-Wash|
|poke|p2|Komala, F|
|poke|p2|Dusclops, F|
|poke|p2|Gardevoir, M|
|teampreview
|inactive|Battle timer is ON: inactive players will automatically lose when time's up. (requested by Rinorrudo)
|
|t:|1758969489
|teamsize|p1|6
|teamsize|p2|6
|start
|switch|p1a: Gliscor|Gliscor, M|100/100
|switch|p2a: Komala|Komala, F|100/100
|-ability|p2a: Komala|Comatose
|turn|1
|
|t:|1758969496
|move|p1a: Gliscor|Stealth Rock|p2a: Komala
|-sidestart|p2: IamLonny|move: Stealth Rock
|move|p2a: Komala|Knock Off|p1a: Gliscor
|-damage|p1a: Gliscor|76/100
|-enditem|p1a: Gliscor|Toxic Orb|[from] move: Knock Off|[of] p2a: Komala
|
|upkeep
|turn|2
|
|t:|1758969513
|move|p1a: Gliscor|Knock Off|p2a: Komala
|-damage|p2a: Komala|70/100
|-enditem|p2a: Komala|Muscle Band|[from] move: Knock Off|[of] p1a: Gliscor
|move|p2a: Komala|Rapid Spin|p1a: Gliscor
|-damage|p1a: Gliscor|58/100
|-boost|p2a: Komala|spe|1
|-sideend|p2: IamLonny|Stealth Rock|[from] move: Rapid Spin|[of] p2a: Komala
|
|upkeep
|turn|3
|
|t:|1758969522
|move|p2a: Komala|Ice Spinner|p1a: Gliscor
|-supereffective|p1a: Gliscor
|-damage|p1a: Gliscor|0 fnt
|faint|p1a: Gliscor
|
|upkeep
|
|t:|1758969529
|switch|p1a: Iron Treads|Iron Treads|100/100
|turn|4
|
|t:|1758969535
|move|p1a: Iron Treads|Earthquake|p2a: Komala
|-damage|p2a: Komala|6/100
|move|p2a: Komala|Super Fang|p1a: Iron Treads
|-damage|p1a: Iron Treads|51/100
|
|upkeep
|turn|5
|
|t:|1758969542
|switch|p2a: Rotom|Rotom-Wash|100/100
|move|p1a: Iron Treads|Volt Switch|p2a: Rotom
|-damage|p2a: Rotom|86/100
|
|t:|1758969545
|-end|p1a: Iron Treads|Quark Drive|[silent]
|switch|p1a: Rillaboom|Rillaboom, M|100/100|[from] Volt Switch
|-fieldstart|move: Grassy Terrain|[from] ability: Grassy Surge|[of] p1a: Rillaboom
|
|-heal|p2a: Rotom|92/100|[from] item: Leftovers
|upkeep
|turn|6
|
|t:|1758969562
|move|p2a: Rotom|Volt Switch|p1a: Rillaboom
|-resisted|p1a: Rillaboom
|-damage|p1a: Rillaboom|81/100
|
|t:|1758969570
|switch|p2a: Scizor|Scizor, F|100/100|[from] Volt Switch
|move|p1a: Rillaboom|U-turn|p2a: Scizor
|-resisted|p2a: Scizor
|-damage|p2a: Scizor|82/100
|
|t:|1758969575
|switch|p1a: Iron Moth|Iron Moth|100/100|[from] U-turn
|
|-heal|p2a: Scizor|88/100|[from] Grassy Terrain
|upkeep
|turn|7
|
|t:|1758969590
|-terastallize|p2a: Scizor|Fire
|move|p1a: Iron Moth|Meteor Beam||[still]
|-prepare|p1a: Iron Moth|Meteor Beam
|-boost|p1a: Iron Moth|spa|1
|-enditem|p1a: Iron Moth|Power Herb
|-anim|p1a: Iron Moth|Meteor Beam|p2a: Scizor
|-supereffective|p2a: Scizor
|-damage|p2a: Scizor|0 fnt
|faint|p2a: Scizor
|
|upkeep
|
|t:|1758969603
|switch|p2a: Rotom|Rotom-Wash|92/100
|turn|8
|inactive|Rinorrudo has 120 seconds left.
|
|t:|1758969649
|move|p1a: Iron Moth|Energy Ball|p2a: Rotom
|-supereffective|p2a: Rotom
|-damage|p2a: Rotom|0 fnt
|faint|p2a: Rotom
|
|upkeep
|
|t:|1758969655
|switch|p2a: Gardevoir|Gardevoir, M|100/100
|turn|9
|
|t:|1758969662
|move|p1a: Iron Moth|Sludge Wave|p2a: Gardevoir
|-supereffective|p2a: Gardevoir
|-damage|p2a: Gardevoir|3/100
|move|p2a: Gardevoir|Psychic|p1a: Iron Moth
|-supereffective|p1a: Iron Moth
|-damage|p1a: Iron Moth|13/100
|
|-heal|p1a: Iron Moth|19/100|[from] Grassy Terrain
|-heal|p2a: Gardevoir|9/100|[from] Grassy Terrain
|-fieldend|move: Grassy Terrain
|upkeep
|turn|10
|
|t:|1758969678
|switch|p2a: Komala|Komala, F|6/100
|-ability|p2a: Komala|Comatose
|move|p1a: Iron Moth|Fiery Dance|p2a: Komala
|-damage|p2a: Komala|0 fnt
|faint|p2a: Komala
|
|upkeep
|
|t:|1758969689
|switch|p2a: Dusclops|Dusclops, F|100/100
|-ability|p2a: Dusclops|Pressure
|turn|11
|
|t:|1758969694
|move|p1a: Iron Moth|Fiery Dance|p2a: Dusclops
|-damage|p2a: Dusclops|69/100
|-boost|p1a: Iron Moth|spa|1
|move|p2a: Dusclops|Night Shade|p1a: Iron Moth
|-damage|p1a: Iron Moth|0 fnt
|faint|p1a: Iron Moth
|-end|p1a: Iron Moth|Quark Drive|[silent]
|
|upkeep
|
|t:|1758969702
|switch|p1a: Ogerpon|Ogerpon-Wellspring, F|100/100
|turn|12
|
|t:|1758969708
|move|p1a: Ogerpon|Substitute|p1a: Ogerpon
|-start|p1a: Ogerpon|Substitute
|-damage|p1a: Ogerpon|76/100
|move|p2a: Dusclops|Pain Split||[still]
|-fail|p2a: Dusclops
|
|upkeep
|turn|13
|
|t:|1758969718
|move|p1a: Ogerpon|Leech Seed|p2a: Dusclops
|-start|p2a: Dusclops|move: Leech Seed
|move|p2a: Dusclops|Curse|p1a: Ogerpon
|-start|p1a: Ogerpon|Curse|[of] p2a: Dusclops
|-damage|p2a: Dusclops|19/100
|
|-damage|p2a: Dusclops|6/100|[from] Leech Seed|[of] p1a: Ogerpon
|-heal|p1a: Ogerpon|85/100|[silent]
|-damage|p1a: Ogerpon|61/100|[from] Curse
|upkeep
|turn|14
|
|t:|1758969729
|switch|p2a: Gardevoir|Gardevoir, M|9/100
|move|p1a: Ogerpon|U-turn|p2a: Gardevoir
|-crit|p2a: Gardevoir
|-damage|p2a: Gardevoir|0 fnt
|faint|p2a: Gardevoir
|
|t:|1758969737
|switch|p1a: Alomomola|Alomomola, F|100/100|[from] U-turn
|
|upkeep
|
|t:|1758969743
|switch|p2a: Dusclops|Dusclops, F|6/100
|-ability|p2a: Dusclops|Pressure
|turn|15
|
|t:|1758969747
|move|p1a: Alomomola|Flip Turn|p2a: Dusclops
|-damage|p2a: Dusclops|0 fnt
|faint|p2a: Dusclops
|
|t:|1758969753
|switch|p1a: Ogerpon|Ogerpon-Wellspring, F|61/100|[from] Flip Turn
|
|upkeep
|
|t:|1758969758
|switch|p2a: Garchomp|Garchomp, M|100/100
|turn|16
|
|t:|1758969761
|move|p1a: Ogerpon|Leech Seed|p2a: Garchomp
|-start|p2a: Garchomp|move: Leech Seed
|move|p2a: Garchomp|Poison Jab|p1a: Ogerpon
|-supereffective|p1a: Ogerpon
|-damage|p1a: Ogerpon|0 fnt
|faint|p1a: Ogerpon
|
|upkeep
|
|t:|1758969768
|switch|p1a: Alomomola|Alomomola, F|100/100
|turn|17
|
|t:|1758969773
|move|p2a: Garchomp|Earthquake|p1a: Alomomola
|-damage|p1a: Alomomola|71/100
|move|p1a: Alomomola|Wish|p1a: Alomomola
|
|-heal|p1a: Alomomola|77/100|[from] item: Leftovers
|-damage|p2a: Garchomp|88/100|[from] Leech Seed|[of] p1a: Alomomola
|-heal|p1a: Alomomola|86/100|[silent]
|upkeep
|turn|18
|
|t:|1758969782
|move|p2a: Garchomp|Stealth Rock|p1a: Alomomola
|-sidestart|p1: Rinorrudo|move: Stealth Rock
|move|p1a: Alomomola|Play Rough|p2a: Garchomp
|-supereffective|p2a: Garchomp
|-damage|p2a: Garchomp|56/100
|-damage|p1a: Alomomola|73/100|[from] ability: Rough Skin|[of] p2a: Garchomp
|-damage|p1a: Alomomola|56/100|[from] item: Rocky Helmet|[of] p2a: Garchomp
|
|-heal|p1a: Alomomola|100/100|[from] move: Wish|[wisher] Alomomola
|-damage|p2a: Garchomp|44/100|[from] Leech Seed|[of] p1a: Alomomola
|upkeep
|turn|19
|
|t:|1758969794
|move|p2a: Garchomp|Dragon Claw|p1a: Alomomola
|-damage|p1a: Alomomola|80/100
|move|p1a: Alomomola|Flip Turn|p2a: Garchomp
|-damage|p2a: Garchomp|27/100
|-damage|p1a: Alomomola|68/100|[from] ability: Rough Skin|[of] p2a: Garchomp
|-damage|p1a: Alomomola|51/100|[from] item: Rocky Helmet|[of] p2a: Garchomp
|
|t:|1758969797
|switch|p1a: Rillaboom|Rillaboom, M|81/100|[from] Flip Turn
|-damage|p1a: Rillaboom|69/100|[from] Stealth Rock
|-fieldstart|move: Grassy Terrain|[from] ability: Grassy Surge|[of] p1a: Rillaboom
|
|-heal|p2a: Garchomp|33/100|[from] Grassy Terrain
|-heal|p1a: Rillaboom|75/100|[from] Grassy Terrain
|-damage|p2a: Garchomp|21/100|[from] Leech Seed|[of] p1a: Rillaboom
|-heal|p1a: Rillaboom|88/100|[silent]
|upkeep
|turn|20
|-message|IamLonny forfeited.
|
|win|Rinorrudo
|raw|Rinorrudo's rating: 1052 &rarr; <strong>1085</strong><br />(+33 for winning)
|raw|IamLonny's rating: 1064 &rarr; <strong>1044</strong><br />(-20 for losing)
|l|☆IamLonny
|player|p2|
|l|☆Rinorrudo
|player|p1|
