|j|☆Ghettocatfish
|j|☆wobo123猫雷
|t:|1758971773
|gametype|singles
|player|p1|Ghettocatfish|2|1420
|player|p2|wobo123猫雷|sightseerf|1519
|gen|9
|tier|[Gen 9] OU
|rated|
|rule|HP Percentage Mod: HP is shown in percentages
|rule|Endless Battle Clause: Forcing endless battles is banned
|rule|Species Clause: Limit one of each Pokémon
|rule|OHKO Clause: OHKO moves are banned
|rule|Evasion Items Clause: Evasion items are banned
|rule|Evasion Moves Clause: Evasion moves are banned
|rule|Evasion Abilities Clause: Evasion abilities are banned
|rule|Sleep Moves Clause: Sleep-inducing moves are banned
|clearpoke
|poke|p1|Enamorus, F|
|poke|p1|Pecharunt|
|poke|p1|Ting-Lu|
|poke|p1|Ogerpon-Wellspring, F|
|poke|p1|Conkeldurr, M|
|poke|p1|Latios, M|
|poke|p2|Ceruledge, M|
|poke|p2|Lycanroc-Dusk, M|
|poke|p2|Great Tusk|
|poke|p2|Dragonite, M|
|poke|p2|Ogerpon-Wellspring, F|
|poke|p2|Zamazenta-*|
|teampreview
|inactive|Battle timer is ON: inactive players will automatically lose when time's up. (requested by Ghettocatfish)
|
|t:|1758971786
|teamsize|p1|6
|teamsize|p2|6
|start
|switch|p1a: Ogerpon|Ogerpon-Wellspring, F|100/100
|switch|p2a: Lycanroc|Lycanroc-Dusk, M|100/100
|turn|1
|
|t:|1758971792
|move|p1a: Ogerpon|Trailblaze|p2a: Lycanroc
|-supereffective|p2a: Lycanroc
|-enditem|p2a: Lycanroc|Focus Sash
|-damage|p2a: Lycanroc|1/100
|-boost|p1a: Ogerpon|spe|1
|move|p2a: Lycanroc|Stealth Rock|p1a: Ogerpon
|-sidestart|p1: Ghettocatfish|move: Stealth Rock
|
|upkeep
|turn|2
|
|t:|1758971806
|move|p2a: Lycanroc|Accelerock|p1a: Ogerpon
|-damage|p1a: Ogerpon|69/100
|move|p1a: Ogerpon|Trailblaze|p2a: Lycanroc
|-supereffective|p2a: Lycanroc
|-damage|p2a: Lycanroc|0 fnt
|-boost|p1a: Ogerpon|spe|1
|faint|p2a: Lycanroc
|
|upkeep
|
|t:|1758971810
|switch|p2a: Ceruledge|Ceruledge, M|100/100
|turn|3
|
|t:|1758971814
|move|p1a: Ogerpon|Trailblaze|p2a: Ceruledge
|-resisted|p2a: Ceruledge
|-damage|p2a: Ceruledge|79/100
|-boost|p1a: Ogerpon|spe|1
|-ability|p2a: Ceruledge|Weak Armor|boost
|-unboost|p2a: Ceruledge|def|1
|-boost|p2a: Ceruledge|spe|2
|move|p2a: Ceruledge|Swords Dance|p2a: Ceruledge
|-boost|p2a: Ceruledge|atk|2
|
|upkeep
|turn|4
|
|t:|1758971823
|move|p2a: Ceruledge|Shadow Sneak|p1a: Ogerpon
|-damage|p1a: Ogerpon|9/100
|move|p1a: Ogerpon|Ivy Cudgel|p2a: Ceruledge|[anim] Ivy Cudgel Water
|-supereffective|p2a: Ceruledge
|-damage|p2a: Ceruledge|0 fnt
|faint|p2a: Ceruledge
|
|upkeep
|
|t:|1758971827
|switch|p2a: Dragonite|Dragonite, M|100/100
|turn|5
|j| ZoneQAQ
|
|t:|1758971833
|move|p2a: Dragonite|Extreme Speed|p1a: Ogerpon
|-damage|p1a: Ogerpon|0 fnt
|faint|p1a: Ogerpon
|
|upkeep
|l| ZoneQAQ
|
|t:|1758971839
|switch|p1a: Pecharunt|Pecharunt|100/100
|turn|6
|
|t:|1758971846
|move|p2a: Dragonite|Dragon Dance|p2a: Dragonite
|-boost|p2a: Dragonite|atk|1
|-boost|p2a: Dragonite|spe|1
|move|p1a: Pecharunt|Malignant Chain|p2a: Dragonite
|-damage|p2a: Dragonite|84/100
|-status|p2a: Dragonite|tox
|-start|p2a: Dragonite|confusion|[from] ability: Poison Puppeteer|[of] p1a: Pecharunt
|
|-damage|p2a: Dragonite|78/100 tox|[from] psn
|upkeep
|turn|7
|
|t:|1758971869
|-terastallize|p1a: Pecharunt|Fairy
|-activate|p2a: Dragonite|confusion
|-damage|p2a: Dragonite|53/100 tox|[from] confusion
|move|p1a: Pecharunt|Recover||[still]
|-fail|p1a: Pecharunt|heal
|
|-damage|p2a: Dragonite|41/100 tox|[from] psn
|upkeep
|turn|8
|
|t:|1758971884
|-activate|p2a: Dragonite|confusion
|move|p2a: Dragonite|Extreme Speed|p1a: Pecharunt
|-damage|p1a: Pecharunt|78/100
|move|p1a: Pecharunt|Recover|p1a: Pecharunt
|-heal|p1a: Pecharunt|100/100
|
|-damage|p2a: Dragonite|22/100 tox|[from] psn
|upkeep
|turn|9
|
|t:|1758971890
|-end|p2a: Dragonite|confusion
|move|p2a: Dragonite|Extreme Speed|p1a: Pecharunt
|-damage|p1a: Pecharunt|80/100
|move|p1a: Pecharunt|Foul Play|p2a: Dragonite
|-damage|p2a: Dragonite|0 fnt
|faint|p2a: Dragonite
|
|upkeep
|
|t:|1758971895
|switch|p2a: Ogerpon|Ogerpon-Wellspring, F|100/100
|turn|10
|
|t:|1758971904
|-terastallize|p2a: Ogerpon|Water
|detailschange|p2a: Ogerpon|Ogerpon-Wellspring-Tera, F, tera:Water
|-ability|p2a: Ogerpon|Embody Aspect (Wellspring)|boost
|-boost|p2a: Ogerpon|spd|1
|move|p2a: Ogerpon|Swords Dance|p2a: Ogerpon
|-boost|p2a: Ogerpon|atk|2
|move|p1a: Pecharunt|Malignant Chain|p2a: Ogerpon
|-damage|p2a: Ogerpon|78/100
|-status|p2a: Ogerpon|tox
|-start|p2a: Ogerpon|confusion|[from] ability: Poison Puppeteer|[of] p1a: Pecharunt
|
|-damage|p2a: Ogerpon|72/100 tox|[from] psn
|upkeep
|turn|11
|
|t:|1758971924
|switch|p1a: Latios|Latios, M|100/100
|-damage|p1a: Latios|88/100|[from] Stealth Rock
|-activate|p2a: Ogerpon|confusion
|move|p2a: Ogerpon|Ivy Cudgel|p1a: Latios|[anim] Ivy Cudgel Water
|-resisted|p1a: Latios
|-damage|p1a: Latios|0 fnt
|faint|p1a: Latios
|
|-damage|p2a: Ogerpon|60/100 tox|[from] psn
|upkeep
|
|t:|1758971938
|switch|p1a: Conkeldurr|Conkeldurr, M|100/100
|-damage|p1a: Conkeldurr|94/100|[from] Stealth Rock
|turn|12
|
|t:|1758971949
|-activate|p2a: Ogerpon|confusion
|move|p2a: Ogerpon|Ivy Cudgel|p1a: Conkeldurr|[anim] Ivy Cudgel Water
|-crit|p1a: Conkeldurr
|-damage|p1a: Conkeldurr|0 fnt
|faint|p1a: Conkeldurr
|
|-damage|p2a: Ogerpon|42/100 tox|[from] psn
|upkeep
|inactive|Ghettocatfish has 120 seconds left.
|
|t:|1758971966
|switch|p1a: Ting-Lu|Ting-Lu|100/100
|-damage|p1a: Ting-Lu|94/100|[from] Stealth Rock
|-ability|p1a: Ting-Lu|Vessel of Ruin
|turn|13
|
|t:|1758971971
|-activate|p2a: Ogerpon|confusion
|move|p2a: Ogerpon|Ivy Cudgel|p1a: Ting-Lu|[anim] Ivy Cudgel Water
|-supereffective|p1a: Ting-Lu
|-damage|p1a: Ting-Lu|0 fnt
|faint|p1a: Ting-Lu
|
|-damage|p2a: Ogerpon|18/100 tox|[from] psn
|upkeep
|
|t:|1758971974
|switch|p1a: Enamorus|Enamorus, F|100/100
|-damage|p1a: Enamorus|76/100|[from] Stealth Rock
|turn|14
|
|t:|1758971976
|move|p1a: Enamorus|Moonblast|p2a: Ogerpon
|-damage|p2a: Ogerpon|0 fnt
|faint|p2a: Ogerpon
|detailschange|p2: Ogerpon|Ogerpon-Wellspring, F|[silent]
|
|upkeep
|
|t:|1758971982
|switch|p2a: Zamazenta|Zamazenta|100/100
|-ability|p2a: Zamazenta|Dauntless Shield|boost
|-boost|p2a: Zamazenta|def|1
|turn|15
|
|t:|1758971989
|move|p1a: Enamorus|Moonblast|p2a: Zamazenta
|-supereffective|p2a: Zamazenta
|-damage|p2a: Zamazenta|23/100
|move|p2a: Zamazenta|Body Press|p1a: Enamorus
|-resisted|p1a: Enamorus
|-damage|p1a: Enamorus|56/100
|
|-heal|p2a: Zamazenta|29/100|[from] item: Leftovers
|upkeep
|turn|16
|
|t:|1758971994
|move|p1a: Enamorus|Moonblast|p2a: Zamazenta
|-supereffective|p2a: Zamazenta
|-crit|p2a: Zamazenta
|-damage|p2a: Zamazenta|0 fnt
|faint|p2a: Zamazenta
|
|upkeep
|
|t:|1758971997
|switch|p2a: Great Tusk|Great Tusk|100/100
|turn|17
|
|t:|1758972002
|move|p1a: Enamorus|Moonblast|p2a: Great Tusk
|-supereffective|p2a: Great Tusk
|-damage|p2a: Great Tusk|0 fnt
|faint|p2a: Great Tusk
|-end|p2a: Great Tusk|Protosynthesis|[silent]
|
|win|Ghettocatfish
|raw|Ghettocatfish's rating: 1420 &rarr; <strong>1446</strong><br />(+26 for winning)
|raw|wobo123猫雷's rating: 1519 &rarr; <strong>1493</strong><br />(-26 for losing)
|l|☆wobo123猫雷
|player|p2|
|l|☆Ghettocatfish
|player|p1|
