|j|☆Surigato
|j|☆sama25
|t:|1759048575
|gametype|singles
|player|p1|Surigato|169|1158
|player|p2|sama25|ghetsis|1220
|gen|9
|tier|[Gen 9] OU
|rated|
|rule|HP Percentage Mod: HP is shown in percentages
|rule|Endless Battle Clause: Forcing endless battles is banned
|rule|Species Clause: Limit one of each Pokémon
|rule|OHKO Clause: OHKO moves are banned
|rule|Evasion Items Clause: Evasion items are banned
|rule|Evasion Moves Clause: Evasion moves are banned
|rule|Evasion Abilities Clause: Evasion abilities are banned
|rule|Sleep Moves Clause: Sleep-inducing moves are banned
|clearpoke
|poke|p1|Serperior, M|
|poke|p1|Blaziken, M|
|poke|p1|Swalot, M|
|poke|p1|Alcremie-Mint-Cream, F|
|poke|p1|Vikavolt, M|
|poke|p1|Kingambit, M|
|poke|p2|Tyranitar, M|
|poke|p2|Excadrill, M|
|poke|p2|Tornadus-Therian, M|
|poke|p2|Tinkaton, F|
|poke|p2|Sinistcha|
|poke|p2|Toxapex, M|
|teampreview
|inactive|Battle timer is ON: inactive players will automatically lose when time's up. (requested by sama25)
|
|t:|1759048591
|teamsize|p1|6
|teamsize|p2|6
|start
|switch|p1a: Alcremie|Alcremie-Mint-Cream, F|100/100
|switch|p2a: Sinistcha|Sinistcha, shiny|100/100
|turn|1
|
|t:|1759048601
|switch|p2a: Tinkaton|Tinkaton, F, shiny|100/100
|-item|p2a: Tinkaton|Air Balloon
|move|p1a: Alcremie|Calm Mind|p1a: Alcremie
|-boost|p1a: Alcremie|spa|1
|-boost|p1a: Alcremie|spd|1
|
|upkeep
|turn|2
|
|t:|1759048617
|-terastallize|p1a: Alcremie|Poison
|move|p2a: Tinkaton|Encore|p1a: Alcremie
|-block|p1a: Alcremie|ability: Aroma Veil|[of] p1a: Alcremie
|move|p1a: Alcremie|Acid Armor|p1a: Alcremie
|-boost|p1a: Alcremie|def|2
|
|upkeep
|turn|3
|
|t:|1759048625
|switch|p2a: Excadrill|Excadrill, M, shiny|100/100
|move|p1a: Alcremie|Acid Armor|p1a: Alcremie
|-boost|p1a: Alcremie|def|2
|
|upkeep
|turn|4
|
|t:|1759048633
|-terastallize|p2a: Excadrill|Ground
|move|p2a: Excadrill|Earthquake|p1a: Alcremie
|-supereffective|p1a: Alcremie
|-damage|p1a: Alcremie|33/100
|move|p1a: Alcremie|Acid Armor|p1a: Alcremie
|-boost|p1a: Alcremie|def|2
|
|upkeep
|turn|5
|
|t:|1759048639
|move|p2a: Excadrill|Earthquake|p1a: Alcremie
|-supereffective|p1a: Alcremie
|-damage|p1a: Alcremie|0 fnt
|faint|p1a: Alcremie
|
|upkeep
|
|t:|1759048645
|switch|p1a: Serperior|Serperior, M, shiny|100/100
|turn|6
|
|t:|1759048652
|switch|p2a: Sinistcha|Sinistcha, shiny|100/100
|move|p1a: Serperior|Substitute|p1a: Serperior
|-start|p1a: Serperior|Substitute
|-damage|p1a: Serperior|76/100
|
|-heal|p1a: Serperior|82/100|[from] item: Leftovers
|upkeep
|turn|7
|
|t:|1759048655
|move|p1a: Serperior|Leaf Storm|p2a: Sinistcha|[miss]
|-miss|p1a: Serperior|p2a: Sinistcha
|move|p2a: Sinistcha|Calm Mind|p2a: Sinistcha
|-boost|p2a: Sinistcha|spa|1
|-boost|p2a: Sinistcha|spd|1
|
|-heal|p1a: Serperior|88/100|[from] item: Leftovers
|upkeep
|turn|8
|-message|Surigato forfeited.
|
|win|sama25
|raw|Surigato's rating: 1158 &rarr; <strong>1137</strong><br />(-21 for losing)
|raw|sama25's rating: 1220 &rarr; <strong>1241</strong><br />(+21 for winning)
|l|☆Surigato
|player|p1|
|l|☆sama25
|player|p2|
