|j|☆ashmer06
|j|☆awesomedaveftw
|t:|1759043280
|gametype|singles
|player|p1|ashmer06|170|1385
|player|p2|awesomedaveftw|265|1390
|gen|9
|tier|[Gen 9] OU
|rated|
|rule|HP Percentage Mod: HP is shown in percentages
|rule|Endless Battle Clause: Forcing endless battles is banned
|rule|Species Clause: Limit one of each Pokémon
|rule|OHKO Clause: OHKO moves are banned
|rule|Evasion Items Clause: Evasion items are banned
|rule|Evasion Moves Clause: Evasion moves are banned
|rule|Evasion Abilities Clause: Evasion abilities are banned
|rule|Sleep Moves Clause: Sleep-inducing moves are banned
|clearpoke
|poke|p1|Dragapult, M|
|poke|p1|Glimmora, M|
|poke|p1|Comfey, M|
|poke|p1|Kingambit, M|
|poke|p1|Ogerpon-Wellspring, F|
|poke|p1|Blaziken, M|
|poke|p2|Samurott-Hisui, M|
|poke|p2|Pecharunt|
|poke|p2|Great Tusk|
|poke|p2|Iron Valiant|
|poke|p2|Iron Crown|
|poke|p2|Enamorus, F|
|teampreview
|
|t:|1759043290
|teamsize|p1|6
|teamsize|p2|6
|start
|switch|p1a: Ogerpon|Ogerpon-Wellspring, F|100/100
|switch|p2a: Samurott|Samurott-Hisui, M|100/100
|turn|1
|
|t:|1759043307
|move|p1a: Ogerpon|U-turn|p2a: Samurott
|-supereffective|p2a: Samurott
|-damage|p2a: Samurott|35/100
|
|t:|1759043324
|switch|p1a: Comfey|Comfey, M, shiny|100/100|[from] U-turn
|move|p2a: Samurott|Ceaseless Edge|p1a: Comfey
|-resisted|p1a: Comfey
|-damage|p1a: Comfey|75/100
|-sidestart|p1: ashmer06|Spikes
|
|upkeep
|turn|2
|
|t:|1759043337
|switch|p2a: Iron Crown|Iron Crown|100/100
|move|p1a: Comfey|Draining Kiss|p2a: Iron Crown
|-resisted|p2a: Iron Crown
|-damage|p2a: Iron Crown|91/100
|-heal|p1a: Comfey|82/100|[from] drain|[of] p2a: Iron Crown
|-damage|p1a: Comfey|73/100|[from] item: Life Orb
|
|upkeep
|turn|3
|
|t:|1759043349
|switch|p1a: Kingambit|Kingambit, M, shiny|100/100
|-damage|p1a: Kingambit|88/100|[from] Spikes
|move|p2a: Iron Crown|Tachyon Cutter|p1a: Kingambit
|-resisted|p1a: Kingambit
|-damage|p1a: Kingambit|75/100
|-resisted|p1a: Kingambit
|-damage|p1a: Kingambit|63/100
|-hitcount|p1a: Kingambit|2
|
|-heal|p1a: Kingambit|69/100|[from] item: Leftovers
|upkeep
|turn|4
|
|t:|1759043359
|move|p2a: Iron Crown|Focus Blast|p1a: Kingambit
|-supereffective|p1a: Kingambit
|-damage|p1a: Kingambit|0 fnt
|faint|p1a: Kingambit
|-end|p1a: Kingambit|fallenundefined|[silent]
|
|upkeep
|
|t:|1759043363
|switch|p1a: Dragapult|Dragapult, M, shiny|100/100
|-damage|p1a: Dragapult|88/100|[from] Spikes
|turn|5
|
|t:|1759043376
|-end|p2a: Iron Crown|Quark Drive|[silent]
|switch|p2a: Enamorus|Enamorus, F|100/100
|move|p1a: Dragapult|Shadow Ball|p2a: Enamorus
|-damage|p2a: Enamorus|34/100
|-damage|p1a: Dragapult|78/100|[from] item: Life Orb
|
|upkeep
|turn|6
|
|t:|1759043385
|switch|p1a: Glimmora|Glimmora, M, shiny|100/100
|-damage|p1a: Glimmora|88/100|[from] Spikes
|move|p2a: Enamorus|Moonblast|p1a: Glimmora
|-resisted|p1a: Glimmora
|-damage|p1a: Glimmora|59/100
|-enditem|p1a: Glimmora|Red Card|[of] p2a: Enamorus
|drag|p2a: Iron Crown|Iron Crown|91/100
|
|upkeep
|turn|7
|
|t:|1759043396
|move|p2a: Iron Crown|Psychic Noise|p1a: Glimmora
|-supereffective|p1a: Glimmora
|-damage|p1a: Glimmora|0 fnt
|faint|p1a: Glimmora
|
|upkeep
|
|t:|1759043400
|switch|p1a: Dragapult|Dragapult, M, shiny|78/100
|-damage|p1a: Dragapult|66/100|[from] Spikes
|turn|8
|
|t:|1759043418
|move|p1a: Dragapult|Shadow Ball|p2a: Iron Crown
|-supereffective|p2a: Iron Crown
|-damage|p2a: Iron Crown|30/100
|-damage|p1a: Dragapult|56/100|[from] item: Life Orb
|move|p2a: Iron Crown|Tachyon Cutter|p1a: Dragapult
|-damage|p1a: Dragapult|15/100
|-damage|p1a: Dragapult|0 fnt
|faint|p1a: Dragapult
|-hitcount|p1: Dragapult|2
|
|upkeep
|
|t:|1759043433
|switch|p1a: Blaziken|Blaziken, M, shiny|100/100
|-damage|p1a: Blaziken|88/100|[from] Spikes
|turn|9
|
|t:|1759043441
|move|p1a: Blaziken|Protect|p1a: Blaziken
|-singleturn|p1a: Blaziken|Protect
|move|p2a: Iron Crown|Psychic Noise|p1a: Blaziken
|-activate|p1a: Blaziken|move: Protect
|
|-ability|p1a: Blaziken|Speed Boost|boost
|-boost|p1a: Blaziken|spe|1
|upkeep
|turn|10
|
|t:|1759043461
|-end|p2a: Iron Crown|Quark Drive|[silent]
|switch|p2a: Pecharunt|Pecharunt|100/100
|move|p1a: Blaziken|Close Combat|p2a: Pecharunt
|-immune|p2a: Pecharunt
|
|-ability|p1a: Blaziken|Speed Boost|boost
|-boost|p1a: Blaziken|spe|1
|upkeep
|turn|11
|
|t:|1759043470
|move|p1a: Blaziken|Focus Energy|p1a: Blaziken
|-start|p1a: Blaziken|move: Focus Energy
|move|p2a: Pecharunt|Malignant Chain|p1a: Blaziken
|-crit|p1a: Blaziken
|-damage|p1a: Blaziken|23/100
|
|-ability|p1a: Blaziken|Speed Boost|boost
|-boost|p1a: Blaziken|spe|1
|upkeep
|turn|12
|
|t:|1759043483
|move|p1a: Blaziken|Overheat|p2a: Pecharunt
|-crit|p2a: Pecharunt
|-damage|p2a: Pecharunt|0 fnt
|-unboost|p1a: Blaziken|spa|2
|faint|p2a: Pecharunt
|
|-ability|p1a: Blaziken|Speed Boost|boost
|-boost|p1a: Blaziken|spe|1
|upkeep
|inactive|Battle timer is ON: inactive players will automatically lose when time's up. (requested by ashmer06)
|
|t:|1759043513
|switch|p2a: Great Tusk|Great Tusk|100/100
|turn|13
|
|t:|1759043520
|move|p1a: Blaziken|Protect|p1a: Blaziken
|-singleturn|p1a: Blaziken|Protect
|move|p2a: Great Tusk|Headlong Rush|p1a: Blaziken
|-activate|p1a: Blaziken|move: Protect
|
|-ability|p1a: Blaziken|Speed Boost|boost
|-boost|p1a: Blaziken|spe|1
|upkeep
|turn|14
|
|t:|1759043544
|move|p1a: Blaziken|Overheat|p2a: Great Tusk
|-crit|p2a: Great Tusk
|-damage|p2a: Great Tusk|0 fnt
|-unboost|p1a: Blaziken|spa|2
|faint|p2a: Great Tusk
|-end|p2a: Great Tusk|Protosynthesis|[silent]
|
|-ability|p1a: Blaziken|Speed Boost|boost
|-boost|p1a: Blaziken|spe|1
|upkeep
|inactive|awesomedaveftw has 120 seconds left.
|
|t:|1759043574
|switch|p2a: Iron Valiant|Iron Valiant|100/100
|-enditem|p2a: Iron Valiant|Booster Energy
|-activate|p2a: Iron Valiant|ability: Quark Drive|[fromitem]
|-start|p2a: Iron Valiant|quarkdrivespe
|turn|15
|inactive|awesomedaveftw has 120 seconds left.
|
|t:|1759043591
|move|p1a: Blaziken|Overheat|p2a: Iron Valiant
|-crit|p2a: Iron Valiant
|-damage|p2a: Iron Valiant|0 fnt
|-unboost|p1a: Blaziken|spa|2
|faint|p2a: Iron Valiant
|-end|p2a: Iron Valiant|Quark Drive|[silent]
|
|upkeep
|
|t:|1759043599
|switch|p2a: Samurott|Samurott-Hisui, M|35/100
|turn|16
|
|t:|1759043605
|move|p1a: Blaziken|Protect|p1a: Blaziken
|-singleturn|p1a: Blaziken|Protect
|move|p2a: Samurott|Flip Turn|p1a: Blaziken
|-activate|p1a: Blaziken|move: Protect
|
|upkeep
|turn|17
|inactive|awesomedaveftw has 120 seconds left.
|
|t:|1759043611
|move|p1a: Blaziken|Close Combat|p2a: Samurott
|-supereffective|p2a: Samurott
|-crit|p2a: Samurott
|-damage|p2a: Samurott|0 fnt
|-unboost|p1a: Blaziken|def|1
|-unboost|p1a: Blaziken|spd|1
|faint|p2a: Samurott
|
|upkeep
|inactive|awesomedaveftw has 120 seconds left.
|
|t:|1759043618
|switch|p2a: Enamorus|Enamorus, F|34/100
|turn|18
|inactive|awesomedaveftw has 120 seconds left.
|
|t:|1759043629
|move|p1a: Blaziken|Overheat|p2a: Enamorus|[miss]
|-miss|p1a: Blaziken|p2a: Enamorus
|move|p2a: Enamorus|Moonblast|p1a: Blaziken
|-damage|p1a: Blaziken|0 fnt
|faint|p1a: Blaziken
|
|upkeep
|
|t:|1759043635
|switch|p1a: Ogerpon|Ogerpon-Wellspring, F|100/100
|-damage|p1a: Ogerpon|88/100|[from] Spikes
|turn|19
|inactive|awesomedaveftw has 120 seconds left.
|
|t:|1759043651
|-terastallize|p1a: Ogerpon|Water
|detailschange|p1a: Ogerpon|Ogerpon-Wellspring-Tera, F, tera:Water
|-ability|p1a: Ogerpon|Embody Aspect (Wellspring)|boost
|-boost|p1a: Ogerpon|spd|1
|move|p2a: Enamorus|Moonblast|p1a: Ogerpon
|-damage|p1a: Ogerpon|45/100
|-unboost|p1a: Ogerpon|spa|1
|move|p1a: Ogerpon|Ivy Cudgel|p2a: Enamorus|[anim] Ivy Cudgel Water
|-damage|p2a: Enamorus|0 fnt
|faint|p2a: Enamorus
|
|upkeep
|inactive|awesomedaveftw has 120 seconds left.
|
|t:|1759043662
|switch|p2a: Iron Crown|Iron Crown|30/100
|turn|20
|inactive|awesomedaveftw has 120 seconds left.
|
|t:|1759043673
|-terastallize|p2a: Iron Crown|Fighting
|move|p1a: Ogerpon|Ivy Cudgel|p2a: Iron Crown|[anim] Ivy Cudgel Water
|-damage|p2a: Iron Crown|0 fnt
|faint|p2a: Iron Crown
|-end|p2a: Iron Crown|Quark Drive|[silent]
|
|win|ashmer06
|raw|ashmer06's rating: 1385 &rarr; <strong>1405</strong><br />(+20 for winning)
|raw|awesomedaveftw's rating: 1390 &rarr; <strong>1370</strong><br />(-20 for losing)
|l|☆awesomedaveftw
|player|p2|
