|j|☆Yelo_Galaxy
|j|☆WeRrsome
|t:|1759042582
|gametype|singles
|player|p1|Yelo_Galaxy|169|1671
|player|p2|WeRrsome|1|1556
|gen|9
|tier|[Gen 9] OU
|rated|
|rule|HP Percentage Mod: HP is shown in percentages
|rule|Endless Battle Clause: Forcing endless battles is banned
|rule|Species Clause: Limit one of each Pokémon
|rule|OHKO Clause: OHKO moves are banned
|rule|Evasion Items Clause: Evasion items are banned
|rule|Evasion Moves Clause: Evasion moves are banned
|rule|Evasion Abilities Clause: Evasion abilities are banned
|rule|Sleep Moves Clause: Sleep-inducing moves are banned
|clearpoke
|poke|p1|Torkoal, F|
|poke|p1|Hatterene, F|
|poke|p1|Raging Bolt|
|poke|p1|Slither Wing|
|poke|p1|Venusaur, M|
|poke|p1|Walking Wake|
|poke|p2|Araquanid, F|
|poke|p2|Dragonite, M|
|poke|p2|Magnezone|
|poke|p2|Landorus-Therian, M|
|poke|p2|Iron Treads|
|poke|p2|Gengar, M|
|teampreview
|
|t:|1759042591
|teamsize|p1|6
|teamsize|p2|6
|start
|switch|p1a: Slither Wing|Slither Wing|100/100
|switch|p2a: Landorus|Landorus-Therian, M|100/100
|-ability|p2a: Landorus|Intimidate|boost
|-unboost|p1a: Slither Wing|atk|1
|turn|1
|
|t:|1759042601
|move|p2a: Landorus|U-turn|p1a: Slither Wing
|-resisted|p1a: Slither Wing
|-damage|p1a: Slither Wing|83/100
|
|t:|1759042605
|switch|p2a: Dragonite|Dragonite, M|100/100|[from] U-turn
|move|p1a: Slither Wing|U-turn|p2a: Dragonite
|-resisted|p2a: Dragonite
|-damage|p2a: Dragonite|96/100
|-damage|p1a: Slither Wing|67/100|[from] item: Rocky Helmet|[of] p2a: Dragonite
|
|t:|1759042610
|-end|p1a: Slither Wing|Protosynthesis|[silent]
|switch|p1a: Walking Wake|Walking Wake|100/100|[from] U-turn
|
|upkeep
|turn|2
|
|t:|1759042615
|switch|p2a: Iron Treads|Iron Treads|100/100
|move|p1a: Walking Wake|Flip Turn|p2a: Iron Treads
|-supereffective|p2a: Iron Treads
|-damage|p2a: Iron Treads|77/100
|
|t:|1759042619
|-end|p1a: Walking Wake|Protosynthesis|[silent]
|switch|p1a: Slither Wing|Slither Wing|67/100|[from] Flip Turn
|
|upkeep
|turn|3
|
|t:|1759042624
|-end|p2a: Iron Treads|Quark Drive|[silent]
|switch|p2a: Dragonite|Dragonite, M|96/100
|move|p1a: Slither Wing|Earthquake|p2a: Dragonite
|-immune|p2a: Dragonite
|
|upkeep
|turn|4
|
|t:|1759042629
|move|p1a: Slither Wing|U-turn|p2a: Dragonite
|-resisted|p2a: Dragonite
|-damage|p2a: Dragonite|83/100
|-damage|p1a: Slither Wing|50/100|[from] item: Rocky Helmet|[of] p2a: Dragonite
|
|t:|1759042631
|-end|p1a: Slither Wing|Protosynthesis|[silent]
|switch|p1a: Hatterene|Hatterene, F|100/100|[from] U-turn
|-item|p1a: Hatterene|Air Balloon
|move|p2a: Dragonite|Thunder Wave|p1a: Hatterene
|move|p1a: Hatterene|Thunder Wave|p2a: Dragonite|[from] ability: Magic Bounce
|-status|p2a: Dragonite|par
|
|upkeep
|turn|5
|
|t:|1759042638
|switch|p2a: Magnezone|Magnezone|100/100
|switch|p1a: Torkoal|Torkoal, F|100/100
|-weather|SunnyDay|[from] ability: Drought|[of] p1a: Torkoal
|
|-weather|SunnyDay|[upkeep]
|upkeep
|turn|6
|
|t:|1759042641
|move|p2a: Magnezone|Flash Cannon|p1a: Torkoal
|-resisted|p1a: Torkoal
|-damage|p1a: Torkoal|60/100
|move|p1a: Torkoal|Stealth Rock|p2a: Magnezone
|-sidestart|p2: WeRrsome|move: Stealth Rock
|
|-weather|SunnyDay|[upkeep]
|upkeep
|turn|7
|
|t:|1759042650
|switch|p2a: Araquanid|Araquanid, F|100/100
|move|p1a: Torkoal|Overheat|p2a: Araquanid|[miss]
|-miss|p1a: Torkoal|p2a: Araquanid
|
|-weather|SunnyDay|[upkeep]
|upkeep
|turn|8
|
|t:|1759042653
|switch|p1a: Slither Wing|Slither Wing|50/100
|-activate|p1a: Slither Wing|ability: Protosynthesis
|-start|p1a: Slither Wing|protosynthesisatk
|move|p2a: Araquanid|Sticky Web|p1a: Slither Wing
|-sidestart|p1: Yelo_Galaxy|move: Sticky Web
|
|-weather|SunnyDay|[upkeep]
|upkeep
|turn|9
|c|☆Yelo_Galaxy|I CLCICKED HATTERENE
|c|☆Yelo_Galaxy|WHY DID HE COME OUT
|inactive|Battle timer is ON: inactive players will automatically lose when time's up. (requested by WeRrsome)
|
|t:|1759042669
|switch|p2a: Dragonite|Dragonite, M|83/100 par
|-damage|p2a: Dragonite|58/100 par|[from] Stealth Rock
|move|p1a: Slither Wing|U-turn|p2a: Dragonite
|-resisted|p2a: Dragonite
|-damage|p2a: Dragonite|40/100 par
|-damage|p1a: Slither Wing|34/100|[from] item: Rocky Helmet|[of] p2a: Dragonite
|
|t:|1759042674
|-end|p1a: Slither Wing|Protosynthesis|[silent]
|switch|p1a: Walking Wake|Walking Wake|100/100|[from] U-turn
|-activate|p1a: Walking Wake|move: Sticky Web
|-unboost|p1a: Walking Wake|spe|1
|-activate|p1a: Walking Wake|ability: Protosynthesis
|-start|p1a: Walking Wake|protosynthesisspa
|
|-weather|SunnyDay|[upkeep]
|upkeep
|turn|10
|
|t:|1759042693
|switch|p2a: Araquanid|Araquanid, F|100/100
|move|p1a: Walking Wake|Draco Meteor|p2a: Araquanid
|-damage|p2a: Araquanid|29/100
|-unboost|p1a: Walking Wake|spa|2
|
|-weather|SunnyDay|[upkeep]
|upkeep
|turn|11
|
|t:|1759042701
|move|p1a: Walking Wake|Hydro Steam|p2a: Araquanid
|-resisted|p2a: Araquanid
|-damage|p2a: Araquanid|13/100
|move|p2a: Araquanid|Body Slam|p1a: Walking Wake
|-damage|p1a: Walking Wake|78/100
|
|-weather|SunnyDay|[upkeep]
|upkeep
|turn|12
|
|t:|1759042705
|move|p1a: Walking Wake|Hydro Steam|p2a: Araquanid
|-resisted|p2a: Araquanid
|-damage|p2a: Araquanid|0 fnt
|faint|p2a: Araquanid
|
|-weather|none
|-end|p1a: Walking Wake|Protosynthesis
|upkeep
|
|t:|1759042714
|switch|p2a: Gengar|Gengar, M|100/100
|-damage|p2a: Gengar|88/100|[from] Stealth Rock
|turn|13
|
|t:|1759042719
|move|p2a: Gengar|Shadow Ball|p1a: Walking Wake
|-damage|p1a: Walking Wake|4/100
|-unboost|p1a: Walking Wake|spd|1
|move|p1a: Walking Wake|Flip Turn|p2a: Gengar
|-damage|p2a: Gengar|59/100
|
|t:|1759042723
|-end|p1a: Walking Wake|Protosynthesis|[silent]
|switch|p1a: Torkoal|Torkoal, F|60/100|[from] Flip Turn
|-activate|p1a: Torkoal|move: Sticky Web
|-unboost|p1a: Torkoal|spe|1
|-weather|SunnyDay|[from] ability: Drought|[of] p1a: Torkoal
|
|-weather|SunnyDay|[upkeep]
|upkeep
|turn|14
|
|t:|1759042731
|switch|p1a: Slither Wing|Slither Wing|34/100
|-activate|p1a: Slither Wing|move: Sticky Web
|-unboost|p1a: Slither Wing|spe|1
|-activate|p1a: Slither Wing|ability: Protosynthesis
|-start|p1a: Slither Wing|protosynthesisatk
|-terastallize|p2a: Gengar|Ghost
|move|p2a: Gengar|Shadow Ball|p1a: Slither Wing
|-damage|p1a: Slither Wing|0 fnt
|faint|p1a: Slither Wing
|-end|p1a: Slither Wing|Protosynthesis|[silent]
|
|-weather|SunnyDay|[upkeep]
|upkeep
|
|t:|1759042735
|switch|p1a: Venusaur|Venusaur, M|100/100
|-activate|p1a: Venusaur|move: Sticky Web
|-unboost|p1a: Venusaur|spe|1
|turn|15
|
|t:|1759042741
|switch|p2a: Iron Treads|Iron Treads|77/100
|-damage|p2a: Iron Treads|73/100|[from] Stealth Rock
|move|p1a: Venusaur|Weather Ball|p2a: Iron Treads
|-supereffective|p2a: Iron Treads
|-damage|p2a: Iron Treads|18/100
|-damage|p1a: Venusaur|91/100|[from] item: Life Orb
|
|-weather|SunnyDay|[upkeep]
|upkeep
|turn|16
|
|t:|1759042746
|move|p1a: Venusaur|Weather Ball|p2a: Iron Treads
|-supereffective|p2a: Iron Treads
|-damage|p2a: Iron Treads|0 fnt
|faint|p2a: Iron Treads
|-end|p2a: Iron Treads|Quark Drive|[silent]
|-damage|p1a: Venusaur|81/100|[from] item: Life Orb
|
|-weather|SunnyDay|[upkeep]
|upkeep
|
|t:|1759042754
|switch|p2a: Landorus|Landorus-Therian, M|100/100
|-damage|p2a: Landorus|88/100|[from] Stealth Rock
|-ability|p2a: Landorus|Intimidate|boost
|-unboost|p1a: Venusaur|atk|1
|turn|17
|
|t:|1759042763
|move|p2a: Landorus|Stealth Rock|p1a: Venusaur
|-sidestart|p1: Yelo_Galaxy|move: Stealth Rock
|move|p1a: Venusaur|Weather Ball|p2a: Landorus
|-damage|p2a: Landorus|16/100
|-damage|p1a: Venusaur|71/100|[from] item: Life Orb
|
|-weather|SunnyDay|[upkeep]
|upkeep
|turn|18
|
|t:|1759042768
|switch|p2a: Dragonite|Dragonite, M|40/100 par
|-damage|p2a: Dragonite|15/100 par|[from] Stealth Rock
|move|p1a: Venusaur|Giga Drain|p2a: Dragonite
|-resisted|p2a: Dragonite
|-crit|p2a: Dragonite
|-damage|p2a: Dragonite|1/100 par
|-heal|p1a: Venusaur|80/100|[from] drain|[of] p2a: Dragonite
|-damage|p1a: Venusaur|70/100|[from] item: Life Orb
|
|-weather|SunnyDay|[upkeep]
|upkeep
|turn|19
|
|t:|1759042772
|move|p1a: Venusaur|Giga Drain|p2a: Dragonite
|-resisted|p2a: Dragonite
|-damage|p2a: Dragonite|0 fnt
|-heal|p1a: Venusaur|70/100|[from] drain|[of] p2a: Dragonite
|faint|p2a: Dragonite
|-damage|p1a: Venusaur|60/100|[from] item: Life Orb
|
|-weather|SunnyDay|[upkeep]
|upkeep
|
|t:|1759042788
|switch|p2a: Gengar|Gengar, M, tera:Ghost|59/100
|-damage|p2a: Gengar|47/100|[from] Stealth Rock
|turn|20
|
|t:|1759042793
|switch|p2a: Magnezone|Magnezone|100/100
|-damage|p2a: Magnezone|94/100|[from] Stealth Rock
|move|p1a: Venusaur|Weather Ball|p2a: Magnezone
|-supereffective|p2a: Magnezone
|-damage|p2a: Magnezone|0 fnt
|faint|p2a: Magnezone
|-damage|p1a: Venusaur|50/100|[from] item: Life Orb
|
|-weather|none
|upkeep
|
|t:|1759042795
|switch|p2a: Gengar|Gengar, M, tera:Ghost|47/100
|-damage|p2a: Gengar|35/100|[from] Stealth Rock
|turn|21
|
|t:|1759042797
|switch|p1a: Torkoal|Torkoal, F|60/100
|-activate|p1a: Torkoal|move: Sticky Web
|-unboost|p1a: Torkoal|spe|1
|-damage|p1a: Torkoal|36/100|[from] Stealth Rock
|-weather|SunnyDay|[from] ability: Drought|[of] p1a: Torkoal
|move|p2a: Gengar|Shadow Ball|p1a: Torkoal
|-damage|p1a: Torkoal|0 fnt
|faint|p1a: Torkoal
|
|-weather|SunnyDay|[upkeep]
|upkeep
|
|t:|1759042800
|switch|p1a: Venusaur|Venusaur, M|50/100
|-activate|p1a: Venusaur|move: Sticky Web
|-unboost|p1a: Venusaur|spe|1
|-damage|p1a: Venusaur|38/100|[from] Stealth Rock
|turn|22
|
|t:|1759042804
|move|p1a: Venusaur|Weather Ball|p2a: Gengar
|-damage|p2a: Gengar|0 fnt
|faint|p2a: Gengar
|-damage|p1a: Venusaur|28/100|[from] item: Life Orb
|
|-weather|SunnyDay|[upkeep]
|upkeep
|
|t:|1759042806
|switch|p2a: Landorus|Landorus-Therian, M|16/100
|-damage|p2a: Landorus|4/100|[from] Stealth Rock
|-ability|p2a: Landorus|Intimidate|boost
|-unboost|p1a: Venusaur|atk|1
|turn|23
|c|☆Yelo_Galaxy|Terad too early muchacho
|
|t:|1759042814
|move|p2a: Landorus|Earthquake|p1a: Venusaur
|-damage|p1a: Venusaur|0 fnt
|faint|p1a: Venusaur
|
|-weather|SunnyDay|[upkeep]
|upkeep
|c|☆Yelo_Galaxy|Gg
|
|t:|1759042822
|switch|p1a: Hatterene|Hatterene, F|100/100
|-damage|p1a: Hatterene|88/100|[from] Stealth Rock
|-item|p1a: Hatterene|Air Balloon
|turn|24
|
|t:|1759042830
|move|p2a: Landorus|Earthquake|p1a: Hatterene
|-immune|p1a: Hatterene
|move|p1a: Hatterene|Dazzling Gleam|p2a: Landorus
|-damage|p2a: Landorus|0 fnt
|faint|p2a: Landorus
|
|win|Yelo_Galaxy
|raw|Yelo_Galaxy's rating: 1671 &rarr; <strong>1685</strong><br />(+14 for winning)
|raw|WeRrsome's rating: 1556 &rarr; <strong>1542</strong><br />(-14 for losing)
|l|☆WeRrsome
|player|p2|
|l|☆Yelo_Galaxy
|player|p1|
