|j|☆EnjoyedSiren
|j|☆nicolasgimenez
|t:|1759003205
|gametype|singles
|player|p1|EnjoyedSiren|giovanni|1187
|player|p2|nicolasgimenez|102|1144
|gen|9
|tier|[Gen 9] OU
|rated|
|rule|HP Percentage Mod: HP is shown in percentages
|rule|Endless Battle Clause: Forcing endless battles is banned
|rule|Species Clause: Limit one of each Pokémon
|rule|OHKO Clause: OHKO moves are banned
|rule|Evasion Items Clause: Evasion items are banned
|rule|Evasion Moves Clause: Evasion moves are banned
|rule|Evasion Abilities Clause: Evasion abilities are banned
|rule|Sleep Moves Clause: Sleep-inducing moves are banned
|clearpoke
|poke|p1|Sawsbuck-Autumn, M|
|poke|p1|Torkoal, F|
|poke|p1|Ceruledge, F|
|poke|p1|Primarina, M|
|poke|p1|Basculegion, M|
|poke|p1|Pelipper, F|
|poke|p2|Vaporeon, M|
|poke|p2|Articuno|
|poke|p2|Dragonite, M|
|poke|p2|Cobalion|
|poke|p2|Malamar, M|
|poke|p2|Toedscruel, F|
|teampreview
|inactive|Battle timer is ON: inactive players will automatically lose when time's up. (requested by EnjoyedSiren)
|
|t:|1759003223
|teamsize|p1|6
|teamsize|p2|6
|start
|switch|p1a: Torkoal|Torkoal, F|100/100
|switch|p2a: Malamar|Malamar, M|100/100
|-weather|SunnyDay|[from] ability: Drought|[of] p1a: Torkoal
|turn|1
|
|t:|1759003245
|move|p2a: Malamar|Superpower|p1a: Torkoal
|-damage|p1a: Torkoal|85/100
|-boost|p2a: Malamar|atk|1
|-boost|p2a: Malamar|def|1
|move|p1a: Torkoal|Stealth Rock|p2a: Malamar
|-sidestart|p2: nicolasgimenez|move: Stealth Rock
|
|-weather|SunnyDay|[upkeep]
|upkeep
|turn|2
|
|t:|1759003259
|move|p2a: Malamar|Superpower|p1a: Torkoal
|-damage|p1a: Torkoal|64/100
|-boost|p2a: Malamar|atk|1
|-boost|p2a: Malamar|def|1
|move|p1a: Torkoal|Clear Smog|p2a: Malamar
|-damage|p2a: Malamar|92/100
|-clearboost|p2a: Malamar
|
|-weather|SunnyDay|[upkeep]
|-heal|p2a: Malamar|98/100|[from] item: Leftovers
|upkeep
|turn|3
|
|t:|1759003273
|move|p2a: Malamar|Knock Off|p1a: Torkoal
|-damage|p1a: Torkoal|46/100
|-enditem|p1a: Torkoal|Heat Rock|[from] move: Knock Off|[of] p2a: Malamar
|move|p1a: Torkoal|Clear Smog|p2a: Malamar
|-damage|p2a: Malamar|90/100
|-clearboost|p2a: Malamar
|
|-weather|SunnyDay|[upkeep]
|-heal|p2a: Malamar|96/100|[from] item: Leftovers
|upkeep
|turn|4
|
|t:|1759003293
|switch|p1a: Ceruledge|Ceruledge, F|100/100
|move|p2a: Malamar|Superpower|p1a: Ceruledge
|-immune|p1a: Ceruledge
|
|-weather|SunnyDay|[upkeep]
|-heal|p2a: Malamar|100/100|[from] item: Leftovers
|upkeep
|turn|5
|
|t:|1759003306
|move|p1a: Ceruledge|Swords Dance|p1a: Ceruledge
|-boost|p1a: Ceruledge|atk|2
|move|p2a: Malamar|Knock Off|p1a: Ceruledge
|-supereffective|p1a: Ceruledge
|-damage|p1a: Ceruledge|7/100
|-ability|p1a: Ceruledge|Weak Armor|boost
|-unboost|p1a: Ceruledge|def|1
|-boost|p1a: Ceruledge|spe|2
|-enditem|p1a: Ceruledge|Focus Sash|[from] move: Knock Off|[of] p2a: Malamar
|
|-weather|SunnyDay|[upkeep]
|upkeep
|turn|6
|
|t:|1759003326
|-terastallize|p2a: Malamar|Poison
|move|p1a: Ceruledge|Shadow Sneak|p2a: Malamar
|-damage|p2a: Malamar|61/100
|move|p2a: Malamar|Knock Off|p1a: Ceruledge
|-supereffective|p1a: Ceruledge
|-damage|p1a: Ceruledge|0 fnt
|faint|p1a: Ceruledge
|
|-weather|SunnyDay|[upkeep]
|-heal|p2a: Malamar|68/100|[from] item: Leftovers
|upkeep
|
|t:|1759003340
|switch|p1a: Sawsbuck|Sawsbuck-Autumn, M|100/100
|turn|7
|
|t:|1759003346
|move|p1a: Sawsbuck|Double-Edge|p2a: Malamar
|-damage|p2a: Malamar|0 fnt
|faint|p2a: Malamar
|-damage|p1a: Sawsbuck|73/100|[from] Recoil
|-damage|p1a: Sawsbuck|63/100|[from] item: Life Orb
|
|-weather|SunnyDay|[upkeep]
|upkeep
|
|t:|1759003355
|switch|p2a: Toedscruel|Toedscruel, F|100/100
|-damage|p2a: Toedscruel|94/100|[from] Stealth Rock
|turn|8
|
|t:|1759003367
|move|p1a: Sawsbuck|Horn Leech|p2a: Toedscruel
|-damage|p2a: Toedscruel|28/100
|-heal|p1a: Sawsbuck|100/100|[from] drain|[of] p2a: Toedscruel
|-damage|p1a: Sawsbuck|91/100|[from] item: Life Orb
|move|p2a: Toedscruel|Rapid Spin|p1a: Sawsbuck
|-damage|p1a: Sawsbuck|78/100
|-boost|p2a: Toedscruel|spe|1
|-sideend|p2: nicolasgimenez|Stealth Rock|[from] move: Rapid Spin|[of] p2a: Toedscruel
|
|-weather|none
|-heal|p2a: Toedscruel|34/100|[from] item: Leftovers
|upkeep
|turn|9
|
|t:|1759003381
|switch|p2a: Cobalion|Cobalion|100/100
|move|p1a: Sawsbuck|Double-Edge|p2a: Cobalion
|-resisted|p2a: Cobalion
|-damage|p2a: Cobalion|81/100
|-damage|p1a: Sawsbuck|70/100|[from] Recoil
|-damage|p1a: Sawsbuck|60/100|[from] item: Life Orb
|
|-heal|p2a: Cobalion|87/100|[from] item: Leftovers
|upkeep
|turn|10
|
|t:|1759003398
|switch|p1a: Torkoal|Torkoal, F|46/100
|-weather|SunnyDay|[from] ability: Drought|[of] p1a: Torkoal
|move|p2a: Cobalion|Thunder Wave|p1a: Torkoal
|-status|p1a: Torkoal|par
|
|-weather|SunnyDay|[upkeep]
|-heal|p2a: Cobalion|93/100|[from] item: Leftovers
|upkeep
|turn|11
|
|t:|1759003416
|switch|p2a: Toedscruel|Toedscruel, F|34/100
|cant|p1a: Torkoal|par
|
|-weather|SunnyDay|[upkeep]
|-heal|p2a: Toedscruel|40/100|[from] item: Leftovers
|upkeep
|turn|12
|
|t:|1759003426
|move|p2a: Toedscruel|Earth Power|p1a: Torkoal
|-supereffective|p1a: Torkoal
|-damage|p1a: Torkoal|0 fnt
|faint|p1a: Torkoal
|
|-weather|SunnyDay|[upkeep]
|-heal|p2a: Toedscruel|46/100|[from] item: Leftovers
|upkeep
|
|t:|1759003431
|switch|p1a: Sawsbuck|Sawsbuck-Autumn, M|60/100
|turn|13
|
|t:|1759003440
|switch|p2a: Cobalion|Cobalion|93/100
|move|p1a: Sawsbuck|Horn Leech|p2a: Cobalion
|-resisted|p2a: Cobalion
|-damage|p2a: Cobalion|82/100
|-heal|p1a: Sawsbuck|67/100|[from] drain|[of] p2a: Cobalion
|-damage|p1a: Sawsbuck|57/100|[from] item: Life Orb
|
|-weather|SunnyDay|[upkeep]
|-heal|p2a: Cobalion|88/100|[from] item: Leftovers
|upkeep
|turn|14
|
|t:|1759003453
|move|p1a: Sawsbuck|Wild Charge|p2a: Cobalion
|-damage|p2a: Cobalion|66/100
|-damage|p1a: Sawsbuck|50/100|[from] Recoil
|-damage|p1a: Sawsbuck|40/100|[from] item: Life Orb
|move|p2a: Cobalion|Thunder Wave|p1a: Sawsbuck
|-status|p1a: Sawsbuck|par
|
|-weather|none
|-heal|p2a: Cobalion|72/100|[from] item: Leftovers
|upkeep
|turn|15
|
|t:|1759003467
|move|p2a: Cobalion|Stealth Rock|p1a: Sawsbuck
|-sidestart|p1: EnjoyedSiren|move: Stealth Rock
|move|p1a: Sawsbuck|Horn Leech|p2a: Cobalion
|-resisted|p2a: Cobalion
|-damage|p2a: Cobalion|60/100
|-heal|p1a: Sawsbuck|48/100 par|[from] drain|[of] p2a: Cobalion
|-damage|p1a: Sawsbuck|38/100 par|[from] item: Life Orb
|
|-heal|p2a: Cobalion|66/100|[from] item: Leftovers
|upkeep
|turn|16
|
|t:|1759003478
|move|p2a: Cobalion|Body Press|p1a: Sawsbuck
|-supereffective|p1a: Sawsbuck
|-damage|p1a: Sawsbuck|0 fnt
|faint|p1a: Sawsbuck
|
|-heal|p2a: Cobalion|73/100|[from] item: Leftovers
|upkeep
|
|t:|1759003491
|switch|p1a: Pelipper|Pelipper, F|100/100
|-damage|p1a: Pelipper|76/100|[from] Stealth Rock
|-weather|RainDance|[from] ability: Drizzle|[of] p1a: Pelipper
|turn|17
|
|t:|1759003505
|switch|p2a: Vaporeon|Vaporeon, M|100/100
|move|p1a: Pelipper|Weather Ball|p2a: Vaporeon
|-immune|p2a: Vaporeon|[from] ability: Water Absorb
|
|-weather|RainDance|[upkeep]
|upkeep
|turn|18
|
|t:|1759003516
|move|p2a: Vaporeon|Calm Mind|p2a: Vaporeon
|-boost|p2a: Vaporeon|spa|1
|-boost|p2a: Vaporeon|spd|1
|move|p1a: Pelipper|U-turn|p2a: Vaporeon
|-damage|p2a: Vaporeon|91/100
|
|t:|1759003519
|switch|p1a: Basculegion|Basculegion, M|100/100|[from] U-turn
|-damage|p1a: Basculegion|88/100|[from] Stealth Rock
|
|-weather|RainDance|[upkeep]
|-heal|p2a: Vaporeon|97/100|[from] item: Leftovers
|upkeep
|turn|19
|
|t:|1759003530
|move|p1a: Basculegion|Psychic Fangs|p2a: Vaporeon
|-damage|p2a: Vaporeon|50/100
|move|p2a: Vaporeon|Calm Mind|p2a: Vaporeon
|-boost|p2a: Vaporeon|spa|1
|-boost|p2a: Vaporeon|spd|1
|
|-weather|RainDance|[upkeep]
|-heal|p2a: Vaporeon|57/100|[from] item: Leftovers
|upkeep
|turn|20
|
|t:|1759003542
|move|p1a: Basculegion|Psychic Fangs|p2a: Vaporeon
|-damage|p2a: Vaporeon|6/100
|move|p2a: Vaporeon|Scald|p1a: Basculegion
|-resisted|p1a: Basculegion
|-damage|p1a: Basculegion|14/100
|-status|p1a: Basculegion|brn
|
|-weather|RainDance|[upkeep]
|-heal|p2a: Vaporeon|12/100|[from] item: Leftovers
|-damage|p1a: Basculegion|8/100 brn|[from] brn
|upkeep
|turn|21
|
|t:|1759003555
|move|p1a: Basculegion|Psychic Fangs|p2a: Vaporeon
|-damage|p2a: Vaporeon|0 fnt
|faint|p2a: Vaporeon
|
|-weather|RainDance|[upkeep]
|-damage|p1a: Basculegion|2/100 brn|[from] brn
|upkeep
|
|t:|1759003563
|switch|p2a: Dragonite|Dragonite, M|100/100
|turn|22
|
|t:|1759003570
|move|p1a: Basculegion|Psychic Fangs|p2a: Dragonite
|-damage|p2a: Dragonite|88/100
|move|p2a: Dragonite|Dragon Dance|p2a: Dragonite
|-boost|p2a: Dragonite|atk|1
|-boost|p2a: Dragonite|spe|1
|
|-weather|RainDance|[upkeep]
|-damage|p1a: Basculegion|0 fnt|[from] brn
|faint|p1a: Basculegion
|upkeep
|
|t:|1759003578
|switch|p1a: Pelipper|Pelipper, F|76/100
|-damage|p1a: Pelipper|51/100|[from] Stealth Rock
|turn|23
|
|t:|1759003586
|move|p2a: Dragonite|Dragon Dance|p2a: Dragonite
|-boost|p2a: Dragonite|atk|1
|-boost|p2a: Dragonite|spe|1
|move|p1a: Pelipper|Ice Beam|p2a: Dragonite
|-supereffective|p2a: Dragonite
|-damage|p2a: Dragonite|0 fnt
|faint|p2a: Dragonite
|
|-weather|RainDance|[upkeep]
|upkeep
|
|t:|1759003597
|switch|p2a: Articuno|Articuno|100/100
|-ability|p2a: Articuno|Pressure
|turn|24
|
|t:|1759003604
|move|p2a: Articuno|Freeze-Dry|p1a: Pelipper
|-supereffective|p1a: Pelipper
|-damage|p1a: Pelipper|0 fnt
|faint|p1a: Pelipper
|
|-weather|none
|upkeep
|
|t:|1759003608
|switch|p1a: Primarina|Primarina, M|100/100
|-damage|p1a: Primarina|88/100|[from] Stealth Rock
|turn|25
|
|t:|1759003614
|move|p2a: Articuno|Freeze-Dry|p1a: Primarina
|-supereffective|p1a: Primarina
|-damage|p1a: Primarina|58/100
|move|p1a: Primarina|Hyper Voice|p2a: Articuno
|-damage|p2a: Articuno|73/100
|
|upkeep
|turn|26
|
|t:|1759003626
|move|p2a: Articuno|Freeze-Dry|p1a: Primarina
|-supereffective|p1a: Primarina
|-damage|p1a: Primarina|31/100
|move|p1a: Primarina|Moonblast|p2a: Articuno
|-damage|p2a: Articuno|38/100
|
|upkeep
|turn|27
|
|t:|1759003634
|move|p2a: Articuno|Freeze-Dry|p1a: Primarina
|-supereffective|p1a: Primarina
|-damage|p1a: Primarina|0 fnt
|faint|p1a: Primarina
|
|win|nicolasgimenez
|raw|EnjoyedSiren's rating: 1187 &rarr; <strong>1159</strong><br />(-28 for losing)
|raw|nicolasgimenez's rating: 1144 &rarr; <strong>1172</strong><br />(+28 for winning)
|l|☆EnjoyedSiren
|player|p1|
|l|☆nicolasgimenez
|player|p2|
