|j|‽Mafia Cynthia
|j|☆jstewartlambert
|t:|1758981532
|gametype|singles
|player|p1|Mafia Cynthia|cynthia|1231
|player|p2|jstewartlambert|ltsurge|1252
|gen|9
|tier|[Gen 9] OU
|rated|
|rule|HP Percentage Mod: HP is shown in percentages
|rule|Endless Battle Clause: Forcing endless battles is banned
|rule|Species Clause: Limit one of each Pokémon
|rule|OHKO Clause: OHKO moves are banned
|rule|Evasion Items Clause: Evasion items are banned
|rule|Evasion Moves Clause: Evasion moves are banned
|rule|Evasion Abilities Clause: Evasion abilities are banned
|rule|Sleep Moves Clause: Sleep-inducing moves are banned
|clearpoke
|poke|p1|Garchomp, M|
|poke|p1|Lucario, M|
|poke|p1|Enamorus, F|
|poke|p1|Manaphy|
|poke|p1|Diancie|
|poke|p1|Overqwil, M|
|poke|p2|Clefable, F|
|poke|p2|Gliscor, M|
|poke|p2|Jirachi|
|poke|p2|Serperior, F|
|poke|p2|Kyurem|
|poke|p2|Skeledirge, M|
|teampreview
|inactive|Battle timer is ON: inactive players will automatically lose when time's up. (requested by jstewartlambert)
|
|t:|1758981544
|teamsize|p1|6
|teamsize|p2|6
|start
|switch|p1a: Garchomp|Garchomp, M|100/100
|switch|p2a: idk whats goin on|Clefable, F|100/100
|turn|1
|
|t:|1758981550
|move|p1a: Garchomp|Stealth Rock|p2a: idk whats goin on
|-sidestart|p2: jstewartlambert|move: Stealth Rock
|move|p2a: idk whats goin on|Thunder Wave|p1a: Garchomp
|-immune|p1a: Garchomp
|
|upkeep
|turn|2
|
|t:|1758981557
|move|p1a: Garchomp|Earthquake|p2a: idk whats goin on
|-damage|p2a: idk whats goin on|67/100
|move|p2a: idk whats goin on|Calm Mind|p2a: idk whats goin on
|-boost|p2a: idk whats goin on|spa|1
|-boost|p2a: idk whats goin on|spd|1
|
|-heal|p2a: idk whats goin on|73/100|[from] item: Leftovers
|upkeep
|turn|3
|
|t:|1758981566
|-terastallize|p1a: Garchomp|Ghost
|move|p1a: Garchomp|Swords Dance|p1a: Garchomp
|-boost|p1a: Garchomp|atk|2
|move|p2a: idk whats goin on|Moonlight|p2a: idk whats goin on
|-heal|p2a: idk whats goin on|100/100
|
|upkeep
|turn|4
|
|t:|1758981573
|move|p1a: Garchomp|Earthquake|p2a: idk whats goin on
|-damage|p2a: idk whats goin on|35/100
|move|p2a: idk whats goin on|Moonblast|p1a: Garchomp
|-damage|p1a: Garchomp|58/100
|
|-heal|p2a: idk whats goin on|41/100|[from] item: Leftovers
|upkeep
|turn|5
|
|t:|1758981582
|switch|p2a: aunt lysan|Gliscor, M|100/100
|-damage|p2a: aunt lysan|88/100|[from] Stealth Rock
|move|p1a: Garchomp|Earthquake|p2a: aunt lysan
|-immune|p2a: aunt lysan
|
|-status|p2a: aunt lysan|tox|[from] item: Toxic Orb
|upkeep
|turn|6
|
|t:|1758981600
|move|p2a: aunt lysan|Protect|p2a: aunt lysan
|-singleturn|p2a: aunt lysan|Protect
|move|p1a: Garchomp|Dragon Tail|p2a: aunt lysan
|-activate|p2a: aunt lysan|move: Protect
|
|-heal|p2a: aunt lysan|100/100 tox|[from] ability: Poison Heal
|upkeep
|turn|7
|
|t:|1758981612
|move|p2a: aunt lysan|Toxic|p1a: Garchomp
|-status|p1a: Garchomp|tox
|move|p1a: Garchomp|Dragon Tail|p2a: aunt lysan
|-damage|p2a: aunt lysan|69/100 tox
|drag|p2a: Skeledirge|Skeledirge, M|100/100
|
|-damage|p1a: Garchomp|52/100 tox|[from] psn
|upkeep
|turn|8
|
|t:|1758981621
|switch|p2a: idk whats goin on|Clefable, F|41/100
|move|p1a: Garchomp|Dragon Tail|p2a: idk whats goin on
|-immune|p2a: idk whats goin on
|
|-heal|p2a: idk whats goin on|47/100|[from] item: Leftovers
|-damage|p1a: Garchomp|40/100 tox|[from] psn
|upkeep
|turn|9
|
|t:|1758981628
|switch|p2a: aunt lysan|Gliscor, M|69/100 tox
|-damage|p2a: aunt lysan|56/100 tox|[from] Stealth Rock
|move|p1a: Garchomp|Dragon Tail|p2a: aunt lysan
|-damage|p2a: aunt lysan|22/100 tox
|drag|p2a: Skeledirge|Skeledirge, M|100/100
|
|-damage|p1a: Garchomp|21/100 tox|[from] psn
|upkeep
|turn|10
|
|t:|1758981641
|switch|p2a: aunt lysan|Gliscor, M|22/100 tox
|-damage|p2a: aunt lysan|9/100 tox|[from] Stealth Rock
|move|p1a: Garchomp|Dragon Tail|p2a: aunt lysan
|-damage|p2a: aunt lysan|0 fnt
|faint|p2a: aunt lysan
|
|-damage|p1a: Garchomp|0 fnt|[from] psn
|faint|p1a: Garchomp
|upkeep
|
|t:|1758981652
|switch|p1a: Diancie|Diancie|100/100
|switch|p2a: idk whats goin on|Clefable, F|47/100
|turn|11
|
|t:|1758981659
|move|p2a: idk whats goin on|Thunder Wave|p1a: Diancie|[miss]
|-miss|p2a: idk whats goin on|p1a: Diancie
|move|p1a: Diancie|Calm Mind|p1a: Diancie
|-boost|p1a: Diancie|spa|1
|-boost|p1a: Diancie|spd|1
|
|-heal|p2a: idk whats goin on|53/100|[from] item: Leftovers
|upkeep
|turn|12
|
|t:|1758981667
|move|p2a: idk whats goin on|Thunder Wave|p1a: Diancie
|-status|p1a: Diancie|par
|cant|p1a: Diancie|par
|
|-heal|p2a: idk whats goin on|59/100|[from] item: Leftovers
|upkeep
|turn|13
|
|t:|1758981676
|move|p2a: idk whats goin on|Calm Mind|p2a: idk whats goin on
|-boost|p2a: idk whats goin on|spa|1
|-boost|p2a: idk whats goin on|spd|1
|move|p1a: Diancie|Moonblast|p2a: idk whats goin on
|-damage|p2a: idk whats goin on|16/100
|-unboost|p2a: idk whats goin on|spa|1
|
|-heal|p2a: idk whats goin on|22/100|[from] item: Leftovers
|upkeep
|turn|14
|
|t:|1758981684
|move|p2a: idk whats goin on|Calm Mind|p2a: idk whats goin on
|-boost|p2a: idk whats goin on|spa|1
|-boost|p2a: idk whats goin on|spd|1
|cant|p1a: Diancie|par
|
|-heal|p2a: idk whats goin on|28/100|[from] item: Leftovers
|upkeep
|turn|15
|
|t:|1758981690
|move|p2a: idk whats goin on|Moonlight|p2a: idk whats goin on
|-heal|p2a: idk whats goin on|78/100
|move|p1a: Diancie|Moonblast|p2a: idk whats goin on
|-damage|p2a: idk whats goin on|48/100
|
|-heal|p2a: idk whats goin on|54/100|[from] item: Leftovers
|upkeep
|turn|16
|
|t:|1758981698
|move|p2a: idk whats goin on|Calm Mind|p2a: idk whats goin on
|-boost|p2a: idk whats goin on|spa|1
|-boost|p2a: idk whats goin on|spd|1
|move|p1a: Diancie|Calm Mind|p1a: Diancie
|-boost|p1a: Diancie|spa|1
|-boost|p1a: Diancie|spd|1
|
|-heal|p2a: idk whats goin on|60/100|[from] item: Leftovers
|upkeep
|turn|17
|
|t:|1758981705
|move|p2a: idk whats goin on|Moonblast|p1a: Diancie
|-damage|p1a: Diancie|74/100 par
|cant|p1a: Diancie|par
|
|-heal|p2a: idk whats goin on|66/100|[from] item: Leftovers
|-heal|p1a: Diancie|80/100 par|[from] item: Leftovers
|upkeep
|turn|18
|
|t:|1758981716
|move|p2a: idk whats goin on|Moonblast|p1a: Diancie
|-damage|p1a: Diancie|54/100 par
|cant|p1a: Diancie|par
|
|-heal|p2a: idk whats goin on|72/100|[from] item: Leftovers
|-heal|p1a: Diancie|60/100 par|[from] item: Leftovers
|upkeep
|turn|19
|
|t:|1758981722
|move|p2a: idk whats goin on|Moonblast|p1a: Diancie
|-damage|p1a: Diancie|37/100 par
|cant|p1a: Diancie|par
|
|-heal|p2a: idk whats goin on|78/100|[from] item: Leftovers
|-heal|p1a: Diancie|43/100 par|[from] item: Leftovers
|upkeep
|turn|20
|
|t:|1758981728
|move|p2a: idk whats goin on|Moonblast|p1a: Diancie
|-damage|p1a: Diancie|17/100 par
|move|p1a: Diancie|Moonblast|p2a: idk whats goin on
|-damage|p2a: idk whats goin on|47/100
|
|-heal|p2a: idk whats goin on|53/100|[from] item: Leftovers
|-heal|p1a: Diancie|23/100 par|[from] item: Leftovers
|upkeep
|turn|21
|
|t:|1758981735
|move|p2a: idk whats goin on|Moonblast|p1a: Diancie
|-damage|p1a: Diancie|0 fnt
|faint|p1a: Diancie
|
|-heal|p2a: idk whats goin on|59/100|[from] item: Leftovers
|upkeep
|
|t:|1758981741
|switch|p1a: Lucario|Lucario, M, shiny|100/100
|turn|22
|
|t:|1758981745
|-terastallize|p2a: idk whats goin on|Fire
|move|p1a: Lucario|Meteor Mash|p2a: idk whats goin on
|-resisted|p2a: idk whats goin on
|-damage|p2a: idk whats goin on|38/100
|-damage|p1a: Lucario|91/100|[from] item: Life Orb
|move|p2a: idk whats goin on|Thunder Wave|p1a: Lucario|[miss]
|-miss|p2a: idk whats goin on|p1a: Lucario
|
|-heal|p2a: idk whats goin on|44/100|[from] item: Leftovers
|upkeep
|turn|23
|
|t:|1758981756
|move|p1a: Lucario|Close Combat|p2a: idk whats goin on
|-damage|p2a: idk whats goin on|0 fnt
|-unboost|p1a: Lucario|def|1
|-unboost|p1a: Lucario|spd|1
|faint|p2a: idk whats goin on
|-damage|p1a: Lucario|81/100|[from] item: Life Orb
|
|upkeep
|
|t:|1758981764
|switch|p2a: limp schlong|Serperior, F|100/100
|-damage|p2a: limp schlong|88/100|[from] Stealth Rock
|turn|24
|
|t:|1758981770
|move|p2a: limp schlong|Leaf Storm|p1a: Lucario
|-resisted|p1a: Lucario
|-damage|p1a: Lucario|26/100
|-boost|p2a: limp schlong|spa|2
|move|p1a: Lucario|Meteor Mash|p2a: limp schlong
|-damage|p2a: limp schlong|27/100
|-damage|p1a: Lucario|16/100|[from] item: Life Orb
|
|-heal|p2a: limp schlong|33/100|[from] item: Leftovers
|upkeep
|turn|25
|
|t:|1758981780
|move|p1a: Lucario|Extreme Speed|p2a: limp schlong
|-damage|p2a: limp schlong|0 fnt
|faint|p2a: limp schlong
|-damage|p1a: Lucario|6/100|[from] item: Life Orb
|
|upkeep
|
|t:|1758981787
|switch|p2a: Skeledirge|Skeledirge, M|100/100
|turn|26
|
|t:|1758981794
|move|p1a: Lucario|Meteor Mash|p2a: Skeledirge
|-resisted|p2a: Skeledirge
|-damage|p2a: Skeledirge|79/100
|-damage|p1a: Lucario|0 fnt|[from] item: Life Orb
|faint|p1a: Lucario
|move|p2a: Skeledirge|Slack Off|p2a: Skeledirge
|-heal|p2a: Skeledirge|100/100
|
|upkeep
|
|t:|1758981801
|switch|p1a: Manaphy|Manaphy|100/100
|turn|27
|
|t:|1758981808
|move|p1a: Manaphy|Tail Glow|p1a: Manaphy
|-boost|p1a: Manaphy|spa|3
|move|p2a: Skeledirge|Torch Song|p1a: Manaphy
|-resisted|p1a: Manaphy
|-damage|p1a: Manaphy|86/100
|-boost|p2a: Skeledirge|spa|1
|
|upkeep
|turn|28
|
|t:|1758981815
|move|p1a: Manaphy|Surf|p2a: Skeledirge
|-supereffective|p2a: Skeledirge
|-damage|p2a: Skeledirge|39/100
|move|p2a: Skeledirge|Will-O-Wisp|p1a: Manaphy
|-status|p1a: Manaphy|brn
|
|-damage|p1a: Manaphy|80/100 brn|[from] brn
|upkeep
|turn|29
|
|t:|1758981823
|move|p1a: Manaphy|Surf|p2a: Skeledirge
|-supereffective|p2a: Skeledirge
|-damage|p2a: Skeledirge|0 fnt
|faint|p2a: Skeledirge
|
|-damage|p1a: Manaphy|74/100 brn|[from] brn
|upkeep
|
|t:|1758981825
|switch|p2a: freak BOB|Kyurem|100/100
|-damage|p2a: freak BOB|76/100|[from] Stealth Rock
|-ability|p2a: freak BOB|Pressure
|turn|30
|
|t:|1758981832
|move|p1a: Manaphy|Ice Beam|p2a: freak BOB
|-damage|p2a: freak BOB|14/100
|move|p2a: freak BOB|Dragon Dance|p2a: freak BOB
|-boost|p2a: freak BOB|atk|1
|-boost|p2a: freak BOB|spe|1
|
|-damage|p1a: Manaphy|67/100 brn|[from] brn
|upkeep
|turn|31
|
|t:|1758981841
|move|p2a: freak BOB|Icicle Spear|p1a: Manaphy
|-resisted|p1a: Manaphy
|-damage|p1a: Manaphy|58/100 brn
|-resisted|p1a: Manaphy
|-damage|p1a: Manaphy|48/100 brn
|-resisted|p1a: Manaphy
|-damage|p1a: Manaphy|38/100 brn
|-resisted|p1a: Manaphy
|-damage|p1a: Manaphy|28/100 brn
|-resisted|p1a: Manaphy
|-damage|p1a: Manaphy|19/100 brn
|-hitcount|p1a: Manaphy|5
|move|p1a: Manaphy|Surf|p2a: freak BOB
|-resisted|p2a: freak BOB
|-damage|p2a: freak BOB|0 fnt
|faint|p2a: freak BOB
|
|-damage|p1a: Manaphy|13/100 brn|[from] brn
|upkeep
|
|t:|1758981850
|switch|p2a: diddy diddler|Jirachi|100/100
|-damage|p2a: diddy diddler|94/100|[from] Stealth Rock
|turn|32
|
|t:|1758981859
|move|p2a: diddy diddler|Protect|p2a: diddy diddler
|-singleturn|p2a: diddy diddler|Protect
|move|p1a: Manaphy|Surf|p2a: diddy diddler
|-activate|p2a: diddy diddler|move: Protect
|
|-heal|p2a: diddy diddler|100/100|[from] item: Leftovers
|-damage|p1a: Manaphy|6/100 brn|[from] brn
|upkeep
|turn|33
|
|t:|1758981866
|move|p1a: Manaphy|Surf|p2a: diddy diddler
|-damage|p2a: diddy diddler|41/100
|move|p2a: diddy diddler|Wish|p2a: diddy diddler
|
|-heal|p2a: diddy diddler|47/100|[from] item: Leftovers
|-damage|p1a: Manaphy|0 fnt|[from] brn
|faint|p1a: Manaphy
|upkeep
|
|t:|1758981882
|switch|p1a: Overqwil|Overqwil, M|100/100
|-ability|p1a: Overqwil|Intimidate|boost
|-unboost|p2a: diddy diddler|atk|1
|turn|34
|
|t:|1758981887
|move|p2a: diddy diddler|Body Slam|p1a: Overqwil
|-crit|p1a: Overqwil
|-damage|p1a: Overqwil|71/100
|-status|p1a: Overqwil|par
|cant|p1a: Overqwil|par
|
|-heal|p2a: diddy diddler|97/100|[from] move: Wish|[wisher] diddy diddler
|-heal|p2a: diddy diddler|100/100|[from] item: Leftovers
|upkeep
|turn|35
|
|t:|1758981896
|move|p2a: diddy diddler|Iron Head|p1a: Overqwil
|-damage|p1a: Overqwil|53/100 par
|cant|p1a: Overqwil|flinch
|
|upkeep
|turn|36
|
|t:|1758981900
|move|p2a: diddy diddler|Iron Head|p1a: Overqwil
|-damage|p1a: Overqwil|36/100 par
|cant|p1a: Overqwil|flinch
|
|upkeep
|turn|37
|
|t:|1758981905
|move|p2a: diddy diddler|Iron Head|p1a: Overqwil
|-damage|p1a: Overqwil|17/100 par
|move|p1a: Overqwil|Crunch|p2a: diddy diddler
|-supereffective|p2a: diddy diddler
|-damage|p2a: diddy diddler|23/100
|
|-heal|p2a: diddy diddler|29/100|[from] item: Leftovers
|upkeep
|turn|38
|
|t:|1758981912
|move|p2a: diddy diddler|Wish|p2a: diddy diddler
|move|p1a: Overqwil|Crunch|p2a: diddy diddler
|-supereffective|p2a: diddy diddler
|-crit|p2a: diddy diddler
|-damage|p2a: diddy diddler|0 fnt
|faint|p2a: diddy diddler
|
|win|Mafia Cynthia
|raw|Mafia Cynthia's rating: 1231 &rarr; <strong>1258</strong><br />(+27 for winning)
|raw|jstewartlambert's rating: 1252 &rarr; <strong>1225</strong><br />(-27 for losing)
|l|☆jstewartlambert
|player|p2|
|l|‽Mafia Cynthia
|player|p1|
