|j|☆mysunshine
|j|☆dbcool
|t:|1758925095
|gametype|singles
|player|p1|mysunshine|waitress|1368
|player|p2|dbcool|dahlia|1411
|gen|9
|tier|[Gen 9] OU
|rated|
|rule|HP Percentage Mod: HP is shown in percentages
|rule|Endless Battle Clause: Forcing endless battles is banned
|rule|Species Clause: Limit one of each Pokémon
|rule|OHKO Clause: OHKO moves are banned
|rule|Evasion Items Clause: Evasion items are banned
|rule|Evasion Moves Clause: Evasion moves are banned
|rule|Evasion Abilities Clause: Evasion abilities are banned
|rule|Sleep Moves Clause: Sleep-inducing moves are banned
|clearpoke
|poke|p1|Bellibolt, F|
|poke|p1|Pelipper, F|
|poke|p1|Iron Treads|
|poke|p1|Barraskewda, F|
|poke|p1|Dragonite, F|
|poke|p1|Iron Valiant|
|poke|p2|Tyranitar, F|
|poke|p2|Glimmora, F|
|poke|p2|Hydrapple, M|
|poke|p2|Garganacl, F|
|poke|p2|Corviknight, M|
|poke|p2|Rillaboom, F|
|teampreview
|inactive|Battle timer is ON: inactive players will automatically lose when time's up. (requested by mysunshine)
|
|t:|1758925110
|teamsize|p1|6
|teamsize|p2|6
|start
|switch|p1a: Iron Treads|Iron Treads, shiny|100/100
|switch|p2a: Hydrapple|Hydrapple, M, shiny|100/100
|turn|1
|
|t:|1758925118
|move|p1a: Iron Treads|Volt Switch|p2a: Hydrapple
|-resisted|p2a: Hydrapple
|-damage|p2a: Hydrapple|97/100
|
|t:|1758925125
|-end|p1a: Iron Treads|Quark Drive|[silent]
|switch|p1a: Bellibolt|Bellibolt, F|100/100|[from] Volt Switch
|move|p2a: Hydrapple|Earth Power|p1a: Bellibolt
|-supereffective|p1a: Bellibolt
|-damage|p1a: Bellibolt|38/100
|-unboost|p1a: Bellibolt|spd|1
|-start|p1a: Bellibolt|Charge|Earth Power|[from] ability: Electromorphosis
|
|upkeep
|turn|2
|
|t:|1758925139
|switch|p2a: Rillaboom|Rillaboom, F, shiny|100/100
|-fieldstart|move: Grassy Terrain|[from] ability: Grassy Surge|[of] p2a: Rillaboom
|switch|p1a: Pelipper|Pelipper, F|100/100
|-weather|RainDance|[from] ability: Drizzle|[of] p1a: Pelipper
|
|-weather|RainDance|[upkeep]
|upkeep
|turn|3
|
|t:|1758925146
|-terastallize|p1a: Pelipper|Grass
|move|p2a: Rillaboom|Wood Hammer|p1a: Pelipper
|-resisted|p1a: Pelipper
|-damage|p1a: Pelipper|48/100
|-damage|p2a: Rillaboom|84/100|[from] Recoil
|move|p1a: Pelipper|Hurricane|p2a: Rillaboom
|-supereffective|p2a: Rillaboom
|-damage|p2a: Rillaboom|0 fnt
|faint|p2a: Rillaboom
|
|-weather|RainDance|[upkeep]
|-heal|p1a: Pelipper|55/100|[from] Grassy Terrain
|upkeep
|
|t:|1758925158
|switch|p2a: Hydrapple|Hydrapple, M, shiny|100/100
|turn|4
|
|t:|1758925175
|move|p2a: Hydrapple|Fickle Beam|p1a: Pelipper
|-damage|p1a: Pelipper|0 fnt
|faint|p1a: Pelipper
|
|-weather|RainDance|[upkeep]
|upkeep
|
|t:|1758925180
|switch|p1a: Iron Valiant|Iron Valiant|100/100
|turn|5
|
|t:|1758925184
|switch|p2a: Tyranitar|Tyranitar, F, shiny|100/100
|-weather|Sandstorm|[from] ability: Sand Stream|[of] p2a: Tyranitar
|move|p1a: Iron Valiant|Psyshock|p2a: Tyranitar
|-immune|p2a: Tyranitar
|
|-weather|Sandstorm|[upkeep]
|-damage|p1a: Iron Valiant|94/100|[from] Sandstorm
|-heal|p1a: Iron Valiant|100/100|[from] Grassy Terrain
|upkeep
|turn|6
|
|t:|1758925190
|-end|p1a: Iron Valiant|Quark Drive|[silent]
|switch|p1a: Bellibolt|Bellibolt, F|38/100
|switch|p2a: Garganacl|Garganacl, F, shiny|100/100
|
|-weather|Sandstorm|[upkeep]
|-damage|p1a: Bellibolt|31/100|[from] Sandstorm
|-heal|p1a: Bellibolt|38/100|[from] Grassy Terrain
|-fieldend|move: Grassy Terrain
|upkeep
|turn|7
|
|t:|1758925194
|move|p1a: Bellibolt|Volt Switch|p2a: Garganacl
|-damage|p2a: Garganacl|87/100
|
|t:|1758925200
|switch|p1a: Iron Valiant|Iron Valiant|100/100|[from] Volt Switch
|move|p2a: Garganacl|Stealth Rock|p1a: Iron Valiant
|-sidestart|p1: mysunshine|move: Stealth Rock
|
|-weather|Sandstorm|[upkeep]
|-damage|p1a: Iron Valiant|94/100|[from] Sandstorm
|-heal|p2a: Garganacl|93/100|[from] item: Leftovers
|upkeep
|turn|8
|
|t:|1758925206
|move|p1a: Iron Valiant|Focus Blast|p2a: Garganacl
|-supereffective|p2a: Garganacl
|-damage|p2a: Garganacl|13/100
|move|p2a: Garganacl|Salt Cure|p1a: Iron Valiant
|-resisted|p1a: Iron Valiant
|-damage|p1a: Iron Valiant|85/100
|-start|p1a: Iron Valiant|Salt Cure
|
|-weather|Sandstorm|[upkeep]
|-damage|p1a: Iron Valiant|79/100|[from] Sandstorm
|-heal|p2a: Garganacl|19/100|[from] item: Leftovers
|-damage|p1a: Iron Valiant|66/100|[from] Salt Cure
|upkeep
|turn|9
|
|t:|1758925210
|-end|p1a: Iron Valiant|Quark Drive|[silent]
|switch|p1a: Iron Treads|Iron Treads, shiny|100/100
|move|p2a: Garganacl|Protect||[still]
|-fail|p2a: Garganacl
|
|-weather|Sandstorm|[upkeep]
|-heal|p2a: Garganacl|25/100|[from] item: Leftovers
|upkeep
|turn|10
|
|t:|1758925216
|move|p1a: Iron Treads|Earth Power|p2a: Garganacl
|-supereffective|p2a: Garganacl
|-damage|p2a: Garganacl|2/100
|move|p2a: Garganacl|Salt Cure|p1a: Iron Treads
|-resisted|p1a: Iron Treads
|-damage|p1a: Iron Treads|98/100
|-start|p1a: Iron Treads|Salt Cure
|
|-weather|Sandstorm|[upkeep]
|-heal|p2a: Garganacl|8/100|[from] item: Leftovers
|-damage|p1a: Iron Treads|73/100|[from] Salt Cure
|upkeep
|turn|11
|
|t:|1758925220
|move|p2a: Garganacl|Protect|p2a: Garganacl
|-singleturn|p2a: Garganacl|Protect
|move|p1a: Iron Treads|Stealth Rock|p2a: Garganacl
|-sidestart|p2: dbcool|move: Stealth Rock
|
|-weather|Sandstorm|[upkeep]
|-heal|p2a: Garganacl|14/100|[from] item: Leftovers
|-damage|p1a: Iron Treads|49/100|[from] Salt Cure
|upkeep
|turn|12
|
|t:|1758925225
|move|p1a: Iron Treads|Earth Power|p2a: Garganacl
|-supereffective|p2a: Garganacl
|-damage|p2a: Garganacl|0 fnt
|faint|p2a: Garganacl
|
|-weather|none
|-damage|p1a: Iron Treads|24/100|[from] Salt Cure
|upkeep
|
|t:|1758925241
|switch|p2a: Glimmora|Glimmora, F, shiny|100/100
|-damage|p2a: Glimmora|88/100|[from] Stealth Rock
|-item|p2a: Glimmora|Air Balloon
|turn|13
|
|t:|1758925257
|move|p1a: Iron Treads|Volt Switch|p2a: Glimmora
|-damage|p2a: Glimmora|70/100
|-enditem|p2a: Glimmora|Air Balloon
|
|t:|1758925262
|-end|p1a: Iron Treads|Quark Drive|[silent]
|switch|p1a: Dragonite|Dragonite, F|100/100|[from] Volt Switch
|-damage|p1a: Dragonite|76/100|[from] Stealth Rock
|move|p2a: Glimmora|Earth Power|p1a: Dragonite
|-immune|p1a: Dragonite
|
|upkeep
|turn|14
|
|t:|1758925268
|move|p2a: Glimmora|Spiky Shield|p2a: Glimmora
|-singleturn|p2a: Glimmora|move: Protect
|move|p1a: Dragonite|Earthquake|p2a: Glimmora
|-activate|p2a: Glimmora|move: Protect
|
|upkeep
|turn|15
|
|t:|1758925272
|switch|p2a: Corviknight|Corviknight, M, shiny|100/100
|-damage|p2a: Corviknight|88/100|[from] Stealth Rock
|move|p1a: Dragonite|Draco Meteor|p2a: Corviknight
|-resisted|p2a: Corviknight
|-damage|p2a: Corviknight|58/100
|-unboost|p1a: Dragonite|spa|2
|-enditem|p1a: Dragonite|Eject Pack
|
|t:|1758925301
|switch|p1a: Iron Valiant|Iron Valiant|66/100
|-damage|p1a: Iron Valiant|60/100|[from] Stealth Rock
|
|upkeep
|turn|16
|
|t:|1758925307
|move|p1a: Iron Valiant|Focus Blast|p2a: Corviknight|[miss]
|-miss|p1a: Iron Valiant|p2a: Corviknight
|move|p2a: Corviknight|Roost|p2a: Corviknight
|-heal|p2a: Corviknight|100/100
|-singleturn|p2a: Corviknight|move: Roost
|
|upkeep
|turn|17
|
|t:|1758925310
|move|p1a: Iron Valiant|Focus Blast|p2a: Corviknight|[miss]
|-miss|p1a: Iron Valiant|p2a: Corviknight
|move|p2a: Corviknight|Brave Bird|p1a: Iron Valiant
|-supereffective|p1a: Iron Valiant
|-damage|p1a: Iron Valiant|0 fnt
|faint|p1a: Iron Valiant
|-end|p1a: Iron Valiant|Quark Drive|[silent]
|-damage|p2a: Corviknight|86/100|[from] Recoil
|
|upkeep
|-message|mysunshine forfeited.
|
|win|dbcool
|raw|mysunshine's rating: 1368 &rarr; <strong>1350</strong><br />(-18 for losing)
|raw|dbcool's rating: 1411 &rarr; <strong>1429</strong><br />(+18 for winning)
|l|☆mysunshine
|player|p1|
|l|☆dbcool
|player|p2|
