|j|☆fulkttd
|j|☆deviljr12
|t:|1759032136
|gametype|singles
|player|p1|fulkttd|zinzolin|1190
|player|p2|deviljr12|102|1137
|gen|9
|tier|[Gen 9] OU
|rated|
|rule|HP Percentage Mod: HP is shown in percentages
|rule|Endless Battle Clause: Forcing endless battles is banned
|rule|Species Clause: Limit one of each Pokémon
|rule|OHKO Clause: OHKO moves are banned
|rule|Evasion Items Clause: Evasion items are banned
|rule|Evasion Moves Clause: Evasion moves are banned
|rule|Evasion Abilities Clause: Evasion abilities are banned
|rule|Sleep Moves Clause: Sleep-inducing moves are banned
|clearpoke
|poke|p1|Raging Bolt|
|poke|p1|Walking Wake|
|poke|p1|Iron Valiant|
|poke|p1|Meowscarada, M|
|poke|p1|Scizor, M|
|poke|p1|Okidogi, M|
|poke|p2|Slowking-Galar, M|
|poke|p2|Porygon2|
|poke|p2|Conkeldurr, M|
|poke|p2|Ursaluna, M|
|poke|p2|Torkoal, M|
|poke|p2|Hydrapple, M|
|teampreview
|inactive|Battle timer is ON: inactive players will automatically lose when time's up. (requested by fulkttd)
|
|t:|1759032145
|teamsize|p1|6
|teamsize|p2|6
|start
|switch|p1a: Raging Bolt|Raging Bolt|100/100
|switch|p2a: GrownUps2|Porygon2, shiny|100/100
|-ability|p2a: GrownUps2|Download|boost
|-boost|p2a: GrownUps2|spa|1
|turn|1
|
|t:|1759032159
|move|p1a: Raging Bolt|Draco Meteor|p2a: GrownUps2|[miss]
|-miss|p1a: Raging Bolt|p2a: GrownUps2
|move|p2a: GrownUps2|Trick Room|p2a: GrownUps2
|-fieldstart|move: Trick Room|[of] p2a: GrownUps2
|
|upkeep
|turn|2
|
|t:|1759032166
|move|p2a: GrownUps2|Tri Attack|p1a: Raging Bolt
|-damage|p1a: Raging Bolt|60/100
|move|p1a: Raging Bolt|Draco Meteor|p2a: GrownUps2
|-damage|p2a: GrownUps2|64/100
|-unboost|p1a: Raging Bolt|spa|2
|-enditem|p1a: Raging Bolt|Eject Pack
|
|t:|1759032177
|-end|p1a: Raging Bolt|Protosynthesis|[silent]
|switch|p1a: Scizor|Scizor, M|100/100
|
|upkeep
|turn|3
|
|t:|1759032183
|switch|p2a: PlayingWithFire|Torkoal, M, shiny|100/100
|-weather|SunnyDay|[from] ability: Drought|[of] p2a: PlayingWithFire
|move|p1a: Scizor|Knock Off|p2a: PlayingWithFire
|-damage|p2a: PlayingWithFire|74/100
|-enditem|p2a: PlayingWithFire|Choice Specs|[from] move: Knock Off|[of] p1a: Scizor
|
|-weather|SunnyDay|[upkeep]
|upkeep
|turn|4
|
|t:|1759032196
|switch|p2a: TheOtherGuy|Conkeldurr, M, shiny|100/100
|switch|p1a: Walking Wake|Walking Wake|100/100
|-activate|p1a: Walking Wake|ability: Protosynthesis
|-start|p1a: Walking Wake|protosynthesisspa
|
|-weather|SunnyDay|[upkeep]
|upkeep
|turn|5
|
|t:|1759032206
|-end|p1a: Walking Wake|Protosynthesis|[silent]
|switch|p1a: Okidogi|Okidogi, M|100/100
|move|p2a: TheOtherGuy|Knock Off|p1a: Okidogi
|-resisted|p1a: Okidogi
|-crit|p1a: Okidogi
|-damage|p1a: Okidogi|62/100
|-enditem|p1a: Okidogi|Leftovers|[from] move: Knock Off|[of] p2a: TheOtherGuy
|
|-weather|SunnyDay|[upkeep]
|-fieldend|move: Trick Room
|upkeep
|turn|6
|inactive|fulkttd has 120 seconds left.
|inactive|fulkttd has 90 seconds left.
|inactive|fulkttd has 60 seconds left.
|inactive|fulkttd has 30 seconds left.
|inactive|fulkttd has 20 seconds left.
|inactive|fulkttd has 15 seconds left.
|inactive|fulkttd has 10 seconds left.
|inactive|fulkttd has 5 seconds left.
|-message|fulkttd lost due to inactivity.
|
|win|deviljr12
|raw|fulkttd's rating: 1190 &rarr; <strong>1161</strong><br />(-29 for losing)
|raw|deviljr12's rating: 1137 &rarr; <strong>1166</strong><br />(+29 for winning)
|l|☆deviljr12
|player|p2|
