|j|☆fregene97
|j|☆noodle10101
|t:|1759073314
|gametype|singles
|player|p1|fregene97|acetrainersnow|1302
|player|p2|noodle10101|266|1236
|gen|9
|tier|[Gen 9] OU
|rated|
|rule|HP Percentage Mod: HP is shown in percentages
|rule|Endless Battle Clause: Forcing endless battles is banned
|rule|Species Clause: Limit one of each Pokémon
|rule|OHKO Clause: OHKO moves are banned
|rule|Evasion Items Clause: Evasion items are banned
|rule|Evasion Moves Clause: Evasion moves are banned
|rule|Evasion Abilities Clause: Evasion abilities are banned
|rule|Sleep Moves Clause: Sleep-inducing moves are banned
|clearpoke
|poke|p1|Zapdos|
|poke|p1|Dragapult, F|
|poke|p1|Quaquaval, F|
|poke|p1|Scizor, M|
|poke|p1|Blaziken, M|
|poke|p1|Sceptile, M|
|poke|p2|Politoed, M|
|poke|p2|Pelipper, F|
|poke|p2|Barraskewda, F|
|poke|p2|Indeedee, M|
|poke|p2|Clefable, M|
|poke|p2|Ting-Lu|
|teampreview
|inactive|Battle timer is ON: inactive players will automatically lose when time's up. (requested by fregene97)
|
|t:|1759073325
|teamsize|p1|6
|teamsize|p2|6
|start
|switch|p1a: Blaziken|Blaziken, M|100/100
|switch|p2a: Politoed|Politoed, M|100/100
|-weather|RainDance|[from] ability: Drizzle|[of] p2a: Politoed
|turn|1
|
|t:|1759073350
|-terastallize|p1a: Blaziken|Fighting
|move|p1a: Blaziken|Swords Dance|p1a: Blaziken
|-boost|p1a: Blaziken|atk|2
|move|p2a: Politoed|Weather Ball|p1a: Blaziken
|-damage|p1a: Blaziken|0 fnt
|faint|p1a: Blaziken
|
|-weather|RainDance|[upkeep]
|upkeep
|
|t:|1759073352
|switch|p1a: Dragapult|Dragapult, F|100/100
|turn|2
|
|t:|1759073368
|switch|p2a: Clefable|Clefable, M|100/100
|move|p1a: Dragapult|Dragon Darts|p2a: Clefable
|-immune|p2a: Clefable
|
|-weather|RainDance|[upkeep]
|upkeep
|turn|3
|
|t:|1759073376
|move|p1a: Dragapult|U-turn|p2a: Clefable
|-resisted|p2a: Clefable
|-damage|p2a: Clefable|88/100
|
|t:|1759073382
|switch|p1a: Zapdos|Zapdos|100/100|[from] U-turn
|move|p2a: Clefable|Moonblast|p1a: Zapdos
|-damage|p1a: Zapdos|50/100
|-unboost|p1a: Zapdos|spa|1
|
|-weather|RainDance|[upkeep]
|-heal|p2a: Clefable|94/100|[from] item: Leftovers
|upkeep
|turn|4
|
|t:|1759073393
|move|p1a: Zapdos|Hurricane|p2a: Clefable
|-damage|p2a: Clefable|57/100
|move|p2a: Clefable|Moonblast|p1a: Zapdos
|-damage|p1a: Zapdos|0 fnt
|faint|p1a: Zapdos
|
|-weather|RainDance|[upkeep]
|-heal|p2a: Clefable|63/100|[from] item: Leftovers
|upkeep
|
|t:|1759073399
|switch|p1a: Scizor|Scizor, M|100/100
|turn|5
|
|t:|1759073413
|switch|p2a: Pelipper|Pelipper, F|100/100
|move|p1a: Scizor|U-turn|p2a: Pelipper
|-resisted|p2a: Pelipper
|-damage|p2a: Pelipper|77/100
|
|t:|1759073437
|switch|p1a: Dragapult|Dragapult, F|100/100|[from] U-turn
|
|-weather|none
|upkeep
|turn|6
|
|t:|1759073446
|switch|p2a: Ting-Lu|Ting-Lu|100/100
|-ability|p2a: Ting-Lu|Vessel of Ruin
|move|p1a: Dragapult|U-turn|p2a: Ting-Lu
|-supereffective|p2a: Ting-Lu
|-crit|p2a: Ting-Lu
|-damage|p2a: Ting-Lu|70/100
|-enditem|p2a: Ting-Lu|Red Card|[of] p1a: Dragapult
|drag|p1a: Quaquaval|Quaquaval, F|100/100
|
|upkeep
|turn|7
|
|t:|1759073464
|move|p1a: Quaquaval|Close Combat|p2a: Ting-Lu
|-supereffective|p2a: Ting-Lu
|-damage|p2a: Ting-Lu|15/100
|-unboost|p1a: Quaquaval|def|1
|-unboost|p1a: Quaquaval|spd|1
|move|p2a: Ting-Lu|Stealth Rock|p1a: Quaquaval
|-sidestart|p1: fregene97|move: Stealth Rock
|
|upkeep
|turn|8
|
|t:|1759073477
|switch|p2a: Indeedee|Indeedee, M|100/100
|-fieldstart|move: Psychic Terrain|[from] ability: Psychic Surge|[of] p2a: Indeedee
|move|p1a: Quaquaval|Aqua Step|p2a: Indeedee
|-damage|p2a: Indeedee|4/100
|-boost|p1a: Quaquaval|spe|1
|
|upkeep
|turn|9
|
|t:|1759073487
|move|p2a: Indeedee|Expanding Force|p1a: Quaquaval
|-supereffective|p1a: Quaquaval
|-crit|p1a: Quaquaval
|-damage|p1a: Quaquaval|0 fnt
|faint|p1a: Quaquaval
|
|upkeep
|
|t:|1759073490
|switch|p1a: Sceptile|Sceptile, M|100/100
|-damage|p1a: Sceptile|88/100|[from] Stealth Rock
|turn|10
|
|t:|1759073498
|move|p1a: Sceptile|Giga Drain|p2a: Indeedee
|-damage|p2a: Indeedee|0 fnt
|-heal|p1a: Sceptile|89/100|[from] drain|[of] p2a: Indeedee
|faint|p2a: Indeedee
|
|upkeep
|
|t:|1759073506
|switch|p2a: Pelipper|Pelipper, F|77/100
|-weather|RainDance|[from] ability: Drizzle|[of] p2a: Pelipper
|turn|11
|
|t:|1759073512
|move|p1a: Sceptile|Giga Drain|p2a: Pelipper
|-damage|p2a: Pelipper|31/100
|-heal|p1a: Sceptile|100/100|[from] drain|[of] p2a: Pelipper
|move|p2a: Pelipper|U-turn|p1a: Sceptile
|-supereffective|p1a: Sceptile
|-damage|p1a: Sceptile|68/100
|
|t:|1759073518
|switch|p2a: Barraskewda|Barraskewda, F|100/100|[from] U-turn
|
|-weather|RainDance|[upkeep]
|upkeep
|turn|12
|
|t:|1759073526
|move|p2a: Barraskewda|Poison Jab|p1a: Sceptile
|-supereffective|p1a: Sceptile
|-damage|p1a: Sceptile|0 fnt
|faint|p1a: Sceptile
|-damage|p2a: Barraskewda|91/100|[from] item: Life Orb
|
|-weather|RainDance|[upkeep]
|-fieldend|move: Psychic Terrain
|upkeep
|
|t:|1759073530
|switch|p1a: Dragapult|Dragapult, F|100/100
|-damage|p1a: Dragapult|88/100|[from] Stealth Rock
|turn|13
|
|t:|1759073540
|move|p2a: Barraskewda|Ice Fang|p1a: Dragapult
|-supereffective|p1a: Dragapult
|-damage|p1a: Dragapult|8/100
|-damage|p2a: Barraskewda|81/100|[from] item: Life Orb
|move|p1a: Dragapult|Dragon Darts|p2a: Barraskewda
|-damage|p2a: Barraskewda|36/100
|-anim|p1a: Dragapult|Dragon Darts|p2a: Barraskewda
|-damage|p2a: Barraskewda|0 fnt
|faint|p2a: Barraskewda
|
|-weather|RainDance|[upkeep]
|upkeep
|
|t:|1759073554
|switch|p2a: Clefable|Clefable, M|63/100
|turn|14
|l|☆fregene97
|inactive|fregene97 disconnected and has a minute to reconnect!
|player|p1|
|j|☆fregene97
|inactive|fregene97 reconnected and has 135 seconds left.
|player|p1|fregene97|acetrainersnow|
|
|t:|1759073577
|move|p1a: Dragapult|Phantom Force||[still]
|-prepare|p1a: Dragapult|Phantom Force
|move|p2a: Clefable|Shadow Ball|p1a: Dragapult|[miss]
|-miss|p2a: Clefable|p1a: Dragapult
|
|-weather|RainDance|[upkeep]
|-heal|p2a: Clefable|69/100|[from] item: Leftovers
|upkeep
|turn|15
|
|t:|1759073594
|move|p1a: Dragapult|Phantom Force|p2a: Clefable|[from] lockedmove
|-damage|p2a: Clefable|18/100
|move|p2a: Clefable|Shadow Ball|p1a: Dragapult
|-supereffective|p1a: Dragapult
|-damage|p1a: Dragapult|0 fnt
|faint|p1a: Dragapult
|
|-weather|RainDance|[upkeep]
|-heal|p2a: Clefable|24/100|[from] item: Leftovers
|upkeep
|
|t:|1759073605
|switch|p1a: Scizor|Scizor, M|100/100
|-damage|p1a: Scizor|88/100|[from] Stealth Rock
|turn|16
|
|t:|1759073613
|move|p1a: Scizor|Bullet Punch|p2a: Clefable
|-supereffective|p2a: Clefable
|-damage|p2a: Clefable|0 fnt
|faint|p2a: Clefable
|
|-weather|RainDance|[upkeep]
|upkeep
|
|t:|1759073620
|switch|p2a: Politoed|Politoed, M|100/100
|turn|17
|
|t:|1759073632
|move|p1a: Scizor|Bullet Punch|p2a: Politoed
|-resisted|p2a: Politoed
|-damage|p2a: Politoed|73/100
|move|p2a: Politoed|Weather Ball|p1a: Scizor
|-damage|p1a: Scizor|0 fnt
|faint|p1a: Scizor
|
|win|noodle10101
|raw|fregene97's rating: 1283 &rarr; <strong>1255</strong><br />(-28 for losing)
|raw|noodle10101's rating: 1236 &rarr; <strong>1264</strong><br />(+28 for winning)
|l|☆fregene97
|player|p1|
|l|☆noodle10101
|player|p2|
