|j|☆pvughghi
|j|☆Exiowf
|t:|1759039430
|gametype|singles
|player|p1|pvughghi|pokemonrangerf|1299
|player|p2|Exiowf|dawn|1296
|gen|9
|tier|[Gen 9] OU
|rated|
|rule|HP Percentage Mod: HP is shown in percentages
|rule|Endless Battle Clause: Forcing endless battles is banned
|rule|Species Clause: Limit one of each Pokémon
|rule|OHKO Clause: OHKO moves are banned
|rule|Evasion Items Clause: Evasion items are banned
|rule|Evasion Moves Clause: Evasion moves are banned
|rule|Evasion Abilities Clause: Evasion abilities are banned
|rule|Sleep Moves Clause: Sleep-inducing moves are banned
|clearpoke
|poke|p1|Latios, M|
|poke|p1|Weezing-Galar, M|
|poke|p1|Corviknight, F|
|poke|p1|Gliscor, F|
|poke|p1|Bronzong|
|poke|p1|Hydreigon, M|
|poke|p2|Landorus-Therian, M|
|poke|p2|Samurott-Hisui, F|
|poke|p2|Gholdengo|
|poke|p2|Iron Valiant|
|poke|p2|Raging Bolt|
|poke|p2|Great Tusk|
|teampreview
|inactive|Battle timer is ON: inactive players will automatically lose when time's up. (requested by Exiowf)
|inactive|pvughghi also wants the timer to be on.
|
|t:|1759039457
|teamsize|p1|6
|teamsize|p2|6
|start
|switch|p1a: Weezing|Weezing-Galar, M|100/100
|switch|p2a: Landorus|Landorus-Therian, M|100/100
|-ability|p2a: Landorus|Intimidate|boost
|-unboost|p1a: Weezing|atk|1
|turn|1
|
|t:|1759039468
|switch|p1a: Gliscor|Gliscor, F|100/100
|move|p2a: Landorus|Stealth Rock|p1a: Gliscor
|-sidestart|p1: pvughghi|move: Stealth Rock
|
|-status|p1a: Gliscor|tox|[from] item: Toxic Orb
|upkeep
|turn|2
|
|t:|1759039474
|move|p1a: Gliscor|Swords Dance|p1a: Gliscor
|-boost|p1a: Gliscor|atk|2
|move|p2a: Landorus|U-turn|p1a: Gliscor
|-resisted|p1a: Gliscor
|-damage|p1a: Gliscor|87/100 tox
|
|t:|1759039480
|switch|p2a: Samurott|Samurott-Hisui, F, shiny|100/100|[from] U-turn
|
|-heal|p1a: Gliscor|99/100 tox|[from] ability: Poison Heal
|upkeep
|turn|3
|j| Le583u
|
|t:|1759039491
|move|p1a: Gliscor|Protect|p1a: Gliscor
|-singleturn|p1a: Gliscor|Protect
|move|p2a: Samurott|Flip Turn|p1a: Gliscor
|-activate|p1a: Gliscor|move: Protect
|
|-heal|p1a: Gliscor|100/100 tox|[from] ability: Poison Heal
|upkeep
|turn|4
|
|t:|1759039495
|move|p1a: Gliscor|Earthquake|p2a: Samurott
|-damage|p2a: Samurott|15/100
|move|p2a: Samurott|Aqua Cutter|p1a: Gliscor
|-supereffective|p1a: Gliscor
|-damage|p1a: Gliscor|4/100 tox
|
|-heal|p1a: Gliscor|16/100 tox|[from] ability: Poison Heal
|upkeep
|turn|5
|l| Le583u
|
|t:|1759039503
|switch|p2a: Landorus|Landorus-Therian, M|100/100
|-ability|p2a: Landorus|Intimidate|boost
|-unboost|p1a: Gliscor|atk|1
|move|p1a: Gliscor|Protect||[still]
|-fail|p1a: Gliscor
|
|-heal|p1a: Gliscor|28/100 tox|[from] ability: Poison Heal
|upkeep
|turn|6
|
|t:|1759039506
|move|p1a: Gliscor|Protect|p1a: Gliscor
|-singleturn|p1a: Gliscor|Protect
|move|p2a: Landorus|Smack Down|p1a: Gliscor
|-activate|p1a: Gliscor|move: Protect
|
|-heal|p1a: Gliscor|41/100 tox|[from] ability: Poison Heal
|upkeep
|turn|7
|
|t:|1759039519
|switch|p1a: Latios|Latios, M|100/100
|-damage|p1a: Latios|88/100|[from] Stealth Rock
|move|p2a: Landorus|U-turn|p1a: Latios
|-supereffective|p1a: Latios
|-damage|p1a: Latios|15/100
|
|t:|1759039526
|switch|p2a: Raging Bolt|Raging Bolt|100/100|[from] U-turn
|
|upkeep
|turn|8
|
|t:|1759039530
|move|p2a: Raging Bolt|Thunderclap|p1a: Latios
|-resisted|p1a: Latios
|-damage|p1a: Latios|0 fnt
|faint|p1a: Latios
|
|upkeep
|
|t:|1759039533
|switch|p1a: Gliscor|Gliscor, F|41/100 tox
|-damage|p1a: Gliscor|28/100 tox|[from] Stealth Rock
|turn|9
|
|t:|1759039537
|move|p1a: Gliscor|Protect|p1a: Gliscor
|-singleturn|p1a: Gliscor|Protect
|move|p2a: Raging Bolt|Draco Meteor|p1a: Gliscor
|-activate|p1a: Gliscor|move: Protect
|
|-heal|p1a: Gliscor|41/100 tox|[from] ability: Poison Heal
|upkeep
|turn|10
|
|t:|1759039549
|switch|p1a: Bronzong|Bronzong|100/100
|-damage|p1a: Bronzong|94/100|[from] Stealth Rock
|move|p2a: Raging Bolt|Draco Meteor|p1a: Bronzong
|-resisted|p1a: Bronzong
|-damage|p1a: Bronzong|63/100
|-unboost|p2a: Raging Bolt|spa|2
|
|-heal|p1a: Bronzong|69/100|[from] item: Leftovers
|upkeep
|turn|11
|
|t:|1759039556
|move|p2a: Raging Bolt|Volt Switch|p1a: Bronzong
|-damage|p1a: Bronzong|53/100
|
|t:|1759039559
|-end|p2a: Raging Bolt|Protosynthesis|[silent]
|switch|p2a: Landorus|Landorus-Therian, M|100/100|[from] Volt Switch
|-ability|p2a: Landorus|Intimidate|boost
|-unboost|p1a: Bronzong|atk|1
|move|p1a: Bronzong|Stealth Rock|p2a: Landorus
|-sidestart|p2: Exiowf|move: Stealth Rock
|
|-heal|p1a: Bronzong|59/100|[from] item: Leftovers
|upkeep
|turn|12
|
|t:|1759039563
|switch|p1a: Gliscor|Gliscor, F|41/100 tox
|-damage|p1a: Gliscor|28/100 tox|[from] Stealth Rock
|move|p2a: Landorus|Smack Down|p1a: Gliscor
|-damage|p1a: Gliscor|10/100 tox
|-start|p1a: Gliscor|Smack Down
|
|-heal|p1a: Gliscor|23/100 tox|[from] ability: Poison Heal
|upkeep
|turn|13
|
|t:|1759039571
|move|p1a: Gliscor|Protect|p1a: Gliscor
|-singleturn|p1a: Gliscor|Protect
|move|p2a: Landorus|Earthquake|p1a: Gliscor
|-activate|p1a: Gliscor|move: Protect
|
|-heal|p1a: Gliscor|35/100 tox|[from] ability: Poison Heal
|upkeep
|turn|14
|
|t:|1759039576
|switch|p1a: Bronzong|Bronzong|59/100
|-damage|p1a: Bronzong|53/100|[from] Stealth Rock
|move|p2a: Landorus|Earthquake|p1a: Bronzong
|-immune|p1a: Bronzong|[from] ability: Levitate
|
|-heal|p1a: Bronzong|59/100|[from] item: Leftovers
|upkeep
|turn|15
|
|t:|1759039586
|move|p2a: Landorus|Smack Down|p1a: Bronzong
|-resisted|p1a: Bronzong
|-damage|p1a: Bronzong|51/100
|-start|p1a: Bronzong|Smack Down
|move|p1a: Bronzong|Psychic Noise|p2a: Landorus
|-damage|p2a: Landorus|77/100
|-start|p2a: Landorus|move: Heal Block
|
|-heal|p1a: Bronzong|58/100|[from] item: Leftovers
|upkeep
|turn|16
|
|t:|1759039592
|switch|p1a: Gliscor|Gliscor, F|35/100 tox
|-damage|p1a: Gliscor|23/100 tox|[from] Stealth Rock
|move|p2a: Landorus|U-turn|p1a: Gliscor
|-resisted|p1a: Gliscor
|-damage|p1a: Gliscor|9/100 tox
|
|t:|1759039596
|switch|p2a: Great Tusk|Great Tusk|100/100|[from] U-turn
|-damage|p2a: Great Tusk|97/100|[from] Stealth Rock
|
|-heal|p2a: Great Tusk|100/100|[from] item: Leftovers
|-heal|p1a: Gliscor|21/100 tox|[from] ability: Poison Heal
|upkeep
|turn|17
|
|t:|1759039601
|switch|p1a: Weezing|Weezing-Galar, M|100/100
|-damage|p1a: Weezing|88/100|[from] Stealth Rock
|move|p2a: Great Tusk|Bulk Up|p2a: Great Tusk
|-boost|p2a: Great Tusk|atk|1
|-boost|p2a: Great Tusk|def|1
|
|-heal|p1a: Weezing|94/100|[from] item: Leftovers
|upkeep
|turn|18
|
|t:|1759039613
|-end|p2a: Great Tusk|Protosynthesis|[silent]
|switch|p2a: Raging Bolt|Raging Bolt|100/100
|move|p1a: Weezing|Defog|p2a: Raging Bolt
|-unboost|p2a: Raging Bolt|evasion|1
|-sideend|p2: Exiowf|Stealth Rock|[from] move: Defog|[of] p1a: Weezing
|-sideend|p1: pvughghi|Stealth Rock|[from] move: Defog|[of] p1a: Weezing
|
|-heal|p1a: Weezing|99/100|[from] item: Leftovers
|upkeep
|turn|19
|
|t:|1759039617
|move|p2a: Raging Bolt|Volt Switch|p1a: Weezing
|-damage|p1a: Weezing|60/100
|
|t:|1759039620
|-end|p2a: Raging Bolt|Protosynthesis|[silent]
|switch|p2a: Gholdengo|Gholdengo|100/100|[from] Volt Switch
|-item|p2a: Gholdengo|Air Balloon
|move|p1a: Weezing|Strange Steam|p2a: Gholdengo
|-resisted|p2a: Gholdengo
|-damage|p2a: Gholdengo|84/100
|-enditem|p2a: Gholdengo|Air Balloon
|
|-heal|p1a: Weezing|66/100|[from] item: Leftovers
|upkeep
|turn|20
|
|t:|1759039626
|switch|p1a: Corviknight|Corviknight, F|100/100
|-ability|p1a: Corviknight|Pressure
|move|p2a: Gholdengo|Shadow Ball|p1a: Corviknight
|-crit|p1a: Corviknight
|-damage|p1a: Corviknight|36/100
|
|upkeep
|turn|21
|
|t:|1759039630
|move|p2a: Gholdengo|Shadow Ball|p1a: Corviknight
|-damage|p1a: Corviknight|0 fnt
|faint|p1a: Corviknight
|
|upkeep
|
|t:|1759039634
|switch|p1a: Gliscor|Gliscor, F|21/100 tox
|turn|22
|
|t:|1759039639
|move|p1a: Gliscor|Protect|p1a: Gliscor
|-singleturn|p1a: Gliscor|Protect
|move|p2a: Gholdengo|Shadow Ball|p1a: Gliscor
|-activate|p1a: Gliscor|move: Protect
|
|-heal|p1a: Gliscor|34/100 tox|[from] ability: Poison Heal
|upkeep
|turn|23
|
|t:|1759039667
|switch|p2a: Landorus|Landorus-Therian, M|77/100
|-ability|p2a: Landorus|Intimidate|boost
|-unboost|p1a: Gliscor|atk|1
|move|p1a: Gliscor|Earthquake|p2a: Landorus
|-immune|p2a: Landorus
|
|-heal|p1a: Gliscor|46/100 tox|[from] ability: Poison Heal
|upkeep
|turn|24
|
|t:|1759039672
|move|p1a: Gliscor|Swords Dance|p1a: Gliscor
|-boost|p1a: Gliscor|atk|2
|move|p2a: Landorus|Smack Down|p1a: Gliscor
|-damage|p1a: Gliscor|25/100 tox
|-start|p1a: Gliscor|Smack Down
|
|-heal|p1a: Gliscor|38/100 tox|[from] ability: Poison Heal
|upkeep
|turn|25
|
|t:|1759039681
|move|p1a: Gliscor|Protect|p1a: Gliscor
|-singleturn|p1a: Gliscor|Protect
|move|p2a: Landorus|Stealth Rock|p1a: Gliscor
|-sidestart|p1: pvughghi|move: Stealth Rock
|
|-heal|p1a: Gliscor|50/100 tox|[from] ability: Poison Heal
|upkeep
|turn|26
|
|t:|1759039685
|move|p1a: Gliscor|Knock Off|p2a: Landorus
|-crit|p2a: Landorus
|-damage|p2a: Landorus|23/100
|-damage|p1a: Gliscor|33/100 tox|[from] item: Rocky Helmet|[of] p2a: Landorus
|-enditem|p2a: Landorus|Rocky Helmet|[from] move: Knock Off|[of] p1a: Gliscor
|move|p2a: Landorus|Earthquake|p1a: Gliscor
|-damage|p1a: Gliscor|0 fnt
|faint|p1a: Gliscor
|
|upkeep
|
|t:|1759039696
|switch|p1a: Bronzong|Bronzong|58/100
|-damage|p1a: Bronzong|51/100|[from] Stealth Rock
|turn|27
|
|t:|1759039700
|move|p2a: Landorus|Smack Down|p1a: Bronzong
|-resisted|p1a: Bronzong
|-damage|p1a: Bronzong|42/100
|-start|p1a: Bronzong|Smack Down
|move|p1a: Bronzong|Psychic Noise|p2a: Landorus
|-damage|p2a: Landorus|1/100
|-start|p2a: Landorus|move: Heal Block
|
|-heal|p1a: Bronzong|48/100|[from] item: Leftovers
|upkeep
|turn|28
|
|t:|1759039710
|move|p2a: Landorus|Earthquake|p1a: Bronzong
|-supereffective|p1a: Bronzong
|-damage|p1a: Bronzong|0 fnt
|faint|p1a: Bronzong
|
|-end|p2a: Landorus|move: Heal Block
|upkeep
|-message|pvughghi forfeited.
|
|win|Exiowf
|raw|pvughghi's rating: 1327 &rarr; <strong>1305</strong><br />(-22 for losing)
|raw|Exiowf's rating: 1296 &rarr; <strong>1323</strong><br />(+27 for winning)
|l|☆pvughghi
|player|p1|
|l|☆Exiowf
|player|p2|
