|j|☆December233
|j|☆Zavanna
|t:|1758941435
|gametype|singles
|player|p1|December233|evelyn|1346
|player|p2|Zavanna|1|1334
|gen|9
|tier|[Gen 9] OU
|rated|
|rule|HP Percentage Mod: HP is shown in percentages
|rule|Endless Battle Clause: Forcing endless battles is banned
|rule|Species Clause: Limit one of each Pokémon
|rule|OHKO Clause: OHKO moves are banned
|rule|Evasion Items Clause: Evasion items are banned
|rule|Evasion Moves Clause: Evasion moves are banned
|rule|Evasion Abilities Clause: Evasion abilities are banned
|rule|Sleep Moves Clause: Sleep-inducing moves are banned
|clearpoke
|poke|p1|Skuntank, F|
|poke|p1|Porygon2|
|poke|p1|Gholdengo|
|poke|p1|Great Tusk|
|poke|p1|Primarina, F|
|poke|p1|Darkrai|
|poke|p2|Arcanine-Hisui, M|
|poke|p2|Great Tusk|
|poke|p2|Weezing-Galar, M|
|poke|p2|Sinistcha|
|poke|p2|Samurott-Hisui, M|
|poke|p2|Latios, M|
|teampreview
|inactive|Battle timer is ON: inactive players will automatically lose when time's up. (requested by Zavanna)
|
|t:|1758941450
|teamsize|p1|6
|teamsize|p2|6
|start
|switch|p1a: Skuntank|Skuntank, F|100/100
|switch|p2a: Behemoth|Great Tusk, shiny|100/100
|turn|1
|
|t:|1758941460
|move|p2a: Behemoth|Headlong Rush|p1a: Skuntank
|-supereffective|p1a: Skuntank
|-damage|p1a: Skuntank|4/100
|-unboost|p2a: Behemoth|def|1
|-unboost|p2a: Behemoth|spd|1
|-damage|p2a: Behemoth|84/100|[from] item: Rocky Helmet|[of] p1a: Skuntank
|move|p1a: Skuntank|Toxic|p2a: Behemoth
|-status|p2a: Behemoth|tox
|
|-damage|p2a: Behemoth|78/100 tox|[from] psn
|upkeep
|turn|2
|
|t:|1758941472
|-end|p2a: Behemoth|Protosynthesis|[silent]
|switch|p2a: Jack Sparrow|Samurott-Hisui, M, shiny|100/100
|move|p1a: Skuntank|Taunt|p2a: Jack Sparrow
|-start|p2a: Jack Sparrow|move: Taunt
|
|upkeep
|turn|3
|
|t:|1758941482
|move|p2a: Jack Sparrow|Sucker Punch||[still]
|-fail|p2a: Jack Sparrow
|move|p1a: Skuntank|Toxic|p2a: Jack Sparrow
|-status|p2a: Jack Sparrow|tox
|
|-damage|p2a: Jack Sparrow|94/100 tox|[from] psn
|upkeep
|turn|4
|
|t:|1758941489
|move|p2a: Jack Sparrow|Flip Turn|p1a: Skuntank
|-damage|p1a: Skuntank|0 fnt
|-damage|p2a: Jack Sparrow|69/100 tox|[from] ability: Aftermath|[of] p1a: Skuntank
|-damage|p2a: Jack Sparrow|53/100 tox|[from] item: Rocky Helmet|[of] p1a: Skuntank
|faint|p1a: Skuntank
|
|t:|1758941496
|switch|p2a: Behemoth|Great Tusk, shiny|78/100 tox|[from] Flip Turn
|
|-damage|p2a: Behemoth|72/100 tox|[from] psn
|upkeep
|
|t:|1758941502
|switch|p1a: Darkrai|Darkrai|100/100
|turn|5
|
|t:|1758941506
|move|p2a: Behemoth|Close Combat|p1a: Darkrai
|-supereffective|p1a: Darkrai
|-damage|p1a: Darkrai|0 fnt
|-unboost|p2a: Behemoth|def|1
|-unboost|p2a: Behemoth|spd|1
|faint|p1a: Darkrai
|
|-damage|p2a: Behemoth|59/100 tox|[from] psn
|upkeep
|
|t:|1758941509
|switch|p1a: Primarina|Primarina, F|100/100
|turn|6
|inactive|Zavanna has 120 seconds left.
|
|t:|1758941540
|-end|p2a: Behemoth|Protosynthesis|[silent]
|switch|p2a: Sentinel|Weezing-Galar, M, shiny|100/100
|-ability|p2a: Sentinel|Neutralizing Gas
|move|p1a: Primarina|Substitute|p1a: Primarina
|-start|p1a: Primarina|Substitute
|-damage|p1a: Primarina|76/100
|
|-heal|p1a: Primarina|82/100|[from] item: Leftovers
|upkeep
|turn|7
|inactive|December233 has 120 seconds left.
|
|t:|1758941584
|move|p2a: Sentinel|Sludge Bomb|p1a: Primarina
|-supereffective|p1a: Primarina
|-end|p1a: Primarina|Substitute
|move|p1a: Primarina|Calm Mind|p1a: Primarina
|-boost|p1a: Primarina|spa|1
|-boost|p1a: Primarina|spd|1
|
|-heal|p1a: Primarina|88/100|[from] item: Leftovers
|upkeep
|turn|8
|
|t:|1758941591
|move|p2a: Sentinel|Sludge Bomb|p1a: Primarina
|-supereffective|p1a: Primarina
|-damage|p1a: Primarina|58/100
|move|p1a: Primarina|Psychic Noise|p2a: Sentinel
|-supereffective|p2a: Sentinel
|-damage|p2a: Sentinel|0 fnt
|faint|p2a: Sentinel
|-end|p2a: Sentinel|ability: Neutralizing Gas
|
|-heal|p1a: Primarina|64/100|[from] item: Leftovers
|upkeep
|inactive|Zavanna has 120 seconds left.
|
|t:|1758941621
|switch|p2a: Behemoth|Great Tusk, shiny|59/100 tox
|turn|9
|inactive|December233 has 120 seconds left.
|
|t:|1758941639
|switch|p1a: Porygon2|Porygon2|100/100
|-terastallize|p2a: Behemoth|Steel
|move|p2a: Behemoth|Iron Head|p1a: Porygon2
|-damage|p1a: Porygon2|80/100
|
|-damage|p2a: Behemoth|53/100 tox|[from] psn
|upkeep
|turn|10
|inactive|December233 has 120 seconds left.
|
|t:|1758941659
|-end|p2a: Behemoth|Protosynthesis|[silent]
|switch|p2a: Obsidian|Arcanine-Hisui, M, shiny|100/100
|-ability|p1a: Porygon2|Rock Head|Trace|[from] ability: Trace|[of] p2a: Obsidian
|move|p1a: Porygon2|Ice Beam|p2a: Obsidian
|-resisted|p2a: Obsidian
|-damage|p2a: Obsidian|88/100
|
|upkeep
|turn|11
|
|t:|1758941669
|move|p2a: Obsidian|Flare Blitz|p1a: Porygon2
|-damage|p1a: Porygon2|51/100
|-status|p1a: Porygon2|brn
|move|p1a: Porygon2|Foul Play|p2a: Obsidian
|-damage|p2a: Obsidian|68/100
|
|-damage|p1a: Porygon2|45/100 brn|[from] brn
|upkeep
|turn|12
|
|t:|1758941676
|move|p2a: Obsidian|Head Smash|p1a: Porygon2
|-damage|p1a: Porygon2|14/100 brn
|move|p1a: Porygon2|Recover|p1a: Porygon2
|-heal|p1a: Porygon2|64/100 brn
|
|-damage|p1a: Porygon2|57/100 brn|[from] brn
|upkeep
|turn|13
|
|t:|1758941682
|move|p2a: Obsidian|Head Smash|p1a: Porygon2
|-damage|p1a: Porygon2|21/100 brn
|move|p1a: Porygon2|Recover|p1a: Porygon2
|-heal|p1a: Porygon2|71/100 brn
|
|-damage|p1a: Porygon2|64/100 brn|[from] brn
|upkeep
|turn|14
|inactive|Zavanna has 120 seconds left.
|
|t:|1758941690
|move|p2a: Obsidian|Head Smash|p1a: Porygon2
|-damage|p1a: Porygon2|31/100 brn
|move|p1a: Porygon2|Recover|p1a: Porygon2
|-heal|p1a: Porygon2|81/100 brn
|
|-damage|p1a: Porygon2|75/100 brn|[from] brn
|upkeep
|turn|15
|
|t:|1758941695
|switch|p2a: Avalon|Latios, M, shiny|100/100
|switch|p1a: Great Tusk|Great Tusk|100/100
|
|upkeep
|turn|16
|
|t:|1758941700
|-end|p1a: Great Tusk|Protosynthesis|[silent]
|switch|p1a: Gholdengo|Gholdengo|100/100
|move|p2a: Avalon|Psychic Noise|p1a: Gholdengo
|-resisted|p1a: Gholdengo
|-damage|p1a: Gholdengo|75/100
|-start|p1a: Gholdengo|move: Heal Block
|
|upkeep
|turn|17
|
|t:|1758941712
|switch|p1a: Primarina|Primarina, F|64/100
|switch|p2a: Jack Sparrow|Samurott-Hisui, M, shiny|53/100 tox
|
|-heal|p1a: Primarina|70/100|[from] item: Leftovers
|-damage|p2a: Jack Sparrow|47/100 tox|[from] psn
|upkeep
|turn|18
|
|t:|1758941721
|move|p2a: Jack Sparrow|Knock Off|p1a: Primarina
|-resisted|p1a: Primarina
|-damage|p1a: Primarina|39/100
|-enditem|p1a: Primarina|Leftovers|[from] move: Knock Off|[of] p2a: Jack Sparrow
|move|p1a: Primarina|Moonblast|p2a: Jack Sparrow
|-supereffective|p2a: Jack Sparrow
|-damage|p2a: Jack Sparrow|0 fnt
|faint|p2a: Jack Sparrow
|
|upkeep
|
|t:|1758941731
|switch|p2a: Behemoth|Great Tusk, shiny, tera:Steel|53/100 tox
|turn|19
|
|t:|1758941735
|switch|p1a: Porygon2|Porygon2|75/100 brn
|move|p2a: Behemoth|Headlong Rush|p1a: Porygon2
|-damage|p1a: Porygon2|42/100 brn
|-unboost|p2a: Behemoth|def|1
|-unboost|p2a: Behemoth|spd|1
|
|-damage|p2a: Behemoth|47/100 tox|[from] psn
|-damage|p1a: Porygon2|36/100 brn|[from] brn
|upkeep
|turn|20
|
|t:|1758941760
|move|p2a: Behemoth|Headlong Rush|p1a: Porygon2
|-damage|p1a: Porygon2|7/100 brn
|-unboost|p2a: Behemoth|def|1
|-unboost|p2a: Behemoth|spd|1
|move|p1a: Porygon2|Recover|p1a: Porygon2
|-heal|p1a: Porygon2|57/100 brn
|
|-damage|p2a: Behemoth|34/100 tox|[from] psn
|-damage|p1a: Porygon2|51/100 brn|[from] brn
|upkeep
|turn|21
|inactive|Zavanna has 120 seconds left.
|
|t:|1758941791
|-end|p2a: Behemoth|Protosynthesis|[silent]
|switch|p2a: Obsidian|Arcanine-Hisui, M, shiny|68/100
|-ability|p1a: Porygon2|Rock Head|Trace|[from] ability: Trace|[of] p2a: Obsidian
|move|p1a: Porygon2|Recover|p1a: Porygon2
|-heal|p1a: Porygon2|100/100 brn
|
|-damage|p1a: Porygon2|94/100 brn|[from] brn
|upkeep
|turn|22
|
|t:|1758941795
|move|p2a: Obsidian|Head Smash|p1a: Porygon2
|-damage|p1a: Porygon2|58/100 brn
|move|p1a: Porygon2|Discharge|p2a: Obsidian
|-damage|p2a: Obsidian|44/100
|-status|p2a: Obsidian|par
|
|-damage|p1a: Porygon2|52/100 brn|[from] brn
|upkeep
|turn|23
|
|t:|1758941802
|move|p1a: Porygon2|Discharge|p2a: Obsidian
|-damage|p2a: Obsidian|19/100 par
|move|p2a: Obsidian|Head Smash|p1a: Porygon2
|-damage|p1a: Porygon2|17/100 brn
|
|-damage|p1a: Porygon2|11/100 brn|[from] brn
|upkeep
|turn|24
|
|t:|1758941831
|move|p2a: Obsidian|Extreme Speed|p1a: Porygon2
|-damage|p1a: Porygon2|0 fnt
|faint|p1a: Porygon2
|
|upkeep
|
|t:|1758941836
|switch|p1a: Great Tusk|Great Tusk|100/100
|turn|25
|
|t:|1758941846
|move|p1a: Great Tusk|Stealth Rock|p2a: Obsidian
|-sidestart|p2: Zavanna|move: Stealth Rock
|move|p2a: Obsidian|Head Smash|p1a: Great Tusk
|-resisted|p1a: Great Tusk
|-damage|p1a: Great Tusk|88/100
|
|upkeep
|turn|26
|
|t:|1758941854
|move|p1a: Great Tusk|Headlong Rush|p2a: Obsidian
|-supereffective|p2a: Obsidian
|-damage|p2a: Obsidian|0 fnt
|-unboost|p1a: Great Tusk|def|1
|-unboost|p1a: Great Tusk|spd|1
|faint|p2a: Obsidian
|
|upkeep
|
|t:|1758941857
|switch|p2a: Avalon|Latios, M, shiny|100/100
|-damage|p2a: Avalon|88/100|[from] Stealth Rock
|turn|27
|
|t:|1758941870
|move|p2a: Avalon|Draco Meteor|p1a: Great Tusk
|-damage|p1a: Great Tusk|0 fnt
|-unboost|p2a: Avalon|spa|2
|faint|p1a: Great Tusk
|-end|p1a: Great Tusk|Protosynthesis|[silent]
|
|upkeep
|
|t:|1758941873
|switch|p1a: Gholdengo|Gholdengo|75/100
|turn|28
|
|t:|1758941884
|move|p1a: Gholdengo|Shadow Ball|p2a: Avalon
|-supereffective|p2a: Avalon
|-damage|p2a: Avalon|4/100
|move|p2a: Avalon|Psychic Noise|p1a: Gholdengo
|-resisted|p1a: Gholdengo
|-damage|p1a: Gholdengo|63/100
|-start|p1a: Gholdengo|move: Heal Block
|
|upkeep
|turn|29
|
|t:|1758941897
|move|p1a: Gholdengo|Shadow Ball|p2a: Avalon
|-supereffective|p2a: Avalon
|-damage|p2a: Avalon|0 fnt
|faint|p2a: Avalon
|
|-end|p1a: Gholdengo|move: Heal Block
|upkeep
|
|t:|1758941899
|switch|p2a: Behemoth|Great Tusk, shiny, tera:Steel|34/100 tox
|-damage|p2a: Behemoth|28/100 tox|[from] Stealth Rock
|turn|30
|
|t:|1758941914
|move|p2a: Behemoth|Headlong Rush|p1a: Gholdengo
|-supereffective|p1a: Gholdengo
|-damage|p1a: Gholdengo|0 fnt
|-unboost|p2a: Behemoth|def|1
|-unboost|p2a: Behemoth|spd|1
|faint|p1a: Gholdengo
|
|-damage|p2a: Behemoth|22/100 tox|[from] psn
|upkeep
|
|t:|1758941919
|switch|p1a: Primarina|Primarina, F|39/100
|turn|31
|-message|December233 forfeited.
|
|win|Zavanna
|raw|December233's rating: 1346 &rarr; <strong>1325</strong><br />(-21 for losing)
|raw|Zavanna's rating: 1334 &rarr; <strong>1355</strong><br />(+21 for winning)
|l|☆December233
|player|p1|
|l|☆Zavanna
|player|p2|
