|j|☆PREST JNR x
|j|☆GlideGuy
|t:|1758992282
|gametype|singles
|player|p1|PREST JNR x|170|1301
|player|p2|GlideGuy|miku-ghost|1258
|gen|9
|tier|[Gen 9] OU
|rated|
|rule|HP Percentage Mod: HP is shown in percentages
|rule|Endless Battle Clause: Forcing endless battles is banned
|rule|Species Clause: Limit one of each Pokémon
|rule|OHKO Clause: OHKO moves are banned
|rule|Evasion Items Clause: Evasion items are banned
|rule|Evasion Moves Clause: Evasion moves are banned
|rule|Evasion Abilities Clause: Evasion abilities are banned
|rule|Sleep Moves Clause: Sleep-inducing moves are banned
|clearpoke
|poke|p1|Regidrago|
|poke|p1|Gliscor, M|
|poke|p1|Meowscarada, M|
|poke|p1|Rotom-Wash|
|poke|p1|Glimmora, M|
|poke|p1|Typhlosion-Hisui, F|
|poke|p2|Araquanid, F|
|poke|p2|Ceruledge, M|
|poke|p2|Ogerpon-Wellspring, F|
|poke|p2|Iron Valiant|
|poke|p2|Hoopa-Unbound|
|poke|p2|Kyurem|
|teampreview
|inactive|Battle timer is ON: inactive players will automatically lose when time's up. (requested by GlideGuy)
|
|t:|1758992287
|teamsize|p1|6
|teamsize|p2|6
|start
|switch|p1a: Glimmora|Glimmora, M, shiny|100/100
|switch|p2a: Araquanid|Araquanid, F, shiny|100/100
|turn|1
|
|t:|1758992301
|move|p1a: Glimmora|Power Gem|p2a: Araquanid
|-supereffective|p2a: Araquanid
|-damage|p2a: Araquanid|36/100
|move|p2a: Araquanid|Sticky Web|p1a: Glimmora
|-sidestart|p1: PREST JNR x|move: Sticky Web
|
|upkeep
|turn|2
|
|t:|1758992309
|move|p2a: Araquanid|Endure|p2a: Araquanid
|-singleturn|p2a: Araquanid|move: Endure
|move|p1a: Glimmora|Power Gem|p2a: Araquanid
|-supereffective|p2a: Araquanid
|-activate|p2a: Araquanid|move: Endure
|-damage|p2a: Araquanid|1/100
|
|upkeep
|turn|3
|-enditem|p2a: Araquanid|Custap Berry|[eat]
|-activate|p2a: Araquanid|item: Custap Berry|[consumed]
|
|t:|1758992318
|move|p2a: Araquanid|Surf|p1a: Glimmora
|-supereffective|p1a: Glimmora
|-enditem|p1a: Glimmora|Focus Sash
|-damage|p1a: Glimmora|1/100
|move|p1a: Glimmora|Mortal Spin|p2a: Araquanid
|-damage|p2a: Araquanid|0 fnt
|-sideend|p1: PREST JNR x|Sticky Web|[from] move: Mortal Spin|[of] p1a: Glimmora
|faint|p2a: Araquanid
|
|upkeep
|
|t:|1758992337
|switch|p2a: Kyurem|Kyurem, shiny|100/100
|-ability|p2a: Kyurem|Pressure
|turn|4
|
|t:|1758992356
|switch|p1a: Typhlosion|Typhlosion-Hisui, F|100/100
|move|p2a: Kyurem|Freeze-Dry|p1a: Typhlosion
|-resisted|p1a: Typhlosion
|-damage|p1a: Typhlosion|66/100
|
|upkeep
|turn|5
|
|t:|1758992377
|switch|p2a: Hoopa|Hoopa-Unbound|100/100
|move|p1a: Typhlosion|Eruption|p2a: Hoopa
|-damage|p2a: Hoopa|59/100
|
|upkeep
|turn|6
|inactive|PREST JNR x has 120 seconds left.
|
|t:|1758992399
|switch|p1a: Meowscarada|Meowscarada, M|100/100
|move|p2a: Hoopa|Knock Off|p1a: Meowscarada
|-resisted|p1a: Meowscarada
|-damage|p1a: Meowscarada|36/100
|-enditem|p1a: Meowscarada|Heavy-Duty Boots|[from] move: Knock Off|[of] p2a: Hoopa
|
|upkeep
|turn|7
|inactive|PREST JNR x has 120 seconds left.
|
|t:|1758992411
|move|p1a: Meowscarada|U-turn|p2a: Hoopa
|-start|p1a: Meowscarada|typechange|Bug|[from] ability: Protean
|-supereffective|p2a: Hoopa
|-damage|p2a: Hoopa|0 fnt
|faint|p2a: Hoopa
|
|t:|1758992424
|switch|p1a: Rotom|Rotom-Wash, shiny|100/100|[from] U-turn
|
|upkeep
|
|t:|1758992428
|switch|p2a: Kyurem|Kyurem, shiny|100/100
|-ability|p2a: Kyurem|Pressure
|turn|8
|inactive|PREST JNR x has 120 seconds left.
|
|t:|1758992450
|move|p2a: Kyurem|Freeze-Dry|p1a: Rotom
|-supereffective|p1a: Rotom
|-crit|p1a: Rotom
|-damage|p1a: Rotom|0 fnt
|faint|p1a: Rotom
|
|upkeep
|inactive|PREST JNR x has 90 seconds left.
|
|t:|1758992491
|switch|p1a: Regidrago|Regidrago|100/100
|turn|9
|
|t:|1758992503
|-terastallize|p2a: Kyurem|Steel
|move|p1a: Regidrago|Dragon Energy|p2a: Kyurem
|-resisted|p2a: Kyurem
|-damage|p2a: Kyurem|54/100
|move|p2a: Kyurem|Freeze-Dry|p1a: Regidrago
|-supereffective|p1a: Regidrago
|-damage|p1a: Regidrago|0 fnt
|faint|p1a: Regidrago
|
|upkeep
|
|t:|1758992510
|switch|p1a: Typhlosion|Typhlosion-Hisui, F|66/100
|turn|10
|
|t:|1758992524
|move|p2a: Kyurem|Freeze-Dry|p1a: Typhlosion
|-resisted|p1a: Typhlosion
|-damage|p1a: Typhlosion|27/100
|move|p1a: Typhlosion|Infernal Parade|p2a: Kyurem
|-damage|p2a: Kyurem|28/100
|
|upkeep
|turn|11
|
|t:|1758992534
|move|p2a: Kyurem|Freeze-Dry|p1a: Typhlosion
|-resisted|p1a: Typhlosion
|-damage|p1a: Typhlosion|0 fnt
|faint|p1a: Typhlosion
|
|upkeep
|
|t:|1758992542
|switch|p1a: Glimmora|Glimmora, M, shiny|1/100
|turn|12
|
|t:|1758992551
|move|p2a: Kyurem|Freeze-Dry|p1a: Glimmora
|-damage|p1a: Glimmora|0 fnt
|faint|p1a: Glimmora
|
|upkeep
|
|t:|1758992557
|switch|p1a: Meowscarada|Meowscarada, M|36/100
|turn|13
|
|t:|1758992575
|move|p1a: Meowscarada|Knock Off|p2a: Kyurem
|-start|p1a: Meowscarada|typechange|Dark|[from] ability: Protean
|-damage|p2a: Kyurem|0 fnt
|-enditem|p2a: Kyurem|Choice Specs|[from] move: Knock Off|[of] p1a: Meowscarada
|faint|p2a: Kyurem
|
|upkeep
|
|t:|1758992581
|switch|p2a: Ceruledge|Ceruledge, M|100/100
|turn|14
|
|t:|1758992588
|move|p1a: Meowscarada|Knock Off|p2a: Ceruledge
|-supereffective|p2a: Ceruledge
|-crit|p2a: Ceruledge
|-enditem|p2a: Ceruledge|Focus Sash
|-damage|p2a: Ceruledge|1/100
|-ability|p2a: Ceruledge|Weak Armor|boost
|-unboost|p2a: Ceruledge|def|1
|-boost|p2a: Ceruledge|spe|2
|move|p2a: Ceruledge|Swords Dance|p2a: Ceruledge
|-boost|p2a: Ceruledge|atk|2
|
|upkeep
|turn|15
|
|t:|1758992603
|move|p2a: Ceruledge|Bitter Blade|p1a: Meowscarada
|-damage|p1a: Meowscarada|0 fnt
|-heal|p2a: Ceruledge|19/100|[from] drain|[of] p1a: Meowscarada
|faint|p1a: Meowscarada
|
|upkeep
|
|t:|1758992607
|switch|p1a: Gliscor|Gliscor, M, shiny|100/100
|turn|16
|
|t:|1758992625
|move|p2a: Ceruledge|Poltergeist|p1a: Gliscor|[miss]
|-miss|p2a: Ceruledge|p1a: Gliscor
|move|p1a: Gliscor|Swords Dance|p1a: Gliscor
|-boost|p1a: Gliscor|atk|2
|
|-status|p1a: Gliscor|tox|[from] item: Toxic Orb
|upkeep
|turn|17
|
|t:|1758992634
|move|p2a: Ceruledge|Poltergeist|p1a: Gliscor|[miss]
|-miss|p2a: Ceruledge|p1a: Gliscor
|move|p1a: Gliscor|Earthquake|p2a: Ceruledge
|-supereffective|p2a: Ceruledge
|-damage|p2a: Ceruledge|0 fnt
|faint|p2a: Ceruledge
|
|upkeep
|
|t:|1758992639
|switch|p2a: Ogerpon|Ogerpon-Wellspring, F|100/100
|turn|18
|inactive|PREST JNR x has 90 seconds left.
|
|t:|1758992665
|-terastallize|p1a: Gliscor|Normal
|move|p2a: Ogerpon|Ivy Cudgel|p1a: Gliscor|[anim] Ivy Cudgel Water
|-damage|p1a: Gliscor|52/100 tox
|move|p1a: Gliscor|Facade|p2a: Ogerpon
|-damage|p2a: Ogerpon|0 fnt
|faint|p2a: Ogerpon
|
|-heal|p1a: Gliscor|65/100 tox|[from] ability: Poison Heal
|upkeep
|
|t:|1758992671
|switch|p2a: Iron Valiant|Iron Valiant, shiny|100/100
|-enditem|p2a: Iron Valiant|Booster Energy
|-activate|p2a: Iron Valiant|ability: Quark Drive|[fromitem]
|-start|p2a: Iron Valiant|quarkdrivespa
|turn|19
|
|t:|1758992687
|move|p1a: Gliscor|Protect|p1a: Gliscor
|-singleturn|p1a: Gliscor|Protect
|move|p2a: Iron Valiant|Focus Blast|p1a: Gliscor
|-activate|p1a: Gliscor|move: Protect
|
|-heal|p1a: Gliscor|77/100 tox|[from] ability: Poison Heal
|upkeep
|turn|20
|
|t:|1758992696
|move|p2a: Iron Valiant|Focus Blast|p1a: Gliscor
|-supereffective|p1a: Gliscor
|-damage|p1a: Gliscor|0 fnt
|faint|p1a: Gliscor
|
|win|GlideGuy
|raw|PREST JNR x's rating: 1301 &rarr; <strong>1279</strong><br />(-22 for losing)
|raw|GlideGuy's rating: 1258 &rarr; <strong>1286</strong><br />(+28 for winning)
|c|☆GlideGuy|Gg
|c|☆PREST JNR x|gg
