|j|☆lakagota
|j|☆caltech13
|t:|1758957855
|gametype|singles
|player|p1|lakagota|101|1290
|player|p2|caltech13|170|1262
|gen|9
|tier|[Gen 9] OU
|rated|
|rule|HP Percentage Mod: HP is shown in percentages
|rule|Endless Battle Clause: Forcing endless battles is banned
|rule|Species Clause: Limit one of each Pokémon
|rule|OHKO Clause: OHKO moves are banned
|rule|Evasion Items Clause: Evasion items are banned
|rule|Evasion Moves Clause: Evasion moves are banned
|rule|Evasion Abilities Clause: Evasion abilities are banned
|rule|Sleep Moves Clause: Sleep-inducing moves are banned
|clearpoke
|poke|p1|Ninetales-Alola, M|
|poke|p1|Garganacl, F|
|poke|p1|Meowscarada, M|
|poke|p1|Kingambit, F|
|poke|p1|Iron Boulder|
|poke|p1|Glimmora, M|
|poke|p2|Gliscor, M|
|poke|p2|Alomomola, F|
|poke|p2|Pecharunt|
|poke|p2|Great Tusk|
|poke|p2|Iron Crown|
|poke|p2|Kyurem|
|teampreview
|inactive|Battle timer is ON: inactive players will automatically lose when time's up. (requested by caltech13)
|
|t:|1758957897
|teamsize|p1|6
|teamsize|p2|6
|start
|switch|p1a: Meowscarada|Meowscarada, M|100/100
|switch|p2a: Kyurem|Kyurem|100/100
|-ability|p2a: Kyurem|Pressure
|turn|1
|inactive|lakagota has 120 seconds left.
|
|t:|1758957933
|move|p2a: Kyurem|Protect|p2a: Kyurem
|-singleturn|p2a: Kyurem|Protect
|move|p1a: Meowscarada|Triple Axel|p2a: Kyurem
|-start|p1a: Meowscarada|typechange|Ice|[from] ability: Protean
|-activate|p2a: Kyurem|move: Protect
|
|upkeep
|turn|2
|inactive|lakagota has 120 seconds left.
|
|t:|1758957957
|move|p1a: Meowscarada|Triple Axel|p2a: Kyurem
|-damage|p2a: Kyurem|89/100
|-damage|p2a: Kyurem|66/100
|-damage|p2a: Kyurem|31/100
|-hitcount|p2a: Kyurem|3
|-damage|p1a: Meowscarada|91/100|[from] item: Life Orb
|move|p2a: Kyurem|Dragon Dance|p2a: Kyurem
|-boost|p2a: Kyurem|atk|1
|-boost|p2a: Kyurem|spe|1
|
|-heal|p2a: Kyurem|37/100|[from] item: Leftovers
|upkeep
|turn|3
|
|t:|1758957971
|move|p2a: Kyurem|Protect|p2a: Kyurem
|-singleturn|p2a: Kyurem|Protect
|move|p1a: Meowscarada|Triple Axel|p2a: Kyurem
|-activate|p2a: Kyurem|move: Protect
|
|-heal|p2a: Kyurem|43/100|[from] item: Leftovers
|upkeep
|turn|4
|
|t:|1758957982
|switch|p2a: Great Tusk|Great Tusk|100/100
|move|p1a: Meowscarada|Triple Axel|p2a: Great Tusk
|-supereffective|p2a: Great Tusk
|-damage|p2a: Great Tusk|84/100
|-damage|p1a: Meowscarada|74/100|[from] item: Rocky Helmet|[of] p2a: Great Tusk
|-supereffective|p2a: Great Tusk
|-damage|p2a: Great Tusk|50/100
|-damage|p1a: Meowscarada|57/100|[from] item: Rocky Helmet|[of] p2a: Great Tusk
|-supereffective|p2a: Great Tusk
|-damage|p2a: Great Tusk|1/100
|-damage|p1a: Meowscarada|41/100|[from] item: Rocky Helmet|[of] p2a: Great Tusk
|-hitcount|p2a: Great Tusk|3
|-damage|p1a: Meowscarada|31/100|[from] item: Life Orb
|
|upkeep
|turn|5
|
|t:|1758957999
|move|p1a: Meowscarada|U-turn|p2a: Great Tusk
|-resisted|p2a: Great Tusk
|-damage|p2a: Great Tusk|0 fnt
|-damage|p1a: Meowscarada|14/100|[from] item: Rocky Helmet|[of] p2a: Great Tusk
|faint|p2a: Great Tusk
|-end|p2a: Great Tusk|Protosynthesis|[silent]
|-damage|p1a: Meowscarada|4/100|[from] item: Life Orb
|
|t:|1758958018
|switch|p1a: Glimmora|Glimmora, M|100/100|[from] U-turn
|
|upkeep
|
|t:|1758958022
|switch|p2a: Iron Crown|Iron Crown|100/100
|turn|6
|inactive|lakagota has 90 seconds left.
|
|t:|1758958062
|move|p2a: Iron Crown|Tachyon Cutter|p1a: Glimmora
|-supereffective|p1a: Glimmora
|-damage|p1a: Glimmora|0 fnt
|faint|p1a: Glimmora
|-hitcount|p1: Glimmora|1
|
|upkeep
|
|t:|1758958075
|switch|p1a: Meowscarada|Meowscarada, M|4/100
|turn|7
|
|t:|1758958084
|-terastallize|p2a: Iron Crown|Steel
|move|p1a: Meowscarada|Knock Off|p2a: Iron Crown
|-start|p1a: Meowscarada|typechange|Dark|[from] ability: Protean
|-damage|p2a: Iron Crown|34/100
|-enditem|p2a: Iron Crown|Choice Specs|[from] move: Knock Off|[of] p1a: Meowscarada
|-damage|p1a: Meowscarada|0 fnt|[from] item: Life Orb
|faint|p1a: Meowscarada
|move|p2a: Iron Crown|Tachyon Cutter|p1: Meowscarada|[notarget]
|-fail|p2a: Iron Crown
|
|upkeep
|inactive|lakagota has 60 seconds left.
|
|t:|1758958110
|switch|p1a: Kingambit|Kingambit, F|100/100
|-activate|p1a: Kingambit|ability: Supreme Overlord
|-start|p1a: Kingambit|fallen2|[silent]
|turn|8
|inactive|lakagota has 60 seconds left.
|
|t:|1758958124
|-terastallize|p1a: Kingambit|Fairy
|move|p2a: Iron Crown|Volt Switch|p1a: Kingambit
|-damage|p1a: Kingambit|76/100
|
|t:|1758958126
|-end|p2a: Iron Crown|Quark Drive|[silent]
|switch|p2a: Gliscor|Gliscor, M|100/100|[from] Volt Switch
|move|p1a: Kingambit|Kowtow Cleave|p2a: Gliscor
|-damage|p2a: Gliscor|60/100
|
|-heal|p1a: Kingambit|82/100|[from] item: Leftovers
|-status|p2a: Gliscor|tox|[from] item: Toxic Orb
|upkeep
|turn|9
|inactive|lakagota has 60 seconds left.
|
|t:|1758958150
|-end|p1a: Kingambit|fallen2|[silent]
|switch|p1a: Ninetales|Ninetales-Alola, M|100/100
|-weather|Snowscape|[from] ability: Snow Warning|[of] p1a: Ninetales
|move|p2a: Gliscor|Toxic|p1a: Ninetales
|-status|p1a: Ninetales|tox
|
|-weather|Snowscape|[upkeep]
|-damage|p1a: Ninetales|94/100 tox|[from] psn
|-heal|p2a: Gliscor|72/100 tox|[from] ability: Poison Heal
|upkeep
|turn|10
|
|t:|1758958160
|move|p1a: Ninetales|Aurora Veil|p1a: Ninetales
|-sidestart|p1: lakagota|move: Aurora Veil
|move|p2a: Gliscor|Spikes|p1a: Ninetales
|-sidestart|p1: lakagota|Spikes
|
|-weather|Snowscape|[upkeep]
|-damage|p1a: Ninetales|82/100 tox|[from] psn
|-heal|p2a: Gliscor|85/100 tox|[from] ability: Poison Heal
|upkeep
|turn|11
|inactive|lakagota has 60 seconds left.
|
|t:|1758958173
|switch|p1a: Garganacl|Garganacl, F|100/100
|-damage|p1a: Garganacl|88/100|[from] Spikes
|move|p2a: Gliscor|Spikes|p1a: Garganacl
|-sidestart|p1: lakagota|Spikes
|
|-weather|Snowscape|[upkeep]
|-heal|p1a: Garganacl|94/100|[from] item: Leftovers
|-heal|p2a: Gliscor|97/100 tox|[from] ability: Poison Heal
|upkeep
|turn|12
|inactive|lakagota has 60 seconds left.
|
|t:|1758958183
|move|p2a: Gliscor|Earthquake|p1a: Garganacl
|-supereffective|p1a: Garganacl
|-damage|p1a: Garganacl|73/100
|move|p1a: Garganacl|Curse|p1a: Garganacl
|-unboost|p1a: Garganacl|spe|1
|-boost|p1a: Garganacl|atk|1
|-boost|p1a: Garganacl|def|1
|
|-weather|Snowscape|[upkeep]
|-heal|p1a: Garganacl|79/100|[from] item: Leftovers
|-heal|p2a: Gliscor|100/100 tox|[from] ability: Poison Heal
|upkeep
|turn|13
|inactive|lakagota has 60 seconds left.
|
|t:|1758958199
|move|p2a: Gliscor|Spikes|p1a: Garganacl
|-sidestart|p1: lakagota|Spikes
|move|p1a: Garganacl|Salt Cure|p2a: Gliscor
|-damage|p2a: Gliscor|87/100 tox
|-start|p2a: Gliscor|Salt Cure
|
|-weather|none
|-heal|p1a: Garganacl|85/100|[from] item: Leftovers
|-heal|p2a: Gliscor|99/100 tox|[from] ability: Poison Heal
|-damage|p2a: Gliscor|87/100 tox|[from] Salt Cure
|upkeep
|turn|14
|inactive|lakagota has 60 seconds left.
|
|t:|1758958210
|switch|p2a: Iron Crown|Iron Crown, tera:Steel|34/100
|move|p1a: Garganacl|Protect||[still]
|-fail|p1a: Garganacl
|
|-heal|p1a: Garganacl|91/100|[from] item: Leftovers
|upkeep
|turn|15
|inactive|lakagota has 60 seconds left.
|
|t:|1758958228
|-end|p2a: Iron Crown|Quark Drive|[silent]
|switch|p2a: Gliscor|Gliscor, M|87/100 tox
|move|p1a: Garganacl|Salt Cure|p2a: Gliscor
|-damage|p2a: Gliscor|73/100 tox
|-start|p2a: Gliscor|Salt Cure
|
|-heal|p1a: Garganacl|98/100|[from] item: Leftovers
|-heal|p2a: Gliscor|86/100 tox|[from] ability: Poison Heal
|-damage|p2a: Gliscor|73/100 tox|[from] Salt Cure
|upkeep
|turn|16
|inactive|lakagota has 60 seconds left.
|
|t:|1758958240
|switch|p2a: Alomomola|Alomomola, F|100/100
|move|p1a: Garganacl|Curse|p1a: Garganacl
|-unboost|p1a: Garganacl|spe|1
|-boost|p1a: Garganacl|atk|1
|-boost|p1a: Garganacl|def|1
|
|-heal|p1a: Garganacl|100/100|[from] item: Leftovers
|upkeep
|turn|17
|
|t:|1758958251
|move|p2a: Alomomola|Flip Turn|p1a: Garganacl
|-supereffective|p1a: Garganacl
|-damage|p1a: Garganacl|95/100
|
|t:|1758958253
|switch|p2a: Kyurem|Kyurem|43/100|[from] Flip Turn
|-ability|p2a: Kyurem|Pressure
|move|p1a: Garganacl|Salt Cure|p2a: Kyurem
|-supereffective|p2a: Kyurem
|-damage|p2a: Kyurem|0 fnt
|faint|p2a: Kyurem
|
|-heal|p1a: Garganacl|100/100|[from] item: Leftovers
|-sideend|p1: lakagota|move: Aurora Veil
|upkeep
|
|t:|1758958254
|switch|p2a: Iron Crown|Iron Crown, tera:Steel|34/100
|turn|18
|
|t:|1758958267
|move|p2a: Iron Crown|Tachyon Cutter|p1a: Garganacl
|-supereffective|p1a: Garganacl
|-damage|p1a: Garganacl|56/100
|-supereffective|p1a: Garganacl
|-damage|p1a: Garganacl|13/100
|-hitcount|p1a: Garganacl|2
|move|p1a: Garganacl|Salt Cure|p2a: Iron Crown
|-resisted|p2a: Iron Crown
|-damage|p2a: Iron Crown|20/100
|-start|p2a: Iron Crown|Salt Cure
|
|-heal|p1a: Garganacl|20/100|[from] item: Leftovers
|-damage|p2a: Iron Crown|0 fnt|[from] Salt Cure
|faint|p2a: Iron Crown
|-end|p2a: Iron Crown|Quark Drive|[silent]
|upkeep
|
|t:|1758958280
|switch|p2a: Pecharunt|Pecharunt|100/100
|turn|19
|
|t:|1758958286
|move|p2a: Pecharunt|Malignant Chain|p1a: Garganacl
|-resisted|p1a: Garganacl
|-damage|p1a: Garganacl|10/100
|move|p1a: Garganacl|Salt Cure|p2a: Pecharunt
|-damage|p2a: Pecharunt|88/100
|-start|p2a: Pecharunt|Salt Cure
|
|-heal|p1a: Garganacl|16/100|[from] item: Leftovers
|-damage|p2a: Pecharunt|75/100|[from] Salt Cure
|upkeep
|turn|20
|inactive|lakagota has 90 seconds left.
|
|t:|1758958296
|move|p1a: Garganacl|Protect|p1a: Garganacl
|-singleturn|p1a: Garganacl|Protect
|move|p2a: Pecharunt|Foul Play|p1a: Garganacl
|-activate|p1a: Garganacl|move: Protect
|
|-heal|p1a: Garganacl|22/100|[from] item: Leftovers
|-damage|p2a: Pecharunt|63/100|[from] Salt Cure
|upkeep
|turn|21
|inactive|lakagota has 90 seconds left.
|
|t:|1758958304
|move|p2a: Pecharunt|Foul Play|p1a: Garganacl
|-damage|p1a: Garganacl|8/100
|move|p1a: Garganacl|Recover|p1a: Garganacl
|-heal|p1a: Garganacl|58/100
|
|-heal|p1a: Garganacl|64/100|[from] item: Leftovers
|-damage|p2a: Pecharunt|50/100|[from] Salt Cure
|upkeep
|turn|22
|inactive|lakagota has 90 seconds left.
|
|t:|1758958314
|switch|p2a: Gliscor|Gliscor, M|73/100 tox
|move|p1a: Garganacl|Recover|p1a: Garganacl
|-heal|p1a: Garganacl|100/100
|
|-heal|p2a: Gliscor|86/100 tox|[from] ability: Poison Heal
|upkeep
|turn|23
|
|t:|1758958325
|move|p2a: Gliscor|Protect|p2a: Gliscor
|-singleturn|p2a: Gliscor|Protect
|move|p1a: Garganacl|Curse|p1a: Garganacl
|-unboost|p1a: Garganacl|spe|1
|-boost|p1a: Garganacl|atk|1
|-boost|p1a: Garganacl|def|1
|
|-heal|p2a: Gliscor|98/100 tox|[from] ability: Poison Heal
|upkeep
|turn|24
|
|t:|1758958333
|move|p2a: Gliscor|Earthquake|p1a: Garganacl
|-supereffective|p1a: Garganacl
|-damage|p1a: Garganacl|82/100
|move|p1a: Garganacl|Salt Cure|p2a: Gliscor
|-damage|p2a: Gliscor|77/100 tox
|-start|p2a: Gliscor|Salt Cure
|
|-heal|p1a: Garganacl|88/100|[from] item: Leftovers
|-heal|p2a: Gliscor|90/100 tox|[from] ability: Poison Heal
|-damage|p2a: Gliscor|77/100 tox|[from] Salt Cure
|upkeep
|turn|25
|
|t:|1758958345
|move|p2a: Gliscor|Spikes||[still]
|-fail|p2a: Gliscor
|move|p1a: Garganacl|Curse|p1a: Garganacl
|-unboost|p1a: Garganacl|spe|1
|-boost|p1a: Garganacl|atk|1
|-boost|p1a: Garganacl|def|1
|
|-heal|p1a: Garganacl|95/100|[from] item: Leftovers
|-heal|p2a: Gliscor|90/100 tox|[from] ability: Poison Heal
|-damage|p2a: Gliscor|77/100 tox|[from] Salt Cure
|upkeep
|turn|26
|
|t:|1758958355
|move|p2a: Gliscor|Spikes||[still]
|-fail|p2a: Gliscor
|move|p1a: Garganacl|Salt Cure|p2a: Gliscor
|-damage|p2a: Gliscor|52/100 tox
|
|-heal|p1a: Garganacl|100/100|[from] item: Leftovers
|-heal|p2a: Gliscor|64/100 tox|[from] ability: Poison Heal
|-damage|p2a: Gliscor|52/100 tox|[from] Salt Cure
|upkeep
|turn|27
|
|t:|1758958366
|move|p2a: Gliscor|Protect|p2a: Gliscor
|-singleturn|p2a: Gliscor|Protect
|move|p1a: Garganacl|Curse|p1a: Garganacl
|-unboost|p1a: Garganacl|spe|1
|-boost|p1a: Garganacl|atk|1
|-boost|p1a: Garganacl|def|1
|
|-heal|p2a: Gliscor|64/100 tox|[from] ability: Poison Heal
|-damage|p2a: Gliscor|52/100 tox|[from] Salt Cure
|upkeep
|turn|28
|-message|caltech13 forfeited.
|
|win|lakagota
|raw|lakagota's rating: 1290 &rarr; <strong>1313</strong><br />(+23 for winning)
|raw|caltech13's rating: 1262 &rarr; <strong>1239</strong><br />(-23 for losing)
|l|☆caltech13
|player|p2|
|c|☆lakagota|ggwp
