|j|☆mouretossian
|j|☆CRAPUSTULA FRENCH
|t:|1759004044
|gametype|singles
|player|p1|mouretossian|winona|1101
|player|p2|CRAPUSTULA FRENCH|dawn-gen4pt|1093
|gen|9
|tier|[Gen 9] OU
|rated|
|rule|HP Percentage Mod: HP is shown in percentages
|rule|Endless Battle Clause: Forcing endless battles is banned
|rule|Species Clause: Limit one of each Pokémon
|rule|OHKO Clause: OHKO moves are banned
|rule|Evasion Items Clause: Evasion items are banned
|rule|Evasion Moves Clause: Evasion moves are banned
|rule|Evasion Abilities Clause: Evasion abilities are banned
|rule|Sleep Moves Clause: Sleep-inducing moves are banned
|clearpoke
|poke|p1|Tentacruel, M|
|poke|p1|Dragapult, M|
|poke|p1|Slither Wing|
|poke|p1|Iron Moth|
|poke|p1|Primarina, F|
|poke|p1|Meowscarada, M|
|poke|p2|Ting-Lu|
|poke|p2|Pikachu-Alola, M|
|poke|p2|Corviknight, M|
|poke|p2|Ogerpon-Wellspring, F|
|poke|p2|Blaziken, M|
|poke|p2|Iron Valiant|
|teampreview
|inactive|Battle timer is ON: inactive players will automatically lose when time's up. (requested by CRAPUSTULA FRENCH)
|c|☆mouretossian|Are u french?
|c|☆mouretossian|Moi oui
|inactive|mouretossian has 120 seconds left.
|
|t:|1759004075
|teamsize|p1|6
|teamsize|p2|6
|start
|switch|p1a: Tentacruel|Tentacruel, M|100/100
|switch|p2a: SEAN|Corviknight, M|100/100
|turn|1
|
|t:|1759004090
|move|p1a: Tentacruel|Substitute|p1a: Tentacruel
|-start|p1a: Tentacruel|Substitute
|-damage|p1a: Tentacruel|76/100
|move|p2a: SEAN|Taunt|p1a: Tentacruel
|-start|p1a: Tentacruel|move: Taunt
|
|-heal|p1a: Tentacruel|82/100|[from] item: Black Sludge
|upkeep
|turn|2
|c|☆CRAPUSTULA FRENCH|Oh l'approche de fou XD
|c|☆mouretossian|XD Oe clonage
|
|t:|1759004113
|move|p1a: Tentacruel|Surf|p2a: SEAN
|-damage|p2a: SEAN|77/100
|move|p2a: SEAN|U-turn|p1a: Tentacruel
|-resisted|p1a: Tentacruel
|-activate|p1a: Tentacruel|move: Substitute|[damage]
|
|t:|1759004119
|switch|p2a: BLUE SHIRT|Ogerpon-Wellspring, F|100/100|[from] U-turn
|
|-heal|p1a: Tentacruel|88/100|[from] item: Black Sludge
|upkeep
|turn|3
|c|☆mouretossian|Ah, tu parles de mes anciens messages?
|inactive|CRAPUSTULA FRENCH has 120 seconds left.
|c|☆CRAPUSTULA FRENCH|Oe
|
|t:|1759004150
|move|p2a: BLUE SHIRT|U-turn|p1a: Tentacruel
|-resisted|p1a: Tentacruel
|-end|p1a: Tentacruel|Substitute
|
|t:|1759004153
|switch|p2a: JEAN-LUC|Pikachu-Alola, M|100/100|[from] U-turn
|move|p1a: Tentacruel|Rapid Spin|p2a: JEAN-LUC
|-damage|p2a: JEAN-LUC|74/100
|-boost|p1a: Tentacruel|spe|1
|
|-heal|p1a: Tentacruel|94/100|[from] item: Black Sludge
|upkeep
|turn|4
|c|☆mouretossian|T un gars?
|inactive|CRAPUSTULA FRENCH has 120 seconds left.
|c|☆CRAPUSTULA FRENCH|Oep
|c|☆mouretossian|Ok, cool
|c|☆mouretossian|Tu es o^en france?
|c|☆mouretossian|où*
|c|☆CRAPUSTULA FRENCH|Frr il est trop relou ton Tentacruel là
|inactive|mouretossian has 120 seconds left.
|inactive|CRAPUSTULA FRENCH has 90 seconds left.
|c|☆CRAPUSTULA FRENCH|Non, je suis sur Terre
|
|t:|1759004197
|move|p1a: Tentacruel|Acid Spray|p2a: JEAN-LUC
|-damage|p2a: JEAN-LUC|37/100
|-unboost|p2a: JEAN-LUC|spd|2
|move|p2a: JEAN-LUC|Thunderbolt|p1a: Tentacruel
|-supereffective|p1a: Tentacruel
|-damage|p1a: Tentacruel|20/100
|-status|p1a: Tentacruel|par
|
|-heal|p1a: Tentacruel|26/100 par|[from] item: Black Sludge
|-end|p1a: Tentacruel|move: Taunt
|upkeep
|turn|5
|inactive|mouretossian has 120 seconds left.
|inactive|CRAPUSTULA FRENCH has 90 seconds left.
|
|t:|1759004210
|switch|p1a: Meowscarada|Meowscarada, M|100/100
|move|p2a: JEAN-LUC|Volt Switch|p1a: Meowscarada
|-resisted|p1a: Meowscarada
|-damage|p1a: Meowscarada|67/100
|inactive|CRAPUSTULA FRENCH has 90 seconds left.
|
|t:|1759004217
|switch|p2a: MAXENCE|Blaziken, M|100/100|[from] Volt Switch
|
|upkeep
|turn|6
|
|t:|1759004224
|move|p1a: Meowscarada|Knock Off|p2a: MAXENCE
|-start|p1a: Meowscarada|typechange|Dark|[from] ability: Protean
|-resisted|p2a: MAXENCE
|-damage|p2a: MAXENCE|55/100
|-enditem|p2a: MAXENCE|Life Orb|[from] move: Knock Off|[of] p1a: Meowscarada
|-damage|p1a: Meowscarada|57/100|[from] item: Life Orb
|move|p2a: MAXENCE|Swords Dance|p2a: MAXENCE
|-boost|p2a: MAXENCE|atk|2
|
|-ability|p2a: MAXENCE|Speed Boost|boost
|-boost|p2a: MAXENCE|spe|1
|upkeep
|turn|7
|inactive|mouretossian has 120 seconds left.
|
|t:|1759004240
|move|p2a: MAXENCE|Close Combat|p1a: Meowscarada
|-supereffective|p1a: Meowscarada
|-damage|p1a: Meowscarada|0 fnt
|-unboost|p2a: MAXENCE|def|1
|-unboost|p2a: MAXENCE|spd|1
|faint|p1a: Meowscarada
|
|-ability|p2a: MAXENCE|Speed Boost|boost
|-boost|p2a: MAXENCE|spe|1
|upkeep
|inactive|mouretossian has 120 seconds left.
|
|t:|1759004250
|switch|p1a: Dragapult|Dragapult, M|100/100
|turn|8
|
|t:|1759004256
|move|p2a: MAXENCE|Protect|p2a: MAXENCE
|-singleturn|p2a: MAXENCE|Protect
|move|p1a: Dragapult|Shadow Ball|p2a: MAXENCE
|-activate|p2a: MAXENCE|move: Protect
|
|-ability|p2a: MAXENCE|Speed Boost|boost
|-boost|p2a: MAXENCE|spe|1
|upkeep
|turn|9
|c|☆CRAPUSTULA FRENCH|Dragapult spécial Sweeper ??
|
|t:|1759004271
|move|p2a: MAXENCE|Flare Blitz|p1a: Dragapult
|-resisted|p1a: Dragapult
|-damage|p1a: Dragapult|16/100
|-damage|p2a: MAXENCE|26/100|[from] Recoil
|move|p1a: Dragapult|Shadow Ball|p2a: MAXENCE
|-damage|p2a: MAXENCE|0 fnt
|faint|p2a: MAXENCE
|
|upkeep
|c|☆mouretossian|Oui
|
|t:|1759004277
|switch|p2a: JEAN-LUC|Pikachu-Alola, M|37/100
|turn|10
|c|☆CRAPUSTULA FRENCH|Aze
|
|t:|1759004296
|switch|p1a: Iron Moth|Iron Moth|100/100
|-enditem|p1a: Iron Moth|Booster Energy
|-activate|p1a: Iron Moth|ability: Quark Drive|[fromitem]
|-start|p1a: Iron Moth|quarkdrivespe
|move|p2a: JEAN-LUC|Draining Kiss|p1a: Iron Moth
|-resisted|p1a: Iron Moth
|-damage|p1a: Iron Moth|96/100
|-heal|p2a: JEAN-LUC|43/100|[from] drain|[of] p1a: Iron Moth
|
|upkeep
|turn|11
|inactive|CRAPUSTULA FRENCH has 120 seconds left.
|c|☆CRAPUSTULA FRENCH|Ben ett dcp ? France ? T un mec ?
|
|t:|1759004321
|move|p1a: Iron Moth|Fiery Dance|p2a: JEAN-LUC
|-crit|p2a: JEAN-LUC
|-damage|p2a: JEAN-LUC|0 fnt
|faint|p2a: JEAN-LUC
|
|upkeep
|
|t:|1759004325
|switch|p2a: SEAN|Corviknight, M|77/100
|turn|12
|c|☆mouretossian|Oui, j'ai 16 ans et je suis en vendée
|
|t:|1759004337
|-terastallize|p2a: SEAN|Dragon
|move|p1a: Iron Moth|Fiery Dance|p2a: SEAN
|-resisted|p2a: SEAN
|-damage|p2a: SEAN|62/100
|move|p2a: SEAN|U-turn|p1a: Iron Moth
|-resisted|p1a: Iron Moth
|-damage|p1a: Iron Moth|90/100
|c|☆CRAPUSTULA FRENCH|Ah oee force pour le lycée
|
|t:|1759004349
|switch|p2a: BLUE SHIRT|Ogerpon-Wellspring, F|100/100|[from] U-turn
|
|upkeep
|turn|13
|c|☆mouretossian|Mrc, T où toi au lycée?
|
|t:|1759004364
|move|p2a: BLUE SHIRT|Spiky Shield|p2a: BLUE SHIRT
|-singleturn|p2a: BLUE SHIRT|move: Protect
|move|p1a: Iron Moth|Sludge Wave|p2a: BLUE SHIRT
|-activate|p2a: BLUE SHIRT|move: Protect
|
|upkeep
|turn|14
|c|☆CRAPUSTULA FRENCH|J'ai même pas le brevet chef XD
|c|☆mouretossian|Ah ok, T en 4eme?
|c|☆CRAPUSTULA FRENCH|J'ai 14 piges, jle passe cette année
|inactive|CRAPUSTULA FRENCH has 90 seconds left.
|c|☆CRAPUSTULA FRENCH|Nan 3eme
|c|☆mouretossian|Ok, super
|
|t:|1759004397
|move|p1a: Iron Moth|Fiery Dance|p2a: BLUE SHIRT
|-damage|p2a: BLUE SHIRT|52/100
|move|p2a: BLUE SHIRT|Ivy Cudgel|p1a: Iron Moth|[anim] Ivy Cudgel Water
|-supereffective|p1a: Iron Moth
|-damage|p1a: Iron Moth|0 fnt
|faint|p1a: Iron Moth
|-end|p1a: Iron Moth|Quark Drive|[silent]
|
|upkeep
|
|t:|1759004409
|switch|p1a: Dragapult|Dragapult, M|16/100
|turn|15
|
|t:|1759004418
|move|p1a: Dragapult|U-turn|p2a: BLUE SHIRT
|-supereffective|p2a: BLUE SHIRT
|-crit|p2a: BLUE SHIRT
|-damage|p2a: BLUE SHIRT|0 fnt
|faint|p2a: BLUE SHIRT
|c|☆mouretossian|Chuis mxed Draga
|c|☆CRAPUSTULA FRENCH|??
|inactive|mouretossian has 120 seconds left.
|c|☆CRAPUSTULA FRENCH|Mxed ????
|c|☆mouretossian|Mon dragapult est mixed (spécial ET physique)
|
|t:|1759004469
|switch|p1a: Slither Wing|Slither Wing|100/100|[from] U-turn
|
|upkeep
|
|t:|1759004473
|switch|p2a: SEAN|Corviknight, M, tera:Dragon|62/100
|turn|16
|c|☆CRAPUSTULA FRENCH|Je suis pareil avec Iron Vaillant
|
|t:|1759004486
|move|p1a: Slither Wing|Flame Charge|p2a: SEAN
|-resisted|p2a: SEAN
|-damage|p2a: SEAN|56/100
|-boost|p1a: Slither Wing|spe|1
|move|p2a: SEAN|Taunt|p1a: Slither Wing
|-start|p1a: Slither Wing|move: Taunt
|
|-heal|p2a: SEAN|62/100|[from] item: Leftovers
|upkeep
|turn|17
|inactive|mouretossian has 120 seconds left.
|c|☆mouretossian|Oe Moon et Close?
|
|t:|1759004499
|move|p1a: Slither Wing|Flame Charge|p2a: SEAN
|-resisted|p2a: SEAN
|-damage|p2a: SEAN|56/100
|-boost|p1a: Slither Wing|spe|1
|move|p2a: SEAN|U-turn|p1a: Slither Wing
|-resisted|p1a: Slither Wing
|-damage|p1a: Slither Wing|91/100
|c|☆CRAPUSTULA FRENCH|Je vais pa ste dire
|c|☆CRAPUSTULA FRENCH|Te dire
|
|t:|1759004511
|switch|p2a: CHARAL VERDE|Ting-Lu, shiny|100/100|[from] U-turn
|-ability|p2a: CHARAL VERDE|Vessel of Ruin
|
|upkeep
|turn|18
|
|t:|1759004522
|move|p1a: Slither Wing|Leech Life|p2a: CHARAL VERDE
|-supereffective|p2a: CHARAL VERDE
|-damage|p2a: CHARAL VERDE|65/100
|-heal|p1a: Slither Wing|100/100|[from] drain|[of] p2a: CHARAL VERDE
|-damage|p1a: Slither Wing|84/100|[from] item: Rocky Helmet|[of] p2a: CHARAL VERDE
|move|p2a: CHARAL VERDE|Whirlwind|p1a: Slither Wing
|-end|p1a: Slither Wing|Protosynthesis|[silent]
|drag|p1a: Dragapult|Dragapult, M|16/100
|
|upkeep
|turn|19
|
|t:|1759004532
|move|p1a: Dragapult|U-turn|p2a: CHARAL VERDE
|-supereffective|p2a: CHARAL VERDE
|-damage|p2a: CHARAL VERDE|52/100
|-damage|p1a: Dragapult|0 fnt|[from] item: Rocky Helmet|[of] p2a: CHARAL VERDE
|faint|p1a: Dragapult
|move|p2a: CHARAL VERDE|Earthquake|p1: Dragapult|[notarget]
|-fail|p2a: CHARAL VERDE
|
|upkeep
|inactive|mouretossian has 120 seconds left.
|
|t:|1759004542
|switch|p1a: Slither Wing|Slither Wing|84/100
|turn|20
|
|t:|1759004546
|move|p1a: Slither Wing|Bulk Up|p1a: Slither Wing
|-boost|p1a: Slither Wing|atk|1
|-boost|p1a: Slither Wing|def|1
|move|p2a: CHARAL VERDE|Stealth Rock|p1a: Slither Wing
|-sidestart|p1: mouretossian|move: Stealth Rock
|
|upkeep
|turn|21
|
|t:|1759004553
|move|p1a: Slither Wing|Leech Life|p2a: CHARAL VERDE
|-supereffective|p2a: CHARAL VERDE
|-damage|p2a: CHARAL VERDE|0 fnt
|-heal|p1a: Slither Wing|100/100|[from] drain|[of] p2a: CHARAL VERDE
|-damage|p1a: Slither Wing|84/100|[from] item: Rocky Helmet|[of] p2a: CHARAL VERDE
|faint|p2a: CHARAL VERDE
|
|upkeep
|
|t:|1759004558
|switch|p2a: BENOÎT|Iron Valiant|100/100
|-enditem|p2a: BENOÎT|Booster Energy
|-activate|p2a: BENOÎT|ability: Quark Drive|[fromitem]
|-start|p2a: BENOÎT|quarkdrivespe
|turn|22
|
|t:|1759004565
|-end|p1a: Slither Wing|Protosynthesis|[silent]
|switch|p1a: Tentacruel|Tentacruel, M|26/100 par
|-damage|p1a: Tentacruel|13/100 par|[from] Stealth Rock
|move|p2a: BENOÎT|Swords Dance|p2a: BENOÎT
|-boost|p2a: BENOÎT|atk|2
|
|-heal|p1a: Tentacruel|19/100 par|[from] item: Black Sludge
|upkeep
|turn|23
|c|☆mouretossian|GG, j'ai perdu
|c|☆CRAPUSTULA FRENCH|Tas trop cru j'allais faire Moonblast
|c|☆CRAPUSTULA FRENCH|GG too
|c|☆mouretossian|Oe
|inactive|mouretossian has 120 seconds left.
|
|t:|1759004595
|move|p2a: BENOÎT|Knock Off|p1a: Tentacruel
|-damage|p1a: Tentacruel|0 fnt
|-enditem|p1a: Tentacruel|Black Sludge|[from] move: Knock Off|[of] p2a: BENOÎT
|faint|p1a: Tentacruel
|
|upkeep
|inactive|mouretossian has 120 seconds left.
|
|t:|1759004601
|switch|p1a: Primarina|Primarina, F|100/100
|-damage|p1a: Primarina|88/100|[from] Stealth Rock
|turn|24
|c|☆CRAPUSTULA FRENCH|Après y'a un monde tu tank le Moonblast
|
|t:|1759004625
|move|p2a: BENOÎT|Moonblast|p1a: Primarina
|-damage|p1a: Primarina|51/100
|-unboost|p1a: Primarina|spa|1
|move|p1a: Primarina|Draining Kiss|p2a: BENOÎT
|-supereffective|p2a: BENOÎT
|-damage|p2a: BENOÎT|46/100
|-heal|p1a: Primarina|85/100|[from] drain|[of] p2a: BENOÎT
|
|-heal|p1a: Primarina|91/100|[from] item: Leftovers
|upkeep
|turn|25
|c|☆CRAPUSTULA FRENCH|De ouf meme
|
|t:|1759004638
|move|p2a: BENOÎT|Drain Punch|p1a: Primarina
|-resisted|p1a: Primarina
|-damage|p1a: Primarina|64/100
|-heal|p2a: BENOÎT|62/100|[from] drain|[of] p1a: Primarina
|move|p1a: Primarina|Draining Kiss|p2a: BENOÎT
|-supereffective|p2a: BENOÎT
|-damage|p2a: BENOÎT|4/100
|-heal|p1a: Primarina|99/100|[from] drain|[of] p2a: BENOÎT
|
|-heal|p1a: Primarina|100/100|[from] item: Leftovers
|upkeep
|turn|26
|c|☆CRAPUSTULA FRENCH|C moi g duper la
|inactive|CRAPUSTULA FRENCH has 120 seconds left.
|
|t:|1759004662
|move|p2a: BENOÎT|Moonblast|p1a: Primarina
|-damage|p1a: Primarina|61/100
|move|p1a: Primarina|Draining Kiss|p2a: BENOÎT
|-supereffective|p2a: BENOÎT
|-damage|p2a: BENOÎT|0 fnt
|-heal|p1a: Primarina|63/100|[from] drain|[of] p2a: BENOÎT
|faint|p2a: BENOÎT
|-end|p2a: BENOÎT|Quark Drive|[silent]
|
|-heal|p1a: Primarina|69/100|[from] item: Leftovers
|upkeep
|
|t:|1759004664
|switch|p2a: SEAN|Corviknight, M, tera:Dragon|56/100
|turn|27
|
|t:|1759004675
|move|p2a: SEAN|Body Press|p1a: Primarina
|-resisted|p1a: Primarina
|-damage|p1a: Primarina|57/100
|move|p1a: Primarina|Draining Kiss|p2a: SEAN
|-supereffective|p2a: SEAN
|-damage|p2a: SEAN|33/100
|-heal|p1a: Primarina|77/100|[from] drain|[of] p2a: SEAN
|
|-heal|p2a: SEAN|39/100|[from] item: Leftovers
|-heal|p1a: Primarina|83/100|[from] item: Leftovers
|upkeep
|turn|28
|inactive|CRAPUSTULA FRENCH has 120 seconds left.
|inactive|CRAPUSTULA FRENCH has 90 seconds left.
|
|t:|1759004729
|move|p2a: SEAN|Body Press|p1a: Primarina
|-resisted|p1a: Primarina
|-damage|p1a: Primarina|72/100
|move|p1a: Primarina|Calm Mind|p1a: Primarina
|-boost|p1a: Primarina|spa|1
|-boost|p1a: Primarina|spd|1
|
|-heal|p2a: SEAN|46/100|[from] item: Leftovers
|-heal|p1a: Primarina|78/100|[from] item: Leftovers
|upkeep
|turn|29
|inactive|CRAPUSTULA FRENCH has 90 seconds left.
|c|☆mouretossian|GG, j'ai gagné finalement
|c|☆CRAPUSTULA FRENCH|Comment je pouvais win ?
|
|t:|1759004761
|move|p2a: SEAN|U-turn|p1a: Primarina
|-resisted|p1a: Primarina
|-damage|p1a: Primarina|71/100
|move|p1a: Primarina|Calm Mind|p1a: Primarina
|-boost|p1a: Primarina|spa|1
|-boost|p1a: Primarina|spd|1
|
|-heal|p2a: SEAN|52/100|[from] item: Leftovers
|-heal|p1a: Primarina|77/100|[from] item: Leftovers
|upkeep
|turn|30
|c|☆mouretossian|En faiant Crit max roll sur Moon ca passait
|c|☆mouretossian|faisant*
|inactive|mouretossian has 120 seconds left.
|
|t:|1759004794
|move|p2a: SEAN|Taunt|p1a: Primarina
|-start|p1a: Primarina|move: Taunt
|move|p1a: Primarina|Draining Kiss|p2a: SEAN
|-supereffective|p2a: SEAN
|-damage|p2a: SEAN|1/100
|-heal|p1a: Primarina|100/100|[from] drain|[of] p2a: SEAN
|
|-heal|p2a: SEAN|7/100|[from] item: Leftovers
|upkeep
|turn|31
|c|☆CRAPUSTULA FRENCH|Probablement mais avec ma chance monstrueuse...
|c|☆mouretossian|On devient ami?
|inactive|mouretossian has 120 seconds left.
|c|☆CRAPUSTULA FRENCH|J'allais le faire XD
|inactive|CRAPUSTULA FRENCH has 60 seconds left.
|c|☆mouretossian|Ok, A+
|-message|CRAPUSTULA FRENCH forfeited.
|
|win|mouretossian
|raw|mouretossian's rating: 1101 &rarr; <strong>1125</strong><br />(+24 for winning)
|raw|CRAPUSTULA FRENCH's rating: 1093 &rarr; <strong>1070</strong><br />(-23 for losing)
|l|☆CRAPUSTULA FRENCH
|player|p2|
|c|☆mouretossian|GG
|l|☆mouretossian
|player|p1|
