|j|‽oehtwashere
|j|☆lerendezvous
|t:|1758914544
|gametype|singles
|player|p1|oehtwashere|supernerd|1830
|player|p2|lerendezvous|101|1716
|gen|9
|tier|[Gen 9] OU
|rated|
|rule|HP Percentage Mod: HP is shown in percentages
|rule|Endless Battle Clause: Forcing endless battles is banned
|rule|Species Clause: Limit one of each Pokémon
|rule|OHKO Clause: OHKO moves are banned
|rule|Evasion Items Clause: Evasion items are banned
|rule|Evasion Moves Clause: Evasion moves are banned
|rule|Evasion Abilities Clause: Evasion abilities are banned
|rule|Sleep Moves Clause: Sleep-inducing moves are banned
|clearpoke
|poke|p1|Enamorus, F|
|poke|p1|Primarina, F|
|poke|p1|Iron Treads|
|poke|p1|Dragonite, F|
|poke|p1|Cinderace, F|
|poke|p1|Zamazenta-*|
|poke|p2|Ogerpon-Wellspring, F|
|poke|p2|Slowking-Galar, F|
|poke|p2|Great Tusk|
|poke|p2|Moltres|
|poke|p2|Dragapult, F|
|poke|p2|Kingambit, F|
|teampreview
|inactive|Battle timer is ON: inactive players will automatically lose when time's up. (requested by oehtwashere)
|inactive|lerendezvous also wants the timer to be on.
|
|t:|1758914558
|teamsize|p1|6
|teamsize|p2|6
|start
|switch|p1a: Iron Treads|Iron Treads|100/100
|switch|p2a: Slowking|Slowking-Galar, F|100/100
|turn|1
|
|t:|1758914564
|move|p1a: Iron Treads|Stealth Rock|p2a: Slowking
|-sidestart|p2: lerendezvous|move: Stealth Rock
|move|p2a: Slowking|Flamethrower|p1a: Iron Treads
|-supereffective|p1a: Iron Treads
|-damage|p1a: Iron Treads|58/100
|
|-heal|p1a: Iron Treads|64/100|[from] item: Leftovers
|upkeep
|turn|2
|
|t:|1758914571
|move|p1a: Iron Treads|Earthquake|p2a: Slowking
|-supereffective|p2a: Slowking
|-damage|p2a: Slowking|27/100
|move|p2a: Slowking|Flamethrower|p1a: Iron Treads
|-supereffective|p1a: Iron Treads
|-damage|p1a: Iron Treads|15/100
|
|-heal|p1a: Iron Treads|21/100|[from] item: Leftovers
|upkeep
|turn|3
|
|t:|1758914577
|switch|p2a: Great Tusk|Great Tusk|100/100
|-damage|p2a: Great Tusk|98/100|[from] Stealth Rock
|move|p1a: Iron Treads|Earthquake|p2a: Great Tusk
|-damage|p2a: Great Tusk|68/100
|
|-heal|p1a: Iron Treads|27/100|[from] item: Leftovers
|upkeep
|turn|4
|
|t:|1758914590
|move|p2a: Great Tusk|Rapid Spin|p1a: Iron Treads
|-resisted|p1a: Iron Treads
|-damage|p1a: Iron Treads|20/100
|-boost|p2a: Great Tusk|spe|1
|-sideend|p2: lerendezvous|Stealth Rock|[from] move: Rapid Spin|[of] p2a: Great Tusk
|move|p1a: Iron Treads|Stealth Rock|p2a: Great Tusk
|-sidestart|p2: lerendezvous|move: Stealth Rock
|
|-heal|p1a: Iron Treads|26/100|[from] item: Leftovers
|upkeep
|turn|5
|
|t:|1758914600
|-end|p1a: Iron Treads|Quark Drive|[silent]
|switch|p1a: Zamazenta|Zamazenta|100/100
|-ability|p1a: Zamazenta|Dauntless Shield|boost
|-boost|p1a: Zamazenta|def|1
|move|p2a: Great Tusk|Rapid Spin|p1a: Zamazenta
|-damage|p1a: Zamazenta|89/100
|-boost|p2a: Great Tusk|spe|1
|-sideend|p2: lerendezvous|Stealth Rock|[from] move: Rapid Spin|[of] p2a: Great Tusk
|
|upkeep
|turn|6
|
|t:|1758914607
|move|p2a: Great Tusk|Ice Spinner|p1a: Zamazenta
|-damage|p1a: Zamazenta|71/100
|move|p1a: Zamazenta|Crunch|p2a: Great Tusk
|-resisted|p2a: Great Tusk
|-damage|p2a: Great Tusk|58/100
|-damage|p1a: Zamazenta|54/100|[from] item: Rocky Helmet|[of] p2a: Great Tusk
|
|upkeep
|turn|7
|
|t:|1758914615
|move|p2a: Great Tusk|Ice Spinner|p1a: Zamazenta
|-damage|p1a: Zamazenta|36/100
|move|p1a: Zamazenta|Close Combat|p2a: Great Tusk
|-damage|p2a: Great Tusk|14/100
|-unboost|p1a: Zamazenta|def|1
|-unboost|p1a: Zamazenta|spd|1
|-damage|p1a: Zamazenta|20/100|[from] item: Rocky Helmet|[of] p2a: Great Tusk
|
|upkeep
|turn|8
|
|t:|1758914621
|move|p2a: Great Tusk|Ice Spinner|p1a: Zamazenta
|-damage|p1a: Zamazenta|0 fnt
|faint|p1a: Zamazenta
|
|upkeep
|
|t:|1758914624
|switch|p1a: Dragonite|Dragonite, F|100/100
|turn|9
|j| Swagboss123456789
|
|t:|1758914630
|move|p1a: Dragonite|Extreme Speed|p2a: Great Tusk
|-damage|p2a: Great Tusk|0 fnt
|-damage|p1a: Dragonite|84/100|[from] item: Rocky Helmet|[of] p2a: Great Tusk
|faint|p2a: Great Tusk
|-end|p2a: Great Tusk|Protosynthesis|[silent]
|
|-heal|p1a: Dragonite|90/100|[from] item: Leftovers
|upkeep
|
|t:|1758914639
|switch|p2a: Kingambit|Kingambit, F|100/100
|-activate|p2a: Kingambit|ability: Supreme Overlord
|-start|p2a: Kingambit|fallen1|[silent]
|turn|10
|l| Swagboss123456789
|
|t:|1758914646
|switch|p1a: Enamorus|Enamorus, F|100/100
|-terastallize|p2a: Kingambit|Ghost
|move|p2a: Kingambit|Swords Dance|p2a: Kingambit
|-boost|p2a: Kingambit|atk|2
|
|upkeep
|turn|11
|
|t:|1758914666
|-terastallize|p1a: Enamorus|Stellar
|move|p1a: Enamorus|Tera Blast|p2a: Kingambit|[anim] Tera Blast Stellar
|-supereffective|p2a: Kingambit
|-damage|p2a: Kingambit|0 fnt
|-boost|p1a: Enamorus|atk|1
|-boost|p1a: Enamorus|spa|1
|faint|p2a: Kingambit
|-end|p2a: Kingambit|fallen1|[silent]
|
|upkeep
|
|t:|1758914675
|switch|p2a: Ogerpon|Ogerpon-Wellspring, F|100/100
|turn|12
|
|t:|1758914685
|switch|p1a: Dragonite|Dragonite, F|90/100
|move|p2a: Ogerpon|Knock Off|p1a: Dragonite
|-damage|p1a: Dragonite|46/100
|-enditem|p1a: Dragonite|Leftovers|[from] move: Knock Off|[of] p2a: Ogerpon
|
|upkeep
|turn|13
|
|t:|1758914694
|move|p1a: Dragonite|Extreme Speed|p2a: Ogerpon
|-damage|p2a: Ogerpon|65/100
|move|p2a: Ogerpon|U-turn|p1a: Dragonite
|-resisted|p1a: Dragonite
|-damage|p1a: Dragonite|31/100
|
|t:|1758914702
|switch|p2a: Slowking|Slowking-Galar, F|61/100|[from] U-turn
|
|upkeep
|turn|14
|
|t:|1758914707
|switch|p2a: Moltres|Moltres|100/100
|move|p1a: Dragonite|Earthquake|p2a: Moltres
|-immune|p2a: Moltres
|
|upkeep
|turn|15
|
|t:|1758914714
|switch|p1a: Iron Treads|Iron Treads|26/100
|move|p2a: Moltres|Flamethrower|p1a: Iron Treads
|-supereffective|p1a: Iron Treads
|-damage|p1a: Iron Treads|0 fnt
|faint|p1a: Iron Treads
|-end|p1a: Iron Treads|Quark Drive|[silent]
|
|upkeep
|
|t:|1758914716
|switch|p1a: Primarina|Primarina, F|100/100
|turn|16
|
|t:|1758914722
|move|p2a: Moltres|U-turn|p1a: Primarina
|-resisted|p1a: Primarina
|-damage|p1a: Primarina|91/100
|
|t:|1758914730
|switch|p2a: Slowking|Slowking-Galar, F|94/100|[from] U-turn
|move|p1a: Primarina|Moonblast|p2a: Slowking
|-resisted|p2a: Slowking
|-damage|p2a: Slowking|81/100
|-unboost|p2a: Slowking|spa|1
|
|upkeep
|turn|17
|
|t:|1758914740
|switch|p1a: Dragonite|Dragonite, F|31/100
|move|p2a: Slowking|Sludge Bomb|p1a: Dragonite
|-damage|p1a: Dragonite|2/100
|
|upkeep
|turn|18
|
|t:|1758914746
|switch|p1a: Primarina|Primarina, F|91/100
|switch|p2a: Moltres|Moltres|100/100
|
|upkeep
|turn|19
|
|t:|1758914753
|move|p2a: Moltres|U-turn|p1a: Primarina
|-resisted|p1a: Primarina
|-damage|p1a: Primarina|81/100
|
|t:|1758914761
|switch|p2a: Slowking|Slowking-Galar, F|100/100|[from] U-turn
|move|p1a: Primarina|Psychic Noise|p2a: Slowking
|-damage|p2a: Slowking|78/100
|-start|p2a: Slowking|move: Heal Block
|
|upkeep
|turn|20
|
|t:|1758914769
|move|p1a: Primarina|Flip Turn|p2a: Slowking
|-crit|p2a: Slowking
|-damage|p2a: Slowking|57/100
|
|t:|1758914771
|switch|p1a: Dragonite|Dragonite, F|2/100|[from] Flip Turn
|move|p2a: Slowking|Sludge Bomb|p1a: Dragonite
|-damage|p1a: Dragonite|0 fnt
|faint|p1a: Dragonite
|
|-end|p2a: Slowking|move: Heal Block
|upkeep
|
|t:|1758914774
|switch|p1a: Cinderace|Cinderace, F|100/100
|turn|21
|
|t:|1758914779
|switch|p2a: Moltres|Moltres|100/100
|move|p1a: Cinderace|U-turn|p2a: Moltres
|-resisted|p2a: Moltres
|-damage|p2a: Moltres|97/100
|
|t:|1758914781
|switch|p1a: Enamorus|Enamorus, F, tera:Stellar|100/100|[from] U-turn
|
|upkeep
|turn|22
|
|t:|1758914786
|move|p1a: Enamorus|Tera Blast|p2a: Moltres|[anim] Tera Blast Stellar
|-damage|p2a: Moltres|44/100
|-boost|p1a: Enamorus|atk|1
|-boost|p1a: Enamorus|spa|1
|move|p2a: Moltres|U-turn|p1a: Enamorus
|-resisted|p1a: Enamorus
|-damage|p1a: Enamorus|94/100
|
|t:|1758914794
|switch|p2a: Slowking|Slowking-Galar, F|90/100|[from] U-turn
|
|upkeep
|turn|23
|
|t:|1758914800
|move|p1a: Enamorus|Tera Blast|p2a: Slowking|[anim] Tera Blast Stellar
|-damage|p2a: Slowking|49/100
|-boost|p1a: Enamorus|atk|1
|-boost|p1a: Enamorus|spa|1
|move|p2a: Slowking|Sludge Bomb|p1a: Enamorus
|-supereffective|p1a: Enamorus
|-damage|p1a: Enamorus|0 fnt
|faint|p1a: Enamorus
|
|upkeep
|j| fdsfdsfsfsoidsf
|
|t:|1758914802
|switch|p1a: Cinderace|Cinderace, F|100/100
|turn|24
|
|t:|1758914808
|switch|p2a: Moltres|Moltres|44/100
|move|p1a: Cinderace|U-turn|p2a: Moltres
|-resisted|p2a: Moltres
|-damage|p2a: Moltres|40/100
|
|t:|1758914810
|switch|p1a: Primarina|Primarina, F|81/100|[from] U-turn
|
|upkeep
|turn|25
|
|t:|1758914815
|move|p2a: Moltres|Roost|p2a: Moltres
|-heal|p2a: Moltres|90/100
|-singleturn|p2a: Moltres|move: Roost
|move|p1a: Primarina|Psychic Noise|p2a: Moltres
|-supereffective|p2a: Moltres
|-damage|p2a: Moltres|4/100
|-start|p2a: Moltres|move: Heal Block
|
|upkeep
|turn|26
|
|t:|1758914822
|move|p2a: Moltres|U-turn|p1a: Primarina
|-resisted|p1a: Primarina
|-crit|p1a: Primarina
|-damage|p1a: Primarina|67/100
|
|t:|1758914828
|switch|p2a: Slowking|Slowking-Galar, F|82/100|[from] U-turn
|move|p1a: Primarina|Ice Beam|p2a: Slowking
|-damage|p2a: Slowking|66/100
|
|upkeep
|turn|27
|
|t:|1758914838
|move|p1a: Primarina|Ice Beam|p2a: Slowking
|-damage|p2a: Slowking|48/100
|move|p2a: Slowking|Sludge Bomb|p1a: Primarina
|-supereffective|p1a: Primarina
|-damage|p1a: Primarina|16/100
|
|upkeep
|turn|28
|
|t:|1758914845
|move|p1a: Primarina|Ice Beam|p2a: Slowking
|-damage|p2a: Slowking|31/100
|move|p2a: Slowking|Sludge Bomb|p1a: Primarina
|-supereffective|p1a: Primarina
|-damage|p1a: Primarina|0 fnt
|faint|p1a: Primarina
|
|upkeep
|
|t:|1758914847
|switch|p1a: Cinderace|Cinderace, F|100/100
|turn|29
|
|t:|1758914853
|switch|p2a: Moltres|Moltres|4/100
|move|p1a: Cinderace|Pyro Ball|p2a: Moltres
|-resisted|p2a: Moltres
|-damage|p2a: Moltres|0 fnt
|faint|p2a: Moltres
|
|upkeep
|
|t:|1758914861
|switch|p2a: Dragapult|Dragapult, F|100/100
|turn|30
|
|t:|1758914866
|move|p2a: Dragapult|Dragon Darts|p1a: Cinderace
|-damage|p1a: Cinderace|76/100
|-anim|p2a: Dragapult|Dragon Darts|p1a: Cinderace
|-damage|p1a: Cinderace|50/100
|move|p1a: Cinderace|Will-O-Wisp|p2a: Dragapult
|-status|p2a: Dragapult|brn
|
|-damage|p2a: Dragapult|95/100 brn|[from] brn
|upkeep
|turn|31
|
|t:|1758914874
|move|p2a: Dragapult|Hex|p1a: Cinderace
|-damage|p1a: Cinderace|18/100
|move|p1a: Cinderace|Pyro Ball|p2a: Dragapult
|-resisted|p2a: Dragapult
|-damage|p2a: Dragapult|41/100 brn
|
|-damage|p2a: Dragapult|35/100 brn|[from] brn
|upkeep
|turn|32
|
|t:|1758914878
|move|p2a: Dragapult|Dragon Darts|p1a: Cinderace
|-damage|p1a: Cinderace|5/100
|-anim|p2a: Dragapult|Dragon Darts|p1a: Cinderace
|-damage|p1a: Cinderace|0 fnt
|faint|p1a: Cinderace
|
|win|lerendezvous
|raw|oehtwashere's rating: 1830 &rarr; <strong>1804</strong><br />(-26 for losing)
|raw|lerendezvous's rating: 1716 &rarr; <strong>1742</strong><br />(+26 for winning)
|l|☆lerendezvous
|player|p2|
|l|‽oehtwashere
|player|p1|
