|j|☆Rxgue
|j|☆Pityplatsch
|t:|1758964639
|gametype|singles
|player|p1|Rxgue|hilbert|1077
|player|p2|Pityplatsch|wallace|1067
|gen|9
|tier|[Gen 9] OU
|rated|
|rule|HP Percentage Mod: HP is shown in percentages
|rule|Endless Battle Clause: Forcing endless battles is banned
|rule|Species Clause: Limit one of each Pokémon
|rule|OHKO Clause: OHKO moves are banned
|rule|Evasion Items Clause: Evasion items are banned
|rule|Evasion Moves Clause: Evasion moves are banned
|rule|Evasion Abilities Clause: Evasion abilities are banned
|rule|Sleep Moves Clause: Sleep-inducing moves are banned
|clearpoke
|poke|p1|Dragapult, M|
|poke|p1|Ogerpon-Wellspring, F|
|poke|p1|Forretress, F|
|poke|p1|Pecharunt|
|poke|p1|Sandy Shocks|
|poke|p1|Camerupt, F|
|poke|p2|Alomomola, M|
|poke|p2|Hatterene, F|
|poke|p2|Gliscor, F|
|poke|p2|Comfey, F|
|poke|p2|Slowking-Galar, M|
|poke|p2|Latias, F|
|teampreview
|
|t:|1758964650
|teamsize|p1|6
|teamsize|p2|6
|start
|switch|p1a: Bessy|Camerupt, F, shiny|100/100
|switch|p2a: Ruhepol|Alomomola, M, shiny|100/100
|turn|1
|
|t:|1758964663
|switch|p1a: Ivy|Ogerpon-Wellspring, F|100/100
|move|p2a: Ruhepol|Scald|p1a: Ivy
|-immune|p1a: Ivy|[from] ability: Water Absorb
|
|upkeep
|turn|2
|
|t:|1758964680
|switch|p2a: Showtime Glow|Slowking-Galar, M|100/100
|move|p1a: Ivy|Horn Leech|p2a: Showtime Glow
|-resisted|p2a: Showtime Glow
|-damage|p2a: Showtime Glow|77/100
|
|upkeep
|turn|3
|
|t:|1758964692
|switch|p1a: Brock|Sandy Shocks, shiny|100/100
|-enditem|p1a: Brock|Booster Energy
|-activate|p1a: Brock|ability: Protosynthesis|[fromitem]
|-start|p1a: Brock|protosynthesisspa
|move|p2a: Showtime Glow|Future Sight|p1a: Brock
|-start|p2a: Showtime Glow|move: Future Sight
|
|upkeep
|turn|4
|
|t:|1758964706
|switch|p2a: Nachtwache|Gliscor, F|100/100
|move|p1a: Brock|Earth Power|p2a: Nachtwache
|-immune|p2a: Nachtwache
|
|-status|p2a: Nachtwache|tox|[from] item: Toxic Orb
|upkeep
|turn|5
|
|t:|1758964734
|-end|p1a: Brock|Protosynthesis|[silent]
|switch|p1a: Golden|Forretress, F, shiny|100/100
|move|p2a: Nachtwache|Stealth Rock|p1a: Golden
|-sidestart|p1: Rxgue|move: Stealth Rock
|
|-end|p1a: Golden|move: Future Sight
|-resisted|p1a: Golden
|-damage|p1a: Golden|56/100
|-heal|p1a: Golden|62/100|[from] item: Leftovers
|upkeep
|turn|6
|
|t:|1758964750
|switch|p2a: Ruhepol|Alomomola, M, shiny|100/100
|move|p1a: Golden|Ice Spinner|p2a: Ruhepol
|-resisted|p2a: Ruhepol
|-damage|p2a: Ruhepol|94/100
|-damage|p1a: Golden|45/100|[from] item: Rocky Helmet|[of] p2a: Ruhepol
|
|-heal|p1a: Golden|51/100|[from] item: Leftovers
|upkeep
|turn|7
|
|t:|1758964764
|move|p2a: Ruhepol|Whirlpool|p1a: Golden
|-damage|p1a: Golden|43/100
|-activate|p1a: Golden|move: Whirlpool|[of] p2a: Ruhepol
|move|p1a: Golden|Rapid Spin|p2a: Ruhepol
|-damage|p2a: Ruhepol|86/100
|-boost|p1a: Golden|spe|1
|-damage|p1a: Golden|26/100|[from] item: Rocky Helmet|[of] p2a: Ruhepol
|-sideend|p1: Rxgue|Stealth Rock|[from] move: Rapid Spin|[of] p1a: Golden
|-end|p1a: Golden|Whirlpool|[partiallytrapped]
|
|-heal|p1a: Golden|32/100|[from] item: Leftovers
|upkeep
|turn|8
|
|t:|1758964795
|switch|p1a: Brock|Sandy Shocks, shiny|100/100
|switch|p2a: Showtime Glow|Slowking-Galar, M|100/100
|
|upkeep
|turn|9
|
|t:|1758964809
|move|p1a: Brock|Power Gem|p2a: Showtime Glow
|-damage|p2a: Showtime Glow|78/100
|move|p2a: Showtime Glow|Future Sight|p1a: Brock
|-start|p2a: Showtime Glow|move: Future Sight
|
|upkeep
|turn|10
|
|t:|1758964819
|switch|p2a: Nachtwache|Gliscor, F|100/100 tox
|move|p1a: Brock|Earth Power|p2a: Nachtwache
|-immune|p2a: Nachtwache
|
|upkeep
|turn|11
|
|t:|1758964826
|move|p1a: Brock|Power Gem|p2a: Nachtwache
|-damage|p2a: Nachtwache|59/100 tox
|move|p2a: Nachtwache|Stealth Rock|p1a: Brock
|-sidestart|p1: Rxgue|move: Stealth Rock
|
|-end|p1a: Brock|move: Future Sight
|-damage|p1a: Brock|18/100
|-heal|p2a: Nachtwache|71/100 tox|[from] ability: Poison Heal
|upkeep
|turn|12
|
|t:|1758964836
|move|p1a: Brock|Power Gem|p2a: Nachtwache
|-damage|p2a: Nachtwache|30/100 tox
|move|p2a: Nachtwache|Earthquake|p1a: Brock
|-supereffective|p1a: Brock
|-damage|p1a: Brock|0 fnt
|faint|p1a: Brock
|-end|p1a: Brock|Protosynthesis|[silent]
|
|-heal|p2a: Nachtwache|43/100 tox|[from] ability: Poison Heal
|upkeep
|
|t:|1758964847
|switch|p1a: Ivy|Ogerpon-Wellspring, F|100/100
|-damage|p1a: Ivy|88/100|[from] Stealth Rock
|turn|13
|
|t:|1758964854
|switch|p2a: Showtime Glow|Slowking-Galar, M|100/100
|move|p1a: Ivy|Ivy Cudgel|p2a: Showtime Glow|[anim] Ivy Cudgel Water
|-damage|p2a: Showtime Glow|37/100
|
|upkeep
|turn|14
|
|t:|1758964868
|switch|p2a: Ruhepol|Alomomola, M, shiny|100/100
|move|p1a: Ivy|Horn Leech|p2a: Ruhepol
|-supereffective|p2a: Ruhepol
|-damage|p2a: Ruhepol|56/100
|-heal|p1a: Ivy|100/100|[from] drain|[of] p2a: Ruhepol
|-damage|p1a: Ivy|84/100|[from] item: Rocky Helmet|[of] p2a: Ruhepol
|
|upkeep
|turn|15
|
|t:|1758964877
|switch|p2a: Good as Gold|Latias, F, shiny|100/100
|move|p1a: Ivy|Horn Leech|p2a: Good as Gold
|-resisted|p2a: Good as Gold
|-damage|p2a: Good as Gold|77/100
|-heal|p1a: Ivy|98/100|[from] drain|[of] p2a: Good as Gold
|
|upkeep
|turn|16
|
|t:|1758964892
|move|p1a: Ivy|Play Rough|p2a: Good as Gold
|-supereffective|p2a: Good as Gold
|-crit|p2a: Good as Gold
|-damage|p2a: Good as Gold|0 fnt
|faint|p2a: Good as Gold
|
|upkeep
|
|t:|1758964895
|switch|p2a: Showtime Glow|Slowking-Galar, M|70/100
|turn|17
|
|t:|1758964901
|move|p1a: Ivy|Ivy Cudgel|p2a: Showtime Glow|[anim] Ivy Cudgel Water
|-damage|p2a: Showtime Glow|9/100
|move|p2a: Showtime Glow|Sludge Bomb|p1a: Ivy
|-supereffective|p1a: Ivy
|-damage|p1a: Ivy|0 fnt
|faint|p1a: Ivy
|
|upkeep
|
|t:|1758964914
|switch|p1a: Bolt|Dragapult, M, shiny|100/100
|-damage|p1a: Bolt|88/100|[from] Stealth Rock
|turn|18
|
|t:|1758964926
|switch|p2a: Ruhepol|Alomomola, M, shiny|90/100
|move|p1a: Bolt|Dragon Dance|p1a: Bolt
|-boost|p1a: Bolt|atk|1
|-boost|p1a: Bolt|spe|1
|
|-heal|p1a: Bolt|94/100|[from] item: Leftovers
|upkeep
|turn|19
|
|t:|1758964935
|move|p1a: Bolt|Phantom Force||[still]
|-prepare|p1a: Bolt|Phantom Force
|move|p2a: Ruhepol|Whirlpool|p1a: Bolt|[miss]
|-miss|p2a: Ruhepol|p1a: Bolt
|
|-heal|p1a: Bolt|99/100|[from] item: Leftovers
|upkeep
|turn|20
|
|t:|1758964947
|move|p1a: Bolt|Phantom Force|p2a: Ruhepol|[from] lockedmove
|-damage|p2a: Ruhepol|48/100
|-damage|p1a: Bolt|84/100|[from] item: Rocky Helmet|[of] p2a: Ruhepol
|move|p2a: Ruhepol|Scald|p1a: Bolt
|-resisted|p1a: Bolt
|-damage|p1a: Bolt|74/100
|
|-heal|p1a: Bolt|80/100|[from] item: Leftovers
|upkeep
|turn|21
|
|t:|1758964959
|move|p1a: Bolt|Dragon Darts|p2a: Ruhepol
|-damage|p2a: Ruhepol|28/100
|-anim|p1a: Bolt|Dragon Darts|p2a: Ruhepol
|-damage|p2a: Ruhepol|7/100
|move|p2a: Ruhepol|Wish|p2a: Ruhepol
|
|-heal|p1a: Bolt|86/100|[from] item: Leftovers
|upkeep
|turn|22
|
|t:|1758964987
|switch|p2a: Disturbia|Hatterene, F|100/100
|move|p1a: Bolt|Dragon Dance|p1a: Bolt
|-boost|p1a: Bolt|atk|1
|-boost|p1a: Bolt|spe|1
|
|-heal|p1a: Bolt|92/100|[from] item: Leftovers
|upkeep
|turn|23
|
|t:|1758965011
|-terastallize|p1a: Bolt|Ghost
|move|p1a: Bolt|Phantom Force||[still]
|-prepare|p1a: Bolt|Phantom Force
|move|p2a: Disturbia|Trick Room|p2a: Disturbia
|-fieldstart|move: Trick Room|[of] p2a: Disturbia
|
|-heal|p1a: Bolt|98/100|[from] item: Leftovers
|upkeep
|turn|24
|
|t:|1758965029
|switch|p2a: Showtime Glow|Slowking-Galar, M|43/100
|move|p1a: Bolt|Phantom Force|p2a: Showtime Glow|[from] lockedmove
|-supereffective|p2a: Showtime Glow
|-damage|p2a: Showtime Glow|0 fnt
|faint|p2a: Showtime Glow
|
|-heal|p1a: Bolt|100/100|[from] item: Leftovers
|upkeep
|
|t:|1758965045
|switch|p2a: Disturbia|Hatterene, F|100/100
|turn|25
|
|t:|1758965051
|move|p2a: Disturbia|Psychic|p1a: Bolt
|-damage|p1a: Bolt|14/100
|-damage|p2a: Disturbia|91/100|[from] item: Life Orb
|move|p1a: Bolt|Phantom Force||[still]
|-prepare|p1a: Bolt|Phantom Force
|
|-heal|p1a: Bolt|20/100|[from] item: Leftovers
|upkeep
|turn|26
|
|t:|1758965065
|switch|p2a: Nachtwache|Gliscor, F|43/100 tox
|move|p1a: Bolt|Phantom Force|p2a: Nachtwache|[from] lockedmove
|-damage|p2a: Nachtwache|0 fnt
|faint|p2a: Nachtwache
|
|-heal|p1a: Bolt|26/100|[from] item: Leftovers
|upkeep
|
|t:|1758965078
|switch|p2a: Disturbia|Hatterene, F|91/100
|turn|27
|
|t:|1758965084
|move|p2a: Disturbia|Psychic|p1a: Bolt
|-damage|p1a: Bolt|0 fnt
|faint|p1a: Bolt
|-damage|p2a: Disturbia|81/100|[from] item: Life Orb
|
|-fieldend|move: Trick Room
|upkeep
|
|t:|1758965096
|switch|p1a: Pika|Pecharunt|100/100
|-damage|p1a: Pika|88/100|[from] Stealth Rock
|turn|28
|
|t:|1758965127
|move|p1a: Pika|Malignant Chain|p2a: Disturbia
|-supereffective|p2a: Disturbia
|-damage|p2a: Disturbia|0 fnt
|faint|p2a: Disturbia
|
|-heal|p1a: Pika|94/100|[from] item: Leftovers
|upkeep
|
|t:|1758965130
|switch|p2a: Light Crown|Comfey, F|100/100
|turn|29
|
|t:|1758965148
|-terastallize|p2a: Light Crown|Ground
|move|p2a: Light Crown|Calm Mind|p2a: Light Crown
|-boost|p2a: Light Crown|spa|1
|-boost|p2a: Light Crown|spd|1
|move|p1a: Pika|Malignant Chain|p2a: Light Crown
|-resisted|p2a: Light Crown
|-damage|p2a: Light Crown|86/100
|
|-heal|p2a: Light Crown|92/100|[from] item: Leftovers
|-heal|p1a: Pika|99/100|[from] item: Leftovers
|upkeep
|turn|30
|
|t:|1758965170
|move|p2a: Light Crown|Tera Blast|p1a: Pika|[anim] Tera Blast Ground
|-supereffective|p1a: Pika
|-damage|p1a: Pika|2/100
|move|p1a: Pika|Nasty Plot|p1a: Pika
|-boost|p1a: Pika|spa|2
|
|-heal|p2a: Light Crown|98/100|[from] item: Leftovers
|-heal|p1a: Pika|8/100|[from] item: Leftovers
|upkeep
|turn|31
|
|t:|1758965178
|move|p2a: Light Crown|Draining Kiss|p1a: Pika
|-resisted|p1a: Pika
|-damage|p1a: Pika|0 fnt
|-heal|p2a: Light Crown|100/100|[from] drain|[of] p1a: Pika
|faint|p1a: Pika
|
|upkeep
|
|t:|1758965191
|switch|p1a: Golden|Forretress, F, shiny|32/100
|-damage|p1a: Golden|20/100|[from] Stealth Rock
|turn|32
|
|t:|1758965198
|move|p2a: Light Crown|Stored Power|p1a: Golden
|-resisted|p1a: Golden
|-damage|p1a: Golden|1/100
|move|p1a: Golden|Ice Spinner|p2a: Light Crown
|-supereffective|p2a: Light Crown
|-damage|p2a: Light Crown|45/100
|
|-heal|p2a: Light Crown|52/100|[from] item: Leftovers
|-heal|p1a: Golden|8/100|[from] item: Leftovers
|upkeep
|turn|33
|
|t:|1758965208
|move|p2a: Light Crown|Draining Kiss|p1a: Golden
|-resisted|p1a: Golden
|-damage|p1a: Golden|0 fnt
|-heal|p2a: Light Crown|58/100|[from] drain|[of] p1a: Golden
|faint|p1a: Golden
|
|-heal|p2a: Light Crown|64/100|[from] item: Leftovers
|upkeep
|
|t:|1758965215
|switch|p1a: Bessy|Camerupt, F, shiny|100/100
|-damage|p1a: Bessy|88/100|[from] Stealth Rock
|turn|34
|
|t:|1758965226
|move|p2a: Light Crown|Calm Mind|p2a: Light Crown
|-boost|p2a: Light Crown|spa|1
|-boost|p2a: Light Crown|spd|1
|move|p1a: Bessy|Earth Power|p2a: Light Crown
|-damage|p2a: Light Crown|40/100
|
|-heal|p2a: Light Crown|47/100|[from] item: Leftovers
|-heal|p1a: Bessy|94/100|[from] item: Leftovers
|upkeep
|turn|35
|
|t:|1758965239
|move|p2a: Light Crown|Stored Power|p1a: Bessy
|-damage|p1a: Bessy|30/100
|move|p1a: Bessy|Flamethrower|p2a: Light Crown
|-damage|p2a: Light Crown|22/100
|
|-heal|p2a: Light Crown|28/100|[from] item: Leftovers
|-heal|p1a: Bessy|36/100|[from] item: Leftovers
|upkeep
|turn|36
|
|t:|1758965248
|move|p2a: Light Crown|Tera Blast|p1a: Bessy|[anim] Tera Blast Ground
|-supereffective|p1a: Bessy
|-damage|p1a: Bessy|0 fnt
|faint|p1a: Bessy
|
|win|Pityplatsch
|raw|Rxgue's rating: 1077 &rarr; <strong>1055</strong><br />(-22 for losing)
|raw|Pityplatsch's rating: 1067 &rarr; <strong>1098</strong><br />(+31 for winning)
|l|☆Rxgue
|player|p1|
