|j|☆zeucros12
|j|☆Wayne4life
|t:|1759062553
|gametype|singles
|player|p1|zeucros12|266|1183
|player|p2|Wayne4life|265|1241
|gen|9
|tier|[Gen 9] OU
|rated|
|rule|HP Percentage Mod: HP is shown in percentages
|rule|Endless Battle Clause: Forcing endless battles is banned
|rule|Species Clause: Limit one of each Pokémon
|rule|OHKO Clause: OHKO moves are banned
|rule|Evasion Items Clause: Evasion items are banned
|rule|Evasion Moves Clause: Evasion moves are banned
|rule|Evasion Abilities Clause: Evasion abilities are banned
|rule|Sleep Moves Clause: Sleep-inducing moves are banned
|clearpoke
|poke|p1|Arcanine, M|
|poke|p1|Goodra-Hisui, F|
|poke|p1|Sylveon, M|
|poke|p1|Blastoise, M|
|poke|p1|Dragonite, F|
|poke|p1|Scrafty, M|
|poke|p2|Corviknight, M|
|poke|p2|Primarina, F|
|poke|p2|Blaziken, M|
|poke|p2|Dragonite, M|
|poke|p2|Zapdos|
|poke|p2|Mimikyu, M|
|teampreview
|inactive|Battle timer is ON: inactive players will automatically lose when time's up. (requested by zeucros12)
|
|t:|1759062574
|teamsize|p1|6
|teamsize|p2|6
|start
|switch|p1a: Scrafty|Scrafty, M|100/100
|switch|p2a: Zapdos|Zapdos|100/100
|-ability|p1a: Scrafty|Intimidate|boost
|-unboost|p2a: Zapdos|atk|1
|turn|1
|
|t:|1759062587
|-terastallize|p1a: Scrafty|Electric
|move|p2a: Zapdos|Hurricane|p1a: Scrafty
|-resisted|p1a: Scrafty
|-damage|p1a: Scrafty|83/100
|move|p1a: Scrafty|Knock Off|p2a: Zapdos
|-damage|p2a: Zapdos|45/100
|-enditem|p2a: Zapdos|Assault Vest|[from] move: Knock Off|[of] p1a: Scrafty
|
|upkeep
|turn|2
|
|t:|1759062599
|move|p2a: Zapdos|Volt Switch|p1a: Scrafty
|-resisted|p1a: Scrafty
|-damage|p1a: Scrafty|71/100
|
|t:|1759062601
|switch|p2a: Dragonite|Dragonite, M|100/100|[from] Volt Switch
|move|p1a: Scrafty|Knock Off|p2a: Dragonite
|-damage|p2a: Dragonite|74/100
|-enditem|p2a: Dragonite|Focus Sash|[from] move: Knock Off|[of] p1a: Scrafty
|
|upkeep
|turn|3
|
|t:|1759062610
|move|p2a: Dragonite|Dragon Dance|p2a: Dragonite
|-boost|p2a: Dragonite|atk|1
|-boost|p2a: Dragonite|spe|1
|move|p1a: Scrafty|Stone Edge|p2a: Dragonite
|-supereffective|p2a: Dragonite
|-damage|p2a: Dragonite|5/100
|
|upkeep
|turn|4
|
|t:|1759062618
|move|p2a: Dragonite|Earthquake|p1a: Scrafty
|-supereffective|p1a: Scrafty
|-damage|p1a: Scrafty|0 fnt
|faint|p1a: Scrafty
|
|upkeep
|
|t:|1759062623
|switch|p1a: Dragonite|Dragonite, F, shiny|100/100
|turn|5
|
|t:|1759062627
|switch|p2a: Mimikyu|Mimikyu, M|100/100
|move|p1a: Dragonite|Extreme Speed|p2a: Mimikyu
|-immune|p2a: Mimikyu
|
|upkeep
|turn|6
|
|t:|1759062635
|switch|p1a: Arcanine|Arcanine, M, shiny|100/100
|-ability|p1a: Arcanine|Intimidate|boost
|-unboost|p2a: Mimikyu|atk|1
|move|p2a: Mimikyu|Thunder Wave|p1a: Arcanine
|-status|p1a: Arcanine|par
|
|upkeep
|turn|7
|
|t:|1759062643
|switch|p2a: Dragonite|Dragonite, M|5/100
|move|p1a: Arcanine|Flamethrower|p2a: Dragonite
|-resisted|p2a: Dragonite
|-damage|p2a: Dragonite|0 fnt
|faint|p2a: Dragonite
|
|upkeep
|
|t:|1759062648
|switch|p2a: Primarina|Primarina, F|100/100
|turn|8
|
|t:|1759062657
|switch|p1a: Goodra|Goodra-Hisui, F, shiny|100/100
|move|p2a: Primarina|Hyper Voice|p1a: Goodra
|-resisted|p1a: Goodra
|-damage|p1a: Goodra|83/100
|-enditem|p2a: Primarina|Throat Spray
|-boost|p2a: Primarina|spa|1|[from] item: Throat Spray
|
|-heal|p1a: Goodra|89/100|[from] item: Leftovers
|upkeep
|turn|9
|
|t:|1759062668
|move|p1a: Goodra|Knock Off|p2a: Primarina
|-resisted|p2a: Primarina
|-damage|p2a: Primarina|91/100
|move|p2a: Primarina|Moonblast|p1a: Goodra
|-damage|p1a: Goodra|37/100
|
|-heal|p1a: Goodra|43/100|[from] item: Leftovers
|upkeep
|turn|10
|
|t:|1759062676
|move|p1a: Goodra|Iron Head|p2a: Primarina
|-damage|p2a: Primarina|58/100
|move|p2a: Primarina|Moonblast|p1a: Goodra
|-damage|p1a: Goodra|0 fnt
|faint|p1a: Goodra
|
|upkeep
|
|t:|1759062690
|switch|p1a: Sylveon|Sylveon, M, shiny|100/100
|turn|11
|
|t:|1759062696
|move|p1a: Sylveon|Moonblast|p2a: Primarina
|-damage|p2a: Primarina|30/100
|move|p2a: Primarina|Moonblast|p1a: Sylveon
|-damage|p1a: Sylveon|50/100
|
|-heal|p1a: Sylveon|56/100|[from] item: Leftovers
|upkeep
|turn|12
|
|t:|1759062706
|move|p1a: Sylveon|Protect|p1a: Sylveon
|-singleturn|p1a: Sylveon|Protect
|move|p2a: Primarina|Moonblast|p1a: Sylveon
|-activate|p1a: Sylveon|move: Protect
|
|-heal|p1a: Sylveon|62/100|[from] item: Leftovers
|upkeep
|turn|13
|
|t:|1759062714
|move|p1a: Sylveon|Moonblast|p2a: Primarina
|-crit|p2a: Primarina
|-damage|p2a: Primarina|0 fnt
|faint|p2a: Primarina
|
|-heal|p1a: Sylveon|68/100|[from] item: Leftovers
|upkeep
|
|t:|1759062726
|switch|p2a: Zapdos|Zapdos|45/100
|turn|14
|
|t:|1759062731
|move|p2a: Zapdos|Thunder|p1a: Sylveon|[miss]
|-miss|p2a: Zapdos|p1a: Sylveon
|move|p1a: Sylveon|Moonblast|p2a: Zapdos
|-damage|p2a: Zapdos|5/100
|-unboost|p2a: Zapdos|spa|1
|
|-heal|p1a: Sylveon|74/100|[from] item: Leftovers
|upkeep
|turn|15
|
|t:|1759062740
|move|p2a: Zapdos|Thunder|p1a: Sylveon|[miss]
|-miss|p2a: Zapdos|p1a: Sylveon
|move|p1a: Sylveon|Moonblast|p2a: Zapdos
|-damage|p2a: Zapdos|0 fnt
|faint|p2a: Zapdos
|
|-heal|p1a: Sylveon|80/100|[from] item: Leftovers
|upkeep
|
|t:|1759062742
|switch|p2a: Mimikyu|Mimikyu, M|100/100
|turn|16
|
|t:|1759062751
|move|p2a: Mimikyu|Thunder Wave|p1a: Sylveon
|-status|p1a: Sylveon|par
|move|p1a: Sylveon|Moonblast|p2a: Mimikyu
|-activate|p2a: Mimikyu|ability: Disguise
|-damage|p2a: Mimikyu|100/100
|detailschange|p2a: Mimikyu|Mimikyu-Busted, M
|-damage|p2a: Mimikyu|88/100|[from] pokemon: Mimikyu-Busted
|
|-heal|p1a: Sylveon|87/100 par|[from] item: Leftovers
|upkeep
|turn|17
|
|t:|1759062762
|move|p2a: Mimikyu|Swords Dance|p2a: Mimikyu
|-boost|p2a: Mimikyu|atk|2
|cant|p1a: Sylveon|par
|
|-heal|p1a: Sylveon|93/100 par|[from] item: Leftovers
|upkeep
|turn|18
|
|t:|1759062770
|move|p2a: Mimikyu|Play Rough|p1a: Sylveon
|-damage|p1a: Sylveon|20/100 par
|-damage|p2a: Mimikyu|78/100|[from] item: Life Orb
|move|p1a: Sylveon|Roar|p2a: Mimikyu
|drag|p2a: Blaziken|Blaziken, M|100/100
|
|-heal|p1a: Sylveon|26/100 par|[from] item: Leftovers
|upkeep
|turn|19
|
|t:|1759062781
|switch|p1a: Arcanine|Arcanine, M, shiny|100/100 par
|-ability|p1a: Arcanine|Intimidate|boost
|-unboost|p2a: Blaziken|atk|1
|move|p2a: Blaziken|Shadow Claw|p1a: Arcanine
|-damage|p1a: Arcanine|88/100 par
|-damage|p2a: Blaziken|84/100|[from] item: Rocky Helmet|[of] p1a: Arcanine
|
|-ability|p2a: Blaziken|Speed Boost|boost
|-boost|p2a: Blaziken|spe|1
|upkeep
|turn|20
|
|t:|1759062799
|move|p2a: Blaziken|Endure|p2a: Blaziken
|-singleturn|p2a: Blaziken|move: Endure
|move|p1a: Arcanine|Flamethrower|p2a: Blaziken
|-resisted|p2a: Blaziken
|-damage|p2a: Blaziken|60/100
|
|-ability|p2a: Blaziken|Speed Boost|boost
|-boost|p2a: Blaziken|spe|1
|upkeep
|turn|21
|
|t:|1759062809
|move|p2a: Blaziken|Shadow Claw|p1a: Arcanine
|-damage|p1a: Arcanine|76/100 par
|-damage|p2a: Blaziken|44/100|[from] item: Rocky Helmet|[of] p1a: Arcanine
|move|p1a: Arcanine|Flamethrower|p2a: Blaziken
|-resisted|p2a: Blaziken
|-damage|p2a: Blaziken|18/100
|-enditem|p2a: Blaziken|Liechi Berry|[eat]
|-boost|p2a: Blaziken|atk|1|[from] item: Liechi Berry
|
|-ability|p2a: Blaziken|Speed Boost|boost
|-boost|p2a: Blaziken|spe|1
|upkeep
|turn|22
|
|t:|1759062823
|move|p2a: Blaziken|Endure|p2a: Blaziken
|-singleturn|p2a: Blaziken|move: Endure
|move|p1a: Arcanine|Flamethrower|p2a: Blaziken
|-resisted|p2a: Blaziken
|-crit|p2a: Blaziken
|-activate|p2a: Blaziken|move: Endure
|-damage|p2a: Blaziken|1/100
|
|-ability|p2a: Blaziken|Speed Boost|boost
|-boost|p2a: Blaziken|spe|1
|upkeep
|turn|23
|
|t:|1759062833
|move|p2a: Blaziken|Reversal|p1a: Arcanine
|-damage|p1a: Arcanine|3/100 par
|-damage|p2a: Blaziken|0 fnt|[from] item: Rocky Helmet|[of] p1a: Arcanine
|faint|p2a: Blaziken
|move|p1a: Arcanine|Flamethrower|p2: Blaziken|[notarget]
|-fail|p1a: Arcanine
|
|upkeep
|
|t:|1759062840
|switch|p2a: Mimikyu|Mimikyu-Busted, M|78/100
|turn|24
|
|t:|1759062847
|move|p2a: Mimikyu|Shadow Sneak|p1a: Arcanine
|-crit|p1a: Arcanine
|-damage|p1a: Arcanine|0 fnt
|-damage|p2a: Mimikyu|62/100|[from] item: Rocky Helmet|[of] p1a: Arcanine
|faint|p1a: Arcanine
|-damage|p2a: Mimikyu|52/100|[from] item: Life Orb
|
|upkeep
|
|t:|1759062855
|switch|p1a: Sylveon|Sylveon, M, shiny|26/100 par
|turn|25
|
|t:|1759062864
|move|p2a: Mimikyu|Shadow Sneak|p1a: Sylveon
|-crit|p1a: Sylveon
|-damage|p1a: Sylveon|0 fnt
|faint|p1a: Sylveon
|-damage|p2a: Mimikyu|42/100|[from] item: Life Orb
|
|upkeep
|
|t:|1759062871
|switch|p1a: Blastoise|Blastoise, M|100/100
|turn|26
|
|t:|1759062875
|move|p2a: Mimikyu|Thunder Wave|p1a: Blastoise
|-status|p1a: Blastoise|par
|move|p1a: Blastoise|Dark Pulse|p2a: Mimikyu
|-damage|p2a: Mimikyu|20/100
|
|upkeep
|turn|27
|
|t:|1759062883
|move|p2a: Mimikyu|Play Rough|p1a: Blastoise
|-damage|p1a: Blastoise|66/100 par
|-damage|p2a: Mimikyu|10/100|[from] item: Life Orb
|move|p1a: Blastoise|Surf|p2a: Mimikyu
|-damage|p2a: Mimikyu|0 fnt
|faint|p2a: Mimikyu
|
|upkeep
|
|t:|1759062886
|switch|p2a: Corviknight|Corviknight, M|100/100
|turn|28
|
|t:|1759062894
|move|p2a: Corviknight|Agility|p2a: Corviknight
|-boost|p2a: Corviknight|spe|2
|move|p1a: Blastoise|Surf|p2a: Corviknight
|-damage|p2a: Corviknight|80/100
|
|-heal|p2a: Corviknight|86/100|[from] item: Leftovers
|upkeep
|turn|29
|
|t:|1759062919
|move|p2a: Corviknight|Bulk Up|p2a: Corviknight
|-boost|p2a: Corviknight|atk|1
|-boost|p2a: Corviknight|def|1
|move|p1a: Blastoise|Surf|p2a: Corviknight
|-damage|p2a: Corviknight|67/100
|
|-heal|p2a: Corviknight|73/100|[from] item: Leftovers
|upkeep
|turn|30
|
|t:|1759062929
|move|p2a: Corviknight|Bulk Up|p2a: Corviknight
|-boost|p2a: Corviknight|atk|1
|-boost|p2a: Corviknight|def|1
|move|p1a: Blastoise|Surf|p2a: Corviknight
|-damage|p2a: Corviknight|53/100
|
|-heal|p2a: Corviknight|60/100|[from] item: Leftovers
|upkeep
|turn|31
|
|t:|1759062937
|move|p2a: Corviknight|Roost|p2a: Corviknight
|-heal|p2a: Corviknight|100/100
|-singleturn|p2a: Corviknight|move: Roost
|move|p1a: Blastoise|Surf|p2a: Corviknight
|-damage|p2a: Corviknight|80/100
|
|-heal|p2a: Corviknight|86/100|[from] item: Leftovers
|upkeep
|turn|32
|-message|zeucros12 forfeited.
|
|win|Wayne4life
|raw|zeucros12's rating: 1183 &rarr; <strong>1162</strong><br />(-21 for losing)
|raw|Wayne4life's rating: 1241 &rarr; <strong>1262</strong><br />(+21 for winning)
|l|☆zeucros12
|player|p1|
