|j|☆Elite4Azure
|j|☆da bus ID
|t:|1759004729
|gametype|singles
|player|p1|Elite4Azure|falkner|1107
|player|p2|da bus ID|norman|1115
|gen|9
|tier|[Gen 9] OU
|rated|
|rule|HP Percentage Mod: HP is shown in percentages
|rule|Endless Battle Clause: Forcing endless battles is banned
|rule|Species Clause: Limit one of each Pokémon
|rule|OHKO Clause: OHKO moves are banned
|rule|Evasion Items Clause: Evasion items are banned
|rule|Evasion Moves Clause: Evasion moves are banned
|rule|Evasion Abilities Clause: Evasion abilities are banned
|rule|Sleep Moves Clause: Sleep-inducing moves are banned
|clearpoke
|poke|p1|Froslass, F|
|poke|p1|Garganacl, M|
|poke|p1|Scrafty, F|
|poke|p1|Bellibolt, M|
|poke|p1|Tsareena, F|
|poke|p1|Revavroom, M|
|poke|p2|Magmortar, F|
|poke|p2|Chimecho, M|
|poke|p2|Kingdra, F|
|poke|p2|Wyrdeer, M|
|poke|p2|Donphan, F|
|poke|p2|Samurott-Hisui, M|
|teampreview
|inactive|Battle timer is ON: inactive players will automatically lose when time's up. (requested by da bus ID)
|
|t:|1759004737
|teamsize|p1|6
|teamsize|p2|6
|start
|switch|p1a: Scrafty|Scrafty, F|100/100
|switch|p2a: Seamurai|Samurott-Hisui, M, shiny|100/100
|-ability|p1a: Scrafty|Intimidate|boost
|-unboost|p2a: Seamurai|atk|1
|turn|1
|
|t:|1759004743
|switch|p2a: OnlyPhans|Donphan, F|100/100
|move|p1a: Scrafty|Fake Out|p2a: OnlyPhans
|-damage|p2a: OnlyPhans|92/100
|-enditem|p2a: OnlyPhans|Red Card|[of] p1a: Scrafty
|drag|p1a: Revavroom|Revavroom, M|100/100
|
|upkeep
|turn|2
|
|t:|1759004752
|move|p1a: Revavroom|Magnet Rise|p1a: Revavroom
|-start|p1a: Revavroom|Magnet Rise
|move|p2a: OnlyPhans|Stealth Rock|p1a: Revavroom
|-sidestart|p1: Elite4Azure|move: Stealth Rock
|
|upkeep
|turn|3
|
|t:|1759004762
|move|p1a: Revavroom|Shift Gear|p1a: Revavroom
|-boost|p1a: Revavroom|spe|2
|-boost|p1a: Revavroom|atk|1
|move|p2a: OnlyPhans|Knock Off|p1a: Revavroom
|-damage|p1a: Revavroom|67/100
|-enditem|p1a: Revavroom|Black Sludge|[from] move: Knock Off|[of] p2a: OnlyPhans
|
|upkeep
|turn|4
|
|t:|1759004767
|switch|p2a: HotShot|Magmortar, F|100/100
|move|p1a: Revavroom|Shift Gear|p1a: Revavroom
|-boost|p1a: Revavroom|spe|2
|-boost|p1a: Revavroom|atk|1
|
|upkeep
|turn|5
|
|t:|1759004771
|move|p1a: Revavroom|Poison Jab|p2a: HotShot
|-damage|p2a: HotShot|3/100
|-enditem|p2a: HotShot|Sitrus Berry|[eat]
|-heal|p2a: HotShot|28/100|[from] item: Sitrus Berry
|move|p2a: HotShot|Flame Charge|p1a: Revavroom
|-supereffective|p1a: Revavroom
|-damage|p1a: Revavroom|36/100
|-boost|p2a: HotShot|spe|1
|
|upkeep
|turn|6
|
|t:|1759004778
|move|p1a: Revavroom|Poison Jab|p2a: HotShot
|-damage|p2a: HotShot|0 fnt
|faint|p2a: HotShot
|
|-end|p1a: Revavroom|Magnet Rise
|upkeep
|
|t:|1759004792
|switch|p2a: Seamurai|Samurott-Hisui, M, shiny|100/100
|turn|7
|
|t:|1759004798
|move|p1a: Revavroom|Poison Jab|p2a: Seamurai
|-damage|p2a: Seamurai|12/100
|move|p2a: Seamurai|Ceaseless Edge|p1a: Revavroom
|-damage|p1a: Revavroom|0 fnt
|-sidestart|p1: Elite4Azure|Spikes
|faint|p1a: Revavroom
|
|upkeep
|
|t:|1759004806
|switch|p1a: Tsareena|Tsareena, F|100/100
|turn|8
|
|t:|1759004811
|move|p2a: Seamurai|Ceaseless Edge|p1a: Tsareena
|-damage|p1a: Tsareena|54/100
|-sidestart|p1: Elite4Azure|Spikes
|move|p1a: Tsareena|Rapid Spin|p2a: Seamurai
|-damage|p2a: Seamurai|0 fnt
|-boost|p1a: Tsareena|spe|1
|-sideend|p1: Elite4Azure|Spikes|[from] move: Rapid Spin|[of] p1a: Tsareena
|-sideend|p1: Elite4Azure|Stealth Rock|[from] move: Rapid Spin|[of] p1a: Tsareena
|faint|p2a: Seamurai
|
|upkeep
|
|t:|1759004818
|switch|p2a: Chimichanga|Chimecho, M|100/100
|turn|9
|
|t:|1759004821
|move|p1a: Tsareena|Trop Kick|p2a: Chimichanga
|-damage|p2a: Chimichanga|64/100
|-unboost|p2a: Chimichanga|atk|1
|move|p2a: Chimichanga|Reflect|p2a: Chimichanga
|-sidestart|p2: da bus ID|Reflect
|
|upkeep
|turn|10
|
|t:|1759004829
|move|p1a: Tsareena|Trop Kick|p2a: Chimichanga
|-damage|p2a: Chimichanga|47/100
|-unboost|p2a: Chimichanga|atk|1
|move|p2a: Chimichanga|Light Screen|p2a: Chimichanga
|-sidestart|p2: da bus ID|move: Light Screen
|
|upkeep
|turn|11
|
|t:|1759004846
|switch|p2a: Kingdra|Kingdra, F|100/100
|move|p1a: Tsareena|Trop Kick|p2a: Kingdra
|-damage|p2a: Kingdra|81/100
|-unboost|p2a: Kingdra|atk|1
|
|upkeep
|turn|12
|
|t:|1759004853
|move|p1a: Tsareena|Rapid Spin|p2a: Kingdra
|-damage|p2a: Kingdra|72/100
|-boost|p1a: Tsareena|spe|1
|move|p2a: Kingdra|Focus Energy|p2a: Kingdra
|-start|p2a: Kingdra|move: Focus Energy
|
|upkeep
|turn|13
|
|t:|1759004863
|move|p1a: Tsareena|High Jump Kick|p2a: Kingdra
|-damage|p2a: Kingdra|46/100
|move|p2a: Kingdra|Agility|p2a: Kingdra
|-boost|p2a: Kingdra|spe|2
|
|upkeep
|turn|14
|
|t:|1759004871
|move|p2a: Kingdra|Draco Meteor|p1a: Tsareena
|-crit|p1a: Tsareena
|-damage|p1a: Tsareena|0 fnt
|-unboost|p2a: Kingdra|spa|2
|faint|p1a: Tsareena
|
|upkeep
|
|t:|1759004883
|switch|p1a: Froslass|Froslass, F|100/100
|turn|15
|
|t:|1759004888
|-terastallize|p2a: Kingdra|Steel
|move|p2a: Kingdra|Flash Cannon|p1a: Froslass
|-supereffective|p1a: Froslass
|-crit|p1a: Froslass
|-enditem|p1a: Froslass|Focus Sash
|-damage|p1a: Froslass|1/100
|-start|p2a: Kingdra|Disable|Flash Cannon|[from] ability: Cursed Body|[of] p1a: Froslass
|move|p1a: Froslass|Will-O-Wisp|p2a: Kingdra|[miss]
|-miss|p1a: Froslass|p2a: Kingdra
|
|upkeep
|turn|16
|
|t:|1759004898
|move|p2a: Kingdra|Draco Meteor|p1a: Froslass
|-crit|p1a: Froslass
|-damage|p1a: Froslass|0 fnt
|-unboost|p2a: Kingdra|spa|2
|faint|p1a: Froslass
|
|-sideend|p2: da bus ID|Reflect
|upkeep
|
|t:|1759004901
|switch|p1a: Scrafty|Scrafty, F|100/100
|-ability|p1a: Scrafty|Intimidate|boost
|-unboost|p2a: Kingdra|atk|1
|turn|17
|
|t:|1759004903
|move|p1a: Scrafty|Fake Out|p2a: Kingdra
|-resisted|p2a: Kingdra
|-crit|p2a: Kingdra
|-damage|p2a: Kingdra|36/100
|cant|p2a: Kingdra|flinch
|
|-sideend|p2: da bus ID|move: Light Screen
|upkeep
|turn|18
|
|t:|1759004906
|move|p2a: Kingdra|Draco Meteor|p1a: Scrafty
|-crit|p1a: Scrafty
|-damage|p1a: Scrafty|6/100
|-unboost|p2a: Kingdra|spa|2
|move|p1a: Scrafty|Drain Punch|p2a: Kingdra
|-supereffective|p2a: Kingdra
|-damage|p2a: Kingdra|0 fnt
|-heal|p1a: Scrafty|25/100|[from] drain|[of] p2a: Kingdra
|faint|p2a: Kingdra
|
|upkeep
|
|t:|1759004913
|switch|p2a: Blitzen|Wyrdeer, M|100/100
|-ability|p2a: Blitzen|Intimidate|boost
|-unboost|p1a: Scrafty|atk|1
|turn|19
|
|t:|1759004920
|move|p2a: Blitzen|Agility|p2a: Blitzen
|-boost|p2a: Blitzen|spe|2
|move|p1a: Scrafty|Knock Off|p2a: Blitzen
|-supereffective|p2a: Blitzen
|-damage|p2a: Blitzen|30/100
|-enditem|p2a: Blitzen|Mirror Herb|[from] move: Knock Off|[of] p1a: Scrafty
|
|upkeep
|turn|20
|
|t:|1759004928
|move|p2a: Blitzen|Earth Power|p1a: Scrafty
|-damage|p1a: Scrafty|5/100
|-unboost|p1a: Scrafty|spd|1
|move|p1a: Scrafty|Drain Punch|p2a: Blitzen
|-damage|p2a: Blitzen|5/100
|-heal|p1a: Scrafty|22/100|[from] drain|[of] p2a: Blitzen
|
|upkeep
|turn|21
|
|t:|1759004932
|move|p2a: Blitzen|Earth Power|p1a: Scrafty
|-damage|p1a: Scrafty|0 fnt
|faint|p1a: Scrafty
|
|upkeep
|
|t:|1759004937
|switch|p1a: Garganacl|Garganacl, M|100/100
|turn|22
|
|t:|1759004945
|move|p2a: Blitzen|Earth Power|p1a: Garganacl
|-supereffective|p1a: Garganacl
|-damage|p1a: Garganacl|51/100
|move|p1a: Garganacl|Salt Cure|p2a: Blitzen
|-damage|p2a: Blitzen|0 fnt
|faint|p2a: Blitzen
|
|-heal|p1a: Garganacl|57/100|[from] item: Leftovers
|upkeep
|
|t:|1759004950
|switch|p2a: Chimichanga|Chimecho, M|47/100
|turn|23
|
|t:|1759004952
|move|p2a: Chimichanga|Reflect|p2a: Chimichanga
|-sidestart|p2: da bus ID|Reflect
|move|p1a: Garganacl|Salt Cure|p2a: Chimichanga
|-damage|p2a: Chimichanga|39/100
|-start|p2a: Chimichanga|Salt Cure
|
|-heal|p1a: Garganacl|63/100|[from] item: Leftovers
|-damage|p2a: Chimichanga|26/100|[from] Salt Cure
|upkeep
|turn|24
|
|t:|1759004956
|move|p2a: Chimichanga|Light Screen|p2a: Chimichanga
|-sidestart|p2: da bus ID|move: Light Screen
|move|p1a: Garganacl|Iron Defense|p1a: Garganacl
|-boost|p1a: Garganacl|def|2
|
|-heal|p1a: Garganacl|69/100|[from] item: Leftovers
|-damage|p2a: Chimichanga|14/100|[from] Salt Cure
|upkeep
|turn|25
|
|t:|1759004961
|move|p2a: Chimichanga|Knock Off|p1a: Garganacl
|-damage|p1a: Garganacl|65/100
|-enditem|p1a: Garganacl|Leftovers|[from] move: Knock Off|[of] p2a: Chimichanga
|move|p1a: Garganacl|Iron Defense|p1a: Garganacl
|-boost|p1a: Garganacl|def|2
|
|-damage|p2a: Chimichanga|2/100|[from] Salt Cure
|upkeep
|turn|26
|
|t:|1759004967
|move|p2a: Chimichanga|Healing Wish|p2a: Chimichanga
|faint|p2a: Chimichanga
|move|p1a: Garganacl|Iron Defense|p1a: Garganacl
|-boost|p1a: Garganacl|def|2
|
|upkeep
|
|t:|1759004970
|switch|p2a: OnlyPhans|Donphan, F|92/100
|-heal|p2a: OnlyPhans|100/100|[from] move: Healing Wish
|turn|27
|
|t:|1759004976
|move|p2a: OnlyPhans|Earthquake|p1a: Garganacl
|-supereffective|p1a: Garganacl
|-damage|p1a: Garganacl|47/100
|move|p1a: Garganacl|Salt Cure|p2a: OnlyPhans
|-resisted|p2a: OnlyPhans
|-damage|p2a: OnlyPhans|98/100
|-start|p2a: OnlyPhans|Salt Cure
|
|-damage|p2a: OnlyPhans|86/100|[from] Salt Cure
|upkeep
|turn|28
|
|t:|1759004981
|move|p2a: OnlyPhans|Earthquake|p1a: Garganacl
|-supereffective|p1a: Garganacl
|-damage|p1a: Garganacl|29/100
|move|p1a: Garganacl|Body Press|p2a: OnlyPhans
|-damage|p2a: OnlyPhans|43/100
|
|-damage|p2a: OnlyPhans|30/100|[from] Salt Cure
|upkeep
|turn|29
|
|t:|1759004986
|move|p2a: OnlyPhans|Earthquake|p1a: Garganacl
|-supereffective|p1a: Garganacl
|-damage|p1a: Garganacl|9/100
|move|p1a: Garganacl|Body Press|p2a: OnlyPhans
|-damage|p2a: OnlyPhans|0 fnt
|faint|p2a: OnlyPhans
|
|win|Elite4Azure
|raw|Elite4Azure's rating: 1107 &rarr; <strong>1133</strong><br />(+26 for winning)
|raw|da bus ID's rating: 1115 &rarr; <strong>1089</strong><br />(-26 for losing)
|l|☆da bus ID
|player|p2|
|l|☆Elite4Azure
|player|p1|
