|j|☆disco 2003
|j|‽wiggilydiggily
|t:|1759076645
|gametype|singles
|player|p1|disco 2003|policeman-gen4|1698
|player|p2|wiggilydiggily|170|1644
|gen|9
|tier|[Gen 9] OU
|rated|
|rule|HP Percentage Mod: HP is shown in percentages
|rule|Endless Battle Clause: Forcing endless battles is banned
|rule|Species Clause: Limit one of each Pokémon
|rule|OHKO Clause: OHKO moves are banned
|rule|Evasion Items Clause: Evasion items are banned
|rule|Evasion Moves Clause: Evasion moves are banned
|rule|Evasion Abilities Clause: Evasion abilities are banned
|rule|Sleep Moves Clause: Sleep-inducing moves are banned
|clearpoke
|poke|p1|Ceruledge, F|
|poke|p1|Raging Bolt|
|poke|p1|Latias, F|
|poke|p1|Kyurem|
|poke|p1|Ninetales-Alola, F|
|poke|p1|Iron Moth|
|poke|p2|Glimmora, F|
|poke|p2|Zamazenta-*|
|poke|p2|Gholdengo|
|poke|p2|Lycanroc-Dusk, F|
|poke|p2|Kyurem|
|poke|p2|Rillaboom, M|
|teampreview
|
|t:|1759076661
|teamsize|p1|6
|teamsize|p2|6
|start
|switch|p1a: snow bunny|Ninetales-Alola, F|100/100
|switch|p2a: Glimmora|Glimmora, F|100/100
|-weather|Snowscape|[from] ability: Snow Warning|[of] p1a: snow bunny
|turn|1
|j| Nikator98
|inactive|Battle timer is ON: inactive players will automatically lose when time's up. (requested by wiggilydiggily)
|inactive|disco 2003 has 120 seconds left.
|
|t:|1759076715
|move|p1a: snow bunny|Aurora Veil|p1a: snow bunny
|-sidestart|p1: disco 2003|move: Aurora Veil
|move|p2a: Glimmora|Power Gem|p1a: snow bunny
|-supereffective|p1a: snow bunny
|-damage|p1a: snow bunny|45/100
|
|-weather|Snowscape|[upkeep]
|upkeep
|turn|2
|l| Nikator98
|
|t:|1759076721
|move|p1a: snow bunny|Encore|p2a: Glimmora
|-start|p2a: Glimmora|Encore
|move|p2a: Glimmora|Power Gem|p1a: snow bunny
|-supereffective|p1a: snow bunny
|-crit|p1a: snow bunny
|-damage|p1a: snow bunny|0 fnt
|faint|p1a: snow bunny
|
|-weather|Snowscape|[upkeep]
|upkeep
|j| Nikator98
|
|t:|1759076727
|switch|p1a: realpsyspam|Latias, F|100/100
|turn|3
|
|t:|1759076731
|switch|p2a: Gholdengo|Gholdengo|100/100
|move|p1a: realpsyspam|Agility|p1a: realpsyspam
|-boost|p1a: realpsyspam|spe|2
|
|-weather|Snowscape|[upkeep]
|upkeep
|turn|4
|
|t:|1759076735
|move|p1a: realpsyspam|Calm Mind|p1a: realpsyspam
|-boost|p1a: realpsyspam|spa|1
|-boost|p1a: realpsyspam|spd|1
|move|p2a: Gholdengo|Trick|p1a: realpsyspam
|-activate|p2a: Gholdengo|move: Trick|[of] p1a: realpsyspam
|-item|p1a: realpsyspam|Choice Scarf|[from] move: Trick
|-item|p2a: Gholdengo|Leftovers|[from] move: Trick
|
|-weather|Snowscape|[upkeep]
|upkeep
|turn|5
|
|t:|1759076746
|move|p1a: realpsyspam|Stored Power|p2a: Gholdengo
|-resisted|p2a: Gholdengo
|-damage|p2a: Gholdengo|57/100
|move|p2a: Gholdengo|Shadow Ball|p1a: realpsyspam
|-supereffective|p1a: realpsyspam
|-damage|p1a: realpsyspam|73/100
|-unboost|p1a: realpsyspam|spd|1
|
|-weather|none
|-heal|p2a: Gholdengo|63/100|[from] item: Leftovers
|upkeep
|turn|6
|
|t:|1759076759
|move|p1a: realpsyspam|Stored Power|p2a: Gholdengo
|-resisted|p2a: Gholdengo
|-damage|p2a: Gholdengo|26/100
|move|p2a: Gholdengo|Shadow Ball|p1a: realpsyspam
|-supereffective|p1a: realpsyspam
|-damage|p1a: realpsyspam|35/100
|
|-heal|p2a: Gholdengo|32/100|[from] item: Leftovers
|upkeep
|turn|7
|
|t:|1759076765
|move|p1a: realpsyspam|Stored Power|p2a: Gholdengo
|-resisted|p2a: Gholdengo
|-damage|p2a: Gholdengo|0 fnt
|faint|p2a: Gholdengo
|
|upkeep
|
|t:|1759076787
|switch|p2a: Zamazenta|Zamazenta|100/100
|-ability|p2a: Zamazenta|Dauntless Shield|boost
|-boost|p2a: Zamazenta|def|1
|turn|8
|
|t:|1759076803
|-terastallize|p2a: Zamazenta|Dark
|move|p1a: realpsyspam|Stored Power|p2a: Zamazenta
|-immune|p2a: Zamazenta
|move|p2a: Zamazenta|Crunch|p1a: realpsyspam
|-supereffective|p1a: realpsyspam
|-damage|p1a: realpsyspam|0 fnt
|faint|p1a: realpsyspam
|
|-sideend|p1: disco 2003|move: Aurora Veil
|upkeep
|
|t:|1759076811
|switch|p1a: 50/50|Raging Bolt|100/100
|-enditem|p1a: 50/50|Booster Energy
|-activate|p1a: 50/50|ability: Protosynthesis|[fromitem]
|-start|p1a: 50/50|protosynthesisspa
|turn|9
|
|t:|1759076825
|move|p2a: Zamazenta|Crunch|p1a: 50/50
|-damage|p1a: 50/50|56/100
|-unboost|p1a: 50/50|def|1
|move|p1a: 50/50|Thunderbolt|p2a: Zamazenta
|-damage|p2a: Zamazenta|36/100
|
|upkeep
|turn|10
|
|t:|1759076840
|move|p2a: Zamazenta|Crunch|p1a: 50/50
|-crit|p1a: 50/50
|-damage|p1a: 50/50|0 fnt
|faint|p1a: 50/50
|-end|p1a: 50/50|Protosynthesis|[silent]
|
|upkeep
|
|t:|1759076844
|switch|p1a: MoveMerchant|Iron Moth|100/100
|-enditem|p1a: MoveMerchant|Booster Energy
|-activate|p1a: MoveMerchant|ability: Quark Drive|[fromitem]
|-start|p1a: MoveMerchant|quarkdrivespe
|turn|11
|
|t:|1759076851
|move|p1a: MoveMerchant|Dazzling Gleam|p2a: Zamazenta
|-supereffective|p2a: Zamazenta
|-damage|p2a: Zamazenta|0 fnt
|faint|p2a: Zamazenta
|
|upkeep
|
|t:|1759076854
|switch|p2a: Glimmora|Glimmora, F|100/100
|turn|12
|
|t:|1759076862
|move|p1a: MoveMerchant|Energy Ball|p2a: Glimmora
|-damage|p2a: Glimmora|61/100
|move|p2a: Glimmora|Earth Power|p1a: MoveMerchant
|-supereffective|p1a: MoveMerchant
|-damage|p1a: MoveMerchant|0 fnt
|faint|p1a: MoveMerchant
|-end|p1a: MoveMerchant|Quark Drive|[silent]
|
|upkeep
|
|t:|1759076874
|switch|p1a: rng my ahh|Kyurem|100/100
|-ability|p1a: rng my ahh|Pressure
|turn|13
|
|t:|1759076881
|move|p1a: rng my ahh|Scale Shot|p2a: Glimmora
|-damage|p2a: Glimmora|44/100
|-activate|p2a: Glimmora|ability: Toxic Debris
|-sidestart|p1: disco 2003|move: Toxic Spikes
|-damage|p2a: Glimmora|24/100
|-activate|p2a: Glimmora|ability: Toxic Debris
|-sidestart|p1: disco 2003|move: Toxic Spikes
|-damage|p2a: Glimmora|7/100
|-damage|p2a: Glimmora|0 fnt
|faint|p2a: Glimmora
|-hitcount|p2: Glimmora|4
|-unboost|p1a: rng my ahh|def|1
|-boost|p1a: rng my ahh|spe|1
|
|upkeep
|
|t:|1759076903
|switch|p2a: Lycanroc|Lycanroc-Dusk, F|100/100
|turn|14
|
|t:|1759076908
|move|p2a: Lycanroc|Accelerock|p1a: rng my ahh
|-supereffective|p1a: rng my ahh
|-damage|p1a: rng my ahh|0 fnt
|faint|p1a: rng my ahh
|
|upkeep
|
|t:|1759076912
|switch|p1a: bury the light|Ceruledge, F|100/100
|-status|p1a: bury the light|tox
|turn|15
|
|t:|1759076917
|-terastallize|p1a: bury the light|Fighting
|move|p2a: Lycanroc|Accelerock|p1a: bury the light
|-resisted|p1a: bury the light
|-damage|p1a: bury the light|75/100 tox
|-ability|p1a: bury the light|Weak Armor|boost
|-unboost|p1a: bury the light|def|1
|-boost|p1a: bury the light|spe|2
|move|p1a: bury the light|Swords Dance|p1a: bury the light
|-boost|p1a: bury the light|atk|2
|
|-damage|p1a: bury the light|69/100 tox|[from] psn
|upkeep
|turn|16
|
|t:|1759076921
|move|p2a: Lycanroc|Accelerock|p1a: bury the light
|-resisted|p1a: bury the light
|-damage|p1a: bury the light|30/100 tox
|-ability|p1a: bury the light|Weak Armor|boost
|-unboost|p1a: bury the light|def|1
|-boost|p1a: bury the light|spe|2
|move|p1a: bury the light|Poltergeist|p2a: Lycanroc
|-activate|p2a: Lycanroc|move: Poltergeist|Choice Band
|-damage|p2a: Lycanroc|0 fnt
|faint|p2a: Lycanroc
|
|-damage|p1a: bury the light|18/100 tox|[from] psn
|upkeep
|
|t:|1759076929
|switch|p2a: Rillaboom|Rillaboom, M|100/100
|-fieldstart|move: Grassy Terrain|[from] ability: Grassy Surge|[of] p2a: Rillaboom
|turn|17
|
|t:|1759076934
|move|p2a: Rillaboom|Grassy Glide|p1a: bury the light
|-damage|p1a: bury the light|0 fnt
|faint|p1a: bury the light
|
|win|wiggilydiggily
|raw|disco 2003's rating: 1698 &rarr; <strong>1675</strong><br />(-23 for losing)
|raw|wiggilydiggily's rating: 1644 &rarr; <strong>1667</strong><br />(+23 for winning)
|l|☆disco 2003
|player|p1|
|l| Nikator98
