|badge|p2|silver|gen9ou|30-6
|html|<div class="broadcast-red"><strong>This battle is required to be public due to one or more player having a season medal.</strong><br />During the public phase, you can discuss the state of the ladder <a href="/seasondiscussion">in a special chatroom.</a></div>
|uhtml|medal-msg|<div class="broadcast-blue">Curious what those medals under the avatar are? PS now has Ladder Seasons! For more information, check out the <a href="https://www.smogon.com/forums/threads/3740067/">thread on Smogon.</a></div>
|raw|<div class="broadcast-blue"><strong>This battle is required to be public due to a player having a name starting with 'medal'.</div>
|j|☆Light SV
|j|☆send it to me
|t:|1758973953
|gametype|singles
|player|p1|Light SV|ethan|1786
|player|p2|send it to me|musician|2020
|gen|9
|tier|[Gen 9] OU
|rated|
|rule|HP Percentage Mod: HP is shown in percentages
|rule|Endless Battle Clause: Forcing endless battles is banned
|rule|Species Clause: Limit one of each Pokémon
|rule|OHKO Clause: OHKO moves are banned
|rule|Evasion Items Clause: Evasion items are banned
|rule|Evasion Moves Clause: Evasion moves are banned
|rule|Evasion Abilities Clause: Evasion abilities are banned
|rule|Sleep Moves Clause: Sleep-inducing moves are banned
|clearpoke
|poke|p1|Dragonite, F|
|poke|p1|Zamazenta-*|
|poke|p1|Landorus-Therian, M|
|poke|p1|Gholdengo|
|poke|p1|Darkrai|
|poke|p1|Hatterene, F|
|poke|p2|Great Tusk|
|poke|p2|Kingambit, M|
|poke|p2|Slither Wing|
|poke|p2|Tornadus-Therian, M|
|poke|p2|Torkoal, M|
|poke|p2|Walking Wake|
|teampreview
|j| dsvdv
|
|t:|1758973971
|teamsize|p1|6
|teamsize|p2|6
|start
|switch|p1a: Landorus|Landorus-Therian, M|100/100
|switch|p2a: Torkoal|Torkoal, M, shiny|100/100
|-ability|p1a: Landorus|Intimidate|boost
|-unboost|p2a: Torkoal|atk|1
|-weather|SunnyDay|[from] ability: Drought|[of] p2a: Torkoal
|turn|1
|j| locked in bro
|
|t:|1758973999
|switch|p2a: Walking Wake|Walking Wake|100/100
|-activate|p2a: Walking Wake|ability: Protosynthesis
|-start|p2a: Walking Wake|protosynthesisspa
|move|p1a: Landorus|Stealth Rock|p2a: Walking Wake
|-sidestart|p2: send it to me|move: Stealth Rock
|
|-weather|SunnyDay|[upkeep]
|upkeep
|turn|2
|
|t:|1758974006
|switch|p1a: Hatterene|Hatterene, F|100/100
|move|p2a: Walking Wake|Hydro Steam|p1a: Hatterene
|-damage|p1a: Hatterene|41/100
|
|-weather|SunnyDay|[upkeep]
|upkeep
|turn|3
|
|t:|1758974011
|-terastallize|p1a: Hatterene|Water
|move|p2a: Walking Wake|Hydro Steam|p1a: Hatterene
|-resisted|p1a: Hatterene
|-damage|p1a: Hatterene|14/100
|move|p1a: Hatterene|Draining Kiss|p2a: Walking Wake
|-supereffective|p2a: Walking Wake
|-damage|p2a: Walking Wake|44/100
|-heal|p1a: Hatterene|60/100|[from] drain|[of] p2a: Walking Wake
|
|-weather|SunnyDay|[upkeep]
|upkeep
|turn|4
|
|t:|1758974016
|-end|p2a: Walking Wake|Protosynthesis|[silent]
|switch|p2a: Tornadus|Tornadus-Therian, M|100/100
|-damage|p2a: Tornadus|76/100|[from] Stealth Rock
|move|p1a: Hatterene|Draining Kiss|p2a: Tornadus
|-damage|p2a: Tornadus|63/100
|-heal|p1a: Hatterene|71/100|[from] drain|[of] p2a: Tornadus
|
|-weather|SunnyDay|[upkeep]
|upkeep
|turn|5
|
|t:|1758974022
|switch|p1a: Darkrai|Darkrai|100/100
|move|p2a: Tornadus|Knock Off|p1a: Darkrai
|-resisted|p1a: Darkrai
|-damage|p1a: Darkrai|87/100
|-enditem|p1a: Darkrai|Heavy-Duty Boots|[from] move: Knock Off|[of] p2a: Tornadus
|
|-weather|SunnyDay|[upkeep]
|upkeep
|turn|6
|
|t:|1758974024
|move|p1a: Darkrai|Ice Beam|p2a: Tornadus
|-supereffective|p2a: Tornadus
|-damage|p2a: Tornadus|36/100
|move|p2a: Tornadus|U-turn|p1a: Darkrai
|-supereffective|p1a: Darkrai
|-damage|p1a: Darkrai|49/100
|
|t:|1758974030
|switch|p2a: Slither Wing|Slither Wing|100/100|[from] U-turn
|-damage|p2a: Slither Wing|88/100|[from] Stealth Rock
|-activate|p2a: Slither Wing|ability: Protosynthesis
|-start|p2a: Slither Wing|protosynthesisatk
|
|-weather|SunnyDay|[upkeep]
|upkeep
|turn|7
|
|t:|1758974042
|switch|p1a: Landorus|Landorus-Therian, M|100/100
|-ability|p1a: Landorus|Intimidate|boost
|-unboost|p2a: Slither Wing|atk|1
|move|p2a: Slither Wing|U-turn|p1a: Landorus
|-resisted|p1a: Landorus
|-damage|p1a: Landorus|83/100
|-damage|p2a: Slither Wing|72/100|[from] item: Rocky Helmet|[of] p1a: Landorus
|j| stonecold4561
|
|t:|1758974047
|-end|p2a: Slither Wing|Protosynthesis|[silent]
|switch|p2a: Great Tusk|Great Tusk, shiny|100/100|[from] U-turn
|-damage|p2a: Great Tusk|98/100|[from] Stealth Rock
|-activate|p2a: Great Tusk|ability: Protosynthesis
|-start|p2a: Great Tusk|protosynthesisatk
|
|-weather|SunnyDay|[upkeep]
|upkeep
|turn|8
|
|t:|1758974053
|switch|p1a: Zamazenta|Zamazenta|100/100
|-ability|p1a: Zamazenta|Dauntless Shield|boost
|-boost|p1a: Zamazenta|def|1
|move|p2a: Great Tusk|Rapid Spin|p1a: Zamazenta
|-damage|p1a: Zamazenta|89/100
|-boost|p2a: Great Tusk|spe|1
|-sideend|p2: send it to me|Stealth Rock|[from] move: Rapid Spin|[of] p2a: Great Tusk
|
|-weather|none
|-end|p2a: Great Tusk|Protosynthesis
|-heal|p1a: Zamazenta|95/100|[from] item: Leftovers
|upkeep
|turn|9
|
|t:|1758974062
|-end|p2a: Great Tusk|Protosynthesis|[silent]
|switch|p2a: Torkoal|Torkoal, M, shiny|100/100
|-weather|SunnyDay|[from] ability: Drought|[of] p2a: Torkoal
|move|p1a: Zamazenta|Body Press|p2a: Torkoal
|-crit|p2a: Torkoal
|-damage|p2a: Torkoal|56/100
|
|-weather|SunnyDay|[upkeep]
|-heal|p1a: Zamazenta|100/100|[from] item: Leftovers
|upkeep
|turn|10
|
|t:|1758974078
|move|p1a: Zamazenta|Body Press|p2a: Torkoal
|-damage|p2a: Torkoal|23/100
|move|p2a: Torkoal|Will-O-Wisp|p1a: Zamazenta
|-status|p1a: Zamazenta|brn
|
|-weather|SunnyDay|[upkeep]
|-damage|p1a: Zamazenta|94/100 brn|[from] brn
|upkeep
|turn|11
|
|t:|1758974085
|switch|p1a: Hatterene|Hatterene, F, tera:Water|71/100
|move|p2a: Torkoal|Stealth Rock|p1a: Hatterene
|move|p1a: Hatterene|Stealth Rock|p2a: Torkoal|[from] ability: Magic Bounce
|-sidestart|p2: send it to me|move: Stealth Rock
|
|-weather|SunnyDay|[upkeep]
|upkeep
|turn|12
|
|t:|1758974090
|switch|p2a: Tornadus|Tornadus-Therian, M|70/100
|-damage|p2a: Tornadus|45/100|[from] Stealth Rock
|move|p1a: Hatterene|Psychic Noise|p2a: Tornadus
|-damage|p2a: Tornadus|25/100
|-start|p2a: Tornadus|move: Heal Block
|
|-weather|SunnyDay|[upkeep]
|upkeep
|turn|13
|
|t:|1758974098
|switch|p1a: Darkrai|Darkrai|49/100
|move|p2a: Tornadus|Knock Off|p1a: Darkrai
|-resisted|p1a: Darkrai
|-damage|p1a: Darkrai|40/100
|
|-weather|SunnyDay|[upkeep]
|-end|p2a: Tornadus|move: Heal Block
|upkeep
|turn|14
|
|t:|1758974104
|switch|p2a: Slither Wing|Slither Wing|72/100
|-damage|p2a: Slither Wing|59/100|[from] Stealth Rock
|-activate|p2a: Slither Wing|ability: Protosynthesis
|-start|p2a: Slither Wing|protosynthesisatk
|move|p1a: Darkrai|Ice Beam|p2a: Slither Wing
|-damage|p2a: Slither Wing|40/100
|
|-weather|SunnyDay|[upkeep]
|upkeep
|turn|15
|
|t:|1758974108
|switch|p1a: Landorus|Landorus-Therian, M|83/100
|-ability|p1a: Landorus|Intimidate|boost
|-unboost|p2a: Slither Wing|atk|1
|move|p2a: Slither Wing|U-turn|p1a: Landorus
|-resisted|p1a: Landorus
|-damage|p1a: Landorus|68/100
|-damage|p2a: Slither Wing|23/100|[from] item: Rocky Helmet|[of] p1a: Landorus
|
|t:|1758974109
|-end|p2a: Slither Wing|Protosynthesis|[silent]
|switch|p2a: Great Tusk|Great Tusk, shiny|98/100|[from] U-turn
|-damage|p2a: Great Tusk|95/100|[from] Stealth Rock
|-activate|p2a: Great Tusk|ability: Protosynthesis
|-start|p2a: Great Tusk|protosynthesisatk
|
|-weather|SunnyDay|[upkeep]
|upkeep
|turn|16
|
|t:|1758974120
|switch|p1a: Zamazenta|Zamazenta|94/100 brn
|move|p2a: Great Tusk|Temper Flare|p1a: Zamazenta
|-crit|p1a: Zamazenta
|-damage|p1a: Zamazenta|31/100 brn
|
|-weather|none
|-end|p2a: Great Tusk|Protosynthesis
|-heal|p1a: Zamazenta|37/100 brn|[from] item: Leftovers
|-damage|p1a: Zamazenta|31/100 brn|[from] brn
|upkeep
|turn|17
|
|t:|1758974134
|switch|p1a: Landorus|Landorus-Therian, M|68/100
|-ability|p1a: Landorus|Intimidate|boost
|-unboost|p2a: Great Tusk|atk|1
|move|p2a: Great Tusk|Rapid Spin|p1a: Landorus
|-damage|p1a: Landorus|55/100
|-boost|p2a: Great Tusk|spe|1
|-damage|p2a: Great Tusk|78/100|[from] item: Rocky Helmet|[of] p1a: Landorus
|-sideend|p2: send it to me|Stealth Rock|[from] move: Rapid Spin|[of] p2a: Great Tusk
|
|upkeep
|turn|18
|j| amefurikoneko
|
|t:|1758974138
|move|p2a: Great Tusk|Ice Spinner|p1a: Landorus
|-supereffective|p1a: Landorus
|-damage|p1a: Landorus|0 fnt
|-damage|p2a: Great Tusk|62/100|[from] item: Rocky Helmet|[of] p1a: Landorus
|faint|p1a: Landorus
|
|upkeep
|
|t:|1758974142
|switch|p1a: Darkrai|Darkrai|40/100
|turn|19
|
|t:|1758974146
|switch|p1a: Zamazenta|Zamazenta|31/100 brn
|move|p2a: Great Tusk|Headlong Rush|p1a: Zamazenta
|-damage|p1a: Zamazenta|0 fnt
|-unboost|p2a: Great Tusk|def|1
|-unboost|p2a: Great Tusk|spd|1
|faint|p1a: Zamazenta
|
|upkeep
|
|t:|1758974151
|switch|p1a: Dragonite|Dragonite, F|100/100
|turn|20
|
|t:|1758974155
|move|p2a: Great Tusk|Ice Spinner|p1a: Dragonite
|-supereffective|p1a: Dragonite
|-damage|p1a: Dragonite|54/100
|move|p1a: Dragonite|Earthquake|p2a: Great Tusk
|-damage|p2a: Great Tusk|26/100
|
|upkeep
|turn|21
|
|t:|1758974159
|-end|p2a: Great Tusk|Protosynthesis|[silent]
|switch|p2a: Torkoal|Torkoal, M, shiny|23/100
|-weather|SunnyDay|[from] ability: Drought|[of] p2a: Torkoal
|move|p1a: Dragonite|Extreme Speed|p2a: Torkoal
|-damage|p2a: Torkoal|7/100
|
|-weather|SunnyDay|[upkeep]
|upkeep
|turn|22
|l| stonecold4561
|
|t:|1758974165
|move|p1a: Dragonite|Dragon Dance|p1a: Dragonite
|-boost|p1a: Dragonite|atk|1
|-boost|p1a: Dragonite|spe|1
|move|p2a: Torkoal|Will-O-Wisp|p1a: Dragonite
|-status|p1a: Dragonite|brn
|-enditem|p1a: Dragonite|Lum Berry|[eat]
|-curestatus|p1a: Dragonite|brn|[msg]
|
|-weather|SunnyDay|[upkeep]
|upkeep
|turn|23
|
|t:|1758974177
|move|p1a: Dragonite|Extreme Speed|p2a: Torkoal
|-damage|p2a: Torkoal|0 fnt
|faint|p2a: Torkoal
|
|-weather|SunnyDay|[upkeep]
|upkeep
|
|t:|1758974188
|switch|p2a: Kingambit|Kingambit, M|100/100
|-activate|p2a: Kingambit|ability: Supreme Overlord
|-start|p2a: Kingambit|fallen1|[silent]
|turn|24
|
|t:|1758974191
|move|p1a: Dragonite|Earthquake|p2a: Kingambit
|-supereffective|p2a: Kingambit
|-damage|p2a: Kingambit|21/100
|move|p2a: Kingambit|Kowtow Cleave|p1a: Dragonite
|-damage|p1a: Dragonite|0 fnt
|faint|p1a: Dragonite
|
|-weather|SunnyDay|[upkeep]
|-heal|p2a: Kingambit|27/100|[from] item: Leftovers
|upkeep
|
|t:|1758974197
|switch|p1a: Darkrai|Darkrai|40/100
|turn|25
|
|t:|1758974204
|move|p1a: Darkrai|Will-O-Wisp|p2a: Kingambit
|-status|p2a: Kingambit|brn
|move|p2a: Kingambit|Iron Head|p1a: Darkrai
|-damage|p1a: Darkrai|11/100
|
|-weather|SunnyDay|[upkeep]
|-heal|p2a: Kingambit|33/100 brn|[from] item: Leftovers
|-damage|p2a: Kingambit|27/100 brn|[from] brn
|upkeep
|turn|26
|
|t:|1758974210
|switch|p1a: Gholdengo|Gholdengo|100/100
|move|p2a: Kingambit|Sucker Punch||[still]
|-fail|p2a: Kingambit
|
|-weather|SunnyDay|[upkeep]
|-heal|p2a: Kingambit|33/100 brn|[from] item: Leftovers
|-damage|p2a: Kingambit|27/100 brn|[from] brn
|upkeep
|turn|27
|
|t:|1758974216
|move|p1a: Gholdengo|Make It Rain|p2a: Kingambit
|-resisted|p2a: Kingambit
|-damage|p2a: Kingambit|0 fnt
|-unboost|p1a: Gholdengo|spa|1
|faint|p2a: Kingambit
|-end|p2a: Kingambit|fallen1|[silent]
|
|-weather|SunnyDay|[upkeep]
|upkeep
|
|t:|1758974218
|switch|p2a: Tornadus|Tornadus-Therian, M|59/100
|turn|28
|
|t:|1758974222
|move|p1a: Gholdengo|Thunderbolt|p2a: Tornadus
|-supereffective|p2a: Tornadus
|-crit|p2a: Tornadus
|-damage|p2a: Tornadus|5/100
|move|p2a: Tornadus|U-turn|p1a: Gholdengo
|-resisted|p1a: Gholdengo
|-damage|p1a: Gholdengo|96/100
|
|t:|1758974228
|switch|p2a: Great Tusk|Great Tusk, shiny|26/100|[from] U-turn
|-activate|p2a: Great Tusk|ability: Protosynthesis
|-start|p2a: Great Tusk|protosynthesisatk
|
|-weather|none
|-end|p2a: Great Tusk|Protosynthesis
|upkeep
|turn|29
|
|t:|1758974242
|switch|p1a: Darkrai|Darkrai|11/100
|move|p2a: Great Tusk|Headlong Rush|p1a: Darkrai
|-damage|p1a: Darkrai|0 fnt
|-unboost|p2a: Great Tusk|def|1
|-unboost|p2a: Great Tusk|spd|1
|faint|p1a: Darkrai
|
|upkeep
|
|t:|1758974245
|switch|p1a: Hatterene|Hatterene, F, tera:Water|71/100
|turn|30
|
|t:|1758974253
|move|p2a: Great Tusk|Headlong Rush|p1a: Hatterene
|-damage|p1a: Hatterene|0 fnt
|-unboost|p2a: Great Tusk|def|1
|-unboost|p2a: Great Tusk|spd|1
|faint|p1a: Hatterene
|
|upkeep
|
|t:|1758974257
|switch|p1a: Gholdengo|Gholdengo|96/100
|turn|31
|
|t:|1758974259
|move|p2a: Great Tusk|Headlong Rush|p1a: Gholdengo
|-supereffective|p1a: Gholdengo
|-damage|p1a: Gholdengo|0 fnt
|-unboost|p2a: Great Tusk|def|1
|-unboost|p2a: Great Tusk|spd|1
|faint|p1a: Gholdengo
|
|win|send it to me
|raw|Light SV's rating: 1786 &rarr; <strong>1778</strong><br />(-8 for losing)
|raw|send it to me's rating: 2020 &rarr; <strong>2028</strong><br />(+8 for winning)
|l|☆Light SV
|player|p1|
|c|☆send it to me|gg
|l|☆send it to me
|player|p2|
|l| amefurikoneko
|l| dsvdv
|j| LT124YH Ghoul
