|j|☆doodieray
|j|☆EditorialMercedes
|t:|1758986198
|gametype|singles
|player|p1|doodieray|medium|1332
|player|p2|EditorialMercedes|shauntal|1316
|gen|9
|tier|[Gen 9] OU
|rated|
|rule|HP Percentage Mod: HP is shown in percentages
|rule|Endless Battle Clause: Forcing endless battles is banned
|rule|Species Clause: Limit one of each Pokémon
|rule|OHKO Clause: OHKO moves are banned
|rule|Evasion Items Clause: Evasion items are banned
|rule|Evasion Moves Clause: Evasion moves are banned
|rule|Evasion Abilities Clause: Evasion abilities are banned
|rule|Sleep Moves Clause: Sleep-inducing moves are banned
|clearpoke
|poke|p1|Rillaboom, F|
|poke|p1|Ogerpon, F|
|poke|p1|Raging Bolt|
|poke|p1|Weezing-Galar, F|
|poke|p1|Moltres-Galar|
|poke|p1|Great Tusk|
|poke|p2|Meowscarada, F|
|poke|p2|Skeledirge, F|
|poke|p2|Goodra-Hisui, M|
|poke|p2|Mienshao, M|
|poke|p2|Slowking, F|
|poke|p2|Iron Treads|
|teampreview
|inactive|Battle timer is ON: inactive players will automatically lose when time's up. (requested by doodieray)
|
|t:|1758986207
|teamsize|p1|6
|teamsize|p2|6
|start
|switch|p1a: Weezing|Weezing-Galar, F|100/100
|switch|p2a: Meowscarada|Meowscarada, F|100/100
|-ability|p1a: Weezing|Neutralizing Gas
|turn|1
|
|t:|1758986215
|move|p2a: Meowscarada|U-turn|p1a: Weezing
|-resisted|p1a: Weezing
|-damage|p1a: Weezing|95/100
|
|t:|1758986218
|switch|p2a: Goodra|Goodra-Hisui, M|100/100|[from] U-turn
|move|p1a: Weezing|Toxic|p2a: Goodra
|-immune|p2a: Goodra
|
|upkeep
|turn|2
|
|t:|1758986228
|-end|p1a: Weezing|ability: Neutralizing Gas
|switch|p1a: Moltres|Moltres-Galar|100/100
|move|p2a: Goodra|Sludge Bomb|p1a: Moltres
|-crit|p1a: Moltres
|-damage|p1a: Moltres|70/100
|
|upkeep
|turn|3
|
|t:|1758986237
|move|p1a: Moltres|Agility|p1a: Moltres
|-boost|p1a: Moltres|spe|2
|move|p2a: Goodra|Ice Beam|p1a: Moltres
|-supereffective|p1a: Moltres
|-damage|p1a: Moltres|30/100
|-ability|p1a: Moltres|Berserk|boost
|-boost|p1a: Moltres|spa|1
|-enditem|p1a: Moltres|Sitrus Berry|[eat]
|-heal|p1a: Moltres|55/100|[from] item: Sitrus Berry
|
|upkeep
|turn|4
|
|t:|1758986247
|move|p1a: Moltres|Fiery Wrath|p2a: Goodra
|-damage|p2a: Goodra|78/100
|move|p2a: Goodra|Ice Beam|p1a: Moltres
|-supereffective|p1a: Moltres
|-damage|p1a: Moltres|14/100
|-status|p1a: Moltres|frz
|-ability|p1a: Moltres|Berserk|boost
|-boost|p1a: Moltres|spa|1
|
|upkeep
|turn|5
|
|t:|1758986256
|cant|p1a: Moltres|frz
|move|p2a: Goodra|Ice Beam|p1a: Moltres
|-supereffective|p1a: Moltres
|-damage|p1a: Moltres|0 fnt
|faint|p1a: Moltres
|
|upkeep
|
|t:|1758986261
|switch|p1a: Great Tusk|Great Tusk|100/100
|turn|6
|
|t:|1758986270
|switch|p2a: Slowking|Slowking, F|100/100
|move|p1a: Great Tusk|Headlong Rush|p2a: Slowking
|-damage|p2a: Slowking|35/100
|-unboost|p1a: Great Tusk|def|1
|-unboost|p1a: Great Tusk|spd|1
|
|upkeep
|turn|7
|
|t:|1758986281
|switch|p2a: Meowscarada|Meowscarada, F|100/100
|move|p1a: Great Tusk|Headlong Rush|p2a: Meowscarada
|-resisted|p2a: Meowscarada
|-damage|p2a: Meowscarada|48/100
|-unboost|p1a: Great Tusk|def|1
|-unboost|p1a: Great Tusk|spd|1
|
|upkeep
|turn|8
|
|t:|1758986289
|move|p1a: Great Tusk|Headlong Rush|p2a: Meowscarada
|-resisted|p2a: Meowscarada
|-damage|p2a: Meowscarada|0 fnt
|-unboost|p1a: Great Tusk|def|1
|-unboost|p1a: Great Tusk|spd|1
|faint|p2a: Meowscarada
|
|upkeep
|
|t:|1758986298
|switch|p2a: Skeledirge|Skeledirge, F|100/100
|turn|9
|
|t:|1758986301
|-end|p1a: Great Tusk|Protosynthesis|[silent]
|switch|p1a: Raging Bolt|Raging Bolt|100/100
|-terastallize|p2a: Skeledirge|Fairy
|move|p2a: Skeledirge|Will-O-Wisp|p1a: Raging Bolt
|-status|p1a: Raging Bolt|brn
|
|-damage|p1a: Raging Bolt|94/100 brn|[from] brn
|upkeep
|turn|10
|
|t:|1758986312
|switch|p2a: Goodra|Goodra-Hisui, M|78/100
|move|p1a: Raging Bolt|Volt Switch|p2a: Goodra
|-resisted|p2a: Goodra
|-damage|p2a: Goodra|71/100
|
|t:|1758986315
|-end|p1a: Raging Bolt|Protosynthesis|[silent]
|switch|p1a: Great Tusk|Great Tusk|100/100|[from] Volt Switch
|
|upkeep
|turn|11
|
|t:|1758986322
|switch|p2a: Skeledirge|Skeledirge, F, tera:Fairy|100/100
|-terastallize|p1a: Great Tusk|Ground
|move|p1a: Great Tusk|Headlong Rush|p2a: Skeledirge
|-damage|p2a: Skeledirge|50/100
|-unboost|p1a: Great Tusk|def|1
|-unboost|p1a: Great Tusk|spd|1
|
|upkeep
|turn|12
|
|t:|1758986337
|move|p1a: Great Tusk|Headlong Rush|p2a: Skeledirge
|-damage|p2a: Skeledirge|0 fnt
|-unboost|p1a: Great Tusk|def|1
|-unboost|p1a: Great Tusk|spd|1
|faint|p2a: Skeledirge
|
|upkeep
|
|t:|1758986343
|switch|p2a: Mienshao|Mienshao, M|100/100
|turn|13
|
|t:|1758986351
|-end|p1a: Great Tusk|Protosynthesis|[silent]
|switch|p1a: Weezing|Weezing-Galar, F|95/100
|-ability|p1a: Weezing|Neutralizing Gas
|move|p2a: Mienshao|Ice Spinner|p1a: Weezing
|-damage|p1a: Weezing|77/100
|
|upkeep
|turn|14
|
|t:|1758986361
|switch|p2a: Goodra|Goodra-Hisui, M|71/100
|-end|p1a: Weezing|ability: Neutralizing Gas
|switch|p1a: Raging Bolt|Raging Bolt|94/100 brn
|
|-damage|p1a: Raging Bolt|88/100 brn|[from] brn
|upkeep
|turn|15
|
|t:|1758986370
|move|p1a: Raging Bolt|Volt Switch|p2a: Goodra
|-resisted|p2a: Goodra
|-damage|p2a: Goodra|64/100
|
|t:|1758986375
|-end|p1a: Raging Bolt|Protosynthesis|[silent]
|switch|p1a: Rillaboom|Rillaboom, F|100/100|[from] Volt Switch
|-fieldstart|move: Grassy Terrain|[from] ability: Grassy Surge|[of] p1a: Rillaboom
|move|p2a: Goodra|Draco Meteor|p1a: Rillaboom
|-damage|p1a: Rillaboom|45/100
|-unboost|p2a: Goodra|spa|2
|
|-heal|p1a: Rillaboom|51/100|[from] Grassy Terrain
|-heal|p2a: Goodra|70/100|[from] Grassy Terrain
|upkeep
|turn|16
|
|t:|1758986385
|switch|p2a: Iron Treads|Iron Treads|100/100
|move|p1a: Rillaboom|Knock Off|p2a: Iron Treads
|-damage|p2a: Iron Treads|69/100
|-enditem|p2a: Iron Treads|Heavy-Duty Boots|[from] move: Knock Off|[of] p1a: Rillaboom
|
|-heal|p2a: Iron Treads|75/100|[from] Grassy Terrain
|-heal|p1a: Rillaboom|57/100|[from] Grassy Terrain
|upkeep
|turn|17
|
|t:|1758986393
|move|p2a: Iron Treads|Stealth Rock|p1a: Rillaboom
|-sidestart|p1: doodieray|move: Stealth Rock
|move|p1a: Rillaboom|U-turn|p2a: Iron Treads
|-resisted|p2a: Iron Treads
|-damage|p2a: Iron Treads|63/100
|
|t:|1758986396
|switch|p1a: Great Tusk|Great Tusk, tera:Ground|100/100|[from] U-turn
|-damage|p1a: Great Tusk|94/100|[from] Stealth Rock
|
|-heal|p1a: Great Tusk|100/100|[from] Grassy Terrain
|-heal|p2a: Iron Treads|69/100|[from] Grassy Terrain
|upkeep
|turn|18
|
|t:|1758986404
|move|p1a: Great Tusk|Headlong Rush|p2a: Iron Treads
|-supereffective|p2a: Iron Treads
|-damage|p2a: Iron Treads|0 fnt
|-unboost|p1a: Great Tusk|def|1
|-unboost|p1a: Great Tusk|spd|1
|faint|p2a: Iron Treads
|-end|p2a: Iron Treads|Quark Drive|[silent]
|
|upkeep
|
|t:|1758986410
|switch|p2a: Mienshao|Mienshao, M|100/100
|turn|19
|
|t:|1758986417
|move|p2a: Mienshao|Ice Spinner|p1a: Great Tusk
|-supereffective|p1a: Great Tusk
|-damage|p1a: Great Tusk|40/100
|-fieldend|move: Grassy Terrain
|move|p1a: Great Tusk|Headlong Rush|p2a: Mienshao
|-damage|p2a: Mienshao|0 fnt
|-unboost|p1a: Great Tusk|def|1
|-unboost|p1a: Great Tusk|spd|1
|faint|p2a: Mienshao
|
|upkeep
|
|t:|1758986426
|switch|p2a: Slowking|Slowking, F|68/100
|turn|20
|
|t:|1758986430
|move|p1a: Great Tusk|Headlong Rush|p2a: Slowking
|-damage|p2a: Slowking|0 fnt
|-unboost|p1a: Great Tusk|def|1
|-unboost|p1a: Great Tusk|spd|1
|faint|p2a: Slowking
|
|upkeep
|-message|EditorialMercedes forfeited.
|
|win|doodieray
|raw|doodieray's rating: 1332 &rarr; <strong>1351</strong><br />(+19 for winning)
|raw|EditorialMercedes's rating: 1316 &rarr; <strong>1297</strong><br />(-19 for losing)
|l|☆EditorialMercedes
|player|p2|
