|j|☆pokefanfdj
|j|☆114514Ottoman
|t:|1758968609
|gametype|singles
|player|p1|pokefanfdj|169|1235
|player|p2|114514Ottoman|170|1241
|gen|9
|tier|[Gen 9] OU
|rated|
|rule|HP Percentage Mod: HP is shown in percentages
|rule|Endless Battle Clause: Forcing endless battles is banned
|rule|Species Clause: Limit one of each Pokémon
|rule|OHKO Clause: OHKO moves are banned
|rule|Evasion Items Clause: Evasion items are banned
|rule|Evasion Moves Clause: Evasion moves are banned
|rule|Evasion Abilities Clause: Evasion abilities are banned
|rule|Sleep Moves Clause: Sleep-inducing moves are banned
|clearpoke
|poke|p1|Kleavor, F|
|poke|p1|Brambleghast, F|
|poke|p1|Moltres|
|poke|p1|Mamoswine, F|
|poke|p1|Kingambit, F|
|poke|p1|Blissey, F|
|poke|p2|Kingambit, M|
|poke|p2|Ceruledge, F|
|poke|p2|Alomomola, M|
|poke|p2|Walking Wake|
|poke|p2|Torkoal, F|
|poke|p2|Deoxys-Speed|
|teampreview
|inactive|Battle timer is ON: inactive players will automatically lose when time's up. (requested by pokefanfdj)
|
|t:|1758968622
|teamsize|p1|6
|teamsize|p2|6
|start
|switch|p1a: Kleavor|Kleavor, F|100/100
|switch|p2a: Torkoal|Torkoal, F, shiny|100/100
|-weather|SunnyDay|[from] ability: Drought|[of] p2a: Torkoal
|turn|1
|
|t:|1758968628
|move|p1a: Kleavor|Stone Axe|p2a: Torkoal
|-supereffective|p2a: Torkoal
|-damage|p2a: Torkoal|17/100
|-sidestart|p2: 114514Ottoman|move: Stealth Rock
|move|p2a: Torkoal|Overheat|p1a: Kleavor
|-damage|p1a: Kleavor|13/100
|-unboost|p2a: Torkoal|spa|2
|
|-weather|SunnyDay|[upkeep]
|upkeep
|turn|2
|
|t:|1758968643
|move|p1a: Kleavor|Tailwind|p1a: Kleavor
|-sidestart|p1: pokefanfdj|move: Tailwind
|move|p2a: Torkoal|Earthquake|p1a: Kleavor
|-damage|p1a: Kleavor|0 fnt
|faint|p1a: Kleavor
|
|-weather|SunnyDay|[upkeep]
|upkeep
|
|t:|1758968646
|switch|p1a: Brambleghast|Brambleghast, F|100/100
|-ability|p1a: Brambleghast|Wind Rider|boost
|-boost|p1a: Brambleghast|atk|1
|turn|3
|
|t:|1758968649
|move|p1a: Brambleghast|Rapid Spin|p2a: Torkoal
|-damage|p2a: Torkoal|0 fnt
|-boost|p1a: Brambleghast|spe|1
|faint|p2a: Torkoal
|-damage|p1a: Brambleghast|91/100|[from] item: Life Orb
|
|-weather|SunnyDay|[upkeep]
|upkeep
|
|t:|1758968653
|switch|p2a: Ceruledge|Ceruledge, F, shiny|100/100
|-damage|p2a: Ceruledge|76/100|[from] Stealth Rock
|turn|4
|
|t:|1758968659
|move|p2a: Ceruledge|Shadow Sneak|p1a: Brambleghast
|-supereffective|p1a: Brambleghast
|-damage|p1a: Brambleghast|20/100
|move|p1a: Brambleghast|Poltergeist|p2a: Ceruledge|[miss]
|-miss|p1a: Brambleghast|p2a: Ceruledge
|
|-weather|SunnyDay|[upkeep]
|upkeep
|turn|5
|
|t:|1758968670
|switch|p1a: Moltres|Moltres|100/100
|move|p2a: Ceruledge|Shadow Sneak|p1a: Moltres
|-damage|p1a: Moltres|79/100
|
|-weather|SunnyDay|[upkeep]
|-sideend|p1: pokefanfdj|move: Tailwind
|upkeep
|turn|6
|
|t:|1758968682
|move|p2a: Ceruledge|Swords Dance|p2a: Ceruledge
|-boost|p2a: Ceruledge|atk|2
|move|p1a: Moltres|Tailwind|p1a: Moltres
|-sidestart|p1: pokefanfdj|move: Tailwind
|
|-weather|SunnyDay|[upkeep]
|upkeep
|turn|7
|
|t:|1758968686
|move|p2a: Ceruledge|Shadow Sneak|p1a: Moltres
|-crit|p1a: Moltres
|-damage|p1a: Moltres|17/100
|move|p1a: Moltres|Air Slash|p2a: Ceruledge
|-damage|p2a: Ceruledge|32/100
|
|-weather|SunnyDay|[upkeep]
|upkeep
|turn|8
|
|t:|1758968700
|move|p2a: Ceruledge|Shadow Sneak|p1a: Moltres
|-damage|p1a: Moltres|0 fnt
|faint|p1a: Moltres
|
|-weather|none
|upkeep
|
|t:|1758968703
|switch|p1a: Mamoswine|Mamoswine, F|100/100
|turn|9
|
|t:|1758968707
|-terastallize|p1a: Mamoswine|Ice
|move|p1a: Mamoswine|Ice Shard|p2a: Ceruledge
|-resisted|p2a: Ceruledge
|-damage|p2a: Ceruledge|5/100
|-ability|p2a: Ceruledge|Weak Armor|boost
|-unboost|p2a: Ceruledge|def|1
|-boost|p2a: Ceruledge|spe|2
|-damage|p1a: Mamoswine|91/100|[from] item: Life Orb
|move|p2a: Ceruledge|Shadow Sneak|p1a: Mamoswine
|-damage|p1a: Mamoswine|45/100
|
|-sideend|p1: pokefanfdj|move: Tailwind
|upkeep
|turn|10
|
|t:|1758968713
|move|p2a: Ceruledge|Shadow Sneak|p1a: Mamoswine
|-damage|p1a: Mamoswine|0 fnt
|faint|p1a: Mamoswine
|
|upkeep
|
|t:|1758968719
|switch|p1a: Kingambit|Kingambit, F|100/100
|-activate|p1a: Kingambit|ability: Supreme Overlord
|-start|p1a: Kingambit|fallen3|[silent]
|turn|11
|
|t:|1758968725
|move|p2a: Ceruledge|Bitter Blade|p1a: Kingambit
|-supereffective|p1a: Kingambit
|-damage|p1a: Kingambit|0 fnt
|-heal|p2a: Ceruledge|64/100|[from] drain|[of] p1a: Kingambit
|faint|p1a: Kingambit
|-end|p1a: Kingambit|fallen3|[silent]
|
|upkeep
|-message|pokefanfdj forfeited.
|
|win|114514Ottoman
|raw|pokefanfdj's rating: 1235 &rarr; <strong>1210</strong><br />(-25 for losing)
|raw|114514Ottoman's rating: 1241 &rarr; <strong>1266</strong><br />(+25 for winning)
|l|☆pokefanfdj
|player|p1|
