|j|☆silverfalcom
|j|☆Thibault56
|t:|1758977786
|gametype|singles
|player|p1|silverfalcom|170|1625
|player|p2|Thibault56|acetrainer|1613
|gen|9
|tier|[Gen 9] OU
|rated|
|rule|HP Percentage Mod: HP is shown in percentages
|rule|Endless Battle Clause: Forcing endless battles is banned
|rule|Species Clause: Limit one of each Pokémon
|rule|OHKO Clause: OHKO moves are banned
|rule|Evasion Items Clause: Evasion items are banned
|rule|Evasion Moves Clause: Evasion moves are banned
|rule|Evasion Abilities Clause: Evasion abilities are banned
|rule|Sleep Moves Clause: Sleep-inducing moves are banned
|clearpoke
|poke|p1|Iron Valiant|
|poke|p1|Ogerpon-Wellspring, F|
|poke|p1|Clefable, M|
|poke|p1|Iron Treads|
|poke|p1|Kingambit, F|
|poke|p1|Dragapult, F|
|poke|p2|Clodsire, F|
|poke|p2|Pelipper, F|
|poke|p2|Barraskewda, F|
|poke|p2|Zapdos|
|poke|p2|Corviknight, M|
|poke|p2|Incineroar, M|
|teampreview
|
|t:|1758977802
|teamsize|p1|6
|teamsize|p2|6
|start
|switch|p1a: Iron Valiant|Iron Valiant|100/100
|switch|p2a: Pelipper|Pelipper, F|100/100
|-weather|RainDance|[from] ability: Drizzle|[of] p2a: Pelipper
|turn|1
|inactive|Battle timer is ON: inactive players will automatically lose when time's up. (requested by Thibault56)
|
|t:|1758977806
|switch|p2a: Clodsire|Clodsire, F|100/100
|move|p1a: Iron Valiant|Thunderbolt|p2a: Clodsire
|-immune|p2a: Clodsire
|
|-weather|RainDance|[upkeep]
|upkeep
|turn|2
|
|t:|1758977812
|-end|p1a: Iron Valiant|Quark Drive|[silent]
|switch|p1a: Iron Treads|Iron Treads|100/100
|switch|p2a: Pelipper|Pelipper, F|100/100
|
|-weather|RainDance|[upkeep]
|upkeep
|turn|3
|
|t:|1758977834
|move|p1a: Iron Treads|Stealth Rock|p2a: Pelipper
|-sidestart|p2: Thibault56|move: Stealth Rock
|move|p2a: Pelipper|Weather Ball|p1a: Iron Treads
|-supereffective|p1a: Iron Treads
|-damage|p1a: Iron Treads|0 fnt
|faint|p1a: Iron Treads
|-end|p1a: Iron Treads|Quark Drive|[silent]
|
|-weather|RainDance|[upkeep]
|upkeep
|inactive|silverfalcom has 120 seconds left.
|
|t:|1758977853
|switch|p1a: Dragapult|Dragapult, F|100/100
|turn|4
|
|t:|1758977857
|switch|p2a: Corviknight|Corviknight, M|100/100
|-damage|p2a: Corviknight|88/100|[from] Stealth Rock
|-ability|p2a: Corviknight|Pressure
|move|p1a: Dragapult|Dragon Darts|p2a: Corviknight
|-resisted|p2a: Corviknight
|-damage|p2a: Corviknight|77/100
|-anim|p1a: Dragapult|Dragon Darts|p2a: Corviknight
|-resisted|p2a: Corviknight
|-damage|p2a: Corviknight|67/100
|
|-weather|RainDance|[upkeep]
|upkeep
|turn|5
|inactive|silverfalcom has 120 seconds left.
|
|t:|1758977903
|switch|p1a: Ogerpon|Ogerpon-Wellspring, F|100/100
|move|p2a: Corviknight|Defog|p1a: Ogerpon
|-unboost|p1a: Ogerpon|evasion|1
|-sideend|p2: Thibault56|Stealth Rock|[from] move: Defog|[of] p2a: Corviknight
|
|-weather|RainDance|[upkeep]
|upkeep
|turn|6
|
|t:|1758977908
|move|p1a: Ogerpon|Ivy Cudgel|p2a: Corviknight|[anim] Ivy Cudgel Water
|-damage|p2a: Corviknight|12/100
|move|p2a: Corviknight|U-turn|p1a: Ogerpon
|-supereffective|p1a: Ogerpon
|-damage|p1a: Ogerpon|59/100
|
|t:|1758977916
|switch|p2a: Pelipper|Pelipper, F|100/100|[from] U-turn
|
|-weather|RainDance|[upkeep]
|upkeep
|turn|7
|
|t:|1758977922
|switch|p1a: Dragapult|Dragapult, F|100/100
|move|p2a: Pelipper|Hurricane|p1a: Dragapult
|-damage|p1a: Dragapult|33/100
|
|-weather|RainDance|[upkeep]
|upkeep
|turn|8
|inactive|silverfalcom has 120 seconds left.
|
|t:|1758977937
|move|p1a: Dragapult|Dragon Darts|p2a: Pelipper
|-damage|p2a: Pelipper|63/100
|-anim|p1a: Dragapult|Dragon Darts|p2a: Pelipper
|-damage|p2a: Pelipper|25/100
|move|p2a: Pelipper|Hurricane|p1a: Dragapult
|-damage|p1a: Dragapult|0 fnt
|faint|p1a: Dragapult
|
|-weather|none
|upkeep
|inactive|silverfalcom has 120 seconds left.
|
|t:|1758977951
|switch|p1a: Ogerpon|Ogerpon-Wellspring, F|59/100
|turn|9
|
|t:|1758977954
|switch|p2a: Corviknight|Corviknight, M|12/100
|-ability|p2a: Corviknight|Pressure
|move|p1a: Ogerpon|Horn Leech|p2a: Corviknight
|-resisted|p2a: Corviknight
|-damage|p2a: Corviknight|5/100
|-heal|p1a: Ogerpon|64/100|[from] drain|[of] p2a: Corviknight
|-damage|p1a: Ogerpon|47/100|[from] item: Rocky Helmet|[of] p2a: Corviknight
|
|upkeep
|turn|10
|
|t:|1758977963
|move|p1a: Ogerpon|Ivy Cudgel|p2a: Corviknight|[anim] Ivy Cudgel Water
|-damage|p2a: Corviknight|0 fnt
|faint|p2a: Corviknight
|
|upkeep
|
|t:|1758977967
|switch|p2a: Zapdos|Zapdos|100/100
|turn|11
|
|t:|1758977982
|switch|p1a: Clefable|Clefable, M|100/100
|move|p2a: Zapdos|Thunder|p1a: Clefable
|-damage|p1a: Clefable|52/100
|
|upkeep
|turn|12
|
|t:|1758977990
|move|p2a: Zapdos|Volt Switch|p1a: Clefable
|-damage|p1a: Clefable|15/100
|
|t:|1758977996
|switch|p2a: Pelipper|Pelipper, F|25/100|[from] Volt Switch
|-weather|RainDance|[from] ability: Drizzle|[of] p2a: Pelipper
|move|p1a: Clefable|Moonblast|p2a: Pelipper
|-damage|p2a: Pelipper|0 fnt
|faint|p2a: Pelipper
|
|-weather|RainDance|[upkeep]
|upkeep
|
|t:|1758978002
|switch|p2a: Zapdos|Zapdos|100/100
|turn|13
|
|t:|1758978010
|move|p2a: Zapdos|Thunder|p1a: Clefable
|-damage|p1a: Clefable|0 fnt
|faint|p1a: Clefable
|
|-weather|RainDance|[upkeep]
|upkeep
|l|☆silverfalcom
|inactive|silverfalcom disconnected and has a minute to reconnect!
|player|p1|
|j|☆silverfalcom
|inactive|silverfalcom reconnected and has 145 seconds left.
|player|p1|silverfalcom|170|
|
|t:|1758978019
|switch|p1a: Kingambit|Kingambit, F|100/100
|-activate|p1a: Kingambit|ability: Supreme Overlord
|-start|p1a: Kingambit|fallen3|[silent]
|turn|14
|
|t:|1758978028
|move|p2a: Zapdos|Thunder|p1a: Kingambit
|-damage|p1a: Kingambit|49/100
|move|p1a: Kingambit|Kowtow Cleave|p2a: Zapdos
|-damage|p2a: Zapdos|24/100
|
|-weather|RainDance|[upkeep]
|-heal|p1a: Kingambit|55/100|[from] item: Leftovers
|upkeep
|turn|15
|
|t:|1758978036
|switch|p2a: Incineroar|Incineroar, M|100/100
|-ability|p2a: Incineroar|Intimidate|boost
|-unboost|p1a: Kingambit|atk|1
|move|p1a: Kingambit|Sucker Punch||[still]
|-fail|p1a: Kingambit
|
|-weather|RainDance|[upkeep]
|-heal|p1a: Kingambit|62/100|[from] item: Leftovers
|upkeep
|turn|16
|
|t:|1758978051
|-end|p1a: Kingambit|fallen3|[silent]
|switch|p1a: Iron Valiant|Iron Valiant|100/100
|move|p2a: Incineroar|Parting Shot|p1a: Iron Valiant
|-unboost|p1a: Iron Valiant|atk|1
|-unboost|p1a: Iron Valiant|spa|1
|
|t:|1758978058
|switch|p2a: Clodsire|Clodsire, F|100/100|[from] Parting Shot
|
|-weather|RainDance|[upkeep]
|upkeep
|turn|17
|
|t:|1758978075
|-end|p1a: Iron Valiant|Quark Drive|[silent]
|switch|p1a: Ogerpon|Ogerpon-Wellspring, F|47/100
|move|p2a: Clodsire|Earthquake|p1a: Ogerpon
|-resisted|p1a: Ogerpon
|-damage|p1a: Ogerpon|30/100
|
|-weather|RainDance|[upkeep]
|upkeep
|turn|18
|
|t:|1758978082
|move|p1a: Ogerpon|Encore|p2a: Clodsire
|-start|p2a: Clodsire|Encore
|move|p2a: Clodsire|Earthquake|p1a: Ogerpon
|-resisted|p1a: Ogerpon
|-damage|p1a: Ogerpon|13/100
|
|-weather|RainDance|[upkeep]
|upkeep
|turn|19
|
|t:|1758978087
|switch|p2a: Zapdos|Zapdos|24/100
|move|p1a: Ogerpon|Horn Leech|p2a: Zapdos
|-resisted|p2a: Zapdos
|-damage|p2a: Zapdos|0 fnt
|-heal|p1a: Ogerpon|25/100|[from] drain|[of] p2a: Zapdos
|faint|p2a: Zapdos
|
|-weather|none
|upkeep
|
|t:|1758978106
|switch|p2a: Barraskewda|Barraskewda, F|100/100
|turn|20
|j| gengar's style
|inactive|silverfalcom has 120 seconds left.
|
|t:|1758978163
|switch|p1a: Iron Valiant|Iron Valiant|100/100
|move|p2a: Barraskewda|Close Combat|p1a: Iron Valiant
|-resisted|p1a: Iron Valiant
|-crit|p1a: Iron Valiant
|-damage|p1a: Iron Valiant|31/100
|-unboost|p2a: Barraskewda|def|1
|-unboost|p2a: Barraskewda|spd|1
|
|upkeep
|turn|21
|inactive|silverfalcom has 90 seconds left.
|
|t:|1758978187
|-terastallize|p1a: Iron Valiant|Ghost
|move|p2a: Barraskewda|Close Combat|p1a: Iron Valiant
|-immune|p1a: Iron Valiant
|move|p1a: Iron Valiant|Moonblast|p2a: Barraskewda
|-damage|p2a: Barraskewda|0 fnt
|faint|p2a: Barraskewda
|
|upkeep
|
|t:|1758978198
|switch|p2a: Incineroar|Incineroar, M|100/100
|-ability|p2a: Incineroar|Intimidate|boost
|-unboost|p1a: Iron Valiant|atk|1
|turn|22
|inactive|silverfalcom has 90 seconds left.
|inactive|silverfalcom has 60 seconds left.
|
|t:|1758978242
|move|p1a: Iron Valiant|Moonblast|p2a: Incineroar
|-damage|p2a: Incineroar|70/100
|move|p2a: Incineroar|Knock Off|p1a: Iron Valiant
|-supereffective|p1a: Iron Valiant
|-damage|p1a: Iron Valiant|0 fnt
|-enditem|p1a: Iron Valiant|Expert Belt|[from] move: Knock Off|[of] p2a: Incineroar
|faint|p1a: Iron Valiant
|-end|p1a: Iron Valiant|Quark Drive|[silent]
|
|upkeep
|inactive|silverfalcom has 60 seconds left.
|
|t:|1758978248
|switch|p1a: Ogerpon|Ogerpon-Wellspring, F|25/100
|turn|23
|
|t:|1758978254
|switch|p2a: Clodsire|Clodsire, F|100/100
|move|p1a: Ogerpon|Ivy Cudgel|p2a: Clodsire|[anim] Ivy Cudgel Water
|-immune|p2a: Clodsire|[from] ability: Water Absorb
|
|upkeep
|turn|24
|
|t:|1758978261
|move|p1a: Ogerpon|Horn Leech|p2a: Clodsire
|-damage|p2a: Clodsire|51/100
|-heal|p1a: Ogerpon|64/100|[from] drain|[of] p2a: Clodsire
|move|p2a: Clodsire|Gunk Shot|p1a: Ogerpon|[miss]
|-miss|p2a: Clodsire|p1a: Ogerpon
|
|-heal|p2a: Clodsire|57/100|[from] item: Leftovers
|upkeep
|turn|25
|
|t:|1758978284
|switch|p1a: Kingambit|Kingambit, F|62/100
|-activate|p1a: Kingambit|ability: Supreme Overlord
|-start|p1a: Kingambit|fallen4|[silent]
|move|p2a: Clodsire|Gunk Shot|p1a: Kingambit
|-immune|p1a: Kingambit
|
|-heal|p1a: Kingambit|68/100|[from] item: Leftovers
|-heal|p2a: Clodsire|63/100|[from] item: Leftovers
|upkeep
|turn|26
|
|t:|1758978294
|switch|p2a: Incineroar|Incineroar, M|70/100
|-ability|p2a: Incineroar|Intimidate|boost
|-unboost|p1a: Kingambit|atk|1
|move|p1a: Kingambit|Kowtow Cleave|p2a: Incineroar
|-resisted|p2a: Incineroar
|-damage|p2a: Incineroar|48/100
|
|-heal|p1a: Kingambit|74/100|[from] item: Leftovers
|upkeep
|turn|27
|
|t:|1758978306
|move|p2a: Incineroar|Parting Shot|p1a: Kingambit
|-unboost|p1a: Kingambit|atk|1
|-unboost|p1a: Kingambit|spa|1
|
|t:|1758978308
|switch|p2a: Clodsire|Clodsire, F|63/100|[from] Parting Shot
|move|p1a: Kingambit|Kowtow Cleave|p2a: Clodsire
|-damage|p2a: Clodsire|23/100
|
|-heal|p1a: Kingambit|80/100|[from] item: Leftovers
|-heal|p2a: Clodsire|29/100|[from] item: Leftovers
|upkeep
|turn|28
|
|t:|1758978323
|-terastallize|p2a: Clodsire|Fairy
|move|p1a: Kingambit|Kowtow Cleave|p2a: Clodsire
|-resisted|p2a: Clodsire
|-damage|p2a: Clodsire|11/100
|move|p2a: Clodsire|Recover|p2a: Clodsire
|-heal|p2a: Clodsire|61/100
|
|-heal|p1a: Kingambit|86/100|[from] item: Leftovers
|-heal|p2a: Clodsire|68/100|[from] item: Leftovers
|upkeep
|turn|29
|
|t:|1758978332
|switch|p2a: Incineroar|Incineroar, M|48/100
|-ability|p2a: Incineroar|Intimidate|boost
|-unboost|p1a: Kingambit|atk|1
|move|p1a: Kingambit|Iron Head|p2a: Incineroar
|-resisted|p2a: Incineroar
|-damage|p2a: Incineroar|36/100
|
|-heal|p1a: Kingambit|93/100|[from] item: Leftovers
|upkeep
|turn|30
|inactive|silverfalcom has 90 seconds left.
|
|t:|1758978344
|move|p2a: Incineroar|Will-O-Wisp|p1a: Kingambit
|-status|p1a: Kingambit|brn
|move|p1a: Kingambit|Swords Dance|p1a: Kingambit
|-boost|p1a: Kingambit|atk|2
|
|-heal|p1a: Kingambit|99/100 brn|[from] item: Leftovers
|-damage|p1a: Kingambit|93/100 brn|[from] brn
|upkeep
|turn|31
|
|t:|1758978348
|move|p2a: Incineroar|Drain Punch|p1a: Kingambit
|-supereffective|p1a: Kingambit
|-damage|p1a: Kingambit|32/100 brn
|-heal|p2a: Incineroar|67/100|[from] drain|[of] p1a: Kingambit
|move|p1a: Kingambit|Swords Dance|p1a: Kingambit
|-boost|p1a: Kingambit|atk|2
|
|-heal|p1a: Kingambit|38/100 brn|[from] item: Leftovers
|-damage|p1a: Kingambit|32/100 brn|[from] brn
|upkeep
|turn|32
|
|t:|1758978360
|move|p1a: Kingambit|Sucker Punch|p2a: Incineroar
|-resisted|p2a: Incineroar
|-damage|p2a: Incineroar|45/100
|move|p2a: Incineroar|Drain Punch|p1a: Kingambit
|-supereffective|p1a: Kingambit
|-damage|p1a: Kingambit|0 fnt
|-heal|p2a: Incineroar|61/100|[from] drain|[of] p1a: Kingambit
|faint|p1a: Kingambit
|-end|p1a: Kingambit|fallen4|[silent]
|
|upkeep
|
|t:|1758978363
|switch|p1a: Ogerpon|Ogerpon-Wellspring, F|64/100
|turn|33
|
|t:|1758978369
|move|p1a: Ogerpon|Swords Dance|p1a: Ogerpon
|-boost|p1a: Ogerpon|atk|2
|move|p2a: Incineroar|Will-O-Wisp|p1a: Ogerpon
|-status|p1a: Ogerpon|brn
|
|-damage|p1a: Ogerpon|58/100 brn|[from] brn
|upkeep
|turn|34
|
|t:|1758978376
|move|p1a: Ogerpon|Ivy Cudgel|p2a: Incineroar|[anim] Ivy Cudgel Water
|-supereffective|p2a: Incineroar
|-damage|p2a: Incineroar|0 fnt
|faint|p2a: Incineroar
|
|-damage|p1a: Ogerpon|52/100 brn|[from] brn
|upkeep
|
|t:|1758978379
|switch|p2a: Clodsire|Clodsire, F, tera:Fairy|68/100
|turn|35
|
|t:|1758978382
|move|p1a: Ogerpon|Horn Leech|p2a: Clodsire
|-damage|p2a: Clodsire|19/100
|-heal|p1a: Ogerpon|90/100 brn|[from] drain|[of] p2a: Clodsire
|move|p2a: Clodsire|Gunk Shot|p1a: Ogerpon
|-supereffective|p1a: Ogerpon
|-damage|p1a: Ogerpon|11/100 brn
|
|-heal|p2a: Clodsire|25/100|[from] item: Leftovers
|-damage|p1a: Ogerpon|5/100 brn|[from] brn
|upkeep
|turn|36
|
|t:|1758978390
|move|p1a: Ogerpon|Horn Leech|p2a: Clodsire
|-damage|p2a: Clodsire|0 fnt
|-heal|p1a: Ogerpon|24/100 brn|[from] drain|[of] p2a: Clodsire
|faint|p2a: Clodsire
|
|win|silverfalcom
|raw|silverfalcom's rating: 1625 &rarr; <strong>1644</strong><br />(+19 for winning)
|raw|Thibault56's rating: 1613 &rarr; <strong>1594</strong><br />(-19 for losing)
|l|☆Thibault56
|player|p2|
|l|☆silverfalcom
|player|p1|
|l| gengar's style
