|badge|p1|bronze|gen9ou|100-6
|html|<div class="broadcast-red"><strong>This battle is required to be public due to one or more player having a season medal.</strong><br />During the public phase, you can discuss the state of the ladder <a href="/seasondiscussion">in a special chatroom.</a></div>
|uhtml|medal-msg|<div class="broadcast-blue">Curious what those medals under the avatar are? PS now has Ladder Seasons! For more information, check out the <a href="https://www.smogon.com/forums/threads/3740067/">thread on Smogon.</a></div>
|raw|<div class="broadcast-blue"><strong>This battle is required to be public due to a player having a name starting with 'medal'.</div>
|j|☆MunchlaxTheGodKing
|j|☆lerendezvous
|t:|1758983864
|gametype|singles
|player|p1|MunchlaxTheGodKing|furisodegirl-black|1738
|player|p2|lerendezvous|101|1746
|gen|9
|tier|[Gen 9] OU
|rated|
|rule|HP Percentage Mod: HP is shown in percentages
|rule|Endless Battle Clause: Forcing endless battles is banned
|rule|Species Clause: Limit one of each Pokémon
|rule|OHKO Clause: OHKO moves are banned
|rule|Evasion Items Clause: Evasion items are banned
|rule|Evasion Moves Clause: Evasion moves are banned
|rule|Evasion Abilities Clause: Evasion abilities are banned
|rule|Sleep Moves Clause: Sleep-inducing moves are banned
|clearpoke
|poke|p1|Zamazenta-*|
|poke|p1|Dragapult, F|
|poke|p1|Raging Bolt|
|poke|p1|Moltres|
|poke|p1|Iron Treads|
|poke|p1|Samurott-Hisui, F|
|poke|p2|Ogerpon-Wellspring, F|
|poke|p2|Slowking-Galar, M|
|poke|p2|Great Tusk|
|poke|p2|Moltres|
|poke|p2|Dragapult, F|
|poke|p2|Kingambit, M|
|teampreview
|inactive|Battle timer is ON: inactive players will automatically lose when time's up. (requested by MunchlaxTheGodKing)
|
|t:|1758983872
|teamsize|p1|6
|teamsize|p2|6
|start
|switch|p1a: 24岁 喜欢发射孩子|Dragapult, F|100/100
|switch|p2a: Slowking|Slowking-Galar, M|100/100
|turn|1
|inactive|lerendezvous also wants the timer to be on.
|
|t:|1758983877
|move|p1a: 24岁 喜欢发射孩子|U-turn|p2a: Slowking
|-damage|p2a: Slowking|83/100
|
|t:|1758983887
|switch|p1a: 踩踩背|Iron Treads|100/100|[from] U-turn
|move|p2a: Slowking|Ice Beam|p1a: 踩踩背
|-damage|p1a: 踩踩背|78/100
|
|-heal|p1a: 踩踩背|84/100|[from] item: Leftovers
|upkeep
|turn|2
|j| Eqb07
|
|t:|1758983893
|move|p1a: 踩踩背|Stealth Rock|p2a: Slowking
|-sidestart|p2: lerendezvous|move: Stealth Rock
|move|p2a: Slowking|Flamethrower|p1a: 踩踩背
|-supereffective|p1a: 踩踩背
|-damage|p1a: 踩踩背|39/100
|
|-heal|p1a: 踩踩背|45/100|[from] item: Leftovers
|upkeep
|turn|3
|
|t:|1758983916
|switch|p2a: Great Tusk|Great Tusk|100/100
|-damage|p2a: Great Tusk|98/100|[from] Stealth Rock
|move|p1a: 踩踩背|Knock Off|p2a: Great Tusk
|-resisted|p2a: Great Tusk
|-damage|p2a: Great Tusk|88/100
|-damage|p1a: 踩踩背|28/100|[from] item: Rocky Helmet|[of] p2a: Great Tusk
|-enditem|p2a: Great Tusk|Rocky Helmet|[from] move: Knock Off|[of] p1a: 踩踩背
|
|-heal|p1a: 踩踩背|34/100|[from] item: Leftovers
|upkeep
|turn|4
|
|t:|1758983921
|-end|p1a: 踩踩背|Quark Drive|[silent]
|switch|p1a: 24岁 喜欢发射孩子|Dragapult, F|100/100
|move|p2a: Great Tusk|Stealth Rock|p1a: 24岁 喜欢发射孩子
|-sidestart|p1: MunchlaxTheGodKing|move: Stealth Rock
|
|upkeep
|turn|5
|
|t:|1758983933
|-end|p2a: Great Tusk|Protosynthesis|[silent]
|switch|p2a: Kingambit|Kingambit, M|100/100
|-damage|p2a: Kingambit|94/100|[from] Stealth Rock
|move|p1a: 24岁 喜欢发射孩子|Shadow Ball|p2a: Kingambit
|-resisted|p2a: Kingambit
|-damage|p2a: Kingambit|68/100
|
|-heal|p2a: Kingambit|74/100|[from] item: Leftovers
|upkeep
|turn|6
|
|t:|1758983942
|switch|p1a: Moltres|Moltres|100/100
|move|p2a: Kingambit|Swords Dance|p2a: Kingambit
|-boost|p2a: Kingambit|atk|2
|
|-heal|p2a: Kingambit|80/100|[from] item: Leftovers
|upkeep
|turn|7
|
|t:|1758983946
|-end|p2a: Kingambit|fallenundefined|[silent]
|switch|p2a: Slowking|Slowking-Galar, M|100/100
|-damage|p2a: Slowking|88/100|[from] Stealth Rock
|move|p1a: Moltres|Flamethrower|p2a: Slowking
|-damage|p2a: Slowking|62/100
|
|upkeep
|turn|8
|
|t:|1758983953
|move|p1a: Moltres|U-turn|p2a: Slowking
|-damage|p2a: Slowking|48/100
|inactive|MunchlaxTheGodKing has 120 seconds left.
|
|t:|1758983992
|switch|p1a: 90%≠don't blunder|Samurott-Hisui, F|100/100|[from] U-turn
|-damage|p1a: 90%≠don't blunder|88/100|[from] Stealth Rock
|move|p2a: Slowking|Ice Beam|p1a: 90%≠don't blunder
|-resisted|p1a: 90%≠don't blunder
|-damage|p1a: 90%≠don't blunder|66/100
|
|upkeep
|turn|9
|
|t:|1758983999
|switch|p2a: Kingambit|Kingambit, M|80/100
|-damage|p2a: Kingambit|74/100|[from] Stealth Rock
|move|p1a: 90%≠don't blunder|Ceaseless Edge|p2a: Kingambit
|-resisted|p2a: Kingambit
|-damage|p2a: Kingambit|46/100
|-sidestart|p2: lerendezvous|Spikes
|
|-heal|p2a: Kingambit|53/100|[from] item: Leftovers
|upkeep
|turn|10
|
|t:|1758984005
|switch|p1a: Moltres|Moltres|100/100
|move|p2a: Kingambit|Swords Dance|p2a: Kingambit
|-boost|p2a: Kingambit|atk|2
|
|-heal|p2a: Kingambit|59/100|[from] item: Leftovers
|upkeep
|turn|11
|inactive|MunchlaxTheGodKing has 120 seconds left.
|
|t:|1758984031
|move|p2a: Kingambit|Sucker Punch|p1a: Moltres
|-damage|p1a: Moltres|23/100
|move|p1a: Moltres|Flamethrower|p2a: Kingambit
|-supereffective|p2a: Kingambit
|-damage|p2a: Kingambit|0 fnt
|faint|p2a: Kingambit
|-end|p2a: Kingambit|fallenundefined|[silent]
|
|upkeep
|j| yrmpa
|
|t:|1758984037
|switch|p2a: Dragapult|Dragapult, F|100/100
|turn|12
|
|t:|1758984042
|move|p2a: Dragapult|Dragon Darts|p1a: Moltres
|-damage|p1a: Moltres|2/100
|-anim|p2a: Dragapult|Dragon Darts|p1a: Moltres
|-damage|p1a: Moltres|0 fnt
|faint|p1a: Moltres
|
|upkeep
|
|t:|1758984046
|switch|p1a: 脑袋尖尖的|Zamazenta|100/100
|-damage|p1a: 脑袋尖尖的|94/100|[from] Stealth Rock
|-ability|p1a: 脑袋尖尖的|Dauntless Shield|boost
|-boost|p1a: 脑袋尖尖的|def|1
|turn|13
|
|t:|1758984051
|move|p2a: Dragapult|Will-O-Wisp|p1a: 脑袋尖尖的
|-status|p1a: 脑袋尖尖的|brn
|move|p1a: 脑袋尖尖的|Crunch|p2a: Dragapult
|-supereffective|p2a: Dragapult
|-damage|p2a: Dragapult|50/100
|-damage|p1a: 脑袋尖尖的|85/100 brn|[from] item: Life Orb
|
|-damage|p1a: 脑袋尖尖的|79/100 brn|[from] brn
|upkeep
|turn|14
|l| yrmpa
|j| wgw2333
|
|t:|1758984059
|switch|p2a: Great Tusk|Great Tusk|88/100
|-damage|p2a: Great Tusk|85/100|[from] Stealth Rock
|-damage|p2a: Great Tusk|73/100|[from] Spikes
|move|p1a: 脑袋尖尖的|Crunch|p2a: Great Tusk
|-resisted|p2a: Great Tusk
|-damage|p2a: Great Tusk|67/100
|-damage|p1a: 脑袋尖尖的|69/100 brn|[from] item: Life Orb
|
|-damage|p1a: 脑袋尖尖的|63/100 brn|[from] brn
|upkeep
|turn|15
|
|t:|1758984063
|switch|p1a: 24岁 喜欢发射孩子|Dragapult, F|100/100
|-damage|p1a: 24岁 喜欢发射孩子|88/100|[from] Stealth Rock
|move|p2a: Great Tusk|Headlong Rush|p1a: 24岁 喜欢发射孩子
|-damage|p1a: 24岁 喜欢发射孩子|10/100
|-unboost|p2a: Great Tusk|def|1
|-unboost|p2a: Great Tusk|spd|1
|
|upkeep
|turn|16
|
|t:|1758984068
|move|p1a: 24岁 喜欢发射孩子|Shadow Ball|p2a: Great Tusk
|-damage|p2a: Great Tusk|0 fnt
|faint|p2a: Great Tusk
|-end|p2a: Great Tusk|Protosynthesis|[silent]
|
|upkeep
|
|t:|1758984073
|switch|p2a: Dragapult|Dragapult, F|50/100
|turn|17
|
|t:|1758984078
|move|p1a: 24岁 喜欢发射孩子|Shadow Ball|p2a: Dragapult
|-supereffective|p2a: Dragapult
|-damage|p2a: Dragapult|0 fnt
|faint|p2a: Dragapult
|
|upkeep
|
|t:|1758984082
|switch|p2a: Moltres|Moltres|100/100
|turn|18
|
|t:|1758984089
|move|p1a: 24岁 喜欢发射孩子|Shadow Ball|p2a: Moltres
|-damage|p2a: Moltres|52/100
|move|p2a: Moltres|Roar|p1a: 24岁 喜欢发射孩子
|drag|p1a: 长脖奶龙|Raging Bolt|100/100
|
|upkeep
|turn|19
|
|t:|1758984094
|move|p1a: 长脖奶龙|Volt Switch|p2a: Moltres
|-supereffective|p2a: Moltres
|-damage|p2a: Moltres|0 fnt
|faint|p2a: Moltres
|
|t:|1758984101
|-end|p1a: 长脖奶龙|Protosynthesis|[silent]
|switch|p1a: 24岁 喜欢发射孩子|Dragapult, F|10/100|[from] Volt Switch
|-damage|p1a: 24岁 喜欢发射孩子|0 fnt|[from] Stealth Rock
|faint|p1a: 24岁 喜欢发射孩子
|
|upkeep
|
|t:|1758984106
|switch|p1a: 长脖奶龙|Raging Bolt|100/100
|switch|p2a: Ogerpon|Ogerpon-Wellspring, F|100/100
|-damage|p2a: Ogerpon|88/100|[from] Stealth Rock
|-damage|p2a: Ogerpon|76/100|[from] Spikes
|turn|20
|
|t:|1758984110
|move|p2a: Ogerpon|U-turn|p1a: 长脖奶龙
|-damage|p1a: 长脖奶龙|76/100
|
|t:|1758984116
|switch|p2a: Slowking|Slowking-Galar, M|82/100|[from] U-turn
|-damage|p2a: Slowking|69/100|[from] Stealth Rock
|-damage|p2a: Slowking|57/100|[from] Spikes
|move|p1a: 长脖奶龙|Volt Switch|p2a: Slowking
|-damage|p2a: Slowking|35/100
|
|t:|1758984118
|-end|p1a: 长脖奶龙|Protosynthesis|[silent]
|switch|p1a: 90%≠don't blunder|Samurott-Hisui, F|66/100|[from] Volt Switch
|-damage|p1a: 90%≠don't blunder|54/100|[from] Stealth Rock
|
|upkeep
|turn|21
|
|t:|1758984122
|switch|p2a: Ogerpon|Ogerpon-Wellspring, F|76/100
|-damage|p2a: Ogerpon|64/100|[from] Stealth Rock
|-damage|p2a: Ogerpon|51/100|[from] Spikes
|move|p1a: 90%≠don't blunder|Ceaseless Edge|p2a: Ogerpon
|-damage|p2a: Ogerpon|0 fnt
|-sidestart|p2: lerendezvous|Spikes
|faint|p2a: Ogerpon
|
|upkeep
|
|t:|1758984127
|switch|p2a: Slowking|Slowking-Galar, M|68/100
|-damage|p2a: Slowking|55/100|[from] Stealth Rock
|-damage|p2a: Slowking|39/100|[from] Spikes
|turn|22
|
|t:|1758984131
|move|p1a: 90%≠don't blunder|Ceaseless Edge|p2a: Slowking
|-supereffective|p2a: Slowking
|-damage|p2a: Slowking|0 fnt
|-sidestart|p2: lerendezvous|Spikes
|faint|p2a: Slowking
|
|win|MunchlaxTheGodKing
|raw|MunchlaxTheGodKing's rating: 1758 &rarr; <strong>1777</strong><br />(+19 for winning)
|raw|lerendezvous's rating: 1746 &rarr; <strong>1727</strong><br />(-19 for losing)
