|j|☆lerendezvous
|j|☆Rabzzz
|t:|1758949918
|gametype|singles
|player|p1|lerendezvous|101|1708
|player|p2|Rabzzz|#mwpvimurkrows|1642
|gen|9
|tier|[Gen 9] OU
|rated|
|rule|HP Percentage Mod: HP is shown in percentages
|rule|Endless Battle Clause: Forcing endless battles is banned
|rule|Species Clause: Limit one of each Pokémon
|rule|OHKO Clause: OHKO moves are banned
|rule|Evasion Items Clause: Evasion items are banned
|rule|Evasion Moves Clause: Evasion moves are banned
|rule|Evasion Abilities Clause: Evasion abilities are banned
|rule|Sleep Moves Clause: Sleep-inducing moves are banned
|clearpoke
|poke|p1|Ogerpon-Wellspring, F|
|poke|p1|Slowking-Galar, F|
|poke|p1|Great Tusk|
|poke|p1|Moltres|
|poke|p1|Dragapult, F|
|poke|p1|Kingambit, F|
|poke|p2|Alomomola, F|
|poke|p2|Hoopa-Unbound|
|poke|p2|Pecharunt|
|poke|p2|Iron Treads|
|poke|p2|Zapdos|
|poke|p2|Ogerpon, F|
|teampreview
|inactive|Battle timer is ON: inactive players will automatically lose when time's up. (requested by lerendezvous)
|
|t:|1758949952
|teamsize|p1|6
|teamsize|p2|6
|start
|switch|p1a: Slowking|Slowking-Galar, F|100/100
|switch|p2a: Iron Treads|Iron Treads|100/100
|turn|1
|
|t:|1758949957
|move|p2a: Iron Treads|Stealth Rock|p1a: Slowking
|-sidestart|p1: lerendezvous|move: Stealth Rock
|move|p1a: Slowking|Flamethrower|p2a: Iron Treads
|-supereffective|p2a: Iron Treads
|-damage|p2a: Iron Treads|32/100
|
|-heal|p2a: Iron Treads|38/100|[from] item: Leftovers
|upkeep
|turn|2
|
|t:|1758949967
|-end|p2a: Iron Treads|Quark Drive|[silent]
|switch|p2a: Zapdos|Zapdos|100/100
|switch|p1a: Moltres|Moltres|100/100
|
|upkeep
|turn|3
|j| happy snake year
|
|t:|1758949971
|switch|p1a: Slowking|Slowking-Galar, F|100/100
|-damage|p1a: Slowking|88/100|[from] Stealth Rock
|move|p2a: Zapdos|Volt Switch|p1a: Slowking
|-damage|p1a: Slowking|71/100
|
|t:|1758949978
|switch|p2a: Hoopa|Hoopa-Unbound|100/100|[from] Volt Switch
|
|upkeep
|turn|4
|
|t:|1758949983
|switch|p1a: Kingambit|Kingambit, F|100/100
|-damage|p1a: Kingambit|94/100|[from] Stealth Rock
|move|p2a: Hoopa|Knock Off|p1a: Kingambit
|-resisted|p1a: Kingambit
|-damage|p1a: Kingambit|75/100
|-enditem|p1a: Kingambit|Leftovers|[from] move: Knock Off|[of] p2a: Hoopa
|
|upkeep
|turn|5
|
|t:|1758949989
|move|p1a: Kingambit|Iron Head|p2a: Hoopa
|-damage|p2a: Hoopa|54/100
|move|p2a: Hoopa|Drain Punch|p1a: Kingambit
|-supereffective|p1a: Kingambit
|-damage|p1a: Kingambit|0 fnt
|-heal|p2a: Hoopa|92/100|[from] drain|[of] p1a: Kingambit
|faint|p1a: Kingambit
|-end|p1a: Kingambit|fallenundefined|[silent]
|
|upkeep
|
|t:|1758949994
|switch|p1a: Dragapult|Dragapult, F|100/100
|turn|6
|
|t:|1758950001
|switch|p2a: Zapdos|Zapdos|100/100
|move|p1a: Dragapult|U-turn|p2a: Zapdos
|-resisted|p2a: Zapdos
|-damage|p2a: Zapdos|92/100
|
|t:|1758950008
|switch|p1a: Ogerpon|Ogerpon-Wellspring, F|100/100|[from] U-turn
|-damage|p1a: Ogerpon|88/100|[from] Stealth Rock
|
|upkeep
|turn|7
|j| Shucklepilled
|
|t:|1758950013
|move|p1a: Ogerpon|Ivy Cudgel|p2a: Zapdos|[anim] Ivy Cudgel Water
|-damage|p2a: Zapdos|44/100
|move|p2a: Zapdos|Hurricane|p1a: Ogerpon
|-supereffective|p1a: Ogerpon
|-damage|p1a: Ogerpon|0 fnt
|faint|p1a: Ogerpon
|
|upkeep
|
|t:|1758950020
|switch|p1a: Slowking|Slowking-Galar, F|100/100
|-damage|p1a: Slowking|88/100|[from] Stealth Rock
|turn|8
|
|t:|1758950042
|move|p2a: Zapdos|Volt Switch|p1a: Slowking
|-damage|p1a: Slowking|72/100
|
|t:|1758950043
|switch|p2a: Iron Treads|Iron Treads|38/100|[from] Volt Switch
|move|p1a: Slowking|Sludge Bomb|p2a: Iron Treads
|-immune|p2a: Iron Treads
|
|-heal|p2a: Iron Treads|44/100|[from] item: Leftovers
|upkeep
|turn|9
|
|t:|1758950056
|-end|p2a: Iron Treads|Quark Drive|[silent]
|switch|p2a: Hoopa|Hoopa-Unbound|92/100
|switch|p1a: Moltres|Moltres|100/100
|
|upkeep
|turn|10
|
|t:|1758950067
|switch|p2a: Zapdos|Zapdos|44/100
|move|p1a: Moltres|U-turn|p2a: Zapdos
|-resisted|p2a: Zapdos
|-damage|p2a: Zapdos|38/100
|
|t:|1758950072
|switch|p1a: Great Tusk|Great Tusk|100/100|[from] U-turn
|-damage|p1a: Great Tusk|98/100|[from] Stealth Rock
|
|upkeep
|turn|11
|
|t:|1758950079
|switch|p2a: Alomomola|Alomomola, F|100/100
|move|p1a: Great Tusk|Ice Spinner|p2a: Alomomola
|-resisted|p2a: Alomomola
|-damage|p2a: Alomomola|93/100
|
|upkeep
|turn|12
|
|t:|1758950088
|-end|p1a: Great Tusk|Protosynthesis|[silent]
|switch|p1a: Slowking|Slowking-Galar, F|100/100
|-damage|p1a: Slowking|88/100|[from] Stealth Rock
|move|p2a: Alomomola|Wish|p2a: Alomomola
|
|upkeep
|turn|13
|
|t:|1758950093
|move|p2a: Alomomola|Flip Turn|p1a: Slowking
|-damage|p1a: Slowking|73/100
|
|t:|1758950096
|switch|p2a: Hoopa|Hoopa-Unbound|92/100|[from] Flip Turn
|move|p1a: Slowking|Ice Beam|p2a: Hoopa
|-damage|p2a: Hoopa|78/100
|
|-heal|p2a: Hoopa|100/100|[from] move: Wish|[wisher] Alomomola
|upkeep
|turn|14
|
|t:|1758950108
|switch|p1a: Moltres|Moltres|100/100
|move|p2a: Hoopa|Psychic Noise|p1a: Moltres
|-damage|p1a: Moltres|52/100
|-start|p1a: Moltres|move: Heal Block
|
|upkeep
|turn|15
|
|t:|1758950128
|switch|p2a: Zapdos|Zapdos|38/100
|move|p1a: Moltres|U-turn|p2a: Zapdos
|-resisted|p2a: Zapdos
|-damage|p2a: Zapdos|32/100
|-status|p1a: Moltres|par|[from] ability: Static|[of] p2a: Zapdos
|
|t:|1758950133
|switch|p1a: Great Tusk|Great Tusk|98/100|[from] U-turn
|-damage|p1a: Great Tusk|95/100|[from] Stealth Rock
|
|upkeep
|turn|16
|
|t:|1758950150
|switch|p2a: Alomomola|Alomomola, F|100/100
|move|p1a: Great Tusk|Ice Spinner|p2a: Alomomola
|-resisted|p2a: Alomomola
|-damage|p2a: Alomomola|93/100
|
|upkeep
|turn|17
|
|t:|1758950158
|-end|p1a: Great Tusk|Protosynthesis|[silent]
|switch|p1a: Slowking|Slowking-Galar, F|100/100
|-damage|p1a: Slowking|88/100|[from] Stealth Rock
|move|p2a: Alomomola|Wish|p2a: Alomomola
|
|upkeep
|turn|18
|
|t:|1758950167
|move|p2a: Alomomola|Flip Turn|p1a: Slowking
|-damage|p1a: Slowking|73/100
|
|t:|1758950169
|switch|p2a: Iron Treads|Iron Treads|44/100|[from] Flip Turn
|move|p1a: Slowking|Ice Beam|p2a: Iron Treads
|-damage|p2a: Iron Treads|9/100
|
|-heal|p2a: Iron Treads|92/100|[from] move: Wish|[wisher] Alomomola
|-heal|p2a: Iron Treads|98/100|[from] item: Leftovers
|upkeep
|turn|19
|
|t:|1758950181
|-end|p2a: Iron Treads|Quark Drive|[silent]
|switch|p2a: Hoopa|Hoopa-Unbound|100/100
|switch|p1a: Dragapult|Dragapult, F|100/100
|
|upkeep
|turn|20
|
|t:|1758950209
|-terastallize|p2a: Hoopa|Fairy
|move|p1a: Dragapult|U-turn|p2a: Hoopa
|-resisted|p2a: Hoopa
|-damage|p2a: Hoopa|89/100
|
|t:|1758950214
|switch|p1a: Slowking|Slowking-Galar, F|100/100|[from] U-turn
|-damage|p1a: Slowking|88/100|[from] Stealth Rock
|move|p2a: Hoopa|Knock Off|p1a: Slowking
|-supereffective|p1a: Slowking
|-damage|p1a: Slowking|0 fnt
|-enditem|p1a: Slowking|Assault Vest|[from] move: Knock Off|[of] p2a: Hoopa
|faint|p1a: Slowking
|
|upkeep
|
|t:|1758950218
|switch|p1a: Great Tusk|Great Tusk|95/100
|-damage|p1a: Great Tusk|92/100|[from] Stealth Rock
|turn|21
|
|t:|1758950223
|switch|p2a: Alomomola|Alomomola, F|100/100
|-terastallize|p1a: Great Tusk|Steel
|move|p1a: Great Tusk|Headlong Rush|p2a: Alomomola
|-damage|p2a: Alomomola|65/100
|-unboost|p1a: Great Tusk|def|1
|-unboost|p1a: Great Tusk|spd|1
|
|upkeep
|turn|22
|
|t:|1758950236
|move|p1a: Great Tusk|Headlong Rush|p2a: Alomomola
|-damage|p2a: Alomomola|31/100
|-unboost|p1a: Great Tusk|def|1
|-unboost|p1a: Great Tusk|spd|1
|move|p2a: Alomomola|Flip Turn|p1a: Great Tusk
|-damage|p1a: Great Tusk|67/100
|-damage|p2a: Alomomola|15/100|[from] item: Rocky Helmet|[of] p1a: Great Tusk
|
|t:|1758950254
|switch|p2a: Iron Treads|Iron Treads|98/100|[from] Flip Turn
|
|-heal|p2a: Iron Treads|100/100|[from] item: Leftovers
|upkeep
|turn|23
|
|t:|1758950260
|-end|p2a: Iron Treads|Quark Drive|[silent]
|switch|p2a: Alomomola|Alomomola, F|48/100
|-end|p1a: Great Tusk|Protosynthesis|[silent]
|switch|p1a: Moltres|Moltres|52/100 par
|
|upkeep
|turn|24
|
|t:|1758950272
|move|p2a: Alomomola|Wish|p2a: Alomomola
|cant|p1a: Moltres|par
|
|upkeep
|turn|25
|
|t:|1758950277
|move|p2a: Alomomola|Scald|p1a: Moltres
|-supereffective|p1a: Moltres
|-damage|p1a: Moltres|23/100 par
|cant|p1a: Moltres|par
|
|-heal|p2a: Alomomola|98/100|[from] move: Wish|[wisher] Alomomola
|upkeep
|turn|26
|
|t:|1758950283
|switch|p1a: Dragapult|Dragapult, F|100/100
|move|p2a: Alomomola|Flip Turn|p1a: Dragapult
|-resisted|p1a: Dragapult
|-damage|p1a: Dragapult|89/100
|
|t:|1758950289
|switch|p2a: Hoopa|Hoopa-Unbound, tera:Fairy|89/100|[from] Flip Turn
|
|upkeep
|turn|27
|
|t:|1758950295
|move|p1a: Dragapult|U-turn|p2a: Hoopa
|-resisted|p2a: Hoopa
|-damage|p2a: Hoopa|79/100
|
|t:|1758950299
|switch|p1a: Moltres|Moltres|23/100 par|[from] U-turn
|move|p2a: Hoopa|Psychic Noise|p1a: Moltres
|-damage|p1a: Moltres|0 fnt
|faint|p1a: Moltres
|
|upkeep
|
|t:|1758950304
|switch|p1a: Dragapult|Dragapult, F|89/100
|turn|28
|
|t:|1758950308
|move|p1a: Dragapult|Will-O-Wisp|p2a: Hoopa
|-status|p2a: Hoopa|brn
|move|p2a: Hoopa|Knock Off|p1a: Dragapult
|-supereffective|p1a: Dragapult
|-damage|p1a: Dragapult|24/100
|-enditem|p1a: Dragapult|Heavy-Duty Boots|[from] move: Knock Off|[of] p2a: Hoopa
|
|-damage|p2a: Hoopa|73/100 brn|[from] brn
|upkeep
|turn|29
|
|t:|1758950314
|move|p1a: Dragapult|Hex|p2a: Hoopa
|-damage|p2a: Hoopa|45/100 brn
|move|p2a: Hoopa|Psychic Noise|p1a: Dragapult
|-damage|p1a: Dragapult|0 fnt
|faint|p1a: Dragapult
|
|-damage|p2a: Hoopa|39/100 brn|[from] brn
|upkeep
|
|t:|1758950318
|switch|p1a: Great Tusk|Great Tusk, tera:Steel|67/100
|-damage|p1a: Great Tusk|61/100|[from] Stealth Rock
|turn|30
|
|t:|1758950328
|move|p1a: Great Tusk|Rapid Spin|p2a: Hoopa
|-damage|p2a: Hoopa|19/100 brn
|-boost|p1a: Great Tusk|spe|1
|-sideend|p1: lerendezvous|Stealth Rock|[from] move: Rapid Spin|[of] p1a: Great Tusk
|move|p2a: Hoopa|Thunderbolt|p1a: Great Tusk
|-damage|p1a: Great Tusk|3/100
|
|-damage|p2a: Hoopa|13/100 brn|[from] brn
|upkeep
|turn|31
|
|t:|1758950332
|switch|p2a: Alomomola|Alomomola, F|100/100
|move|p1a: Great Tusk|Headlong Rush|p2a: Alomomola
|-damage|p2a: Alomomola|65/100
|-unboost|p1a: Great Tusk|def|1
|-unboost|p1a: Great Tusk|spd|1
|
|upkeep
|turn|32
|
|t:|1758950337
|move|p1a: Great Tusk|Headlong Rush|p2a: Alomomola
|-damage|p2a: Alomomola|29/100
|-unboost|p1a: Great Tusk|def|1
|-unboost|p1a: Great Tusk|spd|1
|move|p2a: Alomomola|Scald|p1a: Great Tusk
|-damage|p1a: Great Tusk|0 fnt
|faint|p1a: Great Tusk
|-end|p1a: Great Tusk|Protosynthesis|[silent]
|
|win|Rabzzz
|raw|lerendezvous's rating: 1708 &rarr; <strong>1684</strong><br />(-24 for losing)
|raw|Rabzzz's rating: 1642 &rarr; <strong>1666</strong><br />(+24 for winning)
|l|☆lerendezvous
|player|p1|
|l| Shucklepilled
|l|☆Rabzzz
|player|p2|
