|j|☆catsanddogslol
|j|☆Joru76
|t:|1759036406
|gametype|singles
|player|p1|catsanddogslol|170|1054
|player|p2|Joru76|pokemonranger-gen4|1125
|gen|9
|tier|[Gen 9] OU
|rated|
|rule|HP Percentage Mod: HP is shown in percentages
|rule|Endless Battle Clause: Forcing endless battles is banned
|rule|Species Clause: Limit one of each Pokémon
|rule|OHKO Clause: OHKO moves are banned
|rule|Evasion Items Clause: Evasion items are banned
|rule|Evasion Moves Clause: Evasion moves are banned
|rule|Evasion Abilities Clause: Evasion abilities are banned
|rule|Sleep Moves Clause: Sleep-inducing moves are banned
|clearpoke
|poke|p1|Pelipper, F|
|poke|p1|Barraskewda, M|
|poke|p1|Tentacruel, F|
|poke|p1|Ting-Lu|
|poke|p1|Zapdos|
|poke|p1|Kingdra, F|
|poke|p2|Blaziken, M|
|poke|p2|Metagross|
|poke|p2|Milotic, F|
|poke|p2|Latios, M|
|poke|p2|Flygon, M|
|poke|p2|Sableye, F|
|teampreview
|inactive|Battle timer is ON: inactive players will automatically lose when time's up. (requested by catsanddogslol)
|
|t:|1759036419
|teamsize|p1|6
|teamsize|p2|6
|start
|switch|p1a: Ting-Lu|Ting-Lu|100/100
|switch|p2a: Milotic|Milotic, F, shiny|100/100
|-ability|p1a: Ting-Lu|Vessel of Ruin
|turn|1
|
|t:|1759036427
|move|p2a: Milotic|Scald|p1a: Ting-Lu
|-supereffective|p1a: Ting-Lu
|-damage|p1a: Ting-Lu|67/100
|move|p1a: Ting-Lu|Stealth Rock|p2a: Milotic
|-sidestart|p2: Joru76|move: Stealth Rock
|
|-heal|p1a: Ting-Lu|74/100|[from] item: Leftovers
|-status|p2a: Milotic|brn|[from] item: Flame Orb
|upkeep
|turn|2
|
|t:|1759036438
|move|p2a: Milotic|Scald|p1a: Ting-Lu
|-supereffective|p1a: Ting-Lu
|-damage|p1a: Ting-Lu|41/100
|-status|p1a: Ting-Lu|brn
|move|p1a: Ting-Lu|Ruination|p2a: Milotic
|-damage|p2a: Milotic|50/100 brn
|
|-heal|p1a: Ting-Lu|47/100 brn|[from] item: Leftovers
|-damage|p2a: Milotic|44/100 brn|[from] brn
|-damage|p1a: Ting-Lu|41/100 brn|[from] brn
|upkeep
|turn|3
|
|t:|1759036466
|move|p2a: Milotic|Draining Kiss|p1a: Ting-Lu
|-supereffective|p1a: Ting-Lu
|-damage|p1a: Ting-Lu|27/100 brn
|-heal|p2a: Milotic|58/100 brn|[from] drain|[of] p1a: Ting-Lu
|move|p1a: Ting-Lu|Ruination|p2a: Milotic
|-damage|p2a: Milotic|29/100 brn
|
|-heal|p1a: Ting-Lu|33/100 brn|[from] item: Leftovers
|-damage|p2a: Milotic|23/100 brn|[from] brn
|-damage|p1a: Ting-Lu|27/100 brn|[from] brn
|upkeep
|turn|4
|
|t:|1759036476
|move|p2a: Milotic|Recover|p2a: Milotic
|-heal|p2a: Milotic|73/100 brn
|move|p1a: Ting-Lu|Earthquake|p2a: Milotic
|-damage|p2a: Milotic|59/100 brn
|
|-heal|p1a: Ting-Lu|33/100 brn|[from] item: Leftovers
|-damage|p2a: Milotic|53/100 brn|[from] brn
|-damage|p1a: Ting-Lu|27/100 brn|[from] brn
|upkeep
|turn|5
|
|t:|1759036484
|move|p2a: Milotic|Recover|p2a: Milotic
|-heal|p2a: Milotic|100/100 brn
|move|p1a: Ting-Lu|Whirlwind|p2a: Milotic
|drag|p2a: Sableye|Sableye, F|100/100
|-damage|p2a: Sableye|88/100|[from] Stealth Rock
|
|-heal|p1a: Ting-Lu|33/100 brn|[from] item: Leftovers
|-damage|p1a: Ting-Lu|27/100 brn|[from] brn
|upkeep
|turn|6
|
|t:|1759036495
|move|p2a: Sableye|Light Screen|p2a: Sableye
|-sidestart|p2: Joru76|move: Light Screen
|move|p1a: Ting-Lu|Ruination|p2a: Sableye
|-damage|p2a: Sableye|44/100
|
|-heal|p1a: Ting-Lu|33/100 brn|[from] item: Leftovers
|-damage|p1a: Ting-Lu|27/100 brn|[from] brn
|upkeep
|turn|7
|inactive|Joru76 has 120 seconds left.
|
|t:|1759036544
|switch|p2a: Flygon|Flygon, M, shiny|100/100
|-damage|p2a: Flygon|95/100|[from] Stealth Rock
|move|p1a: Ting-Lu|Ruination|p2a: Flygon
|-damage|p2a: Flygon|48/100
|
|-heal|p1a: Ting-Lu|33/100 brn|[from] item: Leftovers
|-damage|p1a: Ting-Lu|27/100 brn|[from] brn
|upkeep
|turn|8
|
|t:|1759036555
|move|p2a: Flygon|First Impression|p1a: Ting-Lu
|-supereffective|p1a: Ting-Lu
|-damage|p1a: Ting-Lu|0 fnt
|faint|p1a: Ting-Lu
|
|upkeep
|
|t:|1759036572
|switch|p1a: Pelipper|Pelipper, F|100/100
|-weather|RainDance|[from] ability: Drizzle|[of] p1a: Pelipper
|turn|9
|
|t:|1759036588
|switch|p2a: Milotic|Milotic, F, shiny|100/100 brn
|-damage|p2a: Milotic|88/100 brn|[from] Stealth Rock
|move|p1a: Pelipper|U-turn|p2a: Milotic
|-damage|p2a: Milotic|82/100 brn
|
|t:|1759036608
|switch|p1a: Zapdos|Zapdos|100/100|[from] U-turn
|
|-weather|RainDance|[upkeep]
|-damage|p2a: Milotic|76/100 brn|[from] brn
|upkeep
|turn|10
|
|t:|1759036635
|switch|p2a: Latios|Latios, M, shiny|100/100
|-damage|p2a: Latios|88/100|[from] Stealth Rock
|move|p1a: Zapdos|Hurricane|p2a: Latios
|-damage|p2a: Latios|73/100
|
|-weather|RainDance|[upkeep]
|upkeep
|turn|11
|
|t:|1759036645
|move|p2a: Latios|Ice Beam|p1a: Zapdos
|-supereffective|p1a: Zapdos
|-damage|p1a: Zapdos|41/100
|move|p1a: Zapdos|U-turn|p2a: Latios
|-supereffective|p2a: Latios
|-damage|p2a: Latios|36/100
|
|t:|1759036654
|switch|p1a: Barraskewda|Barraskewda, M|100/100|[from] U-turn
|
|-weather|RainDance|[upkeep]
|upkeep
|turn|12
|
|t:|1759036666
|switch|p2a: Metagross|Metagross, shiny|100/100
|-damage|p2a: Metagross|94/100|[from] Stealth Rock
|-terastallize|p1a: Barraskewda|Water
|move|p1a: Barraskewda|Flip Turn|p2a: Metagross
|-damage|p2a: Metagross|22/100
|
|t:|1759036678
|switch|p1a: Zapdos|Zapdos|41/100|[from] Flip Turn
|
|-weather|RainDance|[upkeep]
|upkeep
|turn|13
|
|t:|1759036684
|move|p2a: Metagross|Bullet Punch|p1a: Zapdos
|-resisted|p1a: Zapdos
|-damage|p1a: Zapdos|31/100
|-damage|p2a: Metagross|5/100|[from] item: Rocky Helmet|[of] p1a: Zapdos
|move|p1a: Zapdos|Thunder|p2a: Metagross
|-damage|p2a: Metagross|0 fnt
|faint|p2a: Metagross
|
|-weather|RainDance|[upkeep]
|-sideend|p2: Joru76|move: Light Screen
|upkeep
|
|t:|1759036693
|switch|p2a: Sableye|Sableye, F|44/100
|-damage|p2a: Sableye|32/100|[from] Stealth Rock
|turn|14
|
|t:|1759036698
|move|p2a: Sableye|Light Screen|p2a: Sableye
|-sidestart|p2: Joru76|move: Light Screen
|move|p1a: Zapdos|U-turn|p2a: Sableye
|-damage|p2a: Sableye|13/100
|
|t:|1759036704
|switch|p1a: Barraskewda|Barraskewda, M, tera:Water|100/100|[from] U-turn
|
|-weather|RainDance|[upkeep]
|upkeep
|turn|15
|
|t:|1759036709
|move|p2a: Sableye|Will-O-Wisp|p1a: Barraskewda
|-status|p1a: Barraskewda|brn
|move|p1a: Barraskewda|Liquidation|p2a: Sableye
|-damage|p2a: Sableye|0 fnt
|faint|p2a: Sableye
|
|-weather|RainDance|[upkeep]
|-damage|p1a: Barraskewda|94/100 brn|[from] brn
|upkeep
|inactive|Joru76 has 120 seconds left.
|
|t:|1759036750
|switch|p2a: Latios|Latios, M, shiny|36/100
|-damage|p2a: Latios|23/100|[from] Stealth Rock
|turn|16
|
|t:|1759036755
|move|p1a: Barraskewda|Liquidation|p2a: Latios
|-resisted|p2a: Latios
|-crit|p2a: Latios
|-damage|p2a: Latios|0 fnt
|faint|p2a: Latios
|
|-weather|none
|-damage|p1a: Barraskewda|88/100 brn|[from] brn
|upkeep
|
|t:|1759036765
|switch|p2a: Blaziken|Blaziken, M|100/100
|-damage|p2a: Blaziken|88/100|[from] Stealth Rock
|-item|p2a: Blaziken|Air Balloon
|turn|17
|
|t:|1759036773
|-terastallize|p2a: Blaziken|Flying
|move|p1a: Barraskewda|Liquidation|p2a: Blaziken
|-damage|p2a: Blaziken|27/100
|-enditem|p2a: Blaziken|Air Balloon
|move|p2a: Blaziken|Swords Dance|p2a: Blaziken
|-boost|p2a: Blaziken|atk|2
|
|-damage|p1a: Barraskewda|82/100 brn|[from] brn
|-ability|p2a: Blaziken|Speed Boost|boost
|-boost|p2a: Blaziken|spe|1
|upkeep
|turn|18
|inactive|Joru76 has 120 seconds left.
|
|t:|1759036785
|switch|p1a: Pelipper|Pelipper, F|100/100
|-weather|RainDance|[from] ability: Drizzle|[of] p1a: Pelipper
|move|p2a: Blaziken|Detect||[still]
|-fail|p2a: Blaziken
|
|-weather|RainDance|[upkeep]
|-ability|p2a: Blaziken|Speed Boost|boost
|-boost|p2a: Blaziken|spe|1
|upkeep
|turn|19
|inactive|Joru76 has 120 seconds left.
|
|t:|1759036793
|move|p2a: Blaziken|Swords Dance|p2a: Blaziken
|-boost|p2a: Blaziken|atk|2
|move|p1a: Pelipper|U-turn|p2a: Blaziken
|-resisted|p2a: Blaziken
|-damage|p2a: Blaziken|22/100
|
|t:|1759036796
|switch|p1a: Barraskewda|Barraskewda, M, tera:Water|82/100 brn|[from] U-turn
|
|-weather|RainDance|[upkeep]
|-damage|p1a: Barraskewda|76/100 brn|[from] brn
|-ability|p2a: Blaziken|Speed Boost|boost
|-boost|p2a: Blaziken|spe|1
|upkeep
|turn|20
|
|t:|1759036804
|move|p2a: Blaziken|Detect|p2a: Blaziken
|-singleturn|p2a: Blaziken|Protect
|move|p1a: Barraskewda|Flip Turn|p2a: Blaziken
|-activate|p2a: Blaziken|move: Protect
|
|-weather|RainDance|[upkeep]
|-damage|p1a: Barraskewda|70/100 brn|[from] brn
|-ability|p2a: Blaziken|Speed Boost|boost
|-boost|p2a: Blaziken|spe|1
|upkeep
|turn|21
|
|t:|1759036815
|move|p1a: Barraskewda|Flip Turn|p2a: Blaziken
|-damage|p2a: Blaziken|0 fnt
|faint|p2a: Blaziken
|
|t:|1759036827
|switch|p1a: Kingdra|Kingdra, F|100/100|[from] Flip Turn
|
|-weather|RainDance|[upkeep]
|-sideend|p2: Joru76|move: Light Screen
|upkeep
|inactive|Joru76 has 120 seconds left.
|
|t:|1759036847
|switch|p2a: Flygon|Flygon, M, shiny|48/100
|-damage|p2a: Flygon|42/100|[from] Stealth Rock
|turn|22
|
|t:|1759036853
|move|p1a: Kingdra|Ice Beam|p2a: Flygon
|-supereffective|p2a: Flygon
|-damage|p2a: Flygon|0 fnt
|faint|p2a: Flygon
|-damage|p1a: Kingdra|91/100|[from] item: Life Orb
|
|-weather|RainDance|[upkeep]
|upkeep
|-message|Joru76 forfeited.
|
|win|catsanddogslol
|raw|catsanddogslol's rating: 1054 &rarr; <strong>1092</strong><br />(+38 for winning)
|raw|Joru76's rating: 1125 &rarr; <strong>1095</strong><br />(-30 for losing)
|l|☆Joru76
|player|p2|
|l|☆catsanddogslol
|player|p1|
