|j|☆Seltzergod
|j|☆gardenGnostic
|t:|1759011716
|gametype|singles
|player|p1|Seltzergod|flannery|1605
|player|p2|gardenGnostic|1|1575
|gen|9
|tier|[Gen 9] OU
|rated|
|rule|HP Percentage Mod: HP is shown in percentages
|rule|Endless Battle Clause: Forcing endless battles is banned
|rule|Species Clause: Limit one of each Pokémon
|rule|OHKO Clause: OHKO moves are banned
|rule|Evasion Items Clause: Evasion items are banned
|rule|Evasion Moves Clause: Evasion moves are banned
|rule|Evasion Abilities Clause: Evasion abilities are banned
|rule|Sleep Moves Clause: Sleep-inducing moves are banned
|clearpoke
|poke|p1|Alomomola, M|
|poke|p1|Raging Bolt|
|poke|p1|Iron Treads|
|poke|p1|Ogerpon-Wellspring, F|
|poke|p1|Meowscarada, F|
|poke|p1|Pecharunt|
|poke|p2|Hatterene, F|
|poke|p2|Ninetales-Alola, F|
|poke|p2|Jirachi|
|poke|p2|Moltres-Galar|
|poke|p2|Glimmora, M|
|poke|p2|Kyurem|
|teampreview
|inactive|Battle timer is ON: inactive players will automatically lose when time's up. (requested by gardenGnostic)
|l|☆Seltzergod
|inactive|Seltzergod disconnected and has a minute to reconnect!
|player|p1|
|j| Nikator98
|j|☆Seltzergod
|inactive|Seltzergod reconnected and has 130 seconds left.
|player|p1|Seltzergod|flannery|
|
|t:|1759011771
|teamsize|p1|6
|teamsize|p2|6
|start
|switch|p1a: Iron Treads|Iron Treads|100/100
|switch|p2a: Ninetales|Ninetales-Alola, F|100/100
|-weather|Snowscape|[from] ability: Snow Warning|[of] p2a: Ninetales
|turn|1
|
|t:|1759011776
|move|p2a: Ninetales|Aurora Veil|p2a: Ninetales
|-sidestart|p2: gardenGnostic|move: Aurora Veil
|move|p1a: Iron Treads|Stealth Rock|p2a: Ninetales
|-sidestart|p2: gardenGnostic|move: Stealth Rock
|
|-weather|Snowscape|[upkeep]
|upkeep
|turn|2
|
|t:|1759011784
|switch|p2a: Glimmora|Glimmora, M|100/100
|-damage|p2a: Glimmora|88/100|[from] Stealth Rock
|-end|p1a: Iron Treads|Quark Drive|[silent]
|switch|p1a: Alomomola|Alomomola, M|100/100
|
|-weather|Snowscape|[upkeep]
|upkeep
|turn|3
|
|t:|1759011787
|move|p2a: Glimmora|Mortal Spin|p1a: Alomomola
|-damage|p1a: Alomomola|97/100
|-status|p1a: Alomomola|psn
|-sideend|p2: gardenGnostic|Stealth Rock|[from] move: Mortal Spin|[of] p2a: Glimmora
|move|p1a: Alomomola|Flip Turn|p2a: Glimmora
|-supereffective|p2a: Glimmora
|-damage|p2a: Glimmora|67/100
|-activate|p2a: Glimmora|ability: Toxic Debris
|-sidestart|p1: Seltzergod|move: Toxic Spikes
|
|t:|1759011790
|switch|p1a: Pecharunt|Pecharunt|100/100|[from] Flip Turn
|-sideend|p1: Seltzergod|move: Toxic Spikes|[of] p1a: Pecharunt
|
|-weather|Snowscape|[upkeep]
|upkeep
|turn|4
|
|t:|1759011793
|switch|p1a: Alomomola|Alomomola, M|100/100 psn
|move|p2a: Glimmora|Meteor Beam||[still]
|-prepare|p2a: Glimmora|Meteor Beam
|-boost|p2a: Glimmora|spa|1
|-enditem|p2a: Glimmora|Power Herb
|-anim|p2a: Glimmora|Meteor Beam|p1a: Alomomola
|-damage|p1a: Alomomola|50/100 psn
|
|-weather|Snowscape|[upkeep]
|-damage|p1a: Alomomola|38/100 psn|[from] psn
|upkeep
|turn|5
|
|t:|1759011796
|move|p2a: Glimmora|Stealth Rock|p1a: Alomomola
|-sidestart|p1: Seltzergod|move: Stealth Rock
|move|p1a: Alomomola|Flip Turn|p2a: Glimmora
|-supereffective|p2a: Glimmora
|-damage|p2a: Glimmora|47/100
|-activate|p2a: Glimmora|ability: Toxic Debris
|-sidestart|p1: Seltzergod|move: Toxic Spikes
|
|t:|1759011798
|switch|p1a: Pecharunt|Pecharunt|100/100|[from] Flip Turn
|-damage|p1a: Pecharunt|88/100|[from] Stealth Rock
|-sideend|p1: Seltzergod|move: Toxic Spikes|[of] p1a: Pecharunt
|
|-weather|none
|upkeep
|turn|6
|
|t:|1759011800
|move|p2a: Glimmora|Earth Power|p1a: Pecharunt
|-supereffective|p1a: Pecharunt
|-damage|p1a: Pecharunt|0 fnt
|faint|p1a: Pecharunt
|
|upkeep
|
|t:|1759011808
|switch|p1a: Meowscarada|Meowscarada, F|100/100
|-damage|p1a: Meowscarada|88/100|[from] Stealth Rock
|turn|7
|j| Lamp0821
|
|t:|1759011819
|move|p1a: Meowscarada|Flower Trick|p2a: Glimmora
|-crit|p2a: Glimmora
|-damage|p2a: Glimmora|0 fnt
|-activate|p2a: Glimmora|ability: Toxic Debris
|-sidestart|p1: Seltzergod|move: Toxic Spikes
|faint|p2a: Glimmora
|
|upkeep
|l| Lamp0821
|
|t:|1759011823
|switch|p2a: Jirachi|Jirachi|100/100
|turn|8
|
|t:|1759011825
|switch|p1a: Iron Treads|Iron Treads|100/100
|-damage|p1a: Iron Treads|97/100|[from] Stealth Rock
|move|p2a: Jirachi|U-turn|p1a: Iron Treads
|-resisted|p1a: Iron Treads
|-damage|p1a: Iron Treads|88/100
|
|t:|1759011828
|switch|p2a: Ninetales|Ninetales-Alola, F|100/100|[from] U-turn
|-weather|Snowscape|[from] ability: Snow Warning|[of] p2a: Ninetales
|
|-weather|Snowscape|[upkeep]
|-heal|p1a: Iron Treads|94/100|[from] item: Leftovers
|-sideend|p2: gardenGnostic|move: Aurora Veil
|upkeep
|turn|9
|
|t:|1759011831
|move|p2a: Ninetales|Aurora Veil|p2a: Ninetales
|-sidestart|p2: gardenGnostic|move: Aurora Veil
|move|p1a: Iron Treads|Rapid Spin|p2a: Ninetales
|-damage|p2a: Ninetales|94/100
|-boost|p1a: Iron Treads|spe|1
|-sideend|p1: Seltzergod|Toxic Spikes|[from] move: Rapid Spin|[of] p1a: Iron Treads
|-sideend|p1: Seltzergod|Stealth Rock|[from] move: Rapid Spin|[of] p1a: Iron Treads
|
|-weather|Snowscape|[upkeep]
|-heal|p1a: Iron Treads|100/100|[from] item: Leftovers
|upkeep
|turn|10
|
|t:|1759011838
|-end|p1a: Iron Treads|Quark Drive|[silent]
|switch|p1a: Ogerpon|Ogerpon-Wellspring, F|100/100
|switch|p2a: Hatterene|Hatterene, F|100/100
|
|-weather|Snowscape|[upkeep]
|upkeep
|turn|11
|
|t:|1759011841
|move|p1a: Ogerpon|Knock Off|p2a: Hatterene
|-crit|p2a: Hatterene
|-damage|p2a: Hatterene|20/100
|-enditem|p2a: Hatterene|Leftovers|[from] move: Knock Off|[of] p1a: Ogerpon
|move|p2a: Hatterene|Swords Dance|p2a: Hatterene
|-boost|p2a: Hatterene|atk|2
|
|-weather|Snowscape|[upkeep]
|upkeep
|turn|12
|c|☆Seltzergod|nuzzle hat
|
|t:|1759011846
|move|p1a: Ogerpon|Ivy Cudgel|p2a: Hatterene|[anim] Ivy Cudgel Water
|-damage|p2a: Hatterene|0 fnt
|faint|p2a: Hatterene
|
|-weather|none
|upkeep
|
|t:|1759011849
|switch|p2a: Moltres|Moltres-Galar|100/100
|turn|13
|
|t:|1759011852
|move|p1a: Ogerpon|U-turn|p2a: Moltres
|-crit|p2a: Moltres
|-damage|p2a: Moltres|48/100
|-ability|p2a: Moltres|Berserk|boost
|-boost|p2a: Moltres|spa|1
|-enditem|p2a: Moltres|Sitrus Berry|[eat]
|-heal|p2a: Moltres|73/100|[from] item: Sitrus Berry
|c|☆Seltzergod|whoa
|
|t:|1759011858
|switch|p1a: Alomomola|Alomomola, M|71/100 psn|[from] U-turn
|move|p2a: Moltres|Agility|p2a: Moltres
|-boost|p2a: Moltres|spe|2
|
|-damage|p1a: Alomomola|58/100 psn|[from] psn
|upkeep
|turn|14
|
|t:|1759011866
|move|p2a: Moltres|Nasty Plot|p2a: Moltres
|-boost|p2a: Moltres|spa|2
|move|p1a: Alomomola|Flip Turn|p2a: Moltres
|-damage|p2a: Moltres|63/100
|
|t:|1759011870
|switch|p1a: Raging Bolt|Raging Bolt|100/100|[from] Flip Turn
|
|upkeep
|turn|15
|
|t:|1759011875
|-terastallize|p2a: Moltres|Ghost
|-terastallize|p1a: Raging Bolt|Electric
|move|p1a: Raging Bolt|Thunderclap|p2a: Moltres
|-damage|p2a: Moltres|29/100
|-ability|p2a: Moltres|Berserk|boost
|-boost|p2a: Moltres|spa|1
|move|p2a: Moltres|Fiery Wrath|p1a: Raging Bolt
|-damage|p1a: Raging Bolt|0 fnt
|faint|p1a: Raging Bolt
|-end|p1a: Raging Bolt|Protosynthesis|[silent]
|
|upkeep
|
|t:|1759011880
|switch|p1a: Meowscarada|Meowscarada, F|88/100
|turn|16
|
|t:|1759011886
|move|p1a: Meowscarada|Sucker Punch|p2a: Moltres
|-supereffective|p2a: Moltres
|-damage|p2a: Moltres|0 fnt
|faint|p2a: Moltres
|
|-sideend|p2: gardenGnostic|move: Aurora Veil
|upkeep
|
|t:|1759011890
|switch|p2a: Ninetales|Ninetales-Alola, F|94/100
|-weather|Snowscape|[from] ability: Snow Warning|[of] p2a: Ninetales
|turn|17
|
|t:|1759011900
|switch|p1a: Iron Treads|Iron Treads|100/100
|move|p2a: Ninetales|Aurora Veil|p2a: Ninetales
|-sidestart|p2: gardenGnostic|move: Aurora Veil
|
|-weather|Snowscape|[upkeep]
|upkeep
|turn|18
|
|t:|1759011906
|switch|p2a: Jirachi|Jirachi|100/100
|move|p1a: Iron Treads|Stealth Rock|p2a: Jirachi
|-sidestart|p2: gardenGnostic|move: Stealth Rock
|
|-weather|Snowscape|[upkeep]
|upkeep
|turn|19
|
|t:|1759011911
|move|p2a: Jirachi|Trick|p1a: Iron Treads
|-activate|p2a: Jirachi|move: Trick|[of] p1a: Iron Treads
|-item|p1a: Iron Treads|Choice Scarf|[from] move: Trick
|-item|p2a: Jirachi|Leftovers|[from] move: Trick
|move|p1a: Iron Treads|Earthquake|p2a: Jirachi
|-supereffective|p2a: Jirachi
|-damage|p2a: Jirachi|56/100
|
|-weather|Snowscape|[upkeep]
|-heal|p2a: Jirachi|62/100|[from] item: Leftovers
|upkeep
|turn|20
|
|t:|1759011916
|move|p1a: Iron Treads|Earthquake|p2a: Jirachi
|-supereffective|p2a: Jirachi
|-damage|p2a: Jirachi|11/100
|move|p2a: Jirachi|U-turn|p1a: Iron Treads
|-resisted|p1a: Iron Treads
|-damage|p1a: Iron Treads|92/100
|
|t:|1759011918
|switch|p2a: Kyurem|Kyurem|100/100|[from] U-turn
|-damage|p2a: Kyurem|76/100|[from] Stealth Rock
|-ability|p2a: Kyurem|Pressure
|
|-weather|Snowscape|[upkeep]
|upkeep
|turn|21
|
|t:|1759011920
|move|p1a: Iron Treads|Earthquake|p2a: Kyurem
|-damage|p2a: Kyurem|59/100
|move|p2a: Kyurem|Dragon Dance|p2a: Kyurem
|-boost|p2a: Kyurem|atk|1
|-boost|p2a: Kyurem|spe|1
|
|-weather|none
|upkeep
|turn|22
|
|t:|1759011922
|move|p1a: Iron Treads|Earthquake|p2a: Kyurem
|-damage|p2a: Kyurem|36/100
|move|p2a: Kyurem|Dragon Dance|p2a: Kyurem
|-boost|p2a: Kyurem|atk|1
|-boost|p2a: Kyurem|spe|1
|
|upkeep
|turn|23
|
|t:|1759011929
|move|p2a: Kyurem|Icicle Spear|p1a: Iron Treads
|-damage|p1a: Iron Treads|69/100
|-damage|p1a: Iron Treads|48/100
|-damage|p1a: Iron Treads|25/100
|-damage|p1a: Iron Treads|2/100
|-damage|p1a: Iron Treads|0 fnt
|faint|p1a: Iron Treads
|-end|p1a: Iron Treads|Quark Drive|[silent]
|-hitcount|p1: Iron Treads|5
|
|upkeep
|
|t:|1759011932
|switch|p1a: Alomomola|Alomomola, M|92/100 psn
|turn|24
|
|t:|1759011938
|move|p2a: Kyurem|Freeze-Dry|p1a: Alomomola
|-supereffective|p1a: Alomomola
|-damage|p1a: Alomomola|54/100 psn
|move|p1a: Alomomola|Flip Turn|p2a: Kyurem
|-resisted|p2a: Kyurem
|-damage|p2a: Kyurem|32/100
|
|t:|1759011940
|switch|p1a: Meowscarada|Meowscarada, F|88/100|[from] Flip Turn
|
|-sideend|p2: gardenGnostic|move: Aurora Veil
|upkeep
|turn|25
|
|t:|1759011944
|move|p1a: Meowscarada|Sucker Punch||[still]
|-fail|p1a: Meowscarada
|move|p2a: Kyurem|Dragon Dance|p2a: Kyurem
|-boost|p2a: Kyurem|atk|1
|-boost|p2a: Kyurem|spe|1
|
|upkeep
|turn|26
|
|t:|1759011946
|move|p1a: Meowscarada|Sucker Punch||[still]
|-fail|p1a: Meowscarada
|move|p2a: Kyurem|Dragon Dance|p2a: Kyurem
|-boost|p2a: Kyurem|atk|1
|-boost|p2a: Kyurem|spe|1
|
|upkeep
|turn|27
|
|t:|1759011948
|move|p1a: Meowscarada|Sucker Punch||[still]
|-fail|p1a: Meowscarada
|move|p2a: Kyurem|Dragon Dance|p2a: Kyurem
|-boost|p2a: Kyurem|atk|1
|-boost|p2a: Kyurem|spe|1
|
|upkeep
|turn|28
|
|t:|1759011949
|move|p1a: Meowscarada|Sucker Punch||[still]
|-fail|p1a: Meowscarada
|move|p2a: Kyurem|Dragon Dance|p2a: Kyurem
|-boost|p2a: Kyurem|atk|1
|-boost|p2a: Kyurem|spe|1
|
|upkeep
|turn|29
|
|t:|1759011954
|move|p2a: Kyurem|Icicle Spear|p1a: Meowscarada
|-supereffective|p1a: Meowscarada
|-damage|p1a: Meowscarada|0 fnt
|faint|p1a: Meowscarada
|-hitcount|p1: Meowscarada|1
|
|upkeep
|
|t:|1759011956
|switch|p1a: Alomomola|Alomomola, M|87/100 psn
|turn|30
|
|t:|1759011965
|move|p2a: Kyurem|Icicle Spear|p1a: Alomomola
|-resisted|p1a: Alomomola
|-damage|p1a: Alomomola|73/100 psn
|-resisted|p1a: Alomomola
|-damage|p1a: Alomomola|58/100 psn
|-resisted|p1a: Alomomola
|-damage|p1a: Alomomola|42/100 psn
|-resisted|p1a: Alomomola
|-damage|p1a: Alomomola|27/100 psn
|-hitcount|p1a: Alomomola|4
|move|p1a: Alomomola|Flip Turn|p2a: Kyurem
|-resisted|p2a: Kyurem
|-damage|p2a: Kyurem|24/100
|
|t:|1759011966
|switch|p1a: Ogerpon|Ogerpon-Wellspring, F|100/100|[from] Flip Turn
|
|upkeep
|turn|31
|-message|Seltzergod forfeited.
|
|win|gardenGnostic
|raw|Seltzergod's rating: 1605 &rarr; <strong>1583</strong><br />(-22 for losing)
|raw|gardenGnostic's rating: 1575 &rarr; <strong>1597</strong><br />(+22 for winning)
|l|☆Seltzergod
|player|p1|
|l|☆gardenGnostic
|player|p2|
