|j|☆totofunn
|j|☆BLACK-M-KUROIRO
|t:|1758968763
|gametype|singles
|player|p1|totofunn|1|1104
|player|p2|BLACK-M-KUROIRO|steven|1066
|gen|9
|tier|[Gen 9] OU
|rated|
|rule|HP Percentage Mod: HP is shown in percentages
|rule|Endless Battle Clause: Forcing endless battles is banned
|rule|Species Clause: Limit one of each Pokémon
|rule|OHKO Clause: OHKO moves are banned
|rule|Evasion Items Clause: Evasion items are banned
|rule|Evasion Moves Clause: Evasion moves are banned
|rule|Evasion Abilities Clause: Evasion abilities are banned
|rule|Sleep Moves Clause: Sleep-inducing moves are banned
|clearpoke
|poke|p1|Dragapult, M|
|poke|p1|Cinderace, M|
|poke|p1|Samurott-Hisui, M|
|poke|p1|Meowscarada, M|
|poke|p1|Garganacl, F|
|poke|p1|Tinkaton, F|
|poke|p2|Jolteon, M|
|poke|p2|Oricorio, F|
|poke|p2|Ekans, F|
|poke|p2|Grimmsnarl, M|
|poke|p2|Mudsdale, M|
|poke|p2|Hakamo-o, M|
|teampreview
|inactive|Battle timer is ON: inactive players will automatically lose when time's up. (requested by BLACK-M-KUROIRO)
|
|t:|1758968773
|teamsize|p1|6
|teamsize|p2|6
|start
|switch|p1a: Garganacl|Garganacl, F|100/100
|switch|p2a: Ekans|Ekans, F|100/100
|-ability|p2a: Ekans|Intimidate|boost
|-unboost|p1a: Garganacl|atk|1
|-item|p1a: Garganacl|Air Balloon
|turn|1
|
|t:|1758968787
|move|p2a: Ekans|Knock Off|p1a: Garganacl
|-damage|p1a: Garganacl|91/100
|-enditem|p1a: Garganacl|Air Balloon
|move|p1a: Garganacl|Stealth Rock|p2a: Ekans
|-sidestart|p2: BLACK-M-KUROIRO|move: Stealth Rock
|
|upkeep
|turn|2
|
|t:|1758968795
|switch|p2a: Mudsdale|Mudsdale, M, shiny|100/100
|-damage|p2a: Mudsdale|94/100|[from] Stealth Rock
|move|p1a: Garganacl|Stone Edge|p2a: Mudsdale|[miss]
|-miss|p1a: Garganacl|p2a: Mudsdale
|
|upkeep
|turn|3
|
|t:|1758968810
|switch|p1a: Samurott|Samurott-Hisui, M|100/100
|move|p2a: Mudsdale|Earthquake|p1a: Samurott
|-damage|p1a: Samurott|42/100
|
|upkeep
|turn|4
|
|t:|1758968820
|move|p1a: Samurott|Aqua Cutter|p2a: Mudsdale
|-supereffective|p2a: Mudsdale
|-damage|p2a: Mudsdale|9/100
|-ability|p2a: Mudsdale|Stamina|boost
|-boost|p2a: Mudsdale|def|1
|-damage|p1a: Samurott|32/100|[from] item: Life Orb
|move|p2a: Mudsdale|Earthquake|p1a: Samurott
|-damage|p1a: Samurott|0 fnt
|faint|p1a: Samurott
|
|upkeep
|
|t:|1758968834
|switch|p1a: Dragapult|Dragapult, M|100/100
|turn|5
|
|t:|1758968840
|move|p1a: Dragapult|Dragon Dance|p1a: Dragapult
|-boost|p1a: Dragapult|atk|1
|-boost|p1a: Dragapult|spe|1
|move|p2a: Mudsdale|Earthquake|p1a: Dragapult
|-damage|p1a: Dragapult|48/100
|
|upkeep
|turn|6
|
|t:|1758968847
|move|p1a: Dragapult|Dragon Darts|p2a: Mudsdale
|-crit|p2a: Mudsdale
|-damage|p2a: Mudsdale|0 fnt
|faint|p2a: Mudsdale
|-damage|p1a: Dragapult|38/100|[from] item: Life Orb
|
|upkeep
|
|t:|1758968853
|switch|p2a: Grimmsnarl|Grimmsnarl, M, shiny|100/100
|-damage|p2a: Grimmsnarl|88/100|[from] Stealth Rock
|turn|7
|
|t:|1758968858
|move|p1a: Dragapult|U-turn|p2a: Grimmsnarl
|-damage|p2a: Grimmsnarl|26/100
|-damage|p1a: Dragapult|29/100|[from] item: Life Orb
|
|t:|1758968862
|switch|p1a: Tinkaton|Tinkaton, F|100/100|[from] U-turn
|move|p2a: Grimmsnarl|Fling|p1a: Tinkaton
|-resisted|p1a: Tinkaton
|-damage|p1a: Tinkaton|91/100
|-status|p1a: Tinkaton|par
|-enditem|p2a: Grimmsnarl|Light Ball|[from] move: Fling
|
|upkeep
|turn|8
|
|t:|1758968874
|move|p1a: Tinkaton|Fake Out|p2a: Grimmsnarl
|-damage|p2a: Grimmsnarl|10/100
|-damage|p1a: Tinkaton|81/100 par|[from] item: Life Orb
|cant|p2a: Grimmsnarl|flinch
|
|upkeep
|turn|9
|
|t:|1758968882
|move|p2a: Grimmsnarl|Parting Shot|p1a: Tinkaton
|-unboost|p1a: Tinkaton|atk|1
|-unboost|p1a: Tinkaton|spa|1
|
|t:|1758968887
|switch|p2a: Ekans|Ekans, F|100/100|[from] Parting Shot
|-damage|p2a: Ekans|88/100|[from] Stealth Rock
|-ability|p2a: Ekans|Intimidate|boost
|-fail|p1a: Tinkaton|unboost|Attack|[from] ability: Own Tempo|[of] p1a: Tinkaton
|cant|p1a: Tinkaton|par
|
|upkeep
|turn|10
|
|t:|1758968903
|switch|p1a: Garganacl|Garganacl, F|91/100
|move|p2a: Ekans|Knock Off|p1a: Garganacl
|-damage|p1a: Garganacl|83/100
|
|upkeep
|turn|11
|
|t:|1758968914
|switch|p2a: Grimmsnarl|Grimmsnarl, M, shiny|10/100
|-damage|p2a: Grimmsnarl|0 fnt|[from] Stealth Rock
|faint|p2a: Grimmsnarl
|move|p1a: Garganacl|Body Press|p2: Grimmsnarl|[notarget]
|-fail|p1a: Garganacl
|
|upkeep
|
|t:|1758968932
|switch|p2a: Oricorio|Oricorio, F, shiny|100/100
|-damage|p2a: Oricorio|50/100|[from] Stealth Rock
|turn|12
|
|t:|1758968940
|-terastallize|p2a: Oricorio|Fighting
|move|p2a: Oricorio|Quiver Dance|p2a: Oricorio
|-boost|p2a: Oricorio|spa|1
|-boost|p2a: Oricorio|spd|1
|-boost|p2a: Oricorio|spe|1
|move|p1a: Garganacl|Stone Edge|p2a: Oricorio
|-resisted|p2a: Oricorio
|-crit|p2a: Oricorio
|-damage|p2a: Oricorio|17/100
|
|-heal|p2a: Oricorio|23/100|[from] item: Leftovers
|upkeep
|turn|13
|
|t:|1758968953
|move|p2a: Oricorio|Revelation Dance|p1a: Garganacl
|-supereffective|p1a: Garganacl
|-damage|p1a: Garganacl|20/100
|move|p1a: Garganacl|Stone Edge|p2a: Oricorio
|-resisted|p2a: Oricorio
|-damage|p2a: Oricorio|0 fnt
|faint|p2a: Oricorio
|
|upkeep
|
|t:|1758968962
|switch|p2a: Hakamo-o|Hakamo-o, M, shiny|100/100
|-damage|p2a: Hakamo-o|94/100|[from] Stealth Rock
|turn|14
|
|t:|1758968970
|move|p2a: Hakamo-o|Drain Punch|p1a: Garganacl
|-supereffective|p1a: Garganacl
|-damage|p1a: Garganacl|0 fnt
|-heal|p2a: Hakamo-o|100/100|[from] drain|[of] p1a: Garganacl
|faint|p1a: Garganacl
|
|upkeep
|
|t:|1758968976
|switch|p1a: Dragapult|Dragapult, M|29/100
|turn|15
|
|t:|1758968982
|move|p1a: Dragapult|Dragon Darts|p2a: Hakamo-o
|-supereffective|p2a: Hakamo-o
|-damage|p2a: Hakamo-o|56/100
|-anim|p1a: Dragapult|Dragon Darts|p2a: Hakamo-o
|-supereffective|p2a: Hakamo-o
|-damage|p2a: Hakamo-o|9/100
|-damage|p1a: Dragapult|19/100|[from] item: Life Orb
|move|p2a: Hakamo-o|Iron Head|p1a: Dragapult
|-damage|p1a: Dragapult|0 fnt
|faint|p1a: Dragapult
|
|upkeep
|
|t:|1758968996
|switch|p1a: Tinkaton|Tinkaton, F|81/100 par
|turn|16
|
|t:|1758969001
|move|p1a: Tinkaton|Fake Out|p2a: Hakamo-o
|-damage|p2a: Hakamo-o|0 fnt
|faint|p2a: Hakamo-o
|-damage|p1a: Tinkaton|71/100 par|[from] item: Life Orb
|
|upkeep
|
|t:|1758969008
|switch|p2a: Ekans|Ekans, F|88/100
|-damage|p2a: Ekans|76/100|[from] Stealth Rock
|-ability|p2a: Ekans|Intimidate|boost
|-fail|p1a: Tinkaton|unboost|Attack|[from] ability: Own Tempo|[of] p1a: Tinkaton
|turn|17
|
|t:|1758969016
|move|p1a: Tinkaton|Gigaton Hammer|p2a: Ekans
|-crit|p2a: Ekans
|-damage|p2a: Ekans|0 fnt
|faint|p2a: Ekans
|-damage|p1a: Tinkaton|61/100 par|[from] item: Life Orb
|
|upkeep
|
|t:|1758969023
|switch|p2a: Jolteon|Jolteon, M, shiny|100/100
|-damage|p2a: Jolteon|88/100|[from] Stealth Rock
|turn|18
|
|t:|1758969032
|move|p2a: Jolteon|Volt Switch|p1a: Tinkaton
|-damage|p1a: Tinkaton|29/100 par
|move|p1a: Tinkaton|Play Rough|p2a: Jolteon
|-damage|p2a: Jolteon|6/100
|-damage|p1a: Tinkaton|19/100 par|[from] item: Life Orb
|
|upkeep
|turn|19
|
|t:|1758969041
|move|p2a: Jolteon|Volt Switch|p1a: Tinkaton
|-damage|p1a: Tinkaton|0 fnt
|faint|p1a: Tinkaton
|
|upkeep
|
|t:|1758969049
|switch|p1a: Meowscarada|Meowscarada, M|100/100
|turn|20
|
|t:|1758969054
|move|p1a: Meowscarada|Flower Trick|p2a: Jolteon
|-start|p1a: Meowscarada|typechange|Grass|[from] ability: Protean
|-crit|p2a: Jolteon
|-damage|p2a: Jolteon|0 fnt
|faint|p2a: Jolteon
|
|win|totofunn
|raw|totofunn's rating: 1104 &rarr; <strong>1126</strong><br />(+22 for winning)
|raw|BLACK-M-KUROIRO's rating: 1066 &rarr; <strong>1048</strong><br />(-18 for losing)
|l|☆totofunn
|player|p1|
|l|☆BLACK-M-KUROIRO
|player|p2|
