|j|☆AheQ647
|j|☆jotadex
|t:|1758945917
|gametype|singles
|player|p1|AheQ647|170|1363
|player|p2|jotadex|zinnia|1326
|gen|9
|tier|[Gen 9] OU
|rated|
|rule|HP Percentage Mod: HP is shown in percentages
|rule|Endless Battle Clause: Forcing endless battles is banned
|rule|Species Clause: Limit one of each Pokémon
|rule|OHKO Clause: OHKO moves are banned
|rule|Evasion Items Clause: Evasion items are banned
|rule|Evasion Moves Clause: Evasion moves are banned
|rule|Evasion Abilities Clause: Evasion abilities are banned
|rule|Sleep Moves Clause: Sleep-inducing moves are banned
|clearpoke
|poke|p1|Zarude|
|poke|p1|Zamazenta-*|
|poke|p1|Glimmora, M|
|poke|p1|Landorus-Therian, M|
|poke|p1|Goodra-Hisui, F|
|poke|p1|Weezing-Galar, M|
|poke|p2|Tyranitar, M|
|poke|p2|Excadrill, F|
|poke|p2|Tornadus-Therian, M|
|poke|p2|Heatran, M|
|poke|p2|Hydrapple, M|
|poke|p2|Iron Valiant|
|teampreview
|inactive|Battle timer is ON: inactive players will automatically lose when time's up. (requested by AheQ647)
|
|t:|1758945939
|teamsize|p1|6
|teamsize|p2|6
|start
|switch|p1a: Landorus|Landorus-Therian, M|100/100
|switch|p2a: Tyranitar|Tyranitar, M|100/100
|-ability|p1a: Landorus|Intimidate|boost
|-unboost|p2a: Tyranitar|atk|1
|-weather|Sandstorm|[from] ability: Sand Stream|[of] p2a: Tyranitar
|turn|1
|
|t:|1758945947
|move|p1a: Landorus|U-turn|p2a: Tyranitar
|-supereffective|p2a: Tyranitar
|-damage|p2a: Tyranitar|51/100
|
|t:|1758945953
|switch|p1a: Weezing|Weezing-Galar, M|100/100|[from] U-turn
|move|p2a: Tyranitar|Ice Punch|p1a: Weezing
|-damage|p1a: Weezing|74/100
|
|-weather|Sandstorm|[upkeep]
|-damage|p1a: Weezing|68/100|[from] Sandstorm
|-heal|p1a: Weezing|74/100|[from] item: Black Sludge
|upkeep
|turn|2
|
|t:|1758945965
|switch|p2a: Heatran|Heatran, M|100/100
|move|p1a: Weezing|Will-O-Wisp|p2a: Heatran
|-start|p2a: Heatran|ability: Flash Fire
|
|-weather|Sandstorm|[upkeep]
|-damage|p1a: Weezing|68/100|[from] Sandstorm
|-heal|p1a: Weezing|74/100|[from] item: Black Sludge
|upkeep
|turn|3
|
|t:|1758945972
|move|p2a: Heatran|Stealth Rock|p1a: Weezing
|-sidestart|p1: AheQ647|move: Stealth Rock
|move|p1a: Weezing|Pain Split|p2a: Heatran
|-sethp|p2a: Heatran|82/100|[from] move: Pain Split|[silent]
|-sethp|p1a: Weezing|95/100|[from] move: Pain Split
|
|-weather|Sandstorm|[upkeep]
|-damage|p1a: Weezing|89/100|[from] Sandstorm
|-heal|p2a: Heatran|89/100|[from] item: Leftovers
|-heal|p1a: Weezing|95/100|[from] item: Black Sludge
|upkeep
|turn|4
|
|t:|1758945981
|switch|p1a: Glimmora|Glimmora, M|100/100
|move|p2a: Heatran|Magma Storm|p1a: Glimmora
|-resisted|p1a: Glimmora
|-damage|p1a: Glimmora|78/100
|-activate|p1a: Glimmora|move: Magma Storm|[of] p2a: Heatran
|
|-weather|Sandstorm|[upkeep]
|-heal|p2a: Heatran|95/100|[from] item: Leftovers
|-damage|p1a: Glimmora|66/100|[from] move: Magma Storm|[partiallytrapped]
|upkeep
|turn|5
|
|t:|1758945995
|-end|p2a: Heatran|ability: Flash Fire|[silent]
|switch|p2a: Excadrill|Excadrill, F|100/100
|-item|p2a: Excadrill|Air Balloon
|move|p1a: Glimmora|Toxic|p2a: Excadrill
|-status|p2a: Excadrill|tox
|
|-weather|none
|-damage|p2a: Excadrill|94/100 tox|[from] psn
|-end|p1a: Glimmora|Magma Storm|[partiallytrapped]|[silent]
|upkeep
|turn|6
|
|t:|1758946015
|switch|p1a: Weezing|Weezing-Galar, M|95/100
|-damage|p1a: Weezing|83/100|[from] Stealth Rock
|move|p2a: Excadrill|Iron Head|p1a: Weezing
|-supereffective|p1a: Weezing
|-damage|p1a: Weezing|4/100
|
|-heal|p1a: Weezing|10/100|[from] item: Black Sludge
|-damage|p2a: Excadrill|82/100 tox|[from] psn
|upkeep
|turn|7
|
|t:|1758946022
|move|p2a: Excadrill|Iron Head|p1a: Weezing
|-supereffective|p1a: Weezing
|-damage|p1a: Weezing|0 fnt
|faint|p1a: Weezing
|
|-damage|p2a: Excadrill|64/100 tox|[from] psn
|upkeep
|
|t:|1758946034
|switch|p1a: The King|Zarude|100/100
|-damage|p1a: The King|88/100|[from] Stealth Rock
|turn|8
|
|t:|1758946058
|switch|p2a: Hydrapple|Hydrapple, M|100/100
|move|p1a: The King|Bulk Up|p1a: The King
|-boost|p1a: The King|atk|1
|-boost|p1a: The King|def|1
|
|-heal|p1a: The King|94/100|[from] item: Leftovers
|upkeep
|turn|9
|
|t:|1758946068
|switch|p1a: Goodra|Goodra-Hisui, F|100/100
|-damage|p1a: Goodra|94/100|[from] Stealth Rock
|move|p2a: Hydrapple|Nasty Plot|p2a: Hydrapple
|-boost|p2a: Hydrapple|spa|2
|
|upkeep
|turn|10
|
|t:|1758946074
|-terastallize|p2a: Hydrapple|Fairy
|move|p2a: Hydrapple|Nasty Plot|p2a: Hydrapple
|-boost|p2a: Hydrapple|spa|2
|move|p1a: Goodra|Dragon Tail|p2a: Hydrapple
|-immune|p2a: Hydrapple
|
|upkeep
|turn|11
|
|t:|1758946086
|move|p1a: Goodra|Gyro Ball|p2a: Hydrapple
|-supereffective|p2a: Hydrapple
|-damage|p2a: Hydrapple|90/100
|-damage|p1a: Goodra|78/100|[from] item: Rocky Helmet|[of] p2a: Hydrapple
|move|p2a: Hydrapple|Earth Power|p1a: Goodra
|-supereffective|p1a: Goodra
|-damage|p1a: Goodra|31/100
|-unboost|p1a: Goodra|spd|1
|
|upkeep
|turn|12
|-message|AheQ647 forfeited.
|
|win|jotadex
|raw|AheQ647's rating: 1363 &rarr; <strong>1341</strong><br />(-22 for losing)
|raw|jotadex's rating: 1326 &rarr; <strong>1348</strong><br />(+22 for winning)
|l|☆AheQ647
|player|p1|
|l|☆jotadex
|player|p2|
