|j|☆wittyphoshop
|j|☆Df72
|t:|1758985445
|gametype|singles
|player|p1|wittyphoshop|cyclist-gen4|1433
|player|p2|Df72|102|1427
|gen|9
|tier|[Gen 9] OU
|rated|
|rule|HP Percentage Mod: HP is shown in percentages
|rule|Endless Battle Clause: Forcing endless battles is banned
|rule|Species Clause: Limit one of each Pokémon
|rule|OHKO Clause: OHKO moves are banned
|rule|Evasion Items Clause: Evasion items are banned
|rule|Evasion Moves Clause: Evasion moves are banned
|rule|Evasion Abilities Clause: Evasion abilities are banned
|rule|Sleep Moves Clause: Sleep-inducing moves are banned
|clearpoke
|poke|p1|Samurott-Hisui, M|
|poke|p1|Landorus-Therian, M|
|poke|p1|Pecharunt|
|poke|p1|Scizor, M|
|poke|p1|Latios, M|
|poke|p1|Zamazenta-*|
|poke|p2|Alomomola, F|
|poke|p2|Slowking-Galar, F|
|poke|p2|Great Tusk|
|poke|p2|Dragapult, M|
|poke|p2|Kingambit, M|
|poke|p2|Toucannon, M|
|teampreview
|
|t:|1758985463
|teamsize|p1|6
|teamsize|p2|6
|start
|switch|p1a: Samurott|Samurott-Hisui, M|100/100
|switch|p2a: Toucannon|Toucannon, M|100/100
|turn|1
|
|t:|1758985474
|move|p1a: Samurott|Knock Off|p2a: Toucannon
|-damage|p2a: Toucannon|30/100
|-enditem|p2a: Toucannon|Choice Band|[from] move: Knock Off|[of] p1a: Samurott
|move|p2a: Toucannon|Bullet Seed|p1a: Samurott
|-supereffective|p1a: Samurott
|-damage|p1a: Samurott|79/100
|-supereffective|p1a: Samurott
|-damage|p1a: Samurott|60/100
|-supereffective|p1a: Samurott
|-damage|p1a: Samurott|40/100
|-supereffective|p1a: Samurott
|-damage|p1a: Samurott|18/100
|-supereffective|p1a: Samurott
|-damage|p1a: Samurott|0 fnt
|faint|p1a: Samurott
|-hitcount|p1: Samurott|5
|
|upkeep
|
|t:|1758985495
|switch|p1a: Landorus|Landorus-Therian, M|100/100
|-ability|p1a: Landorus|Intimidate|boost
|-unboost|p2a: Toucannon|atk|1
|turn|2
|
|t:|1758985504
|switch|p2a: Alomomola|Alomomola, F|100/100
|move|p1a: Landorus|Smack Down|p2a: Alomomola
|-damage|p2a: Alomomola|90/100
|
|upkeep
|turn|3
|
|t:|1758985520
|move|p1a: Landorus|Stealth Rock|p2a: Alomomola
|-sidestart|p2: Df72|move: Stealth Rock
|move|p2a: Alomomola|Scald|p1a: Landorus
|-supereffective|p1a: Landorus
|-damage|p1a: Landorus|62/100
|
|upkeep
|turn|4
|
|t:|1758985532
|move|p1a: Landorus|U-turn|p2a: Alomomola
|-damage|p2a: Alomomola|75/100
|
|t:|1758985536
|switch|p1a: Pecharunt|Pecharunt|100/100|[from] U-turn
|move|p2a: Alomomola|Wish|p2a: Alomomola
|
|upkeep
|turn|5
|
|t:|1758985554
|move|p1a: Pecharunt|Parting Shot|p2a: Alomomola
|-unboost|p2a: Alomomola|atk|1
|-unboost|p2a: Alomomola|spa|1
|
|t:|1758985558
|switch|p1a: Landorus|Landorus-Therian, M|62/100|[from] Parting Shot
|-ability|p1a: Landorus|Intimidate|boost
|-unboost|p2a: Alomomola|atk|1
|move|p2a: Alomomola|Flip Turn|p1a: Landorus
|-supereffective|p1a: Landorus
|-damage|p1a: Landorus|42/100
|-damage|p2a: Alomomola|59/100|[from] item: Rocky Helmet|[of] p1a: Landorus
|
|t:|1758985569
|switch|p2a: Toucannon|Toucannon, M|30/100|[from] Flip Turn
|-damage|p2a: Toucannon|5/100|[from] Stealth Rock
|
|-heal|p2a: Toucannon|94/100|[from] move: Wish|[wisher] Alomomola
|upkeep
|turn|6
|
|t:|1758985582
|switch|p1a: Pecharunt|Pecharunt|100/100
|move|p2a: Toucannon|Bullet Seed|p1a: Pecharunt
|-resisted|p1a: Pecharunt
|-damage|p1a: Pecharunt|98/100
|-resisted|p1a: Pecharunt
|-damage|p1a: Pecharunt|96/100
|-resisted|p1a: Pecharunt
|-damage|p1a: Pecharunt|94/100
|-resisted|p1a: Pecharunt
|-damage|p1a: Pecharunt|91/100
|-resisted|p1a: Pecharunt
|-damage|p1a: Pecharunt|89/100
|-hitcount|p1a: Pecharunt|5
|
|upkeep
|turn|7
|
|t:|1758985596
|move|p1a: Pecharunt|Parting Shot|p2a: Toucannon
|-unboost|p2a: Toucannon|atk|1
|-unboost|p2a: Toucannon|spa|1
|
|t:|1758985601
|switch|p1a: Scizor|Scizor, M|100/100|[from] Parting Shot
|move|p2a: Toucannon|Rock Blast|p1a: Scizor
|-damage|p1a: Scizor|93/100
|-damage|p1a: Scizor|86/100
|-damage|p1a: Scizor|78/100
|-damage|p1a: Scizor|71/100
|-crit|p1a: Scizor
|-damage|p1a: Scizor|54/100
|-hitcount|p1a: Scizor|5
|
|upkeep
|turn|8
|
|t:|1758985617
|move|p1a: Scizor|Swords Dance|p1a: Scizor
|-boost|p1a: Scizor|atk|2
|move|p2a: Toucannon|Brave Bird|p1a: Scizor
|-damage|p1a: Scizor|5/100
|-damage|p2a: Toucannon|79/100|[from] Recoil
|
|upkeep
|turn|9
|
|t:|1758985630
|move|p1a: Scizor|Bullet Punch|p2a: Toucannon
|-damage|p2a: Toucannon|0 fnt
|faint|p2a: Toucannon
|
|upkeep
|
|t:|1758985636
|switch|p2a: Alomomola|Alomomola, F|92/100
|turn|10
|
|t:|1758985640
|-terastallize|p1a: Scizor|Electric
|move|p1a: Scizor|Tera Blast|p2a: Alomomola|[anim] Tera Blast Electric
|-supereffective|p2a: Alomomola
|-damage|p2a: Alomomola|0 fnt
|faint|p2a: Alomomola
|
|upkeep
|
|t:|1758985650
|switch|p2a: Great Tusk|Great Tusk|100/100
|-damage|p2a: Great Tusk|98/100|[from] Stealth Rock
|-enditem|p2a: Great Tusk|Booster Energy
|-activate|p2a: Great Tusk|ability: Protosynthesis|[fromitem]
|-start|p2a: Great Tusk|protosynthesisspe
|turn|11
|
|t:|1758985659
|move|p1a: Scizor|Bullet Punch|p2a: Great Tusk
|-damage|p2a: Great Tusk|57/100
|move|p2a: Great Tusk|Rapid Spin|p1a: Scizor
|-damage|p1a: Scizor|0 fnt
|-boost|p2a: Great Tusk|spe|1
|-sideend|p2: Df72|Stealth Rock|[from] move: Rapid Spin|[of] p2a: Great Tusk
|faint|p1a: Scizor
|
|upkeep
|
|t:|1758985664
|switch|p1a: Landorus|Landorus-Therian, M|42/100
|-ability|p1a: Landorus|Intimidate|boost
|-unboost|p2a: Great Tusk|atk|1
|turn|12
|
|t:|1758985677
|move|p2a: Great Tusk|Ice Spinner|p1a: Landorus
|-supereffective|p1a: Landorus
|-damage|p1a: Landorus|0 fnt
|-damage|p2a: Great Tusk|40/100|[from] item: Rocky Helmet|[of] p1a: Landorus
|faint|p1a: Landorus
|
|upkeep
|
|t:|1758985685
|switch|p1a: Pecharunt|Pecharunt|89/100
|turn|13
|
|t:|1758985689
|move|p2a: Great Tusk|Headlong Rush|p1a: Pecharunt
|-supereffective|p1a: Pecharunt
|-damage|p1a: Pecharunt|48/100
|-unboost|p2a: Great Tusk|def|1
|-unboost|p2a: Great Tusk|spd|1
|move|p1a: Pecharunt|Malignant Chain|p2a: Great Tusk
|-resisted|p2a: Great Tusk
|-damage|p2a: Great Tusk|11/100
|
|upkeep
|turn|14
|
|t:|1758985699
|switch|p1a: Latios|Latios, M|100/100
|move|p2a: Great Tusk|Stealth Rock|p1a: Latios
|-sidestart|p1: wittyphoshop|move: Stealth Rock
|
|upkeep
|turn|15
|
|t:|1758985713
|move|p2a: Great Tusk|Ice Spinner|p1a: Latios
|-supereffective|p1a: Latios
|-damage|p1a: Latios|56/100
|move|p1a: Latios|Psychic Noise|p2a: Great Tusk
|-supereffective|p2a: Great Tusk
|-damage|p2a: Great Tusk|0 fnt
|faint|p2a: Great Tusk
|-end|p2a: Great Tusk|Protosynthesis|[silent]
|
|upkeep
|
|t:|1758985722
|switch|p2a: Kingambit|Kingambit, M|100/100
|-activate|p2a: Kingambit|ability: Supreme Overlord
|-start|p2a: Kingambit|fallen3|[silent]
|turn|16
|
|t:|1758985729
|move|p1a: Latios|Recover|p1a: Latios
|-heal|p1a: Latios|100/100
|move|p2a: Kingambit|Kowtow Cleave|p1a: Latios
|-supereffective|p1a: Latios
|-damage|p1a: Latios|0 fnt
|faint|p1a: Latios
|
|upkeep
|
|t:|1758985732
|switch|p1a: Zamazenta|Zamazenta|100/100
|-damage|p1a: Zamazenta|94/100|[from] Stealth Rock
|-ability|p1a: Zamazenta|Dauntless Shield|boost
|-boost|p1a: Zamazenta|def|1
|turn|17
|
|t:|1758985754
|-end|p2a: Kingambit|fallen3|[silent]
|switch|p2a: Dragapult|Dragapult, M|100/100
|move|p1a: Zamazenta|Iron Defense|p1a: Zamazenta
|-boost|p1a: Zamazenta|def|2
|
|-heal|p1a: Zamazenta|100/100|[from] item: Leftovers
|upkeep
|turn|18
|
|t:|1758985763
|move|p2a: Dragapult|Will-O-Wisp|p1a: Zamazenta
|-status|p1a: Zamazenta|brn
|move|p1a: Zamazenta|Crunch|p2a: Dragapult
|-supereffective|p2a: Dragapult
|-damage|p2a: Dragapult|70/100
|
|-damage|p1a: Zamazenta|94/100 brn|[from] brn
|upkeep
|turn|19
|-message|wittyphoshop forfeited.
|
|win|Df72
|raw|wittyphoshop's rating: 1433 &rarr; <strong>1413</strong><br />(-20 for losing)
|raw|Df72's rating: 1427 &rarr; <strong>1447</strong><br />(+20 for winning)
|l|☆wittyphoshop
|player|p1|
|l|☆Df72
|player|p2|
