|j|☆pablo honey
|j|☆noodle10101
|t:|1759052179
|gametype|singles
|player|p1|pablo honey|lucas|1427
|player|p2|noodle10101|102|1364
|gen|9
|tier|[Gen 9] OU
|rated|
|rule|HP Percentage Mod: HP is shown in percentages
|rule|Endless Battle Clause: Forcing endless battles is banned
|rule|Species Clause: Limit one of each Pokémon
|rule|OHKO Clause: OHKO moves are banned
|rule|Evasion Items Clause: Evasion items are banned
|rule|Evasion Moves Clause: Evasion moves are banned
|rule|Evasion Abilities Clause: Evasion abilities are banned
|rule|Sleep Moves Clause: Sleep-inducing moves are banned
|clearpoke
|poke|p1|Zamazenta-*|
|poke|p1|Garganacl, M|
|poke|p1|Slowking-Galar, F|
|poke|p1|Corviknight, M|
|poke|p1|Darkrai|
|poke|p1|Dragonite, M|
|poke|p2|Glastrier|
|poke|p2|Slowking-Galar, F|
|poke|p2|Vikavolt, M|
|poke|p2|Kingambit, M|
|poke|p2|Ting-Lu|
|poke|p2|Quaquaval, F|
|teampreview
|
|t:|1759052200
|teamsize|p1|6
|teamsize|p2|6
|start
|switch|p1a: Corviknight|Corviknight, M|100/100
|switch|p2a: Vikavolt|Vikavolt, M|100/100
|-ability|p1a: Corviknight|Pressure
|turn|1
|
|t:|1759052208
|switch|p1a: Slowking|Slowking-Galar, F|100/100
|move|p2a: Vikavolt|Volt Switch|p1a: Slowking
|-damage|p1a: Slowking|61/100
|
|t:|1759052222
|switch|p2a: Ting-Lu|Ting-Lu|100/100|[from] Volt Switch
|-ability|p2a: Ting-Lu|Vessel of Ruin
|
|upkeep
|turn|2
|
|t:|1759052230
|move|p2a: Ting-Lu|Stealth Rock|p1a: Slowking
|-sidestart|p1: pablo honey|move: Stealth Rock
|-prepare|p1a: Slowking|Chilly Reception|[premajor]
|move|p1a: Slowking|Chilly Reception|p1a: Slowking
|-weather|Snowscape
|
|t:|1759052233
|switch|p1a: Corviknight|Corviknight, M|100/100|[from] Chilly Reception
|-damage|p1a: Corviknight|88/100|[from] Stealth Rock
|-ability|p1a: Corviknight|Pressure
|
|-weather|Snowscape|[upkeep]
|-heal|p1a: Corviknight|94/100|[from] item: Leftovers
|upkeep
|turn|3
|
|t:|1759052244
|move|p1a: Corviknight|U-turn|p2a: Ting-Lu
|-supereffective|p2a: Ting-Lu
|-damage|p2a: Ting-Lu|89/100
|-enditem|p2a: Ting-Lu|Red Card|[of] p1a: Corviknight
|drag|p1a: Garganacl|Garganacl, M|100/100
|-damage|p1a: Garganacl|88/100|[from] Stealth Rock
|move|p2a: Ting-Lu|Ruination|p1a: Garganacl
|-damage|p1a: Garganacl|44/100
|
|-weather|Snowscape|[upkeep]
|-heal|p1a: Garganacl|50/100|[from] item: Leftovers
|upkeep
|turn|4
|
|t:|1759052263
|switch|p2a: Quaquaval|Quaquaval, F|100/100
|move|p1a: Garganacl|Stealth Rock|p2a: Quaquaval
|-sidestart|p2: noodle10101|move: Stealth Rock
|
|-weather|Snowscape|[upkeep]
|-heal|p1a: Garganacl|57/100|[from] item: Leftovers
|upkeep
|turn|5
|
|t:|1759052273
|switch|p1a: Corviknight|Corviknight, M|94/100
|-damage|p1a: Corviknight|82/100|[from] Stealth Rock
|-ability|p1a: Corviknight|Pressure
|move|p2a: Quaquaval|Aqua Step|p1a: Corviknight
|-damage|p1a: Corviknight|59/100
|-boost|p2a: Quaquaval|spe|1
|
|-weather|Snowscape|[upkeep]
|-heal|p1a: Corviknight|65/100|[from] item: Leftovers
|upkeep
|turn|6
|
|t:|1759052285
|move|p2a: Quaquaval|Rapid Spin|p1a: Corviknight
|-resisted|p1a: Corviknight
|-damage|p1a: Corviknight|60/100
|-boost|p2a: Quaquaval|spe|1
|-sideend|p2: noodle10101|Stealth Rock|[from] move: Rapid Spin|[of] p2a: Quaquaval
|move|p1a: Corviknight|Brave Bird|p2a: Quaquaval
|-supereffective|p2a: Quaquaval
|-damage|p2a: Quaquaval|8/100
|-damage|p1a: Corviknight|36/100|[from] Recoil
|
|-weather|none
|-heal|p2a: Quaquaval|14/100|[from] item: Leftovers
|-heal|p1a: Corviknight|42/100|[from] item: Leftovers
|upkeep
|turn|7
|
|t:|1759052298
|move|p2a: Quaquaval|Aqua Step|p1a: Corviknight
|-damage|p1a: Corviknight|18/100
|-boost|p2a: Quaquaval|spe|1
|move|p1a: Corviknight|Roost|p1a: Corviknight
|-heal|p1a: Corviknight|68/100
|-singleturn|p1a: Corviknight|move: Roost
|
|-heal|p2a: Quaquaval|20/100|[from] item: Leftovers
|-heal|p1a: Corviknight|74/100|[from] item: Leftovers
|upkeep
|turn|8
|
|t:|1759052310
|switch|p2a: Glastrier|Glastrier|100/100
|move|p1a: Corviknight|Brave Bird|p2a: Glastrier
|-damage|p2a: Glastrier|74/100
|-damage|p1a: Corviknight|65/100|[from] Recoil
|
|-heal|p1a: Corviknight|71/100|[from] item: Leftovers
|upkeep
|turn|9
|
|t:|1759052319
|move|p1a: Corviknight|Defog|p2a: Glastrier
|-unboost|p2a: Glastrier|evasion|1
|-sideend|p1: pablo honey|Stealth Rock|[from] move: Defog|[of] p1a: Corviknight
|move|p2a: Glastrier|Iron Defense|p2a: Glastrier
|-boost|p2a: Glastrier|def|2
|
|-heal|p1a: Corviknight|77/100|[from] item: Leftovers
|upkeep
|turn|10
|
|t:|1759052329
|move|p1a: Corviknight|U-turn|p2a: Glastrier
|-damage|p2a: Glastrier|69/100
|
|t:|1759052335
|switch|p1a: Darkrai|Darkrai|100/100|[from] U-turn
|move|p2a: Glastrier|Avalanche|p1a: Darkrai
|-damage|p1a: Darkrai|60/100
|
|-heal|p1a: Darkrai|66/100|[from] item: Leftovers
|upkeep
|turn|11
|
|t:|1759052355
|switch|p2a: Quaquaval|Quaquaval, F|20/100
|move|p1a: Darkrai|Dark Pulse|p2a: Quaquaval
|-resisted|p2a: Quaquaval
|-damage|p2a: Quaquaval|0 fnt
|faint|p2a: Quaquaval
|
|-heal|p1a: Darkrai|72/100|[from] item: Leftovers
|upkeep
|
|t:|1759052365
|switch|p2a: Ting-Lu|Ting-Lu|89/100
|-ability|p2a: Ting-Lu|Vessel of Ruin
|turn|12
|
|t:|1759052374
|switch|p1a: Corviknight|Corviknight, M|77/100
|-ability|p1a: Corviknight|Pressure
|move|p2a: Ting-Lu|Stealth Rock|p1a: Corviknight
|-sidestart|p1: pablo honey|move: Stealth Rock
|
|-heal|p1a: Corviknight|83/100|[from] item: Leftovers
|upkeep
|turn|13
|
|t:|1759052384
|switch|p2a: Glastrier|Glastrier|69/100
|move|p1a: Corviknight|U-turn|p2a: Glastrier
|-damage|p2a: Glastrier|60/100
|
|t:|1759052388
|switch|p1a: Zamazenta|Zamazenta|100/100|[from] U-turn
|-ability|p1a: Zamazenta|Dauntless Shield|boost
|-boost|p1a: Zamazenta|def|1
|
|upkeep
|turn|14
|
|t:|1759052396
|-terastallize|p2a: Glastrier|Electric
|move|p1a: Zamazenta|Close Combat|p2a: Glastrier
|-damage|p2a: Glastrier|18/100
|-unboost|p1a: Zamazenta|def|1
|-unboost|p1a: Zamazenta|spd|1
|move|p2a: Glastrier|Iron Defense|p2a: Glastrier
|-boost|p2a: Glastrier|def|2
|
|upkeep
|turn|15
|
|t:|1759052405
|move|p1a: Zamazenta|Close Combat|p2a: Glastrier
|-damage|p2a: Glastrier|0 fnt
|-unboost|p1a: Zamazenta|def|1
|-unboost|p1a: Zamazenta|spd|1
|faint|p2a: Glastrier
|
|upkeep
|
|t:|1759052414
|switch|p2a: Vikavolt|Vikavolt, M|100/100
|turn|16
|
|t:|1759052420
|switch|p1a: Slowking|Slowking-Galar, F|95/100
|move|p2a: Vikavolt|Thunderbolt|p1a: Slowking
|-damage|p1a: Slowking|49/100
|
|upkeep
|turn|17
|
|t:|1759052429
|move|p2a: Vikavolt|Thunderbolt|p1a: Slowking
|-damage|p1a: Slowking|2/100
|-prepare|p1a: Slowking|Chilly Reception|[premajor]
|move|p1a: Slowking|Chilly Reception|p1a: Slowking
|-weather|Snowscape
|
|t:|1759052451
|switch|p1a: Zamazenta|Zamazenta|100/100|[from] Chilly Reception
|
|-weather|Snowscape|[upkeep]
|upkeep
|turn|18
|
|t:|1759052457
|move|p1a: Zamazenta|Stone Edge|p2a: Vikavolt
|-supereffective|p2a: Vikavolt
|-crit|p2a: Vikavolt
|-damage|p2a: Vikavolt|6/100
|move|p2a: Vikavolt|Thunderbolt|p1a: Zamazenta
|-damage|p1a: Zamazenta|28/100
|
|-weather|Snowscape|[upkeep]
|upkeep
|turn|19
|
|t:|1759052468
|move|p1a: Zamazenta|Crunch|p2a: Vikavolt
|-damage|p2a: Vikavolt|0 fnt
|faint|p2a: Vikavolt
|
|-weather|Snowscape|[upkeep]
|upkeep
|
|t:|1759052477
|switch|p2a: Slowking|Slowking-Galar, F|100/100
|turn|20
|
|t:|1759052485
|switch|p1a: Dragonite|Dragonite, M|100/100
|move|p2a: Slowking|Trick Room|p2a: Slowking
|-fieldstart|move: Trick Room|[of] p2a: Slowking
|
|-weather|Snowscape|[upkeep]
|upkeep
|turn|21
|
|t:|1759052497
|switch|p2a: Kingambit|Kingambit, M|100/100
|-activate|p2a: Kingambit|ability: Supreme Overlord
|-start|p2a: Kingambit|fallen3|[silent]
|switch|p1a: Darkrai|Darkrai|72/100
|-damage|p1a: Darkrai|60/100|[from] Stealth Rock
|
|-weather|none
|-heal|p1a: Darkrai|66/100|[from] item: Leftovers
|upkeep
|turn|22
|
|t:|1759052509
|switch|p1a: Corviknight|Corviknight, M|83/100
|-damage|p1a: Corviknight|71/100|[from] Stealth Rock
|-ability|p1a: Corviknight|Pressure
|move|p2a: Kingambit|Iron Head|p1a: Corviknight
|-resisted|p1a: Corviknight
|-damage|p1a: Corviknight|53/100
|
|-heal|p1a: Corviknight|59/100|[from] item: Leftovers
|upkeep
|turn|23
|
|t:|1759052520
|move|p2a: Kingambit|Swords Dance|p2a: Kingambit
|-boost|p2a: Kingambit|atk|2
|move|p1a: Corviknight|Roost|p1a: Corviknight
|-heal|p1a: Corviknight|100/100
|-singleturn|p1a: Corviknight|move: Roost
|
|upkeep
|turn|24
|
|t:|1759052528
|move|p2a: Kingambit|Kowtow Cleave|p1a: Corviknight
|-damage|p1a: Corviknight|22/100
|move|p1a: Corviknight|Defog|p2a: Kingambit
|-unboost|p2a: Kingambit|evasion|1
|-sideend|p1: pablo honey|Stealth Rock|[from] move: Defog|[of] p1a: Corviknight
|
|-heal|p1a: Corviknight|28/100|[from] item: Leftovers
|-fieldend|move: Trick Room
|upkeep
|turn|25
|
|t:|1759052541
|move|p1a: Corviknight|U-turn|p2a: Kingambit
|-damage|p2a: Kingambit|90/100
|
|t:|1759052547
|switch|p1a: Slowking|Slowking-Galar, F|35/100|[from] U-turn
|move|p2a: Kingambit|Kowtow Cleave|p1a: Slowking
|-supereffective|p1a: Slowking
|-damage|p1a: Slowking|0 fnt
|faint|p1a: Slowking
|
|-heal|p2a: Kingambit|96/100|[from] item: Leftovers
|upkeep
|
|t:|1759052558
|switch|p1a: Dragonite|Dragonite, M|100/100
|turn|26
|
|t:|1759052573
|move|p1a: Dragonite|Earthquake|p2a: Kingambit
|-supereffective|p2a: Kingambit
|-damage|p2a: Kingambit|39/100
|move|p2a: Kingambit|Kowtow Cleave|p1a: Dragonite
|-damage|p1a: Dragonite|33/100
|
|-heal|p2a: Kingambit|45/100|[from] item: Leftovers
|upkeep
|turn|27
|
|t:|1759052585
|move|p2a: Kingambit|Sucker Punch||[still]
|-fail|p2a: Kingambit
|move|p1a: Dragonite|Dragon Dance|p1a: Dragonite
|-boost|p1a: Dragonite|atk|1
|-boost|p1a: Dragonite|spe|1
|
|-heal|p2a: Kingambit|51/100|[from] item: Leftovers
|upkeep
|turn|28
|
|t:|1759052594
|move|p1a: Dragonite|Extreme Speed|p2a: Kingambit
|-resisted|p2a: Kingambit
|-damage|p2a: Kingambit|33/100
|move|p2a: Kingambit|Sucker Punch||[still]
|-fail|p2a: Kingambit
|
|-heal|p2a: Kingambit|39/100|[from] item: Leftovers
|upkeep
|turn|29
|
|t:|1759052603
|move|p2a: Kingambit|Sucker Punch|p1a: Dragonite
|-damage|p1a: Dragonite|0 fnt
|faint|p1a: Dragonite
|
|-heal|p2a: Kingambit|45/100|[from] item: Leftovers
|upkeep
|
|t:|1759052609
|switch|p1a: Corviknight|Corviknight, M|28/100
|-ability|p1a: Corviknight|Pressure
|turn|30
|
|t:|1759052615
|move|p1a: Corviknight|Roost|p1a: Corviknight
|-heal|p1a: Corviknight|78/100
|-singleturn|p1a: Corviknight|move: Roost
|move|p2a: Kingambit|Kowtow Cleave|p1a: Corviknight
|-damage|p1a: Corviknight|0 fnt
|faint|p1a: Corviknight
|
|-heal|p2a: Kingambit|51/100|[from] item: Leftovers
|upkeep
|
|t:|1759052618
|switch|p1a: Zamazenta|Zamazenta|28/100
|turn|31
|
|t:|1759052628
|-terastallize|p1a: Zamazenta|Dark
|move|p2a: Kingambit|Sucker Punch|p1a: Zamazenta
|-resisted|p1a: Zamazenta
|-damage|p1a: Zamazenta|0 fnt
|faint|p1a: Zamazenta
|
|-heal|p2a: Kingambit|58/100|[from] item: Leftovers
|upkeep
|
|t:|1759052631
|switch|p1a: Darkrai|Darkrai|66/100
|turn|32
|
|t:|1759052638
|move|p2a: Kingambit|Sucker Punch|p1a: Darkrai
|-resisted|p1a: Darkrai
|-damage|p1a: Darkrai|0 fnt
|faint|p1a: Darkrai
|
|-heal|p2a: Kingambit|64/100|[from] item: Leftovers
|upkeep
|
|t:|1759052641
|switch|p1a: Garganacl|Garganacl, M|57/100
|turn|33
|
|t:|1759052647
|move|p1a: Garganacl|Recover|p1a: Garganacl
|-heal|p1a: Garganacl|100/100
|move|p2a: Kingambit|Iron Head|p1a: Garganacl
|-supereffective|p1a: Garganacl
|-damage|p1a: Garganacl|0 fnt
|faint|p1a: Garganacl
|
|win|noodle10101
|raw|pablo honey's rating: 1427 &rarr; <strong>1403</strong><br />(-24 for losing)
|raw|noodle10101's rating: 1364 &rarr; <strong>1388</strong><br />(+24 for winning)
|l|☆noodle10101
|player|p2|
