|j|☆eeabdall
|j|☆12345q
|t:|1758992627
|gametype|singles
|player|p1|eeabdall|266|1096
|player|p2|12345q|archer|1140
|gen|9
|tier|[Gen 9] OU
|rated|
|rule|HP Percentage Mod: HP is shown in percentages
|rule|Endless Battle Clause: Forcing endless battles is banned
|rule|Species Clause: Limit one of each Pokémon
|rule|OHKO Clause: OHKO moves are banned
|rule|Evasion Items Clause: Evasion items are banned
|rule|Evasion Moves Clause: Evasion moves are banned
|rule|Evasion Abilities Clause: Evasion abilities are banned
|rule|Sleep Moves Clause: Sleep-inducing moves are banned
|clearpoke
|poke|p1|Hypno, F|
|poke|p1|Ribombee, F|
|poke|p1|Goodra, M|
|poke|p1|Delphox, F|
|poke|p1|Vaporeon, M|
|poke|p1|Sandslash, M|
|poke|p2|Excadrill, F|
|poke|p2|Scizor, F|
|poke|p2|Crawdaunt, F|
|poke|p2|Muk-Alola, M|
|poke|p2|Magnezone|
|poke|p2|Weavile, M|
|teampreview
|inactive|Battle timer is ON: inactive players will automatically lose when time's up. (requested by eeabdall)
|
|t:|1758992634
|teamsize|p1|6
|teamsize|p2|6
|start
|switch|p1a: Sandslash|Sandslash, M|100/100
|switch|p2a: Excadrill|Excadrill, F|100/100
|-ability|p2a: Excadrill|Mold Breaker
|turn|1
|
|t:|1758992644
|move|p2a: Excadrill|Iron Head|p1a: Sandslash
|-damage|p1a: Sandslash|62/100
|move|p1a: Sandslash|Stealth Rock|p2a: Excadrill
|-sidestart|p2: 12345q|move: Stealth Rock
|
|upkeep
|turn|2
|
|t:|1758992650
|move|p2a: Excadrill|Rapid Spin|p1a: Sandslash
|-damage|p1a: Sandslash|46/100
|-boost|p2a: Excadrill|spe|1
|-sideend|p2: 12345q|Stealth Rock|[from] move: Rapid Spin|[of] p2a: Excadrill
|move|p1a: Sandslash|Spikes|p2a: Excadrill
|-sidestart|p2: 12345q|Spikes
|
|upkeep
|turn|3
|
|t:|1758992656
|move|p2a: Excadrill|Rapid Spin|p1a: Sandslash
|-crit|p1a: Sandslash
|-damage|p1a: Sandslash|24/100
|-boost|p2a: Excadrill|spe|1
|-sideend|p2: 12345q|Spikes|[from] move: Rapid Spin|[of] p2a: Excadrill
|-enditem|p1a: Sandslash|Aguav Berry|[eat]
|-heal|p1a: Sandslash|57/100|[from] item: Aguav Berry
|move|p1a: Sandslash|Earthquake|p2a: Excadrill
|-supereffective|p2a: Excadrill
|-damage|p2a: Excadrill|1/100
|
|-heal|p2a: Excadrill|8/100|[from] item: Leftovers
|upkeep
|turn|4
|
|t:|1758992667
|move|p2a: Excadrill|Iron Head|p1a: Sandslash
|-damage|p1a: Sandslash|23/100
|cant|p1a: Sandslash|flinch
|
|-heal|p2a: Excadrill|14/100|[from] item: Leftovers
|upkeep
|turn|5
|
|t:|1758992674
|move|p2a: Excadrill|Iron Head|p1a: Sandslash
|-damage|p1a: Sandslash|0 fnt
|faint|p1a: Sandslash
|
|-heal|p2a: Excadrill|20/100|[from] item: Leftovers
|upkeep
|
|t:|1758992679
|switch|p1a: Ribombee|Ribombee, F|100/100
|turn|6
|
|t:|1758992685
|move|p2a: Excadrill|Iron Head|p1a: Ribombee
|-supereffective|p1a: Ribombee
|-enditem|p1a: Ribombee|Focus Sash
|-damage|p1a: Ribombee|1/100
|move|p1a: Ribombee|Draining Kiss|p2a: Excadrill
|-resisted|p2a: Excadrill
|-damage|p2a: Excadrill|7/100
|-heal|p1a: Ribombee|13/100|[from] drain|[of] p2a: Excadrill
|
|-heal|p2a: Excadrill|13/100|[from] item: Leftovers
|upkeep
|turn|7
|
|t:|1758992695
|move|p2a: Excadrill|Iron Head|p1a: Ribombee
|-supereffective|p1a: Ribombee
|-damage|p1a: Ribombee|0 fnt
|faint|p1a: Ribombee
|
|-heal|p2a: Excadrill|19/100|[from] item: Leftovers
|upkeep
|
|t:|1758992701
|switch|p1a: Delphox|Delphox, F|100/100
|turn|8
|
|t:|1758992705
|move|p2a: Excadrill|Earthquake|p1a: Delphox
|-supereffective|p1a: Delphox
|-enditem|p1a: Delphox|Focus Sash
|-damage|p1a: Delphox|1/100
|move|p1a: Delphox|Flamethrower|p2a: Excadrill
|-supereffective|p2a: Excadrill
|-damage|p2a: Excadrill|0 fnt
|faint|p2a: Excadrill
|-item|p1a: Delphox|Leftovers|[from] ability: Magician|[of] p2: Excadrill
|
|-heal|p1a: Delphox|7/100|[from] item: Leftovers
|upkeep
|
|t:|1758992719
|switch|p2a: Weavile|Weavile, M|100/100
|turn|9
|
|t:|1758992723
|move|p2a: Weavile|Knock Off|p1a: Delphox
|-supereffective|p1a: Delphox
|-damage|p1a: Delphox|0 fnt
|-enditem|p1a: Delphox|Leftovers|[from] move: Knock Off|[of] p2a: Weavile
|faint|p1a: Delphox
|-damage|p2a: Weavile|91/100|[from] item: Life Orb
|
|upkeep
|
|t:|1758992730
|switch|p1a: Goodra|Goodra, M|100/100
|turn|10
|
|t:|1758992735
|move|p2a: Weavile|Knock Off|p1a: Goodra
|-damage|p1a: Goodra|28/100
|-ability|p1a: Goodra|Gooey
|-unboost|p2a: Weavile|spe|1
|-enditem|p1a: Goodra|Leftovers|[from] move: Knock Off|[of] p2a: Weavile
|-damage|p2a: Weavile|81/100|[from] item: Life Orb
|move|p1a: Goodra|Toxic|p2a: Weavile
|-status|p2a: Weavile|tox
|
|-damage|p2a: Weavile|75/100 tox|[from] psn
|upkeep
|turn|11
|
|t:|1758992747
|switch|p1a: Vaporeon|Vaporeon, M|100/100
|move|p2a: Weavile|Knock Off|p1a: Vaporeon
|-damage|p1a: Vaporeon|53/100
|-enditem|p1a: Vaporeon|Leftovers|[from] move: Knock Off|[of] p2a: Weavile
|-damage|p2a: Weavile|65/100 tox|[from] item: Life Orb
|
|-damage|p2a: Weavile|52/100 tox|[from] psn
|upkeep
|turn|12
|
|t:|1758992757
|move|p1a: Vaporeon|Protect|p1a: Vaporeon
|-singleturn|p1a: Vaporeon|Protect
|move|p2a: Weavile|Knock Off|p1a: Vaporeon
|-activate|p1a: Vaporeon|move: Protect
|
|-damage|p2a: Weavile|34/100 tox|[from] psn
|upkeep
|turn|13
|
|t:|1758992765
|move|p2a: Weavile|Poison Jab|p1a: Vaporeon
|-damage|p1a: Vaporeon|28/100
|-status|p1a: Vaporeon|psn
|-damage|p2a: Weavile|24/100 tox|[from] item: Life Orb
|move|p1a: Vaporeon|Aqua Ring|p1a: Vaporeon
|-start|p1a: Vaporeon|Aqua Ring
|
|-heal|p1a: Vaporeon|34/100 psn|[from] Aqua Ring
|-damage|p2a: Weavile|0 fnt|[from] psn
|faint|p2a: Weavile
|-damage|p1a: Vaporeon|21/100 psn|[from] psn
|upkeep
|
|t:|1758992777
|switch|p2a: Magnezone|Magnezone|100/100
|turn|14
|
|t:|1758992781
|move|p2a: Magnezone|Volt Switch|p1a: Vaporeon
|-supereffective|p1a: Vaporeon
|-damage|p1a: Vaporeon|0 fnt
|faint|p1a: Vaporeon
|
|t:|1758992787
|switch|p2a: Muk|Muk-Alola, M|100/100|[from] Volt Switch
|
|upkeep
|l|☆eeabdall
|inactive|eeabdall disconnected and has a minute to reconnect!
|player|p1|
|c|☆12345q|啊啊啊啊
|inactive|eeabdall has 30 seconds to reconnect!
|inactive|eeabdall has 20 seconds to reconnect!
|inactive|eeabdall has 15 seconds to reconnect!
|inactive|eeabdall has 10 seconds to reconnect!
|inactive|eeabdall has 5 seconds to reconnect!
|-message|eeabdall lost due to inactivity.
|
|win|12345q
|raw|eeabdall's rating: 1096 &rarr; <strong>1075</strong><br />(-21 for losing)
|raw|12345q's rating: 1140 &rarr; <strong>1162</strong><br />(+22 for winning)
|l|☆12345q
|player|p2|
