|j|☆YukiTheKnowerO
|j|☆Noah key
|t:|1759009930
|gametype|singles
|player|p1|YukiTheKnowerO|rosa|1342
|player|p2|Noah key|clerkf|1370
|gen|9
|tier|[Gen 9] OU
|rated|
|rule|HP Percentage Mod: HP is shown in percentages
|rule|Endless Battle Clause: Forcing endless battles is banned
|rule|Species Clause: Limit one of each Pokémon
|rule|OHKO Clause: OHKO moves are banned
|rule|Evasion Items Clause: Evasion items are banned
|rule|Evasion Moves Clause: Evasion moves are banned
|rule|Evasion Abilities Clause: Evasion abilities are banned
|rule|Sleep Moves Clause: Sleep-inducing moves are banned
|clearpoke
|poke|p1|Hatterene, F|
|poke|p1|Meowscarada, F|
|poke|p1|Raging Bolt|
|poke|p1|Pecharunt|
|poke|p1|Landorus-Therian, M|
|poke|p1|Zamazenta-*|
|poke|p2|Staraptor, F|
|poke|p2|Arcanine-Hisui, F|
|poke|p2|Araquanid, F|
|poke|p2|Gholdengo|
|poke|p2|Kingambit, F|
|poke|p2|Cryogonal|
|teampreview
|inactive|Battle timer is ON: inactive players will automatically lose when time's up. (requested by Noah key)
|
|t:|1759009943
|teamsize|p1|6
|teamsize|p2|6
|start
|switch|p1a: Landorus|Landorus-Therian, M|100/100
|switch|p2a: Arcanine|Arcanine-Hisui, F|100/100
|-ability|p1a: Landorus|Intimidate|boost
|-unboost|p2a: Arcanine|atk|1
|turn|1
|
|t:|1759009951
|switch|p2a: Araquanid|Araquanid, F|100/100
|move|p1a: Landorus|Earthquake|p2a: Araquanid
|-resisted|p2a: Araquanid
|-damage|p2a: Araquanid|76/100
|
|upkeep
|turn|2
|
|t:|1759009956
|move|p1a: Landorus|U-turn|p2a: Araquanid
|-damage|p2a: Araquanid|54/100
|
|t:|1759009958
|switch|p1a: Hatterene|Hatterene, F|100/100|[from] U-turn
|move|p2a: Araquanid|Sticky Web|p1a: Hatterene
|move|p1a: Hatterene|Sticky Web|p2a: Araquanid|[from] ability: Magic Bounce
|-sidestart|p2: Noah key|move: Sticky Web
|
|upkeep
|turn|3
|
|t:|1759009962
|move|p1a: Hatterene|Psyshock|p2a: Araquanid
|-damage|p2a: Araquanid|6/100
|move|p2a: Araquanid|Mirror Coat|p1a: Hatterene
|-damage|p1a: Hatterene|0 fnt
|faint|p1a: Hatterene
|
|upkeep
|
|t:|1759009970
|switch|p1a: Meowscarada|Meowscarada, F, shiny|100/100
|turn|4
|
|t:|1759009972
|move|p1a: Meowscarada|U-turn|p2a: Araquanid
|-start|p1a: Meowscarada|typechange|Bug|[from] ability: Protean
|-damage|p2a: Araquanid|0 fnt
|faint|p2a: Araquanid
|
|t:|1759010001
|switch|p1a: Zamazenta|Zamazenta|100/100|[from] U-turn
|-ability|p1a: Zamazenta|Dauntless Shield|boost
|-boost|p1a: Zamazenta|def|1
|
|upkeep
|
|t:|1759010007
|switch|p2a: Cryogonal|Cryogonal|100/100
|turn|5
|
|t:|1759010015
|move|p1a: Zamazenta|Close Combat|p2a: Cryogonal
|-supereffective|p2a: Cryogonal
|-damage|p2a: Cryogonal|0 fnt
|-unboost|p1a: Zamazenta|def|1
|-unboost|p1a: Zamazenta|spd|1
|faint|p2a: Cryogonal
|
|upkeep
|
|t:|1759010026
|switch|p2a: Staraptor|Staraptor, F|100/100
|turn|6
|l|☆YukiTheKnowerO
|inactive|YukiTheKnowerO disconnected and has a minute to reconnect!
|player|p1|
|inactive|YukiTheKnowerO has 30 seconds to reconnect!
|j|☆YukiTheKnowerO
|inactive|YukiTheKnowerO reconnected and has 100 seconds left.
|player|p1|YukiTheKnowerO|rosa|
|
|t:|1759010081
|move|p2a: Staraptor|U-turn|p1a: Zamazenta
|-resisted|p1a: Zamazenta
|-damage|p1a: Zamazenta|88/100
|
|t:|1759010088
|switch|p2a: Gholdengo|Gholdengo|100/100|[from] U-turn
|-activate|p2a: Gholdengo|move: Sticky Web
|-unboost|p2a: Gholdengo|spe|1
|move|p1a: Zamazenta|Stone Edge|p2a: Gholdengo
|-resisted|p2a: Gholdengo
|-damage|p2a: Gholdengo|83/100
|
|upkeep
|turn|7
|
|t:|1759010097
|move|p1a: Zamazenta|Crunch|p2a: Gholdengo
|-supereffective|p2a: Gholdengo
|-damage|p2a: Gholdengo|16/100
|move|p2a: Gholdengo|Dazzling Gleam|p1a: Zamazenta
|-supereffective|p1a: Zamazenta
|-damage|p1a: Zamazenta|5/100
|
|upkeep
|turn|8
|
|t:|1759010104
|move|p1a: Zamazenta|Crunch|p2a: Gholdengo
|-supereffective|p2a: Gholdengo
|-damage|p2a: Gholdengo|0 fnt
|faint|p2a: Gholdengo
|
|upkeep
|
|t:|1759010106
|switch|p2a: Arcanine|Arcanine-Hisui, F|100/100
|-activate|p2a: Arcanine|move: Sticky Web
|-unboost|p2a: Arcanine|spe|1
|turn|9
|
|t:|1759010110
|switch|p1a: Pecharunt|Pecharunt|100/100
|move|p2a: Arcanine|Extreme Speed|p1a: Pecharunt
|-immune|p1a: Pecharunt
|
|upkeep
|turn|10
|
|t:|1759010118
|move|p1a: Pecharunt|Parting Shot|p2a: Arcanine
|-unboost|p2a: Arcanine|atk|1
|-unboost|p2a: Arcanine|spa|1
|
|t:|1759010122
|switch|p1a: Landorus|Landorus-Therian, M|100/100|[from] Parting Shot
|-ability|p1a: Landorus|Intimidate|boost
|-unboost|p2a: Arcanine|atk|1
|move|p2a: Arcanine|Flare Blitz|p1a: Landorus
|-damage|p1a: Landorus|67/100
|-damage|p2a: Arcanine|84/100|[from] item: Rocky Helmet|[of] p1a: Landorus
|-damage|p2a: Arcanine|74/100|[from] item: Life Orb
|
|upkeep
|turn|11
|
|t:|1759010130
|switch|p2a: Staraptor|Staraptor, F|100/100
|move|p1a: Landorus|Stealth Rock|p2a: Staraptor
|-sidestart|p2: Noah key|move: Stealth Rock
|
|upkeep
|turn|12
|
|t:|1759010138
|switch|p1a: Zamazenta|Zamazenta|5/100
|move|p2a: Staraptor|Brave Bird|p1a: Zamazenta
|-supereffective|p1a: Zamazenta
|-damage|p1a: Zamazenta|0 fnt
|faint|p1a: Zamazenta
|-damage|p2a: Staraptor|99/100|[from] Recoil
|
|upkeep
|
|t:|1759010140
|switch|p1a: Meowscarada|Meowscarada, F, shiny|100/100
|turn|13
|
|t:|1759010145
|move|p1a: Meowscarada|Triple Axel|p2a: Staraptor
|-start|p1a: Meowscarada|typechange|Ice|[from] ability: Protean
|-supereffective|p2a: Staraptor
|-damage|p2a: Staraptor|72/100
|-hitcount|p2a: Staraptor|1
|move|p2a: Staraptor|Brave Bird|p1a: Meowscarada
|-damage|p1a: Meowscarada|0 fnt
|faint|p1a: Meowscarada
|-damage|p2a: Staraptor|41/100|[from] Recoil
|
|upkeep
|
|t:|1759010157
|switch|p1a: Raging Bolt|Raging Bolt|100/100
|turn|14
|
|t:|1759010160
|switch|p2a: Arcanine|Arcanine-Hisui, F|74/100
|-activate|p2a: Arcanine|move: Sticky Web
|-unboost|p2a: Arcanine|spe|1
|-damage|p2a: Arcanine|49/100|[from] Stealth Rock
|move|p1a: Raging Bolt|Thunderbolt|p2a: Arcanine
|-damage|p2a: Arcanine|0 fnt
|faint|p2a: Arcanine
|
|upkeep
|
|t:|1759010162
|switch|p2a: Staraptor|Staraptor, F|41/100
|-damage|p2a: Staraptor|16/100|[from] Stealth Rock
|turn|15
|
|t:|1759010166
|-end|p1a: Raging Bolt|Protosynthesis|[silent]
|switch|p1a: Landorus|Landorus-Therian, M|67/100
|-ability|p1a: Landorus|Intimidate|boost
|-unboost|p2a: Staraptor|atk|1
|move|p2a: Staraptor|Brave Bird|p1a: Landorus
|-damage|p1a: Landorus|14/100
|-damage|p2a: Staraptor|0 fnt|[from] item: Rocky Helmet|[of] p1a: Landorus
|faint|p2a: Staraptor
|
|upkeep
|
|t:|1759010168
|switch|p2a: Kingambit|Kingambit, F|100/100
|-activate|p2a: Kingambit|move: Sticky Web
|-unboost|p2a: Kingambit|spe|1
|-damage|p2a: Kingambit|94/100|[from] Stealth Rock
|-activate|p2a: Kingambit|ability: Supreme Overlord
|-start|p2a: Kingambit|fallen5|[silent]
|turn|16
|
|t:|1759010175
|-terastallize|p2a: Kingambit|Flying
|move|p1a: Landorus|Earthquake|p2a: Kingambit
|-immune|p2a: Kingambit
|move|p2a: Kingambit|Swords Dance|p2a: Kingambit
|-boost|p2a: Kingambit|atk|2
|
|upkeep
|turn|17
|
|t:|1759010180
|move|p2a: Kingambit|Sucker Punch|p1a: Landorus
|-damage|p1a: Landorus|0 fnt
|-damage|p2a: Kingambit|78/100|[from] item: Rocky Helmet|[of] p1a: Landorus
|faint|p1a: Landorus
|-damage|p2a: Kingambit|68/100|[from] item: Life Orb
|
|upkeep
|
|t:|1759010182
|switch|p1a: Raging Bolt|Raging Bolt|100/100
|turn|18
|
|t:|1759010185
|move|p1a: Raging Bolt|Thunderclap|p2a: Kingambit
|-supereffective|p2a: Kingambit
|-damage|p2a: Kingambit|0 fnt
|faint|p2a: Kingambit
|-end|p2a: Kingambit|fallen5|[silent]
|
|win|YukiTheKnowerO
|raw|YukiTheKnowerO's rating: 1342 &rarr; <strong>1364</strong><br />(+22 for winning)
|raw|Noah key's rating: 1370 &rarr; <strong>1348</strong><br />(-22 for losing)
|l|☆Noah key
|player|p2|
|l|☆YukiTheKnowerO
|player|p1|
