|badge|p2|silver|gen9randombattle|30-6
|uhtml|medal-msg|<div class="broadcast-blue">Curious what those medals under the avatar are? PS now has Ladder Seasons! For more information, check out the <a href="https://www.smogon.com/forums/threads/3740067/">thread on Smogon.</a></div>
|j|☆Gulptubus
|j|☆LordST
|t:|1759034650
|gametype|singles
|player|p1|Gulptubus|pokemonranger-gen4|1481
|player|p2|LordST|#pu|1476
|gen|9
|tier|[Gen 9] OU
|rated|
|rule|HP Percentage Mod: HP is shown in percentages
|rule|Endless Battle Clause: Forcing endless battles is banned
|rule|Species Clause: Limit one of each Pokémon
|rule|OHKO Clause: OHKO moves are banned
|rule|Evasion Items Clause: Evasion items are banned
|rule|Evasion Moves Clause: Evasion moves are banned
|rule|Evasion Abilities Clause: Evasion abilities are banned
|rule|Sleep Moves Clause: Sleep-inducing moves are banned
|clearpoke
|poke|p1|Garchomp, M|
|poke|p1|Gliscor, M|
|poke|p1|Heatran, F|
|poke|p1|Sinistcha-Masterpiece|
|poke|p1|Darkrai|
|poke|p1|Clodsire, M|
|poke|p2|Samurott-Hisui, F|
|poke|p2|Iron Treads|
|poke|p2|Iron Valiant|
|poke|p2|Volcanion|
|poke|p2|Gholdengo|
|poke|p2|Tornadus-Therian, M|
|teampreview
|inactive|Battle timer is ON: inactive players will automatically lose when time's up. (requested by LordST)
|
|t:|1759034699
|teamsize|p1|6
|teamsize|p2|6
|start
|switch|p1a: Garchomp|Garchomp, M|100/100
|switch|p2a: Tornadus|Tornadus-Therian, M|100/100
|turn|1
|
|t:|1759034726
|switch|p1a: Heatran|Heatran, F|100/100
|move|p2a: Tornadus|Taunt|p1a: Heatran
|-start|p1a: Heatran|move: Taunt
|
|upkeep
|turn|2
|inactive|Gulptubus has 120 seconds left.
|
|t:|1759034772
|move|p2a: Tornadus|Knock Off|p1a: Heatran
|-damage|p1a: Heatran|83/100
|-enditem|p1a: Heatran|Leftovers|[from] move: Knock Off|[of] p2a: Tornadus
|move|p1a: Heatran|Magma Storm|p2a: Tornadus
|-damage|p2a: Tornadus|58/100
|-activate|p2a: Tornadus|move: Magma Storm|[of] p1a: Heatran
|
|-damage|p2a: Tornadus|46/100|[from] move: Magma Storm|[partiallytrapped]
|upkeep
|turn|3
|inactive|LordST has 120 seconds left.
|inactive|LordST has 90 seconds left.
|inactive|LordST has 60 seconds left.
|
|t:|1759034878
|move|p2a: Tornadus|U-turn|p1a: Heatran
|-resisted|p1a: Heatran
|-damage|p1a: Heatran|80/100
|inactive|LordST has 30 seconds left.
|
|t:|1759034893
|switch|p2a: Volcanion|Volcanion|100/100|[from] U-turn
|move|p1a: Heatran|Magma Storm|p2a: Volcanion|[miss]
|-miss|p1a: Heatran|p2a: Volcanion
|
|-end|p1a: Heatran|move: Taunt
|upkeep
|turn|4
|inactive|Gulptubus has 120 seconds left.
|
|t:|1759034914
|move|p1a: Heatran|Protect|p1a: Heatran
|-singleturn|p1a: Heatran|Protect
|move|p2a: Volcanion|Steam Eruption|p1a: Heatran
|-activate|p1a: Heatran|move: Protect
|
|upkeep
|turn|5
|inactive|LordST has 30 seconds left.
|
|t:|1759034933
|switch|p1a: Clodsire|Clodsire, M|100/100
|move|p2a: Volcanion|Steam Eruption|p1a: Clodsire
|-immune|p1a: Clodsire|[from] ability: Water Absorb
|
|upkeep
|turn|6
|inactive|LordST has 30 seconds left.
|
|t:|1759034943
|switch|p2a: Iron Treads|Iron Treads|100/100
|-item|p2a: Iron Treads|Air Balloon
|move|p1a: Clodsire|Toxic Spikes|p2a: Iron Treads
|-sidestart|p2: LordST|move: Toxic Spikes
|
|upkeep
|turn|7
|
|t:|1759034950
|move|p1a: Clodsire|Protect|p1a: Clodsire
|-singleturn|p1a: Clodsire|Protect
|move|p2a: Iron Treads|Stealth Rock|p1a: Clodsire
|-sidestart|p1: Gulptubus|move: Stealth Rock
|
|upkeep
|turn|8
|
|t:|1759034956
|move|p2a: Iron Treads|Ice Spinner|p1a: Clodsire
|-supereffective|p1a: Clodsire
|-damage|p1a: Clodsire|49/100
|move|p1a: Clodsire|Toxic Spikes|p2a: Iron Treads
|-sidestart|p2: LordST|move: Toxic Spikes
|
|upkeep
|turn|9
|
|t:|1759034960
|switch|p1a: Sinistcha|Sinistcha-Masterpiece, shiny|100/100
|move|p2a: Iron Treads|Ice Spinner|p1a: Sinistcha
|-supereffective|p1a: Sinistcha
|-damage|p1a: Sinistcha|61/100
|
|upkeep
|turn|10
|inactive|LordST has 60 seconds left.
|
|t:|1759034967
|-end|p2a: Iron Treads|Quark Drive|[silent]
|switch|p2a: Tornadus|Tornadus-Therian, M|79/100
|move|p1a: Sinistcha|Strength Sap|p2a: Tornadus
|-unboost|p2a: Tornadus|atk|1
|-heal|p1a: Sinistcha|100/100
|
|upkeep
|turn|11
|inactive|LordST has 60 seconds left.
|
|t:|1759034987
|switch|p1a: Heatran|Heatran, F|80/100
|-damage|p1a: Heatran|68/100|[from] Stealth Rock
|move|p2a: Tornadus|U-turn|p1a: Heatran
|-resisted|p1a: Heatran
|-damage|p1a: Heatran|66/100
|
|t:|1759034999
|switch|p2a: Volcanion|Volcanion|100/100|[from] U-turn
|
|upkeep
|turn|12
|
|t:|1759035005
|move|p1a: Heatran|Protect|p1a: Heatran
|-singleturn|p1a: Heatran|Protect
|move|p2a: Volcanion|Steam Eruption|p1a: Heatran
|-activate|p1a: Heatran|move: Protect
|
|upkeep
|turn|13
|
|t:|1759035015
|switch|p1a: Gliscor|Gliscor, M|100/100
|-damage|p1a: Gliscor|88/100|[from] Stealth Rock
|move|p2a: Volcanion|Flamethrower|p1a: Gliscor
|-damage|p1a: Gliscor|44/100
|
|-status|p1a: Gliscor|tox|[from] item: Toxic Orb
|upkeep
|turn|14
|inactive|LordST has 60 seconds left.
|
|t:|1759035047
|move|p1a: Gliscor|Protect|p1a: Gliscor
|-singleturn|p1a: Gliscor|Protect
|move|p2a: Volcanion|Steam Eruption|p1a: Gliscor
|-activate|p1a: Gliscor|move: Protect
|
|-heal|p1a: Gliscor|56/100 tox|[from] ability: Poison Heal
|upkeep
|turn|15
|
|t:|1759035053
|switch|p1a: Clodsire|Clodsire, M|49/100
|move|p2a: Volcanion|Steam Eruption|p1a: Clodsire
|-heal|p1a: Clodsire|74/100|[from] ability: Water Absorb|[of] p2a: Volcanion
|
|upkeep
|turn|16
|
|t:|1759035057
|move|p2a: Volcanion|Will-O-Wisp|p1a: Clodsire
|-status|p1a: Clodsire|brn
|move|p1a: Clodsire|Recover|p1a: Clodsire
|-heal|p1a: Clodsire|100/100 brn
|
|-damage|p1a: Clodsire|94/100 brn|[from] brn
|upkeep
|turn|17
|inactive|LordST has 60 seconds left.
|
|t:|1759035070
|switch|p2a: Iron Treads|Iron Treads|100/100
|-item|p2a: Iron Treads|Air Balloon
|switch|p1a: Gliscor|Gliscor, M|56/100 tox
|-damage|p1a: Gliscor|44/100 tox|[from] Stealth Rock
|
|-heal|p1a: Gliscor|56/100 tox|[from] ability: Poison Heal
|upkeep
|turn|18
|inactive|LordST has 60 seconds left.
|
|t:|1759035077
|move|p1a: Gliscor|Protect|p1a: Gliscor
|-singleturn|p1a: Gliscor|Protect
|move|p2a: Iron Treads|Rapid Spin|p1a: Gliscor
|-activate|p1a: Gliscor|move: Protect
|
|-heal|p1a: Gliscor|69/100 tox|[from] ability: Poison Heal
|upkeep
|turn|19
|
|t:|1759035082
|switch|p1a: Garchomp|Garchomp, M|100/100
|-damage|p1a: Garchomp|94/100|[from] Stealth Rock
|move|p2a: Iron Treads|Ice Spinner|p1a: Garchomp
|-supereffective|p1a: Garchomp
|-damage|p1a: Garchomp|32/100
|-damage|p2a: Iron Treads|88/100|[from] ability: Rough Skin|[of] p1a: Garchomp
|-damage|p2a: Iron Treads|72/100|[from] item: Rocky Helmet|[of] p1a: Garchomp
|
|upkeep
|turn|20
|
|t:|1759035089
|switch|p1a: Sinistcha|Sinistcha-Masterpiece, shiny|100/100
|move|p2a: Iron Treads|Ice Spinner|p1a: Sinistcha
|-supereffective|p1a: Sinistcha
|-damage|p1a: Sinistcha|63/100
|
|upkeep
|turn|21
|
|t:|1759035093
|-end|p2a: Iron Treads|Quark Drive|[silent]
|switch|p2a: Tornadus|Tornadus-Therian, M|100/100
|move|p1a: Sinistcha|Calm Mind|p1a: Sinistcha
|-boost|p1a: Sinistcha|spa|1
|-boost|p1a: Sinistcha|spd|1
|
|upkeep
|turn|22
|inactive|LordST has 90 seconds left.
|
|t:|1759035100
|move|p2a: Tornadus|Bleakwind Storm|p1a: Sinistcha
|-supereffective|p1a: Sinistcha
|-damage|p1a: Sinistcha|7/100
|move|p1a: Sinistcha|Strength Sap|p2a: Tornadus
|-unboost|p2a: Tornadus|atk|1
|-heal|p1a: Sinistcha|68/100
|
|upkeep
|turn|23
|
|t:|1759035104
|move|p2a: Tornadus|Bleakwind Storm|p1a: Sinistcha
|-supereffective|p1a: Sinistcha
|-damage|p1a: Sinistcha|14/100
|move|p1a: Sinistcha|Matcha Gotcha|p2a: Tornadus
|-resisted|p2a: Tornadus
|-damage|p2a: Tornadus|76/100
|-heal|p1a: Sinistcha|27/100|[from] drain|[of] p2a: Tornadus
|-status|p2a: Tornadus|brn
|
|-damage|p2a: Tornadus|70/100 brn|[from] brn
|upkeep
|turn|24
|
|t:|1759035111
|switch|p1a: Heatran|Heatran, F|66/100
|-damage|p1a: Heatran|53/100|[from] Stealth Rock
|move|p2a: Tornadus|Bleakwind Storm|p1a: Heatran
|-resisted|p1a: Heatran
|-damage|p1a: Heatran|41/100
|
|-damage|p2a: Tornadus|64/100 brn|[from] brn
|upkeep
|turn|25
|
|t:|1759035116
|switch|p2a: Volcanion|Volcanion|100/100
|switch|p1a: Garchomp|Garchomp, M|32/100
|-damage|p1a: Garchomp|26/100|[from] Stealth Rock
|
|upkeep
|turn|26
|inactive|LordST has 120 seconds left.
|
|t:|1759035128
|move|p1a: Garchomp|Earthquake|p2a: Volcanion
|-supereffective|p2a: Volcanion
|-damage|p2a: Volcanion|20/100
|move|p2a: Volcanion|Steam Eruption|p1a: Garchomp|[miss]
|-miss|p2a: Volcanion|p1a: Garchomp
|
|upkeep
|turn|27
|inactive|LordST has 120 seconds left.
|c|☆LordST|nice 0ne
|
|t:|1759035138
|move|p2a: Volcanion|Steam Eruption|p1a: Garchomp
|-damage|p1a: Garchomp|0 fnt
|faint|p1a: Garchomp
|
|upkeep
|
|t:|1759035144
|switch|p1a: Darkrai|Darkrai|100/100
|turn|28
|inactive|LordST has 120 seconds left.
|
|t:|1759035160
|switch|p2a: Samurott|Samurott-Hisui, F|100/100
|-status|p2a: Samurott|tox
|move|p1a: Darkrai|Dark Pulse|p2a: Samurott
|-resisted|p2a: Samurott
|-damage|p2a: Samurott|87/100 tox
|
|-damage|p2a: Samurott|81/100 tox|[from] psn
|upkeep
|turn|29
|inactive|LordST has 120 seconds left.
|
|t:|1759035175
|switch|p1a: Sinistcha|Sinistcha-Masterpiece, shiny|27/100
|move|p2a: Samurott|Razor Shell|p1a: Sinistcha
|-resisted|p1a: Sinistcha
|-damage|p1a: Sinistcha|9/100
|
|-damage|p2a: Samurott|69/100 tox|[from] psn
|upkeep
|turn|30
|inactive|LordST has 120 seconds left.
|
|t:|1759035180
|move|p2a: Samurott|Knock Off|p1a: Sinistcha
|-supereffective|p1a: Sinistcha
|-damage|p1a: Sinistcha|0 fnt
|-enditem|p1a: Sinistcha|Heavy-Duty Boots|[from] move: Knock Off|[of] p2a: Samurott
|faint|p1a: Sinistcha
|
|-damage|p2a: Samurott|51/100 tox|[from] psn
|upkeep
|
|t:|1759035187
|switch|p1a: Darkrai|Darkrai|100/100
|turn|31
|inactive|LordST has 120 seconds left.
|
|t:|1759035205
|move|p1a: Darkrai|Sludge Bomb|p2a: Samurott
|-damage|p2a: Samurott|30/100 tox
|move|p2a: Samurott|Razor Shell|p1a: Darkrai
|-damage|p1a: Darkrai|51/100
|-unboost|p1a: Darkrai|def|1
|
|-damage|p2a: Samurott|6/100 tox|[from] psn
|upkeep
|turn|32
|
|t:|1759035212
|move|p2a: Samurott|Sucker Punch|p1a: Darkrai
|-resisted|p1a: Darkrai
|-damage|p1a: Darkrai|26/100
|move|p1a: Darkrai|Dark Pulse|p2a: Samurott
|-resisted|p2a: Samurott
|-damage|p2a: Samurott|0 fnt
|faint|p2a: Samurott
|
|upkeep
|
|t:|1759035221
|switch|p2a: Tornadus|Tornadus-Therian, M|97/100 brn
|turn|33
|
|t:|1759035225
|move|p1a: Darkrai|Nasty Plot|p1a: Darkrai
|-boost|p1a: Darkrai|spa|2
|move|p2a: Tornadus|U-turn|p1a: Darkrai
|-supereffective|p1a: Darkrai
|-damage|p1a: Darkrai|3/100
|
|t:|1759035229
|switch|p2a: Gholdengo|Gholdengo|100/100|[from] U-turn
|
|upkeep
|turn|34
|
|t:|1759035233
|move|p2a: Gholdengo|Shadow Ball|p1a: Darkrai
|-resisted|p1a: Darkrai
|-damage|p1a: Darkrai|0 fnt
|faint|p1a: Darkrai
|
|upkeep
|
|t:|1759035249
|switch|p1a: Heatran|Heatran, F|41/100
|-damage|p1a: Heatran|28/100|[from] Stealth Rock
|turn|35
|
|t:|1759035262
|switch|p2a: Volcanion|Volcanion|20/100
|move|p1a: Heatran|Magma Storm|p2a: Volcanion
|-resisted|p2a: Volcanion
|-damage|p2a: Volcanion|8/100
|-activate|p2a: Volcanion|move: Magma Storm|[of] p1a: Heatran
|
|-damage|p2a: Volcanion|0 fnt|[from] move: Magma Storm|[partiallytrapped]
|faint|p2a: Volcanion
|upkeep
|
|t:|1759035269
|switch|p2a: Iron Treads|Iron Treads|72/100
|-item|p2a: Iron Treads|Air Balloon
|turn|36
|
|t:|1759035272
|move|p2a: Iron Treads|Earthquake|p1a: Heatran
|-supereffective|p1a: Heatran
|-damage|p1a: Heatran|0 fnt
|faint|p1a: Heatran
|
|upkeep
|
|t:|1759035281
|switch|p1a: Gliscor|Gliscor, M|69/100 tox
|-damage|p1a: Gliscor|56/100 tox|[from] Stealth Rock
|turn|37
|
|t:|1759035284
|move|p1a: Gliscor|Protect|p1a: Gliscor
|-singleturn|p1a: Gliscor|Protect
|move|p2a: Iron Treads|Ice Spinner|p1a: Gliscor
|-activate|p1a: Gliscor|move: Protect
|
|-heal|p1a: Gliscor|69/100 tox|[from] ability: Poison Heal
|upkeep
|turn|38
|
|t:|1759035288
|-terastallize|p1a: Gliscor|Normal
|move|p2a: Iron Treads|Ice Spinner|p1a: Gliscor
|-damage|p1a: Gliscor|48/100 tox
|move|p1a: Gliscor|Swords Dance|p1a: Gliscor
|-boost|p1a: Gliscor|atk|2
|
|-heal|p1a: Gliscor|60/100 tox|[from] ability: Poison Heal
|upkeep
|turn|39
|
|t:|1759035304
|move|p2a: Iron Treads|Earthquake|p1a: Gliscor
|-damage|p1a: Gliscor|20/100 tox
|move|p1a: Gliscor|Facade|p2a: Iron Treads
|-resisted|p2a: Iron Treads
|-damage|p2a: Iron Treads|29/100
|-enditem|p2a: Iron Treads|Air Balloon
|
|-heal|p1a: Gliscor|33/100 tox|[from] ability: Poison Heal
|upkeep
|turn|40
|
|t:|1759035308
|move|p1a: Gliscor|Protect|p1a: Gliscor
|-singleturn|p1a: Gliscor|Protect
|move|p2a: Iron Treads|Earthquake|p1a: Gliscor
|-activate|p1a: Gliscor|move: Protect
|
|-heal|p1a: Gliscor|45/100 tox|[from] ability: Poison Heal
|upkeep
|turn|41
|
|t:|1759035312
|move|p1a: Gliscor|Protect||[still]
|-fail|p1a: Gliscor
|move|p2a: Iron Treads|Earthquake|p1a: Gliscor
|-damage|p1a: Gliscor|8/100 tox
|
|-heal|p1a: Gliscor|21/100 tox|[from] ability: Poison Heal
|upkeep
|turn|42
|
|t:|1759035316
|move|p2a: Iron Treads|Earthquake|p1a: Gliscor
|-damage|p1a: Gliscor|0 fnt
|faint|p1a: Gliscor
|
|upkeep
|c|☆LordST|gg
|
|t:|1759035319
|switch|p1a: Clodsire|Clodsire, M|94/100 brn
|turn|43
|
|t:|1759035321
|move|p2a: Iron Treads|Earthquake|p1a: Clodsire
|-supereffective|p1a: Clodsire
|-damage|p1a: Clodsire|0 fnt
|faint|p1a: Clodsire
|
|win|LordST
|raw|Gulptubus's rating: 1481 &rarr; <strong>1461</strong><br />(-20 for losing)
|raw|LordST's rating: 1476 &rarr; <strong>1496</strong><br />(+20 for winning)
|l|☆Gulptubus
|player|p1|
|l|☆LordST
|player|p2|
