|j|☆BeatupSquad
|j|☆keviin
|t:|1759077942
|gametype|singles
|player|p1|BeatupSquad|hilbert|1230
|player|p2|keviin|richboy-gen4|1231
|gen|9
|tier|[Gen 9] OU
|rated|
|rule|HP Percentage Mod: HP is shown in percentages
|rule|Endless Battle Clause: Forcing endless battles is banned
|rule|Species Clause: Limit one of each Pokémon
|rule|OHKO Clause: OHKO moves are banned
|rule|Evasion Items Clause: Evasion items are banned
|rule|Evasion Moves Clause: Evasion moves are banned
|rule|Evasion Abilities Clause: Evasion abilities are banned
|rule|Sleep Moves Clause: Sleep-inducing moves are banned
|clearpoke
|poke|p1|Blissey, F|
|poke|p1|Landorus-Therian, M|
|poke|p1|Darkrai|
|poke|p1|Clefable, F|
|poke|p1|Corviknight, M|
|poke|p1|Dragapult, M|
|poke|p2|Misdreavus, F|
|poke|p2|Hitmontop, M|
|poke|p2|Tsareena, F|
|poke|p2|Magcargo, F|
|poke|p2|Magnezone|
|poke|p2|Gastrodon, M|
|teampreview
|inactive|Battle timer is ON: inactive players will automatically lose when time's up. (requested by BeatupSquad)
|
|t:|1759077967
|teamsize|p1|6
|teamsize|p2|6
|start
|switch|p1a: Landorus|Landorus-Therian, M|100/100
|switch|p2a: Gastrodon|Gastrodon, M|100/100
|-ability|p1a: Landorus|Intimidate|boost
|-unboost|p2a: Gastrodon|atk|1
|turn|1
|
|t:|1759077990
|move|p1a: Landorus|U-turn|p2a: Gastrodon
|-damage|p2a: Gastrodon|71/100
|inactive|BeatupSquad has 120 seconds left.
|
|t:|1759078006
|switch|p1a: Darkrai|Darkrai|100/100|[from] U-turn
|move|p2a: Gastrodon|Hydro Pump|p1a: Darkrai
|-damage|p1a: Darkrai|51/100
|
|-heal|p1a: Darkrai|57/100|[from] item: Leftovers
|-heal|p2a: Gastrodon|77/100|[from] item: Leftovers
|upkeep
|turn|2
|inactive|keviin has 120 seconds left.
|
|t:|1759078037
|switch|p2a: Tsareena|Tsareena, F|100/100
|move|p1a: Darkrai|Nasty Plot|p1a: Darkrai
|-boost|p1a: Darkrai|spa|2
|
|-heal|p1a: Darkrai|63/100|[from] item: Leftovers
|upkeep
|turn|3
|
|t:|1759078047
|-terastallize|p1a: Darkrai|Poison
|move|p2a: Tsareena|High Jump Kick|p1a: Darkrai|[miss]
|-miss|p2a: Tsareena|p1a: Darkrai
|-damage|p2a: Tsareena|51/100|[from] highjumpkick
|move|p1a: Darkrai|Sludge Bomb|p2a: Tsareena
|-supereffective|p2a: Tsareena
|-damage|p2a: Tsareena|0 fnt
|faint|p2a: Tsareena
|
|-heal|p1a: Darkrai|69/100|[from] item: Leftovers
|upkeep
|inactive|keviin has 120 seconds left.
|
|t:|1759078078
|switch|p2a: Gastrodon|Gastrodon, M|77/100
|turn|4
|
|t:|1759078100
|switch|p1a: Landorus|Landorus-Therian, M|100/100
|-ability|p1a: Landorus|Intimidate|boost
|-unboost|p2a: Gastrodon|atk|1
|move|p2a: Gastrodon|Earthquake|p1a: Landorus
|-immune|p1a: Landorus
|
|-heal|p2a: Gastrodon|83/100|[from] item: Leftovers
|upkeep
|turn|5
|
|t:|1759078112
|move|p1a: Landorus|U-turn|p2a: Gastrodon
|-damage|p2a: Gastrodon|52/100
|
|t:|1759078118
|switch|p1a: Corviknight|Corviknight, M|100/100|[from] U-turn
|-ability|p1a: Corviknight|Pressure
|move|p2a: Gastrodon|Hydro Pump|p1a: Corviknight
|-damage|p1a: Corviknight|69/100
|
|-heal|p1a: Corviknight|75/100|[from] item: Leftovers
|-heal|p2a: Gastrodon|58/100|[from] item: Leftovers
|upkeep
|turn|6
|
|t:|1759078130
|move|p1a: Corviknight|Brave Bird|p2a: Gastrodon
|-damage|p2a: Gastrodon|19/100
|-damage|p1a: Corviknight|61/100|[from] Recoil
|move|p2a: Gastrodon|Recover|p2a: Gastrodon
|-heal|p2a: Gastrodon|69/100
|
|-heal|p1a: Corviknight|67/100|[from] item: Leftovers
|-heal|p2a: Gastrodon|75/100|[from] item: Leftovers
|upkeep
|turn|7
|inactive|keviin has 120 seconds left.
|
|t:|1759078145
|move|p1a: Corviknight|Roost|p1a: Corviknight
|-heal|p1a: Corviknight|100/100
|-singleturn|p1a: Corviknight|move: Roost
|move|p2a: Gastrodon|Recover|p2a: Gastrodon
|-heal|p2a: Gastrodon|100/100
|
|upkeep
|turn|8
|
|t:|1759078152
|switch|p2a: Magcargo|Magcargo, F|100/100
|move|p1a: Corviknight|U-turn|p2a: Magcargo
|-resisted|p2a: Magcargo
|-damage|p2a: Magcargo|93/100
|-ability|p2a: Magcargo|Weak Armor|boost
|-unboost|p2a: Magcargo|def|1
|-boost|p2a: Magcargo|spe|2
|
|t:|1759078170
|switch|p1a: Landorus|Landorus-Therian, M|100/100|[from] U-turn
|-ability|p1a: Landorus|Intimidate|boost
|-unboost|p2a: Magcargo|atk|1
|
|upkeep
|turn|9
|
|t:|1759078188
|-terastallize|p2a: Magcargo|Grass
|move|p2a: Magcargo|Shell Smash|p2a: Magcargo
|-unboost|p2a: Magcargo|def|1
|-unboost|p2a: Magcargo|spd|1
|-boost|p2a: Magcargo|atk|2
|-boost|p2a: Magcargo|spa|2
|-boost|p2a: Magcargo|spe|2
|move|p1a: Landorus|Stealth Rock|p2a: Magcargo
|-sidestart|p2: keviin|move: Stealth Rock
|
|upkeep
|turn|10
|
|t:|1759078200
|switch|p1a: Blissey|Blissey, F|100/100
|move|p2a: Magcargo|Lava Plume|p1a: Blissey
|-damage|p1a: Blissey|80/100
|-status|p1a: Blissey|brn
|
|-heal|p1a: Blissey|86/100 brn|[from] item: Leftovers
|-damage|p1a: Blissey|80/100 brn|[from] brn
|upkeep
|turn|11
|
|t:|1759078211
|move|p2a: Magcargo|Shell Smash|p2a: Magcargo
|-unboost|p2a: Magcargo|def|1
|-unboost|p2a: Magcargo|spd|1
|-boost|p2a: Magcargo|atk|2
|-boost|p2a: Magcargo|spa|2
|-boost|p2a: Magcargo|spe|2
|move|p1a: Blissey|Seismic Toss|p2a: Magcargo
|-damage|p2a: Magcargo|55/100
|-ability|p2a: Magcargo|Weak Armor|boost
|-unboost|p2a: Magcargo|def|1
|
|-heal|p1a: Blissey|86/100 brn|[from] item: Leftovers
|-damage|p1a: Blissey|80/100 brn|[from] brn
|upkeep
|turn|12
|inactive|BeatupSquad has 120 seconds left.
|
|t:|1759078245
|-curestatus|p1a: Blissey|brn|[from] ability: Natural Cure
|switch|p1a: Clefable|Clefable, F|100/100
|move|p2a: Magcargo|Shell Smash|p2a: Magcargo
|-unboost|p2a: Magcargo|def|1
|-unboost|p2a: Magcargo|spd|1
|-boost|p2a: Magcargo|atk|2
|-boost|p2a: Magcargo|spa|2
|-boost|p2a: Magcargo|spe|0
|
|upkeep
|turn|13
|
|t:|1759078257
|move|p2a: Magcargo|Lava Plume|p1a: Clefable
|-damage|p1a: Clefable|69/100
|-status|p1a: Clefable|brn
|move|p1a: Clefable|Moonblast|p2a: Magcargo
|-damage|p2a: Magcargo|5/100
|
|-damage|p1a: Clefable|62/100 brn|[from] brn
|upkeep
|turn|14
|
|t:|1759078276
|move|p2a: Magcargo|Power Gem|p1a: Clefable
|-crit|p1a: Clefable
|-damage|p1a: Clefable|15/100 brn
|move|p1a: Clefable|Moonblast|p2a: Magcargo
|-damage|p2a: Magcargo|0 fnt
|faint|p2a: Magcargo
|
|-damage|p1a: Clefable|9/100 brn|[from] brn
|upkeep
|inactive|keviin has 120 seconds left.
|
|t:|1759078289
|switch|p2a: Hitmontop|Hitmontop, M|100/100
|-damage|p2a: Hitmontop|95/100|[from] Stealth Rock
|turn|15
|
|t:|1759078311
|switch|p1a: Landorus|Landorus-Therian, M|100/100
|-ability|p1a: Landorus|Intimidate|boost
|-unboost|p2a: Hitmontop|atk|1
|move|p2a: Hitmontop|Rapid Spin|p1a: Landorus
|-damage|p1a: Landorus|84/100
|-boost|p2a: Hitmontop|spe|1
|-damage|p2a: Hitmontop|78/100|[from] item: Rocky Helmet|[of] p1a: Landorus
|-sideend|p2: keviin|Stealth Rock|[from] move: Rapid Spin|[of] p2a: Hitmontop
|
|upkeep
|turn|16
|
|t:|1759078320
|switch|p1a: Corviknight|Corviknight, M|100/100
|-ability|p1a: Corviknight|Pressure
|move|p2a: Hitmontop|Triple Axel|p1a: Corviknight
|-damage|p1a: Corviknight|97/100
|-crit|p1a: Corviknight
|-damage|p1a: Corviknight|79/100
|-damage|p1a: Corviknight|68/100
|-hitcount|p1a: Corviknight|3
|
|-heal|p1a: Corviknight|74/100|[from] item: Leftovers
|upkeep
|turn|17
|
|t:|1759078337
|switch|p2a: Misdreavus|Misdreavus, F|100/100
|move|p1a: Corviknight|Brave Bird|p2a: Misdreavus
|-damage|p2a: Misdreavus|59/100
|-damage|p1a: Corviknight|63/100|[from] Recoil
|
|-heal|p1a: Corviknight|69/100|[from] item: Leftovers
|upkeep
|turn|18
|
|t:|1759078343
|move|p2a: Misdreavus|Will-O-Wisp|p1a: Corviknight
|-status|p1a: Corviknight|brn
|move|p1a: Corviknight|Brave Bird|p2a: Misdreavus
|-damage|p2a: Misdreavus|39/100
|-damage|p1a: Corviknight|64/100 brn|[from] Recoil
|
|-heal|p1a: Corviknight|70/100 brn|[from] item: Leftovers
|-damage|p1a: Corviknight|64/100 brn|[from] brn
|upkeep
|turn|19
|
|t:|1759078358
|switch|p1a: Clefable|Clefable, F|9/100 brn
|move|p2a: Misdreavus|Hex|p1a: Clefable
|-damage|p1a: Clefable|0 fnt
|faint|p1a: Clefable
|
|upkeep
|
|t:|1759078364
|switch|p1a: Dragapult|Dragapult, M|100/100
|turn|20
|
|t:|1759078371
|move|p1a: Dragapult|Dragon Darts|p2a: Misdreavus
|-damage|p2a: Misdreavus|0 fnt
|faint|p2a: Misdreavus
|
|upkeep
|
|t:|1759078388
|switch|p2a: Hitmontop|Hitmontop, M|78/100
|turn|21
|
|t:|1759078391
|move|p1a: Dragapult|Dragon Darts|p2a: Hitmontop
|-damage|p2a: Hitmontop|32/100
|-anim|p1a: Dragapult|Dragon Darts|p2a: Hitmontop
|-damage|p2a: Hitmontop|0 fnt
|faint|p2a: Hitmontop
|
|upkeep
|
|t:|1759078397
|switch|p2a: Magnezone|Magnezone|100/100
|-item|p2a: Magnezone|Air Balloon
|turn|22
|
|t:|1759078413
|switch|p1a: Blissey|Blissey, F|80/100
|move|p2a: Magnezone|Flash Cannon|p1a: Blissey
|-damage|p1a: Blissey|63/100
|
|-heal|p1a: Blissey|69/100|[from] item: Leftovers
|upkeep
|turn|23
|
|t:|1759078418
|move|p2a: Magnezone|Body Press|p1a: Blissey
|-supereffective|p1a: Blissey
|-crit|p1a: Blissey
|-damage|p1a: Blissey|8/100
|move|p1a: Blissey|Calm Mind|p1a: Blissey
|-boost|p1a: Blissey|spa|1
|-boost|p1a: Blissey|spd|1
|
|-heal|p1a: Blissey|15/100|[from] item: Leftovers
|upkeep
|turn|24
|
|t:|1759078423
|move|p2a: Magnezone|Body Press|p1a: Blissey
|-supereffective|p1a: Blissey
|-damage|p1a: Blissey|0 fnt
|faint|p1a: Blissey
|
|upkeep
|
|t:|1759078434
|switch|p1a: Corviknight|Corviknight, M|64/100 brn
|-ability|p1a: Corviknight|Pressure
|turn|25
|
|t:|1759078438
|move|p1a: Corviknight|U-turn|p2a: Magnezone
|-resisted|p2a: Magnezone
|-damage|p2a: Magnezone|98/100
|-enditem|p2a: Magnezone|Air Balloon
|
|t:|1759078446
|switch|p1a: Landorus|Landorus-Therian, M|84/100|[from] U-turn
|-ability|p1a: Landorus|Intimidate|boost
|-unboost|p2a: Magnezone|atk|1
|move|p2a: Magnezone|Thunderbolt|p1a: Landorus
|-immune|p1a: Landorus
|
|upkeep
|turn|26
|
|t:|1759078452
|switch|p2a: Gastrodon|Gastrodon, M|100/100
|move|p1a: Landorus|Earthquake|p2a: Gastrodon
|-damage|p2a: Gastrodon|40/100
|
|-heal|p2a: Gastrodon|46/100|[from] item: Leftovers
|upkeep
|turn|27
|
|t:|1759078468
|move|p1a: Landorus|Earthquake|p2a: Gastrodon
|-damage|p2a: Gastrodon|0 fnt
|faint|p2a: Gastrodon
|
|upkeep
|
|t:|1759078471
|switch|p2a: Magnezone|Magnezone|98/100
|turn|28
|
|t:|1759078478
|move|p1a: Landorus|Earthquake|p2a: Magnezone
|-supereffective|p2a: Magnezone
|-damage|p2a: Magnezone|0 fnt
|faint|p2a: Magnezone
|
|win|BeatupSquad
|raw|BeatupSquad's rating: 1230 &rarr; <strong>1255</strong><br />(+25 for winning)
|raw|keviin's rating: 1231 &rarr; <strong>1206</strong><br />(-25 for losing)
|l|☆BeatupSquad
|player|p1|
|l|☆keviin
|player|p2|
