|j|☆Kyokatsu2009
|j|☆pelana7
|t:|1759033671
|gametype|singles
|player|p1|Kyokatsu2009|1|1271
|player|p2|pelana7|1|1298
|gen|9
|tier|[Gen 9] OU
|rated|
|rule|HP Percentage Mod: HP is shown in percentages
|rule|Endless Battle Clause: Forcing endless battles is banned
|rule|Species Clause: Limit one of each Pokémon
|rule|OHKO Clause: OHKO moves are banned
|rule|Evasion Items Clause: Evasion items are banned
|rule|Evasion Moves Clause: Evasion moves are banned
|rule|Evasion Abilities Clause: Evasion abilities are banned
|rule|Sleep Moves Clause: Sleep-inducing moves are banned
|clearpoke
|poke|p1|Dragapult, M|
|poke|p1|Magnezone|
|poke|p1|Landorus-Therian, M|
|poke|p1|Weezing-Galar, F|
|poke|p1|Slowking, F|
|poke|p1|Ninetales-Alola, M|
|poke|p2|Samurott-Hisui, M|
|poke|p2|Pecharunt|
|poke|p2|Araquanid, F|
|poke|p2|Great Tusk|
|poke|p2|Deoxys-Speed|
|poke|p2|Hydrapple, F|
|teampreview
|
|t:|1759033681
|teamsize|p1|6
|teamsize|p2|6
|start
|switch|p1a: Landorus|Landorus-Therian, M|100/100
|switch|p2a: Araquanid|Araquanid, F|100/100
|-ability|p1a: Landorus|Intimidate|boost
|-unboost|p2a: Araquanid|atk|1
|turn|1
|
|t:|1759033685
|move|p1a: Landorus|Taunt|p2a: Araquanid
|-start|p2a: Araquanid|move: Taunt
|move|p2a: Araquanid|Waterfall|p1a: Landorus
|-supereffective|p1a: Landorus
|-damage|p1a: Landorus|63/100
|-damage|p2a: Araquanid|84/100|[from] item: Rocky Helmet|[of] p1a: Landorus
|
|upkeep
|turn|2
|
|t:|1759033693
|move|p1a: Landorus|Stealth Rock|p2a: Araquanid
|-sidestart|p2: pelana7|move: Stealth Rock
|move|p2a: Araquanid|Icy Wind|p1a: Landorus
|-supereffective|p1a: Landorus
|-damage|p1a: Landorus|31/100
|-unboost|p1a: Landorus|spe|1
|
|upkeep
|turn|3
|
|t:|1759033701
|move|p1a: Landorus|U-turn|p2a: Araquanid
|-damage|p2a: Araquanid|63/100
|
|t:|1759033704
|switch|p1a: Ninetales|Ninetales-Alola, M|100/100|[from] U-turn
|-weather|Snowscape|[from] ability: Snow Warning|[of] p1a: Ninetales
|move|p2a: Araquanid|Icy Wind|p1a: Ninetales
|-resisted|p1a: Ninetales
|-damage|p1a: Ninetales|96/100
|-unboost|p1a: Ninetales|spe|1
|
|-weather|Snowscape|[upkeep]
|-end|p2a: Araquanid|move: Taunt
|upkeep
|turn|4
|
|t:|1759033727
|move|p1a: Ninetales|Aurora Veil|p1a: Ninetales
|-sidestart|p1: Kyokatsu2009|move: Aurora Veil
|move|p2a: Araquanid|Sticky Web|p1a: Ninetales
|-sidestart|p1: Kyokatsu2009|move: Sticky Web
|
|-weather|Snowscape|[upkeep]
|upkeep
|turn|5
|
|t:|1759033743
|switch|p1a: Dragapult|Dragapult, M|100/100
|switch|p2a: Deoxys|Deoxys-Speed|100/100
|-damage|p2a: Deoxys|88/100|[from] Stealth Rock
|-ability|p2a: Deoxys|Pressure
|
|-weather|Snowscape|[upkeep]
|upkeep
|turn|6
|
|t:|1759033748
|move|p2a: Deoxys|Thunder Wave|p1a: Dragapult
|-status|p1a: Dragapult|par
|move|p1a: Dragapult|Dragon Dance|p1a: Dragapult
|-boost|p1a: Dragapult|atk|1
|-boost|p1a: Dragapult|spe|1
|
|-weather|Snowscape|[upkeep]
|upkeep
|turn|7
|inactive|Battle timer is ON: inactive players will automatically lose when time's up. (requested by pelana7)
|
|t:|1759033753
|move|p2a: Deoxys|Knock Off|p1a: Dragapult
|-supereffective|p1a: Dragapult
|-damage|p1a: Dragapult|72/100 par
|-enditem|p1a: Dragapult|Heavy-Duty Boots|[from] move: Knock Off|[of] p2a: Deoxys
|move|p1a: Dragapult|Dragon Dance|p1a: Dragapult
|-boost|p1a: Dragapult|atk|1
|-boost|p1a: Dragapult|spe|1
|
|-weather|none
|upkeep
|turn|8
|
|t:|1759033770
|move|p2a: Deoxys|Stealth Rock|p1a: Dragapult
|-sidestart|p1: Kyokatsu2009|move: Stealth Rock
|move|p1a: Dragapult|Dragon Darts|p2a: Deoxys
|-damage|p2a: Deoxys|0 fnt
|faint|p2a: Deoxys
|
|upkeep
|
|t:|1759033781
|switch|p2a: Great Tusk|Great Tusk|100/100
|turn|9
|
|t:|1759033787
|move|p1a: Dragapult|Dragon Darts|p2a: Great Tusk
|-damage|p2a: Great Tusk|68/100
|-anim|p1a: Dragapult|Dragon Darts|p2a: Great Tusk
|-damage|p2a: Great Tusk|32/100
|move|p2a: Great Tusk|Earthquake|p1a: Dragapult
|-crit|p1a: Dragapult
|-damage|p1a: Dragapult|0 fnt
|faint|p1a: Dragapult
|
|upkeep
|
|t:|1759033802
|switch|p1a: Weezing|Weezing-Galar, F|100/100
|-ability|p1a: Weezing|Neutralizing Gas
|-activate|p1a: Weezing|move: Sticky Web
|-unboost|p1a: Weezing|spe|1
|-damage|p1a: Weezing|88/100|[from] Stealth Rock
|turn|10
|
|t:|1759033817
|move|p2a: Great Tusk|Rapid Spin|p1a: Weezing
|-damage|p1a: Weezing|82/100
|-boost|p2a: Great Tusk|spe|1
|-sideend|p2: pelana7|Stealth Rock|[from] move: Rapid Spin|[of] p2a: Great Tusk
|move|p1a: Weezing|Will-O-Wisp|p2a: Great Tusk|[miss]
|-miss|p1a: Weezing|p2a: Great Tusk
|
|-heal|p1a: Weezing|88/100|[from] item: Leftovers
|upkeep
|turn|11
|
|t:|1759033836
|-end|p2a: Great Tusk|Protosynthesis|[silent]
|switch|p2a: Araquanid|Araquanid, F|63/100
|move|p1a: Weezing|Will-O-Wisp|p2a: Araquanid
|-status|p2a: Araquanid|brn
|
|-heal|p1a: Weezing|94/100|[from] item: Leftovers
|-damage|p2a: Araquanid|57/100 brn|[from] brn
|-sideend|p1: Kyokatsu2009|move: Aurora Veil
|upkeep
|turn|12
|
|t:|1759033843
|move|p2a: Araquanid|Waterfall|p1a: Weezing
|-damage|p1a: Weezing|87/100
|cant|p1a: Weezing|flinch
|
|-heal|p1a: Weezing|93/100|[from] item: Leftovers
|-damage|p2a: Araquanid|51/100 brn|[from] brn
|upkeep
|turn|13
|
|t:|1759033864
|move|p2a: Araquanid|Waterfall|p1a: Weezing
|-damage|p1a: Weezing|86/100
|move|p1a: Weezing|Defog|p2a: Araquanid
|-unboost|p2a: Araquanid|evasion|1
|-sideend|p1: Kyokatsu2009|Stealth Rock|[from] move: Defog|[of] p1a: Weezing
|-sideend|p1: Kyokatsu2009|Sticky Web|[from] move: Defog|[of] p1a: Weezing
|
|-heal|p1a: Weezing|92/100|[from] item: Leftovers
|-damage|p2a: Araquanid|45/100 brn|[from] brn
|upkeep
|turn|14
|
|t:|1759033888
|-end|p1a: Weezing|ability: Neutralizing Gas
|switch|p1a: Magnezone|Magnezone|100/100
|-activate|p2a: Araquanid|ability: Water Bubble
|-curestatus|p2a: Araquanid|brn|[msg]
|move|p2a: Araquanid|Sticky Web|p1a: Magnezone
|-sidestart|p1: Kyokatsu2009|move: Sticky Web
|
|upkeep
|turn|15
|
|t:|1759033896
|switch|p2a: Hydrapple|Hydrapple, F|100/100
|move|p1a: Magnezone|Volt Switch|p2a: Hydrapple
|-resisted|p2a: Hydrapple
|-damage|p2a: Hydrapple|95/100
|
|t:|1759033903
|switch|p1a: Ninetales|Ninetales-Alola, M|96/100|[from] Volt Switch
|-activate|p1a: Ninetales|move: Sticky Web
|-unboost|p1a: Ninetales|spe|1
|-weather|Snowscape|[from] ability: Snow Warning|[of] p1a: Ninetales
|
|-weather|Snowscape|[upkeep]
|upkeep
|turn|16
|
|t:|1759033923
|switch|p2a: Pecharunt|Pecharunt|100/100
|move|p1a: Ninetales|Aurora Veil|p1a: Ninetales
|-sidestart|p1: Kyokatsu2009|move: Aurora Veil
|
|-weather|Snowscape|[upkeep]
|upkeep
|turn|17
|
|t:|1759033936
|move|p1a: Ninetales|Nasty Plot|p1a: Ninetales
|-boost|p1a: Ninetales|spa|2
|move|p2a: Pecharunt|Nasty Plot|p2a: Pecharunt
|-boost|p2a: Pecharunt|spa|2
|
|-weather|Snowscape|[upkeep]
|upkeep
|turn|18
|
|t:|1759033941
|move|p1a: Ninetales|Blizzard|p2a: Pecharunt
|-damage|p2a: Pecharunt|30/100
|move|p2a: Pecharunt|Malignant Chain|p1a: Ninetales
|-supereffective|p1a: Ninetales
|-damage|p1a: Ninetales|0 fnt
|faint|p1a: Ninetales
|
|-weather|Snowscape|[upkeep]
|upkeep
|
|t:|1759033947
|switch|p1a: Magnezone|Magnezone|100/100
|-activate|p1a: Magnezone|move: Sticky Web
|-unboost|p1a: Magnezone|spe|1
|turn|19
|
|t:|1759033951
|switch|p2a: Hydrapple|Hydrapple, F|100/100
|move|p1a: Magnezone|Thunderbolt|p2a: Hydrapple
|-resisted|p2a: Hydrapple
|-damage|p2a: Hydrapple|94/100
|
|-weather|none
|upkeep
|turn|20
|
|t:|1759033960
|move|p2a: Hydrapple|Earth Power|p1a: Magnezone
|-supereffective|p1a: Magnezone
|-damage|p1a: Magnezone|65/100
|-unboost|p1a: Magnezone|spd|1
|move|p1a: Magnezone|Volt Switch|p2a: Hydrapple
|-resisted|p2a: Hydrapple
|-damage|p2a: Hydrapple|88/100
|
|t:|1759033970
|switch|p1a: Weezing|Weezing-Galar, F|92/100|[from] Volt Switch
|-ability|p1a: Weezing|Neutralizing Gas
|-activate|p1a: Weezing|move: Sticky Web
|-unboost|p1a: Weezing|spe|1
|
|-heal|p1a: Weezing|98/100|[from] item: Leftovers
|upkeep
|turn|21
|
|t:|1759033985
|switch|p2a: Araquanid|Araquanid, F|45/100
|move|p1a: Weezing|Defog|p2a: Araquanid
|-unboost|p2a: Araquanid|evasion|1
|-sideend|p1: Kyokatsu2009|Sticky Web|[from] move: Defog|[of] p1a: Weezing
|
|-heal|p1a: Weezing|100/100|[from] item: Leftovers
|upkeep
|turn|22
|
|t:|1759033991
|move|p2a: Araquanid|Sticky Web|p1a: Weezing
|-sidestart|p1: Kyokatsu2009|move: Sticky Web
|move|p1a: Weezing|Taunt|p2a: Araquanid
|-start|p2a: Araquanid|move: Taunt
|
|upkeep
|turn|23
|
|t:|1759034007
|move|p2a: Araquanid|Waterfall|p1a: Weezing
|-damage|p1a: Weezing|94/100
|move|p1a: Weezing|Defog|p2a: Araquanid
|-unboost|p2a: Araquanid|evasion|1
|-sideend|p1: Kyokatsu2009|Sticky Web|[from] move: Defog|[of] p1a: Weezing
|
|-heal|p1a: Weezing|99/100|[from] item: Leftovers
|-sideend|p1: Kyokatsu2009|move: Aurora Veil
|upkeep
|turn|24
|
|t:|1759034024
|move|p2a: Araquanid|Icy Wind|p1a: Weezing
|-damage|p1a: Weezing|90/100
|-unboost|p1a: Weezing|spe|1
|move|p1a: Weezing|Strange Steam|p2a: Araquanid
|-damage|p2a: Araquanid|24/100
|
|-heal|p1a: Weezing|96/100|[from] item: Leftovers
|upkeep
|turn|25
|
|t:|1759034037
|switch|p2a: Pecharunt|Pecharunt|30/100
|move|p1a: Weezing|Strange Steam|p2a: Pecharunt
|-resisted|p2a: Pecharunt
|-damage|p2a: Pecharunt|17/100
|
|-heal|p1a: Weezing|100/100|[from] item: Leftovers
|upkeep
|turn|26
|
|t:|1759034042
|move|p2a: Pecharunt|Recover|p2a: Pecharunt
|-heal|p2a: Pecharunt|67/100
|move|p1a: Weezing|Taunt|p2a: Pecharunt
|-start|p2a: Pecharunt|move: Taunt
|
|upkeep
|turn|27
|
|t:|1759034059
|-end|p1a: Weezing|ability: Neutralizing Gas
|switch|p1a: Magnezone|Magnezone|65/100
|move|p2a: Pecharunt|Hex|p1a: Magnezone
|-damage|p1a: Magnezone|43/100
|
|upkeep
|turn|28
|
|t:|1759034068
|switch|p2a: Great Tusk|Great Tusk|32/100
|move|p1a: Magnezone|Thunderbolt|p2a: Great Tusk
|-immune|p2a: Great Tusk
|
|upkeep
|turn|29
|
|t:|1759034076
|-terastallize|p1a: Magnezone|Flying
|move|p2a: Great Tusk|Bulk Up|p2a: Great Tusk
|-boost|p2a: Great Tusk|atk|1
|-boost|p2a: Great Tusk|def|1
|move|p1a: Magnezone|Tera Blast|p2a: Great Tusk|[anim] Tera Blast Flying
|-supereffective|p2a: Great Tusk
|-damage|p2a: Great Tusk|0 fnt
|faint|p2a: Great Tusk
|-end|p2a: Great Tusk|Protosynthesis|[silent]
|
|upkeep
|
|t:|1759034090
|switch|p2a: Samurott|Samurott-Hisui, M|100/100
|turn|30
|
|t:|1759034105
|switch|p1a: Weezing|Weezing-Galar, F|100/100
|-ability|p1a: Weezing|Neutralizing Gas
|-terastallize|p2a: Samurott|Water
|move|p2a: Samurott|Aqua Cutter|p1a: Weezing
|-damage|p1a: Weezing|71/100
|
|-heal|p1a: Weezing|77/100|[from] item: Leftovers
|upkeep
|turn|31
|
|t:|1759034118
|switch|p2a: Hydrapple|Hydrapple, F|88/100
|move|p1a: Weezing|Will-O-Wisp|p2a: Hydrapple
|-status|p2a: Hydrapple|brn
|
|-heal|p1a: Weezing|83/100|[from] item: Leftovers
|-damage|p2a: Hydrapple|82/100 brn|[from] brn
|upkeep
|turn|32
|
|t:|1759034124
|move|p1a: Weezing|Taunt|p2a: Hydrapple
|-start|p2a: Hydrapple|move: Taunt
|move|p2a: Hydrapple|Earth Power|p1a: Weezing
|-supereffective|p1a: Weezing
|-damage|p1a: Weezing|9/100
|
|-heal|p1a: Weezing|15/100|[from] item: Leftovers
|-damage|p2a: Hydrapple|76/100 brn|[from] brn
|upkeep
|turn|33
|
|t:|1759034134
|-end|p1a: Weezing|ability: Neutralizing Gas
|switch|p1a: Landorus|Landorus-Therian, M|31/100
|-ability|p1a: Landorus|Intimidate|boost
|-unboost|p2a: Hydrapple|atk|1
|move|p2a: Hydrapple|Energy Ball|p1a: Landorus
|-damage|p1a: Landorus|0 fnt
|faint|p1a: Landorus
|
|-damage|p2a: Hydrapple|70/100 brn|[from] brn
|upkeep
|
|t:|1759034138
|switch|p1a: Magnezone|Magnezone, tera:Flying|43/100
|turn|34
|
|t:|1759034153
|switch|p2a: Araquanid|Araquanid, F|24/100
|move|p1a: Magnezone|Tera Blast|p2a: Araquanid|[anim] Tera Blast Flying
|-supereffective|p2a: Araquanid
|-damage|p2a: Araquanid|0 fnt
|faint|p2a: Araquanid
|
|upkeep
|inactive|pelana7 has 120 seconds left.
|
|t:|1759034173
|switch|p2a: Samurott|Samurott-Hisui, M, tera:Water|100/100
|turn|35
|inactive|pelana7 has 120 seconds left.
|
|t:|1759034195
|switch|p1a: Slowking|Slowking, F|100/100
|move|p2a: Samurott|Flip Turn|p1a: Slowking
|-resisted|p1a: Slowking
|-damage|p1a: Slowking|88/100
|inactive|pelana7 has 120 seconds left.
|
|t:|1759034200
|switch|p2a: Pecharunt|Pecharunt|67/100|[from] Flip Turn
|
|-heal|p1a: Slowking|94/100|[from] item: Leftovers
|upkeep
|turn|36
|inactive|pelana7 has 120 seconds left.
|
|t:|1759034211
|move|p2a: Pecharunt|Malignant Chain|p1a: Slowking
|-damage|p1a: Slowking|61/100
|-prepare|p1a: Slowking|Chilly Reception|[premajor]
|move|p1a: Slowking|Chilly Reception|p1a: Slowking
|-weather|Snowscape
|
|t:|1759034218
|switch|p1a: Magnezone|Magnezone, tera:Flying|43/100|[from] Chilly Reception
|
|-weather|Snowscape|[upkeep]
|upkeep
|turn|37
|
|t:|1759034231
|move|p2a: Pecharunt|Malignant Chain|p1a: Magnezone
|-damage|p1a: Magnezone|10/100
|move|p1a: Magnezone|Thunderbolt|p2a: Pecharunt
|-damage|p2a: Pecharunt|17/100
|
|-weather|Snowscape|[upkeep]
|upkeep
|turn|38
|
|t:|1759034244
|switch|p1a: Slowking|Slowking, F|94/100
|move|p2a: Pecharunt|Hex|p1a: Slowking
|-supereffective|p1a: Slowking
|-damage|p1a: Slowking|52/100
|
|-weather|Snowscape|[upkeep]
|-heal|p1a: Slowking|58/100|[from] item: Leftovers
|upkeep
|turn|39
|
|t:|1759034253
|move|p2a: Pecharunt|Recover|p2a: Pecharunt
|-heal|p2a: Pecharunt|67/100
|move|p1a: Slowking|Psyshock|p2a: Pecharunt
|-supereffective|p2a: Pecharunt
|-damage|p2a: Pecharunt|25/100
|
|-weather|Snowscape|[upkeep]
|-heal|p1a: Slowking|64/100|[from] item: Leftovers
|upkeep
|turn|40
|
|t:|1759034258
|move|p2a: Pecharunt|Recover|p2a: Pecharunt
|-heal|p2a: Pecharunt|75/100
|move|p1a: Slowking|Psyshock|p2a: Pecharunt
|-supereffective|p2a: Pecharunt
|-damage|p2a: Pecharunt|37/100
|
|-weather|none
|-heal|p1a: Slowking|70/100|[from] item: Leftovers
|upkeep
|turn|41
|
|t:|1759034263
|move|p2a: Pecharunt|Recover|p2a: Pecharunt
|-heal|p2a: Pecharunt|87/100
|move|p1a: Slowking|Psyshock|p2a: Pecharunt
|-supereffective|p2a: Pecharunt
|-damage|p2a: Pecharunt|50/100
|
|-heal|p1a: Slowking|76/100|[from] item: Leftovers
|upkeep
|turn|42
|
|t:|1759034268
|move|p2a: Pecharunt|Recover|p2a: Pecharunt
|-heal|p2a: Pecharunt|99/100
|move|p1a: Slowking|Psyshock|p2a: Pecharunt
|-supereffective|p2a: Pecharunt
|-damage|p2a: Pecharunt|62/100
|
|-heal|p1a: Slowking|82/100|[from] item: Leftovers
|upkeep
|turn|43
|
|t:|1759034275
|move|p2a: Pecharunt|Malignant Chain|p1a: Slowking
|-damage|p1a: Slowking|46/100
|move|p1a: Slowking|Psyshock|p2a: Pecharunt
|-supereffective|p2a: Pecharunt
|-damage|p2a: Pecharunt|23/100
|
|-heal|p1a: Slowking|52/100|[from] item: Leftovers
|upkeep
|turn|44
|
|t:|1759034281
|move|p2a: Pecharunt|Recover|p2a: Pecharunt
|-heal|p2a: Pecharunt|73/100
|move|p1a: Slowking|Psyshock|p2a: Pecharunt
|-supereffective|p2a: Pecharunt
|-damage|p2a: Pecharunt|33/100
|
|-heal|p1a: Slowking|58/100|[from] item: Leftovers
|upkeep
|turn|45
|
|t:|1759034286
|move|p2a: Pecharunt|Recover|p2a: Pecharunt
|-heal|p2a: Pecharunt|83/100
|move|p1a: Slowking|Psyshock|p2a: Pecharunt
|-supereffective|p2a: Pecharunt
|-damage|p2a: Pecharunt|44/100
|
|-heal|p1a: Slowking|64/100|[from] item: Leftovers
|upkeep
|turn|46
|
|t:|1759034291
|move|p2a: Pecharunt|Recover|p2a: Pecharunt
|-heal|p2a: Pecharunt|94/100
|move|p1a: Slowking|Psyshock|p2a: Pecharunt
|-supereffective|p2a: Pecharunt
|-damage|p2a: Pecharunt|57/100
|
|-heal|p1a: Slowking|71/100|[from] item: Leftovers
|upkeep
|turn|47
|
|t:|1759034299
|move|p2a: Pecharunt|Nasty Plot|p2a: Pecharunt
|-boost|p2a: Pecharunt|spa|2
|move|p1a: Slowking|Psyshock|p2a: Pecharunt
|-supereffective|p2a: Pecharunt
|-damage|p2a: Pecharunt|17/100
|
|-heal|p1a: Slowking|77/100|[from] item: Leftovers
|upkeep
|turn|48
|
|t:|1759034301
|move|p2a: Pecharunt|Hex|p1a: Slowking
|-supereffective|p1a: Slowking
|-damage|p1a: Slowking|0 fnt
|faint|p1a: Slowking
|
|upkeep
|
|t:|1759034306
|switch|p1a: Weezing|Weezing-Galar, F|15/100
|-ability|p1a: Weezing|Neutralizing Gas
|turn|49
|
|t:|1759034308
|move|p2a: Pecharunt|Hex|p1a: Weezing
|-damage|p1a: Weezing|0 fnt
|faint|p1a: Weezing
|-end|p1a: Weezing|ability: Neutralizing Gas
|
|upkeep
|
|t:|1759034311
|switch|p1a: Magnezone|Magnezone, tera:Flying|10/100
|turn|50
|
|t:|1759034312
|move|p2a: Pecharunt|Hex|p1a: Magnezone
|-damage|p1a: Magnezone|0 fnt
|faint|p1a: Magnezone
|
|win|pelana7
|raw|Kyokatsu2009's rating: 1271 &rarr; <strong>1248</strong><br />(-23 for losing)
|raw|pelana7's rating: 1298 &rarr; <strong>1321</strong><br />(+23 for winning)
|l|☆Kyokatsu2009
|player|p1|
|l|☆pelana7
|player|p2|
