|j|☆IzzyFl0
|j|☆lerendezvous
|t:|1758965963
|gametype|singles
|player|p1|IzzyFl0|unknown|1697
|player|p2|lerendezvous|101|1819
|gen|9
|tier|[Gen 9] OU
|rated|
|rule|HP Percentage Mod: HP is shown in percentages
|rule|Endless Battle Clause: Forcing endless battles is banned
|rule|Species Clause: Limit one of each Pokémon
|rule|OHKO Clause: OHKO moves are banned
|rule|Evasion Items Clause: Evasion items are banned
|rule|Evasion Moves Clause: Evasion moves are banned
|rule|Evasion Abilities Clause: Evasion abilities are banned
|rule|Sleep Moves Clause: Sleep-inducing moves are banned
|clearpoke
|poke|p1|Kommo-o, F|
|poke|p1|Gholdengo|
|poke|p1|Ninetales-Alola, F|
|poke|p1|Hatterene, F|
|poke|p1|Zamazenta-*|
|poke|p1|Kingambit, M|
|poke|p2|Ogerpon-Wellspring, F|
|poke|p2|Slowking-Galar, F|
|poke|p2|Great Tusk|
|poke|p2|Moltres|
|poke|p2|Dragapult, F|
|poke|p2|Kingambit, M|
|teampreview
|inactive|Battle timer is ON: inactive players will automatically lose when time's up. (requested by IzzyFl0)
|inactive|lerendezvous also wants the timer to be on.
|
|t:|1758965982
|teamsize|p1|6
|teamsize|p2|6
|start
|switch|p1a: Zamazenta|Zamazenta|100/100
|switch|p2a: Slowking|Slowking-Galar, F|100/100
|-ability|p1a: Zamazenta|Dauntless Shield|boost
|-boost|p1a: Zamazenta|def|1
|turn|1
|
|t:|1758966003
|move|p1a: Zamazenta|Crunch|p2a: Slowking
|-supereffective|p2a: Slowking
|-damage|p2a: Slowking|32/100
|-unboost|p2a: Slowking|def|1
|-damage|p1a: Zamazenta|91/100|[from] item: Life Orb
|move|p2a: Slowking|Sludge Bomb|p1a: Zamazenta
|-damage|p1a: Zamazenta|53/100
|-status|p1a: Zamazenta|psn
|
|-damage|p1a: Zamazenta|40/100 psn|[from] psn
|upkeep
|turn|2
|j| Rizzofreko
|inactive|IzzyFl0 has 120 seconds left.
|
|t:|1758966024
|switch|p2a: Great Tusk|Great Tusk|100/100
|move|p1a: Zamazenta|Stone Edge|p2a: Great Tusk
|-resisted|p2a: Great Tusk
|-damage|p2a: Great Tusk|93/100
|-damage|p1a: Zamazenta|31/100 psn|[from] item: Life Orb
|
|-damage|p1a: Zamazenta|18/100 psn|[from] psn
|upkeep
|turn|3
|inactive|IzzyFl0 has 120 seconds left.
|
|t:|1758966040
|-end|p2a: Great Tusk|Protosynthesis|[silent]
|switch|p2a: Slowking|Slowking-Galar, F|66/100
|move|p1a: Zamazenta|Close Combat|p2a: Slowking
|-resisted|p2a: Slowking
|-damage|p2a: Slowking|46/100
|-unboost|p1a: Zamazenta|def|1
|-unboost|p1a: Zamazenta|spd|1
|-damage|p1a: Zamazenta|8/100 psn|[from] item: Life Orb
|
|-damage|p1a: Zamazenta|0 fnt|[from] psn
|faint|p1a: Zamazenta
|upkeep
|
|t:|1758966050
|switch|p1a: Ninetales|Ninetales-Alola, F|100/100
|-weather|Snowscape|[from] ability: Snow Warning|[of] p1a: Ninetales
|turn|4
|
|t:|1758966056
|move|p1a: Ninetales|Aurora Veil|p1a: Ninetales
|-sidestart|p1: IzzyFl0|move: Aurora Veil
|move|p2a: Slowking|Sludge Bomb|p1a: Ninetales
|-supereffective|p1a: Ninetales
|-damage|p1a: Ninetales|55/100
|-status|p1a: Ninetales|psn
|
|-weather|Snowscape|[upkeep]
|-damage|p1a: Ninetales|43/100 psn|[from] psn
|upkeep
|turn|5
|inactive|IzzyFl0 has 120 seconds left.
|
|t:|1758966078
|switch|p1a: Gholdengo|Gholdengo|100/100
|switch|p2a: Moltres|Moltres|100/100
|
|-weather|Snowscape|[upkeep]
|upkeep
|turn|6
|inactive|IzzyFl0 has 90 seconds left.
|
|t:|1758966105
|switch|p1a: Hatterene|Hatterene, F|100/100
|move|p2a: Moltres|Flamethrower|p1a: Hatterene
|-damage|p1a: Hatterene|81/100
|
|-weather|Snowscape|[upkeep]
|upkeep
|turn|7
|
|t:|1758966113
|move|p2a: Moltres|Flamethrower|p1a: Hatterene
|-damage|p1a: Hatterene|61/100
|move|p1a: Hatterene|Calm Mind|p1a: Hatterene
|-boost|p1a: Hatterene|spa|1
|-boost|p1a: Hatterene|spd|1
|
|-weather|Snowscape|[upkeep]
|upkeep
|turn|8
|
|t:|1758966123
|move|p2a: Moltres|U-turn|p1a: Hatterene
|-damage|p1a: Hatterene|54/100
|
|t:|1758966131
|switch|p2a: Slowking|Slowking-Galar, F|79/100|[from] U-turn
|move|p1a: Hatterene|Nuzzle|p2a: Slowking
|-damage|p2a: Slowking|76/100
|-status|p2a: Slowking|par
|
|-weather|none
|upkeep
|turn|9
|
|t:|1758966146
|move|p1a: Hatterene|Psychic Noise|p2a: Slowking
|-damage|p2a: Slowking|48/100 par
|-start|p2a: Slowking|move: Heal Block
|move|p2a: Slowking|Sludge Bomb|p1a: Hatterene
|-supereffective|p1a: Hatterene
|-damage|p1a: Hatterene|26/100
|
|upkeep
|turn|10
|
|t:|1758966160
|move|p1a: Hatterene|Psychic Noise|p2a: Slowking
|-damage|p2a: Slowking|23/100 par
|move|p2a: Slowking|Sludge Bomb|p1a: Hatterene
|-supereffective|p1a: Hatterene
|-damage|p1a: Hatterene|0 fnt
|faint|p1a: Hatterene
|
|-end|p2a: Slowking|move: Heal Block
|upkeep
|inactive|IzzyFl0 has 90 seconds left.
|
|t:|1758966172
|switch|p1a: Kommo-o|Kommo-o, F|100/100
|turn|11
|
|t:|1758966176
|switch|p2a: Moltres|Moltres|100/100
|move|p1a: Kommo-o|Clangorous Soul|p1a: Kommo-o
|-boost|p1a: Kommo-o|atk|1
|-boost|p1a: Kommo-o|def|1
|-boost|p1a: Kommo-o|spa|1
|-boost|p1a: Kommo-o|spd|1
|-boost|p1a: Kommo-o|spe|1
|-damage|p1a: Kommo-o|68/100
|-enditem|p1a: Kommo-o|Throat Spray
|-boost|p1a: Kommo-o|spa|1|[from] item: Throat Spray
|
|-sideend|p1: IzzyFl0|move: Aurora Veil
|upkeep
|turn|12
|
|t:|1758966187
|switch|p2a: Slowking|Slowking-Galar, F|57/100 par
|-terastallize|p1a: Kommo-o|Dragon
|move|p1a: Kommo-o|Clanging Scales|p2a: Slowking
|-damage|p2a: Slowking|0 fnt
|faint|p2a: Slowking
|-unboost|p1a: Kommo-o|def|1
|
|upkeep
|
|t:|1758966196
|switch|p2a: Moltres|Moltres|100/100
|turn|13
|
|t:|1758966201
|-terastallize|p2a: Moltres|Fairy
|move|p1a: Kommo-o|Clanging Scales|p2a: Moltres
|-immune|p2a: Moltres
|move|p2a: Moltres|Roar|p1a: Kommo-o
|-immune|p1a: Kommo-o|[from] ability: Soundproof
|
|upkeep
|turn|14
|inactive|IzzyFl0 has 120 seconds left.
|
|t:|1758966209
|move|p1a: Kommo-o|Boomburst|p2a: Moltres
|-damage|p2a: Moltres|15/100
|move|p2a: Moltres|Flamethrower|p1a: Kommo-o
|-resisted|p1a: Kommo-o
|-damage|p1a: Kommo-o|53/100
|
|upkeep
|turn|15
|
|t:|1758966219
|switch|p2a: Dragapult|Dragapult, F|100/100
|move|p1a: Kommo-o|Flamethrower|p2a: Dragapult
|-resisted|p2a: Dragapult
|-damage|p2a: Dragapult|59/100
|
|upkeep
|turn|16
|
|t:|1758966227
|move|p1a: Kommo-o|Clanging Scales|p2a: Dragapult
|-supereffective|p2a: Dragapult
|-damage|p2a: Dragapult|0 fnt
|faint|p2a: Dragapult
|-unboost|p1a: Kommo-o|def|1
|
|upkeep
|l| Rizzofreko
|
|t:|1758966232
|switch|p2a: Kingambit|Kingambit, M|100/100
|-activate|p2a: Kingambit|ability: Supreme Overlord
|-start|p2a: Kingambit|fallen2|[silent]
|turn|17
|
|t:|1758966255
|switch|p1a: Ninetales|Ninetales-Alola, F|43/100 psn
|-weather|Snowscape|[from] ability: Snow Warning|[of] p1a: Ninetales
|move|p2a: Kingambit|Sucker Punch||[still]
|-fail|p2a: Kingambit
|
|-weather|Snowscape|[upkeep]
|-damage|p1a: Ninetales|31/100 psn|[from] psn
|upkeep
|turn|18
|
|t:|1758966263
|move|p1a: Ninetales|Aurora Veil|p1a: Ninetales
|-sidestart|p1: IzzyFl0|move: Aurora Veil
|move|p2a: Kingambit|Swords Dance|p2a: Kingambit
|-boost|p2a: Kingambit|atk|2
|
|-weather|Snowscape|[upkeep]
|-damage|p1a: Ninetales|18/100 psn|[from] psn
|upkeep
|turn|19
|
|t:|1758966269
|move|p2a: Kingambit|Sucker Punch||[still]
|-fail|p2a: Kingambit
|move|p1a: Ninetales|Encore|p2a: Kingambit
|-start|p2a: Kingambit|Encore
|
|-weather|Snowscape|[upkeep]
|-damage|p1a: Ninetales|6/100 psn|[from] psn
|upkeep
|turn|20
|inactive|IzzyFl0 has 120 seconds left.
|
|t:|1758966316
|switch|p1a: Kingambit|Kingambit, M|100/100
|-activate|p1a: Kingambit|ability: Supreme Overlord
|-start|p1a: Kingambit|fallen2|[silent]
|-item|p1a: Kingambit|Air Balloon
|move|p2a: Kingambit|Sucker Punch||[still]
|-fail|p2a: Kingambit
|
|-weather|Snowscape|[upkeep]
|upkeep
|turn|21
|
|t:|1758966326
|-end|p2a: Kingambit|fallen2|[silent]
|switch|p2a: Moltres|Moltres, tera:Fairy|15/100
|move|p1a: Kingambit|Swords Dance|p1a: Kingambit
|-boost|p1a: Kingambit|atk|2
|
|-weather|none
|upkeep
|turn|22
|
|t:|1758966336
|move|p2a: Moltres|Roost|p2a: Moltres
|-heal|p2a: Moltres|65/100
|move|p1a: Kingambit|Iron Head|p2a: Moltres
|-supereffective|p2a: Moltres
|-crit|p2a: Moltres
|-damage|p2a: Moltres|0 fnt
|-status|p1a: Kingambit|brn|[from] ability: Flame Body|[of] p2a: Moltres
|faint|p2a: Moltres
|
|-damage|p1a: Kingambit|94/100 brn|[from] brn
|upkeep
|
|t:|1758966345
|switch|p2a: Kingambit|Kingambit, M|100/100
|-activate|p2a: Kingambit|ability: Supreme Overlord
|-start|p2a: Kingambit|fallen3|[silent]
|turn|23
|
|t:|1758966353
|move|p2a: Kingambit|Swords Dance|p2a: Kingambit
|-boost|p2a: Kingambit|atk|2
|move|p1a: Kingambit|Swords Dance|p1a: Kingambit
|-boost|p1a: Kingambit|atk|2
|
|-damage|p1a: Kingambit|88/100 brn|[from] brn
|upkeep
|turn|24
|inactive|IzzyFl0 has 120 seconds left.
|
|t:|1758966364
|move|p2a: Kingambit|Low Kick|p1a: Kingambit
|-supereffective|p1a: Kingambit
|-damage|p1a: Kingambit|0 fnt
|-enditem|p1a: Kingambit|Air Balloon
|faint|p1a: Kingambit
|-end|p1a: Kingambit|fallen2|[silent]
|
|upkeep
|
|t:|1758966371
|switch|p1a: Ninetales|Ninetales-Alola, F|6/100 psn
|-weather|Snowscape|[from] ability: Snow Warning|[of] p1a: Ninetales
|turn|25
|j| Tidk
|
|t:|1758966375
|move|p2a: Kingambit|Sucker Punch||[still]
|-fail|p2a: Kingambit
|move|p1a: Ninetales|Encore|p2a: Kingambit
|-start|p2a: Kingambit|Encore
|
|-weather|Snowscape|[upkeep]
|-damage|p1a: Ninetales|0 fnt|[from] psn
|faint|p1a: Ninetales
|-sideend|p1: IzzyFl0|move: Aurora Veil
|upkeep
|l| Tidk
|
|t:|1758966383
|switch|p1a: Gholdengo|Gholdengo|100/100
|turn|26
|
|t:|1758966387
|-end|p2a: Kingambit|fallen3|[silent]
|switch|p2a: Ogerpon|Ogerpon-Wellspring, F|100/100
|move|p1a: Gholdengo|Nasty Plot|p1a: Gholdengo
|-boost|p1a: Gholdengo|spa|2
|
|-weather|Snowscape|[upkeep]
|upkeep
|turn|27
|
|t:|1758966396
|move|p2a: Ogerpon|Knock Off|p1a: Gholdengo
|-supereffective|p1a: Gholdengo
|-damage|p1a: Gholdengo|9/100
|-enditem|p1a: Gholdengo|Custap Berry|[from] move: Knock Off|[of] p2a: Ogerpon
|move|p1a: Gholdengo|Shadow Ball|p2a: Ogerpon
|-damage|p2a: Ogerpon|0 fnt
|faint|p2a: Ogerpon
|
|-weather|Snowscape|[upkeep]
|upkeep
|
|t:|1758966403
|switch|p2a: Great Tusk|Great Tusk|93/100
|turn|28
|
|t:|1758966410
|move|p2a: Great Tusk|Headlong Rush|p1a: Gholdengo
|-supereffective|p1a: Gholdengo
|-damage|p1a: Gholdengo|0 fnt
|-unboost|p2a: Great Tusk|def|1
|-unboost|p2a: Great Tusk|spd|1
|faint|p1a: Gholdengo
|
|-weather|Snowscape|[upkeep]
|upkeep
|
|t:|1758966416
|switch|p1a: Kommo-o|Kommo-o, F, tera:Dragon|53/100
|turn|29
|
|t:|1758966427
|move|p2a: Great Tusk|Headlong Rush|p1a: Kommo-o
|-damage|p1a: Kommo-o|0 fnt
|-unboost|p2a: Great Tusk|def|1
|-unboost|p2a: Great Tusk|spd|1
|faint|p1a: Kommo-o
|
|win|lerendezvous
|raw|IzzyFl0's rating: 1697 &rarr; <strong>1684</strong><br />(-13 for losing)
|raw|lerendezvous's rating: 1819 &rarr; <strong>1832</strong><br />(+13 for winning)
|l|☆lerendezvous
|player|p2|
|l|☆IzzyFl0
|player|p1|
