|j|☆CC Foot Soldier
|j|☆qways
|t:|1759054087
|gametype|singles
|player|p1|CC Foot Soldier|waiter-gen4|1687
|player|p2|qways|102|1760
|gen|9
|tier|[Gen 9] OU
|rated|
|rule|HP Percentage Mod: HP is shown in percentages
|rule|Endless Battle Clause: Forcing endless battles is banned
|rule|Species Clause: Limit one of each Pokémon
|rule|OHKO Clause: OHKO moves are banned
|rule|Evasion Items Clause: Evasion items are banned
|rule|Evasion Moves Clause: Evasion moves are banned
|rule|Evasion Abilities Clause: Evasion abilities are banned
|rule|Sleep Moves Clause: Sleep-inducing moves are banned
|clearpoke
|poke|p1|Rillaboom, M|
|poke|p1|Kyurem|
|poke|p1|Cinderace, M|
|poke|p1|Gholdengo|
|poke|p1|Garganacl, F|
|poke|p1|Darkrai|
|poke|p2|Ninetales, F|
|poke|p2|Zamazenta-*|
|poke|p2|Cinderace, F|
|poke|p2|Walking Wake|
|poke|p2|Slither Wing|
|poke|p2|Raging Bolt|
|teampreview
|c|☆CC Foot Soldier|hf
|c|☆qways|u2
|
|t:|1759054118
|teamsize|p1|6
|teamsize|p2|6
|start
|switch|p1a: Darkrai|Darkrai|100/100
|switch|p2a: Ninetales|Ninetales, F|100/100
|-weather|SunnyDay|[from] ability: Drought|[of] p2a: Ninetales
|turn|1
|
|t:|1759054133
|move|p1a: Darkrai|Knock Off|p2a: Ninetales
|-damage|p2a: Ninetales|64/100
|-enditem|p2a: Ninetales|Heat Rock|[from] move: Knock Off|[of] p1a: Darkrai
|move|p2a: Ninetales|Weather Ball|p1a: Darkrai
|-damage|p1a: Darkrai|44/100
|
|-weather|SunnyDay|[upkeep]
|upkeep
|turn|2
|
|t:|1759054143
|move|p1a: Darkrai|Dark Pulse|p2a: Ninetales
|-damage|p2a: Ninetales|19/100
|move|p2a: Ninetales|Weather Ball|p1a: Darkrai
|-damage|p1a: Darkrai|0 fnt
|faint|p1a: Darkrai
|
|-weather|SunnyDay|[upkeep]
|upkeep
|
|t:|1759054151
|switch|p1a: Garganacl|Garganacl, F|100/100
|turn|3
|
|t:|1759054157
|switch|p2a: Slither Wing|Slither Wing|100/100
|-activate|p2a: Slither Wing|ability: Protosynthesis
|-start|p2a: Slither Wing|protosynthesisatk
|move|p1a: Garganacl|Stealth Rock|p2a: Slither Wing
|-sidestart|p2: qways|move: Stealth Rock
|
|-weather|SunnyDay|[upkeep]
|upkeep
|turn|4
|
|t:|1759054164
|move|p1a: Garganacl|Protect|p1a: Garganacl
|-singleturn|p1a: Garganacl|Protect
|move|p2a: Slither Wing|Close Combat|p1a: Garganacl
|-activate|p1a: Garganacl|move: Protect
|
|-weather|SunnyDay|[upkeep]
|upkeep
|turn|5
|
|t:|1759054170
|-end|p2a: Slither Wing|Protosynthesis|[silent]
|switch|p2a: Walking Wake|Walking Wake|100/100
|-damage|p2a: Walking Wake|88/100|[from] Stealth Rock
|-activate|p2a: Walking Wake|ability: Protosynthesis
|-start|p2a: Walking Wake|protosynthesisspe
|switch|p1a: Gholdengo|Gholdengo|100/100
|-item|p1a: Gholdengo|Air Balloon
|
|-weather|SunnyDay|[upkeep]
|upkeep
|turn|6
|
|t:|1759054181
|switch|p1a: Rillaboom|Rillaboom, M|100/100
|-fieldstart|move: Grassy Terrain|[from] ability: Grassy Surge|[of] p1a: Rillaboom
|move|p2a: Walking Wake|Flamethrower|p1a: Rillaboom
|-supereffective|p1a: Rillaboom
|-damage|p1a: Rillaboom|0 fnt
|faint|p1a: Rillaboom
|
|-weather|SunnyDay|[upkeep]
|-heal|p2a: Walking Wake|94/100|[from] Grassy Terrain
|upkeep
|
|t:|1759054202
|switch|p1a: Cinderace|Cinderace, M|100/100
|turn|7
|
|t:|1759054216
|move|p2a: Walking Wake|Flamethrower|p1a: Cinderace
|-resisted|p1a: Cinderace
|-damage|p1a: Cinderace|48/100
|move|p1a: Cinderace|Gunk Shot|p2a: Walking Wake
|-start|p1a: Cinderace|typechange|Poison|[from] ability: Libero
|-damage|p2a: Walking Wake|36/100
|
|-weather|SunnyDay|[upkeep]
|-heal|p2a: Walking Wake|42/100|[from] Grassy Terrain
|-heal|p1a: Cinderace|54/100|[from] Grassy Terrain
|upkeep
|turn|8
|
|t:|1759054231
|switch|p1a: Garganacl|Garganacl, F|100/100
|move|p2a: Walking Wake|Flamethrower|p1a: Garganacl
|-resisted|p1a: Garganacl
|-damage|p1a: Garganacl|78/100
|
|-weather|none
|-end|p2a: Walking Wake|Protosynthesis
|-heal|p2a: Walking Wake|49/100|[from] Grassy Terrain
|-heal|p1a: Garganacl|84/100|[from] Grassy Terrain
|-heal|p1a: Garganacl|90/100|[from] item: Leftovers
|upkeep
|turn|9
|
|t:|1759054240
|-end|p2a: Walking Wake|Protosynthesis|[silent]
|switch|p2a: Zamazenta|Zamazenta|100/100
|-damage|p2a: Zamazenta|94/100|[from] Stealth Rock
|-ability|p2a: Zamazenta|Dauntless Shield|boost
|-boost|p2a: Zamazenta|def|1
|move|p1a: Garganacl|Salt Cure|p2a: Zamazenta
|-resisted|p2a: Zamazenta
|-crit|p2a: Zamazenta
|-damage|p2a: Zamazenta|85/100
|-start|p2a: Zamazenta|Salt Cure
|
|-heal|p2a: Zamazenta|91/100|[from] Grassy Terrain
|-heal|p2a: Zamazenta|97/100|[from] item: Leftovers
|-heal|p1a: Garganacl|96/100|[from] Grassy Terrain
|-heal|p1a: Garganacl|100/100|[from] item: Leftovers
|-damage|p2a: Zamazenta|85/100|[from] Salt Cure
|upkeep
|turn|10
|
|t:|1759054256
|move|p2a: Zamazenta|Iron Defense|p2a: Zamazenta
|-boost|p2a: Zamazenta|def|2
|move|p1a: Garganacl|Salt Cure|p2a: Zamazenta
|-resisted|p2a: Zamazenta
|-damage|p2a: Zamazenta|83/100
|
|-heal|p2a: Zamazenta|89/100|[from] Grassy Terrain
|-heal|p2a: Zamazenta|95/100|[from] item: Leftovers
|-damage|p2a: Zamazenta|83/100|[from] Salt Cure
|-fieldend|move: Grassy Terrain
|upkeep
|turn|11
|
|t:|1759054265
|switch|p1a: Gholdengo|Gholdengo|100/100
|-item|p1a: Gholdengo|Air Balloon
|move|p2a: Zamazenta|Crunch|p1a: Gholdengo
|-supereffective|p1a: Gholdengo
|-damage|p1a: Gholdengo|69/100
|-enditem|p1a: Gholdengo|Air Balloon
|
|-heal|p2a: Zamazenta|89/100|[from] item: Leftovers
|-damage|p2a: Zamazenta|76/100|[from] Salt Cure
|upkeep
|turn|12
|
|t:|1759054278
|switch|p2a: Cinderace|Cinderace, F|100/100
|move|p1a: Gholdengo|Thunder Wave|p2a: Cinderace
|-status|p2a: Cinderace|par
|
|upkeep
|turn|13
|
|t:|1759054296
|move|p1a: Gholdengo|Hex|p2a: Cinderace
|-damage|p2a: Cinderace|20/100 par
|move|p2a: Cinderace|Court Change|p2a: Cinderace
|-swapsideconditions
|-activate|p2a: Cinderace|move: Court Change
|
|upkeep
|turn|14
|
|t:|1759054304
|switch|p1a: Garganacl|Garganacl, F|100/100
|-damage|p1a: Garganacl|88/100|[from] Stealth Rock
|cant|p2a: Cinderace|par
|
|-heal|p1a: Garganacl|94/100|[from] item: Leftovers
|upkeep
|turn|15
|
|t:|1759054311
|switch|p2a: Ninetales|Ninetales, F|19/100
|-weather|SunnyDay|[from] ability: Drought|[of] p2a: Ninetales
|move|p1a: Garganacl|Stealth Rock|p2a: Ninetales
|-sidestart|p2: qways|move: Stealth Rock
|
|-weather|SunnyDay|[upkeep]
|-heal|p1a: Garganacl|100/100|[from] item: Leftovers
|upkeep
|turn|16
|
|t:|1759054321
|move|p1a: Garganacl|Protect|p1a: Garganacl
|-singleturn|p1a: Garganacl|Protect
|move|p2a: Ninetales|Encore|p1a: Garganacl
|-activate|p1a: Garganacl|move: Protect
|
|-weather|SunnyDay|[upkeep]
|upkeep
|turn|17
|
|t:|1759054339
|switch|p1a: Cinderace|Cinderace, M|54/100
|move|p2a: Ninetales|Encore||[still]
|-fail|p2a: Ninetales
|
|-weather|SunnyDay|[upkeep]
|upkeep
|turn|18
|
|t:|1759054345
|move|p1a: Cinderace|U-turn|p2a: Ninetales
|-start|p1a: Cinderace|typechange|Bug|[from] ability: Libero
|-resisted|p2a: Ninetales
|-damage|p2a: Ninetales|0 fnt
|faint|p2a: Ninetales
|
|t:|1759054352
|switch|p1a: Garganacl|Garganacl, F|100/100|[from] U-turn
|-damage|p1a: Garganacl|88/100|[from] Stealth Rock
|
|-weather|SunnyDay|[upkeep]
|-heal|p1a: Garganacl|94/100|[from] item: Leftovers
|upkeep
|
|t:|1759054358
|switch|p2a: Walking Wake|Walking Wake|49/100
|-damage|p2a: Walking Wake|36/100|[from] Stealth Rock
|-activate|p2a: Walking Wake|ability: Protosynthesis
|-start|p2a: Walking Wake|protosynthesisspe
|turn|19
|
|t:|1759054363
|move|p1a: Garganacl|Protect|p1a: Garganacl
|-singleturn|p1a: Garganacl|Protect
|move|p2a: Walking Wake|Hydro Steam|p1a: Garganacl
|-activate|p1a: Garganacl|move: Protect
|
|-weather|none
|-end|p2a: Walking Wake|Protosynthesis
|-heal|p1a: Garganacl|100/100|[from] item: Leftovers
|upkeep
|turn|20
|
|t:|1759054383
|switch|p1a: Kyurem|Kyurem|100/100
|-damage|p1a: Kyurem|76/100|[from] Stealth Rock
|-ability|p1a: Kyurem|Pressure
|move|p2a: Walking Wake|Hydro Steam|p1a: Kyurem
|-resisted|p1a: Kyurem
|-damage|p1a: Kyurem|51/100
|
|-heal|p1a: Kyurem|57/100|[from] item: Leftovers
|upkeep
|turn|21
|
|t:|1759054398
|-end|p2a: Walking Wake|Protosynthesis|[silent]
|switch|p2a: Cinderace|Cinderace, F|20/100 par
|move|p1a: Kyurem|Freeze-Dry|p2a: Cinderace
|-resisted|p2a: Cinderace
|-damage|p2a: Cinderace|0 fnt
|faint|p2a: Cinderace
|
|-heal|p1a: Kyurem|63/100|[from] item: Leftovers
|upkeep
|
|t:|1759054414
|switch|p2a: Zamazenta|Zamazenta|76/100
|-damage|p2a: Zamazenta|70/100|[from] Stealth Rock
|turn|22
|
|t:|1759054421
|move|p2a: Zamazenta|Iron Defense|p2a: Zamazenta
|-boost|p2a: Zamazenta|def|2
|move|p1a: Kyurem|Freeze-Dry|p2a: Zamazenta
|-damage|p2a: Zamazenta|45/100
|
|-heal|p2a: Zamazenta|51/100|[from] item: Leftovers
|-heal|p1a: Kyurem|69/100|[from] item: Leftovers
|upkeep
|turn|23
|
|t:|1759054428
|switch|p1a: Gholdengo|Gholdengo|69/100
|-damage|p1a: Gholdengo|63/100|[from] Stealth Rock
|move|p2a: Zamazenta|Iron Defense|p2a: Zamazenta
|-boost|p2a: Zamazenta|def|2
|
|-heal|p2a: Zamazenta|58/100|[from] item: Leftovers
|upkeep
|turn|24
|
|t:|1759054435
|-terastallize|p2a: Zamazenta|Electric
|move|p2a: Zamazenta|Crunch|p1a: Gholdengo
|-supereffective|p1a: Gholdengo
|-damage|p1a: Gholdengo|28/100
|move|p1a: Gholdengo|Recover|p1a: Gholdengo
|-heal|p1a: Gholdengo|78/100
|
|-heal|p2a: Zamazenta|64/100|[from] item: Leftovers
|upkeep
|turn|25
|
|t:|1759054445
|move|p2a: Zamazenta|Crunch|p1a: Gholdengo
|-supereffective|p1a: Gholdengo
|-damage|p1a: Gholdengo|46/100
|move|p1a: Gholdengo|Hex|p2a: Zamazenta
|-damage|p2a: Zamazenta|37/100
|
|-heal|p2a: Zamazenta|43/100|[from] item: Leftovers
|upkeep
|turn|26
|
|t:|1759054452
|move|p2a: Zamazenta|Crunch|p1a: Gholdengo
|-supereffective|p1a: Gholdengo
|-damage|p1a: Gholdengo|12/100
|-unboost|p1a: Gholdengo|def|1
|move|p1a: Gholdengo|Recover|p1a: Gholdengo
|-heal|p1a: Gholdengo|62/100
|
|-heal|p2a: Zamazenta|49/100|[from] item: Leftovers
|upkeep
|turn|27
|
|t:|1759054478
|move|p2a: Zamazenta|Iron Defense|p2a: Zamazenta
|-boost|p2a: Zamazenta|def|2
|move|p1a: Gholdengo|Recover|p1a: Gholdengo
|-heal|p1a: Gholdengo|100/100
|
|-heal|p2a: Zamazenta|55/100|[from] item: Leftovers
|upkeep
|turn|28
|
|t:|1759054484
|move|p2a: Zamazenta|Crunch|p1a: Gholdengo
|-supereffective|p1a: Gholdengo
|-damage|p1a: Gholdengo|49/100
|move|p1a: Gholdengo|Hex|p2a: Zamazenta
|-damage|p2a: Zamazenta|32/100
|
|-heal|p2a: Zamazenta|38/100|[from] item: Leftovers
|upkeep
|turn|29
|
|t:|1759054491
|move|p2a: Zamazenta|Crunch|p1a: Gholdengo
|-supereffective|p1a: Gholdengo
|-damage|p1a: Gholdengo|0 fnt
|faint|p1a: Gholdengo
|
|-heal|p2a: Zamazenta|44/100|[from] item: Leftovers
|upkeep
|
|t:|1759054513
|switch|p1a: Garganacl|Garganacl, F|100/100
|-damage|p1a: Garganacl|88/100|[from] Stealth Rock
|turn|30
|inactive|Battle timer is ON: inactive players will automatically lose when time's up. (requested by qways)
|
|t:|1759054517
|move|p1a: Garganacl|Protect|p1a: Garganacl
|-singleturn|p1a: Garganacl|Protect
|move|p2a: Zamazenta|Body Press|p1a: Garganacl
|-activate|p1a: Garganacl|move: Protect
|
|-heal|p2a: Zamazenta|50/100|[from] item: Leftovers
|-heal|p1a: Garganacl|94/100|[from] item: Leftovers
|upkeep
|turn|31
|
|t:|1759054527
|-terastallize|p1a: Garganacl|Grass
|move|p2a: Zamazenta|Body Press|p1a: Garganacl
|-damage|p1a: Garganacl|10/100
|move|p1a: Garganacl|Salt Cure|p2a: Zamazenta
|-damage|p2a: Zamazenta|48/100
|-start|p2a: Zamazenta|Salt Cure
|
|-heal|p2a: Zamazenta|54/100|[from] item: Leftovers
|-heal|p1a: Garganacl|17/100|[from] item: Leftovers
|-damage|p2a: Zamazenta|41/100|[from] Salt Cure
|upkeep
|turn|32
|
|t:|1759054537
|move|p1a: Garganacl|Protect|p1a: Garganacl
|-singleturn|p1a: Garganacl|Protect
|move|p2a: Zamazenta|Body Press|p1a: Garganacl
|-activate|p1a: Garganacl|move: Protect
|
|-heal|p2a: Zamazenta|48/100|[from] item: Leftovers
|-heal|p1a: Garganacl|23/100|[from] item: Leftovers
|-damage|p2a: Zamazenta|35/100|[from] Salt Cure
|upkeep
|turn|33
|
|t:|1759054548
|switch|p1a: Kyurem|Kyurem|69/100
|-damage|p1a: Kyurem|44/100|[from] Stealth Rock
|-ability|p1a: Kyurem|Pressure
|move|p2a: Zamazenta|Body Press|p1a: Kyurem
|-supereffective|p1a: Kyurem
|-damage|p1a: Kyurem|0 fnt
|faint|p1a: Kyurem
|
|-heal|p2a: Zamazenta|41/100|[from] item: Leftovers
|-damage|p2a: Zamazenta|29/100|[from] Salt Cure
|upkeep
|
|t:|1759054559
|switch|p1a: Garganacl|Garganacl, F, tera:Grass|23/100
|-damage|p1a: Garganacl|10/100|[from] Stealth Rock
|turn|34
|
|t:|1759054563
|move|p1a: Garganacl|Protect|p1a: Garganacl
|-singleturn|p1a: Garganacl|Protect
|move|p2a: Zamazenta|Body Press|p1a: Garganacl
|-activate|p1a: Garganacl|move: Protect
|
|-heal|p2a: Zamazenta|35/100|[from] item: Leftovers
|-heal|p1a: Garganacl|17/100|[from] item: Leftovers
|-damage|p2a: Zamazenta|23/100|[from] Salt Cure
|upkeep
|turn|35
|
|t:|1759054571
|move|p1a: Garganacl|Protect||[still]
|-fail|p1a: Garganacl
|move|p2a: Zamazenta|Body Press|p1a: Garganacl
|-damage|p1a: Garganacl|0 fnt
|faint|p1a: Garganacl
|
|-heal|p2a: Zamazenta|29/100|[from] item: Leftovers
|-damage|p2a: Zamazenta|16/100|[from] Salt Cure
|upkeep
|c|☆CC Foot Soldier|gg
|
|t:|1759054579
|switch|p1a: Cinderace|Cinderace, M|54/100
|turn|36
|c|☆qways|gg
|
|t:|1759054584
|move|p1a: Cinderace|Sucker Punch|p2a: Zamazenta
|-start|p1a: Cinderace|typechange|Dark|[from] ability: Libero
|-damage|p2a: Zamazenta|9/100
|move|p2a: Zamazenta|Body Press|p1a: Cinderace
|-supereffective|p1a: Cinderace
|-damage|p1a: Cinderace|0 fnt
|faint|p1a: Cinderace
|
|win|qways
|raw|CC Foot Soldier's rating: 1687 &rarr; <strong>1671</strong><br />(-16 for losing)
|raw|qways's rating: 1760 &rarr; <strong>1776</strong><br />(+16 for winning)
|l|☆CC Foot Soldier
|player|p1|
|l|☆qways
|player|p2|
