|j|☆dicolibri
|j|☆Partynparadise
|t:|1758994536
|gametype|singles
|player|p1|dicolibri|hiker|1566
|player|p2|Partynparadise|brock|1570
|gen|9
|tier|[Gen 9] OU
|rated|
|rule|HP Percentage Mod: HP is shown in percentages
|rule|Endless Battle Clause: Forcing endless battles is banned
|rule|Species Clause: Limit one of each Pokémon
|rule|OHKO Clause: OHKO moves are banned
|rule|Evasion Items Clause: Evasion items are banned
|rule|Evasion Moves Clause: Evasion moves are banned
|rule|Evasion Abilities Clause: Evasion abilities are banned
|rule|Sleep Moves Clause: Sleep-inducing moves are banned
|clearpoke
|poke|p1|Mesprit|
|poke|p1|Hatterene, F|
|poke|p1|Kingambit, F|
|poke|p1|Ursaluna, F|
|poke|p1|Iron Hands|
|poke|p1|Hoopa-Unbound|
|poke|p2|Great Tusk|
|poke|p2|Kyurem|
|poke|p2|Slowking-Galar, M|
|poke|p2|Moltres|
|poke|p2|Iron Valiant|
|poke|p2|Ogerpon-Wellspring, F|
|teampreview
|inactive|Battle timer is ON: inactive players will automatically lose when time's up. (requested by Partynparadise)
|
|t:|1758994542
|teamsize|p1|6
|teamsize|p2|6
|start
|switch|p1a: Iron Hands|Iron Hands|100/100
|switch|p2a: Ogerpon|Ogerpon-Wellspring, F|100/100
|-enditem|p1a: Iron Hands|Booster Energy
|-activate|p1a: Iron Hands|ability: Quark Drive|[fromitem]
|-start|p1a: Iron Hands|quarkdriveatk
|turn|1
|
|t:|1758994548
|move|p2a: Ogerpon|U-turn|p1a: Iron Hands
|-resisted|p1a: Iron Hands
|-crit|p1a: Iron Hands
|-damage|p1a: Iron Hands|88/100
|
|t:|1758994554
|switch|p2a: Great Tusk|Great Tusk|100/100|[from] U-turn
|move|p1a: Iron Hands|Swords Dance|p1a: Iron Hands
|-boost|p1a: Iron Hands|atk|2
|
|upkeep
|turn|2
|
|t:|1758994567
|-end|p2a: Great Tusk|Protosynthesis|[silent]
|switch|p2a: Moltres|Moltres|100/100
|move|p1a: Iron Hands|Ice Punch|p2a: Moltres
|-damage|p2a: Moltres|46/100
|
|upkeep
|turn|3
|
|t:|1758994577
|move|p2a: Moltres|Scorching Sands|p1a: Iron Hands
|-supereffective|p1a: Iron Hands
|-damage|p1a: Iron Hands|57/100
|move|p1a: Iron Hands|Thunder Punch|p2a: Moltres
|-supereffective|p2a: Moltres
|-damage|p2a: Moltres|0 fnt
|faint|p2a: Moltres
|
|upkeep
|
|t:|1758994592
|switch|p2a: Iron Valiant|Iron Valiant|100/100
|-enditem|p2a: Iron Valiant|Booster Energy
|-activate|p2a: Iron Valiant|ability: Quark Drive|[fromitem]
|-start|p2a: Iron Valiant|quarkdrivespe
|turn|4
|
|t:|1758994596
|-end|p1a: Iron Hands|Quark Drive|[silent]
|switch|p1a: Mesprit|Mesprit|100/100
|move|p2a: Iron Valiant|Moonblast|p1a: Mesprit
|-damage|p1a: Mesprit|68/100
|
|upkeep
|turn|5
|
|t:|1758994604
|-end|p2a: Iron Valiant|Quark Drive|[silent]
|switch|p2a: Slowking|Slowking-Galar, M|100/100
|move|p1a: Mesprit|Stealth Rock|p2a: Slowking
|-sidestart|p2: Partynparadise|move: Stealth Rock
|
|upkeep
|turn|6
|
|t:|1758994607
|move|p2a: Slowking|Future Sight|p1a: Mesprit
|-start|p2a: Slowking|move: Future Sight
|move|p1a: Mesprit|Trick Room|p1a: Mesprit
|-fieldstart|move: Trick Room|[of] p1a: Mesprit
|
|upkeep
|turn|7
|
|t:|1758994621
|switch|p1a: Ursaluna|Ursaluna, F|100/100
|move|p2a: Slowking|Ice Beam|p1a: Ursaluna
|-supereffective|p1a: Ursaluna
|-damage|p1a: Ursaluna|59/100
|
|-status|p1a: Ursaluna|brn|[from] item: Flame Orb
|upkeep
|turn|8
|
|t:|1758994638
|move|p1a: Ursaluna|Facade|p2a: Slowking
|-damage|p2a: Slowking|0 fnt
|faint|p2a: Slowking
|
|-end|p1a: Ursaluna|move: Future Sight
|-damage|p1a: Ursaluna|19/100 brn
|-damage|p1a: Ursaluna|13/100 brn|[from] brn
|upkeep
|
|t:|1758994644
|switch|p2a: Great Tusk|Great Tusk|100/100
|-damage|p2a: Great Tusk|98/100|[from] Stealth Rock
|turn|9
|
|t:|1758994660
|-terastallize|p2a: Great Tusk|Ghost
|move|p1a: Ursaluna|Facade|p2a: Great Tusk
|-immune|p2a: Great Tusk
|move|p2a: Great Tusk|Knock Off|p1a: Ursaluna
|-damage|p1a: Ursaluna|0 fnt
|-enditem|p1a: Ursaluna|Flame Orb|[from] move: Knock Off|[of] p2a: Great Tusk
|faint|p1a: Ursaluna
|
|upkeep
|
|t:|1758994665
|switch|p1a: Kingambit|Kingambit, F|100/100
|-activate|p1a: Kingambit|ability: Supreme Overlord
|-start|p1a: Kingambit|fallen1|[silent]
|turn|10
|
|t:|1758994671
|-end|p2a: Great Tusk|Protosynthesis|[silent]
|switch|p2a: Ogerpon|Ogerpon-Wellspring, F|100/100
|-damage|p2a: Ogerpon|88/100|[from] Stealth Rock
|move|p1a: Kingambit|Iron Head|p2a: Ogerpon
|-resisted|p2a: Ogerpon
|-damage|p2a: Ogerpon|44/100
|-damage|p1a: Kingambit|91/100|[from] item: Life Orb
|
|-fieldend|move: Trick Room
|upkeep
|turn|11
|
|t:|1758994679
|move|p1a: Kingambit|Sucker Punch|p2a: Ogerpon
|-damage|p2a: Ogerpon|0 fnt
|faint|p2a: Ogerpon
|-damage|p1a: Kingambit|81/100|[from] item: Life Orb
|
|upkeep
|
|t:|1758994682
|switch|p2a: Iron Valiant|Iron Valiant|100/100
|-damage|p2a: Iron Valiant|94/100|[from] Stealth Rock
|turn|12
|
|t:|1758994690
|-end|p1a: Kingambit|fallen1|[silent]
|switch|p1a: Mesprit|Mesprit|68/100
|move|p2a: Iron Valiant|Moonblast|p1a: Mesprit
|-damage|p1a: Mesprit|39/100
|-unboost|p1a: Mesprit|spa|1
|
|upkeep
|turn|13
|
|t:|1758994696
|move|p2a: Iron Valiant|Knock Off|p1a: Mesprit
|-supereffective|p1a: Mesprit
|-enditem|p1a: Mesprit|Colbur Berry|[eat]
|-enditem|p1a: Mesprit|Colbur Berry|[weaken]
|-damage|p1a: Mesprit|16/100
|move|p1a: Mesprit|Trick Room|p1a: Mesprit
|-fieldstart|move: Trick Room|[of] p1a: Mesprit
|
|upkeep
|turn|14
|
|t:|1758994709
|move|p1a: Mesprit|Healing Wish|p1a: Mesprit
|faint|p1a: Mesprit
|move|p2a: Iron Valiant|Knock Off|p1: Mesprit|[notarget]
|-fail|p2a: Iron Valiant
|
|upkeep
|inactive|dicolibri has 120 seconds left.
|
|t:|1758994742
|switch|p1a: Hoopa|Hoopa-Unbound|100/100
|turn|15
|
|t:|1758994747
|move|p1a: Hoopa|Psychic|p2a: Iron Valiant
|-supereffective|p2a: Iron Valiant
|-damage|p2a: Iron Valiant|0 fnt
|faint|p2a: Iron Valiant
|-end|p2a: Iron Valiant|Quark Drive|[silent]
|-damage|p1a: Hoopa|91/100|[from] item: Life Orb
|
|upkeep
|
|t:|1758994750
|switch|p2a: Kyurem|Kyurem, shiny|100/100
|-damage|p2a: Kyurem|76/100|[from] Stealth Rock
|-ability|p2a: Kyurem|Pressure
|turn|16
|
|t:|1758994755
|move|p2a: Kyurem|Protect|p2a: Kyurem
|-singleturn|p2a: Kyurem|Protect
|move|p1a: Hoopa|Hyperspace Fury|p2a: Kyurem
|-activate|p2a: Kyurem|move: Hyperspace Fury|[broken]
|-damage|p2a: Kyurem|5/100
|-unboost|p1a: Hoopa|def|1
|-damage|p1a: Hoopa|81/100|[from] item: Life Orb
|
|-heal|p2a: Kyurem|11/100|[from] item: Leftovers
|upkeep
|turn|17
|
|t:|1758994766
|move|p1a: Hoopa|Hyperspace Fury|p2a: Kyurem
|-damage|p2a: Kyurem|0 fnt
|-unboost|p1a: Hoopa|def|1
|faint|p2a: Kyurem
|-damage|p1a: Hoopa|71/100|[from] item: Life Orb
|
|-fieldend|move: Trick Room
|upkeep
|
|t:|1758994769
|switch|p2a: Great Tusk|Great Tusk, tera:Ghost|98/100
|-damage|p2a: Great Tusk|85/100|[from] Stealth Rock
|turn|18
|
|t:|1758994776
|move|p2a: Great Tusk|Knock Off|p1a: Hoopa
|-damage|p1a: Hoopa|0 fnt
|-enditem|p1a: Hoopa|Life Orb|[from] move: Knock Off|[of] p2a: Great Tusk
|faint|p1a: Hoopa
|
|upkeep
|
|t:|1758994781
|switch|p1a: Iron Hands|Iron Hands|57/100
|-heal|p1a: Iron Hands|100/100|[from] move: Healing Wish
|turn|19
|
|t:|1758994786
|move|p2a: Great Tusk|Knock Off|p1a: Iron Hands
|-resisted|p1a: Iron Hands
|-damage|p1a: Iron Hands|94/100
|move|p1a: Iron Hands|Thunder Punch|p2a: Great Tusk
|-damage|p2a: Great Tusk|61/100
|-damage|p1a: Iron Hands|78/100|[from] item: Rocky Helmet|[of] p2a: Great Tusk
|
|upkeep
|turn|20
|c|☆Partynparadise|this team is so lame
|-message|Partynparadise forfeited.
|
|win|dicolibri
|raw|dicolibri's rating: 1566 &rarr; <strong>1586</strong><br />(+20 for winning)
|raw|Partynparadise's rating: 1570 &rarr; <strong>1550</strong><br />(-20 for losing)
|l|☆Partynparadise
|player|p2|
|l|☆dicolibri
|player|p1|
