|badge|p1|bronze|gen9ou|100-6
|html|<div class="broadcast-red"><strong>This battle is required to be public due to one or more player having a season medal.</strong><br />During the public phase, you can discuss the state of the ladder <a href="/seasondiscussion">in a special chatroom.</a></div>
|uhtml|medal-msg|<div class="broadcast-blue">Curious what those medals under the avatar are? PS now has Ladder Seasons! For more information, check out the <a href="https://www.smogon.com/forums/threads/3740067/">thread on Smogon.</a></div>
|j|☆healorant
|j|☆ilytrix
|t:|1759051030
|gametype|singles
|player|p1|healorant|alder|1871
|player|p2|ilytrix|n-masters|1790
|gen|9
|tier|[Gen 9] OU
|rated|
|rule|HP Percentage Mod: HP is shown in percentages
|rule|Endless Battle Clause: Forcing endless battles is banned
|rule|Species Clause: Limit one of each Pokémon
|rule|OHKO Clause: OHKO moves are banned
|rule|Evasion Items Clause: Evasion items are banned
|rule|Evasion Moves Clause: Evasion moves are banned
|rule|Evasion Abilities Clause: Evasion abilities are banned
|rule|Sleep Moves Clause: Sleep-inducing moves are banned
|clearpoke
|poke|p1|Zamazenta-*|
|poke|p1|Rillaboom, M|
|poke|p1|Heatran, M|
|poke|p1|Ting-Lu|
|poke|p1|Raging Bolt|
|poke|p1|Great Tusk|
|poke|p2|Ceruledge, M|
|poke|p2|Raging Bolt|
|poke|p2|Latias, F|
|poke|p2|Kyurem|
|poke|p2|Ninetales-Alola, F|
|poke|p2|Iron Moth|
|teampreview
|
|t:|1759051052
|teamsize|p1|6
|teamsize|p2|6
|start
|switch|p1a: Heatran|Heatran, M|100/100
|switch|p2a: bury the light|Ceruledge, M|100/100
|turn|1
|
|t:|1759051055
|move|p2a: bury the light|Swords Dance|p2a: bury the light
|-boost|p2a: bury the light|atk|2
|move|p1a: Heatran|Stealth Rock|p2a: bury the light
|-sidestart|p2: ilytrix|move: Stealth Rock
|
|upkeep
|turn|2
|j| catarina valentine
|
|t:|1759051062
|move|p2a: bury the light|Poltergeist|p1a: Heatran
|-activate|p1a: Heatran|move: Poltergeist|Leftovers
|-damage|p1a: Heatran|13/100
|move|p1a: Heatran|Earth Power|p2a: bury the light
|-supereffective|p2a: bury the light
|-damage|p2a: bury the light|42/100
|
|-heal|p1a: Heatran|20/100|[from] item: Leftovers
|upkeep
|turn|3
|
|t:|1759051071
|switch|p1a: Great Tusk|Great Tusk|100/100
|move|p2a: bury the light|Shadow Sneak|p1a: Great Tusk
|-damage|p1a: Great Tusk|70/100
|
|upkeep
|turn|4
|
|t:|1759051074
|move|p1a: Great Tusk|Headlong Rush|p2a: bury the light
|-supereffective|p2a: bury the light
|-damage|p2a: bury the light|0 fnt
|-unboost|p1a: Great Tusk|def|1
|-unboost|p1a: Great Tusk|spd|1
|faint|p2a: bury the light
|
|upkeep
|
|t:|1759051076
|switch|p2a: snow bunny|Ninetales-Alola, F|100/100
|-damage|p2a: snow bunny|76/100|[from] Stealth Rock
|-weather|Snowscape|[from] ability: Snow Warning|[of] p2a: snow bunny
|turn|5
|inactive|Battle timer is ON: inactive players will automatically lose when time's up. (requested by healorant)
|
|t:|1759051082
|-end|p1a: Great Tusk|Protosynthesis|[silent]
|switch|p1a: Ting-Lu|Ting-Lu|100/100
|-ability|p1a: Ting-Lu|Vessel of Ruin
|move|p2a: snow bunny|Aurora Veil|p2a: snow bunny
|-sidestart|p2: ilytrix|move: Aurora Veil
|
|-weather|Snowscape|[upkeep]
|upkeep
|turn|6
|
|t:|1759051086
|move|p2a: snow bunny|Moonblast|p1a: Ting-Lu
|-supereffective|p1a: Ting-Lu
|-damage|p1a: Ting-Lu|69/100
|move|p1a: Ting-Lu|Whirlwind|p2a: snow bunny
|drag|p2a: Latias|Latias, F|100/100
|-damage|p2a: Latias|88/100|[from] Stealth Rock
|
|-weather|Snowscape|[upkeep]
|-heal|p2a: Latias|94/100|[from] item: Leftovers
|-heal|p1a: Ting-Lu|75/100|[from] item: Leftovers
|upkeep
|turn|7
|
|t:|1759051089
|switch|p2a: snow bunny|Ninetales-Alola, F|76/100
|-damage|p2a: snow bunny|51/100|[from] Stealth Rock
|move|p1a: Ting-Lu|Whirlwind|p2a: snow bunny
|drag|p2a: 50/50|Raging Bolt|100/100
|-damage|p2a: 50/50|88/100|[from] Stealth Rock
|-enditem|p2a: 50/50|Booster Energy
|-activate|p2a: 50/50|ability: Protosynthesis|[fromitem]
|-start|p2a: 50/50|protosynthesisspa
|
|-weather|Snowscape|[upkeep]
|-heal|p1a: Ting-Lu|81/100|[from] item: Leftovers
|upkeep
|turn|8
|
|t:|1759051092
|move|p2a: 50/50|Dragon Pulse|p1a: Ting-Lu
|-damage|p1a: Ting-Lu|56/100
|move|p1a: Ting-Lu|Whirlwind|p2a: 50/50
|-end|p2a: 50/50|Protosynthesis|[silent]
|drag|p2a: rng my ahh|Kyurem|100/100
|-damage|p2a: rng my ahh|76/100|[from] Stealth Rock
|-ability|p2a: rng my ahh|Pressure
|
|-weather|Snowscape|[upkeep]
|-heal|p1a: Ting-Lu|62/100|[from] item: Leftovers
|upkeep
|turn|9
|
|t:|1759051102
|-terastallize|p1a: Ting-Lu|Fairy
|move|p2a: rng my ahh|Icicle Spear|p1a: Ting-Lu
|-damage|p1a: Ting-Lu|54/100
|-crit|p1a: Ting-Lu
|-damage|p1a: Ting-Lu|41/100
|-damage|p1a: Ting-Lu|34/100
|-damage|p1a: Ting-Lu|26/100
|-crit|p1a: Ting-Lu
|-damage|p1a: Ting-Lu|14/100
|-hitcount|p1a: Ting-Lu|5
|move|p1a: Ting-Lu|Whirlwind|p2a: rng my ahh
|drag|p2a: 50/50|Raging Bolt|88/100
|-damage|p2a: 50/50|76/100|[from] Stealth Rock
|
|-weather|none
|-heal|p1a: Ting-Lu|20/100|[from] item: Leftovers
|upkeep
|turn|10
|
|t:|1759051116
|move|p2a: 50/50|Thunderbolt|p1a: Ting-Lu
|-damage|p1a: Ting-Lu|0 fnt
|faint|p1a: Ting-Lu
|
|upkeep
|
|t:|1759051121
|switch|p1a: Great Tusk|Great Tusk|70/100
|turn|11
|
|t:|1759051123
|move|p1a: Great Tusk|Headlong Rush|p2a: 50/50
|-supereffective|p2a: 50/50
|-damage|p2a: 50/50|29/100
|-unboost|p1a: Great Tusk|def|1
|-unboost|p1a: Great Tusk|spd|1
|move|p2a: 50/50|Dragon Pulse|p1a: Great Tusk
|-damage|p1a: Great Tusk|0 fnt
|faint|p1a: Great Tusk
|-end|p1a: Great Tusk|Protosynthesis|[silent]
|
|upkeep
|
|t:|1759051129
|switch|p1a: Rillaboom|Rillaboom, M|100/100
|-fieldstart|move: Grassy Terrain|[from] ability: Grassy Surge|[of] p1a: Rillaboom
|turn|12
|
|t:|1759051135
|move|p1a: Rillaboom|Swords Dance|p1a: Rillaboom
|-boost|p1a: Rillaboom|atk|2
|move|p2a: 50/50|Dragon Pulse|p1a: Rillaboom
|-damage|p1a: Rillaboom|41/100
|
|-heal|p1a: Rillaboom|48/100|[from] Grassy Terrain
|-heal|p1a: Rillaboom|54/100|[from] item: Leftovers
|-heal|p2a: 50/50|35/100|[from] Grassy Terrain
|-sideend|p2: ilytrix|move: Aurora Veil
|upkeep
|turn|13
|
|t:|1759051138
|move|p2a: 50/50|Thunderclap|p1a: Rillaboom
|-resisted|p1a: Rillaboom
|-damage|p1a: Rillaboom|27/100
|move|p1a: Rillaboom|Stomping Tantrum|p2a: 50/50
|-supereffective|p2a: 50/50
|-damage|p2a: 50/50|0 fnt
|faint|p2a: 50/50
|-end|p2a: 50/50|Protosynthesis|[silent]
|
|-heal|p1a: Rillaboom|33/100|[from] Grassy Terrain
|-heal|p1a: Rillaboom|39/100|[from] item: Leftovers
|upkeep
|
|t:|1759051140
|switch|p2a: Iron Moth|Iron Moth|100/100
|-damage|p2a: Iron Moth|76/100|[from] Stealth Rock
|-enditem|p2a: Iron Moth|Booster Energy
|-activate|p2a: Iron Moth|ability: Quark Drive|[fromitem]
|-start|p2a: Iron Moth|quarkdrivespe
|turn|14
|
|t:|1759051142
|switch|p1a: Heatran|Heatran, M|20/100
|move|p2a: Iron Moth|Fiery Dance|p1a: Heatran
|-start|p1a: Heatran|ability: Flash Fire
|
|-heal|p2a: Iron Moth|82/100|[from] Grassy Terrain
|-heal|p1a: Heatran|26/100|[from] Grassy Terrain
|-heal|p1a: Heatran|32/100|[from] item: Leftovers
|upkeep
|turn|15
|l| catarina valentine
|
|t:|1759051146
|-end|p2a: Iron Moth|Quark Drive|[silent]
|switch|p2a: snow bunny|Ninetales-Alola, F|51/100
|-damage|p2a: snow bunny|26/100|[from] Stealth Rock
|-weather|Snowscape|[from] ability: Snow Warning|[of] p2a: snow bunny
|move|p1a: Heatran|Earth Power|p2a: snow bunny
|-damage|p2a: snow bunny|0 fnt
|faint|p2a: snow bunny
|
|-weather|Snowscape|[upkeep]
|-heal|p1a: Heatran|38/100|[from] Grassy Terrain
|-heal|p1a: Heatran|45/100|[from] item: Leftovers
|upkeep
|
|t:|1759051148
|switch|p2a: rng my ahh|Kyurem|76/100
|-damage|p2a: rng my ahh|51/100|[from] Stealth Rock
|-ability|p2a: rng my ahh|Pressure
|turn|16
|
|t:|1759051151
|move|p2a: rng my ahh|Dragon Dance|p2a: rng my ahh
|-boost|p2a: rng my ahh|atk|1
|-boost|p2a: rng my ahh|spe|1
|move|p1a: Heatran|Lava Plume|p2a: rng my ahh
|-damage|p2a: rng my ahh|2/100
|
|-weather|Snowscape|[upkeep]
|-heal|p2a: rng my ahh|8/100|[from] Grassy Terrain
|-heal|p1a: Heatran|51/100|[from] Grassy Terrain
|-heal|p1a: Heatran|57/100|[from] item: Leftovers
|-fieldend|move: Grassy Terrain
|upkeep
|turn|17
|
|t:|1759051156
|move|p2a: rng my ahh|Scale Shot|p1a: Heatran
|-resisted|p1a: Heatran
|-damage|p1a: Heatran|48/100
|-resisted|p1a: Heatran
|-damage|p1a: Heatran|39/100
|-resisted|p1a: Heatran
|-damage|p1a: Heatran|30/100
|-resisted|p1a: Heatran
|-damage|p1a: Heatran|21/100
|-resisted|p1a: Heatran
|-crit|p1a: Heatran
|-damage|p1a: Heatran|7/100
|-hitcount|p1a: Heatran|5
|-unboost|p2a: rng my ahh|def|1
|-boost|p2a: rng my ahh|spe|1
|move|p1a: Heatran|Lava Plume|p2a: rng my ahh
|-damage|p2a: rng my ahh|0 fnt
|faint|p2a: rng my ahh
|
|-weather|Snowscape|[upkeep]
|-heal|p1a: Heatran|14/100|[from] item: Leftovers
|upkeep
|
|t:|1759051158
|switch|p2a: Latias|Latias, F|94/100
|-damage|p2a: Latias|82/100|[from] Stealth Rock
|turn|18
|
|t:|1759051169
|-end|p1a: Heatran|ability: Flash Fire|[silent]
|switch|p1a: Rillaboom|Rillaboom, M|39/100
|-fieldstart|move: Grassy Terrain|[from] ability: Grassy Surge|[of] p1a: Rillaboom
|move|p2a: Latias|Agility|p2a: Latias
|-boost|p2a: Latias|spe|2
|
|-weather|Snowscape|[upkeep]
|-heal|p2a: Latias|88/100|[from] item: Leftovers
|-heal|p1a: Rillaboom|45/100|[from] Grassy Terrain
|-heal|p1a: Rillaboom|51/100|[from] item: Leftovers
|upkeep
|turn|19
|
|t:|1759051181
|switch|p2a: Iron Moth|Iron Moth|82/100
|-damage|p2a: Iron Moth|57/100|[from] Stealth Rock
|move|p1a: Rillaboom|Knock Off|p2a: Iron Moth
|-damage|p2a: Iron Moth|16/100
|
|-weather|none
|-heal|p2a: Iron Moth|22/100|[from] Grassy Terrain
|-heal|p1a: Rillaboom|57/100|[from] Grassy Terrain
|-heal|p1a: Rillaboom|63/100|[from] item: Leftovers
|upkeep
|turn|20
|
|t:|1759051185
|switch|p1a: Heatran|Heatran, M|14/100
|move|p2a: Iron Moth|Energy Ball|p1a: Heatran
|-resisted|p1a: Heatran
|-damage|p1a: Heatran|8/100
|-unboost|p1a: Heatran|spd|1
|
|-heal|p2a: Iron Moth|28/100|[from] Grassy Terrain
|-heal|p1a: Heatran|14/100|[from] Grassy Terrain
|-heal|p1a: Heatran|20/100|[from] item: Leftovers
|upkeep
|turn|21
|
|t:|1759051193
|move|p2a: Iron Moth|Energy Ball|p1a: Heatran
|-resisted|p1a: Heatran
|-damage|p1a: Heatran|12/100
|move|p1a: Heatran|Will-O-Wisp|p2a: Iron Moth
|-immune|p2a: Iron Moth
|
|-heal|p2a: Iron Moth|34/100|[from] Grassy Terrain
|-heal|p1a: Heatran|18/100|[from] Grassy Terrain
|-heal|p1a: Heatran|24/100|[from] item: Leftovers
|upkeep
|turn|22
|
|t:|1759051196
|move|p2a: Iron Moth|Energy Ball|p1a: Heatran
|-resisted|p1a: Heatran
|-damage|p1a: Heatran|15/100
|move|p1a: Heatran|Will-O-Wisp|p2a: Iron Moth
|-immune|p2a: Iron Moth
|
|-heal|p2a: Iron Moth|40/100|[from] Grassy Terrain
|-heal|p1a: Heatran|21/100|[from] Grassy Terrain
|-heal|p1a: Heatran|28/100|[from] item: Leftovers
|-fieldend|move: Grassy Terrain
|upkeep
|turn|23
|j| PokeJackxy
|l| PokeJackxy
|
|t:|1759051210
|switch|p1a: Rillaboom|Rillaboom, M|63/100
|-fieldstart|move: Grassy Terrain|[from] ability: Grassy Surge|[of] p1a: Rillaboom
|move|p2a: Iron Moth|Energy Ball|p1a: Rillaboom
|-resisted|p1a: Rillaboom
|-damage|p1a: Rillaboom|40/100
|
|-heal|p2a: Iron Moth|46/100|[from] Grassy Terrain
|-heal|p1a: Rillaboom|46/100|[from] Grassy Terrain
|-heal|p1a: Rillaboom|52/100|[from] item: Leftovers
|upkeep
|turn|24
|
|t:|1759051212
|switch|p1a: Heatran|Heatran, M|28/100
|move|p2a: Iron Moth|Fiery Dance|p1a: Heatran
|-start|p1a: Heatran|ability: Flash Fire
|
|-heal|p2a: Iron Moth|52/100|[from] Grassy Terrain
|-heal|p1a: Heatran|34/100|[from] Grassy Terrain
|-heal|p1a: Heatran|40/100|[from] item: Leftovers
|upkeep
|turn|25
|
|t:|1759051217
|move|p2a: Iron Moth|Energy Ball|p1a: Heatran
|-resisted|p1a: Heatran
|-damage|p1a: Heatran|34/100
|move|p1a: Heatran|Will-O-Wisp|p2a: Iron Moth
|-immune|p2a: Iron Moth
|
|-heal|p2a: Iron Moth|58/100|[from] Grassy Terrain
|-heal|p1a: Heatran|41/100|[from] Grassy Terrain
|-heal|p1a: Heatran|47/100|[from] item: Leftovers
|upkeep
|turn|26
|
|t:|1759051220
|move|p2a: Iron Moth|Energy Ball|p1a: Heatran
|-resisted|p1a: Heatran
|-damage|p1a: Heatran|40/100
|-unboost|p1a: Heatran|spd|1
|move|p1a: Heatran|Will-O-Wisp|p2a: Iron Moth
|-immune|p2a: Iron Moth
|
|-heal|p2a: Iron Moth|64/100|[from] Grassy Terrain
|-heal|p1a: Heatran|47/100|[from] Grassy Terrain
|-heal|p1a: Heatran|53/100|[from] item: Leftovers
|upkeep
|turn|27
|
|t:|1759051225
|move|p2a: Iron Moth|Energy Ball|p1a: Heatran
|-resisted|p1a: Heatran
|-damage|p1a: Heatran|43/100
|move|p1a: Heatran|Earth Power|p2a: Iron Moth
|-supereffective|p2a: Iron Moth
|-damage|p2a: Iron Moth|0 fnt
|faint|p2a: Iron Moth
|-end|p2a: Iron Moth|Quark Drive|[silent]
|
|-heal|p1a: Heatran|49/100|[from] Grassy Terrain
|-heal|p1a: Heatran|56/100|[from] item: Leftovers
|-fieldend|move: Grassy Terrain
|upkeep
|
|t:|1759051228
|switch|p2a: Latias|Latias, F|88/100
|-damage|p2a: Latias|76/100|[from] Stealth Rock
|turn|28
|
|t:|1759051231
|-end|p1a: Heatran|ability: Flash Fire|[silent]
|switch|p1a: Zamazenta|Zamazenta|100/100
|-ability|p1a: Zamazenta|Dauntless Shield|boost
|-boost|p1a: Zamazenta|def|1
|move|p2a: Latias|Agility|p2a: Latias
|-boost|p2a: Latias|spe|2
|
|-heal|p2a: Latias|82/100|[from] item: Leftovers
|upkeep
|turn|29
|
|t:|1759051235
|move|p2a: Latias|Calm Mind|p2a: Latias
|-boost|p2a: Latias|spa|1
|-boost|p2a: Latias|spd|1
|move|p1a: Zamazenta|Heavy Slam|p2a: Latias
|-damage|p2a: Latias|21/100
|-damage|p1a: Zamazenta|91/100|[from] item: Life Orb
|
|-heal|p2a: Latias|27/100|[from] item: Leftovers
|upkeep
|turn|30
|
|t:|1759051238
|move|p2a: Latias|Stored Power|p1a: Zamazenta
|-supereffective|p1a: Zamazenta
|-damage|p1a: Zamazenta|0 fnt
|faint|p1a: Zamazenta
|
|-heal|p2a: Latias|33/100|[from] item: Leftovers
|upkeep
|
|t:|1759051244
|switch|p1a: Raging Bolt|Raging Bolt|100/100
|turn|31
|
|t:|1759051250
|-terastallize|p2a: Latias|Steel
|move|p2a: Latias|Calm Mind|p2a: Latias
|-boost|p2a: Latias|spa|1
|-boost|p2a: Latias|spd|1
|move|p1a: Raging Bolt|Dragon Pulse|p2a: Latias
|-resisted|p2a: Latias
|-damage|p2a: Latias|22/100
|
|-heal|p2a: Latias|28/100|[from] item: Leftovers
|upkeep
|turn|32
|
|t:|1759051253
|move|p2a: Latias|Stored Power|p1a: Raging Bolt
|-damage|p1a: Raging Bolt|0 fnt
|faint|p1a: Raging Bolt
|-end|p1a: Raging Bolt|Protosynthesis|[silent]
|
|-heal|p2a: Latias|34/100|[from] item: Leftovers
|upkeep
|
|t:|1759051256
|switch|p1a: Heatran|Heatran, M|56/100
|turn|33
|
|t:|1759051257
|move|p2a: Latias|Aura Sphere|p1a: Heatran
|-supereffective|p1a: Heatran
|-damage|p1a: Heatran|0 fnt
|faint|p1a: Heatran
|
|-heal|p2a: Latias|40/100|[from] item: Leftovers
|upkeep
|-message|healorant forfeited.
|
|win|ilytrix
|raw|healorant's rating: 1871 &rarr; <strong>1846</strong><br />(-25 for losing)
|raw|ilytrix's rating: 1790 &rarr; <strong>1815</strong><br />(+25 for winning)
|l|☆healorant
|player|p1|
|l|☆ilytrix
|player|p2|
