|j|☆sam playplu
|j|☆Pepepeponez
|t:|1759058483
|gametype|singles
|player|p1|sam playplu|1|1482
|player|p2|Pepepeponez|265|1566
|gen|9
|tier|[Gen 9] OU
|rated|
|rule|HP Percentage Mod: HP is shown in percentages
|rule|Endless Battle Clause: Forcing endless battles is banned
|rule|Species Clause: Limit one of each Pokémon
|rule|OHKO Clause: OHKO moves are banned
|rule|Evasion Items Clause: Evasion items are banned
|rule|Evasion Moves Clause: Evasion moves are banned
|rule|Evasion Abilities Clause: Evasion abilities are banned
|rule|Sleep Moves Clause: Sleep-inducing moves are banned
|clearpoke
|poke|p1|Ninetales, M|
|poke|p1|Charizard, M|
|poke|p1|Great Tusk|
|poke|p1|Walking Wake|
|poke|p1|Raging Bolt|
|poke|p1|Hatterene, F|
|poke|p2|Clefable, M|
|poke|p2|Iron Moth|
|poke|p2|Gliscor, M|
|poke|p2|Blissey, F|
|poke|p2|Zamazenta-*|
|poke|p2|Dragapult, F|
|teampreview
|inactive|Battle timer is ON: inactive players will automatically lose when time's up. (requested by Pepepeponez)
|inactive|sam playplu also wants the timer to be on.
|
|t:|1759058501
|teamsize|p1|6
|teamsize|p2|6
|start
|switch|p1a: Ninetales|Ninetales, M|100/100
|switch|p2a: Blissey|Blissey, F|100/100
|-weather|SunnyDay|[from] ability: Drought|[of] p1a: Ninetales
|turn|1
|
|t:|1759058511
|switch|p1a: Hatterene|Hatterene, F|100/100
|move|p2a: Blissey|Stealth Rock|p1a: Hatterene
|move|p1a: Hatterene|Stealth Rock|p2a: Blissey|[from] ability: Magic Bounce
|-sidestart|p2: Pepepeponez|move: Stealth Rock
|
|-weather|SunnyDay|[upkeep]
|upkeep
|turn|2
|
|t:|1759058521
|switch|p2a: Gliscor|Gliscor, M|100/100
|-damage|p2a: Gliscor|88/100|[from] Stealth Rock
|move|p1a: Hatterene|Psychic Noise|p2a: Gliscor
|-damage|p2a: Gliscor|39/100
|-start|p2a: Gliscor|move: Heal Block
|
|-weather|SunnyDay|[upkeep]
|-status|p2a: Gliscor|tox|[from] item: Toxic Orb
|upkeep
|turn|3
|
|t:|1759058533
|switch|p2a: Blissey|Blissey, F|100/100
|move|p1a: Hatterene|Psychic Noise|p2a: Blissey
|-damage|p2a: Blissey|86/100
|-start|p2a: Blissey|move: Heal Block
|
|-weather|SunnyDay|[upkeep]
|upkeep
|turn|4
|
|t:|1759058549
|move|p2a: Blissey|Ice Beam|p1a: Hatterene
|-damage|p1a: Hatterene|91/100
|move|p1a: Hatterene|Nuzzle|p2a: Blissey
|-damage|p2a: Blissey|83/100
|-status|p2a: Blissey|par
|
|-weather|SunnyDay|[upkeep]
|-end|p2a: Blissey|move: Heal Block
|upkeep
|turn|5
|
|t:|1759058559
|move|p1a: Hatterene|Mystical Fire|p2a: Blissey
|-damage|p2a: Blissey|68/100 par
|-unboost|p2a: Blissey|spa|1
|move|p2a: Blissey|Thunder Wave|p1a: Hatterene
|move|p1a: Hatterene|Thunder Wave|p2a: Blissey|[from] ability: Magic Bounce
|-fail|p2a: Blissey|par
|
|-weather|SunnyDay|[upkeep]
|upkeep
|turn|6
|
|t:|1759058570
|move|p1a: Hatterene|Draining Kiss|p2a: Blissey
|-damage|p2a: Blissey|58/100 par
|-heal|p1a: Hatterene|100/100|[from] drain|[of] p2a: Blissey
|move|p2a: Blissey|Ice Beam|p1a: Hatterene
|-damage|p1a: Hatterene|93/100
|
|-weather|SunnyDay|[upkeep]
|upkeep
|turn|7
|
|t:|1759058579
|move|p1a: Hatterene|Mystical Fire|p2a: Blissey
|-damage|p2a: Blissey|43/100 par
|-unboost|p2a: Blissey|spa|1
|move|p2a: Blissey|Soft-Boiled|p2a: Blissey
|-heal|p2a: Blissey|93/100 par
|
|-weather|SunnyDay|[upkeep]
|upkeep
|turn|8
|
|t:|1759058588
|move|p1a: Hatterene|Draining Kiss|p2a: Blissey
|-damage|p2a: Blissey|83/100 par
|-heal|p1a: Hatterene|100/100|[from] drain|[of] p2a: Blissey
|cant|p2a: Blissey|par
|
|-weather|none
|upkeep
|turn|9
|
|t:|1759058599
|-curestatus|p2a: Blissey|par|[from] ability: Natural Cure
|switch|p2a: Clefable|Clefable, M|100/100
|move|p1a: Hatterene|Psychic Noise|p2a: Clefable
|-damage|p2a: Clefable|62/100
|-start|p2a: Clefable|move: Heal Block
|
|upkeep
|turn|10
|
|t:|1759058609
|move|p2a: Clefable|Calm Mind|p2a: Clefable
|-boost|p2a: Clefable|spa|1
|-boost|p2a: Clefable|spd|1
|move|p1a: Hatterene|Nuzzle|p2a: Clefable
|-damage|p2a: Clefable|59/100
|-status|p2a: Clefable|par
|
|-end|p2a: Clefable|move: Heal Block
|upkeep
|turn|11
|
|t:|1759058620
|move|p1a: Hatterene|Psychic Noise|p2a: Clefable
|-damage|p2a: Clefable|34/100 par
|-start|p2a: Clefable|move: Heal Block
|cant|p2a: Clefable|move: Heal Block|Moonlight
|
|upkeep
|turn|12
|
|t:|1759058628
|move|p1a: Hatterene|Mystical Fire|p2a: Clefable
|-damage|p2a: Clefable|17/100 par
|-unboost|p2a: Clefable|spa|1
|move|p2a: Clefable|Moonblast|p1a: Hatterene
|-damage|p1a: Hatterene|80/100
|
|-end|p2a: Clefable|move: Heal Block
|upkeep
|turn|13
|
|t:|1759058639
|move|p1a: Hatterene|Draining Kiss|p2a: Clefable
|-damage|p2a: Clefable|0 fnt
|-heal|p1a: Hatterene|96/100|[from] drain|[of] p2a: Clefable
|faint|p2a: Clefable
|
|upkeep
|
|t:|1759058645
|switch|p2a: Iron Moth|Iron Moth|100/100
|-damage|p2a: Iron Moth|76/100|[from] Stealth Rock
|-enditem|p2a: Iron Moth|Booster Energy
|-activate|p2a: Iron Moth|ability: Quark Drive|[fromitem]
|-start|p2a: Iron Moth|quarkdrivespe
|turn|14
|
|t:|1759058652
|move|p2a: Iron Moth|Sludge Wave|p1a: Hatterene
|-supereffective|p1a: Hatterene
|-damage|p1a: Hatterene|37/100
|move|p1a: Hatterene|Psychic Noise|p2a: Iron Moth
|-supereffective|p2a: Iron Moth
|-damage|p2a: Iron Moth|0 fnt
|faint|p2a: Iron Moth
|-end|p2a: Iron Moth|Quark Drive|[silent]
|
|upkeep
|
|t:|1759058661
|switch|p2a: Dragapult|Dragapult, F|100/100
|turn|15
|
|t:|1759058666
|move|p2a: Dragapult|Hex|p1a: Hatterene
|-supereffective|p1a: Hatterene
|-crit|p1a: Hatterene
|-damage|p1a: Hatterene|0 fnt
|faint|p1a: Hatterene
|
|upkeep
|
|t:|1759058677
|switch|p1a: Ninetales|Ninetales, M|100/100
|-weather|SunnyDay|[from] ability: Drought|[of] p1a: Ninetales
|turn|16
|
|t:|1759058706
|switch|p2a: Blissey|Blissey, F|83/100
|move|p1a: Ninetales|Will-O-Wisp|p2a: Blissey
|-status|p2a: Blissey|brn
|
|-weather|SunnyDay|[upkeep]
|-damage|p2a: Blissey|76/100 brn|[from] brn
|upkeep
|turn|17
|
|t:|1759058716
|switch|p1a: Great Tusk|Great Tusk|100/100
|-activate|p1a: Great Tusk|ability: Protosynthesis
|-start|p1a: Great Tusk|protosynthesisspe
|move|p2a: Blissey|Stealth Rock|p1a: Great Tusk
|-sidestart|p1: sam playplu|move: Stealth Rock
|
|-weather|SunnyDay|[upkeep]
|-damage|p2a: Blissey|70/100 brn|[from] brn
|upkeep
|turn|18
|
|t:|1759058726
|-curestatus|p2a: Blissey|brn|[from] ability: Natural Cure
|switch|p2a: Gliscor|Gliscor, M|39/100 tox
|-damage|p2a: Gliscor|27/100 tox|[from] Stealth Rock
|move|p1a: Great Tusk|Headlong Rush|p2a: Gliscor
|-immune|p2a: Gliscor
|
|-weather|SunnyDay|[upkeep]
|-heal|p2a: Gliscor|39/100 tox|[from] ability: Poison Heal
|upkeep
|turn|19
|
|t:|1759058739
|move|p1a: Great Tusk|Ice Spinner|p2a: Gliscor
|-supereffective|p2a: Gliscor
|-damage|p2a: Gliscor|0 fnt
|faint|p2a: Gliscor
|
|-weather|SunnyDay|[upkeep]
|upkeep
|
|t:|1759058741
|switch|p2a: Zamazenta|Zamazenta|100/100
|-damage|p2a: Zamazenta|94/100|[from] Stealth Rock
|-ability|p2a: Zamazenta|Dauntless Shield|boost
|-boost|p2a: Zamazenta|def|1
|turn|20
|
|t:|1759058758
|-end|p1a: Great Tusk|Protosynthesis|[silent]
|switch|p1a: Walking Wake|Walking Wake|100/100
|-damage|p1a: Walking Wake|88/100|[from] Stealth Rock
|-activate|p1a: Walking Wake|ability: Protosynthesis
|-start|p1a: Walking Wake|protosynthesisspe
|move|p2a: Zamazenta|Iron Defense|p2a: Zamazenta
|-boost|p2a: Zamazenta|def|2
|
|-weather|SunnyDay|[upkeep]
|-heal|p2a: Zamazenta|100/100|[from] item: Leftovers
|upkeep
|turn|21
|
|t:|1759058774
|-terastallize|p1a: Walking Wake|Water
|move|p1a: Walking Wake|Hydro Steam|p2a: Zamazenta
|-damage|p2a: Zamazenta|34/100
|move|p2a: Zamazenta|Body Press|p1a: Walking Wake
|-damage|p1a: Walking Wake|0 fnt
|faint|p1a: Walking Wake
|-end|p1a: Walking Wake|Protosynthesis|[silent]
|
|-weather|SunnyDay|[upkeep]
|-heal|p2a: Zamazenta|40/100|[from] item: Leftovers
|upkeep
|
|t:|1759058786
|switch|p1a: Raging Bolt|Raging Bolt|100/100
|-damage|p1a: Raging Bolt|88/100|[from] Stealth Rock
|-activate|p1a: Raging Bolt|ability: Protosynthesis
|-start|p1a: Raging Bolt|protosynthesisspa
|turn|22
|
|t:|1759058794
|move|p2a: Zamazenta|Body Press|p1a: Raging Bolt
|-damage|p1a: Raging Bolt|6/100
|move|p1a: Raging Bolt|Draco Meteor|p2a: Zamazenta
|-damage|p2a: Zamazenta|0 fnt
|-unboost|p1a: Raging Bolt|spa|2
|faint|p2a: Zamazenta
|
|-weather|SunnyDay|[upkeep]
|upkeep
|
|t:|1759058804
|switch|p2a: Blissey|Blissey, F|70/100
|turn|23
|
|t:|1759058816
|move|p1a: Raging Bolt|Draco Meteor|p2a: Blissey
|-damage|p2a: Blissey|50/100
|-unboost|p1a: Raging Bolt|spa|2
|move|p2a: Blissey|Ice Beam|p1a: Raging Bolt
|-supereffective|p1a: Raging Bolt
|-damage|p1a: Raging Bolt|0 fnt
|faint|p1a: Raging Bolt
|-end|p1a: Raging Bolt|Protosynthesis|[silent]
|
|-weather|none
|upkeep
|
|t:|1759058826
|switch|p1a: Ninetales|Ninetales, M|100/100
|-damage|p1a: Ninetales|76/100|[from] Stealth Rock
|-weather|SunnyDay|[from] ability: Drought|[of] p1a: Ninetales
|turn|24
|
|t:|1759058835
|switch|p1a: Great Tusk|Great Tusk|100/100
|-activate|p1a: Great Tusk|ability: Protosynthesis
|-start|p1a: Great Tusk|protosynthesisspe
|move|p2a: Blissey|Soft-Boiled|p2a: Blissey
|-heal|p2a: Blissey|99/100
|
|-weather|SunnyDay|[upkeep]
|upkeep
|turn|25
|
|t:|1759058846
|move|p1a: Great Tusk|Headlong Rush|p2a: Blissey
|-damage|p2a: Blissey|57/100
|-unboost|p1a: Great Tusk|def|1
|-unboost|p1a: Great Tusk|spd|1
|move|p2a: Blissey|Thunder Wave|p1a: Great Tusk
|-immune|p1a: Great Tusk
|
|-weather|SunnyDay|[upkeep]
|upkeep
|turn|26
|
|t:|1759058856
|move|p1a: Great Tusk|Rapid Spin|p2a: Blissey
|-damage|p2a: Blissey|44/100
|-boost|p1a: Great Tusk|spe|1
|-sideend|p1: sam playplu|Stealth Rock|[from] move: Rapid Spin|[of] p1a: Great Tusk
|move|p2a: Blissey|Soft-Boiled|p2a: Blissey
|-heal|p2a: Blissey|94/100
|
|-weather|SunnyDay|[upkeep]
|upkeep
|turn|27
|
|t:|1759058865
|-end|p1a: Great Tusk|Protosynthesis|[silent]
|switch|p1a: Charizard|Charizard, M|100/100
|move|p2a: Blissey|Stealth Rock|p1a: Charizard
|-sidestart|p1: sam playplu|move: Stealth Rock
|
|-weather|SunnyDay|[upkeep]
|-damage|p1a: Charizard|88/100|[from] ability: Solar Power|[of] p1a: Charizard
|upkeep
|turn|28
|
|t:|1759058878
|move|p1a: Charizard|Weather Ball|p2a: Blissey
|-damage|p2a: Blissey|40/100
|move|p2a: Blissey|Thunder Wave|p1a: Charizard
|-status|p1a: Charizard|par
|
|-weather|SunnyDay|[upkeep]
|-damage|p1a: Charizard|76/100 par|[from] ability: Solar Power|[of] p1a: Charizard
|upkeep
|turn|29
|
|t:|1759058887
|move|p1a: Charizard|Weather Ball|p2a: Blissey
|-damage|p2a: Blissey|0 fnt
|faint|p2a: Blissey
|
|-weather|SunnyDay|[upkeep]
|-damage|p1a: Charizard|63/100 par|[from] ability: Solar Power|[of] p1a: Charizard
|upkeep
|
|t:|1759058890
|switch|p2a: Dragapult|Dragapult, F|100/100
|turn|30
|
|t:|1759058897
|move|p2a: Dragapult|Substitute|p2a: Dragapult
|-start|p2a: Dragapult|Substitute
|-damage|p2a: Dragapult|76/100
|move|p1a: Charizard|Weather Ball|p2a: Dragapult
|-resisted|p2a: Dragapult
|-end|p2a: Dragapult|Substitute
|
|-weather|SunnyDay|[upkeep]
|-damage|p1a: Charizard|51/100 par|[from] ability: Solar Power|[of] p1a: Charizard
|upkeep
|turn|31
|
|t:|1759058907
|move|p2a: Dragapult|Substitute|p2a: Dragapult
|-start|p2a: Dragapult|Substitute
|-damage|p2a: Dragapult|51/100
|move|p1a: Charizard|Weather Ball|p2a: Dragapult
|-resisted|p2a: Dragapult
|-end|p2a: Dragapult|Substitute
|
|-weather|none
|upkeep
|turn|32
|
|t:|1759058925
|move|p2a: Dragapult|Dragon Darts|p1a: Charizard
|-damage|p1a: Charizard|21/100 par
|-anim|p2a: Dragapult|Dragon Darts|p1a: Charizard
|-damage|p1a: Charizard|0 fnt
|faint|p1a: Charizard
|
|upkeep
|
|t:|1759058931
|switch|p1a: Ninetales|Ninetales, M|76/100
|-damage|p1a: Ninetales|51/100|[from] Stealth Rock
|-weather|SunnyDay|[from] ability: Drought|[of] p1a: Ninetales
|turn|33
|
|t:|1759058942
|move|p2a: Dragapult|Dragon Darts|p1a: Ninetales
|-damage|p1a: Ninetales|27/100
|-anim|p2a: Dragapult|Dragon Darts|p1a: Ninetales
|-damage|p1a: Ninetales|1/100
|move|p1a: Ninetales|Encore|p2a: Dragapult
|-start|p2a: Dragapult|Encore
|
|-weather|SunnyDay|[upkeep]
|upkeep
|turn|34
|
|t:|1759058952
|move|p2a: Dragapult|Dragon Darts|p1a: Ninetales
|-damage|p1a: Ninetales|0 fnt
|faint|p1a: Ninetales
|
|-weather|SunnyDay|[upkeep]
|upkeep
|
|t:|1759058958
|switch|p1a: Great Tusk|Great Tusk|100/100
|-activate|p1a: Great Tusk|ability: Protosynthesis
|-start|p1a: Great Tusk|protosynthesisspe
|turn|35
|
|t:|1759058963
|move|p1a: Great Tusk|Ice Spinner|p2a: Dragapult
|-supereffective|p2a: Dragapult
|-damage|p2a: Dragapult|0 fnt
|faint|p2a: Dragapult
|
|win|sam playplu
|raw|sam playplu's rating: 1482 &rarr; <strong>1507</strong><br />(+25 for winning)
|raw|Pepepeponez's rating: 1566 &rarr; <strong>1541</strong><br />(-25 for losing)
|l|☆Pepepeponez
|player|p2|
