|j|☆grayscaless
|j|☆ServineLover123
|t:|1759029553
|gametype|singles
|player|p1|grayscaless|palmer|1163
|player|p2|ServineLover123|richboy|1185
|gen|9
|tier|[Gen 9] OU
|rated|
|rule|HP Percentage Mod: HP is shown in percentages
|rule|Endless Battle Clause: Forcing endless battles is banned
|rule|Species Clause: Limit one of each Pokémon
|rule|OHKO Clause: OHKO moves are banned
|rule|Evasion Items Clause: Evasion items are banned
|rule|Evasion Moves Clause: Evasion moves are banned
|rule|Evasion Abilities Clause: Evasion abilities are banned
|rule|Sleep Moves Clause: Sleep-inducing moves are banned
|clearpoke
|poke|p1|Dragonite, F|
|poke|p1|Gholdengo|
|poke|p1|Clefable, F|
|poke|p1|Ting-Lu|
|poke|p1|Ogerpon, F|
|poke|p1|Gliscor, F|
|poke|p2|Araquanid, F|
|poke|p2|Enamorus, F|
|poke|p2|Serperior, F|
|poke|p2|Cinderace, F|
|poke|p2|Servine, M|
|poke|p2|Kingambit, F|
|teampreview
|
|t:|1759029569
|teamsize|p1|6
|teamsize|p2|6
|start
|switch|p1a: Clefable|Clefable, F|100/100
|switch|p2a: Servine|Servine, M|100/100
|turn|1
|
|t:|1759029580
|move|p2a: Servine|Substitute|p2a: Servine
|-start|p2a: Servine|Substitute
|-damage|p2a: Servine|76/100
|move|p1a: Clefable|Knock Off|p2a: Servine
|-activate|p2a: Servine|move: Substitute|[damage]
|
|upkeep
|turn|2
|
|t:|1759029590
|move|p2a: Servine|Glare|p1a: Clefable
|-status|p1a: Clefable|par
|cant|p1a: Clefable|par
|
|upkeep
|turn|3
|
|t:|1759029596
|move|p2a: Servine|Leech Seed|p1a: Clefable
|-start|p1a: Clefable|move: Leech Seed
|move|p1a: Clefable|Stealth Rock|p2a: Servine
|-sidestart|p2: ServineLover123|move: Stealth Rock
|
|upkeep
|turn|4
|
|t:|1759029607
|switch|p1a: Ting-Lu|Ting-Lu|100/100
|-ability|p1a: Ting-Lu|Vessel of Ruin
|move|p2a: Servine|Leaf Storm|p1a: Ting-Lu
|-supereffective|p1a: Ting-Lu
|-damage|p1a: Ting-Lu|63/100
|-boost|p2a: Servine|spa|2
|
|-heal|p1a: Ting-Lu|69/100|[from] item: Leftovers
|upkeep
|turn|5
|
|t:|1759029622
|move|p2a: Servine|Leaf Storm|p1a: Ting-Lu
|-supereffective|p1a: Ting-Lu
|-damage|p1a: Ting-Lu|0 fnt
|-boost|p2a: Servine|spa|2
|faint|p1a: Ting-Lu
|
|upkeep
|
|t:|1759029635
|switch|p1a: Gholdengo|Gholdengo|100/100
|turn|6
|c|☆ServineLover123|ServineLover123
|
|t:|1759029651
|move|p2a: Servine|Leech Seed|p1a: Gholdengo
|-immune|p1a: Gholdengo|[from] ability: Good as Gold
|move|p1a: Gholdengo|Nasty Plot|p1a: Gholdengo
|-boost|p1a: Gholdengo|spa|2
|
|upkeep
|turn|7
|
|t:|1759029662
|move|p2a: Servine|Leaf Storm|p1a: Gholdengo
|-resisted|p1a: Gholdengo
|-damage|p1a: Gholdengo|35/100
|-boost|p2a: Servine|spa|2
|move|p1a: Gholdengo|Shadow Ball|p2a: Servine
|-end|p2a: Servine|Substitute
|
|upkeep
|turn|8
|
|t:|1759029677
|move|p2a: Servine|Leaf Storm|p1a: Gholdengo
|-resisted|p1a: Gholdengo
|-damage|p1a: Gholdengo|0 fnt
|faint|p1a: Gholdengo
|
|upkeep
|
|t:|1759029688
|switch|p1a: Ogerpon|Ogerpon, F|100/100
|turn|9
|
|t:|1759029692
|move|p1a: Ogerpon|Knock Off|p2a: Servine
|-crit|p2a: Servine
|-damage|p2a: Servine|18/100
|-enditem|p2a: Servine|Eviolite|[from] move: Knock Off|[of] p1a: Ogerpon
|move|p2a: Servine|Glare|p1a: Ogerpon
|-status|p1a: Ogerpon|par
|
|upkeep
|turn|10
|
|t:|1759029702
|move|p2a: Servine|Leaf Storm|p1a: Ogerpon
|-resisted|p1a: Ogerpon
|-damage|p1a: Ogerpon|0 fnt
|faint|p1a: Ogerpon
|
|upkeep
|
|t:|1759029709
|switch|p1a: Gliscor|Gliscor, F|100/100
|turn|11
|
|t:|1759029715
|move|p2a: Servine|Glare|p1a: Gliscor
|-status|p1a: Gliscor|par
|move|p1a: Gliscor|Earthquake|p2a: Servine
|-resisted|p2a: Servine
|-damage|p2a: Servine|0 fnt
|faint|p2a: Servine
|
|upkeep
|
|t:|1759029725
|switch|p2a: Piper|Cinderace, F|100/100
|turn|12
|c|☆grayscaless|Its so annoying
|c|☆ServineLover123|true lol
|
|t:|1759029735
|move|p1a: Gliscor|Protect|p1a: Gliscor
|-singleturn|p1a: Gliscor|Protect
|move|p2a: Piper|U-turn|p1a: Gliscor
|-activate|p1a: Gliscor|move: Protect
|
|upkeep
|turn|13
|
|t:|1759029741
|move|p2a: Piper|Court Change|p2a: Piper
|-swapsideconditions
|-activate|p2a: Piper|move: Court Change
|move|p1a: Gliscor|Earthquake|p2a: Piper
|-supereffective|p2a: Piper
|-damage|p2a: Piper|1/100
|
|upkeep
|turn|14
|
|t:|1759029749
|move|p2a: Piper|U-turn|p1a: Gliscor
|-resisted|p1a: Gliscor
|-damage|p1a: Gliscor|92/100 par
|
|t:|1759029751
|switch|p2a: Michelle|Araquanid, F|100/100|[from] U-turn
|move|p1a: Gliscor|U-turn|p2a: Michelle
|-damage|p2a: Michelle|84/100
|
|t:|1759029760
|switch|p1a: Dragonite|Dragonite, F|100/100|[from] U-turn
|
|upkeep
|turn|15
|
|t:|1759029770
|-terastallize|p1a: Dragonite|Fairy
|move|p1a: Dragonite|Dragon Dance|p1a: Dragonite
|-boost|p1a: Dragonite|atk|1
|-boost|p1a: Dragonite|spe|1
|move|p2a: Michelle|Surf|p1a: Dragonite
|-damage|p1a: Dragonite|74/100
|
|upkeep
|turn|16
|
|t:|1759029779
|move|p1a: Dragonite|Dragon Dance|p1a: Dragonite
|-boost|p1a: Dragonite|atk|1
|-boost|p1a: Dragonite|spe|1
|move|p2a: Michelle|Surf|p1a: Dragonite
|-damage|p1a: Dragonite|18/100
|
|upkeep
|turn|17
|c|☆ServineLover123|tera?
|
|t:|1759029791
|move|p1a: Dragonite|Tera Blast|p2a: Michelle|[anim] Tera Blast Fairy
|-damage|p2a: Michelle|0 fnt
|faint|p2a: Michelle
|
|upkeep
|c|☆ServineLover123|oh
|
|t:|1759029800
|switch|p2a: Penelope|Kingambit, F|100/100
|turn|18
|
|t:|1759029804
|move|p2a: Penelope|Sucker Punch||[still]
|-fail|p2a: Penelope
|move|p1a: Dragonite|Roost|p1a: Dragonite
|-heal|p1a: Dragonite|68/100
|
|upkeep
|turn|19
|
|t:|1759029811
|-terastallize|p2a: Penelope|Dark
|move|p1a: Dragonite|Roost|p1a: Dragonite
|-heal|p1a: Dragonite|100/100
|move|p2a: Penelope|Iron Head|p1a: Dragonite
|-supereffective|p1a: Dragonite
|-damage|p1a: Dragonite|53/100
|
|upkeep
|turn|20
|
|t:|1759029830
|move|p1a: Dragonite|Tera Blast|p2a: Penelope|[anim] Tera Blast Fairy
|-supereffective|p2a: Penelope
|-damage|p2a: Penelope|0 fnt
|faint|p2a: Penelope
|
|upkeep
|
|t:|1759029832
|switch|p2a: Patrick|Enamorus, F|100/100
|turn|21
|c|☆ServineLover123|ggs lol
|
|t:|1759029840
|move|p1a: Dragonite|Roost|p1a: Dragonite
|-heal|p1a: Dragonite|100/100
|move|p2a: Patrick|Moonblast|p1a: Dragonite
|-damage|p1a: Dragonite|61/100
|-unboost|p1a: Dragonite|spa|1
|
|upkeep
|turn|22
|
|t:|1759029848
|move|p1a: Dragonite|Tera Blast|p2a: Patrick|[anim] Tera Blast Fairy
|-damage|p2a: Patrick|0 fnt
|faint|p2a: Patrick
|
|upkeep
|
|t:|1759029851
|switch|p2a: Luis|Serperior, F|100/100
|turn|23
|
|t:|1759029859
|move|p1a: Dragonite|Tera Blast|p2a: Luis|[anim] Tera Blast Fairy
|-damage|p2a: Luis|0 fnt
|faint|p2a: Luis
|
|upkeep
|
|t:|1759029862
|switch|p2a: Piper|Cinderace, F|1/100
|turn|24
|
|t:|1759029868
|move|p1a: Dragonite|Tera Blast|p2a: Piper|[anim] Tera Blast Fairy
|-resisted|p2a: Piper
|-damage|p2a: Piper|0 fnt
|faint|p2a: Piper
|
|win|grayscaless
|raw|grayscaless's rating: 1163 &rarr; <strong>1190</strong><br />(+27 for winning)
|raw|ServineLover123's rating: 1185 &rarr; <strong>1158</strong><br />(-27 for losing)
