|j|☆HoneyBadger19000
|j|☆madermen
|t:|1759022685
|gametype|singles
|player|p1|HoneyBadger19000|266|1383
|player|p2|madermen|jasmine|1381
|gen|9
|tier|[Gen 9] OU
|rated|
|rule|HP Percentage Mod: HP is shown in percentages
|rule|Endless Battle Clause: Forcing endless battles is banned
|rule|Species Clause: Limit one of each Pokémon
|rule|OHKO Clause: OHKO moves are banned
|rule|Evasion Items Clause: Evasion items are banned
|rule|Evasion Moves Clause: Evasion moves are banned
|rule|Evasion Abilities Clause: Evasion abilities are banned
|rule|Sleep Moves Clause: Sleep-inducing moves are banned
|clearpoke
|poke|p1|Araquanid, M|
|poke|p1|Cinderace, M|
|poke|p1|Enamorus, F|
|poke|p1|Kingambit, F|
|poke|p1|Milotic, F|
|poke|p1|Serperior, M|
|poke|p2|Scizor, M|
|poke|p2|Rotom-Wash|
|poke|p2|Vileplume, F|
|poke|p2|Rampardos, F|
|poke|p2|Gliscor, M|
|poke|p2|Moltres|
|teampreview
|inactive|Battle timer is ON: inactive players will automatically lose when time's up. (requested by madermen)
|
|t:|1759022690
|teamsize|p1|6
|teamsize|p2|6
|start
|switch|p1a: Araquanid|Araquanid, M|100/100
|switch|p2a: Rampardos|Rampardos, F|100/100
|turn|1
|
|t:|1759022695
|move|p1a: Araquanid|Endure|p1a: Araquanid
|-singleturn|p1a: Araquanid|move: Endure
|move|p2a: Rampardos|Rock Slide|p1a: Araquanid
|-supereffective|p1a: Araquanid
|-activate|p1a: Araquanid|move: Endure
|-damage|p1a: Araquanid|1/100
|
|upkeep
|turn|2
|-enditem|p1a: Araquanid|Custap Berry|[eat]
|-activate|p1a: Araquanid|item: Custap Berry|[consumed]
|
|t:|1759022707
|switch|p2a: Vileplume|Vileplume, F|100/100
|move|p1a: Araquanid|Sticky Web|p2a: Vileplume
|-sidestart|p2: madermen|move: Sticky Web
|
|upkeep
|turn|3
|
|t:|1759022717
|move|p2a: Vileplume|Moonblast|p1a: Araquanid
|-damage|p1a: Araquanid|0 fnt
|faint|p1a: Araquanid
|
|upkeep
|
|t:|1759022722
|switch|p1a: Cinderace|Cinderace, M|100/100
|turn|4
|
|t:|1759022727
|switch|p2a: Moltres|Moltres|100/100
|move|p1a: Cinderace|Court Change|p1a: Cinderace
|-start|p1a: Cinderace|typechange|Normal|[from] ability: Libero
|-swapsideconditions
|-activate|p1a: Cinderace|move: Court Change
|
|upkeep
|turn|5
|
|t:|1759022737
|switch|p1a: Milotic|Milotic, F|100/100
|-activate|p1a: Milotic|move: Sticky Web
|-unboost|p1a: Milotic|spe|1
|-ability|p1a: Milotic|Competitive|boost
|-boost|p1a: Milotic|spa|2
|move|p2a: Moltres|Flamethrower|p1a: Milotic
|-resisted|p1a: Milotic
|-damage|p1a: Milotic|83/100
|
|upkeep
|turn|6
|
|t:|1759022746
|switch|p2a: Rotom|Rotom-Wash|100/100
|move|p1a: Milotic|Surf|p2a: Rotom
|-resisted|p2a: Rotom
|-damage|p2a: Rotom|53/100
|
|-heal|p2a: Rotom|59/100|[from] item: Leftovers
|upkeep
|turn|7
|
|t:|1759022753
|switch|p1a: Serperior|Serperior, M|100/100
|-activate|p1a: Serperior|move: Sticky Web
|-boost|p1a: Serperior|spe|1
|move|p2a: Rotom|Pain Split|p1a: Serperior
|-sethp|p1a: Serperior|81/100|[from] move: Pain Split|[silent]
|-sethp|p2a: Rotom|79/100|[from] move: Pain Split
|
|-heal|p1a: Serperior|87/100|[from] item: Leftovers
|-heal|p2a: Rotom|85/100|[from] item: Leftovers
|upkeep
|turn|8
|
|t:|1759022763
|switch|p2a: Vileplume|Vileplume, F|100/100
|move|p1a: Serperior|Substitute|p1a: Serperior
|-start|p1a: Serperior|Substitute
|-damage|p1a: Serperior|62/100
|
|-heal|p1a: Serperior|68/100|[from] item: Leftovers
|upkeep
|turn|9
|
|t:|1759022770
|move|p1a: Serperior|Glare|p2a: Vileplume
|-status|p2a: Vileplume|par
|cant|p2a: Vileplume|par
|
|-heal|p1a: Serperior|74/100|[from] item: Leftovers
|upkeep
|turn|10
|
|t:|1759022779
|switch|p1a: Kingambit|Kingambit, F|100/100
|-activate|p1a: Kingambit|move: Sticky Web
|-unboost|p1a: Kingambit|spe|1
|-ability|p1a: Kingambit|Defiant|boost
|-boost|p1a: Kingambit|atk|2
|move|p2a: Vileplume|Sludge Bomb|p1a: Kingambit
|-immune|p1a: Kingambit
|
|upkeep
|turn|11
|
|t:|1759022787
|switch|p2a: Moltres|Moltres|100/100
|move|p1a: Kingambit|Kowtow Cleave|p2a: Moltres
|-damage|p2a: Moltres|0 fnt
|-status|p1a: Kingambit|brn|[from] ability: Flame Body|[of] p2a: Moltres
|faint|p2a: Moltres
|
|-damage|p1a: Kingambit|94/100 brn|[from] brn
|upkeep
|
|t:|1759022796
|switch|p2a: Gliscor|Gliscor, M|100/100
|turn|12
|c|☆HoneyBadger19000|damn was hoping that wouldnt happen
|
|t:|1759022803
|move|p2a: Gliscor|Stealth Rock|p1a: Kingambit
|-sidestart|p1: HoneyBadger19000|move: Stealth Rock
|move|p1a: Kingambit|Kowtow Cleave|p2a: Gliscor
|-damage|p2a: Gliscor|64/100
|
|-damage|p1a: Kingambit|88/100 brn|[from] brn
|-status|p2a: Gliscor|tox|[from] item: Toxic Orb
|upkeep
|turn|13
|
|t:|1759022813
|switch|p1a: Enamorus|Enamorus, F|100/100
|-damage|p1a: Enamorus|76/100|[from] Stealth Rock
|move|p2a: Gliscor|Knock Off|p1a: Enamorus
|-resisted|p1a: Enamorus
|-damage|p1a: Enamorus|58/100
|-enditem|p1a: Enamorus|Choice Specs|[from] move: Knock Off|[of] p2a: Gliscor
|
|-heal|p2a: Gliscor|77/100 tox|[from] ability: Poison Heal
|upkeep
|turn|14
|
|t:|1759022822
|move|p2a: Gliscor|Protect|p2a: Gliscor
|-singleturn|p2a: Gliscor|Protect
|move|p1a: Enamorus|Moonblast|p2a: Gliscor
|-activate|p2a: Gliscor|move: Protect
|
|-heal|p2a: Gliscor|89/100 tox|[from] ability: Poison Heal
|upkeep
|turn|15
|
|t:|1759022829
|switch|p2a: Vileplume|Vileplume, F|100/100 par
|move|p1a: Enamorus|Mystical Fire|p2a: Vileplume
|-supereffective|p2a: Vileplume
|-damage|p2a: Vileplume|52/100 par
|-unboost|p2a: Vileplume|spa|1
|
|-heal|p2a: Vileplume|58/100 par|[from] item: Leftovers
|upkeep
|turn|16
|
|t:|1759022846
|move|p1a: Enamorus|Healing Wish|p1a: Enamorus
|faint|p1a: Enamorus
|move|p2a: Vileplume|Strength Sap|p1: Enamorus|[notarget]
|-fail|p2a: Vileplume
|
|-heal|p2a: Vileplume|64/100 par|[from] item: Leftovers
|upkeep
|
|t:|1759022851
|switch|p1a: Kingambit|Kingambit, F|88/100 brn
|-heal|p1a: Kingambit|100/100|[from] move: Healing Wish
|-activate|p1a: Kingambit|move: Sticky Web
|-unboost|p1a: Kingambit|spe|1
|-ability|p1a: Kingambit|Defiant|boost
|-boost|p1a: Kingambit|atk|2
|-damage|p1a: Kingambit|94/100|[from] Stealth Rock
|turn|17
|
|t:|1759022863
|-terastallize|p1a: Kingambit|Dark
|move|p1a: Kingambit|Kowtow Cleave|p2a: Vileplume
|-damage|p2a: Vileplume|0 fnt
|faint|p2a: Vileplume
|
|upkeep
|
|t:|1759022867
|switch|p2a: Scizor|Scizor, M|100/100
|turn|18
|
|t:|1759022871
|move|p1a: Kingambit|Sucker Punch|p2a: Scizor
|-crit|p2a: Scizor
|-damage|p2a: Scizor|0 fnt
|faint|p2a: Scizor
|
|upkeep
|
|t:|1759022874
|switch|p2a: Rotom|Rotom-Wash|85/100
|turn|19
|
|t:|1759022877
|move|p2a: Rotom|Will-O-Wisp|p1a: Kingambit|[miss]
|-miss|p2a: Rotom|p1a: Kingambit
|move|p1a: Kingambit|Kowtow Cleave|p2a: Rotom
|-damage|p2a: Rotom|0 fnt
|faint|p2a: Rotom
|
|upkeep
|-message|madermen forfeited.
|
|win|HoneyBadger19000
|raw|HoneyBadger19000's rating: 1383 &rarr; <strong>1403</strong><br />(+20 for winning)
|raw|madermen's rating: 1381 &rarr; <strong>1361</strong><br />(-20 for losing)
|l|☆madermen
|player|p2|
|l|☆HoneyBadger19000
|player|p1|
