|j|☆Arthurfr4545
|j|☆Princessjosie1001!
|t:|1758999224
|gametype|singles
|player|p1|Arthurfr4545|169|1426
|player|p2|Princessjosie1001!|nurse|1426
|gen|9
|tier|[Gen 9] OU
|rated|
|rule|HP Percentage Mod: HP is shown in percentages
|rule|Endless Battle Clause: Forcing endless battles is banned
|rule|Species Clause: Limit one of each Pokémon
|rule|OHKO Clause: OHKO moves are banned
|rule|Evasion Items Clause: Evasion items are banned
|rule|Evasion Moves Clause: Evasion moves are banned
|rule|Evasion Abilities Clause: Evasion abilities are banned
|rule|Sleep Moves Clause: Sleep-inducing moves are banned
|clearpoke
|poke|p1|Rotom-Wash|
|poke|p1|Great Tusk|
|poke|p1|Dragapult, F|
|poke|p1|Heatran, M|
|poke|p1|Kingambit, M|
|poke|p1|Enamorus, F|
|poke|p2|Yanmega, F|
|poke|p2|Cloyster, M|
|poke|p2|Salazzle, F|
|poke|p2|Espeon, M|
|poke|p2|Jirachi|
|poke|p2|Maushold-Four|
|teampreview
|
|t:|1758999239
|teamsize|p1|6
|teamsize|p2|6
|start
|switch|p1a: Dragapult|Dragapult, F|100/100
|switch|p2a: Jirachi|Jirachi|100/100
|turn|1
|
|t:|1758999244
|switch|p1a: Great Tusk|Great Tusk|100/100
|move|p2a: Jirachi|Iron Head|p1a: Great Tusk
|-damage|p1a: Great Tusk|82/100
|-damage|p2a: Jirachi|84/100|[from] item: Rocky Helmet|[of] p1a: Great Tusk
|
|upkeep
|turn|2
|
|t:|1758999253
|switch|p2a: No hazard allowed|Espeon, M|100/100
|move|p1a: Great Tusk|Knock Off|p2a: No hazard allowed
|-supereffective|p2a: No hazard allowed
|-damage|p2a: No hazard allowed|0 fnt
|-enditem|p2a: No hazard allowed|Choice Scarf|[from] move: Knock Off|[of] p1a: Great Tusk
|faint|p2a: No hazard allowed
|
|upkeep
|inactive|Battle timer is ON: inactive players will automatically lose when time's up. (requested by Arthurfr4545)
|
|t:|1758999262
|switch|p2a: Yanmega|Yanmega, F|100/100
|turn|3
|
|t:|1758999267
|-end|p1a: Great Tusk|Protosynthesis|[silent]
|switch|p1a: Heatran|Heatran, M|100/100
|move|p2a: Yanmega|Air Slash|p1a: Heatran
|-resisted|p1a: Heatran
|-damage|p1a: Heatran|88/100
|-damage|p2a: Yanmega|91/100|[from] item: Life Orb
|
|-ability|p2a: Yanmega|Speed Boost|boost
|-boost|p2a: Yanmega|spe|1
|upkeep
|turn|4
|
|t:|1758999278
|switch|p2a: Maushold|Maushold-Four|100/100
|move|p1a: Heatran|Lava Plume|p2a: Maushold
|-damage|p2a: Maushold|42/100
|
|upkeep
|turn|5
|
|t:|1758999285
|switch|p1a: Great Tusk|Great Tusk|82/100
|move|p2a: Maushold|Bite|p1a: Great Tusk
|-resisted|p1a: Great Tusk
|-damage|p1a: Great Tusk|77/100
|-damage|p2a: Maushold|26/100|[from] item: Rocky Helmet|[of] p1a: Great Tusk
|
|upkeep
|turn|6
|
|t:|1758999292
|move|p2a: Maushold|Bullet Seed|p1a: Great Tusk
|-supereffective|p1a: Great Tusk
|-damage|p1a: Great Tusk|67/100
|-supereffective|p1a: Great Tusk
|-damage|p1a: Great Tusk|57/100
|-supereffective|p1a: Great Tusk
|-damage|p1a: Great Tusk|47/100
|-supereffective|p1a: Great Tusk
|-damage|p1a: Great Tusk|37/100
|-supereffective|p1a: Great Tusk
|-damage|p1a: Great Tusk|27/100
|-hitcount|p1a: Great Tusk|5
|move|p1a: Great Tusk|Stealth Rock|p2a: Maushold
|-sidestart|p2: Princessjosie1001!|move: Stealth Rock
|
|upkeep
|turn|7
|
|t:|1758999303
|-end|p1a: Great Tusk|Protosynthesis|[silent]
|switch|p1a: Dragapult|Dragapult, F|100/100
|move|p2a: Maushold|Tidy Up|p2a: Maushold
|-sideend|p2: Princessjosie1001!|Stealth Rock
|-activate|p2a: Maushold|move: Tidy Up
|-boost|p2a: Maushold|atk|1
|-boost|p2a: Maushold|spe|1
|
|upkeep
|turn|8
|
|t:|1758999309
|switch|p1a: Great Tusk|Great Tusk|27/100
|move|p2a: Maushold|Bite|p1a: Great Tusk
|-resisted|p1a: Great Tusk
|-damage|p1a: Great Tusk|18/100
|-damage|p2a: Maushold|9/100|[from] item: Rocky Helmet|[of] p1a: Great Tusk
|
|upkeep
|turn|9
|
|t:|1758999316
|move|p2a: Maushold|Bullet Seed|p1a: Great Tusk
|-supereffective|p1a: Great Tusk
|-damage|p1a: Great Tusk|3/100
|-supereffective|p1a: Great Tusk
|-damage|p1a: Great Tusk|0 fnt
|faint|p1a: Great Tusk
|-end|p1a: Great Tusk|Protosynthesis|[silent]
|-hitcount|p1: Great Tusk|2
|
|upkeep
|
|t:|1758999334
|switch|p1a: Kingambit|Kingambit, M|100/100
|-activate|p1a: Kingambit|ability: Supreme Overlord
|-start|p1a: Kingambit|fallen1|[silent]
|turn|10
|
|t:|1758999342
|move|p2a: Maushold|Population Bomb|p1a: Kingambit
|-resisted|p1a: Kingambit
|-damage|p1a: Kingambit|93/100
|-resisted|p1a: Kingambit
|-damage|p1a: Kingambit|87/100
|-resisted|p1a: Kingambit
|-damage|p1a: Kingambit|80/100
|-resisted|p1a: Kingambit
|-damage|p1a: Kingambit|74/100
|-hitcount|p1a: Kingambit|4
|move|p1a: Kingambit|Kowtow Cleave|p2a: Maushold
|-damage|p2a: Maushold|0 fnt
|faint|p2a: Maushold
|
|upkeep
|
|t:|1758999354
|switch|p2a: Salazzle|Salazzle, F|100/100
|turn|11
|
|t:|1758999361
|-end|p1a: Kingambit|fallen1|[silent]
|switch|p1a: Heatran|Heatran, M|88/100
|move|p2a: Salazzle|Toxic|p1a: Heatran
|-status|p1a: Heatran|tox
|
|-damage|p1a: Heatran|82/100 tox|[from] psn
|upkeep
|turn|12
|
|t:|1758999369
|switch|p2a: Yanmega|Yanmega, F|91/100
|move|p1a: Heatran|Earth Power|p2a: Yanmega
|-immune|p2a: Yanmega
|
|-damage|p1a: Heatran|69/100 tox|[from] psn
|upkeep
|turn|13
|
|t:|1758999376
|move|p2a: Yanmega|Protect|p2a: Yanmega
|-singleturn|p2a: Yanmega|Protect
|move|p1a: Heatran|Lava Plume|p2a: Yanmega
|-activate|p2a: Yanmega|move: Protect
|
|-damage|p1a: Heatran|51/100 tox|[from] psn
|-ability|p2a: Yanmega|Speed Boost|boost
|-boost|p2a: Yanmega|spe|1
|upkeep
|turn|14
|
|t:|1758999384
|move|p2a: Yanmega|Air Slash|p1a: Heatran
|-resisted|p1a: Heatran
|-damage|p1a: Heatran|39/100 tox
|-damage|p2a: Yanmega|81/100|[from] item: Life Orb
|move|p1a: Heatran|Lava Plume|p2a: Yanmega
|-supereffective|p2a: Yanmega
|-damage|p2a: Yanmega|0 fnt
|faint|p2a: Yanmega
|
|-damage|p1a: Heatran|14/100 tox|[from] psn
|upkeep
|
|t:|1758999397
|switch|p2a: Cloyster|Cloyster, M|100/100
|turn|15
|
|t:|1758999406
|move|p2a: Cloyster|Shell Smash|p2a: Cloyster
|-unboost|p2a: Cloyster|def|1
|-unboost|p2a: Cloyster|spd|1
|-boost|p2a: Cloyster|atk|2
|-boost|p2a: Cloyster|spa|2
|-boost|p2a: Cloyster|spe|2
|move|p1a: Heatran|Lava Plume|p2a: Cloyster
|-enditem|p2a: Cloyster|Focus Sash
|-damage|p2a: Cloyster|1/100
|-status|p2a: Cloyster|brn
|
|-damage|p1a: Heatran|0 fnt|[from] psn
|faint|p1a: Heatran
|-damage|p2a: Cloyster|0 fnt|[from] brn
|faint|p2a: Cloyster
|upkeep
|
|t:|1758999420
|switch|p2a: Salazzle|Salazzle, F|100/100
|switch|p1a: Rotom|Rotom-Wash|100/100
|turn|16
|
|t:|1758999425
|move|p2a: Salazzle|Sludge Wave|p1a: Rotom
|-damage|p1a: Rotom|55/100
|move|p1a: Rotom|Hydro Pump|p2a: Salazzle|[miss]
|-miss|p1a: Rotom|p2a: Salazzle
|
|-heal|p1a: Rotom|61/100|[from] item: Leftovers
|upkeep
|turn|17
|
|t:|1758999435
|switch|p1a: Kingambit|Kingambit, M|74/100
|-activate|p1a: Kingambit|ability: Supreme Overlord
|-start|p1a: Kingambit|fallen2|[silent]
|move|p2a: Salazzle|Agility|p2a: Salazzle
|-boost|p2a: Salazzle|spe|2
|
|upkeep
|turn|18
|
|t:|1758999442
|move|p1a: Kingambit|Sucker Punch|p2a: Salazzle
|-enditem|p2a: Salazzle|Focus Sash
|-damage|p2a: Salazzle|1/100
|move|p2a: Salazzle|Flamethrower|p1a: Kingambit
|-supereffective|p1a: Kingambit
|-damage|p1a: Kingambit|0 fnt
|faint|p1a: Kingambit
|-end|p1a: Kingambit|fallen2|[silent]
|
|upkeep
|
|t:|1758999448
|switch|p1a: Dragapult|Dragapult, F|100/100
|turn|19
|
|t:|1758999452
|move|p2a: Salazzle|Sludge Wave|p1a: Dragapult
|-resisted|p1a: Dragapult
|-damage|p1a: Dragapult|64/100
|move|p1a: Dragapult|Dragon Darts|p2a: Salazzle
|-damage|p2a: Salazzle|0 fnt
|faint|p2a: Salazzle
|-damage|p1a: Dragapult|54/100|[from] item: Life Orb
|
|upkeep
|
|t:|1758999459
|switch|p2a: Jirachi|Jirachi|84/100
|turn|20
|
|t:|1758999463
|switch|p1a: Rotom|Rotom-Wash|61/100
|-terastallize|p2a: Jirachi|Steel
|move|p2a: Jirachi|Iron Head|p1a: Rotom
|-resisted|p1a: Rotom
|-damage|p1a: Rotom|50/100
|
|-heal|p1a: Rotom|56/100|[from] item: Leftovers
|upkeep
|turn|21
|
|t:|1758999475
|move|p2a: Jirachi|Iron Head|p1a: Rotom
|-resisted|p1a: Rotom
|-damage|p1a: Rotom|44/100
|cant|p1a: Rotom|flinch
|
|-heal|p1a: Rotom|50/100|[from] item: Leftovers
|upkeep
|turn|22
|
|t:|1758999482
|move|p2a: Jirachi|Iron Head|p1a: Rotom
|-resisted|p1a: Rotom
|-damage|p1a: Rotom|39/100
|move|p1a: Rotom|Thunder Wave|p2a: Jirachi
|-status|p2a: Jirachi|par
|
|-heal|p1a: Rotom|45/100|[from] item: Leftovers
|upkeep
|turn|23
|-message|Princessjosie1001! forfeited.
|
|win|Arthurfr4545
|raw|Arthurfr4545's rating: 1426 &rarr; <strong>1446</strong><br />(+20 for winning)
|raw|Princessjosie1001!'s rating: 1426 &rarr; <strong>1406</strong><br />(-20 for losing)
|l|☆Princessjosie1001!
|player|p2|
|l|☆Arthurfr4545
|player|p1|
