|j|☆AintDummy
|j|☆nlzdy
|t:|1758981442
|gametype|singles
|player|p1|AintDummy|hoopster|1201
|player|p2|nlzdy|cynthia|1159
|gen|9
|tier|[Gen 9] OU
|rated|
|rule|HP Percentage Mod: HP is shown in percentages
|rule|Endless Battle Clause: Forcing endless battles is banned
|rule|Species Clause: Limit one of each Pokémon
|rule|OHKO Clause: OHKO moves are banned
|rule|Evasion Items Clause: Evasion items are banned
|rule|Evasion Moves Clause: Evasion moves are banned
|rule|Evasion Abilities Clause: Evasion abilities are banned
|rule|Sleep Moves Clause: Sleep-inducing moves are banned
|clearpoke
|poke|p1|Lucario, M|
|poke|p1|Garchomp, F|
|poke|p1|Ribombee, M|
|poke|p1|Great Tusk|
|poke|p1|Cinderace, F|
|poke|p1|Luxray, F|
|poke|p2|Corviknight, M|
|poke|p2|Meowscarada, M|
|poke|p2|Walking Wake|
|poke|p2|Cinderace, F|
|poke|p2|Slowking-Galar, F|
|poke|p2|Zamazenta-*|
|teampreview
|inactive|Battle timer is ON: inactive players will automatically lose when time's up. (requested by AintDummy)
|
|t:|1758981469
|teamsize|p1|6
|teamsize|p2|6
|start
|switch|p1a: Ribombee|Ribombee, M|100/100
|switch|p2a: Meowscarada|Meowscarada, M|100/100
|turn|1
|
|t:|1758981476
|move|p2a: Meowscarada|Trick|p1a: Ribombee
|-start|p2a: Meowscarada|typechange|Psychic|[from] ability: Protean
|-activate|p2a: Meowscarada|move: Trick|[of] p1a: Ribombee
|-item|p1a: Ribombee|Choice Scarf|[from] move: Trick
|-item|p2a: Meowscarada|Focus Sash|[from] move: Trick
|move|p1a: Ribombee|Sticky Web|p2a: Meowscarada
|-sidestart|p2: nlzdy|move: Sticky Web
|
|upkeep
|turn|2
|inactive|AintDummy has 120 seconds left.
|
|t:|1758981522
|switch|p1a: Cinderace|Cinderace, F|100/100
|move|p2a: Meowscarada|Flower Trick|p1a: Cinderace
|-resisted|p1a: Cinderace
|-crit|p1a: Cinderace
|-damage|p1a: Cinderace|78/100
|
|upkeep
|turn|3
|
|t:|1758981533
|move|p2a: Meowscarada|Trick|p1a: Cinderace
|-activate|p2a: Meowscarada|move: Trick|[of] p1a: Cinderace
|-item|p1a: Cinderace|Focus Sash|[from] move: Trick
|-item|p2a: Meowscarada|Wide Lens|[from] move: Trick
|move|p1a: Cinderace|U-turn|p2a: Meowscarada
|-start|p1a: Cinderace|typechange|Bug|[from] ability: Libero
|-supereffective|p2a: Meowscarada
|-damage|p2a: Meowscarada|0 fnt
|faint|p2a: Meowscarada
|inactive|AintDummy has 90 seconds left.
|
|t:|1758981573
|switch|p1a: Luxray|Luxray, F|100/100|[from] U-turn
|
|upkeep
|
|t:|1758981577
|switch|p2a: Cinderace|Cinderace, F|100/100
|turn|4
|inactive|AintDummy has 90 seconds left.
|
|t:|1758981584
|move|p1a: Luxray|Supercell Slam|p2a: Cinderace
|-damage|p2a: Cinderace|33/100
|move|p2a: Cinderace|Will-O-Wisp|p1a: Luxray
|-status|p1a: Luxray|brn
|
|-damage|p1a: Luxray|95/100 brn|[from] brn
|upkeep
|turn|5
|
|t:|1758981594
|move|p1a: Luxray|Supercell Slam|p2a: Cinderace
|-damage|p2a: Cinderace|0 fnt
|faint|p2a: Cinderace
|
|-damage|p1a: Luxray|89/100 brn|[from] brn
|upkeep
|c|☆AintDummy|I am guits
|-message|nlzdy forfeited.
|
|win|AintDummy
|raw|AintDummy's rating: 1201 &rarr; <strong>1223</strong><br />(+22 for winning)
|raw|nlzdy's rating: 1159 &rarr; <strong>1137</strong><br />(-22 for losing)
|l|☆nlzdy
|player|p2|
|l|☆AintDummy
|player|p1|
