|j|☆B34B4D00B33
|j|☆Calcublast
|t:|1758980019
|gametype|singles
|player|p1|B34B4D00B33|furisodegirl-white|1300
|player|p2|Calcublast|thorton|1318
|gen|9
|tier|[Gen 9] OU
|rated|
|rule|HP Percentage Mod: HP is shown in percentages
|rule|Endless Battle Clause: Forcing endless battles is banned
|rule|Species Clause: Limit one of each Pokémon
|rule|OHKO Clause: OHKO moves are banned
|rule|Evasion Items Clause: Evasion items are banned
|rule|Evasion Moves Clause: Evasion moves are banned
|rule|Evasion Abilities Clause: Evasion abilities are banned
|rule|Sleep Moves Clause: Sleep-inducing moves are banned
|clearpoke
|poke|p1|Hoopa-Unbound|
|poke|p1|Enamorus, F|
|poke|p1|Garchomp, M|
|poke|p1|Pecharunt|
|poke|p1|Hatterene, F|
|poke|p1|Kingambit, F|
|poke|p2|Braviary-Hisui, M|
|poke|p2|Kleavor, F|
|poke|p2|Hydrapple, M|
|poke|p2|Magnezone|
|poke|p2|Granbull, F|
|poke|p2|Cryogonal|
|teampreview
|
|t:|1758980028
|teamsize|p1|6
|teamsize|p2|6
|start
|switch|p1a: Hatterene|Hatterene, F|100/100
|switch|p2a: Canada|Braviary-Hisui, M|100/100
|turn|1
|inactive|Battle timer is ON: inactive players will automatically lose when time's up. (requested by Calcublast)
|
|t:|1758980037
|move|p2a: Canada|Hurricane|p1a: Hatterene|[miss]
|-miss|p2a: Canada|p1a: Hatterene
|move|p1a: Hatterene|Nuzzle|p2a: Canada
|-supereffective|p2a: Canada
|-damage|p2a: Canada|94/100
|-status|p2a: Canada|par
|
|upkeep
|turn|2
|
|t:|1758980047
|move|p1a: Hatterene|Mystical Fire|p2a: Canada
|-damage|p2a: Canada|64/100 par
|-unboost|p2a: Canada|spa|1
|move|p2a: Canada|Hurricane|p1a: Hatterene
|-damage|p1a: Hatterene|66/100
|
|upkeep
|turn|3
|
|t:|1758980054
|move|p1a: Hatterene|Mystical Fire|p2a: Canada
|-damage|p2a: Canada|39/100 par
|-unboost|p2a: Canada|spa|1
|move|p2a: Canada|Roost|p2a: Canada
|-heal|p2a: Canada|89/100 par
|-singleturn|p2a: Canada|move: Roost
|
|upkeep
|turn|4
|
|t:|1758980068
|switch|p2a: Stone Age|Kleavor, F|100/100
|move|p1a: Hatterene|Draining Kiss|p2a: Stone Age
|-damage|p2a: Stone Age|62/100
|-heal|p1a: Hatterene|92/100|[from] drain|[of] p2a: Stone Age
|
|upkeep
|turn|5
|
|t:|1758980075
|-terastallize|p2a: Stone Age|Rock
|move|p2a: Stone Age|Stone Axe|p1a: Hatterene
|-damage|p1a: Hatterene|28/100
|-sidestart|p1: B34B4D00B33|move: Stealth Rock
|move|p1a: Hatterene|Mystical Fire|p2a: Stone Age
|-resisted|p2a: Stone Age
|-damage|p2a: Stone Age|41/100
|-unboost|p2a: Stone Age|spa|1
|
|upkeep
|turn|6
|
|t:|1758980096
|switch|p1a: Garchomp|Garchomp, M|100/100
|-damage|p1a: Garchomp|94/100|[from] Stealth Rock
|move|p2a: Stone Age|Stone Axe|p1a: Garchomp
|-resisted|p1a: Garchomp
|-damage|p1a: Garchomp|72/100
|-damage|p2a: Stone Age|29/100|[from] ability: Rough Skin|[of] p1a: Garchomp
|-damage|p2a: Stone Age|13/100|[from] item: Rocky Helmet|[of] p1a: Garchomp
|
|upkeep
|turn|7
|
|t:|1758980101
|switch|p2a: Vicktim|Granbull, F|100/100
|-ability|p2a: Vicktim|Intimidate|boost
|-unboost|p1a: Garchomp|atk|1
|move|p1a: Garchomp|Stealth Rock|p2a: Vicktim
|-sidestart|p2: Calcublast|move: Stealth Rock
|
|upkeep
|turn|8
|
|t:|1758980108
|move|p1a: Garchomp|Spikes|p2a: Vicktim
|-sidestart|p2: Calcublast|Spikes
|move|p2a: Vicktim|Bulk Up|p2a: Vicktim
|-boost|p2a: Vicktim|atk|1
|-boost|p2a: Vicktim|def|1
|
|upkeep
|turn|9
|
|t:|1758980115
|switch|p1a: Pecharunt|Pecharunt|100/100
|-damage|p1a: Pecharunt|88/100|[from] Stealth Rock
|move|p2a: Vicktim|Play Rough|p1a: Pecharunt
|-resisted|p1a: Pecharunt
|-damage|p1a: Pecharunt|73/100
|
|upkeep
|turn|10
|
|t:|1758980129
|move|p1a: Pecharunt|Malignant Chain|p2a: Vicktim
|-supereffective|p2a: Vicktim
|-damage|p2a: Vicktim|14/100
|move|p2a: Vicktim|Earthquake|p1a: Pecharunt
|-supereffective|p1a: Pecharunt
|-enditem|p1a: Pecharunt|Shuca Berry|[eat]
|-enditem|p1a: Pecharunt|Shuca Berry|[weaken]
|-damage|p1a: Pecharunt|51/100
|
|upkeep
|turn|11
|-message|Calcublast forfeited.
|
|win|B34B4D00B33
|raw|B34B4D00B33's rating: 1300 &rarr; <strong>1326</strong><br />(+26 for winning)
|raw|Calcublast's rating: 1318 &rarr; <strong>1297</strong><br />(-21 for losing)
|l|☆Calcublast
|player|p2|
|l|☆B34B4D00B33
|player|p1|
