|j|☆grandmaster778
|j|☆lerendezvous
|t:|1758952813
|gametype|singles
|player|p1|grandmaster778|2|1546
|player|p2|lerendezvous|101|1662
|gen|9
|tier|[Gen 9] OU
|rated|
|rule|HP Percentage Mod: HP is shown in percentages
|rule|Endless Battle Clause: Forcing endless battles is banned
|rule|Species Clause: Limit one of each Pokémon
|rule|OHKO Clause: OHKO moves are banned
|rule|Evasion Items Clause: Evasion items are banned
|rule|Evasion Moves Clause: Evasion moves are banned
|rule|Evasion Abilities Clause: Evasion abilities are banned
|rule|Sleep Moves Clause: Sleep-inducing moves are banned
|clearpoke
|poke|p1|Arcanine-Hisui, M|
|poke|p1|Rillaboom, F|
|poke|p1|Kingambit, F|
|poke|p1|Great Tusk|
|poke|p1|Zapdos|
|poke|p1|Iron Boulder|
|poke|p2|Ogerpon-Wellspring, F|
|poke|p2|Slowking-Galar, M|
|poke|p2|Great Tusk|
|poke|p2|Moltres|
|poke|p2|Dragapult, M|
|poke|p2|Kingambit, M|
|teampreview
|
|t:|1758952821
|teamsize|p1|6
|teamsize|p2|6
|start
|switch|p1a: Great Tusk|Great Tusk|100/100
|switch|p2a: Slowking|Slowking-Galar, M|100/100
|turn|1
|inactive|Battle timer is ON: inactive players will automatically lose when time's up. (requested by lerendezvous)
|
|t:|1758952828
|move|p1a: Great Tusk|Stealth Rock|p2a: Slowking
|-sidestart|p2: lerendezvous|move: Stealth Rock
|move|p2a: Slowking|Ice Beam|p1a: Great Tusk
|-supereffective|p1a: Great Tusk
|-damage|p1a: Great Tusk|32/100
|
|upkeep
|turn|2
|
|t:|1758952834
|switch|p2a: Great Tusk|Great Tusk|100/100
|-damage|p2a: Great Tusk|98/100|[from] Stealth Rock
|move|p1a: Great Tusk|Headlong Rush|p2a: Great Tusk
|-damage|p2a: Great Tusk|57/100
|-unboost|p1a: Great Tusk|def|1
|-unboost|p1a: Great Tusk|spd|1
|-damage|p1a: Great Tusk|16/100|[from] item: Rocky Helmet|[of] p2a: Great Tusk
|
|upkeep
|turn|3
|inactive|grandmaster778 has 120 seconds left.
|
|t:|1758952867
|-terastallize|p1a: Great Tusk|Ghost
|move|p2a: Great Tusk|Rapid Spin|p1a: Great Tusk
|-immune|p1a: Great Tusk
|move|p1a: Great Tusk|Headlong Rush|p2a: Great Tusk
|-damage|p2a: Great Tusk|22/100
|-unboost|p1a: Great Tusk|def|1
|-unboost|p1a: Great Tusk|spd|1
|-damage|p1a: Great Tusk|0 fnt|[from] item: Rocky Helmet|[of] p2a: Great Tusk
|faint|p1a: Great Tusk
|-end|p1a: Great Tusk|Protosynthesis|[silent]
|
|upkeep
|inactive|grandmaster778 has 120 seconds left.
|
|t:|1758952880
|switch|p1a: Arcanine|Arcanine-Hisui, M|100/100
|turn|4
|
|t:|1758952884
|move|p1a: Arcanine|Flare Blitz|p2a: Great Tusk
|-damage|p2a: Great Tusk|0 fnt
|-damage|p1a: Arcanine|84/100|[from] item: Rocky Helmet|[of] p2a: Great Tusk
|faint|p2a: Great Tusk
|-end|p2a: Great Tusk|Protosynthesis|[silent]
|
|upkeep
|
|t:|1758952892
|switch|p2a: Ogerpon|Ogerpon-Wellspring, F|100/100
|-damage|p2a: Ogerpon|88/100|[from] Stealth Rock
|turn|5
|
|t:|1758952897
|switch|p1a: Rillaboom|Rillaboom, F|100/100
|-fieldstart|move: Grassy Terrain|[from] ability: Grassy Surge|[of] p1a: Rillaboom
|move|p2a: Ogerpon|Ivy Cudgel|p1a: Rillaboom|[anim] Ivy Cudgel Water
|-resisted|p1a: Rillaboom
|-crit|p1a: Rillaboom
|-damage|p1a: Rillaboom|56/100
|
|-heal|p2a: Ogerpon|94/100|[from] Grassy Terrain
|-heal|p1a: Rillaboom|62/100|[from] Grassy Terrain
|upkeep
|turn|6
|
|t:|1758952905
|move|p2a: Ogerpon|U-turn|p1a: Rillaboom
|-supereffective|p1a: Rillaboom
|-damage|p1a: Rillaboom|1/100
|
|t:|1758952912
|switch|p2a: Moltres|Moltres|100/100|[from] U-turn
|move|p1a: Rillaboom|Knock Off|p2a: Moltres
|-damage|p2a: Moltres|63/100
|-enditem|p2a: Moltres|Heavy-Duty Boots|[from] move: Knock Off|[of] p1a: Rillaboom
|
|-heal|p1a: Rillaboom|7/100|[from] Grassy Terrain
|upkeep
|turn|7
|
|t:|1758952921
|switch|p1a: Arcanine|Arcanine-Hisui, M|84/100
|move|p2a: Moltres|Roost|p2a: Moltres
|-heal|p2a: Moltres|100/100
|-singleturn|p2a: Moltres|move: Roost
|
|-heal|p1a: Arcanine|90/100|[from] Grassy Terrain
|upkeep
|turn|8
|
|t:|1758952929
|move|p1a: Arcanine|Head Smash|p2a: Moltres
|-supereffective|p2a: Moltres
|-damage|p2a: Moltres|0 fnt
|faint|p2a: Moltres
|
|-heal|p1a: Arcanine|96/100|[from] Grassy Terrain
|upkeep
|
|t:|1758952937
|switch|p2a: Kingambit|Kingambit, M|100/100
|-damage|p2a: Kingambit|94/100|[from] Stealth Rock
|-activate|p2a: Kingambit|ability: Supreme Overlord
|-start|p2a: Kingambit|fallen2|[silent]
|turn|9
|
|t:|1758952945
|switch|p1a: Zapdos|Zapdos|100/100
|move|p2a: Kingambit|Swords Dance|p2a: Kingambit
|-boost|p2a: Kingambit|atk|2
|
|-heal|p2a: Kingambit|100/100|[from] Grassy Terrain
|-fieldend|move: Grassy Terrain
|upkeep
|turn|10
|
|t:|1758952951
|move|p1a: Zapdos|Thunder Wave|p2a: Kingambit
|-status|p2a: Kingambit|par
|move|p2a: Kingambit|Swords Dance|p2a: Kingambit
|-boost|p2a: Kingambit|atk|2
|
|upkeep
|turn|11
|
|t:|1758952957
|move|p1a: Zapdos|Volt Switch|p2a: Kingambit
|-damage|p2a: Kingambit|71/100 par
|
|t:|1758952982
|switch|p1a: Kingambit|Kingambit, F|100/100|[from] Volt Switch
|-activate|p1a: Kingambit|ability: Supreme Overlord
|-start|p1a: Kingambit|fallen1|[silent]
|move|p2a: Kingambit|Iron Head|p1a: Kingambit
|-resisted|p1a: Kingambit
|-damage|p1a: Kingambit|41/100
|
|-heal|p1a: Kingambit|47/100|[from] item: Leftovers
|-heal|p2a: Kingambit|77/100 par|[from] item: Leftovers
|upkeep
|turn|12
|
|t:|1758952991
|move|p1a: Kingambit|Iron Head|p2a: Kingambit
|-resisted|p2a: Kingambit
|-damage|p2a: Kingambit|56/100 par
|cant|p2a: Kingambit|par
|
|-heal|p1a: Kingambit|53/100|[from] item: Leftovers
|-heal|p2a: Kingambit|62/100 par|[from] item: Leftovers
|upkeep
|turn|13
|
|t:|1758953000
|move|p1a: Kingambit|Iron Head|p2a: Kingambit
|-resisted|p2a: Kingambit
|-damage|p2a: Kingambit|41/100 par
|move|p2a: Kingambit|Iron Head|p1a: Kingambit
|-resisted|p1a: Kingambit
|-damage|p1a: Kingambit|0 fnt
|faint|p1a: Kingambit
|-end|p1a: Kingambit|fallen1|[silent]
|
|-heal|p2a: Kingambit|47/100 par|[from] item: Leftovers
|upkeep
|
|t:|1758953005
|switch|p1a: Iron Boulder|Iron Boulder|100/100
|-enditem|p1a: Iron Boulder|Booster Energy
|-activate|p1a: Iron Boulder|ability: Quark Drive|[fromitem]
|-start|p1a: Iron Boulder|quarkdrivespe
|turn|14
|
|t:|1758953012
|move|p2a: Kingambit|Sucker Punch|p1a: Iron Boulder
|-supereffective|p1a: Iron Boulder
|-damage|p1a: Iron Boulder|0 fnt
|faint|p1a: Iron Boulder
|-end|p1a: Iron Boulder|Quark Drive|[silent]
|
|-heal|p2a: Kingambit|53/100 par|[from] item: Leftovers
|upkeep
|
|t:|1758953015
|switch|p1a: Arcanine|Arcanine-Hisui, M|96/100
|turn|15
|
|t:|1758953020
|move|p2a: Kingambit|Sucker Punch|p1a: Arcanine
|-damage|p1a: Arcanine|0 fnt
|faint|p1a: Arcanine
|
|-heal|p2a: Kingambit|60/100 par|[from] item: Leftovers
|upkeep
|-message|grandmaster778 forfeited.
|
|win|lerendezvous
|raw|grandmaster778's rating: 1546 &rarr; <strong>1532</strong><br />(-14 for losing)
|raw|lerendezvous's rating: 1662 &rarr; <strong>1676</strong><br />(+14 for winning)
|l|☆grandmaster778
|player|p1|
|l|☆lerendezvous
|player|p2|
