|j|☆capitolg
|j|☆mexi992
|t:|1758932199
|gametype|singles
|player|p1|capitolg|bellelba|1080
|player|p2|mexi992|169|1095
|gen|9
|tier|[Gen 9] OU
|rated|
|rule|HP Percentage Mod: HP is shown in percentages
|rule|Endless Battle Clause: Forcing endless battles is banned
|rule|Species Clause: Limit one of each Pokémon
|rule|OHKO Clause: OHKO moves are banned
|rule|Evasion Items Clause: Evasion items are banned
|rule|Evasion Moves Clause: Evasion moves are banned
|rule|Evasion Abilities Clause: Evasion abilities are banned
|rule|Sleep Moves Clause: Sleep-inducing moves are banned
|clearpoke
|poke|p1|Masquerain, F|
|poke|p1|Articuno-Galar|
|poke|p1|Smeargle, F|
|poke|p1|Empoleon, M|
|poke|p1|Passimian, M|
|poke|p1|Chandelure, F|
|poke|p2|Pelipper, F|
|poke|p2|Barraskewda, F|
|poke|p2|Floatzel, M|
|poke|p2|Raging Bolt|
|poke|p2|Tornadus-Therian, M|
|poke|p2|Kingambit, M|
|teampreview
|
|t:|1758932215
|teamsize|p1|6
|teamsize|p2|6
|start
|switch|p1a: Masquerain|Masquerain, F|100/100
|switch|p2a: Pelipper|Pelipper, F|100/100
|-ability|p1a: Masquerain|Intimidate|boost
|-unboost|p2a: Pelipper|atk|1
|-weather|RainDance|[from] ability: Drizzle|[of] p2a: Pelipper
|turn|1
|
|t:|1758932223
|move|p1a: Masquerain|Sticky Web|p2a: Pelipper
|-sidestart|p2: mexi992|move: Sticky Web
|move|p2a: Pelipper|Hurricane|p1a: Masquerain
|-supereffective|p1a: Masquerain
|-damage|p1a: Masquerain|23/100
|
|-weather|RainDance|[upkeep]
|upkeep
|turn|2
|
|t:|1758932228
|move|p1a: Masquerain|Ice Beam|p2a: Pelipper
|-damage|p2a: Pelipper|60/100
|move|p2a: Pelipper|Hurricane|p1a: Masquerain
|-supereffective|p1a: Masquerain
|-damage|p1a: Masquerain|0 fnt
|faint|p1a: Masquerain
|
|-weather|RainDance|[upkeep]
|upkeep
|
|t:|1758932231
|switch|p1a: Smeargle|Smeargle, F|100/100
|turn|3
|
|t:|1758932234
|move|p1a: Smeargle|Court Change|p1a: Smeargle
|-swapsideconditions
|-activate|p1a: Smeargle|move: Court Change
|move|p2a: Pelipper|U-turn|p1a: Smeargle
|-damage|p1a: Smeargle|88/100
|
|t:|1758932239
|switch|p2a: Barraskewda|Barraskewda, F|100/100|[from] U-turn
|
|-weather|RainDance|[upkeep]
|upkeep
|turn|4
|
|t:|1758932246
|move|p1a: Smeargle|Burning Bulwark|p1a: Smeargle
|-singleturn|p1a: Smeargle|move: Protect
|move|p2a: Barraskewda|Liquidation|p1a: Smeargle
|-activate|p1a: Smeargle|move: Protect
|-status|p2a: Barraskewda|brn
|
|-weather|RainDance|[upkeep]
|-damage|p2a: Barraskewda|94/100 brn|[from] brn
|upkeep
|turn|5
|
|t:|1758932248
|move|p2a: Barraskewda|Liquidation|p1a: Smeargle
|-damage|p1a: Smeargle|0 fnt
|faint|p1a: Smeargle
|
|-weather|RainDance|[upkeep]
|-damage|p2a: Barraskewda|88/100 brn|[from] brn
|upkeep
|
|t:|1758932251
|switch|p1a: Empoleon|Empoleon, M|100/100
|-activate|p1a: Empoleon|move: Sticky Web
|-unboost|p1a: Empoleon|spe|1
|-ability|p1a: Empoleon|Competitive|boost
|-boost|p1a: Empoleon|spa|2
|turn|6
|
|t:|1758932255
|move|p2a: Barraskewda|Liquidation|p1a: Empoleon
|-resisted|p1a: Empoleon
|-damage|p1a: Empoleon|74/100
|move|p1a: Empoleon|Grass Knot|p2a: Barraskewda
|-supereffective|p2a: Barraskewda
|-damage|p2a: Barraskewda|0 fnt
|faint|p2a: Barraskewda
|
|-weather|RainDance|[upkeep]
|upkeep
|
|t:|1758932260
|switch|p2a: Raging Bolt|Raging Bolt|100/100
|turn|7
|
|t:|1758932263
|move|p2a: Raging Bolt|Thunder|p1a: Empoleon
|-supereffective|p1a: Empoleon
|-damage|p1a: Empoleon|2/100
|move|p1a: Empoleon|Ice Beam|p2a: Raging Bolt
|-supereffective|p2a: Raging Bolt
|-damage|p2a: Raging Bolt|46/100
|
|-weather|RainDance|[upkeep]
|upkeep
|turn|8
|
|t:|1758932267
|move|p1a: Empoleon|Vacuum Wave|p2a: Raging Bolt
|-damage|p2a: Raging Bolt|35/100
|move|p2a: Raging Bolt|Thunder|p1a: Empoleon
|-supereffective|p1a: Empoleon
|-damage|p1a: Empoleon|0 fnt
|faint|p1a: Empoleon
|
|-weather|none
|upkeep
|
|t:|1758932269
|switch|p1a: Chandelure|Chandelure, F|100/100
|-activate|p1a: Chandelure|move: Sticky Web
|-unboost|p1a: Chandelure|spe|1
|turn|9
|
|t:|1758932279
|-end|p2a: Raging Bolt|Protosynthesis|[silent]
|switch|p2a: Pelipper|Pelipper, F|60/100
|-weather|RainDance|[from] ability: Drizzle|[of] p2a: Pelipper
|move|p1a: Chandelure|Trick Room|p1a: Chandelure
|-fieldstart|move: Trick Room|[of] p1a: Chandelure
|
|-weather|RainDance|[upkeep]
|upkeep
|turn|10
|
|t:|1758932284
|move|p1a: Chandelure|Shadow Ball|p2a: Pelipper
|-damage|p2a: Pelipper|0 fnt
|faint|p2a: Pelipper
|
|-weather|RainDance|[upkeep]
|upkeep
|
|t:|1758932287
|switch|p2a: Floatzel|Floatzel, M|100/100
|turn|11
|
|t:|1758932292
|move|p1a: Chandelure|Shadow Ball|p2a: Floatzel
|-damage|p2a: Floatzel|10/100
|move|p2a: Floatzel|Wave Crash|p1a: Chandelure
|-supereffective|p1a: Chandelure
|-enditem|p1a: Chandelure|Focus Sash
|-damage|p1a: Chandelure|1/100
|-damage|p2a: Floatzel|0 fnt|[from] Recoil
|faint|p2a: Floatzel
|
|-weather|RainDance|[upkeep]
|upkeep
|
|t:|1758932301
|switch|p2a: Tornadus|Tornadus-Therian, M|100/100
|turn|12
|
|t:|1758932325
|move|p1a: Chandelure|Shadow Ball|p2a: Tornadus
|-damage|p2a: Tornadus|33/100
|move|p2a: Tornadus|U-turn|p1a: Chandelure
|-resisted|p1a: Chandelure
|-damage|p1a: Chandelure|0 fnt
|-status|p2a: Tornadus|brn|[from] ability: Flame Body|[of] p1a: Chandelure
|faint|p1a: Chandelure
|
|t:|1758932333
|switch|p2a: Raging Bolt|Raging Bolt|35/100|[from] U-turn
|
|-weather|RainDance|[upkeep]
|upkeep
|
|t:|1758932336
|switch|p1a: Passimian|Passimian, M|100/100
|-activate|p1a: Passimian|move: Sticky Web
|-unboost|p1a: Passimian|spe|1
|-ability|p1a: Passimian|Defiant|boost
|-boost|p1a: Passimian|atk|2
|turn|13
|
|t:|1758932349
|move|p1a: Passimian|Earthquake|p2a: Raging Bolt
|-supereffective|p2a: Raging Bolt
|-damage|p2a: Raging Bolt|0 fnt
|faint|p2a: Raging Bolt
|-end|p2a: Raging Bolt|Protosynthesis|[silent]
|
|-weather|RainDance|[upkeep]
|-fieldend|move: Trick Room
|upkeep
|
|t:|1758932353
|switch|p2a: Tornadus|Tornadus-Therian, M|66/100 brn
|turn|14
|l|☆capitolg
|player|p1|
|j|☆capitolg
|player|p1|capitolg|bellelba|
|
|t:|1758932417
|move|p2a: Tornadus|Hurricane|p1a: Passimian
|-supereffective|p1a: Passimian
|-damage|p1a: Passimian|20/100
|-start|p1a: Passimian|confusion
|-activate|p1a: Passimian|confusion
|-damage|p1a: Passimian|0 fnt|[from] confusion
|faint|p1a: Passimian
|
|-weather|RainDance|[upkeep]
|-damage|p2a: Tornadus|60/100 brn|[from] brn
|upkeep
|
|t:|1758932418
|switch|p1a: Articuno|Articuno-Galar|100/100
|-activate|p1a: Articuno|move: Sticky Web
|-unboost|p1a: Articuno|spe|1
|-ability|p1a: Articuno|Competitive|boost
|-boost|p1a: Articuno|spa|2
|turn|15
|
|t:|1758932422
|move|p2a: Tornadus|Hurricane|p1a: Articuno
|-damage|p1a: Articuno|59/100
|move|p1a: Articuno|Trick Room|p1a: Articuno
|-fieldstart|move: Trick Room|[of] p1a: Articuno
|
|-weather|RainDance|[upkeep]
|-damage|p2a: Tornadus|54/100 brn|[from] brn
|upkeep
|turn|16
|
|t:|1758932434
|move|p1a: Articuno|Freezing Glare|p2a: Tornadus
|-damage|p2a: Tornadus|0 fnt
|faint|p2a: Tornadus
|
|-weather|none
|upkeep
|
|t:|1758932441
|switch|p2a: Kingambit|Kingambit, M|100/100
|-activate|p2a: Kingambit|ability: Supreme Overlord
|-start|p2a: Kingambit|fallen5|[silent]
|turn|17
|
|t:|1758932446
|-terastallize|p1a: Articuno|Fighting
|move|p1a: Articuno|Tera Blast|p2a: Kingambit|[anim] Tera Blast Fighting
|-supereffective|p2a: Kingambit
|-damage|p2a: Kingambit|0 fnt
|faint|p2a: Kingambit
|-end|p2a: Kingambit|fallen5|[silent]
|
|win|capitolg
|raw|capitolg's rating: 1105 &rarr; <strong>1129</strong><br />(+24 for winning)
|raw|mexi992's rating: 1095 &rarr; <strong>1071</strong><br />(-24 for losing)
|l|☆capitolg
|player|p1|
