|j|☆Hznie
|j|☆Leipax
|t:|1758980570
|gametype|singles
|player|p1|Hznie|265|1109
|player|p2|Leipax|wattson|1084
|gen|9
|tier|[Gen 9] OU
|rated|
|rule|HP Percentage Mod: HP is shown in percentages
|rule|Endless Battle Clause: Forcing endless battles is banned
|rule|Species Clause: Limit one of each Pokémon
|rule|OHKO Clause: OHKO moves are banned
|rule|Evasion Items Clause: Evasion items are banned
|rule|Evasion Moves Clause: Evasion moves are banned
|rule|Evasion Abilities Clause: Evasion abilities are banned
|rule|Sleep Moves Clause: Sleep-inducing moves are banned
|clearpoke
|poke|p1|Gholdengo|
|poke|p1|Thundurus, M|
|poke|p1|Alomomola, F|
|poke|p1|Cinccino, F|
|poke|p1|Pecharunt|
|poke|p1|Arcanine-Hisui, F|
|poke|p2|Gengar, F|
|poke|p2|Armarouge, F|
|poke|p2|Garchomp, M|
|poke|p2|Manaphy|
|poke|p2|Grimmsnarl, M|
|poke|p2|Iron Thorns|
|teampreview
|
|t:|1758980587
|teamsize|p1|6
|teamsize|p2|6
|start
|switch|p1a: Thundurus|Thundurus, M|100/100
|switch|p2a: Gengar|Gengar, F|100/100
|turn|1
|inactive|Battle timer is ON: inactive players will automatically lose when time's up. (requested by Hznie)
|l|☆Hznie
|inactive|Hznie disconnected and has a minute to reconnect!
|player|p1|
|j|☆Hznie
|inactive|Hznie reconnected and has 145 seconds left.
|player|p1|Hznie|265|
|
|t:|1758980618
|move|p1a: Thundurus|Thunder Wave|p2a: Gengar
|-status|p2a: Gengar|par
|move|p2a: Gengar|Toxic Spikes|p1a: Thundurus
|-sidestart|p1: Hznie|move: Toxic Spikes
|
|upkeep
|turn|2
|
|t:|1758980630
|move|p1a: Thundurus|Eerie Impulse|p2a: Gengar
|-unboost|p2a: Gengar|spa|2
|move|p2a: Gengar|Sludge Bomb|p1a: Thundurus
|-damage|p1a: Thundurus|72/100
|
|upkeep
|turn|3
|
|t:|1758980639
|switch|p2a: Iron Thorns|Iron Thorns|100/100
|-enditem|p2a: Iron Thorns|Booster Energy
|-activate|p2a: Iron Thorns|ability: Quark Drive|[fromitem]
|-start|p2a: Iron Thorns|quarkdriveatk
|move|p1a: Thundurus|Volt Switch|p2a: Iron Thorns
|-resisted|p2a: Iron Thorns
|-damage|p2a: Iron Thorns|80/100
|
|t:|1758980642
|switch|p1a: Pecharunt|Pecharunt|100/100|[from] Volt Switch
|-sideend|p1: Hznie|move: Toxic Spikes|[of] p1a: Pecharunt
|
|upkeep
|turn|4
|
|t:|1758980655
|move|p1a: Pecharunt|Malignant Chain|p2a: Iron Thorns
|-resisted|p2a: Iron Thorns
|-damage|p2a: Iron Thorns|59/100
|-status|p2a: Iron Thorns|tox
|-start|p2a: Iron Thorns|confusion|[from] ability: Poison Puppeteer|[of] p1a: Pecharunt
|-activate|p2a: Iron Thorns|confusion
|move|p2a: Iron Thorns|Stealth Rock|p1a: Pecharunt
|-sidestart|p1: Hznie|move: Stealth Rock
|
|-damage|p2a: Iron Thorns|53/100 tox|[from] psn
|upkeep
|turn|5
|
|t:|1758980669
|-end|p2a: Iron Thorns|Quark Drive|[silent]
|switch|p2a: Garchomp|Garchomp, M|100/100
|move|p1a: Pecharunt|Nasty Plot|p1a: Pecharunt
|-boost|p1a: Pecharunt|spa|2
|
|upkeep
|turn|6
|
|t:|1758980676
|move|p2a: Garchomp|Earthquake|p1a: Pecharunt
|-supereffective|p1a: Pecharunt
|-damage|p1a: Pecharunt|48/100
|move|p1a: Pecharunt|Malignant Chain|p2a: Garchomp
|-resisted|p2a: Garchomp
|-damage|p2a: Garchomp|70/100
|
|upkeep
|turn|7
|
|t:|1758980690
|switch|p1a: Thundurus|Thundurus, M|72/100
|-damage|p1a: Thundurus|48/100|[from] Stealth Rock
|move|p2a: Garchomp|Earthquake|p1a: Thundurus
|-immune|p1a: Thundurus
|
|upkeep
|turn|8
|
|t:|1758980702
|move|p2a: Garchomp|Dragon Claw|p1a: Thundurus
|-damage|p1a: Thundurus|0 fnt
|faint|p1a: Thundurus
|
|upkeep
|
|t:|1758980711
|switch|p1a: Cinccino|Cinccino, F|100/100
|-damage|p1a: Cinccino|88/100|[from] Stealth Rock
|turn|9
|
|t:|1758980717
|move|p1a: Cinccino|Triple Axel|p2a: Garchomp
|-supereffective|p2a: Garchomp
|-damage|p2a: Garchomp|38/100
|-damage|p1a: Cinccino|76/100|[from] ability: Rough Skin|[of] p2a: Garchomp
|-supereffective|p2a: Garchomp
|-damage|p2a: Garchomp|0 fnt
|-damage|p1a: Cinccino|64/100|[from] ability: Rough Skin|[of] p2a: Garchomp
|faint|p2a: Garchomp
|-hitcount|p2: Garchomp|2
|
|upkeep
|
|t:|1758980734
|switch|p2a: Armarouge|Armarouge, F|100/100
|turn|10
|
|t:|1758980739
|move|p1a: Cinccino|Rock Blast|p2a: Armarouge
|-supereffective|p2a: Armarouge
|-damage|p2a: Armarouge|76/100
|-supereffective|p2a: Armarouge
|-damage|p2a: Armarouge|51/100
|-supereffective|p2a: Armarouge
|-damage|p2a: Armarouge|29/100
|-supereffective|p2a: Armarouge
|-damage|p2a: Armarouge|6/100
|-supereffective|p2a: Armarouge
|-damage|p2a: Armarouge|0 fnt
|faint|p2a: Armarouge
|-hitcount|p2: Armarouge|5
|
|upkeep
|
|t:|1758980750
|switch|p2a: Grimmsnarl|Grimmsnarl, M|100/100
|turn|11
|
|t:|1758980755
|move|p1a: Cinccino|Tidy Up|p1a: Cinccino
|-sideend|p1: Hznie|Stealth Rock
|-activate|p1a: Cinccino|move: Tidy Up
|-boost|p1a: Cinccino|atk|1
|-boost|p1a: Cinccino|spe|1
|move|p2a: Grimmsnarl|Drain Punch|p1a: Cinccino
|-supereffective|p1a: Cinccino
|-damage|p1a: Cinccino|0 fnt
|faint|p1a: Cinccino
|
|upkeep
|
|t:|1758980762
|switch|p1a: Pecharunt|Pecharunt|48/100
|turn|12
|
|t:|1758980773
|move|p2a: Grimmsnarl|Sucker Punch||[still]
|-fail|p2a: Grimmsnarl
|move|p1a: Pecharunt|Recover|p1a: Pecharunt
|-heal|p1a: Pecharunt|98/100
|
|upkeep
|turn|13
|
|t:|1758980779
|move|p1a: Pecharunt|Nasty Plot|p1a: Pecharunt
|-boost|p1a: Pecharunt|spa|2
|move|p2a: Grimmsnarl|Crunch|p1a: Pecharunt
|-supereffective|p1a: Pecharunt
|-damage|p1a: Pecharunt|61/100
|
|upkeep
|turn|14
|
|t:|1758980786
|move|p1a: Pecharunt|Malignant Chain|p2a: Grimmsnarl
|-supereffective|p2a: Grimmsnarl
|-damage|p2a: Grimmsnarl|0 fnt
|faint|p2a: Grimmsnarl
|
|upkeep
|
|t:|1758980801
|switch|p2a: Gengar|Gengar, F|100/100 par
|turn|15
|
|t:|1758980805
|move|p1a: Pecharunt|Hex|p2a: Gengar
|-supereffective|p2a: Gengar
|-enditem|p2a: Gengar|Focus Sash
|-damage|p2a: Gengar|1/100 par
|move|p2a: Gengar|Shadow Ball|p1a: Pecharunt
|-supereffective|p1a: Pecharunt
|-damage|p1a: Pecharunt|0 fnt
|faint|p1a: Pecharunt
|
|upkeep
|
|t:|1758980815
|switch|p1a: Alomomola|Alomomola, F|100/100
|turn|16
|
|t:|1758980820
|move|p2a: Gengar|Toxic Spikes|p1a: Alomomola
|-sidestart|p1: Hznie|move: Toxic Spikes
|move|p1a: Alomomola|Flip Turn|p2a: Gengar
|-damage|p2a: Gengar|0 fnt
|faint|p2a: Gengar
|
|t:|1758980830
|switch|p1a: Arcanine|Arcanine-Hisui, F|100/100|[from] Flip Turn
|-status|p1a: Arcanine|psn
|
|-damage|p1a: Arcanine|88/100 psn|[from] psn
|upkeep
|
|t:|1758980838
|switch|p2a: Manaphy|Manaphy|100/100
|turn|17
|
|t:|1758980846
|move|p2a: Manaphy|Calm Mind|p2a: Manaphy
|-boost|p2a: Manaphy|spa|1
|-boost|p2a: Manaphy|spd|1
|move|p1a: Arcanine|Rock Blast|p2a: Manaphy
|-damage|p2a: Manaphy|88/100
|-damage|p2a: Manaphy|76/100
|-damage|p2a: Manaphy|64/100
|-damage|p2a: Manaphy|53/100
|-damage|p2a: Manaphy|40/100
|-hitcount|p2a: Manaphy|5
|
|-damage|p1a: Arcanine|76/100 psn|[from] psn
|upkeep
|turn|18
|
|t:|1758980862
|-terastallize|p1a: Arcanine|Normal
|move|p2a: Manaphy|Hydro Pump|p1a: Arcanine
|-damage|p1a: Arcanine|12/100 psn
|move|p1a: Arcanine|Rock Blast|p2a: Manaphy
|-damage|p2a: Manaphy|27/100
|-crit|p2a: Manaphy
|-damage|p2a: Manaphy|9/100
|-damage|p2a: Manaphy|0 fnt
|faint|p2a: Manaphy
|-hitcount|p2: Manaphy|3
|
|-damage|p1a: Arcanine|0 fnt|[from] psn
|faint|p1a: Arcanine
|upkeep
|
|t:|1758980877
|switch|p2a: Iron Thorns|Iron Thorns|53/100 tox
|switch|p1a: Gholdengo|Gholdengo|100/100
|turn|19
|
|t:|1758980890
|move|p2a: Iron Thorns|Rock Slide|p1a: Gholdengo|[miss]
|-miss|p2a: Iron Thorns|p1a: Gholdengo
|move|p1a: Gholdengo|Make It Rain|p2a: Iron Thorns
|-damage|p2a: Iron Thorns|0 fnt
|-unboost|p1a: Gholdengo|spa|1
|faint|p2a: Iron Thorns
|-end|p2a: Iron Thorns|Quark Drive|[silent]
|
|win|Hznie
|raw|Hznie's rating: 1109 &rarr; <strong>1132</strong><br />(+23 for winning)
|raw|Leipax's rating: 1084 &rarr; <strong>1063</strong><br />(-21 for losing)
|l|☆Hznie
|player|p1|
|l|☆Leipax
|player|p2|
