|j|☆LucioX7
|j|☆Akonda7
|t:|1758957037
|gametype|singles
|player|p1|LucioX7|red|1174
|player|p2|Akonda7|veteran|1206
|gen|9
|tier|[Gen 9] OU
|rated|
|rule|HP Percentage Mod: HP is shown in percentages
|rule|Endless Battle Clause: Forcing endless battles is banned
|rule|Species Clause: Limit one of each Pokémon
|rule|OHKO Clause: OHKO moves are banned
|rule|Evasion Items Clause: Evasion items are banned
|rule|Evasion Moves Clause: Evasion moves are banned
|rule|Evasion Abilities Clause: Evasion abilities are banned
|rule|Sleep Moves Clause: Sleep-inducing moves are banned
|clearpoke
|poke|p1|Mandibuzz, F|
|poke|p1|Milotic, M|
|poke|p1|Goodra, F|
|poke|p1|Ambipom, M|
|poke|p1|Dusknoir, M|
|poke|p1|Gallade, M|
|poke|p2|Torkoal, M|
|poke|p2|Walking Wake|
|poke|p2|Great Tusk|
|poke|p2|Dragapult, M|
|poke|p2|Kingambit, F|
|poke|p2|Raging Bolt|
|teampreview
|inactive|Battle timer is ON: inactive players will automatically lose when time's up. (requested by Akonda7)
|
|t:|1758957053
|teamsize|p1|6
|teamsize|p2|6
|start
|switch|p1a: Gallade|Gallade, M, shiny|100/100
|switch|p2a: Torkoal|Torkoal, M, shiny|100/100
|-weather|SunnyDay|[from] ability: Drought|[of] p2a: Torkoal
|turn|1
|
|t:|1758957059
|move|p1a: Gallade|Aqua Cutter|p2a: Torkoal
|-supereffective|p2a: Torkoal
|-damage|p2a: Torkoal|76/100
|move|p2a: Torkoal|Stealth Rock|p1a: Gallade
|-sidestart|p1: LucioX7|move: Stealth Rock
|
|-weather|SunnyDay|[upkeep]
|upkeep
|turn|2
|
|t:|1758957070
|move|p1a: Gallade|Psycho Cut|p2a: Torkoal
|-damage|p2a: Torkoal|39/100
|move|p2a: Torkoal|Will-O-Wisp|p1a: Gallade
|-status|p1a: Gallade|brn
|
|-weather|SunnyDay|[upkeep]
|-damage|p1a: Gallade|94/100 brn|[from] brn
|upkeep
|turn|3
|
|t:|1758957077
|switch|p2a: Dragapult|Dragapult, M, shiny|100/100
|move|p1a: Gallade|Sacred Sword|p2a: Dragapult
|-immune|p2a: Dragapult
|
|-weather|SunnyDay|[upkeep]
|-damage|p1a: Gallade|88/100 brn|[from] brn
|upkeep
|turn|4
|
|t:|1758957089
|switch|p1a: Dusknoir|Dusknoir, M, shiny|100/100
|-damage|p1a: Dusknoir|88/100|[from] Stealth Rock
|-ability|p1a: Dusknoir|Pressure
|move|p2a: Dragapult|Shadow Ball|p1a: Dusknoir
|-supereffective|p1a: Dusknoir
|-damage|p1a: Dusknoir|35/100
|
|-weather|SunnyDay|[upkeep]
|-heal|p1a: Dusknoir|41/100|[from] item: Leftovers
|upkeep
|turn|5
|
|t:|1758957099
|move|p1a: Dusknoir|Shadow Sneak|p2a: Dragapult
|-supereffective|p2a: Dragapult
|-damage|p2a: Dragapult|59/100
|move|p2a: Dragapult|Shadow Ball|p1a: Dusknoir
|-supereffective|p1a: Dusknoir
|-damage|p1a: Dusknoir|0 fnt
|faint|p1a: Dusknoir
|
|-weather|SunnyDay|[upkeep]
|upkeep
|
|t:|1758957108
|switch|p1a: Mandibuzz|Mandibuzz, F|100/100
|-damage|p1a: Mandibuzz|76/100|[from] Stealth Rock
|turn|6
|
|t:|1758957116
|move|p2a: Dragapult|Thunderbolt|p1a: Mandibuzz
|-supereffective|p1a: Mandibuzz
|-damage|p1a: Mandibuzz|28/100
|move|p1a: Mandibuzz|Toxic|p2a: Dragapult
|-status|p2a: Dragapult|tox
|
|-weather|SunnyDay|[upkeep]
|-heal|p1a: Mandibuzz|35/100|[from] item: Leftovers
|-damage|p2a: Dragapult|53/100 tox|[from] psn
|upkeep
|turn|7
|
|t:|1758957127
|move|p2a: Dragapult|Thunderbolt|p1a: Mandibuzz
|-supereffective|p1a: Mandibuzz
|-damage|p1a: Mandibuzz|0 fnt
|faint|p1a: Mandibuzz
|
|-weather|SunnyDay|[upkeep]
|-damage|p2a: Dragapult|41/100 tox|[from] psn
|upkeep
|
|t:|1758957134
|switch|p1a: Milotic|Milotic, M|100/100
|-damage|p1a: Milotic|88/100|[from] Stealth Rock
|turn|8
|
|t:|1758957142
|move|p2a: Dragapult|Thunderbolt|p1a: Milotic
|-supereffective|p1a: Milotic
|-damage|p1a: Milotic|52/100
|move|p1a: Milotic|Alluring Voice|p2a: Dragapult
|-supereffective|p2a: Dragapult
|-damage|p2a: Dragapult|6/100 tox
|
|-weather|none
|-damage|p2a: Dragapult|0 fnt|[from] psn
|faint|p2a: Dragapult
|-status|p1a: Milotic|brn|[from] item: Flame Orb
|upkeep
|
|t:|1758957149
|switch|p2a: Torkoal|Torkoal, M, shiny|39/100
|-weather|SunnyDay|[from] ability: Drought|[of] p2a: Torkoal
|turn|9
|
|t:|1758957155
|switch|p2a: Raging Bolt|Raging Bolt|100/100
|-activate|p2a: Raging Bolt|ability: Protosynthesis
|-start|p2a: Raging Bolt|protosynthesisspa
|move|p1a: Milotic|Scald|p2a: Raging Bolt
|-resisted|p2a: Raging Bolt
|-damage|p2a: Raging Bolt|95/100
|
|-weather|SunnyDay|[upkeep]
|-heal|p2a: Raging Bolt|100/100|[from] item: Leftovers
|-damage|p1a: Milotic|45/100 brn|[from] brn
|upkeep
|turn|10
|
|t:|1758957176
|-terastallize|p1a: Milotic|Fairy
|move|p1a: Milotic|Recover|p1a: Milotic
|-heal|p1a: Milotic|95/100 brn
|move|p2a: Raging Bolt|Volt Switch|p1a: Milotic
|-damage|p1a: Milotic|53/100 brn
|
|t:|1758957183
|-end|p2a: Raging Bolt|Protosynthesis|[silent]
|switch|p2a: Kingambit|Kingambit, F, shiny|100/100|[from] Volt Switch
|
|-weather|SunnyDay|[upkeep]
|-damage|p1a: Milotic|47/100 brn|[from] brn
|upkeep
|turn|11
|
|t:|1758957193
|switch|p1a: Goodra|Goodra, F|100/100
|-damage|p1a: Goodra|88/100|[from] Stealth Rock
|move|p2a: Kingambit|Iron Head|p1a: Goodra
|-damage|p1a: Goodra|20/100
|-ability|p1a: Goodra|Gooey
|-unboost|p2a: Kingambit|spe|1
|-ability|p2a: Kingambit|Defiant|boost
|-boost|p2a: Kingambit|atk|2
|-damage|p2a: Kingambit|91/100|[from] item: Life Orb
|
|-weather|SunnyDay|[upkeep]
|upkeep
|turn|12
|
|t:|1758957206
|move|p2a: Kingambit|Sucker Punch|p1a: Goodra
|-damage|p1a: Goodra|0 fnt
|-ability|p1a: Goodra|Gooey
|-unboost|p2a: Kingambit|spe|1
|-ability|p2a: Kingambit|Defiant|boost
|-boost|p2a: Kingambit|atk|2
|faint|p1a: Goodra
|-damage|p2a: Kingambit|81/100|[from] item: Life Orb
|
|-weather|SunnyDay|[upkeep]
|upkeep
|
|t:|1758957215
|switch|p1a: Gallade|Gallade, M, shiny|88/100 brn
|-damage|p1a: Gallade|82/100 brn|[from] Stealth Rock
|turn|13
|
|t:|1758957220
|move|p2a: Kingambit|Sucker Punch|p1a: Gallade
|-damage|p1a: Gallade|0 fnt
|faint|p1a: Gallade
|-damage|p2a: Kingambit|71/100|[from] item: Life Orb
|
|-weather|SunnyDay|[upkeep]
|upkeep
|
|t:|1758957227
|switch|p1a: Milotic|Milotic, M, tera:Fairy|47/100 brn
|-damage|p1a: Milotic|35/100 brn|[from] Stealth Rock
|turn|14
|
|t:|1758957233
|move|p2a: Kingambit|Sucker Punch||[still]
|-fail|p2a: Kingambit
|move|p1a: Milotic|Recover|p1a: Milotic
|-heal|p1a: Milotic|85/100 brn
|
|-weather|SunnyDay|[upkeep]
|-damage|p1a: Milotic|79/100 brn|[from] brn
|upkeep
|turn|15
|
|t:|1758957240
|move|p1a: Milotic|Scald|p2a: Kingambit
|-damage|p2a: Kingambit|57/100
|move|p2a: Kingambit|Iron Head|p1a: Milotic
|-supereffective|p1a: Milotic
|-damage|p1a: Milotic|0 fnt
|faint|p1a: Milotic
|-damage|p2a: Kingambit|47/100|[from] item: Life Orb
|
|-weather|SunnyDay|[upkeep]
|upkeep
|
|t:|1758957248
|switch|p1a: Ambipom|Ambipom, M|100/100
|-damage|p1a: Ambipom|88/100|[from] Stealth Rock
|turn|16
|
|t:|1758957252
|move|p1a: Ambipom|Fake Out|p2a: Kingambit
|-resisted|p2a: Kingambit
|-damage|p2a: Kingambit|36/100
|cant|p2a: Kingambit|flinch
|
|-weather|none
|upkeep
|turn|17
|
|t:|1758957260
|move|p2a: Kingambit|Sucker Punch|p1a: Ambipom
|-damage|p1a: Ambipom|0 fnt
|faint|p1a: Ambipom
|-damage|p2a: Kingambit|26/100|[from] item: Life Orb
|
|win|Akonda7
|raw|LucioX7's rating: 1174 &rarr; <strong>1151</strong><br />(-23 for losing)
|raw|Akonda7's rating: 1206 &rarr; <strong>1229</strong><br />(+23 for winning)
|l|☆LucioX7
|player|p1|
|l|☆Akonda7
|player|p2|
