|j|☆Gurden
|j|☆Asrzzz
|t:|1758995022
|gametype|singles
|player|p1|Gurden|169|1087
|player|p2|Asrzzz|alder|1146
|gen|9
|tier|[Gen 9] OU
|rated|
|rule|HP Percentage Mod: HP is shown in percentages
|rule|Endless Battle Clause: Forcing endless battles is banned
|rule|Species Clause: Limit one of each Pokémon
|rule|OHKO Clause: OHKO moves are banned
|rule|Evasion Items Clause: Evasion items are banned
|rule|Evasion Moves Clause: Evasion moves are banned
|rule|Evasion Abilities Clause: Evasion abilities are banned
|rule|Sleep Moves Clause: Sleep-inducing moves are banned
|clearpoke
|poke|p1|Hydreigon, F|
|poke|p1|Serperior, F|
|poke|p1|Tauros-Paldea-Aqua, M|
|poke|p1|Talonflame, F|
|poke|p1|Galvantula, F|
|poke|p1|Infernape, F|
|poke|p2|Rillaboom, F|
|poke|p2|Ursaluna, M|
|poke|p2|Weezing-Galar, M|
|poke|p2|Dragapult, F|
|poke|p2|Azumarill, F|
|poke|p2|Moltres|
|teampreview
|
|t:|1758995039
|teamsize|p1|6
|teamsize|p2|6
|start
|switch|p1a: Infernape|Infernape, F|100/100
|switch|p2a: Weezing|Weezing-Galar, M|100/100
|turn|1
|inactive|Battle timer is ON: inactive players will automatically lose when time's up. (requested by Gurden)
|
|t:|1758995054
|switch|p1a: Galvantula|Galvantula, F|100/100
|move|p2a: Weezing|Strange Steam|p1a: Galvantula
|-damage|p1a: Galvantula|25/100
|
|upkeep
|turn|2
|
|t:|1758995062
|move|p1a: Galvantula|Thunder|p2a: Weezing
|-damage|p2a: Weezing|3/100
|move|p2a: Weezing|Sludge Bomb|p1a: Galvantula
|-damage|p1a: Galvantula|0 fnt
|faint|p1a: Galvantula
|
|-heal|p2a: Weezing|9/100|[from] item: Black Sludge
|upkeep
|
|t:|1758995075
|switch|p1a: Talonflame|Talonflame, F|100/100
|turn|3
|
|t:|1758995079
|move|p1a: Talonflame|Flare Blitz|p2a: Weezing
|-damage|p2a: Weezing|0 fnt
|faint|p2a: Weezing
|-damage|p1a: Talonflame|97/100|[from] Recoil
|
|upkeep
|
|t:|1758995086
|switch|p2a: Azumarill|Azumarill, F|100/100
|turn|4
|
|t:|1758995101
|-terastallize|p1a: Talonflame|Electric
|move|p1a: Talonflame|Tailwind|p1a: Talonflame
|-sidestart|p1: Gurden|move: Tailwind
|move|p2a: Azumarill|Belly Drum|p2a: Azumarill
|-damage|p2a: Azumarill|50/100
|-setboost|p2a: Azumarill|atk|6|[from] move: Belly Drum
|
|upkeep
|turn|5
|
|t:|1758995119
|switch|p1a: Serperior|Serperior, F|100/100
|move|p2a: Azumarill|Rest|p2a: Azumarill
|-status|p2a: Azumarill|slp|[from] move: Rest
|-heal|p2a: Azumarill|100/100 slp|[silent]
|-enditem|p2a: Azumarill|Chesto Berry|[eat]
|-curestatus|p2a: Azumarill|slp|[msg]
|
|upkeep
|turn|6
|
|t:|1758995129
|move|p2a: Azumarill|Aqua Jet|p1a: Serperior
|-resisted|p1a: Serperior
|-damage|p1a: Serperior|41/100
|move|p1a: Serperior|Leaf Storm|p2a: Azumarill
|-supereffective|p2a: Azumarill
|-damage|p2a: Azumarill|0 fnt
|-boost|p1a: Serperior|spa|2
|faint|p2a: Azumarill
|-damage|p1a: Serperior|31/100|[from] item: Life Orb
|
|upkeep
|
|t:|1758995144
|switch|p2a: Moltres|Moltres|100/100
|turn|7
|
|t:|1758995154
|switch|p1a: Talonflame|Talonflame, F, tera:Electric|97/100
|move|p2a: Moltres|U-turn|p1a: Talonflame
|-damage|p1a: Talonflame|73/100
|
|t:|1758995162
|switch|p2a: Ursaluna|Ursaluna, M|100/100|[from] U-turn
|
|-sideend|p1: Gurden|move: Tailwind
|-status|p2a: Ursaluna|brn|[from] item: Flame Orb
|upkeep
|turn|8
|
|t:|1758995173
|move|p1a: Talonflame|Tailwind|p1a: Talonflame
|-sidestart|p1: Gurden|move: Tailwind
|move|p2a: Ursaluna|Facade|p1a: Talonflame
|-damage|p1a: Talonflame|0 fnt
|faint|p1a: Talonflame
|
|-damage|p2a: Ursaluna|94/100 brn|[from] brn
|upkeep
|
|t:|1758995183
|switch|p1a: Serperior|Serperior, F|31/100
|turn|9
|
|t:|1758995196
|switch|p2a: Moltres|Moltres|100/100
|move|p1a: Serperior|Leaf Storm|p2a: Moltres
|-resisted|p2a: Moltres
|-damage|p2a: Moltres|84/100
|-boost|p1a: Serperior|spa|2
|-damage|p1a: Serperior|21/100|[from] item: Life Orb
|
|upkeep
|turn|10
|
|t:|1758995206
|move|p1a: Serperior|Tera Blast|p2a: Moltres
|-damage|p2a: Moltres|27/100
|-damage|p1a: Serperior|11/100|[from] item: Life Orb
|move|p2a: Moltres|Flamethrower|p1a: Serperior
|-supereffective|p1a: Serperior
|-damage|p1a: Serperior|0 fnt
|faint|p1a: Serperior
|
|upkeep
|
|t:|1758995217
|switch|p1a: Tauros|Tauros-Paldea-Aqua, M|100/100
|turn|11
|
|t:|1758995226
|move|p1a: Tauros|Trailblaze|p2a: Moltres
|-resisted|p2a: Moltres
|-damage|p2a: Moltres|24/100
|-boost|p1a: Tauros|spe|1
|move|p2a: Moltres|Roost|p2a: Moltres
|-heal|p2a: Moltres|74/100
|-singleturn|p2a: Moltres|move: Roost
|
|-sideend|p1: Gurden|move: Tailwind
|upkeep
|turn|12
|
|t:|1758995237
|move|p1a: Tauros|Raging Bull|p2a: Moltres
|-supereffective|p2a: Moltres
|-damage|p2a: Moltres|8/100
|move|p2a: Moltres|Hurricane|p1a: Tauros
|-supereffective|p1a: Tauros
|-damage|p1a: Tauros|0 fnt
|faint|p1a: Tauros
|
|upkeep
|
|t:|1758995246
|switch|p1a: Infernape|Infernape, F|100/100
|turn|13
|
|t:|1758995252
|move|p1a: Infernape|Mach Punch|p2a: Moltres
|-resisted|p2a: Moltres
|-damage|p2a: Moltres|0 fnt
|faint|p2a: Moltres
|
|upkeep
|
|t:|1758995260
|switch|p2a: Dragapult|Dragapult, F|100/100
|turn|14
|
|t:|1758995265
|move|p2a: Dragapult|Shadow Ball|p1a: Infernape
|-damage|p1a: Infernape|44/100
|move|p1a: Infernape|Raging Fury|p2a: Dragapult
|-resisted|p2a: Dragapult
|-damage|p2a: Dragapult|64/100
|
|upkeep
|turn|15
|
|t:|1758995272
|move|p2a: Dragapult|Shadow Ball|p1a: Infernape
|-damage|p1a: Infernape|0 fnt
|faint|p1a: Infernape
|
|upkeep
|
|t:|1758995278
|switch|p1a: Hydreigon|Hydreigon, F|100/100
|turn|16
|
|t:|1758995284
|move|p2a: Dragapult|Draco Meteor|p1a: Hydreigon|[miss]
|-miss|p2a: Dragapult|p1a: Hydreigon
|move|p1a: Hydreigon|Draco Meteor|p2a: Dragapult
|-supereffective|p2a: Dragapult
|-damage|p2a: Dragapult|0 fnt
|-unboost|p1a: Hydreigon|spa|2
|faint|p2a: Dragapult
|
|upkeep
|
|t:|1758995293
|switch|p2a: Ursaluna|Ursaluna, M|94/100 brn
|turn|17
|
|t:|1758995297
|move|p1a: Hydreigon|Substitute|p1a: Hydreigon
|-start|p1a: Hydreigon|Substitute
|-damage|p1a: Hydreigon|76/100
|move|p2a: Ursaluna|Drain Punch|p1a: Hydreigon
|-supereffective|p1a: Hydreigon
|-end|p1a: Hydreigon|Substitute
|-heal|p2a: Ursaluna|100/100 brn|[from] drain|[of] p1a: Hydreigon
|
|-damage|p2a: Ursaluna|94/100 brn|[from] brn
|upkeep
|turn|18
|
|t:|1758995309
|move|p1a: Hydreigon|Focus Energy|p1a: Hydreigon
|-start|p1a: Hydreigon|move: Focus Energy
|move|p2a: Ursaluna|Drain Punch|p1a: Hydreigon
|-supereffective|p1a: Hydreigon
|-crit|p1a: Hydreigon
|-damage|p1a: Hydreigon|0 fnt
|-heal|p2a: Ursaluna|100/100 brn|[from] drain|[of] p1a: Hydreigon
|faint|p1a: Hydreigon
|
|win|Asrzzz
|raw|Gurden's rating: 1087 &rarr; <strong>1068</strong><br />(-19 for losing)
|raw|Asrzzz's rating: 1146 &rarr; <strong>1167</strong><br />(+21 for winning)
|l|☆Gurden
|player|p1|
|l|☆Asrzzz
|player|p2|
