|j|☆texett
|j|☆glitchedlatios8
|t:|1758968107
|gametype|singles
|player|p1|texett|lady|1245
|player|p2|glitchedlatios8|hilbert|1301
|gen|9
|tier|[Gen 9] OU
|rated|
|rule|HP Percentage Mod: HP is shown in percentages
|rule|Endless Battle Clause: Forcing endless battles is banned
|rule|Species Clause: Limit one of each Pokémon
|rule|OHKO Clause: OHKO moves are banned
|rule|Evasion Items Clause: Evasion items are banned
|rule|Evasion Moves Clause: Evasion moves are banned
|rule|Evasion Abilities Clause: Evasion abilities are banned
|rule|Sleep Moves Clause: Sleep-inducing moves are banned
|clearpoke
|poke|p1|Ninetales-Alola, M|
|poke|p1|Smeargle, F|
|poke|p1|Glimmora, F|
|poke|p1|Hatterene, F|
|poke|p1|Entei|
|poke|p1|Skarmory, F|
|poke|p2|Glimmora, M|
|poke|p2|Serperior, M|
|poke|p2|Cinderace, F|
|poke|p2|Great Tusk|
|poke|p2|Iron Valiant|
|poke|p2|Dragonite, M|
|teampreview
|inactive|Battle timer is ON: inactive players will automatically lose when time's up. (requested by texett)
|inactive|glitchedlatios8 also wants the timer to be on.
|
|t:|1758968112
|teamsize|p1|6
|teamsize|p2|6
|start
|switch|p1a: Glimmora|Glimmora, F|100/100
|switch|p2a: Glimmora|Glimmora, M|100/100
|turn|1
|
|t:|1758968116
|move|p2a: Glimmora|Earth Power|p1a: Glimmora
|-supereffective|p1a: Glimmora
|-enditem|p1a: Glimmora|Focus Sash
|-damage|p1a: Glimmora|1/100
|move|p1a: Glimmora|Stealth Rock|p2a: Glimmora
|-sidestart|p2: glitchedlatios8|move: Stealth Rock
|
|upkeep
|turn|2
|
|t:|1758968122
|move|p2a: Glimmora|Earth Power|p1a: Glimmora
|-supereffective|p1a: Glimmora
|-damage|p1a: Glimmora|0 fnt
|faint|p1a: Glimmora
|
|upkeep
|
|t:|1758968127
|switch|p1a: Skarmory|Skarmory, F|100/100
|turn|3
|
|t:|1758968129
|move|p2a: Glimmora|Power Gem|p1a: Skarmory
|-damage|p1a: Skarmory|35/100
|move|p1a: Skarmory|Swords Dance|p1a: Skarmory
|-boost|p1a: Skarmory|atk|2
|
|upkeep
|turn|4
|
|t:|1758968138
|move|p2a: Glimmora|Power Gem|p1a: Skarmory
|-damage|p1a: Skarmory|0 fnt
|faint|p1a: Skarmory
|
|upkeep
|
|t:|1758968142
|switch|p1a: Ninetales|Ninetales-Alola, M|100/100
|-weather|Snowscape|[from] ability: Snow Warning|[of] p1a: Ninetales
|turn|5
|
|t:|1758968145
|move|p1a: Ninetales|Aurora Veil|p1a: Ninetales
|-sidestart|p1: texett|move: Aurora Veil
|move|p2a: Glimmora|Sludge Wave|p1a: Ninetales
|-supereffective|p1a: Ninetales
|-damage|p1a: Ninetales|48/100
|
|-weather|Snowscape|[upkeep]
|upkeep
|turn|6
|
|t:|1758968150
|move|p1a: Ninetales|Moonblast|p2a: Glimmora
|-resisted|p2a: Glimmora
|-damage|p2a: Glimmora|84/100
|move|p2a: Glimmora|Sludge Wave|p1a: Ninetales
|-supereffective|p1a: Ninetales
|-damage|p1a: Ninetales|0 fnt
|faint|p1a: Ninetales
|
|-weather|Snowscape|[upkeep]
|upkeep
|
|t:|1758968158
|switch|p1a: Hatterene|Hatterene, F, shiny|100/100
|turn|7
|
|t:|1758968165
|-terastallize|p1a: Hatterene|Water
|move|p2a: Glimmora|Sludge Wave|p1a: Hatterene
|-damage|p1a: Hatterene|77/100
|move|p1a: Hatterene|Calm Mind|p1a: Hatterene
|-boost|p1a: Hatterene|spa|1
|-boost|p1a: Hatterene|spd|1
|
|-weather|Snowscape|[upkeep]
|-heal|p1a: Hatterene|83/100|[from] item: Leftovers
|upkeep
|turn|8
|
|t:|1758968170
|move|p2a: Glimmora|Energy Ball|p1a: Hatterene
|-supereffective|p1a: Hatterene
|-damage|p1a: Hatterene|59/100
|move|p1a: Hatterene|Psyshock|p2a: Glimmora
|-supereffective|p2a: Glimmora
|-damage|p2a: Glimmora|0 fnt
|faint|p2a: Glimmora
|
|-weather|Snowscape|[upkeep]
|-heal|p1a: Hatterene|65/100|[from] item: Leftovers
|upkeep
|
|t:|1758968178
|switch|p2a: Cinderace|Cinderace, F|100/100
|turn|9
|l|☆glitchedlatios8
|inactive|glitchedlatios8 disconnected and has a minute to reconnect!
|player|p2|
|inactive|glitchedlatios8 has 30 seconds to reconnect!
|j|☆glitchedlatios8
|inactive|glitchedlatios8 reconnected and has 110 seconds left.
|player|p2|glitchedlatios8|hilbert|
|inactive|glitchedlatios8 has 90 seconds left.
|
|t:|1758968267
|move|p2a: Cinderace|Court Change|p2a: Cinderace
|-start|p2a: Cinderace|typechange|Normal|[from] ability: Libero
|-swapsideconditions
|-activate|p2a: Cinderace|move: Court Change
|move|p1a: Hatterene|Calm Mind|p1a: Hatterene
|-boost|p1a: Hatterene|spa|1
|-boost|p1a: Hatterene|spd|1
|
|-weather|none
|-heal|p1a: Hatterene|71/100|[from] item: Leftovers
|upkeep
|turn|10
|
|t:|1758968277
|move|p2a: Cinderace|U-turn|p1a: Hatterene
|-damage|p1a: Hatterene|55/100
|
|t:|1758968281
|switch|p2a: Iron Valiant|Iron Valiant|100/100|[from] U-turn
|-enditem|p2a: Iron Valiant|Booster Energy
|-activate|p2a: Iron Valiant|ability: Quark Drive|[fromitem]
|-start|p2a: Iron Valiant|quarkdrivespe
|move|p1a: Hatterene|Draining Kiss|p2a: Iron Valiant
|-supereffective|p2a: Iron Valiant
|-damage|p2a: Iron Valiant|10/100
|-heal|p1a: Hatterene|100/100|[from] drain|[of] p2a: Iron Valiant
|
|upkeep
|turn|11
|
|t:|1758968286
|move|p2a: Iron Valiant|Destiny Bond|p2a: Iron Valiant
|-singlemove|p2a: Iron Valiant|Destiny Bond
|move|p1a: Hatterene|Draining Kiss|p2a: Iron Valiant
|-supereffective|p2a: Iron Valiant
|-damage|p2a: Iron Valiant|0 fnt
|faint|p2a: Iron Valiant
|-activate|p2a: Iron Valiant|move: Destiny Bond
|-end|p2a: Iron Valiant|Quark Drive|[silent]
|faint|p1a: Hatterene
|
|upkeep
|
|t:|1758968293
|switch|p2a: Great Tusk|Great Tusk|100/100
|switch|p1a: Entei|Entei, shiny|100/100
|-damage|p1a: Entei|76/100|[from] Stealth Rock
|-ability|p1a: Entei|Pressure
|-enditem|p2a: Great Tusk|Booster Energy
|-activate|p2a: Great Tusk|ability: Protosynthesis|[fromitem]
|-start|p2a: Great Tusk|protosynthesisspe
|turn|12
|-message|texett forfeited.
|
|win|glitchedlatios8
|raw|texett's rating: 1245 &rarr; <strong>1224</strong><br />(-21 for losing)
|raw|glitchedlatios8's rating: 1301 &rarr; <strong>1318</strong><br />(+17 for winning)
|l|☆texett
|player|p1|
