|j|☆Pizzapepsi919191
|j|☆subway sniffers
|t:|1758931286
|gametype|singles
|player|p1|Pizzapepsi919191|ethan|1067
|player|p2|subway sniffers|unknown|1090
|gen|9
|tier|[Gen 9] OU
|rated|
|rule|HP Percentage Mod: HP is shown in percentages
|rule|Endless Battle Clause: Forcing endless battles is banned
|rule|Species Clause: Limit one of each Pokémon
|rule|OHKO Clause: OHKO moves are banned
|rule|Evasion Items Clause: Evasion items are banned
|rule|Evasion Moves Clause: Evasion moves are banned
|rule|Evasion Abilities Clause: Evasion abilities are banned
|rule|Sleep Moves Clause: Sleep-inducing moves are banned
|clearpoke
|poke|p1|Delibird, M|
|poke|p1|Goodra-Hisui, F|
|poke|p1|Scizor, F|
|poke|p1|Mew|
|poke|p1|Zoroark-Hisui, M|
|poke|p1|Ralts, F|
|poke|p2|Gardevoir, F|
|poke|p2|Latios, M|
|poke|p2|Greninja-*, F|
|teampreview
|inactive|Battle timer is ON: inactive players will automatically lose when time's up. (requested by subway sniffers)
|
|t:|1758931307
|teamsize|p1|6
|teamsize|p2|3
|start
|switch|p1a: Good gift|Delibird, M, shiny|100/100
|switch|p2a: the one|Latios, M, shiny|100/100
|turn|1
|
|t:|1758931315
|move|p1a: Good gift|Fake Out|p2a: the one
|-damage|p2a: the one|94/100
|cant|p2a: the one|flinch
|
|upkeep
|turn|2
|
|t:|1758931326
|move|p2a: the one|Simple Beam|p1a: Good gift
|-ability|p1a: Good gift|Simple|Insomnia|[from] move: Simple Beam
|move|p1a: Good gift|Triple Axel|p2a: the one
|-supereffective|p2a: the one
|-damage|p2a: the one|84/100
|-supereffective|p2a: the one
|-damage|p2a: the one|62/100
|-supereffective|p2a: the one
|-damage|p2a: the one|34/100
|-hitcount|p2a: the one|3
|
|upkeep
|turn|3
|
|t:|1758931336
|move|p1a: Good gift|Endure|p1a: Good gift
|-singleturn|p1a: Good gift|move: Endure
|move|p2a: the one|Simple Beam||[still]
|-fail|p2a: the one
|
|upkeep
|turn|4
|
|t:|1758931343
|move|p2a: the one|Simple Beam||[still]
|-fail|p2a: the one
|move|p1a: Good gift|Triple Axel|p2a: the one
|-supereffective|p2a: the one
|-damage|p2a: the one|24/100
|-hitcount|p2a: the one|1
|
|upkeep
|turn|5
|
|t:|1758931352
|move|p2a: the one|Simple Beam||[still]
|-fail|p2a: the one
|move|p1a: Good gift|Triple Axel|p2a: the one|[miss]
|-miss|p1a: Good gift|p2a: the one
|
|upkeep
|turn|6
|c|☆subway sniffers|...
|
|t:|1758931360
|move|p2a: the one|Simple Beam||[still]
|-fail|p2a: the one
|move|p1a: Good gift|Triple Axel|p2a: the one
|-supereffective|p2a: the one
|-damage|p2a: the one|15/100
|-supereffective|p2a: the one
|-damage|p2a: the one|0 fnt
|faint|p2a: the one
|-hitcount|p2: the one|2
|
|upkeep
|
|t:|1758931367
|switch|p2a: support|Gardevoir, F|100/100
|-ability|p2a: support|Simple|Trace|[from] ability: Trace|[of] p1a: Good gift
|turn|7
|
|t:|1758931378
|move|p1a: Good gift|Fake Out||[still]
|-hint|Fake Out only works on your first turn out.
|-fail|p1a: Good gift
|move|p2a: support|Calm Mind|p2a: support
|-boost|p2a: support|spa|2
|-boost|p2a: support|spd|2
|
|upkeep
|turn|8
|
|t:|1758931387
|move|p2a: support|Calm Mind|p2a: support
|-boost|p2a: support|spa|2
|-boost|p2a: support|spd|2
|move|p1a: Good gift|Triple Axel|p2a: support
|-damage|p2a: support|93/100
|-damage|p2a: support|77/100
|-damage|p2a: support|55/100
|-hitcount|p2a: support|3
|
|upkeep
|turn|9
|
|t:|1758931406
|-terastallize|p2a: support|Steel
|move|p2a: support|Calm Mind|p2a: support
|-boost|p2a: support|spa|2
|-boost|p2a: support|spd|2
|move|p1a: Good gift|Weather Ball|p2a: support
|-resisted|p2a: support
|-damage|p2a: support|53/100
|
|upkeep
|turn|10
|
|t:|1758931422
|move|p2a: support|Draining Kiss|p1a: Good gift
|-damage|p1a: Good gift|0 fnt
|-heal|p2a: support|100/100|[from] drain|[of] p1a: Good gift
|faint|p1a: Good gift
|
|upkeep
|
|t:|1758931426
|switch|p1a: Zoodra|Goodra-Hisui, F|100/100
|turn|11
|
|t:|1758931440
|move|p2a: support|Mystical Fire|p1a: Zoodra
|-damage|p1a: Zoodra|35/100
|-unboost|p1a: Zoodra|spa|1
|move|p1a: Zoodra|Thunder|p2a: support|[miss]
|-miss|p1a: Zoodra|p2a: support
|
|upkeep
|turn|12
|
|t:|1758931456
|move|p2a: support|Stored Power|p1a: Zoodra
|-resisted|p1a: Zoodra
|-damage|p1a: Zoodra|0 fnt
|faint|p1a: Zoodra
|
|upkeep
|
|t:|1758931461
|switch|p1a: Rash dash|Scizor, F|100/100
|turn|13
|
|t:|1758931469
|move|p1a: Rash dash|Vacuum Wave|p2a: support
|-supereffective|p2a: support
|-damage|p2a: support|97/100
|move|p2a: support|Mystical Fire|p1a: Rash dash
|-supereffective|p1a: Rash dash
|-damage|p1a: Rash dash|0 fnt
|faint|p1a: Rash dash
|
|upkeep
|
|t:|1758931497
|switch|p1a: Vew|Mew, shiny|100/100
|turn|14
|
|t:|1758931510
|move|p1a: Vew|Psychic|p2a: support
|-resisted|p2a: support
|-damage|p2a: support|93/100
|move|p2a: support|Draining Kiss|p1a: Vew
|-damage|p1a: Vew|22/100
|-heal|p2a: support|100/100|[from] drain|[of] p1a: Vew
|-enditem|p1a: Vew|Iapapa Berry|[eat]
|-heal|p1a: Vew|55/100|[from] item: Iapapa Berry
|
|upkeep
|turn|15
|
|t:|1758931537
|move|p1a: Vew|Shadow Claw|p2a: support
|-damage|p2a: support|73/100
|move|p2a: support|Stored Power|p1a: Vew
|-resisted|p1a: Vew
|-damage|p1a: Vew|0 fnt
|faint|p1a: Vew
|
|upkeep
|
|t:|1758931544
|switch|p1a: Vulnerable|Ralts, F, shiny|100/100
|turn|16
|inactive|Pizzapepsi919191 has 120 seconds left.
|
|t:|1758931561
|move|p1a: Vulnerable|Swift|p2a: support
|-resisted|p2a: support
|-damage|p2a: support|69/100
|move|p2a: support|Draining Kiss|p1a: Vulnerable
|-damage|p1a: Vulnerable|0 fnt
|-heal|p2a: support|100/100|[from] drain|[of] p1a: Vulnerable
|replace|p1a: Slimed|Zoroark-Hisui, M, shiny
|-end|p1a: Slimed|Illusion
|faint|p1a: Slimed
|
|upkeep
|inactive|Pizzapepsi919191 has 120 seconds left.
|
|t:|1758931570
|switch|p1a: Vulnerable|Ralts, F, shiny|100/100
|-ability|p1a: Vulnerable|Simple|Trace|[from] ability: Trace|[of] p2a: support
|turn|17
|c|☆subway sniffers|?? swift?
|
|t:|1758931584
|-terastallize|p1a: Vulnerable|Fire
|move|p2a: support|Mystical Fire|p1a: Vulnerable
|-resisted|p1a: Vulnerable
|-damage|p1a: Vulnerable|0 fnt
|faint|p1a: Vulnerable
|
|win|subway sniffers
|raw|Pizzapepsi919191's rating: 1067 &rarr; <strong>1048</strong><br />(-19 for losing)
|raw|subway sniffers's rating: 1090 &rarr; <strong>1115</strong><br />(+25 for winning)
|l|☆subway sniffers
|player|p2|
|l|☆Pizzapepsi919191
|player|p1|
