|j|☆5amur1
|j|‽Mafia Cynthia
|t:|1758993441
|gametype|singles
|player|p1|5amur1|marley|1326
|player|p2|Mafia Cynthia|cynthia|1302
|gen|9
|tier|[Gen 9] OU
|rated|
|rule|HP Percentage Mod: HP is shown in percentages
|rule|Endless Battle Clause: Forcing endless battles is banned
|rule|Species Clause: Limit one of each Pokémon
|rule|OHKO Clause: OHKO moves are banned
|rule|Evasion Items Clause: Evasion items are banned
|rule|Evasion Moves Clause: Evasion moves are banned
|rule|Evasion Abilities Clause: Evasion abilities are banned
|rule|Sleep Moves Clause: Sleep-inducing moves are banned
|clearpoke
|poke|p1|Hydrapple, F|
|poke|p1|Gholdengo|
|poke|p1|Moltres|
|poke|p1|Hatterene, F|
|poke|p1|Garganacl, F|
|poke|p1|Iron Treads|
|poke|p2|Garchomp, M|
|poke|p2|Lucario, M|
|poke|p2|Enamorus, F|
|poke|p2|Manaphy|
|poke|p2|Diancie|
|poke|p2|Overqwil, M|
|teampreview
|
|t:|1758993448
|teamsize|p1|6
|teamsize|p2|6
|start
|switch|p1a: Hatterene|Hatterene, F|100/100
|switch|p2a: Garchomp|Garchomp, M|100/100
|turn|1
|
|t:|1758993460
|switch|p1a: Garganacl|Garganacl, F|100/100
|-terastallize|p2a: Garchomp|Ghost
|move|p2a: Garchomp|Swords Dance|p2a: Garchomp
|-boost|p2a: Garchomp|atk|2
|
|upkeep
|turn|2
|
|t:|1758993467
|move|p2a: Garchomp|Stealth Rock|p1a: Garganacl
|-sidestart|p1: 5amur1|move: Stealth Rock
|move|p1a: Garganacl|Salt Cure|p2a: Garchomp
|-damage|p2a: Garchomp|92/100
|-start|p2a: Garchomp|Salt Cure
|
|-damage|p2a: Garchomp|80/100|[from] Salt Cure
|upkeep
|turn|3
|
|t:|1758993474
|move|p2a: Garchomp|Earthquake|p1a: Garganacl
|-supereffective|p1a: Garganacl
|-damage|p1a: Garganacl|0 fnt
|faint|p1a: Garganacl
|
|-damage|p2a: Garchomp|68/100|[from] Salt Cure
|upkeep
|
|t:|1758993480
|switch|p1a: Moltres|Moltres|100/100
|turn|4
|
|t:|1758993486
|move|p1a: Moltres|Flamethrower|p2a: Garchomp
|-damage|p2a: Garchomp|34/100
|move|p2a: Garchomp|Dragon Tail|p1a: Moltres
|-damage|p1a: Moltres|68/100
|-status|p2a: Garchomp|brn|[from] ability: Flame Body|[of] p1a: Moltres
|drag|p1a: Clobbler|Hydrapple, F, shiny|100/100
|-damage|p1a: Clobbler|88/100|[from] Stealth Rock
|
|-damage|p2a: Garchomp|28/100 brn|[from] brn
|-damage|p2a: Garchomp|15/100 brn|[from] Salt Cure
|upkeep
|turn|5
|
|t:|1758993499
|move|p2a: Garchomp|Earthquake|p1a: Clobbler
|-resisted|p1a: Clobbler
|-damage|p1a: Clobbler|73/100
|move|p1a: Clobbler|Nasty Plot|p1a: Clobbler
|-boost|p1a: Clobbler|spa|2
|
|-damage|p2a: Garchomp|9/100 brn|[from] brn
|-damage|p2a: Garchomp|0 fnt|[from] Salt Cure
|faint|p2a: Garchomp
|upkeep
|
|t:|1758993511
|switch|p2a: Enamorus|Enamorus, F|100/100
|turn|6
|
|t:|1758993519
|switch|p1a: Iron Treads|Iron Treads|100/100
|-damage|p1a: Iron Treads|98/100|[from] Stealth Rock
|move|p2a: Enamorus|Moonblast|p1a: Iron Treads
|-resisted|p1a: Iron Treads
|-damage|p1a: Iron Treads|81/100
|
|upkeep
|turn|7
|
|t:|1758993533
|switch|p2a: Lucario|Lucario, M, shiny|100/100
|move|p1a: Iron Treads|Rapid Spin|p2a: Lucario
|-resisted|p2a: Lucario
|-damage|p2a: Lucario|87/100
|-boost|p1a: Iron Treads|spe|1
|-sideend|p1: 5amur1|Stealth Rock|[from] move: Rapid Spin|[of] p1a: Iron Treads
|
|upkeep
|turn|8
|
|t:|1758993549
|-end|p1a: Iron Treads|Quark Drive|[silent]
|switch|p1a: Hatterene|Hatterene, F|100/100
|move|p2a: Lucario|Close Combat|p1a: Hatterene
|-resisted|p1a: Hatterene
|-damage|p1a: Hatterene|80/100
|-unboost|p2a: Lucario|def|1
|-unboost|p2a: Lucario|spd|1
|-damage|p2a: Lucario|77/100|[from] item: Life Orb
|
|-heal|p1a: Hatterene|86/100|[from] item: Leftovers
|upkeep
|turn|9
|
|t:|1758993573
|switch|p2a: Overqwil|Overqwil, M|100/100
|-ability|p2a: Overqwil|Intimidate|boost
|-unboost|p1a: Hatterene|atk|1
|move|p1a: Hatterene|Draining Kiss|p2a: Overqwil
|-crit|p2a: Overqwil
|-damage|p2a: Overqwil|46/100
|-heal|p1a: Hatterene|100/100|[from] drain|[of] p2a: Overqwil
|
|upkeep
|turn|10
|
|t:|1758993582
|switch|p1a: Iron Treads|Iron Treads|81/100
|move|p2a: Overqwil|Gunk Shot|p1a: Iron Treads
|-immune|p1a: Iron Treads
|
|upkeep
|turn|11
|
|t:|1758993590
|switch|p2a: Manaphy|Manaphy|100/100
|move|p1a: Iron Treads|Rapid Spin|p2a: Manaphy
|-damage|p2a: Manaphy|86/100
|-boost|p1a: Iron Treads|spe|1
|
|upkeep
|turn|12
|
|t:|1758993597
|move|p1a: Iron Treads|Supercell Slam|p2a: Manaphy
|-supereffective|p2a: Manaphy
|-crit|p2a: Manaphy
|-damage|p2a: Manaphy|0 fnt
|faint|p2a: Manaphy
|
|upkeep
|
|t:|1758993605
|switch|p2a: Enamorus|Enamorus, F|100/100
|turn|13
|
|t:|1758993608
|move|p2a: Enamorus|Earth Power|p1a: Iron Treads
|-supereffective|p1a: Iron Treads
|-damage|p1a: Iron Treads|36/100
|move|p1a: Iron Treads|Supercell Slam|p2a: Enamorus
|-supereffective|p2a: Enamorus
|-damage|p2a: Enamorus|6/100
|
|upkeep
|turn|14
|
|t:|1758993615
|-end|p1a: Iron Treads|Quark Drive|[silent]
|switch|p1a: Moltres|Moltres|68/100
|move|p2a: Enamorus|Earth Power|p1a: Moltres
|-immune|p1a: Moltres
|
|upkeep
|turn|15
|
|t:|1758993621
|switch|p2a: Diancie|Diancie|100/100
|move|p1a: Moltres|U-turn|p2a: Diancie
|-resisted|p2a: Diancie
|-damage|p2a: Diancie|95/100
|
|t:|1758993628
|switch|p1a: Gholdengo|Gholdengo|100/100|[from] U-turn
|
|-heal|p2a: Diancie|100/100|[from] item: Leftovers
|upkeep
|turn|16
|
|t:|1758993635
|move|p1a: Gholdengo|Make It Rain|p2a: Diancie
|-supereffective|p2a: Diancie
|-damage|p2a: Diancie|0 fnt
|-unboost|p1a: Gholdengo|spa|1
|faint|p2a: Diancie
|
|upkeep
|
|t:|1758993646
|switch|p2a: Enamorus|Enamorus, F|6/100
|turn|17
|
|t:|1758993657
|move|p2a: Enamorus|Earth Power|p1a: Gholdengo
|-supereffective|p1a: Gholdengo
|-damage|p1a: Gholdengo|19/100
|move|p1a: Gholdengo|Make It Rain|p2a: Enamorus
|-supereffective|p2a: Enamorus
|-damage|p2a: Enamorus|0 fnt
|-unboost|p1a: Gholdengo|spa|1
|faint|p2a: Enamorus
|
|upkeep
|
|t:|1758993667
|switch|p2a: Overqwil|Overqwil, M|46/100
|-ability|p2a: Overqwil|Intimidate|boost
|-unboost|p1a: Gholdengo|atk|1
|turn|18
|
|t:|1758993673
|move|p1a: Gholdengo|Make It Rain|p2a: Overqwil
|-damage|p2a: Overqwil|6/100
|-unboost|p1a: Gholdengo|spa|1
|move|p2a: Overqwil|Crunch|p1a: Gholdengo
|-supereffective|p1a: Gholdengo
|-crit|p1a: Gholdengo
|-damage|p1a: Gholdengo|0 fnt
|faint|p1a: Gholdengo
|
|upkeep
|
|t:|1758993683
|switch|p1a: Moltres|Moltres|68/100
|turn|19
|
|t:|1758993688
|move|p2a: Overqwil|Aqua Jet|p1a: Moltres
|-supereffective|p1a: Moltres
|-damage|p1a: Moltres|48/100
|move|p1a: Moltres|Flamethrower|p2a: Overqwil
|-damage|p2a: Overqwil|0 fnt
|faint|p2a: Overqwil
|
|upkeep
|
|t:|1758993695
|switch|p2a: Lucario|Lucario, M, shiny|77/100
|turn|20
|
|t:|1758993698
|move|p2a: Lucario|Extreme Speed|p1a: Moltres
|-damage|p1a: Moltres|25/100
|-damage|p2a: Lucario|67/100|[from] item: Life Orb
|move|p1a: Moltres|Flamethrower|p2a: Lucario
|-supereffective|p2a: Lucario
|-damage|p2a: Lucario|0 fnt
|faint|p2a: Lucario
|
|win|5amur1
|raw|5amur1's rating: 1326 &rarr; <strong>1345</strong><br />(+19 for winning)
|raw|Mafia Cynthia's rating: 1302 &rarr; <strong>1283</strong><br />(-19 for losing)
|l|☆5amur1
|player|p1|
|l|‽Mafia Cynthia
|player|p2|
