|j|☆Compte de Proves
|j|☆Nameless Moron
|t:|1759062852
|gametype|singles
|player|p1|Compte de Proves|nate|1192
|player|p2|Nameless Moron|unknown|1158
|gen|9
|tier|[Gen 9] OU
|rated|
|rule|HP Percentage Mod: HP is shown in percentages
|rule|Endless Battle Clause: Forcing endless battles is banned
|rule|Species Clause: Limit one of each Pokémon
|rule|OHKO Clause: OHKO moves are banned
|rule|Evasion Items Clause: Evasion items are banned
|rule|Evasion Moves Clause: Evasion moves are banned
|rule|Evasion Abilities Clause: Evasion abilities are banned
|rule|Sleep Moves Clause: Sleep-inducing moves are banned
|clearpoke
|poke|p1|Staraptor, M|
|poke|p1|Blissey, F|
|poke|p1|Ambipom, M|
|poke|p1|Zoroark-Hisui, M|
|poke|p1|Chansey, F|
|poke|p1|Meloetta|
|poke|p2|Slowking-Galar, F|
|poke|p2|Zamazenta-*|
|poke|p2|Kyurem|
|poke|p2|Cinderace, M|
|poke|p2|Iron Valiant|
|poke|p2|Great Tusk|
|teampreview
|inactive|Battle timer is ON: inactive players will automatically lose when time's up. (requested by Nameless Moron)
|c|☆Nameless Moron|not stall
|
|t:|1759062877
|teamsize|p1|6
|teamsize|p2|6
|start
|switch|p1a: Webito|Chansey, F|100/100
|switch|p2a: Slowking|Slowking-Galar, F|100/100
|turn|1
|
|t:|1759062888
|move|p1a: Webito|Shadow Ball|p2a: Slowking
|-supereffective|p2a: Slowking
|-damage|p2a: Slowking|27/100
|move|p2a: Slowking|Future Sight|p1a: Webito
|-start|p2a: Slowking|move: Future Sight
|
|upkeep
|turn|2
|inactive|Nameless Moron has 120 seconds left.
|
|t:|1759062931
|switch|p2a: Great Tusk|Great Tusk|100/100
|-enditem|p2a: Great Tusk|Booster Energy
|-activate|p2a: Great Tusk|ability: Protosynthesis|[fromitem]
|-start|p2a: Great Tusk|protosynthesisspe
|move|p1a: Webito|Shadow Ball|p2a: Great Tusk
|-damage|p2a: Great Tusk|19/100
|
|upkeep
|turn|3
|inactive|Compte de Proves has 120 seconds left.
|
|t:|1759062966
|switch|p1a: Webo|Blissey, F, shiny|100/100
|move|p2a: Great Tusk|Ice Spinner|p1a: Webo
|-damage|p1a: Webo|58/100
|
|-end|p1a: Webo|move: Future Sight
|-damage|p1a: Webo|45/100
|upkeep
|turn|4
|inactive|Compte de Proves has 120 seconds left.
|
|t:|1759062978
|-terastallize|p1a: Webo|Ghost
|move|p2a: Great Tusk|Headlong Rush|p1a: Webo
|-damage|p1a: Webo|0 fnt
|-unboost|p2a: Great Tusk|def|1
|-unboost|p2a: Great Tusk|spd|1
|faint|p1a: Webo
|
|upkeep
|c|☆Compte de Proves|is not stall xd
|c|☆Compte de Proves|bad tera
|c|☆Compte de Proves|jajaja
|c|☆Nameless Moron|it happens
|c|☆Nameless Moron|been there
|
|t:|1759063008
|switch|p1a: Footix|Staraptor, M|100/100
|turn|5
|
|t:|1759063015
|move|p2a: Great Tusk|Ice Spinner|p1a: Footix
|-supereffective|p1a: Footix
|-damage|p1a: Footix|29/100
|move|p1a: Footix|Double-Edge|p2a: Great Tusk
|-damage|p2a: Great Tusk|0 fnt
|faint|p2a: Great Tusk
|-end|p2a: Great Tusk|Protosynthesis|[silent]
|-damage|p1a: Footix|21/100|[from] Recoil
|
|upkeep
|inactive|Nameless Moron has 120 seconds left.
|inactive|Nameless Moron has 90 seconds left.
|
|t:|1759063056
|switch|p2a: Cinderace|Cinderace, M|100/100
|turn|6
|
|t:|1759063062
|move|p1a: Footix|Double-Edge|p2a: Cinderace
|-damage|p2a: Cinderace|0 fnt
|faint|p2a: Cinderace
|-damage|p1a: Footix|0 fnt|[from] Recoil
|faint|p1a: Footix
|
|upkeep
|
|t:|1759063076
|switch|p2a: Slowking|Slowking-Galar, F|60/100
|switch|p1a: Webito|Chansey, F|100/100
|turn|7
|inactive|Nameless Moron has 90 seconds left.
|
|t:|1759063096
|-terastallize|p2a: Slowking|Steel
|move|p1a: Webito|Shadow Ball|p2a: Slowking
|-damage|p2a: Slowking|24/100
|-unboost|p2a: Slowking|spd|1
|move|p2a: Slowking|Future Sight|p1a: Webito
|-start|p2a: Slowking|move: Future Sight
|
|upkeep
|turn|8
|inactive|Compte de Proves has 120 seconds left.
|
|t:|1759063104
|move|p1a: Webito|Shadow Ball|p2a: Slowking
|-damage|p2a: Slowking|0 fnt
|faint|p2a: Slowking
|
|upkeep
|inactive|Nameless Moron has 90 seconds left.
|
|t:|1759063120
|switch|p2a: Iron Valiant|Iron Valiant|100/100
|-enditem|p2a: Iron Valiant|Booster Energy
|-activate|p2a: Iron Valiant|ability: Quark Drive|[fromitem]
|-start|p2a: Iron Valiant|quarkdrivespe
|turn|9
|inactive|Nameless Moron has 90 seconds left.
|inactive|Compte de Proves has 120 seconds left.
|
|t:|1759063144
|switch|p1a: MisaSimfonia|Meloetta|100/100
|move|p2a: Iron Valiant|Moonblast|p1a: MisaSimfonia
|-damage|p1a: MisaSimfonia|74/100
|-unboost|p1a: MisaSimfonia|spa|1
|
|-end|p1a: MisaSimfonia|move: Future Sight
|-resisted|p1a: MisaSimfonia
|-damage|p1a: MisaSimfonia|61/100
|upkeep
|turn|10
|inactive|Compte de Proves has 120 seconds left.
|inactive|Nameless Moron has 90 seconds left.
|
|t:|1759063155
|move|p2a: Iron Valiant|Shadow Ball|p1a: MisaSimfonia
|-immune|p1a: MisaSimfonia
|move|p1a: MisaSimfonia|Psyshock|p2a: Iron Valiant
|-supereffective|p2a: Iron Valiant
|-damage|p2a: Iron Valiant|34/100
|
|upkeep
|turn|11
|inactive|Compte de Proves has 120 seconds left.
|c|☆Compte de Proves|is normal bro
|
|t:|1759063172
|move|p2a: Iron Valiant|Thunderbolt|p1a: MisaSimfonia
|-damage|p1a: MisaSimfonia|44/100
|move|p1a: MisaSimfonia|Psyshock|p2a: Iron Valiant
|-supereffective|p2a: Iron Valiant
|-damage|p2a: Iron Valiant|0 fnt
|faint|p2a: Iron Valiant
|-end|p2a: Iron Valiant|Quark Drive|[silent]
|
|upkeep
|
|t:|1759063179
|switch|p2a: Kyurem|Kyurem, shiny|100/100
|-ability|p2a: Kyurem|Pressure
|turn|12
|inactive|Compte de Proves has 120 seconds left.
|
|t:|1759063192
|move|p2a: Kyurem|Freeze-Dry|p1a: MisaSimfonia
|-damage|p1a: MisaSimfonia|15/100
|move|p1a: MisaSimfonia|U-turn|p2a: Kyurem
|-damage|p2a: Kyurem|90/100
|inactive|Compte de Proves has 120 seconds left.
|
|t:|1759063203
|switch|p1a: Webito|Chansey, F|100/100|[from] U-turn
|
|upkeep
|turn|13
|c|☆Nameless Moron|didnt know that
|
|t:|1759063207
|move|p1a: Webito|Shadow Ball|p2a: Kyurem
|-damage|p2a: Kyurem|33/100
|move|p2a: Kyurem|Freeze-Dry|p1a: Webito
|-damage|p1a: Webito|0 fnt
|replace|p1a: Isi Palazón|Zoroark-Hisui, M
|-end|p1a: Isi Palazón|Illusion
|faint|p1a: Isi Palazón
|
|upkeep
|inactive|Compte de Proves has 120 seconds left.
|
|t:|1759063218
|switch|p1a: V. Kamotsky|Ambipom, M|100/100
|turn|14
|
|t:|1759063222
|switch|p2a: Zamazenta|Zamazenta|100/100
|-ability|p2a: Zamazenta|Dauntless Shield|boost
|-boost|p2a: Zamazenta|def|1
|move|p1a: V. Kamotsky|Fake Out|p2a: Zamazenta
|-damage|p2a: Zamazenta|86/100
|
|-heal|p2a: Zamazenta|92/100|[from] item: Leftovers
|upkeep
|turn|15
|inactive|Compte de Proves has 120 seconds left.
|c|☆Compte de Proves|nah, i lose, but lets go to the end
|
|t:|1759063249
|move|p2a: Zamazenta|Iron Defense|p2a: Zamazenta
|-boost|p2a: Zamazenta|def|2
|move|p1a: V. Kamotsky|U-turn|p2a: Zamazenta
|-resisted|p2a: Zamazenta
|-damage|p2a: Zamazenta|89/100
|
|t:|1759063257
|switch|p1a: Webito|Chansey, F|100/100|[from] U-turn
|
|-heal|p2a: Zamazenta|95/100|[from] item: Leftovers
|upkeep
|turn|16
|inactive|Compte de Proves has 120 seconds left.
|
|t:|1759063275
|move|p2a: Zamazenta|Body Press|p1a: Webito
|-supereffective|p1a: Webito
|-damage|p1a: Webito|3/100
|move|p1a: Webito|Seismic Toss|p2a: Zamazenta
|-damage|p2a: Zamazenta|69/100
|
|-heal|p2a: Zamazenta|75/100|[from] item: Leftovers
|upkeep
|turn|17
|
|t:|1759063285
|move|p2a: Zamazenta|Crunch|p1a: Webito
|-damage|p1a: Webito|0 fnt
|faint|p1a: Webito
|
|-heal|p2a: Zamazenta|81/100|[from] item: Leftovers
|upkeep
|
|t:|1759063292
|switch|p1a: MisaSimfonia|Meloetta|15/100
|turn|18
|
|t:|1759063295
|move|p2a: Zamazenta|Crunch|p1a: MisaSimfonia
|-supereffective|p1a: MisaSimfonia
|-damage|p1a: MisaSimfonia|0 fnt
|faint|p1a: MisaSimfonia
|
|-heal|p2a: Zamazenta|87/100|[from] item: Leftovers
|upkeep
|
|t:|1759063302
|switch|p1a: V. Kamotsky|Ambipom, M|100/100
|turn|19
|
|t:|1759063305
|move|p1a: V. Kamotsky|Fake Out|p2a: Zamazenta
|-damage|p2a: Zamazenta|77/100
|cant|p2a: Zamazenta|flinch
|
|-heal|p2a: Zamazenta|83/100|[from] item: Leftovers
|upkeep
|turn|20
|
|t:|1759063312
|move|p2a: Zamazenta|Iron Defense|p2a: Zamazenta
|-boost|p2a: Zamazenta|def|2
|move|p1a: V. Kamotsky|Triple Axel|p2a: Zamazenta
|-damage|p2a: Zamazenta|81/100
|-damage|p2a: Zamazenta|77/100
|-damage|p2a: Zamazenta|71/100
|-hitcount|p2a: Zamazenta|3
|
|-heal|p2a: Zamazenta|77/100|[from] item: Leftovers
|upkeep
|turn|21
|
|t:|1759063323
|move|p2a: Zamazenta|Body Press|p1a: V. Kamotsky
|-supereffective|p1a: V. Kamotsky
|-damage|p1a: V. Kamotsky|0 fnt
|faint|p1a: V. Kamotsky
|
|win|Nameless Moron
|raw|Compte de Proves's rating: 1192 &rarr; <strong>1165</strong><br />(-27 for losing)
|raw|Nameless Moron's rating: 1158 &rarr; <strong>1185</strong><br />(+27 for winning)
|c|☆Compte de Proves|gg
|c|☆Nameless Moron|gg
|l|☆Compte de Proves
|player|p1|
