|j|☆thekairou
|j|☆Rising Ursaring
|t:|1758989119
|gametype|singles
|player|p1|thekairou|hugh|1495
|player|p2|Rising Ursaring|burglar|1453
|gen|9
|tier|[Gen 9] OU
|rated|
|rule|HP Percentage Mod: HP is shown in percentages
|rule|Endless Battle Clause: Forcing endless battles is banned
|rule|Species Clause: Limit one of each Pokémon
|rule|OHKO Clause: OHKO moves are banned
|rule|Evasion Items Clause: Evasion items are banned
|rule|Evasion Moves Clause: Evasion moves are banned
|rule|Evasion Abilities Clause: Evasion abilities are banned
|rule|Sleep Moves Clause: Sleep-inducing moves are banned
|clearpoke
|poke|p1|Raging Bolt|
|poke|p1|Kingambit, F|
|poke|p1|Great Tusk|
|poke|p1|Garganacl, F|
|poke|p1|Thundurus, M|
|poke|p1|Iron Valiant|
|poke|p2|Raging Bolt|
|poke|p2|Wo-Chien|
|poke|p2|Empoleon, M|
|poke|p2|Ceruledge, F|
|poke|p2|Weezing-Galar, M|
|poke|p2|Landorus-Therian, M|
|teampreview
|inactive|Battle timer is ON: inactive players will automatically lose when time's up. (requested by Rising Ursaring)
|
|t:|1758989124
|teamsize|p1|6
|teamsize|p2|6
|start
|switch|p1a: Smoker|Thundurus, M|100/100
|switch|p2a: Landorus|Landorus-Therian, M|100/100
|-ability|p2a: Landorus|Intimidate|boost
|-unboost|p1a: Smoker|atk|1
|turn|1
|
|t:|1758989128
|-terastallize|p2a: Landorus|Ice
|-terastallize|p1a: Smoker|Ice
|move|p2a: Landorus|Tera Blast|p1a: Smoker|[anim] Tera Blast Ice
|-resisted|p1a: Smoker
|-damage|p1a: Smoker|67/100
|move|p1a: Smoker|Tera Blast|p2a: Landorus|[anim] Tera Blast Ice
|-resisted|p2a: Landorus
|-damage|p2a: Landorus|68/100
|
|upkeep
|turn|2
|
|t:|1758989139
|switch|p2a: Empoleon|Empoleon, M|100/100
|move|p1a: Smoker|Thunder Wave|p2a: Empoleon
|-status|p2a: Empoleon|par
|
|upkeep
|turn|3
|
|t:|1758989147
|move|p1a: Smoker|Thunderbolt|p2a: Empoleon
|-supereffective|p2a: Empoleon
|-damage|p2a: Empoleon|32/100 par
|cant|p2a: Empoleon|par
|
|-heal|p2a: Empoleon|38/100 par|[from] item: Leftovers
|upkeep
|turn|4
|
|t:|1758989151
|move|p1a: Smoker|Thunderbolt|p2a: Empoleon
|-supereffective|p2a: Empoleon
|-damage|p2a: Empoleon|0 fnt
|faint|p2a: Empoleon
|
|upkeep
|inactive|Rising Ursaring has 120 seconds left.
|inactive|Rising Ursaring has 90 seconds left.
|
|t:|1758989215
|switch|p2a: Wo-Chien|Wo-Chien|100/100
|-ability|p2a: Wo-Chien|Tablets of Ruin
|turn|5
|
|t:|1758989225
|move|p1a: Smoker|Tera Blast|p2a: Wo-Chien|[anim] Tera Blast Ice
|-supereffective|p2a: Wo-Chien
|-damage|p2a: Wo-Chien|51/100
|move|p2a: Wo-Chien|Leech Seed|p1a: Smoker
|-start|p1a: Smoker|move: Leech Seed
|
|-heal|p2a: Wo-Chien|57/100|[from] item: Leftovers
|-damage|p1a: Smoker|55/100|[from] Leech Seed|[of] p2a: Wo-Chien
|-heal|p2a: Wo-Chien|67/100|[silent]
|upkeep
|turn|6
|
|t:|1758989234
|switch|p1a: Garganacl|Garganacl, F, shiny|100/100
|move|p2a: Wo-Chien|Knock Off|p1a: Garganacl
|-damage|p1a: Garganacl|86/100
|-enditem|p1a: Garganacl|Leftovers|[from] move: Knock Off|[of] p2a: Wo-Chien
|
|-heal|p2a: Wo-Chien|73/100|[from] item: Leftovers
|upkeep
|turn|7
|
|t:|1758989237
|move|p2a: Wo-Chien|Leech Seed|p1a: Garganacl
|-start|p1a: Garganacl|move: Leech Seed
|move|p1a: Garganacl|Curse|p1a: Garganacl
|-unboost|p1a: Garganacl|spe|1
|-boost|p1a: Garganacl|atk|1
|-boost|p1a: Garganacl|def|1
|
|-heal|p2a: Wo-Chien|79/100|[from] item: Leftovers
|-damage|p1a: Garganacl|73/100|[from] Leech Seed|[of] p2a: Wo-Chien
|-heal|p2a: Wo-Chien|92/100|[silent]
|upkeep
|turn|8
|
|t:|1758989241
|switch|p2a: Raging Bolt|Raging Bolt|100/100
|move|p1a: Garganacl|Salt Cure|p2a: Raging Bolt
|-damage|p2a: Raging Bolt|81/100
|-start|p2a: Raging Bolt|Salt Cure
|
|-damage|p1a: Garganacl|61/100|[from] Leech Seed|[of] p2a: Raging Bolt
|-heal|p2a: Raging Bolt|94/100|[silent]
|-damage|p2a: Raging Bolt|82/100|[from] Salt Cure
|upkeep
|turn|9
|
|t:|1758989251
|switch|p1a: Great Tusk|Great Tusk|100/100
|move|p2a: Raging Bolt|Volt Switch|p1a: Great Tusk
|-immune|p1a: Great Tusk
|
|-damage|p2a: Raging Bolt|69/100|[from] Salt Cure
|upkeep
|turn|10
|
|t:|1758989255
|-end|p2a: Raging Bolt|Protosynthesis|[silent]
|switch|p2a: Weezing|Weezing-Galar, M|100/100
|-ability|p2a: Weezing|Neutralizing Gas
|move|p1a: Great Tusk|Ice Spinner|p2a: Weezing
|-damage|p2a: Weezing|85/100
|-damage|p1a: Great Tusk|84/100|[from] item: Rocky Helmet|[of] p2a: Weezing
|
|upkeep
|turn|11
|
|t:|1758989261
|move|p1a: Great Tusk|Earthquake|p2a: Weezing
|-supereffective|p2a: Weezing
|-damage|p2a: Weezing|24/100
|move|p2a: Weezing|Toxic|p1a: Great Tusk
|-status|p1a: Great Tusk|tox
|
|-damage|p1a: Great Tusk|78/100 tox|[from] psn
|upkeep
|turn|12
|
|t:|1758989267
|move|p1a: Great Tusk|Rapid Spin|p2a: Weezing
|-damage|p2a: Weezing|13/100
|-boost|p1a: Great Tusk|spe|1
|-damage|p1a: Great Tusk|61/100 tox|[from] item: Rocky Helmet|[of] p2a: Weezing
|move|p2a: Weezing|Strange Steam|p1a: Great Tusk
|-supereffective|p1a: Great Tusk
|-damage|p1a: Great Tusk|0 fnt
|faint|p1a: Great Tusk
|-end|p1a: Great Tusk|Protosynthesis|[silent]
|
|upkeep
|
|t:|1758989272
|switch|p1a: Smoker|Thundurus, M, tera:Ice|55/100
|turn|13
|inactive|Rising Ursaring has 120 seconds left.
|
|t:|1758989322
|move|p1a: Smoker|Tera Blast|p2a: Weezing|[anim] Tera Blast Ice
|-damage|p2a: Weezing|0 fnt
|faint|p2a: Weezing
|-end|p2a: Weezing|ability: Neutralizing Gas
|
|upkeep
|
|t:|1758989328
|switch|p2a: Raging Bolt|Raging Bolt|69/100
|turn|14
|
|t:|1758989330
|move|p2a: Raging Bolt|Thunderclap|p1a: Smoker
|-crit|p1a: Smoker
|-damage|p1a: Smoker|0 fnt
|faint|p1a: Smoker
|
|upkeep
|
|t:|1758989338
|switch|p1a: Rob Lucci Awakened|Raging Bolt|100/100
|-enditem|p1a: Rob Lucci Awakened|Booster Energy
|-activate|p1a: Rob Lucci Awakened|ability: Protosynthesis|[fromitem]
|-start|p1a: Rob Lucci Awakened|protosynthesisspa
|turn|15
|
|t:|1758989341
|move|p2a: Raging Bolt|Dragon Pulse|p1a: Rob Lucci Awakened
|-supereffective|p1a: Rob Lucci Awakened
|-crit|p1a: Rob Lucci Awakened
|-damage|p1a: Rob Lucci Awakened|0 fnt
|faint|p1a: Rob Lucci Awakened
|-end|p1a: Rob Lucci Awakened|Protosynthesis|[silent]
|
|upkeep
|c|☆thekairou|Oh I see
|
|t:|1758989366
|switch|p1a: Kingambit|Kingambit, F|100/100
|-activate|p1a: Kingambit|ability: Supreme Overlord
|-start|p1a: Kingambit|fallen3|[silent]
|-item|p1a: Kingambit|Air Balloon
|turn|16
|inactive|Rising Ursaring has 120 seconds left.
|
|t:|1758989411
|move|p1a: Kingambit|Sucker Punch|p2a: Raging Bolt
|-damage|p2a: Raging Bolt|23/100
|move|p2a: Raging Bolt|Thunderbolt|p1a: Kingambit
|-damage|p1a: Kingambit|45/100
|-enditem|p1a: Kingambit|Air Balloon
|
|upkeep
|turn|17
|
|t:|1758989419
|move|p2a: Raging Bolt|Thunderclap|p1a: Kingambit
|-damage|p1a: Kingambit|4/100
|move|p1a: Kingambit|Sucker Punch||[still]
|-fail|p1a: Kingambit
|
|upkeep
|turn|18
|-message|thekairou forfeited.
|
|win|Rising Ursaring
|raw|thekairou's rating: 1495 &rarr; <strong>1473</strong><br />(-22 for losing)
|raw|Rising Ursaring's rating: 1453 &rarr; <strong>1475</strong><br />(+22 for winning)
|l|☆thekairou
|player|p1|
|l|☆Rising Ursaring
|player|p2|
