|j|☆mucino
|j|☆Charle_phate
|t:|1759038542
|gametype|singles
|player|p1|mucino|265|1347
|player|p2|Charle_phate|blue|1355
|gen|9
|tier|[Gen 9] OU
|rated|
|rule|HP Percentage Mod: HP is shown in percentages
|rule|Endless Battle Clause: Forcing endless battles is banned
|rule|Species Clause: Limit one of each Pokémon
|rule|OHKO Clause: OHKO moves are banned
|rule|Evasion Items Clause: Evasion items are banned
|rule|Evasion Moves Clause: Evasion moves are banned
|rule|Evasion Abilities Clause: Evasion abilities are banned
|rule|Sleep Moves Clause: Sleep-inducing moves are banned
|clearpoke
|poke|p1|Clodsire, F|
|poke|p1|Kingambit, M|
|poke|p1|Porygon-Z|
|poke|p1|Chandelure, F|
|poke|p1|Primarina, M|
|poke|p1|Grimmsnarl, M|
|poke|p2|Serperior, F|
|poke|p2|Rotom-Wash|
|poke|p2|Zapdos|
|poke|p2|Heatran, F|
|poke|p2|Clefable, F|
|poke|p2|Landorus-Therian, M|
|teampreview
|inactive|Battle timer is ON: inactive players will automatically lose when time's up. (requested by mucino)
|
|t:|1759038547
|teamsize|p1|6
|teamsize|p2|6
|start
|switch|p1a: Chandelure|Chandelure, F|100/100
|switch|p2a: Rotom|Rotom-Wash|100/100
|turn|1
|inactive|Charle_phate has 120 seconds left.
|
|t:|1759038584
|-terastallize|p1a: Chandelure|Grass
|move|p1a: Chandelure|Energy Ball|p2a: Rotom
|-supereffective|p2a: Rotom
|-damage|p2a: Rotom|0 fnt
|faint|p2a: Rotom
|
|upkeep
|
|t:|1759038587
|switch|p2a: Heatran|Heatran, F|100/100
|turn|2
|
|t:|1759038591
|switch|p1a: Primarina|Primarina, M|100/100
|move|p2a: Heatran|Substitute|p2a: Heatran
|-start|p2a: Heatran|Substitute
|-damage|p2a: Heatran|76/100
|
|-heal|p2a: Heatran|82/100|[from] item: Leftovers
|upkeep
|turn|3
|
|t:|1759038596
|switch|p2a: Zapdos|Zapdos|100/100
|move|p1a: Primarina|Hyper Voice|p2a: Zapdos
|-damage|p2a: Zapdos|48/100
|
|-heal|p2a: Zapdos|54/100|[from] item: Leftovers
|upkeep
|turn|4
|
|t:|1759038600
|switch|p1a: Clodsire|Clodsire, F|100/100
|move|p2a: Zapdos|Discharge|p1a: Clodsire
|-immune|p1a: Clodsire
|
|-heal|p2a: Zapdos|60/100|[from] item: Leftovers
|upkeep
|turn|5
|
|t:|1759038615
|switch|p2a: Heatran|Heatran, F|82/100
|move|p1a: Clodsire|Toxic|p2a: Heatran
|-immune|p2a: Heatran
|
|-heal|p2a: Heatran|88/100|[from] item: Leftovers
|upkeep
|turn|6
|
|t:|1759038624
|-terastallize|p2a: Heatran|Flying
|move|p2a: Heatran|Substitute|p2a: Heatran
|-start|p2a: Heatran|Substitute
|-damage|p2a: Heatran|63/100
|move|p1a: Clodsire|Earthquake|p2a: Heatran
|-immune|p2a: Heatran
|
|-heal|p2a: Heatran|70/100|[from] item: Leftovers
|upkeep
|turn|7
|
|t:|1759038629
|switch|p1a: Primarina|Primarina, M|100/100
|move|p2a: Heatran|Ancient Power|p1a: Primarina
|-damage|p1a: Primarina|87/100
|
|-heal|p2a: Heatran|76/100|[from] item: Leftovers
|upkeep
|turn|8
|
|t:|1759038647
|move|p2a: Heatran|Ancient Power|p1a: Primarina
|-damage|p1a: Primarina|75/100
|move|p1a: Primarina|Hyper Voice|p2a: Heatran
|-damage|p2a: Heatran|35/100
|
|-heal|p2a: Heatran|41/100|[from] item: Leftovers
|upkeep
|turn|9
|
|t:|1759038653
|move|p2a: Heatran|Lava Plume|p1a: Primarina
|-resisted|p1a: Primarina
|-damage|p1a: Primarina|62/100
|move|p1a: Primarina|Hyper Voice|p2a: Heatran
|-damage|p2a: Heatran|0 fnt
|faint|p2a: Heatran
|
|upkeep
|
|t:|1759038657
|switch|p2a: Serperior|Serperior, F|100/100
|turn|10
|
|t:|1759038660
|move|p2a: Serperior|Glare|p1a: Primarina
|-status|p1a: Primarina|par
|move|p1a: Primarina|Ice Beam|p2a: Serperior
|-supereffective|p2a: Serperior
|-damage|p2a: Serperior|13/100
|
|-heal|p2a: Serperior|19/100|[from] item: Leftovers
|upkeep
|turn|11
|
|t:|1759038671
|switch|p1a: Clodsire|Clodsire, F|100/100
|move|p2a: Serperior|Leech Seed|p1a: Clodsire
|-start|p1a: Clodsire|move: Leech Seed
|
|-heal|p2a: Serperior|25/100|[from] item: Leftovers
|-damage|p1a: Clodsire|88/100|[from] Leech Seed|[of] p2a: Serperior
|-heal|p2a: Serperior|45/100|[silent]
|upkeep
|turn|12
|
|t:|1759038677
|switch|p1a: Chandelure|Chandelure, F, tera:Grass|100/100
|move|p2a: Serperior|Substitute|p2a: Serperior
|-start|p2a: Serperior|Substitute
|-damage|p2a: Serperior|20/100
|
|-heal|p2a: Serperior|26/100|[from] item: Leftovers
|upkeep
|turn|13
|
|t:|1759038680
|move|p1a: Chandelure|Flamethrower|p2a: Serperior
|-supereffective|p2a: Serperior
|-end|p2a: Serperior|Substitute
|move|p2a: Serperior|Glare|p1a: Chandelure
|-status|p1a: Chandelure|par
|
|-heal|p2a: Serperior|32/100|[from] item: Leftovers
|upkeep
|turn|14
|
|t:|1759038683
|move|p2a: Serperior|Substitute|p2a: Serperior
|-start|p2a: Serperior|Substitute
|-damage|p2a: Serperior|7/100
|move|p1a: Chandelure|Flamethrower|p2a: Serperior
|-supereffective|p2a: Serperior
|-end|p2a: Serperior|Substitute
|
|-heal|p2a: Serperior|14/100|[from] item: Leftovers
|upkeep
|turn|15
|inactive|Charle_phate has 120 seconds left.
|
|t:|1759038718
|switch|p2a: Zapdos|Zapdos|60/100
|move|p1a: Chandelure|Flamethrower|p2a: Zapdos
|-damage|p2a: Zapdos|10/100
|
|-heal|p2a: Zapdos|17/100|[from] item: Leftovers
|upkeep
|turn|16
|
|t:|1759038725
|move|p2a: Zapdos|Roost|p2a: Zapdos
|-heal|p2a: Zapdos|67/100
|-singleturn|p2a: Zapdos|move: Roost
|move|p1a: Chandelure|Flamethrower|p2a: Zapdos
|-damage|p2a: Zapdos|12/100
|
|-heal|p2a: Zapdos|18/100|[from] item: Leftovers
|upkeep
|turn|17
|inactive|Charle_phate has 120 seconds left.
|
|t:|1759038767
|switch|p1a: Clodsire|Clodsire, F|88/100
|move|p2a: Zapdos|Roost|p2a: Zapdos
|-heal|p2a: Zapdos|68/100
|-singleturn|p2a: Zapdos|move: Roost
|
|-heal|p2a: Zapdos|74/100|[from] item: Leftovers
|-heal|p1a: Clodsire|94/100|[from] item: Leftovers
|upkeep
|turn|18
|
|t:|1759038780
|switch|p2a: Clefable|Clefable, F|100/100
|move|p1a: Clodsire|Toxic|p2a: Clefable
|-status|p2a: Clefable|tox
|
|-heal|p1a: Clodsire|100/100|[from] item: Leftovers
|upkeep
|turn|19
|
|t:|1759038785
|switch|p1a: Kingambit|Kingambit, M|100/100
|move|p2a: Clefable|Cosmic Power|p2a: Clefable
|-boost|p2a: Clefable|def|1
|-boost|p2a: Clefable|spd|1
|
|upkeep
|turn|20
|inactive|Charle_phate has 90 seconds left.
|
|t:|1759038830
|move|p2a: Clefable|Cosmic Power|p2a: Clefable
|-boost|p2a: Clefable|def|1
|-boost|p2a: Clefable|spd|1
|move|p1a: Kingambit|Iron Head|p2a: Clefable
|-supereffective|p2a: Clefable
|-damage|p2a: Clefable|59/100 tox
|
|-heal|p2a: Clefable|65/100 tox|[from] item: Leftovers
|upkeep
|turn|21
|
|t:|1759038836
|-end|p1a: Kingambit|fallenundefined|[silent]
|switch|p1a: Grimmsnarl|Grimmsnarl, M|100/100
|move|p2a: Clefable|Cosmic Power|p2a: Clefable
|-boost|p2a: Clefable|def|1
|-boost|p2a: Clefable|spd|1
|
|-heal|p2a: Clefable|71/100 tox|[from] item: Leftovers
|upkeep
|turn|22
|
|t:|1759038854
|move|p1a: Grimmsnarl|Taunt|p2a: Clefable
|-start|p2a: Clefable|move: Taunt
|cant|p2a: Clefable|move: Taunt|Cosmic Power
|
|-heal|p2a: Clefable|77/100 tox|[from] item: Leftovers
|upkeep
|turn|23
|
|t:|1759038856
|move|p1a: Grimmsnarl|Spirit Break|p2a: Clefable
|-damage|p2a: Clefable|61/100 tox
|-unboost|p2a: Clefable|spa|1
|move|p2a: Clefable|Charge Beam|p1a: Grimmsnarl|[miss]
|-miss|p2a: Clefable|p1a: Grimmsnarl
|
|-heal|p2a: Clefable|67/100 tox|[from] item: Leftovers
|upkeep
|turn|24
|inactive|Charle_phate has 90 seconds left.
|
|t:|1759038870
|move|p2a: Clefable|Charge Beam|p1a: Grimmsnarl
|-damage|p1a: Grimmsnarl|92/100
|move|p1a: Grimmsnarl|Spirit Break|p2a: Clefable
|-damage|p2a: Clefable|52/100 tox
|-unboost|p2a: Clefable|spa|1
|
|-heal|p2a: Clefable|58/100 tox|[from] item: Leftovers
|-end|p2a: Clefable|move: Taunt
|upkeep
|turn|25
|inactive|Charle_phate has 90 seconds left.
|
|t:|1759038877
|move|p1a: Grimmsnarl|Taunt|p2a: Clefable
|-start|p2a: Clefable|move: Taunt
|move|p2a: Clefable|Charge Beam|p1a: Grimmsnarl
|-damage|p1a: Grimmsnarl|85/100
|
|-heal|p2a: Clefable|64/100 tox|[from] item: Leftovers
|upkeep
|turn|26
|
|t:|1759038879
|move|p2a: Clefable|Charge Beam|p1a: Grimmsnarl
|-damage|p1a: Grimmsnarl|78/100
|move|p1a: Grimmsnarl|Spirit Break|p2a: Clefable
|-damage|p2a: Clefable|50/100 tox
|-unboost|p2a: Clefable|spa|1
|
|-heal|p2a: Clefable|56/100 tox|[from] item: Leftovers
|upkeep
|turn|27
|
|t:|1759038882
|move|p1a: Grimmsnarl|Spirit Break|p2a: Clefable
|-damage|p2a: Clefable|40/100 tox
|-unboost|p2a: Clefable|spa|1
|move|p2a: Clefable|Charge Beam|p1a: Grimmsnarl
|-damage|p1a: Grimmsnarl|73/100
|-boost|p2a: Clefable|spa|1
|
|-heal|p2a: Clefable|46/100 tox|[from] item: Leftovers
|-end|p2a: Clefable|move: Taunt
|upkeep
|turn|28
|
|t:|1759038885
|move|p1a: Grimmsnarl|Taunt|p2a: Clefable
|-start|p2a: Clefable|move: Taunt
|move|p2a: Clefable|Charge Beam|p1a: Grimmsnarl|[miss]
|-miss|p2a: Clefable|p1a: Grimmsnarl
|
|-heal|p2a: Clefable|52/100 tox|[from] item: Leftovers
|upkeep
|turn|29
|
|t:|1759038888
|move|p2a: Clefable|Charge Beam|p1a: Grimmsnarl
|-damage|p1a: Grimmsnarl|68/100
|move|p1a: Grimmsnarl|Spirit Break|p2a: Clefable
|-damage|p2a: Clefable|38/100 tox
|-unboost|p2a: Clefable|spa|1
|
|-heal|p2a: Clefable|44/100 tox|[from] item: Leftovers
|upkeep
|turn|30
|
|t:|1759038893
|move|p2a: Clefable|Charge Beam|p1a: Grimmsnarl
|-damage|p1a: Grimmsnarl|63/100
|-boost|p2a: Clefable|spa|1
|move|p1a: Grimmsnarl|Spirit Break|p2a: Clefable
|-damage|p2a: Clefable|28/100 tox
|-unboost|p2a: Clefable|spa|1
|
|-heal|p2a: Clefable|34/100 tox|[from] item: Leftovers
|-end|p2a: Clefable|move: Taunt
|upkeep
|turn|31
|
|t:|1759038910
|move|p1a: Grimmsnarl|Taunt|p2a: Clefable
|-start|p2a: Clefable|move: Taunt
|move|p2a: Clefable|Draining Kiss|p1a: Grimmsnarl
|-supereffective|p1a: Grimmsnarl
|-damage|p1a: Grimmsnarl|51/100
|-heal|p2a: Clefable|45/100 tox|[from] drain|[of] p1a: Grimmsnarl
|
|-heal|p2a: Clefable|51/100 tox|[from] item: Leftovers
|upkeep
|turn|32
|
|t:|1759038916
|move|p1a: Grimmsnarl|Spirit Break|p2a: Clefable
|-damage|p2a: Clefable|36/100 tox
|-unboost|p2a: Clefable|spa|1
|move|p2a: Clefable|Draining Kiss|p1a: Grimmsnarl
|-supereffective|p1a: Grimmsnarl
|-damage|p1a: Grimmsnarl|39/100
|-heal|p2a: Clefable|47/100 tox|[from] drain|[of] p1a: Grimmsnarl
|
|-heal|p2a: Clefable|53/100 tox|[from] item: Leftovers
|upkeep
|turn|33
|
|t:|1759038927
|move|p1a: Grimmsnarl|Light Screen|p1a: Grimmsnarl
|-sidestart|p1: mucino|move: Light Screen
|move|p2a: Clefable|Draining Kiss|p1a: Grimmsnarl
|-supereffective|p1a: Grimmsnarl
|-damage|p1a: Grimmsnarl|33/100
|-heal|p2a: Clefable|58/100 tox|[from] drain|[of] p1a: Grimmsnarl
|
|-heal|p2a: Clefable|64/100 tox|[from] item: Leftovers
|-end|p2a: Clefable|move: Taunt
|upkeep
|turn|34
|
|t:|1759038935
|move|p1a: Grimmsnarl|Taunt|p2a: Clefable
|-start|p2a: Clefable|move: Taunt
|move|p2a: Clefable|Charge Beam|p1a: Grimmsnarl
|-damage|p1a: Grimmsnarl|32/100
|
|-heal|p2a: Clefable|70/100 tox|[from] item: Leftovers
|upkeep
|turn|35
|
|t:|1759038938
|move|p1a: Grimmsnarl|Spirit Break|p2a: Clefable
|-damage|p2a: Clefable|53/100 tox
|-unboost|p2a: Clefable|spa|1
|move|p2a: Clefable|Charge Beam|p1a: Grimmsnarl
|-damage|p1a: Grimmsnarl|30/100
|-boost|p2a: Clefable|spa|1
|
|-heal|p2a: Clefable|59/100 tox|[from] item: Leftovers
|upkeep
|turn|36
|
|t:|1759038944
|move|p2a: Clefable|Charge Beam|p1a: Grimmsnarl
|-damage|p1a: Grimmsnarl|28/100
|-boost|p2a: Clefable|spa|1
|move|p1a: Grimmsnarl|Spirit Break|p2a: Clefable
|-damage|p2a: Clefable|44/100 tox
|-unboost|p2a: Clefable|spa|1
|
|-heal|p2a: Clefable|50/100 tox|[from] item: Leftovers
|-end|p2a: Clefable|move: Taunt
|upkeep
|turn|37
|
|t:|1759038959
|move|p1a: Grimmsnarl|Taunt|p2a: Clefable
|-start|p2a: Clefable|move: Taunt
|move|p2a: Clefable|Draining Kiss|p1a: Grimmsnarl
|-supereffective|p1a: Grimmsnarl
|-damage|p1a: Grimmsnarl|22/100
|-heal|p2a: Clefable|55/100 tox|[from] drain|[of] p1a: Grimmsnarl
|
|-heal|p2a: Clefable|62/100 tox|[from] item: Leftovers
|upkeep
|turn|38
|
|t:|1759038965
|switch|p1a: Clodsire|Clodsire, F|100/100
|move|p2a: Clefable|Draining Kiss|p1a: Clodsire
|-resisted|p1a: Clodsire
|-damage|p1a: Clodsire|98/100
|-heal|p2a: Clefable|65/100 tox|[from] drain|[of] p1a: Clodsire
|
|-heal|p2a: Clefable|71/100 tox|[from] item: Leftovers
|-heal|p1a: Clodsire|100/100|[from] item: Leftovers
|upkeep
|turn|39
|
|t:|1759038979
|move|p2a: Clefable|Stored Power|p1a: Clodsire
|-supereffective|p1a: Clodsire
|-damage|p1a: Clodsire|77/100
|move|p1a: Clodsire|Earthquake|p2a: Clefable
|-damage|p2a: Clefable|46/100 tox
|
|-heal|p2a: Clefable|52/100 tox|[from] item: Leftovers
|-heal|p1a: Clodsire|83/100|[from] item: Leftovers
|-end|p2a: Clefable|move: Taunt
|upkeep
|turn|40
|
|t:|1759038986
|move|p2a: Clefable|Cosmic Power|p2a: Clefable
|-boost|p2a: Clefable|def|1
|-boost|p2a: Clefable|spd|1
|move|p1a: Clodsire|Earthquake|p2a: Clefable
|-damage|p2a: Clefable|29/100 tox
|
|-heal|p2a: Clefable|35/100 tox|[from] item: Leftovers
|-heal|p1a: Clodsire|89/100|[from] item: Leftovers
|-sideend|p1: mucino|move: Light Screen
|upkeep
|turn|41
|inactive|Charle_phate has 120 seconds left.
|
|t:|1759039018
|switch|p1a: Kingambit|Kingambit, M|100/100
|move|p2a: Clefable|Stored Power|p1a: Kingambit
|-immune|p1a: Kingambit
|
|-heal|p2a: Clefable|41/100 tox|[from] item: Leftovers
|upkeep
|turn|42
|
|t:|1759039021
|move|p2a: Clefable|Draining Kiss|p1a: Kingambit
|-damage|p1a: Kingambit|95/100
|-heal|p2a: Clefable|46/100 tox|[from] drain|[of] p1a: Kingambit
|move|p1a: Kingambit|Swords Dance|p1a: Kingambit
|-boost|p1a: Kingambit|atk|2
|
|-heal|p2a: Clefable|52/100 tox|[from] item: Leftovers
|upkeep
|turn|43
|
|t:|1759039028
|move|p2a: Clefable|Charge Beam|p1a: Kingambit
|-damage|p1a: Kingambit|92/100
|-boost|p2a: Clefable|spa|1
|move|p1a: Kingambit|Swords Dance|p1a: Kingambit
|-boost|p1a: Kingambit|atk|2
|
|-heal|p2a: Clefable|58/100 tox|[from] item: Leftovers
|upkeep
|turn|44
|
|t:|1759039030
|move|p2a: Clefable|Charge Beam|p1a: Kingambit
|-damage|p1a: Kingambit|88/100
|-boost|p2a: Clefable|spa|1
|move|p1a: Kingambit|Swords Dance|p1a: Kingambit
|-boost|p1a: Kingambit|atk|2
|
|-heal|p2a: Clefable|64/100 tox|[from] item: Leftovers
|upkeep
|turn|45
|
|t:|1759039042
|move|p2a: Clefable|Charge Beam|p1a: Kingambit|[miss]
|-miss|p2a: Clefable|p1a: Kingambit
|move|p1a: Kingambit|Iron Head|p2a: Clefable
|-supereffective|p2a: Clefable
|-damage|p2a: Clefable|0 fnt
|faint|p2a: Clefable
|
|upkeep
|
|t:|1759039046
|switch|p2a: Zapdos|Zapdos|74/100
|turn|46
|
|t:|1759039049
|move|p1a: Kingambit|Sucker Punch|p2a: Zapdos
|-crit|p2a: Zapdos
|-damage|p2a: Zapdos|0 fnt
|-status|p1a: Kingambit|par|[from] ability: Static|[of] p2a: Zapdos
|faint|p2a: Zapdos
|
|upkeep
|
|t:|1759039052
|switch|p2a: Serperior|Serperior, F|14/100
|turn|47
|
|t:|1759039055
|move|p2a: Serperior|Leech Seed|p1a: Kingambit
|-start|p1a: Kingambit|move: Leech Seed
|cant|p1a: Kingambit|par
|
|-heal|p2a: Serperior|20/100|[from] item: Leftovers
|-damage|p1a: Kingambit|76/100 par|[from] Leech Seed|[of] p2a: Serperior
|-heal|p2a: Serperior|37/100|[silent]
|upkeep
|turn|48
|
|t:|1759039058
|move|p2a: Serperior|Substitute|p2a: Serperior
|-start|p2a: Serperior|Substitute
|-damage|p2a: Serperior|12/100
|move|p1a: Kingambit|Iron Head|p2a: Serperior
|-end|p2a: Serperior|Substitute
|
|-heal|p2a: Serperior|18/100|[from] item: Leftovers
|-damage|p1a: Kingambit|63/100 par|[from] Leech Seed|[of] p2a: Serperior
|-heal|p2a: Serperior|35/100|[silent]
|upkeep
|turn|49
|
|t:|1759039083
|-end|p1a: Kingambit|fallenundefined|[silent]
|switch|p1a: Grimmsnarl|Grimmsnarl, M|22/100
|move|p2a: Serperior|Substitute|p2a: Serperior
|-start|p2a: Serperior|Substitute
|-damage|p2a: Serperior|10/100
|
|-heal|p2a: Serperior|16/100|[from] item: Leftovers
|upkeep
|turn|50
|
|t:|1759039088
|move|p2a: Serperior|Glare|p1a: Grimmsnarl
|-status|p1a: Grimmsnarl|par
|move|p1a: Grimmsnarl|Spirit Break|p2a: Serperior
|-end|p2a: Serperior|Substitute
|
|-heal|p2a: Serperior|22/100|[from] item: Leftovers
|upkeep
|turn|51
|
|t:|1759039106
|move|p1a: Grimmsnarl|Taunt|p2a: Serperior
|-start|p2a: Serperior|move: Taunt
|move|p2a: Serperior|Leaf Storm|p1a: Grimmsnarl|[miss]
|-miss|p2a: Serperior|p1a: Grimmsnarl
|
|-heal|p2a: Serperior|29/100|[from] item: Leftovers
|upkeep
|turn|52
|
|t:|1759039111
|switch|p1a: Clodsire|Clodsire, F|89/100
|move|p2a: Serperior|Leaf Storm|p1a: Clodsire
|-damage|p1a: Clodsire|53/100
|-boost|p2a: Serperior|spa|2
|
|-heal|p2a: Serperior|35/100|[from] item: Leftovers
|-heal|p1a: Clodsire|59/100|[from] item: Leftovers
|upkeep
|turn|53
|inactive|Charle_phate has 120 seconds left.
|
|t:|1759039149
|move|p2a: Serperior|Leaf Storm|p1a: Clodsire
|-damage|p1a: Clodsire|24/100
|-boost|p2a: Serperior|spa|2
|move|p1a: Clodsire|Toxic|p2a: Serperior
|-status|p2a: Serperior|tox
|
|-heal|p2a: Serperior|41/100 tox|[from] item: Leftovers
|-heal|p1a: Clodsire|30/100|[from] item: Leftovers
|-damage|p2a: Serperior|35/100 tox|[from] psn
|-end|p2a: Serperior|move: Taunt
|upkeep
|turn|54
|inactive|Charle_phate has 120 seconds left.
|
|t:|1759039161
|switch|p1a: Chandelure|Chandelure, F, tera:Grass|100/100 par
|move|p2a: Serperior|Leaf Storm|p1a: Chandelure
|-resisted|p1a: Chandelure
|-damage|p1a: Chandelure|0 fnt
|-boost|p2a: Serperior|spa|2
|faint|p1a: Chandelure
|
|-heal|p2a: Serperior|41/100 tox|[from] item: Leftovers
|-damage|p2a: Serperior|29/100 tox|[from] psn
|upkeep
|
|t:|1759039166
|switch|p1a: Grimmsnarl|Grimmsnarl, M|22/100 par
|turn|55
|inactive|Charle_phate has 120 seconds left.
|
|t:|1759039192
|move|p1a: Grimmsnarl|Light Screen|p1a: Grimmsnarl
|-sidestart|p1: mucino|move: Light Screen
|move|p2a: Serperior|Substitute|p2a: Serperior
|-start|p2a: Serperior|Substitute
|-damage|p2a: Serperior|4/100 tox
|
|-heal|p2a: Serperior|10/100 tox|[from] item: Leftovers
|-damage|p2a: Serperior|0 fnt|[from] psn
|faint|p2a: Serperior
|upkeep
|
|t:|1759039195
|switch|p2a: Landorus|Landorus-Therian, M|100/100
|-ability|p2a: Landorus|Intimidate|boost
|-unboost|p1a: Grimmsnarl|atk|1
|turn|56
|c|☆mucino|?? xd
|
|t:|1759039200
|move|p1a: Grimmsnarl|Taunt|p2a: Landorus
|-start|p2a: Landorus|move: Taunt
|cant|p2a: Landorus|move: Taunt|Swords Dance
|
|upkeep
|turn|57
|inactive|Charle_phate has 120 seconds left.
|
|t:|1759039231
|move|p1a: Grimmsnarl|Reflect|p1a: Grimmsnarl
|-sidestart|p1: mucino|Reflect
|move|p2a: Landorus|Rock Slide|p1a: Grimmsnarl
|-damage|p1a: Grimmsnarl|6/100 par
|
|upkeep
|turn|58
|
|t:|1759039235
|move|p2a: Landorus|Rock Slide|p1a: Grimmsnarl
|-damage|p1a: Grimmsnarl|0 fnt
|faint|p1a: Grimmsnarl
|
|-end|p2a: Landorus|move: Taunt
|upkeep
|
|t:|1759039239
|switch|p1a: Porygon-Z|Porygon-Z|100/100
|turn|59
|inactive|Charle_phate has 120 seconds left.
|c|☆mucino|gg
|
|t:|1759039256
|move|p2a: Landorus|Rock Slide|p1a: Porygon-Z|[miss]
|-miss|p2a: Landorus|p1a: Porygon-Z
|move|p1a: Porygon-Z|Ice Beam|p2a: Landorus
|-supereffective|p2a: Landorus
|-damage|p2a: Landorus|0 fnt
|faint|p2a: Landorus
|
|win|mucino
|raw|mucino's rating: 1347 &rarr; <strong>1369</strong><br />(+22 for winning)
|raw|Charle_phate's rating: 1378 &rarr; <strong>1356</strong><br />(-22 for losing)
|l|☆Charle_phate
|player|p2|
