|j|☆GEEGEE NO REEE
|j|☆len7762
|t:|1759078148
|gametype|singles
|player|p1|GEEGEE NO REEE|lance|1515
|player|p2|len7762|collector|1563
|gen|9
|tier|[Gen 9] OU
|rated|
|rule|HP Percentage Mod: HP is shown in percentages
|rule|Endless Battle Clause: Forcing endless battles is banned
|rule|Species Clause: Limit one of each Pokémon
|rule|OHKO Clause: OHKO moves are banned
|rule|Evasion Items Clause: Evasion items are banned
|rule|Evasion Moves Clause: Evasion moves are banned
|rule|Evasion Abilities Clause: Evasion abilities are banned
|rule|Sleep Moves Clause: Sleep-inducing moves are banned
|clearpoke
|poke|p1|Suicune|
|poke|p1|Dragonite, F|
|poke|p1|Cinderace, F|
|poke|p1|Blaziken, M|
|poke|p1|Zamazenta-*|
|poke|p1|Darkrai|
|poke|p2|Ursaluna, M|
|poke|p2|Rillaboom, F|
|poke|p2|Iron Treads|
|poke|p2|Dragapult, M|
|poke|p2|Kingambit, F|
|poke|p2|Hatterene, F|
|teampreview
|inactive|Battle timer is ON: inactive players will automatically lose when time's up. (requested by GEEGEE NO REEE)
|
|t:|1759078158
|teamsize|p1|6
|teamsize|p2|6
|start
|switch|p1a: Blaziken|Blaziken, M, shiny|100/100
|switch|p2a: Dragapult|Dragapult, M|100/100
|turn|1
|
|t:|1759078162
|move|p2a: Dragapult|U-turn|p1a: Blaziken
|-resisted|p1a: Blaziken
|-damage|p1a: Blaziken|93/100
|
|t:|1759078169
|switch|p2a: Hatterene|Hatterene, F|100/100|[from] U-turn
|move|p1a: Blaziken|Knock Off|p2a: Hatterene
|-damage|p2a: Hatterene|71/100
|-enditem|p2a: Hatterene|Grassy Seed|[from] move: Knock Off|[of] p1a: Blaziken
|
|-ability|p1a: Blaziken|Speed Boost|boost
|-boost|p1a: Blaziken|spe|1
|upkeep
|turn|2
|
|t:|1759078178
|switch|p1a: Suicune|Suicune, shiny|100/100
|-ability|p1a: Suicune|Pressure
|-terastallize|p2a: Hatterene|Water
|move|p2a: Hatterene|Psychic Noise|p1a: Suicune
|-damage|p1a: Suicune|74/100
|-start|p1a: Suicune|move: Heal Block
|
|upkeep
|turn|3
|
|t:|1759078186
|move|p1a: Suicune|Calm Mind|p1a: Suicune
|-boost|p1a: Suicune|spa|1
|-boost|p1a: Suicune|spd|1
|move|p2a: Hatterene|Calm Mind|p2a: Hatterene
|-boost|p2a: Hatterene|spa|1
|-boost|p2a: Hatterene|spd|1
|
|-end|p1a: Suicune|move: Heal Block
|upkeep
|turn|4
|
|t:|1759078194
|move|p1a: Suicune|Scald|p2a: Hatterene
|-resisted|p2a: Hatterene
|-damage|p2a: Hatterene|57/100
|move|p2a: Hatterene|Psychic Noise|p1a: Suicune
|-damage|p1a: Suicune|50/100
|-start|p1a: Suicune|move: Heal Block
|
|upkeep
|turn|5
|
|t:|1759078197
|move|p1a: Suicune|Scald|p2a: Hatterene
|-resisted|p2a: Hatterene
|-damage|p2a: Hatterene|44/100
|move|p2a: Hatterene|Calm Mind|p2a: Hatterene
|-boost|p2a: Hatterene|spa|1
|-boost|p2a: Hatterene|spd|1
|
|-end|p1a: Suicune|move: Heal Block
|upkeep
|turn|6
|
|t:|1759078201
|move|p1a: Suicune|Calm Mind|p1a: Suicune
|-boost|p1a: Suicune|spa|1
|-boost|p1a: Suicune|spd|1
|move|p2a: Hatterene|Draining Kiss|p1a: Suicune
|-damage|p1a: Suicune|33/100
|-heal|p2a: Hatterene|60/100|[from] drain|[of] p1a: Suicune
|
|-heal|p1a: Suicune|39/100|[from] item: Leftovers
|upkeep
|turn|7
|
|t:|1759078203
|move|p1a: Suicune|Scald|p2a: Hatterene
|-resisted|p2a: Hatterene
|-damage|p2a: Hatterene|47/100
|move|p2a: Hatterene|Psychic Noise|p1a: Suicune
|-damage|p1a: Suicune|12/100
|-start|p1a: Suicune|move: Heal Block
|
|upkeep
|turn|8
|j| JD Doggin'
|
|t:|1759078207
|move|p1a: Suicune|Scald|p2a: Hatterene
|-resisted|p2a: Hatterene
|-damage|p2a: Hatterene|34/100
|move|p2a: Hatterene|Draining Kiss|p1a: Suicune
|-damage|p1a: Suicune|0 fnt
|-heal|p2a: Hatterene|45/100|[from] drain|[of] p1a: Suicune
|faint|p1a: Suicune
|
|upkeep
|l| JD Doggin'
|
|t:|1759078214
|switch|p1a: Blaziken|Blaziken, M, shiny|93/100
|turn|9
|
|t:|1759078219
|move|p1a: Blaziken|Close Combat|p2a: Hatterene
|-damage|p2a: Hatterene|0 fnt
|-unboost|p1a: Blaziken|def|1
|-unboost|p1a: Blaziken|spd|1
|faint|p2a: Hatterene
|
|-ability|p1a: Blaziken|Speed Boost|boost
|-boost|p1a: Blaziken|spe|1
|upkeep
|
|t:|1759078226
|switch|p2a: Dragapult|Dragapult, M|100/100
|turn|10
|
|t:|1759078231
|move|p2a: Dragapult|Dragon Darts|p1a: Blaziken
|-damage|p1a: Blaziken|45/100
|-anim|p2a: Dragapult|Dragon Darts|p1a: Blaziken
|-damage|p1a: Blaziken|0 fnt
|faint|p1a: Blaziken
|
|upkeep
|
|t:|1759078242
|switch|p1a: Zamazenta|Zamazenta|100/100
|-ability|p1a: Zamazenta|Dauntless Shield|boost
|-boost|p1a: Zamazenta|def|1
|turn|11
|
|t:|1759078247
|move|p2a: Dragapult|Will-O-Wisp|p1a: Zamazenta
|-status|p1a: Zamazenta|brn
|move|p1a: Zamazenta|Crunch|p2a: Dragapult
|-supereffective|p2a: Dragapult
|-damage|p2a: Dragapult|73/100
|
|-damage|p1a: Zamazenta|94/100 brn|[from] brn
|upkeep
|turn|12
|
|t:|1759078253
|move|p2a: Dragapult|Hex|p1a: Zamazenta
|-damage|p1a: Zamazenta|52/100 brn
|move|p1a: Zamazenta|Crunch|p2a: Dragapult
|-supereffective|p2a: Dragapult
|-damage|p2a: Dragapult|43/100
|-unboost|p2a: Dragapult|def|1
|
|-heal|p1a: Zamazenta|58/100 brn|[from] item: Leftovers
|-damage|p1a: Zamazenta|52/100 brn|[from] brn
|upkeep
|turn|13
|
|t:|1759078259
|move|p2a: Dragapult|U-turn|p1a: Zamazenta
|-resisted|p1a: Zamazenta
|-damage|p1a: Zamazenta|48/100 brn
|
|t:|1759078263
|switch|p2a: Rillaboom|Rillaboom, F|100/100|[from] U-turn
|-fieldstart|move: Grassy Terrain|[from] ability: Grassy Surge|[of] p2a: Rillaboom
|move|p1a: Zamazenta|Crunch|p2a: Rillaboom
|-damage|p2a: Rillaboom|90/100
|-unboost|p2a: Rillaboom|def|1
|
|-heal|p1a: Zamazenta|54/100 brn|[from] Grassy Terrain
|-heal|p1a: Zamazenta|60/100 brn|[from] item: Leftovers
|-heal|p2a: Rillaboom|96/100|[from] Grassy Terrain
|-damage|p1a: Zamazenta|54/100 brn|[from] brn
|upkeep
|turn|14
|
|t:|1759078269
|move|p1a: Zamazenta|Body Press|p2a: Rillaboom
|-damage|p2a: Rillaboom|65/100
|move|p2a: Rillaboom|U-turn|p1a: Zamazenta
|-resisted|p1a: Zamazenta
|-damage|p1a: Zamazenta|46/100 brn
|
|t:|1759078273
|switch|p2a: Dragapult|Dragapult, M|43/100|[from] U-turn
|
|-heal|p2a: Dragapult|49/100|[from] Grassy Terrain
|-heal|p1a: Zamazenta|53/100 brn|[from] Grassy Terrain
|-heal|p1a: Zamazenta|59/100 brn|[from] item: Leftovers
|-damage|p1a: Zamazenta|53/100 brn|[from] brn
|upkeep
|turn|15
|
|t:|1759078275
|move|p2a: Dragapult|Hex|p1a: Zamazenta
|-damage|p1a: Zamazenta|7/100 brn
|move|p1a: Zamazenta|Crunch|p2a: Dragapult
|-supereffective|p2a: Dragapult
|-damage|p2a: Dragapult|18/100
|
|-heal|p2a: Dragapult|24/100|[from] Grassy Terrain
|-heal|p1a: Zamazenta|13/100 brn|[from] Grassy Terrain
|-heal|p1a: Zamazenta|19/100 brn|[from] item: Leftovers
|-damage|p1a: Zamazenta|13/100 brn|[from] brn
|upkeep
|turn|16
|
|t:|1759078281
|move|p2a: Dragapult|Hex|p1a: Zamazenta
|-damage|p1a: Zamazenta|0 fnt
|faint|p1a: Zamazenta
|
|-heal|p2a: Dragapult|30/100|[from] Grassy Terrain
|upkeep
|
|t:|1759078288
|switch|p1a: Darkrai|Darkrai|100/100
|turn|17
|
|t:|1759078294
|move|p2a: Dragapult|U-turn|p1a: Darkrai
|-supereffective|p1a: Darkrai
|-damage|p1a: Darkrai|51/100
|
|t:|1759078307
|switch|p2a: Ursaluna|Ursaluna, M|100/100|[from] U-turn
|move|p1a: Darkrai|Dark Pulse|p2a: Ursaluna
|-damage|p2a: Ursaluna|68/100
|-damage|p1a: Darkrai|41/100|[from] item: Life Orb
|
|-heal|p1a: Darkrai|47/100|[from] Grassy Terrain
|-heal|p2a: Ursaluna|74/100|[from] Grassy Terrain
|-heal|p2a: Ursaluna|80/100|[from] item: Leftovers
|upkeep
|turn|18
|
|t:|1759078316
|switch|p2a: Iron Treads|Iron Treads|100/100
|move|p1a: Darkrai|Dark Pulse|p2a: Iron Treads
|-damage|p2a: Iron Treads|24/100
|-damage|p1a: Darkrai|38/100|[from] item: Life Orb
|
|-heal|p1a: Darkrai|44/100|[from] Grassy Terrain
|-heal|p2a: Iron Treads|30/100|[from] Grassy Terrain
|upkeep
|turn|19
|
|t:|1759078321
|move|p1a: Darkrai|Dark Pulse|p2a: Iron Treads
|-damage|p2a: Iron Treads|0 fnt
|faint|p2a: Iron Treads
|-end|p2a: Iron Treads|Quark Drive|[silent]
|-damage|p1a: Darkrai|34/100|[from] item: Life Orb
|
|-heal|p1a: Darkrai|40/100|[from] Grassy Terrain
|upkeep
|
|t:|1759078323
|switch|p2a: Dragapult|Dragapult, M|30/100
|turn|20
|
|t:|1759078328
|switch|p1a: Cinderace|Cinderace, F|100/100
|move|p2a: Dragapult|U-turn|p1a: Cinderace
|-resisted|p1a: Cinderace
|-damage|p1a: Cinderace|88/100
|
|t:|1759078333
|switch|p2a: Ursaluna|Ursaluna, M|80/100|[from] U-turn
|
|-heal|p1a: Cinderace|94/100|[from] Grassy Terrain
|-heal|p2a: Ursaluna|86/100|[from] Grassy Terrain
|-heal|p2a: Ursaluna|93/100|[from] item: Leftovers
|-fieldend|move: Grassy Terrain
|upkeep
|turn|21
|
|t:|1759078336
|move|p1a: Cinderace|High Jump Kick|p2a: Ursaluna
|-start|p1a: Cinderace|typechange|Fighting|[from] ability: Libero
|-supereffective|p2a: Ursaluna
|-damage|p2a: Ursaluna|1/100
|move|p2a: Ursaluna|Bulk Up|p2a: Ursaluna
|-boost|p2a: Ursaluna|atk|1
|-boost|p2a: Ursaluna|def|1
|
|-heal|p2a: Ursaluna|7/100|[from] item: Leftovers
|upkeep
|turn|22
|
|t:|1759078347
|switch|p2a: Dragapult|Dragapult, M|30/100
|move|p1a: Cinderace|Pyro Ball|p2a: Dragapult
|-resisted|p2a: Dragapult
|-damage|p2a: Dragapult|4/100
|-status|p2a: Dragapult|brn
|
|-damage|p2a: Dragapult|0 fnt|[from] brn
|faint|p2a: Dragapult
|upkeep
|
|t:|1759078352
|switch|p2a: Rillaboom|Rillaboom, F|65/100
|-fieldstart|move: Grassy Terrain|[from] ability: Grassy Surge|[of] p2a: Rillaboom
|turn|23
|
|t:|1759078358
|move|p2a: Rillaboom|Grassy Glide|p1a: Cinderace
|-damage|p1a: Cinderace|40/100
|move|p1a: Cinderace|U-turn|p2a: Rillaboom
|-supereffective|p2a: Rillaboom
|-damage|p2a: Rillaboom|24/100
|
|t:|1759078363
|switch|p1a: Dragonite|Dragonite, F|100/100|[from] U-turn
|
|-heal|p2a: Rillaboom|30/100|[from] Grassy Terrain
|upkeep
|turn|24
|
|t:|1759078365
|move|p1a: Dragonite|Dragon Dance|p1a: Dragonite
|-boost|p1a: Dragonite|atk|1
|-boost|p1a: Dragonite|spe|1
|move|p2a: Rillaboom|U-turn|p1a: Dragonite
|-resisted|p1a: Dragonite
|-damage|p1a: Dragonite|94/100
|
|t:|1759078371
|switch|p2a: Ursaluna|Ursaluna, M|7/100|[from] U-turn
|
|-heal|p2a: Ursaluna|13/100|[from] Grassy Terrain
|-heal|p2a: Ursaluna|20/100|[from] item: Leftovers
|upkeep
|turn|25
|
|t:|1759078378
|move|p1a: Dragonite|Dragon Claw|p2a: Ursaluna
|-crit|p2a: Ursaluna
|-damage|p2a: Ursaluna|0 fnt
|faint|p2a: Ursaluna
|
|upkeep
|
|t:|1759078382
|switch|p2a: Kingambit|Kingambit, F|100/100
|-activate|p2a: Kingambit|ability: Supreme Overlord
|-start|p2a: Kingambit|fallen4|[silent]
|turn|26
|
|t:|1759078390
|move|p1a: Dragonite|Earthquake|p2a: Kingambit
|-supereffective|p2a: Kingambit
|-enditem|p2a: Kingambit|Shuca Berry|[eat]
|-enditem|p2a: Kingambit|Shuca Berry|[weaken]
|-damage|p2a: Kingambit|81/100
|move|p2a: Kingambit|Kowtow Cleave|p1a: Dragonite
|-damage|p1a: Dragonite|15/100
|
|-heal|p2a: Kingambit|87/100|[from] Grassy Terrain
|upkeep
|turn|27
|
|t:|1759078403
|move|p2a: Kingambit|Sucker Punch|p1a: Dragonite
|-damage|p1a: Dragonite|0 fnt
|faint|p1a: Dragonite
|
|-heal|p2a: Kingambit|93/100|[from] Grassy Terrain
|upkeep
|
|t:|1759078405
|switch|p1a: Darkrai|Darkrai|40/100
|turn|28
|
|t:|1759078409
|-terastallize|p1a: Darkrai|Fairy
|move|p2a: Kingambit|Sucker Punch|p1a: Darkrai
|-resisted|p1a: Darkrai
|-damage|p1a: Darkrai|3/100
|move|p1a: Darkrai|Tera Blast|p2a: Kingambit|[anim] Tera Blast Fairy
|-damage|p2a: Kingambit|36/100
|-damage|p1a: Darkrai|0 fnt|[from] item: Life Orb
|faint|p1a: Darkrai
|
|-heal|p2a: Kingambit|42/100|[from] Grassy Terrain
|upkeep
|
|t:|1759078415
|switch|p1a: Cinderace|Cinderace, F|40/100
|turn|29
|
|t:|1759078420
|-end|p2a: Kingambit|fallen4|[silent]
|switch|p2a: Rillaboom|Rillaboom, F|30/100
|move|p1a: Cinderace|High Jump Kick|p2a: Rillaboom
|-start|p1a: Cinderace|typechange|Fighting|[from] ability: Libero
|-damage|p2a: Rillaboom|0 fnt
|faint|p2a: Rillaboom
|
|-heal|p1a: Cinderace|46/100|[from] Grassy Terrain
|upkeep
|
|t:|1759078426
|switch|p2a: Kingambit|Kingambit, F|42/100
|-activate|p2a: Kingambit|ability: Supreme Overlord
|-start|p2a: Kingambit|fallen5|[silent]
|turn|30
|
|t:|1759078429
|move|p2a: Kingambit|Sucker Punch|p1a: Cinderace
|-resisted|p1a: Cinderace
|-damage|p1a: Cinderace|0 fnt
|faint|p1a: Cinderace
|
|win|len7762
|raw|GEEGEE NO REEE's rating: 1515 &rarr; <strong>1498</strong><br />(-17 for losing)
|raw|len7762's rating: 1563 &rarr; <strong>1580</strong><br />(+17 for winning)
|l|☆len7762
|player|p2|
|l|☆GEEGEE NO REEE
|player|p1|
