|j|☆nah just click
|j|☆well by rod
|t:|1758928239
|gametype|singles
|player|p1|nah just click|266|1662
|player|p2|well by rod|170|1702
|gen|9
|tier|[Gen 9] OU
|rated|
|rule|HP Percentage Mod: HP is shown in percentages
|rule|Endless Battle Clause: Forcing endless battles is banned
|rule|Species Clause: Limit one of each Pokémon
|rule|OHKO Clause: OHKO moves are banned
|rule|Evasion Items Clause: Evasion items are banned
|rule|Evasion Moves Clause: Evasion moves are banned
|rule|Evasion Abilities Clause: Evasion abilities are banned
|rule|Sleep Moves Clause: Sleep-inducing moves are banned
|clearpoke
|poke|p1|Gholdengo|
|poke|p1|Landorus-Therian, M|
|poke|p1|Ogerpon-Wellspring, F|
|poke|p1|Great Tusk|
|poke|p1|Iron Moth|
|poke|p1|Primarina, M|
|poke|p2|Kingambit, F|
|poke|p2|Cetitan, M|
|poke|p2|Gardevoir, M|
|poke|p2|Weezing-Galar, F|
|poke|p2|Sylveon, M|
|poke|p2|Dragapult, F|
|teampreview
|inactive|Battle timer is ON: inactive players will automatically lose when time's up. (requested by nah just click)
|
|t:|1758928263
|teamsize|p1|6
|teamsize|p2|6
|start
|switch|p1a: Gholdengo|Gholdengo|100/100
|switch|p2a: Gardevoir|Gardevoir, M, shiny|100/100
|-ability|p2a: Gardevoir|Good as Gold|Trace|[from] ability: Trace|[of] p1a: Gholdengo
|turn|1
|
|t:|1758928271
|move|p2a: Gardevoir|Mystical Fire|p1a: Gholdengo
|-supereffective|p1a: Gholdengo
|-damage|p1a: Gholdengo|48/100
|-unboost|p1a: Gholdengo|spa|1
|move|p1a: Gholdengo|Make It Rain|p2a: Gardevoir
|-supereffective|p2a: Gardevoir
|-damage|p2a: Gardevoir|9/100
|-unboost|p1a: Gholdengo|spa|1
|
|upkeep
|turn|2
|
|t:|1758928282
|move|p2a: Gardevoir|Mystical Fire|p1a: Gholdengo
|-supereffective|p1a: Gholdengo
|-damage|p1a: Gholdengo|0 fnt
|faint|p1a: Gholdengo
|
|upkeep
|j| Just Icicle
|
|t:|1758928288
|switch|p1a: Iron Moth|Iron Moth|100/100
|-enditem|p1a: Iron Moth|Booster Energy
|-activate|p1a: Iron Moth|ability: Quark Drive|[fromitem]
|-start|p1a: Iron Moth|quarkdrivespe
|turn|3
|
|t:|1758928293
|move|p1a: Iron Moth|Fiery Dance|p2a: Gardevoir
|-damage|p2a: Gardevoir|0 fnt
|faint|p2a: Gardevoir
|
|upkeep
|
|t:|1758928295
|switch|p2a: Sylveon|Sylveon, M, shiny|100/100
|turn|4
|
|t:|1758928301
|-terastallize|p2a: Sylveon|Ground
|move|p1a: Iron Moth|Fiery Dance|p2a: Sylveon
|-damage|p2a: Sylveon|80/100
|-boost|p1a: Iron Moth|spa|1
|move|p2a: Sylveon|Tera Blast|p1a: Iron Moth|[anim] Tera Blast Ground
|-supereffective|p1a: Iron Moth
|-damage|p1a: Iron Moth|0 fnt
|faint|p1a: Iron Moth
|-end|p1a: Iron Moth|Quark Drive|[silent]
|
|upkeep
|
|t:|1758928307
|switch|p1a: Ogerpon|Ogerpon-Wellspring, F|100/100
|turn|5
|
|t:|1758928322
|switch|p2a: Weezing|Weezing-Galar, F, shiny|100/100
|move|p1a: Ogerpon|Ivy Cudgel|p2a: Weezing|[anim] Ivy Cudgel Water
|-damage|p2a: Weezing|61/100
|
|-heal|p2a: Weezing|67/100|[from] item: Leftovers
|upkeep
|turn|6
|
|t:|1758928328
|move|p1a: Ogerpon|U-turn|p2a: Weezing
|-resisted|p2a: Weezing
|-damage|p2a: Weezing|62/100
|
|t:|1758928332
|switch|p1a: Primarina|Primarina, M|100/100|[from] U-turn
|move|p2a: Weezing|Will-O-Wisp|p1a: Primarina
|-status|p1a: Primarina|brn
|
|-heal|p2a: Weezing|68/100|[from] item: Leftovers
|-damage|p1a: Primarina|94/100 brn|[from] brn
|upkeep
|turn|7
|j| hacksareus10
|
|t:|1758928344
|switch|p2a: Sylveon|Sylveon, M, shiny, tera:Ground|80/100
|move|p1a: Primarina|Sparkling Aria|p2a: Sylveon
|-supereffective|p2a: Sylveon
|-damage|p2a: Sylveon|6/100
|
|-damage|p1a: Primarina|88/100 brn|[from] brn
|upkeep
|turn|8
|
|t:|1758928350
|move|p2a: Sylveon|Quick Attack|p1a: Primarina
|-damage|p1a: Primarina|74/100 brn
|move|p1a: Primarina|Sparkling Aria|p2a: Sylveon
|-supereffective|p2a: Sylveon
|-damage|p2a: Sylveon|0 fnt
|faint|p2a: Sylveon
|
|-damage|p1a: Primarina|68/100 brn|[from] brn
|upkeep
|inactive|well by rod has 120 seconds left.
|
|t:|1758928397
|switch|p2a: Cetitan|Cetitan, M, shiny|100/100
|turn|9
|
|t:|1758928400
|move|p2a: Cetitan|Icicle Crash|p1a: Primarina
|-resisted|p1a: Primarina
|-damage|p1a: Primarina|22/100 brn
|move|p1a: Primarina|Sparkling Aria|p2a: Cetitan
|-damage|p2a: Cetitan|0 fnt
|faint|p2a: Cetitan
|
|-damage|p1a: Primarina|16/100 brn|[from] brn
|upkeep
|
|t:|1758928406
|switch|p2a: Dragapult|Dragapult, F, shiny|100/100
|turn|10
|
|t:|1758928410
|move|p2a: Dragapult|U-turn|p1a: Primarina
|-resisted|p1a: Primarina
|-damage|p1a: Primarina|0 fnt
|faint|p1a: Primarina
|
|t:|1758928413
|switch|p2a: Weezing|Weezing-Galar, F, shiny|68/100|[from] U-turn
|
|-heal|p2a: Weezing|74/100|[from] item: Leftovers
|upkeep
|
|t:|1758928428
|switch|p1a: Great Tusk|Great Tusk|100/100
|turn|11
|
|t:|1758928434
|move|p1a: Great Tusk|Head Smash|p2a: Weezing|[miss]
|-miss|p1a: Great Tusk|p2a: Weezing
|move|p2a: Weezing|Will-O-Wisp|p1a: Great Tusk
|-status|p1a: Great Tusk|brn
|
|-heal|p2a: Weezing|80/100|[from] item: Leftovers
|-damage|p1a: Great Tusk|94/100 brn|[from] brn
|upkeep
|turn|12
|
|t:|1758928441
|switch|p2a: Kingambit|Kingambit, F, shiny|100/100
|-activate|p2a: Kingambit|ability: Supreme Overlord
|-start|p2a: Kingambit|fallen3|[silent]
|move|p1a: Great Tusk|Head Smash|p2a: Kingambit|[miss]
|-miss|p1a: Great Tusk|p2a: Kingambit
|
|-damage|p1a: Great Tusk|88/100 brn|[from] brn
|upkeep
|turn|13
|
|t:|1758928446
|-end|p1a: Great Tusk|Protosynthesis|[silent]
|switch|p1a: Landorus|Landorus-Therian, M|100/100
|-ability|p1a: Landorus|Intimidate|boost
|-unboost|p2a: Kingambit|atk|1
|-end|p2a: Kingambit|fallen3|[silent]
|switch|p2a: Weezing|Weezing-Galar, F, shiny|80/100
|
|-heal|p2a: Weezing|86/100|[from] item: Leftovers
|upkeep
|turn|14
|
|t:|1758928454
|move|p1a: Landorus|U-turn|p2a: Weezing
|-resisted|p2a: Weezing
|-damage|p2a: Weezing|82/100
|
|t:|1758928455
|switch|p1a: Great Tusk|Great Tusk|88/100 brn|[from] U-turn
|move|p2a: Weezing|Strange Steam|p1a: Great Tusk
|-supereffective|p1a: Great Tusk
|-damage|p1a: Great Tusk|13/100 brn
|-start|p1a: Great Tusk|confusion
|
|-heal|p2a: Weezing|88/100|[from] item: Leftovers
|-damage|p1a: Great Tusk|7/100 brn|[from] brn
|upkeep
|turn|15
|
|t:|1758928465
|switch|p2a: Kingambit|Kingambit, F, shiny|100/100
|-activate|p2a: Kingambit|ability: Supreme Overlord
|-start|p2a: Kingambit|fallen3|[silent]
|-activate|p1a: Great Tusk|confusion
|-damage|p1a: Great Tusk|0 fnt|[from] confusion
|faint|p1a: Great Tusk
|-end|p1a: Great Tusk|Protosynthesis|[silent]
|
|upkeep
|
|t:|1758928470
|switch|p1a: Landorus|Landorus-Therian, M|100/100
|-ability|p1a: Landorus|Intimidate|boost
|-unboost|p2a: Kingambit|atk|1
|turn|16
|
|t:|1758928473
|-end|p2a: Kingambit|fallen3|[silent]
|switch|p2a: Weezing|Weezing-Galar, F, shiny|88/100
|move|p1a: Landorus|Earthquake|p2a: Weezing
|-immune|p2a: Weezing|[from] ability: Levitate
|
|-heal|p2a: Weezing|94/100|[from] item: Leftovers
|upkeep
|turn|17
|
|t:|1758928477
|switch|p1a: Ogerpon|Ogerpon-Wellspring, F|100/100
|move|p2a: Weezing|Will-O-Wisp|p1a: Ogerpon
|-status|p1a: Ogerpon|brn
|
|-heal|p2a: Weezing|99/100|[from] item: Leftovers
|-damage|p1a: Ogerpon|95/100 brn|[from] brn
|upkeep
|turn|18
|
|t:|1758928485
|switch|p2a: Kingambit|Kingambit, F, shiny|100/100
|-activate|p2a: Kingambit|ability: Supreme Overlord
|-start|p2a: Kingambit|fallen3|[silent]
|move|p1a: Ogerpon|Encore||[still]
|-fail|p1a: Ogerpon
|
|-damage|p1a: Ogerpon|89/100 brn|[from] brn
|upkeep
|turn|19
|
|t:|1758928490
|move|p1a: Ogerpon|Knock Off|p2a: Kingambit
|-resisted|p2a: Kingambit
|-damage|p2a: Kingambit|92/100
|-enditem|p2a: Kingambit|Black Glasses|[from] move: Knock Off|[of] p1a: Ogerpon
|move|p2a: Kingambit|Kowtow Cleave|p1a: Ogerpon
|-crit|p1a: Ogerpon
|-damage|p1a: Ogerpon|0 fnt
|faint|p1a: Ogerpon
|
|upkeep
|
|t:|1758928497
|switch|p1a: Landorus|Landorus-Therian, M|100/100
|-ability|p1a: Landorus|Intimidate|boost
|-unboost|p2a: Kingambit|atk|1
|turn|20
|-message|nah just click forfeited.
|
|win|well by rod
|raw|nah just click's rating: 1662 &rarr; <strong>1644</strong><br />(-18 for losing)
|raw|well by rod's rating: 1702 &rarr; <strong>1720</strong><br />(+18 for winning)
|l|☆nah just click
|player|p1|
|l| Just Icicle
|l|☆well by rod
|player|p2|
