|j|☆LX1987
|j|☆ggzbroski
|t:|1759050114
|gametype|singles
|player|p1|LX1987|169|1301
|player|p2|ggzbroski|265|1212
|gen|9
|tier|[Gen 9] OU
|rated|
|rule|HP Percentage Mod: HP is shown in percentages
|rule|Endless Battle Clause: Forcing endless battles is banned
|rule|Species Clause: Limit one of each Pokémon
|rule|OHKO Clause: OHKO moves are banned
|rule|Evasion Items Clause: Evasion items are banned
|rule|Evasion Moves Clause: Evasion moves are banned
|rule|Evasion Abilities Clause: Evasion abilities are banned
|rule|Sleep Moves Clause: Sleep-inducing moves are banned
|clearpoke
|poke|p1|Dragapult, M|
|poke|p1|Empoleon, M|
|poke|p1|Chesnaught, F|
|poke|p1|Entei|
|poke|p1|Ditto|
|poke|p1|Weezing-Galar, M|
|poke|p2|Darkrai|
|poke|p2|Raging Bolt|
|poke|p2|Corviknight, F|
|poke|p2|Gyarados, F|
|poke|p2|Dragapult, M|
|poke|p2|Garchomp, F|
|teampreview
|
|t:|1759050119
|teamsize|p1|6
|teamsize|p2|6
|start
|switch|p1a: Dragapult|Dragapult, M|100/100
|switch|p2a: Garchomp|Garchomp, F|100/100
|turn|1
|
|t:|1759050129
|-terastallize|p2a: Garchomp|Dragon
|move|p1a: Dragapult|Dragon Darts|p2a: Garchomp
|-supereffective|p2a: Garchomp
|-damage|p2a: Garchomp|59/100
|-anim|p1a: Dragapult|Dragon Darts|p2a: Garchomp
|-supereffective|p2a: Garchomp
|-damage|p2a: Garchomp|20/100
|move|p2a: Garchomp|Dragon Tail|p1a: Dragapult
|-supereffective|p1a: Dragapult
|-damage|p1a: Dragapult|0 fnt
|faint|p1a: Dragapult
|
|upkeep
|
|t:|1759050143
|switch|p1a: Weezing|Weezing-Galar, M|100/100
|turn|2
|
|t:|1759050148
|move|p2a: Garchomp|Iron Head|p1a: Weezing
|-supereffective|p1a: Weezing
|-crit|p1a: Weezing
|-damage|p1a: Weezing|33/100
|cant|p1a: Weezing|flinch
|
|-heal|p1a: Weezing|39/100|[from] item: Black Sludge
|upkeep
|turn|3
|inactive|Battle timer is ON: inactive players will automatically lose when time's up. (requested by LX1987)
|
|t:|1759050157
|switch|p1a: Chesnaught|Chesnaught, F|100/100
|move|p2a: Garchomp|Iron Head|p1a: Chesnaught
|-crit|p1a: Chesnaught
|-damage|p1a: Chesnaught|73/100
|-damage|p2a: Garchomp|3/100|[from] item: Rocky Helmet|[of] p1a: Chesnaught
|
|upkeep
|turn|4
|
|t:|1759050167
|move|p2a: Garchomp|Earthquake|p1a: Chesnaught
|-resisted|p1a: Chesnaught
|-damage|p1a: Chesnaught|56/100
|move|p1a: Chesnaught|Knock Off|p2a: Garchomp
|-damage|p2a: Garchomp|0 fnt
|-damage|p1a: Chesnaught|43/100|[from] ability: Rough Skin|[of] p2a: Garchomp
|-enditem|p2a: Garchomp|Assault Vest|[from] move: Knock Off|[of] p1a: Chesnaught
|faint|p2a: Garchomp
|
|upkeep
|
|t:|1759050175
|switch|p2a: Gyarados|Gyarados, F|100/100
|turn|5
|
|t:|1759050183
|move|p2a: Gyarados|Ice Fang|p1a: Chesnaught
|-supereffective|p1a: Chesnaught
|-damage|p1a: Chesnaught|11/100
|-damage|p2a: Gyarados|84/100|[from] item: Rocky Helmet|[of] p1a: Chesnaught
|move|p1a: Chesnaught|Leech Seed|p2a: Gyarados
|-start|p2a: Gyarados|move: Leech Seed
|
|-damage|p2a: Gyarados|71/100|[from] Leech Seed|[of] p1a: Chesnaught
|-heal|p1a: Chesnaught|23/100|[silent]
|upkeep
|turn|6
|
|t:|1759050193
|switch|p1a: Weezing|Weezing-Galar, M|39/100
|move|p2a: Gyarados|Ice Fang|p1a: Weezing
|-damage|p1a: Weezing|22/100
|
|-heal|p1a: Weezing|28/100|[from] item: Black Sludge
|-damage|p2a: Gyarados|59/100|[from] Leech Seed|[of] p1a: Weezing
|-heal|p1a: Weezing|41/100|[silent]
|upkeep
|turn|7
|
|t:|1759050203
|move|p2a: Gyarados|Dragon Dance|p2a: Gyarados
|-boost|p2a: Gyarados|atk|1
|-boost|p2a: Gyarados|spe|1
|move|p1a: Weezing|Will-O-Wisp|p2a: Gyarados
|-status|p2a: Gyarados|brn
|
|-heal|p1a: Weezing|47/100|[from] item: Black Sludge
|-damage|p2a: Gyarados|47/100 brn|[from] Leech Seed|[of] p1a: Weezing
|-heal|p1a: Weezing|59/100|[silent]
|-damage|p2a: Gyarados|41/100 brn|[from] brn
|upkeep
|turn|8
|
|t:|1759050216
|switch|p1a: Chesnaught|Chesnaught, F|23/100
|move|p2a: Gyarados|Dragon Dance|p2a: Gyarados
|-boost|p2a: Gyarados|atk|1
|-boost|p2a: Gyarados|spe|1
|
|-damage|p2a: Gyarados|28/100 brn|[from] Leech Seed|[of] p1a: Chesnaught
|-heal|p1a: Chesnaught|35/100|[silent]
|-damage|p2a: Gyarados|22/100 brn|[from] brn
|upkeep
|turn|9
|
|t:|1759050226
|move|p2a: Gyarados|Waterfall|p1a: Chesnaught
|-resisted|p1a: Chesnaught
|-damage|p1a: Chesnaught|22/100
|-damage|p2a: Gyarados|6/100 brn|[from] item: Rocky Helmet|[of] p1a: Chesnaught
|move|p1a: Chesnaught|Knock Off|p2a: Gyarados
|-damage|p2a: Gyarados|0 fnt
|-enditem|p2a: Gyarados|Heavy-Duty Boots|[from] move: Knock Off|[of] p1a: Chesnaught
|faint|p2a: Gyarados
|
|upkeep
|
|t:|1759050235
|switch|p2a: Darkrai|Darkrai|100/100
|-item|p2a: Darkrai|Air Balloon
|turn|10
|
|t:|1759050241
|switch|p1a: Empoleon|Empoleon, M|100/100
|move|p2a: Darkrai|Ice Beam|p1a: Empoleon
|-resisted|p1a: Empoleon
|-damage|p1a: Empoleon|96/100
|
|upkeep
|turn|11
|
|t:|1759050250
|move|p2a: Darkrai|Charge Beam|p1a: Empoleon
|-supereffective|p1a: Empoleon
|-damage|p1a: Empoleon|74/100
|-boost|p2a: Darkrai|spa|1
|move|p1a: Empoleon|Ice Beam|p2a: Darkrai
|-damage|p2a: Darkrai|62/100
|-enditem|p2a: Darkrai|Air Balloon
|
|upkeep
|turn|12
|
|t:|1759050259
|move|p2a: Darkrai|Charge Beam|p1a: Empoleon
|-supereffective|p1a: Empoleon
|-damage|p1a: Empoleon|46/100
|move|p1a: Empoleon|Surf|p2a: Darkrai
|-damage|p2a: Darkrai|3/100
|
|upkeep
|turn|13
|
|t:|1759050266
|move|p1a: Empoleon|Vacuum Wave|p2a: Darkrai
|-supereffective|p2a: Darkrai
|-damage|p2a: Darkrai|0 fnt
|faint|p2a: Darkrai
|
|upkeep
|
|t:|1759050270
|switch|p2a: Dragapult|Dragapult, M|100/100
|turn|14
|
|t:|1759050276
|move|p2a: Dragapult|Shadow Ball|p1a: Empoleon
|-damage|p1a: Empoleon|21/100
|-damage|p2a: Dragapult|91/100|[from] item: Life Orb
|move|p1a: Empoleon|Ice Beam|p2a: Dragapult
|-supereffective|p2a: Dragapult
|-damage|p2a: Dragapult|16/100
|
|upkeep
|turn|15
|
|t:|1759050284
|move|p2a: Dragapult|Shadow Ball|p1a: Empoleon
|-damage|p1a: Empoleon|0 fnt
|faint|p1a: Empoleon
|-damage|p2a: Dragapult|6/100|[from] item: Life Orb
|
|upkeep
|
|t:|1759050292
|switch|p1a: Weezing|Weezing-Galar, M|59/100
|turn|16
|
|t:|1759050296
|switch|p1a: Chesnaught|Chesnaught, F|22/100
|move|p2a: Dragapult|Draco Meteor|p1a: Chesnaught
|-damage|p1a: Chesnaught|0 fnt
|-unboost|p2a: Dragapult|spa|2
|faint|p1a: Chesnaught
|-damage|p2a: Dragapult|0 fnt|[from] item: Life Orb
|faint|p2a: Dragapult
|
|upkeep
|
|t:|1759050309
|switch|p2a: Corviknight|Corviknight, F|100/100
|switch|p1a: Entei|Entei|100/100
|-ability|p1a: Entei|Pressure
|turn|17
|
|t:|1759050318
|move|p1a: Entei|Swagger|p2a: Corviknight
|-boost|p2a: Corviknight|atk|2
|-start|p2a: Corviknight|confusion
|-enditem|p1a: Entei|Mirror Herb
|-boost|p1a: Entei|atk|2|[from] item: Mirror Herb
|-activate|p2a: Corviknight|confusion
|-damage|p2a: Corviknight|81/100|[from] confusion
|
|upkeep
|turn|18
|
|t:|1759050327
|move|p1a: Entei|Sacred Fire|p2a: Corviknight
|-supereffective|p2a: Corviknight
|-damage|p2a: Corviknight|0 fnt
|faint|p2a: Corviknight
|
|upkeep
|
|t:|1759050329
|switch|p2a: Raging Bolt|Raging Bolt|100/100
|-enditem|p2a: Raging Bolt|Booster Energy
|-activate|p2a: Raging Bolt|ability: Protosynthesis|[fromitem]
|-start|p2a: Raging Bolt|protosynthesisspa
|turn|19
|
|t:|1759050338
|-terastallize|p1a: Entei|Normal
|move|p1a: Entei|Extreme Speed|p2a: Raging Bolt
|-damage|p2a: Raging Bolt|41/100
|move|p2a: Raging Bolt|Discharge|p1a: Entei
|-damage|p1a: Entei|36/100
|
|upkeep
|turn|20
|-message|ggzbroski forfeited.
|
|win|LX1987
|raw|LX1987's rating: 1301 &rarr; <strong>1316</strong><br />(+15 for winning)
|raw|ggzbroski's rating: 1212 &rarr; <strong>1193</strong><br />(-19 for losing)
|l|☆ggzbroski
|player|p2|
|l|☆LX1987
|player|p1|
|j|☆LX1987
|player|p1|LX1987|169|
|l|☆LX1987
|player|p1|
