|j|☆BomBomOU
|j|☆jrg123
|t:|1758934459
|gametype|singles
|player|p1|BomBomOU|170|1450
|player|p2|jrg123|170|1420
|gen|9
|tier|[Gen 9] OU
|rated|
|rule|HP Percentage Mod: HP is shown in percentages
|rule|Endless Battle Clause: Forcing endless battles is banned
|rule|Species Clause: Limit one of each Pokémon
|rule|OHKO Clause: OHKO moves are banned
|rule|Evasion Items Clause: Evasion items are banned
|rule|Evasion Moves Clause: Evasion moves are banned
|rule|Evasion Abilities Clause: Evasion abilities are banned
|rule|Sleep Moves Clause: Sleep-inducing moves are banned
|clearpoke
|poke|p1|Pawmot, F|
|poke|p1|Sinistcha|
|poke|p1|Iron Crown|
|poke|p1|Scream Tail|
|poke|p1|Zamazenta-*|
|poke|p1|Samurott-Hisui, M|
|poke|p2|Kyurem|
|poke|p2|Corviknight, F|
|poke|p2|Ting-Lu|
|poke|p2|Dondozo, M|
|poke|p2|Slowking-Galar, L99, F|
|poke|p2|Cinderace, F|
|teampreview
|inactive|Battle timer is ON: inactive players will automatically lose when time's up. (requested by jrg123)
|
|t:|1758934481
|teamsize|p1|6
|teamsize|p2|6
|start
|switch|p1a: Scream Tail|Scream Tail|100/100
|switch|p2a: Cinderace|Cinderace, F|100/100
|turn|1
|
|t:|1758934491
|move|p2a: Cinderace|Will-O-Wisp|p1a: Scream Tail
|-status|p1a: Scream Tail|brn
|move|p1a: Scream Tail|Thunder Wave|p2a: Cinderace
|-status|p2a: Cinderace|par
|
|-damage|p1a: Scream Tail|94/100 brn|[from] brn
|upkeep
|turn|2
|
|t:|1758934507
|move|p1a: Scream Tail|Stealth Rock|p2a: Cinderace
|-sidestart|p2: jrg123|move: Stealth Rock
|cant|p2a: Cinderace|par
|
|-damage|p1a: Scream Tail|88/100 brn|[from] brn
|upkeep
|turn|3
|
|t:|1758934517
|move|p1a: Scream Tail|Dazzling Gleam|p2a: Cinderace
|-resisted|p2a: Cinderace
|-damage|p2a: Cinderace|89/100 par
|cant|p2a: Cinderace|par
|
|-damage|p1a: Scream Tail|82/100 brn|[from] brn
|upkeep
|turn|4
|
|t:|1758934522
|move|p1a: Scream Tail|Encore|p2a: Cinderace
|-start|p2a: Cinderace|Encore
|move|p2a: Cinderace|Will-O-Wisp|p1a: Scream Tail
|-fail|p1a: Scream Tail|brn
|
|-damage|p1a: Scream Tail|76/100 brn|[from] brn
|upkeep
|turn|5
|
|t:|1758934529
|-end|p1a: Scream Tail|Protosynthesis|[silent]
|switch|p1a: Samurott|Samurott-Hisui, M|100/100
|switch|p2a: Slowking|Slowking-Galar, L99, F|100/100
|
|upkeep
|turn|6
|
|t:|1758934533
|switch|p2a: Corviknight|Corviknight, F|100/100
|-damage|p2a: Corviknight|88/100|[from] Stealth Rock
|-ability|p2a: Corviknight|Pressure
|move|p1a: Samurott|Knock Off|p2a: Corviknight
|-damage|p2a: Corviknight|63/100
|-damage|p1a: Samurott|84/100|[from] item: Rocky Helmet|[of] p2a: Corviknight
|-enditem|p2a: Corviknight|Rocky Helmet|[from] move: Knock Off|[of] p1a: Samurott
|
|upkeep
|turn|7
|
|t:|1758934553
|move|p1a: Samurott|Razor Shell|p2a: Corviknight
|-damage|p2a: Corviknight|35/100
|move|p2a: Corviknight|Defog|p1a: Samurott
|-unboost|p1a: Samurott|evasion|1
|-sideend|p2: jrg123|Stealth Rock|[from] move: Defog|[of] p2a: Corviknight
|
|upkeep
|turn|8
|
|t:|1758934562
|move|p1a: Samurott|Razor Shell|p2a: Corviknight
|-damage|p2a: Corviknight|3/100
|-unboost|p2a: Corviknight|def|1
|move|p2a: Corviknight|Roost|p2a: Corviknight
|-heal|p2a: Corviknight|53/100
|-singleturn|p2a: Corviknight|move: Roost
|
|upkeep
|turn|9
|
|t:|1758934569
|switch|p2a: Dondozo|Dondozo, M|100/100
|move|p1a: Samurott|Ceaseless Edge|p2a: Dondozo
|-damage|p2a: Dondozo|82/100
|-sidestart|p2: jrg123|Spikes
|
|-heal|p2a: Dondozo|88/100|[from] item: Leftovers
|upkeep
|turn|10
|
|t:|1758934580
|move|p1a: Samurott|Knock Off|p2a: Dondozo
|-damage|p2a: Dondozo|67/100
|-enditem|p2a: Dondozo|Leftovers|[from] move: Knock Off|[of] p1a: Samurott
|move|p2a: Dondozo|Curse|p2a: Dondozo
|-unboost|p2a: Dondozo|spe|1
|-boost|p2a: Dondozo|atk|1
|-boost|p2a: Dondozo|def|1
|
|upkeep
|turn|11
|
|t:|1758934588
|switch|p1a: Sinistcha|Sinistcha|100/100
|move|p2a: Dondozo|Body Press|p1a: Sinistcha
|-immune|p1a: Sinistcha
|
|upkeep
|turn|12
|
|t:|1758934595
|switch|p2a: Cinderace|Cinderace, F|89/100 par
|move|p1a: Sinistcha|Stun Spore|p2a: Cinderace
|-fail|p2a: Cinderace|par
|
|upkeep
|turn|13
|inactive|jrg123 has 120 seconds left.
|
|t:|1758934646
|move|p2a: Cinderace|Pyro Ball|p1a: Sinistcha
|-supereffective|p1a: Sinistcha
|-damage|p1a: Sinistcha|65/100
|move|p1a: Sinistcha|Hex|p2a: Cinderace
|-damage|p2a: Cinderace|27/100 par
|
|-heal|p1a: Sinistcha|71/100|[from] item: Leftovers
|upkeep
|turn|14
|
|t:|1758934655
|move|p2a: Cinderace|Will-O-Wisp|p1a: Sinistcha
|-status|p1a: Sinistcha|brn
|move|p1a: Sinistcha|Strength Sap|p2a: Cinderace
|-unboost|p2a: Cinderace|atk|1
|-heal|p1a: Sinistcha|100/100 brn
|
|-damage|p1a: Sinistcha|98/100 brn|[from] brn
|upkeep
|turn|15
|
|t:|1758934661
|move|p2a: Cinderace|Court Change|p2a: Cinderace
|-swapsideconditions
|-activate|p2a: Cinderace|move: Court Change
|move|p1a: Sinistcha|Hex|p2a: Cinderace
|-damage|p2a: Cinderace|0 fnt
|faint|p2a: Cinderace
|
|-heal|p1a: Sinistcha|100/100 brn|[from] item: Leftovers
|-damage|p1a: Sinistcha|98/100 brn|[from] brn
|upkeep
|
|t:|1758934673
|switch|p2a: Kyurem|Kyurem|100/100
|-ability|p2a: Kyurem|Pressure
|turn|16
|
|t:|1758934677
|switch|p1a: Scream Tail|Scream Tail|76/100 brn
|move|p2a: Kyurem|Substitute|p2a: Kyurem
|-start|p2a: Kyurem|Substitute
|-damage|p2a: Kyurem|75/100
|
|-heal|p2a: Kyurem|82/100|[from] item: Leftovers
|-damage|p1a: Scream Tail|69/100 brn|[from] brn
|upkeep
|turn|17
|inactive|jrg123 has 120 seconds left.
|
|t:|1758934686
|move|p1a: Scream Tail|Encore|p2a: Kyurem
|-start|p2a: Kyurem|Encore
|move|p2a: Kyurem|Substitute|p2a: Kyurem
|-fail|p2a: Kyurem|move: Substitute
|
|-heal|p2a: Kyurem|88/100|[from] item: Leftovers
|-damage|p1a: Scream Tail|63/100 brn|[from] brn
|upkeep
|turn|18
|
|t:|1758934694
|switch|p2a: Slowking|Slowking-Galar, L99, F|100/100
|move|p1a: Scream Tail|Stealth Rock|p2a: Slowking
|-sidestart|p2: jrg123|move: Stealth Rock
|
|-damage|p1a: Scream Tail|57/100 brn|[from] brn
|upkeep
|turn|19
|
|t:|1758934707
|move|p1a: Scream Tail|Thunder Wave|p2a: Slowking|[miss]
|-miss|p1a: Scream Tail|p2a: Slowking
|-prepare|p2a: Slowking|Chilly Reception|[premajor]
|move|p2a: Slowking|Chilly Reception|p2a: Slowking
|-weather|Snowscape
|
|t:|1758934717
|switch|p2a: Corviknight|Corviknight, F|53/100|[from] Chilly Reception
|-damage|p2a: Corviknight|40/100|[from] Stealth Rock
|-ability|p2a: Corviknight|Pressure
|
|-weather|Snowscape|[upkeep]
|-damage|p1a: Scream Tail|51/100 brn|[from] brn
|upkeep
|turn|20
|
|t:|1758934720
|move|p1a: Scream Tail|Thunder Wave|p2a: Corviknight
|-status|p2a: Corviknight|par
|move|p2a: Corviknight|Roost|p2a: Corviknight
|-heal|p2a: Corviknight|90/100 par
|-singleturn|p2a: Corviknight|move: Roost
|
|-weather|Snowscape|[upkeep]
|-damage|p1a: Scream Tail|45/100 brn|[from] brn
|upkeep
|turn|21
|inactive|BomBomOU has 120 seconds left.
|
|t:|1758934765
|switch|p2a: Slowking|Slowking-Galar, L99, F|100/100
|move|p1a: Scream Tail|Encore||[still]
|-fail|p1a: Scream Tail
|
|-weather|Snowscape|[upkeep]
|-damage|p1a: Scream Tail|38/100 brn|[from] brn
|upkeep
|turn|22
|
|t:|1758934780
|move|p1a: Scream Tail|Thunder Wave|p2a: Slowking
|-status|p2a: Slowking|par
|move|p2a: Slowking|Sludge Bomb|p1a: Scream Tail
|-supereffective|p1a: Scream Tail
|-damage|p1a: Scream Tail|0 fnt
|faint|p1a: Scream Tail
|-end|p1a: Scream Tail|Protosynthesis|[silent]
|
|-weather|Snowscape|[upkeep]
|upkeep
|
|t:|1758934785
|switch|p1a: Samurott|Samurott-Hisui, M|84/100
|turn|23
|
|t:|1758934791
|switch|p2a: Dondozo|Dondozo, M|67/100
|-damage|p2a: Dondozo|54/100|[from] Stealth Rock
|move|p1a: Samurott|Ceaseless Edge|p2a: Dondozo
|-damage|p2a: Dondozo|33/100
|-sidestart|p2: jrg123|Spikes
|
|-weather|none
|upkeep
|turn|24
|inactive|BomBomOU has 120 seconds left.
|
|t:|1758934816
|switch|p1a: Sinistcha|Sinistcha|98/100 brn
|-damage|p1a: Sinistcha|85/100 brn|[from] Spikes
|move|p2a: Dondozo|Curse|p2a: Dondozo
|-unboost|p2a: Dondozo|spe|1
|-boost|p2a: Dondozo|atk|1
|-boost|p2a: Dondozo|def|1
|
|-heal|p1a: Sinistcha|91/100 brn|[from] item: Leftovers
|-damage|p1a: Sinistcha|88/100 brn|[from] brn
|upkeep
|turn|25
|
|t:|1758934825
|move|p1a: Sinistcha|Matcha Gotcha|p2a: Dondozo
|-supereffective|p2a: Dondozo
|-damage|p2a: Dondozo|0 fnt
|-heal|p1a: Sinistcha|100/100 brn|[from] drain|[of] p2a: Dondozo
|faint|p2a: Dondozo
|
|-damage|p1a: Sinistcha|98/100 brn|[from] brn
|upkeep
|
|t:|1758934831
|switch|p2a: Kyurem|Kyurem|88/100
|-damage|p2a: Kyurem|63/100|[from] Stealth Rock
|-damage|p2a: Kyurem|50/100|[from] Spikes
|-ability|p2a: Kyurem|Pressure
|turn|26
|
|t:|1758934835
|switch|p1a: Iron Crown|Iron Crown|100/100
|-damage|p1a: Iron Crown|88/100|[from] Spikes
|move|p2a: Kyurem|Substitute|p2a: Kyurem
|-start|p2a: Kyurem|Substitute
|-damage|p2a: Kyurem|25/100
|
|-heal|p2a: Kyurem|32/100|[from] item: Leftovers
|upkeep
|turn|27
|
|t:|1758934842
|move|p2a: Kyurem|Protect|p2a: Kyurem
|-singleturn|p2a: Kyurem|Protect
|move|p1a: Iron Crown|Tachyon Cutter|p2a: Kyurem
|-activate|p2a: Kyurem|move: Protect
|
|-heal|p2a: Kyurem|38/100|[from] item: Leftovers
|upkeep
|turn|28
|
|t:|1758934852
|-terastallize|p2a: Kyurem|Ground
|move|p1a: Iron Crown|Tachyon Cutter|p2a: Kyurem
|-activate|p2a: Kyurem|move: Substitute|[damage]
|-end|p2a: Kyurem|Substitute
|-hitcount|p2a: Kyurem|2
|move|p2a: Kyurem|Earth Power|p1a: Iron Crown
|-supereffective|p1a: Iron Crown
|-damage|p1a: Iron Crown|29/100
|
|-heal|p2a: Kyurem|44/100|[from] item: Leftovers
|upkeep
|turn|29
|
|t:|1758934863
|move|p2a: Kyurem|Protect|p2a: Kyurem
|-singleturn|p2a: Kyurem|Protect
|move|p1a: Iron Crown|Tachyon Cutter|p2a: Kyurem
|-activate|p2a: Kyurem|move: Protect
|
|-heal|p2a: Kyurem|50/100|[from] item: Leftovers
|upkeep
|turn|30
|
|t:|1758934870
|move|p1a: Iron Crown|Psychic Noise|p2a: Kyurem
|-damage|p2a: Kyurem|18/100
|-start|p2a: Kyurem|move: Heal Block
|move|p2a: Kyurem|Earth Power|p1a: Iron Crown
|-supereffective|p1a: Iron Crown
|-damage|p1a: Iron Crown|0 fnt
|faint|p1a: Iron Crown
|-end|p1a: Iron Crown|Quark Drive|[silent]
|
|upkeep
|
|t:|1758934897
|switch|p1a: Pawmot|Pawmot, F|100/100
|-damage|p1a: Pawmot|88/100|[from] Spikes
|turn|31
|inactive|jrg123 has 120 seconds left.
|inactive|jrg123 has 90 seconds left.
|
|t:|1758934970
|move|p2a: Kyurem|Protect|p2a: Kyurem
|-singleturn|p2a: Kyurem|Protect
|move|p1a: Pawmot|Close Combat|p2a: Kyurem
|-activate|p2a: Kyurem|move: Protect
|
|-end|p2a: Kyurem|move: Heal Block
|upkeep
|turn|32
|
|t:|1758934992
|move|p1a: Pawmot|Close Combat|p2a: Kyurem
|-damage|p2a: Kyurem|0 fnt
|-unboost|p1a: Pawmot|def|1
|-unboost|p1a: Pawmot|spd|1
|faint|p2a: Kyurem
|-damage|p1a: Pawmot|78/100|[from] item: Life Orb
|
|upkeep
|
|t:|1758934999
|switch|p2a: Slowking|Slowking-Galar, L99, F|100/100 par
|turn|33
|inactive|BomBomOU has 120 seconds left.
|
|t:|1758935020
|switch|p1a: Samurott|Samurott-Hisui, M|84/100
|move|p2a: Slowking|Sludge Bomb|p1a: Samurott
|-damage|p1a: Samurott|36/100
|
|upkeep
|turn|34
|inactive|jrg123 has 90 seconds left.
|
|t:|1758935037
|switch|p2a: Corviknight|Corviknight, F|90/100 par
|-damage|p2a: Corviknight|78/100 par|[from] Stealth Rock
|-ability|p2a: Corviknight|Pressure
|move|p1a: Samurott|Ceaseless Edge|p2a: Corviknight
|-damage|p2a: Corviknight|52/100 par
|-sidestart|p2: jrg123|Spikes
|
|upkeep
|turn|35
|inactive|jrg123 has 90 seconds left.
|inactive|BomBomOU has 120 seconds left.
|inactive|BomBomOU has 90 seconds left.
|
|t:|1758935090
|switch|p1a: Sinistcha|Sinistcha|98/100 brn
|-damage|p1a: Sinistcha|85/100 brn|[from] Spikes
|move|p2a: Corviknight|Brave Bird|p1a: Sinistcha
|-supereffective|p1a: Sinistcha
|-damage|p1a: Sinistcha|34/100 brn
|-damage|p2a: Corviknight|37/100 par|[from] Recoil
|
|-heal|p1a: Sinistcha|40/100 brn|[from] item: Leftovers
|-damage|p1a: Sinistcha|37/100 brn|[from] brn
|upkeep
|turn|36
|inactive|jrg123 has 90 seconds left.
|
|t:|1758935110
|move|p1a: Sinistcha|Hex|p2a: Corviknight
|-damage|p2a: Corviknight|0 fnt
|faint|p2a: Corviknight
|
|-heal|p1a: Sinistcha|44/100 brn|[from] item: Leftovers
|-damage|p1a: Sinistcha|41/100 brn|[from] brn
|upkeep
|
|t:|1758935116
|switch|p2a: Ting-Lu|Ting-Lu|100/100
|-damage|p2a: Ting-Lu|94/100|[from] Stealth Rock
|-damage|p2a: Ting-Lu|78/100|[from] Spikes
|-ability|p2a: Ting-Lu|Vessel of Ruin
|turn|37
|
|t:|1758935119
|move|p1a: Sinistcha|Strength Sap|p2a: Ting-Lu
|-unboost|p2a: Ting-Lu|atk|1
|-heal|p1a: Sinistcha|100/100 brn
|move|p2a: Ting-Lu|Payback|p1a: Sinistcha
|-supereffective|p1a: Sinistcha
|-damage|p1a: Sinistcha|67/100 brn
|
|-heal|p1a: Sinistcha|73/100 brn|[from] item: Leftovers
|-heal|p2a: Ting-Lu|84/100|[from] item: Leftovers
|-damage|p1a: Sinistcha|70/100 brn|[from] brn
|upkeep
|turn|38
|-message|jrg123 forfeited.
|
|win|BomBomOU
|raw|BomBomOU's rating: 1450 &rarr; <strong>1468</strong><br />(+18 for winning)
|raw|jrg123's rating: 1420 &rarr; <strong>1402</strong><br />(-18 for losing)
|l|☆jrg123
|player|p2|
|l|☆BomBomOU
|player|p1|
