|j|☆hungrymane
|j|☆bornusdino
|t:|1759050608
|gametype|singles
|player|p1|hungrymane|266|1494
|player|p2|bornusdino|miku-ground|1494
|gen|9
|tier|[Gen 9] OU
|rated|
|rule|HP Percentage Mod: HP is shown in percentages
|rule|Endless Battle Clause: Forcing endless battles is banned
|rule|Species Clause: Limit one of each Pokémon
|rule|OHKO Clause: OHKO moves are banned
|rule|Evasion Items Clause: Evasion items are banned
|rule|Evasion Moves Clause: Evasion moves are banned
|rule|Evasion Abilities Clause: Evasion abilities are banned
|rule|Sleep Moves Clause: Sleep-inducing moves are banned
|clearpoke
|poke|p1|Brute Bonnet|
|poke|p1|Ninetales, F|
|poke|p1|Blaziken, M|
|poke|p1|Walking Wake|
|poke|p1|Scream Tail|
|poke|p1|Great Tusk|
|poke|p2|Walking Wake|
|poke|p2|Raging Bolt|
|poke|p2|Hatterene, F|
|poke|p2|Torkoal, M|
|poke|p2|Venusaur, F|
|poke|p2|Ceruledge, F|
|teampreview
|inactive|Battle timer is ON: inactive players will automatically lose when time's up. (requested by bornusdino)
|
|t:|1759050620
|teamsize|p1|6
|teamsize|p2|6
|start
|switch|p1a: Great Tusk|Great Tusk|100/100
|switch|p2a: Torkoal|Torkoal, M|100/100
|-weather|SunnyDay|[from] ability: Drought|[of] p2a: Torkoal
|-activate|p1a: Great Tusk|ability: Protosynthesis
|-start|p1a: Great Tusk|protosynthesisatk
|turn|1
|
|t:|1759050626
|switch|p2a: Hatterene|Hatterene, F|100/100
|move|p1a: Great Tusk|Headlong Rush|p2a: Hatterene
|-damage|p2a: Hatterene|1/100
|-unboost|p1a: Great Tusk|def|1
|-unboost|p1a: Great Tusk|spd|1
|-enditem|p2a: Hatterene|Eject Button
|
|t:|1759050637
|switch|p2a: Venusaur|Venusaur, F|100/100
|
|-weather|SunnyDay|[upkeep]
|upkeep
|turn|2
|
|t:|1759050644
|move|p2a: Venusaur|Weather Ball|p1a: Great Tusk
|-damage|p1a: Great Tusk|0 fnt
|faint|p1a: Great Tusk
|-end|p1a: Great Tusk|Protosynthesis|[silent]
|-damage|p2a: Venusaur|91/100|[from] item: Life Orb
|
|-weather|SunnyDay|[upkeep]
|upkeep
|
|t:|1759050648
|switch|p1a: Scream Tail|Scream Tail|100/100
|-activate|p1a: Scream Tail|ability: Protosynthesis
|-start|p1a: Scream Tail|protosynthesisatk
|turn|3
|
|t:|1759050655
|move|p2a: Venusaur|Sludge Bomb|p1a: Scream Tail
|-supereffective|p1a: Scream Tail
|-damage|p1a: Scream Tail|47/100
|-damage|p2a: Venusaur|81/100|[from] item: Life Orb
|move|p1a: Scream Tail|Psychic Fangs|p2a: Venusaur
|-supereffective|p2a: Venusaur
|-damage|p2a: Venusaur|0 fnt
|faint|p2a: Venusaur
|
|-weather|SunnyDay|[upkeep]
|upkeep
|
|t:|1759050674
|switch|p2a: Walking Wake|Walking Wake|100/100
|-activate|p2a: Walking Wake|ability: Protosynthesis
|-start|p2a: Walking Wake|protosynthesisspe
|turn|4
|
|t:|1759050679
|-end|p1a: Scream Tail|Protosynthesis|[silent]
|switch|p1a: Walking Wake|Walking Wake|100/100
|-activate|p1a: Walking Wake|ability: Protosynthesis
|-start|p1a: Walking Wake|protosynthesisspe
|move|p2a: Walking Wake|Hydro Steam|p1a: Walking Wake
|-resisted|p1a: Walking Wake
|-damage|p1a: Walking Wake|72/100
|
|-weather|SunnyDay|[upkeep]
|upkeep
|turn|5
|
|t:|1759050689
|-end|p1a: Walking Wake|Protosynthesis|[silent]
|switch|p1a: Blaziken|Blaziken, M|100/100
|-end|p2a: Walking Wake|Protosynthesis|[silent]
|switch|p2a: Hatterene|Hatterene, F|1/100
|
|-weather|SunnyDay|[upkeep]
|upkeep
|turn|6
|
|t:|1759050705
|move|p1a: Blaziken|Protect|p1a: Blaziken
|-singleturn|p1a: Blaziken|Protect
|move|p2a: Hatterene|Dazzling Gleam|p1a: Blaziken
|-activate|p1a: Blaziken|move: Protect
|
|-weather|SunnyDay|[upkeep]
|-ability|p1a: Blaziken|Speed Boost|boost
|-boost|p1a: Blaziken|spe|1
|upkeep
|turn|7
|
|t:|1759050708
|move|p1a: Blaziken|Earthquake|p2a: Hatterene
|-damage|p2a: Hatterene|0 fnt
|faint|p2a: Hatterene
|
|-weather|SunnyDay|[upkeep]
|-ability|p1a: Blaziken|Speed Boost|boost
|-boost|p1a: Blaziken|spe|1
|upkeep
|
|t:|1759050712
|switch|p2a: Ceruledge|Ceruledge, F|100/100
|turn|8
|
|t:|1759050716
|move|p1a: Blaziken|Earthquake|p2a: Ceruledge
|-supereffective|p2a: Ceruledge
|-damage|p2a: Ceruledge|19/100
|-ability|p2a: Ceruledge|Weak Armor|boost
|-unboost|p2a: Ceruledge|def|1
|-boost|p2a: Ceruledge|spe|2
|move|p2a: Ceruledge|Close Combat|p1a: Blaziken
|-crit|p1a: Blaziken
|-damage|p1a: Blaziken|0 fnt
|-unboost|p2a: Ceruledge|def|1
|-unboost|p2a: Ceruledge|spd|1
|faint|p1a: Blaziken
|
|-weather|none
|upkeep
|
|t:|1759050725
|switch|p1a: Ninetales|Ninetales, F|100/100
|-weather|SunnyDay|[from] ability: Drought|[of] p1a: Ninetales
|turn|9
|inactive|bornusdino has 120 seconds left.
|
|t:|1759050778
|move|p2a: Ceruledge|Destiny Bond|p2a: Ceruledge
|-singlemove|p2a: Ceruledge|Destiny Bond
|move|p1a: Ninetales|Encore|p2a: Ceruledge
|-start|p2a: Ceruledge|Encore
|
|-weather|SunnyDay|[upkeep]
|upkeep
|turn|10
|
|t:|1759050787
|switch|p2a: Raging Bolt|Raging Bolt|100/100
|-activate|p2a: Raging Bolt|ability: Protosynthesis
|-start|p2a: Raging Bolt|protosynthesisspa
|move|p1a: Ninetales|Healing Wish|p1a: Ninetales
|faint|p1a: Ninetales
|
|-weather|SunnyDay|[upkeep]
|upkeep
|
|t:|1759050791
|switch|p1a: Scream Tail|Scream Tail|47/100
|-heal|p1a: Scream Tail|100/100|[from] move: Healing Wish
|-activate|p1a: Scream Tail|ability: Protosynthesis
|-start|p1a: Scream Tail|protosynthesisatk
|turn|11
|inactive|bornusdino has 120 seconds left.
|
|t:|1759050811
|-terastallize|p2a: Raging Bolt|Fairy
|move|p1a: Scream Tail|Play Rough|p2a: Raging Bolt
|-damage|p2a: Raging Bolt|63/100
|move|p2a: Raging Bolt|Weather Ball|p1a: Scream Tail
|-damage|p1a: Scream Tail|63/100
|
|-weather|SunnyDay|[upkeep]
|upkeep
|turn|12
|
|t:|1759050825
|move|p1a: Scream Tail|Play Rough|p2a: Raging Bolt
|-damage|p2a: Raging Bolt|20/100
|move|p2a: Raging Bolt|Weather Ball|p1a: Scream Tail
|-damage|p1a: Scream Tail|23/100
|
|-weather|SunnyDay|[upkeep]
|upkeep
|turn|13
|
|t:|1759050835
|move|p2a: Raging Bolt|Thunderclap|p1a: Scream Tail
|-damage|p1a: Scream Tail|0 fnt
|faint|p1a: Scream Tail
|-end|p1a: Scream Tail|Protosynthesis|[silent]
|
|-weather|SunnyDay|[upkeep]
|upkeep
|
|t:|1759050837
|switch|p1a: Brute Bonnet|Brute Bonnet|100/100
|-activate|p1a: Brute Bonnet|ability: Protosynthesis
|-start|p1a: Brute Bonnet|protosynthesisatk
|turn|14
|inactive|bornusdino has 120 seconds left.
|
|t:|1759050870
|-end|p2a: Raging Bolt|Protosynthesis|[silent]
|switch|p2a: Walking Wake|Walking Wake|100/100
|-activate|p2a: Walking Wake|ability: Protosynthesis
|-start|p2a: Walking Wake|protosynthesisspe
|-terastallize|p1a: Brute Bonnet|Ghost
|move|p1a: Brute Bonnet|Synthesis|p1a: Brute Bonnet
|-fail|p1a: Brute Bonnet|heal
|
|-weather|SunnyDay|[upkeep]
|upkeep
|turn|15
|
|t:|1759050878
|-end|p1a: Brute Bonnet|Protosynthesis|[silent]
|switch|p1a: Walking Wake|Walking Wake|72/100
|-activate|p1a: Walking Wake|ability: Protosynthesis
|-start|p1a: Walking Wake|protosynthesisspe
|move|p2a: Walking Wake|Hydro Steam|p1a: Walking Wake
|-resisted|p1a: Walking Wake
|-damage|p1a: Walking Wake|44/100
|
|-weather|SunnyDay|[upkeep]
|upkeep
|turn|16
|
|t:|1759050895
|-end|p2a: Walking Wake|Protosynthesis|[silent]
|switch|p2a: Ceruledge|Ceruledge, F|19/100
|move|p1a: Walking Wake|Dragon Pulse|p2a: Ceruledge
|-damage|p2a: Ceruledge|0 fnt
|faint|p2a: Ceruledge
|
|-weather|none
|-end|p1a: Walking Wake|Protosynthesis
|upkeep
|
|t:|1759050903
|switch|p2a: Torkoal|Torkoal, M|100/100
|-weather|SunnyDay|[from] ability: Drought|[of] p2a: Torkoal
|-activate|p1a: Walking Wake|ability: Protosynthesis
|-start|p1a: Walking Wake|protosynthesisspe
|turn|17
|
|t:|1759050910
|move|p1a: Walking Wake|Dragon Pulse|p2a: Torkoal
|-damage|p2a: Torkoal|23/100
|move|p2a: Torkoal|Stealth Rock|p1a: Walking Wake
|-sidestart|p1: hungrymane|move: Stealth Rock
|
|-weather|SunnyDay|[upkeep]
|upkeep
|turn|18
|
|t:|1759050919
|move|p1a: Walking Wake|Dragon Pulse|p2a: Torkoal
|-damage|p2a: Torkoal|0 fnt
|faint|p2a: Torkoal
|
|-weather|SunnyDay|[upkeep]
|upkeep
|
|t:|1759050928
|switch|p2a: Walking Wake|Walking Wake|100/100
|-activate|p2a: Walking Wake|ability: Protosynthesis
|-start|p2a: Walking Wake|protosynthesisspe
|turn|19
|
|t:|1759050930
|move|p1a: Walking Wake|Dragon Pulse|p2a: Walking Wake
|-supereffective|p2a: Walking Wake
|-damage|p2a: Walking Wake|0 fnt
|faint|p2a: Walking Wake
|-end|p2a: Walking Wake|Protosynthesis|[silent]
|
|-weather|SunnyDay|[upkeep]
|upkeep
|
|t:|1759050933
|switch|p2a: Raging Bolt|Raging Bolt, tera:Fairy|20/100
|-activate|p2a: Raging Bolt|ability: Protosynthesis
|-start|p2a: Raging Bolt|protosynthesisspa
|turn|20
|
|t:|1759050937
|move|p2a: Raging Bolt|Thunderclap|p1a: Walking Wake
|-damage|p1a: Walking Wake|0 fnt
|faint|p1a: Walking Wake
|-end|p1a: Walking Wake|Protosynthesis|[silent]
|
|-weather|SunnyDay|[upkeep]
|upkeep
|
|t:|1759050940
|switch|p1a: Brute Bonnet|Brute Bonnet, tera:Ghost|100/100
|-damage|p1a: Brute Bonnet|88/100|[from] Stealth Rock
|-activate|p1a: Brute Bonnet|ability: Protosynthesis
|-start|p1a: Brute Bonnet|protosynthesisatk
|turn|21
|
|t:|1759050943
|move|p2a: Raging Bolt|Thunderclap|p1a: Brute Bonnet
|-damage|p1a: Brute Bonnet|37/100
|move|p1a: Brute Bonnet|Trailblaze|p2a: Raging Bolt
|-damage|p2a: Raging Bolt|0 fnt
|-boost|p1a: Brute Bonnet|spe|1
|faint|p2a: Raging Bolt
|-end|p2a: Raging Bolt|Protosynthesis|[silent]
|
|win|hungrymane
|raw|hungrymane's rating: 1494 &rarr; <strong>1514</strong><br />(+20 for winning)
|raw|bornusdino's rating: 1494 &rarr; <strong>1474</strong><br />(-20 for losing)
|l|☆hungrymane
|player|p1|
|l|☆bornusdino
|player|p2|
