|j|☆Stealthalo
|j|☆LX1987
|t:|1758984664
|gametype|singles
|player|p1|Stealthalo|265|1341
|player|p2|LX1987|266|1387
|gen|9
|tier|[Gen 9] OU
|rated|
|rule|HP Percentage Mod: HP is shown in percentages
|rule|Endless Battle Clause: Forcing endless battles is banned
|rule|Species Clause: Limit one of each Pokémon
|rule|OHKO Clause: OHKO moves are banned
|rule|Evasion Items Clause: Evasion items are banned
|rule|Evasion Moves Clause: Evasion moves are banned
|rule|Evasion Abilities Clause: Evasion abilities are banned
|rule|Sleep Moves Clause: Sleep-inducing moves are banned
|clearpoke
|poke|p1|Arcanine-Hisui, F|
|poke|p1|Raging Bolt|
|poke|p1|Iron Treads|
|poke|p1|Iron Valiant|
|poke|p1|Weavile, F|
|poke|p1|Gholdengo|
|poke|p2|Dragapult, F|
|poke|p2|Empoleon, M|
|poke|p2|Clodsire, F|
|poke|p2|Chesnaught, M|
|poke|p2|Entei|
|poke|p2|Ditto|
|teampreview
|
|t:|1758984670
|teamsize|p1|6
|teamsize|p2|6
|start
|switch|p1a: Gholdengo|Gholdengo|100/100
|switch|p2a: Dragapult|Dragapult, F|100/100
|turn|1
|
|t:|1758984685
|move|p1a: Gholdengo|Shadow Ball|p2a: Dragapult
|-supereffective|p2a: Dragapult
|-damage|p2a: Dragapult|0 fnt
|faint|p2a: Dragapult
|
|upkeep
|
|t:|1758984691
|switch|p2a: Chesnaught|Chesnaught, M|100/100
|turn|2
|
|t:|1758984697
|switch|p1a: Arcanine|Arcanine-Hisui, F|100/100
|move|p2a: Chesnaught|Knock Off|p1a: Arcanine
|-damage|p1a: Arcanine|73/100
|-enditem|p1a: Arcanine|Choice Band|[from] move: Knock Off|[of] p2a: Chesnaught
|
|upkeep
|turn|3
|inactive|Battle timer is ON: inactive players will automatically lose when time's up. (requested by LX1987)
|
|t:|1758984706
|-terastallize|p1a: Arcanine|Fire
|move|p1a: Arcanine|Flare Blitz|p2a: Chesnaught
|-supereffective|p2a: Chesnaught
|-damage|p2a: Chesnaught|11/100
|-damage|p1a: Arcanine|56/100|[from] item: Rocky Helmet|[of] p2a: Chesnaught
|move|p2a: Chesnaught|Leech Seed|p1a: Arcanine
|-start|p1a: Arcanine|move: Leech Seed
|
|-damage|p1a: Arcanine|44/100|[from] Leech Seed|[of] p2a: Chesnaught
|-heal|p2a: Chesnaught|22/100|[silent]
|upkeep
|turn|4
|
|t:|1758984718
|switch|p2a: Entei|Entei|100/100
|-ability|p2a: Entei|Pressure
|move|p1a: Arcanine|Flare Blitz|p2a: Entei
|-resisted|p2a: Entei
|-damage|p2a: Entei|58/100
|
|-damage|p1a: Arcanine|32/100|[from] Leech Seed|[of] p2a: Entei
|-heal|p2a: Entei|69/100|[silent]
|upkeep
|turn|5
|
|t:|1758984729
|move|p2a: Entei|Extreme Speed|p1a: Arcanine
|-damage|p1a: Arcanine|0 fnt
|faint|p1a: Arcanine
|
|upkeep
|
|t:|1758984738
|switch|p1a: Iron Treads|Iron Treads|100/100
|-enditem|p1a: Iron Treads|Booster Energy
|-activate|p1a: Iron Treads|ability: Quark Drive|[fromitem]
|-start|p1a: Iron Treads|quarkdrivespe
|turn|6
|
|t:|1758984745
|switch|p2a: Chesnaught|Chesnaught, M|22/100
|move|p1a: Iron Treads|Stealth Rock|p2a: Chesnaught
|-sidestart|p2: LX1987|move: Stealth Rock
|
|upkeep
|turn|7
|
|t:|1758984753
|move|p1a: Iron Treads|Knock Off|p2a: Chesnaught
|-resisted|p2a: Chesnaught
|-crit|p2a: Chesnaught
|-damage|p2a: Chesnaught|8/100
|-damage|p1a: Iron Treads|84/100|[from] item: Rocky Helmet|[of] p2a: Chesnaught
|-enditem|p2a: Chesnaught|Rocky Helmet|[from] move: Knock Off|[of] p1a: Iron Treads
|move|p2a: Chesnaught|Endeavor|p1a: Iron Treads
|-damage|p1a: Iron Treads|9/100
|
|upkeep
|turn|8
|
|t:|1758984764
|move|p1a: Iron Treads|Earthquake|p2a: Chesnaught
|-resisted|p2a: Chesnaught
|-damage|p2a: Chesnaught|0 fnt
|faint|p2a: Chesnaught
|
|upkeep
|
|t:|1758984770
|switch|p2a: Empoleon|Empoleon, M|100/100
|-damage|p2a: Empoleon|94/100|[from] Stealth Rock
|turn|9
|
|t:|1758984775
|move|p2a: Empoleon|Vacuum Wave|p1a: Iron Treads
|-supereffective|p1a: Iron Treads
|-damage|p1a: Iron Treads|0 fnt
|faint|p1a: Iron Treads
|-end|p1a: Iron Treads|Quark Drive|[silent]
|
|upkeep
|
|t:|1758984782
|switch|p1a: Iron Valiant|Iron Valiant|100/100
|-enditem|p1a: Iron Valiant|Booster Energy
|-activate|p1a: Iron Valiant|ability: Quark Drive|[fromitem]
|-start|p1a: Iron Valiant|quarkdrivespe
|turn|10
|
|t:|1758984790
|move|p1a: Iron Valiant|Knock Off|p2a: Empoleon
|-damage|p2a: Empoleon|53/100
|-enditem|p2a: Empoleon|Assault Vest|[from] move: Knock Off|[of] p1a: Iron Valiant
|move|p2a: Empoleon|Flash Cannon|p1a: Iron Valiant
|-supereffective|p1a: Iron Valiant
|-damage|p1a: Iron Valiant|0 fnt
|faint|p1a: Iron Valiant
|-end|p1a: Iron Valiant|Quark Drive|[silent]
|
|upkeep
|
|t:|1758984799
|switch|p1a: Raging Bolt|Raging Bolt|100/100
|turn|11
|
|t:|1758984804
|switch|p2a: Clodsire|Clodsire, F|100/100
|-damage|p2a: Clodsire|94/100|[from] Stealth Rock
|move|p1a: Raging Bolt|Calm Mind|p1a: Raging Bolt
|-boost|p1a: Raging Bolt|spa|1
|-boost|p1a: Raging Bolt|spd|1
|
|-heal|p2a: Clodsire|100/100|[from] item: Black Sludge
|upkeep
|turn|12
|
|t:|1758984816
|-end|p1a: Raging Bolt|Protosynthesis|[silent]
|switch|p1a: Gholdengo|Gholdengo|100/100
|move|p2a: Clodsire|Toxic|p1a: Gholdengo
|-immune|p1a: Gholdengo|[from] ability: Good as Gold
|
|upkeep
|turn|13
|
|t:|1758984823
|move|p1a: Gholdengo|Trick|p2a: Clodsire
|-activate|p1a: Gholdengo|move: Trick|[of] p2a: Clodsire
|-item|p2a: Clodsire|Choice Scarf|[from] move: Trick
|-item|p1a: Gholdengo|Black Sludge|[from] move: Trick
|move|p2a: Clodsire|Earthquake|p1a: Gholdengo
|-supereffective|p1a: Gholdengo
|-damage|p1a: Gholdengo|41/100
|
|-damage|p1a: Gholdengo|29/100|[from] item: Black Sludge
|upkeep
|turn|14
|
|t:|1758984832
|move|p1a: Gholdengo|Shadow Ball|p2a: Clodsire
|-damage|p2a: Clodsire|74/100
|move|p2a: Clodsire|Earthquake|p1a: Gholdengo
|-supereffective|p1a: Gholdengo
|-damage|p1a: Gholdengo|0 fnt
|faint|p1a: Gholdengo
|
|upkeep
|
|t:|1758984840
|switch|p1a: Weavile|Weavile, F|100/100
|-ability|p1a: Weavile|Pressure
|turn|15
|
|t:|1758984845
|move|p1a: Weavile|Triple Axel|p2a: Clodsire
|-supereffective|p2a: Clodsire
|-damage|p2a: Clodsire|48/100
|-supereffective|p2a: Clodsire
|-damage|p2a: Clodsire|4/100
|-supereffective|p2a: Clodsire
|-damage|p2a: Clodsire|0 fnt
|faint|p2a: Clodsire
|-hitcount|p2: Clodsire|3
|
|upkeep
|
|t:|1758984855
|switch|p2a: Ditto|Ditto|100/100
|-damage|p2a: Ditto|88/100|[from] Stealth Rock
|-transform|p2a: Ditto|p1a: Weavile|[from] ability: Imposter
|-ability|p2a: Ditto|Pressure
|turn|16
|
|t:|1758984865
|move|p2a: Ditto|Triple Axel|p1a: Weavile
|-resisted|p1a: Weavile
|-damage|p1a: Weavile|91/100
|-resisted|p1a: Weavile
|-damage|p1a: Weavile|74/100
|-resisted|p1a: Weavile
|-damage|p1a: Weavile|48/100
|-hitcount|p1a: Weavile|3
|move|p1a: Weavile|Triple Axel|p2a: Ditto
|-resisted|p2a: Ditto
|-damage|p2a: Ditto|77/100
|-resisted|p2a: Ditto
|-damage|p2a: Ditto|53/100
|-resisted|p2a: Ditto
|-damage|p2a: Ditto|19/100
|-hitcount|p2a: Ditto|3
|
|upkeep
|turn|17
|
|t:|1758984879
|move|p2a: Ditto|Triple Axel|p1a: Weavile
|-resisted|p1a: Weavile
|-damage|p1a: Weavile|39/100
|-resisted|p1a: Weavile
|-damage|p1a: Weavile|22/100
|-resisted|p1a: Weavile
|-damage|p1a: Weavile|0 fnt
|faint|p1a: Weavile
|-hitcount|p1: Weavile|3
|
|upkeep
|
|t:|1758984888
|switch|p1a: Raging Bolt|Raging Bolt|100/100
|turn|18
|
|t:|1758984891
|move|p1a: Raging Bolt|Thunderclap|p2a: Ditto
|-damage|p2a: Ditto|0 fnt
|faint|p2a: Ditto
|
|upkeep
|
|t:|1758984896
|switch|p2a: Entei|Entei|69/100
|-damage|p2a: Entei|44/100|[from] Stealth Rock
|-ability|p2a: Entei|Pressure
|turn|19
|
|t:|1758984903
|-terastallize|p2a: Entei|Normal
|move|p2a: Entei|Extreme Speed|p1a: Raging Bolt
|-damage|p1a: Raging Bolt|69/100
|move|p1a: Raging Bolt|Thunderbolt|p2a: Entei
|-damage|p2a: Entei|0 fnt
|faint|p2a: Entei
|
|-heal|p1a: Raging Bolt|75/100|[from] item: Leftovers
|upkeep
|
|t:|1758984914
|switch|p2a: Empoleon|Empoleon, M|53/100
|-damage|p2a: Empoleon|47/100|[from] Stealth Rock
|turn|20
|
|t:|1758984920
|move|p1a: Raging Bolt|Thunderbolt|p2a: Empoleon
|-supereffective|p2a: Empoleon
|-damage|p2a: Empoleon|0 fnt
|faint|p2a: Empoleon
|
|win|Stealthalo
|raw|Stealthalo's rating: 1341 &rarr; <strong>1364</strong><br />(+23 for winning)
|raw|LX1987's rating: 1387 &rarr; <strong>1364</strong><br />(-23 for losing)
|l|☆LX1987
|player|p2|
