|j|☆diegoluquechaves
|j|☆frankjob
|t:|1758964811
|gametype|singles
|player|p1|diegoluquechaves|169|1464
|player|p2|frankjob|cheren|1489
|gen|9
|tier|[Gen 9] OU
|rated|
|rule|HP Percentage Mod: HP is shown in percentages
|rule|Endless Battle Clause: Forcing endless battles is banned
|rule|Species Clause: Limit one of each Pokémon
|rule|OHKO Clause: OHKO moves are banned
|rule|Evasion Items Clause: Evasion items are banned
|rule|Evasion Moves Clause: Evasion moves are banned
|rule|Evasion Abilities Clause: Evasion abilities are banned
|rule|Sleep Moves Clause: Sleep-inducing moves are banned
|clearpoke
|poke|p1|Typhlosion-Hisui, F|
|poke|p1|Corviknight, M|
|poke|p1|Glimmora, F|
|poke|p1|Great Tusk|
|poke|p1|Araquanid, M|
|poke|p1|Thundurus, M|
|poke|p2|Ursaluna, F|
|poke|p2|Carbink|
|poke|p2|Cresselia, F|
|poke|p2|Kingambit, F|
|poke|p2|Hatterene, F|
|poke|p2|Raging Bolt|
|teampreview
|inactive|Battle timer is ON: inactive players will automatically lose when time's up. (requested by frankjob)
|
|t:|1758964834
|teamsize|p1|6
|teamsize|p2|6
|start
|switch|p1a: Araquanid|Araquanid, M|100/100
|switch|p2a: Carbink|Carbink|100/100
|turn|1
|
|t:|1758964844
|move|p1a: Araquanid|Liquidation|p2a: Carbink
|-supereffective|p2a: Carbink
|-damage|p2a: Carbink|39/100
|-damage|p1a: Araquanid|84/100|[from] item: Rocky Helmet|[of] p2a: Carbink
|move|p2a: Carbink|Trick Room|p2a: Carbink
|-fieldstart|move: Trick Room|[of] p2a: Carbink
|
|-heal|p1a: Araquanid|90/100|[from] item: Leftovers
|upkeep
|turn|2
|
|t:|1758964853
|move|p2a: Carbink|Stealth Rock|p1a: Araquanid
|-sidestart|p1: diegoluquechaves|move: Stealth Rock
|move|p1a: Araquanid|Liquidation|p2a: Carbink
|-supereffective|p2a: Carbink
|-damage|p2a: Carbink|0 fnt
|-damage|p1a: Araquanid|73/100|[from] item: Rocky Helmet|[of] p2a: Carbink
|faint|p2a: Carbink
|
|-heal|p1a: Araquanid|80/100|[from] item: Leftovers
|upkeep
|
|t:|1758964864
|switch|p2a: Raging Bolt|Raging Bolt|100/100
|-enditem|p2a: Raging Bolt|Booster Energy
|-activate|p2a: Raging Bolt|ability: Protosynthesis|[fromitem]
|-start|p2a: Raging Bolt|protosynthesisspa
|turn|3
|
|t:|1758964877
|move|p1a: Araquanid|Leech Life|p2a: Raging Bolt
|-damage|p2a: Raging Bolt|84/100
|-heal|p1a: Araquanid|91/100|[from] drain|[of] p2a: Raging Bolt
|move|p2a: Raging Bolt|Dragon Pulse|p1a: Araquanid
|-damage|p1a: Araquanid|46/100
|
|-heal|p1a: Araquanid|52/100|[from] item: Leftovers
|upkeep
|turn|4
|
|t:|1758964893
|switch|p1a: Great Tusk|Great Tusk|100/100
|-damage|p1a: Great Tusk|98/100|[from] Stealth Rock
|-enditem|p1a: Great Tusk|Booster Energy
|-activate|p1a: Great Tusk|ability: Protosynthesis|[fromitem]
|-start|p1a: Great Tusk|protosynthesisatk
|move|p2a: Raging Bolt|Thunderclap||[still]
|-fail|p2a: Raging Bolt
|
|upkeep
|turn|5
|inactive|diegoluquechaves has 120 seconds left.
|
|t:|1758964919
|-end|p2a: Raging Bolt|Protosynthesis|[silent]
|switch|p2a: Cresselia|Cresselia, F|100/100
|-end|p1a: Great Tusk|Protosynthesis|[silent]
|switch|p1a: Corviknight|Corviknight, M|100/100
|-damage|p1a: Corviknight|88/100|[from] Stealth Rock
|
|-fieldend|move: Trick Room
|upkeep
|turn|6
|inactive|diegoluquechaves has 120 seconds left.
|
|t:|1758964929
|move|p1a: Corviknight|Defog|p2a: Cresselia
|-unboost|p2a: Cresselia|evasion|1
|-sideend|p1: diegoluquechaves|Stealth Rock|[from] move: Defog|[of] p1a: Corviknight
|move|p2a: Cresselia|Trick Room|p2a: Cresselia
|-fieldstart|move: Trick Room|[of] p2a: Cresselia
|
|upkeep
|turn|7
|
|t:|1758964935
|switch|p2a: Raging Bolt|Raging Bolt|84/100
|move|p1a: Corviknight|U-turn|p2a: Raging Bolt
|-damage|p2a: Raging Bolt|73/100
|inactive|diegoluquechaves has 120 seconds left.
|
|t:|1758964948
|switch|p1a: Araquanid|Araquanid, M|52/100|[from] U-turn
|
|-heal|p1a: Araquanid|59/100|[from] item: Leftovers
|upkeep
|turn|8
|inactive|diegoluquechaves has 120 seconds left.
|
|t:|1758964959
|move|p1a: Araquanid|Leech Life|p2a: Raging Bolt
|-damage|p2a: Raging Bolt|57/100
|-heal|p1a: Araquanid|69/100|[from] drain|[of] p2a: Raging Bolt
|move|p2a: Raging Bolt|Thunderbolt|p1a: Araquanid
|-supereffective|p1a: Araquanid
|-damage|p1a: Araquanid|6/100
|
|-heal|p1a: Araquanid|12/100|[from] item: Leftovers
|upkeep
|turn|9
|inactive|diegoluquechaves has 120 seconds left.
|
|t:|1758964987
|move|p1a: Araquanid|Leech Life|p2a: Raging Bolt
|-damage|p2a: Raging Bolt|41/100
|-heal|p1a: Araquanid|23/100|[from] drain|[of] p2a: Raging Bolt
|move|p2a: Raging Bolt|Dragon Pulse|p1a: Araquanid
|-damage|p1a: Araquanid|0 fnt
|faint|p1a: Araquanid
|
|upkeep
|
|t:|1758964996
|switch|p1a: Corviknight|Corviknight, M|88/100
|turn|10
|
|t:|1758965003
|switch|p1a: Great Tusk|Great Tusk|98/100
|move|p2a: Raging Bolt|Thunderbolt|p1a: Great Tusk
|-immune|p1a: Great Tusk
|
|-fieldend|move: Trick Room
|upkeep
|turn|11
|
|t:|1758965013
|-end|p2a: Raging Bolt|Protosynthesis|[silent]
|switch|p2a: Cresselia|Cresselia, F|100/100
|move|p1a: Great Tusk|Stealth Rock|p2a: Cresselia
|-sidestart|p2: frankjob|move: Stealth Rock
|
|upkeep
|turn|12
|inactive|diegoluquechaves has 120 seconds left.
|
|t:|1758965035
|-end|p1a: Great Tusk|Protosynthesis|[silent]
|switch|p1a: Typhlosion|Typhlosion-Hisui, F|100/100
|-item|p2a: Cresselia|Mental Herb|[from] ability: Frisk|[of] p1a: Typhlosion
|move|p2a: Cresselia|Trick Room|p2a: Cresselia
|-fieldstart|move: Trick Room|[of] p2a: Cresselia
|
|upkeep
|turn|13
|
|t:|1758965056
|switch|p2a: Raging Bolt|Raging Bolt|41/100
|-damage|p2a: Raging Bolt|29/100|[from] Stealth Rock
|move|p1a: Typhlosion|Eruption|p2a: Raging Bolt
|-resisted|p2a: Raging Bolt
|-damage|p2a: Raging Bolt|0 fnt
|faint|p2a: Raging Bolt
|-end|p2a: Raging Bolt|Protosynthesis|[silent]
|
|upkeep
|inactive|frankjob has 120 seconds left.
|
|t:|1758965073
|switch|p2a: Ursaluna|Ursaluna, F|100/100
|-damage|p2a: Ursaluna|94/100|[from] Stealth Rock
|turn|14
|
|t:|1758965082
|switch|p1a: Corviknight|Corviknight, M|88/100
|move|p2a: Ursaluna|Headlong Rush|p1a: Corviknight
|-immune|p1a: Corviknight
|
|-status|p2a: Ursaluna|brn|[from] item: Flame Orb
|upkeep
|turn|15
|inactive|diegoluquechaves has 120 seconds left.
|
|t:|1758965093
|move|p2a: Ursaluna|Fire Punch|p1a: Corviknight
|-supereffective|p1a: Corviknight
|-damage|p1a: Corviknight|30/100
|-damage|p2a: Ursaluna|78/100 brn|[from] item: Rocky Helmet|[of] p1a: Corviknight
|move|p1a: Corviknight|Roost|p1a: Corviknight
|-heal|p1a: Corviknight|80/100
|-singleturn|p1a: Corviknight|move: Roost
|
|-damage|p2a: Ursaluna|71/100 brn|[from] brn
|upkeep
|turn|16
|inactive|diegoluquechaves has 120 seconds left.
|
|t:|1758965105
|move|p2a: Ursaluna|Fire Punch|p1a: Corviknight
|-supereffective|p1a: Corviknight
|-crit|p1a: Corviknight
|-damage|p1a: Corviknight|2/100
|-damage|p2a: Ursaluna|55/100 brn|[from] item: Rocky Helmet|[of] p1a: Corviknight
|move|p1a: Corviknight|Roost|p1a: Corviknight
|-heal|p1a: Corviknight|52/100
|-singleturn|p1a: Corviknight|move: Roost
|
|-damage|p2a: Ursaluna|49/100 brn|[from] brn
|-fieldend|move: Trick Room
|upkeep
|turn|17
|inactive|diegoluquechaves has 120 seconds left.
|
|t:|1758965116
|move|p1a: Corviknight|Roost|p1a: Corviknight
|-heal|p1a: Corviknight|100/100
|-singleturn|p1a: Corviknight|move: Roost
|move|p2a: Ursaluna|Facade|p1a: Corviknight
|-resisted|p1a: Corviknight
|-damage|p1a: Corviknight|62/100
|-damage|p2a: Ursaluna|32/100 brn|[from] item: Rocky Helmet|[of] p1a: Corviknight
|
|-damage|p2a: Ursaluna|26/100 brn|[from] brn
|upkeep
|turn|18
|inactive|diegoluquechaves has 120 seconds left.
|
|t:|1758965129
|switch|p2a: Cresselia|Cresselia, F|100/100
|-damage|p2a: Cresselia|88/100|[from] Stealth Rock
|move|p1a: Corviknight|Roost|p1a: Corviknight
|-heal|p1a: Corviknight|100/100
|-singleturn|p1a: Corviknight|move: Roost
|
|upkeep
|turn|19
|inactive|diegoluquechaves has 120 seconds left.
|
|t:|1758965138
|move|p1a: Corviknight|U-turn|p2a: Cresselia
|-supereffective|p2a: Cresselia
|-damage|p2a: Cresselia|74/100
|
|t:|1758965141
|switch|p1a: Typhlosion|Typhlosion-Hisui, F|100/100|[from] U-turn
|-item|p2a: Cresselia|Mental Herb|[from] ability: Frisk|[of] p1a: Typhlosion
|move|p2a: Cresselia|Trick Room|p2a: Cresselia
|-fieldstart|move: Trick Room|[of] p2a: Cresselia
|
|upkeep
|turn|20
|inactive|diegoluquechaves has 120 seconds left.
|
|t:|1758965158
|move|p2a: Cresselia|Lunar Dance|p2a: Cresselia
|faint|p2a: Cresselia
|move|p1a: Typhlosion|Infernal Parade|p2: Cresselia|[notarget]
|-fail|p1a: Typhlosion
|
|upkeep
|
|t:|1758965163
|switch|p2a: Ursaluna|Ursaluna, F|26/100 brn
|-heal|p2a: Ursaluna|100/100|[from] move: Lunar Dance
|-damage|p2a: Ursaluna|94/100|[from] Stealth Rock
|turn|21
|inactive|diegoluquechaves has 120 seconds left.
|
|t:|1758965197
|switch|p1a: Glimmora|Glimmora, F|100/100
|move|p2a: Ursaluna|Fire Punch|p1a: Glimmora
|-resisted|p1a: Glimmora
|-damage|p1a: Glimmora|81/100
|-activate|p1a: Glimmora|ability: Toxic Debris
|-sidestart|p2: frankjob|move: Toxic Spikes
|
|-status|p2a: Ursaluna|brn|[from] item: Flame Orb
|upkeep
|turn|22
|
|t:|1758965211
|switch|p1a: Corviknight|Corviknight, M|100/100
|move|p2a: Ursaluna|Headlong Rush|p1a: Corviknight
|-immune|p1a: Corviknight
|
|-damage|p2a: Ursaluna|88/100 brn|[from] brn
|upkeep
|turn|23
|
|t:|1758965222
|move|p2a: Ursaluna|Headlong Rush|p1a: Corviknight
|-immune|p1a: Corviknight
|move|p1a: Corviknight|Roost||[still]
|-fail|p1a: Corviknight|heal
|
|-damage|p2a: Ursaluna|82/100 brn|[from] brn
|-fieldend|move: Trick Room
|upkeep
|turn|24
|
|t:|1758965235
|move|p1a: Corviknight|U-turn|p2a: Ursaluna
|-damage|p2a: Ursaluna|72/100 brn
|
|t:|1758965242
|switch|p1a: Glimmora|Glimmora, F|81/100|[from] U-turn
|move|p2a: Ursaluna|Fire Punch|p1a: Glimmora
|-resisted|p1a: Glimmora
|-damage|p1a: Glimmora|54/100
|-activate|p1a: Glimmora|ability: Toxic Debris
|-sidestart|p2: frankjob|move: Toxic Spikes
|
|-damage|p2a: Ursaluna|66/100 brn|[from] brn
|upkeep
|turn|25
|
|t:|1758965263
|move|p1a: Glimmora|Energy Ball|p2a: Ursaluna
|-supereffective|p2a: Ursaluna
|-damage|p2a: Ursaluna|13/100 brn
|move|p2a: Ursaluna|Headlong Rush|p1a: Glimmora
|-supereffective|p1a: Glimmora
|-damage|p1a: Glimmora|0 fnt
|-unboost|p2a: Ursaluna|def|1
|-unboost|p2a: Ursaluna|spd|1
|faint|p1a: Glimmora
|
|-damage|p2a: Ursaluna|6/100 brn|[from] brn
|upkeep
|inactive|diegoluquechaves has 90 seconds left.
|inactive|diegoluquechaves has 60 seconds left.
|
|t:|1758965316
|switch|p1a: Corviknight|Corviknight, M|100/100
|turn|26
|
|t:|1758965330
|move|p1a: Corviknight|Body Press|p2a: Ursaluna
|-supereffective|p2a: Ursaluna
|-damage|p2a: Ursaluna|0 fnt
|faint|p2a: Ursaluna
|
|upkeep
|
|t:|1758965335
|switch|p2a: Hatterene|Hatterene, F|100/100
|-damage|p2a: Hatterene|88/100|[from] Stealth Rock
|-status|p2a: Hatterene|tox
|turn|27
|inactive|diegoluquechaves has 60 seconds left.
|
|t:|1758965344
|move|p1a: Corviknight|U-turn|p2a: Hatterene
|-damage|p2a: Hatterene|73/100 tox
|inactive|diegoluquechaves has 60 seconds left.
|
|t:|1758965351
|switch|p1a: Great Tusk|Great Tusk|98/100|[from] U-turn
|move|p2a: Hatterene|Trick Room|p2a: Hatterene
|-fieldstart|move: Trick Room|[of] p2a: Hatterene
|
|-damage|p2a: Hatterene|67/100 tox|[from] psn
|upkeep
|turn|28
|inactive|diegoluquechaves has 60 seconds left.
|
|t:|1758965364
|-end|p1a: Great Tusk|Protosynthesis|[silent]
|switch|p1a: Typhlosion|Typhlosion-Hisui, F|100/100
|-item|p2a: Hatterene|Focus Sash|[from] ability: Frisk|[of] p1a: Typhlosion
|move|p2a: Hatterene|Dazzling Gleam|p1a: Typhlosion
|-resisted|p1a: Typhlosion
|-damage|p1a: Typhlosion|68/100
|
|-damage|p2a: Hatterene|55/100 tox|[from] psn
|upkeep
|turn|29
|inactive|diegoluquechaves has 60 seconds left.
|
|t:|1758965380
|move|p2a: Hatterene|Psyshock|p1a: Typhlosion
|-damage|p1a: Typhlosion|4/100
|move|p1a: Typhlosion|Lava Plume|p2a: Hatterene
|-damage|p2a: Hatterene|12/100 tox
|
|-damage|p2a: Hatterene|0 fnt|[from] psn
|faint|p2a: Hatterene
|upkeep
|
|t:|1758965390
|switch|p2a: Kingambit|Kingambit, F|100/100
|-damage|p2a: Kingambit|94/100|[from] Stealth Rock
|-activate|p2a: Kingambit|ability: Supreme Overlord
|-start|p2a: Kingambit|fallen5|[silent]
|turn|30
|
|t:|1758965402
|move|p2a: Kingambit|Iron Head|p1a: Typhlosion
|-resisted|p1a: Typhlosion
|-damage|p1a: Typhlosion|0 fnt
|faint|p1a: Typhlosion
|
|upkeep
|
|t:|1758965411
|switch|p1a: Corviknight|Corviknight, M|100/100
|turn|31
|
|t:|1758965417
|-terastallize|p2a: Kingambit|Flying
|move|p2a: Kingambit|Kowtow Cleave|p1a: Corviknight
|-damage|p1a: Corviknight|45/100
|-damage|p2a: Kingambit|78/100|[from] item: Rocky Helmet|[of] p1a: Corviknight
|move|p1a: Corviknight|Body Press|p2a: Kingambit
|-resisted|p2a: Kingambit
|-crit|p2a: Kingambit
|-damage|p2a: Kingambit|63/100
|
|-fieldend|move: Trick Room
|upkeep
|turn|32
|
|t:|1758965431
|move|p1a: Corviknight|U-turn|p2a: Kingambit
|-resisted|p2a: Kingambit
|-damage|p2a: Kingambit|58/100
|
|t:|1758965436
|switch|p1a: Thundurus|Thundurus, M|100/100|[from] U-turn
|move|p2a: Kingambit|Kowtow Cleave|p1a: Thundurus
|-damage|p1a: Thundurus|0 fnt
|faint|p1a: Thundurus
|
|upkeep
|
|t:|1758965445
|switch|p1a: Great Tusk|Great Tusk|98/100
|turn|33
|inactive|diegoluquechaves has 60 seconds left.
|
|t:|1758965476
|move|p1a: Great Tusk|Ice Spinner|p2a: Kingambit
|-supereffective|p2a: Kingambit
|-damage|p2a: Kingambit|13/100
|move|p2a: Kingambit|Iron Head|p1a: Great Tusk
|-damage|p1a: Great Tusk|43/100
|
|upkeep
|turn|34
|inactive|diegoluquechaves has 60 seconds left.
|
|t:|1758965485
|move|p2a: Kingambit|Sucker Punch|p1a: Great Tusk
|-resisted|p1a: Great Tusk
|-damage|p1a: Great Tusk|14/100
|move|p1a: Great Tusk|Ice Spinner|p2a: Kingambit
|-supereffective|p2a: Kingambit
|-damage|p2a: Kingambit|0 fnt
|faint|p2a: Kingambit
|-end|p2a: Kingambit|fallen5|[silent]
|
|win|diegoluquechaves
|raw|diegoluquechaves's rating: 1464 &rarr; <strong>1485</strong><br />(+21 for winning)
|raw|frankjob's rating: 1489 &rarr; <strong>1468</strong><br />(-21 for losing)
|l|☆frankjob
|player|p2|
|l|☆diegoluquechaves
|player|p1|
