|j|☆acediawa
|j|☆CadenG18
|t:|1759035913
|gametype|singles
|player|p1|acediawa|backersf|1461
|player|p2|CadenG18|hilbert|1377
|gen|9
|tier|[Gen 9] OU
|rated|
|rule|HP Percentage Mod: HP is shown in percentages
|rule|Endless Battle Clause: Forcing endless battles is banned
|rule|Species Clause: Limit one of each Pokémon
|rule|OHKO Clause: OHKO moves are banned
|rule|Evasion Items Clause: Evasion items are banned
|rule|Evasion Moves Clause: Evasion moves are banned
|rule|Evasion Abilities Clause: Evasion abilities are banned
|rule|Sleep Moves Clause: Sleep-inducing moves are banned
|clearpoke
|poke|p1|Dragapult, M|
|poke|p1|Dragonite, F|
|poke|p1|Ting-Lu|
|poke|p1|Weezing-Galar, F|
|poke|p1|Iron Crown|
|poke|p1|Zapdos|
|poke|p2|Greninja-*, M|
|poke|p2|Ceruledge, F|
|poke|p2|Armarouge, F|
|poke|p2|Hydreigon, F|
|poke|p2|Kommo-o, M|
|poke|p2|Tsareena, F|
|teampreview
|inactive|Battle timer is ON: inactive players will automatically lose when time's up. (requested by CadenG18)
|
|t:|1759035927
|teamsize|p1|6
|teamsize|p2|6
|start
|switch|p1a: Dragapult|Dragapult, M|100/100
|switch|p2a: Megumi|Greninja, M, shiny|100/100
|turn|1
|
|t:|1759035949
|switch|p2a: Cybele|Tsareena, F|100/100
|move|p1a: Dragapult|U-turn|p2a: Cybele
|-supereffective|p2a: Cybele
|-damage|p2a: Cybele|61/100
|
|t:|1759035963
|switch|p1a: Iron Crown|Iron Crown|100/100|[from] U-turn
|
|upkeep
|turn|2
|
|t:|1759035968
|move|p1a: Iron Crown|Volt Switch|p2a: Cybele
|-resisted|p2a: Cybele
|-damage|p2a: Cybele|45/100
|
|t:|1759035975
|-end|p1a: Iron Crown|Quark Drive|[silent]
|switch|p1a: Zapdos|Zapdos|100/100|[from] Volt Switch
|move|p2a: Cybele|Knock Off|p1a: Zapdos
|-damage|p1a: Zapdos|56/100
|-status|p2a: Cybele|par|[from] ability: Static|[of] p1a: Zapdos
|-enditem|p1a: Zapdos|Heavy-Duty Boots|[from] move: Knock Off|[of] p2a: Cybele
|
|upkeep
|turn|3
|
|t:|1759035987
|move|p1a: Zapdos|Hurricane|p2a: Cybele|[miss]
|-miss|p1a: Zapdos|p2a: Cybele
|move|p2a: Cybele|Knock Off|p1a: Zapdos
|-damage|p1a: Zapdos|30/100
|
|upkeep
|turn|4
|
|t:|1759035995
|move|p1a: Zapdos|Roost|p1a: Zapdos
|-heal|p1a: Zapdos|80/100
|-singleturn|p1a: Zapdos|move: Roost
|move|p2a: Cybele|Play Rough|p1a: Zapdos
|-damage|p1a: Zapdos|43/100
|
|upkeep
|turn|5
|
|t:|1759036004
|move|p1a: Zapdos|Roost|p1a: Zapdos
|-heal|p1a: Zapdos|93/100
|-singleturn|p1a: Zapdos|move: Roost
|move|p2a: Cybele|Rapid Spin|p1a: Zapdos
|-damage|p1a: Zapdos|71/100
|-boost|p2a: Cybele|spe|1
|
|upkeep
|turn|6
|
|t:|1759036013
|move|p1a: Zapdos|Hurricane|p2a: Cybele
|-supereffective|p2a: Cybele
|-damage|p2a: Cybele|0 fnt
|faint|p2a: Cybele
|
|upkeep
|
|t:|1759036018
|switch|p2a: Megumi|Greninja, M, shiny|100/100
|turn|7
|
|t:|1759036025
|-terastallize|p1a: Zapdos|Fairy
|move|p2a: Megumi|Ice Beam|p1a: Zapdos
|-start|p2a: Megumi|typechange|Ice|[from] ability: Protean
|-damage|p1a: Zapdos|14/100
|-damage|p2a: Megumi|91/100|[from] item: Life Orb
|move|p1a: Zapdos|Volt Switch|p2a: Megumi
|-damage|p2a: Megumi|38/100
|
|t:|1759036033
|switch|p1a: Dragapult|Dragapult, M|100/100|[from] Volt Switch
|
|upkeep
|turn|8
|
|t:|1759036050
|switch|p2a: Tsuyo-sa|Kommo-o, M|100/100
|move|p1a: Dragapult|Hex|p2a: Tsuyo-sa
|-damage|p2a: Tsuyo-sa|71/100
|
|-heal|p2a: Tsuyo-sa|77/100|[from] item: Leftovers
|upkeep
|turn|9
|
|t:|1759036059
|-terastallize|p2a: Tsuyo-sa|Steel
|move|p1a: Dragapult|Dragon Darts|p2a: Tsuyo-sa
|-resisted|p2a: Tsuyo-sa
|-damage|p2a: Tsuyo-sa|67/100
|-anim|p1a: Dragapult|Dragon Darts|p2a: Tsuyo-sa
|-resisted|p2a: Tsuyo-sa
|-damage|p2a: Tsuyo-sa|57/100
|move|p2a: Tsuyo-sa|Clangorous Soul|p2a: Tsuyo-sa
|-boost|p2a: Tsuyo-sa|atk|1
|-boost|p2a: Tsuyo-sa|def|1
|-boost|p2a: Tsuyo-sa|spa|1
|-boost|p2a: Tsuyo-sa|spd|1
|-boost|p2a: Tsuyo-sa|spe|1
|-damage|p2a: Tsuyo-sa|24/100
|
|-heal|p2a: Tsuyo-sa|30/100|[from] item: Leftovers
|upkeep
|turn|10
|
|t:|1759036077
|switch|p1a: Ting-Lu|Ting-Lu|100/100
|-ability|p1a: Ting-Lu|Vessel of Ruin
|move|p2a: Tsuyo-sa|Dragon Claw|p1a: Ting-Lu
|-damage|p1a: Ting-Lu|72/100
|
|-heal|p2a: Tsuyo-sa|36/100|[from] item: Leftovers
|-heal|p1a: Ting-Lu|78/100|[from] item: Leftovers
|upkeep
|turn|11
|
|t:|1759036087
|move|p2a: Tsuyo-sa|Brick Break|p1a: Ting-Lu
|-supereffective|p1a: Ting-Lu
|-damage|p1a: Ting-Lu|20/100
|move|p1a: Ting-Lu|Stealth Rock|p2a: Tsuyo-sa
|-sidestart|p2: CadenG18|move: Stealth Rock
|
|-heal|p2a: Tsuyo-sa|42/100|[from] item: Leftovers
|-heal|p1a: Ting-Lu|26/100|[from] item: Leftovers
|upkeep
|turn|12
|
|t:|1759036100
|move|p2a: Tsuyo-sa|Dragon Claw|p1a: Ting-Lu
|-damage|p1a: Ting-Lu|0 fnt
|faint|p1a: Ting-Lu
|
|-heal|p2a: Tsuyo-sa|49/100|[from] item: Leftovers
|upkeep
|
|t:|1759036108
|switch|p1a: Dragonite|Dragonite, F|100/100
|turn|13
|
|t:|1759036114
|move|p2a: Tsuyo-sa|Dragon Claw|p1a: Dragonite
|-supereffective|p1a: Dragonite
|-damage|p1a: Dragonite|44/100
|move|p1a: Dragonite|Earthquake|p2a: Tsuyo-sa
|-supereffective|p2a: Tsuyo-sa
|-damage|p2a: Tsuyo-sa|0 fnt
|faint|p2a: Tsuyo-sa
|
|upkeep
|inactive|CadenG18 has 120 seconds left.
|
|t:|1759036174
|switch|p2a: Megumi|Greninja, M, shiny|38/100
|-damage|p2a: Megumi|26/100|[from] Stealth Rock
|turn|14
|
|t:|1759036187
|move|p1a: Dragonite|Extreme Speed|p2a: Megumi
|-damage|p2a: Megumi|0 fnt
|faint|p2a: Megumi
|
|upkeep
|inactive|CadenG18 has 90 seconds left.
|
|t:|1759036217
|switch|p2a: Yamata|Hydreigon, F|100/100
|-damage|p2a: Yamata|88/100|[from] Stealth Rock
|turn|15
|
|t:|1759036223
|switch|p1a: Weezing|Weezing-Galar, F|100/100
|-ability|p1a: Weezing|Neutralizing Gas
|move|p2a: Yamata|Flamethrower|p1a: Weezing
|-crit|p1a: Weezing
|-damage|p1a: Weezing|5/100
|
|upkeep
|turn|16
|inactive|CadenG18 has 90 seconds left.
|
|t:|1759036232
|move|p2a: Yamata|Flamethrower|p1a: Weezing
|-damage|p1a: Weezing|0 fnt
|faint|p1a: Weezing
|-end|p1a: Weezing|ability: Neutralizing Gas
|
|upkeep
|
|t:|1759036236
|switch|p1a: Dragapult|Dragapult, M|100/100
|turn|17
|
|t:|1759036239
|move|p1a: Dragapult|Dragon Darts|p2a: Yamata
|-supereffective|p2a: Yamata
|-damage|p2a: Yamata|43/100
|-anim|p1a: Dragapult|Dragon Darts|p2a: Yamata
|-supereffective|p2a: Yamata
|-damage|p2a: Yamata|0 fnt
|faint|p2a: Yamata
|
|upkeep
|
|t:|1759036251
|switch|p2a: Soleia|Armarouge, F, shiny|100/100
|-damage|p2a: Soleia|76/100|[from] Stealth Rock
|turn|18
|
|t:|1759036270
|move|p1a: Dragapult|Hex|p2a: Soleia
|-supereffective|p2a: Soleia
|-damage|p2a: Soleia|16/100
|move|p2a: Soleia|Psychic|p1a: Dragapult
|-damage|p1a: Dragapult|28/100
|-start|p2a: Soleia|Disable|Psychic|[from] ability: Cursed Body|[of] p1a: Dragapult
|
|upkeep
|turn|19
|
|t:|1759036277
|move|p1a: Dragapult|Dragon Darts|p2a: Soleia
|-damage|p2a: Soleia|0 fnt
|faint|p2a: Soleia
|
|upkeep
|
|t:|1759036279
|switch|p2a: Cieri|Ceruledge, F, shiny|100/100
|-damage|p2a: Cieri|76/100|[from] Stealth Rock
|turn|20
|
|t:|1759036283
|move|p2a: Cieri|Shadow Sneak|p1a: Dragapult
|-supereffective|p1a: Dragapult
|-damage|p1a: Dragapult|0 fnt
|faint|p1a: Dragapult
|
|upkeep
|
|t:|1759036291
|switch|p1a: Iron Crown|Iron Crown|100/100
|turn|21
|
|t:|1759036301
|move|p1a: Iron Crown|Psyshock|p2a: Cieri
|-damage|p2a: Cieri|0 fnt
|faint|p2a: Cieri
|
|win|acediawa
|raw|acediawa's rating: 1461 &rarr; <strong>1476</strong><br />(+15 for winning)
|raw|CadenG18's rating: 1377 &rarr; <strong>1362</strong><br />(-15 for losing)
|l|☆acediawa
|player|p1|
|l|☆CadenG18
|player|p2|
