|j|☆Ehte
|j|☆ChessDennis
|t:|1758982682
|gametype|singles
|player|p1|Ehte|170|1326
|player|p2|ChessDennis|266|1364
|gen|9
|tier|[Gen 9] OU
|rated|
|rule|HP Percentage Mod: HP is shown in percentages
|rule|Endless Battle Clause: Forcing endless battles is banned
|rule|Species Clause: Limit one of each Pokémon
|rule|OHKO Clause: OHKO moves are banned
|rule|Evasion Items Clause: Evasion items are banned
|rule|Evasion Moves Clause: Evasion moves are banned
|rule|Evasion Abilities Clause: Evasion abilities are banned
|rule|Sleep Moves Clause: Sleep-inducing moves are banned
|clearpoke
|poke|p1|Clodsire, F|
|poke|p1|Pecharunt|
|poke|p1|Bruxish, F|
|poke|p1|Moltres|
|poke|p1|Cyclizar, F|
|poke|p1|Iron Valiant|
|poke|p2|Cinderace, F|
|poke|p2|Raging Bolt|
|poke|p2|Latias, F|
|poke|p2|Gholdengo|
|poke|p2|Clefable, M|
|poke|p2|Iron Treads|
|teampreview
|
|t:|1758982692
|teamsize|p1|6
|teamsize|p2|6
|start
|switch|p1a: Bruxish|Bruxish, F|100/100
|switch|p2a: Iron Treads|Iron Treads|100/100
|-enditem|p2a: Iron Treads|Booster Energy
|-activate|p2a: Iron Treads|ability: Quark Drive|[fromitem]
|-start|p2a: Iron Treads|quarkdrivespa
|turn|1
|
|t:|1758982710
|switch|p1a: Clodsire|Clodsire, F|100/100
|move|p2a: Iron Treads|Volt Switch|p1a: Clodsire
|-immune|p1a: Clodsire
|
|upkeep
|turn|2
|
|t:|1758982716
|switch|p1a: Moltres|Moltres|100/100
|move|p2a: Iron Treads|Earth Power|p1a: Moltres
|-immune|p1a: Moltres
|
|upkeep
|turn|3
|
|t:|1758982727
|switch|p1a: Cyclizar|Cyclizar, F|100/100
|move|p2a: Iron Treads|Volt Switch|p1a: Cyclizar
|-resisted|p1a: Cyclizar
|-damage|p1a: Cyclizar|93/100
|
|t:|1758982731
|-end|p2a: Iron Treads|Quark Drive|[silent]
|switch|p2a: Clefable|Clefable, M|100/100|[from] Volt Switch
|
|upkeep
|turn|4
|
|t:|1758982735
|move|p1a: Cyclizar|U-turn|p2a: Clefable
|-resisted|p2a: Clefable
|-damage|p2a: Clefable|92/100
|
|t:|1758982743
|switch|p1a: Pecharunt|Pecharunt|100/100|[from] U-turn
|move|p2a: Clefable|Stealth Rock|p1a: Pecharunt
|-sidestart|p1: Ehte|move: Stealth Rock
|
|upkeep
|turn|5
|
|t:|1758982748
|move|p2a: Clefable|Trick|p1a: Pecharunt
|-activate|p2a: Clefable|move: Trick|[of] p1a: Pecharunt
|-item|p1a: Pecharunt|Life Orb|[from] move: Trick
|-item|p2a: Clefable|Heavy-Duty Boots|[from] move: Trick
|move|p1a: Pecharunt|Parting Shot|p2a: Clefable
|-unboost|p2a: Clefable|atk|1
|-unboost|p2a: Clefable|spa|1
|
|t:|1758982753
|switch|p1a: Bruxish|Bruxish, F|100/100|[from] Parting Shot
|-damage|p1a: Bruxish|88/100|[from] Stealth Rock
|
|upkeep
|turn|6
|
|t:|1758982767
|move|p1a: Bruxish|Psychic Fangs|p2a: Clefable
|-damage|p2a: Clefable|0 fnt
|faint|p2a: Clefable
|
|upkeep
|
|t:|1758982773
|switch|p2a: Cinderace|Cinderace, F|100/100
|turn|7
|
|t:|1758982779
|switch|p1a: Moltres|Moltres|100/100
|move|p2a: Cinderace|Sunny Day|p2a: Cinderace
|-weather|SunnyDay
|
|-weather|SunnyDay|[upkeep]
|upkeep
|turn|8
|
|t:|1758982786
|move|p2a: Cinderace|Pyro Ball|p1a: Moltres
|-resisted|p1a: Moltres
|-damage|p1a: Moltres|73/100
|move|p1a: Moltres|Roar|p2a: Cinderace
|drag|p2a: Raging Bolt|Raging Bolt|100/100
|-activate|p2a: Raging Bolt|ability: Protosynthesis
|-start|p2a: Raging Bolt|protosynthesisspa
|
|-weather|SunnyDay|[upkeep]
|upkeep
|turn|9
|
|t:|1758982793
|switch|p1a: Cyclizar|Cyclizar, F|100/100
|-damage|p1a: Cyclizar|88/100|[from] Stealth Rock
|move|p2a: Raging Bolt|Volt Switch|p1a: Cyclizar
|-resisted|p1a: Cyclizar
|-damage|p1a: Cyclizar|68/100
|
|t:|1758982804
|-end|p2a: Raging Bolt|Protosynthesis|[silent]
|switch|p2a: Cinderace|Cinderace, F|100/100|[from] Volt Switch
|
|-weather|SunnyDay|[upkeep]
|upkeep
|turn|10
|
|t:|1758982812
|switch|p1a: Pecharunt|Pecharunt|100/100
|-damage|p1a: Pecharunt|88/100|[from] Stealth Rock
|move|p2a: Cinderace|Pyro Ball|p1a: Pecharunt
|-damage|p1a: Pecharunt|48/100
|
|-weather|SunnyDay|[upkeep]
|upkeep
|turn|11
|
|t:|1758982822
|move|p2a: Cinderace|U-turn|p1a: Pecharunt
|-resisted|p1a: Pecharunt
|-damage|p1a: Pecharunt|46/100
|
|t:|1758982825
|switch|p2a: Gholdengo|Gholdengo|100/100|[from] U-turn
|move|p1a: Pecharunt|Recover|p1a: Pecharunt
|-heal|p1a: Pecharunt|96/100
|
|-weather|none
|upkeep
|turn|12
|
|t:|1758982835
|switch|p1a: Clodsire|Clodsire, F|100/100
|-damage|p1a: Clodsire|94/100|[from] Stealth Rock
|move|p2a: Gholdengo|Shadow Ball|p1a: Clodsire
|-damage|p1a: Clodsire|63/100
|
|-heal|p1a: Clodsire|69/100|[from] item: Leftovers
|upkeep
|turn|13
|
|t:|1758982846
|switch|p2a: Latias|Latias, F|100/100
|move|p1a: Clodsire|Toxic|p2a: Latias
|-status|p2a: Latias|tox
|
|-heal|p1a: Clodsire|75/100|[from] item: Leftovers
|-damage|p2a: Latias|94/100 tox|[from] psn
|upkeep
|turn|14
|
|t:|1758982851
|switch|p1a: Cyclizar|Cyclizar, F|100/100
|-damage|p1a: Cyclizar|88/100|[from] Stealth Rock
|move|p2a: Latias|Trick|p1a: Cyclizar
|-activate|p2a: Latias|move: Trick|[of] p1a: Cyclizar
|-item|p1a: Cyclizar|Choice Scarf|[from] move: Trick
|-item|p2a: Latias|Assault Vest|[from] move: Trick
|
|-damage|p2a: Latias|82/100 tox|[from] psn
|upkeep
|turn|15
|
|t:|1758982861
|switch|p2a: Iron Treads|Iron Treads|100/100
|move|p1a: Cyclizar|Rapid Spin|p2a: Iron Treads
|-resisted|p2a: Iron Treads
|-damage|p2a: Iron Treads|93/100
|-boost|p1a: Cyclizar|spe|1
|-sideend|p1: Ehte|Stealth Rock|[from] move: Rapid Spin|[of] p1a: Cyclizar
|
|upkeep
|turn|16
|
|t:|1758982870
|switch|p1a: Moltres|Moltres|73/100
|move|p2a: Iron Treads|Steel Beam|p1a: Moltres
|-resisted|p1a: Moltres
|-damage|p1a: Moltres|46/100
|-damage|p2a: Iron Treads|43/100|[from] steelbeam
|
|upkeep
|turn|17
|
|t:|1758982875
|move|p2a: Iron Treads|Volt Switch|p1a: Moltres
|-supereffective|p1a: Moltres
|-damage|p1a: Moltres|8/100
|
|t:|1758982879
|-end|p2a: Iron Treads|Quark Drive|[silent]
|switch|p2a: Latias|Latias, F|82/100 tox|[from] Volt Switch
|move|p1a: Moltres|Roost|p1a: Moltres
|-heal|p1a: Moltres|58/100
|-singleturn|p1a: Moltres|move: Roost
|
|-damage|p2a: Latias|76/100 tox|[from] psn
|upkeep
|turn|18
|
|t:|1758982884
|switch|p1a: Cyclizar|Cyclizar, F|100/100
|move|p2a: Latias|Draco Meteor|p1a: Cyclizar
|-supereffective|p1a: Cyclizar
|-damage|p1a: Cyclizar|0 fnt
|-unboost|p2a: Latias|spa|2
|faint|p1a: Cyclizar
|
|-damage|p2a: Latias|63/100 tox|[from] psn
|upkeep
|
|t:|1758982902
|switch|p1a: Iron Valiant|Iron Valiant, shiny|100/100
|turn|19
|
|t:|1758982910
|switch|p2a: Iron Treads|Iron Treads|43/100
|move|p1a: Iron Valiant|Knock Off|p2a: Iron Treads
|-damage|p2a: Iron Treads|21/100
|
|upkeep
|turn|20
|
|t:|1758982919
|move|p1a: Iron Valiant|Knock Off|p2a: Iron Treads
|-damage|p2a: Iron Treads|0 fnt
|faint|p2a: Iron Treads
|-end|p2a: Iron Treads|Quark Drive|[silent]
|
|upkeep
|
|t:|1758982924
|switch|p2a: Cinderace|Cinderace, F|100/100
|turn|21
|
|t:|1758982928
|-end|p1a: Iron Valiant|Quark Drive|[silent]
|switch|p1a: Pecharunt|Pecharunt|96/100
|move|p2a: Cinderace|Will-O-Wisp|p1a: Pecharunt|[miss]
|-miss|p2a: Cinderace|p1a: Pecharunt
|
|upkeep
|turn|22
|
|t:|1758982933
|move|p2a: Cinderace|Will-O-Wisp|p1a: Pecharunt
|-status|p1a: Pecharunt|brn
|move|p1a: Pecharunt|Shadow Ball|p2a: Cinderace
|-damage|p2a: Cinderace|56/100
|-damage|p1a: Pecharunt|86/100 brn|[from] item: Life Orb
|
|-damage|p1a: Pecharunt|80/100 brn|[from] brn
|upkeep
|turn|23
|
|t:|1758982940
|move|p2a: Cinderace|Sunny Day|p2a: Cinderace
|-weather|SunnyDay
|move|p1a: Pecharunt|Malignant Chain|p2a: Cinderace
|-damage|p2a: Cinderace|0 fnt
|faint|p2a: Cinderace
|-damage|p1a: Pecharunt|70/100 brn|[from] item: Life Orb
|
|-weather|SunnyDay|[upkeep]
|-damage|p1a: Pecharunt|64/100 brn|[from] brn
|upkeep
|
|t:|1758982943
|switch|p2a: Raging Bolt|Raging Bolt|100/100
|-activate|p2a: Raging Bolt|ability: Protosynthesis
|-start|p2a: Raging Bolt|protosynthesisspa
|turn|24
|
|t:|1758982946
|move|p2a: Raging Bolt|Weather Ball|p1a: Pecharunt
|-damage|p1a: Pecharunt|0 fnt
|faint|p1a: Pecharunt
|
|-weather|SunnyDay|[upkeep]
|upkeep
|
|t:|1758982953
|switch|p1a: Clodsire|Clodsire, F|75/100
|turn|25
|
|t:|1758982959
|move|p2a: Raging Bolt|Draco Meteor|p1a: Clodsire
|-damage|p1a: Clodsire|6/100
|-unboost|p2a: Raging Bolt|spa|2
|move|p1a: Clodsire|Earthquake|p2a: Raging Bolt
|-supereffective|p2a: Raging Bolt
|-damage|p2a: Raging Bolt|58/100
|
|-weather|SunnyDay|[upkeep]
|-heal|p1a: Clodsire|12/100|[from] item: Leftovers
|upkeep
|turn|26
|
|t:|1758982966
|move|p2a: Raging Bolt|Weather Ball|p1a: Clodsire
|-damage|p1a: Clodsire|0 fnt
|faint|p1a: Clodsire
|
|-weather|SunnyDay|[upkeep]
|upkeep
|
|t:|1758982972
|switch|p1a: Iron Valiant|Iron Valiant, shiny|100/100
|turn|27
|
|t:|1758982978
|move|p1a: Iron Valiant|Moonblast|p2a: Raging Bolt
|-supereffective|p2a: Raging Bolt
|-damage|p2a: Raging Bolt|0 fnt
|faint|p2a: Raging Bolt
|-end|p2a: Raging Bolt|Protosynthesis|[silent]
|
|-weather|none
|upkeep
|
|t:|1758982982
|switch|p2a: Latias|Latias, F|63/100 tox
|turn|28
|
|t:|1758982984
|move|p1a: Iron Valiant|Knock Off|p2a: Latias
|-supereffective|p2a: Latias
|-damage|p2a: Latias|0 fnt
|-enditem|p2a: Latias|Assault Vest|[from] move: Knock Off|[of] p1a: Iron Valiant
|faint|p2a: Latias
|
|upkeep
|
|t:|1758982987
|switch|p2a: Gholdengo|Gholdengo|100/100
|turn|29
|
|t:|1758982999
|-terastallize|p2a: Gholdengo|Fairy
|move|p2a: Gholdengo|Shadow Ball|p1a: Iron Valiant
|-damage|p1a: Iron Valiant|10/100
|move|p1a: Iron Valiant|Knock Off|p2a: Gholdengo
|-resisted|p2a: Gholdengo
|-damage|p2a: Gholdengo|82/100
|-enditem|p2a: Gholdengo|Choice Scarf|[from] move: Knock Off|[of] p1a: Iron Valiant
|
|upkeep
|turn|30
|
|t:|1758983019
|move|p1a: Iron Valiant|Moonblast|p2a: Gholdengo
|-damage|p2a: Gholdengo|37/100
|-unboost|p2a: Gholdengo|spa|1
|move|p2a: Gholdengo|Shadow Ball|p1a: Iron Valiant
|-damage|p1a: Iron Valiant|0 fnt
|faint|p1a: Iron Valiant
|-end|p1a: Iron Valiant|Quark Drive|[silent]
|
|upkeep
|
|t:|1758983023
|switch|p1a: Bruxish|Bruxish, F|88/100
|turn|31
|
|t:|1758983025
|move|p1a: Bruxish|Psychic Fangs|p2a: Gholdengo
|-damage|p2a: Gholdengo|0 fnt
|faint|p2a: Gholdengo
|
|win|Ehte
|raw|Ehte's rating: 1326 &rarr; <strong>1348</strong><br />(+22 for winning)
|raw|ChessDennis's rating: 1364 &rarr; <strong>1342</strong><br />(-22 for losing)
|l|☆ChessDennis
|player|p2|
|l|☆Ehte
|player|p1|
