|j|☆penguinshen
|j|☆laloolalvaani
|t:|1759062218
|gametype|singles
|player|p1|penguinshen|lucas|1056
|player|p2|laloolalvaani|benga|1035
|gen|9
|tier|[Gen 9] OU
|rated|
|rule|HP Percentage Mod: HP is shown in percentages
|rule|Endless Battle Clause: Forcing endless battles is banned
|rule|Species Clause: Limit one of each Pokémon
|rule|OHKO Clause: OHKO moves are banned
|rule|Evasion Items Clause: Evasion items are banned
|rule|Evasion Moves Clause: Evasion moves are banned
|rule|Evasion Abilities Clause: Evasion abilities are banned
|rule|Sleep Moves Clause: Sleep-inducing moves are banned
|clearpoke
|poke|p1|Polteageist|
|poke|p1|Golem-Alola, F|
|poke|p1|Gliscor, F|
|poke|p1|Whimsicott, L30, M|
|poke|p1|Blaziken, F|
|poke|p1|Weavile, F|
|poke|p2|Darkrai|
|poke|p2|Tinkaton, F|
|poke|p2|Dragapult, F|
|poke|p2|Iron Valiant|
|poke|p2|Haxorus, M|
|poke|p2|Gengar, F|
|teampreview
|
|t:|1759062228
|teamsize|p1|6
|teamsize|p2|6
|start
|switch|p1a: Whimsicott|Whimsicott, L30, M|100/100
|switch|p2a: Haxorus|Haxorus, M|100/100
|-ability|p2a: Haxorus|Unnerve
|turn|1
|
|t:|1759062237
|switch|p2a: Iron Valiant|Iron Valiant|100/100
|-enditem|p2a: Iron Valiant|Booster Energy
|-activate|p2a: Iron Valiant|ability: Quark Drive|[fromitem]
|-start|p2a: Iron Valiant|quarkdrivespa
|move|p1a: Whimsicott|Leech Seed|p2a: Iron Valiant
|-start|p2a: Iron Valiant|move: Leech Seed
|
|-damage|p2a: Iron Valiant|88/100|[from] Leech Seed|[of] p1a: Whimsicott
|upkeep
|turn|2
|inactive|Battle timer is ON: inactive players will automatically lose when time's up. (requested by penguinshen)
|
|t:|1759062252
|move|p1a: Whimsicott|Substitute|p1a: Whimsicott
|-start|p1a: Whimsicott|Substitute
|-damage|p1a: Whimsicott|76/100
|move|p2a: Iron Valiant|Close Combat|p1a: Whimsicott
|-resisted|p1a: Whimsicott
|-end|p1a: Whimsicott|Substitute
|-unboost|p2a: Iron Valiant|def|1
|-unboost|p2a: Iron Valiant|spd|1
|
|-damage|p2a: Iron Valiant|76/100|[from] Leech Seed|[of] p1a: Whimsicott
|-heal|p1a: Whimsicott|100/100|[silent]
|upkeep
|turn|3
|
|t:|1759062271
|-end|p2a: Iron Valiant|Quark Drive|[silent]
|switch|p2a: Gengar|Gengar, F|100/100
|move|p1a: Whimsicott|Substitute|p1a: Whimsicott
|-start|p1a: Whimsicott|Substitute
|-damage|p1a: Whimsicott|76/100
|
|upkeep
|turn|4
|
|t:|1759062282
|move|p1a: Whimsicott|Leech Seed|p2a: Gengar
|-start|p2a: Gengar|move: Leech Seed
|move|p2a: Gengar|Poltergeist|p1a: Whimsicott
|-activate|p1a: Whimsicott|move: Poltergeist|Focus Sash
|-end|p1a: Whimsicott|Substitute
|-damage|p2a: Gengar|91/100|[from] item: Life Orb
|
|-damage|p2a: Gengar|78/100|[from] Leech Seed|[of] p1a: Whimsicott
|-heal|p1a: Whimsicott|100/100|[silent]
|upkeep
|turn|5
|
|t:|1759062297
|move|p1a: Whimsicott|Substitute|p1a: Whimsicott
|-start|p1a: Whimsicott|Substitute
|-damage|p1a: Whimsicott|76/100
|move|p2a: Gengar|Poltergeist|p1a: Whimsicott
|-activate|p1a: Whimsicott|move: Poltergeist|Focus Sash
|-end|p1a: Whimsicott|Substitute
|-damage|p2a: Gengar|68/100|[from] item: Life Orb
|
|-damage|p2a: Gengar|56/100|[from] Leech Seed|[of] p1a: Whimsicott
|-heal|p1a: Whimsicott|100/100|[silent]
|upkeep
|turn|6
|
|t:|1759062310
|move|p1a: Whimsicott|Substitute|p1a: Whimsicott
|-start|p1a: Whimsicott|Substitute
|-damage|p1a: Whimsicott|76/100
|move|p2a: Gengar|Pain Split||[still]
|-fail|p2a: Gengar
|
|-damage|p2a: Gengar|44/100|[from] Leech Seed|[of] p1a: Whimsicott
|-heal|p1a: Whimsicott|100/100|[silent]
|upkeep
|turn|7
|
|t:|1759062321
|move|p1a: Whimsicott|Encore|p2a: Gengar
|-start|p2a: Gengar|Encore
|move|p2a: Gengar|Pain Split||[still]
|-fail|p2a: Gengar
|
|-damage|p2a: Gengar|31/100|[from] Leech Seed|[of] p1a: Whimsicott
|upkeep
|turn|8
|
|t:|1759062331
|switch|p2a: Tinkaton|Tinkaton, F|100/100
|move|p1a: Whimsicott|Protect||[still]
|-fail|p1a: Whimsicott
|
|upkeep
|turn|9
|
|t:|1759062338
|move|p1a: Whimsicott|Leech Seed|p2a: Tinkaton
|-start|p2a: Tinkaton|move: Leech Seed
|move|p2a: Tinkaton|Gigaton Hammer|p1a: Whimsicott
|-supereffective|p1a: Whimsicott
|-end|p1a: Whimsicott|Substitute
|
|-damage|p2a: Tinkaton|88/100|[from] Leech Seed|[of] p1a: Whimsicott
|upkeep
|turn|10
|
|t:|1759062348
|move|p2a: Tinkaton|Protect|p2a: Tinkaton
|-singleturn|p2a: Tinkaton|Protect
|move|p1a: Whimsicott|Substitute|p1a: Whimsicott
|-start|p1a: Whimsicott|Substitute
|-damage|p1a: Whimsicott|76/100
|
|-heal|p2a: Tinkaton|94/100|[from] item: Leftovers
|-damage|p2a: Tinkaton|82/100|[from] Leech Seed|[of] p1a: Whimsicott
|-heal|p1a: Whimsicott|100/100|[silent]
|upkeep
|turn|11
|-message|laloolalvaani forfeited.
|
|win|penguinshen
|raw|penguinshen's rating: 1056 &rarr; <strong>1086</strong><br />(+30 for winning)
|raw|laloolalvaani's rating: 1035 &rarr; <strong>1021</strong><br />(-14 for losing)
|l|☆laloolalvaani
|player|p2|
