|j|☆AltLocke
|j|☆sdgkjshdkf
|t:|1757788799
|gametype|singles
|player|p1|AltLocke|170|1596
|player|p2|sdgkjshdkf|1|1633
|gen|9
|tier|[Gen 9] OU
|rated|
|rule|HP Percentage Mod: HP is shown in percentages
|rule|Endless Battle Clause: Forcing endless battles is banned
|rule|Species Clause: Limit one of each Pokémon
|rule|OHKO Clause: OHKO moves are banned
|rule|Evasion Items Clause: Evasion items are banned
|rule|Evasion Moves Clause: Evasion moves are banned
|rule|Evasion Abilities Clause: Evasion abilities are banned
|rule|Sleep Moves Clause: Sleep-inducing moves are banned
|clearpoke
|poke|p1|Torkoal, M|
|poke|p1|Hatterene, F|
|poke|p1|Walking Wake|
|poke|p1|Typhlosion-Hisui, M|
|poke|p1|Great Tusk|
|poke|p1|Lilligant-Hisui, F|
|poke|p2|Ribombee, F|
|poke|p2|Gholdengo|
|poke|p2|Dragonite, F|
|poke|p2|Ceruledge, M|
|poke|p2|Great Tusk|
|poke|p2|Comfey, M|
|teampreview
|
|t:|1757788805
|teamsize|p1|6
|teamsize|p2|6
|start
|switch|p1a: Torkoal|Torkoal, M|100/100
|switch|p2a: Ribombee|Ribombee, F|100/100
|-weather|SunnyDay|[from] ability: Drought|[of] p1a: Torkoal
|turn|1
|
|t:|1757788812
|switch|p2a: Great Tusk|Great Tusk|100/100
|-activate|p2a: Great Tusk|ability: Protosynthesis
|-start|p2a: Great Tusk|protosynthesisdef
|switch|p1a: Hatterene|Hatterene, F|100/100
|
|-weather|SunnyDay|[upkeep]
|upkeep
|turn|2
|
|t:|1757788819
|move|p2a: Great Tusk|Knock Off|p1a: Hatterene
|-damage|p1a: Hatterene|79/100
|-enditem|p1a: Hatterene|Eject Button|[from] move: Knock Off|[of] p2a: Great Tusk
|move|p1a: Hatterene|Psychic Noise|p2a: Great Tusk
|-supereffective|p2a: Great Tusk
|-damage|p2a: Great Tusk|16/100
|-start|p2a: Great Tusk|move: Heal Block
|
|-weather|SunnyDay|[upkeep]
|upkeep
|turn|3
|
|t:|1757788824
|move|p2a: Great Tusk|Earthquake|p1a: Hatterene
|-damage|p1a: Hatterene|40/100
|move|p1a: Hatterene|Psychic Noise|p2a: Great Tusk
|-supereffective|p2a: Great Tusk
|-damage|p2a: Great Tusk|0 fnt
|faint|p2a: Great Tusk
|-end|p2a: Great Tusk|Protosynthesis|[silent]
|
|-weather|SunnyDay|[upkeep]
|upkeep
|
|t:|1757788828
|switch|p2a: Ribombee|Ribombee, F|100/100
|turn|4
|
|t:|1757788837
|switch|p1a: Torkoal|Torkoal, M|100/100
|move|p2a: Ribombee|Skill Swap|p1a: Torkoal
|-activate|p2a: Ribombee|move: Skill Swap|Drought|Shield Dust|[of] p1a: Torkoal
|
|-weather|SunnyDay|[upkeep]
|upkeep
|turn|5
|
|t:|1757788839
|switch|p1a: Hatterene|Hatterene, F|40/100
|move|p2a: Ribombee|Stun Spore|p1a: Hatterene
|move|p1a: Hatterene|Stun Spore|p2a: Ribombee|[from] ability: Magic Bounce
|-status|p2a: Ribombee|par
|
|-weather|SunnyDay|[upkeep]
|upkeep
|turn|6
|
|t:|1757788848
|move|p2a: Ribombee|Skill Swap|p1a: Hatterene
|-activate|p2a: Ribombee|move: Skill Swap|Magic Bounce|Drought|[of] p1a: Hatterene
|move|p1a: Hatterene|Psychic Noise|p2a: Ribombee
|-damage|p2a: Ribombee|52/100 par
|-start|p2a: Ribombee|move: Heal Block
|
|-weather|SunnyDay|[upkeep]
|upkeep
|turn|7
|
|t:|1757788851
|move|p2a: Ribombee|Sticky Web|p1a: Hatterene
|-sidestart|p1: AltLocke|move: Sticky Web
|move|p1a: Hatterene|Psychic Noise|p2a: Ribombee
|-damage|p2a: Ribombee|8/100 par
|
|-weather|SunnyDay|[upkeep]
|-end|p2a: Ribombee|move: Heal Block
|upkeep
|turn|8
|
|t:|1757788859
|move|p2a: Ribombee|Stun Spore|p1a: Hatterene
|-status|p1a: Hatterene|par
|move|p1a: Hatterene|Psychic Noise|p2a: Ribombee
|-damage|p2a: Ribombee|0 fnt
|faint|p2a: Ribombee
|
|-weather|none
|upkeep
|
|t:|1757788868
|switch|p2a: Gholdengo|Gholdengo|100/100
|-item|p2a: Gholdengo|Air Balloon
|turn|9
|
|t:|1757788871
|move|p2a: Gholdengo|Shadow Ball|p1a: Hatterene
|-supereffective|p1a: Hatterene
|-damage|p1a: Hatterene|0 fnt
|faint|p1a: Hatterene
|
|upkeep
|
|t:|1757788880
|switch|p1a: Great Tusk|Great Tusk|100/100
|-activate|p1a: Great Tusk|move: Sticky Web
|-unboost|p1a: Great Tusk|spe|1
|turn|10
|
|t:|1757788883
|move|p2a: Gholdengo|Dazzling Gleam|p1a: Great Tusk
|-supereffective|p1a: Great Tusk
|-damage|p1a: Great Tusk|46/100
|move|p1a: Great Tusk|Temper Flare|p2a: Gholdengo
|-supereffective|p2a: Gholdengo
|-damage|p2a: Gholdengo|42/100
|-enditem|p2a: Gholdengo|Air Balloon
|
|upkeep
|turn|11
|
|t:|1757788896
|-end|p1a: Great Tusk|Protosynthesis|[silent]
|switch|p1a: Torkoal|Torkoal, M|100/100
|-activate|p1a: Torkoal|move: Sticky Web
|-unboost|p1a: Torkoal|spe|1
|-weather|SunnyDay|[from] ability: Drought|[of] p1a: Torkoal
|move|p2a: Gholdengo|Shadow Ball|p1a: Torkoal
|-damage|p1a: Torkoal|45/100
|
|-weather|SunnyDay|[upkeep]
|upkeep
|turn|12
|
|t:|1757788901
|move|p2a: Gholdengo|Shadow Ball|p1a: Torkoal
|-damage|p1a: Torkoal|0 fnt
|faint|p1a: Torkoal
|
|-weather|SunnyDay|[upkeep]
|upkeep
|
|t:|1757788907
|switch|p1a: Walking Wake|Walking Wake|100/100
|-activate|p1a: Walking Wake|move: Sticky Web
|-unboost|p1a: Walking Wake|spe|1
|-activate|p1a: Walking Wake|ability: Protosynthesis
|-start|p1a: Walking Wake|protosynthesisspa
|turn|13
|
|t:|1757788915
|move|p2a: Gholdengo|Dazzling Gleam|p1a: Walking Wake
|-supereffective|p1a: Walking Wake
|-damage|p1a: Walking Wake|33/100
|move|p1a: Walking Wake|Hydro Steam|p2a: Gholdengo
|-damage|p2a: Gholdengo|0 fnt
|faint|p2a: Gholdengo
|
|-weather|SunnyDay|[upkeep]
|upkeep
|
|t:|1757788927
|switch|p2a: Comfey|Comfey, M|100/100
|turn|14
|
|t:|1757788932
|move|p2a: Comfey|Draining Kiss|p1a: Walking Wake
|-supereffective|p1a: Walking Wake
|-damage|p1a: Walking Wake|0 fnt
|faint|p1a: Walking Wake
|-end|p1a: Walking Wake|Protosynthesis|[silent]
|-damage|p2a: Comfey|91/100|[from] item: Life Orb
|
|-weather|SunnyDay|[upkeep]
|upkeep
|
|t:|1757788933
|switch|p1a: Typhlosion|Typhlosion-Hisui, M|100/100
|-activate|p1a: Typhlosion|move: Sticky Web
|-unboost|p1a: Typhlosion|spe|1
|turn|15
|
|t:|1757788944
|switch|p2a: Ceruledge|Ceruledge, M|100/100
|move|p1a: Typhlosion|Flamethrower|p2a: Ceruledge
|-resisted|p2a: Ceruledge
|-damage|p2a: Ceruledge|39/100
|
|-weather|SunnyDay|[upkeep]
|upkeep
|turn|16
|
|t:|1757788947
|move|p2a: Ceruledge|Poltergeist|p1a: Typhlosion
|-activate|p1a: Typhlosion|move: Poltergeist|Choice Specs
|-supereffective|p1a: Typhlosion
|-damage|p1a: Typhlosion|0 fnt
|faint|p1a: Typhlosion
|
|-weather|SunnyDay|[upkeep]
|upkeep
|
|t:|1757788953
|switch|p1a: Lilligant|Lilligant-Hisui, F|100/100
|-activate|p1a: Lilligant|move: Sticky Web
|-unboost|p1a: Lilligant|spe|1
|turn|17
|
|t:|1757788955
|-terastallize|p1a: Lilligant|Ghost
|move|p1a: Lilligant|Tera Blast|p2a: Ceruledge|[anim] Tera Blast Ghost
|-supereffective|p2a: Ceruledge
|-damage|p2a: Ceruledge|0 fnt
|faint|p2a: Ceruledge
|-damage|p1a: Lilligant|91/100|[from] item: Life Orb
|
|-weather|SunnyDay|[upkeep]
|upkeep
|
|t:|1757788960
|switch|p2a: Comfey|Comfey, M|91/100
|turn|18
|
|t:|1757788965
|move|p2a: Comfey|Draining Kiss|p1a: Lilligant
|-damage|p1a: Lilligant|46/100
|-heal|p2a: Comfey|100/100|[from] drain|[of] p1a: Lilligant
|-damage|p2a: Comfey|91/100|[from] item: Life Orb
|move|p1a: Lilligant|Solar Blade||[still]
|-prepare|p1a: Lilligant|Solar Blade
|-anim|p1a: Lilligant|Solar Blade|p2a: Comfey
|-damage|p2a: Comfey|0 fnt
|faint|p2a: Comfey
|-damage|p1a: Lilligant|36/100|[from] item: Life Orb
|
|-weather|none
|upkeep
|
|t:|1757788971
|switch|p2a: Dragonite|Dragonite, F|100/100
|turn|19
|
|t:|1757788980
|-terastallize|p2a: Dragonite|Normal
|move|p2a: Dragonite|Dragon Dance|p2a: Dragonite
|-boost|p2a: Dragonite|atk|1
|-boost|p2a: Dragonite|spe|1
|move|p1a: Lilligant|Triple Axel|p2a: Dragonite
|-damage|p2a: Dragonite|96/100
|-damage|p2a: Dragonite|78/100
|-damage|p2a: Dragonite|55/100
|-hitcount|p2a: Dragonite|3
|-damage|p1a: Lilligant|26/100|[from] item: Life Orb
|
|upkeep
|turn|20
|
|t:|1757788994
|move|p2a: Dragonite|Earthquake|p1a: Lilligant
|-damage|p1a: Lilligant|0 fnt
|faint|p1a: Lilligant
|
|upkeep
|
|t:|1757788997
|switch|p1a: Great Tusk|Great Tusk|46/100
|-activate|p1a: Great Tusk|move: Sticky Web
|-unboost|p1a: Great Tusk|spe|1
|turn|21
|
|t:|1757789000
|move|p2a: Dragonite|Roost|p2a: Dragonite
|-heal|p2a: Dragonite|100/100
|move|p1a: Great Tusk|Headlong Rush|p2a: Dragonite
|-damage|p2a: Dragonite|69/100
|-unboost|p1a: Great Tusk|def|1
|-unboost|p1a: Great Tusk|spd|1
|
|upkeep
|turn|22
|-message|AltLocke forfeited.
|
|win|sdgkjshdkf
|raw|AltLocke's rating: 1596 &rarr; <strong>1578</strong><br />(-18 for losing)
|raw|sdgkjshdkf's rating: 1633 &rarr; <strong>1651</strong><br />(+18 for winning)
|l|☆AltLocke
|player|p1|
|l|☆sdgkjshdkf
|player|p2|
