|j|☆Gimmicko
|j|☆ghidorahstan69
|t:|1757948000
|gametype|singles
|player|p1|Gimmicko|170|1202
|player|p2|ghidorahstan69|hiker-gen4|1158
|gen|9
|tier|[Gen 9] OU
|rated|
|rule|HP Percentage Mod: HP is shown in percentages
|rule|Endless Battle Clause: Forcing endless battles is banned
|rule|Species Clause: Limit one of each Pokémon
|rule|OHKO Clause: OHKO moves are banned
|rule|Evasion Items Clause: Evasion items are banned
|rule|Evasion Moves Clause: Evasion moves are banned
|rule|Evasion Abilities Clause: Evasion abilities are banned
|rule|Sleep Moves Clause: Sleep-inducing moves are banned
|clearpoke
|poke|p1|Magmar, F|
|poke|p1|Quagsire, F|
|poke|p1|Muk-Alola, F|
|poke|p1|Torterra, F|
|poke|p1|Cramorant, F|
|poke|p1|Dusclops, F|
|poke|p2|Salamence, F|
|poke|p2|Ribombee, F|
|poke|p2|Mandibuzz, F|
|poke|p2|Iron Treads|
|poke|p2|Pecharunt|
|poke|p2|Iron Crown|
|teampreview
|inactive|Battle timer is ON: inactive players will automatically lose when time's up. (requested by ghidorahstan69)
|
|t:|1757948005
|teamsize|p1|6
|teamsize|p2|6
|start
|switch|p1a: Magmar|Magmar, F|100/100
|switch|p2a: Salamence|Salamence, F|100/100
|-ability|p2a: Salamence|Intimidate|boost
|-unboost|p1a: Magmar|atk|1
|turn|1
|
|t:|1757948009
|move|p2a: Salamence|Air Slash|p1a: Magmar
|-damage|p1a: Magmar|71/100
|move|p1a: Magmar|Will-O-Wisp|p2a: Salamence|[miss]
|-miss|p1a: Magmar|p2a: Salamence
|
|upkeep
|turn|2
|
|t:|1757948014
|move|p2a: Salamence|Air Slash|p1a: Magmar
|-damage|p1a: Magmar|42/100
|move|p1a: Magmar|Will-O-Wisp|p2a: Salamence
|-status|p2a: Salamence|brn
|
|-damage|p2a: Salamence|94/100 brn|[from] brn
|upkeep
|turn|3
|
|t:|1757948022
|switch|p1a: Quagsire|Quagsire, F, shiny|100/100
|move|p2a: Salamence|Air Slash|p1a: Quagsire
|-damage|p1a: Quagsire|58/100
|
|-heal|p1a: Quagsire|64/100|[from] item: Leftovers
|-damage|p2a: Salamence|88/100 brn|[from] brn
|upkeep
|turn|4
|
|t:|1757948030
|move|p2a: Salamence|Draco Meteor|p1a: Quagsire
|-damage|p1a: Quagsire|0 fnt
|-unboost|p2a: Salamence|spa|2
|faint|p1a: Quagsire
|
|-damage|p2a: Salamence|82/100 brn|[from] brn
|upkeep
|
|t:|1757948040
|switch|p1a: Muk|Muk-Alola, F|100/100
|turn|5
|
|t:|1757948043
|move|p2a: Salamence|Air Slash|p1a: Muk
|-damage|p1a: Muk|84/100
|cant|p1a: Muk|flinch
|
|-heal|p1a: Muk|90/100|[from] item: Black Sludge
|-damage|p2a: Salamence|76/100 brn|[from] brn
|upkeep
|turn|6
|
|t:|1757948051
|switch|p2a: Iron Treads|Iron Treads|100/100
|move|p1a: Muk|Knock Off|p2a: Iron Treads
|-damage|p2a: Iron Treads|58/100
|-enditem|p2a: Iron Treads|Choice Scarf|[from] move: Knock Off|[of] p1a: Muk
|
|-heal|p1a: Muk|96/100|[from] item: Black Sludge
|upkeep
|turn|7
|
|t:|1757948062
|switch|p1a: Cramorant|Cramorant, F|100/100
|move|p2a: Iron Treads|Knock Off|p1a: Cramorant
|-damage|p1a: Cramorant|53/100
|-enditem|p1a: Cramorant|Heavy-Duty Boots|[from] move: Knock Off|[of] p2a: Iron Treads
|
|upkeep
|turn|8
|
|t:|1757948070
|move|p2a: Iron Treads|Iron Head|p1a: Cramorant
|-resisted|p1a: Cramorant
|-damage|p1a: Cramorant|24/100
|move|p1a: Cramorant|Surf|p2a: Iron Treads
|-formechange|p1a: Cramorant|Cramorant-Gorging|
|-supereffective|p2a: Iron Treads
|-damage|p2a: Iron Treads|0 fnt
|faint|p2a: Iron Treads
|-end|p2a: Iron Treads|Quark Drive|[silent]
|
|upkeep
|
|t:|1757948073
|switch|p2a: Ribombee|Ribombee, F|100/100
|turn|9
|
|t:|1757948082
|move|p2a: Ribombee|Stun Spore|p1a: Cramorant
|-status|p1a: Cramorant|par
|cant|p1a: Cramorant|par
|
|upkeep
|turn|10
|
|t:|1757948087
|move|p2a: Ribombee|Sticky Web|p1a: Cramorant
|-sidestart|p1: Gimmicko|move: Sticky Web
|cant|p1a: Cramorant|par
|
|upkeep
|turn|11
|
|t:|1757948092
|move|p2a: Ribombee|Moonblast|p1a: Cramorant
|-damage|p1a: Cramorant|0 fnt
|-damage|p2a: Ribombee|76/100|[from] ability: Gulp Missile|[of] p1a: Cramorant
|-status|p2a: Ribombee|par
|-formechange|p1a: Cramorant|Cramorant|
|faint|p1a: Cramorant
|
|upkeep
|
|t:|1757948097
|switch|p1a: Magmar|Magmar, F|42/100
|-activate|p1a: Magmar|move: Sticky Web
|-unboost|p1a: Magmar|spe|1
|turn|12
|
|t:|1757948099
|move|p2a: Ribombee|Stun Spore|p1a: Magmar
|-status|p1a: Magmar|par
|move|p1a: Magmar|Flamethrower|p2a: Ribombee
|-supereffective|p2a: Ribombee
|-damage|p2a: Ribombee|0 fnt
|faint|p2a: Ribombee
|
|upkeep
|
|t:|1757948105
|switch|p2a: Pecharunt|Pecharunt|100/100
|turn|13
|
|t:|1757948108
|move|p2a: Pecharunt|Malignant Chain|p1a: Magmar
|-damage|p1a: Magmar|5/100 par
|move|p1a: Magmar|Knock Off|p2a: Pecharunt
|-supereffective|p2a: Pecharunt
|-damage|p2a: Pecharunt|75/100
|-enditem|p2a: Pecharunt|Black Sludge|[from] move: Knock Off|[of] p1a: Magmar
|
|upkeep
|turn|14
|
|t:|1757948117
|move|p2a: Pecharunt|Shadow Ball|p1a: Magmar
|-damage|p1a: Magmar|0 fnt
|faint|p1a: Magmar
|
|upkeep
|
|t:|1757948120
|switch|p1a: Muk|Muk-Alola, F|96/100
|-activate|p1a: Muk|move: Sticky Web
|-unboost|p1a: Muk|spe|1
|turn|15
|
|t:|1757948126
|move|p2a: Pecharunt|Parting Shot|p1a: Muk
|-unboost|p1a: Muk|atk|1
|-unboost|p1a: Muk|spa|1
|
|t:|1757948128
|switch|p2a: Salamence|Salamence, F|76/100 brn|[from] Parting Shot
|-ability|p2a: Salamence|Intimidate|boost
|-unboost|p1a: Muk|atk|1
|move|p1a: Muk|Curse|p1a: Muk
|-unboost|p1a: Muk|spe|1
|-boost|p1a: Muk|atk|1
|-boost|p1a: Muk|def|1
|
|-heal|p1a: Muk|100/100|[from] item: Black Sludge
|-damage|p2a: Salamence|70/100 brn|[from] brn
|upkeep
|turn|16
|
|t:|1757948138
|move|p2a: Salamence|Heat Wave|p1a: Muk
|-damage|p1a: Muk|76/100
|-status|p1a: Muk|brn
|move|p1a: Muk|Curse|p1a: Muk
|-unboost|p1a: Muk|spe|1
|-boost|p1a: Muk|atk|1
|-boost|p1a: Muk|def|1
|
|-heal|p1a: Muk|82/100 brn|[from] item: Black Sludge
|-damage|p2a: Salamence|64/100 brn|[from] brn
|-damage|p1a: Muk|76/100 brn|[from] brn
|upkeep
|turn|17
|
|t:|1757948143
|move|p2a: Salamence|Draco Meteor|p1a: Muk
|-damage|p1a: Muk|21/100 brn
|-unboost|p2a: Salamence|spa|2
|move|p1a: Muk|Gunk Shot|p2a: Salamence
|-damage|p2a: Salamence|30/100 brn
|
|-heal|p1a: Muk|27/100 brn|[from] item: Black Sludge
|-damage|p2a: Salamence|24/100 brn|[from] brn
|-damage|p1a: Muk|21/100 brn|[from] brn
|upkeep
|turn|18
|
|t:|1757948154
|move|p2a: Salamence|Roost|p2a: Salamence
|-heal|p2a: Salamence|74/100 brn
|-singleturn|p2a: Salamence|move: Roost
|move|p1a: Muk|Knock Off|p2a: Salamence
|-damage|p2a: Salamence|50/100 brn
|-enditem|p2a: Salamence|Wide Lens|[from] move: Knock Off|[of] p1a: Muk
|
|-heal|p1a: Muk|27/100 brn|[from] item: Black Sludge
|-damage|p2a: Salamence|44/100 brn|[from] brn
|-damage|p1a: Muk|21/100 brn|[from] brn
|upkeep
|turn|19
|
|t:|1757948162
|switch|p2a: Iron Crown|Iron Crown|100/100
|move|p1a: Muk|Gunk Shot|p2a: Iron Crown
|-immune|p2a: Iron Crown
|
|-heal|p1a: Muk|27/100 brn|[from] item: Black Sludge
|-damage|p1a: Muk|21/100 brn|[from] brn
|upkeep
|turn|20
|
|t:|1757948166
|move|p2a: Iron Crown|Volt Switch|p1a: Muk
|-damage|p1a: Muk|0 fnt
|faint|p1a: Muk
|
|t:|1757948169
|-end|p2a: Iron Crown|Quark Drive|[silent]
|switch|p2a: Mandibuzz|Mandibuzz, F|100/100|[from] Volt Switch
|
|upkeep
|
|t:|1757948178
|switch|p1a: Torterra|Torterra, F|100/100
|-activate|p1a: Torterra|move: Sticky Web
|-unboost|p1a: Torterra|spe|1
|-enditem|p1a: Torterra|White Herb
|-clearnegativeboost|p1a: Torterra|[silent]
|turn|21
|
|t:|1757948182
|-terastallize|p1a: Torterra|Rock
|move|p1a: Torterra|Shell Smash|p1a: Torterra
|-unboost|p1a: Torterra|def|1
|-unboost|p1a: Torterra|spd|1
|-boost|p1a: Torterra|atk|2
|-boost|p1a: Torterra|spa|2
|-boost|p1a: Torterra|spe|2
|move|p2a: Mandibuzz|Toxic|p1a: Torterra
|-status|p1a: Torterra|tox
|
|-damage|p1a: Torterra|94/100 tox|[from] psn
|upkeep
|turn|22
|
|t:|1757948187
|move|p1a: Torterra|Rock Slide|p2a: Mandibuzz
|-supereffective|p2a: Mandibuzz
|-damage|p2a: Mandibuzz|9/100
|move|p2a: Mandibuzz|Foul Play|p1a: Torterra
|-damage|p1a: Torterra|0 fnt
|faint|p1a: Torterra
|
|upkeep
|
|t:|1757948190
|switch|p1a: Dusclops|Dusclops, F|100/100
|-activate|p1a: Dusclops|move: Sticky Web
|-unboost|p1a: Dusclops|spe|1
|-ability|p1a: Dusclops|Pressure
|turn|23
|
|t:|1757948196
|move|p2a: Mandibuzz|Toxic|p1a: Dusclops
|-status|p1a: Dusclops|tox
|move|p1a: Dusclops|Night Shade|p2a: Mandibuzz
|-damage|p2a: Mandibuzz|0 fnt
|faint|p2a: Mandibuzz
|
|-damage|p1a: Dusclops|95/100 tox|[from] psn
|upkeep
|
|t:|1757948199
|switch|p2a: Salamence|Salamence, F|44/100 brn
|-ability|p2a: Salamence|Intimidate|boost
|-unboost|p1a: Dusclops|atk|1
|turn|24
|
|t:|1757948203
|move|p2a: Salamence|Air Slash|p1a: Dusclops
|-damage|p1a: Dusclops|74/100 tox
|move|p1a: Dusclops|Night Shade|p2a: Salamence
|-damage|p2a: Salamence|19/100 brn
|
|-damage|p1a: Dusclops|62/100 tox|[from] psn
|-damage|p2a: Salamence|13/100 brn|[from] brn
|upkeep
|turn|25
|
|t:|1757948207
|move|p2a: Salamence|Draco Meteor|p1a: Dusclops
|-damage|p1a: Dusclops|30/100 tox
|-unboost|p2a: Salamence|spa|2
|move|p1a: Dusclops|Curse|p2a: Salamence
|-start|p2a: Salamence|Curse|[of] p1a: Dusclops
|-damage|p1a: Dusclops|0 fnt
|faint|p1a: Dusclops
|
|win|ghidorahstan69
|raw|Gimmicko's rating: 1202 &rarr; <strong>1174</strong><br />(-28 for losing)
|raw|ghidorahstan69's rating: 1158 &rarr; <strong>1186</strong><br />(+28 for winning)
|l|☆ghidorahstan69
|player|p2|
|l|☆Gimmicko
|player|p1|
