|j|☆REX_1A91S
|j|☆Agnes_Tachy0n
|t:|1757852225
|gametype|singles
|player|p1|REX_1A91S|riley|1310
|player|p2|Agnes_Tachy0n|lass|1292
|gen|9
|tier|[Gen 9] OU
|rated|
|rule|HP Percentage Mod: HP is shown in percentages
|rule|Endless Battle Clause: Forcing endless battles is banned
|rule|Species Clause: Limit one of each Pokémon
|rule|OHKO Clause: OHKO moves are banned
|rule|Evasion Items Clause: Evasion items are banned
|rule|Evasion Moves Clause: Evasion moves are banned
|rule|Evasion Abilities Clause: Evasion abilities are banned
|rule|Sleep Moves Clause: Sleep-inducing moves are banned
|clearpoke
|poke|p1|Corviknight, M|
|poke|p1|Slowking-Galar, M|
|poke|p1|Pecharunt|
|poke|p1|Kyurem|
|poke|p1|Zamazenta-*|
|poke|p1|Darkrai|
|poke|p2|Iron Thorns|
|poke|p2|Ribombee, F|
|poke|p2|Mismagius, M|
|poke|p2|Raging Bolt|
|poke|p2|Hatterene, F|
|poke|p2|Corviknight, F|
|teampreview
|
|t:|1757852242
|teamsize|p1|6
|teamsize|p2|6
|start
|switch|p1a: Slowking|Slowking-Galar, M|100/100
|switch|p2a: Raging Bolt|Raging Bolt|100/100
|turn|1
|
|t:|1757852248
|move|p2a: Raging Bolt|Dragon Pulse|p1a: Slowking
|-damage|p1a: Slowking|77/100
|move|p1a: Slowking|Ice Beam|p2a: Raging Bolt
|-supereffective|p2a: Raging Bolt
|-damage|p2a: Raging Bolt|63/100
|
|upkeep
|turn|2
|
|t:|1757852255
|move|p2a: Raging Bolt|Volt Switch|p1a: Slowking
|-damage|p1a: Slowking|57/100
|
|t:|1757852260
|-end|p2a: Raging Bolt|Protosynthesis|[silent]
|switch|p2a: Mismagius|Mismagius, M|100/100|[from] Volt Switch
|move|p1a: Slowking|Ice Beam|p2a: Mismagius
|-damage|p2a: Mismagius|64/100
|
|upkeep
|turn|3
|
|t:|1757852268
|switch|p1a: Darkrai|Darkrai|100/100
|move|p2a: Mismagius|Shadow Ball|p1a: Darkrai
|-resisted|p1a: Darkrai
|-damage|p1a: Darkrai|77/100
|
|upkeep
|turn|4
|
|t:|1757852276
|switch|p2a: Hatterene|Hatterene, F|100/100
|move|p1a: Darkrai|Dark Pulse|p2a: Hatterene
|-damage|p2a: Hatterene|56/100
|-enditem|p2a: Hatterene|Eject Button
|
|t:|1757852282
|switch|p2a: Ribombee|Ribombee, F|100/100
|
|upkeep
|turn|5
|
|t:|1757852288
|switch|p1a: Slowking|Slowking-Galar, M|90/100
|move|p2a: Ribombee|Moonblast|p1a: Slowking
|-resisted|p1a: Slowking
|-damage|p1a: Slowking|80/100
|-unboost|p1a: Slowking|spa|1
|
|upkeep
|turn|6
|
|t:|1757852296
|move|p2a: Ribombee|Sticky Web|p1a: Slowking
|-sidestart|p1: REX_1A91S|move: Sticky Web
|move|p1a: Slowking|Sludge Bomb|p2a: Ribombee
|-supereffective|p2a: Ribombee
|-enditem|p2a: Ribombee|Focus Sash
|-damage|p2a: Ribombee|1/100
|-status|p2a: Ribombee|psn
|
|-damage|p2a: Ribombee|0 fnt|[from] psn
|faint|p2a: Ribombee
|upkeep
|
|t:|1757852301
|switch|p2a: Iron Thorns|Iron Thorns, shiny|100/100
|-enditem|p2a: Iron Thorns|Booster Energy
|-activate|p2a: Iron Thorns|ability: Quark Drive|[fromitem]
|-start|p2a: Iron Thorns|quarkdriveatk
|turn|7
|
|t:|1757852309
|switch|p1a: Zamazenta|Zamazenta|100/100
|-activate|p1a: Zamazenta|move: Sticky Web
|-unboost|p1a: Zamazenta|spe|1
|-ability|p1a: Zamazenta|Dauntless Shield|boost
|-boost|p1a: Zamazenta|def|1
|move|p2a: Iron Thorns|Dragon Dance|p2a: Iron Thorns
|-boost|p2a: Iron Thorns|atk|1
|-boost|p2a: Iron Thorns|spe|1
|
|upkeep
|turn|8
|
|t:|1757852321
|-terastallize|p2a: Iron Thorns|Flying
|move|p2a: Iron Thorns|Supercell Slam|p1a: Zamazenta
|-damage|p1a: Zamazenta|38/100
|move|p1a: Zamazenta|Close Combat|p2a: Iron Thorns
|-resisted|p2a: Iron Thorns
|-crit|p2a: Iron Thorns
|-damage|p2a: Iron Thorns|59/100
|-unboost|p1a: Zamazenta|def|1
|-unboost|p1a: Zamazenta|spd|1
|
|-heal|p1a: Zamazenta|44/100|[from] item: Leftovers
|upkeep
|turn|9
|
|t:|1757852333
|switch|p1a: Slowking|Slowking-Galar, M|100/100
|-activate|p1a: Slowking|move: Sticky Web
|-unboost|p1a: Slowking|spe|1
|move|p2a: Iron Thorns|Dragon Dance|p2a: Iron Thorns
|-boost|p2a: Iron Thorns|atk|1
|-boost|p2a: Iron Thorns|spe|1
|
|upkeep
|turn|10
|-message|REX_1A91S forfeited.
|
|win|Agnes_Tachy0n
|raw|REX_1A91S's rating: 1310 &rarr; <strong>1289</strong><br />(-21 for losing)
|raw|Agnes_Tachy0n's rating: 1292 &rarr; <strong>1318</strong><br />(+26 for winning)
|l|☆REX_1A91S
|player|p1|
|l|☆Agnes_Tachy0n
|player|p2|
