|j|☆tykcd
|j|☆potayo
|t:|1757904787
|gametype|singles
|player|p1|tykcd|170|1647
|player|p2|potayo|1|1689
|gen|9
|tier|[Gen 9] OU
|rated|
|rule|HP Percentage Mod: HP is shown in percentages
|rule|Endless Battle Clause: Forcing endless battles is banned
|rule|Species Clause: Limit one of each Pokémon
|rule|OHKO Clause: OHKO moves are banned
|rule|Evasion Items Clause: Evasion items are banned
|rule|Evasion Moves Clause: Evasion moves are banned
|rule|Evasion Abilities Clause: Evasion abilities are banned
|rule|Sleep Moves Clause: Sleep-inducing moves are banned
|clearpoke
|poke|p1|Vaporeon, M|
|poke|p1|Slowking-Galar, M|
|poke|p1|Iron Valiant|
|poke|p1|Mandibuzz, F|
|poke|p1|Scizor, F|
|poke|p1|Great Tusk|
|poke|p2|Volcanion|
|poke|p2|Conkeldurr, F|
|poke|p2|Mimikyu, M|
|poke|p2|Hoopa-Unbound|
|poke|p2|Hatterene, F|
|poke|p2|Cresselia, F|
|teampreview
|
|t:|1757904796
|teamsize|p1|6
|teamsize|p2|6
|start
|switch|p1a: Slowking|Slowking-Galar, M|100/100
|switch|p2a: Volcanion|Volcanion|100/100
|turn|1
|j| ennd13
|
|t:|1757904805
|move|p2a: Volcanion|Overheat|p1a: Slowking
|-damage|p1a: Slowking|45/100
|-unboost|p2a: Volcanion|spa|2
|move|p1a: Slowking|Sludge Bomb|p2a: Volcanion
|-damage|p2a: Volcanion|59/100
|-status|p2a: Volcanion|psn
|
|-damage|p2a: Volcanion|47/100 psn|[from] psn
|upkeep
|turn|2
|
|t:|1757904810
|switch|p2a: Conkeldurr|Conkeldurr, F|100/100
|move|p1a: Slowking|Sludge Bomb|p2a: Conkeldurr
|-damage|p2a: Conkeldurr|60/100
|
|-status|p2a: Conkeldurr|brn|[from] item: Flame Orb
|upkeep
|turn|3
|
|t:|1757904815
|switch|p1a: Great Tusk|Great Tusk|100/100
|move|p2a: Conkeldurr|Knock Off|p1a: Great Tusk
|-resisted|p1a: Great Tusk
|-damage|p1a: Great Tusk|83/100
|-damage|p2a: Conkeldurr|44/100 brn|[from] item: Rocky Helmet|[of] p1a: Great Tusk
|-enditem|p1a: Great Tusk|Rocky Helmet|[from] move: Knock Off|[of] p2a: Conkeldurr
|
|-damage|p2a: Conkeldurr|38/100 brn|[from] brn
|upkeep
|turn|4
|
|t:|1757904821
|switch|p2a: Hatterene|Hatterene, F|100/100
|move|p1a: Great Tusk|Headlong Rush|p2a: Hatterene
|-damage|p2a: Hatterene|60/100
|-unboost|p1a: Great Tusk|def|1
|-unboost|p1a: Great Tusk|spd|1
|-damage|p1a: Great Tusk|66/100|[from] item: Rocky Helmet|[of] p2a: Hatterene
|
|upkeep
|turn|5
|
|t:|1757904826
|-end|p1a: Great Tusk|Protosynthesis|[silent]
|switch|p1a: Slowking|Slowking-Galar, M|78/100
|move|p2a: Hatterene|Trick Room|p2a: Hatterene
|-fieldstart|move: Trick Room|[of] p2a: Hatterene
|
|upkeep
|turn|6
|
|t:|1757904831
|move|p2a: Hatterene|Healing Wish|p2a: Hatterene
|faint|p2a: Hatterene
|move|p1a: Slowking|Sludge Bomb|p2: Hatterene|[notarget]
|-fail|p1a: Slowking
|
|upkeep
|
|t:|1757904835
|switch|p2a: Volcanion|Volcanion|47/100 psn
|-heal|p2a: Volcanion|100/100|[from] move: Healing Wish
|turn|7
|
|t:|1757904841
|-terastallize|p2a: Volcanion|Fire
|move|p1a: Slowking|Sludge Bomb|p2a: Volcanion
|-damage|p2a: Volcanion|58/100
|move|p2a: Volcanion|Overheat|p1a: Slowking
|-damage|p1a: Slowking|6/100
|-unboost|p2a: Volcanion|spa|2
|
|upkeep
|turn|8
|
|t:|1757904848
|switch|p1a: silksong|Vaporeon, M, shiny|100/100
|switch|p2a: Conkeldurr|Conkeldurr, F|38/100 brn
|
|-damage|p2a: Conkeldurr|32/100 brn|[from] brn
|upkeep
|turn|9
|
|t:|1757904854
|switch|p1a: Great Tusk|Great Tusk|66/100
|move|p2a: Conkeldurr|Drain Punch|p1a: Great Tusk
|-damage|p1a: Great Tusk|27/100
|-heal|p2a: Conkeldurr|56/100 brn|[from] drain|[of] p1a: Great Tusk
|
|-damage|p2a: Conkeldurr|50/100 brn|[from] brn
|-fieldend|move: Trick Room
|upkeep
|turn|10
|
|t:|1757904858
|switch|p2a: Cresselia|Cresselia, F|100/100
|move|p1a: Great Tusk|Headlong Rush|p2a: Cresselia
|-immune|p2a: Cresselia|[from] ability: Levitate
|
|upkeep
|turn|11
|
|t:|1757904863
|move|p1a: Great Tusk|Stealth Rock|p2a: Cresselia
|-sidestart|p2: potayo|move: Stealth Rock
|move|p2a: Cresselia|Psychic|p1a: Great Tusk
|-supereffective|p1a: Great Tusk
|-damage|p1a: Great Tusk|0 fnt
|faint|p1a: Great Tusk
|-end|p1a: Great Tusk|Protosynthesis|[silent]
|
|upkeep
|
|t:|1757904869
|switch|p1a: Mandibuzz|Mandibuzz, F|100/100
|turn|12
|
|t:|1757904871
|move|p1a: Mandibuzz|Toxic|p2a: Cresselia
|-status|p2a: Cresselia|tox
|move|p2a: Cresselia|Trick Room|p2a: Cresselia
|-fieldstart|move: Trick Room|[of] p2a: Cresselia
|
|-damage|p2a: Cresselia|94/100 tox|[from] psn
|upkeep
|turn|13
|
|t:|1757904884
|move|p2a: Cresselia|Lunar Dance|p2a: Cresselia
|faint|p2a: Cresselia
|move|p1a: Mandibuzz|Roost||[still]
|-fail|p1a: Mandibuzz|heal
|
|upkeep
|
|t:|1757904887
|switch|p2a: Conkeldurr|Conkeldurr, F|50/100 brn
|-heal|p2a: Conkeldurr|100/100|[from] move: Lunar Dance
|-damage|p2a: Conkeldurr|95/100|[from] Stealth Rock
|turn|14
|
|t:|1757904890
|move|p2a: Conkeldurr|Defog|p1a: Mandibuzz
|-unboost|p1a: Mandibuzz|evasion|1
|-sideend|p2: potayo|Stealth Rock|[from] move: Defog|[of] p2a: Conkeldurr
|move|p1a: Mandibuzz|Foul Play|p2a: Conkeldurr
|-resisted|p2a: Conkeldurr
|-damage|p2a: Conkeldurr|63/100
|
|-status|p2a: Conkeldurr|brn|[from] item: Flame Orb
|upkeep
|turn|15
|
|t:|1757904894
|move|p2a: Conkeldurr|Drain Punch|p1a: Mandibuzz
|-damage|p1a: Mandibuzz|59/100
|-heal|p2a: Conkeldurr|88/100 brn|[from] drain|[of] p1a: Mandibuzz
|move|p1a: Mandibuzz|Roost|p1a: Mandibuzz
|-heal|p1a: Mandibuzz|100/100
|-singleturn|p1a: Mandibuzz|move: Roost
|
|-damage|p2a: Conkeldurr|82/100 brn|[from] brn
|upkeep
|turn|16
|
|t:|1757904901
|move|p2a: Conkeldurr|Drain Punch|p1a: Mandibuzz
|-damage|p1a: Mandibuzz|64/100
|-heal|p2a: Conkeldurr|100/100 brn|[from] drain|[of] p1a: Mandibuzz
|move|p1a: Mandibuzz|Roost|p1a: Mandibuzz
|-heal|p1a: Mandibuzz|100/100
|-singleturn|p1a: Mandibuzz|move: Roost
|
|-damage|p2a: Conkeldurr|95/100 brn|[from] brn
|-fieldend|move: Trick Room
|upkeep
|turn|17
|
|t:|1757904906
|switch|p1a: Iron Valiant|Iron Valiant|100/100
|-enditem|p1a: Iron Valiant|Booster Energy
|-activate|p1a: Iron Valiant|ability: Quark Drive|[fromitem]
|-start|p1a: Iron Valiant|quarkdrivespe
|move|p2a: Conkeldurr|Drain Punch|p1a: Iron Valiant
|-resisted|p1a: Iron Valiant
|-damage|p1a: Iron Valiant|56/100
|-heal|p2a: Conkeldurr|100/100 brn|[from] drain|[of] p1a: Iron Valiant
|
|-damage|p2a: Conkeldurr|95/100 brn|[from] brn
|upkeep
|turn|18
|
|t:|1757904911
|switch|p2a: Mimikyu|Mimikyu, M|100/100
|move|p1a: Iron Valiant|Moonblast|p2a: Mimikyu
|-activate|p2a: Mimikyu|ability: Disguise
|-damage|p2a: Mimikyu|100/100
|detailschange|p2a: Mimikyu|Mimikyu-Busted, M
|-damage|p2a: Mimikyu|88/100|[from] pokemon: Mimikyu-Busted
|-enditem|p2a: Mimikyu|Red Card|[of] p1a: Iron Valiant
|-end|p1a: Iron Valiant|Quark Drive|[silent]
|drag|p1a: Mandibuzz|Mandibuzz, F|100/100
|
|upkeep
|turn|19
|
|t:|1757904915
|move|p2a: Mimikyu|Will-O-Wisp|p1a: Mandibuzz
|-status|p1a: Mandibuzz|brn
|move|p1a: Mandibuzz|Toxic|p2a: Mimikyu|[miss]
|-miss|p1a: Mandibuzz|p2a: Mimikyu
|
|-damage|p1a: Mandibuzz|94/100 brn|[from] brn
|upkeep
|turn|20
|
|t:|1757904921
|switch|p2a: Conkeldurr|Conkeldurr, F|95/100 brn
|move|p1a: Mandibuzz|Toxic||[still]
|-fail|p1a: Mandibuzz
|
|-damage|p1a: Mandibuzz|88/100 brn|[from] brn
|-damage|p2a: Conkeldurr|89/100 brn|[from] brn
|upkeep
|turn|21
|
|t:|1757904927
|switch|p1a: Iron Valiant|Iron Valiant|56/100
|move|p2a: Conkeldurr|Drain Punch|p1a: Iron Valiant
|-resisted|p1a: Iron Valiant
|-damage|p1a: Iron Valiant|14/100
|-heal|p2a: Conkeldurr|100/100 brn|[from] drain|[of] p1a: Iron Valiant
|
|-damage|p2a: Conkeldurr|95/100 brn|[from] brn
|upkeep
|turn|22
|
|t:|1757904934
|switch|p2a: Mimikyu|Mimikyu-Busted, M|88/100
|move|p1a: Iron Valiant|Moonblast|p2a: Mimikyu
|-damage|p2a: Mimikyu|41/100
|
|upkeep
|turn|23
|
|t:|1757904937
|move|p1a: Iron Valiant|Moonblast|p2a: Mimikyu
|-damage|p2a: Mimikyu|0 fnt
|faint|p2a: Mimikyu
|
|upkeep
|
|t:|1757904941
|switch|p2a: Volcanion|Volcanion, tera:Fire|58/100
|turn|24
|
|t:|1757904944
|move|p1a: Iron Valiant|Knock Off|p2a: Volcanion
|-damage|p2a: Volcanion|35/100
|-enditem|p2a: Volcanion|Choice Specs|[from] move: Knock Off|[of] p1a: Iron Valiant
|move|p2a: Volcanion|Overheat|p1a: Iron Valiant|[miss]
|-miss|p2a: Volcanion|p1a: Iron Valiant
|
|upkeep
|turn|25
|
|t:|1757904947
|move|p1a: Iron Valiant|Close Combat|p2a: Volcanion
|-damage|p2a: Volcanion|0 fnt
|-unboost|p1a: Iron Valiant|def|1
|-unboost|p1a: Iron Valiant|spd|1
|faint|p2a: Volcanion
|
|upkeep
|-message|potayo forfeited.
|
|win|tykcd
|raw|tykcd's rating: 1647 &rarr; <strong>1669</strong><br />(+22 for winning)
|raw|potayo's rating: 1689 &rarr; <strong>1667</strong><br />(-22 for losing)
|l|☆potayo
|player|p2|
|l|☆tykcd
|player|p1|
