|j|☆Danxsh17
|j|☆averagealt99
|t:|1757905582
|gametype|singles
|player|p1|Danxsh17|170|1467
|player|p2|averagealt99|acetrainerf-gen4dp|1477
|gen|9
|tier|[Gen 9] OU
|rated|
|rule|HP Percentage Mod: HP is shown in percentages
|rule|Endless Battle Clause: Forcing endless battles is banned
|rule|Species Clause: Limit one of each Pokémon
|rule|OHKO Clause: OHKO moves are banned
|rule|Evasion Items Clause: Evasion items are banned
|rule|Evasion Moves Clause: Evasion moves are banned
|rule|Evasion Abilities Clause: Evasion abilities are banned
|rule|Sleep Moves Clause: Sleep-inducing moves are banned
|clearpoke
|poke|p1|Dragapult, F|
|poke|p1|Dragonite, F|
|poke|p1|Ting-Lu|
|poke|p1|Weezing-Galar, F|
|poke|p1|Iron Crown|
|poke|p1|Zapdos|
|poke|p2|Vikavolt, M|
|poke|p2|Slowking-Galar, F|
|poke|p2|Chesnaught, M|
|poke|p2|Primarina, M|
|poke|p2|Landorus-Therian, M|
|poke|p2|Samurott-Hisui, M|
|teampreview
|
|t:|1757905603
|teamsize|p1|6
|teamsize|p2|6
|start
|switch|p1a: Zapdos|Zapdos|100/100
|switch|p2a: Landorus|Landorus-Therian, M|100/100
|-ability|p2a: Landorus|Intimidate|boost
|-unboost|p1a: Zapdos|atk|1
|turn|1
|
|t:|1757905612
|switch|p2a: Slowking|Slowking-Galar, F|100/100
|move|p1a: Zapdos|Hurricane|p2a: Slowking
|-damage|p2a: Slowking|69/100
|
|upkeep
|turn|2
|
|t:|1757905619
|move|p1a: Zapdos|Volt Switch|p2a: Slowking
|-damage|p2a: Slowking|48/100
|l|☆Danxsh17
|player|p1|
|inactive|Battle timer is ON: inactive players will automatically lose when time's up. (requested by averagealt99)
|j|☆Danxsh17
|inactive|Danxsh17 reconnected and has 150 seconds left.
|player|p1|Danxsh17|170|
|
|t:|1757905639
|switch|p1a: Ting-Lu|Ting-Lu|100/100|[from] Volt Switch
|-ability|p1a: Ting-Lu|Vessel of Ruin
|-prepare|p2a: Slowking|Chilly Reception|[premajor]
|move|p2a: Slowking|Chilly Reception|p2a: Slowking
|-weather|Snowscape
|
|t:|1757905644
|switch|p2a: Chesnaught|Chesnaught, M|100/100|[from] Chilly Reception
|
|-weather|Snowscape|[upkeep]
|upkeep
|turn|3
|
|t:|1757905648
|move|p2a: Chesnaught|Knock Off|p1a: Ting-Lu
|-resisted|p1a: Ting-Lu
|-damage|p1a: Ting-Lu|94/100
|-enditem|p1a: Ting-Lu|Leftovers|[from] move: Knock Off|[of] p2a: Chesnaught
|move|p1a: Ting-Lu|Stealth Rock|p2a: Chesnaught
|-sidestart|p2: averagealt99|move: Stealth Rock
|
|-weather|Snowscape|[upkeep]
|upkeep
|turn|4
|
|t:|1757905653
|switch|p1a: Weezing|Weezing-Galar, F|100/100
|-ability|p1a: Weezing|Neutralizing Gas
|move|p2a: Chesnaught|Body Press|p1a: Weezing
|-resisted|p1a: Weezing
|-damage|p1a: Weezing|94/100
|-damage|p2a: Chesnaught|84/100|[from] item: Rocky Helmet|[of] p1a: Weezing
|
|-weather|Snowscape|[upkeep]
|upkeep
|turn|5
|
|t:|1757905659
|move|p2a: Chesnaught|Spiky Shield|p2a: Chesnaught
|-singleturn|p2a: Chesnaught|move: Protect
|move|p1a: Weezing|Will-O-Wisp|p2a: Chesnaught
|-activate|p2a: Chesnaught|move: Protect
|
|-weather|Snowscape|[upkeep]
|upkeep
|turn|6
|
|t:|1757905666
|switch|p2a: Slowking|Slowking-Galar, F|82/100
|move|p1a: Weezing|Will-O-Wisp|p2a: Slowking
|-status|p2a: Slowking|brn
|
|-weather|none
|-damage|p2a: Slowking|76/100 brn|[from] brn
|upkeep
|turn|7
|
|t:|1757905670
|move|p1a: Weezing|Toxic Spikes|p2a: Slowking
|-sidestart|p2: averagealt99|move: Toxic Spikes
|move|p2a: Slowking|Sludge Bomb|p1a: Weezing
|-damage|p1a: Weezing|48/100
|
|-damage|p2a: Slowking|70/100 brn|[from] brn
|upkeep
|turn|8
|
|t:|1757905677
|-end|p1a: Weezing|ability: Neutralizing Gas
|switch|p1a: Iron Crown|Iron Crown|100/100
|-prepare|p2a: Slowking|Chilly Reception|[premajor]
|move|p2a: Slowking|Chilly Reception|p2a: Slowking
|-weather|Snowscape
|
|t:|1757905687
|switch|p2a: Samurott|Samurott-Hisui, M|100/100|[from] Chilly Reception
|
|-weather|Snowscape|[upkeep]
|upkeep
|turn|9
|
|t:|1757905690
|move|p1a: Iron Crown|Volt Switch|p2a: Samurott
|-supereffective|p2a: Samurott
|-damage|p2a: Samurott|0 fnt
|faint|p2a: Samurott
|
|t:|1757905695
|-end|p1a: Iron Crown|Quark Drive|[silent]
|switch|p1a: Zapdos|Zapdos|100/100|[from] Volt Switch
|
|-weather|Snowscape|[upkeep]
|upkeep
|
|t:|1757905698
|switch|p2a: Slowking|Slowking-Galar, F|100/100 brn
|-sideend|p2: averagealt99|move: Toxic Spikes|[of] p2a: Slowking
|turn|10
|
|t:|1757905706
|move|p1a: Zapdos|Volt Switch|p2a: Slowking
|-damage|p2a: Slowking|81/100 brn
|
|t:|1757905708
|switch|p1a: Ting-Lu|Ting-Lu|94/100|[from] Volt Switch
|-ability|p1a: Ting-Lu|Vessel of Ruin
|-prepare|p2a: Slowking|Chilly Reception|[premajor]
|move|p2a: Slowking|Chilly Reception|p2a: Slowking
|
|t:|1757905728
|switch|p2a: Vikavolt|Vikavolt, M|100/100|[from] Chilly Reception
|
|-weather|Snowscape|[upkeep]
|upkeep
|turn|11
|
|t:|1757905734
|move|p1a: Ting-Lu|Ruination|p2a: Vikavolt
|-damage|p2a: Vikavolt|50/100
|move|p2a: Vikavolt|Bug Buzz|p1a: Ting-Lu
|-supereffective|p1a: Ting-Lu
|-damage|p1a: Ting-Lu|46/100
|-unboost|p1a: Ting-Lu|spd|1
|
|-weather|Snowscape|[upkeep]
|upkeep
|turn|12
|
|t:|1757905746
|switch|p1a: Zapdos|Zapdos|100/100
|move|p2a: Vikavolt|Volt Switch|p1a: Zapdos
|-damage|p1a: Zapdos|54/100
|
|t:|1757905752
|switch|p2a: Slowking|Slowking-Galar, F|100/100 brn|[from] Volt Switch
|
|-weather|none
|-damage|p2a: Slowking|94/100 brn|[from] brn
|upkeep
|turn|13
|
|t:|1757905756
|move|p1a: Zapdos|Hurricane|p2a: Slowking
|-damage|p2a: Slowking|62/100 brn
|-start|p2a: Slowking|confusion
|-activate|p2a: Slowking|confusion
|-damage|p2a: Slowking|57/100 brn|[from] confusion
|
|-damage|p2a: Slowking|50/100 brn|[from] brn
|upkeep
|turn|14
|
|t:|1757905761
|move|p1a: Zapdos|Hurricane|p2a: Slowking|[miss]
|-miss|p1a: Zapdos|p2a: Slowking
|-activate|p2a: Slowking|confusion
|move|p2a: Slowking|Sludge Bomb|p1a: Zapdos
|-damage|p1a: Zapdos|13/100
|
|-damage|p2a: Slowking|44/100 brn|[from] brn
|upkeep
|turn|15
|
|t:|1757905767
|move|p1a: Zapdos|Roost|p1a: Zapdos
|-heal|p1a: Zapdos|63/100
|-singleturn|p1a: Zapdos|move: Roost
|-prepare|p2a: Slowking|Chilly Reception|[premajor]
|-end|p2a: Slowking|confusion
|move|p2a: Slowking|Chilly Reception|p2a: Slowking
|-weather|Snowscape
|
|t:|1757905772
|switch|p2a: Vikavolt|Vikavolt, M|50/100|[from] Chilly Reception
|
|-weather|Snowscape|[upkeep]
|upkeep
|turn|16
|
|t:|1757905794
|move|p1a: Zapdos|Heat Wave|p2a: Vikavolt
|-supereffective|p2a: Vikavolt
|-damage|p2a: Vikavolt|0 fnt
|faint|p2a: Vikavolt
|
|-weather|Snowscape|[upkeep]
|upkeep
|
|t:|1757905804
|switch|p2a: Landorus|Landorus-Therian, M|100/100
|-damage|p2a: Landorus|88/100|[from] Stealth Rock
|-ability|p2a: Landorus|Intimidate|boost
|-unboost|p1a: Zapdos|atk|1
|turn|17
|
|t:|1757905807
|-terastallize|p2a: Landorus|Ice
|move|p2a: Landorus|Tera Blast|p1a: Zapdos|[anim] Tera Blast Ice
|-supereffective|p1a: Zapdos
|-crit|p1a: Zapdos
|-damage|p1a: Zapdos|0 fnt
|faint|p1a: Zapdos
|
|-weather|Snowscape|[upkeep]
|upkeep
|
|t:|1757905820
|switch|p1a: Iron Crown|Iron Crown|100/100
|turn|18
|
|t:|1757905837
|switch|p2a: Slowking|Slowking-Galar, F|78/100 brn
|-terastallize|p1a: Iron Crown|Steel
|move|p1a: Iron Crown|Tachyon Cutter|p2a: Slowking
|-damage|p2a: Slowking|50/100 brn
|-damage|p2a: Slowking|20/100 brn
|-hitcount|p2a: Slowking|2
|
|-weather|Snowscape|[upkeep]
|-damage|p2a: Slowking|14/100 brn|[from] brn
|upkeep
|turn|19
|
|t:|1757905843
|move|p1a: Iron Crown|Tachyon Cutter|p2a: Slowking
|-damage|p2a: Slowking|0 fnt
|faint|p2a: Slowking
|-hitcount|p2: Slowking|1
|
|-weather|none
|upkeep
|
|t:|1757905847
|switch|p2a: Landorus|Landorus-Therian, M, tera:Ice|88/100
|-damage|p2a: Landorus|63/100|[from] Stealth Rock
|-ability|p2a: Landorus|Intimidate|boost
|-unboost|p1a: Iron Crown|atk|1
|turn|20
|
|t:|1757905852
|-end|p1a: Iron Crown|Quark Drive|[silent]
|switch|p1a: Ting-Lu|Ting-Lu|46/100
|-ability|p1a: Ting-Lu|Vessel of Ruin
|move|p2a: Landorus|Earthquake|p1a: Ting-Lu
|-damage|p1a: Ting-Lu|14/100
|
|upkeep
|turn|21
|
|t:|1757905855
|move|p2a: Landorus|Earthquake|p1a: Ting-Lu
|-damage|p1a: Ting-Lu|0 fnt
|faint|p1a: Ting-Lu
|
|upkeep
|
|t:|1757905859
|switch|p1a: Dragonite|Dragonite, F|100/100
|turn|22
|
|t:|1757905862
|switch|p2a: Primarina|Primarina, M|100/100
|switch|p1a: Iron Crown|Iron Crown, tera:Steel|100/100
|
|upkeep
|turn|23
|
|t:|1757905870
|move|p1a: Iron Crown|Tachyon Cutter|p2a: Primarina
|-damage|p2a: Primarina|61/100
|-damage|p2a: Primarina|20/100
|-hitcount|p2a: Primarina|2
|move|p2a: Primarina|Surf|p1a: Iron Crown
|-damage|p1a: Iron Crown|43/100
|
|upkeep
|turn|24
|
|t:|1757905876
|move|p1a: Iron Crown|Tachyon Cutter|p2a: Primarina
|-damage|p2a: Primarina|0 fnt
|faint|p2a: Primarina
|-hitcount|p2: Primarina|1
|
|upkeep
|
|t:|1757905881
|switch|p2a: Landorus|Landorus-Therian, M, tera:Ice|63/100
|-damage|p2a: Landorus|38/100|[from] Stealth Rock
|-ability|p2a: Landorus|Intimidate|boost
|-unboost|p1a: Iron Crown|atk|1
|turn|25
|
|t:|1757905885
|-end|p1a: Iron Crown|Quark Drive|[silent]
|switch|p1a: Weezing|Weezing-Galar, F|48/100
|-ability|p1a: Weezing|Neutralizing Gas
|move|p2a: Landorus|Earthquake|p1a: Weezing
|-supereffective|p1a: Weezing
|-damage|p1a: Weezing|0 fnt
|faint|p1a: Weezing
|-end|p1a: Weezing|ability: Neutralizing Gas
|
|upkeep
|
|t:|1757905892
|switch|p1a: Dragonite|Dragonite, F|100/100
|turn|26
|
|t:|1757905895
|move|p2a: Landorus|Earthquake|p1a: Dragonite
|-immune|p1a: Dragonite
|move|p1a: Dragonite|Dragon Dance|p1a: Dragonite
|-boost|p1a: Dragonite|atk|1
|-boost|p1a: Dragonite|spe|1
|
|upkeep
|turn|27
|
|t:|1757905897
|switch|p2a: Chesnaught|Chesnaught, M|84/100
|-damage|p2a: Chesnaught|78/100|[from] Stealth Rock
|move|p1a: Dragonite|Dragon Dance|p1a: Dragonite
|-boost|p1a: Dragonite|atk|1
|-boost|p1a: Dragonite|spe|1
|
|upkeep
|turn|28
|
|t:|1757905900
|move|p1a: Dragonite|Extreme Speed|p2a: Chesnaught
|-damage|p2a: Chesnaught|44/100
|-damage|p1a: Dragonite|84/100|[from] item: Rocky Helmet|[of] p2a: Chesnaught
|move|p2a: Chesnaught|Body Press|p1a: Dragonite
|-resisted|p1a: Dragonite
|-damage|p1a: Dragonite|61/100
|
|upkeep
|turn|29
|
|t:|1757905904
|switch|p1a: Dragapult|Dragapult, F|100/100
|move|p2a: Chesnaught|Synthesis|p2a: Chesnaught
|-heal|p2a: Chesnaught|94/100
|
|upkeep
|turn|30
|
|t:|1757905908
|move|p2a: Chesnaught|Spiky Shield|p2a: Chesnaught
|-singleturn|p2a: Chesnaught|move: Protect
|move|p1a: Dragapult|Will-O-Wisp|p2a: Chesnaught
|-activate|p2a: Chesnaught|move: Protect
|
|upkeep
|turn|31
|
|t:|1757905914
|move|p1a: Dragapult|Will-O-Wisp|p2a: Chesnaught
|-status|p2a: Chesnaught|brn
|move|p2a: Chesnaught|Knock Off|p1a: Dragapult
|-supereffective|p1a: Dragapult
|-crit|p1a: Dragapult
|-damage|p1a: Dragapult|55/100
|-enditem|p1a: Dragapult|Heavy-Duty Boots|[from] move: Knock Off|[of] p2a: Chesnaught
|
|-damage|p2a: Chesnaught|88/100 brn|[from] brn
|upkeep
|turn|32
|
|t:|1757905924
|move|p1a: Dragapult|Hex|p2a: Chesnaught
|-damage|p2a: Chesnaught|32/100 brn
|move|p2a: Chesnaught|Knock Off|p1a: Dragapult
|-supereffective|p1a: Dragapult
|-damage|p1a: Dragapult|35/100
|
|-damage|p2a: Chesnaught|26/100 brn|[from] brn
|upkeep
|turn|33
|
|t:|1757905926
|move|p1a: Dragapult|Hex|p2a: Chesnaught
|-damage|p2a: Chesnaught|0 fnt
|faint|p2a: Chesnaught
|
|upkeep
|
|t:|1757905929
|switch|p2a: Landorus|Landorus-Therian, M, tera:Ice|38/100
|-damage|p2a: Landorus|13/100|[from] Stealth Rock
|-ability|p2a: Landorus|Intimidate|boost
|-unboost|p1a: Dragapult|atk|1
|turn|34
|
|t:|1757905934
|move|p2a: Landorus|Tera Blast|p1a: Dragapult|[anim] Tera Blast Ice
|-supereffective|p1a: Dragapult
|-damage|p1a: Dragapult|0 fnt
|faint|p1a: Dragapult
|
|upkeep
|
|t:|1757905936
|switch|p1a: Dragonite|Dragonite, F|61/100
|turn|35
|
|t:|1757905938
|move|p1a: Dragonite|Extreme Speed|p2a: Landorus
|-damage|p2a: Landorus|0 fnt
|faint|p2a: Landorus
|
|win|Danxsh17
|raw|Danxsh17's rating: 1467 &rarr; <strong>1488</strong><br />(+21 for winning)
|raw|averagealt99's rating: 1477 &rarr; <strong>1456</strong><br />(-21 for losing)
|l|☆averagealt99
|player|p2|
|l|☆Danxsh17
|player|p1|
