|j|☆MANuelpro02342
|j|☆SickBRE12
|t:|1757857798
|gametype|singles
|player|p1|MANuelpro02342|170|1138
|player|p2|SickBRE12|dragontamer|1121
|gen|9
|tier|[Gen 9] OU
|rated|
|rule|HP Percentage Mod: HP is shown in percentages
|rule|Endless Battle Clause: Forcing endless battles is banned
|rule|Species Clause: Limit one of each Pokémon
|rule|OHKO Clause: OHKO moves are banned
|rule|Evasion Items Clause: Evasion items are banned
|rule|Evasion Moves Clause: Evasion moves are banned
|rule|Evasion Abilities Clause: Evasion abilities are banned
|rule|Sleep Moves Clause: Sleep-inducing moves are banned
|clearpoke
|poke|p1|Garganacl, F|
|poke|p1|Dragapult, F|
|poke|p1|Ogerpon-Wellspring, F|
|poke|p1|Moltres|
|poke|p1|Zamazenta-*|
|poke|p1|Iron Treads|
|poke|p2|Raging Bolt|
|poke|p2|Glimmora, F|
|poke|p2|Grimmsnarl, M|
|poke|p2|Kingambit, M|
|poke|p2|Dunsparce, F|
|poke|p2|Scizor, F|
|teampreview
|inactive|Battle timer is ON: inactive players will automatically lose when time's up. (requested by SickBRE12)
|inactive|MANuelpro02342 also wants the timer to be on.
|
|t:|1757857818
|teamsize|p1|6
|teamsize|p2|6
|start
|switch|p1a: Zamazenta|Zamazenta|100/100
|switch|p2a: Grimmsnarl|Grimmsnarl, M, shiny|100/100
|-ability|p1a: Zamazenta|Dauntless Shield|boost
|-boost|p1a: Zamazenta|def|1
|turn|1
|
|t:|1757857829
|move|p2a: Grimmsnarl|Reflect|p2a: Grimmsnarl
|-sidestart|p2: SickBRE12|Reflect
|move|p1a: Zamazenta|Heavy Slam|p2a: Grimmsnarl
|-supereffective|p2a: Grimmsnarl
|-damage|p2a: Grimmsnarl|64/100
|
|upkeep
|turn|2
|
|t:|1757857854
|move|p2a: Grimmsnarl|Thunder Wave|p1a: Zamazenta
|-status|p1a: Zamazenta|par
|move|p1a: Zamazenta|Heavy Slam|p2a: Grimmsnarl
|-supereffective|p2a: Grimmsnarl
|-damage|p2a: Grimmsnarl|26/100
|
|upkeep
|turn|3
|inactive|SickBRE12 has 120 seconds left.
|
|t:|1757857887
|move|p2a: Grimmsnarl|Light Screen|p2a: Grimmsnarl
|-sidestart|p2: SickBRE12|move: Light Screen
|cant|p1a: Zamazenta|par
|
|upkeep
|turn|4
|inactive|SickBRE12 has 120 seconds left.
|
|t:|1757857900
|switch|p2a: Glimmora|Glimmora, F, shiny|100/100
|move|p1a: Zamazenta|Heavy Slam|p2a: Glimmora
|-supereffective|p2a: Glimmora
|-damage|p2a: Glimmora|59/100
|-activate|p2a: Glimmora|ability: Toxic Debris
|-sidestart|p1: MANuelpro02342|move: Toxic Spikes
|
|upkeep
|turn|5
|
|t:|1757857909
|move|p2a: Glimmora|Stealth Rock|p1a: Zamazenta
|-sidestart|p1: MANuelpro02342|move: Stealth Rock
|move|p1a: Zamazenta|Close Combat|p2a: Glimmora
|-crit|p2a: Glimmora
|-damage|p2a: Glimmora|0 fnt
|-unboost|p1a: Zamazenta|def|1
|-unboost|p1a: Zamazenta|spd|1
|-activate|p2a: Glimmora|ability: Toxic Debris
|-sidestart|p1: MANuelpro02342|move: Toxic Spikes
|faint|p2a: Glimmora
|
|upkeep
|inactive|SickBRE12 has 120 seconds left.
|
|t:|1757857944
|switch|p2a: Raging Bolt|Raging Bolt|100/100
|turn|6
|
|t:|1757857954
|move|p1a: Zamazenta|Ice Fang|p2a: Raging Bolt
|-supereffective|p2a: Raging Bolt
|-damage|p2a: Raging Bolt|80/100
|move|p2a: Raging Bolt|Dragon Pulse|p1a: Zamazenta
|-damage|p1a: Zamazenta|12/100 par
|-damage|p2a: Raging Bolt|70/100|[from] item: Life Orb
|
|upkeep
|turn|7
|
|t:|1757857964
|move|p1a: Zamazenta|Crunch|p2a: Raging Bolt
|-damage|p2a: Raging Bolt|60/100
|move|p2a: Raging Bolt|Ancient Power|p1a: Zamazenta
|-resisted|p1a: Zamazenta
|-damage|p1a: Zamazenta|0 fnt
|faint|p1a: Zamazenta
|-damage|p2a: Raging Bolt|50/100|[from] item: Life Orb
|
|upkeep
|
|t:|1757857976
|switch|p1a: Iron Treads|Iron Treads|100/100
|-damage|p1a: Iron Treads|98/100|[from] Stealth Rock
|turn|8
|
|t:|1757857992
|move|p1a: Iron Treads|Rapid Spin|p2a: Raging Bolt
|-damage|p2a: Raging Bolt|44/100
|-boost|p1a: Iron Treads|spe|1
|-sideend|p1: MANuelpro02342|Toxic Spikes|[from] move: Rapid Spin|[of] p1a: Iron Treads
|-sideend|p1: MANuelpro02342|Stealth Rock|[from] move: Rapid Spin|[of] p1a: Iron Treads
|move|p2a: Raging Bolt|Dragon Pulse|p1a: Iron Treads
|-resisted|p1a: Iron Treads
|-damage|p1a: Iron Treads|73/100
|-damage|p2a: Raging Bolt|34/100|[from] item: Life Orb
|
|-heal|p1a: Iron Treads|79/100|[from] item: Leftovers
|-sideend|p2: SickBRE12|Reflect
|upkeep
|turn|9
|
|t:|1757858002
|move|p1a: Iron Treads|Earthquake|p2a: Raging Bolt
|-supereffective|p2a: Raging Bolt
|-damage|p2a: Raging Bolt|0 fnt
|faint|p2a: Raging Bolt
|-end|p2a: Raging Bolt|Protosynthesis|[silent]
|
|-heal|p1a: Iron Treads|85/100|[from] item: Leftovers
|upkeep
|
|t:|1757858008
|switch|p2a: Scizor|Scizor, F|100/100
|turn|10
|
|t:|1757858013
|move|p1a: Iron Treads|Earthquake|p2a: Scizor
|-damage|p2a: Scizor|63/100
|move|p2a: Scizor|Brick Break|p1a: Iron Treads
|-supereffective|p1a: Iron Treads
|-damage|p1a: Iron Treads|43/100
|
|-heal|p1a: Iron Treads|50/100|[from] item: Leftovers
|-sideend|p2: SickBRE12|move: Light Screen
|upkeep
|turn|11
|
|t:|1757858022
|move|p1a: Iron Treads|Knock Off|p2a: Scizor
|-damage|p2a: Scizor|40/100
|-enditem|p2a: Scizor|Focus Sash|[from] move: Knock Off|[of] p1a: Iron Treads
|move|p2a: Scizor|Brick Break|p1a: Iron Treads
|-supereffective|p1a: Iron Treads
|-damage|p1a: Iron Treads|2/100
|
|-heal|p1a: Iron Treads|8/100|[from] item: Leftovers
|upkeep
|turn|12
|
|t:|1757858034
|move|p1a: Iron Treads|Earthquake|p2a: Scizor
|-damage|p2a: Scizor|3/100
|move|p2a: Scizor|Swords Dance|p2a: Scizor
|-boost|p2a: Scizor|atk|2
|
|-heal|p1a: Iron Treads|14/100|[from] item: Leftovers
|upkeep
|turn|13
|
|t:|1757858042
|move|p2a: Scizor|Bullet Punch|p1a: Iron Treads
|-resisted|p1a: Iron Treads
|-damage|p1a: Iron Treads|0 fnt
|faint|p1a: Iron Treads
|-end|p1a: Iron Treads|Quark Drive|[silent]
|
|upkeep
|
|t:|1757858051
|switch|p1a: Ogerpon|Ogerpon-Wellspring, F|100/100
|turn|14
|
|t:|1757858065
|-terastallize|p1a: Ogerpon|Water
|detailschange|p1a: Ogerpon|Ogerpon-Wellspring-Tera, F, tera:Water
|-ability|p1a: Ogerpon|Embody Aspect (Wellspring)|boost
|-boost|p1a: Ogerpon|spd|1
|move|p2a: Scizor|Bullet Punch|p1a: Ogerpon
|-resisted|p1a: Ogerpon
|-damage|p1a: Ogerpon|65/100
|move|p1a: Ogerpon|Trailblaze|p2a: Scizor
|-resisted|p2a: Scizor
|-damage|p2a: Scizor|0 fnt
|-boost|p1a: Ogerpon|spe|1
|faint|p2a: Scizor
|
|upkeep
|inactive|SickBRE12 has 120 seconds left.
|
|t:|1757858097
|switch|p2a: Kingambit|Kingambit, M, shiny|100/100
|turn|15
|
|t:|1757858106
|move|p1a: Ogerpon|Ivy Cudgel|p2a: Kingambit|[anim] Ivy Cudgel Water
|-crit|p2a: Kingambit
|-damage|p2a: Kingambit|23/100
|move|p2a: Kingambit|Swords Dance|p2a: Kingambit
|-boost|p2a: Kingambit|atk|2
|
|upkeep
|turn|16
|inactive|SickBRE12 has 120 seconds left.
|
|t:|1757858131
|move|p2a: Kingambit|Sucker Punch|p1a: Ogerpon
|-damage|p1a: Ogerpon|0 fnt
|faint|p1a: Ogerpon
|detailschange|p1: Ogerpon|Ogerpon-Wellspring, F|[silent]
|
|upkeep
|
|t:|1757858138
|switch|p1a: Moltres|Moltres|100/100
|turn|17
|inactive|SickBRE12 has 120 seconds left.
|
|t:|1757858151
|move|p2a: Kingambit|Sucker Punch|p1a: Moltres
|-damage|p1a: Moltres|31/100
|-status|p2a: Kingambit|brn|[from] ability: Flame Body|[of] p1a: Moltres
|move|p1a: Moltres|Flamethrower|p2a: Kingambit
|-supereffective|p2a: Kingambit
|-damage|p2a: Kingambit|0 fnt
|faint|p2a: Kingambit
|
|upkeep
|
|t:|1757858155
|switch|p2a: Grimmsnarl|Grimmsnarl, M, shiny|26/100
|turn|18
|
|t:|1757858168
|move|p2a: Grimmsnarl|Light Screen|p2a: Grimmsnarl
|-sidestart|p2: SickBRE12|move: Light Screen
|move|p1a: Moltres|Roost|p1a: Moltres
|-heal|p1a: Moltres|81/100
|-singleturn|p1a: Moltres|move: Roost
|
|upkeep
|turn|19
|
|t:|1757858189
|move|p2a: Grimmsnarl|Reflect|p2a: Grimmsnarl
|-sidestart|p2: SickBRE12|Reflect
|move|p1a: Moltres|Roar|p2a: Grimmsnarl
|drag|p2a: Dunsparce|Dunsparce, F, shiny|100/100
|
|upkeep
|turn|20
|
|t:|1757858196
|move|p1a: Moltres|Will-O-Wisp|p2a: Dunsparce
|-status|p2a: Dunsparce|brn
|move|p2a: Dunsparce|Body Slam|p1a: Moltres
|-damage|p1a: Moltres|69/100
|-status|p1a: Moltres|par
|
|-damage|p2a: Dunsparce|94/100 brn|[from] brn
|upkeep
|turn|21
|
|t:|1757858212
|cant|p1a: Moltres|par
|move|p2a: Dunsparce|Coil|p2a: Dunsparce
|-boost|p2a: Dunsparce|atk|1
|-boost|p2a: Dunsparce|def|1
|-boost|p2a: Dunsparce|accuracy|1
|
|-damage|p2a: Dunsparce|88/100 brn|[from] brn
|upkeep
|turn|22
|
|t:|1757858231
|move|p2a: Dunsparce|Coil|p2a: Dunsparce
|-boost|p2a: Dunsparce|atk|1
|-boost|p2a: Dunsparce|def|1
|-boost|p2a: Dunsparce|accuracy|1
|move|p1a: Moltres|Roar|p2a: Dunsparce
|drag|p2a: Grimmsnarl|Grimmsnarl, M, shiny|26/100
|
|upkeep
|turn|23
|
|t:|1757858240
|move|p2a: Grimmsnarl|Spirit Break|p1a: Moltres
|-resisted|p1a: Moltres
|-damage|p1a: Moltres|58/100 par
|-unboost|p1a: Moltres|spa|1
|cant|p1a: Moltres|par
|
|upkeep
|turn|24
|
|t:|1757858249
|move|p2a: Grimmsnarl|Spirit Break|p1a: Moltres
|-resisted|p1a: Moltres
|-damage|p1a: Moltres|46/100 par
|-unboost|p1a: Moltres|spa|1
|move|p1a: Moltres|Will-O-Wisp|p2a: Grimmsnarl
|-status|p2a: Grimmsnarl|brn
|
|-damage|p2a: Grimmsnarl|20/100 brn|[from] brn
|upkeep
|turn|25
|inactive|SickBRE12 has 120 seconds left.
|
|t:|1757858283
|move|p2a: Grimmsnarl|Spirit Break|p1a: Moltres
|-resisted|p1a: Moltres
|-damage|p1a: Moltres|40/100 par
|-unboost|p1a: Moltres|spa|1
|move|p1a: Moltres|Roost|p1a: Moltres
|-heal|p1a: Moltres|91/100 par
|-singleturn|p1a: Moltres|move: Roost
|
|-damage|p2a: Grimmsnarl|14/100 brn|[from] brn
|-sideend|p2: SickBRE12|move: Light Screen
|upkeep
|turn|26
|
|t:|1757858297
|move|p2a: Grimmsnarl|Light Screen|p2a: Grimmsnarl
|-sidestart|p2: SickBRE12|move: Light Screen
|move|p1a: Moltres|Flamethrower|p2a: Grimmsnarl
|-damage|p2a: Grimmsnarl|8/100 brn
|
|-damage|p2a: Grimmsnarl|2/100 brn|[from] brn
|-sideend|p2: SickBRE12|Reflect
|upkeep
|turn|27
|inactive|SickBRE12 has 120 seconds left.
|
|t:|1757858329
|move|p2a: Grimmsnarl|Reflect|p2a: Grimmsnarl
|-sidestart|p2: SickBRE12|Reflect
|cant|p1a: Moltres|par
|
|-damage|p2a: Grimmsnarl|0 fnt|[from] brn
|faint|p2a: Grimmsnarl
|upkeep
|
|t:|1757858331
|switch|p2a: Dunsparce|Dunsparce, F, shiny|88/100 brn
|turn|28
|
|t:|1757858335
|move|p1a: Moltres|Flamethrower|p2a: Dunsparce
|-damage|p2a: Dunsparce|82/100 brn
|move|p2a: Dunsparce|Coil|p2a: Dunsparce
|-boost|p2a: Dunsparce|atk|1
|-boost|p2a: Dunsparce|def|1
|-boost|p2a: Dunsparce|accuracy|1
|
|-damage|p2a: Dunsparce|76/100 brn|[from] brn
|upkeep
|turn|29
|inactive|SickBRE12 has 120 seconds left.
|
|t:|1757858352
|switch|p1a: Dragapult|Dragapult, F|100/100
|move|p2a: Dunsparce|Coil|p2a: Dunsparce
|-boost|p2a: Dunsparce|atk|1
|-boost|p2a: Dunsparce|def|1
|-boost|p2a: Dunsparce|accuracy|1
|
|-damage|p2a: Dunsparce|70/100 brn|[from] brn
|upkeep
|turn|30
|inactive|SickBRE12 has 120 seconds left.
|
|t:|1757858365
|move|p1a: Dragapult|Draco Meteor|p2a: Dunsparce
|-damage|p2a: Dunsparce|49/100 brn
|-unboost|p1a: Dragapult|spa|2
|move|p2a: Dunsparce|Coil|p2a: Dunsparce
|-boost|p2a: Dunsparce|atk|1
|-boost|p2a: Dunsparce|def|1
|-boost|p2a: Dunsparce|accuracy|1
|
|-damage|p2a: Dunsparce|43/100 brn|[from] brn
|upkeep
|turn|31
|inactive|SickBRE12 has 120 seconds left.
|
|t:|1757858395
|move|p1a: Dragapult|U-turn|p2a: Dunsparce
|-damage|p2a: Dunsparce|40/100 brn
|
|t:|1757858398
|switch|p1a: Garganacl|Garganacl, F|100/100|[from] U-turn
|move|p2a: Dunsparce|Roost|p2a: Dunsparce
|-heal|p2a: Dunsparce|90/100 brn
|-singleturn|p2a: Dunsparce|move: Roost
|
|-damage|p2a: Dunsparce|84/100 brn|[from] brn
|upkeep
|turn|32
|
|t:|1757858403
|move|p1a: Garganacl|Salt Cure|p2a: Dunsparce
|-damage|p2a: Dunsparce|81/100 brn
|-start|p2a: Dunsparce|Salt Cure
|move|p2a: Dunsparce|Gyro Ball|p1a: Garganacl
|-supereffective|p1a: Garganacl
|-damage|p1a: Garganacl|87/100
|
|-heal|p1a: Garganacl|93/100|[from] item: Leftovers
|-damage|p2a: Dunsparce|75/100 brn|[from] brn
|-damage|p2a: Dunsparce|63/100 brn|[from] Salt Cure
|upkeep
|turn|33
|inactive|SickBRE12 has 120 seconds left.
|
|t:|1757858414
|move|p1a: Garganacl|Iron Defense|p1a: Garganacl
|-boost|p1a: Garganacl|def|2
|move|p2a: Dunsparce|Body Slam|p1a: Garganacl
|-resisted|p1a: Garganacl
|-crit|p1a: Garganacl
|-damage|p1a: Garganacl|73/100
|
|-heal|p1a: Garganacl|80/100|[from] item: Leftovers
|-damage|p2a: Dunsparce|57/100 brn|[from] brn
|-damage|p2a: Dunsparce|44/100 brn|[from] Salt Cure
|-sideend|p2: SickBRE12|move: Light Screen
|upkeep
|turn|34
|-message|SickBRE12 forfeited.
|
|win|MANuelpro02342
|raw|MANuelpro02342's rating: 1138 &rarr; <strong>1162</strong><br />(+24 for winning)
|raw|SickBRE12's rating: 1121 &rarr; <strong>1097</strong><br />(-24 for losing)
|l|☆SickBRE12
|player|p2|
|c|☆MANuelpro02342|ez
|l|☆MANuelpro02342
|player|p1|
