|j|‽harc
|j|☆Blizzard Wyvern
|t:|1757848019
|gametype|singles
|player|p1|harc|lady|1317
|player|p2|Blizzard Wyvern|brycen|1352
|gen|9
|tier|[Gen 9] OU
|rated|
|rule|HP Percentage Mod: HP is shown in percentages
|rule|Endless Battle Clause: Forcing endless battles is banned
|rule|Species Clause: Limit one of each Pokémon
|rule|OHKO Clause: OHKO moves are banned
|rule|Evasion Items Clause: Evasion items are banned
|rule|Evasion Moves Clause: Evasion moves are banned
|rule|Evasion Abilities Clause: Evasion abilities are banned
|rule|Sleep Moves Clause: Sleep-inducing moves are banned
|clearpoke
|poke|p1|Dachsbun, M|
|poke|p1|Dondozo, M|
|poke|p1|Goodra, F|
|poke|p1|Reuniclus, F|
|poke|p1|Toedscruel, M|
|poke|p1|Tyranitar, F|
|poke|p2|Glaceon, F|
|poke|p2|Espeon, F|
|poke|p2|Umbreon, M|
|poke|p2|Flareon, M|
|poke|p2|Vaporeon, F|
|poke|p2|Jolteon, M|
|teampreview
|inactive|Battle timer is ON: inactive players will automatically lose when time's up. (requested by Blizzard Wyvern)
|
|t:|1757848045
|teamsize|p1|6
|teamsize|p2|6
|start
|switch|p1a: Tyranitar|Tyranitar, F|100/100
|switch|p2a: Glaceon|Glaceon, F, shiny|100/100
|-weather|Sandstorm|[from] ability: Sand Stream|[of] p1a: Tyranitar
|turn|1
|
|t:|1757848062
|switch|p2a: Umbreon|Umbreon, M, shiny|100/100
|switch|p1a: Dachsbun|Dachsbun, M|100/100
|
|-weather|Sandstorm|[upkeep]
|-damage|p1a: Dachsbun|95/100|[from] Sandstorm
|-damage|p2a: Umbreon|94/100|[from] Sandstorm
|-heal|p1a: Dachsbun|100/100|[from] item: Leftovers
|upkeep
|turn|2
|
|t:|1757848072
|move|p1a: Dachsbun|Body Press|p2a: Umbreon
|-supereffective|p2a: Umbreon
|-damage|p2a: Umbreon|59/100
|-damage|p1a: Dachsbun|84/100|[from] item: Rocky Helmet|[of] p2a: Umbreon
|move|p2a: Umbreon|Toxic|p1a: Dachsbun
|-status|p1a: Dachsbun|tox
|
|-weather|Sandstorm|[upkeep]
|-damage|p1a: Dachsbun|78/100 tox|[from] Sandstorm
|-damage|p2a: Umbreon|53/100|[from] Sandstorm
|-heal|p1a: Dachsbun|84/100 tox|[from] item: Leftovers
|-damage|p1a: Dachsbun|78/100 tox|[from] psn
|upkeep
|turn|3
|
|t:|1757848090
|move|p1a: Dachsbun|Alluring Voice|p2a: Umbreon
|-supereffective|p2a: Umbreon
|-damage|p2a: Umbreon|31/100
|move|p2a: Umbreon|Wish|p2a: Umbreon
|
|-weather|Sandstorm|[upkeep]
|-damage|p1a: Dachsbun|72/100 tox|[from] Sandstorm
|-damage|p2a: Umbreon|25/100|[from] Sandstorm
|-heal|p1a: Dachsbun|78/100 tox|[from] item: Leftovers
|-damage|p1a: Dachsbun|66/100 tox|[from] psn
|upkeep
|turn|4
|
|t:|1757848100
|move|p2a: Umbreon|Protect|p2a: Umbreon
|-singleturn|p2a: Umbreon|Protect
|move|p1a: Dachsbun|Body Press|p2a: Umbreon
|-activate|p2a: Umbreon|move: Protect
|
|-weather|Sandstorm|[upkeep]
|-damage|p1a: Dachsbun|60/100 tox|[from] Sandstorm
|-damage|p2a: Umbreon|19/100|[from] Sandstorm
|-heal|p2a: Umbreon|69/100|[from] move: Wish|[wisher] Umbreon
|-heal|p1a: Dachsbun|66/100 tox|[from] item: Leftovers
|-damage|p1a: Dachsbun|48/100 tox|[from] psn
|upkeep
|turn|5
|
|t:|1757848114
|switch|p1a: Reuniclus|Reuniclus, F|100/100
|move|p2a: Umbreon|Wish|p2a: Umbreon
|
|-weather|none
|upkeep
|turn|6
|
|t:|1757848123
|-terastallize|p1a: Reuniclus|Normal
|move|p2a: Umbreon|Foul Play|p1a: Reuniclus
|-damage|p1a: Reuniclus|88/100
|move|p1a: Reuniclus|Calm Mind|p1a: Reuniclus
|-boost|p1a: Reuniclus|spa|1
|-boost|p1a: Reuniclus|spd|1
|
|-heal|p2a: Umbreon|100/100|[from] move: Wish|[wisher] Umbreon
|-heal|p1a: Reuniclus|94/100|[from] item: Leftovers
|upkeep
|turn|7
|
|t:|1757848135
|switch|p2a: Flareon|Flareon, M|100/100
|move|p1a: Reuniclus|Calm Mind|p1a: Reuniclus
|-boost|p1a: Reuniclus|spa|1
|-boost|p1a: Reuniclus|spd|1
|
|-heal|p1a: Reuniclus|100/100|[from] item: Leftovers
|upkeep
|turn|8
|
|t:|1757848145
|move|p2a: Flareon|Flare Blitz|p1a: Reuniclus
|-damage|p1a: Reuniclus|50/100
|-damage|p2a: Flareon|80/100|[from] Recoil
|move|p1a: Reuniclus|Psychic Noise|p2a: Flareon
|-damage|p2a: Flareon|16/100
|-start|p2a: Flareon|move: Heal Block
|
|-heal|p1a: Reuniclus|56/100|[from] item: Leftovers
|upkeep
|turn|9
|
|t:|1757848156
|move|p2a: Flareon|Flare Blitz|p1a: Reuniclus
|-damage|p1a: Reuniclus|8/100
|-damage|p2a: Flareon|0 fnt|[from] Recoil
|faint|p2a: Flareon
|move|p1a: Reuniclus|Recover|p1a: Reuniclus
|-heal|p1a: Reuniclus|58/100
|
|-heal|p1a: Reuniclus|64/100|[from] item: Leftovers
|upkeep
|
|t:|1757848168
|switch|p2a: Glaceon|Glaceon, F, shiny|100/100
|turn|10
|
|t:|1757848172
|move|p1a: Reuniclus|Recover|p1a: Reuniclus
|-heal|p1a: Reuniclus|100/100
|move|p2a: Glaceon|Mirror Coat||[still]
|-fail|p2a: Glaceon
|
|upkeep
|turn|11
|
|t:|1757848188
|switch|p2a: Umbreon|Umbreon, M, shiny|100/100
|move|p1a: Reuniclus|Calm Mind|p1a: Reuniclus
|-boost|p1a: Reuniclus|spa|1
|-boost|p1a: Reuniclus|spd|1
|
|upkeep
|turn|12
|
|t:|1757848195
|move|p2a: Umbreon|Toxic|p1a: Reuniclus
|-status|p1a: Reuniclus|tox
|move|p1a: Reuniclus|Calm Mind|p1a: Reuniclus
|-boost|p1a: Reuniclus|spa|1
|-boost|p1a: Reuniclus|spd|1
|
|upkeep
|turn|13
|
|t:|1757848202
|move|p2a: Umbreon|Foul Play|p1a: Reuniclus
|-crit|p1a: Reuniclus
|-damage|p1a: Reuniclus|81/100 tox
|move|p1a: Reuniclus|Calm Mind|p1a: Reuniclus
|-boost|p1a: Reuniclus|spa|1
|-boost|p1a: Reuniclus|spd|1
|
|-heal|p1a: Reuniclus|87/100 tox|[from] item: Leftovers
|upkeep
|turn|14
|
|t:|1757848211
|move|p2a: Umbreon|Foul Play|p1a: Reuniclus
|-damage|p1a: Reuniclus|75/100 tox
|move|p1a: Reuniclus|Calm Mind|p1a: Reuniclus
|-boost|p1a: Reuniclus|spa|1
|-boost|p1a: Reuniclus|spd|1
|
|-heal|p1a: Reuniclus|81/100 tox|[from] item: Leftovers
|upkeep
|turn|15
|
|t:|1757848220
|move|p2a: Umbreon|Protect|p2a: Umbreon
|-singleturn|p2a: Umbreon|Protect
|move|p1a: Reuniclus|Shadow Ball|p2a: Umbreon
|-activate|p2a: Umbreon|move: Protect
|
|-heal|p1a: Reuniclus|88/100 tox|[from] item: Leftovers
|upkeep
|turn|16
|
|t:|1757848228
|move|p2a: Umbreon|Wish|p2a: Umbreon
|move|p1a: Reuniclus|Shadow Ball|p2a: Umbreon
|-resisted|p2a: Umbreon
|-damage|p2a: Umbreon|73/100
|
|-heal|p1a: Reuniclus|94/100 tox|[from] item: Leftovers
|upkeep
|turn|17
|
|t:|1757848238
|switch|p2a: Glaceon|Glaceon, F, shiny|100/100
|move|p1a: Reuniclus|Calm Mind|p1a: Reuniclus
|-boost|p1a: Reuniclus|spa|0
|-boost|p1a: Reuniclus|spd|0
|
|-heal|p1a: Reuniclus|99/100 tox|[from] item: Leftovers
|upkeep
|turn|18
|
|t:|1757848254
|switch|p1a: Dachsbun|Dachsbun, M|48/100 tox
|move|p2a: Glaceon|Mirror Coat||[still]
|-fail|p2a: Glaceon
|
|-heal|p1a: Dachsbun|54/100 tox|[from] item: Leftovers
|-damage|p1a: Dachsbun|48/100 tox|[from] psn
|upkeep
|turn|19
|
|t:|1757848263
|switch|p2a: Umbreon|Umbreon, M, shiny|73/100
|move|p1a: Dachsbun|Wish|p1a: Dachsbun
|
|-heal|p1a: Dachsbun|54/100 tox|[from] item: Leftovers
|-damage|p1a: Dachsbun|42/100 tox|[from] psn
|upkeep
|turn|20
|
|t:|1757848272
|move|p1a: Dachsbun|Protect|p1a: Dachsbun
|-singleturn|p1a: Dachsbun|Protect
|move|p2a: Umbreon|Wish|p2a: Umbreon
|
|-heal|p1a: Dachsbun|92/100 tox|[from] move: Wish|[wisher] Dachsbun
|-heal|p1a: Dachsbun|98/100 tox|[from] item: Leftovers
|-damage|p1a: Dachsbun|80/100 tox|[from] psn
|upkeep
|turn|21
|
|t:|1757848287
|switch|p1a: Reuniclus|Reuniclus, F, tera:Normal|99/100 tox
|move|p2a: Umbreon|Foul Play|p1a: Reuniclus
|-damage|p1a: Reuniclus|87/100 tox
|
|-heal|p2a: Umbreon|100/100|[from] move: Wish|[wisher] Umbreon
|-heal|p1a: Reuniclus|93/100 tox|[from] item: Leftovers
|upkeep
|turn|22
|
|t:|1757848300
|switch|p2a: Jolteon|Jolteon, M|100/100
|move|p1a: Reuniclus|Calm Mind|p1a: Reuniclus
|-boost|p1a: Reuniclus|spa|1
|-boost|p1a: Reuniclus|spd|1
|
|-heal|p1a: Reuniclus|99/100 tox|[from] item: Leftovers
|upkeep
|turn|23
|
|t:|1757848309
|move|p2a: Jolteon|Thunderbolt|p1a: Reuniclus
|-damage|p1a: Reuniclus|62/100 tox
|move|p1a: Reuniclus|Shadow Ball|p2a: Jolteon
|-damage|p2a: Jolteon|55/100
|-unboost|p2a: Jolteon|spd|1
|
|-heal|p1a: Reuniclus|68/100 tox|[from] item: Leftovers
|upkeep
|turn|24
|
|t:|1757848320
|move|p2a: Jolteon|Thunderbolt|p1a: Reuniclus
|-damage|p1a: Reuniclus|32/100 tox
|move|p1a: Reuniclus|Shadow Ball|p2a: Jolteon
|-damage|p2a: Jolteon|0 fnt
|faint|p2a: Jolteon
|
|-heal|p1a: Reuniclus|38/100 tox|[from] item: Leftovers
|upkeep
|
|t:|1757848328
|switch|p2a: Espeon|Espeon, F|100/100
|turn|25
|
|t:|1757848339
|switch|p1a: Tyranitar|Tyranitar, F|100/100
|-weather|Sandstorm|[from] ability: Sand Stream|[of] p1a: Tyranitar
|move|p2a: Espeon|Psychic|p1a: Tyranitar
|-immune|p1a: Tyranitar
|
|-weather|Sandstorm|[upkeep]
|-damage|p2a: Espeon|95/100|[from] Sandstorm
|upkeep
|turn|26
|
|t:|1757848349
|move|p2a: Espeon|Grass Knot|p1a: Tyranitar
|-supereffective|p1a: Tyranitar
|-damage|p1a: Tyranitar|71/100
|-damage|p2a: Espeon|85/100|[from] item: Life Orb
|move|p1a: Tyranitar|Knock Off|p2a: Espeon
|-supereffective|p2a: Espeon
|-damage|p2a: Espeon|0 fnt
|-enditem|p2a: Espeon|Life Orb|[from] move: Knock Off|[of] p1a: Tyranitar
|faint|p2a: Espeon
|
|-weather|Sandstorm|[upkeep]
|upkeep
|
|t:|1757848358
|switch|p2a: Vaporeon|Vaporeon, F|100/100
|turn|27
|
|t:|1757848363
|move|p2a: Vaporeon|Acid Armor|p2a: Vaporeon
|-boost|p2a: Vaporeon|def|2
|move|p1a: Tyranitar|Knock Off|p2a: Vaporeon
|-damage|p2a: Vaporeon|80/100
|-enditem|p2a: Vaporeon|Leftovers|[from] move: Knock Off|[of] p1a: Tyranitar
|
|-weather|Sandstorm|[upkeep]
|-damage|p2a: Vaporeon|74/100|[from] Sandstorm
|upkeep
|turn|28
|
|t:|1757848373
|move|p2a: Vaporeon|Wish|p2a: Vaporeon
|move|p1a: Tyranitar|Dragon Tail|p2a: Vaporeon
|-damage|p2a: Vaporeon|66/100
|drag|p2a: Umbreon|Umbreon, M, shiny|100/100
|
|-weather|Sandstorm|[upkeep]
|-damage|p2a: Umbreon|94/100|[from] Sandstorm
|upkeep
|turn|29
|
|t:|1757848382
|move|p2a: Umbreon|Toxic|p1a: Tyranitar
|-status|p1a: Tyranitar|tox
|move|p1a: Tyranitar|Knock Off|p2a: Umbreon
|-resisted|p2a: Umbreon
|-damage|p2a: Umbreon|80/100
|-damage|p1a: Tyranitar|54/100 tox|[from] item: Rocky Helmet|[of] p2a: Umbreon
|-enditem|p2a: Umbreon|Rocky Helmet|[from] move: Knock Off|[of] p1a: Tyranitar
|
|-weather|none
|-heal|p2a: Umbreon|100/100|[from] move: Wish|[wisher] Vaporeon
|-damage|p1a: Tyranitar|48/100 tox|[from] psn
|upkeep
|turn|30
|
|t:|1757848395
|move|p2a: Umbreon|Wish|p2a: Umbreon
|move|p1a: Tyranitar|Facade|p2a: Umbreon
|-damage|p2a: Umbreon|73/100
|
|-damage|p1a: Tyranitar|36/100 tox|[from] psn
|upkeep
|turn|31
|
|t:|1757848405
|switch|p1a: Reuniclus|Reuniclus, F, tera:Normal|38/100 tox
|move|p2a: Umbreon|Foul Play|p1a: Reuniclus
|-damage|p1a: Reuniclus|27/100 tox
|
|-heal|p2a: Umbreon|100/100|[from] move: Wish|[wisher] Umbreon
|-heal|p1a: Reuniclus|33/100 tox|[from] item: Leftovers
|upkeep
|turn|32
|
|t:|1757848415
|move|p2a: Umbreon|Wish|p2a: Umbreon
|move|p1a: Reuniclus|Recover|p1a: Reuniclus
|-heal|p1a: Reuniclus|83/100 tox
|
|-heal|p1a: Reuniclus|89/100 tox|[from] item: Leftovers
|upkeep
|turn|33
|
|t:|1757848423
|switch|p2a: Vaporeon|Vaporeon, F|66/100
|switch|p1a: Dachsbun|Dachsbun, M|80/100 tox
|
|-heal|p2a: Vaporeon|100/100|[from] move: Wish|[wisher] Umbreon
|-heal|p1a: Dachsbun|86/100 tox|[from] item: Leftovers
|-damage|p1a: Dachsbun|80/100 tox|[from] psn
|upkeep
|turn|34
|
|t:|1757848434
|switch|p1a: Toedscruel|Toedscruel, M|100/100
|move|p2a: Vaporeon|Acid Armor|p2a: Vaporeon
|-boost|p2a: Vaporeon|def|2
|
|upkeep
|turn|35
|
|t:|1757848446
|-terastallize|p2a: Vaporeon|Poison
|move|p2a: Vaporeon|Ice Beam|p1a: Toedscruel
|-supereffective|p1a: Toedscruel
|-damage|p1a: Toedscruel|30/100
|move|p1a: Toedscruel|Toxic|p2a: Vaporeon
|-immune|p2a: Vaporeon
|
|-heal|p1a: Toedscruel|36/100|[from] item: Leftovers
|upkeep
|turn|36
|
|t:|1757848462
|switch|p1a: Dondozo|Dondozo, M|100/100
|move|p2a: Vaporeon|Ice Beam|p1a: Dondozo
|-resisted|p1a: Dondozo
|-damage|p1a: Dondozo|87/100
|
|-heal|p1a: Dondozo|93/100|[from] item: Leftovers
|upkeep
|turn|37
|
|t:|1757848471
|move|p2a: Vaporeon|Scald|p1a: Dondozo
|-resisted|p1a: Dondozo
|-damage|p1a: Dondozo|72/100
|move|p1a: Dondozo|Curse|p1a: Dondozo
|-unboost|p1a: Dondozo|spe|1
|-boost|p1a: Dondozo|atk|1
|-boost|p1a: Dondozo|def|1
|
|-heal|p1a: Dondozo|78/100|[from] item: Leftovers
|upkeep
|turn|38
|
|t:|1757848483
|move|p2a: Vaporeon|Scald|p1a: Dondozo
|-resisted|p1a: Dondozo
|-damage|p1a: Dondozo|59/100
|move|p1a: Dondozo|Liquidation|p2a: Vaporeon
|-immune|p2a: Vaporeon|[from] ability: Water Absorb
|
|-heal|p1a: Dondozo|65/100|[from] item: Leftovers
|upkeep
|turn|39
|
|t:|1757848492
|move|p2a: Vaporeon|Scald|p1a: Dondozo
|-resisted|p1a: Dondozo
|-damage|p1a: Dondozo|47/100
|move|p1a: Dondozo|Earthquake|p2a: Vaporeon
|-supereffective|p2a: Vaporeon
|-damage|p2a: Vaporeon|34/100
|
|-heal|p1a: Dondozo|53/100|[from] item: Leftovers
|upkeep
|turn|40
|
|t:|1757848502
|switch|p2a: Umbreon|Umbreon, M, shiny|100/100
|move|p1a: Dondozo|Earthquake|p2a: Umbreon
|-damage|p2a: Umbreon|77/100
|
|-heal|p1a: Dondozo|59/100|[from] item: Leftovers
|upkeep
|turn|41
|
|t:|1757848512
|move|p2a: Umbreon|Toxic|p1a: Dondozo
|-status|p1a: Dondozo|tox
|move|p1a: Dondozo|Body Press|p2a: Umbreon
|-supereffective|p2a: Umbreon
|-damage|p2a: Umbreon|21/100
|
|-heal|p1a: Dondozo|65/100 tox|[from] item: Leftovers
|-damage|p1a: Dondozo|59/100 tox|[from] psn
|upkeep
|turn|42
|
|t:|1757848522
|move|p2a: Umbreon|Protect|p2a: Umbreon
|-singleturn|p2a: Umbreon|Protect
|move|p1a: Dondozo|Body Press|p2a: Umbreon
|-activate|p2a: Umbreon|move: Protect
|
|-heal|p1a: Dondozo|65/100 tox|[from] item: Leftovers
|-damage|p1a: Dondozo|53/100 tox|[from] psn
|upkeep
|turn|43
|
|t:|1757848532
|move|p2a: Umbreon|Wish|p2a: Umbreon
|move|p1a: Dondozo|Earthquake|p2a: Umbreon
|-damage|p2a: Umbreon|0 fnt
|faint|p2a: Umbreon
|
|-heal|p1a: Dondozo|59/100 tox|[from] item: Leftovers
|-damage|p1a: Dondozo|41/100 tox|[from] psn
|upkeep
|
|t:|1757848539
|switch|p2a: Glaceon|Glaceon, F, shiny|100/100
|turn|44
|
|t:|1757848552
|switch|p1a: Dachsbun|Dachsbun, M|80/100 tox
|move|p2a: Glaceon|Freeze-Dry|p1a: Dachsbun
|-damage|p1a: Dachsbun|27/100 tox
|
|-heal|p1a: Dachsbun|33/100 tox|[from] item: Leftovers
|-damage|p1a: Dachsbun|27/100 tox|[from] psn
|upkeep
|turn|45
|
|t:|1757848562
|switch|p1a: Goodra|Goodra, F|100/100
|switch|p2a: Vaporeon|Vaporeon, F, tera:Poison|34/100
|
|upkeep
|turn|46
|
|t:|1757848575
|move|p2a: Vaporeon|Wish|p2a: Vaporeon
|move|p1a: Goodra|Dragon Tail|p2a: Vaporeon
|-damage|p2a: Vaporeon|14/100
|drag|p2a: Glaceon|Glaceon, F, shiny|100/100
|
|upkeep
|turn|47
|
|t:|1757848582
|move|p1a: Goodra|Flamethrower|p2a: Glaceon
|-supereffective|p2a: Glaceon
|-damage|p2a: Glaceon|71/100
|move|p2a: Glaceon|Freeze-Dry|p1a: Goodra
|-supereffective|p1a: Goodra
|-damage|p1a: Goodra|73/100
|
|-heal|p2a: Glaceon|100/100|[from] move: Wish|[wisher] Vaporeon
|upkeep
|turn|48
|
|t:|1757848596
|move|p1a: Goodra|Knock Off|p2a: Glaceon
|-damage|p2a: Glaceon|80/100
|-enditem|p2a: Glaceon|Assault Vest|[from] move: Knock Off|[of] p1a: Goodra
|move|p2a: Glaceon|Mirror Coat||[still]
|-fail|p2a: Glaceon
|
|upkeep
|turn|49
|
|t:|1757848604
|move|p2a: Glaceon|Alluring Voice|p1a: Goodra
|-supereffective|p1a: Goodra
|-damage|p1a: Goodra|52/100
|move|p1a: Goodra|Dragon Tail|p2a: Glaceon
|-damage|p2a: Glaceon|60/100
|drag|p2a: Vaporeon|Vaporeon, F, tera:Poison|14/100
|
|upkeep
|turn|50
|-message|Blizzard Wyvern forfeited.
|
|win|harc
|raw|harc's rating: 1317 &rarr; <strong>1339</strong><br />(+22 for winning)
|raw|Blizzard Wyvern's rating: 1352 &rarr; <strong>1330</strong><br />(-22 for losing)
|l|☆Blizzard Wyvern
|player|p2|
|l|‽harc
|player|p1|
