|badge|p1|bronze|gen9doublesou|100-6
|uhtml|medal-msg|<div class="broadcast-blue">Curious what those medals under the avatar are? PS now has Ladder Seasons! For more information, check out the <a href="https://www.smogon.com/forums/threads/3740067/">thread on Smogon.</a></div>
|j|☆DaevEVtest
|j|☆maxzizito
|t:|1757790360
|gametype|singles
|player|p1|DaevEVtest|drayden|1482
|player|p2|maxzizito|wattson|1476
|gen|9
|tier|[Gen 9] OU
|rated|
|rule|HP Percentage Mod: HP is shown in percentages
|rule|Endless Battle Clause: Forcing endless battles is banned
|rule|Species Clause: Limit one of each Pokémon
|rule|OHKO Clause: OHKO moves are banned
|rule|Evasion Items Clause: Evasion items are banned
|rule|Evasion Moves Clause: Evasion moves are banned
|rule|Evasion Abilities Clause: Evasion abilities are banned
|rule|Sleep Moves Clause: Sleep-inducing moves are banned
|clearpoke
|poke|p1|Zapdos-Galar|
|poke|p1|Grimmsnarl, M|
|poke|p1|Weezing-Galar, M|
|poke|p1|Great Tusk|
|poke|p1|Blastoise, M|
|poke|p1|Thundurus-Therian, M|
|poke|p2|Cinderace, M|
|poke|p2|Darkrai|
|poke|p2|Landorus-Therian, M|
|poke|p2|Zamazenta-*|
|poke|p2|Pecharunt|
|poke|p2|Primarina, F|
|teampreview
|
|t:|1757790375
|teamsize|p1|6
|teamsize|p2|6
|start
|switch|p1a: EL Coach|Great Tusk|100/100
|switch|p2a: femboy|Cinderace, M|100/100
|turn|1
|
|t:|1757790382
|move|p1a: EL Coach|Headlong Rush|p2a: femboy
|-supereffective|p2a: femboy
|-damage|p2a: femboy|0 fnt
|-unboost|p1a: EL Coach|def|1
|-unboost|p1a: EL Coach|spd|1
|faint|p2a: femboy
|
|upkeep
|
|t:|1757790391
|switch|p2a: oioibaka|Darkrai|100/100
|turn|2
|
|t:|1757790395
|-end|p1a: EL Coach|Protosynthesis|[silent]
|switch|p1a: Feo pero mamado|Grimmsnarl, M, shiny|100/100
|move|p2a: oioibaka|Ice Beam|p1a: Feo pero mamado
|-damage|p1a: Feo pero mamado|63/100
|
|-heal|p1a: Feo pero mamado|69/100|[from] item: Leftovers
|upkeep
|turn|3
|
|t:|1757790400
|move|p2a: oioibaka|Sludge Bomb|p1a: Feo pero mamado
|-supereffective|p1a: Feo pero mamado
|-damage|p1a: Feo pero mamado|2/100
|move|p1a: Feo pero mamado|Spirit Break|p2a: oioibaka
|-supereffective|p2a: oioibaka
|-damage|p2a: oioibaka|0 fnt
|faint|p2a: oioibaka
|
|-heal|p1a: Feo pero mamado|8/100|[from] item: Leftovers
|upkeep
|
|t:|1757790411
|switch|p2a: george|Landorus-Therian, M|100/100
|-ability|p2a: george|Intimidate|boost
|-unboost|p1a: Feo pero mamado|atk|1
|turn|4
|
|t:|1757790413
|move|p1a: Feo pero mamado|Parting Shot|p2a: george
|-unboost|p2a: george|atk|1
|-unboost|p2a: george|spa|1
|
|t:|1757790416
|switch|p1a: Vende "Proteina"|Weezing-Galar, M, shiny|100/100|[from] Parting Shot
|move|p2a: george|U-turn|p1a: Vende "Proteina"
|-resisted|p1a: Vende "Proteina"
|-damage|p1a: Vende "Proteina"|98/100
|
|t:|1757790422
|switch|p2a: smashV4|Primarina, F|100/100|[from] U-turn
|
|-heal|p1a: Vende "Proteina"|100/100|[from] item: Leftovers
|upkeep
|turn|5
|
|t:|1757790431
|switch|p1a: Puro Brazo Bro|Thundurus-Therian, M|100/100
|move|p2a: smashV4|Moonblast|p1a: Puro Brazo Bro
|-damage|p1a: Puro Brazo Bro|23/100
|
|upkeep
|turn|6
|
|t:|1757790446
|switch|p2a: george|Landorus-Therian, M|100/100
|-ability|p2a: george|Intimidate|boost
|-unboost|p1a: Puro Brazo Bro|atk|1
|move|p1a: Puro Brazo Bro|Volt Switch|p2a: george
|-immune|p2a: george
|
|upkeep
|turn|7
|
|t:|1757790457
|switch|p1a: Vende "Proteina"|Weezing-Galar, M, shiny|100/100
|move|p2a: george|U-turn|p1a: Vende "Proteina"
|-resisted|p1a: Vende "Proteina"
|-damage|p1a: Vende "Proteina"|96/100
|
|t:|1757790464
|switch|p2a: smashV4|Primarina, F|100/100|[from] U-turn
|
|-heal|p1a: Vende "Proteina"|100/100|[from] item: Leftovers
|upkeep
|turn|8
|
|t:|1757790472
|switch|p1a: Estoy en Volumen|Blastoise, M|100/100
|move|p2a: smashV4|Surf|p1a: Estoy en Volumen
|-resisted|p1a: Estoy en Volumen
|-damage|p1a: Estoy en Volumen|88/100
|
|upkeep
|turn|9
|
|t:|1757790476
|move|p2a: smashV4|Moonblast|p1a: Estoy en Volumen
|-damage|p1a: Estoy en Volumen|66/100
|move|p1a: Estoy en Volumen|Chilling Water|p2a: smashV4
|-resisted|p2a: smashV4
|-damage|p2a: smashV4|94/100
|-unboost|p2a: smashV4|atk|1
|
|upkeep
|turn|10
|
|t:|1757790485
|move|p2a: smashV4|Moonblast|p1a: Estoy en Volumen
|-damage|p1a: Estoy en Volumen|44/100
|move|p1a: Estoy en Volumen|Rapid Spin|p2a: smashV4
|-damage|p2a: smashV4|81/100
|-boost|p1a: Estoy en Volumen|spe|1
|
|upkeep
|turn|11
|
|t:|1757790492
|move|p1a: Estoy en Volumen|Rapid Spin|p2a: smashV4
|-damage|p2a: smashV4|68/100
|-boost|p1a: Estoy en Volumen|spe|1
|move|p2a: smashV4|Moonblast|p1a: Estoy en Volumen
|-crit|p1a: Estoy en Volumen
|-damage|p1a: Estoy en Volumen|6/100
|
|upkeep
|turn|12
|
|t:|1757790495
|move|p1a: Estoy en Volumen|Rapid Spin|p2a: smashV4
|-damage|p2a: smashV4|55/100
|-boost|p1a: Estoy en Volumen|spe|1
|move|p2a: smashV4|Moonblast|p1a: Estoy en Volumen
|-damage|p1a: Estoy en Volumen|0 fnt
|faint|p1a: Estoy en Volumen
|
|upkeep
|
|t:|1757790499
|switch|p1a: Puro Brazo Bro|Thundurus-Therian, M|23/100
|turn|13
|
|t:|1757790503
|switch|p2a: george|Landorus-Therian, M|100/100
|-ability|p2a: george|Intimidate|boost
|-unboost|p1a: Puro Brazo Bro|atk|1
|move|p1a: Puro Brazo Bro|Sludge Bomb|p2a: george
|-resisted|p2a: george
|-damage|p2a: george|67/100
|
|upkeep
|turn|14
|
|t:|1757790513
|switch|p1a: Vende "Proteina"|Weezing-Galar, M, shiny|100/100
|move|p2a: george|Stone Edge|p1a: Vende "Proteina"
|-damage|p1a: Vende "Proteina"|77/100
|
|-heal|p1a: Vende "Proteina"|83/100|[from] item: Leftovers
|upkeep
|turn|15
|
|t:|1757790516
|switch|p2a: smashV4|Primarina, F|55/100
|move|p1a: Vende "Proteina"|Toxic Spikes|p2a: smashV4
|-sidestart|p2: maxzizito|move: Toxic Spikes
|
|-heal|p1a: Vende "Proteina"|89/100|[from] item: Leftovers
|upkeep
|turn|16
|
|t:|1757790532
|switch|p1a: Feo pero mamado|Grimmsnarl, M, shiny|8/100
|move|p2a: smashV4|Moonblast|p1a: Feo pero mamado
|-supereffective|p1a: Feo pero mamado
|-damage|p1a: Feo pero mamado|0 fnt
|faint|p1a: Feo pero mamado
|
|upkeep
|
|t:|1757790537
|switch|p1a: Pura Pierna Neni|Zapdos-Galar|100/100
|turn|17
|inactive|Battle timer is ON: inactive players will automatically lose when time's up. (requested by maxzizito)
|
|t:|1757790550
|move|p1a: Pura Pierna Neni|Brave Bird|p2a: smashV4
|-damage|p2a: smashV4|0 fnt
|faint|p2a: smashV4
|-damage|p1a: Pura Pierna Neni|82/100|[from] Recoil
|
|upkeep
|
|t:|1757790574
|switch|p2a: couille violette|Pecharunt|100/100
|-sideend|p2: maxzizito|move: Toxic Spikes|[of] p2a: couille violette
|turn|18
|
|t:|1757790581
|move|p1a: Pura Pierna Neni|Brave Bird|p2a: couille violette
|-damage|p2a: couille violette|43/100
|-damage|p1a: Pura Pierna Neni|60/100|[from] Recoil
|move|p2a: couille violette|Malignant Chain|p1a: Pura Pierna Neni
|-damage|p1a: Pura Pierna Neni|27/100
|
|upkeep
|turn|19
|
|t:|1757790608
|move|p1a: Pura Pierna Neni|Brave Bird|p2a: couille violette
|-damage|p2a: couille violette|0 fnt
|faint|p2a: couille violette
|-damage|p1a: Pura Pierna Neni|10/100|[from] Recoil
|
|upkeep
|
|t:|1757790611
|switch|p2a: george|Landorus-Therian, M|67/100
|-ability|p2a: george|Intimidate|boost
|-unboost|p1a: Pura Pierna Neni|atk|1
|-ability|p1a: Pura Pierna Neni|Defiant|boost
|-boost|p1a: Pura Pierna Neni|atk|2
|turn|20
|
|t:|1757790617
|move|p2a: george|Stone Edge|p1a: Pura Pierna Neni
|-damage|p1a: Pura Pierna Neni|0 fnt
|faint|p1a: Pura Pierna Neni
|
|upkeep
|
|t:|1757790620
|switch|p1a: Vende "Proteina"|Weezing-Galar, M, shiny|89/100
|turn|21
|inactive|maxzizito has 120 seconds left.
|
|t:|1757790656
|switch|p2a: floyd|Zamazenta|100/100
|-ability|p2a: floyd|Dauntless Shield|boost
|-boost|p2a: floyd|def|1
|move|p1a: Vende "Proteina"|Will-O-Wisp|p2a: floyd|[miss]
|-miss|p1a: Vende "Proteina"|p2a: floyd
|
|-heal|p1a: Vende "Proteina"|95/100|[from] item: Leftovers
|upkeep
|turn|22
|inactive|maxzizito has 120 seconds left.
|
|t:|1757790666
|move|p2a: floyd|Heavy Slam|p1a: Vende "Proteina"
|-supereffective|p1a: Vende "Proteina"
|-damage|p1a: Vende "Proteina"|42/100
|move|p1a: Vende "Proteina"|Will-O-Wisp|p2a: floyd
|-status|p2a: floyd|brn
|
|-heal|p1a: Vende "Proteina"|48/100|[from] item: Leftovers
|-damage|p2a: floyd|94/100 brn|[from] brn
|upkeep
|turn|23
|inactive|maxzizito has 120 seconds left.
|
|t:|1757790671
|move|p2a: floyd|Heavy Slam|p1a: Vende "Proteina"
|-supereffective|p1a: Vende "Proteina"
|-damage|p1a: Vende "Proteina"|22/100
|move|p1a: Vende "Proteina"|Sludge Bomb|p2a: floyd
|-damage|p2a: floyd|68/100 brn
|
|-heal|p1a: Vende "Proteina"|28/100|[from] item: Leftovers
|-damage|p2a: floyd|62/100 brn|[from] brn
|upkeep
|turn|24
|
|t:|1757790681
|move|p2a: floyd|Heavy Slam|p1a: Vende "Proteina"
|-supereffective|p1a: Vende "Proteina"
|-damage|p1a: Vende "Proteina"|4/100
|move|p1a: Vende "Proteina"|Sludge Bomb|p2a: floyd
|-damage|p2a: floyd|36/100 brn
|
|-heal|p1a: Vende "Proteina"|10/100|[from] item: Leftovers
|-damage|p2a: floyd|30/100 brn|[from] brn
|upkeep
|turn|25
|
|t:|1757790691
|move|p2a: floyd|Heavy Slam|p1a: Vende "Proteina"
|-supereffective|p1a: Vende "Proteina"
|-damage|p1a: Vende "Proteina"|0 fnt
|faint|p1a: Vende "Proteina"
|
|-damage|p2a: floyd|24/100 brn|[from] brn
|upkeep
|
|t:|1757790693
|switch|p1a: EL Coach|Great Tusk|100/100
|turn|26
|-message|maxzizito forfeited.
|
|win|DaevEVtest
|raw|DaevEVtest's rating: 1482 &rarr; <strong>1502</strong><br />(+20 for winning)
|raw|maxzizito's rating: 1476 &rarr; <strong>1456</strong><br />(-20 for losing)
|l|☆maxzizito
|player|p2|
|l|☆DaevEVtest
|player|p1|
