|j|☆octillery chicken
|j|☆Jack0lantern89
|t:|1757813537
|gametype|singles
|player|p1|octillery chicken|harlequin|1400
|player|p2|Jack0lantern89|miku-ground|1405
|gen|9
|tier|[Gen 9] OU
|rated|
|rule|HP Percentage Mod: HP is shown in percentages
|rule|Endless Battle Clause: Forcing endless battles is banned
|rule|Species Clause: Limit one of each Pokémon
|rule|OHKO Clause: OHKO moves are banned
|rule|Evasion Items Clause: Evasion items are banned
|rule|Evasion Moves Clause: Evasion moves are banned
|rule|Evasion Abilities Clause: Evasion abilities are banned
|rule|Sleep Moves Clause: Sleep-inducing moves are banned
|clearpoke
|poke|p1|Pelipper, M|
|poke|p1|Iron Treads|
|poke|p1|Hatterene, F|
|poke|p1|Toxicroak, M|
|poke|p1|Barraskewda, M|
|poke|p1|Talonflame, F|
|poke|p2|Dragonite, F|
|poke|p2|Zamazenta-*|
|poke|p2|Landorus-Therian, M|
|poke|p2|Gholdengo|
|poke|p2|Darkrai|
|poke|p2|Hatterene, F|
|teampreview
|inactive|Battle timer is ON: inactive players will automatically lose when time's up. (requested by Jack0lantern89)
|
|t:|1757813560
|teamsize|p1|6
|teamsize|p2|6
|start
|switch|p1a: Barraskewda|Barraskewda, M|100/100
|switch|p2a: Gholdengo|Gholdengo|100/100
|turn|1
|
|t:|1757813571
|move|p1a: Barraskewda|Flip Turn|p2a: Gholdengo
|-damage|p2a: Gholdengo|46/100
|
|t:|1757813578
|switch|p1a: Iron Treads|Iron Treads|100/100|[from] Flip Turn
|move|p2a: Gholdengo|Thunderbolt|p1a: Iron Treads
|-immune|p1a: Iron Treads
|
|upkeep
|turn|2
|
|t:|1757813586
|switch|p2a: Zamazenta|Zamazenta|100/100
|-ability|p2a: Zamazenta|Dauntless Shield|boost
|-boost|p2a: Zamazenta|def|1
|move|p1a: Iron Treads|Stealth Rock|p2a: Zamazenta
|-sidestart|p2: Jack0lantern89|move: Stealth Rock
|
|upkeep
|turn|3
|
|t:|1757813597
|-end|p1a: Iron Treads|Quark Drive|[silent]
|switch|p1a: Pelipper|Pelipper, M|100/100
|-weather|RainDance|[from] ability: Drizzle|[of] p1a: Pelipper
|move|p2a: Zamazenta|Body Press|p1a: Pelipper
|-resisted|p1a: Pelipper
|-damage|p1a: Pelipper|76/100
|
|-weather|RainDance|[upkeep]
|upkeep
|turn|4
|
|t:|1757813609
|switch|p2a: Hatterene|Hatterene, F|100/100
|-damage|p2a: Hatterene|88/100|[from] Stealth Rock
|move|p1a: Pelipper|Hurricane|p2a: Hatterene
|-damage|p2a: Hatterene|64/100
|
|-weather|RainDance|[upkeep]
|upkeep
|turn|5
|
|t:|1757813618
|move|p1a: Pelipper|U-turn|p2a: Hatterene
|-damage|p2a: Hatterene|53/100
|
|t:|1757813624
|switch|p1a: Iron Treads|Iron Treads|100/100|[from] U-turn
|move|p2a: Hatterene|Draining Kiss|p1a: Iron Treads
|-resisted|p1a: Iron Treads
|-damage|p1a: Iron Treads|91/100
|-heal|p2a: Hatterene|62/100|[from] drain|[of] p1a: Iron Treads
|
|-weather|RainDance|[upkeep]
|-heal|p1a: Iron Treads|97/100|[from] item: Leftovers
|upkeep
|turn|6
|
|t:|1757813632
|switch|p2a: Landorus|Landorus-Therian, M|100/100
|-damage|p2a: Landorus|88/100|[from] Stealth Rock
|-ability|p2a: Landorus|Intimidate|boost
|-unboost|p1a: Iron Treads|atk|1
|move|p1a: Iron Treads|Earthquake|p2a: Landorus
|-immune|p2a: Landorus
|
|-weather|RainDance|[upkeep]
|-heal|p1a: Iron Treads|100/100|[from] item: Leftovers
|upkeep
|turn|7
|
|t:|1757813641
|switch|p2a: Zamazenta|Zamazenta|100/100
|-damage|p2a: Zamazenta|94/100|[from] Stealth Rock
|-end|p1a: Iron Treads|Quark Drive|[silent]
|switch|p1a: Hatterene|Hatterene, F|100/100
|
|-weather|RainDance|[upkeep]
|-heal|p2a: Zamazenta|100/100|[from] item: Leftovers
|upkeep
|turn|8
|
|t:|1757813647
|switch|p2a: Gholdengo|Gholdengo|46/100
|-damage|p2a: Gholdengo|40/100|[from] Stealth Rock
|move|p1a: Hatterene|Psychic Noise|p2a: Gholdengo
|-resisted|p2a: Gholdengo
|-damage|p2a: Gholdengo|21/100
|-start|p2a: Gholdengo|move: Heal Block
|
|-weather|RainDance|[upkeep]
|upkeep
|turn|9
|
|t:|1757813653
|switch|p1a: Iron Treads|Iron Treads|100/100
|move|p2a: Gholdengo|Make It Rain|p1a: Iron Treads
|-resisted|p1a: Iron Treads
|-damage|p1a: Iron Treads|70/100
|-unboost|p2a: Gholdengo|spa|1
|
|-weather|RainDance|[upkeep]
|-heal|p1a: Iron Treads|77/100|[from] item: Leftovers
|-end|p2a: Gholdengo|move: Heal Block
|upkeep
|turn|10
|
|t:|1757813657
|move|p2a: Gholdengo|Recover|p2a: Gholdengo
|-heal|p2a: Gholdengo|71/100
|move|p1a: Iron Treads|Earthquake|p2a: Gholdengo
|-supereffective|p2a: Gholdengo
|-damage|p2a: Gholdengo|0 fnt
|faint|p2a: Gholdengo
|
|-weather|none
|-heal|p1a: Iron Treads|83/100|[from] item: Leftovers
|upkeep
|
|t:|1757813669
|switch|p2a: Dragonite|Dragonite, F|100/100
|-damage|p2a: Dragonite|76/100|[from] Stealth Rock
|turn|11
|
|t:|1757813673
|-end|p1a: Iron Treads|Quark Drive|[silent]
|switch|p1a: Pelipper|Pelipper, M|76/100
|-weather|RainDance|[from] ability: Drizzle|[of] p1a: Pelipper
|-terastallize|p2a: Dragonite|Flying
|move|p2a: Dragonite|Dragon Dance|p2a: Dragonite
|-boost|p2a: Dragonite|atk|1
|-boost|p2a: Dragonite|spe|1
|
|-weather|RainDance|[upkeep]
|upkeep
|turn|12
|
|t:|1757813688
|switch|p1a: Hatterene|Hatterene, F|100/100
|move|p2a: Dragonite|Dragon Dance|p2a: Dragonite
|-boost|p2a: Dragonite|atk|1
|-boost|p2a: Dragonite|spe|1
|
|-weather|RainDance|[upkeep]
|upkeep
|turn|13
|
|t:|1757813694
|move|p2a: Dragonite|Tera Blast|p1a: Hatterene|[anim] Tera Blast Flying
|-damage|p1a: Hatterene|6/100
|-enditem|p1a: Hatterene|Eject Button
|
|t:|1757813699
|switch|p1a: Talonflame|Talonflame, F|100/100
|
|-weather|RainDance|[upkeep]
|upkeep
|turn|14
|
|t:|1757813706
|-terastallize|p1a: Talonflame|Flying
|move|p1a: Talonflame|Hurricane|p2a: Dragonite
|-damage|p2a: Dragonite|0 fnt
|faint|p2a: Dragonite
|
|-weather|RainDance|[upkeep]
|upkeep
|
|t:|1757813735
|switch|p2a: Hatterene|Hatterene, F|62/100
|-damage|p2a: Hatterene|50/100|[from] Stealth Rock
|turn|15
|
|t:|1757813740
|move|p1a: Talonflame|Hurricane|p2a: Hatterene
|-damage|p2a: Hatterene|0 fnt
|faint|p2a: Hatterene
|
|-weather|RainDance|[upkeep]
|upkeep
|-message|Jack0lantern89 forfeited.
|
|win|octillery chicken
|raw|octillery chicken's rating: 1400 &rarr; <strong>1420</strong><br />(+20 for winning)
|raw|Jack0lantern89's rating: 1405 &rarr; <strong>1385</strong><br />(-20 for losing)
|l|☆Jack0lantern89
|player|p2|
