|j|☆yiht
|j|☆Avl2121
|t:|1757823064
|gametype|singles
|player|p1|yiht|1|1263
|player|p2|Avl2121|dragontamer|1209
|gen|9
|tier|[Gen 9] OU
|rated|
|rule|HP Percentage Mod: HP is shown in percentages
|rule|Endless Battle Clause: Forcing endless battles is banned
|rule|Species Clause: Limit one of each Pokémon
|rule|OHKO Clause: OHKO moves are banned
|rule|Evasion Items Clause: Evasion items are banned
|rule|Evasion Moves Clause: Evasion moves are banned
|rule|Evasion Abilities Clause: Evasion abilities are banned
|rule|Sleep Moves Clause: Sleep-inducing moves are banned
|clearpoke
|poke|p1|Ribombee, F|
|poke|p1|Samurott-Hisui, F|
|poke|p1|Gholdengo|
|poke|p1|Great Tusk|
|poke|p1|Glimmora, M|
|poke|p1|Dragonite, F|
|poke|p2|Sinistcha-Masterpiece|
|poke|p2|Blaziken, M|
|poke|p2|Garganacl, F|
|poke|p2|Weavile, F|
|poke|p2|Garchomp, F|
|poke|p2|Serperior, M|
|teampreview
|inactive|Battle timer is ON: inactive players will automatically lose when time's up. (requested by Avl2121)
|inactive|yiht has 120 seconds left.
|
|t:|1757823108
|teamsize|p1|6
|teamsize|p2|6
|start
|switch|p1a: Ribombee|Ribombee, F|100/100
|switch|p2a: Weavile|Weavile, F|100/100
|-ability|p2a: Weavile|Pressure
|turn|1
|
|t:|1757823112
|switch|p1a: Glimmora|Glimmora, M|100/100
|move|p2a: Weavile|Fake Out|p1a: Glimmora
|-resisted|p1a: Glimmora
|-damage|p1a: Glimmora|90/100
|-activate|p1a: Glimmora|ability: Toxic Debris
|-sidestart|p2: Avl2121|move: Toxic Spikes
|-damage|p2a: Weavile|91/100|[from] item: Life Orb
|
|upkeep
|turn|2
|
|t:|1757823119
|move|p2a: Weavile|Knock Off|p1a: Glimmora
|-damage|p1a: Glimmora|9/100
|-activate|p1a: Glimmora|ability: Toxic Debris
|-sidestart|p2: Avl2121|move: Toxic Spikes
|-enditem|p1a: Glimmora|Power Herb|[from] move: Knock Off|[of] p2a: Weavile
|-damage|p2a: Weavile|81/100|[from] item: Life Orb
|move|p1a: Glimmora|Meteor Beam||[still]
|-prepare|p1a: Glimmora|Meteor Beam
|-boost|p1a: Glimmora|spa|1
|
|upkeep
|turn|3
|
|t:|1757823123
|move|p2a: Weavile|Ice Shard|p1a: Glimmora
|-damage|p1a: Glimmora|0 fnt
|faint|p1a: Glimmora
|-damage|p2a: Weavile|71/100|[from] item: Life Orb
|
|upkeep
|
|t:|1757823130
|switch|p1a: Ribombee|Ribombee, F|100/100
|turn|4
|
|t:|1757823135
|move|p2a: Weavile|Knock Off|p1a: Ribombee
|-resisted|p1a: Ribombee
|-damage|p1a: Ribombee|40/100
|-enditem|p1a: Ribombee|Focus Sash|[from] move: Knock Off|[of] p2a: Weavile
|-damage|p2a: Weavile|61/100|[from] item: Life Orb
|move|p1a: Ribombee|Moonblast|p2a: Weavile
|-supereffective|p2a: Weavile
|-damage|p2a: Weavile|0 fnt
|faint|p2a: Weavile
|
|upkeep
|
|t:|1757823138
|switch|p2a: Serperior|Serperior, M|100/100
|-status|p2a: Serperior|tox
|turn|5
|
|t:|1757823150
|move|p1a: Ribombee|Sticky Web|p2a: Serperior
|-sidestart|p2: Avl2121|move: Sticky Web
|move|p2a: Serperior|Leaf Storm|p1a: Ribombee|[miss]
|-miss|p2a: Serperior|p1a: Ribombee
|
|-damage|p2a: Serperior|94/100 tox|[from] psn
|upkeep
|turn|6
|
|t:|1757823156
|move|p1a: Ribombee|Moonblast|p2a: Serperior
|-damage|p2a: Serperior|43/100 tox
|-boost|p2a: Serperior|spa|1
|move|p2a: Serperior|Leaf Storm|p1a: Ribombee
|-resisted|p1a: Ribombee
|-damage|p1a: Ribombee|0 fnt
|-boost|p2a: Serperior|spa|2
|faint|p1a: Ribombee
|
|-heal|p2a: Serperior|49/100 tox|[from] item: Leftovers
|-damage|p2a: Serperior|37/100 tox|[from] psn
|upkeep
|
|t:|1757823165
|switch|p1a: Dragonite|Dragonite, F|100/100
|turn|7
|
|t:|1757823171
|move|p2a: Serperior|Taunt|p1a: Dragonite
|-start|p1a: Dragonite|move: Taunt
|cant|p1a: Dragonite|move: Taunt|Dragon Dance
|
|-heal|p2a: Serperior|43/100 tox|[from] item: Leftovers
|-damage|p2a: Serperior|24/100 tox|[from] psn
|upkeep
|turn|8
|
|t:|1757823179
|switch|p1a: Gholdengo|Gholdengo|100/100
|-item|p1a: Gholdengo|Air Balloon
|move|p2a: Serperior|Leaf Storm|p1a: Gholdengo
|-resisted|p1a: Gholdengo
|-damage|p1a: Gholdengo|37/100
|-boost|p2a: Serperior|spa|2
|-enditem|p1a: Gholdengo|Air Balloon
|
|-heal|p2a: Serperior|30/100 tox|[from] item: Leftovers
|-damage|p2a: Serperior|6/100 tox|[from] psn
|upkeep
|turn|9
|
|t:|1757823183
|move|p2a: Serperior|Leaf Storm|p1a: Gholdengo
|-resisted|p1a: Gholdengo
|-damage|p1a: Gholdengo|0 fnt
|-boost|p2a: Serperior|spa|1
|faint|p1a: Gholdengo
|
|-heal|p2a: Serperior|12/100 tox|[from] item: Leftovers
|-damage|p2a: Serperior|0 fnt|[from] psn
|faint|p2a: Serperior
|upkeep
|
|t:|1757823190
|switch|p2a: Garganacl|Garganacl, F|100/100
|switch|p1a: Great Tusk|Great Tusk|100/100
|-activate|p2a: Garganacl|move: Sticky Web
|-unboost|p2a: Garganacl|spe|1
|-enditem|p1a: Great Tusk|Booster Energy
|-activate|p1a: Great Tusk|ability: Protosynthesis|[fromitem]
|-start|p1a: Great Tusk|protosynthesisatk
|turn|10
|
|t:|1757823196
|move|p1a: Great Tusk|Headlong Rush|p2a: Garganacl
|-supereffective|p2a: Garganacl
|-damage|p2a: Garganacl|16/100
|-unboost|p1a: Great Tusk|def|1
|-unboost|p1a: Great Tusk|spd|1
|move|p2a: Garganacl|Curse|p2a: Garganacl
|-unboost|p2a: Garganacl|spe|1
|-boost|p2a: Garganacl|atk|1
|-boost|p2a: Garganacl|def|1
|
|-heal|p2a: Garganacl|22/100|[from] item: Leftovers
|upkeep
|turn|11
|
|t:|1757823206
|move|p2a: Garganacl|Protect|p2a: Garganacl
|-singleturn|p2a: Garganacl|Protect
|move|p1a: Great Tusk|Rapid Spin|p2a: Garganacl
|-activate|p2a: Garganacl|move: Protect
|
|-heal|p2a: Garganacl|28/100|[from] item: Leftovers
|upkeep
|turn|12
|
|t:|1757823212
|-terastallize|p2a: Garganacl|Ghost
|move|p1a: Great Tusk|Headlong Rush|p2a: Garganacl
|-damage|p2a: Garganacl|0 fnt
|-unboost|p1a: Great Tusk|def|1
|-unboost|p1a: Great Tusk|spd|1
|faint|p2a: Garganacl
|
|upkeep
|
|t:|1757823215
|switch|p2a: Sinistcha|Sinistcha-Masterpiece|100/100
|turn|13
|
|t:|1757823238
|-end|p1a: Great Tusk|Protosynthesis|[silent]
|switch|p1a: Samurott|Samurott-Hisui, F|100/100
|move|p2a: Sinistcha|Strength Sap|p1a: Samurott
|-unboost|p1a: Samurott|atk|1
|
|upkeep
|turn|14
|
|t:|1757823243
|move|p1a: Samurott|Swords Dance|p1a: Samurott
|-boost|p1a: Samurott|atk|2
|move|p2a: Sinistcha|Matcha Gotcha|p1a: Samurott
|-supereffective|p1a: Samurott
|-damage|p1a: Samurott|0 fnt
|faint|p1a: Samurott
|
|upkeep
|
|t:|1757823246
|switch|p1a: Dragonite|Dragonite, F|100/100
|turn|15
|
|t:|1757823249
|move|p1a: Dragonite|Dragon Dance|p1a: Dragonite
|-boost|p1a: Dragonite|atk|1
|-boost|p1a: Dragonite|spe|1
|move|p2a: Sinistcha|Strength Sap|p1a: Dragonite
|-unboost|p1a: Dragonite|atk|1
|
|upkeep
|turn|16
|
|t:|1757823269
|move|p1a: Dragonite|Dragon Dance|p1a: Dragonite
|-boost|p1a: Dragonite|atk|1
|-boost|p1a: Dragonite|spe|1
|move|p2a: Sinistcha|Matcha Gotcha|p1a: Dragonite
|-resisted|p1a: Dragonite
|-damage|p1a: Dragonite|95/100
|
|-heal|p1a: Dragonite|100/100|[from] item: Leftovers
|upkeep
|turn|17
|
|t:|1757823271
|-terastallize|p1a: Dragonite|Flying
|move|p1a: Dragonite|Tera Blast|p2a: Sinistcha|[anim] Tera Blast Flying
|-supereffective|p2a: Sinistcha
|-damage|p2a: Sinistcha|0 fnt
|faint|p2a: Sinistcha
|
|upkeep
|
|t:|1757823276
|switch|p2a: Something|Garchomp, F|100/100
|-status|p2a: Something|tox
|-activate|p2a: Something|move: Sticky Web
|-unboost|p2a: Something|spe|1
|turn|18
|
|t:|1757823284
|move|p1a: Dragonite|Tera Blast|p2a: Something|[anim] Tera Blast Flying
|-damage|p2a: Something|4/100 tox
|move|p2a: Something|Scale Shot|p1a: Dragonite
|-damage|p1a: Dragonite|93/100
|-damage|p1a: Dragonite|78/100
|-damage|p1a: Dragonite|64/100
|-hitcount|p1a: Dragonite|3
|-unboost|p2a: Something|def|1
|-boost|p2a: Something|spe|1
|
|-heal|p1a: Dragonite|70/100|[from] item: Leftovers
|-heal|p2a: Something|10/100 tox|[from] item: Leftovers
|-damage|p2a: Something|4/100 tox|[from] psn
|upkeep
|turn|19
|
|t:|1757823288
|move|p1a: Dragonite|Tera Blast|p2a: Something|[anim] Tera Blast Flying
|-damage|p2a: Something|0 fnt
|faint|p2a: Something
|
|-heal|p1a: Dragonite|76/100|[from] item: Leftovers
|upkeep
|
|t:|1757823290
|switch|p2a: Blaziken|Blaziken, M|100/100
|-status|p2a: Blaziken|tox
|-activate|p2a: Blaziken|move: Sticky Web
|-unboost|p2a: Blaziken|spe|1
|turn|20
|
|t:|1757823292
|move|p2a: Blaziken|Protect|p2a: Blaziken
|-singleturn|p2a: Blaziken|Protect
|move|p1a: Dragonite|Tera Blast|p2a: Blaziken|[anim] Tera Blast Flying
|-activate|p2a: Blaziken|move: Protect
|
|-heal|p1a: Dragonite|82/100|[from] item: Leftovers
|-damage|p2a: Blaziken|95/100 tox|[from] psn
|-ability|p2a: Blaziken|Speed Boost|boost
|-boost|p2a: Blaziken|spe|1
|upkeep
|turn|21
|
|t:|1757823296
|move|p1a: Dragonite|Tera Blast|p2a: Blaziken|[anim] Tera Blast Flying
|-supereffective|p2a: Blaziken
|-damage|p2a: Blaziken|0 fnt
|faint|p2a: Blaziken
|
|win|yiht
|raw|yiht's rating: 1241 &rarr; <strong>1264</strong><br />(+23 for winning)
|raw|Avl2121's rating: 1209 &rarr; <strong>1186</strong><br />(-23 for losing)
|l|☆Avl2121
|player|p2|
|l|☆yiht
|player|p1|
