|j|☆litlenova
|j|☆AlissaVGC
|t:|1757796759
|gametype|singles
|player|p1|litlenova|hugh|1017
|player|p2|AlissaVGC|sightseerf|1000
|gen|9
|tier|[Gen 9] OU
|rated|
|rule|HP Percentage Mod: HP is shown in percentages
|rule|Endless Battle Clause: Forcing endless battles is banned
|rule|Species Clause: Limit one of each Pokémon
|rule|OHKO Clause: OHKO moves are banned
|rule|Evasion Items Clause: Evasion items are banned
|rule|Evasion Moves Clause: Evasion moves are banned
|rule|Evasion Abilities Clause: Evasion abilities are banned
|rule|Sleep Moves Clause: Sleep-inducing moves are banned
|clearpoke
|poke|p1|Blissey, F|
|poke|p1|Dondozo, M|
|poke|p1|Gliscor, M|
|poke|p1|Toxapex, F|
|poke|p1|Clefable, M|
|poke|p1|Clodsire, F|
|poke|p2|Garganacl, M|
|poke|p2|Hoopa-Unbound|
|poke|p2|Darkrai|
|poke|p2|Ogerpon-Wellspring, F|
|poke|p2|Cinderace, M|
|poke|p2|Ninetales-Alola, F|
|teampreview
|
|t:|1757796770
|teamsize|p1|6
|teamsize|p2|6
|start
|switch|p1a: Toxapex|Toxapex, F|100/100
|switch|p2a: Sephirot|Hoopa-Unbound|100/100
|turn|1
|inactive|Battle timer is ON: inactive players will automatically lose when time's up. (requested by AlissaVGC)
|
|t:|1757796775
|move|p2a: Sephirot|Trick|p1a: Toxapex
|-activate|p2a: Sephirot|move: Trick|[of] p1a: Toxapex
|-item|p1a: Toxapex|Choice Scarf|[from] move: Trick
|-item|p2a: Sephirot|Heavy-Duty Boots|[from] move: Trick
|move|p1a: Toxapex|Toxic Spikes|p2a: Sephirot
|-sidestart|p2: AlissaVGC|move: Toxic Spikes
|
|upkeep
|turn|2
|
|t:|1757796782
|switch|p1a: Clodsire|Clodsire, F|100/100
|move|p2a: Sephirot|Psychic Noise|p1a: Clodsire
|-supereffective|p1a: Clodsire
|-damage|p1a: Clodsire|53/100
|-start|p1a: Clodsire|move: Heal Block
|
|upkeep
|turn|3
|
|t:|1757796790
|move|p2a: Sephirot|Psychic Noise|p1a: Clodsire
|-supereffective|p1a: Clodsire
|-damage|p1a: Clodsire|2/100
|move|p1a: Clodsire|Spikes|p2a: Sephirot
|-sidestart|p2: AlissaVGC|Spikes
|
|-end|p1a: Clodsire|move: Heal Block
|upkeep
|turn|4
|
|t:|1757796798
|move|p2a: Sephirot|Psychic Noise|p1a: Clodsire
|-supereffective|p1a: Clodsire
|-damage|p1a: Clodsire|0 fnt
|faint|p1a: Clodsire
|
|upkeep
|
|t:|1757796806
|switch|p1a: Clefable|Clefable, M|100/100
|turn|5
|
|t:|1757796811
|move|p2a: Sephirot|Thunder Wave|p1a: Clefable|[miss]
|-miss|p2a: Sephirot|p1a: Clefable
|move|p1a: Clefable|Moonblast|p2a: Sephirot
|-supereffective|p2a: Sephirot
|-damage|p2a: Sephirot|41/100
|-unboost|p2a: Sephirot|spa|1
|
|upkeep
|turn|6
|
|t:|1757796820
|move|p2a: Sephirot|Destiny Bond|p2a: Sephirot
|-singlemove|p2a: Sephirot|Destiny Bond
|move|p1a: Clefable|Moonblast|p2a: Sephirot
|-supereffective|p2a: Sephirot
|-damage|p2a: Sephirot|0 fnt
|faint|p2a: Sephirot
|-activate|p2a: Sephirot|move: Destiny Bond
|faint|p1a: Clefable
|
|upkeep
|
|t:|1757796829
|switch|p2a: Male Viera|Cinderace, M, shiny|100/100
|switch|p1a: Toxapex|Toxapex, F|100/100
|turn|7
|
|t:|1757796834
|move|p2a: Male Viera|Court Change|p2a: Male Viera
|-start|p2a: Male Viera|typechange|Normal|[from] ability: Libero
|-swapsideconditions
|-activate|p2a: Male Viera|move: Court Change
|move|p1a: Toxapex|Toxic Spikes|p2a: Male Viera
|-sidestart|p2: AlissaVGC|move: Toxic Spikes
|
|upkeep
|turn|8
|
|t:|1757796842
|switch|p1a: Blissey|Blissey, F|100/100
|move|p2a: Male Viera|U-turn|p1a: Blissey
|-damage|p1a: Blissey|77/100
|
|t:|1757796846
|switch|p2a: Titan|Garganacl, M, shiny|100/100|[from] U-turn
|
|upkeep
|turn|9
|
|t:|1757796852
|move|p1a: Blissey|Stealth Rock|p2a: Titan
|-sidestart|p2: AlissaVGC|move: Stealth Rock
|move|p2a: Titan|Iron Defense|p2a: Titan
|-boost|p2a: Titan|def|2
|
|upkeep
|turn|10
|
|t:|1757796857
|move|p1a: Blissey|Shadow Ball|p2a: Titan
|-damage|p2a: Titan|95/100
|move|p2a: Titan|Iron Defense|p2a: Titan
|-boost|p2a: Titan|def|2
|
|-heal|p2a: Titan|100/100|[from] item: Leftovers
|upkeep
|turn|11
|
|t:|1757796864
|switch|p1a: Dondozo|Dondozo, M|100/100
|move|p2a: Titan|Body Press|p1a: Dondozo
|-damage|p1a: Dondozo|91/100
|
|upkeep
|turn|12
|
|t:|1757796870
|move|p1a: Dondozo|Waterfall|p2a: Titan
|-supereffective|p2a: Titan
|-damage|p2a: Titan|63/100
|move|p2a: Titan|Salt Cure|p1a: Dondozo
|-crit|p1a: Dondozo
|-damage|p1a: Dondozo|82/100
|-start|p1a: Dondozo|Salt Cure
|
|-heal|p2a: Titan|69/100|[from] item: Leftovers
|-damage|p1a: Dondozo|57/100|[from] Salt Cure
|upkeep
|turn|13
|
|t:|1757796880
|move|p1a: Dondozo|Curse|p1a: Dondozo
|-unboost|p1a: Dondozo|spe|1
|-boost|p1a: Dondozo|atk|1
|-boost|p1a: Dondozo|def|1
|move|p2a: Titan|Iron Defense|p2a: Titan
|-boost|p2a: Titan|def|2
|
|-heal|p2a: Titan|75/100|[from] item: Leftovers
|-damage|p1a: Dondozo|32/100|[from] Salt Cure
|upkeep
|turn|14
|
|t:|1757796889
|move|p2a: Titan|Body Press|p1a: Dondozo
|-damage|p1a: Dondozo|25/100
|move|p1a: Dondozo|Rest|p1a: Dondozo
|-status|p1a: Dondozo|slp|[from] move: Rest
|-heal|p1a: Dondozo|100/100 slp|[silent]
|
|-heal|p2a: Titan|81/100|[from] item: Leftovers
|-damage|p1a: Dondozo|76/100 slp|[from] Salt Cure
|upkeep
|turn|15
|
|t:|1757796898
|move|p2a: Titan|Body Press|p1a: Dondozo
|-damage|p1a: Dondozo|68/100 slp
|cant|p1a: Dondozo|slp
|move|p1a: Dondozo|Sleep Talk|p1a: Dondozo
|move|p1a: Dondozo|Rest||[from] move: Sleep Talk|[still]
|-fail|p1a: Dondozo
|
|-heal|p2a: Titan|88/100|[from] item: Leftovers
|-damage|p1a: Dondozo|44/100 slp|[from] Salt Cure
|upkeep
|turn|16
|
|t:|1757796909
|move|p2a: Titan|Body Press|p1a: Dondozo
|-damage|p1a: Dondozo|37/100 slp
|cant|p1a: Dondozo|slp
|move|p1a: Dondozo|Sleep Talk|p1a: Dondozo
|move|p1a: Dondozo|Waterfall|p2a: Titan|[from] move: Sleep Talk
|-supereffective|p2a: Titan
|-damage|p2a: Titan|30/100
|
|-heal|p2a: Titan|36/100|[from] item: Leftovers
|-damage|p1a: Dondozo|12/100 slp|[from] Salt Cure
|upkeep
|turn|17
|
|t:|1757796920
|move|p2a: Titan|Recover|p2a: Titan
|-heal|p2a: Titan|86/100
|-curestatus|p1a: Dondozo|slp|[msg]
|move|p1a: Dondozo|Rest|p1a: Dondozo
|-status|p1a: Dondozo|slp|[from] move: Rest
|-heal|p1a: Dondozo|100/100 slp|[silent]
|
|-heal|p2a: Titan|92/100|[from] item: Leftovers
|-damage|p1a: Dondozo|76/100 slp|[from] Salt Cure
|upkeep
|turn|18
|
|t:|1757796930
|switch|p2a: Shiva|Ninetales-Alola, F, shiny|100/100
|-status|p2a: Shiva|psn
|-damage|p2a: Shiva|76/100 psn|[from] Stealth Rock
|-weather|Snowscape|[from] ability: Snow Warning|[of] p2a: Shiva
|cant|p1a: Dondozo|slp
|move|p1a: Dondozo|Sleep Talk|p1a: Dondozo
|move|p1a: Dondozo|Curse|p1a: Dondozo|[from] move: Sleep Talk
|-unboost|p1a: Dondozo|spe|1
|-boost|p1a: Dondozo|atk|1
|-boost|p1a: Dondozo|def|1
|
|-weather|Snowscape|[upkeep]
|-damage|p2a: Shiva|64/100 psn|[from] psn
|-damage|p1a: Dondozo|51/100 slp|[from] Salt Cure
|upkeep
|turn|19
|
|t:|1757796946
|switch|p1a: Toxapex|Toxapex, F|100/100
|-sideend|p1: litlenova|move: Toxic Spikes|[of] p1a: Toxapex
|-damage|p1a: Toxapex|88/100|[from] Spikes
|move|p2a: Shiva|Aurora Veil|p2a: Shiva
|-sidestart|p2: AlissaVGC|move: Aurora Veil
|
|-weather|Snowscape|[upkeep]
|-damage|p2a: Shiva|51/100 psn|[from] psn
|upkeep
|turn|20
|
|t:|1757796957
|switch|p2a: Titan|Garganacl, M, shiny|92/100
|-damage|p2a: Titan|80/100|[from] Stealth Rock
|move|p1a: Toxapex|Poison Jab|p2a: Titan
|-resisted|p2a: Titan
|-damage|p2a: Titan|76/100
|
|-weather|Snowscape|[upkeep]
|-heal|p2a: Titan|83/100|[from] item: Leftovers
|upkeep
|turn|21
|
|t:|1757796969
|switch|p1a: Dondozo|Dondozo, M|51/100 slp
|move|p2a: Titan|Salt Cure|p1a: Dondozo
|-damage|p1a: Dondozo|45/100 slp
|-start|p1a: Dondozo|Salt Cure
|
|-weather|Snowscape|[upkeep]
|-heal|p2a: Titan|89/100|[from] item: Leftovers
|-damage|p1a: Dondozo|20/100 slp|[from] Salt Cure
|upkeep
|turn|22
|
|t:|1757796978
|cant|p1a: Dondozo|slp
|move|p2a: Titan|Iron Defense|p2a: Titan
|-boost|p2a: Titan|def|2
|
|-weather|none
|-heal|p2a: Titan|95/100|[from] item: Leftovers
|-damage|p1a: Dondozo|0 fnt|[from] Salt Cure
|faint|p1a: Dondozo
|upkeep
|
|t:|1757796987
|switch|p1a: Blissey|Blissey, F|77/100
|turn|23
|
|t:|1757796992
|move|p1a: Blissey|Calm Mind|p1a: Blissey
|-boost|p1a: Blissey|spa|1
|-boost|p1a: Blissey|spd|1
|move|p2a: Titan|Iron Defense|p2a: Titan
|-boost|p2a: Titan|def|2
|
|-heal|p2a: Titan|100/100|[from] item: Leftovers
|upkeep
|turn|24
|
|t:|1757796999
|move|p1a: Blissey|Shadow Ball|p2a: Titan
|-damage|p2a: Titan|97/100
|move|p2a: Titan|Body Press|p1a: Blissey
|-supereffective|p1a: Blissey
|-damage|p1a: Blissey|0 fnt
|faint|p1a: Blissey
|
|-heal|p2a: Titan|100/100|[from] item: Leftovers
|upkeep
|
|t:|1757797007
|switch|p1a: Gliscor|Gliscor, M|100/100
|turn|25
|
|t:|1757797011
|move|p1a: Gliscor|Earthquake|p2a: Titan
|-supereffective|p2a: Titan
|-damage|p2a: Titan|93/100
|move|p2a: Titan|Salt Cure|p1a: Gliscor
|-damage|p1a: Gliscor|93/100
|-start|p1a: Gliscor|Salt Cure
|
|-heal|p2a: Titan|99/100|[from] item: Leftovers
|-damage|p1a: Gliscor|80/100|[from] Salt Cure
|-status|p1a: Gliscor|tox|[from] item: Toxic Orb
|upkeep
|turn|26
|
|t:|1757797022
|move|p1a: Gliscor|Swords Dance|p1a: Gliscor
|-boost|p1a: Gliscor|atk|2
|move|p2a: Titan|Iron Defense|p2a: Titan
|-boost|p2a: Titan|def|2
|
|-heal|p2a: Titan|100/100|[from] item: Leftovers
|-heal|p1a: Gliscor|93/100 tox|[from] ability: Poison Heal
|-damage|p1a: Gliscor|80/100 tox|[from] Salt Cure
|-sideend|p2: AlissaVGC|move: Aurora Veil
|upkeep
|turn|27
|
|t:|1757797031
|-terastallize|p2a: Titan|Ghost
|move|p1a: Gliscor|Earthquake|p2a: Titan
|-damage|p2a: Titan|89/100
|move|p2a: Titan|Body Press|p1a: Gliscor
|-resisted|p1a: Gliscor
|-damage|p1a: Gliscor|53/100 tox
|
|-heal|p2a: Titan|96/100|[from] item: Leftovers
|-heal|p1a: Gliscor|66/100 tox|[from] ability: Poison Heal
|-damage|p1a: Gliscor|53/100 tox|[from] Salt Cure
|upkeep
|turn|28
|
|t:|1757797043
|move|p1a: Gliscor|Knock Off|p2a: Titan
|-supereffective|p2a: Titan
|-damage|p2a: Titan|82/100
|-enditem|p2a: Titan|Leftovers|[from] move: Knock Off|[of] p1a: Gliscor
|move|p2a: Titan|Body Press|p1a: Gliscor
|-resisted|p1a: Gliscor
|-damage|p1a: Gliscor|25/100 tox
|
|-heal|p1a: Gliscor|37/100 tox|[from] ability: Poison Heal
|-damage|p1a: Gliscor|25/100 tox|[from] Salt Cure
|upkeep
|turn|29
|
|t:|1757797055
|switch|p1a: Toxapex|Toxapex, F|100/100
|-damage|p1a: Toxapex|88/100|[from] Spikes
|move|p2a: Titan|Body Press|p1a: Toxapex
|-resisted|p1a: Toxapex
|-damage|p1a: Toxapex|61/100
|
|upkeep
|turn|30
|
|t:|1757797062
|move|p1a: Toxapex|Toxic|p2a: Titan
|-immune|p2a: Titan|[from] ability: Purifying Salt
|move|p2a: Titan|Salt Cure|p1a: Toxapex
|-damage|p1a: Toxapex|53/100
|-start|p1a: Toxapex|Salt Cure
|
|-damage|p1a: Toxapex|28/100|[from] Salt Cure
|upkeep
|turn|31
|
|t:|1757797071
|switch|p1a: Gliscor|Gliscor, M|25/100 tox
|move|p2a: Titan|Body Press|p1a: Gliscor
|-resisted|p1a: Gliscor
|-damage|p1a: Gliscor|0 fnt
|faint|p1a: Gliscor
|
|upkeep
|c|☆AlissaVGC|gg
|
|t:|1757797088
|switch|p1a: Toxapex|Toxapex, F|62/100
|-damage|p1a: Toxapex|49/100|[from] Spikes
|turn|32
|c|☆AlissaVGC|all stall will fall
|
|t:|1757797095
|move|p1a: Toxapex|Poison Jab|p2a: Titan
|-resisted|p2a: Titan
|-damage|p2a: Titan|80/100
|move|p2a: Titan|Salt Cure|p1a: Toxapex
|-damage|p1a: Toxapex|41/100
|-start|p1a: Toxapex|Salt Cure
|
|-damage|p1a: Toxapex|16/100|[from] Salt Cure
|upkeep
|turn|33
|
|t:|1757797103
|move|p1a: Toxapex|Poison Jab|p2a: Titan
|-resisted|p2a: Titan
|-damage|p2a: Titan|78/100
|move|p2a: Titan|Body Press|p1a: Toxapex
|-resisted|p1a: Toxapex
|-damage|p1a: Toxapex|0 fnt
|faint|p1a: Toxapex
|
|win|AlissaVGC
|raw|litlenova's rating: 1017 &rarr; <strong>1004</strong><br />(-13 for losing)
|raw|AlissaVGC's rating: 1000 &rarr; <strong>1042</strong><br />(+42 for winning)
|l|☆litlenova
|player|p1|
