|j|☆kmater
|j|☆DavidEdgerunner
|t:|1757841458
|gametype|singles
|player|p1|kmater|steven|1190
|player|p2|DavidEdgerunner|benga|1134
|gen|9
|tier|[Gen 9] OU
|rated|
|rule|HP Percentage Mod: HP is shown in percentages
|rule|Endless Battle Clause: Forcing endless battles is banned
|rule|Species Clause: Limit one of each Pokémon
|rule|OHKO Clause: OHKO moves are banned
|rule|Evasion Items Clause: Evasion items are banned
|rule|Evasion Moves Clause: Evasion moves are banned
|rule|Evasion Abilities Clause: Evasion abilities are banned
|rule|Sleep Moves Clause: Sleep-inducing moves are banned
|clearpoke
|poke|p1|Cinderace, M|
|poke|p1|Greninja-*, M|
|poke|p1|Arboliva, F|
|poke|p1|Cloyster, F|
|poke|p1|Chandelure, M|
|poke|p1|Rabsca, F|
|poke|p2|Vikavolt, F|
|poke|p2|Clawitzer, M|
|poke|p2|Toxapex, M|
|poke|p2|Haxorus, F|
|poke|p2|Dodrio, F|
|poke|p2|Serperior, F|
|teampreview
|c|☆DavidEdgerunner|glhf
|
|t:|1757841495
|teamsize|p1|6
|teamsize|p2|6
|start
|switch|p1a: Chandelure|Chandelure, M, shiny|100/100
|switch|p2a: Vikavolt|Vikavolt, F, shiny|100/100
|turn|1
|
|t:|1757841501
|move|p1a: Chandelure|Flamethrower|p2a: Vikavolt
|-supereffective|p2a: Vikavolt
|-enditem|p2a: Vikavolt|Focus Sash
|-damage|p2a: Vikavolt|1/100
|move|p2a: Vikavolt|Sticky Web|p1a: Chandelure
|-sidestart|p1: kmater|move: Sticky Web
|
|upkeep
|turn|2
|
|t:|1757841518
|move|p1a: Chandelure|Flamethrower|p2a: Vikavolt
|-supereffective|p2a: Vikavolt
|-damage|p2a: Vikavolt|0 fnt
|faint|p2a: Vikavolt
|
|upkeep
|l|☆kmater
|player|p1|
|
|t:|1757841530
|switch|p2a: Clawitzer|Clawitzer, M, shiny|100/100
|turn|3
|j|☆kmater
|player|p1|kmater|steven|
|
|t:|1757841543
|switch|p1a: Arboliva|Arboliva, F, shiny|100/100
|-activate|p1a: Arboliva|move: Sticky Web
|-unboost|p1a: Arboliva|spe|1
|move|p2a: Clawitzer|Dark Pulse|p1a: Arboliva
|-damage|p1a: Arboliva|44/100
|-enditem|p1a: Arboliva|Sitrus Berry|[eat]
|-heal|p1a: Arboliva|69/100|[from] item: Sitrus Berry
|
|-item|p1a: Arboliva|Sitrus Berry|[from] ability: Harvest
|upkeep
|turn|4
|
|t:|1757841553
|switch|p2a: Serperior|Serperior, F|100/100
|move|p1a: Arboliva|Leech Seed|p2a: Serperior
|-immune|p2a: Serperior
|
|upkeep
|turn|5
|
|t:|1757841562
|move|p2a: Serperior|Leaf Storm|p1a: Arboliva
|-resisted|p1a: Arboliva
|-damage|p1a: Arboliva|50/100
|-boost|p2a: Serperior|spa|2
|-enditem|p1a: Arboliva|Sitrus Berry|[eat]
|-heal|p1a: Arboliva|75/100|[from] item: Sitrus Berry
|move|p1a: Arboliva|Tera Blast|p2a: Serperior
|-damage|p2a: Serperior|62/100
|
|-heal|p2a: Serperior|69/100|[from] item: Leftovers
|upkeep
|turn|6
|
|t:|1757841574
|move|p2a: Serperior|Glare|p1a: Arboliva
|-status|p1a: Arboliva|par
|move|p1a: Arboliva|Tera Blast|p2a: Serperior
|-damage|p2a: Serperior|30/100
|
|-heal|p2a: Serperior|36/100|[from] item: Leftovers
|-item|p1a: Arboliva|Sitrus Berry|[from] ability: Harvest
|upkeep
|turn|7
|
|t:|1757841583
|move|p2a: Serperior|Dragon Pulse|p1a: Arboliva
|-damage|p1a: Arboliva|37/100 par
|-enditem|p1a: Arboliva|Sitrus Berry|[eat]
|-heal|p1a: Arboliva|62/100 par|[from] item: Sitrus Berry
|cant|p1a: Arboliva|par
|
|-heal|p2a: Serperior|42/100|[from] item: Leftovers
|-item|p1a: Arboliva|Sitrus Berry|[from] ability: Harvest
|upkeep
|turn|8
|
|t:|1757841592
|move|p2a: Serperior|Leaf Storm|p1a: Arboliva
|-resisted|p1a: Arboliva
|-damage|p1a: Arboliva|25/100 par
|-boost|p2a: Serperior|spa|2
|-enditem|p1a: Arboliva|Sitrus Berry|[eat]
|-heal|p1a: Arboliva|50/100 par|[from] item: Sitrus Berry
|cant|p1a: Arboliva|par
|
|-heal|p2a: Serperior|49/100|[from] item: Leftovers
|upkeep
|turn|9
|
|t:|1757841601
|move|p2a: Serperior|Leaf Storm|p1a: Arboliva
|-resisted|p1a: Arboliva
|-damage|p1a: Arboliva|0 fnt
|-boost|p2a: Serperior|spa|2
|faint|p1a: Arboliva
|
|-heal|p2a: Serperior|55/100|[from] item: Leftovers
|upkeep
|c|☆DavidEdgerunner|harvest is crazy lmao
|
|t:|1757841610
|switch|p1a: Cinderace|Cinderace, M|100/100
|turn|10
|
|t:|1757841617
|-terastallize|p2a: Serperior|Ground
|move|p2a: Serperior|Tera Blast|p1a: Cinderace|[anim] Tera Blast Ground
|-supereffective|p1a: Cinderace
|-damage|p1a: Cinderace|0 fnt
|faint|p1a: Cinderace
|
|-heal|p2a: Serperior|61/100|[from] item: Leftovers
|upkeep
|
|t:|1757841627
|switch|p1a: Chandelure|Chandelure, M, shiny|100/100
|-activate|p1a: Chandelure|move: Sticky Web
|-unboost|p1a: Chandelure|spe|1
|turn|11
|
|t:|1757841639
|move|p2a: Serperior|Tera Blast|p1a: Chandelure|[anim] Tera Blast Ground
|-supereffective|p1a: Chandelure
|-damage|p1a: Chandelure|0 fnt
|faint|p1a: Chandelure
|
|-heal|p2a: Serperior|67/100|[from] item: Leftovers
|upkeep
|
|t:|1757841654
|switch|p1a: Rabsca|Rabsca, F, shiny|100/100
|-activate|p1a: Rabsca|move: Sticky Web
|-unboost|p1a: Rabsca|spe|1
|turn|12
|
|t:|1757841695
|move|p2a: Serperior|Dragon Pulse|p1a: Rabsca
|-damage|p1a: Rabsca|28/100
|move|p1a: Rabsca|Trick Room|p1a: Rabsca
|-fieldstart|move: Trick Room|[of] p1a: Rabsca
|
|-heal|p2a: Serperior|73/100|[from] item: Leftovers
|upkeep
|turn|13
|
|t:|1757841703
|move|p1a: Rabsca|Revival Blessing|p1a: Rabsca
|-enditem|p1a: Rabsca|Leppa Berry|[eat]
|-activate|p1a: Rabsca|item: Leppa Berry|Revival Blessing|[consumed]
|
|t:|1757841707
|-heal|p1: Arboliva|50/100|[from] move: Revival Blessing
|move|p2a: Serperior|Dragon Pulse|p1a: Rabsca
|-damage|p1a: Rabsca|0 fnt
|faint|p1a: Rabsca
|
|-heal|p2a: Serperior|80/100|[from] item: Leftovers
|upkeep
|
|t:|1757841713
|switch|p1a: Cloyster|Cloyster, F|100/100
|-activate|p1a: Cloyster|move: Sticky Web
|-unboost|p1a: Cloyster|spe|1
|-enditem|p1a: Cloyster|White Herb
|-clearnegativeboost|p1a: Cloyster|[silent]
|turn|14
|
|t:|1757841722
|move|p1a: Cloyster|Icicle Spear|p2a: Serperior
|-supereffective|p2a: Serperior
|-damage|p2a: Serperior|54/100
|-supereffective|p2a: Serperior
|-damage|p2a: Serperior|29/100
|-supereffective|p2a: Serperior
|-damage|p2a: Serperior|5/100
|-supereffective|p2a: Serperior
|-damage|p2a: Serperior|0 fnt
|faint|p2a: Serperior
|-hitcount|p2: Serperior|4
|
|upkeep
|
|t:|1757841725
|switch|p2a: Toxapex|Toxapex, M|100/100
|turn|15
|
|t:|1757841733
|move|p2a: Toxapex|Toxic|p1a: Cloyster
|-status|p1a: Cloyster|tox
|move|p1a: Cloyster|Rock Blast|p2a: Toxapex
|-damage|p2a: Toxapex|96/100
|-damage|p2a: Toxapex|91/100
|-damage|p2a: Toxapex|86/100
|-damage|p2a: Toxapex|82/100
|-damage|p2a: Toxapex|77/100
|-hitcount|p2a: Toxapex|5
|
|-damage|p1a: Cloyster|94/100 tox|[from] psn
|upkeep
|turn|16
|
|t:|1757841747
|move|p2a: Toxapex|Recover|p2a: Toxapex
|-heal|p2a: Toxapex|100/100
|move|p1a: Cloyster|Shell Smash|p1a: Cloyster
|-unboost|p1a: Cloyster|def|1
|-unboost|p1a: Cloyster|spd|1
|-boost|p1a: Cloyster|atk|2
|-boost|p1a: Cloyster|spa|2
|-boost|p1a: Cloyster|spe|2
|
|-damage|p1a: Cloyster|82/100 tox|[from] psn
|-fieldend|move: Trick Room
|upkeep
|turn|17
|
|t:|1757841762
|move|p1a: Cloyster|Rock Blast|p2a: Toxapex
|-damage|p2a: Toxapex|92/100
|-damage|p2a: Toxapex|83/100
|-damage|p2a: Toxapex|74/100
|-damage|p2a: Toxapex|65/100
|-damage|p2a: Toxapex|56/100
|-hitcount|p2a: Toxapex|5
|move|p2a: Toxapex|Haze|p2a: Toxapex
|-clearallboost
|
|-damage|p1a: Cloyster|63/100 tox|[from] psn
|upkeep
|turn|18
|
|t:|1757841772
|move|p1a: Cloyster|Rock Blast|p2a: Toxapex
|-damage|p2a: Toxapex|51/100
|-damage|p2a: Toxapex|47/100
|-damage|p2a: Toxapex|42/100
|-damage|p2a: Toxapex|37/100
|-damage|p2a: Toxapex|32/100
|-hitcount|p2a: Toxapex|5
|move|p2a: Toxapex|Recover|p2a: Toxapex
|-heal|p2a: Toxapex|82/100
|
|-damage|p1a: Cloyster|38/100 tox|[from] psn
|upkeep
|turn|19
|
|t:|1757841784
|move|p1a: Cloyster|Rock Blast|p2a: Toxapex
|-damage|p2a: Toxapex|77/100
|-damage|p2a: Toxapex|72/100
|-damage|p2a: Toxapex|67/100
|-damage|p2a: Toxapex|63/100
|-damage|p2a: Toxapex|58/100
|-hitcount|p2a: Toxapex|5
|move|p2a: Toxapex|Recover|p2a: Toxapex
|-heal|p2a: Toxapex|100/100
|
|-damage|p1a: Cloyster|7/100 tox|[from] psn
|upkeep
|turn|20
|
|t:|1757841793
|move|p1a: Cloyster|Rock Blast|p2a: Toxapex
|-damage|p2a: Toxapex|96/100
|-damage|p2a: Toxapex|91/100
|-damage|p2a: Toxapex|87/100
|-damage|p2a: Toxapex|82/100
|-damage|p2a: Toxapex|78/100
|-hitcount|p2a: Toxapex|5
|move|p2a: Toxapex|Recover|p2a: Toxapex
|-heal|p2a: Toxapex|100/100
|
|-damage|p1a: Cloyster|0 fnt|[from] psn
|faint|p1a: Cloyster
|upkeep
|
|t:|1757841803
|switch|p1a: Arboliva|Arboliva, F, shiny|50/100
|-activate|p1a: Arboliva|move: Sticky Web
|-unboost|p1a: Arboliva|spe|1
|turn|21
|
|t:|1757841810
|move|p2a: Toxapex|Toxic|p1a: Arboliva
|-status|p1a: Arboliva|tox
|move|p1a: Arboliva|Leech Seed|p2a: Toxapex
|-start|p2a: Toxapex|move: Leech Seed
|
|-damage|p2a: Toxapex|88/100|[from] Leech Seed|[of] p1a: Arboliva
|-heal|p1a: Arboliva|63/100 tox|[silent]
|-damage|p1a: Arboliva|57/100 tox|[from] psn
|-item|p1a: Arboliva|Sitrus Berry|[from] ability: Harvest
|upkeep
|turn|22
|
|t:|1757841820
|move|p2a: Toxapex|Recover|p2a: Toxapex
|-heal|p2a: Toxapex|100/100
|move|p1a: Arboliva|Tera Blast|p2a: Toxapex
|-damage|p2a: Toxapex|76/100
|
|-damage|p2a: Toxapex|64/100|[from] Leech Seed|[of] p1a: Arboliva
|-heal|p1a: Arboliva|69/100 tox|[silent]
|-damage|p1a: Arboliva|57/100 tox|[from] psn
|upkeep
|turn|23
|
|t:|1757841830
|move|p2a: Toxapex|Recover|p2a: Toxapex
|-heal|p2a: Toxapex|100/100
|move|p1a: Arboliva|Strength Sap|p2a: Toxapex
|-unboost|p2a: Toxapex|atk|1
|-heal|p1a: Arboliva|96/100 tox
|
|-damage|p2a: Toxapex|88/100|[from] Leech Seed|[of] p1a: Arboliva
|-heal|p1a: Arboliva|100/100 tox|[silent]
|-damage|p1a: Arboliva|82/100 tox|[from] psn
|upkeep
|turn|24
|
|t:|1757841843
|switch|p2a: Dodrio|Dodrio, F|100/100
|move|p1a: Arboliva|Tera Blast|p2a: Dodrio
|-damage|p2a: Dodrio|35/100
|
|-damage|p1a: Arboliva|58/100 tox|[from] psn
|upkeep
|turn|25
|
|t:|1757841852
|move|p2a: Dodrio|Brave Bird|p1a: Arboliva
|-supereffective|p1a: Arboliva
|-damage|p1a: Arboliva|0 fnt
|faint|p1a: Arboliva
|-damage|p2a: Dodrio|13/100|[from] Recoil
|
|upkeep
|
|t:|1757841864
|switch|p1a: Greninja|Greninja, M|100/100
|-activate|p1a: Greninja|move: Sticky Web
|-unboost|p1a: Greninja|spe|1
|turn|26
|
|t:|1757841871
|move|p2a: Dodrio|Low Kick|p1a: Greninja
|-supereffective|p1a: Greninja
|-damage|p1a: Greninja|33/100
|move|p1a: Greninja|Dark Pulse|p2a: Dodrio
|-damage|p2a: Dodrio|0 fnt
|faint|p2a: Dodrio
|-ability|p1a: Greninja|Battle Bond|boost
|-boost|p1a: Greninja|atk|1
|-boost|p1a: Greninja|spa|1
|-boost|p1a: Greninja|spe|1
|-activate|p1a: Greninja|ability: Battle Bond
|
|upkeep
|
|t:|1757841878
|switch|p2a: Haxorus|Haxorus, F, shiny|100/100
|-ability|p2a: Haxorus|Mold Breaker
|turn|27
|
|t:|1757841881
|move|p2a: Haxorus|First Impression|p1a: Greninja
|-supereffective|p1a: Greninja
|-damage|p1a: Greninja|0 fnt
|faint|p1a: Greninja
|
|win|DavidEdgerunner
|raw|kmater's rating: 1190 &rarr; <strong>1161</strong><br />(-29 for losing)
|raw|DavidEdgerunner's rating: 1134 &rarr; <strong>1163</strong><br />(+29 for winning)
|l|☆kmater
|player|p1|
|l|☆DavidEdgerunner
|player|p2|
