|badge|p1|bronze|gen9uu|100-6
|uhtml|medal-msg|<div class="broadcast-blue">Curious what those medals under the avatar are? PS now has Ladder Seasons! For more information, check out the <a href="https://www.smogon.com/forums/threads/3740067/">thread on Smogon.</a></div>
|j|☆Labooble
|j|☆Laughable
|t:|1757853640
|gametype|singles
|player|p1|Labooble|101|1526
|player|p2|Laughable|tuber|1468
|gen|9
|tier|[Gen 9] OU
|rated|
|rule|HP Percentage Mod: HP is shown in percentages
|rule|Endless Battle Clause: Forcing endless battles is banned
|rule|Species Clause: Limit one of each Pokémon
|rule|OHKO Clause: OHKO moves are banned
|rule|Evasion Items Clause: Evasion items are banned
|rule|Evasion Moves Clause: Evasion moves are banned
|rule|Evasion Abilities Clause: Evasion abilities are banned
|rule|Sleep Moves Clause: Sleep-inducing moves are banned
|clearpoke
|poke|p1|Gholdengo|
|poke|p1|Great Tusk|
|poke|p1|Deoxys-Speed|
|poke|p1|Kingambit, M|
|poke|p1|Moltres|
|poke|p1|Ting-Lu|
|poke|p2|Dragapult, F|
|poke|p2|Gliscor, M|
|poke|p2|Milotic, M|
|poke|p2|Skeledirge, M|
|poke|p2|Weezing-Galar, F|
|poke|p2|Mandibuzz, F|
|teampreview
|inactive|Battle timer is ON: inactive players will automatically lose when time's up. (requested by Labooble)
|
|t:|1757853659
|teamsize|p1|6
|teamsize|p2|6
|start
|switch|p1a: Deoxys|Deoxys-Speed|100/100
|switch|p2a: Milotic|Milotic, M, shiny|100/100
|-ability|p1a: Deoxys|Pressure
|turn|1
|
|t:|1757853665
|move|p1a: Deoxys|Stealth Rock|p2a: Milotic
|-sidestart|p2: Laughable|move: Stealth Rock
|move|p2a: Milotic|Scald|p1a: Deoxys
|-damage|p1a: Deoxys|57/100
|-status|p1a: Deoxys|brn
|
|-damage|p1a: Deoxys|50/100 brn|[from] brn
|upkeep
|turn|2
|
|t:|1757853671
|move|p1a: Deoxys|Psycho Boost|p2a: Milotic|[miss]
|-miss|p1a: Deoxys|p2a: Milotic
|move|p2a: Milotic|Scald|p1a: Deoxys
|-damage|p1a: Deoxys|4/100 brn
|
|-damage|p1a: Deoxys|0 fnt|[from] brn
|faint|p1a: Deoxys
|upkeep
|c|☆Laughable|sorry
|
|t:|1757853677
|switch|p1a: Gholdengo|Gholdengo|100/100
|turn|3
|
|t:|1757853690
|switch|p2a: Skeledirge|Skeledirge, M|100/100
|move|p1a: Gholdengo|Nasty Plot|p1a: Gholdengo
|-boost|p1a: Gholdengo|spa|2
|
|upkeep
|turn|4
|
|t:|1757853698
|-terastallize|p2a: Skeledirge|Water
|move|p1a: Gholdengo|Shadow Ball|p2a: Skeledirge
|-damage|p2a: Skeledirge|67/100
|move|p2a: Skeledirge|Torch Song|p1a: Gholdengo
|-supereffective|p1a: Gholdengo
|-crit|p1a: Gholdengo
|-damage|p1a: Gholdengo|1/100
|-boost|p2a: Skeledirge|spa|1
|
|-heal|p1a: Gholdengo|7/100|[from] item: Leftovers
|upkeep
|turn|5
|
|t:|1757853711
|move|p1a: Gholdengo|Shadow Ball|p2a: Skeledirge
|-damage|p2a: Skeledirge|34/100
|move|p2a: Skeledirge|Slack Off|p2a: Skeledirge
|-heal|p2a: Skeledirge|84/100
|
|-heal|p1a: Gholdengo|13/100|[from] item: Leftovers
|upkeep
|turn|6
|
|t:|1757853715
|move|p1a: Gholdengo|Shadow Ball|p2a: Skeledirge
|-damage|p2a: Skeledirge|49/100
|move|p2a: Skeledirge|Torch Song|p1a: Gholdengo
|-supereffective|p1a: Gholdengo
|-damage|p1a: Gholdengo|0 fnt
|-boost|p2a: Skeledirge|spa|1
|faint|p1a: Gholdengo
|
|upkeep
|
|t:|1757853725
|switch|p1a: Ting-Lu|Ting-Lu|100/100
|-ability|p1a: Ting-Lu|Vessel of Ruin
|turn|7
|
|t:|1757853746
|move|p2a: Skeledirge|Slack Off|p2a: Skeledirge
|-heal|p2a: Skeledirge|99/100
|move|p1a: Ting-Lu|Earthquake|p2a: Skeledirge
|-damage|p2a: Skeledirge|55/100
|
|upkeep
|turn|8
|
|t:|1757853750
|move|p2a: Skeledirge|Slack Off|p2a: Skeledirge
|-heal|p2a: Skeledirge|100/100
|move|p1a: Ting-Lu|Earthquake|p2a: Skeledirge
|-damage|p2a: Skeledirge|54/100
|
|upkeep
|turn|9
|
|t:|1757853752
|switch|p2a: Gliscor|Gliscor, M|100/100
|-damage|p2a: Gliscor|88/100|[from] Stealth Rock
|move|p1a: Ting-Lu|Earthquake|p2a: Gliscor
|-immune|p2a: Gliscor
|
|-status|p2a: Gliscor|tox|[from] item: Toxic Orb
|upkeep
|turn|10
|
|t:|1757853764
|switch|p1a: Moltres|Moltres|100/100
|move|p2a: Gliscor|Spikes|p1a: Moltres
|-sidestart|p1: Labooble|Spikes
|
|-heal|p2a: Gliscor|100/100 tox|[from] ability: Poison Heal
|upkeep
|turn|11
|
|t:|1757853769
|move|p2a: Gliscor|Toxic|p1a: Moltres
|-status|p1a: Moltres|tox
|move|p1a: Moltres|Flamethrower|p2a: Gliscor
|-damage|p2a: Gliscor|69/100 tox
|
|-heal|p2a: Gliscor|81/100 tox|[from] ability: Poison Heal
|-damage|p1a: Moltres|94/100 tox|[from] psn
|upkeep
|turn|12
|
|t:|1757853771
|move|p2a: Gliscor|Spikes|p1a: Moltres
|-sidestart|p1: Labooble|Spikes
|move|p1a: Moltres|U-turn|p2a: Gliscor
|-resisted|p2a: Gliscor
|-damage|p2a: Gliscor|76/100 tox
|
|t:|1757853774
|switch|p1a: Kingambit|Kingambit, M|100/100|[from] U-turn
|-damage|p1a: Kingambit|84/100|[from] Spikes
|-activate|p1a: Kingambit|ability: Supreme Overlord
|-start|p1a: Kingambit|fallen2|[silent]
|
|-heal|p2a: Gliscor|88/100 tox|[from] ability: Poison Heal
|upkeep
|turn|13
|
|t:|1757853778
|switch|p2a: Mandibuzz|Mandibuzz, F|100/100
|move|p1a: Kingambit|Swords Dance|p1a: Kingambit
|-boost|p1a: Kingambit|atk|2
|
|upkeep
|turn|14
|
|t:|1757853791
|-end|p1a: Kingambit|fallen2|[silent]
|switch|p1a: Moltres|Moltres|94/100 tox
|move|p2a: Mandibuzz|Iron Defense|p2a: Mandibuzz
|-boost|p2a: Mandibuzz|def|2
|
|-damage|p1a: Moltres|88/100 tox|[from] psn
|upkeep
|turn|15
|
|t:|1757853805
|switch|p2a: Milotic|Milotic, M, shiny|100/100
|move|p1a: Moltres|Flamethrower|p2a: Milotic
|-resisted|p2a: Milotic
|-damage|p2a: Milotic|89/100
|-status|p2a: Milotic|brn
|
|-damage|p1a: Moltres|75/100 tox|[from] psn
|-damage|p2a: Milotic|83/100 brn|[from] brn
|upkeep
|turn|16
|
|t:|1757853810
|move|p2a: Milotic|Scald|p1a: Moltres
|-supereffective|p1a: Moltres
|-damage|p1a: Moltres|22/100 tox
|move|p1a: Moltres|Hurricane|p2a: Milotic|[miss]
|-miss|p1a: Moltres|p2a: Milotic
|
|-damage|p1a: Moltres|4/100 tox|[from] psn
|-damage|p2a: Milotic|77/100 brn|[from] brn
|upkeep
|turn|17
|
|t:|1757853824
|move|p2a: Milotic|Scald|p1a: Moltres
|-supereffective|p1a: Moltres
|-damage|p1a: Moltres|0 fnt
|faint|p1a: Moltres
|
|-damage|p2a: Milotic|71/100 brn|[from] brn
|upkeep
|
|t:|1757853849
|switch|p1a: Kingambit|Kingambit, M|84/100
|-damage|p1a: Kingambit|67/100|[from] Spikes
|-activate|p1a: Kingambit|ability: Supreme Overlord
|-start|p1a: Kingambit|fallen3|[silent]
|turn|18
|
|t:|1757853853
|switch|p2a: Mandibuzz|Mandibuzz, F|100/100
|move|p1a: Kingambit|Swords Dance|p1a: Kingambit
|-boost|p1a: Kingambit|atk|2
|
|upkeep
|turn|19
|
|t:|1757853857
|move|p2a: Mandibuzz|Iron Defense|p2a: Mandibuzz
|-boost|p2a: Mandibuzz|def|2
|move|p1a: Kingambit|Kowtow Cleave|p2a: Mandibuzz
|-resisted|p2a: Mandibuzz
|-damage|p2a: Mandibuzz|81/100
|
|upkeep
|turn|20
|-message|Labooble forfeited.
|
|win|Laughable
|raw|Labooble's rating: 1526 &rarr; <strong>1503</strong><br />(-23 for losing)
|raw|Laughable's rating: 1468 &rarr; <strong>1491</strong><br />(+23 for winning)
|l|☆Labooble
|player|p1|
|l|☆Laughable
|player|p2|
