|j|☆Enzo Barboza
|j|☆suhdood420
|t:|1757795177
|gametype|singles
|player|p1|Enzo Barboza|169|1038
|player|p2|suhdood420|dawn|1061
|gen|9
|tier|[Gen 9] OU
|rated|
|rule|HP Percentage Mod: HP is shown in percentages
|rule|Endless Battle Clause: Forcing endless battles is banned
|rule|Species Clause: Limit one of each Pokémon
|rule|OHKO Clause: OHKO moves are banned
|rule|Evasion Items Clause: Evasion items are banned
|rule|Evasion Moves Clause: Evasion moves are banned
|rule|Evasion Abilities Clause: Evasion abilities are banned
|rule|Sleep Moves Clause: Sleep-inducing moves are banned
|clearpoke
|poke|p1|Articuno, L70|
|poke|p1|Raikou, L56|
|poke|p1|Metagross, L63|
|poke|p1|Scizor, L72, F|
|poke|p1|Charizard, L72, M|
|poke|p1|Lycanroc, L63, M|
|poke|p2|Iron Treads|
|poke|p2|Glimmora, M|
|poke|p2|Dragonite, M|
|poke|p2|Enamorus, F|
|poke|p2|Garganacl, M|
|poke|p2|Typhlosion-Hisui, F|
|teampreview
|
|t:|1757795186
|teamsize|p1|6
|teamsize|p2|6
|start
|switch|p1a: Metagross|Metagross, L63|100/100
|switch|p2a: Glimmora|Glimmora, M|100/100
|turn|1
|
|t:|1757795202
|-terastallize|p1a: Metagross|Steel
|move|p2a: Glimmora|Stealth Rock|p1a: Metagross
|-sidestart|p1: Enzo Barboza|move: Stealth Rock
|move|p1a: Metagross|Iron Head|p2a: Glimmora
|-supereffective|p2a: Glimmora
|-damage|p2a: Glimmora|65/100
|-activate|p2a: Glimmora|ability: Toxic Debris
|-sidestart|p1: Enzo Barboza|move: Toxic Spikes
|
|-heal|p2a: Glimmora|71/100|[from] item: Leftovers
|upkeep
|turn|2
|
|t:|1757795214
|move|p2a: Glimmora|Spikes|p1a: Metagross
|-sidestart|p1: Enzo Barboza|Spikes
|move|p1a: Metagross|Iron Head|p2a: Glimmora
|-supereffective|p2a: Glimmora
|-damage|p2a: Glimmora|36/100
|-activate|p2a: Glimmora|ability: Toxic Debris
|-sidestart|p1: Enzo Barboza|move: Toxic Spikes
|
|-heal|p2a: Glimmora|43/100|[from] item: Leftovers
|upkeep
|turn|3
|
|t:|1757795223
|move|p2a: Glimmora|Spikes|p1a: Metagross
|-sidestart|p1: Enzo Barboza|Spikes
|move|p1a: Metagross|Iron Head|p2a: Glimmora
|-supereffective|p2a: Glimmora
|-damage|p2a: Glimmora|7/100
|
|-heal|p2a: Glimmora|13/100|[from] item: Leftovers
|upkeep
|turn|4
|
|t:|1757795230
|move|p2a: Glimmora|Spikes|p1a: Metagross
|-sidestart|p1: Enzo Barboza|Spikes
|move|p1a: Metagross|Iron Head|p2a: Glimmora
|-supereffective|p2a: Glimmora
|-damage|p2a: Glimmora|0 fnt
|faint|p2a: Glimmora
|
|upkeep
|
|t:|1757795241
|switch|p2a: Typhlosion|Typhlosion-Hisui, F|100/100
|-item|p1a: Metagross|Iron Plate|[from] ability: Frisk|[of] p2a: Typhlosion
|turn|5
|
|t:|1757795251
|-terastallize|p2a: Typhlosion|Fire
|move|p2a: Typhlosion|Eruption|p1a: Metagross
|-supereffective|p1a: Metagross
|-damage|p1a: Metagross|0 fnt
|faint|p1a: Metagross
|
|upkeep
|
|t:|1757795262
|switch|p1a: Raikou|Raikou, L56|100/100
|-damage|p1a: Raikou|88/100|[from] Stealth Rock
|-status|p1a: Raikou|tox
|-damage|p1a: Raikou|63/100 tox|[from] Spikes
|-ability|p1a: Raikou|Pressure
|turn|6
|
|t:|1757795270
|move|p2a: Typhlosion|Eruption|p1a: Raikou
|-damage|p1a: Raikou|0 fnt
|faint|p1a: Raikou
|
|upkeep
|
|t:|1757795272
|switch|p1a: Articuno|Articuno, L70|100/100
|-damage|p1a: Articuno|50/100|[from] Stealth Rock
|-ability|p1a: Articuno|Pressure
|turn|7
|
|t:|1757795281
|move|p2a: Typhlosion|Eruption|p1a: Articuno
|-supereffective|p1a: Articuno
|-damage|p1a: Articuno|0 fnt
|faint|p1a: Articuno
|
|upkeep
|
|t:|1757795284
|switch|p1a: Lycanroc|Lycanroc, L63, M, shiny|100/100
|-damage|p1a: Lycanroc|88/100|[from] Stealth Rock
|-status|p1a: Lycanroc|tox
|-damage|p1a: Lycanroc|63/100 tox|[from] Spikes
|turn|8
|
|t:|1757795291
|move|p2a: Typhlosion|Eruption|p1a: Lycanroc
|-resisted|p1a: Lycanroc
|-damage|p1a: Lycanroc|0 fnt
|faint|p1a: Lycanroc
|
|upkeep
|
|t:|1757795293
|switch|p1a: Charizard|Charizard, L72, M|100/100
|-damage|p1a: Charizard|50/100|[from] Stealth Rock
|turn|9
|
|t:|1757795304
|move|p2a: Typhlosion|Eruption|p1a: Charizard
|-resisted|p1a: Charizard
|-damage|p1a: Charizard|0 fnt
|faint|p1a: Charizard
|
|upkeep
|
|t:|1757795307
|switch|p1a: Scizor|Scizor, L72, F|100/100
|-damage|p1a: Scizor|88/100|[from] Stealth Rock
|-damage|p1a: Scizor|63/100|[from] Spikes
|turn|10
|
|t:|1757795313
|move|p2a: Typhlosion|Eruption|p1a: Scizor
|-supereffective|p1a: Scizor
|-damage|p1a: Scizor|0 fnt
|faint|p1a: Scizor
|
|win|suhdood420
|raw|Enzo Barboza's rating: 1038 &rarr; <strong>1023</strong><br />(-15 for losing)
|raw|suhdood420's rating: 1061 &rarr; <strong>1090</strong><br />(+29 for winning)
|l|☆Enzo Barboza
|player|p1|
