|j|☆YumeKasumi76
|j|☆love is simple
|t:|1757948208
|gametype|singles
|player|p1|YumeKasumi76|102|1495
|player|p2|love is simple|dawn|1503
|gen|9
|tier|[Gen 9] OU
|rated|
|rule|HP Percentage Mod: HP is shown in percentages
|rule|Endless Battle Clause: Forcing endless battles is banned
|rule|Species Clause: Limit one of each Pokémon
|rule|OHKO Clause: OHKO moves are banned
|rule|Evasion Items Clause: Evasion items are banned
|rule|Evasion Moves Clause: Evasion moves are banned
|rule|Evasion Abilities Clause: Evasion abilities are banned
|rule|Sleep Moves Clause: Sleep-inducing moves are banned
|clearpoke
|poke|p1|Cobalion|
|poke|p1|Weezing-Galar, M|
|poke|p1|Lokix, F|
|poke|p1|Arboliva, M|
|poke|p1|Ceruledge, F|
|poke|p1|Latios, M|
|poke|p2|Dondozo, M|
|poke|p2|Blissey, F|
|poke|p2|Corviknight, F|
|poke|p2|Weezing-Galar, M|
|poke|p2|Gliscor, F|
|poke|p2|Toxapex, F|
|teampreview
|inactive|Battle timer is ON: inactive players will automatically lose when time's up. (requested by love is simple)
|
|t:|1757948217
|teamsize|p1|6
|teamsize|p2|6
|start
|switch|p1a: Iverson|Latios, M|100/100
|switch|p2a: Gliscor|Gliscor, F|100/100
|turn|1
|
|t:|1757948221
|move|p2a: Gliscor|Protect|p2a: Gliscor
|-singleturn|p2a: Gliscor|Protect
|move|p1a: Iverson|Draco Meteor|p2a: Gliscor
|-activate|p2a: Gliscor|move: Protect
|
|-status|p2a: Gliscor|tox|[from] item: Toxic Orb
|upkeep
|turn|2
|
|t:|1757948227
|switch|p1a: Satsuki|Lokix, F, shiny|100/100
|switch|p2a: Blissey|Blissey, F|100/100
|
|upkeep
|turn|3
|
|t:|1757948231
|switch|p2a: Gliscor|Gliscor, F|100/100 tox
|move|p1a: Satsuki|Knock Off|p2a: Gliscor
|-damage|p2a: Gliscor|44/100 tox
|-enditem|p2a: Gliscor|Toxic Orb|[from] move: Knock Off|[of] p1a: Satsuki
|
|-heal|p2a: Gliscor|57/100 tox|[from] ability: Poison Heal
|upkeep
|turn|4
|
|t:|1757948237
|switch|p1a: Iverson|Latios, M|100/100
|move|p2a: Gliscor|Knock Off|p1a: Iverson
|-supereffective|p1a: Iverson
|-damage|p1a: Iverson|37/100
|-enditem|p1a: Iverson|Choice Scarf|[from] move: Knock Off|[of] p2a: Gliscor
|
|-heal|p2a: Gliscor|69/100 tox|[from] ability: Poison Heal
|upkeep
|turn|5
|
|t:|1757948244
|move|p2a: Gliscor|Protect|p2a: Gliscor
|-singleturn|p2a: Gliscor|Protect
|move|p1a: Iverson|Draco Meteor|p2a: Gliscor
|-activate|p2a: Gliscor|move: Protect
|
|-heal|p2a: Gliscor|82/100 tox|[from] ability: Poison Heal
|upkeep
|turn|6
|
|t:|1757948257
|switch|p2a: Blissey|Blissey, F|100/100
|move|p1a: Iverson|Flip Turn|p2a: Blissey
|-damage|p2a: Blissey|89/100
|
|t:|1757948260
|switch|p1a: Satsuki|Lokix, F, shiny|100/100|[from] Flip Turn
|
|-heal|p2a: Blissey|95/100|[from] item: Leftovers
|upkeep
|turn|7
|
|t:|1757948266
|switch|p2a: Weezing|Weezing-Galar, M|100/100
|-ability|p2a: Weezing|Neutralizing Gas
|move|p1a: Satsuki|U-turn|p2a: Weezing
|-resisted|p2a: Weezing
|-damage|p2a: Weezing|92/100
|
|t:|1757948269
|switch|p1a: Iverson|Latios, M|37/100|[from] U-turn
|
|upkeep
|turn|8
|
|t:|1757948275
|-end|p2a: Weezing|ability: Neutralizing Gas
|switch|p2a: Gliscor|Gliscor, F|82/100 tox
|move|p1a: Iverson|Luster Purge|p2a: Gliscor
|-damage|p2a: Gliscor|37/100 tox
|-unboost|p2a: Gliscor|spd|1
|
|-heal|p2a: Gliscor|50/100 tox|[from] ability: Poison Heal
|upkeep
|turn|9
|
|t:|1757948279
|move|p2a: Gliscor|Protect|p2a: Gliscor
|-singleturn|p2a: Gliscor|Protect
|move|p1a: Iverson|Luster Purge|p2a: Gliscor
|-activate|p2a: Gliscor|move: Protect
|
|-heal|p2a: Gliscor|62/100 tox|[from] ability: Poison Heal
|upkeep
|turn|10
|
|t:|1757948282
|switch|p2a: Blissey|Blissey, F|95/100
|move|p1a: Iverson|Flip Turn|p2a: Blissey
|-damage|p2a: Blissey|84/100
|
|t:|1757948285
|switch|p1a: Ironhyde|Cobalion|100/100|[from] Flip Turn
|
|-heal|p2a: Blissey|90/100|[from] item: Leftovers
|upkeep
|turn|11
|
|t:|1757948294
|switch|p2a: Gliscor|Gliscor, F|62/100 tox
|move|p1a: Ironhyde|Stealth Rock|p2a: Gliscor
|-sidestart|p2: love is simple|move: Stealth Rock
|
|-heal|p2a: Gliscor|75/100 tox|[from] ability: Poison Heal
|upkeep
|turn|12
|
|t:|1757948300
|move|p1a: Ironhyde|Steel Beam|p2a: Gliscor
|-damage|p2a: Gliscor|39/100 tox
|-damage|p1a: Ironhyde|50/100|[from] steelbeam
|move|p2a: Gliscor|Spikes|p1a: Ironhyde
|-sidestart|p1: YumeKasumi76|Spikes
|
|-heal|p2a: Gliscor|51/100 tox|[from] ability: Poison Heal
|upkeep
|turn|13
|
|t:|1757948304
|switch|p1a: Iverson|Latios, M|37/100
|move|p2a: Gliscor|Protect||[still]
|-fail|p2a: Gliscor
|
|-heal|p2a: Gliscor|64/100 tox|[from] ability: Poison Heal
|upkeep
|turn|14
|
|t:|1757948312
|move|p2a: Gliscor|Protect|p2a: Gliscor
|-singleturn|p2a: Gliscor|Protect
|move|p1a: Iverson|Draco Meteor|p2a: Gliscor
|-activate|p2a: Gliscor|move: Protect
|
|-heal|p2a: Gliscor|76/100 tox|[from] ability: Poison Heal
|upkeep
|turn|15
|
|t:|1757948316
|move|p1a: Iverson|Draco Meteor|p2a: Gliscor
|-damage|p2a: Gliscor|19/100 tox
|-unboost|p1a: Iverson|spa|2
|move|p2a: Gliscor|Knock Off|p1a: Iverson
|-supereffective|p1a: Iverson
|-damage|p1a: Iverson|0 fnt
|faint|p1a: Iverson
|
|-heal|p2a: Gliscor|31/100 tox|[from] ability: Poison Heal
|upkeep
|
|t:|1757948320
|switch|p1a: M'affald|Weezing-Galar, M|100/100
|-ability|p1a: M'affald|Neutralizing Gas
|turn|16
|
|t:|1757948325
|switch|p2a: Toxapex|Toxapex, F|100/100
|-damage|p2a: Toxapex|88/100|[from] Stealth Rock
|move|p1a: M'affald|Defog|p2a: Toxapex
|-unboost|p2a: Toxapex|evasion|1
|-sideend|p2: love is simple|Stealth Rock|[from] move: Defog|[of] p1a: M'affald
|-sideend|p1: YumeKasumi76|Spikes|[from] move: Defog|[of] p1a: M'affald
|
|-heal|p2a: Toxapex|94/100|[from] item: Leftovers
|upkeep
|turn|17
|
|t:|1757948330
|-end|p1a: M'affald|ability: Neutralizing Gas
|switch|p1a: Ironhyde|Cobalion|50/100
|move|p2a: Toxapex|Toxic Spikes|p1a: Ironhyde
|-sidestart|p1: YumeKasumi76|move: Toxic Spikes
|
|-heal|p2a: Toxapex|100/100|[from] item: Leftovers
|upkeep
|turn|18
|
|t:|1757948339
|switch|p2a: Corviknight|Corviknight, F|100/100
|-ability|p2a: Corviknight|Pressure
|move|p1a: Ironhyde|Body Press|p2a: Corviknight
|-damage|p2a: Corviknight|76/100
|
|-heal|p2a: Corviknight|82/100|[from] item: Leftovers
|upkeep
|turn|19
|
|t:|1757948345
|move|p1a: Ironhyde|Stealth Rock|p2a: Corviknight
|-sidestart|p2: love is simple|move: Stealth Rock
|move|p2a: Corviknight|Iron Defense|p2a: Corviknight
|-boost|p2a: Corviknight|def|2
|
|-heal|p2a: Corviknight|88/100|[from] item: Leftovers
|upkeep
|turn|20
|
|t:|1757948348
|move|p1a: Ironhyde|Volt Switch|p2a: Corviknight
|-supereffective|p2a: Corviknight
|-damage|p2a: Corviknight|60/100
|
|t:|1757948349
|switch|p1a: Jalter|Ceruledge, F|100/100|[from] Volt Switch
|-status|p1a: Jalter|psn
|move|p2a: Corviknight|Defog|p1a: Jalter
|-unboost|p1a: Jalter|evasion|1
|-sideend|p1: YumeKasumi76|Toxic Spikes|[from] move: Defog|[of] p2a: Corviknight
|-sideend|p2: love is simple|Stealth Rock|[from] move: Defog|[of] p2a: Corviknight
|
|-heal|p2a: Corviknight|66/100|[from] item: Leftovers
|-damage|p1a: Jalter|88/100 psn|[from] psn
|upkeep
|turn|21
|
|t:|1757948356
|move|p1a: Jalter|Bulk Up|p1a: Jalter
|-boost|p1a: Jalter|atk|1
|-boost|p1a: Jalter|def|1
|move|p2a: Corviknight|Roost|p2a: Corviknight
|-heal|p2a: Corviknight|100/100
|-singleturn|p2a: Corviknight|move: Roost
|
|-heal|p1a: Jalter|94/100 psn|[from] item: Leftovers
|-damage|p1a: Jalter|82/100 psn|[from] psn
|upkeep
|turn|22
|-message|YumeKasumi76 forfeited.
|
|win|love is simple
|raw|YumeKasumi76's rating: 1495 &rarr; <strong>1475</strong><br />(-20 for losing)
|raw|love is simple's rating: 1503 &rarr; <strong>1523</strong><br />(+20 for winning)
|l|☆YumeKasumi76
|player|p1|
|l|☆love is simple
|player|p2|
