|j|☆pyrofez
|j|☆vfjbrubchjh
|t:|1757945796
|gametype|singles
|player|p1|pyrofez|2|1172
|player|p2|vfjbrubchjh|265|1206
|gen|9
|tier|[Gen 9] OU
|rated|
|rule|HP Percentage Mod: HP is shown in percentages
|rule|Endless Battle Clause: Forcing endless battles is banned
|rule|Species Clause: Limit one of each Pokémon
|rule|OHKO Clause: OHKO moves are banned
|rule|Evasion Items Clause: Evasion items are banned
|rule|Evasion Moves Clause: Evasion moves are banned
|rule|Evasion Abilities Clause: Evasion abilities are banned
|rule|Sleep Moves Clause: Sleep-inducing moves are banned
|clearpoke
|poke|p1|Breloom, F|
|poke|p1|Magnezone|
|poke|p1|Chandelure, M|
|poke|p1|Conkeldurr, M|
|poke|p1|Weezing-Galar, M|
|poke|p1|Samurott-Hisui, F|
|poke|p2|Araquanid, F|
|poke|p2|Scizor, M|
|poke|p2|Landorus-Therian, M|
|poke|p2|Ninetales-Alola, F|
|poke|p2|Gholdengo|
|poke|p2|Clefable, F|
|teampreview
|inactive|Battle timer is ON: inactive players will automatically lose when time's up. (requested by pyrofez)
|
|t:|1757945805
|teamsize|p1|6
|teamsize|p2|6
|start
|switch|p1a: Magnezone|Magnezone|100/100
|switch|p2a: Landorus|Landorus-Therian, M|100/100
|-ability|p2a: Landorus|Intimidate|boost
|-unboost|p1a: Magnezone|atk|1
|-item|p1a: Magnezone|Air Balloon
|turn|1
|
|t:|1757945822
|move|p2a: Landorus|U-turn|p1a: Magnezone
|-resisted|p1a: Magnezone
|-damage|p1a: Magnezone|90/100
|-enditem|p1a: Magnezone|Air Balloon
|
|t:|1757945828
|switch|p2a: Scizor|Scizor, M|100/100|[from] U-turn
|move|p1a: Magnezone|Flash Cannon|p2a: Scizor
|-resisted|p2a: Scizor
|-damage|p2a: Scizor|69/100
|
|upkeep
|turn|2
|
|t:|1757945837
|move|p1a: Magnezone|Volt Switch|p2a: Scizor
|-damage|p2a: Scizor|23/100
|
|t:|1757945841
|switch|p1a: Chandelure|Chandelure, M|100/100|[from] Volt Switch
|move|p2a: Scizor|Knock Off|p1a: Chandelure
|-supereffective|p1a: Chandelure
|-damage|p1a: Chandelure|19/100
|-enditem|p1a: Chandelure|Choice Scarf|[from] move: Knock Off|[of] p2a: Scizor
|
|upkeep
|turn|3
|
|t:|1757945852
|-terastallize|p2a: Scizor|Steel
|move|p2a: Scizor|Bullet Punch|p1a: Chandelure
|-resisted|p1a: Chandelure
|-damage|p1a: Chandelure|0 fnt
|faint|p1a: Chandelure
|
|upkeep
|
|t:|1757945860
|switch|p1a: Conkeldurr|Conkeldurr, M|100/100
|turn|4
|
|t:|1757945870
|switch|p2a: Landorus|Landorus-Therian, M|100/100
|-ability|p2a: Landorus|Intimidate|boost
|-unboost|p1a: Conkeldurr|atk|1
|move|p1a: Conkeldurr|Mach Punch|p2a: Landorus
|-resisted|p2a: Landorus
|-damage|p2a: Landorus|91/100
|-damage|p1a: Conkeldurr|84/100|[from] item: Rocky Helmet|[of] p2a: Landorus
|
|upkeep
|turn|5
|
|t:|1757945874
|move|p2a: Landorus|Taunt|p1a: Conkeldurr
|-start|p1a: Conkeldurr|move: Taunt
|move|p1a: Conkeldurr|Ice Punch|p2a: Landorus
|-supereffective|p2a: Landorus
|-damage|p2a: Landorus|0 fnt
|-damage|p1a: Conkeldurr|67/100|[from] item: Rocky Helmet|[of] p2a: Landorus
|faint|p2a: Landorus
|
|upkeep
|
|t:|1757945879
|switch|p2a: Ninetales|Ninetales-Alola, F|100/100
|-weather|Snowscape|[from] ability: Snow Warning|[of] p2a: Ninetales
|turn|6
|inactive|pyrofez has 120 seconds left.
|
|t:|1757945910
|move|p2a: Ninetales|Aurora Veil|p2a: Ninetales
|-sidestart|p2: vfjbrubchjh|move: Aurora Veil
|move|p1a: Conkeldurr|Knock Off|p2a: Ninetales
|-resisted|p2a: Ninetales
|-damage|p2a: Ninetales|94/100
|-enditem|p2a: Ninetales|Light Clay|[from] move: Knock Off|[of] p1a: Conkeldurr
|
|-weather|Snowscape|[upkeep]
|upkeep
|turn|7
|
|t:|1757945919
|switch|p1a: Magnezone|Magnezone|90/100
|move|p2a: Ninetales|Moonblast|p1a: Magnezone
|-resisted|p1a: Magnezone
|-damage|p1a: Magnezone|68/100
|-unboost|p1a: Magnezone|spa|1
|
|-weather|Snowscape|[upkeep]
|upkeep
|turn|8
|
|t:|1757945928
|switch|p2a: Araquanid|Araquanid, F|100/100
|move|p1a: Magnezone|Flash Cannon|p2a: Araquanid
|-resisted|p2a: Araquanid
|-damage|p2a: Araquanid|93/100
|
|-weather|Snowscape|[upkeep]
|upkeep
|turn|9
|
|t:|1757945942
|move|p1a: Magnezone|Zap Cannon|p2a: Araquanid|[miss]
|-miss|p1a: Magnezone|p2a: Araquanid
|move|p2a: Araquanid|Liquidation|p1a: Magnezone
|-damage|p1a: Magnezone|0 fnt
|faint|p1a: Magnezone
|
|-weather|Snowscape|[upkeep]
|upkeep
|
|t:|1757945951
|switch|p1a: Samurott|Samurott-Hisui, F|100/100
|turn|10
|
|t:|1757945962
|switch|p1a: Weezing|Weezing-Galar, M|100/100
|-ability|p1a: Weezing|Neutralizing Gas
|switch|p2a: Scizor|Scizor, M, tera:Steel|23/100
|
|-weather|none
|upkeep
|turn|11
|
|t:|1757945980
|-end|p1a: Weezing|ability: Neutralizing Gas
|switch|p1a: Samurott|Samurott-Hisui, F|100/100
|move|p2a: Scizor|Bullet Punch|p1a: Samurott
|-resisted|p1a: Samurott
|-damage|p1a: Samurott|76/100
|
|upkeep
|turn|12
|
|t:|1757945995
|move|p1a: Samurott|Ceaseless Edge|p2a: Scizor
|-damage|p2a: Scizor|7/100
|-damage|p1a: Samurott|59/100|[from] item: Rocky Helmet|[of] p2a: Scizor
|-sidestart|p2: vfjbrubchjh|Spikes
|move|p2a: Scizor|Dual Wingbeat|p1a: Samurott|[miss]
|-miss|p2a: Scizor|p1a: Samurott
|
|upkeep
|turn|13
|
|t:|1757946008
|move|p2a: Scizor|Bullet Punch|p1a: Samurott
|-resisted|p1a: Samurott
|-damage|p1a: Samurott|34/100
|move|p1a: Samurott|Ceaseless Edge|p2a: Scizor
|-damage|p2a: Scizor|0 fnt
|-damage|p1a: Samurott|18/100|[from] item: Rocky Helmet|[of] p2a: Scizor
|-sidestart|p2: vfjbrubchjh|Spikes
|faint|p2a: Scizor
|
|-sideend|p2: vfjbrubchjh|move: Aurora Veil
|upkeep
|
|t:|1757946012
|switch|p2a: Araquanid|Araquanid, F|93/100
|-damage|p2a: Araquanid|77/100|[from] Spikes
|turn|14
|inactive|pyrofez has 120 seconds left.
|
|t:|1757946049
|move|p1a: Samurott|Ceaseless Edge|p2a: Araquanid
|-damage|p2a: Araquanid|32/100
|-sidestart|p2: vfjbrubchjh|Spikes
|move|p2a: Araquanid|Leech Life|p1a: Samurott
|-supereffective|p1a: Samurott
|-damage|p1a: Samurott|0 fnt
|-heal|p2a: Araquanid|40/100|[from] drain|[of] p1a: Samurott
|faint|p1a: Samurott
|
|upkeep
|
|t:|1757946059
|switch|p1a: Conkeldurr|Conkeldurr, M|67/100
|turn|15
|
|t:|1757946063
|switch|p2a: Ninetales|Ninetales-Alola, F|94/100
|-damage|p2a: Ninetales|69/100|[from] Spikes
|-weather|Snowscape|[from] ability: Snow Warning|[of] p2a: Ninetales
|move|p1a: Conkeldurr|Drain Punch|p2a: Ninetales
|-damage|p2a: Ninetales|22/100
|-heal|p1a: Conkeldurr|84/100|[from] drain|[of] p2a: Ninetales
|
|-weather|Snowscape|[upkeep]
|upkeep
|turn|16
|
|t:|1757946071
|move|p1a: Conkeldurr|Mach Punch|p2a: Ninetales
|-damage|p2a: Ninetales|0 fnt
|faint|p2a: Ninetales
|
|-weather|Snowscape|[upkeep]
|upkeep
|
|t:|1757946074
|switch|p2a: Clefable|Clefable, F|100/100
|-damage|p2a: Clefable|76/100|[from] Spikes
|turn|17
|
|t:|1757946080
|move|p2a: Clefable|Wish|p2a: Clefable
|move|p1a: Conkeldurr|Knock Off|p2a: Clefable
|-resisted|p2a: Clefable
|-damage|p2a: Clefable|60/100
|-enditem|p2a: Clefable|Leftovers|[from] move: Knock Off|[of] p1a: Conkeldurr
|
|-weather|Snowscape|[upkeep]
|upkeep
|turn|18
|
|t:|1757946087
|move|p2a: Clefable|Moonblast|p1a: Conkeldurr
|-supereffective|p1a: Conkeldurr
|-damage|p1a: Conkeldurr|34/100
|-unboost|p1a: Conkeldurr|spa|1
|move|p1a: Conkeldurr|Ice Punch|p2a: Clefable
|-damage|p2a: Clefable|37/100
|
|-weather|Snowscape|[upkeep]
|-heal|p2a: Clefable|87/100|[from] move: Wish|[wisher] Clefable
|upkeep
|turn|19
|
|t:|1757946093
|switch|p1a: Weezing|Weezing-Galar, M|100/100
|-ability|p1a: Weezing|Neutralizing Gas
|move|p2a: Clefable|Wish|p2a: Clefable
|
|-weather|none
|upkeep
|turn|20
|
|t:|1757946106
|move|p1a: Weezing|Toxic|p2a: Clefable
|-status|p2a: Clefable|tox
|move|p2a: Clefable|Fire Blast|p1a: Weezing
|-damage|p1a: Weezing|78/100
|
|-heal|p2a: Clefable|100/100 tox|[from] move: Wish|[wisher] Clefable
|-heal|p1a: Weezing|84/100|[from] item: Black Sludge
|-damage|p2a: Clefable|94/100 tox|[from] psn
|upkeep
|turn|21
|
|t:|1757946115
|move|p2a: Clefable|Encore|p1a: Weezing
|-start|p1a: Weezing|Encore
|move|p1a: Weezing|Toxic|p2a: Clefable
|-fail|p2a: Clefable|tox
|
|-heal|p1a: Weezing|90/100|[from] item: Black Sludge
|-damage|p2a: Clefable|82/100 tox|[from] psn
|upkeep
|turn|22
|
|t:|1757946135
|-end|p1a: Weezing|ability: Neutralizing Gas
|switch|p1a: Breloom|Breloom, F|100/100
|switch|p2a: Gholdengo|Gholdengo|100/100
|-damage|p2a: Gholdengo|76/100|[from] Spikes
|
|-status|p1a: Breloom|tox|[from] item: Toxic Orb
|upkeep
|turn|23
|
|t:|1757946147
|move|p2a: Gholdengo|Trick|p1a: Breloom
|-activate|p2a: Gholdengo|move: Trick|[of] p1a: Breloom
|-item|p1a: Breloom|Choice Scarf|[from] move: Trick
|-item|p2a: Gholdengo|Toxic Orb|[from] move: Trick
|move|p1a: Breloom|Seed Bomb|p2a: Gholdengo
|-resisted|p2a: Gholdengo
|-damage|p2a: Gholdengo|56/100
|
|upkeep
|turn|24
|
|t:|1757946167
|move|p2a: Gholdengo|Dazzling Gleam|p1a: Breloom
|-supereffective|p1a: Breloom
|-damage|p1a: Breloom|16/100 tox
|move|p1a: Breloom|Seed Bomb|p2a: Gholdengo
|-resisted|p2a: Gholdengo
|-damage|p2a: Gholdengo|38/100
|
|-heal|p1a: Breloom|29/100 tox|[from] ability: Poison Heal
|upkeep
|turn|25
|
|t:|1757946173
|move|p2a: Gholdengo|Dazzling Gleam|p1a: Breloom
|-supereffective|p1a: Breloom
|-damage|p1a: Breloom|0 fnt
|faint|p1a: Breloom
|
|upkeep
|
|t:|1757946177
|switch|p1a: Conkeldurr|Conkeldurr, M|34/100
|turn|26
|
|t:|1757946181
|move|p2a: Gholdengo|Dazzling Gleam|p1a: Conkeldurr
|-supereffective|p1a: Conkeldurr
|-damage|p1a: Conkeldurr|0 fnt
|faint|p1a: Conkeldurr
|
|upkeep
|
|t:|1757946184
|switch|p1a: Weezing|Weezing-Galar, M|90/100
|-ability|p1a: Weezing|Neutralizing Gas
|turn|27
|
|t:|1757946188
|move|p2a: Gholdengo|Make It Rain|p1a: Weezing
|-supereffective|p1a: Weezing
|-damage|p1a: Weezing|0 fnt
|-unboost|p2a: Gholdengo|spa|1
|faint|p1a: Weezing
|-end|p1a: Weezing|ability: Neutralizing Gas
|
|win|vfjbrubchjh
|raw|pyrofez's rating: 1172 &rarr; <strong>1149</strong><br />(-23 for losing)
|raw|vfjbrubchjh's rating: 1206 &rarr; <strong>1229</strong><br />(+23 for winning)
|l|☆vfjbrubchjh
|player|p2|
|l|☆pyrofez
|player|p1|
