|j|☆usurper9!!
|j|☆imn3ws0rry
|t:|1757843343
|gametype|singles
|player|p1|usurper9!!|n|1119
|player|p2|imn3ws0rry|caitlin|1071
|gen|9
|tier|[Gen 9] OU
|rated|
|rule|HP Percentage Mod: HP is shown in percentages
|rule|Endless Battle Clause: Forcing endless battles is banned
|rule|Species Clause: Limit one of each Pokémon
|rule|OHKO Clause: OHKO moves are banned
|rule|Evasion Items Clause: Evasion items are banned
|rule|Evasion Moves Clause: Evasion moves are banned
|rule|Evasion Abilities Clause: Evasion abilities are banned
|rule|Sleep Moves Clause: Sleep-inducing moves are banned
|clearpoke
|poke|p1|Pelipper, M|
|poke|p1|Floatzel, M|
|poke|p1|Ogerpon-Wellspring, F|
|poke|p1|Kingambit, F|
|poke|p1|Weezing-Galar, F|
|poke|p1|Raging Bolt|
|poke|p2|Shaymin|
|poke|p2|Florges-Blue, F|
|poke|p2|Froslass, F|
|poke|p2|Staraptor, M|
|poke|p2|Arcanine, F|
|poke|p2|Scizor, F|
|teampreview
|
|t:|1757843351
|teamsize|p1|6
|teamsize|p2|6
|start
|switch|p1a: Pelipper|Pelipper, M|100/100
|switch|p2a: Froslass|Froslass, F, shiny|100/100
|-weather|RainDance|[from] ability: Drizzle|[of] p1a: Pelipper
|turn|1
|
|t:|1757843400
|move|p2a: Froslass|Spikes|p1a: Pelipper
|-sidestart|p1: usurper9!!|Spikes
|move|p1a: Pelipper|U-turn|p2a: Froslass
|-resisted|p2a: Froslass
|-damage|p2a: Froslass|93/100
|
|t:|1757843405
|switch|p1a: Floatzel|Floatzel, M|100/100|[from] U-turn
|-damage|p1a: Floatzel|88/100|[from] Spikes
|
|-weather|RainDance|[upkeep]
|upkeep
|turn|2
|
|t:|1757843429
|move|p1a: Floatzel|Flip Turn|p2a: Froslass
|-damage|p2a: Froslass|0 fnt
|-start|p1a: Floatzel|Disable|Flip Turn|[from] ability: Cursed Body|[of] p2a: Froslass
|faint|p2a: Froslass
|-damage|p1a: Floatzel|78/100|[from] item: Life Orb
|
|t:|1757843445
|switch|p1a: Raging Bolt|Raging Bolt|100/100|[from] Flip Turn
|-damage|p1a: Raging Bolt|88/100|[from] Spikes
|-enditem|p1a: Raging Bolt|Booster Energy
|-activate|p1a: Raging Bolt|ability: Protosynthesis|[fromitem]
|-start|p1a: Raging Bolt|protosynthesisspa
|
|-weather|RainDance|[upkeep]
|upkeep
|
|t:|1757843464
|switch|p2a: Shaymin|Shaymin, shiny|100/100
|turn|3
|
|t:|1757843471
|move|p2a: Shaymin|Earth Power|p1a: Raging Bolt
|-supereffective|p1a: Raging Bolt
|-damage|p1a: Raging Bolt|22/100
|move|p1a: Raging Bolt|Draco Meteor|p2a: Shaymin
|-crit|p2a: Shaymin
|-damage|p2a: Shaymin|0 fnt
|-unboost|p1a: Raging Bolt|spa|2
|faint|p2a: Shaymin
|
|-weather|RainDance|[upkeep]
|upkeep
|
|t:|1757843479
|switch|p2a: Florges|Florges-Blue, F, shiny|100/100
|turn|4
|
|t:|1757843487
|move|p1a: Raging Bolt|Thunder|p2a: Florges
|-damage|p2a: Florges|80/100
|move|p2a: Florges|Moonblast|p1a: Raging Bolt
|-supereffective|p1a: Raging Bolt
|-damage|p1a: Raging Bolt|0 fnt
|faint|p1a: Raging Bolt
|-end|p1a: Raging Bolt|Protosynthesis|[silent]
|
|-weather|RainDance|[upkeep]
|upkeep
|
|t:|1757843498
|switch|p1a: Weezing|Weezing-Galar, F|100/100
|-ability|p1a: Weezing|Neutralizing Gas
|-item|p1a: Weezing|Air Balloon
|turn|5
|
|t:|1757843513
|-terastallize|p2a: Florges|Steel
|move|p2a: Florges|Tera Blast|p1a: Weezing|[anim] Tera Blast Steel
|-supereffective|p1a: Weezing
|-damage|p1a: Weezing|0 fnt
|-enditem|p1a: Weezing|Air Balloon
|faint|p1a: Weezing
|-end|p1a: Weezing|ability: Neutralizing Gas
|
|-weather|RainDance|[upkeep]
|upkeep
|
|t:|1757843524
|switch|p1a: Ogerpon|Ogerpon-Wellspring, F|100/100
|-damage|p1a: Ogerpon|88/100|[from] Spikes
|turn|6
|
|t:|1757843543
|move|p1a: Ogerpon|Superpower|p2a: Florges
|-supereffective|p2a: Florges
|-damage|p2a: Florges|0 fnt
|-unboost|p1a: Ogerpon|atk|1
|-unboost|p1a: Ogerpon|def|1
|faint|p2a: Florges
|
|-weather|RainDance|[upkeep]
|upkeep
|
|t:|1757843555
|switch|p2a: Staraptor|Staraptor, M, shiny|100/100
|turn|7
|
|t:|1757843559
|move|p2a: Staraptor|Brave Bird|p1a: Ogerpon
|-supereffective|p1a: Ogerpon
|-damage|p1a: Ogerpon|0 fnt
|faint|p1a: Ogerpon
|-damage|p2a: Staraptor|73/100|[from] Recoil
|
|-weather|RainDance|[upkeep]
|upkeep
|
|t:|1757843569
|switch|p1a: Floatzel|Floatzel, M|78/100
|-damage|p1a: Floatzel|66/100|[from] Spikes
|turn|8
|
|t:|1757843584
|move|p1a: Floatzel|Flip Turn|p2a: Staraptor
|-damage|p2a: Staraptor|0 fnt
|faint|p2a: Staraptor
|-damage|p1a: Floatzel|56/100|[from] item: Life Orb
|
|t:|1757843590
|switch|p1a: Pelipper|Pelipper, M|100/100|[from] Flip Turn
|
|-weather|none
|upkeep
|l|☆imn3ws0rry
|player|p2|
|-message|usurper9!! forfeited.
|
|win|imn3ws0rry
|raw|usurper9!!'s rating: 1119 &rarr; <strong>1091</strong><br />(-28 for losing)
|raw|imn3ws0rry's rating: 1071 &rarr; <strong>1104</strong><br />(+33 for winning)
|l|☆usurper9!!
|player|p1|
