|j|☆frozen shogun
|j|☆eviolitenumel
|t:|1757869486
|gametype|singles
|player|p1|frozen shogun|wallace|1286
|player|p2|eviolitenumel|pokefanf-gen2|1286
|gen|9
|tier|[Gen 9] OU
|rated|
|rule|HP Percentage Mod: HP is shown in percentages
|rule|Endless Battle Clause: Forcing endless battles is banned
|rule|Species Clause: Limit one of each Pokémon
|rule|OHKO Clause: OHKO moves are banned
|rule|Evasion Items Clause: Evasion items are banned
|rule|Evasion Moves Clause: Evasion moves are banned
|rule|Evasion Abilities Clause: Evasion abilities are banned
|rule|Sleep Moves Clause: Sleep-inducing moves are banned
|clearpoke
|poke|p1|Victreebel, M|
|poke|p1|Torkoal, M|
|poke|p1|Ninetales, M|
|poke|p1|Thundurus-Therian, M|
|poke|p1|Cinderace, M|
|poke|p1|Walking Wake|
|poke|p2|Mamoswine, M|
|poke|p2|Weezing-Galar, M|
|poke|p2|Clodsire, M|
|poke|p2|Muk-Alola, M|
|poke|p2|Garchomp, F|
|poke|p2|Quagsire, F|
|teampreview
|inactive|Battle timer is ON: inactive players will automatically lose when time's up. (requested by eviolitenumel)
|
|t:|1757869498
|teamsize|p1|6
|teamsize|p2|6
|start
|switch|p1a: Torkoal|Torkoal, M|100/100
|switch|p2a: Quagsire|Quagsire, F|100/100
|-weather|SunnyDay|[from] ability: Drought|[of] p1a: Torkoal
|turn|1
|
|t:|1757869505
|move|p2a: Quagsire|Stealth Rock|p1a: Torkoal
|-sidestart|p1: frozen shogun|move: Stealth Rock
|move|p1a: Torkoal|Stealth Rock|p2a: Quagsire
|-sidestart|p2: eviolitenumel|move: Stealth Rock
|
|-weather|SunnyDay|[upkeep]
|upkeep
|turn|2
|
|t:|1757869512
|move|p2a: Quagsire|Toxic|p1a: Torkoal
|-status|p1a: Torkoal|tox
|move|p1a: Torkoal|Rapid Spin|p2a: Quagsire
|-damage|p2a: Quagsire|93/100
|-boost|p1a: Torkoal|spe|1
|-damage|p1a: Torkoal|84/100 tox|[from] item: Rocky Helmet|[of] p2a: Quagsire
|-sideend|p1: frozen shogun|Stealth Rock|[from] move: Rapid Spin|[of] p1a: Torkoal
|
|-weather|SunnyDay|[upkeep]
|-damage|p1a: Torkoal|78/100 tox|[from] psn
|upkeep
|turn|3
|
|t:|1757869522
|switch|p1a: Victreebel|Victreebel, M|100/100
|move|p2a: Quagsire|Stealth Rock|p1a: Victreebel
|-sidestart|p1: frozen shogun|move: Stealth Rock
|
|-weather|SunnyDay|[upkeep]
|upkeep
|turn|4
|
|t:|1757869530
|switch|p2a: Garchomp|Garchomp, F|100/100
|-damage|p2a: Garchomp|94/100|[from] Stealth Rock
|move|p1a: Victreebel|Bullet Seed|p2a: Garchomp
|-damage|p2a: Garchomp|86/100
|-damage|p2a: Garchomp|79/100
|-damage|p2a: Garchomp|72/100
|-damage|p2a: Garchomp|65/100
|-hitcount|p2a: Garchomp|4
|
|-weather|SunnyDay|[upkeep]
|upkeep
|turn|5
|
|t:|1757869551
|move|p1a: Victreebel|Swords Dance|p1a: Victreebel
|-boost|p1a: Victreebel|atk|2
|move|p2a: Garchomp|Spikes|p1a: Victreebel
|-sidestart|p1: frozen shogun|Spikes
|
|-weather|none
|upkeep
|turn|6
|
|t:|1757869559
|move|p1a: Victreebel|Bullet Seed|p2a: Garchomp
|-damage|p2a: Garchomp|50/100
|-damage|p2a: Garchomp|36/100
|-damage|p2a: Garchomp|21/100
|-damage|p2a: Garchomp|7/100
|-hitcount|p2a: Garchomp|4
|move|p2a: Garchomp|Dragon Tail|p1a: Victreebel|[miss]
|-miss|p2a: Garchomp|p1a: Victreebel
|
|upkeep
|turn|7
|
|t:|1757869578
|move|p1a: Victreebel|Bullet Seed|p2a: Garchomp
|-damage|p2a: Garchomp|0 fnt
|faint|p2a: Garchomp
|-hitcount|p2: Garchomp|1
|
|upkeep
|
|t:|1757869584
|switch|p2a: Weezing|Weezing-Galar, M|100/100
|-ability|p2a: Weezing|Neutralizing Gas
|-damage|p2a: Weezing|88/100|[from] Stealth Rock
|turn|8
|
|t:|1757869589
|move|p1a: Victreebel|Poison Jab|p2a: Weezing
|-damage|p2a: Weezing|34/100
|move|p2a: Weezing|Will-O-Wisp|p1a: Victreebel|[miss]
|-miss|p2a: Weezing|p1a: Victreebel
|
|-heal|p2a: Weezing|40/100|[from] item: Leftovers
|upkeep
|turn|9
|
|t:|1757869599
|move|p1a: Victreebel|Poison Jab|p2a: Weezing
|-damage|p2a: Weezing|0 fnt
|faint|p2a: Weezing
|-end|p2a: Weezing|ability: Neutralizing Gas
|
|upkeep
|
|t:|1757869606
|switch|p2a: Quagsire|Quagsire, F|93/100
|-damage|p2a: Quagsire|87/100|[from] Stealth Rock
|turn|10
|-message|eviolitenumel forfeited.
|
|win|frozen shogun
|raw|frozen shogun's rating: 1286 &rarr; <strong>1311</strong><br />(+25 for winning)
|raw|eviolitenumel's rating: 1286 &rarr; <strong>1261</strong><br />(-25 for losing)
|l|☆eviolitenumel
|player|p2|
|l|☆frozen shogun
|player|p1|
