|j|☆tomatoparis
|j|☆DoctorOrion
|t:|1757938669
|gametype|singles
|player|p1|tomatoparis|265|1402
|player|p2|DoctorOrion|fisherman-gen4|1388
|gen|9
|tier|[Gen 9] OU
|rated|
|rule|HP Percentage Mod: HP is shown in percentages
|rule|Endless Battle Clause: Forcing endless battles is banned
|rule|Species Clause: Limit one of each Pokémon
|rule|OHKO Clause: OHKO moves are banned
|rule|Evasion Items Clause: Evasion items are banned
|rule|Evasion Moves Clause: Evasion moves are banned
|rule|Evasion Abilities Clause: Evasion abilities are banned
|rule|Sleep Moves Clause: Sleep-inducing moves are banned
|clearpoke
|poke|p1|Pelipper, F|
|poke|p1|Zamazenta-*|
|poke|p1|Kingdra, M|
|poke|p1|Barraskewda, M|
|poke|p1|Dondozo, F|
|poke|p1|Weezing-Galar, F|
|poke|p2|Kyurem|
|poke|p2|Ting-Lu|
|poke|p2|Corviknight, M|
|poke|p2|Weezing-Galar, M|
|poke|p2|Zamazenta-*|
|poke|p2|Toxapex, M|
|teampreview
|j| Pokejay03
|
|t:|1757938689
|teamsize|p1|6
|teamsize|p2|6
|start
|switch|p1a: Weezing|Weezing-Galar, F|100/100
|switch|p2a: Weezing|Weezing-Galar, M, shiny|100/100
|-ability|p1a: Weezing|Neutralizing Gas
|-ability|p2a: Weezing|Neutralizing Gas
|-item|p1a: Weezing|Air Balloon
|turn|1
|
|t:|1757938697
|move|p1a: Weezing|Will-O-Wisp|p2a: Weezing
|-status|p2a: Weezing|brn
|move|p2a: Weezing|Strange Steam|p1a: Weezing
|-resisted|p1a: Weezing
|-damage|p1a: Weezing|89/100
|-start|p1a: Weezing|confusion
|-enditem|p1a: Weezing|Air Balloon
|
|-damage|p2a: Weezing|94/100 brn|[from] brn
|upkeep
|turn|2
|
|t:|1757938707
|switch|p2a: Landopex|Toxapex, M, shiny|100/100
|-activate|p1a: Weezing|confusion
|move|p1a: Weezing|Strange Steam|p2a: Landopex
|-resisted|p2a: Landopex
|-damage|p2a: Landopex|93/100
|-start|p2a: Landopex|confusion
|
|upkeep
|turn|3
|
|t:|1757938714
|-activate|p1a: Weezing|confusion
|move|p1a: Weezing|Will-O-Wisp|p2a: Landopex
|-status|p2a: Landopex|brn
|-activate|p2a: Landopex|confusion
|-damage|p2a: Landopex|88/100 brn|[from] confusion
|
|-damage|p2a: Landopex|82/100 brn|[from] brn
|upkeep
|turn|4
|
|t:|1757938719
|-end|p1a: Weezing|ability: Neutralizing Gas
|switch|p1a: Pelipper|Pelipper, F|100/100
|-weather|RainDance|[from] ability: Drizzle|[of] p1a: Pelipper
|-activate|p2a: Landopex|confusion
|move|p2a: Landopex|Sludge Bomb|p1a: Pelipper
|-damage|p1a: Pelipper|58/100
|
|-weather|RainDance|[upkeep]
|-damage|p2a: Landopex|76/100 brn|[from] brn
|upkeep
|turn|5
|
|t:|1757938726
|switch|p1a: Weezing|Weezing-Galar, F|89/100
|-ability|p1a: Weezing|Neutralizing Gas
|-activate|p2a: Landopex|confusion
|move|p2a: Landopex|Acid Spray|p1a: Weezing
|-damage|p1a: Weezing|76/100
|-unboost|p1a: Weezing|spd|2
|
|-weather|RainDance|[upkeep]
|-damage|p2a: Landopex|70/100 brn|[from] brn
|upkeep
|turn|6
|
|t:|1757938732
|-end|p1a: Weezing|ability: Neutralizing Gas
|switch|p1a: Zamazenta|Zamazenta|100/100
|-ability|p1a: Zamazenta|Dauntless Shield|boost
|-boost|p1a: Zamazenta|def|1
|-end|p2a: Landopex|confusion
|move|p2a: Landopex|Sludge Bomb|p1a: Zamazenta
|-damage|p1a: Zamazenta|75/100
|
|-weather|RainDance|[upkeep]
|-damage|p2a: Landopex|65/100 brn|[from] brn
|upkeep
|turn|7
|
|t:|1757938738
|switch|p2a: Corviknight|Corviknight, M, shiny|100/100
|-ability|p2a: Corviknight|Pressure
|move|p1a: Zamazenta|Psychic Fangs|p2a: Corviknight
|-resisted|p2a: Corviknight
|-damage|p2a: Corviknight|88/100
|-damage|p1a: Zamazenta|59/100|[from] item: Rocky Helmet|[of] p2a: Corviknight
|
|-weather|RainDance|[upkeep]
|upkeep
|turn|8
|
|t:|1757938741
|switch|p1a: Kingdra|Kingdra, M|100/100
|move|p2a: Corviknight|U-turn|p1a: Kingdra
|-damage|p1a: Kingdra|83/100
|
|t:|1757938750
|switch|p2a: Landopex|Toxapex, M, shiny|98/100 brn|[from] U-turn
|
|-weather|RainDance|[upkeep]
|-damage|p2a: Landopex|92/100 brn|[from] brn
|upkeep
|turn|9
|
|t:|1757938756
|-terastallize|p1a: Kingdra|Stellar
|move|p1a: Kingdra|Surf|p2a: Landopex
|-resisted|p2a: Landopex
|-damage|p2a: Landopex|62/100 brn
|-damage|p1a: Kingdra|73/100|[from] item: Life Orb
|move|p2a: Landopex|Sludge Bomb|p1a: Kingdra
|-damage|p1a: Kingdra|36/100
|
|-weather|RainDance|[upkeep]
|-damage|p2a: Landopex|56/100 brn|[from] brn
|upkeep
|turn|10
|
|t:|1757938769
|move|p1a: Kingdra|Draco Meteor|p2a: Landopex
|-damage|p2a: Landopex|0 fnt
|-unboost|p1a: Kingdra|spa|2
|faint|p2a: Landopex
|-damage|p1a: Kingdra|26/100|[from] item: Life Orb
|
|-weather|RainDance|[upkeep]
|upkeep
|
|t:|1757938777
|switch|p2a: Kyurem|Kyurem, shiny|100/100
|-ability|p2a: Kyurem|Pressure
|turn|11
|
|t:|1757938783
|switch|p1a: Zamazenta|Zamazenta|59/100
|move|p2a: Kyurem|Protect||[still]
|-fail|p2a: Kyurem
|
|-weather|none
|upkeep
|turn|12
|
|t:|1757938790
|switch|p2a: Corviknight|Corviknight, M, shiny|88/100
|-ability|p2a: Corviknight|Pressure
|move|p1a: Zamazenta|Close Combat|p2a: Corviknight
|-damage|p2a: Corviknight|33/100
|-unboost|p1a: Zamazenta|def|1
|-unboost|p1a: Zamazenta|spd|1
|-damage|p1a: Zamazenta|42/100|[from] item: Rocky Helmet|[of] p2a: Corviknight
|
|upkeep
|turn|13
|
|t:|1757938799
|switch|p2a: Weezing|Weezing-Galar, M, shiny|94/100 brn
|-ability|p2a: Weezing|Neutralizing Gas
|move|p1a: Zamazenta|Close Combat|p2a: Weezing
|-resisted|p2a: Weezing
|-damage|p2a: Weezing|79/100 brn
|-unboost|p1a: Zamazenta|def|1
|-unboost|p1a: Zamazenta|spd|1
|
|-damage|p2a: Weezing|73/100 brn|[from] brn
|upkeep
|turn|14
|
|t:|1757938808
|switch|p1a: Pelipper|Pelipper, F|58/100
|-end|p2a: Weezing|ability: Neutralizing Gas
|-weather|RainDance|[from] ability: Drizzle|[of] p1a: Pelipper
|switch|p2a: Kyurem|Kyurem, shiny|100/100
|-ability|p2a: Kyurem|Pressure
|
|-weather|RainDance|[upkeep]
|upkeep
|turn|15
|
|t:|1757938813
|switch|p1a: Weezing|Weezing-Galar, F|76/100
|-ability|p1a: Weezing|Neutralizing Gas
|move|p2a: Kyurem|Substitute|p2a: Kyurem
|-start|p2a: Kyurem|Substitute
|-damage|p2a: Kyurem|76/100
|
|-weather|RainDance|[upkeep]
|-heal|p2a: Kyurem|82/100|[from] item: Leftovers
|upkeep
|turn|16
|
|t:|1757938819
|move|p2a: Kyurem|Earth Power|p1a: Weezing
|-supereffective|p1a: Weezing
|-damage|p1a: Weezing|19/100
|move|p1a: Weezing|Strange Steam|p2a: Kyurem
|-supereffective|p2a: Kyurem
|-end|p2a: Kyurem|Substitute
|
|-weather|RainDance|[upkeep]
|-heal|p2a: Kyurem|88/100|[from] item: Leftovers
|upkeep
|turn|17
|
|t:|1757938828
|move|p2a: Kyurem|Freeze-Dry|p1a: Weezing
|-damage|p1a: Weezing|0 fnt
|faint|p1a: Weezing
|-end|p1a: Weezing|ability: Neutralizing Gas
|-ability|p2a: Kyurem|Pressure
|
|-weather|RainDance|[upkeep]
|-heal|p2a: Kyurem|94/100|[from] item: Leftovers
|upkeep
|
|t:|1757938831
|switch|p1a: Zamazenta|Zamazenta|42/100
|turn|18
|
|t:|1757938835
|switch|p2a: Weezing|Weezing-Galar, M, shiny|73/100 brn
|-ability|p2a: Weezing|Neutralizing Gas
|move|p1a: Zamazenta|Close Combat|p2a: Weezing
|-resisted|p2a: Weezing
|-damage|p2a: Weezing|59/100 brn
|-unboost|p1a: Zamazenta|def|1
|-unboost|p1a: Zamazenta|spd|1
|
|-weather|RainDance|[upkeep]
|-damage|p2a: Weezing|53/100 brn|[from] brn
|upkeep
|turn|19
|
|t:|1757938839
|switch|p1a: Kingdra|Kingdra, M, tera:Stellar|26/100
|move|p2a: Weezing|Pain Split|p1a: Kingdra
|-sethp|p1a: Kingdra|43/100|[from] move: Pain Split|[silent]
|-sethp|p2a: Weezing|38/100 brn|[from] move: Pain Split
|
|-weather|RainDance|[upkeep]
|-damage|p2a: Weezing|32/100 brn|[from] brn
|upkeep
|turn|20
|
|t:|1757938846
|move|p1a: Kingdra|Surf|p2a: Weezing
|-damage|p2a: Weezing|0 fnt
|faint|p2a: Weezing
|-end|p2a: Weezing|ability: Neutralizing Gas
|-damage|p1a: Kingdra|33/100|[from] item: Life Orb
|
|-weather|RainDance|[upkeep]
|upkeep
|
|t:|1757938852
|switch|p2a: Kyurem|Kyurem, shiny|94/100
|-ability|p2a: Kyurem|Pressure
|turn|21
|
|t:|1757938856
|switch|p2a: Corviknight|Corviknight, M, shiny|33/100
|-ability|p2a: Corviknight|Pressure
|move|p1a: Kingdra|Draco Meteor|p2a: Corviknight
|-resisted|p2a: Corviknight
|-damage|p2a: Corviknight|0 fnt
|-unboost|p1a: Kingdra|spa|2
|faint|p2a: Corviknight
|-damage|p1a: Kingdra|23/100|[from] item: Life Orb
|
|-weather|none
|upkeep
|
|t:|1757938859
|switch|p2a: Kyurem|Kyurem, shiny|94/100
|-ability|p2a: Kyurem|Pressure
|turn|22
|
|t:|1757938872
|switch|p1a: Zamazenta|Zamazenta|42/100
|move|p2a: Kyurem|Substitute|p2a: Kyurem
|-start|p2a: Kyurem|Substitute
|-damage|p2a: Kyurem|69/100
|
|-heal|p2a: Kyurem|75/100|[from] item: Leftovers
|upkeep
|turn|23
|
|t:|1757938881
|move|p1a: Zamazenta|Close Combat|p2a: Kyurem
|-supereffective|p2a: Kyurem
|-end|p2a: Kyurem|Substitute
|-unboost|p1a: Zamazenta|def|1
|-unboost|p1a: Zamazenta|spd|1
|move|p2a: Kyurem|Freeze-Dry|p1a: Zamazenta
|-crit|p1a: Zamazenta
|-damage|p1a: Zamazenta|0 fnt
|faint|p1a: Zamazenta
|
|-heal|p2a: Kyurem|81/100|[from] item: Leftovers
|upkeep
|
|t:|1757938884
|switch|p1a: Barraskewda|Barraskewda, M|100/100
|turn|24
|
|t:|1757938891
|switch|p2a: Zamazenta|Zamazenta|100/100
|-ability|p2a: Zamazenta|Dauntless Shield|boost
|-boost|p2a: Zamazenta|def|1
|move|p1a: Barraskewda|Close Combat|p2a: Zamazenta
|-damage|p2a: Zamazenta|62/100
|-unboost|p1a: Barraskewda|def|1
|-unboost|p1a: Barraskewda|spd|1
|
|upkeep
|turn|25
|
|t:|1757938898
|switch|p1a: Pelipper|Pelipper, F|58/100
|-weather|RainDance|[from] ability: Drizzle|[of] p1a: Pelipper
|move|p2a: Zamazenta|Close Combat|p1a: Pelipper
|-resisted|p1a: Pelipper
|-damage|p1a: Pelipper|22/100
|-unboost|p2a: Zamazenta|def|1
|-unboost|p2a: Zamazenta|spd|1
|
|-weather|RainDance|[upkeep]
|upkeep
|turn|26
|
|t:|1757938902
|switch|p1a: Dondozo|Dondozo, F|100/100
|move|p2a: Zamazenta|Close Combat|p1a: Dondozo
|-damage|p1a: Dondozo|63/100
|-unboost|p2a: Zamazenta|def|1
|-unboost|p2a: Zamazenta|spd|1
|-damage|p2a: Zamazenta|46/100|[from] item: Rocky Helmet|[of] p1a: Dondozo
|
|-weather|RainDance|[upkeep]
|upkeep
|turn|27
|
|t:|1757938905
|move|p2a: Zamazenta|Close Combat|p1a: Dondozo
|-crit|p1a: Dondozo
|-damage|p1a: Dondozo|5/100
|-unboost|p2a: Zamazenta|def|1
|-unboost|p2a: Zamazenta|spd|1
|-damage|p2a: Zamazenta|29/100|[from] item: Rocky Helmet|[of] p1a: Dondozo
|move|p1a: Dondozo|Wave Crash|p2a: Zamazenta
|-damage|p2a: Zamazenta|0 fnt
|faint|p2a: Zamazenta
|-damage|p1a: Dondozo|0 fnt|[from] Recoil
|faint|p1a: Dondozo
|
|-weather|RainDance|[upkeep]
|upkeep
|
|t:|1757938910
|switch|p2a: Ting-Lu|Ting-Lu|100/100
|switch|p1a: Barraskewda|Barraskewda, M|100/100
|-ability|p2a: Ting-Lu|Vessel of Ruin
|turn|28
|
|t:|1757938917
|move|p1a: Barraskewda|Waterfall|p2a: Ting-Lu
|-supereffective|p2a: Ting-Lu
|-crit|p2a: Ting-Lu
|-damage|p2a: Ting-Lu|0 fnt
|faint|p2a: Ting-Lu
|
|-weather|RainDance|[upkeep]
|upkeep
|
|t:|1757938920
|switch|p2a: Kyurem|Kyurem, shiny|81/100
|-ability|p2a: Kyurem|Pressure
|turn|29
|
|t:|1757938927
|move|p2a: Kyurem|Protect|p2a: Kyurem
|-singleturn|p2a: Kyurem|Protect
|move|p1a: Barraskewda|Waterfall|p2a: Kyurem
|-activate|p2a: Kyurem|move: Protect
|
|-weather|RainDance|[upkeep]
|-heal|p2a: Kyurem|88/100|[from] item: Leftovers
|upkeep
|turn|30
|
|t:|1757938931
|move|p1a: Barraskewda|Waterfall|p2a: Kyurem
|-resisted|p2a: Kyurem
|-damage|p2a: Kyurem|45/100
|cant|p2a: Kyurem|flinch
|
|-weather|RainDance|[upkeep]
|-heal|p2a: Kyurem|51/100|[from] item: Leftovers
|upkeep
|turn|31
|
|t:|1757938936
|move|p2a: Kyurem|Protect|p2a: Kyurem
|-singleturn|p2a: Kyurem|Protect
|move|p1a: Barraskewda|Waterfall|p2a: Kyurem
|-activate|p2a: Kyurem|move: Protect
|
|-weather|RainDance|[upkeep]
|-heal|p2a: Kyurem|57/100|[from] item: Leftovers
|upkeep
|turn|32
|
|t:|1757938962
|move|p2a: Kyurem|Protect||[still]
|-fail|p2a: Kyurem
|move|p1a: Barraskewda|Waterfall|p2a: Kyurem
|-resisted|p2a: Kyurem
|-damage|p2a: Kyurem|8/100
|
|-weather|none
|-heal|p2a: Kyurem|14/100|[from] item: Leftovers
|upkeep
|turn|33
|
|t:|1757938967
|move|p1a: Barraskewda|Waterfall|p2a: Kyurem
|-resisted|p2a: Kyurem
|-damage|p2a: Kyurem|0 fnt
|faint|p2a: Kyurem
|
|win|tomatoparis
|raw|tomatoparis's rating: 1402 &rarr; <strong>1421</strong><br />(+19 for winning)
|raw|DoctorOrion's rating: 1388 &rarr; <strong>1369</strong><br />(-19 for losing)
|l|☆tomatoparis
|player|p1|
|l| Pokejay03
|l|☆DoctorOrion
|player|p2|
