|inactive|Battle timer is ON: inactive players will automatically lose when time's up.
|t:|1757870187
|gametype|singles
|player|p1|leng loi|#splxviclassiest2|
|player|p2|SupaGmoney|#wcop2024ussouth|
|gen|9
|tier|[Gen 9] OU
|rule|HP Percentage Mod: HP is shown in percentages
|rule|Endless Battle Clause: Forcing endless battles is banned
|rule|Species Clause: Limit one of each Pokémon
|rule|OHKO Clause: OHKO moves are banned
|rule|Evasion Items Clause: Evasion items are banned
|rule|Evasion Moves Clause: Evasion moves are banned
|rule|Evasion Abilities Clause: Evasion abilities are banned
|rule|Sleep Moves Clause: Sleep-inducing moves are banned
|clearpoke
|poke|p1|Kyurem|
|poke|p1|Cinderace, M|
|poke|p1|Landorus-Therian, M|
|poke|p1|Alomomola, F|
|poke|p1|Dragapult, F|
|poke|p1|Kingambit, F|
|poke|p2|Meowscarada, F|
|poke|p2|Great Tusk|
|poke|p2|Ting-Lu|
|poke|p2|Iron Crown|
|poke|p2|Pecharunt|
|poke|p2|Ogerpon-Wellspring, F|
|teampreview
|c|☆leng loi|hf
|c|☆SupaGmoney|u2
|inactive|leng loi has 270 seconds left.
|inactive|SupaGmoney has 270 seconds left.
|inactive|leng loi has 240 seconds left.
|inactive|SupaGmoney has 240 seconds left.
|inactive|leng loi has 210 seconds left.
|inactive|SupaGmoney has 210 seconds left.
|
|t:|1757870302
|teamsize|p1|6
|teamsize|p2|6
|start
|switch|p1a: Eminence|Landorus-Therian, M|100/100
|switch|p2a: Meowscarada|Meowscarada, F|100/100
|-ability|p1a: Eminence|Intimidate|boost
|-unboost|p2a: Meowscarada|atk|1
|turn|1
|inactive|leng loi has 240 seconds left.
|inactive|SupaGmoney has 240 seconds left.
|inactive|leng loi has 210 seconds left.
|inactive|SupaGmoney has 210 seconds left.
|inactive|leng loi has 180 seconds left.
|
|t:|1757870388
|switch|p1a: Chirurgeon|Alomomola, F|100/100
|move|p2a: Meowscarada|Triple Axel|p1a: Chirurgeon
|-start|p2a: Meowscarada|typechange|Ice|[from] ability: Protean
|-resisted|p1a: Chirurgeon
|-damage|p1a: Chirurgeon|99/100
|-resisted|p1a: Chirurgeon
|-damage|p1a: Chirurgeon|95/100
|-resisted|p1a: Chirurgeon
|-damage|p1a: Chirurgeon|89/100
|-hitcount|p1a: Chirurgeon|3
|
|upkeep
|turn|2
|
|t:|1757870395
|switch|p1a: Smolder|Cinderace, M|100/100
|move|p2a: Meowscarada|Triple Axel|p1a: Smolder
|-resisted|p1a: Smolder
|-damage|p1a: Smolder|96/100
|-resisted|p1a: Smolder
|-damage|p1a: Smolder|88/100
|-resisted|p1a: Smolder
|-damage|p1a: Smolder|74/100
|-hitcount|p1a: Smolder|3
|
|upkeep
|turn|3
|inactive|SupaGmoney has 210 seconds left.
|
|t:|1757870401
|switch|p2a: Great Tusk|Great Tusk|100/100
|move|p1a: Smolder|U-turn|p2a: Great Tusk
|-start|p1a: Smolder|typechange|Bug|[from] ability: Libero
|-resisted|p2a: Great Tusk
|-damage|p2a: Great Tusk|92/100
|-damage|p1a: Smolder|57/100|[from] item: Rocky Helmet|[of] p2a: Great Tusk
|
|t:|1757870404
|switch|p1a: Null|Kyurem|100/100|[from] U-turn
|-ability|p1a: Null|Pressure
|
|upkeep
|turn|4
|inactive|SupaGmoney has 210 seconds left.
|
|t:|1757870442
|-end|p2a: Great Tusk|Protosynthesis|[silent]
|switch|p2a: Iron Crown|Iron Crown|100/100
|move|p1a: Null|Earth Power|p2a: Iron Crown
|-supereffective|p2a: Iron Crown
|-damage|p2a: Iron Crown|60/100
|
|upkeep
|turn|5
|
|t:|1757870457
|switch|p1a: Eminence|Landorus-Therian, M|100/100
|-ability|p1a: Eminence|Intimidate|boost
|-unboost|p2a: Iron Crown|atk|1
|move|p2a: Iron Crown|Future Sight|p1a: Eminence
|-start|p2a: Iron Crown|move: Future Sight
|
|upkeep
|turn|6
|inactive|leng loi has 180 seconds left.
|inactive|SupaGmoney has 180 seconds left.
|
|t:|1757870477
|-end|p2a: Iron Crown|Quark Drive|[silent]
|switch|p2a: Ting-Lu|Ting-Lu|100/100
|-ability|p2a: Ting-Lu|Vessel of Ruin
|move|p1a: Eminence|Grass Knot|p2a: Ting-Lu
|-supereffective|p2a: Ting-Lu
|-damage|p2a: Ting-Lu|74/100
|
|-heal|p2a: Ting-Lu|81/100|[from] item: Leftovers
|upkeep
|turn|7
|inactive|SupaGmoney has 180 seconds left.
|
|t:|1757870493
|switch|p1a: Chirurgeon|Alomomola, F|100/100
|move|p2a: Ting-Lu|Whirlwind|p1a: Chirurgeon
|drag|p1a: Jörmungandr|Dragapult, F|100/100
|
|-end|p1a: Jörmungandr|move: Future Sight
|-damage|p1a: Jörmungandr|35/100
|-heal|p2a: Ting-Lu|87/100|[from] item: Leftovers
|upkeep
|turn|8
|inactive|SupaGmoney has 180 seconds left.
|
|t:|1757870508
|move|p1a: Jörmungandr|U-turn|p2a: Ting-Lu
|-supereffective|p2a: Ting-Lu
|-damage|p2a: Ting-Lu|65/100
|
|t:|1757870513
|switch|p1a: Eminence|Landorus-Therian, M|100/100|[from] U-turn
|-ability|p1a: Eminence|Intimidate|boost
|-unboost|p2a: Ting-Lu|atk|1
|move|p2a: Ting-Lu|Spikes|p1a: Eminence
|-sidestart|p1: leng loi|Spikes
|
|-heal|p2a: Ting-Lu|71/100|[from] item: Leftovers
|upkeep
|turn|9
|
|t:|1757870520
|switch|p2a: Ogerpon|Ogerpon-Wellspring, F|100/100
|move|p1a: Eminence|Grass Knot|p2a: Ogerpon
|-damage|p2a: Ogerpon|86/100
|
|upkeep
|turn|10
|
|t:|1757870529
|switch|p1a: Chirurgeon|Alomomola, F|100/100
|-damage|p1a: Chirurgeon|88/100|[from] Spikes
|move|p2a: Ogerpon|Ivy Cudgel|p1a: Chirurgeon|[anim] Ivy Cudgel Water
|-resisted|p1a: Chirurgeon
|-damage|p1a: Chirurgeon|74/100
|
|upkeep
|turn|11
|
|t:|1757870536
|switch|p1a: Smolder|Cinderace, M|57/100
|move|p2a: Ogerpon|Knock Off|p1a: Smolder
|-damage|p1a: Smolder|10/100
|-enditem|p1a: Smolder|Heavy-Duty Boots|[from] move: Knock Off|[of] p2a: Ogerpon
|
|upkeep
|turn|12
|
|t:|1757870547
|move|p1a: Smolder|Gunk Shot|p2a: Ogerpon
|-start|p1a: Smolder|typechange|Poison|[from] ability: Libero
|-supereffective|p2a: Ogerpon
|-damage|p2a: Ogerpon|0 fnt
|faint|p2a: Ogerpon
|
|upkeep
|
|t:|1757870553
|switch|p2a: Meowscarada|Meowscarada, F|100/100
|turn|13
|inactive|leng loi has 210 seconds left.
|
|t:|1757870568
|switch|p1a: Chirurgeon|Alomomola, F|100/100
|-damage|p1a: Chirurgeon|88/100|[from] Spikes
|move|p2a: Meowscarada|U-turn|p1a: Chirurgeon
|-start|p2a: Meowscarada|typechange|Bug|[from] ability: Protean
|-damage|p1a: Chirurgeon|65/100
|inactive|SupaGmoney has 210 seconds left.
|
|t:|1757870579
|switch|p2a: Ting-Lu|Ting-Lu|71/100|[from] U-turn
|-ability|p2a: Ting-Lu|Vessel of Ruin
|
|-heal|p2a: Ting-Lu|77/100|[from] item: Leftovers
|upkeep
|turn|14
|
|t:|1757870584
|move|p2a: Ting-Lu|Spikes|p1a: Chirurgeon
|-sidestart|p1: leng loi|Spikes
|move|p1a: Chirurgeon|Flip Turn|p2a: Ting-Lu
|-supereffective|p2a: Ting-Lu
|-damage|p2a: Ting-Lu|59/100
|
|t:|1757870588
|switch|p1a: Eminence|Landorus-Therian, M|100/100|[from] Flip Turn
|-ability|p1a: Eminence|Intimidate|boost
|-unboost|p2a: Ting-Lu|atk|1
|
|-heal|p2a: Ting-Lu|65/100|[from] item: Leftovers
|upkeep
|turn|15
|
|t:|1757870599
|switch|p2a: Pecharunt|Pecharunt|100/100
|move|p1a: Eminence|U-turn|p2a: Pecharunt
|-resisted|p2a: Pecharunt
|-damage|p2a: Pecharunt|97/100
|inactive|leng loi has 240 seconds left.
|
|t:|1757870613
|switch|p1a: Null|Kyurem|100/100|[from] U-turn
|-damage|p1a: Null|84/100|[from] Spikes
|-ability|p1a: Null|Pressure
|
|-heal|p1a: Null|90/100|[from] item: Leftovers
|upkeep
|turn|16
|inactive|leng loi has 240 seconds left.
|
|t:|1757870624
|move|p1a: Null|Substitute|p1a: Null
|-start|p1a: Null|Substitute
|-damage|p1a: Null|65/100
|move|p2a: Pecharunt|Malignant Chain|p1a: Null
|-end|p1a: Null|Substitute
|
|-heal|p1a: Null|71/100|[from] item: Leftovers
|upkeep
|turn|17
|inactive|leng loi has 240 seconds left.
|inactive|leng loi has 210 seconds left.
|
|t:|1757870679
|move|p1a: Null|Earth Power|p2a: Pecharunt
|-supereffective|p2a: Pecharunt
|-damage|p2a: Pecharunt|40/100
|move|p2a: Pecharunt|Malignant Chain|p1a: Null
|-crit|p1a: Null
|-damage|p1a: Null|27/100
|
|-heal|p1a: Null|33/100|[from] item: Leftovers
|upkeep
|turn|18
|
|t:|1757870692
|switch|p2a: Iron Crown|Iron Crown|60/100
|move|p1a: Null|Freeze-Dry|p2a: Iron Crown
|-resisted|p2a: Iron Crown
|-damage|p2a: Iron Crown|48/100
|
|-heal|p1a: Null|39/100|[from] item: Leftovers
|upkeep
|turn|19
|
|t:|1757870702
|switch|p1a: Chirurgeon|Alomomola, F|98/100
|-damage|p1a: Chirurgeon|82/100|[from] Spikes
|move|p2a: Iron Crown|Psychic Noise|p1a: Chirurgeon
|-damage|p1a: Chirurgeon|61/100
|-start|p1a: Chirurgeon|move: Heal Block
|
|upkeep
|turn|20
|
|t:|1757870708
|switch|p1a: Eminence|Landorus-Therian, M|100/100
|-ability|p1a: Eminence|Intimidate|boost
|-unboost|p2a: Iron Crown|atk|1
|move|p2a: Iron Crown|Future Sight|p1a: Eminence
|-start|p2a: Iron Crown|move: Future Sight
|
|upkeep
|turn|21
|inactive|leng loi has 180 seconds left.
|inactive|SupaGmoney has 210 seconds left.
|
|t:|1757870748
|-end|p2a: Iron Crown|Quark Drive|[silent]
|switch|p2a: Ting-Lu|Ting-Lu|65/100
|-ability|p2a: Ting-Lu|Vessel of Ruin
|move|p1a: Eminence|Earthquake|p2a: Ting-Lu
|-damage|p2a: Ting-Lu|38/100
|
|-heal|p2a: Ting-Lu|44/100|[from] item: Leftovers
|upkeep
|turn|22
|inactive|leng loi has 180 seconds left.
|inactive|SupaGmoney has 210 seconds left.
|
|t:|1757870757
|switch|p2a: Meowscarada|Meowscarada, F|100/100
|move|p1a: Eminence|Earthquake|p2a: Meowscarada
|-resisted|p2a: Meowscarada
|-damage|p2a: Meowscarada|60/100
|
|-end|p1a: Eminence|move: Future Sight
|-damage|p1a: Eminence|21/100
|upkeep
|turn|23
|
|t:|1757870766
|switch|p1a: Chirurgeon|Alomomola, F|95/100
|-damage|p1a: Chirurgeon|78/100|[from] Spikes
|move|p2a: Meowscarada|Knock Off|p1a: Chirurgeon
|-start|p2a: Meowscarada|typechange|Dark|[from] ability: Protean
|-damage|p1a: Chirurgeon|51/100
|-enditem|p1a: Chirurgeon|Assault Vest|[from] move: Knock Off|[of] p2a: Meowscarada
|
|upkeep
|turn|24
|
|t:|1757870780
|switch|p2a: Iron Crown|Iron Crown|48/100
|move|p1a: Chirurgeon|Healing Wish|p1a: Chirurgeon
|faint|p1a: Chirurgeon
|
|upkeep
|
|t:|1757870782
|switch|p1a: Smolder|Cinderace, M|10/100
|-heal|p1a: Smolder|100/100|[from] move: Healing Wish
|-damage|p1a: Smolder|84/100|[from] Spikes
|turn|25
|inactive|leng loi has 180 seconds left.
|inactive|SupaGmoney has 210 seconds left.
|inactive|leng loi has 150 seconds left.
|inactive|SupaGmoney has 180 seconds left.
|inactive|SupaGmoney has 150 seconds left.
|
|t:|1757870872
|-end|p2a: Iron Crown|Quark Drive|[silent]
|switch|p2a: Ting-Lu|Ting-Lu|44/100
|-ability|p2a: Ting-Lu|Vessel of Ruin
|move|p1a: Smolder|Court Change|p1a: Smolder
|-start|p1a: Smolder|typechange|Normal|[from] ability: Libero
|-swapsideconditions
|-activate|p1a: Smolder|move: Court Change
|
|-heal|p2a: Ting-Lu|50/100|[from] item: Leftovers
|upkeep
|turn|26
|
|t:|1757870878
|move|p1a: Smolder|U-turn|p2a: Ting-Lu
|-supereffective|p2a: Ting-Lu
|-damage|p2a: Ting-Lu|27/100
|
|t:|1757870880
|switch|p1a: Null|Kyurem|39/100|[from] U-turn
|-ability|p1a: Null|Pressure
|move|p2a: Ting-Lu|Spikes|p1a: Null
|-sidestart|p1: leng loi|Spikes
|
|-heal|p1a: Null|45/100|[from] item: Leftovers
|-heal|p2a: Ting-Lu|33/100|[from] item: Leftovers
|upkeep
|turn|27
|inactive|leng loi has 150 seconds left.
|
|t:|1757870896
|move|p1a: Null|Icicle Spear|p2a: Ting-Lu
|-supereffective|p2a: Ting-Lu
|-damage|p2a: Ting-Lu|20/100
|-supereffective|p2a: Ting-Lu
|-damage|p2a: Ting-Lu|8/100
|-hitcount|p2a: Ting-Lu|2
|move|p2a: Ting-Lu|Whirlwind|p1a: Null
|drag|p1a: Jörmungandr|Dragapult, F|35/100
|-damage|p1a: Jörmungandr|23/100|[from] Spikes
|
|-heal|p2a: Ting-Lu|14/100|[from] item: Leftovers
|upkeep
|turn|28
|inactive|leng loi has 150 seconds left.
|
|t:|1757870905
|move|p1a: Jörmungandr|Dragon Darts|p2a: Ting-Lu
|-damage|p2a: Ting-Lu|1/100
|-anim|p1a: Jörmungandr|Dragon Darts|p2a: Ting-Lu
|-damage|p2a: Ting-Lu|0 fnt
|faint|p2a: Ting-Lu
|
|upkeep
|
|t:|1757870918
|switch|p2a: Meowscarada|Meowscarada, F|60/100
|-damage|p2a: Meowscarada|43/100|[from] Spikes
|turn|29
|inactive|leng loi has 150 seconds left.
|inactive|SupaGmoney has 150 seconds left.
|
|t:|1757870957
|move|p2a: Meowscarada|Knock Off|p1a: Jörmungandr
|-start|p2a: Meowscarada|typechange|Dark|[from] ability: Protean
|-supereffective|p1a: Jörmungandr
|-damage|p1a: Jörmungandr|0 fnt
|-enditem|p1a: Jörmungandr|Spell Tag|[from] move: Knock Off|[of] p2a: Meowscarada
|faint|p1a: Jörmungandr
|
|upkeep
|
|t:|1757870971
|switch|p1a: Smolder|Cinderace, M|84/100
|-damage|p1a: Smolder|72/100|[from] Spikes
|turn|30
|inactive|SupaGmoney has 150 seconds left.
|inactive|leng loi has 120 seconds left.
|inactive|SupaGmoney has 120 seconds left.
|inactive|leng loi has 90 seconds left.
|inactive|SupaGmoney has 90 seconds left.
|
|t:|1757871048
|switch|p2a: Iron Crown|Iron Crown|48/100
|-damage|p2a: Iron Crown|31/100|[from] Spikes
|move|p1a: Smolder|U-turn|p2a: Iron Crown
|-start|p1a: Smolder|typechange|Bug|[from] ability: Libero
|-damage|p2a: Iron Crown|0 fnt
|faint|p2a: Iron Crown
|-end|p2a: Iron Crown|Quark Drive|[silent]
|
|t:|1757871057
|switch|p1a: Eminence|Landorus-Therian, M|21/100|[from] U-turn
|
|upkeep
|inactive|SupaGmoney has 90 seconds left.
|inactive|SupaGmoney has 60 seconds left.
|inactive|SupaGmoney has 30 seconds left.
|inactive|SupaGmoney has 20 seconds left.
|inactive|SupaGmoney has 15 seconds left.
|inactive|SupaGmoney has 10 seconds left.
|inactive|SupaGmoney has 5 seconds left.
|-message|SupaGmoney lost due to inactivity.
|
|win|leng loi
|c|☆SupaGmoney|oops
|c|☆leng loi|oh
|c|☆leng loi|ggs :/
|c|☆SupaGmoney|gg
