|j|☆arcadecarol
|j|☆cMaKelite
|t:|1757940406
|gametype|singles
|player|p1|arcadecarol|rocketgruntf|1111
|player|p2|cMaKelite|lucy|1100
|gen|9
|tier|[Gen 9] OU
|rated|
|rule|HP Percentage Mod: HP is shown in percentages
|rule|Endless Battle Clause: Forcing endless battles is banned
|rule|Species Clause: Limit one of each Pokémon
|rule|OHKO Clause: OHKO moves are banned
|rule|Evasion Items Clause: Evasion items are banned
|rule|Evasion Moves Clause: Evasion moves are banned
|rule|Evasion Abilities Clause: Evasion abilities are banned
|rule|Sleep Moves Clause: Sleep-inducing moves are banned
|clearpoke
|poke|p1|Glaceon, F|
|poke|p1|Ninetales-Alola, F|
|poke|p1|Sneasel-Hisui, F|
|poke|p1|Meowscarada, F|
|poke|p1|Alomomola, F|
|poke|p1|Great Tusk|
|poke|p2|Kingambit, M|
|poke|p2|Sinistcha-Masterpiece|
|poke|p2|Ninetales-Alola, F|
|poke|p2|Gliscor, M|
|poke|p2|Araquanid, F|
|poke|p2|Armarouge, F|
|teampreview
|inactive|Battle timer is ON: inactive players will automatically lose when time's up. (requested by cMaKelite)
|c|☆arcadecarol|Glhf
|
|t:|1757940420
|teamsize|p1|6
|teamsize|p2|6
|start
|switch|p1a: Great Tusk|Great Tusk|100/100
|switch|p2a: Speedray|Araquanid, F|100/100
|turn|1
|
|t:|1757940427
|move|p1a: Great Tusk|Stealth Rock|p2a: Speedray
|-sidestart|p2: cMaKelite|move: Stealth Rock
|move|p2a: Speedray|Stockpile|p2a: Speedray
|-start|p2a: Speedray|stockpile1
|-boost|p2a: Speedray|def|1
|-boost|p2a: Speedray|spd|1
|
|upkeep
|turn|2
|inactive|arcadecarol has 120 seconds left.
|
|t:|1757940464
|-end|p1a: Great Tusk|Protosynthesis|[silent]
|switch|p1a: Sneasel|Sneasel-Hisui, F|100/100
|move|p2a: Speedray|Liquidation|p1a: Sneasel
|-damage|p1a: Sneasel|18/100
|
|upkeep
|turn|3
|inactive|arcadecarol has 120 seconds left.
|
|t:|1757940475
|move|p1a: Sneasel|Fake Out|p2a: Speedray
|-damage|p2a: Speedray|94/100
|cant|p2a: Speedray|flinch
|
|upkeep
|turn|4
|inactive|arcadecarol has 120 seconds left.
|
|t:|1757940481
|move|p1a: Sneasel|Poison Jab|p2a: Speedray
|-damage|p2a: Speedray|74/100
|move|p2a: Speedray|Sticky Web|p1a: Sneasel
|-sidestart|p1: arcadecarol|move: Sticky Web
|
|upkeep
|turn|5
|
|t:|1757940486
|move|p1a: Sneasel|Close Combat|p2a: Speedray
|-resisted|p2a: Speedray
|-damage|p2a: Speedray|57/100
|-unboost|p1a: Sneasel|def|1
|-unboost|p1a: Sneasel|spd|1
|move|p2a: Speedray|Stockpile|p2a: Speedray
|-start|p2a: Speedray|stockpile2
|-boost|p2a: Speedray|def|1
|-boost|p2a: Speedray|spd|1
|
|upkeep
|turn|6
|
|t:|1757940496
|move|p1a: Sneasel|Poison Jab|p2a: Speedray
|-damage|p2a: Speedray|41/100
|move|p2a: Speedray|Chilling Water|p1a: Sneasel
|-damage|p1a: Sneasel|0 fnt
|faint|p1a: Sneasel
|
|upkeep
|
|t:|1757940503
|switch|p1a: Great Tusk|Great Tusk|100/100
|turn|7
|
|t:|1757940507
|move|p1a: Great Tusk|Rapid Spin|p2a: Speedray
|-damage|p2a: Speedray|32/100
|-boost|p1a: Great Tusk|spe|1
|-sideend|p1: arcadecarol|Sticky Web|[from] move: Rapid Spin|[of] p1a: Great Tusk
|move|p2a: Speedray|Chilling Water|p1a: Great Tusk
|-supereffective|p1a: Great Tusk
|-damage|p1a: Great Tusk|44/100
|-unboost|p1a: Great Tusk|atk|1
|
|upkeep
|turn|8
|
|t:|1757940517
|move|p1a: Great Tusk|Knock Off|p2a: Speedray
|-damage|p2a: Speedray|22/100
|-enditem|p2a: Speedray|Custap Berry|[from] move: Knock Off|[of] p1a: Great Tusk
|move|p2a: Speedray|Chilling Water|p1a: Great Tusk
|-supereffective|p1a: Great Tusk
|-damage|p1a: Great Tusk|0 fnt
|faint|p1a: Great Tusk
|-end|p1a: Great Tusk|Protosynthesis|[silent]
|
|upkeep
|
|t:|1757940524
|switch|p1a: Ninetales|Ninetales-Alola, F, shiny|100/100
|-weather|Snowscape|[from] ability: Snow Warning|[of] p1a: Ninetales
|turn|9
|
|t:|1757940529
|-terastallize|p2a: Speedray|Water
|move|p2a: Speedray|Liquidation|p1a: Ninetales
|-damage|p1a: Ninetales|58/100
|move|p1a: Ninetales|Roar|p2a: Speedray
|drag|p2a: I Am The Manager|Kingambit, M, shiny|100/100
|-damage|p2a: I Am The Manager|94/100|[from] Stealth Rock
|
|-weather|Snowscape|[upkeep]
|upkeep
|turn|10
|
|t:|1757940558
|switch|p1a: Meowscarada|Meowscarada, F|100/100
|move|p2a: I Am The Manager|Iron Head|p1a: Meowscarada
|-damage|p1a: Meowscarada|22/100
|
|-weather|Snowscape|[upkeep]
|upkeep
|turn|11
|
|t:|1757940569
|move|p2a: I Am The Manager|Sucker Punch|p1a: Meowscarada
|-resisted|p1a: Meowscarada
|-damage|p1a: Meowscarada|0 fnt
|faint|p1a: Meowscarada
|
|-weather|Snowscape|[upkeep]
|upkeep
|
|t:|1757940575
|switch|p1a: Glaceon|Glaceon, F|100/100
|turn|12
|
|t:|1757940584
|-terastallize|p1a: Glaceon|Electric
|move|p2a: I Am The Manager|Kowtow Cleave|p1a: Glaceon
|-damage|p1a: Glaceon|55/100
|move|p1a: Glaceon|Blizzard|p2a: I Am The Manager
|-resisted|p2a: I Am The Manager
|-damage|p2a: I Am The Manager|61/100
|
|-weather|Snowscape|[upkeep]
|-heal|p1a: Glaceon|61/100|[from] ability: Ice Body
|upkeep
|turn|13
|
|t:|1757940595
|move|p2a: I Am The Manager|Iron Head|p1a: Glaceon
|-resisted|p1a: Glaceon
|-damage|p1a: Glaceon|40/100
|move|p1a: Glaceon|Blizzard|p2a: I Am The Manager
|-resisted|p2a: I Am The Manager
|-crit|p2a: I Am The Manager
|-damage|p2a: I Am The Manager|3/100
|
|-weather|Snowscape|[upkeep]
|-heal|p1a: Glaceon|46/100|[from] ability: Ice Body
|upkeep
|turn|14
|
|t:|1757940605
|move|p2a: I Am The Manager|Sucker Punch|p1a: Glaceon
|-damage|p1a: Glaceon|8/100
|move|p1a: Glaceon|Blizzard|p2a: I Am The Manager
|-resisted|p2a: I Am The Manager
|-damage|p2a: I Am The Manager|0 fnt
|faint|p2a: I Am The Manager
|-end|p2a: I Am The Manager|fallenundefined|[silent]
|
|-weather|Snowscape|[upkeep]
|-heal|p1a: Glaceon|14/100|[from] ability: Ice Body
|upkeep
|
|t:|1757940608
|switch|p2a: Speedray|Araquanid, F, tera:Water|22/100
|-damage|p2a: Speedray|10/100|[from] Stealth Rock
|turn|15
|
|t:|1757940619
|move|p1a: Glaceon|Blizzard|p2a: Speedray
|-resisted|p2a: Speedray
|-damage|p2a: Speedray|0 fnt
|faint|p2a: Speedray
|
|-weather|Snowscape|[upkeep]
|-heal|p1a: Glaceon|20/100|[from] ability: Ice Body
|upkeep
|
|t:|1757940623
|switch|p2a: Candlelit Dinner|Armarouge, F, shiny|100/100
|-damage|p2a: Candlelit Dinner|76/100|[from] Stealth Rock
|turn|16
|
|t:|1757940630
|switch|p1a: Alomomola|Alomomola, F|100/100
|move|p2a: Candlelit Dinner|Trick Room|p2a: Candlelit Dinner
|-fieldstart|move: Trick Room|[of] p2a: Candlelit Dinner
|
|-weather|none
|upkeep
|turn|17
|
|t:|1757940636
|move|p1a: Alomomola|Wish|p1a: Alomomola
|move|p2a: Candlelit Dinner|Psychic|p1a: Alomomola
|-damage|p1a: Alomomola|43/100
|
|upkeep
|turn|18
|
|t:|1757940642
|move|p1a: Alomomola|Flip Turn|p2a: Candlelit Dinner
|-supereffective|p2a: Candlelit Dinner
|-damage|p2a: Candlelit Dinner|37/100
|-ability|p2a: Candlelit Dinner|Weak Armor|boost
|-unboost|p2a: Candlelit Dinner|def|1
|-boost|p2a: Candlelit Dinner|spe|2
|-enditem|p2a: Candlelit Dinner|Weakness Policy
|-boost|p2a: Candlelit Dinner|atk|2|[from] item: Weakness Policy
|-boost|p2a: Candlelit Dinner|spa|2|[from] item: Weakness Policy
|
|t:|1757940650
|switch|p1a: Glaceon|Glaceon, F, tera:Electric|20/100|[from] Flip Turn
|move|p2a: Candlelit Dinner|Psychic|p1a: Glaceon
|-damage|p1a: Glaceon|0 fnt
|faint|p1a: Glaceon
|
|upkeep
|
|t:|1757940658
|switch|p1a: Ninetales|Ninetales-Alola, F, shiny|58/100
|-weather|Snowscape|[from] ability: Snow Warning|[of] p1a: Ninetales
|turn|19
|
|t:|1757940664
|move|p1a: Ninetales|Roar|p2a: Candlelit Dinner
|drag|p2a: Good Soup|Sinistcha-Masterpiece, shiny|100/100
|-damage|p2a: Good Soup|88/100|[from] Stealth Rock
|
|-weather|Snowscape|[upkeep]
|-heal|p2a: Good Soup|94/100|[from] item: Leftovers
|upkeep
|turn|20
|
|t:|1757940672
|move|p2a: Good Soup|Calm Mind|p2a: Good Soup
|-boost|p2a: Good Soup|spa|1
|-boost|p2a: Good Soup|spd|1
|move|p1a: Ninetales|Moonblast|p2a: Good Soup
|-damage|p2a: Good Soup|67/100
|
|-weather|Snowscape|[upkeep]
|-heal|p2a: Good Soup|73/100|[from] item: Leftovers
|-fieldend|move: Trick Room
|upkeep
|turn|21
|c|☆arcadecarol|Welp gg
|
|t:|1757940683
|move|p2a: Good Soup|Shadow Ball|p1a: Ninetales
|-damage|p1a: Ninetales|7/100
|move|p1a: Ninetales|Roar|p2a: Good Soup
|drag|p2a: Candlelit Dinner|Armarouge, F, shiny|37/100
|-damage|p2a: Candlelit Dinner|12/100|[from] Stealth Rock
|
|-weather|Snowscape|[upkeep]
|upkeep
|turn|22
|
|t:|1757940696
|move|p2a: Candlelit Dinner|Psychic|p1a: Ninetales
|-damage|p1a: Ninetales|0 fnt
|faint|p1a: Ninetales
|
|-weather|Snowscape|[upkeep]
|upkeep
|
|t:|1757940701
|switch|p1a: Alomomola|Alomomola, F|76/100
|turn|23
|
|t:|1757940704
|move|p2a: Candlelit Dinner|Psychic|p1a: Alomomola
|-damage|p1a: Alomomola|16/100
|move|p1a: Alomomola|Flip Turn|p2a: Candlelit Dinner
|-supereffective|p2a: Candlelit Dinner
|-damage|p2a: Candlelit Dinner|0 fnt
|faint|p2a: Candlelit Dinner
|
|-weather|Snowscape|[upkeep]
|upkeep
|
|t:|1757940707
|switch|p2a: Pichy Sweetheart|Ninetales-Alola, F, shiny|100/100
|-damage|p2a: Pichy Sweetheart|76/100|[from] Stealth Rock
|turn|24
|c|☆cMaKelite|gg
|
|t:|1757940716
|move|p2a: Pichy Sweetheart|Freeze-Dry|p1a: Alomomola
|-supereffective|p1a: Alomomola
|-damage|p1a: Alomomola|0 fnt
|faint|p1a: Alomomola
|
|win|cMaKelite
|raw|arcadecarol's rating: 1111 &rarr; <strong>1085</strong><br />(-26 for losing)
|raw|cMaKelite's rating: 1100 &rarr; <strong>1126</strong><br />(+26 for winning)
|l|☆cMaKelite
|player|p2|
|l|☆arcadecarol
|player|p1|
