|j|☆HANDYARROW22
|j|☆llNarull
|t:|1757913696
|gametype|singles
|player|p1|HANDYARROW22|drayden|1190
|player|p2|llNarull|hilbert-wonderlauncher|1188
|gen|9
|tier|[Gen 9] OU
|rated|
|rule|HP Percentage Mod: HP is shown in percentages
|rule|Endless Battle Clause: Forcing endless battles is banned
|rule|Species Clause: Limit one of each Pokémon
|rule|OHKO Clause: OHKO moves are banned
|rule|Evasion Items Clause: Evasion items are banned
|rule|Evasion Moves Clause: Evasion moves are banned
|rule|Evasion Abilities Clause: Evasion abilities are banned
|rule|Sleep Moves Clause: Sleep-inducing moves are banned
|clearpoke
|poke|p1|Arcanine-Hisui, M|
|poke|p1|Scizor, M|
|poke|p1|Maushold-Four|
|poke|p1|Dragapult, M|
|poke|p1|Conkeldurr, F|
|poke|p1|Greninja-*, M|
|poke|p2|Greninja-*, M|
|poke|p2|Gyarados, M|
|poke|p2|Dragonite, M|
|poke|p2|Zapdos|
|poke|p2|Skeledirge, M|
|poke|p2|Blissey, F|
|teampreview
|inactive|Battle timer is ON: inactive players will automatically lose when time's up. (requested by HANDYARROW22)
|inactive|llNarull has 120 seconds left.
|inactive|llNarull has 90 seconds left.
|inactive|llNarull has 60 seconds left.
|inactive|llNarull has 30 seconds left.
|inactive|llNarull has 20 seconds left.
|inactive|llNarull has 15 seconds left.
|
|t:|1757913835
|teamsize|p1|6
|teamsize|p2|6
|start
|switch|p1a: Maushold|Maushold-Four|100/100
|switch|p2a: Greninja|Greninja, M, shiny|100/100
|turn|1
|
|t:|1757913857
|switch|p2a: Skeledirge|Skeledirge, M, shiny|100/100
|move|p1a: Maushold|Bullet Seed|p2a: Skeledirge
|-resisted|p2a: Skeledirge
|-damage|p2a: Skeledirge|98/100
|-resisted|p2a: Skeledirge
|-damage|p2a: Skeledirge|95/100
|-resisted|p2a: Skeledirge
|-damage|p2a: Skeledirge|92/100
|-resisted|p2a: Skeledirge
|-damage|p2a: Skeledirge|89/100
|-hitcount|p2a: Skeledirge|4
|
|-heal|p2a: Skeledirge|95/100|[from] item: Leftovers
|upkeep
|turn|2
|inactive|HANDYARROW22 has 120 seconds left.
|
|t:|1757913879
|switch|p1a: Dragapult|Dragapult, M, shiny|100/100
|move|p2a: Skeledirge|Will-O-Wisp|p1a: Dragapult|[miss]
|-miss|p2a: Skeledirge|p1a: Dragapult
|
|-heal|p2a: Skeledirge|100/100|[from] item: Leftovers
|upkeep
|turn|3
|inactive|HANDYARROW22 has 120 seconds left.
|
|t:|1757913894
|switch|p2a: Blissey|Blissey, F, shiny|100/100
|move|p1a: Dragapult|Phantom Force||[still]
|-prepare|p1a: Dragapult|Phantom Force
|
|upkeep
|turn|4
|
|t:|1757913903
|move|p1a: Dragapult|Phantom Force|p2a: Blissey|[from] lockedmove
|-immune|p2a: Blissey
|move|p2a: Blissey|Thunder Wave|p1a: Dragapult
|-status|p1a: Dragapult|par
|
|upkeep
|turn|5
|inactive|llNarull has 90 seconds left.
|
|t:|1757913917
|switch|p1a: Maushold|Maushold-Four|100/100
|move|p2a: Blissey|Stealth Rock|p1a: Maushold
|-sidestart|p1: HANDYARROW22|move: Stealth Rock
|
|upkeep
|turn|6
|inactive|HANDYARROW22 has 120 seconds left.
|inactive|HANDYARROW22 has 90 seconds left.
|inactive|HANDYARROW22 has 60 seconds left.
|
|t:|1757914019
|switch|p2a: Skeledirge|Skeledirge, M, shiny|100/100
|move|p1a: Maushold|Tidy Up|p1a: Maushold
|-sideend|p1: HANDYARROW22|Stealth Rock
|-activate|p1a: Maushold|move: Tidy Up
|-boost|p1a: Maushold|atk|1
|-boost|p1a: Maushold|spe|1
|
|upkeep
|turn|7
|inactive|HANDYARROW22 has 30 seconds left.
|inactive|llNarull has 90 seconds left.
|
|t:|1757914040
|switch|p1a: Greninja|Greninja, M|100/100
|move|p2a: Skeledirge|Will-O-Wisp|p1a: Greninja
|-status|p1a: Greninja|brn
|
|-damage|p1a: Greninja|95/100 brn|[from] brn
|upkeep
|turn|8
|inactive|HANDYARROW22 has 30 seconds left.
|inactive|llNarull has 90 seconds left.
|inactive|HANDYARROW22 has 20 seconds left.
|inactive|HANDYARROW22 has 15 seconds left.
|
|t:|1757914061
|switch|p2a: Blissey|Blissey, F, shiny|100/100
|move|p1a: Greninja|Water Shuriken|p2a: Blissey
|-damage|p2a: Blissey|98/100
|-damage|p2a: Blissey|96/100
|-damage|p2a: Blissey|93/100
|-damage|p2a: Blissey|91/100
|-hitcount|p2a: Blissey|4
|
|-heal|p2a: Blissey|97/100|[from] item: Leftovers
|-damage|p1a: Greninja|89/100 brn|[from] brn
|upkeep
|turn|9
|inactive|HANDYARROW22 has 25 seconds left this turn.
|inactive|HANDYARROW22 has 20 seconds left.
|inactive|HANDYARROW22 has 15 seconds left.
|inactive|llNarull has 90 seconds left.
|
|t:|1757914077
|switch|p1a: Dragapult|Dragapult, M, shiny|100/100 par
|move|p2a: Blissey|Seismic Toss|p1a: Dragapult
|-immune|p1a: Dragapult
|
|-heal|p2a: Blissey|100/100|[from] item: Leftovers
|upkeep
|turn|10
|inactive|HANDYARROW22 has 25 seconds left this turn.
|inactive|HANDYARROW22 has 20 seconds left.
|inactive|llNarull has 90 seconds left.
|inactive|HANDYARROW22 has 15 seconds left.
|inactive|HANDYARROW22 has 10 seconds left.
|
|t:|1757914093
|switch|p2a: Skeledirge|Skeledirge, M, shiny|100/100
|cant|p1a: Dragapult|par
|
|upkeep
|turn|11
|inactive|HANDYARROW22 has 20 seconds left this turn.
|inactive|HANDYARROW22 has 15 seconds left.
|inactive|llNarull has 90 seconds left.
|
|t:|1757914100
|-terastallize|p1a: Dragapult|Dark
|move|p1a: Dragapult|Sucker Punch|p2a: Skeledirge
|-supereffective|p2a: Skeledirge
|-damage|p2a: Skeledirge|31/100
|move|p2a: Skeledirge|Torch Song|p1a: Dragapult
|-damage|p1a: Dragapult|58/100 par
|-boost|p2a: Skeledirge|spa|1
|
|-heal|p2a: Skeledirge|37/100|[from] item: Leftovers
|upkeep
|turn|12
|inactive|HANDYARROW22 has 25 seconds left this turn.
|inactive|HANDYARROW22 has 20 seconds left.
|inactive|HANDYARROW22 has 15 seconds left.
|inactive|llNarull has 90 seconds left.
|
|t:|1757914112
|cant|p1a: Dragapult|par
|move|p2a: Skeledirge|Slack Off|p2a: Skeledirge
|-heal|p2a: Skeledirge|87/100
|
|-heal|p2a: Skeledirge|93/100|[from] item: Leftovers
|upkeep
|turn|13
|inactive|HANDYARROW22 has 25 seconds left this turn.
|inactive|HANDYARROW22 has 20 seconds left.
|
|t:|1757914119
|move|p1a: Dragapult|Sucker Punch|p2a: Skeledirge
|-supereffective|p2a: Skeledirge
|-damage|p2a: Skeledirge|21/100
|move|p2a: Skeledirge|Torch Song|p1a: Dragapult
|-damage|p1a: Dragapult|0 fnt
|-boost|p2a: Skeledirge|spa|1
|faint|p1a: Dragapult
|
|-heal|p2a: Skeledirge|27/100|[from] item: Leftovers
|upkeep
|inactive|HANDYARROW22 has 25 seconds left this turn.
|inactive|HANDYARROW22 has 20 seconds left.
|inactive|HANDYARROW22 has 15 seconds left.
|
|t:|1757914133
|switch|p1a: Conkeldurr|Conkeldurr, F, shiny|100/100
|turn|14
|inactive|HANDYARROW22 has 25 seconds left this turn.
|inactive|HANDYARROW22 has 20 seconds left.
|
|t:|1757914144
|move|p2a: Skeledirge|Torch Song|p1a: Conkeldurr
|-damage|p1a: Conkeldurr|36/100
|-boost|p2a: Skeledirge|spa|1
|move|p1a: Conkeldurr|Knock Off|p2a: Skeledirge
|-supereffective|p2a: Skeledirge
|-damage|p2a: Skeledirge|0 fnt
|-enditem|p2a: Skeledirge|Leftovers|[from] move: Knock Off|[of] p1a: Conkeldurr
|faint|p2a: Skeledirge
|
|-status|p1a: Conkeldurr|brn|[from] item: Flame Orb
|upkeep
|
|t:|1757914156
|switch|p2a: Zapdos|Zapdos, shiny|100/100
|turn|15
|
|t:|1757914162
|move|p2a: Zapdos|Thunderbolt|p1a: Conkeldurr
|-damage|p1a: Conkeldurr|0 fnt
|faint|p1a: Conkeldurr
|
|upkeep
|
|t:|1757914170
|switch|p1a: Arcanine|Arcanine-Hisui, M, shiny|100/100
|turn|16
|
|t:|1757914183
|move|p1a: Arcanine|Wild Charge|p2a: Zapdos
|-damage|p2a: Zapdos|74/100
|move|p2a: Zapdos|Thunder Wave|p1a: Arcanine
|-status|p1a: Arcanine|par
|
|-heal|p2a: Zapdos|80/100|[from] item: Leftovers
|upkeep
|turn|17
|
|t:|1757914192
|move|p2a: Zapdos|Thunderbolt|p1a: Arcanine
|-damage|p1a: Arcanine|60/100 par
|move|p1a: Arcanine|Head Smash|p2a: Zapdos
|-supereffective|p2a: Zapdos
|-damage|p2a: Zapdos|0 fnt
|faint|p2a: Zapdos
|
|upkeep
|
|t:|1757914200
|switch|p2a: Gyarados|Gyarados, M, shiny|100/100
|turn|18
|
|t:|1757914209
|move|p2a: Gyarados|Waterfall|p1a: Arcanine
|-supereffective|p1a: Arcanine
|-damage|p1a: Arcanine|0 fnt
|faint|p1a: Arcanine
|-ability|p2a: Gyarados|Moxie|boost
|-boost|p2a: Gyarados|atk|1
|
|upkeep
|inactive|HANDYARROW22 has 60 seconds left.
|
|t:|1757914216
|switch|p1a: Maushold|Maushold-Four|100/100
|turn|19
|
|t:|1757914222
|move|p1a: Maushold|Tidy Up|p1a: Maushold
|-boost|p1a: Maushold|atk|1
|-boost|p1a: Maushold|spe|1
|move|p2a: Gyarados|Waterfall|p1a: Maushold
|-damage|p1a: Maushold|0 fnt
|faint|p1a: Maushold
|-ability|p2a: Gyarados|Moxie|boost
|-boost|p2a: Gyarados|atk|1
|
|upkeep
|inactive|HANDYARROW22 has 60 seconds left.
|-message|HANDYARROW22 forfeited.
|
|win|llNarull
|raw|HANDYARROW22's rating: 1190 &rarr; <strong>1165</strong><br />(-25 for losing)
|raw|llNarull's rating: 1188 &rarr; <strong>1213</strong><br />(+25 for winning)
|l|☆HANDYARROW22
|player|p1|
|l|☆llNarull
|player|p2|
