|j|☆bsp2
|j|☆pastagirl !!
|t:|1757925739
|gametype|singles
|player|p1|bsp2|101|1693
|player|p2|pastagirl !!|elesa|1660
|gen|9
|tier|[Gen 9] OU
|rated|
|rule|HP Percentage Mod: HP is shown in percentages
|rule|Endless Battle Clause: Forcing endless battles is banned
|rule|Species Clause: Limit one of each Pokémon
|rule|OHKO Clause: OHKO moves are banned
|rule|Evasion Items Clause: Evasion items are banned
|rule|Evasion Moves Clause: Evasion moves are banned
|rule|Evasion Abilities Clause: Evasion abilities are banned
|rule|Sleep Moves Clause: Sleep-inducing moves are banned
|clearpoke
|poke|p1|Ogerpon-Wellspring, F|
|poke|p1|Kingambit, F|
|poke|p1|Landorus-Therian, M|
|poke|p1|Glimmora, M|
|poke|p1|Dragapult, F|
|poke|p1|Iron Valiant|
|poke|p2|Cresselia, F|
|poke|p2|Hatterene, F|
|poke|p2|Porygon2|
|poke|p2|Ursaluna, M|
|poke|p2|Iron Hands|
|poke|p2|Torkoal, F|
|teampreview
|inactive|Battle timer is ON: inactive players will automatically lose when time's up. (requested by pastagirl !!)
|
|t:|1757925751
|teamsize|p1|6
|teamsize|p2|6
|start
|switch|p1a: Ogerpon|Ogerpon-Wellspring, F|100/100
|switch|p2a: ERASERHEAD|Porygon2|100/100
|-ability|p2a: ERASERHEAD|Download|boost
|-boost|p2a: ERASERHEAD|atk|1
|turn|1
|
|t:|1757925754
|move|p1a: Ogerpon|Taunt|p2a: ERASERHEAD
|-start|p2a: ERASERHEAD|move: Taunt
|cant|p2a: ERASERHEAD|move: Taunt|Trick Room
|
|upkeep
|turn|2
|
|t:|1757925759
|move|p1a: Ogerpon|Ivy Cudgel|p2a: ERASERHEAD|[anim] Ivy Cudgel Water
|-damage|p2a: ERASERHEAD|63/100
|move|p2a: ERASERHEAD|Tera Blast|p1a: Ogerpon
|-damage|p1a: Ogerpon|57/100
|
|upkeep
|turn|3
|
|t:|1757925777
|switch|p2a: WILD AT HEART|Cresselia, F|100/100
|move|p1a: Ogerpon|Ivy Cudgel|p2a: WILD AT HEART|[anim] Ivy Cudgel Water
|-damage|p2a: WILD AT HEART|72/100
|
|-heal|p2a: WILD AT HEART|78/100|[from] item: Leftovers
|upkeep
|turn|4
|
|t:|1757925780
|move|p1a: Ogerpon|Taunt|p2a: WILD AT HEART
|-start|p2a: WILD AT HEART|move: Taunt
|cant|p2a: WILD AT HEART|move: Taunt|Trick Room
|
|-heal|p2a: WILD AT HEART|84/100|[from] item: Leftovers
|upkeep
|turn|5
|c|☆pastagirl !!|oh i changed it
|c|☆pastagirl !!|lmfao
|
|t:|1757925789
|switch|p1a: Dragapult|Dragapult, F|100/100
|move|p2a: WILD AT HEART|Moonblast|p1a: Dragapult
|-supereffective|p1a: Dragapult
|-damage|p1a: Dragapult|51/100
|
|-heal|p2a: WILD AT HEART|90/100|[from] item: Leftovers
|upkeep
|turn|6
|
|t:|1757925795
|switch|p2a: ERASERHEAD|Porygon2|63/100
|-ability|p2a: ERASERHEAD|Download|boost
|-boost|p2a: ERASERHEAD|spa|1
|move|p1a: Dragapult|U-turn|p2a: ERASERHEAD
|-damage|p2a: ERASERHEAD|51/100
|
|t:|1757925804
|switch|p1a: Ogerpon|Ogerpon-Wellspring, F|57/100|[from] U-turn
|
|upkeep
|turn|7
|
|t:|1757925807
|move|p1a: Ogerpon|Taunt|p2a: ERASERHEAD
|-start|p2a: ERASERHEAD|move: Taunt
|move|p2a: ERASERHEAD|Tera Blast|p1a: Ogerpon
|-damage|p1a: Ogerpon|0 fnt
|faint|p1a: Ogerpon
|
|upkeep
|
|t:|1757925815
|switch|p1a: Glimmora|Glimmora, M|100/100
|turn|8
|
|t:|1757925834
|-terastallize|p2a: ERASERHEAD|Ground
|move|p1a: Glimmora|Meteor Beam||[still]
|-prepare|p1a: Glimmora|Meteor Beam
|-boost|p1a: Glimmora|spa|1
|-enditem|p1a: Glimmora|Power Herb
|-anim|p1a: Glimmora|Meteor Beam|p2a: ERASERHEAD
|-resisted|p2a: ERASERHEAD
|-crit|p2a: ERASERHEAD
|-damage|p2a: ERASERHEAD|4/100
|move|p2a: ERASERHEAD|Tera Blast|p1a: Glimmora|[anim] Tera Blast Ground
|-supereffective|p1a: Glimmora
|-damage|p1a: Glimmora|0 fnt
|faint|p1a: Glimmora
|
|upkeep
|
|t:|1757925844
|switch|p1a: Landorus|Landorus-Therian, M|100/100
|-ability|p1a: Landorus|Intimidate|boost
|-unboost|p2a: ERASERHEAD|atk|1
|turn|9
|
|t:|1757925853
|switch|p2a: LOST HIGHWAY|Ursaluna, M|100/100
|move|p1a: Landorus|Earthquake|p2a: LOST HIGHWAY
|-damage|p2a: LOST HIGHWAY|68/100
|
|-status|p2a: LOST HIGHWAY|brn|[from] item: Flame Orb
|upkeep
|turn|10
|j| nuzlockingpikachu
|j| 40 crip
|
|t:|1757925868
|move|p1a: Landorus|U-turn|p2a: LOST HIGHWAY
|-damage|p2a: LOST HIGHWAY|52/100 brn
|
|t:|1757925871
|switch|p1a: Dragapult|Dragapult, F|51/100|[from] U-turn
|move|p2a: LOST HIGHWAY|Facade|p1a: Dragapult
|-immune|p1a: Dragapult
|
|-damage|p2a: LOST HIGHWAY|46/100 brn|[from] brn
|upkeep
|turn|11
|
|t:|1757925883
|move|p1a: Dragapult|Draco Meteor|p2a: LOST HIGHWAY
|-damage|p2a: LOST HIGHWAY|0 fnt
|-unboost|p1a: Dragapult|spa|2
|faint|p2a: LOST HIGHWAY
|
|upkeep
|
|t:|1757925893
|switch|p2a: BLUE VELVET|Hatterene, F|100/100
|turn|12
|j| prod cc
|
|t:|1757925898
|switch|p1a: Kingambit|Kingambit, F|100/100
|-activate|p1a: Kingambit|ability: Supreme Overlord
|-start|p1a: Kingambit|fallen2|[silent]
|move|p2a: BLUE VELVET|Trick Room|p2a: BLUE VELVET
|-fieldstart|move: Trick Room|[of] p2a: BLUE VELVET
|
|upkeep
|turn|13
|
|t:|1757925904
|move|p2a: BLUE VELVET|Healing Wish|p2a: BLUE VELVET
|faint|p2a: BLUE VELVET
|move|p1a: Kingambit|Kowtow Cleave|p2: BLUE VELVET|[notarget]
|-fail|p1a: Kingambit
|
|upkeep
|
|t:|1757925909
|switch|p2a: ERASERHEAD|Porygon2, tera:Ground|4/100
|-heal|p2a: ERASERHEAD|100/100|[from] move: Healing Wish
|-ability|p2a: ERASERHEAD|Download|boost
|-boost|p2a: ERASERHEAD|spa|1
|turn|14
|c| 40 crip|'eraserhead' lol
|
|t:|1757925924
|-end|p1a: Kingambit|fallen2|[silent]
|switch|p1a: Landorus|Landorus-Therian, M|100/100
|-ability|p1a: Landorus|Intimidate|boost
|-unboost|p2a: ERASERHEAD|atk|1
|move|p2a: ERASERHEAD|Ice Beam|p1a: Landorus
|-supereffective|p1a: Landorus
|-damage|p1a: Landorus|0 fnt
|faint|p1a: Landorus
|
|upkeep
|c| 40 crip|that was nasty
|
|t:|1757925936
|switch|p1a: Dragapult|Dragapult, F|51/100
|turn|15
|
|t:|1757925941
|switch|p1a: Kingambit|Kingambit, F|100/100
|-activate|p1a: Kingambit|ability: Supreme Overlord
|-start|p1a: Kingambit|fallen3|[silent]
|move|p2a: ERASERHEAD|Tera Blast|p1a: Kingambit|[anim] Tera Blast Ground
|-supereffective|p1a: Kingambit
|-damage|p1a: Kingambit|0 fnt
|faint|p1a: Kingambit
|-end|p1a: Kingambit|fallen3|[silent]
|
|upkeep
|
|t:|1757925948
|switch|p1a: Dragapult|Dragapult, F|51/100
|turn|16
|
|t:|1757925951
|move|p2a: ERASERHEAD|Tera Blast|p1a: Dragapult|[anim] Tera Blast Ground
|-damage|p1a: Dragapult|0 fnt
|faint|p1a: Dragapult
|
|-fieldend|move: Trick Room
|upkeep
|
|t:|1757925953
|switch|p1a: Iron Valiant|Iron Valiant|100/100
|-enditem|p1a: Iron Valiant|Booster Energy
|-activate|p1a: Iron Valiant|ability: Quark Drive|[fromitem]
|-start|p1a: Iron Valiant|quarkdrivespe
|turn|17
|
|t:|1757925959
|move|p1a: Iron Valiant|Swords Dance|p1a: Iron Valiant
|-boost|p1a: Iron Valiant|atk|2
|move|p2a: ERASERHEAD|Tera Blast|p1a: Iron Valiant|[anim] Tera Blast Ground
|-damage|p1a: Iron Valiant|0 fnt
|faint|p1a: Iron Valiant
|-end|p1a: Iron Valiant|Quark Drive|[silent]
|
|win|pastagirl !!
|raw|bsp2's rating: 1693 &rarr; <strong>1671</strong><br />(-22 for losing)
|raw|pastagirl !!'s rating: 1660 &rarr; <strong>1682</strong><br />(+22 for winning)
|l|☆bsp2
|player|p1|
|l| nuzlockingpikachu
|j| CloudyEJ
|l| CloudyEJ
|l| 40 crip
|j| Almighty Sa'
|l| Almighty Sa'
|j| 40 crip
|l| 40 crip
