|j|☆bootywarrior360
|j|☆guiyas
|t:|1757869578
|gametype|singles
|player|p1|bootywarrior360|101|1337
|player|p2|guiyas|lucas|1379
|gen|9
|tier|[Gen 9] OU
|rated|
|rule|HP Percentage Mod: HP is shown in percentages
|rule|Endless Battle Clause: Forcing endless battles is banned
|rule|Species Clause: Limit one of each Pokémon
|rule|OHKO Clause: OHKO moves are banned
|rule|Evasion Items Clause: Evasion items are banned
|rule|Evasion Moves Clause: Evasion moves are banned
|rule|Evasion Abilities Clause: Evasion abilities are banned
|rule|Sleep Moves Clause: Sleep-inducing moves are banned
|clearpoke
|poke|p1|Scizor, F|
|poke|p1|Rillaboom, F|
|poke|p1|Blaziken, F|
|poke|p1|Great Tusk|
|poke|p1|Rotom-Wash|
|poke|p1|Jirachi|
|poke|p2|Charizard, F|
|poke|p2|Persian, M|
|poke|p2|Raichu, F|
|poke|p2|Dugtrio, F|
|poke|p2|Clefable, M|
|poke|p2|Arbok, M|
|teampreview
|inactive|Battle timer is ON: inactive players will automatically lose when time's up. (requested by bootywarrior360)
|
|t:|1757869588
|teamsize|p1|6
|teamsize|p2|6
|start
|switch|p1a: Scizor|Scizor, F|100/100
|switch|p2a: Arbok|Arbok, M|100/100
|-ability|p2a: Arbok|Intimidate|boost
|-unboost|p1a: Scizor|atk|1
|turn|1
|
|t:|1757869599
|move|p2a: Arbok|Glare|p1a: Scizor
|-status|p1a: Scizor|par
|move|p1a: Scizor|Knock Off|p2a: Arbok
|-damage|p2a: Arbok|65/100
|-enditem|p2a: Arbok|Black Sludge|[from] move: Knock Off|[of] p1a: Scizor
|
|upkeep
|turn|2
|
|t:|1757869606
|switch|p2a: Charizard|Charizard, F|100/100
|move|p1a: Scizor|Swords Dance|p1a: Scizor
|-boost|p1a: Scizor|atk|2
|
|upkeep
|turn|3
|
|t:|1757869612
|-terastallize|p1a: Scizor|Water
|move|p2a: Charizard|Flamethrower|p1a: Scizor
|-resisted|p1a: Scizor
|-damage|p1a: Scizor|75/100 par
|move|p1a: Scizor|Knock Off|p2a: Charizard
|-damage|p2a: Charizard|16/100
|-enditem|p2a: Charizard|Heavy-Duty Boots|[from] move: Knock Off|[of] p1a: Scizor
|
|upkeep
|turn|4
|
|t:|1757869622
|move|p1a: Scizor|Bullet Punch|p2a: Charizard
|-resisted|p2a: Charizard
|-damage|p2a: Charizard|0 fnt
|faint|p2a: Charizard
|
|upkeep
|
|t:|1757869625
|switch|p2a: Arbok|Arbok, M|65/100
|-ability|p2a: Arbok|Intimidate|boost
|-unboost|p1a: Scizor|atk|1
|turn|5
|
|t:|1757869629
|move|p2a: Arbok|Gunk Shot|p1a: Scizor
|-damage|p1a: Scizor|36/100 par
|move|p1a: Scizor|U-turn|p2a: Arbok
|-resisted|p2a: Arbok
|-damage|p2a: Arbok|35/100
|
|t:|1757869636
|switch|p1a: Jirachi|Jirachi|100/100|[from] U-turn
|-item|p1a: Jirachi|Air Balloon
|
|upkeep
|turn|6
|
|t:|1757869640
|move|p1a: Jirachi|Psychic Noise|p2a: Arbok
|-supereffective|p2a: Arbok
|-damage|p2a: Arbok|0 fnt
|faint|p2a: Arbok
|
|upkeep
|
|t:|1757869644
|switch|p2a: Persian|Persian, M|100/100
|turn|7
|
|t:|1757869654
|switch|p1a: Great Tusk|Great Tusk|100/100
|move|p2a: Persian|Fake Out|p1a: Great Tusk
|-damage|p1a: Great Tusk|93/100
|-damage|p2a: Persian|84/100|[from] item: Rocky Helmet|[of] p1a: Great Tusk
|
|upkeep
|turn|8
|
|t:|1757869657
|move|p2a: Persian|Taunt|p1a: Great Tusk
|-start|p1a: Great Tusk|move: Taunt
|cant|p1a: Great Tusk|move: Taunt|Stealth Rock
|
|upkeep
|turn|9
|
|t:|1757869670
|move|p2a: Persian|Play Rough|p1a: Great Tusk
|-supereffective|p1a: Great Tusk
|-damage|p1a: Great Tusk|80/100
|-damage|p2a: Persian|68/100|[from] item: Rocky Helmet|[of] p1a: Great Tusk
|move|p1a: Great Tusk|Knock Off|p2a: Persian
|-damage|p2a: Persian|24/100
|-enditem|p2a: Persian|Heavy-Duty Boots|[from] move: Knock Off|[of] p1a: Great Tusk
|
|upkeep
|turn|10
|
|t:|1757869677
|move|p2a: Persian|Knock Off|p1a: Great Tusk
|-resisted|p1a: Great Tusk
|-damage|p1a: Great Tusk|77/100
|-damage|p2a: Persian|7/100|[from] item: Rocky Helmet|[of] p1a: Great Tusk
|-enditem|p1a: Great Tusk|Rocky Helmet|[from] move: Knock Off|[of] p2a: Persian
|move|p1a: Great Tusk|High Horsepower|p2a: Persian
|-damage|p2a: Persian|0 fnt
|faint|p2a: Persian
|
|-end|p1a: Great Tusk|move: Taunt
|upkeep
|
|t:|1757869685
|switch|p2a: Raichu|Raichu, F|100/100
|turn|11
|
|t:|1757869689
|move|p2a: Raichu|Grass Knot|p1a: Great Tusk
|-supereffective|p1a: Great Tusk
|-damage|p1a: Great Tusk|0 fnt
|faint|p1a: Great Tusk
|-end|p1a: Great Tusk|Protosynthesis|[silent]
|-damage|p2a: Raichu|91/100|[from] item: Life Orb
|
|upkeep
|
|t:|1757869691
|switch|p1a: Blaziken|Blaziken, F|100/100
|turn|12
|
|t:|1757869694
|move|p1a: Blaziken|Protect|p1a: Blaziken
|-singleturn|p1a: Blaziken|Protect
|move|p2a: Raichu|Thunderbolt|p1a: Blaziken
|-activate|p1a: Blaziken|move: Protect
|
|-ability|p1a: Blaziken|Speed Boost|boost
|-boost|p1a: Blaziken|spe|1
|upkeep
|turn|13
|
|t:|1757869696
|move|p1a: Blaziken|Close Combat|p2a: Raichu
|-damage|p2a: Raichu|0 fnt
|-unboost|p1a: Blaziken|def|1
|-unboost|p1a: Blaziken|spd|1
|faint|p2a: Raichu
|-damage|p1a: Blaziken|91/100|[from] item: Life Orb
|
|-ability|p1a: Blaziken|Speed Boost|boost
|-boost|p1a: Blaziken|spe|1
|upkeep
|
|t:|1757869700
|switch|p2a: Dugtrio|Dugtrio, F|100/100
|turn|14
|
|t:|1757869705
|move|p1a: Blaziken|Close Combat|p2a: Dugtrio
|-enditem|p2a: Dugtrio|Focus Sash
|-damage|p2a: Dugtrio|1/100
|-unboost|p1a: Blaziken|def|1
|-unboost|p1a: Blaziken|spd|1
|-damage|p1a: Blaziken|81/100|[from] item: Life Orb
|move|p2a: Dugtrio|Earthquake|p1a: Blaziken
|-supereffective|p1a: Blaziken
|-damage|p1a: Blaziken|0 fnt
|faint|p1a: Blaziken
|
|upkeep
|
|t:|1757869712
|switch|p1a: Rillaboom|Rillaboom, F|100/100
|-fieldstart|move: Grassy Terrain|[from] ability: Grassy Surge|[of] p1a: Rillaboom
|turn|15
|
|t:|1757869715
|move|p2a: Dugtrio|Stealth Rock|p1a: Rillaboom
|-sidestart|p1: bootywarrior360|move: Stealth Rock
|move|p1a: Rillaboom|U-turn|p2a: Dugtrio
|-damage|p2a: Dugtrio|0 fnt
|faint|p2a: Dugtrio
|
|t:|1757869726
|switch|p1a: Jirachi|Jirachi|100/100|[from] U-turn
|-damage|p1a: Jirachi|94/100|[from] Stealth Rock
|-item|p1a: Jirachi|Air Balloon
|
|upkeep
|
|t:|1757869729
|switch|p2a: Clefable|Clefable, M|100/100
|turn|16
|
|t:|1757869733
|-terastallize|p2a: Clefable|Steel
|move|p1a: Jirachi|Doom Desire|p2a: Clefable
|-start|p1a: Jirachi|Doom Desire
|move|p2a: Clefable|Cosmic Power|p2a: Clefable
|-boost|p2a: Clefable|def|1
|-boost|p2a: Clefable|spd|1
|
|upkeep
|turn|17
|
|t:|1757869744
|move|p1a: Jirachi|Thunder Wave|p2a: Clefable
|-status|p2a: Clefable|par
|cant|p2a: Clefable|par
|
|upkeep
|turn|18
|
|t:|1757869753
|move|p1a: Jirachi|Psychic Noise|p2a: Clefable
|-resisted|p2a: Clefable
|-damage|p2a: Clefable|90/100 par
|-start|p2a: Clefable|move: Heal Block
|move|p2a: Clefable|Cosmic Power|p2a: Clefable
|-boost|p2a: Clefable|def|1
|-boost|p2a: Clefable|spd|1
|
|-end|p2a: Clefable|move: Doom Desire
|-resisted|p2a: Clefable
|-damage|p2a: Clefable|75/100 par
|upkeep
|turn|19
|
|t:|1757869761
|move|p1a: Jirachi|Psychic Noise|p2a: Clefable
|-resisted|p2a: Clefable
|-damage|p2a: Clefable|68/100 par
|cant|p2a: Clefable|par
|
|-end|p2a: Clefable|move: Heal Block
|-fieldend|move: Grassy Terrain
|upkeep
|turn|20
|
|t:|1757869767
|move|p1a: Jirachi|Psychic Noise|p2a: Clefable
|-resisted|p2a: Clefable
|-damage|p2a: Clefable|60/100 par
|-start|p2a: Clefable|move: Heal Block
|cant|p2a: Clefable|par
|
|upkeep
|turn|21
|
|t:|1757869774
|move|p1a: Jirachi|Psychic Noise|p2a: Clefable
|-resisted|p2a: Clefable
|-damage|p2a: Clefable|53/100 par
|move|p2a: Clefable|Cosmic Power|p2a: Clefable
|-boost|p2a: Clefable|def|1
|-boost|p2a: Clefable|spd|1
|
|-end|p2a: Clefable|move: Heal Block
|upkeep
|turn|22
|
|t:|1757869778
|move|p1a: Jirachi|Psychic Noise|p2a: Clefable
|-resisted|p2a: Clefable
|-damage|p2a: Clefable|46/100 par
|-start|p2a: Clefable|move: Heal Block
|cant|p2a: Clefable|move: Heal Block|Moonlight
|
|upkeep
|turn|23
|
|t:|1757869781
|move|p1a: Jirachi|Psychic Noise|p2a: Clefable
|-resisted|p2a: Clefable
|-damage|p2a: Clefable|40/100 par
|cant|p2a: Clefable|par
|
|-end|p2a: Clefable|move: Heal Block
|upkeep
|turn|24
|
|t:|1757869784
|move|p1a: Jirachi|Psychic Noise|p2a: Clefable
|-resisted|p2a: Clefable
|-damage|p2a: Clefable|35/100 par
|-start|p2a: Clefable|move: Heal Block
|move|p2a: Clefable|Cosmic Power|p2a: Clefable
|-boost|p2a: Clefable|def|1
|-boost|p2a: Clefable|spd|1
|
|upkeep
|turn|25
|
|t:|1757869790
|move|p1a: Jirachi|Psychic Noise|p2a: Clefable
|-resisted|p2a: Clefable
|-damage|p2a: Clefable|30/100 par
|move|p2a: Clefable|Stored Power|p1a: Jirachi
|-resisted|p1a: Jirachi
|-damage|p1a: Jirachi|84/100
|-enditem|p1a: Jirachi|Air Balloon
|
|-end|p2a: Clefable|move: Heal Block
|upkeep
|turn|26
|-message|guiyas forfeited.
|
|win|bootywarrior360
|raw|bootywarrior360's rating: 1337 &rarr; <strong>1359</strong><br />(+22 for winning)
|raw|guiyas's rating: 1379 &rarr; <strong>1357</strong><br />(-22 for losing)
|l|☆guiyas
|player|p2|
