|j|☆richitar
|j|☆ignavos
|t:|1757909530
|gametype|singles
|player|p1|richitar|blue|1141
|player|p2|ignavos|burglar|1142
|gen|9
|tier|[Gen 9] OU
|rated|
|rule|HP Percentage Mod: HP is shown in percentages
|rule|Endless Battle Clause: Forcing endless battles is banned
|rule|Species Clause: Limit one of each Pokémon
|rule|OHKO Clause: OHKO moves are banned
|rule|Evasion Items Clause: Evasion items are banned
|rule|Evasion Moves Clause: Evasion moves are banned
|rule|Evasion Abilities Clause: Evasion abilities are banned
|rule|Sleep Moves Clause: Sleep-inducing moves are banned
|clearpoke
|poke|p1|Corviknight, M|
|poke|p1|Garganacl, M|
|poke|p1|Samurott-Hisui, F|
|poke|p1|Cinderace, M|
|poke|p1|Landorus-Therian, M|
|poke|p1|Zapdos|
|poke|p2|Grimmsnarl, M|
|poke|p2|Ursaluna, F|
|poke|p2|Dragapult, F|
|poke|p2|Glimmora, F|
|poke|p2|Corviknight, M|
|poke|p2|Ditto|
|teampreview
|
|t:|1757909541
|teamsize|p1|6
|teamsize|p2|6
|start
|switch|p1a: Samurott|Samurott-Hisui, F|100/100
|switch|p2a: Glimmora|Glimmora, F|100/100
|turn|1
|inactive|Battle timer is ON: inactive players will automatically lose when time's up. (requested by ignavos)
|
|t:|1757909549
|move|p2a: Glimmora|Stealth Rock|p1a: Samurott
|-sidestart|p1: richitar|move: Stealth Rock
|move|p1a: Samurott|Razor Shell|p2a: Glimmora
|-supereffective|p2a: Glimmora
|-enditem|p2a: Glimmora|Focus Sash
|-damage|p2a: Glimmora|1/100
|-unboost|p2a: Glimmora|def|1
|-activate|p2a: Glimmora|ability: Toxic Debris
|-sidestart|p1: richitar|move: Toxic Spikes
|
|upkeep
|turn|2
|
|t:|1757909567
|move|p2a: Glimmora|Mortal Spin|p1a: Samurott
|-damage|p1a: Samurott|94/100
|-status|p1a: Samurott|psn
|move|p1a: Samurott|Razor Shell|p2a: Glimmora
|-supereffective|p2a: Glimmora
|-damage|p2a: Glimmora|0 fnt
|-activate|p2a: Glimmora|ability: Toxic Debris
|-sidestart|p1: richitar|move: Toxic Spikes
|faint|p2a: Glimmora
|
|-damage|p1a: Samurott|81/100 psn|[from] psn
|upkeep
|
|t:|1757909578
|switch|p2a: Grimmsnarl|Grimmsnarl, M|100/100
|turn|3
|
|t:|1757909582
|switch|p1a: Corviknight|Corviknight, M|100/100
|-damage|p1a: Corviknight|88/100|[from] Stealth Rock
|move|p2a: Grimmsnarl|Reflect|p2a: Grimmsnarl
|-sidestart|p2: ignavos|Reflect
|
|upkeep
|turn|4
|
|t:|1757909591
|switch|p2a: Ursaluna|Ursaluna, F|100/100
|move|p1a: Corviknight|Defog|p2a: Ursaluna
|-unboost|p2a: Ursaluna|evasion|1
|-sideend|p2: ignavos|Reflect
|-sideend|p1: richitar|Toxic Spikes|[from] move: Defog|[of] p1a: Corviknight
|-sideend|p1: richitar|Stealth Rock|[from] move: Defog|[of] p1a: Corviknight
|
|-status|p2a: Ursaluna|brn|[from] item: Flame Orb
|upkeep
|turn|5
|
|t:|1757909600
|move|p1a: Corviknight|Brave Bird|p2a: Ursaluna
|-damage|p2a: Ursaluna|74/100 brn
|-damage|p1a: Corviknight|78/100|[from] Recoil
|move|p2a: Ursaluna|Swords Dance|p2a: Ursaluna
|-boost|p2a: Ursaluna|atk|2
|
|-damage|p2a: Ursaluna|68/100 brn|[from] brn
|upkeep
|turn|6
|
|t:|1757909612
|move|p1a: Corviknight|Roost|p1a: Corviknight
|-heal|p1a: Corviknight|100/100
|-singleturn|p1a: Corviknight|move: Roost
|move|p2a: Ursaluna|Fire Punch|p1a: Corviknight
|-supereffective|p1a: Corviknight
|-damage|p1a: Corviknight|0 fnt
|-damage|p2a: Ursaluna|51/100 brn|[from] item: Rocky Helmet|[of] p1a: Corviknight
|faint|p1a: Corviknight
|
|-damage|p2a: Ursaluna|45/100 brn|[from] brn
|upkeep
|
|t:|1757909621
|switch|p1a: Cinderace|Cinderace, M|100/100
|turn|7
|
|t:|1757909629
|-terastallize|p1a: Cinderace|Fire
|move|p1a: Cinderace|Pyro Ball|p2a: Ursaluna
|-damage|p2a: Ursaluna|0 fnt
|faint|p2a: Ursaluna
|-damage|p1a: Cinderace|91/100|[from] item: Life Orb
|
|upkeep
|
|t:|1757909637
|switch|p2a: Dragapult|Dragapult, F|100/100
|turn|8
|
|t:|1757909641
|switch|p1a: Garganacl|Garganacl, M|100/100
|move|p2a: Dragapult|Dragon Darts|p1a: Garganacl
|-damage|p1a: Garganacl|86/100
|-anim|p2a: Dragapult|Dragon Darts|p1a: Garganacl
|-damage|p1a: Garganacl|72/100
|
|-heal|p1a: Garganacl|78/100|[from] item: Leftovers
|upkeep
|turn|9
|
|t:|1757909646
|move|p2a: Dragapult|U-turn|p1a: Garganacl
|-damage|p1a: Garganacl|65/100
|
|t:|1757909649
|switch|p2a: Ditto|Ditto|100/100|[from] U-turn
|-transform|p2a: Ditto|p1a: Garganacl|[from] ability: Imposter
|move|p1a: Garganacl|Stealth Rock|p2a: Ditto
|-sidestart|p2: ignavos|move: Stealth Rock
|
|-heal|p1a: Garganacl|72/100|[from] item: Leftovers
|upkeep
|turn|10
|
|t:|1757909658
|move|p2a: Ditto|Salt Cure|p1a: Garganacl
|-damage|p1a: Garganacl|62/100
|-start|p1a: Garganacl|Salt Cure
|move|p1a: Garganacl|Salt Cure|p2a: Ditto
|-damage|p2a: Ditto|88/100
|-start|p2a: Ditto|Salt Cure
|
|-heal|p1a: Garganacl|69/100|[from] item: Leftovers
|-damage|p2a: Ditto|76/100|[from] Salt Cure
|-damage|p1a: Garganacl|56/100|[from] Salt Cure
|upkeep
|turn|11
|
|t:|1757909663
|switch|p1a: Samurott|Samurott-Hisui, F|81/100 psn
|move|p2a: Ditto|Salt Cure|p1a: Samurott
|-damage|p1a: Samurott|63/100 psn
|-start|p1a: Samurott|Salt Cure
|
|-damage|p1a: Samurott|51/100 psn|[from] psn
|-damage|p1a: Samurott|26/100 psn|[from] Salt Cure
|-damage|p2a: Ditto|64/100|[from] Salt Cure
|upkeep
|turn|12
|
|t:|1757909674
|-terastallize|p2a: Ditto|Normal
|move|p1a: Samurott|Ceaseless Edge|p2a: Ditto
|-damage|p2a: Ditto|28/100
|-sidestart|p2: ignavos|Spikes
|move|p2a: Ditto|Salt Cure|p1a: Samurott
|-damage|p1a: Samurott|7/100 psn
|
|-damage|p1a: Samurott|0 fnt|[from] psn
|faint|p1a: Samurott
|-damage|p2a: Ditto|15/100|[from] Salt Cure
|upkeep
|
|t:|1757909684
|switch|p1a: Cinderace|Cinderace, M, tera:Fire|91/100
|turn|13
|
|t:|1757909688
|switch|p2a: Dragapult|Dragapult, F|100/100
|move|p1a: Cinderace|U-turn|p2a: Dragapult
|-resisted|p2a: Dragapult
|-damage|p2a: Dragapult|80/100
|-damage|p1a: Cinderace|81/100|[from] item: Life Orb
|
|t:|1757909694
|switch|p1a: Garganacl|Garganacl, M|56/100|[from] U-turn
|
|-heal|p1a: Garganacl|62/100|[from] item: Leftovers
|upkeep
|turn|14
|
|t:|1757909699
|move|p2a: Dragapult|Dragon Darts|p1a: Garganacl
|-damage|p1a: Garganacl|50/100
|-anim|p2a: Dragapult|Dragon Darts|p1a: Garganacl
|-damage|p1a: Garganacl|35/100
|move|p1a: Garganacl|Recover|p1a: Garganacl
|-heal|p1a: Garganacl|85/100
|
|-heal|p1a: Garganacl|91/100|[from] item: Leftovers
|upkeep
|turn|15
|
|t:|1757909707
|move|p2a: Dragapult|U-turn|p1a: Garganacl
|-damage|p1a: Garganacl|77/100
|
|t:|1757909715
|switch|p2a: Grimmsnarl|Grimmsnarl, M|100/100|[from] U-turn
|-damage|p2a: Grimmsnarl|88/100|[from] Stealth Rock
|-damage|p2a: Grimmsnarl|76/100|[from] Spikes
|move|p1a: Garganacl|Salt Cure|p2a: Grimmsnarl
|-damage|p2a: Grimmsnarl|58/100
|-start|p2a: Grimmsnarl|Salt Cure
|
|-heal|p1a: Garganacl|84/100|[from] item: Leftovers
|-damage|p2a: Grimmsnarl|45/100|[from] Salt Cure
|upkeep
|turn|16
|
|t:|1757909723
|move|p2a: Grimmsnarl|Reflect|p2a: Grimmsnarl
|-sidestart|p2: ignavos|Reflect
|move|p1a: Garganacl|Rock Slide|p2a: Grimmsnarl
|-damage|p2a: Grimmsnarl|30/100
|
|-heal|p1a: Garganacl|90/100|[from] item: Leftovers
|-damage|p2a: Grimmsnarl|18/100|[from] Salt Cure
|upkeep
|turn|17
|
|t:|1757909729
|move|p2a: Grimmsnarl|Light Screen|p2a: Grimmsnarl
|-sidestart|p2: ignavos|move: Light Screen
|move|p1a: Garganacl|Salt Cure|p2a: Grimmsnarl
|-damage|p2a: Grimmsnarl|9/100
|
|-heal|p1a: Garganacl|96/100|[from] item: Leftovers
|-damage|p2a: Grimmsnarl|0 fnt|[from] Salt Cure
|faint|p2a: Grimmsnarl
|upkeep
|
|t:|1757909732
|switch|p2a: Corviknight|Corviknight, M|100/100
|-damage|p2a: Corviknight|88/100|[from] Stealth Rock
|-ability|p2a: Corviknight|Pressure
|turn|18
|
|t:|1757909737
|move|p2a: Corviknight|Iron Defense|p2a: Corviknight
|-boost|p2a: Corviknight|def|2
|move|p1a: Garganacl|Salt Cure|p2a: Corviknight
|-damage|p2a: Corviknight|86/100
|-start|p2a: Corviknight|Salt Cure
|
|-heal|p1a: Garganacl|100/100|[from] item: Leftovers
|-damage|p2a: Corviknight|61/100|[from] Salt Cure
|upkeep
|turn|19
|
|t:|1757909746
|move|p2a: Corviknight|Iron Defense|p2a: Corviknight
|-boost|p2a: Corviknight|def|2
|move|p1a: Garganacl|Recover||[still]
|-fail|p1a: Garganacl|heal
|
|-damage|p2a: Corviknight|36/100|[from] Salt Cure
|upkeep
|turn|20
|
|t:|1757909749
|move|p2a: Corviknight|Body Press|p1a: Garganacl
|-supereffective|p1a: Garganacl
|-damage|p1a: Garganacl|6/100
|move|p1a: Garganacl|Salt Cure|p2a: Corviknight
|-damage|p2a: Corviknight|34/100
|
|-heal|p1a: Garganacl|12/100|[from] item: Leftovers
|-damage|p2a: Corviknight|9/100|[from] Salt Cure
|upkeep
|turn|21
|
|t:|1757909753
|switch|p1a: Landorus|Landorus-Therian, M|100/100
|-ability|p1a: Landorus|Intimidate|boost
|-unboost|p2a: Corviknight|atk|1
|move|p2a: Corviknight|Roost|p2a: Corviknight
|-heal|p2a: Corviknight|59/100
|-singleturn|p2a: Corviknight|move: Roost
|
|-damage|p2a: Corviknight|34/100|[from] Salt Cure
|upkeep
|turn|22
|
|t:|1757909761
|move|p1a: Landorus|Rock Slide|p2a: Corviknight
|-damage|p2a: Corviknight|30/100
|-damage|p1a: Landorus|90/100|[from] item: Life Orb
|cant|p2a: Corviknight|flinch
|
|-damage|p2a: Corviknight|5/100|[from] Salt Cure
|upkeep
|turn|23
|
|t:|1757909767
|move|p1a: Landorus|Rock Slide|p2a: Corviknight
|-damage|p2a: Corviknight|2/100
|-damage|p1a: Landorus|80/100|[from] item: Life Orb
|move|p2a: Corviknight|Roost|p2a: Corviknight
|-heal|p2a: Corviknight|52/100
|-singleturn|p2a: Corviknight|move: Roost
|
|-damage|p2a: Corviknight|27/100|[from] Salt Cure
|-sideend|p2: ignavos|Reflect
|upkeep
|turn|24
|
|t:|1757909772
|move|p1a: Landorus|Swords Dance|p1a: Landorus
|-boost|p1a: Landorus|atk|2
|move|p2a: Corviknight|Roost|p2a: Corviknight
|-heal|p2a: Corviknight|77/100
|-singleturn|p2a: Corviknight|move: Roost
|
|-damage|p2a: Corviknight|52/100|[from] Salt Cure
|-sideend|p2: ignavos|move: Light Screen
|upkeep
|turn|25
|
|t:|1757909780
|move|p1a: Landorus|Swords Dance|p1a: Landorus
|-boost|p1a: Landorus|atk|2
|move|p2a: Corviknight|Iron Defense|p2a: Corviknight
|-boost|p2a: Corviknight|def|2
|
|-damage|p2a: Corviknight|27/100|[from] Salt Cure
|upkeep
|turn|26
|
|t:|1757909784
|move|p1a: Landorus|Rock Slide|p2a: Corviknight
|-damage|p2a: Corviknight|11/100
|-damage|p1a: Landorus|70/100|[from] item: Life Orb
|move|p2a: Corviknight|Roost|p2a: Corviknight
|-heal|p2a: Corviknight|61/100
|-singleturn|p2a: Corviknight|move: Roost
|
|-damage|p2a: Corviknight|36/100|[from] Salt Cure
|upkeep
|turn|27
|
|t:|1757909790
|move|p1a: Landorus|Swords Dance|p1a: Landorus
|-boost|p1a: Landorus|atk|2
|move|p2a: Corviknight|Roost|p2a: Corviknight
|-heal|p2a: Corviknight|86/100
|-singleturn|p2a: Corviknight|move: Roost
|
|-damage|p2a: Corviknight|61/100|[from] Salt Cure
|upkeep
|turn|28
|
|t:|1757909795
|move|p1a: Landorus|Rock Slide|p2a: Corviknight
|-damage|p2a: Corviknight|41/100
|-damage|p1a: Landorus|60/100|[from] item: Life Orb
|move|p2a: Corviknight|Roost|p2a: Corviknight
|-heal|p2a: Corviknight|91/100
|-singleturn|p2a: Corviknight|move: Roost
|
|-damage|p2a: Corviknight|66/100|[from] Salt Cure
|upkeep
|turn|29
|
|t:|1757909804
|move|p1a: Landorus|Rock Slide|p2a: Corviknight
|-damage|p2a: Corviknight|44/100
|-damage|p1a: Landorus|50/100|[from] item: Life Orb
|cant|p2a: Corviknight|flinch
|
|-damage|p2a: Corviknight|19/100|[from] Salt Cure
|upkeep
|turn|30
|
|t:|1757909810
|move|p1a: Landorus|Rock Slide|p2a: Corviknight
|-damage|p2a: Corviknight|0 fnt
|faint|p2a: Corviknight
|-damage|p1a: Landorus|40/100|[from] item: Life Orb
|
|upkeep
|
|t:|1757909814
|switch|p2a: Ditto|Ditto, tera:Normal|15/100
|-damage|p2a: Ditto|3/100|[from] Stealth Rock
|-damage|p2a: Ditto|0 fnt|[from] Spikes
|faint|p2a: Ditto
|
|t:|1757909818
|switch|p2a: Dragapult|Dragapult, F|80/100
|turn|31
|
|t:|1757909825
|move|p2a: Dragapult|Dragon Darts|p1a: Landorus
|-damage|p1a: Landorus|13/100
|-anim|p2a: Dragapult|Dragon Darts|p1a: Landorus
|-damage|p1a: Landorus|0 fnt
|faint|p1a: Landorus
|
|upkeep
|
|t:|1757909833
|switch|p1a: Zapdos|Zapdos|100/100
|turn|32
|-message|ignavos forfeited.
|
|win|richitar
|raw|richitar's rating: 1141 &rarr; <strong>1166</strong><br />(+25 for winning)
|raw|ignavos's rating: 1142 &rarr; <strong>1117</strong><br />(-25 for losing)
|l|☆ignavos
|player|p2|
|l|☆richitar
|player|p1|
