|j|‽DiceyRice
|j|☆UltraGodGreninja
|t:|1757792238
|gametype|singles
|player|p1|DiceyRice|hilda-wonderlauncher|1593
|player|p2|UltraGodGreninja|skyla|1570
|gen|9
|tier|[Gen 9] OU
|rated|
|rule|HP Percentage Mod: HP is shown in percentages
|rule|Endless Battle Clause: Forcing endless battles is banned
|rule|Species Clause: Limit one of each Pokémon
|rule|OHKO Clause: OHKO moves are banned
|rule|Evasion Items Clause: Evasion items are banned
|rule|Evasion Moves Clause: Evasion moves are banned
|rule|Evasion Abilities Clause: Evasion abilities are banned
|rule|Sleep Moves Clause: Sleep-inducing moves are banned
|clearpoke
|poke|p1|Indeedee, M|
|poke|p1|Hatterene, F|
|poke|p1|Armarouge, M|
|poke|p1|Cinderace, F|
|poke|p1|Ursaluna, M|
|poke|p1|Porygon2|
|poke|p2|Dragonite, F|
|poke|p2|Zapdos|
|poke|p2|Hydrapple, M|
|poke|p2|Heatran, F|
|poke|p2|Primarina, M|
|poke|p2|Great Tusk|
|teampreview
|
|t:|1757792254
|teamsize|p1|6
|teamsize|p2|6
|start
|switch|p1a: Indeedee|Indeedee, M|100/100
|switch|p2a: Heatran|Heatran, F|100/100
|-fieldstart|move: Psychic Terrain|[from] ability: Psychic Surge|[of] p1a: Indeedee
|turn|1
|
|t:|1757792271
|switch|p1a: Ursaluna|Ursaluna, M|100/100
|move|p2a: Heatran|Lava Plume|p1a: Ursaluna
|-damage|p1a: Ursaluna|70/100
|
|-status|p1a: Ursaluna|brn|[from] item: Flame Orb
|upkeep
|turn|2
|
|t:|1757792281
|switch|p2a: Dragonite|Dragonite, F|100/100
|move|p1a: Ursaluna|Headlong Rush|p2a: Dragonite
|-immune|p2a: Dragonite
|
|-damage|p1a: Ursaluna|64/100 brn|[from] brn
|upkeep
|turn|3
|
|t:|1757792288
|move|p2a: Dragonite|Dragon Dance|p2a: Dragonite
|-boost|p2a: Dragonite|atk|1
|-boost|p2a: Dragonite|spe|1
|move|p1a: Ursaluna|Facade|p2a: Dragonite
|-damage|p2a: Dragonite|35/100
|
|-damage|p1a: Ursaluna|58/100 brn|[from] brn
|upkeep
|turn|4
|
|t:|1757792298
|switch|p1a: Hatterene|Hatterene, F|100/100
|-terastallize|p2a: Dragonite|Water
|move|p2a: Dragonite|Waterfall|p1a: Hatterene
|-damage|p1a: Hatterene|35/100
|-damage|p2a: Dragonite|18/100|[from] item: Rocky Helmet|[of] p1a: Hatterene
|
|upkeep
|turn|5
|
|t:|1757792302
|move|p2a: Dragonite|Earthquake|p1a: Hatterene
|-damage|p1a: Hatterene|0 fnt
|faint|p1a: Hatterene
|
|upkeep
|
|t:|1757792303
|switch|p1a: Cinderace|Cinderace, F|100/100
|turn|6
|
|t:|1757792307
|move|p1a: Cinderace|U-turn|p2a: Dragonite
|-start|p1a: Cinderace|typechange|Bug|[from] ability: Libero
|-damage|p2a: Dragonite|0 fnt
|faint|p2a: Dragonite
|
|t:|1757792312
|switch|p1a: Armarouge|Armarouge, M|100/100|[from] U-turn
|
|upkeep
|
|t:|1757792316
|switch|p2a: Heatran|Heatran, F|100/100
|turn|7
|
|t:|1757792325
|move|p1a: Armarouge|Expanding Force|p2a: Heatran
|-resisted|p2a: Heatran
|-damage|p2a: Heatran|75/100
|move|p2a: Heatran|Stealth Rock|p1a: Armarouge
|-sidestart|p1: DiceyRice|move: Stealth Rock
|
|-heal|p2a: Heatran|81/100|[from] item: Leftovers
|upkeep
|turn|8
|
|t:|1757792329
|switch|p1a: Cinderace|Cinderace, F|100/100
|-damage|p1a: Cinderace|76/100|[from] Stealth Rock
|move|p2a: Heatran|Earth Power|p1a: Cinderace
|-supereffective|p1a: Cinderace
|-damage|p1a: Cinderace|5/100
|
|-heal|p2a: Heatran|87/100|[from] item: Leftovers
|-fieldend|move: Psychic Terrain
|upkeep
|turn|9
|
|t:|1757792336
|move|p1a: Cinderace|High Jump Kick|p2a: Heatran
|-start|p1a: Cinderace|typechange|Fighting|[from] ability: Libero
|-supereffective|p2a: Heatran
|-damage|p2a: Heatran|0 fnt
|faint|p2a: Heatran
|
|upkeep
|
|t:|1757792350
|switch|p2a: Great Tusk|Great Tusk|100/100
|turn|10
|
|t:|1757792367
|move|p1a: Cinderace|High Jump Kick|p2a: Great Tusk
|-damage|p2a: Great Tusk|59/100
|move|p2a: Great Tusk|Rapid Spin|p1a: Cinderace
|-damage|p1a: Cinderace|0 fnt
|-boost|p2a: Great Tusk|spe|1
|faint|p1a: Cinderace
|
|upkeep
|
|t:|1757792369
|switch|p1a: Indeedee|Indeedee, M|100/100
|-damage|p1a: Indeedee|88/100|[from] Stealth Rock
|-fieldstart|move: Psychic Terrain|[from] ability: Psychic Surge|[of] p1a: Indeedee
|turn|11
|
|t:|1757792379
|-end|p2a: Great Tusk|Protosynthesis|[silent]
|switch|p2a: Hydrapple|Hydrapple, M|100/100
|move|p1a: Indeedee|Expanding Force|p2a: Hydrapple
|-damage|p2a: Hydrapple|33/100
|
|upkeep
|turn|12
|
|t:|1757792383
|switch|p2a: Zapdos|Zapdos|100/100
|move|p1a: Indeedee|Expanding Force|p2a: Zapdos
|-damage|p2a: Zapdos|27/100
|
|upkeep
|turn|13
|
|t:|1757792385
|move|p1a: Indeedee|Expanding Force|p2a: Zapdos
|-damage|p2a: Zapdos|0 fnt
|faint|p2a: Zapdos
|
|upkeep
|
|t:|1757792387
|switch|p2a: Primarina|Primarina, M|100/100
|turn|14
|
|t:|1757792398
|move|p1a: Indeedee|Expanding Force|p2a: Primarina
|-damage|p2a: Primarina|68/100
|move|p2a: Primarina|Draining Kiss|p1a: Indeedee
|-damage|p1a: Indeedee|56/100
|-heal|p2a: Primarina|88/100|[from] drain|[of] p1a: Indeedee
|
|upkeep
|turn|15
|
|t:|1757792405
|move|p2a: Primarina|Draining Kiss|p1a: Indeedee
|-damage|p1a: Indeedee|24/100
|-heal|p2a: Primarina|100/100|[from] drain|[of] p1a: Indeedee
|move|p1a: Indeedee|Trick Room|p1a: Indeedee
|-fieldstart|move: Trick Room|[of] p1a: Indeedee
|
|upkeep
|turn|16
|
|t:|1757792412
|move|p2a: Primarina|Moonblast|p1a: Indeedee
|-damage|p1a: Indeedee|0 fnt
|faint|p1a: Indeedee
|
|upkeep
|
|t:|1757792414
|switch|p1a: Ursaluna|Ursaluna, M|58/100 brn
|-damage|p1a: Ursaluna|51/100 brn|[from] Stealth Rock
|turn|17
|
|t:|1757792422
|switch|p2a: Great Tusk|Great Tusk|59/100
|-terastallize|p1a: Ursaluna|Normal
|move|p1a: Ursaluna|Facade|p2a: Great Tusk
|-damage|p2a: Great Tusk|0 fnt
|faint|p2a: Great Tusk
|-end|p2a: Great Tusk|Protosynthesis|[silent]
|
|-damage|p1a: Ursaluna|45/100 brn|[from] brn
|upkeep
|
|t:|1757792429
|switch|p2a: Hydrapple|Hydrapple, M|66/100
|turn|18
|j| untaken0name
|
|t:|1757792430
|move|p1a: Ursaluna|Facade|p2a: Hydrapple
|-damage|p2a: Hydrapple|0 fnt
|faint|p2a: Hydrapple
|
|-damage|p1a: Ursaluna|39/100 brn|[from] brn
|-fieldend|move: Psychic Terrain
|upkeep
|-message|UltraGodGreninja forfeited.
|
|win|DiceyRice
|raw|DiceyRice's rating: 1593 &rarr; <strong>1612</strong><br />(+19 for winning)
|raw|UltraGodGreninja's rating: 1570 &rarr; <strong>1551</strong><br />(-19 for losing)
|l|☆UltraGodGreninja
|player|p2|
