|j|☆Balllentus
|j|☆wggwgwegwegwegwe
|t:|1757806279
|gametype|singles
|player|p1|Balllentus|preschooler|1011
|player|p2|wggwgwegwegwegwe|102|1045
|gen|9
|tier|[Gen 9] OU
|rated|
|rule|HP Percentage Mod: HP is shown in percentages
|rule|Endless Battle Clause: Forcing endless battles is banned
|rule|Species Clause: Limit one of each Pokémon
|rule|OHKO Clause: OHKO moves are banned
|rule|Evasion Items Clause: Evasion items are banned
|rule|Evasion Moves Clause: Evasion moves are banned
|rule|Evasion Abilities Clause: Evasion abilities are banned
|rule|Sleep Moves Clause: Sleep-inducing moves are banned
|clearpoke
|poke|p1|Kyurem|
|poke|p1|Tyranitar, M|
|poke|p1|Blaziken, M|
|poke|p1|Zapdos|
|poke|p1|Corviknight, M|
|poke|p1|Samurott-Hisui, M|
|poke|p2|Glimmora, F|
|poke|p2|Incineroar, M|
|poke|p2|Garchomp, F|
|poke|p2|Amoonguss, F|
|poke|p2|Scizor, F|
|poke|p2|Rotom-Wash|
|teampreview
|
|t:|1757806302
|teamsize|p1|6
|teamsize|p2|6
|start
|switch|p1a: Cracker|Tyranitar, M|100/100
|switch|p2a: Glimmora|Glimmora, F, shiny|100/100
|-weather|Sandstorm|[from] ability: Sand Stream|[of] p1a: Cracker
|turn|1
|
|t:|1757806313
|move|p1a: Cracker|Stone Edge|p2a: Glimmora
|-damage|p2a: Glimmora|48/100
|-activate|p2a: Glimmora|ability: Toxic Debris
|-sidestart|p1: Balllentus|move: Toxic Spikes
|move|p2a: Glimmora|Stealth Rock|p1a: Cracker
|-sidestart|p1: Balllentus|move: Stealth Rock
|
|-weather|Sandstorm|[upkeep]
|upkeep
|turn|2
|
|t:|1757806329
|-terastallize|p1a: Cracker|Rock
|move|p1a: Cracker|Stone Edge|p2a: Glimmora
|-damage|p2a: Glimmora|0 fnt
|-activate|p2a: Glimmora|ability: Toxic Debris
|-sidestart|p1: Balllentus|move: Toxic Spikes
|faint|p2a: Glimmora
|
|-weather|Sandstorm|[upkeep]
|upkeep
|
|t:|1757806340
|switch|p2a: Rotom|Rotom-Wash, shiny|100/100
|turn|3
|
|t:|1757806346
|move|p2a: Rotom|Hydro Pump|p1a: Cracker
|-supereffective|p1a: Cracker
|-damage|p1a: Cracker|30/100
|move|p1a: Cracker|Stone Edge|p2a: Rotom
|-damage|p2a: Rotom|7/100
|
|-weather|Sandstorm|[upkeep]
|-damage|p2a: Rotom|0 fnt|[from] Sandstorm
|faint|p2a: Rotom
|upkeep
|inactive|Battle timer is ON: inactive players will automatically lose when time's up. (requested by Balllentus)
|
|t:|1757806380
|switch|p2a: Garchomp|Garchomp, F, shiny|100/100
|turn|4
|
|t:|1757806385
|move|p1a: Cracker|Stone Edge|p2a: Garchomp
|-resisted|p2a: Garchomp
|-crit|p2a: Garchomp
|-damage|p2a: Garchomp|49/100
|move|p2a: Garchomp|Iron Head|p1a: Cracker
|-supereffective|p1a: Cracker
|-damage|p1a: Cracker|0 fnt
|faint|p1a: Cracker
|-damage|p2a: Garchomp|39/100|[from] item: Life Orb
|
|-weather|Sandstorm|[upkeep]
|upkeep
|
|t:|1757806398
|switch|p1a: Funni Seal|Samurott-Hisui, M|100/100
|-status|p1a: Funni Seal|tox
|-damage|p1a: Funni Seal|88/100 tox|[from] Stealth Rock
|turn|5
|
|t:|1757806424
|move|p2a: Garchomp|Protect|p2a: Garchomp
|-singleturn|p2a: Garchomp|Protect
|move|p1a: Funni Seal|Sacred Sword|p2a: Garchomp
|-activate|p2a: Garchomp|move: Protect
|
|-weather|none
|-damage|p1a: Funni Seal|82/100 tox|[from] psn
|upkeep
|turn|6
|inactive|wggwgwegwegwegwe has 120 seconds left.
|
|t:|1757806441
|-terastallize|p2a: Garchomp|Fairy
|move|p2a: Garchomp|Earthquake|p1a: Funni Seal
|-damage|p1a: Funni Seal|0 fnt
|faint|p1a: Funni Seal
|-damage|p2a: Garchomp|29/100|[from] item: Life Orb
|
|upkeep
|
|t:|1757806447
|switch|p1a: Thunder birb|Zapdos, shiny|100/100
|turn|7
|
|t:|1757806462
|move|p2a: Garchomp|Protect|p2a: Garchomp
|-singleturn|p2a: Garchomp|Protect
|move|p1a: Thunder birb|Heat Wave|p2a: Garchomp
|-activate|p2a: Garchomp|move: Protect
|
|upkeep
|turn|8
|
|t:|1757806473
|switch|p2a: Incineroar|Incineroar, M, shiny|100/100
|-ability|p2a: Incineroar|Intimidate|boost
|-unboost|p1a: Thunder birb|atk|1
|move|p1a: Thunder birb|Heat Wave|p2a: Incineroar
|-resisted|p2a: Incineroar
|-damage|p2a: Incineroar|88/100
|
|upkeep
|turn|9
|inactive|Balllentus has 120 seconds left.
|
|t:|1757806510
|move|p2a: Incineroar|Fake Out|p1a: Thunder birb
|-damage|p1a: Thunder birb|93/100
|cant|p1a: Thunder birb|flinch
|
|upkeep
|turn|10
|
|t:|1757806520
|move|p1a: Thunder birb|Hurricane|p2a: Incineroar|[miss]
|-miss|p1a: Thunder birb|p2a: Incineroar
|move|p2a: Incineroar|Flare Blitz|p1a: Thunder birb
|-damage|p1a: Thunder birb|59/100
|-damage|p2a: Incineroar|77/100|[from] Recoil
|
|upkeep
|turn|11
|
|t:|1757806530
|move|p1a: Thunder birb|Thunder Shock|p2a: Incineroar
|-damage|p2a: Incineroar|61/100
|move|p2a: Incineroar|Parting Shot|p1a: Thunder birb
|-unboost|p1a: Thunder birb|atk|1
|-unboost|p1a: Thunder birb|spa|1
|
|t:|1757806538
|switch|p2a: Garchomp|Garchomp, F, shiny, tera:Fairy|29/100|[from] Parting Shot
|
|upkeep
|turn|12
|
|t:|1757806546
|move|p2a: Garchomp|Dragon Claw|p1a: Thunder birb
|-damage|p1a: Thunder birb|20/100
|-damage|p2a: Garchomp|20/100|[from] item: Life Orb
|move|p1a: Thunder birb|Heat Wave|p2a: Garchomp
|-damage|p2a: Garchomp|1/100
|
|upkeep
|turn|13
|
|t:|1757806558
|switch|p2a: Incineroar|Incineroar, M, shiny|61/100
|-ability|p2a: Incineroar|Intimidate|boost
|-unboost|p1a: Thunder birb|atk|1
|move|p1a: Thunder birb|Thunder Shock|p2a: Incineroar
|-crit|p2a: Incineroar
|-damage|p2a: Incineroar|38/100
|-enditem|p2a: Incineroar|Sitrus Berry|[eat]
|-heal|p2a: Incineroar|63/100|[from] item: Sitrus Berry
|
|upkeep
|turn|14
|
|t:|1757806568
|switch|p1a: Uber eats delivery|Corviknight, M, shiny|100/100
|-damage|p1a: Uber eats delivery|88/100|[from] Stealth Rock
|-ability|p1a: Uber eats delivery|Pressure
|move|p2a: Incineroar|Fake Out|p1a: Uber eats delivery
|-resisted|p1a: Uber eats delivery
|-damage|p1a: Uber eats delivery|84/100
|-damage|p2a: Incineroar|47/100|[from] item: Rocky Helmet|[of] p1a: Uber eats delivery
|
|upkeep
|turn|15
|
|t:|1757806578
|move|p1a: Uber eats delivery|Brave Bird|p2a: Incineroar
|-damage|p2a: Incineroar|23/100
|-damage|p1a: Uber eats delivery|77/100|[from] Recoil
|move|p2a: Incineroar|Flare Blitz|p1a: Uber eats delivery
|-supereffective|p1a: Uber eats delivery
|-damage|p1a: Uber eats delivery|21/100
|-damage|p2a: Incineroar|6/100|[from] item: Rocky Helmet|[of] p1a: Uber eats delivery
|-damage|p2a: Incineroar|0 fnt|[from] Recoil
|faint|p2a: Incineroar
|
|upkeep
|c|☆Balllentus|skkkskk
|inactive|wggwgwegwegwegwe has 120 seconds left.
|
|t:|1757806610
|switch|p2a: Garchomp|Garchomp, F, shiny, tera:Fairy|1/100
|turn|16
|
|t:|1757806615
|move|p2a: Garchomp|Dragon Claw|p1a: Uber eats delivery
|-resisted|p1a: Uber eats delivery
|-damage|p1a: Uber eats delivery|4/100
|-damage|p2a: Garchomp|0 fnt|[from] item: Rocky Helmet|[of] p1a: Uber eats delivery
|faint|p2a: Garchomp
|move|p1a: Uber eats delivery|Brave Bird|p2: Garchomp|[notarget]
|-fail|p1a: Uber eats delivery
|
|upkeep
|
|t:|1757806624
|switch|p2a: Scizor|Scizor, F, shiny|100/100
|turn|17
|
|t:|1757806627
|move|p2a: Scizor|Bullet Punch|p1a: Uber eats delivery
|-resisted|p1a: Uber eats delivery
|-damage|p1a: Uber eats delivery|0 fnt
|-damage|p2a: Scizor|84/100|[from] item: Rocky Helmet|[of] p1a: Uber eats delivery
|faint|p1a: Uber eats delivery
|-damage|p2a: Scizor|74/100|[from] item: Life Orb
|
|upkeep
|
|t:|1757806634
|switch|p1a: Microwave|Blaziken, M|100/100
|-status|p1a: Microwave|tox
|-damage|p1a: Microwave|88/100 tox|[from] Stealth Rock
|turn|18
|
|t:|1757806643
|move|p1a: Microwave|Close Combat|p2a: Scizor
|-damage|p2a: Scizor|10/100
|-unboost|p1a: Microwave|def|1
|-unboost|p1a: Microwave|spd|1
|move|p2a: Scizor|Aerial Ace|p1a: Microwave
|-supereffective|p1a: Microwave
|-damage|p1a: Microwave|0 fnt
|faint|p1a: Microwave
|-damage|p2a: Scizor|0 fnt|[from] item: Life Orb
|faint|p2a: Scizor
|
|upkeep
|
|t:|1757806655
|switch|p1a: Refrigarator|Kyurem|100/100
|switch|p2a: Amoonguss|Amoonguss, F, shiny|100/100
|-ability|p1a: Refrigarator|Pressure
|turn|19
|
|t:|1757806680
|move|p1a: Refrigarator|Icicle Spear|p2a: Amoonguss
|-supereffective|p2a: Amoonguss
|-damage|p2a: Amoonguss|76/100
|-supereffective|p2a: Amoonguss
|-damage|p2a: Amoonguss|51/100
|-supereffective|p2a: Amoonguss
|-damage|p2a: Amoonguss|26/100
|-hitcount|p2a: Amoonguss|3
|move|p2a: Amoonguss|Toxic|p1a: Refrigarator
|-status|p1a: Refrigarator|tox
|
|-heal|p2a: Amoonguss|32/100|[from] item: Black Sludge
|-damage|p1a: Refrigarator|94/100 tox|[from] psn
|upkeep
|turn|20
|
|t:|1757806699
|move|p1a: Refrigarator|Icicle Spear|p2a: Amoonguss
|-supereffective|p2a: Amoonguss
|-damage|p2a: Amoonguss|9/100
|-supereffective|p2a: Amoonguss
|-damage|p2a: Amoonguss|0 fnt
|faint|p2a: Amoonguss
|-hitcount|p2: Amoonguss|2
|
|win|Balllentus
|raw|Balllentus's rating: 1011 &rarr; <strong>1053</strong><br />(+42 for winning)
|raw|wggwgwegwegwegwe's rating: 1045 &rarr; <strong>1027</strong><br />(-18 for losing)
|l|☆wggwgwegwegwegwe
|player|p2|
