|j|☆Noryemak
|j|☆f3nn4
|t:|1757946502
|gametype|singles
|player|p1|Noryemak|gentleman-gen4|1070
|player|p2|f3nn4|2|1074
|gen|9
|tier|[Gen 9] OU
|rated|
|rule|HP Percentage Mod: HP is shown in percentages
|rule|Endless Battle Clause: Forcing endless battles is banned
|rule|Species Clause: Limit one of each Pokémon
|rule|OHKO Clause: OHKO moves are banned
|rule|Evasion Items Clause: Evasion items are banned
|rule|Evasion Moves Clause: Evasion moves are banned
|rule|Evasion Abilities Clause: Evasion abilities are banned
|rule|Sleep Moves Clause: Sleep-inducing moves are banned
|clearpoke
|poke|p1|Ceruledge, F|
|poke|p1|Kyurem|
|poke|p1|Slowking-Galar, F|
|poke|p1|Haxorus, M|
|poke|p1|Florges-Orange, F|
|poke|p1|Regigigas|
|poke|p2|Alomomola, F|
|poke|p2|Corviknight, F|
|poke|p2|Gliscor, M|
|poke|p2|Garganacl, F|
|poke|p2|Enamorus, F|
|poke|p2|Dragonite, F|
|teampreview
|inactive|Battle timer is ON: inactive players will automatically lose when time's up. (requested by Noryemak)
|
|t:|1757946518
|teamsize|p1|6
|teamsize|p2|6
|start
|switch|p1a: Ryujin Jakka|Ceruledge, F|100/100
|switch|p2a: Gliscor|Gliscor, M|100/100
|turn|1
|
|t:|1757946527
|move|p1a: Ryujin Jakka|Swords Dance|p1a: Ryujin Jakka
|-boost|p1a: Ryujin Jakka|atk|2
|move|p2a: Gliscor|Knock Off|p1a: Ryujin Jakka
|-supereffective|p1a: Ryujin Jakka
|-damage|p1a: Ryujin Jakka|40/100
|-ability|p1a: Ryujin Jakka|Weak Armor|boost
|-unboost|p1a: Ryujin Jakka|def|1
|-boost|p1a: Ryujin Jakka|spe|2
|-enditem|p1a: Ryujin Jakka|Focus Sash|[from] move: Knock Off|[of] p2a: Gliscor
|
|-status|p2a: Gliscor|tox|[from] item: Toxic Orb
|upkeep
|turn|2
|
|t:|1757946538
|-terastallize|p1a: Ryujin Jakka|Ghost
|move|p1a: Ryujin Jakka|Shadow Claw|p2a: Gliscor
|-damage|p2a: Gliscor|48/100 tox
|move|p2a: Gliscor|Knock Off|p1a: Ryujin Jakka
|-supereffective|p1a: Ryujin Jakka
|-damage|p1a: Ryujin Jakka|0 fnt
|faint|p1a: Ryujin Jakka
|
|-heal|p2a: Gliscor|60/100 tox|[from] ability: Poison Heal
|upkeep
|
|t:|1757946551
|switch|p1a: Hyorinmaru|Kyurem|100/100
|-ability|p1a: Hyorinmaru|Pressure
|turn|3
|
|t:|1757946562
|move|p1a: Hyorinmaru|Icicle Spear|p2a: Gliscor
|-supereffective|p2a: Gliscor
|-crit|p2a: Gliscor
|-damage|p2a: Gliscor|15/100 tox
|-supereffective|p2a: Gliscor
|-damage|p2a: Gliscor|0 fnt
|faint|p2a: Gliscor
|-hitcount|p2: Gliscor|2
|
|upkeep
|
|t:|1757946566
|switch|p2a: Enamorus|Enamorus, F|100/100
|turn|4
|
|t:|1757946572
|switch|p1a: Kyoka Suigetsu|Slowking-Galar, F|100/100
|move|p2a: Enamorus|Superpower|p1a: Kyoka Suigetsu
|-resisted|p1a: Kyoka Suigetsu
|-damage|p1a: Kyoka Suigetsu|92/100
|-boost|p2a: Enamorus|atk|1
|-boost|p2a: Enamorus|def|1
|
|upkeep
|turn|5
|
|t:|1757946580
|move|p2a: Enamorus|Zen Headbutt|p1a: Kyoka Suigetsu
|-damage|p1a: Kyoka Suigetsu|59/100
|cant|p1a: Kyoka Suigetsu|flinch
|
|upkeep
|turn|6
|
|t:|1757946584
|move|p2a: Enamorus|Zen Headbutt|p1a: Kyoka Suigetsu
|-damage|p1a: Kyoka Suigetsu|27/100
|cant|p1a: Kyoka Suigetsu|flinch
|
|upkeep
|turn|7
|
|t:|1757946595
|move|p2a: Enamorus|Zen Headbutt|p1a: Kyoka Suigetsu
|-damage|p1a: Kyoka Suigetsu|0 fnt
|faint|p1a: Kyoka Suigetsu
|
|upkeep
|
|t:|1757946597
|switch|p1a: Kenpachi|Regigigas|100/100
|-start|p1a: Kenpachi|ability: Slow Start
|turn|8
|
|t:|1757946603
|move|p2a: Enamorus|Superpower|p1a: Kenpachi
|-supereffective|p1a: Kenpachi
|-damage|p1a: Kenpachi|29/100
|-boost|p2a: Enamorus|atk|1
|-boost|p2a: Enamorus|def|1
|move|p1a: Kenpachi|Heavy Slam|p2a: Enamorus
|-supereffective|p2a: Enamorus
|-damage|p2a: Enamorus|68/100
|
|-heal|p2a: Enamorus|74/100|[from] item: Leftovers
|-heal|p1a: Kenpachi|35/100|[from] item: Leftovers
|upkeep
|turn|9
|
|t:|1757946613
|move|p2a: Enamorus|Superpower|p1a: Kenpachi
|-supereffective|p1a: Kenpachi
|-damage|p1a: Kenpachi|0 fnt
|-boost|p2a: Enamorus|atk|1
|-boost|p2a: Enamorus|def|1
|faint|p1a: Kenpachi
|
|-heal|p2a: Enamorus|80/100|[from] item: Leftovers
|upkeep
|
|t:|1757946618
|switch|p1a: Shorin Ryu|Florges-Orange, F|100/100
|turn|10
|
|t:|1757946625
|move|p2a: Enamorus|Iron Head|p1a: Shorin Ryu
|-supereffective|p1a: Shorin Ryu
|-damage|p1a: Shorin Ryu|0 fnt
|-damage|p2a: Enamorus|64/100|[from] item: Rocky Helmet|[of] p1a: Shorin Ryu
|faint|p1a: Shorin Ryu
|
|-heal|p2a: Enamorus|70/100|[from] item: Leftovers
|upkeep
|
|t:|1757946631
|switch|p1a: Zangetsu|Haxorus, M|100/100
|turn|11
|
|t:|1757946634
|move|p1a: Zangetsu|First Impression|p2a: Enamorus
|-resisted|p2a: Enamorus
|-damage|p2a: Enamorus|65/100
|-damage|p1a: Zangetsu|91/100|[from] item: Life Orb
|move|p2a: Enamorus|Play Rough|p1a: Zangetsu
|-supereffective|p1a: Zangetsu
|-damage|p1a: Zangetsu|0 fnt
|faint|p1a: Zangetsu
|
|-heal|p2a: Enamorus|72/100|[from] item: Leftovers
|upkeep
|
|t:|1757946638
|switch|p1a: Hyorinmaru|Kyurem|100/100
|-ability|p1a: Hyorinmaru|Pressure
|turn|12
|
|t:|1757946647
|move|p2a: Enamorus|Iron Head|p1a: Hyorinmaru
|-supereffective|p1a: Hyorinmaru
|-damage|p1a: Hyorinmaru|3/100
|move|p1a: Hyorinmaru|Icicle Spear|p2a: Enamorus
|-supereffective|p2a: Enamorus
|-damage|p2a: Enamorus|56/100
|-supereffective|p2a: Enamorus
|-damage|p2a: Enamorus|43/100
|-supereffective|p2a: Enamorus
|-damage|p2a: Enamorus|27/100
|-supereffective|p2a: Enamorus
|-damage|p2a: Enamorus|12/100
|-supereffective|p2a: Enamorus
|-crit|p2a: Enamorus
|-damage|p2a: Enamorus|0 fnt
|faint|p2a: Enamorus
|-hitcount|p2: Enamorus|5
|
|upkeep
|
|t:|1757946654
|switch|p2a: Dragonite|Dragonite, F|100/100
|turn|13
|
|t:|1757946661
|move|p2a: Dragonite|Extreme Speed|p1a: Hyorinmaru
|-damage|p1a: Hyorinmaru|0 fnt
|faint|p1a: Hyorinmaru
|
|win|f3nn4
|raw|Noryemak's rating: 1070 &rarr; <strong>1050</strong><br />(-20 for losing)
|raw|f3nn4's rating: 1074 &rarr; <strong>1103</strong><br />(+29 for winning)
|l|☆Noryemak
|player|p1|
|l|☆f3nn4
|player|p2|
