|j|☆cachorrita34
|j|☆Sandvich_eater
|t:|1757938771
|gametype|singles
|player|p1|cachorrita34|volkner|1092
|player|p2|Sandvich_eater|hiker-gen4|1116
|gen|9
|tier|[Gen 9] OU
|rated|
|rule|HP Percentage Mod: HP is shown in percentages
|rule|Endless Battle Clause: Forcing endless battles is banned
|rule|Species Clause: Limit one of each Pokémon
|rule|OHKO Clause: OHKO moves are banned
|rule|Evasion Items Clause: Evasion items are banned
|rule|Evasion Moves Clause: Evasion moves are banned
|rule|Evasion Abilities Clause: Evasion abilities are banned
|rule|Sleep Moves Clause: Sleep-inducing moves are banned
|clearpoke
|poke|p1|Gengar, F|
|poke|p1|Exeggutor, F|
|poke|p1|Umbreon, F|
|poke|p1|Arcanine-Hisui, M|
|poke|p1|Frosmoth, F|
|poke|p1|Iron Treads|
|poke|p2|Incineroar, F|
|poke|p2|Cyclizar, F|
|poke|p2|Alomomola, F|
|poke|p2|Samurott-Hisui, F|
|poke|p2|Gholdengo|
|poke|p2|Iron Valiant|
|teampreview
|inactive|Battle timer is ON: inactive players will automatically lose when time's up. (requested by cachorrita34)
|
|t:|1757938778
|teamsize|p1|6
|teamsize|p2|6
|start
|switch|p1a: Umbreon|Umbreon, F|100/100
|switch|p2a: Heel|Incineroar, F|100/100
|-ability|p2a: Heel|Intimidate|boost
|-unboost|p1a: Umbreon|atk|1
|turn|1
|
|t:|1757938786
|move|p1a: Umbreon|Toxic|p2a: Heel
|-status|p2a: Heel|tox
|move|p2a: Heel|Taunt|p1a: Umbreon
|-start|p1a: Umbreon|move: Taunt
|
|-damage|p2a: Heel|94/100 tox|[from] psn
|upkeep
|turn|2
|
|t:|1757938794
|switch|p1a: Arcanine|Arcanine-Hisui, M|100/100
|move|p2a: Heel|Parting Shot|p1a: Arcanine
|-unboost|p1a: Arcanine|atk|1
|-unboost|p1a: Arcanine|spa|1
|
|t:|1757938801
|switch|p2a: Fat fish|Alomomola, F|100/100|[from] Parting Shot
|
|upkeep
|turn|3
|
|t:|1757938804
|switch|p1a: Umbreon|Umbreon, F|100/100
|move|p2a: Fat fish|Flip Turn|p1a: Umbreon
|-damage|p1a: Umbreon|88/100
|
|t:|1757938812
|switch|p2a: Iron Valiant|Iron Valiant|100/100|[from] Flip Turn
|
|-heal|p1a: Umbreon|94/100|[from] item: Leftovers
|upkeep
|turn|4
|
|t:|1757938817
|move|p1a: Umbreon|Protect|p1a: Umbreon
|-singleturn|p1a: Umbreon|Protect
|move|p2a: Iron Valiant|Moonblast|p1a: Umbreon
|-activate|p1a: Umbreon|move: Protect
|
|-heal|p1a: Umbreon|100/100|[from] item: Leftovers
|upkeep
|turn|5
|
|t:|1757938831
|-end|p2a: Iron Valiant|Quark Drive|[silent]
|switch|p2a: The worst|Gholdengo|100/100
|move|p1a: Umbreon|Toxic|p2a: The worst
|-immune|p2a: The worst|[from] ability: Good as Gold
|
|upkeep
|turn|6
|
|t:|1757938836
|move|p2a: The worst|Thunder Wave|p1a: Umbreon
|-status|p1a: Umbreon|par
|-activate|p1a: Umbreon|ability: Synchronize
|-status|p2a: The worst|par
|move|p1a: Umbreon|Foul Play|p2a: The worst
|-supereffective|p2a: The worst
|-damage|p2a: The worst|78/100 par
|
|-heal|p2a: The worst|84/100 par|[from] item: Leftovers
|upkeep
|turn|7
|
|t:|1757938846
|move|p2a: The worst|Dazzling Gleam|p1a: Umbreon
|-supereffective|p1a: Umbreon
|-damage|p1a: Umbreon|78/100 par
|move|p1a: Umbreon|Foul Play|p2a: The worst
|-supereffective|p2a: The worst
|-damage|p2a: The worst|61/100 par
|
|-heal|p2a: The worst|67/100 par|[from] item: Leftovers
|-heal|p1a: Umbreon|84/100 par|[from] item: Leftovers
|upkeep
|turn|8
|
|t:|1757938855
|switch|p1a: Iron Treads|Iron Treads|100/100
|move|p2a: The worst|Dazzling Gleam|p1a: Iron Treads
|-resisted|p1a: Iron Treads
|-damage|p1a: Iron Treads|90/100
|
|-heal|p2a: The worst|73/100 par|[from] item: Leftovers
|upkeep
|turn|9
|
|t:|1757938864
|switch|p2a: Fat fish|Alomomola, F|100/100
|move|p1a: Iron Treads|Knock Off|p2a: Fat fish
|-damage|p2a: Fat fish|83/100
|-enditem|p2a: Fat fish|Heavy-Duty Boots|[from] move: Knock Off|[of] p1a: Iron Treads
|
|upkeep
|turn|10
|
|t:|1757938875
|-end|p1a: Iron Treads|Quark Drive|[silent]
|switch|p1a: Umbreon|Umbreon, F|84/100 par
|move|p2a: Fat fish|Flip Turn|p1a: Umbreon
|-damage|p1a: Umbreon|69/100 par
|
|t:|1757938893
|switch|p2a: The worst|Gholdengo|73/100 par|[from] Flip Turn
|
|-heal|p2a: The worst|79/100 par|[from] item: Leftovers
|-heal|p1a: Umbreon|75/100 par|[from] item: Leftovers
|upkeep
|turn|11
|
|t:|1757938898
|switch|p1a: Arcanine|Arcanine-Hisui, M|100/100
|move|p2a: The worst|Dazzling Gleam|p1a: Arcanine
|-resisted|p1a: Arcanine
|-damage|p1a: Arcanine|87/100
|
|-heal|p2a: The worst|85/100 par|[from] item: Leftovers
|upkeep
|turn|12
|
|t:|1757938904
|switch|p2a: Fat fish|Alomomola, F|100/100
|move|p1a: Arcanine|Flame Charge|p2a: Fat fish
|-resisted|p2a: Fat fish
|-damage|p2a: Fat fish|94/100
|-boost|p1a: Arcanine|spe|1
|
|upkeep
|turn|13
|
|t:|1757938913
|-terastallize|p1a: Arcanine|Grass
|move|p1a: Arcanine|Head Smash|p2a: Fat fish
|-damage|p2a: Fat fish|55/100
|move|p2a: Fat fish|Flip Turn|p1a: Arcanine
|-resisted|p1a: Arcanine
|-damage|p1a: Arcanine|77/100
|
|t:|1757938922
|switch|p2a: Heel|Incineroar, F|94/100 tox|[from] Flip Turn
|-ability|p2a: Heel|Intimidate|boost
|-unboost|p1a: Arcanine|atk|1
|
|-damage|p2a: Heel|88/100 tox|[from] psn
|upkeep
|turn|14
|
|t:|1757938927
|switch|p2a: Fat fish|Alomomola, F|88/100
|move|p1a: Arcanine|Protect||[still]
|-fail|p1a: Arcanine
|
|upkeep
|turn|15
|
|t:|1757938933
|switch|p1a: Exeggutor|Exeggutor, F|100/100
|move|p2a: Fat fish|Flip Turn|p1a: Exeggutor
|-resisted|p1a: Exeggutor
|-damage|p1a: Exeggutor|94/100
|
|t:|1757938943
|switch|p2a: Iron Valiant|Iron Valiant|100/100|[from] Flip Turn
|
|upkeep
|turn|16
|
|t:|1757938948
|move|p2a: Iron Valiant|Shadow Ball|p1a: Exeggutor
|-supereffective|p1a: Exeggutor
|-damage|p1a: Exeggutor|36/100
|-enditem|p1a: Exeggutor|Sitrus Berry|[eat]
|-heal|p1a: Exeggutor|61/100|[from] item: Sitrus Berry
|move|p1a: Exeggutor|Leech Seed|p2a: Iron Valiant
|-start|p2a: Iron Valiant|move: Leech Seed
|
|-damage|p2a: Iron Valiant|88/100|[from] Leech Seed|[of] p1a: Exeggutor
|-heal|p1a: Exeggutor|70/100|[silent]
|upkeep
|turn|17
|
|t:|1757938963
|-end|p2a: Iron Valiant|Quark Drive|[silent]
|switch|p2a: Fat fish|Alomomola, F|100/100
|move|p1a: Exeggutor|Protect||[still]
|-fail|p1a: Exeggutor
|
|upkeep
|turn|18
|
|t:|1757938967
|move|p1a: Exeggutor|Giga Drain|p2a: Fat fish
|-supereffective|p2a: Fat fish
|-damage|p2a: Fat fish|21/100
|-heal|p1a: Exeggutor|100/100|[from] drain|[of] p2a: Fat fish
|move|p2a: Fat fish|Flip Turn|p1a: Exeggutor
|-resisted|p1a: Exeggutor
|-damage|p1a: Exeggutor|95/100
|
|t:|1757938974
|switch|p2a: Iron Valiant|Iron Valiant|88/100|[from] Flip Turn
|
|-item|p1a: Exeggutor|Sitrus Berry|[from] ability: Harvest
|upkeep
|turn|19
|
|t:|1757938981
|move|p2a: Iron Valiant|Trick|p1a: Exeggutor
|-activate|p2a: Iron Valiant|move: Trick|[of] p1a: Exeggutor
|-item|p1a: Exeggutor|Choice Scarf|[from] move: Trick
|-item|p2a: Iron Valiant|Sitrus Berry|[from] move: Trick
|move|p1a: Exeggutor|Future Sight|p2a: Iron Valiant
|-start|p1a: Exeggutor|move: Future Sight
|
|upkeep
|turn|20
|
|t:|1757938991
|switch|p1a: Frosmoth|Frosmoth, F|100/100
|move|p2a: Iron Valiant|Shadow Ball|p1a: Frosmoth
|-damage|p1a: Frosmoth|82/100
|
|upkeep
|turn|21
|
|t:|1757939010
|-end|p2a: Iron Valiant|Quark Drive|[silent]
|switch|p2a: Dark knight|Samurott-Hisui, F|100/100
|move|p1a: Frosmoth|Quiver Dance|p1a: Frosmoth
|-boost|p1a: Frosmoth|spa|1
|-boost|p1a: Frosmoth|spd|1
|-boost|p1a: Frosmoth|spe|1
|
|-end|p2a: Dark knight|move: Future Sight
|-immune|p2a: Dark knight
|upkeep
|turn|22
|
|t:|1757939017
|move|p1a: Frosmoth|Giga Drain|p2a: Dark knight
|-supereffective|p2a: Dark knight
|-damage|p2a: Dark knight|11/100
|-heal|p1a: Frosmoth|100/100|[from] drain|[of] p2a: Dark knight
|move|p2a: Dark knight|Ceaseless Edge|p1a: Frosmoth
|-damage|p1a: Frosmoth|25/100
|-sidestart|p1: cachorrita34|Spikes
|
|upkeep
|turn|23
|
|t:|1757939024
|move|p1a: Frosmoth|Giga Drain|p2a: Dark knight
|-supereffective|p2a: Dark knight
|-damage|p2a: Dark knight|0 fnt
|-heal|p1a: Frosmoth|31/100|[from] drain|[of] p2a: Dark knight
|faint|p2a: Dark knight
|
|upkeep
|
|t:|1757939034
|switch|p2a: Heel|Incineroar, F|88/100 tox
|-ability|p2a: Heel|Intimidate|boost
|-unboost|p1a: Frosmoth|atk|1
|turn|24
|
|t:|1757939040
|move|p1a: Frosmoth|Tera Blast|p2a: Heel
|-damage|p2a: Heel|58/100 tox
|move|p2a: Heel|Knock Off|p1a: Frosmoth
|-damage|p1a: Frosmoth|0 fnt
|-enditem|p1a: Frosmoth|Heavy-Duty Boots|[from] move: Knock Off|[of] p2a: Heel
|faint|p1a: Frosmoth
|
|-damage|p2a: Heel|52/100 tox|[from] psn
|upkeep
|
|t:|1757939052
|switch|p1a: Iron Treads|Iron Treads|90/100
|-damage|p1a: Iron Treads|77/100|[from] Spikes
|turn|25
|
|t:|1757939069
|switch|p2a: Fat fish|Alomomola, F|54/100
|move|p1a: Iron Treads|Earthquake|p2a: Fat fish
|-damage|p2a: Fat fish|29/100
|
|upkeep
|turn|26
|
|t:|1757939076
|switch|p2a: Spin out|Cyclizar, F|100/100
|move|p1a: Iron Treads|Earthquake|p2a: Spin out
|-damage|p2a: Spin out|20/100
|
|upkeep
|turn|27
|
|t:|1757939083
|switch|p2a: Fat fish|Alomomola, F|62/100
|move|p1a: Iron Treads|Earthquake|p2a: Fat fish
|-damage|p2a: Fat fish|37/100
|
|upkeep
|turn|28
|
|t:|1757939089
|move|p1a: Iron Treads|Earthquake|p2a: Fat fish
|-damage|p2a: Fat fish|13/100
|move|p2a: Fat fish|Flip Turn|p1a: Iron Treads
|-supereffective|p1a: Iron Treads
|-damage|p1a: Iron Treads|51/100
|
|t:|1757939096
|switch|p2a: Spin out|Cyclizar, F|54/100|[from] Flip Turn
|
|upkeep
|turn|29
|
|t:|1757939099
|move|p1a: Iron Treads|Knock Off|p2a: Spin out
|-crit|p2a: Spin out
|-damage|p2a: Spin out|0 fnt
|-enditem|p2a: Spin out|Heavy-Duty Boots|[from] move: Knock Off|[of] p1a: Iron Treads
|faint|p2a: Spin out
|
|upkeep
|
|t:|1757939103
|switch|p2a: Fat fish|Alomomola, F|46/100
|turn|30
|
|t:|1757939111
|move|p1a: Iron Treads|Earthquake|p2a: Fat fish
|-damage|p2a: Fat fish|22/100
|move|p2a: Fat fish|Wish|p2a: Fat fish
|
|upkeep
|turn|31
|
|t:|1757939117
|move|p2a: Fat fish|Protect|p2a: Fat fish
|-singleturn|p2a: Fat fish|Protect
|move|p1a: Iron Treads|Earthquake|p2a: Fat fish
|-activate|p2a: Fat fish|move: Protect
|
|-heal|p2a: Fat fish|72/100|[from] move: Wish|[wisher] Fat fish
|upkeep
|turn|32
|
|t:|1757939120
|-end|p1a: Iron Treads|Quark Drive|[silent]
|switch|p1a: Umbreon|Umbreon, F|75/100 par
|-damage|p1a: Umbreon|63/100 par|[from] Spikes
|move|p2a: Fat fish|Wish|p2a: Fat fish
|
|-heal|p1a: Umbreon|69/100 par|[from] item: Leftovers
|upkeep
|turn|33
|
|t:|1757939128
|switch|p2a: The worst|Gholdengo|85/100 par
|move|p1a: Umbreon|Toxic|p2a: The worst
|-immune|p2a: The worst|[from] ability: Good as Gold
|
|-heal|p2a: The worst|100/100 par|[from] move: Wish|[wisher] Fat fish
|-heal|p1a: Umbreon|75/100 par|[from] item: Leftovers
|upkeep
|turn|34
|
|t:|1757939133
|move|p2a: The worst|Dazzling Gleam|p1a: Umbreon
|-supereffective|p1a: Umbreon
|-damage|p1a: Umbreon|52/100 par
|move|p1a: Umbreon|Moonlight|p1a: Umbreon
|-heal|p1a: Umbreon|100/100 par
|
|upkeep
|turn|35
|
|t:|1757939141
|switch|p1a: Arcanine|Arcanine-Hisui, M, tera:Grass|77/100
|-damage|p1a: Arcanine|64/100|[from] Spikes
|cant|p2a: The worst|par
|
|upkeep
|turn|36
|
|t:|1757939149
|switch|p2a: Fat fish|Alomomola, F|100/100
|move|p1a: Arcanine|Head Smash|p2a: Fat fish|[miss]
|-miss|p1a: Arcanine|p2a: Fat fish
|
|upkeep
|turn|37
|
|t:|1757939155
|switch|p1a: Gengar|Gengar, F|100/100
|-damage|p1a: Gengar|88/100|[from] Spikes
|move|p2a: Fat fish|Flip Turn|p1a: Gengar
|-damage|p1a: Gengar|56/100
|
|t:|1757939160
|switch|p2a: Iron Valiant|Iron Valiant|88/100|[from] Flip Turn
|
|upkeep
|turn|38
|
|t:|1757939167
|move|p1a: Gengar|Endure|p1a: Gengar
|-singleturn|p1a: Gengar|move: Endure
|move|p2a: Iron Valiant|Shadow Ball|p1a: Gengar
|-supereffective|p1a: Gengar
|-activate|p1a: Gengar|move: Endure
|-damage|p1a: Gengar|1/100
|-enditem|p1a: Gengar|Salac Berry|[eat]
|-boost|p1a: Gengar|spe|1|[from] item: Salac Berry
|
|upkeep
|turn|39
|inactive|Sandvich_eater has 120 seconds left.
|l|☆Sandvich_eater
|inactive|Sandvich_eater disconnected and has a minute to reconnect!
|player|p2|
|j|☆Sandvich_eater
|inactive|Sandvich_eater reconnected and has 85 seconds left.
|player|p2|Sandvich_eater|hiker-gen4|
|
|t:|1757939244
|move|p1a: Gengar|Sludge Wave|p2a: Iron Valiant
|-supereffective|p2a: Iron Valiant
|-damage|p2a: Iron Valiant|0 fnt
|faint|p2a: Iron Valiant
|-end|p2a: Iron Valiant|Quark Drive|[silent]
|
|upkeep
|l|☆Sandvich_eater
|inactive|Sandvich_eater disconnected and has a minute to reconnect!
|player|p2|
|j|☆Sandvich_eater
|inactive|Sandvich_eater reconnected and has 45 seconds left.
|player|p2|Sandvich_eater|hiker-gen4|
|-message|Sandvich_eater forfeited.
|
|win|cachorrita34
|raw|cachorrita34's rating: 1092 &rarr; <strong>1120</strong><br />(+28 for winning)
|raw|Sandvich_eater's rating: 1116 &rarr; <strong>1089</strong><br />(-27 for losing)
|l|☆Sandvich_eater
|player|p2|
|l|☆cachorrita34
|player|p1|
