|j|☆Amemiya26
|j|☆macrocosmoss
|t:|1757807533
|gametype|singles
|player|p1|Amemiya26|265|1310
|player|p2|macrocosmoss|1|1351
|gen|9
|tier|[Gen 9] OU
|rated|
|rule|HP Percentage Mod: HP is shown in percentages
|rule|Endless Battle Clause: Forcing endless battles is banned
|rule|Species Clause: Limit one of each Pokémon
|rule|OHKO Clause: OHKO moves are banned
|rule|Evasion Items Clause: Evasion items are banned
|rule|Evasion Moves Clause: Evasion moves are banned
|rule|Evasion Abilities Clause: Evasion abilities are banned
|rule|Sleep Moves Clause: Sleep-inducing moves are banned
|clearpoke
|poke|p1|Ninetales, F|
|poke|p1|Raging Bolt|
|poke|p1|Walking Wake|
|poke|p1|Great Tusk|
|poke|p1|Moltres|
|poke|p1|Iron Moth|
|poke|p2|Pelipper, F|
|poke|p2|Basculegion-F, F|
|poke|p2|Volcanion|
|poke|p2|Corviknight, M|
|poke|p2|Gliscor, F|
|poke|p2|Floatzel, F|
|teampreview
|inactive|Battle timer is ON: inactive players will automatically lose when time's up. (requested by macrocosmoss)
|inactive|macrocosmoss has 120 seconds left.
|
|t:|1757807586
|teamsize|p1|6
|teamsize|p2|6
|start
|switch|p1a: Raging Bolt|Raging Bolt|100/100
|switch|p2a: Gliscor|Gliscor, F|100/100
|turn|1
|inactive|Amemiya26 has 120 seconds left.
|
|t:|1757807621
|-end|p1a: Raging Bolt|Protosynthesis|[silent]
|switch|p1a: Moltres|Moltres|100/100
|move|p2a: Gliscor|Toxic|p1a: Moltres
|-status|p1a: Moltres|tox
|
|-damage|p1a: Moltres|94/100 tox|[from] psn
|-status|p2a: Gliscor|tox|[from] item: Toxic Orb
|upkeep
|turn|2
|inactive|Amemiya26 has 120 seconds left.
|
|t:|1757807636
|move|p1a: Moltres|Roost|p1a: Moltres
|-heal|p1a: Moltres|100/100 tox
|-singleturn|p1a: Moltres|move: Roost
|move|p2a: Gliscor|Knock Off|p1a: Moltres
|-damage|p1a: Moltres|81/100 tox
|-enditem|p1a: Moltres|Heavy-Duty Boots|[from] move: Knock Off|[of] p2a: Gliscor
|
|-damage|p1a: Moltres|69/100 tox|[from] psn
|upkeep
|turn|3
|inactive|Amemiya26 has 120 seconds left.
|
|t:|1757807648
|move|p1a: Moltres|Sunny Day|p1a: Moltres
|-weather|SunnyDay
|move|p2a: Gliscor|Toxic|p1a: Moltres
|-fail|p1a: Moltres|tox
|
|-weather|SunnyDay|[upkeep]
|-damage|p1a: Moltres|51/100 tox|[from] psn
|upkeep
|turn|4
|inactive|Amemiya26 has 120 seconds left.
|
|t:|1757807657
|move|p1a: Moltres|Roost|p1a: Moltres
|-heal|p1a: Moltres|100/100 tox
|-singleturn|p1a: Moltres|move: Roost
|move|p2a: Gliscor|Earthquake|p1a: Moltres
|-supereffective|p1a: Moltres
|-damage|p1a: Moltres|44/100 tox
|
|-weather|SunnyDay|[upkeep]
|-damage|p1a: Moltres|20/100 tox|[from] psn
|upkeep
|turn|5
|
|t:|1757807666
|move|p2a: Gliscor|Protect|p2a: Gliscor
|-singleturn|p2a: Gliscor|Protect
|move|p1a: Moltres|Roost|p1a: Moltres
|-heal|p1a: Moltres|70/100 tox
|-singleturn|p1a: Moltres|move: Roost
|
|-weather|SunnyDay|[upkeep]
|-damage|p1a: Moltres|40/100 tox|[from] psn
|upkeep
|turn|6
|inactive|Amemiya26 has 120 seconds left.
|
|t:|1757807681
|switch|p2a: Pelipper|Pelipper, F|100/100
|-weather|RainDance|[from] ability: Drizzle|[of] p2a: Pelipper
|move|p1a: Moltres|Fire Blast|p2a: Pelipper
|-resisted|p2a: Pelipper
|-damage|p2a: Pelipper|85/100
|
|-weather|RainDance|[upkeep]
|-damage|p1a: Moltres|4/100 tox|[from] psn
|upkeep
|turn|7
|inactive|Amemiya26 has 120 seconds left.
|
|t:|1757807693
|move|p1a: Moltres|Sunny Day|p1a: Moltres
|-weather|SunnyDay
|move|p2a: Pelipper|U-turn|p1a: Moltres
|-resisted|p1a: Moltres
|-damage|p1a: Moltres|2/100 tox
|
|t:|1757807698
|switch|p2a: Gliscor|Gliscor, F|100/100 tox|[from] U-turn
|
|-weather|SunnyDay|[upkeep]
|-damage|p1a: Moltres|0 fnt|[from] psn
|faint|p1a: Moltres
|upkeep
|inactive|Amemiya26 has 120 seconds left.
|
|t:|1757807708
|switch|p1a: Walking Wake|Walking Wake|100/100
|-activate|p1a: Walking Wake|ability: Protosynthesis
|-start|p1a: Walking Wake|protosynthesisspa
|turn|8
|
|t:|1757807714
|move|p2a: Gliscor|Protect|p2a: Gliscor
|-singleturn|p2a: Gliscor|Protect
|move|p1a: Walking Wake|Draco Meteor|p2a: Gliscor
|-activate|p2a: Gliscor|move: Protect
|
|-weather|SunnyDay|[upkeep]
|upkeep
|turn|9
|
|t:|1757807721
|switch|p2a: Corviknight|Corviknight, M|100/100
|-ability|p2a: Corviknight|Pressure
|move|p1a: Walking Wake|Draco Meteor|p2a: Corviknight
|-resisted|p2a: Corviknight
|-damage|p2a: Corviknight|53/100
|-unboost|p1a: Walking Wake|spa|2
|
|-weather|SunnyDay|[upkeep]
|-heal|p2a: Corviknight|59/100|[from] item: Leftovers
|upkeep
|turn|10
|
|t:|1757807732
|-end|p1a: Walking Wake|Protosynthesis|[silent]
|switch|p1a: Iron Moth|Iron Moth|100/100
|-item|p1a: Iron Moth|Air Balloon
|switch|p2a: Volcanion|Volcanion|100/100
|
|-weather|SunnyDay|[upkeep]
|upkeep
|turn|11
|inactive|Amemiya26 has 120 seconds left.
|
|t:|1757807757
|-end|p1a: Iron Moth|Quark Drive|[silent]
|switch|p1a: Walking Wake|Walking Wake|100/100
|-activate|p1a: Walking Wake|ability: Protosynthesis
|-start|p1a: Walking Wake|protosynthesisspa
|move|p2a: Volcanion|Steam Eruption|p1a: Walking Wake
|-resisted|p1a: Walking Wake
|-damage|p1a: Walking Wake|90/100
|-status|p1a: Walking Wake|brn
|
|-weather|none
|-end|p1a: Walking Wake|Protosynthesis
|-damage|p1a: Walking Wake|84/100 brn|[from] brn
|upkeep
|turn|12
|inactive|Amemiya26 has 120 seconds left.
|
|t:|1757807771
|move|p1a: Walking Wake|Draco Meteor|p2a: Volcanion
|-damage|p2a: Volcanion|16/100
|-unboost|p1a: Walking Wake|spa|2
|move|p2a: Volcanion|Earth Power|p1a: Walking Wake
|-damage|p1a: Walking Wake|47/100 brn
|
|-damage|p1a: Walking Wake|40/100 brn|[from] brn
|upkeep
|turn|13
|
|t:|1757807781
|switch|p2a: Gliscor|Gliscor, F|100/100 tox
|move|p1a: Walking Wake|Draco Meteor|p2a: Gliscor
|-damage|p2a: Gliscor|43/100 tox
|-unboost|p1a: Walking Wake|spa|2
|
|-heal|p2a: Gliscor|56/100 tox|[from] ability: Poison Heal
|-damage|p1a: Walking Wake|34/100 brn|[from] brn
|upkeep
|turn|14
|
|t:|1757807790
|-end|p1a: Walking Wake|Protosynthesis|[silent]
|switch|p1a: Ninetales|Ninetales, F|100/100
|-weather|SunnyDay|[from] ability: Drought|[of] p1a: Ninetales
|move|p2a: Gliscor|Knock Off|p1a: Ninetales
|-damage|p1a: Ninetales|76/100
|-enditem|p1a: Ninetales|Heat Rock|[from] move: Knock Off|[of] p2a: Gliscor
|
|-weather|SunnyDay|[upkeep]
|-heal|p2a: Gliscor|68/100 tox|[from] ability: Poison Heal
|upkeep
|turn|15
|inactive|Amemiya26 has 120 seconds left.
|
|t:|1757807821
|switch|p1a: Great Tusk|Great Tusk|100/100
|-activate|p1a: Great Tusk|ability: Protosynthesis
|-start|p1a: Great Tusk|protosynthesisatk
|move|p2a: Gliscor|Protect||[still]
|-fail|p2a: Gliscor
|
|-weather|SunnyDay|[upkeep]
|-heal|p2a: Gliscor|81/100 tox|[from] ability: Poison Heal
|upkeep
|turn|16
|inactive|Amemiya26 has 120 seconds left.
|
|t:|1757807847
|switch|p2a: Pelipper|Pelipper, F|85/100
|-weather|RainDance|[from] ability: Drizzle|[of] p2a: Pelipper
|-end|p1a: Great Tusk|Protosynthesis
|move|p1a: Great Tusk|Rapid Spin|p2a: Pelipper
|-damage|p2a: Pelipper|73/100
|-boost|p1a: Great Tusk|spe|1
|
|-weather|RainDance|[upkeep]
|upkeep
|turn|17
|
|t:|1757807866
|move|p1a: Great Tusk|Rapid Spin|p2a: Pelipper
|-damage|p2a: Pelipper|62/100
|-boost|p1a: Great Tusk|spe|1
|move|p2a: Pelipper|Surf|p1a: Great Tusk
|-supereffective|p1a: Great Tusk
|-damage|p1a: Great Tusk|47/100
|
|-weather|RainDance|[upkeep]
|upkeep
|turn|18
|
|t:|1757807873
|move|p1a: Great Tusk|Knock Off|p2a: Pelipper
|-damage|p2a: Pelipper|42/100
|-enditem|p2a: Pelipper|Damp Rock|[from] move: Knock Off|[of] p1a: Great Tusk
|move|p2a: Pelipper|Surf|p1a: Great Tusk
|-supereffective|p1a: Great Tusk
|-damage|p1a: Great Tusk|0 fnt
|faint|p1a: Great Tusk
|-end|p1a: Great Tusk|Protosynthesis|[silent]
|
|-weather|RainDance|[upkeep]
|upkeep
|
|t:|1757807877
|switch|p1a: Ninetales|Ninetales, F|76/100
|-weather|SunnyDay|[from] ability: Drought|[of] p1a: Ninetales
|turn|19
|inactive|Amemiya26 has 120 seconds left.
|
|t:|1757807891
|switch|p1a: Walking Wake|Walking Wake|34/100 brn
|-activate|p1a: Walking Wake|ability: Protosynthesis
|-start|p1a: Walking Wake|protosynthesisspa
|switch|p2a: Volcanion|Volcanion|16/100
|
|-weather|SunnyDay|[upkeep]
|-damage|p1a: Walking Wake|28/100 brn|[from] brn
|upkeep
|turn|20
|inactive|Amemiya26 has 120 seconds left.
|
|t:|1757807908
|move|p1a: Walking Wake|Dragon Pulse|p2a: Volcanion
|-damage|p2a: Volcanion|0 fnt
|faint|p2a: Volcanion
|
|-weather|SunnyDay|[upkeep]
|-damage|p1a: Walking Wake|22/100 brn|[from] brn
|upkeep
|
|t:|1757807914
|switch|p2a: Corviknight|Corviknight, M|59/100
|-ability|p2a: Corviknight|Pressure
|turn|21
|inactive|Amemiya26 has 120 seconds left.
|
|t:|1757807919
|-end|p1a: Walking Wake|Protosynthesis|[silent]
|switch|p1a: Raging Bolt|Raging Bolt|100/100
|-activate|p1a: Raging Bolt|ability: Protosynthesis
|-start|p1a: Raging Bolt|protosynthesisspa
|move|p2a: Corviknight|Roost|p2a: Corviknight
|-heal|p2a: Corviknight|100/100
|-singleturn|p2a: Corviknight|move: Roost
|
|-weather|SunnyDay|[upkeep]
|upkeep
|turn|22
|inactive|Amemiya26 has 120 seconds left.
|
|t:|1757807943
|switch|p2a: Gliscor|Gliscor, F|81/100 tox
|move|p1a: Raging Bolt|Weather Ball|p2a: Gliscor
|-damage|p2a: Gliscor|0 fnt
|faint|p2a: Gliscor
|
|-weather|SunnyDay|[upkeep]
|upkeep
|
|t:|1757807951
|switch|p2a: Floatzel|Floatzel, F|100/100
|turn|23
|inactive|Amemiya26 has 120 seconds left.
|
|t:|1757807979
|-end|p1a: Raging Bolt|Protosynthesis|[silent]
|switch|p1a: Walking Wake|Walking Wake|22/100 brn
|-activate|p1a: Walking Wake|ability: Protosynthesis
|-start|p1a: Walking Wake|protosynthesisspa
|move|p2a: Floatzel|Ice Spinner|p1a: Walking Wake
|-damage|p1a: Walking Wake|0 fnt
|faint|p1a: Walking Wake
|-end|p1a: Walking Wake|Protosynthesis|[silent]
|
|-weather|none
|upkeep
|inactive|Amemiya26 has 90 seconds left.
|
|t:|1757808017
|switch|p1a: Ninetales|Ninetales, F|76/100
|-weather|SunnyDay|[from] ability: Drought|[of] p1a: Ninetales
|turn|24
|
|t:|1757808029
|switch|p2a: Pelipper|Pelipper, F|42/100
|-weather|RainDance|[from] ability: Drizzle|[of] p2a: Pelipper
|switch|p1a: Raging Bolt|Raging Bolt|100/100
|
|-weather|RainDance|[upkeep]
|upkeep
|turn|25
|
|t:|1757808042
|switch|p2a: Corviknight|Corviknight, M|100/100
|-ability|p2a: Corviknight|Pressure
|move|p1a: Raging Bolt|Volt Switch|p2a: Corviknight
|-supereffective|p2a: Corviknight
|-damage|p2a: Corviknight|17/100
|
|t:|1757808049
|-end|p1a: Raging Bolt|Protosynthesis|[silent]
|switch|p1a: Ninetales|Ninetales, F|76/100|[from] Volt Switch
|-weather|SunnyDay|[from] ability: Drought|[of] p1a: Ninetales
|
|-weather|SunnyDay|[upkeep]
|-heal|p2a: Corviknight|24/100|[from] item: Leftovers
|upkeep
|turn|26
|
|t:|1757808063
|move|p1a: Ninetales|Will-O-Wisp|p2a: Corviknight
|-status|p2a: Corviknight|brn
|move|p2a: Corviknight|Body Press|p1a: Ninetales
|-damage|p1a: Ninetales|64/100
|
|-weather|SunnyDay|[upkeep]
|-heal|p2a: Corviknight|30/100 brn|[from] item: Leftovers
|-damage|p2a: Corviknight|24/100 brn|[from] brn
|upkeep
|turn|27
|
|t:|1757808074
|switch|p1a: Iron Moth|Iron Moth|100/100
|-item|p1a: Iron Moth|Air Balloon
|move|p2a: Corviknight|Body Press|p1a: Iron Moth
|-resisted|p1a: Iron Moth
|-damage|p1a: Iron Moth|92/100
|-enditem|p1a: Iron Moth|Air Balloon
|
|-weather|SunnyDay|[upkeep]
|-heal|p2a: Corviknight|30/100 brn|[from] item: Leftovers
|-damage|p2a: Corviknight|24/100 brn|[from] brn
|upkeep
|turn|28
|
|t:|1757808084
|move|p1a: Iron Moth|Agility|p1a: Iron Moth
|-boost|p1a: Iron Moth|spe|2
|move|p2a: Corviknight|Brave Bird|p1a: Iron Moth
|-crit|p1a: Iron Moth
|-damage|p1a: Iron Moth|47/100
|-damage|p2a: Corviknight|12/100 brn|[from] Recoil
|
|-weather|SunnyDay|[upkeep]
|-heal|p2a: Corviknight|19/100 brn|[from] item: Leftovers
|-damage|p2a: Corviknight|12/100 brn|[from] brn
|upkeep
|turn|29
|
|t:|1757808104
|move|p1a: Iron Moth|Fiery Dance|p2a: Corviknight
|-supereffective|p2a: Corviknight
|-damage|p2a: Corviknight|0 fnt
|faint|p2a: Corviknight
|
|-weather|none
|upkeep
|
|t:|1757808111
|switch|p2a: Floatzel|Floatzel, F|100/100
|turn|30
|
|t:|1757808115
|move|p2a: Floatzel|Aqua Jet|p1a: Iron Moth
|-supereffective|p1a: Iron Moth
|-damage|p1a: Iron Moth|0 fnt
|faint|p1a: Iron Moth
|-end|p1a: Iron Moth|Quark Drive|[silent]
|
|upkeep
|
|t:|1757808119
|switch|p1a: Ninetales|Ninetales, F|64/100
|-weather|SunnyDay|[from] ability: Drought|[of] p1a: Ninetales
|turn|31
|
|t:|1757808127
|switch|p1a: Raging Bolt|Raging Bolt|100/100
|-activate|p1a: Raging Bolt|ability: Protosynthesis
|-start|p1a: Raging Bolt|protosynthesisspa
|move|p2a: Floatzel|Aqua Jet|p1a: Raging Bolt
|-resisted|p1a: Raging Bolt
|-damage|p1a: Raging Bolt|94/100
|
|-weather|SunnyDay|[upkeep]
|upkeep
|turn|32
|inactive|Amemiya26 has 90 seconds left.
|
|t:|1757808153
|move|p2a: Floatzel|Aqua Jet|p1a: Raging Bolt
|-resisted|p1a: Raging Bolt
|-damage|p1a: Raging Bolt|87/100
|move|p1a: Raging Bolt|Thunderclap||[still]
|-fail|p1a: Raging Bolt
|
|-weather|SunnyDay|[upkeep]
|upkeep
|turn|33
|
|t:|1757808163
|switch|p2a: Pelipper|Pelipper, F|42/100
|-weather|RainDance|[from] ability: Drizzle|[of] p2a: Pelipper
|-end|p1a: Raging Bolt|Protosynthesis
|-end|p1a: Raging Bolt|Protosynthesis|[silent]
|switch|p1a: Ninetales|Ninetales, F|64/100
|-weather|SunnyDay|[from] ability: Drought|[of] p1a: Ninetales
|
|-weather|SunnyDay|[upkeep]
|upkeep
|turn|34
|inactive|Amemiya26 has 90 seconds left.
|
|t:|1757808179
|switch|p1a: Raging Bolt|Raging Bolt|87/100
|-activate|p1a: Raging Bolt|ability: Protosynthesis
|-start|p1a: Raging Bolt|protosynthesisspa
|move|p2a: Pelipper|U-turn|p1a: Raging Bolt
|-damage|p1a: Raging Bolt|79/100
|
|t:|1757808185
|switch|p2a: Floatzel|Floatzel, F|100/100|[from] U-turn
|
|-weather|SunnyDay|[upkeep]
|upkeep
|turn|35
|
|t:|1757808193
|switch|p2a: Pelipper|Pelipper, F|42/100
|-weather|RainDance|[from] ability: Drizzle|[of] p2a: Pelipper
|-end|p1a: Raging Bolt|Protosynthesis
|move|p1a: Raging Bolt|Volt Switch|p2a: Pelipper
|-supereffective|p2a: Pelipper
|-damage|p2a: Pelipper|0 fnt
|faint|p2a: Pelipper
|
|t:|1757808199
|-end|p1a: Raging Bolt|Protosynthesis|[silent]
|switch|p1a: Ninetales|Ninetales, F|64/100|[from] Volt Switch
|-weather|SunnyDay|[from] ability: Drought|[of] p1a: Ninetales
|
|-weather|SunnyDay|[upkeep]
|upkeep
|
|t:|1757808204
|switch|p2a: Basculegion|Basculegion-F, F|100/100
|turn|36
|
|t:|1757808222
|move|p1a: Ninetales|Healing Wish|p1a: Ninetales
|faint|p1a: Ninetales
|move|p2a: Basculegion|Ice Beam|p1: Ninetales|[notarget]
|-fail|p2a: Basculegion
|
|-weather|SunnyDay|[upkeep]
|upkeep
|
|t:|1757808228
|switch|p1a: Raging Bolt|Raging Bolt|79/100
|-heal|p1a: Raging Bolt|100/100|[from] move: Healing Wish
|-activate|p1a: Raging Bolt|ability: Protosynthesis
|-start|p1a: Raging Bolt|protosynthesisspa
|turn|37
|
|t:|1757808239
|switch|p2a: Floatzel|Floatzel, F|100/100
|-terastallize|p1a: Raging Bolt|Fairy
|move|p1a: Raging Bolt|Volt Switch|p2a: Floatzel
|-supereffective|p2a: Floatzel
|-damage|p2a: Floatzel|0 fnt
|faint|p2a: Floatzel
|
|-weather|SunnyDay|[upkeep]
|upkeep
|inactive|macrocosmoss has 120 seconds left.
|inactive|macrocosmoss has 90 seconds left.
|inactive|macrocosmoss has 60 seconds left.
|inactive|macrocosmoss has 30 seconds left.
|inactive|macrocosmoss has 20 seconds left.
|inactive|macrocosmoss has 15 seconds left.
|inactive|macrocosmoss has 10 seconds left.
|inactive|macrocosmoss has 5 seconds left.
|-message|macrocosmoss lost due to inactivity.
|
|win|Amemiya26
|raw|Amemiya26's rating: 1310 &rarr; <strong>1332</strong><br />(+22 for winning)
|raw|macrocosmoss's rating: 1351 &rarr; <strong>1329</strong><br />(-22 for losing)
|l|☆Amemiya26
|player|p1|
