|j|☆Ahelo
|j|☆l1kewheezy
|t:|1757801919
|gametype|singles
|player|p1|Ahelo|red|1176
|player|p2|l1kewheezy|elesa|1209
|gen|9
|tier|[Gen 9] OU
|rated|
|rule|HP Percentage Mod: HP is shown in percentages
|rule|Endless Battle Clause: Forcing endless battles is banned
|rule|Species Clause: Limit one of each Pokémon
|rule|OHKO Clause: OHKO moves are banned
|rule|Evasion Items Clause: Evasion items are banned
|rule|Evasion Moves Clause: Evasion moves are banned
|rule|Evasion Abilities Clause: Evasion abilities are banned
|rule|Sleep Moves Clause: Sleep-inducing moves are banned
|clearpoke
|poke|p1|Magmortar, M|
|poke|p1|Leafeon, M|
|poke|p1|Great Tusk|
|poke|p1|Walking Wake|
|poke|p1|Conkeldurr, M|
|poke|p1|Torkoal, M|
|poke|p2|Great Tusk|
|poke|p2|Dragonite, F|
|poke|p2|Darkrai|
|poke|p2|Slowking-Galar, M|
|poke|p2|Alomomola, M|
|poke|p2|Dragapult, M|
|teampreview
|
|t:|1757801931
|teamsize|p1|6
|teamsize|p2|6
|start
|switch|p1a: Conkeldurr|Conkeldurr, M, shiny|100/100
|switch|p2a: Great Tusk|Great Tusk|100/100
|turn|1
|
|t:|1757801937
|move|p2a: Great Tusk|Stealth Rock|p1a: Conkeldurr
|-sidestart|p1: Ahelo|move: Stealth Rock
|move|p1a: Conkeldurr|Bulk Up|p1a: Conkeldurr
|-boost|p1a: Conkeldurr|atk|1
|-boost|p1a: Conkeldurr|def|1
|
|upkeep
|turn|2
|
|t:|1757801959
|-end|p2a: Great Tusk|Protosynthesis|[silent]
|switch|p2a: Alomomola|Alomomola, M|100/100
|move|p1a: Conkeldurr|Bulk Up|p1a: Conkeldurr
|-boost|p1a: Conkeldurr|atk|1
|-boost|p1a: Conkeldurr|def|1
|
|upkeep
|turn|3
|
|t:|1757801968
|move|p1a: Conkeldurr|Bulk Up|p1a: Conkeldurr
|-boost|p1a: Conkeldurr|atk|1
|-boost|p1a: Conkeldurr|def|1
|move|p2a: Alomomola|Scald|p1a: Conkeldurr
|-damage|p1a: Conkeldurr|85/100
|
|-heal|p1a: Conkeldurr|91/100|[from] item: Leftovers
|upkeep
|turn|4
|
|t:|1757801978
|move|p1a: Conkeldurr|Drain Punch|p2a: Alomomola
|-damage|p2a: Alomomola|22/100
|-heal|p1a: Conkeldurr|100/100|[from] drain|[of] p2a: Alomomola
|move|p2a: Alomomola|Scald|p1a: Conkeldurr
|-damage|p1a: Conkeldurr|85/100
|
|-heal|p1a: Conkeldurr|91/100|[from] item: Leftovers
|upkeep
|turn|5
|
|t:|1757801988
|switch|p2a: Dragapult|Dragapult, M|100/100
|move|p1a: Conkeldurr|Knock Off|p2a: Dragapult
|-supereffective|p2a: Dragapult
|-damage|p2a: Dragapult|0 fnt
|-enditem|p2a: Dragapult|Heavy-Duty Boots|[from] move: Knock Off|[of] p1a: Conkeldurr
|faint|p2a: Dragapult
|
|-heal|p1a: Conkeldurr|97/100|[from] item: Leftovers
|upkeep
|-message|l1kewheezy forfeited.
|
|win|Ahelo
|raw|Ahelo's rating: 1176 &rarr; <strong>1203</strong><br />(+27 for winning)
|raw|l1kewheezy's rating: 1209 &rarr; <strong>1182</strong><br />(-27 for losing)
|l|☆l1kewheezy
|player|p2|
|c|☆Ahelo|Xdd
