|j|☆V1C7ORYY
|j|☆frogeh
|inactive|Battle timer is ON: inactive players will automatically lose when time's up.
|t:|1757917986
|gametype|singles
|player|p1|V1C7ORYY|1|
|player|p2|frogeh|red|
|gen|9
|tier|[Gen 9] OU
|rated|Tournament battle
|rule|HP Percentage Mod: HP is shown in percentages
|rule|Endless Battle Clause: Forcing endless battles is banned
|rule|Species Clause: Limit one of each Pokémon
|rule|OHKO Clause: OHKO moves are banned
|rule|Evasion Items Clause: Evasion items are banned
|rule|Evasion Moves Clause: Evasion moves are banned
|rule|Evasion Abilities Clause: Evasion abilities are banned
|rule|Sleep Moves Clause: Sleep-inducing moves are banned
|raw|<div class="infobox"><details class="readmore" open><summary><strong>1 custom rule:</strong></summary> -wobbuffet</details></div>
|clearpoke
|poke|p1|Mudsdale, M|
|poke|p1|Glimmet, F|
|poke|p1|Dodrio, F|
|poke|p2|Kingambit, M|
|poke|p2|Skwovet, F|
|poke|p2|Gholdengo|
|teampreview
|j|*Lady Monita ☀
|c|☆frogeh|glhf
|
|t:|1757918015
|teamsize|p1|3
|teamsize|p2|3
|start
|switch|p1a: Glimmet|Glimmet, F|100/100
|switch|p2a: Gholdengo|Gholdengo|100/100
|-item|p2a: Gholdengo|Air Balloon
|turn|1
|
|t:|1757918025
|move|p2a: Gholdengo|Flash Cannon|p1a: Glimmet
|-supereffective|p1a: Glimmet
|-damage|p1a: Glimmet|32/100
|move|p1a: Glimmet|Power Gem|p2a: Gholdengo
|-resisted|p2a: Gholdengo
|-crit|p2a: Gholdengo
|-damage|p2a: Gholdengo|81/100
|-enditem|p2a: Gholdengo|Air Balloon
|
|upkeep
|turn|2
|
|t:|1757918043
|move|p2a: Gholdengo|Flash Cannon|p1a: Glimmet
|-supereffective|p1a: Glimmet
|-damage|p1a: Glimmet|0 fnt
|faint|p1a: Glimmet
|
|upkeep
|
|t:|1757918053
|switch|p1a: Dodrio|Dodrio, F|100/100
|turn|3
|inactive|V1C7ORYY has 120 seconds left.
|
|t:|1757918099
|-terastallize|p1a: Dodrio|Ground
|move|p1a: Dodrio|Drill Run|p2a: Gholdengo
|-supereffective|p2a: Gholdengo
|-damage|p2a: Gholdengo|0 fnt
|faint|p2a: Gholdengo
|
|upkeep
|
|t:|1757918111
|switch|p2a: Skwovet|Skwovet, F|100/100
|turn|4
|
|t:|1757918113
|move|p1a: Dodrio|Drill Run|p2a: Skwovet
|-damage|p2a: Skwovet|47/100
|move|p2a: Skwovet|Counter|p1a: Dodrio
|-damage|p1a: Dodrio|0 fnt
|faint|p1a: Dodrio
|
|upkeep
|
|t:|1757918119
|switch|p1a: Mudsdale|Mudsdale, M|100/100
|turn|5
|inactive|V1C7ORYY has 120 seconds left.
|
|t:|1757918141
|-terastallize|p2a: Skwovet|Ghost
|move|p1a: Mudsdale|Earthquake|p2a: Skwovet
|-damage|p2a: Skwovet|0 fnt
|faint|p2a: Skwovet
|
|upkeep
|
|t:|1757918145
|switch|p2a: Kingambit|Kingambit, M|100/100
|turn|6
|
|t:|1757918151
|move|p2a: Kingambit|Low Kick|p1a: Mudsdale
|-damage|p1a: Mudsdale|58/100
|-ability|p1a: Mudsdale|Stamina|boost
|-boost|p1a: Mudsdale|def|1
|move|p1a: Mudsdale|Earthquake|p2a: Kingambit
|-supereffective|p2a: Kingambit
|-damage|p2a: Kingambit|22/100
|
|-heal|p1a: Mudsdale|64/100|[from] item: Leftovers
|upkeep
|turn|7
|
|t:|1757918159
|move|p2a: Kingambit|Sucker Punch|p1a: Mudsdale
|-damage|p1a: Mudsdale|42/100
|-ability|p1a: Mudsdale|Stamina|boost
|-boost|p1a: Mudsdale|def|1
|move|p1a: Mudsdale|Earthquake|p2a: Kingambit
|-supereffective|p2a: Kingambit
|-damage|p2a: Kingambit|0 fnt
|faint|p2a: Kingambit
|
|win|V1C7ORYY
|n|☆V1C7ORYY|v1c7oryy
|n|☆frogeh|frogeh
|n|*Lady Monita ☀|ladymonita
