|j|☆TNT13
|j|☆edthemememan
|t:|1757828273
|gametype|singles
|player|p1|TNT13|169|1204
|player|p2|edthemememan|170|1125
|gen|9
|tier|[Gen 9] OU
|rated|
|rule|HP Percentage Mod: HP is shown in percentages
|rule|Endless Battle Clause: Forcing endless battles is banned
|rule|Species Clause: Limit one of each Pokémon
|rule|OHKO Clause: OHKO moves are banned
|rule|Evasion Items Clause: Evasion items are banned
|rule|Evasion Moves Clause: Evasion moves are banned
|rule|Evasion Abilities Clause: Evasion abilities are banned
|rule|Sleep Moves Clause: Sleep-inducing moves are banned
|clearpoke
|poke|p1|Ceruledge, F|
|poke|p1|Floatzel, M|
|poke|p1|Garchomp, F|
|poke|p1|Vileplume, F|
|poke|p1|Muk, F|
|poke|p1|Cryogonal|
|poke|p2|Glimmora, F|
|poke|p2|Kingambit, M|
|poke|p2|Primarina, F|
|poke|p2|Kommo-o, M|
|poke|p2|Iron Moth|
|poke|p2|Rillaboom, M|
|teampreview
|inactive|Battle timer is ON: inactive players will automatically lose when time's up. (requested by TNT13)
|
|t:|1757828289
|teamsize|p1|6
|teamsize|p2|6
|start
|switch|p1a: Garchomp|Garchomp, F|100/100
|switch|p2a: Glimmora|Glimmora, F, shiny|100/100
|turn|1
|
|t:|1757828295
|move|p1a: Garchomp|Spikes|p2a: Glimmora
|-sidestart|p2: edthemememan|Spikes
|move|p2a: Glimmora|Mortal Spin|p1a: Garchomp
|-resisted|p1a: Garchomp
|-damage|p1a: Garchomp|99/100
|-status|p1a: Garchomp|psn
|-damage|p2a: Glimmora|88/100|[from] ability: Rough Skin|[of] p1a: Garchomp
|-damage|p2a: Glimmora|72/100|[from] item: Rocky Helmet|[of] p1a: Garchomp
|-sideend|p2: edthemememan|Spikes|[from] move: Mortal Spin|[of] p2a: Glimmora
|
|-damage|p1a: Garchomp|86/100 psn|[from] psn
|upkeep
|turn|2
|
|t:|1757828309
|move|p2a: Glimmora|Spiky Shield|p2a: Glimmora
|-singleturn|p2a: Glimmora|move: Protect
|move|p1a: Garchomp|Spikes|p2a: Glimmora
|-sidestart|p2: edthemememan|Spikes
|
|-damage|p1a: Garchomp|74/100 psn|[from] psn
|upkeep
|turn|3
|
|t:|1757828318
|move|p1a: Garchomp|Earthquake|p2a: Glimmora
|-supereffective|p2a: Glimmora
|-damage|p2a: Glimmora|0 fnt
|-activate|p2a: Glimmora|ability: Toxic Debris
|-sidestart|p1: TNT13|move: Toxic Spikes
|faint|p2a: Glimmora
|
|-damage|p1a: Garchomp|62/100 psn|[from] psn
|upkeep
|
|t:|1757828337
|switch|p2a: Primarina|Primarina, F, shiny|100/100
|-damage|p2a: Primarina|88/100|[from] Spikes
|turn|4
|
|t:|1757828343
|move|p1a: Garchomp|Poison Jab|p2a: Primarina
|-supereffective|p2a: Primarina
|-damage|p2a: Primarina|20/100
|move|p2a: Primarina|Psychic Noise|p1a: Garchomp
|-damage|p1a: Garchomp|35/100 psn
|-start|p1a: Garchomp|move: Heal Block
|
|-damage|p1a: Garchomp|23/100 psn|[from] psn
|upkeep
|turn|5
|
|t:|1757828353
|switch|p2a: Kingambit|Kingambit, M, shiny|100/100
|-damage|p2a: Kingambit|88/100|[from] Spikes
|-activate|p2a: Kingambit|ability: Supreme Overlord
|-start|p2a: Kingambit|fallen1|[silent]
|move|p1a: Garchomp|Poison Jab|p2a: Kingambit
|-immune|p2a: Kingambit
|
|-heal|p2a: Kingambit|94/100|[from] item: Leftovers
|-damage|p1a: Garchomp|11/100 psn|[from] psn
|-end|p1a: Garchomp|move: Heal Block
|upkeep
|turn|6
|
|t:|1757828364
|move|p2a: Kingambit|Sucker Punch||[still]
|-fail|p2a: Kingambit
|move|p1a: Garchomp|Spikes|p2a: Kingambit
|-sidestart|p2: edthemememan|Spikes
|
|-heal|p2a: Kingambit|100/100|[from] item: Leftovers
|-damage|p1a: Garchomp|0 fnt|[from] psn
|faint|p1a: Garchomp
|upkeep
|
|t:|1757828372
|switch|p1a: Muk|Muk, F|100/100
|-sideend|p1: TNT13|move: Toxic Spikes|[of] p1a: Muk
|turn|7
|
|t:|1757828377
|move|p2a: Kingambit|Swords Dance|p2a: Kingambit
|-boost|p2a: Kingambit|atk|2
|move|p1a: Muk|Drain Punch|p2a: Kingambit
|-supereffective|p2a: Kingambit
|-damage|p2a: Kingambit|12/100
|
|-heal|p2a: Kingambit|18/100|[from] item: Leftovers
|upkeep
|turn|8
|
|t:|1757828386
|move|p2a: Kingambit|Iron Head|p1a: Muk
|-damage|p1a: Muk|0 fnt
|faint|p1a: Muk
|
|-heal|p2a: Kingambit|24/100|[from] item: Leftovers
|upkeep
|
|t:|1757828396
|switch|p1a: Floatzel|Floatzel, M|100/100
|turn|9
|
|t:|1757828399
|move|p1a: Floatzel|Aqua Jet|p2a: Kingambit
|-damage|p2a: Kingambit|0 fnt
|faint|p2a: Kingambit
|-end|p2a: Kingambit|fallen1|[silent]
|
|upkeep
|
|t:|1757828404
|switch|p2a: Rillaboom|Rillaboom, M, shiny|100/100
|-damage|p2a: Rillaboom|84/100|[from] Spikes
|-fieldstart|move: Grassy Terrain|[from] ability: Grassy Surge|[of] p2a: Rillaboom
|turn|10
|
|t:|1757828411
|switch|p1a: Vileplume|Vileplume, F|100/100
|move|p2a: Rillaboom|Grassy Glide|p1a: Vileplume
|-resisted|p1a: Vileplume
|-damage|p1a: Vileplume|87/100
|
|-heal|p2a: Rillaboom|90/100|[from] Grassy Terrain
|-heal|p1a: Vileplume|93/100|[from] Grassy Terrain
|-heal|p1a: Vileplume|99/100|[from] item: Leftovers
|upkeep
|turn|11
|
|t:|1757828424
|switch|p2a: Primarina|Primarina, F, shiny|20/100
|-damage|p2a: Primarina|3/100|[from] Spikes
|move|p1a: Vileplume|Giga Drain|p2a: Primarina
|-supereffective|p2a: Primarina
|-damage|p2a: Primarina|0 fnt
|-heal|p1a: Vileplume|99/100|[from] drain|[of] p2a: Primarina
|faint|p2a: Primarina
|
|-heal|p1a: Vileplume|100/100|[from] Grassy Terrain
|upkeep
|
|t:|1757828433
|switch|p2a: Iron Moth|Iron Moth, shiny|100/100
|-damage|p2a: Iron Moth|84/100|[from] Spikes
|-enditem|p2a: Iron Moth|Booster Energy
|-activate|p2a: Iron Moth|ability: Quark Drive|[fromitem]
|-start|p2a: Iron Moth|quarkdrivespe
|turn|12
|
|t:|1757828444
|switch|p1a: Floatzel|Floatzel, M|100/100
|move|p2a: Iron Moth|Fiery Dance|p1a: Floatzel
|-resisted|p1a: Floatzel
|-damage|p1a: Floatzel|59/100
|-boost|p2a: Iron Moth|spa|1
|
|-heal|p2a: Iron Moth|90/100|[from] Grassy Terrain
|-heal|p1a: Floatzel|65/100|[from] Grassy Terrain
|upkeep
|turn|13
|
|t:|1757828458
|move|p1a: Floatzel|Aqua Jet|p2a: Iron Moth
|-supereffective|p2a: Iron Moth
|-damage|p2a: Iron Moth|0 fnt
|faint|p2a: Iron Moth
|-end|p2a: Iron Moth|Quark Drive|[silent]
|
|-heal|p1a: Floatzel|72/100|[from] Grassy Terrain
|upkeep
|
|t:|1757828465
|switch|p2a: Kommo-o|Kommo-o, M, shiny|100/100
|-damage|p2a: Kommo-o|84/100|[from] Spikes
|turn|14
|
|t:|1757828470
|switch|p1a: Vileplume|Vileplume, F|100/100
|move|p2a: Kommo-o|Clangorous Soul|p2a: Kommo-o
|-boost|p2a: Kommo-o|atk|1
|-boost|p2a: Kommo-o|def|1
|-boost|p2a: Kommo-o|spa|1
|-boost|p2a: Kommo-o|spd|1
|-boost|p2a: Kommo-o|spe|1
|-damage|p2a: Kommo-o|51/100
|-enditem|p2a: Kommo-o|Throat Spray
|-boost|p2a: Kommo-o|spa|1|[from] item: Throat Spray
|
|-heal|p2a: Kommo-o|57/100|[from] Grassy Terrain
|-fieldend|move: Grassy Terrain
|upkeep
|turn|15
|
|t:|1757828486
|-terastallize|p1a: Vileplume|Fairy
|move|p2a: Kommo-o|Flamethrower|p1a: Vileplume
|-crit|p1a: Vileplume
|-damage|p1a: Vileplume|21/100
|move|p1a: Vileplume|Moonblast|p2a: Kommo-o
|-supereffective|p2a: Kommo-o
|-damage|p2a: Kommo-o|0 fnt
|faint|p2a: Kommo-o
|
|-heal|p1a: Vileplume|28/100|[from] item: Leftovers
|upkeep
|
|t:|1757828495
|switch|p2a: Rillaboom|Rillaboom, M, shiny|90/100
|-damage|p2a: Rillaboom|73/100|[from] Spikes
|-fieldstart|move: Grassy Terrain|[from] ability: Grassy Surge|[of] p2a: Rillaboom
|turn|16
|
|t:|1757828502
|move|p2a: Rillaboom|Grassy Glide|p1a: Vileplume
|-damage|p1a: Vileplume|0 fnt
|faint|p1a: Vileplume
|
|-heal|p2a: Rillaboom|79/100|[from] Grassy Terrain
|upkeep
|
|t:|1757828509
|switch|p1a: Cryogonal|Cryogonal|100/100
|turn|17
|
|t:|1757828516
|-terastallize|p2a: Rillaboom|Steel
|move|p2a: Rillaboom|Grassy Glide|p1a: Cryogonal
|-damage|p1a: Cryogonal|16/100
|move|p1a: Cryogonal|Freeze-Dry|p2a: Rillaboom
|-resisted|p2a: Rillaboom
|-damage|p2a: Rillaboom|58/100
|
|-heal|p2a: Rillaboom|65/100|[from] Grassy Terrain
|upkeep
|turn|18
|
|t:|1757828526
|move|p2a: Rillaboom|Grassy Glide|p1a: Cryogonal
|-crit|p1a: Cryogonal
|-damage|p1a: Cryogonal|0 fnt
|faint|p1a: Cryogonal
|
|-heal|p2a: Rillaboom|71/100|[from] Grassy Terrain
|upkeep
|
|t:|1757828534
|switch|p1a: Ceruledge|Ceruledge, F|100/100
|turn|19
|
|t:|1757828537
|move|p2a: Rillaboom|Grassy Glide|p1a: Ceruledge
|-resisted|p1a: Ceruledge
|-damage|p1a: Ceruledge|64/100
|move|p1a: Ceruledge|Bitter Blade|p2a: Rillaboom
|-supereffective|p2a: Rillaboom
|-damage|p2a: Rillaboom|0 fnt
|-heal|p1a: Ceruledge|100/100|[from] drain|[of] p2a: Rillaboom
|faint|p2a: Rillaboom
|
|win|TNT13
|raw|TNT13's rating: 1204 &rarr; <strong>1223</strong><br />(+19 for winning)
|raw|edthemememan's rating: 1125 &rarr; <strong>1106</strong><br />(-19 for losing)
|l|☆TNT13
|player|p1|
|l|☆edthemememan
|player|p2|
