|j|☆Biswajit singh
|j|☆tzhed
|t:|1757841052
|gametype|singles
|player|p1|Biswajit singh|266|1097
|player|p2|tzhed|265|1110
|gen|9
|tier|[Gen 9] OU
|rated|
|rule|HP Percentage Mod: HP is shown in percentages
|rule|Endless Battle Clause: Forcing endless battles is banned
|rule|Species Clause: Limit one of each Pokémon
|rule|OHKO Clause: OHKO moves are banned
|rule|Evasion Items Clause: Evasion items are banned
|rule|Evasion Moves Clause: Evasion moves are banned
|rule|Evasion Abilities Clause: Evasion abilities are banned
|rule|Sleep Moves Clause: Sleep-inducing moves are banned
|clearpoke
|poke|p1|Malamar, M|
|poke|p1|Sceptile, M|
|poke|p1|Cinderace, M|
|poke|p1|Galvantula, F|
|poke|p1|Flygon, M|
|poke|p1|Rhyperior, F|
|poke|p2|Medicham, M|
|poke|p2|Slowking-Galar, F|
|poke|p2|Ting-Lu|
|poke|p2|Chesnaught, M|
|poke|p2|Pecharunt|
|poke|p2|Weezing-Galar, M|
|teampreview
|
|t:|1757841067
|teamsize|p1|6
|teamsize|p2|6
|start
|switch|p1a: Galvantula|Galvantula, F|100/100
|switch|p2a: Pecharunt|Pecharunt|100/100
|turn|1
|
|t:|1757841075
|move|p1a: Galvantula|Sticky Web|p2a: Pecharunt
|-sidestart|p2: tzhed|move: Sticky Web
|move|p2a: Pecharunt|Malignant Chain|p1a: Galvantula
|-crit|p1a: Galvantula
|-damage|p1a: Galvantula|14/100
|
|upkeep
|turn|2
|
|t:|1757841086
|switch|p2a: Ting-Lu|Ting-Lu|100/100
|-activate|p2a: Ting-Lu|move: Sticky Web
|-unboost|p2a: Ting-Lu|spe|1
|-ability|p2a: Ting-Lu|Vessel of Ruin
|move|p1a: Galvantula|Thunder|p2a: Ting-Lu
|-immune|p2a: Ting-Lu
|
|upkeep
|turn|3
|
|t:|1757841095
|move|p1a: Galvantula|Bug Buzz|p2a: Ting-Lu
|-supereffective|p2a: Ting-Lu
|-damage|p2a: Ting-Lu|69/100
|move|p2a: Ting-Lu|Stealth Rock|p1a: Galvantula
|-sidestart|p1: Biswajit singh|move: Stealth Rock
|
|-heal|p2a: Ting-Lu|75/100|[from] item: Leftovers
|upkeep
|turn|4
|
|t:|1757841103
|move|p1a: Galvantula|Bug Buzz|p2a: Ting-Lu
|-supereffective|p2a: Ting-Lu
|-damage|p2a: Ting-Lu|44/100
|move|p2a: Ting-Lu|Earthquake|p1a: Galvantula
|-damage|p1a: Galvantula|0 fnt
|faint|p1a: Galvantula
|
|-heal|p2a: Ting-Lu|51/100|[from] item: Leftovers
|upkeep
|
|t:|1757841110
|switch|p1a: Cinderace|Cinderace, M|100/100
|turn|5
|inactive|Battle timer is ON: inactive players will automatically lose when time's up. (requested by Biswajit singh)
|inactive|tzhed has 120 seconds left.
|
|t:|1757841157
|switch|p2a: Weezing|Weezing-Galar, M|100/100
|-ability|p2a: Weezing|Neutralizing Gas
|move|p1a: Cinderace|Court Change|p1a: Cinderace
|-swapsideconditions
|-activate|p1a: Cinderace|move: Court Change
|
|upkeep
|turn|6
|
|t:|1757841171
|move|p1a: Cinderace|U-turn|p2a: Weezing
|-resisted|p2a: Weezing
|-damage|p2a: Weezing|97/100
|
|t:|1757841177
|switch|p1a: Rhyperior|Rhyperior, F|100/100|[from] U-turn
|-item|p1a: Rhyperior|Air Balloon
|move|p2a: Weezing|Toxic|p1a: Rhyperior
|-status|p1a: Rhyperior|tox
|
|-damage|p1a: Rhyperior|94/100 tox|[from] psn
|upkeep
|turn|7
|
|t:|1757841191
|-end|p2a: Weezing|ability: Neutralizing Gas
|switch|p2a: Chesnaught|Chesnaught, M|100/100
|-damage|p2a: Chesnaught|94/100|[from] Stealth Rock
|move|p1a: Rhyperior|Earthquake|p2a: Chesnaught
|-resisted|p2a: Chesnaught
|-damage|p2a: Chesnaught|77/100
|
|-damage|p1a: Rhyperior|82/100 tox|[from] psn
|upkeep
|turn|8
|
|t:|1757841215
|switch|p1a: Flygon|Flygon, M, shiny|100/100
|move|p2a: Chesnaught|Body Press|p1a: Flygon
|-damage|p1a: Flygon|38/100
|
|upkeep
|turn|9
|
|t:|1757841225
|switch|p2a: Ting-Lu|Ting-Lu|51/100
|-damage|p2a: Ting-Lu|44/100|[from] Stealth Rock
|-ability|p2a: Ting-Lu|Vessel of Ruin
|move|p1a: Flygon|First Impression|p2a: Ting-Lu
|-supereffective|p2a: Ting-Lu
|-damage|p2a: Ting-Lu|7/100
|-damage|p1a: Flygon|28/100|[from] item: Life Orb
|
|-heal|p2a: Ting-Lu|13/100|[from] item: Leftovers
|upkeep
|turn|10
|inactive|tzhed has 120 seconds left.
|
|t:|1757841252
|switch|p2a: Chesnaught|Chesnaught, M|77/100
|-damage|p2a: Chesnaught|70/100|[from] Stealth Rock
|move|p1a: Flygon|Earthquake|p2a: Chesnaught
|-resisted|p2a: Chesnaught
|-damage|p2a: Chesnaught|54/100
|-damage|p1a: Flygon|18/100|[from] item: Life Orb
|
|upkeep
|turn|11
|
|t:|1757841264
|move|p1a: Flygon|Dragon Claw|p2a: Chesnaught
|-damage|p2a: Chesnaught|27/100
|-damage|p1a: Flygon|2/100|[from] item: Rocky Helmet|[of] p2a: Chesnaught
|-damage|p1a: Flygon|0 fnt|[from] item: Life Orb
|faint|p1a: Flygon
|move|p2a: Chesnaught|Synthesis|p2a: Chesnaught
|-heal|p2a: Chesnaught|77/100
|
|upkeep
|
|t:|1757841273
|switch|p1a: Cinderace|Cinderace, M|100/100
|turn|12
|
|t:|1757841280
|switch|p2a: Weezing|Weezing-Galar, M|97/100
|-ability|p2a: Weezing|Neutralizing Gas
|move|p1a: Cinderace|Pyro Ball|p2a: Weezing
|-damage|p2a: Weezing|59/100
|
|upkeep
|turn|13
|
|t:|1757841289
|move|p1a: Cinderace|U-turn|p2a: Weezing
|-resisted|p2a: Weezing
|-damage|p2a: Weezing|55/100
|
|t:|1757841293
|switch|p1a: Rhyperior|Rhyperior, F|82/100 tox|[from] U-turn
|-item|p1a: Rhyperior|Air Balloon
|move|p2a: Weezing|Toxic|p1a: Rhyperior
|-fail|p1a: Rhyperior|tox
|
|-damage|p1a: Rhyperior|76/100 tox|[from] psn
|upkeep
|turn|14
|
|t:|1757841302
|-end|p2a: Weezing|ability: Neutralizing Gas
|switch|p2a: Chesnaught|Chesnaught, M|77/100
|-damage|p2a: Chesnaught|70/100|[from] Stealth Rock
|move|p1a: Rhyperior|Megahorn|p2a: Chesnaught
|-damage|p2a: Chesnaught|45/100
|-damage|p1a: Rhyperior|59/100 tox|[from] item: Rocky Helmet|[of] p2a: Chesnaught
|
|-damage|p1a: Rhyperior|47/100 tox|[from] psn
|upkeep
|turn|15
|
|t:|1757841311
|switch|p1a: Cinderace|Cinderace, M|100/100
|move|p2a: Chesnaught|Synthesis|p2a: Chesnaught
|-heal|p2a: Chesnaught|95/100
|
|upkeep
|turn|16
|
|t:|1757841320
|switch|p2a: Pecharunt|Pecharunt|100/100
|-damage|p2a: Pecharunt|88/100|[from] Stealth Rock
|move|p1a: Cinderace|Pyro Ball|p2a: Pecharunt
|-damage|p2a: Pecharunt|61/100
|
|upkeep
|turn|17
|
|t:|1757841328
|move|p1a: Cinderace|U-turn|p2a: Pecharunt
|-start|p1a: Cinderace|typechange|Bug|[from] ability: Libero
|-resisted|p2a: Pecharunt
|-damage|p2a: Pecharunt|57/100
|-damage|p1a: Cinderace|84/100|[from] item: Rocky Helmet|[of] p2a: Pecharunt
|
|t:|1757841339
|switch|p1a: Rhyperior|Rhyperior, F|47/100 tox|[from] U-turn
|-item|p1a: Rhyperior|Air Balloon
|move|p2a: Pecharunt|Parting Shot|p1a: Rhyperior
|-unboost|p1a: Rhyperior|atk|1
|-unboost|p1a: Rhyperior|spa|1
|
|t:|1757841345
|switch|p2a: Medicham|Medicham, M|100/100|[from] Parting Shot
|-damage|p2a: Medicham|94/100|[from] Stealth Rock
|
|-heal|p2a: Medicham|100/100|[from] item: Leftovers
|-damage|p1a: Rhyperior|41/100 tox|[from] psn
|upkeep
|turn|18
|
|t:|1757841354
|move|p2a: Medicham|Fake Out|p1a: Rhyperior
|-resisted|p1a: Rhyperior
|-damage|p1a: Rhyperior|37/100 tox
|-enditem|p1a: Rhyperior|Air Balloon
|cant|p1a: Rhyperior|flinch
|
|-damage|p1a: Rhyperior|24/100 tox|[from] psn
|upkeep
|turn|19
|
|t:|1757841370
|move|p2a: Medicham|Ice Punch|p1a: Rhyperior
|-supereffective|p1a: Rhyperior
|-crit|p1a: Rhyperior
|-damage|p1a: Rhyperior|0 fnt
|faint|p1a: Rhyperior
|
|upkeep
|
|t:|1757841375
|switch|p1a: Malamar|Malamar, M, shiny|100/100
|-activate|p1a: Malamar|move: Sticky Web
|-boost|p1a: Malamar|spe|1
|turn|20
|
|t:|1757841385
|switch|p2a: Slowking|Slowking-Galar, F|100/100
|move|p1a: Malamar|Superpower|p2a: Slowking
|-resisted|p2a: Slowking
|-damage|p2a: Slowking|91/100
|-boost|p1a: Malamar|atk|1
|-boost|p1a: Malamar|def|1
|
|upkeep
|turn|21
|inactive|Biswajit singh has 120 seconds left.
|
|t:|1757841437
|-terastallize|p1a: Malamar|Stellar
|move|p1a: Malamar|Night Slash|p2a: Slowking
|-supereffective|p2a: Slowking
|-damage|p2a: Slowking|0 fnt
|faint|p2a: Slowking
|
|upkeep
|inactive|tzhed has 120 seconds left.
|
|t:|1757841458
|switch|p2a: Chesnaught|Chesnaught, M|95/100
|-damage|p2a: Chesnaught|89/100|[from] Stealth Rock
|turn|22
|inactive|tzhed has 120 seconds left.
|
|t:|1757841470
|move|p1a: Malamar|Psycho Cut|p2a: Chesnaught
|-supereffective|p2a: Chesnaught
|-damage|p2a: Chesnaught|25/100
|move|p2a: Chesnaught|Knock Off|p1a: Malamar
|-damage|p1a: Malamar|80/100
|-enditem|p1a: Malamar|Leftovers|[from] move: Knock Off|[of] p2a: Chesnaught
|
|upkeep
|turn|23
|
|t:|1757841480
|move|p1a: Malamar|Psycho Cut|p2a: Chesnaught
|-supereffective|p2a: Chesnaught
|-damage|p2a: Chesnaught|0 fnt
|faint|p2a: Chesnaught
|
|upkeep
|inactive|tzhed has 120 seconds left.
|
|t:|1757841499
|switch|p2a: Pecharunt|Pecharunt|57/100
|-damage|p2a: Pecharunt|45/100|[from] Stealth Rock
|turn|24
|
|t:|1757841504
|-terastallize|p2a: Pecharunt|Dark
|move|p1a: Malamar|Tera Blast|p2a: Pecharunt|[anim] Tera Blast Stellar
|-supereffective|p2a: Pecharunt
|-damage|p2a: Pecharunt|1/100
|-boost|p1a: Malamar|atk|1
|-boost|p1a: Malamar|spa|1
|move|p2a: Pecharunt|Recover|p2a: Pecharunt
|-heal|p2a: Pecharunt|51/100
|
|upkeep
|turn|25
|
|t:|1757841515
|switch|p2a: Weezing|Weezing-Galar, M|55/100
|-ability|p2a: Weezing|Neutralizing Gas
|move|p1a: Malamar|Tera Blast|p2a: Weezing|[anim] Tera Blast Stellar
|-damage|p2a: Weezing|21/100
|-unboost|p1a: Malamar|atk|1
|-unboost|p1a: Malamar|spa|1
|
|upkeep
|turn|26
|
|t:|1757841525
|move|p1a: Malamar|Psycho Cut|p2a: Weezing
|-supereffective|p2a: Weezing
|-damage|p2a: Weezing|0 fnt
|faint|p2a: Weezing
|-end|p2a: Weezing|ability: Neutralizing Gas
|
|upkeep
|
|t:|1757841536
|switch|p2a: Medicham|Medicham, M|100/100
|-damage|p2a: Medicham|94/100|[from] Stealth Rock
|turn|27
|
|t:|1757841543
|move|p2a: Medicham|Fake Out|p1a: Malamar
|-damage|p1a: Malamar|69/100
|cant|p1a: Malamar|flinch
|
|-heal|p2a: Medicham|100/100|[from] item: Leftovers
|upkeep
|turn|28
|
|t:|1757841553
|move|p1a: Malamar|Superpower|p2a: Medicham
|-resisted|p2a: Medicham
|-damage|p2a: Medicham|71/100
|-boost|p1a: Malamar|atk|1
|-boost|p1a: Malamar|def|1
|move|p2a: Medicham|Drain Punch|p1a: Malamar
|-crit|p1a: Malamar
|-damage|p1a: Malamar|12/100
|-heal|p2a: Medicham|99/100|[from] drain|[of] p1a: Malamar
|
|-heal|p2a: Medicham|100/100|[from] item: Leftovers
|upkeep
|turn|29
|
|t:|1757841564
|move|p1a: Malamar|Night Slash|p2a: Medicham
|-damage|p2a: Medicham|48/100
|move|p2a: Medicham|Drain Punch|p1a: Malamar
|-damage|p1a: Malamar|0 fnt
|-heal|p2a: Medicham|54/100|[from] drain|[of] p1a: Malamar
|faint|p1a: Malamar
|
|-heal|p2a: Medicham|60/100|[from] item: Leftovers
|upkeep
|
|t:|1757841572
|switch|p1a: Sceptile|Sceptile, M|100/100
|-activate|p1a: Sceptile|move: Sticky Web
|-unboost|p1a: Sceptile|spe|1
|-enditem|p1a: Sceptile|White Herb
|-clearnegativeboost|p1a: Sceptile|[silent]
|turn|30
|
|t:|1757841590
|move|p1a: Sceptile|Acrobatics|p2a: Medicham
|-supereffective|p2a: Medicham
|-damage|p2a: Medicham|0 fnt
|faint|p2a: Medicham
|
|upkeep
|
|t:|1757841599
|switch|p2a: Pecharunt|Pecharunt, tera:Dark|51/100
|-damage|p2a: Pecharunt|38/100|[from] Stealth Rock
|turn|31
|
|t:|1757841607
|move|p1a: Sceptile|Leaf Blade|p2a: Pecharunt
|-damage|p2a: Pecharunt|20/100
|-damage|p1a: Sceptile|84/100|[from] item: Rocky Helmet|[of] p2a: Pecharunt
|move|p2a: Pecharunt|Recover|p2a: Pecharunt
|-heal|p2a: Pecharunt|70/100
|
|upkeep
|turn|32
|
|t:|1757841617
|move|p1a: Sceptile|Swords Dance|p1a: Sceptile
|-boost|p1a: Sceptile|atk|2
|move|p2a: Pecharunt|Malignant Chain|p1a: Sceptile
|-supereffective|p1a: Sceptile
|-damage|p1a: Sceptile|0 fnt
|faint|p1a: Sceptile
|
|upkeep
|
|t:|1757841623
|switch|p1a: Cinderace|Cinderace, M|84/100
|turn|33
|
|t:|1757841629
|move|p1a: Cinderace|Pyro Ball|p2a: Pecharunt
|-damage|p2a: Pecharunt|42/100
|move|p2a: Pecharunt|Malignant Chain|p1a: Cinderace
|-damage|p1a: Cinderace|40/100
|-status|p1a: Cinderace|tox
|-start|p1a: Cinderace|confusion|[from] ability: Poison Puppeteer|[of] p2a: Pecharunt
|
|-damage|p1a: Cinderace|34/100 tox|[from] psn
|upkeep
|turn|34
|
|t:|1757841634
|-activate|p1a: Cinderace|confusion
|move|p1a: Cinderace|Pyro Ball|p2a: Pecharunt
|-damage|p2a: Pecharunt|18/100
|move|p2a: Pecharunt|Recover|p2a: Pecharunt
|-heal|p2a: Pecharunt|68/100
|
|-damage|p1a: Cinderace|22/100 tox|[from] psn
|upkeep
|turn|35
|
|t:|1757841644
|-end|p1a: Cinderace|confusion
|move|p1a: Cinderace|Pyro Ball|p2a: Pecharunt
|-damage|p2a: Pecharunt|43/100
|move|p2a: Pecharunt|Recover|p2a: Pecharunt
|-heal|p2a: Pecharunt|93/100
|
|-damage|p1a: Cinderace|4/100 tox|[from] psn
|upkeep
|turn|36
|
|t:|1757841654
|switch|p2a: Ting-Lu|Ting-Lu|13/100
|-damage|p2a: Ting-Lu|7/100|[from] Stealth Rock
|-ability|p2a: Ting-Lu|Vessel of Ruin
|move|p1a: Cinderace|Pyro Ball|p2a: Ting-Lu
|-damage|p2a: Ting-Lu|0 fnt
|faint|p2a: Ting-Lu
|
|-damage|p1a: Cinderace|0 fnt|[from] psn
|faint|p1a: Cinderace
|
|win|tzhed
|raw|Biswajit singh's rating: 1097 &rarr; <strong>1073</strong><br />(-24 for losing)
|raw|tzhed's rating: 1110 &rarr; <strong>1134</strong><br />(+24 for winning)
|l|☆tzhed
|player|p2|
|c|☆Biswajit singh|nice match
|l|☆Biswajit singh
|player|p1|
