|j|☆Enderian67
|j|☆Paradox Pro
|t:|1757924345
|gametype|singles
|player|p1|Enderian67|cynthia|1194
|player|p2|Paradox Pro|ethan|1158
|gen|9
|tier|[Gen 9] OU
|rated|
|rule|HP Percentage Mod: HP is shown in percentages
|rule|Endless Battle Clause: Forcing endless battles is banned
|rule|Species Clause: Limit one of each Pokémon
|rule|OHKO Clause: OHKO moves are banned
|rule|Evasion Items Clause: Evasion items are banned
|rule|Evasion Moves Clause: Evasion moves are banned
|rule|Evasion Abilities Clause: Evasion abilities are banned
|rule|Sleep Moves Clause: Sleep-inducing moves are banned
|clearpoke
|poke|p1|Lycanroc, F|
|poke|p1|Pawmot, F|
|poke|p1|Greninja-*, M|
|poke|p1|Infernape, M|
|poke|p1|Meowscarada, F|
|poke|p1|Dusknoir, F|
|poke|p2|Samurott-Hisui, M|
|poke|p2|Raging Bolt|
|poke|p2|Dragapult, M|
|poke|p2|Iron Treads|
|poke|p2|Hatterene, F|
|poke|p2|Kingambit, M|
|teampreview
|
|t:|1757924351
|teamsize|p1|6
|teamsize|p2|6
|start
|switch|p1a: Lycanroc|Lycanroc, F|100/100
|switch|p2a: Samurott|Samurott-Hisui, M|100/100
|turn|1
|
|t:|1757924356
|move|p1a: Lycanroc|Stealth Rock|p2a: Samurott
|-sidestart|p2: Paradox Pro|move: Stealth Rock
|move|p2a: Samurott|Ceaseless Edge|p1a: Lycanroc
|-damage|p1a: Lycanroc|13/100
|-sidestart|p1: Enderian67|Spikes
|
|upkeep
|turn|2
|
|t:|1757924362
|move|p1a: Lycanroc|Close Combat|p2a: Samurott
|-supereffective|p2a: Samurott
|-damage|p2a: Samurott|16/100
|-unboost|p1a: Lycanroc|def|1
|-unboost|p1a: Lycanroc|spd|1
|move|p2a: Samurott|Ceaseless Edge|p1a: Lycanroc|[miss]
|-miss|p2a: Samurott|p1a: Lycanroc
|
|-heal|p2a: Samurott|22/100|[from] item: Leftovers
|upkeep
|turn|3
|
|t:|1757924375
|move|p1a: Lycanroc|Trailblaze|p2a: Samurott
|-supereffective|p2a: Samurott
|-damage|p2a: Samurott|0 fnt
|-boost|p1a: Lycanroc|spe|1
|faint|p2a: Samurott
|
|upkeep
|
|t:|1757924398
|switch|p2a: Iron Treads|Iron Treads|100/100
|-damage|p2a: Iron Treads|97/100|[from] Stealth Rock
|-enditem|p2a: Iron Treads|Booster Energy
|-activate|p2a: Iron Treads|ability: Quark Drive|[fromitem]
|-start|p2a: Iron Treads|quarkdriveatk
|turn|4
|
|t:|1757924405
|move|p1a: Lycanroc|Close Combat|p2a: Iron Treads
|-supereffective|p2a: Iron Treads
|-damage|p2a: Iron Treads|27/100
|-unboost|p1a: Lycanroc|def|1
|-unboost|p1a: Lycanroc|spd|1
|move|p2a: Iron Treads|Iron Head|p1a: Lycanroc
|-supereffective|p1a: Lycanroc
|-damage|p1a: Lycanroc|0 fnt
|faint|p1a: Lycanroc
|
|upkeep
|
|t:|1757924413
|switch|p1a: Infernape|Infernape, M|100/100
|-damage|p1a: Infernape|88/100|[from] Spikes
|turn|5
|
|t:|1757924417
|move|p1a: Infernape|Drain Punch|p2a: Iron Treads
|-supereffective|p2a: Iron Treads
|-damage|p2a: Iron Treads|0 fnt
|-heal|p1a: Infernape|100/100|[from] drain|[of] p2a: Iron Treads
|faint|p2a: Iron Treads
|-end|p2a: Iron Treads|Quark Drive|[silent]
|
|upkeep
|
|t:|1757924429
|switch|p2a: Hatterene|Hatterene, F|100/100
|-damage|p2a: Hatterene|88/100|[from] Stealth Rock
|turn|6
|
|t:|1757924436
|switch|p1a: Dusknoir|Dusknoir, F|100/100
|-damage|p1a: Dusknoir|88/100|[from] Spikes
|-item|p2a: Hatterene|Life Orb|[from] ability: Frisk|[of] p1a: Dusknoir
|move|p2a: Hatterene|Dazzling Gleam|p1a: Dusknoir
|-damage|p1a: Dusknoir|47/100
|-damage|p2a: Hatterene|78/100|[from] item: Life Orb
|
|-heal|p1a: Dusknoir|53/100|[from] item: Leftovers
|upkeep
|turn|7
|
|t:|1757924447
|move|p1a: Dusknoir|Poltergeist|p2a: Hatterene
|-activate|p2a: Hatterene|move: Poltergeist|Life Orb
|-supereffective|p2a: Hatterene
|-damage|p2a: Hatterene|0 fnt
|faint|p2a: Hatterene
|
|-heal|p1a: Dusknoir|59/100|[from] item: Leftovers
|upkeep
|
|t:|1757924454
|switch|p2a: Dragapult|Dragapult, M|100/100
|-damage|p2a: Dragapult|88/100|[from] Stealth Rock
|turn|8
|
|t:|1757924459
|move|p2a: Dragapult|Night Shade|p1a: Dusknoir
|-damage|p1a: Dusknoir|25/100
|move|p1a: Dusknoir|Will-O-Wisp|p2a: Dragapult
|-status|p2a: Dragapult|brn
|
|-heal|p1a: Dusknoir|31/100|[from] item: Leftovers
|-damage|p2a: Dragapult|82/100 brn|[from] brn
|upkeep
|turn|9
|
|t:|1757924468
|move|p2a: Dragapult|Night Shade|p1a: Dusknoir
|-damage|p1a: Dusknoir|0 fnt
|faint|p1a: Dusknoir
|
|-damage|p2a: Dragapult|76/100 brn|[from] brn
|upkeep
|
|t:|1757924473
|switch|p1a: Meowscarada|Meowscarada, F|100/100
|-damage|p1a: Meowscarada|88/100|[from] Spikes
|turn|10
|
|t:|1757924478
|move|p1a: Meowscarada|Sucker Punch|p2a: Dragapult
|-start|p1a: Meowscarada|typechange|Dark|[from] ability: Protean
|-supereffective|p2a: Dragapult
|-damage|p2a: Dragapult|0 fnt
|faint|p2a: Dragapult
|
|upkeep
|
|t:|1757924490
|switch|p2a: Raging Bolt|Raging Bolt|100/100
|-damage|p2a: Raging Bolt|88/100|[from] Stealth Rock
|-enditem|p2a: Raging Bolt|Booster Energy
|-activate|p2a: Raging Bolt|ability: Protosynthesis|[fromitem]
|-start|p2a: Raging Bolt|protosynthesisspa
|turn|11
|
|t:|1757924500
|move|p1a: Meowscarada|Sucker Punch|p2a: Raging Bolt
|-damage|p2a: Raging Bolt|50/100
|move|p2a: Raging Bolt|Draco Meteor|p1a: Meowscarada|[miss]
|-miss|p2a: Raging Bolt|p1a: Meowscarada
|
|upkeep
|turn|12
|
|t:|1757924506
|move|p1a: Meowscarada|Sucker Punch|p2a: Raging Bolt
|-damage|p2a: Raging Bolt|11/100
|move|p2a: Raging Bolt|Draco Meteor|p1a: Meowscarada
|-damage|p1a: Meowscarada|0 fnt
|-unboost|p2a: Raging Bolt|spa|2
|faint|p1a: Meowscarada
|
|upkeep
|
|t:|1757924520
|switch|p1a: Greninja|Greninja, M|100/100
|-damage|p1a: Greninja|88/100|[from] Spikes
|turn|13
|
|t:|1757924524
|move|p1a: Greninja|Water Shuriken|p2a: Raging Bolt
|-resisted|p2a: Raging Bolt
|-damage|p2a: Raging Bolt|8/100
|-resisted|p2a: Raging Bolt
|-damage|p2a: Raging Bolt|4/100
|-hitcount|p2a: Raging Bolt|2
|-damage|p1a: Greninja|78/100|[from] item: Life Orb
|move|p2a: Raging Bolt|Thunderclap||[still]
|-fail|p2a: Raging Bolt
|
|upkeep
|turn|14
|
|t:|1757924535
|move|p1a: Greninja|Water Shuriken|p2a: Raging Bolt
|-resisted|p2a: Raging Bolt
|-damage|p2a: Raging Bolt|0 fnt
|faint|p2a: Raging Bolt
|-end|p2a: Raging Bolt|Protosynthesis|[silent]
|-ability|p1a: Greninja|Battle Bond|boost
|-boost|p1a: Greninja|atk|1
|-boost|p1a: Greninja|spa|1
|-boost|p1a: Greninja|spe|1
|-activate|p1a: Greninja|ability: Battle Bond
|-hitcount|p2: Raging Bolt|1
|-damage|p1a: Greninja|69/100|[from] item: Life Orb
|
|upkeep
|
|t:|1757924544
|switch|p2a: Kingambit|Kingambit, M|100/100
|-damage|p2a: Kingambit|94/100|[from] Stealth Rock
|-activate|p2a: Kingambit|ability: Supreme Overlord
|-start|p2a: Kingambit|fallen5|[silent]
|turn|15
|
|t:|1757924553
|-terastallize|p1a: Greninja|Water
|move|p1a: Greninja|Water Shuriken|p2a: Kingambit
|-damage|p2a: Kingambit|76/100
|-damage|p2a: Kingambit|60/100
|-damage|p2a: Kingambit|43/100
|-crit|p2a: Kingambit
|-damage|p2a: Kingambit|19/100
|-hitcount|p2a: Kingambit|4
|-damage|p1a: Greninja|59/100|[from] item: Life Orb
|move|p2a: Kingambit|Kowtow Cleave|p1a: Greninja
|-damage|p1a: Greninja|0 fnt
|faint|p1a: Greninja
|
|-heal|p2a: Kingambit|25/100|[from] item: Leftovers
|upkeep
|
|t:|1757924565
|switch|p1a: Pawmot|Pawmot, F|100/100
|-damage|p1a: Pawmot|88/100|[from] Spikes
|turn|16
|
|t:|1757924570
|move|p1a: Pawmot|Revival Blessing|p1a: Pawmot
|-enditem|p1a: Pawmot|Leppa Berry|[eat]
|-activate|p1a: Pawmot|item: Leppa Berry|Revival Blessing|[consumed]
|
|t:|1757924573
|-heal|p1: Greninja|50/100|[from] move: Revival Blessing
|move|p2a: Kingambit|Iron Head|p1a: Pawmot
|-resisted|p1a: Pawmot
|-damage|p1a: Pawmot|33/100
|
|-heal|p2a: Kingambit|31/100|[from] item: Leftovers
|upkeep
|turn|17
|
|t:|1757924580
|move|p1a: Pawmot|Revival Blessing|p1a: Pawmot
|
|t:|1757924583
|-heal|p1: Meowscarada|50/100|[from] move: Revival Blessing
|move|p2a: Kingambit|Iron Head|p1a: Pawmot
|-resisted|p1a: Pawmot
|-damage|p1a: Pawmot|0 fnt
|faint|p1a: Pawmot
|
|-heal|p2a: Kingambit|38/100|[from] item: Leftovers
|upkeep
|
|t:|1757924585
|switch|p1a: Meowscarada|Meowscarada, F|50/100
|-damage|p1a: Meowscarada|38/100|[from] Spikes
|turn|18
|
|t:|1757924594
|move|p1a: Meowscarada|Sucker Punch|p2a: Kingambit
|-start|p1a: Meowscarada|typechange|Dark|[from] ability: Protean
|-resisted|p2a: Kingambit
|-damage|p2a: Kingambit|20/100
|move|p2a: Kingambit|Poison Jab|p1a: Meowscarada
|-damage|p1a: Meowscarada|0 fnt
|faint|p1a: Meowscarada
|
|-heal|p2a: Kingambit|26/100|[from] item: Leftovers
|upkeep
|
|t:|1757924600
|switch|p1a: Greninja|Greninja, M|50/100
|-damage|p1a: Greninja|38/100|[from] Spikes
|turn|19
|
|t:|1757924607
|move|p1a: Greninja|Water Shuriken|p2a: Kingambit
|-damage|p2a: Kingambit|18/100
|-damage|p2a: Kingambit|9/100
|-damage|p2a: Kingambit|1/100
|-damage|p2a: Kingambit|0 fnt
|faint|p2a: Kingambit
|-end|p2a: Kingambit|fallen5|[silent]
|-hitcount|p2: Kingambit|4
|-damage|p1a: Greninja|28/100|[from] item: Life Orb
|
|win|Enderian67
|raw|Enderian67's rating: 1194 &rarr; <strong>1216</strong><br />(+22 for winning)
|raw|Paradox Pro's rating: 1158 &rarr; <strong>1136</strong><br />(-22 for losing)
|l|☆Paradox Pro
|player|p2|
|l|☆Enderian67
|player|p1|
