|j|☆99steps_stuts
|j|☆overheat xyz
|t:|1757856296
|gametype|singles
|player|p1|99steps_stuts|brycenman|1686
|player|p2|overheat xyz|266|1630
|gen|9
|tier|[Gen 9] OU
|rated|
|rule|HP Percentage Mod: HP is shown in percentages
|rule|Endless Battle Clause: Forcing endless battles is banned
|rule|Species Clause: Limit one of each Pokémon
|rule|OHKO Clause: OHKO moves are banned
|rule|Evasion Items Clause: Evasion items are banned
|rule|Evasion Moves Clause: Evasion moves are banned
|rule|Evasion Abilities Clause: Evasion abilities are banned
|rule|Sleep Moves Clause: Sleep-inducing moves are banned
|clearpoke
|poke|p1|Clefable, M|
|poke|p1|Incineroar, M|
|poke|p1|Clodsire, M|
|poke|p1|Zapdos-Galar|
|poke|p1|Gholdengo|
|poke|p1|Dragapult, F|
|poke|p2|Kingambit, F|
|poke|p2|Garganacl, M|
|poke|p2|Rillaboom, F|
|poke|p2|Hatterene, F|
|poke|p2|Dragapult, M|
|poke|p2|Corviknight, F|
|teampreview
|inactive|Battle timer is ON: inactive players will automatically lose when time's up. (requested by 99steps_stuts)
|inactive|99steps_stuts has 120 seconds left.
|
|t:|1757856350
|teamsize|p1|6
|teamsize|p2|6
|start
|switch|p1a: Incineroar|Incineroar, M, shiny|100/100
|switch|p2a: Rillaboom|Rillaboom, F|100/100
|-fieldstart|move: Grassy Terrain|[from] ability: Grassy Surge|[of] p2a: Rillaboom
|-ability|p1a: Incineroar|Intimidate|boost
|-unboost|p2a: Rillaboom|atk|1
|turn|1
|
|t:|1757856367
|move|p2a: Rillaboom|U-turn|p1a: Incineroar
|-damage|p1a: Incineroar|76/100
|
|t:|1757856369
|switch|p2a: Garganacl|Garganacl, M|100/100|[from] U-turn
|move|p1a: Incineroar|Knock Off|p2a: Garganacl
|-damage|p2a: Garganacl|66/100
|-enditem|p2a: Garganacl|Leftovers|[from] move: Knock Off|[of] p1a: Incineroar
|
|-heal|p1a: Incineroar|82/100|[from] Grassy Terrain
|-heal|p2a: Garganacl|72/100|[from] Grassy Terrain
|upkeep
|turn|2
|
|t:|1757856374
|move|p1a: Incineroar|U-turn|p2a: Garganacl
|-damage|p2a: Garganacl|56/100
|
|t:|1757856379
|switch|p1a: Quaqsire|Clodsire, M, shiny|100/100|[from] U-turn
|move|p2a: Garganacl|Stealth Rock|p1a: Quaqsire
|-sidestart|p1: 99steps_stuts|move: Stealth Rock
|
|-heal|p2a: Garganacl|62/100|[from] Grassy Terrain
|upkeep
|turn|3
|
|t:|1757856387
|switch|p2a: Hatterene|Hatterene, F|100/100
|move|p1a: Quaqsire|Stealth Rock|p2a: Hatterene
|move|p2a: Hatterene|Stealth Rock||[from] ability: Magic Bounce|[still]
|-fail|p2a: Hatterene
|
|upkeep
|turn|4
|
|t:|1757856392
|move|p2a: Hatterene|Psychic Noise|p1a: Quaqsire
|-supereffective|p1a: Quaqsire
|-damage|p1a: Quaqsire|50/100
|-start|p1a: Quaqsire|move: Heal Block
|move|p1a: Quaqsire|Gunk Shot|p2a: Hatterene|[miss]
|-miss|p1a: Quaqsire|p2a: Hatterene
|
|upkeep
|turn|5
|
|t:|1757856403
|switch|p1a: Incineroar|Incineroar, M, shiny|82/100
|-ability|p1a: Incineroar|Intimidate|boost
|-unboost|p2a: Hatterene|atk|1
|move|p2a: Hatterene|Mystical Fire|p1a: Incineroar
|-resisted|p1a: Incineroar
|-damage|p1a: Incineroar|68/100
|-unboost|p1a: Incineroar|spa|1
|
|-heal|p1a: Incineroar|74/100|[from] Grassy Terrain
|-fieldend|move: Grassy Terrain
|upkeep
|turn|6
|
|t:|1757856409
|switch|p2a: Garganacl|Garganacl, M|62/100
|move|p1a: Incineroar|U-turn|p2a: Garganacl
|-damage|p2a: Garganacl|46/100
|
|t:|1757856414
|switch|p1a: Zapdos|Zapdos-Galar, shiny|100/100|[from] U-turn
|-damage|p1a: Zapdos|88/100|[from] Stealth Rock
|
|upkeep
|turn|7
|
|t:|1757856420
|move|p1a: Zapdos|Thunderous Kick|p2a: Garganacl
|-supereffective|p2a: Garganacl
|-damage|p2a: Garganacl|0 fnt
|faint|p2a: Garganacl
|
|upkeep
|
|t:|1757856426
|switch|p2a: Dragapult|Dragapult, M|100/100
|turn|8
|
|t:|1757856433
|move|p2a: Dragapult|Draco Meteor|p1a: Zapdos
|-damage|p1a: Zapdos|0 fnt
|-unboost|p2a: Dragapult|spa|2
|faint|p1a: Zapdos
|
|upkeep
|
|t:|1757856453
|switch|p1a: Gholdengo|Gholdengo, shiny|100/100
|-damage|p1a: Gholdengo|94/100|[from] Stealth Rock
|-item|p1a: Gholdengo|Air Balloon
|turn|9
|
|t:|1757856457
|switch|p2a: Kingambit|Kingambit, F|100/100
|-activate|p2a: Kingambit|ability: Supreme Overlord
|-start|p2a: Kingambit|fallen1|[silent]
|move|p1a: Gholdengo|Focus Blast|p2a: Kingambit|[miss]
|-miss|p1a: Gholdengo|p2a: Kingambit
|
|upkeep
|turn|10
|
|t:|1757856469
|-end|p2a: Kingambit|fallen1|[silent]
|switch|p2a: Hatterene|Hatterene, F|100/100
|move|p1a: Gholdengo|Focus Blast|p2a: Hatterene
|-resisted|p2a: Hatterene
|-damage|p2a: Hatterene|92/100
|
|upkeep
|turn|11
|
|t:|1757856482
|-terastallize|p2a: Hatterene|Steel
|move|p1a: Gholdengo|Make It Rain|p2a: Hatterene
|-resisted|p2a: Hatterene
|-damage|p2a: Hatterene|68/100
|-unboost|p1a: Gholdengo|spa|1
|move|p2a: Hatterene|Mystical Fire|p1a: Gholdengo
|-supereffective|p1a: Gholdengo
|-damage|p1a: Gholdengo|23/100
|-unboost|p1a: Gholdengo|spa|1
|-enditem|p1a: Gholdengo|Air Balloon
|
|upkeep
|turn|12
|
|t:|1757856494
|switch|p1a: Quaqsire|Clodsire, M, shiny|50/100
|-damage|p1a: Quaqsire|44/100|[from] Stealth Rock
|move|p2a: Hatterene|Mystical Fire|p1a: Quaqsire
|-damage|p1a: Quaqsire|28/100
|-unboost|p1a: Quaqsire|spa|1
|
|-heal|p1a: Quaqsire|34/100|[from] item: Black Sludge
|upkeep
|turn|13
|
|t:|1757856500
|switch|p1a: Incineroar|Incineroar, M, shiny|74/100
|-ability|p1a: Incineroar|Intimidate|boost
|-unboost|p2a: Hatterene|atk|1
|move|p2a: Hatterene|Psychic Noise|p1a: Incineroar
|-immune|p1a: Incineroar
|
|upkeep
|turn|14
|
|t:|1757856512
|switch|p2a: Corviknight|Corviknight, F|100/100
|-ability|p2a: Corviknight|Pressure
|move|p1a: Incineroar|Flare Blitz|p2a: Corviknight
|-supereffective|p2a: Corviknight
|-damage|p2a: Corviknight|21/100
|-damage|p1a: Incineroar|57/100|[from] item: Rocky Helmet|[of] p2a: Corviknight
|-damage|p1a: Incineroar|31/100|[from] Recoil
|
|upkeep
|turn|15
|
|t:|1757856522
|switch|p1a: Gholdengo|Gholdengo, shiny|23/100
|-damage|p1a: Gholdengo|17/100|[from] Stealth Rock
|move|p2a: Corviknight|Body Press|p1a: Gholdengo
|-immune|p1a: Gholdengo
|
|upkeep
|turn|16
|
|t:|1757856530
|switch|p2a: Rillaboom|Rillaboom, F|100/100
|-fieldstart|move: Grassy Terrain|[from] ability: Grassy Surge|[of] p2a: Rillaboom
|move|p1a: Gholdengo|Shadow Ball|p2a: Rillaboom
|-damage|p2a: Rillaboom|39/100
|
|-heal|p2a: Rillaboom|45/100|[from] Grassy Terrain
|-heal|p1a: Gholdengo|23/100|[from] Grassy Terrain
|upkeep
|turn|17
|
|t:|1757856536
|move|p2a: Rillaboom|Knock Off|p1a: Gholdengo
|-supereffective|p1a: Gholdengo
|-damage|p1a: Gholdengo|0 fnt
|faint|p1a: Gholdengo
|
|-heal|p2a: Rillaboom|51/100|[from] Grassy Terrain
|upkeep
|
|t:|1757856539
|switch|p1a: Incineroar|Incineroar, M, shiny|31/100
|-ability|p1a: Incineroar|Intimidate|boost
|-unboost|p2a: Rillaboom|atk|1
|turn|18
|
|t:|1757856545
|switch|p2a: Corviknight|Corviknight, F|21/100
|-ability|p2a: Corviknight|Pressure
|move|p1a: Incineroar|Knock Off|p2a: Corviknight
|-damage|p2a: Corviknight|0 fnt
|-damage|p1a: Incineroar|14/100|[from] item: Rocky Helmet|[of] p2a: Corviknight
|-enditem|p2a: Corviknight|Rocky Helmet|[from] move: Knock Off|[of] p1a: Incineroar
|faint|p2a: Corviknight
|
|-heal|p1a: Incineroar|20/100|[from] Grassy Terrain
|upkeep
|
|t:|1757856554
|switch|p2a: Dragapult|Dragapult, M|100/100
|turn|19
|
|t:|1757856557
|switch|p1a: Quaqsire|Clodsire, M, shiny|34/100
|-damage|p1a: Quaqsire|28/100|[from] Stealth Rock
|move|p2a: Dragapult|Shadow Ball|p1a: Quaqsire
|-damage|p1a: Quaqsire|0 fnt
|faint|p1a: Quaqsire
|
|upkeep
|
|t:|1757856567
|switch|p1a: Dragapult|Dragapult, F|100/100
|turn|20
|
|t:|1757856575
|switch|p2a: Kingambit|Kingambit, F|100/100
|-activate|p2a: Kingambit|ability: Supreme Overlord
|-start|p2a: Kingambit|fallen2|[silent]
|-enditem|p2a: Kingambit|Grassy Seed
|-boost|p2a: Kingambit|def|1|[from] item: Grassy Seed
|move|p1a: Dragapult|Dragon Darts|p2a: Kingambit
|-resisted|p2a: Kingambit
|-damage|p2a: Kingambit|95/100
|-anim|p1a: Dragapult|Dragon Darts|p2a: Kingambit
|-resisted|p2a: Kingambit
|-damage|p2a: Kingambit|89/100
|
|-heal|p2a: Kingambit|95/100|[from] Grassy Terrain
|-fieldend|move: Grassy Terrain
|upkeep
|turn|21
|
|t:|1757856585
|move|p1a: Dragapult|Will-O-Wisp|p2a: Kingambit|[miss]
|-miss|p1a: Dragapult|p2a: Kingambit
|move|p2a: Kingambit|Kowtow Cleave|p1a: Dragapult
|-supereffective|p1a: Dragapult
|-damage|p1a: Dragapult|0 fnt
|faint|p1a: Dragapult
|
|upkeep
|c|☆99steps_stuts|lol
|
|t:|1757856590
|switch|p1a: Incineroar|Incineroar, M, shiny|20/100
|-ability|p1a: Incineroar|Intimidate|boost
|-unboost|p2a: Kingambit|atk|1
|turn|22
|
|t:|1757856596
|move|p1a: Incineroar|Will-O-Wisp|p2a: Kingambit
|-status|p2a: Kingambit|brn
|move|p2a: Kingambit|Kowtow Cleave|p1a: Incineroar
|-resisted|p1a: Incineroar
|-damage|p1a: Incineroar|11/100
|
|-damage|p2a: Kingambit|89/100 brn|[from] brn
|upkeep
|turn|23
|
|t:|1757856607
|move|p2a: Kingambit|Sucker Punch|p1a: Incineroar
|-resisted|p1a: Incineroar
|-damage|p1a: Incineroar|3/100
|move|p1a: Incineroar|Flare Blitz|p2a: Kingambit
|-supereffective|p2a: Kingambit
|-damage|p2a: Kingambit|29/100 brn
|-damage|p1a: Incineroar|0 fnt|[from] Recoil
|faint|p1a: Incineroar
|
|-damage|p2a: Kingambit|23/100 brn|[from] brn
|upkeep
|
|t:|1757856613
|switch|p1a: Clefairie|Clefable, M, shiny|100/100
|-damage|p1a: Clefairie|88/100|[from] Stealth Rock
|turn|24
|
|t:|1757856615
|move|p1a: Clefairie|Calm Mind|p1a: Clefairie
|-boost|p1a: Clefairie|spa|1
|-boost|p1a: Clefairie|spd|1
|move|p2a: Kingambit|Swords Dance|p2a: Kingambit
|-boost|p2a: Kingambit|atk|2
|
|-heal|p1a: Clefairie|94/100|[from] item: Leftovers
|-damage|p2a: Kingambit|17/100 brn|[from] brn
|upkeep
|turn|25
|
|t:|1757856619
|move|p1a: Clefairie|Calm Mind|p1a: Clefairie
|-boost|p1a: Clefairie|spa|1
|-boost|p1a: Clefairie|spd|1
|move|p2a: Kingambit|Iron Head|p1a: Clefairie
|-supereffective|p1a: Clefairie
|-damage|p1a: Clefairie|54/100
|
|-heal|p1a: Clefairie|60/100|[from] item: Leftovers
|-damage|p2a: Kingambit|11/100 brn|[from] brn
|upkeep
|turn|26
|
|t:|1757856621
|move|p1a: Clefairie|Wish|p1a: Clefairie
|move|p2a: Kingambit|Iron Head|p1a: Clefairie
|-supereffective|p1a: Clefairie
|-damage|p1a: Clefairie|15/100
|
|-heal|p1a: Clefairie|21/100|[from] item: Leftovers
|-damage|p2a: Kingambit|5/100 brn|[from] brn
|upkeep
|turn|27
|
|t:|1757856630
|move|p1a: Clefairie|Protect|p1a: Clefairie
|-singleturn|p1a: Clefairie|Protect
|move|p2a: Kingambit|Iron Head|p1a: Clefairie
|-activate|p1a: Clefairie|move: Protect
|
|-heal|p1a: Clefairie|71/100|[from] move: Wish|[wisher] Clefairie
|-heal|p1a: Clefairie|77/100|[from] item: Leftovers
|-damage|p2a: Kingambit|0 fnt|[from] brn
|faint|p2a: Kingambit
|-end|p2a: Kingambit|fallen2|[silent]
|upkeep
|
|t:|1757856633
|switch|p2a: Hatterene|Hatterene, F, tera:Steel|68/100
|turn|28
|
|t:|1757856640
|move|p1a: Clefairie|Calm Mind|p1a: Clefairie
|-boost|p1a: Clefairie|spa|1
|-boost|p1a: Clefairie|spd|1
|move|p2a: Hatterene|Nuzzle|p1a: Clefairie
|-damage|p1a: Clefairie|74/100
|-status|p1a: Clefairie|par
|
|-heal|p1a: Clefairie|80/100 par|[from] item: Leftovers
|upkeep
|turn|29
|
|t:|1757856647
|move|p2a: Hatterene|Psychic Noise|p1a: Clefairie
|-damage|p1a: Clefairie|64/100 par
|-start|p1a: Clefairie|move: Heal Block
|cant|p1a: Clefairie|move: Heal Block|Wish
|
|upkeep
|turn|30
|
|t:|1757856652
|move|p2a: Hatterene|Mystical Fire|p1a: Clefairie
|-damage|p1a: Clefairie|53/100 par
|-unboost|p1a: Clefairie|spa|1
|move|p1a: Clefairie|Moonblast|p2a: Hatterene
|-resisted|p2a: Hatterene
|-damage|p2a: Hatterene|45/100
|-unboost|p2a: Hatterene|spa|1
|
|-end|p1a: Clefairie|move: Heal Block
|upkeep
|turn|31
|
|t:|1757856658
|move|p1a: Clefairie|Protect|p1a: Clefairie
|-singleturn|p1a: Clefairie|Protect
|move|p2a: Hatterene|Psychic Noise|p1a: Clefairie
|-activate|p1a: Clefairie|move: Protect
|
|-heal|p1a: Clefairie|59/100 par|[from] item: Leftovers
|upkeep
|turn|32
|
|t:|1757856660
|move|p2a: Hatterene|Psychic Noise|p1a: Clefairie
|-damage|p1a: Clefairie|43/100 par
|-start|p1a: Clefairie|move: Heal Block
|move|p1a: Clefairie|Moonblast|p2a: Hatterene
|-resisted|p2a: Hatterene
|-damage|p2a: Hatterene|25/100
|
|upkeep
|turn|33
|
|t:|1757856665
|move|p2a: Hatterene|Mystical Fire|p1a: Clefairie
|-damage|p1a: Clefairie|32/100 par
|-unboost|p1a: Clefairie|spa|1
|move|p1a: Clefairie|Moonblast|p2a: Hatterene
|-resisted|p2a: Hatterene
|-damage|p2a: Hatterene|9/100
|
|-end|p1a: Clefairie|move: Heal Block
|upkeep
|turn|34
|-message|99steps_stuts forfeited.
|
|win|overheat xyz
|raw|99steps_stuts's rating: 1686 &rarr; <strong>1663</strong><br />(-23 for losing)
|raw|overheat xyz's rating: 1630 &rarr; <strong>1653</strong><br />(+23 for winning)
|l|☆99steps_stuts
|player|p1|
