|j|☆William will
|j|☆Beauty Nova
|t:|1757828201
|gametype|singles
|player|p1|William will|101|1088
|player|p2|Beauty Nova|beauty-gen6xy|1110
|gen|9
|tier|[Gen 9] OU
|rated|
|rule|HP Percentage Mod: HP is shown in percentages
|rule|Endless Battle Clause: Forcing endless battles is banned
|rule|Species Clause: Limit one of each Pokémon
|rule|OHKO Clause: OHKO moves are banned
|rule|Evasion Items Clause: Evasion items are banned
|rule|Evasion Moves Clause: Evasion moves are banned
|rule|Evasion Abilities Clause: Evasion abilities are banned
|rule|Sleep Moves Clause: Sleep-inducing moves are banned
|clearpoke
|poke|p1|Cinderace, M|
|poke|p1|Malamar, F|
|poke|p1|Corviknight, M|
|poke|p1|Gengar, M|
|poke|p1|Ogerpon-Wellspring, F|
|poke|p1|Sylveon, F|
|poke|p2|Indeedee, M|
|poke|p2|Hatterene, F|
|poke|p2|Ursaluna, F|
|poke|p2|Mimikyu, F|
|poke|p2|Hoopa-Unbound|
|poke|p2|Iron Hands|
|teampreview
|
|t:|1757828218
|teamsize|p1|6
|teamsize|p2|6
|start
|switch|p1a: Gengar|Gengar, M|100/100
|switch|p2a: Indeedee|Indeedee, M, shiny|100/100
|-fieldstart|move: Psychic Terrain|[from] ability: Psychic Surge|[of] p2a: Indeedee
|turn|1
|inactive|Battle timer is ON: inactive players will automatically lose when time's up. (requested by William will)
|
|t:|1757828229
|switch|p1a: Malamar|Malamar, F|100/100
|move|p2a: Indeedee|Trick Room|p2a: Indeedee
|-fieldstart|move: Trick Room|[of] p2a: Indeedee
|
|upkeep
|turn|2
|
|t:|1757828239
|switch|p2a: Mimikyu|Mimikyu, F, shiny|100/100
|move|p1a: Malamar|Superpower|p2a: Mimikyu
|-immune|p2a: Mimikyu
|
|upkeep
|turn|3
|
|t:|1757828249
|move|p1a: Malamar|Topsy-Turvy||[still]
|-fail|p1a: Malamar
|move|p2a: Mimikyu|Play Rough|p1a: Malamar
|-supereffective|p1a: Malamar
|-damage|p1a: Malamar|49/100
|
|-heal|p1a: Malamar|55/100|[from] item: Leftovers
|upkeep
|turn|4
|
|t:|1757828259
|move|p1a: Malamar|Knock Off|p2a: Mimikyu
|-activate|p2a: Mimikyu|ability: Disguise
|-damage|p2a: Mimikyu|100/100
|-enditem|p2a: Mimikyu|Red Card|[from] move: Knock Off|[of] p1a: Malamar
|detailschange|p2a: Mimikyu|Mimikyu-Busted, F, shiny
|-damage|p2a: Mimikyu|88/100|[from] pokemon: Mimikyu-Busted
|move|p2a: Mimikyu|Curse|p1a: Malamar
|-start|p1a: Malamar|Curse|[of] p2a: Mimikyu
|-damage|p2a: Mimikyu|38/100
|
|-heal|p1a: Malamar|61/100|[from] item: Leftovers
|-damage|p1a: Malamar|36/100|[from] Curse
|upkeep
|turn|5
|
|t:|1757828274
|switch|p1a: Corviknight|Corviknight, M|100/100
|move|p2a: Mimikyu|Destiny Bond|p2a: Mimikyu
|-singlemove|p2a: Mimikyu|Destiny Bond
|
|-fieldend|move: Trick Room
|upkeep
|turn|6
|
|t:|1757828283
|move|p1a: Corviknight|Bulk Up|p1a: Corviknight
|-boost|p1a: Corviknight|atk|1
|-boost|p1a: Corviknight|def|1
|move|p2a: Mimikyu|Trick Room|p2a: Mimikyu
|-fieldstart|move: Trick Room|[of] p2a: Mimikyu
|
|upkeep
|turn|7
|
|t:|1757828292
|move|p1a: Corviknight|Iron Head|p2a: Mimikyu
|-supereffective|p2a: Mimikyu
|-damage|p2a: Mimikyu|0 fnt
|faint|p2a: Mimikyu
|
|upkeep
|
|t:|1757828298
|switch|p2a: Iron Hands|Iron Hands|100/100
|-enditem|p2a: Iron Hands|Booster Energy
|-activate|p2a: Iron Hands|ability: Quark Drive|[fromitem]
|-start|p2a: Iron Hands|quarkdriveatk
|turn|8
|
|t:|1757828315
|move|p2a: Iron Hands|Supercell Slam|p1a: Corviknight
|-supereffective|p1a: Corviknight
|-damage|p1a: Corviknight|20/100
|-damage|p2a: Iron Hands|84/100|[from] item: Rocky Helmet|[of] p1a: Corviknight
|move|p1a: Corviknight|Body Press|p2a: Iron Hands
|-damage|p2a: Iron Hands|58/100
|
|-fieldend|move: Psychic Terrain
|upkeep
|turn|9
|
|t:|1757828323
|move|p2a: Iron Hands|Supercell Slam|p1a: Corviknight
|-supereffective|p1a: Corviknight
|-damage|p1a: Corviknight|0 fnt
|-damage|p2a: Iron Hands|41/100|[from] item: Rocky Helmet|[of] p1a: Corviknight
|faint|p1a: Corviknight
|
|upkeep
|
|t:|1757828331
|switch|p1a: Sylveon|Sylveon, F|100/100
|turn|10
|
|t:|1757828340
|move|p2a: Iron Hands|Heavy Slam|p1a: Sylveon
|-supereffective|p1a: Sylveon
|-damage|p1a: Sylveon|0 fnt
|faint|p1a: Sylveon
|
|-fieldend|move: Trick Room
|upkeep
|
|t:|1757828348
|switch|p1a: Cinderace|Cinderace, M|100/100
|turn|11
|
|t:|1757828355
|move|p1a: Cinderace|Zen Headbutt|p2a: Iron Hands
|-start|p1a: Cinderace|typechange|Psychic|[from] ability: Libero
|-supereffective|p2a: Iron Hands
|-damage|p2a: Iron Hands|0 fnt
|faint|p2a: Iron Hands
|-end|p2a: Iron Hands|Quark Drive|[silent]
|
|upkeep
|
|t:|1757828368
|switch|p2a: Indeedee|Indeedee, M, shiny|100/100
|-fieldstart|move: Psychic Terrain|[from] ability: Psychic Surge|[of] p2a: Indeedee
|turn|12
|
|t:|1757828377
|switch|p1a: Malamar|Malamar, F|36/100
|move|p2a: Indeedee|Trick Room|p2a: Indeedee
|-fieldstart|move: Trick Room|[of] p2a: Indeedee
|
|-heal|p1a: Malamar|42/100|[from] item: Leftovers
|upkeep
|turn|13
|
|t:|1757828384
|move|p1a: Malamar|Superpower|p2a: Indeedee
|-damage|p2a: Indeedee|71/100
|-boost|p1a: Malamar|atk|1
|-boost|p1a: Malamar|def|1
|move|p2a: Indeedee|Healing Wish|p2a: Indeedee
|faint|p2a: Indeedee
|
|-heal|p1a: Malamar|48/100|[from] item: Leftovers
|upkeep
|
|t:|1757828396
|switch|p2a: Hoopa|Hoopa-Unbound|100/100
|-enditem|p2a: Hoopa|Psychic Seed
|-boost|p2a: Hoopa|spd|1|[from] item: Psychic Seed
|turn|14
|
|t:|1757828403
|move|p2a: Hoopa|Hyperspace Fury|p1a: Malamar
|-damage|p1a: Malamar|18/100
|-unboost|p2a: Hoopa|def|1
|-item|p2a: Hoopa|Leftovers|[from] ability: Magician|[of] p1a: Malamar
|move|p1a: Malamar|Knock Off|p2a: Hoopa
|-damage|p2a: Hoopa|22/100
|-enditem|p2a: Hoopa|Leftovers|[from] move: Knock Off|[of] p1a: Malamar
|
|upkeep
|turn|15
|
|t:|1757828415
|move|p2a: Hoopa|Focus Blast|p1a: Malamar|[miss]
|-miss|p2a: Hoopa|p1a: Malamar
|move|p1a: Malamar|Superpower|p2a: Hoopa
|-damage|p2a: Hoopa|0 fnt
|-boost|p1a: Malamar|atk|1
|-boost|p1a: Malamar|def|1
|faint|p2a: Hoopa
|
|upkeep
|
|t:|1757828422
|switch|p2a: Ursaluna|Ursaluna, F, shiny|100/100
|turn|16
|
|t:|1757828428
|move|p2a: Ursaluna|Facade|p1a: Malamar
|-damage|p1a: Malamar|0 fnt
|faint|p1a: Malamar
|
|-fieldend|move: Trick Room
|-status|p2a: Ursaluna|brn|[from] item: Flame Orb
|upkeep
|
|t:|1757828437
|switch|p1a: Gengar|Gengar, M|100/100
|turn|17
|
|t:|1757828442
|move|p1a: Gengar|Trick|p2a: Ursaluna
|-activate|p1a: Gengar|move: Trick|[of] p2a: Ursaluna
|-item|p2a: Ursaluna|Choice Scarf|[from] move: Trick
|-item|p1a: Gengar|Flame Orb|[from] move: Trick
|move|p2a: Ursaluna|Headlong Rush|p1a: Gengar
|-supereffective|p1a: Gengar
|-damage|p1a: Gengar|0 fnt
|-unboost|p2a: Ursaluna|def|1
|-unboost|p2a: Ursaluna|spd|1
|faint|p1a: Gengar
|
|-damage|p2a: Ursaluna|94/100 brn|[from] brn
|upkeep
|
|t:|1757828450
|switch|p1a: Ogerpon|Ogerpon-Wellspring, F|100/100
|turn|18
|
|t:|1757828461
|switch|p2a: Hatterene|Hatterene, F, shiny|100/100
|move|p1a: Ogerpon|Ivy Cudgel|p2a: Hatterene|[anim] Ivy Cudgel Water
|-damage|p2a: Hatterene|33/100
|
|upkeep
|turn|19
|
|t:|1757828466
|move|p1a: Ogerpon|Ivy Cudgel|p2a: Hatterene|[anim] Ivy Cudgel Water
|-damage|p2a: Hatterene|0 fnt
|faint|p2a: Hatterene
|
|-fieldend|move: Psychic Terrain
|upkeep
|
|t:|1757828469
|switch|p2a: Ursaluna|Ursaluna, F, shiny|94/100 brn
|-heal|p2a: Ursaluna|100/100|[from] move: Healing Wish
|turn|20
|
|t:|1757828479
|move|p1a: Ogerpon|Horn Leech|p2a: Ursaluna
|-supereffective|p2a: Ursaluna
|-damage|p2a: Ursaluna|29/100
|move|p2a: Ursaluna|Supercell Slam|p1a: Ogerpon
|-damage|p1a: Ogerpon|52/100
|
|upkeep
|turn|21
|
|t:|1757828500
|move|p1a: Ogerpon|Ivy Cudgel|p2a: Ursaluna|[anim] Ivy Cudgel Water
|-supereffective|p2a: Ursaluna
|-damage|p2a: Ursaluna|0 fnt
|faint|p2a: Ursaluna
|
|win|William will
|raw|William will's rating: 1088 &rarr; <strong>1116</strong><br />(+28 for winning)
|raw|Beauty Nova's rating: 1110 &rarr; <strong>1083</strong><br />(-27 for losing)
|l|☆William will
|player|p1|
