|j|☆ollierob1
|j|☆winslowyoudog
|t:|1757949764
|gametype|singles
|player|p1|ollierob1|hoopster|1721
|player|p2|winslowyoudog|xerosic|1770
|gen|9
|tier|[Gen 9] OU
|rated|
|rule|HP Percentage Mod: HP is shown in percentages
|rule|Endless Battle Clause: Forcing endless battles is banned
|rule|Species Clause: Limit one of each Pokémon
|rule|OHKO Clause: OHKO moves are banned
|rule|Evasion Items Clause: Evasion items are banned
|rule|Evasion Moves Clause: Evasion moves are banned
|rule|Evasion Abilities Clause: Evasion abilities are banned
|rule|Sleep Moves Clause: Sleep-inducing moves are banned
|clearpoke
|poke|p1|Garchomp, F|
|poke|p1|Hatterene, F|
|poke|p1|Kingambit, F|
|poke|p1|Kyurem|
|poke|p1|Zamazenta-*|
|poke|p1|Tornadus-Therian, M|
|poke|p2|Pelipper, M|
|poke|p2|Barraskewda, M|
|poke|p2|Zapdos|
|poke|p2|Toxicroak, F|
|poke|p2|Iron Treads|
|poke|p2|Kingambit, M|
|teampreview
|
|t:|1757949782
|teamsize|p1|6
|teamsize|p2|6
|start
|switch|p1a: Tornadus|Tornadus-Therian, M|100/100
|switch|p2a: Pelipper|Pelipper, M|100/100
|-weather|RainDance|[from] ability: Drizzle|[of] p2a: Pelipper
|turn|1
|j| epicpikachu12
|
|t:|1757949801
|switch|p2a: Zapdos|Zapdos|100/100
|move|p1a: Tornadus|Bleakwind Storm|p2a: Zapdos
|-resisted|p2a: Zapdos
|-crit|p2a: Zapdos
|-damage|p2a: Zapdos|66/100
|
|-weather|RainDance|[upkeep]
|upkeep
|turn|2
|
|t:|1757949807
|move|p1a: Tornadus|Knock Off|p2a: Zapdos
|-damage|p2a: Zapdos|40/100
|-enditem|p2a: Zapdos|Choice Specs|[from] move: Knock Off|[of] p1a: Tornadus
|move|p2a: Zapdos|Hurricane|p1a: Tornadus
|-damage|p1a: Tornadus|60/100
|-start|p1a: Tornadus|confusion
|
|-weather|RainDance|[upkeep]
|upkeep
|turn|3
|
|t:|1757949827
|switch|p1a: Kyurem|Kyurem|100/100
|-ability|p1a: Kyurem|Pressure
|move|p2a: Zapdos|Hurricane|p1a: Kyurem
|-damage|p1a: Kyurem|71/100
|-start|p1a: Kyurem|confusion
|
|-weather|RainDance|[upkeep]
|upkeep
|turn|4
|
|t:|1757949831
|move|p2a: Zapdos|Volt Switch|p1a: Kyurem
|-resisted|p1a: Kyurem
|-damage|p1a: Kyurem|61/100
|
|t:|1757949833
|switch|p2a: Iron Treads|Iron Treads|100/100|[from] Volt Switch
|-activate|p1a: Kyurem|confusion
|-damage|p1a: Kyurem|52/100|[from] confusion
|
|-weather|RainDance|[upkeep]
|upkeep
|turn|5
|
|t:|1757949843
|switch|p1a: Garchomp|Garchomp, F|100/100
|move|p2a: Iron Treads|Earthquake|p1a: Garchomp
|-damage|p1a: Garchomp|77/100
|
|-weather|RainDance|[upkeep]
|upkeep
|turn|6
|
|t:|1757949848
|-end|p2a: Iron Treads|Quark Drive|[silent]
|switch|p2a: Zapdos|Zapdos|40/100
|move|p1a: Garchomp|Fling|p2a: Zapdos
|-damage|p2a: Zapdos|29/100
|-enditem|p1a: Garchomp|Light Ball|[from] move: Fling
|
|-weather|RainDance|[upkeep]
|upkeep
|turn|7
|
|t:|1757949855
|move|p2a: Zapdos|Hurricane|p1a: Garchomp
|-damage|p1a: Garchomp|26/100
|move|p1a: Garchomp|Dragon Tail|p2a: Zapdos
|-damage|p2a: Zapdos|0 fnt
|faint|p2a: Zapdos
|
|-weather|RainDance|[upkeep]
|upkeep
|
|t:|1757949862
|switch|p2a: Barraskewda|Barraskewda, M|100/100
|turn|8
|
|t:|1757949869
|move|p2a: Barraskewda|Flip Turn|p1a: Garchomp
|-damage|p1a: Garchomp|0 fnt
|-damage|p2a: Barraskewda|88/100|[from] ability: Rough Skin|[of] p1a: Garchomp
|faint|p1a: Garchomp
|j| ebizi
|
|t:|1757949878
|switch|p2a: Kingambit|Kingambit, M|100/100|[from] Flip Turn
|-activate|p2a: Kingambit|ability: Supreme Overlord
|-start|p2a: Kingambit|fallen1|[silent]
|
|-weather|none
|upkeep
|
|t:|1757949895
|switch|p1a: Zamazenta|Zamazenta|100/100
|-ability|p1a: Zamazenta|Dauntless Shield|boost
|-boost|p1a: Zamazenta|def|1
|turn|9
|
|t:|1757949901
|switch|p1a: Kyurem|Kyurem|52/100
|-ability|p1a: Kyurem|Pressure
|-end|p2a: Kingambit|fallen1|[silent]
|switch|p2a: Toxicroak|Toxicroak, F|100/100
|
|upkeep
|turn|10
|j| runningitdownmid
|
|t:|1757949934
|switch|p1a: Tornadus|Tornadus-Therian, M|94/100
|-terastallize|p2a: Toxicroak|Fairy
|move|p2a: Toxicroak|Drain Punch|p1a: Tornadus
|-resisted|p1a: Tornadus
|-damage|p1a: Tornadus|78/100
|
|upkeep
|turn|11
|
|t:|1757949957
|switch|p2a: Iron Treads|Iron Treads|100/100
|move|p1a: Tornadus|Bleakwind Storm|p2a: Iron Treads
|-resisted|p2a: Iron Treads
|-damage|p2a: Iron Treads|86/100
|-unboost|p2a: Iron Treads|spe|1
|
|-heal|p2a: Iron Treads|92/100|[from] item: Leftovers
|upkeep
|turn|12
|
|t:|1757949964
|move|p1a: Tornadus|Knock Off|p2a: Iron Treads
|-damage|p2a: Iron Treads|76/100
|-enditem|p2a: Iron Treads|Leftovers|[from] move: Knock Off|[of] p1a: Tornadus
|move|p2a: Iron Treads|Volt Switch|p1a: Tornadus
|-supereffective|p1a: Tornadus
|-damage|p1a: Tornadus|62/100
|
|t:|1757949967
|-end|p2a: Iron Treads|Quark Drive|[silent]
|switch|p2a: Pelipper|Pelipper, M|100/100|[from] Volt Switch
|-weather|RainDance|[from] ability: Drizzle|[of] p2a: Pelipper
|
|-weather|RainDance|[upkeep]
|upkeep
|turn|13
|
|t:|1757949971
|switch|p2a: Iron Treads|Iron Treads|76/100
|move|p1a: Tornadus|Bleakwind Storm|p2a: Iron Treads
|-resisted|p2a: Iron Treads
|-damage|p2a: Iron Treads|61/100
|
|-weather|RainDance|[upkeep]
|upkeep
|turn|14
|
|t:|1757949978
|move|p1a: Tornadus|U-turn|p2a: Iron Treads
|-resisted|p2a: Iron Treads
|-damage|p2a: Iron Treads|56/100
|
|t:|1757949983
|switch|p1a: Hatterene|Hatterene, F|100/100|[from] U-turn
|move|p2a: Iron Treads|Stealth Rock|p1a: Hatterene
|move|p1a: Hatterene|Stealth Rock|p2a: Iron Treads|[from] ability: Magic Bounce
|-sidestart|p2: winslowyoudog|move: Stealth Rock
|
|-weather|RainDance|[upkeep]
|upkeep
|turn|15
|l| runningitdownmid
|
|t:|1757950001
|move|p2a: Iron Treads|Rapid Spin|p1a: Hatterene
|-damage|p1a: Hatterene|89/100
|-boost|p2a: Iron Treads|spe|1
|-damage|p2a: Iron Treads|39/100|[from] item: Rocky Helmet|[of] p1a: Hatterene
|-sideend|p2: winslowyoudog|Stealth Rock|[from] move: Rapid Spin|[of] p2a: Iron Treads
|move|p1a: Hatterene|Psychic Noise|p2a: Iron Treads
|-resisted|p2a: Iron Treads
|-damage|p2a: Iron Treads|25/100
|-start|p2a: Iron Treads|move: Heal Block
|
|-weather|RainDance|[upkeep]
|upkeep
|turn|16
|
|t:|1757950021
|switch|p1a: Tornadus|Tornadus-Therian, M|95/100
|move|p2a: Iron Treads|Earthquake|p1a: Tornadus
|-immune|p1a: Tornadus
|
|-weather|RainDance|[upkeep]
|-end|p2a: Iron Treads|move: Heal Block
|upkeep
|turn|17
|
|t:|1757950027
|move|p2a: Iron Treads|Stealth Rock|p1a: Tornadus
|-sidestart|p1: ollierob1|move: Stealth Rock
|move|p1a: Tornadus|Bleakwind Storm|p2a: Iron Treads
|-resisted|p2a: Iron Treads
|-damage|p2a: Iron Treads|11/100
|-unboost|p2a: Iron Treads|spe|1
|
|-weather|RainDance|[upkeep]
|upkeep
|turn|18
|
|t:|1757950035
|-end|p2a: Iron Treads|Quark Drive|[silent]
|switch|p2a: Kingambit|Kingambit, M|100/100
|-activate|p2a: Kingambit|ability: Supreme Overlord
|-start|p2a: Kingambit|fallen1|[silent]
|move|p1a: Tornadus|Bleakwind Storm|p2a: Kingambit
|-resisted|p2a: Kingambit
|-crit|p2a: Kingambit
|-damage|p2a: Kingambit|69/100
|
|-weather|RainDance|[upkeep]
|-heal|p2a: Kingambit|76/100|[from] item: Leftovers
|upkeep
|turn|19
|
|t:|1757950047
|-end|p2a: Kingambit|fallen1|[silent]
|switch|p2a: Iron Treads|Iron Treads|11/100
|move|p1a: Tornadus|Knock Off|p2a: Iron Treads
|-damage|p2a: Iron Treads|1/100
|
|-weather|none
|upkeep
|turn|20
|
|t:|1757950053
|move|p1a: Tornadus|Knock Off|p2a: Iron Treads
|-damage|p2a: Iron Treads|0 fnt
|faint|p2a: Iron Treads
|-end|p2a: Iron Treads|Quark Drive|[silent]
|
|upkeep
|
|t:|1757950055
|switch|p2a: Pelipper|Pelipper, M|100/100
|-weather|RainDance|[from] ability: Drizzle|[of] p2a: Pelipper
|turn|21
|
|t:|1757950066
|move|p1a: Tornadus|Knock Off|p2a: Pelipper
|-damage|p2a: Pelipper|81/100
|-enditem|p2a: Pelipper|Damp Rock|[from] move: Knock Off|[of] p1a: Tornadus
|move|p2a: Pelipper|U-turn|p1a: Tornadus
|-resisted|p1a: Tornadus
|-damage|p1a: Tornadus|90/100
|
|t:|1757950069
|switch|p2a: Barraskewda|Barraskewda, M|88/100|[from] U-turn
|
|-weather|RainDance|[upkeep]
|upkeep
|turn|22
|
|t:|1757950107
|switch|p1a: Kyurem|Kyurem|52/100
|-damage|p1a: Kyurem|27/100|[from] Stealth Rock
|-ability|p1a: Kyurem|Pressure
|move|p2a: Barraskewda|Liquidation|p1a: Kyurem
|-resisted|p1a: Kyurem
|-damage|p1a: Kyurem|0 fnt
|faint|p1a: Kyurem
|
|-weather|RainDance|[upkeep]
|upkeep
|
|t:|1757950117
|switch|p1a: Hatterene|Hatterene, F|89/100
|-damage|p1a: Hatterene|77/100|[from] Stealth Rock
|turn|23
|
|t:|1757950120
|-terastallize|p1a: Hatterene|Water
|move|p2a: Barraskewda|Liquidation|p1a: Hatterene
|-resisted|p1a: Hatterene
|-damage|p1a: Hatterene|32/100
|-damage|p2a: Barraskewda|72/100|[from] item: Rocky Helmet|[of] p1a: Hatterene
|move|p1a: Hatterene|Pain Split|p2a: Barraskewda
|-sethp|p2a: Barraskewda|55/100|[from] move: Pain Split|[silent]
|-sethp|p1a: Hatterene|46/100|[from] move: Pain Split
|
|-weather|RainDance|[upkeep]
|upkeep
|turn|24
|j| FaronAan
|
|t:|1757950145
|switch|p2a: Kingambit|Kingambit, M|76/100
|-activate|p2a: Kingambit|ability: Supreme Overlord
|-start|p2a: Kingambit|fallen2|[silent]
|move|p1a: Hatterene|Draining Kiss|p2a: Kingambit
|-damage|p2a: Kingambit|52/100
|-heal|p1a: Hatterene|67/100|[from] drain|[of] p2a: Kingambit
|
|-weather|RainDance|[upkeep]
|-heal|p2a: Kingambit|58/100|[from] item: Leftovers
|upkeep
|turn|25
|
|t:|1757950169
|switch|p1a: Zamazenta|Zamazenta|100/100
|-damage|p1a: Zamazenta|94/100|[from] Stealth Rock
|move|p2a: Kingambit|Swords Dance|p2a: Kingambit
|-boost|p2a: Kingambit|atk|2
|
|-weather|RainDance|[upkeep]
|-heal|p2a: Kingambit|64/100|[from] item: Leftovers
|upkeep
|turn|26
|
|t:|1757950180
|-end|p2a: Kingambit|fallen2|[silent]
|switch|p2a: Toxicroak|Toxicroak, F, tera:Fairy|100/100
|move|p1a: Zamazenta|Body Press|p2a: Toxicroak
|-resisted|p2a: Toxicroak
|-damage|p2a: Toxicroak|84/100
|-damage|p1a: Zamazenta|78/100|[from] item: Rocky Helmet|[of] p2a: Toxicroak
|
|-weather|RainDance|[upkeep]
|-heal|p2a: Toxicroak|97/100|[from] ability: Dry Skin
|upkeep
|turn|27
|
|t:|1757950189
|switch|p1a: Tornadus|Tornadus-Therian, M|100/100
|-damage|p1a: Tornadus|76/100|[from] Stealth Rock
|move|p2a: Toxicroak|Toxic|p1a: Tornadus
|-status|p1a: Tornadus|tox
|
|-weather|RainDance|[upkeep]
|-heal|p2a: Toxicroak|100/100|[from] ability: Dry Skin
|-damage|p1a: Tornadus|70/100 tox|[from] psn
|upkeep
|turn|28
|
|t:|1757950195
|move|p2a: Toxicroak|Protect|p2a: Toxicroak
|-singleturn|p2a: Toxicroak|Protect
|move|p1a: Tornadus|Bleakwind Storm|p2a: Toxicroak
|-activate|p2a: Toxicroak|move: Protect
|
|-weather|none
|-damage|p1a: Tornadus|57/100 tox|[from] psn
|upkeep
|turn|29
|
|t:|1757950199
|switch|p2a: Kingambit|Kingambit, M|64/100
|-activate|p2a: Kingambit|ability: Supreme Overlord
|-start|p2a: Kingambit|fallen2|[silent]
|move|p1a: Tornadus|Bleakwind Storm|p2a: Kingambit|[miss]
|-miss|p1a: Tornadus|p2a: Kingambit
|
|-heal|p2a: Kingambit|70/100|[from] item: Leftovers
|-damage|p1a: Tornadus|39/100 tox|[from] psn
|upkeep
|turn|30
|
|t:|1757950204
|move|p1a: Tornadus|U-turn|p2a: Kingambit
|-damage|p2a: Kingambit|60/100
|
|t:|1757950228
|switch|p1a: Kingambit|Kingambit, F|100/100|[from] U-turn
|-damage|p1a: Kingambit|94/100|[from] Stealth Rock
|-activate|p1a: Kingambit|ability: Supreme Overlord
|-start|p1a: Kingambit|fallen2|[silent]
|move|p2a: Kingambit|Iron Head|p1a: Kingambit
|-resisted|p1a: Kingambit
|-damage|p1a: Kingambit|74/100
|
|-heal|p2a: Kingambit|66/100|[from] item: Leftovers
|-heal|p1a: Kingambit|80/100|[from] item: Leftovers
|upkeep
|turn|31
|j| DevilishGreg
|
|t:|1757950254
|move|p2a: Kingambit|Swords Dance|p2a: Kingambit
|-boost|p2a: Kingambit|atk|2
|move|p1a: Kingambit|Swords Dance|p1a: Kingambit
|-boost|p1a: Kingambit|atk|2
|
|-heal|p2a: Kingambit|72/100|[from] item: Leftovers
|-heal|p1a: Kingambit|87/100|[from] item: Leftovers
|upkeep
|turn|32
|
|t:|1757950257
|move|p2a: Kingambit|Iron Head|p1a: Kingambit
|-resisted|p1a: Kingambit
|-damage|p1a: Kingambit|45/100
|move|p1a: Kingambit|Kowtow Cleave|p2a: Kingambit
|-resisted|p2a: Kingambit
|-damage|p2a: Kingambit|27/100
|
|-heal|p2a: Kingambit|33/100|[from] item: Leftovers
|-heal|p1a: Kingambit|51/100|[from] item: Leftovers
|upkeep
|turn|33
|
|t:|1757950271
|move|p2a: Kingambit|Sucker Punch|p1a: Kingambit
|-resisted|p1a: Kingambit
|-damage|p1a: Kingambit|14/100
|move|p1a: Kingambit|Kowtow Cleave|p2a: Kingambit
|-resisted|p2a: Kingambit
|-damage|p2a: Kingambit|0 fnt
|faint|p2a: Kingambit
|-end|p2a: Kingambit|fallen2|[silent]
|
|-heal|p1a: Kingambit|20/100|[from] item: Leftovers
|upkeep
|
|t:|1757950280
|switch|p2a: Pelipper|Pelipper, M|81/100
|-weather|RainDance|[from] ability: Drizzle|[of] p2a: Pelipper
|turn|34
|
|t:|1757950297
|move|p1a: Kingambit|Kowtow Cleave|p2a: Pelipper
|-damage|p2a: Pelipper|0 fnt
|faint|p2a: Pelipper
|
|-weather|RainDance|[upkeep]
|-heal|p1a: Kingambit|27/100|[from] item: Leftovers
|upkeep
|
|t:|1757950300
|switch|p2a: Barraskewda|Barraskewda, M|55/100
|turn|35
|
|t:|1757950305
|move|p2a: Barraskewda|Aqua Jet|p1a: Kingambit
|-damage|p1a: Kingambit|0 fnt
|faint|p1a: Kingambit
|-end|p1a: Kingambit|fallen2|[silent]
|
|-weather|RainDance|[upkeep]
|upkeep
|
|t:|1757950312
|switch|p1a: Hatterene|Hatterene, F, tera:Water|67/100
|-damage|p1a: Hatterene|54/100|[from] Stealth Rock
|turn|36
|
|t:|1757950341
|switch|p2a: Toxicroak|Toxicroak, F, tera:Fairy|100/100
|move|p1a: Hatterene|Psychic Noise|p2a: Toxicroak
|-damage|p2a: Toxicroak|57/100
|-start|p2a: Toxicroak|move: Heal Block
|
|-weather|RainDance|[upkeep]
|upkeep
|turn|37
|
|t:|1757950352
|switch|p2a: Barraskewda|Barraskewda, M|55/100
|switch|p1a: Tornadus|Tornadus-Therian, M|72/100 tox
|-damage|p1a: Tornadus|47/100 tox|[from] Stealth Rock
|
|-weather|RainDance|[upkeep]
|-damage|p1a: Tornadus|41/100 tox|[from] psn
|upkeep
|turn|38
|
|t:|1757950357
|move|p2a: Barraskewda|Flip Turn|p1a: Tornadus
|-damage|p1a: Tornadus|0 fnt
|faint|p1a: Tornadus
|
|t:|1757950359
|switch|p2a: Toxicroak|Toxicroak, F, tera:Fairy|57/100|[from] Flip Turn
|
|-weather|none
|upkeep
|
|t:|1757950367
|switch|p1a: Zamazenta|Zamazenta|78/100
|-damage|p1a: Zamazenta|72/100|[from] Stealth Rock
|turn|39
|
|t:|1757950376
|move|p1a: Zamazenta|Iron Defense|p1a: Zamazenta
|-boost|p1a: Zamazenta|def|2
|move|p2a: Toxicroak|Drain Punch|p1a: Zamazenta
|-damage|p1a: Zamazenta|61/100
|-heal|p2a: Toxicroak|62/100|[from] drain|[of] p1a: Zamazenta
|
|upkeep
|turn|40
|
|t:|1757950381
|move|p1a: Zamazenta|Iron Defense|p1a: Zamazenta
|-boost|p1a: Zamazenta|def|2
|move|p2a: Toxicroak|Toxic|p1a: Zamazenta
|-status|p1a: Zamazenta|tox
|
|-damage|p1a: Zamazenta|55/100 tox|[from] psn
|upkeep
|turn|41
|
|t:|1757950400
|move|p1a: Zamazenta|Iron Defense|p1a: Zamazenta
|-boost|p1a: Zamazenta|def|2
|move|p2a: Toxicroak|Drain Punch|p1a: Zamazenta
|-damage|p1a: Zamazenta|50/100 tox
|-heal|p2a: Toxicroak|64/100|[from] drain|[of] p1a: Zamazenta
|
|-damage|p1a: Zamazenta|38/100 tox|[from] psn
|upkeep
|turn|42
|
|t:|1757950406
|move|p2a: Toxicroak|Protect|p2a: Toxicroak
|-singleturn|p2a: Toxicroak|Protect
|move|p1a: Zamazenta|Rest|p1a: Zamazenta
|-status|p1a: Zamazenta|slp|[from] move: Rest
|-heal|p1a: Zamazenta|100/100 slp|[silent]
|-enditem|p1a: Zamazenta|Chesto Berry|[eat]
|-curestatus|p1a: Zamazenta|slp|[msg]
|
|upkeep
|turn|43
|c|☆winslowyoudog|oh
|l| FaronAan
|
|t:|1757950419
|move|p1a: Zamazenta|Body Press|p2a: Toxicroak
|-resisted|p2a: Toxicroak
|-damage|p2a: Toxicroak|2/100
|-damage|p1a: Zamazenta|84/100|[from] item: Rocky Helmet|[of] p2a: Toxicroak
|move|p2a: Toxicroak|Toxic|p1a: Zamazenta
|-status|p1a: Zamazenta|tox
|
|-damage|p1a: Zamazenta|78/100 tox|[from] psn
|upkeep
|turn|44
|
|t:|1757950428
|move|p1a: Zamazenta|Body Press|p2a: Toxicroak
|-resisted|p2a: Toxicroak
|-damage|p2a: Toxicroak|0 fnt
|-damage|p1a: Zamazenta|62/100 tox|[from] item: Rocky Helmet|[of] p2a: Toxicroak
|faint|p2a: Toxicroak
|
|-damage|p1a: Zamazenta|49/100 tox|[from] psn
|upkeep
|
|t:|1757950431
|switch|p2a: Barraskewda|Barraskewda, M|55/100
|turn|45
|
|t:|1757950435
|move|p1a: Zamazenta|Body Press|p2a: Barraskewda
|-crit|p2a: Barraskewda
|-damage|p2a: Barraskewda|0 fnt
|faint|p2a: Barraskewda
|
|win|ollierob1
|raw|ollierob1's rating: 1721 &rarr; <strong>1744</strong><br />(+23 for winning)
|raw|winslowyoudog's rating: 1770 &rarr; <strong>1747</strong><br />(-23 for losing)
|l|☆winslowyoudog
|player|p2|
|l|☆ollierob1
|player|p1|
