|j|☆jirurimi
|j|☆DirkDiggler420
|t:|1757825492
|gametype|singles
|player|p1|jirurimi|1|1598
|player|p2|DirkDiggler420|linebacker|1670
|gen|9
|tier|[Gen 9] OU
|rated|
|rule|HP Percentage Mod: HP is shown in percentages
|rule|Endless Battle Clause: Forcing endless battles is banned
|rule|Species Clause: Limit one of each Pokémon
|rule|OHKO Clause: OHKO moves are banned
|rule|Evasion Items Clause: Evasion items are banned
|rule|Evasion Moves Clause: Evasion moves are banned
|rule|Evasion Abilities Clause: Evasion abilities are banned
|rule|Sleep Moves Clause: Sleep-inducing moves are banned
|clearpoke
|poke|p1|Ting-Lu|
|poke|p1|Zapdos|
|poke|p1|Alomomola, F|
|poke|p1|Kyurem|
|poke|p1|Weezing-Galar, M|
|poke|p1|Zamazenta-*|
|poke|p2|Samurott-Hisui, F|
|poke|p2|Ceruledge, M|
|poke|p2|Hydrapple, F|
|poke|p2|Iron Treads|
|poke|p2|Dragonite, F|
|poke|p2|Iron Valiant|
|teampreview
|inactive|Battle timer is ON: inactive players will automatically lose when time's up. (requested by DirkDiggler420)
|
|t:|1757825506
|teamsize|p1|6
|teamsize|p2|6
|start
|switch|p1a: Kyurem|Kyurem|100/100
|switch|p2a: Samurott|Samurott-Hisui, F|100/100
|-ability|p1a: Kyurem|Pressure
|turn|1
|
|t:|1757825511
|switch|p2a: Iron Treads|Iron Treads|100/100
|move|p1a: Kyurem|Freeze-Dry|p2a: Iron Treads
|-damage|p2a: Iron Treads|63/100
|
|upkeep
|turn|2
|
|t:|1757825515
|move|p2a: Iron Treads|Knock Off|p1a: Kyurem
|-damage|p1a: Kyurem|74/100
|-enditem|p1a: Kyurem|Assault Vest|[from] move: Knock Off|[of] p2a: Iron Treads
|move|p1a: Kyurem|Earth Power|p2a: Iron Treads
|-supereffective|p2a: Iron Treads
|-damage|p2a: Iron Treads|2/100
|
|upkeep
|turn|3
|
|t:|1757825523
|move|p2a: Iron Treads|Earthquake|p1a: Kyurem
|-damage|p1a: Kyurem|36/100
|move|p1a: Kyurem|Freeze-Dry|p2a: Iron Treads
|-damage|p2a: Iron Treads|0 fnt
|faint|p2a: Iron Treads
|-end|p2a: Iron Treads|Quark Drive|[silent]
|
|upkeep
|
|t:|1757825531
|switch|p2a: Iron Valiant|Iron Valiant|100/100
|-enditem|p2a: Iron Valiant|Booster Energy
|-activate|p2a: Iron Valiant|ability: Quark Drive|[fromitem]
|-start|p2a: Iron Valiant|quarkdrivespe
|turn|4
|
|t:|1757825538
|switch|p1a: Zapdos|Zapdos|100/100
|move|p2a: Iron Valiant|Moonblast|p1a: Zapdos
|-damage|p1a: Zapdos|67/100
|
|upkeep
|turn|5
|
|t:|1757825553
|move|p2a: Iron Valiant|Calm Mind|p2a: Iron Valiant
|-boost|p2a: Iron Valiant|spa|1
|-boost|p2a: Iron Valiant|spd|1
|move|p1a: Zapdos|Volt Switch|p2a: Iron Valiant
|-damage|p2a: Iron Valiant|62/100
|
|t:|1757825566
|switch|p1a: Ting-Lu|Ting-Lu|100/100|[from] Volt Switch
|-ability|p1a: Ting-Lu|Vessel of Ruin
|
|upkeep
|turn|6
|
|t:|1757825569
|move|p2a: Iron Valiant|Moonblast|p1a: Ting-Lu
|-supereffective|p1a: Ting-Lu
|-damage|p1a: Ting-Lu|44/100
|move|p1a: Ting-Lu|Earthquake|p2a: Iron Valiant
|-damage|p2a: Iron Valiant|0 fnt
|faint|p2a: Iron Valiant
|-end|p2a: Iron Valiant|Quark Drive|[silent]
|
|upkeep
|
|t:|1757825576
|switch|p2a: Samurott|Samurott-Hisui, F|100/100
|turn|7
|
|t:|1757825582
|switch|p1a: Weezing|Weezing-Galar, M|100/100
|-ability|p1a: Weezing|Neutralizing Gas
|move|p2a: Samurott|Flip Turn|p1a: Weezing
|-damage|p1a: Weezing|72/100
|
|t:|1757825585
|switch|p2a: Ceruledge|Ceruledge, M|100/100|[from] Flip Turn
|
|upkeep
|turn|8
|
|t:|1757825599
|move|p2a: Ceruledge|Swords Dance|p2a: Ceruledge
|-boost|p2a: Ceruledge|atk|2
|move|p1a: Weezing|Sludge Bomb|p2a: Ceruledge
|-resisted|p2a: Ceruledge
|-damage|p2a: Ceruledge|85/100
|-status|p2a: Ceruledge|psn
|
|-damage|p2a: Ceruledge|73/100 psn|[from] psn
|upkeep
|turn|9
|
|t:|1757825609
|-end|p1a: Weezing|ability: Neutralizing Gas
|switch|p1a: Alomomola|Alomomola, F|100/100
|move|p2a: Ceruledge|Swords Dance|p2a: Ceruledge
|-boost|p2a: Ceruledge|atk|2
|
|-damage|p2a: Ceruledge|61/100 psn|[from] psn
|upkeep
|turn|10
|
|t:|1757825621
|switch|p1a: Ting-Lu|Ting-Lu|44/100
|-ability|p1a: Ting-Lu|Vessel of Ruin
|move|p2a: Ceruledge|Bitter Blade|p1a: Ting-Lu
|-damage|p1a: Ting-Lu|0 fnt
|-heal|p2a: Ceruledge|99/100 psn|[from] drain|[of] p1a: Ting-Lu
|faint|p1a: Ting-Lu
|
|-damage|p2a: Ceruledge|87/100 psn|[from] psn
|upkeep
|
|t:|1757825626
|switch|p1a: Zamazenta|Zamazenta|100/100
|-ability|p1a: Zamazenta|Dauntless Shield|boost
|-boost|p1a: Zamazenta|def|1
|turn|11
|
|t:|1757825631
|move|p1a: Zamazenta|Crunch|p2a: Ceruledge
|-supereffective|p2a: Ceruledge
|-damage|p2a: Ceruledge|0 fnt
|faint|p2a: Ceruledge
|-damage|p1a: Zamazenta|91/100|[from] item: Life Orb
|
|upkeep
|
|t:|1757825639
|switch|p2a: Hydrapple|Hydrapple, F|100/100
|turn|12
|
|t:|1757825642
|switch|p1a: Zapdos|Zapdos|67/100
|move|p2a: Hydrapple|Nasty Plot|p2a: Hydrapple
|-boost|p2a: Hydrapple|spa|2
|
|upkeep
|turn|13
|
|t:|1757825654
|-terastallize|p2a: Hydrapple|Poison
|move|p1a: Zapdos|Hurricane|p2a: Hydrapple
|-damage|p2a: Hydrapple|50/100
|move|p2a: Hydrapple|Fickle Beam|p1a: Zapdos|[anim] Fickle Beam All Out
|-activate|p2a: Hydrapple|move: Fickle Beam
|-damage|p1a: Zapdos|0 fnt
|faint|p1a: Zapdos
|
|upkeep
|
|t:|1757825667
|switch|p1a: Kyurem|Kyurem|36/100
|-ability|p1a: Kyurem|Pressure
|turn|14
|
|t:|1757825693
|move|p1a: Kyurem|Ice Beam|p2a: Hydrapple
|-damage|p2a: Hydrapple|0 fnt
|faint|p2a: Hydrapple
|
|upkeep
|
|t:|1757825700
|switch|p2a: Samurott|Samurott-Hisui, F|100/100
|turn|15
|
|t:|1757825704
|switch|p1a: Alomomola|Alomomola, F|100/100
|move|p2a: Samurott|Ceaseless Edge|p1a: Alomomola
|-damage|p1a: Alomomola|62/100
|-sidestart|p1: jirurimi|Spikes
|-enditem|p1a: Alomomola|Eject Button
|
|t:|1757825718
|switch|p1a: Weezing|Weezing-Galar, M|72/100
|-ability|p1a: Weezing|Neutralizing Gas
|
|upkeep
|turn|16
|
|t:|1757825724
|move|p2a: Samurott|Ceaseless Edge|p1a: Weezing|[miss]
|-miss|p2a: Samurott|p1a: Weezing
|move|p1a: Weezing|Will-O-Wisp|p2a: Samurott
|-status|p2a: Samurott|brn
|
|-damage|p2a: Samurott|94/100 brn|[from] brn
|upkeep
|turn|17
|
|t:|1757825728
|move|p2a: Samurott|Ceaseless Edge|p1a: Weezing
|-resisted|p1a: Weezing
|-damage|p1a: Weezing|64/100
|-sidestart|p1: jirurimi|Spikes
|move|p1a: Weezing|Defog|p2a: Samurott
|-unboost|p2a: Samurott|evasion|1
|-sideend|p1: jirurimi|Spikes|[from] move: Defog|[of] p1a: Weezing
|
|-damage|p2a: Samurott|88/100 brn|[from] brn
|upkeep
|turn|18
|
|t:|1757825732
|move|p2a: Samurott|Ceaseless Edge|p1a: Weezing
|-resisted|p1a: Weezing
|-damage|p1a: Weezing|57/100
|-sidestart|p1: jirurimi|Spikes
|move|p1a: Weezing|Pain Split|p2a: Samurott
|-sethp|p2a: Samurott|74/100 brn|[from] move: Pain Split|[silent]
|-sethp|p1a: Weezing|71/100|[from] move: Pain Split
|
|-damage|p2a: Samurott|67/100 brn|[from] brn
|upkeep
|turn|19
|
|t:|1757825735
|move|p2a: Samurott|Ceaseless Edge|p1a: Weezing
|-resisted|p1a: Weezing
|-crit|p1a: Weezing
|-damage|p1a: Weezing|60/100
|-sidestart|p1: jirurimi|Spikes
|move|p1a: Weezing|Defog|p2a: Samurott
|-unboost|p2a: Samurott|evasion|1
|-sideend|p1: jirurimi|Spikes|[from] move: Defog|[of] p1a: Weezing
|
|-damage|p2a: Samurott|61/100 brn|[from] brn
|upkeep
|turn|20
|
|t:|1757825738
|move|p2a: Samurott|Ceaseless Edge|p1a: Weezing|[miss]
|-miss|p2a: Samurott|p1a: Weezing
|move|p1a: Weezing|Pain Split|p2a: Samurott
|-sethp|p2a: Samurott|62/100 brn|[from] move: Pain Split|[silent]
|-sethp|p1a: Weezing|59/100|[from] move: Pain Split
|
|-damage|p2a: Samurott|55/100 brn|[from] brn
|upkeep
|turn|21
|
|t:|1757825749
|-end|p1a: Weezing|ability: Neutralizing Gas
|switch|p1a: Alomomola|Alomomola, F|96/100
|move|p2a: Samurott|Ceaseless Edge|p1a: Alomomola
|-damage|p1a: Alomomola|75/100
|-sidestart|p1: jirurimi|Spikes
|
|-damage|p2a: Samurott|49/100 brn|[from] brn
|upkeep
|turn|22
|
|t:|1757825752
|move|p2a: Samurott|Ceaseless Edge|p1a: Alomomola|[miss]
|-miss|p2a: Samurott|p1a: Alomomola
|move|p1a: Alomomola|Wish|p1a: Alomomola
|
|-damage|p2a: Samurott|43/100 brn|[from] brn
|upkeep
|turn|23
|
|t:|1757825755
|move|p2a: Samurott|Ceaseless Edge|p1a: Alomomola
|-damage|p1a: Alomomola|54/100
|-sidestart|p1: jirurimi|Spikes
|move|p1a: Alomomola|Flip Turn|p2a: Samurott
|-resisted|p2a: Samurott
|-damage|p2a: Samurott|33/100 brn
|
|t:|1757825758
|switch|p1a: Weezing|Weezing-Galar, M|59/100|[from] Flip Turn
|-ability|p1a: Weezing|Neutralizing Gas
|
|-heal|p1a: Weezing|100/100|[from] move: Wish|[wisher] Alomomola
|-damage|p2a: Samurott|26/100 brn|[from] brn
|upkeep
|turn|24
|
|t:|1757825760
|switch|p2a: Dragonite|Dragonite, F|100/100
|move|p1a: Weezing|Defog|p2a: Dragonite
|-unboost|p2a: Dragonite|evasion|1
|-sideend|p1: jirurimi|Spikes|[from] move: Defog|[of] p1a: Weezing
|
|upkeep
|turn|25
|
|t:|1757825763
|move|p2a: Dragonite|Encore|p1a: Weezing
|-start|p1a: Weezing|Encore
|move|p1a: Weezing|Defog|p2a: Dragonite
|-unboost|p2a: Dragonite|evasion|1
|
|upkeep
|turn|26
|
|t:|1757825766
|-end|p1a: Weezing|ability: Neutralizing Gas
|switch|p1a: Zamazenta|Zamazenta|91/100
|move|p2a: Dragonite|Dragon Dance|p2a: Dragonite
|-boost|p2a: Dragonite|atk|1
|-boost|p2a: Dragonite|spe|1
|
|upkeep
|turn|27
|
|t:|1757825770
|move|p2a: Dragonite|Dragon Dance|p2a: Dragonite
|-boost|p2a: Dragonite|atk|1
|-boost|p2a: Dragonite|spe|1
|move|p1a: Zamazenta|Ice Fang|p2a: Dragonite
|-supereffective|p2a: Dragonite
|-damage|p2a: Dragonite|37/100
|-damage|p1a: Zamazenta|81/100|[from] item: Life Orb
|
|upkeep
|turn|28
|
|t:|1757825777
|move|p2a: Dragonite|Scale Shot|p1a: Zamazenta
|-damage|p1a: Zamazenta|53/100
|-damage|p1a: Zamazenta|28/100
|-damage|p1a: Zamazenta|0 fnt
|faint|p1a: Zamazenta
|-hitcount|p1: Zamazenta|3
|-unboost|p2a: Dragonite|def|1
|-boost|p2a: Dragonite|spe|1
|
|upkeep
|j| wgw2333
|inactive|jirurimi has 120 seconds left.
|
|t:|1757825810
|switch|p1a: Weezing|Weezing-Galar, M|100/100
|-ability|p1a: Weezing|Neutralizing Gas
|turn|29
|l| wgw2333
|
|t:|1757825816
|-end|p1a: Weezing|ability: Neutralizing Gas
|switch|p1a: Kyurem|Kyurem|36/100
|-ability|p1a: Kyurem|Pressure
|move|p2a: Dragonite|Fire Punch|p1a: Kyurem
|-damage|p1a: Kyurem|0 fnt
|faint|p1a: Kyurem
|
|upkeep
|
|t:|1757825822
|switch|p1a: Weezing|Weezing-Galar, M|100/100
|-ability|p1a: Weezing|Neutralizing Gas
|turn|30
|
|t:|1757825829
|move|p2a: Dragonite|Fire Punch|p1a: Weezing
|-damage|p1a: Weezing|64/100
|move|p1a: Weezing|Sludge Bomb|p2a: Dragonite
|-damage|p2a: Dragonite|11/100
|
|upkeep
|turn|31
|
|t:|1757825835
|move|p2a: Dragonite|Fire Punch|p1a: Weezing
|-damage|p1a: Weezing|23/100
|move|p1a: Weezing|Sludge Bomb|p2a: Dragonite
|-damage|p2a: Dragonite|0 fnt
|faint|p2a: Dragonite
|
|upkeep
|
|t:|1757825837
|switch|p2a: Samurott|Samurott-Hisui, F|26/100 brn
|turn|32
|j| wgw2333
|
|t:|1757825840
|-end|p1a: Weezing|ability: Neutralizing Gas
|switch|p1a: Alomomola|Alomomola, F|87/100
|move|p2a: Samurott|Razor Shell|p1a: Alomomola
|-resisted|p1a: Alomomola
|-damage|p1a: Alomomola|76/100
|
|-damage|p2a: Samurott|20/100 brn|[from] brn
|upkeep
|turn|33
|-message|DirkDiggler420 forfeited.
|
|win|jirurimi
|raw|jirurimi's rating: 1598 &rarr; <strong>1622</strong><br />(+24 for winning)
|raw|DirkDiggler420's rating: 1670 &rarr; <strong>1646</strong><br />(-24 for losing)
|l|☆DirkDiggler420
|player|p2|
|l| wgw2333
|l|☆jirurimi
|player|p1|
