|j|☆H0llo
|j|☆mongwong
|t:|1757845137
|gametype|singles
|player|p1|H0llo|idol|1541
|player|p2|mongwong|silver-gen2|1473
|gen|9
|tier|[Gen 9] OU
|rated|
|rule|HP Percentage Mod: HP is shown in percentages
|rule|Endless Battle Clause: Forcing endless battles is banned
|rule|Species Clause: Limit one of each Pokémon
|rule|OHKO Clause: OHKO moves are banned
|rule|Evasion Items Clause: Evasion items are banned
|rule|Evasion Moves Clause: Evasion moves are banned
|rule|Evasion Abilities Clause: Evasion abilities are banned
|rule|Sleep Moves Clause: Sleep-inducing moves are banned
|clearpoke
|poke|p1|Lokix, F|
|poke|p1|Cinderace, M|
|poke|p1|Great Tusk|
|poke|p1|Alomomola, F|
|poke|p1|Enamorus, F|
|poke|p1|Slowking-Galar, F|
|poke|p2|Pelipper, M|
|poke|p2|Barraskewda, M|
|poke|p2|Zapdos|
|poke|p2|Primarina, F|
|poke|p2|Scizor, F|
|poke|p2|Kingambit, M|
|teampreview
|inactive|Battle timer is ON: inactive players will automatically lose when time's up. (requested by H0llo)
|
|t:|1757845146
|teamsize|p1|6
|teamsize|p2|6
|start
|switch|p1a: Slowking|Slowking-Galar, F|100/100
|switch|p2a: Zapdos|Zapdos|100/100
|turn|1
|
|t:|1757845149
|move|p2a: Zapdos|Thunder Wave|p1a: Slowking
|-status|p1a: Slowking|par
|move|p1a: Slowking|Future Sight|p2a: Zapdos
|-start|p1a: Slowking|move: Future Sight
|
|upkeep
|turn|2
|
|t:|1757845153
|move|p2a: Zapdos|Volt Switch|p1a: Slowking
|-damage|p1a: Slowking|78/100 par
|
|t:|1757845155
|switch|p2a: Pelipper|Pelipper, M|100/100|[from] Volt Switch
|-weather|RainDance|[from] ability: Drizzle|[of] p2a: Pelipper
|-prepare|p1a: Slowking|Chilly Reception|[premajor]
|move|p1a: Slowking|Chilly Reception|p1a: Slowking
|-weather|Snowscape
|
|t:|1757845170
|switch|p1a: Lokix|Lokix, F|100/100|[from] Chilly Reception
|
|-weather|Snowscape|[upkeep]
|upkeep
|turn|3
|
|t:|1757845176
|switch|p2a: Kingambit|Kingambit, M|100/100
|move|p1a: Lokix|Knock Off|p2a: Kingambit
|-resisted|p2a: Kingambit
|-damage|p2a: Kingambit|46/100
|-enditem|p2a: Kingambit|Leftovers|[from] move: Knock Off|[of] p1a: Lokix
|
|-weather|Snowscape|[upkeep]
|-end|p2a: Kingambit|move: Future Sight
|-immune|p2a: Kingambit
|upkeep
|turn|4
|
|t:|1757845190
|switch|p1a: Great Tusk|Great Tusk|100/100
|-end|p2a: Kingambit|fallenundefined|[silent]
|switch|p2a: Pelipper|Pelipper, M|100/100
|-weather|RainDance|[from] ability: Drizzle|[of] p2a: Pelipper
|
|-weather|RainDance|[upkeep]
|upkeep
|turn|5
|
|t:|1757845210
|-end|p1a: Great Tusk|Protosynthesis|[silent]
|switch|p1a: Alomomola|Alomomola, F|100/100
|move|p2a: Pelipper|U-turn|p1a: Alomomola
|-damage|p1a: Alomomola|94/100
|
|t:|1757845219
|switch|p2a: Primarina|Primarina, F|100/100|[from] U-turn
|
|-weather|RainDance|[upkeep]
|upkeep
|turn|6
|
|t:|1757845222
|move|p2a: Primarina|Moonblast|p1a: Alomomola
|-damage|p1a: Alomomola|67/100
|move|p1a: Alomomola|Flip Turn|p2a: Primarina
|-resisted|p2a: Primarina
|-damage|p2a: Primarina|85/100
|
|t:|1757845226
|switch|p1a: Slowking|Slowking-Galar, F|100/100 par|[from] Flip Turn
|
|-weather|RainDance|[upkeep]
|upkeep
|turn|7
|
|t:|1757845230
|move|p2a: Primarina|Surf|p1a: Slowking
|-damage|p1a: Slowking|40/100 par
|-prepare|p1a: Slowking|Chilly Reception|[premajor]
|move|p1a: Slowking|Chilly Reception|p1a: Slowking
|-weather|Snowscape
|inactive|H0llo has 120 seconds left.
|
|t:|1757845263
|switch|p1a: Lokix|Lokix, F|100/100|[from] Chilly Reception
|
|-weather|Snowscape|[upkeep]
|upkeep
|turn|8
|
|t:|1757845269
|switch|p2a: Pelipper|Pelipper, M|100/100
|-weather|RainDance|[from] ability: Drizzle|[of] p2a: Pelipper
|move|p1a: Lokix|U-turn|p2a: Pelipper
|-resisted|p2a: Pelipper
|-damage|p2a: Pelipper|64/100
|
|t:|1757845272
|switch|p1a: Slowking|Slowking-Galar, F|73/100 par|[from] U-turn
|
|-weather|RainDance|[upkeep]
|upkeep
|turn|9
|
|t:|1757845276
|switch|p2a: Scizor|Scizor, F|100/100
|-prepare|p1a: Slowking|Chilly Reception|[premajor]
|move|p1a: Slowking|Chilly Reception|p1a: Slowking
|-weather|Snowscape
|
|t:|1757845284
|switch|p1a: Cinderace|Cinderace, M|100/100|[from] Chilly Reception
|
|-weather|Snowscape|[upkeep]
|upkeep
|turn|10
|
|t:|1757845290
|switch|p2a: Pelipper|Pelipper, M|64/100
|-weather|RainDance|[from] ability: Drizzle|[of] p2a: Pelipper
|move|p1a: Cinderace|Will-O-Wisp|p2a: Pelipper
|-status|p2a: Pelipper|brn
|
|-weather|RainDance|[upkeep]
|-damage|p2a: Pelipper|58/100 brn|[from] brn
|upkeep
|turn|11
|
|t:|1757845293
|move|p1a: Cinderace|U-turn|p2a: Pelipper
|-resisted|p2a: Pelipper
|-damage|p2a: Pelipper|51/100 brn
|
|t:|1757845295
|switch|p1a: Slowking|Slowking-Galar, F|100/100 par|[from] U-turn
|move|p2a: Pelipper|U-turn|p1a: Slowking
|-damage|p1a: Slowking|97/100 par
|
|t:|1757845298
|switch|p2a: Barraskewda|Barraskewda, M|100/100|[from] U-turn
|
|-weather|RainDance|[upkeep]
|upkeep
|turn|12
|
|t:|1757845311
|-terastallize|p2a: Barraskewda|Water
|move|p2a: Barraskewda|Liquidation|p1a: Slowking
|-damage|p1a: Slowking|3/100 par
|-prepare|p1a: Slowking|Chilly Reception|[premajor]
|move|p1a: Slowking|Chilly Reception|p1a: Slowking
|-weather|Snowscape
|
|t:|1757845321
|switch|p1a: Lokix|Lokix, F|100/100|[from] Chilly Reception
|
|-weather|Snowscape|[upkeep]
|upkeep
|turn|13
|
|t:|1757845334
|switch|p2a: Zapdos|Zapdos|100/100
|-terastallize|p1a: Lokix|Bug
|move|p1a: Lokix|First Impression|p2a: Zapdos
|-resisted|p2a: Zapdos
|-damage|p2a: Zapdos|42/100
|-status|p1a: Lokix|par|[from] ability: Static|[of] p2a: Zapdos
|
|-weather|Snowscape|[upkeep]
|upkeep
|turn|14
|
|t:|1757845340
|switch|p1a: Slowking|Slowking-Galar, F|36/100 par
|move|p2a: Zapdos|Volt Switch|p1a: Slowking
|-damage|p1a: Slowking|13/100 par
|
|t:|1757845342
|switch|p2a: Barraskewda|Barraskewda, M, tera:Water|100/100|[from] Volt Switch
|
|-weather|Snowscape|[upkeep]
|upkeep
|turn|15
|
|t:|1757845345
|move|p2a: Barraskewda|Flip Turn|p1a: Slowking
|-damage|p1a: Slowking|0 fnt
|faint|p1a: Slowking
|
|t:|1757845349
|switch|p2a: Pelipper|Pelipper, M|51/100 brn|[from] Flip Turn
|-weather|RainDance|[from] ability: Drizzle|[of] p2a: Pelipper
|
|-weather|RainDance|[upkeep]
|-damage|p2a: Pelipper|44/100 brn|[from] brn
|upkeep
|
|t:|1757845352
|switch|p1a: Lokix|Lokix, F, tera:Bug|100/100 par
|turn|16
|
|t:|1757845362
|switch|p2a: Kingambit|Kingambit, M|46/100
|move|p1a: Lokix|Leech Life|p2a: Kingambit
|-damage|p2a: Kingambit|0 fnt
|faint|p2a: Kingambit
|-end|p2a: Kingambit|fallenundefined|[silent]
|
|-weather|RainDance|[upkeep]
|upkeep
|
|t:|1757845366
|switch|p2a: Barraskewda|Barraskewda, M, tera:Water|100/100
|turn|17
|
|t:|1757845370
|switch|p1a: Alomomola|Alomomola, F|99/100
|move|p2a: Barraskewda|Liquidation|p1a: Alomomola
|-resisted|p1a: Alomomola
|-crit|p1a: Alomomola
|-damage|p1a: Alomomola|18/100
|
|-weather|RainDance|[upkeep]
|upkeep
|turn|18
|
|t:|1757845372
|move|p2a: Barraskewda|Liquidation|p1a: Alomomola
|-resisted|p1a: Alomomola
|-damage|p1a: Alomomola|0 fnt
|faint|p1a: Alomomola
|
|-weather|RainDance|[upkeep]
|upkeep
|
|t:|1757845375
|switch|p1a: Lokix|Lokix, F, tera:Bug|100/100 par
|turn|19
|
|t:|1757845386
|switch|p2a: Zapdos|Zapdos|42/100
|move|p1a: Lokix|First Impression|p2a: Zapdos
|-resisted|p2a: Zapdos
|-damage|p2a: Zapdos|0 fnt
|faint|p2a: Zapdos
|
|-weather|RainDance|[upkeep]
|upkeep
|
|t:|1757845388
|switch|p2a: Barraskewda|Barraskewda, M, tera:Water|100/100
|turn|20
|
|t:|1757845398
|switch|p1a: Cinderace|Cinderace, M|100/100
|move|p2a: Barraskewda|Liquidation|p1a: Cinderace
|-supereffective|p1a: Cinderace
|-damage|p1a: Cinderace|0 fnt
|faint|p1a: Cinderace
|
|-weather|RainDance|[upkeep]
|upkeep
|
|t:|1757845401
|switch|p1a: Lokix|Lokix, F, tera:Bug|100/100 par
|turn|21
|
|t:|1757845403
|switch|p2a: Scizor|Scizor, F|100/100
|move|p1a: Lokix|U-turn|p2a: Scizor
|-resisted|p2a: Scizor
|-damage|p2a: Scizor|35/100
|
|t:|1757845409
|switch|p1a: Great Tusk|Great Tusk|100/100|[from] U-turn
|
|-weather|RainDance|[upkeep]
|-heal|p2a: Scizor|41/100|[from] item: Leftovers
|upkeep
|turn|22
|
|t:|1757845413
|move|p1a: Great Tusk|Earthquake|p2a: Scizor
|-damage|p2a: Scizor|3/100
|move|p2a: Scizor|U-turn|p1a: Great Tusk
|-resisted|p1a: Great Tusk
|-damage|p1a: Great Tusk|92/100
|
|t:|1757845416
|switch|p2a: Barraskewda|Barraskewda, M, tera:Water|100/100|[from] U-turn
|
|-weather|none
|-heal|p1a: Great Tusk|98/100|[from] item: Leftovers
|upkeep
|turn|23
|
|t:|1757845420
|move|p2a: Barraskewda|Liquidation|p1a: Great Tusk
|-supereffective|p1a: Great Tusk
|-damage|p1a: Great Tusk|7/100
|move|p1a: Great Tusk|Knock Off|p2a: Barraskewda
|-crit|p2a: Barraskewda
|-damage|p2a: Barraskewda|16/100
|-enditem|p2a: Barraskewda|Choice Band|[from] move: Knock Off|[of] p1a: Great Tusk
|
|-heal|p1a: Great Tusk|13/100|[from] item: Leftovers
|upkeep
|turn|24
|
|t:|1757845427
|move|p2a: Barraskewda|Flip Turn|p1a: Great Tusk
|-supereffective|p1a: Great Tusk
|-damage|p1a: Great Tusk|0 fnt
|faint|p1a: Great Tusk
|-end|p1a: Great Tusk|Protosynthesis|[silent]
|
|t:|1757845429
|switch|p2a: Pelipper|Pelipper, M|44/100 brn|[from] Flip Turn
|-weather|RainDance|[from] ability: Drizzle|[of] p2a: Pelipper
|
|-weather|RainDance|[upkeep]
|-damage|p2a: Pelipper|38/100 brn|[from] brn
|upkeep
|
|t:|1757845434
|switch|p1a: Lokix|Lokix, F, tera:Bug|100/100 par
|turn|25
|
|t:|1757845437
|move|p2a: Pelipper|Hurricane|p1a: Lokix
|-supereffective|p1a: Lokix
|-damage|p1a: Lokix|0 fnt
|faint|p1a: Lokix
|
|-weather|RainDance|[upkeep]
|-damage|p2a: Pelipper|32/100 brn|[from] brn
|upkeep
|
|t:|1757845438
|switch|p1a: Enamorus|Enamorus, F|100/100
|turn|26
|
|t:|1757845441
|move|p1a: Enamorus|Moonblast|p2a: Pelipper
|-damage|p2a: Pelipper|0 fnt
|faint|p2a: Pelipper
|
|-weather|RainDance|[upkeep]
|upkeep
|
|t:|1757845442
|switch|p2a: Barraskewda|Barraskewda, M, tera:Water|16/100
|turn|27
|
|t:|1757845444
|move|p2a: Barraskewda|Liquidation|p1a: Enamorus
|-damage|p1a: Enamorus|0 fnt
|faint|p1a: Enamorus
|
|win|mongwong
|raw|H0llo's rating: 1541 &rarr; <strong>1517</strong><br />(-24 for losing)
|raw|mongwong's rating: 1473 &rarr; <strong>1497</strong><br />(+24 for winning)
|l|☆H0llo
|player|p1|
