|j|☆lolproplayer
|j|☆3idk
|t:|1757959085
|gametype|singles
|player|p1|lolproplayer|pokekid|1570
|player|p2|3idk|lusamine-masters|1655
|gen|9
|tier|[Gen 9] OU
|rated|
|rule|HP Percentage Mod: HP is shown in percentages
|rule|Endless Battle Clause: Forcing endless battles is banned
|rule|Species Clause: Limit one of each Pokémon
|rule|OHKO Clause: OHKO moves are banned
|rule|Evasion Items Clause: Evasion items are banned
|rule|Evasion Moves Clause: Evasion moves are banned
|rule|Evasion Abilities Clause: Evasion abilities are banned
|rule|Sleep Moves Clause: Sleep-inducing moves are banned
|clearpoke
|poke|p1|Ursaluna, M|
|poke|p1|Cresselia, F|
|poke|p1|Kingambit, M|
|poke|p1|Volcanion|
|poke|p1|Hatterene, F|
|poke|p1|Porygon2|
|poke|p2|Indeedee, M|
|poke|p2|Hatterene, F|
|poke|p2|Ursaluna, F|
|poke|p2|Iron Hands|
|poke|p2|Hoopa-Unbound|
|poke|p2|Mimikyu, F|
|teampreview
|inactive|Battle timer is ON: inactive players will automatically lose when time's up. (requested by lolproplayer)
|inactive|3idk also wants the timer to be on.
|inactive|lolproplayer has 120 seconds left.
|j| mask104
|
|t:|1757959117
|teamsize|p1|6
|teamsize|p2|6
|start
|switch|p1a: Miyamoto|Kingambit, M|100/100
|switch|p2a: LEBRON|Iron Hands, shiny|100/100
|-enditem|p2a: LEBRON|Booster Energy
|-activate|p2a: LEBRON|ability: Quark Drive|[fromitem]
|-start|p2a: LEBRON|quarkdriveatk
|turn|1
|j| SUBMACHINEGOTH
|
|t:|1757959146
|-end|p1a: Miyamoto|fallenundefined|[silent]
|switch|p1a: Moonboy|Cresselia, F, shiny|100/100
|move|p2a: LEBRON|Supercell Slam|p1a: Moonboy
|-damage|p1a: Moonboy|52/100
|
|upkeep
|turn|2
|
|t:|1757959153
|move|p2a: LEBRON|Supercell Slam|p1a: Moonboy
|-damage|p1a: Moonboy|2/100
|move|p1a: Moonboy|Trick Room|p1a: Moonboy
|-fieldstart|move: Trick Room|[of] p1a: Moonboy
|
|upkeep
|turn|3
|
|t:|1757959162
|move|p2a: LEBRON|Close Combat|p1a: Moonboy
|-resisted|p1a: Moonboy
|-damage|p1a: Moonboy|0 fnt
|-unboost|p2a: LEBRON|def|1
|-unboost|p2a: LEBRON|spd|1
|faint|p1a: Moonboy
|
|upkeep
|
|t:|1757959180
|switch|p1a: queer|Hatterene, F|100/100
|turn|4
|
|t:|1757959187
|switch|p1a: AssFrasser|Ursaluna, M|100/100
|move|p2a: LEBRON|Heavy Slam|p1a: AssFrasser
|-damage|p1a: AssFrasser|86/100
|
|-status|p1a: AssFrasser|brn|[from] item: Flame Orb
|upkeep
|turn|5
|
|t:|1757959198
|-end|p2a: LEBRON|Quark Drive|[silent]
|switch|p2a: Mimi|Mimikyu, F, shiny|100/100
|move|p1a: AssFrasser|Facade|p2a: Mimi
|-immune|p2a: Mimi
|
|-damage|p1a: AssFrasser|80/100 brn|[from] brn
|upkeep
|turn|6
|
|t:|1757959225
|move|p1a: AssFrasser|Fire Punch|p2a: Mimi
|-activate|p2a: Mimi|ability: Disguise
|-damage|p2a: Mimi|100/100
|detailschange|p2a: Mimi|Mimikyu-Busted, F, shiny
|-damage|p2a: Mimi|88/100|[from] pokemon: Mimikyu-Busted
|-enditem|p2a: Mimi|Red Card|[of] p1a: AssFrasser
|drag|p1a: Miyamoto|Kingambit, M|100/100
|-activate|p1a: Miyamoto|ability: Supreme Overlord
|-start|p1a: Miyamoto|fallen1|[silent]
|move|p2a: Mimi|Play Rough|p1a: Miyamoto
|-damage|p1a: Miyamoto|79/100
|-unboost|p1a: Miyamoto|atk|1
|
|-fieldend|move: Trick Room
|upkeep
|turn|7
|
|t:|1757959247
|-end|p1a: Miyamoto|fallen1|[silent]
|switch|p1a: Molester|Volcanion|100/100
|move|p2a: Mimi|Play Rough|p1a: Molester
|-resisted|p1a: Molester
|-damage|p1a: Molester|88/100
|
|upkeep
|turn|8
|c| SUBMACHINEGOTH|that nickname lmao
|
|t:|1757959266
|move|p2a: Mimi|Destiny Bond|p2a: Mimi
|-singlemove|p2a: Mimi|Destiny Bond
|move|p1a: Molester|Steam Eruption|p2a: Mimi|[miss]
|-miss|p1a: Molester|p2a: Mimi
|
|upkeep
|turn|9
|c| SUBMACHINEGOTH|mr. moe lester
|
|t:|1757959278
|move|p1a: Molester|Steam Eruption|p2a: Mimi
|-damage|p2a: Mimi|0 fnt
|faint|p2a: Mimi
|-activate|p2a: Mimi|move: Destiny Bond
|faint|p1a: Molester
|
|upkeep
|l|☆lolproplayer
|inactive|lolproplayer disconnected and has a minute to reconnect!
|player|p1|
|inactive|3idk has 120 seconds left.
|inactive|lolproplayer has 30 seconds to reconnect!
|inactive|lolproplayer has 20 seconds to reconnect!
|inactive|lolproplayer has 15 seconds to reconnect!
|inactive|3idk has 90 seconds left.
|inactive|lolproplayer has 10 seconds to reconnect!
|inactive|lolproplayer has 5 seconds to reconnect!
|-message|lolproplayer lost due to inactivity.
|
|win|3idk
|raw|lolproplayer's rating: 1570 &rarr; <strong>1555</strong><br />(-15 for losing)
|raw|3idk's rating: 1655 &rarr; <strong>1670</strong><br />(+15 for winning)
|l| mask104
