|j|☆halaman95
|j|☆jeet999
|t:|1757827348
|gametype|singles
|player|p1|halaman95|266|1534
|player|p2|jeet999|cynthia-masters|1569
|gen|9
|tier|[Gen 9] OU
|rated|
|rule|HP Percentage Mod: HP is shown in percentages
|rule|Endless Battle Clause: Forcing endless battles is banned
|rule|Species Clause: Limit one of each Pokémon
|rule|OHKO Clause: OHKO moves are banned
|rule|Evasion Items Clause: Evasion items are banned
|rule|Evasion Moves Clause: Evasion moves are banned
|rule|Evasion Abilities Clause: Evasion abilities are banned
|rule|Sleep Moves Clause: Sleep-inducing moves are banned
|clearpoke
|poke|p1|Grimmsnarl, M|
|poke|p1|Slowbro-Galar, F|
|poke|p1|Iron Hands|
|poke|p1|Enamorus-Therian, F|
|poke|p1|Maushold-Four|
|poke|p1|Ursaluna, M|
|poke|p2|Indeedee, M|
|poke|p2|Hatterene, F|
|poke|p2|Ursaluna, F|
|poke|p2|Iron Hands|
|poke|p2|Hoopa-Unbound|
|poke|p2|Mimikyu, F|
|teampreview
|inactive|Battle timer is ON: inactive players will automatically lose when time's up. (requested by jeet999)
|inactive|halaman95 also wants the timer to be on.
|
|t:|1757827367
|teamsize|p1|6
|teamsize|p2|6
|start
|switch|p1a: Grimmsnarl|Grimmsnarl, M|100/100
|switch|p2a: Subaru|Indeedee, M, shiny|100/100
|-fieldstart|move: Psychic Terrain|[from] ability: Psychic Surge|[of] p2a: Subaru
|turn|1
|
|t:|1757827376
|move|p1a: Grimmsnarl|Light Screen|p1a: Grimmsnarl
|-sidestart|p1: halaman95|move: Light Screen
|move|p2a: Subaru|Trick Room|p2a: Subaru
|-fieldstart|move: Trick Room|[of] p2a: Subaru
|
|upkeep
|turn|2
|
|t:|1757827384
|move|p1a: Grimmsnarl|Reflect|p1a: Grimmsnarl
|-sidestart|p1: halaman95|Reflect
|move|p2a: Subaru|Encore|p1a: Grimmsnarl
|-start|p1a: Grimmsnarl|Encore
|
|upkeep
|turn|3
|
|t:|1757827400
|switch|p1a: Ursaluna|Ursaluna, M|100/100
|switch|p2a: Crashout YN|Ursaluna, F, shiny|100/100
|
|-status|p2a: Crashout YN|brn|[from] item: Flame Orb
|upkeep
|turn|4
|
|t:|1757827409
|move|p2a: Crashout YN|Facade|p1a: Ursaluna
|-damage|p1a: Ursaluna|58/100
|move|p1a: Ursaluna|Swords Dance|p1a: Ursaluna
|-boost|p1a: Ursaluna|atk|2
|
|-damage|p2a: Crashout YN|94/100 brn|[from] brn
|upkeep
|turn|5
|
|t:|1757827420
|-terastallize|p2a: Crashout YN|Normal
|move|p2a: Crashout YN|Facade|p1a: Ursaluna
|-damage|p1a: Ursaluna|0 fnt
|faint|p1a: Ursaluna
|
|-damage|p2a: Crashout YN|88/100 brn|[from] brn
|-fieldend|move: Trick Room
|upkeep
|inactive|halaman95 has 120 seconds left.
|
|t:|1757827451
|switch|p1a: Iron Hands|Iron Hands|100/100
|turn|6
|
|t:|1757827457
|switch|p2a: Mimi|Mimikyu, F, shiny|100/100
|move|p1a: Iron Hands|Swords Dance|p1a: Iron Hands
|-boost|p1a: Iron Hands|atk|2
|
|upkeep
|turn|7
|
|t:|1757827463
|move|p1a: Iron Hands|Thunder Punch|p2a: Mimi
|-activate|p2a: Mimi|ability: Disguise
|-damage|p2a: Mimi|100/100
|-status|p2a: Mimi|par
|detailschange|p2a: Mimi|Mimikyu-Busted, F, shiny
|-damage|p2a: Mimi|88/100 par|[from] pokemon: Mimikyu-Busted
|-enditem|p2a: Mimi|Red Card|[of] p1a: Iron Hands
|-end|p1a: Iron Hands|Quark Drive|[silent]
|drag|p1a: Enamorus|Enamorus-Therian, F|100/100
|cant|p2a: Mimi|par
|
|upkeep
|turn|8
|
|t:|1757827476
|move|p1a: Enamorus|Calm Mind|p1a: Enamorus
|-boost|p1a: Enamorus|spa|1
|-boost|p1a: Enamorus|spd|1
|move|p2a: Mimi|Trick Room|p2a: Mimi
|-fieldstart|move: Trick Room|[of] p2a: Mimi
|
|-sideend|p1: halaman95|move: Light Screen
|-fieldend|move: Psychic Terrain
|upkeep
|turn|9
|-activate|p1a: Enamorus|item: Quick Claw
|
|t:|1757827483
|move|p1a: Enamorus|Calm Mind|p1a: Enamorus
|-boost|p1a: Enamorus|spa|1
|-boost|p1a: Enamorus|spd|1
|move|p2a: Mimi|Curse|p1a: Enamorus
|-start|p1a: Enamorus|Curse|[of] p2a: Mimi
|-damage|p2a: Mimi|38/100 par
|
|-damage|p1a: Enamorus|76/100|[from] Curse
|-sideend|p1: halaman95|Reflect
|upkeep
|turn|10
|
|t:|1757827506
|move|p2a: Mimi|Play Rough|p1a: Enamorus
|-damage|p1a: Enamorus|51/100
|move|p1a: Enamorus|Calm Mind|p1a: Enamorus
|-boost|p1a: Enamorus|spa|1
|-boost|p1a: Enamorus|spd|1
|
|-damage|p1a: Enamorus|26/100|[from] Curse
|upkeep
|turn|11
|
|t:|1757827514
|cant|p2a: Mimi|par
|move|p1a: Enamorus|Moonblast|p2a: Mimi
|-damage|p2a: Mimi|0 fnt
|faint|p2a: Mimi
|
|-damage|p1a: Enamorus|1/100|[from] Curse
|upkeep
|
|t:|1757827523
|switch|p2a: Subaru|Indeedee, M, shiny|100/100
|-fieldstart|move: Psychic Terrain|[from] ability: Psychic Surge|[of] p2a: Subaru
|turn|12
|
|t:|1757827528
|move|p1a: Enamorus|Moonblast|p2a: Subaru
|-damage|p2a: Subaru|0 fnt
|faint|p2a: Subaru
|
|-damage|p1a: Enamorus|0 fnt|[from] Curse
|faint|p1a: Enamorus
|-fieldend|move: Trick Room
|upkeep
|
|t:|1757827539
|switch|p2a: Crashout YN|Ursaluna, F, shiny, tera:Normal|88/100 brn
|switch|p1a: Grimmsnarl|Grimmsnarl, M|100/100
|turn|13
|
|t:|1757827547
|move|p1a: Grimmsnarl|Reflect|p1a: Grimmsnarl
|-sidestart|p1: halaman95|Reflect
|move|p2a: Crashout YN|Facade|p1a: Grimmsnarl
|-damage|p1a: Grimmsnarl|0 fnt
|faint|p1a: Grimmsnarl
|
|-damage|p2a: Crashout YN|82/100 brn|[from] brn
|upkeep
|
|t:|1757827555
|switch|p1a: Iron Hands|Iron Hands|100/100
|turn|14
|
|t:|1757827572
|move|p1a: Iron Hands|Swords Dance|p1a: Iron Hands
|-boost|p1a: Iron Hands|atk|2
|move|p2a: Crashout YN|Headlong Rush|p1a: Iron Hands
|-supereffective|p1a: Iron Hands
|-damage|p1a: Iron Hands|37/100
|-unboost|p2a: Crashout YN|def|1
|-unboost|p2a: Crashout YN|spd|1
|
|-damage|p2a: Crashout YN|76/100 brn|[from] brn
|upkeep
|turn|15
|-activate|p1a: Iron Hands|item: Quick Claw
|
|t:|1757827583
|move|p1a: Iron Hands|Drain Punch|p2a: Crashout YN
|-supereffective|p2a: Crashout YN
|-damage|p2a: Crashout YN|0 fnt
|-heal|p1a: Iron Hands|72/100|[from] drain|[of] p2a: Crashout YN
|faint|p2a: Crashout YN
|
|upkeep
|
|t:|1757827601
|switch|p2a: Satella|Hatterene, F, shiny|100/100
|turn|16
|
|t:|1757827605
|move|p1a: Iron Hands|Thunder Punch|p2a: Satella
|-damage|p2a: Satella|4/100
|move|p2a: Satella|Trick Room|p2a: Satella
|-fieldstart|move: Trick Room|[of] p2a: Satella
|
|upkeep
|turn|17
|-activate|p1a: Iron Hands|item: Quick Claw
|
|t:|1757827614
|move|p1a: Iron Hands|Drain Punch|p2a: Satella
|-resisted|p2a: Satella
|-damage|p2a: Satella|0 fnt
|-heal|p1a: Iron Hands|73/100|[from] drain|[of] p2a: Satella
|faint|p2a: Satella
|
|upkeep
|
|t:|1757827623
|switch|p2a: King Von|Hoopa-Unbound|100/100
|-enditem|p2a: King Von|Psychic Seed
|-boost|p2a: King Von|spd|1|[from] item: Psychic Seed
|turn|18
|-activate|p1a: Iron Hands|item: Quick Claw
|
|t:|1757827628
|move|p1a: Iron Hands|Drain Punch|p2a: King Von
|-damage|p2a: King Von|2/100
|-heal|p1a: Iron Hands|100/100|[from] drain|[of] p2a: King Von
|move|p2a: King Von|Expanding Force|p1a: Iron Hands
|-supereffective|p1a: Iron Hands
|-damage|p1a: Iron Hands|0 fnt
|faint|p1a: Iron Hands
|-end|p1a: Iron Hands|Quark Drive|[silent]
|-item|p2a: King Von|Quick Claw|[from] ability: Magician|[of] p1: Iron Hands
|
|upkeep
|
|t:|1757827637
|switch|p1a: Slowbro|Slowbro-Galar, F|100/100
|turn|19
|
|t:|1757827640
|move|p1a: Slowbro|Sludge Bomb|p2a: King Von
|-damage|p2a: King Von|0 fnt
|faint|p2a: King Von
|
|-fieldend|move: Psychic Terrain
|upkeep
|
|t:|1757827645
|switch|p2a: LEBRON|Iron Hands, shiny|100/100
|-enditem|p2a: LEBRON|Booster Energy
|-activate|p2a: LEBRON|ability: Quark Drive|[fromitem]
|-start|p2a: LEBRON|quarkdriveatk
|turn|20
|
|t:|1757827654
|move|p1a: Slowbro|Psyshock|p2a: LEBRON
|-supereffective|p2a: LEBRON
|-damage|p2a: LEBRON|47/100
|move|p2a: LEBRON|Supercell Slam|p1a: Slowbro
|-damage|p1a: Slowbro|65/100
|
|-sideend|p1: halaman95|Reflect
|-fieldend|move: Trick Room
|upkeep
|turn|21
|-activate|p1a: Slowbro|ability: Quick Draw
|
|t:|1757827662
|move|p1a: Slowbro|Psyshock|p2a: LEBRON
|-supereffective|p2a: LEBRON
|-damage|p2a: LEBRON|0 fnt
|faint|p2a: LEBRON
|-end|p2a: LEBRON|Quark Drive|[silent]
|
|win|halaman95
|raw|halaman95's rating: 1534 &rarr; <strong>1556</strong><br />(+22 for winning)
|raw|jeet999's rating: 1569 &rarr; <strong>1547</strong><br />(-22 for losing)
|l|☆jeet999
|player|p2|
|l|☆halaman95
|player|p1|
