|j|☆venjazanzhes123
|j|☆sakigo
|t:|1757938853
|gametype|singles
|player|p1|venjazanzhes123|wallace|1471
|player|p2|sakigo|nancy|1457
|gen|9
|tier|[Gen 9] OU
|rated|
|rule|HP Percentage Mod: HP is shown in percentages
|rule|Endless Battle Clause: Forcing endless battles is banned
|rule|Species Clause: Limit one of each Pokémon
|rule|OHKO Clause: OHKO moves are banned
|rule|Evasion Items Clause: Evasion items are banned
|rule|Evasion Moves Clause: Evasion moves are banned
|rule|Evasion Abilities Clause: Evasion abilities are banned
|rule|Sleep Moves Clause: Sleep-inducing moves are banned
|clearpoke
|poke|p1|Skarmory, M|
|poke|p1|Goodra-Hisui, M|
|poke|p1|Quagsire, M|
|poke|p1|Dragonite, M|
|poke|p1|Tyranitar, M|
|poke|p1|Dragapult, M|
|poke|p2|Raging Bolt|
|poke|p2|Ninetales, F|
|poke|p2|Walking Wake|
|poke|p2|Hatterene, F|
|poke|p2|Landorus-Therian, M|
|poke|p2|Kingambit, F|
|teampreview
|
|t:|1757938869
|teamsize|p1|6
|teamsize|p2|6
|start
|switch|p1a: Dragapult|Dragapult, M|100/100
|switch|p2a: Kingambit|Kingambit, F|100/100
|turn|1
|
|t:|1757938885
|-end|p2a: Kingambit|fallenundefined|[silent]
|switch|p2a: Hatterene|Hatterene, F, shiny|100/100
|move|p1a: Dragapult|Will-O-Wisp|p2a: Hatterene
|move|p2a: Hatterene|Will-O-Wisp|p1a: Dragapult|[from] ability: Magic Bounce
|-status|p1a: Dragapult|brn
|
|-damage|p1a: Dragapult|95/100 brn|[from] brn
|upkeep
|turn|2
|
|t:|1757938910
|switch|p1a: Goodra|Goodra-Hisui, M|100/100
|move|p2a: Hatterene|Mystical Fire|p1a: Goodra
|-damage|p1a: Goodra|90/100
|-unboost|p1a: Goodra|spa|1
|
|upkeep
|turn|3
|inactive|Battle timer is ON: inactive players will automatically lose when time's up. (requested by venjazanzhes123)
|
|t:|1757938944
|switch|p2a: Landorus|Landorus-Therian, M, shiny|100/100
|-ability|p2a: Landorus|Intimidate|boost
|-unboost|p1a: Goodra|atk|1
|move|p1a: Goodra|Flash Cannon|p2a: Landorus
|-damage|p2a: Landorus|70/100
|
|upkeep
|turn|4
|
|t:|1757938960
|move|p2a: Landorus|Stealth Rock|p1a: Goodra
|-sidestart|p1: venjazanzhes123|move: Stealth Rock
|move|p1a: Goodra|Ice Beam|p2a: Landorus
|-supereffective|p2a: Landorus
|-damage|p2a: Landorus|0 fnt
|faint|p2a: Landorus
|
|upkeep
|
|t:|1757938972
|switch|p2a: Kingambit|Kingambit, F|100/100
|-activate|p2a: Kingambit|ability: Supreme Overlord
|-start|p2a: Kingambit|fallen1|[silent]
|turn|5
|inactive|sakigo has 120 seconds left.
|
|t:|1757938994
|switch|p1a: Quagsire|Quagsire, M|100/100
|-damage|p1a: Quagsire|94/100|[from] Stealth Rock
|move|p2a: Kingambit|Kowtow Cleave|p1a: Quagsire
|-damage|p1a: Quagsire|46/100
|-enditem|p1a: Quagsire|Sitrus Berry|[eat]
|-heal|p1a: Quagsire|71/100|[from] item: Sitrus Berry
|
|upkeep
|turn|6
|inactive|sakigo has 120 seconds left.
|
|t:|1757939007
|-end|p2a: Kingambit|fallen1|[silent]
|switch|p2a: Hatterene|Hatterene, F, shiny|100/100
|move|p1a: Quagsire|Earthquake|p2a: Hatterene
|-damage|p2a: Hatterene|68/100
|
|-heal|p2a: Hatterene|74/100|[from] item: Leftovers
|upkeep
|turn|7
|
|t:|1757939017
|switch|p1a: Goodra|Goodra-Hisui, M|90/100
|-damage|p1a: Goodra|84/100|[from] Stealth Rock
|move|p2a: Hatterene|Draining Kiss|p1a: Goodra
|-damage|p1a: Goodra|75/100
|-heal|p2a: Hatterene|82/100|[from] drain|[of] p1a: Goodra
|-ability|p1a: Goodra|Gooey
|-unboost|p2a: Hatterene|spe|1
|
|-heal|p2a: Hatterene|88/100|[from] item: Leftovers
|upkeep
|turn|8
|inactive|sakigo has 120 seconds left.
|
|t:|1757939046
|switch|p2a: Ninetales|Ninetales, F, shiny|100/100
|-weather|SunnyDay|[from] ability: Drought|[of] p2a: Ninetales
|move|p1a: Goodra|Flash Cannon|p2a: Ninetales
|-resisted|p2a: Ninetales
|-damage|p2a: Ninetales|82/100
|
|-weather|SunnyDay|[upkeep]
|upkeep
|turn|9
|
|t:|1757939057
|move|p2a: Ninetales|Will-O-Wisp|p1a: Goodra
|-status|p1a: Goodra|brn
|move|p1a: Goodra|Dragon Pulse|p2a: Ninetales
|-damage|p2a: Ninetales|36/100
|
|-weather|SunnyDay|[upkeep]
|-damage|p1a: Goodra|69/100 brn|[from] brn
|upkeep
|turn|10
|inactive|sakigo has 120 seconds left.
|
|t:|1757939077
|switch|p2a: Kingambit|Kingambit, F|100/100
|-activate|p2a: Kingambit|ability: Supreme Overlord
|-start|p2a: Kingambit|fallen1|[silent]
|move|p1a: Goodra|Dragon Pulse|p2a: Kingambit
|-resisted|p2a: Kingambit
|-damage|p2a: Kingambit|78/100
|
|-weather|SunnyDay|[upkeep]
|-damage|p1a: Goodra|63/100 brn|[from] brn
|upkeep
|turn|11
|
|t:|1757939098
|move|p2a: Kingambit|Kowtow Cleave|p1a: Goodra
|-damage|p1a: Goodra|1/100 brn
|-ability|p1a: Goodra|Gooey
|-unboost|p2a: Kingambit|spe|1
|move|p1a: Goodra|Fire Blast|p2a: Kingambit
|-supereffective|p2a: Kingambit
|-crit|p2a: Kingambit
|-damage|p2a: Kingambit|0 fnt
|faint|p2a: Kingambit
|-end|p2a: Kingambit|fallen1|[silent]
|
|-weather|SunnyDay|[upkeep]
|-damage|p1a: Goodra|0 fnt|[from] brn
|faint|p1a: Goodra
|upkeep
|inactive|sakigo has 90 seconds left.
|
|t:|1757939118
|switch|p2a: Walking Wake|Walking Wake|100/100
|switch|p1a: Tyranitar|Tyranitar, M|100/100
|-damage|p1a: Tyranitar|88/100|[from] Stealth Rock
|-weather|Sandstorm|[from] ability: Sand Stream|[of] p1a: Tyranitar
|-item|p1a: Tyranitar|Air Balloon
|turn|12
|inactive|sakigo has 90 seconds left.
|
|t:|1757939148
|move|p2a: Walking Wake|Flip Turn|p1a: Tyranitar
|-supereffective|p1a: Tyranitar
|-damage|p1a: Tyranitar|58/100
|-enditem|p1a: Tyranitar|Air Balloon
|inactive|sakigo has 60 seconds left.
|
|t:|1757939174
|-end|p2a: Walking Wake|Protosynthesis|[silent]
|switch|p2a: Ninetales|Ninetales, F, shiny|36/100|[from] Flip Turn
|-weather|SunnyDay|[from] ability: Drought|[of] p2a: Ninetales
|move|p1a: Tyranitar|Low Kick|p2a: Ninetales
|-damage|p2a: Ninetales|18/100
|
|-weather|SunnyDay|[upkeep]
|upkeep
|turn|13
|
|t:|1757939192
|switch|p2a: Walking Wake|Walking Wake|100/100
|-activate|p2a: Walking Wake|ability: Protosynthesis
|-start|p2a: Walking Wake|protosynthesisspe
|switch|p1a: Dragapult|Dragapult, M|95/100 brn
|-damage|p1a: Dragapult|82/100 brn|[from] Stealth Rock
|
|-weather|SunnyDay|[upkeep]
|-damage|p1a: Dragapult|76/100 brn|[from] brn
|upkeep
|turn|14
|
|t:|1757939215
|switch|p1a: Tyranitar|Tyranitar, M|58/100
|-damage|p1a: Tyranitar|45/100|[from] Stealth Rock
|-weather|Sandstorm|[from] ability: Sand Stream|[of] p1a: Tyranitar
|-end|p2a: Walking Wake|Protosynthesis
|-terastallize|p2a: Walking Wake|Water
|move|p2a: Walking Wake|Hydro Steam|p1a: Tyranitar
|-supereffective|p1a: Tyranitar
|-crit|p1a: Tyranitar
|-damage|p1a: Tyranitar|0 fnt
|faint|p1a: Tyranitar
|
|-weather|Sandstorm|[upkeep]
|-damage|p2a: Walking Wake|94/100|[from] Sandstorm
|upkeep
|inactive|venjazanzhes123 has 120 seconds left.
|
|t:|1757939230
|switch|p1a: Dragonite|Dragonite, M|100/100
|turn|15
|inactive|sakigo has 30 seconds left.
|
|t:|1757939252
|-end|p2a: Walking Wake|Protosynthesis|[silent]
|switch|p2a: Ninetales|Ninetales, F, shiny|18/100
|-weather|SunnyDay|[from] ability: Drought|[of] p2a: Ninetales
|move|p1a: Dragonite|Dragon Dance|p1a: Dragonite
|-boost|p1a: Dragonite|atk|1
|-boost|p1a: Dragonite|spe|1
|
|-weather|SunnyDay|[upkeep]
|upkeep
|turn|16
|inactive|sakigo has 30 seconds left.
|inactive|sakigo has 20 seconds left.
|inactive|sakigo has 15 seconds left.
|
|t:|1757939279
|move|p1a: Dragonite|Earthquake|p2a: Ninetales
|-supereffective|p2a: Ninetales
|-damage|p2a: Ninetales|0 fnt
|faint|p2a: Ninetales
|
|-weather|SunnyDay|[upkeep]
|upkeep
|inactive|sakigo has 20 seconds left this turn.
|inactive|sakigo has 15 seconds left.
|
|t:|1757939284
|switch|p2a: Walking Wake|Walking Wake, tera:Water|94/100
|-activate|p2a: Walking Wake|ability: Protosynthesis
|-start|p2a: Walking Wake|protosynthesisspe
|turn|17
|inactive|sakigo has 25 seconds left this turn.
|inactive|sakigo has 20 seconds left.
|
|t:|1757939291
|move|p2a: Walking Wake|Draco Meteor|p1a: Dragonite
|-supereffective|p1a: Dragonite
|-damage|p1a: Dragonite|4/100
|-unboost|p2a: Walking Wake|spa|2
|move|p1a: Dragonite|Thunder Punch|p2a: Walking Wake
|-supereffective|p2a: Walking Wake
|-damage|p2a: Walking Wake|6/100
|
|-weather|SunnyDay|[upkeep]
|upkeep
|turn|18
|inactive|sakigo has 30 seconds left this turn.
|
|t:|1757939306
|-terastallize|p1a: Dragonite|Fairy
|move|p2a: Walking Wake|Draco Meteor|p1a: Dragonite
|-immune|p1a: Dragonite
|move|p1a: Dragonite|Thunder Punch|p2a: Walking Wake
|-supereffective|p2a: Walking Wake
|-damage|p2a: Walking Wake|0 fnt
|faint|p2a: Walking Wake
|-end|p2a: Walking Wake|Protosynthesis|[silent]
|
|-weather|SunnyDay|[upkeep]
|upkeep
|inactive|sakigo has 30 seconds left this turn.
|
|t:|1757939315
|switch|p2a: Hatterene|Hatterene, F, shiny|88/100
|turn|19
|
|t:|1757939320
|move|p1a: Dragonite|Earthquake|p2a: Hatterene
|-damage|p2a: Hatterene|30/100
|move|p2a: Hatterene|Draining Kiss|p1a: Dragonite
|-damage|p1a: Dragonite|0 fnt
|-heal|p2a: Hatterene|32/100|[from] drain|[of] p1a: Dragonite
|faint|p1a: Dragonite
|
|-weather|SunnyDay|[upkeep]
|-heal|p2a: Hatterene|38/100|[from] item: Leftovers
|upkeep
|
|t:|1757939330
|switch|p1a: Dragapult|Dragapult, M|76/100 brn
|-damage|p1a: Dragapult|64/100 brn|[from] Stealth Rock
|turn|20
|
|t:|1757939342
|switch|p2a: Raging Bolt|Raging Bolt|100/100
|-activate|p2a: Raging Bolt|ability: Protosynthesis
|-start|p2a: Raging Bolt|protosynthesisspa
|move|p1a: Dragapult|Shadow Ball|p2a: Raging Bolt
|-damage|p2a: Raging Bolt|73/100
|-damage|p1a: Dragapult|54/100 brn|[from] item: Life Orb
|
|-weather|SunnyDay|[upkeep]
|-damage|p1a: Dragapult|48/100 brn|[from] brn
|upkeep
|turn|21
|
|t:|1757939356
|move|p1a: Dragapult|Draco Meteor|p2a: Raging Bolt|[miss]
|-miss|p1a: Dragapult|p2a: Raging Bolt
|move|p2a: Raging Bolt|Weather Ball|p1a: Dragapult
|-resisted|p1a: Dragapult
|-damage|p1a: Dragapult|0 fnt
|faint|p1a: Dragapult
|
|-weather|SunnyDay|[upkeep]
|upkeep
|-message|venjazanzhes123 forfeited.
|
|win|sakigo
|raw|venjazanzhes123's rating: 1471 &rarr; <strong>1450</strong><br />(-21 for losing)
|raw|sakigo's rating: 1457 &rarr; <strong>1478</strong><br />(+21 for winning)
|l|☆venjazanzhes123
|player|p1|
