|j|☆Wahhhh soooo good!
|j|☆kaelja
|t:|1757925026
|gametype|singles
|player|p1|Wahhhh soooo good!|169|1376
|player|p2|kaelja|dahlia|1368
|gen|9
|tier|[Gen 9] OU
|rated|
|rule|HP Percentage Mod: HP is shown in percentages
|rule|Endless Battle Clause: Forcing endless battles is banned
|rule|Species Clause: Limit one of each Pokémon
|rule|OHKO Clause: OHKO moves are banned
|rule|Evasion Items Clause: Evasion items are banned
|rule|Evasion Moves Clause: Evasion moves are banned
|rule|Evasion Abilities Clause: Evasion abilities are banned
|rule|Sleep Moves Clause: Sleep-inducing moves are banned
|clearpoke
|poke|p1|Dragonite, M|
|poke|p1|Ursaluna, F|
|poke|p1|Slowking-Galar, M|
|poke|p1|Iron Hands|
|poke|p1|Hatterene, F|
|poke|p1|Scizor, M|
|poke|p2|Quaquaval, M|
|poke|p2|Ninetales-Alola, F|
|poke|p2|Deoxys-Speed|
|poke|p2|Porygon-Z|
|poke|p2|Cinderace, F|
|poke|p2|Gholdengo|
|teampreview
|inactive|Battle timer is ON: inactive players will automatically lose when time's up. (requested by kaelja)
|
|t:|1757925033
|teamsize|p1|6
|teamsize|p2|6
|start
|switch|p1a: Scizor|Scizor, M|100/100
|switch|p2a: Deoxys|Deoxys-Speed|100/100
|-ability|p2a: Deoxys|Pressure
|turn|1
|
|t:|1757925037
|move|p1a: Scizor|U-turn|p2a: Deoxys
|-supereffective|p2a: Deoxys
|-damage|p2a: Deoxys|0 fnt
|faint|p2a: Deoxys
|
|t:|1757925057
|switch|p1a: Iron Hands|Iron Hands|100/100|[from] U-turn
|
|upkeep
|
|t:|1757925072
|switch|p2a: Porygon-Z|Porygon-Z|100/100
|turn|2
|
|t:|1757925089
|-terastallize|p2a: Porygon-Z|Ground
|move|p2a: Porygon-Z|Tera Blast|p1a: Iron Hands|[anim] Tera Blast Ground
|-supereffective|p1a: Iron Hands
|-damage|p1a: Iron Hands|38/100
|move|p1a: Iron Hands|Drain Punch|p2a: Porygon-Z
|-damage|p2a: Porygon-Z|41/100
|-heal|p1a: Iron Hands|60/100|[from] drain|[of] p2a: Porygon-Z
|
|upkeep
|turn|3
|
|t:|1757925099
|switch|p2a: Ninetales|Ninetales-Alola, F|100/100
|-weather|Snowscape|[from] ability: Snow Warning|[of] p2a: Ninetales
|-end|p1a: Iron Hands|Quark Drive|[silent]
|switch|p1a: Hatterene|Hatterene, F|100/100
|
|-weather|Snowscape|[upkeep]
|upkeep
|turn|4
|
|t:|1757925107
|move|p2a: Ninetales|Aurora Veil|p2a: Ninetales
|-sidestart|p2: kaelja|move: Aurora Veil
|move|p1a: Hatterene|Trick Room|p1a: Hatterene
|-fieldstart|move: Trick Room|[of] p1a: Hatterene
|
|-weather|Snowscape|[upkeep]
|upkeep
|turn|5
|
|t:|1757925111
|switch|p2a: Gholdengo|Gholdengo|100/100
|-item|p2a: Gholdengo|Air Balloon
|move|p1a: Hatterene|Psychic Noise|p2a: Gholdengo
|-resisted|p2a: Gholdengo
|-damage|p2a: Gholdengo|89/100
|-start|p2a: Gholdengo|move: Heal Block
|-enditem|p2a: Gholdengo|Air Balloon
|
|-weather|Snowscape|[upkeep]
|upkeep
|turn|6
|
|t:|1757925120
|move|p1a: Hatterene|Healing Wish|p1a: Hatterene
|faint|p1a: Hatterene
|move|p2a: Gholdengo|Make It Rain|p1: Hatterene|[notarget]
|-fail|p2a: Gholdengo
|
|-weather|Snowscape|[upkeep]
|-end|p2a: Gholdengo|move: Heal Block
|upkeep
|
|t:|1757925129
|switch|p1a: Ursaluna|Ursaluna, F|100/100
|turn|7
|
|t:|1757925135
|move|p1a: Ursaluna|Headlong Rush|p2a: Gholdengo
|-supereffective|p2a: Gholdengo
|-damage|p2a: Gholdengo|8/100
|-unboost|p1a: Ursaluna|def|1
|-unboost|p1a: Ursaluna|spd|1
|move|p2a: Gholdengo|Make It Rain|p1a: Ursaluna
|-damage|p1a: Ursaluna|11/100
|-unboost|p2a: Gholdengo|spa|1
|
|-weather|none
|-status|p1a: Ursaluna|brn|[from] item: Flame Orb
|upkeep
|turn|8
|
|t:|1757925144
|move|p1a: Ursaluna|Fire Punch|p2a: Gholdengo
|-supereffective|p2a: Gholdengo
|-crit|p2a: Gholdengo
|-damage|p2a: Gholdengo|0 fnt
|faint|p2a: Gholdengo
|
|-damage|p1a: Ursaluna|5/100 brn|[from] brn
|-fieldend|move: Trick Room
|upkeep
|
|t:|1757925147
|switch|p2a: Quaquaval|Quaquaval, M|100/100
|turn|9
|
|t:|1757925155
|switch|p1a: Slowking|Slowking-Galar, M|100/100
|move|p2a: Quaquaval|Aqua Step|p1a: Slowking
|-damage|p1a: Slowking|65/100
|-boost|p2a: Quaquaval|spe|1
|
|upkeep
|turn|10
|
|t:|1757925162
|move|p2a: Quaquaval|Knock Off|p1a: Slowking
|-supereffective|p1a: Slowking
|-enditem|p1a: Slowking|Colbur Berry|[eat]
|-enditem|p1a: Slowking|Colbur Berry|[weaken]
|-damage|p1a: Slowking|35/100
|-prepare|p1a: Slowking|Chilly Reception|[premajor]
|move|p1a: Slowking|Chilly Reception|p1a: Slowking
|-weather|Snowscape
|
|t:|1757925166
|switch|p1a: Dragonite|Dragonite, M|100/100|[from] Chilly Reception
|
|-weather|Snowscape|[upkeep]
|upkeep
|turn|11
|
|t:|1757925171
|move|p2a: Quaquaval|Ice Spinner|p1a: Dragonite
|-supereffective|p1a: Dragonite
|-damage|p1a: Dragonite|53/100
|move|p1a: Dragonite|Dragon Dance|p1a: Dragonite
|-boost|p1a: Dragonite|atk|1
|-boost|p1a: Dragonite|spe|1
|
|-weather|Snowscape|[upkeep]
|-sideend|p2: kaelja|move: Aurora Veil
|upkeep
|turn|12
|
|t:|1757925179
|-terastallize|p1a: Dragonite|Fairy
|move|p2a: Quaquaval|Ice Spinner|p1a: Dragonite
|-damage|p1a: Dragonite|27/100
|move|p1a: Dragonite|Dragon Dance|p1a: Dragonite
|-boost|p1a: Dragonite|atk|1
|-boost|p1a: Dragonite|spe|1
|
|-weather|Snowscape|[upkeep]
|upkeep
|turn|13
|
|t:|1757925196
|move|p1a: Dragonite|Tera Blast|p2a: Quaquaval|[anim] Tera Blast Fairy
|-supereffective|p2a: Quaquaval
|-damage|p2a: Quaquaval|0 fnt
|faint|p2a: Quaquaval
|
|-weather|Snowscape|[upkeep]
|upkeep
|
|t:|1757925202
|switch|p2a: Cinderace|Cinderace, F|100/100
|turn|14
|
|t:|1757925205
|move|p1a: Dragonite|Earthquake|p2a: Cinderace
|-supereffective|p2a: Cinderace
|-damage|p2a: Cinderace|0 fnt
|faint|p2a: Cinderace
|
|-weather|none
|upkeep
|-message|kaelja forfeited.
|
|win|Wahhhh soooo good!
|raw|Wahhhh soooo good!'s rating: 1376 &rarr; <strong>1396</strong><br />(+20 for winning)
|raw|kaelja's rating: 1368 &rarr; <strong>1348</strong><br />(-20 for losing)
|l|☆kaelja
|player|p2|
|c|☆Wahhhh soooo good!|gg
|l|☆Wahhhh soooo good!
|player|p1|
