|j|☆Txumelhas
|j|☆juanjitovk
|t:|1757943044
|gametype|singles
|player|p1|Txumelhas|pryce|1114
|player|p2|juanjitovk|flannery|1062
|gen|9
|tier|[Gen 9] OU
|rated|
|rule|HP Percentage Mod: HP is shown in percentages
|rule|Endless Battle Clause: Forcing endless battles is banned
|rule|Species Clause: Limit one of each Pokémon
|rule|OHKO Clause: OHKO moves are banned
|rule|Evasion Items Clause: Evasion items are banned
|rule|Evasion Moves Clause: Evasion moves are banned
|rule|Evasion Abilities Clause: Evasion abilities are banned
|rule|Sleep Moves Clause: Sleep-inducing moves are banned
|clearpoke
|poke|p1|Kommo-o, M|
|poke|p1|Incineroar, M|
|poke|p1|Muk-Alola, M|
|poke|p1|Mimikyu, M|
|poke|p1|Ninetales-Alola, M|
|poke|p1|Araquanid, M|
|poke|p2|Malamar, M|
|poke|p2|Bruxish, M|
|poke|p2|Hatterene, F|
|poke|p2|Ninetales-Alola, M|
|poke|p2|Slowking-Galar, M|
|poke|p2|Gallade, M|
|teampreview
|
|t:|1757943064
|teamsize|p1|6
|teamsize|p2|6
|start
|switch|p1a: Ninetales|Ninetales-Alola, M|100/100
|switch|p2a: Ninetales|Ninetales-Alola, M|100/100
|-weather|Snowscape|[from] ability: Snow Warning|[of] p1a: Ninetales
|turn|1
|
|t:|1757943072
|move|p2a: Ninetales|Aurora Veil|p2a: Ninetales
|-sidestart|p2: juanjitovk|move: Aurora Veil
|move|p1a: Ninetales|Aurora Veil|p1a: Ninetales
|-sidestart|p1: Txumelhas|move: Aurora Veil
|
|-weather|Snowscape|[upkeep]
|upkeep
|turn|2
|
|t:|1757943082
|move|p1a: Ninetales|Moonblast|p2a: Ninetales
|-damage|p2a: Ninetales|84/100
|-unboost|p2a: Ninetales|spa|1
|move|p2a: Ninetales|Encore|p1a: Ninetales
|-start|p1a: Ninetales|Encore
|
|-weather|Snowscape|[upkeep]
|upkeep
|turn|3
|
|t:|1757943098
|switch|p2a: Slowking|Slowking-Galar, M|100/100
|move|p1a: Ninetales|Moonblast|p2a: Slowking
|-resisted|p2a: Slowking
|-damage|p2a: Slowking|96/100
|
|-weather|Snowscape|[upkeep]
|upkeep
|turn|4
|
|t:|1757943108
|switch|p1a: Araquanid|Araquanid, M|100/100
|move|p2a: Slowking|Sludge Bomb|p1a: Araquanid
|-damage|p1a: Araquanid|85/100
|
|-weather|Snowscape|[upkeep]
|-heal|p1a: Araquanid|92/100|[from] item: Leftovers
|upkeep
|turn|5
|
|t:|1757943117
|move|p1a: Araquanid|Sticky Web|p2a: Slowking
|-sidestart|p2: juanjitovk|move: Sticky Web
|move|p2a: Slowking|Future Sight|p1a: Araquanid
|-start|p2a: Slowking|move: Future Sight
|
|-weather|none
|-heal|p1a: Araquanid|98/100|[from] item: Leftovers
|upkeep
|turn|6
|
|t:|1757943128
|move|p1a: Araquanid|Leech Life|p2a: Slowking
|-damage|p2a: Slowking|82/100
|-heal|p1a: Araquanid|100/100|[from] drain|[of] p2a: Slowking
|move|p2a: Slowking|Flamethrower|p1a: Araquanid
|-damage|p1a: Araquanid|95/100
|
|-heal|p1a: Araquanid|100/100|[from] item: Leftovers
|upkeep
|turn|7
|
|t:|1757943139
|move|p1a: Araquanid|Liquidation|p2a: Slowking
|-damage|p2a: Slowking|52/100
|move|p2a: Slowking|Sludge Bomb|p1a: Araquanid
|-damage|p1a: Araquanid|84/100
|-status|p1a: Araquanid|psn
|
|-end|p1a: Araquanid|move: Future Sight
|-damage|p1a: Araquanid|61/100 psn
|-heal|p1a: Araquanid|67/100 psn|[from] item: Leftovers
|-damage|p1a: Araquanid|55/100 psn|[from] psn
|upkeep
|turn|8
|
|t:|1757943151
|move|p1a: Araquanid|Liquidation|p2a: Slowking
|-damage|p2a: Slowking|20/100
|move|p2a: Slowking|Future Sight|p1a: Araquanid
|-start|p2a: Slowking|move: Future Sight
|
|-heal|p1a: Araquanid|61/100 psn|[from] item: Leftovers
|-damage|p1a: Araquanid|49/100 psn|[from] psn
|-sideend|p1: Txumelhas|move: Aurora Veil
|-sideend|p2: juanjitovk|move: Aurora Veil
|upkeep
|turn|9
|
|t:|1757943160
|move|p1a: Araquanid|Liquidation|p2a: Slowking
|-damage|p2a: Slowking|0 fnt
|faint|p2a: Slowking
|
|-heal|p1a: Araquanid|55/100 psn|[from] item: Leftovers
|-damage|p1a: Araquanid|43/100 psn|[from] psn
|upkeep
|
|t:|1757943167
|switch|p2a: Ninetales|Ninetales-Alola, M|84/100
|-activate|p2a: Ninetales|move: Sticky Web
|-unboost|p2a: Ninetales|spe|1
|-weather|Snowscape|[from] ability: Snow Warning|[of] p2a: Ninetales
|turn|10
|
|t:|1757943173
|move|p2a: Ninetales|Aurora Veil|p2a: Ninetales
|-sidestart|p2: juanjitovk|move: Aurora Veil
|move|p1a: Araquanid|Poison Jab|p2a: Ninetales
|-supereffective|p2a: Ninetales
|-damage|p2a: Ninetales|70/100
|
|-weather|Snowscape|[upkeep]
|-end|p1a: Araquanid|move: Future Sight
|-damage|p1a: Araquanid|3/100 psn
|-heal|p1a: Araquanid|9/100 psn|[from] item: Leftovers
|-damage|p1a: Araquanid|0 fnt|[from] psn
|faint|p1a: Araquanid
|upkeep
|
|t:|1757943185
|switch|p1a: Ninetales|Ninetales-Alola, M|100/100
|turn|11
|
|t:|1757943192
|move|p1a: Ninetales|Aurora Veil|p1a: Ninetales
|-sidestart|p1: Txumelhas|move: Aurora Veil
|move|p2a: Ninetales|Encore|p1a: Ninetales
|-start|p1a: Ninetales|Encore
|
|-weather|Snowscape|[upkeep]
|upkeep
|turn|12
|
|t:|1757943200
|switch|p1a: Muk|Muk-Alola, M|100/100
|move|p2a: Ninetales|Moonblast|p1a: Muk
|-damage|p1a: Muk|89/100
|
|-weather|Snowscape|[upkeep]
|-heal|p1a: Muk|95/100|[from] item: Black Sludge
|upkeep
|turn|13
|
|t:|1757943210
|switch|p2a: Bruxish|Bruxish, M|100/100
|-activate|p2a: Bruxish|move: Sticky Web
|-unboost|p2a: Bruxish|spe|1
|move|p1a: Muk|Knock Off|p2a: Bruxish
|-supereffective|p2a: Bruxish
|-crit|p2a: Bruxish
|-damage|p2a: Bruxish|0 fnt
|-enditem|p2a: Bruxish|Choice Band|[from] move: Knock Off|[of] p1a: Muk
|faint|p2a: Bruxish
|
|-weather|Snowscape|[upkeep]
|-heal|p1a: Muk|100/100|[from] item: Black Sludge
|upkeep
|
|t:|1757943222
|switch|p2a: Malamar|Malamar, M|100/100
|-activate|p2a: Malamar|move: Sticky Web
|-boost|p2a: Malamar|spe|1
|turn|14
|
|t:|1757943231
|move|p2a: Malamar|Superpower|p1a: Muk
|-damage|p1a: Muk|88/100
|-boost|p2a: Malamar|atk|1
|-boost|p2a: Malamar|def|1
|move|p1a: Muk|Knock Off|p2a: Malamar
|-damage|p2a: Malamar|85/100
|-status|p2a: Malamar|psn|[from] ability: Poison Touch|[of] p1a: Muk
|-enditem|p2a: Malamar|Leftovers|[from] move: Knock Off|[of] p1a: Muk
|
|-weather|none
|-heal|p1a: Muk|94/100|[from] item: Black Sludge
|-damage|p2a: Malamar|72/100 psn|[from] psn
|upkeep
|turn|15
|
|t:|1757943246
|move|p2a: Malamar|Superpower|p1a: Muk
|-damage|p1a: Muk|75/100
|-boost|p2a: Malamar|atk|1
|-boost|p2a: Malamar|def|1
|move|p1a: Muk|Drain Punch|p2a: Malamar
|-damage|p2a: Malamar|66/100 psn
|-heal|p1a: Muk|78/100|[from] drain|[of] p2a: Malamar
|
|-heal|p1a: Muk|84/100|[from] item: Black Sludge
|-damage|p2a: Malamar|53/100 psn|[from] psn
|upkeep
|turn|16
|
|t:|1757943261
|move|p2a: Malamar|Superpower|p1a: Muk
|-damage|p1a: Muk|58/100
|-boost|p2a: Malamar|atk|1
|-boost|p2a: Malamar|def|1
|move|p1a: Muk|Gunk Shot|p2a: Malamar
|-damage|p2a: Malamar|41/100 psn
|
|-heal|p1a: Muk|64/100|[from] item: Black Sludge
|-damage|p2a: Malamar|28/100 psn|[from] psn
|upkeep
|turn|17
|
|t:|1757943272
|move|p2a: Malamar|Rest|p2a: Malamar
|-status|p2a: Malamar|slp|[from] move: Rest
|-heal|p2a: Malamar|100/100 slp|[silent]
|move|p1a: Muk|Drain Punch|p2a: Malamar
|-damage|p2a: Malamar|95/100 slp
|-heal|p1a: Muk|66/100|[from] drain|[of] p2a: Malamar
|
|-heal|p1a: Muk|72/100|[from] item: Black Sludge
|-sideend|p2: juanjitovk|move: Aurora Veil
|upkeep
|turn|18
|
|t:|1757943287
|switch|p1a: Ninetales|Ninetales-Alola, M|100/100
|-weather|Snowscape|[from] ability: Snow Warning|[of] p1a: Ninetales
|cant|p2a: Malamar|slp
|move|p2a: Malamar|Sleep Talk|p2a: Malamar
|move|p2a: Malamar|Knock Off|p1a: Ninetales|[from] move: Sleep Talk
|-resisted|p1a: Ninetales
|-damage|p1a: Ninetales|82/100
|-enditem|p1a: Ninetales|Light Clay|[from] move: Knock Off|[of] p2a: Malamar
|
|-weather|Snowscape|[upkeep]
|-sideend|p1: Txumelhas|move: Aurora Veil
|upkeep
|turn|19
|
|t:|1757943303
|move|p1a: Ninetales|Aurora Veil|p1a: Ninetales
|-sidestart|p1: Txumelhas|move: Aurora Veil
|cant|p2a: Malamar|slp
|move|p2a: Malamar|Sleep Talk|p2a: Malamar
|move|p2a: Malamar|Knock Off|p1a: Ninetales|[from] move: Sleep Talk
|-resisted|p1a: Ninetales
|-damage|p1a: Ninetales|68/100
|
|-weather|Snowscape|[upkeep]
|upkeep
|turn|20
|
|t:|1757943313
|move|p1a: Ninetales|Moonblast|p2a: Malamar
|-supereffective|p2a: Malamar
|-damage|p2a: Malamar|35/100 slp
|-curestatus|p2a: Malamar|slp|[msg]
|move|p2a: Malamar|Sleep Talk||[still]
|-fail|p2a: Malamar
|
|-weather|Snowscape|[upkeep]
|upkeep
|turn|21
|
|t:|1757943322
|move|p1a: Ninetales|Moonblast|p2a: Malamar
|-supereffective|p2a: Malamar
|-damage|p2a: Malamar|0 fnt
|faint|p2a: Malamar
|
|-weather|Snowscape|[upkeep]
|upkeep
|
|t:|1757943327
|switch|p2a: Hatterene|Hatterene, F|100/100
|-activate|p2a: Hatterene|move: Sticky Web
|-unboost|p2a: Hatterene|spe|1
|turn|22
|
|t:|1757943339
|move|p1a: Ninetales|Blizzard|p2a: Hatterene
|-damage|p2a: Hatterene|54/100
|-status|p2a: Hatterene|frz
|cant|p2a: Hatterene|frz
|
|-weather|none
|upkeep
|turn|23
|
|t:|1757943348
|move|p1a: Ninetales|Freeze-Dry|p2a: Hatterene
|-damage|p2a: Hatterene|28/100 frz
|cant|p2a: Hatterene|frz
|
|-sideend|p1: Txumelhas|move: Aurora Veil
|upkeep
|turn|24
|
|t:|1757943355
|move|p1a: Ninetales|Freeze-Dry|p2a: Hatterene
|-crit|p2a: Hatterene
|-damage|p2a: Hatterene|0 fnt
|faint|p2a: Hatterene
|
|upkeep
|
|t:|1757943359
|switch|p2a: Gallade|Gallade, M|100/100
|-activate|p2a: Gallade|move: Sticky Web
|-unboost|p2a: Gallade|spe|1
|turn|25
|
|t:|1757943365
|-terastallize|p2a: Gallade|Fighting
|move|p1a: Ninetales|Moonblast|p2a: Gallade
|-supereffective|p2a: Gallade
|-damage|p2a: Gallade|16/100
|move|p2a: Gallade|Swords Dance|p2a: Gallade
|-boost|p2a: Gallade|atk|2
|
|upkeep
|turn|26
|
|t:|1757943375
|move|p1a: Ninetales|Moonblast|p2a: Gallade
|-supereffective|p2a: Gallade
|-damage|p2a: Gallade|0 fnt
|faint|p2a: Gallade
|
|upkeep
|
|t:|1757943377
|switch|p2a: Ninetales|Ninetales-Alola, M|70/100
|-activate|p2a: Ninetales|move: Sticky Web
|-unboost|p2a: Ninetales|spe|1
|-weather|Snowscape|[from] ability: Snow Warning|[of] p2a: Ninetales
|turn|27
|
|t:|1757943385
|move|p1a: Ninetales|Aurora Veil|p1a: Ninetales
|-sidestart|p1: Txumelhas|move: Aurora Veil
|move|p2a: Ninetales|Aurora Veil|p2a: Ninetales
|-sidestart|p2: juanjitovk|move: Aurora Veil
|
|-weather|Snowscape|[upkeep]
|upkeep
|turn|28
|
|t:|1757943391
|move|p1a: Ninetales|Blizzard|p2a: Ninetales
|-resisted|p2a: Ninetales
|-damage|p2a: Ninetales|60/100
|move|p2a: Ninetales|Moonblast|p1a: Ninetales
|-damage|p1a: Ninetales|51/100
|
|-weather|Snowscape|[upkeep]
|upkeep
|turn|29
|inactive|Battle timer is ON: inactive players will automatically lose when time's up. (requested by Txumelhas)
|
|t:|1757943408
|move|p1a: Ninetales|Moonblast|p2a: Ninetales
|-damage|p2a: Ninetales|42/100
|-unboost|p2a: Ninetales|spa|1
|move|p2a: Ninetales|Moonblast|p1a: Ninetales
|-damage|p1a: Ninetales|41/100
|
|-weather|Snowscape|[upkeep]
|upkeep
|turn|30
|
|t:|1757943417
|move|p1a: Ninetales|Moonblast|p2a: Ninetales
|-damage|p2a: Ninetales|24/100
|move|p2a: Ninetales|Moonblast|p1a: Ninetales
|-damage|p1a: Ninetales|30/100
|
|-weather|Snowscape|[upkeep]
|upkeep
|turn|31
|
|t:|1757943424
|move|p1a: Ninetales|Moonblast|p2a: Ninetales
|-damage|p2a: Ninetales|7/100
|move|p2a: Ninetales|Moonblast|p1a: Ninetales
|-damage|p1a: Ninetales|20/100
|
|-weather|none
|-sideend|p1: Txumelhas|move: Aurora Veil
|upkeep
|turn|32
|
|t:|1757943433
|move|p1a: Ninetales|Moonblast|p2a: Ninetales
|-damage|p2a: Ninetales|0 fnt
|faint|p2a: Ninetales
|
|win|Txumelhas
|raw|Txumelhas's rating: 1114 &rarr; <strong>1135</strong><br />(+21 for winning)
|raw|juanjitovk's rating: 1062 &rarr; <strong>1046</strong><br />(-16 for losing)
|l|☆juanjitovk
|player|p2|
|l|☆Txumelhas
|player|p1|
