|j|☆idonteatpets
|j|☆captaintomfoolery
|t:|1757847806
|gametype|singles
|player|p1|idonteatpets|102|1274
|player|p2|captaintomfoolery|elesa|1302
|gen|9
|tier|[Gen 9] OU
|rated|
|rule|HP Percentage Mod: HP is shown in percentages
|rule|Endless Battle Clause: Forcing endless battles is banned
|rule|Species Clause: Limit one of each Pokémon
|rule|OHKO Clause: OHKO moves are banned
|rule|Evasion Items Clause: Evasion items are banned
|rule|Evasion Moves Clause: Evasion moves are banned
|rule|Evasion Abilities Clause: Evasion abilities are banned
|rule|Sleep Moves Clause: Sleep-inducing moves are banned
|clearpoke
|poke|p1|Skarmory, M|
|poke|p1|Landorus-Therian, M|
|poke|p1|Serperior, M|
|poke|p1|Latios, M|
|poke|p1|Regice|
|poke|p1|Dragapult, F|
|poke|p2|Iron Treads|
|poke|p2|Ogerpon, F|
|poke|p2|Landorus-Therian, M|
|poke|p2|Raging Bolt|
|poke|p2|Kingambit, F|
|poke|p2|Dragapult, M|
|teampreview
|
|t:|1757847819
|teamsize|p1|6
|teamsize|p2|6
|start
|switch|p1a: Latios|Latios, M|100/100
|switch|p2a: Ogerpon|Ogerpon, F|100/100
|turn|1
|
|t:|1757847827
|-terastallize|p2a: Ogerpon|Grass
|detailschange|p2a: Ogerpon|Ogerpon-Teal-Tera, F, tera:Grass
|-ability|p2a: Ogerpon|Embody Aspect (Teal)|boost
|-boost|p2a: Ogerpon|spe|1
|move|p2a: Ogerpon|U-turn|p1a: Latios
|-supereffective|p1a: Latios
|-damage|p1a: Latios|5/100
|
|t:|1757847835
|switch|p2a: Kingambit|Kingambit, F|100/100|[from] U-turn
|move|p1a: Latios|Ice Beam|p2a: Kingambit
|-resisted|p2a: Kingambit
|-damage|p2a: Kingambit|81/100
|
|upkeep
|turn|2
|
|t:|1757847842
|switch|p1a: Skarmory|Skarmory, M|100/100
|move|p2a: Kingambit|Kowtow Cleave|p1a: Skarmory
|-damage|p1a: Skarmory|63/100
|-damage|p2a: Kingambit|65/100|[from] item: Rocky Helmet|[of] p1a: Skarmory
|
|upkeep
|turn|3
|l|☆idonteatpets
|player|p1|
|inactive|Battle timer is ON: inactive players will automatically lose when time's up. (requested by captaintomfoolery)
|j|☆idonteatpets
|inactive|idonteatpets reconnected and has 150 seconds left.
|player|p1|idonteatpets|102|
|
|t:|1757847933
|-end|p2a: Kingambit|fallenundefined|[silent]
|switch|p2a: Raging Bolt|Raging Bolt|100/100
|-enditem|p2a: Raging Bolt|Booster Energy
|-activate|p2a: Raging Bolt|ability: Protosynthesis|[fromitem]
|-start|p2a: Raging Bolt|protosynthesisspa
|move|p1a: Skarmory|Stealth Rock|p2a: Raging Bolt
|-sidestart|p2: captaintomfoolery|move: Stealth Rock
|
|upkeep
|turn|4
|
|t:|1757847956
|switch|p1a: Regice|Regice|100/100
|move|p2a: Raging Bolt|Dragon Pulse|p1a: Regice
|-damage|p1a: Regice|80/100
|
|upkeep
|turn|5
|
|t:|1757847968
|-end|p2a: Raging Bolt|Protosynthesis|[silent]
|switch|p2a: Iron Treads|Iron Treads|100/100
|-damage|p2a: Iron Treads|97/100|[from] Stealth Rock
|-enditem|p2a: Iron Treads|Booster Energy
|-activate|p2a: Iron Treads|ability: Quark Drive|[fromitem]
|-start|p2a: Iron Treads|quarkdrivespe
|move|p1a: Regice|Ice Beam|p2a: Iron Treads
|-damage|p2a: Iron Treads|43/100
|
|upkeep
|turn|6
|
|t:|1757847985
|move|p2a: Iron Treads|Rapid Spin|p1a: Regice
|-damage|p1a: Regice|65/100
|-boost|p2a: Iron Treads|spe|1
|-sideend|p2: captaintomfoolery|Stealth Rock|[from] move: Rapid Spin|[of] p2a: Iron Treads
|move|p1a: Regice|Ice Beam|p2a: Iron Treads
|-damage|p2a: Iron Treads|0 fnt
|faint|p2a: Iron Treads
|-end|p2a: Iron Treads|Quark Drive|[silent]
|
|upkeep
|
|t:|1757847991
|switch|p2a: Ogerpon|Ogerpon-Teal-Tera, F, tera:Grass|100/100
|-ability|p2a: Ogerpon|Embody Aspect (Teal)|boost
|-boost|p2a: Ogerpon|spe|1
|turn|7
|
|t:|1757848000
|switch|p1a: Skarmory|Skarmory, M|63/100
|move|p2a: Ogerpon|Superpower|p1a: Skarmory
|-damage|p1a: Skarmory|27/100
|-unboost|p2a: Ogerpon|atk|1
|-unboost|p2a: Ogerpon|def|1
|-damage|p2a: Ogerpon|84/100|[from] item: Rocky Helmet|[of] p1a: Skarmory
|
|upkeep
|turn|8
|
|t:|1757848013
|switch|p1a: Dragapult|Dragapult, F|100/100
|move|p2a: Ogerpon|Superpower|p1a: Dragapult
|-immune|p1a: Dragapult
|
|upkeep
|turn|9
|
|t:|1757848028
|switch|p2a: Kingambit|Kingambit, F|65/100
|-activate|p2a: Kingambit|ability: Supreme Overlord
|-start|p2a: Kingambit|fallen1|[silent]
|move|p1a: Dragapult|Dragon Darts|p2a: Kingambit
|-resisted|p2a: Kingambit
|-damage|p2a: Kingambit|54/100
|-anim|p1a: Dragapult|Dragon Darts|p2a: Kingambit
|-resisted|p2a: Kingambit
|-damage|p2a: Kingambit|43/100
|
|upkeep
|turn|10
|
|t:|1757848047
|switch|p1a: Skarmory|Skarmory, M|27/100
|move|p2a: Kingambit|Swords Dance|p2a: Kingambit
|-boost|p2a: Kingambit|atk|2
|
|upkeep
|turn|11
|
|t:|1757848054
|move|p2a: Kingambit|Kowtow Cleave|p1a: Skarmory
|-damage|p1a: Skarmory|0 fnt
|-damage|p2a: Kingambit|27/100|[from] item: Rocky Helmet|[of] p1a: Skarmory
|faint|p1a: Skarmory
|
|upkeep
|
|t:|1757848066
|switch|p1a: Dragapult|Dragapult, F|100/100
|turn|12
|
|t:|1757848071
|-terastallize|p1a: Dragapult|Poison
|move|p2a: Kingambit|Sucker Punch|p1a: Dragapult
|-damage|p1a: Dragapult|0 fnt
|faint|p1a: Dragapult
|
|upkeep
|
|t:|1757848077
|switch|p1a: Landorus|Landorus-Therian, M|100/100
|-ability|p1a: Landorus|Intimidate|boost
|-unboost|p2a: Kingambit|atk|1
|turn|13
|
|t:|1757848082
|move|p2a: Kingambit|Sucker Punch|p1a: Landorus
|-damage|p1a: Landorus|10/100
|move|p1a: Landorus|Earthquake|p2a: Kingambit
|-supereffective|p2a: Kingambit
|-damage|p2a: Kingambit|0 fnt
|faint|p2a: Kingambit
|-end|p2a: Kingambit|fallen1|[silent]
|
|upkeep
|
|t:|1757848088
|switch|p2a: Ogerpon|Ogerpon-Teal-Tera, F, tera:Grass|84/100
|-ability|p2a: Ogerpon|Embody Aspect (Teal)|boost
|-boost|p2a: Ogerpon|spe|1
|turn|14
|
|t:|1757848098
|switch|p1a: Latios|Latios, M|5/100
|move|p2a: Ogerpon|U-turn|p1a: Latios
|-supereffective|p1a: Latios
|-damage|p1a: Latios|0 fnt
|faint|p1a: Latios
|
|t:|1757848119
|switch|p2a: Landorus|Landorus-Therian, M|100/100|[from] U-turn
|
|upkeep
|
|t:|1757848149
|switch|p1a: Landorus|Landorus-Therian, M|10/100
|-ability|p1a: Landorus|Intimidate|boost
|-unboost|p2a: Landorus|atk|1
|turn|15
|
|t:|1757848156
|move|p1a: Landorus|Giga Impact|p2a: Landorus
|-damage|p2a: Landorus|33/100
|-mustrecharge|p1a: Landorus
|-damage|p1a: Landorus|0 fnt|[from] item: Rocky Helmet|[of] p2a: Landorus
|faint|p1a: Landorus
|move|p2a: Landorus|Stone Edge|p1: Landorus|[notarget]
|-fail|p2a: Landorus
|
|upkeep
|
|t:|1757848165
|switch|p1a: Serperior|Serperior, M|100/100
|turn|16
|
|t:|1757848171
|move|p1a: Serperior|Substitute|p1a: Serperior
|-start|p1a: Serperior|Substitute
|-damage|p1a: Serperior|76/100
|move|p2a: Landorus|Earthquake|p1a: Serperior
|-resisted|p1a: Serperior
|-activate|p1a: Serperior|move: Substitute|[damage]
|
|-heal|p1a: Serperior|82/100|[from] item: Leftovers
|upkeep
|turn|17
|
|t:|1757848178
|move|p1a: Serperior|Leaf Storm|p2a: Landorus
|-damage|p2a: Landorus|0 fnt
|-boost|p1a: Serperior|spa|2
|faint|p2a: Landorus
|
|-heal|p1a: Serperior|88/100|[from] item: Leftovers
|upkeep
|
|t:|1757848184
|switch|p2a: Raging Bolt|Raging Bolt|100/100
|turn|18
|inactive|idonteatpets has 120 seconds left.
|
|t:|1757848214
|move|p1a: Serperior|Leech Seed|p2a: Raging Bolt
|-start|p2a: Raging Bolt|move: Leech Seed
|move|p2a: Raging Bolt|Dragon Pulse|p1a: Serperior
|-end|p1a: Serperior|Substitute
|
|-heal|p1a: Serperior|94/100|[from] item: Leftovers
|-damage|p2a: Raging Bolt|88/100|[from] Leech Seed|[of] p1a: Serperior
|-heal|p1a: Serperior|100/100|[silent]
|upkeep
|turn|19
|
|t:|1757848222
|move|p1a: Serperior|Substitute|p1a: Serperior
|-start|p1a: Serperior|Substitute
|-damage|p1a: Serperior|76/100
|move|p2a: Raging Bolt|Dragon Pulse|p1a: Serperior
|-end|p1a: Serperior|Substitute
|
|-heal|p1a: Serperior|82/100|[from] item: Leftovers
|-damage|p2a: Raging Bolt|76/100|[from] Leech Seed|[of] p1a: Serperior
|-heal|p1a: Serperior|97/100|[silent]
|upkeep
|turn|20
|
|t:|1757848229
|move|p1a: Serperior|Substitute|p1a: Serperior
|-start|p1a: Serperior|Substitute
|-damage|p1a: Serperior|72/100
|move|p2a: Raging Bolt|Dragon Pulse|p1a: Serperior
|-end|p1a: Serperior|Substitute
|
|-heal|p1a: Serperior|78/100|[from] item: Leftovers
|-damage|p2a: Raging Bolt|63/100|[from] Leech Seed|[of] p1a: Serperior
|-heal|p1a: Serperior|93/100|[silent]
|upkeep
|turn|21
|
|t:|1757848234
|move|p1a: Serperior|Substitute|p1a: Serperior
|-start|p1a: Serperior|Substitute
|-damage|p1a: Serperior|68/100
|move|p2a: Raging Bolt|Calm Mind|p2a: Raging Bolt
|-boost|p2a: Raging Bolt|spa|1
|-boost|p2a: Raging Bolt|spd|1
|
|-heal|p1a: Serperior|74/100|[from] item: Leftovers
|-damage|p2a: Raging Bolt|51/100|[from] Leech Seed|[of] p1a: Serperior
|-heal|p1a: Serperior|89/100|[silent]
|upkeep
|turn|22
|
|t:|1757848244
|-end|p2a: Raging Bolt|Protosynthesis|[silent]
|switch|p2a: Dragapult|Dragapult, M|100/100
|move|p1a: Serperior|Leaf Storm|p2a: Dragapult
|-resisted|p2a: Dragapult
|-damage|p2a: Dragapult|44/100
|-boost|p1a: Serperior|spa|2
|
|-heal|p1a: Serperior|95/100|[from] item: Leftovers
|upkeep
|turn|23
|
|t:|1757848254
|move|p2a: Dragapult|Dragon Darts|p1a: Serperior
|-damage|p1a: Serperior|74/100
|-anim|p2a: Dragapult|Dragon Darts|p1a: Serperior
|-damage|p1a: Serperior|52/100
|move|p1a: Serperior|Leaf Storm|p2a: Dragapult
|-resisted|p2a: Dragapult
|-damage|p2a: Dragapult|0 fnt
|-boost|p1a: Serperior|spa|2
|faint|p2a: Dragapult
|
|-heal|p1a: Serperior|58/100|[from] item: Leftovers
|upkeep
|
|t:|1757848262
|switch|p2a: Ogerpon|Ogerpon-Teal-Tera, F, tera:Grass|84/100
|-ability|p2a: Ogerpon|Embody Aspect (Teal)|boost
|-boost|p2a: Ogerpon|spe|1
|turn|24
|
|t:|1757848268
|move|p1a: Serperior|Protect|p1a: Serperior
|-singleturn|p1a: Serperior|Protect
|move|p2a: Ogerpon|U-turn|p1a: Serperior
|-activate|p1a: Serperior|move: Protect
|
|-heal|p1a: Serperior|65/100|[from] item: Leftovers
|upkeep
|turn|25
|
|t:|1757848282
|move|p2a: Ogerpon|U-turn|p1a: Serperior
|-supereffective|p1a: Serperior
|-end|p1a: Serperior|Substitute
|inactive|captaintomfoolery has 120 seconds left.
|inactive|captaintomfoolery has 90 seconds left.
|c|☆idonteatpets|hi
|inactive|captaintomfoolery has 60 seconds left.
|inactive|captaintomfoolery has 30 seconds left.
|inactive|captaintomfoolery has 20 seconds left.
|inactive|captaintomfoolery has 15 seconds left.
|inactive|captaintomfoolery has 10 seconds left.
|inactive|captaintomfoolery has 5 seconds left.
|-message|captaintomfoolery lost due to inactivity.
|
|win|idonteatpets
|raw|idonteatpets's rating: 1274 &rarr; <strong>1301</strong><br />(+27 for winning)
|raw|captaintomfoolery's rating: 1302 &rarr; <strong>1280</strong><br />(-22 for losing)
|l|☆idonteatpets
|player|p1|
|l|☆captaintomfoolery
|player|p2|
