|j|☆SpectralStorm
|j|☆Vy77
|t:|1757871209
|gametype|singles
|player|p1|SpectralStorm|265|1370
|player|p2|Vy77|ghetsis-gen5bw|1375
|gen|9
|tier|[Gen 9] OU
|rated|
|rule|HP Percentage Mod: HP is shown in percentages
|rule|Endless Battle Clause: Forcing endless battles is banned
|rule|Species Clause: Limit one of each Pokémon
|rule|OHKO Clause: OHKO moves are banned
|rule|Evasion Items Clause: Evasion items are banned
|rule|Evasion Moves Clause: Evasion moves are banned
|rule|Evasion Abilities Clause: Evasion abilities are banned
|rule|Sleep Moves Clause: Sleep-inducing moves are banned
|clearpoke
|poke|p1|Bellibolt, F|
|poke|p1|Basculegion, M|
|poke|p1|Dragonite, F|
|poke|p1|Iron Treads|
|poke|p1|Barraskewda, M|
|poke|p1|Pelipper, M|
|poke|p2|Feraligatr, M|
|poke|p2|Kingambit, M|
|poke|p2|Gholdengo|
|poke|p2|Ninetales-Alola, M|
|poke|p2|Corviknight, M|
|poke|p2|Garganacl, M|
|teampreview
|inactive|Battle timer is ON: inactive players will automatically lose when time's up. (requested by Vy77)
|
|t:|1757871245
|teamsize|p1|6
|teamsize|p2|6
|start
|switch|p1a: Pelipper|Pelipper, M|100/100
|switch|p2a: Gholdengo|Gholdengo|100/100
|-weather|RainDance|[from] ability: Drizzle|[of] p1a: Pelipper
|turn|1
|
|t:|1757871252
|switch|p1a: Iron Treads|Iron Treads|100/100
|move|p2a: Gholdengo|Trick|p1a: Iron Treads
|-activate|p2a: Gholdengo|move: Trick|[of] p1a: Iron Treads
|-item|p1a: Iron Treads|Choice Scarf|[from] move: Trick
|-item|p2a: Gholdengo|Eject Button|[from] move: Trick
|
|-weather|RainDance|[upkeep]
|upkeep
|turn|2
|
|t:|1757871261
|move|p1a: Iron Treads|Earth Power|p2a: Gholdengo
|-supereffective|p2a: Gholdengo
|-damage|p2a: Gholdengo|41/100
|-enditem|p2a: Gholdengo|Eject Button
|
|t:|1757871268
|switch|p2a: Feraligatr|Feraligatr, M|100/100
|
|-weather|RainDance|[upkeep]
|upkeep
|turn|3
|
|t:|1757871278
|-end|p1a: Iron Treads|Quark Drive|[silent]
|switch|p1a: Dragonite|Dragonite, F|100/100
|move|p2a: Feraligatr|Dragon Dance|p2a: Feraligatr
|-boost|p2a: Feraligatr|atk|1
|-boost|p2a: Feraligatr|spe|1
|
|-weather|RainDance|[upkeep]
|upkeep
|turn|4
|
|t:|1757871286
|move|p2a: Feraligatr|Crunch|p1a: Dragonite
|-damage|p1a: Dragonite|67/100
|move|p1a: Dragonite|Draco Meteor|p2a: Feraligatr
|-damage|p2a: Feraligatr|26/100
|-unboost|p1a: Dragonite|spa|2
|-enditem|p1a: Dragonite|Eject Pack
|
|t:|1757871291
|switch|p1a: Barraskewda|Barraskewda, M|100/100
|
|-weather|RainDance|[upkeep]
|upkeep
|turn|5
|
|t:|1757871298
|switch|p2a: Corviknight|Corviknight, M|100/100
|-ability|p2a: Corviknight|Pressure
|move|p1a: Barraskewda|Flip Turn|p2a: Corviknight
|-damage|p2a: Corviknight|53/100
|-damage|p1a: Barraskewda|84/100|[from] item: Rocky Helmet|[of] p2a: Corviknight
|
|t:|1757871301
|switch|p1a: Basculegion|Basculegion, M|100/100|[from] Flip Turn
|
|-weather|RainDance|[upkeep]
|upkeep
|turn|6
|
|t:|1757871310
|move|p1a: Basculegion|Wave Crash|p2a: Corviknight
|-damage|p2a: Corviknight|0 fnt
|-damage|p1a: Basculegion|84/100|[from] item: Rocky Helmet|[of] p2a: Corviknight
|faint|p2a: Corviknight
|-damage|p1a: Basculegion|66/100|[from] Recoil
|
|-weather|RainDance|[upkeep]
|upkeep
|
|t:|1757871322
|switch|p2a: Garganacl|Garganacl, M|100/100
|turn|7
|
|t:|1757871334
|switch|p2a: Gholdengo|Gholdengo|41/100
|move|p1a: Basculegion|Wave Crash|p2a: Gholdengo
|-damage|p2a: Gholdengo|0 fnt
|faint|p2a: Gholdengo
|-damage|p1a: Basculegion|55/100|[from] Recoil
|
|-weather|RainDance|[upkeep]
|upkeep
|
|t:|1757871343
|switch|p2a: Ninetales|Ninetales-Alola, M|100/100
|-weather|Snowscape|[from] ability: Snow Warning|[of] p2a: Ninetales
|turn|8
|
|t:|1757871350
|switch|p2a: Garganacl|Garganacl, M|100/100
|switch|p1a: Iron Treads|Iron Treads|100/100
|
|-weather|Snowscape|[upkeep]
|upkeep
|turn|9
|
|t:|1757871359
|move|p1a: Iron Treads|Volt Switch|p2a: Garganacl
|-damage|p2a: Garganacl|91/100
|
|t:|1757871360
|-end|p1a: Iron Treads|Quark Drive|[silent]
|switch|p1a: Pelipper|Pelipper, M|100/100|[from] Volt Switch
|-weather|RainDance|[from] ability: Drizzle|[of] p1a: Pelipper
|move|p2a: Garganacl|Iron Defense|p2a: Garganacl
|-boost|p2a: Garganacl|def|2
|
|-weather|RainDance|[upkeep]
|-heal|p2a: Garganacl|97/100|[from] item: Leftovers
|upkeep
|turn|10
|
|t:|1757871371
|-terastallize|p2a: Garganacl|Ghost
|move|p1a: Pelipper|U-turn|p2a: Garganacl
|-resisted|p2a: Garganacl
|-damage|p2a: Garganacl|96/100
|
|t:|1757871375
|switch|p1a: Basculegion|Basculegion, M|55/100|[from] U-turn
|move|p2a: Garganacl|Iron Defense|p2a: Garganacl
|-boost|p2a: Garganacl|def|2
|
|-weather|RainDance|[upkeep]
|-heal|p2a: Garganacl|100/100|[from] item: Leftovers
|upkeep
|turn|11
|
|t:|1757871384
|move|p1a: Basculegion|Wave Crash|p2a: Garganacl
|-damage|p2a: Garganacl|58/100
|-damage|p1a: Basculegion|40/100|[from] Recoil
|move|p2a: Garganacl|Iron Defense|p2a: Garganacl
|-boost|p2a: Garganacl|def|2
|
|-weather|RainDance|[upkeep]
|-heal|p2a: Garganacl|64/100|[from] item: Leftovers
|upkeep
|turn|12
|
|t:|1757871393
|move|p1a: Basculegion|Wave Crash|p2a: Garganacl
|-damage|p2a: Garganacl|32/100
|-damage|p1a: Basculegion|29/100|[from] Recoil
|move|p2a: Garganacl|Recover|p2a: Garganacl
|-heal|p2a: Garganacl|82/100
|
|-weather|RainDance|[upkeep]
|-heal|p2a: Garganacl|88/100|[from] item: Leftovers
|upkeep
|turn|13
|
|t:|1757871403
|switch|p1a: Bellibolt|Bellibolt, F|100/100
|move|p2a: Garganacl|Salt Cure|p1a: Bellibolt
|-damage|p1a: Bellibolt|89/100
|-start|p1a: Bellibolt|Salt Cure
|-start|p1a: Bellibolt|Charge|Salt Cure|[from] ability: Electromorphosis
|
|-weather|RainDance|[upkeep]
|-heal|p2a: Garganacl|94/100|[from] item: Leftovers
|-damage|p1a: Bellibolt|77/100|[from] Salt Cure
|upkeep
|turn|14
|
|t:|1757871414
|-terastallize|p1a: Bellibolt|Fairy
|move|p1a: Bellibolt|Thunder|p2a: Garganacl
|-damage|p2a: Garganacl|26/100
|-end|p1a: Bellibolt|Charge|[silent]
|move|p2a: Garganacl|Body Press|p1a: Bellibolt
|-resisted|p1a: Bellibolt
|-damage|p1a: Bellibolt|38/100
|-start|p1a: Bellibolt|Charge|Body Press|[from] ability: Electromorphosis
|
|-weather|RainDance|[upkeep]
|-heal|p2a: Garganacl|32/100|[from] item: Leftovers
|-damage|p1a: Bellibolt|26/100|[from] Salt Cure
|upkeep
|turn|15
|
|t:|1757871431
|move|p1a: Bellibolt|Thunder|p2a: Garganacl
|-damage|p2a: Garganacl|0 fnt
|faint|p2a: Garganacl
|-end|p1a: Bellibolt|Charge|[silent]
|
|-weather|RainDance|[upkeep]
|-damage|p1a: Bellibolt|13/100|[from] Salt Cure
|upkeep
|
|t:|1757871439
|switch|p2a: Ninetales|Ninetales-Alola, M|100/100
|-weather|Snowscape|[from] ability: Snow Warning|[of] p2a: Ninetales
|turn|16
|
|t:|1757871451
|switch|p1a: Pelipper|Pelipper, M|100/100
|-weather|RainDance|[from] ability: Drizzle|[of] p1a: Pelipper
|move|p2a: Ninetales|Freeze-Dry|p1a: Pelipper
|-supereffective|p1a: Pelipper
|-damage|p1a: Pelipper|0 fnt
|faint|p1a: Pelipper
|
|-weather|RainDance|[upkeep]
|upkeep
|
|t:|1757871455
|switch|p1a: Barraskewda|Barraskewda, M|84/100
|turn|17
|
|t:|1757871463
|switch|p2a: Feraligatr|Feraligatr, M|26/100
|move|p1a: Barraskewda|Liquidation|p2a: Feraligatr
|-resisted|p2a: Feraligatr
|-damage|p2a: Feraligatr|0 fnt
|faint|p2a: Feraligatr
|
|-weather|RainDance|[upkeep]
|upkeep
|
|t:|1757871472
|switch|p2a: Ninetales|Ninetales-Alola, M|100/100
|-weather|Snowscape|[from] ability: Snow Warning|[of] p2a: Ninetales
|turn|18
|
|t:|1757871476
|move|p1a: Barraskewda|Liquidation|p2a: Ninetales
|-damage|p2a: Ninetales|43/100
|move|p2a: Ninetales|Aurora Veil|p2a: Ninetales
|-sidestart|p2: Vy77|move: Aurora Veil
|
|-weather|Snowscape|[upkeep]
|upkeep
|turn|19
|
|t:|1757871487
|switch|p1a: Bellibolt|Bellibolt, F, tera:Fairy|13/100
|move|p2a: Ninetales|Freeze-Dry|p1a: Bellibolt
|-damage|p1a: Bellibolt|0 fnt
|faint|p1a: Bellibolt
|
|-weather|Snowscape|[upkeep]
|upkeep
|
|t:|1757871495
|switch|p1a: Barraskewda|Barraskewda, M|84/100
|turn|20
|
|t:|1757871498
|move|p1a: Barraskewda|Flip Turn|p2a: Ninetales
|-damage|p2a: Ninetales|22/100
|
|t:|1757871502
|switch|p1a: Basculegion|Basculegion, M|29/100|[from] Flip Turn
|move|p2a: Ninetales|Freeze-Dry|p1a: Basculegion
|-supereffective|p1a: Basculegion
|-damage|p1a: Basculegion|0 fnt
|faint|p1a: Basculegion
|
|-weather|Snowscape|[upkeep]
|upkeep
|
|t:|1757871512
|switch|p1a: Barraskewda|Barraskewda, M|84/100
|turn|21
|
|t:|1757871515
|move|p1a: Barraskewda|Flip Turn|p2a: Ninetales
|-damage|p2a: Ninetales|0 fnt
|faint|p2a: Ninetales
|
|t:|1757871519
|switch|p1a: Dragonite|Dragonite, F|67/100|[from] Flip Turn
|
|-weather|Snowscape|[upkeep]
|upkeep
|
|t:|1757871525
|switch|p2a: Kingambit|Kingambit, M|100/100
|-activate|p2a: Kingambit|ability: Supreme Overlord
|-start|p2a: Kingambit|fallen5|[silent]
|turn|22
|
|t:|1757871529
|move|p1a: Dragonite|Low Kick|p2a: Kingambit
|-supereffective|p2a: Kingambit
|-damage|p2a: Kingambit|55/100
|move|p2a: Kingambit|Swords Dance|p2a: Kingambit
|-boost|p2a: Kingambit|atk|2
|
|-weather|none
|-heal|p2a: Kingambit|62/100|[from] item: Leftovers
|upkeep
|turn|23
|
|t:|1757871538
|move|p2a: Kingambit|Sucker Punch||[still]
|-fail|p2a: Kingambit
|move|p1a: Dragonite|Roost|p1a: Dragonite
|-heal|p1a: Dragonite|100/100
|-singleturn|p1a: Dragonite|move: Roost
|
|-heal|p2a: Kingambit|68/100|[from] item: Leftovers
|upkeep
|turn|24
|
|t:|1757871546
|move|p2a: Kingambit|Sucker Punch|p1a: Dragonite
|-damage|p1a: Dragonite|36/100
|move|p1a: Dragonite|Low Kick|p2a: Kingambit
|-supereffective|p2a: Kingambit
|-damage|p2a: Kingambit|24/100
|
|-heal|p2a: Kingambit|30/100|[from] item: Leftovers
|upkeep
|turn|25
|
|t:|1757871555
|move|p1a: Dragonite|Low Kick|p2a: Kingambit
|-supereffective|p2a: Kingambit
|-damage|p2a: Kingambit|0 fnt
|faint|p2a: Kingambit
|-end|p2a: Kingambit|fallen5|[silent]
|
|win|SpectralStorm
|raw|SpectralStorm's rating: 1370 &rarr; <strong>1390</strong><br />(+20 for winning)
|raw|Vy77's rating: 1375 &rarr; <strong>1355</strong><br />(-20 for losing)
|l|☆Vy77
|player|p2|
|l|☆SpectralStorm
|player|p1|
