|j|☆Aaabbcccdd
|j|☆bigfreakerjr
|t:|1757954597
|gametype|singles
|player|p1|Aaabbcccdd|169|1059
|player|p2|bigfreakerjr|101|1099
|gen|9
|tier|[Gen 9] OU
|rated|
|rule|HP Percentage Mod: HP is shown in percentages
|rule|Endless Battle Clause: Forcing endless battles is banned
|rule|Species Clause: Limit one of each Pokémon
|rule|OHKO Clause: OHKO moves are banned
|rule|Evasion Items Clause: Evasion items are banned
|rule|Evasion Moves Clause: Evasion moves are banned
|rule|Evasion Abilities Clause: Evasion abilities are banned
|rule|Sleep Moves Clause: Sleep-inducing moves are banned
|clearpoke
|poke|p1|Garganacl, M|
|poke|p1|Samurott-Hisui, M|
|poke|p1|Landorus-Therian, M|
|poke|p1|Rillaboom, M|
|poke|p1|Ceruledge, M|
|poke|p1|Ting-Lu|
|poke|p2|Iron Hands|
|poke|p2|Skeledirge, F|
|poke|p2|Barraskewda, F|
|poke|p2|Kleavor, M|
|poke|p2|Empoleon, F|
|poke|p2|Rhyperior, M|
|teampreview
|
|t:|1757954613
|teamsize|p1|6
|teamsize|p2|6
|start
|switch|p1a: 鹿一发|Ting-Lu|100/100
|switch|p2a: Thorkell|Kleavor, M|100/100
|-ability|p1a: 鹿一发|Vessel of Ruin
|turn|1
|
|t:|1757954633
|move|p2a: Thorkell|X-Scissor|p1a: 鹿一发
|-supereffective|p1a: 鹿一发
|-damage|p1a: 鹿一发|44/100
|move|p1a: 鹿一发|Spikes|p2a: Thorkell
|-sidestart|p2: bigfreakerjr|Spikes
|
|upkeep
|turn|2
|
|t:|1757954661
|switch|p2a: Flightless|Empoleon, F|100/100
|-damage|p2a: Flightless|88/100|[from] Spikes
|-terastallize|p1a: 鹿一发|Ghost
|move|p1a: 鹿一发|Spikes|p2a: Flightless
|-sidestart|p2: bigfreakerjr|Spikes
|
|-heal|p2a: Flightless|94/100|[from] item: Leftovers
|upkeep
|turn|3
|
|t:|1757954683
|move|p2a: Flightless|Stealth Rock|p1a: 鹿一发
|-sidestart|p1: Aaabbcccdd|move: Stealth Rock
|move|p1a: 鹿一发|Whirlwind|p2a: Flightless
|drag|p2a: Crocodile|Skeledirge, F|100/100
|-damage|p2a: Crocodile|84/100|[from] Spikes
|
|upkeep
|turn|4
|
|t:|1757954699
|move|p2a: Crocodile|Shadow Ball|p1a: 鹿一发
|-supereffective|p1a: 鹿一发
|-damage|p1a: 鹿一发|9/100
|move|p1a: 鹿一发|Earthquake|p2a: Crocodile
|-supereffective|p2a: Crocodile
|-damage|p2a: Crocodile|33/100
|
|upkeep
|turn|5
|
|t:|1757954720
|move|p2a: Crocodile|Slack Off|p2a: Crocodile
|-heal|p2a: Crocodile|83/100
|move|p1a: 鹿一发|Spikes|p2a: Crocodile
|-sidestart|p2: bigfreakerjr|Spikes
|
|upkeep
|turn|6
|
|t:|1757954737
|move|p2a: Crocodile|Torch Song|p1a: 鹿一发
|-damage|p1a: 鹿一发|0 fnt
|-boost|p2a: Crocodile|spa|1
|faint|p1a: 鹿一发
|-enditem|p2a: Crocodile|Throat Spray
|-boost|p2a: Crocodile|spa|1|[from] item: Throat Spray
|
|upkeep
|
|t:|1757954757
|switch|p1a: 哈基云|Landorus-Therian, M|100/100
|-damage|p1a: 哈基云|88/100|[from] Stealth Rock
|-ability|p1a: 哈基云|Intimidate|boost
|-unboost|p2a: Crocodile|atk|1
|turn|7
|
|t:|1757954770
|-terastallize|p2a: Crocodile|Fairy
|move|p1a: 哈基云|Sandsear Storm|p2a: Crocodile
|-damage|p2a: Crocodile|28/100
|-damage|p1a: 哈基云|79/100|[from] item: Life Orb
|move|p2a: Crocodile|Alluring Voice|p1a: 哈基云
|-damage|p1a: 哈基云|8/100
|
|upkeep
|turn|8
|
|t:|1757954792
|move|p1a: 哈基云|Sandsear Storm|p2a: Crocodile
|-damage|p2a: Crocodile|0 fnt
|faint|p2a: Crocodile
|-damage|p1a: 哈基云|0 fnt|[from] item: Life Orb
|faint|p1a: 哈基云
|
|upkeep
|
|t:|1757954815
|switch|p1a: 手工耿|Rillaboom, M|100/100
|switch|p2a: Broom|Rhyperior, M|100/100
|-damage|p1a: 手工耿|88/100|[from] Stealth Rock
|-fieldstart|move: Grassy Terrain|[from] ability: Grassy Surge|[of] p1a: 手工耿
|-damage|p2a: Broom|76/100|[from] Spikes
|turn|9
|
|t:|1757954837
|move|p1a: 手工耿|Grassy Glide|p2a: Broom
|-supereffective|p2a: Broom
|-damage|p2a: Broom|0 fnt
|faint|p2a: Broom
|
|-heal|p1a: 手工耿|94/100|[from] Grassy Terrain
|upkeep
|
|t:|1757954844
|switch|p2a: Thorkell|Kleavor, M|100/100
|-damage|p2a: Thorkell|76/100|[from] Spikes
|turn|10
|
|t:|1757954869
|switch|p1a: 盐王椰|Garganacl, M|100/100
|-damage|p1a: 盐王椰|88/100|[from] Stealth Rock
|move|p2a: Thorkell|X-Scissor|p1a: 盐王椰
|-damage|p1a: 盐王椰|57/100
|
|-heal|p2a: Thorkell|82/100|[from] Grassy Terrain
|-heal|p1a: 盐王椰|63/100|[from] Grassy Terrain
|-heal|p1a: 盐王椰|69/100|[from] item: Leftovers
|upkeep
|turn|11
|
|t:|1757954894
|switch|p2a: Flightless|Empoleon, F|94/100
|-damage|p2a: Flightless|69/100|[from] Spikes
|move|p1a: 盐王椰|Salt Cure|p2a: Flightless
|-resisted|p2a: Flightless
|-damage|p2a: Flightless|63/100
|-start|p2a: Flightless|Salt Cure
|
|-heal|p2a: Flightless|69/100|[from] Grassy Terrain
|-heal|p2a: Flightless|75/100|[from] item: Leftovers
|-heal|p1a: 盐王椰|75/100|[from] Grassy Terrain
|-heal|p1a: 盐王椰|82/100|[from] item: Leftovers
|-damage|p2a: Flightless|50/100|[from] Salt Cure
|upkeep
|turn|12
|
|t:|1757954927
|switch|p1a: 手工耿|Rillaboom, M|94/100
|-damage|p1a: 手工耿|82/100|[from] Stealth Rock
|move|p2a: Flightless|Roar|p1a: 手工耿
|drag|p1a: 铠甲勇士|Ceruledge, M|100/100
|-damage|p1a: 铠甲勇士|75/100|[from] Stealth Rock
|
|-heal|p1a: 铠甲勇士|82/100|[from] Grassy Terrain
|-heal|p2a: Flightless|56/100|[from] Grassy Terrain
|-heal|p2a: Flightless|63/100|[from] item: Leftovers
|-damage|p2a: Flightless|38/100|[from] Salt Cure
|upkeep
|turn|13
|
|t:|1757954968
|move|p1a: 铠甲勇士|Close Combat|p2a: Flightless
|-supereffective|p2a: Flightless
|-damage|p2a: Flightless|0 fnt
|-unboost|p1a: 铠甲勇士|def|1
|-unboost|p1a: 铠甲勇士|spd|1
|faint|p2a: Flightless
|
|-heal|p1a: 铠甲勇士|88/100|[from] Grassy Terrain
|-fieldend|move: Grassy Terrain
|upkeep
|
|t:|1757954978
|switch|p2a: HypeTrain|Barraskewda, F|100/100
|-damage|p2a: HypeTrain|76/100|[from] Spikes
|turn|14
|
|t:|1757954999
|switch|p1a: 剑鬼|Samurott-Hisui, M, shiny|100/100
|-damage|p1a: 剑鬼|88/100|[from] Stealth Rock
|move|p2a: HypeTrain|Flip Turn|p1a: 剑鬼
|-resisted|p1a: 剑鬼
|-damage|p1a: 剑鬼|65/100
|-damage|p2a: HypeTrain|66/100|[from] item: Life Orb
|
|t:|1757955011
|switch|p2a: Thorkell|Kleavor, M|82/100|[from] Flip Turn
|-damage|p2a: Thorkell|57/100|[from] Spikes
|
|upkeep
|turn|15
|
|t:|1757955029
|move|p2a: Thorkell|X-Scissor|p1a: 剑鬼
|-supereffective|p1a: 剑鬼
|-damage|p1a: 剑鬼|0 fnt
|faint|p1a: 剑鬼
|
|upkeep
|
|t:|1757955046
|switch|p1a: 手工耿|Rillaboom, M|82/100
|-damage|p1a: 手工耿|70/100|[from] Stealth Rock
|-fieldstart|move: Grassy Terrain|[from] ability: Grassy Surge|[of] p1a: 手工耿
|turn|16
|
|t:|1757955061
|move|p1a: 手工耿|Grassy Glide|p2a: Thorkell
|-damage|p2a: Thorkell|0 fnt
|faint|p2a: Thorkell
|
|-heal|p1a: 手工耿|76/100|[from] Grassy Terrain
|upkeep
|
|t:|1757955067
|switch|p2a: Hands On|Iron Hands|100/100
|-damage|p2a: Hands On|75/100|[from] Spikes
|turn|17
|
|t:|1757955094
|switch|p1a: 盐王椰|Garganacl, M|82/100
|-damage|p1a: 盐王椰|69/100|[from] Stealth Rock
|move|p2a: Hands On|Substitute|p2a: Hands On
|-start|p2a: Hands On|Substitute
|-damage|p2a: Hands On|50/100
|
|-heal|p2a: Hands On|57/100|[from] Grassy Terrain
|-heal|p1a: 盐王椰|75/100|[from] Grassy Terrain
|-heal|p1a: 盐王椰|82/100|[from] item: Leftovers
|upkeep
|turn|18
|
|t:|1757955120
|move|p2a: Hands On|Drain Punch|p1a: 盐王椰
|-supereffective|p1a: 盐王椰
|-damage|p1a: 盐王椰|33/100
|-heal|p2a: Hands On|76/100|[from] drain|[of] p1a: 盐王椰
|move|p1a: 盐王椰|Salt Cure|p2a: Hands On
|-resisted|p2a: Hands On
|-activate|p2a: Hands On|move: Substitute|[damage]
|
|-heal|p2a: Hands On|82/100|[from] Grassy Terrain
|-heal|p1a: 盐王椰|39/100|[from] Grassy Terrain
|-heal|p1a: 盐王椰|45/100|[from] item: Leftovers
|upkeep
|turn|19
|
|t:|1757955151
|move|p2a: Hands On|Drain Punch|p1a: 盐王椰
|-supereffective|p1a: 盐王椰
|-damage|p1a: 盐王椰|0 fnt
|-heal|p2a: Hands On|99/100|[from] drain|[of] p1a: 盐王椰
|faint|p1a: 盐王椰
|
|-heal|p2a: Hands On|100/100|[from] Grassy Terrain
|upkeep
|
|t:|1757955176
|switch|p1a: 铠甲勇士|Ceruledge, M|88/100
|-damage|p1a: 铠甲勇士|63/100|[from] Stealth Rock
|turn|20
|
|t:|1757955196
|move|p1a: 铠甲勇士|Bitter Blade|p2a: Hands On
|-end|p2a: Hands On|Substitute
|-heal|p1a: 铠甲勇士|81/100|[from] drain|[of] p2a: Hands On
|move|p2a: Hands On|Thunder Punch|p1a: 铠甲勇士
|-damage|p1a: 铠甲勇士|6/100
|-ability|p1a: 铠甲勇士|Weak Armor|boost
|-unboost|p1a: 铠甲勇士|def|1
|-boost|p1a: 铠甲勇士|spe|2
|
|-heal|p1a: 铠甲勇士|12/100|[from] Grassy Terrain
|-fieldend|move: Grassy Terrain
|upkeep
|turn|21
|
|t:|1757955248
|move|p1a: 铠甲勇士|Bitter Blade|p2a: Hands On
|-damage|p2a: Hands On|73/100
|-heal|p1a: 铠甲勇士|36/100|[from] drain|[of] p2a: Hands On
|move|p2a: Hands On|Thunder Punch|p1a: 铠甲勇士
|-damage|p1a: 铠甲勇士|0 fnt
|faint|p1a: 铠甲勇士
|
|upkeep
|
|t:|1757955270
|switch|p1a: 手工耿|Rillaboom, M|76/100
|-damage|p1a: 手工耿|63/100|[from] Stealth Rock
|-fieldstart|move: Grassy Terrain|[from] ability: Grassy Surge|[of] p1a: 手工耿
|turn|22
|
|t:|1757955284
|move|p1a: 手工耿|Wood Hammer|p2a: Hands On
|-damage|p2a: Hands On|0 fnt
|faint|p2a: Hands On
|-end|p2a: Hands On|Quark Drive|[silent]
|-damage|p1a: 手工耿|30/100|[from] Recoil
|
|-heal|p1a: 手工耿|36/100|[from] Grassy Terrain
|upkeep
|c|☆bigfreakerjr|ggs!
|
|t:|1757955292
|switch|p2a: HypeTrain|Barraskewda, F|66/100
|-damage|p2a: HypeTrain|41/100|[from] Spikes
|turn|23
|
|t:|1757955313
|move|p2a: HypeTrain|Psychic Fangs|p1a: 手工耿
|-damage|p1a: 手工耿|0 fnt
|faint|p1a: 手工耿
|-damage|p2a: HypeTrain|31/100|[from] item: Life Orb
|
|win|bigfreakerjr
|raw|Aaabbcccdd's rating: 1059 &rarr; <strong>1042</strong><br />(-17 for losing)
|raw|bigfreakerjr's rating: 1099 &rarr; <strong>1121</strong><br />(+22 for winning)
|c|☆bigfreakerjr|!!
|c|☆bigfreakerjr|choiced?
|l|☆Aaabbcccdd
|player|p1|
