|j|☆Timi-alex
|j|☆HANDYARROW22
|t:|1757914986
|gametype|singles
|player|p1|Timi-alex|1|1146
|player|p2|HANDYARROW22|drayden|1194
|gen|9
|tier|[Gen 9] OU
|rated|
|rule|HP Percentage Mod: HP is shown in percentages
|rule|Endless Battle Clause: Forcing endless battles is banned
|rule|Species Clause: Limit one of each Pokémon
|rule|OHKO Clause: OHKO moves are banned
|rule|Evasion Items Clause: Evasion items are banned
|rule|Evasion Moves Clause: Evasion moves are banned
|rule|Evasion Abilities Clause: Evasion abilities are banned
|rule|Sleep Moves Clause: Sleep-inducing moves are banned
|clearpoke
|poke|p1|Tinkaton, F|
|poke|p1|Jolteon, F|
|poke|p1|Lokix, F|
|poke|p1|Alomomola, M|
|poke|p1|Dragalge, F|
|poke|p1|Hawlucha, M|
|poke|p2|Arcanine-Hisui, F|
|poke|p2|Scizor, M|
|poke|p2|Maushold-Four|
|poke|p2|Dragapult, M|
|poke|p2|Greninja-*, M|
|poke|p2|Iron Valiant|
|teampreview
|inactive|Battle timer is ON: inactive players will automatically lose when time's up. (requested by HANDYARROW22)
|
|t:|1757915003
|teamsize|p1|6
|teamsize|p2|6
|start
|switch|p1a: Jolteon|Jolteon, F|100/100
|switch|p2a: Maushold|Maushold-Four|100/100
|turn|1
|
|t:|1757915011
|move|p1a: Jolteon|Volt Switch|p2a: Maushold
|-damage|p2a: Maushold|15/100
|
|t:|1757915019
|switch|p1a: Lokix|Lokix, F|100/100|[from] Volt Switch
|move|p2a: Maushold|Tidy Up|p2a: Maushold
|-boost|p2a: Maushold|atk|1
|-boost|p2a: Maushold|spe|1
|
|upkeep
|turn|2
|
|t:|1757915044
|switch|p2a: Arcanine|Arcanine-Hisui, F, shiny|100/100
|move|p1a: Lokix|First Impression|p2a: Arcanine
|-resisted|p2a: Arcanine
|-damage|p2a: Arcanine|29/100
|
|upkeep
|turn|3
|
|t:|1757915055
|switch|p1a: Alomomola|Alomomola, M|100/100
|move|p2a: Arcanine|Wild Charge|p1a: Alomomola
|-supereffective|p1a: Alomomola
|-damage|p1a: Alomomola|64/100
|
|upkeep
|turn|4
|
|t:|1757915062
|move|p2a: Arcanine|Wild Charge|p1a: Alomomola
|-supereffective|p1a: Alomomola
|-damage|p1a: Alomomola|29/100
|move|p1a: Alomomola|Flip Turn|p2a: Arcanine
|-supereffective|p2a: Arcanine
|-damage|p2a: Arcanine|0 fnt
|faint|p2a: Arcanine
|
|t:|1757915072
|switch|p1a: Jolteon|Jolteon, F|100/100|[from] Flip Turn
|
|upkeep
|
|t:|1757915078
|switch|p2a: Maushold|Maushold-Four|15/100
|turn|5
|
|t:|1757915082
|move|p1a: Jolteon|Volt Switch|p2a: Maushold
|-damage|p2a: Maushold|0 fnt
|faint|p2a: Maushold
|
|t:|1757915088
|switch|p1a: Alomomola|Alomomola, M|62/100|[from] Volt Switch
|
|upkeep
|
|t:|1757915098
|switch|p2a: Iron Valiant|Iron Valiant|100/100
|-enditem|p2a: Iron Valiant|Booster Energy
|-activate|p2a: Iron Valiant|ability: Quark Drive|[fromitem]
|-start|p2a: Iron Valiant|quarkdrivespe
|turn|6
|
|t:|1757915103
|switch|p1a: Dragalge|Dragalge, F|100/100
|move|p2a: Iron Valiant|Energy Ball|p1a: Dragalge
|-resisted|p1a: Dragalge
|-damage|p1a: Dragalge|98/100
|
|upkeep
|turn|7
|
|t:|1757915125
|-end|p2a: Iron Valiant|Quark Drive|[silent]
|switch|p2a: Scizor|Scizor, M, shiny|100/100
|move|p1a: Dragalge|Sludge Wave|p2a: Scizor
|-immune|p2a: Scizor
|
|upkeep
|turn|8
|
|t:|1757915133
|move|p2a: Scizor|Swords Dance|p2a: Scizor
|-boost|p2a: Scizor|atk|2
|move|p1a: Dragalge|Flip Turn|p2a: Scizor
|-damage|p2a: Scizor|91/100
|
|t:|1757915141
|switch|p1a: Hawlucha|Hawlucha, M|100/100|[from] Flip Turn
|-ability|p1a: Hawlucha|Mold Breaker
|
|upkeep
|turn|9
|
|t:|1757915152
|move|p1a: Hawlucha|Encore|p2a: Scizor
|-start|p2a: Scizor|Encore
|move|p2a: Scizor|Swords Dance|p2a: Scizor
|-boost|p2a: Scizor|atk|2
|
|upkeep
|turn|10
|
|t:|1757915161
|move|p1a: Hawlucha|Swords Dance|p1a: Hawlucha
|-boost|p1a: Hawlucha|atk|2
|move|p2a: Scizor|Swords Dance|p2a: Scizor
|-boost|p2a: Scizor|atk|2
|
|upkeep
|turn|11
|
|t:|1757915169
|move|p1a: Hawlucha|Close Combat|p2a: Scizor
|-damage|p2a: Scizor|0 fnt
|-unboost|p1a: Hawlucha|def|1
|-unboost|p1a: Hawlucha|spd|1
|faint|p2a: Scizor
|
|upkeep
|
|t:|1757915181
|switch|p2a: Iron Valiant|Iron Valiant|100/100
|turn|12
|
|t:|1757915193
|move|p1a: Hawlucha|Brave Bird|p2a: Iron Valiant
|-supereffective|p2a: Iron Valiant
|-damage|p2a: Iron Valiant|0 fnt
|faint|p2a: Iron Valiant
|-end|p2a: Iron Valiant|Quark Drive|[silent]
|-damage|p1a: Hawlucha|61/100|[from] Recoil
|
|upkeep
|
|t:|1757915202
|switch|p2a: Dragapult|Dragapult, M, shiny|100/100
|turn|13
|
|t:|1757915213
|switch|p1a: Tinkaton|Tinkaton, F|100/100
|-item|p1a: Tinkaton|Air Balloon
|-terastallize|p2a: Dragapult|Dark
|move|p2a: Dragapult|Sucker Punch||[still]
|-fail|p2a: Dragapult
|
|upkeep
|turn|14
|
|t:|1757915234
|move|p2a: Dragapult|Sucker Punch|p1a: Tinkaton
|-resisted|p1a: Tinkaton
|-damage|p1a: Tinkaton|72/100
|-enditem|p1a: Tinkaton|Air Balloon
|-enditem|p2a: Dragapult|Choice Band|[silent]|[from] ability: Pickpocket|[of] p2a: Dragapult
|-item|p1a: Tinkaton|Choice Band|[from] ability: Pickpocket|[of] p2a: Dragapult
|move|p1a: Tinkaton|Knock Off|p2a: Dragapult
|-resisted|p2a: Dragapult
|-damage|p2a: Dragapult|89/100
|
|upkeep
|turn|15
|
|t:|1757915248
|switch|p1a: Alomomola|Alomomola, M|95/100
|move|p2a: Dragapult|Phantom Force||[still]
|-prepare|p2a: Dragapult|Phantom Force
|
|upkeep
|turn|16
|
|t:|1757915254
|move|p2a: Dragapult|Phantom Force|p1a: Alomomola|[from] lockedmove
|-damage|p1a: Alomomola|63/100
|move|p1a: Alomomola|Flip Turn|p2a: Dragapult
|-damage|p2a: Dragapult|67/100
|
|t:|1757915263
|switch|p1a: Tinkaton|Tinkaton, F|72/100|[from] Flip Turn
|
|upkeep
|turn|17
|
|t:|1757915270
|move|p2a: Dragapult|Phantom Force||[still]
|-prepare|p2a: Dragapult|Phantom Force
|move|p1a: Tinkaton|Gigaton Hammer|p2a: Dragapult|[miss]
|-miss|p1a: Tinkaton|p2a: Dragapult
|
|upkeep
|turn|18
|
|t:|1757915279
|move|p2a: Dragapult|Phantom Force|p1a: Tinkaton|[from] lockedmove
|-damage|p1a: Tinkaton|30/100
|-activate|p1a: Tinkaton|move: Struggle
|move|p1a: Tinkaton|Struggle|p2a: Dragapult
|-damage|p2a: Dragapult|50/100
|-damage|p1a: Tinkaton|5/100|[from] recoil
|
|upkeep
|turn|19
|
|t:|1757915291
|switch|p1a: Alomomola|Alomomola, M|97/100
|move|p2a: Dragapult|Sucker Punch||[still]
|-fail|p2a: Dragapult
|
|upkeep
|turn|20
|
|t:|1757915299
|move|p2a: Dragapult|Phantom Force||[still]
|-prepare|p2a: Dragapult|Phantom Force
|move|p1a: Alomomola|Flip Turn|p2a: Dragapult|[miss]
|-miss|p1a: Alomomola|p2a: Dragapult
|
|upkeep
|turn|21
|
|t:|1757915305
|move|p2a: Dragapult|Phantom Force|p1a: Alomomola|[from] lockedmove
|-damage|p1a: Alomomola|66/100
|move|p1a: Alomomola|Flip Turn|p2a: Dragapult
|-damage|p2a: Dragapult|26/100
|
|t:|1757915312
|switch|p1a: Tinkaton|Tinkaton, F|5/100|[from] Flip Turn
|
|upkeep
|turn|22
|
|t:|1757915321
|switch|p1a: Alomomola|Alomomola, M|99/100
|move|p2a: Dragapult|Sucker Punch||[still]
|-fail|p2a: Dragapult
|
|upkeep
|turn|23
|
|t:|1757915332
|switch|p2a: Greninja|Greninja, M|100/100
|move|p1a: Alomomola|Flip Turn|p2a: Greninja
|-resisted|p2a: Greninja
|-damage|p2a: Greninja|87/100
|
|t:|1757915338
|switch|p1a: Lokix|Lokix, F|100/100|[from] Flip Turn
|
|upkeep
|turn|24
|
|t:|1757915347
|-terastallize|p1a: Lokix|Bug
|move|p1a: Lokix|First Impression|p2a: Greninja
|-supereffective|p2a: Greninja
|-damage|p2a: Greninja|0 fnt
|faint|p2a: Greninja
|
|upkeep
|
|t:|1757915354
|switch|p2a: Dragapult|Dragapult, M, shiny, tera:Dark|26/100
|turn|25
|
|t:|1757915363
|switch|p1a: Alomomola|Alomomola, M|100/100
|move|p2a: Dragapult|Sucker Punch||[still]
|-fail|p2a: Dragapult
|
|upkeep
|turn|26
|-message|HANDYARROW22 forfeited.
|
|win|Timi-alex
|raw|Timi-alex's rating: 1146 &rarr; <strong>1174</strong><br />(+28 for winning)
|raw|HANDYARROW22's rating: 1194 &rarr; <strong>1166</strong><br />(-28 for losing)
|l|☆HANDYARROW22
|player|p2|
|l|☆Timi-alex
|player|p1|
