|j|☆grm12k
|j|☆Plameeyt1
|t:|1757797648
|gametype|singles
|player|p1|grm12k|265|1081
|player|p2|Plameeyt1|2|1107
|gen|9
|tier|[Gen 9] OU
|rated|
|rule|HP Percentage Mod: HP is shown in percentages
|rule|Endless Battle Clause: Forcing endless battles is banned
|rule|Species Clause: Limit one of each Pokémon
|rule|OHKO Clause: OHKO moves are banned
|rule|Evasion Items Clause: Evasion items are banned
|rule|Evasion Moves Clause: Evasion moves are banned
|rule|Evasion Abilities Clause: Evasion abilities are banned
|rule|Sleep Moves Clause: Sleep-inducing moves are banned
|clearpoke
|poke|p1|Clefable, F|
|poke|p1|Dragonite, M|
|poke|p1|Blaziken, M|
|poke|p1|Haunter, F|
|poke|p1|Slowbro, F|
|poke|p1|Slowking-Galar, F|
|poke|p2|Mismagius, F|
|poke|p2|Cryogonal|
|poke|p2|Weezing-Galar, M|
|poke|p2|Vikavolt, M|
|poke|p2|Azelf|
|poke|p2|Hydreigon, F|
|teampreview
|inactive|Battle timer is ON: inactive players will automatically lose when time's up. (requested by Plameeyt1)
|
|t:|1757797662
|teamsize|p1|6
|teamsize|p2|6
|start
|switch|p1a: Slowbro|Slowbro, F|100/100
|switch|p2a: Weezing|Weezing-Galar, M|100/100
|turn|1
|
|t:|1757797675
|move|p2a: Weezing|Toxic|p1a: Slowbro
|-status|p1a: Slowbro|tox
|move|p1a: Slowbro|Future Sight|p2a: Weezing
|-start|p1a: Slowbro|move: Future Sight
|
|-damage|p1a: Slowbro|94/100 tox|[from] psn
|upkeep
|turn|2
|
|t:|1757797683
|move|p2a: Weezing|Strange Steam|p1a: Slowbro
|-damage|p1a: Slowbro|66/100 tox
|move|p1a: Slowbro|Light Screen|p1a: Slowbro
|-sidestart|p1: grm12k|move: Light Screen
|
|-damage|p1a: Slowbro|54/100 tox|[from] psn
|upkeep
|turn|3
|
|t:|1757797698
|switch|p2a: Hydreigon|Hydreigon, F|100/100
|switch|p1a: Slowking|Slowking-Galar, F|100/100
|
|-end|p2a: Hydreigon|move: Future Sight
|-immune|p2a: Hydreigon
|upkeep
|turn|4
|
|t:|1757797710
|move|p2a: Hydreigon|Dark Pulse|p1a: Slowking
|-supereffective|p1a: Slowking
|-damage|p1a: Slowking|68/100
|move|p1a: Slowking|Toxic|p2a: Hydreigon
|-status|p2a: Hydreigon|tox
|
|-heal|p1a: Slowking|75/100|[from] item: Leftovers
|-damage|p2a: Hydreigon|94/100 tox|[from] psn
|upkeep
|turn|5
|
|t:|1757797723
|switch|p2a: Weezing|Weezing-Galar, M|100/100
|switch|p1a: Slowbro|Slowbro, F|87/100 tox
|
|-damage|p1a: Slowbro|81/100 tox|[from] psn
|upkeep
|turn|6
|
|t:|1757797732
|switch|p1a: Clefable|Clefable, F|100/100
|move|p2a: Weezing|Defog|p1a: Clefable
|-unboost|p1a: Clefable|evasion|1
|-sideend|p1: grm12k|move: Light Screen
|
|upkeep
|turn|7
|
|t:|1757797752
|switch|p1a: Slowking|Slowking-Galar, F|100/100
|switch|p2a: Mismagius|Mismagius, F|100/100
|
|upkeep
|turn|8
|
|t:|1757797759
|move|p2a: Mismagius|Taunt|p1a: Slowking
|-start|p1a: Slowking|move: Taunt
|cant|p1a: Slowking|move: Taunt|Trick Room
|
|upkeep
|turn|9
|
|t:|1757797780
|switch|p1a: Dragonite|Dragonite, M|100/100
|move|p2a: Mismagius|Substitute|p2a: Mismagius
|-start|p2a: Mismagius|Substitute
|-damage|p2a: Mismagius|76/100
|
|upkeep
|turn|10
|
|t:|1757797787
|move|p2a: Mismagius|Taunt|p1a: Dragonite
|-start|p1a: Dragonite|move: Taunt
|cant|p1a: Dragonite|move: Taunt|Dragon Dance
|
|upkeep
|turn|11
|inactive|grm12k has 120 seconds left.
|
|t:|1757797814
|move|p2a: Mismagius|Night Shade|p1a: Dragonite
|-damage|p1a: Dragonite|70/100
|move|p1a: Dragonite|Dragon Claw|p2a: Mismagius
|-end|p2a: Mismagius|Substitute
|
|upkeep
|turn|12
|
|t:|1757797825
|switch|p2a: Weezing|Weezing-Galar, M|100/100
|move|p1a: Dragonite|Dragon Claw|p2a: Weezing
|-immune|p2a: Weezing
|
|-end|p1a: Dragonite|move: Taunt
|upkeep
|turn|13
|
|t:|1757797833
|move|p1a: Dragonite|Iron Head|p2a: Weezing
|-supereffective|p2a: Weezing
|-damage|p2a: Weezing|56/100
|move|p2a: Weezing|Toxic|p1a: Dragonite
|-status|p1a: Dragonite|tox
|
|-damage|p1a: Dragonite|63/100 tox|[from] psn
|upkeep
|turn|14
|
|t:|1757797853
|switch|p2a: Vikavolt|Vikavolt, M|100/100
|move|p1a: Dragonite|Dragon Dance|p1a: Dragonite
|-boost|p1a: Dragonite|atk|1
|-boost|p1a: Dragonite|spe|1
|
|-damage|p1a: Dragonite|51/100 tox|[from] psn
|upkeep
|turn|15
|
|t:|1757797864
|switch|p2a: Weezing|Weezing-Galar, M|56/100
|move|p1a: Dragonite|Iron Head|p2a: Weezing
|-supereffective|p2a: Weezing
|-crit|p2a: Weezing
|-damage|p2a: Weezing|0 fnt
|faint|p2a: Weezing
|
|-damage|p1a: Dragonite|32/100 tox|[from] psn
|upkeep
|
|t:|1757797875
|switch|p2a: Hydreigon|Hydreigon, F|94/100 tox
|turn|16
|
|t:|1757797886
|move|p2a: Hydreigon|Dark Pulse|p1a: Dragonite
|-damage|p1a: Dragonite|0 fnt
|faint|p1a: Dragonite
|
|-damage|p2a: Hydreigon|88/100 tox|[from] psn
|upkeep
|
|t:|1757797903
|switch|p1a: Slowking|Slowking-Galar, F|100/100
|turn|17
|
|t:|1757797924
|move|p2a: Hydreigon|Dark Pulse|p1a: Slowking
|-supereffective|p1a: Slowking
|-damage|p1a: Slowking|30/100
|move|p1a: Slowking|Trick Room|p1a: Slowking
|-fieldstart|move: Trick Room|[of] p1a: Slowking
|
|-heal|p1a: Slowking|36/100|[from] item: Leftovers
|-damage|p2a: Hydreigon|76/100 tox|[from] psn
|upkeep
|turn|18
|
|t:|1757797937
|switch|p1a: Clefable|Clefable, F|100/100
|move|p2a: Hydreigon|Dark Pulse|p1a: Clefable
|-resisted|p1a: Clefable
|-damage|p1a: Clefable|81/100
|
|-damage|p2a: Hydreigon|57/100 tox|[from] psn
|upkeep
|turn|19
|
|t:|1757797949
|switch|p2a: Azelf|Azelf, shiny|100/100
|move|p1a: Clefable|Charge Beam|p2a: Azelf
|-damage|p2a: Azelf|85/100
|-boost|p1a: Clefable|spa|1
|
|upkeep
|turn|20
|
|t:|1757797958
|move|p1a: Clefable|Meteor Beam||[still]
|-prepare|p1a: Clefable|Meteor Beam
|-boost|p1a: Clefable|spa|1
|-enditem|p1a: Clefable|Power Herb
|-anim|p1a: Clefable|Meteor Beam|p2a: Azelf
|-damage|p2a: Azelf|11/100
|move|p2a: Azelf|Mystical Power|p1a: Clefable
|-damage|p1a: Clefable|47/100
|-boost|p2a: Azelf|spa|1
|
|upkeep
|turn|21
|
|t:|1757797970
|move|p1a: Clefable|Charge Beam|p2a: Azelf
|-damage|p2a: Azelf|0 fnt
|faint|p2a: Azelf
|
|-fieldend|move: Trick Room
|upkeep
|
|t:|1757797979
|switch|p2a: Mismagius|Mismagius, F|76/100
|turn|22
|
|t:|1757797991
|move|p2a: Mismagius|Substitute|p2a: Mismagius
|-start|p2a: Mismagius|Substitute
|-damage|p2a: Mismagius|51/100
|move|p1a: Clefable|Draining Kiss|p2a: Mismagius
|-end|p2a: Mismagius|Substitute
|-heal|p1a: Clefable|58/100|[from] drain|[of] p2a: Mismagius
|
|upkeep
|turn|23
|
|t:|1757797999
|move|p2a: Mismagius|Substitute|p2a: Mismagius
|-start|p2a: Mismagius|Substitute
|-damage|p2a: Mismagius|26/100
|move|p1a: Clefable|Stealth Rock|p2a: Mismagius
|-sidestart|p2: Plameeyt1|move: Stealth Rock
|
|upkeep
|turn|24
|
|t:|1757798005
|move|p2a: Mismagius|Night Shade|p1a: Clefable
|-damage|p1a: Clefable|33/100
|move|p1a: Clefable|Draining Kiss|p2a: Mismagius
|-end|p2a: Mismagius|Substitute
|-heal|p1a: Clefable|44/100|[from] drain|[of] p2a: Mismagius
|
|upkeep
|turn|25
|
|t:|1757798015
|move|p2a: Mismagius|Substitute|p2a: Mismagius
|-start|p2a: Mismagius|Substitute
|-damage|p2a: Mismagius|1/100
|move|p1a: Clefable|Draining Kiss|p2a: Mismagius
|-end|p2a: Mismagius|Substitute
|-heal|p1a: Clefable|55/100|[from] drain|[of] p2a: Mismagius
|
|upkeep
|turn|26
|
|t:|1757798026
|move|p2a: Mismagius|Pain Split|p1a: Clefable
|-sethp|p1a: Clefable|28/100|[from] move: Pain Split|[silent]
|-sethp|p2a: Mismagius|47/100|[from] move: Pain Split
|move|p1a: Clefable|Charge Beam|p2a: Mismagius
|-damage|p2a: Mismagius|2/100
|-boost|p1a: Clefable|spa|1
|
|upkeep
|turn|27
|
|t:|1757798034
|move|p2a: Mismagius|Night Shade|p1a: Clefable
|-damage|p1a: Clefable|3/100
|move|p1a: Clefable|Charge Beam|p2a: Mismagius
|-damage|p2a: Mismagius|0 fnt
|-boost|p1a: Clefable|spa|1
|faint|p2a: Mismagius
|
|upkeep
|
|t:|1757798041
|switch|p2a: Hydreigon|Hydreigon, F|57/100 tox
|-damage|p2a: Hydreigon|45/100 tox|[from] Stealth Rock
|turn|28
|
|t:|1757798047
|move|p2a: Hydreigon|Dark Pulse|p1a: Clefable
|-resisted|p1a: Clefable
|-damage|p1a: Clefable|0 fnt
|faint|p1a: Clefable
|
|-damage|p2a: Hydreigon|39/100 tox|[from] psn
|upkeep
|
|t:|1757798055
|switch|p1a: Slowking|Slowking-Galar, F|70/100
|turn|29
|
|t:|1757798067
|switch|p1a: Blaziken|Blaziken, M|100/100
|move|p2a: Hydreigon|Dark Pulse|p1a: Blaziken
|-resisted|p1a: Blaziken
|-damage|p1a: Blaziken|74/100
|
|-damage|p2a: Hydreigon|27/100 tox|[from] psn
|upkeep
|turn|30
|
|t:|1757798084
|switch|p2a: Cryogonal|Cryogonal, shiny|100/100
|move|p1a: Blaziken|Swords Dance|p1a: Blaziken
|-boost|p1a: Blaziken|atk|2
|
|-ability|p1a: Blaziken|Speed Boost|boost
|-boost|p1a: Blaziken|spe|1
|upkeep
|turn|31
|
|t:|1757798110
|-terastallize|p2a: Cryogonal|Water
|move|p2a: Cryogonal|Chilling Water|p1a: Blaziken
|-supereffective|p1a: Blaziken
|-damage|p1a: Blaziken|24/100
|-unboost|p1a: Blaziken|atk|1
|move|p1a: Blaziken|Blaze Kick|p2a: Cryogonal
|-resisted|p2a: Cryogonal
|-damage|p2a: Cryogonal|45/100
|
|-ability|p1a: Blaziken|Speed Boost|boost
|-boost|p1a: Blaziken|spe|1
|upkeep
|turn|32
|inactive|grm12k has 120 seconds left.
|
|t:|1757798129
|move|p1a: Blaziken|Knock Off|p2a: Cryogonal
|-damage|p2a: Cryogonal|0 fnt
|-enditem|p2a: Cryogonal|Heavy-Duty Boots|[from] move: Knock Off|[of] p1a: Blaziken
|faint|p2a: Cryogonal
|
|-ability|p1a: Blaziken|Speed Boost|boost
|-boost|p1a: Blaziken|spe|1
|upkeep
|
|t:|1757798135
|switch|p2a: Hydreigon|Hydreigon, F|27/100 tox
|-damage|p2a: Hydreigon|14/100 tox|[from] Stealth Rock
|turn|33
|
|t:|1757798142
|move|p1a: Blaziken|Blaze Kick|p2a: Hydreigon
|-resisted|p2a: Hydreigon
|-crit|p2a: Hydreigon
|-damage|p2a: Hydreigon|0 fnt
|faint|p2a: Hydreigon
|
|-ability|p1a: Blaziken|Speed Boost|boost
|-boost|p1a: Blaziken|spe|1
|upkeep
|
|t:|1757798160
|switch|p2a: Vikavolt|Vikavolt, M|100/100
|-damage|p2a: Vikavolt|76/100|[from] Stealth Rock
|turn|34
|
|t:|1757798170
|move|p1a: Blaziken|Blaze Kick|p2a: Vikavolt|[miss]
|-miss|p1a: Blaziken|p2a: Vikavolt
|move|p2a: Vikavolt|Volt Switch|p1a: Blaziken
|-damage|p1a: Blaziken|0 fnt
|faint|p1a: Blaziken
|
|-heal|p2a: Vikavolt|82/100|[from] item: Leftovers
|upkeep
|
|t:|1757798179
|switch|p1a: Haunter|Haunter, F, shiny|100/100
|turn|35
|
|t:|1757798185
|move|p1a: Haunter|Curse|p2a: Vikavolt
|-start|p2a: Vikavolt|Curse|[of] p1a: Haunter
|-damage|p1a: Haunter|51/100
|move|p2a: Vikavolt|Volt Switch|p1a: Haunter
|-damage|p1a: Haunter|0 fnt
|faint|p1a: Haunter
|
|-heal|p2a: Vikavolt|88/100|[from] item: Leftovers
|-damage|p2a: Vikavolt|63/100|[from] Curse
|upkeep
|
|t:|1757798199
|switch|p1a: Slowbro|Slowbro, F|100/100 tox
|turn|36
|
|t:|1757798203
|switch|p1a: Slowking|Slowking-Galar, F|100/100
|move|p2a: Vikavolt|Bug Buzz|p1a: Slowking
|-damage|p1a: Slowking|60/100
|
|-heal|p2a: Vikavolt|69/100|[from] item: Leftovers
|-heal|p1a: Slowking|66/100|[from] item: Leftovers
|-damage|p2a: Vikavolt|44/100|[from] Curse
|upkeep
|turn|37
|
|t:|1757798214
|switch|p1a: Slowbro|Slowbro, F|100/100 tox
|move|p2a: Vikavolt|Bug Buzz|p1a: Slowbro
|-supereffective|p1a: Slowbro
|-damage|p1a: Slowbro|0 fnt
|faint|p1a: Slowbro
|
|-heal|p2a: Vikavolt|51/100|[from] item: Leftovers
|-damage|p2a: Vikavolt|26/100|[from] Curse
|upkeep
|
|t:|1757798225
|switch|p1a: Slowking|Slowking-Galar, F|99/100
|turn|38
|
|t:|1757798232
|move|p2a: Vikavolt|Bug Buzz|p1a: Slowking
|-damage|p1a: Slowking|53/100
|-unboost|p1a: Slowking|spd|1
|move|p1a: Slowking|Venoshock|p2a: Vikavolt
|-damage|p2a: Vikavolt|0 fnt
|faint|p2a: Vikavolt
|
|win|grm12k
|raw|grm12k's rating: 1081 &rarr; <strong>1111</strong><br />(+30 for winning)
|raw|Plameeyt1's rating: 1107 &rarr; <strong>1080</strong><br />(-27 for losing)
|l|☆Plameeyt1
|player|p2|
