|j|☆darkprobz
|j|☆gibelobe
|inactive|Battle timer is ON: inactive players will automatically lose when time's up.
|t:|1757819168
|gametype|singles
|player|p1|darkprobz|lass-gen4dp|
|player|p2|gibelobe|265|
|gen|9
|tier|[Gen 9] OU
|rated|Tournament battle
|rule|HP Percentage Mod: HP is shown in percentages
|rule|Endless Battle Clause: Forcing endless battles is banned
|rule|Species Clause: Limit one of each Pokémon
|rule|OHKO Clause: OHKO moves are banned
|rule|Evasion Items Clause: Evasion items are banned
|rule|Evasion Moves Clause: Evasion moves are banned
|rule|Evasion Abilities Clause: Evasion abilities are banned
|rule|Sleep Moves Clause: Sleep-inducing moves are banned
|clearpoke
|poke|p1|Landorus-Therian, M|
|poke|p1|Zamazenta-*|
|poke|p1|Hatterene, F|
|poke|p1|Kyurem|
|poke|p1|Samurott-Hisui, M|
|poke|p1|Gholdengo|
|poke|p2|Kingambit, F|
|poke|p2|Zamazenta-*|
|poke|p2|Dragapult, F|
|poke|p2|Landorus-Therian, M|
|poke|p2|Dragonite, F|
|poke|p2|Gholdengo|
|teampreview
|j|*Lady Monita ☀
|j| BB-8-NU
|c|☆darkprobz|hf
|
|t:|1757819189
|teamsize|p1|6
|teamsize|p2|6
|start
|switch|p1a: Kyurem|Kyurem|100/100
|switch|p2a: Zamazenta|Zamazenta|100/100
|-ability|p2a: Zamazenta|Dauntless Shield|boost
|-boost|p2a: Zamazenta|def|1
|-ability|p1a: Kyurem|Pressure
|turn|1
|
|t:|1757819201
|switch|p1a: Hatterene|Hatterene, F|100/100
|move|p2a: Zamazenta|Stone Edge|p1a: Hatterene
|-damage|p1a: Hatterene|60/100
|
|upkeep
|turn|2
|
|t:|1757819213
|move|p2a: Zamazenta|Heavy Slam|p1a: Hatterene
|-supereffective|p1a: Hatterene
|-damage|p1a: Hatterene|0 fnt
|faint|p1a: Hatterene
|
|upkeep
|
|t:|1757819218
|switch|p1a: Landorus|Landorus-Therian, M|100/100
|-ability|p1a: Landorus|Intimidate|boost
|-unboost|p2a: Zamazenta|atk|1
|turn|3
|
|t:|1757819244
|switch|p2a: Landorus|Landorus-Therian, M|100/100
|-ability|p2a: Landorus|Intimidate|boost
|-unboost|p1a: Landorus|atk|1
|move|p1a: Landorus|Stealth Rock|p2a: Landorus
|-sidestart|p2: gibelobe|move: Stealth Rock
|
|upkeep
|turn|4
|
|t:|1757819272
|move|p1a: Landorus|U-turn|p2a: Landorus
|-resisted|p2a: Landorus
|-damage|p2a: Landorus|95/100
|-damage|p1a: Landorus|84/100|[from] item: Rocky Helmet|[of] p2a: Landorus
|j| blabala
|j| Spiceman404
|
|t:|1757819281
|switch|p1a: Kyurem|Kyurem|100/100|[from] U-turn
|-ability|p1a: Kyurem|Pressure
|move|p2a: Landorus|Stealth Rock|p1a: Kyurem
|-sidestart|p1: darkprobz|move: Stealth Rock
|
|upkeep
|turn|5
|l| blabala
|
|t:|1757819300
|move|p1a: Kyurem|Dragon Dance|p1a: Kyurem
|-boost|p1a: Kyurem|atk|1
|-boost|p1a: Kyurem|spe|1
|move|p2a: Landorus|U-turn|p1a: Kyurem
|-damage|p1a: Kyurem|81/100
|
|t:|1757819307
|switch|p2a: Zamazenta|Zamazenta|100/100|[from] U-turn
|
|upkeep
|turn|6
|j| L Lawliet aahoha
|
|t:|1757819320
|-terastallize|p1a: Kyurem|Fire
|move|p1a: Kyurem|Icicle Spear|p2a: Zamazenta
|-damage|p2a: Zamazenta|84/100
|-damage|p2a: Zamazenta|67/100
|-damage|p2a: Zamazenta|51/100
|-damage|p2a: Zamazenta|35/100
|-damage|p2a: Zamazenta|18/100
|-hitcount|p2a: Zamazenta|5
|move|p2a: Zamazenta|Close Combat|p1a: Kyurem
|-crit|p1a: Kyurem
|-damage|p1a: Kyurem|0 fnt
|-unboost|p2a: Zamazenta|def|1
|-unboost|p2a: Zamazenta|spd|1
|faint|p1a: Kyurem
|
|upkeep
|c|☆darkprobz|bruh
|
|t:|1757819332
|switch|p1a: Zamazenta|Zamazenta|100/100
|-damage|p1a: Zamazenta|94/100|[from] Stealth Rock
|-ability|p1a: Zamazenta|Dauntless Shield|boost
|-boost|p1a: Zamazenta|def|1
|turn|7
|l| L Lawliet aahoha
|
|t:|1757819357
|switch|p2a: Landorus|Landorus-Therian, M|95/100
|-damage|p2a: Landorus|82/100|[from] Stealth Rock
|-ability|p2a: Landorus|Intimidate|boost
|-unboost|p1a: Zamazenta|atk|1
|move|p1a: Zamazenta|Crunch|p2a: Landorus
|-damage|p2a: Landorus|69/100
|-damage|p1a: Zamazenta|78/100|[from] item: Rocky Helmet|[of] p2a: Landorus
|
|upkeep
|turn|8
|
|t:|1757819366
|move|p1a: Zamazenta|Iron Defense|p1a: Zamazenta
|-boost|p1a: Zamazenta|def|2
|move|p2a: Landorus|U-turn|p1a: Zamazenta
|-resisted|p1a: Zamazenta
|-damage|p1a: Zamazenta|74/100
|inactive|gibelobe has 120 seconds left.
|
|t:|1757819387
|switch|p2a: Dragapult|Dragapult, F|100/100|[from] U-turn
|
|upkeep
|turn|9
|
|t:|1757819396
|move|p2a: Dragapult|Will-O-Wisp|p1a: Zamazenta
|-status|p1a: Zamazenta|brn
|move|p1a: Zamazenta|Crunch|p2a: Dragapult
|-supereffective|p2a: Dragapult
|-damage|p2a: Dragapult|77/100
|
|-damage|p1a: Zamazenta|68/100 brn|[from] brn
|upkeep
|turn|10
|inactive|gibelobe has 120 seconds left.
|l| Spiceman404
|
|t:|1757819427
|switch|p1a: Samurott|Samurott-Hisui, M|100/100
|-damage|p1a: Samurott|88/100|[from] Stealth Rock
|move|p2a: Dragapult|Hex|p1a: Samurott
|-resisted|p1a: Samurott
|-damage|p1a: Samurott|67/100
|
|upkeep
|turn|11
|j| P0k516
|
|t:|1757819449
|move|p2a: Dragapult|Dragon Darts|p1a: Samurott
|-damage|p1a: Samurott|40/100
|-anim|p2a: Dragapult|Dragon Darts|p1a: Samurott
|-damage|p1a: Samurott|14/100
|move|p1a: Samurott|Ceaseless Edge|p2a: Dragapult|[miss]
|-miss|p1a: Samurott|p2a: Dragapult
|
|upkeep
|turn|12
|c|☆darkprobz|mann
|c|☆darkprobz|lucking the shit out of me
|
|t:|1757819479
|move|p1a: Samurott|Sucker Punch|p2a: Dragapult
|-supereffective|p2a: Dragapult
|-damage|p2a: Dragapult|0 fnt
|faint|p2a: Dragapult
|-damage|p1a: Samurott|4/100|[from] item: Life Orb
|
|upkeep
|inactive|gibelobe has 90 seconds left.
|
|t:|1757819499
|switch|p2a: Landorus|Landorus-Therian, M|69/100
|-damage|p2a: Landorus|57/100|[from] Stealth Rock
|-ability|p2a: Landorus|Intimidate|boost
|-unboost|p1a: Samurott|atk|1
|turn|13
|
|t:|1757819507
|move|p1a: Samurott|Razor Shell|p2a: Landorus
|-supereffective|p2a: Landorus
|-damage|p2a: Landorus|0 fnt
|-damage|p1a: Samurott|0 fnt|[from] item: Rocky Helmet|[of] p2a: Landorus
|faint|p2a: Landorus
|faint|p1a: Samurott
|
|upkeep
|inactive|gibelobe has 90 seconds left.
|j| jouos
|
|t:|1757819537
|switch|p1a: Landorus|Landorus-Therian, M|84/100
|switch|p2a: Gholdengo|Gholdengo|100/100
|-damage|p2a: Gholdengo|94/100|[from] Stealth Rock
|-damage|p1a: Landorus|72/100|[from] Stealth Rock
|-ability|p1a: Landorus|Intimidate|boost
|-unboost|p2a: Gholdengo|atk|1
|turn|14
|l| jouos
|
|t:|1757819546
|switch|p2a: Dragonite|Dragonite, F|100/100
|move|p1a: Landorus|Earthquake|p2a: Dragonite
|-immune|p2a: Dragonite
|
|upkeep
|turn|15
|j| lime
|inactive|gibelobe has 60 seconds left.
|
|t:|1757819572
|move|p1a: Landorus|U-turn|p2a: Dragonite
|-resisted|p2a: Dragonite
|-damage|p2a: Dragonite|94/100
|
|t:|1757819575
|switch|p1a: Gholdengo|Gholdengo|100/100|[from] U-turn
|-damage|p1a: Gholdengo|94/100|[from] Stealth Rock
|move|p2a: Dragonite|Dragon Dance|p2a: Dragonite
|-boost|p2a: Dragonite|atk|1
|-boost|p2a: Dragonite|spe|1
|
|upkeep
|turn|16
|
|t:|1757819583
|switch|p1a: Landorus|Landorus-Therian, M|72/100
|-damage|p1a: Landorus|59/100|[from] Stealth Rock
|-ability|p1a: Landorus|Intimidate|boost
|-unboost|p2a: Dragonite|atk|1
|move|p2a: Dragonite|Earthquake|p1a: Landorus
|-immune|p1a: Landorus
|
|upkeep
|turn|17
|j| L Lawliet aahoha
|
|t:|1757819611
|move|p2a: Dragonite|Extreme Speed|p1a: Landorus
|-damage|p1a: Landorus|22/100
|move|p1a: Landorus|Stone Edge|p2a: Dragonite
|-supereffective|p2a: Dragonite
|-damage|p2a: Dragonite|14/100
|
|upkeep
|turn|18
|
|t:|1757819627
|move|p2a: Dragonite|Extreme Speed|p1a: Landorus
|-damage|p1a: Landorus|0 fnt
|faint|p1a: Landorus
|
|upkeep
|
|t:|1757819632
|switch|p1a: Gholdengo|Gholdengo|94/100
|-damage|p1a: Gholdengo|88/100|[from] Stealth Rock
|turn|19
|inactive|gibelobe has 60 seconds left.
|inactive|gibelobe has 30 seconds left.
|inactive|gibelobe has 20 seconds left.
|inactive|gibelobe has 15 seconds left.
|
|t:|1757819700
|move|p2a: Dragonite|Earthquake|p1a: Gholdengo
|-supereffective|p1a: Gholdengo
|-damage|p1a: Gholdengo|31/100
|move|p1a: Gholdengo|Dazzling Gleam|p2a: Dragonite
|-supereffective|p2a: Dragonite
|-damage|p2a: Dragonite|0 fnt
|faint|p2a: Dragonite
|
|upkeep
|inactive|gibelobe has 20 seconds left this turn.
|inactive|gibelobe has 15 seconds left.
|
|t:|1757819709
|switch|p2a: Gholdengo|Gholdengo|94/100
|-damage|p2a: Gholdengo|88/100|[from] Stealth Rock
|turn|20
|inactive|gibelobe has 25 seconds left this turn.
|j| teejowatt
|
|t:|1757819724
|move|p2a: Gholdengo|Shadow Ball|p1a: Gholdengo
|-supereffective|p1a: Gholdengo
|-damage|p1a: Gholdengo|0 fnt
|faint|p1a: Gholdengo
|
|upkeep
|
|t:|1757819725
|switch|p1a: Zamazenta|Zamazenta|68/100 brn
|-damage|p1a: Zamazenta|62/100 brn|[from] Stealth Rock
|turn|21
|inactive|gibelobe has 30 seconds left.
|inactive|gibelobe has 20 seconds left.
|inactive|gibelobe has 15 seconds left.
|
|t:|1757819752
|move|p2a: Gholdengo|Shadow Ball|p1a: Zamazenta
|-damage|p1a: Zamazenta|20/100 brn
|-unboost|p1a: Zamazenta|spd|1
|move|p1a: Zamazenta|Rest|p1a: Zamazenta
|-status|p1a: Zamazenta|slp|[from] move: Rest
|-heal|p1a: Zamazenta|100/100 slp|[silent]
|-enditem|p1a: Zamazenta|Chesto Berry|[eat]
|-curestatus|p1a: Zamazenta|slp|[msg]
|
|upkeep
|turn|22
|inactive|gibelobe has 25 seconds left this turn.
|inactive|gibelobe has 20 seconds left.
|l| L Lawliet aahoha
|
|t:|1757819778
|move|p2a: Gholdengo|Shadow Ball|p1a: Zamazenta
|-damage|p1a: Zamazenta|40/100
|move|p1a: Zamazenta|Crunch|p2a: Gholdengo
|-supereffective|p2a: Gholdengo
|-damage|p2a: Gholdengo|24/100
|
|upkeep
|turn|23
|inactive|gibelobe has 30 seconds left this turn.
|
|t:|1757819786
|move|p2a: Gholdengo|Shadow Ball|p1a: Zamazenta
|-damage|p1a: Zamazenta|0 fnt
|faint|p1a: Zamazenta
|
|win|gibelobe
|n|☆darkprobz|darkprobz
|n|☆gibelobe|gibelobe
|n|*Lady Monita ☀|ladymonita
|n| BB-8-NU|bb8nu
|n| P0k516|p0k516
|n| lime|lime
|n| teejowatt|teejowatt
|l|*Lady Monita ☀
