|j|☆harc
|j|☆Rin1604
|t:|1757808773
|gametype|singles
|player|p1|harc|lady|1363
|player|p2|Rin1604|miku-ghost|1410
|gen|9
|tier|[Gen 9] OU
|rated|
|rule|HP Percentage Mod: HP is shown in percentages
|rule|Endless Battle Clause: Forcing endless battles is banned
|rule|Species Clause: Limit one of each Pokémon
|rule|OHKO Clause: OHKO moves are banned
|rule|Evasion Items Clause: Evasion items are banned
|rule|Evasion Moves Clause: Evasion moves are banned
|rule|Evasion Abilities Clause: Evasion abilities are banned
|rule|Sleep Moves Clause: Sleep-inducing moves are banned
|clearpoke
|poke|p1|Corviknight, F|
|poke|p1|Clefable, F|
|poke|p1|Tyranitar, F|
|poke|p1|Dondozo, F|
|poke|p1|Forretress, F|
|poke|p1|Brambleghast, M|
|poke|p2|Indeedee, M|
|poke|p2|Hatterene, F|
|poke|p2|Ursaluna, F|
|poke|p2|Iron Hands|
|poke|p2|Hoopa-Unbound|
|poke|p2|Mimikyu, F|
|teampreview
|l|☆Rin1604
|player|p2|
|inactive|Battle timer is ON: inactive players will automatically lose when time's up. (requested by harc)
|j|☆Rin1604
|inactive|Rin1604 reconnected and has 145 seconds left.
|player|p2|Rin1604|miku-ghost|
|
|t:|1757808796
|teamsize|p1|6
|teamsize|p2|6
|start
|switch|p1a: Forretress|Forretress, F|100/100
|switch|p2a: LEBRON|Iron Hands, shiny|100/100
|-enditem|p2a: LEBRON|Booster Energy
|-activate|p2a: LEBRON|ability: Quark Drive|[fromitem]
|-start|p2a: LEBRON|quarkdriveatk
|turn|1
|
|t:|1757808805
|move|p2a: LEBRON|Close Combat|p1a: Forretress
|-damage|p1a: Forretress|28/100
|-unboost|p2a: LEBRON|def|1
|-unboost|p2a: LEBRON|spd|1
|move|p1a: Forretress|Reflect|p1a: Forretress
|-sidestart|p1: harc|Reflect
|
|upkeep
|turn|2
|
|t:|1757808831
|-end|p2a: LEBRON|Quark Drive|[silent]
|switch|p2a: Satella|Hatterene, F, shiny|100/100
|switch|p1a: Dondozo|Dondozo, F|100/100
|
|upkeep
|turn|3
|
|t:|1757808842
|switch|p1a: Tyranitar|Tyranitar, F|100/100
|-weather|Sandstorm|[from] ability: Sand Stream|[of] p1a: Tyranitar
|switch|p2a: Subaru|Indeedee, M, shiny|100/100
|-fieldstart|move: Psychic Terrain|[from] ability: Psychic Surge|[of] p2a: Subaru
|
|-weather|Sandstorm|[upkeep]
|-damage|p2a: Subaru|94/100|[from] Sandstorm
|upkeep
|turn|4
|
|t:|1757808853
|move|p1a: Tyranitar|Knock Off|p2a: Subaru
|-supereffective|p2a: Subaru
|-damage|p2a: Subaru|0 fnt
|-enditem|p2a: Subaru|Terrain Extender|[from] move: Knock Off|[of] p1a: Tyranitar
|faint|p2a: Subaru
|
|-weather|Sandstorm|[upkeep]
|upkeep
|
|t:|1757808860
|switch|p2a: Mimi|Mimikyu, F, shiny|100/100
|turn|5
|
|t:|1757808866
|switch|p1a: Dondozo|Dondozo, F|100/100
|move|p2a: Mimi|Trick Room|p2a: Mimi
|-fieldstart|move: Trick Room|[of] p2a: Mimi
|
|-weather|Sandstorm|[upkeep]
|-damage|p1a: Dondozo|94/100|[from] Sandstorm
|-damage|p2a: Mimi|94/100|[from] Sandstorm
|-heal|p1a: Dondozo|100/100|[from] item: Leftovers
|upkeep
|turn|6
|
|t:|1757808877
|move|p1a: Dondozo|Liquidation|p2a: Mimi
|-activate|p2a: Mimi|ability: Disguise
|-damage|p2a: Mimi|94/100
|-unboost|p2a: Mimi|def|1
|detailschange|p2a: Mimi|Mimikyu-Busted, F, shiny
|-damage|p2a: Mimi|82/100|[from] pokemon: Mimikyu-Busted
|-enditem|p2a: Mimi|Red Card|[of] p1a: Dondozo
|drag|p1a: Brambleghast|Brambleghast, M|100/100
|move|p2a: Mimi|Curse|p1a: Brambleghast
|-start|p1a: Brambleghast|Curse|[of] p2a: Mimi
|-damage|p2a: Mimi|32/100
|
|-weather|Sandstorm|[upkeep]
|-damage|p2a: Mimi|26/100|[from] Sandstorm
|-damage|p1a: Brambleghast|95/100|[from] Sandstorm
|-damage|p1a: Brambleghast|70/100|[from] Curse
|upkeep
|turn|7
|
|t:|1757808897
|switch|p2a: Hoopa|Hoopa-Unbound|100/100
|-enditem|p2a: Hoopa|Psychic Seed
|-boost|p2a: Hoopa|spd|1|[from] item: Psychic Seed
|switch|p1a: Dondozo|Dondozo, F|100/100
|
|-weather|none
|upkeep
|turn|8
|
|t:|1757808908
|move|p1a: Dondozo|Liquidation|p2a: Hoopa
|-damage|p2a: Hoopa|51/100
|-unboost|p2a: Hoopa|def|1
|move|p2a: Hoopa|Expanding Force|p1a: Dondozo
|-damage|p1a: Dondozo|0 fnt
|faint|p1a: Dondozo
|-item|p2a: Hoopa|Leftovers|[from] ability: Magician|[of] p1: Dondozo
|
|-heal|p2a: Hoopa|57/100|[from] item: Leftovers
|-sideend|p1: harc|Reflect
|upkeep
|inactive|harc has 120 seconds left.
|
|t:|1757808922
|switch|p1a: Tyranitar|Tyranitar, F|100/100
|-weather|Sandstorm|[from] ability: Sand Stream|[of] p1a: Tyranitar
|turn|9
|
|t:|1757808927
|move|p2a: Hoopa|Focus Blast|p1a: Tyranitar
|-supereffective|p1a: Tyranitar
|-damage|p1a: Tyranitar|42/100
|move|p1a: Tyranitar|Knock Off|p2a: Hoopa
|-damage|p2a: Hoopa|0 fnt
|-enditem|p2a: Hoopa|Leftovers|[from] move: Knock Off|[of] p1a: Tyranitar
|faint|p2a: Hoopa
|
|-weather|Sandstorm|[upkeep]
|-fieldend|move: Trick Room
|upkeep
|
|t:|1757808934
|switch|p2a: LEBRON|Iron Hands, shiny|100/100
|turn|10
|
|t:|1757808947
|switch|p1a: Forretress|Forretress, F|28/100
|move|p2a: LEBRON|Heavy Slam|p1a: Forretress
|-resisted|p1a: Forretress
|-damage|p1a: Forretress|18/100
|
|-weather|Sandstorm|[upkeep]
|-damage|p2a: LEBRON|94/100|[from] Sandstorm
|-fieldend|move: Psychic Terrain
|upkeep
|turn|11
|
|t:|1757808957
|move|p2a: LEBRON|Close Combat|p1a: Forretress
|-damage|p1a: Forretress|0 fnt
|-unboost|p2a: LEBRON|def|1
|-unboost|p2a: LEBRON|spd|1
|faint|p1a: Forretress
|
|-weather|Sandstorm|[upkeep]
|-damage|p2a: LEBRON|88/100|[from] Sandstorm
|upkeep
|
|t:|1757808968
|switch|p1a: Brambleghast|Brambleghast, M|70/100
|turn|12
|
|t:|1757808979
|-end|p2a: LEBRON|Quark Drive|[silent]
|switch|p2a: Mimi|Mimikyu-Busted, F, shiny|26/100
|move|p1a: Brambleghast|Power Whip|p2a: Mimi
|-damage|p2a: Mimi|0 fnt
|faint|p2a: Mimi
|
|-weather|Sandstorm|[upkeep]
|-damage|p1a: Brambleghast|64/100|[from] Sandstorm
|upkeep
|
|t:|1757808985
|switch|p2a: Satella|Hatterene, F, shiny|100/100
|turn|13
|
|t:|1757809002
|switch|p1a: Clefable|Clefable, F|100/100
|move|p2a: Satella|Mystical Fire|p1a: Clefable
|-damage|p1a: Clefable|73/100
|-unboost|p1a: Clefable|spa|1
|-damage|p2a: Satella|91/100|[from] item: Life Orb
|
|-weather|none
|-heal|p1a: Clefable|79/100|[from] item: Leftovers
|upkeep
|turn|14
|
|t:|1757809013
|switch|p2a: Crashout YN|Ursaluna, F, shiny|100/100
|move|p1a: Clefable|Wish|p1a: Clefable
|
|-heal|p1a: Clefable|85/100|[from] item: Leftovers
|-status|p2a: Crashout YN|brn|[from] item: Flame Orb
|upkeep
|turn|15
|
|t:|1757809023
|move|p1a: Clefable|Alluring Voice|p2a: Crashout YN
|-damage|p2a: Crashout YN|84/100 brn
|move|p2a: Crashout YN|Facade|p1a: Clefable
|-damage|p1a: Clefable|0 fnt
|faint|p1a: Clefable
|
|-damage|p2a: Crashout YN|78/100 brn|[from] brn
|upkeep
|
|t:|1757809033
|switch|p1a: Brambleghast|Brambleghast, M|64/100
|turn|16
|
|t:|1757809036
|move|p1a: Brambleghast|Power Whip|p2a: Crashout YN|[miss]
|-miss|p1a: Brambleghast|p2a: Crashout YN
|move|p2a: Crashout YN|Ice Punch|p1a: Brambleghast
|-supereffective|p1a: Brambleghast
|-damage|p1a: Brambleghast|0 fnt
|faint|p1a: Brambleghast
|
|-damage|p2a: Crashout YN|72/100 brn|[from] brn
|upkeep
|
|t:|1757809047
|switch|p1a: Corviknight|Corviknight, F|100/100
|turn|17
|
|t:|1757809050
|-terastallize|p2a: Crashout YN|Normal
|move|p1a: Corviknight|Bulk Up|p1a: Corviknight
|-boost|p1a: Corviknight|atk|1
|-boost|p1a: Corviknight|def|1
|move|p2a: Crashout YN|Facade|p1a: Corviknight
|-resisted|p1a: Corviknight
|-damage|p1a: Corviknight|54/100
|
|-heal|p1a: Corviknight|61/100|[from] item: Leftovers
|-damage|p2a: Crashout YN|66/100 brn|[from] brn
|upkeep
|turn|18
|
|t:|1757809063
|move|p1a: Corviknight|Bulk Up|p1a: Corviknight
|-boost|p1a: Corviknight|atk|1
|-boost|p1a: Corviknight|def|1
|move|p2a: Crashout YN|Supercell Slam|p1a: Corviknight
|-supereffective|p1a: Corviknight
|-damage|p1a: Corviknight|12/100
|
|-heal|p1a: Corviknight|18/100|[from] item: Leftovers
|-damage|p2a: Crashout YN|60/100 brn|[from] brn
|upkeep
|turn|19
|
|t:|1757809079
|move|p1a: Corviknight|Roost|p1a: Corviknight
|-heal|p1a: Corviknight|68/100
|-singleturn|p1a: Corviknight|move: Roost
|move|p2a: Crashout YN|Facade|p1a: Corviknight
|-resisted|p1a: Corviknight
|-damage|p1a: Corviknight|33/100
|
|-heal|p1a: Corviknight|39/100|[from] item: Leftovers
|-damage|p2a: Crashout YN|54/100 brn|[from] brn
|upkeep
|turn|20
|
|t:|1757809092
|move|p1a: Corviknight|Body Press|p2a: Crashout YN
|-supereffective|p2a: Crashout YN
|-damage|p2a: Crashout YN|4/100 brn
|move|p2a: Crashout YN|Headlong Rush|p1a: Corviknight
|-immune|p1a: Corviknight
|
|-heal|p1a: Corviknight|45/100|[from] item: Leftovers
|-damage|p2a: Crashout YN|0 fnt|[from] brn
|faint|p2a: Crashout YN
|upkeep
|
|t:|1757809097
|switch|p2a: Satella|Hatterene, F, shiny|91/100
|turn|21
|
|t:|1757809106
|move|p1a: Corviknight|Roost|p1a: Corviknight
|-heal|p1a: Corviknight|95/100
|-singleturn|p1a: Corviknight|move: Roost
|move|p2a: Satella|Trick Room|p2a: Satella
|-fieldstart|move: Trick Room|[of] p2a: Satella
|
|-heal|p1a: Corviknight|100/100|[from] item: Leftovers
|upkeep
|turn|22
|
|t:|1757809114
|move|p2a: Satella|Mystical Fire|p1a: Corviknight
|-supereffective|p1a: Corviknight
|-damage|p1a: Corviknight|43/100
|-ability|p1a: Corviknight|Mirror Armor
|-unboost|p2a: Satella|spa|1
|-damage|p2a: Satella|81/100|[from] item: Life Orb
|move|p1a: Corviknight|Bulk Up|p1a: Corviknight
|-boost|p1a: Corviknight|atk|1
|-boost|p1a: Corviknight|def|1
|
|-heal|p1a: Corviknight|49/100|[from] item: Leftovers
|upkeep
|turn|23
|
|t:|1757809127
|move|p2a: Satella|Mystical Fire|p1a: Corviknight
|-supereffective|p1a: Corviknight
|-damage|p1a: Corviknight|16/100
|-ability|p1a: Corviknight|Mirror Armor
|-unboost|p2a: Satella|spa|1
|-damage|p2a: Satella|71/100|[from] item: Life Orb
|move|p1a: Corviknight|Roost|p1a: Corviknight
|-heal|p1a: Corviknight|66/100
|-singleturn|p1a: Corviknight|move: Roost
|
|-heal|p1a: Corviknight|72/100|[from] item: Leftovers
|upkeep
|turn|24
|
|t:|1757809140
|switch|p2a: LEBRON|Iron Hands, shiny|88/100
|move|p1a: Corviknight|Roost|p1a: Corviknight
|-heal|p1a: Corviknight|100/100
|-singleturn|p1a: Corviknight|move: Roost
|
|upkeep
|turn|25
|
|t:|1757809158
|-terastallize|p1a: Corviknight|Dragon
|move|p2a: LEBRON|Supercell Slam|p1a: Corviknight
|-resisted|p1a: Corviknight
|-crit|p1a: Corviknight
|-damage|p1a: Corviknight|63/100
|move|p1a: Corviknight|Bulk Up|p1a: Corviknight
|-boost|p1a: Corviknight|atk|1
|-boost|p1a: Corviknight|def|1
|
|-heal|p1a: Corviknight|70/100|[from] item: Leftovers
|-fieldend|move: Trick Room
|upkeep
|turn|26
|-message|Rin1604 forfeited.
|
|win|harc
|raw|harc's rating: 1363 &rarr; <strong>1386</strong><br />(+23 for winning)
|raw|Rin1604's rating: 1410 &rarr; <strong>1387</strong><br />(-23 for losing)
|l|☆Rin1604
|player|p2|
|l|☆harc
|player|p1|
