|j|☆hsysbsbs
|j|☆I_AM_EX
|t:|1757872811
|gametype|singles
|player|p1|hsysbsbs|266|1109
|player|p2|I_AM_EX|cynthia|1165
|gen|9
|tier|[Gen 9] OU
|rated|
|rule|HP Percentage Mod: HP is shown in percentages
|rule|Endless Battle Clause: Forcing endless battles is banned
|rule|Species Clause: Limit one of each Pokémon
|rule|OHKO Clause: OHKO moves are banned
|rule|Evasion Items Clause: Evasion items are banned
|rule|Evasion Moves Clause: Evasion moves are banned
|rule|Evasion Abilities Clause: Evasion abilities are banned
|rule|Sleep Moves Clause: Sleep-inducing moves are banned
|clearpoke
|poke|p1|Goodra-Hisui, F|
|poke|p1|Arcanine-Hisui, F|
|poke|p1|Comfey, M|
|poke|p1|Cinderace, F|
|poke|p1|Araquanid, F|
|poke|p1|Lurantis, F|
|poke|p2|Clodsire, F|
|poke|p2|Toxapex, M|
|poke|p2|Alomomola, M|
|poke|p2|Dondozo, F|
|poke|p2|Blissey, F|
|poke|p2|Ting-Lu|
|teampreview
|
|t:|1757872830
|teamsize|p1|6
|teamsize|p2|6
|start
|switch|p1a: Goodra|Goodra-Hisui, F|100/100
|switch|p2a: Ting-Lu|Ting-Lu|100/100
|-ability|p2a: Ting-Lu|Vessel of Ruin
|turn|1
|
|t:|1757872847
|move|p2a: Ting-Lu|Earthquake|p1a: Goodra
|-supereffective|p1a: Goodra
|-damage|p1a: Goodra|31/100
|-enditem|p1a: Goodra|Sitrus Berry|[eat]
|-heal|p1a: Goodra|56/100|[from] item: Sitrus Berry
|move|p1a: Goodra|Curse|p1a: Goodra
|-unboost|p1a: Goodra|spe|1
|-boost|p1a: Goodra|atk|1
|-boost|p1a: Goodra|def|1
|
|upkeep
|turn|2
|
|t:|1757872863
|-terastallize|p1a: Goodra|Flying
|move|p2a: Ting-Lu|Earthquake|p1a: Goodra
|-immune|p1a: Goodra
|move|p1a: Goodra|Knock Off|p2a: Ting-Lu
|-resisted|p2a: Ting-Lu
|-damage|p2a: Ting-Lu|92/100
|-enditem|p2a: Ting-Lu|Heavy-Duty Boots|[from] move: Knock Off|[of] p1a: Goodra
|
|upkeep
|turn|3
|
|t:|1757872880
|move|p2a: Ting-Lu|Stealth Rock|p1a: Goodra
|-sidestart|p1: hsysbsbs|move: Stealth Rock
|move|p1a: Goodra|Earthquake|p2a: Ting-Lu
|-damage|p2a: Ting-Lu|70/100
|
|upkeep
|turn|4
|
|t:|1757872895
|move|p2a: Ting-Lu|Spikes|p1a: Goodra
|-sidestart|p1: hsysbsbs|Spikes
|move|p1a: Goodra|Curse|p1a: Goodra
|-unboost|p1a: Goodra|spe|1
|-boost|p1a: Goodra|atk|1
|-boost|p1a: Goodra|def|1
|
|upkeep
|turn|5
|
|t:|1757872904
|move|p2a: Ting-Lu|Spikes|p1a: Goodra
|-sidestart|p1: hsysbsbs|Spikes
|move|p1a: Goodra|Curse|p1a: Goodra
|-unboost|p1a: Goodra|spe|1
|-boost|p1a: Goodra|atk|1
|-boost|p1a: Goodra|def|1
|
|upkeep
|turn|6
|
|t:|1757872917
|switch|p2a: Dondozo|Dondozo, F|100/100
|move|p1a: Goodra|Earthquake|p2a: Dondozo
|-damage|p2a: Dondozo|90/100
|
|upkeep
|turn|7
|
|t:|1757872925
|move|p1a: Goodra|Knock Off|p2a: Dondozo
|-damage|p2a: Dondozo|81/100
|-enditem|p2a: Dondozo|Heavy-Duty Boots|[from] move: Knock Off|[of] p1a: Goodra
|move|p2a: Dondozo|Avalanche|p1a: Goodra
|-supereffective|p1a: Goodra
|-damage|p1a: Goodra|7/100
|
|upkeep
|turn|8
|inactive|Battle timer is ON: inactive players will automatically lose when time's up. (requested by hsysbsbs)
|
|t:|1757872934
|move|p1a: Goodra|Gyro Ball|p2a: Dondozo
|-resisted|p2a: Dondozo
|-crit|p2a: Dondozo
|-damage|p2a: Dondozo|74/100
|move|p2a: Dondozo|Avalanche|p1a: Goodra
|-supereffective|p1a: Goodra
|-damage|p1a: Goodra|0 fnt
|faint|p1a: Goodra
|
|upkeep
|
|t:|1757872944
|switch|p1a: Cinderace|Cinderace, F|100/100
|turn|9
|
|t:|1757872952
|switch|p2a: Alomomola|Alomomola, M|100/100
|move|p1a: Cinderace|Court Change|p1a: Cinderace
|-start|p1a: Cinderace|typechange|Normal|[from] ability: Libero
|-swapsideconditions
|-activate|p1a: Cinderace|move: Court Change
|
|upkeep
|turn|10
|
|t:|1757872965
|move|p1a: Cinderace|Pyro Ball|p2a: Alomomola
|-resisted|p2a: Alomomola
|-damage|p2a: Alomomola|90/100
|-status|p2a: Alomomola|brn
|move|p2a: Alomomola|Whirlpool|p1a: Cinderace
|-damage|p1a: Cinderace|91/100
|-activate|p1a: Cinderace|move: Whirlpool|[of] p2a: Alomomola
|
|-damage|p2a: Alomomola|83/100 brn|[from] brn
|-damage|p1a: Cinderace|79/100|[from] move: Whirlpool|[partiallytrapped]
|upkeep
|turn|11
|
|t:|1757872977
|move|p1a: Cinderace|U-turn|p2a: Alomomola
|-damage|p2a: Alomomola|71/100 brn
|
|t:|1757872983
|switch|p1a: Lurantis|Lurantis, F|100/100|[from] U-turn
|move|p2a: Alomomola|Chilling Water|p1a: Lurantis
|-resisted|p1a: Lurantis
|-damage|p1a: Lurantis|97/100
|-boost|p1a: Lurantis|atk|1
|
|-damage|p2a: Alomomola|65/100 brn|[from] brn
|upkeep
|turn|12
|
|t:|1757872999
|-terastallize|p2a: Alomomola|Flying
|move|p2a: Alomomola|Whirlpool|p1a: Lurantis
|-resisted|p1a: Lurantis
|-crit|p1a: Lurantis
|-damage|p1a: Lurantis|94/100
|-activate|p1a: Lurantis|move: Whirlpool|[of] p2a: Alomomola
|move|p1a: Lurantis|Leaf Storm|p2a: Alomomola
|-resisted|p2a: Alomomola
|-damage|p2a: Alomomola|42/100 brn
|-boost|p1a: Lurantis|spa|2
|
|-damage|p2a: Alomomola|36/100 brn|[from] brn
|-damage|p1a: Lurantis|82/100|[from] move: Whirlpool|[partiallytrapped]
|upkeep
|turn|13
|
|t:|1757873027
|switch|p2a: Blissey|Blissey, F|100/100
|move|p1a: Lurantis|Superpower|p2a: Blissey
|-supereffective|p2a: Blissey
|-crit|p2a: Blissey
|-damage|p2a: Blissey|0 fnt
|-boost|p1a: Lurantis|atk|1
|-boost|p1a: Lurantis|def|1
|faint|p2a: Blissey
|
|-end|p1a: Lurantis|Whirlpool|[partiallytrapped]|[silent]
|upkeep
|inactive|I_AM_EX has 120 seconds left.
|
|t:|1757873043
|switch|p2a: Clodsire|Clodsire, F|100/100
|turn|14
|
|t:|1757873052
|move|p1a: Lurantis|Knock Off|p2a: Clodsire
|-damage|p2a: Clodsire|68/100
|-enditem|p2a: Clodsire|Heavy-Duty Boots|[from] move: Knock Off|[of] p1a: Lurantis
|move|p2a: Clodsire|Poison Jab|p1a: Lurantis
|-supereffective|p1a: Lurantis
|-damage|p1a: Lurantis|34/100
|
|upkeep
|turn|15
|
|t:|1757873060
|move|p1a: Lurantis|Superpower|p2a: Clodsire
|-resisted|p2a: Clodsire
|-damage|p2a: Clodsire|47/100
|-boost|p1a: Lurantis|atk|1
|-boost|p1a: Lurantis|def|1
|move|p2a: Clodsire|Poison Jab|p1a: Lurantis
|-supereffective|p1a: Lurantis
|-damage|p1a: Lurantis|0 fnt
|faint|p1a: Lurantis
|
|upkeep
|inactive|hsysbsbs has 120 seconds left.
|
|t:|1757873094
|switch|p1a: Cinderace|Cinderace, F|79/100
|turn|16
|
|t:|1757873104
|switch|p2a: Toxapex|Toxapex, M|100/100
|move|p1a: Cinderace|Pyro Ball|p2a: Toxapex
|-resisted|p2a: Toxapex
|-damage|p2a: Toxapex|84/100
|
|upkeep
|turn|17
|
|t:|1757873123
|move|p1a: Cinderace|Pyro Ball|p2a: Toxapex
|-resisted|p2a: Toxapex
|-crit|p2a: Toxapex
|-damage|p2a: Toxapex|56/100
|move|p2a: Toxapex|Toxic|p1a: Cinderace
|-status|p1a: Cinderace|tox
|
|-damage|p1a: Cinderace|73/100 tox|[from] psn
|upkeep
|turn|18
|
|t:|1757873132
|move|p1a: Cinderace|Pyro Ball|p2a: Toxapex
|-resisted|p2a: Toxapex
|-damage|p2a: Toxapex|40/100
|move|p2a: Toxapex|Recover|p2a: Toxapex
|-heal|p2a: Toxapex|90/100
|
|-damage|p1a: Cinderace|61/100 tox|[from] psn
|upkeep
|turn|19
|
|t:|1757873141
|switch|p2a: Alomomola|Alomomola, M, tera:Flying|69/100 brn
|move|p1a: Cinderace|Pyro Ball|p2a: Alomomola
|-damage|p2a: Alomomola|39/100 brn
|
|-damage|p1a: Cinderace|43/100 tox|[from] psn
|-damage|p2a: Alomomola|33/100 brn|[from] brn
|upkeep
|turn|20
|
|t:|1757873150
|switch|p2a: Toxapex|Toxapex, M|100/100
|move|p1a: Cinderace|Pyro Ball|p2a: Toxapex
|-resisted|p2a: Toxapex
|-damage|p2a: Toxapex|83/100
|
|-damage|p1a: Cinderace|19/100 tox|[from] psn
|upkeep
|turn|21
|
|t:|1757873159
|move|p1a: Cinderace|Pyro Ball|p2a: Toxapex
|-resisted|p2a: Toxapex
|-damage|p2a: Toxapex|65/100
|move|p2a: Toxapex|Toxic Spikes|p1a: Cinderace
|-sidestart|p1: hsysbsbs|move: Toxic Spikes
|
|-damage|p1a: Cinderace|0 fnt|[from] psn
|faint|p1a: Cinderace
|upkeep
|
|t:|1757873178
|switch|p1a: Comfey|Comfey, M|100/100
|-status|p1a: Comfey|psn
|turn|22
|
|t:|1757873185
|move|p1a: Comfey|Taunt|p2a: Toxapex
|-start|p2a: Toxapex|move: Taunt
|cant|p2a: Toxapex|move: Taunt|Toxic Spikes
|
|-damage|p1a: Comfey|88/100 psn|[from] psn
|upkeep
|turn|23
|
|t:|1757873195
|switch|p2a: Alomomola|Alomomola, M, tera:Flying|67/100 brn
|move|p1a: Comfey|Calm Mind|p1a: Comfey
|-boost|p1a: Comfey|spa|1
|-boost|p1a: Comfey|spd|1
|
|-heal|p1a: Comfey|94/100 psn|[from] item: Leftovers
|-damage|p1a: Comfey|82/100 psn|[from] psn
|-damage|p2a: Alomomola|60/100 brn|[from] brn
|upkeep
|turn|24
|
|t:|1757873207
|move|p1a: Comfey|Calm Mind|p1a: Comfey
|-boost|p1a: Comfey|spa|1
|-boost|p1a: Comfey|spd|1
|move|p2a: Alomomola|Wish|p2a: Alomomola
|
|-heal|p1a: Comfey|88/100 psn|[from] item: Leftovers
|-damage|p1a: Comfey|76/100 psn|[from] psn
|-damage|p2a: Alomomola|54/100 brn|[from] brn
|upkeep
|turn|25
|
|t:|1757873219
|switch|p2a: Clodsire|Clodsire, F|47/100
|-damage|p2a: Clodsire|41/100|[from] Stealth Rock
|-damage|p2a: Clodsire|25/100|[from] Spikes
|move|p1a: Comfey|Calm Mind|p1a: Comfey
|-boost|p1a: Comfey|spa|1
|-boost|p1a: Comfey|spd|1
|
|-heal|p2a: Clodsire|82/100|[from] move: Wish|[wisher] Alomomola
|-heal|p1a: Comfey|82/100 psn|[from] item: Leftovers
|-damage|p1a: Comfey|70/100 psn|[from] psn
|upkeep
|turn|26
|
|t:|1757873234
|move|p1a: Comfey|Giga Drain|p2a: Clodsire
|-damage|p2a: Clodsire|72/100
|-heal|p1a: Comfey|79/100 psn|[from] drain|[of] p2a: Clodsire
|move|p2a: Clodsire|Poison Jab|p1a: Comfey
|-supereffective|p1a: Comfey
|-damage|p1a: Comfey|27/100 psn
|
|-heal|p1a: Comfey|33/100 psn|[from] item: Leftovers
|-damage|p1a: Comfey|21/100 psn|[from] psn
|upkeep
|turn|27
|
|t:|1757873245
|switch|p1a: Araquanid|Araquanid, F|100/100
|-status|p1a: Araquanid|psn
|move|p2a: Clodsire|Poison Jab|p1a: Araquanid
|-damage|p1a: Araquanid|80/100 psn
|
|-heal|p1a: Araquanid|86/100 psn|[from] item: Leftovers
|-damage|p1a: Araquanid|74/100 psn|[from] psn
|upkeep
|turn|28
|
|t:|1757873257
|switch|p2a: Alomomola|Alomomola, M, tera:Flying|88/100 brn
|move|p1a: Araquanid|Liquidation|p2a: Alomomola
|-damage|p2a: Alomomola|61/100 brn
|
|-heal|p1a: Araquanid|80/100 psn|[from] item: Leftovers
|-damage|p1a: Araquanid|67/100 psn|[from] psn
|-damage|p2a: Alomomola|55/100 brn|[from] brn
|upkeep
|turn|29
|
|t:|1757873269
|move|p2a: Alomomola|Whirlpool|p1a: Araquanid
|-resisted|p1a: Araquanid
|-damage|p1a: Araquanid|65/100 psn
|-activate|p1a: Araquanid|move: Whirlpool|[of] p2a: Alomomola
|move|p1a: Araquanid|Liquidation|p2a: Alomomola
|-damage|p2a: Alomomola|27/100 brn
|
|-heal|p1a: Araquanid|72/100 psn|[from] item: Leftovers
|-damage|p1a: Araquanid|59/100 psn|[from] psn
|-damage|p2a: Alomomola|21/100 brn|[from] brn
|-damage|p1a: Araquanid|47/100 psn|[from] move: Whirlpool|[partiallytrapped]
|upkeep
|turn|30
|
|t:|1757873281
|move|p2a: Alomomola|Protect|p2a: Alomomola
|-singleturn|p2a: Alomomola|Protect
|move|p1a: Araquanid|Liquidation|p2a: Alomomola
|-activate|p2a: Alomomola|move: Protect
|
|-heal|p1a: Araquanid|53/100 psn|[from] item: Leftovers
|-damage|p1a: Araquanid|41/100 psn|[from] psn
|-damage|p2a: Alomomola|15/100 brn|[from] brn
|-damage|p1a: Araquanid|28/100 psn|[from] move: Whirlpool|[partiallytrapped]
|upkeep
|turn|31
|
|t:|1757873293
|switch|p2a: Toxapex|Toxapex, M|99/100
|move|p1a: Araquanid|Liquidation|p2a: Toxapex
|-resisted|p2a: Toxapex
|-damage|p2a: Toxapex|83/100
|
|-heal|p1a: Araquanid|34/100 psn|[from] item: Leftovers
|-damage|p1a: Araquanid|22/100 psn|[from] psn
|-end|p1a: Araquanid|Whirlpool|[partiallytrapped]|[silent]
|upkeep
|turn|32
|
|t:|1757873305
|move|p1a: Araquanid|Lunge|p2a: Toxapex
|-resisted|p2a: Toxapex
|-damage|p2a: Toxapex|75/100
|-unboost|p2a: Toxapex|atk|1
|move|p2a: Toxapex|Toxic Spikes|p1a: Araquanid
|-sidestart|p1: hsysbsbs|move: Toxic Spikes
|
|-heal|p1a: Araquanid|28/100 psn|[from] item: Leftovers
|-damage|p1a: Araquanid|16/100 psn|[from] psn
|upkeep
|turn|33
|-message|hsysbsbs forfeited.
|
|win|I_AM_EX
|raw|hsysbsbs's rating: 1109 &rarr; <strong>1088</strong><br />(-21 for losing)
|raw|I_AM_EX's rating: 1165 &rarr; <strong>1186</strong><br />(+21 for winning)
|l|☆hsysbsbs
|player|p1|
|l|☆I_AM_EX
|player|p2|
