|j|☆Actually_Apollo
|j|☆IDWTLA
|t:|1757882741
|gametype|singles
|player|p1|Actually_Apollo|morty|1190
|player|p2|IDWTLA|scientist-gen4dp|1226
|gen|9
|tier|[Gen 9] OU
|rated|
|rule|HP Percentage Mod: HP is shown in percentages
|rule|Endless Battle Clause: Forcing endless battles is banned
|rule|Species Clause: Limit one of each Pokémon
|rule|OHKO Clause: OHKO moves are banned
|rule|Evasion Items Clause: Evasion items are banned
|rule|Evasion Moves Clause: Evasion moves are banned
|rule|Evasion Abilities Clause: Evasion abilities are banned
|rule|Sleep Moves Clause: Sleep-inducing moves are banned
|clearpoke
|poke|p1|Floatzel, M|
|poke|p1|Barraskewda, F|
|poke|p1|Grafaiai, M|
|poke|p1|Dragalge, F|
|poke|p1|Kingambit, F|
|poke|p1|Pelipper, M|
|poke|p2|Zapdos-Galar|
|poke|p2|Landorus-Therian, M|
|poke|p2|Dragapult, M|
|poke|p2|Slowking-Galar, M|
|poke|p2|Great Tusk|
|poke|p2|Alomomola, F|
|teampreview
|inactive|Battle timer is ON: inactive players will automatically lose when time's up. (requested by Actually_Apollo)
|inactive|Actually_Apollo has 120 seconds left.
|
|t:|1757882801
|teamsize|p1|6
|teamsize|p2|6
|start
|switch|p1a: Pelipper|Pelipper, M|100/100
|switch|p2a: Slowking|Slowking-Galar, M|100/100
|-weather|RainDance|[from] ability: Drizzle|[of] p1a: Pelipper
|turn|1
|
|t:|1757882820
|move|p1a: Pelipper|U-turn|p2a: Slowking
|-damage|p2a: Slowking|92/100
|
|t:|1757882821
|switch|p1a: Grafaiai|Grafaiai, M|100/100|[from] U-turn
|-prepare|p2a: Slowking|Chilly Reception|[premajor]
|move|p2a: Slowking|Chilly Reception|p2a: Slowking
|-weather|Snowscape
|
|t:|1757882828
|switch|p2a: Dragapult|Dragapult, M|100/100|[from] Chilly Reception
|
|-weather|Snowscape|[upkeep]
|upkeep
|turn|2
|
|t:|1757882835
|switch|p2a: Zapdos|Zapdos-Galar|100/100
|switch|p1a: Pelipper|Pelipper, M|100/100
|-weather|RainDance|[from] ability: Drizzle|[of] p1a: Pelipper
|
|-weather|RainDance|[upkeep]
|upkeep
|turn|3
|
|t:|1757882846
|move|p2a: Zapdos|U-turn|p1a: Pelipper
|-resisted|p1a: Pelipper
|-damage|p1a: Pelipper|88/100
|
|t:|1757882852
|switch|p2a: Slowking|Slowking-Galar, M|100/100|[from] U-turn
|move|p1a: Pelipper|Hurricane|p2a: Slowking
|-damage|p2a: Slowking|79/100
|-start|p2a: Slowking|confusion
|
|-weather|RainDance|[upkeep]
|upkeep
|turn|4
|
|t:|1757882863
|move|p1a: Pelipper|U-turn|p2a: Slowking
|-damage|p2a: Slowking|71/100
|
|t:|1757882870
|switch|p1a: Grafaiai|Grafaiai, M|100/100|[from] U-turn
|-prepare|p2a: Slowking|Chilly Reception|[premajor]
|-activate|p2a: Slowking|confusion
|move|p2a: Slowking|Chilly Reception|p2a: Slowking
|-weather|Snowscape
|
|t:|1757882881
|switch|p2a: Dragapult|Dragapult, M|100/100|[from] Chilly Reception
|
|-weather|Snowscape|[upkeep]
|upkeep
|turn|5
|inactive|Actually_Apollo has 120 seconds left.
|
|t:|1757882916
|move|p2a: Dragapult|Draco Meteor|p1a: Grafaiai
|-enditem|p1a: Grafaiai|Focus Sash
|-damage|p1a: Grafaiai|1/100
|-unboost|p2a: Dragapult|spa|2
|move|p1a: Grafaiai|U-turn|p2a: Dragapult
|-resisted|p2a: Dragapult
|-damage|p2a: Dragapult|88/100
|
|t:|1757882920
|switch|p1a: Pelipper|Pelipper, M|88/100|[from] U-turn
|-weather|RainDance|[from] ability: Drizzle|[of] p1a: Pelipper
|
|-weather|RainDance|[upkeep]
|upkeep
|turn|6
|l|☆IDWTLA
|inactive|IDWTLA disconnected and has a minute to reconnect!
|player|p2|
|inactive|IDWTLA has 30 seconds to reconnect!
|inactive|IDWTLA has 20 seconds to reconnect!
|j|☆IDWTLA
|inactive|IDWTLA reconnected and has 105 seconds left.
|player|p2|IDWTLA|scientist-gen4dp|
|inactive|IDWTLA has 90 seconds left.
|
|t:|1757882980
|move|p2a: Dragapult|Draco Meteor|p1a: Pelipper
|-damage|p1a: Pelipper|26/100
|-unboost|p2a: Dragapult|spa|2
|move|p1a: Pelipper|U-turn|p2a: Dragapult
|-resisted|p2a: Dragapult
|-damage|p2a: Dragapult|82/100
|
|t:|1757882993
|switch|p1a: Floatzel|Floatzel, M|100/100|[from] U-turn
|
|-weather|RainDance|[upkeep]
|upkeep
|turn|7
|
|t:|1757883004
|switch|p2a: Alomomola|Alomomola, F|100/100
|-terastallize|p1a: Floatzel|Water
|move|p1a: Floatzel|Wave Crash|p2a: Alomomola
|-resisted|p2a: Alomomola
|-damage|p2a: Alomomola|55/100
|-damage|p1a: Floatzel|75/100|[from] Recoil
|
|-weather|RainDance|[upkeep]
|upkeep
|turn|8
|
|t:|1757883016
|move|p1a: Floatzel|Wave Crash|p2a: Alomomola
|-resisted|p2a: Alomomola
|-damage|p2a: Alomomola|11/100
|-damage|p1a: Floatzel|50/100|[from] Recoil
|move|p2a: Alomomola|Body Slam|p1a: Floatzel
|-damage|p1a: Floatzel|20/100
|
|-weather|RainDance|[upkeep]
|upkeep
|turn|9
|
|t:|1757883027
|switch|p2a: Landorus|Landorus-Therian, M|100/100
|-ability|p2a: Landorus|Intimidate|boost
|-unboost|p1a: Floatzel|atk|1
|move|p1a: Floatzel|Wave Crash|p2a: Landorus
|-supereffective|p2a: Landorus
|-damage|p2a: Landorus|0 fnt
|-damage|p1a: Floatzel|4/100|[from] item: Rocky Helmet|[of] p2a: Landorus
|faint|p2a: Landorus
|-damage|p1a: Floatzel|0 fnt|[from] Recoil
|faint|p1a: Floatzel
|
|-weather|RainDance|[upkeep]
|upkeep
|
|t:|1757883045
|switch|p1a: Barraskewda|Barraskewda, F|100/100
|switch|p2a: Alomomola|Alomomola, F|44/100
|turn|10
|
|t:|1757883059
|switch|p2a: Great Tusk|Great Tusk|100/100
|move|p1a: Barraskewda|Close Combat|p2a: Great Tusk
|-damage|p2a: Great Tusk|52/100
|-unboost|p1a: Barraskewda|def|1
|-unboost|p1a: Barraskewda|spd|1
|
|-weather|RainDance|[upkeep]
|upkeep
|turn|11
|
|t:|1757883070
|switch|p1a: Grafaiai|Grafaiai, M|1/100
|move|p2a: Great Tusk|Headlong Rush|p1a: Grafaiai
|-supereffective|p1a: Grafaiai
|-damage|p1a: Grafaiai|0 fnt
|-unboost|p2a: Great Tusk|def|1
|-unboost|p2a: Great Tusk|spd|1
|faint|p1a: Grafaiai
|
|-weather|RainDance|[upkeep]
|upkeep
|
|t:|1757883085
|switch|p1a: Barraskewda|Barraskewda, F|100/100
|turn|12
|
|t:|1757883099
|-end|p2a: Great Tusk|Protosynthesis|[silent]
|switch|p2a: Alomomola|Alomomola, F|77/100
|move|p1a: Barraskewda|Liquidation|p2a: Alomomola
|-resisted|p2a: Alomomola
|-damage|p2a: Alomomola|50/100
|-unboost|p2a: Alomomola|def|1
|
|-weather|none
|upkeep
|turn|13
|
|t:|1757883108
|switch|p1a: Dragalge|Dragalge, F|100/100
|switch|p2a: Slowking|Slowking-Galar, M|100/100
|
|upkeep
|turn|14
|inactive|IDWTLA has 120 seconds left.
|
|t:|1757883139
|move|p1a: Dragalge|Toxic Spikes|p2a: Slowking
|-sidestart|p2: IDWTLA|move: Toxic Spikes
|move|p2a: Slowking|Future Sight|p1a: Dragalge
|-start|p2a: Slowking|move: Future Sight
|
|upkeep
|turn|15
|
|t:|1757883145
|-prepare|p2a: Slowking|Chilly Reception|[premajor]
|move|p2a: Slowking|Chilly Reception|p2a: Slowking
|-weather|Snowscape
|
|t:|1757883151
|switch|p2a: Great Tusk|Great Tusk|52/100|[from] Chilly Reception
|move|p1a: Dragalge|Dragon Tail|p2a: Great Tusk
|-damage|p2a: Great Tusk|40/100
|-end|p2a: Great Tusk|Protosynthesis|[silent]
|drag|p2a: Zapdos|Zapdos-Galar|100/100
|
|-weather|Snowscape|[upkeep]
|upkeep
|turn|16
|
|t:|1757883161
|move|p2a: Zapdos|U-turn|p1a: Dragalge
|-resisted|p1a: Dragalge
|-damage|p1a: Dragalge|84/100
|-status|p2a: Zapdos|psn|[from] ability: Poison Point|[of] p1a: Dragalge
|
|t:|1757883166
|switch|p2a: Slowking|Slowking-Galar, M|100/100|[from] U-turn
|-sideend|p2: IDWTLA|move: Toxic Spikes|[of] p2a: Slowking
|move|p1a: Dragalge|Flip Turn|p2a: Slowking
|-damage|p2a: Slowking|89/100
|
|t:|1757883168
|switch|p1a: Kingambit|Kingambit, F|100/100|[from] Flip Turn
|-activate|p1a: Kingambit|ability: Supreme Overlord
|-start|p1a: Kingambit|fallen2|[silent]
|
|-weather|Snowscape|[upkeep]
|-end|p1a: Kingambit|move: Future Sight
|-immune|p1a: Kingambit
|upkeep
|turn|17
|inactive|IDWTLA has 120 seconds left.
|
|t:|1757883181
|switch|p2a: Alomomola|Alomomola, F|83/100
|move|p1a: Kingambit|Iron Head|p2a: Alomomola
|-resisted|p2a: Alomomola
|-damage|p2a: Alomomola|67/100
|
|-weather|Snowscape|[upkeep]
|upkeep
|turn|18
|inactive|IDWTLA has 120 seconds left.
|
|t:|1757883187
|-end|p1a: Kingambit|fallen2|[silent]
|switch|p1a: Dragalge|Dragalge, F|84/100
|move|p2a: Alomomola|Flip Turn|p1a: Dragalge
|-resisted|p1a: Dragalge
|-damage|p1a: Dragalge|76/100
|inactive|IDWTLA has 120 seconds left.
|
|t:|1757883193
|switch|p2a: Great Tusk|Great Tusk|40/100|[from] Flip Turn
|
|-weather|Snowscape|[upkeep]
|-heal|p1a: Dragalge|82/100|[from] item: Leftovers
|upkeep
|turn|19
|
|t:|1757883200
|switch|p1a: Pelipper|Pelipper, M|26/100
|-weather|RainDance|[from] ability: Drizzle|[of] p1a: Pelipper
|move|p2a: Great Tusk|Headlong Rush|p1a: Pelipper
|-immune|p1a: Pelipper
|
|-weather|RainDance|[upkeep]
|upkeep
|turn|20
|
|t:|1757883218
|move|p2a: Great Tusk|Ice Spinner|p1a: Pelipper
|-damage|p1a: Pelipper|4/100
|move|p1a: Pelipper|Roost|p1a: Pelipper
|-heal|p1a: Pelipper|54/100
|-singleturn|p1a: Pelipper|move: Roost
|
|-weather|RainDance|[upkeep]
|upkeep
|turn|21
|
|t:|1757883226
|move|p2a: Great Tusk|Head Smash|p1a: Pelipper
|-supereffective|p1a: Pelipper
|-damage|p1a: Pelipper|0 fnt
|faint|p1a: Pelipper
|-damage|p2a: Great Tusk|16/100|[from] Recoil
|
|-weather|RainDance|[upkeep]
|upkeep
|
|t:|1757883234
|switch|p1a: Barraskewda|Barraskewda, F|100/100
|turn|22
|
|t:|1757883244
|-end|p2a: Great Tusk|Protosynthesis|[silent]
|switch|p2a: Alomomola|Alomomola, F|99/100
|move|p1a: Barraskewda|Poison Jab|p2a: Alomomola
|-damage|p2a: Alomomola|76/100
|
|-weather|RainDance|[upkeep]
|upkeep
|turn|23
|inactive|IDWTLA has 120 seconds left.
|
|t:|1757883279
|move|p1a: Barraskewda|Poison Jab|p2a: Alomomola
|-damage|p2a: Alomomola|51/100
|-status|p2a: Alomomola|psn
|move|p2a: Alomomola|Wish|p2a: Alomomola
|
|-weather|RainDance|[upkeep]
|-damage|p2a: Alomomola|39/100 psn|[from] psn
|upkeep
|turn|24
|
|t:|1757883290
|move|p1a: Barraskewda|Poison Jab|p2a: Alomomola
|-damage|p2a: Alomomola|17/100 psn
|move|p2a: Alomomola|Flip Turn|p1a: Barraskewda
|-resisted|p1a: Barraskewda
|-damage|p1a: Barraskewda|75/100
|
|t:|1757883296
|switch|p2a: Great Tusk|Great Tusk|16/100|[from] Flip Turn
|
|-weather|RainDance|[upkeep]
|-heal|p2a: Great Tusk|88/100|[from] move: Wish|[wisher] Alomomola
|upkeep
|turn|25
|-message|Actually_Apollo forfeited.
|
|win|IDWTLA
|raw|Actually_Apollo's rating: 1190 &rarr; <strong>1168</strong><br />(-22 for losing)
|raw|IDWTLA's rating: 1226 &rarr; <strong>1248</strong><br />(+22 for winning)
|l|☆Actually_Apollo
|player|p1|
