|j|☆PakoSwine
|j|☆chand man
|t:|1757819879
|gametype|singles
|player|p1|PakoSwine|richboy-gen4|1125
|player|p2|chand man|benga|1177
|gen|9
|tier|[Gen 9] OU
|rated|
|rule|HP Percentage Mod: HP is shown in percentages
|rule|Endless Battle Clause: Forcing endless battles is banned
|rule|Species Clause: Limit one of each Pokémon
|rule|OHKO Clause: OHKO moves are banned
|rule|Evasion Items Clause: Evasion items are banned
|rule|Evasion Moves Clause: Evasion moves are banned
|rule|Evasion Abilities Clause: Evasion abilities are banned
|rule|Sleep Moves Clause: Sleep-inducing moves are banned
|clearpoke
|poke|p1|Pelipper, F|
|poke|p1|Charizard, M|
|poke|p1|Virizion|
|poke|p1|Empoleon, F|
|poke|p1|Luvdisc, M|
|poke|p1|Cryogonal|
|poke|p2|Lokix, M|
|poke|p2|Serperior, F|
|poke|p2|Torkoal, M|
|poke|p2|Skeledirge, M|
|poke|p2|Great Tusk|
|poke|p2|Metagross|
|teampreview
|inactive|Battle timer is ON: inactive players will automatically lose when time's up. (requested by chand man)
|
|t:|1757819891
|teamsize|p1|6
|teamsize|p2|6
|start
|switch|p1a: Luvdisc|Luvdisc, M, shiny|100/100
|switch|p2a: Torkoal|Torkoal, M, shiny|100/100
|-weather|SunnyDay|[from] ability: Drought|[of] p2a: Torkoal
|turn|1
|
|t:|1757819906
|switch|p1a: Pelipper|Pelipper, F|100/100
|-weather|RainDance|[from] ability: Drizzle|[of] p1a: Pelipper
|move|p2a: Torkoal|Stealth Rock|p1a: Pelipper
|-sidestart|p1: PakoSwine|move: Stealth Rock
|
|-weather|RainDance|[upkeep]
|upkeep
|turn|2
|
|t:|1757819916
|switch|p2a: Metagross|Metagross, shiny|100/100
|move|p1a: Pelipper|Tailwind|p1a: Pelipper
|-sidestart|p1: PakoSwine|move: Tailwind
|
|-weather|RainDance|[upkeep]
|upkeep
|turn|3
|
|t:|1757819925
|switch|p2a: Torkoal|Torkoal, M, shiny|100/100
|-weather|SunnyDay|[from] ability: Drought|[of] p2a: Torkoal
|move|p1a: Pelipper|Chilling Water|p2a: Torkoal
|-supereffective|p2a: Torkoal
|-damage|p2a: Torkoal|70/100
|-unboost|p2a: Torkoal|atk|1
|
|-weather|SunnyDay|[upkeep]
|upkeep
|turn|4
|
|t:|1757819935
|switch|p1a: Cryogonal|Cryogonal|100/100
|-damage|p1a: Cryogonal|76/100|[from] Stealth Rock
|move|p2a: Torkoal|Lava Plume|p1a: Cryogonal
|-supereffective|p1a: Cryogonal
|-damage|p1a: Cryogonal|34/100
|-status|p1a: Cryogonal|brn
|
|-weather|SunnyDay|[upkeep]
|-damage|p1a: Cryogonal|28/100 brn|[from] brn
|upkeep
|turn|5
|
|t:|1757819945
|move|p1a: Cryogonal|Rapid Spin|p2a: Torkoal
|-damage|p2a: Torkoal|68/100
|-boost|p1a: Cryogonal|spe|1
|-sideend|p1: PakoSwine|Stealth Rock|[from] move: Rapid Spin|[of] p1a: Cryogonal
|move|p2a: Torkoal|Lava Plume|p1a: Cryogonal
|-supereffective|p1a: Cryogonal
|-damage|p1a: Cryogonal|0 fnt
|faint|p1a: Cryogonal
|
|-weather|SunnyDay|[upkeep]
|-sideend|p1: PakoSwine|move: Tailwind
|upkeep
|
|t:|1757819955
|switch|p1a: Pelipper|Pelipper, F|100/100
|-weather|RainDance|[from] ability: Drizzle|[of] p1a: Pelipper
|turn|6
|
|t:|1757819961
|switch|p2a: Metagross|Metagross, shiny|100/100
|move|p1a: Pelipper|U-turn|p2a: Metagross
|-damage|p2a: Metagross|92/100
|
|t:|1757819966
|switch|p1a: Charizard|Charizard, M, shiny|100/100|[from] U-turn
|
|-weather|RainDance|[upkeep]
|upkeep
|turn|7
|
|t:|1757819987
|switch|p2a: Torkoal|Torkoal, M, shiny|68/100
|-weather|SunnyDay|[from] ability: Drought|[of] p2a: Torkoal
|-terastallize|p1a: Charizard|Water
|move|p1a: Charizard|Weather Ball|p2a: Torkoal
|-resisted|p2a: Torkoal
|-crit|p2a: Torkoal
|-damage|p2a: Torkoal|0 fnt
|faint|p2a: Torkoal
|-damage|p1a: Charizard|91/100|[from] item: Life Orb
|
|-weather|SunnyDay|[upkeep]
|-damage|p1a: Charizard|78/100|[from] ability: Solar Power|[of] p1a: Charizard
|upkeep
|
|t:|1757819991
|switch|p2a: Serperior|Serperior, F, shiny|100/100
|turn|8
|
|t:|1757820003
|-terastallize|p2a: Serperior|Fire
|move|p2a: Serperior|Leaf Storm|p1a: Charizard
|-supereffective|p1a: Charizard
|-damage|p1a: Charizard|0 fnt
|-boost|p2a: Serperior|spa|2
|faint|p1a: Charizard
|
|-weather|SunnyDay|[upkeep]
|upkeep
|
|t:|1757820016
|switch|p1a: Luvdisc|Luvdisc, M, shiny|100/100
|turn|9
|
|t:|1757820019
|move|p2a: Serperior|Leaf Storm|p1a: Luvdisc
|-supereffective|p1a: Luvdisc
|-damage|p1a: Luvdisc|0 fnt
|-boost|p2a: Serperior|spa|2
|faint|p1a: Luvdisc
|
|-weather|SunnyDay|[upkeep]
|upkeep
|
|t:|1757820026
|switch|p1a: Pelipper|Pelipper, F|100/100
|-weather|RainDance|[from] ability: Drizzle|[of] p1a: Pelipper
|turn|10
|
|t:|1757820038
|move|p2a: Serperior|Leaf Storm|p1a: Pelipper
|-damage|p1a: Pelipper|0 fnt
|-boost|p2a: Serperior|spa|2
|faint|p1a: Pelipper
|
|-weather|RainDance|[upkeep]
|upkeep
|c|☆chand man|gg
|
|t:|1757820047
|switch|p1a: Empoleon|Empoleon, F|100/100
|turn|11
|
|t:|1757820050
|move|p2a: Serperior|Leaf Storm|p1a: Empoleon
|-damage|p1a: Empoleon|0 fnt
|faint|p1a: Empoleon
|
|-weather|RainDance|[upkeep]
|upkeep
|
|t:|1757820054
|switch|p1a: Virizion|Virizion|100/100
|turn|12
|
|t:|1757820059
|move|p2a: Serperior|Tera Blast|p1a: Virizion|[anim] Tera Blast Fire
|-supereffective|p1a: Virizion
|-crit|p1a: Virizion
|-damage|p1a: Virizion|0 fnt
|faint|p1a: Virizion
|
|win|chand man
|raw|PakoSwine's rating: 1125 &rarr; <strong>1104</strong><br />(-21 for losing)
|raw|chand man's rating: 1177 &rarr; <strong>1198</strong><br />(+21 for winning)
|l|☆PakoSwine
|player|p1|
|l|☆chand man
|player|p2|
