|j|☆deco080055nexion
|j|☆vdzj
|t:|1757815944
|gametype|singles
|player|p1|deco080055nexion|1|1046
|player|p2|vdzj|parasollady|1063
|gen|9
|tier|[Gen 9] OU
|rated|
|rule|HP Percentage Mod: HP is shown in percentages
|rule|Endless Battle Clause: Forcing endless battles is banned
|rule|Species Clause: Limit one of each Pokémon
|rule|OHKO Clause: OHKO moves are banned
|rule|Evasion Items Clause: Evasion items are banned
|rule|Evasion Moves Clause: Evasion moves are banned
|rule|Evasion Abilities Clause: Evasion abilities are banned
|rule|Sleep Moves Clause: Sleep-inducing moves are banned
|clearpoke
|poke|p1|Infernape, M|
|poke|p1|Gholdengo|
|poke|p1|Gengar, M|
|poke|p1|Toxtricity, M|
|poke|p1|Gyarados, M|
|poke|p1|Scrafty, F|
|poke|p2|Cinderace, M|
|poke|p2|Enamorus, F|
|poke|p2|Ogerpon-Wellspring, F|
|poke|p2|Hawlucha, M|
|poke|p2|Iron Treads|
|poke|p2|Slowking-Galar, F|
|teampreview
|inactive|Battle timer is ON: inactive players will automatically lose when time's up. (requested by vdzj)
|inactive|deco080055nexion has 120 seconds left.
|
|t:|1757815995
|teamsize|p1|6
|teamsize|p2|6
|start
|switch|p1a: Latino promedio|Infernape, M|100/100
|switch|p2a: Iron Treads|Iron Treads|100/100
|-enditem|p2a: Iron Treads|Booster Energy
|-activate|p2a: Iron Treads|ability: Quark Drive|[fromitem]
|-start|p2a: Iron Treads|quarkdrivespe
|turn|1
|
|t:|1757816010
|-terastallize|p1a: Latino promedio|Ground
|move|p2a: Iron Treads|Volt Switch|p1a: Latino promedio
|-immune|p1a: Latino promedio
|move|p1a: Latino promedio|Close Combat|p2a: Iron Treads
|-supereffective|p2a: Iron Treads
|-damage|p2a: Iron Treads|21/100
|-unboost|p1a: Latino promedio|def|1
|-unboost|p1a: Latino promedio|spd|1
|
|upkeep
|turn|2
|
|t:|1757816021
|move|p2a: Iron Treads|Knock Off|p1a: Latino promedio
|-damage|p1a: Latino promedio|38/100
|-enditem|p1a: Latino promedio|Heavy-Duty Boots|[from] move: Knock Off|[of] p2a: Iron Treads
|move|p1a: Latino promedio|Flare Blitz|p2a: Iron Treads
|-supereffective|p2a: Iron Treads
|-damage|p2a: Iron Treads|0 fnt
|faint|p2a: Iron Treads
|-end|p2a: Iron Treads|Quark Drive|[silent]
|-damage|p1a: Latino promedio|30/100|[from] Recoil
|
|upkeep
|
|t:|1757816031
|switch|p2a: Hawlucha|Hawlucha, M, shiny|100/100
|turn|3
|
|t:|1757816041
|switch|p1a: Punkdaft|Toxtricity, M|100/100
|move|p2a: Hawlucha|Drain Punch|p1a: Punkdaft
|-resisted|p1a: Punkdaft
|-damage|p1a: Punkdaft|74/100
|
|upkeep
|turn|4
|
|t:|1757816054
|switch|p2a: Slowking|Slowking-Galar, F, shiny|100/100
|move|p1a: Punkdaft|Overdrive|p2a: Slowking
|-crit|p2a: Slowking
|-damage|p2a: Slowking|32/100
|
|-heal|p2a: Slowking|38/100|[from] item: Black Sludge
|upkeep
|turn|5
|
|t:|1757816064
|move|p1a: Punkdaft|Boomburst|p2a: Slowking
|-damage|p2a: Slowking|0 fnt
|faint|p2a: Slowking
|
|upkeep
|
|t:|1757816076
|switch|p2a: Enamorus|Enamorus, F|100/100
|turn|6
|
|t:|1757816083
|move|p2a: Enamorus|Earth Power|p1a: Punkdaft
|-supereffective|p1a: Punkdaft
|-damage|p1a: Punkdaft|0 fnt
|faint|p1a: Punkdaft
|
|upkeep
|
|t:|1757816088
|switch|p1a: Duki|Gengar, M|100/100
|-item|p1a: Duki|Air Balloon
|turn|7
|
|t:|1757816101
|switch|p2a: Cinderace|Cinderace, M|100/100
|move|p1a: Duki|Sludge Bomb|p2a: Cinderace
|-damage|p2a: Cinderace|41/100
|
|upkeep
|turn|8
|
|t:|1757816110
|move|p2a: Cinderace|Pyro Ball|p1a: Duki
|-damage|p1a: Duki|9/100
|-enditem|p1a: Duki|Air Balloon
|move|p1a: Duki|Substitute|p1a: Duki
|-fail|p1a: Duki|move: Substitute|[weak]
|
|upkeep
|turn|9
|
|t:|1757816122
|move|p2a: Cinderace|Pyro Ball|p1a: Duki|[miss]
|-miss|p2a: Cinderace|p1a: Duki
|move|p1a: Duki|Sludge Bomb|p2a: Cinderace
|-damage|p2a: Cinderace|0 fnt
|faint|p2a: Cinderace
|
|upkeep
|
|t:|1757816129
|switch|p2a: Ogerpon|Ogerpon-Wellspring, F|100/100
|turn|10
|
|t:|1757816134
|-terastallize|p2a: Ogerpon|Water
|detailschange|p2a: Ogerpon|Ogerpon-Wellspring-Tera, F, tera:Water
|-ability|p2a: Ogerpon|Embody Aspect (Wellspring)|boost
|-boost|p2a: Ogerpon|spd|1
|move|p1a: Duki|Sludge Bomb|p2a: Ogerpon
|-damage|p2a: Ogerpon|60/100
|move|p2a: Ogerpon|Trailblaze|p1a: Duki
|-resisted|p1a: Duki
|-damage|p1a: Duki|0 fnt
|-boost|p2a: Ogerpon|spe|1
|faint|p1a: Duki
|
|upkeep
|
|t:|1757816157
|switch|p1a: Pejerey|Gyarados, M, shiny|100/100
|-ability|p1a: Pejerey|Intimidate|boost
|-unboost|p2a: Ogerpon|atk|1
|turn|11
|
|t:|1757816174
|move|p2a: Ogerpon|Horn Leech|p1a: Pejerey
|-damage|p1a: Pejerey|64/100
|-heal|p2a: Ogerpon|83/100|[from] drain|[of] p1a: Pejerey
|move|p1a: Pejerey|Dragon Dance|p1a: Pejerey
|-boost|p1a: Pejerey|atk|1
|-boost|p1a: Pejerey|spe|1
|
|-heal|p1a: Pejerey|70/100|[from] item: Leftovers
|upkeep
|turn|12
|
|t:|1757816185
|move|p2a: Ogerpon|Trailblaze|p1a: Pejerey
|-damage|p1a: Pejerey|48/100
|-boost|p2a: Ogerpon|spe|1
|move|p1a: Pejerey|Body Slam|p2a: Ogerpon
|-damage|p2a: Ogerpon|23/100
|
|-heal|p1a: Pejerey|54/100|[from] item: Leftovers
|upkeep
|turn|13
|
|t:|1757816197
|move|p2a: Ogerpon|Horn Leech|p1a: Pejerey
|-damage|p1a: Pejerey|23/100
|-heal|p2a: Ogerpon|42/100|[from] drain|[of] p1a: Pejerey
|move|p1a: Pejerey|Body Slam|p2a: Ogerpon
|-damage|p2a: Ogerpon|0 fnt
|faint|p2a: Ogerpon
|detailschange|p2: Ogerpon|Ogerpon-Wellspring, F|[silent]
|
|-heal|p1a: Pejerey|30/100|[from] item: Leftovers
|upkeep
|
|t:|1757816208
|switch|p2a: Hawlucha|Hawlucha, M, shiny|100/100
|turn|14
|
|t:|1757816212
|move|p2a: Hawlucha|Acrobatics|p1a: Pejerey
|-damage|p1a: Pejerey|2/100
|move|p1a: Pejerey|Body Slam|p2a: Hawlucha
|-damage|p2a: Hawlucha|37/100
|-status|p2a: Hawlucha|par
|-enditem|p2a: Hawlucha|Sitrus Berry|[eat]
|-heal|p2a: Hawlucha|62/100 par|[from] item: Sitrus Berry
|
|-heal|p1a: Pejerey|8/100|[from] item: Leftovers
|upkeep
|turn|15
|
|t:|1757816225
|move|p2a: Hawlucha|Throat Chop|p1a: Pejerey
|-damage|p1a: Pejerey|0 fnt
|faint|p1a: Pejerey
|
|upkeep
|
|t:|1757816233
|switch|p1a: Latino promedio|Infernape, M, tera:Ground|30/100
|turn|16
|
|t:|1757816250
|move|p1a: Latino promedio|Flare Blitz|p2a: Hawlucha
|-damage|p2a: Hawlucha|0 fnt
|faint|p2a: Hawlucha
|-damage|p1a: Latino promedio|9/100|[from] Recoil
|
|upkeep
|
|t:|1757816255
|switch|p2a: Enamorus|Enamorus, F|100/100
|turn|17
|
|t:|1757816259
|move|p1a: Latino promedio|U-turn|p2a: Enamorus
|-resisted|p2a: Enamorus
|-damage|p2a: Enamorus|93/100
|
|t:|1757816262
|switch|p1a: Jamaikino español|Gholdengo|100/100|[from] U-turn
|move|p2a: Enamorus|Moonblast|p1a: Jamaikino español
|-resisted|p1a: Jamaikino español
|-damage|p1a: Jamaikino español|69/100
|-unboost|p1a: Jamaikino español|spa|1
|
|-heal|p2a: Enamorus|99/100|[from] item: Leftovers
|-heal|p1a: Jamaikino español|75/100|[from] item: Leftovers
|upkeep
|turn|18
|
|t:|1757816278
|move|p2a: Enamorus|Earth Power|p1a: Jamaikino español
|-supereffective|p1a: Jamaikino español
|-damage|p1a: Jamaikino español|0 fnt
|faint|p1a: Jamaikino español
|
|-heal|p2a: Enamorus|100/100|[from] item: Leftovers
|upkeep
|
|t:|1757816286
|switch|p1a: Latino promedio|Infernape, M, tera:Ground|9/100
|turn|19
|
|t:|1757816293
|move|p1a: Latino promedio|Flare Blitz|p2a: Enamorus
|-damage|p2a: Enamorus|0 fnt
|faint|p2a: Enamorus
|-damage|p1a: Latino promedio|0 fnt|[from] Recoil
|faint|p1a: Latino promedio
|
|win|deco080055nexion
|raw|deco080055nexion's rating: 1046 &rarr; <strong>1081</strong><br />(+35 for winning)
|raw|vdzj's rating: 1063 &rarr; <strong>1043</strong><br />(-20 for losing)
|l|☆vdzj
|player|p2|
