|j|☆spreadcrosser
|j|☆dragapult's force
|t:|1757910311
|gametype|singles
|player|p1|spreadcrosser|266|1253
|player|p2|dragapult's force|clair|1288
|gen|9
|tier|[Gen 9] OU
|rated|
|rule|HP Percentage Mod: HP is shown in percentages
|rule|Endless Battle Clause: Forcing endless battles is banned
|rule|Species Clause: Limit one of each Pokémon
|rule|OHKO Clause: OHKO moves are banned
|rule|Evasion Items Clause: Evasion items are banned
|rule|Evasion Moves Clause: Evasion moves are banned
|rule|Evasion Abilities Clause: Evasion abilities are banned
|rule|Sleep Moves Clause: Sleep-inducing moves are banned
|clearpoke
|poke|p1|Serperior, F|
|poke|p1|Kingambit, F|
|poke|p1|Excadrill, F|
|poke|p1|Iron Hands|
|poke|p1|Ceruledge, M|
|poke|p1|Raging Bolt|
|poke|p2|Landorus-Therian, M|
|poke|p2|Samurott-Hisui, F|
|poke|p2|Pecharunt|
|poke|p2|Scizor, M|
|poke|p2|Latios, M|
|poke|p2|Zamazenta-*|
|teampreview
|inactive|Battle timer is ON: inactive players will automatically lose when time's up. (requested by spreadcrosser)
|
|t:|1757910315
|teamsize|p1|6
|teamsize|p2|6
|start
|switch|p1a: Iron Hands|Iron Hands|100/100
|switch|p2a: Samurott|Samurott-Hisui, F|100/100
|-enditem|p1a: Iron Hands|Booster Energy
|-activate|p1a: Iron Hands|ability: Quark Drive|[fromitem]
|-start|p1a: Iron Hands|quarkdriveatk
|turn|1
|
|t:|1757910325
|switch|p2a: Landorus|Landorus-Therian, M|100/100
|-ability|p2a: Landorus|Intimidate|boost
|-unboost|p1a: Iron Hands|atk|1
|move|p1a: Iron Hands|Swords Dance|p1a: Iron Hands
|-boost|p1a: Iron Hands|atk|2
|
|upkeep
|turn|2
|
|t:|1757910329
|switch|p2a: Pecharunt|Pecharunt|100/100
|-terastallize|p1a: Iron Hands|Flying
|move|p1a: Iron Hands|Ice Punch|p2a: Pecharunt
|-damage|p2a: Pecharunt|67/100
|-status|p2a: Pecharunt|frz
|
|upkeep
|turn|3
|
|t:|1757910334
|cant|p2a: Pecharunt|frz
|move|p1a: Iron Hands|Swords Dance|p1a: Iron Hands
|-boost|p1a: Iron Hands|atk|2
|
|upkeep
|turn|4
|
|t:|1757910339
|cant|p2a: Pecharunt|frz
|move|p1a: Iron Hands|Swords Dance|p1a: Iron Hands
|-boost|p1a: Iron Hands|atk|2
|
|upkeep
|turn|5
|
|t:|1757910341
|cant|p2a: Pecharunt|frz
|move|p1a: Iron Hands|Supercell Slam|p2a: Pecharunt
|-damage|p2a: Pecharunt|0 fnt
|faint|p2a: Pecharunt
|
|upkeep
|
|t:|1757910344
|switch|p2a: Landorus|Landorus-Therian, M|100/100
|-ability|p2a: Landorus|Intimidate|boost
|-unboost|p1a: Iron Hands|atk|1
|turn|6
|
|t:|1757910353
|switch|p2a: Samurott|Samurott-Hisui, F|100/100
|move|p1a: Iron Hands|Ice Punch|p2a: Samurott
|-resisted|p2a: Samurott
|-damage|p2a: Samurott|29/100
|
|upkeep
|turn|7
|
|t:|1757910361
|move|p2a: Samurott|Ceaseless Edge|p1a: Iron Hands
|-damage|p1a: Iron Hands|66/100
|-sidestart|p1: spreadcrosser|Spikes
|move|p1a: Iron Hands|Ice Punch|p2a: Samurott
|-resisted|p2a: Samurott
|-damage|p2a: Samurott|0 fnt
|faint|p2a: Samurott
|
|upkeep
|
|t:|1757910369
|switch|p2a: Landorus|Landorus-Therian, M|100/100
|-ability|p2a: Landorus|Intimidate|boost
|-unboost|p1a: Iron Hands|atk|1
|turn|8
|
|t:|1757910373
|move|p2a: Landorus|Smack Down|p1a: Iron Hands
|-supereffective|p1a: Iron Hands
|-crit|p1a: Iron Hands
|-damage|p1a: Iron Hands|32/100
|-start|p1a: Iron Hands|Smack Down
|move|p1a: Iron Hands|Drain Punch|p2a: Landorus
|-resisted|p2a: Landorus
|-damage|p2a: Landorus|27/100
|-heal|p1a: Iron Hands|63/100|[from] drain|[of] p2a: Landorus
|-damage|p1a: Iron Hands|47/100|[from] item: Rocky Helmet|[of] p2a: Landorus
|
|upkeep
|turn|9
|
|t:|1757910376
|move|p2a: Landorus|Stealth Rock|p1a: Iron Hands
|-sidestart|p1: spreadcrosser|move: Stealth Rock
|move|p1a: Iron Hands|Ice Punch|p2a: Landorus
|-supereffective|p2a: Landorus
|-damage|p2a: Landorus|0 fnt
|-damage|p1a: Iron Hands|30/100|[from] item: Rocky Helmet|[of] p2a: Landorus
|faint|p2a: Landorus
|
|upkeep
|
|t:|1757910382
|switch|p2a: Latios|Latios, M|100/100
|turn|10
|
|t:|1757910388
|-end|p1a: Iron Hands|Quark Drive|[silent]
|switch|p1a: Excadrill|Excadrill, F|100/100
|-damage|p1a: Excadrill|88/100|[from] Spikes
|-damage|p1a: Excadrill|85/100|[from] Stealth Rock
|-ability|p1a: Excadrill|Mold Breaker
|move|p2a: Latios|Psychic Noise|p1a: Excadrill
|-resisted|p1a: Excadrill
|-damage|p1a: Excadrill|56/100
|-start|p1a: Excadrill|move: Heal Block
|
|upkeep
|turn|11
|
|t:|1757910393
|switch|p2a: Zamazenta|Zamazenta|100/100
|-ability|p2a: Zamazenta|Dauntless Shield|boost
|-boost|p2a: Zamazenta|def|1
|move|p1a: Excadrill|Rapid Spin|p2a: Zamazenta
|-damage|p2a: Zamazenta|92/100
|-boost|p1a: Excadrill|spe|1
|-sideend|p1: spreadcrosser|Spikes|[from] move: Rapid Spin|[of] p1a: Excadrill
|-sideend|p1: spreadcrosser|Stealth Rock|[from] move: Rapid Spin|[of] p1a: Excadrill
|
|-heal|p2a: Zamazenta|98/100|[from] item: Leftovers
|-end|p1a: Excadrill|move: Heal Block
|upkeep
|turn|12
|
|t:|1757910398
|move|p1a: Excadrill|Rock Tomb|p2a: Zamazenta
|-resisted|p2a: Zamazenta
|-damage|p2a: Zamazenta|93/100
|-unboost|p2a: Zamazenta|spe|1
|move|p2a: Zamazenta|Iron Defense|p2a: Zamazenta
|-boost|p2a: Zamazenta|def|2
|
|-heal|p2a: Zamazenta|99/100|[from] item: Leftovers
|upkeep
|turn|13
|
|t:|1757910406
|switch|p1a: Iron Hands|Iron Hands, tera:Flying|30/100
|move|p2a: Zamazenta|Iron Defense|p2a: Zamazenta
|-boost|p2a: Zamazenta|def|2
|
|-heal|p2a: Zamazenta|100/100|[from] item: Leftovers
|upkeep
|turn|14
|
|t:|1757910409
|move|p2a: Zamazenta|Body Press|p1a: Iron Hands
|-resisted|p1a: Iron Hands
|-damage|p1a: Iron Hands|0 fnt
|faint|p1a: Iron Hands
|-end|p1a: Iron Hands|Quark Drive|[silent]
|
|upkeep
|
|t:|1757910412
|switch|p1a: Serperior|Serperior, F|100/100
|turn|15
|
|t:|1757910415
|move|p1a: Serperior|Glare|p2a: Zamazenta
|-status|p2a: Zamazenta|par
|move|p2a: Zamazenta|Body Press|p1a: Serperior
|-crit|p1a: Serperior
|-damage|p1a: Serperior|0 fnt
|faint|p1a: Serperior
|
|upkeep
|
|t:|1757910420
|switch|p1a: Ceruledge|Ceruledge, M|100/100
|turn|16
|
|t:|1757910422
|move|p1a: Ceruledge|Swords Dance|p1a: Ceruledge
|-boost|p1a: Ceruledge|atk|2
|cant|p2a: Zamazenta|par
|
|upkeep
|turn|17
|
|t:|1757910426
|move|p1a: Ceruledge|Swords Dance|p1a: Ceruledge
|-boost|p1a: Ceruledge|atk|2
|move|p2a: Zamazenta|Crunch|p1a: Ceruledge
|-supereffective|p1a: Ceruledge
|-damage|p1a: Ceruledge|43/100
|-ability|p1a: Ceruledge|Weak Armor|boost
|-unboost|p1a: Ceruledge|def|1
|-boost|p1a: Ceruledge|spe|2
|
|upkeep
|turn|18
|
|t:|1757910428
|move|p1a: Ceruledge|Bitter Blade|p2a: Zamazenta
|-damage|p2a: Zamazenta|71/100 par
|-heal|p1a: Ceruledge|61/100|[from] drain|[of] p2a: Zamazenta
|cant|p2a: Zamazenta|par
|
|-heal|p2a: Zamazenta|77/100 par|[from] item: Leftovers
|upkeep
|turn|19
|
|t:|1757910431
|move|p1a: Ceruledge|Bitter Blade|p2a: Zamazenta
|-damage|p2a: Zamazenta|50/100 par
|-heal|p1a: Ceruledge|76/100|[from] drain|[of] p2a: Zamazenta
|move|p2a: Zamazenta|Crunch|p1a: Ceruledge
|-supereffective|p1a: Ceruledge
|-damage|p1a: Ceruledge|0 fnt
|faint|p1a: Ceruledge
|
|-heal|p2a: Zamazenta|57/100 par|[from] item: Leftovers
|upkeep
|
|t:|1757910435
|switch|p1a: Raging Bolt|Raging Bolt|100/100
|turn|20
|
|t:|1757910440
|move|p1a: Raging Bolt|Calm Mind|p1a: Raging Bolt
|-boost|p1a: Raging Bolt|spa|1
|-boost|p1a: Raging Bolt|spd|1
|cant|p2a: Zamazenta|par
|
|-heal|p2a: Zamazenta|63/100 par|[from] item: Leftovers
|upkeep
|turn|21
|
|t:|1757910445
|move|p1a: Raging Bolt|Thunderbolt|p2a: Zamazenta
|-damage|p2a: Zamazenta|0 fnt
|faint|p2a: Zamazenta
|
|upkeep
|
|t:|1757910448
|switch|p2a: Latios|Latios, M|100/100
|turn|22
|
|t:|1757910451
|move|p2a: Latios|Draco Meteor|p1a: Raging Bolt
|-supereffective|p1a: Raging Bolt
|-damage|p1a: Raging Bolt|13/100
|-unboost|p2a: Latios|spa|2
|move|p1a: Raging Bolt|Dragon Pulse|p2a: Latios
|-supereffective|p2a: Latios
|-damage|p2a: Latios|0 fnt
|faint|p2a: Latios
|
|-heal|p1a: Raging Bolt|19/100|[from] item: Leftovers
|upkeep
|
|t:|1757910456
|switch|p2a: Scizor|Scizor, M|100/100
|turn|23
|
|t:|1757910464
|-terastallize|p2a: Scizor|Electric
|move|p1a: Raging Bolt|Thunderclap||[still]
|-fail|p1a: Raging Bolt
|move|p2a: Scizor|Swords Dance|p2a: Scizor
|-boost|p2a: Scizor|atk|2
|
|-heal|p1a: Raging Bolt|25/100|[from] item: Leftovers
|upkeep
|turn|24
|
|t:|1757910469
|move|p2a: Scizor|Bullet Punch|p1a: Raging Bolt
|-resisted|p1a: Raging Bolt
|-damage|p1a: Raging Bolt|0 fnt
|faint|p1a: Raging Bolt
|-end|p1a: Raging Bolt|Protosynthesis|[silent]
|
|upkeep
|
|t:|1757910473
|switch|p1a: Excadrill|Excadrill, F|56/100
|-ability|p1a: Excadrill|Mold Breaker
|turn|25
|
|t:|1757910478
|move|p2a: Scizor|Bullet Punch|p1a: Excadrill
|-resisted|p1a: Excadrill
|-damage|p1a: Excadrill|5/100
|move|p1a: Excadrill|Earthquake|p2a: Scizor
|-supereffective|p2a: Scizor
|-damage|p2a: Scizor|0 fnt
|faint|p2a: Scizor
|
|win|spreadcrosser
|raw|spreadcrosser's rating: 1253 &rarr; <strong>1281</strong><br />(+28 for winning)
|raw|dragapult&apos;s force's rating: 1288 &rarr; <strong>1260</strong><br />(-28 for losing)
|l|☆dragapult's force
|player|p2|
|l|☆spreadcrosser
|player|p1|
