|j|☆cryogonow
|j|☆shifty hagar
|t:|1757929575
|gametype|singles
|player|p1|cryogonow|clerk|1108
|player|p2|shifty hagar|shadowtriad|1084
|gen|9
|tier|[Gen 9] OU
|rated|
|rule|HP Percentage Mod: HP is shown in percentages
|rule|Endless Battle Clause: Forcing endless battles is banned
|rule|Species Clause: Limit one of each Pokémon
|rule|OHKO Clause: OHKO moves are banned
|rule|Evasion Items Clause: Evasion items are banned
|rule|Evasion Moves Clause: Evasion moves are banned
|rule|Evasion Abilities Clause: Evasion abilities are banned
|rule|Sleep Moves Clause: Sleep-inducing moves are banned
|clearpoke
|poke|p1|Crawdaunt, M|
|poke|p1|Blissey, F|
|poke|p1|Pecharunt|
|poke|p1|Conkeldurr, F|
|poke|p1|Iron Crown|
|poke|p1|Salamence, M|
|poke|p2|Pelipper, M|
|poke|p2|Zapdos|
|poke|p2|Great Tusk|
|poke|p2|Floatzel, F|
|poke|p2|Overqwil, F|
|poke|p2|Tatsugiri, M|
|teampreview
|
|t:|1757929603
|teamsize|p1|6
|teamsize|p2|6
|start
|switch|p1a: Salamence|Salamence, M|100/100
|switch|p2a: Pelipper|Pelipper, M|100/100
|-ability|p1a: Salamence|Intimidate|boost
|-unboost|p2a: Pelipper|atk|1
|-weather|RainDance|[from] ability: Drizzle|[of] p2a: Pelipper
|turn|1
|
|t:|1757929650
|switch|p2a: Floatzel|Floatzel, F|100/100
|move|p1a: Salamence|Tailwind|p1a: Salamence
|-sidestart|p1: cryogonow|move: Tailwind
|
|-weather|RainDance|[upkeep]
|upkeep
|turn|2
|
|t:|1757929656
|-terastallize|p1a: Salamence|Steel
|move|p2a: Floatzel|Ice Spinner|p1a: Salamence
|-resisted|p1a: Salamence
|-damage|p1a: Salamence|88/100
|move|p1a: Salamence|Breaking Swipe|p2a: Floatzel
|-damage|p2a: Floatzel|48/100
|-unboost|p2a: Floatzel|atk|1
|
|-weather|RainDance|[upkeep]
|-heal|p1a: Salamence|94/100|[from] item: Leftovers
|upkeep
|turn|3
|
|t:|1757929665
|move|p2a: Floatzel|Wave Crash|p1a: Salamence
|-damage|p1a: Salamence|26/100
|-damage|p2a: Floatzel|21/100|[from] Recoil
|move|p1a: Salamence|Earthquake|p2a: Floatzel
|-damage|p2a: Floatzel|0 fnt
|faint|p2a: Floatzel
|
|-weather|RainDance|[upkeep]
|-heal|p1a: Salamence|32/100|[from] item: Leftovers
|upkeep
|
|t:|1757929673
|switch|p2a: Overqwil|Overqwil, F, shiny|100/100
|turn|4
|
|t:|1757929678
|-terastallize|p2a: Overqwil|Water
|move|p2a: Overqwil|Swords Dance|p2a: Overqwil
|-boost|p2a: Overqwil|atk|2
|move|p1a: Salamence|Roost|p1a: Salamence
|-heal|p1a: Salamence|82/100
|
|-weather|RainDance|[upkeep]
|-heal|p1a: Salamence|88/100|[from] item: Leftovers
|-sideend|p1: cryogonow|move: Tailwind
|upkeep
|turn|5
|
|t:|1757929685
|move|p2a: Overqwil|Liquidation|p1a: Salamence
|-damage|p1a: Salamence|0 fnt
|faint|p1a: Salamence
|-damage|p2a: Overqwil|91/100|[from] item: Life Orb
|
|-weather|RainDance|[upkeep]
|upkeep
|
|t:|1757929696
|switch|p1a: Pecharunt|Pecharunt|100/100
|turn|6
|
|t:|1757929702
|switch|p1a: Crawdaunt|Crawdaunt, M|100/100
|move|p2a: Overqwil|Liquidation|p1a: Crawdaunt
|-resisted|p1a: Crawdaunt
|-damage|p1a: Crawdaunt|26/100
|-damage|p2a: Overqwil|81/100|[from] item: Life Orb
|
|-weather|RainDance|[upkeep]
|upkeep
|turn|7
|
|t:|1757929714
|move|p2a: Overqwil|Liquidation|p1a: Crawdaunt
|-resisted|p1a: Crawdaunt
|-damage|p1a: Crawdaunt|0 fnt
|faint|p1a: Crawdaunt
|-damage|p2a: Overqwil|71/100|[from] item: Life Orb
|
|-weather|RainDance|[upkeep]
|upkeep
|
|t:|1757929727
|switch|p1a: Conkeldurr|Conkeldurr, F|100/100
|turn|8
|
|t:|1757929733
|move|p2a: Overqwil|Liquidation|p1a: Conkeldurr
|-damage|p1a: Conkeldurr|0 fnt
|faint|p1a: Conkeldurr
|-damage|p2a: Overqwil|61/100|[from] item: Life Orb
|
|-weather|none
|upkeep
|
|t:|1757929735
|switch|p1a: Iron Crown|Iron Crown|100/100
|turn|9
|
|t:|1757929742
|move|p1a: Iron Crown|Volt Switch|p2a: Overqwil
|-supereffective|p2a: Overqwil
|-damage|p2a: Overqwil|0 fnt
|faint|p2a: Overqwil
|
|t:|1757929745
|-end|p1a: Iron Crown|Quark Drive|[silent]
|switch|p1a: Pecharunt|Pecharunt|100/100|[from] Volt Switch
|
|upkeep
|
|t:|1757929764
|switch|p2a: Great Tusk|Great Tusk|100/100
|turn|10
|
|t:|1757929772
|move|p1a: Pecharunt|Malignant Chain|p2a: Great Tusk
|-resisted|p2a: Great Tusk
|-damage|p2a: Great Tusk|73/100
|move|p2a: Great Tusk|Headlong Rush|p1a: Pecharunt
|-supereffective|p1a: Pecharunt
|-damage|p1a: Pecharunt|21/100
|-unboost|p2a: Great Tusk|def|1
|-unboost|p2a: Great Tusk|spd|1
|
|-heal|p2a: Great Tusk|79/100|[from] item: Leftovers
|upkeep
|turn|11
|
|t:|1757929818
|move|p1a: Pecharunt|Malignant Chain|p2a: Great Tusk
|-resisted|p2a: Great Tusk
|-damage|p2a: Great Tusk|37/100
|-status|p2a: Great Tusk|tox
|-start|p2a: Great Tusk|confusion|[from] ability: Poison Puppeteer|[of] p1a: Pecharunt
|-activate|p2a: Great Tusk|confusion
|-damage|p2a: Great Tusk|26/100 tox|[from] confusion
|
|-heal|p2a: Great Tusk|32/100 tox|[from] item: Leftovers
|-damage|p2a: Great Tusk|26/100 tox|[from] psn
|upkeep
|turn|12
|
|t:|1757929834
|-end|p2a: Great Tusk|Protosynthesis|[silent]
|switch|p2a: Pelipper|Pelipper, M|100/100
|-weather|RainDance|[from] ability: Drizzle|[of] p2a: Pelipper
|move|p1a: Pecharunt|Recover|p1a: Pecharunt
|-heal|p1a: Pecharunt|71/100
|
|-weather|RainDance|[upkeep]
|upkeep
|turn|13
|
|t:|1757929837
|move|p1a: Pecharunt|Nasty Plot|p1a: Pecharunt
|-boost|p1a: Pecharunt|spa|2
|move|p2a: Pelipper|Hurricane|p1a: Pecharunt
|-crit|p1a: Pecharunt
|-damage|p1a: Pecharunt|3/100
|
|-weather|RainDance|[upkeep]
|upkeep
|turn|14
|
|t:|1757929841
|move|p1a: Pecharunt|Malignant Chain|p2a: Pelipper
|-crit|p2a: Pelipper
|-damage|p2a: Pelipper|0 fnt
|faint|p2a: Pelipper
|
|-weather|RainDance|[upkeep]
|upkeep
|
|t:|1757929849
|switch|p2a: Zapdos|Zapdos|100/100
|turn|15
|
|t:|1757929852
|move|p1a: Pecharunt|Malignant Chain|p2a: Zapdos
|-damage|p2a: Zapdos|17/100
|move|p2a: Zapdos|Hurricane|p1a: Pecharunt
|-damage|p1a: Pecharunt|0 fnt
|faint|p1a: Pecharunt
|
|-weather|RainDance|[upkeep]
|upkeep
|
|t:|1757929858
|switch|p1a: Blissey|Blissey, F|100/100
|turn|16
|
|t:|1757929868
|move|p2a: Zapdos|Roost|p2a: Zapdos
|-heal|p2a: Zapdos|68/100
|-singleturn|p2a: Zapdos|move: Roost
|move|p1a: Blissey|Calm Mind|p1a: Blissey
|-boost|p1a: Blissey|spa|1
|-boost|p1a: Blissey|spd|1
|
|-weather|RainDance|[upkeep]
|upkeep
|turn|17
|
|t:|1757929872
|move|p2a: Zapdos|Thunder|p1a: Blissey
|-damage|p1a: Blissey|91/100
|-status|p1a: Blissey|par
|move|p1a: Blissey|Calm Mind|p1a: Blissey
|-boost|p1a: Blissey|spa|1
|-boost|p1a: Blissey|spd|1
|
|-weather|RainDance|[upkeep]
|-heal|p1a: Blissey|97/100 par|[from] item: Leftovers
|upkeep
|turn|18
|
|t:|1757929877
|move|p2a: Zapdos|Hurricane|p1a: Blissey
|-damage|p1a: Blissey|90/100 par
|cant|p1a: Blissey|par
|
|-weather|RainDance|[upkeep]
|-heal|p1a: Blissey|96/100 par|[from] item: Leftovers
|upkeep
|turn|19
|
|t:|1757929883
|move|p2a: Zapdos|Hurricane|p1a: Blissey
|-damage|p1a: Blissey|90/100 par
|move|p1a: Blissey|Shadow Ball|p2a: Zapdos
|-damage|p2a: Zapdos|41/100
|
|-weather|none
|-heal|p1a: Blissey|96/100 par|[from] item: Leftovers
|upkeep
|turn|20
|
|t:|1757929888
|move|p2a: Zapdos|Hurricane|p1a: Blissey|[miss]
|-miss|p2a: Zapdos|p1a: Blissey
|move|p1a: Blissey|Calm Mind|p1a: Blissey
|-boost|p1a: Blissey|spa|1
|-boost|p1a: Blissey|spd|1
|
|-heal|p1a: Blissey|100/100 par|[from] item: Leftovers
|upkeep
|turn|21
|
|t:|1757929890
|move|p2a: Zapdos|Hurricane|p1a: Blissey
|-damage|p1a: Blissey|95/100 par
|cant|p1a: Blissey|par
|
|-heal|p1a: Blissey|100/100 par|[from] item: Leftovers
|upkeep
|turn|22
|
|t:|1757929898
|move|p2a: Zapdos|Hurricane|p1a: Blissey
|-damage|p1a: Blissey|95/100 par
|move|p1a: Blissey|Shadow Ball|p2a: Zapdos
|-damage|p2a: Zapdos|9/100
|
|-heal|p1a: Blissey|100/100 par|[from] item: Leftovers
|upkeep
|turn|23
|
|t:|1757929903
|move|p2a: Zapdos|Hurricane|p1a: Blissey
|-damage|p1a: Blissey|95/100 par
|-start|p1a: Blissey|confusion
|-activate|p1a: Blissey|confusion
|move|p1a: Blissey|Shadow Ball|p2a: Zapdos
|-damage|p2a: Zapdos|0 fnt
|faint|p2a: Zapdos
|
|-heal|p1a: Blissey|100/100 par|[from] item: Leftovers
|upkeep
|
|t:|1757929908
|switch|p2a: Great Tusk|Great Tusk|26/100 tox
|turn|24
|
|t:|1757929912
|move|p2a: Great Tusk|Close Combat|p1a: Blissey
|-supereffective|p1a: Blissey
|-damage|p1a: Blissey|0 fnt
|-unboost|p2a: Great Tusk|def|1
|-unboost|p2a: Great Tusk|spd|1
|faint|p1a: Blissey
|
|-heal|p2a: Great Tusk|32/100 tox|[from] item: Leftovers
|-damage|p2a: Great Tusk|26/100 tox|[from] psn
|upkeep
|
|t:|1757929914
|switch|p1a: Iron Crown|Iron Crown|100/100
|turn|25
|
|t:|1757929925
|move|p1a: Iron Crown|Psyshock|p2a: Great Tusk
|-supereffective|p2a: Great Tusk
|-damage|p2a: Great Tusk|0 fnt
|faint|p2a: Great Tusk
|-end|p2a: Great Tusk|Protosynthesis|[silent]
|
|upkeep
|
|t:|1757929927
|switch|p2a: Tatsugiri|Tatsugiri, M, shiny|100/100
|turn|26
|
|t:|1757929934
|move|p1a: Iron Crown|Psyshock|p2a: Tatsugiri
|-damage|p2a: Tatsugiri|0 fnt
|faint|p2a: Tatsugiri
|
|win|cryogonow
|raw|cryogonow's rating: 1108 &rarr; <strong>1131</strong><br />(+23 for winning)
|raw|shifty hagar's rating: 1084 &rarr; <strong>1063</strong><br />(-21 for losing)
|l|☆shifty hagar
|player|p2|
|l|☆cryogonow
|player|p1|
