|j|☆narutorasenganz
|j|☆Supa Dupa Hoopa
|t:|1757815029
|gametype|singles
|player|p1|narutorasenganz|169|1383
|player|p2|Supa Dupa Hoopa|265|1396
|gen|9
|tier|[Gen 9] OU
|rated|
|rule|HP Percentage Mod: HP is shown in percentages
|rule|Endless Battle Clause: Forcing endless battles is banned
|rule|Species Clause: Limit one of each Pokémon
|rule|OHKO Clause: OHKO moves are banned
|rule|Evasion Items Clause: Evasion items are banned
|rule|Evasion Moves Clause: Evasion moves are banned
|rule|Evasion Abilities Clause: Evasion abilities are banned
|rule|Sleep Moves Clause: Sleep-inducing moves are banned
|clearpoke
|poke|p1|Ninetales-Alola, F|
|poke|p1|Glimmora, F|
|poke|p1|Manaphy|
|poke|p1|Raging Bolt|
|poke|p1|Kingambit, M|
|poke|p1|Hoopa-Unbound|
|poke|p2|Great Tusk|
|poke|p2|Dragapult, M|
|poke|p2|Corviknight, F|
|poke|p2|Clodsire, M|
|poke|p2|Meowscarada, F|
|poke|p2|Toxtricity-Low-Key, F|
|teampreview
|
|t:|1757815042
|teamsize|p1|6
|teamsize|p2|6
|start
|switch|p1a: Ninetales|Ninetales-Alola, F|100/100
|switch|p2a: Toxtricity|Toxtricity-Low-Key, F|100/100
|-weather|Snowscape|[from] ability: Snow Warning|[of] p1a: Ninetales
|turn|1
|inactive|Battle timer is ON: inactive players will automatically lose when time's up. (requested by narutorasenganz)
|
|t:|1757815049
|move|p1a: Ninetales|Aurora Veil|p1a: Ninetales
|-sidestart|p1: narutorasenganz|move: Aurora Veil
|move|p2a: Toxtricity|Sludge Bomb|p1a: Ninetales
|-supereffective|p1a: Ninetales
|-damage|p1a: Ninetales|40/100
|
|-weather|Snowscape|[upkeep]
|upkeep
|turn|2
|
|t:|1757815058
|switch|p1a: Kingambit|Kingambit, M|100/100
|move|p2a: Toxtricity|Sludge Bomb|p1a: Kingambit
|-immune|p1a: Kingambit
|
|-weather|Snowscape|[upkeep]
|upkeep
|turn|3
|
|t:|1757815066
|switch|p2a: Corviknight|Corviknight, F|100/100
|-ability|p2a: Corviknight|Pressure
|move|p1a: Kingambit|Swords Dance|p1a: Kingambit
|-boost|p1a: Kingambit|atk|2
|
|-weather|Snowscape|[upkeep]
|upkeep
|turn|4
|
|t:|1757815074
|-terastallize|p1a: Kingambit|Ghost
|move|p2a: Corviknight|Bulk Up|p2a: Corviknight
|-boost|p2a: Corviknight|atk|1
|-boost|p2a: Corviknight|def|1
|move|p1a: Kingambit|Swords Dance|p1a: Kingambit
|-boost|p1a: Kingambit|atk|2
|
|-weather|Snowscape|[upkeep]
|upkeep
|turn|5
|
|t:|1757815082
|move|p2a: Corviknight|Bulk Up|p2a: Corviknight
|-boost|p2a: Corviknight|atk|1
|-boost|p2a: Corviknight|def|1
|move|p1a: Kingambit|Kowtow Cleave|p2a: Corviknight
|-damage|p2a: Corviknight|58/100
|
|-weather|none
|-heal|p2a: Corviknight|64/100|[from] item: Leftovers
|upkeep
|turn|6
|
|t:|1757815093
|move|p2a: Corviknight|Bulk Up|p2a: Corviknight
|-boost|p2a: Corviknight|atk|1
|-boost|p2a: Corviknight|def|1
|move|p1a: Kingambit|Kowtow Cleave|p2a: Corviknight
|-damage|p2a: Corviknight|28/100
|
|-heal|p2a: Corviknight|34/100|[from] item: Leftovers
|upkeep
|turn|7
|
|t:|1757815103
|-end|p1a: Kingambit|fallenundefined|[silent]
|switch|p1a: Raging Bolt|Raging Bolt|100/100
|move|p2a: Corviknight|Roost|p2a: Corviknight
|-heal|p2a: Corviknight|84/100
|-singleturn|p2a: Corviknight|move: Roost
|
|-heal|p2a: Corviknight|91/100|[from] item: Leftovers
|upkeep
|turn|8
|
|t:|1757815114
|switch|p2a: Clodsire|Clodsire, M|100/100
|move|p1a: Raging Bolt|Volt Switch|p2a: Clodsire
|-immune|p2a: Clodsire
|
|-sideend|p1: narutorasenganz|move: Aurora Veil
|upkeep
|turn|9
|
|t:|1757815124
|-end|p1a: Raging Bolt|Protosynthesis|[silent]
|switch|p1a: Glimmora|Glimmora, F|100/100
|move|p2a: Clodsire|Chilling Water|p1a: Glimmora
|-supereffective|p1a: Glimmora
|-damage|p1a: Glimmora|89/100
|-unboost|p1a: Glimmora|atk|1
|-enditem|p1a: Glimmora|Red Card|[of] p2a: Clodsire
|drag|p2a: Dragapult|Dragapult, M|100/100
|
|upkeep
|turn|10
|
|t:|1757815139
|move|p2a: Dragapult|Draco Meteor|p1a: Glimmora
|-damage|p1a: Glimmora|3/100
|-unboost|p2a: Dragapult|spa|2
|move|p1a: Glimmora|Spikes|p2a: Dragapult
|-sidestart|p2: Supa Dupa Hoopa|Spikes
|
|upkeep
|turn|11
|
|t:|1757815150
|move|p2a: Dragapult|Draco Meteor|p1a: Glimmora
|-damage|p1a: Glimmora|0 fnt
|-unboost|p2a: Dragapult|spa|2
|faint|p1a: Glimmora
|
|upkeep
|
|t:|1757815155
|switch|p1a: Manaphy|Manaphy|100/100
|turn|12
|
|t:|1757815170
|switch|p2a: Meowscarada|Meowscarada, F|100/100
|-damage|p2a: Meowscarada|88/100|[from] Spikes
|move|p1a: Manaphy|Take Heart|p1a: Manaphy
|-boost|p1a: Manaphy|spa|1
|-boost|p1a: Manaphy|spd|1
|
|upkeep
|turn|13
|
|t:|1757815185
|switch|p1a: Raging Bolt|Raging Bolt|100/100
|move|p2a: Meowscarada|Trick|p1a: Raging Bolt
|-start|p2a: Meowscarada|typechange|Psychic|[from] ability: Protean
|-activate|p2a: Meowscarada|move: Trick|[of] p1a: Raging Bolt
|-item|p1a: Raging Bolt|Choice Scarf|[from] move: Trick
|-item|p2a: Meowscarada|Choice Specs|[from] move: Trick
|
|upkeep
|turn|14
|
|t:|1757815198
|switch|p2a: Clodsire|Clodsire, M|100/100
|-damage|p2a: Clodsire|88/100|[from] Spikes
|move|p1a: Raging Bolt|Draco Meteor|p2a: Clodsire
|-damage|p2a: Clodsire|47/100
|-unboost|p1a: Raging Bolt|spa|2
|
|-heal|p2a: Clodsire|53/100|[from] item: Leftovers
|upkeep
|turn|15
|
|t:|1757815208
|-end|p1a: Raging Bolt|Protosynthesis|[silent]
|switch|p1a: Ninetales|Ninetales-Alola, F|40/100
|-weather|Snowscape|[from] ability: Snow Warning|[of] p1a: Ninetales
|move|p2a: Clodsire|Recover|p2a: Clodsire
|-heal|p2a: Clodsire|100/100
|
|-weather|Snowscape|[upkeep]
|upkeep
|turn|16
|
|t:|1757815217
|move|p1a: Ninetales|Encore|p2a: Clodsire
|-start|p2a: Clodsire|Encore
|move|p2a: Clodsire|Recover||[still]
|-fail|p2a: Clodsire|heal
|
|-weather|Snowscape|[upkeep]
|upkeep
|turn|17
|
|t:|1757815227
|switch|p2a: Toxtricity|Toxtricity-Low-Key, F|100/100
|-damage|p2a: Toxtricity|88/100|[from] Spikes
|move|p1a: Ninetales|Aurora Veil|p1a: Ninetales
|-sidestart|p1: narutorasenganz|move: Aurora Veil
|
|-weather|Snowscape|[upkeep]
|upkeep
|turn|18
|
|t:|1757815243
|move|p2a: Toxtricity|Volt Switch|p1a: Ninetales
|-damage|p1a: Ninetales|16/100
|
|t:|1757815251
|switch|p2a: Clodsire|Clodsire, M|100/100|[from] Volt Switch
|-damage|p2a: Clodsire|88/100|[from] Spikes
|move|p1a: Ninetales|Roar|p2a: Clodsire
|drag|p2a: Great Tusk|Great Tusk|100/100
|-damage|p2a: Great Tusk|88/100|[from] Spikes
|-enditem|p2a: Great Tusk|Booster Energy
|-activate|p2a: Great Tusk|ability: Protosynthesis|[fromitem]
|-start|p2a: Great Tusk|protosynthesisatk
|
|-weather|Snowscape|[upkeep]
|upkeep
|turn|19
|
|t:|1757815265
|-end|p2a: Great Tusk|Protosynthesis|[silent]
|switch|p2a: Corviknight|Corviknight, F|91/100
|-ability|p2a: Corviknight|Pressure
|move|p1a: Ninetales|Freeze-Dry|p2a: Corviknight
|-damage|p2a: Corviknight|69/100
|
|-weather|none
|-heal|p2a: Corviknight|75/100|[from] item: Leftovers
|upkeep
|turn|20
|
|t:|1757815281
|switch|p1a: Raging Bolt|Raging Bolt|100/100
|move|p2a: Corviknight|Roost|p2a: Corviknight
|-heal|p2a: Corviknight|100/100
|-singleturn|p2a: Corviknight|move: Roost
|
|upkeep
|turn|21
|
|t:|1757815291
|switch|p2a: Clodsire|Clodsire, M|88/100
|-damage|p2a: Clodsire|75/100|[from] Spikes
|move|p1a: Raging Bolt|Volt Switch|p2a: Clodsire
|-immune|p2a: Clodsire
|
|-heal|p2a: Clodsire|82/100|[from] item: Leftovers
|upkeep
|turn|22
|
|t:|1757815301
|-end|p1a: Raging Bolt|Protosynthesis|[silent]
|switch|p1a: Hoopa|Hoopa-Unbound|100/100
|move|p2a: Clodsire|Earthquake|p1a: Hoopa
|-damage|p1a: Hoopa|74/100
|
|-heal|p2a: Clodsire|88/100|[from] item: Leftovers
|upkeep
|turn|23
|
|t:|1757815311
|switch|p2a: Meowscarada|Meowscarada, F|88/100
|-damage|p2a: Meowscarada|76/100|[from] Spikes
|move|p1a: Hoopa|Future Sight|p2a: Meowscarada
|-start|p1a: Hoopa|move: Future Sight
|
|upkeep
|turn|24
|
|t:|1757815317
|move|p2a: Meowscarada|U-turn|p1a: Hoopa
|-start|p2a: Meowscarada|typechange|Bug|[from] ability: Protean
|-supereffective|p1a: Hoopa
|-damage|p1a: Hoopa|0 fnt
|faint|p1a: Hoopa
|
|t:|1757815334
|switch|p2a: Clodsire|Clodsire, M|88/100|[from] U-turn
|-damage|p2a: Clodsire|75/100|[from] Spikes
|
|-heal|p2a: Clodsire|82/100|[from] item: Leftovers
|-sideend|p1: narutorasenganz|move: Aurora Veil
|upkeep
|
|t:|1757815348
|switch|p1a: Manaphy|Manaphy|100/100
|turn|25
|
|t:|1757815351
|move|p1a: Manaphy|Acid Armor|p1a: Manaphy
|-boost|p1a: Manaphy|def|2
|move|p2a: Clodsire|Toxic|p1a: Manaphy
|-status|p1a: Manaphy|tox
|
|-end|p2a: Clodsire|move: Future Sight
|-supereffective|p2a: Clodsire
|-damage|p2a: Clodsire|8/100
|-heal|p2a: Clodsire|14/100|[from] item: Leftovers
|-damage|p1a: Manaphy|94/100 tox|[from] psn
|upkeep
|turn|26
|
|t:|1757815363
|move|p1a: Manaphy|Take Heart|p1a: Manaphy
|-boost|p1a: Manaphy|spa|1
|-boost|p1a: Manaphy|spd|1
|-curestatus|p1a: Manaphy|tox|[msg]
|move|p2a: Clodsire|Recover|p2a: Clodsire
|-heal|p2a: Clodsire|64/100
|
|-heal|p1a: Manaphy|100/100|[from] item: Leftovers
|-heal|p2a: Clodsire|70/100|[from] item: Leftovers
|upkeep
|turn|27
|
|t:|1757815373
|move|p1a: Manaphy|Take Heart|p1a: Manaphy
|-boost|p1a: Manaphy|spa|1
|-boost|p1a: Manaphy|spd|1
|move|p2a: Clodsire|Earthquake|p1a: Manaphy
|-damage|p1a: Manaphy|88/100
|
|-heal|p1a: Manaphy|94/100|[from] item: Leftovers
|-heal|p2a: Clodsire|76/100|[from] item: Leftovers
|upkeep
|turn|28
|
|t:|1757815385
|switch|p2a: Meowscarada|Meowscarada, F|76/100
|-damage|p2a: Meowscarada|64/100|[from] Spikes
|move|p1a: Manaphy|Take Heart|p1a: Manaphy
|-boost|p1a: Manaphy|spa|1
|-boost|p1a: Manaphy|spd|1
|
|-heal|p1a: Manaphy|99/100|[from] item: Leftovers
|upkeep
|turn|29
|
|t:|1757815395
|move|p2a: Meowscarada|Flower Trick|p1a: Manaphy
|-start|p2a: Meowscarada|typechange|Grass|[from] ability: Protean
|-supereffective|p1a: Manaphy
|-crit|p1a: Manaphy
|-damage|p1a: Manaphy|23/100
|move|p1a: Manaphy|Stored Power|p2a: Meowscarada
|-damage|p2a: Meowscarada|0 fnt
|faint|p2a: Meowscarada
|
|-heal|p1a: Manaphy|29/100|[from] item: Leftovers
|upkeep
|
|t:|1757815409
|switch|p2a: Dragapult|Dragapult, M|100/100
|-damage|p2a: Dragapult|88/100|[from] Spikes
|turn|30
|
|t:|1757815418
|-terastallize|p2a: Dragapult|Dragon
|move|p2a: Dragapult|Draco Meteor|p1a: Manaphy
|-damage|p1a: Manaphy|0 fnt
|-unboost|p2a: Dragapult|spa|2
|faint|p1a: Manaphy
|
|upkeep
|
|t:|1757815425
|switch|p1a: Raging Bolt|Raging Bolt|100/100
|turn|31
|
|t:|1757815431
|switch|p2a: Clodsire|Clodsire, M|76/100
|-damage|p2a: Clodsire|64/100|[from] Spikes
|move|p1a: Raging Bolt|Draco Meteor|p2a: Clodsire
|-crit|p2a: Clodsire
|-damage|p2a: Clodsire|4/100
|-unboost|p1a: Raging Bolt|spa|2
|
|-heal|p2a: Clodsire|11/100|[from] item: Leftovers
|upkeep
|turn|32
|
|t:|1757815458
|switch|p2a: Corviknight|Corviknight, F|100/100
|-ability|p2a: Corviknight|Pressure
|move|p1a: Raging Bolt|Draco Meteor|p2a: Corviknight
|-resisted|p2a: Corviknight
|-damage|p2a: Corviknight|83/100
|-unboost|p1a: Raging Bolt|spa|2
|
|-heal|p2a: Corviknight|89/100|[from] item: Leftovers
|upkeep
|turn|33
|
|t:|1757815471
|-end|p1a: Raging Bolt|Protosynthesis|[silent]
|switch|p1a: Kingambit|Kingambit, M, tera:Ghost|100/100
|-activate|p1a: Kingambit|ability: Supreme Overlord
|-start|p1a: Kingambit|fallen3|[silent]
|move|p2a: Corviknight|Bulk Up|p2a: Corviknight
|-boost|p2a: Corviknight|atk|1
|-boost|p2a: Corviknight|def|1
|
|-heal|p2a: Corviknight|95/100|[from] item: Leftovers
|upkeep
|turn|34
|
|t:|1757815481
|-end|p1a: Kingambit|fallen3|[silent]
|switch|p1a: Ninetales|Ninetales-Alola, F|16/100
|-weather|Snowscape|[from] ability: Snow Warning|[of] p1a: Ninetales
|move|p2a: Corviknight|Bulk Up|p2a: Corviknight
|-boost|p2a: Corviknight|atk|1
|-boost|p2a: Corviknight|def|1
|
|-weather|Snowscape|[upkeep]
|-heal|p2a: Corviknight|100/100|[from] item: Leftovers
|upkeep
|turn|35
|
|t:|1757815490
|switch|p2a: Dragapult|Dragapult, M, tera:Dragon|88/100
|-damage|p2a: Dragapult|76/100|[from] Spikes
|move|p1a: Ninetales|Roar|p2a: Dragapult
|drag|p2a: Toxtricity|Toxtricity-Low-Key, F|88/100
|-damage|p2a: Toxtricity|76/100|[from] Spikes
|
|-weather|Snowscape|[upkeep]
|upkeep
|turn|36
|
|t:|1757815500
|switch|p1a: Raging Bolt|Raging Bolt|100/100
|move|p2a: Toxtricity|Volt Switch|p1a: Raging Bolt
|-resisted|p1a: Raging Bolt
|-damage|p1a: Raging Bolt|90/100
|
|t:|1757815508
|switch|p2a: Corviknight|Corviknight, F|100/100|[from] Volt Switch
|-ability|p2a: Corviknight|Pressure
|
|-weather|Snowscape|[upkeep]
|upkeep
|turn|37
|
|t:|1757815518
|switch|p2a: Clodsire|Clodsire, M|11/100
|-damage|p2a: Clodsire|0 fnt|[from] Spikes
|faint|p2a: Clodsire
|move|p1a: Raging Bolt|Volt Switch|p2: Clodsire|[notarget]
|-fail|p1a: Raging Bolt
|
|-weather|Snowscape|[upkeep]
|upkeep
|
|t:|1757815527
|switch|p2a: Great Tusk|Great Tusk|88/100
|-damage|p2a: Great Tusk|76/100|[from] Spikes
|turn|38
|
|t:|1757815537
|-end|p1a: Raging Bolt|Protosynthesis|[silent]
|switch|p1a: Ninetales|Ninetales-Alola, F|16/100
|move|p2a: Great Tusk|Rapid Spin|p1a: Ninetales
|-damage|p1a: Ninetales|2/100
|-boost|p2a: Great Tusk|spe|1
|-sideend|p2: Supa Dupa Hoopa|Spikes|[from] move: Rapid Spin|[of] p2a: Great Tusk
|
|-weather|none
|upkeep
|turn|39
|
|t:|1757815547
|move|p2a: Great Tusk|Rapid Spin|p1a: Ninetales
|-damage|p1a: Ninetales|0 fnt
|-boost|p2a: Great Tusk|spe|1
|faint|p1a: Ninetales
|
|upkeep
|
|t:|1757815553
|switch|p1a: Raging Bolt|Raging Bolt|90/100
|turn|40
|
|t:|1757815559
|move|p2a: Great Tusk|Earthquake|p1a: Raging Bolt
|-supereffective|p1a: Raging Bolt
|-damage|p1a: Raging Bolt|0 fnt
|faint|p1a: Raging Bolt
|-end|p1a: Raging Bolt|Protosynthesis|[silent]
|
|upkeep
|
|t:|1757815564
|switch|p1a: Kingambit|Kingambit, M, tera:Ghost|100/100
|-activate|p1a: Kingambit|ability: Supreme Overlord
|-start|p1a: Kingambit|fallen5|[silent]
|turn|41
|
|t:|1757815569
|move|p2a: Great Tusk|Earthquake|p1a: Kingambit
|-damage|p1a: Kingambit|65/100
|move|p1a: Kingambit|Swords Dance|p1a: Kingambit
|-boost|p1a: Kingambit|atk|2
|
|upkeep
|turn|42
|
|t:|1757815577
|move|p2a: Great Tusk|Earthquake|p1a: Kingambit
|-damage|p1a: Kingambit|24/100
|move|p1a: Kingambit|Swords Dance|p1a: Kingambit
|-boost|p1a: Kingambit|atk|2
|
|upkeep
|turn|43
|
|t:|1757815586
|move|p1a: Kingambit|Sucker Punch|p2a: Great Tusk
|-resisted|p2a: Great Tusk
|-damage|p2a: Great Tusk|12/100
|move|p2a: Great Tusk|Earthquake|p1a: Kingambit
|-damage|p1a: Kingambit|0 fnt
|faint|p1a: Kingambit
|-end|p1a: Kingambit|fallen5|[silent]
|
|win|Supa Dupa Hoopa
|raw|narutorasenganz's rating: 1383 &rarr; <strong>1364</strong><br />(-19 for losing)
|raw|Supa Dupa Hoopa's rating: 1396 &rarr; <strong>1415</strong><br />(+19 for winning)
|l|☆Supa Dupa Hoopa
|player|p2|
