|j|☆goodgreatawesome99
|j|☆HuevozRancheroz
|t:|1757828611
|gametype|singles
|player|p1|goodgreatawesome99|101|1172
|player|p2|HuevozRancheroz|rosa|1258
|gen|9
|tier|[Gen 9] OU
|rated|
|rule|HP Percentage Mod: HP is shown in percentages
|rule|Endless Battle Clause: Forcing endless battles is banned
|rule|Species Clause: Limit one of each Pokémon
|rule|OHKO Clause: OHKO moves are banned
|rule|Evasion Items Clause: Evasion items are banned
|rule|Evasion Moves Clause: Evasion moves are banned
|rule|Evasion Abilities Clause: Evasion abilities are banned
|rule|Sleep Moves Clause: Sleep-inducing moves are banned
|clearpoke
|poke|p1|Braviary-Hisui, M|
|poke|p1|Slowking-Galar, M|
|poke|p1|Samurott-Hisui, M|
|poke|p1|Great Tusk|
|poke|p1|Scizor, F|
|poke|p1|Hydrapple, M|
|poke|p2|Pincurchin, M|
|poke|p2|Iron Moth|
|poke|p2|Iron Leaves|
|poke|p2|Alomomola, F|
|poke|p2|Weezing-Galar, F|
|poke|p2|Hatterene, F|
|teampreview
|inactive|Battle timer is ON: inactive players will automatically lose when time's up. (requested by HuevozRancheroz)
|
|t:|1757828620
|teamsize|p1|6
|teamsize|p2|6
|start
|switch|p1a: Slowking|Slowking-Galar, M|100/100
|switch|p2a: Pincurchin|Pincurchin, M|100/100
|-fieldstart|move: Electric Terrain|[from] ability: Electric Surge|[of] p2a: Pincurchin
|turn|1
|
|t:|1757828628
|move|p1a: Slowking|Sludge Bomb|p2a: Pincurchin
|-damage|p2a: Pincurchin|48/100
|move|p2a: Pincurchin|Thunder Wave|p1a: Slowking
|-status|p1a: Slowking|par
|
|upkeep
|turn|2
|
|t:|1757828637
|move|p2a: Pincurchin|Pain Split|p1a: Slowking
|-sethp|p1a: Slowking|69/100 par|[from] move: Pain Split|[silent]
|-sethp|p2a: Pincurchin|90/100|[from] move: Pain Split
|cant|p1a: Slowking|par
|
|upkeep
|turn|3
|
|t:|1757828659
|switch|p2a: Alomomola|Alomomola, F|100/100
|move|p1a: Slowking|Sludge Bomb|p2a: Alomomola
|-damage|p2a: Alomomola|65/100
|
|upkeep
|turn|4
|
|t:|1757828667
|move|p2a: Alomomola|Flip Turn|p1a: Slowking
|-damage|p1a: Slowking|52/100 par
|
|t:|1757828675
|switch|p2a: Weezing|Weezing-Galar, F|100/100|[from] Flip Turn
|move|p1a: Slowking|Sludge Bomb|p2a: Weezing
|-damage|p2a: Weezing|42/100
|
|-heal|p2a: Weezing|48/100|[from] item: Leftovers
|upkeep
|turn|5
|
|t:|1757828684
|move|p2a: Weezing|Pain Split|p1a: Slowking
|-sethp|p1a: Slowking|46/100 par|[from] move: Pain Split|[silent]
|-sethp|p2a: Weezing|55/100|[from] move: Pain Split
|move|p1a: Slowking|Psyshock|p2a: Weezing
|-supereffective|p2a: Weezing
|-damage|p2a: Weezing|4/100
|
|-heal|p2a: Weezing|10/100|[from] item: Leftovers
|upkeep
|turn|6
|
|t:|1757828694
|move|p2a: Weezing|Pain Split|p1a: Slowking
|-sethp|p1a: Slowking|28/100 par|[from] move: Pain Split|[silent]
|-sethp|p2a: Weezing|33/100|[from] move: Pain Split
|move|p1a: Slowking|Sludge Bomb|p2a: Weezing
|-damage|p2a: Weezing|0 fnt
|faint|p2a: Weezing
|
|upkeep
|
|t:|1757828704
|switch|p2a: Iron Leaves|Iron Leaves|100/100
|-activate|p2a: Iron Leaves|ability: Quark Drive
|-start|p2a: Iron Leaves|quarkdrivespe
|turn|7
|
|t:|1757828711
|switch|p1a: Samurott|Samurott-Hisui, M|100/100
|move|p2a: Iron Leaves|Psyblade|p1a: Samurott
|-immune|p1a: Samurott
|
|upkeep
|turn|8
|
|t:|1757828725
|switch|p1a: Scizor|Scizor, F|100/100
|move|p2a: Iron Leaves|Leaf Blade|p1a: Scizor
|-resisted|p1a: Scizor
|-damage|p1a: Scizor|89/100
|
|-fieldend|move: Electric Terrain
|-end|p2a: Iron Leaves|Quark Drive
|upkeep
|turn|9
|
|t:|1757828735
|-end|p2a: Iron Leaves|Quark Drive|[silent]
|switch|p2a: Pincurchin|Pincurchin, M|90/100
|-fieldstart|move: Electric Terrain|[from] ability: Electric Surge|[of] p2a: Pincurchin
|move|p1a: Scizor|Bug Bite|p2a: Pincurchin
|-damage|p2a: Pincurchin|29/100
|-damage|p1a: Scizor|79/100|[from] item: Life Orb
|
|upkeep
|turn|10
|
|t:|1757828743
|move|p1a: Scizor|Bug Bite|p2a: Pincurchin
|-damage|p2a: Pincurchin|0 fnt
|faint|p2a: Pincurchin
|-damage|p1a: Scizor|69/100|[from] item: Life Orb
|
|upkeep
|
|t:|1757828748
|switch|p2a: Iron Moth|Iron Moth|100/100
|-item|p2a: Iron Moth|Air Balloon
|-activate|p2a: Iron Moth|ability: Quark Drive
|-start|p2a: Iron Moth|quarkdrivespe
|turn|11
|
|t:|1757828758
|switch|p1a: Samurott|Samurott-Hisui, M|100/100
|-terastallize|p2a: Iron Moth|Fire
|move|p2a: Iron Moth|Fiery Dance|p1a: Samurott
|-resisted|p1a: Samurott
|-damage|p1a: Samurott|78/100
|-boost|p2a: Iron Moth|spa|1
|
|upkeep
|turn|12
|
|t:|1757828785
|-terastallize|p1a: Samurott|Poison
|move|p2a: Iron Moth|Bug Buzz|p1a: Samurott
|-resisted|p1a: Samurott
|-damage|p1a: Samurott|58/100
|move|p1a: Samurott|Aqua Cutter|p2a: Iron Moth
|-supereffective|p2a: Iron Moth
|-damage|p2a: Iron Moth|0 fnt
|-enditem|p2a: Iron Moth|Air Balloon
|faint|p2a: Iron Moth
|-end|p2a: Iron Moth|Quark Drive|[silent]
|
|upkeep
|
|t:|1757828795
|switch|p2a: Iron Leaves|Iron Leaves|100/100
|-activate|p2a: Iron Leaves|ability: Quark Drive
|-start|p2a: Iron Leaves|quarkdrivespe
|turn|13
|
|t:|1757828811
|move|p2a: Iron Leaves|Psyblade|p1a: Samurott
|-supereffective|p1a: Samurott
|-damage|p1a: Samurott|0 fnt
|faint|p1a: Samurott
|
|upkeep
|inactive|goodgreatawesome99 has 120 seconds left.
|
|t:|1757828822
|switch|p1a: Hydrapple|Hydrapple, M|100/100
|turn|14
|inactive|goodgreatawesome99 has 120 seconds left.
|
|t:|1757828836
|move|p2a: Iron Leaves|Swords Dance|p2a: Iron Leaves
|-boost|p2a: Iron Leaves|atk|2
|move|p1a: Hydrapple|Draco Meteor|p2a: Iron Leaves
|-damage|p2a: Iron Leaves|7/100
|-unboost|p1a: Hydrapple|spa|2
|
|upkeep
|turn|15
|inactive|goodgreatawesome99 has 120 seconds left.
|
|t:|1757828866
|switch|p1a: Slowking|Slowking-Galar, M|61/100 par
|move|p2a: Iron Leaves|Psyblade|p1a: Slowking
|-damage|p1a: Slowking|0 fnt
|faint|p1a: Slowking
|-heal|p2a: Iron Leaves|15/100|[from] item: Shell Bell|[of] p1: Slowking
|
|upkeep
|
|t:|1757828875
|switch|p1a: Scizor|Scizor, F|69/100
|turn|16
|
|t:|1757828882
|-end|p2a: Iron Leaves|Quark Drive|[silent]
|switch|p2a: Alomomola|Alomomola, F|99/100
|move|p1a: Scizor|Bullet Punch|p2a: Alomomola
|-resisted|p2a: Alomomola
|-damage|p2a: Alomomola|84/100
|-damage|p1a: Scizor|53/100|[from] item: Rocky Helmet|[of] p2a: Alomomola
|-damage|p1a: Scizor|43/100|[from] item: Life Orb
|
|-fieldend|move: Electric Terrain
|upkeep
|turn|17
|
|t:|1757828895
|switch|p1a: Braviary|Braviary-Hisui, M|100/100
|move|p2a: Alomomola|Wish|p2a: Alomomola
|
|upkeep
|turn|18
|
|t:|1757828903
|move|p1a: Braviary|Agility|p1a: Braviary
|-boost|p1a: Braviary|spe|2
|move|p2a: Alomomola|Flip Turn|p1a: Braviary
|-damage|p1a: Braviary|82/100
|
|t:|1757828905
|switch|p2a: Iron Leaves|Iron Leaves|15/100|[from] Flip Turn
|
|-heal|p2a: Iron Leaves|83/100|[from] move: Wish|[wisher] Alomomola
|upkeep
|turn|19
|inactive|goodgreatawesome99 has 120 seconds left.
|
|t:|1757828915
|move|p1a: Braviary|Heat Wave|p2a: Iron Leaves
|-supereffective|p2a: Iron Leaves
|-damage|p2a: Iron Leaves|0 fnt
|faint|p2a: Iron Leaves
|-end|p2a: Iron Leaves|Quark Drive|[silent]
|
|upkeep
|
|t:|1757828919
|switch|p2a: Hatterene|Hatterene, F|100/100
|turn|20
|
|t:|1757828925
|move|p1a: Braviary|Hurricane|p2a: Hatterene
|-damage|p2a: Hatterene|12/100
|move|p2a: Hatterene|Nuzzle|p1a: Braviary
|-supereffective|p1a: Braviary
|-damage|p1a: Braviary|74/100
|-status|p1a: Braviary|par
|
|-heal|p2a: Hatterene|18/100|[from] item: Leftovers
|upkeep
|turn|21
|
|t:|1757828936
|move|p1a: Braviary|Psychic|p2a: Hatterene
|-resisted|p2a: Hatterene
|-damage|p2a: Hatterene|0 fnt
|faint|p2a: Hatterene
|
|upkeep
|-message|HuevozRancheroz forfeited.
|
|win|goodgreatawesome99
|raw|goodgreatawesome99's rating: 1172 &rarr; <strong>1203</strong><br />(+31 for winning)
|raw|HuevozRancheroz's rating: 1258 &rarr; <strong>1227</strong><br />(-31 for losing)
|l|☆HuevozRancheroz
|player|p2|
|l|☆goodgreatawesome99
|player|p1|
