|j|☆mathismathin
|j|☆lowladdermenace_69
|t:|1757899896
|gametype|singles
|player|p1|mathismathin|hilbert|1549
|player|p2|lowladdermenace_69|swimmerf-gen8|1574
|gen|9
|tier|[Gen 9] OU
|rated|
|rule|HP Percentage Mod: HP is shown in percentages
|rule|Endless Battle Clause: Forcing endless battles is banned
|rule|Species Clause: Limit one of each Pokémon
|rule|OHKO Clause: OHKO moves are banned
|rule|Evasion Items Clause: Evasion items are banned
|rule|Evasion Moves Clause: Evasion moves are banned
|rule|Evasion Abilities Clause: Evasion abilities are banned
|rule|Sleep Moves Clause: Sleep-inducing moves are banned
|clearpoke
|poke|p1|Azumarill, M|
|poke|p1|Exeggutor-Alola, M|
|poke|p1|Rampardos, F|
|poke|p1|Keldeo-Resolute|
|poke|p1|Latios, M|
|poke|p1|Araquanid, M|
|poke|p2|Zamazenta-*|
|poke|p2|Ninetales-Alola, F|
|poke|p2|Darkrai|
|poke|p2|Ceruledge, M|
|poke|p2|Gliscor, M|
|poke|p2|Hatterene, F|
|teampreview
|inactive|Battle timer is ON: inactive players will automatically lose when time's up. (requested by lowladdermenace_69)
|
|t:|1757899926
|teamsize|p1|6
|teamsize|p2|6
|start
|switch|p1a: Rampardos|Rampardos, F|100/100
|switch|p2a: Ninetales|Ninetales-Alola, F|100/100
|-weather|Snowscape|[from] ability: Snow Warning|[of] p2a: Ninetales
|turn|1
|
|t:|1757899937
|switch|p2a: Zamazenta|Zamazenta|100/100
|-ability|p2a: Zamazenta|Dauntless Shield|boost
|-boost|p2a: Zamazenta|def|1
|move|p1a: Rampardos|Rock Slide|p2a: Zamazenta|[miss]
|-miss|p1a: Rampardos|p2a: Zamazenta
|
|-weather|Snowscape|[upkeep]
|upkeep
|turn|2
|
|t:|1757899954
|switch|p2a: Ninetales|Ninetales-Alola, F|100/100
|switch|p1a: Azumarill|Azumarill, M|100/100
|
|-weather|Snowscape|[upkeep]
|upkeep
|turn|3
|
|t:|1757899962
|move|p2a: Ninetales|Aurora Veil|p2a: Ninetales
|-sidestart|p2: lowladdermenace_69|move: Aurora Veil
|move|p1a: Azumarill|Whirlpool|p2a: Ninetales
|-damage|p2a: Ninetales|97/100
|-activate|p2a: Ninetales|move: Whirlpool|[of] p1a: Azumarill
|
|-weather|Snowscape|[upkeep]
|-damage|p2a: Ninetales|85/100|[from] move: Whirlpool|[partiallytrapped]
|upkeep
|turn|4
|
|t:|1757899967
|move|p2a: Ninetales|Freeze-Dry|p1a: Azumarill
|-supereffective|p1a: Azumarill
|-damage|p1a: Azumarill|57/100
|move|p1a: Azumarill|Perish Song|p1a: Azumarill
|-start|p1a: Azumarill|perish3|[silent]
|-start|p2a: Ninetales|perish3|[silent]
|-fieldactivate|move: Perish Song
|
|-weather|Snowscape|[upkeep]
|-heal|p1a: Azumarill|63/100|[from] item: Leftovers
|-damage|p2a: Ninetales|72/100|[from] move: Whirlpool|[partiallytrapped]
|-start|p2a: Ninetales|perish3
|-start|p1a: Azumarill|perish3
|upkeep
|turn|5
|
|t:|1757899974
|move|p1a: Azumarill|Protect|p1a: Azumarill
|-singleturn|p1a: Azumarill|Protect
|move|p2a: Ninetales|Roar|p1a: Azumarill
|drag|p1a: Latios|Latios, M|100/100
|
|-weather|none
|-end|p2a: Ninetales|Whirlpool|[partiallytrapped]|[silent]
|-start|p2a: Ninetales|perish2
|upkeep
|turn|6
|
|t:|1757899990
|switch|p2a: Hatterene|Hatterene, F|100/100
|move|p1a: Latios|Substitute|p1a: Latios
|-start|p1a: Latios|Substitute
|-damage|p1a: Latios|76/100
|
|upkeep
|turn|7
|
|t:|1757899995
|switch|p1a: Rampardos|Rampardos, F|100/100
|move|p2a: Hatterene|Calm Mind|p2a: Hatterene
|-boost|p2a: Hatterene|spa|1
|-boost|p2a: Hatterene|spd|1
|
|upkeep
|turn|8
|
|t:|1757899999
|move|p1a: Rampardos|Rock Slide|p2a: Hatterene
|-crit|p2a: Hatterene
|-damage|p2a: Hatterene|0 fnt
|faint|p2a: Hatterene
|
|upkeep
|
|t:|1757900013
|switch|p2a: Gliscor|Gliscor, M|100/100
|turn|9
|
|t:|1757900020
|move|p2a: Gliscor|Agility|p2a: Gliscor
|-boost|p2a: Gliscor|spe|2
|move|p1a: Rampardos|Blizzard|p2a: Gliscor|[miss]
|-miss|p1a: Rampardos|p2a: Gliscor
|
|-status|p2a: Gliscor|tox|[from] item: Toxic Orb
|upkeep
|turn|10
|
|t:|1757900029
|-terastallize|p2a: Gliscor|Normal
|move|p2a: Gliscor|Swords Dance|p2a: Gliscor
|-boost|p2a: Gliscor|atk|2
|move|p1a: Rampardos|Blizzard|p2a: Gliscor
|-damage|p2a: Gliscor|84/100 tox
|
|-heal|p2a: Gliscor|97/100 tox|[from] ability: Poison Heal
|-sideend|p2: lowladdermenace_69|move: Aurora Veil
|upkeep
|turn|11
|
|t:|1757900047
|-terastallize|p1a: Rampardos|Fighting
|move|p2a: Gliscor|Earthquake|p1a: Rampardos
|-damage|p1a: Rampardos|10/100
|move|p1a: Rampardos|Hammer Arm|p2a: Gliscor|[miss]
|-miss|p1a: Rampardos|p2a: Gliscor
|
|-heal|p2a: Gliscor|100/100 tox|[from] ability: Poison Heal
|upkeep
|turn|12
|-message|mathismathin forfeited.
|
|win|lowladdermenace_69
|raw|mathismathin's rating: 1528 &rarr; <strong>1511</strong><br />(-17 for losing)
|raw|lowladdermenace_69's rating: 1574 &rarr; <strong>1591</strong><br />(+17 for winning)
|l|☆mathismathin
|player|p1|
|l|☆lowladdermenace_69
|player|p2|
