|j|☆kenxniper
|j|☆IDWTLA
|t:|1757901869
|gametype|singles
|player|p1|kenxniper|gladion-masters|1386
|player|p2|IDWTLA|scientist-gen4dp|1384
|gen|9
|tier|[Gen 9] OU
|rated|
|rule|HP Percentage Mod: HP is shown in percentages
|rule|Endless Battle Clause: Forcing endless battles is banned
|rule|Species Clause: Limit one of each Pokémon
|rule|OHKO Clause: OHKO moves are banned
|rule|Evasion Items Clause: Evasion items are banned
|rule|Evasion Moves Clause: Evasion moves are banned
|rule|Evasion Abilities Clause: Evasion abilities are banned
|rule|Sleep Moves Clause: Sleep-inducing moves are banned
|clearpoke
|poke|p1|Primarina, F|
|poke|p1|Raging Bolt|
|poke|p1|Scizor, M|
|poke|p1|Gholdengo|
|poke|p1|Great Tusk|
|poke|p1|Rillaboom, F|
|poke|p2|Zapdos-Galar|
|poke|p2|Landorus-Therian, M|
|poke|p2|Dragapult, M|
|poke|p2|Slowking-Galar, M|
|poke|p2|Great Tusk|
|poke|p2|Alomomola, M|
|teampreview
|
|t:|1757901879
|teamsize|p1|6
|teamsize|p2|6
|start
|switch|p1a: Primarina|Primarina, F|100/100
|switch|p2a: Zapdos|Zapdos-Galar|100/100
|turn|1
|j| ulisesdiogenes
|
|t:|1757901886
|move|p2a: Zapdos|U-turn|p1a: Primarina
|-resisted|p1a: Primarina
|-damage|p1a: Primarina|78/100
|
|t:|1757901889
|switch|p2a: Slowking|Slowking-Galar, M|100/100|[from] U-turn
|move|p1a: Primarina|Moonblast|p2a: Slowking
|-resisted|p2a: Slowking
|-damage|p2a: Slowking|85/100
|
|upkeep
|turn|2
|
|t:|1757901897
|switch|p1a: Gholdengo|Gholdengo|100/100
|-prepare|p2a: Slowking|Chilly Reception|[premajor]
|move|p2a: Slowking|Chilly Reception|p2a: Slowking
|-weather|Snowscape
|
|t:|1757901907
|switch|p2a: Dragapult|Dragapult, M|100/100|[from] Chilly Reception
|
|-weather|Snowscape|[upkeep]
|upkeep
|turn|3
|
|t:|1757901922
|switch|p2a: Landorus|Landorus-Therian, M|100/100
|-ability|p2a: Landorus|Intimidate|boost
|-unboost|p1a: Gholdengo|atk|1
|move|p1a: Gholdengo|Hex|p2a: Landorus
|-damage|p2a: Landorus|56/100
|
|-weather|Snowscape|[upkeep]
|upkeep
|turn|4
|inactive|Battle timer is ON: inactive players will automatically lose when time's up. (requested by kenxniper)
|
|t:|1757901935
|switch|p1a: Rillaboom|Rillaboom, F|100/100
|-fieldstart|move: Grassy Terrain|[from] ability: Grassy Surge|[of] p1a: Rillaboom
|move|p2a: Landorus|U-turn|p1a: Rillaboom
|-supereffective|p1a: Rillaboom
|-damage|p1a: Rillaboom|55/100
|
|t:|1757901942
|switch|p2a: Zapdos|Zapdos-Galar|100/100|[from] U-turn
|
|-weather|Snowscape|[upkeep]
|-heal|p1a: Rillaboom|61/100|[from] Grassy Terrain
|upkeep
|turn|5
|
|t:|1757901949
|move|p2a: Zapdos|U-turn|p1a: Rillaboom
|-supereffective|p1a: Rillaboom
|-damage|p1a: Rillaboom|0 fnt
|faint|p1a: Rillaboom
|
|t:|1757901953
|switch|p2a: Landorus|Landorus-Therian, M|56/100|[from] U-turn
|
|-weather|Snowscape|[upkeep]
|upkeep
|
|t:|1757901960
|switch|p1a: Scizor|Scizor, M|100/100
|turn|6
|
|t:|1757901966
|move|p2a: Landorus|Stealth Rock|p1a: Scizor
|-sidestart|p1: kenxniper|move: Stealth Rock
|move|p1a: Scizor|Swords Dance|p1a: Scizor
|-boost|p1a: Scizor|atk|2
|
|-weather|none
|upkeep
|turn|7
|
|t:|1757901974
|move|p2a: Landorus|Taunt|p1a: Scizor
|-start|p1a: Scizor|move: Taunt
|cant|p1a: Scizor|move: Taunt|Swords Dance
|
|upkeep
|turn|8
|
|t:|1757901979
|move|p1a: Scizor|Bullet Punch|p2a: Landorus
|-damage|p2a: Landorus|5/100
|-damage|p1a: Scizor|84/100|[from] item: Rocky Helmet|[of] p2a: Landorus
|move|p2a: Landorus|U-turn|p1a: Scizor
|-resisted|p1a: Scizor
|-damage|p1a: Scizor|74/100
|
|t:|1757901986
|switch|p2a: Zapdos|Zapdos-Galar|100/100|[from] U-turn
|
|-heal|p1a: Scizor|80/100|[from] Grassy Terrain
|-heal|p1a: Scizor|86/100|[from] item: Leftovers
|-fieldend|move: Grassy Terrain
|upkeep
|turn|9
|
|t:|1757901995
|-terastallize|p2a: Zapdos|Steel
|move|p1a: Scizor|Bullet Punch|p2a: Zapdos
|-resisted|p2a: Zapdos
|-damage|p2a: Zapdos|61/100
|move|p2a: Zapdos|Brave Bird|p1a: Scizor
|-damage|p1a: Scizor|1/100
|-damage|p2a: Zapdos|31/100|[from] Recoil
|
|-heal|p1a: Scizor|7/100|[from] item: Leftovers
|-end|p1a: Scizor|move: Taunt
|upkeep
|turn|10
|l| ulisesdiogenes
|
|t:|1757902009
|switch|p2a: Landorus|Landorus-Therian, M|5/100
|-ability|p2a: Landorus|Intimidate|boost
|-unboost|p1a: Scizor|atk|1
|move|p1a: Scizor|Bullet Punch|p2a: Landorus
|-damage|p2a: Landorus|0 fnt
|-damage|p1a: Scizor|0 fnt|[from] item: Rocky Helmet|[of] p2a: Landorus
|faint|p2a: Landorus
|faint|p1a: Scizor
|
|upkeep
|
|t:|1757902020
|switch|p2a: Dragapult|Dragapult, M|100/100
|switch|p1a: Raging Bolt|Raging Bolt|100/100
|-damage|p1a: Raging Bolt|88/100|[from] Stealth Rock
|turn|11
|
|t:|1757902029
|-terastallize|p1a: Raging Bolt|Fairy
|move|p2a: Dragapult|U-turn|p1a: Raging Bolt
|-resisted|p1a: Raging Bolt
|-crit|p1a: Raging Bolt
|-damage|p1a: Raging Bolt|78/100
|
|t:|1757902034
|switch|p2a: Slowking|Slowking-Galar, M|100/100|[from] U-turn
|move|p1a: Raging Bolt|Draco Meteor|p2a: Slowking
|-damage|p2a: Slowking|56/100
|-unboost|p1a: Raging Bolt|spa|2
|
|-heal|p1a: Raging Bolt|84/100|[from] item: Leftovers
|upkeep
|turn|12
|
|t:|1757902045
|move|p1a: Raging Bolt|Volt Switch|p2a: Slowking
|-damage|p2a: Slowking|42/100
|
|t:|1757902048
|-end|p1a: Raging Bolt|Protosynthesis|[silent]
|switch|p1a: Gholdengo|Gholdengo|100/100|[from] Volt Switch
|-damage|p1a: Gholdengo|94/100|[from] Stealth Rock
|move|p2a: Slowking|Toxic|p1a: Gholdengo
|-immune|p1a: Gholdengo|[from] ability: Good as Gold
|
|-heal|p1a: Gholdengo|100/100|[from] item: Leftovers
|upkeep
|turn|13
|
|t:|1757902060
|switch|p2a: Great Tusk|Great Tusk|100/100
|move|p1a: Gholdengo|Thunder Wave|p2a: Great Tusk
|-immune|p2a: Great Tusk
|
|upkeep
|turn|14
|
|t:|1757902067
|move|p2a: Great Tusk|Headlong Rush|p1a: Gholdengo
|-supereffective|p1a: Gholdengo
|-damage|p1a: Gholdengo|0 fnt
|-unboost|p2a: Great Tusk|def|1
|-unboost|p2a: Great Tusk|spd|1
|faint|p1a: Gholdengo
|
|upkeep
|
|t:|1757902070
|switch|p1a: Great Tusk|Great Tusk|100/100
|turn|15
|
|t:|1757902076
|-end|p2a: Great Tusk|Protosynthesis|[silent]
|switch|p2a: Alomomola|Alomomola, M|100/100
|move|p1a: Great Tusk|Ice Spinner|p2a: Alomomola
|-resisted|p2a: Alomomola
|-damage|p2a: Alomomola|94/100
|
|upkeep
|turn|16
|
|t:|1757902083
|move|p1a: Great Tusk|Rapid Spin|p2a: Alomomola
|-damage|p2a: Alomomola|84/100
|-boost|p1a: Great Tusk|spe|1
|-sideend|p1: kenxniper|Stealth Rock|[from] move: Rapid Spin|[of] p1a: Great Tusk
|move|p2a: Alomomola|Wish|p2a: Alomomola
|
|upkeep
|turn|17
|
|t:|1757902089
|-end|p1a: Great Tusk|Protosynthesis|[silent]
|switch|p1a: Raging Bolt|Raging Bolt, tera:Fairy|84/100
|move|p2a: Alomomola|Flip Turn|p1a: Raging Bolt
|-damage|p1a: Raging Bolt|71/100
|
|t:|1757902099
|switch|p2a: Slowking|Slowking-Galar, M|75/100|[from] Flip Turn
|
|-heal|p2a: Slowking|100/100|[from] move: Wish|[wisher] Alomomola
|-heal|p1a: Raging Bolt|77/100|[from] item: Leftovers
|upkeep
|turn|18
|
|t:|1757902107
|-end|p1a: Raging Bolt|Protosynthesis|[silent]
|switch|p1a: Great Tusk|Great Tusk|100/100
|move|p2a: Slowking|Toxic|p1a: Great Tusk
|-status|p1a: Great Tusk|tox
|
|-damage|p1a: Great Tusk|94/100 tox|[from] psn
|upkeep
|turn|19
|
|t:|1757902115
|switch|p2a: Alomomola|Alomomola, M|100/100
|move|p1a: Great Tusk|Rapid Spin|p2a: Alomomola
|-damage|p2a: Alomomola|91/100
|-boost|p1a: Great Tusk|spe|1
|
|-damage|p1a: Great Tusk|82/100 tox|[from] psn
|upkeep
|turn|20
|
|t:|1757902124
|move|p1a: Great Tusk|Headlong Rush|p2a: Alomomola
|-damage|p2a: Alomomola|60/100
|-unboost|p1a: Great Tusk|def|1
|-unboost|p1a: Great Tusk|spd|1
|move|p2a: Alomomola|Flip Turn|p1a: Great Tusk
|-supereffective|p1a: Great Tusk
|-damage|p1a: Great Tusk|45/100 tox
|-message|kenxniper forfeited.
|
|win|IDWTLA
|raw|kenxniper's rating: 1386 &rarr; <strong>1366</strong><br />(-20 for losing)
|raw|IDWTLA's rating: 1384 &rarr; <strong>1404</strong><br />(+20 for winning)
|l|☆kenxniper
|player|p1|
