|j|☆DexTrainerRed
|j|☆charizandra
|t:|1757951979
|gametype|singles
|player|p1|DexTrainerRed|ash-kalos|1073
|player|p2|charizandra|cynthia-gen4|1146
|gen|9
|tier|[Gen 9] OU
|rated|
|rule|HP Percentage Mod: HP is shown in percentages
|rule|Endless Battle Clause: Forcing endless battles is banned
|rule|Species Clause: Limit one of each Pokémon
|rule|OHKO Clause: OHKO moves are banned
|rule|Evasion Items Clause: Evasion items are banned
|rule|Evasion Moves Clause: Evasion moves are banned
|rule|Evasion Abilities Clause: Evasion abilities are banned
|rule|Sleep Moves Clause: Sleep-inducing moves are banned
|clearpoke
|poke|p1|Espeon, F|
|poke|p1|Typhlosion, M|
|poke|p1|Feraligatr, M|
|poke|p1|Meganium, F|
|poke|p1|Latios, M|
|poke|p1|Heracross, M|
|poke|p2|Gholdengo|
|poke|p2|Metagross|
|poke|p2|Heatran, F|
|poke|p2|Corviknight, M|
|poke|p2|Iron Treads|
|poke|p2|Lucario, M|
|teampreview
|inactive|Battle timer is ON: inactive players will automatically lose when time's up. (requested by DexTrainerRed)
|inactive|DexTrainerRed has 120 seconds left.
|inactive|DexTrainerRed has 90 seconds left.
|
|t:|1757952066
|teamsize|p1|6
|teamsize|p2|6
|start
|switch|p1a: Meganium|Meganium, F|100/100
|switch|p2a: Metagross|Metagross|100/100
|turn|1
|
|t:|1757952071
|move|p2a: Metagross|Agility|p2a: Metagross
|-boost|p2a: Metagross|spe|2
|move|p1a: Meganium|Leech Seed|p2a: Metagross
|-start|p2a: Metagross|move: Leech Seed
|
|-damage|p2a: Metagross|88/100|[from] Leech Seed|[of] p1a: Meganium
|upkeep
|turn|2
|
|t:|1757952078
|move|p2a: Metagross|Psychic Fangs|p1a: Meganium
|-damage|p1a: Meganium|67/100
|move|p1a: Meganium|Substitute|p1a: Meganium
|-start|p1a: Meganium|Substitute
|-damage|p1a: Meganium|42/100
|
|-heal|p1a: Meganium|48/100|[from] item: Leftovers
|-damage|p2a: Metagross|76/100|[from] Leech Seed|[of] p1a: Meganium
|-heal|p1a: Meganium|58/100|[silent]
|upkeep
|turn|3
|
|t:|1757952086
|switch|p2a: Heatran|Heatran, F|100/100
|move|p1a: Meganium|Protect||[still]
|-fail|p1a: Meganium
|
|-heal|p1a: Meganium|65/100|[from] item: Leftovers
|upkeep
|turn|4
|
|t:|1757952092
|move|p1a: Meganium|Leech Seed|p2a: Heatran|[miss]
|-miss|p1a: Meganium|p2a: Heatran
|move|p2a: Heatran|Lava Plume|p1a: Meganium
|-supereffective|p1a: Meganium
|-end|p1a: Meganium|Substitute
|
|-heal|p1a: Meganium|71/100|[from] item: Leftovers
|upkeep
|turn|5
|
|t:|1757952100
|move|p1a: Meganium|Protect|p1a: Meganium
|-singleturn|p1a: Meganium|Protect
|move|p2a: Heatran|Lava Plume|p1a: Meganium
|-activate|p1a: Meganium|move: Protect
|
|-heal|p1a: Meganium|77/100|[from] item: Leftovers
|upkeep
|turn|6
|
|t:|1757952107
|switch|p1a: Typhlosion|Typhlosion, M|100/100
|move|p2a: Heatran|Stealth Rock|p1a: Typhlosion
|-sidestart|p1: DexTrainerRed|move: Stealth Rock
|
|upkeep
|turn|7
|
|t:|1757952112
|move|p1a: Typhlosion|Shadow Ball|p2a: Heatran
|-damage|p2a: Heatran|81/100
|move|p2a: Heatran|Earth Power|p1a: Typhlosion
|-supereffective|p1a: Typhlosion
|-damage|p1a: Typhlosion|17/100
|
|-heal|p2a: Heatran|88/100|[from] item: Leftovers
|upkeep
|turn|8
|
|t:|1757952121
|switch|p1a: Latios|Latios, M, shiny|100/100
|-damage|p1a: Latios|88/100|[from] Stealth Rock
|move|p2a: Heatran|Earth Power|p1a: Latios
|-immune|p1a: Latios|[from] ability: Levitate
|
|-heal|p2a: Heatran|94/100|[from] item: Leftovers
|upkeep
|turn|9
|
|t:|1757952130
|move|p1a: Latios|Thunderbolt|p2a: Heatran
|-damage|p2a: Heatran|67/100
|move|p2a: Heatran|Flash Cannon|p1a: Latios
|-damage|p1a: Latios|44/100
|
|-heal|p2a: Heatran|73/100|[from] item: Leftovers
|upkeep
|turn|10
|
|t:|1757952138
|switch|p2a: Iron Treads|Iron Treads|100/100
|move|p1a: Latios|Thunderbolt|p2a: Iron Treads
|-immune|p2a: Iron Treads
|
|upkeep
|turn|11
|
|t:|1757952143
|move|p1a: Latios|Ice Beam|p2a: Iron Treads
|-crit|p2a: Iron Treads
|-damage|p2a: Iron Treads|31/100
|move|p2a: Iron Treads|Knock Off|p1a: Latios
|-supereffective|p1a: Latios
|-damage|p1a: Latios|0 fnt
|-enditem|p1a: Latios|Soul Dew|[from] move: Knock Off|[of] p2a: Iron Treads
|faint|p1a: Latios
|
|upkeep
|
|t:|1757952155
|switch|p1a: Meganium|Meganium, F|77/100
|-damage|p1a: Meganium|64/100|[from] Stealth Rock
|turn|12
|
|t:|1757952161
|-end|p2a: Iron Treads|Quark Drive|[silent]
|switch|p2a: Gholdengo|Gholdengo|100/100
|-item|p2a: Gholdengo|Air Balloon
|move|p1a: Meganium|Leech Seed|p2a: Gholdengo
|-immune|p2a: Gholdengo|[from] ability: Good as Gold
|
|-heal|p1a: Meganium|70/100|[from] item: Leftovers
|upkeep
|turn|13
|
|t:|1757952171
|move|p2a: Gholdengo|Nasty Plot|p2a: Gholdengo
|-boost|p2a: Gholdengo|spa|2
|move|p1a: Meganium|Giga Drain|p2a: Gholdengo
|-resisted|p2a: Gholdengo
|-damage|p2a: Gholdengo|87/100
|-heal|p1a: Meganium|76/100|[from] drain|[of] p2a: Gholdengo
|-enditem|p2a: Gholdengo|Air Balloon
|
|-heal|p1a: Meganium|82/100|[from] item: Leftovers
|upkeep
|turn|14
|
|t:|1757952185
|move|p2a: Gholdengo|Shadow Ball|p1a: Meganium
|-crit|p1a: Meganium
|-damage|p1a: Meganium|0 fnt
|faint|p1a: Meganium
|
|upkeep
|
|t:|1757952190
|switch|p1a: Heracross|Heracross, M|100/100
|-damage|p1a: Heracross|88/100|[from] Stealth Rock
|turn|15
|
|t:|1757952198
|switch|p2a: Corviknight|Corviknight, M|100/100
|-ability|p2a: Corviknight|Pressure
|move|p1a: Heracross|Throat Chop|p2a: Corviknight
|-damage|p2a: Corviknight|79/100
|-start|p2a: Corviknight|Throat Chop|[silent]
|
|-heal|p2a: Corviknight|86/100|[from] item: Leftovers
|upkeep
|turn|16
|
|t:|1757952206
|switch|p1a: Feraligatr|Feraligatr, M|100/100
|-damage|p1a: Feraligatr|88/100|[from] Stealth Rock
|move|p2a: Corviknight|Iron Defense|p2a: Corviknight
|-boost|p2a: Corviknight|def|2
|
|-heal|p2a: Corviknight|92/100|[from] item: Leftovers
|-end|p2a: Corviknight|Throat Chop|[silent]
|upkeep
|turn|17
|
|t:|1757952213
|move|p1a: Feraligatr|Dragon Dance|p1a: Feraligatr
|-boost|p1a: Feraligatr|atk|1
|-boost|p1a: Feraligatr|spe|1
|move|p2a: Corviknight|Iron Defense|p2a: Corviknight
|-boost|p2a: Corviknight|def|2
|
|-heal|p2a: Corviknight|98/100|[from] item: Leftovers
|upkeep
|turn|18
|
|t:|1757952220
|move|p1a: Feraligatr|Dragon Dance|p1a: Feraligatr
|-boost|p1a: Feraligatr|atk|1
|-boost|p1a: Feraligatr|spe|1
|move|p2a: Corviknight|Iron Defense|p2a: Corviknight
|-boost|p2a: Corviknight|def|2
|
|-heal|p2a: Corviknight|100/100|[from] item: Leftovers
|upkeep
|turn|19
|
|t:|1757952227
|move|p1a: Feraligatr|Dragon Dance|p1a: Feraligatr
|-boost|p1a: Feraligatr|atk|1
|-boost|p1a: Feraligatr|spe|1
|move|p2a: Corviknight|Body Press|p1a: Feraligatr
|-damage|p1a: Feraligatr|0 fnt
|faint|p1a: Feraligatr
|
|upkeep
|
|t:|1757952234
|switch|p1a: Typhlosion|Typhlosion, M|17/100
|-damage|p1a: Typhlosion|0 fnt|[from] Stealth Rock
|faint|p1a: Typhlosion
|
|t:|1757952238
|switch|p1a: Espeon|Espeon, F|100/100
|-damage|p1a: Espeon|88/100|[from] Stealth Rock
|turn|20
|
|t:|1757952243
|move|p1a: Espeon|Calm Mind|p1a: Espeon
|-boost|p1a: Espeon|spa|1
|-boost|p1a: Espeon|spd|1
|move|p2a: Corviknight|U-turn|p1a: Espeon
|-supereffective|p1a: Espeon
|-damage|p1a: Espeon|46/100
|
|t:|1757952250
|switch|p2a: Heatran|Heatran, F|73/100|[from] U-turn
|
|-heal|p2a: Heatran|79/100|[from] item: Leftovers
|upkeep
|turn|21
|
|t:|1757952258
|move|p1a: Espeon|Calm Mind|p1a: Espeon
|-boost|p1a: Espeon|spa|1
|-boost|p1a: Espeon|spd|1
|move|p2a: Heatran|Lava Plume|p1a: Espeon
|-damage|p1a: Espeon|21/100
|
|-heal|p2a: Heatran|85/100|[from] item: Leftovers
|upkeep
|turn|22
|
|t:|1757952266
|move|p1a: Espeon|Morning Sun|p1a: Espeon
|-heal|p1a: Espeon|71/100
|move|p2a: Heatran|Lava Plume|p1a: Espeon
|-damage|p1a: Espeon|45/100
|
|-heal|p2a: Heatran|92/100|[from] item: Leftovers
|upkeep
|turn|23
|
|t:|1757952273
|switch|p2a: Iron Treads|Iron Treads|31/100
|move|p1a: Espeon|Calm Mind|p1a: Espeon
|-boost|p1a: Espeon|spa|1
|-boost|p1a: Espeon|spd|1
|
|upkeep
|turn|24
|
|t:|1757952287
|move|p2a: Iron Treads|Knock Off|p1a: Espeon
|-supereffective|p1a: Espeon
|-damage|p1a: Espeon|0 fnt
|-enditem|p1a: Espeon|Twisted Spoon|[from] move: Knock Off|[of] p2a: Iron Treads
|faint|p1a: Espeon
|
|upkeep
|
|t:|1757952292
|switch|p1a: Heracross|Heracross, M|88/100
|-damage|p1a: Heracross|76/100|[from] Stealth Rock
|turn|25
|
|t:|1757952299
|-end|p2a: Iron Treads|Quark Drive|[silent]
|switch|p2a: Corviknight|Corviknight, M|100/100
|-ability|p2a: Corviknight|Pressure
|move|p1a: Heracross|Brick Break|p2a: Corviknight
|-damage|p2a: Corviknight|67/100
|
|-heal|p2a: Corviknight|73/100|[from] item: Leftovers
|upkeep
|turn|26
|
|t:|1757952306
|move|p1a: Heracross|Swords Dance|p1a: Heracross
|-boost|p1a: Heracross|atk|2
|move|p2a: Corviknight|Iron Defense|p2a: Corviknight
|-boost|p2a: Corviknight|def|2
|
|-heal|p2a: Corviknight|80/100|[from] item: Leftovers
|upkeep
|turn|27
|
|t:|1757952313
|move|p1a: Heracross|Brick Break|p2a: Corviknight
|-damage|p2a: Corviknight|51/100
|move|p2a: Corviknight|Iron Defense|p2a: Corviknight
|-boost|p2a: Corviknight|def|2
|
|-heal|p2a: Corviknight|57/100|[from] item: Leftovers
|upkeep
|turn|28
|
|t:|1757952319
|move|p1a: Heracross|Swords Dance|p1a: Heracross
|-boost|p1a: Heracross|atk|2
|move|p2a: Corviknight|Iron Defense|p2a: Corviknight
|-boost|p2a: Corviknight|def|2
|
|-heal|p2a: Corviknight|63/100|[from] item: Leftovers
|upkeep
|turn|29
|
|t:|1757952326
|move|p1a: Heracross|Brick Break|p2a: Corviknight
|-damage|p2a: Corviknight|41/100
|move|p2a: Corviknight|Roost|p2a: Corviknight
|-heal|p2a: Corviknight|91/100
|-singleturn|p2a: Corviknight|move: Roost
|
|-heal|p2a: Corviknight|98/100|[from] item: Leftovers
|upkeep
|turn|30
|
|t:|1757952333
|move|p1a: Heracross|Swords Dance|p1a: Heracross
|-boost|p1a: Heracross|atk|2
|move|p2a: Corviknight|Body Press|p1a: Heracross
|-resisted|p1a: Heracross
|-damage|p1a: Heracross|17/100
|
|-heal|p2a: Corviknight|100/100|[from] item: Leftovers
|upkeep
|turn|31
|-activate|p1a: Heracross|item: Quick Claw
|
|t:|1757952341
|move|p1a: Heracross|Brick Break|p2a: Corviknight
|-damage|p2a: Corviknight|70/100
|move|p2a: Corviknight|Body Press|p1a: Heracross
|-resisted|p1a: Heracross
|-damage|p1a: Heracross|0 fnt
|faint|p1a: Heracross
|
|win|charizandra
|raw|DexTrainerRed's rating: 1073 &rarr; <strong>1056</strong><br />(-17 for losing)
|raw|charizandra's rating: 1146 &rarr; <strong>1166</strong><br />(+20 for winning)
|l|☆DexTrainerRed
|player|p1|
