|j|☆bigguy1222
|j|☆Garg749494
|t:|1757900396
|gametype|singles
|player|p1|bigguy1222|colress|1070
|player|p2|Garg749494|1|1105
|gen|9
|tier|[Gen 9] OU
|rated|
|rule|HP Percentage Mod: HP is shown in percentages
|rule|Endless Battle Clause: Forcing endless battles is banned
|rule|Species Clause: Limit one of each Pokémon
|rule|OHKO Clause: OHKO moves are banned
|rule|Evasion Items Clause: Evasion items are banned
|rule|Evasion Moves Clause: Evasion moves are banned
|rule|Evasion Abilities Clause: Evasion abilities are banned
|rule|Sleep Moves Clause: Sleep-inducing moves are banned
|clearpoke
|poke|p1|Ceruledge, M|
|poke|p1|Scizor, M|
|poke|p1|Dragonite, M|
|poke|p1|Serperior, M|
|poke|p1|Hatterene, F|
|poke|p1|Lokix, M|
|poke|p2|Kleavor, M|
|poke|p2|Dragapult, F|
|poke|p2|Gyarados, F|
|poke|p2|Galvantula, M|
|poke|p2|Meganium, F|
|poke|p2|Great Tusk|
|teampreview
|
|t:|1757900402
|teamsize|p1|6
|teamsize|p2|6
|start
|switch|p1a: Hatterene|Hatterene, F, shiny|100/100
|switch|p2a: Kleavor|Kleavor, M|100/100
|turn|1
|
|t:|1757900410
|move|p2a: Kleavor|Stone Axe|p1a: Hatterene
|-damage|p1a: Hatterene|37/100
|-sidestart|p1: bigguy1222|move: Stealth Rock
|move|p1a: Hatterene|Draining Kiss|p2a: Kleavor
|-damage|p2a: Kleavor|52/100
|-heal|p1a: Hatterene|69/100|[from] drain|[of] p2a: Kleavor
|
|-heal|p1a: Hatterene|75/100|[from] item: Leftovers
|upkeep
|turn|2
|
|t:|1757900419
|move|p2a: Kleavor|Stone Axe|p1a: Hatterene
|-damage|p1a: Hatterene|18/100
|move|p1a: Hatterene|Draining Kiss|p2a: Kleavor
|-damage|p2a: Kleavor|1/100
|-heal|p1a: Hatterene|52/100|[from] drain|[of] p2a: Kleavor
|
|-heal|p1a: Hatterene|58/100|[from] item: Leftovers
|upkeep
|turn|3
|
|t:|1757900434
|move|p2a: Kleavor|Stone Axe|p1a: Hatterene
|-damage|p1a: Hatterene|0 fnt
|faint|p1a: Hatterene
|
|upkeep
|
|t:|1757900445
|switch|p1a: Ceruledge|Ceruledge, M, shiny|100/100
|-damage|p1a: Ceruledge|76/100|[from] Stealth Rock
|turn|4
|
|t:|1757900450
|move|p1a: Ceruledge|Shadow Sneak|p2a: Kleavor
|-damage|p2a: Kleavor|0 fnt
|faint|p2a: Kleavor
|
|upkeep
|
|t:|1757900452
|switch|p2a: Great Tusk|Great Tusk|100/100
|turn|5
|
|t:|1757900460
|move|p1a: Ceruledge|Shadow Sneak|p2a: Great Tusk
|-damage|p2a: Great Tusk|86/100
|move|p2a: Great Tusk|Headlong Rush|p1a: Ceruledge
|-supereffective|p1a: Ceruledge
|-damage|p1a: Ceruledge|0 fnt
|-unboost|p2a: Great Tusk|def|1
|-unboost|p2a: Great Tusk|spd|1
|faint|p1a: Ceruledge
|
|upkeep
|
|t:|1757900470
|switch|p1a: Serperior|Serperior, M, shiny|100/100
|-damage|p1a: Serperior|88/100|[from] Stealth Rock
|turn|6
|
|t:|1757900482
|-end|p2a: Great Tusk|Protosynthesis|[silent]
|switch|p2a: Meganium|Meganium, F|100/100
|move|p1a: Serperior|Leaf Storm|p2a: Meganium
|-resisted|p2a: Meganium
|-damage|p2a: Meganium|60/100
|-boost|p1a: Serperior|spa|2
|
|-heal|p2a: Meganium|66/100|[from] item: Leftovers
|upkeep
|turn|7
|
|t:|1757900490
|move|p1a: Serperior|Leaf Storm|p2a: Meganium
|-resisted|p2a: Meganium
|-damage|p2a: Meganium|0 fnt
|-boost|p1a: Serperior|spa|2
|faint|p2a: Meganium
|
|upkeep
|
|t:|1757900492
|switch|p2a: Dragapult|Dragapult, F|100/100
|turn|8
|
|t:|1757900500
|move|p2a: Dragapult|Flamethrower|p1a: Serperior
|-supereffective|p1a: Serperior
|-damage|p1a: Serperior|0 fnt
|faint|p1a: Serperior
|
|upkeep
|
|t:|1757900505
|switch|p1a: Lokix|Lokix, M, shiny|100/100
|-damage|p1a: Lokix|76/100|[from] Stealth Rock
|turn|9
|
|t:|1757900511
|move|p1a: Lokix|First Impression|p2a: Dragapult
|-resisted|p2a: Dragapult
|-damage|p2a: Dragapult|45/100
|move|p2a: Dragapult|Flamethrower|p1a: Lokix
|-supereffective|p1a: Lokix
|-damage|p1a: Lokix|0 fnt
|faint|p1a: Lokix
|
|upkeep
|
|t:|1757900522
|switch|p1a: Dragonite|Dragonite, M, shiny|100/100
|turn|10
|
|t:|1757900532
|switch|p2a: Great Tusk|Great Tusk|86/100
|-terastallize|p1a: Dragonite|Normal
|move|p1a: Dragonite|Earthquake|p2a: Great Tusk
|-damage|p2a: Great Tusk|56/100
|
|upkeep
|turn|11
|
|t:|1757900539
|move|p1a: Dragonite|Extreme Speed|p2a: Great Tusk
|-damage|p2a: Great Tusk|22/100
|move|p2a: Great Tusk|Close Combat|p1a: Dragonite
|-supereffective|p1a: Dragonite
|-damage|p1a: Dragonite|28/100
|-unboost|p2a: Great Tusk|def|1
|-unboost|p2a: Great Tusk|spd|1
|
|upkeep
|turn|12
|
|t:|1757900547
|-end|p2a: Great Tusk|Protosynthesis|[silent]
|switch|p2a: Dragapult|Dragapult, F|45/100
|move|p1a: Dragonite|Extreme Speed|p2a: Dragapult
|-immune|p2a: Dragapult
|
|upkeep
|turn|13
|
|t:|1757900555
|move|p2a: Dragapult|Flamethrower|p1a: Dragonite
|-damage|p1a: Dragonite|0 fnt
|faint|p1a: Dragonite
|
|upkeep
|
|t:|1757900560
|switch|p1a: Scizor|Scizor, M, shiny|100/100
|-damage|p1a: Scizor|88/100|[from] Stealth Rock
|turn|14
|
|t:|1757900563
|move|p1a: Scizor|Bullet Punch|p2a: Dragapult
|-damage|p2a: Dragapult|0 fnt
|faint|p2a: Dragapult
|
|upkeep
|
|t:|1757900565
|switch|p2a: Gyarados|Gyarados, F|100/100
|turn|15
|
|t:|1757900568
|move|p1a: Scizor|Bullet Punch|p2a: Gyarados
|-resisted|p2a: Gyarados
|-damage|p2a: Gyarados|67/100
|move|p2a: Gyarados|Waterfall|p1a: Scizor
|-damage|p1a: Scizor|33/100
|-damage|p2a: Gyarados|57/100|[from] item: Life Orb
|
|upkeep
|turn|16
|
|t:|1757900575
|move|p1a: Scizor|Bullet Punch|p2a: Gyarados
|-resisted|p2a: Gyarados
|-damage|p2a: Gyarados|24/100
|move|p2a: Gyarados|Waterfall|p1a: Scizor
|-damage|p1a: Scizor|0 fnt
|faint|p1a: Scizor
|-damage|p2a: Gyarados|14/100|[from] item: Life Orb
|
|win|Garg749494
|raw|bigguy1222's rating: 1070 &rarr; <strong>1052</strong><br />(-18 for losing)
|raw|Garg749494's rating: 1105 &rarr; <strong>1127</strong><br />(+22 for winning)
|l|☆Garg749494
|player|p2|
|c|☆bigguy1222|gg
|l|☆bigguy1222
|player|p1|
