|j|☆Hyjack
|j|☆Basikone
|t:|1757943476
|gametype|singles
|player|p1|Hyjack|cynthia-gen4|1381
|player|p2|Basikone|170|1330
|gen|9
|tier|[Gen 9] OU
|rated|
|rule|HP Percentage Mod: HP is shown in percentages
|rule|Endless Battle Clause: Forcing endless battles is banned
|rule|Species Clause: Limit one of each Pokémon
|rule|OHKO Clause: OHKO moves are banned
|rule|Evasion Items Clause: Evasion items are banned
|rule|Evasion Moves Clause: Evasion moves are banned
|rule|Evasion Abilities Clause: Evasion abilities are banned
|rule|Sleep Moves Clause: Sleep-inducing moves are banned
|clearpoke
|poke|p1|Hydrapple, M|
|poke|p1|Primarina, F|
|poke|p1|Heatran, F|
|poke|p1|Thundurus, M|
|poke|p1|Great Tusk|
|poke|p1|Scizor, F|
|poke|p2|Scizor, F|
|poke|p2|Jolteon, F|
|poke|p2|Araquanid, F|
|poke|p2|Magnezone|
|poke|p2|Donphan, F|
|poke|p2|Ting-Lu|
|teampreview
|inactive|Battle timer is ON: inactive players will automatically lose when time's up. (requested by Basikone)
|inactive|Hyjack has 120 seconds left.
|
|t:|1757943511
|teamsize|p1|6
|teamsize|p2|6
|start
|switch|p1a: Scizor|Scizor, F|100/100
|switch|p2a: Scizor|Scizor, F|100/100
|turn|1
|c|☆Basikone|Nice lead
|
|t:|1757943526
|move|p1a: Scizor|U-turn|p2a: Scizor
|-resisted|p2a: Scizor
|-damage|p2a: Scizor|71/100
|
|t:|1757943529
|switch|p1a: Great Tusk|Great Tusk|100/100|[from] U-turn
|move|p2a: Scizor|Close Combat|p1a: Great Tusk
|-damage|p1a: Great Tusk|53/100
|-unboost|p2a: Scizor|def|1
|-unboost|p2a: Scizor|spd|1
|
|upkeep
|turn|2
|
|t:|1757943542
|-end|p1a: Great Tusk|Protosynthesis|[silent]
|switch|p1a: Hydrapple|Hydrapple, M|100/100
|switch|p2a: Araquanid|Araquanid, F|100/100
|
|upkeep
|turn|3
|
|t:|1757943551
|move|p1a: Hydrapple|Draco Meteor|p2a: Araquanid
|-damage|p2a: Araquanid|41/100
|-unboost|p1a: Hydrapple|spa|2
|-enditem|p1a: Hydrapple|Eject Pack
|
|t:|1757943557
|switch|p1a: Great Tusk|Great Tusk|53/100
|move|p2a: Araquanid|Leech Life|p1a: Great Tusk
|-resisted|p1a: Great Tusk
|-damage|p1a: Great Tusk|41/100
|-heal|p2a: Araquanid|48/100|[from] drain|[of] p1a: Great Tusk
|
|upkeep
|turn|4
|
|t:|1757943570
|-end|p1a: Great Tusk|Protosynthesis|[silent]
|switch|p1a: Hydrapple|Hydrapple, M|100/100
|move|p2a: Araquanid|Liquidation|p1a: Hydrapple
|-resisted|p1a: Hydrapple
|-damage|p1a: Hydrapple|86/100
|
|upkeep
|turn|5
|
|t:|1757943579
|move|p1a: Hydrapple|Recycle|p1a: Hydrapple
|-item|p1a: Hydrapple|Eject Pack|[from] move: Recycle
|move|p2a: Araquanid|Leech Life|p1a: Hydrapple
|-supereffective|p1a: Hydrapple
|-damage|p1a: Hydrapple|44/100
|-heal|p2a: Araquanid|70/100|[from] drain|[of] p1a: Hydrapple
|
|upkeep
|turn|6
|l|☆Basikone
|inactive|Basikone disconnected and has a minute to reconnect!
|player|p2|
|j|☆Basikone
|inactive|Basikone reconnected and has 130 seconds left.
|player|p2|Basikone|170|
|inactive|Basikone has 120 seconds left.
|
|t:|1757943612
|move|p1a: Hydrapple|Draco Meteor|p2a: Araquanid
|-damage|p2a: Araquanid|14/100
|-unboost|p1a: Hydrapple|spa|2
|-enditem|p1a: Hydrapple|Eject Pack
|
|t:|1757943619
|switch|p1a: Primarina|Primarina, F|100/100
|move|p2a: Araquanid|Mirror Coat|p1a: Primarina
|-damage|p1a: Primarina|0 fnt
|faint|p1a: Primarina
|
|upkeep
|
|t:|1757943626
|switch|p1a: Scizor|Scizor, F|100/100
|turn|7
|
|t:|1757943629
|move|p1a: Scizor|U-turn|p2a: Araquanid
|-damage|p2a: Araquanid|0 fnt
|faint|p2a: Araquanid
|
|t:|1757943634
|switch|p1a: Hydrapple|Hydrapple, M|77/100|[from] U-turn
|
|upkeep
|
|t:|1757943641
|switch|p2a: Scizor|Scizor, F|71/100
|turn|8
|
|t:|1757943651
|switch|p1a: Thundurus|Thundurus, M|100/100
|move|p2a: Scizor|U-turn|p1a: Thundurus
|-resisted|p1a: Thundurus
|-damage|p1a: Thundurus|54/100
|
|t:|1757943659
|switch|p2a: Jolteon|Jolteon, F|100/100|[from] U-turn
|-item|p2a: Jolteon|Air Balloon
|
|upkeep
|turn|9
|
|t:|1757943671
|switch|p1a: Great Tusk|Great Tusk|41/100
|move|p2a: Jolteon|Calm Mind|p2a: Jolteon
|-boost|p2a: Jolteon|spa|1
|-boost|p2a: Jolteon|spd|1
|
|upkeep
|turn|10
|
|t:|1757943678
|move|p2a: Jolteon|Alluring Voice|p1a: Great Tusk
|-supereffective|p1a: Great Tusk
|-damage|p1a: Great Tusk|0 fnt
|faint|p1a: Great Tusk
|-end|p1a: Great Tusk|Protosynthesis|[silent]
|
|upkeep
|
|t:|1757943683
|switch|p1a: Heatran|Heatran, F|100/100
|turn|11
|
|t:|1757943686
|move|p2a: Jolteon|Thunderbolt|p1a: Heatran
|-damage|p1a: Heatran|35/100
|move|p1a: Heatran|Magma Storm|p2a: Jolteon
|-damage|p2a: Jolteon|56/100
|-activate|p2a: Jolteon|move: Magma Storm|[of] p1a: Heatran
|-enditem|p2a: Jolteon|Air Balloon
|
|-heal|p1a: Heatran|41/100|[from] item: Leftovers
|-damage|p2a: Jolteon|44/100|[from] move: Magma Storm|[partiallytrapped]
|upkeep
|turn|12
|
|t:|1757943698
|-terastallize|p1a: Heatran|Grass
|move|p2a: Jolteon|Thunderbolt|p1a: Heatran
|-resisted|p1a: Heatran
|-damage|p1a: Heatran|9/100
|move|p1a: Heatran|Earth Power|p2a: Jolteon
|-supereffective|p2a: Jolteon
|-damage|p2a: Jolteon|0 fnt
|faint|p2a: Jolteon
|
|-heal|p1a: Heatran|15/100|[from] item: Leftovers
|upkeep
|
|t:|1757943712
|switch|p2a: Scizor|Scizor, F|71/100
|turn|13
|
|t:|1757943714
|move|p2a: Scizor|Bullet Punch|p1a: Heatran
|-damage|p1a: Heatran|0 fnt
|faint|p1a: Heatran
|
|upkeep
|
|t:|1757943718
|switch|p1a: Scizor|Scizor, F|100/100
|turn|14
|
|t:|1757943725
|switch|p2a: Donphan|Donphan, F|100/100
|move|p1a: Scizor|U-turn|p2a: Donphan
|-damage|p2a: Donphan|58/100
|
|t:|1757943730
|switch|p1a: Hydrapple|Hydrapple, M|100/100|[from] U-turn
|
|upkeep
|turn|15
|
|t:|1757943734
|move|p2a: Donphan|Ice Shard|p1a: Hydrapple
|-supereffective|p1a: Hydrapple
|-damage|p1a: Hydrapple|55/100
|move|p1a: Hydrapple|Recycle|p1a: Hydrapple
|-item|p1a: Hydrapple|Eject Pack|[from] move: Recycle
|
|upkeep
|turn|16
|
|t:|1757943739
|move|p2a: Donphan|Ice Shard|p1a: Hydrapple
|-supereffective|p1a: Hydrapple
|-damage|p1a: Hydrapple|11/100
|move|p1a: Hydrapple|Draco Meteor|p2a: Donphan|[miss]
|-miss|p1a: Hydrapple|p2a: Donphan
|
|upkeep
|turn|17
|
|t:|1757943746
|switch|p1a: Scizor|Scizor, F|100/100
|move|p2a: Donphan|Ice Shard|p1a: Scizor
|-resisted|p1a: Scizor
|-damage|p1a: Scizor|92/100
|
|upkeep
|turn|18
|
|t:|1757943751
|move|p1a: Scizor|Dual Wingbeat|p2a: Donphan
|-damage|p2a: Donphan|32/100
|-damage|p2a: Donphan|8/100
|-hitcount|p2a: Donphan|2
|move|p2a: Donphan|Earthquake|p1a: Scizor
|-damage|p1a: Scizor|32/100
|
|upkeep
|turn|19
|
|t:|1757943760
|switch|p2a: Magnezone|Magnezone|100/100
|move|p1a: Scizor|Dual Wingbeat|p2a: Magnezone
|-resisted|p2a: Magnezone
|-damage|p2a: Magnezone|95/100
|-resisted|p2a: Magnezone
|-crit|p2a: Magnezone
|-damage|p2a: Magnezone|87/100
|-hitcount|p2a: Magnezone|2
|
|upkeep
|turn|20
|
|t:|1757943774
|move|p1a: Scizor|Dual Wingbeat|p2a: Magnezone
|-resisted|p2a: Magnezone
|-damage|p2a: Magnezone|81/100
|-resisted|p2a: Magnezone
|-damage|p2a: Magnezone|74/100
|-hitcount|p2a: Magnezone|2
|move|p2a: Magnezone|Thunderbolt|p1a: Scizor
|-damage|p1a: Scizor|0 fnt
|faint|p1a: Scizor
|
|upkeep
|
|t:|1757943780
|switch|p1a: Hydrapple|Hydrapple, M|44/100
|turn|21
|
|t:|1757943787
|move|p2a: Magnezone|Flash Cannon|p1a: Hydrapple
|-damage|p1a: Hydrapple|0 fnt
|faint|p1a: Hydrapple
|
|upkeep
|
|t:|1757943790
|switch|p1a: Thundurus|Thundurus, M|54/100
|turn|22
|
|t:|1757943796
|move|p1a: Thundurus|Knock Off|p2a: Magnezone
|-damage|p2a: Magnezone|51/100
|-enditem|p2a: Magnezone|Assault Vest|[from] move: Knock Off|[of] p1a: Thundurus
|move|p2a: Magnezone|Thunderbolt|p1a: Thundurus
|-damage|p1a: Thundurus|0 fnt
|faint|p1a: Thundurus
|
|win|Basikone
|raw|Hyjack's rating: 1381 &rarr; <strong>1358</strong><br />(-23 for losing)
|raw|Basikone's rating: 1330 &rarr; <strong>1353</strong><br />(+23 for winning)
|l|☆Basikone
|player|p2|
|l|☆Hyjack
|player|p1|
