|j|☆skycsy101008
|j|☆Sephhyrix
|t:|1757935915
|gametype|singles
|player|p1|skycsy101008|cynthia-gen4|1276
|player|p2|Sephhyrix|101|1213
|gen|9
|tier|[Gen 9] OU
|rated|
|rule|HP Percentage Mod: HP is shown in percentages
|rule|Endless Battle Clause: Forcing endless battles is banned
|rule|Species Clause: Limit one of each Pokémon
|rule|OHKO Clause: OHKO moves are banned
|rule|Evasion Items Clause: Evasion items are banned
|rule|Evasion Moves Clause: Evasion moves are banned
|rule|Evasion Abilities Clause: Evasion abilities are banned
|rule|Sleep Moves Clause: Sleep-inducing moves are banned
|clearpoke
|poke|p1|Hatterene, F|
|poke|p1|Garganacl, F|
|poke|p1|Cinderace, F|
|poke|p1|Quaquaval, F|
|poke|p1|Raging Bolt|
|poke|p1|Corviknight, F|
|poke|p2|Great Tusk|
|poke|p2|Reuniclus, M|
|poke|p2|Mandibuzz, F|
|poke|p2|Hatterene, F|
|poke|p2|Kingambit, F|
|poke|p2|Dragonite, F|
|teampreview
|inactive|Battle timer is ON: inactive players will automatically lose when time's up. (requested by skycsy101008)
|
|t:|1757935927
|teamsize|p1|6
|teamsize|p2|6
|start
|switch|p1a: Garganacl|Garganacl, F, shiny|100/100
|switch|p2a: Kingambit|Kingambit, F|100/100
|turn|1
|
|t:|1757935938
|move|p2a: Kingambit|Swords Dance|p2a: Kingambit
|-boost|p2a: Kingambit|atk|2
|move|p1a: Garganacl|Stealth Rock|p2a: Kingambit
|-sidestart|p2: Sephhyrix|move: Stealth Rock
|
|upkeep
|turn|2
|
|t:|1757935944
|move|p2a: Kingambit|Iron Head|p1a: Garganacl
|-supereffective|p1a: Garganacl
|-crit|p1a: Garganacl
|-damage|p1a: Garganacl|0 fnt
|faint|p1a: Garganacl
|
|upkeep
|
|t:|1757935949
|switch|p1a: Quaquaval|Quaquaval, F, shiny|100/100
|turn|3
|
|t:|1757935958
|move|p1a: Quaquaval|Close Combat|p2a: Kingambit
|-supereffective|p2a: Kingambit
|-damage|p2a: Kingambit|0 fnt
|-unboost|p1a: Quaquaval|def|1
|-unboost|p1a: Quaquaval|spd|1
|faint|p2a: Kingambit
|-end|p2a: Kingambit|fallenundefined|[silent]
|-ability|p1a: Quaquaval|Moxie|boost
|-boost|p1a: Quaquaval|atk|1
|
|upkeep
|
|t:|1757935965
|switch|p2a: Great Tusk|Great Tusk|100/100
|-damage|p2a: Great Tusk|98/100|[from] Stealth Rock
|-enditem|p2a: Great Tusk|Booster Energy
|-activate|p2a: Great Tusk|ability: Protosynthesis|[fromitem]
|-start|p2a: Great Tusk|protosynthesisatk
|turn|4
|
|t:|1757935974
|-terastallize|p1a: Quaquaval|Water
|move|p1a: Quaquaval|Aqua Step|p2a: Great Tusk
|-supereffective|p2a: Great Tusk
|-damage|p2a: Great Tusk|0 fnt
|-boost|p1a: Quaquaval|spe|1
|faint|p2a: Great Tusk
|-end|p2a: Great Tusk|Protosynthesis|[silent]
|-ability|p1a: Quaquaval|Moxie|boost
|-boost|p1a: Quaquaval|atk|1
|
|upkeep
|
|t:|1757935993
|switch|p2a: Mandibuzz|Mandibuzz, F|100/100
|-damage|p2a: Mandibuzz|75/100|[from] Stealth Rock
|turn|5
|
|t:|1757935997
|move|p1a: Quaquaval|Triple Axel|p2a: Mandibuzz
|-supereffective|p2a: Mandibuzz
|-damage|p2a: Mandibuzz|57/100
|-supereffective|p2a: Mandibuzz
|-damage|p2a: Mandibuzz|18/100
|-supereffective|p2a: Mandibuzz
|-damage|p2a: Mandibuzz|0 fnt
|faint|p2a: Mandibuzz
|-ability|p1a: Quaquaval|Moxie|boost
|-boost|p1a: Quaquaval|atk|1
|-hitcount|p2: Mandibuzz|3
|
|upkeep
|
|t:|1757936005
|switch|p2a: Reuniclus|Reuniclus, M, shiny|100/100
|turn|6
|c|☆skycsy101008|Ggs
|
|t:|1757936012
|move|p1a: Quaquaval|Knock Off|p2a: Reuniclus
|-supereffective|p2a: Reuniclus
|-damage|p2a: Reuniclus|0 fnt
|-enditem|p2a: Reuniclus|Leftovers|[from] move: Knock Off|[of] p1a: Quaquaval
|faint|p2a: Reuniclus
|-ability|p1a: Quaquaval|Moxie|boost
|-boost|p1a: Quaquaval|atk|1
|
|upkeep
|
|t:|1757936016
|switch|p2a: Hatterene|Hatterene, F|100/100
|-damage|p2a: Hatterene|88/100|[from] Stealth Rock
|turn|7
|
|t:|1757936021
|move|p1a: Quaquaval|Aqua Step|p2a: Hatterene
|-damage|p2a: Hatterene|0 fnt
|-boost|p1a: Quaquaval|spe|1
|faint|p2a: Hatterene
|-ability|p1a: Quaquaval|Moxie|boost
|-boost|p1a: Quaquaval|atk|1
|
|upkeep
|-message|Sephhyrix forfeited.
|
|win|skycsy101008
|raw|skycsy101008's rating: 1276 &rarr; <strong>1297</strong><br />(+21 for winning)
|raw|Sephhyrix's rating: 1213 &rarr; <strong>1192</strong><br />(-21 for losing)
|l|☆Sephhyrix
|player|p2|
|l|☆skycsy101008
|player|p1|
