|j|☆ikthoizzykil
|j|☆yiht
|t:|1757822074
|gametype|singles
|player|p1|ikthoizzykil|pokemaniac-gen3rs|1371
|player|p2|yiht|1|1368
|gen|9
|tier|[Gen 9] OU
|rated|
|rule|HP Percentage Mod: HP is shown in percentages
|rule|Endless Battle Clause: Forcing endless battles is banned
|rule|Species Clause: Limit one of each Pokémon
|rule|OHKO Clause: OHKO moves are banned
|rule|Evasion Items Clause: Evasion items are banned
|rule|Evasion Moves Clause: Evasion moves are banned
|rule|Evasion Abilities Clause: Evasion abilities are banned
|rule|Sleep Moves Clause: Sleep-inducing moves are banned
|clearpoke
|poke|p1|Kingambit, F|
|poke|p1|Dragapult, M|
|poke|p1|Great Tusk|
|poke|p1|Ogerpon-Wellspring, F|
|poke|p1|Enamorus, F|
|poke|p1|Armarouge, M|
|poke|p2|Ribombee, M|
|poke|p2|Samurott-Hisui, M|
|poke|p2|Gholdengo|
|poke|p2|Great Tusk|
|poke|p2|Glimmora, F|
|poke|p2|Dragonite, F|
|teampreview
|inactive|Battle timer is ON: inactive players will automatically lose when time's up. (requested by ikthoizzykil)
|
|t:|1757822080
|teamsize|p1|6
|teamsize|p2|6
|start
|switch|p1a: Ogerpon|Ogerpon-Wellspring, F|100/100
|switch|p2a: Glimmora|Glimmora, F|100/100
|turn|1
|
|t:|1757822087
|move|p1a: Ogerpon|Ivy Cudgel|p2a: Glimmora|[anim] Ivy Cudgel Water
|-supereffective|p2a: Glimmora
|-damage|p2a: Glimmora|0 fnt
|-activate|p2a: Glimmora|ability: Toxic Debris
|-sidestart|p1: ikthoizzykil|move: Toxic Spikes
|faint|p2a: Glimmora
|
|upkeep
|
|t:|1757822090
|switch|p2a: Ribombee|Ribombee, M|100/100
|turn|2
|
|t:|1757822097
|move|p2a: Ribombee|Sticky Web|p1a: Ogerpon
|-sidestart|p1: ikthoizzykil|move: Sticky Web
|move|p1a: Ogerpon|Ivy Cudgel|p2a: Ribombee|[anim] Ivy Cudgel Water
|-enditem|p2a: Ribombee|Focus Sash
|-damage|p2a: Ribombee|1/100
|
|upkeep
|turn|3
|
|t:|1757822110
|move|p2a: Ribombee|U-turn|p1a: Ogerpon
|-supereffective|p1a: Ogerpon
|-damage|p1a: Ogerpon|63/100
|
|t:|1757822116
|switch|p2a: Dragonite|Dragonite, F|100/100|[from] U-turn
|move|p1a: Ogerpon|Knock Off|p2a: Dragonite
|-crit|p2a: Dragonite
|-damage|p2a: Dragonite|43/100
|-enditem|p2a: Dragonite|Leftovers|[from] move: Knock Off|[of] p1a: Ogerpon
|
|upkeep
|turn|4
|
|t:|1757822134
|switch|p1a: Great Tusk|Great Tusk|100/100
|-status|p1a: Great Tusk|psn
|-activate|p1a: Great Tusk|move: Sticky Web
|-unboost|p1a: Great Tusk|spe|1
|move|p2a: Dragonite|Roost|p2a: Dragonite
|-heal|p2a: Dragonite|93/100
|-singleturn|p2a: Dragonite|move: Roost
|
|-damage|p1a: Great Tusk|88/100 psn|[from] psn
|upkeep
|turn|5
|
|t:|1757822154
|switch|p2a: Gholdengo|Gholdengo|100/100
|-item|p2a: Gholdengo|Air Balloon
|-terastallize|p1a: Great Tusk|Poison
|move|p1a: Great Tusk|Ice Spinner|p2a: Gholdengo
|-resisted|p2a: Gholdengo
|-damage|p2a: Gholdengo|86/100
|-enditem|p2a: Gholdengo|Air Balloon
|
|-heal|p1a: Great Tusk|94/100 psn|[from] item: Leftovers
|-damage|p1a: Great Tusk|82/100 psn|[from] psn
|upkeep
|turn|6
|
|t:|1757822170
|-end|p1a: Great Tusk|Protosynthesis|[silent]
|switch|p1a: Kingambit|Kingambit, F|100/100
|-activate|p1a: Kingambit|move: Sticky Web
|-unboost|p1a: Kingambit|spe|1
|-ability|p1a: Kingambit|Defiant|boost
|-boost|p1a: Kingambit|atk|2
|move|p2a: Gholdengo|Make It Rain|p1a: Kingambit
|-resisted|p1a: Kingambit
|-damage|p1a: Kingambit|67/100
|-unboost|p2a: Gholdengo|spa|1
|
|upkeep
|turn|7
|
|t:|1757822197
|move|p2a: Gholdengo|Memento|p1a: Kingambit
|-unboost|p1a: Kingambit|atk|2
|-ability|p1a: Kingambit|Defiant|boost
|-boost|p1a: Kingambit|atk|2
|-unboost|p1a: Kingambit|spa|2
|-ability|p1a: Kingambit|Defiant|boost
|-boost|p1a: Kingambit|atk|2
|faint|p2a: Gholdengo
|move|p1a: Kingambit|Iron Head|p2: Gholdengo|[notarget]
|-fail|p1a: Kingambit
|
|upkeep
|
|t:|1757822205
|switch|p2a: Great Tusk|Great Tusk|100/100
|-enditem|p2a: Great Tusk|Booster Energy
|-activate|p2a: Great Tusk|ability: Protosynthesis|[fromitem]
|-start|p2a: Great Tusk|protosynthesisatk
|turn|8
|inactive|ikthoizzykil has 120 seconds left.
|
|t:|1757822227
|move|p2a: Great Tusk|Headlong Rush|p1a: Kingambit
|-supereffective|p1a: Kingambit
|-damage|p1a: Kingambit|0 fnt
|-unboost|p2a: Great Tusk|def|1
|-unboost|p2a: Great Tusk|spd|1
|faint|p1a: Kingambit
|
|upkeep
|inactive|ikthoizzykil has 120 seconds left.
|
|t:|1757822234
|switch|p1a: Enamorus|Enamorus, F|100/100
|turn|9
|
|t:|1757822253
|-end|p2a: Great Tusk|Protosynthesis|[silent]
|switch|p2a: Ribombee|Ribombee, M|1/100
|move|p1a: Enamorus|Moonblast|p2a: Ribombee
|-damage|p2a: Ribombee|0 fnt
|faint|p2a: Ribombee
|
|upkeep
|inactive|yiht has 120 seconds left.
|
|t:|1757822279
|switch|p2a: Great Tusk|Great Tusk|100/100
|turn|10
|
|t:|1757822284
|-terastallize|p2a: Great Tusk|Ghost
|move|p1a: Enamorus|Moonblast|p2a: Great Tusk
|-damage|p2a: Great Tusk|0 fnt
|faint|p2a: Great Tusk
|-end|p2a: Great Tusk|Protosynthesis|[silent]
|
|upkeep
|-message|yiht forfeited.
|
|win|ikthoizzykil
|raw|ikthoizzykil's rating: 1371 &rarr; <strong>1390</strong><br />(+19 for winning)
|raw|yiht's rating: 1345 &rarr; <strong>1326</strong><br />(-19 for losing)
|l|☆yiht
|player|p2|
