|j|☆Mudkip43
|j|☆567crazy
|t:|1757919442
|gametype|singles
|player|p1|Mudkip43|alec-anime|1100
|player|p2|567crazy|101|1101
|gen|9
|tier|[Gen 9] OU
|rated|
|rule|HP Percentage Mod: HP is shown in percentages
|rule|Endless Battle Clause: Forcing endless battles is banned
|rule|Species Clause: Limit one of each Pokémon
|rule|OHKO Clause: OHKO moves are banned
|rule|Evasion Items Clause: Evasion items are banned
|rule|Evasion Moves Clause: Evasion moves are banned
|rule|Evasion Abilities Clause: Evasion abilities are banned
|rule|Sleep Moves Clause: Sleep-inducing moves are banned
|clearpoke
|poke|p1|Cranidos, F|
|poke|p1|Munchlax, M|
|poke|p1|Shieldon, M|
|poke|p1|Cottonee, L1, F|
|poke|p1|Glimmet, M|
|poke|p1|Venonat, F|
|poke|p2|Serperior, F|
|poke|p2|Blissey, F|
|poke|p2|Pineco, L1, M|
|poke|p2|Kingambit, F|
|poke|p2|Toxapex, F|
|poke|p2|Excadrill, F|
|teampreview
|
|t:|1757919449
|teamsize|p1|6
|teamsize|p2|6
|start
|switch|p1a: Venonat|Venonat, F|100/100
|switch|p2a: Toxapex|Toxapex, F|100/100
|turn|1
|
|t:|1757919497
|move|p1a: Venonat|Stun Spore|p2a: Toxapex
|-status|p2a: Toxapex|par
|move|p2a: Toxapex|Toxic Spikes|p1a: Venonat
|-sidestart|p1: Mudkip43|move: Toxic Spikes
|
|upkeep
|turn|2
|
|t:|1757919503
|move|p1a: Venonat|Confuse Ray|p2a: Toxapex
|-start|p2a: Toxapex|confusion
|-activate|p2a: Toxapex|confusion
|move|p2a: Toxapex|Toxic Spikes|p1a: Venonat
|-sidestart|p1: Mudkip43|move: Toxic Spikes
|
|upkeep
|turn|3
|
|t:|1757919510
|switch|p1a: Glimmet|Glimmet, M|100/100
|-sideend|p1: Mudkip43|move: Toxic Spikes|[of] p1a: Glimmet
|switch|p2a: Blissey|Blissey, F|100/100
|
|upkeep
|turn|4
|
|t:|1757919523
|switch|p1a: Cranidos|Cranidos, F, shiny|100/100
|move|p2a: Blissey|Heal Bell|p2a: Blissey
|-activate|p2a: Blissey|move: Heal Bell
|-curestatus|p2: Toxapex|par|[msg]
|
|upkeep
|turn|5
|
|t:|1757919549
|switch|p2a: Toxapex|Toxapex, F|100/100
|move|p1a: Cranidos|Stone Edge|p2a: Toxapex|[miss]
|-miss|p1a: Cranidos|p2a: Toxapex
|
|upkeep
|turn|6
|
|t:|1757919556
|move|p1a: Cranidos|Earthquake|p2a: Toxapex
|-supereffective|p2a: Toxapex
|-damage|p2a: Toxapex|53/100
|move|p2a: Toxapex|Sludge Bomb|p1a: Cranidos
|-resisted|p1a: Cranidos
|-damage|p1a: Cranidos|71/100
|
|upkeep
|turn|7
|
|t:|1757919568
|move|p1a: Cranidos|Earthquake|p2a: Toxapex
|-supereffective|p2a: Toxapex
|-damage|p2a: Toxapex|10/100
|move|p2a: Toxapex|Recover|p2a: Toxapex
|-heal|p2a: Toxapex|60/100
|
|upkeep
|turn|8
|
|t:|1757919575
|move|p1a: Cranidos|Earthquake|p2a: Toxapex
|-supereffective|p2a: Toxapex
|-damage|p2a: Toxapex|18/100
|move|p2a: Toxapex|Recover|p2a: Toxapex
|-heal|p2a: Toxapex|68/100
|
|upkeep
|turn|9
|
|t:|1757919586
|move|p1a: Cranidos|Earthquake|p2a: Toxapex
|-supereffective|p2a: Toxapex
|-damage|p2a: Toxapex|25/100
|move|p2a: Toxapex|Recover|p2a: Toxapex
|-heal|p2a: Toxapex|75/100
|
|upkeep
|turn|10
|
|t:|1757919593
|move|p1a: Cranidos|Earthquake|p2a: Toxapex
|-supereffective|p2a: Toxapex
|-damage|p2a: Toxapex|34/100
|move|p2a: Toxapex|Recover|p2a: Toxapex
|-heal|p2a: Toxapex|84/100
|
|upkeep
|turn|11
|
|t:|1757919601
|move|p1a: Cranidos|Earthquake|p2a: Toxapex
|-supereffective|p2a: Toxapex
|-damage|p2a: Toxapex|40/100
|move|p2a: Toxapex|Sludge Bomb|p1a: Cranidos
|-resisted|p1a: Cranidos
|-damage|p1a: Cranidos|43/100
|
|upkeep
|turn|12
|
|t:|1757919623
|move|p2a: Toxapex|Protect|p2a: Toxapex
|-singleturn|p2a: Toxapex|Protect
|move|p1a: Cranidos|Earthquake|p2a: Toxapex
|-activate|p2a: Toxapex|move: Protect
|
|upkeep
|turn|13
|
|t:|1757919629
|move|p1a: Cranidos|Earthquake|p2a: Toxapex
|-supereffective|p2a: Toxapex
|-damage|p2a: Toxapex|0 fnt
|faint|p2a: Toxapex
|
|upkeep
|
|t:|1757919645
|switch|p2a: Serperior|Serperior, F|100/100
|turn|14
|
|t:|1757919652
|move|p2a: Serperior|Leaf Storm|p1a: Cranidos
|-supereffective|p1a: Cranidos
|-damage|p1a: Cranidos|0 fnt
|-boost|p2a: Serperior|spa|2
|faint|p1a: Cranidos
|
|upkeep
|
|t:|1757919656
|switch|p1a: Shieldon|Shieldon, M, shiny|100/100
|turn|15
|
|t:|1757919660
|move|p2a: Serperior|Leaf Storm|p1a: Shieldon|[miss]
|-miss|p2a: Serperior|p1a: Shieldon
|move|p1a: Shieldon|Metal Burst||[still]
|-fail|p1a: Shieldon
|
|upkeep
|turn|16
|inactive|Battle timer is ON: inactive players will automatically lose when time's up. (requested by Mudkip43)
|
|t:|1757919665
|move|p2a: Serperior|Leaf Storm|p1a: Shieldon
|-damage|p1a: Shieldon|35/100
|-boost|p2a: Serperior|spa|2
|move|p1a: Shieldon|Metal Burst|p2a: Serperior
|-damage|p2a: Serperior|12/100
|
|-heal|p2a: Serperior|18/100|[from] item: Leftovers
|upkeep
|turn|17
|
|t:|1757919673
|move|p2a: Serperior|Leaf Storm|p1a: Shieldon
|-damage|p1a: Shieldon|0 fnt
|-boost|p2a: Serperior|spa|2
|faint|p1a: Shieldon
|
|-heal|p2a: Serperior|24/100|[from] item: Leftovers
|upkeep
|
|t:|1757919691
|switch|p1a: Munchlax|Munchlax, M, shiny|100/100
|turn|18
|
|t:|1757919694
|-terastallize|p1a: Munchlax|Poison
|move|p2a: Serperior|Leaf Storm|p1a: Munchlax
|-resisted|p1a: Munchlax
|-damage|p1a: Munchlax|53/100
|move|p1a: Munchlax|Body Slam|p2a: Serperior
|-damage|p2a: Serperior|0 fnt
|faint|p2a: Serperior
|
|upkeep
|inactive|567crazy has 120 seconds left.
|
|t:|1757919740
|switch|p2a: Excadrill|Excadrill, F|100/100
|-ability|p2a: Excadrill|Mold Breaker
|-item|p2a: Excadrill|Air Balloon
|turn|19
|
|t:|1757919749
|move|p2a: Excadrill|Earthquake|p1a: Munchlax
|-supereffective|p1a: Munchlax
|-damage|p1a: Munchlax|0 fnt
|faint|p1a: Munchlax
|
|upkeep
|
|t:|1757919760
|switch|p1a: Cottonee|Cottonee, L1, F|100/100
|turn|20
|inactive|567crazy has 120 seconds left.
|
|t:|1757919774
|move|p1a: Cottonee|Leech Seed|p2a: Excadrill
|-start|p2a: Excadrill|move: Leech Seed
|move|p2a: Excadrill|Iron Head|p1a: Cottonee
|-supereffective|p1a: Cottonee
|-enditem|p1a: Cottonee|Focus Sash
|-damage|p1a: Cottonee|9/100
|
|-damage|p2a: Excadrill|88/100|[from] Leech Seed|[of] p1a: Cottonee
|-heal|p1a: Cottonee|100/100|[silent]
|upkeep
|turn|21
|inactive|567crazy has 120 seconds left.
|
|t:|1757919808
|move|p1a: Cottonee|Substitute|p1a: Cottonee
|-start|p1a: Cottonee|Substitute
|-damage|p1a: Cottonee|75/100
|move|p2a: Excadrill|Rapid Spin|p1a: Cottonee
|-end|p1a: Cottonee|Substitute
|-end|p2a: Excadrill|Leech Seed|[from] move: Rapid Spin|[of] p2a: Excadrill
|-boost|p2a: Excadrill|spe|1
|
|upkeep
|turn|22
|
|t:|1757919819
|move|p1a: Cottonee|Leech Seed|p2a: Excadrill
|-start|p2a: Excadrill|move: Leech Seed
|move|p2a: Excadrill|Rapid Spin|p1a: Cottonee
|-damage|p1a: Cottonee|0 fnt
|-boost|p2a: Excadrill|spe|1
|-end|p2a: Excadrill|Leech Seed|[from] move: Rapid Spin|[of] p2a: Excadrill
|faint|p1a: Cottonee
|
|upkeep
|
|t:|1757919822
|switch|p1a: Venonat|Venonat, F|100/100
|turn|23
|inactive|567crazy has 90 seconds left.
|-message|Mudkip43 forfeited.
|
|win|567crazy
|raw|Mudkip43's rating: 1100 &rarr; <strong>1075</strong><br />(-25 for losing)
|raw|567crazy's rating: 1101 &rarr; <strong>1126</strong><br />(+25 for winning)
|l|☆567crazy
|player|p2|
|l|☆Mudkip43
|player|p1|
