|j|☆sas4
|j|☆Montagesq
|t:|1757863039
|gametype|singles
|player|p1|sas4|lucas|1144
|player|p2|Montagesq|102|1159
|gen|9
|tier|[Gen 9] OU
|rated|
|rule|HP Percentage Mod: HP is shown in percentages
|rule|Endless Battle Clause: Forcing endless battles is banned
|rule|Species Clause: Limit one of each Pokémon
|rule|OHKO Clause: OHKO moves are banned
|rule|Evasion Items Clause: Evasion items are banned
|rule|Evasion Moves Clause: Evasion moves are banned
|rule|Evasion Abilities Clause: Evasion abilities are banned
|rule|Sleep Moves Clause: Sleep-inducing moves are banned
|clearpoke
|poke|p1|Azumarill, M|
|poke|p1|Pelipper, M|
|poke|p1|Politoed, F|
|poke|p1|Corviknight, F|
|poke|p1|Cloyster, F|
|poke|p1|Rotom-Mow|
|poke|p2|Alomomola, M|
|poke|p2|Landorus-Therian, M|
|poke|p2|Gholdengo|
|poke|p2|Ting-Lu|
|poke|p2|Cinderace, M|
|poke|p2|Bellossom, M|
|teampreview
|
|t:|1757863061
|teamsize|p1|6
|teamsize|p2|6
|start
|switch|p1a: Pelipper|Pelipper, M|100/100
|switch|p2a: Gholdengo|Gholdengo|100/100
|-weather|RainDance|[from] ability: Drizzle|[of] p1a: Pelipper
|turn|1
|
|t:|1757863080
|switch|p1a: Rotom|Rotom-Mow|100/100
|move|p2a: Gholdengo|Trick|p1a: Rotom
|-activate|p2a: Gholdengo|move: Trick|[of] p1a: Rotom
|-item|p1a: Rotom|Choice Scarf|[from] move: Trick
|-item|p2a: Gholdengo|Assault Vest|[from] move: Trick
|
|-weather|RainDance|[upkeep]
|upkeep
|turn|2
|
|t:|1757863090
|move|p1a: Rotom|Shadow Ball|p2a: Gholdengo
|-supereffective|p2a: Gholdengo
|-damage|p2a: Gholdengo|66/100
|move|p2a: Gholdengo|Flash Cannon|p1a: Rotom
|-resisted|p1a: Rotom
|-damage|p1a: Rotom|83/100
|
|-weather|RainDance|[upkeep]
|upkeep
|turn|3
|
|t:|1757863098
|switch|p2a: Ting-Lu|Ting-Lu|100/100
|-ability|p2a: Ting-Lu|Vessel of Ruin
|move|p1a: Rotom|Shadow Ball|p2a: Ting-Lu
|-resisted|p2a: Ting-Lu
|-damage|p2a: Ting-Lu|94/100
|
|-weather|RainDance|[upkeep]
|upkeep
|turn|4
|
|t:|1757863111
|switch|p1a: Azumarill|Azumarill, M|100/100
|move|p2a: Ting-Lu|Spikes|p1a: Azumarill
|-sidestart|p1: sas4|Spikes
|
|-weather|RainDance|[upkeep]
|upkeep
|turn|5
|
|t:|1757863120
|move|p1a: Azumarill|Belly Drum|p1a: Azumarill
|-damage|p1a: Azumarill|50/100
|-setboost|p1a: Azumarill|atk|6|[from] move: Belly Drum
|-enditem|p1a: Azumarill|Sitrus Berry|[eat]
|-heal|p1a: Azumarill|75/100|[from] item: Sitrus Berry
|move|p2a: Ting-Lu|Whirlwind|p1a: Azumarill
|drag|p1a: Corviknight|Corviknight, F|100/100
|-ability|p1a: Corviknight|Pressure
|
|-weather|RainDance|[upkeep]
|upkeep
|turn|6
|
|t:|1757863133
|move|p1a: Corviknight|Body Press|p2a: Ting-Lu
|-supereffective|p2a: Ting-Lu
|-damage|p2a: Ting-Lu|67/100
|move|p2a: Ting-Lu|Spikes|p1a: Corviknight
|-sidestart|p1: sas4|Spikes
|
|-weather|RainDance|[upkeep]
|upkeep
|turn|7
|
|t:|1757863141
|move|p1a: Corviknight|Body Press|p2a: Ting-Lu
|-supereffective|p2a: Ting-Lu
|-damage|p2a: Ting-Lu|41/100
|move|p2a: Ting-Lu|Whirlwind|p1a: Corviknight
|drag|p1a: Politoed|Politoed, F|100/100
|-damage|p1a: Politoed|84/100|[from] Spikes
|
|-weather|RainDance|[upkeep]
|-heal|p1a: Politoed|90/100|[from] item: Leftovers
|upkeep
|turn|8
|
|t:|1757863152
|switch|p2a: Bellossom|Bellossom, M|100/100
|move|p1a: Politoed|Surf|p2a: Bellossom
|-resisted|p2a: Bellossom
|-damage|p2a: Bellossom|81/100
|
|-weather|none
|-heal|p1a: Politoed|96/100|[from] item: Leftovers
|upkeep
|turn|9
|
|t:|1757863161
|move|p1a: Politoed|Ice Beam|p2a: Bellossom
|-supereffective|p2a: Bellossom
|-damage|p2a: Bellossom|47/100
|move|p2a: Bellossom|Quiver Dance|p2a: Bellossom
|-boost|p2a: Bellossom|spa|1
|-boost|p2a: Bellossom|spd|1
|-boost|p2a: Bellossom|spe|1
|
|-heal|p1a: Politoed|100/100|[from] item: Leftovers
|upkeep
|turn|10
|
|t:|1757863172
|switch|p1a: Pelipper|Pelipper, M|100/100
|-weather|RainDance|[from] ability: Drizzle|[of] p1a: Pelipper
|move|p2a: Bellossom|Strength Sap|p1a: Pelipper
|-unboost|p1a: Pelipper|atk|1
|-heal|p2a: Bellossom|73/100
|
|-weather|RainDance|[upkeep]
|upkeep
|turn|11
|
|t:|1757863183
|move|p2a: Bellossom|Quiver Dance|p2a: Bellossom
|-boost|p2a: Bellossom|spa|1
|-boost|p2a: Bellossom|spd|1
|-boost|p2a: Bellossom|spe|1
|move|p1a: Pelipper|Hurricane|p2a: Bellossom
|-supereffective|p2a: Bellossom
|-damage|p2a: Bellossom|30/100
|
|-weather|RainDance|[upkeep]
|upkeep
|turn|12
|
|t:|1757863192
|move|p2a: Bellossom|Giga Drain|p1a: Pelipper
|-damage|p1a: Pelipper|42/100
|-heal|p2a: Bellossom|57/100|[from] drain|[of] p1a: Pelipper
|move|p1a: Pelipper|Hurricane|p2a: Bellossom
|-supereffective|p2a: Bellossom
|-damage|p2a: Bellossom|10/100
|-start|p2a: Bellossom|confusion
|-enditem|p2a: Bellossom|Ganlon Berry|[eat]
|-boost|p2a: Bellossom|def|1|[from] item: Ganlon Berry
|
|-weather|RainDance|[upkeep]
|upkeep
|turn|13
|
|t:|1757863204
|-activate|p2a: Bellossom|confusion
|move|p2a: Bellossom|Giga Drain|p1a: Pelipper
|-damage|p1a: Pelipper|0 fnt
|-heal|p2a: Bellossom|28/100|[from] drain|[of] p1a: Pelipper
|faint|p1a: Pelipper
|
|-weather|RainDance|[upkeep]
|upkeep
|
|t:|1757863221
|switch|p1a: Azumarill|Azumarill, M|75/100
|-damage|p1a: Azumarill|59/100|[from] Spikes
|turn|14
|
|t:|1757863225
|move|p1a: Azumarill|Aqua Jet|p2a: Bellossom
|-resisted|p2a: Bellossom
|-damage|p2a: Bellossom|19/100
|-end|p2a: Bellossom|confusion
|move|p2a: Bellossom|Strength Sap|p1a: Azumarill
|-unboost|p1a: Azumarill|atk|1
|-heal|p2a: Bellossom|81/100
|
|-weather|RainDance|[upkeep]
|upkeep
|turn|15
|-message|sas4 forfeited.
|
|win|Montagesq
|raw|sas4's rating: 1144 &rarr; <strong>1120</strong><br />(-24 for losing)
|raw|Montagesq's rating: 1159 &rarr; <strong>1183</strong><br />(+24 for winning)
|l|☆sas4
|player|p1|
|l|☆Montagesq
|player|p2|
