|j|☆motorskk
|j|☆Punishmeplz
|t:|1757814861
|gametype|singles
|player|p1|motorskk|battlegirl-gen4|1635
|player|p2|Punishmeplz|102|1721
|gen|9
|tier|[Gen 9] OU
|rated|
|rule|HP Percentage Mod: HP is shown in percentages
|rule|Endless Battle Clause: Forcing endless battles is banned
|rule|Species Clause: Limit one of each Pokémon
|rule|OHKO Clause: OHKO moves are banned
|rule|Evasion Items Clause: Evasion items are banned
|rule|Evasion Moves Clause: Evasion moves are banned
|rule|Evasion Abilities Clause: Evasion abilities are banned
|rule|Sleep Moves Clause: Sleep-inducing moves are banned
|clearpoke
|poke|p1|Kyurem|
|poke|p1|Corviknight, F|
|poke|p1|Ting-Lu|
|poke|p1|Dondozo, F|
|poke|p1|Slowking-Galar, L99, F|
|poke|p1|Cinderace, F|
|poke|p2|Blaziken, F|
|poke|p2|Salamence, F|
|poke|p2|Ambipom, F|
|poke|p2|Houndstone, M|
|poke|p2|Iron Hands|
|poke|p2|Scizor, M|
|teampreview
|inactive|Battle timer is ON: inactive players will automatically lose when time's up. (requested by motorskk)
|
|t:|1757814887
|teamsize|p1|6
|teamsize|p2|6
|start
|switch|p1a: Cinderace|Cinderace, F|100/100
|switch|p2a: Ambipom|Ambipom, F|100/100
|turn|1
|
|t:|1757814895
|switch|p1a: Corviknight|Corviknight, F|100/100
|-ability|p1a: Corviknight|Pressure
|move|p2a: Ambipom|Fake Out|p1a: Corviknight
|-resisted|p1a: Corviknight
|-damage|p1a: Corviknight|92/100
|-damage|p2a: Ambipom|84/100|[from] item: Rocky Helmet|[of] p1a: Corviknight
|
|upkeep
|turn|2
|
|t:|1757814906
|move|p2a: Ambipom|Beat Up|p1a: Corviknight
|-damage|p1a: Corviknight|88/100
|-damage|p1a: Corviknight|83/100
|-damage|p1a: Corviknight|79/100
|-damage|p1a: Corviknight|74/100
|-damage|p1a: Corviknight|69/100
|-damage|p1a: Corviknight|64/100
|-hitcount|p1a: Corviknight|6
|move|p1a: Corviknight|Brave Bird|p2a: Ambipom
|-damage|p2a: Ambipom|18/100
|-damage|p1a: Corviknight|48/100|[from] Recoil
|
|upkeep
|turn|3
|
|t:|1757814922
|switch|p2a: Iron Hands|Iron Hands|100/100
|-enditem|p2a: Iron Hands|Booster Energy
|-activate|p2a: Iron Hands|ability: Quark Drive|[fromitem]
|-start|p2a: Iron Hands|quarkdriveatk
|move|p1a: Corviknight|Roost|p1a: Corviknight
|-heal|p1a: Corviknight|98/100
|-singleturn|p1a: Corviknight|move: Roost
|
|upkeep
|turn|4
|inactive|motorskk has 120 seconds left.
|
|t:|1757814959
|-terastallize|p1a: Corviknight|Dragon
|move|p1a: Corviknight|U-turn|p2a: Iron Hands
|-resisted|p2a: Iron Hands
|-damage|p2a: Iron Hands|96/100
|
|t:|1757814973
|switch|p1a: Ting-Lu|Ting-Lu|100/100|[from] U-turn
|-ability|p1a: Ting-Lu|Vessel of Ruin
|move|p2a: Iron Hands|Drain Punch|p1a: Ting-Lu
|-supereffective|p1a: Ting-Lu
|-damage|p1a: Ting-Lu|39/100
|-heal|p2a: Iron Hands|100/100|[from] drain|[of] p1a: Ting-Lu
|
|-heal|p1a: Ting-Lu|45/100|[from] item: Leftovers
|upkeep
|turn|5
|
|t:|1757814978
|switch|p1a: Slowking|Slowking-Galar, L99, F|100/100
|move|p2a: Iron Hands|Drain Punch|p1a: Slowking
|-resisted|p1a: Slowking
|-damage|p1a: Slowking|85/100
|
|upkeep
|turn|6
|inactive|motorskk has 120 seconds left.
|
|t:|1757814993
|move|p2a: Iron Hands|Thunder Punch|p1a: Slowking
|-damage|p1a: Slowking|20/100
|move|p1a: Slowking|Toxic|p2a: Iron Hands
|-status|p2a: Iron Hands|tox
|
|-damage|p2a: Iron Hands|94/100 tox|[from] psn
|upkeep
|turn|7
|
|t:|1757814997
|switch|p1a: Corviknight|Corviknight, F, tera:Dragon|98/100
|-ability|p1a: Corviknight|Pressure
|move|p2a: Iron Hands|Thunder Punch|p1a: Corviknight
|-resisted|p1a: Corviknight
|-damage|p1a: Corviknight|81/100
|-damage|p2a: Iron Hands|78/100 tox|[from] item: Rocky Helmet|[of] p1a: Corviknight
|
|-damage|p2a: Iron Hands|66/100 tox|[from] psn
|upkeep
|turn|8
|
|t:|1757815010
|move|p1a: Corviknight|Brave Bird|p2a: Iron Hands
|-damage|p2a: Iron Hands|44/100 tox
|-damage|p1a: Corviknight|72/100|[from] Recoil
|move|p2a: Iron Hands|Thunder Punch|p1a: Corviknight
|-resisted|p1a: Corviknight
|-damage|p1a: Corviknight|55/100
|-damage|p2a: Iron Hands|27/100 tox|[from] item: Rocky Helmet|[of] p1a: Corviknight
|
|-damage|p2a: Iron Hands|9/100 tox|[from] psn
|upkeep
|turn|9
|
|t:|1757815014
|move|p1a: Corviknight|Roost|p1a: Corviknight
|-heal|p1a: Corviknight|100/100
|move|p2a: Iron Hands|Ice Punch|p1a: Corviknight
|-supereffective|p1a: Corviknight
|-damage|p1a: Corviknight|55/100
|-damage|p2a: Iron Hands|0 fnt|[from] item: Rocky Helmet|[of] p1a: Corviknight
|faint|p2a: Iron Hands
|-end|p2a: Iron Hands|Quark Drive|[silent]
|
|upkeep
|
|t:|1757815017
|switch|p2a: Scizor|Scizor, M|100/100
|turn|10
|inactive|motorskk has 120 seconds left.
|
|t:|1757815057
|move|p1a: Corviknight|Roost|p1a: Corviknight
|-heal|p1a: Corviknight|100/100
|move|p2a: Scizor|Swords Dance|p2a: Scizor
|-boost|p2a: Scizor|atk|2
|
|upkeep
|turn|11
|
|t:|1757815063
|switch|p1a: Dondozo|Dondozo, F|100/100
|move|p2a: Scizor|Bullet Punch|p1a: Dondozo
|-resisted|p1a: Dondozo
|-damage|p1a: Dondozo|93/100
|
|-heal|p1a: Dondozo|99/100|[from] item: Leftovers
|upkeep
|turn|12
|inactive|motorskk has 120 seconds left.
|
|t:|1757815084
|move|p2a: Scizor|Knock Off|p1a: Dondozo
|-damage|p1a: Dondozo|83/100
|-enditem|p1a: Dondozo|Leftovers|[from] move: Knock Off|[of] p2a: Scizor
|move|p1a: Dondozo|Curse|p1a: Dondozo
|-unboost|p1a: Dondozo|spe|1
|-boost|p1a: Dondozo|atk|1
|-boost|p1a: Dondozo|def|1
|
|upkeep
|turn|13
|inactive|motorskk has 120 seconds left.
|
|t:|1757815095
|switch|p2a: Salamence|Salamence, F|100/100
|move|p1a: Dondozo|Curse|p1a: Dondozo
|-unboost|p1a: Dondozo|spe|1
|-boost|p1a: Dondozo|atk|1
|-boost|p1a: Dondozo|def|1
|
|upkeep
|turn|14
|inactive|motorskk has 120 seconds left.
|
|t:|1757815111
|switch|p2a: Blaziken|Blaziken, F|100/100
|switch|p1a: Corviknight|Corviknight, F, tera:Dragon|100/100
|-ability|p1a: Corviknight|Pressure
|
|upkeep
|turn|15
|inactive|Punishmeplz has 120 seconds left.
|
|t:|1757815152
|move|p2a: Blaziken|Swords Dance|p2a: Blaziken
|-boost|p2a: Blaziken|atk|2
|move|p1a: Corviknight|Brave Bird|p2a: Blaziken
|-supereffective|p2a: Blaziken
|-damage|p2a: Blaziken|0 fnt
|faint|p2a: Blaziken
|-damage|p1a: Corviknight|76/100|[from] Recoil
|
|upkeep
|-message|Punishmeplz forfeited.
|
|win|motorskk
|raw|motorskk's rating: 1635 &rarr; <strong>1660</strong><br />(+25 for winning)
|raw|Punishmeplz's rating: 1721 &rarr; <strong>1696</strong><br />(-25 for losing)
|l|☆Punishmeplz
|player|p2|
|l|☆motorskk
|player|p1|
