|j|☆sawm0n
|j|☆Whatsapp Liligant
|t:|1757844978
|gametype|singles
|player|p1|sawm0n|ingo|1131
|player|p2|Whatsapp Liligant|cheryl|1128
|gen|9
|tier|[Gen 9] OU
|rated|
|rule|HP Percentage Mod: HP is shown in percentages
|rule|Endless Battle Clause: Forcing endless battles is banned
|rule|Species Clause: Limit one of each Pokémon
|rule|OHKO Clause: OHKO moves are banned
|rule|Evasion Items Clause: Evasion items are banned
|rule|Evasion Moves Clause: Evasion moves are banned
|rule|Evasion Abilities Clause: Evasion abilities are banned
|rule|Sleep Moves Clause: Sleep-inducing moves are banned
|clearpoke
|poke|p1|Kingambit, F|
|poke|p1|Great Tusk|
|poke|p1|Gholdengo|
|poke|p1|Primarina, F|
|poke|p1|Weavile, F|
|poke|p1|Zapdos|
|poke|p2|Gumshoos, M|
|poke|p2|Probopass, F|
|poke|p2|Scrafty, M|
|poke|p2|Dragapult, F|
|poke|p2|Iron Hands|
|poke|p2|Inteleon, M|
|teampreview
|inactive|Battle timer is ON: inactive players will automatically lose when time's up. (requested by sawm0n)
|
|t:|1757844987
|teamsize|p1|6
|teamsize|p2|6
|start
|switch|p1a: Great Tusk|Great Tusk|100/100
|switch|p2a: B-2 Stealth Bomber|Dragapult, F|100/100
|turn|1
|
|t:|1757844994
|move|p2a: B-2 Stealth Bomber|Reflect|p2a: B-2 Stealth Bomber
|-sidestart|p2: Whatsapp Liligant|Reflect
|move|p1a: Great Tusk|Ice Spinner|p2a: B-2 Stealth Bomber
|-supereffective|p2a: B-2 Stealth Bomber
|-damage|p2a: B-2 Stealth Bomber|65/100
|
|upkeep
|turn|2
|
|t:|1757844999
|move|p2a: B-2 Stealth Bomber|Shadow Ball|p1a: Great Tusk
|-damage|p1a: Great Tusk|48/100
|-unboost|p1a: Great Tusk|spd|1
|move|p1a: Great Tusk|Stealth Rock|p2a: B-2 Stealth Bomber
|-sidestart|p2: Whatsapp Liligant|move: Stealth Rock
|
|upkeep
|turn|3
|
|t:|1757845007
|-end|p1a: Great Tusk|Protosynthesis|[silent]
|switch|p1a: Weavile|Weavile, F|100/100
|-ability|p1a: Weavile|Pressure
|move|p2a: B-2 Stealth Bomber|Light Screen|p2a: B-2 Stealth Bomber
|-sidestart|p2: Whatsapp Liligant|move: Light Screen
|
|upkeep
|turn|4
|
|t:|1757845014
|move|p2a: B-2 Stealth Bomber|Thunder Wave|p1a: Weavile
|-status|p1a: Weavile|par
|move|p1a: Weavile|Knock Off|p2a: B-2 Stealth Bomber
|-supereffective|p2a: B-2 Stealth Bomber
|-damage|p2a: B-2 Stealth Bomber|0 fnt
|-enditem|p2a: B-2 Stealth Bomber|Light Clay|[from] move: Knock Off|[of] p1a: Weavile
|faint|p2a: B-2 Stealth Bomber
|
|upkeep
|
|t:|1757845029
|switch|p2a: McDonalds|Iron Hands|100/100
|-damage|p2a: McDonalds|94/100|[from] Stealth Rock
|-enditem|p2a: McDonalds|Booster Energy
|-activate|p2a: McDonalds|ability: Quark Drive|[fromitem]
|-start|p2a: McDonalds|quarkdriveatk
|turn|5
|
|t:|1757845036
|switch|p1a: Zapdos|Zapdos|100/100
|move|p2a: McDonalds|Swords Dance|p2a: McDonalds
|-boost|p2a: McDonalds|atk|2
|
|upkeep
|turn|6
|
|t:|1757845044
|move|p1a: Zapdos|Hurricane|p2a: McDonalds
|-damage|p2a: McDonalds|76/100
|move|p2a: McDonalds|Ice Punch|p1a: Zapdos
|-supereffective|p1a: Zapdos
|-damage|p1a: Zapdos|0 fnt
|faint|p1a: Zapdos
|
|upkeep
|
|t:|1757845053
|switch|p1a: Great Tusk|Great Tusk|48/100
|turn|7
|
|t:|1757845058
|move|p1a: Great Tusk|Headlong Rush|p2a: McDonalds
|-supereffective|p2a: McDonalds
|-damage|p2a: McDonalds|29/100
|-unboost|p1a: Great Tusk|def|1
|-unboost|p1a: Great Tusk|spd|1
|move|p2a: McDonalds|Drain Punch|p1a: Great Tusk
|-damage|p1a: Great Tusk|0 fnt
|-heal|p2a: McDonalds|50/100|[from] drain|[of] p1a: Great Tusk
|-damage|p2a: McDonalds|34/100|[from] item: Rocky Helmet|[of] p1a: Great Tusk
|faint|p1a: Great Tusk
|-end|p1a: Great Tusk|Protosynthesis|[silent]
|
|upkeep
|
|t:|1757845070
|switch|p1a: Primarina|Primarina, F|100/100
|turn|8
|
|t:|1757845076
|move|p2a: McDonalds|Thunder Punch|p1a: Primarina
|-supereffective|p1a: Primarina
|-crit|p1a: Primarina
|-damage|p1a: Primarina|0 fnt
|faint|p1a: Primarina
|
|-sideend|p2: Whatsapp Liligant|Reflect
|upkeep
|
|t:|1757845086
|switch|p1a: Weavile|Weavile, F|100/100 par
|-ability|p1a: Weavile|Pressure
|turn|9
|
|t:|1757845093
|move|p1a: Weavile|Low Kick|p2a: McDonalds
|-damage|p2a: McDonalds|0 fnt
|faint|p2a: McDonalds
|-end|p2a: McDonalds|Quark Drive|[silent]
|
|upkeep
|
|t:|1757845101
|switch|p2a: Charlie Kirk|Inteleon, M|100/100
|-damage|p2a: Charlie Kirk|88/100|[from] Stealth Rock
|turn|10
|
|t:|1757845106
|move|p2a: Charlie Kirk|Snipe Shot|p1a: Weavile
|-crit|p1a: Weavile
|-damage|p1a: Weavile|0 fnt
|faint|p1a: Weavile
|
|-sideend|p2: Whatsapp Liligant|move: Light Screen
|upkeep
|
|t:|1757845113
|switch|p1a: Gholdengo|Gholdengo|100/100
|turn|11
|
|t:|1757845116
|move|p2a: Charlie Kirk|Snipe Shot|p1a: Gholdengo
|-damage|p1a: Gholdengo|65/100
|move|p1a: Gholdengo|Thunder Wave|p2a: Charlie Kirk|[miss]
|-miss|p1a: Gholdengo|p2a: Charlie Kirk
|
|-heal|p1a: Gholdengo|71/100|[from] item: Leftovers
|upkeep
|turn|12
|
|t:|1757845125
|move|p2a: Charlie Kirk|Snipe Shot|p1a: Gholdengo
|-damage|p1a: Gholdengo|33/100
|move|p1a: Gholdengo|Thunder Wave|p2a: Charlie Kirk
|-status|p2a: Charlie Kirk|par
|
|-heal|p1a: Gholdengo|39/100|[from] item: Leftovers
|upkeep
|turn|13
|
|t:|1757845134
|move|p1a: Gholdengo|Hex|p2a: Charlie Kirk
|-damage|p2a: Charlie Kirk|2/100 par
|move|p2a: Charlie Kirk|Snipe Shot|p1a: Gholdengo
|-crit|p1a: Gholdengo
|-damage|p1a: Gholdengo|0 fnt
|faint|p1a: Gholdengo
|
|upkeep
|
|t:|1757845142
|switch|p1a: Kingambit|Kingambit, F|100/100
|-activate|p1a: Kingambit|ability: Supreme Overlord
|-start|p1a: Kingambit|fallen5|[silent]
|turn|14
|
|t:|1757845150
|move|p1a: Kingambit|Sucker Punch|p2a: Charlie Kirk
|-damage|p2a: Charlie Kirk|0 fnt
|faint|p2a: Charlie Kirk
|
|upkeep
|
|t:|1757845154
|switch|p2a: Oi vey|Probopass, F|100/100
|-damage|p2a: Oi vey|94/100|[from] Stealth Rock
|turn|15
|
|t:|1757845160
|-terastallize|p2a: Oi vey|Fighting
|move|p1a: Kingambit|Kowtow Cleave|p2a: Oi vey
|-resisted|p2a: Oi vey
|-damage|p2a: Oi vey|73/100
|-damage|p1a: Kingambit|84/100|[from] item: Rocky Helmet|[of] p2a: Oi vey
|move|p2a: Oi vey|Body Press|p1a: Kingambit
|-supereffective|p1a: Kingambit
|-damage|p1a: Kingambit|0 fnt
|faint|p1a: Kingambit
|-end|p1a: Kingambit|fallen5|[silent]
|
|win|Whatsapp Liligant
|raw|sawm0n's rating: 1131 &rarr; <strong>1106</strong><br />(-25 for losing)
|raw|Whatsapp Liligant's rating: 1128 &rarr; <strong>1153</strong><br />(+25 for winning)
|l|☆sawm0n
|player|p1|
|l|☆Whatsapp Liligant
|player|p2|
