|badge|p2|bronze|gen9ou|100-6
|uhtml|medal-msg|<div class="broadcast-blue">Curious what those medals under the avatar are? PS now has Ladder Seasons! For more information, check out the <a href="https://www.smogon.com/forums/threads/3740067/">thread on Smogon.</a></div>
|j|☆TacticOgre
|j|☆54 insane rats
|inactive|Battle timer is ON: inactive players will automatically lose when time's up.
|t:|1757793459
|gametype|singles
|player|p1|TacticOgre|firebreather|
|player|p2|54 insane rats|supernerd|
|gen|9
|tier|[Gen 9] OU
|rated|Tournament battle
|rule|HP Percentage Mod: HP is shown in percentages
|rule|Endless Battle Clause: Forcing endless battles is banned
|rule|Species Clause: Limit one of each Pokémon
|rule|OHKO Clause: OHKO moves are banned
|rule|Evasion Items Clause: Evasion items are banned
|rule|Evasion Moves Clause: Evasion moves are banned
|rule|Evasion Abilities Clause: Evasion abilities are banned
|rule|Sleep Moves Clause: Sleep-inducing moves are banned
|clearpoke
|poke|p1|Gholdengo|
|poke|p1|Darkrai|
|poke|p1|Ting-Lu|
|poke|p1|Zapdos|
|poke|p1|Primarina, M|
|poke|p1|Gliscor, F|
|poke|p2|Tyranitar, M|
|poke|p2|Excadrill, M|
|poke|p2|Kingambit, F|
|poke|p2|Garchomp, F|
|poke|p2|Pecharunt|
|poke|p2|Rotom-Wash|
|teampreview
|inactive|54 insane rats also wants the timer to be on.
|j| Clodsireenjoyer999
|j| qxfn142
|
|t:|1757793486
|teamsize|p1|6
|teamsize|p2|6
|start
|switch|p1a: Primarina|Primarina, M|100/100
|switch|p2a: Rotom|Rotom-Wash|100/100
|turn|1
|
|t:|1757793500
|move|p2a: Rotom|Volt Switch|p1a: Primarina
|-supereffective|p1a: Primarina
|-damage|p1a: Primarina|57/100
|
|t:|1757793504
|switch|p2a: Tyranitar|Tyranitar, M|100/100|[from] Volt Switch
|-weather|Sandstorm|[from] ability: Sand Stream|[of] p2a: Tyranitar
|move|p1a: Primarina|Flip Turn|p2a: Tyranitar
|-supereffective|p2a: Tyranitar
|-damage|p2a: Tyranitar|79/100
|inactive|TacticOgre has 120 seconds left.
|j| Dgnerado
|
|t:|1757793536
|switch|p1a: Ting-Lu|Ting-Lu|100/100|[from] Flip Turn
|-ability|p1a: Ting-Lu|Vessel of Ruin
|
|-weather|Sandstorm|[upkeep]
|upkeep
|turn|2
|
|t:|1757793551
|move|p2a: Tyranitar|Knock Off|p1a: Ting-Lu
|-resisted|p1a: Ting-Lu
|-damage|p1a: Ting-Lu|89/100
|-damage|p2a: Tyranitar|63/100|[from] item: Rocky Helmet|[of] p1a: Ting-Lu
|-enditem|p1a: Ting-Lu|Rocky Helmet|[from] move: Knock Off|[of] p2a: Tyranitar
|move|p1a: Ting-Lu|Stealth Rock|p2a: Tyranitar
|-sidestart|p2: 54 insane rats|move: Stealth Rock
|
|-weather|Sandstorm|[upkeep]
|upkeep
|turn|3
|
|t:|1757793555
|switch|p2a: Rotom|Rotom-Wash|100/100
|-damage|p2a: Rotom|88/100|[from] Stealth Rock
|move|p1a: Ting-Lu|Ruination|p2a: Rotom
|-damage|p2a: Rotom|44/100
|
|-weather|Sandstorm|[upkeep]
|-damage|p2a: Rotom|38/100|[from] Sandstorm
|-heal|p2a: Rotom|44/100|[from] item: Leftovers
|upkeep
|turn|4
|
|t:|1757793563
|move|p2a: Rotom|Pain Split|p1a: Ting-Lu
|-sethp|p1a: Ting-Lu|58/100|[from] move: Pain Split|[silent]
|-sethp|p2a: Rotom|97/100|[from] move: Pain Split
|move|p1a: Ting-Lu|Ruination|p2a: Rotom
|-damage|p2a: Rotom|49/100
|
|-weather|Sandstorm|[upkeep]
|-damage|p2a: Rotom|42/100|[from] Sandstorm
|-heal|p2a: Rotom|49/100|[from] item: Leftovers
|upkeep
|turn|5
|j| Giragono
|inactive|TacticOgre has 120 seconds left.
|
|t:|1757793595
|move|p2a: Rotom|Hydro Pump|p1a: Ting-Lu
|-supereffective|p1a: Ting-Lu
|-damage|p1a: Ting-Lu|25/100
|move|p1a: Ting-Lu|Spikes|p2a: Rotom
|-sidestart|p2: 54 insane rats|Spikes
|
|-weather|Sandstorm|[upkeep]
|-damage|p2a: Rotom|42/100|[from] Sandstorm
|-heal|p2a: Rotom|49/100|[from] item: Leftovers
|upkeep
|turn|6
|inactive|TacticOgre has 120 seconds left.
|
|t:|1757793615
|move|p2a: Rotom|Hydro Pump|p1a: Ting-Lu
|-supereffective|p1a: Ting-Lu
|-crit|p1a: Ting-Lu
|-damage|p1a: Ting-Lu|0 fnt
|faint|p1a: Ting-Lu
|
|-weather|Sandstorm|[upkeep]
|-damage|p2a: Rotom|42/100|[from] Sandstorm
|-heal|p2a: Rotom|49/100|[from] item: Leftovers
|upkeep
|
|t:|1757793636
|switch|p1a: Darkrai|Darkrai|100/100
|turn|7
|
|t:|1757793645
|move|p1a: Darkrai|Dark Pulse|p2a: Rotom
|-damage|p2a: Rotom|0 fnt
|faint|p2a: Rotom
|
|-weather|Sandstorm|[upkeep]
|-damage|p1a: Darkrai|94/100|[from] Sandstorm
|upkeep
|
|t:|1757793651
|switch|p2a: Excadrill|Excadrill, M|100/100
|-damage|p2a: Excadrill|97/100|[from] Stealth Rock
|-damage|p2a: Excadrill|85/100|[from] Spikes
|turn|8
|inactive|TacticOgre has 120 seconds left.
|
|t:|1757793660
|switch|p1a: Zapdos|Zapdos|100/100
|move|p2a: Excadrill|Earthquake|p1a: Zapdos
|-immune|p1a: Zapdos
|
|-weather|none
|upkeep
|turn|9
|
|t:|1757793670
|switch|p1a: Primarina|Primarina, M|57/100
|move|p2a: Excadrill|Rapid Spin|p1a: Primarina
|-damage|p1a: Primarina|21/100
|-boost|p2a: Excadrill|spe|1
|-sideend|p2: 54 insane rats|Spikes|[from] move: Rapid Spin|[of] p2a: Excadrill
|-sideend|p2: 54 insane rats|Stealth Rock|[from] move: Rapid Spin|[of] p2a: Excadrill
|-damage|p2a: Excadrill|75/100|[from] item: Life Orb
|
|upkeep
|turn|10
|
|t:|1757793679
|move|p2a: Excadrill|Rock Slide|p1a: Primarina
|-damage|p1a: Primarina|0 fnt
|faint|p1a: Primarina
|-damage|p2a: Excadrill|65/100|[from] item: Life Orb
|
|upkeep
|
|t:|1757793686
|switch|p1a: Gliscor|Gliscor, F|100/100
|turn|11
|
|t:|1757793693
|switch|p2a: Tyranitar|Tyranitar, M|63/100
|-weather|Sandstorm|[from] ability: Sand Stream|[of] p2a: Tyranitar
|move|p1a: Gliscor|Swords Dance|p1a: Gliscor
|-boost|p1a: Gliscor|atk|2
|
|-weather|Sandstorm|[upkeep]
|-status|p1a: Gliscor|tox|[from] item: Toxic Orb
|upkeep
|turn|12
|
|t:|1757793703
|move|p1a: Gliscor|Protect|p1a: Gliscor
|-singleturn|p1a: Gliscor|Protect
|move|p2a: Tyranitar|Ice Beam|p1a: Gliscor
|-activate|p1a: Gliscor|move: Protect
|
|-weather|Sandstorm|[upkeep]
|upkeep
|turn|13
|inactive|TacticOgre has 120 seconds left.
|
|t:|1757793729
|-terastallize|p1a: Gliscor|Normal
|move|p1a: Gliscor|Facade|p2a: Tyranitar
|-resisted|p2a: Tyranitar
|-crit|p2a: Tyranitar
|-damage|p2a: Tyranitar|12/100
|move|p2a: Tyranitar|Ice Beam|p1a: Gliscor
|-damage|p1a: Gliscor|81/100 tox
|
|-weather|Sandstorm|[upkeep]
|-damage|p1a: Gliscor|75/100 tox|[from] Sandstorm
|-heal|p1a: Gliscor|88/100 tox|[from] ability: Poison Heal
|upkeep
|turn|14
|
|t:|1757793739
|switch|p2a: Pecharunt|Pecharunt|100/100
|-item|p2a: Pecharunt|Air Balloon
|move|p1a: Gliscor|Facade|p2a: Pecharunt
|-immune|p2a: Pecharunt
|
|-weather|Sandstorm|[upkeep]
|-damage|p1a: Gliscor|81/100 tox|[from] Sandstorm
|-damage|p2a: Pecharunt|94/100|[from] Sandstorm
|-heal|p1a: Gliscor|94/100 tox|[from] ability: Poison Heal
|upkeep
|turn|15
|
|t:|1757793742
|move|p1a: Gliscor|Knock Off|p2a: Pecharunt
|-supereffective|p2a: Pecharunt
|-damage|p2a: Pecharunt|51/100
|-enditem|p2a: Pecharunt|Air Balloon
|move|p2a: Pecharunt|Parting Shot|p1a: Gliscor
|-unboost|p1a: Gliscor|atk|1
|-unboost|p1a: Gliscor|spa|1
|
|t:|1757793754
|switch|p2a: Kingambit|Kingambit, F|100/100|[from] Parting Shot
|-activate|p2a: Kingambit|ability: Supreme Overlord
|-start|p2a: Kingambit|fallen1|[silent]
|
|-weather|Sandstorm|[upkeep]
|-damage|p1a: Gliscor|88/100 tox|[from] Sandstorm
|-heal|p1a: Gliscor|99/100 tox|[from] ability: Poison Heal
|upkeep
|turn|16
|
|t:|1757793763
|move|p1a: Gliscor|Swords Dance|p1a: Gliscor
|-boost|p1a: Gliscor|atk|2
|move|p2a: Kingambit|Swords Dance|p2a: Kingambit
|-boost|p2a: Kingambit|atk|2
|
|-weather|Sandstorm|[upkeep]
|-damage|p1a: Gliscor|94/100 tox|[from] Sandstorm
|-heal|p1a: Gliscor|100/100 tox|[from] ability: Poison Heal
|upkeep
|turn|17
|
|t:|1757793769
|move|p1a: Gliscor|Facade|p2a: Kingambit
|-resisted|p2a: Kingambit
|-damage|p2a: Kingambit|54/100
|move|p2a: Kingambit|Kowtow Cleave|p1a: Gliscor
|-damage|p1a: Gliscor|0 fnt
|faint|p1a: Gliscor
|
|-weather|Sandstorm|[upkeep]
|upkeep
|
|t:|1757793777
|switch|p1a: Darkrai|Darkrai|94/100
|turn|18
|
|t:|1757793783
|move|p2a: Kingambit|Sucker Punch||[still]
|-fail|p2a: Kingambit
|move|p1a: Darkrai|Will-O-Wisp|p2a: Kingambit
|-status|p2a: Kingambit|brn
|
|-weather|none
|-damage|p2a: Kingambit|48/100 brn|[from] brn
|upkeep
|turn|19
|
|t:|1757793805
|switch|p1a: Zapdos|Zapdos|100/100
|move|p2a: Kingambit|Iron Head|p1a: Zapdos
|-resisted|p1a: Zapdos
|-damage|p1a: Zapdos|82/100
|
|-damage|p2a: Kingambit|42/100 brn|[from] brn
|upkeep
|turn|20
|
|t:|1757793823
|move|p2a: Kingambit|Sucker Punch|p1a: Zapdos
|-damage|p1a: Zapdos|45/100
|move|p1a: Zapdos|Hurricane|p2a: Kingambit
|-resisted|p2a: Kingambit
|-damage|p2a: Kingambit|18/100 brn
|-start|p2a: Kingambit|confusion
|
|-damage|p2a: Kingambit|12/100 brn|[from] brn
|upkeep
|turn|21
|
|t:|1757793826
|move|p1a: Zapdos|Roost|p1a: Zapdos
|-heal|p1a: Zapdos|96/100
|-singleturn|p1a: Zapdos|move: Roost
|-activate|p2a: Kingambit|confusion
|move|p2a: Kingambit|Kowtow Cleave|p1a: Zapdos
|-damage|p1a: Zapdos|51/100
|
|-damage|p2a: Kingambit|6/100 brn|[from] brn
|upkeep
|turn|22
|
|t:|1757793831
|move|p1a: Zapdos|Roost|p1a: Zapdos
|-heal|p1a: Zapdos|100/100
|-singleturn|p1a: Zapdos|move: Roost
|-end|p2a: Kingambit|confusion
|move|p2a: Kingambit|Kowtow Cleave|p1a: Zapdos
|-damage|p1a: Zapdos|56/100
|
|-damage|p2a: Kingambit|0 fnt|[from] brn
|faint|p2a: Kingambit
|-end|p2a: Kingambit|fallen1|[silent]
|upkeep
|
|t:|1757793833
|switch|p2a: Tyranitar|Tyranitar, M|12/100
|-weather|Sandstorm|[from] ability: Sand Stream|[of] p2a: Tyranitar
|turn|23
|
|t:|1757793846
|move|p1a: Zapdos|Volt Switch|p2a: Tyranitar
|-damage|p2a: Tyranitar|0 fnt
|faint|p2a: Tyranitar
|inactive|TacticOgre has 120 seconds left.
|
|t:|1757793873
|switch|p1a: Darkrai|Darkrai|94/100|[from] Volt Switch
|
|-weather|Sandstorm|[upkeep]
|-damage|p1a: Darkrai|88/100|[from] Sandstorm
|upkeep
|
|t:|1757793875
|switch|p2a: Excadrill|Excadrill, M|65/100
|turn|24
|
|t:|1757793885
|switch|p1a: Zapdos|Zapdos|56/100
|move|p2a: Excadrill|Earthquake|p1a: Zapdos
|-immune|p1a: Zapdos
|
|-weather|Sandstorm|[upkeep]
|-damage|p1a: Zapdos|50/100|[from] Sandstorm
|upkeep
|turn|25
|
|t:|1757793900
|switch|p1a: Darkrai|Darkrai|88/100
|move|p2a: Excadrill|Rock Slide|p1a: Darkrai
|-damage|p1a: Darkrai|35/100
|-damage|p2a: Excadrill|55/100|[from] item: Life Orb
|
|-weather|Sandstorm|[upkeep]
|-damage|p1a: Darkrai|29/100|[from] Sandstorm
|upkeep
|turn|26
|
|t:|1757793912
|switch|p1a: Zapdos|Zapdos|50/100
|move|p2a: Excadrill|Rock Slide|p1a: Zapdos
|-supereffective|p1a: Zapdos
|-damage|p1a: Zapdos|0 fnt
|faint|p1a: Zapdos
|-damage|p2a: Excadrill|45/100|[from] item: Life Orb
|
|-weather|Sandstorm|[upkeep]
|upkeep
|inactive|TacticOgre has 120 seconds left.
|j| Sgt. Unicorn
|
|t:|1757793932
|switch|p1a: Gholdengo|Gholdengo|100/100
|turn|27
|inactive|TacticOgre has 120 seconds left.
|
|t:|1757793938
|move|p2a: Excadrill|Earthquake|p1a: Gholdengo
|-supereffective|p1a: Gholdengo
|-enditem|p1a: Gholdengo|Shuca Berry|[eat]
|-enditem|p1a: Gholdengo|Shuca Berry|[weaken]
|-damage|p1a: Gholdengo|26/100
|-damage|p2a: Excadrill|35/100|[from] item: Life Orb
|move|p1a: Gholdengo|Shadow Ball|p2a: Excadrill
|-damage|p2a: Excadrill|0 fnt
|faint|p2a: Excadrill
|
|-weather|Sandstorm|[upkeep]
|upkeep
|
|t:|1757793948
|switch|p2a: Garchomp|Garchomp, F|100/100
|turn|28
|
|t:|1757793953
|move|p2a: Garchomp|Earthquake|p1a: Gholdengo
|-supereffective|p1a: Gholdengo
|-damage|p1a: Gholdengo|0 fnt
|faint|p1a: Gholdengo
|
|-weather|Sandstorm|[upkeep]
|upkeep
|
|t:|1757793959
|switch|p1a: Darkrai|Darkrai|29/100
|turn|29
|j| Evelye
|
|t:|1757793963
|-terastallize|p2a: Garchomp|Fire
|move|p1a: Darkrai|Ice Beam|p2a: Garchomp
|-resisted|p2a: Garchomp
|-damage|p2a: Garchomp|83/100
|move|p2a: Garchomp|Earthquake|p1a: Darkrai
|-damage|p1a: Darkrai|0 fnt
|faint|p1a: Darkrai
|
|win|54 insane rats
|n|☆TacticOgre|tacticogre
|n|☆54 insane rats|54insanerats
|n| Clodsireenjoyer999|clodsireenjoyer999
|n| qxfn142|qxfn142
|n| Dgnerado|dgnerado
|n| Giragono|giragono
|n| Sgt. Unicorn|sgtunicorn
|n| Evelye|evelye
