|j|☆erik was here
|j|☆MADMANWHO
|t:|1757826461
|gametype|singles
|player|p1|erik was here|169|1236
|player|p2|MADMANWHO|hiker|1180
|gen|9
|tier|[Gen 9] OU
|rated|
|rule|HP Percentage Mod: HP is shown in percentages
|rule|Endless Battle Clause: Forcing endless battles is banned
|rule|Species Clause: Limit one of each Pokémon
|rule|OHKO Clause: OHKO moves are banned
|rule|Evasion Items Clause: Evasion items are banned
|rule|Evasion Moves Clause: Evasion moves are banned
|rule|Evasion Abilities Clause: Evasion abilities are banned
|rule|Sleep Moves Clause: Sleep-inducing moves are banned
|clearpoke
|poke|p1|Ogerpon-Wellspring, F|
|poke|p1|Pelipper, M|
|poke|p1|Floatzel, F|
|poke|p1|Clodsire, F|
|poke|p1|Pecharunt|
|poke|p1|Cyclizar, M|
|poke|p2|Tyranitar, M|
|poke|p2|Corviknight, M|
|poke|p2|Vikavolt, M|
|poke|p2|Tinkaton, F|
|poke|p2|Iron Valiant|
|poke|p2|Alomomola, F|
|teampreview
|inactive|Battle timer is ON: inactive players will automatically lose when time's up. (requested by MADMANWHO)
|
|t:|1757826488
|teamsize|p1|6
|teamsize|p2|6
|start
|switch|p1a: Cyclizar|Cyclizar, M|100/100
|switch|p2a: Tinkaton|Tinkaton, F|100/100
|-ability|p2a: Tinkaton|Mold Breaker
|-item|p2a: Tinkaton|Air Balloon
|turn|1
|
|t:|1757826502
|move|p1a: Cyclizar|U-turn|p2a: Tinkaton
|-resisted|p2a: Tinkaton
|-damage|p2a: Tinkaton|94/100
|-enditem|p2a: Tinkaton|Air Balloon
|inactive|erik was here has 120 seconds left.
|
|t:|1757826544
|switch|p1a: Clodsire|Clodsire, F|100/100|[from] U-turn
|move|p2a: Tinkaton|Stealth Rock|p1a: Clodsire
|-sidestart|p1: erik was here|move: Stealth Rock
|
|upkeep
|turn|2
|
|t:|1757826554
|switch|p2a: Vikavolt|Vikavolt, M|100/100
|move|p1a: Clodsire|Stealth Rock|p2a: Vikavolt
|-sidestart|p2: MADMANWHO|move: Stealth Rock
|
|upkeep
|turn|3
|
|t:|1757826568
|switch|p1a: Cyclizar|Cyclizar, M|100/100
|move|p2a: Vikavolt|Sticky Web|p1a: Cyclizar
|-sidestart|p1: erik was here|move: Sticky Web
|
|upkeep
|turn|4
|
|t:|1757826577
|move|p1a: Cyclizar|Rapid Spin|p2a: Vikavolt
|-damage|p2a: Vikavolt|85/100
|-boost|p1a: Cyclizar|spe|1
|-sideend|p1: erik was here|Stealth Rock|[from] move: Rapid Spin|[of] p1a: Cyclizar
|-sideend|p1: erik was here|Sticky Web|[from] move: Rapid Spin|[of] p1a: Cyclizar
|move|p2a: Vikavolt|Volt Switch|p1a: Cyclizar
|-resisted|p1a: Cyclizar
|-damage|p1a: Cyclizar|74/100
|
|t:|1757826585
|switch|p2a: Tinkaton|Tinkaton, F|94/100|[from] Volt Switch
|-damage|p2a: Tinkaton|88/100|[from] Stealth Rock
|-ability|p2a: Tinkaton|Mold Breaker
|
|upkeep
|turn|5
|
|t:|1757826593
|move|p1a: Cyclizar|U-turn|p2a: Tinkaton
|-resisted|p2a: Tinkaton
|-damage|p2a: Tinkaton|82/100
|inactive|erik was here has 120 seconds left.
|
|t:|1757826604
|switch|p1a: Pelipper|Pelipper, M|100/100|[from] U-turn
|-weather|RainDance|[from] ability: Drizzle|[of] p1a: Pelipper
|move|p2a: Tinkaton|Knock Off|p1a: Pelipper
|-damage|p1a: Pelipper|83/100
|-enditem|p1a: Pelipper|Damp Rock|[from] move: Knock Off|[of] p2a: Tinkaton
|
|-weather|RainDance|[upkeep]
|upkeep
|turn|6
|inactive|erik was here has 120 seconds left.
|
|t:|1757826615
|move|p2a: Tinkaton|Thunder Wave|p1a: Pelipper
|-status|p1a: Pelipper|par
|move|p1a: Pelipper|U-turn|p2a: Tinkaton
|-resisted|p2a: Tinkaton
|-damage|p2a: Tinkaton|79/100
|inactive|erik was here has 120 seconds left.
|
|t:|1757826629
|switch|p1a: Ogerpon|Ogerpon-Wellspring, F|100/100|[from] U-turn
|
|-weather|RainDance|[upkeep]
|upkeep
|turn|7
|inactive|erik was here has 120 seconds left.
|
|t:|1757826635
|move|p1a: Ogerpon|Ivy Cudgel|p2a: Tinkaton|[anim] Ivy Cudgel Water
|-damage|p2a: Tinkaton|0 fnt
|faint|p2a: Tinkaton
|
|-weather|RainDance|[upkeep]
|upkeep
|
|t:|1757826647
|switch|p2a: Corviknight|Corviknight, M|100/100
|-damage|p2a: Corviknight|88/100|[from] Stealth Rock
|-ability|p2a: Corviknight|Pressure
|turn|8
|
|t:|1757826654
|move|p1a: Ogerpon|Ivy Cudgel|p2a: Corviknight|[anim] Ivy Cudgel Water
|-damage|p2a: Corviknight|37/100
|move|p2a: Corviknight|Iron Defense|p2a: Corviknight
|-boost|p2a: Corviknight|def|2
|
|-weather|RainDance|[upkeep]
|-heal|p2a: Corviknight|43/100|[from] item: Leftovers
|upkeep
|turn|9
|
|t:|1757826666
|switch|p1a: Pecharunt|Pecharunt|100/100
|move|p2a: Corviknight|Roost|p2a: Corviknight
|-heal|p2a: Corviknight|93/100
|-singleturn|p2a: Corviknight|move: Roost
|
|-weather|RainDance|[upkeep]
|-heal|p2a: Corviknight|99/100|[from] item: Leftovers
|upkeep
|turn|10
|
|t:|1757826677
|move|p1a: Pecharunt|Malignant Chain|p2a: Corviknight
|-immune|p2a: Corviknight
|move|p2a: Corviknight|U-turn|p1a: Pecharunt
|-resisted|p1a: Pecharunt
|-crit|p1a: Pecharunt
|-damage|p1a: Pecharunt|98/100
|
|t:|1757826685
|switch|p2a: Tyranitar|Tyranitar, M|100/100|[from] U-turn
|-damage|p2a: Tyranitar|88/100|[from] Stealth Rock
|-weather|Sandstorm|[from] ability: Sand Stream|[of] p2a: Tyranitar
|
|-weather|Sandstorm|[upkeep]
|-damage|p1a: Pecharunt|92/100|[from] Sandstorm
|-heal|p1a: Pecharunt|98/100|[from] item: Leftovers
|upkeep
|turn|11
|
|t:|1757826697
|move|p2a: Tyranitar|Rock Tomb|p1a: Pecharunt
|-damage|p1a: Pecharunt|83/100
|-unboost|p1a: Pecharunt|spe|1
|move|p1a: Pecharunt|Malignant Chain|p2a: Tyranitar
|-resisted|p2a: Tyranitar
|-damage|p2a: Tyranitar|81/100
|
|-weather|Sandstorm|[upkeep]
|-damage|p1a: Pecharunt|77/100|[from] Sandstorm
|-heal|p1a: Pecharunt|83/100|[from] item: Leftovers
|upkeep
|turn|12
|
|t:|1757826716
|move|p2a: Tyranitar|Knock Off|p1a: Pecharunt
|-supereffective|p1a: Pecharunt
|-damage|p1a: Pecharunt|34/100
|-enditem|p1a: Pecharunt|Leftovers|[from] move: Knock Off|[of] p2a: Tyranitar
|move|p1a: Pecharunt|Malignant Chain|p2a: Tyranitar
|-resisted|p2a: Tyranitar
|-damage|p2a: Tyranitar|74/100
|-status|p2a: Tyranitar|tox
|-start|p2a: Tyranitar|confusion|[from] ability: Poison Puppeteer|[of] p1a: Pecharunt
|
|-weather|Sandstorm|[upkeep]
|-damage|p1a: Pecharunt|28/100|[from] Sandstorm
|-damage|p2a: Tyranitar|68/100 tox|[from] psn
|upkeep
|turn|13
|inactive|erik was here has 120 seconds left.
|
|t:|1757826737
|switch|p1a: Cyclizar|Cyclizar, M|100/100
|-activate|p2a: Tyranitar|confusion
|move|p2a: Tyranitar|Knock Off|p1a: Cyclizar
|-damage|p1a: Cyclizar|22/100
|-enditem|p1a: Cyclizar|Heavy-Duty Boots|[from] move: Knock Off|[of] p2a: Tyranitar
|
|-weather|Sandstorm|[upkeep]
|-damage|p1a: Cyclizar|16/100|[from] Sandstorm
|-damage|p2a: Tyranitar|55/100 tox|[from] psn
|upkeep
|turn|14
|inactive|erik was here has 120 seconds left.
|
|t:|1757826755
|move|p1a: Cyclizar|U-turn|p2a: Tyranitar
|-supereffective|p2a: Tyranitar
|-damage|p2a: Tyranitar|21/100 tox
|inactive|erik was here has 120 seconds left.
|
|t:|1757826764
|switch|p1a: Ogerpon|Ogerpon-Wellspring, F|100/100|[from] U-turn
|-activate|p2a: Tyranitar|confusion
|move|p2a: Tyranitar|Dragon Tail|p1a: Ogerpon
|-damage|p1a: Ogerpon|75/100
|drag|p1a: Floatzel|Floatzel, F|100/100
|
|-weather|none
|-damage|p2a: Tyranitar|3/100 tox|[from] psn
|upkeep
|turn|15
|inactive|erik was here has 120 seconds left.
|
|t:|1757826782
|switch|p1a: Cyclizar|Cyclizar, M|49/100
|switch|p2a: Alomomola|Alomomola, F|100/100
|-damage|p2a: Alomomola|88/100|[from] Stealth Rock
|
|upkeep
|turn|16
|inactive|erik was here has 120 seconds left.
|
|t:|1757826789
|move|p1a: Cyclizar|Knock Off|p2a: Alomomola
|-damage|p2a: Alomomola|73/100
|-damage|p1a: Cyclizar|32/100|[from] item: Rocky Helmet|[of] p2a: Alomomola
|-enditem|p2a: Alomomola|Rocky Helmet|[from] move: Knock Off|[of] p1a: Cyclizar
|move|p2a: Alomomola|Wish|p2a: Alomomola
|
|upkeep
|turn|17
|inactive|erik was here has 120 seconds left.
|
|t:|1757826803
|move|p1a: Cyclizar|U-turn|p2a: Alomomola
|-damage|p2a: Alomomola|62/100
|
|t:|1757826808
|switch|p1a: Pecharunt|Pecharunt|28/100|[from] U-turn
|move|p2a: Alomomola|Flip Turn|p1a: Pecharunt
|-damage|p1a: Pecharunt|21/100
|
|t:|1757826827
|switch|p2a: Iron Valiant|Iron Valiant|100/100|[from] Flip Turn
|-damage|p2a: Iron Valiant|94/100|[from] Stealth Rock
|-enditem|p2a: Iron Valiant|Booster Energy
|-activate|p2a: Iron Valiant|ability: Quark Drive|[fromitem]
|-start|p2a: Iron Valiant|quarkdrivespe
|
|-heal|p2a: Iron Valiant|100/100|[from] move: Wish|[wisher] Alomomola
|upkeep
|turn|18
|
|t:|1757826838
|switch|p1a: Pelipper|Pelipper, M|83/100 par
|-weather|RainDance|[from] ability: Drizzle|[of] p1a: Pelipper
|move|p2a: Iron Valiant|Shadow Ball|p1a: Pelipper
|-damage|p1a: Pelipper|46/100 par
|
|-weather|RainDance|[upkeep]
|upkeep
|turn|19
|
|t:|1757826847
|switch|p1a: Clodsire|Clodsire, F|100/100
|move|p2a: Iron Valiant|Moonblast|p1a: Clodsire
|-resisted|p1a: Clodsire
|-damage|p1a: Clodsire|87/100
|
|-weather|RainDance|[upkeep]
|-heal|p1a: Clodsire|93/100|[from] item: Black Sludge
|upkeep
|turn|20
|
|t:|1757826859
|-end|p2a: Iron Valiant|Quark Drive|[silent]
|switch|p2a: Corviknight|Corviknight, M|99/100
|-damage|p2a: Corviknight|87/100|[from] Stealth Rock
|-ability|p2a: Corviknight|Pressure
|move|p1a: Clodsire|Earthquake|p2a: Corviknight
|-immune|p2a: Corviknight
|
|-weather|RainDance|[upkeep]
|-heal|p2a: Corviknight|93/100|[from] item: Leftovers
|-heal|p1a: Clodsire|99/100|[from] item: Black Sludge
|upkeep
|turn|21
|
|t:|1757826873
|switch|p1a: Pecharunt|Pecharunt|21/100
|move|p2a: Corviknight|U-turn|p1a: Pecharunt
|-resisted|p1a: Pecharunt
|-damage|p1a: Pecharunt|19/100
|
|t:|1757826879
|switch|p2a: Iron Valiant|Iron Valiant|100/100|[from] U-turn
|-damage|p2a: Iron Valiant|94/100|[from] Stealth Rock
|
|-weather|RainDance|[upkeep]
|upkeep
|turn|22
|
|t:|1757826897
|switch|p1a: Clodsire|Clodsire, F|99/100
|move|p2a: Iron Valiant|Moonblast|p1a: Clodsire
|-resisted|p1a: Clodsire
|-damage|p1a: Clodsire|87/100
|
|-weather|none
|-heal|p1a: Clodsire|93/100|[from] item: Black Sludge
|upkeep
|turn|23
|
|t:|1757826906
|-end|p2a: Iron Valiant|Quark Drive|[silent]
|switch|p2a: Corviknight|Corviknight, M|93/100
|-damage|p2a: Corviknight|80/100|[from] Stealth Rock
|-ability|p2a: Corviknight|Pressure
|switch|p1a: Pelipper|Pelipper, M|46/100 par
|-weather|RainDance|[from] ability: Drizzle|[of] p1a: Pelipper
|
|-weather|RainDance|[upkeep]
|-heal|p2a: Corviknight|86/100|[from] item: Leftovers
|upkeep
|turn|24
|
|t:|1757826920
|move|p2a: Corviknight|U-turn|p1a: Pelipper
|-resisted|p1a: Pelipper
|-damage|p1a: Pelipper|40/100 par
|
|t:|1757826922
|switch|p2a: Alomomola|Alomomola, F|95/100|[from] U-turn
|-damage|p2a: Alomomola|83/100|[from] Stealth Rock
|cant|p1a: Pelipper|par
|
|-weather|RainDance|[upkeep]
|upkeep
|turn|25
|
|t:|1757826931
|move|p2a: Alomomola|Wish|p2a: Alomomola
|move|p1a: Pelipper|U-turn|p2a: Alomomola
|-crit|p2a: Alomomola
|-damage|p2a: Alomomola|76/100
|
|t:|1757826936
|switch|p1a: Ogerpon|Ogerpon-Wellspring, F|75/100|[from] U-turn
|
|-weather|RainDance|[upkeep]
|upkeep
|turn|26
|
|t:|1757826942
|switch|p2a: Corviknight|Corviknight, M|86/100
|-damage|p2a: Corviknight|74/100|[from] Stealth Rock
|-ability|p2a: Corviknight|Pressure
|move|p1a: Ogerpon|Ivy Cudgel|p2a: Corviknight|[anim] Ivy Cudgel Water
|-damage|p2a: Corviknight|17/100
|
|-weather|RainDance|[upkeep]
|-heal|p2a: Corviknight|84/100|[from] move: Wish|[wisher] Alomomola
|-heal|p2a: Corviknight|90/100|[from] item: Leftovers
|upkeep
|turn|27
|
|t:|1757826955
|move|p1a: Ogerpon|Ivy Cudgel|p2a: Corviknight|[anim] Ivy Cudgel Water
|-damage|p2a: Corviknight|34/100
|move|p2a: Corviknight|Iron Defense|p2a: Corviknight
|-boost|p2a: Corviknight|def|2
|
|-weather|none
|-heal|p2a: Corviknight|40/100|[from] item: Leftovers
|upkeep
|turn|28
|
|t:|1757826965
|switch|p1a: Pecharunt|Pecharunt|19/100
|move|p2a: Corviknight|Roost|p2a: Corviknight
|-heal|p2a: Corviknight|90/100
|-singleturn|p2a: Corviknight|move: Roost
|
|-heal|p2a: Corviknight|96/100|[from] item: Leftovers
|upkeep
|turn|29
|
|t:|1757826973
|move|p1a: Pecharunt|Recover|p1a: Pecharunt
|-heal|p1a: Pecharunt|69/100
|move|p2a: Corviknight|U-turn|p1a: Pecharunt
|-resisted|p1a: Pecharunt
|-damage|p1a: Pecharunt|68/100
|
|t:|1757826982
|switch|p2a: Iron Valiant|Iron Valiant|94/100|[from] U-turn
|-damage|p2a: Iron Valiant|88/100|[from] Stealth Rock
|
|upkeep
|turn|30
|
|t:|1757826988
|switch|p1a: Clodsire|Clodsire, F|93/100
|move|p2a: Iron Valiant|Shadow Ball|p1a: Clodsire
|-damage|p1a: Clodsire|80/100
|
|-heal|p1a: Clodsire|86/100|[from] item: Black Sludge
|upkeep
|turn|31
|
|t:|1757826996
|-end|p2a: Iron Valiant|Quark Drive|[silent]
|switch|p2a: Vikavolt|Vikavolt, M|85/100
|-damage|p2a: Vikavolt|60/100|[from] Stealth Rock
|move|p1a: Clodsire|Earthquake|p2a: Vikavolt
|-immune|p2a: Vikavolt|[from] ability: Levitate
|
|-heal|p1a: Clodsire|93/100|[from] item: Black Sludge
|upkeep
|turn|32
|
|t:|1757827006
|move|p2a: Vikavolt|Sticky Web|p1a: Clodsire
|-sidestart|p1: erik was here|move: Sticky Web
|move|p1a: Clodsire|Toxic|p2a: Vikavolt
|-status|p2a: Vikavolt|tox
|
|-heal|p1a: Clodsire|99/100|[from] item: Black Sludge
|-damage|p2a: Vikavolt|54/100 tox|[from] psn
|upkeep
|turn|33
|
|t:|1757827018
|switch|p1a: Cyclizar|Cyclizar, M|66/100
|-activate|p1a: Cyclizar|move: Sticky Web
|-unboost|p1a: Cyclizar|spe|1
|move|p2a: Vikavolt|Bug Buzz|p1a: Cyclizar
|-damage|p1a: Cyclizar|0 fnt
|faint|p1a: Cyclizar
|
|-damage|p2a: Vikavolt|41/100 tox|[from] psn
|upkeep
|-enditem|p2a: Vikavolt|Sitrus Berry|[eat]
|-heal|p2a: Vikavolt|66/100 tox|[from] item: Sitrus Berry
|inactive|erik was here has 120 seconds left.
|
|t:|1757827068
|switch|p1a: Pelipper|Pelipper, M|40/100 par
|-weather|RainDance|[from] ability: Drizzle|[of] p1a: Pelipper
|turn|34
|
|t:|1757827076
|move|p2a: Vikavolt|Volt Switch|p1a: Pelipper
|-supereffective|p1a: Pelipper
|-damage|p1a: Pelipper|0 fnt
|faint|p1a: Pelipper
|
|t:|1757827082
|switch|p2a: Corviknight|Corviknight, M|96/100|[from] Volt Switch
|-damage|p2a: Corviknight|84/100|[from] Stealth Rock
|-ability|p2a: Corviknight|Pressure
|
|-weather|RainDance|[upkeep]
|-heal|p2a: Corviknight|90/100|[from] item: Leftovers
|upkeep
|
|t:|1757827091
|switch|p1a: Floatzel|Floatzel, F|100/100
|-activate|p1a: Floatzel|move: Sticky Web
|-unboost|p1a: Floatzel|spe|1
|turn|35
|inactive|erik was here has 120 seconds left.
|
|t:|1757827098
|-terastallize|p1a: Floatzel|Water
|move|p1a: Floatzel|Wave Crash|p2a: Corviknight
|-damage|p2a: Corviknight|0 fnt
|faint|p2a: Corviknight
|-damage|p1a: Floatzel|63/100|[from] Recoil
|
|-weather|RainDance|[upkeep]
|upkeep
|
|t:|1757827112
|switch|p2a: Alomomola|Alomomola, F|100/100
|-damage|p2a: Alomomola|88/100|[from] Stealth Rock
|turn|36
|
|t:|1757827117
|move|p2a: Alomomola|Protect|p2a: Alomomola
|-singleturn|p2a: Alomomola|Protect
|move|p1a: Floatzel|Wave Crash|p2a: Alomomola
|-activate|p2a: Alomomola|move: Protect
|
|-weather|RainDance|[upkeep]
|upkeep
|turn|37
|
|t:|1757827124
|move|p1a: Floatzel|Wave Crash|p2a: Alomomola
|-resisted|p2a: Alomomola
|-damage|p2a: Alomomola|47/100
|-damage|p1a: Floatzel|39/100|[from] Recoil
|move|p2a: Alomomola|Wish|p2a: Alomomola
|
|-weather|RainDance|[upkeep]
|upkeep
|turn|38
|
|t:|1757827133
|switch|p1a: Ogerpon|Ogerpon-Wellspring, F|75/100
|-activate|p1a: Ogerpon|move: Sticky Web
|-unboost|p1a: Ogerpon|spe|1
|move|p2a: Alomomola|Protect||[still]
|-fail|p2a: Alomomola
|
|-weather|none
|-heal|p2a: Alomomola|97/100|[from] move: Wish|[wisher] Alomomola
|upkeep
|turn|39
|
|t:|1757827161
|move|p2a: Alomomola|Protect|p2a: Alomomola
|-singleturn|p2a: Alomomola|Protect
|move|p1a: Ogerpon|Trailblaze|p2a: Alomomola
|-activate|p2a: Alomomola|move: Protect
|
|upkeep
|turn|40
|inactive|MADMANWHO has 120 seconds left.
|
|t:|1757827177
|switch|p2a: Tyranitar|Tyranitar, M|3/100 tox
|-damage|p2a: Tyranitar|0 fnt|[from] Stealth Rock
|faint|p2a: Tyranitar
|move|p1a: Ogerpon|Trailblaze|p2: Tyranitar|[notarget]
|-fail|p1a: Ogerpon
|
|upkeep
|inactive|MADMANWHO has 120 seconds left.
|
|t:|1757827186
|switch|p2a: Vikavolt|Vikavolt, M|66/100 tox
|-damage|p2a: Vikavolt|41/100 tox|[from] Stealth Rock
|turn|41
|
|t:|1757827194
|switch|p1a: Clodsire|Clodsire, F|99/100
|-activate|p1a: Clodsire|move: Sticky Web
|-unboost|p1a: Clodsire|spe|1
|move|p2a: Vikavolt|Energy Ball|p1a: Clodsire
|-damage|p1a: Clodsire|85/100
|
|-heal|p1a: Clodsire|91/100|[from] item: Black Sludge
|-damage|p2a: Vikavolt|35/100 tox|[from] psn
|upkeep
|turn|42
|
|t:|1757827205
|switch|p2a: Alomomola|Alomomola, F|100/100
|-damage|p2a: Alomomola|88/100|[from] Stealth Rock
|move|p1a: Clodsire|Toxic|p2a: Alomomola
|-status|p2a: Alomomola|tox
|
|-heal|p1a: Clodsire|97/100|[from] item: Black Sludge
|-damage|p2a: Alomomola|82/100 tox|[from] psn
|upkeep
|turn|43
|-message|MADMANWHO forfeited.
|
|win|erik was here
|raw|erik was here's rating: 1236 &rarr; <strong>1257</strong><br />(+21 for winning)
|raw|MADMANWHO's rating: 1180 &rarr; <strong>1159</strong><br />(-21 for losing)
|l|☆MADMANWHO
|player|p2|
|l|☆erik was here
|player|p1|
