|j|☆sihengthegreat
|j|☆Mr.X&Y97
|t:|1757812279
|gametype|singles
|player|p1|sihengthegreat|hooligans|1466
|player|p2|Mr.X&Y97|ingo|1481
|gen|9
|tier|[Gen 9] OU
|rated|
|rule|HP Percentage Mod: HP is shown in percentages
|rule|Endless Battle Clause: Forcing endless battles is banned
|rule|Species Clause: Limit one of each Pokémon
|rule|OHKO Clause: OHKO moves are banned
|rule|Evasion Items Clause: Evasion items are banned
|rule|Evasion Moves Clause: Evasion moves are banned
|rule|Evasion Abilities Clause: Evasion abilities are banned
|rule|Sleep Moves Clause: Sleep-inducing moves are banned
|clearpoke
|poke|p1|Garchomp, M|
|poke|p1|Iron Treads|
|poke|p1|Gholdengo|
|poke|p1|Darkrai|
|poke|p1|Ogerpon-Wellspring, F|
|poke|p1|Dragonite, F|
|poke|p2|Samurott-Hisui, M|
|poke|p2|Gholdengo|
|poke|p2|Great Tusk|
|poke|p2|Raging Bolt|
|poke|p2|Dragonite, M|
|poke|p2|Kingambit, M|
|teampreview
|inactive|Battle timer is ON: inactive players will automatically lose when time's up. (requested by Mr.X&Y97)
|
|t:|1757812294
|teamsize|p1|6
|teamsize|p2|6
|start
|switch|p1a: Garchomp|Garchomp, M|100/100
|switch|p2a: Gholdengo|Gholdengo|100/100
|-item|p2a: Gholdengo|Air Balloon
|turn|1
|
|t:|1757812300
|move|p1a: Garchomp|Spikes|p2a: Gholdengo
|-sidestart|p2: Mr.X&Y97|Spikes
|move|p2a: Gholdengo|Make It Rain|p1a: Garchomp
|-damage|p1a: Garchomp|43/100
|-unboost|p2a: Gholdengo|spa|1
|
|upkeep
|turn|2
|
|t:|1757812323
|move|p1a: Garchomp|Stone Edge|p2a: Gholdengo
|-resisted|p2a: Gholdengo
|-damage|p2a: Gholdengo|89/100
|-enditem|p2a: Gholdengo|Air Balloon
|move|p2a: Gholdengo|Make It Rain|p1a: Garchomp
|-damage|p1a: Garchomp|8/100
|-unboost|p2a: Gholdengo|spa|1
|
|upkeep
|turn|3
|
|t:|1757812335
|switch|p1a: Ogerpon|Ogerpon-Wellspring, F|100/100
|switch|p2a: Great Tusk|Great Tusk|100/100
|
|upkeep
|turn|4
|
|t:|1757812351
|move|p1a: Ogerpon|Ivy Cudgel|p2a: Great Tusk|[anim] Ivy Cudgel Water
|-supereffective|p2a: Great Tusk
|-damage|p2a: Great Tusk|32/100
|move|p2a: Great Tusk|Rapid Spin|p1a: Ogerpon
|-damage|p1a: Ogerpon|81/100
|-boost|p2a: Great Tusk|spe|1
|-sideend|p2: Mr.X&Y97|Spikes|[from] move: Rapid Spin|[of] p2a: Great Tusk
|
|upkeep
|turn|5
|
|t:|1757812364
|move|p2a: Great Tusk|Stealth Rock|p1a: Ogerpon
|-sidestart|p1: sihengthegreat|move: Stealth Rock
|move|p1a: Ogerpon|U-turn|p2a: Great Tusk
|-resisted|p2a: Great Tusk
|-damage|p2a: Great Tusk|24/100
|
|t:|1757812377
|switch|p1a: Iron Treads|Iron Treads|100/100|[from] U-turn
|-damage|p1a: Iron Treads|97/100|[from] Stealth Rock
|-item|p1a: Iron Treads|Air Balloon
|
|upkeep
|turn|6
|
|t:|1757812387
|move|p2a: Great Tusk|Rapid Spin|p1a: Iron Treads
|-resisted|p1a: Iron Treads
|-damage|p1a: Iron Treads|90/100
|-boost|p2a: Great Tusk|spe|1
|-enditem|p1a: Iron Treads|Air Balloon
|move|p1a: Iron Treads|Ice Spinner|p2a: Great Tusk
|-supereffective|p2a: Great Tusk
|-damage|p2a: Great Tusk|0 fnt
|faint|p2a: Great Tusk
|-end|p2a: Great Tusk|Protosynthesis|[silent]
|
|upkeep
|
|t:|1757812394
|switch|p2a: Samurott|Samurott-Hisui, M|100/100
|turn|7
|
|t:|1757812403
|move|p2a: Samurott|Sacred Sword|p1a: Iron Treads
|-supereffective|p1a: Iron Treads
|-damage|p1a: Iron Treads|10/100
|move|p1a: Iron Treads|Rapid Spin|p2a: Samurott
|-damage|p2a: Samurott|81/100
|-boost|p1a: Iron Treads|spe|1
|-sideend|p1: sihengthegreat|Stealth Rock|[from] move: Rapid Spin|[of] p1a: Iron Treads
|
|upkeep
|turn|8
|
|t:|1757812416
|move|p1a: Iron Treads|Stealth Rock|p2a: Samurott
|-sidestart|p2: Mr.X&Y97|move: Stealth Rock
|move|p2a: Samurott|Sacred Sword|p1a: Iron Treads
|-supereffective|p1a: Iron Treads
|-damage|p1a: Iron Treads|0 fnt
|faint|p1a: Iron Treads
|-end|p1a: Iron Treads|Quark Drive|[silent]
|
|upkeep
|
|t:|1757812435
|switch|p1a: Dragonite|Dragonite, F|100/100
|turn|9
|
|t:|1757812441
|switch|p2a: Gholdengo|Gholdengo|89/100
|-damage|p2a: Gholdengo|83/100|[from] Stealth Rock
|move|p1a: Dragonite|Dragon Dance|p1a: Dragonite
|-boost|p1a: Dragonite|atk|1
|-boost|p1a: Dragonite|spe|1
|
|upkeep
|turn|10
|
|t:|1757812450
|-terastallize|p2a: Gholdengo|Fairy
|move|p1a: Dragonite|Earthquake|p2a: Gholdengo
|-damage|p2a: Gholdengo|47/100
|move|p2a: Gholdengo|Thunder Wave|p1a: Dragonite
|-status|p1a: Dragonite|par
|
|upkeep
|turn|11
|
|t:|1757812463
|move|p2a: Gholdengo|Hex|p1a: Dragonite
|-damage|p1a: Dragonite|70/100 par
|move|p1a: Dragonite|Dragon Dance|p1a: Dragonite
|-boost|p1a: Dragonite|atk|1
|-boost|p1a: Dragonite|spe|1
|
|-heal|p1a: Dragonite|76/100 par|[from] item: Leftovers
|upkeep
|turn|12
|
|t:|1757812472
|cant|p1a: Dragonite|par
|move|p2a: Gholdengo|Make It Rain|p1a: Dragonite
|-damage|p1a: Dragonite|19/100 par
|-unboost|p2a: Gholdengo|spa|1
|
|-heal|p1a: Dragonite|25/100 par|[from] item: Leftovers
|upkeep
|turn|13
|
|t:|1757812476
|move|p1a: Dragonite|Earthquake|p2a: Gholdengo
|-damage|p2a: Gholdengo|0 fnt
|faint|p2a: Gholdengo
|
|-heal|p1a: Dragonite|31/100 par|[from] item: Leftovers
|upkeep
|
|t:|1757812479
|switch|p2a: Dragonite|Dragonite, M|100/100
|turn|14
|
|t:|1757812489
|move|p1a: Dragonite|Extreme Speed|p2a: Dragonite
|-damage|p2a: Dragonite|70/100
|move|p2a: Dragonite|Extreme Speed|p1a: Dragonite
|-damage|p1a: Dragonite|0 fnt
|faint|p1a: Dragonite
|
|upkeep
|
|t:|1757812496
|switch|p1a: Darkrai|Darkrai|100/100
|turn|15
|
|t:|1757812503
|move|p2a: Dragonite|Extreme Speed|p1a: Darkrai
|-damage|p1a: Darkrai|51/100
|move|p1a: Darkrai|Ice Beam|p2a: Dragonite
|-supereffective|p2a: Dragonite
|-damage|p2a: Dragonite|0 fnt
|faint|p2a: Dragonite
|-damage|p1a: Darkrai|41/100|[from] item: Life Orb
|
|upkeep
|
|t:|1757812527
|switch|p2a: Samurott|Samurott-Hisui, M|81/100
|-damage|p2a: Samurott|68/100|[from] Stealth Rock
|turn|16
|
|t:|1757812534
|switch|p1a: Gholdengo|Gholdengo, shiny|100/100
|move|p2a: Samurott|Sacred Sword|p1a: Gholdengo
|-immune|p1a: Gholdengo
|
|upkeep
|turn|17
|
|t:|1757812541
|switch|p2a: Raging Bolt|Raging Bolt|100/100
|-damage|p2a: Raging Bolt|88/100|[from] Stealth Rock
|-enditem|p2a: Raging Bolt|Booster Energy
|-activate|p2a: Raging Bolt|ability: Protosynthesis|[fromitem]
|-start|p2a: Raging Bolt|protosynthesisspa
|move|p1a: Gholdengo|Trick|p2a: Raging Bolt
|-activate|p1a: Gholdengo|move: Trick|[of] p2a: Raging Bolt
|-item|p2a: Raging Bolt|Choice Scarf|[from] move: Trick
|-enditem|p1a: Gholdengo|Choice Scarf|[silent]|[from] move: Trick
|
|upkeep
|turn|18
|
|t:|1757812551
|move|p2a: Raging Bolt|Dragon Pulse|p1a: Gholdengo
|-resisted|p1a: Gholdengo
|-damage|p1a: Gholdengo|59/100
|move|p1a: Gholdengo|Recover|p1a: Gholdengo
|-heal|p1a: Gholdengo|100/100
|
|upkeep
|turn|19
|
|t:|1757812559
|move|p2a: Raging Bolt|Dragon Pulse|p1a: Gholdengo
|-resisted|p1a: Gholdengo
|-damage|p1a: Gholdengo|63/100
|move|p1a: Gholdengo|Shadow Ball|p2a: Raging Bolt
|-damage|p2a: Raging Bolt|46/100
|
|upkeep
|turn|20
|
|t:|1757812566
|move|p2a: Raging Bolt|Dragon Pulse|p1a: Gholdengo
|-resisted|p1a: Gholdengo
|-damage|p1a: Gholdengo|26/100
|move|p1a: Gholdengo|Recover|p1a: Gholdengo
|-heal|p1a: Gholdengo|76/100
|
|upkeep
|turn|21
|
|t:|1757812572
|move|p2a: Raging Bolt|Dragon Pulse|p1a: Gholdengo
|-resisted|p1a: Gholdengo
|-damage|p1a: Gholdengo|40/100
|move|p1a: Gholdengo|Recover|p1a: Gholdengo
|-heal|p1a: Gholdengo|91/100
|
|upkeep
|turn|22
|
|t:|1757812575
|move|p2a: Raging Bolt|Dragon Pulse|p1a: Gholdengo
|-resisted|p1a: Gholdengo
|-damage|p1a: Gholdengo|55/100
|move|p1a: Gholdengo|Shadow Ball|p2a: Raging Bolt
|-damage|p2a: Raging Bolt|5/100
|
|upkeep
|turn|23
|
|t:|1757812578
|move|p2a: Raging Bolt|Dragon Pulse|p1a: Gholdengo
|-resisted|p1a: Gholdengo
|-damage|p1a: Gholdengo|19/100
|move|p1a: Gholdengo|Recover|p1a: Gholdengo
|-heal|p1a: Gholdengo|69/100
|
|upkeep
|turn|24
|
|t:|1757812581
|move|p2a: Raging Bolt|Dragon Pulse|p1a: Gholdengo
|-resisted|p1a: Gholdengo
|-damage|p1a: Gholdengo|32/100
|move|p1a: Gholdengo|Recover|p1a: Gholdengo
|-heal|p1a: Gholdengo|82/100
|
|upkeep
|turn|25
|
|t:|1757812583
|move|p2a: Raging Bolt|Dragon Pulse|p1a: Gholdengo
|-resisted|p1a: Gholdengo
|-damage|p1a: Gholdengo|42/100
|move|p1a: Gholdengo|Recover|p1a: Gholdengo
|-heal|p1a: Gholdengo|93/100
|
|upkeep
|turn|26
|
|t:|1757812599
|move|p2a: Raging Bolt|Dragon Pulse|p1a: Gholdengo
|-resisted|p1a: Gholdengo
|-damage|p1a: Gholdengo|53/100
|move|p1a: Gholdengo|Make It Rain|p2a: Raging Bolt
|-resisted|p2a: Raging Bolt
|-damage|p2a: Raging Bolt|0 fnt
|-unboost|p1a: Gholdengo|spa|1
|faint|p2a: Raging Bolt
|-end|p2a: Raging Bolt|Protosynthesis|[silent]
|
|upkeep
|
|t:|1757812609
|switch|p2a: Samurott|Samurott-Hisui, M|68/100
|-damage|p2a: Samurott|56/100|[from] Stealth Rock
|turn|27
|
|t:|1757812616
|move|p2a: Samurott|Ceaseless Edge|p1a: Gholdengo|[miss]
|-miss|p2a: Samurott|p1a: Gholdengo
|move|p1a: Gholdengo|Recover|p1a: Gholdengo
|-heal|p1a: Gholdengo|100/100
|
|upkeep
|turn|28
|
|t:|1757812626
|move|p2a: Samurott|Ceaseless Edge|p1a: Gholdengo
|-supereffective|p1a: Gholdengo
|-damage|p1a: Gholdengo|1/100
|-sidestart|p1: sihengthegreat|Spikes
|move|p1a: Gholdengo|Make It Rain|p2a: Samurott
|-resisted|p2a: Samurott
|-damage|p2a: Samurott|24/100
|-unboost|p1a: Gholdengo|spa|1
|
|upkeep
|turn|29
|
|t:|1757812640
|switch|p1a: Garchomp|Garchomp, M|8/100
|-damage|p1a: Garchomp|0 fnt|[from] Spikes
|faint|p1a: Garchomp
|move|p2a: Samurott|Ceaseless Edge|p1: Garchomp|[notarget]
|-fail|p2a: Samurott
|
|upkeep
|
|t:|1757812647
|switch|p1a: Ogerpon|Ogerpon-Wellspring, F|81/100
|-damage|p1a: Ogerpon|69/100|[from] Spikes
|turn|30
|
|t:|1757812649
|move|p2a: Samurott|Ceaseless Edge|p1a: Ogerpon
|-damage|p1a: Ogerpon|6/100
|-sidestart|p1: sihengthegreat|Spikes
|move|p1a: Ogerpon|Ivy Cudgel|p2a: Samurott|[anim] Ivy Cudgel Water
|-resisted|p2a: Samurott
|-crit|p2a: Samurott
|-damage|p2a: Samurott|0 fnt
|faint|p2a: Samurott
|
|upkeep
|
|t:|1757812652
|switch|p2a: Kingambit|Kingambit, M|100/100
|-damage|p2a: Kingambit|94/100|[from] Stealth Rock
|-activate|p2a: Kingambit|ability: Supreme Overlord
|-start|p2a: Kingambit|fallen5|[silent]
|turn|31
|
|t:|1757812658
|move|p1a: Ogerpon|Encore||[still]
|-fail|p1a: Ogerpon
|move|p2a: Kingambit|Kowtow Cleave|p1a: Ogerpon
|-damage|p1a: Ogerpon|0 fnt
|faint|p1a: Ogerpon
|
|upkeep
|
|t:|1757812662
|switch|p1a: Gholdengo|Gholdengo, shiny|1/100
|-damage|p1a: Gholdengo|0 fnt|[from] Spikes
|faint|p1a: Gholdengo
|
|t:|1757812663
|switch|p1a: Darkrai|Darkrai|41/100
|-damage|p1a: Darkrai|25/100|[from] Spikes
|turn|32
|
|t:|1757812667
|move|p2a: Kingambit|Sucker Punch|p1a: Darkrai
|-resisted|p1a: Darkrai
|-damage|p1a: Darkrai|0 fnt
|faint|p1a: Darkrai
|
|win|Mr.X&Y97
|raw|sihengthegreat's rating: 1466 &rarr; <strong>1447</strong><br />(-19 for losing)
|raw|Mr.X&amp;Y97's rating: 1481 &rarr; <strong>1500</strong><br />(+19 for winning)
