|j|☆SorenzoAzhathot
|j|☆raposinhavermelha
|t:|1757900327
|gametype|singles
|player|p1|SorenzoAzhathot|gentleman-gen4|1019
|player|p2|raposinhavermelha|ghetsis|1000
|gen|9
|tier|[Gen 9] OU
|rated|
|rule|HP Percentage Mod: HP is shown in percentages
|rule|Endless Battle Clause: Forcing endless battles is banned
|rule|Species Clause: Limit one of each Pokémon
|rule|OHKO Clause: OHKO moves are banned
|rule|Evasion Items Clause: Evasion items are banned
|rule|Evasion Moves Clause: Evasion moves are banned
|rule|Evasion Abilities Clause: Evasion abilities are banned
|rule|Sleep Moves Clause: Sleep-inducing moves are banned
|clearpoke
|poke|p1|Mamoswine, M|
|poke|p1|Lokix, M|
|poke|p1|Glimmora, F|
|poke|p1|Blaziken, M|
|poke|p1|Clodsire, M|
|poke|p1|Dragapult, M|
|poke|p2|Corviknight, F|
|poke|p2|Darkrai|
|poke|p2|Dragapult, F|
|poke|p2|Iron Moth|
|poke|p2|Hatterene, F|
|poke|p2|Moltres|
|teampreview
|inactive|Battle timer is ON: inactive players will automatically lose when time's up. (requested by SorenzoAzhathot)
|
|t:|1757900338
|teamsize|p1|6
|teamsize|p2|6
|start
|switch|p1a: Glimmora|Glimmora, F|100/100
|switch|p2a: Dragapult|Dragapult, F|100/100
|turn|1
|
|t:|1757900354
|move|p2a: Dragapult|Dragon Claw|p1a: Glimmora
|-damage|p1a: Glimmora|79/100
|-damage|p2a: Dragapult|84/100|[from] item: Rocky Helmet|[of] p1a: Glimmora
|-activate|p1a: Glimmora|ability: Toxic Debris
|-sidestart|p2: raposinhavermelha|move: Toxic Spikes
|move|p1a: Glimmora|Stealth Rock|p2a: Dragapult
|-sidestart|p2: raposinhavermelha|move: Stealth Rock
|
|upkeep
|turn|2
|
|t:|1757900364
|move|p2a: Dragapult|Dragon Claw|p1a: Glimmora
|-damage|p1a: Glimmora|55/100
|-damage|p2a: Dragapult|68/100|[from] item: Rocky Helmet|[of] p1a: Glimmora
|-activate|p1a: Glimmora|ability: Toxic Debris
|-sidestart|p2: raposinhavermelha|move: Toxic Spikes
|move|p1a: Glimmora|Spikes|p2a: Dragapult
|-sidestart|p2: raposinhavermelha|Spikes
|
|upkeep
|turn|3
|
|t:|1757900374
|move|p2a: Dragapult|Dragon Claw|p1a: Glimmora
|-damage|p1a: Glimmora|30/100
|-damage|p2a: Dragapult|51/100|[from] item: Rocky Helmet|[of] p1a: Glimmora
|move|p1a: Glimmora|Toxic|p2a: Dragapult
|-status|p2a: Dragapult|tox
|
|-damage|p2a: Dragapult|45/100 tox|[from] psn
|upkeep
|turn|4
|
|t:|1757900384
|move|p2a: Dragapult|Dragon Claw|p1a: Glimmora
|-damage|p1a: Glimmora|8/100
|-damage|p2a: Dragapult|29/100 tox|[from] item: Rocky Helmet|[of] p1a: Glimmora
|move|p1a: Glimmora|Spikes|p2a: Dragapult
|-sidestart|p2: raposinhavermelha|Spikes
|
|-damage|p2a: Dragapult|17/100 tox|[from] psn
|upkeep
|turn|5
|
|t:|1757900394
|move|p2a: Dragapult|Dragon Claw|p1a: Glimmora
|-damage|p1a: Glimmora|0 fnt
|-damage|p2a: Dragapult|0 fnt|[from] item: Rocky Helmet|[of] p1a: Glimmora
|faint|p1a: Glimmora
|faint|p2a: Dragapult
|
|upkeep
|
|t:|1757900408
|switch|p2a: Moltres|Moltres|100/100
|switch|p1a: Mamoswine|Mamoswine, M|100/100
|-ability|p2a: Moltres|Pressure
|turn|6
|
|t:|1757900420
|move|p1a: Mamoswine|Trailblaze|p2a: Moltres
|-resisted|p2a: Moltres
|-crit|p2a: Moltres
|-damage|p2a: Moltres|93/100
|-boost|p1a: Mamoswine|spe|1
|move|p2a: Moltres|Flamethrower|p1a: Mamoswine
|-supereffective|p1a: Mamoswine
|-damage|p1a: Mamoswine|55/100
|
|upkeep
|turn|7
|
|t:|1757900433
|move|p1a: Mamoswine|Icicle Crash|p2a: Moltres
|-damage|p2a: Moltres|37/100
|move|p2a: Moltres|Flamethrower|p1a: Mamoswine
|-supereffective|p1a: Mamoswine
|-damage|p1a: Mamoswine|4/100
|
|upkeep
|turn|8
|
|t:|1757900440
|move|p1a: Mamoswine|Icicle Crash|p2a: Moltres
|-damage|p2a: Moltres|0 fnt
|faint|p2a: Moltres
|
|upkeep
|
|t:|1757900445
|switch|p2a: Corviknight|Corviknight, F|100/100
|-damage|p2a: Corviknight|88/100|[from] Stealth Rock
|-ability|p2a: Corviknight|Pressure
|turn|9
|
|t:|1757900453
|move|p1a: Mamoswine|Icicle Crash|p2a: Corviknight
|-damage|p2a: Corviknight|47/100
|cant|p2a: Corviknight|flinch
|
|upkeep
|turn|10
|
|t:|1757900459
|move|p1a: Mamoswine|Icicle Crash|p2a: Corviknight
|-damage|p2a: Corviknight|5/100
|move|p2a: Corviknight|U-turn|p1a: Mamoswine
|-damage|p1a: Mamoswine|0 fnt
|faint|p1a: Mamoswine
|
|t:|1757900467
|switch|p2a: Darkrai|Darkrai|100/100|[from] U-turn
|-status|p2a: Darkrai|tox
|-damage|p2a: Darkrai|88/100 tox|[from] Stealth Rock
|-damage|p2a: Darkrai|72/100 tox|[from] Spikes
|
|-heal|p2a: Darkrai|78/100 tox|[from] item: Leftovers
|-damage|p2a: Darkrai|72/100 tox|[from] psn
|upkeep
|
|t:|1757900481
|switch|p1a: Blaziken|Blaziken, M|100/100
|turn|11
|
|t:|1757900495
|move|p2a: Darkrai|Knock Off|p1a: Blaziken
|-resisted|p1a: Blaziken
|-damage|p1a: Blaziken|76/100
|-enditem|p1a: Blaziken|Focus Sash|[from] move: Knock Off|[of] p2a: Darkrai
|move|p1a: Blaziken|Swords Dance|p1a: Blaziken
|-boost|p1a: Blaziken|atk|2
|
|-heal|p2a: Darkrai|78/100 tox|[from] item: Leftovers
|-damage|p2a: Darkrai|66/100 tox|[from] psn
|-ability|p1a: Blaziken|Speed Boost|boost
|-boost|p1a: Blaziken|spe|1
|upkeep
|turn|12
|
|t:|1757900509
|move|p2a: Darkrai|Knock Off|p1a: Blaziken
|-resisted|p1a: Blaziken
|-damage|p1a: Blaziken|59/100
|move|p1a: Blaziken|Swords Dance|p1a: Blaziken
|-boost|p1a: Blaziken|atk|2
|
|-heal|p2a: Darkrai|72/100 tox|[from] item: Leftovers
|-damage|p2a: Darkrai|54/100 tox|[from] psn
|-ability|p1a: Blaziken|Speed Boost|boost
|-boost|p1a: Blaziken|spe|1
|upkeep
|turn|13
|
|t:|1757900524
|move|p1a: Blaziken|Close Combat|p2a: Darkrai
|-supereffective|p2a: Darkrai
|-damage|p2a: Darkrai|0 fnt
|-unboost|p1a: Blaziken|def|1
|-unboost|p1a: Blaziken|spd|1
|faint|p2a: Darkrai
|
|-ability|p1a: Blaziken|Speed Boost|boost
|-boost|p1a: Blaziken|spe|1
|upkeep
|
|t:|1757900530
|switch|p2a: Hatterene|Hatterene, F|100/100
|-status|p2a: Hatterene|tox
|-damage|p2a: Hatterene|88/100 tox|[from] Stealth Rock
|-damage|p2a: Hatterene|72/100 tox|[from] Spikes
|turn|14
|
|t:|1757900539
|move|p1a: Blaziken|Poison Jab|p2a: Hatterene
|-supereffective|p2a: Hatterene
|-damage|p2a: Hatterene|0 fnt
|faint|p2a: Hatterene
|
|-ability|p1a: Blaziken|Speed Boost|boost
|-boost|p1a: Blaziken|spe|1
|upkeep
|
|t:|1757900542
|switch|p2a: Iron Moth|Iron Moth|100/100
|-sideend|p2: raposinhavermelha|move: Toxic Spikes|[of] p2a: Iron Moth
|-damage|p2a: Iron Moth|76/100|[from] Stealth Rock
|-damage|p2a: Iron Moth|59/100|[from] Spikes
|-enditem|p2a: Iron Moth|Booster Energy
|-activate|p2a: Iron Moth|ability: Quark Drive|[fromitem]
|-start|p2a: Iron Moth|quarkdrivespa
|turn|15
|
|t:|1757900561
|move|p1a: Blaziken|Earthquake|p2a: Iron Moth
|-supereffective|p2a: Iron Moth
|-damage|p2a: Iron Moth|0 fnt
|faint|p2a: Iron Moth
|-end|p2a: Iron Moth|Quark Drive|[silent]
|
|-ability|p1a: Blaziken|Speed Boost|boost
|-boost|p1a: Blaziken|spe|1
|upkeep
|
|t:|1757900563
|switch|p2a: Corviknight|Corviknight, F|5/100
|-damage|p2a: Corviknight|0 fnt|[from] Stealth Rock
|faint|p2a: Corviknight
|
|win|SorenzoAzhathot
|raw|SorenzoAzhathot's rating: 1019 &rarr; <strong>1054</strong><br />(+35 for winning)
|raw|raposinhavermelha's rating: 1000 &rarr; <strong>1000</strong><br />(+0 for losing)
