|j|‽1shy9
|j|☆champ bogar
|t:|1757873720
|gametype|singles
|player|p1|1shy9|acetrainerf-gen4|1710
|player|p2|champ bogar|cynthia-masters3|1692
|gen|9
|tier|[Gen 9] OU
|rated|
|rule|HP Percentage Mod: HP is shown in percentages
|rule|Endless Battle Clause: Forcing endless battles is banned
|rule|Species Clause: Limit one of each Pokémon
|rule|OHKO Clause: OHKO moves are banned
|rule|Evasion Items Clause: Evasion items are banned
|rule|Evasion Moves Clause: Evasion moves are banned
|rule|Evasion Abilities Clause: Evasion abilities are banned
|rule|Sleep Moves Clause: Sleep-inducing moves are banned
|clearpoke
|poke|p1|Iron Moth|
|poke|p1|Gholdengo|
|poke|p1|Great Tusk|
|poke|p1|Kyurem|
|poke|p1|Zamazenta-*|
|poke|p1|Dragonite, F|
|poke|p2|Garchomp, F|
|poke|p2|Darkrai|
|poke|p2|Deoxys-Speed|
|poke|p2|Clodsire, M|
|poke|p2|Corviknight, F|
|poke|p2|Cinderace, F|
|teampreview
|inactive|Battle timer is ON: inactive players will automatically lose when time's up. (requested by champ bogar)
|
|t:|1757873740
|teamsize|p1|6
|teamsize|p2|6
|start
|switch|p1a: Kyurem|Kyurem|100/100
|switch|p2a: Cinderace|Cinderace, F|100/100
|-ability|p1a: Kyurem|Pressure
|turn|1
|
|t:|1757873745
|switch|p1a: Great Tusk|Great Tusk|100/100
|move|p2a: Cinderace|U-turn|p1a: Great Tusk
|-start|p2a: Cinderace|typechange|Bug|[from] ability: Libero
|-resisted|p1a: Great Tusk
|-damage|p1a: Great Tusk|89/100
|
|t:|1757873747
|switch|p2a: Darkrai|Darkrai|100/100|[from] U-turn
|
|upkeep
|turn|2
|
|t:|1757873760
|-end|p1a: Great Tusk|Protosynthesis|[silent]
|switch|p1a: Zamazenta|Zamazenta|100/100
|-ability|p1a: Zamazenta|Dauntless Shield|boost
|-boost|p1a: Zamazenta|def|1
|-terastallize|p2a: Darkrai|Dark
|move|p2a: Darkrai|Dark Pulse|p1a: Zamazenta
|-resisted|p1a: Zamazenta
|-damage|p1a: Zamazenta|63/100
|
|-heal|p1a: Zamazenta|69/100|[from] item: Leftovers
|upkeep
|turn|3
|
|t:|1757873765
|switch|p2a: Garchomp|Garchomp, F|100/100
|move|p1a: Zamazenta|Body Press|p2a: Garchomp
|-damage|p2a: Garchomp|62/100
|-damage|p1a: Zamazenta|57/100|[from] ability: Rough Skin|[of] p2a: Garchomp
|-damage|p1a: Zamazenta|40/100|[from] item: Rocky Helmet|[of] p2a: Garchomp
|
|-heal|p1a: Zamazenta|46/100|[from] item: Leftovers
|upkeep
|turn|4
|
|t:|1757873773
|switch|p1a: Great Tusk|Great Tusk|89/100
|move|p2a: Garchomp|Dragon Tail|p1a: Great Tusk
|-damage|p1a: Great Tusk|70/100
|-end|p1a: Great Tusk|Protosynthesis|[silent]
|drag|p1a: Kyurem|Kyurem|100/100
|-ability|p1a: Kyurem|Pressure
|
|upkeep
|turn|5
|
|t:|1757873778
|move|p1a: Kyurem|Icicle Spear|p2a: Garchomp
|-supereffective|p2a: Garchomp
|-damage|p2a: Garchomp|27/100
|-supereffective|p2a: Garchomp
|-damage|p2a: Garchomp|0 fnt
|faint|p2a: Garchomp
|-hitcount|p2: Garchomp|2
|
|upkeep
|
|t:|1757873780
|switch|p2a: Darkrai|Darkrai, tera:Dark|100/100
|turn|6
|
|t:|1757873791
|move|p2a: Darkrai|Dark Pulse|p1a: Kyurem
|-damage|p1a: Kyurem|10/100
|move|p1a: Kyurem|Icicle Spear|p2a: Darkrai
|-damage|p2a: Darkrai|82/100
|-damage|p2a: Darkrai|64/100
|-damage|p2a: Darkrai|46/100
|-damage|p2a: Darkrai|29/100
|-damage|p2a: Darkrai|13/100
|-hitcount|p2a: Darkrai|5
|
|upkeep
|turn|7
|
|t:|1757873793
|move|p2a: Darkrai|Dark Pulse|p1a: Kyurem
|-damage|p1a: Kyurem|0 fnt
|faint|p1a: Kyurem
|
|upkeep
|
|t:|1757873805
|switch|p1a: Iron Moth|Iron Moth|100/100
|-enditem|p1a: Iron Moth|Booster Energy
|-activate|p1a: Iron Moth|ability: Quark Drive|[fromitem]
|-start|p1a: Iron Moth|quarkdrivespe
|turn|8
|
|t:|1757873807
|switch|p2a: Clodsire|Clodsire, M|100/100
|move|p1a: Iron Moth|Fiery Dance|p2a: Clodsire
|-damage|p2a: Clodsire|79/100
|
|-heal|p2a: Clodsire|85/100|[from] item: Leftovers
|upkeep
|turn|9
|
|t:|1757873815
|-terastallize|p1a: Iron Moth|Ground
|move|p1a: Iron Moth|Tera Blast|p2a: Clodsire|[anim] Tera Blast Ground
|-supereffective|p2a: Clodsire
|-damage|p2a: Clodsire|40/100
|move|p2a: Clodsire|Earthquake|p1a: Iron Moth
|-damage|p1a: Iron Moth|57/100
|
|-heal|p2a: Clodsire|46/100|[from] item: Leftovers
|upkeep
|turn|10
|
|t:|1757873822
|move|p1a: Iron Moth|Tera Blast|p2a: Clodsire|[anim] Tera Blast Ground
|-supereffective|p2a: Clodsire
|-damage|p2a: Clodsire|2/100
|move|p2a: Clodsire|Recover|p2a: Clodsire
|-heal|p2a: Clodsire|52/100
|
|-heal|p2a: Clodsire|58/100|[from] item: Leftovers
|upkeep
|turn|11
|
|t:|1757873828
|move|p1a: Iron Moth|Tera Blast|p2a: Clodsire|[anim] Tera Blast Ground
|-supereffective|p2a: Clodsire
|-damage|p2a: Clodsire|14/100
|move|p2a: Clodsire|Recover|p2a: Clodsire
|-heal|p2a: Clodsire|64/100
|
|-heal|p2a: Clodsire|70/100|[from] item: Leftovers
|upkeep
|turn|12
|
|t:|1757873835
|-end|p1a: Iron Moth|Quark Drive|[silent]
|switch|p1a: Great Tusk|Great Tusk|70/100
|move|p2a: Clodsire|Recover|p2a: Clodsire
|-heal|p2a: Clodsire|100/100
|
|upkeep
|turn|13
|
|t:|1757873837
|switch|p2a: Corviknight|Corviknight, F|100/100
|-ability|p2a: Corviknight|Pressure
|move|p1a: Great Tusk|Stealth Rock|p2a: Corviknight
|-sidestart|p2: champ bogar|move: Stealth Rock
|
|upkeep
|turn|14
|
|t:|1757873839
|-end|p1a: Great Tusk|Protosynthesis|[silent]
|switch|p1a: Gholdengo|Gholdengo|100/100
|-item|p1a: Gholdengo|Air Balloon
|move|p2a: Corviknight|U-turn|p1a: Gholdengo
|-resisted|p1a: Gholdengo
|-damage|p1a: Gholdengo|96/100
|-enditem|p1a: Gholdengo|Air Balloon
|
|t:|1757873842
|switch|p2a: Darkrai|Darkrai, tera:Dark|13/100|[from] U-turn
|-damage|p2a: Darkrai|0 fnt|[from] Stealth Rock
|faint|p2a: Darkrai
|
|upkeep
|
|t:|1757873852
|switch|p2a: Cinderace|Cinderace, F|100/100
|turn|15
|
|t:|1757873854
|switch|p1a: Great Tusk|Great Tusk|70/100
|move|p2a: Cinderace|Pyro Ball|p1a: Great Tusk
|-damage|p1a: Great Tusk|27/100
|
|upkeep
|turn|16
|
|t:|1757873858
|move|p2a: Cinderace|Pyro Ball|p1a: Great Tusk
|-damage|p1a: Great Tusk|0 fnt
|faint|p1a: Great Tusk
|-end|p1a: Great Tusk|Protosynthesis|[silent]
|
|upkeep
|
|t:|1757873866
|switch|p1a: Zamazenta|Zamazenta|46/100
|turn|17
|
|t:|1757873871
|switch|p2a: Corviknight|Corviknight, F|100/100
|-damage|p2a: Corviknight|88/100|[from] Stealth Rock
|-ability|p2a: Corviknight|Pressure
|move|p1a: Zamazenta|Body Press|p2a: Corviknight
|-damage|p2a: Corviknight|68/100
|-damage|p1a: Zamazenta|30/100|[from] item: Rocky Helmet|[of] p2a: Corviknight
|
|-heal|p1a: Zamazenta|36/100|[from] item: Leftovers
|upkeep
|turn|18
|
|t:|1757873876
|switch|p1a: Gholdengo|Gholdengo|96/100
|move|p2a: Corviknight|Roost|p2a: Corviknight
|-heal|p2a: Corviknight|100/100
|-singleturn|p2a: Corviknight|move: Roost
|
|upkeep
|turn|19
|
|t:|1757873881
|move|p1a: Gholdengo|Shadow Ball|p2a: Corviknight
|-damage|p2a: Corviknight|52/100
|-unboost|p2a: Corviknight|spd|1
|move|p2a: Corviknight|U-turn|p1a: Gholdengo
|-resisted|p1a: Gholdengo
|-damage|p1a: Gholdengo|93/100
|
|t:|1757873883
|switch|p2a: Cinderace|Cinderace, F|100/100|[from] U-turn
|
|upkeep
|turn|20
|
|t:|1757873892
|switch|p1a: Zamazenta|Zamazenta|36/100
|move|p2a: Cinderace|Pyro Ball|p1a: Zamazenta|[miss]
|-miss|p2a: Cinderace|p1a: Zamazenta
|
|-heal|p1a: Zamazenta|42/100|[from] item: Leftovers
|upkeep
|turn|21
|
|t:|1757873899
|move|p1a: Zamazenta|Body Press|p2a: Cinderace
|-damage|p2a: Cinderace|51/100
|move|p2a: Cinderace|Pyro Ball|p1a: Zamazenta
|-damage|p1a: Zamazenta|0 fnt
|faint|p1a: Zamazenta
|
|upkeep
|
|t:|1757873908
|switch|p1a: Dragonite|Dragonite, F|100/100
|turn|22
|
|t:|1757873914
|move|p2a: Cinderace|U-turn|p1a: Dragonite
|-start|p2a: Cinderace|typechange|Bug|[from] ability: Libero
|-resisted|p1a: Dragonite
|-damage|p1a: Dragonite|92/100
|
|t:|1757873915
|switch|p2a: Corviknight|Corviknight, F|52/100|[from] U-turn
|-damage|p2a: Corviknight|40/100|[from] Stealth Rock
|-ability|p2a: Corviknight|Pressure
|move|p1a: Dragonite|Earthquake|p2a: Corviknight
|-immune|p2a: Corviknight
|
|upkeep
|turn|23
|
|t:|1757873927
|switch|p1a: Iron Moth|Iron Moth, tera:Ground|57/100
|move|p2a: Corviknight|U-turn|p1a: Iron Moth
|-damage|p1a: Iron Moth|37/100
|
|t:|1757873931
|switch|p2a: Cinderace|Cinderace, F|51/100|[from] U-turn
|
|upkeep
|turn|24
|
|t:|1757873936
|-end|p1a: Iron Moth|Quark Drive|[silent]
|switch|p1a: Dragonite|Dragonite, F|92/100
|move|p2a: Cinderace|Pyro Ball|p1a: Dragonite
|-resisted|p1a: Dragonite
|-damage|p1a: Dragonite|61/100
|
|upkeep
|turn|25
|
|t:|1757873939
|switch|p2a: Corviknight|Corviknight, F|40/100
|-damage|p2a: Corviknight|28/100|[from] Stealth Rock
|-ability|p2a: Corviknight|Pressure
|move|p1a: Dragonite|Roost|p1a: Dragonite
|-heal|p1a: Dragonite|100/100
|-singleturn|p1a: Dragonite|move: Roost
|
|upkeep
|turn|26
|
|t:|1757873942
|switch|p1a: Gholdengo|Gholdengo|93/100
|move|p2a: Corviknight|U-turn|p1a: Gholdengo
|-resisted|p1a: Gholdengo
|-damage|p1a: Gholdengo|88/100
|
|t:|1757873944
|switch|p2a: Cinderace|Cinderace, F|51/100|[from] U-turn
|
|upkeep
|turn|27
|
|t:|1757873946
|switch|p1a: Dragonite|Dragonite, F|100/100
|move|p2a: Cinderace|Pyro Ball|p1a: Dragonite
|-resisted|p1a: Dragonite
|-damage|p1a: Dragonite|85/100
|-status|p1a: Dragonite|brn
|
|-damage|p1a: Dragonite|79/100 brn|[from] brn
|upkeep
|turn|28
|
|t:|1757873949
|move|p2a: Cinderace|U-turn|p1a: Dragonite
|-start|p2a: Cinderace|typechange|Bug|[from] ability: Libero
|-resisted|p1a: Dragonite
|-damage|p1a: Dragonite|59/100 brn
|
|t:|1757873951
|switch|p2a: Corviknight|Corviknight, F|28/100|[from] U-turn
|-damage|p2a: Corviknight|16/100|[from] Stealth Rock
|-ability|p2a: Corviknight|Pressure
|move|p1a: Dragonite|Tera Blast|p2a: Corviknight
|-resisted|p2a: Corviknight
|-damage|p2a: Corviknight|8/100
|
|-damage|p1a: Dragonite|53/100 brn|[from] brn
|upkeep
|turn|29
|
|t:|1757873960
|move|p1a: Dragonite|Tera Blast|p2a: Corviknight
|-resisted|p2a: Corviknight
|-damage|p2a: Corviknight|0 fnt
|faint|p2a: Corviknight
|
|-damage|p1a: Dragonite|47/100 brn|[from] brn
|upkeep
|
|t:|1757873965
|switch|p2a: Deoxys|Deoxys-Speed, shiny|100/100
|-damage|p2a: Deoxys|88/100|[from] Stealth Rock
|-ability|p2a: Deoxys|Pressure
|turn|30
|
|t:|1757873973
|move|p2a: Deoxys|Ice Beam|p1a: Dragonite
|-supereffective|p1a: Dragonite
|-damage|p1a: Dragonite|0 fnt
|faint|p1a: Dragonite
|-damage|p2a: Deoxys|78/100|[from] item: Life Orb
|
|upkeep
|
|t:|1757873976
|switch|p1a: Gholdengo|Gholdengo|88/100
|turn|31
|
|t:|1757873982
|move|p2a: Deoxys|Psycho Boost|p1a: Gholdengo
|-resisted|p1a: Gholdengo
|-damage|p1a: Gholdengo|45/100
|-unboost|p2a: Deoxys|spa|2
|-damage|p2a: Deoxys|68/100|[from] item: Life Orb
|move|p1a: Gholdengo|Shadow Ball|p2a: Deoxys
|-supereffective|p2a: Deoxys
|-damage|p2a: Deoxys|0 fnt
|faint|p2a: Deoxys
|
|upkeep
|
|t:|1757873985
|switch|p2a: Clodsire|Clodsire, M|100/100
|-damage|p2a: Clodsire|94/100|[from] Stealth Rock
|turn|32
|
|t:|1757873994
|move|p1a: Gholdengo|Recover|p1a: Gholdengo
|-heal|p1a: Gholdengo|95/100
|move|p2a: Clodsire|Earthquake|p1a: Gholdengo
|-supereffective|p1a: Gholdengo
|-damage|p1a: Gholdengo|34/100
|
|-heal|p2a: Clodsire|100/100|[from] item: Leftovers
|upkeep
|turn|33
|
|t:|1757873996
|move|p1a: Gholdengo|Make It Rain|p2a: Clodsire
|-damage|p2a: Clodsire|60/100
|-unboost|p1a: Gholdengo|spa|1
|move|p2a: Clodsire|Earthquake|p1a: Gholdengo
|-supereffective|p1a: Gholdengo
|-damage|p1a: Gholdengo|0 fnt
|faint|p1a: Gholdengo
|
|-heal|p2a: Clodsire|66/100|[from] item: Leftovers
|upkeep
|
|t:|1757873998
|switch|p1a: Iron Moth|Iron Moth, tera:Ground|37/100
|turn|34
|
|t:|1757874004
|move|p1a: Iron Moth|Tera Blast|p2a: Clodsire|[anim] Tera Blast Ground
|-supereffective|p2a: Clodsire
|-damage|p2a: Clodsire|24/100
|move|p2a: Clodsire|Earthquake|p1a: Iron Moth
|-damage|p1a: Iron Moth|0 fnt
|faint|p1a: Iron Moth
|-end|p1a: Iron Moth|Quark Drive|[silent]
|
|win|champ bogar
|raw|1shy9's rating: 1710 &rarr; <strong>1689</strong><br />(-21 for losing)
|raw|champ bogar's rating: 1692 &rarr; <strong>1713</strong><br />(+21 for winning)
|l|‽1shy9
|player|p1|
|l|☆champ bogar
|player|p2|
