|j|☆nelsen mandela
|j|☆pumpkinheart_0710
|t:|1757841509
|gametype|singles
|player|p1|nelsen mandela|2|1092
|player|p2|pumpkinheart_0710|allister-masters|1079
|gen|9
|tier|[Gen 9] OU
|rated|
|rule|HP Percentage Mod: HP is shown in percentages
|rule|Endless Battle Clause: Forcing endless battles is banned
|rule|Species Clause: Limit one of each Pokémon
|rule|OHKO Clause: OHKO moves are banned
|rule|Evasion Items Clause: Evasion items are banned
|rule|Evasion Moves Clause: Evasion moves are banned
|rule|Evasion Abilities Clause: Evasion abilities are banned
|rule|Sleep Moves Clause: Sleep-inducing moves are banned
|clearpoke
|poke|p1|Gengar, F|
|poke|p1|Kingambit, M|
|poke|p1|Salamence, F|
|poke|p1|Sylveon, F|
|poke|p1|Araquanid, F|
|poke|p1|Swampert, M|
|poke|p2|Delphox, M|
|poke|p2|Mismagius, F|
|poke|p2|Victreebel, M|
|poke|p2|Vivillon-Elegant, F|
|poke|p2|Mandibuzz, F|
|poke|p2|Araquanid, M|
|teampreview
|
|t:|1757841519
|teamsize|p1|6
|teamsize|p2|6
|start
|switch|p1a: Araquanid|Araquanid, F|100/100
|switch|p2a: Mismagius|Mismagius, F|100/100
|turn|1
|
|t:|1757841537
|move|p2a: Mismagius|Taunt|p1a: Araquanid
|-start|p1a: Araquanid|move: Taunt
|cant|p1a: Araquanid|move: Taunt|Sticky Web
|
|upkeep
|turn|2
|
|t:|1757841543
|move|p2a: Mismagius|Will-O-Wisp|p1a: Araquanid
|-immune|p1a: Araquanid|[from] ability: Water Bubble
|move|p1a: Araquanid|Bug Buzz|p2a: Mismagius
|-resisted|p2a: Mismagius
|-damage|p2a: Mismagius|87/100
|
|-heal|p2a: Mismagius|93/100|[from] item: Leftovers
|upkeep
|turn|3
|
|t:|1757841550
|move|p2a: Mismagius|Mystical Fire|p1a: Araquanid
|-damage|p1a: Araquanid|94/100
|-unboost|p1a: Araquanid|spa|1
|move|p1a: Araquanid|Bug Buzz|p2a: Mismagius
|-resisted|p2a: Mismagius
|-damage|p2a: Mismagius|84/100
|
|-heal|p2a: Mismagius|90/100|[from] item: Leftovers
|-end|p1a: Araquanid|move: Taunt
|upkeep
|turn|4
|
|t:|1757841560
|move|p2a: Mismagius|Mystical Fire|p1a: Araquanid
|-damage|p1a: Araquanid|86/100
|-unboost|p1a: Araquanid|spa|1
|move|p1a: Araquanid|Liquidation|p2a: Mismagius
|-damage|p2a: Mismagius|32/100
|
|-heal|p2a: Mismagius|38/100|[from] item: Leftovers
|upkeep
|turn|5
|
|t:|1757841567
|move|p2a: Mismagius|Hex|p1a: Araquanid
|-damage|p1a: Araquanid|67/100
|move|p1a: Araquanid|Sticky Web|p2a: Mismagius
|-sidestart|p2: pumpkinheart_0710|move: Sticky Web
|
|-heal|p2a: Mismagius|44/100|[from] item: Leftovers
|upkeep
|turn|6
|
|t:|1757841575
|switch|p2a: Mandibuzz|Mandibuzz, F|100/100
|move|p1a: Araquanid|Liquidation|p2a: Mandibuzz
|-damage|p2a: Mandibuzz|68/100
|-ability|p2a: Mandibuzz|Weak Armor|boost
|-unboost|p2a: Mandibuzz|def|1
|-boost|p2a: Mandibuzz|spe|2
|
|upkeep
|turn|7
|
|t:|1757841583
|move|p2a: Mandibuzz|Brave Bird|p1a: Araquanid
|-supereffective|p1a: Araquanid
|-damage|p1a: Araquanid|0 fnt
|faint|p1a: Araquanid
|-damage|p2a: Mandibuzz|51/100|[from] Recoil
|
|upkeep
|
|t:|1757841596
|switch|p1a: Sylveon|Sylveon, F|100/100
|turn|8
|
|t:|1757841599
|move|p2a: Mandibuzz|Defog|p1a: Sylveon
|-unboost|p1a: Sylveon|evasion|1
|-sideend|p2: pumpkinheart_0710|Sticky Web|[from] move: Defog|[of] p2a: Mandibuzz
|move|p1a: Sylveon|Calm Mind|p1a: Sylveon
|-boost|p1a: Sylveon|spa|1
|-boost|p1a: Sylveon|spd|1
|
|upkeep
|turn|9
|
|t:|1757841607
|move|p2a: Mandibuzz|Brave Bird|p1a: Sylveon
|-damage|p1a: Sylveon|43/100
|-damage|p2a: Mandibuzz|33/100|[from] Recoil
|move|p1a: Sylveon|Hyper Voice|p2a: Mandibuzz
|-supereffective|p2a: Mandibuzz
|-crit|p2a: Mandibuzz
|-damage|p2a: Mandibuzz|0 fnt
|faint|p2a: Mandibuzz
|-enditem|p1a: Sylveon|Throat Spray
|-boost|p1a: Sylveon|spa|1|[from] item: Throat Spray
|
|upkeep
|
|t:|1757841615
|switch|p2a: Victreebel|Victreebel, M, shiny|100/100
|turn|10
|
|t:|1757841620
|move|p2a: Victreebel|Sludge Bomb|p1a: Sylveon
|-supereffective|p1a: Sylveon
|-damage|p1a: Sylveon|12/100
|move|p1a: Sylveon|Moonblast|p2a: Victreebel
|-resisted|p2a: Victreebel
|-damage|p2a: Victreebel|56/100
|
|upkeep
|turn|11
|
|t:|1757841632
|move|p2a: Victreebel|Sludge Bomb|p1a: Sylveon
|-supereffective|p1a: Sylveon
|-damage|p1a: Sylveon|0 fnt
|faint|p1a: Sylveon
|
|upkeep
|
|t:|1757841641
|switch|p1a: Gengar|Gengar, F|100/100
|turn|12
|
|t:|1757841651
|move|p1a: Gengar|Sludge Bomb|p2a: Victreebel
|-damage|p2a: Victreebel|17/100
|-enditem|p2a: Victreebel|Wiki Berry|[eat]
|-heal|p2a: Victreebel|50/100|[from] item: Wiki Berry
|move|p2a: Victreebel|Giga Drain|p1a: Gengar
|-resisted|p1a: Gengar
|-damage|p1a: Gengar|81/100
|-heal|p2a: Victreebel|57/100|[from] drain|[of] p1a: Gengar
|
|upkeep
|turn|13
|
|t:|1757841659
|move|p1a: Gengar|Sludge Bomb|p2a: Victreebel
|-damage|p2a: Victreebel|18/100
|move|p2a: Victreebel|Giga Drain|p1a: Gengar
|-resisted|p1a: Gengar
|-damage|p1a: Gengar|60/100
|-heal|p2a: Victreebel|26/100|[from] drain|[of] p1a: Gengar
|-start|p2a: Victreebel|Disable|Giga Drain|[from] ability: Cursed Body|[of] p1a: Gengar
|
|upkeep
|turn|14
|
|t:|1757841666
|move|p1a: Gengar|Sludge Bomb|p2a: Victreebel
|-damage|p2a: Victreebel|0 fnt
|faint|p2a: Victreebel
|
|upkeep
|
|t:|1757841675
|switch|p2a: Vivillon|Vivillon-Elegant, F|100/100
|turn|15
|
|t:|1757841682
|move|p1a: Gengar|Sludge Bomb|p2a: Vivillon
|-damage|p2a: Vivillon|15/100
|move|p2a: Vivillon|Stun Spore|p1a: Gengar
|-status|p1a: Gengar|par
|
|upkeep
|turn|16
|
|t:|1757841689
|move|p2a: Vivillon|Hurricane|p1a: Gengar
|-damage|p1a: Gengar|0 fnt
|-start|p2a: Vivillon|Disable|Hurricane|[from] ability: Cursed Body|[of] p1a: Gengar
|faint|p1a: Gengar
|
|upkeep
|
|t:|1757841694
|switch|p1a: Salamence|Salamence, F|100/100
|-ability|p1a: Salamence|Intimidate|boost
|-unboost|p2a: Vivillon|atk|1
|turn|17
|
|t:|1757841698
|move|p1a: Salamence|Flamethrower|p2a: Vivillon
|-supereffective|p2a: Vivillon
|-damage|p2a: Vivillon|0 fnt
|faint|p2a: Vivillon
|
|upkeep
|
|t:|1757841707
|switch|p2a: Delphox|Delphox, M|100/100
|turn|18
|
|t:|1757841711
|-terastallize|p2a: Delphox|Fairy
|move|p2a: Delphox|Calm Mind|p2a: Delphox
|-boost|p2a: Delphox|spa|1
|-boost|p2a: Delphox|spd|1
|move|p1a: Salamence|Earthquake|p2a: Delphox
|-damage|p2a: Delphox|46/100
|
|upkeep
|turn|19
|
|t:|1757841718
|move|p2a: Delphox|Dazzling Gleam|p1a: Salamence
|-supereffective|p1a: Salamence
|-damage|p1a: Salamence|0 fnt
|faint|p1a: Salamence
|-item|p2a: Delphox|Lum Berry|[from] ability: Magician|[of] p1: Salamence
|
|upkeep
|
|t:|1757841724
|switch|p1a: Swampert|Swampert, M|100/100
|turn|20
|
|t:|1757841727
|move|p2a: Delphox|Psychic|p1a: Swampert
|-damage|p1a: Swampert|54/100
|-unboost|p1a: Swampert|spd|1
|move|p1a: Swampert|Earthquake|p2a: Delphox
|-damage|p2a: Delphox|0 fnt
|faint|p2a: Delphox
|
|-heal|p1a: Swampert|60/100|[from] item: Leftovers
|upkeep
|
|t:|1757841735
|switch|p2a: Mismagius|Mismagius, F|44/100
|turn|21
|
|t:|1757841738
|move|p2a: Mismagius|Will-O-Wisp|p1a: Swampert
|-status|p1a: Swampert|brn
|move|p1a: Swampert|Waterfall|p2a: Mismagius
|-damage|p2a: Mismagius|18/100
|
|-heal|p2a: Mismagius|25/100|[from] item: Leftovers
|-heal|p1a: Swampert|66/100 brn|[from] item: Leftovers
|-damage|p1a: Swampert|60/100 brn|[from] brn
|upkeep
|turn|22
|
|t:|1757841746
|move|p2a: Mismagius|Hex|p1a: Swampert
|-damage|p1a: Swampert|2/100 brn
|move|p1a: Swampert|Waterfall|p2a: Mismagius
|-damage|p2a: Mismagius|0 fnt
|faint|p2a: Mismagius
|
|-heal|p1a: Swampert|8/100 brn|[from] item: Leftovers
|-damage|p1a: Swampert|2/100 brn|[from] brn
|upkeep
|
|t:|1757841754
|switch|p2a: Araquanid|Araquanid, M|100/100
|turn|23
|
|t:|1757841756
|move|p1a: Swampert|Waterfall|p2a: Araquanid
|-resisted|p2a: Araquanid
|-damage|p2a: Araquanid|88/100
|move|p2a: Araquanid|Surf|p1a: Swampert
|-damage|p1a: Swampert|0 fnt
|faint|p1a: Swampert
|
|upkeep
|
|t:|1757841763
|switch|p1a: Kingambit|Kingambit, M|100/100
|-activate|p1a: Kingambit|ability: Supreme Overlord
|-start|p1a: Kingambit|fallen5|[silent]
|turn|24
|
|t:|1757841769
|move|p1a: Kingambit|Swords Dance|p1a: Kingambit
|-boost|p1a: Kingambit|atk|2
|move|p2a: Araquanid|Surf|p1a: Kingambit
|-damage|p1a: Kingambit|64/100
|
|upkeep
|turn|25
|
|t:|1757841775
|-terastallize|p1a: Kingambit|Dark
|move|p1a: Kingambit|Kowtow Cleave|p2a: Araquanid
|-crit|p2a: Araquanid
|-damage|p2a: Araquanid|0 fnt
|faint|p2a: Araquanid
|
|win|nelsen mandela
|raw|nelsen mandela's rating: 1092 &rarr; <strong>1117</strong><br />(+25 for winning)
|raw|pumpkinheart_0710's rating: 1079 &rarr; <strong>1058</strong><br />(-21 for losing)
|l|☆pumpkinheart_0710
|player|p2|
|l|☆nelsen mandela
|player|p1|
