|j|☆Vilae
|j|‽MesutOzil23
|t:|1757944664
|gametype|singles
|player|p1|Vilae|hilbert|1118
|player|p2|MesutOzil23|266|1136
|gen|9
|tier|[Gen 9] OU
|rated|
|rule|HP Percentage Mod: HP is shown in percentages
|rule|Endless Battle Clause: Forcing endless battles is banned
|rule|Species Clause: Limit one of each Pokémon
|rule|OHKO Clause: OHKO moves are banned
|rule|Evasion Items Clause: Evasion items are banned
|rule|Evasion Moves Clause: Evasion moves are banned
|rule|Evasion Abilities Clause: Evasion abilities are banned
|rule|Sleep Moves Clause: Sleep-inducing moves are banned
|clearpoke
|poke|p1|Pachirisu, M|
|poke|p1|Charizard, M|
|poke|p1|Leafeon, M|
|poke|p1|Scizor, F|
|poke|p1|Snorlax, M|
|poke|p1|Blastoise, F|
|poke|p2|Iron Crown|
|poke|p2|Iron Hands|
|poke|p2|Grimmsnarl, M|
|poke|p2|Great Tusk|
|poke|p2|Dragonite, M|
|poke|p2|Glimmora, F|
|teampreview
|inactive|Battle timer is ON: inactive players will automatically lose when time's up. (requested by Vilae)
|
|t:|1757944720
|teamsize|p1|6
|teamsize|p2|6
|start
|switch|p1a: Charizard|Charizard, M|100/100
|switch|p2a: Grimmsnarl|Grimmsnarl, M, shiny|100/100
|turn|1
|
|t:|1757944728
|move|p2a: Grimmsnarl|Light Screen|p2a: Grimmsnarl
|-sidestart|p2: MesutOzil23|move: Light Screen
|move|p1a: Charizard|Sunny Day|p1a: Charizard
|-weather|SunnyDay
|
|-weather|SunnyDay|[upkeep]
|-damage|p1a: Charizard|88/100|[from] ability: Solar Power|[of] p1a: Charizard
|upkeep
|turn|2
|inactive|MesutOzil23 has 120 seconds left.
|inactive|MesutOzil23 has 90 seconds left.
|inactive|MesutOzil23 has 60 seconds left.
|inactive|MesutOzil23 has 30 seconds left.
|inactive|MesutOzil23 has 20 seconds left.
|inactive|MesutOzil23 has 15 seconds left.
|
|t:|1757944865
|move|p2a: Grimmsnarl|Reflect|p2a: Grimmsnarl
|-sidestart|p2: MesutOzil23|Reflect
|move|p1a: Charizard|Heat Wave|p2a: Grimmsnarl
|-damage|p2a: Grimmsnarl|56/100
|
|-weather|SunnyDay|[upkeep]
|-damage|p1a: Charizard|76/100|[from] ability: Solar Power|[of] p1a: Charizard
|upkeep
|turn|3
|inactive|MesutOzil23 has 25 seconds left this turn.
|
|t:|1757944873
|move|p2a: Grimmsnarl|Parting Shot|p1a: Charizard
|-unboost|p1a: Charizard|atk|1
|-unboost|p1a: Charizard|spa|1
|inactive|MesutOzil23 has 30 seconds left this turn.
|
|t:|1757944882
|switch|p2a: Glimmora|Glimmora, F|100/100|[from] Parting Shot
|move|p1a: Charizard|Heat Wave|p2a: Glimmora
|-resisted|p2a: Glimmora
|-damage|p2a: Glimmora|79/100
|
|-weather|SunnyDay|[upkeep]
|-damage|p1a: Charizard|63/100|[from] ability: Solar Power|[of] p1a: Charizard
|upkeep
|turn|4
|
|t:|1757944889
|switch|p1a: Leafeon|Leafeon, M|100/100
|move|p2a: Glimmora|Rock Polish|p2a: Glimmora
|-boost|p2a: Glimmora|spe|2
|
|-weather|SunnyDay|[upkeep]
|upkeep
|turn|5
|
|t:|1757944894
|move|p2a: Glimmora|Meteor Beam||[still]
|-prepare|p2a: Glimmora|Meteor Beam
|-boost|p2a: Glimmora|spa|1
|-enditem|p2a: Glimmora|Power Herb
|-anim|p2a: Glimmora|Meteor Beam|p1a: Leafeon
|-damage|p1a: Leafeon|0 fnt
|faint|p1a: Leafeon
|
|-weather|none
|upkeep
|
|t:|1757944903
|switch|p1a: Blastoise|Blastoise, F|100/100
|turn|6
|
|t:|1757944921
|move|p2a: Glimmora|Earth Power|p1a: Blastoise
|-damage|p1a: Blastoise|49/100
|move|p1a: Blastoise|Shell Smash|p1a: Blastoise
|-unboost|p1a: Blastoise|def|1
|-unboost|p1a: Blastoise|spd|1
|-boost|p1a: Blastoise|atk|2
|-boost|p1a: Blastoise|spa|2
|-boost|p1a: Blastoise|spe|2
|-enditem|p1a: Blastoise|White Herb
|-clearnegativeboost|p1a: Blastoise|[silent]
|
|upkeep
|turn|7
|
|t:|1757944933
|move|p1a: Blastoise|Aqua Jet|p2a: Glimmora
|-supereffective|p2a: Glimmora
|-damage|p2a: Glimmora|54/100
|-activate|p2a: Glimmora|ability: Toxic Debris
|-sidestart|p1: Vilae|move: Toxic Spikes
|move|p2a: Glimmora|Earth Power|p1a: Blastoise
|-damage|p1a: Blastoise|0 fnt
|faint|p1a: Blastoise
|
|upkeep
|
|t:|1757944951
|switch|p1a: Pachirisu|Pachirisu, M|100/100
|-status|p1a: Pachirisu|psn
|turn|8
|inactive|MesutOzil23 has 30 seconds left.
|inactive|MesutOzil23 has 20 seconds left.
|inactive|MesutOzil23 has 15 seconds left.
|inactive|MesutOzil23 has 10 seconds left.
|inactive|MesutOzil23 has 5 seconds left.
|-message|MesutOzil23 lost due to inactivity.
|
|win|Vilae
|raw|Vilae's rating: 1118 &rarr; <strong>1143</strong><br />(+25 for winning)
|raw|MesutOzil23's rating: 1114 &rarr; <strong>1089</strong><br />(-25 for losing)
|l|‽MesutOzil23
|player|p2|
|l|☆Vilae
|player|p1|
