|j|☆that one doujin
|j|☆Shduhsjejdhdjd
|t:|1757831541
|gametype|singles
|player|p1|that one doujin|miku-fairy|1142
|player|p2|Shduhsjejdhdjd|266|1105
|gen|9
|tier|[Gen 9] OU
|rated|
|rule|HP Percentage Mod: HP is shown in percentages
|rule|Endless Battle Clause: Forcing endless battles is banned
|rule|Species Clause: Limit one of each Pokémon
|rule|OHKO Clause: OHKO moves are banned
|rule|Evasion Items Clause: Evasion items are banned
|rule|Evasion Moves Clause: Evasion moves are banned
|rule|Evasion Abilities Clause: Evasion abilities are banned
|rule|Sleep Moves Clause: Sleep-inducing moves are banned
|clearpoke
|poke|p1|Kingambit, M|
|poke|p1|Ribombee, F|
|poke|p1|Meloetta|
|poke|p1|Pelipper, M|
|poke|p1|Pikachu-Sinnoh, M|
|poke|p1|Blissey, F|
|poke|p2|Chandelure, F|
|poke|p2|Haxorus, F|
|poke|p2|Krookodile, M|
|poke|p2|Whimsicott, M|
|poke|p2|Samurott-Hisui, M|
|poke|p2|Scizor, F|
|teampreview
|
|t:|1757831573
|teamsize|p1|6
|teamsize|p2|6
|start
|switch|p1a: Ribombee|Ribombee, F, shiny|100/100
|switch|p2a: Scizor|Scizor, F|100/100
|turn|1
|
|t:|1757831581
|move|p2a: Scizor|Bullet Punch|p1a: Ribombee
|-supereffective|p1a: Ribombee
|-enditem|p1a: Ribombee|Focus Sash
|-damage|p1a: Ribombee|1/100
|move|p1a: Ribombee|Sticky Web|p2a: Scizor
|-sidestart|p2: Shduhsjejdhdjd|move: Sticky Web
|
|upkeep
|turn|2
|
|t:|1757831591
|move|p2a: Scizor|Bullet Punch|p1a: Ribombee
|-supereffective|p1a: Ribombee
|-damage|p1a: Ribombee|0 fnt
|faint|p1a: Ribombee
|
|upkeep
|
|t:|1757831596
|switch|p1a: Pelipper|Pelipper, M|100/100
|-weather|RainDance|[from] ability: Drizzle|[of] p1a: Pelipper
|turn|3
|
|t:|1757831609
|move|p2a: Scizor|Bullet Punch|p1a: Pelipper
|-resisted|p1a: Pelipper
|-damage|p1a: Pelipper|70/100
|move|p1a: Pelipper|Tailwind|p1a: Pelipper
|-sidestart|p1: that one doujin|move: Tailwind
|
|-weather|RainDance|[upkeep]
|upkeep
|turn|4
|
|t:|1757831617
|move|p2a: Scizor|Bullet Punch|p1a: Pelipper
|-resisted|p1a: Pelipper
|-damage|p1a: Pelipper|33/100
|move|p1a: Pelipper|Hurricane|p2a: Scizor
|-damage|p2a: Scizor|46/100
|
|-weather|RainDance|[upkeep]
|upkeep
|turn|5
|
|t:|1757831625
|move|p2a: Scizor|Bullet Punch|p1a: Pelipper
|-resisted|p1a: Pelipper
|-damage|p1a: Pelipper|0 fnt
|faint|p1a: Pelipper
|
|-weather|RainDance|[upkeep]
|upkeep
|
|t:|1757831632
|switch|p1a: Meloetta|Meloetta|100/100
|turn|6
|
|t:|1757831636
|move|p2a: Scizor|Bullet Punch|p1a: Meloetta
|-damage|p1a: Meloetta|29/100
|move|p1a: Meloetta|Thunder|p2a: Scizor
|-damage|p2a: Scizor|2/100
|-status|p2a: Scizor|par
|
|-weather|RainDance|[upkeep]
|-sideend|p1: that one doujin|move: Tailwind
|upkeep
|turn|7
|
|t:|1757831647
|move|p2a: Scizor|Bullet Punch|p1a: Meloetta
|-damage|p1a: Meloetta|0 fnt
|faint|p1a: Meloetta
|
|-weather|RainDance|[upkeep]
|upkeep
|
|t:|1757831653
|switch|p1a: Pikachu|Pikachu-Sinnoh, M|100/100
|turn|8
|
|t:|1757831656
|cant|p2a: Scizor|par
|move|p1a: Pikachu|Nasty Plot|p1a: Pikachu
|-boost|p1a: Pikachu|spa|2
|
|-weather|RainDance|[upkeep]
|upkeep
|turn|9
|
|t:|1757831664
|cant|p2a: Scizor|par
|move|p1a: Pikachu|Surf|p2a: Scizor
|-damage|p2a: Scizor|0 fnt
|faint|p2a: Scizor
|
|-weather|RainDance|[upkeep]
|upkeep
|
|t:|1757831672
|switch|p2a: Samurott|Samurott-Hisui, M|100/100
|-activate|p2a: Samurott|move: Sticky Web
|-unboost|p2a: Samurott|spe|1
|turn|10
|
|t:|1757831677
|-terastallize|p2a: Samurott|Water
|move|p2a: Samurott|Aqua Jet|p1a: Pikachu
|-damage|p1a: Pikachu|0 fnt
|faint|p1a: Pikachu
|-damage|p2a: Samurott|91/100|[from] item: Life Orb
|
|-weather|none
|upkeep
|
|t:|1757831687
|switch|p1a: Blissey|Blissey, F|100/100
|turn|11
|
|t:|1757831695
|move|p2a: Samurott|Ceaseless Edge|p1a: Blissey|[miss]
|-miss|p2a: Samurott|p1a: Blissey
|move|p1a: Blissey|Flamethrower|p2a: Samurott
|-resisted|p2a: Samurott
|-damage|p2a: Samurott|73/100
|
|upkeep
|turn|12
|
|t:|1757831704
|move|p2a: Samurott|Ceaseless Edge|p1a: Blissey
|-damage|p1a: Blissey|0 fnt
|-sidestart|p1: that one doujin|Spikes
|faint|p1a: Blissey
|-damage|p2a: Samurott|63/100|[from] item: Life Orb
|
|upkeep
|
|t:|1757831711
|switch|p1a: Kingambit|Kingambit, M|100/100
|-damage|p1a: Kingambit|88/100|[from] Spikes
|-activate|p1a: Kingambit|ability: Supreme Overlord
|-start|p1a: Kingambit|fallen5|[silent]
|turn|13
|
|t:|1757831720
|move|p2a: Samurott|Razor Shell|p1a: Kingambit
|-damage|p1a: Kingambit|19/100
|-damage|p2a: Samurott|53/100|[from] item: Life Orb
|move|p1a: Kingambit|Retaliate|p2a: Samurott
|-damage|p2a: Samurott|0 fnt
|faint|p2a: Samurott
|
|upkeep
|
|t:|1757831727
|switch|p2a: Whimsicott|Whimsicott, M, shiny|100/100
|-activate|p2a: Whimsicott|move: Sticky Web
|-unboost|p2a: Whimsicott|spe|1
|turn|14
|
|t:|1757831733
|move|p2a: Whimsicott|Encore|p1a: Kingambit
|-hint|Since gen 7, Dark is immune to Prankster moves.
|-immune|p1a: Kingambit
|move|p1a: Kingambit|Swords Dance|p1a: Kingambit
|-boost|p1a: Kingambit|atk|2
|
|upkeep
|turn|15
|
|t:|1757831742
|move|p1a: Kingambit|Sucker Punch|p2a: Whimsicott
|-resisted|p2a: Whimsicott
|-damage|p2a: Whimsicott|28/100
|move|p2a: Whimsicott|Moonblast|p1a: Kingambit
|-damage|p1a: Kingambit|0 fnt
|faint|p1a: Kingambit
|-end|p1a: Kingambit|fallen5|[silent]
|
|win|Shduhsjejdhdjd
|raw|that one doujin's rating: 1142 &rarr; <strong>1114</strong><br />(-28 for losing)
|raw|Shduhsjejdhdjd's rating: 1105 &rarr; <strong>1133</strong><br />(+28 for winning)
|l|☆Shduhsjejdhdjd
|player|p2|
|l|☆that one doujin
|player|p1|
