|j|☆16xaya
|j|☆Leuloch
|t:|1757949605
|gametype|singles
|player|p1|16xaya|101|1399
|player|p2|Leuloch|dragontamer|1373
|gen|9
|tier|[Gen 9] OU
|rated|
|rule|HP Percentage Mod: HP is shown in percentages
|rule|Endless Battle Clause: Forcing endless battles is banned
|rule|Species Clause: Limit one of each Pokémon
|rule|OHKO Clause: OHKO moves are banned
|rule|Evasion Items Clause: Evasion items are banned
|rule|Evasion Moves Clause: Evasion moves are banned
|rule|Evasion Abilities Clause: Evasion abilities are banned
|rule|Sleep Moves Clause: Sleep-inducing moves are banned
|clearpoke
|poke|p1|Samurott-Hisui, F|
|poke|p1|Pecharunt|
|poke|p1|Deoxys-Speed|
|poke|p1|Zamazenta-*|
|poke|p1|Gliscor, F|
|poke|p1|Ting-Lu|
|poke|p2|Conkeldurr, M|
|poke|p2|Garchomp, M|
|poke|p2|Electrode-Hisui|
|poke|p2|Iron Moth|
|poke|p2|Corviknight, M|
|poke|p2|Milotic, F|
|teampreview
|inactive|Battle timer is ON: inactive players will automatically lose when time's up. (requested by Leuloch)
|
|t:|1757949618
|teamsize|p1|6
|teamsize|p2|6
|start
|switch|p1a: Sekiro|Samurott-Hisui, F, shiny|100/100
|switch|p2a: Conkeldurr|Conkeldurr, M, shiny|100/100
|turn|1
|
|t:|1757949625
|move|p1a: Sekiro|Ceaseless Edge|p2a: Conkeldurr
|-resisted|p2a: Conkeldurr
|-damage|p2a: Conkeldurr|82/100
|-sidestart|p2: Leuloch|Spikes
|move|p2a: Conkeldurr|Knock Off|p1a: Sekiro
|-resisted|p1a: Sekiro
|-crit|p1a: Sekiro
|-damage|p1a: Sekiro|66/100
|-enditem|p1a: Sekiro|Assault Vest|[from] move: Knock Off|[of] p2a: Conkeldurr
|
|upkeep
|turn|2
|
|t:|1757949634
|move|p2a: Conkeldurr|Mach Punch|p1a: Sekiro
|-supereffective|p1a: Sekiro
|-damage|p1a: Sekiro|2/100
|move|p1a: Sekiro|Ceaseless Edge|p2a: Conkeldurr
|-resisted|p2a: Conkeldurr
|-damage|p2a: Conkeldurr|62/100
|-sidestart|p2: Leuloch|Spikes
|
|upkeep
|turn|3
|
|t:|1757949643
|switch|p1a: Droma|Pecharunt|100/100
|move|p2a: Conkeldurr|Mach Punch|p1a: Droma
|-immune|p1a: Droma
|
|upkeep
|turn|4
|
|t:|1757949648
|move|p1a: Droma|Parting Shot|p2a: Conkeldurr
|-unboost|p2a: Conkeldurr|atk|1
|-unboost|p2a: Conkeldurr|spa|1
|
|t:|1757949653
|switch|p1a: Opistopthalmus|Gliscor, F, shiny|100/100|[from] Parting Shot
|move|p2a: Conkeldurr|Knock Off|p1a: Opistopthalmus
|-crit|p1a: Opistopthalmus
|-damage|p1a: Opistopthalmus|57/100
|-enditem|p1a: Opistopthalmus|Toxic Orb|[from] move: Knock Off|[of] p2a: Conkeldurr
|
|upkeep
|turn|5
|
|t:|1757949663
|move|p1a: Opistopthalmus|Knock Off|p2a: Conkeldurr
|-resisted|p2a: Conkeldurr
|-damage|p2a: Conkeldurr|52/100
|-enditem|p2a: Conkeldurr|Assault Vest|[from] move: Knock Off|[of] p1a: Opistopthalmus
|move|p2a: Conkeldurr|Ice Punch|p1a: Opistopthalmus
|-supereffective|p1a: Opistopthalmus
|-crit|p1a: Opistopthalmus
|-damage|p1a: Opistopthalmus|0 fnt
|faint|p1a: Opistopthalmus
|
|upkeep
|
|t:|1757949672
|switch|p1a: Andariel|Ting-Lu|100/100
|-ability|p1a: Andariel|Vessel of Ruin
|turn|6
|
|t:|1757949677
|switch|p2a: Corviknight|Corviknight, M, shiny|100/100
|move|p1a: Andariel|Stealth Rock|p2a: Corviknight
|-sidestart|p2: Leuloch|move: Stealth Rock
|
|upkeep
|turn|7
|
|t:|1757949682
|switch|p1a: XLR8|Deoxys-Speed, shiny|100/100
|-ability|p1a: XLR8|Pressure
|move|p2a: Corviknight|Defog|p1a: XLR8
|-unboost|p1a: XLR8|evasion|1
|-sideend|p2: Leuloch|Spikes|[from] move: Defog|[of] p2a: Corviknight
|-sideend|p2: Leuloch|Stealth Rock|[from] move: Defog|[of] p2a: Corviknight
|
|upkeep
|turn|8
|
|t:|1757949690
|switch|p2a: Milotic|Milotic, F|100/100
|move|p1a: XLR8|Thunderbolt|p2a: Milotic
|-supereffective|p2a: Milotic
|-damage|p2a: Milotic|74/100
|
|-heal|p2a: Milotic|80/100|[from] item: Leftovers
|upkeep
|turn|9
|
|t:|1757949699
|move|p1a: XLR8|Nasty Plot|p1a: XLR8
|-boost|p1a: XLR8|spa|2
|move|p2a: Milotic|Scald|p1a: XLR8
|-damage|p1a: XLR8|62/100
|-status|p1a: XLR8|brn
|
|-heal|p2a: Milotic|86/100|[from] item: Leftovers
|-damage|p1a: XLR8|56/100 brn|[from] brn
|upkeep
|turn|10
|
|t:|1757949708
|-terastallize|p1a: XLR8|Electric
|move|p1a: XLR8|Psycho Boost|p2a: Milotic
|-damage|p2a: Milotic|19/100
|-unboost|p1a: XLR8|spa|2
|move|p2a: Milotic|Haze|p2a: Milotic
|-clearallboost
|
|-heal|p2a: Milotic|25/100|[from] item: Leftovers
|-damage|p1a: XLR8|50/100 brn|[from] brn
|upkeep
|turn|11
|
|t:|1757949716
|move|p1a: XLR8|Thunderbolt|p2a: Milotic
|-supereffective|p2a: Milotic
|-damage|p2a: Milotic|0 fnt
|faint|p2a: Milotic
|
|-damage|p1a: XLR8|44/100 brn|[from] brn
|upkeep
|
|t:|1757949736
|switch|p2a: Conkeldurr|Conkeldurr, M, shiny|52/100
|turn|12
|
|t:|1757949745
|move|p2a: Conkeldurr|Mach Punch|p1a: XLR8
|-damage|p1a: XLR8|6/100 brn
|move|p1a: XLR8|Psycho Boost|p2a: Conkeldurr
|-supereffective|p2a: Conkeldurr
|-damage|p2a: Conkeldurr|0 fnt
|-unboost|p1a: XLR8|spa|2
|faint|p2a: Conkeldurr
|
|-damage|p1a: XLR8|0 fnt|[from] brn
|faint|p1a: XLR8
|upkeep
|
|t:|1757949755
|switch|p1a: Sekiro|Samurott-Hisui, F, shiny|2/100
|switch|p2a: Electrode|Electrode-Hisui, shiny|100/100
|turn|13
|
|t:|1757949763
|move|p2a: Electrode|Volt Switch|p1a: Sekiro
|-supereffective|p1a: Sekiro
|-damage|p1a: Sekiro|0 fnt
|faint|p1a: Sekiro
|
|t:|1757949770
|switch|p2a: Iron Moth|Iron Moth|100/100|[from] Volt Switch
|
|upkeep
|
|t:|1757949773
|switch|p1a: Andariel|Ting-Lu|100/100
|-ability|p1a: Andariel|Vessel of Ruin
|turn|14
|
|t:|1757949786
|move|p2a: Iron Moth|Energy Ball|p1a: Andariel
|-supereffective|p1a: Andariel
|-damage|p1a: Andariel|59/100
|-damage|p2a: Iron Moth|91/100|[from] item: Life Orb
|move|p1a: Andariel|Earthquake|p2a: Iron Moth
|-supereffective|p2a: Iron Moth
|-damage|p2a: Iron Moth|0 fnt
|faint|p2a: Iron Moth
|-end|p2a: Iron Moth|Quark Drive|[silent]
|
|upkeep
|
|t:|1757949795
|switch|p2a: Electrode|Electrode-Hisui, shiny|100/100
|turn|15
|
|t:|1757949804
|switch|p1a: Droma|Pecharunt|100/100
|move|p2a: Electrode|Energy Ball|p1a: Droma
|-resisted|p1a: Droma
|-damage|p1a: Droma|73/100
|
|upkeep
|turn|16
|
|t:|1757949811
|switch|p2a: Corviknight|Corviknight, M, shiny|100/100
|switch|p1a: Andariel|Ting-Lu|59/100
|-ability|p1a: Andariel|Vessel of Ruin
|
|upkeep
|turn|17
|
|t:|1757949817
|move|p2a: Corviknight|U-turn|p1a: Andariel
|-supereffective|p1a: Andariel
|-damage|p1a: Andariel|45/100
|-damage|p2a: Corviknight|84/100|[from] item: Rocky Helmet|[of] p1a: Andariel
|
|t:|1757949819
|switch|p2a: Garchomp|Garchomp, M, shiny|100/100|[from] U-turn
|move|p1a: Andariel|Ruination|p2a: Garchomp
|-damage|p2a: Garchomp|50/100
|
|upkeep
|turn|18
|
|t:|1757949837
|move|p2a: Garchomp|Earthquake|p1a: Andariel
|-damage|p1a: Andariel|22/100
|move|p1a: Andariel|Earthquake|p2a: Garchomp
|-damage|p2a: Garchomp|10/100
|
|upkeep
|turn|19
|
|t:|1757949843
|move|p2a: Garchomp|Earthquake|p1a: Andariel
|-damage|p1a: Andariel|0 fnt
|faint|p1a: Andariel
|
|upkeep
|
|t:|1757949847
|switch|p1a: Ōkamiza|Zamazenta, shiny|100/100
|-ability|p1a: Ōkamiza|Dauntless Shield|boost
|-boost|p1a: Ōkamiza|def|1
|turn|20
|
|t:|1757949853
|move|p2a: Garchomp|Earthquake|p1a: Ōkamiza
|-damage|p1a: Ōkamiza|69/100
|move|p1a: Ōkamiza|Crunch|p2a: Garchomp
|-damage|p2a: Garchomp|0 fnt
|-damage|p1a: Ōkamiza|57/100|[from] ability: Rough Skin|[of] p2a: Garchomp
|faint|p2a: Garchomp
|
|upkeep
|
|t:|1757949858
|switch|p2a: Corviknight|Corviknight, M, shiny|84/100
|turn|21
|
|t:|1757949864
|move|p1a: Ōkamiza|Stone Edge|p2a: Corviknight
|-damage|p2a: Corviknight|66/100
|move|p2a: Corviknight|Brave Bird|p1a: Ōkamiza
|-supereffective|p1a: Ōkamiza
|-damage|p1a: Ōkamiza|12/100
|-damage|p2a: Corviknight|54/100|[from] Recoil
|
|upkeep
|turn|22
|
|t:|1757949869
|move|p1a: Ōkamiza|Close Combat|p2a: Corviknight
|-damage|p2a: Corviknight|18/100
|-unboost|p1a: Ōkamiza|def|1
|-unboost|p1a: Ōkamiza|spd|1
|-damage|p1a: Ōkamiza|0 fnt|[from] item: Rocky Helmet|[of] p2a: Corviknight
|faint|p1a: Ōkamiza
|move|p2a: Corviknight|Roost|p2a: Corviknight
|-heal|p2a: Corviknight|68/100
|-singleturn|p2a: Corviknight|move: Roost
|
|upkeep
|
|t:|1757949872
|switch|p1a: Droma|Pecharunt|73/100
|turn|23
|
|t:|1757949878
|move|p1a: Droma|Parting Shot|p2a: Corviknight
|-ability|p2a: Corviknight|Mirror Armor
|-unboost|p1a: Droma|atk|1
|-ability|p2a: Corviknight|Mirror Armor
|-unboost|p1a: Droma|spa|1
|move|p2a: Corviknight|Brave Bird|p1a: Droma
|-damage|p1a: Droma|55/100
|-damage|p2a: Corviknight|62/100|[from] Recoil
|
|upkeep
|turn|24
|-message|16xaya forfeited.
|
|win|Leuloch
|raw|16xaya's rating: 1399 &rarr; <strong>1378</strong><br />(-21 for losing)
|raw|Leuloch's rating: 1373 &rarr; <strong>1394</strong><br />(+21 for winning)
|l|☆16xaya
|player|p1|
|l|☆Leuloch
|player|p2|
