|j|☆hexagram 69
|j|☆Devrai
|t:|1757815693
|gametype|singles
|player|p1|hexagram 69|101|1363
|player|p2|Devrai|zinnia|1406
|gen|9
|tier|[Gen 9] OU
|rated|
|rule|HP Percentage Mod: HP is shown in percentages
|rule|Endless Battle Clause: Forcing endless battles is banned
|rule|Species Clause: Limit one of each Pokémon
|rule|OHKO Clause: OHKO moves are banned
|rule|Evasion Items Clause: Evasion items are banned
|rule|Evasion Moves Clause: Evasion moves are banned
|rule|Evasion Abilities Clause: Evasion abilities are banned
|rule|Sleep Moves Clause: Sleep-inducing moves are banned
|clearpoke
|poke|p1|Enamorus, F|
|poke|p1|Ogerpon-Wellspring, F|
|poke|p1|Iron Crown|
|poke|p1|Iron Hands|
|poke|p1|Glimmora, M|
|poke|p1|Ursaluna, M|
|poke|p2|Araquanid, M|
|poke|p2|Iron Treads|
|poke|p2|Skeledirge, M|
|poke|p2|Serperior, F|
|poke|p2|Gardevoir, F|
|poke|p2|Raichu, F|
|teampreview
|inactive|Battle timer is ON: inactive players will automatically lose when time's up. (requested by hexagram 69)
|
|t:|1757815701
|teamsize|p1|6
|teamsize|p2|6
|start
|switch|p1a: Iron Hands|Iron Hands, shiny|100/100
|switch|p2a: Bubble Buddy|Araquanid, M, shiny|100/100
|-enditem|p1a: Iron Hands|Booster Energy
|-activate|p1a: Iron Hands|ability: Quark Drive|[fromitem]
|-start|p1a: Iron Hands|quarkdriveatk
|turn|1
|
|t:|1757815717
|switch|p2a: Ampere|Raichu, F|100/100
|move|p1a: Iron Hands|Wild Charge|p2a: Ampere
|-ability|p2a: Ampere|Lightning Rod|boost
|-boost|p2a: Ampere|spa|1
|
|upkeep
|turn|2
|l|☆Devrai
|inactive|Devrai disconnected and has a minute to reconnect!
|player|p2|
|j|☆Devrai
|inactive|Devrai reconnected and has 145 seconds left.
|player|p2|Devrai|zinnia|
|
|t:|1757815728
|move|p2a: Ampere|Encore|p1a: Iron Hands
|-start|p1a: Iron Hands|Encore
|move|p1a: Iron Hands|Wild Charge|p2a: Ampere
|-ability|p2a: Ampere|Lightning Rod|boost
|-boost|p2a: Ampere|spa|1
|
|upkeep
|turn|3
|
|t:|1757815736
|-end|p1a: Iron Hands|Quark Drive|[silent]
|switch|p1a: Ursaluna|Ursaluna, M, shiny|100/100
|move|p2a: Ampere|Surf|p1a: Ursaluna
|-supereffective|p1a: Ursaluna
|-damage|p1a: Ursaluna|16/100
|-damage|p2a: Ampere|91/100|[from] item: Life Orb
|
|-heal|p1a: Ursaluna|22/100|[from] item: Leftovers
|upkeep
|turn|4
|
|t:|1757815746
|move|p2a: Ampere|Alluring Voice|p1a: Ursaluna
|-damage|p1a: Ursaluna|0 fnt
|faint|p1a: Ursaluna
|-damage|p2a: Ampere|81/100|[from] item: Life Orb
|
|upkeep
|
|t:|1757815750
|switch|p1a: Enamorus|Enamorus, F, shiny|100/100
|turn|5
|
|t:|1757815756
|switch|p2a: Nagini|Serperior, F, shiny|100/100
|move|p1a: Enamorus|Earth Power|p2a: Nagini
|-resisted|p2a: Nagini
|-damage|p2a: Nagini|79/100
|
|-heal|p2a: Nagini|85/100|[from] item: Leftovers
|upkeep
|turn|6
|
|t:|1757815769
|switch|p1a: Iron Crown|Iron Crown|100/100
|move|p2a: Nagini|Glare|p1a: Iron Crown
|-status|p1a: Iron Crown|par
|
|-heal|p2a: Nagini|91/100|[from] item: Leftovers
|upkeep
|turn|7
|
|t:|1757815778
|switch|p2a: King Gator|Skeledirge, M, shiny|100/100
|move|p1a: Iron Crown|Psychic Noise|p2a: King Gator
|-damage|p2a: King Gator|57/100
|-start|p2a: King Gator|move: Heal Block
|
|upkeep
|turn|8
|
|t:|1757815784
|-end|p1a: Iron Crown|Quark Drive|[silent]
|switch|p1a: Glimmora|Glimmora, M, shiny|100/100
|move|p2a: King Gator|Will-O-Wisp|p1a: Glimmora|[miss]
|-miss|p2a: King Gator|p1a: Glimmora
|
|-end|p2a: King Gator|move: Heal Block
|upkeep
|turn|9
|
|t:|1757815788
|switch|p2a: Treadmill|Iron Treads, shiny|100/100
|move|p1a: Glimmora|Stealth Rock|p2a: Treadmill
|-sidestart|p2: Devrai|move: Stealth Rock
|
|upkeep
|turn|10
|
|t:|1757815792
|move|p2a: Treadmill|Rapid Spin|p1a: Glimmora
|-resisted|p1a: Glimmora
|-damage|p1a: Glimmora|95/100
|-boost|p2a: Treadmill|spe|1
|-activate|p1a: Glimmora|ability: Toxic Debris
|-sidestart|p2: Devrai|move: Toxic Spikes
|-sideend|p2: Devrai|Toxic Spikes|[from] move: Rapid Spin|[of] p2a: Treadmill
|-sideend|p2: Devrai|Stealth Rock|[from] move: Rapid Spin|[of] p2a: Treadmill
|-enditem|p1a: Glimmora|Red Card|[of] p2a: Treadmill
|-end|p2a: Treadmill|Quark Drive|[silent]
|drag|p2a: Nagini|Serperior, F, shiny|91/100
|move|p1a: Glimmora|Earth Power|p2a: Nagini
|-resisted|p2a: Nagini
|-damage|p2a: Nagini|74/100
|
|-heal|p2a: Nagini|80/100|[from] item: Leftovers
|upkeep
|turn|11
|
|t:|1757815802
|switch|p2a: Treadmill|Iron Treads, shiny|100/100
|move|p1a: Glimmora|Mortal Spin|p2a: Treadmill
|-immune|p2a: Treadmill
|
|upkeep
|turn|12
|
|t:|1757815807
|switch|p1a: Enamorus|Enamorus, F, shiny|100/100
|move|p2a: Treadmill|Stealth Rock|p1a: Enamorus
|-sidestart|p1: hexagram 69|move: Stealth Rock
|
|upkeep
|turn|13
|
|t:|1757815812
|-end|p2a: Treadmill|Quark Drive|[silent]
|switch|p2a: Astra|Gardevoir, F, shiny|100/100
|-ability|p2a: Astra|Contrary|Trace|[from] ability: Trace|[of] p1a: Enamorus
|move|p1a: Enamorus|Moonblast|p2a: Astra
|-damage|p2a: Astra|47/100
|-boost|p2a: Astra|spa|1
|
|-heal|p2a: Astra|53/100|[from] item: Leftovers
|upkeep
|turn|14
|
|t:|1757815816
|move|p1a: Enamorus|Moonblast|p2a: Astra
|-damage|p2a: Astra|6/100
|move|p2a: Astra|Draining Kiss|p1a: Enamorus
|-damage|p1a: Enamorus|54/100
|-heal|p2a: Astra|36/100|[from] drain|[of] p1a: Enamorus
|
|-heal|p2a: Astra|42/100|[from] item: Leftovers
|upkeep
|turn|15
|
|t:|1757815821
|switch|p2a: King Gator|Skeledirge, M, shiny|57/100
|move|p1a: Enamorus|Moonblast|p2a: King Gator
|-resisted|p2a: King Gator
|-damage|p2a: King Gator|33/100
|-unboost|p2a: King Gator|spa|1
|
|-heal|p2a: King Gator|39/100|[from] item: Leftovers
|upkeep
|turn|16
|
|t:|1757815825
|switch|p1a: Glimmora|Glimmora, M, shiny|95/100
|-damage|p1a: Glimmora|82/100|[from] Stealth Rock
|move|p2a: King Gator|Slack Off|p2a: King Gator
|-heal|p2a: King Gator|89/100
|
|-heal|p2a: King Gator|95/100|[from] item: Leftovers
|upkeep
|turn|17
|
|t:|1757815828
|switch|p2a: Treadmill|Iron Treads, shiny|100/100
|move|p1a: Glimmora|Stealth Rock|p2a: Treadmill
|-sidestart|p2: Devrai|move: Stealth Rock
|
|upkeep
|turn|18
|
|t:|1757815831
|move|p2a: Treadmill|Rapid Spin|p1a: Glimmora
|-resisted|p1a: Glimmora
|-damage|p1a: Glimmora|76/100
|-boost|p2a: Treadmill|spe|1
|-activate|p1a: Glimmora|ability: Toxic Debris
|-sidestart|p2: Devrai|move: Toxic Spikes
|-sideend|p2: Devrai|Toxic Spikes|[from] move: Rapid Spin|[of] p2a: Treadmill
|-sideend|p2: Devrai|Stealth Rock|[from] move: Rapid Spin|[of] p2a: Treadmill
|move|p1a: Glimmora|Earth Power|p2a: Treadmill
|-supereffective|p2a: Treadmill
|-damage|p2a: Treadmill|40/100
|
|upkeep
|turn|19
|
|t:|1757815836
|switch|p1a: Enamorus|Enamorus, F, shiny|54/100
|-damage|p1a: Enamorus|30/100|[from] Stealth Rock
|move|p2a: Treadmill|Rapid Spin|p1a: Enamorus
|-damage|p1a: Enamorus|5/100
|-boost|p2a: Treadmill|spe|1
|
|upkeep
|turn|20
|
|t:|1757815839
|move|p2a: Treadmill|Rapid Spin|p1a: Enamorus
|-crit|p1a: Enamorus
|-damage|p1a: Enamorus|0 fnt
|-boost|p2a: Treadmill|spe|1
|faint|p1a: Enamorus
|
|upkeep
|-message|hexagram 69 forfeited.
|
|win|Devrai
|raw|hexagram 69's rating: 1363 &rarr; <strong>1345</strong><br />(-18 for losing)
|raw|Devrai's rating: 1406 &rarr; <strong>1424</strong><br />(+18 for winning)
|l|☆hexagram 69
|player|p1|
|l|☆Devrai
|player|p2|
