|j|☆bill1234765
|j|☆Reptile Intrusion
|t:|1757832747
|gametype|singles
|player|p1|bill1234765|lance|1466
|player|p2|Reptile Intrusion|2|1428
|gen|9
|tier|[Gen 9] OU
|rated|
|rule|HP Percentage Mod: HP is shown in percentages
|rule|Endless Battle Clause: Forcing endless battles is banned
|rule|Species Clause: Limit one of each Pokémon
|rule|OHKO Clause: OHKO moves are banned
|rule|Evasion Items Clause: Evasion items are banned
|rule|Evasion Moves Clause: Evasion moves are banned
|rule|Evasion Abilities Clause: Evasion abilities are banned
|rule|Sleep Moves Clause: Sleep-inducing moves are banned
|clearpoke
|poke|p1|Rillaboom, M|
|poke|p1|Ogerpon-Wellspring, F|
|poke|p1|Iron Crown|
|poke|p1|Raging Bolt|
|poke|p1|Hatterene, F|
|poke|p1|Great Tusk|
|poke|p2|Pelipper, M|
|poke|p2|Basculegion-F, F|
|poke|p2|Goodra, F|
|poke|p2|Overqwil, M|
|poke|p2|Whimsicott, F|
|poke|p2|Gliscor, M|
|teampreview
|
|t:|1757832756
|teamsize|p1|6
|teamsize|p2|6
|start
|switch|p1a: Raging Bolt|Raging Bolt|100/100
|switch|p2a: Pelipper|Pelipper, M, shiny|100/100
|-weather|RainDance|[from] ability: Drizzle|[of] p2a: Pelipper
|-enditem|p1a: Raging Bolt|Booster Energy
|-activate|p1a: Raging Bolt|ability: Protosynthesis|[fromitem]
|-start|p1a: Raging Bolt|protosynthesisspa
|turn|1
|
|t:|1757832793
|switch|p2a: Whimsicott|Whimsicott, F, shiny|100/100
|move|p1a: Raging Bolt|Calm Mind|p1a: Raging Bolt
|-boost|p1a: Raging Bolt|spa|1
|-boost|p1a: Raging Bolt|spd|1
|
|-weather|RainDance|[upkeep]
|upkeep
|turn|2
|inactive|Battle timer is ON: inactive players will automatically lose when time's up. (requested by Reptile Intrusion)
|
|t:|1757832803
|move|p2a: Whimsicott|Leech Seed|p1a: Raging Bolt|[miss]
|-miss|p2a: Whimsicott|p1a: Raging Bolt
|move|p1a: Raging Bolt|Thunderclap||[still]
|-fail|p1a: Raging Bolt
|
|-weather|RainDance|[upkeep]
|upkeep
|turn|3
|
|t:|1757832818
|switch|p2a: Overqwil|Overqwil, M, shiny|100/100
|move|p1a: Raging Bolt|Thunderbolt|p2a: Overqwil
|-damage|p2a: Overqwil|0 fnt
|faint|p2a: Overqwil
|
|-weather|RainDance|[upkeep]
|upkeep
|
|t:|1757832822
|switch|p2a: Whimsicott|Whimsicott, F, shiny|100/100
|turn|4
|
|t:|1757832824
|move|p2a: Whimsicott|Leech Seed|p1a: Raging Bolt
|-start|p1a: Raging Bolt|move: Leech Seed
|move|p1a: Raging Bolt|Thunderbolt|p2a: Whimsicott
|-resisted|p2a: Whimsicott
|-damage|p2a: Whimsicott|30/100
|
|-weather|RainDance|[upkeep]
|-damage|p1a: Raging Bolt|88/100|[from] Leech Seed|[of] p2a: Whimsicott
|-heal|p2a: Whimsicott|47/100|[silent]
|upkeep
|turn|5
|
|t:|1757832830
|move|p2a: Whimsicott|Moonblast|p1a: Raging Bolt
|-supereffective|p1a: Raging Bolt
|-damage|p1a: Raging Bolt|56/100
|move|p1a: Raging Bolt|Thunderbolt|p2a: Whimsicott
|-resisted|p2a: Whimsicott
|-crit|p2a: Whimsicott
|-damage|p2a: Whimsicott|0 fnt
|faint|p2a: Whimsicott
|
|-weather|RainDance|[upkeep]
|upkeep
|
|t:|1757832839
|switch|p2a: Gliscor|Gliscor, M, shiny|100/100
|turn|6
|
|t:|1757832844
|move|p2a: Gliscor|Earthquake|p1a: Raging Bolt
|-supereffective|p1a: Raging Bolt
|-damage|p1a: Raging Bolt|0 fnt
|faint|p1a: Raging Bolt
|-end|p1a: Raging Bolt|Protosynthesis|[silent]
|
|-weather|RainDance|[upkeep]
|-status|p2a: Gliscor|tox|[from] item: Toxic Orb
|upkeep
|
|t:|1757832851
|switch|p1a: Ogerpon|Ogerpon-Wellspring, F|100/100
|turn|7
|
|t:|1757832869
|-terastallize|p2a: Gliscor|Water
|move|p1a: Ogerpon|Swords Dance|p1a: Ogerpon
|-boost|p1a: Ogerpon|atk|2
|move|p2a: Gliscor|Facade|p1a: Ogerpon
|-damage|p1a: Ogerpon|48/100
|
|-weather|RainDance|[upkeep]
|upkeep
|turn|8
|
|t:|1757832876
|-terastallize|p1a: Ogerpon|Water
|detailschange|p1a: Ogerpon|Ogerpon-Wellspring-Tera, F, tera:Water
|-ability|p1a: Ogerpon|Embody Aspect (Wellspring)|boost
|-boost|p1a: Ogerpon|spd|1
|move|p1a: Ogerpon|Ivy Cudgel|p2a: Gliscor|[anim] Ivy Cudgel Water
|-resisted|p2a: Gliscor
|-damage|p2a: Gliscor|0 fnt
|faint|p2a: Gliscor
|
|-weather|none
|upkeep
|
|t:|1757832885
|switch|p2a: Pelipper|Pelipper, M, shiny|100/100
|-weather|RainDance|[from] ability: Drizzle|[of] p2a: Pelipper
|turn|9
|
|t:|1757832887
|switch|p2a: Goodra|Goodra, F, shiny|100/100
|move|p1a: Ogerpon|Horn Leech|p2a: Goodra
|-resisted|p2a: Goodra
|-damage|p2a: Goodra|44/100
|-heal|p1a: Ogerpon|85/100|[from] drain|[of] p2a: Goodra
|
|-weather|RainDance|[upkeep]
|upkeep
|turn|10
|
|t:|1757832895
|move|p1a: Ogerpon|Ivy Cudgel|p2a: Goodra|[anim] Ivy Cudgel Water
|-resisted|p2a: Goodra
|-damage|p2a: Goodra|0 fnt
|faint|p2a: Goodra
|
|-weather|RainDance|[upkeep]
|upkeep
|
|t:|1757832905
|switch|p2a: Basculegion|Basculegion-F, F, shiny|100/100
|turn|11
|
|t:|1757832909
|move|p2a: Basculegion|Shadow Ball|p1a: Ogerpon
|-damage|p1a: Ogerpon|44/100
|-unboost|p1a: Ogerpon|spd|1
|-damage|p2a: Basculegion|91/100|[from] item: Life Orb
|move|p1a: Ogerpon|Horn Leech|p2a: Basculegion
|-supereffective|p2a: Basculegion
|-damage|p2a: Basculegion|0 fnt
|-heal|p1a: Ogerpon|100/100|[from] drain|[of] p2a: Basculegion
|faint|p2a: Basculegion
|
|-weather|RainDance|[upkeep]
|upkeep
|-message|Reptile Intrusion forfeited.
|
|win|bill1234765
|raw|bill1234765's rating: 1466 &rarr; <strong>1483</strong><br />(+17 for winning)
|raw|Reptile Intrusion's rating: 1407 &rarr; <strong>1390</strong><br />(-17 for losing)
|l|☆Reptile Intrusion
|player|p2|
|l|☆bill1234765
|player|p1|
