|j|‽bidooofer
|j|☆3idk
|t:|1757797748
|gametype|singles
|player|p1|bidooofer|riley|1684
|player|p2|3idk|lusamine-masters|1729
|gen|9
|tier|[Gen 9] OU
|rated|
|rule|HP Percentage Mod: HP is shown in percentages
|rule|Endless Battle Clause: Forcing endless battles is banned
|rule|Species Clause: Limit one of each Pokémon
|rule|OHKO Clause: OHKO moves are banned
|rule|Evasion Items Clause: Evasion items are banned
|rule|Evasion Moves Clause: Evasion moves are banned
|rule|Evasion Abilities Clause: Evasion abilities are banned
|rule|Sleep Moves Clause: Sleep-inducing moves are banned
|clearpoke
|poke|p1|Torkoal, M|
|poke|p1|Walking Wake|
|poke|p1|Raging Bolt|
|poke|p1|Great Tusk|
|poke|p1|Rillaboom, M|
|poke|p1|Hatterene, F|
|poke|p2|Tyranitar, F|
|poke|p2|Excadrill, M|
|poke|p2|Keldeo-Resolute|
|poke|p2|Tornadus-Therian, M|
|poke|p2|Heatran, M|
|poke|p2|Hydrapple, F|
|teampreview
|inactive|Battle timer is ON: inactive players will automatically lose when time's up. (requested by 3idk)
|
|t:|1757797754
|teamsize|p1|6
|teamsize|p2|6
|start
|switch|p1a: Hatterene|Hatterene, F|100/100
|switch|p2a: Tornadus|Tornadus-Therian, M|100/100
|turn|1
|
|t:|1757797763
|move|p2a: Tornadus|Bleakwind Storm|p1a: Hatterene
|-damage|p1a: Hatterene|76/100
|-unboost|p1a: Hatterene|spe|1
|move|p1a: Hatterene|Nuzzle|p2a: Tornadus
|-supereffective|p2a: Tornadus
|-crit|p2a: Tornadus
|-damage|p2a: Tornadus|87/100
|-status|p2a: Tornadus|par
|
|upkeep
|turn|2
|
|t:|1757797770
|move|p2a: Tornadus|U-turn|p1a: Hatterene
|-damage|p1a: Hatterene|63/100
|
|t:|1757797773
|switch|p2a: Tyranitar|Tyranitar, F|100/100|[from] U-turn
|-weather|Sandstorm|[from] ability: Sand Stream|[of] p2a: Tyranitar
|move|p1a: Hatterene|Future Sight|p2a: Tyranitar
|-start|p1a: Hatterene|move: Future Sight
|
|-weather|Sandstorm|[upkeep]
|-damage|p1a: Hatterene|57/100|[from] Sandstorm
|upkeep
|turn|3
|
|t:|1757797797
|move|p2a: Tyranitar|Ice Punch|p1a: Hatterene
|-damage|p1a: Hatterene|21/100
|move|p1a: Hatterene|Nuzzle|p2a: Tyranitar
|-crit|p2a: Tyranitar
|-damage|p2a: Tyranitar|95/100
|-status|p2a: Tyranitar|par
|
|-weather|Sandstorm|[upkeep]
|-damage|p1a: Hatterene|15/100|[from] Sandstorm
|upkeep
|turn|4
|
|t:|1757797804
|move|p2a: Tyranitar|Ice Punch|p1a: Hatterene
|-damage|p1a: Hatterene|0 fnt
|faint|p1a: Hatterene
|
|-weather|Sandstorm|[upkeep]
|-end|p2a: Tyranitar|move: Future Sight
|-immune|p2a: Tyranitar
|upkeep
|
|t:|1757797807
|switch|p1a: Rillaboom|Rillaboom, M|100/100
|-fieldstart|move: Grassy Terrain|[from] ability: Grassy Surge|[of] p1a: Rillaboom
|turn|5
|
|t:|1757797814
|switch|p2a: Hydrapple|Hydrapple, F|100/100
|move|p1a: Rillaboom|U-turn|p2a: Hydrapple
|-supereffective|p2a: Hydrapple
|-damage|p2a: Hydrapple|60/100
|-damage|p1a: Rillaboom|84/100|[from] item: Rocky Helmet|[of] p2a: Hydrapple
|
|t:|1757797818
|switch|p1a: Raging Bolt|Raging Bolt|100/100|[from] U-turn
|
|-weather|Sandstorm|[upkeep]
|-damage|p1a: Raging Bolt|94/100|[from] Sandstorm
|-damage|p2a: Hydrapple|54/100|[from] Sandstorm
|-heal|p1a: Raging Bolt|100/100|[from] Grassy Terrain
|-heal|p2a: Hydrapple|60/100|[from] Grassy Terrain
|upkeep
|turn|6
|
|t:|1757797823
|switch|p2a: Heatran|Heatran, M|100/100
|move|p1a: Raging Bolt|Calm Mind|p1a: Raging Bolt
|-boost|p1a: Raging Bolt|spa|1
|-boost|p1a: Raging Bolt|spd|1
|
|-weather|none
|upkeep
|turn|7
|
|t:|1757797831
|move|p2a: Heatran|Earth Power|p1a: Raging Bolt
|-supereffective|p1a: Raging Bolt
|-damage|p1a: Raging Bolt|71/100
|move|p1a: Raging Bolt|Thunderbolt|p2a: Heatran
|-damage|p2a: Heatran|47/100
|
|-heal|p2a: Heatran|53/100|[from] Grassy Terrain
|-heal|p2a: Heatran|59/100|[from] item: Leftovers
|-heal|p1a: Raging Bolt|78/100|[from] Grassy Terrain
|-heal|p1a: Raging Bolt|84/100|[from] item: Leftovers
|upkeep
|turn|8
|
|t:|1757797837
|move|p2a: Heatran|Earth Power|p1a: Raging Bolt
|-supereffective|p1a: Raging Bolt
|-damage|p1a: Raging Bolt|56/100
|move|p1a: Raging Bolt|Thunderbolt|p2a: Heatran
|-damage|p2a: Heatran|10/100
|
|-heal|p2a: Heatran|16/100|[from] Grassy Terrain
|-heal|p2a: Heatran|23/100|[from] item: Leftovers
|-heal|p1a: Raging Bolt|62/100|[from] Grassy Terrain
|-heal|p1a: Raging Bolt|68/100|[from] item: Leftovers
|upkeep
|turn|9
|
|t:|1757797845
|move|p2a: Heatran|Stealth Rock|p1a: Raging Bolt
|-sidestart|p1: bidooofer|move: Stealth Rock
|move|p1a: Raging Bolt|Thunderbolt|p2a: Heatran
|-damage|p2a: Heatran|0 fnt
|faint|p2a: Heatran
|
|-heal|p1a: Raging Bolt|75/100|[from] Grassy Terrain
|-heal|p1a: Raging Bolt|81/100|[from] item: Leftovers
|-fieldend|move: Grassy Terrain
|upkeep
|
|t:|1757797850
|switch|p2a: Excadrill|Excadrill, M|100/100
|-item|p2a: Excadrill|Air Balloon
|turn|10
|
|t:|1757797853
|-terastallize|p1a: Raging Bolt|Flying
|move|p2a: Excadrill|Earthquake|p1a: Raging Bolt
|-immune|p1a: Raging Bolt
|move|p1a: Raging Bolt|Dragon Pulse|p2a: Excadrill
|-resisted|p2a: Excadrill
|-damage|p2a: Excadrill|50/100
|-enditem|p2a: Excadrill|Air Balloon
|
|-heal|p1a: Raging Bolt|87/100|[from] item: Leftovers
|upkeep
|turn|11
|
|t:|1757797858
|move|p2a: Excadrill|Iron Head|p1a: Raging Bolt
|-damage|p1a: Raging Bolt|46/100
|cant|p1a: Raging Bolt|flinch
|
|-heal|p1a: Raging Bolt|52/100|[from] item: Leftovers
|upkeep
|turn|12
|
|t:|1757797867
|switch|p2a: Tyranitar|Tyranitar, F|95/100 par
|-weather|Sandstorm|[from] ability: Sand Stream|[of] p2a: Tyranitar
|-end|p1a: Raging Bolt|Protosynthesis|[silent]
|switch|p1a: Great Tusk|Great Tusk|100/100
|
|-weather|Sandstorm|[upkeep]
|upkeep
|turn|13
|
|t:|1757797875
|switch|p2a: Keldeo|Keldeo-Resolute|100/100
|move|p1a: Great Tusk|Rapid Spin|p2a: Keldeo
|-damage|p2a: Keldeo|84/100
|-boost|p1a: Great Tusk|spe|1
|-sideend|p1: bidooofer|Stealth Rock|[from] move: Rapid Spin|[of] p1a: Great Tusk
|
|-weather|Sandstorm|[upkeep]
|-damage|p2a: Keldeo|78/100|[from] Sandstorm
|upkeep
|turn|14
|
|t:|1757797879
|-end|p1a: Great Tusk|Protosynthesis|[silent]
|switch|p1a: Walking Wake|Walking Wake|100/100
|switch|p2a: Hydrapple|Hydrapple, F|93/100
|
|-weather|Sandstorm|[upkeep]
|-damage|p1a: Walking Wake|94/100|[from] Sandstorm
|-damage|p2a: Hydrapple|87/100|[from] Sandstorm
|upkeep
|turn|15
|
|t:|1757797884
|move|p1a: Walking Wake|Dragon Pulse|p2a: Hydrapple
|-supereffective|p2a: Hydrapple
|-damage|p2a: Hydrapple|0 fnt
|faint|p2a: Hydrapple
|
|-weather|Sandstorm|[upkeep]
|-damage|p1a: Walking Wake|88/100|[from] Sandstorm
|upkeep
|
|t:|1757797889
|switch|p2a: Excadrill|Excadrill, M|50/100
|turn|16
|
|t:|1757797892
|move|p2a: Excadrill|Earthquake|p1a: Walking Wake
|-damage|p1a: Walking Wake|22/100
|move|p1a: Walking Wake|Hydro Steam|p2a: Excadrill
|-supereffective|p2a: Excadrill
|-damage|p2a: Excadrill|0 fnt
|faint|p2a: Excadrill
|
|-weather|none
|upkeep
|
|t:|1757797899
|switch|p2a: Keldeo|Keldeo-Resolute|78/100
|turn|17
|
|t:|1757797916
|-end|p1a: Walking Wake|Protosynthesis|[silent]
|switch|p1a: Raging Bolt|Raging Bolt, tera:Flying|52/100
|move|p2a: Keldeo|Surf|p1a: Raging Bolt
|-damage|p1a: Raging Bolt|0 fnt
|faint|p1a: Raging Bolt
|-end|p1a: Raging Bolt|Protosynthesis|[silent]
|
|upkeep
|
|t:|1757797921
|switch|p1a: Rillaboom|Rillaboom, M|84/100
|-fieldstart|move: Grassy Terrain|[from] ability: Grassy Surge|[of] p1a: Rillaboom
|turn|18
|
|t:|1757797925
|switch|p2a: Tornadus|Tornadus-Therian, M|100/100 par
|move|p1a: Rillaboom|Wood Hammer|p2a: Tornadus
|-resisted|p2a: Tornadus
|-damage|p2a: Tornadus|29/100 par
|-damage|p1a: Rillaboom|59/100|[from] Recoil
|
|-heal|p1a: Rillaboom|65/100|[from] Grassy Terrain
|upkeep
|turn|19
|
|t:|1757797935
|move|p1a: Rillaboom|Wood Hammer|p2a: Tornadus
|-resisted|p2a: Tornadus
|-damage|p2a: Tornadus|0 fnt
|faint|p2a: Tornadus
|-damage|p1a: Rillaboom|55/100|[from] Recoil
|
|-heal|p1a: Rillaboom|61/100|[from] Grassy Terrain
|upkeep
|
|t:|1757797940
|switch|p2a: Tyranitar|Tyranitar, F|95/100 par
|-weather|Sandstorm|[from] ability: Sand Stream|[of] p2a: Tyranitar
|turn|20
|
|t:|1757797945
|-terastallize|p2a: Tyranitar|Flying
|move|p1a: Rillaboom|Wood Hammer|p2a: Tyranitar
|-resisted|p2a: Tyranitar
|-damage|p2a: Tyranitar|36/100 par
|-damage|p1a: Rillaboom|42/100|[from] Recoil
|move|p2a: Tyranitar|Ice Punch|p1a: Rillaboom
|-supereffective|p1a: Rillaboom
|-damage|p1a: Rillaboom|0 fnt
|faint|p1a: Rillaboom
|
|-weather|Sandstorm|[upkeep]
|-damage|p2a: Tyranitar|30/100 par|[from] Sandstorm
|upkeep
|
|t:|1757797957
|switch|p1a: Walking Wake|Walking Wake|22/100
|turn|21
|
|t:|1757797971
|move|p1a: Walking Wake|Dragon Pulse|p2a: Tyranitar
|-damage|p2a: Tyranitar|0 fnt
|faint|p2a: Tyranitar
|
|-weather|Sandstorm|[upkeep]
|-damage|p1a: Walking Wake|16/100|[from] Sandstorm
|-heal|p1a: Walking Wake|22/100|[from] Grassy Terrain
|upkeep
|
|t:|1757797975
|switch|p2a: Keldeo|Keldeo-Resolute|78/100
|turn|22
|
|t:|1757797982
|move|p1a: Walking Wake|Dragon Pulse|p2a: Keldeo
|-damage|p2a: Keldeo|31/100
|move|p2a: Keldeo|Surf|p1a: Walking Wake
|-resisted|p1a: Walking Wake
|-damage|p1a: Walking Wake|1/100
|
|-weather|Sandstorm|[upkeep]
|-damage|p1a: Walking Wake|0 fnt|[from] Sandstorm
|-damage|p2a: Keldeo|25/100|[from] Sandstorm
|faint|p1a: Walking Wake
|-end|p1a: Walking Wake|Protosynthesis|[silent]
|-heal|p2a: Keldeo|31/100|[from] Grassy Terrain
|-fieldend|move: Grassy Terrain
|upkeep
|
|t:|1757797986
|switch|p1a: Torkoal|Torkoal, M|100/100
|-weather|SunnyDay|[from] ability: Drought|[of] p1a: Torkoal
|turn|23
|
|t:|1757797990
|move|p2a: Keldeo|Surf|p1a: Torkoal
|-supereffective|p1a: Torkoal
|-crit|p1a: Torkoal
|-damage|p1a: Torkoal|0 fnt
|faint|p1a: Torkoal
|
|-weather|SunnyDay|[upkeep]
|upkeep
|
|t:|1757797993
|switch|p1a: Great Tusk|Great Tusk|100/100
|-activate|p1a: Great Tusk|ability: Protosynthesis
|-start|p1a: Great Tusk|protosynthesisspe
|turn|24
|
|t:|1757797997
|move|p1a: Great Tusk|Headlong Rush|p2a: Keldeo
|-damage|p2a: Keldeo|0 fnt
|-unboost|p1a: Great Tusk|def|1
|-unboost|p1a: Great Tusk|spd|1
|faint|p2a: Keldeo
|
|win|bidooofer
|raw|bidooofer's rating: 1684 &rarr; <strong>1707</strong><br />(+23 for winning)
|raw|3idk's rating: 1729 &rarr; <strong>1706</strong><br />(-23 for losing)
|l|‽bidooofer
|player|p1|
|l|☆3idk
|player|p2|
