|j|☆orange_blue_10
|j|☆Docter_Peng99
|t:|1757946863
|gametype|singles
|player|p1|orange_blue_10|2|1323
|player|p2|Docter_Peng99|drayton|1350
|gen|9
|tier|[Gen 9] OU
|rated|
|rule|HP Percentage Mod: HP is shown in percentages
|rule|Endless Battle Clause: Forcing endless battles is banned
|rule|Species Clause: Limit one of each Pokémon
|rule|OHKO Clause: OHKO moves are banned
|rule|Evasion Items Clause: Evasion items are banned
|rule|Evasion Moves Clause: Evasion moves are banned
|rule|Evasion Abilities Clause: Evasion abilities are banned
|rule|Sleep Moves Clause: Sleep-inducing moves are banned
|clearpoke
|poke|p1|Charizard, M|
|poke|p1|Walking Wake|
|poke|p1|Venusaur, F|
|poke|p1|Great Tusk|
|poke|p1|Glimmora, M|
|poke|p1|Ninetales, F|
|poke|p2|Gliscor, M|
|poke|p2|Iron Crown|
|poke|p2|Primarina, F|
|poke|p2|Great Tusk|
|poke|p2|Skeledirge, M|
|poke|p2|Kingambit, M|
|teampreview
|
|t:|1757946875
|teamsize|p1|6
|teamsize|p2|6
|start
|switch|p1a: Ninetales|Ninetales, F|100/100
|switch|p2a: Darkwing|Gliscor, M|100/100
|-weather|SunnyDay|[from] ability: Drought|[of] p1a: Ninetales
|turn|1
|
|t:|1757946884
|switch|p1a: Charizard|Charizard, M|100/100
|move|p2a: Darkwing|Protect||[still]
|-fail|p2a: Darkwing
|
|-weather|SunnyDay|[upkeep]
|-damage|p1a: Charizard|88/100|[from] ability: Solar Power|[of] p1a: Charizard
|-status|p2a: Darkwing|tox|[from] item: Toxic Orb
|upkeep
|turn|2
|inactive|Battle timer is ON: inactive players will automatically lose when time's up. (requested by orange_blue_10)
|
|t:|1757946906
|move|p1a: Charizard|Fire Blast|p2a: Darkwing
|-damage|p2a: Darkwing|0 fnt
|faint|p2a: Darkwing
|
|-weather|SunnyDay|[upkeep]
|-damage|p1a: Charizard|76/100|[from] ability: Solar Power|[of] p1a: Charizard
|upkeep
|
|t:|1757946910
|switch|p2a: Shirahoshi|Primarina, F|100/100
|turn|3
|
|t:|1757946917
|move|p1a: Charizard|Solar Beam||[still]
|-prepare|p1a: Charizard|Solar Beam
|-anim|p1a: Charizard|Solar Beam|p2a: Shirahoshi
|-supereffective|p2a: Shirahoshi
|-damage|p2a: Shirahoshi|30/100
|move|p2a: Shirahoshi|Surf|p1a: Charizard
|-supereffective|p1a: Charizard
|-damage|p1a: Charizard|0 fnt
|faint|p1a: Charizard
|
|-weather|SunnyDay|[upkeep]
|upkeep
|
|t:|1757946930
|switch|p1a: Venusaur|Venusaur, F|100/100
|turn|4
|
|t:|1757946936
|move|p1a: Venusaur|Sludge Bomb|p2a: Shirahoshi
|-supereffective|p2a: Shirahoshi
|-damage|p2a: Shirahoshi|0 fnt
|faint|p2a: Shirahoshi
|
|-weather|SunnyDay|[upkeep]
|upkeep
|
|t:|1757946938
|switch|p2a: Nightmare|Skeledirge, M|100/100
|turn|5
|
|t:|1757946947
|switch|p1a: Walking Wake|Walking Wake|100/100
|-activate|p1a: Walking Wake|ability: Protosynthesis
|-start|p1a: Walking Wake|protosynthesisspe
|move|p2a: Nightmare|Torch Song|p1a: Walking Wake
|-resisted|p1a: Walking Wake
|-damage|p1a: Walking Wake|88/100
|-boost|p2a: Nightmare|spa|1
|
|-weather|SunnyDay|[upkeep]
|upkeep
|turn|6
|
|t:|1757946959
|move|p1a: Walking Wake|Hydro Steam|p2a: Nightmare
|-supereffective|p2a: Nightmare
|-damage|p2a: Nightmare|0 fnt
|faint|p2a: Nightmare
|-damage|p1a: Walking Wake|78/100|[from] item: Life Orb
|
|-weather|SunnyDay|[upkeep]
|upkeep
|
|t:|1757946963
|switch|p2a: Iron Judgement|Iron Crown|100/100
|turn|7
|
|t:|1757946970
|move|p1a: Walking Wake|Flamethrower|p2a: Iron Judgement
|-supereffective|p2a: Iron Judgement
|-damage|p2a: Iron Judgement|24/100
|-damage|p1a: Walking Wake|68/100|[from] item: Life Orb
|move|p2a: Iron Judgement|Tachyon Cutter|p1a: Walking Wake
|-resisted|p1a: Walking Wake
|-damage|p1a: Walking Wake|54/100
|-resisted|p1a: Walking Wake
|-damage|p1a: Walking Wake|40/100
|-hitcount|p1a: Walking Wake|2
|
|-weather|SunnyDay|[upkeep]
|upkeep
|turn|8
|
|t:|1757946982
|move|p1a: Walking Wake|Flamethrower|p2a: Iron Judgement
|-supereffective|p2a: Iron Judgement
|-damage|p2a: Iron Judgement|0 fnt
|faint|p2a: Iron Judgement
|-end|p2a: Iron Judgement|Quark Drive|[silent]
|-damage|p1a: Walking Wake|30/100|[from] item: Life Orb
|
|-weather|none
|-end|p1a: Walking Wake|Protosynthesis
|upkeep
|
|t:|1757946985
|switch|p2a: Ancient Elephant|Great Tusk|100/100
|turn|9
|
|t:|1757946995
|move|p1a: Walking Wake|Hydro Steam|p2a: Ancient Elephant
|-supereffective|p2a: Ancient Elephant
|-damage|p2a: Ancient Elephant|0 fnt
|faint|p2a: Ancient Elephant
|-end|p2a: Ancient Elephant|Protosynthesis|[silent]
|-damage|p1a: Walking Wake|20/100|[from] item: Life Orb
|
|upkeep
|
|t:|1757946998
|switch|p2a: Checkmate|Kingambit, M, shiny|100/100
|-activate|p2a: Checkmate|ability: Supreme Overlord
|-start|p2a: Checkmate|fallen5|[silent]
|turn|10
|-message|Docter_Peng99 forfeited.
|
|win|orange_blue_10
|raw|orange_blue_10's rating: 1323 &rarr; <strong>1345</strong><br />(+22 for winning)
|raw|Docter_Peng99's rating: 1350 &rarr; <strong>1328</strong><br />(-22 for losing)
|l|☆Docter_Peng99
|player|p2|
|l|☆orange_blue_10
|player|p1|
