|j|☆intelPearl
|j|☆hongbong
|t:|1757900381
|gametype|singles
|player|p1|intelPearl|bellelba|1542
|player|p2|hongbong|n|1504
|gen|9
|tier|[Gen 9] OU
|rated|
|rule|HP Percentage Mod: HP is shown in percentages
|rule|Endless Battle Clause: Forcing endless battles is banned
|rule|Species Clause: Limit one of each Pokémon
|rule|OHKO Clause: OHKO moves are banned
|rule|Evasion Items Clause: Evasion items are banned
|rule|Evasion Moves Clause: Evasion moves are banned
|rule|Evasion Abilities Clause: Evasion abilities are banned
|rule|Sleep Moves Clause: Sleep-inducing moves are banned
|clearpoke
|poke|p1|Enamorus, F|
|poke|p1|Samurott-Hisui, F|
|poke|p1|Alomomola, F|
|poke|p1|Primarina, M|
|poke|p1|Kyurem|
|poke|p1|Great Tusk|
|poke|p2|Blaziken, F|
|poke|p2|Tentacruel, F|
|poke|p2|Zoroark-Hisui, M|
|poke|p2|Lycanroc-Dusk, F|
|poke|p2|Ogerpon, F|
|poke|p2|Hoopa-Unbound|
|teampreview
|inactive|Battle timer is ON: inactive players will automatically lose when time's up. (requested by hongbong)
|inactive|intelPearl has 120 seconds left.
|
|t:|1757900442
|teamsize|p1|6
|teamsize|p2|6
|start
|switch|p1a: Samurott|Samurott-Hisui, F|100/100
|switch|p2a: Ogerpon|Ogerpon, F|100/100
|turn|1
|
|t:|1757900445
|move|p2a: Ogerpon|U-turn|p1a: Samurott
|-supereffective|p1a: Samurott
|-damage|p1a: Samurott|8/100
|
|t:|1757900447
|switch|p2a: Tentacruel|Tentacruel, F|100/100|[from] U-turn
|move|p1a: Samurott|Ceaseless Edge|p2a: Tentacruel|[miss]
|-miss|p1a: Samurott|p2a: Tentacruel
|
|upkeep
|turn|2
|c|☆hongbong|sry
|
|t:|1757900468
|move|p1a: Samurott|Ceaseless Edge|p2a: Tentacruel
|-damage|p2a: Tentacruel|55/100
|-sidestart|p2: hongbong|Spikes
|move|p2a: Tentacruel|Rapid Spin|p1a: Samurott
|-damage|p1a: Samurott|0 fnt
|-boost|p2a: Tentacruel|spe|1
|-sideend|p2: hongbong|Spikes|[from] move: Rapid Spin|[of] p2a: Tentacruel
|faint|p1a: Samurott
|
|upkeep
|c|☆intelPearl|all good
|
|t:|1757900480
|switch|p1a: Kyurem|Kyurem|100/100
|-ability|p1a: Kyurem|Pressure
|turn|3
|
|t:|1757900486
|move|p2a: Tentacruel|Sludge Bomb|p1a: Kyurem
|-damage|p1a: Kyurem|74/100
|-status|p1a: Kyurem|psn
|move|p1a: Kyurem|Dragon Dance|p1a: Kyurem
|-boost|p1a: Kyurem|atk|1
|-boost|p1a: Kyurem|spe|1
|
|-damage|p1a: Kyurem|61/100 psn|[from] psn
|upkeep
|turn|4
|inactive|intelPearl has 120 seconds left.
|
|t:|1757900519
|move|p1a: Kyurem|Icicle Spear|p2a: Tentacruel
|-resisted|p2a: Tentacruel
|-damage|p2a: Tentacruel|45/100
|-resisted|p2a: Tentacruel
|-damage|p2a: Tentacruel|34/100
|-hitcount|p2a: Tentacruel|2
|move|p2a: Tentacruel|Flip Turn|p1a: Kyurem
|-resisted|p1a: Kyurem
|-damage|p1a: Kyurem|54/100 psn
|
|t:|1757900522
|switch|p2a: Lycanroc|Lycanroc-Dusk, F|100/100|[from] Flip Turn
|
|-damage|p1a: Kyurem|41/100 psn|[from] psn
|upkeep
|turn|5
|
|t:|1757900527
|switch|p1a: Great Tusk|Great Tusk|100/100
|move|p2a: Lycanroc|Accelerock|p1a: Great Tusk
|-resisted|p1a: Great Tusk
|-damage|p1a: Great Tusk|96/100
|
|upkeep
|turn|6
|
|t:|1757900535
|switch|p2a: Ogerpon|Ogerpon, F|100/100
|move|p1a: Great Tusk|Close Combat|p2a: Ogerpon
|-crit|p2a: Ogerpon
|-damage|p2a: Ogerpon|0 fnt
|-unboost|p1a: Great Tusk|def|1
|-unboost|p1a: Great Tusk|spd|1
|faint|p2a: Ogerpon
|
|upkeep
|
|t:|1757900555
|switch|p2a: Tentacruel|Tentacruel, F|100/100
|turn|7
|
|t:|1757900560
|move|p2a: Tentacruel|Hyper Voice|p1a: Great Tusk
|-damage|p1a: Great Tusk|0 fnt
|faint|p1a: Great Tusk
|-end|p1a: Great Tusk|Protosynthesis|[silent]
|
|upkeep
|
|t:|1757900570
|switch|p1a: Primarina|Primarina, M|100/100
|turn|8
|
|t:|1757900574
|switch|p2a: Tentacruel|Tentacruel, F|34/100
|move|p1a: Primarina|Calm Mind|p1a: Primarina
|-boost|p1a: Primarina|spa|1
|-boost|p1a: Primarina|spd|1
|
|upkeep
|turn|9
|
|t:|1757900581
|-terastallize|p1a: Primarina|Poison
|move|p2a: Tentacruel|Sludge Bomb|p1a: Primarina
|-resisted|p1a: Primarina
|-damage|p1a: Primarina|93/100
|move|p1a: Primarina|Substitute|p1a: Primarina
|-start|p1a: Primarina|Substitute
|-damage|p1a: Primarina|68/100
|
|-heal|p1a: Primarina|74/100|[from] item: Leftovers
|upkeep
|turn|10
|
|t:|1757900585
|move|p2a: Tentacruel|Flip Turn|p1a: Primarina
|-activate|p1a: Primarina|move: Substitute|[damage]
|
|t:|1757900592
|switch|p2a: Blaziken|Blaziken, F|100/100|[from] Flip Turn
|move|p1a: Primarina|Calm Mind|p1a: Primarina
|-boost|p1a: Primarina|spa|1
|-boost|p1a: Primarina|spd|1
|
|-heal|p1a: Primarina|80/100|[from] item: Leftovers
|upkeep
|turn|11
|
|t:|1757900604
|move|p2a: Blaziken|Knock Off|p1a: Primarina
|-end|p1a: Primarina|Substitute
|move|p1a: Primarina|Surf|p2a: Blaziken
|-supereffective|p2a: Blaziken
|-damage|p2a: Blaziken|0 fnt
|faint|p2a: Blaziken
|
|-heal|p1a: Primarina|86/100|[from] item: Leftovers
|upkeep
|
|t:|1757900611
|switch|p2a: Lycanroc|Lycanroc-Dusk, F|100/100
|turn|12
|
|t:|1757900616
|move|p2a: Lycanroc|Stone Edge|p1a: Primarina
|-damage|p1a: Primarina|45/100
|move|p1a: Primarina|Surf|p2a: Lycanroc
|-supereffective|p2a: Lycanroc
|-enditem|p2a: Lycanroc|Focus Sash
|-damage|p2a: Lycanroc|1/100
|
|-heal|p1a: Primarina|51/100|[from] item: Leftovers
|upkeep
|turn|13
|
|t:|1757900622
|switch|p1a: Alomomola|Alomomola, F|100/100
|move|p2a: Lycanroc|Endeavor|p1a: Alomomola
|-damage|p1a: Alomomola|1/100
|
|upkeep
|turn|14
|
|t:|1757900629
|switch|p1a: Kyurem|Kyurem|41/100 psn
|-ability|p1a: Kyurem|Pressure
|move|p2a: Lycanroc|Stone Edge|p1a: Kyurem|[miss]
|-miss|p2a: Lycanroc|p1a: Kyurem
|
|-damage|p1a: Kyurem|29/100 psn|[from] psn
|upkeep
|turn|15
|
|t:|1757900632
|move|p2a: Lycanroc|Accelerock|p1a: Kyurem
|-supereffective|p1a: Kyurem
|-damage|p1a: Kyurem|0 fnt
|faint|p1a: Kyurem
|
|upkeep
|
|t:|1757900641
|switch|p1a: Alomomola|Alomomola, F|34/100
|turn|16
|
|t:|1757900644
|move|p2a: Lycanroc|Stone Edge|p1a: Alomomola
|-damage|p1a: Alomomola|10/100
|move|p1a: Alomomola|Flip Turn|p2a: Lycanroc
|-supereffective|p2a: Lycanroc
|-damage|p2a: Lycanroc|0 fnt
|faint|p2a: Lycanroc
|inactive|intelPearl has 120 seconds left.
|
|t:|1757900675
|switch|p1a: Primarina|Primarina, M, tera:Poison|51/100|[from] Flip Turn
|
|-heal|p1a: Primarina|57/100|[from] item: Leftovers
|upkeep
|
|t:|1757900679
|switch|p2a: Hoopa|Hoopa-Unbound|100/100
|turn|17
|inactive|intelPearl has 120 seconds left.
|
|t:|1757900716
|switch|p1a: Alomomola|Alomomola, F|43/100
|move|p2a: Hoopa|Psyshock|p1a: Alomomola
|-damage|p1a: Alomomola|14/100
|
|upkeep
|turn|18
|
|t:|1757900724
|switch|p1a: Enamorus|Enamorus, F|100/100
|move|p2a: Hoopa|Nasty Plot|p2a: Hoopa
|-boost|p2a: Hoopa|spa|2
|
|upkeep
|turn|19
|
|t:|1757900728
|-terastallize|p2a: Hoopa|Steel
|move|p1a: Enamorus|Moonblast|p2a: Hoopa
|-resisted|p2a: Hoopa
|-damage|p2a: Hoopa|77/100
|move|p2a: Hoopa|Psyshock|p1a: Enamorus
|-damage|p1a: Enamorus|0 fnt
|faint|p1a: Enamorus
|
|upkeep
|
|t:|1757900731
|switch|p1a: Alomomola|Alomomola, F|47/100
|turn|20
|
|t:|1757900735
|move|p2a: Hoopa|Dark Pulse|p1a: Alomomola
|-damage|p1a: Alomomola|0 fnt
|faint|p1a: Alomomola
|
|upkeep
|
|t:|1757900738
|switch|p1a: Primarina|Primarina, M, tera:Poison|57/100
|turn|21
|
|t:|1757900740
|move|p2a: Hoopa|Psyshock|p1a: Primarina
|-supereffective|p1a: Primarina
|-damage|p1a: Primarina|0 fnt
|faint|p1a: Primarina
|
|win|hongbong
|raw|intelPearl's rating: 1567 &rarr; <strong>1543</strong><br />(-24 for losing)
|raw|hongbong's rating: 1504 &rarr; <strong>1528</strong><br />(+24 for winning)
|l|☆intelPearl
|player|p1|
|l|☆hongbong
|player|p2|
