|j|☆randomsGoat
|j|☆jakeythot
|t:|1757923791
|gametype|singles
|player|p1|randomsGoat|169|1328
|player|p2|jakeythot|170|1256
|gen|9
|tier|[Gen 9] OU
|rated|
|rule|HP Percentage Mod: HP is shown in percentages
|rule|Endless Battle Clause: Forcing endless battles is banned
|rule|Species Clause: Limit one of each Pokémon
|rule|OHKO Clause: OHKO moves are banned
|rule|Evasion Items Clause: Evasion items are banned
|rule|Evasion Moves Clause: Evasion moves are banned
|rule|Evasion Abilities Clause: Evasion abilities are banned
|rule|Sleep Moves Clause: Sleep-inducing moves are banned
|clearpoke
|poke|p1|Scizor, F|
|poke|p1|Garchomp, M|
|poke|p1|Moltres|
|poke|p1|Hatterene, F|
|poke|p1|Pecharunt|
|poke|p1|Ogerpon-Wellspring, F|
|poke|p2|Clefable, M|
|poke|p2|Gliscor, M|
|poke|p2|Slowking-Galar, M|
|poke|p2|Skarmory, M|
|poke|p2|Kilowattrel, M|
|poke|p2|Serperior, F|
|teampreview
|inactive|Battle timer is ON: inactive players will automatically lose when time's up. (requested by randomsGoat)
|
|t:|1757923813
|teamsize|p1|6
|teamsize|p2|6
|start
|switch|p1a: Garchomp|Garchomp, M|100/100
|switch|p2a: Slowking|Slowking-Galar, M|100/100
|turn|1
|
|t:|1757923821
|move|p2a: Slowking|Psychic|p1a: Garchomp
|-damage|p1a: Garchomp|50/100
|move|p1a: Garchomp|Dragon Tail|p2a: Slowking
|-damage|p2a: Slowking|67/100
|drag|p2a: Serperior|Serperior, F, shiny|100/100
|
|upkeep
|turn|2
|
|t:|1757923831
|switch|p1a: Moltres|Moltres|100/100
|move|p2a: Serperior|Leaf Storm|p1a: Moltres
|-resisted|p1a: Moltres
|-damage|p1a: Moltres|90/100
|-boost|p2a: Serperior|spa|2
|
|upkeep
|turn|3
|
|t:|1757923850
|switch|p2a: Slowking|Slowking-Galar, M|99/100
|move|p1a: Moltres|Flamethrower|p2a: Slowking
|-damage|p2a: Slowking|75/100
|
|upkeep
|turn|4
|
|t:|1757923863
|move|p1a: Moltres|U-turn|p2a: Slowking
|-crit|p2a: Slowking
|-damage|p2a: Slowking|50/100
|
|t:|1757923868
|switch|p1a: Hatterene|Hatterene, F|100/100|[from] U-turn
|move|p2a: Slowking|Psychic|p1a: Hatterene
|-resisted|p1a: Hatterene
|-damage|p1a: Hatterene|77/100
|-enditem|p1a: Hatterene|Eject Button
|
|t:|1757923883
|switch|p1a: Scizor|Scizor, F|100/100
|
|upkeep
|turn|5
|
|t:|1757923894
|move|p1a: Scizor|U-turn|p2a: Slowking
|-damage|p2a: Slowking|0 fnt
|faint|p2a: Slowking
|
|t:|1757923899
|switch|p1a: Pecharunt|Pecharunt|100/100|[from] U-turn
|
|upkeep
|
|t:|1757923909
|switch|p2a: Gliscor|Gliscor, M, shiny|100/100
|turn|6
|
|t:|1757923923
|switch|p1a: Hatterene|Hatterene, F|77/100
|move|p2a: Gliscor|Swords Dance|p2a: Gliscor
|-boost|p2a: Gliscor|atk|2
|
|-status|p2a: Gliscor|tox|[from] item: Toxic Orb
|upkeep
|turn|7
|
|t:|1757923932
|move|p2a: Gliscor|Agility|p2a: Gliscor
|-boost|p2a: Gliscor|spe|2
|move|p1a: Hatterene|Psychic Noise|p2a: Gliscor
|-damage|p2a: Gliscor|38/100 tox
|-start|p2a: Gliscor|move: Heal Block
|
|upkeep
|turn|8
|
|t:|1757923952
|move|p2a: Gliscor|Earthquake|p1a: Hatterene
|-damage|p1a: Hatterene|0 fnt
|faint|p1a: Hatterene
|
|-end|p2a: Gliscor|move: Heal Block
|upkeep
|
|t:|1757923961
|switch|p1a: Scizor|Scizor, F|100/100
|turn|9
|
|t:|1757923972
|-terastallize|p2a: Gliscor|Poison
|move|p1a: Scizor|Bullet Punch|p2a: Gliscor
|-damage|p2a: Gliscor|0 fnt
|faint|p2a: Gliscor
|
|upkeep
|
|t:|1757923978
|switch|p2a: Skarmory|Skarmory, M|100/100
|turn|10
|
|t:|1757923986
|switch|p1a: Moltres|Moltres|90/100
|move|p2a: Skarmory|Spikes|p1a: Moltres
|-sidestart|p1: randomsGoat|Spikes
|
|upkeep
|turn|11
|
|t:|1757923995
|switch|p2a: Clefable|Clefable, M, shiny|100/100
|move|p1a: Moltres|Flamethrower|p2a: Clefable
|-damage|p2a: Clefable|69/100
|
|-heal|p2a: Clefable|75/100|[from] item: Leftovers
|upkeep
|turn|12
|
|t:|1757924000
|move|p1a: Moltres|U-turn|p2a: Clefable
|-resisted|p2a: Clefable
|-damage|p2a: Clefable|68/100
|
|t:|1757924004
|switch|p1a: Pecharunt|Pecharunt|100/100|[from] U-turn
|-damage|p1a: Pecharunt|88/100|[from] Spikes
|move|p2a: Clefable|Thunder Wave|p1a: Pecharunt
|-status|p1a: Pecharunt|par
|
|-heal|p2a: Clefable|74/100|[from] item: Leftovers
|-heal|p1a: Pecharunt|94/100 par|[from] item: Leftovers
|upkeep
|turn|13
|
|t:|1757924010
|move|p2a: Clefable|Stealth Rock|p1a: Pecharunt
|-sidestart|p1: randomsGoat|move: Stealth Rock
|move|p1a: Pecharunt|Parting Shot|p2a: Clefable
|-unboost|p2a: Clefable|atk|1
|-unboost|p2a: Clefable|spa|1
|
|t:|1757924013
|switch|p1a: Scizor|Scizor, F|100/100|[from] Parting Shot
|-damage|p1a: Scizor|88/100|[from] Spikes
|-damage|p1a: Scizor|76/100|[from] Stealth Rock
|
|-heal|p2a: Clefable|80/100|[from] item: Leftovers
|upkeep
|turn|14
|
|t:|1757924022
|move|p1a: Scizor|Knock Off|p2a: Clefable
|-resisted|p2a: Clefable
|-damage|p2a: Clefable|51/100
|-enditem|p2a: Clefable|Leftovers|[from] move: Knock Off|[of] p1a: Scizor
|move|p2a: Clefable|Thunder Wave|p1a: Scizor
|-status|p1a: Scizor|par
|
|upkeep
|turn|15
|
|t:|1757924031
|move|p2a: Clefable|Moonlight|p2a: Clefable
|-heal|p2a: Clefable|100/100
|cant|p1a: Scizor|par
|
|upkeep
|turn|16
|
|t:|1757924036
|switch|p2a: Skarmory|Skarmory, M|100/100
|switch|p1a: Pecharunt|Pecharunt|94/100 par
|-damage|p1a: Pecharunt|82/100 par|[from] Spikes
|-damage|p1a: Pecharunt|69/100 par|[from] Stealth Rock
|
|-heal|p1a: Pecharunt|75/100 par|[from] item: Leftovers
|upkeep
|turn|17
|
|t:|1757924043
|move|p2a: Skarmory|Spikes|p1a: Pecharunt
|-sidestart|p1: randomsGoat|Spikes
|move|p1a: Pecharunt|Parting Shot|p2a: Skarmory
|-unboost|p2a: Skarmory|atk|1
|-unboost|p2a: Skarmory|spa|1
|
|t:|1757924047
|switch|p1a: Moltres|Moltres|90/100|[from] Parting Shot
|
|upkeep
|turn|18
|
|t:|1757924052
|switch|p2a: Clefable|Clefable, M, shiny|100/100
|move|p1a: Moltres|Hurricane|p2a: Clefable
|-damage|p2a: Clefable|59/100
|-start|p2a: Clefable|confusion
|
|upkeep
|turn|19
|
|t:|1757924066
|move|p1a: Moltres|Hurricane|p2a: Clefable
|-damage|p2a: Clefable|19/100
|-activate|p2a: Clefable|confusion
|move|p2a: Clefable|Thunder Wave|p1a: Moltres
|-status|p1a: Moltres|par
|
|upkeep
|turn|20
|
|t:|1757924072
|-activate|p2a: Clefable|confusion
|move|p2a: Clefable|Moonlight|p2a: Clefable
|-heal|p2a: Clefable|69/100
|cant|p1a: Moltres|par
|
|upkeep
|turn|21
|
|t:|1757924080
|switch|p2a: Kilowattrel|Kilowattrel, M|100/100
|move|p1a: Moltres|Hurricane|p2a: Kilowattrel
|-resisted|p2a: Kilowattrel
|-damage|p2a: Kilowattrel|44/100
|-start|p2a: Kilowattrel|confusion
|
|upkeep
|turn|22
|
|t:|1757924088
|-activate|p2a: Kilowattrel|confusion
|move|p2a: Kilowattrel|Air Slash|p1a: Moltres
|-damage|p1a: Moltres|35/100 par
|cant|p1a: Moltres|flinch
|
|upkeep
|turn|23
|
|t:|1757924094
|-end|p2a: Kilowattrel|confusion
|move|p2a: Kilowattrel|Air Slash|p1a: Moltres
|-damage|p1a: Moltres|0 fnt
|faint|p1a: Moltres
|
|upkeep
|
|t:|1757924100
|switch|p1a: Scizor|Scizor, F|76/100 par
|-damage|p1a: Scizor|59/100 par|[from] Spikes
|-damage|p1a: Scizor|47/100 par|[from] Stealth Rock
|turn|24
|
|t:|1757924104
|switch|p2a: Skarmory|Skarmory, M|100/100
|move|p1a: Scizor|Bullet Punch|p2a: Skarmory
|-resisted|p2a: Skarmory
|-damage|p2a: Skarmory|85/100
|
|-heal|p2a: Skarmory|91/100|[from] item: Leftovers
|upkeep
|turn|25
|
|t:|1757924112
|switch|p1a: Ogerpon|Ogerpon-Wellspring, F|100/100
|-damage|p1a: Ogerpon|84/100|[from] Spikes
|-damage|p1a: Ogerpon|72/100|[from] Stealth Rock
|move|p2a: Skarmory|Whirlwind|p1a: Ogerpon
|drag|p1a: Garchomp|Garchomp, M|50/100
|-damage|p1a: Garchomp|34/100|[from] Spikes
|-damage|p1a: Garchomp|27/100|[from] Stealth Rock
|
|-heal|p2a: Skarmory|97/100|[from] item: Leftovers
|upkeep
|turn|26
|
|t:|1757924125
|move|p2a: Skarmory|Spikes|p1a: Garchomp
|-sidestart|p1: randomsGoat|Spikes
|move|p1a: Garchomp|Dragon Tail|p2a: Skarmory
|-resisted|p2a: Skarmory
|-damage|p2a: Skarmory|88/100
|drag|p2a: Kilowattrel|Kilowattrel, M|44/100
|
|upkeep
|turn|27
|
|t:|1757924134
|move|p2a: Kilowattrel|Air Slash|p1a: Garchomp
|-damage|p1a: Garchomp|0 fnt
|faint|p1a: Garchomp
|
|upkeep
|-message|randomsGoat forfeited.
|
|win|jakeythot
|raw|randomsGoat's rating: 1328 &rarr; <strong>1304</strong><br />(-24 for losing)
|raw|jakeythot's rating: 1256 &rarr; <strong>1286</strong><br />(+30 for winning)
|l|☆randomsGoat
|player|p1|
|l|☆jakeythot
|player|p2|
