|j|☆kenjihibiki
|j|☆sminey
|t:|1757786762
|gametype|singles
|player|p1|kenjihibiki|hilbert|1410
|player|p2|sminey|102|1515
|gen|9
|tier|[Gen 9] OU
|rated|
|rule|HP Percentage Mod: HP is shown in percentages
|rule|Endless Battle Clause: Forcing endless battles is banned
|rule|Species Clause: Limit one of each Pokémon
|rule|OHKO Clause: OHKO moves are banned
|rule|Evasion Items Clause: Evasion items are banned
|rule|Evasion Moves Clause: Evasion moves are banned
|rule|Evasion Abilities Clause: Evasion abilities are banned
|rule|Sleep Moves Clause: Sleep-inducing moves are banned
|clearpoke
|poke|p1|Pelipper, F|
|poke|p1|Kingdra, M|
|poke|p1|Feraligatr, M|
|poke|p1|Raging Bolt|
|poke|p1|Grimmsnarl, M|
|poke|p1|Scizor, M|
|poke|p2|Latios, M|
|poke|p2|Cinderace, M|
|poke|p2|Weavile, F|
|poke|p2|Zapdos|
|poke|p2|Clefable, M|
|poke|p2|Slowking-Galar, F|
|teampreview
|inactive|Battle timer is ON: inactive players will automatically lose when time's up. (requested by kenjihibiki)
|
|t:|1757786776
|teamsize|p1|6
|teamsize|p2|6
|start
|switch|p1a: Pelipper|Pelipper, F|100/100
|switch|p2a: Zapdos|Zapdos|100/100
|-weather|RainDance|[from] ability: Drizzle|[of] p1a: Pelipper
|turn|1
|
|t:|1757786786
|switch|p1a: Raging Bolt|Raging Bolt|100/100
|-enditem|p1a: Raging Bolt|Booster Energy
|-activate|p1a: Raging Bolt|ability: Protosynthesis|[fromitem]
|-start|p1a: Raging Bolt|protosynthesisspa
|move|p2a: Zapdos|Hurricane|p1a: Raging Bolt
|-resisted|p1a: Raging Bolt
|-damage|p1a: Raging Bolt|77/100
|-start|p1a: Raging Bolt|confusion
|
|-weather|RainDance|[upkeep]
|upkeep
|turn|2
|
|t:|1757786800
|switch|p2a: Slowking|Slowking-Galar, F|100/100
|-activate|p1a: Raging Bolt|confusion
|move|p1a: Raging Bolt|Thunderbolt|p2a: Slowking
|-damage|p2a: Slowking|71/100
|
|-weather|RainDance|[upkeep]
|upkeep
|turn|3
|
|t:|1757786812
|-activate|p1a: Raging Bolt|confusion
|move|p1a: Raging Bolt|Draco Meteor|p2a: Slowking
|-damage|p2a: Slowking|29/100
|-unboost|p1a: Raging Bolt|spa|2
|move|p2a: Slowking|Psyshock|p1a: Raging Bolt
|-damage|p1a: Raging Bolt|47/100
|
|-weather|RainDance|[upkeep]
|upkeep
|turn|4
|
|t:|1757786822
|-end|p1a: Raging Bolt|Protosynthesis|[silent]
|switch|p1a: Kingdra|Kingdra, M|100/100
|switch|p2a: Zapdos|Zapdos|100/100
|
|-weather|RainDance|[upkeep]
|upkeep
|turn|5
|
|t:|1757786830
|-terastallize|p1a: Kingdra|Water
|move|p1a: Kingdra|Surf|p2a: Zapdos
|-damage|p2a: Zapdos|0 fnt
|faint|p2a: Zapdos
|
|-weather|RainDance|[upkeep]
|upkeep
|inactive|sminey has 120 seconds left.
|
|t:|1757786861
|switch|p2a: Slowking|Slowking-Galar, F|63/100
|turn|6
|
|t:|1757786864
|move|p1a: Kingdra|Surf|p2a: Slowking
|-damage|p2a: Slowking|14/100
|move|p2a: Slowking|Sludge Bomb|p1a: Kingdra
|-damage|p1a: Kingdra|61/100
|-status|p1a: Kingdra|psn
|
|-weather|RainDance|[upkeep]
|-damage|p1a: Kingdra|49/100 psn|[from] psn
|upkeep
|turn|7
|
|t:|1757786872
|switch|p1a: Scizor|Scizor, M|100/100
|switch|p2a: Latios|Latios, M|100/100
|
|-weather|RainDance|[upkeep]
|upkeep
|turn|8
|
|t:|1757786878
|move|p2a: Latios|Flip Turn|p1a: Scizor
|-damage|p1a: Scizor|84/100
|
|t:|1757786881
|switch|p2a: Cinderace|Cinderace, M|100/100|[from] Flip Turn
|move|p1a: Scizor|U-turn|p2a: Cinderace
|-resisted|p2a: Cinderace
|-damage|p2a: Cinderace|74/100
|
|t:|1757786888
|switch|p1a: Grimmsnarl|Grimmsnarl, M|100/100|[from] U-turn
|
|-weather|none
|upkeep
|turn|9
|
|t:|1757786896
|move|p1a: Grimmsnarl|Parting Shot|p2a: Cinderace
|-unboost|p2a: Cinderace|atk|1
|-unboost|p2a: Cinderace|spa|1
|
|t:|1757786900
|switch|p1a: Pelipper|Pelipper, F|100/100|[from] Parting Shot
|-weather|RainDance|[from] ability: Drizzle|[of] p1a: Pelipper
|move|p2a: Cinderace|Pyro Ball|p1a: Pelipper
|-resisted|p1a: Pelipper
|-damage|p1a: Pelipper|93/100
|
|-weather|RainDance|[upkeep]
|upkeep
|turn|10
|
|t:|1757786908
|move|p2a: Cinderace|U-turn|p1a: Pelipper
|-start|p2a: Cinderace|typechange|Bug|[from] ability: Libero
|-resisted|p1a: Pelipper
|-damage|p1a: Pelipper|84/100
|
|t:|1757786911
|switch|p2a: Latios|Latios, M|100/100|[from] U-turn
|move|p1a: Pelipper|U-turn|p2a: Latios
|-supereffective|p2a: Latios
|-damage|p2a: Latios|79/100
|
|t:|1757786920
|switch|p1a: Scizor|Scizor, M|84/100|[from] U-turn
|
|-weather|RainDance|[upkeep]
|-heal|p1a: Scizor|90/100|[from] item: Leftovers
|upkeep
|turn|11
|
|t:|1757786926
|move|p2a: Latios|Flip Turn|p1a: Scizor
|-damage|p1a: Scizor|72/100
|
|t:|1757786931
|switch|p2a: Cinderace|Cinderace, M|74/100|[from] Flip Turn
|move|p1a: Scizor|U-turn|p2a: Cinderace
|-resisted|p2a: Cinderace
|-damage|p2a: Cinderace|43/100
|
|t:|1757786941
|switch|p1a: Kingdra|Kingdra, M, tera:Water|49/100 psn|[from] U-turn
|
|-weather|RainDance|[upkeep]
|-damage|p1a: Kingdra|36/100 psn|[from] psn
|upkeep
|turn|12
|
|t:|1757786946
|move|p2a: Cinderace|Sucker Punch|p1a: Kingdra
|-start|p2a: Cinderace|typechange|Dark|[from] ability: Libero
|-damage|p1a: Kingdra|0 fnt
|faint|p1a: Kingdra
|
|-weather|RainDance|[upkeep]
|upkeep
|
|t:|1757786953
|switch|p1a: Raging Bolt|Raging Bolt|47/100
|turn|13
|
|t:|1757786957
|move|p1a: Raging Bolt|Thunderclap|p2a: Cinderace
|-crit|p2a: Cinderace
|-damage|p2a: Cinderace|0 fnt
|faint|p2a: Cinderace
|
|-weather|RainDance|[upkeep]
|upkeep
|
|t:|1757786963
|switch|p2a: Slowking|Slowking-Galar, F|47/100
|turn|14
|
|t:|1757786967
|switch|p2a: Clefable|Clefable, M|100/100
|move|p1a: Raging Bolt|Draco Meteor|p2a: Clefable
|-immune|p2a: Clefable
|
|-weather|RainDance|[upkeep]
|upkeep
|turn|15
|
|t:|1757786974
|-end|p1a: Raging Bolt|Protosynthesis|[silent]
|switch|p1a: Grimmsnarl|Grimmsnarl, M|100/100
|switch|p2a: Slowking|Slowking-Galar, F|80/100
|
|-weather|RainDance|[upkeep]
|upkeep
|turn|16
|
|t:|1757786990
|move|p1a: Grimmsnarl|Light Screen|p1a: Grimmsnarl
|-sidestart|p1: kenjihibiki|move: Light Screen
|move|p2a: Slowking|Flamethrower|p1a: Grimmsnarl
|-damage|p1a: Grimmsnarl|96/100
|
|-weather|none
|upkeep
|turn|17
|
|t:|1757786999
|switch|p2a: Clefable|Clefable, M|100/100
|move|p1a: Grimmsnarl|Reflect|p1a: Grimmsnarl
|-sidestart|p1: kenjihibiki|Reflect
|
|upkeep
|turn|18
|
|t:|1757787007
|move|p1a: Grimmsnarl|Parting Shot|p2a: Clefable
|-unboost|p2a: Clefable|atk|1
|-unboost|p2a: Clefable|spa|1
|
|t:|1757787012
|switch|p1a: Pelipper|Pelipper, F|84/100|[from] Parting Shot
|-weather|RainDance|[from] ability: Drizzle|[of] p1a: Pelipper
|move|p2a: Clefable|Calm Mind|p2a: Clefable
|-boost|p2a: Clefable|spa|1
|-boost|p2a: Clefable|spd|1
|
|-weather|RainDance|[upkeep]
|upkeep
|turn|19
|
|t:|1757787020
|move|p1a: Pelipper|U-turn|p2a: Clefable
|-resisted|p2a: Clefable
|-damage|p2a: Clefable|97/100
|
|t:|1757787022
|switch|p1a: Feraligatr|Feraligatr, M|100/100|[from] U-turn
|move|p2a: Clefable|Calm Mind|p2a: Clefable
|-boost|p2a: Clefable|spa|1
|-boost|p2a: Clefable|spd|1
|
|-weather|RainDance|[upkeep]
|upkeep
|turn|20
|
|t:|1757787040
|move|p1a: Feraligatr|Liquidation|p2a: Clefable
|-damage|p2a: Clefable|25/100
|move|p2a: Clefable|Moonblast|p1a: Feraligatr
|-damage|p1a: Feraligatr|69/100
|
|-weather|RainDance|[upkeep]
|upkeep
|turn|21
|
|t:|1757787046
|move|p1a: Feraligatr|Liquidation|p2a: Clefable
|-damage|p2a: Clefable|0 fnt
|faint|p2a: Clefable
|
|-weather|RainDance|[upkeep]
|upkeep
|
|t:|1757787058
|switch|p2a: Weavile|Weavile, F|100/100
|-ability|p2a: Weavile|Pressure
|turn|22
|
|t:|1757787064
|move|p2a: Weavile|Knock Off|p1a: Feraligatr
|-damage|p1a: Feraligatr|45/100
|-enditem|p1a: Feraligatr|Life Orb|[from] move: Knock Off|[of] p2a: Weavile
|move|p1a: Feraligatr|Liquidation|p2a: Weavile
|-damage|p2a: Weavile|0 fnt
|faint|p2a: Weavile
|
|-weather|RainDance|[upkeep]
|upkeep
|
|t:|1757787073
|switch|p2a: Latios|Latios, M|79/100
|turn|23
|
|t:|1757787078
|switch|p1a: Scizor|Scizor, M|72/100
|move|p2a: Latios|Draco Meteor|p1a: Scizor
|-resisted|p1a: Scizor
|-damage|p1a: Scizor|51/100
|-unboost|p2a: Latios|spa|2
|
|-weather|RainDance|[upkeep]
|-heal|p1a: Scizor|57/100|[from] item: Leftovers
|-sideend|p1: kenjihibiki|move: Light Screen
|upkeep
|turn|24
|
|t:|1757787087
|switch|p2a: Slowking|Slowking-Galar, F|100/100
|move|p1a: Scizor|U-turn|p2a: Slowking
|-damage|p2a: Slowking|62/100
|
|t:|1757787092
|switch|p1a: Feraligatr|Feraligatr, M|45/100|[from] U-turn
|
|-weather|RainDance|[upkeep]
|-sideend|p1: kenjihibiki|Reflect
|upkeep
|turn|25
|
|t:|1757787100
|switch|p2a: Latios|Latios, M|79/100
|move|p1a: Feraligatr|Liquidation|p2a: Latios
|-resisted|p2a: Latios
|-damage|p2a: Latios|23/100
|
|-weather|none
|upkeep
|turn|26
|
|t:|1757787108
|switch|p1a: Grimmsnarl|Grimmsnarl, M|96/100
|move|p2a: Latios|Flip Turn|p1a: Grimmsnarl
|-damage|p1a: Grimmsnarl|85/100
|
|t:|1757787110
|switch|p2a: Slowking|Slowking-Galar, F|96/100|[from] Flip Turn
|
|upkeep
|turn|27
|
|t:|1757787116
|move|p1a: Grimmsnarl|Light Screen|p1a: Grimmsnarl
|-sidestart|p1: kenjihibiki|move: Light Screen
|move|p2a: Slowking|Sludge Bomb|p1a: Grimmsnarl
|-supereffective|p1a: Grimmsnarl
|-damage|p1a: Grimmsnarl|57/100
|
|upkeep
|turn|28
|
|t:|1757787129
|move|p1a: Grimmsnarl|Spirit Break|p2a: Slowking
|-resisted|p2a: Slowking
|-damage|p2a: Slowking|79/100
|-unboost|p2a: Slowking|spa|1
|move|p2a: Slowking|Psyshock|p1a: Grimmsnarl
|-immune|p1a: Grimmsnarl
|
|upkeep
|turn|29
|
|t:|1757787136
|move|p1a: Grimmsnarl|Parting Shot|p2a: Slowking
|-unboost|p2a: Slowking|atk|1
|-unboost|p2a: Slowking|spa|1
|
|t:|1757787142
|switch|p1a: Feraligatr|Feraligatr, M|45/100|[from] Parting Shot
|move|p2a: Slowking|Sludge Bomb|p1a: Feraligatr
|-damage|p1a: Feraligatr|34/100
|-status|p1a: Feraligatr|psn
|
|-damage|p1a: Feraligatr|22/100 psn|[from] psn
|upkeep
|turn|30
|
|t:|1757787153
|switch|p2a: Latios|Latios, M|23/100
|move|p1a: Feraligatr|Crunch|p2a: Latios
|-supereffective|p2a: Latios
|-damage|p2a: Latios|0 fnt
|faint|p2a: Latios
|
|-damage|p1a: Feraligatr|10/100 psn|[from] psn
|upkeep
|
|t:|1757787156
|switch|p2a: Slowking|Slowking-Galar, F|100/100
|turn|31
|
|t:|1757787162
|move|p1a: Feraligatr|Crunch|p2a: Slowking
|-supereffective|p2a: Slowking
|-damage|p2a: Slowking|43/100
|move|p2a: Slowking|Flamethrower|p1a: Feraligatr
|-resisted|p1a: Feraligatr
|-damage|p1a: Feraligatr|2/100 psn
|
|-damage|p1a: Feraligatr|0 fnt|[from] psn
|faint|p1a: Feraligatr
|upkeep
|
|t:|1757787170
|switch|p1a: Raging Bolt|Raging Bolt|47/100
|turn|32
|
|t:|1757787174
|move|p1a: Raging Bolt|Thunderbolt|p2a: Slowking
|-damage|p2a: Slowking|20/100
|move|p2a: Slowking|Psyshock|p1a: Raging Bolt
|-damage|p1a: Raging Bolt|32/100
|
|upkeep
|turn|33
|
|t:|1757787179
|move|p1a: Raging Bolt|Thunderbolt|p2a: Slowking
|-damage|p2a: Slowking|0 fnt
|faint|p2a: Slowking
|
|win|kenjihibiki
|raw|kenjihibiki's rating: 1410 &rarr; <strong>1437</strong><br />(+27 for winning)
|raw|sminey's rating: 1537 &rarr; <strong>1510</strong><br />(-27 for losing)
|l|☆sminey
|player|p2|
|l|☆kenjihibiki
|player|p1|
