|j|☆rip_natu
|j|☆datcau
|t:|1757919061
|gametype|singles
|player|p1|rip_natu|hooligans|1099
|player|p2|datcau|101|1118
|gen|9
|tier|[Gen 9] OU
|rated|
|rule|HP Percentage Mod: HP is shown in percentages
|rule|Endless Battle Clause: Forcing endless battles is banned
|rule|Species Clause: Limit one of each Pokémon
|rule|OHKO Clause: OHKO moves are banned
|rule|Evasion Items Clause: Evasion items are banned
|rule|Evasion Moves Clause: Evasion moves are banned
|rule|Evasion Abilities Clause: Evasion abilities are banned
|rule|Sleep Moves Clause: Sleep-inducing moves are banned
|clearpoke
|poke|p1|Iron Valiant|
|poke|p1|Darkrai|
|poke|p1|Iron Treads|
|poke|p1|Dondozo, F|
|poke|p1|Zapdos|
|poke|p1|Slowking-Galar, F|
|poke|p2|Great Tusk|
|poke|p2|Tyranitar, F|
|poke|p2|Hippowdon, F|
|poke|p2|Enamorus, F|
|poke|p2|Florges, F|
|poke|p2|Gliscor, F|
|teampreview
|
|t:|1757919070
|teamsize|p1|6
|teamsize|p2|6
|start
|switch|p1a: Dondozo|Dondozo, F|100/100
|switch|p2a: Great Tusk|Great Tusk|100/100
|turn|1
|
|t:|1757919083
|-end|p2a: Great Tusk|Protosynthesis|[silent]
|switch|p2a: Florges|Florges, F|100/100
|move|p1a: Dondozo|Curse|p1a: Dondozo
|-unboost|p1a: Dondozo|spe|1
|-boost|p1a: Dondozo|atk|1
|-boost|p1a: Dondozo|def|1
|
|upkeep
|turn|2
|
|t:|1757919100
|move|p2a: Florges|Giga Drain|p1a: Dondozo
|-supereffective|p1a: Dondozo
|-damage|p1a: Dondozo|58/100
|move|p1a: Dondozo|Curse|p1a: Dondozo
|-unboost|p1a: Dondozo|spe|1
|-boost|p1a: Dondozo|atk|1
|-boost|p1a: Dondozo|def|1
|
|-heal|p1a: Dondozo|65/100|[from] item: Leftovers
|upkeep
|turn|3
|
|t:|1757919111
|move|p2a: Florges|Giga Drain|p1a: Dondozo
|-supereffective|p1a: Dondozo
|-damage|p1a: Dondozo|26/100
|move|p1a: Dondozo|Curse|p1a: Dondozo
|-unboost|p1a: Dondozo|spe|1
|-boost|p1a: Dondozo|atk|1
|-boost|p1a: Dondozo|def|1
|
|-heal|p1a: Dondozo|32/100|[from] item: Leftovers
|upkeep
|turn|4
|
|t:|1757919125
|switch|p1a: Slowking|Slowking-Galar, F|100/100
|move|p2a: Florges|Giga Drain|p1a: Slowking
|-resisted|p1a: Slowking
|-damage|p1a: Slowking|94/100
|
|upkeep
|turn|5
|
|t:|1757919137
|move|p2a: Florges|Protect|p2a: Florges
|-singleturn|p2a: Florges|Protect
|move|p1a: Slowking|Sludge Bomb|p2a: Florges
|-activate|p2a: Florges|move: Protect
|
|upkeep
|turn|6
|
|t:|1757919158
|move|p2a: Florges|Wish|p2a: Florges
|move|p1a: Slowking|Sludge Bomb|p2a: Florges
|-supereffective|p2a: Florges
|-damage|p2a: Florges|61/100
|
|-heal|p2a: Florges|67/100|[from] item: Leftovers
|upkeep
|turn|7
|
|t:|1757919166
|switch|p2a: Gliscor|Gliscor, F|100/100
|move|p1a: Slowking|Future Sight|p2a: Gliscor
|-start|p1a: Slowking|move: Future Sight
|
|-status|p2a: Gliscor|tox|[from] item: Toxic Orb
|upkeep
|turn|8
|
|t:|1757919179
|move|p2a: Gliscor|Toxic|p1a: Slowking
|-immune|p1a: Slowking
|-prepare|p1a: Slowking|Chilly Reception|[premajor]
|move|p1a: Slowking|Chilly Reception|p1a: Slowking
|-weather|Snowscape
|
|t:|1757919188
|switch|p1a: Darkrai|Darkrai|100/100|[from] Chilly Reception
|
|-weather|Snowscape|[upkeep]
|upkeep
|turn|9
|
|t:|1757919200
|move|p1a: Darkrai|Ice Beam|p2a: Gliscor
|-supereffective|p2a: Gliscor
|-damage|p2a: Gliscor|0 fnt
|faint|p2a: Gliscor
|
|-weather|Snowscape|[upkeep]
|-hint|Future Sight did not hit because the target is fainted.
|upkeep
|
|t:|1757919225
|switch|p2a: Enamorus|Enamorus, F|100/100
|turn|10
|
|t:|1757919233
|move|p1a: Darkrai|Sludge Bomb|p2a: Enamorus
|-supereffective|p2a: Enamorus
|-damage|p2a: Enamorus|4/100
|move|p2a: Enamorus|Superpower|p1a: Darkrai
|-supereffective|p1a: Darkrai
|-damage|p1a: Darkrai|17/100
|-boost|p2a: Enamorus|atk|1
|-boost|p2a: Enamorus|def|1
|
|-weather|Snowscape|[upkeep]
|-heal|p1a: Darkrai|23/100|[from] item: Leftovers
|upkeep
|turn|11
|
|t:|1757919253
|move|p1a: Darkrai|Sludge Bomb|p2a: Enamorus
|-supereffective|p2a: Enamorus
|-damage|p2a: Enamorus|0 fnt
|faint|p2a: Enamorus
|
|-weather|Snowscape|[upkeep]
|-heal|p1a: Darkrai|29/100|[from] item: Leftovers
|upkeep
|
|t:|1757919272
|switch|p2a: Florges|Florges, F|67/100
|turn|12
|-message|datcau forfeited.
|
|win|rip_natu
|raw|rip_natu's rating: 1099 &rarr; <strong>1126</strong><br />(+27 for winning)
|raw|datcau's rating: 1118 &rarr; <strong>1092</strong><br />(-26 for losing)
|l|☆datcau
|player|p2|
