|j|☆LVL62Monoco
|j|☆frifrifri
|t:|1757786398
|gametype|singles
|player|p1|LVL62Monoco|265|1405
|player|p2|frifrifri|blackbelt-gen4dp|1404
|gen|9
|tier|[Gen 9] OU
|rated|
|rule|HP Percentage Mod: HP is shown in percentages
|rule|Endless Battle Clause: Forcing endless battles is banned
|rule|Species Clause: Limit one of each Pokémon
|rule|OHKO Clause: OHKO moves are banned
|rule|Evasion Items Clause: Evasion items are banned
|rule|Evasion Moves Clause: Evasion moves are banned
|rule|Evasion Abilities Clause: Evasion abilities are banned
|rule|Sleep Moves Clause: Sleep-inducing moves are banned
|clearpoke
|poke|p1|Grimmsnarl, M|
|poke|p1|Ursaluna, F|
|poke|p1|Slowbro-Galar, M|
|poke|p1|Iron Hands|
|poke|p1|Kingambit, M|
|poke|p1|Enamorus-Therian, F|
|poke|p2|Hoopa-Unbound|
|poke|p2|Ogerpon-Wellspring, F|
|poke|p2|Cinderace, F|
|poke|p2|Primarina, F|
|poke|p2|Corviknight, F|
|poke|p2|Landorus-Therian, M|
|teampreview
|inactive|Battle timer is ON: inactive players will automatically lose when time's up. (requested by LVL62Monoco)
|
|t:|1757786423
|teamsize|p1|6
|teamsize|p2|6
|start
|switch|p1a: Grimmsnarl|Grimmsnarl, M|100/100
|switch|p2a: Landorus|Landorus-Therian, M|100/100
|-ability|p2a: Landorus|Intimidate|boost
|-unboost|p1a: Grimmsnarl|atk|1
|turn|1
|
|t:|1757786430
|move|p1a: Grimmsnarl|Taunt|p2a: Landorus
|-start|p2a: Landorus|move: Taunt
|move|p2a: Landorus|U-turn|p1a: Grimmsnarl
|-damage|p1a: Grimmsnarl|79/100
|inactive|frifrifri has 120 seconds left.
|
|t:|1757786460
|switch|p2a: Hoopa|Hoopa-Unbound|100/100|[from] U-turn
|
|upkeep
|turn|2
|
|t:|1757786474
|move|p1a: Grimmsnarl|Reflect|p1a: Grimmsnarl
|-sidestart|p1: LVL62Monoco|Reflect
|move|p2a: Hoopa|Tera Blast|p1a: Grimmsnarl
|-damage|p1a: Grimmsnarl|22/100
|
|upkeep
|turn|3
|inactive|frifrifri has 120 seconds left.
|
|t:|1757786510
|switch|p1a: Enamorus|Enamorus-Therian, F|100/100
|move|p2a: Hoopa|Tera Blast|p1a: Enamorus
|-damage|p1a: Enamorus|44/100
|
|upkeep
|turn|4
|
|t:|1757786519
|move|p2a: Hoopa|Tera Blast|p1a: Enamorus
|-damage|p1a: Enamorus|0 fnt
|faint|p1a: Enamorus
|
|upkeep
|
|t:|1757786530
|switch|p1a: Grimmsnarl|Grimmsnarl, M|22/100
|turn|5
|
|t:|1757786533
|move|p1a: Grimmsnarl|Light Screen|p1a: Grimmsnarl
|-sidestart|p1: LVL62Monoco|move: Light Screen
|move|p2a: Hoopa|Tera Blast|p1a: Grimmsnarl
|-damage|p1a: Grimmsnarl|0 fnt
|faint|p1a: Grimmsnarl
|
|upkeep
|
|t:|1757786543
|switch|p1a: Iron Hands|Iron Hands|100/100
|turn|6
|
|t:|1757786566
|switch|p2a: Cinderace|Cinderace, F|100/100
|move|p1a: Iron Hands|Swords Dance|p1a: Iron Hands
|-boost|p1a: Iron Hands|atk|2
|
|upkeep
|turn|7
|-activate|p1a: Iron Hands|item: Quick Claw
|
|t:|1757786574
|move|p1a: Iron Hands|Wild Charge|p2a: Cinderace
|-damage|p2a: Cinderace|0 fnt
|faint|p2a: Cinderace
|-damage|p1a: Iron Hands|83/100|[from] Recoil
|
|upkeep
|
|t:|1757786582
|switch|p2a: Landorus|Landorus-Therian, M|100/100
|-ability|p2a: Landorus|Intimidate|boost
|-unboost|p1a: Iron Hands|atk|1
|turn|8
|
|t:|1757786586
|move|p2a: Landorus|Earthquake|p1a: Iron Hands
|-supereffective|p1a: Iron Hands
|-damage|p1a: Iron Hands|44/100
|move|p1a: Iron Hands|Ice Punch|p2a: Landorus
|-supereffective|p2a: Landorus
|-damage|p2a: Landorus|0 fnt
|faint|p2a: Landorus
|
|upkeep
|inactive|frifrifri has 120 seconds left.
|inactive|frifrifri has 90 seconds left.
|
|t:|1757786642
|switch|p2a: Hoopa|Hoopa-Unbound|100/100
|turn|9
|
|t:|1757786660
|move|p2a: Hoopa|Psychic|p1a: Iron Hands
|-supereffective|p1a: Iron Hands
|-damage|p1a: Iron Hands|0 fnt
|faint|p1a: Iron Hands
|-end|p1a: Iron Hands|Quark Drive|[silent]
|
|-sideend|p1: LVL62Monoco|Reflect
|upkeep
|
|t:|1757786671
|switch|p1a: Kingambit|Kingambit, M|100/100
|-activate|p1a: Kingambit|ability: Supreme Overlord
|-start|p1a: Kingambit|fallen3|[silent]
|turn|10
|
|t:|1757786676
|switch|p2a: Corviknight|Corviknight, F|100/100
|-ability|p2a: Corviknight|Pressure
|move|p1a: Kingambit|Kowtow Cleave|p2a: Corviknight
|-damage|p2a: Corviknight|60/100
|-damage|p1a: Kingambit|84/100|[from] item: Rocky Helmet|[of] p2a: Corviknight
|
|upkeep
|turn|11
|inactive|frifrifri has 120 seconds left.
|-activate|p1a: Kingambit|item: Quick Claw
|
|t:|1757786687
|-terastallize|p1a: Kingambit|Flying
|move|p1a: Kingambit|Swords Dance|p1a: Kingambit
|-boost|p1a: Kingambit|atk|2
|move|p2a: Corviknight|Roost|p2a: Corviknight
|-heal|p2a: Corviknight|100/100
|-singleturn|p2a: Corviknight|move: Roost
|
|upkeep
|turn|12
|inactive|frifrifri has 120 seconds left.
|
|t:|1757786699
|move|p2a: Corviknight|Iron Defense|p2a: Corviknight
|-boost|p2a: Corviknight|def|2
|move|p1a: Kingambit|Kowtow Cleave|p2a: Corviknight
|-crit|p2a: Corviknight
|-damage|p2a: Corviknight|0 fnt
|-damage|p1a: Kingambit|67/100|[from] item: Rocky Helmet|[of] p2a: Corviknight
|faint|p2a: Corviknight
|
|-sideend|p1: LVL62Monoco|move: Light Screen
|upkeep
|inactive|frifrifri has 120 seconds left.
|
|t:|1757786706
|switch|p2a: Hoopa|Hoopa-Unbound|100/100
|turn|13
|-activate|p1a: Kingambit|item: Quick Claw
|
|t:|1757786712
|-terastallize|p2a: Hoopa|Fairy
|move|p1a: Kingambit|Kowtow Cleave|p2a: Hoopa
|-resisted|p2a: Hoopa
|-damage|p2a: Hoopa|0 fnt
|faint|p2a: Hoopa
|
|upkeep
|inactive|frifrifri has 120 seconds left.
|
|t:|1757786723
|switch|p2a: Ogerpon|Ogerpon-Wellspring, F|100/100
|turn|14
|
|t:|1757786732
|move|p2a: Ogerpon|Ivy Cudgel|p1a: Kingambit|[anim] Ivy Cudgel Water
|-damage|p1a: Kingambit|21/100
|move|p1a: Kingambit|Kowtow Cleave|p2a: Ogerpon
|-damage|p2a: Ogerpon|0 fnt
|faint|p2a: Ogerpon
|
|upkeep
|-message|frifrifri forfeited.
|
|win|LVL62Monoco
|raw|LVL62Monoco's rating: 1405 &rarr; <strong>1425</strong><br />(+20 for winning)
|raw|frifrifri's rating: 1404 &rarr; <strong>1384</strong><br />(-20 for losing)
|l|☆frifrifri
|player|p2|
|l|☆LVL62Monoco
|player|p1|
