|j|☆Mr.X&Y97
|j|☆Nexouus
|t:|1757786140
|gametype|singles
|player|p1|Mr.X&Y97|ingo|1505
|player|p2|Nexouus|benga|1443
|gen|9
|tier|[Gen 9] OU
|rated|
|rule|HP Percentage Mod: HP is shown in percentages
|rule|Endless Battle Clause: Forcing endless battles is banned
|rule|Species Clause: Limit one of each Pokémon
|rule|OHKO Clause: OHKO moves are banned
|rule|Evasion Items Clause: Evasion items are banned
|rule|Evasion Moves Clause: Evasion moves are banned
|rule|Evasion Abilities Clause: Evasion abilities are banned
|rule|Sleep Moves Clause: Sleep-inducing moves are banned
|clearpoke
|poke|p1|Cinderace, M|
|poke|p1|Ursaluna, F|
|poke|p1|Torkoal, M|
|poke|p1|Hatterene, F|
|poke|p1|Iron Hands|
|poke|p1|Cresselia, F|
|poke|p2|Iron Moth|
|poke|p2|Kingambit, M|
|poke|p2|Dragonite, M|
|poke|p2|Ogerpon-Cornerstone, F|
|poke|p2|Iron Valiant|
|poke|p2|Raging Bolt|
|teampreview
|inactive|Battle timer is ON: inactive players will automatically lose when time's up. (requested by Mr.X&Y97)
|inactive|Nexouus also wants the timer to be on.
|
|t:|1757786144
|teamsize|p1|6
|teamsize|p2|6
|start
|switch|p1a: Hatterene|Hatterene, F|100/100
|switch|p2a: Ogerpon|Ogerpon-Cornerstone, F|100/100
|turn|1
|
|t:|1757786151
|move|p2a: Ogerpon|Knock Off|p1a: Hatterene
|-damage|p1a: Hatterene|70/100
|-enditem|p1a: Hatterene|Focus Sash|[from] move: Knock Off|[of] p2a: Ogerpon
|move|p1a: Hatterene|Trick Room|p1a: Hatterene
|-fieldstart|move: Trick Room|[of] p1a: Hatterene
|
|upkeep
|turn|2
|
|t:|1757786158
|move|p1a: Hatterene|Psychic|p2a: Ogerpon
|-damage|p2a: Ogerpon|54/100
|move|p2a: Ogerpon|Swords Dance|p2a: Ogerpon
|-boost|p2a: Ogerpon|atk|2
|
|upkeep
|turn|3
|
|t:|1757786165
|move|p1a: Hatterene|Psychic|p2a: Ogerpon
|-damage|p2a: Ogerpon|6/100
|-unboost|p2a: Ogerpon|spd|1
|move|p2a: Ogerpon|Ivy Cudgel|p1a: Hatterene|[anim] Ivy Cudgel Rock
|-damage|p1a: Hatterene|0 fnt
|faint|p1a: Hatterene
|
|upkeep
|
|t:|1757786168
|switch|p1a: Torkoal|Torkoal, M|100/100
|-weather|SunnyDay|[from] ability: Drought|[of] p1a: Torkoal
|turn|4
|
|t:|1757786177
|move|p1a: Torkoal|Eruption|p2a: Ogerpon
|-damage|p2a: Ogerpon|0 fnt
|faint|p2a: Ogerpon
|
|-weather|SunnyDay|[upkeep]
|upkeep
|
|t:|1757786191
|switch|p2a: Iron Valiant|Iron Valiant|100/100
|-enditem|p2a: Iron Valiant|Booster Energy
|-activate|p2a: Iron Valiant|ability: Quark Drive|[fromitem]
|-start|p2a: Iron Valiant|quarkdrivespe
|turn|5
|
|t:|1757786218
|move|p1a: Torkoal|Eruption|p2a: Iron Valiant
|-damage|p2a: Iron Valiant|0 fnt
|faint|p2a: Iron Valiant
|-end|p2a: Iron Valiant|Quark Drive|[silent]
|
|-weather|SunnyDay|[upkeep]
|-fieldend|move: Trick Room
|upkeep
|-message|Nexouus forfeited.
|
|win|Mr.X&Y97
|raw|Mr.X&amp;Y97's rating: 1505 &rarr; <strong>1521</strong><br />(+16 for winning)
|raw|Nexouus's rating: 1443 &rarr; <strong>1427</strong><br />(-16 for losing)
|l|☆Nexouus
|player|p2|
