|j|☆Turducken64
|j|☆lt123vb luxi
|t:|1757908919
|gametype|singles
|player|p1|Turducken64|hiker-gen4|1468
|player|p2|lt123vb luxi|dawn|1425
|gen|9
|tier|[Gen 9] OU
|rated|
|rule|HP Percentage Mod: HP is shown in percentages
|rule|Endless Battle Clause: Forcing endless battles is banned
|rule|Species Clause: Limit one of each Pokémon
|rule|OHKO Clause: OHKO moves are banned
|rule|Evasion Items Clause: Evasion items are banned
|rule|Evasion Moves Clause: Evasion moves are banned
|rule|Evasion Abilities Clause: Evasion abilities are banned
|rule|Sleep Moves Clause: Sleep-inducing moves are banned
|clearpoke
|poke|p1|Umbreon, F|
|poke|p1|Gliscor, M|
|poke|p1|Dragonite, M|
|poke|p1|Iron Treads|
|poke|p1|Hatterene, F|
|poke|p1|Sinistcha|
|poke|p2|Lokix, F|
|poke|p2|Cinderace, M|
|poke|p2|Great Tusk|
|poke|p2|Alomomola, F|
|poke|p2|Enamorus, F|
|poke|p2|Slowking-Galar, F|
|teampreview
|inactive|Battle timer is ON: inactive players will automatically lose when time's up. (requested by lt123vb luxi)
|
|t:|1757908930
|teamsize|p1|6
|teamsize|p2|6
|start
|switch|p1a: Gliscor|Gliscor, M|100/100
|switch|p2a: Slowking|Slowking-Galar, F|100/100
|turn|1
|
|t:|1757908935
|move|p1a: Gliscor|Protect|p1a: Gliscor
|-singleturn|p1a: Gliscor|Protect
|move|p2a: Slowking|Ice Beam|p1a: Gliscor
|-activate|p1a: Gliscor|move: Protect
|
|-status|p1a: Gliscor|tox|[from] item: Toxic Orb
|upkeep
|turn|2
|
|t:|1757908941
|move|p1a: Gliscor|Knock Off|p2a: Slowking
|-supereffective|p2a: Slowking
|-damage|p2a: Slowking|72/100
|-enditem|p2a: Slowking|Shuca Berry|[from] move: Knock Off|[of] p1a: Gliscor
|move|p2a: Slowking|Ice Beam|p1a: Gliscor
|-supereffective|p1a: Gliscor
|-damage|p1a: Gliscor|29/100 tox
|
|-heal|p1a: Gliscor|41/100 tox|[from] ability: Poison Heal
|upkeep
|turn|3
|
|t:|1757908946
|switch|p2a: Lokix|Lokix, F|100/100
|move|p1a: Gliscor|Protect||[still]
|-fail|p1a: Gliscor
|
|-heal|p1a: Gliscor|54/100 tox|[from] ability: Poison Heal
|upkeep
|turn|4
|
|t:|1757908957
|-terastallize|p2a: Lokix|Bug
|move|p1a: Gliscor|Protect|p1a: Gliscor
|-singleturn|p1a: Gliscor|Protect
|move|p2a: Lokix|U-turn|p1a: Gliscor
|-activate|p1a: Gliscor|move: Protect
|
|-heal|p1a: Gliscor|66/100 tox|[from] ability: Poison Heal
|upkeep
|turn|5
|
|t:|1757908965
|move|p2a: Lokix|U-turn|p1a: Gliscor
|-resisted|p1a: Gliscor
|-damage|p1a: Gliscor|18/100 tox
|
|t:|1757908970
|switch|p2a: Alomomola|Alomomola, F|100/100|[from] U-turn
|move|p1a: Gliscor|Knock Off|p2a: Alomomola
|-damage|p2a: Alomomola|83/100
|-enditem|p2a: Alomomola|Assault Vest|[from] move: Knock Off|[of] p1a: Gliscor
|
|-heal|p1a: Gliscor|30/100 tox|[from] ability: Poison Heal
|upkeep
|turn|6
|
|t:|1757908975
|move|p1a: Gliscor|Protect|p1a: Gliscor
|-singleturn|p1a: Gliscor|Protect
|move|p2a: Alomomola|Flip Turn|p1a: Gliscor
|-activate|p1a: Gliscor|move: Protect
|
|-heal|p1a: Gliscor|43/100 tox|[from] ability: Poison Heal
|upkeep
|turn|7
|
|t:|1757908982
|move|p1a: Gliscor|Spikes|p2a: Alomomola
|-sidestart|p2: lt123vb luxi|Spikes
|move|p2a: Alomomola|Flip Turn|p1a: Gliscor
|-supereffective|p1a: Gliscor
|-damage|p1a: Gliscor|19/100 tox
|
|t:|1757908986
|switch|p2a: Lokix|Lokix, F, tera:Bug|100/100|[from] Flip Turn
|-damage|p2a: Lokix|88/100|[from] Spikes
|
|-heal|p1a: Gliscor|31/100 tox|[from] ability: Poison Heal
|upkeep
|turn|8
|
|t:|1757908989
|move|p1a: Gliscor|Protect|p1a: Gliscor
|-singleturn|p1a: Gliscor|Protect
|move|p2a: Lokix|U-turn|p1a: Gliscor
|-activate|p1a: Gliscor|move: Protect
|
|-heal|p1a: Gliscor|44/100 tox|[from] ability: Poison Heal
|upkeep
|turn|9
|
|t:|1757909004
|switch|p1a: Iron Treads|Iron Treads|100/100
|move|p2a: Lokix|U-turn|p1a: Iron Treads
|-resisted|p1a: Iron Treads
|-damage|p1a: Iron Treads|46/100
|
|t:|1757909009
|switch|p2a: Cinderace|Cinderace, M|100/100|[from] U-turn
|
|-heal|p1a: Iron Treads|52/100|[from] item: Leftovers
|upkeep
|turn|10
|
|t:|1757909014
|-end|p1a: Iron Treads|Quark Drive|[silent]
|switch|p1a: Hatterene|Hatterene, F|100/100
|move|p2a: Cinderace|Pyro Ball|p1a: Hatterene|[miss]
|-miss|p2a: Cinderace|p1a: Hatterene
|
|upkeep
|turn|11
|
|t:|1757909018
|move|p2a: Cinderace|U-turn|p1a: Hatterene
|-damage|p1a: Hatterene|84/100
|-damage|p2a: Cinderace|84/100|[from] item: Rocky Helmet|[of] p1a: Hatterene
|
|t:|1757909024
|switch|p2a: Alomomola|Alomomola, F|100/100|[from] U-turn
|-damage|p2a: Alomomola|88/100|[from] Spikes
|move|p1a: Hatterene|Psychic Noise|p2a: Alomomola
|-damage|p2a: Alomomola|64/100
|-start|p2a: Alomomola|move: Heal Block
|
|upkeep
|turn|12
|
|t:|1757909031
|move|p1a: Hatterene|Psychic Noise|p2a: Alomomola
|-damage|p2a: Alomomola|41/100
|move|p2a: Alomomola|Mirror Coat|p1a: Hatterene
|-damage|p1a: Hatterene|4/100
|
|-end|p2a: Alomomola|move: Heal Block
|upkeep
|turn|13
|
|t:|1757909036
|move|p2a: Alomomola|Flip Turn|p1a: Hatterene
|-damage|p1a: Hatterene|0 fnt
|-damage|p2a: Alomomola|24/100|[from] item: Rocky Helmet|[of] p1a: Hatterene
|faint|p1a: Hatterene
|
|t:|1757909046
|switch|p2a: Lokix|Lokix, F, tera:Bug|88/100|[from] Flip Turn
|-damage|p2a: Lokix|76/100|[from] Spikes
|
|upkeep
|
|t:|1757909049
|switch|p1a: Umbreon|Umbreon, F|100/100
|turn|14
|
|t:|1757909054
|-terastallize|p1a: Umbreon|Fairy
|move|p2a: Lokix|U-turn|p1a: Umbreon
|-resisted|p1a: Umbreon
|-damage|p1a: Umbreon|56/100
|
|t:|1757909062
|switch|p2a: Cinderace|Cinderace, M|84/100|[from] U-turn
|move|p1a: Umbreon|Toxic|p2a: Cinderace
|-status|p2a: Cinderace|tox
|
|-heal|p1a: Umbreon|62/100|[from] item: Leftovers
|-damage|p2a: Cinderace|78/100 tox|[from] psn
|upkeep
|turn|15
|
|t:|1757909068
|move|p1a: Umbreon|Protect|p1a: Umbreon
|-singleturn|p1a: Umbreon|Protect
|move|p2a: Cinderace|Court Change|p2a: Cinderace
|-swapsideconditions
|-activate|p2a: Cinderace|move: Court Change
|
|-heal|p1a: Umbreon|68/100|[from] item: Leftovers
|-damage|p2a: Cinderace|66/100 tox|[from] psn
|upkeep
|turn|16
|
|t:|1757909072
|move|p2a: Cinderace|Will-O-Wisp||[still]
|-status|p1a: Umbreon|brn
|-activate|p1a: Umbreon|ability: Synchronize
|-fail|p1a: Umbreon
|move|p1a: Umbreon|Wish|p1a: Umbreon
|
|-heal|p1a: Umbreon|74/100 brn|[from] item: Leftovers
|-damage|p2a: Cinderace|48/100 tox|[from] psn
|-damage|p1a: Umbreon|68/100 brn|[from] brn
|upkeep
|turn|17
|
|t:|1757909086
|switch|p2a: Lokix|Lokix, F, tera:Bug|76/100
|move|p1a: Umbreon|Foul Play|p2a: Lokix
|-damage|p2a: Lokix|46/100
|
|-heal|p1a: Umbreon|100/100 brn|[from] move: Wish|[wisher] Umbreon
|-damage|p1a: Umbreon|94/100 brn|[from] brn
|upkeep
|turn|18
|
|t:|1757909094
|move|p2a: Lokix|Leech Life|p1a: Umbreon
|-resisted|p1a: Umbreon
|-damage|p1a: Umbreon|44/100 brn
|-heal|p2a: Lokix|79/100|[from] drain|[of] p1a: Umbreon
|move|p1a: Umbreon|Wish|p1a: Umbreon
|
|-heal|p1a: Umbreon|50/100 brn|[from] item: Leftovers
|-damage|p1a: Umbreon|44/100 brn|[from] brn
|upkeep
|turn|19
|
|t:|1757909101
|move|p2a: Lokix|Leech Life|p1a: Umbreon
|-resisted|p1a: Umbreon
|-damage|p1a: Umbreon|0 fnt
|-heal|p2a: Lokix|100/100|[from] drain|[of] p1a: Umbreon
|faint|p1a: Umbreon
|
|upkeep
|
|t:|1757909103
|switch|p1a: Dragonite|Dragonite, M|100/100
|turn|20
|
|t:|1757909111
|move|p1a: Dragonite|Extreme Speed|p2a: Lokix
|-damage|p2a: Lokix|36/100
|move|p2a: Lokix|Leech Life|p1a: Dragonite
|-resisted|p1a: Dragonite
|-damage|p1a: Dragonite|60/100
|-heal|p2a: Lokix|59/100|[from] drain|[of] p1a: Dragonite
|
|upkeep
|turn|21
|
|t:|1757909116
|switch|p2a: Great Tusk|Great Tusk|100/100
|move|p1a: Dragonite|Extreme Speed|p2a: Great Tusk
|-damage|p2a: Great Tusk|79/100
|
|-heal|p2a: Great Tusk|85/100|[from] item: Leftovers
|upkeep
|turn|22
|
|t:|1757909120
|switch|p1a: Sinistcha|Sinistcha|100/100
|move|p2a: Great Tusk|Bulk Up|p2a: Great Tusk
|-boost|p2a: Great Tusk|atk|1
|-boost|p2a: Great Tusk|def|1
|
|-heal|p2a: Great Tusk|92/100|[from] item: Leftovers
|upkeep
|turn|23
|
|t:|1757909126
|-end|p2a: Great Tusk|Protosynthesis|[silent]
|switch|p2a: Slowking|Slowking-Galar, F|100/100
|move|p1a: Sinistcha|Matcha Gotcha|p2a: Slowking
|-resisted|p2a: Slowking
|-damage|p2a: Slowking|88/100
|-status|p2a: Slowking|brn
|
|-damage|p2a: Slowking|81/100 brn|[from] brn
|upkeep
|turn|24
|
|t:|1757909131
|switch|p1a: Iron Treads|Iron Treads|52/100
|-damage|p1a: Iron Treads|40/100|[from] Spikes
|move|p2a: Slowking|Future Sight|p1a: Iron Treads
|-start|p2a: Slowking|move: Future Sight
|
|-heal|p1a: Iron Treads|46/100|[from] item: Leftovers
|-damage|p2a: Slowking|75/100 brn|[from] brn
|upkeep
|turn|25
|
|t:|1757909137
|move|p1a: Iron Treads|Stealth Rock|p2a: Slowking
|-sidestart|p2: lt123vb luxi|move: Stealth Rock
|-prepare|p2a: Slowking|Chilly Reception|[premajor]
|move|p2a: Slowking|Chilly Reception|p2a: Slowking
|-weather|Snowscape
|
|t:|1757909141
|switch|p2a: Great Tusk|Great Tusk|92/100|[from] Chilly Reception
|-damage|p2a: Great Tusk|89/100|[from] Stealth Rock
|
|-weather|Snowscape|[upkeep]
|-heal|p2a: Great Tusk|95/100|[from] item: Leftovers
|-heal|p1a: Iron Treads|52/100|[from] item: Leftovers
|upkeep
|turn|26
|
|t:|1757909147
|-end|p1a: Iron Treads|Quark Drive|[silent]
|switch|p1a: Sinistcha|Sinistcha|100/100
|move|p2a: Great Tusk|Bulk Up|p2a: Great Tusk
|-boost|p2a: Great Tusk|atk|1
|-boost|p2a: Great Tusk|def|1
|
|-weather|Snowscape|[upkeep]
|-end|p1a: Sinistcha|move: Future Sight
|-damage|p1a: Sinistcha|45/100
|-heal|p2a: Great Tusk|100/100|[from] item: Leftovers
|upkeep
|turn|27
|
|t:|1757909150
|move|p2a: Great Tusk|Knock Off|p1a: Sinistcha
|-supereffective|p1a: Sinistcha
|-damage|p1a: Sinistcha|0 fnt
|-enditem|p1a: Sinistcha|Heavy-Duty Boots|[from] move: Knock Off|[of] p2a: Great Tusk
|faint|p1a: Sinistcha
|
|-weather|Snowscape|[upkeep]
|upkeep
|-message|Turducken64 forfeited.
|
|win|lt123vb luxi
|raw|Turducken64's rating: 1468 &rarr; <strong>1446</strong><br />(-22 for losing)
|raw|lt123vb luxi's rating: 1425 &rarr; <strong>1447</strong><br />(+22 for winning)
|l|☆Turducken64
|player|p1|
|l|☆lt123vb luxi
|player|p2|
