|inactive|Battle timer is ON: inactive players will automatically lose when time's up.
|t:|1757879010
|gametype|singles
|player|p1|Dasmer03|#wcop2023spain|
|player|p2|blonded|lucas|
|gen|9
|tier|[Gen 9] OU
|rule|HP Percentage Mod: HP is shown in percentages
|rule|Endless Battle Clause: Forcing endless battles is banned
|rule|Species Clause: Limit one of each Pokémon
|rule|OHKO Clause: OHKO moves are banned
|rule|Evasion Items Clause: Evasion items are banned
|rule|Evasion Moves Clause: Evasion moves are banned
|rule|Evasion Abilities Clause: Evasion abilities are banned
|rule|Sleep Moves Clause: Sleep-inducing moves are banned
|clearpoke
|poke|p1|Rillaboom, F|
|poke|p1|Garganacl, M|
|poke|p1|Kyurem|
|poke|p1|Slither Wing|
|poke|p1|Zapdos|
|poke|p1|Iron Treads|
|poke|p2|Iron Crown|
|poke|p2|Dragapult, F|
|poke|p2|Zapdos|
|poke|p2|Weezing-Galar, M|
|poke|p2|Ogerpon, F|
|poke|p2|Ting-Lu|
|teampreview
|c|☆Dasmer03|hf
|c|☆blonded|Glhf
|c|+play 2 improve|Whats this for
|c|+BUNDY|is this r2
|inactive|blonded has 270 seconds left.
|c|+blittius|Hello Play 2 improve
|inactive|Dasmer03 has 270 seconds left.
|c|+play 2 improve|Stop talkin to me
|c|+DBBYN FAYGOES|Hey GUys
|c|+play 2 improve|Anyone know what this is ?
|
|t:|1757879069
|teamsize|p1|6
|teamsize|p2|6
|start
|switch|p1a: Zapdos|Zapdos|100/100
|switch|p2a: Weezing|Weezing-Galar, M|100/100
|-ability|p2a: Weezing|Neutralizing Gas
|turn|1
|
|t:|1757879081
|-end|p2a: Weezing|ability: Neutralizing Gas
|switch|p2a: Ting-Lu|Ting-Lu|100/100
|-ability|p2a: Ting-Lu|Vessel of Ruin
|move|p1a: Zapdos|Hurricane|p2a: Ting-Lu
|-damage|p2a: Ting-Lu|82/100
|-start|p2a: Ting-Lu|confusion
|
|-heal|p2a: Ting-Lu|88/100|[from] item: Leftovers
|upkeep
|turn|2
|
|t:|1757879090
|switch|p1a: Kyurem|Kyurem|100/100
|-ability|p1a: Kyurem|Pressure
|-activate|p2a: Ting-Lu|confusion
|move|p2a: Ting-Lu|Ruination|p1a: Kyurem
|-damage|p1a: Kyurem|51/100
|
|-heal|p2a: Ting-Lu|94/100|[from] item: Leftovers
|upkeep
|turn|3
|inactive|blonded has 270 seconds left.
|
|t:|1757879134
|move|p1a: Kyurem|Icicle Spear|p2a: Ting-Lu
|-supereffective|p2a: Ting-Lu
|-damage|p2a: Ting-Lu|81/100
|-supereffective|p2a: Ting-Lu
|-damage|p2a: Ting-Lu|69/100
|-supereffective|p2a: Ting-Lu
|-damage|p2a: Ting-Lu|57/100
|-supereffective|p2a: Ting-Lu
|-crit|p2a: Ting-Lu
|-damage|p2a: Ting-Lu|37/100
|-hitcount|p2a: Ting-Lu|4
|-activate|p2a: Ting-Lu|confusion
|move|p2a: Ting-Lu|Earthquake|p1a: Kyurem
|-damage|p1a: Kyurem|15/100
|
|-heal|p2a: Ting-Lu|43/100|[from] item: Leftovers
|upkeep
|turn|4
|inactive|blonded has 240 seconds left.
|
|t:|1757879185
|switch|p2a: Iron Crown|Iron Crown|100/100
|move|p1a: Kyurem|Icicle Spear|p2a: Iron Crown
|-resisted|p2a: Iron Crown
|-damage|p2a: Iron Crown|94/100
|-resisted|p2a: Iron Crown
|-damage|p2a: Iron Crown|88/100
|-resisted|p2a: Iron Crown
|-crit|p2a: Iron Crown
|-damage|p2a: Iron Crown|79/100
|-resisted|p2a: Iron Crown
|-damage|p2a: Iron Crown|73/100
|-resisted|p2a: Iron Crown
|-damage|p2a: Iron Crown|67/100
|-hitcount|p2a: Iron Crown|5
|
|upkeep
|turn|5
|
|t:|1757879195
|switch|p1a: Iron Treads|Iron Treads|100/100
|move|p2a: Iron Crown|Tachyon Cutter|p1a: Iron Treads
|-resisted|p1a: Iron Treads
|-damage|p1a: Iron Treads|86/100
|-resisted|p1a: Iron Treads
|-damage|p1a: Iron Treads|71/100
|-hitcount|p1a: Iron Treads|2
|
|upkeep
|turn|6
|inactive|blonded has 210 seconds left.
|
|t:|1757879222
|move|p1a: Iron Treads|Knock Off|p2a: Iron Crown
|-supereffective|p2a: Iron Crown
|-damage|p2a: Iron Crown|10/100
|-enditem|p2a: Iron Crown|Choice Specs|[from] move: Knock Off|[of] p1a: Iron Treads
|move|p2a: Iron Crown|Tachyon Cutter|p1a: Iron Treads
|-resisted|p1a: Iron Treads
|-damage|p1a: Iron Treads|61/100
|-resisted|p1a: Iron Treads
|-damage|p1a: Iron Treads|51/100
|-hitcount|p1a: Iron Treads|2
|
|upkeep
|turn|7
|inactive|blonded has 210 seconds left.
|
|t:|1757879232
|-end|p2a: Iron Crown|Quark Drive|[silent]
|switch|p2a: Ogerpon|Ogerpon, F|100/100
|move|p1a: Iron Treads|Knock Off|p2a: Ogerpon
|-damage|p2a: Ogerpon|64/100
|-enditem|p2a: Ogerpon|Heavy-Duty Boots|[from] move: Knock Off|[of] p1a: Iron Treads
|
|upkeep
|turn|8
|inactive|blonded has 210 seconds left.
|
|t:|1757879246
|-end|p1a: Iron Treads|Quark Drive|[silent]
|switch|p1a: Slither Wing|Slither Wing|100/100
|move|p2a: Ogerpon|Knock Off|p1a: Slither Wing
|-resisted|p1a: Slither Wing
|-damage|p1a: Slither Wing|88/100
|-enditem|p1a: Slither Wing|Heavy-Duty Boots|[from] move: Knock Off|[of] p2a: Ogerpon
|
|upkeep
|turn|9
|
|t:|1757879250
|switch|p2a: Zapdos|Zapdos|100/100
|move|p1a: Slither Wing|U-turn|p2a: Zapdos
|-resisted|p2a: Zapdos
|-damage|p2a: Zapdos|89/100
|-status|p1a: Slither Wing|par|[from] ability: Static|[of] p2a: Zapdos
|
|t:|1757879252
|-end|p1a: Slither Wing|Protosynthesis|[silent]
|switch|p1a: Garganacl|Garganacl, M|100/100|[from] U-turn
|
|upkeep
|turn|10
|
|t:|1757879256
|move|p2a: Zapdos|U-turn|p1a: Garganacl
|-damage|p1a: Garganacl|92/100
|
|t:|1757879257
|switch|p2a: Weezing|Weezing-Galar, M|100/100|[from] U-turn
|-ability|p2a: Weezing|Neutralizing Gas
|move|p1a: Garganacl|Stealth Rock|p2a: Weezing
|-sidestart|p2: blonded|move: Stealth Rock
|
|-heal|p1a: Garganacl|98/100|[from] item: Leftovers
|upkeep
|turn|11
|
|t:|1757879264
|switch|p1a: Slither Wing|Slither Wing|88/100 par
|move|p2a: Weezing|Defog|p1a: Slither Wing
|-unboost|p1a: Slither Wing|evasion|1
|-sideend|p2: blonded|Stealth Rock|[from] move: Defog|[of] p2a: Weezing
|
|upkeep
|turn|12
|
|t:|1757879267
|move|p2a: Weezing|Strange Steam|p1a: Slither Wing
|-supereffective|p1a: Slither Wing
|-damage|p1a: Slither Wing|29/100 par
|move|p1a: Slither Wing|U-turn|p2a: Weezing
|-resisted|p2a: Weezing
|-damage|p2a: Weezing|94/100
|inactive|Dasmer03 has 270 seconds left.
|
|t:|1757879304
|-end|p1a: Slither Wing|Protosynthesis|[silent]
|switch|p1a: Zapdos|Zapdos|100/100|[from] U-turn
|
|upkeep
|turn|13
|
|t:|1757879307
|switch|p1a: Kyurem|Kyurem|15/100
|-end|p2a: Weezing|ability: Neutralizing Gas
|-ability|p1a: Kyurem|Pressure
|switch|p2a: Ting-Lu|Ting-Lu|43/100
|-ability|p2a: Ting-Lu|Vessel of Ruin
|
|-heal|p2a: Ting-Lu|50/100|[from] item: Leftovers
|upkeep
|turn|14
|inactive|blonded has 270 seconds left.
|inactive|blonded has 240 seconds left.
|
|t:|1757879357
|switch|p2a: Iron Crown|Iron Crown|10/100
|move|p1a: Kyurem|Icicle Spear|p2a: Iron Crown
|-resisted|p2a: Iron Crown
|-damage|p2a: Iron Crown|3/100
|-resisted|p2a: Iron Crown
|-crit|p2a: Iron Crown
|-damage|p2a: Iron Crown|0 fnt
|faint|p2a: Iron Crown
|-end|p2a: Iron Crown|Quark Drive|[silent]
|-hitcount|p2: Iron Crown|2
|
|upkeep
|
|t:|1757879367
|switch|p2a: Dragapult|Dragapult, F|100/100
|turn|15
|
|t:|1757879378
|switch|p1a: Slither Wing|Slither Wing|29/100 par
|move|p2a: Dragapult|U-turn|p1a: Slither Wing
|-resisted|p1a: Slither Wing
|-damage|p1a: Slither Wing|21/100 par
|
|t:|1757879382
|switch|p2a: Zapdos|Zapdos|89/100|[from] U-turn
|
|upkeep
|turn|16
|
|t:|1757879391
|move|p2a: Zapdos|U-turn|p1a: Slither Wing
|-resisted|p1a: Slither Wing
|-damage|p1a: Slither Wing|15/100 par
|
|t:|1757879393
|switch|p2a: Weezing|Weezing-Galar, M|94/100|[from] U-turn
|-ability|p2a: Weezing|Neutralizing Gas
|move|p1a: Slither Wing|U-turn|p2a: Weezing
|-resisted|p2a: Weezing
|-damage|p2a: Weezing|88/100
|
|t:|1757879395
|-end|p1a: Slither Wing|Protosynthesis|[silent]
|switch|p1a: Kyurem|Kyurem|15/100|[from] U-turn
|
|upkeep
|turn|17
|
|t:|1757879417
|switch|p1a: Zapdos|Zapdos|100/100
|move|p2a: Weezing|Strange Steam|p1a: Zapdos
|-damage|p1a: Zapdos|70/100
|
|upkeep
|turn|18
|
|t:|1757879430
|switch|p1a: Kyurem|Kyurem|15/100
|move|p2a: Weezing|Strange Steam|p1a: Kyurem
|-supereffective|p1a: Kyurem
|-damage|p1a: Kyurem|0 fnt
|faint|p1a: Kyurem
|
|upkeep
|
|t:|1757879435
|switch|p1a: Zapdos|Zapdos|70/100
|turn|19
|
|t:|1757879437
|-end|p2a: Weezing|ability: Neutralizing Gas
|switch|p2a: Ting-Lu|Ting-Lu|50/100
|-ability|p2a: Ting-Lu|Vessel of Ruin
|move|p1a: Zapdos|Hurricane|p2a: Ting-Lu
|-damage|p2a: Ting-Lu|31/100
|
|-heal|p2a: Ting-Lu|37/100|[from] item: Leftovers
|upkeep
|turn|20
|inactive|blonded has 270 seconds left.
|
|t:|1757879459
|switch|p1a: Rillaboom|Rillaboom, F|100/100
|-fieldstart|move: Grassy Terrain|[from] ability: Grassy Surge|[of] p1a: Rillaboom
|move|p2a: Ting-Lu|Ruination|p1a: Rillaboom
|-damage|p1a: Rillaboom|51/100
|
|-heal|p1a: Rillaboom|57/100|[from] Grassy Terrain
|-heal|p2a: Ting-Lu|43/100|[from] Grassy Terrain
|-heal|p2a: Ting-Lu|50/100|[from] item: Leftovers
|upkeep
|turn|21
|
|t:|1757879469
|switch|p2a: Zapdos|Zapdos|89/100
|move|p1a: Rillaboom|U-turn|p2a: Zapdos
|-resisted|p2a: Zapdos
|-damage|p2a: Zapdos|79/100
|
|t:|1757879472
|switch|p1a: Garganacl|Garganacl, M|98/100|[from] U-turn
|
|-heal|p1a: Garganacl|100/100|[from] Grassy Terrain
|upkeep
|turn|22
|
|t:|1757879473
|move|p2a: Zapdos|U-turn|p1a: Garganacl
|-damage|p1a: Garganacl|92/100
|
|t:|1757879474
|switch|p2a: Weezing|Weezing-Galar, M|88/100|[from] U-turn
|-ability|p2a: Weezing|Neutralizing Gas
|move|p1a: Garganacl|Salt Cure|p2a: Weezing
|-damage|p2a: Weezing|77/100
|-start|p2a: Weezing|Salt Cure
|
|-heal|p2a: Weezing|83/100|[from] Grassy Terrain
|-heal|p1a: Garganacl|98/100|[from] Grassy Terrain
|-heal|p1a: Garganacl|100/100|[from] item: Leftovers
|-damage|p2a: Weezing|71/100|[from] Salt Cure
|upkeep
|turn|23
|
|t:|1757879478
|move|p1a: Garganacl|Protect|p1a: Garganacl
|-singleturn|p1a: Garganacl|Protect
|move|p2a: Weezing|Will-O-Wisp|p1a: Garganacl
|-activate|p1a: Garganacl|move: Protect
|
|-heal|p2a: Weezing|77/100|[from] Grassy Terrain
|-damage|p2a: Weezing|64/100|[from] Salt Cure
|upkeep
|turn|24
|
|t:|1757879488
|switch|p1a: Slither Wing|Slither Wing|15/100 par
|move|p2a: Weezing|Will-O-Wisp||[still]
|-fail|p2a: Weezing
|
|-heal|p2a: Weezing|70/100|[from] Grassy Terrain
|-heal|p1a: Slither Wing|21/100 par|[from] Grassy Terrain
|-damage|p2a: Weezing|58/100|[from] Salt Cure
|-fieldend|move: Grassy Terrain
|upkeep
|turn|25
|
|t:|1757879503
|-end|p1a: Slither Wing|Protosynthesis|[silent]
|switch|p1a: Iron Treads|Iron Treads|51/100
|move|p2a: Weezing|Strange Steam|p1a: Iron Treads
|-resisted|p1a: Iron Treads
|-damage|p1a: Iron Treads|39/100
|-start|p1a: Iron Treads|confusion
|
|-damage|p2a: Weezing|45/100|[from] Salt Cure
|upkeep
|turn|26
|
|t:|1757879521
|-end|p2a: Weezing|ability: Neutralizing Gas
|switch|p2a: Ogerpon|Ogerpon, F|64/100
|-activate|p1a: Iron Treads|confusion
|-damage|p1a: Iron Treads|30/100|[from] confusion
|
|upkeep
|turn|27
|
|t:|1757879537
|-end|p1a: Iron Treads|Quark Drive|[silent]
|switch|p1a: Slither Wing|Slither Wing|21/100 par
|move|p2a: Ogerpon|Ivy Cudgel|p1a: Slither Wing
|-resisted|p1a: Slither Wing
|-damage|p1a: Slither Wing|3/100 par
|
|upkeep
|turn|28
|
|t:|1757879548
|switch|p2a: Dragapult|Dragapult, F|100/100
|move|p1a: Slither Wing|U-turn|p2a: Dragapult
|-resisted|p2a: Dragapult
|-damage|p2a: Dragapult|81/100
|
|t:|1757879550
|-end|p1a: Slither Wing|Protosynthesis|[silent]
|switch|p1a: Garganacl|Garganacl, M|100/100|[from] U-turn
|
|upkeep
|turn|29
|
|t:|1757879553
|move|p2a: Dragapult|U-turn|p1a: Garganacl
|-damage|p1a: Garganacl|87/100
|
|t:|1757879555
|switch|p2a: Weezing|Weezing-Galar, M|45/100|[from] U-turn
|-ability|p2a: Weezing|Neutralizing Gas
|move|p1a: Garganacl|Salt Cure|p2a: Weezing
|-damage|p2a: Weezing|35/100
|-start|p2a: Weezing|Salt Cure
|
|-heal|p1a: Garganacl|93/100|[from] item: Leftovers
|-damage|p2a: Weezing|22/100|[from] Salt Cure
|upkeep
|turn|30
|
|t:|1757879560
|-end|p2a: Weezing|ability: Neutralizing Gas
|switch|p2a: Ogerpon|Ogerpon, F|64/100
|move|p1a: Garganacl|Protect||[still]
|-fail|p1a: Garganacl
|
|-heal|p1a: Garganacl|99/100|[from] item: Leftovers
|upkeep
|turn|31
|
|t:|1757879568
|switch|p2a: Weezing|Weezing-Galar, M|22/100
|-ability|p2a: Weezing|Neutralizing Gas
|move|p1a: Garganacl|Protect||[still]
|-fail|p1a: Garganacl
|
|-heal|p1a: Garganacl|100/100|[from] item: Leftovers
|upkeep
|turn|32
|
|t:|1757879580
|-end|p2a: Weezing|ability: Neutralizing Gas
|switch|p2a: Ogerpon|Ogerpon, F|64/100
|switch|p1a: Zapdos|Zapdos|70/100
|
|upkeep
|turn|33
|
|t:|1757879586
|switch|p2a: Ting-Lu|Ting-Lu|50/100
|-ability|p2a: Ting-Lu|Vessel of Ruin
|move|p1a: Zapdos|Hurricane|p2a: Ting-Lu
|-damage|p2a: Ting-Lu|32/100
|-start|p2a: Ting-Lu|confusion
|
|-heal|p2a: Ting-Lu|38/100|[from] item: Leftovers
|upkeep
|turn|34
|
|t:|1757879592
|switch|p2a: Zapdos|Zapdos|79/100
|move|p1a: Zapdos|Hurricane|p2a: Zapdos|[miss]
|-miss|p1a: Zapdos|p2a: Zapdos
|
|upkeep
|turn|35
|
|t:|1757879597
|move|p2a: Zapdos|U-turn|p1a: Zapdos
|-resisted|p1a: Zapdos
|-crit|p1a: Zapdos
|-damage|p1a: Zapdos|63/100
|
|t:|1757879598
|switch|p2a: Ting-Lu|Ting-Lu|38/100|[from] U-turn
|-ability|p2a: Ting-Lu|Vessel of Ruin
|move|p1a: Zapdos|Roost|p1a: Zapdos
|-heal|p1a: Zapdos|100/100
|-singleturn|p1a: Zapdos|move: Roost
|
|-heal|p2a: Ting-Lu|44/100|[from] item: Leftovers
|upkeep
|turn|36
|
|t:|1757879606
|switch|p1a: Rillaboom|Rillaboom, F|57/100
|-fieldstart|move: Grassy Terrain|[from] ability: Grassy Surge|[of] p1a: Rillaboom
|move|p2a: Ting-Lu|Stealth Rock|p1a: Rillaboom
|-sidestart|p1: Dasmer03|move: Stealth Rock
|
|-heal|p1a: Rillaboom|63/100|[from] Grassy Terrain
|-heal|p2a: Ting-Lu|50/100|[from] Grassy Terrain
|-heal|p2a: Ting-Lu|57/100|[from] item: Leftovers
|upkeep
|turn|37
|
|t:|1757879612
|switch|p2a: Zapdos|Zapdos|79/100
|move|p1a: Rillaboom|Knock Off|p2a: Zapdos
|-damage|p2a: Zapdos|55/100
|-enditem|p2a: Zapdos|Heavy-Duty Boots|[from] move: Knock Off|[of] p1a: Rillaboom
|
|-heal|p1a: Rillaboom|69/100|[from] Grassy Terrain
|upkeep
|turn|38
|
|t:|1757879632
|move|p2a: Zapdos|U-turn|p1a: Rillaboom
|-supereffective|p1a: Rillaboom
|-damage|p1a: Rillaboom|45/100
|
|t:|1757879650
|switch|p2a: Dragapult|Dragapult, F|81/100|[from] U-turn
|move|p1a: Rillaboom|U-turn|p2a: Dragapult
|-resisted|p2a: Dragapult
|-damage|p2a: Dragapult|64/100
|
|t:|1757879653
|switch|p1a: Garganacl|Garganacl, M|100/100|[from] U-turn
|-damage|p1a: Garganacl|88/100|[from] Stealth Rock
|
|-heal|p2a: Dragapult|70/100|[from] Grassy Terrain
|-heal|p1a: Garganacl|94/100|[from] Grassy Terrain
|-heal|p1a: Garganacl|100/100|[from] item: Leftovers
|upkeep
|turn|39
|
|t:|1757879655
|move|p2a: Dragapult|U-turn|p1a: Garganacl
|-crit|p1a: Garganacl
|-damage|p1a: Garganacl|80/100
|
|t:|1757879656
|switch|p2a: Weezing|Weezing-Galar, M|22/100|[from] U-turn
|-ability|p2a: Weezing|Neutralizing Gas
|move|p1a: Garganacl|Stealth Rock|p2a: Weezing
|-sidestart|p2: blonded|move: Stealth Rock
|
|-heal|p2a: Weezing|28/100|[from] Grassy Terrain
|-heal|p1a: Garganacl|86/100|[from] Grassy Terrain
|-heal|p1a: Garganacl|92/100|[from] item: Leftovers
|upkeep
|turn|40
|
|t:|1757879664
|move|p1a: Garganacl|Protect|p1a: Garganacl
|-singleturn|p1a: Garganacl|Protect
|move|p2a: Weezing|Will-O-Wisp|p1a: Garganacl
|-activate|p1a: Garganacl|move: Protect
|
|-heal|p2a: Weezing|34/100|[from] Grassy Terrain
|-heal|p1a: Garganacl|99/100|[from] Grassy Terrain
|-heal|p1a: Garganacl|100/100|[from] item: Leftovers
|-fieldend|move: Grassy Terrain
|upkeep
|turn|41
|
|t:|1757879690
|switch|p1a: Zapdos|Zapdos|100/100
|move|p2a: Weezing|Defog|p1a: Zapdos
|-unboost|p1a: Zapdos|evasion|1
|-sideend|p1: Dasmer03|Stealth Rock|[from] move: Defog|[of] p2a: Weezing
|-sideend|p2: blonded|Stealth Rock|[from] move: Defog|[of] p2a: Weezing
|
|upkeep
|turn|42
|
|t:|1757879695
|-end|p2a: Weezing|ability: Neutralizing Gas
|switch|p2a: Ting-Lu|Ting-Lu|57/100
|-ability|p2a: Ting-Lu|Vessel of Ruin
|move|p1a: Zapdos|Hurricane|p2a: Ting-Lu
|-damage|p2a: Ting-Lu|38/100
|-start|p2a: Ting-Lu|confusion
|
|-heal|p2a: Ting-Lu|44/100|[from] item: Leftovers
|upkeep
|turn|43
|
|t:|1757879703
|switch|p1a: Rillaboom|Rillaboom, F|45/100
|-fieldstart|move: Grassy Terrain|[from] ability: Grassy Surge|[of] p1a: Rillaboom
|switch|p2a: Zapdos|Zapdos|55/100
|
|-heal|p1a: Rillaboom|51/100|[from] Grassy Terrain
|upkeep
|turn|44
|inactive|blonded has 270 seconds left.
|
|t:|1757879741
|move|p2a: Zapdos|Roost|p2a: Zapdos
|-heal|p2a: Zapdos|100/100
|-singleturn|p2a: Zapdos|move: Roost
|move|p1a: Rillaboom|U-turn|p2a: Zapdos
|-damage|p2a: Zapdos|81/100
|
|t:|1757879743
|switch|p1a: Garganacl|Garganacl, M|100/100|[from] U-turn
|
|-heal|p2a: Zapdos|87/100|[from] Grassy Terrain
|upkeep
|turn|45
|
|t:|1757879744
|move|p2a: Zapdos|U-turn|p1a: Garganacl
|-damage|p1a: Garganacl|92/100
|
|t:|1757879748
|switch|p2a: Weezing|Weezing-Galar, M|34/100|[from] U-turn
|-ability|p2a: Weezing|Neutralizing Gas
|move|p1a: Garganacl|Salt Cure|p2a: Weezing
|-damage|p2a: Weezing|23/100
|-start|p2a: Weezing|Salt Cure
|
|-heal|p2a: Weezing|29/100|[from] Grassy Terrain
|-heal|p1a: Garganacl|98/100|[from] Grassy Terrain
|-heal|p1a: Garganacl|100/100|[from] item: Leftovers
|-damage|p2a: Weezing|17/100|[from] Salt Cure
|upkeep
|turn|46
|
|t:|1757879757
|-end|p2a: Weezing|ability: Neutralizing Gas
|switch|p2a: Ogerpon|Ogerpon, F|64/100
|move|p1a: Garganacl|Protect||[still]
|-fail|p1a: Garganacl
|
|-heal|p2a: Ogerpon|70/100|[from] Grassy Terrain
|upkeep
|turn|47
|
|t:|1757879761
|move|p1a: Garganacl|Protect|p1a: Garganacl
|-singleturn|p1a: Garganacl|Protect
|move|p2a: Ogerpon|Swords Dance|p2a: Ogerpon
|-boost|p2a: Ogerpon|atk|2
|
|-heal|p2a: Ogerpon|76/100|[from] Grassy Terrain
|-fieldend|move: Grassy Terrain
|upkeep
|turn|48
|
|t:|1757879798
|switch|p1a: Slither Wing|Slither Wing|3/100 par
|move|p2a: Ogerpon|Ivy Cudgel|p1a: Slither Wing
|-resisted|p1a: Slither Wing
|-crit|p1a: Slither Wing
|-damage|p1a: Slither Wing|0 fnt
|faint|p1a: Slither Wing
|-end|p1a: Slither Wing|Protosynthesis|[silent]
|
|upkeep
|
|t:|1757879800
|switch|p1a: Zapdos|Zapdos|100/100
|turn|49
|
|t:|1757879802
|switch|p2a: Ting-Lu|Ting-Lu|44/100
|-ability|p2a: Ting-Lu|Vessel of Ruin
|move|p1a: Zapdos|Hurricane|p2a: Ting-Lu
|-damage|p2a: Ting-Lu|24/100
|-start|p2a: Ting-Lu|confusion
|
|-heal|p2a: Ting-Lu|30/100|[from] item: Leftovers
|upkeep
|turn|50
|
|t:|1757879805
|switch|p2a: Zapdos|Zapdos|87/100
|move|p1a: Zapdos|Hurricane|p2a: Zapdos
|-resisted|p2a: Zapdos
|-damage|p2a: Zapdos|67/100
|
|upkeep
|turn|51
|
|t:|1757879814
|move|p2a: Zapdos|U-turn|p1a: Zapdos
|-resisted|p1a: Zapdos
|-damage|p1a: Zapdos|96/100
|
|t:|1757879815
|switch|p2a: Ting-Lu|Ting-Lu|30/100|[from] U-turn
|-ability|p2a: Ting-Lu|Vessel of Ruin
|move|p1a: Zapdos|Hurricane|p2a: Ting-Lu
|-damage|p2a: Ting-Lu|10/100
|
|-heal|p2a: Ting-Lu|17/100|[from] item: Leftovers
|upkeep
|turn|52
|
|t:|1757879819
|switch|p2a: Zapdos|Zapdos|67/100
|move|p1a: Zapdos|Hurricane|p2a: Zapdos
|-resisted|p2a: Zapdos
|-damage|p2a: Zapdos|44/100
|
|upkeep
|turn|53
|
|t:|1757879822
|move|p2a: Zapdos|Roost|p2a: Zapdos
|-heal|p2a: Zapdos|94/100
|-singleturn|p2a: Zapdos|move: Roost
|move|p1a: Zapdos|Volt Switch|p2a: Zapdos
|-resisted|p2a: Zapdos
|-damage|p2a: Zapdos|80/100
|
|t:|1757879824
|switch|p1a: Garganacl|Garganacl, M|100/100|[from] Volt Switch
|
|upkeep
|turn|54
|
|t:|1757879828
|move|p2a: Zapdos|U-turn|p1a: Garganacl
|-damage|p1a: Garganacl|92/100
|
|t:|1757879829
|switch|p2a: Ogerpon|Ogerpon, F|76/100|[from] U-turn
|move|p1a: Garganacl|Salt Cure|p2a: Ogerpon
|-damage|p2a: Ogerpon|58/100
|-start|p2a: Ogerpon|Salt Cure
|
|-heal|p1a: Garganacl|98/100|[from] item: Leftovers
|-damage|p2a: Ogerpon|46/100|[from] Salt Cure
|upkeep
|turn|55
|
|t:|1757879840
|switch|p2a: Ting-Lu|Ting-Lu|17/100
|-ability|p2a: Ting-Lu|Vessel of Ruin
|move|p1a: Garganacl|Salt Cure|p2a: Ting-Lu
|-resisted|p2a: Ting-Lu
|-damage|p2a: Ting-Lu|13/100
|-start|p2a: Ting-Lu|Salt Cure
|
|-heal|p2a: Ting-Lu|19/100|[from] item: Leftovers
|-heal|p1a: Garganacl|100/100|[from] item: Leftovers
|-damage|p2a: Ting-Lu|7/100|[from] Salt Cure
|upkeep
|turn|56
|
|t:|1757879860
|move|p2a: Ting-Lu|Earthquake|p1a: Garganacl
|-supereffective|p1a: Garganacl
|-damage|p1a: Garganacl|50/100
|move|p1a: Garganacl|Stealth Rock|p2a: Ting-Lu
|-sidestart|p2: blonded|move: Stealth Rock
|
|-heal|p2a: Ting-Lu|13/100|[from] item: Leftovers
|-heal|p1a: Garganacl|56/100|[from] item: Leftovers
|-damage|p2a: Ting-Lu|0 fnt|[from] Salt Cure
|faint|p2a: Ting-Lu
|upkeep
|
|t:|1757879869
|switch|p2a: Ogerpon|Ogerpon, F|46/100
|-damage|p2a: Ogerpon|33/100|[from] Stealth Rock
|turn|57
|
|t:|1757879880
|switch|p2a: Weezing|Weezing-Galar, M|17/100
|-ability|p2a: Weezing|Neutralizing Gas
|-damage|p2a: Weezing|4/100|[from] Stealth Rock
|switch|p1a: Zapdos|Zapdos|96/100
|
|upkeep
|turn|58
|-enditem|p2a: Weezing|Custap Berry|[eat]
|-activate|p2a: Weezing|item: Custap Berry|[consumed]
|
|t:|1757879882
|move|p2a: Weezing|Destiny Bond|p2a: Weezing
|-singlemove|p2a: Weezing|Destiny Bond
|move|p1a: Zapdos|Volt Switch|p2a: Weezing
|-damage|p2a: Weezing|0 fnt
|faint|p2a: Weezing
|-activate|p2a: Weezing|move: Destiny Bond
|-end|p2a: Weezing|ability: Neutralizing Gas
|faint|p1a: Zapdos
|
|upkeep
|
|t:|1757879904
|switch|p1a: Rillaboom|Rillaboom, F|51/100
|switch|p2a: Dragapult|Dragapult, F|70/100
|-fieldstart|move: Grassy Terrain|[from] ability: Grassy Surge|[of] p1a: Rillaboom
|turn|59
|
|t:|1757879914
|switch|p1a: Iron Treads|Iron Treads|30/100
|move|p2a: Dragapult|U-turn|p1a: Iron Treads
|-resisted|p1a: Iron Treads
|-damage|p1a: Iron Treads|23/100
|
|t:|1757879920
|switch|p2a: Ogerpon|Ogerpon, F|33/100|[from] U-turn
|-damage|p2a: Ogerpon|21/100|[from] Stealth Rock
|
|-heal|p2a: Ogerpon|27/100|[from] Grassy Terrain
|-heal|p1a: Iron Treads|29/100|[from] Grassy Terrain
|upkeep
|turn|60
|
|t:|1757879949
|-terastallize|p2a: Ogerpon|Grass
|detailschange|p2a: Ogerpon|Ogerpon-Teal-Tera, F, tera:Grass
|-ability|p2a: Ogerpon|Embody Aspect (Teal)|boost
|-boost|p2a: Ogerpon|spe|1
|move|p2a: Ogerpon|Ivy Cudgel|p1a: Iron Treads
|-damage|p1a: Iron Treads|0 fnt
|faint|p1a: Iron Treads
|-end|p1a: Iron Treads|Quark Drive|[silent]
|
|-heal|p2a: Ogerpon|33/100|[from] Grassy Terrain
|upkeep
|
|t:|1757879954
|switch|p1a: Rillaboom|Rillaboom, F|51/100
|turn|61
|inactive|Dasmer03 has 270 seconds left.
|inactive|blonded has 270 seconds left.
|
|t:|1757880001
|switch|p2a: Zapdos|Zapdos|80/100
|-damage|p2a: Zapdos|55/100|[from] Stealth Rock
|-terastallize|p1a: Rillaboom|Grass
|move|p1a: Rillaboom|Grassy Glide|p2a: Zapdos
|-resisted|p2a: Zapdos
|-damage|p2a: Zapdos|36/100
|
|-heal|p1a: Rillaboom|57/100|[from] Grassy Terrain
|upkeep
|turn|62
|
|t:|1757880012
|switch|p1a: Garganacl|Garganacl, M|56/100
|move|p2a: Zapdos|U-turn|p1a: Garganacl
|-damage|p1a: Garganacl|48/100
|
|t:|1757880013
|switch|p2a: Ogerpon|Ogerpon-Teal-Tera, F, tera:Grass|33/100|[from] U-turn
|-damage|p2a: Ogerpon|21/100|[from] Stealth Rock
|-ability|p2a: Ogerpon|Embody Aspect (Teal)|boost
|-boost|p2a: Ogerpon|spe|1
|
|-heal|p2a: Ogerpon|27/100|[from] Grassy Terrain
|-heal|p1a: Garganacl|54/100|[from] Grassy Terrain
|-heal|p1a: Garganacl|60/100|[from] item: Leftovers
|upkeep
|turn|63
|inactive|Dasmer03 has 270 seconds left.
|
|t:|1757880021
|move|p1a: Garganacl|Protect|p1a: Garganacl
|-singleturn|p1a: Garganacl|Protect
|move|p2a: Ogerpon|Ivy Cudgel|p1a: Garganacl
|-activate|p1a: Garganacl|move: Protect
|
|-heal|p2a: Ogerpon|33/100|[from] Grassy Terrain
|-heal|p1a: Garganacl|66/100|[from] Grassy Terrain
|-heal|p1a: Garganacl|73/100|[from] item: Leftovers
|-fieldend|move: Grassy Terrain
|upkeep
|turn|64
|
|t:|1757880028
|switch|p1a: Rillaboom|Rillaboom, F, tera:Grass|57/100
|-fieldstart|move: Grassy Terrain|[from] ability: Grassy Surge|[of] p1a: Rillaboom
|move|p2a: Ogerpon|Ivy Cudgel|p1a: Rillaboom
|-resisted|p1a: Rillaboom
|-damage|p1a: Rillaboom|13/100
|
|-heal|p2a: Ogerpon|39/100|[from] Grassy Terrain
|-heal|p1a: Rillaboom|19/100|[from] Grassy Terrain
|upkeep
|turn|65
|
|t:|1757880040
|move|p1a: Rillaboom|Grassy Glide|p2a: Ogerpon
|-resisted|p2a: Ogerpon
|-damage|p2a: Ogerpon|2/100
|move|p2a: Ogerpon|Ivy Cudgel|p1a: Rillaboom
|-resisted|p1a: Rillaboom
|-damage|p1a: Rillaboom|0 fnt
|faint|p1a: Rillaboom
|
|-heal|p2a: Ogerpon|8/100|[from] Grassy Terrain
|upkeep
|
|t:|1757880043
|switch|p1a: Garganacl|Garganacl, M|73/100
|turn|66
|
|t:|1757880046
|move|p1a: Garganacl|Protect|p1a: Garganacl
|-singleturn|p1a: Garganacl|Protect
|move|p2a: Ogerpon|Ivy Cudgel|p1a: Garganacl
|-activate|p1a: Garganacl|move: Protect
|
|-heal|p2a: Ogerpon|14/100|[from] Grassy Terrain
|-heal|p1a: Garganacl|79/100|[from] Grassy Terrain
|-heal|p1a: Garganacl|85/100|[from] item: Leftovers
|upkeep
|turn|67
|
|t:|1757880048
|move|p1a: Garganacl|Protect||[still]
|-fail|p1a: Garganacl
|move|p2a: Ogerpon|Encore|p1a: Garganacl
|-start|p1a: Garganacl|Encore
|
|-heal|p2a: Ogerpon|20/100|[from] Grassy Terrain
|-heal|p1a: Garganacl|91/100|[from] Grassy Terrain
|-heal|p1a: Garganacl|97/100|[from] item: Leftovers
|upkeep
|turn|68
|c|☆Dasmer03|ggs
|c|☆blonded|ggs
|-message|Dasmer03 forfeited.
|
|win|blonded
|player|p1|
|c|+sire clod|goat 
|player|p1|Dasmer03|#wcop2023spain|
