|j|☆evilbryanjohnson
|j|☆Celestial_dubkun
|t:|1757857653
|gametype|singles
|player|p1|evilbryanjohnson|101|1628
|player|p2|Celestial_dubkun|hiker-gen4|1634
|gen|9
|tier|[Gen 9] OU
|rated|
|rule|HP Percentage Mod: HP is shown in percentages
|rule|Endless Battle Clause: Forcing endless battles is banned
|rule|Species Clause: Limit one of each Pokémon
|rule|OHKO Clause: OHKO moves are banned
|rule|Evasion Items Clause: Evasion items are banned
|rule|Evasion Moves Clause: Evasion moves are banned
|rule|Evasion Abilities Clause: Evasion abilities are banned
|rule|Sleep Moves Clause: Sleep-inducing moves are banned
|clearpoke
|poke|p1|Kyurem|
|poke|p1|Great Tusk|
|poke|p1|Dragapult, F|
|poke|p1|Cinderace, M|
|poke|p1|Goodra-Hisui, M|
|poke|p1|Alomomola, M|
|poke|p2|Toxapex, F|
|poke|p2|Goodra-Hisui, M|
|poke|p2|Corviknight, M|
|poke|p2|Great Tusk|
|poke|p2|Enamorus, F|
|poke|p2|Darkrai|
|teampreview
|
|t:|1757857669
|teamsize|p1|6
|teamsize|p2|6
|start
|switch|p1a: Goodra|Goodra-Hisui, M|100/100
|switch|p2a: Goodra|Goodra-Hisui, M|100/100
|turn|1
|inactive|Battle timer is ON: inactive players will automatically lose when time's up. (requested by Celestial_dubkun)
|
|t:|1757857704
|move|p2a: Goodra|Knock Off|p1a: Goodra
|-damage|p1a: Goodra|70/100
|-ability|p1a: Goodra|Gooey
|-unboost|p2a: Goodra|spe|1
|-enditem|p1a: Goodra|Assault Vest|[from] move: Knock Off|[of] p2a: Goodra
|move|p1a: Goodra|Knock Off|p2a: Goodra
|-damage|p2a: Goodra|79/100
|-enditem|p2a: Goodra|Assault Vest|[from] move: Knock Off|[of] p1a: Goodra
|
|upkeep
|turn|2
|
|t:|1757857723
|switch|p1a: Alomomola|Alomomola, M|100/100
|move|p2a: Goodra|Earthquake|p1a: Alomomola
|-damage|p1a: Alomomola|83/100
|
|upkeep
|turn|3
|
|t:|1757857726
|move|p1a: Alomomola|Flip Turn|p2a: Goodra
|-resisted|p2a: Goodra
|-damage|p2a: Goodra|71/100
|
|t:|1757857730
|switch|p1a: Great Tusk|Great Tusk|100/100|[from] Flip Turn
|move|p2a: Goodra|Knock Off|p1a: Great Tusk
|-resisted|p1a: Great Tusk
|-damage|p1a: Great Tusk|89/100
|-enditem|p1a: Great Tusk|Heavy-Duty Boots|[from] move: Knock Off|[of] p2a: Goodra
|
|upkeep
|turn|4
|
|t:|1757857735
|-end|p1a: Great Tusk|Protosynthesis|[silent]
|switch|p1a: Cinderace|Cinderace, M|100/100
|switch|p2a: Great Tusk|Great Tusk|100/100
|
|upkeep
|turn|5
|
|t:|1757857742
|-terastallize|p2a: Great Tusk|Fire
|move|p1a: Cinderace|Will-O-Wisp|p2a: Great Tusk
|-immune|p2a: Great Tusk
|move|p2a: Great Tusk|Headlong Rush|p1a: Cinderace
|-supereffective|p1a: Cinderace
|-damage|p1a: Cinderace|0 fnt
|-unboost|p2a: Great Tusk|def|1
|-unboost|p2a: Great Tusk|spd|1
|faint|p1a: Cinderace
|
|upkeep
|
|t:|1757857747
|switch|p1a: Alomomola|Alomomola, M|100/100
|turn|6
|
|t:|1757857751
|-end|p2a: Great Tusk|Protosynthesis|[silent]
|switch|p2a: Corviknight|Corviknight, M|100/100
|-ability|p2a: Corviknight|Pressure
|move|p1a: Alomomola|Flip Turn|p2a: Corviknight
|-damage|p2a: Corviknight|90/100
|-damage|p1a: Alomomola|84/100|[from] item: Rocky Helmet|[of] p2a: Corviknight
|
|t:|1757857754
|switch|p1a: Dragapult|Dragapult, F|100/100|[from] Flip Turn
|
|upkeep
|turn|7
|
|t:|1757857758
|move|p1a: Dragapult|Will-O-Wisp|p2a: Corviknight|[miss]
|-miss|p1a: Dragapult|p2a: Corviknight
|move|p2a: Corviknight|U-turn|p1a: Dragapult
|-resisted|p1a: Dragapult
|-damage|p1a: Dragapult|90/100
|
|t:|1757857765
|switch|p2a: Enamorus|Enamorus, F|100/100|[from] U-turn
|
|upkeep
|turn|8
|
|t:|1757857768
|switch|p1a: Goodra|Goodra-Hisui, M|70/100
|move|p2a: Enamorus|Moonblast|p1a: Goodra
|-damage|p1a: Goodra|21/100
|
|upkeep
|turn|9
|
|t:|1757857773
|move|p2a: Enamorus|Moonblast|p1a: Goodra
|-damage|p1a: Goodra|0 fnt
|faint|p1a: Goodra
|
|upkeep
|
|t:|1757857782
|switch|p1a: Kyurem|Kyurem|100/100
|-ability|p1a: Kyurem|Pressure
|turn|10
|inactive|Celestial_dubkun has 120 seconds left.
|
|t:|1757857815
|switch|p2a: Goodra|Goodra-Hisui, M|71/100
|-terastallize|p1a: Kyurem|Steel
|move|p1a: Kyurem|Substitute|p1a: Kyurem
|-start|p1a: Kyurem|Substitute
|-damage|p1a: Kyurem|76/100
|
|-heal|p1a: Kyurem|82/100|[from] item: Leftovers
|upkeep
|turn|11
|
|t:|1757857836
|move|p1a: Kyurem|Protect|p1a: Kyurem
|-singleturn|p1a: Kyurem|Protect
|move|p2a: Goodra|Earthquake|p1a: Kyurem
|-activate|p1a: Kyurem|move: Protect
|
|-heal|p1a: Kyurem|88/100|[from] item: Leftovers
|upkeep
|turn|12
|
|t:|1757857840
|move|p1a: Kyurem|Dragon Dance|p1a: Kyurem
|-boost|p1a: Kyurem|atk|1
|-boost|p1a: Kyurem|spe|1
|move|p2a: Goodra|Earthquake|p1a: Kyurem
|-supereffective|p1a: Kyurem
|-end|p1a: Kyurem|Substitute
|
|-heal|p1a: Kyurem|94/100|[from] item: Leftovers
|upkeep
|turn|13
|j| RankerPranker
|
|t:|1757857846
|move|p1a: Kyurem|Protect|p1a: Kyurem
|-singleturn|p1a: Kyurem|Protect
|move|p2a: Goodra|Dragon Tail|p1a: Kyurem
|-activate|p1a: Kyurem|move: Protect
|
|-heal|p1a: Kyurem|99/100|[from] item: Leftovers
|upkeep
|turn|14
|
|t:|1757857853
|move|p1a: Kyurem|Substitute|p1a: Kyurem
|-start|p1a: Kyurem|Substitute
|-damage|p1a: Kyurem|75/100
|move|p2a: Goodra|Dragon Tail|p1a: Kyurem|[miss]
|-miss|p2a: Goodra|p1a: Kyurem
|
|-heal|p1a: Kyurem|82/100|[from] item: Leftovers
|upkeep
|turn|15
|
|t:|1757857859
|move|p1a: Kyurem|Protect|p1a: Kyurem
|-singleturn|p1a: Kyurem|Protect
|move|p2a: Goodra|Earthquake|p1a: Kyurem
|-activate|p1a: Kyurem|move: Protect
|
|-heal|p1a: Kyurem|88/100|[from] item: Leftovers
|upkeep
|turn|16
|
|t:|1757857861
|move|p1a: Kyurem|Dragon Dance|p1a: Kyurem
|-boost|p1a: Kyurem|atk|1
|-boost|p1a: Kyurem|spe|1
|move|p2a: Goodra|Earthquake|p1a: Kyurem
|-supereffective|p1a: Kyurem
|-end|p1a: Kyurem|Substitute
|
|-heal|p1a: Kyurem|94/100|[from] item: Leftovers
|upkeep
|turn|17
|
|t:|1757857869
|move|p1a: Kyurem|Substitute|p1a: Kyurem
|-start|p1a: Kyurem|Substitute
|-damage|p1a: Kyurem|69/100
|move|p2a: Goodra|Dragon Tail|p1a: Kyurem
|-resisted|p1a: Kyurem
|-activate|p1a: Kyurem|move: Substitute|[damage]
|
|-heal|p1a: Kyurem|75/100|[from] item: Leftovers
|upkeep
|turn|18
|
|t:|1757857871
|move|p1a: Kyurem|Icicle Spear|p2a: Goodra
|-damage|p2a: Goodra|49/100
|-damage|p2a: Goodra|27/100
|-damage|p2a: Goodra|3/100
|-damage|p2a: Goodra|0 fnt
|faint|p2a: Goodra
|-hitcount|p2: Goodra|4
|
|-heal|p1a: Kyurem|81/100|[from] item: Leftovers
|upkeep
|
|t:|1757857878
|switch|p2a: Toxapex|Toxapex, F|100/100
|turn|19
|
|t:|1757857880
|move|p1a: Kyurem|Icicle Spear|p2a: Toxapex
|-resisted|p2a: Toxapex
|-damage|p2a: Toxapex|93/100
|-resisted|p2a: Toxapex
|-damage|p2a: Toxapex|85/100
|-resisted|p2a: Toxapex
|-damage|p2a: Toxapex|77/100
|-hitcount|p2a: Toxapex|3
|move|p2a: Toxapex|Haze|p2a: Toxapex
|-clearallboost
|
|-heal|p1a: Kyurem|88/100|[from] item: Leftovers
|-heal|p2a: Toxapex|83/100|[from] item: Leftovers
|upkeep
|turn|20
|
|t:|1757857908
|move|p1a: Kyurem|Dragon Dance|p1a: Kyurem
|-boost|p1a: Kyurem|atk|1
|-boost|p1a: Kyurem|spe|1
|move|p2a: Toxapex|Infestation|p1a: Kyurem
|-resisted|p1a: Kyurem
|-activate|p1a: Kyurem|move: Substitute|[damage]
|
|-heal|p1a: Kyurem|94/100|[from] item: Leftovers
|-heal|p2a: Toxapex|89/100|[from] item: Leftovers
|upkeep
|turn|21
|
|t:|1757857914
|move|p1a: Kyurem|Icicle Spear|p2a: Toxapex
|-resisted|p2a: Toxapex
|-damage|p2a: Toxapex|83/100
|-resisted|p2a: Toxapex
|-damage|p2a: Toxapex|77/100
|-hitcount|p2a: Toxapex|2
|move|p2a: Toxapex|Haze|p2a: Toxapex
|-clearallboost
|
|-heal|p1a: Kyurem|99/100|[from] item: Leftovers
|-heal|p2a: Toxapex|83/100|[from] item: Leftovers
|upkeep
|turn|22
|
|t:|1757857920
|move|p1a: Kyurem|Dragon Dance|p1a: Kyurem
|-boost|p1a: Kyurem|atk|1
|-boost|p1a: Kyurem|spe|1
|move|p2a: Toxapex|Haze|p2a: Toxapex
|-clearallboost
|
|-heal|p1a: Kyurem|100/100|[from] item: Leftovers
|-heal|p2a: Toxapex|90/100|[from] item: Leftovers
|upkeep
|turn|23
|
|t:|1757857925
|move|p1a: Kyurem|Icicle Spear|p2a: Toxapex
|-resisted|p2a: Toxapex
|-damage|p2a: Toxapex|86/100
|-resisted|p2a: Toxapex
|-damage|p2a: Toxapex|82/100
|-hitcount|p2a: Toxapex|2
|move|p2a: Toxapex|Haze|p2a: Toxapex
|-clearallboost
|
|-heal|p2a: Toxapex|88/100|[from] item: Leftovers
|upkeep
|turn|24
|
|t:|1757857929
|move|p1a: Kyurem|Dragon Dance|p1a: Kyurem
|-boost|p1a: Kyurem|atk|1
|-boost|p1a: Kyurem|spe|1
|move|p2a: Toxapex|Haze|p2a: Toxapex
|-clearallboost
|
|-heal|p2a: Toxapex|94/100|[from] item: Leftovers
|upkeep
|turn|25
|
|t:|1757857940
|switch|p2a: Corviknight|Corviknight, M|90/100
|-ability|p2a: Corviknight|Pressure
|move|p1a: Kyurem|Dragon Dance|p1a: Kyurem
|-boost|p1a: Kyurem|atk|1
|-boost|p1a: Kyurem|spe|1
|
|upkeep
|turn|26
|
|t:|1757857944
|switch|p2a: Toxapex|Toxapex, F|100/100
|move|p1a: Kyurem|Dragon Dance|p1a: Kyurem
|-boost|p1a: Kyurem|atk|1
|-boost|p1a: Kyurem|spe|1
|
|upkeep
|turn|27
|
|t:|1757857949
|move|p1a: Kyurem|Icicle Spear|p2a: Toxapex
|-resisted|p2a: Toxapex
|-crit|p2a: Toxapex
|-damage|p2a: Toxapex|88/100
|-resisted|p2a: Toxapex
|-damage|p2a: Toxapex|81/100
|-resisted|p2a: Toxapex
|-damage|p2a: Toxapex|73/100
|-resisted|p2a: Toxapex
|-damage|p2a: Toxapex|66/100
|-resisted|p2a: Toxapex
|-damage|p2a: Toxapex|58/100
|-hitcount|p2a: Toxapex|5
|move|p2a: Toxapex|Haze|p2a: Toxapex
|-clearallboost
|
|-heal|p2a: Toxapex|64/100|[from] item: Leftovers
|upkeep
|turn|28
|
|t:|1757857963
|switch|p1a: Dragapult|Dragapult, F|90/100
|move|p2a: Toxapex|Haze|p2a: Toxapex
|-clearallboost
|
|-heal|p2a: Toxapex|70/100|[from] item: Leftovers
|upkeep
|turn|29
|
|t:|1757857974
|move|p1a: Dragapult|Will-O-Wisp|p2a: Toxapex|[miss]
|-miss|p1a: Dragapult|p2a: Toxapex
|move|p2a: Toxapex|Toxic|p1a: Dragapult
|-status|p1a: Dragapult|tox
|
|-heal|p2a: Toxapex|76/100|[from] item: Leftovers
|-damage|p1a: Dragapult|84/100 tox|[from] psn
|upkeep
|turn|30
|
|t:|1757857985
|switch|p2a: Corviknight|Corviknight, M|90/100
|-ability|p2a: Corviknight|Pressure
|move|p1a: Dragapult|Will-O-Wisp|p2a: Corviknight
|-status|p2a: Corviknight|brn
|
|-damage|p1a: Dragapult|72/100 tox|[from] psn
|-damage|p2a: Corviknight|84/100 brn|[from] brn
|upkeep
|turn|31
|
|t:|1757857989
|move|p1a: Dragapult|Hex|p2a: Corviknight
|-damage|p2a: Corviknight|37/100 brn
|move|p2a: Corviknight|U-turn|p1a: Dragapult
|-resisted|p1a: Dragapult
|-damage|p1a: Dragapult|68/100 tox
|
|t:|1757858000
|switch|p2a: Darkrai|Darkrai|100/100|[from] U-turn
|
|-damage|p1a: Dragapult|50/100 tox|[from] psn
|upkeep
|turn|32
|
|t:|1757858006
|move|p1a: Dragapult|U-turn|p2a: Darkrai
|-supereffective|p2a: Darkrai
|-damage|p2a: Darkrai|44/100
|
|t:|1757858011
|switch|p1a: Alomomola|Alomomola, M|100/100|[from] U-turn
|move|p2a: Darkrai|Dark Pulse|p1a: Alomomola
|-damage|p1a: Alomomola|46/100
|
|upkeep
|turn|33
|
|t:|1757858017
|move|p1a: Alomomola|Protect|p1a: Alomomola
|-singleturn|p1a: Alomomola|Protect
|move|p2a: Darkrai|Dark Pulse|p1a: Alomomola
|-activate|p1a: Alomomola|move: Protect
|
|upkeep
|turn|34
|
|t:|1757858022
|switch|p1a: Great Tusk|Great Tusk|89/100
|move|p2a: Darkrai|Dark Pulse|p1a: Great Tusk
|-resisted|p1a: Great Tusk
|-damage|p1a: Great Tusk|54/100
|
|upkeep
|turn|35
|
|t:|1757858027
|move|p2a: Darkrai|Ice Beam|p1a: Great Tusk
|-supereffective|p1a: Great Tusk
|-damage|p1a: Great Tusk|0 fnt
|faint|p1a: Great Tusk
|-end|p1a: Great Tusk|Protosynthesis|[silent]
|
|upkeep
|
|t:|1757858032
|switch|p1a: Dragapult|Dragapult, F|50/100 tox
|turn|36
|
|t:|1757858039
|switch|p2a: Corviknight|Corviknight, M|37/100 brn
|-ability|p2a: Corviknight|Pressure
|move|p1a: Dragapult|U-turn|p2a: Corviknight
|-resisted|p2a: Corviknight
|-damage|p2a: Corviknight|34/100 brn
|-damage|p1a: Dragapult|33/100 tox|[from] item: Rocky Helmet|[of] p2a: Corviknight
|
|t:|1757858043
|switch|p1a: Alomomola|Alomomola, M|80/100|[from] U-turn
|
|-damage|p2a: Corviknight|28/100 brn|[from] brn
|upkeep
|turn|37
|
|t:|1757858046
|move|p2a: Corviknight|Roost|p2a: Corviknight
|-heal|p2a: Corviknight|78/100 brn
|-singleturn|p2a: Corviknight|move: Roost
|move|p1a: Alomomola|Wish|p1a: Alomomola
|
|-damage|p2a: Corviknight|72/100 brn|[from] brn
|upkeep
|turn|38
|j| wgw2333
|
|t:|1757858069
|move|p2a: Corviknight|Brave Bird|p1a: Alomomola
|-damage|p1a: Alomomola|69/100
|-damage|p2a: Corviknight|67/100 brn|[from] Recoil
|move|p1a: Alomomola|Flip Turn|p2a: Corviknight
|-damage|p2a: Corviknight|56/100 brn
|-damage|p1a: Alomomola|52/100|[from] item: Rocky Helmet|[of] p2a: Corviknight
|
|t:|1757858089
|switch|p1a: Dragapult|Dragapult, F|33/100 tox|[from] Flip Turn
|
|-heal|p1a: Dragapult|100/100 tox|[from] move: Wish|[wisher] Alomomola
|-damage|p1a: Dragapult|95/100 tox|[from] psn
|-damage|p2a: Corviknight|50/100 brn|[from] brn
|upkeep
|turn|39
|
|t:|1757858098
|move|p1a: Dragapult|Hex|p2a: Corviknight
|-damage|p2a: Corviknight|0 fnt
|faint|p2a: Corviknight
|
|-damage|p1a: Dragapult|83/100 tox|[from] psn
|upkeep
|
|t:|1757858112
|switch|p2a: Enamorus|Enamorus, F|100/100
|turn|40
|
|t:|1757858119
|switch|p1a: Alomomola|Alomomola, M|86/100
|move|p2a: Enamorus|Earth Power|p1a: Alomomola
|-damage|p1a: Alomomola|24/100
|
|upkeep
|turn|41
|
|t:|1757858124
|move|p1a: Alomomola|Protect|p1a: Alomomola
|-singleturn|p1a: Alomomola|Protect
|move|p2a: Enamorus|Earth Power|p1a: Alomomola
|-activate|p1a: Alomomola|move: Protect
|
|upkeep
|turn|42
|
|t:|1757858131
|move|p1a: Alomomola|Protect|p1a: Alomomola
|-singleturn|p1a: Alomomola|Protect
|move|p2a: Enamorus|Earth Power|p1a: Alomomola
|-activate|p1a: Alomomola|move: Protect
|
|upkeep
|turn|43
|
|t:|1757858136
|move|p1a: Alomomola|Protect||[still]
|-fail|p1a: Alomomola
|move|p2a: Enamorus|Earth Power|p1a: Alomomola
|-damage|p1a: Alomomola|0 fnt
|faint|p1a: Alomomola
|
|upkeep
|
|t:|1757858140
|switch|p1a: Dragapult|Dragapult, F|83/100 tox
|turn|44
|
|t:|1757858164
|move|p1a: Dragapult|Will-O-Wisp|p2a: Enamorus
|-status|p2a: Enamorus|brn
|move|p2a: Enamorus|Earth Power|p1a: Dragapult
|-crit|p1a: Dragapult
|-damage|p1a: Dragapult|0 fnt
|faint|p1a: Dragapult
|
|-damage|p2a: Enamorus|94/100 brn|[from] brn
|upkeep
|
|t:|1757858167
|switch|p1a: Kyurem|Kyurem, tera:Steel|100/100
|-ability|p1a: Kyurem|Pressure
|turn|45
|
|t:|1757858172
|move|p2a: Enamorus|Earth Power|p1a: Kyurem
|-supereffective|p1a: Kyurem
|-crit|p1a: Kyurem
|-damage|p1a: Kyurem|0 fnt
|faint|p1a: Kyurem
|
|win|Celestial_dubkun
|raw|evilbryanjohnson's rating: 1609 &rarr; <strong>1590</strong><br />(-19 for losing)
|raw|Celestial_dubkun's rating: 1634 &rarr; <strong>1653</strong><br />(+19 for winning)
|l|☆evilbryanjohnson
|player|p1|
|l|☆Celestial_dubkun
|player|p2|
