|j|☆LOve4RussIA
|j|☆licsaurio
|t:|1757831688
|gametype|singles
|player|p1|LOve4RussIA|169|1156
|player|p2|licsaurio|265|1169
|gen|9
|tier|[Gen 9] OU
|rated|
|rule|HP Percentage Mod: HP is shown in percentages
|rule|Endless Battle Clause: Forcing endless battles is banned
|rule|Species Clause: Limit one of each Pokémon
|rule|OHKO Clause: OHKO moves are banned
|rule|Evasion Items Clause: Evasion items are banned
|rule|Evasion Moves Clause: Evasion moves are banned
|rule|Evasion Abilities Clause: Evasion abilities are banned
|rule|Sleep Moves Clause: Sleep-inducing moves are banned
|clearpoke
|poke|p1|Pecharunt|
|poke|p1|Sinistcha|
|poke|p1|Moltres|
|poke|p1|Blissey, F|
|poke|p1|Sylveon, F|
|poke|p1|Ting-Lu|
|poke|p2|Landorus-Therian, M|
|poke|p2|Kingambit, F|
|poke|p2|Blaziken, F|
|poke|p2|Dragapult, M|
|poke|p2|Hatterene, F|
|poke|p2|Ursaluna, M|
|teampreview
|inactive|Battle timer is ON: inactive players will automatically lose when time's up. (requested by LOve4RussIA)
|
|t:|1757831716
|teamsize|p1|6
|teamsize|p2|6
|start
|switch|p1a: Blissey|Blissey, F|100/100
|switch|p2a: Landorus|Landorus-Therian, M|100/100
|-ability|p2a: Landorus|Intimidate|boost
|-unboost|p1a: Blissey|atk|1
|turn|1
|
|t:|1757831728
|move|p2a: Landorus|Earthquake|p1a: Blissey
|-damage|p1a: Blissey|47/100
|move|p1a: Blissey|Ice Beam|p2a: Landorus
|-supereffective|p2a: Landorus
|-damage|p2a: Landorus|0 fnt
|faint|p2a: Landorus
|
|-heal|p1a: Blissey|53/100|[from] item: Leftovers
|upkeep
|inactive|licsaurio has 120 seconds left.
|
|t:|1757831755
|switch|p2a: Hatterene|Hatterene, F|100/100
|turn|2
|
|t:|1757831768
|move|p1a: Blissey|Ice Beam|p2a: Hatterene
|-damage|p2a: Hatterene|76/100
|move|p2a: Hatterene|Trick Room|p2a: Hatterene
|-fieldstart|move: Trick Room|[of] p2a: Hatterene
|
|-heal|p2a: Hatterene|82/100|[from] item: Leftovers
|-heal|p1a: Blissey|59/100|[from] item: Leftovers
|upkeep
|turn|3
|
|t:|1757831777
|move|p2a: Hatterene|Psyshock|p1a: Blissey
|-damage|p1a: Blissey|13/100
|move|p1a: Blissey|Ice Beam|p2a: Hatterene
|-damage|p2a: Hatterene|58/100
|
|-heal|p2a: Hatterene|64/100|[from] item: Leftovers
|-heal|p1a: Blissey|19/100|[from] item: Leftovers
|upkeep
|turn|4
|
|t:|1757831787
|switch|p1a: Ting-Lu|Ting-Lu|100/100
|-ability|p1a: Ting-Lu|Vessel of Ruin
|move|p2a: Hatterene|Psyshock|p1a: Ting-Lu
|-immune|p1a: Ting-Lu
|
|-heal|p2a: Hatterene|70/100|[from] item: Leftovers
|upkeep
|turn|5
|
|t:|1757831800
|move|p2a: Hatterene|Dazzling Gleam|p1a: Ting-Lu
|-supereffective|p1a: Ting-Lu
|-damage|p1a: Ting-Lu|61/100
|move|p1a: Ting-Lu|Earthquake|p2a: Hatterene
|-damage|p2a: Hatterene|24/100
|
|-heal|p2a: Hatterene|30/100|[from] item: Leftovers
|-heal|p1a: Ting-Lu|67/100|[from] item: Leftovers
|upkeep
|turn|6
|
|t:|1757831810
|move|p2a: Hatterene|Misty Explosion|p1a: Ting-Lu
|-supereffective|p1a: Ting-Lu
|-damage|p1a: Ting-Lu|16/100
|faint|p2a: Hatterene
|move|p1a: Ting-Lu|Earthquake|p2: Hatterene|[notarget]
|-fail|p1a: Ting-Lu
|
|-heal|p1a: Ting-Lu|22/100|[from] item: Leftovers
|-fieldend|move: Trick Room
|upkeep
|
|t:|1757831830
|switch|p2a: Blaziken|Blaziken, F|100/100
|turn|7
|
|t:|1757831841
|switch|p2a: Ursaluna|Ursaluna, M|100/100
|move|p1a: Ting-Lu|Whirlwind|p2a: Ursaluna
|drag|p2a: Dragapult|Dragapult, M|100/100
|
|-heal|p1a: Ting-Lu|28/100|[from] item: Leftovers
|upkeep
|turn|8
|inactive|licsaurio has 120 seconds left.
|
|t:|1757831870
|move|p2a: Dragapult|U-turn|p1a: Ting-Lu
|-supereffective|p1a: Ting-Lu
|-damage|p1a: Ting-Lu|11/100
|inactive|licsaurio has 120 seconds left.
|
|t:|1757831886
|switch|p2a: Blaziken|Blaziken, F|100/100|[from] U-turn
|move|p1a: Ting-Lu|Earthquake|p2a: Blaziken
|-supereffective|p2a: Blaziken
|-enditem|p2a: Blaziken|Focus Sash
|-damage|p2a: Blaziken|1/100
|
|-heal|p1a: Ting-Lu|17/100|[from] item: Leftovers
|upkeep
|turn|9
|
|t:|1757831898
|move|p2a: Blaziken|Blaze Kick|p1a: Ting-Lu
|-damage|p1a: Ting-Lu|0 fnt
|faint|p1a: Ting-Lu
|
|-ability|p2a: Blaziken|Speed Boost|boost
|-boost|p2a: Blaziken|spe|1
|upkeep
|
|t:|1757831909
|switch|p1a: Sinistcha|Sinistcha|100/100
|turn|10
|inactive|licsaurio has 120 seconds left.
|
|t:|1757831941
|-terastallize|p1a: Sinistcha|Water
|move|p2a: Blaziken|Blaze Kick|p1a: Sinistcha
|-resisted|p1a: Sinistcha
|-crit|p1a: Sinistcha
|-damage|p1a: Sinistcha|89/100
|-damage|p2a: Blaziken|0 fnt|[from] item: Rocky Helmet|[of] p1a: Sinistcha
|faint|p2a: Blaziken
|move|p1a: Sinistcha|Calm Mind|p1a: Sinistcha
|-boost|p1a: Sinistcha|spa|1
|-boost|p1a: Sinistcha|spd|1
|
|upkeep
|inactive|licsaurio has 90 seconds left.
|
|t:|1757831963
|switch|p2a: Dragapult|Dragapult, M|100/100
|turn|11
|inactive|licsaurio has 90 seconds left.
|
|t:|1757831977
|-terastallize|p2a: Dragapult|Fairy
|move|p2a: Dragapult|Thunderbolt|p1a: Sinistcha
|-supereffective|p1a: Sinistcha
|-damage|p1a: Sinistcha|23/100
|move|p1a: Sinistcha|Strength Sap|p2a: Dragapult
|-unboost|p2a: Dragapult|atk|1
|-heal|p1a: Sinistcha|95/100
|
|upkeep
|turn|12
|inactive|licsaurio has 90 seconds left.
|inactive|LOve4RussIA has 120 seconds left.
|
|t:|1757832009
|move|p2a: Dragapult|Thunderbolt|p1a: Sinistcha
|-supereffective|p1a: Sinistcha
|-damage|p1a: Sinistcha|30/100
|move|p1a: Sinistcha|Scald|p2a: Dragapult
|-damage|p2a: Dragapult|34/100
|
|upkeep
|turn|13
|inactive|LOve4RussIA has 120 seconds left.
|
|t:|1757832019
|move|p2a: Dragapult|Thunderbolt|p1a: Sinistcha
|-supereffective|p1a: Sinistcha
|-damage|p1a: Sinistcha|0 fnt
|faint|p1a: Sinistcha
|
|upkeep
|inactive|LOve4RussIA has 120 seconds left.
|
|t:|1757832028
|switch|p1a: Sylveon|Sylveon, F|100/100
|turn|14
|inactive|licsaurio has 90 seconds left.
|
|t:|1757832053
|switch|p2a: Kingambit|Kingambit, F|100/100
|-activate|p2a: Kingambit|ability: Supreme Overlord
|-start|p2a: Kingambit|fallen3|[silent]
|move|p1a: Sylveon|Hyper Voice|p2a: Kingambit
|-damage|p2a: Kingambit|64/100
|-enditem|p1a: Sylveon|Throat Spray
|-boost|p1a: Sylveon|spa|1|[from] item: Throat Spray
|
|upkeep
|turn|15
|inactive|licsaurio has 90 seconds left.
|inactive|LOve4RussIA has 120 seconds left.
|
|t:|1757832070
|move|p1a: Sylveon|Hyper Voice|p2a: Kingambit
|-damage|p2a: Kingambit|5/100
|move|p2a: Kingambit|Kowtow Cleave|p1a: Sylveon
|-resisted|p1a: Sylveon
|-damage|p1a: Sylveon|50/100
|-damage|p2a: Kingambit|0 fnt|[from] item: Life Orb
|faint|p2a: Kingambit
|-end|p2a: Kingambit|fallen3|[silent]
|
|upkeep
|
|t:|1757832085
|switch|p2a: Dragapult|Dragapult, M, tera:Fairy|34/100
|turn|16
|
|t:|1757832090
|move|p2a: Dragapult|Shadow Ball|p1a: Sylveon
|-damage|p1a: Sylveon|22/100
|move|p1a: Sylveon|Hyper Voice|p2a: Dragapult
|-damage|p2a: Dragapult|0 fnt
|faint|p2a: Dragapult
|
|upkeep
|
|t:|1757832098
|switch|p2a: Ursaluna|Ursaluna, M|100/100
|turn|17
|inactive|licsaurio has 90 seconds left.
|
|t:|1757832107
|move|p1a: Sylveon|Hyper Voice|p2a: Ursaluna
|-damage|p2a: Ursaluna|46/100
|move|p2a: Ursaluna|Facade|p1a: Sylveon
|-damage|p1a: Sylveon|0 fnt
|faint|p1a: Sylveon
|
|-status|p2a: Ursaluna|brn|[from] item: Flame Orb
|upkeep
|
|t:|1757832122
|switch|p1a: Blissey|Blissey, F|19/100
|turn|18
|
|t:|1757832127
|move|p1a: Blissey|Ice Beam|p2a: Ursaluna
|-supereffective|p2a: Ursaluna
|-damage|p2a: Ursaluna|5/100 brn
|move|p2a: Ursaluna|Facade|p1a: Blissey
|-crit|p1a: Blissey
|-damage|p1a: Blissey|0 fnt
|faint|p1a: Blissey
|
|-damage|p2a: Ursaluna|0 fnt|[from] brn
|faint|p2a: Ursaluna
|
|win|LOve4RussIA
|raw|LOve4RussIA's rating: 1156 &rarr; <strong>1182</strong><br />(+26 for winning)
|raw|licsaurio's rating: 1169 &rarr; <strong>1143</strong><br />(-26 for losing)
|l|☆licsaurio
|player|p2|
|l|☆LOve4RussIA
|player|p1|
