|j|☆Treadz2025
|j|☆JACKJACK166
|t:|1757925012
|gametype|singles
|player|p1|Treadz2025|pokemonrangerf|1326
|player|p2|JACKJACK166|169|1383
|gen|9
|tier|[Gen 9] OU
|rated|
|rule|HP Percentage Mod: HP is shown in percentages
|rule|Endless Battle Clause: Forcing endless battles is banned
|rule|Species Clause: Limit one of each Pokémon
|rule|OHKO Clause: OHKO moves are banned
|rule|Evasion Items Clause: Evasion items are banned
|rule|Evasion Moves Clause: Evasion moves are banned
|rule|Evasion Abilities Clause: Evasion abilities are banned
|rule|Sleep Moves Clause: Sleep-inducing moves are banned
|clearpoke
|poke|p1|Slowking-Galar, F|
|poke|p1|Corviknight, F|
|poke|p1|Zamazenta-*|
|poke|p1|Raging Bolt|
|poke|p1|Pecharunt|
|poke|p1|Great Tusk|
|poke|p2|Alomomola, M|
|poke|p2|Tornadus-Therian, M|
|poke|p2|Hydrapple, M|
|poke|p2|Cyclizar, M|
|poke|p2|Mienshao, F|
|poke|p2|Toxapex, M|
|teampreview
|inactive|Battle timer is ON: inactive players will automatically lose when time's up. (requested by Treadz2025)
|
|t:|1757925041
|teamsize|p1|6
|teamsize|p2|6
|start
|switch|p1a: Pecharunt|Pecharunt|100/100
|switch|p2a: Tornadus|Tornadus-Therian, M|100/100
|turn|1
|
|t:|1757925068
|-terastallize|p2a: Tornadus|Flying
|move|p2a: Tornadus|Bleakwind Storm|p1a: Pecharunt
|-damage|p1a: Pecharunt|10/100
|-unboost|p1a: Pecharunt|spe|1
|move|p1a: Pecharunt|Malignant Chain|p2a: Tornadus
|-damage|p2a: Tornadus|50/100
|
|-heal|p1a: Pecharunt|16/100|[from] item: Leftovers
|upkeep
|turn|2
|
|t:|1757925080
|switch|p1a: Corviknight|Corviknight, F, shiny|100/100
|move|p2a: Tornadus|Bleakwind Storm|p1a: Corviknight
|-resisted|p1a: Corviknight
|-damage|p1a: Corviknight|55/100
|
|upkeep
|turn|3
|
|t:|1757925089
|move|p2a: Tornadus|Bleakwind Storm|p1a: Corviknight
|-resisted|p1a: Corviknight
|-crit|p1a: Corviknight
|-damage|p1a: Corviknight|0 fnt
|faint|p1a: Corviknight
|
|upkeep
|
|t:|1757925095
|switch|p1a: Raging Bolt|Raging Bolt|100/100
|turn|4
|
|t:|1757925103
|switch|p2a: Hydrapple|Hydrapple, M|100/100
|move|p1a: Raging Bolt|Thunderbolt|p2a: Hydrapple
|-resisted|p2a: Hydrapple
|-damage|p2a: Hydrapple|88/100
|
|upkeep
|turn|5
|
|t:|1757925117
|switch|p2a: Toxapex|Toxapex, M|100/100
|move|p1a: Raging Bolt|Substitute|p1a: Raging Bolt
|-start|p1a: Raging Bolt|Substitute
|-damage|p1a: Raging Bolt|75/100
|
|-heal|p1a: Raging Bolt|82/100|[from] item: Leftovers
|upkeep
|turn|6
|
|t:|1757925133
|move|p1a: Raging Bolt|Thunderbolt|p2a: Toxapex
|-supereffective|p2a: Toxapex
|-damage|p2a: Toxapex|31/100
|move|p2a: Toxapex|Toxic Spikes|p1a: Raging Bolt
|-sidestart|p1: Treadz2025|move: Toxic Spikes
|
|-heal|p1a: Raging Bolt|88/100|[from] item: Leftovers
|-heal|p2a: Toxapex|38/100|[from] item: Leftovers
|upkeep
|turn|7
|
|t:|1757925141
|switch|p2a: Hydrapple|Hydrapple, M|100/100
|move|p1a: Raging Bolt|Thunderbolt|p2a: Hydrapple
|-resisted|p2a: Hydrapple
|-damage|p2a: Hydrapple|87/100
|
|-heal|p1a: Raging Bolt|94/100|[from] item: Leftovers
|upkeep
|turn|8
|
|t:|1757925150
|-terastallize|p1a: Raging Bolt|Ice
|move|p1a: Raging Bolt|Tera Blast|p2a: Hydrapple|[anim] Tera Blast Ice
|-supereffective|p2a: Hydrapple
|-crit|p2a: Hydrapple
|-damage|p2a: Hydrapple|0 fnt
|faint|p2a: Hydrapple
|
|-heal|p1a: Raging Bolt|100/100|[from] item: Leftovers
|upkeep
|
|t:|1757925166
|switch|p2a: Mienshao|Mienshao, F|100/100
|turn|9
|
|t:|1757925170
|move|p2a: Mienshao|U-turn|p1a: Raging Bolt
|-crit|p1a: Raging Bolt
|-end|p1a: Raging Bolt|Substitute
|-damage|p2a: Mienshao|91/100|[from] item: Life Orb
|
|t:|1757925176
|switch|p2a: Cyclizar|Cyclizar, M|100/100|[from] U-turn
|move|p1a: Raging Bolt|Thunderbolt|p2a: Cyclizar
|-resisted|p2a: Cyclizar
|-damage|p2a: Cyclizar|56/100
|
|upkeep
|turn|10
|
|t:|1757925186
|-end|p1a: Raging Bolt|Protosynthesis|[silent]
|switch|p1a: Pecharunt|Pecharunt|16/100
|-sideend|p1: Treadz2025|move: Toxic Spikes|[of] p1a: Pecharunt
|move|p2a: Cyclizar|Double-Edge|p1a: Pecharunt
|-immune|p1a: Pecharunt
|
|-heal|p1a: Pecharunt|23/100|[from] item: Leftovers
|upkeep
|turn|11
|
|t:|1757925195
|switch|p2a: Tornadus|Tornadus-Therian, M, tera:Flying|84/100
|move|p1a: Pecharunt|Recover|p1a: Pecharunt
|-heal|p1a: Pecharunt|73/100
|
|-heal|p1a: Pecharunt|79/100|[from] item: Leftovers
|upkeep
|turn|12
|
|t:|1757925208
|switch|p1a: Slowking|Slowking-Galar, F|100/100
|move|p2a: Tornadus|Bleakwind Storm|p1a: Slowking|[miss]
|-miss|p2a: Tornadus|p1a: Slowking
|
|upkeep
|turn|13
|
|t:|1757925215
|move|p2a: Tornadus|Bleakwind Storm|p1a: Slowking
|-damage|p1a: Slowking|33/100
|-unboost|p1a: Slowking|spe|1
|move|p1a: Slowking|Future Sight|p2a: Tornadus
|-start|p1a: Slowking|move: Future Sight
|
|-heal|p1a: Slowking|39/100|[from] item: Black Sludge
|upkeep
|turn|14
|
|t:|1757925239
|switch|p1a: Zamazenta|Zamazenta|100/100
|-ability|p1a: Zamazenta|Dauntless Shield|boost
|-boost|p1a: Zamazenta|def|1
|move|p2a: Tornadus|Bleakwind Storm|p1a: Zamazenta
|-supereffective|p1a: Zamazenta
|-damage|p1a: Zamazenta|11/100
|
|upkeep
|turn|15
|
|t:|1757925250
|move|p1a: Zamazenta|Quick Attack|p2a: Tornadus
|-damage|p2a: Tornadus|63/100
|move|p2a: Tornadus|Bleakwind Storm|p1a: Zamazenta
|-supereffective|p1a: Zamazenta
|-damage|p1a: Zamazenta|0 fnt
|faint|p1a: Zamazenta
|
|-end|p2a: Tornadus|move: Future Sight
|-damage|p2a: Tornadus|0 fnt
|faint|p2a: Tornadus
|upkeep
|
|t:|1757925263
|switch|p2a: Cyclizar|Cyclizar, M|89/100
|switch|p1a: Great Tusk|Great Tusk|100/100
|turn|16
|
|t:|1757925270
|switch|p2a: Alomomola|Alomomola, M|100/100
|move|p1a: Great Tusk|Close Combat|p2a: Alomomola
|-damage|p2a: Alomomola|54/100
|-unboost|p1a: Great Tusk|def|1
|-unboost|p1a: Great Tusk|spd|1
|-damage|p1a: Great Tusk|84/100|[from] item: Rocky Helmet|[of] p2a: Alomomola
|-damage|p1a: Great Tusk|74/100|[from] item: Life Orb
|
|upkeep
|turn|17
|
|t:|1757925281
|move|p1a: Great Tusk|Supercell Slam|p2a: Alomomola
|-supereffective|p2a: Alomomola
|-damage|p2a: Alomomola|3/100
|-damage|p1a: Great Tusk|58/100|[from] item: Rocky Helmet|[of] p2a: Alomomola
|-damage|p1a: Great Tusk|48/100|[from] item: Life Orb
|move|p2a: Alomomola|Flip Turn|p1a: Great Tusk
|-supereffective|p1a: Great Tusk
|-damage|p1a: Great Tusk|12/100
|
|t:|1757925296
|switch|p2a: Mienshao|Mienshao, F|100/100|[from] Flip Turn
|
|upkeep
|turn|18
|
|t:|1757925303
|-end|p1a: Great Tusk|Protosynthesis|[silent]
|switch|p1a: Pecharunt|Pecharunt|79/100
|move|p2a: Mienshao|Close Combat|p1a: Pecharunt
|-immune|p1a: Pecharunt
|
|-heal|p1a: Pecharunt|85/100|[from] item: Leftovers
|upkeep
|turn|19
|
|t:|1757925314
|move|p2a: Mienshao|Knock Off|p1a: Pecharunt
|-supereffective|p1a: Pecharunt
|-damage|p1a: Pecharunt|32/100
|-enditem|p1a: Pecharunt|Leftovers|[from] move: Knock Off|[of] p2a: Mienshao
|-damage|p2a: Mienshao|91/100|[from] item: Life Orb
|move|p1a: Pecharunt|Malignant Chain|p2a: Mienshao
|-damage|p2a: Mienshao|3/100
|
|upkeep
|turn|20
|
|t:|1757925327
|switch|p2a: Toxapex|Toxapex, M|71/100
|move|p1a: Pecharunt|Shadow Ball|p2a: Toxapex
|-damage|p2a: Toxapex|47/100
|
|-heal|p2a: Toxapex|53/100|[from] item: Leftovers
|upkeep
|turn|21
|
|t:|1757925335
|move|p1a: Pecharunt|Recover|p1a: Pecharunt
|-heal|p1a: Pecharunt|82/100
|move|p2a: Toxapex|Liquidation|p1a: Pecharunt
|-damage|p1a: Pecharunt|72/100
|
|-heal|p2a: Toxapex|60/100|[from] item: Leftovers
|upkeep
|turn|22
|
|t:|1757925348
|move|p1a: Pecharunt|Shadow Ball|p2a: Toxapex
|-damage|p2a: Toxapex|38/100
|move|p2a: Toxapex|Liquidation|p1a: Pecharunt
|-damage|p1a: Pecharunt|62/100
|
|-heal|p2a: Toxapex|44/100|[from] item: Leftovers
|upkeep
|turn|23
|
|t:|1757925361
|move|p1a: Pecharunt|Shadow Ball|p2a: Toxapex
|-damage|p2a: Toxapex|21/100
|move|p2a: Toxapex|Liquidation|p1a: Pecharunt
|-damage|p1a: Pecharunt|50/100
|-unboost|p1a: Pecharunt|def|1
|
|-heal|p2a: Toxapex|27/100|[from] item: Leftovers
|upkeep
|turn|24
|
|t:|1757925371
|move|p1a: Pecharunt|Parting Shot|p2a: Toxapex
|-unboost|p2a: Toxapex|atk|1
|-unboost|p2a: Toxapex|spa|1
|
|t:|1757925376
|switch|p1a: Slowking|Slowking-Galar, F|72/100|[from] Parting Shot
|move|p2a: Toxapex|Recover|p2a: Toxapex
|-heal|p2a: Toxapex|77/100
|
|-heal|p2a: Toxapex|83/100|[from] item: Leftovers
|-heal|p1a: Slowking|78/100|[from] item: Black Sludge
|upkeep
|turn|25
|
|t:|1757925400
|switch|p2a: Cyclizar|Cyclizar, M|100/100
|move|p1a: Slowking|Future Sight|p2a: Cyclizar
|-start|p1a: Slowking|move: Future Sight
|
|-heal|p1a: Slowking|85/100|[from] item: Black Sludge
|upkeep
|turn|26
|
|t:|1757925419
|switch|p1a: Great Tusk|Great Tusk|12/100
|move|p2a: Cyclizar|Knock Off|p1a: Great Tusk
|-resisted|p1a: Great Tusk
|-damage|p1a: Great Tusk|0 fnt
|-enditem|p1a: Great Tusk|Life Orb|[from] move: Knock Off|[of] p2a: Cyclizar
|faint|p1a: Great Tusk
|-end|p1a: Great Tusk|Protosynthesis|[silent]
|
|upkeep
|
|t:|1757925431
|switch|p1a: Raging Bolt|Raging Bolt, tera:Ice|100/100
|turn|27
|
|t:|1757925458
|switch|p2a: Toxapex|Toxapex, M|100/100
|move|p1a: Raging Bolt|Substitute|p1a: Raging Bolt
|-start|p1a: Raging Bolt|Substitute
|-damage|p1a: Raging Bolt|75/100
|
|-end|p2a: Toxapex|move: Future Sight
|-supereffective|p2a: Toxapex
|-damage|p2a: Toxapex|24/100
|-heal|p1a: Raging Bolt|82/100|[from] item: Leftovers
|-heal|p2a: Toxapex|30/100|[from] item: Leftovers
|upkeep
|turn|28
|inactive|JACKJACK166 has 120 seconds left.
|
|t:|1757925476
|move|p1a: Raging Bolt|Thunderbolt|p2a: Toxapex
|-supereffective|p2a: Toxapex
|-damage|p2a: Toxapex|0 fnt
|faint|p2a: Toxapex
|
|-heal|p1a: Raging Bolt|88/100|[from] item: Leftovers
|upkeep
|inactive|JACKJACK166 has 120 seconds left.
|inactive|JACKJACK166 has 90 seconds left.
|inactive|JACKJACK166 has 60 seconds left.
|
|t:|1757925542
|switch|p2a: Mienshao|Mienshao, F|36/100
|turn|29
|
|t:|1757925550
|move|p2a: Mienshao|U-turn|p1a: Raging Bolt
|-activate|p1a: Raging Bolt|move: Substitute|[damage]
|-damage|p2a: Mienshao|26/100|[from] item: Life Orb
|
|t:|1757925554
|switch|p2a: Alomomola|Alomomola, M|36/100|[from] U-turn
|move|p1a: Raging Bolt|Thunderbolt|p2a: Alomomola
|-supereffective|p2a: Alomomola
|-damage|p2a: Alomomola|0 fnt
|faint|p2a: Alomomola
|
|-heal|p1a: Raging Bolt|94/100|[from] item: Leftovers
|upkeep
|inactive|JACKJACK166 has 60 seconds left.
|inactive|JACKJACK166 has 30 seconds left.
|inactive|JACKJACK166 has 20 seconds left.
|inactive|JACKJACK166 has 15 seconds left.
|inactive|JACKJACK166 has 10 seconds left.
|
|t:|1757925625
|switch|p2a: Mienshao|Mienshao, F|59/100
|turn|30
|inactive|JACKJACK166 has 20 seconds left this turn.
|inactive|JACKJACK166 has 15 seconds left.
|
|t:|1757925632
|move|p2a: Mienshao|U-turn|p1a: Raging Bolt
|-crit|p1a: Raging Bolt
|-end|p1a: Raging Bolt|Substitute
|-damage|p2a: Mienshao|49/100|[from] item: Life Orb
|inactive|JACKJACK166 has 20 seconds left this turn.
|
|t:|1757925636
|switch|p2a: Cyclizar|Cyclizar, M|100/100|[from] U-turn
|move|p1a: Raging Bolt|Tera Blast|p2a: Cyclizar|[anim] Tera Blast Ice
|-supereffective|p2a: Cyclizar
|-damage|p2a: Cyclizar|0 fnt
|faint|p2a: Cyclizar
|
|-heal|p1a: Raging Bolt|100/100|[from] item: Leftovers
|upkeep
|inactive|JACKJACK166 has 25 seconds left this turn.
|inactive|JACKJACK166 has 20 seconds left.
|
|t:|1757925644
|switch|p2a: Mienshao|Mienshao, F|82/100
|turn|31
|inactive|JACKJACK166 has 30 seconds left this turn.
|
|t:|1757925650
|-end|p1a: Raging Bolt|Protosynthesis|[silent]
|switch|p1a: Pecharunt|Pecharunt|50/100
|move|p2a: Mienshao|Fake Out|p1a: Pecharunt
|-immune|p1a: Pecharunt
|
|upkeep
|turn|32
|inactive|JACKJACK166 has 30 seconds left.
|
|t:|1757925656
|move|p2a: Mienshao|Knock Off|p1a: Pecharunt
|-supereffective|p1a: Pecharunt
|-damage|p1a: Pecharunt|14/100
|-damage|p2a: Mienshao|73/100|[from] item: Life Orb
|move|p1a: Pecharunt|Recover|p1a: Pecharunt
|-heal|p1a: Pecharunt|64/100
|
|upkeep
|turn|33
|-message|JACKJACK166 forfeited.
|
|win|Treadz2025
|raw|Treadz2025's rating: 1326 &rarr; <strong>1349</strong><br />(+23 for winning)
|raw|JACKJACK166's rating: 1383 &rarr; <strong>1360</strong><br />(-23 for losing)
|l|☆JACKJACK166
|player|p2|
|l|☆Treadz2025
|player|p1|
