|j|☆Crocodile E
|j|‽ncdr
|t:|1757827245
|gametype|singles
|player|p1|Crocodile E|pokemaniac|1418
|player|p2|ncdr|flannery|1526
|gen|9
|tier|[Gen 9] OU
|rated|
|rule|HP Percentage Mod: HP is shown in percentages
|rule|Endless Battle Clause: Forcing endless battles is banned
|rule|Species Clause: Limit one of each Pokémon
|rule|OHKO Clause: OHKO moves are banned
|rule|Evasion Items Clause: Evasion items are banned
|rule|Evasion Moves Clause: Evasion moves are banned
|rule|Evasion Abilities Clause: Evasion abilities are banned
|rule|Sleep Moves Clause: Sleep-inducing moves are banned
|clearpoke
|poke|p1|Raging Bolt|
|poke|p1|Ninetales, F|
|poke|p1|Walking Wake|
|poke|p1|Hatterene, F|
|poke|p1|Landorus-Therian, M|
|poke|p1|Lokix, F|
|poke|p2|Hydreigon, M|
|poke|p2|Great Tusk|
|poke|p2|Tyranitar, F|
|poke|p2|Moltres|
|poke|p2|Ninetales-Alola, F|
|poke|p2|Kingambit, M|
|teampreview
|inactive|Battle timer is ON: inactive players will automatically lose when time's up. (requested by Crocodile E)
|
|t:|1757827257
|teamsize|p1|6
|teamsize|p2|6
|start
|switch|p1a: Landorus|Landorus-Therian, M, shiny|100/100
|switch|p2a: Ninetales|Ninetales-Alola, F, shiny|100/100
|-weather|Snowscape|[from] ability: Snow Warning|[of] p2a: Ninetales
|-ability|p1a: Landorus|Intimidate|boost
|-unboost|p2a: Ninetales|atk|1
|turn|1
|
|t:|1757827271
|switch|p1a: Hatterene|Hatterene, F, shiny|100/100
|move|p2a: Ninetales|Blizzard|p1a: Hatterene
|-damage|p1a: Hatterene|67/100
|-status|p1a: Hatterene|frz
|
|-weather|Snowscape|[upkeep]
|-heal|p1a: Hatterene|73/100 frz|[from] item: Leftovers
|upkeep
|turn|2
|
|t:|1757827279
|move|p2a: Ninetales|Aurora Veil|p2a: Ninetales
|-sidestart|p2: ncdr|move: Aurora Veil
|cant|p1a: Hatterene|frz
|
|-weather|Snowscape|[upkeep]
|-heal|p1a: Hatterene|78/100 frz|[from] item: Leftovers
|upkeep
|turn|3
|
|t:|1757827283
|switch|p2a: Hydreigon|Hydreigon, M|100/100
|-curestatus|p1a: Hatterene|frz|[msg]
|move|p1a: Hatterene|Mystical Fire|p2a: Hydreigon
|-resisted|p2a: Hydreigon
|-damage|p2a: Hydreigon|95/100
|-unboost|p2a: Hydreigon|spa|1
|
|-weather|Snowscape|[upkeep]
|-heal|p2a: Hydreigon|100/100|[from] item: Leftovers
|-heal|p1a: Hatterene|84/100|[from] item: Leftovers
|upkeep
|turn|4
|
|t:|1757827287
|-terastallize|p2a: Hydreigon|Poison
|move|p2a: Hydreigon|Nasty Plot|p2a: Hydreigon
|-boost|p2a: Hydreigon|spa|2
|move|p1a: Hatterene|Draining Kiss|p2a: Hydreigon
|-resisted|p2a: Hydreigon
|-damage|p2a: Hydreigon|95/100
|-heal|p1a: Hatterene|89/100|[from] drain|[of] p2a: Hydreigon
|
|-weather|Snowscape|[upkeep]
|-heal|p2a: Hydreigon|100/100|[from] item: Leftovers
|-heal|p1a: Hatterene|95/100|[from] item: Leftovers
|upkeep
|turn|5
|
|t:|1757827290
|move|p2a: Hydreigon|Flash Cannon|p1a: Hatterene
|-supereffective|p1a: Hatterene
|-damage|p1a: Hatterene|34/100
|move|p1a: Hatterene|Psyshock|p2a: Hydreigon
|-supereffective|p2a: Hydreigon
|-damage|p2a: Hydreigon|61/100
|
|-weather|none
|-heal|p2a: Hydreigon|68/100|[from] item: Leftovers
|-heal|p1a: Hatterene|40/100|[from] item: Leftovers
|upkeep
|turn|6
|
|t:|1757827298
|switch|p1a: Ninetales|Ninetales, F, shiny|100/100
|-weather|SunnyDay|[from] ability: Drought|[of] p1a: Ninetales
|move|p2a: Hydreigon|Flash Cannon|p1a: Ninetales
|-resisted|p1a: Ninetales
|-damage|p1a: Ninetales|82/100
|
|-weather|SunnyDay|[upkeep]
|-heal|p2a: Hydreigon|74/100|[from] item: Leftovers
|upkeep
|turn|7
|
|t:|1757827312
|move|p1a: Ninetales|Encore|p2a: Hydreigon
|-start|p2a: Hydreigon|Encore
|move|p2a: Hydreigon|Flash Cannon|p1a: Ninetales
|-resisted|p1a: Ninetales
|-damage|p1a: Ninetales|64/100
|
|-weather|SunnyDay|[upkeep]
|-heal|p2a: Hydreigon|80/100|[from] item: Leftovers
|upkeep
|turn|8
|
|t:|1757827322
|switch|p2a: Tyranitar|Tyranitar, F|100/100
|-weather|Sandstorm|[from] ability: Sand Stream|[of] p2a: Tyranitar
|move|p1a: Ninetales|Will-O-Wisp|p2a: Tyranitar
|-status|p2a: Tyranitar|brn
|
|-weather|Sandstorm|[upkeep]
|-damage|p1a: Ninetales|58/100|[from] Sandstorm
|-damage|p2a: Tyranitar|94/100 brn|[from] brn
|upkeep
|turn|9
|
|t:|1757827327
|switch|p1a: Hatterene|Hatterene, F, shiny|40/100
|move|p2a: Tyranitar|Ice Beam|p1a: Hatterene
|-damage|p1a: Hatterene|24/100
|
|-weather|Sandstorm|[upkeep]
|-damage|p1a: Hatterene|18/100|[from] Sandstorm
|-heal|p2a: Tyranitar|100/100 brn|[from] item: Leftovers
|-heal|p1a: Hatterene|24/100|[from] item: Leftovers
|-damage|p2a: Tyranitar|94/100 brn|[from] brn
|-sideend|p2: ncdr|move: Aurora Veil
|upkeep
|turn|10
|
|t:|1757827332
|move|p2a: Tyranitar|Knock Off|p1a: Hatterene
|-damage|p1a: Hatterene|4/100
|-enditem|p1a: Hatterene|Leftovers|[from] move: Knock Off|[of] p2a: Tyranitar
|move|p1a: Hatterene|Draining Kiss|p2a: Tyranitar
|-supereffective|p2a: Tyranitar
|-damage|p2a: Tyranitar|73/100 brn
|-heal|p1a: Hatterene|24/100|[from] drain|[of] p2a: Tyranitar
|
|-weather|Sandstorm|[upkeep]
|-damage|p1a: Hatterene|18/100|[from] Sandstorm
|-heal|p2a: Tyranitar|79/100 brn|[from] item: Leftovers
|-damage|p2a: Tyranitar|73/100 brn|[from] brn
|upkeep
|turn|11
|
|t:|1757827348
|move|p2a: Tyranitar|Knock Off|p1a: Hatterene
|-damage|p1a: Hatterene|3/100
|move|p1a: Hatterene|Draining Kiss|p2a: Tyranitar
|-supereffective|p2a: Tyranitar
|-damage|p2a: Tyranitar|53/100 brn
|-heal|p1a: Hatterene|22/100|[from] drain|[of] p2a: Tyranitar
|
|-weather|Sandstorm|[upkeep]
|-damage|p1a: Hatterene|16/100|[from] Sandstorm
|-heal|p2a: Tyranitar|59/100 brn|[from] item: Leftovers
|-damage|p2a: Tyranitar|53/100 brn|[from] brn
|upkeep
|turn|12
|
|t:|1757827352
|switch|p1a: Landorus|Landorus-Therian, M, shiny|100/100
|-ability|p1a: Landorus|Intimidate|boost
|-unboost|p2a: Tyranitar|atk|1
|move|p2a: Tyranitar|Knock Off|p1a: Landorus
|-damage|p1a: Landorus|91/100
|-damage|p2a: Tyranitar|37/100 brn|[from] item: Rocky Helmet|[of] p1a: Landorus
|-enditem|p1a: Landorus|Rocky Helmet|[from] move: Knock Off|[of] p2a: Tyranitar
|
|-weather|none
|-heal|p2a: Tyranitar|43/100 brn|[from] item: Leftovers
|-damage|p2a: Tyranitar|37/100 brn|[from] brn
|upkeep
|turn|13
|
|t:|1757827358
|switch|p2a: Ninetales|Ninetales-Alola, F, shiny|100/100
|-weather|Snowscape|[from] ability: Snow Warning|[of] p2a: Ninetales
|move|p1a: Landorus|Stealth Rock|p2a: Ninetales
|-sidestart|p2: ncdr|move: Stealth Rock
|
|-weather|Snowscape|[upkeep]
|upkeep
|turn|14
|
|t:|1757827362
|switch|p2a: Great Tusk|Great Tusk|100/100
|-damage|p2a: Great Tusk|98/100|[from] Stealth Rock
|move|p1a: Landorus|Stone Edge|p2a: Great Tusk
|-resisted|p2a: Great Tusk
|-damage|p2a: Great Tusk|92/100
|
|-weather|Snowscape|[upkeep]
|upkeep
|turn|15
|
|t:|1757827367
|switch|p1a: Hatterene|Hatterene, F, shiny|16/100
|move|p2a: Great Tusk|Ice Spinner|p1a: Hatterene
|-damage|p1a: Hatterene|0 fnt
|faint|p1a: Hatterene
|
|-weather|Snowscape|[upkeep]
|upkeep
|
|t:|1757827376
|switch|p1a: Raging Bolt|Raging Bolt|100/100
|turn|16
|
|t:|1757827385
|move|p2a: Great Tusk|Ice Spinner|p1a: Raging Bolt
|-supereffective|p1a: Raging Bolt
|-damage|p1a: Raging Bolt|46/100
|move|p1a: Raging Bolt|Draco Meteor|p2a: Great Tusk
|-damage|p2a: Great Tusk|0 fnt
|-unboost|p1a: Raging Bolt|spa|2
|faint|p2a: Great Tusk
|-end|p2a: Great Tusk|Protosynthesis|[silent]
|
|-weather|Snowscape|[upkeep]
|upkeep
|
|t:|1757827390
|switch|p2a: Hydreigon|Hydreigon, M, tera:Poison|80/100
|-damage|p2a: Hydreigon|68/100|[from] Stealth Rock
|turn|17
|
|t:|1757827397
|-end|p1a: Raging Bolt|Protosynthesis|[silent]
|switch|p1a: Landorus|Landorus-Therian, M, shiny|91/100
|-ability|p1a: Landorus|Intimidate|boost
|-unboost|p2a: Hydreigon|atk|1
|move|p2a: Hydreigon|Dark Pulse|p1a: Landorus
|-damage|p1a: Landorus|52/100
|
|-weather|none
|-heal|p2a: Hydreigon|74/100|[from] item: Leftovers
|upkeep
|turn|18
|
|t:|1757827409
|move|p2a: Hydreigon|Nasty Plot|p2a: Hydreigon
|-boost|p2a: Hydreigon|spa|2
|move|p1a: Landorus|U-turn|p2a: Hydreigon
|-resisted|p2a: Hydreigon
|-damage|p2a: Hydreigon|64/100
|
|t:|1757827411
|switch|p1a: Ninetales|Ninetales, F, shiny|58/100|[from] U-turn
|-weather|SunnyDay|[from] ability: Drought|[of] p1a: Ninetales
|
|-weather|SunnyDay|[upkeep]
|-heal|p2a: Hydreigon|70/100|[from] item: Leftovers
|upkeep
|turn|19
|
|t:|1757827413
|move|p1a: Ninetales|Encore|p2a: Hydreigon
|-start|p2a: Hydreigon|Encore
|move|p2a: Hydreigon|Nasty Plot|p2a: Hydreigon
|-boost|p2a: Hydreigon|spa|2
|
|-weather|SunnyDay|[upkeep]
|-heal|p2a: Hydreigon|76/100|[from] item: Leftovers
|upkeep
|turn|20
|
|t:|1757827417
|switch|p2a: Moltres|Moltres|100/100
|move|p1a: Ninetales|Weather Ball|p2a: Moltres
|-resisted|p2a: Moltres
|-damage|p2a: Moltres|79/100
|
|-weather|SunnyDay|[upkeep]
|upkeep
|turn|21
|
|t:|1757827421
|switch|p1a: Raging Bolt|Raging Bolt|46/100
|-activate|p1a: Raging Bolt|ability: Protosynthesis
|-start|p1a: Raging Bolt|protosynthesisspa
|move|p2a: Moltres|Air Slash|p1a: Raging Bolt
|-resisted|p1a: Raging Bolt
|-damage|p1a: Raging Bolt|32/100
|
|-weather|SunnyDay|[upkeep]
|upkeep
|turn|22
|
|t:|1757827425
|switch|p2a: Tyranitar|Tyranitar, F|37/100 brn
|-damage|p2a: Tyranitar|25/100 brn|[from] Stealth Rock
|-weather|Sandstorm|[from] ability: Sand Stream|[of] p2a: Tyranitar
|-end|p1a: Raging Bolt|Protosynthesis
|move|p1a: Raging Bolt|Volt Switch|p2a: Tyranitar
|-damage|p2a: Tyranitar|9/100 brn
|
|t:|1757827429
|-end|p1a: Raging Bolt|Protosynthesis|[silent]
|switch|p1a: Landorus|Landorus-Therian, M, shiny|52/100|[from] Volt Switch
|-ability|p1a: Landorus|Intimidate|boost
|-unboost|p2a: Tyranitar|atk|1
|
|-weather|Sandstorm|[upkeep]
|-heal|p2a: Tyranitar|15/100 brn|[from] item: Leftovers
|-damage|p2a: Tyranitar|9/100 brn|[from] brn
|upkeep
|turn|23
|
|t:|1757827437
|move|p1a: Landorus|U-turn|p2a: Tyranitar
|-supereffective|p2a: Tyranitar
|-damage|p2a: Tyranitar|0 fnt
|faint|p2a: Tyranitar
|
|t:|1757827441
|switch|p1a: Ninetales|Ninetales, F, shiny|58/100|[from] U-turn
|-weather|SunnyDay|[from] ability: Drought|[of] p1a: Ninetales
|
|-weather|SunnyDay|[upkeep]
|upkeep
|
|t:|1757827451
|switch|p2a: Ninetales|Ninetales-Alola, F, shiny|100/100
|-damage|p2a: Ninetales|76/100|[from] Stealth Rock
|-weather|Snowscape|[from] ability: Snow Warning|[of] p2a: Ninetales
|turn|24
|
|t:|1757827457
|move|p2a: Ninetales|Aurora Veil|p2a: Ninetales
|-sidestart|p2: ncdr|move: Aurora Veil
|move|p1a: Ninetales|Will-O-Wisp|p2a: Ninetales
|-status|p2a: Ninetales|brn
|
|-weather|Snowscape|[upkeep]
|-damage|p2a: Ninetales|70/100 brn|[from] brn
|upkeep
|turn|25
|inactive|ncdr has 120 seconds left.
|
|t:|1757827493
|switch|p2a: Hydreigon|Hydreigon, M, tera:Poison|76/100
|-damage|p2a: Hydreigon|64/100|[from] Stealth Rock
|switch|p1a: Landorus|Landorus-Therian, M, shiny|52/100
|-ability|p1a: Landorus|Intimidate|boost
|-unboost|p2a: Hydreigon|atk|1
|
|-weather|Snowscape|[upkeep]
|-heal|p2a: Hydreigon|70/100|[from] item: Leftovers
|upkeep
|turn|26
|inactive|ncdr has 120 seconds left.
|
|t:|1757827499
|move|p2a: Hydreigon|Dark Pulse|p1a: Landorus
|-damage|p1a: Landorus|14/100
|cant|p1a: Landorus|flinch
|
|-weather|Snowscape|[upkeep]
|-heal|p2a: Hydreigon|76/100|[from] item: Leftovers
|upkeep
|turn|27
|
|t:|1757827503
|move|p2a: Hydreigon|Dark Pulse|p1a: Landorus
|-damage|p1a: Landorus|0 fnt
|faint|p1a: Landorus
|
|-weather|Snowscape|[upkeep]
|-heal|p2a: Hydreigon|82/100|[from] item: Leftovers
|upkeep
|
|t:|1757827509
|switch|p1a: Lokix|Lokix, F, shiny|100/100
|turn|28
|
|t:|1757827516
|move|p1a: Lokix|First Impression|p2a: Hydreigon
|-resisted|p2a: Hydreigon
|-damage|p2a: Hydreigon|49/100
|move|p2a: Hydreigon|Flamethrower|p1a: Lokix
|-supereffective|p1a: Lokix
|-damage|p1a: Lokix|0 fnt
|faint|p1a: Lokix
|
|-weather|none
|-heal|p2a: Hydreigon|55/100|[from] item: Leftovers
|upkeep
|
|t:|1757827524
|switch|p1a: Ninetales|Ninetales, F, shiny|58/100
|-weather|SunnyDay|[from] ability: Drought|[of] p1a: Ninetales
|turn|29
|
|t:|1757827531
|move|p1a: Ninetales|Weather Ball|p2a: Hydreigon
|-damage|p2a: Hydreigon|31/100
|move|p2a: Hydreigon|Flamethrower|p1a: Ninetales
|-resisted|p1a: Ninetales
|-damage|p1a: Ninetales|39/100
|
|-weather|SunnyDay|[upkeep]
|-heal|p2a: Hydreigon|38/100|[from] item: Leftovers
|upkeep
|turn|30
|
|t:|1757827539
|move|p1a: Ninetales|Encore|p2a: Hydreigon
|-start|p2a: Hydreigon|Encore
|move|p2a: Hydreigon|Flamethrower|p1a: Ninetales
|-resisted|p1a: Ninetales
|-damage|p1a: Ninetales|19/100
|
|-weather|SunnyDay|[upkeep]
|-heal|p2a: Hydreigon|44/100|[from] item: Leftovers
|upkeep
|turn|31
|
|t:|1757827543
|move|p1a: Ninetales|Healing Wish|p1a: Ninetales
|faint|p1a: Ninetales
|move|p2a: Hydreigon|Flamethrower|p1: Ninetales|[notarget]
|-fail|p2a: Hydreigon
|
|-weather|SunnyDay|[upkeep]
|-heal|p2a: Hydreigon|50/100|[from] item: Leftovers
|-sideend|p2: ncdr|move: Aurora Veil
|upkeep
|
|t:|1757827549
|switch|p1a: Raging Bolt|Raging Bolt|32/100
|-heal|p1a: Raging Bolt|100/100|[from] move: Healing Wish
|-activate|p1a: Raging Bolt|ability: Protosynthesis
|-start|p1a: Raging Bolt|protosynthesisspa
|turn|32
|
|t:|1757827565
|switch|p2a: Ninetales|Ninetales-Alola, F, shiny|70/100 brn
|-damage|p2a: Ninetales|45/100 brn|[from] Stealth Rock
|-weather|Snowscape|[from] ability: Snow Warning|[of] p2a: Ninetales
|-end|p1a: Raging Bolt|Protosynthesis
|move|p1a: Raging Bolt|Thunderbolt|p2a: Ninetales
|-damage|p2a: Ninetales|0 fnt
|faint|p2a: Ninetales
|
|-weather|Snowscape|[upkeep]
|upkeep
|
|t:|1757827568
|switch|p2a: Kingambit|Kingambit, M|100/100
|-damage|p2a: Kingambit|94/100|[from] Stealth Rock
|turn|33
|
|t:|1757827575
|move|p1a: Raging Bolt|Thunderbolt|p2a: Kingambit
|-damage|p2a: Kingambit|50/100
|move|p2a: Kingambit|Swords Dance|p2a: Kingambit
|-boost|p2a: Kingambit|atk|2
|
|-weather|Snowscape|[upkeep]
|upkeep
|turn|34
|
|t:|1757827581
|-terastallize|p1a: Raging Bolt|Fairy
|move|p2a: Kingambit|Sucker Punch|p1a: Raging Bolt
|-resisted|p1a: Raging Bolt
|-damage|p1a: Raging Bolt|55/100
|move|p1a: Raging Bolt|Thunderbolt|p2a: Kingambit
|-damage|p2a: Kingambit|0 fnt
|faint|p2a: Kingambit
|
|-weather|Snowscape|[upkeep]
|upkeep
|
|t:|1757827585
|switch|p2a: Hydreigon|Hydreigon, M, tera:Poison|50/100
|-damage|p2a: Hydreigon|38/100|[from] Stealth Rock
|turn|35
|
|t:|1757827587
|move|p1a: Raging Bolt|Thunderbolt|p2a: Hydreigon
|-damage|p2a: Hydreigon|0 fnt
|faint|p2a: Hydreigon
|
|-weather|Snowscape|[upkeep]
|upkeep
|-message|ncdr forfeited.
|
|win|Crocodile E
|raw|Crocodile E's rating: 1418 &rarr; <strong>1444</strong><br />(+26 for winning)
|raw|ncdr's rating: 1526 &rarr; <strong>1500</strong><br />(-26 for losing)
|l|‽ncdr
|player|p2|
|l|☆Crocodile E
|player|p1|
