|j|☆Liamxxx
|j|☆AriesTrill
|t:|1757868546
|gametype|singles
|player|p1|Liamxxx|dexio|1222
|player|p2|AriesTrill|101|1183
|gen|9
|tier|[Gen 9] OU
|rated|
|rule|HP Percentage Mod: HP is shown in percentages
|rule|Endless Battle Clause: Forcing endless battles is banned
|rule|Species Clause: Limit one of each Pokémon
|rule|OHKO Clause: OHKO moves are banned
|rule|Evasion Items Clause: Evasion items are banned
|rule|Evasion Moves Clause: Evasion moves are banned
|rule|Evasion Abilities Clause: Evasion abilities are banned
|rule|Sleep Moves Clause: Sleep-inducing moves are banned
|clearpoke
|poke|p1|Great Tusk|
|poke|p1|Zoroark-Hisui, M|
|poke|p1|Zamazenta-*|
|poke|p1|Pecharunt|
|poke|p1|Dragalge, M|
|poke|p1|Arcanine-Hisui, F|
|poke|p2|Latias, F|
|poke|p2|Blaziken, F|
|poke|p2|Skarmory, M|
|poke|p2|Glimmora, M|
|poke|p2|Gengar, F|
|poke|p2|Ogerpon-Wellspring, F|
|teampreview
|inactive|Battle timer is ON: inactive players will automatically lose when time's up. (requested by Liamxxx)
|
|t:|1757868563
|teamsize|p1|6
|teamsize|p2|6
|start
|switch|p1a: Great Tusk|Great Tusk|100/100
|switch|p2a: Ogerpon|Ogerpon-Wellspring, F|100/100
|turn|1
|
|t:|1757868593
|switch|p1a: Dragalge|Dragalge, M|100/100
|move|p2a: Ogerpon|Taunt|p1a: Dragalge
|-start|p1a: Dragalge|move: Taunt
|
|upkeep
|turn|2
|
|t:|1757868600
|switch|p2a: Glimmora|Glimmora, M|100/100
|move|p1a: Dragalge|Gunk Shot|p2a: Glimmora
|-resisted|p2a: Glimmora
|-damage|p2a: Glimmora|87/100
|-activate|p2a: Glimmora|ability: Toxic Debris
|-sidestart|p1: Liamxxx|move: Toxic Spikes
|
|upkeep
|turn|3
|
|t:|1757868609
|move|p2a: Glimmora|Earth Power|p1a: Dragalge
|-supereffective|p1a: Dragalge
|-damage|p1a: Dragalge|66/100
|move|p1a: Dragalge|Flip Turn|p2a: Glimmora
|-supereffective|p2a: Glimmora
|-damage|p2a: Glimmora|47/100
|-activate|p2a: Glimmora|ability: Toxic Debris
|-sidestart|p1: Liamxxx|move: Toxic Spikes
|
|t:|1757868616
|switch|p1a: Pecharunt|Pecharunt|100/100|[from] Flip Turn
|-sideend|p1: Liamxxx|move: Toxic Spikes|[of] p1a: Pecharunt
|
|upkeep
|turn|4
|
|t:|1757868623
|move|p1a: Pecharunt|Shadow Ball|p2a: Glimmora
|-damage|p2a: Glimmora|11/100
|-unboost|p2a: Glimmora|spd|1
|move|p2a: Glimmora|Earth Power|p1a: Pecharunt
|-supereffective|p1a: Pecharunt
|-damage|p1a: Pecharunt|36/100
|
|upkeep
|turn|5
|
|t:|1757868636
|move|p1a: Pecharunt|Shadow Ball|p2a: Glimmora
|-damage|p2a: Glimmora|0 fnt
|faint|p2a: Glimmora
|
|upkeep
|
|t:|1757868638
|switch|p2a: Blaziken|Blaziken, F, shiny|100/100
|turn|6
|
|t:|1757868652
|move|p1a: Pecharunt|Parting Shot|p2a: Blaziken
|-unboost|p2a: Blaziken|atk|1
|-unboost|p2a: Blaziken|spa|1
|
|t:|1757868656
|switch|p1a: Great Tusk|Great Tusk|100/100|[from] Parting Shot
|move|p2a: Blaziken|Focus Energy|p2a: Blaziken
|-start|p2a: Blaziken|move: Focus Energy
|
|-ability|p2a: Blaziken|Speed Boost|boost
|-boost|p2a: Blaziken|spe|1
|upkeep
|turn|7
|
|t:|1757868664
|move|p2a: Blaziken|Overheat|p1a: Great Tusk
|-crit|p1a: Great Tusk
|-damage|p1a: Great Tusk|0 fnt
|-unboost|p2a: Blaziken|spa|2
|faint|p1a: Great Tusk
|-end|p1a: Great Tusk|Protosynthesis|[silent]
|
|-ability|p2a: Blaziken|Speed Boost|boost
|-boost|p2a: Blaziken|spe|1
|upkeep
|
|t:|1757868670
|switch|p1a: Arcanine|Arcanine-Hisui, F|100/100
|turn|8
|
|t:|1757868674
|move|p2a: Blaziken|Close Combat|p1a: Arcanine
|-supereffective|p1a: Arcanine
|-crit|p1a: Arcanine
|-damage|p1a: Arcanine|0 fnt
|-unboost|p2a: Blaziken|def|1
|-unboost|p2a: Blaziken|spd|1
|faint|p1a: Arcanine
|
|-ability|p2a: Blaziken|Speed Boost|boost
|-boost|p2a: Blaziken|spe|1
|upkeep
|
|t:|1757868680
|switch|p1a: Pecharunt|Pecharunt|100/100
|turn|9
|
|t:|1757868693
|move|p2a: Blaziken|Overheat|p1a: Pecharunt
|-crit|p1a: Pecharunt
|-damage|p1a: Pecharunt|0 fnt
|-unboost|p2a: Blaziken|spa|2
|replace|p1a: Zoroark|Zoroark-Hisui, M
|-end|p1a: Zoroark|Illusion
|faint|p1a: Zoroark
|
|-ability|p2a: Blaziken|Speed Boost|boost
|-boost|p2a: Blaziken|spe|1
|upkeep
|
|t:|1757868700
|switch|p1a: Pecharunt|Pecharunt|36/100
|turn|10
|
|t:|1757868706
|move|p2a: Blaziken|Overheat|p1a: Pecharunt
|-crit|p1a: Pecharunt
|-damage|p1a: Pecharunt|0 fnt
|-unboost|p2a: Blaziken|spa|1
|faint|p1a: Pecharunt
|
|-ability|p2a: Blaziken|Speed Boost|boost
|-boost|p2a: Blaziken|spe|1
|upkeep
|
|t:|1757868709
|switch|p1a: Zamazenta|Zamazenta|100/100
|-ability|p1a: Zamazenta|Dauntless Shield|boost
|-boost|p1a: Zamazenta|def|1
|turn|11
|
|t:|1757868714
|-terastallize|p1a: Zamazenta|Fire
|move|p2a: Blaziken|Overheat|p1a: Zamazenta
|-resisted|p1a: Zamazenta
|-crit|p1a: Zamazenta
|-damage|p1a: Zamazenta|59/100
|move|p1a: Zamazenta|Iron Defense|p1a: Zamazenta
|-boost|p1a: Zamazenta|def|2
|
|-heal|p1a: Zamazenta|65/100|[from] item: Leftovers
|-ability|p2a: Blaziken|Speed Boost|boost
|-boost|p2a: Blaziken|spe|1
|upkeep
|turn|12
|
|t:|1757868718
|move|p2a: Blaziken|Close Combat|p1a: Zamazenta
|-crit|p1a: Zamazenta
|-damage|p1a: Zamazenta|11/100
|-unboost|p2a: Blaziken|def|1
|-unboost|p2a: Blaziken|spd|1
|move|p1a: Zamazenta|Iron Defense|p1a: Zamazenta
|-boost|p1a: Zamazenta|def|2
|
|-heal|p1a: Zamazenta|17/100|[from] item: Leftovers
|upkeep
|turn|13
|
|t:|1757868722
|move|p2a: Blaziken|Close Combat|p1a: Zamazenta
|-crit|p1a: Zamazenta
|-damage|p1a: Zamazenta|0 fnt
|-unboost|p2a: Blaziken|def|1
|-unboost|p2a: Blaziken|spd|1
|faint|p1a: Zamazenta
|
|upkeep
|
|t:|1757868724
|switch|p1a: Dragalge|Dragalge, M|66/100
|turn|14
|
|t:|1757868726
|move|p2a: Blaziken|Overheat|p1a: Dragalge|[miss]
|-miss|p2a: Blaziken|p1a: Dragalge
|move|p1a: Dragalge|Flip Turn|p2a: Blaziken
|-supereffective|p2a: Blaziken
|-damage|p2a: Blaziken|0 fnt
|faint|p2a: Blaziken
|
|upkeep
|
|t:|1757868730
|switch|p2a: Latias|Latias, F, shiny|100/100
|turn|15
|
|t:|1757868734
|-terastallize|p2a: Latias|Poison
|move|p2a: Latias|Calm Mind|p2a: Latias
|-boost|p2a: Latias|spa|1
|-boost|p2a: Latias|spd|1
|move|p1a: Dragalge|Play Rough|p2a: Latias|[miss]
|-miss|p1a: Dragalge|p2a: Latias
|
|upkeep
|turn|16
|
|t:|1757868742
|move|p2a: Latias|Agility|p2a: Latias
|-boost|p2a: Latias|spe|2
|move|p1a: Dragalge|Dragon Tail|p2a: Latias
|-damage|p2a: Latias|82/100
|drag|p2a: Ogerpon|Ogerpon-Wellspring, F|100/100
|
|upkeep
|turn|17
|
|t:|1757868748
|move|p2a: Ogerpon|Knock Off|p1a: Dragalge
|-damage|p1a: Dragalge|22/100
|-enditem|p1a: Dragalge|Assault Vest|[from] move: Knock Off|[of] p2a: Ogerpon
|move|p1a: Dragalge|Gunk Shot|p2a: Ogerpon
|-supereffective|p2a: Ogerpon
|-damage|p2a: Ogerpon|0 fnt
|faint|p2a: Ogerpon
|
|upkeep
|
|t:|1757868754
|switch|p2a: Gengar|Gengar, F, shiny|100/100
|turn|18
|
|t:|1757868758
|move|p2a: Gengar|Hex|p1a: Dragalge
|-damage|p1a: Dragalge|0 fnt
|faint|p1a: Dragalge
|
|win|AriesTrill
|raw|Liamxxx's rating: 1222 &rarr; <strong>1194</strong><br />(-28 for losing)
|raw|AriesTrill's rating: 1183 &rarr; <strong>1211</strong><br />(+28 for winning)
|l|☆Liamxxx
|player|p1|
