|j|☆ju2508
|j|☆DionysusMadd
|t:|1757848173
|gametype|singles
|player|p1|ju2508|169|1121
|player|p2|DionysusMadd|koga|1074
|gen|9
|tier|[Gen 9] OU
|rated|
|rule|HP Percentage Mod: HP is shown in percentages
|rule|Endless Battle Clause: Forcing endless battles is banned
|rule|Species Clause: Limit one of each Pokémon
|rule|OHKO Clause: OHKO moves are banned
|rule|Evasion Items Clause: Evasion items are banned
|rule|Evasion Moves Clause: Evasion moves are banned
|rule|Evasion Abilities Clause: Evasion abilities are banned
|rule|Sleep Moves Clause: Sleep-inducing moves are banned
|clearpoke
|poke|p1|Galvantula, F|
|poke|p1|Heracross, M|
|poke|p1|Forretress, M|
|poke|p1|Araquanid, M|
|poke|p1|Lokix, M|
|poke|p1|Vivillon-Pokeball, F|
|poke|p2|Gengar, F|
|poke|p2|Scizor, M|
|poke|p2|Landorus-Therian, M|
|poke|p2|Raging Bolt|
|poke|p2|Ogerpon-Wellspring, F|
|poke|p2|Clefable, F|
|teampreview
|inactive|Battle timer is ON: inactive players will automatically lose when time's up. (requested by ju2508)
|
|t:|1757848188
|teamsize|p1|6
|teamsize|p2|6
|start
|switch|p1a: Forretress|Forretress, M|100/100
|switch|p2a: Landorus|Landorus-Therian, M|100/100
|-ability|p2a: Landorus|Intimidate|boost
|-unboost|p1a: Forretress|atk|1
|turn|1
|
|t:|1757848203
|move|p2a: Landorus|Stealth Rock|p1a: Forretress
|-sidestart|p1: ju2508|move: Stealth Rock
|move|p1a: Forretress|Stealth Rock|p2a: Landorus
|-sidestart|p2: DionysusMadd|move: Stealth Rock
|
|upkeep
|turn|2
|
|t:|1757848210
|move|p2a: Landorus|Earthquake|p1a: Forretress
|-damage|p1a: Forretress|72/100
|move|p1a: Forretress|Spikes|p2a: Landorus
|-sidestart|p2: DionysusMadd|Spikes
|
|-heal|p1a: Forretress|78/100|[from] item: Leftovers
|upkeep
|turn|3
|
|t:|1757848225
|switch|p2a: Clefable|Clefable, F|100/100
|move|p1a: Forretress|Rapid Spin|p2a: Clefable
|-damage|p2a: Clefable|93/100
|-boost|p1a: Forretress|spe|1
|-sideend|p1: ju2508|Stealth Rock|[from] move: Rapid Spin|[of] p1a: Forretress
|
|-heal|p1a: Forretress|84/100|[from] item: Leftovers
|-heal|p2a: Clefable|99/100|[from] item: Leftovers
|upkeep
|turn|4
|
|t:|1757848235
|move|p1a: Forretress|Thunder Wave|p2a: Clefable
|-status|p2a: Clefable|par
|cant|p2a: Clefable|par
|
|-heal|p1a: Forretress|90/100|[from] item: Leftovers
|-heal|p2a: Clefable|100/100 par|[from] item: Leftovers
|upkeep
|turn|5
|
|t:|1757848247
|switch|p1a: Vivillon|Vivillon-Pokeball, F|100/100
|cant|p2a: Clefable|par
|
|upkeep
|turn|6
|
|t:|1757848253
|move|p1a: Vivillon|Quiver Dance|p1a: Vivillon
|-boost|p1a: Vivillon|spa|1
|-boost|p1a: Vivillon|spd|1
|-boost|p1a: Vivillon|spe|1
|move|p2a: Clefable|Thunderbolt|p1a: Vivillon
|-supereffective|p1a: Vivillon
|-damage|p1a: Vivillon|33/100
|
|upkeep
|turn|7
|
|t:|1757848261
|-terastallize|p1a: Vivillon|Ground
|move|p1a: Vivillon|Quiver Dance|p1a: Vivillon
|-boost|p1a: Vivillon|spa|1
|-boost|p1a: Vivillon|spd|1
|-boost|p1a: Vivillon|spe|1
|move|p2a: Clefable|Thunderbolt|p1a: Vivillon
|-immune|p1a: Vivillon
|
|upkeep
|turn|8
|
|t:|1757848271
|move|p1a: Vivillon|Hurricane|p2a: Clefable
|-damage|p2a: Clefable|8/100 par
|move|p2a: Clefable|Ice Beam|p1a: Vivillon
|-supereffective|p1a: Vivillon
|-damage|p1a: Vivillon|0 fnt
|faint|p1a: Vivillon
|
|-heal|p2a: Clefable|14/100 par|[from] item: Leftovers
|upkeep
|
|t:|1757848284
|switch|p1a: Lokix|Lokix, M|100/100
|turn|9
|
|t:|1757848292
|move|p1a: Lokix|U-turn|p2a: Clefable
|-resisted|p2a: Clefable
|-damage|p2a: Clefable|0 fnt
|faint|p2a: Clefable
|
|t:|1757848298
|switch|p1a: Forretress|Forretress, M|90/100|[from] U-turn
|
|-heal|p1a: Forretress|97/100|[from] item: Leftovers
|upkeep
|l|☆DionysusMadd
|inactive|DionysusMadd disconnected and has a minute to reconnect!
|player|p2|
|inactive|DionysusMadd has 30 seconds to reconnect!
|inactive|DionysusMadd has 20 seconds to reconnect!
|inactive|DionysusMadd has 15 seconds to reconnect!
|inactive|DionysusMadd has 10 seconds to reconnect!
|inactive|DionysusMadd has 5 seconds to reconnect!
|-message|DionysusMadd lost due to inactivity.
|
|win|ju2508
|raw|ju2508's rating: 1121 &rarr; <strong>1143</strong><br />(+22 for winning)
|raw|DionysusMadd's rating: 1074 &rarr; <strong>1056</strong><br />(-18 for losing)
|l|☆ju2508
|player|p1|
