|badge|p1|bronze|gen9ou|100-6
|uhtml|medal-msg|<div class="broadcast-blue">Curious what those medals under the avatar are? PS now has Ladder Seasons! For more information, check out the <a href="https://www.smogon.com/forums/threads/3740067/">thread on Smogon.</a></div>
|j|☆Prav33n
|j|☆Top1SSSmegaSlowbro
|t:|1757874202
|gametype|singles
|player|p1|Prav33n|koga|
|player|p2|Top1SSSmegaSlowbro|ortega|
|gen|9
|tier|[Gen 9] OU
|rule|HP Percentage Mod: HP is shown in percentages
|rule|Endless Battle Clause: Forcing endless battles is banned
|rule|Species Clause: Limit one of each Pokémon
|rule|OHKO Clause: OHKO moves are banned
|rule|Evasion Items Clause: Evasion items are banned
|rule|Evasion Moves Clause: Evasion moves are banned
|rule|Evasion Abilities Clause: Evasion abilities are banned
|rule|Sleep Moves Clause: Sleep-inducing moves are banned
|clearpoke
|poke|p1|Deoxys-Speed|
|poke|p1|Kyurem|
|poke|p1|Gholdengo|
|poke|p1|Great Tusk|
|poke|p1|Primarina, M|
|poke|p1|Dragonite, F|
|poke|p2|Deoxys-Speed|
|poke|p2|Ting-Lu|
|poke|p2|Dragapult, M|
|poke|p2|Alomomola, F|
|poke|p2|Iron Crown|
|poke|p2|Clefable, F|
|teampreview
|c|☆Prav33n|hf
|inactive|Battle timer is ON: inactive players will automatically lose when time's up. (requested by Prav33n)
|
|t:|1757874221
|teamsize|p1|6
|teamsize|p2|6
|start
|switch|p1a: Deoxys|Deoxys-Speed|100/100
|switch|p2a: Ting-Lu|Ting-Lu|100/100
|-ability|p1a: Deoxys|Pressure
|-ability|p2a: Ting-Lu|Vessel of Ruin
|turn|1
|
|t:|1757874226
|move|p1a: Deoxys|Taunt|p2a: Ting-Lu
|-start|p2a: Ting-Lu|move: Taunt
|move|p2a: Ting-Lu|Payback|p1a: Deoxys
|-supereffective|p1a: Deoxys
|-damage|p1a: Deoxys|17/100
|-enditem|p1a: Deoxys|Red Card|[of] p2a: Ting-Lu
|drag|p2a: Iron Crown|Iron Crown|100/100
|
|upkeep
|turn|2
|
|t:|1757874235
|move|p1a: Deoxys|Spikes|p2a: Iron Crown
|-sidestart|p2: Top1SSSmegaSlowbro|Spikes
|move|p2a: Iron Crown|Tachyon Cutter|p1a: Deoxys
|-damage|p1a: Deoxys|0 fnt
|faint|p1a: Deoxys
|-hitcount|p1: Deoxys|1
|
|upkeep
|
|t:|1757874243
|switch|p1a: Gholdengo|Gholdengo|100/100
|turn|3
|
|t:|1757874249
|switch|p1a: Primarina|Primarina, M|100/100
|move|p2a: Iron Crown|Volt Switch|p1a: Primarina
|-supereffective|p1a: Primarina
|-damage|p1a: Primarina|71/100
|
|t:|1757874257
|-end|p2a: Iron Crown|Quark Drive|[silent]
|switch|p2a: Deoxys|Deoxys-Speed|100/100|[from] Volt Switch
|-damage|p2a: Deoxys|88/100|[from] Spikes
|-ability|p2a: Deoxys|Pressure
|
|upkeep
|turn|4
|
|t:|1757874261
|move|p2a: Deoxys|Psycho Boost|p1a: Primarina|[miss]
|-miss|p2a: Deoxys|p1a: Primarina
|move|p1a: Primarina|Moonblast|p2a: Deoxys
|-damage|p2a: Deoxys|7/100
|
|upkeep
|turn|5
|
|t:|1757874267
|switch|p1a: Gholdengo|Gholdengo|100/100
|move|p2a: Deoxys|Psycho Boost|p1a: Gholdengo
|-resisted|p1a: Gholdengo
|-damage|p1a: Gholdengo|59/100
|-unboost|p2a: Deoxys|spa|2
|-damage|p2a: Deoxys|0 fnt|[from] item: Life Orb
|faint|p2a: Deoxys
|
|upkeep
|
|t:|1757874277
|switch|p2a: Ting-Lu|Ting-Lu|100/100
|-damage|p2a: Ting-Lu|88/100|[from] Spikes
|-ability|p2a: Ting-Lu|Vessel of Ruin
|turn|6
|
|t:|1757874290
|switch|p1a: Kyurem|Kyurem, shiny|100/100
|-ability|p1a: Kyurem|Pressure
|move|p2a: Ting-Lu|Spikes|p1a: Kyurem
|-sidestart|p1: Prav33n|Spikes
|
|-heal|p2a: Ting-Lu|94/100|[from] item: Leftovers
|upkeep
|turn|7
|
|t:|1757874300
|move|p1a: Kyurem|Icicle Spear|p2a: Ting-Lu
|-supereffective|p2a: Ting-Lu
|-damage|p2a: Ting-Lu|83/100
|-supereffective|p2a: Ting-Lu
|-damage|p2a: Ting-Lu|73/100
|-supereffective|p2a: Ting-Lu
|-damage|p2a: Ting-Lu|62/100
|-supereffective|p2a: Ting-Lu
|-damage|p2a: Ting-Lu|51/100
|-hitcount|p2a: Ting-Lu|4
|move|p2a: Ting-Lu|Spikes|p1a: Kyurem
|-sidestart|p1: Prav33n|Spikes
|
|-heal|p2a: Ting-Lu|58/100|[from] item: Leftovers
|upkeep
|turn|8
|
|t:|1757874305
|move|p1a: Kyurem|Icicle Spear|p2a: Ting-Lu
|-supereffective|p2a: Ting-Lu
|-damage|p2a: Ting-Lu|48/100
|-supereffective|p2a: Ting-Lu
|-damage|p2a: Ting-Lu|37/100
|-supereffective|p2a: Ting-Lu
|-damage|p2a: Ting-Lu|27/100
|-supereffective|p2a: Ting-Lu
|-damage|p2a: Ting-Lu|16/100
|-hitcount|p2a: Ting-Lu|4
|move|p2a: Ting-Lu|Spikes|p1a: Kyurem
|-sidestart|p1: Prav33n|Spikes
|
|-heal|p2a: Ting-Lu|22/100|[from] item: Leftovers
|upkeep
|turn|9
|
|t:|1757874309
|move|p1a: Kyurem|Scale Shot|p2a: Ting-Lu|[miss]
|-miss|p1a: Kyurem|p2a: Ting-Lu
|move|p2a: Ting-Lu|Stealth Rock|p1a: Kyurem
|-sidestart|p1: Prav33n|move: Stealth Rock
|
|-heal|p2a: Ting-Lu|28/100|[from] item: Leftovers
|upkeep
|turn|10
|
|t:|1757874318
|switch|p2a: Alomomola|Alomomola, F|100/100
|move|p1a: Kyurem|Scale Shot|p2a: Alomomola
|-damage|p2a: Alomomola|90/100
|-damage|p2a: Alomomola|80/100
|-damage|p2a: Alomomola|71/100
|-damage|p2a: Alomomola|60/100
|-hitcount|p2a: Alomomola|4
|-unboost|p1a: Kyurem|def|1
|-boost|p1a: Kyurem|spe|1
|
|upkeep
|turn|11
|
|t:|1757874322
|move|p1a: Kyurem|Freeze-Dry|p2a: Alomomola
|-supereffective|p2a: Alomomola
|-damage|p2a: Alomomola|17/100
|move|p2a: Alomomola|Wish|p2a: Alomomola
|
|upkeep
|turn|12
|
|t:|1757874332
|switch|p2a: Ting-Lu|Ting-Lu|28/100
|-damage|p2a: Ting-Lu|16/100|[from] Spikes
|-ability|p2a: Ting-Lu|Vessel of Ruin
|move|p1a: Kyurem|Freeze-Dry|p2a: Ting-Lu
|-supereffective|p2a: Ting-Lu
|-damage|p2a: Ting-Lu|0 fnt
|faint|p2a: Ting-Lu
|
|upkeep
|
|t:|1757874340
|switch|p2a: Alomomola|Alomomola, F|50/100
|turn|13
|
|t:|1757874350
|move|p1a: Kyurem|Freeze-Dry|p2a: Alomomola
|-supereffective|p2a: Alomomola
|-damage|p2a: Alomomola|5/100
|move|p2a: Alomomola|Wish|p2a: Alomomola
|
|upkeep
|turn|14
|
|t:|1757874354
|move|p2a: Alomomola|Protect|p2a: Alomomola
|-singleturn|p2a: Alomomola|Protect
|move|p1a: Kyurem|Earth Power|p2a: Alomomola
|-activate|p2a: Alomomola|move: Protect
|
|-heal|p2a: Alomomola|55/100|[from] move: Wish|[wisher] Alomomola
|upkeep
|turn|15
|
|t:|1757874364
|switch|p2a: Iron Crown|Iron Crown|100/100
|-damage|p2a: Iron Crown|88/100|[from] Spikes
|move|p1a: Kyurem|Freeze-Dry|p2a: Iron Crown
|-resisted|p2a: Iron Crown
|-damage|p2a: Iron Crown|78/100
|
|upkeep
|turn|16
|
|t:|1757874385
|move|p1a: Kyurem|Earth Power|p2a: Iron Crown
|-supereffective|p2a: Iron Crown
|-damage|p2a: Iron Crown|39/100
|move|p2a: Iron Crown|Tachyon Cutter|p1a: Kyurem
|-supereffective|p1a: Kyurem
|-damage|p1a: Kyurem|47/100
|-supereffective|p1a: Kyurem
|-damage|p1a: Kyurem|0 fnt
|faint|p1a: Kyurem
|-hitcount|p1: Kyurem|2
|
|upkeep
|inactive|Prav33n has 270 seconds left.
|
|t:|1757874409
|switch|p1a: Gholdengo|Gholdengo|59/100
|-damage|p1a: Gholdengo|34/100|[from] Spikes
|-damage|p1a: Gholdengo|28/100|[from] Stealth Rock
|turn|17
|
|t:|1757874420
|move|p1a: Gholdengo|Shadow Ball|p2a: Iron Crown
|-supereffective|p2a: Iron Crown
|-damage|p2a: Iron Crown|0 fnt
|faint|p2a: Iron Crown
|-end|p2a: Iron Crown|Quark Drive|[silent]
|
|upkeep
|
|t:|1757874430
|switch|p2a: Dragapult|Dragapult, M|100/100
|-damage|p2a: Dragapult|88/100|[from] Spikes
|turn|18
|
|t:|1757874437
|move|p1a: Gholdengo|Shadow Ball|p2a: Dragapult
|-supereffective|p2a: Dragapult
|-damage|p2a: Dragapult|0 fnt
|faint|p2a: Dragapult
|
|upkeep
|
|t:|1757874442
|switch|p2a: Clefable|Clefable, F|100/100
|turn|19
|
|t:|1757874446
|-terastallize|p2a: Clefable|Steel
|move|p1a: Gholdengo|Shadow Ball|p2a: Clefable
|-damage|p2a: Clefable|71/100
|move|p2a: Clefable|Knock Off|p1a: Gholdengo
|-supereffective|p1a: Gholdengo
|-damage|p1a: Gholdengo|0 fnt
|-enditem|p1a: Gholdengo|Choice Scarf|[from] move: Knock Off|[of] p2a: Clefable
|faint|p1a: Gholdengo
|
|upkeep
|
|t:|1757874449
|switch|p1a: Primarina|Primarina, M|71/100
|-damage|p1a: Primarina|46/100|[from] Spikes
|-damage|p1a: Primarina|33/100|[from] Stealth Rock
|turn|20
|
|t:|1757874460
|move|p1a: Primarina|Psychic Noise|p2a: Clefable
|-damage|p2a: Clefable|42/100
|-start|p2a: Clefable|move: Heal Block
|cant|p2a: Clefable|move: Heal Block|Moonlight
|
|upkeep
|turn|21
|
|t:|1757874466
|move|p1a: Primarina|Surf|p2a: Clefable
|-damage|p2a: Clefable|5/100
|move|p2a: Clefable|Moonblast|p1a: Primarina
|-damage|p1a: Primarina|13/100
|
|-end|p2a: Clefable|move: Heal Block
|upkeep
|turn|22
|
|t:|1757874473
|switch|p2a: Alomomola|Alomomola, F|88/100
|move|p1a: Primarina|Psychic Noise|p2a: Alomomola
|-resisted|p2a: Alomomola
|-damage|p2a: Alomomola|73/100
|-start|p2a: Alomomola|move: Heal Block
|
|upkeep
|turn|23
|
|t:|1757874482
|move|p1a: Primarina|Moonblast|p2a: Alomomola
|-damage|p2a: Alomomola|34/100
|move|p2a: Alomomola|Whirlpool|p1a: Primarina
|-resisted|p1a: Primarina
|-damage|p1a: Primarina|11/100
|-activate|p1a: Primarina|move: Whirlpool|[of] p2a: Alomomola
|
|-damage|p1a: Primarina|0 fnt|[from] move: Whirlpool|[partiallytrapped]
|faint|p1a: Primarina
|-end|p2a: Alomomola|move: Heal Block
|upkeep
|
|t:|1757874486
|switch|p1a: Great Tusk|Great Tusk|100/100
|-damage|p1a: Great Tusk|76/100|[from] Spikes
|-damage|p1a: Great Tusk|73/100|[from] Stealth Rock
|turn|24
|
|t:|1757874491
|move|p1a: Great Tusk|Headlong Rush|p2a: Alomomola
|-damage|p2a: Alomomola|0 fnt
|-unboost|p1a: Great Tusk|def|1
|-unboost|p1a: Great Tusk|spd|1
|faint|p2a: Alomomola
|
|upkeep
|
|t:|1757874494
|switch|p2a: Clefable|Clefable, F, tera:Steel|5/100
|turn|25
|c|☆Prav33n|gg
|c|☆Top1SSSmegaSlowbro|Gg
|
|t:|1757874501
|move|p1a: Great Tusk|Headlong Rush|p2a: Clefable
|-supereffective|p2a: Clefable
|-damage|p2a: Clefable|0 fnt
|-unboost|p1a: Great Tusk|def|1
|-unboost|p1a: Great Tusk|spd|1
|-damage|p1a: Great Tusk|56/100|[from] item: Rocky Helmet|[of] p2a: Clefable
|faint|p2a: Clefable
|
|win|Prav33n
|c|☆Top1SSSmegaSlowbro|I think i did well
|c|☆Top1SSSmegaSlowbro|thank you
