|j|☆zast3133
|j|☆vChickenNugget
|t:|1757843569
|gametype|singles
|player|p1|zast3133|nate|1290
|player|p2|vChickenNugget|erika|1271
|gen|9
|tier|[Gen 9] OU
|rated|
|rule|HP Percentage Mod: HP is shown in percentages
|rule|Endless Battle Clause: Forcing endless battles is banned
|rule|Species Clause: Limit one of each Pokémon
|rule|OHKO Clause: OHKO moves are banned
|rule|Evasion Items Clause: Evasion items are banned
|rule|Evasion Moves Clause: Evasion moves are banned
|rule|Evasion Abilities Clause: Evasion abilities are banned
|rule|Sleep Moves Clause: Sleep-inducing moves are banned
|clearpoke
|poke|p1|Raging Bolt|
|poke|p1|Dondozo, M|
|poke|p1|Scizor, M|
|poke|p1|Iron Crown|
|poke|p1|Revavroom, M|
|poke|p1|Clefable, F|
|poke|p2|Deoxys-Speed|
|poke|p2|Dragonite, M|
|poke|p2|Darkrai|
|poke|p2|Iron Moth|
|poke|p2|Scizor, M|
|poke|p2|Great Tusk|
|teampreview
|inactive|Battle timer is ON: inactive players will automatically lose when time's up. (requested by zast3133)
|
|t:|1757843595
|teamsize|p1|6
|teamsize|p2|6
|start
|switch|p1a: Revavroom|Revavroom, M, shiny|100/100
|switch|p2a: Deoxys|Deoxys-Speed|100/100
|-ability|p2a: Deoxys|Pressure
|-item|p1a: Revavroom|Air Balloon
|turn|1
|
|t:|1757843603
|move|p2a: Deoxys|Psycho Boost|p1a: Revavroom|[miss]
|-miss|p2a: Deoxys|p1a: Revavroom
|move|p1a: Revavroom|Shift Gear|p1a: Revavroom
|-boost|p1a: Revavroom|spe|2
|-boost|p1a: Revavroom|atk|1
|
|upkeep
|turn|2
|
|t:|1757843614
|move|p1a: Revavroom|High Horsepower|p2a: Deoxys
|-damage|p2a: Deoxys|33/100
|move|p2a: Deoxys|Psycho Boost|p1a: Revavroom
|-damage|p1a: Revavroom|0 fnt
|-unboost|p2a: Deoxys|spa|2
|-enditem|p1a: Revavroom|Air Balloon
|faint|p1a: Revavroom
|-damage|p2a: Deoxys|23/100|[from] item: Life Orb
|
|upkeep
|
|t:|1757843627
|switch|p1a: Iron Crown|Iron Crown|100/100
|-item|p1a: Iron Crown|Air Balloon
|turn|3
|
|t:|1757843636
|move|p2a: Deoxys|Stealth Rock|p1a: Iron Crown
|-sidestart|p1: zast3133|move: Stealth Rock
|move|p1a: Iron Crown|Calm Mind|p1a: Iron Crown
|-boost|p1a: Iron Crown|spa|1
|-boost|p1a: Iron Crown|spd|1
|
|upkeep
|turn|4
|
|t:|1757843645
|move|p2a: Deoxys|Taunt|p1a: Iron Crown
|-start|p1a: Iron Crown|move: Taunt
|move|p1a: Iron Crown|Psyshock|p2a: Deoxys
|-resisted|p2a: Deoxys
|-damage|p2a: Deoxys|0 fnt
|faint|p2a: Deoxys
|
|upkeep
|
|t:|1757843660
|switch|p2a: Great Tusk|Great Tusk|100/100
|-enditem|p2a: Great Tusk|Booster Energy
|-activate|p2a: Great Tusk|ability: Protosynthesis|[fromitem]
|-start|p2a: Great Tusk|protosynthesisspe
|turn|5
|
|t:|1757843666
|-terastallize|p1a: Iron Crown|Fighting
|move|p2a: Great Tusk|Headlong Rush|p1a: Iron Crown
|-immune|p1a: Iron Crown
|move|p1a: Iron Crown|Psyshock|p2a: Great Tusk
|-supereffective|p2a: Great Tusk
|-damage|p2a: Great Tusk|27/100
|
|upkeep
|turn|6
|
|t:|1757843690
|move|p2a: Great Tusk|Ice Spinner|p1a: Iron Crown
|-damage|p1a: Iron Crown|75/100
|-enditem|p1a: Iron Crown|Air Balloon
|move|p1a: Iron Crown|Tachyon Cutter|p2a: Great Tusk
|-damage|p2a: Great Tusk|0 fnt
|faint|p2a: Great Tusk
|-end|p2a: Great Tusk|Protosynthesis|[silent]
|-hitcount|p2: Great Tusk|1
|
|-end|p1a: Iron Crown|move: Taunt
|upkeep
|
|t:|1757843702
|switch|p2a: Scizor|Scizor, M|100/100
|turn|7
|
|t:|1757843706
|move|p2a: Scizor|Bullet Punch|p1a: Iron Crown
|-damage|p1a: Iron Crown|24/100
|move|p1a: Iron Crown|Focus Blast|p2a: Scizor|[miss]
|-miss|p1a: Iron Crown|p2a: Scizor
|
|upkeep
|turn|8
|
|t:|1757843713
|move|p2a: Scizor|Bullet Punch|p1a: Iron Crown
|-damage|p1a: Iron Crown|0 fnt
|faint|p1a: Iron Crown
|-end|p1a: Iron Crown|Quark Drive|[silent]
|
|upkeep
|
|t:|1757843719
|switch|p1a: Raging Bolt|Raging Bolt|100/100
|-damage|p1a: Raging Bolt|88/100|[from] Stealth Rock
|-enditem|p1a: Raging Bolt|Booster Energy
|-activate|p1a: Raging Bolt|ability: Protosynthesis|[fromitem]
|-start|p1a: Raging Bolt|protosynthesisspa
|turn|9
|
|t:|1757843746
|switch|p2a: Dragonite|Dragonite, M|100/100
|move|p1a: Raging Bolt|Thunderbolt|p2a: Dragonite
|-crit|p2a: Dragonite
|-damage|p2a: Dragonite|50/100
|
|upkeep
|turn|10
|
|t:|1757843755
|move|p1a: Raging Bolt|Thunderclap|p2a: Dragonite
|-damage|p2a: Dragonite|0 fnt
|faint|p2a: Dragonite
|
|upkeep
|
|t:|1757843759
|switch|p2a: Iron Moth|Iron Moth|100/100
|-enditem|p2a: Iron Moth|Booster Energy
|-activate|p2a: Iron Moth|ability: Quark Drive|[fromitem]
|-start|p2a: Iron Moth|quarkdrivespe
|turn|11
|
|t:|1757843764
|move|p2a: Iron Moth|Dazzling Gleam|p1a: Raging Bolt
|-supereffective|p1a: Raging Bolt
|-damage|p1a: Raging Bolt|44/100
|move|p1a: Raging Bolt|Thunderbolt|p2a: Iron Moth
|-damage|p2a: Iron Moth|32/100
|
|upkeep
|turn|12
|
|t:|1757843772
|-end|p2a: Iron Moth|Quark Drive|[silent]
|switch|p2a: Darkrai|Darkrai|100/100
|move|p1a: Raging Bolt|Thunderclap||[still]
|-fail|p1a: Raging Bolt
|
|upkeep
|turn|13
|
|t:|1757843779
|move|p1a: Raging Bolt|Thunderclap|p2a: Darkrai
|-damage|p2a: Darkrai|17/100
|move|p2a: Darkrai|Ice Beam|p1a: Raging Bolt
|-supereffective|p1a: Raging Bolt
|-damage|p1a: Raging Bolt|0 fnt
|faint|p1a: Raging Bolt
|-end|p1a: Raging Bolt|Protosynthesis|[silent]
|-damage|p2a: Darkrai|7/100|[from] item: Life Orb
|
|upkeep
|
|t:|1757843790
|switch|p1a: Scizor|Scizor, M, shiny|100/100
|-damage|p1a: Scizor|88/100|[from] Stealth Rock
|turn|14
|
|t:|1757843797
|switch|p2a: Scizor|Scizor, M|100/100
|move|p1a: Scizor|U-turn|p2a: Scizor
|-resisted|p2a: Scizor
|-damage|p2a: Scizor|68/100
|
|t:|1757843804
|switch|p1a: Clefable|Clefable, F, shiny|100/100|[from] U-turn
|-damage|p1a: Clefable|88/100|[from] Stealth Rock
|
|-heal|p1a: Clefable|94/100|[from] item: Leftovers
|upkeep
|turn|15
|
|t:|1757843812
|move|p2a: Scizor|U-turn|p1a: Clefable
|-resisted|p1a: Clefable
|-damage|p1a: Clefable|58/100
|
|t:|1757843815
|switch|p2a: Darkrai|Darkrai|7/100|[from] U-turn
|move|p1a: Clefable|Stealth Rock|p2a: Darkrai
|-sidestart|p2: vChickenNugget|move: Stealth Rock
|
|-heal|p1a: Clefable|64/100|[from] item: Leftovers
|upkeep
|turn|16
|-message|vChickenNugget forfeited.
|
|win|zast3133
|raw|zast3133's rating: 1290 &rarr; <strong>1314</strong><br />(+24 for winning)
|raw|vChickenNugget's rating: 1271 &rarr; <strong>1247</strong><br />(-24 for losing)
|l|☆vChickenNugget
|player|p2|
|l|☆zast3133
|player|p1|
