|j|☆talon246
|j|☆weiweihu
|t:|1757808328
|gametype|singles
|player|p1|talon246|marlon|1422
|player|p2|weiweihu|cynthia|1447
|gen|9
|tier|[Gen 9] OU
|rated|
|rule|HP Percentage Mod: HP is shown in percentages
|rule|Endless Battle Clause: Forcing endless battles is banned
|rule|Species Clause: Limit one of each Pokémon
|rule|OHKO Clause: OHKO moves are banned
|rule|Evasion Items Clause: Evasion items are banned
|rule|Evasion Moves Clause: Evasion moves are banned
|rule|Evasion Abilities Clause: Evasion abilities are banned
|rule|Sleep Moves Clause: Sleep-inducing moves are banned
|clearpoke
|poke|p1|Alomomola, F|
|poke|p1|Hoopa-Unbound|
|poke|p1|Garchomp, F|
|poke|p1|Slowking-Galar, F|
|poke|p1|Gholdengo|
|poke|p1|Dragapult, M|
|poke|p2|Toedscruel, F|
|poke|p2|Skeledirge, M|
|poke|p2|Tyranitar, F|
|poke|p2|Ninetales-Alola, M|
|poke|p2|Ogerpon, F|
|poke|p2|Hydreigon, M|
|teampreview
|inactive|Battle timer is ON: inactive players will automatically lose when time's up. (requested by talon246)
|inactive|weiweihu also wants the timer to be on.
|
|t:|1757808337
|teamsize|p1|6
|teamsize|p2|6
|start
|switch|p1a: Gholdengo|Gholdengo|100/100
|switch|p2a: Ogerpon|Ogerpon, F|100/100
|-item|p1a: Gholdengo|Air Balloon
|turn|1
|
|t:|1757808343
|switch|p1a: Alomomola|Alomomola, F|100/100
|move|p2a: Ogerpon|U-turn|p1a: Alomomola
|-damage|p1a: Alomomola|76/100
|
|t:|1757808354
|switch|p2a: Ninetales|Ninetales-Alola, M, shiny|100/100|[from] U-turn
|-weather|Snowscape|[from] ability: Snow Warning|[of] p2a: Ninetales
|
|-weather|Snowscape|[upkeep]
|upkeep
|turn|2
|
|t:|1757808365
|move|p2a: Ninetales|Aurora Veil|p2a: Ninetales
|-sidestart|p2: weiweihu|move: Aurora Veil
|move|p1a: Alomomola|Flip Turn|p2a: Ninetales
|-damage|p2a: Ninetales|93/100
|
|t:|1757808368
|switch|p1a: Gholdengo|Gholdengo|100/100|[from] Flip Turn
|-item|p1a: Gholdengo|Air Balloon
|
|-weather|Snowscape|[upkeep]
|upkeep
|turn|3
|
|t:|1757808379
|switch|p1a: Garchomp|Garchomp, F|100/100
|move|p2a: Ninetales|Freeze-Dry|p1a: Garchomp
|-supereffective|p1a: Garchomp
|-damage|p1a: Garchomp|15/100
|
|-weather|Snowscape|[upkeep]
|upkeep
|turn|4
|
|t:|1757808389
|switch|p1a: Slowking|Slowking-Galar, F|100/100
|move|p2a: Ninetales|Freeze-Dry|p1a: Slowking
|-damage|p1a: Slowking|87/100
|
|-weather|Snowscape|[upkeep]
|upkeep
|turn|5
|
|t:|1757808398
|switch|p2a: Skeledirge|Skeledirge, M, shiny|100/100
|move|p1a: Slowking|Thunder Wave|p2a: Skeledirge
|-status|p2a: Skeledirge|par
|
|-weather|none
|upkeep
|turn|6
|
|t:|1757808401
|cant|p2a: Skeledirge|par
|move|p1a: Slowking|Future Sight|p2a: Skeledirge
|-start|p1a: Slowking|move: Future Sight
|
|upkeep
|turn|7
|
|t:|1757808406
|cant|p2a: Skeledirge|par
|-prepare|p1a: Slowking|Chilly Reception|[premajor]
|move|p1a: Slowking|Chilly Reception|p1a: Slowking
|-weather|Snowscape
|
|t:|1757808412
|switch|p1a: Garchomp|Garchomp, F|15/100|[from] Chilly Reception
|
|-weather|Snowscape|[upkeep]
|upkeep
|turn|8
|
|t:|1757808415
|move|p1a: Garchomp|Stealth Rock|p2a: Skeledirge
|-sidestart|p2: weiweihu|move: Stealth Rock
|move|p2a: Skeledirge|Fire Spin|p1a: Garchomp
|-resisted|p1a: Garchomp
|-damage|p1a: Garchomp|8/100
|-activate|p1a: Garchomp|move: Fire Spin|[of] p2a: Skeledirge
|
|-weather|Snowscape|[upkeep]
|-end|p2a: Skeledirge|move: Future Sight
|-damage|p2a: Skeledirge|78/100 par
|-damage|p1a: Garchomp|0 fnt|[from] move: Fire Spin|[partiallytrapped]
|faint|p1a: Garchomp
|upkeep
|
|t:|1757808418
|switch|p1a: Hoopa|Hoopa-Unbound|100/100
|turn|9
|
|t:|1757808427
|move|p1a: Hoopa|Knock Off|p2a: Skeledirge
|-supereffective|p2a: Skeledirge
|-damage|p2a: Skeledirge|45/100 par
|-enditem|p2a: Skeledirge|Heavy-Duty Boots|[from] move: Knock Off|[of] p1a: Hoopa
|move|p2a: Skeledirge|Will-O-Wisp|p1a: Hoopa
|-status|p1a: Hoopa|brn
|
|-weather|Snowscape|[upkeep]
|-damage|p1a: Hoopa|94/100 brn|[from] brn
|-sideend|p2: weiweihu|move: Aurora Veil
|upkeep
|turn|10
|
|t:|1757808431
|move|p1a: Hoopa|Psychic Noise|p2a: Skeledirge
|-damage|p2a: Skeledirge|0 fnt
|faint|p2a: Skeledirge
|
|-weather|Snowscape|[upkeep]
|-damage|p1a: Hoopa|88/100 brn|[from] brn
|upkeep
|
|t:|1757808438
|switch|p2a: Ogerpon|Ogerpon, F|100/100
|-damage|p2a: Ogerpon|88/100|[from] Stealth Rock
|turn|11
|
|t:|1757808442
|switch|p1a: Alomomola|Alomomola, F|100/100
|move|p2a: Ogerpon|Knock Off|p1a: Alomomola
|-damage|p1a: Alomomola|70/100
|-enditem|p1a: Alomomola|Heavy-Duty Boots|[from] move: Knock Off|[of] p2a: Ogerpon
|
|-weather|none
|upkeep
|turn|12
|
|t:|1757808451
|switch|p2a: Toedscruel|Toedscruel, F, shiny|100/100
|-damage|p2a: Toedscruel|94/100|[from] Stealth Rock
|move|p1a: Alomomola|Flip Turn|p2a: Toedscruel
|-damage|p2a: Toedscruel|73/100
|
|t:|1757808461
|switch|p1a: Dragapult|Dragapult, M|100/100|[from] Flip Turn
|
|upkeep
|turn|13
|
|t:|1757808473
|move|p1a: Dragapult|U-turn|p2a: Toedscruel
|-supereffective|p2a: Toedscruel
|-damage|p2a: Toedscruel|13/100
|
|t:|1757808482
|switch|p1a: Alomomola|Alomomola, F|100/100|[from] U-turn
|move|p2a: Toedscruel|Leech Seed|p1a: Alomomola|[miss]
|-miss|p2a: Toedscruel|p1a: Alomomola
|
|upkeep
|turn|14
|
|t:|1757808486
|move|p2a: Toedscruel|Rapid Spin|p1a: Alomomola
|-damage|p1a: Alomomola|96/100
|-boost|p2a: Toedscruel|spe|1
|-sideend|p2: weiweihu|Stealth Rock|[from] move: Rapid Spin|[of] p2a: Toedscruel
|move|p1a: Alomomola|Flip Turn|p2a: Toedscruel
|-damage|p2a: Toedscruel|0 fnt
|faint|p2a: Toedscruel
|
|t:|1757808497
|switch|p1a: Slowking|Slowking-Galar, F|100/100|[from] Flip Turn
|
|upkeep
|
|t:|1757808506
|switch|p2a: Ogerpon|Ogerpon, F|88/100
|turn|15
|inactive|talon246 has 120 seconds left.
|
|t:|1757808547
|move|p2a: Ogerpon|Knock Off|p1a: Slowking
|-supereffective|p1a: Slowking
|-damage|p1a: Slowking|0 fnt
|-enditem|p1a: Slowking|Heavy-Duty Boots|[from] move: Knock Off|[of] p2a: Ogerpon
|faint|p1a: Slowking
|
|upkeep
|
|t:|1757808560
|switch|p1a: Dragapult|Dragapult, M|100/100
|turn|16
|
|t:|1757808563
|-terastallize|p2a: Ogerpon|Grass
|detailschange|p2a: Ogerpon|Ogerpon-Teal-Tera, F, tera:Grass
|-ability|p2a: Ogerpon|Embody Aspect (Teal)|boost
|-boost|p2a: Ogerpon|spe|1
|move|p2a: Ogerpon|Knock Off|p1a: Dragapult
|-supereffective|p1a: Dragapult
|-damage|p1a: Dragapult|0 fnt
|-enditem|p1a: Dragapult|Heavy-Duty Boots|[from] move: Knock Off|[of] p2a: Ogerpon
|faint|p1a: Dragapult
|
|upkeep
|-message|talon246 forfeited.
|
|win|weiweihu
|raw|talon246's rating: 1403 &rarr; <strong>1386</strong><br />(-17 for losing)
|raw|weiweihu's rating: 1447 &rarr; <strong>1464</strong><br />(+17 for winning)
|l|☆talon246
|player|p1|
|l|☆weiweihu
|player|p2|
