|j|☆LilBeefStank
|j|☆lultimid
|t:|1757859905
|gametype|singles
|player|p1|LilBeefStank|265|1093
|player|p2|lultimid|volkner|1127
|gen|9
|tier|[Gen 9] OU
|rated|
|rule|HP Percentage Mod: HP is shown in percentages
|rule|Endless Battle Clause: Forcing endless battles is banned
|rule|Species Clause: Limit one of each Pokémon
|rule|OHKO Clause: OHKO moves are banned
|rule|Evasion Items Clause: Evasion items are banned
|rule|Evasion Moves Clause: Evasion moves are banned
|rule|Evasion Abilities Clause: Evasion abilities are banned
|rule|Sleep Moves Clause: Sleep-inducing moves are banned
|clearpoke
|poke|p1|Tyranitar, M|
|poke|p1|Excadrill, M|
|poke|p1|Garchomp, M|
|poke|p1|Grimmsnarl, M|
|poke|p1|Primarina, M|
|poke|p1|Pecharunt|
|poke|p2|Umbreon, F|
|poke|p2|Goodra, F|
|poke|p2|Espeon, M|
|poke|p2|Politoed, M|
|poke|p2|Primarina, M|
|poke|p2|Dragapult, M|
|teampreview
|inactive|Battle timer is ON: inactive players will automatically lose when time's up. (requested by LilBeefStank)
|c|☆LilBeefStank|Glhf
|
|t:|1757859917
|teamsize|p1|6
|teamsize|p2|6
|start
|switch|p1a: Grimmsnarl|Grimmsnarl, M, shiny|100/100
|switch|p2a: Espeon|Espeon, M|100/100
|turn|1
|
|t:|1757859925
|move|p1a: Grimmsnarl|Taunt|p2a: Espeon
|move|p2a: Espeon|Taunt|p1a: Grimmsnarl|[from] ability: Magic Bounce
|-start|p1a: Grimmsnarl|move: Taunt
|move|p2a: Espeon|Dazzling Gleam|p1a: Grimmsnarl
|-supereffective|p1a: Grimmsnarl
|-damage|p1a: Grimmsnarl|48/100
|
|-heal|p1a: Grimmsnarl|54/100|[from] item: Leftovers
|upkeep
|turn|2
|
|t:|1757859935
|switch|p1a: Tyranitar|Tyranitar, M, shiny|100/100
|-weather|Sandstorm|[from] ability: Sand Stream|[of] p1a: Tyranitar
|move|p2a: Espeon|Dazzling Gleam|p1a: Tyranitar
|-supereffective|p1a: Tyranitar
|-damage|p1a: Tyranitar|65/100
|
|-weather|Sandstorm|[upkeep]
|-damage|p2a: Espeon|95/100|[from] Sandstorm
|upkeep
|turn|3
|c|☆LilBeefStank|That's so dumb
|
|t:|1757859947
|switch|p2a: Politoed|Politoed, M|100/100
|-weather|RainDance|[from] ability: Drizzle|[of] p2a: Politoed
|switch|p1a: Excadrill|Excadrill, M, shiny|100/100
|
|-weather|RainDance|[upkeep]
|upkeep
|turn|4
|
|t:|1757859956
|switch|p1a: Primarina|Primarina, M, shiny|100/100
|move|p2a: Politoed|Surf|p1a: Primarina
|-resisted|p1a: Primarina
|-damage|p1a: Primarina|73/100
|
|-weather|RainDance|[upkeep]
|upkeep
|turn|5
|
|t:|1757859966
|switch|p2a: Umbreon|Umbreon, F|100/100
|move|p1a: Primarina|Energy Ball|p2a: Umbreon
|-damage|p2a: Umbreon|75/100
|-unboost|p2a: Umbreon|spd|1
|
|-weather|RainDance|[upkeep]
|-heal|p2a: Umbreon|81/100|[from] item: Leftovers
|upkeep
|turn|6
|
|t:|1757859976
|switch|p1a: Grimmsnarl|Grimmsnarl, M, shiny|54/100
|move|p2a: Umbreon|Toxic|p1a: Grimmsnarl
|-status|p1a: Grimmsnarl|tox
|
|-weather|RainDance|[upkeep]
|-heal|p2a: Umbreon|88/100|[from] item: Leftovers
|-heal|p1a: Grimmsnarl|60/100 tox|[from] item: Leftovers
|-damage|p1a: Grimmsnarl|54/100 tox|[from] psn
|upkeep
|turn|7
|
|t:|1757859989
|switch|p2a: Primarina|Primarina, M, shiny|100/100
|move|p1a: Grimmsnarl|Reflect|p1a: Grimmsnarl
|-sidestart|p1: LilBeefStank|Reflect
|
|-weather|RainDance|[upkeep]
|-heal|p1a: Grimmsnarl|60/100 tox|[from] item: Leftovers
|-damage|p1a: Grimmsnarl|48/100 tox|[from] psn
|upkeep
|turn|8
|
|t:|1757859997
|move|p1a: Grimmsnarl|Parting Shot|p2a: Primarina
|-unboost|p2a: Primarina|atk|1
|-unboost|p2a: Primarina|spa|1
|
|t:|1757860003
|switch|p1a: Primarina|Primarina, M, shiny|73/100|[from] Parting Shot
|move|p2a: Primarina|Reflect|p2a: Primarina
|-sidestart|p2: lultimid|Reflect
|
|-weather|RainDance|[upkeep]
|upkeep
|turn|9
|
|t:|1757860010
|move|p1a: Primarina|Energy Ball|p2a: Primarina
|-supereffective|p2a: Primarina
|-damage|p2a: Primarina|11/100
|move|p2a: Primarina|Light Screen|p2a: Primarina
|-sidestart|p2: lultimid|move: Light Screen
|
|-weather|RainDance|[upkeep]
|upkeep
|turn|10
|
|t:|1757860018
|move|p1a: Primarina|Energy Ball|p2a: Primarina
|-supereffective|p2a: Primarina
|-damage|p2a: Primarina|0 fnt
|faint|p2a: Primarina
|
|-weather|none
|upkeep
|
|t:|1757860025
|switch|p2a: Goodra|Goodra, F|100/100
|turn|11
|
|t:|1757860037
|switch|p1a: Grimmsnarl|Grimmsnarl, M, shiny|48/100 tox
|-terastallize|p2a: Goodra|Bug
|move|p2a: Goodra|Sludge Bomb|p1a: Grimmsnarl
|-supereffective|p1a: Grimmsnarl
|-damage|p1a: Grimmsnarl|0 fnt
|faint|p1a: Grimmsnarl
|
|-sideend|p1: LilBeefStank|Reflect
|upkeep
|
|t:|1757860045
|switch|p1a: Primarina|Primarina, M, shiny|73/100
|turn|12
|inactive|lultimid has 120 seconds left.
|
|t:|1757860077
|switch|p1a: Excadrill|Excadrill, M, shiny|100/100
|move|p2a: Goodra|Sludge Bomb|p1a: Excadrill
|-immune|p1a: Excadrill
|
|upkeep
|turn|13
|
|t:|1757860101
|switch|p1a: Primarina|Primarina, M, shiny|73/100
|move|p2a: Goodra|Scald|p1a: Primarina
|-resisted|p1a: Primarina
|-damage|p1a: Primarina|60/100
|
|upkeep
|turn|14
|
|t:|1757860110
|switch|p1a: Pecharunt|Pecharunt|100/100
|-item|p1a: Pecharunt|Air Balloon
|move|p2a: Goodra|Sludge Bomb|p1a: Pecharunt
|-resisted|p1a: Pecharunt
|-damage|p1a: Pecharunt|93/100
|-enditem|p1a: Pecharunt|Air Balloon
|
|upkeep
|turn|15
|
|t:|1757860119
|switch|p2a: Politoed|Politoed, M|100/100
|-weather|RainDance|[from] ability: Drizzle|[of] p2a: Politoed
|move|p1a: Pecharunt|Substitute|p1a: Pecharunt
|-start|p1a: Pecharunt|Substitute
|-damage|p1a: Pecharunt|68/100
|
|-weather|RainDance|[upkeep]
|-sideend|p2: lultimid|Reflect
|upkeep
|turn|16
|
|t:|1757860128
|move|p1a: Pecharunt|Malignant Chain|p2a: Politoed
|-damage|p2a: Politoed|86/100
|move|p2a: Politoed|Surf|p1a: Pecharunt
|-end|p1a: Pecharunt|Substitute
|
|-weather|RainDance|[upkeep]
|-sideend|p2: lultimid|move: Light Screen
|upkeep
|turn|17
|
|t:|1757860137
|move|p1a: Pecharunt|Parting Shot|p2a: Politoed
|-unboost|p2a: Politoed|atk|1
|-unboost|p2a: Politoed|spa|1
|
|t:|1757860140
|switch|p1a: Primarina|Primarina, M, shiny|60/100|[from] Parting Shot
|move|p2a: Politoed|Psychic|p1a: Primarina
|-damage|p1a: Primarina|43/100
|
|-weather|RainDance|[upkeep]
|upkeep
|turn|18
|
|t:|1757860150
|move|p1a: Primarina|Moonblast|p2a: Politoed
|-damage|p2a: Politoed|17/100
|move|p2a: Politoed|Psychic|p1a: Primarina
|-damage|p1a: Primarina|23/100
|
|-weather|RainDance|[upkeep]
|upkeep
|turn|19
|
|t:|1757860158
|move|p1a: Primarina|Moonblast|p2a: Politoed
|-damage|p2a: Politoed|0 fnt
|faint|p2a: Politoed
|
|-weather|RainDance|[upkeep]
|upkeep
|
|t:|1757860165
|switch|p2a: Espeon|Espeon, M|95/100
|turn|20
|
|t:|1757860170
|move|p2a: Espeon|Calm Mind|p2a: Espeon
|-boost|p2a: Espeon|spa|1
|-boost|p2a: Espeon|spd|1
|move|p1a: Primarina|Moonblast|p2a: Espeon
|-damage|p2a: Espeon|28/100
|-unboost|p2a: Espeon|spa|1
|
|-weather|RainDance|[upkeep]
|upkeep
|turn|21
|
|t:|1757860179
|move|p2a: Espeon|Psychic|p1a: Primarina
|-damage|p1a: Primarina|0 fnt
|faint|p1a: Primarina
|
|-weather|RainDance|[upkeep]
|upkeep
|
|t:|1757860188
|switch|p1a: Tyranitar|Tyranitar, M, shiny|65/100
|-weather|Sandstorm|[from] ability: Sand Stream|[of] p1a: Tyranitar
|turn|22
|
|t:|1757860192
|move|p2a: Espeon|Dazzling Gleam|p1a: Tyranitar
|-supereffective|p1a: Tyranitar
|-damage|p1a: Tyranitar|31/100
|move|p1a: Tyranitar|Shadow Claw|p2a: Espeon
|-supereffective|p2a: Espeon
|-damage|p2a: Espeon|0 fnt
|faint|p2a: Espeon
|
|-weather|Sandstorm|[upkeep]
|upkeep
|
|t:|1757860202
|switch|p2a: Goodra|Goodra, F, tera:Bug|100/100
|turn|23
|
|t:|1757860215
|move|p1a: Tyranitar|Earthquake|p2a: Goodra
|-resisted|p2a: Goodra
|-damage|p2a: Goodra|80/100
|move|p2a: Goodra|Scald|p1a: Tyranitar
|-supereffective|p1a: Tyranitar
|-damage|p1a: Tyranitar|0 fnt
|faint|p1a: Tyranitar
|
|-weather|Sandstorm|[upkeep]
|-damage|p2a: Goodra|74/100|[from] Sandstorm
|-heal|p2a: Goodra|80/100|[from] item: Leftovers
|upkeep
|
|t:|1757860218
|switch|p1a: Excadrill|Excadrill, M, shiny|100/100
|turn|24
|
|t:|1757860229
|-terastallize|p1a: Excadrill|Steel
|move|p1a: Excadrill|Swords Dance|p1a: Excadrill
|-boost|p1a: Excadrill|atk|2
|move|p2a: Goodra|Scald|p1a: Excadrill
|-damage|p1a: Excadrill|72/100
|
|-weather|Sandstorm|[upkeep]
|-damage|p2a: Goodra|74/100|[from] Sandstorm
|-heal|p2a: Goodra|80/100|[from] item: Leftovers
|upkeep
|turn|25
|
|t:|1757860241
|move|p1a: Excadrill|Iron Head|p2a: Goodra
|-damage|p2a: Goodra|0 fnt
|faint|p2a: Goodra
|
|-weather|Sandstorm|[upkeep]
|upkeep
|
|t:|1757860247
|switch|p2a: Umbreon|Umbreon, F|88/100
|turn|26
|
|t:|1757860252
|move|p1a: Excadrill|Iron Head|p2a: Umbreon
|-damage|p2a: Umbreon|0 fnt
|faint|p2a: Umbreon
|
|-weather|none
|upkeep
|l|☆lultimid
|inactive|lultimid disconnected and has a minute to reconnect!
|player|p2|
|c|☆LilBeefStank|😂😂😂
|inactive|lultimid has 30 seconds to reconnect!
|inactive|lultimid has 20 seconds to reconnect!
|inactive|lultimid has 15 seconds to reconnect!
|inactive|lultimid has 10 seconds to reconnect!
|inactive|lultimid has 5 seconds to reconnect!
|-message|lultimid lost due to inactivity.
|
|win|LilBeefStank
|raw|LilBeefStank's rating: 1093 &rarr; <strong>1122</strong><br />(+29 for winning)
|raw|lultimid's rating: 1127 &rarr; <strong>1100</strong><br />(-27 for losing)
