|j|☆Nultiprise
|j|☆Howard D Wolowitz
|t:|1757859313
|gametype|singles
|player|p1|Nultiprise|preschooler|1468
|player|p2|Howard D Wolowitz|ghetsis|1406
|gen|9
|tier|[Gen 9] OU
|rated|
|rule|HP Percentage Mod: HP is shown in percentages
|rule|Endless Battle Clause: Forcing endless battles is banned
|rule|Species Clause: Limit one of each Pokémon
|rule|OHKO Clause: OHKO moves are banned
|rule|Evasion Items Clause: Evasion items are banned
|rule|Evasion Moves Clause: Evasion moves are banned
|rule|Evasion Abilities Clause: Evasion abilities are banned
|rule|Sleep Moves Clause: Sleep-inducing moves are banned
|clearpoke
|poke|p1|Greninja-*, M|
|poke|p1|Zoroark-Hisui, F|
|poke|p1|Great Tusk|
|poke|p1|Deoxys-Speed|
|poke|p1|Yanmega, M|
|poke|p1|Mimikyu, F|
|poke|p2|Ogerpon-Wellspring, F|
|poke|p2|Tyranitar, F|
|poke|p2|Excadrill, F|
|poke|p2|Iron Moth|
|poke|p2|Kyurem|
|poke|p2|Zamazenta-*|
|teampreview
|
|t:|1757859322
|teamsize|p1|6
|teamsize|p2|6
|start
|switch|p1a: Deoxys|Deoxys-Speed|100/100
|switch|p2a: Kyurem|Kyurem|100/100
|-ability|p2a: Kyurem|Pressure
|turn|1
|c|☆Nultiprise|hf
|
|t:|1757859331
|-terastallize|p1a: Deoxys|Fighting
|move|p1a: Deoxys|Low Kick|p2a: Kyurem
|-supereffective|p2a: Kyurem
|-damage|p2a: Kyurem|6/100
|-damage|p1a: Deoxys|91/100|[from] item: Life Orb
|move|p2a: Kyurem|Dragon Dance|p2a: Kyurem
|-boost|p2a: Kyurem|atk|1
|-boost|p2a: Kyurem|spe|1
|
|upkeep
|turn|2
|
|t:|1757859340
|switch|p1a: Deoxys|Deoxys-Speed|100/100
|-ability|p1a: Deoxys|Pressure
|move|p2a: Kyurem|Scale Shot|p1a: Deoxys
|-damage|p1a: Deoxys|68/100
|-damage|p1a: Deoxys|35/100
|-damage|p1a: Deoxys|3/100
|-damage|p1a: Deoxys|0 fnt
|faint|p1a: Deoxys
|-hitcount|p1: Deoxys|4
|-unboost|p2a: Kyurem|def|1
|-boost|p2a: Kyurem|spe|1
|
|upkeep
|
|t:|1757859342
|switch|p1a: Mimikyu|Mimikyu, F|100/100
|turn|3
|
|t:|1757859356
|move|p1a: Mimikyu|Shadow Sneak|p2a: Kyurem
|-damage|p2a: Kyurem|0 fnt
|faint|p2a: Kyurem
|-damage|p1a: Mimikyu|91/100|[from] item: Life Orb
|
|upkeep
|
|t:|1757859374
|switch|p2a: Excadrill|Excadrill, F|100/100
|-item|p2a: Excadrill|Air Balloon
|turn|4
|
|t:|1757859386
|move|p1a: Mimikyu|Wood Hammer|p2a: Excadrill
|-damage|p2a: Excadrill|38/100
|-enditem|p2a: Excadrill|Air Balloon
|-damage|p1a: Mimikyu|61/100|[from] Recoil
|-damage|p1a: Mimikyu|51/100|[from] item: Life Orb
|move|p2a: Excadrill|Iron Head|p1a: Mimikyu
|-activate|p1a: Mimikyu|ability: Disguise
|-damage|p1a: Mimikyu|51/100
|detailschange|p1a: Mimikyu|Mimikyu-Busted, F
|-damage|p1a: Mimikyu|38/100|[from] pokemon: Mimikyu-Busted
|
|upkeep
|turn|5
|
|t:|1757859395
|switch|p1a: Mimikyu|Mimikyu-Busted, F, tera:Fighting|91/100
|switch|p2a: Zamazenta|Zamazenta|100/100
|-ability|p2a: Zamazenta|Dauntless Shield|boost
|-boost|p2a: Zamazenta|def|1
|
|upkeep
|turn|6
|
|t:|1757859402
|move|p2a: Zamazenta|Crunch|p1a: Mimikyu
|-resisted|p1a: Mimikyu
|-damage|p1a: Mimikyu|69/100
|replace|p1a: Feur|Zoroark-Hisui, F
|-end|p1a: Feur|Illusion
|move|p1a: Feur|Hyper Voice|p2a: Zamazenta
|-damage|p2a: Zamazenta|56/100
|-damage|p1a: Feur|59/100|[from] item: Life Orb
|
|-heal|p2a: Zamazenta|62/100|[from] item: Leftovers
|upkeep
|turn|7
|
|t:|1757859412
|switch|p1a: Yanmega|Yanmega, M|100/100
|move|p2a: Zamazenta|Body Press|p1a: Yanmega
|-resisted|p1a: Yanmega
|-damage|p1a: Yanmega|85/100
|
|-heal|p2a: Zamazenta|68/100|[from] item: Leftovers
|upkeep
|turn|8
|
|t:|1757859423
|move|p2a: Zamazenta|Crunch|p1a: Yanmega
|-damage|p1a: Yanmega|57/100
|-unboost|p1a: Yanmega|def|1
|move|p1a: Yanmega|Bug Buzz|p2a: Zamazenta
|-resisted|p2a: Zamazenta
|-damage|p2a: Zamazenta|48/100
|-enditem|p1a: Yanmega|Throat Spray
|-boost|p1a: Yanmega|spa|1|[from] item: Throat Spray
|
|-heal|p2a: Zamazenta|55/100|[from] item: Leftovers
|-ability|p1a: Yanmega|Speed Boost|boost
|-boost|p1a: Yanmega|spe|1
|upkeep
|turn|9
|
|t:|1757859427
|move|p1a: Yanmega|Air Slash|p2a: Zamazenta
|-supereffective|p2a: Zamazenta
|-damage|p2a: Zamazenta|0 fnt
|faint|p2a: Zamazenta
|
|-ability|p1a: Yanmega|Speed Boost|boost
|-boost|p1a: Yanmega|spe|1
|upkeep
|
|t:|1757859430
|switch|p2a: Iron Moth|Iron Moth|100/100
|-enditem|p2a: Iron Moth|Booster Energy
|-activate|p2a: Iron Moth|ability: Quark Drive|[fromitem]
|-start|p2a: Iron Moth|quarkdrivespe
|turn|10
|
|t:|1757859437
|move|p1a: Yanmega|Air Slash|p2a: Iron Moth|[miss]
|-miss|p1a: Yanmega|p2a: Iron Moth
|move|p2a: Iron Moth|Fiery Dance|p1a: Yanmega
|-supereffective|p1a: Yanmega
|-damage|p1a: Yanmega|0 fnt
|faint|p1a: Yanmega
|
|upkeep
|
|t:|1757859439
|switch|p1a: Quoi ?|Greninja, M|100/100
|turn|11
|
|t:|1757859444
|-terastallize|p2a: Iron Moth|Fairy
|move|p2a: Iron Moth|Dazzling Gleam|p1a: Quoi ?
|-supereffective|p1a: Quoi ?
|-enditem|p1a: Quoi ?|Focus Sash
|-damage|p1a: Quoi ?|1/100
|move|p1a: Quoi ?|Hydro Pump|p2a: Iron Moth
|-crit|p2a: Iron Moth
|-damage|p2a: Iron Moth|25/100
|
|upkeep
|turn|12
|
|t:|1757859450
|move|p2a: Iron Moth|Fiery Dance|p1a: Quoi ?
|-resisted|p1a: Quoi ?
|-damage|p1a: Quoi ?|0 fnt
|-boost|p2a: Iron Moth|spa|1
|faint|p1a: Quoi ?
|
|upkeep
|
|t:|1757859453
|switch|p1a: Mimikyu|Mimikyu-Busted, F|38/100
|turn|13
|
|t:|1757859460
|move|p1a: Mimikyu|Shadow Sneak|p2a: Iron Moth
|-damage|p2a: Iron Moth|0 fnt
|faint|p2a: Iron Moth
|-end|p2a: Iron Moth|Quark Drive|[silent]
|-damage|p1a: Mimikyu|28/100|[from] item: Life Orb
|
|upkeep
|
|t:|1757859466
|switch|p2a: Ogerpon|Ogerpon-Wellspring, F|100/100
|turn|14
|
|t:|1757859471
|move|p1a: Mimikyu|Shadow Sneak|p2a: Ogerpon
|-damage|p2a: Ogerpon|75/100
|-damage|p1a: Mimikyu|18/100|[from] item: Life Orb
|move|p2a: Ogerpon|Ivy Cudgel|p1a: Mimikyu|[anim] Ivy Cudgel Water
|-damage|p1a: Mimikyu|0 fnt
|faint|p1a: Mimikyu
|
|upkeep
|
|t:|1757859473
|switch|p1a: Great Tusk|Great Tusk, tera:Fighting|59/100
|turn|15
|
|t:|1757859482
|move|p1a: Great Tusk|Hyper Voice|p2a: Ogerpon
|-damage|p2a: Ogerpon|10/100
|-damage|p1a: Great Tusk|49/100|[from] item: Life Orb
|move|p2a: Ogerpon|Ivy Cudgel|p1a: Great Tusk|[anim] Ivy Cudgel Water
|-damage|p1a: Great Tusk|0 fnt
|replace|p1a: Feur|Zoroark-Hisui, F
|-end|p1a: Feur|Illusion
|faint|p1a: Feur
|
|upkeep
|
|t:|1757859485
|switch|p1a: Great Tusk|Great Tusk|100/100
|-enditem|p1a: Great Tusk|Booster Energy
|-activate|p1a: Great Tusk|ability: Protosynthesis|[fromitem]
|-start|p1a: Great Tusk|protosynthesisspe
|turn|16
|
|t:|1757859489
|move|p1a: Great Tusk|Rapid Spin|p2a: Ogerpon
|-damage|p2a: Ogerpon|0 fnt
|-boost|p1a: Great Tusk|spe|1
|faint|p2a: Ogerpon
|
|upkeep
|
|t:|1757859496
|switch|p2a: Tyranitar|Tyranitar, F|100/100
|-weather|Sandstorm|[from] ability: Sand Stream|[of] p2a: Tyranitar
|turn|17
|
|t:|1757859501
|move|p1a: Great Tusk|Bulk Up|p1a: Great Tusk
|-boost|p1a: Great Tusk|atk|1
|-boost|p1a: Great Tusk|def|1
|move|p2a: Tyranitar|Crunch|p1a: Great Tusk
|-resisted|p1a: Great Tusk
|-damage|p1a: Great Tusk|93/100
|
|-weather|Sandstorm|[upkeep]
|upkeep
|turn|18
|-message|Howard D Wolowitz forfeited.
|
|win|Nultiprise
|raw|Nultiprise's rating: 1468 &rarr; <strong>1484</strong><br />(+16 for winning)
|raw|Howard D Wolowitz's rating: 1406 &rarr; <strong>1390</strong><br />(-16 for losing)
|l|☆Howard D Wolowitz
|player|p2|
|l|☆Nultiprise
|player|p1|
