|j|☆psychic boy clancy
|j|☆hungrymane
|t:|1757851076
|gametype|singles
|player|p1|psychic boy clancy|pryce|1541
|player|p2|hungrymane|101|1577
|gen|9
|tier|[Gen 9] OU
|rated|
|rule|HP Percentage Mod: HP is shown in percentages
|rule|Endless Battle Clause: Forcing endless battles is banned
|rule|Species Clause: Limit one of each Pokémon
|rule|OHKO Clause: OHKO moves are banned
|rule|Evasion Items Clause: Evasion items are banned
|rule|Evasion Moves Clause: Evasion moves are banned
|rule|Evasion Abilities Clause: Evasion abilities are banned
|rule|Sleep Moves Clause: Sleep-inducing moves are banned
|clearpoke
|poke|p1|Darkrai|
|poke|p1|Weezing-Galar, F|
|poke|p1|Alomomola, M|
|poke|p1|Garchomp, F|
|poke|p1|Corviknight, F|
|poke|p1|Ogerpon, F|
|poke|p2|Regidrago|
|poke|p2|Drifblim, M|
|poke|p2|Azelf|
|poke|p2|Samurott-Hisui, F|
|poke|p2|Mimikyu, M|
|poke|p2|Kingambit, F|
|teampreview
|
|t:|1757851097
|teamsize|p1|6
|teamsize|p2|6
|start
|switch|p1a: Corviknight|Corviknight, F|100/100
|switch|p2a: Azelf|Azelf|100/100
|-ability|p1a: Corviknight|Pressure
|turn|1
|
|t:|1757851105
|move|p2a: Azelf|Stealth Rock|p1a: Corviknight
|-sidestart|p1: psychic boy clancy|move: Stealth Rock
|move|p1a: Corviknight|U-turn|p2a: Azelf
|-supereffective|p2a: Azelf
|-damage|p2a: Azelf|55/100
|
|t:|1757851112
|switch|p1a: Darkrai|Darkrai|100/100|[from] U-turn
|-damage|p1a: Darkrai|88/100|[from] Stealth Rock
|
|upkeep
|turn|2
|
|t:|1757851119
|switch|p2a: Samurott|Samurott-Hisui, F|100/100
|move|p1a: Darkrai|Dark Pulse|p2a: Samurott
|-resisted|p2a: Samurott
|-damage|p2a: Samurott|48/100
|
|upkeep
|turn|3
|
|t:|1757851126
|move|p2a: Samurott|Aqua Jet|p1a: Darkrai
|-damage|p1a: Darkrai|52/100
|move|p1a: Darkrai|Dark Pulse|p2a: Samurott
|-resisted|p2a: Samurott
|-damage|p2a: Samurott|1/100
|
|upkeep
|turn|4
|
|t:|1757851135
|move|p2a: Samurott|Aqua Jet|p1a: Darkrai
|-damage|p1a: Darkrai|18/100
|move|p1a: Darkrai|Dark Pulse|p2a: Samurott
|-resisted|p2a: Samurott
|-damage|p2a: Samurott|0 fnt
|faint|p2a: Samurott
|
|upkeep
|inactive|Battle timer is ON: inactive players will automatically lose when time's up. (requested by psychic boy clancy)
|
|t:|1757851147
|switch|p2a: Regidrago|Regidrago|100/100
|turn|5
|
|t:|1757851161
|switch|p1a: Weezing|Weezing-Galar, F|100/100
|-ability|p1a: Weezing|Neutralizing Gas
|-damage|p1a: Weezing|88/100|[from] Stealth Rock
|move|p2a: Regidrago|Dragon Dance|p2a: Regidrago
|-boost|p2a: Regidrago|atk|1
|-boost|p2a: Regidrago|spe|1
|
|-heal|p1a: Weezing|94/100|[from] item: Leftovers
|upkeep
|turn|6
|
|t:|1757851174
|move|p2a: Regidrago|Explosion|p1a: Weezing
|-damage|p1a: Weezing|29/100
|faint|p2a: Regidrago
|move|p1a: Weezing|Will-O-Wisp|p2: Regidrago|[notarget]
|-fail|p1a: Weezing
|
|-heal|p1a: Weezing|35/100|[from] item: Leftovers
|upkeep
|
|t:|1757851191
|switch|p2a: Azelf|Azelf|55/100
|turn|7
|
|t:|1757851208
|move|p2a: Azelf|Trick|p1a: Weezing
|-activate|p2a: Azelf|move: Trick|[of] p1a: Weezing
|-item|p1a: Weezing|Choice Scarf|[from] move: Trick
|-item|p2a: Azelf|Leftovers|[from] move: Trick
|move|p1a: Weezing|Defog|p2a: Azelf
|-unboost|p2a: Azelf|evasion|1
|-sideend|p1: psychic boy clancy|Stealth Rock|[from] move: Defog|[of] p1a: Weezing
|
|-heal|p2a: Azelf|61/100|[from] item: Leftovers
|upkeep
|turn|8
|
|t:|1757851218
|-end|p1a: Weezing|ability: Neutralizing Gas
|switch|p1a: Corviknight|Corviknight, F|100/100
|-ability|p1a: Corviknight|Pressure
|move|p2a: Azelf|Stealth Rock|p1a: Corviknight
|-sidestart|p1: psychic boy clancy|move: Stealth Rock
|
|-heal|p2a: Azelf|68/100|[from] item: Leftovers
|upkeep
|turn|9
|
|t:|1757851232
|move|p2a: Azelf|Knock Off|p1a: Corviknight
|-crit|p1a: Corviknight
|-damage|p1a: Corviknight|55/100
|-enditem|p1a: Corviknight|Leftovers|[from] move: Knock Off|[of] p2a: Azelf
|move|p1a: Corviknight|Defog|p2a: Azelf
|-unboost|p2a: Azelf|evasion|1
|-sideend|p1: psychic boy clancy|Stealth Rock|[from] move: Defog|[of] p1a: Corviknight
|
|-heal|p2a: Azelf|74/100|[from] item: Leftovers
|upkeep
|turn|10
|
|t:|1757851242
|move|p2a: Azelf|Stealth Rock|p1a: Corviknight
|-sidestart|p1: psychic boy clancy|move: Stealth Rock
|move|p1a: Corviknight|Roost|p1a: Corviknight
|-heal|p1a: Corviknight|100/100
|-singleturn|p1a: Corviknight|move: Roost
|
|-heal|p2a: Azelf|80/100|[from] item: Leftovers
|upkeep
|turn|11
|
|t:|1757851253
|switch|p2a: Drifblim|Drifblim, M|100/100
|move|p1a: Corviknight|Brave Bird|p2a: Drifblim
|-damage|p2a: Drifblim|59/100
|-damage|p1a: Corviknight|85/100|[from] Recoil
|-enditem|p2a: Drifblim|Red Card|[of] p1a: Corviknight
|drag|p1a: Weezing|Weezing-Galar, F|35/100
|-ability|p1a: Weezing|Neutralizing Gas
|-damage|p1a: Weezing|23/100|[from] Stealth Rock
|
|upkeep
|turn|12
|
|t:|1757851277
|switch|p2a: Azelf|Azelf|80/100
|move|p1a: Weezing|Will-O-Wisp|p2a: Azelf|[miss]
|-miss|p1a: Weezing|p2a: Azelf
|
|-heal|p2a: Azelf|86/100|[from] item: Leftovers
|upkeep
|turn|13
|
|t:|1757851292
|switch|p2a: Mimikyu|Mimikyu, M|100/100
|-end|p1a: Weezing|ability: Neutralizing Gas
|switch|p1a: Corviknight|Corviknight, F|85/100
|-damage|p1a: Corviknight|73/100|[from] Stealth Rock
|-ability|p1a: Corviknight|Pressure
|
|upkeep
|turn|14
|
|t:|1757851303
|move|p2a: Mimikyu|Will-O-Wisp|p1a: Corviknight
|-status|p1a: Corviknight|brn
|move|p1a: Corviknight|Defog|p2a: Mimikyu
|-unboost|p2a: Mimikyu|evasion|1
|-sideend|p1: psychic boy clancy|Stealth Rock|[from] move: Defog|[of] p1a: Corviknight
|
|-damage|p1a: Corviknight|67/100 brn|[from] brn
|upkeep
|turn|15
|
|t:|1757851313
|switch|p2a: Drifblim|Drifblim, M|59/100
|move|p1a: Corviknight|U-turn|p2a: Drifblim
|-resisted|p2a: Drifblim
|-damage|p2a: Drifblim|57/100
|
|t:|1757851318
|switch|p1a: Darkrai|Darkrai|18/100|[from] U-turn
|
|upkeep
|turn|16
|
|t:|1757851328
|switch|p2a: Mimikyu|Mimikyu, M|100/100
|move|p1a: Darkrai|Dark Pulse|p2a: Mimikyu
|-activate|p2a: Mimikyu|ability: Disguise
|-damage|p2a: Mimikyu|100/100
|detailschange|p2a: Mimikyu|Mimikyu-Busted, M
|-damage|p2a: Mimikyu|88/100|[from] pokemon: Mimikyu-Busted
|-enditem|p2a: Mimikyu|Red Card|[of] p1a: Darkrai
|drag|p1a: Alomomola|Alomomola, M|100/100
|
|upkeep
|turn|17
|
|t:|1757851340
|move|p1a: Alomomola|Flip Turn|p2a: Mimikyu
|-crit|p2a: Mimikyu
|-damage|p2a: Mimikyu|63/100
|
|t:|1757851344
|switch|p1a: Garchomp|Garchomp, F|100/100|[from] Flip Turn
|move|p2a: Mimikyu|Trick Room|p2a: Mimikyu
|-fieldstart|move: Trick Room|[of] p2a: Mimikyu
|
|upkeep
|turn|18
|
|t:|1757851353
|move|p2a: Mimikyu|Will-O-Wisp|p1a: Garchomp
|-status|p1a: Garchomp|brn
|move|p1a: Garchomp|Stealth Rock|p2a: Mimikyu
|-sidestart|p2: hungrymane|move: Stealth Rock
|
|-damage|p1a: Garchomp|94/100 brn|[from] brn
|upkeep
|turn|19
|
|t:|1757851361
|switch|p2a: Azelf|Azelf|86/100
|-damage|p2a: Azelf|74/100|[from] Stealth Rock
|move|p1a: Garchomp|Spikes|p2a: Azelf
|-sidestart|p2: hungrymane|Spikes
|
|-heal|p2a: Azelf|80/100|[from] item: Leftovers
|-damage|p1a: Garchomp|88/100 brn|[from] brn
|upkeep
|turn|20
|
|t:|1757851371
|move|p1a: Garchomp|Spikes|p2a: Azelf
|-sidestart|p2: hungrymane|Spikes
|move|p2a: Azelf|Knock Off|p1a: Garchomp
|-damage|p1a: Garchomp|66/100 brn
|-damage|p2a: Azelf|68/100|[from] ability: Rough Skin|[of] p1a: Garchomp
|-damage|p2a: Azelf|51/100|[from] item: Rocky Helmet|[of] p1a: Garchomp
|-enditem|p1a: Garchomp|Rocky Helmet|[from] move: Knock Off|[of] p2a: Azelf
|
|-heal|p2a: Azelf|57/100|[from] item: Leftovers
|-damage|p1a: Garchomp|60/100 brn|[from] brn
|upkeep
|turn|21
|
|t:|1757851386
|move|p1a: Garchomp|Spikes|p2a: Azelf
|-sidestart|p2: hungrymane|Spikes
|move|p2a: Azelf|Stealth Rock|p1a: Garchomp
|-sidestart|p1: psychic boy clancy|move: Stealth Rock
|
|-heal|p2a: Azelf|63/100|[from] item: Leftovers
|-damage|p1a: Garchomp|54/100 brn|[from] brn
|-fieldend|move: Trick Room
|upkeep
|turn|22
|
|t:|1757851402
|switch|p2a: Mimikyu|Mimikyu-Busted, M|63/100
|-damage|p2a: Mimikyu|51/100|[from] Stealth Rock
|-damage|p2a: Mimikyu|26/100|[from] Spikes
|move|p1a: Garchomp|Dragon Tail|p2a: Mimikyu
|-immune|p2a: Mimikyu
|
|-damage|p1a: Garchomp|48/100 brn|[from] brn
|upkeep
|turn|23
|
|t:|1757851415
|move|p1a: Garchomp|Earthquake|p2a: Mimikyu
|-damage|p2a: Mimikyu|6/100
|move|p2a: Mimikyu|Trick Room|p2a: Mimikyu
|-fieldstart|move: Trick Room|[of] p2a: Mimikyu
|
|-damage|p1a: Garchomp|41/100 brn|[from] brn
|upkeep
|turn|24
|
|t:|1757851433
|switch|p1a: Ogerpon|Ogerpon, F|100/100
|move|p2a: Mimikyu|Curse|p1a: Ogerpon
|-start|p1a: Ogerpon|Curse|[of] p2a: Mimikyu
|-damage|p2a: Mimikyu|0 fnt
|faint|p2a: Mimikyu
|
|-damage|p1a: Ogerpon|76/100|[from] Curse
|upkeep
|
|t:|1757851442
|switch|p2a: Drifblim|Drifblim, M|57/100
|-damage|p2a: Drifblim|32/100|[from] Stealth Rock
|turn|25
|
|t:|1757851447
|move|p2a: Drifblim|Acrobatics|p1a: Ogerpon
|-supereffective|p1a: Ogerpon
|-damage|p1a: Ogerpon|0 fnt
|faint|p1a: Ogerpon
|
|upkeep
|j| Nikator98
|
|t:|1757851459
|switch|p1a: Garchomp|Garchomp, F|41/100 brn
|-damage|p1a: Garchomp|35/100 brn|[from] Stealth Rock
|turn|26
|
|t:|1757851466
|move|p2a: Drifblim|Explosion|p1a: Garchomp
|-damage|p1a: Garchomp|0 fnt
|faint|p2a: Drifblim
|faint|p1a: Garchomp
|
|upkeep
|
|t:|1757851477
|switch|p2a: Kingambit|Kingambit, F|100/100
|switch|p1a: Weezing|Weezing-Galar, F|23/100
|-ability|p1a: Weezing|Neutralizing Gas
|-damage|p2a: Kingambit|94/100|[from] Stealth Rock
|-damage|p2a: Kingambit|69/100|[from] Spikes
|-damage|p1a: Weezing|10/100|[from] Stealth Rock
|turn|27
|
|t:|1757851489
|move|p2a: Kingambit|Iron Head|p1a: Weezing
|-supereffective|p1a: Weezing
|-damage|p1a: Weezing|0 fnt
|faint|p1a: Weezing
|-end|p1a: Weezing|ability: Neutralizing Gas
|-activate|p2a: Kingambit|ability: Supreme Overlord
|-start|p2a: Kingambit|fallen4|[silent]
|
|-fieldend|move: Trick Room
|upkeep
|
|t:|1757851500
|switch|p1a: Corviknight|Corviknight, F|67/100 brn
|-damage|p1a: Corviknight|54/100 brn|[from] Stealth Rock
|-ability|p1a: Corviknight|Pressure
|turn|28
|
|t:|1757851517
|move|p1a: Corviknight|U-turn|p2a: Kingambit
|-damage|p2a: Kingambit|65/100
|
|t:|1757851520
|switch|p1a: Alomomola|Alomomola, M|100/100|[from] U-turn
|-damage|p1a: Alomomola|88/100|[from] Stealth Rock
|move|p2a: Kingambit|Swords Dance|p2a: Kingambit
|-boost|p2a: Kingambit|atk|2
|
|upkeep
|turn|29
|
|t:|1757851533
|move|p1a: Alomomola|Scald|p2a: Kingambit
|-damage|p2a: Kingambit|52/100
|move|p2a: Kingambit|Kowtow Cleave|p1a: Alomomola
|-damage|p1a: Alomomola|0 fnt
|faint|p1a: Alomomola
|
|upkeep
|
|t:|1757851542
|switch|p1a: Darkrai|Darkrai|18/100
|-damage|p1a: Darkrai|5/100|[from] Stealth Rock
|turn|30
|
|t:|1757851546
|-end|p2a: Kingambit|fallen4|[silent]
|switch|p2a: Azelf|Azelf|63/100
|-damage|p2a: Azelf|51/100|[from] Stealth Rock
|move|p1a: Darkrai|Trick|p2a: Azelf
|-activate|p1a: Darkrai|move: Trick|[of] p2a: Azelf
|-item|p2a: Azelf|Choice Specs|[from] move: Trick
|-item|p1a: Darkrai|Leftovers|[from] move: Trick
|
|-heal|p1a: Darkrai|11/100|[from] item: Leftovers
|upkeep
|turn|31
|
|t:|1757851569
|move|p1a: Darkrai|Dark Pulse|p2a: Azelf
|-supereffective|p2a: Azelf
|-damage|p2a: Azelf|0 fnt
|faint|p2a: Azelf
|
|-heal|p1a: Darkrai|17/100|[from] item: Leftovers
|upkeep
|
|t:|1757851571
|switch|p2a: Kingambit|Kingambit, F|52/100
|-damage|p2a: Kingambit|46/100|[from] Stealth Rock
|-damage|p2a: Kingambit|21/100|[from] Spikes
|-activate|p2a: Kingambit|ability: Supreme Overlord
|-start|p2a: Kingambit|fallen5|[silent]
|turn|32
|
|t:|1757851597
|switch|p1a: Corviknight|Corviknight, F|54/100 brn
|-damage|p1a: Corviknight|42/100 brn|[from] Stealth Rock
|-ability|p1a: Corviknight|Pressure
|move|p2a: Kingambit|Sucker Punch||[still]
|-fail|p2a: Kingambit
|
|-damage|p1a: Corviknight|35/100 brn|[from] brn
|upkeep
|turn|33
|
|t:|1757851611
|move|p1a: Corviknight|Roost|p1a: Corviknight
|-heal|p1a: Corviknight|85/100 brn
|-singleturn|p1a: Corviknight|move: Roost
|move|p2a: Kingambit|Kowtow Cleave|p1a: Corviknight
|-damage|p1a: Corviknight|15/100 brn
|
|-damage|p1a: Corviknight|9/100 brn|[from] brn
|upkeep
|turn|34
|
|t:|1757851621
|move|p1a: Corviknight|U-turn|p2a: Kingambit
|-damage|p2a: Kingambit|15/100
|
|t:|1757851624
|switch|p1a: Darkrai|Darkrai|17/100|[from] U-turn
|-damage|p1a: Darkrai|5/100|[from] Stealth Rock
|move|p2a: Kingambit|Swords Dance|p2a: Kingambit
|-boost|p2a: Kingambit|atk|2
|
|-heal|p1a: Darkrai|11/100|[from] item: Leftovers
|upkeep
|turn|35
|c|☆psychic boy clancy|Gg
|c|☆psychic boy clancy|Close oje
|
|t:|1757851640
|move|p2a: Kingambit|Sucker Punch||[still]
|-fail|p2a: Kingambit
|move|p1a: Darkrai|Trick|p2a: Kingambit
|-activate|p1a: Darkrai|move: Trick|[of] p2a: Kingambit
|-item|p2a: Kingambit|Leftovers|[from] move: Trick
|-item|p1a: Darkrai|Black Glasses|[from] move: Trick
|
|-heal|p2a: Kingambit|21/100|[from] item: Leftovers
|upkeep
|turn|36
|
|t:|1757851652
|switch|p1a: Corviknight|Corviknight, F|9/100 brn
|-damage|p1a: Corviknight|0 fnt|[from] Stealth Rock
|faint|p1a: Corviknight
|move|p2a: Kingambit|Kowtow Cleave|p1: Corviknight|[notarget]
|-fail|p2a: Kingambit
|
|-heal|p2a: Kingambit|27/100|[from] item: Leftovers
|upkeep
|c|☆psychic boy clancy|Wow whst a choke whyd you kowtow lol
|inactive|psychic boy clancy has 120 seconds left.
|
|t:|1757851673
|switch|p1a: Darkrai|Darkrai|11/100
|-damage|p1a: Darkrai|0 fnt|[from] Stealth Rock
|faint|p1a: Darkrai
|
|win|hungrymane
|raw|psychic boy clancy's rating: 1541 &rarr; <strong>1523</strong><br />(-18 for losing)
|raw|hungrymane's rating: 1577 &rarr; <strong>1595</strong><br />(+18 for winning)
|l|☆psychic boy clancy
|player|p1|
