|j|☆thodoras edition
|j|☆Driz0
|t:|1757789534
|gametype|singles
|player|p1|thodoras edition|169|1460
|player|p2|Driz0|265|1474
|gen|9
|tier|[Gen 9] OU
|rated|
|rule|HP Percentage Mod: HP is shown in percentages
|rule|Endless Battle Clause: Forcing endless battles is banned
|rule|Species Clause: Limit one of each Pokémon
|rule|OHKO Clause: OHKO moves are banned
|rule|Evasion Items Clause: Evasion items are banned
|rule|Evasion Moves Clause: Evasion moves are banned
|rule|Evasion Abilities Clause: Evasion abilities are banned
|rule|Sleep Moves Clause: Sleep-inducing moves are banned
|clearpoke
|poke|p1|Great Tusk|
|poke|p1|Heatran, F|
|poke|p1|Weavile, F|
|poke|p1|Primarina, F|
|poke|p1|Ogerpon, F|
|poke|p1|Pecharunt|
|poke|p2|Bellibolt, M|
|poke|p2|Bisharp, M|
|poke|p2|Froslass, F|
|poke|p2|Great Tusk|
|poke|p2|Iron Valiant|
|poke|p2|Gholdengo|
|teampreview
|inactive|Battle timer is ON: inactive players will automatically lose when time's up. (requested by Driz0)
|
|t:|1757789545
|teamsize|p1|6
|teamsize|p2|6
|start
|switch|p1a: Weavile|Weavile, F|100/100
|switch|p2a: Froslass|Froslass, F|100/100
|-ability|p1a: Weavile|Pressure
|turn|1
|
|t:|1757789551
|move|p2a: Froslass|Will-O-Wisp|p1a: Weavile
|-status|p1a: Weavile|brn
|move|p1a: Weavile|Knock Off|p2a: Froslass
|-supereffective|p2a: Froslass
|-damage|p2a: Froslass|3/100
|-enditem|p2a: Froslass|Choice Scarf|[from] move: Knock Off|[of] p1a: Weavile
|
|-damage|p1a: Weavile|94/100 brn|[from] brn
|upkeep
|turn|2
|
|t:|1757789565
|switch|p2a: Great Tusk|Great Tusk|100/100
|move|p1a: Weavile|Knock Off|p2a: Great Tusk
|-resisted|p2a: Great Tusk
|-damage|p2a: Great Tusk|89/100
|-enditem|p2a: Great Tusk|Leftovers|[from] move: Knock Off|[of] p1a: Weavile
|
|-damage|p1a: Weavile|88/100 brn|[from] brn
|upkeep
|turn|3
|
|t:|1757789572
|switch|p1a: Ogerpon|Ogerpon, F|100/100
|move|p2a: Great Tusk|Rapid Spin|p1a: Ogerpon
|-damage|p1a: Ogerpon|76/100
|-boost|p2a: Great Tusk|spe|1
|
|upkeep
|turn|4
|
|t:|1757789578
|move|p1a: Ogerpon|Ivy Cudgel|p2a: Great Tusk
|-supereffective|p2a: Great Tusk
|-damage|p2a: Great Tusk|0 fnt
|faint|p2a: Great Tusk
|-end|p2a: Great Tusk|Protosynthesis|[silent]
|
|upkeep
|
|t:|1757789585
|switch|p2a: Bisharp|Bisharp, M|100/100
|turn|5
|
|t:|1757789590
|switch|p1a: Great Tusk|Great Tusk|100/100
|move|p2a: Bisharp|Stealth Rock|p1a: Great Tusk
|-sidestart|p1: thodoras edition|move: Stealth Rock
|
|upkeep
|turn|6
|
|t:|1757789599
|switch|p2a: Froslass|Froslass, F|3/100
|move|p1a: Great Tusk|Ice Spinner|p2a: Froslass
|-resisted|p2a: Froslass
|-damage|p2a: Froslass|0 fnt
|faint|p2a: Froslass
|
|upkeep
|
|t:|1757789605
|switch|p2a: Gholdengo|Gholdengo|100/100
|turn|7
|
|t:|1757789612
|move|p2a: Gholdengo|Make It Rain|p1a: Great Tusk
|-damage|p1a: Great Tusk|0 fnt
|-unboost|p2a: Gholdengo|spa|1
|faint|p1a: Great Tusk
|-end|p1a: Great Tusk|Protosynthesis|[silent]
|
|upkeep
|
|t:|1757789621
|switch|p1a: Weavile|Weavile, F|88/100 brn
|-damage|p1a: Weavile|63/100 brn|[from] Stealth Rock
|-ability|p1a: Weavile|Pressure
|turn|8
|
|t:|1757789627
|move|p2a: Gholdengo|Make It Rain|p1a: Weavile
|-supereffective|p1a: Weavile
|-damage|p1a: Weavile|0 fnt
|-unboost|p2a: Gholdengo|spa|1
|faint|p1a: Weavile
|
|upkeep
|
|t:|1757789632
|switch|p1a: Heatran|Heatran, F|100/100
|-damage|p1a: Heatran|88/100|[from] Stealth Rock
|-item|p1a: Heatran|Air Balloon
|turn|9
|
|t:|1757789639
|switch|p2a: Bellibolt|Bellibolt, M|100/100
|move|p1a: Heatran|Stealth Rock|p2a: Bellibolt
|-sidestart|p2: Driz0|move: Stealth Rock
|
|upkeep
|turn|10
|
|t:|1757789646
|move|p1a: Heatran|Earth Power|p2a: Bellibolt
|-supereffective|p2a: Bellibolt
|-damage|p2a: Bellibolt|40/100
|-start|p2a: Bellibolt|Charge|Earth Power|[from] ability: Electromorphosis
|move|p2a: Bellibolt|Parabolic Charge|p1a: Heatran
|-damage|p1a: Heatran|22/100
|-heal|p2a: Bellibolt|65/100|[from] drain|[of] p1a: Heatran
|-enditem|p1a: Heatran|Air Balloon
|-end|p2a: Bellibolt|Charge|[silent]
|
|-heal|p2a: Bellibolt|71/100|[from] item: Leftovers
|upkeep
|turn|11
|
|t:|1757789656
|move|p1a: Heatran|Earth Power|p2a: Bellibolt
|-supereffective|p2a: Bellibolt
|-damage|p2a: Bellibolt|12/100
|-start|p2a: Bellibolt|Charge|Earth Power|[from] ability: Electromorphosis
|move|p2a: Bellibolt|Parabolic Charge|p1a: Heatran
|-damage|p1a: Heatran|0 fnt
|-heal|p2a: Bellibolt|20/100|[from] drain|[of] p1a: Heatran
|faint|p1a: Heatran
|-end|p2a: Bellibolt|Charge|[silent]
|
|-heal|p2a: Bellibolt|26/100|[from] item: Leftovers
|upkeep
|
|t:|1757789662
|switch|p1a: Ogerpon|Ogerpon, F|76/100
|-damage|p1a: Ogerpon|64/100|[from] Stealth Rock
|turn|12
|
|t:|1757789670
|move|p1a: Ogerpon|Knock Off|p2a: Bellibolt
|-damage|p2a: Bellibolt|0 fnt
|-enditem|p2a: Bellibolt|Leftovers|[from] move: Knock Off|[of] p1a: Ogerpon
|faint|p2a: Bellibolt
|
|upkeep
|
|t:|1757789681
|switch|p2a: Gholdengo|Gholdengo|100/100
|-damage|p2a: Gholdengo|94/100|[from] Stealth Rock
|turn|13
|
|t:|1757789687
|-terastallize|p1a: Ogerpon|Grass
|detailschange|p1a: Ogerpon|Ogerpon-Teal-Tera, F, tera:Grass
|-ability|p1a: Ogerpon|Embody Aspect (Teal)|boost
|-boost|p1a: Ogerpon|spe|1
|move|p1a: Ogerpon|Knock Off|p2a: Gholdengo
|-supereffective|p2a: Gholdengo
|-damage|p2a: Gholdengo|0 fnt
|-enditem|p2a: Gholdengo|Choice Scarf|[from] move: Knock Off|[of] p1a: Ogerpon
|faint|p2a: Gholdengo
|
|upkeep
|
|t:|1757789694
|switch|p2a: Iron Valiant|Iron Valiant|100/100
|-damage|p2a: Iron Valiant|94/100|[from] Stealth Rock
|-enditem|p2a: Iron Valiant|Booster Energy
|-activate|p2a: Iron Valiant|ability: Quark Drive|[fromitem]
|-start|p2a: Iron Valiant|quarkdrivespe
|turn|14
|
|t:|1757789703
|switch|p1a: Primarina|Primarina, F|100/100
|-damage|p1a: Primarina|88/100|[from] Stealth Rock
|move|p2a: Iron Valiant|Moonblast|p1a: Primarina
|-damage|p1a: Primarina|62/100
|-unboost|p1a: Primarina|spa|1
|
|upkeep
|turn|15
|
|t:|1757789711
|move|p2a: Iron Valiant|Thunderbolt|p1a: Primarina
|-supereffective|p1a: Primarina
|-damage|p1a: Primarina|31/100
|move|p1a: Primarina|Moonblast|p2a: Iron Valiant
|-supereffective|p2a: Iron Valiant
|-damage|p2a: Iron Valiant|0 fnt
|faint|p2a: Iron Valiant
|-end|p2a: Iron Valiant|Quark Drive|[silent]
|
|upkeep
|
|t:|1757789716
|switch|p2a: Bisharp|Bisharp, M|100/100
|-damage|p2a: Bisharp|94/100|[from] Stealth Rock
|turn|16
|
|t:|1757789723
|move|p2a: Bisharp|Iron Head|p1a: Primarina
|-damage|p1a: Primarina|0 fnt
|faint|p1a: Primarina
|
|upkeep
|
|t:|1757789730
|switch|p1a: Ogerpon|Ogerpon-Teal-Tera, F, tera:Grass|64/100
|-damage|p1a: Ogerpon|51/100|[from] Stealth Rock
|-ability|p1a: Ogerpon|Embody Aspect (Teal)|boost
|-boost|p1a: Ogerpon|spe|1
|turn|17
|
|t:|1757789735
|switch|p1a: Pecharunt|Pecharunt|100/100
|-damage|p1a: Pecharunt|88/100|[from] Stealth Rock
|move|p2a: Bisharp|Sucker Punch||[still]
|-fail|p2a: Bisharp
|
|upkeep
|turn|18
|
|t:|1757789743
|move|p1a: Pecharunt|Parting Shot|p2a: Bisharp
|-unboost|p2a: Bisharp|atk|1
|-ability|p2a: Bisharp|Defiant|boost
|-boost|p2a: Bisharp|atk|2
|-unboost|p2a: Bisharp|spa|1
|-ability|p2a: Bisharp|Defiant|boost
|-boost|p2a: Bisharp|atk|2
|
|t:|1757789746
|switch|p1a: Ogerpon|Ogerpon-Teal-Tera, F, tera:Grass|51/100|[from] Parting Shot
|-damage|p1a: Ogerpon|39/100|[from] Stealth Rock
|-ability|p1a: Ogerpon|Embody Aspect (Teal)|boost
|-boost|p1a: Ogerpon|spe|1
|move|p2a: Bisharp|Iron Head|p1a: Ogerpon
|-damage|p1a: Ogerpon|0 fnt
|faint|p1a: Ogerpon
|detailschange|p1: Ogerpon|Ogerpon, F|[silent]
|
|upkeep
|-message|thodoras edition forfeited.
|
|win|Driz0
|raw|thodoras edition's rating: 1460 &rarr; <strong>1441</strong><br />(-19 for losing)
|raw|Driz0's rating: 1474 &rarr; <strong>1493</strong><br />(+19 for winning)
|l|☆thodoras edition
|player|p1|
