|j|☆Weredude08
|j|☆Lonelyenders
|t:|1757949213
|gametype|singles
|player|p1|Weredude08|steven|1402
|player|p2|Lonelyenders|acetrainer|1357
|gen|9
|tier|[Gen 9] OU
|rated|
|rule|HP Percentage Mod: HP is shown in percentages
|rule|Endless Battle Clause: Forcing endless battles is banned
|rule|Species Clause: Limit one of each Pokémon
|rule|OHKO Clause: OHKO moves are banned
|rule|Evasion Items Clause: Evasion items are banned
|rule|Evasion Moves Clause: Evasion moves are banned
|rule|Evasion Abilities Clause: Evasion abilities are banned
|rule|Sleep Moves Clause: Sleep-inducing moves are banned
|clearpoke
|poke|p1|Pawmot, F|
|poke|p1|Alomomola, F|
|poke|p1|Landorus-Therian, M|
|poke|p1|Dragapult, F|
|poke|p1|Kingambit, M|
|poke|p1|Slowking-Galar, F|
|poke|p2|Iron Moth|
|poke|p2|Zapdos|
|poke|p2|Iron Crown|
|poke|p2|Torterra, M|
|poke|p2|Azumarill, M|
|poke|p2|Lokix, F|
|teampreview
|inactive|Battle timer is ON: inactive players will automatically lose when time's up. (requested by Lonelyenders)
|
|t:|1757949219
|teamsize|p1|6
|teamsize|p2|6
|start
|switch|p1a: Pawmot|Pawmot, F|100/100
|switch|p2a: Zapdos|Zapdos|100/100
|turn|1
|
|t:|1757949228
|switch|p1a: Slowking|Slowking-Galar, F|100/100
|move|p2a: Zapdos|Hurricane|p1a: Slowking|[miss]
|-miss|p2a: Zapdos|p1a: Slowking
|
|upkeep
|turn|2
|
|t:|1757949237
|move|p2a: Zapdos|Hurricane|p1a: Slowking
|-damage|p1a: Slowking|67/100
|-prepare|p1a: Slowking|Chilly Reception|[premajor]
|move|p1a: Slowking|Chilly Reception|p1a: Slowking
|-weather|Snowscape
|
|t:|1757949249
|switch|p1a: Landorus|Landorus-Therian, M|100/100|[from] Chilly Reception
|-ability|p1a: Landorus|Intimidate|boost
|-unboost|p2a: Zapdos|atk|1
|
|-weather|Snowscape|[upkeep]
|upkeep
|turn|3
|
|t:|1757949252
|move|p2a: Zapdos|Hurricane|p1a: Landorus
|-damage|p1a: Landorus|50/100
|move|p1a: Landorus|Stealth Rock|p2a: Zapdos
|-sidestart|p2: Lonelyenders|move: Stealth Rock
|
|-weather|Snowscape|[upkeep]
|upkeep
|turn|4
|
|t:|1757949257
|switch|p1a: Slowking|Slowking-Galar, F|99/100
|move|p2a: Zapdos|Hurricane|p1a: Slowking
|-damage|p1a: Slowking|67/100
|
|-weather|Snowscape|[upkeep]
|upkeep
|turn|5
|
|t:|1757949261
|move|p2a: Zapdos|Volt Switch|p1a: Slowking
|-damage|p1a: Slowking|45/100
|
|t:|1757949265
|switch|p2a: Iron Moth|Iron Moth|100/100|[from] Volt Switch
|-damage|p2a: Iron Moth|76/100|[from] Stealth Rock
|-enditem|p2a: Iron Moth|Booster Energy
|-activate|p2a: Iron Moth|ability: Quark Drive|[fromitem]
|-start|p2a: Iron Moth|quarkdrivespe
|move|p1a: Slowking|Sludge Bomb|p2a: Iron Moth
|-resisted|p2a: Iron Moth
|-damage|p2a: Iron Moth|59/100
|
|-weather|Snowscape|[upkeep]
|upkeep
|turn|6
|
|t:|1757949273
|move|p2a: Iron Moth|Fiery Dance|p1a: Slowking
|-damage|p1a: Slowking|15/100
|-boost|p2a: Iron Moth|spa|1
|move|p1a: Slowking|Thunder Wave|p2a: Iron Moth
|-status|p2a: Iron Moth|par
|
|-weather|none
|upkeep
|turn|7
|
|t:|1757949279
|switch|p1a: Alomomola|Alomomola, F|100/100
|move|p2a: Iron Moth|Fiery Dance|p1a: Alomomola
|-resisted|p1a: Alomomola
|-damage|p1a: Alomomola|73/100
|
|upkeep
|turn|8
|
|t:|1757949284
|-end|p2a: Iron Moth|Quark Drive|[silent]
|switch|p2a: Azumarill|Azumarill, M|100/100
|-damage|p2a: Azumarill|88/100|[from] Stealth Rock
|move|p1a: Alomomola|Flip Turn|p2a: Azumarill
|-resisted|p2a: Azumarill
|-damage|p2a: Azumarill|79/100
|
|t:|1757949288
|switch|p1a: Pawmot|Pawmot, F|100/100|[from] Flip Turn
|
|upkeep
|turn|9
|
|t:|1757949292
|move|p1a: Pawmot|Double Shock|p2a: Azumarill
|-supereffective|p2a: Azumarill
|-damage|p2a: Azumarill|0 fnt
|-start|p1a: Pawmot|typechange|???/Fighting|[from] move: Double Shock
|faint|p2a: Azumarill
|
|upkeep
|
|t:|1757949295
|switch|p2a: Torterra|Torterra, M, shiny|100/100
|-damage|p2a: Torterra|94/100|[from] Stealth Rock
|turn|10
|
|t:|1757949297
|move|p1a: Pawmot|Close Combat|p2a: Torterra
|-damage|p2a: Torterra|39/100
|-unboost|p1a: Pawmot|def|1
|-unboost|p1a: Pawmot|spd|1
|move|p2a: Torterra|Shell Smash|p2a: Torterra
|-unboost|p2a: Torterra|def|1
|-unboost|p2a: Torterra|spd|1
|-boost|p2a: Torterra|atk|2
|-boost|p2a: Torterra|spa|2
|-boost|p2a: Torterra|spe|2
|
|upkeep
|turn|11
|
|t:|1757949308
|switch|p1a: Landorus|Landorus-Therian, M|50/100
|-ability|p1a: Landorus|Intimidate|boost
|-unboost|p2a: Torterra|atk|1
|move|p2a: Torterra|Headlong Rush|p1a: Landorus
|-immune|p1a: Landorus
|
|upkeep
|turn|12
|
|t:|1757949317
|move|p2a: Torterra|Bullet Seed|p1a: Landorus
|-damage|p1a: Landorus|33/100
|-damage|p1a: Landorus|14/100
|-damage|p1a: Landorus|0 fnt
|faint|p1a: Landorus
|-hitcount|p1: Landorus|3
|
|upkeep
|
|t:|1757949321
|switch|p1a: Kingambit|Kingambit, M|100/100
|-activate|p1a: Kingambit|ability: Supreme Overlord
|-start|p1a: Kingambit|fallen1|[silent]
|turn|13
|
|t:|1757949329
|switch|p2a: Zapdos|Zapdos|100/100
|move|p1a: Kingambit|Sucker Punch||[still]
|-fail|p1a: Kingambit
|
|upkeep
|turn|14
|
|t:|1757949333
|-end|p1a: Kingambit|fallen1|[silent]
|switch|p1a: Slowking|Slowking-Galar, F|48/100
|move|p2a: Zapdos|Volt Switch|p1a: Slowking
|-damage|p1a: Slowking|25/100
|
|t:|1757949338
|switch|p2a: Lokix|Lokix, F|100/100|[from] Volt Switch
|-damage|p2a: Lokix|76/100|[from] Stealth Rock
|
|upkeep
|turn|15
|
|t:|1757949342
|switch|p1a: Alomomola|Alomomola, F|100/100
|move|p2a: Lokix|Knock Off|p1a: Alomomola
|-damage|p1a: Alomomola|69/100
|-enditem|p1a: Alomomola|Heavy-Duty Boots|[from] move: Knock Off|[of] p2a: Lokix
|
|upkeep
|turn|16
|
|t:|1757949346
|move|p2a: Lokix|Swords Dance|p2a: Lokix
|-boost|p2a: Lokix|atk|2
|move|p1a: Alomomola|Flip Turn|p2a: Lokix
|-damage|p2a: Lokix|51/100
|
|t:|1757949352
|switch|p1a: Pawmot|Pawmot, F|100/100|[from] Flip Turn
|
|upkeep
|turn|17
|
|t:|1757949360
|-terastallize|p2a: Lokix|Dark
|move|p2a: Lokix|Sucker Punch||[still]
|-fail|p2a: Lokix
|move|p1a: Pawmot|Encore|p2a: Lokix
|-start|p2a: Lokix|Encore
|
|upkeep
|turn|18
|
|t:|1757949363
|move|p2a: Lokix|Sucker Punch||[still]
|-fail|p2a: Lokix
|move|p1a: Pawmot|Revival Blessing|p1a: Pawmot
|
|t:|1757949365
|-heal|p1: Landorus|50/100|[from] move: Revival Blessing
|
|upkeep
|turn|19
|
|t:|1757949367
|move|p2a: Lokix|Sucker Punch|p1a: Pawmot
|-resisted|p1a: Pawmot
|-damage|p1a: Pawmot|0 fnt
|faint|p1a: Pawmot
|
|upkeep
|
|t:|1757949382
|switch|p1a: Landorus|Landorus-Therian, M|50/100
|-ability|p1a: Landorus|Intimidate|boost
|-unboost|p2a: Lokix|atk|1
|turn|20
|
|t:|1757949387
|move|p2a: Lokix|Sucker Punch|p1a: Landorus
|-damage|p1a: Landorus|0 fnt
|-damage|p2a: Lokix|34/100|[from] item: Rocky Helmet|[of] p1a: Landorus
|faint|p1a: Landorus
|
|-end|p2a: Lokix|Encore
|upkeep
|
|t:|1757949390
|switch|p1a: Kingambit|Kingambit, M|100/100
|-activate|p1a: Kingambit|ability: Supreme Overlord
|-start|p1a: Kingambit|fallen3|[silent]
|turn|21
|
|t:|1757949394
|move|p2a: Lokix|Sucker Punch|p1a: Kingambit
|-resisted|p1a: Kingambit
|-damage|p1a: Kingambit|41/100
|move|p1a: Kingambit|Iron Head|p2a: Lokix
|-damage|p2a: Lokix|0 fnt
|faint|p2a: Lokix
|
|-heal|p1a: Kingambit|47/100|[from] item: Leftovers
|upkeep
|
|t:|1757949399
|switch|p2a: Zapdos|Zapdos|100/100
|turn|22
|
|t:|1757949404
|-end|p1a: Kingambit|fallen3|[silent]
|switch|p1a: Slowking|Slowking-Galar, F|59/100
|move|p2a: Zapdos|Heat Wave|p1a: Slowking
|-damage|p1a: Slowking|38/100
|
|upkeep
|turn|23
|
|t:|1757949406
|move|p2a: Zapdos|Hurricane|p1a: Slowking|[miss]
|-miss|p2a: Zapdos|p1a: Slowking
|-prepare|p1a: Slowking|Chilly Reception|[premajor]
|move|p1a: Slowking|Chilly Reception|p1a: Slowking
|-weather|Snowscape
|
|t:|1757949409
|switch|p1a: Kingambit|Kingambit, M|47/100|[from] Chilly Reception
|-activate|p1a: Kingambit|ability: Supreme Overlord
|-start|p1a: Kingambit|fallen3|[silent]
|
|-weather|Snowscape|[upkeep]
|-heal|p1a: Kingambit|53/100|[from] item: Leftovers
|upkeep
|turn|24
|
|t:|1757949411
|-end|p1a: Kingambit|fallen3|[silent]
|switch|p1a: Slowking|Slowking-Galar, F|71/100
|move|p2a: Zapdos|Heat Wave|p1a: Slowking
|-damage|p1a: Slowking|50/100
|
|-weather|Snowscape|[upkeep]
|upkeep
|turn|25
|
|t:|1757949416
|move|p2a: Zapdos|Hurricane|p1a: Slowking
|-damage|p1a: Slowking|11/100
|-prepare|p1a: Slowking|Chilly Reception|[premajor]
|move|p1a: Slowking|Chilly Reception|p1a: Slowking
|
|t:|1757949424
|switch|p1a: Dragapult|Dragapult, F|100/100|[from] Chilly Reception
|
|-weather|Snowscape|[upkeep]
|upkeep
|turn|26
|
|t:|1757949427
|move|p1a: Dragapult|Shadow Ball|p2a: Zapdos
|-damage|p2a: Zapdos|40/100
|-unboost|p2a: Zapdos|spd|1
|move|p2a: Zapdos|Volt Switch|p1a: Dragapult
|-resisted|p1a: Dragapult
|-damage|p1a: Dragapult|78/100
|
|t:|1757949432
|switch|p2a: Iron Crown|Iron Crown|100/100|[from] Volt Switch
|-damage|p2a: Iron Crown|94/100|[from] Stealth Rock
|-enditem|p2a: Iron Crown|Booster Energy
|-activate|p2a: Iron Crown|ability: Quark Drive|[fromitem]
|-start|p2a: Iron Crown|quarkdrivespe
|
|-weather|Snowscape|[upkeep]
|upkeep
|turn|27
|
|t:|1757949435
|move|p2a: Iron Crown|Tachyon Cutter|p1a: Dragapult
|-damage|p1a: Dragapult|47/100
|-damage|p1a: Dragapult|16/100
|-hitcount|p1a: Dragapult|2
|move|p1a: Dragapult|Shadow Ball|p2a: Iron Crown
|-supereffective|p2a: Iron Crown
|-damage|p2a: Iron Crown|0 fnt
|faint|p2a: Iron Crown
|-end|p2a: Iron Crown|Quark Drive|[silent]
|
|-weather|none
|upkeep
|
|t:|1757949438
|switch|p2a: Iron Moth|Iron Moth|59/100 par
|-damage|p2a: Iron Moth|34/100 par|[from] Stealth Rock
|turn|28
|
|t:|1757949441
|move|p1a: Dragapult|Shadow Ball|p2a: Iron Moth
|-damage|p2a: Iron Moth|0 fnt
|faint|p2a: Iron Moth
|-end|p2a: Iron Moth|Quark Drive|[silent]
|
|upkeep
|
|t:|1757949443
|switch|p2a: Torterra|Torterra, M, shiny|39/100
|-damage|p2a: Torterra|33/100|[from] Stealth Rock
|turn|29
|c|☆Weredude08|Gg
|
|t:|1757949446
|move|p1a: Dragapult|Shadow Ball|p2a: Torterra
|-damage|p2a: Torterra|0 fnt
|faint|p2a: Torterra
|
|upkeep
|
|t:|1757949448
|switch|p2a: Zapdos|Zapdos|40/100
|turn|30
|
|t:|1757949451
|-terastallize|p1a: Dragapult|Ghost
|move|p1a: Dragapult|Shadow Ball|p2a: Zapdos
|-damage|p2a: Zapdos|0 fnt
|faint|p2a: Zapdos
|
|win|Weredude08
|raw|Weredude08's rating: 1402 &rarr; <strong>1419</strong><br />(+17 for winning)
|raw|Lonelyenders's rating: 1357 &rarr; <strong>1340</strong><br />(-17 for losing)
|l|☆Weredude08
|player|p1|
|l|☆Lonelyenders
|player|p2|
