|j|☆Plug Kristmas
|j|☆xuwei123
|t:|1757923815
|gametype|singles
|player|p1|Plug Kristmas|rood|1080
|player|p2|xuwei123|101|1082
|gen|9
|tier|[Gen 9] OU
|rated|
|rule|HP Percentage Mod: HP is shown in percentages
|rule|Endless Battle Clause: Forcing endless battles is banned
|rule|Species Clause: Limit one of each Pokémon
|rule|OHKO Clause: OHKO moves are banned
|rule|Evasion Items Clause: Evasion items are banned
|rule|Evasion Moves Clause: Evasion moves are banned
|rule|Evasion Abilities Clause: Evasion abilities are banned
|rule|Sleep Moves Clause: Sleep-inducing moves are banned
|clearpoke
|poke|p1|Alcremie, F|
|poke|p1|Hariyama, M|
|poke|p1|Forretress, M|
|poke|p1|Manaphy|
|poke|p1|Iron Valiant|
|poke|p1|Heatran, F|
|poke|p2|Dondozo, F|
|poke|p2|Gholdengo|
|poke|p2|Chansey, F|
|poke|p2|Cinderace, M|
|poke|p2|Gliscor, F|
|poke|p2|Rillaboom, F|
|teampreview
|
|t:|1757923825
|teamsize|p1|6
|teamsize|p2|6
|start
|switch|p1a: Forretress|Forretress, M|100/100
|switch|p2a: Gliscor|Gliscor, F|100/100
|turn|1
|
|t:|1757923832
|move|p2a: Gliscor|Knock Off|p1a: Forretress
|-damage|p1a: Forretress|86/100
|-damage|p2a: Gliscor|84/100|[from] item: Rocky Helmet|[of] p1a: Forretress
|-enditem|p1a: Forretress|Rocky Helmet|[from] move: Knock Off|[of] p2a: Gliscor
|move|p1a: Forretress|Spikes|p2a: Gliscor
|-sidestart|p2: xuwei123|Spikes
|
|-status|p2a: Gliscor|tox|[from] item: Toxic Orb
|upkeep
|turn|2
|
|t:|1757923842
|move|p2a: Gliscor|Earthquake|p1a: Forretress
|-damage|p1a: Forretress|64/100
|move|p1a: Forretress|Spikes|p2a: Gliscor
|-sidestart|p2: xuwei123|Spikes
|
|-heal|p2a: Gliscor|96/100 tox|[from] ability: Poison Heal
|upkeep
|turn|3
|
|t:|1757923850
|move|p2a: Gliscor|U-turn|p1a: Forretress
|-resisted|p1a: Forretress
|-damage|p1a: Forretress|59/100
|
|t:|1757923853
|switch|p2a: Cinderace|Cinderace, M|100/100|[from] U-turn
|move|p1a: Forretress|Spikes|p2a: Cinderace
|-sidestart|p2: xuwei123|Spikes
|
|upkeep
|turn|4
|
|t:|1757923862
|switch|p1a: Heatran|Heatran, F|100/100
|-item|p1a: Heatran|Air Balloon
|move|p2a: Cinderace|Pyro Ball|p1a: Heatran
|-start|p1a: Heatran|ability: Flash Fire
|
|upkeep
|turn|5
|
|t:|1757923870
|move|p2a: Cinderace|Court Change|p2a: Cinderace
|-start|p2a: Cinderace|typechange|Normal|[from] ability: Libero
|-swapsideconditions
|-activate|p2a: Cinderace|move: Court Change
|move|p1a: Heatran|Earth Power|p2a: Cinderace
|-damage|p2a: Cinderace|52/100
|
|upkeep
|turn|6
|
|t:|1757923880
|move|p2a: Cinderace|High Jump Kick|p1a: Heatran
|-supereffective|p1a: Heatran
|-damage|p1a: Heatran|33/100
|-enditem|p1a: Heatran|Air Balloon
|move|p1a: Heatran|Fire Blast|p2a: Cinderace
|-damage|p2a: Cinderace|0 fnt
|faint|p2a: Cinderace
|
|upkeep
|
|t:|1757923891
|switch|p2a: Dondozo|Dondozo, F|100/100
|turn|7
|
|t:|1757923901
|-end|p1a: Heatran|ability: Flash Fire|[silent]
|switch|p1a: Manaphy|Manaphy|100/100
|-damage|p1a: Manaphy|76/100|[from] Spikes
|move|p2a: Dondozo|Wave Crash|p1a: Manaphy
|-resisted|p1a: Manaphy
|-damage|p1a: Manaphy|56/100
|-damage|p2a: Dondozo|96/100|[from] Recoil
|
|-heal|p1a: Manaphy|62/100|[from] item: Leftovers
|-heal|p2a: Dondozo|100/100|[from] item: Leftovers
|upkeep
|turn|8
|
|t:|1757923915
|switch|p2a: Gholdengo|Gholdengo|100/100
|-item|p2a: Gholdengo|Air Balloon
|move|p1a: Manaphy|Tail Glow|p1a: Manaphy
|-boost|p1a: Manaphy|spa|3
|
|-heal|p1a: Manaphy|69/100|[from] item: Leftovers
|upkeep
|turn|9
|
|t:|1757923926
|move|p1a: Manaphy|Surf|p2a: Gholdengo
|-damage|p2a: Gholdengo|0 fnt
|-enditem|p2a: Gholdengo|Air Balloon
|faint|p2a: Gholdengo
|
|-heal|p1a: Manaphy|75/100|[from] item: Leftovers
|upkeep
|
|t:|1757923935
|switch|p2a: Rillaboom|Rillaboom, F|100/100
|-fieldstart|move: Grassy Terrain|[from] ability: Grassy Surge|[of] p2a: Rillaboom
|turn|10
|
|t:|1757923939
|move|p2a: Rillaboom|Grassy Glide|p1a: Manaphy
|-supereffective|p1a: Manaphy
|-damage|p1a: Manaphy|0 fnt
|faint|p1a: Manaphy
|
|upkeep
|
|t:|1757923946
|switch|p1a: Forretress|Forretress, M|59/100
|-damage|p1a: Forretress|34/100|[from] Spikes
|turn|11
|
|t:|1757923955
|switch|p2a: Gliscor|Gliscor, F|96/100 tox
|move|p1a: Forretress|Rapid Spin|p2a: Gliscor
|-damage|p2a: Gliscor|86/100 tox
|-boost|p1a: Forretress|spe|1
|-sideend|p1: Plug Kristmas|Spikes|[from] move: Rapid Spin|[of] p1a: Forretress
|
|-heal|p1a: Forretress|41/100|[from] Grassy Terrain
|-heal|p2a: Gliscor|98/100 tox|[from] ability: Poison Heal
|upkeep
|turn|12
|
|t:|1757923967
|move|p2a: Gliscor|Knock Off|p1a: Forretress
|-damage|p1a: Forretress|30/100
|move|p1a: Forretress|Toxic Spikes|p2a: Gliscor
|-sidestart|p2: xuwei123|move: Toxic Spikes
|
|-heal|p1a: Forretress|37/100|[from] Grassy Terrain
|-heal|p2a: Gliscor|100/100 tox|[from] ability: Poison Heal
|upkeep
|turn|13
|
|t:|1757923976
|move|p2a: Gliscor|Earthquake|p1a: Forretress
|-damage|p1a: Forretress|25/100
|move|p1a: Forretress|Toxic Spikes|p2a: Gliscor
|-sidestart|p2: xuwei123|move: Toxic Spikes
|
|-heal|p1a: Forretress|31/100|[from] Grassy Terrain
|upkeep
|turn|14
|
|t:|1757923985
|move|p2a: Gliscor|Earthquake|p1a: Forretress
|-crit|p1a: Forretress
|-damage|p1a: Forretress|14/100
|move|p1a: Forretress|Spikes|p2a: Gliscor
|-sidestart|p2: xuwei123|Spikes
|
|-heal|p1a: Forretress|20/100|[from] Grassy Terrain
|-fieldend|move: Grassy Terrain
|upkeep
|turn|15
|
|t:|1757923996
|move|p2a: Gliscor|Earthquake|p1a: Forretress
|-damage|p1a: Forretress|0 fnt
|faint|p1a: Forretress
|
|upkeep
|
|t:|1757924015
|switch|p1a: Iron Valiant|Iron Valiant|100/100
|turn|16
|
|t:|1757924032
|-terastallize|p1a: Iron Valiant|Fairy
|move|p1a: Iron Valiant|Ice Punch|p2a: Gliscor
|-supereffective|p2a: Gliscor
|-damage|p2a: Gliscor|0 fnt
|faint|p2a: Gliscor
|-damage|p1a: Iron Valiant|91/100|[from] item: Life Orb
|
|upkeep
|
|t:|1757924048
|switch|p2a: Dondozo|Dondozo, F|100/100
|-status|p2a: Dondozo|tox
|-damage|p2a: Dondozo|88/100 tox|[from] Spikes
|turn|17
|
|t:|1757924057
|move|p1a: Iron Valiant|Knock Off|p2a: Dondozo
|-damage|p2a: Dondozo|65/100 tox
|-enditem|p2a: Dondozo|Leftovers|[from] move: Knock Off|[of] p1a: Iron Valiant
|-damage|p1a: Iron Valiant|81/100|[from] item: Life Orb
|move|p2a: Dondozo|Curse|p2a: Dondozo
|-unboost|p2a: Dondozo|spe|1
|-boost|p2a: Dondozo|atk|1
|-boost|p2a: Dondozo|def|1
|
|-damage|p2a: Dondozo|59/100 tox|[from] psn
|upkeep
|turn|18
|
|t:|1757924070
|move|p1a: Iron Valiant|Close Combat|p2a: Dondozo
|-damage|p2a: Dondozo|28/100 tox
|-unboost|p1a: Iron Valiant|def|1
|-unboost|p1a: Iron Valiant|spd|1
|-damage|p1a: Iron Valiant|71/100|[from] item: Life Orb
|move|p2a: Dondozo|Wave Crash|p1a: Iron Valiant
|-damage|p1a: Iron Valiant|0 fnt
|faint|p1a: Iron Valiant
|-end|p1a: Iron Valiant|Quark Drive|[silent]
|-damage|p2a: Dondozo|15/100 tox|[from] Recoil
|
|-damage|p2a: Dondozo|2/100 tox|[from] psn
|upkeep
|
|t:|1757924084
|switch|p1a: Alcremie|Alcremie, F|100/100
|turn|19
|
|t:|1757924087
|move|p1a: Alcremie|Calm Mind|p1a: Alcremie
|-boost|p1a: Alcremie|spa|1
|-boost|p1a: Alcremie|spd|1
|move|p2a: Dondozo|Rest|p2a: Dondozo
|-status|p2a: Dondozo|slp|[from] move: Rest
|-heal|p2a: Dondozo|100/100 slp|[silent]
|
|upkeep
|turn|20
|
|t:|1757924104
|move|p1a: Alcremie|Calm Mind|p1a: Alcremie
|-boost|p1a: Alcremie|spa|1
|-boost|p1a: Alcremie|spd|1
|cant|p2a: Dondozo|slp
|
|upkeep
|turn|21
|
|t:|1757924111
|move|p1a: Alcremie|Calm Mind|p1a: Alcremie
|-boost|p1a: Alcremie|spa|1
|-boost|p1a: Alcremie|spd|1
|cant|p2a: Dondozo|slp
|
|upkeep
|turn|22
|
|t:|1757924117
|move|p1a: Alcremie|Calm Mind|p1a: Alcremie
|-boost|p1a: Alcremie|spa|1
|-boost|p1a: Alcremie|spd|1
|-curestatus|p2a: Dondozo|slp|[msg]
|move|p2a: Dondozo|Curse|p2a: Dondozo
|-unboost|p2a: Dondozo|spe|1
|-boost|p2a: Dondozo|atk|1
|-boost|p2a: Dondozo|def|1
|
|upkeep
|turn|23
|
|t:|1757924127
|move|p1a: Alcremie|Acid Armor|p1a: Alcremie
|-boost|p1a: Alcremie|def|2
|move|p2a: Dondozo|Wave Crash|p1a: Alcremie
|-damage|p1a: Alcremie|3/100
|-damage|p2a: Dondozo|79/100|[from] Recoil
|
|-heal|p1a: Alcremie|9/100|[from] item: Leftovers
|upkeep
|turn|24
|
|t:|1757924137
|move|p1a: Alcremie|Draining Kiss|p2a: Dondozo
|-damage|p2a: Dondozo|65/100
|-heal|p1a: Alcremie|24/100|[from] drain|[of] p2a: Dondozo
|move|p2a: Dondozo|Curse|p2a: Dondozo
|-unboost|p2a: Dondozo|spe|1
|-boost|p2a: Dondozo|atk|1
|-boost|p2a: Dondozo|def|1
|
|-heal|p1a: Alcremie|30/100|[from] item: Leftovers
|upkeep
|turn|25
|
|t:|1757924149
|move|p1a: Alcremie|Draining Kiss|p2a: Dondozo
|-damage|p2a: Dondozo|52/100
|-heal|p1a: Alcremie|45/100|[from] drain|[of] p2a: Dondozo
|move|p2a: Dondozo|Curse|p2a: Dondozo
|-unboost|p2a: Dondozo|spe|1
|-boost|p2a: Dondozo|atk|1
|-boost|p2a: Dondozo|def|1
|
|-heal|p1a: Alcremie|51/100|[from] item: Leftovers
|upkeep
|turn|26
|
|t:|1757924167
|move|p1a: Alcremie|Draining Kiss|p2a: Dondozo
|-damage|p2a: Dondozo|38/100
|-heal|p1a: Alcremie|67/100|[from] drain|[of] p2a: Dondozo
|move|p2a: Dondozo|Curse|p2a: Dondozo
|-unboost|p2a: Dondozo|spe|1
|-boost|p2a: Dondozo|atk|1
|-boost|p2a: Dondozo|def|1
|
|-heal|p1a: Alcremie|73/100|[from] item: Leftovers
|upkeep
|turn|27
|
|t:|1757924179
|move|p1a: Alcremie|Acid Armor|p1a: Alcremie
|-boost|p1a: Alcremie|def|2
|move|p2a: Dondozo|Curse|p2a: Dondozo
|-unboost|p2a: Dondozo|spe|1
|-boost|p2a: Dondozo|atk|1
|-boost|p2a: Dondozo|def|1
|
|-heal|p1a: Alcremie|79/100|[from] item: Leftovers
|upkeep
|turn|28
|
|t:|1757924189
|move|p1a: Alcremie|Draining Kiss|p2a: Dondozo
|-damage|p2a: Dondozo|24/100
|-heal|p1a: Alcremie|95/100|[from] drain|[of] p2a: Dondozo
|move|p2a: Dondozo|Rest|p2a: Dondozo
|-status|p2a: Dondozo|slp|[from] move: Rest
|-heal|p2a: Dondozo|100/100 slp|[silent]
|
|-heal|p1a: Alcremie|100/100|[from] item: Leftovers
|upkeep
|turn|29
|
|t:|1757924200
|move|p1a: Alcremie|Draining Kiss|p2a: Dondozo
|-damage|p2a: Dondozo|88/100 slp
|cant|p2a: Dondozo|slp
|
|upkeep
|turn|30
|
|t:|1757924207
|move|p1a: Alcremie|Acid Armor|p1a: Alcremie
|-boost|p1a: Alcremie|def|2
|cant|p2a: Dondozo|slp
|
|upkeep
|turn|31
|
|t:|1757924213
|move|p1a: Alcremie|Calm Mind|p1a: Alcremie
|-boost|p1a: Alcremie|spa|1
|-boost|p1a: Alcremie|spd|1
|-curestatus|p2a: Dondozo|slp|[msg]
|move|p2a: Dondozo|Wave Crash|p1a: Alcremie
|-damage|p1a: Alcremie|0 fnt
|faint|p1a: Alcremie
|-damage|p2a: Dondozo|66/100|[from] Recoil
|
|upkeep
|
|t:|1757924223
|switch|p1a: Hariyama|Hariyama, M|100/100
|turn|32
|
|t:|1757924227
|move|p1a: Hariyama|Thunder Punch|p2a: Dondozo
|-supereffective|p2a: Dondozo
|-damage|p2a: Dondozo|59/100
|move|p2a: Dondozo|Wave Crash|p1a: Hariyama
|-damage|p1a: Hariyama|0 fnt
|faint|p1a: Hariyama
|-damage|p2a: Dondozo|27/100|[from] Recoil
|
|upkeep
|
|t:|1757924236
|switch|p1a: Heatran|Heatran, F|33/100
|turn|33
|
|t:|1757924242
|move|p1a: Heatran|Fire Blast|p2a: Dondozo
|-resisted|p2a: Dondozo
|-damage|p2a: Dondozo|7/100
|move|p2a: Dondozo|Wave Crash|p1a: Heatran
|-supereffective|p1a: Heatran
|-damage|p1a: Heatran|0 fnt
|faint|p1a: Heatran
|-damage|p2a: Dondozo|0 fnt|[from] Recoil
|faint|p2a: Dondozo
|
|win|xuwei123
|raw|Plug Kristmas's rating: 1080 &rarr; <strong>1058</strong><br />(-22 for losing)
|raw|xuwei123's rating: 1082 &rarr; <strong>1110</strong><br />(+28 for winning)
|l|☆Plug Kristmas
|player|p1|
|l|☆xuwei123
|player|p2|
