|j|‽Wellez
|j|☆TheDeivi9
|t:|1757949702
|gametype|singles
|player|p1|Wellez|169|1419
|player|p2|TheDeivi9|2|1432
|gen|9
|tier|[Gen 9] OU
|rated|
|rule|HP Percentage Mod: HP is shown in percentages
|rule|Endless Battle Clause: Forcing endless battles is banned
|rule|Species Clause: Limit one of each Pokémon
|rule|OHKO Clause: OHKO moves are banned
|rule|Evasion Items Clause: Evasion items are banned
|rule|Evasion Moves Clause: Evasion moves are banned
|rule|Evasion Abilities Clause: Evasion abilities are banned
|rule|Sleep Moves Clause: Sleep-inducing moves are banned
|clearpoke
|poke|p1|Ninetales-Alola, F|
|poke|p1|Raging Bolt|
|poke|p1|Rillaboom, M|
|poke|p1|Iron Hands|
|poke|p1|Corviknight, F|
|poke|p1|Dragapult, M|
|poke|p2|Gliscor, M|
|poke|p2|Politoed, M|
|poke|p2|Darkrai|
|poke|p2|Infernape, F|
|poke|p2|Forretress, M|
|poke|p2|Cresselia, F|
|teampreview
|inactive|Battle timer is ON: inactive players will automatically lose when time's up. (requested by Wellez)
|inactive|TheDeivi9 has 120 seconds left.
|l|‽Wellez
|inactive|Wellez disconnected and has a minute to reconnect!
|player|p1|
|j|‽Wellez
|inactive|Wellez reconnected.
|player|p1|Wellez|169|
|n|‽Wellez|wellez
|inactive|TheDeivi9 has 90 seconds left.
|
|t:|1757949767
|teamsize|p1|6
|teamsize|p2|6
|start
|switch|p1a: Dragapult|Dragapult, M|100/100
|switch|p2a: Forretress|Forretress, M, shiny|100/100
|turn|1
|
|t:|1757949771
|move|p1a: Dragapult|U-turn|p2a: Forretress
|-resisted|p2a: Forretress
|-damage|p2a: Forretress|89/100
|
|t:|1757949777
|switch|p1a: Ninetales|Ninetales-Alola, F|100/100|[from] U-turn
|-weather|Snowscape|[from] ability: Snow Warning|[of] p1a: Ninetales
|move|p2a: Forretress|Stone Edge|p1a: Ninetales
|-supereffective|p1a: Ninetales
|-damage|p1a: Ninetales|50/100
|
|-weather|Snowscape|[upkeep]
|upkeep
|turn|2
|
|t:|1757949782
|move|p1a: Ninetales|Aurora Veil|p1a: Ninetales
|-sidestart|p1: Wellez|move: Aurora Veil
|move|p2a: Forretress|Stone Edge|p1a: Ninetales|[miss]
|-miss|p2a: Forretress|p1a: Ninetales
|
|-weather|Snowscape|[upkeep]
|upkeep
|turn|3
|
|t:|1757949788
|switch|p1a: Rillaboom|Rillaboom, M|100/100
|-fieldstart|move: Grassy Terrain|[from] ability: Grassy Surge|[of] p1a: Rillaboom
|move|p2a: Forretress|Stone Edge|p1a: Rillaboom
|-damage|p1a: Rillaboom|87/100
|
|-weather|Snowscape|[upkeep]
|-heal|p1a: Rillaboom|93/100|[from] Grassy Terrain
|-heal|p2a: Forretress|95/100|[from] Grassy Terrain
|upkeep
|turn|4
|
|t:|1757949792
|move|p1a: Rillaboom|U-turn|p2a: Forretress
|-resisted|p2a: Forretress
|-damage|p2a: Forretress|81/100
|
|t:|1757949795
|switch|p1a: Iron Hands|Iron Hands|100/100|[from] U-turn
|-enditem|p1a: Iron Hands|Grassy Seed
|-boost|p1a: Iron Hands|def|1|[from] item: Grassy Seed
|move|p2a: Forretress|Lunge|p1a: Iron Hands
|-resisted|p1a: Iron Hands
|-damage|p1a: Iron Hands|97/100
|-unboost|p1a: Iron Hands|atk|1
|
|-weather|Snowscape|[upkeep]
|-heal|p1a: Iron Hands|100/100|[from] Grassy Terrain
|-heal|p2a: Forretress|87/100|[from] Grassy Terrain
|upkeep
|turn|5
|
|t:|1757949803
|move|p1a: Iron Hands|Swords Dance|p1a: Iron Hands
|-boost|p1a: Iron Hands|atk|2
|move|p2a: Forretress|Body Press|p1a: Iron Hands
|-damage|p1a: Iron Hands|96/100
|
|-weather|none
|-heal|p1a: Iron Hands|100/100|[from] Grassy Terrain
|-heal|p2a: Forretress|93/100|[from] Grassy Terrain
|upkeep
|turn|6
|
|t:|1757949808
|move|p1a: Iron Hands|Swords Dance|p1a: Iron Hands
|-boost|p1a: Iron Hands|atk|2
|move|p2a: Forretress|Lunge|p1a: Iron Hands
|-resisted|p1a: Iron Hands
|-damage|p1a: Iron Hands|97/100
|-unboost|p1a: Iron Hands|atk|1
|
|-heal|p1a: Iron Hands|100/100|[from] Grassy Terrain
|-heal|p2a: Forretress|99/100|[from] Grassy Terrain
|upkeep
|turn|7
|
|t:|1757949815
|switch|p2a: Gliscor|Gliscor, M|100/100
|move|p1a: Iron Hands|Swords Dance|p1a: Iron Hands
|-boost|p1a: Iron Hands|atk|2
|
|-fieldend|move: Grassy Terrain
|-status|p2a: Gliscor|tox|[from] item: Toxic Orb
|upkeep
|turn|8
|
|t:|1757949821
|move|p2a: Gliscor|Toxic|p1a: Iron Hands
|-status|p1a: Iron Hands|tox
|move|p1a: Iron Hands|Ice Punch|p2a: Gliscor
|-supereffective|p2a: Gliscor
|-damage|p2a: Gliscor|0 fnt
|faint|p2a: Gliscor
|
|-damage|p1a: Iron Hands|94/100 tox|[from] psn
|upkeep
|
|t:|1757949825
|switch|p2a: Forretress|Forretress, M, shiny|99/100
|turn|9
|
|t:|1757949835
|move|p1a: Iron Hands|Drain Punch|p2a: Forretress
|-damage|p2a: Forretress|28/100
|-heal|p1a: Iron Hands|100/100 tox|[from] drain|[of] p2a: Forretress
|move|p2a: Forretress|Body Press|p1a: Iron Hands
|-damage|p1a: Iron Hands|95/100 tox
|
|-damage|p1a: Iron Hands|83/100 tox|[from] psn
|-sideend|p1: Wellez|move: Aurora Veil
|upkeep
|turn|10
|
|t:|1757949843
|move|p1a: Iron Hands|Drain Punch|p2a: Forretress
|-damage|p2a: Forretress|0 fnt
|-heal|p1a: Iron Hands|92/100 tox|[from] drain|[of] p2a: Forretress
|faint|p2a: Forretress
|
|-damage|p1a: Iron Hands|74/100 tox|[from] psn
|upkeep
|
|t:|1757949849
|switch|p2a: Politoed|Politoed, M|100/100
|-weather|RainDance|[from] ability: Drizzle|[of] p2a: Politoed
|turn|11
|
|t:|1757949853
|move|p2a: Politoed|Surf|p1a: Iron Hands
|-damage|p1a: Iron Hands|20/100 tox
|move|p1a: Iron Hands|Drain Punch|p2a: Politoed
|-damage|p2a: Politoed|0 fnt
|-heal|p1a: Iron Hands|52/100 tox|[from] drain|[of] p2a: Politoed
|faint|p2a: Politoed
|
|-weather|RainDance|[upkeep]
|-damage|p1a: Iron Hands|27/100 tox|[from] psn
|upkeep
|
|t:|1757949858
|switch|p2a: Darkrai|Darkrai|100/100
|turn|12
|
|t:|1757949862
|move|p2a: Darkrai|Sludge Bomb|p1a: Iron Hands
|-damage|p1a: Iron Hands|9/100 tox
|move|p1a: Iron Hands|Drain Punch|p2a: Darkrai
|-supereffective|p2a: Darkrai
|-damage|p2a: Darkrai|0 fnt
|-heal|p1a: Iron Hands|36/100 tox|[from] drain|[of] p2a: Darkrai
|faint|p2a: Darkrai
|
|-weather|RainDance|[upkeep]
|-damage|p1a: Iron Hands|5/100 tox|[from] psn
|upkeep
|
|t:|1757949865
|switch|p2a: Infernape|Infernape, F|100/100
|turn|13
|
|t:|1757949872
|move|p2a: Infernape|Mach Punch|p1a: Iron Hands
|-damage|p1a: Iron Hands|0 fnt
|faint|p1a: Iron Hands
|-end|p1a: Iron Hands|Quark Drive|[silent]
|-damage|p2a: Infernape|91/100|[from] item: Life Orb
|
|-weather|RainDance|[upkeep]
|upkeep
|
|t:|1757949876
|switch|p1a: Ninetales|Ninetales-Alola, F|50/100
|-weather|Snowscape|[from] ability: Snow Warning|[of] p1a: Ninetales
|turn|14
|inactive|TheDeivi9 has 120 seconds left.
|l|‽Wellez
|inactive|Wellez disconnected and has a minute to reconnect!
|player|p1|
|j|‽Wellez
|inactive|Wellez reconnected.
|player|p1|Wellez|169|
|n|‽Wellez|wellez
|inactive|TheDeivi9 has 90 seconds left.
|inactive|TheDeivi9 has 60 seconds left.
|inactive|TheDeivi9 has 30 seconds left.
|inactive|TheDeivi9 has 20 seconds left.
|inactive|TheDeivi9 has 15 seconds left.
|inactive|TheDeivi9 has 10 seconds left.
|inactive|TheDeivi9 has 5 seconds left.
|-message|TheDeivi9 lost due to inactivity.
|
|win|Wellez
|raw|Wellez's rating: 1419 &rarr; <strong>1440</strong><br />(+21 for winning)
|raw|TheDeivi9's rating: 1432 &rarr; <strong>1411</strong><br />(-21 for losing)
|l|‽Wellez
|player|p1|
|l|☆TheDeivi9
|player|p2|
