|j|☆litlenova
|j|☆MAGAboominGOOCH
|t:|1757791931
|gametype|singles
|player|p1|litlenova|hugh|1014
|player|p2|MAGAboominGOOCH|supernerd|1000
|gen|9
|tier|[Gen 9] OU
|rated|
|rule|HP Percentage Mod: HP is shown in percentages
|rule|Endless Battle Clause: Forcing endless battles is banned
|rule|Species Clause: Limit one of each Pokémon
|rule|OHKO Clause: OHKO moves are banned
|rule|Evasion Items Clause: Evasion items are banned
|rule|Evasion Moves Clause: Evasion moves are banned
|rule|Evasion Abilities Clause: Evasion abilities are banned
|rule|Sleep Moves Clause: Sleep-inducing moves are banned
|clearpoke
|poke|p1|Pelipper, F|
|poke|p1|Barraskewda, M|
|poke|p1|Azumarill, F|
|poke|p1|Samurott-Hisui, M|
|poke|p1|Basculegion, M|
|poke|p1|Iron Treads|
|poke|p2|Charizard, F|
|poke|p2|Toxtricity-Low-Key, M|
|poke|p2|Kleavor, F|
|poke|p2|Salamence, M|
|poke|p2|Delphox, M|
|poke|p2|Cloyster, F|
|teampreview
|
|t:|1757791954
|teamsize|p1|6
|teamsize|p2|6
|start
|switch|p1a: Pelipper|Pelipper, F|100/100
|switch|p2a: Toxtricity|Toxtricity-Low-Key, M|100/100
|-weather|RainDance|[from] ability: Drizzle|[of] p1a: Pelipper
|turn|1
|
|t:|1757791962
|move|p2a: Toxtricity|Electroweb|p1a: Pelipper
|-supereffective|p1a: Pelipper
|-damage|p1a: Pelipper|0 fnt
|faint|p1a: Pelipper
|
|-weather|RainDance|[upkeep]
|upkeep
|
|t:|1757791970
|switch|p1a: Iron Treads|Iron Treads|100/100
|-enditem|p1a: Iron Treads|Booster Energy
|-activate|p1a: Iron Treads|ability: Quark Drive|[fromitem]
|-start|p1a: Iron Treads|quarkdrivespe
|turn|2
|
|t:|1757791993
|switch|p2a: Aura|Salamence, M|100/100
|move|p1a: Iron Treads|Earthquake|p2a: Aura
|-immune|p2a: Aura
|
|-weather|RainDance|[upkeep]
|upkeep
|turn|3
|
|t:|1757792004
|move|p1a: Iron Treads|Knock Off|p2a: Aura
|-damage|p2a: Aura|63/100
|-enditem|p2a: Aura|Covert Cloak|[from] move: Knock Off|[of] p1a: Iron Treads
|move|p2a: Aura|Dragon Dance|p2a: Aura
|-boost|p2a: Aura|atk|1
|-boost|p2a: Aura|spe|1
|
|-weather|RainDance|[upkeep]
|upkeep
|turn|4
|
|t:|1757792013
|move|p1a: Iron Treads|Knock Off|p2a: Aura
|-damage|p2a: Aura|36/100
|move|p2a: Aura|Earthquake|p1a: Iron Treads
|-supereffective|p1a: Iron Treads
|-crit|p1a: Iron Treads
|-damage|p1a: Iron Treads|0 fnt
|faint|p1a: Iron Treads
|-end|p1a: Iron Treads|Quark Drive|[silent]
|-ability|p2a: Aura|Moxie|boost
|-boost|p2a: Aura|atk|1
|
|-weather|RainDance|[upkeep]
|upkeep
|
|t:|1757792024
|switch|p1a: Samurott|Samurott-Hisui, M|100/100
|turn|5
|
|t:|1757792030
|move|p2a: Aura|Dragon Claw|p1a: Samurott
|-crit|p1a: Samurott
|-damage|p1a: Samurott|0 fnt
|faint|p1a: Samurott
|-ability|p2a: Aura|Moxie|boost
|-boost|p2a: Aura|atk|1
|
|-weather|RainDance|[upkeep]
|upkeep
|
|t:|1757792037
|switch|p1a: Barraskewda|Barraskewda, M|100/100
|turn|6
|
|t:|1757792043
|move|p1a: Barraskewda|Liquidation|p2a: Aura
|-resisted|p2a: Aura
|-damage|p2a: Aura|0 fnt
|faint|p2a: Aura
|
|-weather|RainDance|[upkeep]
|upkeep
|
|t:|1757792050
|switch|p2a: PeekABoo|Cloyster, F|100/100
|turn|7
|
|t:|1757792057
|switch|p1a: Basculegion|Basculegion, M|100/100
|move|p2a: PeekABoo|Shell Smash|p2a: PeekABoo
|-unboost|p2a: PeekABoo|def|1
|-unboost|p2a: PeekABoo|spd|1
|-boost|p2a: PeekABoo|atk|2
|-boost|p2a: PeekABoo|spa|2
|-boost|p2a: PeekABoo|spe|2
|
|-weather|RainDance|[upkeep]
|upkeep
|turn|8
|
|t:|1757792069
|move|p1a: Basculegion|Flip Turn|p2a: PeekABoo
|-resisted|p2a: PeekABoo
|-damage|p2a: PeekABoo|64/100
|
|t:|1757792074
|switch|p1a: Azumarill|Azumarill, F|100/100|[from] Flip Turn
|move|p2a: PeekABoo|Icicle Spear|p1a: Azumarill
|-resisted|p1a: Azumarill
|-damage|p1a: Azumarill|90/100
|-resisted|p1a: Azumarill
|-damage|p1a: Azumarill|80/100
|-resisted|p1a: Azumarill
|-damage|p1a: Azumarill|70/100
|-resisted|p1a: Azumarill
|-damage|p1a: Azumarill|59/100
|-resisted|p1a: Azumarill
|-crit|p1a: Azumarill
|-damage|p1a: Azumarill|44/100
|-enditem|p1a: Azumarill|Sitrus Berry|[eat]
|-heal|p1a: Azumarill|69/100|[from] item: Sitrus Berry
|-hitcount|p1a: Azumarill|5
|
|-weather|none
|upkeep
|turn|9
|
|t:|1757792095
|move|p1a: Azumarill|Aqua Jet|p2a: PeekABoo
|-resisted|p2a: PeekABoo
|-damage|p2a: PeekABoo|48/100
|move|p2a: PeekABoo|Shell Smash|p2a: PeekABoo
|-unboost|p2a: PeekABoo|def|1
|-unboost|p2a: PeekABoo|spd|1
|-boost|p2a: PeekABoo|atk|2
|-boost|p2a: PeekABoo|spa|2
|-boost|p2a: PeekABoo|spe|2
|
|upkeep
|turn|10
|
|t:|1757792103
|move|p2a: PeekABoo|Icicle Spear|p1a: Azumarill
|-resisted|p1a: Azumarill
|-damage|p1a: Azumarill|54/100
|-resisted|p1a: Azumarill
|-damage|p1a: Azumarill|39/100
|-resisted|p1a: Azumarill
|-damage|p1a: Azumarill|22/100
|-resisted|p1a: Azumarill
|-damage|p1a: Azumarill|6/100
|-resisted|p1a: Azumarill
|-damage|p1a: Azumarill|0 fnt
|faint|p1a: Azumarill
|-hitcount|p1: Azumarill|5
|
|upkeep
|
|t:|1757792114
|switch|p1a: Basculegion|Basculegion, M|100/100
|turn|11
|
|t:|1757792119
|move|p2a: PeekABoo|Icicle Spear|p1a: Basculegion
|-resisted|p1a: Basculegion
|-damage|p1a: Basculegion|82/100
|-resisted|p1a: Basculegion
|-damage|p1a: Basculegion|62/100
|-resisted|p1a: Basculegion
|-damage|p1a: Basculegion|42/100
|-resisted|p1a: Basculegion
|-damage|p1a: Basculegion|24/100
|-resisted|p1a: Basculegion
|-damage|p1a: Basculegion|5/100
|-hitcount|p1a: Basculegion|5
|move|p1a: Basculegion|Liquidation|p2a: PeekABoo
|-resisted|p2a: PeekABoo
|-damage|p2a: PeekABoo|0 fnt
|faint|p2a: PeekABoo
|
|upkeep
|
|t:|1757792139
|switch|p2a: Kleaveana|Kleavor, F|100/100
|turn|12
|
|t:|1757792142
|move|p1a: Basculegion|Liquidation|p2a: Kleaveana
|-supereffective|p2a: Kleaveana
|-enditem|p2a: Kleaveana|Focus Sash
|-damage|p2a: Kleaveana|1/100
|move|p2a: Kleaveana|Stone Axe|p1a: Basculegion
|-damage|p1a: Basculegion|0 fnt
|-sidestart|p1: litlenova|move: Stealth Rock
|faint|p1a: Basculegion
|
|upkeep
|
|t:|1757792152
|switch|p1a: Barraskewda|Barraskewda, M|100/100
|-damage|p1a: Barraskewda|88/100|[from] Stealth Rock
|turn|13
|
|t:|1757792158
|move|p1a: Barraskewda|Aqua Jet|p2a: Kleaveana
|-supereffective|p2a: Kleaveana
|-damage|p2a: Kleaveana|0 fnt
|faint|p2a: Kleaveana
|
|upkeep
|
|t:|1757792162
|switch|p2a: Toxtricity|Toxtricity-Low-Key, M|100/100
|turn|14
|
|t:|1757792166
|move|p1a: Barraskewda|Aqua Jet|p2a: Toxtricity
|-damage|p2a: Toxtricity|52/100
|move|p2a: Toxtricity|Electroweb|p1a: Barraskewda
|-supereffective|p1a: Barraskewda
|-damage|p1a: Barraskewda|0 fnt
|faint|p1a: Barraskewda
|
|win|MAGAboominGOOCH
|raw|litlenova's rating: 1014 &rarr; <strong>1001</strong><br />(-13 for losing)
|raw|MAGAboominGOOCH's rating: 1000 &rarr; <strong>1042</strong><br />(+42 for winning)
