|j|☆BabyGronkel
|j|☆JumboDorito
|t:|1757822466
|gametype|singles
|player|p1|BabyGronkel|juan|
|player|p2|JumboDorito|169|
|gen|9
|tier|[Gen 9] OU
|rule|HP Percentage Mod: HP is shown in percentages
|rule|Endless Battle Clause: Forcing endless battles is banned
|rule|Species Clause: Limit one of each Pokémon
|rule|OHKO Clause: OHKO moves are banned
|rule|Evasion Items Clause: Evasion items are banned
|rule|Evasion Moves Clause: Evasion moves are banned
|rule|Evasion Abilities Clause: Evasion abilities are banned
|rule|Sleep Moves Clause: Sleep-inducing moves are banned
|clearpoke
|poke|p1|Zoroark-Hisui, F|
|poke|p1|Tyranitar, F|
|poke|p1|Wigglytuff, M|
|poke|p1|Mew|
|poke|p1|Magmortar, M|
|poke|p1|Heracross, M|
|poke|p2|Pecharunt|
|poke|p2|Mandibuzz, F|
|poke|p2|Altaria, M|
|poke|p2|Exeggutor, F|
|poke|p2|Misdreavus, M|
|poke|p2|Iron Valiant|
|teampreview
|
|t:|1757822519
|teamsize|p1|6
|teamsize|p2|6
|start
|switch|p1a: Engineer|Mew|100/100
|switch|p2a: Sam Darnold|Misdreavus, M|100/100
|turn|1
|
|t:|1757822535
|-terastallize|p2a: Sam Darnold|Fairy
|move|p1a: Engineer|Knock Off|p2a: Sam Darnold
|-resisted|p2a: Sam Darnold
|-damage|p2a: Sam Darnold|88/100
|-enditem|p2a: Sam Darnold|Eviolite|[from] move: Knock Off|[of] p1a: Engineer
|move|p2a: Sam Darnold|Calm Mind|p2a: Sam Darnold
|-boost|p2a: Sam Darnold|spa|1
|-boost|p2a: Sam Darnold|spd|1
|
|upkeep
|turn|2
|j| realjaxsondart
|
|t:|1757822547
|switch|p1a: Heavy|Tyranitar, F|100/100
|-weather|Sandstorm|[from] ability: Sand Stream|[of] p1a: Heavy
|move|p2a: Sam Darnold|Calm Mind|p2a: Sam Darnold
|-boost|p2a: Sam Darnold|spa|1
|-boost|p2a: Sam Darnold|spd|1
|
|-weather|Sandstorm|[upkeep]
|-damage|p2a: Sam Darnold|82/100|[from] Sandstorm
|upkeep
|turn|3
|
|t:|1757822558
|move|p2a: Sam Darnold|Will-O-Wisp|p1a: Heavy
|-status|p1a: Heavy|brn
|move|p1a: Heavy|Heavy Slam|p2a: Sam Darnold
|-supereffective|p2a: Sam Darnold
|-crit|p2a: Sam Darnold
|-damage|p2a: Sam Darnold|0 fnt
|faint|p2a: Sam Darnold
|
|-weather|Sandstorm|[upkeep]
|-damage|p1a: Heavy|94/100 brn|[from] brn
|upkeep
|
|t:|1757822577
|switch|p2a: Sam I Am|Exeggutor, F, shiny|100/100
|turn|4
|
|t:|1757822581
|switch|p1a: Engineer|Mew|100/100
|move|p2a: Sam I Am|Calm Mind|p2a: Sam I Am
|-boost|p2a: Sam I Am|spa|1
|-boost|p2a: Sam I Am|spd|1
|
|-weather|Sandstorm|[upkeep]
|-damage|p1a: Engineer|94/100|[from] Sandstorm
|-damage|p2a: Sam I Am|94/100|[from] Sandstorm
|upkeep
|turn|5
|
|t:|1757822593
|move|p1a: Engineer|Knock Off|p2a: Sam I Am
|-supereffective|p2a: Sam I Am
|-damage|p2a: Sam I Am|41/100
|-enditem|p2a: Sam I Am|Salac Berry|[from] move: Knock Off|[of] p1a: Engineer
|move|p2a: Sam I Am|Calm Mind|p2a: Sam I Am
|-boost|p2a: Sam I Am|spa|1
|-boost|p2a: Sam I Am|spd|1
|
|-weather|Sandstorm|[upkeep]
|-damage|p1a: Engineer|88/100|[from] Sandstorm
|-damage|p2a: Sam I Am|35/100|[from] Sandstorm
|upkeep
|turn|6
|
|t:|1757822602
|move|p1a: Engineer|Stealth Rock|p2a: Sam I Am
|-sidestart|p2: JumboDorito|move: Stealth Rock
|move|p2a: Sam I Am|Giga Drain|p1a: Engineer
|-damage|p1a: Engineer|19/100
|-heal|p2a: Sam I Am|77/100|[from] drain|[of] p1a: Engineer
|
|-weather|none
|upkeep
|turn|7
|
|t:|1757822607
|switch|p1a: Medic|Wigglytuff, M|100/100
|move|p2a: Sam I Am|Giga Drain|p1a: Medic
|-damage|p1a: Medic|45/100
|-heal|p2a: Sam I Am|100/100|[from] drain|[of] p1a: Medic
|
|upkeep
|turn|8
|
|t:|1757822617
|move|p2a: Sam I Am|Calm Mind|p2a: Sam I Am
|-boost|p2a: Sam I Am|spa|1
|-boost|p2a: Sam I Am|spd|1
|move|p1a: Medic|Wish|p1a: Medic
|
|upkeep
|turn|9
|
|t:|1757822622
|move|p2a: Sam I Am|Stored Power|p1a: Medic
|-damage|p1a: Medic|0 fnt
|faint|p1a: Medic
|
|upkeep
|
|t:|1757822632
|switch|p1a: Demo Knight|Heracross, M|100/100
|turn|10
|
|t:|1757822637
|move|p1a: Demo Knight|Megahorn|p2a: Sam I Am
|-supereffective|p2a: Sam I Am
|-damage|p2a: Sam I Am|0 fnt
|faint|p2a: Sam I Am
|-ability|p1a: Demo Knight|Moxie|boost
|-boost|p1a: Demo Knight|atk|1
|
|upkeep
|
|t:|1757822655
|switch|p2a: Sam Bankman-Fried|Pecharunt|100/100
|-damage|p2a: Sam Bankman-Fried|88/100|[from] Stealth Rock
|-item|p2a: Sam Bankman-Fried|Air Balloon
|turn|11
|
|t:|1757822663
|switch|p1a: Heavy|Tyranitar, F|94/100 brn
|-weather|Sandstorm|[from] ability: Sand Stream|[of] p1a: Heavy
|move|p2a: Sam Bankman-Fried|Malignant Chain|p1a: Heavy
|-resisted|p1a: Heavy
|-damage|p1a: Heavy|85/100 brn
|
|-weather|Sandstorm|[upkeep]
|-damage|p2a: Sam Bankman-Fried|82/100|[from] Sandstorm
|-damage|p1a: Heavy|79/100 brn|[from] brn
|upkeep
|turn|12
|
|t:|1757822681
|switch|p2a: Samuel L Jackson|Iron Valiant|100/100
|-damage|p2a: Samuel L Jackson|94/100|[from] Stealth Rock
|move|p1a: Heavy|Focus Energy|p1a: Heavy
|-start|p1a: Heavy|move: Focus Energy
|
|-weather|Sandstorm|[upkeep]
|-damage|p2a: Samuel L Jackson|88/100|[from] Sandstorm
|-damage|p1a: Heavy|73/100 brn|[from] brn
|upkeep
|turn|13
|
|t:|1757822694
|switch|p1a: Pyro|Magmortar, M|100/100
|move|p2a: Samuel L Jackson|Spirit Break|p1a: Pyro
|-damage|p1a: Pyro|19/100
|-unboost|p1a: Pyro|spa|1
|replace|p1a: Spy|Zoroark-Hisui, F
|-end|p1a: Spy|Illusion
|
|-weather|Sandstorm|[upkeep]
|-damage|p2a: Samuel L Jackson|82/100|[from] Sandstorm
|-damage|p1a: Spy|13/100|[from] Sandstorm
|upkeep
|turn|14
|
|t:|1757822711
|switch|p1a: Engineer|Mew|19/100
|move|p2a: Samuel L Jackson|Knock Off|p1a: Engineer
|-supereffective|p1a: Engineer
|-damage|p1a: Engineer|0 fnt
|-damage|p2a: Samuel L Jackson|65/100|[from] item: Rocky Helmet|[of] p1a: Engineer
|-enditem|p1a: Engineer|Rocky Helmet|[from] move: Knock Off|[of] p2a: Samuel L Jackson
|faint|p1a: Engineer
|
|-weather|Sandstorm|[upkeep]
|-damage|p2a: Samuel L Jackson|59/100|[from] Sandstorm
|upkeep
|
|t:|1757822725
|switch|p1a: Pyro|Magmortar, M|100/100
|turn|15
|
|t:|1757822729
|-end|p2a: Samuel L Jackson|Quark Drive|[silent]
|switch|p2a: Sam Altman|Altaria, M|100/100
|-ability|p2a: Sam Altman|Cloud Nine
|move|p1a: Pyro|Flamethrower|p2a: Sam Altman
|-resisted|p2a: Sam Altman
|-damage|p2a: Sam Altman|71/100
|
|-weather|none
|upkeep
|turn|16
|
|t:|1757822736
|switch|p1a: Heavy|Tyranitar, F|73/100 brn
|-weather|Sandstorm|[from] ability: Sand Stream|[of] p1a: Heavy
|move|p2a: Sam Altman|Defog|p1a: Heavy
|-unboost|p1a: Heavy|evasion|1
|-sideend|p2: JumboDorito|Stealth Rock|[from] move: Defog|[of] p2a: Sam Altman
|
|-weather|Sandstorm|[upkeep]
|-damage|p1a: Heavy|67/100 brn|[from] brn
|upkeep
|turn|17
|
|t:|1757822744
|switch|p2a: Samuel Buzby|Mandibuzz, F|100/100
|move|p1a: Heavy|Rock Blast|p2a: Samuel Buzby
|-supereffective|p2a: Samuel Buzby
|-damage|p2a: Samuel Buzby|92/100
|-supereffective|p2a: Samuel Buzby
|-damage|p2a: Samuel Buzby|83/100
|-supereffective|p2a: Samuel Buzby
|-damage|p2a: Samuel Buzby|74/100
|-supereffective|p2a: Samuel Buzby
|-damage|p2a: Samuel Buzby|64/100
|-supereffective|p2a: Samuel Buzby
|-crit|p2a: Samuel Buzby
|-damage|p2a: Samuel Buzby|49/100
|-hitcount|p2a: Samuel Buzby|5
|
|-weather|Sandstorm|[upkeep]
|-damage|p1a: Heavy|60/100 brn|[from] brn
|upkeep
|turn|18
|
|t:|1757822754
|move|p2a: Samuel Buzby|Roost|p2a: Samuel Buzby
|-heal|p2a: Samuel Buzby|99/100
|-singleturn|p2a: Samuel Buzby|move: Roost
|move|p1a: Heavy|Focus Energy|p1a: Heavy
|-start|p1a: Heavy|move: Focus Energy
|
|-weather|Sandstorm|[upkeep]
|-damage|p1a: Heavy|54/100 brn|[from] brn
|upkeep
|turn|19
|
|t:|1757822757
|move|p2a: Samuel Buzby|U-turn|p1a: Heavy
|-supereffective|p1a: Heavy
|-damage|p1a: Heavy|37/100 brn
|-enditem|p1a: Heavy|Sitrus Berry|[eat]
|-heal|p1a: Heavy|62/100 brn|[from] item: Sitrus Berry
|
|t:|1757822774
|switch|p2a: Sam Bankman-Fried|Pecharunt|82/100|[from] U-turn
|-item|p2a: Sam Bankman-Fried|Air Balloon
|move|p1a: Heavy|Rock Blast|p2a: Sam Bankman-Fried
|-crit|p2a: Sam Bankman-Fried
|-damage|p2a: Sam Bankman-Fried|77/100
|-enditem|p2a: Sam Bankman-Fried|Air Balloon
|-damage|p2a: Sam Bankman-Fried|73/100
|-crit|p2a: Sam Bankman-Fried
|-damage|p2a: Sam Bankman-Fried|68/100
|-hitcount|p2a: Sam Bankman-Fried|3
|
|-weather|Sandstorm|[upkeep]
|-damage|p2a: Sam Bankman-Fried|62/100|[from] Sandstorm
|-damage|p1a: Heavy|56/100 brn|[from] brn
|upkeep
|turn|20
|
|t:|1757822791
|move|p2a: Sam Bankman-Fried|Parting Shot|p1a: Heavy
|-unboost|p1a: Heavy|atk|1
|-unboost|p1a: Heavy|spa|1
|
|t:|1757822794
|switch|p2a: Samuel Buzby|Mandibuzz, F|99/100|[from] Parting Shot
|move|p1a: Heavy|Rock Blast|p2a: Samuel Buzby
|-supereffective|p2a: Samuel Buzby
|-damage|p2a: Samuel Buzby|93/100
|-supereffective|p2a: Samuel Buzby
|-crit|p2a: Samuel Buzby
|-damage|p2a: Samuel Buzby|78/100
|-supereffective|p2a: Samuel Buzby
|-damage|p2a: Samuel Buzby|71/100
|-supereffective|p2a: Samuel Buzby
|-crit|p2a: Samuel Buzby
|-damage|p2a: Samuel Buzby|58/100
|-hitcount|p2a: Samuel Buzby|4
|
|-weather|none
|-damage|p1a: Heavy|50/100 brn|[from] brn
|upkeep
|turn|21
|
|t:|1757822813
|move|p2a: Samuel Buzby|Roost|p2a: Samuel Buzby
|-heal|p2a: Samuel Buzby|100/100
|-singleturn|p2a: Samuel Buzby|move: Roost
|move|p1a: Heavy|Rock Blast|p2a: Samuel Buzby
|-crit|p2a: Samuel Buzby
|-damage|p2a: Samuel Buzby|94/100
|-crit|p2a: Samuel Buzby
|-damage|p2a: Samuel Buzby|87/100
|-damage|p2a: Samuel Buzby|84/100
|-hitcount|p2a: Samuel Buzby|3
|
|-damage|p1a: Heavy|44/100 brn|[from] brn
|upkeep
|turn|22
|
|t:|1757822822
|move|p2a: Samuel Buzby|U-turn|p1a: Heavy
|-supereffective|p1a: Heavy
|-crit|p1a: Heavy
|-damage|p1a: Heavy|17/100 brn
|
|t:|1757822825
|switch|p2a: Sam Bankman-Fried|Pecharunt|62/100|[from] U-turn
|move|p1a: Heavy|Rock Blast|p2a: Sam Bankman-Fried|[miss]
|-miss|p1a: Heavy|p2a: Sam Bankman-Fried
|
|-damage|p1a: Heavy|11/100 brn|[from] brn
|upkeep
|turn|23
|
|t:|1757822837
|move|p2a: Sam Bankman-Fried|Malignant Chain|p1a: Heavy
|-resisted|p1a: Heavy
|-crit|p1a: Heavy
|-damage|p1a: Heavy|0 fnt
|faint|p1a: Heavy
|
|upkeep
|
|t:|1757822841
|switch|p1a: Demo Knight|Heracross, M|13/100
|turn|24
|
|t:|1757822853
|switch|p2a: Samuel Buzby|Mandibuzz, F|84/100
|move|p1a: Demo Knight|U-turn|p2a: Samuel Buzby
|-damage|p2a: Samuel Buzby|74/100
|
|t:|1757822856
|switch|p1a: Pyro|Magmortar, M|100/100|[from] U-turn
|
|upkeep
|turn|25
|
|t:|1757822866
|move|p1a: Pyro|Fire Blast|p2a: Samuel Buzby
|-damage|p2a: Samuel Buzby|19/100
|move|p2a: Samuel Buzby|Knock Off|p1a: Pyro
|-damage|p1a: Pyro|54/100
|-enditem|p1a: Pyro|Charcoal|[from] move: Knock Off|[of] p2a: Samuel Buzby
|
|upkeep
|turn|26
|
|t:|1757822874
|move|p1a: Pyro|Flamethrower|p2a: Samuel Buzby
|-damage|p2a: Samuel Buzby|0 fnt
|faint|p2a: Samuel Buzby
|
|upkeep
|
|t:|1757822884
|switch|p2a: Sam Altman|Altaria, M|71/100
|-ability|p2a: Sam Altman|Cloud Nine
|turn|27
|
|t:|1757822892
|move|p1a: Pyro|Thunderbolt|p2a: Sam Altman
|-damage|p2a: Sam Altman|38/100
|move|p2a: Sam Altman|Hurricane|p1a: Pyro
|-damage|p1a: Pyro|9/100
|
|upkeep
|turn|28
|
|t:|1757822901
|move|p1a: Pyro|Thunderbolt|p2a: Sam Altman
|-damage|p2a: Sam Altman|2/100
|move|p2a: Sam Altman|Alluring Voice|p1a: Pyro
|-resisted|p1a: Pyro
|-damage|p1a: Pyro|0 fnt
|faint|p1a: Pyro
|
|upkeep
|
|t:|1757822907
|switch|p1a: Demo Knight|Heracross, M|100/100
|turn|29
|
|t:|1757822911
|move|p1a: Demo Knight|Trailblaze|p2a: Sam Altman
|-resisted|p2a: Sam Altman
|-damage|p2a: Sam Altman|0 fnt
|-boost|p1a: Demo Knight|spe|1
|faint|p2a: Sam Altman
|-ability|p1a: Demo Knight|Moxie|boost
|-boost|p1a: Demo Knight|atk|1
|
|upkeep
|
|t:|1757822913
|switch|p2a: Sam Bankman-Fried|Pecharunt|62/100
|turn|30
|
|t:|1757822922
|move|p1a: Demo Knight|Stone Edge|p2a: Sam Bankman-Fried
|-damage|p2a: Sam Bankman-Fried|35/100
|move|p2a: Sam Bankman-Fried|Malignant Chain|p1a: Demo Knight
|-damage|p1a: Demo Knight|67/100
|
|upkeep
|turn|31
|
|t:|1757822934
|move|p1a: Demo Knight|Stone Edge|p2a: Sam Bankman-Fried|[miss]
|-miss|p1a: Demo Knight|p2a: Sam Bankman-Fried
|move|p2a: Sam Bankman-Fried|Foul Play|p1a: Demo Knight
|-resisted|p1a: Demo Knight
|-damage|p1a: Demo Knight|33/100
|
|upkeep
|turn|32
|
|t:|1757822955
|move|p1a: Demo Knight|Stone Edge|p2a: Sam Bankman-Fried
|-crit|p2a: Sam Bankman-Fried
|-damage|p2a: Sam Bankman-Fried|0 fnt
|faint|p2a: Sam Bankman-Fried
|-ability|p1a: Demo Knight|Moxie|boost
|-boost|p1a: Demo Knight|atk|1
|
|upkeep
|
|t:|1757822959
|switch|p2a: Samuel L Jackson|Iron Valiant|59/100
|turn|33
|
|t:|1757823006
|-terastallize|p1a: Demo Knight|Fighting
|move|p1a: Demo Knight|Close Combat|p2a: Samuel L Jackson
|-resisted|p2a: Samuel L Jackson
|-damage|p2a: Samuel L Jackson|0 fnt
|-unboost|p1a: Demo Knight|def|1
|-unboost|p1a: Demo Knight|spd|1
|faint|p2a: Samuel L Jackson
|-end|p2a: Samuel L Jackson|Quark Drive|[silent]
|
|win|BabyGronkel
