|j|☆mimiquilover
|j|☆Reb_Am
|t:|1757917874
|gametype|singles
|player|p1|mimiquilover|wallace|1075
|player|p2|Reb_Am|169|1135
|gen|9
|tier|[Gen 9] OU
|rated|
|rule|HP Percentage Mod: HP is shown in percentages
|rule|Endless Battle Clause: Forcing endless battles is banned
|rule|Species Clause: Limit one of each Pokémon
|rule|OHKO Clause: OHKO moves are banned
|rule|Evasion Items Clause: Evasion items are banned
|rule|Evasion Moves Clause: Evasion moves are banned
|rule|Evasion Abilities Clause: Evasion abilities are banned
|rule|Sleep Moves Clause: Sleep-inducing moves are banned
|clearpoke
|poke|p1|Mimikyu, F|
|poke|p1|Sylveon, F|
|poke|p1|Banette, F|
|poke|p1|Goodra-Hisui, F|
|poke|p1|Primarina, F|
|poke|p1|Meowscarada, F|
|poke|p2|Araquanid, M|
|poke|p2|Iron Moth|
|poke|p2|Iron Valiant|
|poke|p2|Iron Treads|
|poke|p2|Raging Bolt|
|poke|p2|Rillaboom, F|
|teampreview
|
|t:|1757917880
|teamsize|p1|6
|teamsize|p2|6
|start
|switch|p1a: Meowscarada|Meowscarada, F, shiny|100/100
|switch|p2a: Araquanid|Araquanid, M|100/100
|turn|1
|inactive|Battle timer is ON: inactive players will automatically lose when time's up. (requested by Reb_Am)
|
|t:|1757917886
|move|p1a: Meowscarada|U-turn|p2a: Araquanid
|-start|p1a: Meowscarada|typechange|Bug|[from] ability: Protean
|-crit|p2a: Araquanid
|-damage|p2a: Araquanid|54/100
|
|t:|1757917896
|switch|p1a: Goodra|Goodra-Hisui, F|100/100|[from] U-turn
|move|p2a: Araquanid|Sticky Web|p1a: Goodra
|-sidestart|p1: mimiquilover|move: Sticky Web
|
|upkeep
|turn|2
|
|t:|1757917913
|switch|p2a: Iron Treads|Iron Treads|100/100
|move|p1a: Goodra|Thunderbolt|p2a: Iron Treads
|-immune|p2a: Iron Treads
|
|upkeep
|turn|3
|
|t:|1757917921
|move|p2a: Iron Treads|High Horsepower|p1a: Goodra
|-supereffective|p1a: Goodra
|-damage|p1a: Goodra|29/100
|move|p1a: Goodra|Flamethrower|p2a: Iron Treads
|-supereffective|p2a: Iron Treads
|-damage|p2a: Iron Treads|17/100
|
|-heal|p2a: Iron Treads|23/100|[from] item: Leftovers
|upkeep
|turn|4
|
|t:|1757917933
|switch|p1a: Banette|Banette, F|100/100
|-activate|p1a: Banette|move: Sticky Web
|-unboost|p1a: Banette|spe|1
|move|p2a: Iron Treads|High Horsepower|p1a: Banette
|-damage|p1a: Banette|44/100
|
|-heal|p2a: Iron Treads|29/100|[from] item: Leftovers
|upkeep
|turn|5
|
|t:|1757917950
|move|p1a: Banette|Sucker Punch|p2a: Iron Treads
|-damage|p2a: Iron Treads|6/100
|-damage|p1a: Banette|34/100|[from] item: Life Orb
|move|p2a: Iron Treads|High Horsepower|p1a: Banette
|-damage|p1a: Banette|0 fnt
|faint|p1a: Banette
|
|-heal|p2a: Iron Treads|12/100|[from] item: Leftovers
|upkeep
|
|t:|1757917959
|switch|p1a: Primarina|Primarina, F|100/100
|-activate|p1a: Primarina|move: Sticky Web
|-unboost|p1a: Primarina|spe|1
|turn|6
|
|t:|1757917968
|-end|p2a: Iron Treads|Quark Drive|[silent]
|switch|p2a: Rillaboom|Rillaboom, F|100/100
|move|p1a: Primarina|Flip Turn|p2a: Rillaboom
|-resisted|p2a: Rillaboom
|-damage|p2a: Rillaboom|93/100
|
|t:|1757917976
|switch|p1a: Goodra|Goodra-Hisui, F|29/100|[from] Flip Turn
|-activate|p1a: Goodra|move: Sticky Web
|-unboost|p1a: Goodra|spe|1
|
|upkeep
|turn|7
|
|t:|1757917981
|move|p2a: Rillaboom|Knock Off|p1a: Goodra
|-damage|p1a: Goodra|0 fnt
|-enditem|p1a: Goodra|Assault Vest|[from] move: Knock Off|[of] p2a: Rillaboom
|faint|p1a: Goodra
|
|upkeep
|
|t:|1757917987
|switch|p1a: Meowscarada|Meowscarada, F, shiny|100/100
|-activate|p1a: Meowscarada|move: Sticky Web
|-unboost|p1a: Meowscarada|spe|1
|turn|8
|
|t:|1757917997
|switch|p2a: Iron Moth|Iron Moth|100/100
|-enditem|p2a: Iron Moth|Booster Energy
|-activate|p2a: Iron Moth|ability: Quark Drive|[fromitem]
|-start|p2a: Iron Moth|quarkdrivespe
|move|p1a: Meowscarada|U-turn|p2a: Iron Moth
|-start|p1a: Meowscarada|typechange|Bug|[from] ability: Protean
|-resisted|p2a: Iron Moth
|-damage|p2a: Iron Moth|86/100
|
|t:|1757918009
|switch|p1a: Primarina|Primarina, F|100/100|[from] U-turn
|-activate|p1a: Primarina|move: Sticky Web
|-unboost|p1a: Primarina|spe|1
|
|upkeep
|turn|9
|
|t:|1757918015
|move|p2a: Iron Moth|Sludge Wave|p1a: Primarina
|-supereffective|p1a: Primarina
|-damage|p1a: Primarina|22/100
|move|p1a: Primarina|Psychic Noise|p2a: Iron Moth
|-supereffective|p2a: Iron Moth
|-damage|p2a: Iron Moth|0 fnt
|faint|p2a: Iron Moth
|-end|p2a: Iron Moth|Quark Drive|[silent]
|
|upkeep
|
|t:|1757918031
|switch|p2a: Raging Bolt|Raging Bolt|100/100
|-enditem|p2a: Raging Bolt|Booster Energy
|-activate|p2a: Raging Bolt|ability: Protosynthesis|[fromitem]
|-start|p2a: Raging Bolt|protosynthesisspa
|turn|10
|
|t:|1757918040
|switch|p1a: Sylveon|Sylveon, F|100/100
|-activate|p1a: Sylveon|move: Sticky Web
|-unboost|p1a: Sylveon|spe|1
|move|p2a: Raging Bolt|Discharge|p1a: Sylveon
|-damage|p1a: Sylveon|59/100
|-status|p1a: Sylveon|par
|
|-heal|p1a: Sylveon|65/100 par|[from] item: Leftovers
|upkeep
|turn|11
|
|t:|1757918050
|-terastallize|p2a: Raging Bolt|Fairy
|move|p2a: Raging Bolt|Calm Mind|p2a: Raging Bolt
|-boost|p2a: Raging Bolt|spa|1
|-boost|p2a: Raging Bolt|spd|1
|move|p1a: Sylveon|Hyper Voice|p2a: Raging Bolt
|-damage|p2a: Raging Bolt|75/100
|
|-heal|p1a: Sylveon|72/100 par|[from] item: Leftovers
|upkeep
|turn|12
|
|t:|1757918059
|move|p2a: Raging Bolt|Discharge|p1a: Sylveon
|-damage|p1a: Sylveon|4/100 par
|move|p1a: Sylveon|Calm Mind|p1a: Sylveon
|-boost|p1a: Sylveon|spa|1
|-boost|p1a: Sylveon|spd|1
|
|-heal|p1a: Sylveon|10/100 par|[from] item: Leftovers
|upkeep
|turn|13
|
|t:|1757918067
|move|p2a: Raging Bolt|Discharge|p1a: Sylveon
|-damage|p1a: Sylveon|0 fnt
|faint|p1a: Sylveon
|
|upkeep
|
|t:|1757918075
|switch|p1a: Meowscarada|Meowscarada, F, shiny|100/100
|-activate|p1a: Meowscarada|move: Sticky Web
|-unboost|p1a: Meowscarada|spe|1
|turn|14
|
|t:|1757918092
|move|p1a: Meowscarada|Flower Trick|p2a: Raging Bolt
|-start|p1a: Meowscarada|typechange|Grass|[from] ability: Protean
|-crit|p2a: Raging Bolt
|-damage|p2a: Raging Bolt|29/100
|move|p2a: Raging Bolt|Dragon Pulse|p1a: Meowscarada
|-damage|p1a: Meowscarada|0 fnt
|faint|p1a: Meowscarada
|
|upkeep
|
|t:|1757918102
|switch|p1a: Mimikyu|Mimikyu, F, shiny|100/100
|-activate|p1a: Mimikyu|move: Sticky Web
|-unboost|p1a: Mimikyu|spe|1
|turn|15
|
|t:|1757918107
|move|p2a: Raging Bolt|Discharge|p1a: Mimikyu
|-activate|p1a: Mimikyu|ability: Disguise
|-damage|p1a: Mimikyu|100/100
|-status|p1a: Mimikyu|par
|detailschange|p1a: Mimikyu|Mimikyu-Busted, F, shiny
|-damage|p1a: Mimikyu|88/100 par|[from] pokemon: Mimikyu-Busted
|move|p1a: Mimikyu|Play Rough|p2a: Raging Bolt
|-damage|p2a: Raging Bolt|0 fnt
|faint|p2a: Raging Bolt
|-end|p2a: Raging Bolt|Protosynthesis|[silent]
|-damage|p1a: Mimikyu|78/100 par|[from] item: Life Orb
|
|upkeep
|
|t:|1757918118
|switch|p2a: Rillaboom|Rillaboom, F|93/100
|turn|16
|
|t:|1757918124
|move|p2a: Rillaboom|Wood Hammer|p1a: Mimikyu
|-damage|p1a: Mimikyu|0 fnt
|faint|p1a: Mimikyu
|-damage|p2a: Rillaboom|74/100|[from] Recoil
|
|upkeep
|
|t:|1757918129
|switch|p1a: Primarina|Primarina, F|22/100
|-activate|p1a: Primarina|move: Sticky Web
|-unboost|p1a: Primarina|spe|1
|turn|17
|
|t:|1757918134
|move|p2a: Rillaboom|Wood Hammer|p1a: Primarina
|-supereffective|p1a: Primarina
|-damage|p1a: Primarina|0 fnt
|faint|p1a: Primarina
|-damage|p2a: Rillaboom|66/100|[from] Recoil
|
|win|Reb_Am
|raw|mimiquilover's rating: 1075 &rarr; <strong>1057</strong><br />(-18 for losing)
|raw|Reb_Am's rating: 1135 &rarr; <strong>1156</strong><br />(+21 for winning)
|l|☆Reb_Am
|player|p2|
|l|☆mimiquilover
|player|p1|
