|j|☆go7777777
|j|☆lilaqueenofthe7k
|t:|1757939528
|gametype|singles
|player|p1|go7777777|red|1499
|player|p2|lilaqueenofthe7k|elesa|1465
|gen|9
|tier|[Gen 9] OU
|rated|
|rule|HP Percentage Mod: HP is shown in percentages
|rule|Endless Battle Clause: Forcing endless battles is banned
|rule|Species Clause: Limit one of each Pokémon
|rule|OHKO Clause: OHKO moves are banned
|rule|Evasion Items Clause: Evasion items are banned
|rule|Evasion Moves Clause: Evasion moves are banned
|rule|Evasion Abilities Clause: Evasion abilities are banned
|rule|Sleep Moves Clause: Sleep-inducing moves are banned
|clearpoke
|poke|p1|Braviary-Hisui, M|
|poke|p1|Pelipper, F|
|poke|p1|Porygon2|
|poke|p1|Hatterene, F|
|poke|p1|Basculegion, M|
|poke|p1|Floatzel, M|
|poke|p2|Torkoal, M|
|poke|p2|Walking Wake|
|poke|p2|Cinderace, M|
|poke|p2|Great Tusk|
|poke|p2|Hatterene, F|
|poke|p2|Rillaboom, M|
|teampreview
|inactive|Battle timer is ON: inactive players will automatically lose when time's up. (requested by go7777777)
|
|t:|1757939538
|teamsize|p1|6
|teamsize|p2|6
|start
|switch|p1a: Porygon2|Porygon2|100/100
|switch|p2a: Torkoal|Torkoal, M|100/100
|-ability|p1a: Porygon2|Download|boost
|-boost|p1a: Porygon2|spa|1
|-weather|SunnyDay|[from] ability: Drought|[of] p2a: Torkoal
|turn|1
|
|t:|1757939550
|switch|p2a: Hatterene|Hatterene, F|100/100
|move|p1a: Porygon2|Tri Attack|p2a: Hatterene
|-damage|p2a: Hatterene|54/100
|-enditem|p2a: Hatterene|Eject Button
|
|t:|1757939556
|switch|p2a: Great Tusk|Great Tusk|100/100
|-activate|p2a: Great Tusk|ability: Protosynthesis
|-start|p2a: Great Tusk|protosynthesisatk
|
|-weather|SunnyDay|[upkeep]
|upkeep
|turn|2
|
|t:|1757939560
|move|p2a: Great Tusk|Close Combat|p1a: Porygon2
|-supereffective|p1a: Porygon2
|-damage|p1a: Porygon2|10/100
|-unboost|p2a: Great Tusk|def|1
|-unboost|p2a: Great Tusk|spd|1
|move|p1a: Porygon2|Trick Room|p1a: Porygon2
|-fieldstart|move: Trick Room|[of] p1a: Porygon2
|
|-weather|SunnyDay|[upkeep]
|upkeep
|turn|3
|
|t:|1757939576
|move|p1a: Porygon2|Tri Attack|p2a: Great Tusk
|-damage|p2a: Great Tusk|4/100
|move|p2a: Great Tusk|Knock Off|p1a: Porygon2
|-damage|p1a: Porygon2|0 fnt
|-enditem|p1a: Porygon2|Eviolite|[from] move: Knock Off|[of] p2a: Great Tusk
|faint|p1a: Porygon2
|
|-weather|SunnyDay|[upkeep]
|upkeep
|
|t:|1757939579
|switch|p1a: Pelipper|Pelipper, F|100/100
|-weather|RainDance|[from] ability: Drizzle|[of] p1a: Pelipper
|-end|p2a: Great Tusk|Protosynthesis
|turn|4
|
|t:|1757939584
|-end|p2a: Great Tusk|Protosynthesis|[silent]
|switch|p2a: Torkoal|Torkoal, M|100/100
|-weather|SunnyDay|[from] ability: Drought|[of] p2a: Torkoal
|move|p1a: Pelipper|U-turn|p2a: Torkoal
|-resisted|p2a: Torkoal
|-damage|p2a: Torkoal|98/100
|
|t:|1757939587
|switch|p1a: Braviary|Braviary-Hisui, M|100/100|[from] U-turn
|
|-weather|SunnyDay|[upkeep]
|upkeep
|turn|5
|
|t:|1757939601
|switch|p2a: Great Tusk|Great Tusk|4/100
|-activate|p2a: Great Tusk|ability: Protosynthesis
|-start|p2a: Great Tusk|protosynthesisatk
|move|p1a: Braviary|Psychic Noise|p2a: Great Tusk
|-supereffective|p2a: Great Tusk
|-damage|p2a: Great Tusk|0 fnt
|faint|p2a: Great Tusk
|-end|p2a: Great Tusk|Protosynthesis|[silent]
|
|-weather|SunnyDay|[upkeep]
|upkeep
|
|t:|1757939615
|switch|p2a: Walking Wake|Walking Wake|100/100
|-activate|p2a: Walking Wake|ability: Protosynthesis
|-start|p2a: Walking Wake|protosynthesisspe
|turn|6
|
|t:|1757939619
|move|p1a: Braviary|Psychic Noise|p2a: Walking Wake
|-damage|p2a: Walking Wake|30/100
|-start|p2a: Walking Wake|move: Heal Block
|move|p2a: Walking Wake|Hydro Steam|p1a: Braviary
|-damage|p1a: Braviary|8/100
|
|-weather|SunnyDay|[upkeep]
|-fieldend|move: Trick Room
|upkeep
|turn|7
|
|t:|1757939634
|move|p2a: Walking Wake|Hydro Steam|p1a: Braviary
|-damage|p1a: Braviary|0 fnt
|faint|p1a: Braviary
|
|-weather|SunnyDay|[upkeep]
|-end|p2a: Walking Wake|move: Heal Block
|upkeep
|
|t:|1757939636
|switch|p1a: Hatterene|Hatterene, F|100/100
|turn|8
|
|t:|1757939641
|move|p2a: Walking Wake|Hydro Steam|p1a: Hatterene
|-damage|p1a: Hatterene|13/100
|move|p1a: Hatterene|Trick Room|p1a: Hatterene
|-fieldstart|move: Trick Room|[of] p1a: Hatterene
|
|-weather|SunnyDay|[upkeep]
|upkeep
|turn|9
|
|t:|1757939658
|move|p1a: Hatterene|Psychic Noise|p2a: Walking Wake
|-damage|p2a: Walking Wake|0 fnt
|faint|p2a: Walking Wake
|-end|p2a: Walking Wake|Protosynthesis|[silent]
|
|-weather|SunnyDay|[upkeep]
|upkeep
|
|t:|1757939662
|switch|p2a: Rillaboom|Rillaboom, M|100/100
|-fieldstart|move: Grassy Terrain|[from] ability: Grassy Surge|[of] p2a: Rillaboom
|turn|10
|
|t:|1757939668
|move|p2a: Rillaboom|Grassy Glide|p1a: Hatterene
|-damage|p1a: Hatterene|0 fnt
|faint|p1a: Hatterene
|
|-weather|SunnyDay|[upkeep]
|upkeep
|
|t:|1757939670
|switch|p1a: Pelipper|Pelipper, F|100/100
|-weather|RainDance|[from] ability: Drizzle|[of] p1a: Pelipper
|turn|11
|
|t:|1757939696
|switch|p2a: Torkoal|Torkoal, M|98/100
|-weather|SunnyDay|[from] ability: Drought|[of] p2a: Torkoal
|move|p1a: Pelipper|Knock Off|p2a: Torkoal
|-damage|p2a: Torkoal|89/100
|-enditem|p2a: Torkoal|Heat Rock|[from] move: Knock Off|[of] p1a: Pelipper
|
|-weather|SunnyDay|[upkeep]
|-heal|p2a: Torkoal|96/100|[from] Grassy Terrain
|upkeep
|turn|12
|
|t:|1757939703
|move|p2a: Torkoal|Stealth Rock|p1a: Pelipper
|-sidestart|p1: go7777777|move: Stealth Rock
|move|p1a: Pelipper|U-turn|p2a: Torkoal
|-resisted|p2a: Torkoal
|-damage|p2a: Torkoal|93/100
|
|t:|1757939707
|switch|p1a: Floatzel|Floatzel, M|100/100|[from] U-turn
|-damage|p1a: Floatzel|88/100|[from] Stealth Rock
|
|-weather|SunnyDay|[upkeep]
|-heal|p2a: Torkoal|99/100|[from] Grassy Terrain
|-heal|p1a: Floatzel|94/100|[from] Grassy Terrain
|-fieldend|move: Trick Room
|upkeep
|turn|13
|
|t:|1757939720
|switch|p2a: Rillaboom|Rillaboom, M|100/100
|-terastallize|p1a: Floatzel|Water
|move|p1a: Floatzel|Wave Crash|p2a: Rillaboom
|-resisted|p2a: Rillaboom
|-damage|p2a: Rillaboom|69/100
|-damage|p1a: Floatzel|84/100|[from] Recoil
|
|-weather|SunnyDay|[upkeep]
|-heal|p1a: Floatzel|90/100|[from] Grassy Terrain
|-heal|p2a: Rillaboom|75/100|[from] Grassy Terrain
|upkeep
|turn|14
|
|t:|1757939728
|switch|p1a: Pelipper|Pelipper, F|100/100
|-damage|p1a: Pelipper|76/100|[from] Stealth Rock
|-weather|RainDance|[from] ability: Drizzle|[of] p1a: Pelipper
|move|p2a: Rillaboom|Grassy Glide|p1a: Pelipper
|-damage|p1a: Pelipper|26/100
|
|-weather|RainDance|[upkeep]
|-heal|p2a: Rillaboom|81/100|[from] Grassy Terrain
|-fieldend|move: Grassy Terrain
|upkeep
|turn|15
|
|t:|1757939736
|switch|p1a: Basculegion|Basculegion, M|100/100
|-damage|p1a: Basculegion|88/100|[from] Stealth Rock
|move|p2a: Rillaboom|Grassy Glide|p1a: Basculegion
|-supereffective|p1a: Basculegion
|-damage|p1a: Basculegion|0 fnt
|faint|p1a: Basculegion
|
|-weather|RainDance|[upkeep]
|upkeep
|
|t:|1757939737
|switch|p1a: Floatzel|Floatzel, M, tera:Water|90/100
|-damage|p1a: Floatzel|77/100|[from] Stealth Rock
|turn|16
|
|t:|1757939739
|move|p1a: Floatzel|Ice Spinner|p2a: Rillaboom
|-supereffective|p2a: Rillaboom
|-damage|p2a: Rillaboom|0 fnt
|faint|p2a: Rillaboom
|
|-weather|RainDance|[upkeep]
|upkeep
|
|t:|1757939757
|switch|p2a: Torkoal|Torkoal, M|99/100
|-weather|SunnyDay|[from] ability: Drought|[of] p2a: Torkoal
|turn|17
|
|t:|1757939767
|switch|p1a: Pelipper|Pelipper, F|26/100
|-damage|p1a: Pelipper|1/100|[from] Stealth Rock
|-weather|RainDance|[from] ability: Drizzle|[of] p1a: Pelipper
|-terastallize|p2a: Torkoal|Flying
|move|p2a: Torkoal|Lava Plume|p1a: Pelipper
|-resisted|p1a: Pelipper
|-damage|p1a: Pelipper|0 fnt
|faint|p1a: Pelipper
|
|-weather|RainDance|[upkeep]
|upkeep
|
|t:|1757939770
|switch|p1a: Floatzel|Floatzel, M, tera:Water|77/100
|-damage|p1a: Floatzel|65/100|[from] Stealth Rock
|turn|18
|
|t:|1757939776
|switch|p2a: Hatterene|Hatterene, F|54/100
|move|p1a: Floatzel|Wave Crash|p2a: Hatterene
|-damage|p2a: Hatterene|0 fnt
|faint|p2a: Hatterene
|-damage|p1a: Floatzel|48/100|[from] Recoil
|
|-weather|RainDance|[upkeep]
|upkeep
|
|t:|1757939778
|switch|p2a: Torkoal|Torkoal, M, tera:Flying|99/100
|-weather|SunnyDay|[from] ability: Drought|[of] p2a: Torkoal
|turn|19
|
|t:|1757939781
|move|p1a: Floatzel|Wave Crash|p2a: Torkoal
|-damage|p2a: Torkoal|65/100
|-damage|p1a: Floatzel|36/100|[from] Recoil
|move|p2a: Torkoal|Lava Plume|p1a: Floatzel
|-resisted|p1a: Floatzel
|-damage|p1a: Floatzel|1/100
|
|-weather|SunnyDay|[upkeep]
|upkeep
|turn|20
|
|t:|1757939785
|move|p1a: Floatzel|Wave Crash|p2a: Torkoal
|-damage|p2a: Torkoal|31/100
|-damage|p1a: Floatzel|0 fnt|[from] Recoil
|faint|p1a: Floatzel
|
|win|lilaqueenofthe7k
|raw|go7777777's rating: 1499 &rarr; <strong>1477</strong><br />(-22 for losing)
|raw|lilaqueenofthe7k's rating: 1465 &rarr; <strong>1487</strong><br />(+22 for winning)
|l|☆lilaqueenofthe7k
|player|p2|
|l|☆go7777777
|player|p1|
