|j|☆linkinthesink
|j|☆UncleSlugma
|t:|1757900236
|gametype|singles
|player|p1|linkinthesink|2|1355
|player|p2|UncleSlugma|gentleman-gen4|1344
|gen|9
|tier|[Gen 9] OU
|rated|
|rule|HP Percentage Mod: HP is shown in percentages
|rule|Endless Battle Clause: Forcing endless battles is banned
|rule|Species Clause: Limit one of each Pokémon
|rule|OHKO Clause: OHKO moves are banned
|rule|Evasion Items Clause: Evasion items are banned
|rule|Evasion Moves Clause: Evasion moves are banned
|rule|Evasion Abilities Clause: Evasion abilities are banned
|rule|Sleep Moves Clause: Sleep-inducing moves are banned
|clearpoke
|poke|p1|Kingambit, F|
|poke|p1|Cinderace, F|
|poke|p1|Landorus-Therian, M|
|poke|p1|Iron Valiant|
|poke|p1|Kyurem|
|poke|p1|Slowking-Galar, F|
|poke|p2|Toucannon, F|
|poke|p2|Dragonite, F|
|poke|p2|Zamazenta-*|
|poke|p2|Iron Treads|
|poke|p2|Zapdos|
|poke|p2|Primarina, F|
|teampreview
|
|t:|1757900242
|teamsize|p1|6
|teamsize|p2|6
|start
|switch|p1a: Kyurem|Kyurem, shiny|100/100
|switch|p2a: Toucannon|Toucannon, F, shiny|100/100
|-ability|p1a: Kyurem|Pressure
|turn|1
|
|t:|1757900252
|move|p1a: Kyurem|Freeze-Dry|p2a: Toucannon
|-supereffective|p2a: Toucannon
|-damage|p2a: Toucannon|19/100
|move|p2a: Toucannon|Rock Blast|p1a: Kyurem
|-supereffective|p1a: Kyurem
|-damage|p1a: Kyurem|84/100
|-supereffective|p1a: Kyurem
|-damage|p1a: Kyurem|65/100
|-supereffective|p1a: Kyurem
|-damage|p1a: Kyurem|48/100
|-supereffective|p1a: Kyurem
|-damage|p1a: Kyurem|31/100
|-supereffective|p1a: Kyurem
|-damage|p1a: Kyurem|13/100
|-hitcount|p1a: Kyurem|5
|
|upkeep
|turn|2
|
|t:|1757900270
|-singleturn|p2a: Toucannon|move: Beak Blast
|move|p1a: Kyurem|Freeze-Dry|p2a: Toucannon
|-supereffective|p2a: Toucannon
|-damage|p2a: Toucannon|0 fnt
|faint|p2a: Toucannon
|
|upkeep
|
|t:|1757900283
|switch|p2a: Dragonite|Dragonite, F|100/100
|turn|3
|
|t:|1757900290
|switch|p1a: Landorus|Landorus-Therian, M|100/100
|-ability|p1a: Landorus|Intimidate|boost
|-unboost|p2a: Dragonite|atk|1
|move|p2a: Dragonite|Dragon Dance|p2a: Dragonite
|-boost|p2a: Dragonite|atk|1
|-boost|p2a: Dragonite|spe|1
|
|upkeep
|turn|4
|
|t:|1757900301
|move|p2a: Dragonite|Scale Shot|p1a: Landorus
|-damage|p1a: Landorus|89/100
|-damage|p1a: Landorus|78/100
|-damage|p1a: Landorus|69/100
|-damage|p1a: Landorus|59/100
|-hitcount|p1a: Landorus|4
|-unboost|p2a: Dragonite|def|1
|-boost|p2a: Dragonite|spe|1
|move|p1a: Landorus|U-turn|p2a: Dragonite
|-resisted|p2a: Dragonite
|-damage|p2a: Dragonite|92/100
|
|t:|1757900304
|switch|p1a: Iron Valiant|Iron Valiant|100/100|[from] U-turn
|-enditem|p1a: Iron Valiant|Booster Energy
|-activate|p1a: Iron Valiant|ability: Quark Drive|[fromitem]
|-start|p1a: Iron Valiant|quarkdrivespe
|
|upkeep
|turn|5
|
|t:|1757900322
|-terastallize|p2a: Dragonite|Fire
|move|p1a: Iron Valiant|Moonblast|p2a: Dragonite
|-resisted|p2a: Dragonite
|-damage|p2a: Dragonite|71/100
|move|p2a: Dragonite|Dragon Dance|p2a: Dragonite
|-boost|p2a: Dragonite|atk|1
|-boost|p2a: Dragonite|spe|1
|
|upkeep
|turn|6
|
|t:|1757900343
|-end|p1a: Iron Valiant|Quark Drive|[silent]
|switch|p1a: Landorus|Landorus-Therian, M|59/100
|-ability|p1a: Landorus|Intimidate|boost
|-unboost|p2a: Dragonite|atk|1
|move|p2a: Dragonite|Fire Punch|p1a: Landorus
|-damage|p1a: Landorus|27/100
|-damage|p2a: Dragonite|54/100|[from] item: Rocky Helmet|[of] p1a: Landorus
|
|upkeep
|turn|7
|
|t:|1757900358
|move|p2a: Dragonite|Scale Shot|p1a: Landorus|[miss]
|-miss|p2a: Dragonite|p1a: Landorus
|move|p1a: Landorus|U-turn|p2a: Dragonite
|-resisted|p2a: Dragonite
|-damage|p2a: Dragonite|39/100
|
|t:|1757900363
|switch|p1a: Kingambit|Kingambit, F|100/100|[from] U-turn
|
|upkeep
|turn|8
|
|t:|1757900369
|-end|p1a: Kingambit|fallenundefined|[silent]
|switch|p1a: Landorus|Landorus-Therian, M|27/100
|-ability|p1a: Landorus|Intimidate|boost
|-unboost|p2a: Dragonite|atk|1
|move|p2a: Dragonite|Extreme Speed|p1a: Landorus
|-damage|p1a: Landorus|11/100
|-damage|p2a: Dragonite|23/100|[from] item: Rocky Helmet|[of] p1a: Landorus
|
|upkeep
|turn|9
|
|t:|1757900378
|move|p2a: Dragonite|Extreme Speed|p1a: Landorus
|-damage|p1a: Landorus|0 fnt
|-damage|p2a: Dragonite|6/100|[from] item: Rocky Helmet|[of] p1a: Landorus
|faint|p1a: Landorus
|
|upkeep
|
|t:|1757900389
|switch|p1a: Iron Valiant|Iron Valiant|100/100
|turn|10
|
|t:|1757900396
|move|p2a: Dragonite|Fire Punch|p1a: Iron Valiant
|-damage|p1a: Iron Valiant|65/100
|move|p1a: Iron Valiant|Close Combat|p2a: Dragonite
|-damage|p2a: Dragonite|0 fnt
|-unboost|p1a: Iron Valiant|def|1
|-unboost|p1a: Iron Valiant|spd|1
|faint|p2a: Dragonite
|
|upkeep
|
|t:|1757900409
|switch|p2a: Zapdos|Zapdos|100/100
|turn|11
|
|t:|1757900414
|-end|p1a: Iron Valiant|Quark Drive|[silent]
|switch|p1a: Slowking|Slowking-Galar, F|100/100
|move|p2a: Zapdos|Thunderbolt|p1a: Slowking
|-damage|p1a: Slowking|59/100
|
|upkeep
|turn|12
|
|t:|1757900420
|move|p2a: Zapdos|Thunderbolt|p1a: Slowking
|-damage|p1a: Slowking|20/100
|-prepare|p1a: Slowking|Chilly Reception|[premajor]
|move|p1a: Slowking|Chilly Reception|p1a: Slowking
|-weather|Snowscape
|
|t:|1757900426
|switch|p1a: Kyurem|Kyurem, shiny|13/100|[from] Chilly Reception
|-ability|p1a: Kyurem|Pressure
|
|-weather|Snowscape|[upkeep]
|upkeep
|turn|13
|
|t:|1757900434
|move|p2a: Zapdos|Thunderbolt|p1a: Kyurem
|-resisted|p1a: Kyurem
|-damage|p1a: Kyurem|0 fnt
|faint|p1a: Kyurem
|
|-weather|Snowscape|[upkeep]
|upkeep
|
|t:|1757900443
|switch|p1a: Kingambit|Kingambit, F|100/100
|-activate|p1a: Kingambit|ability: Supreme Overlord
|-start|p1a: Kingambit|fallen2|[silent]
|turn|14
|
|t:|1757900448
|-end|p1a: Kingambit|fallen2|[silent]
|switch|p1a: Iron Valiant|Iron Valiant|65/100
|move|p2a: Zapdos|Thunderbolt|p1a: Iron Valiant
|-crit|p1a: Iron Valiant
|-damage|p1a: Iron Valiant|0 fnt
|faint|p1a: Iron Valiant
|-end|p1a: Iron Valiant|Quark Drive|[silent]
|
|-weather|Snowscape|[upkeep]
|upkeep
|-message|linkinthesink forfeited.
|
|win|UncleSlugma
|raw|linkinthesink's rating: 1355 &rarr; <strong>1334</strong><br />(-21 for losing)
|raw|UncleSlugma's rating: 1344 &rarr; <strong>1365</strong><br />(+21 for winning)
|l|☆linkinthesink
|player|p1|
|l|☆UncleSlugma
|player|p2|
