|j|☆Shulkou
|j|☆Green38
|t:|1757939579
|gametype|singles
|player|p1|Shulkou|volkner|1076
|player|p2|Green38|blue|1084
|gen|9
|tier|[Gen 9] OU
|rated|
|rule|HP Percentage Mod: HP is shown in percentages
|rule|Endless Battle Clause: Forcing endless battles is banned
|rule|Species Clause: Limit one of each Pokémon
|rule|OHKO Clause: OHKO moves are banned
|rule|Evasion Items Clause: Evasion items are banned
|rule|Evasion Moves Clause: Evasion moves are banned
|rule|Evasion Abilities Clause: Evasion abilities are banned
|rule|Sleep Moves Clause: Sleep-inducing moves are banned
|clearpoke
|poke|p1|Great Tusk|
|poke|p1|Corviknight, M|
|poke|p1|Ninetales-Alola, F|
|poke|p1|Toxtricity-Low-Key, F|
|poke|p1|Meowscarada, F|
|poke|p1|Arcanine-Hisui, M|
|poke|p2|Blastoise, F|
|poke|p2|Venusaur, M|
|poke|p2|Metagross|
|poke|p2|Dragonite, M|
|poke|p2|Tyranitar, F|
|poke|p2|Snorlax, M|
|teampreview
|inactive|Battle timer is ON: inactive players will automatically lose when time's up. (requested by Green38)
|
|t:|1757939595
|teamsize|p1|6
|teamsize|p2|6
|start
|switch|p1a: Makyo|Meowscarada, F|100/100
|switch|p2a: Metagross|Metagross, shiny|100/100
|turn|1
|
|t:|1757939604
|move|p1a: Makyo|U-turn|p2a: Metagross
|-start|p1a: Makyo|typechange|Bug|[from] ability: Protean
|-damage|p2a: Metagross|78/100
|-damage|p1a: Makyo|84/100|[from] item: Rocky Helmet|[of] p2a: Metagross
|
|t:|1757939616
|switch|p1a: Dark Bird|Corviknight, M, shiny|100/100|[from] U-turn
|move|p2a: Metagross|Stealth Rock|p1a: Dark Bird
|-sidestart|p1: Shulkou|move: Stealth Rock
|
|upkeep
|turn|2
|
|t:|1757939642
|switch|p2a: Blastoise|Blastoise, F, shiny|100/100
|move|p1a: Dark Bird|Defog|p2a: Blastoise
|-unboost|p2a: Blastoise|evasion|1
|-sideend|p1: Shulkou|Stealth Rock|[from] move: Defog|[of] p1a: Dark Bird
|
|upkeep
|turn|3
|
|t:|1757939650
|switch|p1a: Makyo|Meowscarada, F|84/100
|move|p2a: Blastoise|Surf|p1a: Makyo
|-resisted|p1a: Makyo
|-damage|p1a: Makyo|62/100
|
|upkeep
|turn|4
|
|t:|1757939664
|switch|p2a: Dragonite|Dragonite, M|100/100
|move|p1a: Makyo|Flower Trick|p2a: Dragonite
|-start|p1a: Makyo|typechange|Grass|[from] ability: Protean
|-resisted|p2a: Dragonite
|-crit|p2a: Dragonite
|-damage|p2a: Dragonite|93/100
|
|upkeep
|turn|5
|
|t:|1757939674
|move|p1a: Makyo|U-turn|p2a: Dragonite
|-resisted|p2a: Dragonite
|-damage|p2a: Dragonite|82/100
|
|t:|1757939680
|switch|p1a: Kyumei|Ninetales-Alola, F, shiny|100/100|[from] U-turn
|-weather|Snowscape|[from] ability: Snow Warning|[of] p1a: Kyumei
|move|p2a: Dragonite|Dragon Dance|p2a: Dragonite
|-boost|p2a: Dragonite|atk|1
|-boost|p2a: Dragonite|spe|1
|
|-weather|Snowscape|[upkeep]
|upkeep
|turn|6
|
|t:|1757939690
|move|p2a: Dragonite|Fire Punch|p1a: Kyumei
|-supereffective|p1a: Kyumei
|-damage|p1a: Kyumei|10/100
|move|p1a: Kyumei|Aurora Veil|p1a: Kyumei
|-sidestart|p1: Shulkou|move: Aurora Veil
|
|-weather|Snowscape|[upkeep]
|upkeep
|turn|7
|
|t:|1757939697
|switch|p1a: Shikiko|Arcanine-Hisui, M, shiny|100/100
|move|p2a: Dragonite|Extreme Speed|p1a: Shikiko
|-resisted|p1a: Shikiko
|-damage|p1a: Shikiko|87/100
|
|-weather|Snowscape|[upkeep]
|upkeep
|turn|8
|
|t:|1757939706
|move|p2a: Dragonite|Dragon Claw|p1a: Shikiko
|-damage|p1a: Shikiko|46/100
|move|p1a: Shikiko|Substitute|p1a: Shikiko
|-start|p1a: Shikiko|Substitute
|-damage|p1a: Shikiko|21/100
|
|-weather|Snowscape|[upkeep]
|upkeep
|turn|9
|
|t:|1757939717
|move|p2a: Dragonite|Extreme Speed|p1a: Shikiko
|-resisted|p1a: Shikiko
|-activate|p1a: Shikiko|move: Substitute|[damage]
|move|p1a: Shikiko|Head Smash|p2a: Dragonite
|-supereffective|p2a: Dragonite
|-damage|p2a: Dragonite|0 fnt
|faint|p2a: Dragonite
|
|-weather|none
|upkeep
|
|t:|1757939736
|switch|p2a: Blastoise|Blastoise, F, shiny|100/100
|turn|10
|
|t:|1757939741
|move|p1a: Shikiko|Head Smash|p2a: Blastoise|[miss]
|-miss|p1a: Shikiko|p2a: Blastoise
|move|p2a: Blastoise|Rapid Spin|p1a: Shikiko
|-resisted|p1a: Shikiko
|-activate|p1a: Shikiko|move: Substitute|[damage]
|-boost|p2a: Blastoise|spe|1
|
|upkeep
|turn|11
|
|t:|1757939750
|move|p1a: Shikiko|Head Smash|p2a: Blastoise
|-damage|p2a: Blastoise|46/100
|move|p2a: Blastoise|Rapid Spin|p1a: Shikiko
|-resisted|p1a: Shikiko
|-activate|p1a: Shikiko|move: Substitute|[damage]
|-boost|p2a: Blastoise|spe|1
|
|-heal|p2a: Blastoise|52/100|[from] item: Leftovers
|upkeep
|turn|12
|
|t:|1757939761
|move|p2a: Blastoise|Surf|p1a: Shikiko
|-supereffective|p1a: Shikiko
|-end|p1a: Shikiko|Substitute
|move|p1a: Shikiko|Wild Charge|p2a: Blastoise
|-supereffective|p2a: Blastoise
|-damage|p2a: Blastoise|4/100
|
|-heal|p2a: Blastoise|10/100|[from] item: Leftovers
|upkeep
|turn|13
|
|t:|1757939775
|switch|p1a: Dark Bird|Corviknight, M, shiny|100/100
|move|p2a: Blastoise|Surf|p1a: Dark Bird
|-damage|p1a: Dark Bird|80/100
|
|-heal|p2a: Blastoise|16/100|[from] item: Leftovers
|-sideend|p1: Shulkou|move: Aurora Veil
|upkeep
|turn|14
|
|t:|1757939786
|switch|p2a: Metagross|Metagross, shiny|78/100
|move|p1a: Dark Bird|Tailwind|p1a: Dark Bird
|-sidestart|p1: Shulkou|move: Tailwind
|
|upkeep
|turn|15
|
|t:|1757939793
|switch|p1a: Shikiko|Arcanine-Hisui, M, shiny|21/100
|move|p2a: Metagross|Stealth Rock|p1a: Shikiko
|-sidestart|p1: Shulkou|move: Stealth Rock
|
|upkeep
|turn|16
|
|t:|1757939801
|move|p1a: Shikiko|Flare Blitz|p2a: Metagross
|-supereffective|p2a: Metagross
|-damage|p2a: Metagross|1/100
|-damage|p1a: Shikiko|5/100|[from] item: Rocky Helmet|[of] p2a: Metagross
|move|p2a: Metagross|Earthquake|p1a: Shikiko
|-supereffective|p1a: Shikiko
|-damage|p1a: Shikiko|0 fnt
|faint|p1a: Shikiko
|
|upkeep
|
|t:|1757939819
|switch|p1a: Dark Bird|Corviknight, M, shiny|80/100
|-damage|p1a: Dark Bird|68/100|[from] Stealth Rock
|turn|17
|
|t:|1757939825
|move|p1a: Dark Bird|Iron Head|p2a: Metagross
|-resisted|p2a: Metagross
|-damage|p2a: Metagross|0 fnt
|-damage|p1a: Dark Bird|51/100|[from] item: Rocky Helmet|[of] p2a: Metagross
|faint|p2a: Metagross
|
|-sideend|p1: Shulkou|move: Tailwind
|upkeep
|
|t:|1757939843
|switch|p2a: Snorlax|Snorlax, M|100/100
|turn|18
|
|t:|1757939846
|move|p1a: Dark Bird|Defog|p2a: Snorlax
|-unboost|p2a: Snorlax|evasion|1
|-sideend|p1: Shulkou|Stealth Rock|[from] move: Defog|[of] p1a: Dark Bird
|move|p2a: Snorlax|Curse|p2a: Snorlax
|-unboost|p2a: Snorlax|spe|1
|-boost|p2a: Snorlax|atk|1
|-boost|p2a: Snorlax|def|1
|
|upkeep
|turn|19
|
|t:|1757939855
|move|p1a: Dark Bird|Roost|p1a: Dark Bird
|-heal|p1a: Dark Bird|100/100
|-singleturn|p1a: Dark Bird|move: Roost
|move|p2a: Snorlax|Curse|p2a: Snorlax
|-unboost|p2a: Snorlax|spe|1
|-boost|p2a: Snorlax|atk|1
|-boost|p2a: Snorlax|def|1
|
|upkeep
|turn|20
|
|t:|1757939864
|switch|p1a: Raisena|Toxtricity-Low-Key, F|100/100
|move|p2a: Snorlax|Curse|p2a: Snorlax
|-unboost|p2a: Snorlax|spe|1
|-boost|p2a: Snorlax|atk|1
|-boost|p2a: Snorlax|def|1
|
|upkeep
|turn|21
|
|t:|1757939883
|move|p1a: Raisena|Sludge Bomb|p2a: Snorlax
|-damage|p2a: Snorlax|77/100
|move|p2a: Snorlax|Body Slam|p1a: Raisena
|-damage|p1a: Raisena|1/100
|
|-heal|p2a: Snorlax|83/100|[from] item: Leftovers
|upkeep
|turn|22
|
|t:|1757939894
|move|p1a: Raisena|Psychic Noise|p2a: Snorlax
|-crit|p2a: Snorlax
|-damage|p2a: Snorlax|58/100
|-start|p2a: Snorlax|move: Heal Block
|-enditem|p1a: Raisena|Throat Spray
|-boost|p1a: Raisena|spa|1|[from] item: Throat Spray
|move|p2a: Snorlax|Heat Crash|p1a: Raisena
|-damage|p1a: Raisena|0 fnt
|faint|p1a: Raisena
|
|upkeep
|
|t:|1757939909
|switch|p1a: Kyumei|Ninetales-Alola, F, shiny|10/100
|-weather|Snowscape|[from] ability: Snow Warning|[of] p1a: Kyumei
|turn|23
|
|t:|1757939916
|move|p1a: Kyumei|Aurora Veil|p1a: Kyumei
|-sidestart|p1: Shulkou|move: Aurora Veil
|move|p2a: Snorlax|Heat Crash|p1a: Kyumei
|-supereffective|p1a: Kyumei
|-damage|p1a: Kyumei|0 fnt
|faint|p1a: Kyumei
|
|-weather|Snowscape|[upkeep]
|-end|p2a: Snorlax|move: Heal Block
|upkeep
|
|t:|1757939930
|switch|p1a: Spin Ike|Great Tusk|100/100
|-enditem|p1a: Spin Ike|Booster Energy
|-activate|p1a: Spin Ike|ability: Protosynthesis|[fromitem]
|-start|p1a: Spin Ike|protosynthesisatk
|turn|24
|
|t:|1757939940
|-terastallize|p1a: Spin Ike|Fighting
|move|p1a: Spin Ike|Close Combat|p2a: Snorlax
|-supereffective|p2a: Snorlax
|-damage|p2a: Snorlax|0 fnt
|-unboost|p1a: Spin Ike|def|1
|-unboost|p1a: Spin Ike|spd|1
|faint|p2a: Snorlax
|
|-weather|Snowscape|[upkeep]
|upkeep
|
|t:|1757939951
|switch|p2a: Tyranitar|Tyranitar, F|100/100
|-weather|Sandstorm|[from] ability: Sand Stream|[of] p2a: Tyranitar
|turn|25
|
|t:|1757939959
|move|p1a: Spin Ike|Close Combat|p2a: Tyranitar
|-supereffective|p2a: Tyranitar
|-damage|p2a: Tyranitar|0 fnt
|-unboost|p1a: Spin Ike|def|1
|-unboost|p1a: Spin Ike|spd|1
|faint|p2a: Tyranitar
|
|-weather|Sandstorm|[upkeep]
|-damage|p1a: Spin Ike|94/100|[from] Sandstorm
|upkeep
|
|t:|1757939969
|switch|p2a: Venusaur|Venusaur, M|100/100
|turn|26
|
|t:|1757939986
|move|p1a: Spin Ike|Ice Spinner|p2a: Venusaur
|-supereffective|p2a: Venusaur
|-damage|p2a: Venusaur|36/100
|move|p2a: Venusaur|Leech Seed|p1a: Spin Ike
|-start|p1a: Spin Ike|move: Leech Seed
|
|-weather|Sandstorm|[upkeep]
|-damage|p1a: Spin Ike|88/100|[from] Sandstorm
|-damage|p2a: Venusaur|30/100|[from] Sandstorm
|-heal|p2a: Venusaur|36/100|[from] item: Black Sludge
|-damage|p1a: Spin Ike|76/100|[from] Leech Seed|[of] p2a: Venusaur
|-heal|p2a: Venusaur|50/100|[silent]
|upkeep
|turn|27
|
|t:|1757939998
|move|p2a: Venusaur|Protect|p2a: Venusaur
|-singleturn|p2a: Venusaur|Protect
|move|p1a: Spin Ike|Ice Spinner|p2a: Venusaur
|-activate|p2a: Venusaur|move: Protect
|
|-weather|Sandstorm|[upkeep]
|-damage|p1a: Spin Ike|70/100|[from] Sandstorm
|-damage|p2a: Venusaur|43/100|[from] Sandstorm
|-heal|p2a: Venusaur|50/100|[from] item: Black Sludge
|-damage|p1a: Spin Ike|57/100|[from] Leech Seed|[of] p2a: Venusaur
|-heal|p2a: Venusaur|63/100|[silent]
|upkeep
|turn|28
|
|t:|1757940010
|move|p1a: Spin Ike|Ice Spinner|p2a: Venusaur
|-supereffective|p2a: Venusaur
|-damage|p2a: Venusaur|0 fnt
|faint|p2a: Venusaur
|
|-weather|Sandstorm|[upkeep]
|-damage|p1a: Spin Ike|51/100|[from] Sandstorm
|upkeep
|
|t:|1757940018
|switch|p2a: Blastoise|Blastoise, F, shiny|16/100
|turn|29
|-message|Green38 forfeited.
|
|win|Shulkou
|raw|Shulkou's rating: 1076 &rarr; <strong>1105</strong><br />(+29 for winning)
|raw|Green38's rating: 1084 &rarr; <strong>1061</strong><br />(-23 for losing)
|l|☆Green38
|player|p2|
|l|☆Shulkou
|player|p1|
