|j|☆karivaar
|j|☆edollas
|t:|1757933054
|gametype|singles
|player|p1|karivaar|102|1318
|player|p2|edollas|biker-gen4|1284
|gen|9
|tier|[Gen 9] OU
|rated|
|rule|HP Percentage Mod: HP is shown in percentages
|rule|Endless Battle Clause: Forcing endless battles is banned
|rule|Species Clause: Limit one of each Pokémon
|rule|OHKO Clause: OHKO moves are banned
|rule|Evasion Items Clause: Evasion items are banned
|rule|Evasion Moves Clause: Evasion moves are banned
|rule|Evasion Abilities Clause: Evasion abilities are banned
|rule|Sleep Moves Clause: Sleep-inducing moves are banned
|clearpoke
|poke|p1|Garchomp, F|
|poke|p1|Arcanine-Hisui, M|
|poke|p1|Araquanid, F|
|poke|p1|Gholdengo|
|poke|p1|Cryogonal|
|poke|p1|Zapdos|
|poke|p2|Hoopa-Unbound|
|poke|p2|Toxapex, M|
|poke|p2|Weezing-Galar, F|
|poke|p2|Ogerpon-Wellspring, F|
|poke|p2|Garchomp, F|
|poke|p2|Great Tusk|
|teampreview
|
|t:|1757933083
|teamsize|p1|6
|teamsize|p2|6
|start
|switch|p1a: Araquanid|Araquanid, F|100/100
|switch|p2a: Hoopa|Hoopa-Unbound|100/100
|turn|1
|
|t:|1757933093
|move|p2a: Hoopa|Substitute|p2a: Hoopa
|-start|p2a: Hoopa|Substitute
|-damage|p2a: Hoopa|76/100
|move|p1a: Araquanid|Bug Buzz|p2a: Hoopa
|-supereffective|p2a: Hoopa
|-damage|p2a: Hoopa|0 fnt
|faint|p2a: Hoopa
|
|upkeep
|
|t:|1757933106
|switch|p2a: Garchomp|Garchomp, F|100/100
|turn|2
|
|t:|1757933113
|move|p2a: Garchomp|Stone Edge|p1a: Araquanid
|-supereffective|p1a: Araquanid
|-damage|p1a: Araquanid|25/100
|move|p1a: Araquanid|Sticky Web|p2a: Garchomp
|-sidestart|p2: edollas|move: Sticky Web
|
|upkeep
|turn|3
|-enditem|p1a: Araquanid|Custap Berry|[eat]
|-activate|p1a: Araquanid|item: Custap Berry|[consumed]
|
|t:|1757933124
|move|p1a: Araquanid|Endeavor|p2a: Garchomp
|-damage|p2a: Garchomp|20/100
|-damage|p1a: Araquanid|13/100|[from] ability: Rough Skin|[of] p2a: Garchomp
|move|p2a: Garchomp|Scale Shot|p1a: Araquanid
|-damage|p1a: Araquanid|0 fnt
|faint|p1a: Araquanid
|-hitcount|p1: Araquanid|1
|-unboost|p2a: Garchomp|def|1
|-boost|p2a: Garchomp|spe|1
|
|upkeep
|
|t:|1757933145
|switch|p1a: Zapdos|Zapdos|100/100
|turn|4
|
|t:|1757933151
|move|p2a: Garchomp|Stone Edge|p1a: Zapdos
|-supereffective|p1a: Zapdos
|-damage|p1a: Zapdos|11/100
|move|p1a: Zapdos|Hurricane|p2a: Garchomp|[miss]
|-miss|p1a: Zapdos|p2a: Garchomp
|
|upkeep
|turn|5
|
|t:|1757933162
|move|p2a: Garchomp|Fire Blast|p1a: Zapdos
|-damage|p1a: Zapdos|0 fnt
|faint|p1a: Zapdos
|
|upkeep
|
|t:|1757933172
|switch|p1a: Gholdengo|Gholdengo|100/100
|-item|p1a: Gholdengo|Air Balloon
|turn|6
|
|t:|1757933176
|move|p2a: Garchomp|Fire Blast|p1a: Gholdengo
|-supereffective|p1a: Gholdengo
|-damage|p1a: Gholdengo|47/100
|-enditem|p1a: Gholdengo|Air Balloon
|move|p1a: Gholdengo|Shadow Ball|p2a: Garchomp
|-damage|p2a: Garchomp|0 fnt
|faint|p2a: Garchomp
|
|upkeep
|
|t:|1757933192
|switch|p2a: Toxapex|Toxapex, M|100/100
|-activate|p2a: Toxapex|move: Sticky Web
|-unboost|p2a: Toxapex|spe|1
|turn|7
|
|t:|1757933199
|move|p1a: Gholdengo|Nasty Plot|p1a: Gholdengo
|-boost|p1a: Gholdengo|spa|2
|move|p2a: Toxapex|Mud Shot|p1a: Gholdengo
|-supereffective|p1a: Gholdengo
|-damage|p1a: Gholdengo|20/100
|-unboost|p1a: Gholdengo|spe|1
|
|upkeep
|turn|8
|
|t:|1757933206
|move|p1a: Gholdengo|Psyshock|p2a: Toxapex
|-supereffective|p2a: Toxapex
|-damage|p2a: Toxapex|7/100
|move|p2a: Toxapex|Mud Shot|p1a: Gholdengo
|-supereffective|p1a: Gholdengo
|-damage|p1a: Gholdengo|0 fnt
|faint|p1a: Gholdengo
|
|upkeep
|
|t:|1757933223
|switch|p1a: Garchomp|Garchomp, F|100/100
|turn|9
|
|t:|1757933232
|move|p1a: Garchomp|Earthquake|p2a: Toxapex
|-supereffective|p2a: Toxapex
|-damage|p2a: Toxapex|0 fnt
|faint|p2a: Toxapex
|
|upkeep
|
|t:|1757933247
|switch|p2a: Great Tusk|Great Tusk|100/100
|-activate|p2a: Great Tusk|move: Sticky Web
|-unboost|p2a: Great Tusk|spe|1
|turn|10
|
|t:|1757933257
|move|p1a: Garchomp|Swords Dance|p1a: Garchomp
|-boost|p1a: Garchomp|atk|2
|move|p2a: Great Tusk|Rapid Spin|p1a: Garchomp
|-damage|p1a: Garchomp|82/100
|-boost|p2a: Great Tusk|spe|1
|-damage|p2a: Great Tusk|88/100|[from] ability: Rough Skin|[of] p1a: Garchomp
|-sideend|p2: edollas|Sticky Web|[from] move: Rapid Spin|[of] p2a: Great Tusk
|
|upkeep
|turn|11
|
|t:|1757933269
|move|p1a: Garchomp|Swords Dance|p1a: Garchomp
|-boost|p1a: Garchomp|atk|2
|move|p2a: Great Tusk|Close Combat|p1a: Garchomp
|-damage|p1a: Garchomp|7/100
|-unboost|p2a: Great Tusk|def|1
|-unboost|p2a: Great Tusk|spd|1
|-damage|p2a: Great Tusk|76/100|[from] ability: Rough Skin|[of] p1a: Garchomp
|
|upkeep
|turn|12
|
|t:|1757933279
|-end|p2a: Great Tusk|Protosynthesis|[silent]
|switch|p2a: Weezing|Weezing-Galar, F|100/100
|move|p1a: Garchomp|Scale Shot|p2a: Weezing
|-immune|p2a: Weezing
|
|upkeep
|turn|13
|
|t:|1757933289
|move|p1a: Garchomp|Iron Head|p2a: Weezing
|-supereffective|p2a: Weezing
|-damage|p2a: Weezing|0 fnt
|faint|p2a: Weezing
|
|upkeep
|
|t:|1757933294
|switch|p2a: Ogerpon|Ogerpon-Wellspring, F|100/100
|turn|14
|
|t:|1757933301
|move|p2a: Ogerpon|Ivy Cudgel|p1a: Garchomp|[anim] Ivy Cudgel Water
|-damage|p1a: Garchomp|0 fnt
|faint|p1a: Garchomp
|
|upkeep
|
|t:|1757933311
|switch|p1a: Arcanine|Arcanine-Hisui, M|100/100
|turn|15
|
|t:|1757933324
|-terastallize|p1a: Arcanine|Normal
|move|p2a: Ogerpon|Ivy Cudgel|p1a: Arcanine|[anim] Ivy Cudgel Water
|-damage|p1a: Arcanine|32/100
|move|p1a: Arcanine|Flare Blitz|p2a: Ogerpon
|-damage|p2a: Ogerpon|0 fnt
|faint|p2a: Ogerpon
|
|upkeep
|
|t:|1757933331
|switch|p2a: Great Tusk|Great Tusk|76/100
|turn|16
|
|t:|1757933337
|move|p1a: Arcanine|Flare Blitz|p2a: Great Tusk
|-damage|p2a: Great Tusk|20/100
|move|p2a: Great Tusk|Rapid Spin|p1a: Arcanine
|-damage|p1a: Arcanine|9/100
|-boost|p2a: Great Tusk|spe|1
|
|upkeep
|turn|17
|
|t:|1757933343
|move|p2a: Great Tusk|Rapid Spin|p1a: Arcanine
|-damage|p1a: Arcanine|0 fnt
|-boost|p2a: Great Tusk|spe|1
|faint|p1a: Arcanine
|
|upkeep
|
|t:|1757933345
|switch|p1a: Cryogonal|Cryogonal|100/100
|turn|18
|
|t:|1757933349
|move|p2a: Great Tusk|Close Combat|p1a: Cryogonal
|-supereffective|p1a: Cryogonal
|-damage|p1a: Cryogonal|0 fnt
|-unboost|p2a: Great Tusk|def|1
|-unboost|p2a: Great Tusk|spd|1
|faint|p1a: Cryogonal
|
|win|edollas
|raw|karivaar's rating: 1318 &rarr; <strong>1296</strong><br />(-22 for losing)
|raw|edollas's rating: 1284 &rarr; <strong>1311</strong><br />(+27 for winning)
|l|☆karivaar
|player|p1|
|l|☆edollas
|player|p2|
