|j|☆UncleSlugma
|j|☆ChessDennis
|t:|1757899898
|gametype|singles
|player|p1|UncleSlugma|gentleman-gen4|1326
|player|p2|ChessDennis|101|1291
|gen|9
|tier|[Gen 9] OU
|rated|
|rule|HP Percentage Mod: HP is shown in percentages
|rule|Endless Battle Clause: Forcing endless battles is banned
|rule|Species Clause: Limit one of each Pokémon
|rule|OHKO Clause: OHKO moves are banned
|rule|Evasion Items Clause: Evasion items are banned
|rule|Evasion Moves Clause: Evasion moves are banned
|rule|Evasion Abilities Clause: Evasion abilities are banned
|rule|Sleep Moves Clause: Sleep-inducing moves are banned
|clearpoke
|poke|p1|Toucannon, M|
|poke|p1|Dragonite, F|
|poke|p1|Zamazenta-*|
|poke|p1|Iron Treads|
|poke|p1|Zapdos|
|poke|p1|Primarina, M|
|poke|p2|Moltres|
|poke|p2|Slowking-Galar, M|
|poke|p2|Hatterene, F|
|poke|p2|Politoed, M|
|poke|p2|Thundurus, M|
|poke|p2|Samurott-Hisui, M|
|teampreview
|
|t:|1757899914
|teamsize|p1|6
|teamsize|p2|6
|start
|switch|p1a: Toucannon|Toucannon, M, shiny|100/100
|switch|p2a: Politoed|Politoed, M|100/100
|-weather|RainDance|[from] ability: Drizzle|[of] p2a: Politoed
|turn|1
|
|t:|1757899924
|move|p1a: Toucannon|Knock Off|p2a: Politoed
|-damage|p2a: Politoed|62/100
|-enditem|p2a: Politoed|Choice Specs|[from] move: Knock Off|[of] p1a: Toucannon
|move|p2a: Politoed|Weather Ball|p1a: Toucannon
|-damage|p1a: Toucannon|52/100
|
|-weather|RainDance|[upkeep]
|upkeep
|turn|2
|
|t:|1757899936
|move|p1a: Toucannon|Rock Blast|p2a: Politoed
|-damage|p2a: Politoed|51/100
|-damage|p2a: Politoed|41/100
|-damage|p2a: Politoed|29/100
|-damage|p2a: Politoed|19/100
|-damage|p2a: Politoed|9/100
|-hitcount|p2a: Politoed|5
|move|p2a: Politoed|Chilling Water|p1a: Toucannon
|-damage|p1a: Toucannon|28/100
|-unboost|p1a: Toucannon|atk|1
|
|-weather|RainDance|[upkeep]
|upkeep
|turn|3
|
|t:|1757899951
|switch|p2a: Hatterene|Hatterene, F|100/100
|move|p1a: Toucannon|Rock Blast|p2a: Hatterene
|-damage|p2a: Hatterene|93/100
|-damage|p2a: Hatterene|85/100
|-damage|p2a: Hatterene|77/100
|-damage|p2a: Hatterene|70/100
|-crit|p2a: Hatterene
|-damage|p2a: Hatterene|53/100
|-hitcount|p2a: Hatterene|5
|
|-weather|RainDance|[upkeep]
|upkeep
|turn|4
|
|t:|1757899963
|move|p1a: Toucannon|Knock Off|p2a: Hatterene
|-damage|p2a: Hatterene|27/100
|-enditem|p2a: Hatterene|Sitrus Berry|[from] move: Knock Off|[of] p1a: Toucannon
|move|p2a: Hatterene|Trick Room|p2a: Hatterene
|-fieldstart|move: Trick Room|[of] p2a: Hatterene
|
|-weather|RainDance|[upkeep]
|upkeep
|turn|5
|
|t:|1757899991
|move|p2a: Hatterene|Healing Wish|p2a: Hatterene
|faint|p2a: Hatterene
|move|p1a: Toucannon|Rock Blast|p2: Hatterene|[notarget]
|-fail|p1a: Toucannon
|
|-weather|none
|upkeep
|
|t:|1757899995
|switch|p2a: Slowking|Slowking-Galar, M|100/100
|turn|6
|
|t:|1757900005
|move|p2a: Slowking|Sludge Bomb|p1a: Toucannon
|-damage|p1a: Toucannon|0 fnt
|faint|p1a: Toucannon
|
|upkeep
|
|t:|1757900017
|switch|p1a: Iron Treads|Iron Treads|100/100
|-item|p1a: Iron Treads|Air Balloon
|turn|7
|
|t:|1757900023
|switch|p2a: Politoed|Politoed, M|9/100
|-heal|p2a: Politoed|100/100|[from] move: Healing Wish
|-weather|RainDance|[from] ability: Drizzle|[of] p2a: Politoed
|move|p1a: Iron Treads|Knock Off|p2a: Politoed
|-damage|p2a: Politoed|78/100
|
|-weather|RainDance|[upkeep]
|upkeep
|turn|8
|
|t:|1757900045
|-end|p1a: Iron Treads|Quark Drive|[silent]
|switch|p1a: Primarina|Primarina, M|100/100
|move|p2a: Politoed|Weather Ball|p1a: Primarina
|-resisted|p1a: Primarina
|-damage|p1a: Primarina|83/100
|
|-weather|RainDance|[upkeep]
|-fieldend|move: Trick Room
|upkeep
|turn|9
|
|t:|1757900060
|switch|p2a: Slowking|Slowking-Galar, M|100/100
|move|p1a: Primarina|Psychic Noise|p2a: Slowking
|-damage|p2a: Slowking|53/100
|-start|p2a: Slowking|move: Heal Block
|
|-weather|RainDance|[upkeep]
|upkeep
|turn|10
|
|t:|1757900070
|move|p1a: Primarina|Shadow Ball|p2a: Slowking
|-supereffective|p2a: Slowking
|-damage|p2a: Slowking|8/100
|move|p2a: Slowking|Sludge Bomb|p1a: Primarina
|-supereffective|p1a: Primarina
|-damage|p1a: Primarina|33/100
|
|-weather|RainDance|[upkeep]
|-end|p2a: Slowking|move: Heal Block
|upkeep
|turn|11
|
|t:|1757900084
|switch|p2a: Moltres|Moltres|100/100
|move|p1a: Primarina|Psychic Noise|p2a: Moltres
|-supereffective|p2a: Moltres
|-damage|p2a: Moltres|0 fnt
|faint|p2a: Moltres
|
|-weather|none
|upkeep
|
|t:|1757900097
|switch|p2a: Thundurus|Thundurus, M|100/100
|turn|12
|
|t:|1757900104
|switch|p1a: Iron Treads|Iron Treads|100/100
|-item|p1a: Iron Treads|Air Balloon
|move|p2a: Thundurus|Rain Dance|p2a: Thundurus
|-weather|RainDance
|
|-weather|RainDance|[upkeep]
|upkeep
|turn|13
|
|t:|1757900117
|move|p2a: Thundurus|Weather Ball|p1a: Iron Treads
|-supereffective|p1a: Iron Treads
|-crit|p1a: Iron Treads
|-damage|p1a: Iron Treads|0 fnt
|-enditem|p1a: Iron Treads|Air Balloon
|faint|p1a: Iron Treads
|-end|p1a: Iron Treads|Quark Drive|[silent]
|
|-weather|RainDance|[upkeep]
|upkeep
|
|t:|1757900128
|switch|p1a: Zapdos|Zapdos|100/100
|turn|14
|
|t:|1757900133
|move|p2a: Thundurus|Volt Switch|p1a: Zapdos
|-damage|p1a: Zapdos|58/100
|
|t:|1757900138
|switch|p2a: Slowking|Slowking-Galar, M|41/100|[from] Volt Switch
|move|p1a: Zapdos|Volt Switch|p2a: Slowking
|-damage|p2a: Slowking|0 fnt
|faint|p2a: Slowking
|
|t:|1757900146
|switch|p1a: Dragonite|Dragonite, F|100/100|[from] Volt Switch
|
|-weather|RainDance|[upkeep]
|upkeep
|
|t:|1757900148
|switch|p2a: Samurott|Samurott-Hisui, M|100/100
|turn|15
|
|t:|1757900156
|move|p1a: Dragonite|Dragon Dance|p1a: Dragonite
|-boost|p1a: Dragonite|atk|1
|-boost|p1a: Dragonite|spe|1
|move|p2a: Samurott|Ceaseless Edge|p1a: Dragonite
|-damage|p1a: Dragonite|75/100
|-sidestart|p1: UncleSlugma|Spikes
|
|-weather|RainDance|[upkeep]
|upkeep
|turn|16
|
|t:|1757900169
|move|p1a: Dragonite|Scale Shot|p2a: Samurott
|-damage|p2a: Samurott|75/100
|-damage|p2a: Samurott|50/100
|-damage|p2a: Samurott|25/100
|-damage|p2a: Samurott|1/100
|-hitcount|p2a: Samurott|4
|-unboost|p1a: Dragonite|def|1
|-boost|p1a: Dragonite|spe|1
|move|p2a: Samurott|Ceaseless Edge|p1a: Dragonite|[miss]
|-miss|p2a: Samurott|p1a: Dragonite
|
|-weather|none
|upkeep
|turn|17
|
|t:|1757900183
|move|p1a: Dragonite|Extreme Speed|p2a: Samurott
|-damage|p2a: Samurott|0 fnt
|faint|p2a: Samurott
|
|upkeep
|
|t:|1757900189
|switch|p2a: Thundurus|Thundurus, M|100/100
|turn|18
|
|t:|1757900194
|move|p2a: Thundurus|Thunder Wave|p1a: Dragonite
|-status|p1a: Dragonite|par
|move|p1a: Dragonite|Scale Shot|p2a: Thundurus
|-damage|p2a: Thundurus|62/100
|-damage|p2a: Thundurus|28/100
|-damage|p2a: Thundurus|0 fnt
|faint|p2a: Thundurus
|-hitcount|p2: Thundurus|3
|-unboost|p1a: Dragonite|def|1
|-boost|p1a: Dragonite|spe|1
|
|upkeep
|
|t:|1757900197
|switch|p2a: Politoed|Politoed, M|78/100
|-weather|RainDance|[from] ability: Drizzle|[of] p2a: Politoed
|turn|19
|
|t:|1757900211
|move|p1a: Dragonite|Scale Shot|p2a: Politoed
|-damage|p2a: Politoed|54/100
|-damage|p2a: Politoed|27/100
|-damage|p2a: Politoed|2/100
|-damage|p2a: Politoed|0 fnt
|faint|p2a: Politoed
|-hitcount|p2: Politoed|4
|
|win|UncleSlugma
|raw|UncleSlugma's rating: 1326 &rarr; <strong>1344</strong><br />(+18 for winning)
|raw|ChessDennis's rating: 1291 &rarr; <strong>1269</strong><br />(-22 for losing)
|l|☆ChessDennis
|player|p2|
|l|☆UncleSlugma
|player|p1|
