|j|☆frozenmoon77
|j|☆TheJobApplication
|t:|1757930222
|gametype|singles
|player|p1|frozenmoon77|1|1442
|player|p2|TheJobApplication|1|1452
|gen|9
|tier|[Gen 9] OU
|rated|
|rule|HP Percentage Mod: HP is shown in percentages
|rule|Endless Battle Clause: Forcing endless battles is banned
|rule|Species Clause: Limit one of each Pokémon
|rule|OHKO Clause: OHKO moves are banned
|rule|Evasion Items Clause: Evasion items are banned
|rule|Evasion Moves Clause: Evasion moves are banned
|rule|Evasion Abilities Clause: Evasion abilities are banned
|rule|Sleep Moves Clause: Sleep-inducing moves are banned
|clearpoke
|poke|p1|Sandy Shocks|
|poke|p1|Pecharunt|
|poke|p1|Slowking-Galar, M|
|poke|p1|Comfey, F|
|poke|p1|Tornadus-Therian, M|
|poke|p1|Cinderace, M|
|poke|p2|Chandelure, M|
|poke|p2|Great Tusk|
|poke|p2|Kingambit, M|
|poke|p2|Dragapult, F|
|poke|p2|Rillaboom, M|
|poke|p2|Corviknight, M|
|teampreview
|inactive|Battle timer is ON: inactive players will automatically lose when time's up. (requested by TheJobApplication)
|inactive|frozenmoon77 also wants the timer to be on.
|
|t:|1757930240
|teamsize|p1|6
|teamsize|p2|6
|start
|switch|p1a: Sandy Shocks|Sandy Shocks|100/100
|switch|p2a: Baby Oil|Dragapult, F|100/100
|turn|1
|c|☆frozenmoon77|baby oil
|
|t:|1757930256
|-terastallize|p1a: Sandy Shocks|Ice
|move|p1a: Sandy Shocks|Tera Blast|p2a: Baby Oil|[anim] Tera Blast Ice
|-supereffective|p2a: Baby Oil
|-damage|p2a: Baby Oil|0 fnt
|faint|p2a: Baby Oil
|
|upkeep
|
|t:|1757930266
|switch|p2a: Aura|Corviknight, M|100/100
|-ability|p2a: Aura|Pressure
|turn|2
|
|t:|1757930275
|-end|p1a: Sandy Shocks|Protosynthesis|[silent]
|switch|p1a: Tornadus|Tornadus-Therian, M|100/100
|move|p2a: Aura|Brave Bird|p1a: Tornadus
|-damage|p1a: Tornadus|48/100
|-damage|p2a: Aura|88/100|[from] Recoil
|
|upkeep
|turn|3
|
|t:|1757930282
|switch|p2a: ChanDiddily|Chandelure, M|100/100
|move|p1a: Tornadus|Heat Wave|p2a: ChanDiddily
|-start|p2a: ChanDiddily|ability: Flash Fire
|
|upkeep
|turn|4
|
|t:|1757930290
|switch|p1a: Slowking|Slowking-Galar, M|100/100
|move|p2a: ChanDiddily|Fire Blast|p1a: Slowking
|-damage|p1a: Slowking|51/100
|
|upkeep
|turn|5
|
|t:|1757930298
|-terastallize|p2a: ChanDiddily|Fire
|move|p2a: ChanDiddily|Fire Blast|p1a: Slowking
|-damage|p1a: Slowking|0 fnt
|faint|p1a: Slowking
|
|upkeep
|
|t:|1757930304
|switch|p1a: Sandy Shocks|Sandy Shocks, tera:Ice|100/100
|turn|6
|
|t:|1757930317
|-end|p2a: ChanDiddily|ability: Flash Fire|[silent]
|switch|p2a: Aura|Corviknight, M|88/100
|-ability|p2a: Aura|Pressure
|move|p1a: Sandy Shocks|Volt Switch|p2a: Aura
|-supereffective|p2a: Aura
|-crit|p2a: Aura
|-damage|p2a: Aura|0 fnt
|faint|p2a: Aura
|c|☆TheJobApplication|Fuck
|
|t:|1757930329
|-end|p1a: Sandy Shocks|Protosynthesis|[silent]
|switch|p1a: Tornadus|Tornadus-Therian, M|81/100|[from] Volt Switch
|
|upkeep
|
|t:|1757930336
|switch|p2a: Bail Out|Kingambit, M|100/100
|-activate|p2a: Bail Out|ability: Supreme Overlord
|-start|p2a: Bail Out|fallen2|[silent]
|turn|7
|
|t:|1757930341
|move|p2a: Bail Out|Sucker Punch|p1a: Tornadus
|-damage|p1a: Tornadus|5/100
|move|p1a: Tornadus|Heat Wave|p2a: Bail Out
|-supereffective|p2a: Bail Out
|-damage|p2a: Bail Out|21/100
|
|upkeep
|turn|8
|
|t:|1757930348
|switch|p1a: Pecharunt|Pecharunt|100/100
|-end|p2a: Bail Out|fallen2|[silent]
|switch|p2a: ChanDiddily|Chandelure, M, tera:Fire|100/100
|
|upkeep
|turn|9
|
|t:|1757930353
|switch|p1a: Cinderace|Cinderace, M|100/100
|move|p2a: ChanDiddily|Shadow Ball|p1a: Cinderace
|-damage|p1a: Cinderace|33/100
|
|upkeep
|turn|10
|
|t:|1757930361
|move|p2a: ChanDiddily|Shadow Ball|p1a: Cinderace
|-damage|p1a: Cinderace|0 fnt
|faint|p1a: Cinderace
|
|upkeep
|
|t:|1757930367
|switch|p1a: Sandy Shocks|Sandy Shocks, tera:Ice|100/100
|turn|11
|
|t:|1757930371
|switch|p2a: Massive Tusk|Great Tusk|100/100
|-enditem|p2a: Massive Tusk|Booster Energy
|-activate|p2a: Massive Tusk|ability: Protosynthesis|[fromitem]
|-start|p2a: Massive Tusk|protosynthesisatk
|move|p1a: Sandy Shocks|Earth Power|p2a: Massive Tusk
|-damage|p2a: Massive Tusk|44/100
|
|upkeep
|turn|12
|
|t:|1757930378
|-end|p2a: Massive Tusk|Protosynthesis|[silent]
|switch|p2a: BoogaBooga|Rillaboom, M|100/100
|-fieldstart|move: Grassy Terrain|[from] ability: Grassy Surge|[of] p2a: BoogaBooga
|move|p1a: Sandy Shocks|Earth Power|p2a: BoogaBooga
|-resisted|p2a: BoogaBooga
|-damage|p2a: BoogaBooga|70/100
|
|-heal|p2a: BoogaBooga|76/100|[from] Grassy Terrain
|upkeep
|turn|13
|
|t:|1757930390
|-end|p1a: Sandy Shocks|Protosynthesis|[silent]
|switch|p1a: Pecharunt|Pecharunt|100/100
|move|p2a: BoogaBooga|Knock Off|p1a: Pecharunt
|-supereffective|p1a: Pecharunt
|-damage|p1a: Pecharunt|52/100
|-damage|p2a: BoogaBooga|60/100|[from] item: Rocky Helmet|[of] p1a: Pecharunt
|-enditem|p1a: Pecharunt|Rocky Helmet|[from] move: Knock Off|[of] p2a: BoogaBooga
|
|-heal|p2a: BoogaBooga|66/100|[from] Grassy Terrain
|-heal|p1a: Pecharunt|58/100|[from] Grassy Terrain
|upkeep
|turn|14
|
|t:|1757930400
|switch|p2a: Massive Tusk|Great Tusk|44/100
|move|p1a: Pecharunt|Parting Shot|p2a: Massive Tusk
|-unboost|p2a: Massive Tusk|atk|1
|-unboost|p2a: Massive Tusk|spa|1
|
|t:|1757930418
|switch|p1a: Comfey|Comfey, F|100/100|[from] Parting Shot
|
|-heal|p2a: Massive Tusk|50/100|[from] Grassy Terrain
|upkeep
|turn|15
|
|t:|1757930425
|move|p2a: Massive Tusk|Head Smash|p1a: Comfey
|-crit|p1a: Comfey
|-damage|p1a: Comfey|6/100
|-damage|p2a: Massive Tusk|17/100|[from] Recoil
|move|p1a: Comfey|Calm Mind|p1a: Comfey
|-boost|p1a: Comfey|spa|1
|-boost|p1a: Comfey|spd|1
|
|-heal|p2a: Massive Tusk|23/100|[from] Grassy Terrain
|-heal|p1a: Comfey|13/100|[from] Grassy Terrain
|upkeep
|turn|16
|
|t:|1757930434
|move|p1a: Comfey|Draining Kiss|p2a: Massive Tusk
|-supereffective|p2a: Massive Tusk
|-damage|p2a: Massive Tusk|0 fnt
|-heal|p1a: Comfey|37/100|[from] drain|[of] p2a: Massive Tusk
|faint|p2a: Massive Tusk
|-end|p2a: Massive Tusk|Protosynthesis|[silent]
|-damage|p1a: Comfey|27/100|[from] item: Life Orb
|
|-heal|p1a: Comfey|33/100|[from] Grassy Terrain
|-fieldend|move: Grassy Terrain
|upkeep
|
|t:|1757930441
|switch|p2a: ChanDiddily|Chandelure, M, tera:Fire|100/100
|turn|17
|
|t:|1757930450
|move|p1a: Comfey|Draining Kiss|p2a: ChanDiddily
|-resisted|p2a: ChanDiddily
|-damage|p2a: ChanDiddily|74/100
|-heal|p1a: Comfey|50/100|[from] drain|[of] p2a: ChanDiddily
|-damage|p1a: Comfey|41/100|[from] item: Life Orb
|move|p2a: ChanDiddily|Trick|p1a: Comfey
|-activate|p2a: ChanDiddily|move: Trick|[of] p1a: Comfey
|-item|p1a: Comfey|Choice Scarf|[from] move: Trick
|-item|p2a: ChanDiddily|Life Orb|[from] move: Trick
|
|upkeep
|turn|18
|
|t:|1757930467
|move|p1a: Comfey|Draining Kiss|p2a: ChanDiddily
|-resisted|p2a: ChanDiddily
|-damage|p2a: ChanDiddily|50/100
|-heal|p1a: Comfey|56/100|[from] drain|[of] p2a: ChanDiddily
|move|p2a: ChanDiddily|Fire Blast|p1a: Comfey
|-damage|p1a: Comfey|0 fnt
|faint|p1a: Comfey
|-damage|p2a: ChanDiddily|40/100|[from] item: Life Orb
|
|upkeep
|
|t:|1757930477
|switch|p1a: Sandy Shocks|Sandy Shocks, tera:Ice|100/100
|turn|19
|
|t:|1757930490
|move|p1a: Sandy Shocks|Volt Switch|p2a: ChanDiddily
|-damage|p2a: ChanDiddily|0 fnt
|faint|p2a: ChanDiddily
|
|t:|1757930495
|-end|p1a: Sandy Shocks|Protosynthesis|[silent]
|switch|p1a: Pecharunt|Pecharunt|58/100|[from] Volt Switch
|
|upkeep
|
|t:|1757930498
|switch|p2a: BoogaBooga|Rillaboom, M|66/100
|-fieldstart|move: Grassy Terrain|[from] ability: Grassy Surge|[of] p2a: BoogaBooga
|turn|20
|
|t:|1757930503
|switch|p2a: Bail Out|Kingambit, M|21/100
|-activate|p2a: Bail Out|ability: Supreme Overlord
|-start|p2a: Bail Out|fallen4|[silent]
|move|p1a: Pecharunt|Recover|p1a: Pecharunt
|-heal|p1a: Pecharunt|100/100
|
|-heal|p2a: Bail Out|27/100|[from] Grassy Terrain
|upkeep
|turn|21
|
|t:|1757930511
|move|p1a: Pecharunt|Foul Play|p2a: Bail Out
|-resisted|p2a: Bail Out
|-damage|p2a: Bail Out|13/100
|move|p2a: Bail Out|Swords Dance|p2a: Bail Out
|-boost|p2a: Bail Out|atk|2
|
|-heal|p2a: Bail Out|19/100|[from] Grassy Terrain
|upkeep
|turn|22
|
|t:|1757930522
|move|p1a: Pecharunt|Recover||[still]
|-fail|p1a: Pecharunt|heal
|move|p2a: Bail Out|Kowtow Cleave|p1a: Pecharunt
|-supereffective|p1a: Pecharunt
|-damage|p1a: Pecharunt|0 fnt
|faint|p1a: Pecharunt
|
|-heal|p2a: Bail Out|25/100|[from] Grassy Terrain
|upkeep
|
|t:|1757930534
|switch|p1a: Sandy Shocks|Sandy Shocks, tera:Ice|100/100
|turn|23
|
|t:|1757930546
|move|p2a: Bail Out|Sucker Punch|p1a: Sandy Shocks
|-damage|p1a: Sandy Shocks|0 fnt
|faint|p1a: Sandy Shocks
|-end|p1a: Sandy Shocks|Protosynthesis|[silent]
|
|-heal|p2a: Bail Out|31/100|[from] Grassy Terrain
|upkeep
|c|☆TheJobApplication|Gg
|
|t:|1757930551
|switch|p1a: Tornadus|Tornadus-Therian, M|38/100
|turn|24
|
|t:|1757930555
|move|p2a: Bail Out|Sucker Punch|p1a: Tornadus
|-damage|p1a: Tornadus|0 fnt
|faint|p1a: Tornadus
|
|win|TheJobApplication
|raw|frozenmoon77's rating: 1442 &rarr; <strong>1423</strong><br />(-19 for losing)
|raw|TheJobApplication's rating: 1452 &rarr; <strong>1471</strong><br />(+19 for winning)
|l|☆frozenmoon77
|player|p1|
|l|☆TheJobApplication
|player|p2|
