|j|☆lupiit
|j|☆Passerby bye
|t:|1757931060
|gametype|singles
|player|p1|lupiit|dragontamer|1430
|player|p2|Passerby bye|cyclist|1407
|gen|9
|tier|[Gen 9] OU
|rated|
|rule|HP Percentage Mod: HP is shown in percentages
|rule|Endless Battle Clause: Forcing endless battles is banned
|rule|Species Clause: Limit one of each Pokémon
|rule|OHKO Clause: OHKO moves are banned
|rule|Evasion Items Clause: Evasion items are banned
|rule|Evasion Moves Clause: Evasion moves are banned
|rule|Evasion Abilities Clause: Evasion abilities are banned
|rule|Sleep Moves Clause: Sleep-inducing moves are banned
|clearpoke
|poke|p1|Scizor, F|
|poke|p1|Electrode-Hisui|
|poke|p1|Raging Bolt|
|poke|p1|Manaphy|
|poke|p1|Ting-Lu|
|poke|p1|Iron Moth|
|poke|p2|Magnezone|
|poke|p2|Vileplume, M|
|poke|p2|Gyarados, M|
|poke|p2|Houndoom, F|
|poke|p2|Mamoswine, M|
|poke|p2|Azumarill, F|
|teampreview
|inactive|Battle timer is ON: inactive players will automatically lose when time's up. (requested by lupiit)
|
|t:|1757931068
|teamsize|p1|6
|teamsize|p2|6
|start
|switch|p1a: Ting-Lu|Ting-Lu|100/100
|switch|p2a: Ordinary Pkmn only|Vileplume, M|100/100
|-ability|p1a: Ting-Lu|Vessel of Ruin
|turn|1
|
|t:|1757931073
|move|p2a: Ordinary Pkmn only|Leech Seed|p1a: Ting-Lu
|-start|p1a: Ting-Lu|move: Leech Seed
|move|p1a: Ting-Lu|Stealth Rock|p2a: Ordinary Pkmn only
|-sidestart|p2: Passerby bye|move: Stealth Rock
|
|-damage|p1a: Ting-Lu|88/100|[from] Leech Seed|[of] p2a: Ordinary Pkmn only
|upkeep
|turn|2
|
|t:|1757931081
|move|p2a: Ordinary Pkmn only|Giga Drain|p1a: Ting-Lu
|-supereffective|p1a: Ting-Lu
|-damage|p1a: Ting-Lu|62/100
|move|p1a: Ting-Lu|Spikes|p2a: Ordinary Pkmn only
|-sidestart|p2: Passerby bye|Spikes
|
|-heal|p1a: Ting-Lu|69/100|[from] item: Leftovers
|-damage|p1a: Ting-Lu|56/100|[from] Leech Seed|[of] p2a: Ordinary Pkmn only
|upkeep
|turn|3
|inactive|lupiit has 120 seconds left.
|
|t:|1757931114
|move|p2a: Ordinary Pkmn only|Giga Drain|p1a: Ting-Lu
|-supereffective|p1a: Ting-Lu
|-damage|p1a: Ting-Lu|34/100
|move|p1a: Ting-Lu|Ruination|p2a: Ordinary Pkmn only
|-damage|p2a: Ordinary Pkmn only|50/100
|
|-heal|p1a: Ting-Lu|40/100|[from] item: Leftovers
|-damage|p1a: Ting-Lu|28/100|[from] Leech Seed|[of] p2a: Ordinary Pkmn only
|-heal|p2a: Ordinary Pkmn only|69/100|[silent]
|upkeep
|turn|4
|
|t:|1757931118
|switch|p1a: Scizor|Scizor, F|100/100
|move|p2a: Ordinary Pkmn only|Giga Drain|p1a: Scizor
|-resisted|p1a: Scizor
|-damage|p1a: Scizor|91/100
|-heal|p2a: Ordinary Pkmn only|73/100|[from] drain|[of] p1a: Scizor
|
|upkeep
|turn|5
|
|t:|1757931123
|switch|p2a: BST＞540 Pkmn sucks|Gyarados, M, shiny|100/100
|-ability|p2a: BST＞540 Pkmn sucks|Intimidate|boost
|-unboost|p1a: Scizor|atk|1
|move|p1a: Scizor|Swords Dance|p1a: Scizor
|-boost|p1a: Scizor|atk|2
|
|upkeep
|turn|6
|
|t:|1757931136
|move|p1a: Scizor|Knock Off|p2a: BST＞540 Pkmn sucks
|-damage|p2a: BST＞540 Pkmn sucks|35/100
|-enditem|p2a: BST＞540 Pkmn sucks|Heavy-Duty Boots|[from] move: Knock Off|[of] p1a: Scizor
|-damage|p1a: Scizor|81/100|[from] item: Life Orb
|move|p2a: BST＞540 Pkmn sucks|Earthquake|p1a: Scizor
|-damage|p1a: Scizor|37/100
|
|upkeep
|turn|7
|
|t:|1757931143
|move|p1a: Scizor|Bullet Punch|p2a: BST＞540 Pkmn sucks
|-resisted|p2a: BST＞540 Pkmn sucks
|-damage|p2a: BST＞540 Pkmn sucks|4/100
|-damage|p1a: Scizor|27/100|[from] item: Life Orb
|move|p2a: BST＞540 Pkmn sucks|Waterfall|p1a: Scizor
|-damage|p1a: Scizor|0 fnt
|faint|p1a: Scizor
|
|upkeep
|
|t:|1757931146
|switch|p1a: Iron Moth|Iron Moth|100/100
|-enditem|p1a: Iron Moth|Booster Energy
|-activate|p1a: Iron Moth|ability: Quark Drive|[fromitem]
|-start|p1a: Iron Moth|quarkdrivespe
|turn|8
|
|t:|1757931149
|move|p1a: Iron Moth|Fiery Dance|p2a: BST＞540 Pkmn sucks
|-resisted|p2a: BST＞540 Pkmn sucks
|-damage|p2a: BST＞540 Pkmn sucks|0 fnt
|-boost|p1a: Iron Moth|spa|1
|faint|p2a: BST＞540 Pkmn sucks
|
|upkeep
|
|t:|1757931154
|switch|p2a: Terrain Team sucks|Mamoswine, M|100/100
|-damage|p2a: Terrain Team sucks|88/100|[from] Stealth Rock
|-damage|p2a: Terrain Team sucks|75/100|[from] Spikes
|turn|9
|
|t:|1757931157
|move|p1a: Iron Moth|Energy Ball|p2a: Terrain Team sucks
|-supereffective|p2a: Terrain Team sucks
|-damage|p2a: Terrain Team sucks|0 fnt
|faint|p2a: Terrain Team sucks
|
|upkeep
|
|t:|1757931172
|switch|p2a: Weather Team sucks|Houndoom, F|100/100
|turn|10
|
|t:|1757931179
|move|p1a: Iron Moth|Sludge Wave|p2a: Weather Team sucks
|-damage|p2a: Weather Team sucks|4/100
|-status|p2a: Weather Team sucks|psn
|move|p2a: Weather Team sucks|Destiny Bond|p2a: Weather Team sucks
|-singlemove|p2a: Weather Team sucks|Destiny Bond
|
|-damage|p2a: Weather Team sucks|0 fnt|[from] psn
|faint|p2a: Weather Team sucks
|upkeep
|
|t:|1757931196
|switch|p2a: Sample Team sucks|Azumarill, F|100/100
|-damage|p2a: Sample Team sucks|88/100|[from] Stealth Rock
|-damage|p2a: Sample Team sucks|76/100|[from] Spikes
|turn|11
|
|t:|1757931225
|-terastallize|p1a: Iron Moth|Water
|move|p2a: Sample Team sucks|Aqua Jet|p1a: Iron Moth
|-resisted|p1a: Iron Moth
|-damage|p1a: Iron Moth|81/100
|move|p1a: Iron Moth|Sludge Wave|p2a: Sample Team sucks
|-supereffective|p2a: Sample Team sucks
|-damage|p2a: Sample Team sucks|0 fnt
|faint|p2a: Sample Team sucks
|
|upkeep
|
|t:|1757931236
|switch|p2a: Legend Pkmn sucks|Magnezone|100/100
|-damage|p2a: Legend Pkmn sucks|94/100|[from] Stealth Rock
|-damage|p2a: Legend Pkmn sucks|82/100|[from] Spikes
|turn|12
|inactive|lupiit has 120 seconds left.
|inactive|lupiit has 90 seconds left.
|
|t:|1757931301
|move|p1a: Iron Moth|Sludge Wave|p2a: Legend Pkmn sucks
|-immune|p2a: Legend Pkmn sucks
|move|p2a: Legend Pkmn sucks|Thunderbolt|p1a: Iron Moth
|-supereffective|p1a: Iron Moth
|-damage|p1a: Iron Moth|0 fnt
|faint|p1a: Iron Moth
|-end|p1a: Iron Moth|Quark Drive|[silent]
|
|upkeep
|
|t:|1757931305
|switch|p1a: Ting-Lu|Ting-Lu|28/100
|-ability|p1a: Ting-Lu|Vessel of Ruin
|turn|13
|
|t:|1757931314
|switch|p2a: Ordinary Pkmn only|Vileplume, M|73/100
|-damage|p2a: Ordinary Pkmn only|60/100|[from] Stealth Rock
|-damage|p2a: Ordinary Pkmn only|48/100|[from] Spikes
|move|p1a: Ting-Lu|Earthquake|p2a: Ordinary Pkmn only
|-damage|p2a: Ordinary Pkmn only|16/100
|
|-heal|p1a: Ting-Lu|34/100|[from] item: Leftovers
|upkeep
|turn|14
|inactive|lupiit has 90 seconds left.
|
|t:|1757931333
|move|p2a: Ordinary Pkmn only|Strength Sap|p1a: Ting-Lu
|-unboost|p1a: Ting-Lu|atk|1
|-heal|p2a: Ordinary Pkmn only|89/100
|move|p1a: Ting-Lu|Earthquake|p2a: Ordinary Pkmn only
|-damage|p2a: Ordinary Pkmn only|70/100
|
|-heal|p1a: Ting-Lu|40/100|[from] item: Leftovers
|upkeep
|turn|15
|
|t:|1757931353
|switch|p1a: Electrode|Electrode-Hisui|100/100
|move|p2a: Ordinary Pkmn only|Giga Drain|p1a: Electrode
|-resisted|p1a: Electrode
|-damage|p1a: Electrode|80/100
|-heal|p2a: Ordinary Pkmn only|77/100|[from] drain|[of] p1a: Electrode
|
|upkeep
|turn|16
|inactive|lupiit has 90 seconds left.
|
|t:|1757931373
|move|p1a: Electrode|Thunder Wave|p2a: Ordinary Pkmn only
|-status|p2a: Ordinary Pkmn only|par
|move|p2a: Ordinary Pkmn only|Sludge Wave|p1a: Electrode
|-supereffective|p1a: Electrode
|-damage|p1a: Electrode|0 fnt
|faint|p1a: Electrode
|
|upkeep
|
|t:|1757931376
|switch|p1a: Manaphy|Manaphy|100/100
|turn|17
|
|t:|1757931381
|move|p1a: Manaphy|Tail Glow|p1a: Manaphy
|-boost|p1a: Manaphy|spa|3
|cant|p2a: Ordinary Pkmn only|par
|
|upkeep
|turn|18
|
|t:|1757931395
|-terastallize|p2a: Ordinary Pkmn only|Water
|move|p1a: Manaphy|Scald|p2a: Ordinary Pkmn only
|-resisted|p2a: Ordinary Pkmn only
|-damage|p2a: Ordinary Pkmn only|28/100 par
|move|p2a: Ordinary Pkmn only|Giga Drain|p1a: Manaphy
|-supereffective|p1a: Manaphy
|-damage|p1a: Manaphy|46/100
|-heal|p2a: Ordinary Pkmn only|55/100 par|[from] drain|[of] p1a: Manaphy
|
|upkeep
|turn|19
|
|t:|1757931401
|move|p1a: Manaphy|Alluring Voice|p2a: Ordinary Pkmn only
|-damage|p2a: Ordinary Pkmn only|0 fnt
|faint|p2a: Ordinary Pkmn only
|
|upkeep
|
|t:|1757931405
|switch|p2a: Legend Pkmn sucks|Magnezone|82/100
|-damage|p2a: Legend Pkmn sucks|76/100|[from] Stealth Rock
|-damage|p2a: Legend Pkmn sucks|63/100|[from] Spikes
|turn|20
|
|t:|1757931409
|move|p1a: Manaphy|Scald|p2a: Legend Pkmn sucks
|-damage|p2a: Legend Pkmn sucks|0 fnt
|faint|p2a: Legend Pkmn sucks
|
|win|lupiit
|raw|lupiit's rating: 1407 &rarr; <strong>1427</strong><br />(+20 for winning)
|raw|Passerby bye's rating: 1407 &rarr; <strong>1387</strong><br />(-20 for losing)
|l|☆lupiit
|player|p1|
