|j|☆foxitron
|j|☆Rubenin_qr
|html|<table width="100%"><tr><td align="left">foxitron</td><td align="right">Rubenin_qr</tr><tr><td align="left"><i class="fa fa-circle-o"></i> <i class="fa fa-circle-o"></i> </td><td align="right"><i class="fa fa-circle-o"></i> <i class="fa fa-circle-o"></i> </tr></table>
|uhtml|bestof|<h2><strong>Game 1</strong> of <a href="/game-bestof3-gen9ou-2441014703">a best-of-3</a></h2>
|t:|1757787264
|gametype|singles
|player|p1|foxitron|cynthia-gen4|
|player|p2|Rubenin_qr|blackbelt|
|gen|9
|tier|[Gen 9] OU
|rule|HP Percentage Mod: HP is shown in percentages
|rule|Endless Battle Clause: Forcing endless battles is banned
|rule|Species Clause: Limit one of each Pokémon
|rule|OHKO Clause: OHKO moves are banned
|rule|Evasion Items Clause: Evasion items are banned
|rule|Evasion Moves Clause: Evasion moves are banned
|rule|Evasion Abilities Clause: Evasion abilities are banned
|rule|Sleep Moves Clause: Sleep-inducing moves are banned
|raw|<div class="infobox"><details class="readmore"><summary><strong>7 custom rules:</strong></summary> Force Open Team Sheets, Anything Goes, * Restricted Legendary, maxteamsize=8, Picked Team Size = 6, Adjust Level = 100, bestof=3</details></div>
|clearpoke
|poke|p1|Magnezone|
|poke|p1|Hawlucha, M|
|poke|p1|Azumarill, F|
|poke|p1|Clodsire, F|
|poke|p1|Corviknight, M|
|poke|p1|Ceruledge, M|
|poke|p1|Glimmora, F|
|poke|p1|Dragonite, F|
|poke|p2|Garganacl, F|
|poke|p2|Gholdengo|
|poke|p2|Cinderace, F|
|poke|p2|Cloyster, M|
|poke|p2|Gliscor, M|
|poke|p2|Rotom-Wash|
|poke|p2|Hatterene, F|
|poke|p2|Rillaboom, M|
|teampreview|6
|showteam|p1|Magnezone||ChoiceSpecs|MagnetPull|Thunderbolt,Protect,VoltSwitch,FlashCannon|||||||,,,,,Steel]Hawlucha||WhiteHerb|Unburden|SwordsDance,Acrobatics,CloseCombat,Uturn|||M||||,,,,,Fighting]Azumarill||SitrusBerry|HugePower|BellyDrum,AquaJet,IceSpinner,PlayRough|||F||||,,,,,Water]Clodsire||HeavyDutyBoots|WaterAbsorb|Earthquake,PoisonJab,Recover,Haze|||F||||,,,,,Poison]Corviknight||RockyHelmet|Pressure|Roost,Defog,Uturn,BraveBird|||M||||,,,,,Flying]Ceruledge||WeaknessPolicy|WeakArmor|BitterBlade,ShadowSneak,SwordsDance,CloseCombat|||M||||,,,,,Fire]Glimmora||AirBalloon|ToxicDebris|StealthRock,EarthPower,PowerGem,MortalSpin|||F||||,,,,,Rock]Dragonite||LoadedDice|Multiscale|Haze,Tailwind,ScaleShot,Protect|||F||||,,,,,Fairy
|showteam|p2|Garganacl||Leftovers|PurifyingSalt|StealthRock,SaltCure,Recover,Protect|||F||||,,,,,Rock]Gholdengo||ChoiceSpecs|GoodasGold|PowerGem,ShadowBall,MakeItRain,Thunderbolt|||||||,,,,,Steel]Cinderace||HeavyDutyBoots|Libero|PyroBall,Uturn,CourtChange,HighJumpKick|||F||||,,,,,Fire]Cloyster||WhiteHerb|SkillLink|ShellSmash,IcicleSpear,IceShard,Waterfall|||M||||,,,,,Water]Gliscor||ToxicOrb|PoisonHeal|SwordsDance,Earthquake,KnockOff,Protect|||M||||,,,,,Normal]Rotom-Wash||RockyHelmet|Levitate|VoltSwitch,HydroPump,PainSplit,WillOWisp|||||||,,,,,Electric]Hatterene||AssaultVest|MagicBounce|Psyshock,DrainingKiss,MysticalFire,Nuzzle|||F||||,,,,,Psychic]Rillaboom||ChoiceBand|GrassySurge|GrassyGlide,WoodHammer,Uturn,KnockOff|||M||||,,,,,Grass
|c|☆foxitron|buenas
|c|☆Rubenin_qr|hola
|c|☆foxitron|ya sabes qn banearme?
|c|☆Rubenin_qr|un segundo
|c|☆foxitron|avisa
|c|☆Rubenin_qr|lo tengo
|c|☆foxitron|y yo
|c|☆foxitron|3
|c|☆foxitron|2
|c|☆foxitron|1
|c|☆Rubenin_qr|glimmora
|c|☆foxitron|goldengo
|c|☆foxitron|ya sabes qn quitarte?
|c|☆Rubenin_qr|si
|c|☆foxitron|3
|c|☆foxitron|2
|c|☆foxitron|1
|c|☆Rubenin_qr|gliscor
|c|☆foxitron|clodsere
|c|☆foxitron|clodsire
|c|☆foxitron|como se diga
|c|☆Rubenin_qr|jajaj ok
|
|t:|1757787533
|teamsize|p1|6
|teamsize|p2|6
|start
|switch|p1a: Hawlucha|Hawlucha, M|100/100
|switch|p2a: Garganacl|Garganacl, F|100/100
|turn|1
|c|☆Rubenin_qr|pero para eso le damos a empezar y una vez empezamos lo decimos
|
|t:|1757787564
|switch|p2a: Hatterene|Hatterene, F|100/100
|move|p1a: Hawlucha|Close Combat|p2a: Hatterene
|-resisted|p2a: Hatterene
|-damage|p2a: Hatterene|86/100
|-unboost|p1a: Hawlucha|def|1
|-unboost|p1a: Hawlucha|spd|1
|-enditem|p1a: Hawlucha|White Herb
|-clearnegativeboost|p1a: Hawlucha|[silent]
|
|upkeep
|turn|2
|
|t:|1757787583
|move|p1a: Hawlucha|Swords Dance|p1a: Hawlucha
|-boost|p1a: Hawlucha|atk|2
|move|p2a: Hatterene|Nuzzle|p1a: Hawlucha
|-supereffective|p1a: Hawlucha
|-damage|p1a: Hawlucha|89/100
|-status|p1a: Hawlucha|par
|
|upkeep
|turn|3
|
|t:|1757787596
|move|p1a: Hawlucha|Acrobatics|p2a: Hatterene
|-damage|p2a: Hatterene|0 fnt
|faint|p2a: Hatterene
|
|upkeep
|
|t:|1757787634
|switch|p2a: Garganacl|Garganacl, F|100/100
|turn|4
|
|t:|1757787644
|move|p1a: Hawlucha|Close Combat|p2a: Garganacl
|-supereffective|p2a: Garganacl
|-damage|p2a: Garganacl|0 fnt
|-unboost|p1a: Hawlucha|def|1
|-unboost|p1a: Hawlucha|spd|1
|faint|p2a: Garganacl
|
|upkeep
|
|t:|1757787649
|switch|p2a: Cloyster|Cloyster, M|100/100
|turn|5
|
|t:|1757787661
|move|p2a: Cloyster|Ice Shard|p1a: Hawlucha
|-supereffective|p1a: Hawlucha
|-damage|p1a: Hawlucha|8/100 par
|move|p1a: Hawlucha|Close Combat|p2a: Cloyster
|-supereffective|p2a: Cloyster
|-damage|p2a: Cloyster|0 fnt
|-unboost|p1a: Hawlucha|def|1
|-unboost|p1a: Hawlucha|spd|1
|faint|p2a: Cloyster
|
|upkeep
|
|t:|1757787671
|switch|p2a: Rillaboom|Rillaboom, M|100/100
|-fieldstart|move: Grassy Terrain|[from] ability: Grassy Surge|[of] p2a: Rillaboom
|turn|6
|
|t:|1757787677
|move|p2a: Rillaboom|Grassy Glide|p1a: Hawlucha
|-resisted|p1a: Hawlucha
|-damage|p1a: Hawlucha|0 fnt
|faint|p1a: Hawlucha
|
|upkeep
|
|t:|1757787690
|switch|p1a: Ceruledge|Ceruledge, M, shiny|100/100
|turn|7
|
|t:|1757787705
|switch|p2a: Rotom|Rotom-Wash, shiny|100/100
|move|p1a: Ceruledge|Swords Dance|p1a: Ceruledge
|-boost|p1a: Ceruledge|atk|2
|
|upkeep
|turn|8
|
|t:|1757787712
|move|p1a: Ceruledge|Shadow Sneak|p2a: Rotom
|-damage|p2a: Rotom|59/100
|-damage|p1a: Ceruledge|84/100|[from] item: Rocky Helmet|[of] p2a: Rotom
|move|p2a: Rotom|Hydro Pump|p1a: Ceruledge
|-supereffective|p1a: Ceruledge
|-damage|p1a: Ceruledge|0 fnt
|faint|p1a: Ceruledge
|
|upkeep
|
|t:|1757787723
|switch|p1a: Dragonite|Dragonite, F|100/100
|turn|9
|
|t:|1757787734
|move|p2a: Rotom|Will-O-Wisp|p1a: Dragonite
|-status|p1a: Dragonite|brn
|move|p1a: Dragonite|Scale Shot|p2a: Rotom
|-damage|p2a: Rotom|51/100
|-damage|p2a: Rotom|43/100
|-damage|p2a: Rotom|36/100
|-damage|p2a: Rotom|28/100
|-hitcount|p2a: Rotom|4
|-unboost|p1a: Dragonite|def|1
|-boost|p1a: Dragonite|spe|1
|
|-damage|p1a: Dragonite|94/100 brn|[from] brn
|upkeep
|turn|10
|
|t:|1757787755
|move|p1a: Dragonite|Scale Shot|p2a: Rotom|[miss]
|-miss|p1a: Dragonite|p2a: Rotom
|move|p2a: Rotom|Pain Split|p1a: Dragonite
|-sethp|p1a: Dragonite|58/100 brn|[from] move: Pain Split|[silent]
|-sethp|p2a: Rotom|74/100|[from] move: Pain Split
|
|-damage|p1a: Dragonite|52/100 brn|[from] brn
|-fieldend|move: Grassy Terrain
|upkeep
|turn|11
|
|t:|1757787771
|move|p1a: Dragonite|Scale Shot|p2a: Rotom
|-damage|p2a: Rotom|66/100
|-damage|p2a: Rotom|58/100
|-damage|p2a: Rotom|50/100
|-damage|p2a: Rotom|42/100
|-damage|p2a: Rotom|34/100
|-hitcount|p2a: Rotom|5
|-unboost|p1a: Dragonite|def|1
|-boost|p1a: Dragonite|spe|1
|move|p2a: Rotom|Hydro Pump|p1a: Dragonite|[miss]
|-miss|p2a: Rotom|p1a: Dragonite
|
|-damage|p1a: Dragonite|46/100 brn|[from] brn
|upkeep
|turn|12
|
|t:|1757787791
|move|p1a: Dragonite|Scale Shot|p2a: Rotom|[miss]
|-miss|p1a: Dragonite|p2a: Rotom
|move|p2a: Rotom|Pain Split|p1a: Dragonite
|-sethp|p1a: Dragonite|37/100 brn|[from] move: Pain Split|[silent]
|-sethp|p2a: Rotom|46/100|[from] move: Pain Split
|
|-damage|p1a: Dragonite|30/100 brn|[from] brn
|upkeep
|turn|13
|
|t:|1757787799
|move|p1a: Dragonite|Scale Shot|p2a: Rotom
|-damage|p2a: Rotom|38/100
|-damage|p2a: Rotom|31/100
|-crit|p2a: Rotom
|-damage|p2a: Rotom|19/100
|-damage|p2a: Rotom|11/100
|-hitcount|p2a: Rotom|4
|-unboost|p1a: Dragonite|def|1
|-boost|p1a: Dragonite|spe|1
|move|p2a: Rotom|Hydro Pump|p1a: Dragonite
|-resisted|p1a: Dragonite
|-damage|p1a: Dragonite|13/100 brn
|
|-damage|p1a: Dragonite|7/100 brn|[from] brn
|upkeep
|turn|14
|
|t:|1757787815
|move|p1a: Dragonite|Scale Shot|p2a: Rotom
|-damage|p2a: Rotom|3/100
|-damage|p2a: Rotom|0 fnt
|faint|p2a: Rotom
|-hitcount|p2: Rotom|2
|-unboost|p1a: Dragonite|def|1
|-boost|p1a: Dragonite|spe|1
|
|-damage|p1a: Dragonite|1/100 brn|[from] brn
|upkeep
|
|t:|1757787827
|switch|p2a: Cinderace|Cinderace, F|100/100
|turn|15
|
|t:|1757787838
|move|p1a: Dragonite|Tailwind|p1a: Dragonite
|-sidestart|p1: foxitron|move: Tailwind
|move|p2a: Cinderace|U-turn|p1a: Dragonite
|-start|p2a: Cinderace|typechange|Bug|[from] ability: Libero
|-resisted|p1a: Dragonite
|-damage|p1a: Dragonite|0 fnt
|faint|p1a: Dragonite
|
|t:|1757787844
|switch|p2a: Rillaboom|Rillaboom, M|100/100|[from] U-turn
|-fieldstart|move: Grassy Terrain|[from] ability: Grassy Surge|[of] p2a: Rillaboom
|
|upkeep
|
|t:|1757787852
|switch|p1a: Corviknight|Corviknight, M|100/100
|-ability|p1a: Corviknight|Pressure
|turn|16
|
|t:|1757787865
|move|p1a: Corviknight|Brave Bird|p2a: Rillaboom
|-supereffective|p2a: Rillaboom
|-crit|p2a: Rillaboom
|-damage|p2a: Rillaboom|0 fnt
|faint|p2a: Rillaboom
|-damage|p1a: Corviknight|72/100|[from] Recoil
|
|upkeep
|
|t:|1757787868
|switch|p2a: Cinderace|Cinderace, F|100/100
|turn|17
|
|t:|1757787878
|move|p2a: Cinderace|Pyro Ball|p1a: Corviknight
|-supereffective|p1a: Corviknight
|-damage|p1a: Corviknight|0 fnt
|faint|p1a: Corviknight
|
|upkeep
|
|t:|1757787883
|switch|p1a: Azumarill|Azumarill, F|100/100
|turn|18
|
|t:|1757787902
|move|p1a: Azumarill|Belly Drum|p1a: Azumarill
|-damage|p1a: Azumarill|51/100
|-setboost|p1a: Azumarill|atk|6|[from] move: Belly Drum
|move|p2a: Cinderace|Pyro Ball|p1a: Azumarill
|-resisted|p1a: Azumarill
|-damage|p1a: Azumarill|13/100
|-enditem|p1a: Azumarill|Sitrus Berry|[eat]
|-heal|p1a: Azumarill|38/100|[from] item: Sitrus Berry
|
|-heal|p1a: Azumarill|44/100|[from] Grassy Terrain
|-sideend|p1: foxitron|move: Tailwind
|upkeep
|turn|19
|
|t:|1757787922
|move|p1a: Azumarill|Aqua Jet|p2a: Cinderace
|-supereffective|p2a: Cinderace
|-damage|p2a: Cinderace|0 fnt
|faint|p2a: Cinderace
|
|win|foxitron
||Rubenin_qr is ready for game 2.
||foxitron is ready for game 2.
|uhtml|next|Next: <a href="/battle-gen9ou-2441020402"><strong>Game 2 of 3</strong></a>
