|j|☆henry151th
|j|☆ciantaihou
|t:|1757831700
|gametype|singles
|player|p1|henry151th|wallace|1643
|player|p2|ciantaihou|bellelba|1748
|gen|9
|tier|[Gen 9] OU
|rated|
|rule|HP Percentage Mod: HP is shown in percentages
|rule|Endless Battle Clause: Forcing endless battles is banned
|rule|Species Clause: Limit one of each Pokémon
|rule|OHKO Clause: OHKO moves are banned
|rule|Evasion Items Clause: Evasion items are banned
|rule|Evasion Moves Clause: Evasion moves are banned
|rule|Evasion Abilities Clause: Evasion abilities are banned
|rule|Sleep Moves Clause: Sleep-inducing moves are banned
|clearpoke
|poke|p1|Blaziken, M|
|poke|p1|Alomomola, F|
|poke|p1|Rillaboom, M|
|poke|p1|Slowking-Galar, F|
|poke|p1|Ting-Lu|
|poke|p1|Weezing-Galar, M|
|poke|p2|Ursaluna, F|
|poke|p2|Torkoal, F|
|poke|p2|Hoopa-Unbound|
|poke|p2|Cresselia, F|
|poke|p2|Hatterene, F|
|poke|p2|Enamorus-Therian, F|
|teampreview
|
|t:|1757831710
|teamsize|p1|6
|teamsize|p2|6
|start
|switch|p1a: Blaziken|Blaziken, M|100/100
|switch|p2a: Enamorus|Enamorus-Therian, F|100/100
|turn|1
|
|t:|1757831716
|switch|p1a: Slowking|Slowking-Galar, F|100/100
|move|p2a: Enamorus|Moonblast|p1a: Slowking
|-resisted|p1a: Slowking
|-damage|p1a: Slowking|77/100
|
|upkeep
|turn|2
|
|t:|1757831724
|switch|p2a: Hoopa|Hoopa-Unbound|100/100
|-prepare|p1a: Slowking|Chilly Reception|[premajor]
|move|p1a: Slowking|Chilly Reception|p1a: Slowking
|-weather|Snowscape
|
|t:|1757831726
|switch|p1a: Blaziken|Blaziken, M|100/100|[from] Chilly Reception
|
|-weather|Snowscape|[upkeep]
|upkeep
|turn|3
|
|t:|1757831734
|move|p1a: Blaziken|Flare Blitz|p2a: Hoopa
|-damage|p2a: Hoopa|0 fnt
|faint|p2a: Hoopa
|-damage|p1a: Blaziken|63/100|[from] Recoil
|-damage|p1a: Blaziken|54/100|[from] item: Life Orb
|
|-weather|Snowscape|[upkeep]
|-ability|p1a: Blaziken|Speed Boost|boost
|-boost|p1a: Blaziken|spe|1
|upkeep
|
|t:|1757831745
|switch|p2a: Enamorus|Enamorus-Therian, F|100/100
|turn|4
|j| heatraniac
|
|t:|1757831772
|switch|p1a: Ting-Lu|Ting-Lu|100/100
|-ability|p1a: Ting-Lu|Vessel of Ruin
|move|p2a: Enamorus|Earth Power|p1a: Ting-Lu
|-damage|p1a: Ting-Lu|77/100
|
|-weather|Snowscape|[upkeep]
|-heal|p1a: Ting-Lu|84/100|[from] item: Leftovers
|upkeep
|turn|5
|
|t:|1757831783
|switch|p2a: Hatterene|Hatterene, F|100/100
|move|p1a: Ting-Lu|Ruination|p2a: Hatterene
|-damage|p2a: Hatterene|51/100
|
|-weather|Snowscape|[upkeep]
|-heal|p1a: Ting-Lu|90/100|[from] item: Leftovers
|upkeep
|turn|6
|
|t:|1757831791
|move|p1a: Ting-Lu|Stomping Tantrum|p2a: Hatterene
|-damage|p2a: Hatterene|20/100
|move|p2a: Hatterene|Trick Room|p2a: Hatterene
|-fieldstart|move: Trick Room|[of] p2a: Hatterene
|
|-weather|none
|-heal|p1a: Ting-Lu|96/100|[from] item: Leftovers
|upkeep
|turn|7
|
|t:|1757831800
|switch|p1a: Slowking|Slowking-Galar, F|100/100
|move|p2a: Hatterene|Dazzling Gleam|p1a: Slowking
|-resisted|p1a: Slowking
|-damage|p1a: Slowking|88/100
|
|upkeep
|turn|8
|
|t:|1757831807
|move|p2a: Hatterene|Healing Wish|p2a: Hatterene
|faint|p2a: Hatterene
|move|p1a: Slowking|Future Sight|p2: Hatterene
|-start|p1a: Slowking|move: Future Sight
|
|upkeep
|
|t:|1757831814
|switch|p2a: Torkoal|Torkoal, F, shiny|100/100
|-weather|SunnyDay|[from] ability: Drought|[of] p2a: Torkoal
|turn|9
|
|t:|1757831819
|-terastallize|p2a: Torkoal|Fire
|move|p2a: Torkoal|Eruption|p1a: Slowking
|-damage|p1a: Slowking|0 fnt
|faint|p1a: Slowking
|
|-weather|SunnyDay|[upkeep]
|upkeep
|
|t:|1757831825
|switch|p1a: Blaziken|Blaziken, M|54/100
|turn|10
|
|t:|1757831838
|move|p1a: Blaziken|Protect|p1a: Blaziken
|-singleturn|p1a: Blaziken|Protect
|move|p2a: Torkoal|Eruption|p1a: Blaziken
|-activate|p1a: Blaziken|move: Protect
|
|-weather|SunnyDay|[upkeep]
|-end|p2a: Torkoal|move: Future Sight
|-damage|p2a: Torkoal|46/100
|-fieldend|move: Trick Room
|-ability|p1a: Blaziken|Speed Boost|boost
|-boost|p1a: Blaziken|spe|1
|upkeep
|turn|11
|
|t:|1757831852
|move|p1a: Blaziken|Close Combat|p2a: Torkoal
|-damage|p2a: Torkoal|0 fnt
|-unboost|p1a: Blaziken|def|1
|-unboost|p1a: Blaziken|spd|1
|faint|p2a: Torkoal
|-damage|p1a: Blaziken|44/100|[from] item: Life Orb
|
|-weather|SunnyDay|[upkeep]
|-ability|p1a: Blaziken|Speed Boost|boost
|-boost|p1a: Blaziken|spe|1
|upkeep
|
|t:|1757831863
|switch|p2a: Cresselia|Cresselia, F|100/100
|turn|12
|
|t:|1757831867
|move|p1a: Blaziken|Flare Blitz|p2a: Cresselia
|-damage|p2a: Cresselia|33/100
|-damage|p1a: Blaziken|11/100|[from] Recoil
|-damage|p1a: Blaziken|1/100|[from] item: Life Orb
|move|p2a: Cresselia|Trick Room|p2a: Cresselia
|-fieldstart|move: Trick Room|[of] p2a: Cresselia
|
|-weather|SunnyDay|[upkeep]
|-heal|p2a: Cresselia|39/100|[from] item: Leftovers
|-ability|p1a: Blaziken|Speed Boost|boost
|-boost|p1a: Blaziken|spe|1
|upkeep
|turn|13
|
|t:|1757831878
|switch|p1a: Alomomola|Alomomola, F|100/100
|move|p2a: Cresselia|Moonblast|p1a: Alomomola
|-damage|p1a: Alomomola|86/100
|
|-weather|none
|-heal|p2a: Cresselia|45/100|[from] item: Leftovers
|upkeep
|turn|14
|
|t:|1757831889
|switch|p2a: Enamorus|Enamorus-Therian, F|100/100
|move|p1a: Alomomola|Wish|p1a: Alomomola
|
|upkeep
|turn|15
|
|t:|1757831894
|move|p2a: Enamorus|Moonblast|p1a: Alomomola
|-damage|p1a: Alomomola|15/100
|move|p1a: Alomomola|Flip Turn|p2a: Enamorus
|-damage|p2a: Enamorus|87/100
|
|t:|1757831896
|switch|p1a: Blaziken|Blaziken, M|1/100|[from] Flip Turn
|
|-heal|p1a: Blaziken|79/100|[from] move: Wish|[wisher] Alomomola
|upkeep
|turn|16
|
|t:|1757831906
|move|p1a: Blaziken|Protect|p1a: Blaziken
|-singleturn|p1a: Blaziken|Protect
|move|p2a: Enamorus|Moonblast|p1a: Blaziken
|-activate|p1a: Blaziken|move: Protect
|
|-fieldend|move: Trick Room
|-ability|p1a: Blaziken|Speed Boost|boost
|-boost|p1a: Blaziken|spe|1
|upkeep
|turn|17
|
|t:|1757831915
|move|p1a: Blaziken|Flare Blitz|p2a: Enamorus
|-damage|p2a: Enamorus|14/100
|-damage|p1a: Blaziken|52/100|[from] Recoil
|-damage|p1a: Blaziken|42/100|[from] item: Life Orb
|move|p2a: Enamorus|Moonblast|p1a: Blaziken
|-damage|p1a: Blaziken|0 fnt
|faint|p1a: Blaziken
|
|upkeep
|
|t:|1757831918
|switch|p1a: Rillaboom|Rillaboom, M|100/100
|-fieldstart|move: Grassy Terrain|[from] ability: Grassy Surge|[of] p1a: Rillaboom
|turn|18
|
|t:|1757831929
|switch|p2a: Cresselia|Cresselia, F|45/100
|-heal|p2a: Cresselia|100/100|[from] move: Healing Wish
|move|p1a: Rillaboom|Wood Hammer|p2a: Cresselia
|-damage|p2a: Cresselia|26/100
|-damage|p1a: Rillaboom|69/100|[from] Recoil
|
|-heal|p1a: Rillaboom|75/100|[from] Grassy Terrain
|-heal|p2a: Cresselia|33/100|[from] item: Leftovers
|upkeep
|turn|19
|
|t:|1757831942
|move|p1a: Rillaboom|Wood Hammer|p2a: Cresselia
|-damage|p2a: Cresselia|0 fnt
|faint|p2a: Cresselia
|-damage|p1a: Rillaboom|61/100|[from] Recoil
|
|-heal|p1a: Rillaboom|67/100|[from] Grassy Terrain
|upkeep
|-message|ciantaihou forfeited.
|
|win|henry151th
|raw|henry151th's rating: 1643 &rarr; <strong>1669</strong><br />(+26 for winning)
|raw|ciantaihou's rating: 1748 &rarr; <strong>1722</strong><br />(-26 for losing)
|l|☆ciantaihou
|player|p2|
|l| heatraniac
