|j|☆jessies boyfriend
|j|☆Jinghan Yu
|t:|1757863589
|gametype|singles
|player|p1|jessies boyfriend|brock|1329
|player|p2|Jinghan Yu|nate|1293
|gen|9
|tier|[Gen 9] OU
|rated|
|rule|HP Percentage Mod: HP is shown in percentages
|rule|Endless Battle Clause: Forcing endless battles is banned
|rule|Species Clause: Limit one of each Pokémon
|rule|OHKO Clause: OHKO moves are banned
|rule|Evasion Items Clause: Evasion items are banned
|rule|Evasion Moves Clause: Evasion moves are banned
|rule|Evasion Abilities Clause: Evasion abilities are banned
|rule|Sleep Moves Clause: Sleep-inducing moves are banned
|clearpoke
|poke|p1|Cinderace, M|
|poke|p1|Tsareena, F|
|poke|p1|Polteageist-Antique|
|poke|p1|Regigigas|
|poke|p1|Slowking, M|
|poke|p1|Incineroar, F|
|poke|p2|Scizor, M|
|poke|p2|Tyranitar, M|
|poke|p2|Garchomp, M|
|poke|p2|Gyarados, M|
|poke|p2|Gengar, M|
|poke|p2|Excadrill, M|
|teampreview
|inactive|Battle timer is ON: inactive players will automatically lose when time's up. (requested by jessies boyfriend)
|
|t:|1757863593
|teamsize|p1|6
|teamsize|p2|6
|start
|switch|p1a: Incineroar|Incineroar, F|100/100
|switch|p2a: Osten|Gyarados, M, shiny|100/100
|-ability|p2a: Osten|Intimidate|boost
|-unboost|p1a: Incineroar|atk|1
|-ability|p1a: Incineroar|Intimidate|boost
|-unboost|p2a: Osten|atk|1
|turn|1
|
|t:|1757863597
|move|p2a: Osten|Dragon Dance|p2a: Osten
|-boost|p2a: Osten|atk|1
|-boost|p2a: Osten|spe|1
|move|p1a: Incineroar|Will-O-Wisp|p2a: Osten
|-status|p2a: Osten|brn
|
|-damage|p2a: Osten|94/100 brn|[from] brn
|upkeep
|turn|2
|
|t:|1757863602
|move|p2a: Osten|Dragon Dance|p2a: Osten
|-boost|p2a: Osten|atk|1
|-boost|p2a: Osten|spe|1
|move|p1a: Incineroar|Knock Off|p2a: Osten
|-damage|p2a: Osten|61/100 brn
|-enditem|p2a: Osten|Leftovers|[from] move: Knock Off|[of] p1a: Incineroar
|
|-damage|p2a: Osten|55/100 brn|[from] brn
|upkeep
|turn|3
|
|t:|1757863608
|move|p2a: Osten|Dragon Dance|p2a: Osten
|-boost|p2a: Osten|atk|1
|-boost|p2a: Osten|spe|1
|move|p1a: Incineroar|Roar|p2a: Osten
|drag|p2a: Timothy|Tyranitar, M|100/100
|-weather|Sandstorm|[from] ability: Sand Stream|[of] p2a: Timothy
|
|-weather|Sandstorm|[upkeep]
|-damage|p1a: Incineroar|94/100|[from] Sandstorm
|-heal|p1a: Incineroar|100/100|[from] item: Leftovers
|upkeep
|turn|4
|
|t:|1757863615
|move|p2a: Timothy|Stealth Rock|p1a: Incineroar
|-sidestart|p1: jessies boyfriend|move: Stealth Rock
|move|p1a: Incineroar|Will-O-Wisp|p2a: Timothy
|-status|p2a: Timothy|brn
|
|-weather|Sandstorm|[upkeep]
|-damage|p1a: Incineroar|94/100|[from] Sandstorm
|-heal|p1a: Incineroar|100/100|[from] item: Leftovers
|-damage|p2a: Timothy|95/100 brn|[from] brn
|upkeep
|turn|5
|
|t:|1757863619
|move|p1a: Incineroar|Drain Punch|p2a: Timothy
|-supereffective|p2a: Timothy
|-damage|p2a: Timothy|44/100 brn
|move|p2a: Timothy|Dragon Tail|p1a: Incineroar
|-damage|p1a: Incineroar|91/100
|drag|p1a: Cinderace|Cinderace, M|100/100
|
|-weather|Sandstorm|[upkeep]
|-damage|p1a: Cinderace|95/100|[from] Sandstorm
|-damage|p2a: Timothy|38/100 brn|[from] brn
|upkeep
|turn|6
|
|t:|1757863628
|switch|p2a: Osten|Gyarados, M, shiny|55/100 brn
|-ability|p2a: Osten|Intimidate|boost
|-unboost|p1a: Cinderace|atk|1
|move|p1a: Cinderace|Court Change|p1a: Cinderace
|-start|p1a: Cinderace|typechange|Normal|[from] ability: Libero
|-swapsideconditions
|-activate|p1a: Cinderace|move: Court Change
|
|-weather|Sandstorm|[upkeep]
|-damage|p1a: Cinderace|89/100|[from] Sandstorm
|-damage|p2a: Osten|49/100 brn|[from] Sandstorm
|-damage|p2a: Osten|43/100 brn|[from] brn
|upkeep
|turn|7
|
|t:|1757863634
|move|p1a: Cinderace|Taunt|p2a: Osten
|-start|p2a: Osten|move: Taunt
|move|p2a: Osten|Waterfall|p1a: Cinderace
|-damage|p1a: Cinderace|64/100
|
|-weather|Sandstorm|[upkeep]
|-damage|p1a: Cinderace|58/100|[from] Sandstorm
|-damage|p2a: Osten|37/100 brn|[from] Sandstorm
|-damage|p2a: Osten|31/100 brn|[from] brn
|upkeep
|turn|8
|
|t:|1757863650
|switch|p1a: Regigigas|Regigigas|100/100
|-start|p1a: Regigigas|ability: Slow Start
|move|p2a: Osten|Waterfall|p1a: Regigigas
|-crit|p1a: Regigigas
|-damage|p1a: Regigigas|69/100
|
|-weather|Sandstorm|[upkeep]
|-damage|p2a: Osten|25/100 brn|[from] Sandstorm
|-damage|p1a: Regigigas|63/100|[from] Sandstorm
|-heal|p1a: Regigigas|69/100|[from] item: Leftovers
|-damage|p2a: Osten|19/100 brn|[from] brn
|upkeep
|turn|9
|
|t:|1757863652
|move|p2a: Osten|Waterfall|p1a: Regigigas
|-damage|p1a: Regigigas|49/100
|move|p1a: Regigigas|Substitute|p1a: Regigigas
|-start|p1a: Regigigas|Substitute
|-damage|p1a: Regigigas|24/100
|
|-weather|Sandstorm|[upkeep]
|-damage|p2a: Osten|13/100 brn|[from] Sandstorm
|-damage|p1a: Regigigas|18/100|[from] Sandstorm
|-heal|p1a: Regigigas|24/100|[from] item: Leftovers
|-damage|p2a: Osten|7/100 brn|[from] brn
|-end|p2a: Osten|move: Taunt
|upkeep
|turn|10
|
|t:|1757863657
|move|p2a: Osten|Waterfall|p1a: Regigigas
|-activate|p1a: Regigigas|move: Substitute|[damage]
|move|p1a: Regigigas|Drain Punch|p2a: Osten
|-resisted|p2a: Osten
|-damage|p2a: Osten|0 fnt
|-heal|p1a: Regigigas|27/100|[from] drain|[of] p2a: Osten
|faint|p2a: Osten
|
|-weather|none
|-heal|p1a: Regigigas|33/100|[from] item: Leftovers
|upkeep
|
|t:|1757863664
|switch|p2a: Boden|Scizor, M, shiny|100/100
|-damage|p2a: Boden|88/100|[from] Stealth Rock
|turn|11
|
|t:|1757863667
|move|p2a: Boden|Dual Wingbeat|p1a: Regigigas
|-end|p1a: Regigigas|Substitute
|-damage|p1a: Regigigas|14/100
|-hitcount|p1a: Regigigas|2
|move|p1a: Regigigas|Heat Crash|p2a: Boden
|-supereffective|p2a: Boden
|-damage|p2a: Boden|13/100
|
|-heal|p1a: Regigigas|20/100|[from] item: Leftovers
|upkeep
|turn|12
|
|t:|1757863682
|switch|p1a: Incineroar|Incineroar, F|91/100
|-ability|p1a: Incineroar|Intimidate|boost
|-unboost|p2a: Boden|atk|1
|move|p2a: Boden|Bullet Punch|p1a: Incineroar
|-resisted|p1a: Incineroar
|-damage|p1a: Incineroar|79/100
|
|-heal|p1a: Incineroar|85/100|[from] item: Leftovers
|upkeep
|turn|13
|
|t:|1757863689
|move|p2a: Boden|Brick Break|p1a: Incineroar
|-supereffective|p1a: Incineroar
|-damage|p1a: Incineroar|55/100
|move|p1a: Incineroar|Knock Off|p2a: Boden
|-damage|p2a: Boden|0 fnt
|-enditem|p2a: Boden|Metal Coat|[from] move: Knock Off|[of] p1a: Incineroar
|faint|p2a: Boden
|
|-heal|p1a: Incineroar|61/100|[from] item: Leftovers
|upkeep
|
|t:|1757863693
|switch|p2a: Timothy|Tyranitar, M|38/100 brn
|-damage|p2a: Timothy|26/100 brn|[from] Stealth Rock
|-weather|Sandstorm|[from] ability: Sand Stream|[of] p2a: Timothy
|turn|14
|
|t:|1757863696
|switch|p2a: Mangus|Garchomp, M, shiny|100/100
|-damage|p2a: Mangus|94/100|[from] Stealth Rock
|move|p1a: Incineroar|Drain Punch|p2a: Mangus
|-damage|p2a: Mangus|73/100
|-heal|p1a: Incineroar|72/100|[from] drain|[of] p2a: Mangus
|-damage|p1a: Incineroar|60/100|[from] ability: Rough Skin|[of] p2a: Mangus
|-damage|p1a: Incineroar|43/100|[from] item: Rocky Helmet|[of] p2a: Mangus
|
|-weather|Sandstorm|[upkeep]
|-damage|p1a: Incineroar|37/100|[from] Sandstorm
|-heal|p1a: Incineroar|43/100|[from] item: Leftovers
|upkeep
|turn|15
|
|t:|1757863704
|-terastallize|p1a: Incineroar|Fighting
|move|p2a: Mangus|Earthquake|p1a: Incineroar
|-damage|p1a: Incineroar|0 fnt
|faint|p1a: Incineroar
|
|-weather|Sandstorm|[upkeep]
|upkeep
|
|t:|1757863714
|switch|p1a: Slowking|Slowking, M|100/100
|turn|16
|
|t:|1757863718
|-terastallize|p2a: Mangus|Ghost
|move|p2a: Mangus|Swords Dance|p2a: Mangus
|-boost|p2a: Mangus|atk|2
|-prepare|p1a: Slowking|Chilly Reception|[premajor]
|move|p1a: Slowking|Chilly Reception|p1a: Slowking
|-weather|Snowscape
|
|t:|1757863725
|switch|p1a: Regigigas|Regigigas|20/100|[from] Chilly Reception
|-start|p1a: Regigigas|ability: Slow Start
|
|-weather|Snowscape|[upkeep]
|-heal|p1a: Regigigas|27/100|[from] item: Leftovers
|upkeep
|turn|17
|
|t:|1757863734
|move|p2a: Mangus|Scale Shot|p1a: Regigigas
|-damage|p1a: Regigigas|1/100
|-damage|p1a: Regigigas|0 fnt
|faint|p1a: Regigigas
|-hitcount|p1: Regigigas|2
|-unboost|p2a: Mangus|def|1
|-boost|p2a: Mangus|spe|1
|
|-weather|Snowscape|[upkeep]
|upkeep
|
|t:|1757863743
|switch|p1a: Slowking|Slowking, M|100/100
|turn|18
|
|t:|1757863745
|move|p2a: Mangus|Shadow Claw|p1a: Slowking
|-supereffective|p1a: Slowking
|-damage|p1a: Slowking|0 fnt
|faint|p1a: Slowking
|
|-weather|Snowscape|[upkeep]
|upkeep
|
|t:|1757863748
|switch|p1a: Polteageist|Polteageist-Antique|100/100
|turn|19
|
|t:|1757863751
|move|p2a: Mangus|Scale Shot|p1a: Polteageist
|-damage|p1a: Polteageist|48/100
|-ability|p1a: Polteageist|Weak Armor|boost
|-unboost|p1a: Polteageist|def|1
|-boost|p1a: Polteageist|spe|2
|-damage|p1a: Polteageist|0 fnt
|faint|p1a: Polteageist
|-hitcount|p1: Polteageist|2
|-unboost|p2a: Mangus|def|1
|-boost|p2a: Mangus|spe|1
|
|-weather|Snowscape|[upkeep]
|upkeep
|
|t:|1757863755
|switch|p1a: Cinderace|Cinderace, M|58/100
|turn|20
|
|t:|1757863759
|move|p2a: Mangus|Earthquake|p1a: Cinderace
|-supereffective|p1a: Cinderace
|-damage|p1a: Cinderace|0 fnt
|faint|p1a: Cinderace
|
|-weather|none
|upkeep
|
|t:|1757863762
|switch|p1a: Tsareena|Tsareena, F, shiny|100/100
|turn|21
|
|t:|1757863764
|move|p2a: Mangus|Shadow Claw|p1a: Tsareena
|-damage|p1a: Tsareena|18/100
|move|p1a: Tsareena|Play Rough|p2a: Mangus
|-damage|p2a: Mangus|18/100
|-damage|p1a: Tsareena|6/100|[from] ability: Rough Skin|[of] p2a: Mangus
|-damage|p1a: Tsareena|0 fnt|[from] item: Rocky Helmet|[of] p2a: Mangus
|faint|p1a: Tsareena
|
|win|Jinghan Yu
|raw|jessies boyfriend's rating: 1329 &rarr; <strong>1307</strong><br />(-22 for losing)
|raw|Jinghan Yu's rating: 1293 &rarr; <strong>1321</strong><br />(+28 for winning)
|l|☆jessies boyfriend
|player|p1|
|l|☆Jinghan Yu
|player|p2|
