|j|☆Moistham
|j|☆KnockOffx2
|t:|1757906553
|gametype|singles
|player|p1|Moistham|101|1626
|player|p2|KnockOffx2|burglar|1659
|gen|9
|tier|[Gen 9] OU
|rated|
|rule|HP Percentage Mod: HP is shown in percentages
|rule|Endless Battle Clause: Forcing endless battles is banned
|rule|Species Clause: Limit one of each Pokémon
|rule|OHKO Clause: OHKO moves are banned
|rule|Evasion Items Clause: Evasion items are banned
|rule|Evasion Moves Clause: Evasion moves are banned
|rule|Evasion Abilities Clause: Evasion abilities are banned
|rule|Sleep Moves Clause: Sleep-inducing moves are banned
|clearpoke
|poke|p1|Blaziken, M|
|poke|p1|Salamence, F|
|poke|p1|Ambipom, M|
|poke|p1|Houndstone, M|
|poke|p1|Iron Hands|
|poke|p1|Scizor, M|
|poke|p2|Great Tusk|
|poke|p2|Slowking-Galar, M|
|poke|p2|Crawdaunt, F|
|poke|p2|Gholdengo|
|poke|p2|Zapdos|
|poke|p2|Cinderace, M|
|teampreview
|inactive|Battle timer is ON: inactive players will automatically lose when time's up. (requested by Moistham)
|
|t:|1757906565
|teamsize|p1|6
|teamsize|p2|6
|start
|switch|p1a: Ambipom|Ambipom, M|100/100
|switch|p2a: Cinderace|Cinderace, M|100/100
|turn|1
|
|t:|1757906566
|switch|p2a: Zapdos|Zapdos|100/100
|move|p1a: Ambipom|Fake Out|p2a: Zapdos
|-damage|p2a: Zapdos|82/100
|-status|p1a: Ambipom|par|[from] ability: Static|[of] p2a: Zapdos
|
|upkeep
|turn|2
|
|t:|1757906572
|move|p2a: Zapdos|Volt Switch|p1a: Ambipom
|-damage|p1a: Ambipom|54/100 par
|
|t:|1757906576
|switch|p2a: Great Tusk|Great Tusk|100/100|[from] Volt Switch
|cant|p1a: Ambipom|par
|
|upkeep
|turn|3
|
|t:|1757906580
|move|p2a: Great Tusk|Stealth Rock|p1a: Ambipom
|-sidestart|p1: Moistham|move: Stealth Rock
|move|p1a: Ambipom|Triple Axel|p2a: Great Tusk
|-supereffective|p2a: Great Tusk
|-damage|p2a: Great Tusk|84/100
|-supereffective|p2a: Great Tusk
|-damage|p2a: Great Tusk|51/100
|-supereffective|p2a: Great Tusk
|-crit|p2a: Great Tusk
|-damage|p2a: Great Tusk|0 fnt
|faint|p2a: Great Tusk
|-end|p2a: Great Tusk|Protosynthesis|[silent]
|-hitcount|p2: Great Tusk|3
|
|upkeep
|
|t:|1757906590
|switch|p2a: Cinderace|Cinderace, M|100/100
|turn|4
|
|t:|1757906592
|move|p2a: Cinderace|U-turn|p1a: Ambipom
|-start|p2a: Cinderace|typechange|Bug|[from] ability: Libero
|-damage|p1a: Ambipom|0 fnt
|faint|p1a: Ambipom
|
|t:|1757906597
|switch|p2a: Slowking|Slowking-Galar, M|100/100|[from] U-turn
|
|upkeep
|
|t:|1757906606
|switch|p1a: Scizor|Scizor, M|100/100
|-damage|p1a: Scizor|88/100|[from] Stealth Rock
|turn|5
|
|t:|1757906611
|switch|p2a: Zapdos|Zapdos|82/100
|move|p1a: Scizor|Swords Dance|p1a: Scizor
|-boost|p1a: Scizor|atk|2
|
|upkeep
|turn|6
|
|t:|1757906620
|move|p2a: Zapdos|Thunder Wave|p1a: Scizor
|-status|p1a: Scizor|par
|move|p1a: Scizor|Knock Off|p2a: Zapdos
|-damage|p2a: Zapdos|30/100
|-enditem|p2a: Zapdos|Heavy-Duty Boots|[from] move: Knock Off|[of] p1a: Scizor
|
|upkeep
|turn|7
|
|t:|1757906626
|cant|p1a: Scizor|par
|move|p2a: Zapdos|Roost|p2a: Zapdos
|-heal|p2a: Zapdos|80/100
|-singleturn|p2a: Zapdos|move: Roost
|
|upkeep
|turn|8
|
|t:|1757906628
|move|p1a: Scizor|Bullet Punch|p2a: Zapdos
|-resisted|p2a: Zapdos
|-damage|p2a: Zapdos|57/100
|move|p2a: Zapdos|Hurricane|p1a: Scizor
|-damage|p1a: Scizor|37/100 par
|
|upkeep
|turn|9
|
|t:|1757906635
|move|p1a: Scizor|Bullet Punch|p2a: Zapdos
|-resisted|p2a: Zapdos
|-damage|p2a: Zapdos|27/100
|move|p2a: Zapdos|Hurricane|p1a: Scizor
|-damage|p1a: Scizor|0 fnt
|faint|p1a: Scizor
|
|upkeep
|
|t:|1757906645
|switch|p1a: Iron Hands|Iron Hands|100/100
|-damage|p1a: Iron Hands|94/100|[from] Stealth Rock
|-enditem|p1a: Iron Hands|Booster Energy
|-activate|p1a: Iron Hands|ability: Quark Drive|[fromitem]
|-start|p1a: Iron Hands|quarkdriveatk
|turn|10
|
|t:|1757906652
|move|p2a: Zapdos|Hurricane|p1a: Iron Hands
|-damage|p1a: Iron Hands|53/100
|move|p1a: Iron Hands|Swords Dance|p1a: Iron Hands
|-boost|p1a: Iron Hands|atk|2
|
|upkeep
|turn|11
|
|t:|1757906659
|move|p2a: Zapdos|Volt Switch|p1a: Iron Hands
|-resisted|p1a: Iron Hands
|-damage|p1a: Iron Hands|39/100
|
|t:|1757906663
|switch|p2a: Gholdengo|Gholdengo|100/100|[from] Volt Switch
|move|p1a: Iron Hands|Drain Punch|p2a: Gholdengo
|-immune|p2a: Gholdengo
|
|upkeep
|turn|12
|
|t:|1757906666
|move|p2a: Gholdengo|Shadow Ball|p1a: Iron Hands
|-damage|p1a: Iron Hands|0 fnt
|faint|p1a: Iron Hands
|-end|p1a: Iron Hands|Quark Drive|[silent]
|
|upkeep
|
|t:|1757906669
|switch|p1a: Blaziken|Blaziken, M|100/100
|-damage|p1a: Blaziken|88/100|[from] Stealth Rock
|turn|13
|
|t:|1757906673
|move|p2a: Gholdengo|Shadow Ball|p1a: Blaziken
|-damage|p1a: Blaziken|22/100
|move|p1a: Blaziken|Flare Blitz|p2a: Gholdengo
|-supereffective|p2a: Gholdengo
|-damage|p2a: Gholdengo|0 fnt
|faint|p2a: Gholdengo
|-damage|p1a: Blaziken|0 fnt|[from] Recoil
|faint|p1a: Blaziken
|
|upkeep
|
|t:|1757906681
|switch|p2a: Zapdos|Zapdos|27/100
|switch|p1a: Salamence|Salamence, F|100/100
|-damage|p1a: Salamence|76/100|[from] Stealth Rock
|turn|14
|
|t:|1757906690
|move|p1a: Salamence|Dragon Dance|p1a: Salamence
|-boost|p1a: Salamence|atk|1
|-boost|p1a: Salamence|spe|1
|move|p2a: Zapdos|Thunder Wave|p1a: Salamence|[miss]
|-miss|p2a: Zapdos|p1a: Salamence
|
|upkeep
|turn|15
|
|t:|1757906695
|move|p1a: Salamence|Temper Flare|p2a: Zapdos
|-damage|p2a: Zapdos|0 fnt
|-status|p1a: Salamence|par|[from] ability: Static|[of] p2a: Zapdos
|-enditem|p1a: Salamence|Lum Berry|[eat]
|-curestatus|p1a: Salamence|par|[msg]
|faint|p2a: Zapdos
|-ability|p1a: Salamence|Moxie|boost
|-boost|p1a: Salamence|atk|1
|
|upkeep
|
|t:|1757906704
|switch|p2a: Slowking|Slowking-Galar, M|100/100
|turn|16
|
|t:|1757906707
|-terastallize|p2a: Slowking|Water
|move|p1a: Salamence|Earthquake|p2a: Slowking
|-damage|p2a: Slowking|26/100
|move|p2a: Slowking|Ice Beam|p1a: Salamence
|-supereffective|p1a: Salamence
|-damage|p1a: Salamence|0 fnt
|faint|p1a: Salamence
|
|upkeep
|
|t:|1757906710
|switch|p1a: Houndstone|Houndstone, M|100/100
|-damage|p1a: Houndstone|88/100|[from] Stealth Rock
|turn|17
|
|t:|1757906715
|move|p1a: Houndstone|Poltergeist|p2a: Slowking|[miss]
|-miss|p1a: Houndstone|p2a: Slowking
|move|p2a: Slowking|Psyshock|p1a: Houndstone
|-damage|p1a: Houndstone|54/100
|
|-heal|p1a: Houndstone|60/100|[from] item: Leftovers
|upkeep
|turn|18
|
|t:|1757906722
|move|p1a: Houndstone|Poltergeist|p2a: Slowking
|-activate|p2a: Slowking|move: Poltergeist|Assault Vest
|-damage|p2a: Slowking|0 fnt
|faint|p2a: Slowking
|
|-heal|p1a: Houndstone|66/100|[from] item: Leftovers
|upkeep
|
|t:|1757906724
|switch|p2a: Crawdaunt|Crawdaunt, F|100/100
|turn|19
|
|t:|1757906754
|-terastallize|p1a: Houndstone|Fire
|move|p2a: Crawdaunt|Knock Off|p1a: Houndstone
|-damage|p1a: Houndstone|11/100
|-enditem|p1a: Houndstone|Leftovers|[from] move: Knock Off|[of] p2a: Crawdaunt
|move|p1a: Houndstone|Will-O-Wisp|p2a: Crawdaunt
|-status|p2a: Crawdaunt|brn
|
|-damage|p2a: Crawdaunt|95/100 brn|[from] brn
|upkeep
|turn|20
|
|t:|1757906759
|move|p2a: Crawdaunt|Knock Off|p1a: Houndstone
|-damage|p1a: Houndstone|0 fnt
|faint|p1a: Houndstone
|
|win|KnockOffx2
|raw|Moistham's rating: 1626 &rarr; <strong>1608</strong><br />(-18 for losing)
|raw|KnockOffx2's rating: 1659 &rarr; <strong>1677</strong><br />(+18 for winning)
|l|☆Moistham
|player|p1|
|l|☆KnockOffx2
|player|p2|
