|j|☆bluebrine
|j|☆JBLspeakerfetty
|t:|1757838860
|gametype|singles
|player|p1|bluebrine|tuber|1508
|player|p2|JBLspeakerfetty|2|1481
|gen|9
|tier|[Gen 9] OU
|rated|
|rule|HP Percentage Mod: HP is shown in percentages
|rule|Endless Battle Clause: Forcing endless battles is banned
|rule|Species Clause: Limit one of each Pokémon
|rule|OHKO Clause: OHKO moves are banned
|rule|Evasion Items Clause: Evasion items are banned
|rule|Evasion Moves Clause: Evasion moves are banned
|rule|Evasion Abilities Clause: Evasion abilities are banned
|rule|Sleep Moves Clause: Sleep-inducing moves are banned
|clearpoke
|poke|p1|Dragonite, F|
|poke|p1|Zamazenta-*|
|poke|p1|Landorus-Therian, M|
|poke|p1|Gholdengo|
|poke|p1|Darkrai|
|poke|p1|Quaquaval, F|
|poke|p2|Pikachu, F|
|poke|p2|Kingambit, M|
|poke|p2|Mimikyu, F|
|poke|p2|Moltres|
|poke|p2|Primarina, F|
|poke|p2|Garchomp, F|
|teampreview
|l|☆JBLspeakerfetty
|player|p2|
|inactive|Battle timer is ON: inactive players will automatically lose when time's up. (requested by bluebrine)
|j|☆JBLspeakerfetty
|inactive|JBLspeakerfetty reconnected and has 135 seconds left.
|player|p2|JBLspeakerfetty|2|
|
|t:|1757838925
|teamsize|p1|6
|teamsize|p2|6
|start
|switch|p1a: Landorus|Landorus-Therian, M|100/100
|switch|p2a: Primarina|Primarina, F|100/100
|-ability|p1a: Landorus|Intimidate|boost
|-unboost|p2a: Primarina|atk|1
|turn|1
|
|t:|1757838933
|move|p1a: Landorus|U-turn|p2a: Primarina
|-resisted|p2a: Primarina
|-damage|p2a: Primarina|87/100
|
|t:|1757838937
|switch|p1a: Quaquaval|Quaquaval, F|100/100|[from] U-turn
|move|p2a: Primarina|Hydro Pump|p1a: Quaquaval
|-resisted|p1a: Quaquaval
|-damage|p1a: Quaquaval|79/100
|
|upkeep
|turn|2
|
|t:|1757838947
|move|p1a: Quaquaval|U-turn|p2a: Primarina
|-resisted|p2a: Primarina
|-damage|p2a: Primarina|74/100
|
|t:|1757838950
|switch|p1a: Gholdengo|Gholdengo|100/100|[from] U-turn
|move|p2a: Primarina|Draining Kiss|p1a: Gholdengo
|-resisted|p1a: Gholdengo
|-damage|p1a: Gholdengo|85/100
|-heal|p2a: Primarina|85/100|[from] drain|[of] p1a: Gholdengo
|
|upkeep
|turn|3
|
|t:|1757838962
|switch|p2a: Kingambit|Kingambit, M|100/100
|move|p1a: Gholdengo|Make It Rain|p2a: Kingambit
|-resisted|p2a: Kingambit
|-crit|p2a: Kingambit
|-damage|p2a: Kingambit|42/100
|-unboost|p1a: Gholdengo|spa|1
|
|-heal|p2a: Kingambit|48/100|[from] item: Leftovers
|upkeep
|turn|4
|
|t:|1757838975
|switch|p1a: Landorus|Landorus-Therian, M|100/100
|-ability|p1a: Landorus|Intimidate|boost
|-unboost|p2a: Kingambit|atk|1
|-end|p2a: Kingambit|fallenundefined|[silent]
|switch|p2a: Primarina|Primarina, F|85/100
|
|upkeep
|turn|5
|
|t:|1757838985
|move|p1a: Landorus|U-turn|p2a: Primarina
|-resisted|p2a: Primarina
|-damage|p2a: Primarina|73/100
|
|t:|1757838989
|switch|p1a: Gholdengo|Gholdengo|85/100|[from] U-turn
|move|p2a: Primarina|Hydro Pump|p1a: Gholdengo
|-damage|p1a: Gholdengo|23/100
|
|upkeep
|turn|6
|
|t:|1757839005
|switch|p2a: Kingambit|Kingambit, M|48/100
|move|p1a: Gholdengo|Recover|p1a: Gholdengo
|-heal|p1a: Gholdengo|73/100
|
|-heal|p2a: Kingambit|54/100|[from] item: Leftovers
|upkeep
|turn|7
|
|t:|1757839017
|switch|p1a: Landorus|Landorus-Therian, M|100/100
|-ability|p1a: Landorus|Intimidate|boost
|-unboost|p2a: Kingambit|atk|1
|-end|p2a: Kingambit|fallenundefined|[silent]
|switch|p2a: Primarina|Primarina, F|73/100
|
|upkeep
|turn|8
|
|t:|1757839026
|move|p1a: Landorus|U-turn|p2a: Primarina
|-resisted|p2a: Primarina
|-damage|p2a: Primarina|61/100
|
|t:|1757839032
|switch|p1a: Quaquaval|Quaquaval, F|79/100|[from] U-turn
|move|p2a: Primarina|Hydro Pump|p1a: Quaquaval
|-resisted|p1a: Quaquaval
|-damage|p1a: Quaquaval|58/100
|
|upkeep
|turn|9
|
|t:|1757839043
|move|p1a: Quaquaval|Aqua Step|p2a: Primarina
|-resisted|p2a: Primarina
|-damage|p2a: Primarina|37/100
|-boost|p1a: Quaquaval|spe|1
|move|p2a: Primarina|Hydro Pump|p1a: Quaquaval
|-resisted|p1a: Quaquaval
|-damage|p1a: Quaquaval|35/100
|
|upkeep
|turn|10
|
|t:|1757839052
|move|p1a: Quaquaval|Close Combat|p2a: Primarina
|-resisted|p2a: Primarina
|-damage|p2a: Primarina|0 fnt
|-unboost|p1a: Quaquaval|def|1
|-unboost|p1a: Quaquaval|spd|1
|faint|p2a: Primarina
|-ability|p1a: Quaquaval|Moxie|boost
|-boost|p1a: Quaquaval|atk|1
|
|upkeep
|
|t:|1757839061
|switch|p2a: Garchomp|Garchomp, F|100/100
|turn|11
|
|t:|1757839068
|move|p2a: Garchomp|Earthquake|p1a: Quaquaval
|-damage|p1a: Quaquaval|0 fnt
|faint|p1a: Quaquaval
|
|upkeep
|
|t:|1757839074
|switch|p1a: Landorus|Landorus-Therian, M|100/100
|-ability|p1a: Landorus|Intimidate|boost
|-unboost|p2a: Garchomp|atk|1
|turn|12
|
|t:|1757839077
|switch|p2a: Moltres|Moltres|100/100
|move|p1a: Landorus|U-turn|p2a: Moltres
|-resisted|p2a: Moltres
|-damage|p2a: Moltres|97/100
|-status|p1a: Landorus|brn|[from] ability: Flame Body|[of] p2a: Moltres
|
|t:|1757839086
|switch|p1a: Darkrai|Darkrai|100/100|[from] U-turn
|
|upkeep
|turn|13
|
|t:|1757839091
|move|p1a: Darkrai|Dark Pulse|p2a: Moltres
|-damage|p2a: Moltres|61/100
|move|p2a: Moltres|U-turn|p1a: Darkrai
|-supereffective|p1a: Darkrai
|-damage|p1a: Darkrai|60/100
|
|t:|1757839099
|switch|p2a: Garchomp|Garchomp, F|100/100|[from] U-turn
|
|upkeep
|turn|14
|
|t:|1757839107
|-terastallize|p1a: Darkrai|Fairy
|move|p2a: Garchomp|Stone Edge|p1a: Darkrai|[miss]
|-miss|p2a: Garchomp|p1a: Darkrai
|move|p1a: Darkrai|Tera Blast|p2a: Garchomp|[anim] Tera Blast Fairy
|-supereffective|p2a: Garchomp
|-damage|p2a: Garchomp|23/100
|
|upkeep
|turn|15
|
|t:|1757839115
|switch|p1a: Landorus|Landorus-Therian, M|100/100 brn
|-ability|p1a: Landorus|Intimidate|boost
|-unboost|p2a: Garchomp|atk|1
|move|p2a: Garchomp|Stone Edge|p1a: Landorus
|-damage|p1a: Landorus|83/100 brn
|
|-damage|p1a: Landorus|77/100 brn|[from] brn
|upkeep
|turn|16
|
|t:|1757839121
|move|p2a: Garchomp|Stone Edge|p1a: Landorus
|-crit|p1a: Landorus
|-damage|p1a: Landorus|40/100 brn
|move|p1a: Landorus|Stealth Rock|p2a: Garchomp
|-sidestart|p2: JBLspeakerfetty|move: Stealth Rock
|
|-damage|p1a: Landorus|34/100 brn|[from] brn
|upkeep
|turn|17
|
|t:|1757839126
|move|p2a: Garchomp|Stone Edge|p1a: Landorus|[miss]
|-miss|p2a: Garchomp|p1a: Landorus
|move|p1a: Landorus|Earthquake|p2a: Garchomp
|-damage|p2a: Garchomp|0 fnt
|faint|p2a: Garchomp
|
|-damage|p1a: Landorus|28/100 brn|[from] brn
|upkeep
|
|t:|1757839132
|switch|p2a: Moltres|Moltres|61/100
|turn|18
|
|t:|1757839136
|move|p1a: Landorus|U-turn|p2a: Moltres
|-resisted|p2a: Moltres
|-damage|p2a: Moltres|59/100
|
|t:|1757839153
|switch|p1a: Gholdengo|Gholdengo|73/100|[from] U-turn
|move|p2a: Moltres|Roost|p2a: Moltres
|-heal|p2a: Moltres|100/100
|-singleturn|p2a: Moltres|move: Roost
|
|upkeep
|turn|19
|
|t:|1757839158
|move|p1a: Gholdengo|Thunderbolt|p2a: Moltres
|-supereffective|p2a: Moltres
|-damage|p2a: Moltres|34/100
|move|p2a: Moltres|U-turn|p1a: Gholdengo
|-resisted|p1a: Gholdengo
|-damage|p1a: Gholdengo|69/100
|
|t:|1757839165
|switch|p2a: Kingambit|Kingambit, M|54/100|[from] U-turn
|-damage|p2a: Kingambit|48/100|[from] Stealth Rock
|-activate|p2a: Kingambit|ability: Supreme Overlord
|-start|p2a: Kingambit|fallen2|[silent]
|
|-heal|p2a: Kingambit|54/100|[from] item: Leftovers
|upkeep
|turn|20
|
|t:|1757839170
|switch|p1a: Landorus|Landorus-Therian, M|28/100 brn
|-ability|p1a: Landorus|Intimidate|boost
|-unboost|p2a: Kingambit|atk|1
|move|p2a: Kingambit|Kowtow Cleave|p1a: Landorus
|-damage|p1a: Landorus|0 fnt
|-damage|p2a: Kingambit|38/100|[from] item: Rocky Helmet|[of] p1a: Landorus
|faint|p1a: Landorus
|
|-heal|p2a: Kingambit|44/100|[from] item: Leftovers
|upkeep
|
|t:|1757839189
|switch|p1a: Zamazenta|Zamazenta|100/100
|-ability|p1a: Zamazenta|Dauntless Shield|boost
|-boost|p1a: Zamazenta|def|1
|turn|21
|
|t:|1757839194
|-end|p2a: Kingambit|fallen2|[silent]
|switch|p2a: Moltres|Moltres|34/100
|move|p1a: Zamazenta|Iron Defense|p1a: Zamazenta
|-boost|p1a: Zamazenta|def|2
|
|upkeep
|turn|22
|
|t:|1757839198
|move|p1a: Zamazenta|Body Press|p2a: Moltres
|-resisted|p2a: Moltres
|-damage|p2a: Moltres|0 fnt
|-status|p1a: Zamazenta|brn|[from] ability: Flame Body|[of] p2a: Moltres
|faint|p2a: Moltres
|
|-damage|p1a: Zamazenta|94/100 brn|[from] brn
|upkeep
|
|t:|1757839204
|switch|p2a: Mimikyu|Mimikyu, F|100/100
|-damage|p2a: Mimikyu|88/100|[from] Stealth Rock
|turn|23
|
|t:|1757839208
|move|p1a: Zamazenta|Roar|p2a: Mimikyu
|drag|p2a: Kingambit|Kingambit, M|44/100
|-damage|p2a: Kingambit|38/100|[from] Stealth Rock
|-activate|p2a: Kingambit|ability: Supreme Overlord
|-start|p2a: Kingambit|fallen3|[silent]
|
|-heal|p1a: Zamazenta|100/100 brn|[from] item: Leftovers
|-heal|p2a: Kingambit|44/100|[from] item: Leftovers
|-damage|p1a: Zamazenta|94/100 brn|[from] brn
|upkeep
|turn|24
|
|t:|1757839226
|-end|p2a: Kingambit|fallen3|[silent]
|switch|p2a: Mimikyu|Mimikyu, F|88/100
|-damage|p2a: Mimikyu|76/100|[from] Stealth Rock
|move|p1a: Zamazenta|Crunch|p2a: Mimikyu
|-activate|p2a: Mimikyu|ability: Disguise
|-damage|p2a: Mimikyu|76/100
|-unboost|p2a: Mimikyu|def|1
|detailschange|p2a: Mimikyu|Mimikyu-Busted, F
|-damage|p2a: Mimikyu|63/100|[from] pokemon: Mimikyu-Busted
|-enditem|p2a: Mimikyu|Red Card|[of] p1a: Zamazenta
|drag|p1a: Dragonite|Dragonite, F|100/100
|
|upkeep
|turn|25
|
|t:|1757839239
|move|p1a: Dragonite|Earthquake|p2a: Mimikyu
|-damage|p2a: Mimikyu|2/100
|move|p2a: Mimikyu|Trick Room|p2a: Mimikyu
|-fieldstart|move: Trick Room|[of] p2a: Mimikyu
|
|upkeep
|turn|26
|
|t:|1757839251
|switch|p1a: Zamazenta|Zamazenta|94/100 brn
|move|p2a: Mimikyu|Curse|p1a: Zamazenta
|-start|p1a: Zamazenta|Curse|[of] p2a: Mimikyu
|-damage|p2a: Mimikyu|0 fnt
|faint|p2a: Mimikyu
|
|-heal|p1a: Zamazenta|100/100 brn|[from] item: Leftovers
|-damage|p1a: Zamazenta|94/100 brn|[from] brn
|-damage|p1a: Zamazenta|70/100 brn|[from] Curse
|upkeep
|
|t:|1757839255
|switch|p2a: Pikachu|Pikachu, F|100/100
|-damage|p2a: Pikachu|88/100|[from] Stealth Rock
|turn|27
|
|t:|1757839262
|move|p2a: Pikachu|Volt Tackle|p1a: Zamazenta
|-damage|p1a: Zamazenta|11/100 brn
|-damage|p2a: Pikachu|58/100|[from] Recoil
|move|p1a: Zamazenta|Body Press|p2a: Pikachu
|-damage|p2a: Pikachu|0 fnt
|faint|p2a: Pikachu
|
|-heal|p1a: Zamazenta|17/100 brn|[from] item: Leftovers
|-damage|p1a: Zamazenta|11/100 brn|[from] brn
|-damage|p1a: Zamazenta|0 fnt|[from] Curse
|faint|p1a: Zamazenta
|upkeep
|
|t:|1757839270
|switch|p2a: Kingambit|Kingambit, M|44/100
|switch|p1a: Dragonite|Dragonite, F|100/100
|-damage|p2a: Kingambit|38/100|[from] Stealth Rock
|-activate|p2a: Kingambit|ability: Supreme Overlord
|-start|p2a: Kingambit|fallen5|[silent]
|turn|28
|
|t:|1757839275
|move|p2a: Kingambit|Kowtow Cleave|p1a: Dragonite
|-damage|p1a: Dragonite|59/100
|move|p1a: Dragonite|Earthquake|p2a: Kingambit
|-supereffective|p2a: Kingambit
|-damage|p2a: Kingambit|0 fnt
|faint|p2a: Kingambit
|-end|p2a: Kingambit|fallen5|[silent]
|
|win|bluebrine
|raw|bluebrine's rating: 1508 &rarr; <strong>1526</strong><br />(+18 for winning)
|raw|JBLspeakerfetty's rating: 1481 &rarr; <strong>1463</strong><br />(-18 for losing)
|l|☆bluebrine
|player|p1|
