|j|☆notmeezo
|j|☆Eureca
|t:|1757937540
|gametype|singles
|player|p1|notmeezo|lucas|1300
|player|p2|Eureca|170|1252
|gen|9
|tier|[Gen 9] OU
|rated|
|rule|HP Percentage Mod: HP is shown in percentages
|rule|Endless Battle Clause: Forcing endless battles is banned
|rule|Species Clause: Limit one of each Pokémon
|rule|OHKO Clause: OHKO moves are banned
|rule|Evasion Items Clause: Evasion items are banned
|rule|Evasion Moves Clause: Evasion moves are banned
|rule|Evasion Abilities Clause: Evasion abilities are banned
|rule|Sleep Moves Clause: Sleep-inducing moves are banned
|clearpoke
|poke|p1|Zamazenta-*|
|poke|p1|Serperior, M|
|poke|p1|Rotom-Heat|
|poke|p1|Corviknight, M|
|poke|p1|Gliscor, M|
|poke|p1|Ogerpon-Wellspring, F|
|poke|p2|Indeedee, M|
|poke|p2|Hatterene, F|
|poke|p2|Ursaluna, F|
|poke|p2|Iron Hands|
|poke|p2|Hoopa-Unbound|
|poke|p2|Mimikyu, F|
|teampreview
|inactive|Battle timer is ON: inactive players will automatically lose when time's up. (requested by notmeezo)
|inactive|Eureca also wants the timer to be on.
|
|t:|1757937560
|teamsize|p1|6
|teamsize|p2|6
|start
|switch|p1a: Rotom|Rotom-Heat|100/100
|switch|p2a: LEBRON|Iron Hands, shiny|100/100
|-enditem|p2a: LEBRON|Booster Energy
|-activate|p2a: LEBRON|ability: Quark Drive|[fromitem]
|-start|p2a: LEBRON|quarkdriveatk
|turn|1
|
|t:|1757937569
|move|p1a: Rotom|Volt Switch|p2a: LEBRON
|-resisted|p2a: LEBRON
|-damage|p2a: LEBRON|88/100
|
|t:|1757937573
|switch|p1a: Gliscor|Gliscor, M|100/100|[from] Volt Switch
|move|p2a: LEBRON|Close Combat|p1a: Gliscor
|-resisted|p1a: Gliscor
|-damage|p1a: Gliscor|67/100
|-unboost|p2a: LEBRON|def|1
|-unboost|p2a: LEBRON|spd|1
|
|-status|p1a: Gliscor|tox|[from] item: Toxic Orb
|upkeep
|turn|2
|
|t:|1757937579
|move|p1a: Gliscor|Earthquake|p2a: LEBRON
|-supereffective|p2a: LEBRON
|-crit|p2a: LEBRON
|-damage|p2a: LEBRON|0 fnt
|faint|p2a: LEBRON
|-end|p2a: LEBRON|Quark Drive|[silent]
|
|-heal|p1a: Gliscor|79/100 tox|[from] ability: Poison Heal
|upkeep
|
|t:|1757937583
|switch|p2a: Mimi|Mimikyu, F, shiny|100/100
|turn|3
|
|t:|1757937587
|move|p1a: Gliscor|Toxic|p2a: Mimi
|-status|p2a: Mimi|tox
|move|p2a: Mimi|Trick Room|p2a: Mimi
|-fieldstart|move: Trick Room|[of] p2a: Mimi
|
|-damage|p2a: Mimi|94/100 tox|[from] psn
|-heal|p1a: Gliscor|92/100 tox|[from] ability: Poison Heal
|upkeep
|turn|4
|
|t:|1757937594
|move|p1a: Gliscor|Stealth Rock|p2a: Mimi
|-sidestart|p2: Eureca|move: Stealth Rock
|move|p2a: Mimi|Trick Room|p2a: Mimi
|-fieldend|move: Trick Room
|
|-heal|p1a: Gliscor|100/100 tox|[from] ability: Poison Heal
|-damage|p2a: Mimi|82/100 tox|[from] psn
|upkeep
|turn|5
|
|t:|1757937598
|move|p1a: Gliscor|Earthquake|p2a: Mimi
|-activate|p2a: Mimi|ability: Disguise
|-damage|p2a: Mimi|82/100 tox
|detailschange|p2a: Mimi|Mimikyu-Busted, F, shiny
|-damage|p2a: Mimi|70/100 tox|[from] pokemon: Mimikyu-Busted
|-enditem|p2a: Mimi|Red Card|[of] p1a: Gliscor
|drag|p1a: Rotom|Rotom-Heat|100/100
|move|p2a: Mimi|Trick Room|p2a: Mimi
|-fieldstart|move: Trick Room|[of] p2a: Mimi
|
|-damage|p2a: Mimi|52/100 tox|[from] psn
|upkeep
|turn|6
|
|t:|1757937614
|move|p2a: Mimi|Curse|p1a: Rotom
|-start|p1a: Rotom|Curse|[of] p2a: Mimi
|-damage|p2a: Mimi|2/100 tox
|move|p1a: Rotom|Volt Switch|p2a: Mimi
|-damage|p2a: Mimi|0 fnt
|faint|p2a: Mimi
|
|t:|1757937623
|switch|p1a: Gliscor|Gliscor, M|100/100 tox|[from] Volt Switch
|
|upkeep
|inactive|Eureca has 120 seconds left.
|
|t:|1757937659
|switch|p2a: Crashout YN|Ursaluna, F, shiny|100/100
|-damage|p2a: Crashout YN|94/100|[from] Stealth Rock
|turn|7
|
|t:|1757937667
|move|p2a: Crashout YN|Ice Punch|p1a: Gliscor
|-supereffective|p1a: Gliscor
|-damage|p1a: Gliscor|13/100 tox
|move|p1a: Gliscor|Earthquake|p2a: Crashout YN
|-damage|p2a: Crashout YN|68/100
|
|-heal|p1a: Gliscor|25/100 tox|[from] ability: Poison Heal
|-status|p2a: Crashout YN|brn|[from] item: Flame Orb
|upkeep
|turn|8
|
|t:|1757937673
|move|p1a: Gliscor|Protect|p1a: Gliscor
|-singleturn|p1a: Gliscor|Protect
|move|p2a: Crashout YN|Facade|p1a: Gliscor
|-activate|p1a: Gliscor|move: Protect
|
|-heal|p1a: Gliscor|38/100 tox|[from] ability: Poison Heal
|-damage|p2a: Crashout YN|62/100 brn|[from] brn
|upkeep
|turn|9
|
|t:|1757937678
|switch|p1a: Corviknight|Corviknight, M|100/100
|move|p2a: Crashout YN|Facade|p1a: Corviknight
|-resisted|p1a: Corviknight
|-damage|p1a: Corviknight|60/100
|-damage|p2a: Crashout YN|46/100 brn|[from] item: Rocky Helmet|[of] p1a: Corviknight
|
|-damage|p2a: Crashout YN|40/100 brn|[from] brn
|-fieldend|move: Trick Room
|upkeep
|turn|10
|
|t:|1757937685
|switch|p2a: Subaru|Indeedee, M, shiny|100/100
|-damage|p2a: Subaru|88/100|[from] Stealth Rock
|-fieldstart|move: Psychic Terrain|[from] ability: Psychic Surge|[of] p2a: Subaru
|move|p1a: Corviknight|Roost|p1a: Corviknight
|-heal|p1a: Corviknight|100/100
|-singleturn|p1a: Corviknight|move: Roost
|
|upkeep
|turn|11
|
|t:|1757937697
|move|p1a: Corviknight|Body Press|p2a: Subaru
|-damage|p2a: Subaru|59/100
|move|p2a: Subaru|Trick Room|p2a: Subaru
|-fieldstart|move: Trick Room|[of] p2a: Subaru
|
|upkeep
|turn|12
|
|t:|1757937705
|switch|p2a: King Von|Hoopa-Unbound|100/100
|-damage|p2a: King Von|88/100|[from] Stealth Rock
|-enditem|p2a: King Von|Psychic Seed
|-boost|p2a: King Von|spd|1|[from] item: Psychic Seed
|move|p1a: Corviknight|Body Press|p2a: King Von
|-damage|p2a: King Von|59/100
|
|upkeep
|turn|13
|
|t:|1757937717
|move|p2a: King Von|Expanding Force|p1a: Corviknight
|-resisted|p1a: Corviknight
|-damage|p1a: Corviknight|50/100
|-item|p2a: King Von|Rocky Helmet|[from] ability: Magician|[of] p1a: Corviknight
|move|p1a: Corviknight|Body Press|p2a: King Von
|-damage|p2a: King Von|32/100
|-damage|p1a: Corviknight|33/100|[from] item: Rocky Helmet|[of] p2a: King Von
|
|upkeep
|turn|14
|
|t:|1757937725
|move|p2a: King Von|Expanding Force|p1a: Corviknight
|-resisted|p1a: Corviknight
|-damage|p1a: Corviknight|0 fnt
|faint|p1a: Corviknight
|
|upkeep
|
|t:|1757937729
|switch|p1a: Zamazenta|Zamazenta|100/100
|-ability|p1a: Zamazenta|Dauntless Shield|boost
|-boost|p1a: Zamazenta|def|1
|turn|15
|
|t:|1757937734
|-terastallize|p1a: Zamazenta|Dark
|move|p2a: King Von|Expanding Force|p1a: Zamazenta
|-immune|p1a: Zamazenta
|move|p1a: Zamazenta|Body Press|p2a: King Von
|-damage|p2a: King Von|0 fnt
|-damage|p1a: Zamazenta|84/100|[from] item: Rocky Helmet|[of] p2a: King Von
|faint|p2a: King Von
|
|-fieldend|move: Trick Room
|upkeep
|
|t:|1757937739
|switch|p2a: Subaru|Indeedee, M, shiny|59/100
|-damage|p2a: Subaru|46/100|[from] Stealth Rock
|turn|16
|
|t:|1757937746
|move|p1a: Zamazenta|Body Press|p2a: Subaru
|-damage|p2a: Subaru|0 fnt
|faint|p2a: Subaru
|
|upkeep
|
|t:|1757937749
|switch|p2a: Satella|Hatterene, F, shiny|100/100
|-damage|p2a: Satella|88/100|[from] Stealth Rock
|turn|17
|
|t:|1757937752
|move|p1a: Zamazenta|Roar|p2a: Satella
|move|p2a: Satella|Roar|p1a: Zamazenta|[from] ability: Magic Bounce
|drag|p1a: Serperior|Serperior, M|100/100
|move|p2a: Satella|Trick Room|p2a: Satella
|-fieldstart|move: Trick Room|[of] p2a: Satella
|
|-fieldend|move: Psychic Terrain
|upkeep
|turn|18
|
|t:|1757937758
|move|p2a: Satella|Mystical Fire|p1a: Serperior
|-supereffective|p1a: Serperior
|-damage|p1a: Serperior|22/100
|-boost|p1a: Serperior|spa|1
|-damage|p2a: Satella|78/100|[from] item: Life Orb
|move|p1a: Serperior|Leaf Storm|p2a: Satella
|-damage|p2a: Satella|13/100
|-boost|p1a: Serperior|spa|2
|
|-heal|p1a: Serperior|28/100|[from] item: Leftovers
|upkeep
|turn|19
|
|t:|1757937764
|switch|p1a: Rotom|Rotom-Heat|100/100
|move|p2a: Satella|Mystical Fire|p1a: Rotom
|-resisted|p1a: Rotom
|-damage|p1a: Rotom|74/100
|-unboost|p1a: Rotom|spa|1
|-damage|p2a: Satella|3/100|[from] item: Life Orb
|
|upkeep
|turn|20
|inactive|Eureca has 120 seconds left.
|inactive|Eureca has 90 seconds left.
|inactive|Eureca has 60 seconds left.
|inactive|Eureca has 30 seconds left.
|inactive|Eureca has 20 seconds left.
|inactive|Eureca has 15 seconds left.
|inactive|Eureca has 10 seconds left.
|inactive|Eureca has 5 seconds left.
|-message|Eureca lost due to inactivity.
|
|win|notmeezo
|raw|notmeezo's rating: 1300 &rarr; <strong>1322</strong><br />(+22 for winning)
|raw|Eureca's rating: 1252 &rarr; <strong>1230</strong><br />(-22 for losing)
|l|☆Eureca
|player|p2|
|l|☆notmeezo
|player|p1|
