|j|☆young dc
|j|☆Mreda
|t:|1757854139
|gametype|singles
|player|p1|young dc|266|1430
|player|p2|Mreda|steven|1437
|gen|9
|tier|[Gen 9] OU
|rated|
|rule|HP Percentage Mod: HP is shown in percentages
|rule|Endless Battle Clause: Forcing endless battles is banned
|rule|Species Clause: Limit one of each Pokémon
|rule|OHKO Clause: OHKO moves are banned
|rule|Evasion Items Clause: Evasion items are banned
|rule|Evasion Moves Clause: Evasion moves are banned
|rule|Evasion Abilities Clause: Evasion abilities are banned
|rule|Sleep Moves Clause: Sleep-inducing moves are banned
|clearpoke
|poke|p1|Iron Moth|
|poke|p1|Ting-Lu|
|poke|p1|Torkoal, M|
|poke|p1|Walking Wake|
|poke|p1|Great Tusk|
|poke|p1|Slither Wing|
|poke|p2|Moltres|
|poke|p2|Zamazenta-*|
|poke|p2|Corviknight, M|
|poke|p2|Garchomp, M|
|poke|p2|Clodsire, M|
|poke|p2|Kingambit, F|
|teampreview
|inactive|Battle timer is ON: inactive players will automatically lose when time's up. (requested by young dc)
|
|t:|1757854154
|teamsize|p1|6
|teamsize|p2|6
|start
|switch|p1a: Torkoal|Torkoal, M|100/100
|switch|p2a: Megalodon|Garchomp, M|100/100
|-weather|SunnyDay|[from] ability: Drought|[of] p1a: Torkoal
|turn|1
|
|t:|1757854167
|switch|p1a: Ting-Lu|Ting-Lu|100/100
|-ability|p1a: Ting-Lu|Vessel of Ruin
|move|p2a: Megalodon|Scale Shot|p1a: Ting-Lu
|-damage|p1a: Ting-Lu|93/100
|-damage|p1a: Ting-Lu|86/100
|-damage|p1a: Ting-Lu|78/100
|-damage|p1a: Ting-Lu|70/100
|-hitcount|p1a: Ting-Lu|4
|-unboost|p2a: Megalodon|def|1
|-boost|p2a: Megalodon|spe|1
|
|-weather|SunnyDay|[upkeep]
|upkeep
|turn|2
|
|t:|1757854184
|switch|p2a: Marco|Moltres|100/100
|move|p1a: Ting-Lu|Whirlwind|p2a: Marco
|drag|p2a: Hanzo|Kingambit, F|100/100
|
|-weather|SunnyDay|[upkeep]
|upkeep
|turn|3
|
|t:|1757854200
|-end|p2a: Hanzo|fallenundefined|[silent]
|switch|p2a: Marco|Moltres|100/100
|move|p1a: Ting-Lu|Spikes|p2a: Marco
|-sidestart|p2: Mreda|Spikes
|
|-weather|SunnyDay|[upkeep]
|upkeep
|turn|4
|
|t:|1757854207
|move|p2a: Marco|U-turn|p1a: Ting-Lu
|-supereffective|p1a: Ting-Lu
|-damage|p1a: Ting-Lu|53/100
|-damage|p2a: Marco|84/100|[from] item: Rocky Helmet|[of] p1a: Ting-Lu
|
|t:|1757854211
|switch|p2a: Igriş|Corviknight, M|100/100|[from] U-turn
|-ability|p2a: Igriş|Pressure
|move|p1a: Ting-Lu|Ruination|p2a: Igriş
|-damage|p2a: Igriş|51/100
|
|-weather|SunnyDay|[upkeep]
|upkeep
|turn|5
|
|t:|1757854221
|switch|p1a: Iron Moth|Iron Moth|100/100
|move|p2a: Igriş|Roost|p2a: Igriş
|-heal|p2a: Igriş|100/100
|-singleturn|p2a: Igriş|move: Roost
|
|-weather|SunnyDay|[upkeep]
|upkeep
|turn|6
|
|t:|1757854233
|switch|p2a: Jogäider|Clodsire, M|100/100
|-damage|p2a: Jogäider|88/100|[from] Spikes
|-terastallize|p1a: Iron Moth|Fire
|move|p1a: Iron Moth|Overheat|p2a: Jogäider
|-damage|p2a: Jogäider|0 fnt
|-unboost|p1a: Iron Moth|spa|2
|faint|p2a: Jogäider
|
|-weather|SunnyDay|[upkeep]
|upkeep
|
|t:|1757854250
|switch|p2a: Fuego|Zamazenta|100/100
|-damage|p2a: Fuego|88/100|[from] Spikes
|-ability|p2a: Fuego|Dauntless Shield|boost
|-boost|p2a: Fuego|def|1
|turn|7
|
|t:|1757854262
|-end|p1a: Iron Moth|Quark Drive|[silent]
|switch|p1a: Torkoal|Torkoal, M|100/100
|move|p2a: Fuego|Close Combat|p1a: Torkoal
|-damage|p1a: Torkoal|46/100
|-unboost|p2a: Fuego|def|1
|-unboost|p2a: Fuego|spd|1
|
|-weather|SunnyDay|[upkeep]
|upkeep
|turn|8
|
|t:|1757854277
|switch|p1a: Great Tusk|Great Tusk|100/100
|-activate|p1a: Great Tusk|ability: Protosynthesis
|-start|p1a: Great Tusk|protosynthesisspe
|move|p2a: Fuego|Close Combat|p1a: Great Tusk
|-damage|p1a: Great Tusk|42/100
|-unboost|p2a: Fuego|def|1
|-unboost|p2a: Fuego|spd|1
|
|-weather|none
|-end|p1a: Great Tusk|Protosynthesis
|upkeep
|turn|9
|
|t:|1757854288
|move|p2a: Fuego|Close Combat|p1a: Great Tusk
|-damage|p1a: Great Tusk|0 fnt
|-unboost|p2a: Fuego|def|1
|-unboost|p2a: Fuego|spd|1
|faint|p1a: Great Tusk
|-end|p1a: Great Tusk|Protosynthesis|[silent]
|
|upkeep
|inactive|young dc has 120 seconds left.
|
|t:|1757854316
|switch|p1a: Slither Wing|Slither Wing|100/100
|turn|10
|
|t:|1757854319
|switch|p2a: Marco|Moltres|84/100
|move|p1a: Slither Wing|First Impression|p2a: Marco
|-resisted|p2a: Marco
|-damage|p2a: Marco|69/100
|-status|p1a: Slither Wing|brn|[from] ability: Flame Body|[of] p2a: Marco
|
|-damage|p1a: Slither Wing|94/100 brn|[from] brn
|upkeep
|turn|11
|
|t:|1757854330
|-end|p1a: Slither Wing|Protosynthesis|[silent]
|switch|p1a: Torkoal|Torkoal, M|46/100
|-weather|SunnyDay|[from] ability: Drought|[of] p1a: Torkoal
|move|p2a: Marco|U-turn|p1a: Torkoal
|-resisted|p1a: Torkoal
|-damage|p1a: Torkoal|42/100
|
|t:|1757854337
|switch|p2a: Fuego|Zamazenta|88/100|[from] U-turn
|-damage|p2a: Fuego|76/100|[from] Spikes
|
|-weather|SunnyDay|[upkeep]
|upkeep
|turn|12
|
|t:|1757854344
|switch|p1a: Slither Wing|Slither Wing|94/100 brn
|-activate|p1a: Slither Wing|ability: Protosynthesis
|-start|p1a: Slither Wing|protosynthesisatk
|move|p2a: Fuego|Close Combat|p1a: Slither Wing
|-resisted|p1a: Slither Wing
|-damage|p1a: Slither Wing|38/100 brn
|-unboost|p2a: Fuego|def|1
|-unboost|p2a: Fuego|spd|1
|
|-weather|SunnyDay|[upkeep]
|-damage|p1a: Slither Wing|31/100 brn|[from] brn
|upkeep
|turn|13
|
|t:|1757854356
|switch|p2a: Marco|Moltres|69/100
|move|p1a: Slither Wing|U-turn|p2a: Marco
|-resisted|p2a: Marco
|-damage|p2a: Marco|62/100
|
|t:|1757854359
|-end|p1a: Slither Wing|Protosynthesis|[silent]
|switch|p1a: Walking Wake|Walking Wake|100/100|[from] U-turn
|-activate|p1a: Walking Wake|ability: Protosynthesis
|-start|p1a: Walking Wake|protosynthesisspe
|
|-weather|SunnyDay|[upkeep]
|upkeep
|turn|14
|
|t:|1757854369
|switch|p2a: Igriş|Corviknight, M|100/100
|-ability|p2a: Igriş|Pressure
|move|p1a: Walking Wake|Hydro Steam|p2a: Igriş
|-damage|p2a: Igriş|16/100
|
|-weather|SunnyDay|[upkeep]
|upkeep
|turn|15
|
|t:|1757854381
|move|p1a: Walking Wake|Hydro Steam|p2a: Igriş
|-damage|p2a: Igriş|0 fnt
|faint|p2a: Igriş
|
|-weather|SunnyDay|[upkeep]
|upkeep
|
|t:|1757854392
|switch|p2a: Hanzo|Kingambit, F|100/100
|-damage|p2a: Hanzo|88/100|[from] Spikes
|-activate|p2a: Hanzo|ability: Supreme Overlord
|-start|p2a: Hanzo|fallen2|[silent]
|turn|16
|
|t:|1757854399
|-end|p1a: Walking Wake|Protosynthesis|[silent]
|switch|p1a: Ting-Lu|Ting-Lu|53/100
|-ability|p1a: Ting-Lu|Vessel of Ruin
|move|p2a: Hanzo|Sucker Punch||[still]
|-fail|p2a: Hanzo
|
|-weather|SunnyDay|[upkeep]
|upkeep
|turn|17
|
|t:|1757854408
|-end|p2a: Hanzo|fallen2|[silent]
|switch|p2a: Fuego|Zamazenta|76/100
|-damage|p2a: Fuego|64/100|[from] Spikes
|move|p1a: Ting-Lu|Ruination|p2a: Fuego
|-damage|p2a: Fuego|32/100
|
|-weather|SunnyDay|[upkeep]
|upkeep
|turn|18
|
|t:|1757854423
|switch|p1a: Slither Wing|Slither Wing|31/100 brn
|-activate|p1a: Slither Wing|ability: Protosynthesis
|-start|p1a: Slither Wing|protosynthesisatk
|move|p2a: Fuego|Close Combat|p1a: Slither Wing
|-resisted|p1a: Slither Wing
|-damage|p1a: Slither Wing|0 fnt
|-unboost|p2a: Fuego|def|1
|-unboost|p2a: Fuego|spd|1
|faint|p1a: Slither Wing
|-end|p1a: Slither Wing|Protosynthesis|[silent]
|
|-weather|none
|upkeep
|
|t:|1757854426
|switch|p1a: Walking Wake|Walking Wake|100/100
|turn|19
|
|t:|1757854438
|move|p2a: Fuego|Close Combat|p1a: Walking Wake
|-damage|p1a: Walking Wake|12/100
|-unboost|p2a: Fuego|def|1
|-unboost|p2a: Fuego|spd|1
|move|p1a: Walking Wake|Hydro Steam|p2a: Fuego
|-damage|p2a: Fuego|0 fnt
|faint|p2a: Fuego
|
|upkeep
|
|t:|1757854448
|switch|p2a: Megalodon|Garchomp, M|100/100
|-damage|p2a: Megalodon|88/100|[from] Spikes
|turn|20
|
|t:|1757854461
|move|p1a: Walking Wake|Hydro Steam|p2a: Megalodon
|-damage|p2a: Megalodon|19/100
|move|p2a: Megalodon|Scale Shot|p1a: Walking Wake|[miss]
|-miss|p2a: Megalodon|p1a: Walking Wake
|
|upkeep
|turn|21
|c|☆Mreda|Gg
|
|t:|1757854477
|switch|p2a: Marco|Moltres|62/100
|move|p1a: Walking Wake|Hydro Steam|p2a: Marco
|-supereffective|p2a: Marco
|-damage|p2a: Marco|0 fnt
|faint|p2a: Marco
|
|upkeep
|c|☆young dc|kingambit can win
|
|t:|1757854485
|switch|p2a: Hanzo|Kingambit, F|88/100
|-damage|p2a: Hanzo|76/100|[from] Spikes
|-activate|p2a: Hanzo|ability: Supreme Overlord
|-start|p2a: Hanzo|fallen4|[silent]
|turn|22
|
|t:|1757854495
|move|p1a: Walking Wake|Hydro Steam|p2a: Hanzo
|-damage|p2a: Hanzo|10/100
|move|p2a: Hanzo|Swords Dance|p2a: Hanzo
|-boost|p2a: Hanzo|atk|2
|
|upkeep
|turn|23
|
|t:|1757854504
|-end|p1a: Walking Wake|Protosynthesis|[silent]
|switch|p1a: Ting-Lu|Ting-Lu|53/100
|-ability|p1a: Ting-Lu|Vessel of Ruin
|move|p2a: Hanzo|Sucker Punch||[still]
|-fail|p2a: Hanzo
|
|upkeep
|turn|24
|
|t:|1757854515
|move|p2a: Hanzo|Sucker Punch|p1a: Ting-Lu
|-resisted|p1a: Ting-Lu
|-damage|p1a: Ting-Lu|17/100
|-damage|p2a: Hanzo|0 fnt|[from] item: Rocky Helmet|[of] p1a: Ting-Lu
|faint|p2a: Hanzo
|-end|p2a: Hanzo|fallen4|[silent]
|move|p1a: Ting-Lu|Earthquake|p2: Hanzo|[notarget]
|-fail|p1a: Ting-Lu
|
|upkeep
|
|t:|1757854524
|switch|p2a: Megalodon|Garchomp, M|19/100
|-damage|p2a: Megalodon|7/100|[from] Spikes
|turn|25
|
|t:|1757854533
|move|p2a: Megalodon|Scale Shot|p1a: Ting-Lu
|-damage|p1a: Ting-Lu|9/100
|-damage|p1a: Ting-Lu|2/100
|-damage|p1a: Ting-Lu|0 fnt
|faint|p1a: Ting-Lu
|-hitcount|p1: Ting-Lu|3
|-unboost|p2a: Megalodon|def|1
|-boost|p2a: Megalodon|spe|1
|
|upkeep
|
|t:|1757854541
|switch|p1a: Torkoal|Torkoal, M|42/100
|-weather|SunnyDay|[from] ability: Drought|[of] p1a: Torkoal
|turn|26
|
|t:|1757854550
|move|p2a: Megalodon|Scale Shot|p1a: Torkoal
|-damage|p1a: Torkoal|34/100
|-crit|p1a: Torkoal
|-damage|p1a: Torkoal|21/100
|-damage|p1a: Torkoal|12/100
|-damage|p1a: Torkoal|5/100
|-damage|p1a: Torkoal|0 fnt
|faint|p1a: Torkoal
|-hitcount|p1: Torkoal|5
|-unboost|p2a: Megalodon|def|1
|-boost|p2a: Megalodon|spe|1
|
|-weather|SunnyDay|[upkeep]
|upkeep
|
|t:|1757854554
|switch|p1a: Walking Wake|Walking Wake|12/100
|-activate|p1a: Walking Wake|ability: Protosynthesis
|-start|p1a: Walking Wake|protosynthesisspe
|turn|27
|
|t:|1757854567
|move|p2a: Megalodon|Scale Shot|p1a: Walking Wake
|-supereffective|p1a: Walking Wake
|-damage|p1a: Walking Wake|0 fnt
|faint|p1a: Walking Wake
|-end|p1a: Walking Wake|Protosynthesis|[silent]
|-hitcount|p1: Walking Wake|1
|-unboost|p2a: Megalodon|def|1
|-boost|p2a: Megalodon|spe|1
|
|-weather|SunnyDay|[upkeep]
|upkeep
|
|t:|1757854571
|switch|p1a: Iron Moth|Iron Moth, tera:Fire|100/100
|turn|28
|
|t:|1757854578
|move|p2a: Megalodon|Earthquake|p1a: Iron Moth
|-supereffective|p1a: Iron Moth
|-damage|p1a: Iron Moth|0 fnt
|faint|p1a: Iron Moth
|-end|p1a: Iron Moth|Quark Drive|[silent]
|
|win|Mreda
|raw|young dc's rating: 1430 &rarr; <strong>1410</strong><br />(-20 for losing)
|raw|Mreda's rating: 1437 &rarr; <strong>1457</strong><br />(+20 for winning)
|l|☆young dc
|player|p1|
