|j|☆Orbica
|j|☆sanmedina
|t:|1757855540
|gametype|singles
|player|p1|Orbica|doctor|1249
|player|p2|sanmedina|ltsurge-gen2|1273
|gen|9
|tier|[Gen 9] OU
|rated|
|rule|HP Percentage Mod: HP is shown in percentages
|rule|Endless Battle Clause: Forcing endless battles is banned
|rule|Species Clause: Limit one of each Pokémon
|rule|OHKO Clause: OHKO moves are banned
|rule|Evasion Items Clause: Evasion items are banned
|rule|Evasion Moves Clause: Evasion moves are banned
|rule|Evasion Abilities Clause: Evasion abilities are banned
|rule|Sleep Moves Clause: Sleep-inducing moves are banned
|clearpoke
|poke|p1|Scizor, M|
|poke|p1|Latios, M|
|poke|p1|Cinderace, M|
|poke|p1|Rotom-Wash|
|poke|p1|Meowscarada, M|
|poke|p1|Porygon2|
|poke|p2|Weavile, F|
|poke|p2|Corviknight, M|
|poke|p2|Swampert, F|
|poke|p2|Latios, M|
|poke|p2|Iron Moth|
|poke|p2|Dragapult, F|
|teampreview
|inactive|Battle timer is ON: inactive players will automatically lose when time's up. (requested by Orbica)
|
|t:|1757855554
|teamsize|p1|6
|teamsize|p2|6
|start
|switch|p1a: Meowscarada|Meowscarada, M|100/100
|switch|p2a: Weavile|Weavile, F|100/100
|-ability|p2a: Weavile|Pressure
|turn|1
|
|t:|1757855565
|switch|p1a: Scizor|Scizor, M|100/100
|move|p2a: Weavile|Triple Axel|p1a: Scizor
|-resisted|p1a: Scizor
|-damage|p1a: Scizor|93/100
|-resisted|p1a: Scizor
|-damage|p1a: Scizor|78/100
|-resisted|p1a: Scizor
|-damage|p1a: Scizor|57/100
|-hitcount|p1a: Scizor|3
|
|upkeep
|turn|2
|
|t:|1757855586
|switch|p2a: Swampert|Swampert, F|100/100
|move|p1a: Scizor|Knock Off|p2a: Swampert
|-damage|p2a: Swampert|67/100
|-enditem|p2a: Swampert|Leftovers|[from] move: Knock Off|[of] p1a: Scizor
|
|upkeep
|turn|3
|
|t:|1757855597
|move|p1a: Scizor|Swords Dance|p1a: Scizor
|-boost|p1a: Scizor|atk|2
|move|p2a: Swampert|Stealth Rock|p1a: Scizor
|-sidestart|p1: Orbica|move: Stealth Rock
|
|upkeep
|turn|4
|inactive|Orbica has 120 seconds left.
|inactive|sanmedina has 120 seconds left.
|
|t:|1757855636
|-terastallize|p2a: Swampert|Fairy
|move|p1a: Scizor|Close Combat|p2a: Swampert
|-resisted|p2a: Swampert
|-damage|p2a: Swampert|31/100
|-unboost|p1a: Scizor|def|1
|-unboost|p1a: Scizor|spd|1
|move|p2a: Swampert|Earthquake|p1a: Scizor
|-damage|p1a: Scizor|5/100
|-enditem|p1a: Scizor|Sitrus Berry|[eat]
|-heal|p1a: Scizor|30/100|[from] item: Sitrus Berry
|
|upkeep
|turn|5
|inactive|Orbica has 120 seconds left.
|inactive|sanmedina has 120 seconds left.
|
|t:|1757855667
|switch|p2a: Corviknight|Corviknight, M|100/100
|-ability|p2a: Corviknight|Pressure
|move|p1a: Scizor|Close Combat|p2a: Corviknight
|-damage|p2a: Corviknight|43/100
|-unboost|p1a: Scizor|def|1
|-unboost|p1a: Scizor|spd|1
|
|-heal|p2a: Corviknight|49/100|[from] item: Leftovers
|upkeep
|turn|6
|
|t:|1757855680
|move|p2a: Corviknight|Brave Bird|p1a: Scizor
|-damage|p1a: Scizor|0 fnt
|faint|p1a: Scizor
|-damage|p2a: Corviknight|41/100|[from] Recoil
|
|-heal|p2a: Corviknight|47/100|[from] item: Leftovers
|upkeep
|
|t:|1757855694
|switch|p1a: Cinderace|Cinderace, M|100/100
|turn|7
|inactive|Orbica has 90 seconds left.
|
|t:|1757855735
|switch|p2a: Swampert|Swampert, F, tera:Fairy|31/100
|move|p1a: Cinderace|Pyro Ball|p2a: Swampert
|-damage|p2a: Swampert|0 fnt
|faint|p2a: Swampert
|
|upkeep
|inactive|sanmedina has 90 seconds left.
|
|t:|1757855765
|switch|p2a: Dragapult|Dragapult, F|100/100
|turn|8
|
|t:|1757855786
|switch|p1a: Porygon2|Porygon2, shiny|100/100
|-damage|p1a: Porygon2|88/100|[from] Stealth Rock
|-ability|p1a: Porygon2|Clear Body|Trace|[from] ability: Trace|[of] p2a: Dragapult
|move|p2a: Dragapult|Draco Meteor|p1a: Porygon2
|-damage|p1a: Porygon2|42/100
|-unboost|p2a: Dragapult|spa|2
|-damage|p2a: Dragapult|91/100|[from] item: Life Orb
|
|upkeep
|turn|9
|
|t:|1757855804
|switch|p2a: Weavile|Weavile, F|100/100
|-ability|p2a: Weavile|Pressure
|move|p1a: Porygon2|Recover|p1a: Porygon2
|-heal|p1a: Porygon2|92/100
|
|upkeep
|turn|10
|
|t:|1757855816
|move|p2a: Weavile|Triple Axel|p1a: Porygon2
|-damage|p1a: Porygon2|85/100
|-damage|p1a: Porygon2|72/100
|-damage|p1a: Porygon2|52/100
|-hitcount|p1a: Porygon2|3
|move|p1a: Porygon2|Foul Play|p2a: Weavile
|-resisted|p2a: Weavile
|-damage|p2a: Weavile|72/100
|
|upkeep
|turn|11
|
|t:|1757855825
|move|p2a: Weavile|Triple Axel|p1a: Porygon2
|-damage|p1a: Porygon2|45/100
|-damage|p1a: Porygon2|31/100
|-damage|p1a: Porygon2|9/100
|-hitcount|p1a: Porygon2|3
|move|p1a: Porygon2|Recover|p1a: Porygon2
|-heal|p1a: Porygon2|59/100
|
|upkeep
|turn|12
|inactive|Orbica has 90 seconds left.
|
|t:|1757855833
|move|p2a: Weavile|Triple Axel|p1a: Porygon2
|-damage|p1a: Porygon2|52/100
|-damage|p1a: Porygon2|38/100
|-hitcount|p1a: Porygon2|2
|move|p1a: Porygon2|Recover|p1a: Porygon2
|-heal|p1a: Porygon2|88/100
|
|upkeep
|turn|13
|
|t:|1757855840
|move|p2a: Weavile|Triple Axel|p1a: Porygon2
|-damage|p1a: Porygon2|81/100
|-damage|p1a: Porygon2|66/100
|-damage|p1a: Porygon2|44/100
|-hitcount|p1a: Porygon2|3
|move|p1a: Porygon2|Thunder Wave|p2a: Weavile
|-status|p2a: Weavile|par
|
|upkeep
|turn|14
|inactive|sanmedina has 90 seconds left.
|
|t:|1757855848
|move|p2a: Weavile|Triple Axel|p1a: Porygon2
|-damage|p1a: Porygon2|37/100
|-damage|p1a: Porygon2|23/100
|-hitcount|p1a: Porygon2|2
|move|p1a: Porygon2|Recover|p1a: Porygon2
|-heal|p1a: Porygon2|73/100
|
|upkeep
|turn|15
|
|t:|1757855859
|move|p2a: Weavile|Triple Axel|p1a: Porygon2
|-damage|p1a: Porygon2|67/100
|-hitcount|p1a: Porygon2|1
|move|p1a: Porygon2|Tri Attack|p2a: Weavile
|-damage|p2a: Weavile|30/100 par
|
|upkeep
|turn|16
|
|t:|1757855867
|move|p2a: Weavile|Triple Axel|p1a: Porygon2
|-damage|p1a: Porygon2|59/100
|-damage|p1a: Porygon2|45/100
|-damage|p1a: Porygon2|25/100
|-hitcount|p1a: Porygon2|3
|move|p1a: Porygon2|Tri Attack|p2a: Weavile
|-damage|p2a: Weavile|0 fnt
|faint|p2a: Weavile
|
|upkeep
|inactive|sanmedina has 90 seconds left.
|
|t:|1757855894
|switch|p2a: Latios|Latios, M|100/100
|turn|17
|
|t:|1757855904
|move|p2a: Latios|Luster Purge|p1a: Porygon2
|-damage|p1a: Porygon2|0 fnt
|faint|p1a: Porygon2
|
|upkeep
|
|t:|1757855907
|switch|p1a: Cinderace|Cinderace, M|100/100
|turn|18
|
|t:|1757855913
|move|p2a: Latios|Luster Purge|p1a: Cinderace
|-damage|p1a: Cinderace|44/100
|-unboost|p1a: Cinderace|spd|1
|move|p1a: Cinderace|Court Change|p1a: Cinderace
|-swapsideconditions
|-activate|p1a: Cinderace|move: Court Change
|
|upkeep
|turn|19
|
|t:|1757855924
|move|p2a: Latios|Luster Purge|p1a: Cinderace
|-damage|p1a: Cinderace|0 fnt
|faint|p1a: Cinderace
|
|upkeep
|
|t:|1757855928
|switch|p1a: Rotom|Rotom-Wash, shiny|100/100
|turn|20
|
|t:|1757855941
|move|p2a: Latios|Luster Purge|p1a: Rotom
|-damage|p1a: Rotom|39/100
|-unboost|p1a: Rotom|spd|1
|move|p1a: Rotom|Volt Switch|p2a: Latios
|-resisted|p2a: Latios
|-damage|p2a: Latios|83/100
|
|t:|1757855948
|switch|p1a: Meowscarada|Meowscarada, M|100/100|[from] Volt Switch
|
|upkeep
|turn|21
|
|t:|1757855967
|switch|p2a: Corviknight|Corviknight, M|47/100
|-damage|p2a: Corviknight|35/100|[from] Stealth Rock
|-ability|p2a: Corviknight|Pressure
|move|p1a: Meowscarada|Knock Off|p2a: Corviknight
|-damage|p2a: Corviknight|10/100
|-enditem|p2a: Corviknight|Leftovers|[from] move: Knock Off|[of] p1a: Meowscarada
|
|upkeep
|turn|22
|
|t:|1757855976
|move|p1a: Meowscarada|Knock Off|p2a: Corviknight
|-damage|p2a: Corviknight|0 fnt
|faint|p2a: Corviknight
|
|upkeep
|
|t:|1757855995
|switch|p2a: Dragapult|Dragapult, F|91/100
|-damage|p2a: Dragapult|78/100|[from] Stealth Rock
|turn|23
|
|t:|1757856007
|move|p2a: Dragapult|Draco Meteor|p1a: Meowscarada
|-enditem|p1a: Meowscarada|Focus Sash
|-damage|p1a: Meowscarada|1/100
|-unboost|p2a: Dragapult|spa|2
|-damage|p2a: Dragapult|69/100|[from] item: Life Orb
|move|p1a: Meowscarada|Knock Off|p2a: Dragapult
|-supereffective|p2a: Dragapult
|-damage|p2a: Dragapult|0 fnt
|-enditem|p2a: Dragapult|Life Orb|[from] move: Knock Off|[of] p1a: Meowscarada
|faint|p2a: Dragapult
|
|upkeep
|inactive|sanmedina has 90 seconds left.
|
|t:|1757856027
|switch|p2a: Latios|Latios, M|83/100
|-damage|p2a: Latios|71/100|[from] Stealth Rock
|turn|24
|inactive|sanmedina has 90 seconds left.
|inactive|Orbica has 120 seconds left.
|
|t:|1757856060
|move|p2a: Latios|Luster Purge|p1a: Meowscarada
|-immune|p1a: Meowscarada
|move|p1a: Meowscarada|Play Rough|p2a: Latios
|-supereffective|p2a: Latios
|-damage|p2a: Latios|0 fnt
|faint|p2a: Latios
|
|upkeep
|-message|sanmedina forfeited.
|
|win|Orbica
|raw|Orbica's rating: 1249 &rarr; <strong>1276</strong><br />(+27 for winning)
|raw|sanmedina's rating: 1273 &rarr; <strong>1246</strong><br />(-27 for losing)
|l|☆sanmedina
|player|p2|
|l|☆Orbica
|player|p1|
