|j|☆Shubway
|j|☆poppylikecats
|t:|1757914781
|gametype|singles
|player|p1|Shubway|101|1315
|player|p2|poppylikecats|iris|1382
|gen|9
|tier|[Gen 9] OU
|rated|
|rule|HP Percentage Mod: HP is shown in percentages
|rule|Endless Battle Clause: Forcing endless battles is banned
|rule|Species Clause: Limit one of each Pokémon
|rule|OHKO Clause: OHKO moves are banned
|rule|Evasion Items Clause: Evasion items are banned
|rule|Evasion Moves Clause: Evasion moves are banned
|rule|Evasion Abilities Clause: Evasion abilities are banned
|rule|Sleep Moves Clause: Sleep-inducing moves are banned
|clearpoke
|poke|p1|Polteageist|
|poke|p1|Grimmsnarl, M|
|poke|p1|Indeedee, M|
|poke|p1|Salazzle, F|
|poke|p1|Hawlucha, F|
|poke|p1|Ogerpon-Wellspring, F|
|poke|p2|Iron Crown|
|poke|p2|Meowscarada, F|
|poke|p2|Great Tusk|
|poke|p2|Pecharunt|
|poke|p2|Ting-Lu|
|poke|p2|Iron Valiant|
|teampreview
|inactive|Battle timer is ON: inactive players will automatically lose when time's up. (requested by poppylikecats)
|
|t:|1757914791
|teamsize|p1|6
|teamsize|p2|6
|start
|switch|p1a: Indeedee|Indeedee, M|100/100
|switch|p2a: Ting-Lu|Ting-Lu|100/100
|-fieldstart|move: Psychic Terrain|[from] ability: Psychic Surge|[of] p1a: Indeedee
|-ability|p2a: Ting-Lu|Vessel of Ruin
|turn|1
|
|t:|1757914800
|switch|p1a: Ogerpon|Ogerpon-Wellspring, F|100/100
|move|p2a: Ting-Lu|Stealth Rock|p1a: Ogerpon
|-sidestart|p1: Shubway|move: Stealth Rock
|
|upkeep
|turn|2
|
|t:|1757914824
|switch|p2a: Pecharunt|Pecharunt|100/100
|move|p1a: Ogerpon|Play Rough|p2a: Pecharunt
|-resisted|p2a: Pecharunt
|-damage|p2a: Pecharunt|92/100
|-unboost|p2a: Pecharunt|atk|1
|
|upkeep
|turn|3
|inactive|Shubway has 120 seconds left.
|l|☆Shubway
|inactive|Shubway disconnected and has a minute to reconnect!
|player|p1|
|j|☆Shubway
|inactive|Shubway reconnected and has 105 seconds left.
|player|p1|Shubway|101|
|
|t:|1757914868
|move|p1a: Ogerpon|Swords Dance|p1a: Ogerpon
|-boost|p1a: Ogerpon|atk|2
|move|p2a: Pecharunt|Parting Shot|p1a: Ogerpon
|-unboost|p1a: Ogerpon|atk|1
|-unboost|p1a: Ogerpon|spa|1
|
|t:|1757914873
|switch|p2a: Meowscarada|Meowscarada, F|100/100|[from] Parting Shot
|
|upkeep
|turn|4
|
|t:|1757914878
|-terastallize|p1a: Ogerpon|Water
|detailschange|p1a: Ogerpon|Ogerpon-Wellspring-Tera, F, tera:Water
|-ability|p1a: Ogerpon|Embody Aspect (Wellspring)|boost
|-boost|p1a: Ogerpon|spd|1
|move|p2a: Meowscarada|U-turn|p1a: Ogerpon
|-start|p2a: Meowscarada|typechange|Bug|[from] ability: Protean
|-damage|p1a: Ogerpon|38/100
|
|t:|1757914885
|switch|p2a: Pecharunt|Pecharunt|92/100|[from] U-turn
|move|p1a: Ogerpon|Ivy Cudgel|p2a: Pecharunt|[anim] Ivy Cudgel Water
|-damage|p2a: Pecharunt|36/100
|
|upkeep
|turn|5
|
|t:|1757914899
|move|p1a: Ogerpon|Ivy Cudgel|p2a: Pecharunt|[anim] Ivy Cudgel Water
|-damage|p2a: Pecharunt|0 fnt
|faint|p2a: Pecharunt
|
|upkeep
|inactive|poppylikecats has 120 seconds left.
|
|t:|1757914915
|switch|p2a: Meowscarada|Meowscarada, F|100/100
|turn|6
|
|t:|1757914923
|switch|p1a: Grimmsnarl|Grimmsnarl, M|100/100
|-damage|p1a: Grimmsnarl|88/100|[from] Stealth Rock
|move|p2a: Meowscarada|Knock Off|p1a: Grimmsnarl
|-start|p2a: Meowscarada|typechange|Dark|[from] ability: Protean
|-resisted|p1a: Grimmsnarl
|-damage|p1a: Grimmsnarl|69/100
|-enditem|p1a: Grimmsnarl|Light Clay|[from] move: Knock Off|[of] p2a: Meowscarada
|
|upkeep
|turn|7
|inactive|poppylikecats has 120 seconds left.
|l|☆Shubway
|inactive|Shubway disconnected and has a minute to reconnect!
|player|p1|
|j|☆Shubway
|inactive|Shubway reconnected.
|player|p1|Shubway|101|
|inactive|poppylikecats has 90 seconds left.
|
|t:|1757914976
|switch|p2a: Ting-Lu|Ting-Lu|100/100
|-ability|p2a: Ting-Lu|Vessel of Ruin
|move|p1a: Grimmsnarl|Reflect|p1a: Grimmsnarl
|-sidestart|p1: Shubway|Reflect
|
|upkeep
|turn|8
|
|t:|1757914983
|move|p1a: Grimmsnarl|Spirit Break|p2a: Ting-Lu
|-supereffective|p2a: Ting-Lu
|-damage|p2a: Ting-Lu|59/100
|-unboost|p2a: Ting-Lu|spa|1
|move|p2a: Ting-Lu|Whirlwind|p1a: Grimmsnarl
|drag|p1a: Polteageist|Polteageist|100/100
|-damage|p1a: Polteageist|88/100|[from] Stealth Rock
|
|-heal|p2a: Ting-Lu|65/100|[from] item: Leftovers
|-fieldend|move: Psychic Terrain
|upkeep
|turn|9
|inactive|poppylikecats has 90 seconds left.
|
|t:|1757915009
|switch|p1a: Indeedee|Indeedee, M|100/100
|-damage|p1a: Indeedee|88/100|[from] Stealth Rock
|-fieldstart|move: Psychic Terrain|[from] ability: Psychic Surge|[of] p1a: Indeedee
|move|p2a: Ting-Lu|Ruination|p1a: Indeedee
|-damage|p1a: Indeedee|45/100
|
|-heal|p2a: Ting-Lu|72/100|[from] item: Leftovers
|upkeep
|turn|10
|inactive|poppylikecats has 90 seconds left.
|
|t:|1757915033
|switch|p2a: Iron Crown|Iron Crown|100/100
|move|p1a: Indeedee|Healing Wish|p1a: Indeedee
|faint|p1a: Indeedee
|
|upkeep
|
|t:|1757915049
|switch|p1a: Salazzle|Salazzle, F|100/100
|-damage|p1a: Salazzle|76/100|[from] Stealth Rock
|turn|11
|
|t:|1757915064
|-end|p2a: Iron Crown|Quark Drive|[silent]
|switch|p2a: Ting-Lu|Ting-Lu|72/100
|-ability|p2a: Ting-Lu|Vessel of Ruin
|move|p1a: Salazzle|Flamethrower|p2a: Ting-Lu
|-damage|p2a: Ting-Lu|52/100
|
|-heal|p1a: Salazzle|82/100|[from] item: Leftovers
|-heal|p2a: Ting-Lu|59/100|[from] item: Leftovers
|-sideend|p1: Shubway|Reflect
|upkeep
|turn|12
|inactive|poppylikecats has 60 seconds left.
|
|t:|1757915098
|switch|p2a: Meowscarada|Meowscarada, F|100/100
|move|p1a: Salazzle|Toxic|p2a: Meowscarada
|-status|p2a: Meowscarada|tox
|
|-heal|p1a: Salazzle|88/100|[from] item: Leftovers
|-damage|p2a: Meowscarada|94/100 tox|[from] psn
|upkeep
|turn|13
|inactive|poppylikecats has 60 seconds left.
|
|t:|1757915111
|move|p1a: Salazzle|Protect|p1a: Salazzle
|-singleturn|p1a: Salazzle|Protect
|move|p2a: Meowscarada|Knock Off|p1a: Salazzle
|-start|p2a: Meowscarada|typechange|Dark|[from] ability: Protean
|-activate|p1a: Salazzle|move: Protect
|
|-heal|p1a: Salazzle|94/100|[from] item: Leftovers
|-damage|p2a: Meowscarada|82/100 tox|[from] psn
|upkeep
|turn|14
|
|t:|1757915123
|move|p2a: Meowscarada|Knock Off|p1a: Salazzle
|-damage|p1a: Salazzle|0 fnt
|-enditem|p1a: Salazzle|Leftovers|[from] move: Knock Off|[of] p2a: Meowscarada
|faint|p1a: Salazzle
|
|-damage|p2a: Meowscarada|64/100 tox|[from] psn
|upkeep
|
|t:|1757915137
|switch|p1a: Hawlucha|Hawlucha, F|100/100
|-damage|p1a: Hawlucha|88/100|[from] Stealth Rock
|-enditem|p1a: Hawlucha|Psychic Seed
|-boost|p1a: Hawlucha|spd|1|[from] item: Psychic Seed
|turn|15
|
|t:|1757915154
|switch|p2a: Ting-Lu|Ting-Lu|59/100
|-ability|p2a: Ting-Lu|Vessel of Ruin
|move|p1a: Hawlucha|Swords Dance|p1a: Hawlucha
|-boost|p1a: Hawlucha|atk|2
|
|-heal|p2a: Ting-Lu|65/100|[from] item: Leftovers
|upkeep
|turn|16
|l|☆Shubway
|inactive|Shubway disconnected and has a minute to reconnect!
|player|p1|
|j|☆Shubway
|inactive|Shubway reconnected and has 115 seconds left.
|player|p1|Shubway|101|
|
|t:|1757915197
|move|p1a: Hawlucha|Close Combat|p2a: Ting-Lu
|-supereffective|p2a: Ting-Lu
|-damage|p2a: Ting-Lu|0 fnt
|-unboost|p1a: Hawlucha|def|1
|-unboost|p1a: Hawlucha|spd|1
|faint|p2a: Ting-Lu
|
|-fieldend|move: Psychic Terrain
|upkeep
|
|t:|1757915200
|switch|p2a: Meowscarada|Meowscarada, F|64/100 tox
|turn|17
|inactive|Shubway has 120 seconds left.
|
|t:|1757915210
|-terastallize|p2a: Meowscarada|Grass
|move|p1a: Hawlucha|Acrobatics|p2a: Meowscarada
|-supereffective|p2a: Meowscarada
|-damage|p2a: Meowscarada|0 fnt
|faint|p2a: Meowscarada
|
|upkeep
|inactive|poppylikecats has 60 seconds left.
|c|☆poppylikecats|gg
|
|t:|1757915258
|switch|p2a: Great Tusk|Great Tusk|100/100
|turn|18
|
|t:|1757915263
|move|p1a: Hawlucha|Acrobatics|p2a: Great Tusk
|-supereffective|p2a: Great Tusk
|-damage|p2a: Great Tusk|0 fnt
|faint|p2a: Great Tusk
|-end|p2a: Great Tusk|Protosynthesis|[silent]
|
|upkeep
|
|t:|1757915265
|switch|p2a: Iron Crown|Iron Crown|100/100
|turn|19
|c|☆poppylikecats|forgot about unburden
|inactive|Shubway has 120 seconds left.
|l|☆Shubway
|inactive|Shubway disconnected and has a minute to reconnect!
|player|p1|
|j|☆Shubway
|inactive|Shubway reconnected and has 100 seconds left.
|player|p1|Shubway|101|
|
|t:|1757915322
|move|p1a: Hawlucha|Close Combat|p2a: Iron Crown
|-damage|p2a: Iron Crown|0 fnt
|-unboost|p1a: Hawlucha|def|1
|-unboost|p1a: Hawlucha|spd|1
|faint|p2a: Iron Crown
|-end|p2a: Iron Crown|Quark Drive|[silent]
|
|upkeep
|
|t:|1757915324
|switch|p2a: Iron Valiant|Iron Valiant|100/100
|-enditem|p2a: Iron Valiant|Booster Energy
|-activate|p2a: Iron Valiant|ability: Quark Drive|[fromitem]
|-start|p2a: Iron Valiant|quarkdrivespe
|turn|20
|
|t:|1757915334
|move|p1a: Hawlucha|Acrobatics|p2a: Iron Valiant
|-supereffective|p2a: Iron Valiant
|-damage|p2a: Iron Valiant|0 fnt
|faint|p2a: Iron Valiant
|-end|p2a: Iron Valiant|Quark Drive|[silent]
|
|win|Shubway
|raw|Shubway's rating: 1315 &rarr; <strong>1339</strong><br />(+24 for winning)
|raw|poppylikecats's rating: 1382 &rarr; <strong>1358</strong><br />(-24 for losing)
|l|☆poppylikecats
|player|p2|
|l|☆Shubway
|player|p1|
