|j|☆Gregor Gysi
|j|☆chi yuh yuh
|t:|1757930070
|gametype|singles
|player|p1|Gregor Gysi|gentleman-gen4dp|1756
|player|p2|chi yuh yuh|2|1719
|gen|9
|tier|[Gen 9] OU
|rated|
|rule|HP Percentage Mod: HP is shown in percentages
|rule|Endless Battle Clause: Forcing endless battles is banned
|rule|Species Clause: Limit one of each Pokémon
|rule|OHKO Clause: OHKO moves are banned
|rule|Evasion Items Clause: Evasion items are banned
|rule|Evasion Moves Clause: Evasion moves are banned
|rule|Evasion Abilities Clause: Evasion abilities are banned
|rule|Sleep Moves Clause: Sleep-inducing moves are banned
|clearpoke
|poke|p1|Ogerpon-Wellspring, F|
|poke|p1|Kingambit, M|
|poke|p1|Landorus-Therian, M|
|poke|p1|Glimmora, F|
|poke|p1|Dragapult, F|
|poke|p1|Iron Valiant|
|poke|p2|Zamazenta-*|
|poke|p2|Samurott-Hisui, M|
|poke|p2|Ogerpon-Wellspring, F|
|poke|p2|Iron Treads|
|poke|p2|Kingambit, F|
|poke|p2|Gholdengo|
|teampreview
|inactive|Battle timer is ON: inactive players will automatically lose when time's up. (requested by chi yuh yuh)
|
|t:|1757930083
|teamsize|p1|6
|teamsize|p2|6
|start
|switch|p1a: Ogerpon|Ogerpon-Wellspring, F|100/100
|switch|p2a: Samurott|Samurott-Hisui, M|100/100
|turn|1
|
|t:|1757930085
|move|p1a: Ogerpon|Horn Leech|p2a: Samurott
|-supereffective|p2a: Samurott
|-enditem|p2a: Samurott|Focus Sash
|-damage|p2a: Samurott|1/100
|move|p2a: Samurott|Ceaseless Edge|p1a: Ogerpon
|-damage|p1a: Ogerpon|44/100
|-sidestart|p1: Gregor Gysi|Spikes
|
|upkeep
|turn|2
|
|t:|1757930093
|switch|p1a: Landorus|Landorus-Therian, M|100/100
|-ability|p1a: Landorus|Intimidate|boost
|-unboost|p2a: Samurott|atk|1
|move|p2a: Samurott|Sucker Punch||[still]
|-fail|p2a: Samurott
|
|upkeep
|turn|3
|
|t:|1757930105
|move|p2a: Samurott|Sucker Punch||[still]
|-fail|p2a: Samurott
|move|p1a: Landorus|Stealth Rock|p2a: Samurott
|-sidestart|p2: chi yuh yuh|move: Stealth Rock
|
|upkeep
|turn|4
|
|t:|1757930107
|move|p2a: Samurott|Sucker Punch|p1a: Landorus
|-damage|p1a: Landorus|80/100
|-damage|p2a: Samurott|0 fnt|[from] item: Rocky Helmet|[of] p1a: Landorus
|faint|p2a: Samurott
|move|p1a: Landorus|U-turn|p2: Samurott|[notarget]
|-fail|p1a: Landorus
|
|upkeep
|
|t:|1757930111
|switch|p2a: Ogerpon|Ogerpon-Wellspring, F|100/100
|-damage|p2a: Ogerpon|88/100|[from] Stealth Rock
|turn|5
|
|t:|1757930117
|switch|p1a: Ogerpon|Ogerpon-Wellspring, F|44/100
|-damage|p1a: Ogerpon|31/100|[from] Spikes
|move|p2a: Ogerpon|Power Whip|p1a: Ogerpon
|-damage|p1a: Ogerpon|0 fnt
|faint|p1a: Ogerpon
|
|upkeep
|
|t:|1757930120
|switch|p1a: Dragapult|Dragapult, F|100/100
|-damage|p1a: Dragapult|88/100|[from] Spikes
|turn|6
|
|t:|1757930131
|switch|p2a: Iron Treads|Iron Treads|100/100
|-damage|p2a: Iron Treads|97/100|[from] Stealth Rock
|-enditem|p2a: Iron Treads|Booster Energy
|-activate|p2a: Iron Treads|ability: Quark Drive|[fromitem]
|-start|p2a: Iron Treads|quarkdrivespe
|move|p1a: Dragapult|Shadow Ball|p2a: Iron Treads
|-damage|p2a: Iron Treads|20/100
|
|upkeep
|turn|7
|
|t:|1757930135
|move|p2a: Iron Treads|Iron Head|p1a: Dragapult
|-damage|p1a: Dragapult|41/100
|move|p1a: Dragapult|Shadow Ball|p2a: Iron Treads
|-damage|p2a: Iron Treads|0 fnt
|faint|p2a: Iron Treads
|-end|p2a: Iron Treads|Quark Drive|[silent]
|
|upkeep
|j| heatraniac
|j| wgw2333
|
|t:|1757930149
|switch|p2a: Kingambit|Kingambit, F|100/100
|-damage|p2a: Kingambit|94/100|[from] Stealth Rock
|-activate|p2a: Kingambit|ability: Supreme Overlord
|-start|p2a: Kingambit|fallen2|[silent]
|turn|8
|
|t:|1757930152
|switch|p1a: Landorus|Landorus-Therian, M|80/100
|-ability|p1a: Landorus|Intimidate|boost
|-unboost|p2a: Kingambit|atk|1
|move|p2a: Kingambit|Kowtow Cleave|p1a: Landorus
|-damage|p1a: Landorus|32/100
|-damage|p2a: Kingambit|78/100|[from] item: Rocky Helmet|[of] p1a: Landorus
|
|upkeep
|turn|9
|
|t:|1757930165
|-end|p2a: Kingambit|fallen2|[silent]
|switch|p2a: pissdog|Zamazenta|100/100
|-ability|p2a: pissdog|Dauntless Shield|boost
|-boost|p2a: pissdog|def|1
|move|p1a: Landorus|U-turn|p2a: pissdog
|-resisted|p2a: pissdog
|-damage|p2a: pissdog|93/100
|
|t:|1757930170
|switch|p1a: Dragapult|Dragapult, F|41/100|[from] U-turn
|-damage|p1a: Dragapult|29/100|[from] Spikes
|
|upkeep
|turn|10
|
|t:|1757930177
|move|p1a: Dragapult|Draco Meteor|p2a: pissdog
|-damage|p2a: pissdog|15/100
|-unboost|p1a: Dragapult|spa|2
|move|p2a: pissdog|Heavy Slam|p1a: Dragapult
|-damage|p1a: Dragapult|0 fnt
|faint|p1a: Dragapult
|
|upkeep
|
|t:|1757930191
|switch|p1a: Iron Valiant|Iron Valiant|100/100
|-damage|p1a: Iron Valiant|88/100|[from] Spikes
|-enditem|p1a: Iron Valiant|Booster Energy
|-activate|p1a: Iron Valiant|ability: Quark Drive|[fromitem]
|-start|p1a: Iron Valiant|quarkdrivespe
|turn|11
|
|t:|1757930196
|move|p1a: Iron Valiant|Spirit Break|p2a: pissdog
|-supereffective|p2a: pissdog
|-damage|p2a: pissdog|0 fnt
|faint|p2a: pissdog
|
|upkeep
|
|t:|1757930198
|switch|p2a: Gholdengo|Gholdengo|100/100
|-damage|p2a: Gholdengo|94/100|[from] Stealth Rock
|-item|p2a: Gholdengo|Air Balloon
|turn|12
|
|t:|1757930205
|-end|p1a: Iron Valiant|Quark Drive|[silent]
|switch|p1a: Kingambit|Kingambit, M|100/100
|-damage|p1a: Kingambit|88/100|[from] Spikes
|-activate|p1a: Kingambit|ability: Supreme Overlord
|-start|p1a: Kingambit|fallen2|[silent]
|move|p2a: Gholdengo|Nasty Plot|p2a: Gholdengo
|-boost|p2a: Gholdengo|spa|2
|
|-heal|p1a: Kingambit|94/100|[from] item: Leftovers
|upkeep
|turn|13
|
|t:|1757930213
|-terastallize|p2a: Gholdengo|Fairy
|move|p2a: Gholdengo|Dazzling Gleam|p1a: Kingambit
|-damage|p1a: Kingambit|28/100
|move|p1a: Kingambit|Kowtow Cleave|p2a: Gholdengo
|-resisted|p2a: Gholdengo
|-damage|p2a: Gholdengo|74/100
|-enditem|p2a: Gholdengo|Air Balloon
|
|-heal|p1a: Kingambit|34/100|[from] item: Leftovers
|upkeep
|turn|14
|
|t:|1757930219
|move|p2a: Gholdengo|Dazzling Gleam|p1a: Kingambit
|-damage|p1a: Kingambit|0 fnt
|faint|p1a: Kingambit
|-end|p1a: Kingambit|fallen2|[silent]
|
|upkeep
|
|t:|1757930224
|switch|p1a: Glimmora|Glimmora, F|100/100
|-damage|p1a: Glimmora|88/100|[from] Spikes
|turn|15
|
|t:|1757930231
|switch|p2a: Ogerpon|Ogerpon-Wellspring, F|88/100
|-damage|p2a: Ogerpon|76/100|[from] Stealth Rock
|move|p1a: Glimmora|Meteor Beam||[still]
|-prepare|p1a: Glimmora|Meteor Beam
|-boost|p1a: Glimmora|spa|1
|-enditem|p1a: Glimmora|Power Herb
|-anim|p1a: Glimmora|Meteor Beam|p2a: Ogerpon
|-damage|p2a: Ogerpon|0 fnt
|faint|p2a: Ogerpon
|
|upkeep
|
|t:|1757930234
|switch|p2a: Kingambit|Kingambit, F|78/100
|-damage|p2a: Kingambit|72/100|[from] Stealth Rock
|-activate|p2a: Kingambit|ability: Supreme Overlord
|-start|p2a: Kingambit|fallen4|[silent]
|turn|16
|
|t:|1757930240
|move|p2a: Kingambit|Sucker Punch|p1a: Glimmora
|-damage|p1a: Glimmora|11/100
|-activate|p1a: Glimmora|ability: Toxic Debris
|-sidestart|p2: chi yuh yuh|move: Toxic Spikes
|move|p1a: Glimmora|Earth Power|p2a: Kingambit
|-supereffective|p2a: Kingambit
|-damage|p2a: Kingambit|0 fnt
|faint|p2a: Kingambit
|-end|p2a: Kingambit|fallen4|[silent]
|
|upkeep
|c|☆chi yuh yuh|gg
|-message|chi yuh yuh forfeited.
|
|win|Gregor Gysi
|raw|Gregor Gysi's rating: 1756 &rarr; <strong>1774</strong><br />(+18 for winning)
|raw|chi yuh yuh's rating: 1719 &rarr; <strong>1701</strong><br />(-18 for losing)
|l|☆chi yuh yuh
|player|p2|
|l|☆Gregor Gysi
|player|p1|
|l| heatraniac
|l| wgw2333
