|j|☆Amida234
|j|☆Turqoietoise
|t:|1757868214
|gametype|singles
|player|p1|Amida234|101|1159
|player|p2|Turqoietoise|juan|1222
|gen|9
|tier|[Gen 9] OU
|rated|
|rule|HP Percentage Mod: HP is shown in percentages
|rule|Endless Battle Clause: Forcing endless battles is banned
|rule|Species Clause: Limit one of each Pokémon
|rule|OHKO Clause: OHKO moves are banned
|rule|Evasion Items Clause: Evasion items are banned
|rule|Evasion Moves Clause: Evasion moves are banned
|rule|Evasion Abilities Clause: Evasion abilities are banned
|rule|Sleep Moves Clause: Sleep-inducing moves are banned
|clearpoke
|poke|p1|Scizor, M|
|poke|p1|Cinderace, M|
|poke|p1|Garchomp, F|
|poke|p1|Rotom-Wash|
|poke|p1|Dusclops, F|
|poke|p1|Gliscor, F|
|poke|p2|Great Tusk|
|poke|p2|Goodra-Hisui, M|
|poke|p2|Moltres|
|poke|p2|Ogerpon-Wellspring, F|
|poke|p2|Clefable, M|
|poke|p2|Dragonite, F|
|teampreview
|
|t:|1757868229
|teamsize|p1|6
|teamsize|p2|6
|start
|switch|p1a: Rotom|Rotom-Wash|100/100
|switch|p2a: Great Tusk|Great Tusk|100/100
|turn|1
|
|t:|1757868240
|-end|p2a: Great Tusk|Protosynthesis|[silent]
|switch|p2a: Goodra|Goodra-Hisui, M|100/100
|move|p1a: Rotom|Hydro Pump|p2a: Goodra|[miss]
|-miss|p1a: Rotom|p2a: Goodra
|
|upkeep
|turn|2
|
|t:|1757868251
|switch|p1a: Cinderace|Cinderace, M|100/100
|move|p2a: Goodra|Knock Off|p1a: Cinderace
|-damage|p1a: Cinderace|73/100
|-enditem|p1a: Cinderace|Life Orb|[from] move: Knock Off|[of] p2a: Goodra
|
|upkeep
|turn|3
|
|t:|1757868268
|switch|p2a: Moltres|Moltres|100/100
|move|p1a: Cinderace|Pyro Ball|p2a: Moltres
|-resisted|p2a: Moltres
|-damage|p2a: Moltres|73/100
|
|upkeep
|turn|4
|
|t:|1757868280
|switch|p1a: Dusclops|Dusclops, F|100/100
|-item|p2a: Moltres|Heavy-Duty Boots|[from] ability: Frisk|[of] p1a: Dusclops
|move|p2a: Moltres|Roost|p2a: Moltres
|-heal|p2a: Moltres|100/100
|-singleturn|p2a: Moltres|move: Roost
|
|upkeep
|turn|5
|
|t:|1757868304
|switch|p2a: Goodra|Goodra-Hisui, M|100/100
|move|p1a: Dusclops|Curse|p2a: Goodra
|-start|p2a: Goodra|Curse|[of] p1a: Dusclops
|-damage|p1a: Dusclops|50/100
|
|-damage|p2a: Goodra|76/100|[from] Curse
|upkeep
|turn|6
|
|t:|1757868315
|move|p2a: Goodra|Knock Off|p1a: Dusclops
|-supereffective|p1a: Dusclops
|-damage|p1a: Dusclops|27/100
|-enditem|p1a: Dusclops|Eviolite|[from] move: Knock Off|[of] p2a: Goodra
|move|p1a: Dusclops|Rest|p1a: Dusclops
|-status|p1a: Dusclops|slp|[from] move: Rest
|-heal|p1a: Dusclops|100/100 slp|[silent]
|
|-heal|p2a: Goodra|82/100|[from] item: Leftovers
|-damage|p2a: Goodra|57/100|[from] Curse
|upkeep
|turn|7
|
|t:|1757868336
|switch|p2a: Ogerpon|Ogerpon-Wellspring, F|100/100
|switch|p1a: Cinderace|Cinderace, M|73/100
|
|upkeep
|turn|8
|
|t:|1757868348
|-terastallize|p2a: Ogerpon|Water
|detailschange|p2a: Ogerpon|Ogerpon-Wellspring-Tera, F, tera:Water
|-ability|p2a: Ogerpon|Embody Aspect (Wellspring)|boost
|-boost|p2a: Ogerpon|spd|1
|move|p2a: Ogerpon|Swords Dance|p2a: Ogerpon
|-boost|p2a: Ogerpon|atk|2
|move|p1a: Cinderace|U-turn|p2a: Ogerpon
|-start|p1a: Cinderace|typechange|Bug|[from] ability: Libero
|-damage|p2a: Ogerpon|53/100
|
|t:|1757868358
|switch|p1a: Rotom|Rotom-Wash|100/100|[from] U-turn
|
|upkeep
|turn|9
|
|t:|1757868363
|move|p2a: Ogerpon|Horn Leech|p1a: Rotom
|-supereffective|p1a: Rotom
|-damage|p1a: Rotom|0 fnt
|-heal|p2a: Ogerpon|93/100|[from] drain|[of] p1a: Rotom
|faint|p1a: Rotom
|
|upkeep
|
|t:|1757868369
|switch|p1a: Scizor|Scizor, M|100/100
|turn|10
|
|t:|1757868378
|move|p1a: Scizor|Bullet Punch|p2a: Ogerpon
|-resisted|p2a: Ogerpon
|-damage|p2a: Ogerpon|72/100
|move|p2a: Ogerpon|Ivy Cudgel|p1a: Scizor|[anim] Ivy Cudgel Water
|-damage|p1a: Scizor|0 fnt
|faint|p1a: Scizor
|
|upkeep
|
|t:|1757868385
|switch|p1a: Garchomp|Garchomp, F|100/100
|turn|11
|
|t:|1757868388
|-terastallize|p1a: Garchomp|Fairy
|move|p2a: Ogerpon|Ivy Cudgel|p1a: Garchomp|[anim] Ivy Cudgel Water
|-damage|p1a: Garchomp|0 fnt
|faint|p1a: Garchomp
|
|upkeep
|
|t:|1757868394
|switch|p1a: Cinderace|Cinderace, M|73/100
|turn|12
|
|t:|1757868398
|move|p2a: Ogerpon|Ivy Cudgel|p1a: Cinderace|[anim] Ivy Cudgel Water
|-supereffective|p1a: Cinderace
|-damage|p1a: Cinderace|0 fnt
|faint|p1a: Cinderace
|
|upkeep
|
|t:|1757868402
|switch|p1a: Dusclops|Dusclops, F|100/100 slp
|-item|p2a: Ogerpon|Wellspring Mask|[from] ability: Frisk|[of] p1a: Dusclops
|turn|13
|
|t:|1757868407
|move|p2a: Ogerpon|Swords Dance|p2a: Ogerpon
|-boost|p2a: Ogerpon|atk|2
|cant|p1a: Dusclops|slp
|
|upkeep
|turn|14
|
|t:|1757868413
|move|p2a: Ogerpon|Ivy Cudgel|p1a: Dusclops|[anim] Ivy Cudgel Water
|-damage|p1a: Dusclops|0 fnt
|faint|p1a: Dusclops
|
|upkeep
|
|t:|1757868417
|switch|p1a: Gliscor|Gliscor, F|100/100
|turn|15
|
|t:|1757868421
|move|p2a: Ogerpon|Ivy Cudgel|p1a: Gliscor|[anim] Ivy Cudgel Water
|-supereffective|p1a: Gliscor
|-damage|p1a: Gliscor|0 fnt
|faint|p1a: Gliscor
|
|win|Turqoietoise
|raw|Amida234's rating: 1159 &rarr; <strong>1138</strong><br />(-21 for losing)
|raw|Turqoietoise's rating: 1222 &rarr; <strong>1243</strong><br />(+21 for winning)
|l|☆Amida234
|player|p1|
