|j|☆1digo11
|j|☆valentin.loir
|t:|1757794682
|gametype|singles
|player|p1|1digo11|bellelba|1044
|player|p2|valentin.loir|266|1009
|gen|9
|tier|[Gen 9] OU
|rated|
|rule|HP Percentage Mod: HP is shown in percentages
|rule|Endless Battle Clause: Forcing endless battles is banned
|rule|Species Clause: Limit one of each Pokémon
|rule|OHKO Clause: OHKO moves are banned
|rule|Evasion Items Clause: Evasion items are banned
|rule|Evasion Moves Clause: Evasion moves are banned
|rule|Evasion Abilities Clause: Evasion abilities are banned
|rule|Sleep Moves Clause: Sleep-inducing moves are banned
|clearpoke
|poke|p1|Landorus-Therian, M|
|poke|p1|Hatterene, F|
|poke|p1|Dragapult, M|
|poke|p1|Ogerpon-Wellspring, F|
|poke|p1|Heatran, M|
|poke|p1|Gholdengo|
|poke|p2|Garganacl, F|
|poke|p2|Glimmora, M|
|poke|p2|Primarina, F|
|poke|p2|Ribombee, F|
|poke|p2|Clodsire, F|
|poke|p2|Landorus-Therian, M|
|teampreview
|
|t:|1757794689
|teamsize|p1|6
|teamsize|p2|6
|start
|switch|p1a: Landorus|Landorus-Therian, M|100/100
|switch|p2a: Ribombee|Ribombee, F|100/100
|-ability|p1a: Landorus|Intimidate|boost
|-unboost|p2a: Ribombee|atk|1
|turn|1
|
|t:|1757794697
|switch|p1a: Hatterene|Hatterene, F|100/100
|move|p2a: Ribombee|Sticky Web|p1a: Hatterene
|move|p1a: Hatterene|Sticky Web|p2a: Ribombee|[from] ability: Magic Bounce
|-sidestart|p2: valentin.loir|move: Sticky Web
|
|upkeep
|turn|2
|
|t:|1757794706
|move|p2a: Ribombee|U-turn|p1a: Hatterene
|-damage|p1a: Hatterene|93/100
|
|t:|1757794708
|switch|p2a: Glimmora|Glimmora, M|100/100|[from] U-turn
|-item|p2a: Glimmora|Air Balloon
|move|p1a: Hatterene|Mystical Fire|p2a: Glimmora
|-resisted|p2a: Glimmora
|-damage|p2a: Glimmora|92/100
|-unboost|p2a: Glimmora|spa|1
|-enditem|p2a: Glimmora|Air Balloon
|
|-heal|p1a: Hatterene|99/100|[from] item: Leftovers
|upkeep
|turn|3
|
|t:|1757794721
|switch|p1a: Gholdengo|Gholdengo|100/100
|move|p2a: Glimmora|Mortal Spin|p1a: Gholdengo
|-immune|p1a: Gholdengo
|
|upkeep
|turn|4
|inactive|Battle timer is ON: inactive players will automatically lose when time's up. (requested by valentin.loir)
|
|t:|1757794731
|switch|p2a: Landorus|Landorus-Therian, M|100/100
|-ability|p2a: Landorus|Intimidate|boost
|-unboost|p1a: Gholdengo|atk|1
|move|p1a: Gholdengo|Make It Rain|p2a: Landorus
|-damage|p2a: Landorus|24/100
|-unboost|p1a: Gholdengo|spa|1
|
|upkeep
|turn|5
|
|t:|1757794741
|move|p1a: Gholdengo|Make It Rain|p2a: Landorus
|-damage|p2a: Landorus|0 fnt
|-unboost|p1a: Gholdengo|spa|1
|faint|p2a: Landorus
|
|upkeep
|
|t:|1757794750
|switch|p2a: Ribombee|Ribombee, F|100/100
|-activate|p2a: Ribombee|move: Sticky Web
|-unboost|p2a: Ribombee|spe|1
|turn|6
|
|t:|1757794757
|move|p1a: Gholdengo|Make It Rain|p2a: Ribombee
|-supereffective|p2a: Ribombee
|-crit|p2a: Ribombee
|-enditem|p2a: Ribombee|Focus Sash
|-damage|p2a: Ribombee|1/100
|-unboost|p1a: Gholdengo|spa|1
|move|p2a: Ribombee|Bug Buzz|p1a: Gholdengo
|-resisted|p1a: Gholdengo
|-damage|p1a: Gholdengo|89/100
|
|upkeep
|turn|7
|-message|valentin.loir forfeited.
|
|win|1digo11
|raw|1digo11's rating: 1044 &rarr; <strong>1074</strong><br />(+30 for winning)
|raw|valentin.loir's rating: 1009 &rarr; <strong>1000</strong><br />(-9 for losing)
|l|☆valentin.loir
|player|p2|
