|j|☆jawnpilgrim
|j|☆StarMaster10
|t:|1757909940
|gametype|singles
|player|p1|jawnpilgrim|n|1180
|player|p2|StarMaster10|steven|1287
|gen|9
|tier|[Gen 9] OU
|rated|
|rule|HP Percentage Mod: HP is shown in percentages
|rule|Endless Battle Clause: Forcing endless battles is banned
|rule|Species Clause: Limit one of each Pokémon
|rule|OHKO Clause: OHKO moves are banned
|rule|Evasion Items Clause: Evasion items are banned
|rule|Evasion Moves Clause: Evasion moves are banned
|rule|Evasion Abilities Clause: Evasion abilities are banned
|rule|Sleep Moves Clause: Sleep-inducing moves are banned
|clearpoke
|poke|p1|Excadrill, F|
|poke|p1|Tyranitar, M|
|poke|p1|Zapdos|
|poke|p1|Dragapult, M|
|poke|p1|Tinkaton, F|
|poke|p1|Typhlosion, F|
|poke|p2|Ninetales-Alola, M|
|poke|p2|Ceruledge, M|
|poke|p2|Iron Moth|
|poke|p2|Garchomp, M|
|poke|p2|Metagross|
|poke|p2|Enamorus, F|
|teampreview
|
|t:|1757909945
|teamsize|p1|6
|teamsize|p2|6
|start
|switch|p1a: Tinkaton|Tinkaton, F|100/100
|switch|p2a: Ninetales|Ninetales-Alola, M|100/100
|-weather|Snowscape|[from] ability: Snow Warning|[of] p2a: Ninetales
|turn|1
|
|t:|1757909955
|move|p2a: Ninetales|Aurora Veil|p2a: Ninetales
|-sidestart|p2: StarMaster10|move: Aurora Veil
|move|p1a: Tinkaton|Thunder Wave|p2a: Ninetales
|-status|p2a: Ninetales|par
|
|-weather|Snowscape|[upkeep]
|upkeep
|turn|2
|
|t:|1757909962
|move|p1a: Tinkaton|Stealth Rock|p2a: Ninetales
|-sidestart|p2: StarMaster10|move: Stealth Rock
|move|p2a: Ninetales|Encore|p1a: Tinkaton
|-start|p1a: Tinkaton|Encore
|
|-weather|Snowscape|[upkeep]
|upkeep
|turn|3
|
|t:|1757909971
|switch|p1a: Typhlosion|Typhlosion, F, shiny|100/100
|switch|p2a: Garchomp|Garchomp, M, shiny|100/100
|-damage|p2a: Garchomp|94/100|[from] Stealth Rock
|
|-weather|Snowscape|[upkeep]
|upkeep
|turn|4
|
|t:|1757909982
|switch|p1a: Zapdos|Zapdos, shiny|100/100
|move|p2a: Garchomp|Swords Dance|p2a: Garchomp
|-boost|p2a: Garchomp|atk|2
|
|-weather|Snowscape|[upkeep]
|upkeep
|turn|5
|
|t:|1757909993
|switch|p1a: Tinkaton|Tinkaton, F|100/100
|move|p2a: Garchomp|Swords Dance|p2a: Garchomp
|-boost|p2a: Garchomp|atk|2
|
|-weather|none
|upkeep
|turn|6
|
|t:|1757910001
|move|p2a: Garchomp|Fire Fang|p1a: Tinkaton
|-supereffective|p1a: Tinkaton
|-damage|p1a: Tinkaton|0 fnt
|faint|p1a: Tinkaton
|
|upkeep
|
|t:|1757910006
|switch|p1a: Dragapult|Dragapult, M|100/100
|turn|7
|
|t:|1757910010
|-terastallize|p2a: Garchomp|Steel
|move|p1a: Dragapult|Hydro Pump|p2a: Garchomp
|-damage|p2a: Garchomp|57/100
|move|p2a: Garchomp|Scale Shot|p1a: Dragapult
|-supereffective|p1a: Dragapult
|-damage|p1a: Dragapult|0 fnt
|faint|p1a: Dragapult
|-hitcount|p1: Dragapult|1
|-unboost|p2a: Garchomp|def|1
|-boost|p2a: Garchomp|spe|1
|
|upkeep
|
|t:|1757910024
|switch|p1a: Typhlosion|Typhlosion, F, shiny|100/100
|turn|8
|
|t:|1757910030
|move|p2a: Garchomp|Earthquake|p1a: Typhlosion
|-supereffective|p1a: Typhlosion
|-damage|p1a: Typhlosion|0 fnt
|faint|p1a: Typhlosion
|
|-sideend|p2: StarMaster10|move: Aurora Veil
|upkeep
|c|☆jawnpilgrim|gg
|
|t:|1757910036
|switch|p1a: Zapdos|Zapdos, shiny|100/100
|turn|9
|
|t:|1757910042
|-terastallize|p1a: Zapdos|Fairy
|move|p2a: Garchomp|Scale Shot|p1a: Zapdos
|-immune|p1a: Zapdos
|move|p1a: Zapdos|Heat Wave|p2a: Garchomp
|-supereffective|p2a: Garchomp
|-damage|p2a: Garchomp|0 fnt
|faint|p2a: Garchomp
|
|upkeep
|
|t:|1757910054
|switch|p2a: Metagross|Metagross|100/100
|-damage|p2a: Metagross|95/100|[from] Stealth Rock
|turn|10
|
|t:|1757910061
|move|p2a: Metagross|Agility|p2a: Metagross
|-boost|p2a: Metagross|spe|2
|move|p1a: Zapdos|Heat Wave|p2a: Metagross
|-supereffective|p2a: Metagross
|-damage|p2a: Metagross|6/100
|-enditem|p2a: Metagross|Weakness Policy
|-boost|p2a: Metagross|atk|2|[from] item: Weakness Policy
|-boost|p2a: Metagross|spa|2|[from] item: Weakness Policy
|
|upkeep
|turn|11
|
|t:|1757910071
|move|p2a: Metagross|Meteor Mash|p1a: Zapdos
|-supereffective|p1a: Zapdos
|-damage|p1a: Zapdos|0 fnt
|-boost|p2a: Metagross|atk|1
|faint|p1a: Zapdos
|
|upkeep
|
|t:|1757910078
|switch|p1a: Tyranitar|Tyranitar, M|100/100
|-weather|Sandstorm|[from] ability: Sand Stream|[of] p1a: Tyranitar
|turn|12
|
|t:|1757910083
|move|p2a: Metagross|Meteor Mash|p1a: Tyranitar
|-supereffective|p1a: Tyranitar
|-damage|p1a: Tyranitar|0 fnt
|-boost|p2a: Metagross|atk|1
|faint|p1a: Tyranitar
|
|-weather|Sandstorm|[upkeep]
|upkeep
|
|t:|1757910089
|switch|p1a: Excadrill|Excadrill, F|100/100
|turn|13
|
|t:|1757910092
|move|p1a: Excadrill|Earthquake|p2a: Metagross
|-supereffective|p2a: Metagross
|-damage|p2a: Metagross|0 fnt
|faint|p2a: Metagross
|
|-weather|Sandstorm|[upkeep]
|upkeep
|
|t:|1757910100
|switch|p2a: Ninetales|Ninetales-Alola, M|100/100 par
|-damage|p2a: Ninetales|76/100 par|[from] Stealth Rock
|-weather|Snowscape|[from] ability: Snow Warning|[of] p2a: Ninetales
|turn|14
|
|t:|1757910106
|move|p1a: Excadrill|Earthquake|p2a: Ninetales
|-damage|p2a: Ninetales|6/100 par
|move|p2a: Ninetales|Aurora Veil|p2a: Ninetales
|-sidestart|p2: StarMaster10|move: Aurora Veil
|
|-weather|Snowscape|[upkeep]
|upkeep
|turn|15
|
|t:|1757910112
|move|p1a: Excadrill|Rock Slide|p2a: Ninetales
|-supereffective|p2a: Ninetales
|-damage|p2a: Ninetales|0 fnt
|faint|p2a: Ninetales
|
|-weather|Snowscape|[upkeep]
|upkeep
|
|t:|1757910118
|switch|p2a: Iron Moth|Iron Moth|100/100
|-damage|p2a: Iron Moth|75/100|[from] Stealth Rock
|-enditem|p2a: Iron Moth|Booster Energy
|-activate|p2a: Iron Moth|ability: Quark Drive|[fromitem]
|-start|p2a: Iron Moth|quarkdrivespe
|turn|16
|
|t:|1757910124
|move|p2a: Iron Moth|Fiery Dance|p1a: Excadrill
|-supereffective|p1a: Excadrill
|-damage|p1a: Excadrill|0 fnt
|-boost|p2a: Iron Moth|spa|1
|faint|p1a: Excadrill
|
|win|StarMaster10
|raw|jawnpilgrim's rating: 1180 &rarr; <strong>1162</strong><br />(-18 for losing)
|raw|StarMaster10's rating: 1287 &rarr; <strong>1305</strong><br />(+18 for winning)
|c|☆jawnpilgrim|gg
|l|☆StarMaster10
|player|p2|
|l|☆jawnpilgrim
|player|p1|
