|j|☆kashkash67
|j|☆Cyniko
|t:|1757826378
|gametype|singles
|player|p1|kashkash67|266|1207
|player|p2|Cyniko|ghetsis-gen5bw|1144
|gen|9
|tier|[Gen 9] OU
|rated|
|rule|HP Percentage Mod: HP is shown in percentages
|rule|Endless Battle Clause: Forcing endless battles is banned
|rule|Species Clause: Limit one of each Pokémon
|rule|OHKO Clause: OHKO moves are banned
|rule|Evasion Items Clause: Evasion items are banned
|rule|Evasion Moves Clause: Evasion moves are banned
|rule|Evasion Abilities Clause: Evasion abilities are banned
|rule|Sleep Moves Clause: Sleep-inducing moves are banned
|clearpoke
|poke|p1|Corviknight, M|
|poke|p1|Ursaluna, M|
|poke|p1|Arcanine-Hisui, F|
|poke|p1|Primarina, M|
|poke|p1|Raging Bolt|
|poke|p1|Great Tusk|
|poke|p2|Garchomp, M|
|poke|p2|Gholdengo|
|poke|p2|Great Tusk|
|poke|p2|Deoxys-Speed|
|poke|p2|Slowking-Galar, F|
|poke|p2|Cinderace, M|
|teampreview
|inactive|Battle timer is ON: inactive players will automatically lose when time's up. (requested by kashkash67)
|
|t:|1757826391
|teamsize|p1|6
|teamsize|p2|6
|start
|switch|p1a: Corviknight|Corviknight, M|100/100
|switch|p2a: Garchomp|Garchomp, M, shiny|100/100
|turn|1
|
|t:|1757826406
|-terastallize|p2a: Garchomp|Stellar
|move|p2a: Garchomp|Liquidation|p1a: Corviknight
|-damage|p1a: Corviknight|68/100
|-damage|p2a: Garchomp|84/100|[from] item: Rocky Helmet|[of] p1a: Corviknight
|-damage|p2a: Garchomp|74/100|[from] item: Life Orb
|move|p1a: Corviknight|Tailwind|p1a: Corviknight
|-sidestart|p1: kashkash67|move: Tailwind
|
|upkeep
|turn|2
|
|t:|1757826425
|move|p1a: Corviknight|Roost|p1a: Corviknight
|-heal|p1a: Corviknight|100/100
|-singleturn|p1a: Corviknight|move: Roost
|move|p2a: Garchomp|Liquidation|p1a: Corviknight
|-damage|p1a: Corviknight|77/100
|-ability|p1a: Corviknight|Mirror Armor
|-unboost|p2a: Garchomp|def|1
|-damage|p2a: Garchomp|58/100|[from] item: Rocky Helmet|[of] p1a: Corviknight
|-damage|p2a: Garchomp|48/100|[from] item: Life Orb
|
|upkeep
|turn|3
|
|t:|1757826437
|switch|p2a: Cinderace|Cinderace, M, shiny|100/100
|move|p1a: Corviknight|Roost|p1a: Corviknight
|-heal|p1a: Corviknight|100/100
|-singleturn|p1a: Corviknight|move: Roost
|
|upkeep
|turn|4
|
|t:|1757826450
|switch|p1a: Arcanine|Arcanine-Hisui, F|100/100
|move|p2a: Cinderace|Pyro Ball|p1a: Arcanine
|-resisted|p1a: Arcanine
|-damage|p1a: Arcanine|81/100
|
|-sideend|p1: kashkash67|move: Tailwind
|upkeep
|turn|5
|
|t:|1757826463
|move|p2a: Cinderace|U-turn|p1a: Arcanine
|-start|p2a: Cinderace|typechange|Bug|[from] ability: Libero
|-resisted|p1a: Arcanine
|-damage|p1a: Arcanine|61/100
|
|t:|1757826469
|switch|p2a: Garchomp|Garchomp, M, shiny, tera:Stellar|48/100|[from] U-turn
|move|p1a: Arcanine|Head Smash|p2a: Garchomp
|-resisted|p2a: Garchomp
|-damage|p2a: Garchomp|0 fnt
|-damage|p1a: Arcanine|48/100|[from] ability: Rough Skin|[of] p2a: Garchomp
|faint|p2a: Garchomp
|
|upkeep
|
|t:|1757826485
|switch|p2a: Great Tusk|Great Tusk, shiny|100/100
|-enditem|p2a: Great Tusk|Booster Energy
|-activate|p2a: Great Tusk|ability: Protosynthesis|[fromitem]
|-start|p2a: Great Tusk|protosynthesisatk
|turn|6
|
|t:|1757826504
|switch|p1a: Corviknight|Corviknight, M|100/100
|move|p2a: Great Tusk|Ice Spinner|p1a: Corviknight
|-damage|p1a: Corviknight|79/100
|-damage|p2a: Great Tusk|84/100|[from] item: Rocky Helmet|[of] p1a: Corviknight
|
|upkeep
|turn|7
|
|t:|1757826515
|-end|p2a: Great Tusk|Protosynthesis|[silent]
|switch|p2a: Cinderace|Cinderace, M, shiny|100/100
|move|p1a: Corviknight|Roost|p1a: Corviknight
|-heal|p1a: Corviknight|100/100
|-singleturn|p1a: Corviknight|move: Roost
|
|upkeep
|turn|8
|
|t:|1757826527
|switch|p1a: Primarina|Primarina, M|100/100
|move|p2a: Cinderace|Pyro Ball|p1a: Primarina
|-resisted|p1a: Primarina
|-damage|p1a: Primarina|63/100
|
|upkeep
|turn|9
|
|t:|1757826535
|move|p2a: Cinderace|U-turn|p1a: Primarina
|-start|p2a: Cinderace|typechange|Bug|[from] ability: Libero
|-resisted|p1a: Primarina
|-crit|p1a: Primarina
|-damage|p1a: Primarina|31/100
|
|t:|1757826542
|switch|p2a: Deoxys|Deoxys-Speed, shiny|100/100|[from] U-turn
|-ability|p2a: Deoxys|Pressure
|move|p1a: Primarina|Hyper Voice|p2a: Deoxys
|-damage|p2a: Deoxys|15/100
|
|upkeep
|turn|10
|
|t:|1757826556
|move|p2a: Deoxys|Psycho Boost|p1a: Primarina
|-damage|p1a: Primarina|0 fnt
|-unboost|p2a: Deoxys|spa|2
|faint|p1a: Primarina
|-damage|p2a: Deoxys|5/100|[from] item: Life Orb
|
|upkeep
|
|t:|1757826566
|switch|p1a: Raging Bolt|Raging Bolt|100/100
|-enditem|p1a: Raging Bolt|Booster Energy
|-activate|p1a: Raging Bolt|ability: Protosynthesis|[fromitem]
|-start|p1a: Raging Bolt|protosynthesisspa
|turn|11
|
|t:|1757826576
|move|p1a: Raging Bolt|Thunderclap|p2a: Deoxys
|-damage|p2a: Deoxys|0 fnt
|faint|p2a: Deoxys
|
|upkeep
|
|t:|1757826582
|switch|p2a: Great Tusk|Great Tusk, shiny|84/100
|turn|12
|
|t:|1757826591
|move|p2a: Great Tusk|Stealth Rock|p1a: Raging Bolt
|-sidestart|p1: kashkash67|move: Stealth Rock
|move|p1a: Raging Bolt|Draco Meteor|p2a: Great Tusk
|-damage|p2a: Great Tusk|0 fnt
|-unboost|p1a: Raging Bolt|spa|2
|faint|p2a: Great Tusk
|-end|p2a: Great Tusk|Protosynthesis|[silent]
|
|upkeep
|
|t:|1757826602
|switch|p2a: Cinderace|Cinderace, M, shiny|100/100
|turn|13
|
|t:|1757826614
|move|p2a: Cinderace|Pyro Ball|p1a: Raging Bolt
|-resisted|p1a: Raging Bolt
|-damage|p1a: Raging Bolt|77/100
|move|p1a: Raging Bolt|Volt Switch|p2a: Cinderace
|-damage|p2a: Cinderace|64/100
|-message|Cyniko forfeited.
|
|win|kashkash67
|raw|kashkash67's rating: 1207 &rarr; <strong>1228</strong><br />(+21 for winning)
|raw|Cyniko's rating: 1144 &rarr; <strong>1123</strong><br />(-21 for losing)
|l|☆Cyniko
|player|p2|
|l|☆kashkash67
|player|p1|
