|j|☆bottom drawer
|j|☆magicomagikarp
|t:|1757865632
|gametype|singles
|player|p1|bottom drawer|169|1312
|player|p2|magicomagikarp|ingo|1346
|gen|9
|tier|[Gen 9] OU
|rated|
|rule|HP Percentage Mod: HP is shown in percentages
|rule|Endless Battle Clause: Forcing endless battles is banned
|rule|Species Clause: Limit one of each Pokémon
|rule|OHKO Clause: OHKO moves are banned
|rule|Evasion Items Clause: Evasion items are banned
|rule|Evasion Moves Clause: Evasion moves are banned
|rule|Evasion Abilities Clause: Evasion abilities are banned
|rule|Sleep Moves Clause: Sleep-inducing moves are banned
|clearpoke
|poke|p1|Lokix, F|
|poke|p1|Araquanid, M|
|poke|p1|Hoopa-Unbound|
|poke|p1|Great Tusk|
|poke|p1|Gholdengo|
|poke|p1|Raging Bolt|
|poke|p2|Tornadus, M|
|poke|p2|Toxtricity, M|
|poke|p2|Iron Valiant|
|poke|p2|Arcanine-Hisui, M|
|poke|p2|Brambleghast, M|
|poke|p2|Hydreigon, M|
|teampreview
|
|t:|1757865648
|teamsize|p1|6
|teamsize|p2|6
|start
|switch|p1a: Araquanid|Araquanid, M|100/100
|switch|p2a: Fujin|Tornadus, M, shiny|100/100
|turn|1
|
|t:|1757865661
|move|p2a: Fujin|Taunt|p1a: Araquanid
|-start|p1a: Araquanid|move: Taunt
|cant|p1a: Araquanid|move: Taunt|Sticky Web
|
|upkeep
|turn|2
|
|t:|1757865673
|move|p2a: Fujin|Tailwind|p2a: Fujin
|-sidestart|p2: magicomagikarp|move: Tailwind
|move|p1a: Araquanid|Surf|p2a: Fujin
|-damage|p2a: Fujin|28/100
|-enditem|p2a: Fujin|Eject Button
|
|t:|1757865682
|switch|p2a: Kyotaro|Toxtricity, M, shiny|100/100
|
|upkeep
|turn|3
|
|t:|1757865695
|switch|p1a: Hoopa|Hoopa-Unbound|100/100
|move|p2a: Kyotaro|Boomburst|p1a: Hoopa
|-damage|p1a: Hoopa|45/100
|
|upkeep
|turn|4
|
|t:|1757865705
|switch|p2a: The Fallen|Brambleghast, M, shiny|100/100
|-ability|p2a: The Fallen|Wind Rider|boost
|-boost|p2a: The Fallen|atk|1
|switch|p1a: Gholdengo|Gholdengo|100/100
|-item|p1a: Gholdengo|Air Balloon
|
|upkeep
|turn|5
|
|t:|1757865732
|switch|p1a: Great Tusk|Great Tusk|100/100
|move|p2a: The Fallen|Poltergeist|p1a: Great Tusk|[miss]
|-miss|p2a: The Fallen|p1a: Great Tusk
|
|-sideend|p2: magicomagikarp|move: Tailwind
|upkeep
|turn|6
|
|t:|1757865740
|move|p1a: Great Tusk|Knock Off|p2a: The Fallen
|-supereffective|p2a: The Fallen
|-damage|p2a: The Fallen|0 fnt
|-enditem|p2a: The Fallen|Life Orb|[from] move: Knock Off|[of] p1a: Great Tusk
|faint|p2a: The Fallen
|
|upkeep
|
|t:|1757865747
|switch|p2a: Fujin|Tornadus, M, shiny|28/100
|turn|7
|
|t:|1757865757
|move|p2a: Fujin|Hurricane|p1a: Great Tusk
|-supereffective|p1a: Great Tusk
|-damage|p1a: Great Tusk|0 fnt
|faint|p1a: Great Tusk
|-end|p1a: Great Tusk|Protosynthesis|[silent]
|
|upkeep
|
|t:|1757865759
|switch|p1a: Lokix|Lokix, F|100/100
|turn|8
|
|t:|1757865770
|-terastallize|p1a: Lokix|Bug
|move|p1a: Lokix|First Impression|p2a: Fujin
|-resisted|p2a: Fujin
|-damage|p2a: Fujin|0 fnt
|faint|p2a: Fujin
|
|upkeep
|
|t:|1757865787
|switch|p2a: Hybrid|Hydreigon, M, shiny|100/100
|turn|9
|
|t:|1757865792
|switch|p1a: Hoopa|Hoopa-Unbound|45/100
|-terastallize|p2a: Hybrid|Steel
|move|p2a: Hybrid|Tailwind|p2a: Hybrid
|-sidestart|p2: magicomagikarp|move: Tailwind
|
|upkeep
|turn|10
|
|t:|1757865799
|move|p2a: Hybrid|Draco Meteor|p1a: Hoopa
|-damage|p1a: Hoopa|8/100
|-unboost|p2a: Hybrid|spa|2
|-enditem|p2a: Hybrid|Eject Pack
|
|t:|1757865818
|switch|p2a: Kyotaro|Toxtricity, M, shiny|100/100
|move|p1a: Hoopa|Knock Off|p2a: Kyotaro
|-crit|p2a: Kyotaro
|-damage|p2a: Kyotaro|0 fnt
|-enditem|p2a: Kyotaro|Choice Specs|[from] move: Knock Off|[of] p1a: Hoopa
|faint|p2a: Kyotaro
|
|upkeep
|
|t:|1757865832
|switch|p2a: Calamity|Iron Valiant, shiny|100/100
|turn|11
|
|t:|1757865851
|move|p2a: Calamity|Moonblast|p1a: Hoopa
|-supereffective|p1a: Hoopa
|-damage|p1a: Hoopa|0 fnt
|faint|p1a: Hoopa
|
|upkeep
|
|t:|1757865866
|switch|p1a: Araquanid|Araquanid, M|100/100
|turn|12
|
|t:|1757865875
|-end|p2a: Calamity|Quark Drive|[silent]
|switch|p2a: Hybrid|Hydreigon, M, shiny, tera:Steel|100/100
|move|p1a: Araquanid|Sticky Web|p2a: Hybrid
|-sidestart|p2: magicomagikarp|move: Sticky Web
|
|-sideend|p2: magicomagikarp|move: Tailwind
|upkeep
|turn|13
|
|t:|1757865885
|move|p2a: Hybrid|Stealth Rock|p1a: Araquanid
|-sidestart|p1: bottom drawer|move: Stealth Rock
|move|p1a: Araquanid|Surf|p2a: Hybrid
|-damage|p2a: Hybrid|42/100
|
|upkeep
|turn|14
|
|t:|1757865895
|move|p2a: Hybrid|Tailwind|p2a: Hybrid
|-sidestart|p2: magicomagikarp|move: Tailwind
|move|p1a: Araquanid|Surf|p2a: Hybrid
|-damage|p2a: Hybrid|0 fnt
|faint|p2a: Hybrid
|
|upkeep
|
|t:|1757865897
|switch|p2a: Obsidian|Arcanine-Hisui, M, shiny|100/100
|-activate|p2a: Obsidian|move: Sticky Web
|-unboost|p2a: Obsidian|spe|1
|turn|15
|
|t:|1757865908
|move|p1a: Araquanid|Endure|p1a: Araquanid
|-singleturn|p1a: Araquanid|move: Endure
|move|p2a: Obsidian|Head Smash|p1a: Araquanid
|-supereffective|p1a: Araquanid
|-activate|p1a: Araquanid|move: Endure
|-damage|p1a: Araquanid|1/100
|
|upkeep
|turn|16
|-enditem|p1a: Araquanid|Custap Berry|[eat]
|-activate|p1a: Araquanid|item: Custap Berry|[consumed]
|
|t:|1757865918
|move|p1a: Araquanid|Surf|p2a: Obsidian
|-supereffective|p2a: Obsidian
|-damage|p2a: Obsidian|0 fnt
|faint|p2a: Obsidian
|
|upkeep
|
|t:|1757865919
|switch|p2a: Calamity|Iron Valiant, shiny|100/100
|-activate|p2a: Calamity|move: Sticky Web
|-unboost|p2a: Calamity|spe|1
|turn|17
|
|t:|1757865942
|move|p2a: Calamity|Shadow Ball|p1a: Araquanid
|-damage|p1a: Araquanid|0 fnt
|faint|p1a: Araquanid
|
|-sideend|p2: magicomagikarp|move: Tailwind
|upkeep
|
|t:|1757865963
|switch|p1a: Raging Bolt|Raging Bolt|100/100
|turn|18
|
|t:|1757865981
|move|p1a: Raging Bolt|Thunderbolt|p2a: Calamity
|-damage|p2a: Calamity|0 fnt
|faint|p2a: Calamity
|-end|p2a: Calamity|Quark Drive|[silent]
|
|win|bottom drawer
|raw|bottom drawer's rating: 1312 &rarr; <strong>1334</strong><br />(+22 for winning)
|raw|magicomagikarp's rating: 1346 &rarr; <strong>1324</strong><br />(-22 for losing)
|l|☆magicomagikarp
|player|p2|
|l|☆bottom drawer
|player|p1|
