|j|☆lzc123456
|j|☆Team10thPlanett
|t:|1757920068
|gametype|singles
|player|p1|lzc123456|cynthia-gen4|1639
|player|p2|Team10thPlanett|alder|1728
|gen|9
|tier|[Gen 9] OU
|rated|
|rule|HP Percentage Mod: HP is shown in percentages
|rule|Endless Battle Clause: Forcing endless battles is banned
|rule|Species Clause: Limit one of each Pokémon
|rule|OHKO Clause: OHKO moves are banned
|rule|Evasion Items Clause: Evasion items are banned
|rule|Evasion Moves Clause: Evasion moves are banned
|rule|Evasion Abilities Clause: Evasion abilities are banned
|rule|Sleep Moves Clause: Sleep-inducing moves are banned
|clearpoke
|poke|p1|Tornadus-Therian, M|
|poke|p1|Garganacl, M|
|poke|p1|Hydrapple, F|
|poke|p1|Gholdengo|
|poke|p1|Great Tusk|
|poke|p1|Kingambit, M|
|poke|p2|Dragonite, F|
|poke|p2|Zamazenta-*|
|poke|p2|Araquanid, M|
|poke|p2|Iron Treads|
|poke|p2|Zapdos|
|poke|p2|Glimmora, M|
|teampreview
|inactive|Battle timer is ON: inactive players will automatically lose when time's up. (requested by lzc123456)
|
|t:|1757920078
|teamsize|p1|6
|teamsize|p2|6
|start
|switch|p1a: Tornadus|Tornadus-Therian, M, shiny|100/100
|switch|p2a: Glimmora|Glimmora, M|100/100
|turn|1
|
|t:|1757920085
|move|p2a: Glimmora|Power Gem|p1a: Tornadus
|-supereffective|p1a: Tornadus
|-damage|p1a: Tornadus|44/100
|move|p1a: Tornadus|Bleakwind Storm|p2a: Glimmora
|-resisted|p2a: Glimmora
|-damage|p2a: Glimmora|76/100
|
|upkeep
|turn|2
|
|t:|1757920092
|switch|p1a: Hydrapple|Hydrapple, F, shiny|100/100
|move|p2a: Glimmora|Power Gem|p1a: Hydrapple
|-damage|p1a: Hydrapple|59/100
|
|upkeep
|turn|3
|
|t:|1757920103
|switch|p2a: Iron Treads|Iron Treads|100/100
|-enditem|p2a: Iron Treads|Booster Energy
|-activate|p2a: Iron Treads|ability: Quark Drive|[fromitem]
|-start|p2a: Iron Treads|quarkdrivespe
|move|p1a: Hydrapple|Giga Drain|p2a: Iron Treads
|-damage|p2a: Iron Treads|57/100
|-heal|p1a: Hydrapple|76/100|[from] drain|[of] p2a: Iron Treads
|
|upkeep
|turn|4
|
|t:|1757920115
|switch|p1a: Great Tusk|Great Tusk|100/100
|move|p2a: Iron Treads|Ice Spinner|p1a: Great Tusk
|-supereffective|p1a: Great Tusk
|-damage|p1a: Great Tusk|62/100
|
|upkeep
|turn|5
|
|t:|1757920127
|-end|p2a: Iron Treads|Quark Drive|[silent]
|switch|p2a: Araquanid|Araquanid, M, shiny|100/100
|move|p1a: Great Tusk|Headlong Rush|p2a: Araquanid
|-resisted|p2a: Araquanid
|-damage|p2a: Araquanid|67/100
|-unboost|p1a: Great Tusk|def|1
|-unboost|p1a: Great Tusk|spd|1
|
|upkeep
|turn|6
|
|t:|1757920135
|move|p1a: Great Tusk|Stealth Rock|p2a: Araquanid
|-sidestart|p2: Team10thPlanett|move: Stealth Rock
|move|p2a: Araquanid|Surf|p1a: Great Tusk
|-supereffective|p1a: Great Tusk
|-damage|p1a: Great Tusk|0 fnt
|faint|p1a: Great Tusk
|-end|p1a: Great Tusk|Protosynthesis|[silent]
|
|upkeep
|
|t:|1757920139
|switch|p1a: Tornadus|Tornadus-Therian, M, shiny|77/100
|turn|7
|inactive|Team10thPlanett has 120 seconds left.
|
|t:|1757920172
|move|p2a: Araquanid|Endure|p2a: Araquanid
|-singleturn|p2a: Araquanid|move: Endure
|move|p1a: Tornadus|Bleakwind Storm|p2a: Araquanid
|-supereffective|p2a: Araquanid
|-damage|p2a: Araquanid|12/100
|
|upkeep
|turn|8
|inactive|Team10thPlanett has 120 seconds left.
|-enditem|p2a: Araquanid|Custap Berry|[eat]
|-activate|p2a: Araquanid|item: Custap Berry|[consumed]
|
|t:|1757920187
|move|p2a: Araquanid|Surf|p1a: Tornadus
|-damage|p1a: Tornadus|44/100
|move|p1a: Tornadus|U-turn|p2a: Araquanid
|-damage|p2a: Araquanid|0 fnt
|faint|p2a: Araquanid
|
|t:|1757920206
|switch|p1a: Hydrapple|Hydrapple, F, shiny|100/100|[from] U-turn
|
|upkeep
|inactive|Team10thPlanett has 120 seconds left.
|
|t:|1757920224
|switch|p2a: Iron Treads|Iron Treads|57/100
|-damage|p2a: Iron Treads|54/100|[from] Stealth Rock
|turn|9
|
|t:|1757920236
|move|p2a: Iron Treads|Rapid Spin|p1a: Hydrapple
|-damage|p1a: Hydrapple|92/100
|-boost|p2a: Iron Treads|spe|1
|-sideend|p2: Team10thPlanett|Stealth Rock|[from] move: Rapid Spin|[of] p2a: Iron Treads
|move|p1a: Hydrapple|Earth Power|p2a: Iron Treads
|-supereffective|p2a: Iron Treads
|-damage|p2a: Iron Treads|0 fnt
|faint|p2a: Iron Treads
|-end|p2a: Iron Treads|Quark Drive|[silent]
|
|upkeep
|j| electrode user
|
|t:|1757920261
|switch|p2a: Zapdos|Zapdos|100/100
|turn|10
|
|t:|1757920265
|switch|p1a: Garganacl|Garganacl, M|100/100
|move|p2a: Zapdos|Hurricane|p1a: Garganacl
|-resisted|p1a: Garganacl
|-damage|p1a: Garganacl|83/100
|
|-heal|p1a: Garganacl|90/100|[from] item: Leftovers
|upkeep
|turn|11
|
|t:|1757920275
|switch|p2a: Glimmora|Glimmora, M|76/100
|move|p1a: Garganacl|Salt Cure|p2a: Glimmora
|-damage|p2a: Glimmora|58/100
|-start|p2a: Glimmora|Salt Cure
|-activate|p2a: Glimmora|ability: Toxic Debris
|-sidestart|p1: lzc123456|move: Toxic Spikes
|
|-heal|p1a: Garganacl|96/100|[from] item: Leftovers
|-damage|p2a: Glimmora|46/100|[from] Salt Cure
|upkeep
|turn|12
|
|t:|1757920286
|switch|p1a: Tornadus|Tornadus-Therian, M, shiny|77/100
|move|p2a: Glimmora|Earth Power|p1a: Tornadus
|-immune|p1a: Tornadus
|
|-damage|p2a: Glimmora|33/100|[from] Salt Cure
|upkeep
|turn|13
|
|t:|1757920299
|switch|p2a: Zapdos|Zapdos|100/100
|move|p1a: Tornadus|Bleakwind Storm|p2a: Zapdos|[miss]
|-miss|p1a: Tornadus|p2a: Zapdos
|
|upkeep
|turn|14
|
|t:|1757920306
|switch|p1a: Garganacl|Garganacl, M|96/100
|move|p2a: Zapdos|Thunderbolt|p1a: Garganacl
|-damage|p1a: Garganacl|69/100
|
|-heal|p1a: Garganacl|75/100|[from] item: Leftovers
|upkeep
|turn|15
|inactive|Team10thPlanett has 120 seconds left.
|
|t:|1757920320
|switch|p2a: Glimmora|Glimmora, M|33/100
|move|p1a: Garganacl|Salt Cure|p2a: Glimmora
|-damage|p2a: Glimmora|19/100
|-start|p2a: Glimmora|Salt Cure
|-activate|p2a: Glimmora|ability: Toxic Debris
|-sidestart|p1: lzc123456|move: Toxic Spikes
|
|-heal|p1a: Garganacl|81/100|[from] item: Leftovers
|-damage|p2a: Glimmora|6/100|[from] Salt Cure
|upkeep
|turn|16
|inactive|Team10thPlanett has 120 seconds left.
|
|t:|1757920332
|move|p2a: Glimmora|Power Gem|p1a: Garganacl
|-damage|p1a: Garganacl|51/100
|move|p1a: Garganacl|Recover|p1a: Garganacl
|-heal|p1a: Garganacl|100/100
|
|-damage|p2a: Glimmora|0 fnt|[from] Salt Cure
|faint|p2a: Glimmora
|upkeep
|
|t:|1757920341
|switch|p2a: Dragonite|Dragonite, F, shiny|100/100
|turn|17
|inactive|Team10thPlanett has 120 seconds left.
|
|t:|1757920348
|switch|p1a: Gholdengo|Gholdengo|100/100
|-terastallize|p2a: Dragonite|Normal
|move|p2a: Dragonite|Earthquake|p1a: Gholdengo
|-supereffective|p1a: Gholdengo
|-damage|p1a: Gholdengo|0 fnt
|faint|p1a: Gholdengo
|
|upkeep
|
|t:|1757920367
|switch|p1a: Tornadus|Tornadus-Therian, M, shiny|100/100
|turn|18
|
|t:|1757920370
|switch|p2a: Zapdos|Zapdos|100/100
|move|p1a: Tornadus|Knock Off|p2a: Zapdos
|-damage|p2a: Zapdos|86/100
|-status|p1a: Tornadus|par|[from] ability: Static|[of] p2a: Zapdos
|-enditem|p2a: Zapdos|Heavy-Duty Boots|[from] move: Knock Off|[of] p1a: Tornadus
|
|upkeep
|turn|19
|inactive|Team10thPlanett has 120 seconds left.
|
|t:|1757920397
|switch|p2a: Dragonite|Dragonite, F, shiny, tera:Normal|100/100
|move|p1a: Tornadus|U-turn|p2a: Dragonite
|-damage|p2a: Dragonite|94/100
|
|t:|1757920422
|switch|p1a: Kingambit|Kingambit, M, shiny|100/100|[from] U-turn
|-activate|p1a: Kingambit|ability: Supreme Overlord
|-start|p1a: Kingambit|fallen2|[silent]
|
|upkeep
|turn|20
|
|t:|1757920429
|move|p2a: Dragonite|Earthquake|p1a: Kingambit
|-supereffective|p1a: Kingambit
|-damage|p1a: Kingambit|12/100
|move|p1a: Kingambit|Low Kick|p2a: Dragonite
|-supereffective|p2a: Dragonite
|-damage|p2a: Dragonite|0 fnt
|faint|p2a: Dragonite
|
|-heal|p1a: Kingambit|18/100|[from] item: Leftovers
|upkeep
|
|t:|1757920442
|switch|p2a: Zamazenta|Zamazenta|100/100
|-ability|p2a: Zamazenta|Dauntless Shield|boost
|-boost|p2a: Zamazenta|def|1
|turn|21
|
|t:|1757920448
|move|p2a: Zamazenta|Close Combat|p1a: Kingambit
|-supereffective|p1a: Kingambit
|-damage|p1a: Kingambit|0 fnt
|-unboost|p2a: Zamazenta|def|1
|-unboost|p2a: Zamazenta|spd|1
|faint|p1a: Kingambit
|-end|p1a: Kingambit|fallen2|[silent]
|
|upkeep
|
|t:|1757920456
|switch|p1a: Garganacl|Garganacl, M|100/100
|turn|22
|
|t:|1757920459
|-terastallize|p1a: Garganacl|Electric
|move|p2a: Zamazenta|Close Combat|p1a: Garganacl
|-damage|p1a: Garganacl|64/100
|-unboost|p2a: Zamazenta|def|1
|-unboost|p2a: Zamazenta|spd|1
|move|p1a: Garganacl|Iron Defense|p1a: Garganacl
|-boost|p1a: Garganacl|def|2
|
|-heal|p1a: Garganacl|70/100|[from] item: Leftovers
|upkeep
|turn|23
|
|t:|1757920473
|switch|p2a: Zapdos|Zapdos|86/100
|move|p1a: Garganacl|Recover|p1a: Garganacl
|-heal|p1a: Garganacl|100/100
|
|upkeep
|turn|24
|
|t:|1757920482
|move|p2a: Zapdos|Heat Wave|p1a: Garganacl
|-damage|p1a: Garganacl|81/100
|move|p1a: Garganacl|Iron Defense|p1a: Garganacl
|-boost|p1a: Garganacl|def|2
|
|-heal|p1a: Garganacl|87/100|[from] item: Leftovers
|upkeep
|turn|25
|-message|Team10thPlanett forfeited.
|
|win|lzc123456
|raw|lzc123456's rating: 1639 &rarr; <strong>1664</strong><br />(+25 for winning)
|raw|Team10thPlanett's rating: 1728 &rarr; <strong>1703</strong><br />(-25 for losing)
|l|☆lzc123456
|player|p1|
|l|☆Team10thPlanett
|player|p2|
