|j|☆flamephoenix5000
|j|☆sdv38
|t:|1757911734
|gametype|singles
|player|p1|flamephoenix5000|lucas|1258
|player|p2|sdv38|169|1261
|gen|9
|tier|[Gen 9] OU
|rated|
|rule|HP Percentage Mod: HP is shown in percentages
|rule|Endless Battle Clause: Forcing endless battles is banned
|rule|Species Clause: Limit one of each Pokémon
|rule|OHKO Clause: OHKO moves are banned
|rule|Evasion Items Clause: Evasion items are banned
|rule|Evasion Moves Clause: Evasion moves are banned
|rule|Evasion Abilities Clause: Evasion abilities are banned
|rule|Sleep Moves Clause: Sleep-inducing moves are banned
|clearpoke
|poke|p1|Dragonite, F|
|poke|p1|Ninetales-Alola, F|
|poke|p1|Haxorus, M|
|poke|p1|Iron Moth|
|poke|p1|Zamazenta-*|
|poke|p1|Cinderace, M|
|poke|p2|Blaziken, M|
|poke|p2|Ursaluna, M|
|poke|p2|Mimikyu, M|
|poke|p2|Indeedee, M|
|poke|p2|Hatterene, F|
|poke|p2|Hoopa-Unbound|
|teampreview
|
|t:|1757911740
|teamsize|p1|6
|teamsize|p2|6
|start
|switch|p1a: Cinderace|Cinderace, M|100/100
|switch|p2a: Indeedee|Indeedee, M|100/100
|-fieldstart|move: Psychic Terrain|[from] ability: Psychic Surge|[of] p2a: Indeedee
|turn|1
|
|t:|1757911745
|switch|p2a: Hatterene|Hatterene, F|100/100
|move|p1a: Cinderace|U-turn|p2a: Hatterene
|-start|p1a: Cinderace|typechange|Bug|[from] ability: Libero
|-damage|p2a: Hatterene|51/100
|-damage|p1a: Cinderace|91/100|[from] item: Life Orb
|inactive|Battle timer is ON: inactive players will automatically lose when time's up. (requested by sdv38)
|
|t:|1757911764
|switch|p1a: Dragonite|Dragonite, F|100/100|[from] U-turn
|
|upkeep
|turn|2
|
|t:|1757911778
|move|p1a: Dragonite|Extreme Speed|p2a: Hatterene
|-activate|p2a: Hatterene|move: Psychic Terrain
|move|p2a: Hatterene|Trick Room|p2a: Hatterene
|-fieldstart|move: Trick Room|[of] p2a: Hatterene
|
|upkeep
|turn|3
|
|t:|1757911791
|switch|p1a: Cinderace|Cinderace, M|91/100
|-terastallize|p2a: Hatterene|Stellar
|move|p2a: Hatterene|Draining Kiss|p1a: Cinderace
|-resisted|p1a: Cinderace
|-damage|p1a: Cinderace|50/100
|-heal|p2a: Hatterene|80/100|[from] drain|[of] p1a: Cinderace
|-damage|p2a: Hatterene|71/100|[from] item: Life Orb
|
|upkeep
|turn|4
|
|t:|1757911804
|move|p2a: Hatterene|Expanding Force|p1a: Cinderace
|-damage|p1a: Cinderace|0 fnt
|faint|p1a: Cinderace
|-damage|p2a: Hatterene|61/100|[from] item: Life Orb
|
|upkeep
|
|t:|1757911810
|switch|p1a: Ninetales|Ninetales-Alola, F|100/100
|-weather|Snowscape|[from] ability: Snow Warning|[of] p1a: Ninetales
|turn|5
|
|t:|1757911813
|move|p2a: Hatterene|Mystical Fire|p1a: Ninetales
|-supereffective|p1a: Ninetales
|-damage|p1a: Ninetales|10/100
|-unboost|p1a: Ninetales|spa|1
|-damage|p2a: Hatterene|51/100|[from] item: Life Orb
|move|p1a: Ninetales|Aurora Veil|p1a: Ninetales
|-sidestart|p1: flamephoenix5000|move: Aurora Veil
|
|-weather|Snowscape|[upkeep]
|upkeep
|turn|6
|
|t:|1757911834
|switch|p1a: Haxorus|Haxorus, M, shiny|100/100
|move|p2a: Hatterene|Draining Kiss|p1a: Haxorus
|-supereffective|p1a: Haxorus
|-damage|p1a: Haxorus|32/100
|-heal|p2a: Hatterene|98/100|[from] drain|[of] p1a: Haxorus
|-damage|p2a: Hatterene|89/100|[from] item: Life Orb
|
|-weather|Snowscape|[upkeep]
|-fieldend|move: Trick Room
|upkeep
|turn|7
|
|t:|1757911843
|move|p1a: Haxorus|Earthquake|p2a: Hatterene
|-damage|p2a: Hatterene|46/100
|-damage|p1a: Haxorus|22/100|[from] item: Life Orb
|move|p2a: Hatterene|Trick Room|p2a: Hatterene
|-fieldstart|move: Trick Room|[of] p2a: Hatterene
|
|-weather|Snowscape|[upkeep]
|upkeep
|turn|8
|l|☆flamephoenix5000
|inactive|flamephoenix5000 disconnected and has a minute to reconnect!
|player|p1|
|inactive|flamephoenix5000 has 30 seconds to reconnect!
|inactive|flamephoenix5000 has 20 seconds to reconnect!
|l|☆sdv38
|inactive|sdv38 disconnected and has a minute to reconnect!
|player|p2|
|inactive|flamephoenix5000 has 15 seconds to reconnect!
|inactive|flamephoenix5000 has 10 seconds to reconnect!
|inactive|flamephoenix5000 has 5 seconds to reconnect!
|-message|flamephoenix5000 lost due to inactivity.
|
|win|sdv38
|raw|flamephoenix5000's rating: 1258 &rarr; <strong>1233</strong><br />(-25 for losing)
|raw|sdv38's rating: 1261 &rarr; <strong>1286</strong><br />(+25 for winning)
|j|☆sdv38
|player|p2|sdv38|169|
|l|☆sdv38
|player|p2|
