|j|☆matias nk
|j|☆EDoubleC
|t:|1757947256
|gametype|singles
|player|p1|matias nk|170|1143
|player|p2|EDoubleC|169|1125
|gen|9
|tier|[Gen 9] OU
|rated|
|rule|HP Percentage Mod: HP is shown in percentages
|rule|Endless Battle Clause: Forcing endless battles is banned
|rule|Species Clause: Limit one of each Pokémon
|rule|OHKO Clause: OHKO moves are banned
|rule|Evasion Items Clause: Evasion items are banned
|rule|Evasion Moves Clause: Evasion moves are banned
|rule|Evasion Abilities Clause: Evasion abilities are banned
|rule|Sleep Moves Clause: Sleep-inducing moves are banned
|clearpoke
|poke|p1|Espeon, F|
|poke|p1|Milotic, F|
|poke|p1|Grafaiai, M|
|poke|p1|Garchomp, M|
|poke|p1|Thundurus-Therian, M|
|poke|p1|Blaziken, M|
|poke|p2|Decidueye-Hisui, M|
|poke|p2|Avalugg-Hisui, F|
|poke|p2|Grimmsnarl, M|
|poke|p2|Kingdra, M|
|poke|p2|Sandy Shocks|
|poke|p2|Latios, M|
|teampreview
|
|t:|1757947265
|teamsize|p1|6
|teamsize|p2|6
|start
|switch|p1a: Seiryü|Thundurus-Therian, M|100/100
|switch|p2a: Avalugg|Avalugg-Hisui, F|100/100
|turn|1
|
|t:|1757947275
|move|p1a: Seiryü|Volt Switch|p2a: Avalugg
|-ability|p2a: Avalugg|Sturdy
|-damage|p2a: Avalugg|1/100
|
|t:|1757947280
|switch|p1a: Paimon|Grafaiai, M|100/100|[from] Volt Switch
|move|p2a: Avalugg|Stealth Rock|p1a: Paimon
|-sidestart|p1: matias nk|move: Stealth Rock
|
|upkeep
|turn|2
|-enditem|p2a: Avalugg|Custap Berry|[eat]
|-activate|p2a: Avalugg|item: Custap Berry|[consumed]
|
|t:|1757947287
|move|p1a: Paimon|Encore|p2a: Avalugg
|-start|p2a: Avalugg|Encore
|move|p2a: Avalugg|Stealth Rock||[still]
|-fail|p2a: Avalugg
|
|upkeep
|turn|3
|
|t:|1757947298
|switch|p2a: Grimmsnarl|Grimmsnarl, M|100/100
|move|p1a: Paimon|Copycat|p1a: Paimon
|move|p1a: Paimon|Stealth Rock|p2a: Grimmsnarl|[from] move: Copycat
|-sidestart|p2: EDoubleC|move: Stealth Rock
|
|upkeep
|turn|4
|
|t:|1757947309
|move|p2a: Grimmsnarl|Taunt|p1a: Paimon
|-start|p1a: Paimon|move: Taunt
|move|p1a: Paimon|Poison Jab|p2a: Grimmsnarl
|-supereffective|p2a: Grimmsnarl
|-damage|p2a: Grimmsnarl|30/100
|
|upkeep
|turn|5
|
|t:|1757947317
|move|p2a: Grimmsnarl|Reflect|p2a: Grimmsnarl
|-sidestart|p2: EDoubleC|Reflect
|move|p1a: Paimon|Poison Jab|p2a: Grimmsnarl
|-supereffective|p2a: Grimmsnarl
|-damage|p2a: Grimmsnarl|0 fnt
|faint|p2a: Grimmsnarl
|
|upkeep
|
|t:|1757947337
|switch|p2a: Decidueye|Decidueye-Hisui, M|100/100
|-damage|p2a: Decidueye|95/100|[from] Stealth Rock
|turn|6
|
|t:|1757947342
|switch|p1a: Sphyrna|Garchomp, M, shiny|100/100
|-damage|p1a: Sphyrna|94/100|[from] Stealth Rock
|-terastallize|p2a: Decidueye|Steel
|move|p2a: Decidueye|Swords Dance|p2a: Decidueye
|-boost|p2a: Decidueye|atk|2
|
|upkeep
|turn|7
|
|t:|1757947356
|move|p2a: Decidueye|Triple Arrows|p1a: Sphyrna
|-damage|p1a: Sphyrna|46/100
|-unboost|p1a: Sphyrna|def|1
|move|p1a: Sphyrna|Dragon Tail|p2a: Decidueye
|-resisted|p2a: Decidueye
|-damage|p2a: Decidueye|86/100
|drag|p2a: Latios|Latios, M|100/100
|-damage|p2a: Latios|88/100|[from] Stealth Rock
|
|upkeep
|turn|8
|
|t:|1757947380
|switch|p1a: Afrodita|Milotic, F|100/100
|-damage|p1a: Afrodita|88/100|[from] Stealth Rock
|move|p2a: Latios|Draco Meteor|p1a: Afrodita
|-crit|p1a: Afrodita
|-damage|p1a: Afrodita|23/100
|-unboost|p2a: Latios|spa|2
|
|-heal|p1a: Afrodita|29/100|[from] item: Leftovers
|upkeep
|turn|9
|
|t:|1757947392
|switch|p2a: Avalugg|Avalugg-Hisui, F|1/100
|-damage|p2a: Avalugg|0 fnt|[from] Stealth Rock
|faint|p2a: Avalugg
|move|p1a: Afrodita|Recover|p1a: Afrodita
|-heal|p1a: Afrodita|79/100
|
|-heal|p1a: Afrodita|85/100|[from] item: Leftovers
|upkeep
|
|t:|1757947402
|switch|p2a: Decidueye|Decidueye-Hisui, M, tera:Steel|86/100
|-damage|p2a: Decidueye|80/100|[from] Stealth Rock
|turn|10
|
|t:|1757947410
|switch|p1a: Sphyrna|Garchomp, M, shiny|46/100
|-damage|p1a: Sphyrna|40/100|[from] Stealth Rock
|move|p2a: Decidueye|Swords Dance|p2a: Decidueye
|-boost|p2a: Decidueye|atk|2
|
|upkeep
|turn|11
|
|t:|1757947418
|move|p2a: Decidueye|Triple Arrows|p1a: Sphyrna
|-damage|p1a: Sphyrna|0 fnt
|faint|p1a: Sphyrna
|
|upkeep
|
|t:|1757947424
|switch|p1a: Alectrión|Blaziken, M, shiny|100/100
|-damage|p1a: Alectrión|88/100|[from] Stealth Rock
|turn|12
|
|t:|1757947431
|move|p1a: Alectrión|Close Combat|p2a: Decidueye
|-supereffective|p2a: Decidueye
|-damage|p2a: Decidueye|2/100
|-unboost|p1a: Alectrión|def|1
|-unboost|p1a: Alectrión|spd|1
|-enditem|p1a: Alectrión|White Herb
|-clearnegativeboost|p1a: Alectrión|[silent]
|move|p2a: Decidueye|Trailblaze|p1a: Alectrión
|-resisted|p1a: Alectrión
|-damage|p1a: Alectrión|51/100
|-boost|p2a: Decidueye|spe|1
|
|-sideend|p2: EDoubleC|Reflect
|-ability|p1a: Alectrión|Speed Boost|boost
|-boost|p1a: Alectrión|spe|1
|upkeep
|turn|13
|
|t:|1757947459
|move|p1a: Alectrión|Acrobatics|p2a: Decidueye
|-resisted|p2a: Decidueye
|-damage|p2a: Decidueye|0 fnt
|faint|p2a: Decidueye
|
|-ability|p1a: Alectrión|Speed Boost|boost
|-boost|p1a: Alectrión|spe|1
|upkeep
|c|☆EDoubleC|I forgot speed boost
|
|t:|1757947471
|switch|p2a: Latios|Latios, M|88/100
|-damage|p2a: Latios|76/100|[from] Stealth Rock
|turn|14
|
|t:|1757947476
|-terastallize|p1a: Alectrión|Flying
|move|p1a: Alectrión|Acrobatics|p2a: Latios
|-damage|p2a: Latios|0 fnt
|faint|p2a: Latios
|
|-ability|p1a: Alectrión|Speed Boost|boost
|-boost|p1a: Alectrión|spe|1
|upkeep
|
|t:|1757947485
|switch|p2a: Sandy Shocks|Sandy Shocks|100/100
|-damage|p2a: Sandy Shocks|94/100|[from] Stealth Rock
|-enditem|p2a: Sandy Shocks|Booster Energy
|-activate|p2a: Sandy Shocks|ability: Protosynthesis|[fromitem]
|-start|p2a: Sandy Shocks|protosynthesisspe
|turn|15
|
|t:|1757947508
|move|p1a: Alectrión|Close Combat|p2a: Sandy Shocks
|-damage|p2a: Sandy Shocks|27/100
|-unboost|p1a: Alectrión|def|1
|-unboost|p1a: Alectrión|spd|1
|move|p2a: Sandy Shocks|Thunderbolt|p1a: Alectrión
|-supereffective|p1a: Alectrión
|-damage|p1a: Alectrión|0 fnt
|faint|p1a: Alectrión
|
|upkeep
|
|t:|1757947516
|switch|p1a: Ägypksun|Espeon, F|100/100
|-damage|p1a: Ägypksun|88/100|[from] Stealth Rock
|turn|16
|
|t:|1757947526
|move|p1a: Ägypksun|Psychic|p2a: Sandy Shocks
|-damage|p2a: Sandy Shocks|0 fnt
|faint|p2a: Sandy Shocks
|-end|p2a: Sandy Shocks|Protosynthesis|[silent]
|
|upkeep
|
|t:|1757947531
|switch|p2a: Kingdra|Kingdra, M|100/100
|-damage|p2a: Kingdra|88/100|[from] Stealth Rock
|turn|17
|-message|EDoubleC forfeited.
|
|win|matias nk
|raw|matias nk's rating: 1143 &rarr; <strong>1167</strong><br />(+24 for winning)
|raw|EDoubleC's rating: 1125 &rarr; <strong>1101</strong><br />(-24 for losing)
|l|☆EDoubleC
|player|p2|
|l|☆matias nk
|player|p1|
