|j|☆kaisadadi
|j|☆oblizzy
|t:|1757946427
|gametype|singles
|player|p1|kaisadadi|steven|1481
|player|p2|oblizzy|skierf|1483
|gen|9
|tier|[Gen 9] OU
|rated|
|rule|HP Percentage Mod: HP is shown in percentages
|rule|Endless Battle Clause: Forcing endless battles is banned
|rule|Species Clause: Limit one of each Pokémon
|rule|OHKO Clause: OHKO moves are banned
|rule|Evasion Items Clause: Evasion items are banned
|rule|Evasion Moves Clause: Evasion moves are banned
|rule|Evasion Abilities Clause: Evasion abilities are banned
|rule|Sleep Moves Clause: Sleep-inducing moves are banned
|clearpoke
|poke|p1|Tyranitar, F|
|poke|p1|Excadrill, M|
|poke|p1|Keldeo-Resolute|
|poke|p1|Tornadus-Therian, M|
|poke|p1|Heatran, M|
|poke|p1|Hydrapple, F|
|poke|p2|Garchomp, F|
|poke|p2|Hoopa-Unbound|
|poke|p2|Gholdengo|
|poke|p2|Great Tusk|
|poke|p2|Scizor, M|
|poke|p2|Lokix, F|
|teampreview
|
|t:|1757946442
|teamsize|p1|6
|teamsize|p2|6
|start
|switch|p1a: Tyranitar|Tyranitar, F|100/100
|switch|p2a: Garchomp|Garchomp, F|100/100
|-weather|Sandstorm|[from] ability: Sand Stream|[of] p1a: Tyranitar
|turn|1
|inactive|Battle timer is ON: inactive players will automatically lose when time's up. (requested by kaisadadi)
|
|t:|1757946471
|switch|p2a: Gholdengo|Gholdengo|100/100
|-item|p2a: Gholdengo|Air Balloon
|move|p1a: Tyranitar|Ice Punch|p2a: Gholdengo
|-resisted|p2a: Gholdengo
|-damage|p2a: Gholdengo|78/100
|-enditem|p2a: Gholdengo|Air Balloon
|
|-weather|Sandstorm|[upkeep]
|upkeep
|turn|2
|
|t:|1757946479
|switch|p1a: Excadrill|Excadrill, M|100/100
|-item|p1a: Excadrill|Air Balloon
|switch|p2a: Garchomp|Garchomp, F|100/100
|
|-weather|Sandstorm|[upkeep]
|upkeep
|turn|3
|
|t:|1757946495
|move|p1a: Excadrill|Earthquake|p2a: Garchomp
|-damage|p2a: Garchomp|55/100
|move|p2a: Garchomp|Dragon Tail|p1a: Excadrill
|-resisted|p1a: Excadrill
|-damage|p1a: Excadrill|82/100
|-enditem|p1a: Excadrill|Air Balloon
|drag|p1a: Heatran|Heatran, M|100/100
|
|-weather|Sandstorm|[upkeep]
|upkeep
|turn|4
|
|t:|1757946510
|switch|p1a: Tornadus|Tornadus-Therian, M|100/100
|move|p2a: Garchomp|Stealth Rock|p1a: Tornadus
|-sidestart|p1: kaisadadi|move: Stealth Rock
|
|-weather|Sandstorm|[upkeep]
|-damage|p1a: Tornadus|94/100|[from] Sandstorm
|upkeep
|turn|5
|
|t:|1757946533
|move|p1a: Tornadus|Bleakwind Storm|p2a: Garchomp
|-damage|p2a: Garchomp|23/100
|-unboost|p2a: Garchomp|spe|1
|move|p2a: Garchomp|Dragon Tail|p1a: Tornadus
|-damage|p1a: Tornadus|66/100
|drag|p1a: Heatran|Heatran, M|100/100
|-damage|p1a: Heatran|88/100|[from] Stealth Rock
|
|-weather|none
|-heal|p1a: Heatran|94/100|[from] item: Leftovers
|upkeep
|turn|6
|
|t:|1757946546
|switch|p2a: Great Tusk|Great Tusk|100/100
|-enditem|p2a: Great Tusk|Booster Energy
|-activate|p2a: Great Tusk|ability: Protosynthesis|[fromitem]
|-start|p2a: Great Tusk|protosynthesisspe
|move|p1a: Heatran|Magma Storm|p2a: Great Tusk|[miss]
|-miss|p1a: Heatran|p2a: Great Tusk
|
|-heal|p1a: Heatran|100/100|[from] item: Leftovers
|upkeep
|turn|7
|
|t:|1757946559
|switch|p1a: Tornadus|Tornadus-Therian, M|99/100
|move|p2a: Great Tusk|Headlong Rush|p1a: Tornadus
|-immune|p1a: Tornadus
|
|upkeep
|turn|8
|
|t:|1757946575
|move|p2a: Great Tusk|Ice Spinner|p1a: Tornadus
|-supereffective|p1a: Tornadus
|-damage|p1a: Tornadus|51/100
|move|p1a: Tornadus|Heat Wave|p2a: Great Tusk
|-damage|p2a: Great Tusk|72/100
|
|upkeep
|turn|9
|
|t:|1757946588
|-end|p2a: Great Tusk|Protosynthesis|[silent]
|switch|p2a: Scizor|Scizor, M|100/100
|move|p1a: Tornadus|Bleakwind Storm|p2a: Scizor
|-damage|p2a: Scizor|55/100
|
|upkeep
|turn|10
|
|t:|1757946592
|move|p2a: Scizor|Bullet Punch|p1a: Tornadus
|-damage|p1a: Tornadus|0 fnt
|faint|p1a: Tornadus
|
|upkeep
|
|t:|1757946597
|switch|p1a: Heatran|Heatran, M|100/100
|-damage|p1a: Heatran|88/100|[from] Stealth Rock
|turn|11
|
|t:|1757946602
|switch|p2a: Great Tusk|Great Tusk|72/100
|-terastallize|p1a: Heatran|Flying
|move|p1a: Heatran|Magma Storm|p2a: Great Tusk
|-damage|p2a: Great Tusk|13/100
|-activate|p2a: Great Tusk|move: Magma Storm|[of] p1a: Heatran
|
|-heal|p1a: Heatran|94/100|[from] item: Leftovers
|-damage|p2a: Great Tusk|1/100|[from] move: Magma Storm|[partiallytrapped]
|upkeep
|turn|12
|
|t:|1757946610
|move|p2a: Great Tusk|Ice Spinner|p1a: Heatran
|-supereffective|p1a: Heatran
|-damage|p1a: Heatran|56/100
|-status|p2a: Great Tusk|brn|[from] ability: Flame Body|[of] p1a: Heatran
|move|p1a: Heatran|Stealth Rock|p2a: Great Tusk
|-sidestart|p2: oblizzy|move: Stealth Rock
|
|-heal|p1a: Heatran|63/100|[from] item: Leftovers
|-damage|p2a: Great Tusk|0 fnt|[from] brn
|faint|p2a: Great Tusk
|-end|p2a: Great Tusk|Protosynthesis|[silent]
|upkeep
|
|t:|1757946632
|switch|p2a: Hoopa|Hoopa-Unbound|100/100
|-damage|p2a: Hoopa|88/100|[from] Stealth Rock
|turn|13
|
|t:|1757946646
|switch|p1a: Tyranitar|Tyranitar, F|100/100
|-damage|p1a: Tyranitar|88/100|[from] Stealth Rock
|-weather|Sandstorm|[from] ability: Sand Stream|[of] p1a: Tyranitar
|-terastallize|p2a: Hoopa|Ice
|move|p2a: Hoopa|Ice Punch|p1a: Tyranitar
|-damage|p1a: Tyranitar|47/100
|
|-weather|Sandstorm|[upkeep]
|-damage|p2a: Hoopa|82/100|[from] Sandstorm
|upkeep
|turn|14
|
|t:|1757946660
|switch|p2a: Garchomp|Garchomp, F|23/100
|-damage|p2a: Garchomp|16/100|[from] Stealth Rock
|move|p1a: Tyranitar|Knock Off|p2a: Garchomp
|-damage|p2a: Garchomp|0 fnt
|-damage|p1a: Tyranitar|34/100|[from] ability: Rough Skin|[of] p2a: Garchomp
|-damage|p1a: Tyranitar|18/100|[from] item: Rocky Helmet|[of] p2a: Garchomp
|-enditem|p2a: Garchomp|Rocky Helmet|[from] move: Knock Off|[of] p1a: Tyranitar
|faint|p2a: Garchomp
|
|-weather|Sandstorm|[upkeep]
|upkeep
|
|t:|1757946669
|switch|p2a: Lokix|Lokix, F|100/100
|turn|15
|
|t:|1757946671
|switch|p1a: Heatran|Heatran, M, tera:Flying|63/100
|-damage|p1a: Heatran|38/100|[from] Stealth Rock
|move|p2a: Lokix|U-turn|p1a: Heatran
|-resisted|p1a: Heatran
|-damage|p1a: Heatran|8/100
|-status|p2a: Lokix|brn|[from] ability: Flame Body|[of] p1a: Heatran
|
|t:|1757946683
|switch|p2a: Hoopa|Hoopa-Unbound, tera:Ice|82/100|[from] U-turn
|-damage|p2a: Hoopa|57/100|[from] Stealth Rock
|
|-weather|Sandstorm|[upkeep]
|-damage|p2a: Hoopa|50/100|[from] Sandstorm
|-damage|p1a: Heatran|2/100|[from] Sandstorm
|-heal|p1a: Heatran|8/100|[from] item: Leftovers
|upkeep
|turn|16
|
|t:|1757946689
|move|p2a: Hoopa|Drain Punch|p1a: Heatran
|-resisted|p1a: Heatran
|-damage|p1a: Heatran|0 fnt
|-heal|p2a: Hoopa|55/100|[from] drain|[of] p1a: Heatran
|faint|p1a: Heatran
|
|-weather|Sandstorm|[upkeep]
|-damage|p2a: Hoopa|49/100|[from] Sandstorm
|upkeep
|
|t:|1757946700
|switch|p1a: Excadrill|Excadrill, M|82/100
|-damage|p1a: Excadrill|79/100|[from] Stealth Rock
|turn|17
|
|t:|1757946723
|switch|p2a: Gholdengo|Gholdengo|78/100
|-damage|p2a: Gholdengo|72/100|[from] Stealth Rock
|move|p1a: Excadrill|Earthquake|p2a: Gholdengo
|-supereffective|p2a: Gholdengo
|-damage|p2a: Gholdengo|0 fnt
|faint|p2a: Gholdengo
|
|-weather|none
|upkeep
|
|t:|1757946733
|switch|p2a: Hoopa|Hoopa-Unbound, tera:Ice|49/100
|-damage|p2a: Hoopa|24/100|[from] Stealth Rock
|turn|18
|
|t:|1757946754
|switch|p1a: Tyranitar|Tyranitar, F|18/100
|-damage|p1a: Tyranitar|5/100|[from] Stealth Rock
|-weather|Sandstorm|[from] ability: Sand Stream|[of] p1a: Tyranitar
|move|p2a: Hoopa|Drain Punch|p1a: Tyranitar
|-supereffective|p1a: Tyranitar
|-damage|p1a: Tyranitar|0 fnt
|-heal|p2a: Hoopa|27/100|[from] drain|[of] p1a: Tyranitar
|faint|p1a: Tyranitar
|
|-weather|Sandstorm|[upkeep]
|-damage|p2a: Hoopa|21/100|[from] Sandstorm
|upkeep
|
|t:|1757946761
|switch|p1a: Excadrill|Excadrill, M|79/100
|-damage|p1a: Excadrill|76/100|[from] Stealth Rock
|turn|19
|
|t:|1757946768
|move|p1a: Excadrill|Earthquake|p2a: Hoopa
|-damage|p2a: Hoopa|0 fnt
|faint|p2a: Hoopa
|
|-weather|Sandstorm|[upkeep]
|upkeep
|
|t:|1757946777
|switch|p2a: Lokix|Lokix, F|100/100 brn
|turn|20
|
|t:|1757946783
|move|p2a: Lokix|First Impression|p1a: Excadrill
|-resisted|p1a: Excadrill
|-damage|p1a: Excadrill|45/100
|move|p1a: Excadrill|Earthquake|p2a: Lokix
|-resisted|p2a: Lokix
|-crit|p2a: Lokix
|-damage|p2a: Lokix|37/100 brn
|
|-weather|Sandstorm|[upkeep]
|-damage|p2a: Lokix|31/100 brn|[from] Sandstorm
|-damage|p2a: Lokix|25/100 brn|[from] brn
|upkeep
|turn|21
|
|t:|1757946798
|move|p2a: Lokix|Sucker Punch|p1a: Excadrill
|-damage|p1a: Excadrill|22/100
|move|p1a: Excadrill|Earthquake|p2a: Lokix
|-resisted|p2a: Lokix
|-damage|p2a: Lokix|0 fnt
|faint|p2a: Lokix
|
|-weather|Sandstorm|[upkeep]
|upkeep
|
|t:|1757946802
|switch|p2a: Scizor|Scizor, M|55/100
|-damage|p2a: Scizor|43/100|[from] Stealth Rock
|turn|22
|
|t:|1757946805
|move|p2a: Scizor|Bullet Punch|p1a: Excadrill
|-resisted|p1a: Excadrill
|-damage|p1a: Excadrill|0 fnt
|faint|p1a: Excadrill
|
|-weather|none
|upkeep
|
|t:|1757946809
|switch|p1a: Keldeo|Keldeo-Resolute|100/100
|-damage|p1a: Keldeo|94/100|[from] Stealth Rock
|turn|23
|
|t:|1757946811
|move|p2a: Scizor|Bullet Punch|p1a: Keldeo
|-resisted|p1a: Keldeo
|-damage|p1a: Keldeo|65/100
|move|p1a: Keldeo|Surf|p2a: Scizor
|-damage|p2a: Scizor|0 fnt
|faint|p2a: Scizor
|
|win|kaisadadi
|raw|kaisadadi's rating: 1481 &rarr; <strong>1501</strong><br />(+20 for winning)
|raw|oblizzy's rating: 1483 &rarr; <strong>1463</strong><br />(-20 for losing)
|c|☆oblizzy|gg
|l|☆oblizzy
|player|p2|
