|j|☆redfeatherz
|j|☆3fran6
|t:|1757870415
|gametype|singles
|player|p1|redfeatherz|2|1361
|player|p2|3fran6|265|1421
|gen|9
|tier|[Gen 9] OU
|rated|
|rule|HP Percentage Mod: HP is shown in percentages
|rule|Endless Battle Clause: Forcing endless battles is banned
|rule|Species Clause: Limit one of each Pokémon
|rule|OHKO Clause: OHKO moves are banned
|rule|Evasion Items Clause: Evasion items are banned
|rule|Evasion Moves Clause: Evasion moves are banned
|rule|Evasion Abilities Clause: Evasion abilities are banned
|rule|Sleep Moves Clause: Sleep-inducing moves are banned
|clearpoke
|poke|p1|Bombirdier, F|
|poke|p1|Fezandipiti, M|
|poke|p1|Great Tusk|
|poke|p1|Toedscruel, M|
|poke|p1|Skarmory, M|
|poke|p1|Iron Hands|
|poke|p2|Iron Moth|
|poke|p2|Kingambit, F|
|poke|p2|Dragonite, F|
|poke|p2|Ogerpon-Cornerstone, F|
|poke|p2|Iron Valiant|
|poke|p2|Raging Bolt|
|teampreview
|
|t:|1757870431
|teamsize|p1|6
|teamsize|p2|6
|start
|switch|p1a: Bombirdier|Bombirdier, F|100/100
|switch|p2a: Ogerpon|Ogerpon-Cornerstone, F|100/100
|turn|1
|
|t:|1757870444
|move|p1a: Bombirdier|Parting Shot|p2a: Ogerpon
|-unboost|p2a: Ogerpon|atk|1
|-unboost|p2a: Ogerpon|spa|1
|
|t:|1757870446
|switch|p1a: Iron Hands|Iron Hands|100/100|[from] Parting Shot
|move|p2a: Ogerpon|Swords Dance|p2a: Ogerpon
|-boost|p2a: Ogerpon|atk|2
|
|upkeep
|turn|2
|
|t:|1757870457
|move|p2a: Ogerpon|Ivy Cudgel|p1a: Iron Hands|[anim] Ivy Cudgel Rock
|-resisted|p1a: Iron Hands
|-damage|p1a: Iron Hands|73/100
|move|p1a: Iron Hands|Close Combat|p2a: Ogerpon
|-supereffective|p2a: Ogerpon
|-ability|p2a: Ogerpon|Sturdy
|-damage|p2a: Ogerpon|1/100
|-unboost|p1a: Iron Hands|def|1
|-unboost|p1a: Iron Hands|spd|1
|
|upkeep
|turn|3
|
|t:|1757870470
|-end|p1a: Iron Hands|Quark Drive|[silent]
|switch|p1a: Skarmory|Skarmory, M|100/100
|move|p2a: Ogerpon|Power Whip|p1a: Skarmory
|-resisted|p1a: Skarmory
|-damage|p1a: Skarmory|85/100
|-damage|p2a: Ogerpon|0 fnt|[from] item: Rocky Helmet|[of] p1a: Skarmory
|-ability|p1a: Skarmory|Weak Armor|boost
|-unboost|p1a: Skarmory|def|1
|-boost|p1a: Skarmory|spe|2
|faint|p2a: Ogerpon
|
|upkeep
|
|t:|1757870481
|switch|p2a: Raging Bolt|Raging Bolt|100/100
|-enditem|p2a: Raging Bolt|Booster Energy
|-activate|p2a: Raging Bolt|ability: Protosynthesis|[fromitem]
|-start|p2a: Raging Bolt|protosynthesisspa
|turn|4
|
|t:|1757870495
|switch|p1a: Fezandipiti|Fezandipiti, M|100/100
|move|p2a: Raging Bolt|Thunderbolt|p1a: Fezandipiti
|-damage|p1a: Fezandipiti|68/100
|-status|p1a: Fezandipiti|par
|
|upkeep
|turn|5
|
|t:|1757870517
|-end|p2a: Raging Bolt|Protosynthesis|[silent]
|switch|p2a: Iron Moth|Iron Moth|100/100
|-enditem|p2a: Iron Moth|Booster Energy
|-activate|p2a: Iron Moth|ability: Quark Drive|[fromitem]
|-start|p2a: Iron Moth|quarkdrivespe
|move|p1a: Fezandipiti|Moonblast|p2a: Iron Moth
|-resisted|p2a: Iron Moth
|-damage|p2a: Iron Moth|94/100
|
|upkeep
|turn|6
|
|t:|1757870531
|move|p2a: Iron Moth|Fiery Dance|p1a: Fezandipiti
|-damage|p1a: Fezandipiti|47/100 par
|-boost|p2a: Iron Moth|spa|1
|cant|p1a: Fezandipiti|par
|
|upkeep
|turn|7
|
|t:|1757870539
|move|p2a: Iron Moth|Fiery Dance|p1a: Fezandipiti
|-damage|p1a: Fezandipiti|15/100 par
|-boost|p2a: Iron Moth|spa|1
|move|p1a: Fezandipiti|U-turn|p2a: Iron Moth
|-resisted|p2a: Iron Moth
|-damage|p2a: Iron Moth|88/100
|
|t:|1757870543
|switch|p1a: Iron Hands|Iron Hands|73/100|[from] U-turn
|
|upkeep
|turn|8
|
|t:|1757870550
|move|p2a: Iron Moth|Dazzling Gleam|p1a: Iron Hands
|-supereffective|p1a: Iron Hands
|-damage|p1a: Iron Hands|1/100
|move|p1a: Iron Hands|Thunder Punch|p2a: Iron Moth
|-damage|p2a: Iron Moth|38/100
|-status|p2a: Iron Moth|par
|
|upkeep
|turn|9
|
|t:|1757870564
|move|p2a: Iron Moth|Fiery Dance|p1a: Iron Hands
|-damage|p1a: Iron Hands|0 fnt
|faint|p1a: Iron Hands
|-end|p1a: Iron Hands|Quark Drive|[silent]
|
|upkeep
|
|t:|1757870581
|switch|p1a: Bombirdier|Bombirdier, F|100/100
|turn|10
|
|t:|1757870592
|move|p1a: Bombirdier|Brave Bird|p2a: Iron Moth
|-damage|p2a: Iron Moth|0 fnt
|faint|p2a: Iron Moth
|-end|p2a: Iron Moth|Quark Drive|[silent]
|-damage|p1a: Bombirdier|87/100|[from] Recoil
|
|upkeep
|
|t:|1757870617
|switch|p2a: Raging Bolt|Raging Bolt|100/100
|turn|11
|
|t:|1757870625
|switch|p1a: Fezandipiti|Fezandipiti, M|15/100 par
|move|p2a: Raging Bolt|Dragon Pulse|p1a: Fezandipiti
|-immune|p1a: Fezandipiti
|
|upkeep
|turn|12
|
|t:|1757870632
|move|p2a: Raging Bolt|Thunderbolt|p1a: Fezandipiti
|-damage|p1a: Fezandipiti|0 fnt
|faint|p1a: Fezandipiti
|
|upkeep
|
|t:|1757870641
|switch|p1a: Great Tusk|Great Tusk|100/100
|-enditem|p1a: Great Tusk|Booster Energy
|-activate|p1a: Great Tusk|ability: Protosynthesis|[fromitem]
|-start|p1a: Great Tusk|protosynthesisatk
|turn|13
|
|t:|1757870661
|-end|p2a: Raging Bolt|Protosynthesis|[silent]
|switch|p2a: Dragonite|Dragonite, F|100/100
|move|p1a: Great Tusk|Headlong Rush|p2a: Dragonite
|-immune|p2a: Dragonite
|
|upkeep
|turn|14
|
|t:|1757870674
|move|p1a: Great Tusk|Rapid Spin|p2a: Dragonite
|-damage|p2a: Dragonite|88/100
|-boost|p1a: Great Tusk|spe|1
|move|p2a: Dragonite|Dragon Dance|p2a: Dragonite
|-boost|p2a: Dragonite|atk|1
|-boost|p2a: Dragonite|spe|1
|
|upkeep
|turn|15
|
|t:|1757870682
|-terastallize|p2a: Dragonite|Flying
|move|p1a: Great Tusk|Ice Spinner|p2a: Dragonite
|-supereffective|p2a: Dragonite
|-damage|p2a: Dragonite|10/100
|move|p2a: Dragonite|Tera Blast|p1a: Great Tusk|[anim] Tera Blast Flying
|-supereffective|p1a: Great Tusk
|-damage|p1a: Great Tusk|0 fnt
|faint|p1a: Great Tusk
|-end|p1a: Great Tusk|Protosynthesis|[silent]
|
|upkeep
|
|t:|1757870698
|switch|p1a: Bombirdier|Bombirdier, F|87/100
|turn|16
|
|t:|1757870711
|move|p1a: Bombirdier|Brave Bird|p2a: Dragonite
|-damage|p2a: Dragonite|0 fnt
|faint|p2a: Dragonite
|-damage|p1a: Bombirdier|83/100|[from] Recoil
|
|upkeep
|
|t:|1757870724
|switch|p2a: Raging Bolt|Raging Bolt|100/100
|turn|17
|
|t:|1757870735
|switch|p1a: Toedscruel|Toedscruel, M|100/100
|move|p2a: Raging Bolt|Thunderclap||[still]
|-fail|p2a: Raging Bolt
|
|upkeep
|turn|18
|
|t:|1757870747
|move|p2a: Raging Bolt|Calm Mind|p2a: Raging Bolt
|-boost|p2a: Raging Bolt|spa|1
|-boost|p2a: Raging Bolt|spd|1
|move|p1a: Toedscruel|Leech Seed|p2a: Raging Bolt
|-start|p2a: Raging Bolt|move: Leech Seed
|
|-damage|p2a: Raging Bolt|88/100|[from] Leech Seed|[of] p1a: Toedscruel
|upkeep
|turn|19
|
|t:|1757870754
|move|p2a: Raging Bolt|Dragon Pulse|p1a: Toedscruel
|-damage|p1a: Toedscruel|24/100
|move|p1a: Toedscruel|Stun Spore|p2a: Raging Bolt
|-immune|p2a: Raging Bolt
|
|-heal|p1a: Toedscruel|30/100|[from] item: Leftovers
|-damage|p2a: Raging Bolt|76/100|[from] Leech Seed|[of] p1a: Toedscruel
|-heal|p1a: Toedscruel|46/100|[silent]
|upkeep
|turn|20
|
|t:|1757870764
|switch|p1a: Bombirdier|Bombirdier, F|83/100
|move|p2a: Raging Bolt|Dragon Pulse|p1a: Bombirdier
|-damage|p1a: Bombirdier|0 fnt
|faint|p1a: Bombirdier
|
|upkeep
|-message|redfeatherz forfeited.
|
|win|3fran6
|raw|redfeatherz's rating: 1361 &rarr; <strong>1344</strong><br />(-17 for losing)
|raw|3fran6's rating: 1421 &rarr; <strong>1438</strong><br />(+17 for winning)
|l|☆redfeatherz
|player|p1|
|l|☆3fran6
|player|p2|
