|j|☆tsj1234
|j|☆alonsogonzo
|t:|1757944632
|gametype|singles
|player|p1|tsj1234|2|1163
|player|p2|alonsogonzo|266|1187
|gen|9
|tier|[Gen 9] OU
|rated|
|rule|HP Percentage Mod: HP is shown in percentages
|rule|Endless Battle Clause: Forcing endless battles is banned
|rule|Species Clause: Limit one of each Pokémon
|rule|OHKO Clause: OHKO moves are banned
|rule|Evasion Items Clause: Evasion items are banned
|rule|Evasion Moves Clause: Evasion moves are banned
|rule|Evasion Abilities Clause: Evasion abilities are banned
|rule|Sleep Moves Clause: Sleep-inducing moves are banned
|clearpoke
|poke|p1|Kingambit, F|
|poke|p1|Cinderace, F|
|poke|p1|Sinistcha-Masterpiece|
|poke|p1|Zapdos|
|poke|p1|Kyurem|
|poke|p1|Ribombee, M|
|poke|p2|Alcremie, F|
|poke|p2|Breloom, M|
|poke|p2|Rotom-Wash|
|poke|p2|Hippowdon, M|
|poke|p2|Tyranitar, F|
|poke|p2|Ceruledge, F|
|teampreview
|
|t:|1757944648
|teamsize|p1|6
|teamsize|p2|6
|start
|switch|p1a: Ribombee|Ribombee, M|100/100
|switch|p2a: Tyranitar|Tyranitar, F|100/100
|-weather|Sandstorm|[from] ability: Sand Stream|[of] p2a: Tyranitar
|turn|1
|
|t:|1757944695
|move|p1a: Ribombee|Sticky Web|p2a: Tyranitar
|-sidestart|p2: alonsogonzo|move: Sticky Web
|move|p2a: Tyranitar|Rock Slide|p1a: Ribombee
|-supereffective|p1a: Ribombee
|-enditem|p1a: Ribombee|Focus Sash
|-damage|p1a: Ribombee|1/100
|
|-weather|Sandstorm|[upkeep]
|-damage|p1a: Ribombee|0 fnt|[from] Sandstorm
|faint|p1a: Ribombee
|upkeep
|
|t:|1757944706
|switch|p1a: Cinderace|Cinderace, F|100/100
|turn|2
|
|t:|1757944712
|move|p1a: Cinderace|High Jump Kick|p2a: Tyranitar
|-start|p1a: Cinderace|typechange|Fighting|[from] ability: Libero
|-supereffective|p2a: Tyranitar
|-damage|p2a: Tyranitar|0 fnt
|faint|p2a: Tyranitar
|
|-weather|Sandstorm|[upkeep]
|-damage|p1a: Cinderace|95/100|[from] Sandstorm
|upkeep
|inactive|Battle timer is ON: inactive players will automatically lose when time's up. (requested by tsj1234)
|
|t:|1757944768
|switch|p2a: Hippowdon|Hippowdon, M|100/100
|-activate|p2a: Hippowdon|move: Sticky Web
|-unboost|p2a: Hippowdon|spe|1
|turn|3
|
|t:|1757944774
|switch|p1a: Sinistcha|Sinistcha-Masterpiece, shiny|100/100
|move|p2a: Hippowdon|Stealth Rock|p1a: Sinistcha
|-sidestart|p1: tsj1234|move: Stealth Rock
|
|-weather|Sandstorm|[upkeep]
|-damage|p1a: Sinistcha|95/100|[from] Sandstorm
|upkeep
|turn|4
|
|t:|1757944789
|move|p1a: Sinistcha|Matcha Gotcha|p2a: Hippowdon
|-supereffective|p2a: Hippowdon
|-damage|p2a: Hippowdon|23/100
|-heal|p1a: Sinistcha|100/100|[from] drain|[of] p2a: Hippowdon
|move|p2a: Hippowdon|Whirlwind|p1a: Sinistcha
|drag|p1a: Cinderace|Cinderace, F|95/100
|
|-weather|Sandstorm|[upkeep]
|-damage|p1a: Cinderace|89/100|[from] Sandstorm
|upkeep
|turn|5
|
|t:|1757944805
|move|p1a: Cinderace|High Jump Kick|p2a: Hippowdon
|-start|p1a: Cinderace|typechange|Fighting|[from] ability: Libero
|-damage|p2a: Hippowdon|0 fnt
|-damage|p1a: Cinderace|72/100|[from] item: Rocky Helmet|[of] p2a: Hippowdon
|faint|p2a: Hippowdon
|
|-weather|none
|upkeep
|
|t:|1757944817
|switch|p2a: Alcremie|Alcremie, F|100/100
|-activate|p2a: Alcremie|move: Sticky Web
|-unboost|p2a: Alcremie|spe|1
|turn|6
|
|t:|1757944824
|move|p1a: Cinderace|U-turn|p2a: Alcremie
|-resisted|p2a: Alcremie
|-damage|p2a: Alcremie|86/100
|
|t:|1757944828
|switch|p1a: Kingambit|Kingambit, F, shiny|100/100|[from] U-turn
|-damage|p1a: Kingambit|94/100|[from] Stealth Rock
|-activate|p1a: Kingambit|ability: Supreme Overlord
|-start|p1a: Kingambit|fallen1|[silent]
|move|p2a: Alcremie|Acid Armor|p2a: Alcremie
|-boost|p2a: Alcremie|def|2
|
|-heal|p2a: Alcremie|92/100|[from] item: Leftovers
|upkeep
|turn|7
|
|t:|1757944840
|move|p1a: Kingambit|Iron Head|p2a: Alcremie
|-supereffective|p2a: Alcremie
|-damage|p2a: Alcremie|25/100
|move|p2a: Alcremie|Acid Armor|p2a: Alcremie
|-boost|p2a: Alcremie|def|2
|
|-heal|p2a: Alcremie|31/100|[from] item: Leftovers
|upkeep
|turn|8
|
|t:|1757944849
|move|p1a: Kingambit|Iron Head|p2a: Alcremie
|-supereffective|p2a: Alcremie
|-damage|p2a: Alcremie|0 fnt
|faint|p2a: Alcremie
|
|upkeep
|
|t:|1757944860
|switch|p2a: Breloom|Breloom, M|100/100
|-activate|p2a: Breloom|move: Sticky Web
|-unboost|p2a: Breloom|spe|1
|turn|9
|
|t:|1757944869
|-end|p1a: Kingambit|fallen1|[silent]
|switch|p1a: Sinistcha|Sinistcha-Masterpiece, shiny|100/100
|-damage|p1a: Sinistcha|88/100|[from] Stealth Rock
|move|p2a: Breloom|Mach Punch|p1a: Sinistcha
|-immune|p1a: Sinistcha
|
|upkeep
|turn|10
|
|t:|1757944882
|switch|p2a: Ceruledge|Ceruledge, F|100/100
|-activate|p2a: Ceruledge|move: Sticky Web
|-unboost|p2a: Ceruledge|spe|1
|move|p1a: Sinistcha|Shadow Ball|p2a: Ceruledge
|-supereffective|p2a: Ceruledge
|-damage|p2a: Ceruledge|9/100
|
|upkeep
|turn|11
|
|t:|1757944905
|move|p1a: Sinistcha|Shadow Ball|p2a: Ceruledge
|-supereffective|p2a: Ceruledge
|-damage|p2a: Ceruledge|0 fnt
|faint|p2a: Ceruledge
|
|upkeep
|
|t:|1757944919
|switch|p2a: Rotom|Rotom-Wash|100/100
|turn|12
|inactive|alonsogonzo has 120 seconds left.
|
|t:|1757944960
|move|p1a: Sinistcha|Matcha Gotcha|p2a: Rotom
|-supereffective|p2a: Rotom
|-crit|p2a: Rotom
|-damage|p2a: Rotom|29/100
|-heal|p1a: Sinistcha|100/100|[from] drain|[of] p2a: Rotom
|-status|p2a: Rotom|brn
|move|p2a: Rotom|Volt Switch|p1a: Sinistcha
|-resisted|p1a: Sinistcha
|-damage|p1a: Sinistcha|82/100
|
|t:|1757944975
|switch|p2a: Breloom|Breloom, M|100/100|[from] Volt Switch
|-activate|p2a: Breloom|move: Sticky Web
|-unboost|p2a: Breloom|spe|1
|
|upkeep
|turn|13
|
|t:|1757944981
|move|p1a: Sinistcha|Shadow Ball|p2a: Breloom
|-damage|p2a: Breloom|18/100
|move|p2a: Breloom|Swords Dance|p2a: Breloom
|-boost|p2a: Breloom|atk|2
|
|upkeep
|turn|14
|
|t:|1757944989
|move|p1a: Sinistcha|Shadow Ball|p2a: Breloom
|-damage|p2a: Breloom|0 fnt
|faint|p2a: Breloom
|
|upkeep
|
|t:|1757944994
|switch|p2a: Rotom|Rotom-Wash|29/100 brn
|turn|15
|
|t:|1757945017
|move|p1a: Sinistcha|Matcha Gotcha|p2a: Rotom
|-supereffective|p2a: Rotom
|-damage|p2a: Rotom|0 fnt
|-heal|p1a: Sinistcha|97/100|[from] drain|[of] p2a: Rotom
|faint|p2a: Rotom
|
|win|tsj1234
|raw|tsj1234's rating: 1163 &rarr; <strong>1190</strong><br />(+27 for winning)
|raw|alonsogonzo's rating: 1187 &rarr; <strong>1160</strong><br />(-27 for losing)
|l|☆tsj1234
|player|p1|
|l|☆alonsogonzo
|player|p2|
