|j|☆heatedrhombus
|j|☆SittinGamer
|t:|1757913448
|gametype|singles
|player|p1|heatedrhombus|2|1368
|player|p2|SittinGamer|dawn-gen4pt|1396
|gen|9
|tier|[Gen 9] OU
|rated|
|rule|HP Percentage Mod: HP is shown in percentages
|rule|Endless Battle Clause: Forcing endless battles is banned
|rule|Species Clause: Limit one of each Pokémon
|rule|OHKO Clause: OHKO moves are banned
|rule|Evasion Items Clause: Evasion items are banned
|rule|Evasion Moves Clause: Evasion moves are banned
|rule|Evasion Abilities Clause: Evasion abilities are banned
|rule|Sleep Moves Clause: Sleep-inducing moves are banned
|clearpoke
|poke|p1|Entei|
|poke|p1|Iron Boulder|
|poke|p1|Samurott-Hisui, F|
|poke|p1|Enamorus, F|
|poke|p1|Darkrai|
|poke|p1|Great Tusk|
|poke|p2|Infernape, M|
|poke|p2|Samurott-Hisui, F|
|poke|p2|Gholdengo|
|poke|p2|Hatterene, F|
|poke|p2|Great Tusk|
|poke|p2|Zamazenta-*|
|teampreview
|inactive|Battle timer is ON: inactive players will automatically lose when time's up. (requested by heatedrhombus)
|
|t:|1757913462
|teamsize|p1|6
|teamsize|p2|6
|start
|switch|p1a: Enamorus|Enamorus, F|100/100
|switch|p2a: Infernape|Infernape, M|100/100
|turn|1
|
|t:|1757913467
|move|p1a: Enamorus|Moonblast|p2a: Infernape
|-damage|p2a: Infernape|36/100
|move|p2a: Infernape|Overheat|p1a: Enamorus
|-damage|p1a: Enamorus|27/100
|-unboost|p2a: Infernape|spa|2
|
|-heal|p1a: Enamorus|33/100|[from] item: Leftovers
|upkeep
|turn|2
|
|t:|1757913474
|switch|p2a: Gholdengo|Gholdengo|100/100
|move|p1a: Enamorus|Superpower|p2a: Gholdengo
|-immune|p2a: Gholdengo
|
|-heal|p1a: Enamorus|39/100|[from] item: Leftovers
|upkeep
|turn|3
|
|t:|1757913478
|switch|p1a: Samurott|Samurott-Hisui, F|100/100
|move|p2a: Gholdengo|Make It Rain|p1a: Samurott
|-resisted|p1a: Samurott
|-damage|p1a: Samurott|53/100
|-unboost|p2a: Gholdengo|spa|1
|
|upkeep
|turn|4
|
|t:|1757913483
|switch|p2a: Samurott|Samurott-Hisui, F|100/100
|move|p1a: Samurott|Ceaseless Edge|p2a: Samurott
|-resisted|p2a: Samurott
|-damage|p2a: Samurott|76/100
|-sidestart|p2: SittinGamer|Spikes
|
|upkeep
|turn|5
|
|t:|1757913486
|move|p1a: Samurott|Ceaseless Edge|p2a: Samurott
|-resisted|p2a: Samurott
|-damage|p2a: Samurott|50/100
|-sidestart|p2: SittinGamer|Spikes
|move|p2a: Samurott|Ceaseless Edge|p1a: Samurott
|-resisted|p1a: Samurott
|-damage|p1a: Samurott|25/100
|-sidestart|p1: heatedrhombus|Spikes
|
|upkeep
|turn|6
|
|t:|1757913490
|move|p1a: Samurott|Ceaseless Edge|p2a: Samurott
|-resisted|p2a: Samurott
|-damage|p2a: Samurott|27/100
|-sidestart|p2: SittinGamer|Spikes
|move|p2a: Samurott|Ceaseless Edge|p1a: Samurott
|-resisted|p1a: Samurott
|-damage|p1a: Samurott|0 fnt
|-sidestart|p1: heatedrhombus|Spikes
|faint|p1a: Samurott
|
|upkeep
|
|t:|1757913503
|switch|p1a: Great Tusk|Great Tusk|100/100
|turn|7
|
|t:|1757913506
|move|p1a: Great Tusk|Earthquake|p2a: Samurott
|-damage|p2a: Samurott|0 fnt
|faint|p2a: Samurott
|
|upkeep
|
|t:|1757913511
|switch|p2a: Infernape|Infernape, M|36/100
|-damage|p2a: Infernape|11/100|[from] Spikes
|turn|8
|
|t:|1757913515
|-end|p1a: Great Tusk|Protosynthesis|[silent]
|switch|p1a: Entei|Entei|100/100
|-ability|p1a: Entei|Pressure
|move|p2a: Infernape|Overheat|p1a: Entei
|-resisted|p1a: Entei
|-damage|p1a: Entei|44/100
|-unboost|p2a: Infernape|spa|2
|
|upkeep
|turn|9
|
|t:|1757913525
|switch|p2a: Zamazenta|Zamazenta|100/100
|-damage|p2a: Zamazenta|75/100|[from] Spikes
|-ability|p2a: Zamazenta|Dauntless Shield|boost
|-boost|p2a: Zamazenta|def|1
|move|p1a: Entei|Body Slam|p2a: Zamazenta
|-damage|p2a: Zamazenta|62/100
|
|-heal|p2a: Zamazenta|68/100|[from] item: Leftovers
|upkeep
|turn|10
|
|t:|1757913530
|move|p2a: Zamazenta|Body Press|p1a: Entei
|-damage|p1a: Entei|0 fnt
|faint|p1a: Entei
|
|-heal|p2a: Zamazenta|74/100|[from] item: Leftovers
|upkeep
|
|t:|1757913535
|switch|p1a: Enamorus|Enamorus, F|39/100
|turn|11
|
|t:|1757913539
|-terastallize|p2a: Zamazenta|Fire
|move|p2a: Zamazenta|Iron Defense|p2a: Zamazenta
|-boost|p2a: Zamazenta|def|2
|move|p1a: Enamorus|Moonblast|p2a: Zamazenta
|-resisted|p2a: Zamazenta
|-damage|p2a: Zamazenta|56/100
|
|-heal|p2a: Zamazenta|62/100|[from] item: Leftovers
|-heal|p1a: Enamorus|46/100|[from] item: Leftovers
|upkeep
|turn|12
|
|t:|1757913543
|move|p2a: Zamazenta|Body Press|p1a: Enamorus
|-resisted|p1a: Enamorus
|-damage|p1a: Enamorus|20/100
|move|p1a: Enamorus|Moonblast|p2a: Zamazenta
|-resisted|p2a: Zamazenta
|-crit|p2a: Zamazenta
|-damage|p2a: Zamazenta|36/100
|
|-heal|p2a: Zamazenta|42/100|[from] item: Leftovers
|-heal|p1a: Enamorus|26/100|[from] item: Leftovers
|upkeep
|turn|13
|
|t:|1757913548
|move|p2a: Zamazenta|Body Press|p1a: Enamorus
|-resisted|p1a: Enamorus
|-damage|p1a: Enamorus|0 fnt
|faint|p1a: Enamorus
|
|-heal|p2a: Zamazenta|48/100|[from] item: Leftovers
|upkeep
|
|t:|1757913556
|switch|p1a: Darkrai|Darkrai|100/100
|turn|14
|
|t:|1757913558
|-terastallize|p1a: Darkrai|Fairy
|move|p2a: Zamazenta|Body Press|p1a: Darkrai
|-resisted|p1a: Darkrai
|-damage|p1a: Darkrai|42/100
|move|p1a: Darkrai|Dark Pulse|p2a: Zamazenta
|-damage|p2a: Zamazenta|14/100
|
|-heal|p2a: Zamazenta|20/100|[from] item: Leftovers
|upkeep
|turn|15
|
|t:|1757913563
|move|p2a: Zamazenta|Body Press|p1a: Darkrai
|-resisted|p1a: Darkrai
|-damage|p1a: Darkrai|0 fnt
|faint|p1a: Darkrai
|
|-heal|p2a: Zamazenta|26/100|[from] item: Leftovers
|upkeep
|
|t:|1757913565
|switch|p1a: Iron Boulder|Iron Boulder|100/100
|-damage|p1a: Iron Boulder|84/100|[from] Spikes
|-enditem|p1a: Iron Boulder|Booster Energy
|-activate|p1a: Iron Boulder|ability: Quark Drive|[fromitem]
|-start|p1a: Iron Boulder|quarkdriveatk
|turn|16
|
|t:|1757913569
|move|p2a: Zamazenta|Body Press|p1a: Iron Boulder
|-damage|p1a: Iron Boulder|0 fnt
|faint|p1a: Iron Boulder
|-end|p1a: Iron Boulder|Quark Drive|[silent]
|
|-heal|p2a: Zamazenta|32/100|[from] item: Leftovers
|upkeep
|-message|heatedrhombus forfeited.
|
|win|SittinGamer
|raw|heatedrhombus's rating: 1368 &rarr; <strong>1350</strong><br />(-18 for losing)
|raw|SittinGamer's rating: 1396 &rarr; <strong>1414</strong><br />(+18 for winning)
|l|☆heatedrhombus
|player|p1|
|l|☆SittinGamer
|player|p2|
