|j|☆Agnes_Tachy0n
|j|☆ShpuW
|t:|1757852391
|gametype|singles
|player|p1|Agnes_Tachy0n|lass|1318
|player|p2|ShpuW|266|1350
|gen|9
|tier|[Gen 9] OU
|rated|
|rule|HP Percentage Mod: HP is shown in percentages
|rule|Endless Battle Clause: Forcing endless battles is banned
|rule|Species Clause: Limit one of each Pokémon
|rule|OHKO Clause: OHKO moves are banned
|rule|Evasion Items Clause: Evasion items are banned
|rule|Evasion Moves Clause: Evasion moves are banned
|rule|Evasion Abilities Clause: Evasion abilities are banned
|rule|Sleep Moves Clause: Sleep-inducing moves are banned
|clearpoke
|poke|p1|Iron Thorns|
|poke|p1|Ribombee, M|
|poke|p1|Mismagius, M|
|poke|p1|Raging Bolt|
|poke|p1|Hatterene, F|
|poke|p1|Corviknight, M|
|poke|p2|Kyurem|
|poke|p2|Garganacl, F|
|poke|p2|Hoopa-Unbound|
|poke|p2|Kommo-o, M|
|poke|p2|Ribombee, F|
|poke|p2|Ogerpon-Wellspring, F|
|teampreview
|inactive|Battle timer is ON: inactive players will automatically lose when time's up. (requested by ShpuW)
|
|t:|1757852406
|teamsize|p1|6
|teamsize|p2|6
|start
|switch|p1a: Mismagius|Mismagius, M|100/100
|switch|p2a: Ribombee|Ribombee, F|100/100
|turn|1
|
|t:|1757852421
|switch|p1a: Hatterene|Hatterene, F|100/100
|move|p2a: Ribombee|Switcheroo|p1a: Hatterene
|-activate|p2a: Ribombee|move: Trick|[of] p1a: Hatterene
|-item|p1a: Hatterene|Focus Sash|[from] move: Switcheroo
|-item|p2a: Ribombee|Eject Button|[from] move: Switcheroo
|
|upkeep
|turn|2
|
|t:|1757852437
|move|p2a: Ribombee|Moonblast|p1a: Hatterene
|-damage|p1a: Hatterene|56/100
|-unboost|p1a: Hatterene|spa|1
|move|p1a: Hatterene|Nuzzle|p2a: Ribombee
|-crit|p2a: Ribombee
|-damage|p2a: Ribombee|88/100
|-enditem|p2a: Ribombee|Eject Button
|inactive|ShpuW has 120 seconds left.
|
|t:|1757852465
|switch|p2a: Hoopa|Hoopa-Unbound|100/100
|
|upkeep
|turn|3
|
|t:|1757852480
|switch|p1a: Raging Bolt|Raging Bolt|100/100
|move|p2a: Hoopa|Gunk Shot|p1a: Raging Bolt
|-damage|p1a: Raging Bolt|55/100
|-item|p2a: Hoopa|Assault Vest|[from] ability: Magician|[of] p1a: Raging Bolt
|
|upkeep
|turn|4
|
|t:|1757852500
|move|p2a: Hoopa|Hyperspace Fury|p1a: Raging Bolt
|-damage|p1a: Raging Bolt|0 fnt
|-unboost|p2a: Hoopa|def|1
|faint|p1a: Raging Bolt
|-end|p1a: Raging Bolt|Protosynthesis|[silent]
|
|upkeep
|
|t:|1757852512
|switch|p1a: Ribombee|Ribombee, M|100/100
|turn|5
|
|t:|1757852530
|move|p1a: Ribombee|Moonblast|p2a: Hoopa
|-supereffective|p2a: Hoopa
|-damage|p2a: Hoopa|51/100
|-unboost|p2a: Hoopa|spa|1
|move|p2a: Hoopa|Gunk Shot|p1a: Ribombee
|-supereffective|p1a: Ribombee
|-enditem|p1a: Ribombee|Focus Sash
|-damage|p1a: Ribombee|1/100
|
|upkeep
|turn|6
|
|t:|1757852542
|switch|p2a: Ribombee|Ribombee, F|88/100
|move|p1a: Ribombee|Sticky Web|p2a: Ribombee
|-sidestart|p2: ShpuW|move: Sticky Web
|
|upkeep
|turn|7
|
|t:|1757852550
|move|p1a: Ribombee|Moonblast|p2a: Ribombee
|-damage|p2a: Ribombee|18/100
|move|p2a: Ribombee|Moonblast|p1a: Ribombee
|-damage|p1a: Ribombee|0 fnt
|faint|p1a: Ribombee
|
|upkeep
|
|t:|1757852557
|switch|p1a: Iron Thorns|Iron Thorns, shiny|100/100
|-enditem|p1a: Iron Thorns|Booster Energy
|-activate|p1a: Iron Thorns|ability: Quark Drive|[fromitem]
|-start|p1a: Iron Thorns|quarkdriveatk
|turn|8
|inactive|ShpuW has 120 seconds left.
|
|t:|1757852572
|move|p2a: Ribombee|Moonblast|p1a: Iron Thorns
|-damage|p1a: Iron Thorns|57/100
|-unboost|p1a: Iron Thorns|spa|1
|move|p1a: Iron Thorns|Dragon Dance|p1a: Iron Thorns
|-boost|p1a: Iron Thorns|atk|1
|-boost|p1a: Iron Thorns|spe|1
|
|upkeep
|turn|9
|
|t:|1757852581
|move|p2a: Ribombee|Moonblast|p1a: Iron Thorns
|-damage|p1a: Iron Thorns|12/100
|move|p1a: Iron Thorns|Dragon Dance|p1a: Iron Thorns
|-boost|p1a: Iron Thorns|atk|1
|-boost|p1a: Iron Thorns|spe|1
|
|upkeep
|turn|10
|
|t:|1757852590
|move|p1a: Iron Thorns|Supercell Slam|p2a: Ribombee
|-damage|p2a: Ribombee|0 fnt
|faint|p2a: Ribombee
|
|upkeep
|
|t:|1757852593
|switch|p2a: Kommo-o|Kommo-o, M|100/100
|-activate|p2a: Kommo-o|move: Sticky Web
|-unboost|p2a: Kommo-o|spe|1
|turn|11
|
|t:|1757852596
|move|p2a: Kommo-o|Vacuum Wave|p1a: Iron Thorns
|-supereffective|p1a: Iron Thorns
|-damage|p1a: Iron Thorns|0 fnt
|faint|p1a: Iron Thorns
|-end|p1a: Iron Thorns|Quark Drive|[silent]
|
|upkeep
|
|t:|1757852602
|switch|p1a: Mismagius|Mismagius, M|100/100
|turn|12
|
|t:|1757852616
|switch|p2a: Garganacl|Garganacl, F|100/100
|-activate|p2a: Garganacl|move: Sticky Web
|-unboost|p2a: Garganacl|spe|1
|move|p1a: Mismagius|Dazzling Gleam|p2a: Garganacl
|-damage|p2a: Garganacl|83/100
|
|-heal|p2a: Garganacl|89/100|[from] item: Leftovers
|upkeep
|turn|13
|
|t:|1757852620
|switch|p1a: Hatterene|Hatterene, F|56/100
|move|p2a: Garganacl|Salt Cure|p1a: Hatterene
|-damage|p1a: Hatterene|39/100
|-start|p1a: Hatterene|Salt Cure
|
|-heal|p2a: Garganacl|96/100|[from] item: Leftovers
|-damage|p1a: Hatterene|27/100|[from] Salt Cure
|upkeep
|turn|14
|
|t:|1757852631
|switch|p1a: Mismagius|Mismagius, M|100/100
|move|p2a: Garganacl|Salt Cure|p1a: Mismagius
|-damage|p1a: Mismagius|74/100
|-start|p1a: Mismagius|Salt Cure
|
|-heal|p2a: Garganacl|100/100|[from] item: Leftovers
|-damage|p1a: Mismagius|62/100|[from] Salt Cure
|upkeep
|turn|15
|
|t:|1757852635
|move|p1a: Mismagius|Trick|p2a: Garganacl
|-activate|p1a: Mismagius|move: Trick|[of] p2a: Garganacl
|-item|p2a: Garganacl|Choice Scarf|[from] move: Trick
|-item|p1a: Mismagius|Leftovers|[from] move: Trick
|move|p2a: Garganacl|Salt Cure|p1a: Mismagius
|-damage|p1a: Mismagius|34/100
|
|-heal|p1a: Mismagius|40/100|[from] item: Leftovers
|-damage|p1a: Mismagius|28/100|[from] Salt Cure
|upkeep
|turn|16
|
|t:|1757852642
|move|p1a: Mismagius|Shadow Ball|p2a: Garganacl
|-damage|p2a: Garganacl|88/100
|move|p2a: Garganacl|Salt Cure|p1a: Mismagius
|-crit|p1a: Mismagius
|-damage|p1a: Mismagius|0 fnt
|faint|p1a: Mismagius
|
|upkeep
|
|t:|1757852646
|switch|p1a: Hatterene|Hatterene, F|27/100
|turn|17
|
|t:|1757852654
|move|p1a: Hatterene|Psyshock|p2a: Garganacl
|-damage|p2a: Garganacl|61/100
|move|p2a: Garganacl|Salt Cure|p1a: Hatterene
|-damage|p1a: Hatterene|10/100
|-start|p1a: Hatterene|Salt Cure
|
|-damage|p1a: Hatterene|0 fnt|[from] Salt Cure
|faint|p1a: Hatterene
|upkeep
|
|t:|1757852658
|switch|p1a: Corviknight|Corviknight, M|100/100
|turn|18
|
|t:|1757852660
|move|p1a: Corviknight|Bulk Up|p1a: Corviknight
|-boost|p1a: Corviknight|atk|1
|-boost|p1a: Corviknight|def|1
|move|p2a: Garganacl|Salt Cure|p1a: Corviknight
|-damage|p1a: Corviknight|93/100
|-start|p1a: Corviknight|Salt Cure
|
|-heal|p1a: Corviknight|99/100|[from] item: Leftovers
|-damage|p1a: Corviknight|75/100|[from] Salt Cure
|upkeep
|turn|19
|
|t:|1757852666
|move|p1a: Corviknight|Bulk Up|p1a: Corviknight
|-boost|p1a: Corviknight|atk|1
|-boost|p1a: Corviknight|def|1
|move|p2a: Garganacl|Salt Cure|p1a: Corviknight
|-damage|p1a: Corviknight|68/100
|
|-heal|p1a: Corviknight|75/100|[from] item: Leftovers
|-damage|p1a: Corviknight|50/100|[from] Salt Cure
|upkeep
|turn|20
|
|t:|1757852678
|switch|p2a: Kyurem|Kyurem|100/100
|-activate|p2a: Kyurem|move: Sticky Web
|-unboost|p2a: Kyurem|spe|1
|-ability|p2a: Kyurem|Pressure
|move|p1a: Corviknight|Bulk Up|p1a: Corviknight
|-boost|p1a: Corviknight|atk|1
|-boost|p1a: Corviknight|def|1
|
|-heal|p1a: Corviknight|56/100|[from] item: Leftovers
|-damage|p1a: Corviknight|31/100|[from] Salt Cure
|upkeep
|turn|21
|
|t:|1757852685
|-terastallize|p1a: Corviknight|Fire
|move|p2a: Kyurem|Freeze-Dry|p1a: Corviknight
|-resisted|p1a: Corviknight
|-damage|p1a: Corviknight|17/100
|move|p1a: Corviknight|Roost|p1a: Corviknight
|-heal|p1a: Corviknight|67/100
|
|-heal|p1a: Corviknight|73/100|[from] item: Leftovers
|-damage|p1a: Corviknight|61/100|[from] Salt Cure
|upkeep
|turn|22
|
|t:|1757852702
|switch|p2a: Hoopa|Hoopa-Unbound|51/100
|-activate|p2a: Hoopa|move: Sticky Web
|-unboost|p2a: Hoopa|spe|1
|move|p1a: Corviknight|Roost|p1a: Corviknight
|-heal|p1a: Corviknight|100/100
|
|-damage|p1a: Corviknight|88/100|[from] Salt Cure
|upkeep
|turn|23
|
|t:|1757852711
|move|p2a: Hoopa|Hyperspace Fury|p1a: Corviknight
|-crit|p1a: Corviknight
|-damage|p1a: Corviknight|11/100
|-unboost|p2a: Hoopa|def|1
|move|p1a: Corviknight|Body Press|p2a: Hoopa
|-crit|p2a: Hoopa
|-damage|p2a: Hoopa|0 fnt
|faint|p2a: Hoopa
|
|-heal|p1a: Corviknight|17/100|[from] item: Leftovers
|-damage|p1a: Corviknight|4/100|[from] Salt Cure
|upkeep
|
|t:|1757852719
|switch|p2a: Kyurem|Kyurem|100/100
|-activate|p2a: Kyurem|move: Sticky Web
|-unboost|p2a: Kyurem|spe|1
|-ability|p2a: Kyurem|Pressure
|turn|24
|
|t:|1757852721
|move|p2a: Kyurem|Earth Power|p1a: Corviknight
|-supereffective|p1a: Corviknight
|-damage|p1a: Corviknight|0 fnt
|faint|p1a: Corviknight
|
|win|ShpuW
|raw|Agnes_Tachy0n's rating: 1318 &rarr; <strong>1300</strong><br />(-18 for losing)
|raw|ShpuW's rating: 1350 &rarr; <strong>1368</strong><br />(+18 for winning)
|l|☆Agnes_Tachy0n
|player|p1|
|l|☆ShpuW
|player|p2|
