|j|☆Pig Perfect
|j|☆mathismathin
|t:|1757897252
|gametype|singles
|player|p1|Pig Perfect|workerice|1578
|player|p2|mathismathin|hilbert|1585
|gen|9
|tier|[Gen 9] OU
|rated|
|rule|HP Percentage Mod: HP is shown in percentages
|rule|Endless Battle Clause: Forcing endless battles is banned
|rule|Species Clause: Limit one of each Pokémon
|rule|OHKO Clause: OHKO moves are banned
|rule|Evasion Items Clause: Evasion items are banned
|rule|Evasion Moves Clause: Evasion moves are banned
|rule|Evasion Abilities Clause: Evasion abilities are banned
|rule|Sleep Moves Clause: Sleep-inducing moves are banned
|clearpoke
|poke|p1|Great Tusk|
|poke|p1|Hatterene, F|
|poke|p1|Heatran, M|
|poke|p1|Ninetales, M|
|poke|p1|Slither Wing|
|poke|p1|Walking Wake|
|poke|p2|Gyarados, M|
|poke|p2|Thundurus, M|
|poke|p2|Corviknight, F|
|poke|p2|Enamorus, F|
|poke|p2|Landorus-Therian, M|
|poke|p2|Articuno|
|teampreview
|
|t:|1757897280
|teamsize|p1|6
|teamsize|p2|6
|start
|switch|p1a: Ninetales|Ninetales, M|100/100
|switch|p2a: Thundurus|Thundurus, M|100/100
|-weather|SunnyDay|[from] ability: Drought|[of] p1a: Ninetales
|turn|1
|
|t:|1757897283
|switch|p1a: Hatterene|Hatterene, F|100/100
|move|p2a: Thundurus|Nasty Plot|p2a: Thundurus
|-boost|p2a: Thundurus|spa|2
|
|-weather|SunnyDay|[upkeep]
|upkeep
|turn|2
|
|t:|1757897287
|move|p2a: Thundurus|Thunderbolt|p1a: Hatterene
|-damage|p1a: Hatterene|12/100
|-enditem|p1a: Hatterene|Eject Button
|
|t:|1757897289
|switch|p1a: Walking Wake|Walking Wake|100/100
|-activate|p1a: Walking Wake|ability: Protosynthesis
|-start|p1a: Walking Wake|protosynthesisspe
|
|-weather|SunnyDay|[upkeep]
|upkeep
|turn|3
|
|t:|1757897293
|move|p1a: Walking Wake|Hydro Steam|p2a: Thundurus
|-enditem|p2a: Thundurus|Focus Sash
|-damage|p2a: Thundurus|1/100
|move|p2a: Thundurus|Thunderbolt|p1a: Walking Wake
|-damage|p1a: Walking Wake|0 fnt
|faint|p1a: Walking Wake
|-end|p1a: Walking Wake|Protosynthesis|[silent]
|
|-weather|SunnyDay|[upkeep]
|upkeep
|
|t:|1757897296
|switch|p1a: Slither Wing|Slither Wing|100/100
|-activate|p1a: Slither Wing|ability: Protosynthesis
|-start|p1a: Slither Wing|protosynthesisatk
|turn|4
|
|t:|1757897302
|switch|p2a: Corviknight|Corviknight, F|100/100
|-ability|p2a: Corviknight|Pressure
|move|p1a: Slither Wing|First Impression|p2a: Corviknight
|-resisted|p2a: Corviknight
|-damage|p2a: Corviknight|84/100
|-damage|p1a: Slither Wing|84/100|[from] item: Rocky Helmet|[of] p2a: Corviknight
|
|-weather|SunnyDay|[upkeep]
|upkeep
|turn|5
|
|t:|1757897306
|-end|p1a: Slither Wing|Protosynthesis|[silent]
|switch|p1a: Great Tusk|Great Tusk|100/100
|-activate|p1a: Great Tusk|ability: Protosynthesis
|-start|p1a: Great Tusk|protosynthesisatk
|switch|p2a: Landorus|Landorus-Therian, M|100/100
|-ability|p2a: Landorus|Intimidate|boost
|-unboost|p1a: Great Tusk|atk|1
|
|-weather|SunnyDay|[upkeep]
|upkeep
|turn|6
|
|t:|1757897309
|move|p2a: Landorus|U-turn|p1a: Great Tusk
|-resisted|p1a: Great Tusk
|-crit|p1a: Great Tusk
|-damage|p1a: Great Tusk|80/100
|-damage|p2a: Landorus|84/100|[from] item: Rocky Helmet|[of] p1a: Great Tusk
|
|t:|1757897311
|switch|p2a: Articuno|Articuno|100/100|[from] U-turn
|-ability|p2a: Articuno|Pressure
|move|p1a: Great Tusk|Ice Spinner|p2a: Articuno
|-damage|p2a: Articuno|79/100
|
|-weather|SunnyDay|[upkeep]
|upkeep
|turn|7
|
|t:|1757897317
|-end|p1a: Great Tusk|Protosynthesis|[silent]
|switch|p1a: Ninetales|Ninetales, M|100/100
|move|p2a: Articuno|U-turn|p1a: Ninetales
|-resisted|p1a: Ninetales
|-damage|p1a: Ninetales|93/100
|
|t:|1757897325
|switch|p2a: Landorus|Landorus-Therian, M|84/100|[from] U-turn
|-ability|p2a: Landorus|Intimidate|boost
|-unboost|p1a: Ninetales|atk|1
|
|-weather|SunnyDay|[upkeep]
|upkeep
|turn|8
|
|t:|1757897328
|switch|p1a: Great Tusk|Great Tusk|80/100
|-activate|p1a: Great Tusk|ability: Protosynthesis
|-start|p1a: Great Tusk|protosynthesisatk
|move|p2a: Landorus|Earthquake|p1a: Great Tusk
|-damage|p1a: Great Tusk|18/100
|
|-weather|none
|-end|p1a: Great Tusk|Protosynthesis
|upkeep
|turn|9
|
|t:|1757897331
|move|p2a: Landorus|Earthquake|p1a: Great Tusk
|-damage|p1a: Great Tusk|0 fnt
|faint|p1a: Great Tusk
|-end|p1a: Great Tusk|Protosynthesis|[silent]
|
|upkeep
|
|t:|1757897333
|switch|p1a: Ninetales|Ninetales, M|93/100
|-weather|SunnyDay|[from] ability: Drought|[of] p1a: Ninetales
|turn|10
|
|t:|1757897335
|switch|p1a: Heatran|Heatran, M|100/100
|-item|p1a: Heatran|Air Balloon
|move|p2a: Landorus|Earthquake|p1a: Heatran
|-immune|p1a: Heatran
|
|-weather|SunnyDay|[upkeep]
|upkeep
|turn|11
|
|t:|1757897341
|switch|p2a: Thundurus|Thundurus, M|1/100
|move|p1a: Heatran|Stealth Rock|p2a: Thundurus
|-sidestart|p2: mathismathin|move: Stealth Rock
|
|-weather|SunnyDay|[upkeep]
|upkeep
|turn|12
|
|t:|1757897347
|switch|p1a: Ninetales|Ninetales, M|93/100
|move|p2a: Thundurus|Thunderbolt|p1a: Ninetales
|-damage|p1a: Ninetales|50/100
|
|-weather|SunnyDay|[upkeep]
|upkeep
|turn|13
|
|t:|1757897349
|move|p2a: Thundurus|Thunder Wave|p1a: Ninetales
|-status|p1a: Ninetales|par
|move|p1a: Ninetales|Weather Ball|p2a: Thundurus
|-damage|p2a: Thundurus|0 fnt
|faint|p2a: Thundurus
|
|-weather|SunnyDay|[upkeep]
|upkeep
|
|t:|1757897357
|switch|p2a: Gyarados|Gyarados, M|100/100
|-damage|p2a: Gyarados|76/100|[from] Stealth Rock
|turn|14
|
|t:|1757897362
|-terastallize|p2a: Gyarados|Flying
|move|p2a: Gyarados|Tera Blast|p1a: Ninetales|[anim] Tera Blast Flying
|-damage|p1a: Ninetales|0 fnt
|faint|p1a: Ninetales
|-ability|p2a: Gyarados|Moxie|boost
|-boost|p2a: Gyarados|atk|1
|
|-weather|SunnyDay|[upkeep]
|-heal|p2a: Gyarados|82/100|[from] item: Leftovers
|upkeep
|
|t:|1757897366
|switch|p1a: Heatran|Heatran, M|100/100
|-item|p1a: Heatran|Air Balloon
|turn|15
|
|t:|1757897367
|move|p2a: Gyarados|Substitute|p2a: Gyarados
|-start|p2a: Gyarados|Substitute
|-damage|p2a: Gyarados|57/100
|move|p1a: Heatran|Magma Storm|p2a: Gyarados
|-end|p2a: Gyarados|Substitute
|
|-weather|SunnyDay|[upkeep]
|-heal|p2a: Gyarados|63/100|[from] item: Leftovers
|upkeep
|turn|16
|
|t:|1757897370
|move|p2a: Gyarados|Substitute|p2a: Gyarados
|-start|p2a: Gyarados|Substitute
|-damage|p2a: Gyarados|38/100
|move|p1a: Heatran|Magma Storm|p2a: Gyarados
|-end|p2a: Gyarados|Substitute
|
|-weather|SunnyDay|[upkeep]
|-heal|p2a: Gyarados|44/100|[from] item: Leftovers
|upkeep
|turn|17
|
|t:|1757897372
|move|p2a: Gyarados|Substitute|p2a: Gyarados
|-start|p2a: Gyarados|Substitute
|-damage|p2a: Gyarados|20/100
|move|p1a: Heatran|Magma Storm|p2a: Gyarados
|-end|p2a: Gyarados|Substitute
|
|-weather|none
|-heal|p2a: Gyarados|26/100|[from] item: Leftovers
|upkeep
|turn|18
|
|t:|1757897374
|move|p2a: Gyarados|Waterfall|p1a: Heatran
|-supereffective|p1a: Heatran
|-damage|p1a: Heatran|0 fnt
|-enditem|p1a: Heatran|Air Balloon
|faint|p1a: Heatran
|-ability|p2a: Gyarados|Moxie|boost
|-boost|p2a: Gyarados|atk|1
|
|-heal|p2a: Gyarados|32/100|[from] item: Leftovers
|upkeep
|
|t:|1757897377
|switch|p1a: Slither Wing|Slither Wing|84/100
|turn|19
|
|t:|1757897381
|switch|p2a: Articuno|Articuno|79/100
|-ability|p2a: Articuno|Pressure
|move|p1a: Slither Wing|First Impression|p2a: Articuno
|-resisted|p2a: Articuno
|-damage|p2a: Articuno|46/100
|
|upkeep
|turn|20
|
|t:|1757897384
|-end|p1a: Slither Wing|Protosynthesis|[silent]
|switch|p1a: Hatterene|Hatterene, F|12/100
|move|p2a: Articuno|U-turn|p1a: Hatterene
|-damage|p1a: Hatterene|1/100
|
|t:|1757897386
|switch|p2a: Gyarados|Gyarados, M, tera:Flying|32/100|[from] U-turn
|-damage|p2a: Gyarados|7/100|[from] Stealth Rock
|
|-heal|p2a: Gyarados|13/100|[from] item: Leftovers
|upkeep
|turn|21
|
|t:|1757897392
|move|p2a: Gyarados|Tera Blast|p1a: Hatterene|[anim] Tera Blast Flying
|-damage|p1a: Hatterene|0 fnt
|faint|p1a: Hatterene
|-ability|p2a: Gyarados|Moxie|boost
|-boost|p2a: Gyarados|atk|1
|
|-heal|p2a: Gyarados|19/100|[from] item: Leftovers
|upkeep
|
|t:|1757897394
|switch|p1a: Slither Wing|Slither Wing|84/100
|turn|22
|
|t:|1757897415
|move|p2a: Gyarados|Tera Blast|p1a: Slither Wing|[anim] Tera Blast Flying
|-supereffective|p1a: Slither Wing
|-damage|p1a: Slither Wing|0 fnt
|faint|p1a: Slither Wing
|-end|p1a: Slither Wing|Protosynthesis|[silent]
|
|win|mathismathin
|raw|Pig Perfect's rating: 1578 &rarr; <strong>1558</strong><br />(-20 for losing)
|raw|mathismathin's rating: 1585 &rarr; <strong>1605</strong><br />(+20 for winning)
|l|☆Pig Perfect
|player|p1|
|l|☆mathismathin
|player|p2|
