|j|☆zerononame
|j|☆BeachLeak
|t:|1757823052
|gametype|singles
|player|p1|zerononame|chili|1562
|player|p2|BeachLeak|archer|1599
|gen|9
|tier|[Gen 9] OU
|rated|
|rule|HP Percentage Mod: HP is shown in percentages
|rule|Endless Battle Clause: Forcing endless battles is banned
|rule|Species Clause: Limit one of each Pokémon
|rule|OHKO Clause: OHKO moves are banned
|rule|Evasion Items Clause: Evasion items are banned
|rule|Evasion Moves Clause: Evasion moves are banned
|rule|Evasion Abilities Clause: Evasion abilities are banned
|rule|Sleep Moves Clause: Sleep-inducing moves are banned
|clearpoke
|poke|p1|Pikachu, M|
|poke|p1|Araquanid, F|
|poke|p1|Mimikyu, M|
|poke|p1|Moltres|
|poke|p1|Ting-Lu|
|poke|p1|Iron Crown|
|poke|p2|Salamence, M|
|poke|p2|Tyranitar, M|
|poke|p2|Excadrill, F|
|poke|p2|Iron Crown|
|poke|p2|Azumarill, F|
|poke|p2|Zamazenta-*|
|teampreview
|
|t:|1757823060
|teamsize|p1|6
|teamsize|p2|6
|start
|switch|p1a: Iron Crown|Iron Crown|100/100
|switch|p2a: Tyranitar|Tyranitar, M, shiny|100/100
|-weather|Sandstorm|[from] ability: Sand Stream|[of] p2a: Tyranitar
|-enditem|p1a: Iron Crown|Booster Energy
|-activate|p1a: Iron Crown|ability: Quark Drive|[fromitem]
|-start|p1a: Iron Crown|quarkdrivespa
|turn|1
|
|t:|1757823066
|move|p1a: Iron Crown|Focus Blast|p2a: Tyranitar
|-supereffective|p2a: Tyranitar
|-damage|p2a: Tyranitar|0 fnt
|faint|p2a: Tyranitar
|
|-weather|Sandstorm|[upkeep]
|upkeep
|j| qiji1
|
|t:|1757823070
|switch|p2a: Excadrill|Excadrill, F|100/100
|-item|p2a: Excadrill|Air Balloon
|turn|2
|inactive|Battle timer is ON: inactive players will automatically lose when time's up. (requested by BeachLeak)
|
|t:|1757823079
|-end|p1a: Iron Crown|Quark Drive|[silent]
|switch|p1a: Moltres|Moltres|100/100
|move|p2a: Excadrill|Swords Dance|p2a: Excadrill
|-boost|p2a: Excadrill|atk|2
|
|-weather|Sandstorm|[upkeep]
|-damage|p1a: Moltres|94/100|[from] Sandstorm
|upkeep
|turn|3
|
|t:|1757823088
|move|p2a: Excadrill|Iron Head|p1a: Moltres
|-resisted|p1a: Moltres
|-damage|p1a: Moltres|55/100
|cant|p1a: Moltres|flinch
|
|-weather|Sandstorm|[upkeep]
|-damage|p1a: Moltres|49/100|[from] Sandstorm
|upkeep
|turn|4
|
|t:|1757823095
|move|p2a: Excadrill|Iron Head|p1a: Moltres
|-resisted|p1a: Moltres
|-damage|p1a: Moltres|7/100
|move|p1a: Moltres|Roost|p1a: Moltres
|-heal|p1a: Moltres|57/100
|-singleturn|p1a: Moltres|move: Roost
|
|-weather|Sandstorm|[upkeep]
|-damage|p1a: Moltres|51/100|[from] Sandstorm
|upkeep
|turn|5
|
|t:|1757823100
|move|p2a: Excadrill|Swords Dance|p2a: Excadrill
|-boost|p2a: Excadrill|atk|2
|move|p1a: Moltres|Roost|p1a: Moltres
|-heal|p1a: Moltres|100/100
|-singleturn|p1a: Moltres|move: Roost
|
|-weather|none
|upkeep
|turn|6
|
|t:|1757823105
|move|p2a: Excadrill|Iron Head|p1a: Moltres
|-resisted|p1a: Moltres
|-damage|p1a: Moltres|43/100
|-status|p2a: Excadrill|brn|[from] ability: Flame Body|[of] p1a: Moltres
|move|p1a: Moltres|Roar|p2a: Excadrill
|drag|p2a: Sherbet|Salamence, M, shiny|100/100
|-ability|p2a: Sherbet|Intimidate|boost
|-unboost|p1a: Moltres|atk|1
|
|upkeep
|turn|7
|
|t:|1757823114
|move|p2a: Sherbet|Air Slash|p1a: Moltres
|-damage|p1a: Moltres|6/100
|move|p1a: Moltres|Roost|p1a: Moltres
|-heal|p1a: Moltres|56/100
|-singleturn|p1a: Moltres|move: Roost
|
|upkeep
|turn|8
|
|t:|1757823119
|switch|p1a: Ting-Lu|Ting-Lu|100/100
|-ability|p1a: Ting-Lu|Vessel of Ruin
|move|p2a: Sherbet|Air Slash|p1a: Ting-Lu
|-damage|p1a: Ting-Lu|82/100
|
|upkeep
|turn|9
|
|t:|1757823123
|switch|p2a: Zamazenta|Zamazenta|100/100
|-ability|p2a: Zamazenta|Dauntless Shield|boost
|-boost|p2a: Zamazenta|def|1
|move|p1a: Ting-Lu|Rock Tomb|p2a: Zamazenta
|-resisted|p2a: Zamazenta
|-damage|p2a: Zamazenta|95/100
|-unboost|p2a: Zamazenta|spe|1
|
|upkeep
|turn|10
|
|t:|1757823137
|switch|p1a: Iron Crown|Iron Crown|100/100
|move|p2a: Zamazenta|Stone Edge|p1a: Iron Crown
|-resisted|p1a: Iron Crown
|-crit|p1a: Iron Crown
|-damage|p1a: Iron Crown|74/100
|-damage|p2a: Zamazenta|85/100|[from] item: Life Orb
|
|upkeep
|turn|11
|
|t:|1757823145
|switch|p2a: Excadrill|Excadrill, F|100/100 brn
|-item|p2a: Excadrill|Air Balloon
|move|p1a: Iron Crown|Psychic Noise|p2a: Excadrill
|-resisted|p2a: Excadrill
|-damage|p2a: Excadrill|75/100 brn
|-start|p2a: Excadrill|move: Heal Block
|-enditem|p2a: Excadrill|Air Balloon
|
|-damage|p2a: Excadrill|68/100 brn|[from] brn
|upkeep
|turn|12
|
|t:|1757823149
|-end|p1a: Iron Crown|Quark Drive|[silent]
|switch|p1a: Moltres|Moltres|56/100
|move|p2a: Excadrill|Earthquake|p1a: Moltres
|-immune|p1a: Moltres
|
|-damage|p2a: Excadrill|62/100 brn|[from] brn
|-end|p2a: Excadrill|move: Heal Block
|upkeep
|turn|13
|
|t:|1757823152
|switch|p2a: Sherbet|Salamence, M, shiny|100/100
|-ability|p2a: Sherbet|Intimidate|boost
|-unboost|p1a: Moltres|atk|1
|move|p1a: Moltres|Roost|p1a: Moltres
|-heal|p1a: Moltres|100/100
|-singleturn|p1a: Moltres|move: Roost
|
|upkeep
|turn|14
|
|t:|1757823156
|move|p2a: Sherbet|Draco Meteor|p1a: Moltres
|-damage|p1a: Moltres|41/100
|-unboost|p2a: Sherbet|spa|2
|move|p1a: Moltres|U-turn|p2a: Sherbet
|-resisted|p2a: Sherbet
|-damage|p2a: Sherbet|94/100
|
|t:|1757823177
|switch|p1a: Ting-Lu|Ting-Lu|82/100|[from] U-turn
|-ability|p1a: Ting-Lu|Vessel of Ruin
|
|upkeep
|turn|15
|
|t:|1757823180
|switch|p2a: Zamazenta|Zamazenta|85/100
|move|p1a: Ting-Lu|Earthquake|p2a: Zamazenta
|-damage|p2a: Zamazenta|43/100
|
|upkeep
|turn|16
|
|t:|1757823192
|switch|p1a: Mimikyu|Mimikyu, M|100/100
|move|p2a: Zamazenta|Crunch|p1a: Mimikyu
|-activate|p1a: Mimikyu|ability: Disguise
|-damage|p1a: Mimikyu|100/100
|-unboost|p1a: Mimikyu|def|1
|detailschange|p1a: Mimikyu|Mimikyu-Busted, M
|-damage|p1a: Mimikyu|88/100|[from] pokemon: Mimikyu-Busted
|-enditem|p1a: Mimikyu|Red Card|[of] p2a: Zamazenta
|drag|p2a: Iron Crown|Iron Crown|100/100
|
|upkeep
|turn|17
|
|t:|1757823198
|switch|p1a: Ting-Lu|Ting-Lu|82/100
|-ability|p1a: Ting-Lu|Vessel of Ruin
|move|p2a: Iron Crown|Tachyon Cutter|p1a: Ting-Lu
|-damage|p1a: Ting-Lu|72/100
|-damage|p1a: Ting-Lu|63/100
|-hitcount|p1a: Ting-Lu|2
|
|upkeep
|turn|18
|
|t:|1757823206
|-end|p2a: Iron Crown|Quark Drive|[silent]
|switch|p2a: Sherbet|Salamence, M, shiny|94/100
|-ability|p2a: Sherbet|Intimidate|boost
|-unboost|p1a: Ting-Lu|atk|1
|move|p1a: Ting-Lu|Earthquake|p2a: Sherbet
|-immune|p2a: Sherbet
|
|upkeep
|turn|19
|
|t:|1757823212
|move|p2a: Sherbet|Hydro Pump|p1a: Ting-Lu
|-supereffective|p1a: Ting-Lu
|-damage|p1a: Ting-Lu|21/100
|move|p1a: Ting-Lu|Rock Tomb|p2a: Sherbet
|-supereffective|p2a: Sherbet
|-damage|p2a: Sherbet|64/100
|-unboost|p2a: Sherbet|spe|1
|
|upkeep
|turn|20
|
|t:|1757823218
|switch|p1a: Iron Crown|Iron Crown|74/100
|move|p2a: Sherbet|Hydro Pump|p1a: Iron Crown
|-damage|p1a: Iron Crown|32/100
|
|upkeep
|turn|21
|
|t:|1757823224
|switch|p2a: Excadrill|Excadrill, F|62/100 brn
|move|p1a: Iron Crown|Psychic Noise|p2a: Excadrill
|-resisted|p2a: Excadrill
|-damage|p2a: Excadrill|34/100 brn
|-start|p2a: Excadrill|move: Heal Block
|
|-damage|p2a: Excadrill|28/100 brn|[from] brn
|upkeep
|turn|22
|
|t:|1757823233
|switch|p2a: Iron Crown|Iron Crown|100/100
|-end|p1a: Iron Crown|Quark Drive|[silent]
|switch|p1a: Moltres|Moltres|41/100
|
|upkeep
|turn|23
|
|t:|1757823241
|switch|p1a: Araquanid|Araquanid, F|100/100
|move|p2a: Iron Crown|Volt Switch|p1a: Araquanid
|-supereffective|p1a: Araquanid
|-damage|p1a: Araquanid|67/100
|
|t:|1757823246
|-end|p2a: Iron Crown|Quark Drive|[silent]
|switch|p2a: Zamazenta|Zamazenta|43/100|[from] Volt Switch
|
|upkeep
|turn|24
|
|t:|1757823257
|switch|p1a: Ting-Lu|Ting-Lu|21/100
|-ability|p1a: Ting-Lu|Vessel of Ruin
|move|p2a: Zamazenta|Stone Edge|p1a: Ting-Lu|[miss]
|-miss|p2a: Zamazenta|p1a: Ting-Lu
|
|upkeep
|turn|25
|
|t:|1757823264
|switch|p1a: Mimikyu|Mimikyu-Busted, M|88/100
|move|p2a: Zamazenta|Close Combat|p1a: Mimikyu
|-immune|p1a: Mimikyu
|
|upkeep
|turn|26
|
|t:|1757823273
|switch|p2a: Excadrill|Excadrill, F|28/100 brn
|move|p1a: Mimikyu|Trick Room|p1a: Mimikyu
|-fieldstart|move: Trick Room|[of] p1a: Mimikyu
|
|-damage|p2a: Excadrill|21/100 brn|[from] brn
|upkeep
|turn|27
|
|t:|1757823280
|switch|p1a: Moltres|Moltres|41/100
|move|p2a: Excadrill|Iron Head|p1a: Moltres
|-resisted|p1a: Moltres
|-damage|p1a: Moltres|30/100
|
|-damage|p2a: Excadrill|15/100 brn|[from] brn
|upkeep
|turn|28
|
|t:|1757823284
|move|p1a: Moltres|Roost|p1a: Moltres
|-heal|p1a: Moltres|80/100
|-singleturn|p1a: Moltres|move: Roost
|move|p2a: Excadrill|Earthquake|p1a: Moltres
|-supereffective|p1a: Moltres
|-damage|p1a: Moltres|33/100
|
|-damage|p2a: Excadrill|9/100 brn|[from] brn
|upkeep
|turn|29
|
|t:|1757823289
|move|p1a: Moltres|Roost|p1a: Moltres
|-heal|p1a: Moltres|83/100
|-singleturn|p1a: Moltres|move: Roost
|move|p2a: Excadrill|Earthquake|p1a: Moltres
|-supereffective|p1a: Moltres
|-damage|p1a: Moltres|30/100
|
|-damage|p2a: Excadrill|3/100 brn|[from] brn
|upkeep
|turn|30
|
|t:|1757823295
|move|p1a: Moltres|U-turn|p2a: Excadrill
|-resisted|p2a: Excadrill
|-damage|p2a: Excadrill|0 fnt
|faint|p2a: Excadrill
|
|t:|1757823298
|switch|p1a: Ting-Lu|Ting-Lu|21/100|[from] U-turn
|-ability|p1a: Ting-Lu|Vessel of Ruin
|
|-fieldend|move: Trick Room
|upkeep
|
|t:|1757823307
|switch|p2a: Azumarill|Azumarill, F, shiny|100/100
|turn|31
|
|t:|1757823310
|move|p2a: Azumarill|Liquidation|p1a: Ting-Lu
|-supereffective|p1a: Ting-Lu
|-damage|p1a: Ting-Lu|0 fnt
|faint|p1a: Ting-Lu
|
|upkeep
|
|t:|1757823320
|switch|p1a: Pikachu|Pikachu, M|100/100
|turn|32
|
|t:|1757823327
|move|p1a: Pikachu|Volt Tackle|p2a: Azumarill
|-supereffective|p2a: Azumarill
|-damage|p2a: Azumarill|0 fnt
|faint|p2a: Azumarill
|-damage|p1a: Pikachu|44/100|[from] Recoil
|
|upkeep
|
|t:|1757823332
|switch|p2a: Iron Crown|Iron Crown|100/100
|turn|33
|
|t:|1757823351
|switch|p1a: Iron Crown|Iron Crown|32/100
|move|p2a: Iron Crown|Psychic Noise|p1a: Iron Crown
|-resisted|p1a: Iron Crown
|-damage|p1a: Iron Crown|24/100
|-start|p1a: Iron Crown|move: Heal Block
|
|upkeep
|turn|34
|
|t:|1757823362
|move|p2a: Iron Crown|Psychic Noise|p1a: Iron Crown
|-resisted|p1a: Iron Crown
|-damage|p1a: Iron Crown|16/100
|move|p1a: Iron Crown|Agility|p1a: Iron Crown
|-boost|p1a: Iron Crown|spe|2
|
|-end|p1a: Iron Crown|move: Heal Block
|upkeep
|turn|35
|
|t:|1757823370
|move|p2a: Iron Crown|Psychic Noise|p1a: Iron Crown
|-resisted|p1a: Iron Crown
|-damage|p1a: Iron Crown|9/100
|-start|p1a: Iron Crown|move: Heal Block
|move|p1a: Iron Crown|Focus Blast|p2a: Iron Crown
|-damage|p2a: Iron Crown|60/100
|
|upkeep
|turn|36
|
|t:|1757823380
|move|p2a: Iron Crown|Psychic Noise|p1a: Iron Crown
|-resisted|p1a: Iron Crown
|-damage|p1a: Iron Crown|2/100
|move|p1a: Iron Crown|Focus Blast|p2a: Iron Crown|[miss]
|-miss|p1a: Iron Crown|p2a: Iron Crown
|
|-end|p1a: Iron Crown|move: Heal Block
|upkeep
|turn|37
|
|t:|1757823384
|move|p2a: Iron Crown|Psychic Noise|p1a: Iron Crown
|-resisted|p1a: Iron Crown
|-crit|p1a: Iron Crown
|-damage|p1a: Iron Crown|0 fnt
|faint|p1a: Iron Crown
|-end|p1a: Iron Crown|Quark Drive|[silent]
|
|upkeep
|
|t:|1757823394
|switch|p1a: Mimikyu|Mimikyu-Busted, M|88/100
|turn|38
|
|t:|1757823399
|-end|p2a: Iron Crown|Quark Drive|[silent]
|switch|p2a: Sherbet|Salamence, M, shiny|64/100
|-ability|p2a: Sherbet|Intimidate|boost
|-unboost|p1a: Mimikyu|atk|1
|move|p1a: Mimikyu|Trick Room|p1a: Mimikyu
|-fieldstart|move: Trick Room|[of] p1a: Mimikyu
|
|upkeep
|turn|39
|
|t:|1757823404
|switch|p1a: Araquanid|Araquanid, F|67/100
|-terastallize|p2a: Sherbet|Fire
|move|p2a: Sherbet|Air Slash|p1a: Araquanid
|-supereffective|p1a: Araquanid
|-damage|p1a: Araquanid|0 fnt
|faint|p1a: Araquanid
|
|upkeep
|
|t:|1757823409
|switch|p1a: Pikachu|Pikachu, M|44/100
|turn|40
|
|t:|1757823417
|switch|p2a: Zamazenta|Zamazenta|43/100
|move|p1a: Pikachu|Surf|p2a: Zamazenta
|-damage|p2a: Zamazenta|19/100
|
|upkeep
|turn|41
|
|t:|1757823427
|move|p1a: Pikachu|Surf|p2a: Zamazenta
|-damage|p2a: Zamazenta|0 fnt
|faint|p2a: Zamazenta
|
|upkeep
|j| LuLuNaNaRaRa
|
|t:|1757823434
|switch|p2a: Sherbet|Salamence, M, shiny, tera:Fire|64/100
|-ability|p2a: Sherbet|Intimidate|boost
|-unboost|p1a: Pikachu|atk|1
|turn|42
|
|t:|1757823442
|move|p1a: Pikachu|Surf|p2a: Sherbet
|-supereffective|p2a: Sherbet
|-damage|p2a: Sherbet|0 fnt
|faint|p2a: Sherbet
|
|-fieldend|move: Trick Room
|upkeep
|
|t:|1757823444
|switch|p2a: Iron Crown|Iron Crown|60/100
|turn|43
|
|t:|1757823454
|switch|p1a: Moltres|Moltres|30/100
|move|p2a: Iron Crown|Tachyon Cutter|p1a: Moltres
|-resisted|p1a: Moltres
|-damage|p1a: Moltres|22/100
|-resisted|p1a: Moltres
|-damage|p1a: Moltres|13/100
|-hitcount|p1a: Moltres|2
|
|upkeep
|turn|44
|
|t:|1757823462
|move|p2a: Iron Crown|Tachyon Cutter|p1a: Moltres
|-resisted|p1a: Moltres
|-damage|p1a: Moltres|5/100
|-resisted|p1a: Moltres
|-damage|p1a: Moltres|0 fnt
|faint|p1a: Moltres
|-hitcount|p1: Moltres|2
|
|upkeep
|
|t:|1757823464
|switch|p1a: Mimikyu|Mimikyu-Busted, M|88/100
|turn|45
|
|t:|1757823466
|-terastallize|p1a: Mimikyu|Ghost
|move|p2a: Iron Crown|Tachyon Cutter|p1a: Mimikyu
|-crit|p1a: Mimikyu
|-damage|p1a: Mimikyu|59/100
|-damage|p1a: Mimikyu|38/100
|-hitcount|p1a: Mimikyu|2
|move|p1a: Mimikyu|Trick Room|p1a: Mimikyu
|-fieldstart|move: Trick Room|[of] p1a: Mimikyu
|
|upkeep
|turn|46
|
|t:|1757823470
|move|p1a: Mimikyu|Curse|p2a: Iron Crown
|-start|p2a: Iron Crown|Curse|[of] p1a: Mimikyu
|-damage|p1a: Mimikyu|0 fnt
|faint|p1a: Mimikyu
|move|p2a: Iron Crown|Tachyon Cutter|p1: Mimikyu|[notarget]
|-fail|p2a: Iron Crown
|
|-damage|p2a: Iron Crown|35/100|[from] Curse
|upkeep
|
|t:|1757823472
|switch|p1a: Pikachu|Pikachu, M|44/100
|turn|47
|
|t:|1757823473
|move|p1a: Pikachu|Knock Off|p2a: Iron Crown
|-supereffective|p2a: Iron Crown
|-damage|p2a: Iron Crown|0 fnt
|-enditem|p2a: Iron Crown|Choice Scarf|[from] move: Knock Off|[of] p1a: Pikachu
|faint|p2a: Iron Crown
|-end|p2a: Iron Crown|Quark Drive|[silent]
|
|win|zerononame
|raw|zerononame's rating: 1562 &rarr; <strong>1584</strong><br />(+22 for winning)
|raw|BeachLeak's rating: 1599 &rarr; <strong>1577</strong><br />(-22 for losing)
|l|☆BeachLeak
|player|p2|
|l| LuLuNaNaRaRa
|l|☆zerononame
|player|p1|
|l| qiji1
