|j|☆maxbennettkelly
|j|☆slavender
|t:|1757909810
|gametype|singles
|player|p1|maxbennettkelly|2|1228
|player|p2|slavender|101|1208
|gen|9
|tier|[Gen 9] OU
|rated|
|rule|HP Percentage Mod: HP is shown in percentages
|rule|Endless Battle Clause: Forcing endless battles is banned
|rule|Species Clause: Limit one of each Pokémon
|rule|OHKO Clause: OHKO moves are banned
|rule|Evasion Items Clause: Evasion items are banned
|rule|Evasion Moves Clause: Evasion moves are banned
|rule|Evasion Abilities Clause: Evasion abilities are banned
|rule|Sleep Moves Clause: Sleep-inducing moves are banned
|clearpoke
|poke|p1|Great Tusk|
|poke|p1|Gholdengo|
|poke|p1|Dragapult, F|
|poke|p1|Kingambit, M|
|poke|p1|Iron Valiant|
|poke|p1|Corviknight, F|
|poke|p2|Ninetales, M|
|poke|p2|Great Tusk|
|poke|p2|Raging Bolt|
|poke|p2|Zarude-Dada|
|poke|p2|Latios, M|
|poke|p2|Cinderace, F|
|teampreview
|
|t:|1757909822
|teamsize|p1|6
|teamsize|p2|6
|start
|switch|p1a: Great Tusk|Great Tusk, shiny|100/100
|switch|p2a: Revenge Klilr|Zarude-Dada|100/100
|turn|1
|inactive|Battle timer is ON: inactive players will automatically lose when time's up. (requested by slavender)
|
|t:|1757909844
|-end|p1a: Great Tusk|Protosynthesis|[silent]
|switch|p1a: Corviknight|Corviknight, F, shiny|100/100
|-ability|p1a: Corviknight|Pressure
|move|p2a: Revenge Klilr|U-turn|p1a: Corviknight
|-resisted|p1a: Corviknight
|-damage|p1a: Corviknight|97/100
|-damage|p2a: Revenge Klilr|84/100|[from] item: Rocky Helmet|[of] p1a: Corviknight
|
|t:|1757909859
|switch|p2a: Sasuke Uzumaki|Ninetales, M, shiny|100/100|[from] U-turn
|-weather|SunnyDay|[from] ability: Drought|[of] p2a: Sasuke Uzumaki
|
|-weather|SunnyDay|[upkeep]
|upkeep
|turn|2
|
|t:|1757909867
|switch|p1a: Great Tusk|Great Tusk, shiny|100/100
|-activate|p1a: Great Tusk|ability: Protosynthesis
|-start|p1a: Great Tusk|protosynthesisatk
|move|p2a: Sasuke Uzumaki|Overheat|p1a: Great Tusk
|-damage|p1a: Great Tusk|10/100
|-unboost|p2a: Sasuke Uzumaki|spa|2
|
|-weather|SunnyDay|[upkeep]
|upkeep
|turn|3
|inactive|maxbennettkelly has 120 seconds left.
|
|t:|1757909898
|-end|p1a: Great Tusk|Protosynthesis|[silent]
|switch|p1a: Iron Valiant|Iron Valiant, shiny|100/100
|-enditem|p1a: Iron Valiant|Booster Energy
|-activate|p1a: Iron Valiant|ability: Quark Drive|[fromitem]
|-start|p1a: Iron Valiant|quarkdrivespe
|move|p2a: Sasuke Uzumaki|Scorching Sands|p1a: Iron Valiant
|-damage|p1a: Iron Valiant|87/100
|-status|p1a: Iron Valiant|brn
|
|-weather|SunnyDay|[upkeep]
|-damage|p1a: Iron Valiant|80/100 brn|[from] brn
|upkeep
|turn|4
|inactive|maxbennettkelly has 120 seconds left.
|
|t:|1757909927
|switch|p2a: Boob toucher|Latios, M|100/100
|move|p1a: Iron Valiant|Knock Off|p2a: Boob toucher
|-supereffective|p2a: Boob toucher
|-damage|p2a: Boob toucher|61/100
|-enditem|p2a: Boob toucher|Soul Dew|[from] move: Knock Off|[of] p1a: Iron Valiant
|
|-weather|SunnyDay|[upkeep]
|-damage|p1a: Iron Valiant|74/100 brn|[from] brn
|upkeep
|turn|5
|inactive|maxbennettkelly has 120 seconds left.
|
|t:|1757909940
|move|p1a: Iron Valiant|Destiny Bond|p1a: Iron Valiant
|-singlemove|p1a: Iron Valiant|Destiny Bond
|move|p2a: Boob toucher|Luster Purge|p1a: Iron Valiant
|-supereffective|p1a: Iron Valiant
|-damage|p1a: Iron Valiant|0 fnt
|faint|p1a: Iron Valiant
|-activate|p1a: Iron Valiant|move: Destiny Bond
|-end|p1a: Iron Valiant|Quark Drive|[silent]
|faint|p2a: Boob toucher
|
|-weather|SunnyDay|[upkeep]
|upkeep
|inactive|slavender has 120 seconds left.
|inactive|slavender has 90 seconds left.
|
|t:|1757909986
|switch|p1a: Great Tusk|Great Tusk, shiny|10/100
|switch|p2a: Zapbos|Raging Bolt|100/100
|-activate|p1a: Great Tusk|ability: Protosynthesis
|-start|p1a: Great Tusk|protosynthesisatk
|-activate|p2a: Zapbos|ability: Protosynthesis
|-start|p2a: Zapbos|protosynthesisspa
|turn|6
|inactive|slavender has 90 seconds left.
|
|t:|1757910005
|-end|p2a: Zapbos|Protosynthesis|[silent]
|switch|p2a: IceAgeManny|Great Tusk|100/100
|-activate|p2a: IceAgeManny|ability: Protosynthesis
|-start|p2a: IceAgeManny|protosynthesisspe
|move|p1a: Great Tusk|Headlong Rush|p2a: IceAgeManny
|-damage|p2a: IceAgeManny|47/100
|-unboost|p1a: Great Tusk|def|1
|-unboost|p1a: Great Tusk|spd|1
|
|-weather|SunnyDay|[upkeep]
|upkeep
|turn|7
|
|t:|1757910029
|-end|p1a: Great Tusk|Protosynthesis|[silent]
|switch|p1a: Dragapult|Dragapult, F, shiny|100/100
|move|p2a: IceAgeManny|Rapid Spin|p1a: Dragapult
|-immune|p1a: Dragapult
|
|-weather|SunnyDay|[upkeep]
|upkeep
|turn|8
|inactive|slavender has 90 seconds left.
|
|t:|1757910044
|move|p2a: IceAgeManny|Bulk Up|p2a: IceAgeManny
|-boost|p2a: IceAgeManny|atk|1
|-boost|p2a: IceAgeManny|def|1
|move|p1a: Dragapult|Will-O-Wisp|p2a: IceAgeManny
|-status|p2a: IceAgeManny|brn
|
|-weather|none
|-end|p2a: IceAgeManny|Protosynthesis
|-damage|p2a: IceAgeManny|40/100 brn|[from] brn
|upkeep
|-enditem|p2a: IceAgeManny|Booster Energy
|-activate|p2a: IceAgeManny|ability: Protosynthesis|[fromitem]
|-start|p2a: IceAgeManny|protosynthesisatk
|turn|9
|
|t:|1757910056
|-end|p2a: IceAgeManny|Protosynthesis|[silent]
|switch|p2a: Revenge Klilr|Zarude-Dada|84/100
|move|p1a: Dragapult|Hex|p2a: Revenge Klilr
|-resisted|p2a: Revenge Klilr
|-damage|p2a: Revenge Klilr|70/100
|
|upkeep
|turn|10
|
|t:|1757910065
|switch|p1a: Corviknight|Corviknight, F, shiny|97/100
|-ability|p1a: Corviknight|Pressure
|move|p2a: Revenge Klilr|Knock Off|p1a: Corviknight
|-damage|p1a: Corviknight|63/100
|-damage|p2a: Revenge Klilr|53/100|[from] item: Rocky Helmet|[of] p1a: Corviknight
|-enditem|p1a: Corviknight|Rocky Helmet|[from] move: Knock Off|[of] p2a: Revenge Klilr
|
|upkeep
|turn|11
|
|t:|1757910075
|switch|p2a: Zapbos|Raging Bolt|100/100
|move|p1a: Corviknight|Iron Defense|p1a: Corviknight
|-boost|p1a: Corviknight|def|2
|
|upkeep
|turn|12
|
|t:|1757910092
|-terastallize|p1a: Corviknight|Dragon
|move|p2a: Zapbos|Thunderbolt|p1a: Corviknight
|-resisted|p1a: Corviknight
|-damage|p1a: Corviknight|36/100
|move|p1a: Corviknight|Body Press|p2a: Zapbos
|-damage|p2a: Zapbos|55/100
|
|upkeep
|turn|13
|
|t:|1757910112
|switch|p1a: Gholdengo|Gholdengo, shiny|100/100
|move|p2a: Zapbos|Dragon Pulse|p1a: Gholdengo
|-resisted|p1a: Gholdengo
|-damage|p1a: Gholdengo|70/100
|
|upkeep
|turn|14
|inactive|slavender has 120 seconds left.
|
|t:|1757910127
|-end|p2a: Zapbos|Protosynthesis|[silent]
|switch|p2a: Munch McCoochi|Cinderace, F|100/100
|move|p1a: Gholdengo|Psyshock|p2a: Munch McCoochi
|-damage|p2a: Munch McCoochi|62/100
|
|upkeep
|turn|15
|inactive|slavender has 120 seconds left.
|inactive|maxbennettkelly has 90 seconds left.
|
|t:|1757910149
|move|p2a: Munch McCoochi|Pyro Ball|p1a: Gholdengo
|-supereffective|p1a: Gholdengo
|-damage|p1a: Gholdengo|0 fnt
|faint|p1a: Gholdengo
|
|upkeep
|
|t:|1757910154
|switch|p1a: Dragapult|Dragapult, F, shiny|100/100
|turn|16
|inactive|maxbennettkelly has 90 seconds left.
|inactive|slavender has 120 seconds left.
|
|t:|1757910170
|move|p1a: Dragapult|Dragon Darts|p2a: Munch McCoochi
|-damage|p2a: Munch McCoochi|34/100
|-anim|p1a: Dragapult|Dragon Darts|p2a: Munch McCoochi
|-damage|p2a: Munch McCoochi|7/100
|move|p2a: Munch McCoochi|U-turn|p1a: Dragapult
|-start|p2a: Munch McCoochi|typechange|Bug|[from] ability: Libero
|-resisted|p1a: Dragapult
|-damage|p1a: Dragapult|79/100
|
|t:|1757910173
|switch|p2a: Revenge Klilr|Zarude-Dada|53/100|[from] U-turn
|
|upkeep
|turn|17
|
|t:|1757910184
|move|p2a: Revenge Klilr|Knock Off|p1a: Dragapult
|-supereffective|p1a: Dragapult
|-damage|p1a: Dragapult|0 fnt
|-enditem|p1a: Dragapult|Heavy-Duty Boots|[from] move: Knock Off|[of] p2a: Revenge Klilr
|faint|p1a: Dragapult
|
|upkeep
|inactive|maxbennettkelly has 90 seconds left.
|
|t:|1757910200
|switch|p1a: Corviknight|Corviknight, F, shiny, tera:Dragon|36/100
|-ability|p1a: Corviknight|Pressure
|turn|18
|c|☆slavender|max
|inactive|maxbennettkelly has 90 seconds left.
|c|☆slavender|it's way past your bedtime.
|
|t:|1757910210
|switch|p2a: Sasuke Uzumaki|Ninetales, M, shiny|100/100
|-weather|SunnyDay|[from] ability: Drought|[of] p2a: Sasuke Uzumaki
|move|p1a: Corviknight|Body Press|p2a: Sasuke Uzumaki
|-damage|p2a: Sasuke Uzumaki|68/100
|
|-weather|SunnyDay|[upkeep]
|upkeep
|turn|19
|
|t:|1757910219
|move|p2a: Sasuke Uzumaki|Scorching Sands|p1a: Corviknight
|-damage|p1a: Corviknight|22/100
|move|p1a: Corviknight|Roost|p1a: Corviknight
|-heal|p1a: Corviknight|72/100
|
|-weather|SunnyDay|[upkeep]
|upkeep
|turn|20
|
|t:|1757910230
|move|p2a: Sasuke Uzumaki|Encore|p1a: Corviknight
|-start|p1a: Corviknight|Encore
|move|p1a: Corviknight|Roost|p1a: Corviknight
|-heal|p1a: Corviknight|100/100
|
|-weather|SunnyDay|[upkeep]
|upkeep
|turn|21
|
|t:|1757910236
|switch|p2a: Zapbos|Raging Bolt|55/100
|-activate|p2a: Zapbos|ability: Protosynthesis
|-start|p2a: Zapbos|protosynthesisspa
|move|p1a: Corviknight|Roost||[still]
|-fail|p1a: Corviknight|heal
|
|-weather|SunnyDay|[upkeep]
|upkeep
|turn|22
|
|t:|1757910245
|move|p2a: Zapbos|Dragon Pulse|p1a: Corviknight
|-supereffective|p1a: Corviknight
|-damage|p1a: Corviknight|0 fnt
|faint|p1a: Corviknight
|
|-weather|SunnyDay|[upkeep]
|upkeep
|
|t:|1757910250
|switch|p1a: Great Tusk|Great Tusk, shiny|10/100
|-activate|p1a: Great Tusk|ability: Protosynthesis
|-start|p1a: Great Tusk|protosynthesisatk
|turn|23
|
|t:|1757910265
|-end|p2a: Zapbos|Protosynthesis|[silent]
|switch|p2a: IceAgeManny|Great Tusk|40/100 brn
|-activate|p2a: IceAgeManny|ability: Protosynthesis
|-start|p2a: IceAgeManny|protosynthesisspe
|move|p1a: Great Tusk|Ice Spinner|p2a: IceAgeManny
|-supereffective|p2a: IceAgeManny
|-damage|p2a: IceAgeManny|0 fnt
|faint|p2a: IceAgeManny
|-end|p2a: IceAgeManny|Protosynthesis|[silent]
|
|-weather|SunnyDay|[upkeep]
|upkeep
|
|t:|1757910276
|switch|p2a: Munch McCoochi|Cinderace, F|7/100
|turn|24
|
|t:|1757910286
|move|p2a: Munch McCoochi|Pyro Ball|p1a: Great Tusk
|-damage|p1a: Great Tusk|0 fnt
|faint|p1a: Great Tusk
|-end|p1a: Great Tusk|Protosynthesis|[silent]
|
|-weather|SunnyDay|[upkeep]
|upkeep
|
|t:|1757910291
|switch|p1a: Kingambit|Kingambit, M, shiny|100/100
|-activate|p1a: Kingambit|ability: Supreme Overlord
|-start|p1a: Kingambit|fallen5|[silent]
|turn|25
|c|☆slavender|Max.. Bennet.. Kelly!
|
|t:|1757910296
|move|p1a: Kingambit|Sucker Punch|p2a: Munch McCoochi
|-damage|p2a: Munch McCoochi|0 fnt
|faint|p2a: Munch McCoochi
|
|-weather|none
|upkeep
|
|t:|1757910299
|switch|p2a: Revenge Klilr|Zarude-Dada|53/100
|turn|26
|
|t:|1757910308
|-terastallize|p2a: Revenge Klilr|Fighting
|move|p2a: Revenge Klilr|Close Combat|p1a: Kingambit
|-supereffective|p1a: Kingambit
|-damage|p1a: Kingambit|0 fnt
|-unboost|p2a: Revenge Klilr|def|1
|-unboost|p2a: Revenge Klilr|spd|1
|faint|p1a: Kingambit
|-end|p1a: Kingambit|fallen5|[silent]
|
|win|slavender
|raw|maxbennettkelly's rating: 1228 &rarr; <strong>1202</strong><br />(-26 for losing)
|raw|slavender's rating: 1208 &rarr; <strong>1234</strong><br />(+26 for winning)
|l|☆maxbennettkelly
|player|p1|
