|j|☆mansonabuluting
|j|☆Spyro190 testing
|t:|1757873375
|gametype|singles
|player|p1|mansonabuluting|bellelba|1701
|player|p2|Spyro190 testing|bugcatcher-gen4dp|1621
|gen|9
|tier|[Gen 9] OU
|rated|
|rule|HP Percentage Mod: HP is shown in percentages
|rule|Endless Battle Clause: Forcing endless battles is banned
|rule|Species Clause: Limit one of each Pokémon
|rule|OHKO Clause: OHKO moves are banned
|rule|Evasion Items Clause: Evasion items are banned
|rule|Evasion Moves Clause: Evasion moves are banned
|rule|Evasion Abilities Clause: Evasion abilities are banned
|rule|Sleep Moves Clause: Sleep-inducing moves are banned
|clearpoke
|poke|p1|Rillaboom, F|
|poke|p1|Hawlucha, M|
|poke|p1|Thundurus-Therian, M|
|poke|p1|Great Tusk|
|poke|p1|Volcanion|
|poke|p1|Goodra-Hisui, F|
|poke|p2|Enamorus, F|
|poke|p2|Slowking-Galar, M|
|poke|p2|Cinderace, M|
|poke|p2|Alomomola, F|
|poke|p2|Lokix, F|
|poke|p2|Great Tusk|
|teampreview
|inactive|Battle timer is ON: inactive players will automatically lose when time's up. (requested by mansonabuluting)
|
|t:|1757873388
|teamsize|p1|6
|teamsize|p2|6
|start
|switch|p1a: Thundurus|Thundurus-Therian, M|100/100
|switch|p2a: Slowking|Slowking-Galar, M|100/100
|turn|1
|
|t:|1757873398
|move|p1a: Thundurus|Volt Switch|p2a: Slowking
|-damage|p2a: Slowking|66/100
|
|t:|1757873401
|switch|p1a: Rillaboom|Rillaboom, F|100/100|[from] Volt Switch
|-fieldstart|move: Grassy Terrain|[from] ability: Grassy Surge|[of] p1a: Rillaboom
|move|p2a: Slowking|Sludge Bomb|p1a: Rillaboom
|-supereffective|p1a: Rillaboom
|-damage|p1a: Rillaboom|19/100
|
|-heal|p1a: Rillaboom|25/100|[from] Grassy Terrain
|-heal|p2a: Slowking|72/100|[from] Grassy Terrain
|upkeep
|turn|2
|
|t:|1757873407
|switch|p2a: Alomomola|Alomomola, F|100/100
|move|p1a: Rillaboom|Knock Off|p2a: Alomomola
|-damage|p2a: Alomomola|60/100
|-enditem|p2a: Alomomola|Assault Vest|[from] move: Knock Off|[of] p1a: Rillaboom
|
|-heal|p1a: Rillaboom|31/100|[from] Grassy Terrain
|-heal|p2a: Alomomola|66/100|[from] Grassy Terrain
|upkeep
|turn|3
|
|t:|1757873414
|switch|p1a: Thundurus|Thundurus-Therian, M|100/100
|move|p2a: Alomomola|Flip Turn|p1a: Thundurus
|-damage|p1a: Thundurus|75/100
|
|t:|1757873420
|switch|p2a: Slowking|Slowking-Galar, M|100/100|[from] Flip Turn
|
|upkeep
|turn|4
|
|t:|1757873427
|move|p1a: Thundurus|Volt Switch|p2a: Slowking
|-damage|p2a: Slowking|62/100
|
|t:|1757873431
|switch|p1a: Volcanion|Volcanion|100/100|[from] Volt Switch
|-prepare|p2a: Slowking|Chilly Reception|[premajor]
|move|p2a: Slowking|Chilly Reception|p2a: Slowking
|-weather|Snowscape
|
|t:|1757873438
|switch|p2a: Alomomola|Alomomola, F|99/100|[from] Chilly Reception
|
|-weather|Snowscape|[upkeep]
|-heal|p2a: Alomomola|100/100|[from] Grassy Terrain
|upkeep
|turn|5
|
|t:|1757873450
|switch|p1a: Goodra|Goodra-Hisui, F|100/100
|move|p2a: Alomomola|Body Slam|p1a: Goodra
|-resisted|p1a: Goodra
|-damage|p1a: Goodra|93/100
|-ability|p1a: Goodra|Gooey
|-unboost|p2a: Alomomola|spe|1
|
|-weather|Snowscape|[upkeep]
|-heal|p1a: Goodra|99/100|[from] Grassy Terrain
|-fieldend|move: Grassy Terrain
|upkeep
|turn|6
|
|t:|1757873454
|move|p1a: Goodra|Draco Meteor|p2a: Alomomola
|-damage|p2a: Alomomola|55/100
|-unboost|p1a: Goodra|spa|2
|move|p2a: Alomomola|Flip Turn|p1a: Goodra
|-resisted|p1a: Goodra
|-damage|p1a: Goodra|91/100
|-ability|p1a: Goodra|Gooey
|-unboost|p2a: Alomomola|spe|1
|
|t:|1757873460
|switch|p2a: Great Tusk|Great Tusk|100/100|[from] Flip Turn
|
|-weather|Snowscape|[upkeep]
|upkeep
|turn|7
|
|t:|1757873465
|switch|p1a: Thundurus|Thundurus-Therian, M|75/100
|move|p2a: Great Tusk|Knock Off|p1a: Thundurus
|-damage|p1a: Thundurus|30/100
|-enditem|p1a: Thundurus|Choice Scarf|[from] move: Knock Off|[of] p2a: Great Tusk
|
|-weather|Snowscape|[upkeep]
|upkeep
|turn|8
|
|t:|1757873469
|-end|p2a: Great Tusk|Protosynthesis|[silent]
|switch|p2a: Slowking|Slowking-Galar, M|96/100
|move|p1a: Thundurus|Grass Knot|p2a: Slowking
|-resisted|p2a: Slowking
|-damage|p2a: Slowking|81/100
|
|-weather|none
|upkeep
|turn|9
|
|t:|1757873475
|move|p1a: Thundurus|Volt Switch|p2a: Slowking
|-damage|p2a: Slowking|43/100
|
|t:|1757873480
|switch|p1a: Goodra|Goodra-Hisui, F|91/100|[from] Volt Switch
|-prepare|p2a: Slowking|Chilly Reception|[premajor]
|move|p2a: Slowking|Chilly Reception|p2a: Slowking
|-weather|Snowscape
|
|t:|1757873490
|switch|p2a: Alomomola|Alomomola, F|89/100|[from] Chilly Reception
|
|-weather|Snowscape|[upkeep]
|upkeep
|turn|10
|j| lanarey
|
|t:|1757873494
|move|p1a: Goodra|Draco Meteor|p2a: Alomomola
|-damage|p2a: Alomomola|44/100
|-unboost|p1a: Goodra|spa|2
|move|p2a: Alomomola|Body Slam|p1a: Goodra
|-resisted|p1a: Goodra
|-damage|p1a: Goodra|84/100
|-status|p1a: Goodra|par
|-ability|p1a: Goodra|Gooey
|-unboost|p2a: Alomomola|spe|1
|
|-weather|Snowscape|[upkeep]
|upkeep
|turn|11
|j| nesnot
|
|t:|1757873504
|switch|p2a: Slowking|Slowking-Galar, M|76/100
|switch|p1a: Volcanion|Volcanion|100/100
|
|-weather|Snowscape|[upkeep]
|upkeep
|turn|12
|
|t:|1757873512
|switch|p2a: Alomomola|Alomomola, F|77/100
|move|p1a: Volcanion|Steam Eruption|p2a: Alomomola
|-resisted|p2a: Alomomola
|-damage|p2a: Alomomola|43/100
|
|-weather|Snowscape|[upkeep]
|upkeep
|turn|13
|
|t:|1757873524
|switch|p1a: Goodra|Goodra-Hisui, F|84/100 par
|move|p2a: Alomomola|Mirror Coat||[still]
|-fail|p2a: Alomomola
|
|-weather|none
|upkeep
|turn|14
|
|t:|1757873527
|switch|p2a: Slowking|Slowking-Galar, M|100/100
|cant|p1a: Goodra|par
|
|upkeep
|turn|15
|
|t:|1757873533
|switch|p2a: Alomomola|Alomomola, F|76/100
|move|p1a: Goodra|Flash Cannon|p2a: Alomomola
|-resisted|p2a: Alomomola
|-damage|p2a: Alomomola|62/100
|
|upkeep
|turn|16
|
|t:|1757873541
|switch|p2a: Slowking|Slowking-Galar, M|100/100
|move|p1a: Goodra|Draco Meteor|p2a: Slowking
|-damage|p2a: Slowking|43/100
|-unboost|p1a: Goodra|spa|2
|
|upkeep
|turn|17
|inactive|mansonabuluting has 120 seconds left.
|
|t:|1757873583
|switch|p1a: Volcanion|Volcanion|100/100
|-prepare|p2a: Slowking|Chilly Reception|[premajor]
|move|p2a: Slowking|Chilly Reception|p2a: Slowking
|-weather|Snowscape
|
|t:|1757873589
|switch|p2a: Alomomola|Alomomola, F|96/100|[from] Chilly Reception
|
|-weather|Snowscape|[upkeep]
|upkeep
|turn|18
|inactive|mansonabuluting has 120 seconds left.
|
|t:|1757873606
|switch|p1a: Goodra|Goodra-Hisui, F|84/100 par
|move|p2a: Alomomola|Body Slam|p1a: Goodra
|-resisted|p1a: Goodra
|-damage|p1a: Goodra|76/100 par
|-ability|p1a: Goodra|Gooey
|-unboost|p2a: Alomomola|spe|1
|
|-weather|Snowscape|[upkeep]
|upkeep
|turn|19
|
|t:|1757873611
|move|p2a: Alomomola|Flip Turn|p1a: Goodra
|-resisted|p1a: Goodra
|-damage|p1a: Goodra|69/100 par
|-ability|p1a: Goodra|Gooey
|-unboost|p2a: Alomomola|spe|1
|
|t:|1757873616
|switch|p2a: Slowking|Slowking-Galar, M|76/100|[from] Flip Turn
|move|p1a: Goodra|Draco Meteor|p2a: Slowking
|-damage|p2a: Slowking|19/100
|-unboost|p1a: Goodra|spa|2
|
|-weather|Snowscape|[upkeep]
|upkeep
|turn|20
|inactive|mansonabuluting has 120 seconds left.
|
|t:|1757873637
|switch|p2a: Alomomola|Alomomola, F|100/100
|move|p1a: Goodra|Draco Meteor|p2a: Alomomola
|-damage|p2a: Alomomola|77/100
|-unboost|p1a: Goodra|spa|2
|
|-weather|Snowscape|[upkeep]
|upkeep
|turn|21
|inactive|mansonabuluting has 120 seconds left.
|
|t:|1757873643
|switch|p2a: Slowking|Slowking-Galar, M|52/100
|switch|p1a: Great Tusk|Great Tusk|100/100
|
|-weather|none
|upkeep
|turn|22
|inactive|mansonabuluting has 120 seconds left.
|j| Jey2
|l| nesnot
|inactive|mansonabuluting has 90 seconds left.
|
|t:|1757873685
|switch|p2a: Alomomola|Alomomola, F|100/100
|move|p1a: Great Tusk|Headlong Rush|p2a: Alomomola
|-damage|p2a: Alomomola|58/100
|-unboost|p1a: Great Tusk|def|1
|-unboost|p1a: Great Tusk|spd|1
|
|upkeep
|turn|23
|
|t:|1757873693
|-end|p1a: Great Tusk|Protosynthesis|[silent]
|switch|p1a: Rillaboom|Rillaboom, F|31/100
|-fieldstart|move: Grassy Terrain|[from] ability: Grassy Surge|[of] p1a: Rillaboom
|move|p2a: Alomomola|Flip Turn|p1a: Rillaboom
|-resisted|p1a: Rillaboom
|-damage|p1a: Rillaboom|23/100
|
|t:|1757873696
|switch|p2a: Lokix|Lokix, F|100/100|[from] Flip Turn
|
|-heal|p1a: Rillaboom|29/100|[from] Grassy Terrain
|upkeep
|turn|24
|inactive|mansonabuluting has 90 seconds left.
|
|t:|1757873743
|move|p1a: Rillaboom|Grassy Glide|p2a: Lokix
|-resisted|p2a: Lokix
|-damage|p2a: Lokix|60/100
|move|p2a: Lokix|U-turn|p1a: Rillaboom
|-supereffective|p1a: Rillaboom
|-damage|p1a: Rillaboom|0 fnt
|faint|p1a: Rillaboom
|
|t:|1757873750
|switch|p2a: Alomomola|Alomomola, F|91/100|[from] U-turn
|
|-heal|p2a: Alomomola|97/100|[from] Grassy Terrain
|upkeep
|
|t:|1757873755
|switch|p1a: Thundurus|Thundurus-Therian, M|30/100
|turn|25
|
|t:|1757873765
|move|p1a: Thundurus|Volt Switch|p2a: Alomomola
|-supereffective|p2a: Alomomola
|-damage|p2a: Alomomola|31/100
|
|t:|1757873776
|switch|p1a: Goodra|Goodra-Hisui, F|69/100 par|[from] Volt Switch
|move|p2a: Alomomola|Flip Turn|p1a: Goodra
|-resisted|p1a: Goodra
|-damage|p1a: Goodra|62/100 par
|-ability|p1a: Goodra|Gooey
|-unboost|p2a: Alomomola|spe|1
|
|t:|1757873781
|switch|p2a: Lokix|Lokix, F|60/100|[from] Flip Turn
|
|-heal|p2a: Lokix|66/100|[from] Grassy Terrain
|-heal|p1a: Goodra|68/100 par|[from] Grassy Terrain
|upkeep
|turn|26
|
|t:|1757873784
|move|p2a: Lokix|U-turn|p1a: Goodra
|-resisted|p1a: Goodra
|-damage|p1a: Goodra|21/100 par
|-ability|p1a: Goodra|Gooey
|-unboost|p2a: Lokix|spe|1
|
|t:|1757873790
|switch|p2a: Slowking|Slowking-Galar, M|86/100|[from] U-turn
|move|p1a: Goodra|Flamethrower|p2a: Slowking
|-damage|p2a: Slowking|60/100
|
|-heal|p1a: Goodra|27/100 par|[from] Grassy Terrain
|-heal|p2a: Slowking|66/100|[from] Grassy Terrain
|upkeep
|turn|27
|
|t:|1757873796
|switch|p1a: Hawlucha|Hawlucha, M|100/100
|-enditem|p1a: Hawlucha|Grassy Seed
|-boost|p1a: Hawlucha|def|1|[from] item: Grassy Seed
|switch|p2a: Alomomola|Alomomola, F|64/100
|
|-heal|p2a: Alomomola|70/100|[from] Grassy Terrain
|-fieldend|move: Grassy Terrain
|upkeep
|turn|28
|
|t:|1757873806
|move|p1a: Hawlucha|Substitute|p1a: Hawlucha
|-start|p1a: Hawlucha|Substitute
|-damage|p1a: Hawlucha|76/100
|move|p2a: Alomomola|Body Slam|p1a: Hawlucha
|-activate|p1a: Hawlucha|move: Substitute|[damage]
|
|upkeep
|turn|29
|
|t:|1757873809
|move|p1a: Hawlucha|Swords Dance|p1a: Hawlucha
|-boost|p1a: Hawlucha|atk|2
|move|p2a: Alomomola|Flip Turn|p1a: Hawlucha
|-end|p1a: Hawlucha|Substitute
|
|t:|1757873824
|switch|p2a: Slowking|Slowking-Galar, M|99/100|[from] Flip Turn
|
|upkeep
|turn|30
|
|t:|1757873828
|move|p1a: Hawlucha|Acrobatics|p2a: Slowking
|-damage|p2a: Slowking|23/100
|move|p2a: Slowking|Ice Beam|p1a: Hawlucha
|-supereffective|p1a: Hawlucha
|-crit|p1a: Hawlucha
|-damage|p1a: Hawlucha|0 fnt
|faint|p1a: Hawlucha
|
|upkeep
|
|t:|1757873835
|switch|p1a: Volcanion|Volcanion|100/100
|turn|31
|
|t:|1757873838
|switch|p2a: Alomomola|Alomomola, F|100/100
|move|p1a: Volcanion|Steam Eruption|p2a: Alomomola
|-resisted|p2a: Alomomola
|-damage|p2a: Alomomola|65/100
|-status|p2a: Alomomola|brn
|
|-damage|p2a: Alomomola|59/100 brn|[from] brn
|upkeep
|turn|32
|
|t:|1757873846
|switch|p1a: Thundurus|Thundurus-Therian, M|30/100
|move|p2a: Alomomola|Body Slam|p1a: Thundurus
|-damage|p1a: Thundurus|18/100
|
|-damage|p2a: Alomomola|53/100 brn|[from] brn
|upkeep
|turn|33
|
|t:|1757873849
|switch|p2a: Great Tusk|Great Tusk|100/100
|move|p1a: Thundurus|Volt Switch|p2a: Great Tusk
|-immune|p2a: Great Tusk
|
|upkeep
|turn|34
|
|t:|1757873855
|-end|p2a: Great Tusk|Protosynthesis|[silent]
|switch|p2a: Slowking|Slowking-Galar, M|57/100
|move|p1a: Thundurus|Grass Knot|p2a: Slowking
|-resisted|p2a: Slowking
|-damage|p2a: Slowking|44/100
|
|upkeep
|turn|35
|
|t:|1757873863
|move|p1a: Thundurus|Volt Switch|p2a: Slowking
|-damage|p2a: Slowking|12/100
|
|t:|1757873866
|switch|p1a: Goodra|Goodra-Hisui, F|27/100 par|[from] Volt Switch
|-prepare|p2a: Slowking|Chilly Reception|[premajor]
|move|p2a: Slowking|Chilly Reception|p2a: Slowking
|-weather|Snowscape
|
|t:|1757873869
|switch|p2a: Lokix|Lokix, F|66/100|[from] Chilly Reception
|
|-weather|Snowscape|[upkeep]
|upkeep
|turn|36
|
|t:|1757873871
|move|p2a: Lokix|U-turn|p1a: Goodra
|-resisted|p1a: Goodra
|-crit|p1a: Goodra
|-damage|p1a: Goodra|0 fnt
|-ability|p1a: Goodra|Gooey
|-unboost|p2a: Lokix|spe|1
|faint|p1a: Goodra
|
|t:|1757873874
|switch|p2a: Slowking|Slowking-Galar, M|45/100|[from] U-turn
|
|-weather|Snowscape|[upkeep]
|upkeep
|
|t:|1757873879
|switch|p1a: Great Tusk|Great Tusk|100/100
|turn|37
|
|t:|1757873886
|switch|p2a: Enamorus|Enamorus, F|100/100
|move|p1a: Great Tusk|Stealth Rock|p2a: Enamorus
|-sidestart|p2: Spyro190 testing|move: Stealth Rock
|
|-weather|Snowscape|[upkeep]
|upkeep
|turn|38
|
|t:|1757873891
|-end|p1a: Great Tusk|Protosynthesis|[silent]
|switch|p1a: Thundurus|Thundurus-Therian, M|18/100
|move|p2a: Enamorus|Moonblast|p1a: Thundurus
|-damage|p1a: Thundurus|0 fnt
|faint|p1a: Thundurus
|
|-weather|Snowscape|[upkeep]
|upkeep
|
|t:|1757873894
|switch|p1a: Volcanion|Volcanion|100/100
|turn|39
|
|t:|1757873898
|switch|p2a: Alomomola|Alomomola, F|86/100 brn
|-damage|p2a: Alomomola|74/100 brn|[from] Stealth Rock
|move|p1a: Volcanion|Steam Eruption|p2a: Alomomola
|-resisted|p2a: Alomomola
|-damage|p2a: Alomomola|37/100 brn
|
|-weather|none
|-damage|p2a: Alomomola|31/100 brn|[from] brn
|upkeep
|turn|40
|
|t:|1757873907
|switch|p2a: Slowking|Slowking-Galar, M|78/100
|-damage|p2a: Slowking|66/100|[from] Stealth Rock
|move|p1a: Volcanion|Steam Eruption|p2a: Slowking
|-damage|p2a: Slowking|0 fnt
|faint|p2a: Slowking
|
|upkeep
|
|t:|1757873915
|switch|p2a: Alomomola|Alomomola, F|64/100 brn
|-damage|p2a: Alomomola|52/100 brn|[from] Stealth Rock
|turn|41
|
|t:|1757873919
|switch|p1a: Great Tusk|Great Tusk|100/100
|move|p2a: Alomomola|Mirror Coat||[still]
|-fail|p2a: Alomomola
|
|-damage|p2a: Alomomola|46/100 brn|[from] brn
|upkeep
|turn|42
|
|t:|1757873932
|switch|p2a: Cinderace|Cinderace, M|100/100
|move|p1a: Great Tusk|Rapid Spin|p2a: Cinderace
|-damage|p2a: Cinderace|84/100
|-boost|p1a: Great Tusk|spe|1
|
|upkeep
|turn|43
|
|t:|1757873943
|move|p2a: Cinderace|Will-O-Wisp|p1a: Great Tusk
|-status|p1a: Great Tusk|brn
|move|p1a: Great Tusk|Rapid Spin|p2a: Cinderace
|-damage|p2a: Cinderace|76/100
|-boost|p1a: Great Tusk|spe|1
|
|-damage|p1a: Great Tusk|94/100 brn|[from] brn
|upkeep
|turn|44
|
|t:|1757873951
|move|p1a: Great Tusk|Rapid Spin|p2a: Cinderace
|-damage|p2a: Cinderace|67/100
|-boost|p1a: Great Tusk|spe|1
|move|p2a: Cinderace|U-turn|p1a: Great Tusk
|-resisted|p1a: Great Tusk
|-damage|p1a: Great Tusk|90/100 brn
|-damage|p2a: Cinderace|50/100|[from] item: Rocky Helmet|[of] p1a: Great Tusk
|
|t:|1757873954
|switch|p2a: Alomomola|Alomomola, F|79/100 brn|[from] U-turn
|-damage|p2a: Alomomola|67/100 brn|[from] Stealth Rock
|
|-damage|p1a: Great Tusk|83/100 brn|[from] brn
|-damage|p2a: Alomomola|61/100 brn|[from] brn
|upkeep
|turn|45
|
|t:|1757873958
|switch|p2a: Cinderace|Cinderace, M|50/100
|-terastallize|p1a: Great Tusk|Ground
|move|p1a: Great Tusk|Headlong Rush|p2a: Cinderace
|-supereffective|p2a: Cinderace
|-damage|p2a: Cinderace|0 fnt
|-unboost|p1a: Great Tusk|def|1
|-unboost|p1a: Great Tusk|spd|1
|faint|p2a: Cinderace
|
|-damage|p1a: Great Tusk|77/100 brn|[from] brn
|upkeep
|
|t:|1757873967
|switch|p2a: Lokix|Lokix, F|66/100
|-damage|p2a: Lokix|41/100|[from] Stealth Rock
|turn|46
|
|t:|1757873971
|-terastallize|p2a: Lokix|Bug
|move|p2a: Lokix|First Impression|p1a: Great Tusk
|-damage|p1a: Great Tusk|20/100 brn
|-damage|p2a: Lokix|25/100|[from] item: Rocky Helmet|[of] p1a: Great Tusk
|move|p1a: Great Tusk|Headlong Rush|p2a: Lokix
|-resisted|p2a: Lokix
|-damage|p2a: Lokix|2/100
|-unboost|p1a: Great Tusk|def|1
|-unboost|p1a: Great Tusk|spd|1
|
|-damage|p1a: Great Tusk|14/100 brn|[from] brn
|upkeep
|turn|47
|
|t:|1757873979
|switch|p2a: Great Tusk|Great Tusk|100/100
|-damage|p2a: Great Tusk|98/100|[from] Stealth Rock
|move|p1a: Great Tusk|Ice Spinner|p2a: Great Tusk
|-supereffective|p2a: Great Tusk
|-damage|p2a: Great Tusk|86/100
|
|-heal|p2a: Great Tusk|92/100|[from] item: Leftovers
|-damage|p1a: Great Tusk|8/100 brn|[from] brn
|upkeep
|turn|48
|
|t:|1757873986
|move|p1a: Great Tusk|Ice Spinner|p2a: Great Tusk
|-supereffective|p2a: Great Tusk
|-damage|p2a: Great Tusk|79/100
|move|p2a: Great Tusk|Rapid Spin|p1a: Great Tusk
|-damage|p1a: Great Tusk|0 fnt
|-boost|p2a: Great Tusk|spe|1
|-damage|p2a: Great Tusk|62/100|[from] item: Rocky Helmet|[of] p1a: Great Tusk
|-sideend|p2: Spyro190 testing|Stealth Rock|[from] move: Rapid Spin|[of] p2a: Great Tusk
|faint|p1a: Great Tusk
|-end|p1a: Great Tusk|Protosynthesis|[silent]
|
|-heal|p2a: Great Tusk|69/100|[from] item: Leftovers
|upkeep
|
|t:|1757873987
|switch|p1a: Volcanion|Volcanion|100/100
|turn|49
|
|t:|1757873991
|move|p2a: Great Tusk|Earthquake|p1a: Volcanion
|-supereffective|p1a: Volcanion
|-damage|p1a: Volcanion|31/100
|move|p1a: Volcanion|Steam Eruption|p2a: Great Tusk
|-supereffective|p2a: Great Tusk
|-damage|p2a: Great Tusk|0 fnt
|faint|p2a: Great Tusk
|-end|p2a: Great Tusk|Protosynthesis|[silent]
|
|upkeep
|
|t:|1757873998
|switch|p2a: Enamorus|Enamorus, F|100/100
|turn|50
|
|t:|1757874002
|move|p2a: Enamorus|Earth Power|p1a: Volcanion
|-supereffective|p1a: Volcanion
|-damage|p1a: Volcanion|0 fnt
|faint|p1a: Volcanion
|
|win|Spyro190 testing
|raw|mansonabuluting's rating: 1701 &rarr; <strong>1676</strong><br />(-25 for losing)
|raw|Spyro190 testing's rating: 1621 &rarr; <strong>1646</strong><br />(+25 for winning)
