|j|☆pour125
|j|☆suaiaj
|t:|1757911882
|gametype|singles
|player|p1|pour125|fisherman-gen4|1195
|player|p2|suaiaj|steven|1197
|gen|9
|tier|[Gen 9] OU
|rated|
|rule|HP Percentage Mod: HP is shown in percentages
|rule|Endless Battle Clause: Forcing endless battles is banned
|rule|Species Clause: Limit one of each Pokémon
|rule|OHKO Clause: OHKO moves are banned
|rule|Evasion Items Clause: Evasion items are banned
|rule|Evasion Moves Clause: Evasion moves are banned
|rule|Evasion Abilities Clause: Evasion abilities are banned
|rule|Sleep Moves Clause: Sleep-inducing moves are banned
|clearpoke
|poke|p1|Gholdengo|
|poke|p1|Pecharunt|
|poke|p1|Kingambit, F|
|poke|p1|Gliscor, M|
|poke|p1|Ogerpon-Wellspring, F|
|poke|p1|Clefable, M|
|poke|p2|Gallade, M|
|poke|p2|Raging Bolt|
|poke|p2|Garchomp, M|
|poke|p2|Gholdengo|
|poke|p2|Iron Jugulis|
|poke|p2|Corviknight, M|
|teampreview
|inactive|Battle timer is ON: inactive players will automatically lose when time's up. (requested by pour125)
|
|t:|1757911899
|teamsize|p1|6
|teamsize|p2|6
|start
|switch|p1a: Ogerpon|Ogerpon-Wellspring, F|100/100
|switch|p2a: Iron Jugulis|Iron Jugulis|100/100
|-enditem|p2a: Iron Jugulis|Booster Energy
|-activate|p2a: Iron Jugulis|ability: Quark Drive|[fromitem]
|-start|p2a: Iron Jugulis|quarkdrivespa
|turn|1
|
|t:|1757911913
|move|p1a: Ogerpon|Ivy Cudgel|p2a: Iron Jugulis|[anim] Ivy Cudgel Water
|-damage|p2a: Iron Jugulis|35/100
|move|p2a: Iron Jugulis|Acrobatics|p1a: Ogerpon
|-supereffective|p1a: Ogerpon
|-damage|p1a: Ogerpon|0 fnt
|faint|p1a: Ogerpon
|
|upkeep
|
|t:|1757911931
|switch|p1a: Gholdengo|Gholdengo|100/100
|turn|2
|
|t:|1757911936
|move|p1a: Gholdengo|Make It Rain|p2a: Iron Jugulis
|-damage|p2a: Iron Jugulis|0 fnt
|-unboost|p1a: Gholdengo|spa|1
|faint|p2a: Iron Jugulis
|-end|p2a: Iron Jugulis|Quark Drive|[silent]
|
|upkeep
|
|t:|1757911946
|switch|p2a: Gallade|Gallade, M|100/100
|turn|3
|
|t:|1757911951
|switch|p1a: Pecharunt|Pecharunt|100/100
|move|p2a: Gallade|Knock Off|p1a: Pecharunt
|-supereffective|p1a: Pecharunt
|-damage|p1a: Pecharunt|55/100
|-enditem|p1a: Pecharunt|Leftovers|[from] move: Knock Off|[of] p2a: Gallade
|
|upkeep
|turn|4
|
|t:|1757911967
|switch|p2a: Raging Bolt|Raging Bolt|100/100
|-enditem|p2a: Raging Bolt|Booster Energy
|-activate|p2a: Raging Bolt|ability: Protosynthesis|[fromitem]
|-start|p2a: Raging Bolt|protosynthesisspa
|move|p1a: Pecharunt|Malignant Chain|p2a: Raging Bolt
|-damage|p2a: Raging Bolt|55/100
|-status|p2a: Raging Bolt|tox
|-start|p2a: Raging Bolt|confusion|[from] ability: Poison Puppeteer|[of] p1a: Pecharunt
|
|-damage|p2a: Raging Bolt|48/100 tox|[from] psn
|upkeep
|turn|5
|
|t:|1757911981
|move|p1a: Pecharunt|Hex|p2a: Raging Bolt
|-damage|p2a: Raging Bolt|0 fnt
|faint|p2a: Raging Bolt
|-end|p2a: Raging Bolt|Protosynthesis|[silent]
|
|upkeep
|
|t:|1757911993
|switch|p2a: Garchomp|Garchomp, M|100/100
|turn|6
|
|t:|1757911997
|move|p2a: Garchomp|Earthquake|p1a: Pecharunt
|-supereffective|p1a: Pecharunt
|-damage|p1a: Pecharunt|0 fnt
|faint|p1a: Pecharunt
|-damage|p2a: Garchomp|91/100|[from] item: Life Orb
|
|upkeep
|
|t:|1757912001
|switch|p1a: Gliscor|Gliscor, M|100/100
|turn|7
|
|t:|1757912017
|move|p2a: Garchomp|Flamethrower|p1a: Gliscor
|-damage|p1a: Gliscor|82/100
|-damage|p2a: Garchomp|81/100|[from] item: Life Orb
|move|p1a: Gliscor|Knock Off|p2a: Garchomp
|-damage|p2a: Garchomp|61/100
|-damage|p1a: Gliscor|69/100|[from] ability: Rough Skin|[of] p2a: Garchomp
|-enditem|p2a: Garchomp|Life Orb|[from] move: Knock Off|[of] p1a: Gliscor
|
|-status|p1a: Gliscor|tox|[from] item: Toxic Orb
|upkeep
|turn|8
|
|t:|1757912029
|move|p2a: Garchomp|Draco Meteor|p1a: Gliscor
|-damage|p1a: Gliscor|39/100 tox
|-unboost|p2a: Garchomp|spa|2
|move|p1a: Gliscor|Swords Dance|p1a: Gliscor
|-boost|p1a: Gliscor|atk|2
|
|-heal|p1a: Gliscor|51/100 tox|[from] ability: Poison Heal
|upkeep
|turn|9
|
|t:|1757912040
|switch|p2a: Gholdengo|Gholdengo|100/100
|-item|p2a: Gholdengo|Air Balloon
|move|p1a: Gliscor|Swords Dance|p1a: Gliscor
|-boost|p1a: Gliscor|atk|2
|
|-heal|p1a: Gliscor|64/100 tox|[from] ability: Poison Heal
|upkeep
|turn|10
|
|t:|1757912051
|move|p1a: Gliscor|Knock Off|p2a: Gholdengo
|-supereffective|p2a: Gholdengo
|-damage|p2a: Gholdengo|0 fnt
|-enditem|p2a: Gholdengo|Air Balloon
|faint|p2a: Gholdengo
|
|-heal|p1a: Gliscor|76/100 tox|[from] ability: Poison Heal
|upkeep
|-message|suaiaj forfeited.
|
|win|pour125
|raw|pour125's rating: 1195 &rarr; <strong>1220</strong><br />(+25 for winning)
|raw|suaiaj's rating: 1197 &rarr; <strong>1172</strong><br />(-25 for losing)
|l|☆suaiaj
|player|p2|
|l|☆pour125
|player|p1|
