|j|☆Dem0n89
|j|☆Swag_SerotoninYT
|t:|1757937274
|gametype|singles
|player|p1|Dem0n89|n|1157
|player|p2|Swag_SerotoninYT|harlequin|1076
|gen|9
|tier|[Gen 9] OU
|rated|
|rule|HP Percentage Mod: HP is shown in percentages
|rule|Endless Battle Clause: Forcing endless battles is banned
|rule|Species Clause: Limit one of each Pokémon
|rule|OHKO Clause: OHKO moves are banned
|rule|Evasion Items Clause: Evasion items are banned
|rule|Evasion Moves Clause: Evasion moves are banned
|rule|Evasion Abilities Clause: Evasion abilities are banned
|rule|Sleep Moves Clause: Sleep-inducing moves are banned
|clearpoke
|poke|p1|Corviknight, F|
|poke|p1|Pecharunt|
|poke|p1|Meowscarada, F|
|poke|p1|Walking Wake|
|poke|p1|Hatterene, F|
|poke|p1|Volcanion|
|poke|p2|Cacturne, M|
|poke|p2|Dodrio, M|
|poke|p2|Malamar, F|
|poke|p2|Blastoise, F|
|poke|p2|Masquerain, M|
|poke|p2|Infernape, M|
|teampreview
|inactive|Battle timer is ON: inactive players will automatically lose when time's up. (requested by Swag_SerotoninYT)
|
|t:|1757937282
|teamsize|p1|6
|teamsize|p2|6
|start
|switch|p1a: Meowscarada|Meowscarada, F, shiny|100/100
|switch|p2a: Masquerain|Masquerain, M|100/100
|-ability|p2a: Masquerain|Intimidate|boost
|-unboost|p1a: Meowscarada|atk|1
|turn|1
|
|t:|1757937288
|switch|p2a: Infernape|Infernape, M|100/100
|move|p1a: Meowscarada|Triple Axel|p2a: Infernape
|-start|p1a: Meowscarada|typechange|Ice|[from] ability: Protean
|-resisted|p2a: Infernape
|-damage|p2a: Infernape|93/100
|-hitcount|p2a: Infernape|1
|
|upkeep
|turn|2
|
|t:|1757937298
|switch|p1a: Volcanion|Volcanion|100/100
|move|p2a: Infernape|Fire Punch|p1a: Volcanion
|-resisted|p1a: Volcanion
|-damage|p1a: Volcanion|90/100
|-damage|p2a: Infernape|83/100|[from] item: Life Orb
|
|upkeep
|turn|3
|
|t:|1757937310
|-terastallize|p2a: Infernape|Electric
|move|p2a: Infernape|Thunder Punch|p1a: Volcanion
|-supereffective|p1a: Volcanion
|-damage|p1a: Volcanion|0 fnt
|faint|p1a: Volcanion
|-damage|p2a: Infernape|73/100|[from] item: Life Orb
|
|upkeep
|
|t:|1757937324
|switch|p1a: Walking Wake|Walking Wake|100/100
|turn|4
|
|t:|1757937340
|switch|p2a: Cacturne|Cacturne, M|100/100
|-terastallize|p1a: Walking Wake|Ground
|move|p1a: Walking Wake|Draco Meteor|p2a: Cacturne
|-damage|p2a: Cacturne|0 fnt
|-unboost|p1a: Walking Wake|spa|2
|faint|p2a: Cacturne
|
|upkeep
|
|t:|1757937346
|switch|p2a: Masquerain|Masquerain, M|100/100
|-ability|p2a: Masquerain|Intimidate|boost
|-unboost|p1a: Walking Wake|atk|1
|turn|5
|
|t:|1757937350
|-end|p1a: Walking Wake|Protosynthesis|[silent]
|switch|p1a: Corviknight|Corviknight, F, shiny|100/100
|move|p2a: Masquerain|Sticky Web|p1a: Corviknight
|-sidestart|p1: Dem0n89|move: Sticky Web
|
|upkeep
|turn|6
|
|t:|1757937357
|move|p2a: Masquerain|Stun Spore|p1a: Corviknight
|-status|p1a: Corviknight|par
|move|p1a: Corviknight|Brave Bird|p2a: Masquerain
|-supereffective|p2a: Masquerain
|-enditem|p2a: Masquerain|Focus Sash
|-damage|p2a: Masquerain|1/100
|-damage|p1a: Corviknight|74/100 par|[from] Recoil
|
|upkeep
|turn|7
|
|t:|1757937364
|move|p2a: Masquerain|Ice Beam|p1a: Corviknight
|-damage|p1a: Corviknight|50/100 par
|move|p1a: Corviknight|Body Press|p2a: Masquerain
|-resisted|p2a: Masquerain
|-damage|p2a: Masquerain|0 fnt
|faint|p2a: Masquerain
|
|upkeep
|
|t:|1757937368
|switch|p2a: Infernape|Infernape, M, tera:Electric|73/100
|turn|8
|
|t:|1757937372
|switch|p1a: Pecharunt|Pecharunt|100/100
|-item|p1a: Pecharunt|Air Balloon
|move|p2a: Infernape|Thunder Punch|p1a: Pecharunt
|-damage|p1a: Pecharunt|66/100
|-status|p1a: Pecharunt|par
|-enditem|p1a: Pecharunt|Air Balloon
|-damage|p2a: Infernape|63/100|[from] item: Life Orb
|
|upkeep
|turn|9
|
|t:|1757937383
|move|p2a: Infernape|Thunder Punch|p1a: Pecharunt
|-damage|p1a: Pecharunt|31/100 par
|-damage|p2a: Infernape|53/100|[from] item: Life Orb
|move|p1a: Pecharunt|Malignant Chain|p2a: Infernape
|-damage|p2a: Infernape|3/100
|-status|p2a: Infernape|tox
|-start|p2a: Infernape|confusion|[from] ability: Poison Puppeteer|[of] p1a: Pecharunt
|
|-damage|p2a: Infernape|0 fnt|[from] psn
|faint|p2a: Infernape
|upkeep
|
|t:|1757937391
|switch|p2a: Blastoise|Blastoise, F|100/100
|turn|10
|
|t:|1757937394
|move|p2a: Blastoise|Shell Smash|p2a: Blastoise
|-unboost|p2a: Blastoise|def|1
|-unboost|p2a: Blastoise|spd|1
|-boost|p2a: Blastoise|atk|2
|-boost|p2a: Blastoise|spa|2
|-boost|p2a: Blastoise|spe|2
|-enditem|p2a: Blastoise|White Herb
|-clearnegativeboost|p2a: Blastoise|[silent]
|move|p1a: Pecharunt|Toxic|p2a: Blastoise
|-status|p2a: Blastoise|tox
|-start|p2a: Blastoise|confusion|[from] ability: Poison Puppeteer|[of] p1a: Pecharunt
|
|-damage|p2a: Blastoise|94/100 tox|[from] psn
|upkeep
|turn|11
|
|t:|1757937404
|-activate|p2a: Blastoise|confusion
|move|p2a: Blastoise|Ice Beam|p1a: Pecharunt
|-damage|p1a: Pecharunt|0 fnt
|faint|p1a: Pecharunt
|
|-damage|p2a: Blastoise|82/100 tox|[from] psn
|upkeep
|
|t:|1757937407
|switch|p1a: Hatterene|Hatterene, F, shiny|100/100
|turn|12
|
|t:|1757937413
|-end|p2a: Blastoise|confusion
|move|p2a: Blastoise|Hydro Pump|p1a: Hatterene
|-damage|p1a: Hatterene|8/100
|move|p1a: Hatterene|Pain Split|p2a: Blastoise
|-sethp|p2a: Blastoise|44/100 tox|[from] move: Pain Split|[silent]
|-sethp|p1a: Hatterene|47/100|[from] move: Pain Split
|
|-damage|p2a: Blastoise|26/100 tox|[from] psn
|upkeep
|turn|13
|
|t:|1757937424
|move|p2a: Blastoise|Ice Beam|p1a: Hatterene
|-damage|p1a: Hatterene|0 fnt
|faint|p1a: Hatterene
|
|-damage|p2a: Blastoise|1/100 tox|[from] psn
|upkeep
|
|t:|1757937429
|switch|p1a: Corviknight|Corviknight, F, shiny|50/100 par
|turn|14
|
|t:|1757937432
|move|p2a: Blastoise|Hydro Pump|p1a: Corviknight|[miss]
|-miss|p2a: Blastoise|p1a: Corviknight
|cant|p1a: Corviknight|par
|
|-damage|p2a: Blastoise|0 fnt|[from] psn
|faint|p2a: Blastoise
|upkeep
|
|t:|1757937439
|switch|p2a: Malamar|Malamar, F|100/100
|turn|15
|
|t:|1757937442
|move|p2a: Malamar|Superpower|p1a: Corviknight
|-damage|p1a: Corviknight|23/100 par
|-boost|p2a: Malamar|atk|1
|-boost|p2a: Malamar|def|1
|-damage|p2a: Malamar|84/100|[from] item: Rocky Helmet|[of] p1a: Corviknight
|move|p1a: Corviknight|Brave Bird|p2a: Malamar
|-damage|p2a: Malamar|58/100
|-damage|p1a: Corviknight|14/100 par|[from] Recoil
|
|upkeep
|turn|16
|
|t:|1757937447
|move|p2a: Malamar|Superpower|p1a: Corviknight
|-damage|p1a: Corviknight|0 fnt
|-boost|p2a: Malamar|atk|1
|-boost|p2a: Malamar|def|1
|-damage|p2a: Malamar|41/100|[from] item: Rocky Helmet|[of] p1a: Corviknight
|-enditem|p2a: Malamar|Sitrus Berry|[eat]
|-heal|p2a: Malamar|66/100|[from] item: Sitrus Berry
|faint|p1a: Corviknight
|
|upkeep
|
|t:|1757937449
|switch|p1a: Walking Wake|Walking Wake, tera:Ground|100/100
|-activate|p1a: Walking Wake|move: Sticky Web
|-unboost|p1a: Walking Wake|spe|1
|turn|17
|
|t:|1757937454
|move|p1a: Walking Wake|Draco Meteor|p2a: Malamar
|-damage|p2a: Malamar|0 fnt
|-unboost|p1a: Walking Wake|spa|2
|faint|p2a: Malamar
|
|upkeep
|
|t:|1757937458
|switch|p2a: Dodrio|Dodrio, M|100/100
|turn|18
|
|t:|1757937462
|move|p2a: Dodrio|Thrash|p1a: Walking Wake
|-damage|p1a: Walking Wake|3/100
|move|p1a: Walking Wake|Draco Meteor|p2a: Dodrio
|-damage|p2a: Dodrio|4/100
|-unboost|p1a: Walking Wake|spa|2
|
|upkeep
|turn|19
|
|t:|1757937468
|move|p2a: Dodrio|Thrash|p1a: Walking Wake|[from] lockedmove
|-damage|p1a: Walking Wake|0 fnt
|faint|p1a: Walking Wake
|-end|p1a: Walking Wake|Protosynthesis|[silent]
|-start|p2a: Dodrio|confusion|[fatigue]
|
|upkeep
|
|t:|1757937470
|switch|p1a: Meowscarada|Meowscarada, F, shiny|100/100
|-activate|p1a: Meowscarada|move: Sticky Web
|-unboost|p1a: Meowscarada|spe|1
|turn|20
|
|t:|1757937476
|-activate|p2a: Dodrio|confusion
|move|p2a: Dodrio|Thrash|p1a: Meowscarada
|-damage|p1a: Meowscarada|0 fnt
|faint|p1a: Meowscarada
|
|win|Swag_SerotoninYT
|raw|Dem0n89's rating: 1157 &rarr; <strong>1126</strong><br />(-31 for losing)
|raw|Swag_SerotoninYT's rating: 1076 &rarr; <strong>1111</strong><br />(+35 for winning)
|l|☆Dem0n89
|player|p1|
