|j|☆are you jesus?
|j|☆leblondejames21
|t:|1757904318
|gametype|singles
|player|p1|are you jesus?|grimsley|1095
|player|p2|leblondejames21|101|1098
|gen|9
|tier|[Gen 9] OU
|rated|
|rule|HP Percentage Mod: HP is shown in percentages
|rule|Endless Battle Clause: Forcing endless battles is banned
|rule|Species Clause: Limit one of each Pokémon
|rule|OHKO Clause: OHKO moves are banned
|rule|Evasion Items Clause: Evasion items are banned
|rule|Evasion Moves Clause: Evasion moves are banned
|rule|Evasion Abilities Clause: Evasion abilities are banned
|rule|Sleep Moves Clause: Sleep-inducing moves are banned
|clearpoke
|poke|p1|Donphan, F|
|poke|p1|Slowking, M|
|poke|p1|Thundurus-Therian, M|
|poke|p1|Terrakion|
|poke|p1|Lokix, F|
|poke|p1|Chandelure, F|
|poke|p2|Talonflame, M|
|poke|p2|Kommo-o, M|
|poke|p2|Blastoise, F|
|poke|p2|Gholdengo|
|poke|p2|Muk-Alola, F|
|poke|p2|Comfey, M|
|teampreview
|c|☆are you jesus?|hi
|
|t:|1757904345
|teamsize|p1|6
|teamsize|p2|6
|start
|switch|p1a: Thundurus|Thundurus-Therian, M|100/100
|switch|p2a: Blastoise|Blastoise, F|100/100
|turn|1
|
|t:|1757904355
|move|p1a: Thundurus|Volt Switch|p2a: Blastoise
|-supereffective|p2a: Blastoise
|-damage|p2a: Blastoise|38/100
|
|t:|1757904361
|switch|p1a: Slowking|Slowking, M|100/100|[from] Volt Switch
|move|p2a: Blastoise|Ice Beam|p1a: Slowking
|-resisted|p1a: Slowking
|-damage|p1a: Slowking|93/100
|
|-heal|p1a: Slowking|99/100|[from] item: Leftovers
|upkeep
|turn|2
|
|t:|1757904370
|switch|p2a: Comfey|Comfey, M|100/100
|move|p1a: Slowking|Future Sight|p2a: Comfey
|-start|p1a: Slowking|move: Future Sight
|
|-heal|p1a: Slowking|100/100|[from] item: Leftovers
|upkeep
|turn|3
|
|t:|1757904381
|switch|p1a: Thundurus|Thundurus-Therian, M|100/100
|move|p2a: Comfey|Calm Mind|p2a: Comfey
|-boost|p2a: Comfey|spa|1
|-boost|p2a: Comfey|spd|1
|
|upkeep
|turn|4
|
|t:|1757904392
|move|p2a: Comfey|Draining Kiss|p1a: Thundurus
|-damage|p1a: Thundurus|46/100
|-damage|p2a: Comfey|90/100|[from] item: Life Orb
|move|p1a: Thundurus|Sludge Wave|p2a: Comfey
|-supereffective|p2a: Comfey
|-damage|p2a: Comfey|36/100
|
|-end|p2a: Comfey|move: Future Sight
|-damage|p2a: Comfey|1/100
|upkeep
|turn|5
|
|t:|1757904405
|switch|p1a: Slowking|Slowking, M|100/100
|-terastallize|p2a: Comfey|Ground
|move|p2a: Comfey|Draining Kiss|p1a: Slowking
|-damage|p1a: Slowking|79/100
|-heal|p2a: Comfey|24/100|[from] drain|[of] p1a: Slowking
|-damage|p2a: Comfey|14/100|[from] item: Life Orb
|
|-heal|p1a: Slowking|86/100|[from] item: Leftovers
|upkeep
|turn|6
|
|t:|1757904414
|move|p2a: Comfey|Giga Drain|p1a: Slowking
|-supereffective|p1a: Slowking
|-damage|p1a: Slowking|40/100
|-heal|p2a: Comfey|48/100|[from] drain|[of] p1a: Slowking
|-damage|p2a: Comfey|38/100|[from] item: Life Orb
|move|p1a: Slowking|Scald|p2a: Comfey
|-supereffective|p2a: Comfey
|-damage|p2a: Comfey|0 fnt
|faint|p2a: Comfey
|
|-heal|p1a: Slowking|46/100|[from] item: Leftovers
|upkeep
|
|t:|1757904431
|switch|p2a: Gholdengo|Gholdengo|100/100
|turn|7
|
|t:|1757904437
|move|p2a: Gholdengo|Nasty Plot|p2a: Gholdengo
|-boost|p2a: Gholdengo|spa|2
|move|p1a: Slowking|Scald|p2a: Gholdengo
|-damage|p2a: Gholdengo|67/100
|
|-heal|p1a: Slowking|52/100|[from] item: Leftovers
|upkeep
|turn|8
|
|t:|1757904447
|move|p2a: Gholdengo|Recover|p2a: Gholdengo
|-heal|p2a: Gholdengo|100/100
|move|p1a: Slowking|Slack Off|p1a: Slowking
|-heal|p1a: Slowking|100/100
|
|upkeep
|turn|9
|
|t:|1757904454
|move|p2a: Gholdengo|Nasty Plot|p2a: Gholdengo
|-boost|p2a: Gholdengo|spa|2
|move|p1a: Slowking|Scald|p2a: Gholdengo
|-damage|p2a: Gholdengo|71/100
|
|upkeep
|turn|10
|
|t:|1757904463
|move|p2a: Gholdengo|Recover|p2a: Gholdengo
|-heal|p2a: Gholdengo|100/100
|move|p1a: Slowking|Scald|p2a: Gholdengo
|-damage|p2a: Gholdengo|68/100
|-status|p2a: Gholdengo|brn
|
|-damage|p2a: Gholdengo|62/100 brn|[from] brn
|upkeep
|turn|11
|
|t:|1757904472
|move|p2a: Gholdengo|Shadow Ball|p1a: Slowking
|-supereffective|p1a: Slowking
|-damage|p1a: Slowking|0 fnt
|faint|p1a: Slowking
|-damage|p2a: Gholdengo|52/100 brn|[from] item: Life Orb
|
|-damage|p2a: Gholdengo|46/100 brn|[from] brn
|upkeep
|
|t:|1757904476
|switch|p1a: Lokix|Lokix, F|100/100
|turn|12
|
|t:|1757904481
|move|p1a: Lokix|Knock Off|p2a: Gholdengo
|-supereffective|p2a: Gholdengo
|-damage|p2a: Gholdengo|0 fnt
|-enditem|p2a: Gholdengo|Life Orb|[from] move: Knock Off|[of] p1a: Lokix
|faint|p2a: Gholdengo
|-damage|p1a: Lokix|91/100|[from] item: Life Orb
|
|upkeep
|
|t:|1757904492
|switch|p2a: Talonflame|Talonflame, M|100/100
|turn|13
|
|t:|1757904506
|switch|p1a: Donphan|Donphan, F|100/100
|move|p2a: Talonflame|Brave Bird|p1a: Donphan
|-damage|p1a: Donphan|78/100
|-damage|p2a: Talonflame|84/100|[from] item: Rocky Helmet|[of] p1a: Donphan
|-damage|p2a: Talonflame|75/100|[from] Recoil
|
|upkeep
|turn|14
|
|t:|1757904515
|move|p2a: Talonflame|Will-O-Wisp|p1a: Donphan
|-status|p1a: Donphan|brn
|move|p1a: Donphan|Stealth Rock|p2a: Talonflame
|-sidestart|p2: leblondejames21|move: Stealth Rock
|
|-damage|p1a: Donphan|72/100 brn|[from] brn
|upkeep
|turn|15
|
|t:|1757904522
|switch|p2a: Kommo-o|Kommo-o, M|100/100
|move|p1a: Donphan|Knock Off|p2a: Kommo-o
|-resisted|p2a: Kommo-o
|-damage|p2a: Kommo-o|94/100
|-enditem|p2a: Kommo-o|Heavy-Duty Boots|[from] move: Knock Off|[of] p1a: Donphan
|
|-damage|p1a: Donphan|66/100 brn|[from] brn
|upkeep
|turn|16
|
|t:|1757904531
|switch|p1a: Thundurus|Thundurus-Therian, M|46/100
|move|p2a: Kommo-o|Drain Punch|p1a: Thundurus
|-resisted|p1a: Thundurus
|-damage|p1a: Thundurus|20/100
|-heal|p2a: Kommo-o|100/100|[from] drain|[of] p1a: Thundurus
|
|upkeep
|turn|17
|
|t:|1757904539
|move|p1a: Thundurus|Sludge Wave|p2a: Kommo-o
|-damage|p2a: Kommo-o|58/100
|move|p2a: Kommo-o|Poison Jab|p1a: Thundurus
|-damage|p1a: Thundurus|0 fnt
|faint|p1a: Thundurus
|
|upkeep
|
|t:|1757904547
|switch|p1a: Lokix|Lokix, F|91/100
|turn|18
|
|t:|1757904554
|move|p1a: Lokix|First Impression|p2a: Kommo-o
|-resisted|p2a: Kommo-o
|-damage|p2a: Kommo-o|10/100
|-damage|p1a: Lokix|81/100|[from] item: Life Orb
|move|p2a: Kommo-o|Earthquake|p1a: Lokix
|-resisted|p1a: Lokix
|-damage|p1a: Lokix|60/100
|
|upkeep
|turn|19
|
|t:|1757904566
|move|p1a: Lokix|Leech Life|p2a: Kommo-o
|-resisted|p2a: Kommo-o
|-damage|p2a: Kommo-o|0 fnt
|-heal|p1a: Lokix|64/100|[from] drain|[of] p2a: Kommo-o
|faint|p2a: Kommo-o
|-damage|p1a: Lokix|55/100|[from] item: Life Orb
|
|upkeep
|
|t:|1757904573
|switch|p2a: Blastoise|Blastoise, F|38/100
|-damage|p2a: Blastoise|26/100|[from] Stealth Rock
|turn|20
|
|t:|1757904578
|move|p1a: Lokix|Leech Life|p2a: Blastoise
|-damage|p2a: Blastoise|0 fnt
|-heal|p1a: Lokix|68/100|[from] drain|[of] p2a: Blastoise
|faint|p2a: Blastoise
|-damage|p1a: Lokix|58/100|[from] item: Life Orb
|
|upkeep
|
|t:|1757904584
|switch|p2a: Talonflame|Talonflame, M|75/100
|-damage|p2a: Talonflame|25/100|[from] Stealth Rock
|turn|21
|
|t:|1757904599
|switch|p1a: Donphan|Donphan, F|66/100 brn
|move|p2a: Talonflame|Brave Bird|p1a: Donphan
|-damage|p1a: Donphan|43/100 brn
|-damage|p2a: Talonflame|9/100|[from] item: Rocky Helmet|[of] p1a: Donphan
|-damage|p2a: Talonflame|0 fnt|[from] Recoil
|faint|p2a: Talonflame
|
|-damage|p1a: Donphan|37/100 brn|[from] brn
|upkeep
|
|t:|1757904608
|switch|p2a: Muk|Muk-Alola, F|100/100
|-damage|p2a: Muk|88/100|[from] Stealth Rock
|turn|22
|
|t:|1757904619
|move|p1a: Donphan|Knock Off|p2a: Muk
|-resisted|p2a: Muk
|-damage|p2a: Muk|81/100
|-enditem|p2a: Muk|Leftovers|[from] move: Knock Off|[of] p1a: Donphan
|move|p2a: Muk|Ice Punch|p1a: Donphan
|-supereffective|p1a: Donphan
|-damage|p1a: Donphan|9/100 brn
|-damage|p2a: Muk|65/100|[from] item: Rocky Helmet|[of] p1a: Donphan
|
|-damage|p1a: Donphan|3/100 brn|[from] brn
|upkeep
|turn|23
|
|t:|1757904628
|move|p2a: Muk|Protect|p2a: Muk
|-singleturn|p2a: Muk|Protect
|move|p1a: Donphan|Earthquake|p2a: Muk
|-activate|p2a: Muk|move: Protect
|
|-damage|p1a: Donphan|0 fnt|[from] brn
|faint|p1a: Donphan
|upkeep
|
|t:|1757904637
|switch|p1a: Lokix|Lokix, F|58/100
|turn|24
|
|t:|1757904647
|move|p1a: Lokix|First Impression|p2a: Muk
|-damage|p2a: Muk|17/100
|-damage|p1a: Lokix|49/100|[from] item: Life Orb
|move|p2a: Muk|Poison Jab|p1a: Lokix
|-damage|p1a: Lokix|0 fnt
|faint|p1a: Lokix
|
|upkeep
|
|t:|1757904656
|switch|p1a: Terrakion|Terrakion|100/100
|turn|25
|
|t:|1757904659
|move|p2a: Muk|Protect|p2a: Muk
|-singleturn|p2a: Muk|Protect
|move|p1a: Terrakion|Close Combat|p2a: Muk
|-activate|p2a: Muk|move: Protect
|
|upkeep
|turn|26
|
|t:|1757904666
|move|p1a: Terrakion|Earthquake|p2a: Muk
|-supereffective|p2a: Muk
|-damage|p2a: Muk|0 fnt
|faint|p2a: Muk
|-damage|p1a: Terrakion|91/100|[from] item: Life Orb
|
|win|are you jesus?
|raw|are you jesus?'s rating: 1095 &rarr; <strong>1121</strong><br />(+26 for winning)
|raw|leblondejames21's rating: 1098 &rarr; <strong>1073</strong><br />(-25 for losing)
|l|☆are you jesus?
|player|p1|
|c|☆leblondejames21|gg
|l|☆leblondejames21
|player|p2|
