|j|☆xdye
|j|☆KingKaido107
|t:|1757908666
|gametype|singles
|player|p1|xdye|iris-gen5bw2|1676
|player|p2|KingKaido107|dragontamer-gen6|1729
|gen|9
|tier|[Gen 9] OU
|rated|
|rule|HP Percentage Mod: HP is shown in percentages
|rule|Endless Battle Clause: Forcing endless battles is banned
|rule|Species Clause: Limit one of each Pokémon
|rule|OHKO Clause: OHKO moves are banned
|rule|Evasion Items Clause: Evasion items are banned
|rule|Evasion Moves Clause: Evasion moves are banned
|rule|Evasion Abilities Clause: Evasion abilities are banned
|rule|Sleep Moves Clause: Sleep-inducing moves are banned
|clearpoke
|poke|p1|Pecharunt|
|poke|p1|Tinkaton, F|
|poke|p1|Gliscor, M|
|poke|p1|Hydreigon, M|
|poke|p1|Alomomola, M|
|poke|p1|Deoxys-Speed|
|poke|p2|Slowking-Galar, F|
|poke|p2|Kyurem|
|poke|p2|Cinderace, F|
|poke|p2|Tornadus-Therian, M|
|poke|p2|Hydrapple, F|
|poke|p2|Kingambit, M|
|teampreview
|inactive|Battle timer is ON: inactive players will automatically lose when time's up. (requested by KingKaido107)
|c|☆xdye|hf
|
|t:|1757908688
|teamsize|p1|6
|teamsize|p2|6
|start
|switch|p1a: Tinkaton|Tinkaton, F|100/100
|switch|p2a: Thieving Drunk|Tornadus-Therian, M|100/100
|-item|p1a: Tinkaton|Air Balloon
|turn|1
|
|t:|1757908706
|move|p2a: Thieving Drunk|U-turn|p1a: Tinkaton
|-resisted|p1a: Tinkaton
|-damage|p1a: Tinkaton|96/100
|-enditem|p1a: Tinkaton|Air Balloon
|-enditem|p2a: Thieving Drunk|Heavy-Duty Boots|[silent]|[from] ability: Pickpocket|[of] p2a: Thieving Drunk
|-item|p1a: Tinkaton|Heavy-Duty Boots|[from] ability: Pickpocket|[of] p2a: Thieving Drunk
|
|t:|1757908707
|switch|p2a: Depressed Drunk|Slowking-Galar, F|100/100|[from] U-turn
|move|p1a: Tinkaton|Thunder Wave|p2a: Depressed Drunk|[miss]
|-miss|p1a: Tinkaton|p2a: Depressed Drunk
|
|upkeep
|turn|2
|
|t:|1757908714
|move|p1a: Tinkaton|Thunder Wave|p2a: Depressed Drunk
|-status|p2a: Depressed Drunk|par
|-prepare|p2a: Depressed Drunk|Chilly Reception|[premajor]
|move|p2a: Depressed Drunk|Chilly Reception|p2a: Depressed Drunk
|-weather|Snowscape
|
|t:|1757908715
|switch|p2a: Boro Breath|Cinderace, F|100/100|[from] Chilly Reception
|
|-weather|Snowscape|[upkeep]
|upkeep
|turn|3
|
|t:|1757908720
|switch|p1a: Alomomola|Alomomola, M|100/100
|move|p2a: Boro Breath|Pyro Ball|p1a: Alomomola
|-resisted|p1a: Alomomola
|-damage|p1a: Alomomola|81/100
|
|-weather|Snowscape|[upkeep]
|upkeep
|turn|4
|
|t:|1757908723
|move|p2a: Boro Breath|U-turn|p1a: Alomomola
|-start|p2a: Boro Breath|typechange|Bug|[from] ability: Libero
|-damage|p1a: Alomomola|57/100
|
|t:|1757908724
|switch|p2a: Depressed Drunk|Slowking-Galar, F|100/100 par|[from] U-turn
|move|p1a: Alomomola|Flip Turn|p2a: Depressed Drunk
|-damage|p2a: Depressed Drunk|88/100 par
|
|t:|1757908733
|switch|p1a: Hydreigon|Hydreigon, M|100/100|[from] Flip Turn
|
|-weather|Snowscape|[upkeep]
|upkeep
|turn|5
|
|t:|1757908738
|move|p1a: Hydreigon|Dark Pulse|p2a: Depressed Drunk
|-supereffective|p2a: Depressed Drunk
|-enditem|p2a: Depressed Drunk|Colbur Berry|[eat]
|-enditem|p2a: Depressed Drunk|Colbur Berry|[weaken]
|-damage|p2a: Depressed Drunk|33/100 par
|move|p2a: Depressed Drunk|Sludge Bomb|p1a: Hydreigon
|-damage|p1a: Hydreigon|70/100
|
|-weather|Snowscape|[upkeep]
|upkeep
|turn|6
|
|t:|1757908742
|switch|p2a: Thieving Drunk|Tornadus-Therian, M|100/100
|move|p1a: Hydreigon|Dark Pulse|p2a: Thieving Drunk
|-damage|p2a: Thieving Drunk|26/100
|
|-weather|none
|upkeep
|turn|7
|
|t:|1757908764
|switch|p1a: Tinkaton|Tinkaton, F|96/100
|move|p2a: Thieving Drunk|Knock Off|p1a: Tinkaton
|-resisted|p1a: Tinkaton
|-damage|p1a: Tinkaton|86/100
|-enditem|p1a: Tinkaton|Heavy-Duty Boots|[from] move: Knock Off|[of] p2a: Thieving Drunk
|
|upkeep
|turn|8
|
|t:|1757908767
|move|p2a: Thieving Drunk|Taunt|p1a: Tinkaton
|-start|p1a: Tinkaton|move: Taunt
|cant|p1a: Tinkaton|move: Taunt|Thunder Wave
|
|upkeep
|turn|9
|
|t:|1757908769
|move|p2a: Thieving Drunk|U-turn|p1a: Tinkaton
|-resisted|p1a: Tinkaton
|-damage|p1a: Tinkaton|82/100
|
|t:|1757908772
|switch|p2a: Depressed Drunk|Slowking-Galar, F|67/100 par|[from] U-turn
|move|p1a: Tinkaton|Gigaton Hammer|p2a: Depressed Drunk
|-damage|p2a: Depressed Drunk|35/100 par
|
|upkeep
|turn|10
|
|t:|1757908781
|switch|p1a: Gliscor|Gliscor, M|100/100
|-prepare|p2a: Depressed Drunk|Chilly Reception|[premajor]
|move|p2a: Depressed Drunk|Chilly Reception|p2a: Depressed Drunk
|-weather|Snowscape
|
|t:|1757908785
|switch|p2a: Ragnaraku|Kyurem|100/100|[from] Chilly Reception
|-ability|p2a: Ragnaraku|Pressure
|
|-weather|Snowscape|[upkeep]
|-status|p1a: Gliscor|tox|[from] item: Toxic Orb
|upkeep
|turn|11
|
|t:|1757908789
|switch|p1a: Tinkaton|Tinkaton, F|82/100
|move|p2a: Ragnaraku|Blizzard|p1a: Tinkaton
|-resisted|p1a: Tinkaton
|-damage|p1a: Tinkaton|40/100
|
|-weather|Snowscape|[upkeep]
|upkeep
|turn|12
|
|t:|1757908799
|switch|p1a: Alomomola|Alomomola, M|90/100
|switch|p2a: Depressed Drunk|Slowking-Galar, F|69/100 par
|
|-weather|Snowscape|[upkeep]
|upkeep
|turn|13
|
|t:|1757908803
|move|p1a: Alomomola|Wish|p1a: Alomomola
|-prepare|p2a: Depressed Drunk|Chilly Reception|[premajor]
|move|p2a: Depressed Drunk|Chilly Reception|p2a: Depressed Drunk
|
|t:|1757908806
|switch|p2a: Ragnaraku|Kyurem|100/100|[from] Chilly Reception
|-ability|p2a: Ragnaraku|Pressure
|
|-weather|Snowscape|[upkeep]
|upkeep
|turn|14
|
|t:|1757908820
|move|p1a: Alomomola|Protect|p1a: Alomomola
|-singleturn|p1a: Alomomola|Protect
|move|p2a: Ragnaraku|Freeze-Dry|p1a: Alomomola
|-activate|p1a: Alomomola|move: Protect
|
|-weather|none
|-heal|p1a: Alomomola|100/100|[from] move: Wish|[wisher] Alomomola
|upkeep
|turn|15
|
|t:|1757908829
|move|p2a: Ragnaraku|Freeze-Dry|p1a: Alomomola
|-supereffective|p1a: Alomomola
|-damage|p1a: Alomomola|4/100
|move|p1a: Alomomola|Wish|p1a: Alomomola
|
|upkeep
|turn|16
|
|t:|1757908834
|switch|p1a: Tinkaton|Tinkaton, F|40/100
|move|p2a: Ragnaraku|Freeze-Dry|p1a: Tinkaton
|-resisted|p1a: Tinkaton
|-damage|p1a: Tinkaton|15/100
|
|-heal|p1a: Tinkaton|78/100|[from] move: Wish|[wisher] Alomomola
|upkeep
|turn|17
|
|t:|1757908847
|switch|p2a: Depressed Drunk|Slowking-Galar, F|100/100 par
|move|p1a: Tinkaton|Stealth Rock|p2a: Depressed Drunk
|-sidestart|p2: KingKaido107|move: Stealth Rock
|
|upkeep
|turn|18
|
|t:|1757908852
|switch|p1a: Alomomola|Alomomola, M|37/100
|-prepare|p2a: Depressed Drunk|Chilly Reception|[premajor]
|move|p2a: Depressed Drunk|Chilly Reception|p2a: Depressed Drunk
|-weather|Snowscape
|
|t:|1757908855
|switch|p2a: Ragnaraku|Kyurem|100/100|[from] Chilly Reception
|-damage|p2a: Ragnaraku|76/100|[from] Stealth Rock
|-ability|p2a: Ragnaraku|Pressure
|
|-weather|Snowscape|[upkeep]
|upkeep
|turn|19
|
|t:|1757908858
|move|p1a: Alomomola|Protect|p1a: Alomomola
|-singleturn|p1a: Alomomola|Protect
|move|p2a: Ragnaraku|Blizzard|p1a: Alomomola
|-activate|p1a: Alomomola|move: Protect
|
|-weather|Snowscape|[upkeep]
|upkeep
|turn|20
|
|t:|1757908868
|switch|p1a: Tinkaton|Tinkaton, F|78/100
|move|p2a: Ragnaraku|Blizzard|p1a: Tinkaton
|-resisted|p1a: Tinkaton
|-damage|p1a: Tinkaton|38/100
|
|-weather|Snowscape|[upkeep]
|upkeep
|turn|21
|
|t:|1757908887
|switch|p1a: Alomomola|Alomomola, M|70/100
|move|p2a: Ragnaraku|Blizzard|p1a: Alomomola
|-resisted|p1a: Alomomola
|-damage|p1a: Alomomola|28/100
|
|-weather|Snowscape|[upkeep]
|upkeep
|turn|22
|
|t:|1757908895
|switch|p1a: Tinkaton|Tinkaton, F|38/100
|move|p2a: Ragnaraku|Blizzard|p1a: Tinkaton
|-resisted|p1a: Tinkaton
|-damage|p1a: Tinkaton|0 fnt
|faint|p1a: Tinkaton
|
|-weather|none
|upkeep
|
|t:|1757908897
|switch|p1a: Deoxys|Deoxys-Speed|100/100
|-ability|p1a: Deoxys|Pressure
|turn|23
|
|t:|1757908903
|move|p1a: Deoxys|Knock Off|p2a: Ragnaraku
|-damage|p2a: Ragnaraku|57/100
|-enditem|p2a: Ragnaraku|Choice Specs|[from] move: Knock Off|[of] p1a: Deoxys
|move|p2a: Ragnaraku|Blizzard|p1a: Deoxys
|-crit|p1a: Deoxys
|-damage|p1a: Deoxys|0 fnt
|faint|p1a: Deoxys
|
|upkeep
|
|t:|1757908913
|switch|p1a: Alomomola|Alomomola, M|62/100
|turn|24
|
|t:|1757908915
|switch|p2a: Thieving Drunk|Tornadus-Therian, M|59/100
|-damage|p2a: Thieving Drunk|34/100|[from] Stealth Rock
|move|p1a: Alomomola|Wish|p1a: Alomomola
|
|upkeep
|turn|25
|
|t:|1757908921
|move|p2a: Thieving Drunk|Knock Off|p1a: Alomomola
|-damage|p1a: Alomomola|49/100
|-enditem|p1a: Alomomola|Heavy-Duty Boots|[from] move: Knock Off|[of] p2a: Thieving Drunk
|move|p1a: Alomomola|Flip Turn|p2a: Thieving Drunk
|-crit|p2a: Thieving Drunk
|-damage|p2a: Thieving Drunk|2/100
|
|t:|1757908932
|switch|p1a: Hydreigon|Hydreigon, M|70/100|[from] Flip Turn
|
|-heal|p1a: Hydreigon|100/100|[from] move: Wish|[wisher] Alomomola
|upkeep
|turn|26
|
|t:|1757908936
|switch|p1a: Alomomola|Alomomola, M|82/100
|move|p2a: Thieving Drunk|Knock Off|p1a: Alomomola
|-damage|p1a: Alomomola|73/100
|
|upkeep
|turn|27
|
|t:|1757908941
|move|p2a: Thieving Drunk|U-turn|p1a: Alomomola
|-damage|p1a: Alomomola|62/100
|
|t:|1757908943
|switch|p2a: Depressed Drunk|Slowking-Galar, F|100/100 par|[from] U-turn
|-damage|p2a: Depressed Drunk|88/100 par|[from] Stealth Rock
|move|p1a: Alomomola|Flip Turn|p2a: Depressed Drunk
|-damage|p2a: Depressed Drunk|76/100 par
|
|t:|1757908952
|switch|p1a: Hydreigon|Hydreigon, M|100/100|[from] Flip Turn
|
|upkeep
|turn|28
|
|t:|1757908956
|move|p1a: Hydreigon|Dark Pulse|p2a: Depressed Drunk
|-supereffective|p2a: Depressed Drunk
|-damage|p2a: Depressed Drunk|0 fnt
|faint|p2a: Depressed Drunk
|
|upkeep
|
|t:|1757908959
|switch|p2a: Thieving Drunk|Tornadus-Therian, M|35/100
|-damage|p2a: Thieving Drunk|10/100|[from] Stealth Rock
|turn|29
|
|t:|1757908963
|switch|p1a: Alomomola|Alomomola, M|96/100
|move|p2a: Thieving Drunk|U-turn|p1a: Alomomola
|-damage|p1a: Alomomola|86/100
|
|t:|1757908964
|switch|p2a: Boro Breath|Cinderace, F|100/100|[from] U-turn
|
|upkeep
|turn|30
|
|t:|1757908970
|move|p2a: Boro Breath|Court Change|p2a: Boro Breath
|-start|p2a: Boro Breath|typechange|Normal|[from] ability: Libero
|-swapsideconditions
|-activate|p2a: Boro Breath|move: Court Change
|move|p1a: Alomomola|Flip Turn|p2a: Boro Breath
|-damage|p2a: Boro Breath|75/100
|
|t:|1757908978
|switch|p1a: Gliscor|Gliscor, M|100/100 tox|[from] Flip Turn
|-damage|p1a: Gliscor|88/100 tox|[from] Stealth Rock
|
|-heal|p1a: Gliscor|100/100 tox|[from] ability: Poison Heal
|upkeep
|turn|31
|
|t:|1757908980
|move|p2a: Boro Breath|U-turn|p1a: Gliscor
|-resisted|p1a: Gliscor
|-damage|p1a: Gliscor|91/100 tox
|
|t:|1757908981
|switch|p2a: Ragnaraku|Kyurem|57/100|[from] U-turn
|-ability|p2a: Ragnaraku|Pressure
|move|p1a: Gliscor|Spikes|p2a: Ragnaraku
|-sidestart|p2: KingKaido107|Spikes
|
|-heal|p1a: Gliscor|100/100 tox|[from] ability: Poison Heal
|upkeep
|turn|32
|
|t:|1757908989
|move|p1a: Gliscor|Protect|p1a: Gliscor
|-singleturn|p1a: Gliscor|Protect
|move|p2a: Ragnaraku|Freeze-Dry|p1a: Gliscor
|-activate|p1a: Gliscor|move: Protect
|
|upkeep
|turn|33
|
|t:|1757909001
|-terastallize|p1a: Gliscor|Fairy
|move|p2a: Ragnaraku|Freeze-Dry|p1a: Gliscor
|-damage|p1a: Gliscor|68/100 tox
|move|p1a: Gliscor|Earthquake|p2a: Ragnaraku
|-damage|p2a: Ragnaraku|24/100
|
|-heal|p1a: Gliscor|81/100 tox|[from] ability: Poison Heal
|upkeep
|turn|34
|
|t:|1757909013
|switch|p2a: Thieving Drunk|Tornadus-Therian, M|44/100
|move|p1a: Gliscor|Spikes|p2a: Thieving Drunk
|-sidestart|p2: KingKaido107|Spikes
|
|-heal|p1a: Gliscor|93/100 tox|[from] ability: Poison Heal
|upkeep
|turn|35
|
|t:|1757909016
|move|p2a: Thieving Drunk|Taunt|p1a: Gliscor
|-start|p1a: Gliscor|move: Taunt
|cant|p1a: Gliscor|move: Taunt|Spikes
|
|-heal|p1a: Gliscor|100/100 tox|[from] ability: Poison Heal
|upkeep
|turn|36
|
|t:|1757909020
|move|p2a: Thieving Drunk|U-turn|p1a: Gliscor
|-resisted|p1a: Gliscor
|-damage|p1a: Gliscor|95/100 tox
|
|t:|1757909021
|switch|p2a: Laughing Drunk|Hydrapple, F|100/100|[from] U-turn
|-damage|p2a: Laughing Drunk|84/100|[from] Spikes
|move|p1a: Gliscor|Knock Off|p2a: Laughing Drunk
|-damage|p2a: Laughing Drunk|73/100
|-damage|p1a: Gliscor|78/100 tox|[from] item: Rocky Helmet|[of] p2a: Laughing Drunk
|-enditem|p2a: Laughing Drunk|Rocky Helmet|[from] move: Knock Off|[of] p1a: Gliscor
|
|-heal|p1a: Gliscor|91/100 tox|[from] ability: Poison Heal
|upkeep
|turn|37
|
|t:|1757909030
|switch|p1a: Pecharunt|Pecharunt|100/100
|move|p2a: Laughing Drunk|Giga Drain|p1a: Pecharunt
|-resisted|p1a: Pecharunt
|-damage|p1a: Pecharunt|86/100
|-heal|p2a: Laughing Drunk|79/100|[from] drain|[of] p1a: Pecharunt
|
|upkeep
|turn|38
|
|t:|1757909036
|switch|p2a: Thieving Drunk|Tornadus-Therian, M|77/100
|move|p1a: Pecharunt|Malignant Chain|p2a: Thieving Drunk
|-damage|p2a: Thieving Drunk|46/100
|-status|p2a: Thieving Drunk|tox
|-start|p2a: Thieving Drunk|confusion|[from] ability: Poison Puppeteer|[of] p1a: Pecharunt
|
|-damage|p2a: Thieving Drunk|40/100 tox|[from] psn
|upkeep
|turn|39
|
|t:|1757909040
|switch|p1a: Alomomola|Alomomola, M|100/100
|-damage|p1a: Alomomola|88/100|[from] Stealth Rock
|-activate|p2a: Thieving Drunk|confusion
|move|p2a: Thieving Drunk|U-turn|p1a: Alomomola
|-damage|p1a: Alomomola|78/100
|
|t:|1757909044
|switch|p2a: Ragnaraku|Kyurem|24/100|[from] U-turn
|-damage|p2a: Ragnaraku|7/100|[from] Spikes
|-ability|p2a: Ragnaraku|Pressure
|
|upkeep
|turn|40
|
|t:|1757909049
|move|p2a: Ragnaraku|Freeze-Dry|p1a: Alomomola
|-supereffective|p1a: Alomomola
|-damage|p1a: Alomomola|15/100
|move|p1a: Alomomola|Flip Turn|p2a: Ragnaraku
|-resisted|p2a: Ragnaraku
|-damage|p2a: Ragnaraku|0 fnt
|faint|p2a: Ragnaraku
|
|t:|1757909053
|switch|p1a: Gliscor|Gliscor, M, tera:Fairy|91/100 tox|[from] Flip Turn
|-damage|p1a: Gliscor|78/100 tox|[from] Stealth Rock
|
|-heal|p1a: Gliscor|91/100 tox|[from] ability: Poison Heal
|upkeep
|
|t:|1757909059
|switch|p2a: Laughing Drunk|Hydrapple, F|100/100
|-damage|p2a: Laughing Drunk|84/100|[from] Spikes
|turn|41
|
|t:|1757909077
|switch|p1a: Hydreigon|Hydreigon, M|100/100
|-damage|p1a: Hydreigon|88/100|[from] Stealth Rock
|move|p2a: Laughing Drunk|Giga Drain|p1a: Hydreigon
|-resisted|p1a: Hydreigon
|-damage|p1a: Hydreigon|73/100
|-heal|p2a: Laughing Drunk|91/100|[from] drain|[of] p1a: Hydreigon
|
|upkeep
|turn|42
|
|t:|1757909092
|switch|p2a: Thieving Drunk|Tornadus-Therian, M|74/100 tox
|move|p1a: Hydreigon|Draco Meteor|p2a: Thieving Drunk
|-damage|p2a: Thieving Drunk|0 fnt
|-unboost|p1a: Hydreigon|spa|2
|faint|p2a: Thieving Drunk
|
|upkeep
|
|t:|1757909095
|switch|p2a: Boro Breath|Cinderace, F|75/100
|turn|43
|
|t:|1757909098
|switch|p1a: Alomomola|Alomomola, M|48/100
|-damage|p1a: Alomomola|36/100|[from] Stealth Rock
|move|p2a: Boro Breath|Court Change|p2a: Boro Breath
|-start|p2a: Boro Breath|typechange|Normal|[from] ability: Libero
|-swapsideconditions
|-activate|p2a: Boro Breath|move: Court Change
|
|upkeep
|turn|44
|
|t:|1757909104
|move|p2a: Boro Breath|Will-O-Wisp|p1a: Alomomola
|-status|p1a: Alomomola|brn
|move|p1a: Alomomola|Wish|p1a: Alomomola
|
|-damage|p1a: Alomomola|29/100 brn|[from] brn
|upkeep
|turn|45
|
|t:|1757909106
|move|p1a: Alomomola|Protect|p1a: Alomomola
|-singleturn|p1a: Alomomola|Protect
|move|p2a: Boro Breath|U-turn|p1a: Alomomola
|-activate|p1a: Alomomola|move: Protect
|
|-heal|p1a: Alomomola|79/100 brn|[from] move: Wish|[wisher] Alomomola
|-damage|p1a: Alomomola|73/100 brn|[from] brn
|upkeep
|turn|46
|
|t:|1757909112
|move|p2a: Boro Breath|U-turn|p1a: Alomomola
|-damage|p1a: Alomomola|58/100 brn
|
|t:|1757909114
|switch|p2a: Laughing Drunk|Hydrapple, F|100/100|[from] U-turn
|-damage|p2a: Laughing Drunk|88/100|[from] Stealth Rock
|move|p1a: Alomomola|Wish|p1a: Alomomola
|
|-damage|p1a: Alomomola|52/100 brn|[from] brn
|upkeep
|turn|47
|
|t:|1757909122
|move|p2a: Laughing Drunk|Giga Drain|p1a: Alomomola
|-supereffective|p1a: Alomomola
|-damage|p1a: Alomomola|1/100 brn
|-heal|p2a: Laughing Drunk|100/100|[from] drain|[of] p1a: Alomomola
|move|p1a: Alomomola|Flip Turn|p2a: Laughing Drunk
|-resisted|p2a: Laughing Drunk
|-damage|p2a: Laughing Drunk|99/100
|
|t:|1757909132
|switch|p1a: Pecharunt|Pecharunt|86/100|[from] Flip Turn
|
|-heal|p1a: Pecharunt|100/100|[from] move: Wish|[wisher] Alomomola
|upkeep
|turn|48
|
|t:|1757909135
|move|p1a: Pecharunt|Parting Shot|p2a: Laughing Drunk
|-unboost|p2a: Laughing Drunk|atk|1
|-unboost|p2a: Laughing Drunk|spa|1
|
|t:|1757909141
|switch|p1a: Gliscor|Gliscor, M, tera:Fairy|91/100 tox|[from] Parting Shot
|-damage|p1a: Gliscor|74/100 tox|[from] Spikes
|move|p2a: Laughing Drunk|Earth Power|p1a: Gliscor
|-damage|p1a: Gliscor|61/100 tox
|
|-heal|p1a: Gliscor|73/100 tox|[from] ability: Poison Heal
|upkeep
|turn|49
|
|t:|1757909146
|switch|p1a: Pecharunt|Pecharunt|100/100
|switch|p2a: Boro Breath|Cinderace, F|75/100
|
|upkeep
|turn|50
|
|t:|1757909153
|move|p2a: Boro Breath|Will-O-Wisp|p1a: Pecharunt
|-status|p1a: Pecharunt|brn
|move|p1a: Pecharunt|Parting Shot|p2a: Boro Breath
|-unboost|p2a: Boro Breath|atk|1
|-unboost|p2a: Boro Breath|spa|1
|
|t:|1757909158
|switch|p1a: Gliscor|Gliscor, M, tera:Fairy|73/100 tox|[from] Parting Shot
|-damage|p1a: Gliscor|57/100 tox|[from] Spikes
|
|-heal|p1a: Gliscor|69/100 tox|[from] ability: Poison Heal
|upkeep
|turn|51
|
|t:|1757909162
|move|p2a: Boro Breath|U-turn|p1a: Gliscor
|-start|p2a: Boro Breath|typechange|Bug|[from] ability: Libero
|-resisted|p1a: Gliscor
|-damage|p1a: Gliscor|60/100 tox
|
|t:|1757909164
|switch|p2a: Laughing Drunk|Hydrapple, F|100/100|[from] U-turn
|-damage|p2a: Laughing Drunk|88/100|[from] Stealth Rock
|move|p1a: Gliscor|Spikes|p2a: Laughing Drunk
|-sidestart|p2: KingKaido107|Spikes
|
|-heal|p1a: Gliscor|72/100 tox|[from] ability: Poison Heal
|upkeep
|turn|52
|
|t:|1757909172
|switch|p1a: Alomomola|Alomomola, M|34/100 brn
|-damage|p1a: Alomomola|18/100 brn|[from] Spikes
|move|p2a: Laughing Drunk|Fickle Beam|p1a: Alomomola
|-damage|p1a: Alomomola|0 fnt
|faint|p1a: Alomomola
|
|upkeep
|
|t:|1757909179
|switch|p1a: Pecharunt|Pecharunt|100/100 brn
|turn|53
|
|t:|1757909183
|switch|p2a: Raging Drunk|Kingambit, M|100/100
|-damage|p2a: Raging Drunk|94/100|[from] Stealth Rock
|-damage|p2a: Raging Drunk|82/100|[from] Spikes
|-activate|p2a: Raging Drunk|ability: Supreme Overlord
|-start|p2a: Raging Drunk|fallen3|[silent]
|move|p1a: Pecharunt|Malignant Chain|p2a: Raging Drunk
|-immune|p2a: Raging Drunk
|
|-damage|p1a: Pecharunt|94/100 brn|[from] brn
|upkeep
|turn|54
|
|t:|1757909187
|move|p1a: Pecharunt|Parting Shot|p2a: Raging Drunk
|-unboost|p2a: Raging Drunk|atk|1
|-unboost|p2a: Raging Drunk|spa|1
|
|t:|1757909191
|switch|p1a: Hydreigon|Hydreigon, M|73/100|[from] Parting Shot
|move|p2a: Raging Drunk|Swords Dance|p2a: Raging Drunk
|-boost|p2a: Raging Drunk|atk|2
|
|upkeep
|turn|55
|
|t:|1757909203
|-end|p2a: Raging Drunk|fallen3|[silent]
|switch|p2a: Laughing Drunk|Hydrapple, F|100/100
|-damage|p2a: Laughing Drunk|88/100|[from] Stealth Rock
|-damage|p2a: Laughing Drunk|76/100|[from] Spikes
|move|p1a: Hydreigon|Flamethrower|p2a: Laughing Drunk
|-damage|p2a: Laughing Drunk|27/100
|
|upkeep
|turn|56
|
|t:|1757909209
|switch|p2a: Boro Breath|Cinderace, F|75/100
|move|p1a: Hydreigon|Flamethrower|p2a: Boro Breath
|-resisted|p2a: Boro Breath
|-damage|p2a: Boro Breath|41/100
|
|upkeep
|turn|57
|
|t:|1757909215
|switch|p1a: Gliscor|Gliscor, M, tera:Fairy|72/100 tox
|-damage|p1a: Gliscor|56/100 tox|[from] Spikes
|move|p2a: Boro Breath|Pyro Ball|p1a: Gliscor|[miss]
|-miss|p2a: Boro Breath|p1a: Gliscor
|
|-heal|p1a: Gliscor|68/100 tox|[from] ability: Poison Heal
|upkeep
|turn|58
|
|t:|1757909221
|move|p2a: Boro Breath|Pyro Ball|p1a: Gliscor
|-damage|p1a: Gliscor|24/100 tox
|move|p1a: Gliscor|Earthquake|p2a: Boro Breath
|-supereffective|p2a: Boro Breath
|-damage|p2a: Boro Breath|0 fnt
|faint|p2a: Boro Breath
|
|-heal|p1a: Gliscor|36/100 tox|[from] ability: Poison Heal
|upkeep
|
|t:|1757909224
|switch|p2a: Laughing Drunk|Hydrapple, F|61/100
|-damage|p2a: Laughing Drunk|48/100|[from] Stealth Rock
|-damage|p2a: Laughing Drunk|36/100|[from] Spikes
|turn|59
|
|t:|1757909241
|switch|p1a: Pecharunt|Pecharunt|94/100 brn
|move|p2a: Laughing Drunk|Giga Drain|p1a: Pecharunt
|-resisted|p1a: Pecharunt
|-damage|p1a: Pecharunt|79/100 brn
|-heal|p2a: Laughing Drunk|43/100|[from] drain|[of] p1a: Pecharunt
|
|-damage|p1a: Pecharunt|73/100 brn|[from] brn
|upkeep
|turn|60
|
|t:|1757909244
|move|p1a: Pecharunt|Malignant Chain|p2a: Laughing Drunk
|-supereffective|p2a: Laughing Drunk
|-damage|p2a: Laughing Drunk|0 fnt
|faint|p2a: Laughing Drunk
|
|-damage|p1a: Pecharunt|67/100 brn|[from] brn
|upkeep
|
|t:|1757909246
|switch|p2a: Raging Drunk|Kingambit, M|82/100
|-damage|p2a: Raging Drunk|76/100|[from] Stealth Rock
|-damage|p2a: Raging Drunk|64/100|[from] Spikes
|-activate|p2a: Raging Drunk|ability: Supreme Overlord
|-start|p2a: Raging Drunk|fallen5|[silent]
|turn|61
|
|t:|1757909250
|move|p1a: Pecharunt|Parting Shot|p2a: Raging Drunk
|-unboost|p2a: Raging Drunk|atk|1
|-unboost|p2a: Raging Drunk|spa|1
|
|t:|1757909253
|switch|p1a: Gliscor|Gliscor, M, tera:Fairy|36/100 tox|[from] Parting Shot
|-damage|p1a: Gliscor|20/100 tox|[from] Spikes
|move|p2a: Raging Drunk|Swords Dance|p2a: Raging Drunk
|-boost|p2a: Raging Drunk|atk|2
|
|-heal|p1a: Gliscor|32/100 tox|[from] ability: Poison Heal
|upkeep
|turn|62
|
|t:|1757909256
|move|p2a: Raging Drunk|Sucker Punch|p1a: Gliscor
|-resisted|p1a: Gliscor
|-damage|p1a: Gliscor|0 fnt
|faint|p1a: Gliscor
|
|upkeep
|
|t:|1757909259
|switch|p1a: Hydreigon|Hydreigon, M|73/100
|turn|63
|
|t:|1757909282
|move|p1a: Hydreigon|Flamethrower|p2a: Raging Drunk
|-supereffective|p2a: Raging Drunk
|-damage|p2a: Raging Drunk|0 fnt
|faint|p2a: Raging Drunk
|-end|p2a: Raging Drunk|fallen5|[silent]
|
|win|xdye
|raw|xdye's rating: 1676 &rarr; <strong>1698</strong><br />(+22 for winning)
|raw|KingKaido107's rating: 1705 &rarr; <strong>1683</strong><br />(-22 for losing)
|l|☆KingKaido107
|player|p2|
|c|☆xdye|gg
|l|☆xdye
|player|p1|
