|j|☆Ghxst of Frogs
|j|☆OG)Flamelibra
|t:|1757943741
|gametype|singles
|player|p1|Ghxst of Frogs|palmer|1192
|player|p2|OG)Flamelibra|266|1230
|gen|9
|tier|[Gen 9] OU
|rated|
|rule|HP Percentage Mod: HP is shown in percentages
|rule|Endless Battle Clause: Forcing endless battles is banned
|rule|Species Clause: Limit one of each Pokémon
|rule|OHKO Clause: OHKO moves are banned
|rule|Evasion Items Clause: Evasion items are banned
|rule|Evasion Moves Clause: Evasion moves are banned
|rule|Evasion Abilities Clause: Evasion abilities are banned
|rule|Sleep Moves Clause: Sleep-inducing moves are banned
|clearpoke
|poke|p1|Deoxys-Speed|
|poke|p1|Darkrai|
|poke|p1|Okidogi, M|
|poke|p1|Meowscarada, M|
|poke|p1|Zamazenta-*|
|poke|p1|Virizion|
|poke|p2|Garchomp, F|
|poke|p2|Weavile, F|
|poke|p2|Clefable, F|
|poke|p2|Ogerpon-Wellspring, F|
|poke|p2|Moltres|
|poke|p2|Pecharunt|
|teampreview
|
|t:|1757943773
|teamsize|p1|6
|teamsize|p2|6
|start
|switch|p1a: Virizion|Virizion, shiny|100/100
|switch|p2a: Garchomp|Garchomp, F|100/100
|turn|1
|
|t:|1757943804
|move|p1a: Virizion|Swords Dance|p1a: Virizion
|-boost|p1a: Virizion|atk|2
|move|p2a: Garchomp|Stealth Rock|p1a: Virizion
|-sidestart|p1: Ghxst of Frogs|move: Stealth Rock
|
|upkeep
|turn|2
|
|t:|1757943813
|move|p1a: Virizion|Swords Dance|p1a: Virizion
|-boost|p1a: Virizion|atk|2
|move|p2a: Garchomp|Dragon Tail|p1a: Virizion
|-damage|p1a: Virizion|59/100
|drag|p1a: Okidogi|Okidogi, M|100/100
|-damage|p1a: Okidogi|94/100|[from] Stealth Rock
|
|-heal|p1a: Okidogi|100/100|[from] item: Leftovers
|upkeep
|turn|3
|
|t:|1757943822
|move|p2a: Garchomp|Earthquake|p1a: Okidogi
|-supereffective|p1a: Okidogi
|-damage|p1a: Okidogi|16/100
|move|p1a: Okidogi|Bulk Up|p1a: Okidogi
|-boost|p1a: Okidogi|atk|1
|-boost|p1a: Okidogi|def|1
|
|-heal|p1a: Okidogi|22/100|[from] item: Leftovers
|upkeep
|turn|4
|
|t:|1757943838
|move|p2a: Garchomp|Earthquake|p1a: Okidogi
|-supereffective|p1a: Okidogi
|-damage|p1a: Okidogi|0 fnt
|faint|p1a: Okidogi
|
|upkeep
|
|t:|1757943840
|switch|p1a: Zamazenta|Zamazenta, shiny|100/100
|-damage|p1a: Zamazenta|94/100|[from] Stealth Rock
|-ability|p1a: Zamazenta|Dauntless Shield|boost
|-boost|p1a: Zamazenta|def|1
|turn|5
|c|☆Ghxst of Frogs|mb
|c|☆Ghxst of Frogs|gl hf
|
|t:|1757943854
|switch|p2a: Moltres|Moltres|100/100
|move|p1a: Zamazenta|Body Press|p2a: Moltres
|-resisted|p2a: Moltres
|-damage|p2a: Moltres|83/100
|
|-heal|p1a: Zamazenta|100/100|[from] item: Leftovers
|upkeep
|turn|6
|c|☆OG)Flamelibra|u too
|c|☆OG)Flamelibra|been a while since I asw a virizion
|
|t:|1757943878
|switch|p1a: Deoxys|Deoxys-Speed, shiny|100/100
|-damage|p1a: Deoxys|88/100|[from] Stealth Rock
|-ability|p1a: Deoxys|Pressure
|move|p2a: Moltres|Will-O-Wisp|p1a: Deoxys
|-status|p1a: Deoxys|brn
|
|-damage|p1a: Deoxys|82/100 brn|[from] brn
|upkeep
|turn|7
|
|t:|1757943889
|switch|p2a: Clefable|Clefable, F|100/100
|move|p1a: Deoxys|Light Screen|p1a: Deoxys
|-sidestart|p1: Ghxst of Frogs|move: Light Screen
|
|-damage|p1a: Deoxys|76/100 brn|[from] brn
|upkeep
|turn|8
|
|t:|1757943895
|move|p1a: Deoxys|Reflect|p1a: Deoxys
|-sidestart|p1: Ghxst of Frogs|Reflect
|move|p2a: Clefable|Trick|p1a: Deoxys
|-activate|p2a: Clefable|move: Trick|[of] p1a: Deoxys
|-item|p1a: Deoxys|Sticky Barb|[from] move: Trick
|-item|p2a: Clefable|Light Clay|[from] move: Trick
|
|-damage|p1a: Deoxys|70/100 brn|[from] brn
|-damage|p1a: Deoxys|58/100 brn|[from] item: Sticky Barb
|upkeep
|turn|9
|c|☆Ghxst of Frogs|rlly?
|c|☆OG)Flamelibra|yeah
|c|☆Ghxst of Frogs|i thought i was the only one who used them i didnt know other ppl do 2
|
|t:|1757943942
|move|p1a: Deoxys|Stealth Rock|p2a: Clefable
|-sidestart|p2: OG)Flamelibra|move: Stealth Rock
|move|p2a: Clefable|Moonblast|p1a: Deoxys
|-damage|p1a: Deoxys|38/100 brn
|
|-damage|p1a: Deoxys|33/100 brn|[from] brn
|-damage|p1a: Deoxys|20/100 brn|[from] item: Sticky Barb
|upkeep
|turn|10
|j| biryanilover
|
|t:|1757944025
|move|p1a: Deoxys|Night Shade|p2a: Clefable
|-damage|p2a: Clefable|75/100
|move|p2a: Clefable|Moonblast|p1a: Deoxys
|-damage|p1a: Deoxys|0 fnt
|faint|p1a: Deoxys
|
|upkeep
|
|t:|1757944030
|switch|p1a: Darkrai|Darkrai|100/100
|-damage|p1a: Darkrai|88/100|[from] Stealth Rock
|turn|11
|c|☆OG)Flamelibra|deoxys speed makes for a great lead
|
|t:|1757944048
|-terastallize|p1a: Darkrai|Poison
|move|p1a: Darkrai|Nasty Plot|p1a: Darkrai
|-boost|p1a: Darkrai|spa|2
|move|p2a: Clefable|Moonblast|p1a: Darkrai
|-resisted|p1a: Darkrai
|-damage|p1a: Darkrai|78/100
|
|-heal|p1a: Darkrai|84/100|[from] item: Leftovers
|upkeep
|turn|12
|c|☆Ghxst of Frogs|thx
|
|t:|1757944059
|-terastallize|p2a: Clefable|Steel
|move|p1a: Darkrai|Sludge Bomb|p2a: Clefable
|-immune|p2a: Clefable
|move|p2a: Clefable|Trick|p1a: Darkrai
|-activate|p2a: Clefable|move: Trick|[of] p1a: Darkrai
|-item|p1a: Darkrai|Light Clay|[from] move: Trick
|-item|p2a: Clefable|Leftovers|[from] move: Trick
|
|-heal|p2a: Clefable|81/100|[from] item: Leftovers
|upkeep
|turn|13
|c|☆Ghxst of Frogs|bruhhh
|c|☆Ghxst of Frogs|fr fr u should un-tera
|
|t:|1757944082
|switch|p2a: Moltres|Moltres|83/100
|move|p1a: Darkrai|Dark Pulse|p2a: Moltres
|-damage|p2a: Moltres|1/100
|
|upkeep
|turn|14
|
|t:|1757944101
|move|p1a: Darkrai|Dark Pulse|p2a: Moltres
|-damage|p2a: Moltres|0 fnt
|faint|p2a: Moltres
|
|-sideend|p1: Ghxst of Frogs|move: Light Screen
|upkeep
|
|t:|1757944116
|switch|p2a: Garchomp|Garchomp, F|100/100
|-damage|p2a: Garchomp|94/100|[from] Stealth Rock
|turn|15
|
|t:|1757944120
|move|p1a: Darkrai|Ice Beam|p2a: Garchomp
|-supereffective|p2a: Garchomp
|-damage|p2a: Garchomp|0 fnt
|faint|p2a: Garchomp
|
|-sideend|p1: Ghxst of Frogs|Reflect
|upkeep
|
|t:|1757944129
|switch|p2a: Weavile|Weavile, F|100/100
|-ability|p2a: Weavile|Pressure
|turn|16
|
|t:|1757944135
|move|p1a: Darkrai|Sludge Bomb|p2a: Weavile
|-damage|p2a: Weavile|0 fnt
|faint|p2a: Weavile
|
|upkeep
|c|☆OG)Flamelibra|gg
|
|t:|1757944141
|switch|p2a: Pecharunt|Pecharunt|100/100
|turn|17
|c|☆Ghxst of Frogs|gg
|
|t:|1757944149
|move|p1a: Darkrai|Dark Pulse|p2a: Pecharunt
|-supereffective|p2a: Pecharunt
|-damage|p2a: Pecharunt|0 fnt
|faint|p2a: Pecharunt
|
|upkeep
|
|t:|1757944154
|switch|p2a: Ogerpon|Ogerpon-Wellspring, F|100/100
|-damage|p2a: Ogerpon|88/100|[from] Stealth Rock
|turn|18
|
|t:|1757944158
|move|p1a: Darkrai|Sludge Bomb|p2a: Ogerpon
|-supereffective|p2a: Ogerpon
|-damage|p2a: Ogerpon|0 fnt
|faint|p2a: Ogerpon
|
|upkeep
|
|t:|1757944162
|switch|p2a: Clefable|Clefable, F, tera:Steel|81/100
|turn|19
|
|t:|1757944166
|move|p1a: Darkrai|Dark Pulse|p2a: Clefable
|-damage|p2a: Clefable|2/100
|move|p2a: Clefable|Moonblast|p1a: Darkrai
|-resisted|p1a: Darkrai
|-damage|p1a: Darkrai|62/100
|-unboost|p1a: Darkrai|spa|1
|
|-heal|p2a: Clefable|8/100|[from] item: Leftovers
|upkeep
|turn|20
|
|t:|1757944169
|move|p1a: Darkrai|Dark Pulse|p2a: Clefable
|-damage|p2a: Clefable|0 fnt
|faint|p2a: Clefable
|
|win|Ghxst of Frogs
|raw|Ghxst of Frogs's rating: 1192 &rarr; <strong>1220</strong><br />(+28 for winning)
|raw|OG)Flamelibra's rating: 1230 &rarr; <strong>1202</strong><br />(-28 for losing)
|l|☆OG)Flamelibra
|player|p2|
|c|☆Ghxst of Frogs|gl man
|l| biryanilover
|l|☆Ghxst of Frogs
|player|p1|
