|j|☆BlackPencil
|j|☆Cruzrooni
|t:|1757903733
|gametype|singles
|player|p1|BlackPencil|alder|1159
|player|p2|Cruzrooni|brock|1209
|gen|9
|tier|[Gen 9] OU
|rated|
|rule|HP Percentage Mod: HP is shown in percentages
|rule|Endless Battle Clause: Forcing endless battles is banned
|rule|Species Clause: Limit one of each Pokémon
|rule|OHKO Clause: OHKO moves are banned
|rule|Evasion Items Clause: Evasion items are banned
|rule|Evasion Moves Clause: Evasion moves are banned
|rule|Evasion Abilities Clause: Evasion abilities are banned
|rule|Sleep Moves Clause: Sleep-inducing moves are banned
|clearpoke
|poke|p1|Landorus-Therian, M|
|poke|p1|Cinderace, M|
|poke|p1|Dragapult, F|
|poke|p1|Kingambit, F|
|poke|p1|Iron Valiant|
|poke|p1|Amoonguss, F|
|poke|p2|Beartic, M|
|poke|p2|Slowking-Galar, F|
|poke|p2|Milotic, F|
|poke|p2|Mamoswine, F|
|poke|p2|Cinderace, M|
|poke|p2|Ninetales-Alola, M|
|teampreview
|inactive|Battle timer is ON: inactive players will automatically lose when time's up. (requested by BlackPencil)
|
|t:|1757903749
|teamsize|p1|6
|teamsize|p2|6
|start
|switch|p1a: Cinderace|Cinderace, M|100/100
|switch|p2a: Milotic|Milotic, F|100/100
|turn|1
|
|t:|1757903761
|move|p1a: Cinderace|U-turn|p2a: Milotic
|-start|p1a: Cinderace|typechange|Bug|[from] ability: Libero
|-damage|p2a: Milotic|73/100
|
|t:|1757903766
|switch|p1a: Amoonguss|Amoonguss, F|100/100|[from] U-turn
|move|p2a: Milotic|Dragon Tail|p1a: Amoonguss|[miss]
|-miss|p2a: Milotic|p1a: Amoonguss
|
|-status|p2a: Milotic|brn|[from] item: Flame Orb
|upkeep
|turn|2
|
|t:|1757903780
|switch|p2a: Slowking|Slowking-Galar, F|100/100
|move|p1a: Amoonguss|Energy Ball|p2a: Slowking
|-resisted|p2a: Slowking
|-damage|p2a: Slowking|93/100
|
|upkeep
|turn|3
|
|t:|1757903791
|switch|p1a: Kingambit|Kingambit, F|100/100
|move|p2a: Slowking|Future Sight|p1a: Kingambit
|-start|p2a: Slowking|move: Future Sight
|
|upkeep
|turn|4
|
|t:|1757903813
|switch|p2a: Milotic|Milotic, F|73/100 brn
|move|p1a: Kingambit|Kowtow Cleave|p2a: Milotic
|-damage|p2a: Milotic|48/100 brn
|
|-damage|p2a: Milotic|42/100 brn|[from] brn
|upkeep
|turn|5
|
|t:|1757903823
|move|p2a: Milotic|Recover|p2a: Milotic
|-heal|p2a: Milotic|92/100 brn
|move|p1a: Kingambit|Iron Head|p2a: Milotic
|-resisted|p2a: Milotic
|-damage|p2a: Milotic|79/100 brn
|
|-end|p1a: Kingambit|move: Future Sight
|-immune|p1a: Kingambit
|-damage|p2a: Milotic|73/100 brn|[from] brn
|upkeep
|turn|6
|
|t:|1757903834
|switch|p1a: Amoonguss|Amoonguss, F|100/100
|move|p2a: Milotic|Scald|p1a: Amoonguss
|-resisted|p1a: Amoonguss
|-damage|p1a: Amoonguss|92/100
|
|-heal|p1a: Amoonguss|98/100|[from] item: Leftovers
|-damage|p2a: Milotic|67/100 brn|[from] brn
|upkeep
|turn|7
|
|t:|1757903844
|switch|p2a: Slowking|Slowking-Galar, F|100/100
|switch|p1a: Landorus|Landorus-Therian, M|100/100
|-ability|p1a: Landorus|Intimidate|boost
|-unboost|p2a: Slowking|atk|1
|
|upkeep
|turn|8
|
|t:|1757903857
|switch|p2a: Ninetales|Ninetales-Alola, M|100/100
|-weather|Snowscape|[from] ability: Snow Warning|[of] p2a: Ninetales
|move|p1a: Landorus|Earthquake|p2a: Ninetales
|-damage|p2a: Ninetales|45/100
|
|-weather|Snowscape|[upkeep]
|upkeep
|turn|9
|
|t:|1757903868
|move|p2a: Ninetales|Moonblast|p1a: Landorus
|-damage|p1a: Landorus|32/100
|move|p1a: Landorus|U-turn|p2a: Ninetales
|-resisted|p2a: Ninetales
|-damage|p2a: Ninetales|32/100
|
|t:|1757903874
|switch|p1a: Kingambit|Kingambit, F|100/100|[from] U-turn
|
|-weather|Snowscape|[upkeep]
|upkeep
|turn|10
|
|t:|1757903879
|switch|p2a: Milotic|Milotic, F|67/100 brn
|move|p1a: Kingambit|Brick Break|p2a: Milotic
|-damage|p2a: Milotic|52/100 brn
|
|-weather|Snowscape|[upkeep]
|-damage|p2a: Milotic|46/100 brn|[from] brn
|upkeep
|turn|11
|
|t:|1757903892
|switch|p1a: Amoonguss|Amoonguss, F|100/100
|move|p2a: Milotic|Recover|p2a: Milotic
|-heal|p2a: Milotic|96/100 brn
|
|-weather|Snowscape|[upkeep]
|-damage|p2a: Milotic|90/100 brn|[from] brn
|upkeep
|turn|12
|
|t:|1757903901
|move|p2a: Milotic|Ice Beam|p1a: Amoonguss
|-supereffective|p1a: Amoonguss
|-damage|p1a: Amoonguss|72/100
|move|p1a: Amoonguss|Sludge Bomb|p2a: Milotic
|-damage|p2a: Milotic|73/100 brn
|
|-weather|none
|-heal|p1a: Amoonguss|79/100|[from] item: Leftovers
|-damage|p2a: Milotic|67/100 brn|[from] brn
|upkeep
|turn|13
|
|t:|1757903910
|switch|p2a: Slowking|Slowking-Galar, F|100/100
|move|p1a: Amoonguss|Energy Ball|p2a: Slowking
|-resisted|p2a: Slowking
|-damage|p2a: Slowking|93/100
|
|-heal|p1a: Amoonguss|85/100|[from] item: Leftovers
|upkeep
|turn|14
|
|t:|1757903925
|move|p1a: Amoonguss|Toxic|p2a: Slowking
|-immune|p2a: Slowking
|-prepare|p2a: Slowking|Chilly Reception|[premajor]
|move|p2a: Slowking|Chilly Reception|p2a: Slowking
|-weather|Snowscape
|
|t:|1757903936
|switch|p2a: Ninetales|Ninetales-Alola, M|32/100|[from] Chilly Reception
|
|-weather|Snowscape|[upkeep]
|-heal|p1a: Amoonguss|91/100|[from] item: Leftovers
|upkeep
|turn|15
|
|t:|1757903943
|switch|p1a: Kingambit|Kingambit, F|100/100
|move|p2a: Ninetales|Blizzard|p1a: Kingambit
|-resisted|p1a: Kingambit
|-damage|p1a: Kingambit|79/100
|
|-weather|Snowscape|[upkeep]
|upkeep
|turn|16
|
|t:|1757903955
|switch|p2a: Milotic|Milotic, F|67/100 brn
|move|p1a: Kingambit|Iron Head|p2a: Milotic
|-resisted|p2a: Milotic
|-damage|p2a: Milotic|53/100 brn
|
|-weather|Snowscape|[upkeep]
|-damage|p2a: Milotic|47/100 brn|[from] brn
|upkeep
|turn|17
|
|t:|1757903962
|move|p2a: Milotic|Recover|p2a: Milotic
|-heal|p2a: Milotic|97/100 brn
|move|p1a: Kingambit|Kowtow Cleave|p2a: Milotic
|-damage|p2a: Milotic|70/100 brn
|
|-weather|Snowscape|[upkeep]
|-damage|p2a: Milotic|64/100 brn|[from] brn
|upkeep
|turn|18
|
|t:|1757903974
|switch|p1a: Amoonguss|Amoonguss, F|100/100
|move|p2a: Milotic|Recover|p2a: Milotic
|-heal|p2a: Milotic|100/100 brn
|
|-weather|Snowscape|[upkeep]
|-damage|p2a: Milotic|94/100 brn|[from] brn
|upkeep
|turn|19
|
|t:|1757903988
|switch|p2a: Slowking|Slowking-Galar, F|100/100
|move|p1a: Amoonguss|Energy Ball|p2a: Slowking
|-resisted|p2a: Slowking
|-damage|p2a: Slowking|92/100
|
|-weather|Snowscape|[upkeep]
|upkeep
|turn|20
|
|t:|1757904001
|switch|p1a: Landorus|Landorus-Therian, M|32/100
|-ability|p1a: Landorus|Intimidate|boost
|-unboost|p2a: Slowking|atk|1
|-prepare|p2a: Slowking|Chilly Reception|[premajor]
|move|p2a: Slowking|Chilly Reception|p2a: Slowking
|
|t:|1757904004
|switch|p2a: Ninetales|Ninetales-Alola, M|32/100|[from] Chilly Reception
|
|-weather|Snowscape|[upkeep]
|-heal|p1a: Landorus|38/100|[from] item: Leftovers
|upkeep
|turn|21
|
|t:|1757904012
|move|p1a: Landorus|Protect|p1a: Landorus
|-singleturn|p1a: Landorus|Protect
|move|p2a: Ninetales|Blizzard|p1a: Landorus
|-activate|p1a: Landorus|move: Protect
|
|-weather|none
|-heal|p1a: Landorus|45/100|[from] item: Leftovers
|upkeep
|turn|22
|
|t:|1757904031
|move|p2a: Ninetales|Blizzard|p1a: Landorus|[miss]
|-miss|p2a: Ninetales|p1a: Landorus
|move|p1a: Landorus|Earthquake|p2a: Ninetales
|-damage|p2a: Ninetales|0 fnt
|faint|p2a: Ninetales
|
|-heal|p1a: Landorus|51/100|[from] item: Leftovers
|upkeep
|
|t:|1757904040
|switch|p2a: Milotic|Milotic, F|94/100 brn
|turn|23
|
|t:|1757904044
|move|p1a: Landorus|Protect|p1a: Landorus
|-singleturn|p1a: Landorus|Protect
|move|p2a: Milotic|Ice Beam|p1a: Landorus
|-activate|p1a: Landorus|move: Protect
|
|-heal|p1a: Landorus|57/100|[from] item: Leftovers
|-damage|p2a: Milotic|88/100 brn|[from] brn
|upkeep
|turn|24
|
|t:|1757904052
|move|p1a: Landorus|U-turn|p2a: Milotic
|-damage|p2a: Milotic|75/100 brn
|
|t:|1757904055
|switch|p1a: Kingambit|Kingambit, F|79/100|[from] U-turn
|move|p2a: Milotic|Scald|p1a: Kingambit
|-damage|p1a: Kingambit|63/100
|
|-damage|p2a: Milotic|69/100 brn|[from] brn
|upkeep
|turn|25
|
|t:|1757904070
|move|p2a: Milotic|Scald|p1a: Kingambit
|-damage|p1a: Kingambit|45/100
|move|p1a: Kingambit|Kowtow Cleave|p2a: Milotic
|-crit|p2a: Milotic
|-damage|p2a: Milotic|26/100 brn
|
|-damage|p2a: Milotic|20/100 brn|[from] brn
|upkeep
|turn|26
|
|t:|1757904091
|switch|p1a: Amoonguss|Amoonguss, F|100/100
|move|p2a: Milotic|Recover|p2a: Milotic
|-heal|p2a: Milotic|70/100 brn
|
|-damage|p2a: Milotic|64/100 brn|[from] brn
|upkeep
|turn|27
|
|t:|1757904098
|switch|p2a: Slowking|Slowking-Galar, F|100/100
|switch|p1a: Landorus|Landorus-Therian, M|57/100
|-ability|p1a: Landorus|Intimidate|boost
|-unboost|p2a: Slowking|atk|1
|
|-heal|p1a: Landorus|63/100|[from] item: Leftovers
|upkeep
|turn|28
|
|t:|1757904119
|switch|p2a: Milotic|Milotic, F|64/100 brn
|move|p1a: Landorus|Stealth Rock|p2a: Milotic
|-sidestart|p2: Cruzrooni|move: Stealth Rock
|
|-heal|p1a: Landorus|70/100|[from] item: Leftovers
|-damage|p2a: Milotic|58/100 brn|[from] brn
|upkeep
|turn|29
|
|t:|1757904132
|move|p1a: Landorus|U-turn|p2a: Milotic
|-damage|p2a: Milotic|43/100 brn
|
|t:|1757904138
|switch|p1a: Amoonguss|Amoonguss, F|100/100|[from] U-turn
|move|p2a: Milotic|Recover|p2a: Milotic
|-heal|p2a: Milotic|93/100 brn
|
|-damage|p2a: Milotic|87/100 brn|[from] brn
|upkeep
|turn|30
|
|t:|1757904149
|switch|p1a: Landorus|Landorus-Therian, M|70/100
|-ability|p1a: Landorus|Intimidate|boost
|-unboost|p2a: Milotic|atk|1
|move|p2a: Milotic|Dragon Tail|p1a: Landorus
|-damage|p1a: Landorus|66/100
|drag|p1a: Amoonguss|Amoonguss, F|100/100
|
|-damage|p2a: Milotic|81/100 brn|[from] brn
|upkeep
|turn|31
|
|t:|1757904158
|switch|p2a: Slowking|Slowking-Galar, F|100/100
|-damage|p2a: Slowking|88/100|[from] Stealth Rock
|move|p1a: Amoonguss|Energy Ball|p2a: Slowking
|-resisted|p2a: Slowking
|-damage|p2a: Slowking|80/100
|
|upkeep
|turn|32
|
|t:|1757904173
|switch|p1a: Landorus|Landorus-Therian, M|66/100
|-ability|p1a: Landorus|Intimidate|boost
|-unboost|p2a: Slowking|atk|1
|-prepare|p2a: Slowking|Chilly Reception|[premajor]
|move|p2a: Slowking|Chilly Reception|p2a: Slowking
|-weather|Snowscape
|
|t:|1757904190
|switch|p2a: Milotic|Milotic, F|81/100 brn|[from] Chilly Reception
|-damage|p2a: Milotic|69/100 brn|[from] Stealth Rock
|
|-weather|Snowscape|[upkeep]
|-heal|p1a: Landorus|72/100|[from] item: Leftovers
|-damage|p2a: Milotic|62/100 brn|[from] brn
|upkeep
|turn|33
|
|t:|1757904198
|move|p1a: Landorus|Protect|p1a: Landorus
|-singleturn|p1a: Landorus|Protect
|move|p2a: Milotic|Ice Beam|p1a: Landorus
|-activate|p1a: Landorus|move: Protect
|
|-weather|Snowscape|[upkeep]
|-heal|p1a: Landorus|78/100|[from] item: Leftovers
|-damage|p2a: Milotic|56/100 brn|[from] brn
|upkeep
|turn|34
|
|t:|1757904206
|move|p1a: Landorus|U-turn|p2a: Milotic
|-damage|p2a: Milotic|43/100 brn
|
|t:|1757904210
|switch|p1a: Amoonguss|Amoonguss, F|100/100|[from] U-turn
|move|p2a: Milotic|Recover|p2a: Milotic
|-heal|p2a: Milotic|93/100 brn
|
|-weather|Snowscape|[upkeep]
|-damage|p2a: Milotic|87/100 brn|[from] brn
|upkeep
|turn|35
|
|t:|1757904220
|switch|p2a: Slowking|Slowking-Galar, F|100/100
|-damage|p2a: Slowking|88/100|[from] Stealth Rock
|move|p1a: Amoonguss|Energy Ball|p2a: Slowking
|-resisted|p2a: Slowking
|-damage|p2a: Slowking|80/100
|
|-weather|Snowscape|[upkeep]
|upkeep
|turn|36
|
|t:|1757904237
|switch|p1a: Landorus|Landorus-Therian, M|78/100
|-ability|p1a: Landorus|Intimidate|boost
|-unboost|p2a: Slowking|atk|1
|switch|p2a: Cinderace|Cinderace, M|100/100
|
|-weather|Snowscape|[upkeep]
|-heal|p1a: Landorus|85/100|[from] item: Leftovers
|upkeep
|turn|37
|
|t:|1757904245
|move|p2a: Cinderace|Court Change|p2a: Cinderace
|-start|p2a: Cinderace|typechange|Normal|[from] ability: Libero
|-swapsideconditions
|-activate|p2a: Cinderace|move: Court Change
|move|p1a: Landorus|Earthquake|p2a: Cinderace
|-damage|p2a: Cinderace|25/100
|
|-weather|Snowscape|[upkeep]
|-heal|p1a: Landorus|91/100|[from] item: Leftovers
|upkeep
|turn|38
|
|t:|1757904256
|move|p2a: Cinderace|U-turn|p1a: Landorus
|-resisted|p1a: Landorus
|-crit|p1a: Landorus
|-damage|p1a: Landorus|70/100
|
|t:|1757904260
|switch|p2a: Teddy|Beartic, M, shiny|100/100|[from] U-turn
|move|p1a: Landorus|Stealth Rock|p2a: Teddy
|-sidestart|p2: Cruzrooni|move: Stealth Rock
|
|-weather|Snowscape|[upkeep]
|-heal|p1a: Landorus|76/100|[from] item: Leftovers
|upkeep
|turn|39
|
|t:|1757904267
|move|p2a: Teddy|Icicle Spear|p1a: Landorus
|-supereffective|p1a: Landorus
|-damage|p1a: Landorus|20/100
|-supereffective|p1a: Landorus
|-damage|p1a: Landorus|0 fnt
|faint|p1a: Landorus
|-hitcount|p1: Landorus|2
|
|-weather|none
|upkeep
|
|t:|1757904277
|switch|p1a: Dragapult|Dragapult, F|100/100
|-damage|p1a: Dragapult|88/100|[from] Stealth Rock
|turn|40
|
|t:|1757904294
|switch|p2a: Milotic|Milotic, F|87/100 brn
|-damage|p2a: Milotic|74/100 brn|[from] Stealth Rock
|-terastallize|p1a: Dragapult|Fairy
|move|p1a: Dragapult|Flamethrower|p2a: Milotic
|-resisted|p2a: Milotic
|-damage|p2a: Milotic|63/100 brn
|-damage|p1a: Dragapult|78/100|[from] item: Life Orb
|
|-damage|p2a: Milotic|57/100 brn|[from] brn
|upkeep
|turn|41
|
|t:|1757904305
|move|p1a: Dragapult|Draco Meteor|p2a: Milotic
|-damage|p2a: Milotic|10/100 brn
|-unboost|p1a: Dragapult|spa|2
|-damage|p1a: Dragapult|69/100|[from] item: Life Orb
|move|p2a: Milotic|Recover|p2a: Milotic
|-heal|p2a: Milotic|60/100 brn
|
|-damage|p2a: Milotic|54/100 brn|[from] brn
|upkeep
|turn|42
|
|t:|1757904316
|switch|p1a: Amoonguss|Amoonguss, F|100/100
|-damage|p1a: Amoonguss|88/100|[from] Stealth Rock
|switch|p2a: Slowking|Slowking-Galar, F|100/100
|-damage|p2a: Slowking|88/100|[from] Stealth Rock
|
|-heal|p1a: Amoonguss|94/100|[from] item: Leftovers
|upkeep
|turn|43
|
|t:|1757904328
|move|p1a: Amoonguss|Toxic|p2a: Slowking
|-immune|p2a: Slowking
|-prepare|p2a: Slowking|Chilly Reception|[premajor]
|move|p2a: Slowking|Chilly Reception|p2a: Slowking
|-weather|Snowscape
|
|t:|1757904333
|switch|p2a: Teddy|Beartic, M, shiny|100/100|[from] Chilly Reception
|-damage|p2a: Teddy|76/100|[from] Stealth Rock
|
|-weather|Snowscape|[upkeep]
|-heal|p1a: Amoonguss|100/100|[from] item: Leftovers
|upkeep
|turn|44
|
|t:|1757904339
|move|p1a: Amoonguss|Protect|p1a: Amoonguss
|-singleturn|p1a: Amoonguss|Protect
|move|p2a: Teddy|Swords Dance|p2a: Teddy
|-boost|p2a: Teddy|atk|2
|
|-weather|Snowscape|[upkeep]
|upkeep
|turn|45
|
|t:|1757904346
|move|p2a: Teddy|Icicle Spear|p1a: Amoonguss
|-supereffective|p1a: Amoonguss
|-damage|p1a: Amoonguss|44/100
|-supereffective|p1a: Amoonguss
|-damage|p1a: Amoonguss|0 fnt
|faint|p1a: Amoonguss
|-hitcount|p1: Amoonguss|2
|
|-weather|Snowscape|[upkeep]
|upkeep
|
|t:|1757904357
|switch|p1a: Cinderace|Cinderace, M|100/100
|-damage|p1a: Cinderace|76/100|[from] Stealth Rock
|turn|46
|
|t:|1757904361
|move|p1a: Cinderace|Pyro Ball|p2a: Teddy
|-supereffective|p2a: Teddy
|-damage|p2a: Teddy|0 fnt
|faint|p2a: Teddy
|
|-weather|Snowscape|[upkeep]
|upkeep
|
|t:|1757904376
|switch|p2a: Milotic|Milotic, F|54/100 brn
|-damage|p2a: Milotic|42/100 brn|[from] Stealth Rock
|turn|47
|
|t:|1757904381
|move|p1a: Cinderace|Pyro Ball|p2a: Milotic
|-resisted|p2a: Milotic
|-damage|p2a: Milotic|25/100 brn
|move|p2a: Milotic|Scald|p1a: Cinderace
|-supereffective|p1a: Cinderace
|-damage|p1a: Cinderace|3/100
|
|-weather|Snowscape|[upkeep]
|-damage|p2a: Milotic|19/100 brn|[from] brn
|upkeep
|turn|48
|
|t:|1757904389
|move|p1a: Cinderace|Pyro Ball|p2a: Milotic
|-resisted|p2a: Milotic
|-damage|p2a: Milotic|4/100 brn
|move|p2a: Milotic|Scald|p1a: Cinderace
|-supereffective|p1a: Cinderace
|-crit|p1a: Cinderace
|-damage|p1a: Cinderace|0 fnt
|faint|p1a: Cinderace
|
|-weather|Snowscape|[upkeep]
|-damage|p2a: Milotic|0 fnt|[from] brn
|faint|p2a: Milotic
|upkeep
|
|t:|1757904410
|switch|p1a: Dragapult|Dragapult, F, tera:Fairy|69/100
|switch|p2a: Cinderace|Cinderace, M|25/100
|-damage|p1a: Dragapult|56/100|[from] Stealth Rock
|turn|49
|
|t:|1757904418
|move|p1a: Dragapult|Surf|p2a: Cinderace
|-supereffective|p2a: Cinderace
|-damage|p2a: Cinderace|0 fnt
|faint|p2a: Cinderace
|-damage|p1a: Dragapult|47/100|[from] item: Life Orb
|
|-weather|Snowscape|[upkeep]
|upkeep
|
|t:|1757904422
|switch|p2a: Slowking|Slowking-Galar, F|100/100
|-damage|p2a: Slowking|88/100|[from] Stealth Rock
|turn|50
|
|t:|1757904430
|move|p1a: Dragapult|Draco Meteor|p2a: Slowking
|-damage|p2a: Slowking|41/100
|-unboost|p1a: Dragapult|spa|2
|-damage|p1a: Dragapult|37/100|[from] item: Life Orb
|-prepare|p2a: Slowking|Chilly Reception|[premajor]
|move|p2a: Slowking|Chilly Reception|p2a: Slowking
|
|t:|1757904435
|switch|p2a: Mamoswine|Mamoswine, F|100/100|[from] Chilly Reception
|-damage|p2a: Mamoswine|88/100|[from] Stealth Rock
|
|-weather|none
|upkeep
|turn|51
|
|t:|1757904443
|move|p2a: Mamoswine|Ice Shard|p1a: Dragapult
|-damage|p1a: Dragapult|7/100
|move|p1a: Dragapult|Flamethrower|p2a: Mamoswine
|-supereffective|p2a: Mamoswine
|-damage|p2a: Mamoswine|40/100
|-damage|p1a: Dragapult|0 fnt|[from] item: Life Orb
|faint|p1a: Dragapult
|
|upkeep
|
|t:|1757904451
|switch|p1a: Iron Valiant|Iron Valiant|100/100
|-damage|p1a: Iron Valiant|94/100|[from] Stealth Rock
|-enditem|p1a: Iron Valiant|Booster Energy
|-activate|p1a: Iron Valiant|ability: Quark Drive|[fromitem]
|-start|p1a: Iron Valiant|quarkdrivespe
|turn|52
|-message|Cruzrooni forfeited.
|
|win|BlackPencil
|raw|BlackPencil's rating: 1159 &rarr; <strong>1188</strong><br />(+29 for winning)
|raw|Cruzrooni's rating: 1209 &rarr; <strong>1180</strong><br />(-29 for losing)
|l|☆Cruzrooni
|player|p2|
