|j|☆Flame67
|j|☆kwsjjdjwjshshsjsja
|t:|1757944293
|gametype|singles
|player|p1|Flame67|dragontamer|1359
|player|p2|kwsjjdjwjshshsjsja|red|1363
|gen|9
|tier|[Gen 9] OU
|rated|
|rule|HP Percentage Mod: HP is shown in percentages
|rule|Endless Battle Clause: Forcing endless battles is banned
|rule|Species Clause: Limit one of each Pokémon
|rule|OHKO Clause: OHKO moves are banned
|rule|Evasion Items Clause: Evasion items are banned
|rule|Evasion Moves Clause: Evasion moves are banned
|rule|Evasion Abilities Clause: Evasion abilities are banned
|rule|Sleep Moves Clause: Sleep-inducing moves are banned
|clearpoke
|poke|p1|Hoopa-Unbound|
|poke|p1|Slowking-Galar, F|
|poke|p1|Alomomola, M|
|poke|p1|Great Tusk|
|poke|p1|Kingambit, F|
|poke|p1|Dragapult, M|
|poke|p2|Typhlosion-Hisui, F|
|poke|p2|Skarmory, M|
|poke|p2|Slither Wing|
|poke|p2|Torkoal, F|
|poke|p2|Crawdaunt, F|
|poke|p2|Iron Moth|
|teampreview
|inactive|Battle timer is ON: inactive players will automatically lose when time's up. (requested by kwsjjdjwjshshsjsja)
|
|t:|1757944324
|teamsize|p1|6
|teamsize|p2|6
|start
|switch|p1a: Great Tusk|Great Tusk|100/100
|switch|p2a: Skarmory|Skarmory, M|100/100
|turn|1
|
|t:|1757944341
|move|p1a: Great Tusk|Stealth Rock|p2a: Skarmory
|-sidestart|p2: kwsjjdjwjshshsjsja|move: Stealth Rock
|move|p2a: Skarmory|Body Press|p1a: Great Tusk
|-damage|p1a: Great Tusk|79/100
|-damage|p2a: Skarmory|84/100|[from] item: Rocky Helmet|[of] p1a: Great Tusk
|
|-heal|p2a: Skarmory|90/100|[from] item: Leftovers
|upkeep
|turn|2
|
|t:|1757944347
|-end|p1a: Great Tusk|Protosynthesis|[silent]
|switch|p1a: Dragapult|Dragapult, M|100/100
|move|p2a: Skarmory|Stealth Rock|p1a: Dragapult
|-sidestart|p1: Flame67|move: Stealth Rock
|
|-heal|p2a: Skarmory|96/100|[from] item: Leftovers
|upkeep
|turn|3
|
|t:|1757944355
|move|p1a: Dragapult|Shadow Ball|p2a: Skarmory
|-damage|p2a: Skarmory|31/100
|move|p2a: Skarmory|Spikes|p1a: Dragapult
|-sidestart|p1: Flame67|Spikes
|
|-heal|p2a: Skarmory|37/100|[from] item: Leftovers
|upkeep
|turn|4
|
|t:|1757944358
|move|p1a: Dragapult|Shadow Ball|p2a: Skarmory
|-damage|p2a: Skarmory|0 fnt
|faint|p2a: Skarmory
|
|upkeep
|
|t:|1757944378
|switch|p2a: Typhlosion|Typhlosion-Hisui, F|100/100
|-damage|p2a: Typhlosion|76/100|[from] Stealth Rock
|-item|p1a: Dragapult|Choice Specs|[from] ability: Frisk|[of] p2a: Typhlosion
|turn|5
|
|t:|1757944382
|move|p2a: Typhlosion|Shadow Ball|p1a: Dragapult
|-supereffective|p1a: Dragapult
|-damage|p1a: Dragapult|0 fnt
|faint|p1a: Dragapult
|
|upkeep
|
|t:|1757944390
|switch|p1a: Kingambit|Kingambit, F|100/100
|-damage|p1a: Kingambit|94/100|[from] Stealth Rock
|-damage|p1a: Kingambit|82/100|[from] Spikes
|-activate|p1a: Kingambit|ability: Supreme Overlord
|-start|p1a: Kingambit|fallen1|[silent]
|turn|6
|
|t:|1757944401
|switch|p2a: Torkoal|Torkoal, F|100/100
|-damage|p2a: Torkoal|76/100|[from] Stealth Rock
|-weather|SunnyDay|[from] ability: Drought|[of] p2a: Torkoal
|move|p1a: Kingambit|Iron Head|p2a: Torkoal
|-resisted|p2a: Torkoal
|-damage|p2a: Torkoal|57/100
|
|-weather|SunnyDay|[upkeep]
|-heal|p1a: Kingambit|88/100|[from] item: Leftovers
|upkeep
|turn|7
|
|t:|1757944408
|-end|p1a: Kingambit|fallen1|[silent]
|switch|p1a: Alomomola|Alomomola, M|100/100
|move|p2a: Torkoal|Rapid Spin|p1a: Alomomola
|-damage|p1a: Alomomola|95/100
|-boost|p2a: Torkoal|spe|1
|-sideend|p2: kwsjjdjwjshshsjsja|Stealth Rock|[from] move: Rapid Spin|[of] p2a: Torkoal
|
|-weather|SunnyDay|[upkeep]
|upkeep
|turn|8
|
|t:|1757944437
|switch|p2a: Typhlosion|Typhlosion-Hisui, F|76/100
|-item|p1a: Alomomola|Heavy-Duty Boots|[from] ability: Frisk|[of] p2a: Typhlosion
|move|p1a: Alomomola|Flip Turn|p2a: Typhlosion
|-supereffective|p2a: Typhlosion
|-damage|p2a: Typhlosion|54/100
|
|t:|1757944446
|switch|p1a: Kingambit|Kingambit, F|88/100|[from] Flip Turn
|-damage|p1a: Kingambit|82/100|[from] Stealth Rock
|-damage|p1a: Kingambit|70/100|[from] Spikes
|-activate|p1a: Kingambit|ability: Supreme Overlord
|-start|p1a: Kingambit|fallen1|[silent]
|
|-weather|SunnyDay|[upkeep]
|-heal|p1a: Kingambit|76/100|[from] item: Leftovers
|upkeep
|turn|9
|
|t:|1757944453
|move|p1a: Kingambit|Sucker Punch|p2a: Typhlosion
|-supereffective|p2a: Typhlosion
|-damage|p2a: Typhlosion|0 fnt
|faint|p2a: Typhlosion
|
|-weather|SunnyDay|[upkeep]
|-heal|p1a: Kingambit|82/100|[from] item: Leftovers
|upkeep
|
|t:|1757944463
|switch|p2a: Iron Moth|Iron Moth|100/100
|-enditem|p2a: Iron Moth|Booster Energy
|-activate|p2a: Iron Moth|ability: Quark Drive|[fromitem]
|-start|p2a: Iron Moth|quarkdrivespa
|turn|10
|
|t:|1757944469
|-end|p1a: Kingambit|fallen1|[silent]
|switch|p1a: Glowking|Slowking-Galar, F|100/100
|move|p2a: Iron Moth|Fiery Dance|p1a: Glowking
|-damage|p1a: Glowking|35/100
|
|-weather|SunnyDay|[upkeep]
|upkeep
|turn|11
|
|t:|1757944479
|move|p2a: Iron Moth|Fiery Dance|p1a: Glowking
|-damage|p1a: Glowking|0 fnt
|faint|p1a: Glowking
|
|-weather|SunnyDay|[upkeep]
|upkeep
|
|t:|1757944486
|switch|p1a: Kingambit|Kingambit, F|82/100
|-damage|p1a: Kingambit|76/100|[from] Stealth Rock
|-damage|p1a: Kingambit|63/100|[from] Spikes
|-activate|p1a: Kingambit|ability: Supreme Overlord
|-start|p1a: Kingambit|fallen2|[silent]
|turn|12
|
|t:|1757944488
|move|p1a: Kingambit|Sucker Punch|p2a: Iron Moth
|-damage|p2a: Iron Moth|15/100
|move|p2a: Iron Moth|Fiery Dance|p1a: Kingambit
|-supereffective|p1a: Kingambit
|-damage|p1a: Kingambit|0 fnt
|faint|p1a: Kingambit
|-end|p1a: Kingambit|fallen2|[silent]
|
|-weather|SunnyDay|[upkeep]
|upkeep
|-message|Flame67 forfeited.
|
|win|kwsjjdjwjshshsjsja
|raw|Flame67's rating: 1359 &rarr; <strong>1339</strong><br />(-20 for losing)
|raw|kwsjjdjwjshshsjsja's rating: 1363 &rarr; <strong>1383</strong><br />(+20 for winning)
|l|☆Flame67
|player|p1|
|l|☆kwsjjdjwjshshsjsja
|player|p2|
