|j|☆Mr important
|j|☆MnTomaslic
|t:|1757945032
|gametype|singles
|player|p1|Mr important|266|1326
|player|p2|MnTomaslic|266|1363
|gen|9
|tier|[Gen 9] OU
|rated|
|rule|HP Percentage Mod: HP is shown in percentages
|rule|Endless Battle Clause: Forcing endless battles is banned
|rule|Species Clause: Limit one of each Pokémon
|rule|OHKO Clause: OHKO moves are banned
|rule|Evasion Items Clause: Evasion items are banned
|rule|Evasion Moves Clause: Evasion moves are banned
|rule|Evasion Abilities Clause: Evasion abilities are banned
|rule|Sleep Moves Clause: Sleep-inducing moves are banned
|clearpoke
|poke|p1|Alomomola, M|
|poke|p1|Dragalge, F|
|poke|p1|Lokix, M|
|poke|p1|Great Tusk|
|poke|p1|Gholdengo|
|poke|p1|Moltres|
|poke|p2|Torkoal, M|
|poke|p2|Brute Bonnet|
|poke|p2|Walking Wake|
|poke|p2|Hatterene, F|
|poke|p2|Thundurus-Therian, M|
|poke|p2|Ceruledge, F|
|teampreview
|inactive|Battle timer is ON: inactive players will automatically lose when time's up. (requested by Mr important)
|inactive|MnTomaslic also wants the timer to be on.
|
|t:|1757945041
|teamsize|p1|6
|teamsize|p2|6
|start
|switch|p1a: Dragalge|Dragalge, F|100/100
|switch|p2a: Great Bait|Torkoal, M, shiny|100/100
|-weather|SunnyDay|[from] ability: Drought|[of] p2a: Great Bait
|turn|1
|
|t:|1757945057
|switch|p2a: Shark|Walking Wake|100/100
|-activate|p2a: Shark|ability: Protosynthesis
|-start|p2a: Shark|protosynthesisspe
|move|p1a: Dragalge|Sludge Wave|p2a: Shark
|-damage|p2a: Shark|29/100
|
|-weather|SunnyDay|[upkeep]
|upkeep
|turn|2
|
|t:|1757945066
|switch|p1a: Alomomola|Alomomola, M|100/100
|move|p2a: Shark|Draco Meteor|p1a: Alomomola
|-damage|p1a: Alomomola|65/100
|-unboost|p2a: Shark|spa|2
|
|-weather|SunnyDay|[upkeep]
|upkeep
|turn|3
|
|t:|1757945069
|move|p2a: Shark|Flip Turn|p1a: Alomomola
|-resisted|p1a: Alomomola
|-damage|p1a: Alomomola|63/100
|
|t:|1757945073
|-end|p2a: Shark|Protosynthesis|[silent]
|switch|p2a: BRUTE FORCE|Brute Bonnet|100/100|[from] Flip Turn
|-activate|p2a: BRUTE FORCE|ability: Protosynthesis
|-start|p2a: BRUTE FORCE|protosynthesisatk
|move|p1a: Alomomola|Flip Turn|p2a: BRUTE FORCE
|-resisted|p2a: BRUTE FORCE
|-damage|p2a: BRUTE FORCE|97/100
|
|t:|1757945076
|switch|p1a: Lokix|Lokix, M|100/100|[from] Flip Turn
|
|-weather|SunnyDay|[upkeep]
|upkeep
|turn|4
|
|t:|1757945088
|-terastallize|p2a: BRUTE FORCE|Fire
|move|p1a: Lokix|U-turn|p2a: BRUTE FORCE
|-resisted|p2a: BRUTE FORCE
|-damage|p2a: BRUTE FORCE|52/100
|
|t:|1757945093
|switch|p1a: Moltres|Moltres|100/100|[from] U-turn
|move|p2a: BRUTE FORCE|Tera Blast|p1a: Moltres|[anim] Tera Blast Fire
|-resisted|p1a: Moltres
|-damage|p1a: Moltres|58/100
|
|-weather|SunnyDay|[upkeep]
|upkeep
|turn|5
|
|t:|1757945100
|move|p1a: Moltres|Roost|p1a: Moltres
|-heal|p1a: Moltres|100/100
|-singleturn|p1a: Moltres|move: Roost
|move|p2a: BRUTE FORCE|Bullet Seed|p1a: Moltres
|-resisted|p1a: Moltres
|-damage|p1a: Moltres|91/100
|-resisted|p1a: Moltres
|-damage|p1a: Moltres|82/100
|-resisted|p1a: Moltres
|-damage|p1a: Moltres|73/100
|-resisted|p1a: Moltres
|-damage|p1a: Moltres|64/100
|-resisted|p1a: Moltres
|-damage|p1a: Moltres|55/100
|-hitcount|p1a: Moltres|5
|
|-weather|SunnyDay|[upkeep]
|upkeep
|turn|6
|
|t:|1757945112
|move|p1a: Moltres|Flamethrower|p2a: BRUTE FORCE
|-resisted|p2a: BRUTE FORCE
|-damage|p2a: BRUTE FORCE|26/100
|move|p2a: BRUTE FORCE|Growth|p2a: BRUTE FORCE
|-boost|p2a: BRUTE FORCE|atk|2
|-boost|p2a: BRUTE FORCE|spa|2
|
|-weather|SunnyDay|[upkeep]
|upkeep
|turn|7
|
|t:|1757945118
|move|p2a: BRUTE FORCE|Sucker Punch||[still]
|-fail|p2a: BRUTE FORCE
|move|p1a: Moltres|Roar|p2a: BRUTE FORCE
|-end|p2a: BRUTE FORCE|Protosynthesis|[silent]
|drag|p2a: Shark|Walking Wake|29/100
|-activate|p2a: Shark|ability: Protosynthesis
|-start|p2a: Shark|protosynthesisspe
|
|-weather|SunnyDay|[upkeep]
|upkeep
|turn|8
|
|t:|1757945121
|switch|p1a: Alomomola|Alomomola, M|96/100
|move|p2a: Shark|Hydro Steam|p1a: Alomomola
|-resisted|p1a: Alomomola
|-damage|p1a: Alomomola|79/100
|
|-weather|none
|-end|p2a: Shark|Protosynthesis
|upkeep
|turn|9
|
|t:|1757945123
|move|p2a: Shark|Flip Turn|p1a: Alomomola
|-resisted|p1a: Alomomola
|-crit|p1a: Alomomola
|-damage|p1a: Alomomola|72/100
|
|t:|1757945128
|-end|p2a: Shark|Protosynthesis|[silent]
|switch|p2a: Storm|Thundurus-Therian, M|100/100|[from] Flip Turn
|move|p1a: Alomomola|Flip Turn|p2a: Storm
|-damage|p2a: Storm|77/100
|
|t:|1757945134
|switch|p1a: Dragalge|Dragalge, F|100/100|[from] Flip Turn
|
|upkeep
|turn|10
|
|t:|1757945137
|move|p2a: Storm|Volt Switch|p1a: Dragalge
|-resisted|p1a: Dragalge
|-crit|p1a: Dragalge
|-damage|p1a: Dragalge|63/100
|
|t:|1757945145
|switch|p2a: Knight|Ceruledge, F|100/100|[from] Volt Switch
|move|p1a: Dragalge|Sludge Wave|p2a: Knight
|-resisted|p2a: Knight
|-damage|p2a: Knight|46/100
|
|upkeep
|turn|11
|
|t:|1757945155
|switch|p1a: Lokix|Lokix, M|100/100
|move|p2a: Knight|Poltergeist|p1a: Lokix
|-activate|p1a: Lokix|move: Poltergeist|Choice Band
|-resisted|p1a: Lokix
|-damage|p1a: Lokix|56/100
|
|upkeep
|turn|12
|
|t:|1757945161
|-terastallize|p1a: Lokix|Bug
|move|p1a: Lokix|First Impression|p2a: Knight
|-resisted|p2a: Knight
|-damage|p2a: Knight|0 fnt
|faint|p2a: Knight
|
|upkeep
|
|t:|1757945167
|switch|p2a: Storm|Thundurus-Therian, M|77/100
|turn|13
|
|t:|1757945171
|switch|p1a: Dragalge|Dragalge, F|63/100
|move|p2a: Storm|Grass Knot|p1a: Dragalge
|-resisted|p1a: Dragalge
|-damage|p1a: Dragalge|53/100
|
|upkeep
|turn|14
|
|t:|1757945176
|switch|p2a: Great Bait|Torkoal, M, shiny|100/100
|-weather|SunnyDay|[from] ability: Drought|[of] p2a: Great Bait
|move|p1a: Dragalge|Sludge Wave|p2a: Great Bait
|-damage|p2a: Great Bait|0 fnt
|faint|p2a: Great Bait
|
|-weather|SunnyDay|[upkeep]
|upkeep
|
|t:|1757945183
|switch|p2a: BRUTE FORCE|Brute Bonnet, tera:Fire|26/100
|-activate|p2a: BRUTE FORCE|ability: Protosynthesis
|-start|p2a: BRUTE FORCE|protosynthesisatk
|turn|15
|
|t:|1757945195
|switch|p1a: Moltres|Moltres|55/100
|move|p2a: BRUTE FORCE|Sucker Punch||[still]
|-fail|p2a: BRUTE FORCE
|
|-weather|SunnyDay|[upkeep]
|upkeep
|turn|16
|
|t:|1757945200
|move|p1a: Moltres|Flamethrower|p2a: BRUTE FORCE
|-resisted|p2a: BRUTE FORCE
|-damage|p2a: BRUTE FORCE|3/100
|move|p2a: BRUTE FORCE|Growth|p2a: BRUTE FORCE
|-boost|p2a: BRUTE FORCE|atk|2
|-boost|p2a: BRUTE FORCE|spa|2
|
|-weather|SunnyDay|[upkeep]
|upkeep
|turn|17
|
|t:|1757945205
|move|p1a: Moltres|Flamethrower|p2a: BRUTE FORCE
|-resisted|p2a: BRUTE FORCE
|-crit|p2a: BRUTE FORCE
|-damage|p2a: BRUTE FORCE|0 fnt
|faint|p2a: BRUTE FORCE
|-end|p2a: BRUTE FORCE|Protosynthesis|[silent]
|
|-weather|SunnyDay|[upkeep]
|upkeep
|-message|MnTomaslic forfeited.
|
|win|Mr important
|raw|Mr important's rating: 1326 &rarr; <strong>1348</strong><br />(+22 for winning)
|raw|MnTomaslic's rating: 1363 &rarr; <strong>1341</strong><br />(-22 for losing)
|l|☆MnTomaslic
|player|p2|
|l|☆Mr important
|player|p1|
