|j|☆Hyjack
|j|☆Upbeatostrich
|t:|1757912659
|gametype|singles
|player|p1|Hyjack|cynthia-gen4|1186
|player|p2|Upbeatostrich|smasher|1158
|gen|9
|tier|[Gen 9] OU
|rated|
|rule|HP Percentage Mod: HP is shown in percentages
|rule|Endless Battle Clause: Forcing endless battles is banned
|rule|Species Clause: Limit one of each Pokémon
|rule|OHKO Clause: OHKO moves are banned
|rule|Evasion Items Clause: Evasion items are banned
|rule|Evasion Moves Clause: Evasion moves are banned
|rule|Evasion Abilities Clause: Evasion abilities are banned
|rule|Sleep Moves Clause: Sleep-inducing moves are banned
|clearpoke
|poke|p1|Hydrapple, F|
|poke|p1|Primarina, M|
|poke|p1|Heatran, M|
|poke|p1|Thundurus, M|
|poke|p1|Great Tusk|
|poke|p1|Scizor, F|
|poke|p2|Alomomola, F|
|poke|p2|Grafaiai, F|
|poke|p2|Clodsire, F|
|poke|p2|Salazzle, F|
|poke|p2|Ting-Lu|
|poke|p2|Altaria, F|
|teampreview
|inactive|Battle timer is ON: inactive players will automatically lose when time's up. (requested by Upbeatostrich)
|
|t:|1757912671
|teamsize|p1|6
|teamsize|p2|6
|start
|switch|p1a: Hydrapple|Hydrapple, F|100/100
|switch|p2a: Smiles|Clodsire, F|100/100
|turn|1
|
|t:|1757912678
|move|p1a: Hydrapple|Draco Meteor|p2a: Smiles
|-damage|p2a: Smiles|58/100
|-unboost|p1a: Hydrapple|spa|2
|-enditem|p1a: Hydrapple|Eject Pack
|
|t:|1757912684
|switch|p1a: Great Tusk|Great Tusk|100/100
|move|p2a: Smiles|Toxic Spikes|p1a: Great Tusk
|-sidestart|p1: Hyjack|move: Toxic Spikes
|
|upkeep
|turn|2
|
|t:|1757912691
|switch|p2a: Whistle|Ting-Lu|100/100
|-ability|p2a: Whistle|Vessel of Ruin
|move|p1a: Great Tusk|Rapid Spin|p2a: Whistle
|-damage|p2a: Whistle|93/100
|-boost|p1a: Great Tusk|spe|1
|-sideend|p1: Hyjack|Toxic Spikes|[from] move: Rapid Spin|[of] p1a: Great Tusk
|
|upkeep
|turn|3
|
|t:|1757912698
|-terastallize|p2a: Whistle|Ghost
|move|p1a: Great Tusk|Close Combat|p2a: Whistle
|-immune|p2a: Whistle
|move|p2a: Whistle|Stealth Rock|p1a: Great Tusk
|-sidestart|p1: Hyjack|move: Stealth Rock
|
|upkeep
|turn|4
|
|t:|1757912713
|-end|p1a: Great Tusk|Protosynthesis|[silent]
|switch|p1a: Hydrapple|Hydrapple, F|100/100
|-damage|p1a: Hydrapple|88/100|[from] Stealth Rock
|move|p2a: Whistle|Ruination|p1a: Hydrapple|[miss]
|-miss|p2a: Whistle|p1a: Hydrapple
|
|upkeep
|turn|5
|
|t:|1757912721
|switch|p2a: Smiles|Clodsire, F|58/100
|move|p1a: Hydrapple|Recycle|p1a: Hydrapple
|-item|p1a: Hydrapple|Eject Pack|[from] move: Recycle
|
|upkeep
|turn|6
|
|t:|1757912727
|move|p1a: Hydrapple|Draco Meteor|p2a: Smiles
|-damage|p2a: Smiles|17/100
|-unboost|p1a: Hydrapple|spa|2
|-enditem|p1a: Hydrapple|Eject Pack
|
|t:|1757912737
|switch|p1a: Thundurus|Thundurus, M|100/100
|-damage|p1a: Thundurus|75/100|[from] Stealth Rock
|move|p2a: Smiles|Toxic Spikes|p1a: Thundurus
|-sidestart|p1: Hyjack|move: Toxic Spikes
|
|upkeep
|turn|7
|
|t:|1757912747
|switch|p2a: Squash|Altaria, F, shiny|100/100
|move|p1a: Thundurus|Knock Off|p2a: Squash
|-damage|p2a: Squash|59/100
|-enditem|p2a: Squash|Heavy-Duty Boots|[from] move: Knock Off|[of] p1a: Thundurus
|
|upkeep
|turn|8
|
|t:|1757912754
|move|p1a: Thundurus|Volt Switch|p2a: Squash
|-damage|p2a: Squash|37/100
|
|t:|1757912757
|switch|p1a: Great Tusk|Great Tusk|100/100|[from] Volt Switch
|move|p2a: Squash|Ice Beam|p1a: Great Tusk
|-supereffective|p1a: Great Tusk
|-damage|p1a: Great Tusk|26/100
|
|upkeep
|turn|9
|
|t:|1757912766
|-end|p1a: Great Tusk|Protosynthesis|[silent]
|switch|p1a: Scizor|Scizor, F|100/100
|-damage|p1a: Scizor|88/100|[from] Stealth Rock
|switch|p2a: Whistle|Ting-Lu, tera:Ghost|93/100
|-ability|p2a: Whistle|Vessel of Ruin
|
|upkeep
|turn|10
|
|t:|1757912775
|switch|p2a: Mr. Fish|Alomomola, F, shiny|100/100
|move|p1a: Scizor|Knock Off|p2a: Mr. Fish
|-damage|p2a: Mr. Fish|73/100
|-enditem|p2a: Mr. Fish|Heavy-Duty Boots|[from] move: Knock Off|[of] p1a: Scizor
|
|upkeep
|turn|11
|
|t:|1757912781
|switch|p1a: Heatran|Heatran, M|100/100
|-damage|p1a: Heatran|88/100|[from] Stealth Rock
|move|p2a: Mr. Fish|Wish|p2a: Mr. Fish
|
|-heal|p1a: Heatran|94/100|[from] item: Leftovers
|upkeep
|turn|12
|
|t:|1757912792
|switch|p2a: Whistle|Ting-Lu, tera:Ghost|93/100
|-ability|p2a: Whistle|Vessel of Ruin
|move|p1a: Heatran|Stealth Rock|p2a: Whistle
|-sidestart|p2: Upbeatostrich|move: Stealth Rock
|
|-heal|p2a: Whistle|100/100|[from] move: Wish|[wisher] Mr. Fish
|-heal|p1a: Heatran|100/100|[from] item: Leftovers
|upkeep
|turn|13
|
|t:|1757912802
|move|p1a: Heatran|Taunt|p2a: Whistle
|-start|p2a: Whistle|move: Taunt
|cant|p2a: Whistle|move: Taunt|Spikes
|
|upkeep
|turn|14
|
|t:|1757912806
|move|p1a: Heatran|Magma Storm|p2a: Whistle
|-damage|p2a: Whistle|72/100
|-activate|p2a: Whistle|move: Magma Storm|[of] p1a: Heatran
|move|p2a: Whistle|Ruination|p1a: Heatran
|-damage|p1a: Heatran|51/100
|
|-heal|p1a: Heatran|57/100|[from] item: Leftovers
|-damage|p2a: Whistle|60/100|[from] move: Magma Storm|[partiallytrapped]
|upkeep
|turn|15
|
|t:|1757912829
|move|p1a: Heatran|Earth Power|p2a: Whistle
|-damage|p2a: Whistle|44/100
|move|p2a: Whistle|Ruination|p1a: Heatran
|-damage|p1a: Heatran|29/100
|
|-heal|p1a: Heatran|35/100|[from] item: Leftovers
|-damage|p2a: Whistle|32/100|[from] move: Magma Storm|[partiallytrapped]
|-end|p2a: Whistle|move: Taunt
|upkeep
|turn|16
|inactive|Upbeatostrich has 120 seconds left.
|
|t:|1757912871
|move|p1a: Heatran|Taunt|p2a: Whistle
|-start|p2a: Whistle|move: Taunt
|cant|p2a: Whistle|move: Taunt|Whirlwind
|
|-heal|p1a: Heatran|41/100|[from] item: Leftovers
|-damage|p2a: Whistle|20/100|[from] move: Magma Storm|[partiallytrapped]
|upkeep
|turn|17
|
|t:|1757912882
|move|p1a: Heatran|Earth Power|p2a: Whistle
|-damage|p2a: Whistle|4/100
|move|p2a: Whistle|Ruination|p1a: Heatran
|-damage|p1a: Heatran|21/100
|
|-heal|p1a: Heatran|27/100|[from] item: Leftovers
|-damage|p2a: Whistle|0 fnt|[from] move: Magma Storm|[partiallytrapped]
|faint|p2a: Whistle
|upkeep
|
|t:|1757912890
|switch|p2a: Smack|Salazzle, F, shiny|100/100
|turn|18
|
|t:|1757912895
|move|p2a: Smack|Toxic|p1a: Heatran
|-status|p1a: Heatran|tox
|move|p1a: Heatran|Earth Power|p2a: Smack
|-supereffective|p2a: Smack
|-damage|p2a: Smack|0 fnt
|faint|p2a: Smack
|
|-heal|p1a: Heatran|33/100 tox|[from] item: Leftovers
|-damage|p1a: Heatran|27/100 tox|[from] psn
|upkeep
|
|t:|1757912899
|switch|p2a: Mole|Grafaiai, F, shiny|100/100
|-damage|p2a: Mole|88/100|[from] Stealth Rock
|turn|19
|
|t:|1757912901
|move|p2a: Mole|Copycat|p2a: Mole
|move|p2a: Mole|Earth Power|p1a: Heatran|[from] move: Copycat
|-supereffective|p1a: Heatran
|-damage|p1a: Heatran|0 fnt
|faint|p1a: Heatran
|
|upkeep
|
|t:|1757912906
|switch|p1a: Scizor|Scizor, F|88/100
|-damage|p1a: Scizor|76/100|[from] Stealth Rock
|turn|20
|
|t:|1757912911
|move|p1a: Scizor|Bullet Punch|p2a: Mole
|-crit|p2a: Mole
|-damage|p2a: Mole|0 fnt
|faint|p2a: Mole
|
|upkeep
|l|☆Upbeatostrich
|inactive|Upbeatostrich disconnected and has a minute to reconnect!
|player|p2|
|inactive|Upbeatostrich has 30 seconds to reconnect!
|inactive|Upbeatostrich has 20 seconds to reconnect!
|inactive|Upbeatostrich has 15 seconds to reconnect!
|inactive|Upbeatostrich has 10 seconds to reconnect!
|inactive|Upbeatostrich has 5 seconds to reconnect!
|-message|Upbeatostrich lost due to inactivity.
|
|win|Hyjack
|raw|Hyjack's rating: 1186 &rarr; <strong>1209</strong><br />(+23 for winning)
|raw|Upbeatostrich's rating: 1158 &rarr; <strong>1135</strong><br />(-23 for losing)
|l|☆Hyjack
|player|p1|
