|j|☆almighty shiest
|j|☆doomfletch
|t:|1757938031
|gametype|singles
|player|p1|almighty shiest|guzma|1248
|player|p2|doomfletch|101|1232
|gen|9
|tier|[Gen 9] OU
|rated|
|rule|HP Percentage Mod: HP is shown in percentages
|rule|Endless Battle Clause: Forcing endless battles is banned
|rule|Species Clause: Limit one of each Pokémon
|rule|OHKO Clause: OHKO moves are banned
|rule|Evasion Items Clause: Evasion items are banned
|rule|Evasion Moves Clause: Evasion moves are banned
|rule|Evasion Abilities Clause: Evasion abilities are banned
|rule|Sleep Moves Clause: Sleep-inducing moves are banned
|clearpoke
|poke|p1|Dragapult, M|
|poke|p1|Glimmora, M|
|poke|p1|Comfey, M|
|poke|p1|Kingambit, M|
|poke|p1|Ogerpon-Wellspring, F|
|poke|p1|Blaziken, M|
|poke|p2|Slowking-Galar, M|
|poke|p2|Great Tusk|
|poke|p2|Hydreigon, M|
|poke|p2|Skarmory, F|
|poke|p2|Raikou|
|poke|p2|Crawdaunt, F|
|teampreview
|inactive|Battle timer is ON: inactive players will automatically lose when time's up. (requested by almighty shiest)
|
|t:|1757938043
|teamsize|p1|6
|teamsize|p2|6
|start
|switch|p1a: Ogerpon|Ogerpon-Wellspring, F|100/100
|switch|p2a: Raikou|Raikou|100/100
|turn|1
|
|t:|1757938050
|move|p2a: Raikou|Thunderbolt|p1a: Ogerpon
|-damage|p1a: Ogerpon|53/100
|-status|p1a: Ogerpon|par
|move|p1a: Ogerpon|U-turn|p2a: Raikou
|-damage|p2a: Raikou|61/100
|
|t:|1757938065
|switch|p1a: Comfey|Comfey, M|100/100|[from] U-turn
|
|upkeep
|turn|2
|
|t:|1757938071
|move|p2a: Raikou|Volt Switch|p1a: Comfey
|-damage|p1a: Comfey|63/100
|
|t:|1757938074
|switch|p2a: Slowking|Slowking-Galar, M|100/100|[from] Volt Switch
|move|p1a: Comfey|Calm Mind|p1a: Comfey
|-boost|p1a: Comfey|spa|1
|-boost|p1a: Comfey|spd|1
|
|upkeep
|turn|3
|
|t:|1757938082
|move|p1a: Comfey|Calm Mind|p1a: Comfey
|-boost|p1a: Comfey|spa|1
|-boost|p1a: Comfey|spd|1
|move|p2a: Slowking|Sludge Bomb|p1a: Comfey
|-supereffective|p1a: Comfey
|-damage|p1a: Comfey|16/100
|
|upkeep
|turn|4
|
|t:|1757938092
|-terastallize|p1a: Comfey|Ground
|move|p1a: Comfey|Tera Blast|p2a: Slowking|[anim] Tera Blast Ground
|-supereffective|p2a: Slowking
|-damage|p2a: Slowking|21/100
|-damage|p1a: Comfey|6/100|[from] item: Life Orb
|move|p2a: Slowking|Flamethrower|p1a: Comfey
|-damage|p1a: Comfey|0 fnt
|faint|p1a: Comfey
|
|upkeep
|
|t:|1757938103
|switch|p1a: Dragapult|Dragapult, M|100/100
|turn|5
|
|t:|1757938111
|move|p1a: Dragapult|Shadow Ball|p2a: Slowking
|-supereffective|p2a: Slowking
|-damage|p2a: Slowking|0 fnt
|faint|p2a: Slowking
|-damage|p1a: Dragapult|91/100|[from] item: Life Orb
|
|upkeep
|
|t:|1757938130
|switch|p2a: Hydreigon|Hydreigon, M|100/100
|turn|6
|
|t:|1757938134
|move|p2a: Hydreigon|Dark Pulse|p1a: Dragapult
|-supereffective|p1a: Dragapult
|-damage|p1a: Dragapult|0 fnt
|faint|p1a: Dragapult
|
|upkeep
|
|t:|1757938141
|switch|p1a: Kingambit|Kingambit, M|100/100
|-activate|p1a: Kingambit|ability: Supreme Overlord
|-start|p1a: Kingambit|fallen2|[silent]
|turn|7
|
|t:|1757938146
|switch|p2a: Great Tusk|Great Tusk|100/100
|move|p1a: Kingambit|Swords Dance|p1a: Kingambit
|-boost|p1a: Kingambit|atk|2
|
|upkeep
|turn|8
|
|t:|1757938153
|-end|p1a: Kingambit|fallen2|[silent]
|switch|p1a: Glimmora|Glimmora, M|100/100
|move|p2a: Great Tusk|Earthquake|p1a: Glimmora
|-supereffective|p1a: Glimmora
|-damage|p1a: Glimmora|0 fnt
|-activate|p1a: Glimmora|ability: Toxic Debris
|-sidestart|p2: doomfletch|move: Toxic Spikes
|faint|p1a: Glimmora
|
|upkeep
|
|t:|1757938165
|switch|p1a: Ogerpon|Ogerpon-Wellspring, F|53/100 par
|turn|9
|
|t:|1757938181
|move|p2a: Great Tusk|Rapid Spin|p1a: Ogerpon
|-damage|p1a: Ogerpon|33/100 par
|-boost|p2a: Great Tusk|spe|1
|-sideend|p2: doomfletch|Toxic Spikes|[from] move: Rapid Spin|[of] p2a: Great Tusk
|move|p1a: Ogerpon|Ivy Cudgel|p2a: Great Tusk|[anim] Ivy Cudgel Water
|-supereffective|p2a: Great Tusk
|-damage|p2a: Great Tusk|31/100
|
|-heal|p2a: Great Tusk|37/100|[from] item: Leftovers
|upkeep
|turn|10
|
|t:|1757938197
|move|p2a: Great Tusk|Stealth Rock|p1a: Ogerpon
|-sidestart|p1: almighty shiest|move: Stealth Rock
|move|p1a: Ogerpon|Ivy Cudgel|p2a: Great Tusk|[anim] Ivy Cudgel Water
|-supereffective|p2a: Great Tusk
|-damage|p2a: Great Tusk|0 fnt
|faint|p2a: Great Tusk
|-end|p2a: Great Tusk|Protosynthesis|[silent]
|
|upkeep
|
|t:|1757938206
|switch|p2a: Raikou|Raikou|61/100
|turn|11
|
|t:|1757938212
|move|p2a: Raikou|Volt Switch|p1a: Ogerpon
|-damage|p1a: Ogerpon|0 fnt
|faint|p1a: Ogerpon
|
|t:|1757938217
|switch|p2a: Crawdaunt|Crawdaunt, F|100/100|[from] Volt Switch
|
|upkeep
|
|t:|1757938222
|switch|p1a: Kingambit|Kingambit, M|100/100
|-damage|p1a: Kingambit|94/100|[from] Stealth Rock
|-activate|p1a: Kingambit|ability: Supreme Overlord
|-start|p1a: Kingambit|fallen4|[silent]
|turn|12
|
|t:|1757938251
|-terastallize|p2a: Crawdaunt|Water
|move|p2a: Crawdaunt|Crabhammer|p1a: Kingambit
|-crit|p1a: Kingambit
|-damage|p1a: Kingambit|0 fnt
|faint|p1a: Kingambit
|-end|p1a: Kingambit|fallen4|[silent]
|
|upkeep
|
|t:|1757938258
|switch|p1a: Blaziken|Blaziken, M, shiny|100/100
|-damage|p1a: Blaziken|88/100|[from] Stealth Rock
|turn|13
|
|t:|1757938265
|switch|p2a: Raikou|Raikou|61/100
|move|p1a: Blaziken|Protect||[still]
|-fail|p1a: Blaziken
|
|-ability|p1a: Blaziken|Speed Boost|boost
|-boost|p1a: Blaziken|spe|1
|upkeep
|turn|14
|
|t:|1757938274
|move|p1a: Blaziken|Close Combat|p2a: Raikou
|-damage|p2a: Raikou|0 fnt
|-unboost|p1a: Blaziken|def|1
|-unboost|p1a: Blaziken|spd|1
|faint|p2a: Raikou
|-damage|p1a: Blaziken|78/100|[from] item: Life Orb
|
|-ability|p1a: Blaziken|Speed Boost|boost
|-boost|p1a: Blaziken|spe|1
|upkeep
|
|t:|1757938287
|switch|p2a: Hydreigon|Hydreigon, M|100/100
|turn|15
|
|t:|1757938290
|switch|p2a: Skarmory|Skarmory, F|100/100
|move|p1a: Blaziken|Protect||[still]
|-fail|p1a: Blaziken
|
|-ability|p1a: Blaziken|Speed Boost|boost
|-boost|p1a: Blaziken|spe|1
|upkeep
|turn|16
|l|☆almighty shiest
|inactive|almighty shiest disconnected and has a minute to reconnect!
|player|p1|
|inactive|almighty shiest has 30 seconds to reconnect!
|inactive|almighty shiest has 20 seconds to reconnect!
|inactive|almighty shiest has 15 seconds to reconnect!
|inactive|almighty shiest has 10 seconds to reconnect!
|inactive|almighty shiest has 5 seconds to reconnect!
|-message|almighty shiest lost due to inactivity.
|
|win|doomfletch
|raw|almighty shiest's rating: 1248 &rarr; <strong>1222</strong><br />(-26 for losing)
|raw|doomfletch's rating: 1232 &rarr; <strong>1258</strong><br />(+26 for winning)
|l|☆doomfletch
|player|p2|
