|j|☆mausi457
|j|☆WhenZero
|t:|1757948868
|gametype|singles
|player|p1|mausi457|burglar-gen1rb|1345
|player|p2|WhenZero|266|1354
|gen|9
|tier|[Gen 9] OU
|rated|
|rule|HP Percentage Mod: HP is shown in percentages
|rule|Endless Battle Clause: Forcing endless battles is banned
|rule|Species Clause: Limit one of each Pokémon
|rule|OHKO Clause: OHKO moves are banned
|rule|Evasion Items Clause: Evasion items are banned
|rule|Evasion Moves Clause: Evasion moves are banned
|rule|Evasion Abilities Clause: Evasion abilities are banned
|rule|Sleep Moves Clause: Sleep-inducing moves are banned
|clearpoke
|poke|p1|Maushold-Four|
|poke|p1|Great Tusk|
|poke|p1|Ninetales, M|
|poke|p1|Hatterene, F|
|poke|p1|Walking Wake|
|poke|p1|Ceruledge, M|
|poke|p2|Sinistcha|
|poke|p2|Garganacl, M|
|poke|p2|Iron Treads|
|poke|p2|Iron Valiant|
|poke|p2|Alomomola, F|
|poke|p2|Rillaboom, F|
|teampreview
|inactive|Battle timer is ON: inactive players will automatically lose when time's up. (requested by WhenZero)
|inactive|mausi457 also wants the timer to be on.
|
|t:|1757948887
|teamsize|p1|6
|teamsize|p2|6
|start
|switch|p1a: Ninetales|Ninetales, M|100/100
|switch|p2a: Garganacl|Garganacl, M|100/100
|-weather|SunnyDay|[from] ability: Drought|[of] p1a: Ninetales
|turn|1
|
|t:|1757948893
|switch|p1a: Hatterene|Hatterene, F|100/100
|move|p2a: Garganacl|Stealth Rock|p1a: Hatterene
|move|p1a: Hatterene|Stealth Rock|p2a: Garganacl|[from] ability: Magic Bounce
|-sidestart|p2: WhenZero|move: Stealth Rock
|
|-weather|SunnyDay|[upkeep]
|upkeep
|turn|2
|
|t:|1757948903
|move|p2a: Garganacl|Salt Cure|p1a: Hatterene
|-damage|p1a: Hatterene|89/100
|-start|p1a: Hatterene|Salt Cure
|-enditem|p1a: Hatterene|Eject Button
|
|t:|1757948905
|switch|p1a: Walking Wake|Walking Wake|100/100
|-activate|p1a: Walking Wake|ability: Protosynthesis
|-start|p1a: Walking Wake|protosynthesisspa
|
|-weather|SunnyDay|[upkeep]
|upkeep
|turn|3
|
|t:|1757948914
|-terastallize|p2a: Garganacl|Fairy
|move|p1a: Walking Wake|Knock Off|p2a: Garganacl
|-resisted|p2a: Garganacl
|-damage|p2a: Garganacl|95/100
|-enditem|p2a: Garganacl|Leftovers|[from] move: Knock Off|[of] p1a: Walking Wake
|move|p2a: Garganacl|Salt Cure|p1a: Walking Wake
|-damage|p1a: Walking Wake|85/100
|-start|p1a: Walking Wake|Salt Cure
|
|-weather|SunnyDay|[upkeep]
|-damage|p1a: Walking Wake|61/100|[from] Salt Cure
|upkeep
|turn|4
|
|t:|1757948921
|move|p1a: Walking Wake|Flip Turn|p2a: Garganacl
|-damage|p2a: Garganacl|89/100
|
|t:|1757948934
|-end|p1a: Walking Wake|Protosynthesis|[silent]
|switch|p1a: Great Tusk|Great Tusk|100/100|[from] Flip Turn
|-activate|p1a: Great Tusk|ability: Protosynthesis
|-start|p1a: Great Tusk|protosynthesisatk
|move|p2a: Garganacl|Stealth Rock|p1a: Great Tusk
|-sidestart|p1: mausi457|move: Stealth Rock
|
|-weather|SunnyDay|[upkeep]
|upkeep
|turn|5
|
|t:|1757948940
|move|p2a: Garganacl|Protect|p2a: Garganacl
|-singleturn|p2a: Garganacl|Protect
|move|p1a: Great Tusk|Headlong Rush|p2a: Garganacl
|-activate|p2a: Garganacl|move: Protect
|
|-weather|SunnyDay|[upkeep]
|upkeep
|turn|6
|
|t:|1757948948
|move|p1a: Great Tusk|Knock Off|p2a: Garganacl
|-resisted|p2a: Garganacl
|-damage|p2a: Garganacl|80/100
|move|p2a: Garganacl|Salt Cure|p1a: Great Tusk
|-resisted|p1a: Great Tusk
|-damage|p1a: Great Tusk|98/100
|-start|p1a: Great Tusk|Salt Cure
|
|-weather|SunnyDay|[upkeep]
|-damage|p1a: Great Tusk|86/100|[from] Salt Cure
|upkeep
|turn|7
|
|t:|1757948954
|move|p1a: Great Tusk|Knock Off|p2a: Garganacl
|-resisted|p2a: Garganacl
|-damage|p2a: Garganacl|69/100
|move|p2a: Garganacl|Recover|p2a: Garganacl
|-heal|p2a: Garganacl|100/100
|
|-weather|SunnyDay|[upkeep]
|-damage|p1a: Great Tusk|73/100|[from] Salt Cure
|upkeep
|turn|8
|
|t:|1757948958
|move|p2a: Garganacl|Protect|p2a: Garganacl
|-singleturn|p2a: Garganacl|Protect
|move|p1a: Great Tusk|Headlong Rush|p2a: Garganacl
|-activate|p2a: Garganacl|move: Protect
|
|-weather|none
|-end|p1a: Great Tusk|Protosynthesis
|-damage|p1a: Great Tusk|61/100|[from] Salt Cure
|upkeep
|turn|9
|
|t:|1757948968
|switch|p2a: Sinistcha|Sinistcha|100/100
|move|p1a: Great Tusk|Rapid Spin|p2a: Sinistcha
|-immune|p2a: Sinistcha
|
|-damage|p1a: Great Tusk|48/100|[from] Salt Cure
|upkeep
|turn|10
|
|t:|1757948978
|-end|p1a: Great Tusk|Protosynthesis|[silent]
|switch|p1a: Walking Wake|Walking Wake|61/100
|-damage|p1a: Walking Wake|48/100|[from] Stealth Rock
|move|p2a: Sinistcha|Stun Spore|p1a: Walking Wake|[miss]
|-miss|p2a: Sinistcha|p1a: Walking Wake
|
|upkeep
|turn|11
|
|t:|1757948984
|-end|p1a: Walking Wake|Protosynthesis|[silent]
|switch|p1a: Hatterene|Hatterene, F|89/100
|-damage|p1a: Hatterene|76/100|[from] Stealth Rock
|move|p2a: Sinistcha|Stun Spore|p1a: Hatterene
|move|p1a: Hatterene|Stun Spore|p2a: Sinistcha|[from] ability: Magic Bounce
|-immune|p2a: Sinistcha
|
|upkeep
|turn|12
|
|t:|1757948990
|move|p2a: Sinistcha|Matcha Gotcha|p1a: Hatterene
|-damage|p1a: Hatterene|44/100
|move|p1a: Hatterene|Nuzzle|p2a: Sinistcha
|-resisted|p2a: Sinistcha
|-crit|p2a: Sinistcha
|-damage|p2a: Sinistcha|98/100
|-status|p2a: Sinistcha|par
|
|upkeep
|turn|13
|
|t:|1757948996
|move|p1a: Hatterene|Psychic Noise|p2a: Sinistcha
|-damage|p2a: Sinistcha|59/100 par
|-start|p2a: Sinistcha|move: Heal Block
|cant|p2a: Sinistcha|par
|
|upkeep
|turn|14
|
|t:|1757949008
|switch|p2a: Iron Treads|Iron Treads|100/100
|-damage|p2a: Iron Treads|97/100|[from] Stealth Rock
|move|p1a: Hatterene|Psychic Noise|p2a: Iron Treads
|-resisted|p2a: Iron Treads
|-damage|p2a: Iron Treads|83/100
|-start|p2a: Iron Treads|move: Heal Block
|
|upkeep
|turn|15
|
|t:|1757949017
|switch|p1a: Ceruledge|Ceruledge, M|100/100
|-damage|p1a: Ceruledge|76/100|[from] Stealth Rock
|move|p2a: Iron Treads|Rapid Spin|p1a: Ceruledge
|-immune|p1a: Ceruledge
|
|-end|p2a: Iron Treads|move: Heal Block
|upkeep
|turn|16
|
|t:|1757949023
|-terastallize|p1a: Ceruledge|Ghost
|move|p2a: Iron Treads|High Horsepower|p1a: Ceruledge
|-damage|p1a: Ceruledge|10/100
|-ability|p1a: Ceruledge|Weak Armor|boost
|-unboost|p1a: Ceruledge|def|1
|-boost|p1a: Ceruledge|spe|2
|move|p1a: Ceruledge|Bitter Blade|p2a: Iron Treads
|-supereffective|p2a: Iron Treads
|-damage|p2a: Iron Treads|0 fnt
|-heal|p1a: Ceruledge|55/100|[from] drain|[of] p2a: Iron Treads
|faint|p2a: Iron Treads
|-end|p2a: Iron Treads|Quark Drive|[silent]
|
|upkeep
|
|t:|1757949030
|switch|p2a: Rillaboom|Rillaboom, F|100/100
|-damage|p2a: Rillaboom|88/100|[from] Stealth Rock
|-fieldstart|move: Grassy Terrain|[from] ability: Grassy Surge|[of] p2a: Rillaboom
|turn|17
|
|t:|1757949041
|switch|p1a: Hatterene|Hatterene, F|44/100
|-damage|p1a: Hatterene|31/100|[from] Stealth Rock
|move|p2a: Rillaboom|Grassy Glide|p1a: Hatterene
|-damage|p1a: Hatterene|0 fnt
|faint|p1a: Hatterene
|
|-heal|p2a: Rillaboom|94/100|[from] Grassy Terrain
|-heal|p2a: Rillaboom|100/100|[from] item: Leftovers
|upkeep
|
|t:|1757949043
|switch|p1a: Ninetales|Ninetales, M|100/100
|-damage|p1a: Ninetales|76/100|[from] Stealth Rock
|-weather|SunnyDay|[from] ability: Drought|[of] p1a: Ninetales
|turn|18
|
|t:|1757949050
|switch|p1a: Great Tusk|Great Tusk|48/100
|-activate|p1a: Great Tusk|ability: Protosynthesis
|-start|p1a: Great Tusk|protosynthesisatk
|switch|p2a: Alomomola|Alomomola, F|100/100
|
|-weather|SunnyDay|[upkeep]
|-heal|p1a: Great Tusk|55/100|[from] Grassy Terrain
|upkeep
|turn|19
|
|t:|1757949056
|move|p2a: Alomomola|Protect|p2a: Alomomola
|-singleturn|p2a: Alomomola|Protect
|move|p1a: Great Tusk|Knock Off|p2a: Alomomola
|-activate|p2a: Alomomola|move: Protect
|
|-weather|SunnyDay|[upkeep]
|-heal|p1a: Great Tusk|61/100|[from] Grassy Terrain
|upkeep
|turn|20
|
|t:|1757949063
|move|p1a: Great Tusk|Knock Off|p2a: Alomomola
|-damage|p2a: Alomomola|74/100
|-enditem|p2a: Alomomola|Heavy-Duty Boots|[from] move: Knock Off|[of] p1a: Great Tusk
|move|p2a: Alomomola|Tickle|p1a: Great Tusk
|-unboost|p1a: Great Tusk|atk|1
|-unboost|p1a: Great Tusk|def|1
|
|-weather|SunnyDay|[upkeep]
|-heal|p1a: Great Tusk|67/100|[from] Grassy Terrain
|-heal|p2a: Alomomola|80/100|[from] Grassy Terrain
|upkeep
|turn|21
|
|t:|1757949068
|move|p1a: Great Tusk|Headlong Rush|p2a: Alomomola
|-damage|p2a: Alomomola|43/100
|-unboost|p1a: Great Tusk|def|1
|-unboost|p1a: Great Tusk|spd|1
|move|p2a: Alomomola|Wish|p2a: Alomomola
|
|-weather|SunnyDay|[upkeep]
|-heal|p1a: Great Tusk|73/100|[from] Grassy Terrain
|-heal|p2a: Alomomola|49/100|[from] Grassy Terrain
|-fieldend|move: Grassy Terrain
|upkeep
|turn|22
|
|t:|1757949073
|move|p1a: Great Tusk|Rapid Spin|p2a: Alomomola
|-damage|p2a: Alomomola|39/100
|-boost|p1a: Great Tusk|spe|1
|-sideend|p1: mausi457|Stealth Rock|[from] move: Rapid Spin|[of] p1a: Great Tusk
|move|p2a: Alomomola|Flip Turn|p1a: Great Tusk
|-supereffective|p1a: Great Tusk
|-damage|p1a: Great Tusk|48/100
|
|t:|1757949080
|switch|p2a: Sinistcha|Sinistcha|59/100 par|[from] Flip Turn
|
|-weather|SunnyDay|[upkeep]
|-heal|p2a: Sinistcha|100/100 par|[from] move: Wish|[wisher] Alomomola
|upkeep
|turn|23
|
|t:|1757949088
|-end|p1a: Great Tusk|Protosynthesis|[silent]
|switch|p1a: Walking Wake|Walking Wake|48/100
|-activate|p1a: Walking Wake|ability: Protosynthesis
|-start|p1a: Walking Wake|protosynthesisspa
|cant|p2a: Sinistcha|par
|
|-weather|SunnyDay|[upkeep]
|upkeep
|turn|24
|
|t:|1757949097
|move|p1a: Walking Wake|Hydro Steam|p2a: Sinistcha
|-resisted|p2a: Sinistcha
|-damage|p2a: Sinistcha|56/100 par
|move|p2a: Sinistcha|Stun Spore|p1a: Walking Wake|[miss]
|-miss|p2a: Sinistcha|p1a: Walking Wake
|
|-weather|SunnyDay|[upkeep]
|upkeep
|turn|25
|
|t:|1757949102
|move|p1a: Walking Wake|Draco Meteor|p2a: Sinistcha
|-damage|p2a: Sinistcha|0 fnt
|-unboost|p1a: Walking Wake|spa|2
|faint|p2a: Sinistcha
|
|-weather|none
|-end|p1a: Walking Wake|Protosynthesis
|upkeep
|
|t:|1757949105
|switch|p2a: Iron Valiant|Iron Valiant|100/100
|-damage|p2a: Iron Valiant|94/100|[from] Stealth Rock
|turn|26
|
|t:|1757949111
|-end|p1a: Walking Wake|Protosynthesis|[silent]
|switch|p1a: Ninetales|Ninetales, M|76/100
|-weather|SunnyDay|[from] ability: Drought|[of] p1a: Ninetales
|move|p2a: Iron Valiant|Shadow Ball|p1a: Ninetales
|-damage|p1a: Ninetales|34/100
|
|-weather|SunnyDay|[upkeep]
|upkeep
|turn|27
|
|t:|1757949123
|-end|p2a: Iron Valiant|Quark Drive|[silent]
|switch|p2a: Alomomola|Alomomola, F|72/100
|-damage|p2a: Alomomola|59/100|[from] Stealth Rock
|switch|p1a: Maushold|Maushold-Four|100/100
|
|-weather|SunnyDay|[upkeep]
|upkeep
|turn|28
|
|t:|1757949128
|move|p1a: Maushold|Tidy Up|p1a: Maushold
|-sideend|p2: WhenZero|Stealth Rock
|-activate|p1a: Maushold|move: Tidy Up
|-boost|p1a: Maushold|atk|1
|-boost|p1a: Maushold|spe|1
|move|p2a: Alomomola|Tickle|p1a: Maushold
|-unboost|p1a: Maushold|atk|1
|-unboost|p1a: Maushold|def|1
|
|-weather|SunnyDay|[upkeep]
|upkeep
|turn|29
|
|t:|1757949135
|move|p1a: Maushold|Population Bomb|p2a: Alomomola
|-damage|p2a: Alomomola|52/100
|-damage|p2a: Alomomola|45/100
|-damage|p2a: Alomomola|37/100
|-damage|p2a: Alomomola|29/100
|-hitcount|p2a: Alomomola|4
|move|p2a: Alomomola|Wish|p2a: Alomomola
|
|-weather|SunnyDay|[upkeep]
|upkeep
|turn|30
|
|t:|1757949147
|move|p1a: Maushold|Tidy Up|p1a: Maushold
|-boost|p1a: Maushold|atk|1
|-boost|p1a: Maushold|spe|1
|move|p2a: Alomomola|Tickle|p1a: Maushold
|-unboost|p1a: Maushold|atk|1
|-unboost|p1a: Maushold|def|1
|
|-weather|SunnyDay|[upkeep]
|-heal|p2a: Alomomola|79/100|[from] move: Wish|[wisher] Alomomola
|upkeep
|turn|31
|
|t:|1757949155
|move|p1a: Maushold|Encore|p2a: Alomomola
|-start|p2a: Alomomola|Encore
|move|p2a: Alomomola|Tickle|p1a: Maushold
|-unboost|p1a: Maushold|atk|1
|-unboost|p1a: Maushold|def|1
|
|-weather|SunnyDay|[upkeep]
|upkeep
|turn|32
|
|t:|1757949159
|switch|p1a: Walking Wake|Walking Wake|48/100
|-activate|p1a: Walking Wake|ability: Protosynthesis
|-start|p1a: Walking Wake|protosynthesisspa
|move|p2a: Alomomola|Tickle|p1a: Walking Wake
|-unboost|p1a: Walking Wake|atk|1
|-unboost|p1a: Walking Wake|def|1
|
|-weather|SunnyDay|[upkeep]
|upkeep
|turn|33
|
|t:|1757949167
|move|p1a: Walking Wake|Hydro Steam|p2a: Alomomola
|-resisted|p2a: Alomomola
|-damage|p2a: Alomomola|44/100
|move|p2a: Alomomola|Tickle|p1a: Walking Wake
|-unboost|p1a: Walking Wake|atk|1
|-unboost|p1a: Walking Wake|def|1
|
|-weather|none
|-end|p1a: Walking Wake|Protosynthesis
|-end|p2a: Alomomola|Encore
|upkeep
|turn|34
|
|t:|1757949172
|switch|p2a: Iron Valiant|Iron Valiant|94/100
|move|p1a: Walking Wake|Flip Turn|p2a: Iron Valiant
|-damage|p2a: Iron Valiant|84/100
|
|t:|1757949180
|-end|p1a: Walking Wake|Protosynthesis|[silent]
|switch|p1a: Maushold|Maushold-Four|100/100|[from] Flip Turn
|
|upkeep
|turn|35
|
|t:|1757949187
|switch|p1a: Ninetales|Ninetales, M|34/100
|-weather|SunnyDay|[from] ability: Drought|[of] p1a: Ninetales
|move|p2a: Iron Valiant|Moonblast|p1a: Ninetales
|-resisted|p1a: Ninetales
|-damage|p1a: Ninetales|2/100
|
|-weather|SunnyDay|[upkeep]
|upkeep
|turn|36
|
|t:|1757949195
|move|p2a: Iron Valiant|Moonblast|p1a: Ninetales
|-resisted|p1a: Ninetales
|-damage|p1a: Ninetales|0 fnt
|faint|p1a: Ninetales
|
|-weather|SunnyDay|[upkeep]
|upkeep
|
|t:|1757949205
|switch|p1a: Ceruledge|Ceruledge, M, tera:Ghost|55/100
|turn|37
|
|t:|1757949212
|move|p2a: Iron Valiant|Moonblast|p1a: Ceruledge
|-damage|p1a: Ceruledge|0 fnt
|faint|p1a: Ceruledge
|
|-weather|SunnyDay|[upkeep]
|upkeep
|
|t:|1757949220
|switch|p1a: Maushold|Maushold-Four|100/100
|turn|38
|
|t:|1757949230
|move|p2a: Iron Valiant|Moonblast|p1a: Maushold
|-damage|p1a: Maushold|2/100
|move|p1a: Maushold|Population Bomb|p2a: Iron Valiant
|-damage|p2a: Iron Valiant|70/100
|-damage|p2a: Iron Valiant|54/100
|-damage|p2a: Iron Valiant|39/100
|-damage|p2a: Iron Valiant|24/100
|-damage|p2a: Iron Valiant|8/100
|-damage|p2a: Iron Valiant|0 fnt
|faint|p2a: Iron Valiant
|-end|p2a: Iron Valiant|Quark Drive|[silent]
|-hitcount|p2: Iron Valiant|6
|
|-weather|SunnyDay|[upkeep]
|upkeep
|
|t:|1757949233
|switch|p2a: Rillaboom|Rillaboom, F|100/100
|-fieldstart|move: Grassy Terrain|[from] ability: Grassy Surge|[of] p2a: Rillaboom
|turn|39
|
|t:|1757949239
|move|p2a: Rillaboom|Grassy Glide|p1a: Maushold
|-crit|p1a: Maushold
|-damage|p1a: Maushold|0 fnt
|faint|p1a: Maushold
|
|-weather|SunnyDay|[upkeep]
|upkeep
|
|t:|1757949242
|switch|p1a: Great Tusk|Great Tusk|48/100
|-activate|p1a: Great Tusk|ability: Protosynthesis
|-start|p1a: Great Tusk|protosynthesisatk
|turn|40
|
|t:|1757949244
|move|p2a: Rillaboom|Grassy Glide|p1a: Great Tusk
|-supereffective|p1a: Great Tusk
|-damage|p1a: Great Tusk|0 fnt
|faint|p1a: Great Tusk
|-end|p1a: Great Tusk|Protosynthesis|[silent]
|
|-weather|SunnyDay|[upkeep]
|upkeep
|
|t:|1757949247
|switch|p1a: Walking Wake|Walking Wake|48/100
|-activate|p1a: Walking Wake|ability: Protosynthesis
|-start|p1a: Walking Wake|protosynthesisspa
|turn|41
|
|t:|1757949252
|switch|p2a: Alomomola|Alomomola, F|77/100
|move|p1a: Walking Wake|Draco Meteor|p2a: Alomomola
|-damage|p2a: Alomomola|9/100
|-unboost|p1a: Walking Wake|spa|2
|
|-weather|SunnyDay|[upkeep]
|-heal|p1a: Walking Wake|54/100|[from] Grassy Terrain
|-heal|p2a: Alomomola|15/100|[from] Grassy Terrain
|upkeep
|turn|42
|
|t:|1757949256
|move|p1a: Walking Wake|Knock Off|p2a: Alomomola
|-damage|p2a: Alomomola|8/100
|move|p2a: Alomomola|Flip Turn|p1a: Walking Wake
|-resisted|p1a: Walking Wake
|-damage|p1a: Walking Wake|52/100
|
|t:|1757949260
|switch|p2a: Rillaboom|Rillaboom, F|100/100|[from] Flip Turn
|
|-weather|none
|-end|p1a: Walking Wake|Protosynthesis
|-heal|p1a: Walking Wake|58/100|[from] Grassy Terrain
|upkeep
|turn|43
|inactive|mausi457 has 120 seconds left.
|inactive|mausi457 has 90 seconds left.
|inactive|mausi457 has 60 seconds left.
|inactive|mausi457 has 30 seconds left.
|inactive|mausi457 has 20 seconds left.
|inactive|mausi457 has 15 seconds left.
|inactive|mausi457 has 10 seconds left.
|inactive|mausi457 has 5 seconds left.
|-message|mausi457 lost due to inactivity.
|
|win|WhenZero
|raw|mausi457's rating: 1345 &rarr; <strong>1326</strong><br />(-19 for losing)
|raw|WhenZero's rating: 1354 &rarr; <strong>1373</strong><br />(+19 for winning)
