|j|☆zpj123
|j|☆LifeOrbPex
|t:|1757923273
|gametype|singles
|player|p1|zpj123|1|1342
|player|p2|LifeOrbPex|fantina|1285
|gen|9
|tier|[Gen 9] OU
|rated|
|rule|HP Percentage Mod: HP is shown in percentages
|rule|Endless Battle Clause: Forcing endless battles is banned
|rule|Species Clause: Limit one of each Pokémon
|rule|OHKO Clause: OHKO moves are banned
|rule|Evasion Items Clause: Evasion items are banned
|rule|Evasion Moves Clause: Evasion moves are banned
|rule|Evasion Abilities Clause: Evasion abilities are banned
|rule|Sleep Moves Clause: Sleep-inducing moves are banned
|clearpoke
|poke|p1|Dragonite, M|
|poke|p1|Cinderace, M|
|poke|p1|Gholdengo|
|poke|p1|Ogerpon-Wellspring, F|
|poke|p1|Great Tusk|
|poke|p1|Dragapult, M|
|poke|p2|Ogerpon-Wellspring, F|
|poke|p2|Kyurem|
|poke|p2|Slowking-Galar, F|
|poke|p2|Great Tusk|
|poke|p2|Kingambit, F|
|poke|p2|Tornadus-Therian, M|
|teampreview
|
|t:|1757923291
|teamsize|p1|6
|teamsize|p2|6
|start
|switch|p1a: Cinderace|Cinderace, M|100/100
|switch|p2a: Ogerpon|Ogerpon-Wellspring, F|100/100
|turn|1
|
|t:|1757923309
|-terastallize|p2a: Ogerpon|Water
|detailschange|p2a: Ogerpon|Ogerpon-Wellspring-Tera, F, tera:Water
|-ability|p2a: Ogerpon|Embody Aspect (Wellspring)|boost
|-boost|p2a: Ogerpon|spd|1
|move|p1a: Cinderace|U-turn|p2a: Ogerpon
|-start|p1a: Cinderace|typechange|Bug|[from] ability: Libero
|-damage|p2a: Ogerpon|46/100
|-damage|p1a: Cinderace|91/100|[from] item: Life Orb
|
|t:|1757923319
|switch|p1a: Ogerpon|Ogerpon-Wellspring, F|100/100|[from] U-turn
|move|p2a: Ogerpon|Ivy Cudgel|p1a: Ogerpon|[anim] Ivy Cudgel Water
|-immune|p1a: Ogerpon|[from] ability: Water Absorb
|
|upkeep
|turn|2
|
|t:|1757923328
|move|p1a: Ogerpon|Swords Dance|p1a: Ogerpon
|-boost|p1a: Ogerpon|atk|2
|move|p2a: Ogerpon|U-turn|p1a: Ogerpon
|-supereffective|p1a: Ogerpon
|-damage|p1a: Ogerpon|25/100
|
|t:|1757923332
|switch|p2a: Kingambit|Kingambit, F|100/100|[from] U-turn
|
|upkeep
|turn|3
|
|t:|1757923337
|move|p2a: Kingambit|Sucker Punch|p1a: Ogerpon
|-damage|p1a: Ogerpon|0 fnt
|faint|p1a: Ogerpon
|
|upkeep
|
|t:|1757923343
|switch|p1a: Cinderace|Cinderace, M|91/100
|turn|4
|
|t:|1757923358
|-end|p2a: Kingambit|fallenundefined|[silent]
|switch|p2a: Slowking|Slowking-Galar, F|100/100
|move|p1a: Cinderace|Pyro Ball|p2a: Slowking|[miss]
|-miss|p1a: Cinderace|p2a: Slowking
|
|upkeep
|turn|5
|
|t:|1757923365
|move|p1a: Cinderace|U-turn|p2a: Slowking
|-start|p1a: Cinderace|typechange|Bug|[from] ability: Libero
|-damage|p2a: Slowking|56/100
|-damage|p1a: Cinderace|81/100|[from] item: Life Orb
|
|t:|1757923370
|switch|p1a: Gholdengo|Gholdengo|100/100|[from] U-turn
|move|p2a: Slowking|Thunder Wave|p1a: Gholdengo
|-immune|p1a: Gholdengo|[from] ability: Good as Gold
|
|upkeep
|turn|6
|
|t:|1757923382
|switch|p2a: Kingambit|Kingambit, F|100/100
|move|p1a: Gholdengo|Trick|p2a: Kingambit
|-activate|p1a: Gholdengo|move: Trick|[of] p2a: Kingambit
|-item|p2a: Kingambit|Choice Scarf|[from] move: Trick
|-item|p1a: Gholdengo|Black Glasses|[from] move: Trick
|
|upkeep
|turn|7
|
|t:|1757923402
|switch|p1a: Great Tusk|Great Tusk|100/100
|move|p2a: Kingambit|Kowtow Cleave|p1a: Great Tusk
|-resisted|p1a: Great Tusk
|-damage|p1a: Great Tusk|90/100
|-damage|p2a: Kingambit|84/100|[from] item: Rocky Helmet|[of] p1a: Great Tusk
|
|upkeep
|turn|8
|
|t:|1757923411
|-end|p2a: Kingambit|fallenundefined|[silent]
|switch|p2a: Tornadus|Tornadus-Therian, M|100/100
|move|p1a: Great Tusk|Stealth Rock|p2a: Tornadus
|-sidestart|p2: LifeOrbPex|move: Stealth Rock
|
|upkeep
|turn|9
|
|t:|1757923417
|-end|p1a: Great Tusk|Protosynthesis|[silent]
|switch|p1a: Gholdengo|Gholdengo|100/100
|move|p2a: Tornadus|Bleakwind Storm|p1a: Gholdengo|[miss]
|-miss|p2a: Tornadus|p1a: Gholdengo
|
|upkeep
|turn|10
|
|t:|1757923423
|move|p2a: Tornadus|Knock Off|p1a: Gholdengo
|-supereffective|p1a: Gholdengo
|-damage|p1a: Gholdengo|63/100
|-enditem|p1a: Gholdengo|Black Glasses|[from] move: Knock Off|[of] p2a: Tornadus
|move|p1a: Gholdengo|Thunder Wave|p2a: Tornadus
|-status|p2a: Tornadus|par
|
|upkeep
|turn|11
|
|t:|1757923433
|move|p1a: Gholdengo|Shadow Ball|p2a: Tornadus
|-damage|p2a: Tornadus|61/100 par
|move|p2a: Tornadus|U-turn|p1a: Gholdengo
|-resisted|p1a: Gholdengo
|-damage|p1a: Gholdengo|60/100
|
|t:|1757923453
|switch|p2a: Kingambit|Kingambit, F|84/100|[from] U-turn
|-damage|p2a: Kingambit|78/100|[from] Stealth Rock
|
|upkeep
|turn|12
|
|t:|1757923459
|move|p2a: Kingambit|Low Kick|p1a: Gholdengo
|-immune|p1a: Gholdengo
|move|p1a: Gholdengo|Thunder Wave|p2a: Kingambit
|-status|p2a: Kingambit|par
|
|upkeep
|turn|13
|
|t:|1757923469
|-end|p2a: Kingambit|fallenundefined|[silent]
|switch|p2a: Tornadus|Tornadus-Therian, M|94/100 par
|move|p1a: Gholdengo|Dazzling Gleam|p2a: Tornadus
|-damage|p2a: Tornadus|70/100 par
|
|upkeep
|turn|14
|
|t:|1757923476
|move|p1a: Gholdengo|Shadow Ball|p2a: Tornadus
|-damage|p2a: Tornadus|35/100 par
|-unboost|p2a: Tornadus|spd|1
|cant|p2a: Tornadus|par
|
|upkeep
|turn|15
|
|t:|1757923488
|switch|p2a: Great Tusk|Great Tusk|100/100
|move|p1a: Gholdengo|Shadow Ball|p2a: Great Tusk
|-damage|p2a: Great Tusk|48/100
|
|upkeep
|turn|16
|inactive|Battle timer is ON: inactive players will automatically lose when time's up. (requested by LifeOrbPex)
|
|t:|1757923564
|move|p2a: Great Tusk|Headlong Rush|p1a: Gholdengo
|-supereffective|p1a: Gholdengo
|-damage|p1a: Gholdengo|0 fnt
|-unboost|p2a: Great Tusk|def|1
|-unboost|p2a: Great Tusk|spd|1
|faint|p1a: Gholdengo
|
|upkeep
|inactiveoff|Battle timer is now OFF.
|
|t:|1757923574
|switch|p1a: Dragapult|Dragapult, M|100/100
|turn|17
|
|t:|1757923587
|-end|p2a: Great Tusk|Protosynthesis|[silent]
|switch|p2a: Kingambit|Kingambit, F|78/100 par
|-damage|p2a: Kingambit|72/100 par|[from] Stealth Rock
|move|p1a: Dragapult|Shadow Ball|p2a: Kingambit
|-resisted|p2a: Kingambit
|-damage|p2a: Kingambit|44/100 par
|
|upkeep
|turn|18
|
|t:|1757923611
|switch|p1a: Great Tusk|Great Tusk|90/100
|move|p2a: Kingambit|Swords Dance|p2a: Kingambit
|-boost|p2a: Kingambit|atk|2
|
|upkeep
|turn|19
|
|t:|1757923622
|-end|p2a: Kingambit|fallenundefined|[silent]
|switch|p2a: Tornadus|Tornadus-Therian, M|68/100 par
|move|p1a: Great Tusk|Ice Spinner|p2a: Tornadus
|-supereffective|p2a: Tornadus
|-damage|p2a: Tornadus|17/100 par
|
|upkeep
|turn|20
|
|t:|1757923635
|switch|p2a: Slowking|Slowking-Galar, F|89/100
|move|p1a: Great Tusk|Ice Spinner|p2a: Slowking
|-damage|p2a: Slowking|64/100
|
|upkeep
|turn|21
|
|t:|1757923645
|switch|p2a: Tornadus|Tornadus-Therian, M|50/100 par
|move|p1a: Great Tusk|Headlong Rush|p2a: Tornadus
|-immune|p2a: Tornadus
|
|upkeep
|turn|22
|
|t:|1757923653
|switch|p2a: Slowking|Slowking-Galar, F|97/100
|move|p1a: Great Tusk|Ice Spinner|p2a: Slowking
|-damage|p2a: Slowking|73/100
|
|upkeep
|turn|23
|
|t:|1757923692
|switch|p2a: Tornadus|Tornadus-Therian, M|83/100 par
|move|p1a: Great Tusk|Headlong Rush|p2a: Tornadus
|-immune|p2a: Tornadus
|
|upkeep
|turn|24
|
|t:|1757923704
|move|p1a: Great Tusk|Ice Spinner|p2a: Tornadus
|-supereffective|p2a: Tornadus
|-damage|p2a: Tornadus|27/100 par
|move|p2a: Tornadus|U-turn|p1a: Great Tusk
|-resisted|p1a: Great Tusk
|-crit|p1a: Great Tusk
|-damage|p1a: Great Tusk|85/100
|-damage|p2a: Tornadus|10/100 par|[from] item: Rocky Helmet|[of] p1a: Great Tusk
|
|t:|1757923711
|switch|p2a: Ogerpon|Ogerpon-Wellspring-Tera, F, tera:Water|46/100|[from] U-turn
|-damage|p2a: Ogerpon|34/100|[from] Stealth Rock
|-ability|p2a: Ogerpon|Embody Aspect (Wellspring)|boost
|-boost|p2a: Ogerpon|spd|1
|
|upkeep
|turn|25
|
|t:|1757923721
|-end|p1a: Great Tusk|Protosynthesis|[silent]
|switch|p1a: Dragonite|Dragonite, M|100/100
|move|p2a: Ogerpon|Play Rough|p1a: Dragonite
|-supereffective|p1a: Dragonite
|-damage|p1a: Dragonite|60/100
|
|-heal|p1a: Dragonite|66/100|[from] item: Leftovers
|upkeep
|turn|26
|
|t:|1757923733
|move|p1a: Dragonite|Extreme Speed|p2a: Ogerpon
|-damage|p2a: Ogerpon|0 fnt
|faint|p2a: Ogerpon
|detailschange|p2: Ogerpon|Ogerpon-Wellspring, F|[silent]
|
|-heal|p1a: Dragonite|72/100|[from] item: Leftovers
|upkeep
|
|t:|1757923741
|switch|p2a: Kyurem|Kyurem|100/100
|-damage|p2a: Kyurem|76/100|[from] Stealth Rock
|-ability|p2a: Kyurem|Pressure
|turn|27
|
|t:|1757923747
|-terastallize|p1a: Dragonite|Steel
|move|p2a: Kyurem|Ice Beam|p1a: Dragonite
|-resisted|p1a: Dragonite
|-damage|p1a: Dragonite|40/100
|move|p1a: Dragonite|Dragon Dance|p1a: Dragonite
|-boost|p1a: Dragonite|atk|1
|-boost|p1a: Dragonite|spe|1
|
|-heal|p1a: Dragonite|46/100|[from] item: Leftovers
|upkeep
|turn|28
|
|t:|1757923763
|switch|p2a: Tornadus|Tornadus-Therian, M|43/100 par
|move|p1a: Dragonite|Extreme Speed|p2a: Tornadus
|-damage|p2a: Tornadus|0 fnt
|faint|p2a: Tornadus
|
|-heal|p1a: Dragonite|52/100|[from] item: Leftovers
|upkeep
|
|t:|1757923767
|switch|p2a: Kingambit|Kingambit, F|44/100 par
|-damage|p2a: Kingambit|38/100 par|[from] Stealth Rock
|-activate|p2a: Kingambit|ability: Supreme Overlord
|-start|p2a: Kingambit|fallen2|[silent]
|turn|29
|
|t:|1757923777
|move|p2a: Kingambit|Sucker Punch|p1a: Dragonite
|-damage|p1a: Dragonite|4/100
|move|p1a: Dragonite|Earthquake|p2a: Kingambit
|-supereffective|p2a: Kingambit
|-damage|p2a: Kingambit|0 fnt
|faint|p2a: Kingambit
|-end|p2a: Kingambit|fallen2|[silent]
|
|-heal|p1a: Dragonite|10/100|[from] item: Leftovers
|upkeep
|
|t:|1757923791
|switch|p2a: Great Tusk|Great Tusk|48/100
|turn|30
|
|t:|1757923794
|move|p1a: Dragonite|Earthquake|p2a: Great Tusk
|-damage|p2a: Great Tusk|9/100
|move|p2a: Great Tusk|Rapid Spin|p1a: Dragonite
|-resisted|p1a: Dragonite
|-damage|p1a: Dragonite|1/100
|-boost|p2a: Great Tusk|spe|1
|-sideend|p2: LifeOrbPex|Stealth Rock|[from] move: Rapid Spin|[of] p2a: Great Tusk
|
|-heal|p1a: Dragonite|7/100|[from] item: Leftovers
|upkeep
|turn|31
|
|t:|1757923810
|-end|p2a: Great Tusk|Protosynthesis|[silent]
|switch|p2a: Slowking|Slowking-Galar, F|100/100
|move|p1a: Dragonite|Extreme Speed|p2a: Slowking
|-damage|p2a: Slowking|57/100
|
|-heal|p1a: Dragonite|13/100|[from] item: Leftovers
|upkeep
|turn|32
|
|t:|1757923819
|move|p1a: Dragonite|Earthquake|p2a: Slowking
|-supereffective|p2a: Slowking
|-damage|p2a: Slowking|0 fnt
|faint|p2a: Slowking
|
|-heal|p1a: Dragonite|20/100|[from] item: Leftovers
|upkeep
|
|t:|1757923826
|switch|p2a: Kyurem|Kyurem|76/100
|-ability|p2a: Kyurem|Pressure
|turn|33
|c|☆zpj123|gg
|
|t:|1757923835
|move|p1a: Dragonite|Extreme Speed|p2a: Kyurem
|-damage|p2a: Kyurem|31/100
|move|p2a: Kyurem|Earth Power|p1a: Dragonite
|-supereffective|p1a: Dragonite
|-damage|p1a: Dragonite|0 fnt
|faint|p1a: Dragonite
|
|upkeep
|
|t:|1757923844
|switch|p1a: Cinderace|Cinderace, M|81/100
|turn|34
|
|t:|1757923852
|move|p1a: Cinderace|Pyro Ball|p2a: Kyurem
|-damage|p2a: Kyurem|0 fnt
|faint|p2a: Kyurem
|-damage|p1a: Cinderace|71/100|[from] item: Life Orb
|
|upkeep
|-message|LifeOrbPex forfeited.
|
|win|zpj123
|raw|zpj123's rating: 1342 &rarr; <strong>1359</strong><br />(+17 for winning)
|raw|LifeOrbPex's rating: 1285 &rarr; <strong>1264</strong><br />(-21 for losing)
|l|☆LifeOrbPex
|player|p2|
