|badge|p1|silver|gen9uu|30-6
|uhtml|medal-msg|<div class="broadcast-blue">Curious what those medals under the avatar are? PS now has Ladder Seasons! For more information, check out the <a href="https://www.smogon.com/forums/threads/3740067/">thread on Smogon.</a></div>
|j|☆ulky
|j|☆AI Builds
|t:|1757943729
|gametype|singles
|player|p1|ulky|rosa|1745
|player|p2|AI Builds|265|1636
|gen|9
|tier|[Gen 9] OU
|rated|
|rule|HP Percentage Mod: HP is shown in percentages
|rule|Endless Battle Clause: Forcing endless battles is banned
|rule|Species Clause: Limit one of each Pokémon
|rule|OHKO Clause: OHKO moves are banned
|rule|Evasion Items Clause: Evasion items are banned
|rule|Evasion Moves Clause: Evasion moves are banned
|rule|Evasion Abilities Clause: Evasion abilities are banned
|rule|Sleep Moves Clause: Sleep-inducing moves are banned
|clearpoke
|poke|p1|Garganacl, F|
|poke|p1|Dragapult, F|
|poke|p1|Ogerpon-Wellspring, F|
|poke|p1|Moltres|
|poke|p1|Zamazenta-*|
|poke|p1|Iron Treads|
|poke|p2|Ogerpon-Cornerstone, F|
|poke|p2|Hatterene, F|
|poke|p2|Pecharunt|
|poke|p2|Landorus-Therian, M|
|poke|p2|Kingambit, M|
|poke|p2|Latios, M|
|teampreview
|inactive|Battle timer is ON: inactive players will automatically lose when time's up. (requested by AI Builds)
|
|t:|1757943746
|teamsize|p1|6
|teamsize|p2|6
|start
|switch|p1a: Dragapult|Dragapult, F|100/100
|switch|p2a: Ogerpon|Ogerpon-Cornerstone, F|100/100
|turn|1
|
|t:|1757943753
|move|p1a: Dragapult|U-turn|p2a: Ogerpon
|-supereffective|p2a: Ogerpon
|-damage|p2a: Ogerpon|59/100
|
|t:|1757943759
|switch|p1a: Zamazenta|Zamazenta|100/100|[from] U-turn
|-ability|p1a: Zamazenta|Dauntless Shield|boost
|-boost|p1a: Zamazenta|def|1
|move|p2a: Ogerpon|Knock Off|p1a: Zamazenta
|-resisted|p1a: Zamazenta
|-damage|p1a: Zamazenta|88/100
|-enditem|p1a: Zamazenta|Expert Belt|[from] move: Knock Off|[of] p2a: Ogerpon
|
|upkeep
|turn|2
|
|t:|1757943765
|switch|p2a: Pecharunt|Pecharunt|100/100
|move|p1a: Zamazenta|Ice Fang|p2a: Pecharunt
|-damage|p2a: Pecharunt|89/100
|-status|p2a: Pecharunt|frz
|
|upkeep
|turn|3
|
|t:|1757943768
|move|p1a: Zamazenta|Crunch|p2a: Pecharunt
|-supereffective|p2a: Pecharunt
|-damage|p2a: Pecharunt|63/100 frz
|-unboost|p2a: Pecharunt|def|1
|cant|p2a: Pecharunt|frz
|
|upkeep
|turn|4
|
|t:|1757943772
|move|p1a: Zamazenta|Crunch|p2a: Pecharunt
|-supereffective|p2a: Pecharunt
|-damage|p2a: Pecharunt|24/100 frz
|-unboost|p2a: Pecharunt|def|1
|cant|p2a: Pecharunt|frz
|
|upkeep
|turn|5
|
|t:|1757943777
|move|p1a: Zamazenta|Ice Fang|p2a: Pecharunt
|-damage|p2a: Pecharunt|5/100 frz
|cant|p2a: Pecharunt|frz
|
|upkeep
|turn|6
|
|t:|1757943781
|switch|p2a: Landorus|Landorus-Therian, M|100/100
|-ability|p2a: Landorus|Intimidate|boost
|-unboost|p1a: Zamazenta|atk|1
|move|p1a: Zamazenta|Ice Fang|p2a: Landorus
|-supereffective|p2a: Landorus
|-damage|p2a: Landorus|55/100
|-damage|p1a: Zamazenta|72/100|[from] item: Rocky Helmet|[of] p2a: Landorus
|
|upkeep
|turn|7
|
|t:|1757943785
|switch|p2a: Pecharunt|Pecharunt|5/100 frz
|move|p1a: Zamazenta|Ice Fang|p2a: Pecharunt
|-damage|p2a: Pecharunt|0 fnt
|faint|p2a: Pecharunt
|
|upkeep
|
|t:|1757943787
|switch|p2a: Landorus|Landorus-Therian, M|55/100
|-ability|p2a: Landorus|Intimidate|boost
|-unboost|p1a: Zamazenta|atk|1
|turn|8
|
|t:|1757943792
|switch|p1a: Ogerpon|Ogerpon-Wellspring, F|100/100
|move|p2a: Landorus|Stealth Rock|p1a: Ogerpon
|-sidestart|p1: ulky|move: Stealth Rock
|
|upkeep
|turn|9
|
|t:|1757943796
|move|p1a: Ogerpon|Ivy Cudgel|p2a: Landorus|[anim] Ivy Cudgel Water
|-supereffective|p2a: Landorus
|-damage|p2a: Landorus|0 fnt
|faint|p2a: Landorus
|
|upkeep
|
|t:|1757943800
|switch|p2a: Ogerpon|Ogerpon-Cornerstone, F|59/100
|turn|10
|
|t:|1757943804
|move|p2a: Ogerpon|Power Whip|p1a: Ogerpon
|-damage|p1a: Ogerpon|26/100
|move|p1a: Ogerpon|Ivy Cudgel|p2a: Ogerpon|[anim] Ivy Cudgel Water
|-damage|p2a: Ogerpon|0 fnt
|faint|p2a: Ogerpon
|
|upkeep
|
|t:|1757943809
|switch|p2a: Latios|Latios, M|100/100
|turn|11
|
|t:|1757943813
|switch|p1a: Iron Treads|Iron Treads|100/100
|-damage|p1a: Iron Treads|98/100|[from] Stealth Rock
|move|p2a: Latios|Luster Purge|p1a: Iron Treads
|-resisted|p1a: Iron Treads
|-crit|p1a: Iron Treads
|-damage|p1a: Iron Treads|65/100
|-unboost|p1a: Iron Treads|spd|1
|
|-heal|p1a: Iron Treads|71/100|[from] item: Leftovers
|upkeep
|turn|12
|
|t:|1757943816
|move|p2a: Latios|Luster Purge|p1a: Iron Treads
|-resisted|p1a: Iron Treads
|-damage|p1a: Iron Treads|42/100
|move|p1a: Iron Treads|Rapid Spin|p2a: Latios
|-crit|p2a: Latios
|-damage|p2a: Latios|75/100
|-boost|p1a: Iron Treads|spe|1
|-sideend|p1: ulky|Stealth Rock|[from] move: Rapid Spin|[of] p1a: Iron Treads
|
|-heal|p1a: Iron Treads|48/100|[from] item: Leftovers
|upkeep
|turn|13
|
|t:|1757943819
|move|p2a: Latios|Luster Purge|p1a: Iron Treads
|-resisted|p1a: Iron Treads
|-damage|p1a: Iron Treads|16/100
|move|p1a: Iron Treads|Knock Off|p2a: Latios
|-supereffective|p2a: Latios
|-damage|p2a: Latios|4/100
|-enditem|p2a: Latios|Choice Scarf|[from] move: Knock Off|[of] p1a: Iron Treads
|
|-heal|p1a: Iron Treads|23/100|[from] item: Leftovers
|upkeep
|turn|14
|
|t:|1757943831
|move|p1a: Iron Treads|Stealth Rock|p2a: Latios
|-sidestart|p2: AI Builds|move: Stealth Rock
|move|p2a: Latios|Luster Purge|p1a: Iron Treads
|-resisted|p1a: Iron Treads
|-damage|p1a: Iron Treads|0 fnt
|faint|p1a: Iron Treads
|-end|p1a: Iron Treads|Quark Drive|[silent]
|
|upkeep
|
|t:|1757943835
|switch|p1a: Dragapult|Dragapult, F|100/100
|turn|15
|
|t:|1757943837
|move|p1a: Dragapult|Hex|p2a: Latios
|-supereffective|p2a: Latios
|-damage|p2a: Latios|0 fnt
|faint|p2a: Latios
|
|upkeep
|
|t:|1757943842
|switch|p2a: Hatterene|Hatterene, F|100/100
|-damage|p2a: Hatterene|88/100|[from] Stealth Rock
|turn|16
|
|t:|1757943848
|move|p1a: Dragapult|Hex|p2a: Hatterene
|-supereffective|p2a: Hatterene
|-damage|p2a: Hatterene|54/100
|move|p2a: Hatterene|Nuzzle|p1a: Dragapult
|-resisted|p1a: Dragapult
|-damage|p1a: Dragapult|98/100
|-status|p1a: Dragapult|par
|
|upkeep
|turn|17
|
|t:|1757943851
|move|p1a: Dragapult|U-turn|p2a: Hatterene
|-damage|p2a: Hatterene|34/100
|
|t:|1757943853
|switch|p1a: Garganacl|Garganacl, F|100/100|[from] U-turn
|move|p2a: Hatterene|Draining Kiss|p1a: Garganacl
|-damage|p1a: Garganacl|85/100
|-heal|p2a: Hatterene|49/100|[from] drain|[of] p1a: Garganacl
|
|-heal|p1a: Garganacl|91/100|[from] item: Leftovers
|upkeep
|turn|18
|
|t:|1757943856
|move|p2a: Hatterene|Psychic Noise|p1a: Garganacl
|-damage|p1a: Garganacl|64/100
|-start|p1a: Garganacl|move: Heal Block
|move|p1a: Garganacl|Salt Cure|p2a: Hatterene
|-damage|p2a: Hatterene|32/100
|-start|p2a: Hatterene|Salt Cure
|
|-damage|p2a: Hatterene|19/100|[from] Salt Cure
|upkeep
|turn|19
|
|t:|1757943860
|move|p2a: Hatterene|Draining Kiss|p1a: Garganacl
|-damage|p1a: Garganacl|46/100
|-heal|p2a: Hatterene|37/100|[from] drain|[of] p1a: Garganacl
|move|p1a: Garganacl|Salt Cure|p2a: Hatterene
|-damage|p2a: Hatterene|21/100
|
|-damage|p2a: Hatterene|8/100|[from] Salt Cure
|-end|p1a: Garganacl|move: Heal Block
|upkeep
|turn|20
|
|t:|1757943865
|move|p2a: Hatterene|Psychic Noise|p1a: Garganacl
|-damage|p1a: Garganacl|22/100
|-start|p1a: Garganacl|move: Heal Block
|cant|p1a: Garganacl|move: Heal Block|Recover
|
|-damage|p2a: Hatterene|0 fnt|[from] Salt Cure
|faint|p2a: Hatterene
|upkeep
|
|t:|1757943867
|switch|p2a: Kingambit|Kingambit, M|100/100
|-damage|p2a: Kingambit|94/100|[from] Stealth Rock
|-activate|p2a: Kingambit|ability: Supreme Overlord
|-start|p2a: Kingambit|fallen5|[silent]
|turn|21
|
|t:|1757943874
|-terastallize|p2a: Kingambit|Ghost
|move|p2a: Kingambit|Swords Dance|p2a: Kingambit
|-boost|p2a: Kingambit|atk|2
|move|p1a: Garganacl|Body Press|p2a: Kingambit
|-immune|p2a: Kingambit
|
|-heal|p2a: Kingambit|100/100|[from] item: Leftovers
|-end|p1a: Garganacl|move: Heal Block
|upkeep
|turn|22
|
|t:|1757943880
|move|p2a: Kingambit|Kowtow Cleave|p1a: Garganacl
|-damage|p1a: Garganacl|0 fnt
|faint|p1a: Garganacl
|
|upkeep
|
|t:|1757943883
|switch|p1a: Moltres|Moltres|100/100
|turn|23
|
|t:|1757943885
|move|p1a: Moltres|Will-O-Wisp|p2a: Kingambit
|-status|p2a: Kingambit|brn
|move|p2a: Kingambit|Kowtow Cleave|p1a: Moltres
|-damage|p1a: Moltres|46/100
|
|-damage|p2a: Kingambit|94/100 brn|[from] brn
|upkeep
|turn|24
|
|t:|1757943888
|move|p1a: Moltres|Roost|p1a: Moltres
|-heal|p1a: Moltres|97/100
|-singleturn|p1a: Moltres|move: Roost
|move|p2a: Kingambit|Swords Dance|p2a: Kingambit
|-boost|p2a: Kingambit|atk|2
|
|-heal|p2a: Kingambit|100/100 brn|[from] item: Leftovers
|-damage|p2a: Kingambit|94/100 brn|[from] brn
|upkeep
|turn|25
|
|t:|1757943892
|move|p1a: Moltres|Flamethrower|p2a: Kingambit
|-damage|p2a: Kingambit|52/100 brn
|move|p2a: Kingambit|Swords Dance|p2a: Kingambit
|-boost|p2a: Kingambit|atk|2
|
|-heal|p2a: Kingambit|58/100 brn|[from] item: Leftovers
|-damage|p2a: Kingambit|52/100 brn|[from] brn
|upkeep
|turn|26
|
|t:|1757943895
|move|p2a: Kingambit|Sucker Punch|p1a: Moltres
|-damage|p1a: Moltres|3/100
|move|p1a: Moltres|Flamethrower|p2a: Kingambit
|-damage|p2a: Kingambit|8/100 brn
|
|-heal|p2a: Kingambit|14/100 brn|[from] item: Leftovers
|-damage|p2a: Kingambit|8/100 brn|[from] brn
|upkeep
|turn|27
|
|t:|1757943899
|move|p1a: Moltres|Roost|p1a: Moltres
|-heal|p1a: Moltres|53/100
|-singleturn|p1a: Moltres|move: Roost
|move|p2a: Kingambit|Kowtow Cleave|p1a: Moltres
|-damage|p1a: Moltres|0 fnt
|faint|p1a: Moltres
|
|-heal|p2a: Kingambit|14/100 brn|[from] item: Leftovers
|-damage|p2a: Kingambit|8/100 brn|[from] brn
|upkeep
|
|t:|1757943901
|switch|p1a: Zamazenta|Zamazenta|72/100
|turn|28
|
|t:|1757943905
|move|p2a: Kingambit|Sucker Punch|p1a: Zamazenta
|-resisted|p1a: Zamazenta
|-damage|p1a: Zamazenta|14/100
|move|p1a: Zamazenta|Crunch|p2a: Kingambit
|-supereffective|p2a: Kingambit
|-damage|p2a: Kingambit|0 fnt
|faint|p2a: Kingambit
|-end|p2a: Kingambit|fallen5|[silent]
|
|win|ulky
|raw|ulky's rating: 1764 &rarr; <strong>1777</strong><br />(+13 for winning)
|raw|AI Builds's rating: 1636 &rarr; <strong>1623</strong><br />(-13 for losing)
|l|☆AI Builds
|player|p2|
|l|☆ulky
|player|p1|
