|j|☆piratefish24
|j|☆constant sorrow
|t:|1757862125
|gametype|singles
|player|p1|piratefish24|ghetsis|1411
|player|p2|constant sorrow|iris-gen5bw2|1367
|gen|9
|tier|[Gen 9] OU
|rated|
|rule|HP Percentage Mod: HP is shown in percentages
|rule|Endless Battle Clause: Forcing endless battles is banned
|rule|Species Clause: Limit one of each Pokémon
|rule|OHKO Clause: OHKO moves are banned
|rule|Evasion Items Clause: Evasion items are banned
|rule|Evasion Moves Clause: Evasion moves are banned
|rule|Evasion Abilities Clause: Evasion abilities are banned
|rule|Sleep Moves Clause: Sleep-inducing moves are banned
|clearpoke
|poke|p1|Dragonite, F|
|poke|p1|Landorus-Therian, M|
|poke|p1|Iron Crown|
|poke|p1|Lokix, F|
|poke|p1|Primarina, M|
|poke|p1|Cinderace, M|
|poke|p2|Donphan, M|
|poke|p2|Hitmontop, M|
|poke|p2|Yanmega, M|
|poke|p2|Porygon2|
|poke|p2|Mimikyu, M|
|poke|p2|Camerupt, M|
|teampreview
|inactive|Battle timer is ON: inactive players will automatically lose when time's up. (requested by piratefish24)
|
|t:|1757862148
|teamsize|p1|6
|teamsize|p2|6
|start
|switch|p1a: Landorus|Landorus-Therian, M|100/100
|switch|p2a: Camerupt|Camerupt, M, shiny|100/100
|-ability|p1a: Landorus|Intimidate|boost
|-unboost|p2a: Camerupt|atk|1
|turn|1
|
|t:|1757862163
|-terastallize|p2a: Camerupt|Flying
|move|p1a: Landorus|Earth Power|p2a: Camerupt
|-immune|p2a: Camerupt
|move|p2a: Camerupt|Stockpile|p2a: Camerupt
|-start|p2a: Camerupt|stockpile1
|-boost|p2a: Camerupt|def|1
|-boost|p2a: Camerupt|spd|1
|
|upkeep
|turn|2
|inactive|piratefish24 has 120 seconds left.
|inactive|piratefish24 has 90 seconds left.
|
|t:|1757862237
|move|p1a: Landorus|Stealth Rock|p2a: Camerupt
|-sidestart|p2: constant sorrow|move: Stealth Rock
|move|p2a: Camerupt|Stockpile|p2a: Camerupt
|-start|p2a: Camerupt|stockpile2
|-boost|p2a: Camerupt|def|1
|-boost|p2a: Camerupt|spd|1
|
|upkeep
|turn|3
|
|t:|1757862244
|move|p1a: Landorus|U-turn|p2a: Camerupt
|-resisted|p2a: Camerupt
|-damage|p2a: Camerupt|94/100
|
|t:|1757862247
|switch|p1a: Iron Crown|Iron Crown|100/100|[from] U-turn
|move|p2a: Camerupt|Stockpile|p2a: Camerupt
|-start|p2a: Camerupt|stockpile3
|-boost|p2a: Camerupt|def|1
|-boost|p2a: Camerupt|spd|1
|
|-heal|p2a: Camerupt|99/100|[from] item: Leftovers
|upkeep
|turn|4
|
|t:|1757862256
|move|p1a: Iron Crown|Volt Switch|p2a: Camerupt
|-supereffective|p2a: Camerupt
|-damage|p2a: Camerupt|75/100
|
|t:|1757862260
|-end|p1a: Iron Crown|Quark Drive|[silent]
|switch|p1a: Cinderace|Cinderace, M|100/100|[from] Volt Switch
|move|p2a: Camerupt|Flamethrower|p1a: Cinderace
|-resisted|p1a: Cinderace
|-damage|p1a: Cinderace|72/100
|
|-heal|p2a: Camerupt|81/100|[from] item: Leftovers
|upkeep
|turn|5
|
|t:|1757862267
|move|p1a: Cinderace|Pyro Ball|p2a: Camerupt
|-damage|p2a: Camerupt|55/100
|move|p2a: Camerupt|Flamethrower|p1a: Cinderace
|-resisted|p1a: Cinderace
|-damage|p1a: Cinderace|45/100
|
|-heal|p2a: Camerupt|61/100|[from] item: Leftovers
|upkeep
|turn|6
|
|t:|1757862273
|move|p1a: Cinderace|Will-O-Wisp|p2a: Camerupt
|-status|p2a: Camerupt|brn
|move|p2a: Camerupt|Earth Power|p1a: Cinderace
|-supereffective|p1a: Cinderace
|-damage|p1a: Cinderace|0 fnt
|faint|p1a: Cinderace
|
|-heal|p2a: Camerupt|67/100 brn|[from] item: Leftovers
|-damage|p2a: Camerupt|61/100 brn|[from] brn
|upkeep
|
|t:|1757862284
|switch|p1a: Dragonite|Dragonite, F|100/100
|turn|7
|
|t:|1757862287
|move|p1a: Dragonite|Dragon Dance|p1a: Dragonite
|-boost|p1a: Dragonite|atk|1
|-boost|p1a: Dragonite|spe|1
|move|p2a: Camerupt|Will-O-Wisp|p1a: Dragonite
|-status|p1a: Dragonite|brn
|
|-heal|p2a: Camerupt|67/100 brn|[from] item: Leftovers
|-damage|p1a: Dragonite|94/100 brn|[from] brn
|-damage|p2a: Camerupt|61/100 brn|[from] brn
|upkeep
|turn|8
|inactive|piratefish24 has 120 seconds left.
|
|t:|1757862292
|move|p1a: Dragonite|Dragon Dance|p1a: Dragonite
|-boost|p1a: Dragonite|atk|1
|-boost|p1a: Dragonite|spe|1
|move|p2a: Camerupt|Flamethrower|p1a: Dragonite
|-resisted|p1a: Dragonite
|-damage|p1a: Dragonite|69/100 brn
|
|-heal|p1a: Dragonite|75/100 brn|[from] item: Leftovers
|-heal|p2a: Camerupt|67/100 brn|[from] item: Leftovers
|-damage|p1a: Dragonite|69/100 brn|[from] brn
|-damage|p2a: Camerupt|61/100 brn|[from] brn
|upkeep
|turn|9
|
|t:|1757862298
|move|p1a: Dragonite|Dragon Dance|p1a: Dragonite
|-boost|p1a: Dragonite|atk|1
|-boost|p1a: Dragonite|spe|1
|move|p2a: Camerupt|Flamethrower|p1a: Dragonite
|-resisted|p1a: Dragonite
|-damage|p1a: Dragonite|44/100 brn
|
|-heal|p1a: Dragonite|50/100 brn|[from] item: Leftovers
|-heal|p2a: Camerupt|67/100 brn|[from] item: Leftovers
|-damage|p1a: Dragonite|44/100 brn|[from] brn
|-damage|p2a: Camerupt|61/100 brn|[from] brn
|upkeep
|turn|10
|
|t:|1757862303
|move|p1a: Dragonite|Dragon Dance|p1a: Dragonite
|-boost|p1a: Dragonite|atk|1
|-boost|p1a: Dragonite|spe|1
|move|p2a: Camerupt|Flamethrower|p1a: Dragonite
|-resisted|p1a: Dragonite
|-damage|p1a: Dragonite|21/100 brn
|
|-heal|p1a: Dragonite|27/100 brn|[from] item: Leftovers
|-heal|p2a: Camerupt|67/100 brn|[from] item: Leftovers
|-damage|p1a: Dragonite|21/100 brn|[from] brn
|-damage|p2a: Camerupt|61/100 brn|[from] brn
|upkeep
|turn|11
|
|t:|1757862309
|move|p1a: Dragonite|Ice Spinner|p2a: Camerupt
|-supereffective|p2a: Camerupt
|-damage|p2a: Camerupt|24/100 brn
|move|p2a: Camerupt|Flamethrower|p1a: Dragonite
|-resisted|p1a: Dragonite
|-damage|p1a: Dragonite|0 fnt
|faint|p1a: Dragonite
|
|-heal|p2a: Camerupt|30/100 brn|[from] item: Leftovers
|-damage|p2a: Camerupt|24/100 brn|[from] brn
|upkeep
|
|t:|1757862316
|switch|p1a: Iron Crown|Iron Crown|100/100
|turn|12
|
|t:|1757862319
|move|p1a: Iron Crown|Volt Switch|p2a: Camerupt
|-supereffective|p2a: Camerupt
|-damage|p2a: Camerupt|0 fnt
|faint|p2a: Camerupt
|
|t:|1757862324
|-end|p1a: Iron Crown|Quark Drive|[silent]
|switch|p1a: Primarina|Primarina, M|100/100|[from] Volt Switch
|
|upkeep
|
|t:|1757862327
|switch|p2a: Hitmontop|Hitmontop, M|100/100
|-damage|p2a: Hitmontop|95/100|[from] Stealth Rock
|turn|13
|
|t:|1757862331
|move|p2a: Hitmontop|Rapid Spin|p1a: Primarina
|-damage|p1a: Primarina|77/100
|-boost|p2a: Hitmontop|spe|1
|-sideend|p2: constant sorrow|Stealth Rock|[from] move: Rapid Spin|[of] p2a: Hitmontop
|move|p1a: Primarina|Moonblast|p2a: Hitmontop
|-supereffective|p2a: Hitmontop
|-damage|p2a: Hitmontop|27/100
|
|upkeep
|turn|14
|
|t:|1757862339
|move|p1a: Primarina|Aqua Jet|p2a: Hitmontop
|-damage|p2a: Hitmontop|16/100
|move|p2a: Hitmontop|Earthquake|p1a: Primarina
|-damage|p1a: Primarina|49/100
|
|upkeep
|turn|15
|
|t:|1757862349
|switch|p1a: Landorus|Landorus-Therian, M|100/100
|-ability|p1a: Landorus|Intimidate|boost
|-unboost|p2a: Hitmontop|atk|1
|move|p2a: Hitmontop|Earthquake|p1a: Landorus
|-immune|p1a: Landorus
|
|upkeep
|turn|16
|
|t:|1757862357
|move|p1a: Landorus|U-turn|p2a: Hitmontop
|-resisted|p2a: Hitmontop
|-damage|p2a: Hitmontop|4/100
|
|t:|1757862362
|switch|p1a: Iron Crown|Iron Crown|100/100|[from] U-turn
|move|p2a: Hitmontop|Triple Axel|p1a: Iron Crown
|-resisted|p1a: Iron Crown
|-damage|p1a: Iron Crown|97/100
|-resisted|p1a: Iron Crown
|-damage|p1a: Iron Crown|91/100
|-resisted|p1a: Iron Crown
|-crit|p1a: Iron Crown
|-damage|p1a: Iron Crown|67/100
|-hitcount|p1a: Iron Crown|3
|
|upkeep
|turn|17
|
|t:|1757862371
|move|p2a: Hitmontop|Mach Punch|p1a: Iron Crown
|-damage|p1a: Iron Crown|48/100
|move|p1a: Iron Crown|Volt Switch|p2a: Hitmontop
|-damage|p2a: Hitmontop|0 fnt
|faint|p2a: Hitmontop
|
|t:|1757862374
|-end|p1a: Iron Crown|Quark Drive|[silent]
|switch|p1a: Landorus|Landorus-Therian, M|100/100|[from] Volt Switch
|
|upkeep
|
|t:|1757862381
|switch|p2a: Yanmega|Yanmega, M|100/100
|turn|18
|
|t:|1757862386
|move|p1a: Landorus|Taunt|p2a: Yanmega
|-start|p2a: Yanmega|move: Taunt
|move|p2a: Yanmega|Bug Buzz|p1a: Landorus
|-resisted|p1a: Landorus
|-damage|p1a: Landorus|76/100
|-enditem|p2a: Yanmega|Throat Spray
|-boost|p2a: Yanmega|spa|1|[from] item: Throat Spray
|
|-ability|p2a: Yanmega|Speed Boost|boost
|-boost|p2a: Yanmega|spe|1
|upkeep
|turn|19
|
|t:|1757862398
|move|p2a: Yanmega|Air Slash|p1a: Landorus
|-damage|p1a: Landorus|15/100
|move|p1a: Landorus|Stealth Rock|p2a: Yanmega
|-sidestart|p2: constant sorrow|move: Stealth Rock
|
|-ability|p2a: Yanmega|Speed Boost|boost
|-boost|p2a: Yanmega|spe|1
|upkeep
|turn|20
|
|t:|1757862405
|switch|p1a: Iron Crown|Iron Crown|48/100
|move|p2a: Yanmega|Bug Buzz|p1a: Iron Crown
|-damage|p1a: Iron Crown|0 fnt
|faint|p1a: Iron Crown
|-end|p1a: Iron Crown|Quark Drive|[silent]
|
|-end|p2a: Yanmega|move: Taunt
|-ability|p2a: Yanmega|Speed Boost|boost
|-boost|p2a: Yanmega|spe|1
|upkeep
|
|t:|1757862412
|switch|p1a: Primarina|Primarina, M|49/100
|turn|21
|
|t:|1757862418
|move|p2a: Yanmega|Air Slash|p1a: Primarina
|-damage|p1a: Primarina|17/100
|move|p1a: Primarina|Surf|p2a: Yanmega
|-damage|p2a: Yanmega|0 fnt
|faint|p2a: Yanmega
|
|upkeep
|
|t:|1757862432
|switch|p2a: Mimikyu|Mimikyu, M|100/100
|-damage|p2a: Mimikyu|88/100|[from] Stealth Rock
|turn|22
|
|t:|1757862438
|switch|p1a: Landorus|Landorus-Therian, M|15/100
|-ability|p1a: Landorus|Intimidate|boost
|-unboost|p2a: Mimikyu|atk|1
|move|p2a: Mimikyu|Play Rough|p1a: Landorus
|-damage|p1a: Landorus|0 fnt
|-damage|p2a: Mimikyu|72/100|[from] item: Rocky Helmet|[of] p1a: Landorus
|faint|p1a: Landorus
|-damage|p2a: Mimikyu|62/100|[from] item: Life Orb
|
|upkeep
|
|t:|1757862446
|switch|p1a: Lokix|Lokix, F|100/100
|turn|23
|
|t:|1757862449
|move|p2a: Mimikyu|Play Rough|p1a: Lokix
|-supereffective|p1a: Lokix
|-damage|p1a: Lokix|0 fnt
|faint|p1a: Lokix
|-damage|p2a: Mimikyu|52/100|[from] item: Life Orb
|
|upkeep
|-message|piratefish24 forfeited.
|
|win|constant sorrow
|raw|piratefish24's rating: 1411 &rarr; <strong>1388</strong><br />(-23 for losing)
|raw|constant sorrow's rating: 1367 &rarr; <strong>1390</strong><br />(+23 for winning)
|l|☆piratefish24
|player|p1|
|l|☆constant sorrow
|player|p2|
