|j|☆Hazinho
|j|☆LooksGoodToMe
|t:|1757870780
|gametype|singles
|player|p1|Hazinho|riley|1221
|player|p2|LooksGoodToMe|2|1282
|gen|9
|tier|[Gen 9] OU
|rated|
|rule|HP Percentage Mod: HP is shown in percentages
|rule|Endless Battle Clause: Forcing endless battles is banned
|rule|Species Clause: Limit one of each Pokémon
|rule|OHKO Clause: OHKO moves are banned
|rule|Evasion Items Clause: Evasion items are banned
|rule|Evasion Moves Clause: Evasion moves are banned
|rule|Evasion Abilities Clause: Evasion abilities are banned
|rule|Sleep Moves Clause: Sleep-inducing moves are banned
|clearpoke
|poke|p1|Gliscor, F|
|poke|p1|Hydreigon, M|
|poke|p1|Fezandipiti, M|
|poke|p1|Sylveon, F|
|poke|p1|Typhlosion, M|
|poke|p1|Bellossom, M|
|poke|p2|Goodra-Hisui, M|
|poke|p2|Ceruledge, F|
|poke|p2|Clodsire, M|
|poke|p2|Rotom-Wash|
|poke|p2|Grimmsnarl, M|
|poke|p2|Staraptor, F|
|teampreview
|inactive|Battle timer is ON: inactive players will automatically lose when time's up. (requested by LooksGoodToMe)
|
|t:|1757870790
|teamsize|p1|6
|teamsize|p2|6
|start
|switch|p1a: Gliscor|Gliscor, F|100/100
|switch|p2a: Goodra|Goodra-Hisui, M|100/100
|turn|1
|c|☆LooksGoodToMe|hf
|
|t:|1757870799
|move|p1a: Gliscor|Spikes|p2a: Goodra
|-sidestart|p2: LooksGoodToMe|Spikes
|move|p2a: Goodra|Ice Beam|p1a: Gliscor
|-supereffective|p1a: Gliscor
|-damage|p1a: Gliscor|0 fnt
|faint|p1a: Gliscor
|
|upkeep
|
|t:|1757870828
|switch|p1a: Typhlosion|Typhlosion, M|100/100
|turn|2
|
|t:|1757870838
|move|p1a: Typhlosion|Focus Blast|p2a: Goodra
|-supereffective|p2a: Goodra
|-damage|p2a: Goodra|54/100
|move|p2a: Goodra|Draco Meteor|p1a: Typhlosion
|-damage|p1a: Typhlosion|18/100
|-unboost|p2a: Goodra|spa|2
|
|upkeep
|turn|3
|
|t:|1757870849
|switch|p2a: Ceruledge|Ceruledge, F|100/100
|move|p1a: Typhlosion|Focus Blast|p2a: Ceruledge
|-immune|p2a: Ceruledge
|
|upkeep
|turn|4
|
|t:|1757870858
|switch|p1a: Hydreigon|Hydreigon, M|100/100
|move|p2a: Ceruledge|Poltergeist|p1a: Hydreigon
|-activate|p1a: Hydreigon|move: Poltergeist|White Herb
|-resisted|p1a: Hydreigon
|-damage|p1a: Hydreigon|72/100
|
|upkeep
|turn|5
|
|t:|1757870869
|switch|p2a: Grimmsnarl|Grimmsnarl, M|100/100
|-damage|p2a: Grimmsnarl|88/100|[from] Spikes
|move|p1a: Hydreigon|Dragon Dance|p1a: Hydreigon
|-boost|p1a: Hydreigon|atk|1
|-boost|p1a: Hydreigon|spe|1
|
|upkeep
|turn|6
|
|t:|1757870888
|switch|p1a: Typhlosion|Typhlosion, M|18/100
|switch|p2a: Ceruledge|Ceruledge, F|100/100
|
|upkeep
|turn|7
|
|t:|1757870898
|move|p2a: Ceruledge|Shadow Sneak|p1a: Typhlosion
|-damage|p1a: Typhlosion|0 fnt
|faint|p1a: Typhlosion
|
|upkeep
|inactive|Hazinho has 120 seconds left.
|
|t:|1757870917
|switch|p1a: Sylveon|Sylveon, F|100/100
|turn|8
|
|t:|1757870926
|move|p2a: Ceruledge|Swords Dance|p2a: Ceruledge
|-boost|p2a: Ceruledge|atk|2
|move|p1a: Sylveon|Calm Mind|p1a: Sylveon
|-boost|p1a: Sylveon|spa|1
|-boost|p1a: Sylveon|spd|1
|
|upkeep
|turn|9
|
|t:|1757870936
|move|p2a: Ceruledge|Poltergeist|p1a: Sylveon
|-activate|p1a: Sylveon|move: Poltergeist|Leftovers
|-damage|p1a: Sylveon|26/100
|move|p1a: Sylveon|Hyper Voice|p2a: Ceruledge
|-resisted|p2a: Ceruledge
|-damage|p2a: Ceruledge|78/100
|
|-heal|p1a: Sylveon|32/100|[from] item: Leftovers
|upkeep
|turn|10
|
|t:|1757870946
|move|p2a: Ceruledge|Bitter Blade|p1a: Sylveon
|-damage|p1a: Sylveon|0 fnt
|-heal|p2a: Ceruledge|96/100|[from] drain|[of] p1a: Sylveon
|faint|p1a: Sylveon
|
|upkeep
|
|t:|1757870950
|switch|p1a: Hydreigon|Hydreigon, M|72/100
|turn|11
|
|t:|1757870959
|move|p1a: Hydreigon|Earthquake|p2a: Ceruledge
|-supereffective|p2a: Ceruledge
|-damage|p2a: Ceruledge|25/100
|move|p2a: Ceruledge|Bitter Blade|p1a: Hydreigon
|-resisted|p1a: Hydreigon
|-damage|p1a: Hydreigon|30/100
|-heal|p2a: Ceruledge|44/100|[from] drain|[of] p1a: Hydreigon
|
|upkeep
|turn|12
|
|t:|1757870969
|switch|p2a: Staraptor|Staraptor, F|100/100
|move|p1a: Hydreigon|Earthquake|p2a: Staraptor
|-immune|p2a: Staraptor
|
|upkeep
|turn|13
|
|t:|1757870978
|move|p2a: Staraptor|Brave Bird|p1a: Hydreigon
|-damage|p1a: Hydreigon|0 fnt
|faint|p1a: Hydreigon
|-damage|p2a: Staraptor|90/100|[from] Recoil
|
|upkeep
|
|t:|1757870982
|switch|p1a: Bellossom|Bellossom, M|100/100
|turn|14
|
|t:|1757870991
|-terastallize|p1a: Bellossom|Electric
|move|p2a: Staraptor|Brave Bird|p1a: Bellossom
|-resisted|p1a: Bellossom
|-damage|p1a: Bellossom|64/100
|-damage|p2a: Staraptor|76/100|[from] Recoil
|move|p1a: Bellossom|Quiver Dance|p1a: Bellossom
|-boost|p1a: Bellossom|spa|1
|-boost|p1a: Bellossom|spd|1
|-boost|p1a: Bellossom|spe|1
|
|-heal|p1a: Bellossom|70/100|[from] item: Leftovers
|upkeep
|turn|15
|
|t:|1757871001
|move|p2a: Staraptor|Brave Bird|p1a: Bellossom
|-resisted|p1a: Bellossom
|-damage|p1a: Bellossom|34/100
|-damage|p2a: Staraptor|63/100|[from] Recoil
|move|p1a: Bellossom|Strength Sap|p2a: Staraptor
|-unboost|p2a: Staraptor|atk|1
|-heal|p1a: Bellossom|100/100
|
|upkeep
|turn|16
|
|t:|1757871011
|switch|p2a: Ceruledge|Ceruledge, F|44/100
|move|p1a: Bellossom|Quiver Dance|p1a: Bellossom
|-boost|p1a: Bellossom|spa|1
|-boost|p1a: Bellossom|spd|1
|-boost|p1a: Bellossom|spe|1
|
|upkeep
|turn|17
|
|t:|1757871020
|move|p1a: Bellossom|Tera Blast|p2a: Ceruledge|[anim] Tera Blast Electric
|-damage|p2a: Ceruledge|7/100
|move|p2a: Ceruledge|Swords Dance|p2a: Ceruledge
|-boost|p2a: Ceruledge|atk|2
|
|upkeep
|turn|18
|
|t:|1757871030
|move|p1a: Bellossom|Tera Blast|p2a: Ceruledge|[anim] Tera Blast Electric
|-damage|p2a: Ceruledge|0 fnt
|faint|p2a: Ceruledge
|
|upkeep
|
|t:|1757871039
|switch|p2a: Clodsire|Clodsire, M|100/100
|-damage|p2a: Clodsire|88/100|[from] Spikes
|turn|19
|
|t:|1757871048
|move|p1a: Bellossom|Quiver Dance|p1a: Bellossom
|-boost|p1a: Bellossom|spa|1
|-boost|p1a: Bellossom|spd|1
|-boost|p1a: Bellossom|spe|1
|move|p2a: Clodsire|Toxic|p1a: Bellossom
|-status|p1a: Bellossom|tox
|
|-heal|p2a: Clodsire|94/100|[from] item: Leftovers
|-damage|p1a: Bellossom|94/100 tox|[from] psn
|upkeep
|turn|20
|
|t:|1757871058
|move|p1a: Bellossom|Giga Drain|p2a: Clodsire
|-damage|p2a: Clodsire|61/100
|-heal|p1a: Bellossom|100/100 tox|[from] drain|[of] p2a: Clodsire
|move|p2a: Clodsire|Earthquake|p1a: Bellossom
|-supereffective|p1a: Bellossom
|-damage|p1a: Bellossom|49/100 tox
|
|-heal|p1a: Bellossom|55/100 tox|[from] item: Leftovers
|-heal|p2a: Clodsire|67/100|[from] item: Leftovers
|-damage|p1a: Bellossom|43/100 tox|[from] psn
|upkeep
|turn|21
|
|t:|1757871067
|move|p1a: Bellossom|Giga Drain|p2a: Clodsire
|-damage|p2a: Clodsire|36/100
|-heal|p1a: Bellossom|63/100 tox|[from] drain|[of] p2a: Clodsire
|move|p2a: Clodsire|Earthquake|p1a: Bellossom
|-supereffective|p1a: Bellossom
|-damage|p1a: Bellossom|11/100 tox
|
|-heal|p1a: Bellossom|17/100 tox|[from] item: Leftovers
|-heal|p2a: Clodsire|42/100|[from] item: Leftovers
|-damage|p1a: Bellossom|0 fnt|[from] psn
|faint|p1a: Bellossom
|upkeep
|
|t:|1757871074
|switch|p1a: Fezandipiti|Fezandipiti, M|100/100
|turn|22
|
|t:|1757871082
|move|p1a: Fezandipiti|Calm Mind|p1a: Fezandipiti
|-boost|p1a: Fezandipiti|spa|1
|-boost|p1a: Fezandipiti|spd|1
|move|p2a: Clodsire|Earthquake|p1a: Fezandipiti
|-supereffective|p1a: Fezandipiti
|-damage|p1a: Fezandipiti|46/100
|
|-heal|p2a: Clodsire|48/100|[from] item: Leftovers
|upkeep
|turn|23
|
|t:|1757871086
|move|p1a: Fezandipiti|Taunt|p2a: Clodsire
|-start|p2a: Clodsire|move: Taunt
|move|p2a: Clodsire|Earthquake|p1a: Fezandipiti
|-supereffective|p1a: Fezandipiti
|-damage|p1a: Fezandipiti|0 fnt
|faint|p1a: Fezandipiti
|
|win|LooksGoodToMe
|raw|Hazinho's rating: 1221 &rarr; <strong>1200</strong><br />(-21 for losing)
|raw|LooksGoodToMe's rating: 1282 &rarr; <strong>1303</strong><br />(+21 for winning)
|c|☆LooksGoodToMe|gg
|l|☆Hazinho
|player|p1|
|l|☆LooksGoodToMe
|player|p2|
