|j|☆rekka auto
|j|☆Riceyyyy
|t:|1757795186
|gametype|singles
|player|p1|rekka auto|1|1609
|player|p2|Riceyyyy|266|1668
|gen|9
|tier|[Gen 9] OU
|rated|
|rule|HP Percentage Mod: HP is shown in percentages
|rule|Endless Battle Clause: Forcing endless battles is banned
|rule|Species Clause: Limit one of each Pokémon
|rule|OHKO Clause: OHKO moves are banned
|rule|Evasion Items Clause: Evasion items are banned
|rule|Evasion Moves Clause: Evasion moves are banned
|rule|Evasion Abilities Clause: Evasion abilities are banned
|rule|Sleep Moves Clause: Sleep-inducing moves are banned
|clearpoke
|poke|p1|Rotom-Wash|
|poke|p1|Meowscarada, F|
|poke|p1|Comfey, F|
|poke|p1|Great Tusk|
|poke|p1|Dragapult, M|
|poke|p1|Ting-Lu|
|poke|p2|Conkeldurr, F|
|poke|p2|Ogerpon-Wellspring, F|
|poke|p2|Ting-Lu|
|poke|p2|Corviknight, M|
|poke|p2|Great Tusk|
|poke|p2|Iron Moth|
|teampreview
|inactive|Battle timer is ON: inactive players will automatically lose when time's up. (requested by rekka auto)
|j| urrrmyea
|inactive|Riceyyyy has 120 seconds left.
|l| urrrmyea
|
|t:|1757795223
|teamsize|p1|6
|teamsize|p2|6
|start
|switch|p1a: Meowscarada|Meowscarada, F|100/100
|switch|p2a: Iron Moth|Iron Moth|100/100
|turn|1
|
|t:|1757795250
|move|p1a: Meowscarada|Knock Off|p2a: Iron Moth
|-start|p1a: Meowscarada|typechange|Dark|[from] ability: Protean
|-damage|p2a: Iron Moth|0 fnt
|-enditem|p2a: Iron Moth|Choice Specs|[from] move: Knock Off|[of] p1a: Meowscarada
|faint|p2a: Iron Moth
|-end|p2a: Iron Moth|Quark Drive|[silent]
|
|upkeep
|
|t:|1757795256
|switch|p2a: Conkeldurr|Conkeldurr, F, shiny|100/100
|turn|2
|
|t:|1757795262
|switch|p1a: Rotom|Rotom-Wash|100/100
|move|p2a: Conkeldurr|Knock Off|p1a: Rotom
|-damage|p1a: Rotom|69/100
|-damage|p2a: Conkeldurr|84/100|[from] item: Rocky Helmet|[of] p1a: Rotom
|-enditem|p1a: Rotom|Rocky Helmet|[from] move: Knock Off|[of] p2a: Conkeldurr
|
|-status|p2a: Conkeldurr|brn|[from] item: Flame Orb
|upkeep
|turn|3
|
|t:|1757795271
|switch|p2a: Lizzy V Woman|Ogerpon-Wellspring, F|100/100
|move|p1a: Rotom|Pain Split|p2a: Lizzy V Woman
|-sethp|p2a: Lizzy V Woman|85/100|[from] move: Pain Split|[silent]
|-sethp|p1a: Rotom|84/100|[from] move: Pain Split
|
|upkeep
|turn|4
|
|t:|1757795277
|move|p2a: Lizzy V Woman|Power Whip|p1a: Rotom
|-supereffective|p1a: Rotom
|-damage|p1a: Rotom|0 fnt
|faint|p1a: Rotom
|
|upkeep
|
|t:|1757795280
|switch|p1a: Meowscarada|Meowscarada, F|100/100
|turn|5
|
|t:|1757795293
|switch|p2a: Corviknight|Corviknight, M|100/100
|move|p1a: Meowscarada|U-turn|p2a: Corviknight
|-start|p1a: Meowscarada|typechange|Bug|[from] ability: Protean
|-resisted|p2a: Corviknight
|-damage|p2a: Corviknight|94/100
|-damage|p1a: Meowscarada|84/100|[from] item: Rocky Helmet|[of] p2a: Corviknight
|
|t:|1757795302
|switch|p1a: Dragapult|Dragapult, M|100/100|[from] U-turn
|
|upkeep
|turn|6
|
|t:|1757795307
|switch|p2a: Ting-Lu|Ting-Lu|100/100
|-ability|p2a: Ting-Lu|Vessel of Ruin
|move|p1a: Dragapult|U-turn|p2a: Ting-Lu
|-supereffective|p2a: Ting-Lu
|-damage|p2a: Ting-Lu|81/100
|
|t:|1757795311
|switch|p1a: Meowscarada|Meowscarada, F|84/100|[from] U-turn
|
|-heal|p2a: Ting-Lu|87/100|[from] item: Leftovers
|upkeep
|turn|7
|
|t:|1757795316
|switch|p2a: Corviknight|Corviknight, M|94/100
|move|p1a: Meowscarada|Knock Off|p2a: Corviknight
|-start|p1a: Meowscarada|typechange|Dark|[from] ability: Protean
|-damage|p2a: Corviknight|55/100
|-damage|p1a: Meowscarada|68/100|[from] item: Rocky Helmet|[of] p2a: Corviknight
|-enditem|p2a: Corviknight|Rocky Helmet|[from] move: Knock Off|[of] p1a: Meowscarada
|
|upkeep
|turn|8
|
|t:|1757795321
|switch|p1a: Dragapult|Dragapult, M|100/100
|move|p2a: Corviknight|Roost|p2a: Corviknight
|-heal|p2a: Corviknight|100/100
|-singleturn|p2a: Corviknight|move: Roost
|
|upkeep
|turn|9
|
|t:|1757795326
|switch|p2a: Ting-Lu|Ting-Lu|87/100
|-ability|p2a: Ting-Lu|Vessel of Ruin
|move|p1a: Dragapult|U-turn|p2a: Ting-Lu
|-supereffective|p2a: Ting-Lu
|-damage|p2a: Ting-Lu|67/100
|
|t:|1757795329
|switch|p1a: Meowscarada|Meowscarada, F|68/100|[from] U-turn
|
|-heal|p2a: Ting-Lu|74/100|[from] item: Leftovers
|upkeep
|turn|10
|
|t:|1757795331
|switch|p2a: Corviknight|Corviknight, M|100/100
|move|p1a: Meowscarada|Triple Axel|p2a: Corviknight
|-start|p1a: Meowscarada|typechange|Ice|[from] ability: Protean
|-damage|p2a: Corviknight|92/100
|-damage|p2a: Corviknight|75/100
|-damage|p2a: Corviknight|51/100
|-hitcount|p2a: Corviknight|3
|
|upkeep
|turn|11
|
|t:|1757795335
|move|p1a: Meowscarada|Triple Axel|p2a: Corviknight
|-damage|p2a: Corviknight|42/100
|-damage|p2a: Corviknight|26/100
|-damage|p2a: Corviknight|2/100
|-hitcount|p2a: Corviknight|3
|move|p2a: Corviknight|Body Press|p1a: Meowscarada
|-supereffective|p1a: Meowscarada
|-damage|p1a: Meowscarada|0 fnt
|faint|p1a: Meowscarada
|
|upkeep
|
|t:|1757795339
|switch|p1a: Dragapult|Dragapult, M|100/100
|turn|12
|
|t:|1757795346
|move|p1a: Dragapult|U-turn|p2a: Corviknight
|-resisted|p2a: Corviknight
|-damage|p2a: Corviknight|0 fnt
|faint|p2a: Corviknight
|
|t:|1757795352
|switch|p1a: Great Tusk|Great Tusk|100/100|[from] U-turn
|
|upkeep
|
|t:|1757795368
|switch|p2a: Conkeldurr|Conkeldurr, F, shiny|84/100 brn
|turn|13
|
|t:|1757795377
|move|p1a: Great Tusk|Rapid Spin|p2a: Conkeldurr
|-damage|p2a: Conkeldurr|70/100 brn
|-boost|p1a: Great Tusk|spe|1
|move|p2a: Conkeldurr|Close Combat|p1a: Great Tusk
|-damage|p1a: Great Tusk|18/100
|-unboost|p2a: Conkeldurr|def|1
|-unboost|p2a: Conkeldurr|spd|1
|
|-damage|p2a: Conkeldurr|64/100 brn|[from] brn
|upkeep
|turn|14
|
|t:|1757795381
|move|p2a: Conkeldurr|Mach Punch|p1a: Great Tusk
|-damage|p1a: Great Tusk|0 fnt
|faint|p1a: Great Tusk
|-end|p1a: Great Tusk|Protosynthesis|[silent]
|
|-damage|p2a: Conkeldurr|58/100 brn|[from] brn
|upkeep
|
|t:|1757795383
|switch|p1a: Comfey|Comfey, F|100/100
|turn|15
|
|t:|1757795386
|move|p1a: Comfey|Calm Mind|p1a: Comfey
|-boost|p1a: Comfey|spa|1
|-boost|p1a: Comfey|spd|1
|move|p2a: Conkeldurr|Facade|p1a: Comfey
|-crit|p1a: Comfey
|-damage|p1a: Comfey|0 fnt
|faint|p1a: Comfey
|
|-damage|p2a: Conkeldurr|52/100 brn|[from] brn
|upkeep
|-message|rekka auto forfeited.
|
|win|Riceyyyy
|raw|rekka auto's rating: 1609 &rarr; <strong>1592</strong><br />(-17 for losing)
|raw|Riceyyyy's rating: 1668 &rarr; <strong>1685</strong><br />(+17 for winning)
|l|☆rekka auto
|player|p1|
|l|☆Riceyyyy
|player|p2|
