|j|☆vChickenNugget
|j|☆Redwing99
|t:|1757909247
|gametype|singles
|player|p1|vChickenNugget|erika|1312
|player|p2|Redwing99|cyrus|1346
|gen|9
|tier|[Gen 9] OU
|rated|
|rule|HP Percentage Mod: HP is shown in percentages
|rule|Endless Battle Clause: Forcing endless battles is banned
|rule|Species Clause: Limit one of each Pokémon
|rule|OHKO Clause: OHKO moves are banned
|rule|Evasion Items Clause: Evasion items are banned
|rule|Evasion Moves Clause: Evasion moves are banned
|rule|Evasion Abilities Clause: Evasion abilities are banned
|rule|Sleep Moves Clause: Sleep-inducing moves are banned
|clearpoke
|poke|p1|Cinderace, M|
|poke|p1|Landorus-Therian, M|
|poke|p1|Hatterene, F|
|poke|p1|Darkrai|
|poke|p1|Kyurem|
|poke|p1|Iron Valiant|
|poke|p2|Excadrill, F|
|poke|p2|Tyranitar, F|
|poke|p2|Great Tusk|
|poke|p2|Heatran, M|
|poke|p2|Sinistcha-Masterpiece|
|poke|p2|Rotom-Wash|
|teampreview
|
|t:|1757909279
|teamsize|p1|6
|teamsize|p2|6
|start
|switch|p1a: Landorus|Landorus-Therian, M|100/100
|switch|p2a: Rotom|Rotom-Wash|100/100
|-ability|p1a: Landorus|Intimidate|boost
|-unboost|p2a: Rotom|atk|1
|turn|1
|inactive|Battle timer is ON: inactive players will automatically lose when time's up. (requested by vChickenNugget)
|
|t:|1757909288
|move|p1a: Landorus|U-turn|p2a: Rotom
|-damage|p2a: Rotom|80/100
|
|t:|1757909294
|switch|p1a: Hatterene|Hatterene, F|100/100|[from] U-turn
|move|p2a: Rotom|Hydro Pump|p1a: Hatterene
|-damage|p1a: Hatterene|54/100
|
|-heal|p2a: Rotom|86/100|[from] item: Leftovers
|upkeep
|turn|2
|
|t:|1757909307
|move|p2a: Rotom|Volt Switch|p1a: Hatterene
|-damage|p1a: Hatterene|25/100
|
|t:|1757909310
|switch|p2a: Heatran|Heatran, M|100/100|[from] Volt Switch
|move|p1a: Hatterene|Healing Wish|p1a: Hatterene
|faint|p1a: Hatterene
|
|upkeep
|
|t:|1757909315
|switch|p1a: Landorus|Landorus-Therian, M|100/100
|-ability|p1a: Landorus|Intimidate|boost
|-unboost|p2a: Heatran|atk|1
|turn|3
|
|t:|1757909326
|switch|p2a: Rotom|Rotom-Wash|86/100
|move|p1a: Landorus|Earth Power|p2a: Rotom
|-immune|p2a: Rotom|[from] ability: Levitate
|
|-heal|p2a: Rotom|92/100|[from] item: Leftovers
|upkeep
|turn|4
|
|t:|1757909334
|move|p1a: Landorus|U-turn|p2a: Rotom
|-damage|p2a: Rotom|73/100
|
|t:|1757909342
|switch|p1a: Kyurem|Kyurem|100/100|[from] U-turn
|-ability|p1a: Kyurem|Pressure
|move|p2a: Rotom|Volt Switch|p1a: Kyurem
|-resisted|p1a: Kyurem
|-damage|p1a: Kyurem|88/100
|
|t:|1757909352
|switch|p2a: Tyranitar|Tyranitar, F, shiny|100/100|[from] Volt Switch
|-weather|Sandstorm|[from] ability: Sand Stream|[of] p2a: Tyranitar
|
|-weather|Sandstorm|[upkeep]
|-damage|p1a: Kyurem|82/100|[from] Sandstorm
|upkeep
|turn|5
|
|t:|1757909365
|switch|p1a: Iron Valiant|Iron Valiant|100/100
|-enditem|p1a: Iron Valiant|Booster Energy
|-activate|p1a: Iron Valiant|ability: Quark Drive|[fromitem]
|-start|p1a: Iron Valiant|quarkdrivespe
|move|p2a: Tyranitar|Knock Off|p1a: Iron Valiant
|-resisted|p1a: Iron Valiant
|-damage|p1a: Iron Valiant|89/100
|
|-weather|Sandstorm|[upkeep]
|-damage|p1a: Iron Valiant|83/100|[from] Sandstorm
|upkeep
|turn|6
|
|t:|1757909373
|switch|p2a: Heatran|Heatran, M|100/100
|move|p1a: Iron Valiant|Moonblast|p2a: Heatran
|-resisted|p2a: Heatran
|-damage|p2a: Heatran|91/100
|
|-weather|Sandstorm|[upkeep]
|-damage|p1a: Iron Valiant|76/100|[from] Sandstorm
|-heal|p2a: Heatran|97/100|[from] item: Leftovers
|upkeep
|turn|7
|
|t:|1757909379
|move|p1a: Iron Valiant|Close Combat|p2a: Heatran
|-supereffective|p2a: Heatran
|-damage|p2a: Heatran|9/100
|-unboost|p1a: Iron Valiant|def|1
|-unboost|p1a: Iron Valiant|spd|1
|move|p2a: Heatran|Stealth Rock|p1a: Iron Valiant
|-sidestart|p1: vChickenNugget|move: Stealth Rock
|
|-weather|Sandstorm|[upkeep]
|-damage|p1a: Iron Valiant|70/100|[from] Sandstorm
|-heal|p2a: Heatran|15/100|[from] item: Leftovers
|upkeep
|turn|8
|
|t:|1757909389
|move|p1a: Iron Valiant|Knock Off|p2a: Heatran
|-damage|p2a: Heatran|0 fnt
|-enditem|p2a: Heatran|Leftovers|[from] move: Knock Off|[of] p1a: Iron Valiant
|faint|p2a: Heatran
|
|-weather|Sandstorm|[upkeep]
|-damage|p1a: Iron Valiant|64/100|[from] Sandstorm
|upkeep
|
|t:|1757909391
|switch|p2a: Excadrill|Excadrill, F, shiny|100/100
|turn|9
|
|t:|1757909397
|move|p2a: Excadrill|Iron Head|p1a: Iron Valiant
|-supereffective|p1a: Iron Valiant
|-damage|p1a: Iron Valiant|0 fnt
|faint|p1a: Iron Valiant
|-end|p1a: Iron Valiant|Quark Drive|[silent]
|
|-weather|Sandstorm|[upkeep]
|upkeep
|
|t:|1757909401
|switch|p1a: Landorus|Landorus-Therian, M|100/100
|-damage|p1a: Landorus|88/100|[from] Stealth Rock
|-ability|p1a: Landorus|Intimidate|boost
|-unboost|p2a: Excadrill|atk|1
|turn|10
|
|t:|1757909410
|switch|p2a: Sinistcha|Sinistcha-Masterpiece|100/100
|move|p1a: Landorus|Earth Power|p2a: Sinistcha
|-resisted|p2a: Sinistcha
|-damage|p2a: Sinistcha|83/100
|
|-weather|Sandstorm|[upkeep]
|-damage|p2a: Sinistcha|77/100|[from] Sandstorm
|-heal|p2a: Sinistcha|83/100|[from] item: Leftovers
|upkeep
|turn|11
|
|t:|1757909418
|move|p1a: Landorus|Taunt|p2a: Sinistcha
|-start|p2a: Sinistcha|move: Taunt
|move|p2a: Sinistcha|Shadow Ball|p1a: Landorus
|-damage|p1a: Landorus|48/100
|-unboost|p1a: Landorus|spd|1
|
|-weather|none
|-heal|p2a: Sinistcha|89/100|[from] item: Leftovers
|upkeep
|turn|12
|
|t:|1757909427
|switch|p1a: Darkrai|Darkrai|100/100
|-damage|p1a: Darkrai|88/100|[from] Stealth Rock
|move|p2a: Sinistcha|Shadow Ball|p1a: Darkrai
|-resisted|p1a: Darkrai
|-damage|p1a: Darkrai|60/100
|
|-heal|p2a: Sinistcha|95/100|[from] item: Leftovers
|upkeep
|turn|13
|
|t:|1757909448
|switch|p2a: Tyranitar|Tyranitar, F, shiny|100/100
|-weather|Sandstorm|[from] ability: Sand Stream|[of] p2a: Tyranitar
|move|p1a: Darkrai|Dark Pulse|p2a: Tyranitar
|-resisted|p2a: Tyranitar
|-damage|p2a: Tyranitar|84/100
|
|-weather|Sandstorm|[upkeep]
|-damage|p1a: Darkrai|54/100|[from] Sandstorm
|upkeep
|turn|14
|
|t:|1757909457
|move|p1a: Darkrai|Focus Blast|p2a: Tyranitar|[miss]
|-miss|p1a: Darkrai|p2a: Tyranitar
|move|p2a: Tyranitar|Dragon Dance|p2a: Tyranitar
|-boost|p2a: Tyranitar|atk|1
|-boost|p2a: Tyranitar|spe|1
|
|-weather|Sandstorm|[upkeep]
|-damage|p1a: Darkrai|48/100|[from] Sandstorm
|upkeep
|turn|15
|
|t:|1757909480
|switch|p2a: Rotom|Rotom-Wash|73/100
|move|p1a: Darkrai|Focus Blast|p2a: Rotom|[miss]
|-miss|p1a: Darkrai|p2a: Rotom
|
|-weather|Sandstorm|[upkeep]
|-damage|p1a: Darkrai|42/100|[from] Sandstorm
|-damage|p2a: Rotom|67/100|[from] Sandstorm
|-heal|p2a: Rotom|73/100|[from] item: Leftovers
|upkeep
|turn|16
|
|t:|1757909488
|move|p1a: Darkrai|Dark Pulse|p2a: Rotom
|-damage|p2a: Rotom|28/100
|move|p2a: Rotom|Hydro Pump|p1a: Darkrai
|-damage|p1a: Darkrai|0 fnt
|faint|p1a: Darkrai
|
|-weather|Sandstorm|[upkeep]
|-damage|p2a: Rotom|22/100|[from] Sandstorm
|-heal|p2a: Rotom|28/100|[from] item: Leftovers
|upkeep
|
|t:|1757909494
|switch|p1a: Cinderace|Cinderace, M|100/100
|-damage|p1a: Cinderace|76/100|[from] Stealth Rock
|turn|17
|
|t:|1757909499
|move|p1a: Cinderace|Sucker Punch|p2a: Rotom
|-damage|p2a: Rotom|6/100
|move|p2a: Rotom|Thunderbolt|p1a: Cinderace
|-damage|p1a: Cinderace|25/100
|
|-weather|Sandstorm|[upkeep]
|-damage|p1a: Cinderace|19/100|[from] Sandstorm
|-damage|p2a: Rotom|0 fnt|[from] Sandstorm
|faint|p2a: Rotom
|upkeep
|
|t:|1757909507
|switch|p2a: Excadrill|Excadrill, F, shiny|100/100
|turn|18
|
|t:|1757909511
|move|p2a: Excadrill|Swords Dance|p2a: Excadrill
|-boost|p2a: Excadrill|atk|2
|move|p1a: Cinderace|Reversal|p2a: Excadrill
|-supereffective|p2a: Excadrill
|-damage|p2a: Excadrill|16/100
|
|-weather|Sandstorm|[upkeep]
|-damage|p1a: Cinderace|13/100|[from] Sandstorm
|upkeep
|turn|19
|
|t:|1757909517
|move|p2a: Excadrill|Iron Head|p1a: Cinderace
|-resisted|p1a: Cinderace
|-damage|p1a: Cinderace|0 fnt
|faint|p1a: Cinderace
|
|-weather|Sandstorm|[upkeep]
|upkeep
|
|t:|1757909522
|switch|p1a: Kyurem|Kyurem|82/100
|-heal|p1a: Kyurem|100/100|[from] move: Healing Wish
|-damage|p1a: Kyurem|76/100|[from] Stealth Rock
|-ability|p1a: Kyurem|Pressure
|turn|20
|
|t:|1757909529
|-terastallize|p1a: Kyurem|Electric
|move|p2a: Excadrill|Iron Head|p1a: Kyurem
|-resisted|p1a: Kyurem
|-damage|p1a: Kyurem|36/100
|move|p1a: Kyurem|Dragon Dance|p1a: Kyurem
|-boost|p1a: Kyurem|atk|1
|-boost|p1a: Kyurem|spe|1
|
|-weather|none
|upkeep
|turn|21
|
|t:|1757909537
|move|p1a: Kyurem|Icicle Spear|p2a: Excadrill
|-damage|p2a: Excadrill|0 fnt
|faint|p2a: Excadrill
|-hitcount|p2: Excadrill|1
|
|upkeep
|
|t:|1757909545
|switch|p2a: Tyranitar|Tyranitar, F, shiny|84/100
|-weather|Sandstorm|[from] ability: Sand Stream|[of] p2a: Tyranitar
|turn|22
|
|t:|1757909558
|move|p1a: Kyurem|Substitute|p1a: Kyurem
|-start|p1a: Kyurem|Substitute
|-damage|p1a: Kyurem|11/100
|move|p2a: Tyranitar|Knock Off|p1a: Kyurem
|-end|p1a: Kyurem|Substitute
|
|-weather|Sandstorm|[upkeep]
|-damage|p1a: Kyurem|4/100|[from] Sandstorm
|upkeep
|turn|23
|
|t:|1757909561
|move|p1a: Kyurem|Tera Blast|p2a: Tyranitar|[anim] Tera Blast Electric
|-damage|p2a: Tyranitar|28/100
|move|p2a: Tyranitar|Knock Off|p1a: Kyurem
|-damage|p1a: Kyurem|0 fnt
|-enditem|p1a: Kyurem|Loaded Dice|[from] move: Knock Off|[of] p2a: Tyranitar
|faint|p1a: Kyurem
|
|-weather|Sandstorm|[upkeep]
|upkeep
|-message|vChickenNugget forfeited.
|
|win|Redwing99
|raw|vChickenNugget's rating: 1312 &rarr; <strong>1294</strong><br />(-18 for losing)
|raw|Redwing99's rating: 1346 &rarr; <strong>1364</strong><br />(+18 for winning)
|l|☆vChickenNugget
|player|p1|
|l|☆Redwing99
|player|p2|
