|j|☆hutoew
|j|☆ollybomb
|t:|1757822667
|gametype|singles
|player|p1|hutoew|hilda|1663
|player|p2|ollybomb|cress|1599
|gen|9
|tier|[Gen 9] OU
|rated|
|rule|HP Percentage Mod: HP is shown in percentages
|rule|Endless Battle Clause: Forcing endless battles is banned
|rule|Species Clause: Limit one of each Pokémon
|rule|OHKO Clause: OHKO moves are banned
|rule|Evasion Items Clause: Evasion items are banned
|rule|Evasion Moves Clause: Evasion moves are banned
|rule|Evasion Abilities Clause: Evasion abilities are banned
|rule|Sleep Moves Clause: Sleep-inducing moves are banned
|clearpoke
|poke|p1|Ting-Lu|
|poke|p1|Corviknight, M|
|poke|p1|Zamazenta-*|
|poke|p1|Ceruledge, F|
|poke|p1|Kingambit, M|
|poke|p1|Clodsire, M|
|poke|p2|Ribombee, M|
|poke|p2|Gholdengo|
|poke|p2|Landorus-Therian, M|
|poke|p2|Manaphy|
|poke|p2|Iron Valiant|
|poke|p2|Iron Moth|
|teampreview
|j| LuLuNaNaRaRa
|
|t:|1757822732
|teamsize|p1|6
|teamsize|p2|6
|start
|switch|p1a: Zamazenta|Zamazenta|100/100
|switch|p2a: Ribombee|Ribombee, M|100/100
|-ability|p1a: Zamazenta|Dauntless Shield|boost
|-boost|p1a: Zamazenta|def|1
|turn|1
|
|t:|1757822736
|move|p1a: Zamazenta|Iron Head|p2a: Ribombee
|-supereffective|p2a: Ribombee
|-enditem|p2a: Ribombee|Focus Sash
|-damage|p2a: Ribombee|1/100
|move|p2a: Ribombee|Moonblast|p1a: Zamazenta
|-supereffective|p1a: Zamazenta
|-damage|p1a: Zamazenta|19/100
|
|upkeep
|turn|2
|
|t:|1757822743
|move|p1a: Zamazenta|Iron Head|p2a: Ribombee
|-supereffective|p2a: Ribombee
|-damage|p2a: Ribombee|0 fnt
|faint|p2a: Ribombee
|
|upkeep
|
|t:|1757822747
|switch|p2a: Iron Valiant|Iron Valiant|100/100
|-enditem|p2a: Iron Valiant|Booster Energy
|-activate|p2a: Iron Valiant|ability: Quark Drive|[fromitem]
|-start|p2a: Iron Valiant|quarkdrivespa
|turn|3
|
|t:|1757822753
|move|p2a: Iron Valiant|Vacuum Wave|p1a: Zamazenta
|-damage|p1a: Zamazenta|0 fnt
|faint|p1a: Zamazenta
|
|upkeep
|
|t:|1757822757
|switch|p1a: Ceruledge|Ceruledge, F|100/100
|turn|4
|
|t:|1757822788
|-end|p2a: Iron Valiant|Quark Drive|[silent]
|switch|p2a: Manaphy|Manaphy|100/100
|move|p1a: Ceruledge|Flare Blitz|p2a: Manaphy
|-resisted|p2a: Manaphy
|-damage|p2a: Manaphy|54/100
|-damage|p1a: Ceruledge|83/100|[from] Recoil
|
|-heal|p2a: Manaphy|60/100|[from] item: Leftovers
|upkeep
|turn|5
|
|t:|1757822796
|switch|p1a: Kingambit|Kingambit, M|100/100
|-activate|p1a: Kingambit|ability: Supreme Overlord
|-start|p1a: Kingambit|fallen1|[silent]
|move|p2a: Manaphy|Surf|p1a: Kingambit
|-damage|p1a: Kingambit|63/100
|
|-heal|p2a: Manaphy|66/100|[from] item: Leftovers
|upkeep
|turn|6
|
|t:|1757822814
|switch|p2a: Iron Valiant|Iron Valiant|100/100
|move|p1a: Kingambit|Kowtow Cleave|p2a: Iron Valiant
|-resisted|p2a: Iron Valiant
|-damage|p2a: Iron Valiant|73/100
|
|upkeep
|turn|7
|
|t:|1757822822
|-end|p1a: Kingambit|fallen1|[silent]
|switch|p1a: Ceruledge|Ceruledge, F|83/100
|move|p2a: Iron Valiant|Vacuum Wave|p1a: Ceruledge
|-immune|p1a: Ceruledge
|
|upkeep
|turn|8
|
|t:|1757822825
|move|p2a: Iron Valiant|Shadow Ball|p1a: Ceruledge
|-supereffective|p1a: Ceruledge
|-damage|p1a: Ceruledge|9/100
|move|p1a: Ceruledge|Poltergeist||[still]
|-fail|p1a: Ceruledge
|
|upkeep
|turn|9
|
|t:|1757822836
|switch|p1a: Ting-Lu|Ting-Lu|100/100
|-ability|p1a: Ting-Lu|Vessel of Ruin
|move|p2a: Iron Valiant|Moonblast|p1a: Ting-Lu
|-supereffective|p1a: Ting-Lu
|-damage|p1a: Ting-Lu|37/100
|-unboost|p1a: Ting-Lu|spa|1
|
|upkeep
|turn|10
|
|t:|1757822843
|-terastallize|p1a: Ting-Lu|Poison
|move|p2a: Iron Valiant|Moonblast|p1a: Ting-Lu
|-resisted|p1a: Ting-Lu
|-damage|p1a: Ting-Lu|23/100
|move|p1a: Ting-Lu|Earthquake|p2a: Iron Valiant
|-damage|p2a: Iron Valiant|0 fnt
|faint|p2a: Iron Valiant
|-end|p2a: Iron Valiant|Quark Drive|[silent]
|
|upkeep
|
|t:|1757822862
|switch|p2a: Landorus|Landorus-Therian, M|100/100
|-ability|p2a: Landorus|Intimidate|boost
|-unboost|p1a: Ting-Lu|atk|1
|turn|11
|
|t:|1757822866
|switch|p1a: Corviknight|Corviknight, M|100/100
|move|p2a: Landorus|Earthquake|p1a: Corviknight
|-immune|p1a: Corviknight
|
|upkeep
|turn|12
|
|t:|1757822868
|move|p2a: Landorus|Stealth Rock|p1a: Corviknight
|-sidestart|p1: hutoew|move: Stealth Rock
|move|p1a: Corviknight|Brave Bird|p2a: Landorus
|-damage|p2a: Landorus|7/100
|-damage|p1a: Corviknight|76/100|[from] Recoil
|
|upkeep
|turn|13
|l| LuLuNaNaRaRa
|
|t:|1757822885
|switch|p2a: Gholdengo|Gholdengo|100/100
|-item|p2a: Gholdengo|Air Balloon
|move|p1a: Corviknight|Brave Bird|p2a: Gholdengo
|-resisted|p2a: Gholdengo
|-damage|p2a: Gholdengo|58/100
|-enditem|p2a: Gholdengo|Air Balloon
|-damage|p1a: Corviknight|65/100|[from] Recoil
|
|upkeep
|turn|14
|
|t:|1757822890
|switch|p1a: Ceruledge|Ceruledge, F|9/100
|-damage|p1a: Ceruledge|0 fnt|[from] Stealth Rock
|faint|p1a: Ceruledge
|move|p2a: Gholdengo|Recover|p2a: Gholdengo
|-heal|p2a: Gholdengo|100/100
|
|upkeep
|
|t:|1757822893
|switch|p1a: Clodsire|Clodsire, M|100/100
|-damage|p1a: Clodsire|94/100|[from] Stealth Rock
|turn|15
|
|t:|1757822906
|move|p2a: Gholdengo|Make It Rain|p1a: Clodsire
|-damage|p1a: Clodsire|47/100
|-unboost|p2a: Gholdengo|spa|1
|move|p1a: Clodsire|Earthquake|p2a: Gholdengo
|-supereffective|p2a: Gholdengo
|-damage|p2a: Gholdengo|0 fnt
|faint|p2a: Gholdengo
|
|upkeep
|
|t:|1757822937
|switch|p2a: Manaphy|Manaphy|66/100
|turn|16
|
|t:|1757822940
|switch|p1a: Ting-Lu|Ting-Lu, tera:Poison|23/100
|-damage|p1a: Ting-Lu|10/100|[from] Stealth Rock
|-ability|p1a: Ting-Lu|Vessel of Ruin
|move|p2a: Manaphy|Tail Glow|p2a: Manaphy
|-boost|p2a: Manaphy|spa|3
|
|-heal|p2a: Manaphy|73/100|[from] item: Leftovers
|upkeep
|turn|17
|
|t:|1757822950
|move|p2a: Manaphy|Ice Beam|p1a: Ting-Lu
|-damage|p1a: Ting-Lu|0 fnt
|faint|p1a: Ting-Lu
|
|-heal|p2a: Manaphy|79/100|[from] item: Leftovers
|upkeep
|
|t:|1757822952
|switch|p1a: Kingambit|Kingambit, M|63/100
|-damage|p1a: Kingambit|57/100|[from] Stealth Rock
|-activate|p1a: Kingambit|ability: Supreme Overlord
|-start|p1a: Kingambit|fallen3|[silent]
|turn|18
|
|t:|1757822957
|-terastallize|p2a: Manaphy|Fairy
|move|p1a: Kingambit|Sucker Punch|p2a: Manaphy
|-resisted|p2a: Manaphy
|-damage|p2a: Manaphy|41/100
|move|p2a: Manaphy|Surf|p1a: Kingambit
|-damage|p1a: Kingambit|0 fnt
|faint|p1a: Kingambit
|-end|p1a: Kingambit|fallen3|[silent]
|
|-heal|p2a: Manaphy|47/100|[from] item: Leftovers
|upkeep
|-message|hutoew forfeited.
|
|win|ollybomb
|raw|hutoew's rating: 1663 &rarr; <strong>1639</strong><br />(-24 for losing)
|raw|ollybomb's rating: 1599 &rarr; <strong>1623</strong><br />(+24 for winning)
|l|☆hutoew
|player|p1|
|l|☆ollybomb
|player|p2|
