|j|☆spidermathou
|j|☆hungrymane
|t:|1757844715
|gametype|singles
|player|p1|spidermathou|harlequin|1547
|player|p2|hungrymane|101|1628
|gen|9
|tier|[Gen 9] OU
|rated|
|rule|HP Percentage Mod: HP is shown in percentages
|rule|Endless Battle Clause: Forcing endless battles is banned
|rule|Species Clause: Limit one of each Pokémon
|rule|OHKO Clause: OHKO moves are banned
|rule|Evasion Items Clause: Evasion items are banned
|rule|Evasion Moves Clause: Evasion moves are banned
|rule|Evasion Abilities Clause: Evasion abilities are banned
|rule|Sleep Moves Clause: Sleep-inducing moves are banned
|clearpoke
|poke|p1|Corviknight, F|
|poke|p1|Primarina, F|
|poke|p1|Skeledirge, F|
|poke|p1|Chesnaught, F|
|poke|p1|Weezing-Galar, M|
|poke|p1|Ting-Lu|
|poke|p2|Mesprit|
|poke|p2|Zoroark-Hisui, F|
|poke|p2|Thundurus, M|
|poke|p2|Okidogi, M|
|poke|p2|Goodra-Hisui, F|
|poke|p2|Alomomola, F|
|teampreview
|inactive|Battle timer is ON: inactive players will automatically lose when time's up. (requested by spidermathou)
|
|t:|1757844745
|teamsize|p1|6
|teamsize|p2|6
|start
|switch|p1a: Skeledirge|Skeledirge, F|100/100
|switch|p2a: Big bad wolf?|Thundurus, M|100/100
|-item|p1a: Skeledirge|Air Balloon
|turn|1
|inactive|hungrymane has 120 seconds left.
|
|t:|1757844782
|switch|p1a: Ting-Lu|Ting-Lu|100/100
|-ability|p1a: Ting-Lu|Vessel of Ruin
|move|p2a: Big bad wolf?|Thunder Wave|p1a: Ting-Lu
|-immune|p1a: Ting-Lu
|
|upkeep
|turn|2
|
|t:|1757844796
|move|p2a: Big bad wolf?|U-turn|p1a: Ting-Lu
|-supereffective|p1a: Ting-Lu
|-damage|p1a: Ting-Lu|83/100
|
|t:|1757844806
|switch|p2a: Whos afraid of the|Mesprit|100/100|[from] U-turn
|move|p1a: Ting-Lu|Stealth Rock|p2a: Whos afraid of the
|-sidestart|p2: hungrymane|move: Stealth Rock
|
|upkeep
|turn|3
|
|t:|1757844817
|switch|p1a: Primarina|Primarina, F|100/100
|move|p2a: Whos afraid of the|Stealth Rock|p1a: Primarina
|-sidestart|p1: spidermathou|move: Stealth Rock
|
|upkeep
|turn|4
|j| wgw2333
|
|t:|1757844841
|move|p2a: Whos afraid of the|U-turn|p1a: Primarina
|-resisted|p1a: Primarina
|-damage|p1a: Primarina|94/100
|
|t:|1757844843
|switch|p2a: I aint afraid of a|Okidogi, M|100/100|[from] U-turn
|move|p1a: Primarina|Substitute|p1a: Primarina
|-start|p1a: Primarina|Substitute
|-damage|p1a: Primarina|69/100
|
|-heal|p1a: Primarina|75/100|[from] item: Leftovers
|upkeep
|turn|5
|
|t:|1757844855
|move|p2a: I aint afraid of a|Close Combat|p1a: Primarina
|-resisted|p1a: Primarina
|-activate|p1a: Primarina|move: Substitute|[damage]
|-unboost|p2a: I aint afraid of a|def|1
|-unboost|p2a: I aint afraid of a|spd|1
|move|p1a: Primarina|Draining Kiss|p2a: I aint afraid of a
|-damage|p2a: I aint afraid of a|69/100
|-heal|p1a: Primarina|99/100|[from] drain|[of] p2a: I aint afraid of a
|
|-heal|p1a: Primarina|100/100|[from] item: Leftovers
|upkeep
|turn|6
|
|t:|1757844861
|move|p2a: I aint afraid of a|Poison Fang|p1a: Primarina
|-supereffective|p1a: Primarina
|-end|p1a: Primarina|Substitute
|move|p1a: Primarina|Draining Kiss|p2a: I aint afraid of a
|-damage|p2a: I aint afraid of a|40/100
|
|upkeep
|turn|7
|
|t:|1757844868
|switch|p1a: Corviknight|Corviknight, F|100/100
|-damage|p1a: Corviknight|88/100|[from] Stealth Rock
|-ability|p1a: Corviknight|Pressure
|move|p2a: I aint afraid of a|Knock Off|p1a: Corviknight
|-damage|p1a: Corviknight|73/100
|-damage|p2a: I aint afraid of a|23/100|[from] item: Rocky Helmet|[of] p1a: Corviknight
|-enditem|p1a: Corviknight|Rocky Helmet|[from] move: Knock Off|[of] p2a: I aint afraid of a
|
|upkeep
|turn|8
|
|t:|1757844876
|switch|p2a: Big bad wolf?|Thundurus, M|100/100
|move|p1a: Corviknight|Brave Bird|p2a: Big bad wolf?
|-resisted|p2a: Big bad wolf?
|-damage|p2a: Big bad wolf?|76/100
|-damage|p1a: Corviknight|66/100|[from] Recoil
|
|upkeep
|turn|9
|
|t:|1757844897
|switch|p1a: Ting-Lu|Ting-Lu|83/100
|-damage|p1a: Ting-Lu|76/100|[from] Stealth Rock
|-ability|p1a: Ting-Lu|Vessel of Ruin
|move|p2a: Big bad wolf?|Volt Switch|p1a: Ting-Lu
|-immune|p1a: Ting-Lu
|
|upkeep
|turn|10
|inactive|hungrymane has 120 seconds left.
|inactive|hungrymane has 90 seconds left.
|
|t:|1757844964
|move|p2a: Big bad wolf?|U-turn|p1a: Ting-Lu
|-supereffective|p1a: Ting-Lu
|-damage|p1a: Ting-Lu|59/100
|
|t:|1757844965
|switch|p2a: Tuteetudleetutu|Alomomola, F|100/100|[from] U-turn
|move|p1a: Ting-Lu|Whirlwind|p2a: Tuteetudleetutu
|drag|p2a: Whos afraid of the|Mesprit|100/100
|
|upkeep
|turn|11
|j| heatraniac
|
|t:|1757844978
|switch|p1a: Corviknight|Corviknight, F|66/100
|-damage|p1a: Corviknight|53/100|[from] Stealth Rock
|-ability|p1a: Corviknight|Pressure
|move|p2a: Whos afraid of the|Ice Beam|p1a: Corviknight
|-damage|p1a: Corviknight|32/100
|
|upkeep
|turn|12
|
|t:|1757844982
|move|p2a: Whos afraid of the|Psychic Noise|p1a: Corviknight
|-resisted|p1a: Corviknight
|-damage|p1a: Corviknight|19/100
|-start|p1a: Corviknight|move: Heal Block
|cant|p1a: Corviknight|move: Heal Block|Roost
|
|upkeep
|turn|13
|
|t:|1757844985
|move|p2a: Whos afraid of the|Ice Beam|p1a: Corviknight
|-damage|p1a: Corviknight|0 fnt
|faint|p1a: Corviknight
|
|upkeep
|
|t:|1757844988
|switch|p1a: Primarina|Primarina, F|100/100
|-damage|p1a: Primarina|88/100|[from] Stealth Rock
|turn|14
|inactive|hungrymane has 120 seconds left.
|j| Ctannn
|
|t:|1757845023
|move|p2a: Whos afraid of the|Psychic Noise|p1a: Primarina
|-damage|p1a: Primarina|64/100
|-start|p1a: Primarina|move: Heal Block
|move|p1a: Primarina|Substitute|p1a: Primarina
|-start|p1a: Primarina|Substitute
|-damage|p1a: Primarina|39/100
|
|upkeep
|turn|15
|j| babyshark974
|
|t:|1757845035
|move|p2a: Whos afraid of the|Psychic Noise|p1a: Primarina
|-damage|p1a: Primarina|18/100
|move|p1a: Primarina|Psychic Noise|p2a: Whos afraid of the
|-damage|p2a: Whos afraid of the|75/100
|-start|p2a: Whos afraid of the|move: Heal Block
|
|-end|p1a: Primarina|move: Heal Block
|upkeep
|turn|16
|
|t:|1757845042
|switch|p1a: Skeledirge|Skeledirge, F|100/100
|-damage|p1a: Skeledirge|76/100|[from] Stealth Rock
|-item|p1a: Skeledirge|Air Balloon
|move|p2a: Whos afraid of the|Psychic Noise|p1a: Skeledirge
|-damage|p1a: Skeledirge|46/100
|-start|p1a: Skeledirge|move: Heal Block
|-enditem|p1a: Skeledirge|Air Balloon
|
|-end|p2a: Whos afraid of the|move: Heal Block
|upkeep
|turn|17
|inactive|hungrymane has 120 seconds left.
|
|t:|1757845056
|move|p2a: Whos afraid of the|Psychic Noise|p1a: Skeledirge
|-damage|p1a: Skeledirge|16/100
|move|p1a: Skeledirge|Torch Song|p2a: Whos afraid of the
|-damage|p2a: Whos afraid of the|50/100
|-boost|p1a: Skeledirge|spa|1
|
|-end|p1a: Skeledirge|move: Heal Block
|upkeep
|turn|18
|
|t:|1757845058
|move|p2a: Whos afraid of the|Psychic Noise|p1a: Skeledirge
|-damage|p1a: Skeledirge|0 fnt
|faint|p1a: Skeledirge
|
|upkeep
|
|t:|1757845063
|switch|p1a: Weezing|Weezing-Galar, M|100/100
|-ability|p1a: Weezing|Neutralizing Gas
|turn|19
|inactive|hungrymane has 120 seconds left.
|
|t:|1757845091
|-terastallize|p2a: Whos afraid of the|Steel
|move|p2a: Whos afraid of the|Psychic Noise|p1a: Weezing
|-supereffective|p1a: Weezing
|-damage|p1a: Weezing|24/100
|-start|p1a: Weezing|move: Heal Block
|move|p1a: Weezing|Strange Steam|p2a: Whos afraid of the
|-resisted|p2a: Whos afraid of the
|-damage|p2a: Whos afraid of the|38/100
|
|upkeep
|turn|20
|inactive|hungrymane has 120 seconds left.
|
|t:|1757845097
|move|p2a: Whos afraid of the|Ice Beam|p1a: Weezing
|-damage|p1a: Weezing|0 fnt
|faint|p1a: Weezing
|-end|p1a: Weezing|ability: Neutralizing Gas
|
|upkeep
|
|t:|1757845099
|switch|p1a: Chesnaught|Chesnaught, F|100/100
|-damage|p1a: Chesnaught|94/100|[from] Stealth Rock
|turn|21
|inactive|hungrymane has 120 seconds left.
|
|t:|1757845116
|move|p2a: Whos afraid of the|U-turn|p1a: Chesnaught
|-damage|p1a: Chesnaught|86/100
|-damage|p2a: Whos afraid of the|22/100|[from] item: Rocky Helmet|[of] p1a: Chesnaught
|
|t:|1757845119
|switch|p2a: Tuteetudleetutu|Alomomola, F|100/100|[from] U-turn
|move|p1a: Chesnaught|Body Press|p2a: Tuteetudleetutu
|-damage|p2a: Tuteetudleetutu|70/100
|
|upkeep
|turn|22
|
|t:|1757845127
|move|p2a: Tuteetudleetutu|Wish|p2a: Tuteetudleetutu
|move|p1a: Chesnaught|Knock Off|p2a: Tuteetudleetutu
|-damage|p2a: Tuteetudleetutu|52/100
|-enditem|p2a: Tuteetudleetutu|Heavy-Duty Boots|[from] move: Knock Off|[of] p1a: Chesnaught
|
|upkeep
|turn|23
|inactive|hungrymane has 120 seconds left.
|
|t:|1757845158
|move|p2a: Tuteetudleetutu|Flip Turn|p1a: Chesnaught
|-resisted|p1a: Chesnaught
|-damage|p1a: Chesnaught|82/100
|-damage|p2a: Tuteetudleetutu|35/100|[from] item: Rocky Helmet|[of] p1a: Chesnaught
|
|t:|1757845163
|switch|p2a: I aint afraid of a|Okidogi, M|23/100|[from] Flip Turn
|move|p1a: Chesnaught|Spikes|p2a: I aint afraid of a
|-sidestart|p2: hungrymane|Spikes
|
|-heal|p2a: I aint afraid of a|94/100|[from] move: Wish|[wisher] Tuteetudleetutu
|upkeep
|turn|24
|
|t:|1757845173
|switch|p1a: Ting-Lu|Ting-Lu|59/100
|-damage|p1a: Ting-Lu|53/100|[from] Stealth Rock
|-ability|p1a: Ting-Lu|Vessel of Ruin
|move|p2a: I aint afraid of a|Knock Off|p1a: Ting-Lu
|-resisted|p1a: Ting-Lu
|-damage|p1a: Ting-Lu|45/100
|-enditem|p1a: Ting-Lu|Chesto Berry|[from] move: Knock Off|[of] p2a: I aint afraid of a
|
|upkeep
|turn|25
|-message|spidermathou forfeited.
|
|win|hungrymane
|raw|spidermathou's rating: 1547 &rarr; <strong>1532</strong><br />(-15 for losing)
|raw|hungrymane's rating: 1628 &rarr; <strong>1643</strong><br />(+15 for winning)
|l|☆spidermathou
|player|p1|
|l| Ctannn
|l| babyshark974
|l| heatraniac
