|j|☆dxxiz1
|j|☆Quonter
|t:|1757897120
|gametype|singles
|player|p1|dxxiz1|ingo|1226
|player|p2|Quonter|miku-ground|1257
|gen|9
|tier|[Gen 9] OU
|rated|
|rule|HP Percentage Mod: HP is shown in percentages
|rule|Endless Battle Clause: Forcing endless battles is banned
|rule|Species Clause: Limit one of each Pokémon
|rule|OHKO Clause: OHKO moves are banned
|rule|Evasion Items Clause: Evasion items are banned
|rule|Evasion Moves Clause: Evasion moves are banned
|rule|Evasion Abilities Clause: Evasion abilities are banned
|rule|Sleep Moves Clause: Sleep-inducing moves are banned
|clearpoke
|poke|p1|Gliscor, M|
|poke|p1|Zamazenta-*|
|poke|p1|Ceruledge, M|
|poke|p1|Greninja-*, M|
|poke|p1|Kingambit, F|
|poke|p1|Dragapult, F|
|poke|p2|Ogerpon-Wellspring, F|
|poke|p2|Gholdengo|
|poke|p2|Araquanid, M|
|poke|p2|Raging Bolt|
|poke|p2|Kingambit, M|
|poke|p2|Great Tusk|
|teampreview
|
|t:|1757897133
|teamsize|p1|6
|teamsize|p2|6
|start
|switch|p1a: Hattori Hanzo|Ceruledge, M|100/100
|switch|p2a: Victor|Araquanid, M|100/100
|turn|1
|
|t:|1757897139
|move|p1a: Hattori Hanzo|Swords Dance|p1a: Hattori Hanzo
|-boost|p1a: Hattori Hanzo|atk|2
|move|p2a: Victor|Sticky Web|p1a: Hattori Hanzo
|-sidestart|p1: dxxiz1|move: Sticky Web
|
|upkeep
|turn|2
|
|t:|1757897159
|move|p1a: Hattori Hanzo|Bitter Blade|p2a: Victor
|-damage|p2a: Victor|55/100
|move|p2a: Victor|Surf|p1a: Hattori Hanzo
|-supereffective|p1a: Hattori Hanzo
|-enditem|p1a: Hattori Hanzo|Focus Sash
|-damage|p1a: Hattori Hanzo|1/100
|
|upkeep
|turn|3
|
|t:|1757897172
|move|p1a: Hattori Hanzo|Destiny Bond|p1a: Hattori Hanzo
|-singlemove|p1a: Hattori Hanzo|Destiny Bond
|move|p2a: Victor|Surf|p1a: Hattori Hanzo
|-supereffective|p1a: Hattori Hanzo
|-damage|p1a: Hattori Hanzo|0 fnt
|faint|p1a: Hattori Hanzo
|-activate|p1a: Hattori Hanzo|move: Destiny Bond
|faint|p2a: Victor
|
|upkeep
|
|t:|1757897189
|switch|p1a: Batman|Gliscor, M, shiny|100/100
|switch|p2a: Act 4|Great Tusk|100/100
|turn|4
|
|t:|1757897193
|move|p1a: Batman|Protect|p1a: Batman
|-singleturn|p1a: Batman|Protect
|move|p2a: Act 4|Stealth Rock|p1a: Batman
|-sidestart|p1: dxxiz1|move: Stealth Rock
|
|-status|p1a: Batman|tox|[from] item: Toxic Orb
|upkeep
|turn|5
|
|t:|1757897197
|move|p2a: Act 4|Ice Spinner|p1a: Batman
|-supereffective|p1a: Batman
|-damage|p1a: Batman|24/100 tox
|move|p1a: Batman|Toxic|p2a: Act 4
|-status|p2a: Act 4|tox
|
|-damage|p2a: Act 4|94/100 tox|[from] psn
|-heal|p1a: Batman|36/100 tox|[from] ability: Poison Heal
|upkeep
|turn|6
|
|t:|1757897206
|move|p1a: Batman|Protect|p1a: Batman
|-singleturn|p1a: Batman|Protect
|move|p2a: Act 4|Ice Spinner|p1a: Batman
|-activate|p1a: Batman|move: Protect
|
|-damage|p2a: Act 4|82/100 tox|[from] psn
|-heal|p1a: Batman|49/100 tox|[from] ability: Poison Heal
|upkeep
|turn|7
|
|t:|1757897222
|move|p2a: Act 4|Headlong Rush|p1a: Batman
|-immune|p1a: Batman
|move|p1a: Batman|Knock Off|p2a: Act 4
|-resisted|p2a: Act 4
|-damage|p2a: Act 4|75/100 tox
|-enditem|p2a: Act 4|Heavy-Duty Boots|[from] move: Knock Off|[of] p1a: Batman
|
|-damage|p2a: Act 4|56/100 tox|[from] psn
|-heal|p1a: Batman|61/100 tox|[from] ability: Poison Heal
|upkeep
|turn|8
|
|t:|1757897232
|-end|p2a: Act 4|Protosynthesis|[silent]
|switch|p2a: Kush|Ogerpon-Wellspring, F|100/100
|move|p1a: Batman|Protect||[still]
|-fail|p1a: Batman
|
|-heal|p1a: Batman|73/100 tox|[from] ability: Poison Heal
|upkeep
|turn|9
|
|t:|1757897240
|move|p2a: Kush|Swords Dance|p2a: Kush
|-boost|p2a: Kush|atk|2
|move|p1a: Batman|Toxic|p2a: Kush|[miss]
|-miss|p1a: Batman|p2a: Kush
|
|-heal|p1a: Batman|86/100 tox|[from] ability: Poison Heal
|upkeep
|turn|10
|
|t:|1757897247
|move|p1a: Batman|Protect|p1a: Batman
|-singleturn|p1a: Batman|Protect
|move|p2a: Kush|Ivy Cudgel|p1a: Batman|[anim] Ivy Cudgel Water
|-activate|p1a: Batman|move: Protect
|
|-heal|p1a: Batman|98/100 tox|[from] ability: Poison Heal
|upkeep
|turn|11
|
|t:|1757897253
|move|p2a: Kush|Ivy Cudgel|p1a: Batman|[anim] Ivy Cudgel Water
|-supereffective|p1a: Batman
|-damage|p1a: Batman|0 fnt
|faint|p1a: Batman
|
|upkeep
|
|t:|1757897257
|switch|p1a: Hawk|Zamazenta|100/100
|-activate|p1a: Hawk|move: Sticky Web
|-unboost|p1a: Hawk|spe|1
|-damage|p1a: Hawk|94/100|[from] Stealth Rock
|-ability|p1a: Hawk|Dauntless Shield|boost
|-boost|p1a: Hawk|def|1
|turn|12
|
|t:|1757897265
|move|p2a: Kush|Play Rough|p1a: Hawk
|-supereffective|p1a: Hawk
|-damage|p1a: Hawk|19/100
|move|p1a: Hawk|Iron Defense|p1a: Hawk
|-boost|p1a: Hawk|def|2
|
|upkeep
|turn|13
|
|t:|1757897270
|move|p2a: Kush|Ivy Cudgel|p1a: Hawk|[anim] Ivy Cudgel Water
|-damage|p1a: Hawk|0 fnt
|faint|p1a: Hawk
|
|upkeep
|
|t:|1757897281
|switch|p1a: Pai Mei|Greninja, M|100/100
|-activate|p1a: Pai Mei|move: Sticky Web
|-unboost|p1a: Pai Mei|spe|1
|-damage|p1a: Pai Mei|88/100|[from] Stealth Rock
|turn|14
|
|t:|1757897288
|move|p2a: Kush|Power Whip|p1a: Pai Mei
|-supereffective|p1a: Pai Mei
|-damage|p1a: Pai Mei|0 fnt
|faint|p1a: Pai Mei
|
|upkeep
|
|t:|1757897291
|switch|p1a: Shadow Queen|Dragapult, F, shiny|100/100
|-activate|p1a: Shadow Queen|move: Sticky Web
|-unboost|p1a: Shadow Queen|spe|1
|-damage|p1a: Shadow Queen|88/100|[from] Stealth Rock
|turn|15
|
|t:|1757897295
|move|p2a: Kush|Play Rough|p1a: Shadow Queen
|-supereffective|p1a: Shadow Queen
|-damage|p1a: Shadow Queen|0 fnt
|faint|p1a: Shadow Queen
|
|upkeep
|
|t:|1757897302
|switch|p1a: Black Mamba|Kingambit, F, shiny|100/100
|-activate|p1a: Black Mamba|move: Sticky Web
|-unboost|p1a: Black Mamba|spe|1
|-damage|p1a: Black Mamba|94/100|[from] Stealth Rock
|-activate|p1a: Black Mamba|ability: Supreme Overlord
|-start|p1a: Black Mamba|fallen5|[silent]
|turn|16
|
|t:|1757897316
|-terastallize|p1a: Black Mamba|Ghost
|move|p1a: Black Mamba|Sucker Punch|p2a: Kush
|-damage|p2a: Kush|30/100
|move|p2a: Kush|Ivy Cudgel|p1a: Black Mamba|[anim] Ivy Cudgel Water
|-crit|p1a: Black Mamba
|-damage|p1a: Black Mamba|0 fnt
|faint|p1a: Black Mamba
|-end|p1a: Black Mamba|fallen5|[silent]
|
|win|Quonter
|raw|dxxiz1's rating: 1226 &rarr; <strong>1203</strong><br />(-23 for losing)
|raw|Quonter's rating: 1257 &rarr; <strong>1280</strong><br />(+23 for winning)
|l|☆dxxiz1
|player|p1|
