|j|☆reachinsideofme
|j|☆Clair_Prime
|t:|1757916641
|gametype|singles
|player|p1|reachinsideofme|102|1068
|player|p2|Clair_Prime|rocketgruntf|1044
|gen|9
|tier|[Gen 9] OU
|rated|
|rule|HP Percentage Mod: HP is shown in percentages
|rule|Endless Battle Clause: Forcing endless battles is banned
|rule|Species Clause: Limit one of each Pokémon
|rule|OHKO Clause: OHKO moves are banned
|rule|Evasion Items Clause: Evasion items are banned
|rule|Evasion Moves Clause: Evasion moves are banned
|rule|Evasion Abilities Clause: Evasion abilities are banned
|rule|Sleep Moves Clause: Sleep-inducing moves are banned
|clearpoke
|poke|p1|Zamazenta-*|
|poke|p1|Cinderace, M|
|poke|p1|Clodsire, M|
|poke|p1|Deoxys-Speed|
|poke|p1|Ogerpon-Wellspring, F|
|poke|p1|Zoroark-Hisui, F|
|poke|p2|Primarina, M|
|poke|p2|Corviknight, M|
|poke|p2|Slowking-Galar, M|
|poke|p2|Samurott-Hisui, M|
|poke|p2|Rillaboom, M|
|poke|p2|Darkrai|
|teampreview
|inactive|Battle timer is ON: inactive players will automatically lose when time's up. (requested by reachinsideofme)
|
|t:|1757916651
|teamsize|p1|6
|teamsize|p2|6
|start
|switch|p1a: Ogerpon|Ogerpon-Wellspring, F|100/100
|switch|p2a: Darkrai|Darkrai|100/100
|turn|1
|
|t:|1757916668
|switch|p2a: Corviknight|Corviknight, M|100/100
|-ability|p2a: Corviknight|Pressure
|-terastallize|p1a: Ogerpon|Water
|detailschange|p1a: Ogerpon|Ogerpon-Wellspring-Tera, F, tera:Water
|-ability|p1a: Ogerpon|Embody Aspect (Wellspring)|boost
|-boost|p1a: Ogerpon|spd|1
|move|p1a: Ogerpon|Ivy Cudgel|p2a: Corviknight|[anim] Ivy Cudgel Water
|-crit|p2a: Corviknight
|-damage|p2a: Corviknight|30/100
|
|upkeep
|turn|2
|
|t:|1757916682
|move|p1a: Ogerpon|Ivy Cudgel|p2a: Corviknight|[anim] Ivy Cudgel Water
|-damage|p2a: Corviknight|0 fnt
|faint|p2a: Corviknight
|
|upkeep
|
|t:|1757916685
|switch|p2a: Rillaboom|Rillaboom, M|100/100
|-fieldstart|move: Grassy Terrain|[from] ability: Grassy Surge|[of] p2a: Rillaboom
|turn|3
|
|t:|1757916689
|switch|p1a: Cinderace|Cinderace, M|100/100
|move|p2a: Rillaboom|Wood Hammer|p1a: Cinderace
|-resisted|p1a: Cinderace
|-damage|p1a: Cinderace|43/100
|-damage|p2a: Rillaboom|84/100|[from] Recoil
|
|-heal|p1a: Cinderace|49/100|[from] Grassy Terrain
|-heal|p2a: Rillaboom|90/100|[from] Grassy Terrain
|upkeep
|turn|4
|
|t:|1757916700
|switch|p2a: Slowking|Slowking-Galar, M|100/100
|move|p1a: Cinderace|Gunk Shot|p2a: Slowking
|-start|p1a: Cinderace|typechange|Poison|[from] ability: Libero
|-resisted|p2a: Slowking
|-damage|p2a: Slowking|75/100
|
|-heal|p1a: Cinderace|55/100|[from] Grassy Terrain
|-heal|p2a: Slowking|81/100|[from] Grassy Terrain
|-heal|p2a: Slowking|87/100|[from] item: Black Sludge
|upkeep
|turn|5
|
|t:|1757916710
|switch|p1a: Clodsire|Clodsire, M|100/100
|-item|p1a: Clodsire|Air Balloon
|move|p2a: Slowking|Future Sight|p1a: Clodsire
|-start|p2a: Slowking|move: Future Sight
|
|-heal|p2a: Slowking|93/100|[from] Grassy Terrain
|-heal|p2a: Slowking|99/100|[from] item: Black Sludge
|upkeep
|turn|6
|
|t:|1757916722
|move|p1a: Clodsire|Will-O-Wisp|p2a: Slowking
|-status|p2a: Slowking|brn
|move|p2a: Slowking|Flamethrower|p1a: Clodsire
|-damage|p1a: Clodsire|43/100
|-status|p1a: Clodsire|brn
|replace|p1a: Zoroark|Zoroark-Hisui, F
|-end|p1a: Zoroark|Illusion
|-enditem|p1a: Zoroark|Air Balloon
|
|-heal|p1a: Zoroark|49/100 brn|[from] Grassy Terrain
|-heal|p2a: Slowking|100/100 brn|[from] Grassy Terrain
|-damage|p1a: Zoroark|43/100 brn|[from] brn
|-damage|p2a: Slowking|94/100 brn|[from] brn
|upkeep
|turn|7
|
|t:|1757916732
|move|p1a: Zoroark|Hex|p2a: Slowking
|-supereffective|p2a: Slowking
|-damage|p2a: Slowking|0 fnt
|faint|p2a: Slowking
|
|-end|p1a: Zoroark|move: Future Sight
|-damage|p1a: Zoroark|0 fnt
|faint|p1a: Zoroark
|-fieldend|move: Grassy Terrain
|upkeep
|
|t:|1757916740
|switch|p1a: Deoxys|Deoxys-Speed|100/100
|switch|p2a: Samurott|Samurott-Hisui, M|100/100
|-ability|p1a: Deoxys|Pressure
|turn|8
|
|t:|1757916753
|switch|p1a: Ogerpon|Ogerpon-Wellspring-Tera, F, tera:Water|100/100
|-ability|p1a: Ogerpon|Embody Aspect (Wellspring)|boost
|-boost|p1a: Ogerpon|spd|1
|move|p2a: Samurott|Ceaseless Edge|p1a: Ogerpon
|-damage|p1a: Ogerpon|38/100
|-sidestart|p1: reachinsideofme|Spikes
|
|upkeep
|turn|9
|
|t:|1757916767
|move|p1a: Ogerpon|U-turn|p2a: Samurott
|-supereffective|p2a: Samurott
|-damage|p2a: Samurott|33/100
|
|t:|1757916769
|switch|p1a: Cinderace|Cinderace, M|55/100|[from] U-turn
|-damage|p1a: Cinderace|42/100|[from] Spikes
|move|p2a: Samurott|Ceaseless Edge|p1a: Cinderace
|-damage|p1a: Cinderace|0 fnt
|-sidestart|p1: reachinsideofme|Spikes
|faint|p1a: Cinderace
|
|upkeep
|
|t:|1757916782
|switch|p1a: Zamazenta|Zamazenta|100/100
|-damage|p1a: Zamazenta|84/100|[from] Spikes
|-ability|p1a: Zamazenta|Dauntless Shield|boost
|-boost|p1a: Zamazenta|def|1
|turn|10
|
|t:|1757916792
|move|p1a: Zamazenta|Wild Charge|p2a: Samurott
|-supereffective|p2a: Samurott
|-damage|p2a: Samurott|0 fnt
|faint|p2a: Samurott
|-damage|p1a: Zamazenta|76/100|[from] Recoil
|
|-heal|p1a: Zamazenta|82/100|[from] item: Leftovers
|upkeep
|
|t:|1757916801
|switch|p2a: Darkrai|Darkrai|100/100
|turn|11
|
|t:|1757916806
|move|p2a: Darkrai|Will-O-Wisp|p1a: Zamazenta
|-status|p1a: Zamazenta|brn
|move|p1a: Zamazenta|Close Combat|p2a: Darkrai
|-supereffective|p2a: Darkrai
|-damage|p2a: Darkrai|8/100
|-unboost|p1a: Zamazenta|def|1
|-unboost|p1a: Zamazenta|spd|1
|
|-heal|p1a: Zamazenta|88/100 brn|[from] item: Leftovers
|-damage|p1a: Zamazenta|82/100 brn|[from] brn
|upkeep
|turn|12
|
|t:|1757916811
|switch|p2a: Rillaboom|Rillaboom, M|90/100
|-fieldstart|move: Grassy Terrain|[from] ability: Grassy Surge|[of] p2a: Rillaboom
|move|p1a: Zamazenta|Heavy Slam|p2a: Rillaboom
|-damage|p2a: Rillaboom|78/100
|
|-heal|p1a: Zamazenta|88/100 brn|[from] Grassy Terrain
|-heal|p1a: Zamazenta|94/100 brn|[from] item: Leftovers
|-heal|p2a: Rillaboom|84/100|[from] Grassy Terrain
|-damage|p1a: Zamazenta|88/100 brn|[from] brn
|upkeep
|turn|13
|
|t:|1757916821
|move|p1a: Zamazenta|Crunch|p2a: Rillaboom
|-damage|p2a: Rillaboom|69/100
|move|p2a: Rillaboom|Wood Hammer|p1a: Zamazenta
|-damage|p1a: Zamazenta|18/100 brn
|-damage|p2a: Rillaboom|47/100|[from] Recoil
|
|-heal|p1a: Zamazenta|24/100 brn|[from] Grassy Terrain
|-heal|p1a: Zamazenta|30/100 brn|[from] item: Leftovers
|-heal|p2a: Rillaboom|53/100|[from] Grassy Terrain
|-damage|p1a: Zamazenta|24/100 brn|[from] brn
|upkeep
|turn|14
|
|t:|1757916826
|move|p2a: Rillaboom|Grassy Glide|p1a: Zamazenta
|-damage|p1a: Zamazenta|0 fnt
|faint|p1a: Zamazenta
|
|-heal|p2a: Rillaboom|59/100|[from] Grassy Terrain
|upkeep
|
|t:|1757916829
|switch|p1a: Deoxys|Deoxys-Speed|100/100
|-damage|p1a: Deoxys|84/100|[from] Spikes
|-ability|p1a: Deoxys|Pressure
|turn|15
|
|t:|1757916834
|move|p1a: Deoxys|Ice Beam|p2a: Rillaboom
|-supereffective|p2a: Rillaboom
|-damage|p2a: Rillaboom|0 fnt
|faint|p2a: Rillaboom
|
|-heal|p1a: Deoxys|90/100|[from] Grassy Terrain
|upkeep
|
|t:|1757916838
|switch|p2a: Darkrai|Darkrai|8/100
|turn|16
|
|t:|1757916840
|move|p2a: Darkrai|Dark Pulse|p1a: Deoxys
|-supereffective|p1a: Deoxys
|-damage|p1a: Deoxys|0 fnt
|faint|p1a: Deoxys
|
|-heal|p2a: Darkrai|14/100|[from] Grassy Terrain
|-fieldend|move: Grassy Terrain
|upkeep
|
|t:|1757916843
|switch|p1a: Clodsire|Clodsire, M|100/100
|-item|p1a: Clodsire|Air Balloon
|turn|17
|
|t:|1757916847
|switch|p2a: Primarina|Primarina, M|100/100
|move|p1a: Clodsire|Toxic|p2a: Primarina
|-status|p2a: Primarina|tox
|
|-damage|p2a: Primarina|94/100 tox|[from] psn
|upkeep
|turn|18
|
|t:|1757916851
|move|p2a: Primarina|Ice Beam|p1a: Clodsire
|-supereffective|p1a: Clodsire
|-damage|p1a: Clodsire|42/100
|-enditem|p1a: Clodsire|Air Balloon
|move|p1a: Clodsire|Recover|p1a: Clodsire
|-heal|p1a: Clodsire|92/100
|
|-damage|p2a: Primarina|82/100 tox|[from] psn
|upkeep
|turn|19
|
|t:|1757916853
|move|p2a: Primarina|Ice Beam|p1a: Clodsire
|-supereffective|p1a: Clodsire
|-damage|p1a: Clodsire|37/100
|move|p1a: Clodsire|Recover|p1a: Clodsire
|-heal|p1a: Clodsire|87/100
|
|-damage|p2a: Primarina|64/100 tox|[from] psn
|upkeep
|turn|20
|
|t:|1757916855
|move|p2a: Primarina|Ice Beam|p1a: Clodsire
|-supereffective|p1a: Clodsire
|-damage|p1a: Clodsire|34/100
|move|p1a: Clodsire|Recover|p1a: Clodsire
|-heal|p1a: Clodsire|84/100
|
|-damage|p2a: Primarina|40/100 tox|[from] psn
|upkeep
|turn|21
|
|t:|1757916858
|move|p2a: Primarina|Ice Beam|p1a: Clodsire
|-supereffective|p1a: Clodsire
|-damage|p1a: Clodsire|33/100
|move|p1a: Clodsire|Recover|p1a: Clodsire
|-heal|p1a: Clodsire|83/100
|
|-damage|p2a: Primarina|10/100 tox|[from] psn
|upkeep
|turn|22
|
|t:|1757916862
|move|p2a: Primarina|Ice Beam|p1a: Clodsire
|-supereffective|p1a: Clodsire
|-damage|p1a: Clodsire|25/100
|move|p1a: Clodsire|Recover|p1a: Clodsire
|-heal|p1a: Clodsire|75/100
|
|-damage|p2a: Primarina|0 fnt|[from] psn
|faint|p2a: Primarina
|upkeep
|
|t:|1757916865
|switch|p2a: Darkrai|Darkrai|14/100
|turn|23
|
|t:|1757916868
|move|p2a: Darkrai|Psyshock|p1a: Clodsire
|-supereffective|p1a: Clodsire
|-damage|p1a: Clodsire|6/100
|move|p1a: Clodsire|Recover|p1a: Clodsire
|-heal|p1a: Clodsire|56/100
|
|upkeep
|turn|24
|
|t:|1757916871
|move|p2a: Darkrai|Psyshock|p1a: Clodsire
|-supereffective|p1a: Clodsire
|-damage|p1a: Clodsire|0 fnt
|faint|p1a: Clodsire
|
|upkeep
|
|t:|1757916872
|switch|p1a: Ogerpon|Ogerpon-Wellspring-Tera, F, tera:Water|38/100
|-damage|p1a: Ogerpon|22/100|[from] Spikes
|-ability|p1a: Ogerpon|Embody Aspect (Wellspring)|boost
|-boost|p1a: Ogerpon|spd|1
|turn|25
|
|t:|1757916876
|move|p2a: Darkrai|Psyshock|p1a: Ogerpon
|-damage|p1a: Ogerpon|0 fnt
|faint|p1a: Ogerpon
|detailschange|p1: Ogerpon|Ogerpon-Wellspring, F|[silent]
|
|win|Clair_Prime
|raw|reachinsideofme's rating: 1068 &rarr; <strong>1046</strong><br />(-22 for losing)
|raw|Clair_Prime's rating: 1044 &rarr; <strong>1080</strong><br />(+36 for winning)
