|j|☆chongtong
|j|☆Jawz Son of Krook
|t:|1757823253
|gametype|singles
|player|p1|chongtong|170|1351
|player|p2|Jawz Son of Krook|blue|1383
|gen|9
|tier|[Gen 9] OU
|rated|
|rule|HP Percentage Mod: HP is shown in percentages
|rule|Endless Battle Clause: Forcing endless battles is banned
|rule|Species Clause: Limit one of each Pokémon
|rule|OHKO Clause: OHKO moves are banned
|rule|Evasion Items Clause: Evasion items are banned
|rule|Evasion Moves Clause: Evasion moves are banned
|rule|Evasion Abilities Clause: Evasion abilities are banned
|rule|Sleep Moves Clause: Sleep-inducing moves are banned
|clearpoke
|poke|p1|Dragonite, M|
|poke|p1|Garchomp, F|
|poke|p1|Excadrill, F|
|poke|p1|Latios, M|
|poke|p1|Tyranitar, F|
|poke|p1|Salamence, M|
|poke|p2|Corviknight, F|
|poke|p2|Dragonite, M|
|poke|p2|Ceruledge, M|
|poke|p2|Glimmora, F|
|poke|p2|Gholdengo|
|poke|p2|Ogerpon-Wellspring, F|
|teampreview
|
|t:|1757823297
|teamsize|p1|6
|teamsize|p2|6
|start
|switch|p1a: Garchomp|Garchomp, F, shiny|100/100
|switch|p2a: Ogerpon|Ogerpon-Wellspring, F|100/100
|turn|1
|
|t:|1757823309
|move|p2a: Ogerpon|Swords Dance|p2a: Ogerpon
|-boost|p2a: Ogerpon|atk|2
|move|p1a: Garchomp|Stealth Rock|p2a: Ogerpon
|-sidestart|p2: Jawz Son of Krook|move: Stealth Rock
|
|upkeep
|turn|2
|
|t:|1757823314
|switch|p1a: Dragonite|Dragonite, M|100/100
|move|p2a: Ogerpon|Encore||[still]
|-fail|p2a: Ogerpon
|
|upkeep
|turn|3
|
|t:|1757823317
|move|p2a: Ogerpon|Ivy Cudgel|p1a: Dragonite|[anim] Ivy Cudgel Water
|-resisted|p1a: Dragonite
|-damage|p1a: Dragonite|81/100
|move|p1a: Dragonite|Thunder Wave|p2a: Ogerpon
|-status|p2a: Ogerpon|par
|
|upkeep
|turn|4
|
|t:|1757823321
|move|p1a: Dragonite|Roost|p1a: Dragonite
|-heal|p1a: Dragonite|100/100
|-singleturn|p1a: Dragonite|move: Roost
|cant|p2a: Ogerpon|par
|
|upkeep
|turn|5
|
|t:|1757823327
|move|p1a: Dragonite|Fire Spin|p2a: Ogerpon
|-damage|p2a: Ogerpon|91/100 par
|-activate|p2a: Ogerpon|move: Fire Spin|[of] p1a: Dragonite
|cant|p2a: Ogerpon|par
|
|-damage|p2a: Ogerpon|79/100 par|[from] move: Fire Spin|[partiallytrapped]
|upkeep
|turn|6
|
|t:|1757823329
|move|p1a: Dragonite|Fire Spin|p2a: Ogerpon
|-damage|p2a: Ogerpon|71/100 par
|move|p2a: Ogerpon|Encore|p1a: Dragonite
|-start|p1a: Dragonite|Encore
|
|-damage|p2a: Ogerpon|59/100 par|[from] move: Fire Spin|[partiallytrapped]
|upkeep
|turn|7
|
|t:|1757823336
|move|p1a: Dragonite|Fire Spin|p2a: Ogerpon
|-damage|p2a: Ogerpon|50/100 par
|move|p2a: Ogerpon|Ivy Cudgel|p1a: Dragonite|[anim] Ivy Cudgel Water
|-resisted|p1a: Dragonite
|-damage|p1a: Dragonite|83/100
|
|-damage|p2a: Ogerpon|38/100 par|[from] move: Fire Spin|[partiallytrapped]
|upkeep
|turn|8
|
|t:|1757823344
|move|p1a: Dragonite|Fire Spin|p2a: Ogerpon
|-damage|p2a: Ogerpon|29/100 par
|move|p2a: Ogerpon|Ivy Cudgel|p1a: Dragonite|[anim] Ivy Cudgel Water
|-resisted|p1a: Dragonite
|-crit|p1a: Dragonite
|-damage|p1a: Dragonite|26/100
|
|-damage|p2a: Ogerpon|17/100 par|[from] move: Fire Spin|[partiallytrapped]
|upkeep
|turn|9
|
|t:|1757823350
|move|p1a: Dragonite|Fire Spin|p2a: Ogerpon|[miss]
|-miss|p1a: Dragonite|p2a: Ogerpon
|move|p2a: Ogerpon|Ivy Cudgel|p1a: Dragonite|[anim] Ivy Cudgel Water
|-resisted|p1a: Dragonite
|-damage|p1a: Dragonite|0 fnt
|faint|p1a: Dragonite
|
|-end|p2a: Ogerpon|Fire Spin|[partiallytrapped]
|upkeep
|
|t:|1757823368
|switch|p1a: Salamence|Salamence, M|100/100
|turn|10
|
|t:|1757823376
|move|p1a: Salamence|Fire Blast|p2a: Ogerpon
|-damage|p2a: Ogerpon|0 fnt
|faint|p2a: Ogerpon
|-ability|p1a: Salamence|Moxie|boost
|-boost|p1a: Salamence|atk|1
|-damage|p1a: Salamence|91/100|[from] item: Life Orb
|
|upkeep
|
|t:|1757823389
|switch|p2a: Dragonite|Dragonite, M|100/100
|turn|11
|
|t:|1757823398
|-terastallize|p2a: Dragonite|Normal
|move|p2a: Dragonite|Extreme Speed|p1a: Salamence
|-damage|p1a: Salamence|28/100
|move|p1a: Salamence|Draco Meteor|p2a: Dragonite
|-damage|p2a: Dragonite|61/100
|-unboost|p1a: Salamence|spa|2
|-damage|p1a: Salamence|18/100|[from] item: Life Orb
|
|upkeep
|turn|12
|inactive|Battle timer is ON: inactive players will automatically lose when time's up. (requested by Jawz Son of Krook)
|
|t:|1757823406
|move|p1a: Salamence|Dual Wingbeat|p2a: Dragonite|[miss]
|-miss|p1a: Salamence|p2a: Dragonite
|move|p2a: Dragonite|Earthquake|p1a: Salamence
|-immune|p1a: Salamence
|
|upkeep
|turn|13
|
|t:|1757823409
|move|p2a: Dragonite|Extreme Speed|p1a: Salamence
|-damage|p1a: Salamence|0 fnt
|faint|p1a: Salamence
|
|upkeep
|
|t:|1757823417
|switch|p1a: Latios|Latios, M, shiny|100/100
|turn|14
|
|t:|1757823421
|switch|p2a: Gholdengo|Gholdengo|100/100
|-damage|p2a: Gholdengo|94/100|[from] Stealth Rock
|-item|p2a: Gholdengo|Air Balloon
|move|p1a: Latios|Luster Purge|p2a: Gholdengo
|-resisted|p2a: Gholdengo
|-damage|p2a: Gholdengo|64/100
|-enditem|p2a: Gholdengo|Air Balloon
|
|upkeep
|turn|15
|
|t:|1757823424
|switch|p1a: Tyranitar|Tyranitar, F, shiny|100/100
|-weather|Sandstorm|[from] ability: Sand Stream|[of] p1a: Tyranitar
|move|p2a: Gholdengo|Shadow Ball|p1a: Tyranitar
|-resisted|p1a: Tyranitar
|-damage|p1a: Tyranitar|89/100
|
|-weather|Sandstorm|[upkeep]
|upkeep
|turn|16
|
|t:|1757823430
|switch|p2a: Corviknight|Corviknight, F|100/100
|-damage|p2a: Corviknight|88/100|[from] Stealth Rock
|-ability|p2a: Corviknight|Pressure
|move|p1a: Tyranitar|Knock Off|p2a: Corviknight
|-damage|p2a: Corviknight|37/100
|-enditem|p2a: Corviknight|Leftovers|[from] move: Knock Off|[of] p1a: Tyranitar
|
|-weather|Sandstorm|[upkeep]
|upkeep
|turn|17
|
|t:|1757823442
|switch|p1a: Latios|Latios, M, shiny|100/100
|move|p2a: Corviknight|Defog|p1a: Latios
|-unboost|p1a: Latios|evasion|1
|-sideend|p2: Jawz Son of Krook|Stealth Rock|[from] move: Defog|[of] p2a: Corviknight
|
|-weather|Sandstorm|[upkeep]
|-damage|p1a: Latios|95/100|[from] Sandstorm
|upkeep
|turn|18
|
|t:|1757823445
|move|p1a: Latios|Luster Purge|p2a: Corviknight
|-resisted|p2a: Corviknight
|-damage|p2a: Corviknight|12/100
|-unboost|p2a: Corviknight|spd|1
|move|p2a: Corviknight|Body Press|p1a: Latios
|-resisted|p1a: Latios
|-damage|p1a: Latios|76/100
|
|-weather|Sandstorm|[upkeep]
|-damage|p1a: Latios|70/100|[from] Sandstorm
|upkeep
|turn|19
|
|t:|1757823448
|move|p1a: Latios|Luster Purge|p2a: Corviknight
|-resisted|p2a: Corviknight
|-damage|p2a: Corviknight|0 fnt
|faint|p2a: Corviknight
|
|-weather|none
|upkeep
|
|t:|1757823456
|switch|p2a: Dragonite|Dragonite, M, tera:Normal|61/100
|turn|20
|
|t:|1757823458
|move|p2a: Dragonite|Extreme Speed|p1a: Latios
|-damage|p1a: Latios|10/100
|move|p1a: Latios|Luster Purge|p2a: Dragonite
|-damage|p2a: Dragonite|8/100
|
|upkeep
|turn|21
|
|t:|1757823466
|switch|p1a: Tyranitar|Tyranitar, F, shiny|89/100
|-weather|Sandstorm|[from] ability: Sand Stream|[of] p1a: Tyranitar
|move|p2a: Dragonite|Extreme Speed|p1a: Tyranitar
|-resisted|p1a: Tyranitar
|-damage|p1a: Tyranitar|72/100
|
|-weather|Sandstorm|[upkeep]
|-damage|p2a: Dragonite|2/100|[from] Sandstorm
|upkeep
|turn|22
|
|t:|1757823470
|move|p2a: Dragonite|Earthquake|p1a: Tyranitar
|-supereffective|p1a: Tyranitar
|-damage|p1a: Tyranitar|9/100
|move|p1a: Tyranitar|Knock Off|p2a: Dragonite
|-damage|p2a: Dragonite|0 fnt
|-enditem|p2a: Dragonite|Heavy-Duty Boots|[from] move: Knock Off|[of] p1a: Tyranitar
|faint|p2a: Dragonite
|
|-weather|Sandstorm|[upkeep]
|upkeep
|
|t:|1757823475
|switch|p2a: Glimmora|Glimmora, F|100/100
|turn|23
|
|t:|1757823478
|move|p2a: Glimmora|Power Gem|p1a: Tyranitar
|-crit|p1a: Tyranitar
|-damage|p1a: Tyranitar|0 fnt
|faint|p1a: Tyranitar
|
|-weather|Sandstorm|[upkeep]
|upkeep
|
|t:|1757823481
|switch|p1a: Excadrill|Excadrill, F, shiny|100/100
|turn|24
|
|t:|1757823483
|move|p1a: Excadrill|Earthquake|p2a: Glimmora
|-supereffective|p2a: Glimmora
|-enditem|p2a: Glimmora|Focus Sash
|-damage|p2a: Glimmora|1/100
|-activate|p2a: Glimmora|ability: Toxic Debris
|-sidestart|p1: chongtong|move: Toxic Spikes
|-damage|p1a: Excadrill|91/100|[from] item: Life Orb
|move|p2a: Glimmora|Earth Power|p1a: Excadrill
|-supereffective|p1a: Excadrill
|-damage|p1a: Excadrill|4/100
|-unboost|p1a: Excadrill|spd|1
|
|-weather|Sandstorm|[upkeep]
|upkeep
|turn|25
|
|t:|1757823491
|move|p1a: Excadrill|Earthquake|p2a: Glimmora
|-supereffective|p2a: Glimmora
|-damage|p2a: Glimmora|0 fnt
|-activate|p2a: Glimmora|ability: Toxic Debris
|-sidestart|p1: chongtong|move: Toxic Spikes
|faint|p2a: Glimmora
|-damage|p1a: Excadrill|0 fnt|[from] item: Life Orb
|faint|p1a: Excadrill
|
|-weather|none
|upkeep
|
|t:|1757823496
|switch|p1a: Garchomp|Garchomp, F, shiny|100/100
|switch|p2a: Ceruledge|Ceruledge, M|100/100
|-status|p1a: Garchomp|tox
|turn|26
|
|t:|1757823508
|move|p1a: Garchomp|Earthquake|p2a: Ceruledge
|-supereffective|p2a: Ceruledge
|-crit|p2a: Ceruledge
|-enditem|p2a: Ceruledge|Focus Sash
|-damage|p2a: Ceruledge|1/100
|-ability|p2a: Ceruledge|Weak Armor|boost
|-unboost|p2a: Ceruledge|def|1
|-boost|p2a: Ceruledge|spe|2
|-damage|p1a: Garchomp|91/100 tox|[from] item: Life Orb
|move|p2a: Ceruledge|Poltergeist|p1a: Garchomp
|-activate|p1a: Garchomp|move: Poltergeist|Life Orb
|-damage|p1a: Garchomp|34/100 tox
|
|-damage|p1a: Garchomp|28/100 tox|[from] psn
|upkeep
|turn|27
|
|t:|1757823518
|move|p2a: Ceruledge|Poltergeist|p1a: Garchomp
|-activate|p1a: Garchomp|move: Poltergeist|Life Orb
|-crit|p1a: Garchomp
|-damage|p1a: Garchomp|0 fnt
|faint|p1a: Garchomp
|
|upkeep
|
|t:|1757823521
|switch|p1a: Latios|Latios, M, shiny|10/100
|turn|28
|
|t:|1757823526
|move|p2a: Ceruledge|Shadow Sneak|p1a: Latios
|-supereffective|p1a: Latios
|-damage|p1a: Latios|0 fnt
|faint|p1a: Latios
|
|win|Jawz Son of Krook
|raw|chongtong's rating: 1351 &rarr; <strong>1333</strong><br />(-18 for losing)
|raw|Jawz Son of Krook's rating: 1383 &rarr; <strong>1401</strong><br />(+18 for winning)
|l|☆Jawz Son of Krook
|player|p2|
