|j|☆Brother Bilo
|j|☆AP Precalculus
|t:|1757822910
|gametype|singles
|player|p1|Brother Bilo|169|1339
|player|p2|AP Precalculus|gentleman|1471
|gen|9
|tier|[Gen 9] OU
|rated|
|rule|HP Percentage Mod: HP is shown in percentages
|rule|Endless Battle Clause: Forcing endless battles is banned
|rule|Species Clause: Limit one of each Pokémon
|rule|OHKO Clause: OHKO moves are banned
|rule|Evasion Items Clause: Evasion items are banned
|rule|Evasion Moves Clause: Evasion moves are banned
|rule|Evasion Abilities Clause: Evasion abilities are banned
|rule|Sleep Moves Clause: Sleep-inducing moves are banned
|clearpoke
|poke|p1|Darkrai|
|poke|p1|Gholdengo|
|poke|p1|Primarina, M|
|poke|p1|Cinderace, M|
|poke|p1|Great Tusk|
|poke|p1|Ogerpon-Wellspring, F|
|poke|p2|Grimmsnarl, M|
|poke|p2|Latios, M|
|poke|p2|Glimmora, M|
|poke|p2|Iron Moth|
|poke|p2|Kommo-o, M|
|poke|p2|Raging Bolt|
|teampreview
|inactive|Battle timer is ON: inactive players will automatically lose when time's up. (requested by AP Precalculus)
|
|t:|1757822917
|teamsize|p1|6
|teamsize|p2|6
|start
|switch|p1a: Gholdengo|Gholdengo|100/100
|switch|p2a: Bing Bong|Glimmora, M|100/100
|turn|1
|
|t:|1757822924
|move|p2a: Bing Bong|Earth Power|p1a: Gholdengo
|-supereffective|p1a: Gholdengo
|-damage|p1a: Gholdengo|43/100
|-unboost|p1a: Gholdengo|spd|1
|move|p1a: Gholdengo|Thunder Wave|p2a: Bing Bong
|-status|p2a: Bing Bong|par
|
|-heal|p1a: Gholdengo|49/100|[from] item: Leftovers
|upkeep
|turn|2
|
|t:|1757822940
|switch|p1a: Primarina|Primarina, M|100/100
|move|p2a: Bing Bong|Earth Power|p1a: Primarina
|-damage|p1a: Primarina|82/100
|
|upkeep
|turn|3
|
|t:|1757822948
|move|p1a: Primarina|Surf|p2a: Bing Bong
|-supereffective|p2a: Bing Bong
|-enditem|p2a: Bing Bong|Focus Sash
|-damage|p2a: Bing Bong|1/100 par
|cant|p2a: Bing Bong|par
|
|upkeep
|turn|4
|
|t:|1757822955
|move|p1a: Primarina|Moonblast|p2a: Bing Bong
|-resisted|p2a: Bing Bong
|-crit|p2a: Bing Bong
|-damage|p2a: Bing Bong|0 fnt
|faint|p2a: Bing Bong
|
|upkeep
|
|t:|1757822962
|switch|p2a: Mr Grimm|Grimmsnarl, M|100/100
|turn|5
|
|t:|1757822967
|switch|p1a: Ogerpon|Ogerpon-Wellspring, F|100/100
|move|p2a: Mr Grimm|Light Screen|p2a: Mr Grimm
|-sidestart|p2: AP Precalculus|move: Light Screen
|
|upkeep
|turn|6
|
|t:|1757822974
|move|p2a: Mr Grimm|Reflect|p2a: Mr Grimm
|-sidestart|p2: AP Precalculus|Reflect
|move|p1a: Ogerpon|Spikes|p2a: Mr Grimm
|-sidestart|p2: AP Precalculus|Spikes
|
|upkeep
|turn|7
|
|t:|1757822990
|move|p2a: Mr Grimm|Taunt|p1a: Ogerpon
|-start|p1a: Ogerpon|move: Taunt
|cant|p1a: Ogerpon|move: Taunt|Spikes
|
|upkeep
|turn|8
|
|t:|1757823002
|switch|p2a: Which One|Latios, M, shiny|100/100
|move|p1a: Ogerpon|Knock Off|p2a: Which One
|-supereffective|p2a: Which One
|-damage|p2a: Which One|63/100
|-enditem|p2a: Which One|Weakness Policy
|-boost|p2a: Which One|atk|2|[from] item: Weakness Policy
|-boost|p2a: Which One|spa|2|[from] item: Weakness Policy
|
|upkeep
|turn|9
|
|t:|1757823023
|move|p1a: Ogerpon|Knock Off|p2a: Which One
|-supereffective|p2a: Which One
|-damage|p2a: Which One|40/100
|move|p2a: Which One|Agility|p2a: Which One
|-boost|p2a: Which One|spe|2
|
|-end|p1a: Ogerpon|move: Taunt
|upkeep
|turn|10
|
|t:|1757823037
|move|p2a: Which One|Stored Power|p1a: Ogerpon
|-damage|p1a: Ogerpon|0 fnt
|faint|p1a: Ogerpon
|
|upkeep
|
|t:|1757823044
|switch|p1a: Darkrai|Darkrai|100/100
|turn|11
|
|t:|1757823048
|switch|p1a: Primarina|Primarina, M|82/100
|move|p2a: Which One|Aura Sphere|p1a: Primarina
|-resisted|p1a: Primarina
|-damage|p1a: Primarina|67/100
|
|upkeep
|turn|12
|
|t:|1757823057
|move|p2a: Which One|Stored Power|p1a: Primarina
|-damage|p1a: Primarina|0 fnt
|faint|p1a: Primarina
|
|-sideend|p2: AP Precalculus|move: Light Screen
|upkeep
|-message|Brother Bilo forfeited.
|
|win|AP Precalculus
|raw|Brother Bilo's rating: 1339 &rarr; <strong>1326</strong><br />(-13 for losing)
|raw|AP Precalculus's rating: 1471 &rarr; <strong>1484</strong><br />(+13 for winning)
|l|☆Brother Bilo
|player|p1|
|l|☆AP Precalculus
|player|p2|
