|j|☆dnite dancer
|j|☆pbjojo
|t:|1757823209
|gametype|singles
|player|p1|dnite dancer|dragontamer|1270
|player|p2|pbjojo|hoopster|1290
|gen|9
|tier|[Gen 9] OU
|rated|
|rule|HP Percentage Mod: HP is shown in percentages
|rule|Endless Battle Clause: Forcing endless battles is banned
|rule|Species Clause: Limit one of each Pokémon
|rule|OHKO Clause: OHKO moves are banned
|rule|Evasion Items Clause: Evasion items are banned
|rule|Evasion Moves Clause: Evasion moves are banned
|rule|Evasion Abilities Clause: Evasion abilities are banned
|rule|Sleep Moves Clause: Sleep-inducing moves are banned
|clearpoke
|poke|p1|Deoxys-Speed|
|poke|p1|Ogerpon-Wellspring, F|
|poke|p1|Alomomola, M|
|poke|p1|Iron Crown|
|poke|p1|Great Tusk|
|poke|p1|Gliscor, F|
|poke|p2|Zamazenta-*|
|poke|p2|Pecharunt|
|poke|p2|Kyurem|
|poke|p2|Ninetales-Alola, F|
|poke|p2|Araquanid, M|
|poke|p2|Avalugg, F|
|teampreview
|
|t:|1757823213
|teamsize|p1|6
|teamsize|p2|6
|start
|switch|p1a: Iron Crown|Iron Crown|100/100
|switch|p2a: hehe|Ninetales-Alola, F, shiny|100/100
|-weather|Snowscape|[from] ability: Snow Warning|[of] p2a: hehe
|turn|1
|
|t:|1757823230
|switch|p2a: zaza|Zamazenta, shiny|100/100
|-ability|p2a: zaza|Dauntless Shield|boost
|-boost|p2a: zaza|def|1
|move|p1a: Iron Crown|Tachyon Cutter|p2a: zaza
|-damage|p2a: zaza|76/100
|-damage|p2a: zaza|52/100
|-hitcount|p2a: zaza|2
|
|-weather|Snowscape|[upkeep]
|upkeep
|turn|2
|
|t:|1757823241
|move|p2a: zaza|Close Combat|p1a: Iron Crown
|-damage|p1a: Iron Crown|25/100
|-unboost|p2a: zaza|def|1
|-unboost|p2a: zaza|spd|1
|-damage|p2a: zaza|42/100|[from] item: Life Orb
|move|p1a: Iron Crown|Future Sight|p2a: zaza
|-start|p1a: Iron Crown|move: Future Sight
|
|-weather|Snowscape|[upkeep]
|upkeep
|turn|3
|
|t:|1757823252
|-end|p1a: Iron Crown|Quark Drive|[silent]
|switch|p1a: Alomomola|Alomomola, M|100/100
|move|p2a: zaza|Close Combat|p1a: Alomomola
|-damage|p1a: Alomomola|62/100
|-unboost|p2a: zaza|def|1
|-unboost|p2a: zaza|spd|1
|-damage|p2a: zaza|26/100|[from] item: Rocky Helmet|[of] p1a: Alomomola
|-damage|p2a: zaza|16/100|[from] item: Life Orb
|
|-weather|Snowscape|[upkeep]
|upkeep
|turn|4
|
|t:|1757823269
|switch|p2a: kaiju|Kyurem, shiny|100/100
|-ability|p2a: kaiju|Pressure
|move|p1a: Alomomola|Wish|p1a: Alomomola
|
|-weather|Snowscape|[upkeep]
|-end|p2a: kaiju|move: Future Sight
|-damage|p2a: kaiju|43/100
|upkeep
|turn|5
|
|t:|1757823281
|switch|p1a: Iron Crown|Iron Crown|25/100
|move|p2a: kaiju|Freeze-Dry|p1a: Iron Crown
|-resisted|p1a: Iron Crown
|-crit|p1a: Iron Crown
|-damage|p1a: Iron Crown|0 fnt
|faint|p1a: Iron Crown
|-end|p1a: Iron Crown|Quark Drive|[silent]
|
|-weather|Snowscape|[upkeep]
|upkeep
|
|t:|1757823286
|switch|p1a: Deoxys|Deoxys-Speed|100/100
|-ability|p1a: Deoxys|Pressure
|turn|6
|
|t:|1757823295
|switch|p2a: spidy|Araquanid, M, shiny|100/100
|move|p1a: Deoxys|Psycho Boost|p2a: spidy
|-damage|p2a: spidy|55/100
|-unboost|p1a: Deoxys|spa|2
|-damage|p1a: Deoxys|91/100|[from] item: Life Orb
|
|-weather|Snowscape|[upkeep]
|upkeep
|turn|7
|
|t:|1757823345
|switch|p1a: Ogerpon|Ogerpon-Wellspring, F|100/100
|move|p2a: spidy|Sticky Web|p1a: Ogerpon
|-sidestart|p1: dnite dancer|move: Sticky Web
|
|-weather|Snowscape|[upkeep]
|upkeep
|turn|8
|
|t:|1757823368
|switch|p1a: Alomomola|Alomomola, M|95/100
|-activate|p1a: Alomomola|move: Sticky Web
|-unboost|p1a: Alomomola|spe|1
|move|p2a: spidy|Endure||[still]
|-fail|p2a: spidy
|
|-weather|none
|upkeep
|turn|9
|
|t:|1757823382
|move|p2a: spidy|Endeavor|p1a: Alomomola
|-damage|p1a: Alomomola|35/100
|-damage|p2a: spidy|38/100|[from] item: Rocky Helmet|[of] p1a: Alomomola
|move|p1a: Alomomola|Flip Turn|p2a: spidy
|-resisted|p2a: spidy
|-damage|p2a: spidy|30/100
|
|t:|1757823393
|switch|p1a: Great Tusk|Great Tusk|100/100|[from] Flip Turn
|-activate|p1a: Great Tusk|move: Sticky Web
|-unboost|p1a: Great Tusk|spe|1
|
|upkeep
|turn|10
|
|t:|1757823399
|-end|p1a: Great Tusk|Protosynthesis|[silent]
|switch|p1a: Alomomola|Alomomola, M|68/100
|-activate|p1a: Alomomola|move: Sticky Web
|-unboost|p1a: Alomomola|spe|1
|move|p2a: spidy|Endure||[still]
|-fail|p2a: spidy
|
|upkeep
|turn|11
|
|t:|1757823415
|move|p2a: spidy|Endeavor|p1a: Alomomola
|-damage|p1a: Alomomola|19/100
|-damage|p2a: spidy|14/100|[from] item: Rocky Helmet|[of] p1a: Alomomola
|move|p1a: Alomomola|Wish|p1a: Alomomola
|
|upkeep
|turn|12
|-enditem|p2a: spidy|Custap Berry|[eat]
|-activate|p2a: spidy|item: Custap Berry|[consumed]
|
|t:|1757823426
|move|p1a: Alomomola|Protect|p1a: Alomomola
|-singleturn|p1a: Alomomola|Protect
|move|p2a: spidy|Liquidation|p1a: Alomomola
|-activate|p1a: Alomomola|move: Protect
|
|-heal|p1a: Alomomola|69/100|[from] move: Wish|[wisher] Alomomola
|upkeep
|turn|13
|
|t:|1757823433
|move|p2a: spidy|Endeavor|p1a: Alomomola
|-damage|p1a: Alomomola|9/100
|-damage|p2a: spidy|0 fnt|[from] item: Rocky Helmet|[of] p1a: Alomomola
|faint|p2a: spidy
|move|p1a: Alomomola|Flip Turn|p2: spidy|[notarget]
|-fail|p1a: Alomomola
|
|upkeep
|
|t:|1757823446
|switch|p2a: kaiju|Kyurem, shiny|43/100
|-ability|p2a: kaiju|Pressure
|turn|14
|
|t:|1757823452
|move|p1a: Alomomola|Protect|p1a: Alomomola
|-singleturn|p1a: Alomomola|Protect
|move|p2a: kaiju|Freeze-Dry|p1a: Alomomola
|-activate|p1a: Alomomola|move: Protect
|
|upkeep
|turn|15
|
|t:|1757823467
|move|p2a: kaiju|Freeze-Dry|p1a: Alomomola
|-supereffective|p1a: Alomomola
|-crit|p1a: Alomomola
|-damage|p1a: Alomomola|0 fnt
|faint|p1a: Alomomola
|
|upkeep
|
|t:|1757823471
|switch|p1a: Great Tusk|Great Tusk|100/100
|-activate|p1a: Great Tusk|move: Sticky Web
|-unboost|p1a: Great Tusk|spe|1
|turn|16
|
|t:|1757823493
|-terastallize|p1a: Great Tusk|Ice
|move|p2a: kaiju|Freeze-Dry|p1a: Great Tusk
|-resisted|p1a: Great Tusk
|-damage|p1a: Great Tusk|58/100
|move|p1a: Great Tusk|Rapid Spin|p2a: kaiju
|-damage|p2a: kaiju|28/100
|-boost|p1a: Great Tusk|spe|1
|-sideend|p1: dnite dancer|Sticky Web|[from] move: Rapid Spin|[of] p1a: Great Tusk
|
|-heal|p1a: Great Tusk|64/100|[from] item: Leftovers
|upkeep
|turn|17
|
|t:|1757823518
|switch|p2a: TABLE|Avalugg, F|100/100
|move|p1a: Great Tusk|Rapid Spin|p2a: TABLE
|-damage|p2a: TABLE|93/100
|-boost|p1a: Great Tusk|spe|1
|
|-heal|p1a: Great Tusk|70/100|[from] item: Leftovers
|-heal|p2a: TABLE|99/100|[from] item: Leftovers
|upkeep
|turn|18
|
|t:|1757823530
|-end|p1a: Great Tusk|Protosynthesis|[silent]
|switch|p1a: Deoxys|Deoxys-Speed|91/100
|-ability|p1a: Deoxys|Pressure
|move|p2a: TABLE|Earthquake|p1a: Deoxys
|-damage|p1a: Deoxys|49/100
|
|-heal|p2a: TABLE|100/100|[from] item: Leftovers
|upkeep
|turn|19
|
|t:|1757823546
|move|p1a: Deoxys|Psycho Boost|p2a: TABLE
|-damage|p2a: TABLE|0 fnt
|-unboost|p1a: Deoxys|spa|2
|faint|p2a: TABLE
|-damage|p1a: Deoxys|39/100|[from] item: Life Orb
|
|upkeep
|
|t:|1757823557
|switch|p2a: hehe|Ninetales-Alola, F, shiny|100/100
|-weather|Snowscape|[from] ability: Snow Warning|[of] p2a: hehe
|turn|20
|
|t:|1757823576
|move|p1a: Deoxys|Psycho Boost|p2a: hehe
|-damage|p2a: hehe|57/100
|-unboost|p1a: Deoxys|spa|2
|-damage|p1a: Deoxys|29/100|[from] item: Life Orb
|move|p2a: hehe|Aurora Veil|p2a: hehe
|-sidestart|p2: pbjojo|move: Aurora Veil
|
|-weather|Snowscape|[upkeep]
|upkeep
|turn|21
|
|t:|1757823592
|move|p1a: Deoxys|Psycho Boost|p2a: hehe
|-damage|p2a: hehe|42/100
|-unboost|p1a: Deoxys|spa|2
|-damage|p1a: Deoxys|19/100|[from] item: Life Orb
|move|p2a: hehe|Moonblast|p1a: Deoxys
|-damage|p1a: Deoxys|0 fnt
|faint|p1a: Deoxys
|
|-weather|Snowscape|[upkeep]
|upkeep
|
|t:|1757823596
|switch|p1a: Gliscor|Gliscor, F|100/100
|turn|22
|
|t:|1757823601
|move|p1a: Gliscor|Protect|p1a: Gliscor
|-singleturn|p1a: Gliscor|Protect
|move|p2a: hehe|Blizzard|p1a: Gliscor
|-activate|p1a: Gliscor|move: Protect
|
|-weather|Snowscape|[upkeep]
|-status|p1a: Gliscor|tox|[from] item: Toxic Orb
|upkeep
|turn|23
|
|t:|1757823616
|move|p1a: Gliscor|Protect||[still]
|-fail|p1a: Gliscor
|move|p2a: hehe|Blizzard|p1a: Gliscor
|-supereffective|p1a: Gliscor
|-damage|p1a: Gliscor|0 fnt
|faint|p1a: Gliscor
|
|-weather|Snowscape|[upkeep]
|upkeep
|
|t:|1757823619
|switch|p1a: Ogerpon|Ogerpon-Wellspring, F|100/100
|turn|24
|
|t:|1757823625
|move|p1a: Ogerpon|Swords Dance|p1a: Ogerpon
|-boost|p1a: Ogerpon|atk|2
|move|p2a: hehe|Blizzard|p1a: Ogerpon
|-damage|p1a: Ogerpon|54/100
|
|-weather|Snowscape|[upkeep]
|-sideend|p2: pbjojo|move: Aurora Veil
|upkeep
|turn|25
|
|t:|1757823638
|move|p1a: Ogerpon|Horn Leech|p2a: hehe
|-damage|p2a: hehe|0 fnt
|-heal|p1a: Ogerpon|74/100|[from] drain|[of] p2a: hehe
|faint|p2a: hehe
|
|-weather|Snowscape|[upkeep]
|upkeep
|
|t:|1757823646
|switch|p2a: fukmedry|Pecharunt|100/100
|turn|26
|
|t:|1757823669
|move|p1a: Ogerpon|Knock Off|p2a: fukmedry
|-supereffective|p2a: fukmedry
|-damage|p2a: fukmedry|6/100
|-enditem|p2a: fukmedry|Heavy-Duty Boots|[from] move: Knock Off|[of] p1a: Ogerpon
|move|p2a: fukmedry|Malignant Chain|p1a: Ogerpon
|-supereffective|p1a: Ogerpon
|-damage|p1a: Ogerpon|1/100
|
|-weather|Snowscape|[upkeep]
|upkeep
|turn|27
|
|t:|1757823682
|move|p1a: Ogerpon|Horn Leech|p2a: fukmedry
|-resisted|p2a: fukmedry
|-damage|p2a: fukmedry|0 fnt
|-heal|p1a: Ogerpon|5/100|[from] drain|[of] p2a: fukmedry
|faint|p2a: fukmedry
|
|-weather|none
|upkeep
|
|t:|1757823685
|switch|p2a: zaza|Zamazenta, shiny|16/100
|turn|28
|
|t:|1757823691
|move|p2a: zaza|Quick Attack|p1a: Ogerpon
|-damage|p1a: Ogerpon|0 fnt
|faint|p1a: Ogerpon
|-damage|p2a: zaza|6/100|[from] item: Life Orb
|
|upkeep
|
|t:|1757823693
|switch|p1a: Great Tusk|Great Tusk, tera:Ice|70/100
|turn|29
|
|t:|1757823699
|-terastallize|p2a: zaza|Fighting
|move|p2a: zaza|Close Combat|p1a: Great Tusk
|-supereffective|p1a: Great Tusk
|-damage|p1a: Great Tusk|0 fnt
|-unboost|p2a: zaza|def|1
|-unboost|p2a: zaza|spd|1
|faint|p1a: Great Tusk
|-end|p1a: Great Tusk|Protosynthesis|[silent]
|-damage|p2a: zaza|0 fnt|[from] item: Life Orb
|faint|p2a: zaza
|
|win|pbjojo
|raw|dnite dancer's rating: 1240 &rarr; <strong>1219</strong><br />(-21 for losing)
|raw|pbjojo's rating: 1290 &rarr; <strong>1311</strong><br />(+21 for winning)
|l|☆dnite dancer
|player|p1|
|l|☆pbjojo
|player|p2|
