|j|☆jxrx
|j|☆ReturnOfMX
|t:|1757853671
|gametype|singles
|player|p1|jxrx|norman|1323
|player|p2|ReturnOfMX|101|1425
|gen|9
|tier|[Gen 9] OU
|rated|
|rule|HP Percentage Mod: HP is shown in percentages
|rule|Endless Battle Clause: Forcing endless battles is banned
|rule|Species Clause: Limit one of each Pokémon
|rule|OHKO Clause: OHKO moves are banned
|rule|Evasion Items Clause: Evasion items are banned
|rule|Evasion Moves Clause: Evasion moves are banned
|rule|Evasion Abilities Clause: Evasion abilities are banned
|rule|Sleep Moves Clause: Sleep-inducing moves are banned
|clearpoke
|poke|p1|Excadrill, M|
|poke|p1|Hippowdon, F|
|poke|p1|Tyranitar, M|
|poke|p1|Flygon, M|
|poke|p1|Empoleon, M|
|poke|p1|Houndstone, M|
|poke|p2|Tyranitar, F|
|poke|p2|Excadrill, F|
|poke|p2|Moltres|
|poke|p2|Alomomola, F|
|poke|p2|Latios, M|
|poke|p2|Sinistcha|
|teampreview
|inactive|Battle timer is ON: inactive players will automatically lose when time's up. (requested by ReturnOfMX)
|
|t:|1757853682
|teamsize|p1|6
|teamsize|p2|6
|start
|switch|p1a: Hippowdon|Hippowdon, F|100/100
|switch|p2a: Sinistcha|Sinistcha|100/100
|-weather|Sandstorm|[from] ability: Sand Stream|[of] p1a: Hippowdon
|turn|1
|
|t:|1757853698
|switch|p1a: Houndstone|Houndstone, M|100/100
|move|p2a: Sinistcha|Matcha Gotcha|p1a: Houndstone
|-damage|p1a: Houndstone|65/100
|
|-weather|Sandstorm|[upkeep]
|-damage|p2a: Sinistcha|94/100|[from] Sandstorm
|upkeep
|turn|2
|
|t:|1757853711
|switch|p2a: Alomomola|Alomomola, F|100/100
|move|p1a: Houndstone|Poltergeist|p2a: Alomomola
|-activate|p2a: Alomomola|move: Poltergeist|Assault Vest
|-damage|p2a: Alomomola|46/100
|
|-weather|Sandstorm|[upkeep]
|-damage|p2a: Alomomola|40/100|[from] Sandstorm
|upkeep
|turn|3
|
|t:|1757853734
|switch|p2a: Moltres|Moltres|100/100
|move|p1a: Houndstone|Poltergeist|p2a: Moltres|[miss]
|-miss|p1a: Houndstone|p2a: Moltres
|
|-weather|Sandstorm|[upkeep]
|-damage|p2a: Moltres|94/100|[from] Sandstorm
|upkeep
|turn|4
|
|t:|1757853751
|switch|p1a: Empoleon|Empoleon, M|100/100
|move|p2a: Moltres|U-turn|p1a: Empoleon
|-resisted|p1a: Empoleon
|-damage|p1a: Empoleon|92/100
|
|t:|1757853754
|switch|p2a: Excadrill|Excadrill, F|100/100|[from] U-turn
|
|-weather|Sandstorm|[upkeep]
|-heal|p1a: Empoleon|98/100|[from] item: Leftovers
|upkeep
|turn|5
|
|t:|1757853761
|switch|p1a: Hippowdon|Hippowdon, F|100/100
|move|p2a: Excadrill|Substitute|p2a: Excadrill
|-start|p2a: Excadrill|Substitute
|-damage|p2a: Excadrill|76/100
|
|-weather|Sandstorm|[upkeep]
|-heal|p2a: Excadrill|82/100|[from] item: Leftovers
|upkeep
|turn|6
|
|t:|1757853765
|move|p2a: Excadrill|Earthquake|p1a: Hippowdon
|-damage|p1a: Hippowdon|70/100
|move|p1a: Hippowdon|Whirlwind|p2a: Excadrill
|drag|p2a: Moltres|Moltres|94/100
|
|-weather|Sandstorm|[upkeep]
|-damage|p2a: Moltres|88/100|[from] Sandstorm
|upkeep
|turn|7
|
|t:|1757853771
|move|p2a: Moltres|U-turn|p1a: Hippowdon
|-damage|p1a: Hippowdon|62/100
|
|t:|1757853776
|switch|p2a: Sinistcha|Sinistcha|94/100|[from] U-turn
|move|p1a: Hippowdon|Stealth Rock|p2a: Sinistcha
|-sidestart|p2: ReturnOfMX|move: Stealth Rock
|
|-weather|Sandstorm|[upkeep]
|-damage|p2a: Sinistcha|88/100|[from] Sandstorm
|upkeep
|turn|8
|
|t:|1757853790
|move|p2a: Sinistcha|Shadow Ball|p1a: Hippowdon
|-damage|p1a: Hippowdon|29/100
|move|p1a: Hippowdon|Slack Off|p1a: Hippowdon
|-heal|p1a: Hippowdon|79/100
|
|-weather|none
|upkeep
|turn|9
|
|t:|1757853800
|switch|p1a: Tyranitar|Tyranitar, M|100/100
|-weather|Sandstorm|[from] ability: Sand Stream|[of] p1a: Tyranitar
|move|p2a: Sinistcha|Matcha Gotcha|p1a: Tyranitar
|-supereffective|p1a: Tyranitar
|-damage|p1a: Tyranitar|55/100
|-heal|p2a: Sinistcha|100/100|[from] drain|[of] p1a: Tyranitar
|
|-weather|Sandstorm|[upkeep]
|-damage|p2a: Sinistcha|94/100|[from] Sandstorm
|-heal|p1a: Tyranitar|61/100|[from] item: Leftovers
|upkeep
|turn|10
|
|t:|1757853818
|switch|p2a: Moltres|Moltres|88/100
|move|p1a: Tyranitar|Substitute|p1a: Tyranitar
|-start|p1a: Tyranitar|Substitute
|-damage|p1a: Tyranitar|36/100
|
|-weather|Sandstorm|[upkeep]
|-damage|p2a: Moltres|82/100|[from] Sandstorm
|-heal|p1a: Tyranitar|42/100|[from] item: Leftovers
|upkeep
|turn|11
|
|t:|1757853825
|move|p1a: Tyranitar|Dragon Dance|p1a: Tyranitar
|-boost|p1a: Tyranitar|atk|1
|-boost|p1a: Tyranitar|spe|1
|move|p2a: Moltres|Roar|p1a: Tyranitar
|drag|p1a: Flygon|Flygon, M|100/100
|
|-weather|Sandstorm|[upkeep]
|-damage|p2a: Moltres|76/100|[from] Sandstorm
|upkeep
|turn|12
|
|t:|1757853834
|switch|p1a: Tyranitar|Tyranitar, M|42/100
|switch|p2a: Alomomola|Alomomola, F|73/100
|-damage|p2a: Alomomola|60/100|[from] Stealth Rock
|
|-weather|Sandstorm|[upkeep]
|-damage|p2a: Alomomola|54/100|[from] Sandstorm
|-heal|p1a: Tyranitar|48/100|[from] item: Leftovers
|upkeep
|turn|13
|
|t:|1757853847
|switch|p1a: Houndstone|Houndstone, M|65/100
|move|p2a: Alomomola|Scald|p1a: Houndstone
|-damage|p1a: Houndstone|49/100
|-status|p1a: Houndstone|brn
|
|-weather|none
|-damage|p1a: Houndstone|43/100 brn|[from] brn
|upkeep
|turn|14
|
|t:|1757853861
|move|p1a: Houndstone|Trick|p2a: Alomomola
|-activate|p1a: Houndstone|move: Trick|[of] p2a: Alomomola
|-item|p2a: Alomomola|Choice Band|[from] move: Trick
|-item|p1a: Houndstone|Assault Vest|[from] move: Trick
|move|p2a: Alomomola|Flip Turn|p1a: Houndstone
|-damage|p1a: Houndstone|17/100 brn
|
|t:|1757853877
|switch|p2a: Excadrill|Excadrill, F|82/100|[from] Flip Turn
|-damage|p2a: Excadrill|79/100|[from] Stealth Rock
|
|-heal|p2a: Excadrill|85/100|[from] item: Leftovers
|-damage|p1a: Houndstone|11/100 brn|[from] brn
|upkeep
|turn|15
|
|t:|1757853896
|move|p1a: Houndstone|Shadow Sneak|p2a: Excadrill
|-damage|p2a: Excadrill|71/100
|move|p2a: Excadrill|Rock Slide|p1a: Houndstone
|-damage|p1a: Houndstone|0 fnt
|faint|p1a: Houndstone
|
|-heal|p2a: Excadrill|77/100|[from] item: Leftovers
|upkeep
|
|t:|1757853904
|switch|p1a: Flygon|Flygon, M|100/100
|turn|16
|
|t:|1757853910
|switch|p2a: Alomomola|Alomomola, F|87/100
|-damage|p2a: Alomomola|75/100|[from] Stealth Rock
|move|p1a: Flygon|Substitute|p1a: Flygon
|-start|p1a: Flygon|Substitute
|-damage|p1a: Flygon|76/100
|
|-heal|p1a: Flygon|82/100|[from] item: Leftovers
|upkeep
|turn|17
|
|t:|1757853913
|move|p1a: Flygon|Dragon Dance|p1a: Flygon
|-boost|p1a: Flygon|atk|1
|-boost|p1a: Flygon|spe|1
|move|p2a: Alomomola|Flip Turn|p1a: Flygon
|-crit|p1a: Flygon
|-end|p1a: Flygon|Substitute
|
|t:|1757853915
|switch|p2a: Moltres|Moltres|76/100|[from] Flip Turn
|
|-heal|p1a: Flygon|88/100|[from] item: Leftovers
|upkeep
|turn|18
|
|t:|1757853924
|move|p1a: Flygon|Dragon Claw|p2a: Moltres
|-damage|p2a: Moltres|40/100
|move|p2a: Moltres|Roar|p1a: Flygon
|drag|p1a: Empoleon|Empoleon, M|98/100
|
|-heal|p1a: Empoleon|100/100|[from] item: Leftovers
|upkeep
|turn|19
|
|t:|1757853932
|move|p2a: Moltres|U-turn|p1a: Empoleon
|-resisted|p1a: Empoleon
|-damage|p1a: Empoleon|92/100
|
|t:|1757853935
|switch|p2a: Sinistcha|Sinistcha|94/100|[from] U-turn
|move|p1a: Empoleon|Surf|p2a: Sinistcha
|-resisted|p2a: Sinistcha
|-damage|p2a: Sinistcha|68/100
|
|-heal|p1a: Empoleon|98/100|[from] item: Leftovers
|upkeep
|turn|20
|
|t:|1757853942
|move|p1a: Empoleon|Ice Beam|p2a: Sinistcha
|-supereffective|p2a: Sinistcha
|-damage|p2a: Sinistcha|1/100
|move|p2a: Sinistcha|Strength Sap|p1a: Empoleon
|-unboost|p1a: Empoleon|atk|1
|-ability|p1a: Empoleon|Competitive|boost
|-boost|p1a: Empoleon|spa|2
|-heal|p2a: Sinistcha|47/100
|
|-heal|p1a: Empoleon|100/100|[from] item: Leftovers
|upkeep
|turn|21
|
|t:|1757853960
|switch|p2a: Alomomola|Alomomola, F|100/100
|-damage|p2a: Alomomola|88/100|[from] Stealth Rock
|move|p1a: Empoleon|Agility|p1a: Empoleon
|-boost|p1a: Empoleon|spe|2
|
|upkeep
|turn|22
|
|t:|1757853964
|move|p1a: Empoleon|Agility|p1a: Empoleon
|-boost|p1a: Empoleon|spe|2
|move|p2a: Alomomola|Mirror Coat||[still]
|-fail|p2a: Alomomola
|
|upkeep
|turn|23
|
|t:|1757853969
|move|p1a: Empoleon|Agility|p1a: Empoleon
|-boost|p1a: Empoleon|spe|2
|move|p2a: Alomomola|Mirror Coat||[still]
|-fail|p2a: Alomomola
|
|upkeep
|turn|24
|
|t:|1757853972
|move|p1a: Empoleon|Agility|p1a: Empoleon
|-boost|p1a: Empoleon|spe|0
|move|p2a: Alomomola|Mirror Coat||[still]
|-fail|p2a: Alomomola
|
|upkeep
|turn|25
|
|t:|1757853975
|move|p1a: Empoleon|Agility|p1a: Empoleon
|-boost|p1a: Empoleon|spe|0
|move|p2a: Alomomola|Mirror Coat||[still]
|-fail|p2a: Alomomola
|
|upkeep
|turn|26
|
|t:|1757853996
|move|p1a: Empoleon|Agility|p1a: Empoleon
|-boost|p1a: Empoleon|spe|0
|move|p2a: Alomomola|Mirror Coat||[still]
|-fail|p2a: Alomomola
|
|upkeep
|turn|27
|inactive|jxrx has 120 seconds left.
|inactive|jxrx has 90 seconds left.
|inactive|jxrx has 60 seconds left.
|
|t:|1757854097
|move|p1a: Empoleon|Agility|p1a: Empoleon
|-boost|p1a: Empoleon|spe|0
|move|p2a: Alomomola|Mirror Coat||[still]
|-fail|p2a: Alomomola
|
|upkeep
|turn|28
|
|t:|1757854104
|move|p1a: Empoleon|Agility|p1a: Empoleon
|-boost|p1a: Empoleon|spe|0
|move|p2a: Alomomola|Mirror Coat||[still]
|-fail|p2a: Alomomola
|
|upkeep
|turn|29
|
|t:|1757854108
|move|p1a: Empoleon|Agility|p1a: Empoleon
|-boost|p1a: Empoleon|spe|0
|move|p2a: Alomomola|Mirror Coat||[still]
|-fail|p2a: Alomomola
|
|upkeep
|turn|30
|
|t:|1757854111
|switch|p2a: Excadrill|Excadrill, F|77/100
|-damage|p2a: Excadrill|74/100|[from] Stealth Rock
|move|p1a: Empoleon|Agility|p1a: Empoleon
|-boost|p1a: Empoleon|spe|0
|
|-heal|p2a: Excadrill|80/100|[from] item: Leftovers
|upkeep
|turn|31
|
|t:|1757854113
|switch|p2a: Alomomola|Alomomola, F|100/100
|-damage|p2a: Alomomola|88/100|[from] Stealth Rock
|move|p1a: Empoleon|Surf|p2a: Alomomola
|-resisted|p2a: Alomomola
|-damage|p2a: Alomomola|51/100
|
|upkeep
|turn|32
|
|t:|1757854128
|move|p1a: Empoleon|Agility|p1a: Empoleon
|-boost|p1a: Empoleon|spe|0
|move|p2a: Alomomola|Mirror Coat||[still]
|-fail|p2a: Alomomola
|
|upkeep
|turn|33
|
|t:|1757854141
|switch|p2a: Tyranitar|Tyranitar, F|100/100
|-damage|p2a: Tyranitar|88/100|[from] Stealth Rock
|-weather|Sandstorm|[from] ability: Sand Stream|[of] p2a: Tyranitar
|move|p1a: Empoleon|Agility|p1a: Empoleon
|-boost|p1a: Empoleon|spe|0
|
|-weather|Sandstorm|[upkeep]
|upkeep
|turn|34
|
|t:|1757854155
|-terastallize|p2a: Tyranitar|Ghost
|move|p1a: Empoleon|Surf|p2a: Tyranitar
|-damage|p2a: Tyranitar|16/100
|move|p2a: Tyranitar|Low Kick|p1a: Empoleon
|-supereffective|p1a: Empoleon
|-damage|p1a: Empoleon|25/100
|
|-weather|Sandstorm|[upkeep]
|-damage|p2a: Tyranitar|10/100|[from] Sandstorm
|-heal|p1a: Empoleon|31/100|[from] item: Leftovers
|upkeep
|turn|35
|inactive|jxrx has 120 seconds left.
|
|t:|1757854167
|move|p1a: Empoleon|Surf|p2a: Tyranitar
|-damage|p2a: Tyranitar|0 fnt
|faint|p2a: Tyranitar
|
|-weather|Sandstorm|[upkeep]
|-heal|p1a: Empoleon|37/100|[from] item: Leftovers
|upkeep
|
|t:|1757854170
|switch|p2a: Excadrill|Excadrill, F|80/100
|-damage|p2a: Excadrill|77/100|[from] Stealth Rock
|turn|36
|
|t:|1757854174
|move|p1a: Empoleon|Surf|p2a: Excadrill
|-supereffective|p2a: Excadrill
|-damage|p2a: Excadrill|0 fnt
|faint|p2a: Excadrill
|
|-weather|Sandstorm|[upkeep]
|-heal|p1a: Empoleon|43/100|[from] item: Leftovers
|upkeep
|-message|ReturnOfMX forfeited.
|
|win|jxrx
|raw|jxrx's rating: 1323 &rarr; <strong>1349</strong><br />(+26 for winning)
|raw|ReturnOfMX's rating: 1425 &rarr; <strong>1399</strong><br />(-26 for losing)
|l|☆ReturnOfMX
|player|p2|
|l|☆jxrx
|player|p1|
