|j|☆greynolabar
|j|☆Sungrace
|t:|1757859837
|gametype|singles
|player|p1|greynolabar|1|1131
|player|p2|Sungrace|swimmerf|1104
|gen|9
|tier|[Gen 9] OU
|rated|
|rule|HP Percentage Mod: HP is shown in percentages
|rule|Endless Battle Clause: Forcing endless battles is banned
|rule|Species Clause: Limit one of each Pokémon
|rule|OHKO Clause: OHKO moves are banned
|rule|Evasion Items Clause: Evasion items are banned
|rule|Evasion Moves Clause: Evasion moves are banned
|rule|Evasion Abilities Clause: Evasion abilities are banned
|rule|Sleep Moves Clause: Sleep-inducing moves are banned
|clearpoke
|poke|p1|Ribombee, F|
|poke|p1|Malamar, F|
|poke|p1|Skeledirge, M|
|poke|p1|Ditto|
|poke|p1|Meganium, F|
|poke|p1|Umbreon, M|
|poke|p2|Lilligant-Hisui, F|
|poke|p2|Ninetales, F|
|poke|p2|Florges-Yellow, F|
|poke|p2|Araquanid, F|
|poke|p2|Kingambit, F|
|poke|p2|Pecharunt|
|teampreview
|inactive|Battle timer is ON: inactive players will automatically lose when time's up. (requested by greynolabar)
|
|t:|1757859870
|teamsize|p1|6
|teamsize|p2|6
|start
|switch|p1a: Ribombee|Ribombee, F|100/100
|switch|p2a: Dawnbloom|Florges-Yellow, F, shiny|100/100
|turn|1
|
|t:|1757859876
|-terastallize|p2a: Dawnbloom|Grass
|move|p1a: Ribombee|Sticky Web|p2a: Dawnbloom
|-sidestart|p2: Sungrace|move: Sticky Web
|move|p2a: Dawnbloom|Calm Mind|p2a: Dawnbloom
|-boost|p2a: Dawnbloom|spa|1
|-boost|p2a: Dawnbloom|spd|1
|
|upkeep
|turn|2
|
|t:|1757859889
|move|p1a: Ribombee|Calm Mind|p1a: Ribombee
|-boost|p1a: Ribombee|spa|1
|-boost|p1a: Ribombee|spd|1
|move|p2a: Dawnbloom|Calm Mind|p2a: Dawnbloom
|-boost|p2a: Dawnbloom|spa|1
|-boost|p2a: Dawnbloom|spd|1
|
|upkeep
|turn|3
|
|t:|1757859896
|move|p1a: Ribombee|Calm Mind|p1a: Ribombee
|-boost|p1a: Ribombee|spa|1
|-boost|p1a: Ribombee|spd|1
|move|p2a: Dawnbloom|Moonblast|p1a: Ribombee
|-damage|p1a: Ribombee|50/100
|
|upkeep
|turn|4
|
|t:|1757859905
|move|p1a: Ribombee|Draining Kiss|p2a: Dawnbloom
|-damage|p2a: Dawnbloom|89/100
|-heal|p1a: Ribombee|59/100|[from] drain|[of] p2a: Dawnbloom
|move|p2a: Dawnbloom|Calm Mind|p2a: Dawnbloom
|-boost|p2a: Dawnbloom|spa|1
|-boost|p2a: Dawnbloom|spd|1
|
|-heal|p2a: Dawnbloom|95/100|[from] item: Leftovers
|upkeep
|turn|5
|
|t:|1757859930
|switch|p1a: Skeledirge|Skeledirge, M|100/100
|move|p2a: Dawnbloom|Calm Mind|p2a: Dawnbloom
|-boost|p2a: Dawnbloom|spa|1
|-boost|p2a: Dawnbloom|spd|1
|
|-heal|p2a: Dawnbloom|100/100|[from] item: Leftovers
|upkeep
|turn|6
|
|t:|1757859938
|move|p2a: Dawnbloom|Psychic Noise|p1a: Skeledirge
|-damage|p1a: Skeledirge|80/100
|-start|p1a: Skeledirge|move: Heal Block
|move|p1a: Skeledirge|Torch Song|p2a: Dawnbloom
|-supereffective|p2a: Dawnbloom
|-damage|p2a: Dawnbloom|43/100
|-boost|p1a: Skeledirge|spa|1
|
|-heal|p2a: Dawnbloom|50/100|[from] item: Leftovers
|upkeep
|turn|7
|
|t:|1757859954
|move|p2a: Dawnbloom|Moonblast|p1a: Skeledirge
|-resisted|p1a: Skeledirge
|-damage|p1a: Skeledirge|60/100
|-unboost|p1a: Skeledirge|spa|1
|move|p1a: Skeledirge|Torch Song|p2a: Dawnbloom
|-supereffective|p2a: Dawnbloom
|-damage|p2a: Dawnbloom|0 fnt
|-boost|p1a: Skeledirge|spa|1
|faint|p2a: Dawnbloom
|
|-end|p1a: Skeledirge|move: Heal Block
|upkeep
|inactive|Sungrace has 120 seconds left.
|
|t:|1757859986
|switch|p2a: O-O-O#|Kingambit, F, shiny|100/100
|-activate|p2a: O-O-O#|ability: Supreme Overlord
|-start|p2a: O-O-O#|fallen1|[silent]
|-item|p2a: O-O-O#|Air Balloon
|turn|8
|
|t:|1757860001
|-terastallize|p1a: Skeledirge|Fire
|move|p2a: O-O-O#|Iron Head|p1a: Skeledirge
|-resisted|p1a: Skeledirge
|-damage|p1a: Skeledirge|38/100
|cant|p1a: Skeledirge|flinch
|
|-heal|p1a: Skeledirge|44/100|[from] item: Leftovers
|upkeep
|turn|9
|
|t:|1757860014
|move|p2a: O-O-O#|Kowtow Cleave|p1a: Skeledirge
|-damage|p1a: Skeledirge|0 fnt
|faint|p1a: Skeledirge
|
|upkeep
|
|t:|1757860022
|switch|p1a: First-Ever Starter|Meganium, F|100/100
|turn|10
|
|t:|1757860032
|move|p2a: O-O-O#|Kowtow Cleave|p1a: First-Ever Starter
|-damage|p1a: First-Ever Starter|59/100
|move|p1a: First-Ever Starter|Reflect|p1a: First-Ever Starter
|-sidestart|p1: greynolabar|Reflect
|
|upkeep
|turn|11
|
|t:|1757860038
|move|p2a: O-O-O#|Swords Dance|p2a: O-O-O#
|-boost|p2a: O-O-O#|atk|2
|move|p1a: First-Ever Starter|Leech Seed|p2a: O-O-O#|[miss]
|-miss|p1a: First-Ever Starter|p2a: O-O-O#
|
|upkeep
|turn|12
|
|t:|1757860050
|move|p2a: O-O-O#|Kowtow Cleave|p1a: First-Ever Starter
|-damage|p1a: First-Ever Starter|12/100
|move|p1a: First-Ever Starter|Leech Seed|p2a: O-O-O#
|-start|p2a: O-O-O#|move: Leech Seed
|
|-damage|p2a: O-O-O#|88/100|[from] Leech Seed|[of] p1a: First-Ever Starter
|-heal|p1a: First-Ever Starter|26/100|[silent]
|upkeep
|turn|13
|
|t:|1757860060
|move|p2a: O-O-O#|Swords Dance|p2a: O-O-O#
|-boost|p2a: O-O-O#|atk|2
|move|p1a: First-Ever Starter|Light Screen|p1a: First-Ever Starter
|-sidestart|p1: greynolabar|move: Light Screen
|
|-damage|p2a: O-O-O#|76/100|[from] Leech Seed|[of] p1a: First-Ever Starter
|-heal|p1a: First-Ever Starter|40/100|[silent]
|upkeep
|turn|14
|
|t:|1757860068
|move|p2a: O-O-O#|Kowtow Cleave|p1a: First-Ever Starter
|-damage|p1a: First-Ever Starter|0 fnt
|faint|p1a: First-Ever Starter
|
|upkeep
|
|t:|1757860073
|switch|p1a: Ditto|Ditto|100/100
|-transform|p1a: Ditto|p2a: O-O-O#|[from] ability: Imposter
|-activate|p1a: Ditto|ability: Supreme Overlord
|-start|p1a: Ditto|fallen2|[silent]
|turn|15
|
|t:|1757860103
|-end|p2a: O-O-O#|fallen1|[silent]
|switch|p2a: Surskit-Alola|Araquanid, F, shiny|100/100
|-activate|p2a: Surskit-Alola|move: Sticky Web
|-unboost|p2a: Surskit-Alola|spe|1
|move|p1a: Ditto|Sucker Punch||[still]
|-fail|p1a: Ditto
|
|upkeep
|turn|16
|
|t:|1757860112
|move|p1a: Ditto|Sucker Punch|p2a: Surskit-Alola
|-enditem|p2a: Surskit-Alola|Focus Sash
|-damage|p2a: Surskit-Alola|1/100
|move|p2a: Surskit-Alola|Infestation|p1a: Ditto
|-damage|p1a: Ditto|96/100
|-activate|p1a: Ditto|move: Infestation|[of] p2a: Surskit-Alola
|
|-damage|p1a: Ditto|84/100|[from] move: Infestation|[partiallytrapped]
|upkeep
|turn|17
|
|t:|1757860119
|move|p1a: Ditto|Sucker Punch||[still]
|-fail|p1a: Ditto
|move|p2a: Surskit-Alola|Sticky Web|p1a: Ditto
|-sidestart|p1: greynolabar|move: Sticky Web
|
|-damage|p1a: Ditto|72/100|[from] move: Infestation|[partiallytrapped]
|-sideend|p1: greynolabar|Reflect
|upkeep
|turn|18
|
|t:|1757860128
|move|p1a: Ditto|Sucker Punch||[still]
|-fail|p1a: Ditto
|move|p2a: Surskit-Alola|Sticky Web||[still]
|-fail|p2a: Surskit-Alola
|
|-damage|p1a: Ditto|59/100|[from] move: Infestation|[partiallytrapped]
|upkeep
|turn|19
|
|t:|1757860133
|move|p1a: Ditto|Sucker Punch||[still]
|-fail|p1a: Ditto
|move|p2a: Surskit-Alola|Sticky Web||[still]
|-fail|p2a: Surskit-Alola
|
|-damage|p1a: Ditto|47/100|[from] move: Infestation|[partiallytrapped]
|upkeep
|turn|20
|
|t:|1757860146
|-activate|p1a: Ditto|move: Struggle
|move|p1a: Ditto|Struggle|p2a: Surskit-Alola
|-damage|p2a: Surskit-Alola|0 fnt
|faint|p2a: Surskit-Alola
|-damage|p1a: Ditto|22/100|[from] recoil
|
|-end|p1a: Ditto|Infestation|[partiallytrapped]
|-sideend|p1: greynolabar|move: Light Screen
|upkeep
|
|t:|1757860158
|switch|p2a: O-O-O#|Kingambit, F, shiny|76/100
|-activate|p2a: O-O-O#|ability: Supreme Overlord
|-start|p2a: O-O-O#|fallen2|[silent]
|-item|p2a: O-O-O#|Air Balloon
|turn|21
|
|t:|1757860168
|-end|p1a: Ditto|fallen2|[silent]
|switch|p1a: Ursula|Malamar, F|100/100
|-activate|p1a: Ursula|move: Sticky Web
|-boost|p1a: Ursula|spe|1
|move|p2a: O-O-O#|Iron Head|p1a: Ursula
|-damage|p1a: Ursula|42/100
|
|-heal|p1a: Ursula|48/100|[from] item: Leftovers
|upkeep
|turn|22
|
|t:|1757860183
|-end|p2a: O-O-O#|fallen2|[silent]
|switch|p2a: Venomoth-Paldea|Pecharunt|100/100
|-activate|p2a: Venomoth-Paldea|move: Sticky Web
|-unboost|p2a: Venomoth-Paldea|spe|1
|move|p1a: Ursula|Superpower|p2a: Venomoth-Paldea
|-immune|p2a: Venomoth-Paldea
|
|-heal|p1a: Ursula|54/100|[from] item: Leftovers
|upkeep
|turn|23
|
|t:|1757860201
|switch|p1a: Ribombee|Ribombee, F|59/100
|-activate|p1a: Ribombee|move: Sticky Web
|-unboost|p1a: Ribombee|spe|1
|move|p2a: Venomoth-Paldea|Malignant Chain|p1a: Ribombee
|-supereffective|p1a: Ribombee
|-damage|p1a: Ribombee|0 fnt
|faint|p1a: Ribombee
|
|upkeep
|inactive|greynolabar has 120 seconds left.
|
|t:|1757860226
|switch|p1a: All-Time Favorite|Umbreon, M|100/100
|-activate|p1a: All-Time Favorite|move: Sticky Web
|-unboost|p1a: All-Time Favorite|spe|1
|turn|24
|inactive|greynolabar has 120 seconds left.
|
|t:|1757860236
|move|p2a: Venomoth-Paldea|Malignant Chain|p1a: All-Time Favorite
|-damage|p1a: All-Time Favorite|81/100
|move|p1a: All-Time Favorite|Foul Play|p2a: Venomoth-Paldea
|-supereffective|p2a: Venomoth-Paldea
|-damage|p2a: Venomoth-Paldea|75/100
|
|-heal|p2a: Venomoth-Paldea|81/100|[from] item: Leftovers
|-heal|p1a: All-Time Favorite|88/100|[from] item: Leftovers
|upkeep
|turn|25
|
|t:|1757860245
|move|p2a: Venomoth-Paldea|Malignant Chain|p1a: All-Time Favorite
|-damage|p1a: All-Time Favorite|67/100
|move|p1a: All-Time Favorite|Wish|p1a: All-Time Favorite
|
|-heal|p2a: Venomoth-Paldea|87/100|[from] item: Leftovers
|-heal|p1a: All-Time Favorite|74/100|[from] item: Leftovers
|upkeep
|turn|26
|
|t:|1757860264
|move|p2a: Venomoth-Paldea|Malignant Chain|p1a: All-Time Favorite
|-damage|p1a: All-Time Favorite|57/100
|-status|p1a: All-Time Favorite|tox
|-start|p1a: All-Time Favorite|confusion|[from] ability: Poison Puppeteer|[of] p2a: Venomoth-Paldea
|-activate|p1a: All-Time Favorite|ability: Synchronize
|-immune|p2a: Venomoth-Paldea
|-activate|p1a: All-Time Favorite|confusion
|move|p1a: All-Time Favorite|Foul Play|p2a: Venomoth-Paldea
|-supereffective|p2a: Venomoth-Paldea
|-damage|p2a: Venomoth-Paldea|58/100
|
|-heal|p1a: All-Time Favorite|100/100 tox|[from] move: Wish|[wisher] All-Time Favorite
|-heal|p2a: Venomoth-Paldea|64/100|[from] item: Leftovers
|-damage|p1a: All-Time Favorite|94/100 tox|[from] psn
|upkeep
|turn|27
|
|t:|1757860282
|move|p2a: Venomoth-Paldea|Hex|p1a: All-Time Favorite
|-resisted|p1a: All-Time Favorite
|-damage|p1a: All-Time Favorite|83/100 tox
|-end|p1a: All-Time Favorite|confusion
|move|p1a: All-Time Favorite|Wish|p1a: All-Time Favorite
|
|-heal|p2a: Venomoth-Paldea|70/100|[from] item: Leftovers
|-heal|p1a: All-Time Favorite|89/100 tox|[from] item: Leftovers
|-damage|p1a: All-Time Favorite|77/100 tox|[from] psn
|upkeep
|turn|28
|
|t:|1757860295
|switch|p1a: Ditto|Ditto|22/100
|-activate|p1a: Ditto|move: Sticky Web
|-unboost|p1a: Ditto|spe|1
|-transform|p1a: Ditto|p2a: Venomoth-Paldea|[from] ability: Imposter
|move|p2a: Venomoth-Paldea|Recover|p2a: Venomoth-Paldea
|-heal|p2a: Venomoth-Paldea|100/100
|
|-heal|p1a: Ditto|82/100|[from] move: Wish|[wisher] All-Time Favorite
|upkeep
|turn|29
|
|t:|1757860307
|switch|p1a: All-Time Favorite|Umbreon, M|77/100 tox
|-activate|p1a: All-Time Favorite|move: Sticky Web
|-unboost|p1a: All-Time Favorite|spe|1
|move|p2a: Venomoth-Paldea|Parting Shot|p1a: All-Time Favorite
|-unboost|p1a: All-Time Favorite|atk|1
|-unboost|p1a: All-Time Favorite|spa|1
|
|t:|1757860319
|switch|p2a: O-O-O#|Kingambit, F, shiny|76/100|[from] Parting Shot
|-activate|p2a: O-O-O#|ability: Supreme Overlord
|-start|p2a: O-O-O#|fallen2|[silent]
|-item|p2a: O-O-O#|Air Balloon
|
|-heal|p1a: All-Time Favorite|83/100 tox|[from] item: Leftovers
|-damage|p1a: All-Time Favorite|77/100 tox|[from] psn
|upkeep
|turn|30
|
|t:|1757860329
|move|p2a: O-O-O#|Iron Head|p1a: All-Time Favorite
|-damage|p1a: All-Time Favorite|36/100 tox
|move|p1a: All-Time Favorite|Foul Play|p2a: O-O-O#
|-resisted|p2a: O-O-O#
|-damage|p2a: O-O-O#|50/100
|-enditem|p2a: O-O-O#|Air Balloon
|
|-heal|p1a: All-Time Favorite|42/100 tox|[from] item: Leftovers
|-damage|p1a: All-Time Favorite|30/100 tox|[from] psn
|upkeep
|turn|31
|
|t:|1757860338
|move|p2a: O-O-O#|Iron Head|p1a: All-Time Favorite
|-damage|p1a: All-Time Favorite|0 fnt
|faint|p1a: All-Time Favorite
|
|upkeep
|
|t:|1757860341
|switch|p1a: Ursula|Malamar, F|54/100
|-activate|p1a: Ursula|move: Sticky Web
|-boost|p1a: Ursula|spe|1
|turn|32
|
|t:|1757860348
|move|p1a: Ursula|Knock Off|p2a: O-O-O#
|-resisted|p2a: O-O-O#
|-damage|p2a: O-O-O#|42/100
|move|p2a: O-O-O#|Iron Head|p1a: Ursula
|-damage|p1a: Ursula|0 fnt
|faint|p1a: Ursula
|
|upkeep
|
|t:|1757860355
|switch|p1a: Ditto|Ditto|82/100
|-activate|p1a: Ditto|move: Sticky Web
|-unboost|p1a: Ditto|spe|1
|-transform|p1a: Ditto|p2a: O-O-O#|[from] ability: Imposter
|-activate|p1a: Ditto|ability: Supreme Overlord
|-start|p1a: Ditto|fallen5|[silent]
|turn|33
|
|t:|1757860363
|-end|p2a: O-O-O#|fallen2|[silent]
|switch|p2a: Angel|Ninetales, F, shiny|100/100
|-activate|p2a: Angel|move: Sticky Web
|-unboost|p2a: Angel|spe|1
|-weather|SunnyDay|[from] ability: Drought|[of] p2a: Angel
|move|p1a: Ditto|Kowtow Cleave|p2a: Angel
|-damage|p2a: Angel|0 fnt
|faint|p2a: Angel
|
|-weather|SunnyDay|[upkeep]
|upkeep
|
|t:|1757860374
|switch|p2a: Lesbian|Lilligant-Hisui, F, shiny|100/100
|-activate|p2a: Lesbian|move: Sticky Web
|-unboost|p2a: Lesbian|spe|1
|-enditem|p2a: Lesbian|Eject Pack
|
|t:|1757860377
|switch|p2a: Venomoth-Paldea|Pecharunt|100/100
|-activate|p2a: Venomoth-Paldea|move: Sticky Web
|-unboost|p2a: Venomoth-Paldea|spe|1
|turn|34
|
|t:|1757860382
|move|p1a: Ditto|Kowtow Cleave|p2a: Venomoth-Paldea
|-supereffective|p2a: Venomoth-Paldea
|-damage|p2a: Venomoth-Paldea|9/100
|move|p2a: Venomoth-Paldea|Parting Shot|p1a: Ditto
|-unboost|p1a: Ditto|atk|1
|-unboost|p1a: Ditto|spa|1
|inactive|Sungrace has 120 seconds left.
|inactive|Sungrace has 90 seconds left.
|
|t:|1757860456
|switch|p2a: Lesbian|Lilligant-Hisui, F, shiny|100/100|[from] Parting Shot
|-activate|p2a: Lesbian|move: Sticky Web
|-unboost|p2a: Lesbian|spe|1
|
|-weather|SunnyDay|[upkeep]
|upkeep
|turn|35
|
|t:|1757860462
|move|p2a: Lesbian|Close Combat|p1a: Ditto
|-supereffective|p1a: Ditto
|-damage|p1a: Ditto|0 fnt
|-unboost|p2a: Lesbian|def|1
|-unboost|p2a: Lesbian|spd|1
|faint|p1a: Ditto
|-end|p1a: Ditto|fallen5|[silent]
|
|win|Sungrace
|raw|greynolabar's rating: 1131 &rarr; <strong>1104</strong><br />(-27 for losing)
|raw|Sungrace's rating: 1104 &rarr; <strong>1131</strong><br />(+27 for winning)
|l|☆Sungrace
|player|p2|
|l|☆greynolabar
|player|p1|
