|j|☆Tetedebois
|j|☆Dragonitekilla100
|t:|1757905157
|gametype|singles
|player|p1|Tetedebois|2|1448
|player|p2|Dragonitekilla100|266|1413
|gen|9
|tier|[Gen 9] OU
|rated|
|rule|HP Percentage Mod: HP is shown in percentages
|rule|Endless Battle Clause: Forcing endless battles is banned
|rule|Species Clause: Limit one of each Pokémon
|rule|OHKO Clause: OHKO moves are banned
|rule|Evasion Items Clause: Evasion items are banned
|rule|Evasion Moves Clause: Evasion moves are banned
|rule|Evasion Abilities Clause: Evasion abilities are banned
|rule|Sleep Moves Clause: Sleep-inducing moves are banned
|clearpoke
|poke|p1|Great Tusk|
|poke|p1|Gholdengo|
|poke|p1|Iron Valiant|
|poke|p1|Kingambit, M|
|poke|p1|Raging Bolt|
|poke|p1|Ogerpon-Wellspring, F|
|poke|p2|Hoopa-Unbound|
|poke|p2|Iron Valiant|
|poke|p2|Cinderace, M|
|poke|p2|Ting-Lu|
|poke|p2|Iron Thorns|
|poke|p2|Conkeldurr, M|
|teampreview
|inactive|Battle timer is ON: inactive players will automatically lose when time's up. (requested by Dragonitekilla100)
|
|t:|1757905172
|teamsize|p1|6
|teamsize|p2|6
|start
|switch|p1a: Gholdengo|Gholdengo|100/100
|switch|p2a: Cinderace|Cinderace, M|100/100
|turn|1
|
|t:|1757905187
|switch|p1a: Great Tusk|Great Tusk|100/100
|-enditem|p1a: Great Tusk|Booster Energy
|-activate|p1a: Great Tusk|ability: Protosynthesis|[fromitem]
|-start|p1a: Great Tusk|protosynthesisatk
|move|p2a: Cinderace|U-turn|p1a: Great Tusk
|-start|p2a: Cinderace|typechange|Bug|[from] ability: Libero
|-resisted|p1a: Great Tusk
|-damage|p1a: Great Tusk|83/100
|
|t:|1757905191
|switch|p2a: Conkeldurr|Conkeldurr, M|100/100|[from] U-turn
|
|upkeep
|turn|2
|
|t:|1757905199
|move|p1a: Great Tusk|Stealth Rock|p2a: Conkeldurr
|-sidestart|p2: Dragonitekilla100|move: Stealth Rock
|move|p2a: Conkeldurr|Close Combat|p1a: Great Tusk
|-damage|p1a: Great Tusk|21/100
|-unboost|p2a: Conkeldurr|def|1
|-unboost|p2a: Conkeldurr|spd|1
|-damage|p2a: Conkeldurr|91/100|[from] item: Life Orb
|
|upkeep
|turn|3
|
|t:|1757905203
|move|p2a: Conkeldurr|Mach Punch|p1a: Great Tusk
|-damage|p1a: Great Tusk|0 fnt
|faint|p1a: Great Tusk
|-end|p1a: Great Tusk|Protosynthesis|[silent]
|-damage|p2a: Conkeldurr|81/100|[from] item: Life Orb
|
|upkeep
|inactive|Tetedebois has 120 seconds left.
|
|t:|1757905240
|switch|p1a: Gholdengo|Gholdengo|100/100
|turn|4
|
|t:|1757905251
|switch|p2a: Ting-Lu|Ting-Lu|100/100
|-damage|p2a: Ting-Lu|94/100|[from] Stealth Rock
|-ability|p2a: Ting-Lu|Vessel of Ruin
|move|p1a: Gholdengo|Make It Rain|p2a: Ting-Lu
|-damage|p2a: Ting-Lu|57/100
|-unboost|p1a: Gholdengo|spa|1
|
|upkeep
|turn|5
|
|t:|1757905264
|switch|p1a: Ciao|Ogerpon-Wellspring, F|100/100
|move|p2a: Ting-Lu|Spikes|p1a: Ciao
|-sidestart|p1: Tetedebois|Spikes
|
|upkeep
|turn|6
|
|t:|1757905272
|move|p1a: Ciao|Swords Dance|p1a: Ciao
|-boost|p1a: Ciao|atk|2
|move|p2a: Ting-Lu|Spikes|p1a: Ciao
|-sidestart|p1: Tetedebois|Spikes
|
|upkeep
|turn|7
|
|t:|1757905284
|move|p1a: Ciao|Ivy Cudgel|p2a: Ting-Lu|[anim] Ivy Cudgel Water
|-supereffective|p2a: Ting-Lu
|-damage|p2a: Ting-Lu|0 fnt
|faint|p2a: Ting-Lu
|
|upkeep
|
|t:|1757905290
|switch|p2a: Cinderace|Cinderace, M|100/100
|-damage|p2a: Cinderace|76/100|[from] Stealth Rock
|turn|8
|
|t:|1757905302
|-terastallize|p1a: Ciao|Water
|detailschange|p1a: Ciao|Ogerpon-Wellspring-Tera, F, tera:Water
|-ability|p1a: Ciao|Embody Aspect (Wellspring)|boost
|-boost|p1a: Ciao|spd|1
|move|p2a: Cinderace|Flare Blitz|p1a: Ciao
|-resisted|p1a: Ciao
|-damage|p1a: Ciao|39/100
|-damage|p2a: Cinderace|55/100|[from] Recoil
|move|p1a: Ciao|Ivy Cudgel|p2a: Cinderace|[anim] Ivy Cudgel Water
|-supereffective|p2a: Cinderace
|-damage|p2a: Cinderace|0 fnt
|faint|p2a: Cinderace
|
|upkeep
|
|t:|1757905311
|switch|p2a: Hoopa|Hoopa-Unbound|100/100
|-damage|p2a: Hoopa|88/100|[from] Stealth Rock
|turn|9
|
|t:|1757905317
|move|p2a: Hoopa|Knock Off|p1a: Ciao
|-damage|p1a: Ciao|0 fnt
|faint|p1a: Ciao
|detailschange|p1: Ciao|Ogerpon-Wellspring, F|[silent]
|
|upkeep
|
|t:|1757905324
|switch|p1a: Iron Valiant|Iron Valiant|100/100
|-damage|p1a: Iron Valiant|84/100|[from] Spikes
|-enditem|p1a: Iron Valiant|Booster Energy
|-activate|p1a: Iron Valiant|ability: Quark Drive|[fromitem]
|-start|p1a: Iron Valiant|quarkdrivespe
|turn|10
|
|t:|1757905331
|switch|p2a: Iron Thorns|Iron Thorns, shiny|100/100
|-damage|p2a: Iron Thorns|88/100|[from] Stealth Rock
|-enditem|p2a: Iron Thorns|Booster Energy
|-activate|p2a: Iron Thorns|ability: Quark Drive|[fromitem]
|-start|p2a: Iron Thorns|quarkdriveatk
|move|p1a: Iron Valiant|Calm Mind|p1a: Iron Valiant
|-boost|p1a: Iron Valiant|spa|1
|-boost|p1a: Iron Valiant|spd|1
|
|upkeep
|turn|11
|
|t:|1757905339
|-terastallize|p2a: Iron Thorns|Flying
|move|p1a: Iron Valiant|Moonblast|p2a: Iron Thorns
|-damage|p2a: Iron Thorns|2/100
|move|p2a: Iron Thorns|Tera Blast|p1a: Iron Valiant|[anim] Tera Blast Flying
|-supereffective|p1a: Iron Valiant
|-damage|p1a: Iron Valiant|0 fnt
|faint|p1a: Iron Valiant
|-end|p1a: Iron Valiant|Quark Drive|[silent]
|
|upkeep
|
|t:|1757905364
|switch|p1a: Gholdengo|Gholdengo|100/100
|-damage|p1a: Gholdengo|84/100|[from] Spikes
|turn|12
|inactive|Tetedebois has 120 seconds left.
|
|t:|1757905389
|move|p1a: Gholdengo|Shadow Ball|p2a: Iron Thorns
|-damage|p2a: Iron Thorns|0 fnt
|faint|p2a: Iron Thorns
|-end|p2a: Iron Thorns|Quark Drive|[silent]
|
|upkeep
|
|t:|1757905396
|switch|p2a: Hoopa|Hoopa-Unbound|88/100
|-damage|p2a: Hoopa|76/100|[from] Stealth Rock
|turn|13
|
|t:|1757905400
|move|p1a: Gholdengo|Shadow Ball|p2a: Hoopa
|-damage|p2a: Hoopa|37/100
|move|p2a: Hoopa|Hyperspace Fury|p1a: Gholdengo
|-supereffective|p1a: Gholdengo
|-damage|p1a: Gholdengo|0 fnt
|-unboost|p2a: Hoopa|def|1
|faint|p1a: Gholdengo
|
|upkeep
|
|t:|1757905409
|switch|p1a: Sayonara|Kingambit, M|100/100
|-damage|p1a: Sayonara|84/100|[from] Spikes
|-activate|p1a: Sayonara|ability: Supreme Overlord
|-start|p1a: Sayonara|fallen4|[silent]
|turn|14
|
|t:|1757905417
|-end|p1a: Sayonara|fallen4|[silent]
|switch|p1a: Tschüss|Raging Bolt|100/100
|-damage|p1a: Tschüss|84/100|[from] Spikes
|-enditem|p1a: Tschüss|Booster Energy
|-activate|p1a: Tschüss|ability: Protosynthesis|[fromitem]
|-start|p1a: Tschüss|protosynthesisspa
|move|p2a: Hoopa|Hyperspace Fury|p1a: Tschüss
|-damage|p1a: Tschüss|23/100
|-unboost|p2a: Hoopa|def|1
|
|upkeep
|turn|15
|
|t:|1757905427
|move|p1a: Tschüss|Thunderclap|p2a: Hoopa
|-damage|p2a: Hoopa|0 fnt
|faint|p2a: Hoopa
|
|upkeep
|
|t:|1757905431
|switch|p2a: Conkeldurr|Conkeldurr, M|81/100
|-damage|p2a: Conkeldurr|75/100|[from] Stealth Rock
|turn|16
|
|t:|1757905440
|move|p2a: Conkeldurr|Mach Punch|p1a: Tschüss
|-damage|p1a: Tschüss|0 fnt
|faint|p1a: Tschüss
|-end|p1a: Tschüss|Protosynthesis|[silent]
|-damage|p2a: Conkeldurr|65/100|[from] item: Life Orb
|
|upkeep
|
|t:|1757905444
|switch|p1a: Sayonara|Kingambit, M|84/100
|-damage|p1a: Sayonara|68/100|[from] Spikes
|-activate|p1a: Sayonara|ability: Supreme Overlord
|-start|p1a: Sayonara|fallen5|[silent]
|turn|17
|
|t:|1757905452
|move|p2a: Conkeldurr|Mach Punch|p1a: Sayonara
|-supereffective|p1a: Sayonara
|-damage|p1a: Sayonara|0 fnt
|faint|p1a: Sayonara
|-end|p1a: Sayonara|fallen5|[silent]
|-damage|p2a: Conkeldurr|55/100|[from] item: Life Orb
|
|win|Dragonitekilla100
|raw|Tetedebois's rating: 1448 &rarr; <strong>1426</strong><br />(-22 for losing)
|raw|Dragonitekilla100's rating: 1413 &rarr; <strong>1435</strong><br />(+22 for winning)
|l|☆Dragonitekilla100
|player|p2|
|l|☆Tetedebois
|player|p1|
