|j|‽SirPops
|j|☆marquisf
|t:|1757795359
|gametype|singles
|player|p1|SirPops|red|1067
|player|p2|marquisf|1|1094
|gen|9
|tier|[Gen 9] OU
|rated|
|rule|HP Percentage Mod: HP is shown in percentages
|rule|Endless Battle Clause: Forcing endless battles is banned
|rule|Species Clause: Limit one of each Pokémon
|rule|OHKO Clause: OHKO moves are banned
|rule|Evasion Items Clause: Evasion items are banned
|rule|Evasion Moves Clause: Evasion moves are banned
|rule|Evasion Abilities Clause: Evasion abilities are banned
|rule|Sleep Moves Clause: Sleep-inducing moves are banned
|clearpoke
|poke|p1|Snorlax, M|
|poke|p1|Masquerain, M|
|poke|p1|Rotom-Frost|
|poke|p1|Weezing-Galar, F|
|poke|p1|Perrserker, M|
|poke|p1|Honchkrow, M|
|poke|p2|Garganacl, F|
|poke|p2|Blissey, F|
|poke|p2|Weezing-Galar, M|
|poke|p2|Tyranitar, M|
|poke|p2|Delibird, F|
|poke|p2|Zamazenta-*|
|teampreview
|
|t:|1757795362
|teamsize|p1|6
|teamsize|p2|6
|start
|switch|p1a: Perrserker|Perrserker, M, shiny|100/100
|switch|p2a: Garganacl|Garganacl, F|100/100
|turn|1
|
|t:|1757795379
|move|p1a: Perrserker|Iron Head|p2a: Garganacl
|-supereffective|p2a: Garganacl
|-damage|p2a: Garganacl|41/100
|move|p2a: Garganacl|Hammer Arm|p1a: Perrserker
|-supereffective|p1a: Perrserker
|-damage|p1a: Perrserker|0 fnt
|-unboost|p2a: Garganacl|spe|1
|faint|p1a: Perrserker
|
|upkeep
|
|t:|1757795390
|switch|p1a: Snorlax|Snorlax, M|100/100
|turn|2
|
|t:|1757795393
|move|p1a: Snorlax|Curse|p1a: Snorlax
|-unboost|p1a: Snorlax|spe|1
|-boost|p1a: Snorlax|atk|1
|-boost|p1a: Snorlax|def|1
|move|p2a: Garganacl|Hammer Arm|p1a: Snorlax
|-supereffective|p1a: Snorlax
|-damage|p1a: Snorlax|53/100
|-unboost|p2a: Garganacl|spe|1
|
|-heal|p1a: Snorlax|59/100|[from] item: Leftovers
|upkeep
|turn|3
|
|t:|1757795430
|move|p1a: Snorlax|Curse|p1a: Snorlax
|-unboost|p1a: Snorlax|spe|1
|-boost|p1a: Snorlax|atk|1
|-boost|p1a: Snorlax|def|1
|move|p2a: Garganacl|Hammer Arm|p1a: Snorlax
|-supereffective|p1a: Snorlax
|-damage|p1a: Snorlax|24/100
|-unboost|p2a: Garganacl|spe|1
|
|-heal|p1a: Snorlax|30/100|[from] item: Leftovers
|upkeep
|turn|4
|
|t:|1757795442
|switch|p2a: Zamazenta|Zamazenta|100/100
|-ability|p2a: Zamazenta|Dauntless Shield|boost
|-boost|p2a: Zamazenta|def|1
|move|p1a: Snorlax|Earthquake|p2a: Zamazenta
|-damage|p2a: Zamazenta|73/100
|
|-heal|p1a: Snorlax|36/100|[from] item: Leftovers
|upkeep
|turn|5
|
|t:|1757795457
|move|p2a: Zamazenta|Body Press|p1a: Snorlax
|-supereffective|p1a: Snorlax
|-damage|p1a: Snorlax|2/100
|move|p1a: Snorlax|Body Slam|p2a: Zamazenta
|-damage|p2a: Zamazenta|41/100
|
|-heal|p1a: Snorlax|8/100|[from] item: Leftovers
|upkeep
|turn|6
|
|t:|1757795467
|move|p2a: Zamazenta|Body Press|p1a: Snorlax
|-supereffective|p1a: Snorlax
|-damage|p1a: Snorlax|0 fnt
|faint|p1a: Snorlax
|
|upkeep
|
|t:|1757795481
|switch|p1a: Honchkrow|Honchkrow, M|100/100
|turn|7
|
|t:|1757795486
|move|p2a: Zamazenta|Rest|p2a: Zamazenta
|-status|p2a: Zamazenta|slp|[from] move: Rest
|-heal|p2a: Zamazenta|100/100 slp|[silent]
|move|p1a: Honchkrow|Drill Peck|p2a: Zamazenta
|-supereffective|p2a: Zamazenta
|-crit|p2a: Zamazenta
|-damage|p2a: Zamazenta|8/100 slp
|
|upkeep
|turn|8
|
|t:|1757795523
|cant|p2a: Zamazenta|slp
|move|p1a: Honchkrow|Drill Peck|p2a: Zamazenta
|-supereffective|p2a: Zamazenta
|-damage|p2a: Zamazenta|0 fnt
|faint|p2a: Zamazenta
|
|upkeep
|
|t:|1757795527
|switch|p2a: Tyranitar|Tyranitar, M|100/100
|-weather|Sandstorm|[from] ability: Sand Stream|[of] p2a: Tyranitar
|turn|9
|
|t:|1757795550
|switch|p1a: Rotom|Rotom-Frost|100/100
|move|p2a: Tyranitar|Stone Edge|p1a: Rotom
|-supereffective|p1a: Rotom
|-damage|p1a: Rotom|12/100
|
|-weather|Sandstorm|[upkeep]
|-damage|p1a: Rotom|6/100|[from] Sandstorm
|upkeep
|turn|10
|
|t:|1757795559
|move|p2a: Tyranitar|Stone Edge|p1a: Rotom
|-supereffective|p1a: Rotom
|-damage|p1a: Rotom|0 fnt
|faint|p1a: Rotom
|
|-weather|Sandstorm|[upkeep]
|upkeep
|
|t:|1757795579
|switch|p1a: Weezing|Weezing-Galar, F|100/100
|turn|11
|
|t:|1757795584
|move|p2a: Tyranitar|Stone Edge|p1a: Weezing
|-damage|p1a: Weezing|57/100
|move|p1a: Weezing|Toxic|p2a: Tyranitar
|-status|p2a: Tyranitar|tox
|
|-weather|Sandstorm|[upkeep]
|-damage|p1a: Weezing|51/100|[from] Sandstorm
|-damage|p2a: Tyranitar|94/100 tox|[from] psn
|upkeep
|turn|12
|
|t:|1757795594
|move|p2a: Tyranitar|Stone Edge|p1a: Weezing
|-damage|p1a: Weezing|4/100
|-enditem|p1a: Weezing|Sitrus Berry|[eat]
|-heal|p1a: Weezing|29/100|[from] item: Sitrus Berry
|move|p1a: Weezing|Venoshock|p2a: Tyranitar
|-resisted|p2a: Tyranitar
|-damage|p2a: Tyranitar|76/100 tox
|
|-weather|Sandstorm|[upkeep]
|-damage|p1a: Weezing|23/100|[from] Sandstorm
|-damage|p2a: Tyranitar|64/100 tox|[from] psn
|upkeep
|turn|13
|
|t:|1757795605
|move|p2a: Tyranitar|Stone Edge|p1a: Weezing
|-damage|p1a: Weezing|0 fnt
|faint|p1a: Weezing
|
|-weather|none
|-damage|p2a: Tyranitar|45/100 tox|[from] psn
|upkeep
|
|t:|1757795608
|switch|p1a: Masquerain|Masquerain, M|100/100
|-ability|p1a: Masquerain|Intimidate|boost
|-unboost|p2a: Tyranitar|atk|1
|turn|14
|
|t:|1757795635
|move|p2a: Tyranitar|Stone Edge|p1a: Masquerain
|-supereffective|p1a: Masquerain
|-enditem|p1a: Masquerain|Focus Sash
|-damage|p1a: Masquerain|1/100
|move|p1a: Masquerain|Quiver Dance|p1a: Masquerain
|-boost|p1a: Masquerain|spa|1
|-boost|p1a: Masquerain|spd|1
|-boost|p1a: Masquerain|spe|1
|
|-damage|p2a: Tyranitar|20/100 tox|[from] psn
|upkeep
|turn|15
|
|t:|1757795647
|switch|p2a: Garganacl|Garganacl, F|41/100
|move|p1a: Masquerain|Surf|p2a: Garganacl
|-supereffective|p2a: Garganacl
|-damage|p2a: Garganacl|0 fnt
|faint|p2a: Garganacl
|
|upkeep
|
|t:|1757795658
|switch|p2a: Tyranitar|Tyranitar, M|20/100 tox
|-weather|Sandstorm|[from] ability: Sand Stream|[of] p2a: Tyranitar
|turn|16
|
|t:|1757795667
|move|p1a: Masquerain|Surf|p2a: Tyranitar
|-supereffective|p2a: Tyranitar
|-damage|p2a: Tyranitar|0 fnt
|faint|p2a: Tyranitar
|
|-weather|Sandstorm|[upkeep]
|-damage|p1a: Masquerain|0 fnt|[from] Sandstorm
|faint|p1a: Masquerain
|upkeep
|
|t:|1757795674
|switch|p1a: Honchkrow|Honchkrow, M|100/100
|switch|p2a: Delibird|Delibird, F|100/100
|turn|17
|
|t:|1757795682
|-terastallize|p1a: Honchkrow|Steel
|move|p2a: Delibird|Freeze-Dry|p1a: Honchkrow
|-resisted|p1a: Honchkrow
|-damage|p1a: Honchkrow|85/100
|move|p1a: Honchkrow|Night Slash|p2a: Delibird
|-crit|p2a: Delibird
|-damage|p2a: Delibird|0 fnt
|faint|p2a: Delibird
|
|-weather|Sandstorm|[upkeep]
|upkeep
|
|t:|1757795709
|switch|p2a: Weezing|Weezing-Galar, M|100/100
|turn|18
|
|t:|1757795720
|-terastallize|p2a: Weezing|Poison
|move|p1a: Honchkrow|Drill Peck|p2a: Weezing
|-damage|p2a: Weezing|55/100
|move|p2a: Weezing|Overheat|p1a: Honchkrow
|-supereffective|p1a: Honchkrow
|-damage|p1a: Honchkrow|0 fnt
|-unboost|p2a: Weezing|spa|2
|faint|p1a: Honchkrow
|
|win|marquisf
|raw|SirPops's rating: 1098 &rarr; <strong>1073</strong><br />(-25 for losing)
|raw|marquisf's rating: 1094 &rarr; <strong>1120</strong><br />(+26 for winning)
|l|‽SirPops
|player|p1|
|l|☆marquisf
|player|p2|
