|j|☆e3720
|j|‽DiceyRice
|t:|1757828207
|gametype|singles
|player|p1|e3720|102|1750
|player|p2|DiceyRice|hilda-wonderlauncher|1712
|gen|9
|tier|[Gen 9] OU
|rated|
|rule|HP Percentage Mod: HP is shown in percentages
|rule|Endless Battle Clause: Forcing endless battles is banned
|rule|Species Clause: Limit one of each Pokémon
|rule|OHKO Clause: OHKO moves are banned
|rule|Evasion Items Clause: Evasion items are banned
|rule|Evasion Moves Clause: Evasion moves are banned
|rule|Evasion Abilities Clause: Evasion abilities are banned
|rule|Sleep Moves Clause: Sleep-inducing moves are banned
|clearpoke
|poke|p1|Pincurchin, M|
|poke|p1|Iron Valiant|
|poke|p1|Iron Treads|
|poke|p1|Raging Bolt|
|poke|p1|Hawlucha, M|
|poke|p1|Pecharunt|
|poke|p2|Indeedee, M|
|poke|p2|Hatterene, F|
|poke|p2|Armarouge, M|
|poke|p2|Cinderace, F|
|poke|p2|Ursaluna, M|
|poke|p2|Porygon2|
|teampreview
|
|t:|1757828237
|teamsize|p1|6
|teamsize|p2|6
|start
|switch|p1a: Iron Treads|Iron Treads|100/100
|switch|p2a: Porygon2|Porygon2|100/100
|-item|p1a: Iron Treads|Air Balloon
|-ability|p2a: Porygon2|Download|boost
|-boost|p2a: Porygon2|spa|1
|turn|1
|
|t:|1757828246
|switch|p2a: Hatterene|Hatterene, F|100/100
|move|p1a: Iron Treads|Stealth Rock|p2a: Hatterene
|move|p2a: Hatterene|Stealth Rock|p1a: Iron Treads|[from] ability: Magic Bounce
|-sidestart|p1: e3720|move: Stealth Rock
|
|upkeep
|turn|2
|
|t:|1757828258
|move|p1a: Iron Treads|Steel Beam|p2a: Hatterene
|-supereffective|p2a: Hatterene
|-damage|p2a: Hatterene|0 fnt
|-damage|p1a: Iron Treads|50/100|[from] steelbeam
|faint|p2a: Hatterene
|
|upkeep
|j| LegitimatePotato
|
|t:|1757828261
|switch|p2a: Cinderace|Cinderace, F|100/100
|turn|3
|
|t:|1757828267
|-end|p1a: Iron Treads|Quark Drive|[silent]
|switch|p1a: Pincurchin|Pincurchin, M|100/100
|-damage|p1a: Pincurchin|88/100|[from] Stealth Rock
|-fieldstart|move: Electric Terrain|[from] ability: Electric Surge|[of] p1a: Pincurchin
|move|p2a: Cinderace|Pyro Ball|p1a: Pincurchin
|-damage|p1a: Pincurchin|43/100
|
|upkeep
|turn|4
|j| firemaniac
|
|t:|1757828282
|switch|p1a: Raging Bolt|Raging Bolt|100/100
|-damage|p1a: Raging Bolt|88/100|[from] Stealth Rock
|move|p2a: Cinderace|Pyro Ball|p1a: Raging Bolt
|-resisted|p1a: Raging Bolt
|-damage|p1a: Raging Bolt|63/100
|
|upkeep
|turn|5
|
|t:|1757828286
|switch|p2a: Indeedee|Indeedee, M|100/100
|-fieldstart|move: Psychic Terrain|[from] ability: Psychic Surge|[of] p2a: Indeedee
|move|p1a: Raging Bolt|Draco Meteor|p2a: Indeedee|[miss]
|-miss|p1a: Raging Bolt|p2a: Indeedee
|
|upkeep
|turn|6
|
|t:|1757828301
|-end|p1a: Raging Bolt|Protosynthesis|[silent]
|switch|p1a: Iron Treads|Iron Treads|50/100
|-damage|p1a: Iron Treads|47/100|[from] Stealth Rock
|-item|p1a: Iron Treads|Air Balloon
|move|p2a: Indeedee|Expanding Force|p1a: Iron Treads
|-resisted|p1a: Iron Treads
|-damage|p1a: Iron Treads|0 fnt
|-enditem|p1a: Iron Treads|Air Balloon
|faint|p1a: Iron Treads
|-end|p1a: Iron Treads|Quark Drive|[silent]
|
|upkeep
|j| LuLuNaNaRaRa
|
|t:|1757828340
|switch|p1a: Iron Valiant|Iron Valiant|100/100
|-damage|p1a: Iron Valiant|94/100|[from] Stealth Rock
|turn|7
|
|t:|1757828343
|move|p1a: Iron Valiant|Knock Off|p2a: Indeedee
|-supereffective|p2a: Indeedee
|-damage|p2a: Indeedee|0 fnt
|-enditem|p2a: Indeedee|Terrain Extender|[from] move: Knock Off|[of] p1a: Iron Valiant
|faint|p2a: Indeedee
|
|upkeep
|
|t:|1757828356
|switch|p2a: Armarouge|Armarouge, M|100/100
|turn|8
|
|t:|1757828377
|-end|p1a: Iron Valiant|Quark Drive|[silent]
|switch|p1a: Pincurchin|Pincurchin, M|43/100
|-damage|p1a: Pincurchin|31/100|[from] Stealth Rock
|-fieldstart|move: Electric Terrain|[from] ability: Electric Surge|[of] p1a: Pincurchin
|move|p2a: Armarouge|Expanding Force|p1a: Pincurchin
|-damage|p1a: Pincurchin|0 fnt
|faint|p1a: Pincurchin
|
|upkeep
|
|t:|1757828403
|switch|p1a: Pecharunt|Pecharunt|100/100
|-damage|p1a: Pecharunt|88/100|[from] Stealth Rock
|-item|p1a: Pecharunt|Air Balloon
|turn|9
|
|t:|1757828406
|move|p1a: Pecharunt|Shadow Ball|p2a: Armarouge
|-supereffective|p2a: Armarouge
|-damage|p2a: Armarouge|15/100
|-enditem|p2a: Armarouge|Weakness Policy
|-boost|p2a: Armarouge|atk|2|[from] item: Weakness Policy
|-boost|p2a: Armarouge|spa|2|[from] item: Weakness Policy
|move|p2a: Armarouge|Expanding Force|p1a: Pecharunt
|-supereffective|p1a: Pecharunt
|-damage|p1a: Pecharunt|0 fnt
|-enditem|p1a: Pecharunt|Air Balloon
|faint|p1a: Pecharunt
|
|upkeep
|j| newguy1310
|
|t:|1757828450
|switch|p1a: Raging Bolt|Raging Bolt|63/100
|-damage|p1a: Raging Bolt|50/100|[from] Stealth Rock
|turn|10
|
|t:|1757828453
|move|p1a: Raging Bolt|Dragon Pulse|p2a: Armarouge
|-damage|p2a: Armarouge|0 fnt
|faint|p2a: Armarouge
|
|upkeep
|
|t:|1757828472
|switch|p2a: Ursaluna|Ursaluna, M|100/100
|turn|11
|
|t:|1757828477
|-end|p1a: Raging Bolt|Protosynthesis|[silent]
|switch|p1a: Hawlucha|Hawlucha, M|100/100
|-damage|p1a: Hawlucha|88/100|[from] Stealth Rock
|-enditem|p1a: Hawlucha|Electric Seed
|-boost|p1a: Hawlucha|def|1|[from] item: Electric Seed
|move|p2a: Ursaluna|Headlong Rush|p1a: Hawlucha
|-immune|p1a: Hawlucha
|
|-status|p2a: Ursaluna|brn|[from] item: Flame Orb
|upkeep
|turn|12
|
|t:|1757828514
|switch|p2a: Cinderace|Cinderace, F|100/100
|move|p1a: Hawlucha|Close Combat|p2a: Cinderace
|-damage|p2a: Cinderace|24/100
|-unboost|p1a: Hawlucha|def|1
|-unboost|p1a: Hawlucha|spd|1
|
|upkeep
|turn|13
|
|t:|1757828524
|move|p1a: Hawlucha|Swords Dance|p1a: Hawlucha
|-boost|p1a: Hawlucha|atk|2
|move|p2a: Cinderace|Pyro Ball|p1a: Hawlucha
|-damage|p1a: Hawlucha|3/100
|
|upkeep
|turn|14
|
|t:|1757828526
|move|p1a: Hawlucha|Acrobatics|p2a: Cinderace
|-damage|p2a: Cinderace|0 fnt
|faint|p2a: Cinderace
|
|upkeep
|
|t:|1757828528
|switch|p2a: Porygon2|Porygon2|100/100
|-ability|p2a: Porygon2|Download|boost
|-boost|p2a: Porygon2|spa|1
|turn|15
|
|t:|1757828537
|-terastallize|p2a: Porygon2|Ground
|move|p1a: Hawlucha|Close Combat|p2a: Porygon2
|-damage|p2a: Porygon2|33/100
|-unboost|p1a: Hawlucha|def|1
|-unboost|p1a: Hawlucha|spd|1
|move|p2a: Porygon2|Trick Room|p2a: Porygon2
|-fieldstart|move: Trick Room|[of] p2a: Porygon2
|
|-fieldend|move: Electric Terrain
|upkeep
|turn|16
|
|t:|1757828555
|move|p2a: Porygon2|Ice Beam|p1a: Hawlucha
|-supereffective|p1a: Hawlucha
|-damage|p1a: Hawlucha|0 fnt
|faint|p1a: Hawlucha
|
|upkeep
|
|t:|1757828564
|switch|p1a: Iron Valiant|Iron Valiant|94/100
|-damage|p1a: Iron Valiant|88/100|[from] Stealth Rock
|turn|17
|
|t:|1757828579
|-terastallize|p1a: Iron Valiant|Fire
|move|p2a: Porygon2|Tera Blast|p1a: Iron Valiant|[anim] Tera Blast Ground
|-supereffective|p1a: Iron Valiant
|-damage|p1a: Iron Valiant|0 fnt
|faint|p1a: Iron Valiant
|-end|p1a: Iron Valiant|Quark Drive|[silent]
|
|upkeep
|
|t:|1757828583
|switch|p1a: Raging Bolt|Raging Bolt|50/100
|-damage|p1a: Raging Bolt|38/100|[from] Stealth Rock
|turn|18
|
|t:|1757828585
|move|p2a: Porygon2|Tera Blast|p1a: Raging Bolt|[anim] Tera Blast Ground
|-supereffective|p1a: Raging Bolt
|-damage|p1a: Raging Bolt|0 fnt
|faint|p1a: Raging Bolt
|-end|p1a: Raging Bolt|Protosynthesis|[silent]
|
|win|DiceyRice
|raw|e3720's rating: 1750 &rarr; <strong>1728</strong><br />(-22 for losing)
|raw|DiceyRice's rating: 1712 &rarr; <strong>1734</strong><br />(+22 for winning)
|l| LegitimatePotato
|l| LuLuNaNaRaRa
|l|☆e3720
|player|p1|
|l|‽DiceyRice
|player|p2|
|l| newguy1310
|j|‽DiceyRice
|player|p2|DiceyRice|hilda-wonderlauncher|
|l| firemaniac
