|j|☆Mr.X&Y97
|j|☆xinyazhili
|t:|1757902167
|gametype|singles
|player|p1|Mr.X&Y97|ingo|1521
|player|p2|xinyazhili|266|1481
|gen|9
|tier|[Gen 9] OU
|rated|
|rule|HP Percentage Mod: HP is shown in percentages
|rule|Endless Battle Clause: Forcing endless battles is banned
|rule|Species Clause: Limit one of each Pokémon
|rule|OHKO Clause: OHKO moves are banned
|rule|Evasion Items Clause: Evasion items are banned
|rule|Evasion Moves Clause: Evasion moves are banned
|rule|Evasion Abilities Clause: Evasion abilities are banned
|rule|Sleep Moves Clause: Sleep-inducing moves are banned
|clearpoke
|poke|p1|Cinderace, F|
|poke|p1|Ursaluna, M|
|poke|p1|Torkoal, M|
|poke|p1|Hatterene, F|
|poke|p1|Iron Hands|
|poke|p1|Slowking-Galar, F|
|poke|p2|Iron Treads|
|poke|p2|Garchomp, M|
|poke|p2|Pelipper, M|
|poke|p2|Serperior, M|
|poke|p2|Alomomola, M|
|poke|p2|Zamazenta-*|
|teampreview
|inactive|Battle timer is ON: inactive players will automatically lose when time's up. (requested by xinyazhili)
|inactive|Mr.X&Y97 also wants the timer to be on.
|
|t:|1757902179
|teamsize|p1|6
|teamsize|p2|6
|start
|switch|p1a: Hatterene|Hatterene, F|100/100
|switch|p2a: Alomomola|Alomomola, M|100/100
|turn|1
|
|t:|1757902184
|move|p2a: Alomomola|Flip Turn|p1a: Hatterene
|-damage|p1a: Hatterene|71/100
|
|t:|1757902189
|switch|p2a: Iron Treads|Iron Treads|100/100|[from] Flip Turn
|move|p1a: Hatterene|Trick Room|p1a: Hatterene
|-fieldstart|move: Trick Room|[of] p1a: Hatterene
|
|upkeep
|turn|2
|
|t:|1757902201
|-end|p2a: Iron Treads|Quark Drive|[silent]
|switch|p2a: Pelipper|Pelipper, M|100/100
|-weather|RainDance|[from] ability: Drizzle|[of] p2a: Pelipper
|move|p1a: Hatterene|Healing Wish|p1a: Hatterene
|faint|p1a: Hatterene
|
|-weather|RainDance|[upkeep]
|upkeep
|
|t:|1757902217
|switch|p1a: Slowking|Slowking-Galar, F|100/100
|turn|3
|
|t:|1757902224
|move|p2a: Pelipper|Hydro Pump|p1a: Slowking
|-damage|p1a: Slowking|13/100
|-prepare|p1a: Slowking|Chilly Reception|[premajor]
|move|p1a: Slowking|Chilly Reception|p1a: Slowking
|-weather|Snowscape
|
|t:|1757902232
|switch|p1a: Ursaluna|Ursaluna, M|100/100|[from] Chilly Reception
|
|-weather|Snowscape|[upkeep]
|-status|p1a: Ursaluna|brn|[from] item: Flame Orb
|upkeep
|turn|4
|
|t:|1757902238
|move|p1a: Ursaluna|Facade|p2a: Pelipper
|-damage|p2a: Pelipper|0 fnt
|faint|p2a: Pelipper
|
|-weather|Snowscape|[upkeep]
|-damage|p1a: Ursaluna|94/100 brn|[from] brn
|upkeep
|
|t:|1757902243
|switch|p2a: Zamazenta|Zamazenta|100/100
|-ability|p2a: Zamazenta|Dauntless Shield|boost
|-boost|p2a: Zamazenta|def|1
|turn|5
|
|t:|1757902250
|move|p1a: Ursaluna|Facade|p2a: Zamazenta
|-damage|p2a: Zamazenta|23/100
|move|p2a: Zamazenta|Close Combat|p1a: Ursaluna
|-supereffective|p1a: Ursaluna
|-damage|p1a: Ursaluna|0 fnt
|-unboost|p2a: Zamazenta|def|1
|-unboost|p2a: Zamazenta|spd|1
|faint|p1a: Ursaluna
|
|-weather|Snowscape|[upkeep]
|-fieldend|move: Trick Room
|upkeep
|
|t:|1757902258
|switch|p1a: Slowking|Slowking-Galar, F|46/100
|-heal|p1a: Slowking|100/100|[from] move: Healing Wish
|turn|6
|
|t:|1757902267
|switch|p2a: Iron Treads|Iron Treads|100/100
|move|p1a: Slowking|Trick Room|p1a: Slowking
|-fieldstart|move: Trick Room|[of] p1a: Slowking
|
|-weather|Snowscape|[upkeep]
|upkeep
|turn|7
|
|t:|1757902271
|move|p2a: Iron Treads|Knock Off|p1a: Slowking
|-supereffective|p1a: Slowking
|-damage|p1a: Slowking|64/100
|-enditem|p1a: Slowking|Lagging Tail|[from] move: Knock Off|[of] p2a: Iron Treads
|-prepare|p1a: Slowking|Chilly Reception|[premajor]
|move|p1a: Slowking|Chilly Reception|p1a: Slowking
|
|t:|1757902275
|switch|p1a: Torkoal|Torkoal, M|100/100|[from] Chilly Reception
|-weather|SunnyDay|[from] ability: Drought|[of] p1a: Torkoal
|
|-weather|SunnyDay|[upkeep]
|upkeep
|turn|8
|
|t:|1757902282
|-terastallize|p2a: Iron Treads|Ghost
|move|p1a: Torkoal|Eruption|p2a: Iron Treads
|-damage|p2a: Iron Treads|18/100
|move|p2a: Iron Treads|Earthquake|p1a: Torkoal
|-supereffective|p1a: Torkoal
|-damage|p1a: Torkoal|42/100
|
|-weather|SunnyDay|[upkeep]
|upkeep
|turn|9
|
|t:|1757902289
|move|p1a: Torkoal|Eruption|p2a: Iron Treads
|-damage|p2a: Iron Treads|0 fnt
|faint|p2a: Iron Treads
|-end|p2a: Iron Treads|Quark Drive|[silent]
|
|-weather|SunnyDay|[upkeep]
|upkeep
|
|t:|1757902292
|switch|p2a: Garchomp|Garchomp, M|100/100
|turn|10
|
|t:|1757902298
|move|p1a: Torkoal|Eruption|p2a: Garchomp
|-resisted|p2a: Garchomp
|-damage|p2a: Garchomp|71/100
|move|p2a: Garchomp|Earthquake|p1a: Torkoal
|-supereffective|p1a: Torkoal
|-damage|p1a: Torkoal|0 fnt
|faint|p1a: Torkoal
|
|-weather|SunnyDay|[upkeep]
|-fieldend|move: Trick Room
|upkeep
|
|t:|1757902303
|switch|p1a: Brian|Iron Hands|100/100
|turn|11
|inactive|Mr.X&Y97 has 120 seconds left.
|
|t:|1757902350
|-terastallize|p1a: Brian|Bug
|move|p2a: Garchomp|Earthquake|p1a: Brian
|-resisted|p1a: Brian
|-damage|p1a: Brian|85/100
|move|p1a: Brian|Belly Drum|p1a: Brian
|-damage|p1a: Brian|35/100
|-setboost|p1a: Brian|atk|6|[from] move: Belly Drum
|-enditem|p1a: Brian|Sitrus Berry|[eat]
|-heal|p1a: Brian|60/100|[from] item: Sitrus Berry
|
|-weather|none
|upkeep
|turn|12
|
|t:|1757902361
|move|p1a: Brian|Drain Punch|p2a: Garchomp
|-damage|p2a: Garchomp|0 fnt
|-heal|p1a: Brian|91/100|[from] drain|[of] p2a: Garchomp
|-damage|p1a: Brian|79/100|[from] ability: Rough Skin|[of] p2a: Garchomp
|-damage|p1a: Brian|62/100|[from] item: Rocky Helmet|[of] p2a: Garchomp
|faint|p2a: Garchomp
|
|upkeep
|
|t:|1757902375
|switch|p2a: Serperior|Serperior, M|100/100
|turn|13
|
|t:|1757902379
|move|p2a: Serperior|Leaf Storm|p1a: Brian
|-resisted|p1a: Brian
|-damage|p1a: Brian|49/100
|-boost|p2a: Serperior|spa|2
|move|p1a: Brian|Drain Punch|p2a: Serperior
|-damage|p2a: Serperior|0 fnt
|-heal|p1a: Brian|81/100|[from] drain|[of] p2a: Serperior
|faint|p2a: Serperior
|
|upkeep
|
|t:|1757902385
|switch|p2a: Alomomola|Alomomola, M|100/100
|turn|14
|
|t:|1757902387
|move|p2a: Alomomola|Liquidation|p1a: Brian
|-damage|p1a: Brian|47/100
|move|p1a: Brian|Thunder Punch|p2a: Alomomola
|-supereffective|p2a: Alomomola
|-crit|p2a: Alomomola
|-damage|p2a: Alomomola|0 fnt
|faint|p2a: Alomomola
|
|upkeep
|
|t:|1757902390
|switch|p2a: Zamazenta|Zamazenta|23/100
|turn|15
|
|t:|1757902395
|move|p2a: Zamazenta|Crunch|p1a: Brian
|-damage|p1a: Brian|20/100
|-unboost|p1a: Brian|def|1
|move|p1a: Brian|Drain Punch|p2a: Zamazenta
|-damage|p2a: Zamazenta|0 fnt
|-heal|p1a: Brian|28/100|[from] drain|[of] p2a: Zamazenta
|faint|p2a: Zamazenta
|
|win|Mr.X&Y97
|raw|Mr.X&amp;Y97's rating: 1521 &rarr; <strong>1539</strong><br />(+18 for winning)
|raw|xinyazhili's rating: 1481 &rarr; <strong>1463</strong><br />(-18 for losing)
|l|☆xinyazhili
|player|p2|
