|j|☆Gammamon
|j|☆jungkolo
|t:|1757831477
|gametype|singles
|player|p1|Gammamon|steven|1486
|player|p2|jungkolo|bugcatcher-gen4dp|1553
|gen|9
|tier|[Gen 9] OU
|rated|
|rule|HP Percentage Mod: HP is shown in percentages
|rule|Endless Battle Clause: Forcing endless battles is banned
|rule|Species Clause: Limit one of each Pokémon
|rule|OHKO Clause: OHKO moves are banned
|rule|Evasion Items Clause: Evasion items are banned
|rule|Evasion Moves Clause: Evasion moves are banned
|rule|Evasion Abilities Clause: Evasion abilities are banned
|rule|Sleep Moves Clause: Sleep-inducing moves are banned
|clearpoke
|poke|p1|Iron Moth|
|poke|p1|Ting-Lu|
|poke|p1|Torkoal, F|
|poke|p1|Walking Wake|
|poke|p1|Great Tusk|
|poke|p1|Slither Wing|
|poke|p2|Pecharunt|
|poke|p2|Chansey, F|
|poke|p2|Enamorus, F|
|poke|p2|Ogerpon-Wellspring, F|
|poke|p2|Great Tusk|
|poke|p2|Kingambit, F|
|teampreview
|
|t:|1757831502
|teamsize|p1|6
|teamsize|p2|6
|start
|switch|p1a: Slither Wing|Slither Wing|100/100
|switch|p2a: Ogerpon|Ogerpon-Wellspring, F|100/100
|turn|1
|
|t:|1757831514
|switch|p2a: Great Tusk|Great Tusk|100/100
|move|p1a: Slither Wing|U-turn|p2a: Great Tusk
|-resisted|p2a: Great Tusk
|-damage|p2a: Great Tusk|80/100
|
|t:|1757831525
|-end|p1a: Slither Wing|Protosynthesis|[silent]
|switch|p1a: Iron Moth|Iron Moth|100/100|[from] U-turn
|
|upkeep
|turn|2
|
|t:|1757831529
|-end|p1a: Iron Moth|Quark Drive|[silent]
|switch|p1a: Slither Wing|Slither Wing|100/100
|-end|p2a: Great Tusk|Protosynthesis|[silent]
|switch|p2a: Margaret|Chansey, F|100/100
|
|upkeep
|turn|3
|
|t:|1757831540
|switch|p2a: Pecharunt|Pecharunt|100/100
|move|p1a: Slither Wing|Flare Blitz|p2a: Pecharunt
|-damage|p2a: Pecharunt|67/100
|-damage|p1a: Slither Wing|87/100|[from] Recoil
|
|upkeep
|turn|4
|
|t:|1757831547
|-end|p1a: Slither Wing|Protosynthesis|[silent]
|switch|p1a: Ting-Lu|Ting-Lu|100/100
|-ability|p1a: Ting-Lu|Vessel of Ruin
|move|p2a: Pecharunt|Parting Shot|p1a: Ting-Lu
|-unboost|p1a: Ting-Lu|atk|1
|-unboost|p1a: Ting-Lu|spa|1
|
|t:|1757831569
|switch|p2a: Margaret|Chansey, F|100/100|[from] Parting Shot
|
|upkeep
|turn|5
|
|t:|1757831572
|move|p2a: Margaret|Stealth Rock|p1a: Ting-Lu
|-sidestart|p1: Gammamon|move: Stealth Rock
|move|p1a: Ting-Lu|Ruination|p2a: Margaret
|-damage|p2a: Margaret|51/100
|
|upkeep
|turn|6
|
|t:|1757831578
|move|p2a: Margaret|Soft-Boiled|p2a: Margaret
|-heal|p2a: Margaret|100/100
|move|p1a: Ting-Lu|Spikes|p2a: Margaret
|-sidestart|p2: jungkolo|Spikes
|
|upkeep
|turn|7
|
|t:|1757831587
|switch|p2a: Great Tusk|Great Tusk|80/100
|move|p1a: Ting-Lu|Ruination|p2a: Great Tusk
|-damage|p2a: Great Tusk|40/100
|
|upkeep
|turn|8
|
|t:|1757831593
|move|p2a: Great Tusk|Rapid Spin|p1a: Ting-Lu
|-damage|p1a: Ting-Lu|91/100
|-boost|p2a: Great Tusk|spe|1
|-damage|p2a: Great Tusk|24/100|[from] item: Rocky Helmet|[of] p1a: Ting-Lu
|-sideend|p2: jungkolo|Spikes|[from] move: Rapid Spin|[of] p2a: Great Tusk
|move|p1a: Ting-Lu|Ruination|p2a: Great Tusk
|-damage|p2a: Great Tusk|12/100
|
|upkeep
|turn|9
|
|t:|1757831600
|move|p2a: Great Tusk|Close Combat|p1a: Ting-Lu
|-supereffective|p1a: Ting-Lu
|-damage|p1a: Ting-Lu|25/100
|-unboost|p2a: Great Tusk|def|1
|-unboost|p2a: Great Tusk|spd|1
|-damage|p2a: Great Tusk|0 fnt|[from] item: Rocky Helmet|[of] p1a: Ting-Lu
|faint|p2a: Great Tusk
|-end|p2a: Great Tusk|Protosynthesis|[silent]
|move|p1a: Ting-Lu|Spikes|p2: Great Tusk
|-sidestart|p2: jungkolo|Spikes
|
|upkeep
|
|t:|1757831629
|switch|p2a: Ogerpon|Ogerpon-Wellspring, F|100/100
|-damage|p2a: Ogerpon|88/100|[from] Spikes
|turn|10
|
|t:|1757831640
|move|p2a: Ogerpon|U-turn|p1a: Ting-Lu
|-supereffective|p1a: Ting-Lu
|-damage|p1a: Ting-Lu|0 fnt
|-damage|p2a: Ogerpon|72/100|[from] item: Rocky Helmet|[of] p1a: Ting-Lu
|faint|p1a: Ting-Lu
|
|t:|1757831653
|switch|p2a: Pecharunt|Pecharunt|67/100|[from] U-turn
|-damage|p2a: Pecharunt|55/100|[from] Spikes
|
|upkeep
|
|t:|1757831659
|switch|p1a: Walking Wake|Walking Wake|100/100
|-damage|p1a: Walking Wake|88/100|[from] Stealth Rock
|turn|11
|
|t:|1757831668
|move|p1a: Walking Wake|Draco Meteor|p2a: Pecharunt
|-damage|p2a: Pecharunt|0 fnt
|-unboost|p1a: Walking Wake|spa|2
|faint|p2a: Pecharunt
|
|upkeep
|
|t:|1757831675
|switch|p2a: Enamorus|Enamorus, F|100/100
|turn|12
|
|t:|1757831699
|-end|p1a: Walking Wake|Protosynthesis|[silent]
|switch|p1a: Torkoal|Torkoal, F|100/100
|-damage|p1a: Torkoal|76/100|[from] Stealth Rock
|-weather|SunnyDay|[from] ability: Drought|[of] p1a: Torkoal
|move|p2a: Enamorus|Earth Power|p1a: Torkoal
|-supereffective|p1a: Torkoal
|-damage|p1a: Torkoal|0 fnt
|faint|p1a: Torkoal
|
|-weather|SunnyDay|[upkeep]
|upkeep
|
|t:|1757831708
|switch|p1a: Walking Wake|Walking Wake|88/100
|-damage|p1a: Walking Wake|76/100|[from] Stealth Rock
|-activate|p1a: Walking Wake|ability: Protosynthesis
|-start|p1a: Walking Wake|protosynthesisspe
|turn|13
|
|t:|1757831716
|-end|p1a: Walking Wake|Protosynthesis|[silent]
|switch|p1a: Slither Wing|Slither Wing|87/100
|-damage|p1a: Slither Wing|75/100|[from] Stealth Rock
|-activate|p1a: Slither Wing|ability: Protosynthesis
|-start|p1a: Slither Wing|protosynthesisatk
|switch|p2a: Ogerpon|Ogerpon-Wellspring, F|72/100
|-damage|p2a: Ogerpon|59/100|[from] Spikes
|
|-weather|SunnyDay|[upkeep]
|upkeep
|turn|14
|
|t:|1757831732
|move|p2a: Ogerpon|U-turn|p1a: Slither Wing
|-resisted|p1a: Slither Wing
|-damage|p1a: Slither Wing|58/100
|
|t:|1757831741
|switch|p2a: Kingambit|Kingambit, F|100/100|[from] U-turn
|-damage|p2a: Kingambit|88/100|[from] Spikes
|-activate|p2a: Kingambit|ability: Supreme Overlord
|-start|p2a: Kingambit|fallen2|[silent]
|move|p1a: Slither Wing|U-turn|p2a: Kingambit
|-damage|p2a: Kingambit|22/100
|
|t:|1757831745
|-end|p1a: Slither Wing|Protosynthesis|[silent]
|switch|p1a: Great Tusk|Great Tusk|100/100|[from] U-turn
|-activate|p1a: Great Tusk|ability: Protosynthesis
|-start|p1a: Great Tusk|protosynthesisspe
|
|-weather|SunnyDay|[upkeep]
|upkeep
|turn|15
|
|t:|1757831754
|-end|p2a: Kingambit|fallen2|[silent]
|switch|p2a: Enamorus|Enamorus, F|100/100
|move|p1a: Great Tusk|Rapid Spin|p2a: Enamorus
|-damage|p2a: Enamorus|77/100
|-boost|p1a: Great Tusk|spe|1
|-sideend|p1: Gammamon|Stealth Rock|[from] move: Rapid Spin|[of] p1a: Great Tusk
|
|-weather|SunnyDay|[upkeep]
|upkeep
|turn|16
|
|t:|1757831768
|-terastallize|p1a: Great Tusk|Ghost
|move|p1a: Great Tusk|Ice Spinner|p2a: Enamorus
|-supereffective|p2a: Enamorus
|-damage|p2a: Enamorus|1/100
|move|p2a: Enamorus|Moonblast|p1a: Great Tusk
|-damage|p1a: Great Tusk|28/100
|
|-weather|SunnyDay|[upkeep]
|upkeep
|turn|17
|
|t:|1757831774
|move|p1a: Great Tusk|Ice Spinner|p2a: Enamorus
|-supereffective|p2a: Enamorus
|-damage|p2a: Enamorus|0 fnt
|faint|p2a: Enamorus
|
|-weather|SunnyDay|[upkeep]
|upkeep
|
|t:|1757831779
|switch|p2a: Kingambit|Kingambit, F|22/100
|-damage|p2a: Kingambit|10/100|[from] Spikes
|-activate|p2a: Kingambit|ability: Supreme Overlord
|-start|p2a: Kingambit|fallen3|[silent]
|turn|18
|
|t:|1757831783
|move|p2a: Kingambit|Sucker Punch||[still]
|-fail|p2a: Kingambit
|move|p1a: Great Tusk|Bulk Up|p1a: Great Tusk
|-boost|p1a: Great Tusk|atk|1
|-boost|p1a: Great Tusk|def|1
|
|-weather|SunnyDay|[upkeep]
|upkeep
|turn|19
|
|t:|1757831788
|move|p1a: Great Tusk|Bulk Up|p1a: Great Tusk
|-boost|p1a: Great Tusk|atk|1
|-boost|p1a: Great Tusk|def|1
|move|p2a: Kingambit|Iron Head|p1a: Great Tusk
|-damage|p1a: Great Tusk|10/100
|
|-weather|none
|-end|p1a: Great Tusk|Protosynthesis
|upkeep
|turn|20
|
|t:|1757831791
|move|p2a: Kingambit|Sucker Punch||[still]
|-fail|p2a: Kingambit
|move|p1a: Great Tusk|Bulk Up|p1a: Great Tusk
|-boost|p1a: Great Tusk|atk|1
|-boost|p1a: Great Tusk|def|1
|
|upkeep
|turn|21
|
|t:|1757831794
|move|p2a: Kingambit|Sucker Punch|p1a: Great Tusk
|-supereffective|p1a: Great Tusk
|-damage|p1a: Great Tusk|0 fnt
|faint|p1a: Great Tusk
|-end|p1a: Great Tusk|Protosynthesis|[silent]
|
|upkeep
|
|t:|1757831797
|switch|p1a: Slither Wing|Slither Wing|58/100
|turn|22
|
|t:|1757831807
|-end|p2a: Kingambit|fallen3|[silent]
|switch|p2a: Ogerpon|Ogerpon-Wellspring, F|59/100
|-damage|p2a: Ogerpon|47/100|[from] Spikes
|move|p1a: Slither Wing|First Impression|p2a: Ogerpon
|-supereffective|p2a: Ogerpon
|-damage|p2a: Ogerpon|0 fnt
|faint|p2a: Ogerpon
|
|upkeep
|
|t:|1757831813
|switch|p2a: Margaret|Chansey, F|100/100
|-damage|p2a: Margaret|88/100|[from] Spikes
|turn|23
|
|t:|1757831819
|-end|p1a: Slither Wing|Protosynthesis|[silent]
|switch|p1a: Iron Moth|Iron Moth|100/100
|move|p2a: Margaret|Thunder Wave|p1a: Iron Moth
|-status|p1a: Iron Moth|par
|
|upkeep
|turn|24
|
|t:|1757831827
|cant|p1a: Iron Moth|par
|move|p2a: Margaret|Stealth Rock|p1a: Iron Moth
|-sidestart|p1: Gammamon|move: Stealth Rock
|
|upkeep
|turn|25
|
|t:|1757831830
|cant|p1a: Iron Moth|par
|move|p2a: Margaret|Seismic Toss|p1a: Iron Moth
|-damage|p1a: Iron Moth|67/100 par
|
|upkeep
|turn|26
|
|t:|1757831833
|move|p1a: Iron Moth|Fiery Dance|p2a: Margaret
|-damage|p2a: Margaret|68/100
|move|p2a: Margaret|Seismic Toss|p1a: Iron Moth
|-damage|p1a: Iron Moth|34/100 par
|
|upkeep
|turn|27
|
|t:|1757831838
|cant|p1a: Iron Moth|par
|move|p2a: Margaret|Soft-Boiled|p2a: Margaret
|-heal|p2a: Margaret|100/100
|
|upkeep
|turn|28
|
|t:|1757831840
|move|p1a: Iron Moth|Fiery Dance|p2a: Margaret
|-damage|p2a: Margaret|81/100
|move|p2a: Margaret|Seismic Toss|p1a: Iron Moth
|-damage|p1a: Iron Moth|1/100 par
|
|upkeep
|turn|29
|
|t:|1757831850
|move|p1a: Iron Moth|Fiery Dance|p2a: Margaret
|-damage|p2a: Margaret|61/100
|-boost|p1a: Iron Moth|spa|1
|move|p2a: Margaret|Soft-Boiled|p2a: Margaret
|-heal|p2a: Margaret|100/100
|
|upkeep
|turn|30
|
|t:|1757831852
|move|p1a: Iron Moth|Fiery Dance|p2a: Margaret
|-damage|p2a: Margaret|70/100
|move|p2a: Margaret|Seismic Toss|p1a: Iron Moth
|-damage|p1a: Iron Moth|0 fnt
|faint|p1a: Iron Moth
|-end|p1a: Iron Moth|Quark Drive|[silent]
|
|upkeep
|
|t:|1757831855
|switch|p1a: Slither Wing|Slither Wing|58/100
|-damage|p1a: Slither Wing|45/100|[from] Stealth Rock
|turn|31
|
|t:|1757831867
|-terastallize|p2a: Margaret|Steel
|move|p1a: Slither Wing|Close Combat|p2a: Margaret
|-supereffective|p2a: Margaret
|-damage|p2a: Margaret|0 fnt
|-unboost|p1a: Slither Wing|def|1
|-unboost|p1a: Slither Wing|spd|1
|faint|p2a: Margaret
|
|upkeep
|
|t:|1757831872
|switch|p2a: Kingambit|Kingambit, F|10/100
|-damage|p2a: Kingambit|0 fnt|[from] Spikes
|faint|p2a: Kingambit
|-end|p2a: Kingambit|fallen3|[silent]
|
|win|Gammamon
|raw|Gammamon's rating: 1486 &rarr; <strong>1510</strong><br />(+24 for winning)
|raw|jungkolo's rating: 1553 &rarr; <strong>1529</strong><br />(-24 for losing)
|c|☆Gammamon|gg
|l|☆Gammamon
|player|p1|
|l|☆jungkolo
|player|p2|
