|j|‽nomercycrash
|j|☆ghostgirlrawr
|t:|1757791767
|gametype|singles
|player|p1|nomercycrash|burglar|1192
|player|p2|ghostgirlrawr|roxie|1174
|gen|9
|tier|[Gen 9] OU
|rated|
|rule|HP Percentage Mod: HP is shown in percentages
|rule|Endless Battle Clause: Forcing endless battles is banned
|rule|Species Clause: Limit one of each Pokémon
|rule|OHKO Clause: OHKO moves are banned
|rule|Evasion Items Clause: Evasion items are banned
|rule|Evasion Moves Clause: Evasion moves are banned
|rule|Evasion Abilities Clause: Evasion abilities are banned
|rule|Sleep Moves Clause: Sleep-inducing moves are banned
|clearpoke
|poke|p1|Revavroom, M|
|poke|p1|Arcanine-Hisui, M|
|poke|p1|Hoopa-Unbound|
|poke|p1|Milotic, F|
|poke|p1|Corviknight, M|
|poke|p1|Polteageist-Antique|
|poke|p2|Clawitzer, F|
|poke|p2|Ogerpon, F|
|poke|p2|Kingambit, M|
|poke|p2|Slowking-Galar, M|
|poke|p2|Great Tusk|
|poke|p2|Dragapult, F|
|teampreview
|inactive|Battle timer is ON: inactive players will automatically lose when time's up. (requested by nomercycrash)
|inactive|ghostgirlrawr has 120 seconds left.
|
|t:|1757791817
|teamsize|p1|6
|teamsize|p2|6
|start
|switch|p1a: Milotic|Milotic, F, shiny|100/100
|switch|p2a: Clawitzer|Clawitzer, F|100/100
|turn|1
|
|t:|1757791823
|move|p2a: Clawitzer|U-turn|p1a: Milotic
|-damage|p1a: Milotic|92/100
|
|t:|1757791832
|switch|p2a: Ogerpon|Ogerpon, F|100/100|[from] U-turn
|move|p1a: Milotic|Scald|p2a: Ogerpon
|-resisted|p2a: Ogerpon
|-damage|p2a: Ogerpon|83/100
|
|-heal|p1a: Milotic|98/100|[from] item: Leftovers
|upkeep
|turn|2
|
|t:|1757791857
|switch|p1a: Revavroom|Revavroom, M, shiny|100/100
|move|p2a: Ogerpon|Ivy Cudgel|p1a: Revavroom
|-resisted|p1a: Revavroom
|-damage|p1a: Revavroom|79/100
|
|-heal|p1a: Revavroom|85/100|[from] item: Black Sludge
|upkeep
|turn|3
|
|t:|1757791865
|switch|p2a: Slowking|Slowking-Galar, M|100/100
|move|p1a: Revavroom|Shift Gear|p1a: Revavroom
|-boost|p1a: Revavroom|spe|2
|-boost|p1a: Revavroom|atk|1
|
|-heal|p1a: Revavroom|91/100|[from] item: Black Sludge
|upkeep
|turn|4
|
|t:|1757791870
|move|p1a: Revavroom|High Horsepower|p2a: Slowking
|-supereffective|p2a: Slowking
|-damage|p2a: Slowking|0 fnt
|faint|p2a: Slowking
|
|-heal|p1a: Revavroom|97/100|[from] item: Black Sludge
|upkeep
|
|t:|1757791877
|switch|p2a: Great Tusk|Great Tusk|100/100
|-enditem|p2a: Great Tusk|Booster Energy
|-activate|p2a: Great Tusk|ability: Protosynthesis|[fromitem]
|-start|p2a: Great Tusk|protosynthesisatk
|turn|5
|
|t:|1757791881
|move|p1a: Revavroom|Iron Head|p2a: Great Tusk
|-damage|p2a: Great Tusk|55/100
|cant|p2a: Great Tusk|flinch
|
|-heal|p1a: Revavroom|100/100|[from] item: Black Sludge
|upkeep
|turn|6
|
|t:|1757791885
|move|p1a: Revavroom|Iron Head|p2a: Great Tusk
|-damage|p2a: Great Tusk|9/100
|move|p2a: Great Tusk|Earthquake|p1a: Revavroom
|-supereffective|p1a: Revavroom
|-damage|p1a: Revavroom|0 fnt
|faint|p1a: Revavroom
|
|upkeep
|
|t:|1757791915
|switch|p1a: Hoopa|Hoopa-Unbound|100/100
|turn|7
|
|t:|1757791942
|-end|p2a: Great Tusk|Protosynthesis|[silent]
|switch|p2a: Clawitzer|Clawitzer, F|100/100
|move|p1a: Hoopa|Shadow Ball|p2a: Clawitzer
|-crit|p2a: Clawitzer
|-damage|p2a: Clawitzer|5/100
|-unboost|p2a: Clawitzer|spd|1
|-damage|p1a: Hoopa|91/100|[from] item: Life Orb
|
|upkeep
|turn|8
|
|t:|1757791955
|switch|p1a: Milotic|Milotic, F, shiny|98/100
|move|p2a: Clawitzer|Water Pulse|p1a: Milotic
|-resisted|p1a: Milotic
|-damage|p1a: Milotic|82/100
|-start|p1a: Milotic|confusion
|
|-heal|p1a: Milotic|88/100|[from] item: Leftovers
|upkeep
|turn|9
|
|t:|1757791970
|switch|p2a: Ogerpon|Ogerpon, F|83/100
|-activate|p1a: Milotic|confusion
|move|p1a: Milotic|Scald|p2a: Ogerpon
|-resisted|p2a: Ogerpon
|-damage|p2a: Ogerpon|68/100
|-status|p2a: Ogerpon|brn
|
|-heal|p1a: Milotic|94/100|[from] item: Leftovers
|-damage|p2a: Ogerpon|62/100 brn|[from] brn
|upkeep
|turn|10
|inactive|nomercycrash has 120 seconds left.
|
|t:|1757792008
|switch|p1a: Hoopa|Hoopa-Unbound|91/100
|move|p2a: Ogerpon|Knock Off|p1a: Hoopa
|-damage|p1a: Hoopa|45/100
|-enditem|p1a: Hoopa|Life Orb|[from] move: Knock Off|[of] p2a: Ogerpon
|
|-damage|p2a: Ogerpon|56/100 brn|[from] brn
|upkeep
|turn|11
|inactive|nomercycrash has 120 seconds left.
|
|t:|1757792018
|move|p2a: Ogerpon|Knock Off|p1a: Hoopa
|-damage|p1a: Hoopa|12/100
|move|p1a: Hoopa|Psychic|p2a: Ogerpon
|-damage|p2a: Ogerpon|0 fnt
|faint|p2a: Ogerpon
|-item|p1a: Hoopa|Choice Band|[from] ability: Magician|[of] p2: Ogerpon
|
|upkeep
|
|t:|1757792026
|switch|p2a: Clawitzer|Clawitzer, F|5/100
|turn|12
|inactive|nomercycrash has 120 seconds left.
|
|t:|1757792051
|switch|p1a: Milotic|Milotic, F, shiny|94/100
|move|p2a: Clawitzer|Water Pulse|p1a: Milotic
|-resisted|p1a: Milotic
|-damage|p1a: Milotic|78/100
|
|-heal|p1a: Milotic|84/100|[from] item: Leftovers
|upkeep
|turn|13
|inactive|nomercycrash has 120 seconds left.
|
|t:|1757792058
|switch|p2a: Dragapult|Dragapult, F|100/100
|move|p1a: Milotic|Scald|p2a: Dragapult
|-resisted|p2a: Dragapult
|-damage|p2a: Dragapult|81/100
|
|-heal|p1a: Milotic|90/100|[from] item: Leftovers
|upkeep
|turn|14
|
|t:|1757792068
|move|p2a: Dragapult|Draco Meteor|p1a: Milotic
|-damage|p1a: Milotic|49/100
|-unboost|p2a: Dragapult|spa|2
|move|p1a: Milotic|Ice Beam|p2a: Dragapult
|-supereffective|p2a: Dragapult
|-damage|p2a: Dragapult|27/100
|
|-heal|p1a: Milotic|56/100|[from] item: Leftovers
|upkeep
|turn|15
|
|t:|1757792075
|switch|p2a: Kingambit|Kingambit, M|100/100
|-activate|p2a: Kingambit|ability: Supreme Overlord
|-start|p2a: Kingambit|fallen2|[silent]
|move|p1a: Milotic|Recover|p1a: Milotic
|-heal|p1a: Milotic|100/100
|
|upkeep
|turn|16
|
|t:|1757792081
|move|p1a: Milotic|Scald|p2a: Kingambit
|-crit|p2a: Kingambit
|-damage|p2a: Kingambit|61/100
|-status|p2a: Kingambit|brn
|move|p2a: Kingambit|Swords Dance|p2a: Kingambit
|-boost|p2a: Kingambit|atk|2
|
|-damage|p2a: Kingambit|55/100 brn|[from] brn
|upkeep
|turn|17
|-message|ghostgirlrawr forfeited.
|
|win|nomercycrash
|raw|nomercycrash's rating: 1192 &rarr; <strong>1216</strong><br />(+24 for winning)
|raw|ghostgirlrawr's rating: 1174 &rarr; <strong>1150</strong><br />(-24 for losing)
|l|☆ghostgirlrawr
|player|p2|
|l|‽nomercycrash
|player|p1|
