|j|☆ImageryBless
|j|‽lakeandbake
|t:|1757910271
|gametype|singles
|player|p1|ImageryBless|170|1417
|player|p2|lakeandbake|clemont|1381
|gen|9
|tier|[Gen 9] OU
|rated|
|rule|HP Percentage Mod: HP is shown in percentages
|rule|Endless Battle Clause: Forcing endless battles is banned
|rule|Species Clause: Limit one of each Pokémon
|rule|OHKO Clause: OHKO moves are banned
|rule|Evasion Items Clause: Evasion items are banned
|rule|Evasion Moves Clause: Evasion moves are banned
|rule|Evasion Abilities Clause: Evasion abilities are banned
|rule|Sleep Moves Clause: Sleep-inducing moves are banned
|clearpoke
|poke|p1|Darkrai|
|poke|p1|Weezing-Galar, M|
|poke|p1|Alomomola, M|
|poke|p1|Corviknight, M|
|poke|p1|Garchomp, M|
|poke|p1|Ogerpon, F|
|poke|p2|Garganacl, F|
|poke|p2|Dragapult, F|
|poke|p2|Ogerpon-Wellspring, F|
|poke|p2|Moltres|
|poke|p2|Zamazenta-*|
|poke|p2|Iron Treads|
|teampreview
|inactive|Battle timer is ON: inactive players will automatically lose when time's up. (requested by lakeandbake)
|
|t:|1757910300
|teamsize|p1|6
|teamsize|p2|6
|start
|switch|p1a: Alomomola|Alomomola, M|100/100
|switch|p2a: Dragapult|Dragapult, F|100/100
|turn|1
|
|t:|1757910311
|move|p2a: Dragapult|Will-O-Wisp|p1a: Alomomola
|-status|p1a: Alomomola|brn
|move|p1a: Alomomola|Mirror Coat||[still]
|-fail|p1a: Alomomola
|
|-damage|p1a: Alomomola|94/100 brn|[from] brn
|upkeep
|turn|2
|
|t:|1757910325
|move|p2a: Dragapult|U-turn|p1a: Alomomola
|-damage|p1a: Alomomola|81/100 brn
|
|t:|1757910329
|switch|p2a: Garganacl|Garganacl, F|100/100|[from] U-turn
|move|p1a: Alomomola|Body Slam|p2a: Garganacl
|-resisted|p2a: Garganacl
|-damage|p2a: Garganacl|98/100
|
|-heal|p2a: Garganacl|100/100|[from] item: Leftovers
|-damage|p1a: Alomomola|75/100 brn|[from] brn
|upkeep
|turn|3
|
|t:|1757910341
|move|p1a: Alomomola|Flip Turn|p2a: Garganacl
|-supereffective|p2a: Garganacl
|-damage|p2a: Garganacl|89/100
|
|t:|1757910343
|switch|p1a: Ogerpon|Ogerpon, F|100/100|[from] Flip Turn
|move|p2a: Garganacl|Salt Cure|p1a: Ogerpon
|-damage|p1a: Ogerpon|82/100
|-start|p1a: Ogerpon|Salt Cure
|
|-heal|p2a: Garganacl|95/100|[from] item: Leftovers
|-damage|p1a: Ogerpon|70/100|[from] Salt Cure
|upkeep
|turn|4
|
|t:|1757910355
|move|p1a: Ogerpon|Knock Off|p2a: Garganacl
|-damage|p2a: Garganacl|73/100
|-enditem|p2a: Garganacl|Leftovers|[from] move: Knock Off|[of] p1a: Ogerpon
|move|p2a: Garganacl|Iron Defense|p2a: Garganacl
|-boost|p2a: Garganacl|def|2
|
|-damage|p1a: Ogerpon|58/100|[from] Salt Cure
|upkeep
|turn|5
|
|t:|1757910369
|move|p1a: Ogerpon|Encore|p2a: Garganacl
|-start|p2a: Garganacl|Encore
|move|p2a: Garganacl|Iron Defense|p2a: Garganacl
|-boost|p2a: Garganacl|def|2
|
|-damage|p1a: Ogerpon|45/100|[from] Salt Cure
|upkeep
|turn|6
|
|t:|1757910378
|switch|p2a: Moltres|Moltres|100/100
|move|p1a: Ogerpon|U-turn|p2a: Moltres
|-resisted|p2a: Moltres
|-damage|p2a: Moltres|96/100
|-status|p1a: Ogerpon|brn|[from] ability: Flame Body|[of] p2a: Moltres
|
|t:|1757910386
|switch|p1a: Darkrai|Darkrai|100/100|[from] U-turn
|
|upkeep
|turn|7
|
|t:|1757910404
|move|p1a: Darkrai|Dark Pulse|p2a: Moltres
|-damage|p2a: Moltres|42/100
|move|p2a: Moltres|Flamethrower|p1a: Darkrai
|-damage|p1a: Darkrai|50/100
|
|upkeep
|turn|8
|inactive|lakeandbake has 120 seconds left.
|
|t:|1757910449
|switch|p2a: Zamazenta|Zamazenta|100/100
|-ability|p2a: Zamazenta|Dauntless Shield|boost
|-boost|p2a: Zamazenta|def|1
|move|p1a: Darkrai|Dark Pulse|p2a: Zamazenta
|-resisted|p2a: Zamazenta
|-crit|p2a: Zamazenta
|-damage|p2a: Zamazenta|57/100
|
|upkeep
|turn|9
|
|t:|1757910464
|switch|p1a: Garchomp|Garchomp, M|100/100
|move|p2a: Zamazenta|Heavy Slam|p1a: Garchomp
|-damage|p1a: Garchomp|88/100
|-damage|p2a: Zamazenta|45/100|[from] ability: Rough Skin|[of] p1a: Garchomp
|-damage|p2a: Zamazenta|28/100|[from] item: Rocky Helmet|[of] p1a: Garchomp
|
|upkeep
|turn|10
|
|t:|1757910482
|switch|p2a: Moltres|Moltres|42/100
|move|p1a: Garchomp|Stealth Rock|p2a: Moltres
|-sidestart|p2: lakeandbake|move: Stealth Rock
|
|upkeep
|turn|11
|
|t:|1757910496
|move|p1a: Garchomp|Spikes|p2a: Moltres
|-sidestart|p2: lakeandbake|Spikes
|move|p2a: Moltres|Roost|p2a: Moltres
|-heal|p2a: Moltres|92/100
|-singleturn|p2a: Moltres|move: Roost
|
|upkeep
|turn|12
|
|t:|1757910504
|switch|p1a: Alomomola|Alomomola, M|100/100 brn
|move|p2a: Moltres|Will-O-Wisp|p1a: Alomomola
|-fail|p1a: Alomomola|brn
|
|-damage|p1a: Alomomola|94/100 brn|[from] brn
|upkeep
|turn|13
|
|t:|1757910511
|switch|p2a: Iron Treads|Iron Treads|100/100
|-damage|p2a: Iron Treads|98/100|[from] Stealth Rock
|-damage|p2a: Iron Treads|85/100|[from] Spikes
|move|p1a: Alomomola|Flip Turn|p2a: Iron Treads
|-supereffective|p2a: Iron Treads
|-damage|p2a: Iron Treads|73/100
|
|t:|1757910526
|switch|p1a: Darkrai|Darkrai|50/100|[from] Flip Turn
|
|-heal|p2a: Iron Treads|79/100|[from] item: Leftovers
|upkeep
|turn|14
|inactive|lakeandbake has 120 seconds left.
|
|t:|1757910550
|-end|p2a: Iron Treads|Quark Drive|[silent]
|switch|p2a: Dragapult|Dragapult, F|100/100
|move|p1a: Darkrai|Dark Pulse|p2a: Dragapult
|-supereffective|p2a: Dragapult
|-damage|p2a: Dragapult|0 fnt
|faint|p2a: Dragapult
|
|upkeep
|
|t:|1757910554
|switch|p2a: Iron Treads|Iron Treads|79/100
|-damage|p2a: Iron Treads|76/100|[from] Stealth Rock
|-damage|p2a: Iron Treads|64/100|[from] Spikes
|turn|15
|
|t:|1757910559
|move|p1a: Darkrai|Dark Pulse|p2a: Iron Treads
|-damage|p2a: Iron Treads|14/100
|move|p2a: Iron Treads|Rapid Spin|p1a: Darkrai
|-crit|p1a: Darkrai
|-damage|p1a: Darkrai|25/100
|-boost|p2a: Iron Treads|spe|1
|-sideend|p2: lakeandbake|Spikes|[from] move: Rapid Spin|[of] p2a: Iron Treads
|-sideend|p2: lakeandbake|Stealth Rock|[from] move: Rapid Spin|[of] p2a: Iron Treads
|
|-heal|p2a: Iron Treads|20/100|[from] item: Leftovers
|upkeep
|turn|16
|inactive|lakeandbake has 120 seconds left.
|
|t:|1757910570
|switch|p1a: Garchomp|Garchomp, M|88/100
|move|p2a: Iron Treads|Earthquake|p1a: Garchomp
|-damage|p1a: Garchomp|64/100
|
|-heal|p2a: Iron Treads|26/100|[from] item: Leftovers
|upkeep
|turn|17
|inactive|lakeandbake has 120 seconds left.
|
|t:|1757910600
|-terastallize|p1a: Garchomp|Ghost
|move|p2a: Iron Treads|Stealth Rock|p1a: Garchomp
|-sidestart|p1: ImageryBless|move: Stealth Rock
|move|p1a: Garchomp|Stealth Rock|p2a: Iron Treads
|-sidestart|p2: lakeandbake|move: Stealth Rock
|
|-heal|p2a: Iron Treads|32/100|[from] item: Leftovers
|upkeep
|turn|18
|inactive|lakeandbake has 120 seconds left.
|
|t:|1757910614
|move|p2a: Iron Treads|Knock Off|p1a: Garchomp
|-supereffective|p1a: Garchomp
|-damage|p1a: Garchomp|32/100
|-damage|p2a: Iron Treads|20/100|[from] ability: Rough Skin|[of] p1a: Garchomp
|-damage|p2a: Iron Treads|3/100|[from] item: Rocky Helmet|[of] p1a: Garchomp
|-enditem|p1a: Garchomp|Rocky Helmet|[from] move: Knock Off|[of] p2a: Iron Treads
|move|p1a: Garchomp|Spikes|p2a: Iron Treads
|-sidestart|p2: lakeandbake|Spikes
|
|-heal|p2a: Iron Treads|10/100|[from] item: Leftovers
|upkeep
|turn|19
|inactive|lakeandbake has 120 seconds left.
|
|t:|1757910625
|move|p2a: Iron Treads|Earthquake|p1a: Garchomp
|-damage|p1a: Garchomp|8/100
|move|p1a: Garchomp|Dragon Tail|p2a: Iron Treads
|-resisted|p2a: Iron Treads
|-damage|p2a: Iron Treads|0 fnt
|faint|p2a: Iron Treads
|-end|p2a: Iron Treads|Quark Drive|[silent]
|
|upkeep
|
|t:|1757910635
|switch|p2a: Ogerpon|Ogerpon-Wellspring, F|100/100
|-damage|p2a: Ogerpon|88/100|[from] Stealth Rock
|-damage|p2a: Ogerpon|76/100|[from] Spikes
|turn|20
|inactive|lakeandbake has 120 seconds left.
|
|t:|1757910646
|move|p2a: Ogerpon|Trailblaze|p1a: Garchomp
|-damage|p1a: Garchomp|0 fnt
|-boost|p2a: Ogerpon|spe|1
|-damage|p2a: Ogerpon|64/100|[from] ability: Rough Skin|[of] p1a: Garchomp
|faint|p1a: Garchomp
|
|upkeep
|
|t:|1757910648
|switch|p1a: Corviknight|Corviknight, M|100/100
|-damage|p1a: Corviknight|88/100|[from] Stealth Rock
|-ability|p1a: Corviknight|Pressure
|turn|21
|
|t:|1757910659
|-terastallize|p2a: Ogerpon|Water
|detailschange|p2a: Ogerpon|Ogerpon-Wellspring-Tera, F, tera:Water
|-ability|p2a: Ogerpon|Embody Aspect (Wellspring)|boost
|-boost|p2a: Ogerpon|spd|1
|move|p2a: Ogerpon|Swords Dance|p2a: Ogerpon
|-boost|p2a: Ogerpon|atk|2
|move|p1a: Corviknight|Brave Bird|p2a: Ogerpon
|-damage|p2a: Ogerpon|20/100
|-damage|p1a: Corviknight|75/100|[from] Recoil
|
|-heal|p1a: Corviknight|81/100|[from] item: Leftovers
|upkeep
|turn|22
|
|t:|1757910671
|move|p2a: Ogerpon|Synthesis|p2a: Ogerpon
|-heal|p2a: Ogerpon|69/100
|move|p1a: Corviknight|Brave Bird|p2a: Ogerpon
|-damage|p2a: Ogerpon|29/100
|-damage|p1a: Corviknight|69/100|[from] Recoil
|
|-heal|p1a: Corviknight|75/100|[from] item: Leftovers
|upkeep
|turn|23
|
|t:|1757910681
|move|p2a: Ogerpon|Synthesis|p2a: Ogerpon
|-heal|p2a: Ogerpon|79/100
|move|p1a: Corviknight|U-turn|p2a: Ogerpon
|-damage|p2a: Ogerpon|63/100
|
|t:|1757910683
|switch|p1a: Weezing|Weezing-Galar, M|100/100|[from] U-turn
|-ability|p1a: Weezing|Neutralizing Gas
|-damage|p1a: Weezing|88/100|[from] Stealth Rock
|
|-heal|p1a: Weezing|94/100|[from] item: Leftovers
|upkeep
|turn|24
|
|t:|1757910693
|move|p2a: Ogerpon|Ivy Cudgel|p1a: Weezing|[anim] Ivy Cudgel Water
|-damage|p1a: Weezing|0 fnt
|faint|p1a: Weezing
|-end|p1a: Weezing|ability: Neutralizing Gas
|
|upkeep
|-message|ImageryBless forfeited.
|
|win|lakeandbake
|raw|ImageryBless's rating: 1417 &rarr; <strong>1395</strong><br />(-22 for losing)
|raw|lakeandbake's rating: 1381 &rarr; <strong>1403</strong><br />(+22 for winning)
|l|☆ImageryBless
|player|p1|
|l|‽lakeandbake
|player|p2|
