|j|☆TroubleFindsMe
|j|☆KnockOffx2
|t:|1757906053
|gametype|singles
|player|p1|TroubleFindsMe|rika|1621
|player|p2|KnockOffx2|burglar|1616
|gen|9
|tier|[Gen 9] OU
|rated|
|rule|HP Percentage Mod: HP is shown in percentages
|rule|Endless Battle Clause: Forcing endless battles is banned
|rule|Species Clause: Limit one of each Pokémon
|rule|OHKO Clause: OHKO moves are banned
|rule|Evasion Items Clause: Evasion items are banned
|rule|Evasion Moves Clause: Evasion moves are banned
|rule|Evasion Abilities Clause: Evasion abilities are banned
|rule|Sleep Moves Clause: Sleep-inducing moves are banned
|clearpoke
|poke|p1|Cloyster, M|
|poke|p1|Iron Valiant|
|poke|p1|Moltres|
|poke|p1|Dragonite, M|
|poke|p1|Zamazenta-*|
|poke|p1|Ogerpon-Cornerstone, F|
|poke|p2|Great Tusk|
|poke|p2|Slowking-Galar, F|
|poke|p2|Crawdaunt, M|
|poke|p2|Gholdengo|
|poke|p2|Zapdos|
|poke|p2|Cinderace, F|
|teampreview
|inactive|Battle timer is ON: inactive players will automatically lose when time's up. (requested by TroubleFindsMe)
|
|t:|1757906063
|teamsize|p1|6
|teamsize|p2|6
|start
|switch|p1a: o_o|Cloyster, M|100/100
|switch|p2a: Gholdengo|Gholdengo|100/100
|turn|1
|
|t:|1757906066
|move|p2a: Gholdengo|Make It Rain|p1a: o_o
|-enditem|p1a: o_o|Focus Sash
|-damage|p1a: o_o|1/100
|-unboost|p2a: Gholdengo|spa|1
|move|p1a: o_o|Shell Smash|p1a: o_o
|-unboost|p1a: o_o|def|1
|-unboost|p1a: o_o|spd|1
|-boost|p1a: o_o|atk|2
|-boost|p1a: o_o|spa|2
|-boost|p1a: o_o|spe|2
|
|upkeep
|turn|2
|
|t:|1757906071
|move|p1a: o_o|Icicle Spear|p2a: Gholdengo
|-resisted|p2a: Gholdengo
|-damage|p2a: Gholdengo|87/100
|-resisted|p2a: Gholdengo
|-damage|p2a: Gholdengo|73/100
|-resisted|p2a: Gholdengo
|-damage|p2a: Gholdengo|61/100
|-resisted|p2a: Gholdengo
|-damage|p2a: Gholdengo|49/100
|-resisted|p2a: Gholdengo
|-damage|p2a: Gholdengo|35/100
|-hitcount|p2a: Gholdengo|5
|move|p2a: Gholdengo|Make It Rain|p1a: o_o
|-damage|p1a: o_o|0 fnt
|-unboost|p2a: Gholdengo|spa|1
|faint|p1a: o_o
|
|upkeep
|
|t:|1757906073
|switch|p1a: #Girl|Ogerpon-Cornerstone, F|100/100
|turn|3
|
|t:|1757906076
|move|p2a: Gholdengo|Make It Rain|p1a: #Girl
|-supereffective|p1a: #Girl
|-damage|p1a: #Girl|19/100
|-unboost|p2a: Gholdengo|spa|1
|move|p1a: #Girl|Knock Off|p2a: Gholdengo
|-supereffective|p2a: Gholdengo
|-damage|p2a: Gholdengo|0 fnt
|-enditem|p2a: Gholdengo|Choice Scarf|[from] move: Knock Off|[of] p1a: #Girl
|faint|p2a: Gholdengo
|
|upkeep
|
|t:|1757906079
|switch|p2a: Crawdaunt|Crawdaunt, M|100/100
|turn|4
|
|t:|1757906081
|move|p2a: Crawdaunt|Aqua Jet|p1a: #Girl
|-damage|p1a: #Girl|0 fnt
|faint|p1a: #Girl
|
|upkeep
|
|t:|1757906086
|switch|p1a: dogecoin !|Zamazenta|100/100
|-ability|p1a: dogecoin !|Dauntless Shield|boost
|-boost|p1a: dogecoin !|def|1
|turn|5
|
|t:|1757906089
|switch|p2a: Zapdos|Zapdos|100/100
|move|p1a: dogecoin !|Close Combat|p2a: Zapdos
|-resisted|p2a: Zapdos
|-damage|p2a: Zapdos|71/100
|-unboost|p1a: dogecoin !|def|1
|-unboost|p1a: dogecoin !|spd|1
|
|upkeep
|turn|6
|
|t:|1757906098
|switch|p1a: BarneyFromDinosaur|Dragonite, M|100/100
|switch|p2a: Great Tusk|Great Tusk|100/100
|
|upkeep
|turn|7
|
|t:|1757906101
|switch|p1a: AHHHH IM ON FIRE|Moltres|100/100
|move|p2a: Great Tusk|Ice Spinner|p1a: AHHHH IM ON FIRE
|-damage|p1a: AHHHH IM ON FIRE|68/100
|
|upkeep
|turn|8
|
|t:|1757906108
|-end|p2a: Great Tusk|Protosynthesis|[silent]
|switch|p2a: Slowking|Slowking-Galar, F|100/100
|move|p1a: AHHHH IM ON FIRE|Hurricane|p2a: Slowking
|-damage|p2a: Slowking|75/100
|
|upkeep
|turn|9
|
|t:|1757906113
|move|p1a: AHHHH IM ON FIRE|Scorching Sands|p2a: Slowking
|-supereffective|p2a: Slowking
|-damage|p2a: Slowking|53/100
|move|p2a: Slowking|Sludge Bomb|p1a: AHHHH IM ON FIRE
|-damage|p1a: AHHHH IM ON FIRE|17/100
|
|upkeep
|turn|10
|
|t:|1757906125
|move|p1a: AHHHH IM ON FIRE|Scorching Sands|p2a: Slowking
|-supereffective|p2a: Slowking
|-crit|p2a: Slowking
|-damage|p2a: Slowking|21/100
|move|p2a: Slowking|Sludge Bomb|p1a: AHHHH IM ON FIRE
|-damage|p1a: AHHHH IM ON FIRE|0 fnt
|faint|p1a: AHHHH IM ON FIRE
|
|upkeep
|
|t:|1757906128
|switch|p1a: BarneyFromDinosaur|Dragonite, M|100/100
|turn|11
|
|t:|1757906131
|move|p1a: BarneyFromDinosaur|Dragon Dance|p1a: BarneyFromDinosaur
|-boost|p1a: BarneyFromDinosaur|atk|1
|-boost|p1a: BarneyFromDinosaur|spe|1
|move|p2a: Slowking|Ice Beam|p1a: BarneyFromDinosaur
|-supereffective|p1a: BarneyFromDinosaur
|-damage|p1a: BarneyFromDinosaur|44/100
|
|upkeep
|turn|12
|
|t:|1757906134
|switch|p2a: Zapdos|Zapdos|71/100
|move|p1a: BarneyFromDinosaur|Earthquake|p2a: Zapdos
|-immune|p2a: Zapdos
|
|upkeep
|turn|13
|
|t:|1757906139
|move|p1a: BarneyFromDinosaur|Extreme Speed|p2a: Zapdos
|-damage|p2a: Zapdos|37/100
|move|p2a: Zapdos|Volt Switch|p1a: BarneyFromDinosaur
|-damage|p1a: BarneyFromDinosaur|12/100
|
|t:|1757906146
|switch|p2a: Great Tusk|Great Tusk|100/100|[from] Volt Switch
|
|upkeep
|turn|14
|
|t:|1757906148
|move|p1a: BarneyFromDinosaur|Extreme Speed|p2a: Great Tusk
|-damage|p2a: Great Tusk|66/100
|move|p2a: Great Tusk|Rapid Spin|p1a: BarneyFromDinosaur
|-damage|p1a: BarneyFromDinosaur|0 fnt
|-boost|p2a: Great Tusk|spe|1
|faint|p1a: BarneyFromDinosaur
|
|upkeep
|
|t:|1757906153
|switch|p1a: Wokeness Unleashed|Iron Valiant|100/100
|-enditem|p1a: Wokeness Unleashed|Booster Energy
|-activate|p1a: Wokeness Unleashed|ability: Quark Drive|[fromitem]
|-start|p1a: Wokeness Unleashed|quarkdrivespe
|turn|15
|
|t:|1757906160
|-terastallize|p2a: Great Tusk|Steel
|move|p1a: Wokeness Unleashed|Moonblast|p2a: Great Tusk
|-resisted|p2a: Great Tusk
|-damage|p2a: Great Tusk|32/100
|-unboost|p2a: Great Tusk|spa|1
|move|p2a: Great Tusk|Headlong Rush|p1a: Wokeness Unleashed
|-damage|p1a: Wokeness Unleashed|26/100
|-unboost|p2a: Great Tusk|def|1
|-unboost|p2a: Great Tusk|spd|1
|
|upkeep
|turn|16
|
|t:|1757906164
|move|p1a: Wokeness Unleashed|Aura Sphere|p2a: Great Tusk
|-supereffective|p2a: Great Tusk
|-damage|p2a: Great Tusk|0 fnt
|faint|p2a: Great Tusk
|-end|p2a: Great Tusk|Protosynthesis|[silent]
|
|upkeep
|
|t:|1757906166
|switch|p2a: Crawdaunt|Crawdaunt, M|100/100
|turn|17
|
|t:|1757906170
|move|p2a: Crawdaunt|Aqua Jet|p1a: Wokeness Unleashed
|-damage|p1a: Wokeness Unleashed|0 fnt
|faint|p1a: Wokeness Unleashed
|-end|p1a: Wokeness Unleashed|Quark Drive|[silent]
|
|upkeep
|
|t:|1757906172
|switch|p1a: dogecoin !|Zamazenta|100/100
|turn|18
|
|t:|1757906174
|move|p2a: Crawdaunt|Aqua Jet|p1a: dogecoin !
|-damage|p1a: dogecoin !|57/100
|move|p1a: dogecoin !|Stone Edge|p2a: Crawdaunt|[miss]
|-miss|p1a: dogecoin !|p2a: Crawdaunt
|
|upkeep
|turn|19
|
|t:|1757906176
|move|p2a: Crawdaunt|Aqua Jet|p1a: dogecoin !
|-damage|p1a: dogecoin !|17/100
|move|p1a: dogecoin !|Stone Edge|p2a: Crawdaunt
|-damage|p2a: Crawdaunt|26/100
|
|upkeep
|turn|20
|
|t:|1757906178
|move|p2a: Crawdaunt|Aqua Jet|p1a: dogecoin !
|-damage|p1a: dogecoin !|0 fnt
|faint|p1a: dogecoin !
|
|win|KnockOffx2
|raw|TroubleFindsMe's rating: 1621 &rarr; <strong>1601</strong><br />(-20 for losing)
|raw|KnockOffx2's rating: 1616 &rarr; <strong>1636</strong><br />(+20 for winning)
|l|☆TroubleFindsMe
|player|p1|
|l|☆KnockOffx2
|player|p2|
