|j|☆ach27
|j|☆firecharmander004
|t:|1757946973
|gametype|singles
|player|p1|ach27|170|1324
|player|p2|firecharmander004|101|1358
|gen|9
|tier|[Gen 9] OU
|rated|
|rule|HP Percentage Mod: HP is shown in percentages
|rule|Endless Battle Clause: Forcing endless battles is banned
|rule|Species Clause: Limit one of each Pokémon
|rule|OHKO Clause: OHKO moves are banned
|rule|Evasion Items Clause: Evasion items are banned
|rule|Evasion Moves Clause: Evasion moves are banned
|rule|Evasion Abilities Clause: Evasion abilities are banned
|rule|Sleep Moves Clause: Sleep-inducing moves are banned
|clearpoke
|poke|p1|Cinderace, F|
|poke|p1|Moltres|
|poke|p1|Skeledirge, F|
|poke|p1|Volcanion|
|poke|p1|Incineroar, F|
|poke|p1|Rotom-Heat|
|poke|p2|Arcanine-Hisui, M|
|poke|p2|Ogerpon-Wellspring, F|
|poke|p2|Zapdos|
|poke|p2|Iron Treads|
|poke|p2|Slowking-Galar, M|
|poke|p2|Meowscarada, F|
|teampreview
|inactive|Battle timer is ON: inactive players will automatically lose when time's up. (requested by firecharmander004)
|
|t:|1757946999
|teamsize|p1|6
|teamsize|p2|6
|start
|switch|p1a: Rotom|Rotom-Heat|100/100
|switch|p2a: Zapdos|Zapdos|100/100
|turn|1
|
|t:|1757947017
|switch|p2a: Slowking|Slowking-Galar, M|100/100
|move|p1a: Rotom|Volt Switch|p2a: Slowking
|-damage|p2a: Slowking|86/100
|
|t:|1757947026
|switch|p1a: Incineroar|Incineroar, F|100/100|[from] Volt Switch
|-ability|p1a: Incineroar|Intimidate|boost
|-unboost|p2a: Slowking|atk|1
|
|upkeep
|turn|2
|
|t:|1757947031
|switch|p2a: Zapdos|Zapdos|100/100
|move|p1a: Incineroar|Knock Off|p2a: Zapdos
|-damage|p2a: Zapdos|74/100
|-enditem|p2a: Zapdos|Heavy-Duty Boots|[from] move: Knock Off|[of] p1a: Incineroar
|
|upkeep
|turn|3
|
|t:|1757947038
|move|p2a: Zapdos|Volt Switch|p1a: Incineroar
|-damage|p1a: Incineroar|81/100
|
|t:|1757947054
|switch|p2a: Ogerpon|Ogerpon-Wellspring, F|100/100|[from] Volt Switch
|move|p1a: Incineroar|Will-O-Wisp|p2a: Ogerpon
|-status|p2a: Ogerpon|brn
|
|-heal|p1a: Incineroar|87/100|[from] item: Leftovers
|-damage|p2a: Ogerpon|95/100 brn|[from] brn
|upkeep
|turn|4
|
|t:|1757947068
|switch|p1a: Volcanion|Volcanion|100/100
|-terastallize|p2a: Ogerpon|Water
|detailschange|p2a: Ogerpon|Ogerpon-Wellspring-Tera, F, tera:Water
|-ability|p2a: Ogerpon|Embody Aspect (Wellspring)|boost
|-boost|p2a: Ogerpon|spd|1
|move|p2a: Ogerpon|Ivy Cudgel|p1a: Volcanion|[anim] Ivy Cudgel Water
|-immune|p1a: Volcanion|[from] ability: Water Absorb
|
|-damage|p2a: Ogerpon|89/100 brn|[from] brn
|upkeep
|turn|5
|
|t:|1757947080
|switch|p2a: Slowking|Slowking-Galar, M|100/100
|move|p1a: Volcanion|Sludge Wave|p2a: Slowking
|-resisted|p2a: Slowking
|-damage|p2a: Slowking|92/100
|
|upkeep
|turn|6
|
|t:|1757947086
|switch|p1a: Incineroar|Incineroar, F|87/100
|-ability|p1a: Incineroar|Intimidate|boost
|-unboost|p2a: Slowking|atk|1
|-prepare|p2a: Slowking|Chilly Reception|[premajor]
|move|p2a: Slowking|Chilly Reception|p2a: Slowking
|-weather|Snowscape
|
|t:|1757947089
|switch|p2a: Arcanine|Arcanine-Hisui, M|100/100|[from] Chilly Reception
|
|-weather|Snowscape|[upkeep]
|-heal|p1a: Incineroar|93/100|[from] item: Leftovers
|upkeep
|turn|7
|
|t:|1757947098
|move|p2a: Arcanine|Head Smash|p1a: Incineroar|[miss]
|-miss|p2a: Arcanine|p1a: Incineroar
|move|p1a: Incineroar|Drain Punch|p2a: Arcanine
|-supereffective|p2a: Arcanine
|-damage|p2a: Arcanine|53/100
|-heal|p1a: Incineroar|100/100|[from] drain|[of] p2a: Arcanine
|
|-weather|Snowscape|[upkeep]
|upkeep
|turn|8
|
|t:|1757947113
|move|p2a: Arcanine|Head Smash|p1a: Incineroar|[miss]
|-miss|p2a: Arcanine|p1a: Incineroar
|move|p1a: Incineroar|Drain Punch|p2a: Arcanine
|-supereffective|p2a: Arcanine
|-damage|p2a: Arcanine|5/100
|
|-weather|Snowscape|[upkeep]
|upkeep
|turn|9
|
|t:|1757947121
|move|p2a: Arcanine|Head Smash|p1a: Incineroar
|-supereffective|p1a: Incineroar
|-damage|p1a: Incineroar|0 fnt
|faint|p1a: Incineroar
|
|-weather|Snowscape|[upkeep]
|upkeep
|
|t:|1757947125
|switch|p1a: Cinderace|Cinderace, F|100/100
|turn|10
|
|t:|1757947133
|switch|p2a: Zapdos|Zapdos|74/100
|move|p1a: Cinderace|U-turn|p2a: Zapdos
|-start|p1a: Cinderace|typechange|Bug|[from] ability: Libero
|-resisted|p2a: Zapdos
|-damage|p2a: Zapdos|64/100
|
|t:|1757947142
|switch|p1a: Rotom|Rotom-Heat|100/100|[from] U-turn
|
|-weather|none
|upkeep
|turn|11
|inactive|firecharmander004 has 120 seconds left.
|
|t:|1757947179
|move|p2a: Zapdos|Volt Switch|p1a: Rotom
|-resisted|p1a: Rotom
|-damage|p1a: Rotom|85/100
|
|t:|1757947188
|switch|p2a: Iron Treads|Iron Treads|100/100|[from] Volt Switch
|move|p1a: Rotom|Will-O-Wisp|p2a: Iron Treads
|-status|p2a: Iron Treads|brn
|
|-heal|p1a: Rotom|91/100|[from] item: Leftovers
|-damage|p2a: Iron Treads|94/100 brn|[from] brn
|upkeep
|turn|12
|inactive|firecharmander004 has 120 seconds left.
|
|t:|1757947197
|switch|p1a: Cinderace|Cinderace, F|100/100
|move|p2a: Iron Treads|Stealth Rock|p1a: Cinderace
|-sidestart|p1: ach27|move: Stealth Rock
|
|-heal|p2a: Iron Treads|100/100 brn|[from] item: Leftovers
|-damage|p2a: Iron Treads|94/100 brn|[from] brn
|upkeep
|turn|13
|inactive|firecharmander004 has 120 seconds left.
|
|t:|1757947212
|move|p1a: Cinderace|Pyro Ball|p2a: Iron Treads
|-supereffective|p2a: Iron Treads
|-crit|p2a: Iron Treads
|-damage|p2a: Iron Treads|0 fnt
|faint|p2a: Iron Treads
|-end|p2a: Iron Treads|Quark Drive|[silent]
|
|upkeep
|inactive|firecharmander004 has 120 seconds left.
|
|t:|1757947235
|switch|p2a: Slowking|Slowking-Galar, M|100/100
|turn|14
|
|t:|1757947239
|move|p1a: Cinderace|Court Change|p1a: Cinderace
|-start|p1a: Cinderace|typechange|Normal|[from] ability: Libero
|-swapsideconditions
|-activate|p1a: Cinderace|move: Court Change
|move|p2a: Slowking|Thunder Wave|p1a: Cinderace
|-status|p1a: Cinderace|par
|
|upkeep
|turn|15
|inactive|firecharmander004 has 120 seconds left.
|
|t:|1757947256
|move|p1a: Cinderace|Pyro Ball|p2a: Slowking
|-damage|p2a: Slowking|70/100
|move|p2a: Slowking|Future Sight|p1a: Cinderace
|-start|p2a: Slowking|move: Future Sight
|
|upkeep
|turn|16
|
|t:|1757947262
|cant|p1a: Cinderace|par
|-prepare|p2a: Slowking|Chilly Reception|[premajor]
|move|p2a: Slowking|Chilly Reception|p2a: Slowking
|-weather|Snowscape
|inactive|firecharmander004 has 120 seconds left.
|inactive|firecharmander004 has 90 seconds left.
|inactive|firecharmander004 has 60 seconds left.
|-message|firecharmander004 forfeited.
|
|win|ach27
|raw|ach27's rating: 1324 &rarr; <strong>1346</strong><br />(+22 for winning)
|raw|firecharmander004's rating: 1358 &rarr; <strong>1336</strong><br />(-22 for losing)
|l|☆firecharmander004
|player|p2|
|l|☆ach27
|player|p1|
