|j|☆hugh12248
|j|‽nkcdlkn
|t:|1757842152
|gametype|singles
|player|p1|hugh12248|swimmerf-gen4|1156
|player|p2|nkcdlkn|102|1160
|gen|9
|tier|[Gen 9] OU
|rated|
|rule|HP Percentage Mod: HP is shown in percentages
|rule|Endless Battle Clause: Forcing endless battles is banned
|rule|Species Clause: Limit one of each Pokémon
|rule|OHKO Clause: OHKO moves are banned
|rule|Evasion Items Clause: Evasion items are banned
|rule|Evasion Moves Clause: Evasion moves are banned
|rule|Evasion Abilities Clause: Evasion abilities are banned
|rule|Sleep Moves Clause: Sleep-inducing moves are banned
|clearpoke
|poke|p1|Glimmora, M|
|poke|p1|Dondozo, F|
|poke|p1|Wo-Chien|
|poke|p1|Dragapult, F|
|poke|p1|Cinccino, F|
|poke|p1|Gengar, M|
|poke|p2|Iron Boulder|
|poke|p2|Corviknight, M|
|poke|p2|Ting-Lu|
|poke|p2|Alomomola, M|
|poke|p2|Gholdengo|
|poke|p2|Slowking-Galar, F|
|teampreview
|inactive|Battle timer is ON: inactive players will automatically lose when time's up. (requested by nkcdlkn)
|
|t:|1757842185
|teamsize|p1|6
|teamsize|p2|6
|start
|switch|p1a: Wo-Chien|Wo-Chien|100/100
|switch|p2a: Ting-Lu|Ting-Lu|100/100
|-ability|p1a: Wo-Chien|Tablets of Ruin
|-ability|p2a: Ting-Lu|Vessel of Ruin
|turn|1
|
|t:|1757842194
|move|p1a: Wo-Chien|Leech Seed|p2a: Ting-Lu|[miss]
|-miss|p1a: Wo-Chien|p2a: Ting-Lu
|move|p2a: Ting-Lu|Spikes|p1a: Wo-Chien
|-sidestart|p1: hugh12248|Spikes
|
|upkeep
|turn|2
|
|t:|1757842202
|switch|p2a: Corviknight|Corviknight, M|100/100
|-ability|p2a: Corviknight|Pressure
|move|p1a: Wo-Chien|Ingrain|p1a: Wo-Chien
|-start|p1a: Wo-Chien|move: Ingrain
|
|upkeep
|turn|3
|
|t:|1757842209
|move|p1a: Wo-Chien|Leech Seed|p2a: Corviknight
|-start|p2a: Corviknight|move: Leech Seed
|move|p2a: Corviknight|U-turn|p1a: Wo-Chien
|-supereffective|p1a: Wo-Chien
|-damage|p1a: Wo-Chien|58/100
|
|t:|1757842226
|switch|p2a: Ting-Lu|Ting-Lu|100/100|[from] U-turn
|-ability|p2a: Ting-Lu|Vessel of Ruin
|
|-heal|p1a: Wo-Chien|64/100|[from] item: Leftovers
|-heal|p1a: Wo-Chien|70/100|[from] Ingrain
|upkeep
|turn|4
|
|t:|1757842231
|switch|p2a: Corviknight|Corviknight, M|100/100
|-ability|p2a: Corviknight|Pressure
|move|p1a: Wo-Chien|Leech Seed|p2a: Corviknight
|-start|p2a: Corviknight|move: Leech Seed
|
|-heal|p1a: Wo-Chien|76/100|[from] item: Leftovers
|-heal|p1a: Wo-Chien|82/100|[from] Ingrain
|-damage|p2a: Corviknight|88/100|[from] Leech Seed|[of] p1a: Wo-Chien
|-heal|p1a: Wo-Chien|95/100|[silent]
|upkeep
|turn|5
|
|t:|1757842244
|move|p1a: Wo-Chien|Ruination|p2a: Corviknight
|-damage|p2a: Corviknight|44/100
|move|p2a: Corviknight|U-turn|p1a: Wo-Chien
|-supereffective|p1a: Wo-Chien
|-crit|p1a: Wo-Chien
|-damage|p1a: Wo-Chien|31/100
|
|t:|1757842247
|switch|p2a: Ting-Lu|Ting-Lu|100/100|[from] U-turn
|-ability|p2a: Ting-Lu|Vessel of Ruin
|
|-heal|p1a: Wo-Chien|37/100|[from] item: Leftovers
|-heal|p1a: Wo-Chien|44/100|[from] Ingrain
|upkeep
|turn|6
|
|t:|1757842257
|switch|p2a: Corviknight|Corviknight, M|44/100
|-ability|p2a: Corviknight|Pressure
|move|p1a: Wo-Chien|Leech Seed|p2a: Corviknight
|-start|p2a: Corviknight|move: Leech Seed
|
|-heal|p1a: Wo-Chien|50/100|[from] item: Leftovers
|-heal|p1a: Wo-Chien|56/100|[from] Ingrain
|-damage|p2a: Corviknight|32/100|[from] Leech Seed|[of] p1a: Wo-Chien
|-heal|p1a: Wo-Chien|69/100|[silent]
|upkeep
|turn|7
|
|t:|1757842274
|move|p1a: Wo-Chien|Ruination|p2a: Corviknight
|-damage|p2a: Corviknight|16/100
|move|p2a: Corviknight|Roost|p2a: Corviknight
|-heal|p2a: Corviknight|66/100
|-singleturn|p2a: Corviknight|move: Roost
|
|-heal|p1a: Wo-Chien|75/100|[from] item: Leftovers
|-heal|p1a: Wo-Chien|81/100|[from] Ingrain
|-damage|p2a: Corviknight|54/100|[from] Leech Seed|[of] p1a: Wo-Chien
|-heal|p1a: Wo-Chien|94/100|[silent]
|upkeep
|turn|8
|
|t:|1757842285
|move|p1a: Wo-Chien|Ruination|p2a: Corviknight
|-damage|p2a: Corviknight|27/100
|move|p2a: Corviknight|Roost|p2a: Corviknight
|-heal|p2a: Corviknight|77/100
|-singleturn|p2a: Corviknight|move: Roost
|
|-heal|p1a: Wo-Chien|100/100|[from] item: Leftovers
|-damage|p2a: Corviknight|65/100|[from] Leech Seed|[of] p1a: Wo-Chien
|upkeep
|turn|9
|
|t:|1757842296
|move|p1a: Wo-Chien|Ruination|p2a: Corviknight
|-damage|p2a: Corviknight|33/100
|move|p2a: Corviknight|U-turn|p1a: Wo-Chien
|-supereffective|p1a: Wo-Chien
|-damage|p1a: Wo-Chien|62/100
|
|t:|1757842301
|switch|p2a: Alomomola|Alomomola, M|100/100|[from] U-turn
|
|-heal|p1a: Wo-Chien|68/100|[from] item: Leftovers
|-heal|p1a: Wo-Chien|74/100|[from] Ingrain
|upkeep
|turn|10
|
|t:|1757842309
|switch|p2a: Corviknight|Corviknight, M|33/100
|-ability|p2a: Corviknight|Pressure
|move|p1a: Wo-Chien|Leech Seed|p2a: Corviknight
|-start|p2a: Corviknight|move: Leech Seed
|
|-heal|p1a: Wo-Chien|80/100|[from] item: Leftovers
|-heal|p1a: Wo-Chien|87/100|[from] Ingrain
|-damage|p2a: Corviknight|21/100|[from] Leech Seed|[of] p1a: Wo-Chien
|-heal|p1a: Wo-Chien|99/100|[silent]
|upkeep
|turn|11
|
|t:|1757842320
|move|p1a: Wo-Chien|Poison Powder|p2a: Corviknight
|-immune|p2a: Corviknight
|move|p2a: Corviknight|Roost|p2a: Corviknight
|-heal|p2a: Corviknight|71/100
|-singleturn|p2a: Corviknight|move: Roost
|
|-heal|p1a: Wo-Chien|100/100|[from] item: Leftovers
|-damage|p2a: Corviknight|58/100|[from] Leech Seed|[of] p1a: Wo-Chien
|upkeep
|turn|12
|
|t:|1757842328
|switch|p2a: Gholdengo|Gholdengo|100/100
|-item|p2a: Gholdengo|Air Balloon
|move|p1a: Wo-Chien|Poison Powder|p2a: Gholdengo
|-immune|p2a: Gholdengo|[from] ability: Good as Gold
|
|upkeep
|turn|13
|
|t:|1757842333
|switch|p2a: Corviknight|Corviknight, M|58/100
|-ability|p2a: Corviknight|Pressure
|move|p1a: Wo-Chien|Leech Seed|p2a: Corviknight
|-start|p2a: Corviknight|move: Leech Seed
|
|-damage|p2a: Corviknight|46/100|[from] Leech Seed|[of] p1a: Wo-Chien
|upkeep
|turn|14
|
|t:|1757842341
|move|p1a: Wo-Chien|Poison Powder|p2a: Corviknight
|-immune|p2a: Corviknight
|move|p2a: Corviknight|Roost|p2a: Corviknight
|-heal|p2a: Corviknight|96/100
|-singleturn|p2a: Corviknight|move: Roost
|
|-damage|p2a: Corviknight|84/100|[from] Leech Seed|[of] p1a: Wo-Chien
|upkeep
|turn|15
|
|t:|1757842345
|switch|p2a: Gholdengo|Gholdengo|100/100
|-item|p2a: Gholdengo|Air Balloon
|move|p1a: Wo-Chien|Poison Powder|p2a: Gholdengo
|-immune|p2a: Gholdengo|[from] ability: Good as Gold
|
|upkeep
|turn|16
|
|t:|1757842348
|switch|p2a: Corviknight|Corviknight, M|84/100
|-ability|p2a: Corviknight|Pressure
|move|p1a: Wo-Chien|Poison Powder|p2a: Corviknight
|-immune|p2a: Corviknight
|
|upkeep
|turn|17
|
|t:|1757842354
|move|p1a: Wo-Chien|Poison Powder|p2a: Corviknight|[miss]
|-miss|p1a: Wo-Chien|p2a: Corviknight
|move|p2a: Corviknight|U-turn|p1a: Wo-Chien
|-supereffective|p1a: Wo-Chien
|-damage|p1a: Wo-Chien|59/100
|
|t:|1757842360
|switch|p2a: Alomomola|Alomomola, M|100/100|[from] U-turn
|
|-heal|p1a: Wo-Chien|65/100|[from] item: Leftovers
|-heal|p1a: Wo-Chien|71/100|[from] Ingrain
|upkeep
|turn|18
|
|t:|1757842363
|move|p2a: Alomomola|Protect|p2a: Alomomola
|-singleturn|p2a: Alomomola|Protect
|move|p1a: Wo-Chien|Leech Seed|p2a: Alomomola
|-activate|p2a: Alomomola|move: Protect
|
|-heal|p1a: Wo-Chien|77/100|[from] item: Leftovers
|-heal|p1a: Wo-Chien|83/100|[from] Ingrain
|upkeep
|turn|19
|
|t:|1757842367
|switch|p2a: Corviknight|Corviknight, M|84/100
|-ability|p2a: Corviknight|Pressure
|move|p1a: Wo-Chien|Leech Seed|p2a: Corviknight
|-start|p2a: Corviknight|move: Leech Seed
|
|-heal|p1a: Wo-Chien|90/100|[from] item: Leftovers
|-heal|p1a: Wo-Chien|96/100|[from] Ingrain
|-damage|p2a: Corviknight|72/100|[from] Leech Seed|[of] p1a: Wo-Chien
|-heal|p1a: Wo-Chien|100/100|[silent]
|upkeep
|turn|20
|
|t:|1757842374
|move|p1a: Wo-Chien|Poison Powder|p2a: Corviknight|[miss]
|-miss|p1a: Wo-Chien|p2a: Corviknight
|move|p2a: Corviknight|U-turn|p1a: Wo-Chien
|-supereffective|p1a: Wo-Chien
|-damage|p1a: Wo-Chien|63/100
|
|t:|1757842376
|switch|p2a: Alomomola|Alomomola, M|100/100|[from] U-turn
|
|-heal|p1a: Wo-Chien|69/100|[from] item: Leftovers
|-heal|p1a: Wo-Chien|75/100|[from] Ingrain
|upkeep
|turn|21
|
|t:|1757842382
|switch|p2a: Corviknight|Corviknight, M|72/100
|-ability|p2a: Corviknight|Pressure
|move|p1a: Wo-Chien|Poison Powder|p2a: Corviknight
|-immune|p2a: Corviknight
|
|-heal|p1a: Wo-Chien|82/100|[from] item: Leftovers
|-heal|p1a: Wo-Chien|88/100|[from] Ingrain
|upkeep
|turn|22
|
|t:|1757842388
|move|p1a: Wo-Chien|Poison Powder|p2a: Corviknight|[miss]
|-miss|p1a: Wo-Chien|p2a: Corviknight
|move|p2a: Corviknight|U-turn|p1a: Wo-Chien
|-supereffective|p1a: Wo-Chien
|-damage|p1a: Wo-Chien|49/100
|
|t:|1757842391
|switch|p2a: Alomomola|Alomomola, M|100/100|[from] U-turn
|
|-heal|p1a: Wo-Chien|55/100|[from] item: Leftovers
|-heal|p1a: Wo-Chien|61/100|[from] Ingrain
|upkeep
|turn|23
|
|t:|1757842394
|switch|p2a: Corviknight|Corviknight, M|72/100
|-ability|p2a: Corviknight|Pressure
|move|p1a: Wo-Chien|Poison Powder|p2a: Corviknight|[miss]
|-miss|p1a: Wo-Chien|p2a: Corviknight
|
|-heal|p1a: Wo-Chien|68/100|[from] item: Leftovers
|-heal|p1a: Wo-Chien|74/100|[from] Ingrain
|upkeep
|turn|24
|
|t:|1757842397
|switch|p2a: Alomomola|Alomomola, M|100/100
|move|p1a: Wo-Chien|Poison Powder|p2a: Alomomola
|-status|p2a: Alomomola|psn
|
|-heal|p1a: Wo-Chien|80/100|[from] item: Leftovers
|-heal|p1a: Wo-Chien|86/100|[from] Ingrain
|-damage|p2a: Alomomola|88/100 psn|[from] psn
|upkeep
|turn|25
|
|t:|1757842400
|switch|p2a: Corviknight|Corviknight, M|72/100
|-ability|p2a: Corviknight|Pressure
|move|p1a: Wo-Chien|Poison Powder|p2a: Corviknight
|-immune|p2a: Corviknight
|
|-heal|p1a: Wo-Chien|92/100|[from] item: Leftovers
|-heal|p1a: Wo-Chien|98/100|[from] Ingrain
|upkeep
|turn|26
|
|t:|1757842405
|move|p1a: Wo-Chien|Poison Powder|p2a: Corviknight
|-immune|p2a: Corviknight
|move|p2a: Corviknight|U-turn|p1a: Wo-Chien
|-supereffective|p1a: Wo-Chien
|-damage|p1a: Wo-Chien|60/100
|
|t:|1757842408
|switch|p2a: Slowking|Slowking-Galar, F|100/100|[from] U-turn
|
|-heal|p1a: Wo-Chien|66/100|[from] item: Leftovers
|-heal|p1a: Wo-Chien|72/100|[from] Ingrain
|upkeep
|turn|27
|
|t:|1757842411
|switch|p2a: Corviknight|Corviknight, M|72/100
|-ability|p2a: Corviknight|Pressure
|move|p1a: Wo-Chien|Leech Seed|p2a: Corviknight
|-start|p2a: Corviknight|move: Leech Seed
|
|-heal|p1a: Wo-Chien|78/100|[from] item: Leftovers
|-heal|p1a: Wo-Chien|84/100|[from] Ingrain
|-damage|p2a: Corviknight|59/100|[from] Leech Seed|[of] p1a: Wo-Chien
|-heal|p1a: Wo-Chien|98/100|[silent]
|upkeep
|turn|28
|
|t:|1757842420
|switch|p2a: Slowking|Slowking-Galar, F|100/100
|move|p1a: Wo-Chien|Poison Powder|p2a: Slowking
|-immune|p2a: Slowking
|
|-heal|p1a: Wo-Chien|100/100|[from] item: Leftovers
|upkeep
|turn|29
|
|t:|1757842424
|switch|p2a: Corviknight|Corviknight, M|59/100
|-ability|p2a: Corviknight|Pressure
|move|p1a: Wo-Chien|Poison Powder|p2a: Corviknight|[miss]
|-miss|p1a: Wo-Chien|p2a: Corviknight
|
|upkeep
|turn|30
|
|t:|1757842428
|switch|p2a: Slowking|Slowking-Galar, F|100/100
|move|p1a: Wo-Chien|Poison Powder|p2a: Slowking
|-immune|p2a: Slowking
|
|upkeep
|turn|31
|
|t:|1757842431
|switch|p2a: Corviknight|Corviknight, M|59/100
|-ability|p2a: Corviknight|Pressure
|move|p1a: Wo-Chien|Poison Powder|p2a: Corviknight
|-immune|p2a: Corviknight
|
|upkeep
|turn|32
|
|t:|1757842434
|switch|p2a: Slowking|Slowking-Galar, F|100/100
|move|p1a: Wo-Chien|Poison Powder|p2a: Slowking
|-immune|p2a: Slowking
|
|upkeep
|turn|33
|
|t:|1757842437
|switch|p2a: Corviknight|Corviknight, M|59/100
|-ability|p2a: Corviknight|Pressure
|move|p1a: Wo-Chien|Poison Powder|p2a: Corviknight
|-immune|p2a: Corviknight
|
|upkeep
|turn|34
|
|t:|1757842439
|switch|p2a: Slowking|Slowking-Galar, F|100/100
|move|p1a: Wo-Chien|Poison Powder|p2a: Slowking|[miss]
|-miss|p1a: Wo-Chien|p2a: Slowking
|
|upkeep
|turn|35
|
|t:|1757842442
|switch|p2a: Corviknight|Corviknight, M|59/100
|-ability|p2a: Corviknight|Pressure
|move|p1a: Wo-Chien|Poison Powder|p2a: Corviknight|[miss]
|-miss|p1a: Wo-Chien|p2a: Corviknight
|
|upkeep
|turn|36
|
|t:|1757842445
|switch|p2a: Slowking|Slowking-Galar, F|100/100
|move|p1a: Wo-Chien|Poison Powder|p2a: Slowking
|-immune|p2a: Slowking
|
|upkeep
|turn|37
|
|t:|1757842447
|switch|p2a: Corviknight|Corviknight, M|59/100
|-ability|p2a: Corviknight|Pressure
|move|p1a: Wo-Chien|Poison Powder|p2a: Corviknight
|-immune|p2a: Corviknight
|
|upkeep
|turn|38
|
|t:|1757842451
|switch|p2a: Slowking|Slowking-Galar, F|100/100
|move|p1a: Wo-Chien|Poison Powder|p2a: Slowking
|-immune|p2a: Slowking
|
|upkeep
|turn|39
|
|t:|1757842455
|switch|p2a: Corviknight|Corviknight, M|59/100
|-ability|p2a: Corviknight|Pressure
|move|p1a: Wo-Chien|Poison Powder|p2a: Corviknight
|-immune|p2a: Corviknight
|
|upkeep
|turn|40
|
|t:|1757842458
|switch|p2a: Slowking|Slowking-Galar, F|100/100
|move|p1a: Wo-Chien|Poison Powder|p2a: Slowking
|-immune|p2a: Slowking
|
|upkeep
|turn|41
|
|t:|1757842462
|switch|p2a: Corviknight|Corviknight, M|59/100
|-ability|p2a: Corviknight|Pressure
|move|p1a: Wo-Chien|Poison Powder|p2a: Corviknight
|-immune|p2a: Corviknight
|
|upkeep
|turn|42
|
|t:|1757842464
|switch|p2a: Slowking|Slowking-Galar, F|100/100
|move|p1a: Wo-Chien|Ruination|p2a: Slowking
|-damage|p2a: Slowking|50/100
|
|upkeep
|turn|43
|
|t:|1757842471
|switch|p2a: Corviknight|Corviknight, M|59/100
|-ability|p2a: Corviknight|Pressure
|move|p1a: Wo-Chien|Poison Powder|p2a: Corviknight
|-immune|p2a: Corviknight
|
|upkeep
|turn|44
|
|t:|1757842477
|move|p1a: Wo-Chien|Poison Powder|p2a: Corviknight|[miss]
|-miss|p1a: Wo-Chien|p2a: Corviknight
|move|p2a: Corviknight|U-turn|p1a: Wo-Chien
|-supereffective|p1a: Wo-Chien
|-damage|p1a: Wo-Chien|60/100
|
|t:|1757842479
|switch|p2a: Alomomola|Alomomola, M|100/100 psn|[from] U-turn
|
|-heal|p1a: Wo-Chien|66/100|[from] item: Leftovers
|-heal|p1a: Wo-Chien|72/100|[from] Ingrain
|-damage|p2a: Alomomola|88/100 psn|[from] psn
|upkeep
|turn|45
|
|t:|1757842483
|move|p2a: Alomomola|Protect|p2a: Alomomola
|-singleturn|p2a: Alomomola|Protect
|move|p1a: Wo-Chien|Poison Powder|p2a: Alomomola
|-activate|p2a: Alomomola|move: Protect
|
|-heal|p1a: Wo-Chien|78/100|[from] item: Leftovers
|-heal|p1a: Wo-Chien|84/100|[from] Ingrain
|-damage|p2a: Alomomola|76/100 psn|[from] psn
|upkeep
|turn|46
|
|t:|1757842487
|switch|p2a: Slowking|Slowking-Galar, F|84/100
|move|p1a: Wo-Chien|Ruination|p2a: Slowking
|-damage|p2a: Slowking|42/100
|
|-heal|p1a: Wo-Chien|91/100|[from] item: Leftovers
|-heal|p1a: Wo-Chien|97/100|[from] Ingrain
|upkeep
|turn|47
|
|t:|1757842492
|switch|p2a: Corviknight|Corviknight, M|59/100
|-ability|p2a: Corviknight|Pressure
|move|p1a: Wo-Chien|Poison Powder|p2a: Corviknight|[miss]
|-miss|p1a: Wo-Chien|p2a: Corviknight
|
|-heal|p1a: Wo-Chien|100/100|[from] item: Leftovers
|upkeep
|turn|48
|
|t:|1757842496
|switch|p2a: Slowking|Slowking-Galar, F|75/100
|move|p1a: Wo-Chien|Ingrain||[still]
|-fail|p1a: Wo-Chien
|
|upkeep
|turn|49
|
|t:|1757842499
|switch|p2a: Corviknight|Corviknight, M|59/100
|-ability|p2a: Corviknight|Pressure
|move|p1a: Wo-Chien|Ingrain||[still]
|-fail|p1a: Wo-Chien
|
|upkeep
|turn|50
|
|t:|1757842507
|switch|p2a: Alomomola|Alomomola, M|100/100 psn
|move|p1a: Wo-Chien|Ingrain||[still]
|-fail|p1a: Wo-Chien
|
|-damage|p2a: Alomomola|88/100 psn|[from] psn
|upkeep
|turn|51
|
|t:|1757842511
|switch|p2a: Corviknight|Corviknight, M|59/100
|-ability|p2a: Corviknight|Pressure
|move|p1a: Wo-Chien|Ingrain||[still]
|-fail|p1a: Wo-Chien
|
|upkeep
|turn|52
|
|t:|1757842516
|switch|p2a: Slowking|Slowking-Galar, F|100/100
|move|p1a: Wo-Chien|Ingrain||[still]
|-fail|p1a: Wo-Chien
|
|upkeep
|turn|53
|
|t:|1757842518
|switch|p2a: Corviknight|Corviknight, M|59/100
|-ability|p2a: Corviknight|Pressure
|move|p1a: Wo-Chien|Ingrain||[still]
|-fail|p1a: Wo-Chien
|
|upkeep
|turn|54
|
|t:|1757842527
|switch|p2a: Slowking|Slowking-Galar, F|100/100
|move|p1a: Wo-Chien|Ingrain||[still]
|-fail|p1a: Wo-Chien
|
|upkeep
|turn|55
|
|t:|1757842529
|switch|p2a: Corviknight|Corviknight, M|59/100
|-ability|p2a: Corviknight|Pressure
|move|p1a: Wo-Chien|Ingrain||[still]
|-fail|p1a: Wo-Chien
|
|upkeep
|turn|56
|
|t:|1757842534
|switch|p2a: Slowking|Slowking-Galar, F|100/100
|move|p1a: Wo-Chien|Ingrain||[still]
|-fail|p1a: Wo-Chien
|
|upkeep
|turn|57
|
|t:|1757842543
|switch|p2a: Corviknight|Corviknight, M|59/100
|-ability|p2a: Corviknight|Pressure
|move|p1a: Wo-Chien|Ingrain||[still]
|-fail|p1a: Wo-Chien
|
|upkeep
|turn|58
|
|t:|1757842546
|switch|p2a: Slowking|Slowking-Galar, F|100/100
|move|p1a: Wo-Chien|Ingrain||[still]
|-fail|p1a: Wo-Chien
|
|upkeep
|turn|59
|
|t:|1757842552
|switch|p2a: Alomomola|Alomomola, M|100/100 psn
|move|p1a: Wo-Chien|Ingrain||[still]
|-fail|p1a: Wo-Chien
|
|-damage|p2a: Alomomola|88/100 psn|[from] psn
|upkeep
|turn|60
|
|t:|1757842556
|switch|p2a: Corviknight|Corviknight, M|59/100
|-ability|p2a: Corviknight|Pressure
|move|p1a: Wo-Chien|Ingrain||[still]
|-fail|p1a: Wo-Chien
|
|upkeep
|turn|61
|
|t:|1757842562
|switch|p2a: Alomomola|Alomomola, M|100/100 psn
|move|p1a: Wo-Chien|Ingrain||[still]
|-fail|p1a: Wo-Chien
|
|-damage|p2a: Alomomola|88/100 psn|[from] psn
|upkeep
|turn|62
|
|t:|1757842568
|switch|p2a: Corviknight|Corviknight, M|59/100
|-ability|p2a: Corviknight|Pressure
|move|p1a: Wo-Chien|Ingrain||[still]
|-fail|p1a: Wo-Chien
|
|upkeep
|turn|63
|
|t:|1757842575
|move|p1a: Wo-Chien|Ingrain||[still]
|-fail|p1a: Wo-Chien
|move|p2a: Corviknight|Roost|p2a: Corviknight
|-heal|p2a: Corviknight|100/100
|-singleturn|p2a: Corviknight|move: Roost
|
|upkeep
|turn|64
|
|t:|1757842581
|switch|p2a: Slowking|Slowking-Galar, F|100/100
|move|p1a: Wo-Chien|Ingrain||[still]
|-fail|p1a: Wo-Chien
|
|upkeep
|turn|65
|
|t:|1757842585
|switch|p2a: Corviknight|Corviknight, M|100/100
|-ability|p2a: Corviknight|Pressure
|move|p1a: Wo-Chien|Ruination|p2a: Corviknight
|-damage|p2a: Corviknight|51/100
|
|upkeep
|turn|66
|
|t:|1757842592
|switch|p2a: Alomomola|Alomomola, M|100/100 psn
|move|p1a: Wo-Chien|Ingrain||[still]
|-fail|p1a: Wo-Chien
|
|-damage|p2a: Alomomola|88/100 psn|[from] psn
|upkeep
|turn|67
|
|t:|1757842596
|move|p1a: Wo-Chien|Poison Powder|p2a: Alomomola
|-fail|p2a: Alomomola|psn
|move|p2a: Alomomola|Wish|p2a: Alomomola
|
|-damage|p2a: Alomomola|76/100 psn|[from] psn
|upkeep
|turn|68
|
|t:|1757842602
|switch|p2a: Corviknight|Corviknight, M|51/100
|-ability|p2a: Corviknight|Pressure
|move|p1a: Wo-Chien|Ingrain||[still]
|-fail|p1a: Wo-Chien
|
|-heal|p2a: Corviknight|100/100|[from] move: Wish|[wisher] Alomomola
|upkeep
|turn|69
|
|t:|1757842606
|switch|p2a: Slowking|Slowking-Galar, F|100/100
|move|p1a: Wo-Chien|Ingrain||[still]
|-fail|p1a: Wo-Chien
|
|upkeep
|turn|70
|
|t:|1757842612
|switch|p2a: Alomomola|Alomomola, M|100/100 psn
|move|p1a: Wo-Chien|Ingrain||[still]
|-fail|p1a: Wo-Chien
|
|-damage|p2a: Alomomola|88/100 psn|[from] psn
|upkeep
|turn|71
|
|t:|1757842615
|switch|p2a: Slowking|Slowking-Galar, F|100/100
|move|p1a: Wo-Chien|Poison Powder|p2a: Slowking
|-immune|p2a: Slowking
|
|upkeep
|turn|72
|
|t:|1757842618
|switch|p2a: Alomomola|Alomomola, M|100/100 psn
|move|p1a: Wo-Chien|Ingrain||[still]
|-fail|p1a: Wo-Chien
|
|-damage|p2a: Alomomola|88/100 psn|[from] psn
|upkeep
|turn|73
|
|t:|1757842621
|switch|p2a: Slowking|Slowking-Galar, F|100/100
|move|p1a: Wo-Chien|Ingrain||[still]
|-fail|p1a: Wo-Chien
|
|upkeep
|turn|74
|
|t:|1757842623
|switch|p2a: Alomomola|Alomomola, M|100/100 psn
|move|p1a: Wo-Chien|Ingrain||[still]
|-fail|p1a: Wo-Chien
|
|-damage|p2a: Alomomola|88/100 psn|[from] psn
|upkeep
|turn|75
|
|t:|1757842627
|switch|p2a: Slowking|Slowking-Galar, F|100/100
|move|p1a: Wo-Chien|Ingrain||[still]
|-fail|p1a: Wo-Chien
|
|upkeep
|turn|76
|
|t:|1757842629
|switch|p2a: Alomomola|Alomomola, M|100/100 psn
|move|p1a: Wo-Chien|Poison Powder|p2a: Alomomola|[miss]
|-miss|p1a: Wo-Chien|p2a: Alomomola
|
|-damage|p2a: Alomomola|88/100 psn|[from] psn
|upkeep
|turn|77
|
|t:|1757842631
|switch|p2a: Slowking|Slowking-Galar, F|100/100
|move|p1a: Wo-Chien|Ingrain||[still]
|-fail|p1a: Wo-Chien
|
|upkeep
|turn|78
|
|t:|1757842633
|switch|p2a: Alomomola|Alomomola, M|100/100 psn
|move|p1a: Wo-Chien|Ingrain||[still]
|-fail|p1a: Wo-Chien
|
|-damage|p2a: Alomomola|88/100 psn|[from] psn
|upkeep
|turn|79
|
|t:|1757842637
|switch|p2a: Slowking|Slowking-Galar, F|100/100
|move|p1a: Wo-Chien|Ingrain||[still]
|-fail|p1a: Wo-Chien
|
|upkeep
|turn|80
|
|t:|1757842639
|switch|p2a: Alomomola|Alomomola, M|100/100 psn
|move|p1a: Wo-Chien|Ingrain||[still]
|-fail|p1a: Wo-Chien
|
|-damage|p2a: Alomomola|88/100 psn|[from] psn
|upkeep
|turn|81
|
|t:|1757842643
|switch|p2a: Slowking|Slowking-Galar, F|100/100
|move|p1a: Wo-Chien|Ingrain||[still]
|-fail|p1a: Wo-Chien
|
|upkeep
|turn|82
|
|t:|1757842647
|switch|p2a: Alomomola|Alomomola, M|100/100 psn
|move|p1a: Wo-Chien|Poison Powder|p2a: Alomomola
|-fail|p2a: Alomomola|psn
|
|-damage|p2a: Alomomola|88/100 psn|[from] psn
|upkeep
|turn|83
|
|t:|1757842650
|switch|p2a: Slowking|Slowking-Galar, F|100/100
|move|p1a: Wo-Chien|Ingrain||[still]
|-fail|p1a: Wo-Chien
|
|upkeep
|turn|84
|
|t:|1757842656
|switch|p2a: Alomomola|Alomomola, M|100/100 psn
|move|p1a: Wo-Chien|Ruination|p2a: Alomomola
|-damage|p2a: Alomomola|50/100 psn
|
|-damage|p2a: Alomomola|38/100 psn|[from] psn
|upkeep
|turn|85
|
|t:|1757842663
|switch|p2a: Slowking|Slowking-Galar, F|100/100
|move|p1a: Wo-Chien|Poison Powder|p2a: Slowking
|-immune|p2a: Slowking
|
|upkeep
|turn|86
|
|t:|1757842670
|move|p1a: Wo-Chien|Ruination|p2a: Slowking
|-damage|p2a: Slowking|50/100
|move|p2a: Slowking|Thunder Wave|p1a: Wo-Chien
|-status|p1a: Wo-Chien|par
|
|upkeep
|turn|87
|
|t:|1757842676
|switch|p2a: Alomomola|Alomomola, M|71/100 psn
|move|p1a: Wo-Chien|Ruination|p2a: Alomomola
|-damage|p2a: Alomomola|36/100 psn
|
|-damage|p2a: Alomomola|24/100 psn|[from] psn
|upkeep
|turn|88
|
|t:|1757842679
|switch|p2a: Slowking|Slowking-Galar, F|84/100
|move|p1a: Wo-Chien|Ruination|p2a: Slowking|[miss]
|-miss|p1a: Wo-Chien|p2a: Slowking
|
|upkeep
|turn|89
|
|t:|1757842693
|switch|p2a: Corviknight|Corviknight, M|100/100
|-ability|p2a: Corviknight|Pressure
|-activate|p1a: Wo-Chien|move: Struggle
|move|p1a: Wo-Chien|Struggle|p2a: Corviknight
|-damage|p2a: Corviknight|96/100
|-damage|p1a: Wo-Chien|84/100 par|[from] item: Rocky Helmet|[of] p2a: Corviknight
|-damage|p1a: Wo-Chien|59/100 par|[from] recoil
|
|-heal|p1a: Wo-Chien|65/100 par|[from] item: Leftovers
|-heal|p1a: Wo-Chien|71/100 par|[from] Ingrain
|upkeep
|turn|90
|
|t:|1757842703
|move|p2a: Corviknight|Body Press|p1a: Wo-Chien
|-supereffective|p1a: Wo-Chien
|-damage|p1a: Wo-Chien|38/100 par
|-activate|p1a: Wo-Chien|move: Struggle
|move|p1a: Wo-Chien|Struggle|p2a: Corviknight
|-damage|p2a: Corviknight|91/100
|-damage|p1a: Wo-Chien|21/100 par|[from] item: Rocky Helmet|[of] p2a: Corviknight
|-damage|p1a: Wo-Chien|0 fnt|[from] recoil
|faint|p1a: Wo-Chien
|
|upkeep
|
|t:|1757842710
|switch|p1a: Glimmora|Glimmora, M|100/100
|-damage|p1a: Glimmora|88/100|[from] Spikes
|turn|91
|
|t:|1757842714
|switch|p2a: Gholdengo|Gholdengo|100/100
|-item|p2a: Gholdengo|Air Balloon
|move|p1a: Glimmora|Stealth Rock|p2a: Gholdengo
|-sidestart|p2: nkcdlkn|move: Stealth Rock
|
|upkeep
|turn|92
|
|t:|1757842724
|switch|p1a: Dondozo|Dondozo, F|100/100
|-damage|p1a: Dondozo|88/100|[from] Spikes
|move|p2a: Gholdengo|Thunder Wave|p1a: Dondozo
|-status|p1a: Dondozo|par
|
|-heal|p1a: Dondozo|94/100 par|[from] item: Leftovers
|upkeep
|turn|93
|
|t:|1757842730
|move|p2a: Gholdengo|Hex|p1a: Dondozo
|-damage|p1a: Dondozo|40/100 par
|cant|p1a: Dondozo|par
|
|-heal|p1a: Dondozo|46/100 par|[from] item: Leftovers
|upkeep
|turn|94
|
|t:|1757842735
|move|p2a: Gholdengo|Hex|p1a: Dondozo
|-damage|p1a: Dondozo|0 fnt
|faint|p1a: Dondozo
|
|upkeep
|
|t:|1757842739
|switch|p1a: Gengar|Gengar, M|100/100
|-damage|p1a: Gengar|88/100|[from] Spikes
|turn|95
|
|t:|1757842744
|switch|p2a: Ting-Lu|Ting-Lu|100/100
|-damage|p2a: Ting-Lu|94/100|[from] Stealth Rock
|-ability|p2a: Ting-Lu|Vessel of Ruin
|move|p1a: Gengar|Shadow Ball|p2a: Ting-Lu
|-resisted|p2a: Ting-Lu
|-damage|p2a: Ting-Lu|86/100
|-unboost|p2a: Ting-Lu|spd|1
|
|-heal|p2a: Ting-Lu|92/100|[from] item: Leftovers
|upkeep
|turn|96
|
|t:|1757842753
|switch|p1a: Glimmora|Glimmora, M|88/100
|-damage|p1a: Glimmora|76/100|[from] Spikes
|move|p2a: Ting-Lu|Earthquake|p1a: Glimmora
|-supereffective|p1a: Glimmora
|-damage|p1a: Glimmora|0 fnt
|-activate|p1a: Glimmora|ability: Toxic Debris
|-sidestart|p2: nkcdlkn|move: Toxic Spikes
|faint|p1a: Glimmora
|
|-heal|p2a: Ting-Lu|99/100|[from] item: Leftovers
|upkeep
|
|t:|1757842762
|switch|p1a: Dragapult|Dragapult, F|100/100
|-damage|p1a: Dragapult|88/100|[from] Spikes
|turn|97
|
|t:|1757842768
|switch|p2a: Slowking|Slowking-Galar, F|100/100
|-sideend|p2: nkcdlkn|move: Toxic Spikes|[of] p2a: Slowking
|move|p1a: Dragapult|Dragon Dance|p1a: Dragapult
|-boost|p1a: Dragapult|atk|1
|-boost|p1a: Dragapult|spe|1
|
|upkeep
|turn|98
|
|t:|1757842775
|-terastallize|p1a: Dragapult|Steel
|move|p1a: Dragapult|Dragon Darts|p2a: Slowking
|-damage|p2a: Slowking|61/100
|-anim|p1a: Dragapult|Dragon Darts|p2a: Slowking
|-damage|p2a: Slowking|17/100
|move|p2a: Slowking|Thunder Wave|p1a: Dragapult
|-status|p1a: Dragapult|par
|
|upkeep
|turn|99
|
|t:|1757842785
|move|p1a: Dragapult|Phantom Force||[still]
|-prepare|p1a: Dragapult|Phantom Force
|move|p2a: Slowking|Future Sight|p1a: Dragapult
|-start|p2a: Slowking|move: Future Sight
|
|upkeep
|turn|100
|
|t:|1757842789
|switch|p2a: Corviknight|Corviknight, M|91/100
|-damage|p2a: Corviknight|79/100|[from] Stealth Rock
|-ability|p2a: Corviknight|Pressure
|cant|p1a: Dragapult|par
|
|upkeep
|turn|101
|
|t:|1757842796
|move|p1a: Dragapult|Phantom Force||[still]
|-prepare|p1a: Dragapult|Phantom Force
|move|p2a: Corviknight|Body Press|p1a: Dragapult|[miss]|[miss]
|-miss|p2a: Corviknight|p1a: Dragapult
|
|-end|p1a: Dragapult|move: Future Sight
|-miss|p2: Slowking|p1a: Dragapult
|upkeep
|turn|102
|
|t:|1757842799
|cant|p1a: Dragapult|par
|move|p2a: Corviknight|Roost|p2a: Corviknight
|-heal|p2a: Corviknight|100/100
|-singleturn|p2a: Corviknight|move: Roost
|
|upkeep
|turn|103
|
|t:|1757842802
|move|p1a: Dragapult|Dragon Darts|p2a: Corviknight
|-resisted|p2a: Corviknight
|-damage|p2a: Corviknight|89/100
|-anim|p1a: Dragapult|Dragon Darts|p2a: Corviknight
|-resisted|p2a: Corviknight
|-damage|p2a: Corviknight|76/100
|move|p2a: Corviknight|Defog|p1a: Dragapult
|-unboost|p1a: Dragapult|evasion|1
|-sideend|p1: hugh12248|Spikes|[from] move: Defog|[of] p2a: Corviknight
|-sideend|p2: nkcdlkn|Stealth Rock|[from] move: Defog|[of] p2a: Corviknight
|
|upkeep
|turn|104
|
|t:|1757842808
|move|p1a: Dragapult|Phantom Force||[still]
|-prepare|p1a: Dragapult|Phantom Force
|move|p2a: Corviknight|Body Press|p1a: Dragapult|[miss]
|-miss|p2a: Corviknight|p1a: Dragapult
|
|upkeep
|turn|105
|
|t:|1757842811
|move|p1a: Dragapult|Phantom Force|p2a: Corviknight|[from] lockedmove
|-damage|p2a: Corviknight|24/100
|-damage|p1a: Dragapult|72/100 par|[from] item: Rocky Helmet|[of] p2a: Corviknight
|move|p2a: Corviknight|Roost|p2a: Corviknight
|-heal|p2a: Corviknight|74/100
|-singleturn|p2a: Corviknight|move: Roost
|
|upkeep
|turn|106
|
|t:|1757842816
|cant|p1a: Dragapult|par
|move|p2a: Corviknight|Body Press|p1a: Dragapult
|-supereffective|p1a: Dragapult
|-damage|p1a: Dragapult|5/100 par
|
|upkeep
|turn|107
|
|t:|1757842820
|move|p1a: Dragapult|Dragon Dance|p1a: Dragapult
|-boost|p1a: Dragapult|atk|1
|-boost|p1a: Dragapult|spe|1
|move|p2a: Corviknight|Body Press|p1a: Dragapult
|-supereffective|p1a: Dragapult
|-damage|p1a: Dragapult|0 fnt
|faint|p1a: Dragapult
|
|upkeep
|c|☆hugh12248|？
|
|t:|1757842827
|switch|p1a: Gengar|Gengar, M|88/100
|turn|108
|
|t:|1757842831
|move|p1a: Gengar|Curse|p2a: Corviknight
|-start|p2a: Corviknight|Curse|[of] p1a: Gengar
|-damage|p1a: Gengar|38/100
|move|p2a: Corviknight|U-turn|p1a: Gengar
|-resisted|p1a: Gengar
|-damage|p1a: Gengar|31/100
|
|t:|1757842834
|switch|p2a: Ting-Lu|Ting-Lu|99/100|[from] U-turn
|-ability|p2a: Ting-Lu|Vessel of Ruin
|
|-heal|p2a: Ting-Lu|100/100|[from] item: Leftovers
|upkeep
|turn|109
|
|t:|1757842841
|move|p1a: Gengar|Destiny Bond|p1a: Gengar
|-singlemove|p1a: Gengar|Destiny Bond
|move|p2a: Ting-Lu|Earthquake|p1a: Gengar
|-supereffective|p1a: Gengar
|-damage|p1a: Gengar|0 fnt
|faint|p1a: Gengar
|-activate|p1a: Gengar|move: Destiny Bond
|faint|p2a: Ting-Lu
|
|upkeep
|
|t:|1757842851
|switch|p1a: Cinccino|Cinccino, F, shiny|100/100
|switch|p2a: Gholdengo|Gholdengo|100/100
|-item|p2a: Gholdengo|Air Balloon
|turn|110
|
|t:|1757842857
|move|p1a: Cinccino|Rock Blast|p2a: Gholdengo
|-resisted|p2a: Gholdengo
|-damage|p2a: Gholdengo|97/100
|-enditem|p2a: Gholdengo|Air Balloon
|-resisted|p2a: Gholdengo
|-damage|p2a: Gholdengo|94/100
|-resisted|p2a: Gholdengo
|-damage|p2a: Gholdengo|90/100
|-resisted|p2a: Gholdengo
|-damage|p2a: Gholdengo|87/100
|-resisted|p2a: Gholdengo
|-damage|p2a: Gholdengo|84/100
|-hitcount|p2a: Gholdengo|5
|move|p2a: Gholdengo|Thunder Wave|p1a: Cinccino
|-status|p1a: Cinccino|par
|
|upkeep
|turn|111
|-message|hugh12248 forfeited.
|
|win|nkcdlkn
|raw|hugh12248's rating: 1156 &rarr; <strong>1131</strong><br />(-25 for losing)
|raw|nkcdlkn's rating: 1160 &rarr; <strong>1185</strong><br />(+25 for winning)
|l|☆hugh12248
|player|p1|
