|j|☆cruisinjoelist
|j|☆demarcusio
|t:|1757948940
|gametype|singles
|player|p1|cruisinjoelist|266|1251
|player|p2|demarcusio|miku-fairy|1262
|gen|9
|tier|[Gen 9] OU
|rated|
|rule|HP Percentage Mod: HP is shown in percentages
|rule|Endless Battle Clause: Forcing endless battles is banned
|rule|Species Clause: Limit one of each Pokémon
|rule|OHKO Clause: OHKO moves are banned
|rule|Evasion Items Clause: Evasion items are banned
|rule|Evasion Moves Clause: Evasion moves are banned
|rule|Evasion Abilities Clause: Evasion abilities are banned
|rule|Sleep Moves Clause: Sleep-inducing moves are banned
|clearpoke
|poke|p1|Vileplume, M|
|poke|p1|Heatran, M|
|poke|p1|Gliscor, F|
|poke|p1|Landorus-Therian, M|
|poke|p1|Enamorus, F|
|poke|p1|Corviknight, F|
|poke|p2|Meowscarada, M|
|poke|p2|Ogerpon-Wellspring, F|
|poke|p2|Shiftry, M|
|poke|p2|Great Tusk|
|poke|p2|Dragapult, F|
|poke|p2|Grimmsnarl, M|
|teampreview
|inactive|Battle timer is ON: inactive players will automatically lose when time's up. (requested by cruisinjoelist)
|
|t:|1757948949
|teamsize|p1|6
|teamsize|p2|6
|start
|switch|p1a: Landorus|Landorus-Therian, M|100/100
|switch|p2a: Bomb|Shiftry, M, shiny|100/100
|-ability|p1a: Landorus|Intimidate|boost
|-unboost|p2a: Bomb|atk|1
|turn|1
|
|t:|1757948955
|move|p1a: Landorus|U-turn|p2a: Bomb
|-supereffective|p2a: Bomb
|-enditem|p2a: Bomb|Focus Sash
|-damage|p2a: Bomb|1/100
|
|t:|1757948959
|switch|p1a: Vileplume|Vileplume, M|100/100|[from] U-turn
|move|p2a: Bomb|Tailwind|p2a: Bomb
|-sidestart|p2: demarcusio|move: Tailwind
|-ability|p2a: Bomb|Wind Rider|boost
|-boost|p2a: Bomb|atk|1
|
|upkeep
|turn|2
|
|t:|1757948968
|move|p2a: Bomb|Explosion|p1a: Vileplume
|-damage|p1a: Vileplume|43/100
|faint|p2a: Bomb
|move|p1a: Vileplume|Sludge Bomb|p2: Bomb|[notarget]
|-fail|p1a: Vileplume
|
|upkeep
|
|t:|1757948978
|switch|p2a: Ogerpon|Ogerpon-Wellspring, F|100/100
|turn|3
|
|t:|1757948985
|-terastallize|p2a: Ogerpon|Water
|detailschange|p2a: Ogerpon|Ogerpon-Wellspring-Tera, F, tera:Water
|-ability|p2a: Ogerpon|Embody Aspect (Wellspring)|boost
|-boost|p2a: Ogerpon|spd|1
|move|p2a: Ogerpon|Swords Dance|p2a: Ogerpon
|-boost|p2a: Ogerpon|atk|2
|move|p1a: Vileplume|Strength Sap|p2a: Ogerpon
|-unboost|p2a: Ogerpon|atk|1
|-heal|p1a: Vileplume|100/100
|
|upkeep
|turn|4
|
|t:|1757948996
|move|p2a: Ogerpon|Ivy Cudgel|p1a: Vileplume|[anim] Ivy Cudgel Water
|-resisted|p1a: Vileplume
|-damage|p1a: Vileplume|58/100
|move|p1a: Vileplume|Leech Seed|p2a: Ogerpon
|-start|p2a: Ogerpon|move: Leech Seed
|
|-damage|p2a: Ogerpon|88/100|[from] Leech Seed|[of] p1a: Vileplume
|-heal|p1a: Vileplume|69/100|[silent]
|-sideend|p2: demarcusio|move: Tailwind
|upkeep
|turn|5
|
|t:|1757949002
|move|p2a: Ogerpon|Swords Dance|p2a: Ogerpon
|-boost|p2a: Ogerpon|atk|2
|move|p1a: Vileplume|Strength Sap|p2a: Ogerpon
|-unboost|p2a: Ogerpon|atk|1
|-heal|p1a: Vileplume|100/100
|
|-damage|p2a: Ogerpon|76/100|[from] Leech Seed|[of] p1a: Vileplume
|upkeep
|turn|6
|
|t:|1757949006
|move|p2a: Ogerpon|Ivy Cudgel|p1a: Vileplume|[anim] Ivy Cudgel Water
|-resisted|p1a: Vileplume
|-damage|p1a: Vileplume|43/100
|move|p1a: Vileplume|Sludge Bomb|p2a: Ogerpon
|-damage|p2a: Ogerpon|49/100
|
|-damage|p2a: Ogerpon|37/100|[from] Leech Seed|[of] p1a: Vileplume
|-heal|p1a: Vileplume|54/100|[silent]
|upkeep
|turn|7
|
|t:|1757949011
|move|p2a: Ogerpon|Ivy Cudgel|p1a: Vileplume|[anim] Ivy Cudgel Water
|-resisted|p1a: Vileplume
|-damage|p1a: Vileplume|0 fnt
|faint|p1a: Vileplume
|
|upkeep
|
|t:|1757949020
|switch|p1a: Heatran|Heatran, M|100/100
|turn|8
|
|t:|1757949026
|move|p1a: Heatran|Protect|p1a: Heatran
|-singleturn|p1a: Heatran|Protect
|move|p2a: Ogerpon|Ivy Cudgel|p1a: Heatran|[anim] Ivy Cudgel Water
|-activate|p1a: Heatran|move: Protect
|
|-damage|p2a: Ogerpon|24/100|[from] Leech Seed|[of] p1a: Heatran
|upkeep
|turn|9
|
|t:|1757949030
|-terastallize|p1a: Heatran|Water
|move|p2a: Ogerpon|Ivy Cudgel|p1a: Heatran|[anim] Ivy Cudgel Water
|-resisted|p1a: Heatran
|-damage|p1a: Heatran|32/100
|move|p1a: Heatran|Magma Storm|p2a: Ogerpon|[miss]
|-miss|p1a: Heatran|p2a: Ogerpon
|
|-heal|p1a: Heatran|38/100|[from] item: Leftovers
|-damage|p2a: Ogerpon|12/100|[from] Leech Seed|[of] p1a: Heatran
|-heal|p1a: Heatran|48/100|[silent]
|upkeep
|turn|10
|
|t:|1757949035
|move|p1a: Heatran|Protect|p1a: Heatran
|-singleturn|p1a: Heatran|Protect
|move|p2a: Ogerpon|Horn Leech|p1a: Heatran
|-activate|p1a: Heatran|move: Protect
|
|-heal|p1a: Heatran|54/100|[from] item: Leftovers
|-damage|p2a: Ogerpon|0 fnt|[from] Leech Seed|[of] p1a: Heatran
|-heal|p1a: Heatran|63/100|[silent]
|faint|p2a: Ogerpon
|detailschange|p2: Ogerpon|Ogerpon-Wellspring, F|[silent]
|upkeep
|
|t:|1757949041
|switch|p2a: Black Magic|Meowscarada, M, shiny|100/100
|turn|11
|
|t:|1757949045
|switch|p1a: Corviknight|Corviknight, F|100/100
|-ability|p1a: Corviknight|Pressure
|move|p2a: Black Magic|U-turn|p1a: Corviknight
|-start|p2a: Black Magic|typechange|Bug|[from] ability: Protean
|-resisted|p1a: Corviknight
|-damage|p1a: Corviknight|95/100
|-damage|p2a: Black Magic|84/100|[from] item: Rocky Helmet|[of] p1a: Corviknight
|-damage|p2a: Black Magic|74/100|[from] item: Life Orb
|
|t:|1757949050
|switch|p2a: Dragon Mama|Dragapult, F, shiny|100/100|[from] U-turn
|
|upkeep
|turn|12
|
|t:|1757949053
|move|p2a: Dragon Mama|Will-O-Wisp|p1a: Corviknight
|-status|p1a: Corviknight|brn
|move|p1a: Corviknight|U-turn|p2a: Dragon Mama
|-resisted|p2a: Dragon Mama
|-damage|p2a: Dragon Mama|96/100
|
|t:|1757949056
|switch|p1a: Enamorus|Enamorus, F|100/100|[from] U-turn
|
|upkeep
|turn|13
|
|t:|1757949081
|switch|p2a: Grimmy|Grimmsnarl, M, shiny|100/100
|move|p1a: Enamorus|Play Rough|p2a: Grimmy
|-supereffective|p2a: Grimmy
|-crit|p2a: Grimmy
|-damage|p2a: Grimmy|0 fnt
|faint|p2a: Grimmy
|
|upkeep
|
|t:|1757949089
|switch|p2a: Black Magic|Meowscarada, M, shiny|74/100
|turn|14
|
|t:|1757949094
|switch|p1a: Corviknight|Corviknight, F|95/100 brn
|-ability|p1a: Corviknight|Pressure
|move|p2a: Black Magic|Copycat|p2a: Black Magic
|move|p2a: Black Magic|Play Rough|p1a: Corviknight|[from] move: Copycat
|-start|p2a: Black Magic|typechange|Fairy|[from] ability: Protean
|-resisted|p1a: Corviknight
|-damage|p1a: Corviknight|79/100 brn
|-damage|p2a: Black Magic|58/100|[from] item: Rocky Helmet|[of] p1a: Corviknight
|-damage|p2a: Black Magic|48/100|[from] item: Life Orb
|
|-damage|p1a: Corviknight|73/100 brn|[from] brn
|upkeep
|turn|15
|-message|demarcusio forfeited.
|
|win|cruisinjoelist
|raw|cruisinjoelist's rating: 1251 &rarr; <strong>1277</strong><br />(+26 for winning)
|raw|demarcusio's rating: 1262 &rarr; <strong>1236</strong><br />(-26 for losing)
|l|☆demarcusio
|player|p2|
|l|☆cruisinjoelist
|player|p1|
