|j|☆zorven
|j|☆loneslopeman
|t:|1757827979
|gametype|singles
|player|p1|zorven|265|1128
|player|p2|loneslopeman|169|1197
|gen|9
|tier|[Gen 9] OU
|rated|
|rule|HP Percentage Mod: HP is shown in percentages
|rule|Endless Battle Clause: Forcing endless battles is banned
|rule|Species Clause: Limit one of each Pokémon
|rule|OHKO Clause: OHKO moves are banned
|rule|Evasion Items Clause: Evasion items are banned
|rule|Evasion Moves Clause: Evasion moves are banned
|rule|Evasion Abilities Clause: Evasion abilities are banned
|rule|Sleep Moves Clause: Sleep-inducing moves are banned
|clearpoke
|poke|p1|Ceruledge, M|
|poke|p1|Walking Wake|
|poke|p1|Great Tusk|
|poke|p1|Iron Valiant|
|poke|p1|Ninetales, M|
|poke|p1|Hatterene, F|
|poke|p2|Zarude-Dada|
|poke|p2|Torkoal, F|
|poke|p2|Scream Tail|
|poke|p2|Arboliva, F|
|poke|p2|Great Tusk|
|poke|p2|Zamazenta-*|
|teampreview
|
|t:|1757827985
|teamsize|p1|6
|teamsize|p2|6
|start
|switch|p1a: Ninetales|Ninetales, M|100/100
|switch|p2a: Arboliva|Arboliva, F|100/100
|-weather|SunnyDay|[from] ability: Drought|[of] p1a: Ninetales
|turn|1
|
|t:|1757827999
|switch|p2a: Scream Tail|Scream Tail|100/100
|-activate|p2a: Scream Tail|ability: Protosynthesis
|-start|p2a: Scream Tail|protosynthesisspd
|move|p1a: Ninetales|Weather Ball|p2a: Scream Tail
|-damage|p2a: Scream Tail|77/100
|
|-weather|SunnyDay|[upkeep]
|upkeep
|turn|2
|
|t:|1757828011
|move|p1a: Ninetales|Will-O-Wisp|p2a: Scream Tail
|-status|p2a: Scream Tail|brn
|move|p2a: Scream Tail|Light Screen|p2a: Scream Tail
|-sidestart|p2: loneslopeman|move: Light Screen
|
|-weather|SunnyDay|[upkeep]
|-damage|p2a: Scream Tail|71/100 brn|[from] brn
|upkeep
|turn|3
|
|t:|1757828018
|move|p1a: Ninetales|Encore|p2a: Scream Tail
|-start|p2a: Scream Tail|Encore
|move|p2a: Scream Tail|Light Screen||[still]
|-fail|p2a: Scream Tail
|
|-weather|SunnyDay|[upkeep]
|-damage|p2a: Scream Tail|64/100 brn|[from] brn
|upkeep
|turn|4
|
|t:|1757828028
|switch|p1a: Ceruledge|Ceruledge, M|100/100
|-end|p2a: Scream Tail|Protosynthesis|[silent]
|switch|p2a: Zarude|Zarude-Dada|100/100
|
|-weather|SunnyDay|[upkeep]
|upkeep
|turn|5
|
|t:|1757828043
|switch|p2a: Zamazenta|Zamazenta|100/100
|-ability|p2a: Zamazenta|Dauntless Shield|boost
|-boost|p2a: Zamazenta|def|1
|move|p1a: Ceruledge|Bitter Blade|p2a: Zamazenta
|-damage|p2a: Zamazenta|70/100
|
|-weather|SunnyDay|[upkeep]
|-heal|p2a: Zamazenta|77/100|[from] item: Leftovers
|upkeep
|turn|6
|
|t:|1757828069
|switch|p1a: Great Tusk|Great Tusk|100/100
|-activate|p1a: Great Tusk|ability: Protosynthesis
|-start|p1a: Great Tusk|protosynthesisatk
|move|p2a: Zamazenta|Crunch|p1a: Great Tusk
|-resisted|p1a: Great Tusk
|-damage|p1a: Great Tusk|93/100
|-damage|p2a: Zamazenta|60/100|[from] item: Rocky Helmet|[of] p1a: Great Tusk
|
|-weather|SunnyDay|[upkeep]
|-heal|p2a: Zamazenta|66/100|[from] item: Leftovers
|upkeep
|turn|7
|
|t:|1757828080
|move|p2a: Zamazenta|Iron Defense|p2a: Zamazenta
|-boost|p2a: Zamazenta|def|2
|move|p1a: Great Tusk|Stealth Rock|p2a: Zamazenta
|-sidestart|p2: loneslopeman|move: Stealth Rock
|
|-weather|SunnyDay|[upkeep]
|-heal|p2a: Zamazenta|72/100|[from] item: Leftovers
|upkeep
|turn|8
|
|t:|1757828094
|move|p2a: Zamazenta|Iron Defense|p2a: Zamazenta
|-boost|p2a: Zamazenta|def|2
|move|p1a: Great Tusk|Knock Off|p2a: Zamazenta
|-resisted|p2a: Zamazenta
|-damage|p2a: Zamazenta|69/100
|-enditem|p2a: Zamazenta|Leftovers|[from] move: Knock Off|[of] p1a: Great Tusk
|
|-weather|none
|-end|p1a: Great Tusk|Protosynthesis
|upkeep
|turn|9
|
|t:|1757828107
|-end|p1a: Great Tusk|Protosynthesis|[silent]
|switch|p1a: Ninetales|Ninetales, M|100/100
|-weather|SunnyDay|[from] ability: Drought|[of] p1a: Ninetales
|move|p2a: Zamazenta|Body Press|p1a: Ninetales
|-damage|p1a: Ninetales|0 fnt
|faint|p1a: Ninetales
|
|-weather|SunnyDay|[upkeep]
|-sideend|p2: loneslopeman|move: Light Screen
|upkeep
|
|t:|1757828117
|switch|p1a: Hatterene|Hatterene, F|100/100
|turn|10
|
|t:|1757828132
|switch|p2a: Arboliva|Arboliva, F|100/100
|-damage|p2a: Arboliva|88/100|[from] Stealth Rock
|move|p1a: Hatterene|Mystical Fire|p2a: Arboliva
|-supereffective|p2a: Arboliva
|-damage|p2a: Arboliva|25/100
|-unboost|p2a: Arboliva|spa|1
|-enditem|p2a: Arboliva|Sitrus Berry|[eat]
|-heal|p2a: Arboliva|50/100|[from] item: Sitrus Berry
|
|-weather|SunnyDay|[upkeep]
|-item|p2a: Arboliva|Sitrus Berry|[from] ability: Harvest
|upkeep
|-enditem|p2a: Arboliva|Sitrus Berry|[eat]
|-heal|p2a: Arboliva|75/100|[from] item: Sitrus Berry
|turn|11
|
|t:|1757828160
|move|p2a: Arboliva|Energy Ball|p1a: Hatterene
|-damage|p1a: Hatterene|67/100
|move|p1a: Hatterene|Mystical Fire|p2a: Arboliva
|-supereffective|p2a: Arboliva
|-damage|p2a: Arboliva|19/100
|-unboost|p2a: Arboliva|spa|1
|
|-weather|SunnyDay|[upkeep]
|-heal|p1a: Hatterene|73/100|[from] item: Leftovers
|-item|p2a: Arboliva|Sitrus Berry|[from] ability: Harvest
|upkeep
|-enditem|p2a: Arboliva|Sitrus Berry|[eat]
|-heal|p2a: Arboliva|44/100|[from] item: Sitrus Berry
|turn|12
|
|t:|1757828185
|move|p2a: Arboliva|Energy Ball|p1a: Hatterene
|-damage|p1a: Hatterene|46/100
|move|p1a: Hatterene|Mystical Fire|p2a: Arboliva
|-supereffective|p2a: Arboliva
|-damage|p2a: Arboliva|0 fnt
|faint|p2a: Arboliva
|
|-weather|SunnyDay|[upkeep]
|-heal|p1a: Hatterene|52/100|[from] item: Leftovers
|upkeep
|
|t:|1757828198
|switch|p2a: Scream Tail|Scream Tail|64/100 brn
|-damage|p2a: Scream Tail|52/100 brn|[from] Stealth Rock
|-activate|p2a: Scream Tail|ability: Protosynthesis
|-start|p2a: Scream Tail|protosynthesisspd
|turn|13
|
|t:|1757828215
|move|p2a: Scream Tail|Light Screen|p2a: Scream Tail
|-sidestart|p2: loneslopeman|move: Light Screen
|move|p1a: Hatterene|Draining Kiss|p2a: Scream Tail
|-damage|p2a: Scream Tail|46/100 brn
|-heal|p1a: Hatterene|57/100|[from] drain|[of] p2a: Scream Tail
|
|-weather|SunnyDay|[upkeep]
|-heal|p1a: Hatterene|63/100|[from] item: Leftovers
|-damage|p2a: Scream Tail|40/100 brn|[from] brn
|upkeep
|turn|14
|
|t:|1757828236
|-end|p2a: Scream Tail|Protosynthesis|[silent]
|switch|p2a: Zarude|Zarude-Dada|100/100
|-damage|p2a: Zarude|88/100|[from] Stealth Rock
|move|p1a: Hatterene|Mystical Fire|p2a: Zarude
|-supereffective|p2a: Zarude
|-damage|p2a: Zarude|55/100
|-unboost|p2a: Zarude|spa|1
|
|-weather|SunnyDay|[upkeep]
|-heal|p2a: Zarude|61/100|[from] item: Leftovers
|-heal|p1a: Hatterene|69/100|[from] item: Leftovers
|upkeep
|turn|15
|
|t:|1757828248
|move|p2a: Zarude|Bulk Up|p2a: Zarude
|-boost|p2a: Zarude|atk|1
|-boost|p2a: Zarude|def|1
|move|p1a: Hatterene|Mystical Fire|p2a: Zarude
|-supereffective|p2a: Zarude
|-damage|p2a: Zarude|28/100
|-unboost|p2a: Zarude|spa|1
|
|-weather|SunnyDay|[upkeep]
|-heal|p2a: Zarude|34/100|[from] item: Leftovers
|-heal|p1a: Hatterene|75/100|[from] item: Leftovers
|upkeep
|turn|16
|
|t:|1757828257
|move|p2a: Zarude|Synthesis|p2a: Zarude
|-heal|p2a: Zarude|100/100
|move|p1a: Hatterene|Mystical Fire|p2a: Zarude
|-supereffective|p2a: Zarude
|-damage|p2a: Zarude|71/100
|-unboost|p2a: Zarude|spa|1
|
|-weather|none
|-heal|p2a: Zarude|77/100|[from] item: Leftovers
|-heal|p1a: Hatterene|81/100|[from] item: Leftovers
|upkeep
|turn|17
|
|t:|1757828272
|move|p2a: Zarude|Bulk Up|p2a: Zarude
|-boost|p2a: Zarude|atk|1
|-boost|p2a: Zarude|def|1
|move|p1a: Hatterene|Draining Kiss|p2a: Zarude
|-supereffective|p2a: Zarude
|-damage|p2a: Zarude|57/100
|-heal|p1a: Hatterene|98/100|[from] drain|[of] p2a: Zarude
|
|-heal|p2a: Zarude|63/100|[from] item: Leftovers
|-heal|p1a: Hatterene|100/100|[from] item: Leftovers
|upkeep
|turn|18
|
|t:|1757828288
|move|p2a: Zarude|Bulk Up|p2a: Zarude
|-boost|p2a: Zarude|atk|1
|-boost|p2a: Zarude|def|1
|move|p1a: Hatterene|Mystical Fire|p2a: Zarude
|-supereffective|p2a: Zarude
|-damage|p2a: Zarude|42/100
|-unboost|p2a: Zarude|spa|1
|
|-heal|p2a: Zarude|48/100|[from] item: Leftovers
|upkeep
|turn|19
|
|t:|1757828300
|move|p2a: Zarude|Synthesis|p2a: Zarude
|-heal|p2a: Zarude|98/100
|move|p1a: Hatterene|Mystical Fire|p2a: Zarude
|-supereffective|p2a: Zarude
|-damage|p2a: Zarude|76/100
|-unboost|p2a: Zarude|spa|1
|
|-heal|p2a: Zarude|82/100|[from] item: Leftovers
|upkeep
|turn|20
|
|t:|1757828309
|move|p2a: Zarude|Petal Blizzard|p1a: Hatterene
|-damage|p1a: Hatterene|14/100
|move|p1a: Hatterene|Mystical Fire|p2a: Zarude
|-supereffective|p2a: Zarude
|-damage|p2a: Zarude|60/100
|-unboost|p2a: Zarude|spa|1
|
|-heal|p2a: Zarude|66/100|[from] item: Leftovers
|-heal|p1a: Hatterene|20/100|[from] item: Leftovers
|-sideend|p2: loneslopeman|move: Light Screen
|upkeep
|turn|21
|
|t:|1757828320
|move|p2a: Zarude|Knock Off|p1a: Hatterene
|-damage|p1a: Hatterene|0 fnt
|-enditem|p1a: Hatterene|Leftovers|[from] move: Knock Off|[of] p2a: Zarude
|faint|p1a: Hatterene
|
|-heal|p2a: Zarude|72/100|[from] item: Leftovers
|upkeep
|
|t:|1757828336
|switch|p1a: Iron Valiant|Iron Valiant|100/100
|-enditem|p1a: Iron Valiant|Booster Energy
|-activate|p1a: Iron Valiant|ability: Quark Drive|[fromitem]
|-start|p1a: Iron Valiant|quarkdrivespe
|turn|22
|
|t:|1757828346
|-terastallize|p2a: Zarude|Grass
|move|p1a: Iron Valiant|Moonblast|p2a: Zarude
|-damage|p2a: Zarude|36/100
|move|p2a: Zarude|Petal Blizzard|p1a: Iron Valiant
|-damage|p1a: Iron Valiant|0 fnt
|faint|p1a: Iron Valiant
|-end|p1a: Iron Valiant|Quark Drive|[silent]
|
|-heal|p2a: Zarude|42/100|[from] item: Leftovers
|upkeep
|
|t:|1757828357
|switch|p1a: Ceruledge|Ceruledge, M|100/100
|turn|23
|
|t:|1757828364
|move|p2a: Zarude|Knock Off|p1a: Ceruledge
|-supereffective|p1a: Ceruledge
|-enditem|p1a: Ceruledge|Focus Sash
|-damage|p1a: Ceruledge|1/100
|-ability|p1a: Ceruledge|Weak Armor|boost
|-unboost|p1a: Ceruledge|def|1
|-boost|p1a: Ceruledge|spe|2
|move|p1a: Ceruledge|Bitter Blade|p2a: Zarude
|-supereffective|p2a: Zarude
|-damage|p2a: Zarude|10/100
|-heal|p1a: Ceruledge|20/100|[from] drain|[of] p2a: Zarude
|
|-heal|p2a: Zarude|16/100|[from] item: Leftovers
|upkeep
|turn|24
|
|t:|1757828381
|switch|p2a: Zamazenta|Zamazenta|69/100
|-damage|p2a: Zamazenta|62/100|[from] Stealth Rock
|move|p1a: Ceruledge|Shadow Sneak|p2a: Zamazenta
|-damage|p2a: Zamazenta|50/100
|
|upkeep
|turn|25
|
|t:|1757828394
|move|p1a: Ceruledge|Bitter Blade|p2a: Zamazenta
|-damage|p2a: Zamazenta|22/100
|-heal|p1a: Ceruledge|39/100|[from] drain|[of] p2a: Zamazenta
|move|p2a: Zamazenta|Sunny Day|p2a: Zamazenta
|-weather|SunnyDay
|
|-weather|SunnyDay|[upkeep]
|upkeep
|turn|26
|
|t:|1757828401
|move|p1a: Ceruledge|Bitter Blade|p2a: Zamazenta
|-damage|p2a: Zamazenta|0 fnt
|-heal|p1a: Ceruledge|53/100|[from] drain|[of] p2a: Zamazenta
|faint|p2a: Zamazenta
|
|-weather|SunnyDay|[upkeep]
|upkeep
|
|t:|1757828407
|switch|p2a: Great Tusk|Great Tusk|100/100
|-damage|p2a: Great Tusk|98/100|[from] Stealth Rock
|-activate|p2a: Great Tusk|ability: Protosynthesis
|-start|p2a: Great Tusk|protosynthesisatk
|turn|27
|
|t:|1757828415
|move|p1a: Ceruledge|Poltergeist|p2a: Great Tusk
|-activate|p2a: Great Tusk|move: Poltergeist|Assault Vest
|-damage|p2a: Great Tusk|63/100
|move|p2a: Great Tusk|Earthquake|p1a: Ceruledge
|-supereffective|p1a: Ceruledge
|-damage|p1a: Ceruledge|0 fnt
|faint|p1a: Ceruledge
|
|-weather|SunnyDay|[upkeep]
|upkeep
|
|t:|1757828423
|switch|p1a: Walking Wake|Walking Wake|100/100
|-activate|p1a: Walking Wake|ability: Protosynthesis
|-start|p1a: Walking Wake|protosynthesisspa
|turn|28
|
|t:|1757828431
|-end|p2a: Great Tusk|Protosynthesis|[silent]
|switch|p2a: Torkoal|Torkoal, F|100/100
|-damage|p2a: Torkoal|76/100|[from] Stealth Rock
|move|p1a: Walking Wake|Hydro Steam|p2a: Torkoal
|-supereffective|p2a: Torkoal
|-damage|p2a: Torkoal|0 fnt
|faint|p2a: Torkoal
|
|-weather|SunnyDay|[upkeep]
|upkeep
|
|t:|1757828441
|switch|p2a: Scream Tail|Scream Tail|40/100 brn
|-damage|p2a: Scream Tail|28/100 brn|[from] Stealth Rock
|-activate|p2a: Scream Tail|ability: Protosynthesis
|-start|p2a: Scream Tail|protosynthesisspd
|turn|29
|
|t:|1757828448
|move|p1a: Walking Wake|Hydro Steam|p2a: Scream Tail
|-damage|p2a: Scream Tail|0 fnt
|faint|p2a: Scream Tail
|-end|p2a: Scream Tail|Protosynthesis|[silent]
|
|-weather|none
|-end|p1a: Walking Wake|Protosynthesis
|upkeep
|
|t:|1757828455
|switch|p2a: Zarude|Zarude-Dada, tera:Grass|16/100
|-damage|p2a: Zarude|3/100|[from] Stealth Rock
|turn|30
|
|t:|1757828460
|move|p1a: Walking Wake|Hydro Steam|p2a: Zarude
|-resisted|p2a: Zarude
|-damage|p2a: Zarude|0 fnt
|faint|p2a: Zarude
|
|upkeep
|-message|loneslopeman forfeited.
|
|win|zorven
|raw|zorven's rating: 1128 &rarr; <strong>1158</strong><br />(+30 for winning)
|raw|loneslopeman's rating: 1197 &rarr; <strong>1167</strong><br />(-30 for losing)
|l|☆loneslopeman
|player|p2|
|c|☆zorven|gg
|l|☆zorven
|player|p1|
