|j|☆EdgingCeaselesslly
|j|☆jeet999
|t:|1757829133
|gametype|singles
|player|p1|EdgingCeaselesslly|265|1621
|player|p2|jeet999|cynthia-masters|1564
|gen|9
|tier|[Gen 9] OU
|rated|
|rule|HP Percentage Mod: HP is shown in percentages
|rule|Endless Battle Clause: Forcing endless battles is banned
|rule|Species Clause: Limit one of each Pokémon
|rule|OHKO Clause: OHKO moves are banned
|rule|Evasion Items Clause: Evasion items are banned
|rule|Evasion Moves Clause: Evasion moves are banned
|rule|Evasion Abilities Clause: Evasion abilities are banned
|rule|Sleep Moves Clause: Sleep-inducing moves are banned
|clearpoke
|poke|p1|Landorus-Therian, M|
|poke|p1|Samurott-Hisui, F|
|poke|p1|Scizor, M|
|poke|p1|Latios, M|
|poke|p1|Zamazenta-*|
|poke|p1|Pecharunt|
|poke|p2|Indeedee, M|
|poke|p2|Hatterene, F|
|poke|p2|Ursaluna, F|
|poke|p2|Iron Hands|
|poke|p2|Hoopa-Unbound|
|poke|p2|Mimikyu, F|
|teampreview
|inactive|Battle timer is ON: inactive players will automatically lose when time's up. (requested by jeet999)
|
|t:|1757829142
|teamsize|p1|6
|teamsize|p2|6
|start
|switch|p1a: Landorus|Landorus-Therian, M|100/100
|switch|p2a: LEBRON|Iron Hands, shiny|100/100
|-ability|p1a: Landorus|Intimidate|boost
|-unboost|p2a: LEBRON|atk|1
|-enditem|p2a: LEBRON|Booster Energy
|-activate|p2a: LEBRON|ability: Quark Drive|[fromitem]
|-start|p2a: LEBRON|quarkdriveatk
|turn|1
|
|t:|1757829153
|-end|p2a: LEBRON|Quark Drive|[silent]
|switch|p2a: Subaru|Indeedee, M, shiny|100/100
|-fieldstart|move: Psychic Terrain|[from] ability: Psychic Surge|[of] p2a: Subaru
|move|p1a: Landorus|Earthquake|p2a: Subaru
|-damage|p2a: Subaru|46/100
|
|upkeep
|turn|2
|
|t:|1757829162
|switch|p1a: Samurott|Samurott-Hisui, F|100/100
|move|p2a: Subaru|Trick Room|p2a: Subaru
|-fieldstart|move: Trick Room|[of] p2a: Subaru
|
|upkeep
|turn|3
|
|t:|1757829171
|switch|p2a: LEBRON|Iron Hands, shiny|100/100
|move|p1a: Samurott|Ceaseless Edge|p2a: LEBRON
|-resisted|p2a: LEBRON
|-damage|p2a: LEBRON|83/100
|-sidestart|p2: jeet999|Spikes
|
|upkeep
|turn|4
|
|t:|1757829200
|switch|p1a: Landorus|Landorus-Therian, M|100/100
|-ability|p1a: Landorus|Intimidate|boost
|-unboost|p2a: LEBRON|atk|1
|move|p2a: LEBRON|Ice Punch|p1a: Landorus
|-supereffective|p1a: Landorus
|-damage|p1a: Landorus|21/100
|-damage|p2a: LEBRON|66/100|[from] item: Rocky Helmet|[of] p1a: Landorus
|
|upkeep
|turn|5
|
|t:|1757829216
|switch|p1a: Pecharunt|Pecharunt|100/100
|move|p2a: LEBRON|Close Combat|p1a: Pecharunt
|-immune|p1a: Pecharunt
|
|upkeep
|turn|6
|
|t:|1757829225
|-end|p2a: LEBRON|Quark Drive|[silent]
|switch|p2a: Subaru|Indeedee, M, shiny|46/100
|-damage|p2a: Subaru|33/100|[from] Spikes
|move|p1a: Pecharunt|Malignant Chain|p2a: Subaru
|-crit|p2a: Subaru
|-damage|p2a: Subaru|0 fnt
|faint|p2a: Subaru
|
|-fieldend|move: Trick Room
|upkeep
|
|t:|1757829235
|switch|p2a: Satella|Hatterene, F, shiny|100/100
|-damage|p2a: Satella|88/100|[from] Spikes
|turn|7
|
|t:|1757829256
|-terastallize|p1a: Pecharunt|Ghost
|move|p1a: Pecharunt|Shadow Ball|p2a: Satella
|-supereffective|p2a: Satella
|-damage|p2a: Satella|23/100
|move|p2a: Satella|Expanding Force|p1a: Pecharunt
|-damage|p1a: Pecharunt|0 fnt
|faint|p1a: Pecharunt
|-damage|p2a: Satella|13/100|[from] item: Life Orb
|
|upkeep
|
|t:|1757829264
|switch|p1a: Samurott|Samurott-Hisui, F|100/100
|turn|8
|
|t:|1757829268
|move|p1a: Samurott|Ceaseless Edge|p2a: Satella
|-damage|p2a: Satella|0 fnt
|-sidestart|p2: jeet999|Spikes
|faint|p2a: Satella
|
|-fieldend|move: Psychic Terrain
|upkeep
|
|t:|1757829282
|switch|p2a: King Von|Hoopa-Unbound|100/100
|-damage|p2a: King Von|84/100|[from] Spikes
|turn|9
|
|t:|1757829286
|move|p1a: Samurott|Ceaseless Edge|p2a: King Von
|-damage|p2a: King Von|29/100
|-sidestart|p2: jeet999|Spikes
|move|p2a: King Von|Trick Room|p2a: King Von
|-fieldstart|move: Trick Room|[of] p2a: King Von
|
|upkeep
|turn|10
|
|t:|1757829292
|move|p1a: Samurott|Aqua Jet|p2a: King Von
|-damage|p2a: King Von|7/100
|move|p2a: King Von|Focus Blast|p1a: Samurott
|-supereffective|p1a: Samurott
|-crit|p1a: Samurott
|-damage|p1a: Samurott|0 fnt
|faint|p1a: Samurott
|
|upkeep
|
|t:|1757829297
|switch|p1a: Scizor|Scizor, M|100/100
|turn|11
|
|t:|1757829301
|move|p1a: Scizor|Bullet Punch|p2a: King Von
|-damage|p2a: King Von|0 fnt
|faint|p2a: King Von
|
|upkeep
|
|t:|1757829312
|switch|p2a: LEBRON|Iron Hands, shiny|66/100
|-damage|p2a: LEBRON|41/100|[from] Spikes
|turn|12
|
|t:|1757829320
|switch|p1a: Landorus|Landorus-Therian, M|21/100
|-ability|p1a: Landorus|Intimidate|boost
|-unboost|p2a: LEBRON|atk|1
|move|p2a: LEBRON|Close Combat|p1a: Landorus
|-resisted|p1a: Landorus
|-crit|p1a: Landorus
|-damage|p1a: Landorus|0 fnt
|-unboost|p2a: LEBRON|def|1
|-unboost|p2a: LEBRON|spd|1
|-damage|p2a: LEBRON|24/100|[from] item: Rocky Helmet|[of] p1a: Landorus
|faint|p1a: Landorus
|
|upkeep
|
|t:|1757829326
|switch|p1a: Scizor|Scizor, M|100/100
|turn|13
|
|t:|1757829335
|move|p1a: Scizor|Bullet Punch|p2a: LEBRON
|-resisted|p2a: LEBRON
|-damage|p2a: LEBRON|7/100
|move|p2a: LEBRON|Close Combat|p1a: Scizor
|-damage|p1a: Scizor|45/100
|-unboost|p2a: LEBRON|def|1
|-unboost|p2a: LEBRON|spd|1
|
|-fieldend|move: Trick Room
|upkeep
|turn|14
|
|t:|1757829344
|move|p1a: Scizor|Bullet Punch|p2a: LEBRON
|-resisted|p2a: LEBRON
|-damage|p2a: LEBRON|0 fnt
|faint|p2a: LEBRON
|-end|p2a: LEBRON|Quark Drive|[silent]
|
|upkeep
|
|t:|1757829353
|switch|p2a: Mimi|Mimikyu, F, shiny|100/100
|-damage|p2a: Mimi|76/100|[from] Spikes
|turn|15
|
|t:|1757829359
|move|p1a: Scizor|Bullet Punch|p2a: Mimi
|-activate|p2a: Mimi|ability: Disguise
|-damage|p2a: Mimi|76/100
|detailschange|p2a: Mimi|Mimikyu-Busted, F, shiny
|-damage|p2a: Mimi|63/100|[from] pokemon: Mimikyu-Busted
|-enditem|p2a: Mimi|Red Card|[of] p1a: Scizor
|drag|p1a: Latios|Latios, M|100/100
|move|p2a: Mimi|Trick Room|p2a: Mimi
|-fieldstart|move: Trick Room|[of] p2a: Mimi
|
|upkeep
|turn|16
|
|t:|1757829373
|move|p2a: Mimi|Curse|p1a: Latios
|-start|p1a: Latios|Curse|[of] p2a: Mimi
|-damage|p2a: Mimi|13/100
|move|p1a: Latios|Psychic Noise|p2a: Mimi
|-crit|p2a: Mimi
|-damage|p2a: Mimi|0 fnt
|faint|p2a: Mimi
|
|-damage|p1a: Latios|76/100|[from] Curse
|upkeep
|
|t:|1757829382
|switch|p2a: Crashout YN|Ursaluna, F, shiny|100/100
|-damage|p2a: Crashout YN|76/100|[from] Spikes
|turn|17
|
|t:|1757829388
|-terastallize|p2a: Crashout YN|Normal
|move|p2a: Crashout YN|Ice Punch|p1a: Latios
|-supereffective|p1a: Latios
|-damage|p1a: Latios|0 fnt
|faint|p1a: Latios
|
|-status|p2a: Crashout YN|brn|[from] item: Flame Orb
|upkeep
|
|t:|1757829394
|switch|p1a: Scizor|Scizor, M|45/100
|turn|18
|
|t:|1757829397
|move|p1a: Scizor|Bullet Punch|p2a: Crashout YN
|-damage|p2a: Crashout YN|52/100 brn
|move|p2a: Crashout YN|Facade|p1a: Scizor
|-resisted|p1a: Scizor
|-damage|p1a: Scizor|0 fnt
|faint|p1a: Scizor
|
|-damage|p2a: Crashout YN|46/100 brn|[from] brn
|upkeep
|
|t:|1757829401
|switch|p1a: Zamazenta|Zamazenta|100/100
|-ability|p1a: Zamazenta|Dauntless Shield|boost
|-boost|p1a: Zamazenta|def|1
|turn|19
|
|t:|1757829408
|move|p2a: Crashout YN|Facade|p1a: Zamazenta
|-damage|p1a: Zamazenta|22/100
|move|p1a: Zamazenta|Body Press|p2a: Crashout YN
|-supereffective|p2a: Crashout YN
|-damage|p2a: Crashout YN|0 fnt
|faint|p2a: Crashout YN
|
|win|EdgingCeaselesslly
|raw|EdgingCeaselesslly's rating: 1621 &rarr; <strong>1638</strong><br />(+17 for winning)
|raw|jeet999's rating: 1564 &rarr; <strong>1547</strong><br />(-17 for losing)
|l|☆jeet999
|player|p2|
