|j|☆gymbrogaymer
|j|☆a19a19
|t:|1757943622
|gametype|singles
|player|p1|gymbrogaymer|102|1663
|player|p2|a19a19|red|1705
|gen|9
|tier|[Gen 9] OU
|rated|
|rule|HP Percentage Mod: HP is shown in percentages
|rule|Endless Battle Clause: Forcing endless battles is banned
|rule|Species Clause: Limit one of each Pokémon
|rule|OHKO Clause: OHKO moves are banned
|rule|Evasion Items Clause: Evasion items are banned
|rule|Evasion Moves Clause: Evasion moves are banned
|rule|Evasion Abilities Clause: Evasion abilities are banned
|rule|Sleep Moves Clause: Sleep-inducing moves are banned
|clearpoke
|poke|p1|Ribombee, M|
|poke|p1|Ceruledge, M|
|poke|p1|Meowscarada, M|
|poke|p1|Iron Valiant|
|poke|p1|Great Tusk|
|poke|p1|Hoopa-Unbound|
|poke|p2|Raging Bolt|
|poke|p2|Iron Treads|
|poke|p2|Ting-Lu|
|poke|p2|Gholdengo|
|poke|p2|Zamazenta-*|
|poke|p2|Tornadus-Therian, M|
|teampreview
|
|t:|1757943637
|teamsize|p1|6
|teamsize|p2|6
|start
|switch|p1a: Ceruledge|Ceruledge, M, shiny|100/100
|switch|p2a: Iron Treads|Iron Treads|100/100
|-enditem|p2a: Iron Treads|Booster Energy
|-activate|p2a: Iron Treads|ability: Quark Drive|[fromitem]
|-start|p2a: Iron Treads|quarkdrivespe
|turn|1
|j| Specnier
|j| mask104
|
|t:|1757943648
|-terastallize|p2a: Iron Treads|Ground
|-terastallize|p1a: Ceruledge|Bug
|move|p2a: Iron Treads|Earthquake|p1a: Ceruledge
|-resisted|p1a: Ceruledge
|-damage|p1a: Ceruledge|65/100
|-ability|p1a: Ceruledge|Weak Armor|boost
|-unboost|p1a: Ceruledge|def|1
|-boost|p1a: Ceruledge|spe|2
|move|p1a: Ceruledge|Swords Dance|p1a: Ceruledge
|-boost|p1a: Ceruledge|atk|2
|
|upkeep
|turn|2
|
|t:|1757943665
|move|p2a: Iron Treads|Stone Edge|p1a: Ceruledge|[miss]
|-miss|p2a: Iron Treads|p1a: Ceruledge
|move|p1a: Ceruledge|Swords Dance|p1a: Ceruledge
|-boost|p1a: Ceruledge|atk|2
|
|upkeep
|turn|3
|
|t:|1757943672
|move|p2a: Iron Treads|Stone Edge|p1a: Ceruledge
|-supereffective|p1a: Ceruledge
|-damage|p1a: Ceruledge|0 fnt
|faint|p1a: Ceruledge
|
|upkeep
|inactive|Battle timer is ON: inactive players will automatically lose when time's up. (requested by a19a19)
|
|t:|1757943699
|switch|p1a: Meowscarada|Meowscarada, M|100/100
|turn|4
|
|t:|1757943707
|-end|p2a: Iron Treads|Quark Drive|[silent]
|switch|p2a: Zamazenta|Zamazenta|100/100
|-ability|p2a: Zamazenta|Dauntless Shield|boost
|-boost|p2a: Zamazenta|def|1
|move|p1a: Meowscarada|Flower Trick|p2a: Zamazenta
|-start|p1a: Meowscarada|typechange|Grass|[from] ability: Protean
|-crit|p2a: Zamazenta
|-damage|p2a: Zamazenta|60/100
|
|-heal|p2a: Zamazenta|67/100|[from] item: Leftovers
|upkeep
|turn|5
|
|t:|1757943723
|move|p1a: Meowscarada|Flower Trick|p2a: Zamazenta
|-crit|p2a: Zamazenta
|-damage|p2a: Zamazenta|30/100
|move|p2a: Zamazenta|Roar|p1a: Meowscarada
|drag|p1a: Ribombee|Ribombee, M|100/100
|
|-heal|p2a: Zamazenta|36/100|[from] item: Leftovers
|upkeep
|turn|6
|inactive|a19a19 has 120 seconds left.
|
|t:|1757943748
|move|p2a: Zamazenta|Body Press|p1a: Ribombee
|-resisted|p1a: Ribombee
|-damage|p1a: Ribombee|73/100
|move|p1a: Ribombee|Moonblast|p2a: Zamazenta
|-supereffective|p2a: Zamazenta
|-damage|p2a: Zamazenta|0 fnt
|faint|p2a: Zamazenta
|
|upkeep
|inactive|a19a19 has 120 seconds left.
|
|t:|1757943758
|switch|p2a: Iron Treads|Iron Treads, tera:Ground|100/100
|turn|7
|inactive|a19a19 has 120 seconds left.
|
|t:|1757943765
|move|p1a: Ribombee|Stun Spore|p2a: Iron Treads|[miss]
|-miss|p1a: Ribombee|p2a: Iron Treads
|move|p2a: Iron Treads|Stone Edge|p1a: Ribombee
|-supereffective|p1a: Ribombee
|-damage|p1a: Ribombee|0 fnt
|faint|p1a: Ribombee
|
|upkeep
|
|t:|1757943776
|switch|p1a: Meowscarada|Meowscarada, M|100/100
|turn|8
|inactive|a19a19 has 120 seconds left.
|
|t:|1757943798
|move|p1a: Meowscarada|Triple Axel|p2a: Iron Treads|[miss]
|-start|p1a: Meowscarada|typechange|Ice|[from] ability: Protean
|-miss|p1a: Meowscarada|p2a: Iron Treads
|move|p2a: Iron Treads|Ice Spinner|p1a: Meowscarada
|-resisted|p1a: Meowscarada
|-damage|p1a: Meowscarada|81/100
|
|upkeep
|turn|9
|inactive|a19a19 has 120 seconds left.
|
|t:|1757943812
|move|p1a: Meowscarada|Triple Axel|p2a: Iron Treads
|-supereffective|p2a: Iron Treads
|-damage|p2a: Iron Treads|84/100
|-supereffective|p2a: Iron Treads
|-damage|p2a: Iron Treads|54/100
|-supereffective|p2a: Iron Treads
|-damage|p2a: Iron Treads|6/100
|-hitcount|p2a: Iron Treads|3
|move|p2a: Iron Treads|Earthquake|p1a: Meowscarada
|-damage|p1a: Meowscarada|0 fnt
|faint|p1a: Meowscarada
|
|upkeep
|
|t:|1757943824
|switch|p1a: Great Tusk|Great Tusk|100/100
|turn|10
|
|t:|1757943833
|move|p2a: Iron Treads|Earthquake|p1a: Great Tusk
|-damage|p1a: Great Tusk|61/100
|move|p1a: Great Tusk|Bulk Up|p1a: Great Tusk
|-boost|p1a: Great Tusk|atk|1
|-boost|p1a: Great Tusk|def|1
|
|-heal|p1a: Great Tusk|67/100|[from] item: Leftovers
|upkeep
|turn|11
|
|t:|1757943848
|move|p2a: Iron Treads|Earthquake|p1a: Great Tusk
|-damage|p1a: Great Tusk|39/100
|move|p1a: Great Tusk|Bulk Up|p1a: Great Tusk
|-boost|p1a: Great Tusk|atk|1
|-boost|p1a: Great Tusk|def|1
|
|-heal|p1a: Great Tusk|45/100|[from] item: Leftovers
|upkeep
|turn|12
|
|t:|1757943864
|move|p2a: Iron Treads|Earthquake|p1a: Great Tusk
|-damage|p1a: Great Tusk|25/100
|move|p1a: Great Tusk|Rapid Spin|p2a: Iron Treads
|-damage|p2a: Iron Treads|0 fnt
|-boost|p1a: Great Tusk|spe|1
|faint|p2a: Iron Treads
|-end|p2a: Iron Treads|Quark Drive|[silent]
|
|-heal|p1a: Great Tusk|32/100|[from] item: Leftovers
|upkeep
|inactive|a19a19 has 120 seconds left.
|
|t:|1757943880
|switch|p2a: Gholdengo|Gholdengo|100/100
|-item|p2a: Gholdengo|Air Balloon
|turn|13
|inactive|a19a19 has 120 seconds left.
|
|t:|1757943893
|-end|p1a: Great Tusk|Protosynthesis|[silent]
|switch|p1a: Hoopa|Hoopa-Unbound|100/100
|move|p2a: Gholdengo|Make It Rain|p1a: Hoopa
|-damage|p1a: Hoopa|41/100
|-unboost|p2a: Gholdengo|spa|1
|
|upkeep
|turn|14
|inactive|a19a19 has 120 seconds left.
|
|t:|1757943916
|move|p1a: Hoopa|Dark Pulse|p2a: Gholdengo
|-supereffective|p2a: Gholdengo
|-damage|p2a: Gholdengo|0 fnt
|-enditem|p2a: Gholdengo|Air Balloon
|faint|p2a: Gholdengo
|-damage|p1a: Hoopa|31/100|[from] item: Life Orb
|
|upkeep
|
|t:|1757943927
|switch|p2a: Tornadus|Tornadus-Therian, M|100/100
|turn|15
|
|t:|1757943935
|move|p2a: Tornadus|Dark Pulse|p1a: Hoopa
|-damage|p1a: Hoopa|1/100
|-damage|p2a: Tornadus|91/100|[from] item: Life Orb
|cant|p1a: Hoopa|flinch
|
|upkeep
|turn|16
|
|t:|1757943947
|move|p2a: Tornadus|Dark Pulse|p1a: Hoopa
|-damage|p1a: Hoopa|0 fnt
|faint|p1a: Hoopa
|-damage|p2a: Tornadus|81/100|[from] item: Life Orb
|
|upkeep
|
|t:|1757943953
|switch|p1a: Iron Valiant|Iron Valiant|100/100
|-enditem|p1a: Iron Valiant|Booster Energy
|-activate|p1a: Iron Valiant|ability: Quark Drive|[fromitem]
|-start|p1a: Iron Valiant|quarkdrivespa
|turn|17
|
|t:|1757943965
|move|p2a: Tornadus|Bleakwind Storm|p1a: Iron Valiant
|-supereffective|p1a: Iron Valiant
|-damage|p1a: Iron Valiant|0 fnt
|faint|p1a: Iron Valiant
|-end|p1a: Iron Valiant|Quark Drive|[silent]
|-damage|p2a: Tornadus|71/100|[from] item: Life Orb
|
|upkeep
|inactive|gymbrogaymer has 120 seconds left.
|-message|gymbrogaymer forfeited.
|
|win|a19a19
|raw|gymbrogaymer's rating: 1663 &rarr; <strong>1645</strong><br />(-18 for losing)
|raw|a19a19's rating: 1705 &rarr; <strong>1723</strong><br />(+18 for winning)
|l|☆gymbrogaymer
|player|p1|
|l| mask104
|l|☆a19a19
|player|p2|
|l| Specnier
