|j|☆Caminou23
|j|☆Campyy
|t:|1757913050
|gametype|singles
|player|p1|Caminou23|nate|1150
|player|p2|Campyy|265|1187
|gen|9
|tier|[Gen 9] OU
|rated|
|rule|HP Percentage Mod: HP is shown in percentages
|rule|Endless Battle Clause: Forcing endless battles is banned
|rule|Species Clause: Limit one of each Pokémon
|rule|OHKO Clause: OHKO moves are banned
|rule|Evasion Items Clause: Evasion items are banned
|rule|Evasion Moves Clause: Evasion moves are banned
|rule|Evasion Abilities Clause: Evasion abilities are banned
|rule|Sleep Moves Clause: Sleep-inducing moves are banned
|clearpoke
|poke|p1|Kommo-o, M|
|poke|p1|Zoroark-Hisui, F|
|poke|p1|Enamorus, F|
|poke|p1|Samurott-Hisui, M|
|poke|p1|Vikavolt, F|
|poke|p1|Iron Moth|
|poke|p2|Dragonite, F|
|poke|p2|Samurott-Hisui, M|
|poke|p2|Garganacl, F|
|poke|p2|Iron Treads|
|poke|p2|Iron Valiant|
|poke|p2|Pecharunt|
|teampreview
|inactive|Battle timer is ON: inactive players will automatically lose when time's up. (requested by Campyy)
|
|t:|1757913062
|teamsize|p1|6
|teamsize|p2|6
|start
|switch|p1a: Samurott|Samurott-Hisui, M|100/100
|switch|p2a: Samurott|Samurott-Hisui, M|100/100
|turn|1
|
|t:|1757913068
|move|p2a: Samurott|Ceaseless Edge|p1a: Samurott
|-supereffective|p1a: Samurott
|-enditem|p1a: Samurott|Focus Sash
|-damage|p1a: Samurott|1/100
|replace|p1a: Zoroark|Zoroark-Hisui, F, shiny
|-end|p1a: Zoroark|Illusion
|-sidestart|p1: Caminou23|Spikes
|move|p1a: Zoroark|Focus Blast|p2a: Samurott
|-supereffective|p2a: Samurott
|-damage|p2a: Samurott|0 fnt
|faint|p2a: Samurott
|
|upkeep
|
|t:|1757913090
|switch|p2a: G|Garganacl, F, shiny|100/100
|turn|2
|
|t:|1757913093
|-terastallize|p2a: G|Water
|move|p1a: Zoroark|Focus Blast|p2a: G
|-damage|p2a: G|74/100
|move|p2a: G|Salt Cure|p1a: Zoroark
|-damage|p1a: Zoroark|0 fnt
|faint|p1a: Zoroark
|
|-heal|p2a: G|80/100|[from] item: Leftovers
|upkeep
|inactive|Caminou23 has 120 seconds left.
|
|t:|1757913140
|switch|p1a: Iron Moth|Iron Moth, shiny|100/100
|-damage|p1a: Iron Moth|88/100|[from] Spikes
|-enditem|p1a: Iron Moth|Booster Energy
|-activate|p1a: Iron Moth|ability: Quark Drive|[fromitem]
|-start|p1a: Iron Moth|quarkdrivespa
|turn|3
|
|t:|1757913146
|-terastallize|p1a: Iron Moth|Grass
|move|p1a: Iron Moth|Tera Blast|p2a: G|[anim] Tera Blast Grass
|-supereffective|p2a: G
|-damage|p2a: G|9/100
|move|p2a: G|Salt Cure|p1a: Iron Moth
|-damage|p1a: Iron Moth|64/100
|-start|p1a: Iron Moth|Salt Cure
|
|-heal|p2a: G|15/100|[from] item: Leftovers
|-damage|p1a: Iron Moth|52/100|[from] Salt Cure
|upkeep
|turn|4
|inactive|Caminou23 has 120 seconds left.
|
|t:|1757913158
|move|p2a: G|Protect|p2a: G
|-singleturn|p2a: G|Protect
|move|p1a: Iron Moth|Tera Blast|p2a: G|[anim] Tera Blast Grass
|-activate|p2a: G|move: Protect
|
|-heal|p2a: G|21/100|[from] item: Leftovers
|-damage|p1a: Iron Moth|40/100|[from] Salt Cure
|upkeep
|turn|5
|inactive|Caminou23 has 120 seconds left.
|
|t:|1757913168
|switch|p2a: Pecharunt|Pecharunt|100/100
|-item|p2a: Pecharunt|Air Balloon
|move|p1a: Iron Moth|Tera Blast|p2a: Pecharunt|[anim] Tera Blast Grass
|-resisted|p2a: Pecharunt
|-damage|p2a: Pecharunt|71/100
|-enditem|p2a: Pecharunt|Air Balloon
|
|-damage|p1a: Iron Moth|28/100|[from] Salt Cure
|upkeep
|turn|6
|inactive|Caminou23 has 120 seconds left.
|
|t:|1757913201
|move|p1a: Iron Moth|Fiery Dance|p2a: Pecharunt
|-damage|p2a: Pecharunt|10/100
|-boost|p1a: Iron Moth|spa|1
|move|p2a: Pecharunt|Malignant Chain|p1a: Iron Moth
|-supereffective|p1a: Iron Moth
|-damage|p1a: Iron Moth|0 fnt
|faint|p1a: Iron Moth
|-end|p1a: Iron Moth|Quark Drive|[silent]
|
|upkeep
|inactive|Caminou23 has 90 seconds left.
|
|t:|1757913216
|switch|p1a: Samurott|Samurott-Hisui, M|100/100
|-damage|p1a: Samurott|88/100|[from] Spikes
|turn|7
|inactive|Caminou23 has 90 seconds left.
|
|t:|1757913222
|move|p1a: Samurott|Ceaseless Edge|p2a: Pecharunt
|-supereffective|p2a: Pecharunt
|-damage|p2a: Pecharunt|0 fnt
|-sidestart|p2: Campyy|Spikes
|faint|p2a: Pecharunt
|
|-heal|p1a: Samurott|94/100|[from] item: Leftovers
|upkeep
|
|t:|1757913232
|switch|p2a: Killer|Iron Valiant, shiny|100/100
|turn|8
|
|t:|1757913243
|move|p1a: Samurott|Aqua Jet|p2a: Killer
|-damage|p2a: Killer|76/100
|move|p2a: Killer|Moonblast|p1a: Samurott
|-supereffective|p1a: Samurott
|-damage|p1a: Samurott|0 fnt
|faint|p1a: Samurott
|
|upkeep
|inactive|Caminou23 has 90 seconds left.
|
|t:|1757913256
|switch|p1a: Enamorus|Enamorus, F|100/100
|turn|9
|
|t:|1757913262
|-end|p2a: Killer|Quark Drive|[silent]
|switch|p2a: G|Garganacl, F, shiny, tera:Water|21/100
|-damage|p2a: G|9/100|[from] Spikes
|move|p1a: Enamorus|Springtide Storm|p2a: G|[miss]
|-miss|p1a: Enamorus|p2a: G
|
|-heal|p2a: G|15/100|[from] item: Leftovers
|upkeep
|turn|10
|
|t:|1757913270
|move|p1a: Enamorus|Superpower|p2a: G
|-damage|p2a: G|0 fnt
|-boost|p1a: Enamorus|atk|1
|-boost|p1a: Enamorus|def|1
|faint|p2a: G
|-damage|p1a: Enamorus|91/100|[from] item: Life Orb
|
|upkeep
|
|t:|1757913277
|switch|p2a: Killer|Iron Valiant, shiny|76/100
|turn|11
|
|t:|1757913281
|move|p2a: Killer|Moonblast|p1a: Enamorus
|-damage|p1a: Enamorus|16/100
|move|p1a: Enamorus|Fly||[still]
|-prepare|p1a: Enamorus|Fly
|
|upkeep
|turn|12
|
|t:|1757913286
|move|p2a: Killer|Moonblast|p1a: Enamorus|[miss]
|-miss|p2a: Killer|p1a: Enamorus
|move|p1a: Enamorus|Fly|p2a: Killer|[from] lockedmove
|-supereffective|p2a: Killer
|-damage|p2a: Killer|0 fnt
|faint|p2a: Killer
|-end|p2a: Killer|Quark Drive|[silent]
|-damage|p1a: Enamorus|6/100|[from] item: Life Orb
|
|upkeep
|
|t:|1757913294
|switch|p2a: DemonBarney|Dragonite, F|100/100
|turn|13
|
|t:|1757913298
|move|p1a: Enamorus|Springtide Storm|p2a: DemonBarney
|-supereffective|p2a: DemonBarney
|-damage|p2a: DemonBarney|24/100
|-damage|p1a: Enamorus|0 fnt|[from] item: Life Orb
|faint|p1a: Enamorus
|move|p2a: DemonBarney|Dragon Dance|p2a: DemonBarney
|-boost|p2a: DemonBarney|atk|1
|-boost|p2a: DemonBarney|spe|1
|
|upkeep
|
|t:|1757913307
|switch|p1a: Vikavolt|Vikavolt, F, shiny|100/100
|turn|14
|
|t:|1757913311
|move|p2a: DemonBarney|Rock Slide|p1a: Vikavolt
|-supereffective|p1a: Vikavolt
|-damage|p1a: Vikavolt|3/100
|cant|p1a: Vikavolt|flinch
|
|-heal|p1a: Vikavolt|9/100|[from] item: Leftovers
|upkeep
|turn|15
|
|t:|1757913319
|move|p2a: DemonBarney|Rock Slide|p1a: Vikavolt
|-supereffective|p1a: Vikavolt
|-damage|p1a: Vikavolt|0 fnt
|faint|p1a: Vikavolt
|
|upkeep
|
|t:|1757913323
|switch|p1a: Kommo-o|Kommo-o, M|100/100
|-damage|p1a: Kommo-o|88/100|[from] Spikes
|turn|16
|
|t:|1757913329
|move|p2a: DemonBarney|Earthquake|p1a: Kommo-o
|-damage|p1a: Kommo-o|43/100
|-enditem|p1a: Kommo-o|Sitrus Berry|[eat]
|-heal|p1a: Kommo-o|68/100|[from] item: Sitrus Berry
|move|p1a: Kommo-o|Clangorous Soul|p1a: Kommo-o
|-boost|p1a: Kommo-o|atk|1
|-boost|p1a: Kommo-o|def|1
|-boost|p1a: Kommo-o|spa|1
|-boost|p1a: Kommo-o|spd|1
|-boost|p1a: Kommo-o|spe|1
|-damage|p1a: Kommo-o|35/100
|
|upkeep
|turn|17
|
|t:|1757913355
|move|p2a: DemonBarney|Rock Slide|p1a: Kommo-o
|-resisted|p1a: Kommo-o
|-crit|p1a: Kommo-o
|-damage|p1a: Kommo-o|12/100
|move|p1a: Kommo-o|Scale Shot|p2a: DemonBarney
|-supereffective|p2a: DemonBarney
|-damage|p2a: DemonBarney|0 fnt
|faint|p2a: DemonBarney
|-hitcount|p2: DemonBarney|1
|-unboost|p1a: Kommo-o|def|1
|-boost|p1a: Kommo-o|spe|1
|
|upkeep
|
|t:|1757913361
|switch|p2a: Iron Treads|Iron Treads|100/100
|-damage|p2a: Iron Treads|88/100|[from] Spikes
|turn|18
|
|t:|1757913368
|move|p1a: Kommo-o|Close Combat|p2a: Iron Treads
|-supereffective|p2a: Iron Treads
|-crit|p2a: Iron Treads
|-damage|p2a: Iron Treads|0 fnt
|-unboost|p1a: Kommo-o|def|1
|-unboost|p1a: Kommo-o|spd|1
|faint|p2a: Iron Treads
|-end|p2a: Iron Treads|Quark Drive|[silent]
|
|win|Caminou23
|raw|Caminou23's rating: 1150 &rarr; <strong>1178</strong><br />(+28 for winning)
|raw|Campyy's rating: 1187 &rarr; <strong>1159</strong><br />(-28 for losing)
|l|☆Campyy
|player|p2|
|l|☆Caminou23
|player|p1|
