|j|☆ju2508
|j|☆iontest
|t:|1757928617
|gametype|singles
|player|p1|ju2508|170|1177
|player|p2|iontest|1|1189
|gen|9
|tier|[Gen 9] OU
|rated|
|rule|HP Percentage Mod: HP is shown in percentages
|rule|Endless Battle Clause: Forcing endless battles is banned
|rule|Species Clause: Limit one of each Pokémon
|rule|OHKO Clause: OHKO moves are banned
|rule|Evasion Items Clause: Evasion items are banned
|rule|Evasion Moves Clause: Evasion moves are banned
|rule|Evasion Abilities Clause: Evasion abilities are banned
|rule|Sleep Moves Clause: Sleep-inducing moves are banned
|clearpoke
|poke|p1|Barraskewda, F|
|poke|p1|Kilowattrel, F|
|poke|p1|Ambipom, M|
|poke|p1|Grafaiai, M|
|poke|p1|Lycanroc, M|
|poke|p1|Cobalion|
|poke|p2|Dragonite, F|
|poke|p2|Zamazenta-*|
|poke|p2|Landorus-Therian, M|
|poke|p2|Gholdengo|
|poke|p2|Darkrai|
|poke|p2|Hatterene, F|
|teampreview
|
|t:|1757928622
|teamsize|p1|6
|teamsize|p2|6
|start
|switch|p1a: Grafaiai|Grafaiai, M|100/100
|switch|p2a: Landorus|Landorus-Therian, M|100/100
|-ability|p2a: Landorus|Intimidate|boost
|-unboost|p1a: Grafaiai|atk|1
|turn|1
|
|t:|1757928632
|switch|p2a: Hatterene|Hatterene, F|100/100
|move|p1a: Grafaiai|Parting Shot|p2a: Hatterene
|move|p2a: Hatterene|Parting Shot|p1a: Grafaiai|[from] ability: Magic Bounce
|-unboost|p1a: Grafaiai|atk|1
|-unboost|p1a: Grafaiai|spa|1
|
|t:|1757928639
|switch|p2a: Landorus|Landorus-Therian, M|100/100|[from] Parting Shot
|-ability|p2a: Landorus|Intimidate|boost
|-unboost|p1a: Grafaiai|atk|1
|
|upkeep
|turn|2
|
|t:|1757928645
|move|p1a: Grafaiai|Parting Shot|p2a: Landorus
|-unboost|p2a: Landorus|atk|1
|-unboost|p2a: Landorus|spa|1
|
|t:|1757928649
|switch|p1a: Kilowattrel|Kilowattrel, F|100/100|[from] Parting Shot
|move|p2a: Landorus|Stealth Rock|p1a: Kilowattrel
|-sidestart|p1: ju2508|move: Stealth Rock
|
|upkeep
|turn|3
|
|t:|1757928656
|-terastallize|p1a: Kilowattrel|Water
|move|p1a: Kilowattrel|Tera Blast|p2a: Landorus|[anim] Tera Blast Water
|-supereffective|p2a: Landorus
|-damage|p2a: Landorus|2/100
|move|p2a: Landorus|Taunt|p1a: Kilowattrel
|-start|p1a: Kilowattrel|move: Taunt
|
|upkeep
|turn|4
|inactive|Battle timer is ON: inactive players will automatically lose when time's up. (requested by ju2508)
|
|t:|1757928674
|switch|p2a: Hatterene|Hatterene, F|100/100
|move|p1a: Kilowattrel|Tera Blast|p2a: Hatterene|[anim] Tera Blast Water
|-damage|p2a: Hatterene|69/100
|
|upkeep
|turn|5
|
|t:|1757928691
|switch|p1a: Cobalion|Cobalion|100/100
|-damage|p1a: Cobalion|97/100|[from] Stealth Rock
|move|p2a: Hatterene|Draining Kiss|p1a: Cobalion
|-damage|p1a: Cobalion|61/100
|-heal|p2a: Hatterene|97/100|[from] drain|[of] p1a: Cobalion
|
|upkeep
|turn|6
|
|t:|1757928704
|switch|p2a: Zamazenta|Zamazenta|100/100
|-ability|p2a: Zamazenta|Dauntless Shield|boost
|-boost|p2a: Zamazenta|def|1
|move|p1a: Cobalion|Flash Cannon|p2a: Zamazenta
|-damage|p2a: Zamazenta|54/100
|
|-heal|p2a: Zamazenta|60/100|[from] item: Leftovers
|upkeep
|turn|7
|
|t:|1757928713
|move|p2a: Zamazenta|Body Press|p1a: Cobalion
|-supereffective|p1a: Cobalion
|-damage|p1a: Cobalion|0 fnt
|faint|p1a: Cobalion
|
|-heal|p2a: Zamazenta|66/100|[from] item: Leftovers
|upkeep
|
|t:|1757928722
|switch|p1a: Kilowattrel|Kilowattrel, F, tera:Water|100/100
|-damage|p1a: Kilowattrel|88/100|[from] Stealth Rock
|turn|8
|
|t:|1757928733
|move|p2a: Zamazenta|Body Press|p1a: Kilowattrel
|-damage|p1a: Kilowattrel|0 fnt
|faint|p1a: Kilowattrel
|
|-heal|p2a: Zamazenta|72/100|[from] item: Leftovers
|upkeep
|-message|ju2508 forfeited.
|
|win|iontest
|raw|ju2508's rating: 1177 &rarr; <strong>1153</strong><br />(-24 for losing)
|raw|iontest's rating: 1189 &rarr; <strong>1213</strong><br />(+24 for winning)
|l|☆ju2508
|player|p1|
|l|☆iontest
|player|p2|
