|j|☆omazo
|j|☆uwontwinprobably
|t:|1757899304
|gametype|singles
|player|p1|omazo|dawn|1310
|player|p2|uwontwinprobably|acetrainer-gen4dp|1382
|gen|9
|tier|[Gen 9] OU
|rated|
|rule|HP Percentage Mod: HP is shown in percentages
|rule|Endless Battle Clause: Forcing endless battles is banned
|rule|Species Clause: Limit one of each Pokémon
|rule|OHKO Clause: OHKO moves are banned
|rule|Evasion Items Clause: Evasion items are banned
|rule|Evasion Moves Clause: Evasion moves are banned
|rule|Evasion Abilities Clause: Evasion abilities are banned
|rule|Sleep Moves Clause: Sleep-inducing moves are banned
|clearpoke
|poke|p1|Tyranitar, M|
|poke|p1|Excadrill, M|
|poke|p1|Keldeo-Resolute|
|poke|p1|Tornadus-Therian, M|
|poke|p1|Heatran, M|
|poke|p1|Hydrapple, F|
|poke|p2|Kyurem|
|poke|p2|Heatran, M|
|poke|p2|Keldeo-Resolute|
|poke|p2|Iron Leaves|
|poke|p2|Zamazenta-*|
|poke|p2|Enamorus, F|
|teampreview
|inactive|Battle timer is ON: inactive players will automatically lose when time's up. (requested by omazo)
|
|t:|1757899324
|teamsize|p1|6
|teamsize|p2|6
|start
|switch|p1a: Tyranitar|Tyranitar, M|100/100
|switch|p2a: Iron Leaves|Iron Leaves|100/100
|-weather|Sandstorm|[from] ability: Sand Stream|[of] p1a: Tyranitar
|-enditem|p2a: Iron Leaves|Booster Energy
|-activate|p2a: Iron Leaves|ability: Quark Drive|[fromitem]
|-start|p2a: Iron Leaves|quarkdriveatk
|turn|1
|
|t:|1757899334
|switch|p1a: Heatran|Heatran, M|100/100
|-terastallize|p2a: Iron Leaves|Fighting
|move|p2a: Iron Leaves|Agility|p2a: Iron Leaves
|-boost|p2a: Iron Leaves|spe|2
|
|-weather|Sandstorm|[upkeep]
|-damage|p2a: Iron Leaves|94/100|[from] Sandstorm
|upkeep
|turn|2
|
|t:|1757899358
|move|p2a: Iron Leaves|Sacred Sword|p1a: Heatran
|-supereffective|p1a: Heatran
|-crit|p1a: Heatran
|-damage|p1a: Heatran|0 fnt
|faint|p1a: Heatran
|
|-weather|Sandstorm|[upkeep]
|-damage|p2a: Iron Leaves|88/100|[from] Sandstorm
|upkeep
|
|t:|1757899365
|switch|p1a: Tornadus|Tornadus-Therian, M|100/100
|turn|3
|
|t:|1757899368
|move|p2a: Iron Leaves|Psyblade|p1a: Tornadus
|-damage|p1a: Tornadus|33/100
|move|p1a: Tornadus|Bleakwind Storm|p2a: Iron Leaves
|-supereffective|p2a: Iron Leaves
|-damage|p2a: Iron Leaves|15/100
|
|-weather|Sandstorm|[upkeep]
|-damage|p2a: Iron Leaves|9/100|[from] Sandstorm
|-damage|p1a: Tornadus|27/100|[from] Sandstorm
|upkeep
|turn|4
|
|t:|1757899379
|switch|p1a: Hydrapple|Hydrapple, F|100/100
|move|p2a: Iron Leaves|Sacred Sword|p1a: Hydrapple
|-damage|p1a: Hydrapple|66/100
|-damage|p2a: Iron Leaves|0 fnt|[from] item: Rocky Helmet|[of] p1a: Hydrapple
|faint|p2a: Iron Leaves
|-end|p2a: Iron Leaves|Quark Drive|[silent]
|
|-weather|Sandstorm|[upkeep]
|-damage|p1a: Hydrapple|60/100|[from] Sandstorm
|upkeep
|
|t:|1757899386
|switch|p2a: Kyurem|Kyurem|100/100
|-ability|p2a: Kyurem|Pressure
|turn|5
|
|t:|1757899395
|-terastallize|p1a: Hydrapple|Fairy
|move|p2a: Kyurem|Freeze-Dry|p1a: Hydrapple
|-damage|p1a: Hydrapple|32/100
|move|p1a: Hydrapple|Fickle Beam|p2a: Kyurem|[anim] Fickle Beam All Out
|-activate|p1a: Hydrapple|move: Fickle Beam
|-supereffective|p2a: Kyurem
|-damage|p2a: Kyurem|20/100
|
|-weather|none
|upkeep
|turn|6
|
|t:|1757899406
|move|p2a: Kyurem|Freeze-Dry|p1a: Hydrapple
|-damage|p1a: Hydrapple|3/100
|move|p1a: Hydrapple|Fickle Beam|p2a: Kyurem
|-supereffective|p2a: Kyurem
|-damage|p2a: Kyurem|0 fnt
|faint|p2a: Kyurem
|
|upkeep
|
|t:|1757899416
|switch|p2a: Enamorus|Enamorus, F|100/100
|turn|7
|
|t:|1757899420
|switch|p1a: Tyranitar|Tyranitar, M|100/100
|-weather|Sandstorm|[from] ability: Sand Stream|[of] p1a: Tyranitar
|move|p2a: Enamorus|Moonblast|p1a: Tyranitar
|-supereffective|p1a: Tyranitar
|-damage|p1a: Tyranitar|24/100
|-unboost|p1a: Tyranitar|spa|1
|
|-weather|Sandstorm|[upkeep]
|-damage|p2a: Enamorus|94/100|[from] Sandstorm
|upkeep
|turn|8
|
|t:|1757899430
|switch|p1a: Excadrill|Excadrill, M|100/100
|-item|p1a: Excadrill|Air Balloon
|move|p2a: Enamorus|Moonblast|p1a: Excadrill
|-resisted|p1a: Excadrill
|-damage|p1a: Excadrill|64/100
|-enditem|p1a: Excadrill|Air Balloon
|
|-weather|Sandstorm|[upkeep]
|-damage|p2a: Enamorus|88/100|[from] Sandstorm
|upkeep
|turn|9
|
|t:|1757899443
|switch|p2a: Heatran|Heatran, M|100/100
|move|p1a: Excadrill|Swords Dance|p1a: Excadrill
|-boost|p1a: Excadrill|atk|2
|
|-weather|Sandstorm|[upkeep]
|upkeep
|turn|10
|
|t:|1757899447
|move|p1a: Excadrill|Earthquake|p2a: Heatran
|-supereffective|p2a: Heatran
|-damage|p2a: Heatran|0 fnt
|faint|p2a: Heatran
|
|-weather|Sandstorm|[upkeep]
|upkeep
|
|t:|1757899451
|switch|p2a: Zamazenta|Zamazenta|100/100
|-ability|p2a: Zamazenta|Dauntless Shield|boost
|-boost|p2a: Zamazenta|def|1
|turn|11
|
|t:|1757899460
|move|p1a: Excadrill|Iron Head|p2a: Zamazenta
|-damage|p2a: Zamazenta|55/100
|move|p2a: Zamazenta|Body Press|p1a: Excadrill
|-supereffective|p1a: Excadrill
|-damage|p1a: Excadrill|0 fnt
|faint|p1a: Excadrill
|
|-weather|none
|upkeep
|
|t:|1757899465
|switch|p1a: Tornadus|Tornadus-Therian, M|60/100
|turn|12
|
|t:|1757899474
|move|p1a: Tornadus|U-turn|p2a: Zamazenta
|-resisted|p2a: Zamazenta
|-damage|p2a: Zamazenta|52/100
|
|t:|1757899477
|switch|p1a: Tyranitar|Tyranitar, M|24/100|[from] U-turn
|-weather|Sandstorm|[from] ability: Sand Stream|[of] p1a: Tyranitar
|move|p2a: Zamazenta|Body Press|p1a: Tyranitar
|-supereffective|p1a: Tyranitar
|-damage|p1a: Tyranitar|0 fnt
|faint|p1a: Tyranitar
|
|-weather|Sandstorm|[upkeep]
|-damage|p2a: Zamazenta|46/100|[from] Sandstorm
|upkeep
|
|t:|1757899485
|switch|p1a: Tornadus|Tornadus-Therian, M|94/100
|turn|13
|
|t:|1757899489
|move|p1a: Tornadus|Bleakwind Storm|p2a: Zamazenta
|-supereffective|p2a: Zamazenta
|-damage|p2a: Zamazenta|0 fnt
|faint|p2a: Zamazenta
|
|-weather|Sandstorm|[upkeep]
|-damage|p1a: Tornadus|87/100|[from] Sandstorm
|upkeep
|
|t:|1757899491
|switch|p2a: Enamorus|Enamorus, F|88/100
|turn|14
|
|t:|1757899504
|move|p2a: Enamorus|Moonblast|p1a: Tornadus
|-damage|p1a: Tornadus|34/100
|move|p1a: Tornadus|Bleakwind Storm|p2a: Enamorus
|-damage|p2a: Enamorus|31/100
|
|-weather|Sandstorm|[upkeep]
|-damage|p2a: Enamorus|25/100|[from] Sandstorm
|-damage|p1a: Tornadus|28/100|[from] Sandstorm
|upkeep
|turn|15
|
|t:|1757899523
|switch|p1a: Hydrapple|Hydrapple, F, tera:Fairy|36/100
|move|p2a: Enamorus|Moonblast|p1a: Hydrapple
|-damage|p1a: Hydrapple|0 fnt
|faint|p1a: Hydrapple
|
|-weather|Sandstorm|[upkeep]
|-damage|p2a: Enamorus|18/100|[from] Sandstorm
|upkeep
|inactive|omazo has 120 seconds left.
|
|t:|1757899544
|switch|p1a: Keldeo|Keldeo-Resolute|100/100
|turn|16
|inactive|omazo has 120 seconds left.
|
|t:|1757899572
|move|p1a: Keldeo|Vacuum Wave|p2a: Enamorus
|-resisted|p2a: Enamorus
|-damage|p2a: Enamorus|8/100
|move|p2a: Enamorus|Moonblast|p1a: Keldeo
|-supereffective|p1a: Keldeo
|-damage|p1a: Keldeo|0 fnt
|faint|p1a: Keldeo
|
|-weather|none
|upkeep
|
|t:|1757899575
|switch|p1a: Tornadus|Tornadus-Therian, M|61/100
|turn|17
|
|t:|1757899578
|move|p2a: Enamorus|Moonblast|p1a: Tornadus
|-damage|p1a: Tornadus|7/100
|move|p1a: Tornadus|Bleakwind Storm|p2a: Enamorus
|-damage|p2a: Enamorus|0 fnt
|faint|p2a: Enamorus
|
|upkeep
|
|t:|1757899581
|switch|p2a: Keldeo|Keldeo-Resolute|100/100
|turn|18
|
|t:|1757899584
|move|p1a: Tornadus|Bleakwind Storm|p2a: Keldeo
|-supereffective|p2a: Keldeo
|-damage|p2a: Keldeo|24/100
|-enditem|p2a: Keldeo|Salac Berry|[eat]
|-boost|p2a: Keldeo|spe|1|[from] item: Salac Berry
|move|p2a: Keldeo|Icy Wind|p1a: Tornadus
|-supereffective|p1a: Tornadus
|-damage|p1a: Tornadus|0 fnt
|faint|p1a: Tornadus
|
|win|uwontwinprobably
|raw|omazo's rating: 1310 &rarr; <strong>1294</strong><br />(-16 for losing)
|raw|uwontwinprobably's rating: 1382 &rarr; <strong>1398</strong><br />(+16 for winning)
|c|☆uwontwinprobably|gg
