|j|☆MuffinOfMagic
|j|☆Aeroneoooo
|t:|1757900995
|gametype|singles
|player|p1|MuffinOfMagic|waiter-gen4dp|1179
|player|p2|Aeroneoooo|265|1175
|gen|9
|tier|[Gen 9] OU
|rated|
|rule|HP Percentage Mod: HP is shown in percentages
|rule|Endless Battle Clause: Forcing endless battles is banned
|rule|Species Clause: Limit one of each Pokémon
|rule|OHKO Clause: OHKO moves are banned
|rule|Evasion Items Clause: Evasion items are banned
|rule|Evasion Moves Clause: Evasion moves are banned
|rule|Evasion Abilities Clause: Evasion abilities are banned
|rule|Sleep Moves Clause: Sleep-inducing moves are banned
|clearpoke
|poke|p1|Gholdengo|
|poke|p1|Zamazenta-*|
|poke|p1|Ting-Lu|
|poke|p1|Clefable, F|
|poke|p1|Dragonite, M|
|poke|p1|Deoxys-Speed|
|poke|p2|Vivillon, M|
|poke|p2|Deoxys-Speed|
|poke|p2|Dragapult, M|
|poke|p2|Samurott-Hisui, F|
|poke|p2|Zamazenta-*|
|poke|p2|Great Tusk|
|teampreview
|inactive|Battle timer is ON: inactive players will automatically lose when time's up. (requested by MuffinOfMagic)
|
|t:|1757901008
|teamsize|p1|6
|teamsize|p2|6
|start
|switch|p1a: Dude Nasty Asf|Deoxys-Speed|100/100
|switch|p2a: Deoxys|Deoxys-Speed|100/100
|-ability|p2a: Deoxys|Pressure
|-ability|p1a: Dude Nasty Asf|Pressure
|turn|1
|
|t:|1757901017
|move|p2a: Deoxys|Taunt|p1a: Dude Nasty Asf
|-start|p1a: Dude Nasty Asf|move: Taunt
|cant|p1a: Dude Nasty Asf|move: Taunt|Nasty Plot
|
|upkeep
|turn|2
|
|t:|1757901023
|move|p2a: Deoxys|Stealth Rock|p1a: Dude Nasty Asf
|-sidestart|p1: MuffinOfMagic|move: Stealth Rock
|move|p1a: Dude Nasty Asf|Thunderbolt|p2a: Deoxys
|-damage|p2a: Deoxys|67/100
|-status|p2a: Deoxys|par
|
|upkeep
|turn|3
|
|t:|1757901031
|move|p1a: Dude Nasty Asf|Ice Beam|p2a: Deoxys
|-damage|p2a: Deoxys|34/100 par
|move|p2a: Deoxys|Knock Off|p1a: Dude Nasty Asf
|-supereffective|p1a: Dude Nasty Asf
|-damage|p1a: Dude Nasty Asf|44/100
|-enditem|p1a: Dude Nasty Asf|Heavy-Duty Boots|[from] move: Knock Off|[of] p2a: Deoxys
|
|-end|p1a: Dude Nasty Asf|move: Taunt
|upkeep
|turn|4
|
|t:|1757901042
|move|p1a: Dude Nasty Asf|Nasty Plot|p1a: Dude Nasty Asf
|-boost|p1a: Dude Nasty Asf|spa|2
|cant|p2a: Deoxys|par
|
|upkeep
|turn|5
|
|t:|1757901048
|move|p1a: Dude Nasty Asf|Thunderbolt|p2a: Deoxys
|-damage|p2a: Deoxys|0 fnt
|faint|p2a: Deoxys
|
|upkeep
|
|t:|1757901069
|switch|p2a: Zamazenta|Zamazenta|100/100
|-ability|p2a: Zamazenta|Dauntless Shield|boost
|-boost|p2a: Zamazenta|def|1
|turn|6
|
|t:|1757901073
|move|p1a: Dude Nasty Asf|Psycho Boost|p2a: Zamazenta
|-supereffective|p2a: Zamazenta
|-damage|p2a: Zamazenta|0 fnt
|-unboost|p1a: Dude Nasty Asf|spa|2
|faint|p2a: Zamazenta
|
|upkeep
|
|t:|1757901076
|switch|p2a: Great Tusk|Great Tusk|100/100
|turn|7
|
|t:|1757901080
|move|p1a: Dude Nasty Asf|Psycho Boost|p2a: Great Tusk
|-supereffective|p2a: Great Tusk
|-damage|p2a: Great Tusk|1/100
|-unboost|p1a: Dude Nasty Asf|spa|2
|move|p2a: Great Tusk|Knock Off|p1a: Dude Nasty Asf
|-supereffective|p1a: Dude Nasty Asf
|-damage|p1a: Dude Nasty Asf|0 fnt
|faint|p1a: Dude Nasty Asf
|
|upkeep
|
|t:|1757901088
|switch|p1a: Secret Service|Dragonite, M|100/100
|turn|8
|
|t:|1757901092
|move|p1a: Secret Service|Extreme Speed|p2a: Great Tusk
|-damage|p2a: Great Tusk|0 fnt
|faint|p2a: Great Tusk
|-end|p2a: Great Tusk|Protosynthesis|[silent]
|
|upkeep
|
|t:|1757901098
|switch|p2a: Samurott|Samurott-Hisui, F|100/100
|turn|9
|
|t:|1757901104
|-terastallize|p1a: Secret Service|Normal
|move|p1a: Secret Service|Extreme Speed|p2a: Samurott
|-damage|p2a: Samurott|43/100
|move|p2a: Samurott|Ceaseless Edge|p1a: Secret Service
|-crit|p1a: Secret Service
|-damage|p1a: Secret Service|67/100
|-sidestart|p1: MuffinOfMagic|Spikes
|
|upkeep
|turn|10
|
|t:|1757901116
|move|p1a: Secret Service|Extreme Speed|p2a: Samurott
|-damage|p2a: Samurott|0 fnt
|faint|p2a: Samurott
|
|upkeep
|
|t:|1757901120
|switch|p2a: Dragapult|Dragapult, M|100/100
|turn|11
|
|t:|1757901128
|switch|p1a: Moonrock 350|Clefable, F|100/100
|move|p2a: Dragapult|Dragon Darts|p1a: Moonrock 350
|-immune|p1a: Moonrock 350
|
|upkeep
|turn|12
|
|t:|1757901131
|switch|p2a: Vivillon|Vivillon, M|100/100
|move|p1a: Moonrock 350|Knock Off|p2a: Vivillon
|-damage|p2a: Vivillon|70/100
|-enditem|p2a: Vivillon|Choice Specs|[from] move: Knock Off|[of] p1a: Moonrock 350
|
|upkeep
|turn|13
|
|t:|1757901136
|move|p2a: Vivillon|Hurricane|p1a: Moonrock 350
|-damage|p1a: Moonrock 350|53/100
|move|p1a: Moonrock 350|Moonblast|p2a: Vivillon
|-damage|p2a: Vivillon|9/100
|
|upkeep
|turn|14
|
|t:|1757901142
|move|p2a: Vivillon|Hurricane|p1a: Moonrock 350
|-damage|p1a: Moonrock 350|8/100
|-start|p1a: Moonrock 350|confusion
|-activate|p1a: Moonrock 350|confusion
|move|p1a: Moonrock 350|Moonblast|p2a: Vivillon
|-damage|p2a: Vivillon|0 fnt
|faint|p2a: Vivillon
|
|upkeep
|
|t:|1757901149
|switch|p2a: Dragapult|Dragapult, M|100/100
|turn|15
|
|t:|1757901160
|move|p2a: Dragapult|Flamethrower|p1a: Moonrock 350
|-damage|p1a: Moonrock 350|0 fnt
|faint|p1a: Moonrock 350
|
|upkeep
|
|t:|1757901164
|switch|p1a: CClifford|Zamazenta|100/100
|-ability|p1a: CClifford|Dauntless Shield|boost
|-boost|p1a: CClifford|def|1
|turn|16
|
|t:|1757901169
|move|p1a: CClifford|Crunch|p2a: Dragapult
|-supereffective|p2a: Dragapult
|-damage|p2a: Dragapult|15/100
|move|p2a: Dragapult|Flamethrower|p1a: CClifford
|-damage|p1a: CClifford|82/100
|
|upkeep
|turn|17
|
|t:|1757901171
|move|p1a: CClifford|Crunch|p2a: Dragapult
|-supereffective|p2a: Dragapult
|-damage|p2a: Dragapult|0 fnt
|faint|p2a: Dragapult
|
|win|MuffinOfMagic
|raw|MuffinOfMagic's rating: 1179 &rarr; <strong>1204</strong><br />(+25 for winning)
|raw|Aeroneoooo's rating: 1175 &rarr; <strong>1150</strong><br />(-25 for losing)
|l|☆MuffinOfMagic
|player|p1|
