|j|☆Leapon
|j|☆ZeNiN_K1
|t:|1757896772
|gametype|singles
|player|p1|Leapon|steven|1188
|player|p2|ZeNiN_K1|acetrainer-gen4|1227
|gen|9
|tier|[Gen 9] OU
|rated|
|rule|HP Percentage Mod: HP is shown in percentages
|rule|Endless Battle Clause: Forcing endless battles is banned
|rule|Species Clause: Limit one of each Pokémon
|rule|OHKO Clause: OHKO moves are banned
|rule|Evasion Items Clause: Evasion items are banned
|rule|Evasion Moves Clause: Evasion moves are banned
|rule|Evasion Abilities Clause: Evasion abilities are banned
|rule|Sleep Moves Clause: Sleep-inducing moves are banned
|clearpoke
|poke|p1|Rillaboom, M|
|poke|p1|Swampert, M|
|poke|p1|Clefable, F|
|poke|p1|Slowking-Galar, M|
|poke|p1|Thundurus-Therian, M|
|poke|p1|Glimmora, M|
|poke|p2|Zamazenta-*|
|poke|p2|Ninetales-Alola, M|
|poke|p2|Darkrai|
|poke|p2|Ceruledge, M|
|poke|p2|Gliscor, M|
|poke|p2|Hatterene, F|
|teampreview
|
|t:|1757896796
|teamsize|p1|6
|teamsize|p2|6
|start
|switch|p1a: Glimmora|Glimmora, M|100/100
|switch|p2a: Darkrai|Darkrai|100/100
|turn|1
|inactive|Battle timer is ON: inactive players will automatically lose when time's up. (requested by ZeNiN_K1)
|
|t:|1757896814
|-terastallize|p2a: Darkrai|Poison
|move|p2a: Darkrai|Psyshock|p1a: Glimmora
|-supereffective|p1a: Glimmora
|-damage|p1a: Glimmora|38/100
|move|p1a: Glimmora|Stealth Rock|p2a: Darkrai
|-sidestart|p2: ZeNiN_K1|move: Stealth Rock
|
|upkeep
|turn|2
|
|t:|1757896839
|switch|p1a: Slowking|Slowking-Galar, M|100/100
|move|p2a: Darkrai|Nasty Plot|p2a: Darkrai
|-boost|p2a: Darkrai|spa|2
|
|upkeep
|turn|3
|
|t:|1757896849
|move|p2a: Darkrai|Psyshock|p1a: Slowking
|-damage|p1a: Slowking|43/100
|-prepare|p1a: Slowking|Chilly Reception|[premajor]
|move|p1a: Slowking|Chilly Reception|p1a: Slowking
|-weather|Snowscape
|
|t:|1757896862
|switch|p1a: Clefable|Clefable, F|100/100|[from] Chilly Reception
|
|-weather|Snowscape|[upkeep]
|upkeep
|turn|4
|
|t:|1757896868
|move|p2a: Darkrai|Sludge Bomb|p1a: Clefable
|-supereffective|p1a: Clefable
|-damage|p1a: Clefable|9/100
|-status|p1a: Clefable|psn
|move|p1a: Clefable|Thunder Wave|p2a: Darkrai
|-status|p2a: Darkrai|par
|
|-weather|Snowscape|[upkeep]
|-damage|p1a: Clefable|0 fnt|[from] psn
|faint|p1a: Clefable
|upkeep
|
|t:|1757896884
|switch|p1a: Thundurus|Thundurus-Therian, M|100/100
|turn|5
|
|t:|1757896890
|move|p1a: Thundurus|Thunderbolt|p2a: Darkrai
|-damage|p2a: Darkrai|36/100 par
|move|p2a: Darkrai|Sludge Bomb|p1a: Thundurus
|-damage|p1a: Thundurus|0 fnt
|faint|p1a: Thundurus
|
|-weather|Snowscape|[upkeep]
|-heal|p2a: Darkrai|42/100 par|[from] item: Leftovers
|upkeep
|inactive|Leapon has 120 seconds left.
|
|t:|1757896905
|switch|p1a: Swampert|Swampert, M|100/100
|turn|6
|
|t:|1757896911
|-terastallize|p1a: Swampert|Poison
|move|p2a: Darkrai|Sludge Bomb|p1a: Swampert
|-resisted|p1a: Swampert
|-damage|p1a: Swampert|55/100
|move|p1a: Swampert|Liquidation|p2a: Darkrai
|-damage|p2a: Darkrai|0 fnt
|faint|p2a: Darkrai
|
|-weather|Snowscape|[upkeep]
|-heal|p1a: Swampert|61/100|[from] item: Leftovers
|upkeep
|
|t:|1757896934
|switch|p2a: Gliscor|Gliscor, M|100/100
|-damage|p2a: Gliscor|88/100|[from] Stealth Rock
|turn|7
|
|t:|1757896939
|move|p2a: Gliscor|Earthquake|p1a: Swampert
|-supereffective|p1a: Swampert
|-damage|p1a: Swampert|0 fnt
|faint|p1a: Swampert
|
|-weather|none
|-status|p2a: Gliscor|tox|[from] item: Toxic Orb
|upkeep
|
|t:|1757896948
|switch|p1a: Glimmora|Glimmora, M|38/100
|turn|8
|
|t:|1757896956
|move|p2a: Gliscor|Swords Dance|p2a: Gliscor
|-boost|p2a: Gliscor|atk|2
|move|p1a: Glimmora|Power Gem|p2a: Gliscor
|-damage|p2a: Gliscor|37/100 tox
|
|-heal|p2a: Gliscor|49/100 tox|[from] ability: Poison Heal
|upkeep
|turn|9
|
|t:|1757896966
|move|p2a: Gliscor|Earthquake|p1a: Glimmora
|-supereffective|p1a: Glimmora
|-damage|p1a: Glimmora|0 fnt
|-activate|p1a: Glimmora|ability: Toxic Debris
|-sidestart|p2: ZeNiN_K1|move: Toxic Spikes
|faint|p1a: Glimmora
|
|-heal|p2a: Gliscor|62/100 tox|[from] ability: Poison Heal
|upkeep
|
|t:|1757896975
|switch|p1a: Super Saiyajin3|Rillaboom, M|100/100
|-fieldstart|move: Grassy Terrain|[from] ability: Grassy Surge|[of] p1a: Super Saiyajin3
|turn|10
|
|t:|1757896980
|move|p1a: Super Saiyajin3|Grassy Glide|p2a: Gliscor
|-damage|p2a: Gliscor|21/100 tox
|-damage|p1a: Super Saiyajin3|90/100|[from] item: Life Orb
|move|p2a: Gliscor|Facade|p1a: Super Saiyajin3
|-damage|p1a: Super Saiyajin3|26/100
|
|-heal|p1a: Super Saiyajin3|32/100|[from] Grassy Terrain
|-heal|p2a: Gliscor|33/100 tox|[from] ability: Poison Heal
|upkeep
|turn|11
|
|t:|1757897000
|switch|p2a: Hatterene|Hatterene, F|100/100
|-damage|p2a: Hatterene|88/100|[from] Stealth Rock
|-status|p2a: Hatterene|psn
|move|p1a: Super Saiyajin3|Grassy Glide|p2a: Hatterene
|-damage|p2a: Hatterene|29/100 psn
|-damage|p1a: Super Saiyajin3|22/100|[from] item: Life Orb
|
|-heal|p1a: Super Saiyajin3|28/100|[from] Grassy Terrain
|-heal|p2a: Hatterene|35/100 psn|[from] Grassy Terrain
|-damage|p2a: Hatterene|23/100 psn|[from] psn
|upkeep
|turn|12
|
|t:|1757897014
|move|p1a: Super Saiyajin3|Knock Off|p2a: Hatterene
|-damage|p2a: Hatterene|0 fnt
|-enditem|p2a: Hatterene|Assault Vest|[from] move: Knock Off|[of] p1a: Super Saiyajin3
|faint|p2a: Hatterene
|-damage|p1a: Super Saiyajin3|18/100|[from] item: Life Orb
|
|-heal|p1a: Super Saiyajin3|24/100|[from] Grassy Terrain
|upkeep
|
|t:|1757897021
|switch|p2a: Zamazenta|Zamazenta|100/100
|-damage|p2a: Zamazenta|94/100|[from] Stealth Rock
|-status|p2a: Zamazenta|psn
|-ability|p2a: Zamazenta|Dauntless Shield|boost
|-boost|p2a: Zamazenta|def|1
|turn|13
|
|t:|1757897033
|move|p2a: Zamazenta|Iron Defense|p2a: Zamazenta
|-boost|p2a: Zamazenta|def|2
|move|p1a: Super Saiyajin3|Knock Off|p2a: Zamazenta
|-resisted|p2a: Zamazenta
|-damage|p2a: Zamazenta|86/100 psn
|-enditem|p2a: Zamazenta|Chesto Berry|[from] move: Knock Off|[of] p1a: Super Saiyajin3
|-damage|p1a: Super Saiyajin3|14/100|[from] item: Life Orb
|
|-heal|p2a: Zamazenta|92/100 psn|[from] Grassy Terrain
|-heal|p1a: Super Saiyajin3|20/100|[from] Grassy Terrain
|-damage|p2a: Zamazenta|80/100 psn|[from] psn
|upkeep
|turn|14
|
|t:|1757897046
|switch|p1a: Slowking|Slowking-Galar, M|43/100
|move|p2a: Zamazenta|Crunch|p1a: Slowking
|-supereffective|p1a: Slowking
|-damage|p1a: Slowking|0 fnt
|faint|p1a: Slowking
|
|-heal|p2a: Zamazenta|86/100 psn|[from] Grassy Terrain
|-damage|p2a: Zamazenta|74/100 psn|[from] psn
|-fieldend|move: Grassy Terrain
|upkeep
|-message|Leapon forfeited.
|
|win|ZeNiN_K1
|raw|Leapon's rating: 1188 &rarr; <strong>1166</strong><br />(-22 for losing)
|raw|ZeNiN_K1's rating: 1227 &rarr; <strong>1249</strong><br />(+22 for winning)
|l|☆Leapon
|player|p1|
