|j|☆leologa
|j|☆noahthepenguin
|t:|1757861114
|gametype|singles
|player|p1|leologa|riley|1094
|player|p2|noahthepenguin|unknown|1090
|gen|9
|tier|[Gen 9] OU
|rated|
|rule|HP Percentage Mod: HP is shown in percentages
|rule|Endless Battle Clause: Forcing endless battles is banned
|rule|Species Clause: Limit one of each Pokémon
|rule|OHKO Clause: OHKO moves are banned
|rule|Evasion Items Clause: Evasion items are banned
|rule|Evasion Moves Clause: Evasion moves are banned
|rule|Evasion Abilities Clause: Evasion abilities are banned
|rule|Sleep Moves Clause: Sleep-inducing moves are banned
|clearpoke
|poke|p1|Malamar, M|
|poke|p1|Metagross|
|poke|p1|Hatterene, F|
|poke|p1|Meloetta|
|poke|p1|Veluza, M|
|poke|p1|Iron Crown|
|poke|p2|Kyurem|
|poke|p2|Falinks|
|poke|p2|Dragapult, M|
|poke|p2|Iron Leaves|
|poke|p2|Quagsire, F|
|poke|p2|Pawmot, M|
|teampreview
|inactive|Battle timer is ON: inactive players will automatically lose when time's up. (requested by noahthepenguin)
|
|t:|1757861129
|teamsize|p1|6
|teamsize|p2|6
|start
|switch|p1a: Iron Crown|Iron Crown|100/100
|switch|p2a: Bro squad|Falinks|100/100
|-enditem|p1a: Iron Crown|Booster Energy
|-activate|p1a: Iron Crown|ability: Quark Drive|[fromitem]
|-start|p1a: Iron Crown|quarkdrivespa
|turn|1
|c|☆noahthepenguin|Maybe I shouldn't lead this
|
|t:|1757861145
|-terastallize|p2a: Bro squad|Steel
|move|p1a: Iron Crown|Calm Mind|p1a: Iron Crown
|-boost|p1a: Iron Crown|spa|1
|-boost|p1a: Iron Crown|spd|1
|move|p2a: Bro squad|No Retreat|p2a: Bro squad
|-boost|p2a: Bro squad|atk|1
|-boost|p2a: Bro squad|def|1
|-boost|p2a: Bro squad|spa|1
|-boost|p2a: Bro squad|spd|1
|-boost|p2a: Bro squad|spe|1
|-start|p2a: Bro squad|move: No Retreat
|
|upkeep
|turn|2
|c|☆noahthepenguin|Sike
|
|t:|1757861155
|move|p2a: Bro squad|Knock Off|p1a: Iron Crown
|-supereffective|p1a: Iron Crown
|-damage|p1a: Iron Crown|35/100
|move|p1a: Iron Crown|Psychic Noise|p2a: Bro squad
|-resisted|p2a: Bro squad
|-damage|p2a: Bro squad|58/100
|-start|p2a: Bro squad|move: Heal Block
|
|upkeep
|turn|3
|
|t:|1757861164
|move|p2a: Bro squad|Knock Off|p1a: Iron Crown
|-supereffective|p1a: Iron Crown
|-damage|p1a: Iron Crown|0 fnt
|faint|p1a: Iron Crown
|-end|p1a: Iron Crown|Quark Drive|[silent]
|
|-end|p2a: Bro squad|move: Heal Block
|upkeep
|
|t:|1757861168
|switch|p1a: Meloetta|Meloetta, shiny|100/100
|turn|4
|
|t:|1757861175
|move|p2a: Bro squad|Knock Off|p1a: Meloetta
|-supereffective|p1a: Meloetta
|-enditem|p1a: Meloetta|Focus Sash
|-damage|p1a: Meloetta|1/100
|move|p1a: Meloetta|Relic Song|p2a: Bro squad
|-resisted|p2a: Bro squad
|-damage|p2a: Bro squad|39/100
|-formechange|p1a: Meloetta|Meloetta-Pirouette|[msg]
|
|upkeep
|turn|5
|
|t:|1757861181
|move|p2a: Bro squad|Iron Head|p1a: Meloetta
|-damage|p1a: Meloetta|0 fnt
|faint|p1a: Meloetta
|
|upkeep
|
|t:|1757861184
|switch|p1a: Metagross|Metagross, shiny|100/100
|turn|6
|
|t:|1757861186
|move|p2a: Bro squad|Knock Off|p1a: Metagross
|-supereffective|p1a: Metagross
|-damage|p1a: Metagross|24/100
|-enditem|p1a: Metagross|Weakness Policy
|-boost|p1a: Metagross|atk|2|[from] item: Weakness Policy
|-boost|p1a: Metagross|spa|2|[from] item: Weakness Policy
|move|p1a: Metagross|Agility|p1a: Metagross
|-boost|p1a: Metagross|spe|2
|
|upkeep
|turn|7
|
|t:|1757861192
|move|p1a: Metagross|Earthquake|p2a: Bro squad
|-supereffective|p2a: Bro squad
|-damage|p2a: Bro squad|0 fnt
|faint|p2a: Bro squad
|
|upkeep
|
|t:|1757861198
|switch|p2a: Child abuse|Dragapult, M, shiny|100/100
|turn|8
|
|t:|1757861202
|-terastallize|p1a: Metagross|Steel
|move|p1a: Metagross|Bullet Punch|p2a: Child abuse
|-damage|p2a: Child abuse|5/100
|move|p2a: Child abuse|Dragon Dance|p2a: Child abuse
|-boost|p2a: Child abuse|atk|1
|-boost|p2a: Child abuse|spe|1
|
|upkeep
|turn|9
|
|t:|1757861207
|move|p1a: Metagross|Bullet Punch|p2a: Child abuse
|-damage|p2a: Child abuse|0 fnt
|faint|p2a: Child abuse
|
|upkeep
|
|t:|1757861209
|switch|p2a: Pinky|Quagsire, F, shiny|100/100
|turn|10
|
|t:|1757861213
|move|p1a: Metagross|Psychic Fangs|p2a: Pinky
|-damage|p2a: Pinky|58/100
|move|p2a: Pinky|Curse|p2a: Pinky
|-unboost|p2a: Pinky|spe|1
|-boost|p2a: Pinky|atk|1
|-boost|p2a: Pinky|def|1
|
|-heal|p2a: Pinky|64/100|[from] item: Leftovers
|upkeep
|turn|11
|
|t:|1757861223
|move|p1a: Metagross|Earthquake|p2a: Pinky
|-damage|p2a: Pinky|39/100
|move|p2a: Pinky|Earthquake|p1a: Metagross
|-supereffective|p1a: Metagross
|-damage|p1a: Metagross|0 fnt
|faint|p1a: Metagross
|
|-heal|p2a: Pinky|45/100|[from] item: Leftovers
|upkeep
|
|t:|1757861228
|switch|p1a: Veluza|Veluza, M|100/100
|-ability|p1a: Veluza|Mold Breaker
|turn|12
|
|t:|1757861233
|move|p1a: Veluza|Ice Fang|p2a: Pinky
|-damage|p2a: Pinky|31/100
|move|p2a: Pinky|Earthquake|p1a: Veluza
|-damage|p1a: Veluza|10/100
|
|-heal|p2a: Pinky|37/100|[from] item: Leftovers
|upkeep
|turn|13
|
|t:|1757861237
|move|p1a: Veluza|Ice Fang|p2a: Pinky
|-damage|p2a: Pinky|25/100
|cant|p2a: Pinky|flinch
|
|-heal|p2a: Pinky|31/100|[from] item: Leftovers
|upkeep
|turn|14
|
|t:|1757861241
|move|p1a: Veluza|Ice Fang|p2a: Pinky
|-damage|p2a: Pinky|18/100
|move|p2a: Pinky|Curse|p2a: Pinky
|-unboost|p2a: Pinky|spe|1
|-boost|p2a: Pinky|atk|1
|-boost|p2a: Pinky|def|1
|
|-heal|p2a: Pinky|24/100|[from] item: Leftovers
|upkeep
|turn|15
|
|t:|1757861245
|move|p1a: Veluza|Ice Fang|p2a: Pinky
|-damage|p2a: Pinky|14/100
|-status|p2a: Pinky|frz
|-curestatus|p2a: Pinky|frz|[msg]
|move|p2a: Pinky|Earthquake|p1a: Veluza
|-damage|p1a: Veluza|0 fnt
|faint|p1a: Veluza
|
|-heal|p2a: Pinky|21/100|[from] item: Leftovers
|upkeep
|
|t:|1757861249
|switch|p1a: Hatterene|Hatterene, F, shiny|100/100
|turn|16
|
|t:|1757861252
|move|p1a: Hatterene|Psychic Noise|p2a: Pinky
|-damage|p2a: Pinky|0 fnt
|faint|p2a: Pinky
|
|upkeep
|
|t:|1757861257
|switch|p2a: 2 horn|Iron Leaves|100/100
|-enditem|p2a: 2 horn|Booster Energy
|-activate|p2a: 2 horn|ability: Quark Drive|[fromitem]
|-start|p2a: 2 horn|quarkdriveatk
|turn|17
|
|t:|1757861261
|move|p2a: 2 horn|Swords Dance|p2a: 2 horn
|-boost|p2a: 2 horn|atk|2
|move|p1a: Hatterene|Trick Room|p1a: Hatterene
|-fieldstart|move: Trick Room|[of] p1a: Hatterene
|
|upkeep
|turn|18
|
|t:|1757861269
|move|p1a: Hatterene|Draining Kiss|p2a: 2 horn
|-damage|p2a: 2 horn|71/100
|move|p2a: 2 horn|Megahorn|p1a: Hatterene
|-damage|p1a: Hatterene|0 fnt
|faint|p1a: Hatterene
|
|upkeep
|
|t:|1757861271
|switch|p1a: Malamar|Malamar, M, shiny|100/100
|turn|19
|
|t:|1757861274
|move|p2a: 2 horn|Megahorn|p1a: Malamar
|-supereffective|p1a: Malamar
|-damage|p1a: Malamar|0 fnt
|faint|p1a: Malamar
|
|win|noahthepenguin
|raw|leologa's rating: 1094 &rarr; <strong>1070</strong><br />(-24 for losing)
|raw|noahthepenguin's rating: 1090 &rarr; <strong>1117</strong><br />(+27 for winning)
|c|☆noahthepenguin|Gg
|l|☆leologa
|player|p1|
|l|☆noahthepenguin
|player|p2|
