|j|☆Js8m
|j|☆Femboyjoystick
|t:|1757806746
|gametype|singles
|player|p1|Js8m|169|1143
|player|p2|Femboyjoystick|roxie|1207
|gen|9
|tier|[Gen 9] OU
|rated|
|rule|HP Percentage Mod: HP is shown in percentages
|rule|Endless Battle Clause: Forcing endless battles is banned
|rule|Species Clause: Limit one of each Pokémon
|rule|OHKO Clause: OHKO moves are banned
|rule|Evasion Items Clause: Evasion items are banned
|rule|Evasion Moves Clause: Evasion moves are banned
|rule|Evasion Abilities Clause: Evasion abilities are banned
|rule|Sleep Moves Clause: Sleep-inducing moves are banned
|clearpoke
|poke|p1|Great Tusk|
|poke|p1|Primarina, F|
|poke|p1|Iron Valiant|
|poke|p1|Kingambit, F|
|poke|p1|Dragapult, F|
|poke|p1|Amoonguss, F|
|poke|p2|Quaquaval, F|
|poke|p2|Hatterene, F|
|poke|p2|Gholdengo|
|poke|p2|Ogerpon-Wellspring, F|
|poke|p2|Great Tusk|
|poke|p2|Zapdos|
|teampreview
|inactive|Battle timer is ON: inactive players will automatically lose when time's up. (requested by Femboyjoystick)
|
|t:|1757806760
|teamsize|p1|6
|teamsize|p2|6
|start
|switch|p1a: Byleth|Iron Valiant|100/100
|switch|p2a: Ogerpon|Ogerpon-Wellspring, F|100/100
|-enditem|p1a: Byleth|Booster Energy
|-activate|p1a: Byleth|ability: Quark Drive|[fromitem]
|-start|p1a: Byleth|quarkdrivespe
|turn|1
|
|t:|1757806767
|move|p1a: Byleth|Swords Dance|p1a: Byleth
|-boost|p1a: Byleth|atk|2
|move|p2a: Ogerpon|Encore|p1a: Byleth
|-start|p1a: Byleth|Encore
|
|upkeep
|turn|2
|
|t:|1757806785
|-end|p1a: Byleth|Quark Drive|[silent]
|switch|p1a: Pew|Dragapult, F|100/100
|move|p2a: Ogerpon|Knock Off|p1a: Pew
|-supereffective|p1a: Pew
|-damage|p1a: Pew|0 fnt
|-enditem|p1a: Pew|Choice Specs|[from] move: Knock Off|[of] p2a: Ogerpon
|faint|p1a: Pew
|
|upkeep
|
|t:|1757806802
|switch|p1a: Imposter|Amoonguss, F|100/100
|turn|3
|
|t:|1757806809
|switch|p2a: Hatterene|Hatterene, F|100/100
|move|p1a: Imposter|Toxic|p2a: Hatterene
|move|p2a: Hatterene|Toxic|p1a: Imposter|[from] ability: Magic Bounce
|-immune|p1a: Imposter
|
|upkeep
|turn|4
|
|t:|1757806819
|move|p1a: Imposter|Giga Drain|p2a: Hatterene
|-damage|p2a: Hatterene|84/100
|move|p2a: Hatterene|Mystical Fire|p1a: Imposter
|-supereffective|p1a: Imposter
|-damage|p1a: Imposter|49/100
|-unboost|p1a: Imposter|spa|1
|
|-heal|p1a: Imposter|55/100|[from] item: Black Sludge
|upkeep
|turn|5
|
|t:|1757806829
|-terastallize|p1a: Imposter|Water
|move|p1a: Imposter|Giga Drain|p2a: Hatterene
|-damage|p2a: Hatterene|73/100
|-heal|p1a: Imposter|59/100|[from] drain|[of] p2a: Hatterene
|move|p2a: Hatterene|Giga Drain|p1a: Imposter
|-supereffective|p1a: Imposter
|-damage|p1a: Imposter|4/100
|-heal|p2a: Hatterene|100/100|[from] drain|[of] p1a: Imposter
|
|-damage|p1a: Imposter|0 fnt|[from] item: Black Sludge
|faint|p1a: Imposter
|upkeep
|
|t:|1757806849
|switch|p1a: Mew 3|Great Tusk|100/100
|turn|6
|
|t:|1757806858
|move|p1a: Mew 3|Knock Off|p2a: Hatterene
|-damage|p2a: Hatterene|71/100
|-enditem|p2a: Hatterene|Assault Vest|[from] move: Knock Off|[of] p1a: Mew 3
|move|p2a: Hatterene|Psychic Noise|p1a: Mew 3
|-supereffective|p1a: Mew 3
|-damage|p1a: Mew 3|0 fnt
|faint|p1a: Mew 3
|-end|p1a: Mew 3|Protosynthesis|[silent]
|
|upkeep
|
|t:|1757806868
|switch|p1a: Fabuloso|Primarina, F|100/100
|turn|7
|
|t:|1757806872
|move|p1a: Fabuloso|Substitute|p1a: Fabuloso
|-start|p1a: Fabuloso|Substitute
|-damage|p1a: Fabuloso|76/100
|move|p2a: Hatterene|Giga Drain|p1a: Fabuloso
|-supereffective|p1a: Fabuloso
|-end|p1a: Fabuloso|Substitute
|-heal|p2a: Hatterene|85/100|[from] drain|[of] p1a: Fabuloso
|
|upkeep
|turn|8
|
|t:|1757806890
|switch|p1a: Yojimbo|Kingambit, F|100/100
|-activate|p1a: Yojimbo|ability: Supreme Overlord
|-start|p1a: Yojimbo|fallen3|[silent]
|move|p2a: Hatterene|Giga Drain|p1a: Yojimbo
|-resisted|p1a: Yojimbo
|-damage|p1a: Yojimbo|85/100
|-heal|p2a: Hatterene|95/100|[from] drain|[of] p1a: Yojimbo
|
|upkeep
|turn|9
|
|t:|1757806909
|move|p1a: Yojimbo|Swords Dance|p1a: Yojimbo
|-boost|p1a: Yojimbo|atk|2
|move|p2a: Hatterene|Mystical Fire|p1a: Yojimbo
|-supereffective|p1a: Yojimbo
|-damage|p1a: Yojimbo|32/100
|-unboost|p1a: Yojimbo|spa|1
|
|upkeep
|turn|10
|
|t:|1757806931
|switch|p2a: Gholdengo|Gholdengo|100/100
|move|p1a: Yojimbo|Kowtow Cleave|p2a: Gholdengo
|-supereffective|p2a: Gholdengo
|-damage|p2a: Gholdengo|0 fnt
|faint|p2a: Gholdengo
|
|upkeep
|
|t:|1757806937
|switch|p2a: Quaquaval|Quaquaval, F|100/100
|turn|11
|
|t:|1757806953
|-terastallize|p2a: Quaquaval|Steel
|move|p2a: Quaquaval|Close Combat|p1a: Yojimbo
|-supereffective|p1a: Yojimbo
|-damage|p1a: Yojimbo|0 fnt
|-unboost|p2a: Quaquaval|def|1
|-unboost|p2a: Quaquaval|spd|1
|faint|p1a: Yojimbo
|-end|p1a: Yojimbo|fallen3|[silent]
|-ability|p2a: Quaquaval|Moxie|boost
|-boost|p2a: Quaquaval|atk|1
|
|upkeep
|
|t:|1757806962
|switch|p1a: Byleth|Iron Valiant|100/100
|turn|12
|
|t:|1757806976
|switch|p2a: Hatterene|Hatterene, F|95/100
|move|p1a: Byleth|Swords Dance|p1a: Byleth
|-boost|p1a: Byleth|atk|2
|
|upkeep
|turn|13
|
|t:|1757806986
|move|p1a: Byleth|Spirit Break|p2a: Hatterene
|-damage|p2a: Hatterene|12/100
|-unboost|p2a: Hatterene|spa|1
|move|p2a: Hatterene|Psychic Noise|p1a: Byleth
|-supereffective|p1a: Byleth
|-damage|p1a: Byleth|0 fnt
|faint|p1a: Byleth
|-end|p1a: Byleth|Quark Drive|[silent]
|
|upkeep
|
|t:|1757806995
|switch|p1a: Fabuloso|Primarina, F|76/100
|turn|14
|
|t:|1757807005
|move|p1a: Fabuloso|Calm Mind|p1a: Fabuloso
|-boost|p1a: Fabuloso|spa|1
|-boost|p1a: Fabuloso|spd|1
|move|p2a: Hatterene|Giga Drain|p1a: Fabuloso
|-supereffective|p1a: Fabuloso
|-damage|p1a: Fabuloso|54/100
|-heal|p2a: Hatterene|24/100|[from] drain|[of] p1a: Fabuloso
|
|upkeep
|turn|15
|
|t:|1757807014
|move|p1a: Fabuloso|Moonblast|p2a: Hatterene
|-damage|p2a: Hatterene|0 fnt
|faint|p2a: Hatterene
|
|upkeep
|
|t:|1757807015
|switch|p2a: Ogerpon|Ogerpon-Wellspring, F|100/100
|turn|16
|
|t:|1757807020
|move|p2a: Ogerpon|Horn Leech|p1a: Fabuloso
|-supereffective|p1a: Fabuloso
|-crit|p1a: Fabuloso
|-damage|p1a: Fabuloso|0 fnt
|faint|p1a: Fabuloso
|
|win|Femboyjoystick
|raw|Js8m's rating: 1143 &rarr; <strong>1123</strong><br />(-20 for losing)
|raw|Femboyjoystick's rating: 1207 &rarr; <strong>1227</strong><br />(+20 for winning)
