|j|☆tzhed
|j|☆frozen shogun
|t:|1757866955
|gametype|singles
|player|p1|tzhed|169|1282
|player|p2|frozen shogun|wallace|1280
|gen|9
|tier|[Gen 9] OU
|rated|
|rule|HP Percentage Mod: HP is shown in percentages
|rule|Endless Battle Clause: Forcing endless battles is banned
|rule|Species Clause: Limit one of each Pokémon
|rule|OHKO Clause: OHKO moves are banned
|rule|Evasion Items Clause: Evasion items are banned
|rule|Evasion Moves Clause: Evasion moves are banned
|rule|Evasion Abilities Clause: Evasion abilities are banned
|rule|Sleep Moves Clause: Sleep-inducing moves are banned
|clearpoke
|poke|p1|Medicham, M|
|poke|p1|Iron Valiant|
|poke|p1|Ting-Lu|
|poke|p1|Lokix, F|
|poke|p1|Corviknight, M|
|poke|p1|Rotom-Wash|
|poke|p2|Victreebel, F|
|poke|p2|Torkoal, F|
|poke|p2|Ninetales, F|
|poke|p2|Primarina, M|
|poke|p2|Scizor, M|
|poke|p2|Thundurus-Therian, M|
|teampreview
|
|t:|1757866972
|teamsize|p1|6
|teamsize|p2|6
|start
|switch|p1a: Lokix|Lokix, F|100/100
|switch|p2a: Torkoal|Torkoal, F|100/100
|-weather|SunnyDay|[from] ability: Drought|[of] p2a: Torkoal
|turn|1
|inactive|Battle timer is ON: inactive players will automatically lose when time's up. (requested by frozen shogun)
|
|t:|1757867039
|move|p1a: Lokix|U-turn|p2a: Torkoal
|-resisted|p2a: Torkoal
|-damage|p2a: Torkoal|64/100
|
|t:|1757867060
|switch|p1a: Rotom|Rotom-Wash|100/100|[from] U-turn
|move|p2a: Torkoal|Will-O-Wisp|p1a: Rotom
|-status|p1a: Rotom|brn
|
|-weather|SunnyDay|[upkeep]
|-damage|p1a: Rotom|94/100 brn|[from] brn
|upkeep
|turn|2
|
|t:|1757867065
|move|p1a: Rotom|Volt Switch|p2a: Torkoal
|-crit|p2a: Torkoal
|-damage|p2a: Torkoal|33/100
|
|t:|1757867071
|switch|p1a: Ting-Lu|Ting-Lu|100/100|[from] Volt Switch
|-ability|p1a: Ting-Lu|Vessel of Ruin
|move|p2a: Torkoal|Stealth Rock|p1a: Ting-Lu
|-sidestart|p1: tzhed|move: Stealth Rock
|
|-weather|SunnyDay|[upkeep]
|upkeep
|turn|3
|
|t:|1757867077
|move|p1a: Ting-Lu|Stealth Rock|p2a: Torkoal
|-sidestart|p2: frozen shogun|move: Stealth Rock
|move|p2a: Torkoal|Will-O-Wisp|p1a: Ting-Lu
|-status|p1a: Ting-Lu|brn
|
|-weather|SunnyDay|[upkeep]
|-damage|p1a: Ting-Lu|94/100 brn|[from] brn
|upkeep
|turn|4
|
|t:|1757867084
|move|p1a: Ting-Lu|Earthquake|p2a: Torkoal
|-supereffective|p2a: Torkoal
|-damage|p2a: Torkoal|7/100
|move|p2a: Torkoal|Rapid Spin|p1a: Ting-Lu
|-damage|p1a: Ting-Lu|89/100 brn
|-boost|p2a: Torkoal|spe|1
|-sideend|p2: frozen shogun|Stealth Rock|[from] move: Rapid Spin|[of] p2a: Torkoal
|
|-weather|SunnyDay|[upkeep]
|-heal|p1a: Ting-Lu|96/100 brn|[from] item: Leftovers
|-damage|p1a: Ting-Lu|89/100 brn|[from] brn
|upkeep
|turn|5
|
|t:|1757867093
|switch|p2a: Primarina|Primarina, M|100/100
|move|p1a: Ting-Lu|Stealth Rock|p2a: Primarina
|-sidestart|p2: frozen shogun|move: Stealth Rock
|
|-weather|none
|-heal|p1a: Ting-Lu|96/100 brn|[from] item: Leftovers
|-damage|p1a: Ting-Lu|89/100 brn|[from] brn
|upkeep
|turn|6
|
|t:|1757867102
|switch|p1a: Rotom|Rotom-Wash|94/100 brn
|-damage|p1a: Rotom|82/100 brn|[from] Stealth Rock
|move|p2a: Primarina|Hyper Voice|p1a: Rotom
|-resisted|p1a: Rotom
|-damage|p1a: Rotom|62/100 brn
|
|-heal|p1a: Rotom|68/100 brn|[from] item: Leftovers
|-damage|p1a: Rotom|62/100 brn|[from] brn
|upkeep
|turn|7
|
|t:|1757867109
|move|p1a: Rotom|Thunder Wave|p2a: Primarina
|-status|p2a: Primarina|par
|move|p2a: Primarina|Moonblast|p1a: Rotom
|-damage|p1a: Rotom|21/100 brn
|
|-heal|p1a: Rotom|27/100 brn|[from] item: Leftovers
|-damage|p1a: Rotom|21/100 brn|[from] brn
|upkeep
|turn|8
|
|t:|1757867118
|move|p1a: Rotom|Pain Split|p2a: Primarina
|-sethp|p2a: Primarina|59/100 par|[from] move: Pain Split|[silent]
|-sethp|p1a: Rotom|71/100 brn|[from] move: Pain Split
|move|p2a: Primarina|Hyper Voice|p1a: Rotom
|-resisted|p1a: Rotom
|-damage|p1a: Rotom|52/100 brn
|
|-heal|p1a: Rotom|58/100 brn|[from] item: Leftovers
|-damage|p1a: Rotom|52/100 brn|[from] brn
|upkeep
|turn|9
|
|t:|1757867125
|move|p1a: Rotom|Volt Switch|p2a: Primarina
|-supereffective|p2a: Primarina
|-damage|p2a: Primarina|34/100 par
|
|t:|1757867142
|switch|p1a: Corviknight|Corviknight, M|100/100|[from] Volt Switch
|-damage|p1a: Corviknight|88/100|[from] Stealth Rock
|-ability|p1a: Corviknight|Pressure
|move|p2a: Primarina|Flip Turn|p1a: Corviknight
|-damage|p1a: Corviknight|80/100
|
|t:|1757867151
|switch|p2a: Thundurus|Thundurus-Therian, M|100/100|[from] Flip Turn
|-damage|p2a: Thundurus|76/100|[from] Stealth Rock
|
|-heal|p1a: Corviknight|86/100|[from] item: Leftovers
|upkeep
|turn|10
|
|t:|1757867157
|switch|p1a: Ting-Lu|Ting-Lu|89/100 brn
|-damage|p1a: Ting-Lu|83/100 brn|[from] Stealth Rock
|-ability|p1a: Ting-Lu|Vessel of Ruin
|move|p2a: Thundurus|Focus Blast|p1a: Ting-Lu
|-supereffective|p1a: Ting-Lu
|-damage|p1a: Ting-Lu|40/100 brn
|
|-heal|p1a: Ting-Lu|47/100 brn|[from] item: Leftovers
|-damage|p1a: Ting-Lu|40/100 brn|[from] brn
|upkeep
|turn|11
|
|t:|1757867167
|move|p2a: Thundurus|Focus Blast|p1a: Ting-Lu|[miss]
|-miss|p2a: Thundurus|p1a: Ting-Lu
|move|p1a: Ting-Lu|Whirlwind|p2a: Thundurus
|drag|p2a: Ninetales|Ninetales, F|100/100
|-damage|p2a: Ninetales|76/100|[from] Stealth Rock
|-weather|SunnyDay|[from] ability: Drought|[of] p2a: Ninetales
|
|-weather|SunnyDay|[upkeep]
|-heal|p1a: Ting-Lu|47/100 brn|[from] item: Leftovers
|-damage|p1a: Ting-Lu|40/100 brn|[from] brn
|upkeep
|turn|12
|
|t:|1757867177
|move|p2a: Ninetales|Fire Spin|p1a: Ting-Lu|[miss]
|-miss|p2a: Ninetales|p1a: Ting-Lu
|move|p1a: Ting-Lu|Ruination|p2a: Ninetales
|-damage|p2a: Ninetales|38/100
|
|-weather|SunnyDay|[upkeep]
|-heal|p1a: Ting-Lu|47/100 brn|[from] item: Leftovers
|-damage|p1a: Ting-Lu|40/100 brn|[from] brn
|upkeep
|turn|13
|
|t:|1757867184
|move|p2a: Ninetales|Pain Split|p1a: Ting-Lu
|-sethp|p1a: Ting-Lu|31/100 brn|[from] move: Pain Split|[silent]
|-sethp|p2a: Ninetales|55/100|[from] move: Pain Split
|move|p1a: Ting-Lu|Whirlwind|p2a: Ninetales
|drag|p2a: Victreebel|Victreebel, F|100/100
|-damage|p2a: Victreebel|88/100|[from] Stealth Rock
|
|-weather|SunnyDay|[upkeep]
|-heal|p1a: Ting-Lu|37/100 brn|[from] item: Leftovers
|-damage|p1a: Ting-Lu|31/100 brn|[from] brn
|upkeep
|turn|14
|
|t:|1757867195
|switch|p1a: Corviknight|Corviknight, M|86/100
|-damage|p1a: Corviknight|73/100|[from] Stealth Rock
|-ability|p1a: Corviknight|Pressure
|move|p2a: Victreebel|Bullet Seed|p1a: Corviknight
|-resisted|p1a: Corviknight
|-damage|p1a: Corviknight|72/100
|-resisted|p1a: Corviknight
|-damage|p1a: Corviknight|70/100
|-resisted|p1a: Corviknight
|-damage|p1a: Corviknight|68/100
|-resisted|p1a: Corviknight
|-damage|p1a: Corviknight|66/100
|-resisted|p1a: Corviknight
|-damage|p1a: Corviknight|64/100
|-hitcount|p1a: Corviknight|5
|
|-weather|SunnyDay|[upkeep]
|-heal|p1a: Corviknight|70/100|[from] item: Leftovers
|upkeep
|turn|15
|
|t:|1757867204
|switch|p2a: Torkoal|Torkoal, F|7/100
|move|p1a: Corviknight|Roost|p1a: Corviknight
|-heal|p1a: Corviknight|100/100
|-singleturn|p1a: Corviknight|move: Roost
|
|-weather|none
|upkeep
|turn|16
|
|t:|1757867219
|move|p1a: Corviknight|Defog|p2a: Torkoal
|-unboost|p2a: Torkoal|evasion|1
|-sideend|p2: frozen shogun|Stealth Rock|[from] move: Defog|[of] p1a: Corviknight
|-sideend|p1: tzhed|Stealth Rock|[from] move: Defog|[of] p1a: Corviknight
|move|p2a: Torkoal|Will-O-Wisp|p1a: Corviknight
|-status|p1a: Corviknight|brn
|
|-damage|p1a: Corviknight|94/100 brn|[from] brn
|upkeep
|turn|17
|
|t:|1757867226
|move|p1a: Corviknight|Body Press|p2a: Torkoal
|-damage|p2a: Torkoal|0 fnt
|faint|p2a: Torkoal
|
|-heal|p1a: Corviknight|100/100 brn|[from] item: Leftovers
|-damage|p1a: Corviknight|94/100 brn|[from] brn
|upkeep
|
|t:|1757867229
|switch|p2a: Ninetales|Ninetales, F|55/100
|-weather|SunnyDay|[from] ability: Drought|[of] p2a: Ninetales
|turn|18
|
|t:|1757867233
|switch|p1a: Rotom|Rotom-Wash|52/100 brn
|move|p2a: Ninetales|Pain Split|p1a: Rotom
|-sethp|p1a: Rotom|52/100 brn|[from] move: Pain Split|[silent]
|-sethp|p2a: Ninetales|55/100|[from] move: Pain Split
|
|-weather|SunnyDay|[upkeep]
|-heal|p1a: Rotom|58/100 brn|[from] item: Leftovers
|-damage|p1a: Rotom|52/100 brn|[from] brn
|upkeep
|turn|19
|
|t:|1757867240
|move|p2a: Ninetales|Fire Spin|p1a: Rotom
|-resisted|p1a: Rotom
|-damage|p1a: Rotom|44/100 brn
|-activate|p1a: Rotom|move: Fire Spin|[of] p2a: Ninetales
|move|p1a: Rotom|Thunder Wave|p2a: Ninetales
|-status|p2a: Ninetales|par
|
|-weather|SunnyDay|[upkeep]
|-heal|p1a: Rotom|50/100 brn|[from] item: Leftovers
|-damage|p1a: Rotom|44/100 brn|[from] brn
|-damage|p1a: Rotom|27/100 brn|[from] move: Fire Spin|[partiallytrapped]
|upkeep
|turn|20
|
|t:|1757867250
|move|p1a: Rotom|Pain Split|p2a: Ninetales
|-sethp|p2a: Ninetales|42/100 par|[from] move: Pain Split|[silent]
|-sethp|p1a: Rotom|39/100 brn|[from] move: Pain Split
|move|p2a: Ninetales|Encore|p1a: Rotom
|-start|p1a: Rotom|Encore
|
|-weather|SunnyDay|[upkeep]
|-heal|p1a: Rotom|46/100 brn|[from] item: Leftovers
|-damage|p1a: Rotom|39/100 brn|[from] brn
|-damage|p1a: Rotom|23/100 brn|[from] move: Fire Spin|[partiallytrapped]
|upkeep
|turn|21
|
|t:|1757867260
|move|p1a: Rotom|Pain Split|p2a: Ninetales
|-sethp|p2a: Ninetales|33/100 par|[from] move: Pain Split|[silent]
|-sethp|p1a: Rotom|31/100 brn|[from] move: Pain Split
|cant|p2a: Ninetales|par
|
|-weather|SunnyDay|[upkeep]
|-heal|p1a: Rotom|37/100 brn|[from] item: Leftovers
|-damage|p1a: Rotom|31/100 brn|[from] brn
|-damage|p1a: Rotom|15/100 brn|[from] move: Fire Spin|[partiallytrapped]
|upkeep
|turn|22
|
|t:|1757867272
|move|p1a: Rotom|Pain Split|p2a: Ninetales
|-sethp|p2a: Ninetales|24/100 par|[from] move: Pain Split|[silent]
|-sethp|p1a: Rotom|23/100 brn|[from] move: Pain Split
|move|p2a: Ninetales|Fire Spin|p1a: Rotom
|-resisted|p1a: Rotom
|-damage|p1a: Rotom|14/100 brn
|
|-weather|none
|-heal|p1a: Rotom|21/100 brn|[from] item: Leftovers
|-damage|p1a: Rotom|14/100 brn|[from] brn
|-damage|p1a: Rotom|0 fnt|[from] move: Fire Spin|[partiallytrapped]
|faint|p1a: Rotom
|upkeep
|inactive|tzhed has 120 seconds left.
|
|t:|1757867303
|switch|p1a: Lokix|Lokix, F|100/100
|turn|23
|
|t:|1757867308
|switch|p2a: Primarina|Primarina, M|34/100 par
|move|p1a: Lokix|U-turn|p2a: Primarina
|-resisted|p2a: Primarina
|-damage|p2a: Primarina|0 fnt
|faint|p2a: Primarina
|inactive|tzhed has 120 seconds left.
|
|t:|1757867342
|switch|p1a: Medicham|Medicham, M|100/100|[from] U-turn
|
|upkeep
|
|t:|1757867347
|switch|p2a: Thundurus|Thundurus-Therian, M|76/100
|turn|24
|
|t:|1757867363
|-terastallize|p2a: Thundurus|Flying
|move|p1a: Medicham|Fake Out|p2a: Thundurus
|-damage|p2a: Thundurus|49/100
|cant|p2a: Thundurus|flinch
|
|upkeep
|turn|25
|
|t:|1757867376
|switch|p1a: Ting-Lu|Ting-Lu|31/100 brn
|-ability|p1a: Ting-Lu|Vessel of Ruin
|move|p2a: Thundurus|Tera Blast|p1a: Ting-Lu|[anim] Tera Blast Flying
|-damage|p1a: Ting-Lu|5/100 brn
|
|-heal|p1a: Ting-Lu|11/100 brn|[from] item: Leftovers
|-damage|p1a: Ting-Lu|5/100 brn|[from] brn
|upkeep
|turn|26
|
|t:|1757867383
|move|p2a: Thundurus|Tera Blast|p1a: Ting-Lu|[anim] Tera Blast Flying
|-damage|p1a: Ting-Lu|0 fnt
|faint|p1a: Ting-Lu
|
|upkeep
|
|t:|1757867397
|switch|p1a: Lokix|Lokix, F|100/100
|turn|27
|
|t:|1757867405
|move|p1a: Lokix|First Impression|p2a: Thundurus
|-resisted|p2a: Thundurus
|-damage|p2a: Thundurus|0 fnt
|faint|p2a: Thundurus
|
|upkeep
|
|t:|1757867409
|switch|p2a: Scizor|Scizor, M|100/100
|turn|28
|
|t:|1757867416
|switch|p1a: Corviknight|Corviknight, M|94/100 brn
|-ability|p1a: Corviknight|Pressure
|move|p2a: Scizor|Swords Dance|p2a: Scizor
|-boost|p2a: Scizor|atk|2
|
|-heal|p1a: Corviknight|100/100 brn|[from] item: Leftovers
|-damage|p1a: Corviknight|94/100 brn|[from] brn
|upkeep
|turn|29
|
|t:|1757867422
|move|p1a: Corviknight|Iron Defense|p1a: Corviknight
|-boost|p1a: Corviknight|def|2
|move|p2a: Scizor|Swords Dance|p2a: Scizor
|-boost|p2a: Scizor|atk|2
|
|-heal|p1a: Corviknight|100/100 brn|[from] item: Leftovers
|-damage|p1a: Corviknight|94/100 brn|[from] brn
|upkeep
|turn|30
|
|t:|1757867425
|move|p1a: Corviknight|Iron Defense|p1a: Corviknight
|-boost|p1a: Corviknight|def|2
|move|p2a: Scizor|Swords Dance|p2a: Scizor
|-boost|p2a: Scizor|atk|2
|
|-heal|p1a: Corviknight|100/100 brn|[from] item: Leftovers
|-damage|p1a: Corviknight|94/100 brn|[from] brn
|upkeep
|turn|31
|
|t:|1757867428
|move|p2a: Scizor|Bullet Punch|p1a: Corviknight
|-resisted|p1a: Corviknight
|-damage|p1a: Corviknight|83/100 brn
|move|p1a: Corviknight|Iron Defense|p1a: Corviknight
|-boost|p1a: Corviknight|def|2
|
|-heal|p1a: Corviknight|89/100 brn|[from] item: Leftovers
|-damage|p1a: Corviknight|83/100 brn|[from] brn
|upkeep
|turn|32
|
|t:|1757867433
|move|p2a: Scizor|Bullet Punch|p1a: Corviknight
|-resisted|p1a: Corviknight
|-damage|p1a: Corviknight|75/100 brn
|move|p1a: Corviknight|Body Press|p2a: Scizor
|-damage|p2a: Scizor|46/100
|
|-heal|p1a: Corviknight|81/100 brn|[from] item: Leftovers
|-damage|p1a: Corviknight|75/100 brn|[from] brn
|upkeep
|turn|33
|
|t:|1757867438
|move|p2a: Scizor|Bullet Punch|p1a: Corviknight
|-resisted|p1a: Corviknight
|-damage|p1a: Corviknight|66/100 brn
|move|p1a: Corviknight|Body Press|p2a: Scizor
|-damage|p2a: Scizor|0 fnt
|faint|p2a: Scizor
|
|-heal|p1a: Corviknight|72/100 brn|[from] item: Leftovers
|-damage|p1a: Corviknight|66/100 brn|[from] brn
|upkeep
|
|t:|1757867441
|switch|p2a: Ninetales|Ninetales, F|24/100 par
|-weather|SunnyDay|[from] ability: Drought|[of] p2a: Ninetales
|turn|34
|
|t:|1757867444
|move|p1a: Corviknight|Body Press|p2a: Ninetales
|-damage|p2a: Ninetales|0 fnt
|faint|p2a: Ninetales
|
|-weather|SunnyDay|[upkeep]
|-heal|p1a: Corviknight|72/100 brn|[from] item: Leftovers
|-damage|p1a: Corviknight|66/100 brn|[from] brn
|upkeep
|
|t:|1757867446
|switch|p2a: Victreebel|Victreebel, F|88/100
|turn|35
|-message|frozen shogun forfeited.
|
|win|tzhed
|raw|tzhed's rating: 1282 &rarr; <strong>1307</strong><br />(+25 for winning)
|raw|frozen shogun's rating: 1280 &rarr; <strong>1255</strong><br />(-25 for losing)
|l|☆frozen shogun
|player|p2|
|l|☆tzhed
|player|p1|
