|j|☆sminey
|j|☆youjustgotnoobed
|t:|1757788792
|gametype|singles
|player|p1|sminey|102|1550
|player|p2|youjustgotnoobed|lady|1495
|gen|9
|tier|[Gen 9] OU
|rated|
|rule|HP Percentage Mod: HP is shown in percentages
|rule|Endless Battle Clause: Forcing endless battles is banned
|rule|Species Clause: Limit one of each Pokémon
|rule|OHKO Clause: OHKO moves are banned
|rule|Evasion Items Clause: Evasion items are banned
|rule|Evasion Moves Clause: Evasion moves are banned
|rule|Evasion Abilities Clause: Evasion abilities are banned
|rule|Sleep Moves Clause: Sleep-inducing moves are banned
|clearpoke
|poke|p1|Latios, M|
|poke|p1|Cinderace, M|
|poke|p1|Weavile, M|
|poke|p1|Zapdos|
|poke|p1|Clefable, F|
|poke|p1|Slowking-Galar, M|
|poke|p2|Comfey, F|
|poke|p2|Whimsicott, M|
|poke|p2|Great Tusk|
|poke|p2|Walking Wake|
|poke|p2|Slither Wing|
|poke|p2|Ninetales, F|
|teampreview
|inactive|Battle timer is ON: inactive players will automatically lose when time's up. (requested by youjustgotnoobed)
|
|t:|1757788797
|teamsize|p1|6
|teamsize|p2|6
|start
|switch|p1a: Cinderace|Cinderace, M|100/100
|switch|p2a: Ninetales|Ninetales, F|100/100
|-weather|SunnyDay|[from] ability: Drought|[of] p2a: Ninetales
|turn|1
|
|t:|1757788811
|switch|p2a: Great Tusk|Great Tusk|100/100
|-activate|p2a: Great Tusk|ability: Protosynthesis
|-start|p2a: Great Tusk|protosynthesisatk
|move|p1a: Cinderace|Pyro Ball|p2a: Great Tusk
|-damage|p2a: Great Tusk|32/100
|
|-weather|SunnyDay|[upkeep]
|upkeep
|turn|2
|
|t:|1757788820
|-end|p2a: Great Tusk|Protosynthesis|[silent]
|switch|p2a: Walking Wake|Walking Wake|100/100
|-activate|p2a: Walking Wake|ability: Protosynthesis
|-start|p2a: Walking Wake|protosynthesisspa
|move|p1a: Cinderace|Pyro Ball|p2a: Walking Wake
|-resisted|p2a: Walking Wake
|-damage|p2a: Walking Wake|76/100
|
|-weather|SunnyDay|[upkeep]
|upkeep
|turn|3
|
|t:|1757788832
|switch|p1a: Slowking|Slowking-Galar, M|100/100
|move|p2a: Walking Wake|Hydro Steam|p1a: Slowking
|-damage|p1a: Slowking|49/100
|
|-weather|SunnyDay|[upkeep]
|upkeep
|turn|4
|
|t:|1757788842
|switch|p1a: Latios|Latios, M|100/100
|move|p2a: Walking Wake|Hydro Steam|p1a: Latios
|-resisted|p1a: Latios
|-damage|p1a: Latios|38/100
|
|-weather|SunnyDay|[upkeep]
|upkeep
|turn|5
|
|t:|1757788850
|-terastallize|p2a: Walking Wake|Water
|move|p1a: Latios|Draco Meteor|p2a: Walking Wake
|-damage|p2a: Walking Wake|0 fnt
|-unboost|p1a: Latios|spa|2
|faint|p2a: Walking Wake
|-end|p2a: Walking Wake|Protosynthesis|[silent]
|
|-weather|SunnyDay|[upkeep]
|upkeep
|
|t:|1757788856
|switch|p2a: Comfey|Comfey, F|100/100
|turn|6
|
|t:|1757788861
|switch|p1a: Clefable|Clefable, F|100/100
|move|p2a: Comfey|Growth|p2a: Comfey
|-boost|p2a: Comfey|atk|2
|-boost|p2a: Comfey|spa|2
|
|-weather|SunnyDay|[upkeep]
|upkeep
|turn|7
|
|t:|1757788867
|move|p2a: Comfey|Growth|p2a: Comfey
|-boost|p2a: Comfey|atk|2
|-boost|p2a: Comfey|spa|2
|move|p1a: Clefable|Calm Mind|p1a: Clefable
|-boost|p1a: Clefable|spa|1
|-boost|p1a: Clefable|spd|1
|
|-weather|SunnyDay|[upkeep]
|upkeep
|turn|8
|
|t:|1757788869
|move|p2a: Comfey|Growth|p2a: Comfey
|-boost|p2a: Comfey|atk|2
|-boost|p2a: Comfey|spa|2
|move|p1a: Clefable|Calm Mind|p1a: Clefable
|-boost|p1a: Clefable|spa|1
|-boost|p1a: Clefable|spd|1
|
|-weather|none
|upkeep
|turn|9
|
|t:|1757788875
|move|p2a: Comfey|Stored Power|p1a: Clefable
|-damage|p1a: Clefable|52/100
|-damage|p2a: Comfey|91/100|[from] item: Life Orb
|move|p1a: Clefable|Moonblast|p2a: Comfey
|-damage|p2a: Comfey|32/100
|
|upkeep
|turn|10
|
|t:|1757788886
|move|p2a: Comfey|Stored Power|p1a: Clefable
|-crit|p1a: Clefable
|-damage|p1a: Clefable|0 fnt
|faint|p1a: Clefable
|-damage|p2a: Comfey|22/100|[from] item: Life Orb
|
|upkeep
|
|t:|1757788909
|switch|p1a: Slowking|Slowking-Galar, M|82/100
|turn|11
|
|t:|1757788912
|move|p2a: Comfey|Stored Power|p1a: Slowking
|-damage|p1a: Slowking|0 fnt
|faint|p1a: Slowking
|-damage|p2a: Comfey|12/100|[from] item: Life Orb
|
|upkeep
|
|t:|1757788928
|switch|p1a: Zapdos|Zapdos|100/100
|turn|12
|
|t:|1757788932
|move|p2a: Comfey|Draining Kiss|p1a: Zapdos
|-damage|p1a: Zapdos|4/100
|-heal|p2a: Comfey|100/100|[from] drain|[of] p1a: Zapdos
|-status|p2a: Comfey|par|[from] ability: Static|[of] p1a: Zapdos
|-damage|p2a: Comfey|91/100 par|[from] item: Life Orb
|move|p1a: Zapdos|Thunder Wave|p2a: Comfey
|-fail|p2a: Comfey|par
|
|upkeep
|turn|13
|
|t:|1757788938
|move|p2a: Comfey|Draining Kiss|p1a: Zapdos
|-damage|p1a: Zapdos|0 fnt
|-heal|p2a: Comfey|94/100 par|[from] drain|[of] p1a: Zapdos
|faint|p1a: Zapdos
|-damage|p2a: Comfey|84/100 par|[from] item: Life Orb
|
|upkeep
|
|t:|1757788943
|switch|p1a: Cinderace|Cinderace, M|100/100
|turn|14
|
|t:|1757788957
|-terastallize|p1a: Cinderace|Fire
|move|p2a: Comfey|Draining Kiss|p1a: Cinderace
|-resisted|p1a: Cinderace
|-damage|p1a: Cinderace|23/100
|-heal|p2a: Comfey|100/100 par|[from] drain|[of] p1a: Cinderace
|-damage|p2a: Comfey|91/100 par|[from] item: Life Orb
|move|p1a: Cinderace|Pyro Ball|p2a: Comfey
|-crit|p2a: Comfey
|-damage|p2a: Comfey|0 fnt
|faint|p2a: Comfey
|
|upkeep
|
|t:|1757788965
|switch|p2a: Slither Wing|Slither Wing|100/100
|turn|15
|
|t:|1757788969
|move|p2a: Slither Wing|First Impression|p1a: Cinderace
|-resisted|p1a: Cinderace
|-damage|p1a: Cinderace|0 fnt
|faint|p1a: Cinderace
|
|upkeep
|
|t:|1757788971
|switch|p1a: Latios|Latios, M|38/100
|turn|16
|
|t:|1757788978
|-end|p2a: Slither Wing|Protosynthesis|[silent]
|switch|p2a: Great Tusk|Great Tusk|32/100
|move|p1a: Latios|Luster Purge|p2a: Great Tusk
|-supereffective|p2a: Great Tusk
|-damage|p2a: Great Tusk|0 fnt
|faint|p2a: Great Tusk
|-end|p2a: Great Tusk|Protosynthesis|[silent]
|
|upkeep
|
|t:|1757788980
|switch|p2a: Slither Wing|Slither Wing|100/100
|turn|17
|
|t:|1757788983
|move|p2a: Slither Wing|First Impression|p1a: Latios
|-supereffective|p1a: Latios
|-damage|p1a: Latios|0 fnt
|faint|p1a: Latios
|
|upkeep
|
|t:|1757788984
|switch|p1a: Weavile|Weavile, M|100/100
|-ability|p1a: Weavile|Pressure
|turn|18
|
|t:|1757788987
|-end|p2a: Slither Wing|Protosynthesis|[silent]
|switch|p2a: Whimsicott|Whimsicott, M|100/100
|move|p1a: Weavile|Swords Dance|p1a: Weavile
|-boost|p1a: Weavile|atk|2
|
|upkeep
|turn|19
|
|t:|1757788991
|move|p1a: Weavile|Triple Axel|p2a: Whimsicott|[miss]
|-miss|p1a: Weavile|p2a: Whimsicott
|move|p2a: Whimsicott|Moonblast|p1a: Weavile
|-supereffective|p1a: Weavile
|-damage|p1a: Weavile|0 fnt
|faint|p1a: Weavile
|-damage|p2a: Whimsicott|91/100|[from] item: Life Orb
|
|win|youjustgotnoobed
|raw|sminey's rating: 1550 &rarr; <strong>1527</strong><br />(-23 for losing)
|raw|youjustgotnoobed's rating: 1495 &rarr; <strong>1518</strong><br />(+23 for winning)
|l|☆sminey
|player|p1|
|l|☆youjustgotnoobed
|player|p2|
