|j|☆hfrog
|j|☆goblinbastard
|t:|1757931305
|gametype|singles
|player|p1|hfrog|gambler|1390
|player|p2|goblinbastard|roxie|1390
|gen|9
|tier|[Gen 9] OU
|rated|
|rule|HP Percentage Mod: HP is shown in percentages
|rule|Endless Battle Clause: Forcing endless battles is banned
|rule|Species Clause: Limit one of each Pokémon
|rule|OHKO Clause: OHKO moves are banned
|rule|Evasion Items Clause: Evasion items are banned
|rule|Evasion Moves Clause: Evasion moves are banned
|rule|Evasion Abilities Clause: Evasion abilities are banned
|rule|Sleep Moves Clause: Sleep-inducing moves are banned
|clearpoke
|poke|p1|Hydreigon, M|
|poke|p1|Ambipom, F|
|poke|p1|Raging Bolt|
|poke|p1|Volcanion|
|poke|p1|Excadrill, M|
|poke|p1|Yanmega, M|
|poke|p2|Pecharunt|
|poke|p2|Great Tusk|
|poke|p2|Ogerpon-Wellspring, F|
|poke|p2|Iron Crown|
|poke|p2|Landorus-Therian, M|
|poke|p2|Samurott-Hisui, F|
|teampreview
|
|t:|1757931315
|teamsize|p1|6
|teamsize|p2|6
|start
|switch|p1a: Ambipom|Ambipom, F|100/100
|switch|p2a: Landorus|Landorus-Therian, M|100/100
|-ability|p2a: Landorus|Intimidate|boost
|-unboost|p1a: Ambipom|atk|1
|turn|1
|
|t:|1757931323
|switch|p2a: Pecharunt|Pecharunt|100/100
|move|p1a: Ambipom|Fake Out|p2a: Pecharunt
|-immune|p2a: Pecharunt
|
|upkeep
|turn|2
|
|t:|1757931333
|move|p1a: Ambipom|Knock Off|p2a: Pecharunt
|-supereffective|p2a: Pecharunt
|-damage|p2a: Pecharunt|83/100
|-damage|p1a: Ambipom|84/100|[from] item: Rocky Helmet|[of] p2a: Pecharunt
|-enditem|p2a: Pecharunt|Rocky Helmet|[from] move: Knock Off|[of] p1a: Ambipom
|move|p2a: Pecharunt|Parting Shot|p1a: Ambipom
|-unboost|p1a: Ambipom|atk|1
|-unboost|p1a: Ambipom|spa|1
|
|t:|1757931343
|switch|p2a: Landorus|Landorus-Therian, M|100/100|[from] Parting Shot
|-ability|p2a: Landorus|Intimidate|boost
|-unboost|p1a: Ambipom|atk|1
|
|upkeep
|turn|3
|
|t:|1757931349
|move|p2a: Landorus|U-turn|p1a: Ambipom
|-damage|p1a: Ambipom|32/100
|
|t:|1757931351
|switch|p2a: Pecharunt|Pecharunt|83/100|[from] U-turn
|move|p1a: Ambipom|Knock Off|p2a: Pecharunt
|-supereffective|p2a: Pecharunt
|-damage|p2a: Pecharunt|75/100
|
|upkeep
|turn|4
|
|t:|1757931362
|switch|p1a: Excadrill|Excadrill, M|100/100
|-ability|p1a: Excadrill|Mold Breaker
|move|p2a: Pecharunt|Parting Shot|p1a: Excadrill
|-unboost|p1a: Excadrill|atk|1
|-unboost|p1a: Excadrill|spa|1
|
|t:|1757931372
|switch|p2a: Landorus|Landorus-Therian, M|100/100|[from] Parting Shot
|-ability|p2a: Landorus|Intimidate|boost
|-unboost|p1a: Excadrill|atk|1
|
|upkeep
|turn|5
|
|t:|1757931378
|move|p2a: Landorus|Earthquake|p1a: Excadrill
|-supereffective|p1a: Excadrill
|-enditem|p1a: Excadrill|Focus Sash
|-damage|p1a: Excadrill|1/100
|move|p1a: Excadrill|Iron Head|p2a: Landorus
|-damage|p2a: Landorus|77/100
|
|upkeep
|turn|6
|
|t:|1757931392
|switch|p2a: Samurott|Samurott-Hisui, F|100/100
|move|p1a: Excadrill|Iron Head|p2a: Samurott
|-resisted|p2a: Samurott
|-damage|p2a: Samurott|86/100
|
|upkeep
|turn|7
|
|t:|1757931399
|move|p1a: Excadrill|Earthquake|p2a: Samurott
|-damage|p2a: Samurott|53/100
|move|p2a: Samurott|Ceaseless Edge|p1a: Excadrill
|-damage|p1a: Excadrill|0 fnt
|-sidestart|p1: hfrog|Spikes
|faint|p1a: Excadrill
|
|upkeep
|
|t:|1757931403
|switch|p1a: Yanmega|Yanmega, M|100/100
|turn|8
|
|t:|1757931410
|switch|p2a: Iron Crown|Iron Crown|100/100
|move|p1a: Yanmega|Swords Dance|p1a: Yanmega
|-boost|p1a: Yanmega|atk|2
|
|-ability|p1a: Yanmega|Speed Boost|boost
|-boost|p1a: Yanmega|spe|1
|upkeep
|turn|9
|
|t:|1757931416
|move|p1a: Yanmega|Swords Dance|p1a: Yanmega
|-boost|p1a: Yanmega|atk|2
|move|p2a: Iron Crown|Volt Switch|p1a: Yanmega
|-supereffective|p1a: Yanmega
|-damage|p1a: Yanmega|0 fnt
|faint|p1a: Yanmega
|
|t:|1757931427
|-end|p2a: Iron Crown|Quark Drive|[silent]
|switch|p2a: Pecharunt|Pecharunt|75/100|[from] Volt Switch
|
|upkeep
|
|t:|1757931430
|switch|p1a: Hydreigon|Hydreigon, M|100/100
|turn|10
|
|t:|1757931439
|move|p1a: Hydreigon|Dark Pulse|p2a: Pecharunt
|-supereffective|p2a: Pecharunt
|-damage|p2a: Pecharunt|0 fnt
|faint|p2a: Pecharunt
|-damage|p1a: Hydreigon|91/100|[from] item: Life Orb
|
|upkeep
|
|t:|1757931442
|switch|p2a: Samurott|Samurott-Hisui, F|53/100
|turn|11
|
|t:|1757931445
|move|p1a: Hydreigon|Draco Meteor|p2a: Samurott
|-damage|p2a: Samurott|0 fnt
|-unboost|p1a: Hydreigon|spa|2
|faint|p2a: Samurott
|-damage|p1a: Hydreigon|81/100|[from] item: Life Orb
|
|upkeep
|
|t:|1757931448
|switch|p2a: Ogerpon|Ogerpon-Wellspring, F|100/100
|turn|12
|
|t:|1757931455
|switch|p1a: Ambipom|Ambipom, F|32/100
|-damage|p1a: Ambipom|20/100|[from] Spikes
|move|p2a: Ogerpon|Ivy Cudgel|p1a: Ambipom|[anim] Ivy Cudgel Water
|-damage|p1a: Ambipom|0 fnt
|faint|p1a: Ambipom
|
|upkeep
|
|t:|1757931459
|switch|p1a: Volcanion|Volcanion|100/100
|-damage|p1a: Volcanion|88/100|[from] Spikes
|turn|13
|
|t:|1757931475
|switch|p2a: Great Tusk|Great Tusk|100/100
|-enditem|p2a: Great Tusk|Booster Energy
|-activate|p2a: Great Tusk|ability: Protosynthesis|[fromitem]
|-start|p2a: Great Tusk|protosynthesisspe
|move|p1a: Volcanion|Sludge Bomb|p2a: Great Tusk
|-resisted|p2a: Great Tusk
|-damage|p2a: Great Tusk|77/100
|
|upkeep
|turn|14
|
|t:|1757931489
|switch|p1a: Hydreigon|Hydreigon, M|81/100
|move|p2a: Great Tusk|Earthquake|p1a: Hydreigon
|-immune|p1a: Hydreigon|[from] ability: Levitate
|
|upkeep
|turn|15
|
|t:|1757931505
|-terastallize|p1a: Hydreigon|Fire
|move|p2a: Great Tusk|Stealth Rock|p1a: Hydreigon
|-sidestart|p1: hfrog|move: Stealth Rock
|move|p1a: Hydreigon|Draco Meteor|p2a: Great Tusk
|-damage|p2a: Great Tusk|0 fnt
|-unboost|p1a: Hydreigon|spa|2
|faint|p2a: Great Tusk
|-end|p2a: Great Tusk|Protosynthesis|[silent]
|-damage|p1a: Hydreigon|71/100|[from] item: Life Orb
|
|upkeep
|
|t:|1757931523
|switch|p2a: Iron Crown|Iron Crown|100/100
|turn|16
|
|t:|1757931529
|move|p2a: Iron Crown|Psychic|p1a: Hydreigon
|-damage|p1a: Hydreigon|0 fnt
|faint|p1a: Hydreigon
|
|upkeep
|
|t:|1757931535
|switch|p1a: Volcanion|Volcanion|88/100
|-damage|p1a: Volcanion|76/100|[from] Spikes
|-damage|p1a: Volcanion|51/100|[from] Stealth Rock
|turn|17
|
|t:|1757931540
|move|p2a: Iron Crown|Psychic|p1a: Volcanion
|-damage|p1a: Volcanion|8/100
|move|p1a: Volcanion|Flamethrower|p2a: Iron Crown
|-supereffective|p2a: Iron Crown
|-damage|p2a: Iron Crown|6/100
|
|upkeep
|turn|18
|
|t:|1757931545
|move|p2a: Iron Crown|Psychic|p1a: Volcanion
|-damage|p1a: Volcanion|0 fnt
|faint|p1a: Volcanion
|
|upkeep
|
|t:|1757931546
|switch|p1a: Raging Bolt|Raging Bolt|100/100
|-damage|p1a: Raging Bolt|88/100|[from] Spikes
|-damage|p1a: Raging Bolt|76/100|[from] Stealth Rock
|turn|19
|
|t:|1757931548
|move|p1a: Raging Bolt|Protect|p1a: Raging Bolt
|-singleturn|p1a: Raging Bolt|Protect
|move|p2a: Iron Crown|Psychic|p1a: Raging Bolt
|-activate|p1a: Raging Bolt|move: Protect
|
|-heal|p1a: Raging Bolt|82/100|[from] item: Leftovers
|upkeep
|turn|20
|
|t:|1757931550
|move|p2a: Iron Crown|Psychic|p1a: Raging Bolt
|-damage|p1a: Raging Bolt|30/100
|move|p1a: Raging Bolt|Calm Mind|p1a: Raging Bolt
|-boost|p1a: Raging Bolt|spa|1
|-boost|p1a: Raging Bolt|spd|1
|
|-heal|p1a: Raging Bolt|36/100|[from] item: Leftovers
|upkeep
|turn|21
|
|t:|1757931554
|move|p1a: Raging Bolt|Protect|p1a: Raging Bolt
|-singleturn|p1a: Raging Bolt|Protect
|move|p2a: Iron Crown|Psychic|p1a: Raging Bolt
|-activate|p1a: Raging Bolt|move: Protect
|
|-heal|p1a: Raging Bolt|43/100|[from] item: Leftovers
|upkeep
|turn|22
|
|t:|1757931556
|move|p1a: Raging Bolt|Thunderclap|p2a: Iron Crown
|-damage|p2a: Iron Crown|0 fnt
|faint|p2a: Iron Crown
|-end|p2a: Iron Crown|Quark Drive|[silent]
|
|-heal|p1a: Raging Bolt|49/100|[from] item: Leftovers
|upkeep
|
|t:|1757931558
|switch|p2a: Landorus|Landorus-Therian, M|77/100
|-ability|p2a: Landorus|Intimidate|boost
|-unboost|p1a: Raging Bolt|atk|1
|turn|23
|
|t:|1757931559
|move|p1a: Raging Bolt|Protect|p1a: Raging Bolt
|-singleturn|p1a: Raging Bolt|Protect
|move|p2a: Landorus|Earthquake|p1a: Raging Bolt
|-activate|p1a: Raging Bolt|move: Protect
|
|-heal|p1a: Raging Bolt|55/100|[from] item: Leftovers
|upkeep
|turn|24
|
|t:|1757931563
|move|p2a: Landorus|Earthquake|p1a: Raging Bolt
|-supereffective|p1a: Raging Bolt
|-damage|p1a: Raging Bolt|0 fnt
|faint|p1a: Raging Bolt
|-end|p1a: Raging Bolt|Protosynthesis|[silent]
|
|win|goblinbastard
|raw|hfrog's rating: 1390 &rarr; <strong>1370</strong><br />(-20 for losing)
|raw|goblinbastard's rating: 1390 &rarr; <strong>1410</strong><br />(+20 for winning)
|l|☆hfrog
|player|p1|
|l|☆goblinbastard
|player|p2|
