|j|☆leezee-yy
|j|☆never_win_true
|t:|1757930143
|gametype|singles
|player|p1|leezee-yy|steven|1451
|player|p2|never_win_true|unknown|1421
|gen|9
|tier|[Gen 9] OU
|rated|
|rule|HP Percentage Mod: HP is shown in percentages
|rule|Endless Battle Clause: Forcing endless battles is banned
|rule|Species Clause: Limit one of each Pokémon
|rule|OHKO Clause: OHKO moves are banned
|rule|Evasion Items Clause: Evasion items are banned
|rule|Evasion Moves Clause: Evasion moves are banned
|rule|Evasion Abilities Clause: Evasion abilities are banned
|rule|Sleep Moves Clause: Sleep-inducing moves are banned
|clearpoke
|poke|p1|Samurott-Hisui, M|
|poke|p1|Kommo-o, M|
|poke|p1|Blaziken, F|
|poke|p1|Rotom-Wash|
|poke|p1|Muk-Alola, F|
|poke|p1|Meowscarada, M|
|poke|p2|Kingambit, M|
|poke|p2|Hatterene, F|
|poke|p2|Rillaboom, F|
|poke|p2|Raging Bolt|
|poke|p2|Enamorus, F|
|poke|p2|Ceruledge, M|
|teampreview
|inactive|Battle timer is ON: inactive players will automatically lose when time's up. (requested by leezee-yy)
|
|t:|1757930171
|teamsize|p1|6
|teamsize|p2|6
|start
|switch|p1a: Rotom|Rotom-Wash|100/100
|switch|p2a: Rillaboom|Rillaboom, F|100/100
|-fieldstart|move: Grassy Terrain|[from] ability: Grassy Surge|[of] p2a: Rillaboom
|turn|1
|
|t:|1757930177
|move|p1a: Rotom|Will-O-Wisp|p2a: Rillaboom
|-status|p2a: Rillaboom|brn
|move|p2a: Rillaboom|U-turn|p1a: Rotom
|-crit|p1a: Rotom
|-damage|p1a: Rotom|68/100
|
|t:|1757930182
|switch|p2a: Raging Bolt|Raging Bolt|100/100|[from] U-turn
|-enditem|p2a: Raging Bolt|Booster Energy
|-activate|p2a: Raging Bolt|ability: Protosynthesis|[fromitem]
|-start|p2a: Raging Bolt|protosynthesisspa
|
|upkeep
|turn|2
|
|t:|1757930188
|switch|p1a: Muk|Muk-Alola, F|100/100
|move|p2a: Raging Bolt|Calm Mind|p2a: Raging Bolt
|-boost|p2a: Raging Bolt|spa|1
|-boost|p2a: Raging Bolt|spd|1
|
|upkeep
|turn|3
|
|t:|1757930200
|move|p2a: Raging Bolt|Calm Mind|p2a: Raging Bolt
|-boost|p2a: Raging Bolt|spa|1
|-boost|p2a: Raging Bolt|spd|1
|move|p1a: Muk|Poison Jab|p2a: Raging Bolt
|-damage|p2a: Raging Bolt|72/100
|
|-heal|p2a: Raging Bolt|78/100|[from] Grassy Terrain
|upkeep
|turn|4
|
|t:|1757930208
|move|p2a: Raging Bolt|Thunderbolt|p1a: Muk
|-damage|p1a: Muk|14/100
|move|p1a: Muk|Poison Jab|p2a: Raging Bolt
|-damage|p2a: Raging Bolt|52/100
|
|-heal|p2a: Raging Bolt|58/100|[from] Grassy Terrain
|-heal|p1a: Muk|20/100|[from] Grassy Terrain
|-heal|p1a: Muk|26/100|[from] item: Leftovers
|upkeep
|turn|5
|
|t:|1757930217
|move|p2a: Raging Bolt|Dragon Pulse|p1a: Muk
|-damage|p1a: Muk|0 fnt
|faint|p1a: Muk
|
|-heal|p2a: Raging Bolt|64/100|[from] Grassy Terrain
|-fieldend|move: Grassy Terrain
|upkeep
|
|t:|1757930221
|switch|p1a: Meowscarada|Meowscarada, M|100/100
|turn|6
|
|t:|1757930226
|-terastallize|p2a: Raging Bolt|Bug
|move|p1a: Meowscarada|Triple Axel|p2a: Raging Bolt
|-start|p1a: Meowscarada|typechange|Ice|[from] ability: Protean
|-damage|p2a: Raging Bolt|54/100
|-damage|p2a: Raging Bolt|31/100
|-damage|p2a: Raging Bolt|0 fnt
|faint|p2a: Raging Bolt
|-end|p2a: Raging Bolt|Protosynthesis|[silent]
|-hitcount|p2: Raging Bolt|3
|
|upkeep
|
|t:|1757930238
|switch|p2a: Rillaboom|Rillaboom, F|100/100 brn
|-fieldstart|move: Grassy Terrain|[from] ability: Grassy Surge|[of] p2a: Rillaboom
|turn|7
|
|t:|1757930249
|move|p1a: Meowscarada|Triple Axel|p2a: Rillaboom
|-supereffective|p2a: Rillaboom
|-damage|p2a: Rillaboom|72/100 brn
|-supereffective|p2a: Rillaboom
|-damage|p2a: Rillaboom|15/100 brn
|-supereffective|p2a: Rillaboom
|-damage|p2a: Rillaboom|0 fnt
|faint|p2a: Rillaboom
|-hitcount|p2: Rillaboom|3
|
|upkeep
|
|t:|1757930257
|switch|p2a: Hatterene|Hatterene, F|100/100
|-enditem|p2a: Hatterene|Grassy Seed
|-boost|p2a: Hatterene|def|1|[from] item: Grassy Seed
|turn|8
|
|t:|1757930263
|switch|p1a: Rotom|Rotom-Wash|68/100
|move|p2a: Hatterene|Calm Mind|p2a: Hatterene
|-boost|p2a: Hatterene|spa|1
|-boost|p2a: Hatterene|spd|1
|
|upkeep
|turn|9
|
|t:|1757930269
|move|p1a: Rotom|Trick|p2a: Hatterene
|-activate|p1a: Rotom|move: Trick|[of] p2a: Hatterene
|-item|p2a: Hatterene|Choice Scarf|[from] move: Trick
|-enditem|p1a: Rotom|Choice Scarf|[silent]|[from] move: Trick
|move|p2a: Hatterene|Calm Mind|p2a: Hatterene
|-boost|p2a: Hatterene|spa|1
|-boost|p2a: Hatterene|spd|1
|
|upkeep
|turn|10
|-message|never_win_true forfeited.
|
|win|leezee-yy
|raw|leezee-yy's rating: 1451 &rarr; <strong>1469</strong><br />(+18 for winning)
|raw|never_win_true's rating: 1421 &rarr; <strong>1403</strong><br />(-18 for losing)
|l|☆never_win_true
|player|p2|
|l|☆leezee-yy
|player|p1|
