|badge|p1|bronze|gen9randombattle|100-6
|uhtml|medal-msg|<div class="broadcast-blue">Curious what those medals under the avatar are? PS now has Ladder Seasons! For more information, check out the <a href="https://www.smogon.com/forums/threads/3740067/">thread on Smogon.</a></div>
|j|☆larp legion
|j|☆mooch99
|t:|1757816379
|gametype|singles
|player|p1|larp legion|clown|1661
|player|p2|mooch99|unknown|1611
|gen|9
|tier|[Gen 9] OU
|rated|
|rule|HP Percentage Mod: HP is shown in percentages
|rule|Endless Battle Clause: Forcing endless battles is banned
|rule|Species Clause: Limit one of each Pokémon
|rule|OHKO Clause: OHKO moves are banned
|rule|Evasion Items Clause: Evasion items are banned
|rule|Evasion Moves Clause: Evasion moves are banned
|rule|Evasion Abilities Clause: Evasion abilities are banned
|rule|Sleep Moves Clause: Sleep-inducing moves are banned
|clearpoke
|poke|p1|Alomomola, M|
|poke|p1|Rillaboom, M|
|poke|p1|Great Tusk|
|poke|p1|Iron Crown|
|poke|p1|Moltres|
|poke|p1|Ting-Lu|
|poke|p2|Ninetales-Alola, F|
|poke|p2|Ogerpon-Wellspring, F|
|poke|p2|Iron Treads|
|poke|p2|Kyurem|
|poke|p2|Gliscor, M|
|poke|p2|Polteageist|
|teampreview
|inactive|Battle timer is ON: inactive players will automatically lose when time's up. (requested by mooch99)
|inactive|larp legion also wants the timer to be on.
|
|t:|1757816389
|teamsize|p1|6
|teamsize|p2|6
|start
|switch|p1a: Iron Crown|Iron Crown|100/100
|switch|p2a: Iron Treads|Iron Treads|100/100
|-enditem|p2a: Iron Treads|Booster Energy
|-activate|p2a: Iron Treads|ability: Quark Drive|[fromitem]
|-start|p2a: Iron Treads|quarkdrivespe
|turn|1
|
|t:|1757816411
|-end|p1a: Iron Crown|Quark Drive|[silent]
|switch|p1a: Moltres|Moltres|100/100
|move|p2a: Iron Treads|Stealth Rock|p1a: Moltres
|-sidestart|p1: larp legion|move: Stealth Rock
|
|upkeep
|turn|2
|
|t:|1757816427
|-end|p2a: Iron Treads|Quark Drive|[silent]
|switch|p2a: Ogerpon|Ogerpon-Wellspring, F|100/100
|move|p1a: Moltres|Flamethrower|p2a: Ogerpon
|-damage|p2a: Ogerpon|56/100
|
|upkeep
|turn|3
|
|t:|1757816434
|switch|p1a: Rillaboom|Rillaboom, M|100/100
|-damage|p1a: Rillaboom|88/100|[from] Stealth Rock
|-fieldstart|move: Grassy Terrain|[from] ability: Grassy Surge|[of] p1a: Rillaboom
|move|p2a: Ogerpon|Ivy Cudgel|p1a: Rillaboom|[anim] Ivy Cudgel Water
|-resisted|p1a: Rillaboom
|-damage|p1a: Rillaboom|59/100
|
|-heal|p2a: Ogerpon|62/100|[from] Grassy Terrain
|-heal|p1a: Rillaboom|65/100|[from] Grassy Terrain
|upkeep
|turn|4
|
|t:|1757816446
|switch|p2a: Iron Treads|Iron Treads|100/100
|move|p1a: Rillaboom|Grassy Glide|p2a: Iron Treads
|-damage|p2a: Iron Treads|43/100
|
|-heal|p2a: Iron Treads|49/100|[from] Grassy Terrain
|-heal|p1a: Rillaboom|71/100|[from] Grassy Terrain
|upkeep
|turn|5
|
|t:|1757816449
|move|p1a: Rillaboom|Grassy Glide|p2a: Iron Treads
|-damage|p2a: Iron Treads|0 fnt
|faint|p2a: Iron Treads
|-end|p2a: Iron Treads|Quark Drive|[silent]
|
|-heal|p1a: Rillaboom|77/100|[from] Grassy Terrain
|upkeep
|
|t:|1757816451
|switch|p2a: Ninetales|Ninetales-Alola, F|100/100
|-weather|Snowscape|[from] ability: Snow Warning|[of] p2a: Ninetales
|turn|6
|
|t:|1757816454
|switch|p1a: Iron Crown|Iron Crown|100/100
|-damage|p1a: Iron Crown|94/100|[from] Stealth Rock
|move|p2a: Ninetales|Aurora Veil|p2a: Ninetales
|-sidestart|p2: mooch99|move: Aurora Veil
|
|-weather|Snowscape|[upkeep]
|-heal|p1a: Iron Crown|100/100|[from] Grassy Terrain
|upkeep
|turn|7
|
|t:|1757816468
|switch|p2a: Gliscor|Gliscor, M|100/100
|move|p1a: Iron Crown|Future Sight|p2a: Gliscor
|-start|p1a: Iron Crown|move: Future Sight
|
|-weather|Snowscape|[upkeep]
|-fieldend|move: Grassy Terrain
|-status|p2a: Gliscor|tox|[from] item: Toxic Orb
|upkeep
|turn|8
|
|t:|1757816478
|-end|p1a: Iron Crown|Quark Drive|[silent]
|switch|p1a: Ting-Lu|Ting-Lu|100/100
|-damage|p1a: Ting-Lu|94/100|[from] Stealth Rock
|-ability|p1a: Ting-Lu|Vessel of Ruin
|move|p2a: Gliscor|Swords Dance|p2a: Gliscor
|-boost|p2a: Gliscor|atk|2
|
|-weather|Snowscape|[upkeep]
|-heal|p1a: Ting-Lu|100/100|[from] item: Leftovers
|upkeep
|turn|9
|
|t:|1757816486
|move|p2a: Gliscor|Earthquake|p1a: Ting-Lu
|-damage|p1a: Ting-Lu|64/100
|move|p1a: Ting-Lu|Spikes|p2a: Gliscor
|-sidestart|p2: mooch99|Spikes
|
|-weather|Snowscape|[upkeep]
|-end|p2a: Gliscor|move: Future Sight
|-damage|p2a: Gliscor|80/100 tox
|-heal|p1a: Ting-Lu|70/100|[from] item: Leftovers
|-heal|p2a: Gliscor|93/100 tox|[from] ability: Poison Heal
|upkeep
|turn|10
|
|t:|1757816490
|move|p2a: Gliscor|Earthquake|p1a: Ting-Lu
|-damage|p1a: Ting-Lu|33/100
|move|p1a: Ting-Lu|Whirlwind|p2a: Gliscor
|drag|p2a: Polteageist|Polteageist|100/100
|-damage|p2a: Polteageist|88/100|[from] Spikes
|
|-weather|none
|-heal|p1a: Ting-Lu|39/100|[from] item: Leftovers
|upkeep
|turn|11
|
|t:|1757816505
|switch|p2a: Gliscor|Gliscor, M|93/100 tox
|move|p1a: Ting-Lu|Whirlwind|p2a: Gliscor
|drag|p2a: Polteageist|Polteageist|88/100
|-damage|p2a: Polteageist|76/100|[from] Spikes
|
|-heal|p1a: Ting-Lu|45/100|[from] item: Leftovers
|upkeep
|turn|12
|
|t:|1757816510
|move|p2a: Polteageist|Strength Sap|p1a: Ting-Lu
|-unboost|p1a: Ting-Lu|atk|1
|-heal|p2a: Polteageist|100/100
|move|p1a: Ting-Lu|Whirlwind|p2a: Polteageist
|drag|p2a: Ninetales|Ninetales-Alola, F|100/100
|-damage|p2a: Ninetales|88/100|[from] Spikes
|-weather|Snowscape|[from] ability: Snow Warning|[of] p2a: Ninetales
|
|-weather|Snowscape|[upkeep]
|-heal|p1a: Ting-Lu|52/100|[from] item: Leftovers
|upkeep
|turn|13
|
|t:|1757816515
|switch|p1a: Iron Crown|Iron Crown|100/100
|-damage|p1a: Iron Crown|94/100|[from] Stealth Rock
|move|p2a: Ninetales|Freeze-Dry|p1a: Iron Crown
|-resisted|p1a: Iron Crown
|-damage|p1a: Iron Crown|88/100
|
|-weather|Snowscape|[upkeep]
|-sideend|p2: mooch99|move: Aurora Veil
|upkeep
|turn|14
|
|t:|1757816540
|move|p2a: Ninetales|Aurora Veil|p2a: Ninetales
|-sidestart|p2: mooch99|move: Aurora Veil
|move|p1a: Iron Crown|Tachyon Cutter|p2a: Ninetales
|-supereffective|p2a: Ninetales
|-damage|p2a: Ninetales|38/100
|-supereffective|p2a: Ninetales
|-damage|p2a: Ninetales|0 fnt
|faint|p2a: Ninetales
|-hitcount|p2: Ninetales|2
|
|-weather|Snowscape|[upkeep]
|upkeep
|
|t:|1757816570
|switch|p2a: Gliscor|Gliscor, M|93/100 tox
|turn|15
|
|t:|1757816581
|-end|p1a: Iron Crown|Quark Drive|[silent]
|switch|p1a: Ting-Lu|Ting-Lu|52/100
|-damage|p1a: Ting-Lu|45/100|[from] Stealth Rock
|-ability|p1a: Ting-Lu|Vessel of Ruin
|move|p2a: Gliscor|Swords Dance|p2a: Gliscor
|-boost|p2a: Gliscor|atk|2
|
|-weather|Snowscape|[upkeep]
|-heal|p1a: Ting-Lu|52/100|[from] item: Leftovers
|-heal|p2a: Gliscor|100/100 tox|[from] ability: Poison Heal
|upkeep
|turn|16
|j| Ctannn
|inactive|mooch99 has 120 seconds left.
|j| roommate 3
|
|t:|1757816628
|move|p2a: Gliscor|Knock Off|p1a: Ting-Lu
|-resisted|p1a: Ting-Lu
|-damage|p1a: Ting-Lu|41/100
|-enditem|p1a: Ting-Lu|Leftovers|[from] move: Knock Off|[of] p2a: Gliscor
|move|p1a: Ting-Lu|Whirlwind|p2a: Gliscor
|drag|p2a: Kyurem|Kyurem|100/100
|-damage|p2a: Kyurem|88/100|[from] Spikes
|-ability|p2a: Kyurem|Pressure
|
|-weather|none
|upkeep
|turn|17
|
|t:|1757816632
|move|p2a: Kyurem|Icicle Spear|p1a: Ting-Lu
|-supereffective|p1a: Ting-Lu
|-damage|p1a: Ting-Lu|28/100
|-supereffective|p1a: Ting-Lu
|-damage|p1a: Ting-Lu|13/100
|-supereffective|p1a: Ting-Lu
|-damage|p1a: Ting-Lu|0 fnt
|faint|p1a: Ting-Lu
|-hitcount|p1: Ting-Lu|3
|
|upkeep
|
|t:|1757816635
|switch|p1a: Iron Crown|Iron Crown|88/100
|-damage|p1a: Iron Crown|81/100|[from] Stealth Rock
|turn|18
|j| FaronAan
|inactive|mooch99 has 120 seconds left.
|
|t:|1757816654
|move|p1a: Iron Crown|Tachyon Cutter|p2a: Kyurem
|-supereffective|p2a: Kyurem
|-damage|p2a: Kyurem|63/100
|-supereffective|p2a: Kyurem
|-damage|p2a: Kyurem|40/100
|-hitcount|p2a: Kyurem|2
|move|p2a: Kyurem|Dragon Dance|p2a: Kyurem
|-boost|p2a: Kyurem|atk|1
|-boost|p2a: Kyurem|spe|1
|
|upkeep
|turn|19
|inactive|mooch99 has 120 seconds left.
|
|t:|1757816660
|move|p2a: Kyurem|Earth Power|p1a: Iron Crown
|-supereffective|p1a: Iron Crown
|-damage|p1a: Iron Crown|43/100
|move|p1a: Iron Crown|Tachyon Cutter|p2a: Kyurem
|-supereffective|p2a: Kyurem
|-damage|p2a: Kyurem|16/100
|-supereffective|p2a: Kyurem
|-damage|p2a: Kyurem|0 fnt
|faint|p2a: Kyurem
|-hitcount|p2: Kyurem|2
|
|upkeep
|inactive|mooch99 has 120 seconds left.
|
|t:|1757816665
|switch|p2a: Ogerpon|Ogerpon-Wellspring, F|62/100
|-damage|p2a: Ogerpon|49/100|[from] Spikes
|turn|20
|
|t:|1757816680
|move|p2a: Ogerpon|Ivy Cudgel|p1a: Iron Crown|[anim] Ivy Cudgel Water
|-damage|p1a: Iron Crown|0 fnt
|faint|p1a: Iron Crown
|-end|p1a: Iron Crown|Quark Drive|[silent]
|
|upkeep
|
|t:|1757816692
|switch|p1a: Rillaboom|Rillaboom, M|77/100
|-damage|p1a: Rillaboom|65/100|[from] Stealth Rock
|-fieldstart|move: Grassy Terrain|[from] ability: Grassy Surge|[of] p1a: Rillaboom
|turn|21
|
|t:|1757816705
|-terastallize|p1a: Rillaboom|Grass
|move|p1a: Rillaboom|Grassy Glide|p2a: Ogerpon
|-damage|p2a: Ogerpon|0 fnt
|faint|p2a: Ogerpon
|
|-heal|p1a: Rillaboom|71/100|[from] Grassy Terrain
|-sideend|p2: mooch99|move: Aurora Veil
|upkeep
|
|t:|1757816717
|switch|p2a: Gliscor|Gliscor, M|100/100 tox
|turn|22
|
|t:|1757816727
|move|p1a: Rillaboom|Grassy Glide|p2a: Gliscor
|-damage|p2a: Gliscor|39/100 tox
|move|p2a: Gliscor|Swords Dance|p2a: Gliscor
|-boost|p2a: Gliscor|atk|2
|
|-heal|p1a: Rillaboom|77/100|[from] Grassy Terrain
|-heal|p2a: Gliscor|52/100 tox|[from] ability: Poison Heal
|upkeep
|turn|23
|inactive|larp legion has 120 seconds left.
|
|t:|1757816767
|move|p1a: Rillaboom|Grassy Glide|p2a: Gliscor
|-crit|p2a: Gliscor
|-damage|p2a: Gliscor|0 fnt
|faint|p2a: Gliscor
|
|-heal|p1a: Rillaboom|83/100|[from] Grassy Terrain
|upkeep
|
|t:|1757816773
|switch|p2a: Polteageist|Polteageist|100/100
|-damage|p2a: Polteageist|88/100|[from] Spikes
|turn|24
|
|t:|1757816788
|switch|p1a: Moltres|Moltres|100/100
|move|p2a: Polteageist|Strength Sap|p1a: Moltres
|-unboost|p1a: Moltres|atk|1
|-heal|p2a: Polteageist|100/100
|
|upkeep
|turn|25
|
|t:|1757816793
|move|p1a: Moltres|Flamethrower|p2a: Polteageist
|-damage|p2a: Polteageist|67/100
|move|p2a: Polteageist|Shell Smash|p2a: Polteageist
|-unboost|p2a: Polteageist|def|1
|-unboost|p2a: Polteageist|spd|1
|-boost|p2a: Polteageist|atk|2
|-boost|p2a: Polteageist|spa|2
|-boost|p2a: Polteageist|spe|2
|-enditem|p2a: Polteageist|White Herb
|-clearnegativeboost|p2a: Polteageist|[silent]
|
|-heal|p2a: Polteageist|73/100|[from] Grassy Terrain
|-fieldend|move: Grassy Terrain
|upkeep
|turn|26
|
|t:|1757816806
|move|p2a: Polteageist|Shadow Ball|p1a: Moltres
|-damage|p1a: Moltres|25/100
|move|p1a: Moltres|Will-O-Wisp|p2a: Polteageist
|-status|p2a: Polteageist|brn
|
|-damage|p2a: Polteageist|67/100 brn|[from] brn
|upkeep
|turn|27
|
|t:|1757816815
|move|p2a: Polteageist|Strength Sap|p1a: Moltres
|-unboost|p1a: Moltres|atk|1
|-heal|p2a: Polteageist|100/100 brn
|move|p1a: Moltres|Flamethrower|p2a: Polteageist
|-damage|p2a: Polteageist|65/100 brn
|-start|p1a: Moltres|Disable|Flamethrower|[from] ability: Cursed Body|[of] p2a: Polteageist
|
|-damage|p2a: Polteageist|59/100 brn|[from] brn
|upkeep
|turn|28
|
|t:|1757816821
|move|p2a: Polteageist|Strength Sap|p1a: Moltres
|-unboost|p1a: Moltres|atk|1
|-heal|p2a: Polteageist|92/100 brn
|move|p1a: Moltres|U-turn|p2a: Polteageist
|-resisted|p2a: Polteageist
|-damage|p2a: Polteageist|88/100 brn
|
|t:|1757816825
|switch|p1a: Alomomola|Alomomola, M|100/100|[from] U-turn
|-damage|p1a: Alomomola|88/100|[from] Stealth Rock
|
|-heal|p1a: Alomomola|94/100|[from] item: Leftovers
|-damage|p2a: Polteageist|82/100 brn|[from] brn
|upkeep
|turn|29
|
|t:|1757816839
|move|p2a: Polteageist|Shadow Ball|p1a: Alomomola
|-damage|p1a: Alomomola|29/100
|move|p1a: Alomomola|Scald|p2a: Polteageist
|-damage|p2a: Polteageist|62/100 brn
|-start|p1a: Alomomola|Disable|Scald|[from] ability: Cursed Body|[of] p2a: Polteageist
|
|-heal|p1a: Alomomola|35/100|[from] item: Leftovers
|-damage|p2a: Polteageist|55/100 brn|[from] brn
|upkeep
|turn|30
|
|t:|1757816851
|move|p2a: Polteageist|Strength Sap|p1a: Alomomola
|-unboost|p1a: Alomomola|atk|1
|-heal|p2a: Polteageist|98/100 brn
|move|p1a: Alomomola|Alluring Voice|p2a: Polteageist
|-damage|p2a: Polteageist|85/100 brn
|
|-heal|p1a: Alomomola|41/100|[from] item: Leftovers
|-damage|p2a: Polteageist|79/100 brn|[from] brn
|upkeep
|turn|31
|
|t:|1757816860
|move|p2a: Polteageist|Shadow Ball|p1a: Alomomola
|-damage|p1a: Alomomola|0 fnt
|faint|p1a: Alomomola
|
|-damage|p2a: Polteageist|73/100 brn|[from] brn
|upkeep
|
|t:|1757816869
|switch|p1a: Moltres|Moltres|25/100
|turn|32
|
|t:|1757816877
|move|p2a: Polteageist|Shadow Ball|p1a: Moltres
|-damage|p1a: Moltres|0 fnt
|faint|p1a: Moltres
|
|-damage|p2a: Polteageist|67/100 brn|[from] brn
|upkeep
|
|t:|1757816879
|switch|p1a: Rillaboom|Rillaboom, M, tera:Grass|83/100
|-damage|p1a: Rillaboom|71/100|[from] Stealth Rock
|-fieldstart|move: Grassy Terrain|[from] ability: Grassy Surge|[of] p1a: Rillaboom
|turn|33
|
|t:|1757816887
|move|p1a: Rillaboom|Grassy Glide|p2a: Polteageist
|-damage|p2a: Polteageist|0 fnt
|-start|p1a: Rillaboom|Disable|Grassy Glide|[from] ability: Cursed Body|[of] p2a: Polteageist
|faint|p2a: Polteageist
|
|win|larp legion
|raw|larp legion's rating: 1661 &rarr; <strong>1678</strong><br />(+17 for winning)
|raw|mooch99's rating: 1611 &rarr; <strong>1594</strong><br />(-17 for losing)
