|j|☆banjin
|j|☆CJKchen
|t:|1757844948
|gametype|singles
|player|p1|banjin|beauty-gen6xy|1328
|player|p2|CJKchen|pokemaniac|1418
|gen|9
|tier|[Gen 9] OU
|rated|
|rule|HP Percentage Mod: HP is shown in percentages
|rule|Endless Battle Clause: Forcing endless battles is banned
|rule|Species Clause: Limit one of each Pokémon
|rule|OHKO Clause: OHKO moves are banned
|rule|Evasion Items Clause: Evasion items are banned
|rule|Evasion Moves Clause: Evasion moves are banned
|rule|Evasion Abilities Clause: Evasion abilities are banned
|rule|Sleep Moves Clause: Sleep-inducing moves are banned
|clearpoke
|poke|p1|Minior-Blue|
|poke|p1|Lokix, F|
|poke|p1|Thundurus-Therian, M|
|poke|p1|Muk-Alola, F|
|poke|p1|Emboar, F|
|poke|p1|Ditto|
|poke|p2|Kyurem|
|poke|p2|Great Tusk|
|poke|p2|Latios, M|
|poke|p2|Slowking-Galar, M|
|poke|p2|Blaziken, F|
|poke|p2|Tornadus-Therian, M|
|teampreview
|inactive|Battle timer is ON: inactive players will automatically lose when time's up. (requested by banjin)
|
|t:|1757844957
|teamsize|p1|6
|teamsize|p2|6
|start
|switch|p1a: Paws|Thundurus-Therian, M|100/100
|switch|p2a: Tornadus|Tornadus-Therian, M|100/100
|turn|1
|
|t:|1757844966
|move|p2a: Tornadus|Knock Off|p1a: Paws
|-damage|p1a: Paws|72/100
|-enditem|p1a: Paws|Focus Sash|[from] move: Knock Off|[of] p2a: Tornadus
|move|p1a: Paws|Agility|p1a: Paws
|-boost|p1a: Paws|spe|2
|
|upkeep
|turn|2
|
|t:|1757844977
|move|p1a: Paws|Thunderbolt|p2a: Tornadus
|-supereffective|p2a: Tornadus
|-damage|p2a: Tornadus|2/100
|move|p2a: Tornadus|U-turn|p1a: Paws
|-resisted|p1a: Paws
|-damage|p1a: Paws|61/100
|
|t:|1757844982
|switch|p2a: Slowking|Slowking-Galar, M|100/100|[from] U-turn
|
|upkeep
|turn|3
|
|t:|1757844989
|switch|p1a: Beppo|Muk-Alola, F|100/100
|move|p2a: Slowking|Future Sight|p1a: Beppo
|-start|p2a: Slowking|move: Future Sight
|
|upkeep
|turn|4
|
|t:|1757844995
|switch|p2a: Tornadus|Tornadus-Therian, M|35/100
|move|p1a: Beppo|Knock Off|p2a: Tornadus
|-damage|p2a: Tornadus|0 fnt
|faint|p2a: Tornadus
|
|upkeep
|
|t:|1757845004
|switch|p2a: Great Tusk|Great Tusk|100/100
|turn|5
|
|t:|1757845007
|switch|p1a: Paws|Thundurus-Therian, M|61/100
|move|p2a: Great Tusk|Stealth Rock|p1a: Paws
|-sidestart|p1: banjin|move: Stealth Rock
|
|-end|p1a: Paws|move: Future Sight
|-damage|p1a: Paws|2/100
|upkeep
|turn|6
|
|t:|1757845014
|move|p1a: Paws|Grass Knot|p2a: Great Tusk
|-supereffective|p2a: Great Tusk
|-crit|p2a: Great Tusk
|-damage|p2a: Great Tusk|0 fnt
|faint|p2a: Great Tusk
|-end|p2a: Great Tusk|Protosynthesis|[silent]
|
|upkeep
|
|t:|1757845020
|switch|p2a: Latios|Latios, M|100/100
|turn|7
|
|t:|1757845025
|move|p2a: Latios|Flip Turn|p1a: Paws
|-damage|p1a: Paws|0 fnt
|faint|p1a: Paws
|
|t:|1757845029
|switch|p2a: Blaziken|Blaziken, F|100/100|[from] Flip Turn
|
|upkeep
|
|t:|1757845033
|switch|p1a: Mr. Brightside|Minior-Blue|100/100
|-damage|p1a: Mr. Brightside|75/100|[from] Stealth Rock
|-formechange|p1a: Mr. Brightside|Minior-Meteor||[from] ability: Shields Down
|turn|8
|
|t:|1757845043
|-terastallize|p1a: Mr. Brightside|Ghost
|move|p2a: Blaziken|Close Combat|p1a: Mr. Brightside
|-immune|p1a: Mr. Brightside
|move|p1a: Mr. Brightside|Shell Smash|p1a: Mr. Brightside
|-unboost|p1a: Mr. Brightside|def|1
|-unboost|p1a: Mr. Brightside|spd|1
|-boost|p1a: Mr. Brightside|atk|2
|-boost|p1a: Mr. Brightside|spa|2
|-boost|p1a: Mr. Brightside|spe|2
|-enditem|p1a: Mr. Brightside|White Herb
|-clearnegativeboost|p1a: Mr. Brightside|[silent]
|
|-ability|p2a: Blaziken|Speed Boost|boost
|-boost|p2a: Blaziken|spe|1
|upkeep
|turn|9
|
|t:|1757845056
|move|p1a: Mr. Brightside|Substitute|p1a: Mr. Brightside
|-start|p1a: Mr. Brightside|Substitute
|-damage|p1a: Mr. Brightside|50/100
|move|p2a: Blaziken|Blaze Kick|p1a: Mr. Brightside
|-end|p1a: Mr. Brightside|Substitute
|-damage|p2a: Blaziken|91/100|[from] item: Life Orb
|
|-ability|p2a: Blaziken|Speed Boost|boost
|-boost|p2a: Blaziken|spe|1
|-formechange|p1a: Mr. Brightside|Minior-Blue||[from] ability: Shields Down
|upkeep
|turn|10
|
|t:|1757845065
|move|p1a: Mr. Brightside|Acrobatics|p2a: Blaziken
|-supereffective|p2a: Blaziken
|-damage|p2a: Blaziken|0 fnt
|faint|p2a: Blaziken
|
|upkeep
|
|t:|1757845071
|switch|p2a: Latios|Latios, M|100/100
|turn|11
|
|t:|1757845075
|move|p1a: Mr. Brightside|Acrobatics|p2a: Latios
|-damage|p2a: Latios|0 fnt
|faint|p2a: Latios
|
|upkeep
|-message|CJKchen forfeited.
|
|win|banjin
|raw|banjin's rating: 1328 &rarr; <strong>1353</strong><br />(+25 for winning)
|raw|CJKchen's rating: 1418 &rarr; <strong>1393</strong><br />(-25 for losing)
|l|☆CJKchen
|player|p2|
|l|☆banjin
|player|p1|
