|j|☆rblt frost1916
|j|☆Duckycrater
|inactive|Battle timer is ON: inactive players will automatically lose when time's up.
|t:|1757955346
|gametype|singles
|player|p1|rblt frost1916|acetrainer-gen4dp|
|player|p2|Duckycrater|170|
|gen|9
|tier|[Gen 9] OU
|rated|Tournament battle
|rule|HP Percentage Mod: HP is shown in percentages
|rule|Endless Battle Clause: Forcing endless battles is banned
|rule|Species Clause: Limit one of each Pokémon
|rule|OHKO Clause: OHKO moves are banned
|rule|Evasion Items Clause: Evasion items are banned
|rule|Evasion Moves Clause: Evasion moves are banned
|rule|Evasion Abilities Clause: Evasion abilities are banned
|rule|Sleep Moves Clause: Sleep-inducing moves are banned
|raw|<div class="infobox"><details class="readmore" open><summary><strong>1 custom rule:</strong></summary> +Koraidon</details></div>
|clearpoke
|poke|p1|Klefki, M|
|poke|p1|Sandy Shocks|
|poke|p1|Kommo-o, F|
|poke|p1|Delphox, F|
|poke|p1|Quaquaval, M|
|poke|p1|Serperior, M|
|poke|p2|Dondozo, F|
|poke|p2|Toxapex, F|
|poke|p2|Koraidon|
|poke|p2|Ting-Lu|
|poke|p2|Weezing-Galar, F|
|poke|p2|Latios, M|
|teampreview
|j|*Lady Monita ☀
|j| Rhik(⌐◼_◼)
|j| BluLynx
|
|t:|1757955375
|teamsize|p1|6
|teamsize|p2|6
|start
|switch|p1a: Klefki|Klefki, M|100/100
|switch|p2a: Vas Peccātī|Ting-Lu|100/100
|-ability|p2a: Vas Peccātī|Vessel of Ruin
|turn|1
|
|t:|1757955379
|move|p1a: Klefki|Reflect|p1a: Klefki
|-sidestart|p1: rblt frost1916|Reflect
|move|p2a: Vas Peccātī|Stealth Rock|p1a: Klefki
|-sidestart|p1: rblt frost1916|move: Stealth Rock
|
|upkeep
|turn|2
|
|t:|1757955383
|switch|p2a: Sacarium Venēnī|Toxapex, F|100/100
|move|p1a: Klefki|Play Rough|p2a: Sacarium Venēnī
|-resisted|p2a: Sacarium Venēnī
|-damage|p2a: Sacarium Venēnī|93/100
|-unboost|p2a: Sacarium Venēnī|atk|1
|
|upkeep
|turn|3
|
|t:|1757955388
|move|p1a: Klefki|Light Screen|p1a: Klefki
|-sidestart|p1: rblt frost1916|move: Light Screen
|move|p2a: Sacarium Venēnī|Toxic Spikes|p1a: Klefki
|-sidestart|p1: rblt frost1916|move: Toxic Spikes
|
|upkeep
|turn|4
|
|t:|1757955409
|switch|p1a: Delphox|Delphox, F|100/100
|move|p2a: Sacarium Venēnī|Toxic Spikes|p1a: Delphox
|-sidestart|p1: rblt frost1916|move: Toxic Spikes
|
|upkeep
|turn|5
|
|t:|1757955417
|switch|p2a: Vas Peccātī|Ting-Lu|100/100
|-ability|p2a: Vas Peccātī|Vessel of Ruin
|move|p1a: Delphox|Psychic|p2a: Vas Peccātī
|-immune|p2a: Vas Peccātī
|
|upkeep
|turn|6
|
|t:|1757955428
|move|p1a: Delphox|Flamethrower|p2a: Vas Peccātī
|-damage|p2a: Vas Peccātī|82/100
|move|p2a: Vas Peccātī|Earthquake|p1a: Delphox
|-supereffective|p1a: Delphox
|-damage|p1a: Delphox|48/100
|
|-heal|p2a: Vas Peccātī|88/100|[from] item: Leftovers
|upkeep
|turn|7
|
|t:|1757955437
|move|p1a: Delphox|Flamethrower|p2a: Vas Peccātī
|-damage|p2a: Vas Peccātī|71/100
|move|p2a: Vas Peccātī|Earthquake|p1a: Delphox
|-supereffective|p1a: Delphox
|-damage|p1a: Delphox|0 fnt
|faint|p1a: Delphox
|
|-heal|p2a: Vas Peccātī|77/100|[from] item: Leftovers
|upkeep
|
|t:|1757955448
|switch|p1a: Serperior|Serperior, M|100/100
|-damage|p1a: Serperior|88/100|[from] Stealth Rock
|-status|p1a: Serperior|tox
|turn|8
|
|t:|1757955457
|switch|p2a: Plaga Misericordia|Weezing-Galar, F|100/100
|-ability|p2a: Plaga Misericordia|Neutralizing Gas
|move|p1a: Serperior|Leaf Storm|p2a: Plaga Misericordia
|-resisted|p2a: Plaga Misericordia
|-damage|p2a: Plaga Misericordia|79/100
|-unboost|p1a: Serperior|spa|2
|
|-damage|p1a: Serperior|82/100 tox|[from] psn
|-sideend|p1: rblt frost1916|Reflect
|upkeep
|turn|9
|
|t:|1757955464
|move|p1a: Serperior|Glare|p2a: Plaga Misericordia
|-status|p2a: Plaga Misericordia|par
|cant|p2a: Plaga Misericordia|par
|
|-damage|p1a: Serperior|70/100 tox|[from] psn
|upkeep
|turn|10
|
|t:|1757955470
|switch|p1a: Klefki|Klefki, M|100/100
|-damage|p1a: Klefki|95/100|[from] Stealth Rock
|move|p2a: Plaga Misericordia|Sludge Bomb|p1a: Klefki
|-immune|p1a: Klefki
|
|-sideend|p1: rblt frost1916|move: Light Screen
|upkeep
|turn|11
|
|t:|1757955476
|-end|p2a: Plaga Misericordia|ability: Neutralizing Gas
|switch|p2a: Sacarium Venēnī|Toxapex, F|100/100
|move|p1a: Klefki|Reflect|p1a: Klefki
|-sidestart|p1: rblt frost1916|Reflect
|
|upkeep
|turn|12
|inactive|Duckycrater has 120 seconds left.
|
|t:|1757955518
|switch|p2a: Plaga Misericordia|Weezing-Galar, F|79/100 par
|-ability|p2a: Plaga Misericordia|Neutralizing Gas
|move|p1a: Klefki|Light Screen|p1a: Klefki
|-sidestart|p1: rblt frost1916|move: Light Screen
|
|upkeep
|turn|13
|
|t:|1757955524
|move|p1a: Klefki|Foul Play|p2a: Plaga Misericordia
|-resisted|p2a: Plaga Misericordia
|-damage|p2a: Plaga Misericordia|75/100 par
|move|p2a: Plaga Misericordia|Will-O-Wisp|p1a: Klefki
|-status|p1a: Klefki|brn
|
|-damage|p1a: Klefki|89/100 brn|[from] brn
|upkeep
|turn|14
|
|t:|1757955532
|move|p1a: Klefki|Play Rough|p2a: Plaga Misericordia
|-resisted|p2a: Plaga Misericordia
|-damage|p2a: Plaga Misericordia|71/100 par
|-unboost|p2a: Plaga Misericordia|atk|1
|cant|p2a: Plaga Misericordia|par
|
|-damage|p1a: Klefki|83/100 brn|[from] brn
|upkeep
|turn|15
|
|t:|1757955536
|move|p1a: Klefki|Play Rough|p2a: Plaga Misericordia
|-resisted|p2a: Plaga Misericordia
|-damage|p2a: Plaga Misericordia|66/100 par
|move|p2a: Plaga Misericordia|Pain Split|p1a: Klefki
|-sethp|p1a: Klefki|76/100 brn|[from] move: Pain Split|[silent]
|-sethp|p2a: Plaga Misericordia|73/100 par|[from] move: Pain Split
|
|-damage|p1a: Klefki|70/100 brn|[from] brn
|upkeep
|turn|16
|
|t:|1757955547
|move|p1a: Klefki|Foul Play|p2a: Plaga Misericordia
|-resisted|p2a: Plaga Misericordia
|-damage|p2a: Plaga Misericordia|71/100 par
|move|p2a: Plaga Misericordia|Sludge Bomb|p1a: Klefki
|-immune|p1a: Klefki
|
|-damage|p1a: Klefki|64/100 brn|[from] brn
|upkeep
|turn|17
|
|t:|1757955563
|switch|p1a: Serperior|Serperior, M|70/100 tox
|-damage|p1a: Serperior|57/100 tox|[from] Stealth Rock
|move|p2a: Plaga Misericordia|Sludge Bomb|p1a: Serperior
|-supereffective|p1a: Serperior
|-damage|p1a: Serperior|32/100 tox
|
|-damage|p1a: Serperior|25/100 tox|[from] psn
|upkeep
|turn|18
|
|t:|1757955567
|move|p1a: Serperior|Tera Blast|p2a: Plaga Misericordia
|-crit|p2a: Plaga Misericordia
|-damage|p2a: Plaga Misericordia|44/100 par
|move|p2a: Plaga Misericordia|Sludge Bomb|p1a: Serperior
|-supereffective|p1a: Serperior
|-damage|p1a: Serperior|0 fnt
|faint|p1a: Serperior
|
|-sideend|p1: rblt frost1916|Reflect
|upkeep
|
|t:|1757955577
|switch|p1a: Sandy Shocks|Sandy Shocks|100/100
|-damage|p1a: Sandy Shocks|94/100|[from] Stealth Rock
|-status|p1a: Sandy Shocks|tox
|turn|19
|
|t:|1757955584
|-end|p2a: Plaga Misericordia|ability: Neutralizing Gas
|switch|p2a: Dracō Itelligentia|Latios, M|100/100
|-enditem|p1a: Sandy Shocks|Booster Energy
|-activate|p1a: Sandy Shocks|ability: Protosynthesis|[fromitem]
|-start|p1a: Sandy Shocks|protosynthesisspa
|move|p1a: Sandy Shocks|Stealth Rock|p2a: Dracō Itelligentia
|-sidestart|p2: Duckycrater|move: Stealth Rock
|
|-damage|p1a: Sandy Shocks|88/100 tox|[from] psn
|-sideend|p1: rblt frost1916|move: Light Screen
|upkeep
|turn|20
|
|t:|1757955603
|move|p2a: Dracō Itelligentia|Calm Mind|p2a: Dracō Itelligentia
|-boost|p2a: Dracō Itelligentia|spa|1
|-boost|p2a: Dracō Itelligentia|spd|1
|move|p1a: Sandy Shocks|Thunderbolt|p2a: Dracō Itelligentia
|-resisted|p2a: Dracō Itelligentia
|-damage|p2a: Dracō Itelligentia|82/100
|
|-damage|p1a: Sandy Shocks|76/100 tox|[from] psn
|upkeep
|turn|21
|-message|rblt frost1916 forfeited.
|
|win|Duckycrater
|n|☆rblt frost1916|rbltfrost1916
|n|☆Duckycrater|duckycrater
|n|*Lady Monita ☀|ladymonita
|n| Rhik(⌐◼_◼)|rhik
|n| BluLynx|blulynx
|l|*Lady Monita ☀
|l|☆rblt frost1916
|player|p1|
|l| Rhik(⌐◼_◼)
