|j|☆KevinHaHa
|j|☆Beasteucloid123
|t:|1757823270
|gametype|singles
|player|p1|KevinHaHa|lucas|1345
|player|p2|Beasteucloid123|102|1355
|gen|9
|tier|[Gen 9] OU
|rated|
|rule|HP Percentage Mod: HP is shown in percentages
|rule|Endless Battle Clause: Forcing endless battles is banned
|rule|Species Clause: Limit one of each Pokémon
|rule|OHKO Clause: OHKO moves are banned
|rule|Evasion Items Clause: Evasion items are banned
|rule|Evasion Moves Clause: Evasion moves are banned
|rule|Evasion Abilities Clause: Evasion abilities are banned
|rule|Sleep Moves Clause: Sleep-inducing moves are banned
|clearpoke
|poke|p1|Grimmsnarl, M|
|poke|p1|Araquanid, M|
|poke|p1|Pecharunt|
|poke|p1|Gholdengo|
|poke|p1|Dragapult, M|
|poke|p1|Kingambit, M|
|poke|p2|Walking Wake|
|poke|p2|Torkoal, F|
|poke|p2|Slither Wing|
|poke|p2|Shiftry, M|
|poke|p2|Alomomola, M|
|poke|p2|Sandy Shocks|
|teampreview
|inactive|Battle timer is ON: inactive players will automatically lose when time's up. (requested by KevinHaHa)
|
|t:|1757823287
|teamsize|p1|6
|teamsize|p2|6
|start
|switch|p1a: Araquanid|Araquanid, M, shiny|100/100
|switch|p2a: Torkoal|Torkoal, F|100/100
|-weather|SunnyDay|[from] ability: Drought|[of] p2a: Torkoal
|turn|1
|
|t:|1757823300
|switch|p2a: Shiftry|Shiftry, M|100/100
|move|p1a: Araquanid|Sticky Web|p2a: Shiftry
|-sidestart|p2: Beasteucloid123|move: Sticky Web
|
|-weather|SunnyDay|[upkeep]
|upkeep
|turn|2
|
|t:|1757823321
|switch|p2a: Sandy Shocks|Sandy Shocks|100/100
|-activate|p2a: Sandy Shocks|move: Sticky Web
|-unboost|p2a: Sandy Shocks|spe|1
|-activate|p2a: Sandy Shocks|ability: Protosynthesis
|-start|p2a: Sandy Shocks|protosynthesisspa
|switch|p1a: Grimmsnarl|Grimmsnarl, M, shiny|100/100
|
|-weather|SunnyDay|[upkeep]
|upkeep
|turn|3
|
|t:|1757823334
|move|p1a: Grimmsnarl|Light Screen|p1a: Grimmsnarl
|-sidestart|p1: KevinHaHa|move: Light Screen
|move|p2a: Sandy Shocks|Volt Switch|p1a: Grimmsnarl
|-damage|p1a: Grimmsnarl|75/100
|inactive|Beasteucloid123 has 120 seconds left.
|
|t:|1757823359
|-end|p2a: Sandy Shocks|Protosynthesis|[silent]
|switch|p2a: Torkoal|Torkoal, F|100/100|[from] Volt Switch
|-activate|p2a: Torkoal|move: Sticky Web
|-unboost|p2a: Torkoal|spe|1
|
|-weather|SunnyDay|[upkeep]
|upkeep
|turn|4
|inactive|Beasteucloid123 has 120 seconds left.
|
|t:|1757823367
|move|p1a: Grimmsnarl|Reflect|p1a: Grimmsnarl
|-sidestart|p1: KevinHaHa|Reflect
|move|p2a: Torkoal|Rapid Spin|p1a: Grimmsnarl
|-damage|p1a: Grimmsnarl|72/100
|-boost|p2a: Torkoal|spe|1
|-sideend|p2: Beasteucloid123|Sticky Web|[from] move: Rapid Spin|[of] p2a: Torkoal
|
|-weather|SunnyDay|[upkeep]
|upkeep
|turn|5
|
|t:|1757823375
|move|p1a: Grimmsnarl|Parting Shot|p2a: Torkoal
|-unboost|p2a: Torkoal|atk|1
|-unboost|p2a: Torkoal|spa|1
|
|t:|1757823378
|switch|p1a: Araquanid|Araquanid, M, shiny|100/100|[from] Parting Shot
|move|p2a: Torkoal|Stealth Rock|p1a: Araquanid
|-sidestart|p1: KevinHaHa|move: Stealth Rock
|
|-weather|SunnyDay|[upkeep]
|upkeep
|turn|6
|
|t:|1757823395
|switch|p2a: Alomomola|Alomomola, M|100/100
|move|p1a: Araquanid|Sticky Web|p2a: Alomomola
|-sidestart|p2: Beasteucloid123|move: Sticky Web
|
|-weather|SunnyDay|[upkeep]
|upkeep
|turn|7
|
|t:|1757823402
|switch|p1a: Dragapult|Dragapult, M|100/100
|move|p2a: Alomomola|Flip Turn|p1a: Dragapult
|-resisted|p1a: Dragapult
|-damage|p1a: Dragapult|98/100
|inactive|Beasteucloid123 has 120 seconds left.
|inactive|Beasteucloid123 has 90 seconds left.
|
|t:|1757823447
|switch|p2a: Sandy Shocks|Sandy Shocks|100/100|[from] Flip Turn
|-activate|p2a: Sandy Shocks|move: Sticky Web
|-unboost|p2a: Sandy Shocks|spe|1
|-activate|p2a: Sandy Shocks|ability: Protosynthesis
|-start|p2a: Sandy Shocks|protosynthesisspa
|
|-weather|SunnyDay|[upkeep]
|upkeep
|turn|8
|inactive|Beasteucloid123 has 90 seconds left.
|
|t:|1757823459
|-terastallize|p2a: Sandy Shocks|Ice
|move|p1a: Dragapult|Will-O-Wisp|p2a: Sandy Shocks|[miss]
|-miss|p1a: Dragapult|p2a: Sandy Shocks
|move|p2a: Sandy Shocks|Tera Blast|p1a: Dragapult|[anim] Tera Blast Ice
|-supereffective|p1a: Dragapult
|-damage|p1a: Dragapult|4/100
|
|-weather|none
|-end|p2a: Sandy Shocks|Protosynthesis
|upkeep
|turn|9
|inactive|Beasteucloid123 has 90 seconds left.
|
|t:|1757823474
|move|p1a: Dragapult|U-turn|p2a: Sandy Shocks
|-damage|p2a: Sandy Shocks|83/100
|
|t:|1757823484
|switch|p1a: Gholdengo|Gholdengo, shiny|100/100|[from] U-turn
|-damage|p1a: Gholdengo|94/100|[from] Stealth Rock
|-item|p1a: Gholdengo|Air Balloon
|move|p2a: Sandy Shocks|Tera Blast|p1a: Gholdengo|[anim] Tera Blast Ice
|-resisted|p1a: Gholdengo
|-damage|p1a: Gholdengo|83/100
|-enditem|p1a: Gholdengo|Air Balloon
|
|upkeep
|turn|10
|inactive|Beasteucloid123 has 90 seconds left.
|
|t:|1757823523
|-end|p2a: Sandy Shocks|Protosynthesis|[silent]
|switch|p2a: Torkoal|Torkoal, F|100/100
|-activate|p2a: Torkoal|move: Sticky Web
|-unboost|p2a: Torkoal|spe|1
|-weather|SunnyDay|[from] ability: Drought|[of] p2a: Torkoal
|move|p1a: Gholdengo|Nasty Plot|p1a: Gholdengo
|-boost|p1a: Gholdengo|spa|2
|
|-weather|SunnyDay|[upkeep]
|-sideend|p1: KevinHaHa|move: Light Screen
|upkeep
|turn|11
|inactive|Beasteucloid123 has 60 seconds left.
|
|t:|1757823554
|switch|p2a: Sandy Shocks|Sandy Shocks, tera:Ice|83/100
|-activate|p2a: Sandy Shocks|move: Sticky Web
|-unboost|p2a: Sandy Shocks|spe|1
|-activate|p2a: Sandy Shocks|ability: Protosynthesis
|-start|p2a: Sandy Shocks|protosynthesisspa
|move|p1a: Gholdengo|Shadow Ball|p2a: Sandy Shocks
|-damage|p2a: Sandy Shocks|37/100
|
|-weather|SunnyDay|[upkeep]
|-sideend|p1: KevinHaHa|Reflect
|upkeep
|turn|12
|
|t:|1757823566
|move|p1a: Gholdengo|Shadow Ball|p2a: Sandy Shocks
|-damage|p2a: Sandy Shocks|0 fnt
|faint|p2a: Sandy Shocks
|-end|p2a: Sandy Shocks|Protosynthesis|[silent]
|
|-weather|SunnyDay|[upkeep]
|upkeep
|
|t:|1757823572
|switch|p2a: Shiftry|Shiftry, M|100/100
|-activate|p2a: Shiftry|move: Sticky Web
|-unboost|p2a: Shiftry|spe|1
|turn|13
|
|t:|1757823585
|move|p2a: Shiftry|Knock Off|p1a: Gholdengo
|-supereffective|p1a: Gholdengo
|-damage|p1a: Gholdengo|27/100
|-damage|p2a: Shiftry|91/100|[from] item: Life Orb
|move|p1a: Gholdengo|Make It Rain|p2a: Shiftry
|-damage|p2a: Shiftry|0 fnt
|-unboost|p1a: Gholdengo|spa|1
|faint|p2a: Shiftry
|
|-weather|SunnyDay|[upkeep]
|upkeep
|inactive|Beasteucloid123 has 30 seconds left.
|-message|Beasteucloid123 forfeited.
|
|win|KevinHaHa
|raw|KevinHaHa's rating: 1345 &rarr; <strong>1366</strong><br />(+21 for winning)
|raw|Beasteucloid123's rating: 1355 &rarr; <strong>1334</strong><br />(-21 for losing)
|l|☆Beasteucloid123
|player|p2|
|l|☆KevinHaHa
|player|p1|
