|j|☆N0art_97
|j|☆YeQiu0
|t:|1757933804
|gametype|singles
|player|p1|N0art_97|benga|1326
|player|p2|YeQiu0|2|1307
|gen|9
|tier|[Gen 9] OU
|rated|
|rule|HP Percentage Mod: HP is shown in percentages
|rule|Endless Battle Clause: Forcing endless battles is banned
|rule|Species Clause: Limit one of each Pokémon
|rule|OHKO Clause: OHKO moves are banned
|rule|Evasion Items Clause: Evasion items are banned
|rule|Evasion Moves Clause: Evasion moves are banned
|rule|Evasion Abilities Clause: Evasion abilities are banned
|rule|Sleep Moves Clause: Sleep-inducing moves are banned
|clearpoke
|poke|p1|Pelipper, F|
|poke|p1|Crawdaunt, M|
|poke|p1|Kingdra, M|
|poke|p1|Rillaboom, M|
|poke|p1|Scizor, F|
|poke|p1|Swampert, F|
|poke|p2|Lokix, F|
|poke|p2|Alomomola, F|
|poke|p2|Great Tusk|
|poke|p2|Iron Crown|
|poke|p2|Slowking-Galar, M|
|poke|p2|Corviknight, F|
|teampreview
|inactive|Battle timer is ON: inactive players will automatically lose when time's up. (requested by YeQiu0)
|
|t:|1757933817
|teamsize|p1|6
|teamsize|p2|6
|start
|switch|p1a: Pelipper|Pelipper, F|100/100
|switch|p2a: Slowking|Slowking-Galar, M|100/100
|-weather|RainDance|[from] ability: Drizzle|[of] p1a: Pelipper
|turn|1
|
|t:|1757933833
|switch|p1a: Scizor|Scizor, F|100/100
|move|p2a: Slowking|Future Sight|p1a: Scizor
|-start|p2a: Slowking|move: Future Sight
|
|-weather|RainDance|[upkeep]
|upkeep
|turn|2
|
|t:|1757933840
|move|p1a: Scizor|U-turn|p2a: Slowking
|-damage|p2a: Slowking|66/100
|
|t:|1757933844
|switch|p1a: Swampert|Swampert, F|100/100|[from] U-turn
|-prepare|p2a: Slowking|Chilly Reception|[premajor]
|move|p2a: Slowking|Chilly Reception|p2a: Slowking
|-weather|Snowscape
|
|t:|1757933854
|switch|p2a: Alomomola|Alomomola, F|100/100|[from] Chilly Reception
|
|-weather|Snowscape|[upkeep]
|upkeep
|turn|3
|
|t:|1757933858
|move|p1a: Swampert|Stealth Rock|p2a: Alomomola
|-sidestart|p2: YeQiu0|move: Stealth Rock
|move|p2a: Alomomola|Scald|p1a: Swampert
|-damage|p1a: Swampert|91/100
|
|-weather|Snowscape|[upkeep]
|-end|p1a: Swampert|move: Future Sight
|-damage|p1a: Swampert|60/100
|-heal|p1a: Swampert|66/100|[from] item: Leftovers
|upkeep
|turn|4
|
|t:|1757933870
|move|p1a: Swampert|Flip Turn|p2a: Alomomola
|-resisted|p2a: Alomomola
|-damage|p2a: Alomomola|94/100
|
|t:|1757933874
|switch|p1a: Pelipper|Pelipper, F|100/100|[from] Flip Turn
|-weather|RainDance|[from] ability: Drizzle|[of] p1a: Pelipper
|move|p2a: Alomomola|Wish|p2a: Alomomola
|
|-weather|RainDance|[upkeep]
|upkeep
|turn|5
|
|t:|1757933882
|move|p1a: Pelipper|U-turn|p2a: Alomomola
|-damage|p2a: Alomomola|90/100
|
|t:|1757933887
|switch|p1a: Rillaboom|Rillaboom, M|100/100|[from] U-turn
|-fieldstart|move: Grassy Terrain|[from] ability: Grassy Surge|[of] p1a: Rillaboom
|move|p2a: Alomomola|Flip Turn|p1a: Rillaboom
|-resisted|p1a: Rillaboom
|-damage|p1a: Rillaboom|86/100
|
|t:|1757933894
|switch|p2a: Lokix|Lokix, F|100/100|[from] Flip Turn
|-damage|p2a: Lokix|76/100|[from] Stealth Rock
|
|-weather|RainDance|[upkeep]
|-heal|p2a: Lokix|100/100|[from] move: Wish|[wisher] Alomomola
|-heal|p1a: Rillaboom|93/100|[from] Grassy Terrain
|upkeep
|turn|6
|
|t:|1757933902
|switch|p1a: Scizor|Scizor, F|100/100
|move|p2a: Lokix|First Impression|p1a: Scizor
|-resisted|p1a: Scizor
|-damage|p1a: Scizor|51/100
|
|-weather|RainDance|[upkeep]
|-heal|p1a: Scizor|57/100|[from] Grassy Terrain
|-heal|p1a: Scizor|63/100|[from] item: Leftovers
|upkeep
|turn|7
|
|t:|1757933912
|switch|p2a: Alomomola|Alomomola, F|100/100
|move|p1a: Scizor|U-turn|p2a: Alomomola
|-damage|p2a: Alomomola|85/100
|
|t:|1757933917
|switch|p1a: Crawdaunt|Crawdaunt, M|100/100|[from] U-turn
|
|-weather|RainDance|[upkeep]
|-heal|p2a: Alomomola|92/100|[from] Grassy Terrain
|upkeep
|turn|8
|
|t:|1757933927
|move|p1a: Crawdaunt|Knock Off|p2a: Alomomola
|-damage|p2a: Alomomola|38/100
|-enditem|p2a: Alomomola|Heavy-Duty Boots|[from] move: Knock Off|[of] p1a: Crawdaunt
|move|p2a: Alomomola|Wish|p2a: Alomomola
|
|-weather|RainDance|[upkeep]
|-heal|p2a: Alomomola|45/100|[from] Grassy Terrain
|upkeep
|turn|9
|
|t:|1757933938
|move|p2a: Alomomola|Protect|p2a: Alomomola
|-singleturn|p2a: Alomomola|Protect
|move|p1a: Crawdaunt|Knock Off|p2a: Alomomola
|-activate|p2a: Alomomola|move: Protect
|
|-weather|RainDance|[upkeep]
|-heal|p2a: Alomomola|95/100|[from] move: Wish|[wisher] Alomomola
|-heal|p2a: Alomomola|100/100|[from] Grassy Terrain
|-fieldend|move: Grassy Terrain
|upkeep
|turn|10
|
|t:|1757933948
|switch|p1a: Rillaboom|Rillaboom, M|93/100
|-fieldstart|move: Grassy Terrain|[from] ability: Grassy Surge|[of] p1a: Rillaboom
|move|p2a: Alomomola|Wish|p2a: Alomomola
|
|-weather|RainDance|[upkeep]
|-heal|p1a: Rillaboom|99/100|[from] Grassy Terrain
|upkeep
|turn|11
|
|t:|1757933958
|switch|p2a: Corviknight|Corviknight, F|100/100
|-damage|p2a: Corviknight|88/100|[from] Stealth Rock
|-ability|p2a: Corviknight|Pressure
|move|p1a: Rillaboom|Wood Hammer|p2a: Corviknight
|-resisted|p2a: Corviknight
|-damage|p2a: Corviknight|67/100
|-damage|p1a: Rillaboom|82/100|[from] item: Rocky Helmet|[of] p2a: Corviknight
|-damage|p1a: Rillaboom|74/100|[from] Recoil
|
|-weather|none
|-heal|p2a: Corviknight|100/100|[from] move: Wish|[wisher] Alomomola
|-heal|p1a: Rillaboom|81/100|[from] Grassy Terrain
|upkeep
|turn|12
|
|t:|1757933973
|switch|p1a: Pelipper|Pelipper, F|100/100
|-weather|RainDance|[from] ability: Drizzle|[of] p1a: Pelipper
|move|p2a: Corviknight|Defog|p1a: Pelipper
|-unboost|p1a: Pelipper|evasion|1
|-sideend|p2: YeQiu0|Stealth Rock|[from] move: Defog|[of] p2a: Corviknight
|-fieldend|move: Grassy Terrain
|
|-weather|RainDance|[upkeep]
|upkeep
|turn|13
|
|t:|1757933982
|move|p2a: Corviknight|U-turn|p1a: Pelipper
|-resisted|p1a: Pelipper
|-damage|p1a: Pelipper|95/100
|
|t:|1757933991
|switch|p2a: Slowking|Slowking-Galar, M|99/100|[from] U-turn
|move|p1a: Pelipper|U-turn|p2a: Slowking
|-damage|p2a: Slowking|90/100
|
|t:|1757933997
|switch|p1a: Crawdaunt|Crawdaunt, M|100/100|[from] U-turn
|
|-weather|RainDance|[upkeep]
|upkeep
|turn|14
|
|t:|1757934006
|-terastallize|p2a: Slowking|Water
|move|p1a: Crawdaunt|Crabhammer|p2a: Slowking
|-resisted|p2a: Slowking
|-damage|p2a: Slowking|9/100
|-prepare|p2a: Slowking|Chilly Reception|[premajor]
|move|p2a: Slowking|Chilly Reception|p2a: Slowking
|-weather|Snowscape
|
|t:|1757934017
|switch|p2a: Alomomola|Alomomola, F|100/100|[from] Chilly Reception
|
|-weather|Snowscape|[upkeep]
|upkeep
|turn|15
|
|t:|1757934028
|switch|p1a: Pelipper|Pelipper, F|95/100
|-weather|RainDance|[from] ability: Drizzle|[of] p1a: Pelipper
|move|p2a: Alomomola|Wish|p2a: Alomomola
|
|-weather|RainDance|[upkeep]
|upkeep
|turn|16
|
|t:|1757934038
|move|p1a: Pelipper|Hurricane|p2a: Alomomola
|-damage|p2a: Alomomola|60/100
|move|p2a: Alomomola|Flip Turn|p1a: Pelipper
|-resisted|p1a: Pelipper
|-crit|p1a: Pelipper
|-damage|p1a: Pelipper|81/100
|
|t:|1757934046
|switch|p2a: Iron Crown|Iron Crown|100/100|[from] Flip Turn
|
|-weather|RainDance|[upkeep]
|upkeep
|turn|17
|
|t:|1757934052
|switch|p1a: Swampert|Swampert, F|66/100
|move|p2a: Iron Crown|Volt Switch|p1a: Swampert
|-immune|p1a: Swampert
|
|-weather|RainDance|[upkeep]
|-heal|p1a: Swampert|73/100|[from] item: Leftovers
|upkeep
|turn|18
|
|t:|1757934059
|-end|p2a: Iron Crown|Quark Drive|[silent]
|switch|p2a: Corviknight|Corviknight, F|100/100
|-ability|p2a: Corviknight|Pressure
|move|p1a: Swampert|Stealth Rock|p2a: Corviknight
|-sidestart|p2: YeQiu0|move: Stealth Rock
|
|-weather|RainDance|[upkeep]
|-heal|p1a: Swampert|79/100|[from] item: Leftovers
|upkeep
|turn|19
|
|t:|1757934068
|switch|p1a: Crawdaunt|Crawdaunt, M|100/100
|move|p2a: Corviknight|Defog|p1a: Crawdaunt
|-unboost|p1a: Crawdaunt|evasion|1
|-sideend|p2: YeQiu0|Stealth Rock|[from] move: Defog|[of] p2a: Corviknight
|
|-weather|RainDance|[upkeep]
|upkeep
|turn|20
|
|t:|1757934074
|move|p1a: Crawdaunt|Crabhammer|p2a: Corviknight
|-damage|p2a: Corviknight|9/100
|-damage|p1a: Crawdaunt|84/100|[from] item: Rocky Helmet|[of] p2a: Corviknight
|move|p2a: Corviknight|U-turn|p1a: Crawdaunt
|-supereffective|p1a: Crawdaunt
|-crit|p1a: Crawdaunt
|-damage|p1a: Crawdaunt|26/100
|
|t:|1757934081
|switch|p2a: Lokix|Lokix, F|100/100|[from] U-turn
|
|-weather|RainDance|[upkeep]
|upkeep
|turn|21
|
|t:|1757934087
|switch|p1a: Pelipper|Pelipper, F|81/100
|move|p2a: Lokix|U-turn|p1a: Pelipper
|-resisted|p1a: Pelipper
|-damage|p1a: Pelipper|45/100
|
|t:|1757934094
|switch|p2a: Iron Crown|Iron Crown|100/100|[from] U-turn
|
|-weather|RainDance|[upkeep]
|upkeep
|turn|22
|
|t:|1757934102
|switch|p1a: Swampert|Swampert, F|79/100
|move|p2a: Iron Crown|Future Sight|p1a: Swampert
|-start|p2a: Iron Crown|move: Future Sight
|
|-weather|none
|-heal|p1a: Swampert|85/100|[from] item: Leftovers
|upkeep
|turn|23
|
|t:|1757934114
|-end|p2a: Iron Crown|Quark Drive|[silent]
|switch|p2a: Alomomola|Alomomola, F|93/100
|move|p1a: Swampert|Stealth Rock|p2a: Alomomola
|-sidestart|p2: YeQiu0|move: Stealth Rock
|
|-heal|p1a: Swampert|91/100|[from] item: Leftovers
|upkeep
|turn|24
|
|t:|1757934127
|move|p1a: Swampert|Flip Turn|p2a: Alomomola
|-resisted|p2a: Alomomola
|-damage|p2a: Alomomola|87/100
|
|t:|1757934131
|switch|p1a: Rillaboom|Rillaboom, M|81/100|[from] Flip Turn
|-fieldstart|move: Grassy Terrain|[from] ability: Grassy Surge|[of] p1a: Rillaboom
|move|p2a: Alomomola|Wish|p2a: Alomomola
|
|-end|p1a: Rillaboom|move: Future Sight
|-damage|p1a: Rillaboom|6/100
|-heal|p1a: Rillaboom|13/100|[from] Grassy Terrain
|-heal|p2a: Alomomola|93/100|[from] Grassy Terrain
|upkeep
|turn|25
|
|t:|1757934142
|move|p1a: Rillaboom|Knock Off|p2a: Alomomola
|-damage|p2a: Alomomola|75/100
|move|p2a: Alomomola|Flip Turn|p1a: Rillaboom
|-resisted|p1a: Rillaboom
|-damage|p1a: Rillaboom|4/100
|
|t:|1757934150
|switch|p2a: Slowking|Slowking-Galar, M, tera:Water|42/100|[from] Flip Turn
|
|-heal|p2a: Slowking|100/100|[from] move: Wish|[wisher] Alomomola
|-heal|p1a: Rillaboom|10/100|[from] Grassy Terrain
|upkeep
|turn|26
|
|t:|1757934159
|move|p1a: Rillaboom|Knock Off|p2a: Slowking
|-damage|p2a: Slowking|47/100
|-enditem|p2a: Slowking|Heavy-Duty Boots|[from] move: Knock Off|[of] p1a: Rillaboom
|move|p2a: Slowking|Sludge Bomb|p1a: Rillaboom
|-supereffective|p1a: Rillaboom
|-damage|p1a: Rillaboom|0 fnt
|faint|p1a: Rillaboom
|
|-heal|p2a: Slowking|54/100|[from] Grassy Terrain
|upkeep
|
|t:|1757934182
|switch|p1a: Kingdra|Kingdra, M|100/100
|turn|27
|
|t:|1757934190
|switch|p2a: Alomomola|Alomomola, F|100/100
|-damage|p2a: Alomomola|88/100|[from] Stealth Rock
|move|p1a: Kingdra|Draco Meteor|p2a: Alomomola
|-damage|p2a: Alomomola|0 fnt
|-unboost|p1a: Kingdra|spa|2
|faint|p2a: Alomomola
|
|upkeep
|
|t:|1757934211
|switch|p2a: Iron Crown|Iron Crown|100/100
|-damage|p2a: Iron Crown|94/100|[from] Stealth Rock
|turn|28
|
|t:|1757934221
|switch|p1a: Swampert|Swampert, F|91/100
|move|p2a: Iron Crown|Volt Switch|p1a: Swampert
|-immune|p1a: Swampert
|
|-heal|p2a: Iron Crown|100/100|[from] Grassy Terrain
|-heal|p1a: Swampert|97/100|[from] Grassy Terrain
|-heal|p1a: Swampert|100/100|[from] item: Leftovers
|-fieldend|move: Grassy Terrain
|upkeep
|turn|29
|inactive|N0art_97 has 120 seconds left.
|
|t:|1757934256
|-end|p2a: Iron Crown|Quark Drive|[silent]
|switch|p2a: Great Tusk|Great Tusk|100/100
|move|p1a: Swampert|Flip Turn|p2a: Great Tusk
|-supereffective|p2a: Great Tusk
|-damage|p2a: Great Tusk|66/100
|inactive|N0art_97 has 120 seconds left.
|
|t:|1757934265
|switch|p1a: Pelipper|Pelipper, F|45/100|[from] Flip Turn
|-weather|RainDance|[from] ability: Drizzle|[of] p1a: Pelipper
|
|-weather|RainDance|[upkeep]
|upkeep
|turn|30
|
|t:|1757934273
|move|p2a: Great Tusk|Ice Spinner|p1a: Pelipper
|-crit|p1a: Pelipper
|-damage|p1a: Pelipper|15/100
|move|p1a: Pelipper|Weather Ball|p2a: Great Tusk
|-supereffective|p2a: Great Tusk
|-damage|p2a: Great Tusk|0 fnt
|faint|p2a: Great Tusk
|-end|p2a: Great Tusk|Protosynthesis|[silent]
|
|-weather|RainDance|[upkeep]
|upkeep
|
|t:|1757934284
|switch|p2a: Lokix|Lokix, F|100/100
|-damage|p2a: Lokix|76/100|[from] Stealth Rock
|turn|31
|
|t:|1757934289
|switch|p1a: Scizor|Scizor, F|63/100
|move|p2a: Lokix|U-turn|p1a: Scizor
|-resisted|p1a: Scizor
|-crit|p1a: Scizor
|-damage|p1a: Scizor|8/100
|
|t:|1757934296
|switch|p2a: Iron Crown|Iron Crown|100/100|[from] U-turn
|-damage|p2a: Iron Crown|94/100|[from] Stealth Rock
|
|-weather|RainDance|[upkeep]
|-heal|p1a: Scizor|14/100|[from] item: Leftovers
|upkeep
|turn|32
|
|t:|1757934303
|switch|p1a: Swampert|Swampert, F|100/100
|move|p2a: Iron Crown|Tachyon Cutter|p1a: Swampert
|-resisted|p1a: Swampert
|-damage|p1a: Swampert|92/100
|-resisted|p1a: Swampert
|-damage|p1a: Swampert|84/100
|-hitcount|p1a: Swampert|2
|
|-weather|RainDance|[upkeep]
|-heal|p1a: Swampert|90/100|[from] item: Leftovers
|upkeep
|turn|33
|
|t:|1757934314
|-end|p2a: Iron Crown|Quark Drive|[silent]
|switch|p2a: Corviknight|Corviknight, F|9/100
|-damage|p2a: Corviknight|0 fnt|[from] Stealth Rock
|faint|p2a: Corviknight
|move|p1a: Swampert|Flip Turn|p2: Corviknight|[notarget]
|-fail|p1a: Swampert
|
|-weather|RainDance|[upkeep]
|-heal|p1a: Swampert|96/100|[from] item: Leftovers
|upkeep
|
|t:|1757934327
|switch|p2a: Lokix|Lokix, F|76/100
|-damage|p2a: Lokix|51/100|[from] Stealth Rock
|turn|34
|
|t:|1757934336
|switch|p1a: Scizor|Scizor, F|14/100
|move|p2a: Lokix|U-turn|p1a: Scizor
|-resisted|p1a: Scizor
|-damage|p1a: Scizor|0 fnt
|faint|p1a: Scizor
|
|t:|1757934342
|switch|p2a: Slowking|Slowking-Galar, M, tera:Water|87/100|[from] U-turn
|-damage|p2a: Slowking|74/100|[from] Stealth Rock
|
|-weather|RainDance|[upkeep]
|upkeep
|
|t:|1757934347
|switch|p1a: Kingdra|Kingdra, M|100/100
|turn|35
|
|t:|1757934356
|switch|p2a: Iron Crown|Iron Crown|94/100
|-damage|p2a: Iron Crown|88/100|[from] Stealth Rock
|move|p1a: Kingdra|Draco Meteor|p2a: Iron Crown
|-resisted|p2a: Iron Crown
|-damage|p2a: Iron Crown|61/100
|-unboost|p1a: Kingdra|spa|2
|
|-weather|RainDance|[upkeep]
|upkeep
|turn|36
|
|t:|1757934366
|switch|p1a: Swampert|Swampert, F|96/100
|move|p2a: Iron Crown|Future Sight|p1a: Swampert
|-start|p2a: Iron Crown|move: Future Sight
|
|-weather|none
|-heal|p1a: Swampert|100/100|[from] item: Leftovers
|upkeep
|turn|37
|
|t:|1757934377
|move|p2a: Iron Crown|Tachyon Cutter|p1a: Swampert
|-resisted|p1a: Swampert
|-damage|p1a: Swampert|92/100
|-resisted|p1a: Swampert
|-damage|p1a: Swampert|83/100
|-hitcount|p1a: Swampert|2
|move|p1a: Swampert|Flip Turn|p2a: Iron Crown
|-damage|p2a: Iron Crown|35/100
|
|t:|1757934386
|switch|p1a: Pelipper|Pelipper, F|15/100|[from] Flip Turn
|-weather|RainDance|[from] ability: Drizzle|[of] p1a: Pelipper
|
|-weather|RainDance|[upkeep]
|upkeep
|turn|38
|
|t:|1757934397
|switch|p1a: Swampert|Swampert, F|83/100
|move|p2a: Iron Crown|Tachyon Cutter|p1a: Swampert
|-resisted|p1a: Swampert
|-damage|p1a: Swampert|75/100
|-resisted|p1a: Swampert
|-damage|p1a: Swampert|67/100
|-hitcount|p1a: Swampert|2
|
|-weather|RainDance|[upkeep]
|-end|p1a: Swampert|move: Future Sight
|-damage|p1a: Swampert|30/100
|-heal|p1a: Swampert|37/100|[from] item: Leftovers
|upkeep
|turn|39
|
|t:|1757934409
|move|p2a: Iron Crown|Future Sight|p1a: Swampert
|-start|p2a: Iron Crown|move: Future Sight
|move|p1a: Swampert|Flip Turn|p2a: Iron Crown
|-damage|p2a: Iron Crown|0 fnt
|faint|p2a: Iron Crown
|-end|p2a: Iron Crown|Quark Drive|[silent]
|
|t:|1757934416
|switch|p1a: Kingdra|Kingdra, M|100/100|[from] Flip Turn
|
|-weather|RainDance|[upkeep]
|upkeep
|
|t:|1757934426
|switch|p2a: Slowking|Slowking-Galar, M, tera:Water|100/100
|-damage|p2a: Slowking|88/100|[from] Stealth Rock
|turn|40
|
|t:|1757934431
|move|p1a: Kingdra|Draco Meteor|p2a: Slowking
|-damage|p2a: Slowking|33/100
|-unboost|p1a: Kingdra|spa|2
|move|p2a: Slowking|Sludge Bomb|p1a: Kingdra
|-damage|p1a: Kingdra|57/100
|
|-weather|RainDance|[upkeep]
|upkeep
|turn|41
|
|t:|1757934444
|move|p1a: Kingdra|Draco Meteor|p2a: Slowking
|-damage|p2a: Slowking|6/100
|-unboost|p1a: Kingdra|spa|2
|-prepare|p2a: Slowking|Chilly Reception|[premajor]
|move|p2a: Slowking|Chilly Reception|p2a: Slowking
|-weather|Snowscape
|
|t:|1757934450
|switch|p2a: Lokix|Lokix, F|51/100|[from] Chilly Reception
|-damage|p2a: Lokix|26/100|[from] Stealth Rock
|
|-weather|Snowscape|[upkeep]
|-end|p1a: Kingdra|move: Future Sight
|-damage|p1a: Kingdra|0 fnt
|faint|p1a: Kingdra
|upkeep
|
|t:|1757934458
|switch|p1a: Pelipper|Pelipper, F|15/100
|-weather|RainDance|[from] ability: Drizzle|[of] p1a: Pelipper
|turn|42
|
|t:|1757934464
|move|p2a: Lokix|U-turn|p1a: Pelipper
|-resisted|p1a: Pelipper
|-damage|p1a: Pelipper|0 fnt
|faint|p1a: Pelipper
|
|t:|1757934468
|switch|p2a: Slowking|Slowking-Galar, M, tera:Water|39/100|[from] U-turn
|-damage|p2a: Slowking|26/100|[from] Stealth Rock
|
|-weather|RainDance|[upkeep]
|upkeep
|
|t:|1757934473
|switch|p1a: Crawdaunt|Crawdaunt, M|26/100
|turn|43
|
|t:|1757934490
|move|p1a: Crawdaunt|Knock Off|p2a: Slowking
|-damage|p2a: Slowking|0 fnt
|faint|p2a: Slowking
|
|-weather|RainDance|[upkeep]
|upkeep
|
|t:|1757934493
|switch|p2a: Lokix|Lokix, F|26/100
|-damage|p2a: Lokix|2/100|[from] Stealth Rock
|turn|44
|
|t:|1757934498
|switch|p1a: Swampert|Swampert, F|37/100
|move|p2a: Lokix|Leech Life|p1a: Swampert
|-crit|p1a: Swampert
|-damage|p1a: Swampert|0 fnt
|-heal|p2a: Lokix|27/100|[from] drain|[of] p1a: Swampert
|faint|p1a: Swampert
|
|-weather|RainDance|[upkeep]
|upkeep
|
|t:|1757934506
|switch|p1a: Crawdaunt|Crawdaunt, M|26/100
|turn|45
|
|t:|1757934509
|move|p1a: Crawdaunt|Aqua Jet|p2a: Lokix
|-damage|p2a: Lokix|0 fnt
|faint|p2a: Lokix
|
|win|N0art_97
|raw|N0art_97's rating: 1326 &rarr; <strong>1345</strong><br />(+19 for winning)
|raw|YeQiu0's rating: 1307 &rarr; <strong>1288</strong><br />(-19 for losing)
|c|☆N0art_97|gg
|c|☆YeQiu0|ggs
|l|☆YeQiu0
|player|p2|
|l|☆N0art_97
|player|p1|
