|j|☆3jazz
|j|☆201254u
|t:|1757838743
|gametype|singles
|player|p1|3jazz|ghetsis|1128
|player|p2|201254u|2|1158
|gen|9
|tier|[Gen 9] OU
|rated|
|rule|HP Percentage Mod: HP is shown in percentages
|rule|Endless Battle Clause: Forcing endless battles is banned
|rule|Species Clause: Limit one of each Pokémon
|rule|OHKO Clause: OHKO moves are banned
|rule|Evasion Items Clause: Evasion items are banned
|rule|Evasion Moves Clause: Evasion moves are banned
|rule|Evasion Abilities Clause: Evasion abilities are banned
|rule|Sleep Moves Clause: Sleep-inducing moves are banned
|clearpoke
|poke|p1|Iron Crown|
|poke|p1|Raging Bolt|
|poke|p1|Arcanine-Hisui, F|
|poke|p1|Dragapult, M|
|poke|p1|Kleavor, F|
|poke|p1|Great Tusk|
|poke|p2|Bellibolt, M|
|poke|p2|Porygon-Z|
|poke|p2|Oricorio-Sensu, M|
|poke|p2|Flygon, F|
|poke|p2|Tentacruel, M|
|poke|p2|Lucario, M|
|teampreview
|inactive|Battle timer is ON: inactive players will automatically lose when time's up. (requested by 3jazz)
|
|t:|1757838754
|teamsize|p1|6
|teamsize|p2|6
|start
|switch|p1a: Arcanine|Arcanine-Hisui, F|100/100
|switch|p2a: Flygon|Flygon, F|100/100
|turn|1
|
|t:|1757838765
|move|p1a: Arcanine|Head Smash|p2a: Flygon|[miss]
|-miss|p1a: Arcanine|p2a: Flygon
|move|p2a: Flygon|Dragon Dance|p2a: Flygon
|-boost|p2a: Flygon|atk|1
|-boost|p2a: Flygon|spe|1
|
|upkeep
|turn|2
|
|t:|1757838774
|switch|p1a: Great Tusk|Great Tusk|100/100
|-enditem|p1a: Great Tusk|Booster Energy
|-activate|p1a: Great Tusk|ability: Protosynthesis|[fromitem]
|-start|p1a: Great Tusk|protosynthesisspe
|move|p2a: Flygon|Earthquake|p1a: Great Tusk
|-damage|p1a: Great Tusk|52/100
|
|upkeep
|turn|3
|
|t:|1757838794
|switch|p2a: Tentacruel|Tentacruel, M, shiny|100/100
|move|p1a: Great Tusk|Ice Spinner|p2a: Tentacruel
|-resisted|p2a: Tentacruel
|-damage|p2a: Tentacruel|80/100
|
|upkeep
|turn|4
|
|t:|1757838802
|-terastallize|p2a: Tentacruel|Grass
|move|p1a: Great Tusk|Headlong Rush|p2a: Tentacruel
|-resisted|p2a: Tentacruel
|-damage|p2a: Tentacruel|36/100
|-unboost|p1a: Great Tusk|def|1
|-unboost|p1a: Great Tusk|spd|1
|move|p2a: Tentacruel|Giga Drain|p1a: Great Tusk
|-supereffective|p1a: Great Tusk
|-damage|p1a: Great Tusk|0 fnt
|-heal|p2a: Tentacruel|73/100|[from] drain|[of] p1a: Great Tusk
|faint|p1a: Great Tusk
|-end|p1a: Great Tusk|Protosynthesis|[silent]
|
|upkeep
|inactive|3jazz has 120 seconds left.
|
|t:|1757838841
|switch|p1a: Kleavor|Kleavor, F|100/100
|turn|5
|
|t:|1757838849
|switch|p2a: Flygon|Flygon, F|100/100
|move|p1a: Kleavor|Agility|p1a: Kleavor
|-boost|p1a: Kleavor|spe|2
|
|upkeep
|turn|6
|
|t:|1757838858
|-terastallize|p1a: Kleavor|Bug
|move|p1a: Kleavor|Fury Cutter|p2a: Flygon
|-damage|p2a: Flygon|49/100
|move|p2a: Flygon|Dragon Tail|p1a: Kleavor
|-damage|p1a: Kleavor|64/100
|drag|p1a: Raging Bolt|Raging Bolt|100/100
|
|-heal|p2a: Flygon|55/100|[from] item: Leftovers
|upkeep
|turn|7
|-message|3jazz forfeited.
|
|win|201254u
|raw|3jazz's rating: 1128 &rarr; <strong>1105</strong><br />(-23 for losing)
|raw|201254u's rating: 1158 &rarr; <strong>1181</strong><br />(+23 for winning)
|l|☆3jazz
|player|p1|
|l|☆201254u
|player|p2|
