|j|☆Naturmacht
|j|☆guensama
|t:|1757793917
|gametype|singles
|player|p1|Naturmacht|piers|1247
|player|p2|guensama|lance|1211
|gen|9
|tier|[Gen 9] OU
|rated|
|rule|HP Percentage Mod: HP is shown in percentages
|rule|Endless Battle Clause: Forcing endless battles is banned
|rule|Species Clause: Limit one of each Pokémon
|rule|OHKO Clause: OHKO moves are banned
|rule|Evasion Items Clause: Evasion items are banned
|rule|Evasion Moves Clause: Evasion moves are banned
|rule|Evasion Abilities Clause: Evasion abilities are banned
|rule|Sleep Moves Clause: Sleep-inducing moves are banned
|clearpoke
|poke|p1|Rillaboom, M|
|poke|p1|Hatterene, F|
|poke|p1|Heatran, M|
|poke|p1|Clodsire, M|
|poke|p1|Great Tusk|
|poke|p1|Ogerpon-Wellspring, F|
|poke|p2|Raging Bolt|
|poke|p2|Garchomp, F|
|poke|p2|Veluza, F|
|poke|p2|Zamazenta-*|
|poke|p2|Cinderace, F|
|poke|p2|Iron Moth|
|teampreview
|inactive|Battle timer is ON: inactive players will automatically lose when time's up. (requested by Naturmacht)
|
|t:|1757793946
|teamsize|p1|6
|teamsize|p2|6
|start
|switch|p1a: Rillaboom|Rillaboom, M|100/100
|switch|p2a: Veluza|Veluza, F|100/100
|-ability|p2a: Veluza|Mold Breaker
|-fieldstart|move: Grassy Terrain|[from] ability: Grassy Surge|[of] p1a: Rillaboom
|turn|1
|
|t:|1757793957
|move|p2a: Veluza|Final Gambit|p1a: Rillaboom
|-damage|p1a: Rillaboom|4/100
|faint|p2a: Veluza
|move|p1a: Rillaboom|Knock Off|p2: Veluza|[notarget]
|-fail|p1a: Rillaboom
|
|-heal|p1a: Rillaboom|11/100|[from] Grassy Terrain
|upkeep
|l|☆guensama
|inactive|guensama disconnected and has a minute to reconnect!
|player|p2|
|j|☆guensama
|inactive|guensama reconnected and has 130 seconds left.
|player|p2|guensama|lance|
|inactive|guensama has 120 seconds left.
|
|t:|1757793987
|switch|p2a: Iron Mom|Iron Moth|100/100
|-enditem|p2a: Iron Mom|Booster Energy
|-activate|p2a: Iron Mom|ability: Quark Drive|[fromitem]
|-start|p2a: Iron Mom|quarkdrivespe
|turn|2
|
|t:|1757793996
|switch|p1a: Heatran|Heatran, M|100/100
|move|p2a: Iron Mom|Fiery Dance|p1a: Heatran
|-start|p1a: Heatran|ability: Flash Fire
|
|upkeep
|turn|3
|
|t:|1757794008
|-end|p2a: Iron Mom|Quark Drive|[silent]
|switch|p2a: Zamazenta|Zamazenta|100/100
|-ability|p2a: Zamazenta|Dauntless Shield|boost
|-boost|p2a: Zamazenta|def|1
|move|p1a: Heatran|Magma Storm|p2a: Zamazenta
|-damage|p2a: Zamazenta|53/100
|-activate|p2a: Zamazenta|move: Magma Storm|[of] p1a: Heatran
|
|-heal|p2a: Zamazenta|59/100|[from] Grassy Terrain
|-heal|p2a: Zamazenta|65/100|[from] item: Leftovers
|-damage|p2a: Zamazenta|53/100|[from] move: Magma Storm|[partiallytrapped]
|upkeep
|turn|4
|
|t:|1757794022
|-end|p1a: Heatran|ability: Flash Fire|[silent]
|switch|p1a: Clodsire|Clodsire, M|100/100
|move|p2a: Zamazenta|Body Press|p1a: Clodsire
|-resisted|p1a: Clodsire
|-damage|p1a: Clodsire|83/100
|
|-heal|p2a: Zamazenta|59/100|[from] Grassy Terrain
|-heal|p2a: Zamazenta|65/100|[from] item: Leftovers
|-heal|p1a: Clodsire|90/100|[from] Grassy Terrain
|-heal|p1a: Clodsire|96/100|[from] item: Leftovers
|-end|p2a: Zamazenta|Magma Storm|[partiallytrapped]|[silent]
|upkeep
|turn|5
|
|t:|1757794033
|move|p2a: Zamazenta|Iron Defense|p2a: Zamazenta
|-boost|p2a: Zamazenta|def|2
|move|p1a: Clodsire|Toxic|p2a: Zamazenta
|-status|p2a: Zamazenta|tox
|
|-heal|p2a: Zamazenta|71/100 tox|[from] Grassy Terrain
|-heal|p2a: Zamazenta|77/100 tox|[from] item: Leftovers
|-heal|p1a: Clodsire|100/100|[from] Grassy Terrain
|-damage|p2a: Zamazenta|71/100 tox|[from] psn
|upkeep
|turn|6
|
|t:|1757794044
|move|p2a: Zamazenta|Body Press|p1a: Clodsire
|-resisted|p1a: Clodsire
|-damage|p1a: Clodsire|82/100
|move|p1a: Clodsire|Spikes|p2a: Zamazenta
|-sidestart|p2: guensama|Spikes
|
|-heal|p2a: Zamazenta|77/100 tox|[from] Grassy Terrain
|-heal|p2a: Zamazenta|83/100 tox|[from] item: Leftovers
|-heal|p1a: Clodsire|88/100|[from] Grassy Terrain
|-heal|p1a: Clodsire|94/100|[from] item: Leftovers
|-damage|p2a: Zamazenta|71/100 tox|[from] psn
|upkeep
|turn|7
|
|t:|1757794055
|move|p2a: Zamazenta|Body Press|p1a: Clodsire
|-resisted|p1a: Clodsire
|-damage|p1a: Clodsire|74/100
|move|p1a: Clodsire|Spikes|p2a: Zamazenta
|-sidestart|p2: guensama|Spikes
|
|-heal|p2a: Zamazenta|77/100 tox|[from] Grassy Terrain
|-heal|p2a: Zamazenta|83/100 tox|[from] item: Leftovers
|-heal|p1a: Clodsire|81/100|[from] Grassy Terrain
|-heal|p1a: Clodsire|87/100|[from] item: Leftovers
|-damage|p2a: Zamazenta|65/100 tox|[from] psn
|upkeep
|turn|8
|-message|guensama forfeited.
|
|win|Naturmacht
|raw|Naturmacht's rating: 1247 &rarr; <strong>1269</strong><br />(+22 for winning)
|raw|guensama's rating: 1211 &rarr; <strong>1189</strong><br />(-22 for losing)
|l|☆guensama
|player|p2|
