|j|☆averagealt99
|j|☆Teatina
|t:|1757947974
|gametype|singles
|player|p1|averagealt99|acetrainerf-gen4dp|1446
|player|p2|Teatina|101|1455
|gen|9
|tier|[Gen 9] OU
|rated|
|rule|HP Percentage Mod: HP is shown in percentages
|rule|Endless Battle Clause: Forcing endless battles is banned
|rule|Species Clause: Limit one of each Pokémon
|rule|OHKO Clause: OHKO moves are banned
|rule|Evasion Items Clause: Evasion items are banned
|rule|Evasion Moves Clause: Evasion moves are banned
|rule|Evasion Abilities Clause: Evasion abilities are banned
|rule|Sleep Moves Clause: Sleep-inducing moves are banned
|clearpoke
|poke|p1|Vikavolt, F|
|poke|p1|Slowking-Galar, M|
|poke|p1|Chesnaught, M|
|poke|p1|Samurott-Hisui, M|
|poke|p1|Landorus-Therian, M|
|poke|p1|Gholdengo|
|poke|p2|Araquanid, M|
|poke|p2|Gholdengo|
|poke|p2|Iron Moth|
|poke|p2|Raging Bolt|
|poke|p2|Kingambit, F|
|poke|p2|Ogerpon-Wellspring, F|
|teampreview
|inactive|Battle timer is ON: inactive players will automatically lose when time's up. (requested by Teatina)
|
|t:|1757947979
|teamsize|p1|6
|teamsize|p2|6
|start
|switch|p1a: Vikavolt|Vikavolt, F|100/100
|switch|p2a: Araquanid|Araquanid, M|100/100
|turn|1
|
|t:|1757947988
|move|p1a: Vikavolt|Volt Switch|p2a: Araquanid
|-supereffective|p2a: Araquanid
|-damage|p2a: Araquanid|36/100
|
|t:|1757947991
|switch|p1a: Samurott|Samurott-Hisui, M|100/100|[from] Volt Switch
|move|p2a: Araquanid|Sticky Web|p1a: Samurott
|-sidestart|p1: averagealt99|move: Sticky Web
|
|upkeep
|turn|2
|
|t:|1757947998
|move|p2a: Araquanid|Endure|p2a: Araquanid
|-singleturn|p2a: Araquanid|move: Endure
|move|p1a: Samurott|Ceaseless Edge|p2a: Araquanid
|-activate|p2a: Araquanid|move: Endure
|-damage|p2a: Araquanid|1/100
|-sidestart|p2: Teatina|Spikes
|
|upkeep
|turn|3
|-enditem|p2a: Araquanid|Custap Berry|[eat]
|-activate|p2a: Araquanid|item: Custap Berry|[consumed]
|
|t:|1757948003
|move|p1a: Samurott|Sucker Punch|p2a: Araquanid
|-damage|p2a: Araquanid|0 fnt
|faint|p2a: Araquanid
|
|upkeep
|
|t:|1757948016
|switch|p2a: Raging Bolt|Raging Bolt|100/100
|-damage|p2a: Raging Bolt|88/100|[from] Spikes
|-enditem|p2a: Raging Bolt|Booster Energy
|-activate|p2a: Raging Bolt|ability: Protosynthesis|[fromitem]
|-start|p2a: Raging Bolt|protosynthesisspa
|turn|4
|
|t:|1757948023
|switch|p1a: Gholdengo|Gholdengo|100/100
|-activate|p1a: Gholdengo|move: Sticky Web
|-unboost|p1a: Gholdengo|spe|1
|move|p2a: Raging Bolt|Thunderbolt|p1a: Gholdengo
|-crit|p1a: Gholdengo
|-damage|p1a: Gholdengo|0 fnt
|faint|p1a: Gholdengo
|
|upkeep
|
|t:|1757948027
|switch|p1a: Landorus|Landorus-Therian, M|100/100
|-ability|p1a: Landorus|Intimidate|boost
|-unboost|p2a: Raging Bolt|atk|1
|turn|5
|
|t:|1757948033
|-terastallize|p1a: Landorus|Ice
|move|p1a: Landorus|Tera Blast|p2a: Raging Bolt|[anim] Tera Blast Ice
|-supereffective|p2a: Raging Bolt
|-damage|p2a: Raging Bolt|0 fnt
|faint|p2a: Raging Bolt
|-end|p2a: Raging Bolt|Protosynthesis|[silent]
|
|upkeep
|
|t:|1757948050
|switch|p2a: Kingambit|Kingambit, F|100/100
|-damage|p2a: Kingambit|88/100|[from] Spikes
|-activate|p2a: Kingambit|ability: Supreme Overlord
|-start|p2a: Kingambit|fallen2|[silent]
|turn|6
|
|t:|1757948057
|switch|p1a: Vikavolt|Vikavolt, F|100/100
|move|p2a: Kingambit|Iron Head|p1a: Vikavolt
|-resisted|p1a: Vikavolt
|-damage|p1a: Vikavolt|74/100
|
|-heal|p2a: Kingambit|94/100|[from] item: Leftovers
|upkeep
|turn|7
|
|t:|1757948066
|move|p2a: Kingambit|Swords Dance|p2a: Kingambit
|-boost|p2a: Kingambit|atk|2
|move|p1a: Vikavolt|Volt Switch|p2a: Kingambit
|-damage|p2a: Kingambit|47/100
|
|t:|1757948071
|switch|p1a: Chesnaught|Chesnaught, M|100/100|[from] Volt Switch
|-activate|p1a: Chesnaught|move: Sticky Web
|-unboost|p1a: Chesnaught|spe|1
|
|-heal|p2a: Kingambit|53/100|[from] item: Leftovers
|upkeep
|turn|8
|
|t:|1757948092
|move|p2a: Kingambit|Iron Head|p1a: Chesnaught
|-damage|p1a: Chesnaught|40/100
|-damage|p2a: Kingambit|36/100|[from] item: Rocky Helmet|[of] p1a: Chesnaught
|move|p1a: Chesnaught|Knock Off|p2a: Kingambit
|-resisted|p2a: Kingambit
|-damage|p2a: Kingambit|27/100
|-enditem|p2a: Kingambit|Leftovers|[from] move: Knock Off|[of] p1a: Chesnaught
|
|upkeep
|turn|9
|
|t:|1757948100
|move|p1a: Chesnaught|Spiky Shield|p1a: Chesnaught
|-singleturn|p1a: Chesnaught|move: Protect
|move|p2a: Kingambit|Iron Head|p1a: Chesnaught
|-activate|p1a: Chesnaught|move: Protect
|-damage|p2a: Kingambit|14/100|[from] Spiky Shield|[of] p1a: Chesnaught
|
|upkeep
|turn|10
|
|t:|1757948107
|move|p2a: Kingambit|Iron Head|p1a: Chesnaught
|-damage|p1a: Chesnaught|0 fnt
|-damage|p2a: Kingambit|0 fnt|[from] item: Rocky Helmet|[of] p1a: Chesnaught
|faint|p1a: Chesnaught
|faint|p2a: Kingambit
|-end|p2a: Kingambit|fallen2|[silent]
|
|upkeep
|
|t:|1757948118
|switch|p2a: Iron Moth|Iron Moth|100/100
|switch|p1a: Slowking|Slowking-Galar, M|100/100
|-damage|p2a: Iron Moth|88/100|[from] Spikes
|-enditem|p2a: Iron Moth|Booster Energy
|-activate|p2a: Iron Moth|ability: Quark Drive|[fromitem]
|-start|p2a: Iron Moth|quarkdrivespa
|turn|11
|
|t:|1757948133
|move|p2a: Iron Moth|Substitute|p2a: Iron Moth
|-start|p2a: Iron Moth|Substitute
|-damage|p2a: Iron Moth|63/100
|move|p1a: Slowking|Future Sight|p2a: Iron Moth
|-start|p1a: Slowking|move: Future Sight
|
|upkeep
|turn|12
|
|t:|1757948138
|move|p2a: Iron Moth|Fiery Dance|p1a: Slowking
|-damage|p1a: Slowking|71/100
|move|p1a: Slowking|Shadow Ball|p2a: Iron Moth
|-activate|p2a: Iron Moth|move: Substitute|[damage]
|
|upkeep
|turn|13
|
|t:|1757948149
|-end|p2a: Iron Moth|Quark Drive|[silent]
|switch|p2a: Gholdengo|Gholdengo|100/100
|-item|p2a: Gholdengo|Air Balloon
|move|p1a: Slowking|Shadow Ball|p2a: Gholdengo
|-supereffective|p2a: Gholdengo
|-damage|p2a: Gholdengo|62/100
|-enditem|p2a: Gholdengo|Air Balloon
|
|-end|p2a: Gholdengo|move: Future Sight
|-resisted|p2a: Gholdengo
|-damage|p2a: Gholdengo|42/100
|upkeep
|turn|14
|
|t:|1757948164
|move|p2a: Gholdengo|Shadow Ball|p1a: Slowking
|-supereffective|p1a: Slowking
|-damage|p1a: Slowking|27/100
|-unboost|p1a: Slowking|spd|1
|move|p1a: Slowking|Shadow Ball|p2a: Gholdengo
|-supereffective|p2a: Gholdengo
|-damage|p2a: Gholdengo|6/100
|
|upkeep
|turn|15
|
|t:|1757948171
|switch|p1a: Vikavolt|Vikavolt, F|74/100
|move|p2a: Gholdengo|Recover|p2a: Gholdengo
|-heal|p2a: Gholdengo|56/100
|
|upkeep
|turn|16
|
|t:|1757948187
|move|p2a: Gholdengo|Shadow Ball|p1a: Vikavolt
|-damage|p1a: Vikavolt|33/100
|move|p1a: Vikavolt|Volt Switch|p2a: Gholdengo
|-damage|p2a: Gholdengo|14/100
|
|t:|1757948193
|switch|p1a: Samurott|Samurott-Hisui, M|100/100|[from] Volt Switch
|
|upkeep
|turn|17
|
|t:|1757948197
|move|p1a: Samurott|Aqua Cutter|p2a: Gholdengo
|-damage|p2a: Gholdengo|0 fnt
|faint|p2a: Gholdengo
|
|upkeep
|
|t:|1757948208
|switch|p2a: Ogerpon|Ogerpon-Wellspring, F|100/100
|-damage|p2a: Ogerpon|88/100|[from] Spikes
|turn|18
|
|t:|1757948212
|switch|p1a: Vikavolt|Vikavolt, F|33/100
|move|p2a: Ogerpon|Horn Leech|p1a: Vikavolt
|-resisted|p1a: Vikavolt
|-damage|p1a: Vikavolt|13/100
|-heal|p2a: Ogerpon|99/100|[from] drain|[of] p1a: Vikavolt
|
|upkeep
|turn|19
|
|t:|1757948219
|move|p2a: Ogerpon|Ivy Cudgel|p1a: Vikavolt|[anim] Ivy Cudgel Water
|-damage|p1a: Vikavolt|0 fnt
|faint|p1a: Vikavolt
|
|upkeep
|
|t:|1757948230
|switch|p1a: Slowking|Slowking-Galar, M|60/100
|turn|20
|
|t:|1757948237
|move|p2a: Ogerpon|Knock Off|p1a: Slowking
|-supereffective|p1a: Slowking
|-damage|p1a: Slowking|0 fnt
|-enditem|p1a: Slowking|Heavy-Duty Boots|[from] move: Knock Off|[of] p2a: Ogerpon
|faint|p1a: Slowking
|
|upkeep
|
|t:|1757948241
|switch|p1a: Landorus|Landorus-Therian, M, tera:Ice|100/100
|-activate|p1a: Landorus|move: Sticky Web
|-unboost|p1a: Landorus|spe|1
|-ability|p1a: Landorus|Intimidate|boost
|-unboost|p2a: Ogerpon|atk|1
|turn|21
|
|t:|1757948259
|move|p2a: Ogerpon|Swords Dance|p2a: Ogerpon
|-boost|p2a: Ogerpon|atk|2
|move|p1a: Landorus|U-turn|p2a: Ogerpon
|-supereffective|p2a: Ogerpon
|-damage|p2a: Ogerpon|24/100
|
|t:|1757948264
|switch|p1a: Samurott|Samurott-Hisui, M|100/100|[from] U-turn
|
|upkeep
|turn|22
|
|t:|1757948282
|switch|p2a: Iron Moth|Iron Moth|63/100
|-damage|p2a: Iron Moth|51/100|[from] Spikes
|move|p1a: Samurott|Sucker Punch||[still]
|-fail|p1a: Samurott
|
|upkeep
|turn|23
|
|t:|1757948295
|-terastallize|p2a: Iron Moth|Fairy
|move|p2a: Iron Moth|Dazzling Gleam|p1a: Samurott
|-supereffective|p1a: Samurott
|-damage|p1a: Samurott|0 fnt
|faint|p1a: Samurott
|
|upkeep
|
|t:|1757948299
|switch|p1a: Landorus|Landorus-Therian, M, tera:Ice|100/100
|-activate|p1a: Landorus|move: Sticky Web
|-unboost|p1a: Landorus|spe|1
|-ability|p1a: Landorus|Intimidate|boost
|-unboost|p2a: Iron Moth|atk|1
|turn|24
|
|t:|1757948311
|move|p2a: Iron Moth|Fiery Dance|p1a: Landorus
|-supereffective|p1a: Landorus
|-damage|p1a: Landorus|0 fnt
|-boost|p2a: Iron Moth|spa|1
|faint|p1a: Landorus
|
|win|Teatina
|raw|averagealt99's rating: 1446 &rarr; <strong>1427</strong><br />(-19 for losing)
|raw|Teatina's rating: 1455 &rarr; <strong>1474</strong><br />(+19 for winning)
|l|☆averagealt99
|player|p1|
|l|☆Teatina
|player|p2|
