|j|☆PatrickIV
|j|☆LovingsApprentice
|t:|1757945850
|gametype|singles
|player|p1|PatrickIV|lucas|1176
|player|p2|LovingsApprentice|170|1244
|gen|9
|tier|[Gen 9] OU
|rated|
|rule|HP Percentage Mod: HP is shown in percentages
|rule|Endless Battle Clause: Forcing endless battles is banned
|rule|Species Clause: Limit one of each Pokémon
|rule|OHKO Clause: OHKO moves are banned
|rule|Evasion Items Clause: Evasion items are banned
|rule|Evasion Moves Clause: Evasion moves are banned
|rule|Evasion Abilities Clause: Evasion abilities are banned
|rule|Sleep Moves Clause: Sleep-inducing moves are banned
|clearpoke
|poke|p1|Excadrill, F|
|poke|p1|Tyranitar, F|
|poke|p1|Garganacl, F|
|poke|p1|Skarmory, F|
|poke|p1|Dragapult, F|
|poke|p1|Alomomola, F|
|poke|p2|Lokix, M|
|poke|p2|Cinderace, F|
|poke|p2|Great Tusk|
|poke|p2|Alomomola, M|
|poke|p2|Enamorus, F|
|poke|p2|Slowking-Galar, M|
|teampreview
|inactive|Battle timer is ON: inactive players will automatically lose when time's up. (requested by PatrickIV)
|
|t:|1757945866
|teamsize|p1|6
|teamsize|p2|6
|start
|switch|p1a: Tyranitar|Tyranitar, F|100/100
|switch|p2a: Lokix|Lokix, M|100/100
|-weather|Sandstorm|[from] ability: Sand Stream|[of] p1a: Tyranitar
|turn|1
|
|t:|1757945884
|move|p2a: Lokix|U-turn|p1a: Tyranitar
|-supereffective|p1a: Tyranitar
|-damage|p1a: Tyranitar|28/100
|
|t:|1757945898
|switch|p2a: Great Tusk|Great Tusk|100/100|[from] U-turn
|move|p1a: Tyranitar|Thunder Wave|p2a: Great Tusk
|-immune|p2a: Great Tusk
|
|-weather|Sandstorm|[upkeep]
|upkeep
|turn|2
|
|t:|1757945912
|switch|p1a: Skarmory|Skarmory, F|100/100
|move|p2a: Great Tusk|Bulk Up|p2a: Great Tusk
|-boost|p2a: Great Tusk|atk|1
|-boost|p2a: Great Tusk|def|1
|
|-weather|Sandstorm|[upkeep]
|upkeep
|turn|3
|
|t:|1757945922
|move|p2a: Great Tusk|Knock Off|p1a: Skarmory
|-damage|p1a: Skarmory|76/100
|-damage|p2a: Great Tusk|84/100|[from] item: Rocky Helmet|[of] p1a: Skarmory
|-enditem|p1a: Skarmory|Rocky Helmet|[from] move: Knock Off|[of] p2a: Great Tusk
|move|p1a: Skarmory|Iron Defense|p1a: Skarmory
|-boost|p1a: Skarmory|def|2
|
|-weather|Sandstorm|[upkeep]
|-heal|p2a: Great Tusk|90/100|[from] item: Leftovers
|upkeep
|turn|4
|
|t:|1757945932
|move|p2a: Great Tusk|Bulk Up|p2a: Great Tusk
|-boost|p2a: Great Tusk|atk|1
|-boost|p2a: Great Tusk|def|1
|move|p1a: Skarmory|Body Press|p2a: Great Tusk
|-damage|p2a: Great Tusk|73/100
|
|-weather|Sandstorm|[upkeep]
|-heal|p2a: Great Tusk|80/100|[from] item: Leftovers
|upkeep
|turn|5
|
|t:|1757945942
|switch|p1a: Garganacl|Garganacl, F|100/100
|move|p2a: Great Tusk|Bulk Up|p2a: Great Tusk
|-boost|p2a: Great Tusk|atk|1
|-boost|p2a: Great Tusk|def|1
|
|-weather|none
|-heal|p2a: Great Tusk|86/100|[from] item: Leftovers
|upkeep
|turn|6
|
|t:|1757945952
|-terastallize|p1a: Garganacl|Water
|move|p2a: Great Tusk|Earthquake|p1a: Garganacl
|-damage|p1a: Garganacl|22/100
|move|p1a: Garganacl|Salt Cure|p2a: Great Tusk
|-resisted|p2a: Great Tusk
|-damage|p2a: Great Tusk|85/100
|-start|p2a: Great Tusk|Salt Cure
|
|-heal|p2a: Great Tusk|91/100|[from] item: Leftovers
|-damage|p2a: Great Tusk|79/100|[from] Salt Cure
|upkeep
|turn|7
|
|t:|1757945964
|move|p2a: Great Tusk|Earthquake|p1a: Garganacl
|-damage|p1a: Garganacl|0 fnt
|faint|p1a: Garganacl
|
|-heal|p2a: Great Tusk|85/100|[from] item: Leftovers
|-damage|p2a: Great Tusk|73/100|[from] Salt Cure
|upkeep
|
|t:|1757945975
|switch|p1a: Alomomola|Alomomola, F|100/100
|turn|8
|
|t:|1757945980
|move|p2a: Great Tusk|Knock Off|p1a: Alomomola
|-damage|p1a: Alomomola|55/100
|-enditem|p1a: Alomomola|Heavy-Duty Boots|[from] move: Knock Off|[of] p2a: Great Tusk
|move|p1a: Alomomola|Scald|p2a: Great Tusk
|-supereffective|p2a: Great Tusk
|-damage|p2a: Great Tusk|36/100
|
|-heal|p2a: Great Tusk|42/100|[from] item: Leftovers
|-damage|p2a: Great Tusk|30/100|[from] Salt Cure
|upkeep
|turn|9
|
|t:|1757945991
|move|p2a: Great Tusk|Earthquake|p1a: Alomomola
|-damage|p1a: Alomomola|0 fnt
|faint|p1a: Alomomola
|
|-heal|p2a: Great Tusk|36/100|[from] item: Leftovers
|-damage|p2a: Great Tusk|24/100|[from] Salt Cure
|upkeep
|
|t:|1757945998
|switch|p1a: Dragapult|Dragapult, F|100/100
|turn|10
|
|t:|1757946002
|-end|p2a: Great Tusk|Protosynthesis|[silent]
|switch|p2a: Slowking|Slowking-Galar, M|100/100
|move|p1a: Dragapult|Dragon Darts|p2a: Slowking
|-damage|p2a: Slowking|85/100
|-anim|p1a: Dragapult|Dragon Darts|p2a: Slowking
|-damage|p2a: Slowking|70/100
|
|upkeep
|turn|11
|
|t:|1757946013
|move|p1a: Dragapult|Will-O-Wisp|p2a: Slowking
|-status|p2a: Slowking|brn
|move|p2a: Slowking|Ice Beam|p1a: Dragapult
|-supereffective|p1a: Dragapult
|-damage|p1a: Dragapult|37/100
|
|-damage|p2a: Slowking|64/100 brn|[from] brn
|upkeep
|turn|12
|
|t:|1757946022
|move|p1a: Dragapult|Hex|p2a: Slowking
|-supereffective|p2a: Slowking
|-damage|p2a: Slowking|0 fnt
|faint|p2a: Slowking
|
|upkeep
|
|t:|1757946029
|switch|p2a: Lokix|Lokix, M|100/100
|turn|13
|
|t:|1757946033
|move|p2a: Lokix|First Impression|p1a: Dragapult
|-resisted|p1a: Dragapult
|-damage|p1a: Dragapult|0 fnt
|faint|p1a: Dragapult
|
|upkeep
|-message|PatrickIV forfeited.
|
|win|LovingsApprentice
|raw|PatrickIV's rating: 1176 &rarr; <strong>1156</strong><br />(-20 for losing)
|raw|LovingsApprentice's rating: 1244 &rarr; <strong>1264</strong><br />(+20 for winning)
|l|☆PatrickIV
|player|p1|
