|j|☆Randompina
|j|☆spreadcrosser
|t:|1757910885
|gametype|singles
|player|p1|Randompina|doctor|1211
|player|p2|spreadcrosser|266|1260
|gen|9
|tier|[Gen 9] OU
|rated|
|rule|HP Percentage Mod: HP is shown in percentages
|rule|Endless Battle Clause: Forcing endless battles is banned
|rule|Species Clause: Limit one of each Pokémon
|rule|OHKO Clause: OHKO moves are banned
|rule|Evasion Items Clause: Evasion items are banned
|rule|Evasion Moves Clause: Evasion moves are banned
|rule|Evasion Abilities Clause: Evasion abilities are banned
|rule|Sleep Moves Clause: Sleep-inducing moves are banned
|clearpoke
|poke|p1|Malamar, F|
|poke|p1|Ninetales-Alola, M|
|poke|p1|Enamorus, F|
|poke|p1|Hydrapple, M|
|poke|p1|Great Tusk|
|poke|p1|Zoroark-Hisui, M|
|poke|p2|Serperior, M|
|poke|p2|Kingambit, F|
|poke|p2|Excadrill, M|
|poke|p2|Iron Hands|
|poke|p2|Ceruledge, M|
|poke|p2|Raging Bolt|
|teampreview
|inactive|Battle timer is ON: inactive players will automatically lose when time's up. (requested by spreadcrosser)
|
|t:|1757910903
|teamsize|p1|6
|teamsize|p2|6
|start
|switch|p1a: Enamorus|Enamorus, F|100/100
|switch|p2a: Iron Hands|Iron Hands|100/100
|-enditem|p2a: Iron Hands|Booster Energy
|-activate|p2a: Iron Hands|ability: Quark Drive|[fromitem]
|-start|p2a: Iron Hands|quarkdriveatk
|turn|1
|
|t:|1757910913
|move|p1a: Enamorus|Superpower|p2a: Iron Hands
|-damage|p2a: Iron Hands|80/100
|-boost|p1a: Enamorus|atk|1
|-boost|p1a: Enamorus|def|1
|move|p2a: Iron Hands|Supercell Slam|p1a: Enamorus
|-supereffective|p1a: Enamorus
|-damage|p1a: Enamorus|0 fnt
|faint|p1a: Enamorus
|
|upkeep
|
|t:|1757910929
|switch|p1a: Great Tusk|Great Tusk|100/100
|-enditem|p1a: Great Tusk|Booster Energy
|-activate|p1a: Great Tusk|ability: Protosynthesis|[fromitem]
|-start|p1a: Great Tusk|protosynthesisdef
|turn|2
|inactive|spreadcrosser has 120 seconds left.
|
|t:|1757910971
|-terastallize|p2a: Iron Hands|Flying
|move|p1a: Great Tusk|Stealth Rock|p2a: Iron Hands
|-sidestart|p2: spreadcrosser|move: Stealth Rock
|move|p2a: Iron Hands|Swords Dance|p2a: Iron Hands
|-boost|p2a: Iron Hands|atk|2
|
|upkeep
|turn|3
|c|☆spreadcrosser|gross
|
|t:|1757910997
|move|p1a: Great Tusk|Body Press|p2a: Iron Hands
|-resisted|p2a: Iron Hands
|-damage|p2a: Iron Hands|64/100
|move|p2a: Iron Hands|Swords Dance|p2a: Iron Hands
|-boost|p2a: Iron Hands|atk|2
|
|upkeep
|turn|4
|
|t:|1757911006
|move|p1a: Great Tusk|Body Press|p2a: Iron Hands
|-resisted|p2a: Iron Hands
|-damage|p2a: Iron Hands|49/100
|move|p2a: Iron Hands|Drain Punch|p1a: Great Tusk
|-damage|p1a: Great Tusk|30/100
|-heal|p2a: Iron Hands|81/100|[from] drain|[of] p1a: Great Tusk
|
|upkeep
|turn|5
|
|t:|1757911014
|move|p1a: Great Tusk|Body Press|p2a: Iron Hands
|-resisted|p2a: Iron Hands
|-damage|p2a: Iron Hands|67/100
|move|p2a: Iron Hands|Ice Punch|p1a: Great Tusk
|-supereffective|p1a: Great Tusk
|-damage|p1a: Great Tusk|0 fnt
|faint|p1a: Great Tusk
|-end|p1a: Great Tusk|Protosynthesis|[silent]
|
|upkeep
|
|t:|1757911026
|switch|p1a: Ninetales|Ninetales-Alola, M, shiny|100/100
|-weather|Snowscape|[from] ability: Snow Warning|[of] p1a: Ninetales
|turn|6
|
|t:|1757911035
|move|p1a: Ninetales|Blizzard|p2a: Iron Hands
|-supereffective|p2a: Iron Hands
|-damage|p2a: Iron Hands|0 fnt
|faint|p2a: Iron Hands
|-end|p2a: Iron Hands|Quark Drive|[silent]
|
|-weather|Snowscape|[upkeep]
|upkeep
|
|t:|1757911039
|switch|p2a: Excadrill|Excadrill, M|100/100
|-damage|p2a: Excadrill|97/100|[from] Stealth Rock
|-ability|p2a: Excadrill|Mold Breaker
|turn|7
|
|t:|1757911047
|move|p1a: Ninetales|Blizzard|p2a: Excadrill
|-damage|p2a: Excadrill|37/100
|move|p2a: Excadrill|Rock Tomb|p1a: Ninetales
|-supereffective|p1a: Ninetales
|-damage|p1a: Ninetales|59/100
|-unboost|p1a: Ninetales|spe|1
|
|-weather|Snowscape|[upkeep]
|upkeep
|turn|8
|
|t:|1757911060
|move|p2a: Excadrill|Earthquake|p1a: Ninetales
|-damage|p1a: Ninetales|6/100
|move|p1a: Ninetales|Blizzard|p2a: Excadrill
|-damage|p2a: Excadrill|0 fnt
|faint|p2a: Excadrill
|
|-weather|Snowscape|[upkeep]
|upkeep
|
|t:|1757911064
|switch|p2a: Serperior|Serperior, M|100/100
|-damage|p2a: Serperior|88/100|[from] Stealth Rock
|turn|9
|
|t:|1757911075
|switch|p1a: Hydrapple|Hydrapple, M, shiny|100/100
|move|p2a: Serperior|Leaf Storm|p1a: Hydrapple
|-resisted|p1a: Hydrapple
|-damage|p1a: Hydrapple|94/100
|-boost|p2a: Serperior|spa|2
|
|-weather|Snowscape|[upkeep]
|-heal|p2a: Serperior|94/100|[from] item: Leftovers
|upkeep
|turn|10
|
|t:|1757911089
|move|p2a: Serperior|Dragon Pulse|p1a: Hydrapple
|-supereffective|p1a: Hydrapple
|-damage|p1a: Hydrapple|41/100
|move|p1a: Hydrapple|Draco Meteor|p2a: Serperior
|-damage|p2a: Serperior|15/100
|-unboost|p1a: Hydrapple|spa|2
|
|-weather|none
|-heal|p2a: Serperior|21/100|[from] item: Leftovers
|upkeep
|turn|11
|
|t:|1757911107
|switch|p1a: Ninetales|Ninetales-Alola, M, shiny|6/100
|-weather|Snowscape|[from] ability: Snow Warning|[of] p1a: Ninetales
|move|p2a: Serperior|Dragon Pulse|p1a: Ninetales
|-immune|p1a: Ninetales
|
|-weather|Snowscape|[upkeep]
|-heal|p2a: Serperior|27/100|[from] item: Leftovers
|upkeep
|turn|12
|
|t:|1757911121
|move|p2a: Serperior|Leaf Storm|p1a: Ninetales
|-damage|p1a: Ninetales|0 fnt
|-boost|p2a: Serperior|spa|2
|faint|p1a: Ninetales
|
|-weather|Snowscape|[upkeep]
|-heal|p2a: Serperior|33/100|[from] item: Leftovers
|upkeep
|
|t:|1757911130
|switch|p1a: Malamar|Malamar, F|100/100
|turn|13
|
|t:|1757911141
|move|p2a: Serperior|Leaf Storm|p1a: Malamar
|-enditem|p1a: Malamar|Focus Sash
|-damage|p1a: Malamar|1/100
|-boost|p2a: Serperior|spa|2
|replace|p1a: Zoroark|Zoroark-Hisui, M
|-end|p1a: Zoroark|Illusion
|move|p1a: Zoroark|Flamethrower|p2a: Serperior
|-supereffective|p2a: Serperior
|-damage|p2a: Serperior|0 fnt
|faint|p2a: Serperior
|
|-weather|Snowscape|[upkeep]
|upkeep
|
|t:|1757911151
|switch|p2a: Ceruledge|Ceruledge, M|100/100
|-damage|p2a: Ceruledge|76/100|[from] Stealth Rock
|turn|14
|
|t:|1757911157
|move|p2a: Ceruledge|Shadow Sneak|p1a: Zoroark
|-immune|p1a: Zoroark
|move|p1a: Zoroark|Bitter Malice|p2a: Ceruledge
|-supereffective|p2a: Ceruledge
|-damage|p2a: Ceruledge|0 fnt
|faint|p2a: Ceruledge
|
|-weather|Snowscape|[upkeep]
|upkeep
|
|t:|1757911165
|switch|p2a: Raging Bolt|Raging Bolt|100/100
|-damage|p2a: Raging Bolt|88/100|[from] Stealth Rock
|turn|15
|
|t:|1757911175
|switch|p1a: Hydrapple|Hydrapple, M, shiny|74/100
|move|p2a: Raging Bolt|Calm Mind|p2a: Raging Bolt
|-boost|p2a: Raging Bolt|spa|1
|-boost|p2a: Raging Bolt|spd|1
|
|-weather|none
|-heal|p2a: Raging Bolt|94/100|[from] item: Leftovers
|upkeep
|turn|16
|
|t:|1757911188
|move|p2a: Raging Bolt|Dragon Pulse|p1a: Hydrapple
|-supereffective|p1a: Hydrapple
|-damage|p1a: Hydrapple|0 fnt
|faint|p1a: Hydrapple
|
|-heal|p2a: Raging Bolt|100/100|[from] item: Leftovers
|upkeep
|
|t:|1757911195
|switch|p1a: Malamar|Malamar, F|100/100
|turn|17
|
|t:|1757911200
|move|p2a: Raging Bolt|Thunderbolt|p1a: Malamar
|-damage|p1a: Malamar|4/100
|move|p1a: Malamar|Superpower|p2a: Raging Bolt
|-damage|p2a: Raging Bolt|72/100
|-boost|p1a: Malamar|atk|1
|-boost|p1a: Malamar|def|1
|
|-heal|p2a: Raging Bolt|78/100|[from] item: Leftovers
|-heal|p1a: Malamar|10/100|[from] item: Leftovers
|upkeep
|turn|18
|
|t:|1757911213
|move|p2a: Raging Bolt|Thunderclap||[still]
|-fail|p2a: Raging Bolt
|move|p1a: Malamar|Trick Room|p1a: Malamar
|-fieldstart|move: Trick Room|[of] p1a: Malamar
|
|-heal|p1a: Malamar|16/100|[from] item: Leftovers
|-heal|p2a: Raging Bolt|84/100|[from] item: Leftovers
|upkeep
|turn|19
|
|t:|1757911227
|move|p2a: Raging Bolt|Thunderclap|p1a: Malamar
|-damage|p1a: Malamar|0 fnt
|faint|p1a: Malamar
|
|-heal|p2a: Raging Bolt|90/100|[from] item: Leftovers
|upkeep
|
|t:|1757911233
|switch|p1a: Zoroark|Zoroark-Hisui, M|1/100
|turn|20
|
|t:|1757911238
|move|p2a: Raging Bolt|Thunderclap|p1a: Zoroark
|-damage|p1a: Zoroark|0 fnt
|faint|p1a: Zoroark
|
|win|spreadcrosser
|raw|Randompina's rating: 1211 &rarr; <strong>1191</strong><br />(-20 for losing)
|raw|spreadcrosser's rating: 1285 &rarr; <strong>1305</strong><br />(+20 for winning)
|l|☆spreadcrosser
|player|p2|
|c|☆Randompina|Gg
|l|☆Randompina
|player|p1|
