|j|☆yuleeee
|j|☆ZroHdog
|t:|1757814826
|gametype|singles
|player|p1|yuleeee|n|1209
|player|p2|ZroHdog|wattson|1215
|gen|9
|tier|[Gen 9] OU
|rated|
|rule|HP Percentage Mod: HP is shown in percentages
|rule|Endless Battle Clause: Forcing endless battles is banned
|rule|Species Clause: Limit one of each Pokémon
|rule|OHKO Clause: OHKO moves are banned
|rule|Evasion Items Clause: Evasion items are banned
|rule|Evasion Moves Clause: Evasion moves are banned
|rule|Evasion Abilities Clause: Evasion abilities are banned
|rule|Sleep Moves Clause: Sleep-inducing moves are banned
|clearpoke
|poke|p1|Umbreon, M|
|poke|p1|Flareon, M|
|poke|p1|Sylveon, F|
|poke|p1|Espeon, F|
|poke|p1|Jolteon, M|
|poke|p1|Vaporeon, M|
|poke|p2|Braviary-Hisui, M|
|poke|p2|Zapdos-Galar|
|poke|p2|Talonflame, M|
|poke|p2|Moltres-Galar|
|poke|p2|Articuno, L50|
|poke|p2|Staraptor, M|
|teampreview
|inactive|Battle timer is ON: inactive players will automatically lose when time's up. (requested by yuleeee)
|
|t:|1757814850
|teamsize|p1|6
|teamsize|p2|6
|start
|switch|p1a: 水君|Vaporeon, M|100/100
|switch|p2a: Staraptor|Staraptor, M|100/100
|turn|1
|
|t:|1757814874
|move|p2a: Staraptor|Double-Edge|p1a: 水君
|-damage|p1a: 水君|31/100
|-damage|p2a: Staraptor|69/100|[from] Recoil
|move|p1a: 水君|Ice Beam|p2a: Staraptor
|-supereffective|p2a: Staraptor
|-damage|p2a: Staraptor|0 fnt
|faint|p2a: Staraptor
|
|upkeep
|
|t:|1757814886
|switch|p2a: Moltres|Moltres-Galar|100/100
|turn|2
|
|t:|1757814899
|switch|p1a: 露奈雅拉|Umbreon, M, shiny|100/100
|move|p2a: Moltres|Fiery Wrath|p1a: 露奈雅拉
|-resisted|p1a: 露奈雅拉
|-damage|p1a: 露奈雅拉|90/100
|
|upkeep
|turn|3
|
|t:|1757814916
|switch|p2a: Articuno|Articuno, L50|100/100
|-ability|p2a: Articuno|Pressure
|move|p1a: 露奈雅拉|Foul Play|p2a: Articuno
|-damage|p2a: Articuno|55/100
|
|upkeep
|turn|4
|
|t:|1757814929
|move|p1a: 露奈雅拉|Protect|p1a: 露奈雅拉
|-singleturn|p1a: 露奈雅拉|Protect
|move|p2a: Articuno|Light Screen|p2a: Articuno
|-sidestart|p2: ZroHdog|move: Light Screen
|
|upkeep
|turn|5
|
|t:|1757814936
|move|p1a: 露奈雅拉|Foul Play|p2a: Articuno
|-damage|p2a: Articuno|8/100
|move|p2a: Articuno|Tailwind|p2a: Articuno
|-sidestart|p2: ZroHdog|move: Tailwind
|
|upkeep
|turn|6
|
|t:|1757814943
|move|p2a: Articuno|Reflect|p2a: Articuno
|-sidestart|p2: ZroHdog|Reflect
|move|p1a: 露奈雅拉|Foul Play|p2a: Articuno
|-damage|p2a: Articuno|0 fnt
|faint|p2a: Articuno
|
|upkeep
|
|t:|1757814951
|switch|p2a: Zapdos|Zapdos-Galar|100/100
|turn|7
|
|t:|1757814962
|-terastallize|p1a: 露奈雅拉|Ghost
|move|p2a: Zapdos|Bulk Up|p2a: Zapdos
|-boost|p2a: Zapdos|atk|1
|-boost|p2a: Zapdos|def|1
|move|p1a: 露奈雅拉|Foul Play|p2a: Zapdos
|-resisted|p2a: Zapdos
|-damage|p2a: Zapdos|86/100
|
|-heal|p2a: Zapdos|92/100|[from] item: Leftovers
|upkeep
|turn|8
|
|t:|1757814976
|-terastallize|p2a: Zapdos|Steel
|move|p1a: 露奈雅拉|Protect|p1a: 露奈雅拉
|-singleturn|p1a: 露奈雅拉|Protect
|move|p2a: Zapdos|Bulk Up|p2a: Zapdos
|-boost|p2a: Zapdos|atk|1
|-boost|p2a: Zapdos|def|1
|
|-heal|p2a: Zapdos|99/100|[from] item: Leftovers
|-sideend|p2: ZroHdog|move: Tailwind
|upkeep
|turn|9
|
|t:|1757815000
|move|p2a: Zapdos|Bulk Up|p2a: Zapdos
|-boost|p2a: Zapdos|atk|1
|-boost|p2a: Zapdos|def|1
|move|p1a: 露奈雅拉|Taunt|p2a: Zapdos
|-start|p2a: Zapdos|move: Taunt
|
|-heal|p2a: Zapdos|100/100|[from] item: Leftovers
|upkeep
|turn|10
|
|t:|1757815012
|move|p1a: 露奈雅拉|Protect|p1a: 露奈雅拉
|-singleturn|p1a: 露奈雅拉|Protect
|move|p2a: Zapdos|Dual Wingbeat|p1a: 露奈雅拉
|-activate|p1a: 露奈雅拉|move: Protect
|
|upkeep
|turn|11
|
|t:|1757815023
|move|p2a: Zapdos|Dual Wingbeat|p1a: 露奈雅拉
|-damage|p1a: 露奈雅拉|52/100
|-damage|p2a: Zapdos|84/100|[from] item: Rocky Helmet|[of] p1a: 露奈雅拉
|-damage|p1a: 露奈雅拉|17/100
|-damage|p2a: Zapdos|68/100|[from] item: Rocky Helmet|[of] p1a: 露奈雅拉
|-hitcount|p1a: 露奈雅拉|2
|move|p1a: 露奈雅拉|Moonlight|p1a: 露奈雅拉
|-heal|p1a: 露奈雅拉|67/100
|
|-heal|p2a: Zapdos|74/100|[from] item: Leftovers
|-sideend|p2: ZroHdog|move: Light Screen
|upkeep
|turn|12
|
|t:|1757815036
|move|p1a: 露奈雅拉|Protect|p1a: 露奈雅拉
|-singleturn|p1a: 露奈雅拉|Protect
|move|p2a: Zapdos|Dual Wingbeat|p1a: 露奈雅拉
|-activate|p1a: 露奈雅拉|move: Protect
|
|-heal|p2a: Zapdos|80/100|[from] item: Leftovers
|-end|p2a: Zapdos|move: Taunt
|upkeep
|turn|13
|
|t:|1757815046
|move|p2a: Zapdos|Bulk Up|p2a: Zapdos
|-boost|p2a: Zapdos|atk|1
|-boost|p2a: Zapdos|def|1
|move|p1a: 露奈雅拉|Moonlight|p1a: 露奈雅拉
|-heal|p1a: 露奈雅拉|100/100
|
|-heal|p2a: Zapdos|86/100|[from] item: Leftovers
|-sideend|p2: ZroHdog|Reflect
|upkeep
|turn|14
|
|t:|1757815059
|move|p2a: Zapdos|Tailwind|p2a: Zapdos
|-sidestart|p2: ZroHdog|move: Tailwind
|move|p1a: 露奈雅拉|Foul Play|p2a: Zapdos
|-damage|p2a: Zapdos|32/100
|
|-heal|p2a: Zapdos|38/100|[from] item: Leftovers
|upkeep
|turn|15
|
|t:|1757815068
|move|p1a: 露奈雅拉|Protect|p1a: 露奈雅拉
|-singleturn|p1a: 露奈雅拉|Protect
|move|p2a: Zapdos|Dual Wingbeat|p1a: 露奈雅拉
|-activate|p1a: 露奈雅拉|move: Protect
|
|-heal|p2a: Zapdos|44/100|[from] item: Leftovers
|upkeep
|turn|16
|
|t:|1757815077
|move|p2a: Zapdos|Dual Wingbeat|p1a: 露奈雅拉
|-damage|p1a: 露奈雅拉|54/100
|-damage|p2a: Zapdos|28/100|[from] item: Rocky Helmet|[of] p1a: 露奈雅拉
|-damage|p1a: 露奈雅拉|10/100
|-damage|p2a: Zapdos|11/100|[from] item: Rocky Helmet|[of] p1a: 露奈雅拉
|-hitcount|p1a: 露奈雅拉|2
|move|p1a: 露奈雅拉|Foul Play|p2a: Zapdos
|-damage|p2a: Zapdos|0 fnt
|faint|p2a: Zapdos
|
|upkeep
|
|t:|1757815088
|switch|p2a: Talonflame|Talonflame, M|100/100
|turn|17
|
|t:|1757815095
|move|p1a: 露奈雅拉|Protect|p1a: 露奈雅拉
|-singleturn|p1a: 露奈雅拉|Protect
|move|p2a: Talonflame|Dual Wingbeat|p1a: 露奈雅拉
|-activate|p1a: 露奈雅拉|move: Protect
|
|-sideend|p2: ZroHdog|move: Tailwind
|upkeep
|turn|18
|
|t:|1757815103
|move|p2a: Talonflame|Dual Wingbeat|p1a: 露奈雅拉|[miss]
|-miss|p2a: Talonflame|p1a: 露奈雅拉
|move|p1a: 露奈雅拉|Moonlight|p1a: 露奈雅拉
|-heal|p1a: 露奈雅拉|60/100
|
|upkeep
|turn|19
|
|t:|1757815112
|move|p2a: Talonflame|Swords Dance|p2a: Talonflame
|-boost|p2a: Talonflame|atk|2
|move|p1a: 露奈雅拉|Moonlight|p1a: 露奈雅拉
|-heal|p1a: 露奈雅拉|100/100
|
|upkeep
|turn|20
|
|t:|1757815121
|move|p2a: Talonflame|Swords Dance|p2a: Talonflame
|-boost|p2a: Talonflame|atk|2
|move|p1a: 露奈雅拉|Taunt|p2a: Talonflame
|-start|p2a: Talonflame|move: Taunt
|
|upkeep
|turn|21
|
|t:|1757815132
|move|p2a: Talonflame|Temper Flare|p1a: 露奈雅拉
|-damage|p1a: 露奈雅拉|37/100
|-damage|p2a: Talonflame|84/100|[from] item: Rocky Helmet|[of] p1a: 露奈雅拉
|move|p1a: 露奈雅拉|Foul Play|p2a: Talonflame
|-damage|p2a: Talonflame|0 fnt
|faint|p2a: Talonflame
|
|upkeep
|
|t:|1757815144
|switch|p2a: Braviary|Braviary-Hisui, M|100/100
|turn|22
|
|t:|1757815154
|move|p1a: 露奈雅拉|Protect|p1a: 露奈雅拉
|-singleturn|p1a: 露奈雅拉|Protect
|move|p2a: Braviary|Esper Wing|p1a: 露奈雅拉
|-activate|p1a: 露奈雅拉|move: Protect
|
|upkeep
|turn|23
|
|t:|1757815162
|move|p2a: Braviary|Calm Mind|p2a: Braviary
|-boost|p2a: Braviary|spa|1
|-boost|p2a: Braviary|spd|1
|move|p1a: 露奈雅拉|Moonlight|p1a: 露奈雅拉
|-heal|p1a: 露奈雅拉|87/100
|
|upkeep
|turn|24
|
|t:|1757815173
|move|p2a: Braviary|Calm Mind|p2a: Braviary
|-boost|p2a: Braviary|spa|1
|-boost|p2a: Braviary|spd|1
|move|p1a: 露奈雅拉|Taunt|p2a: Braviary
|-start|p2a: Braviary|move: Taunt
|
|upkeep
|turn|25
|
|t:|1757815181
|move|p2a: Braviary|Esper Wing|p1a: 露奈雅拉
|-damage|p1a: 露奈雅拉|31/100
|-boost|p2a: Braviary|spe|1
|-damage|p2a: Braviary|91/100|[from] item: Life Orb
|move|p1a: 露奈雅拉|Foul Play|p2a: Braviary
|-supereffective|p2a: Braviary
|-crit|p2a: Braviary
|-damage|p2a: Braviary|0 fnt
|faint|p2a: Braviary
|
|upkeep
|
|t:|1757815192
|switch|p2a: Moltres|Moltres-Galar|100/100
|turn|26
|
|t:|1757815202
|move|p2a: Moltres|Hurricane|p1a: 露奈雅拉
|-damage|p1a: 露奈雅拉|4/100
|move|p1a: 露奈雅拉|Moonlight|p1a: 露奈雅拉
|-heal|p1a: 露奈雅拉|54/100
|
|upkeep
|turn|27
|
|t:|1757815212
|move|p2a: Moltres|Nasty Plot|p2a: Moltres
|-boost|p2a: Moltres|spa|2
|move|p1a: 露奈雅拉|Moonlight|p1a: 露奈雅拉
|-heal|p1a: 露奈雅拉|100/100
|
|upkeep
|turn|28
|
|t:|1757815223
|move|p2a: Moltres|Nasty Plot|p2a: Moltres
|-boost|p2a: Moltres|spa|2
|move|p1a: 露奈雅拉|Taunt|p2a: Moltres
|-start|p2a: Moltres|move: Taunt
|
|upkeep
|turn|29
|inactive|yuleeee has 120 seconds left.
|
|t:|1757815261
|switch|p1a: 雷公|Jolteon, M|100/100
|move|p2a: Moltres|Shadow Ball|p1a: 雷公
|-damage|p1a: 雷公|10/100
|
|upkeep
|turn|30
|inactive|yuleeee has 120 seconds left.
|
|t:|1757815272
|move|p1a: 雷公|Volt Switch|p2a: Moltres
|-supereffective|p2a: Moltres
|-damage|p2a: Moltres|7/100
|-enditem|p2a: Moltres|Weakness Policy
|-boost|p2a: Moltres|atk|2|[from] item: Weakness Policy
|-boost|p2a: Moltres|spa|2|[from] item: Weakness Policy
|
|t:|1757815279
|switch|p1a: 露奈雅拉|Umbreon, M, shiny, tera:Ghost|100/100|[from] Volt Switch
|move|p2a: Moltres|Shadow Ball|p1a: 露奈雅拉
|-supereffective|p1a: 露奈雅拉
|-damage|p1a: 露奈雅拉|0 fnt
|faint|p1a: 露奈雅拉
|
|upkeep
|
|t:|1757815288
|switch|p1a: 雷公|Jolteon, M|10/100
|turn|31
|inactive|yuleeee has 120 seconds left.
|
|t:|1757815294
|move|p1a: 雷公|Volt Switch|p2a: Moltres
|-supereffective|p2a: Moltres
|-damage|p2a: Moltres|0 fnt
|faint|p2a: Moltres
|
|win|yuleeee
|raw|yuleeee's rating: 1209 &rarr; <strong>1234</strong><br />(+25 for winning)
|raw|ZroHdog's rating: 1215 &rarr; <strong>1190</strong><br />(-25 for losing)
|l|☆ZroHdog
|player|p2|
|l|☆yuleeee
|player|p1|
|j|☆yuleeee
|player|p1|yuleeee|n|
|l|☆yuleeee
|player|p1|
|j| fashion people时尚人
|j| joggingAbC
|j| lilanhuo
|l| lilanhuo
|j| quqeee
|l| joggingAbC
|l| fashion people时尚人
|j| AnsonIsTheBest
|j| Zeraoracalledwatty
|l| Zeraoracalledwatty
|j| csdjgd
|l| AnsonIsTheBest
|l| quqeee
|l| csdjgd
|j| mz001
|l| mz001
|j| hheeii
|l| hheeii
|j| vywxiwjxjwk
|j| sz52g3
