|j|☆Djorz01
|j|☆slaafje
|t:|1757851884
|gametype|singles
|player|p1|Djorz01|gambler|1267
|player|p2|slaafje|102|1271
|gen|9
|tier|[Gen 9] OU
|rated|
|rule|HP Percentage Mod: HP is shown in percentages
|rule|Endless Battle Clause: Forcing endless battles is banned
|rule|Species Clause: Limit one of each Pokémon
|rule|OHKO Clause: OHKO moves are banned
|rule|Evasion Items Clause: Evasion items are banned
|rule|Evasion Moves Clause: Evasion moves are banned
|rule|Evasion Abilities Clause: Evasion abilities are banned
|rule|Sleep Moves Clause: Sleep-inducing moves are banned
|clearpoke
|poke|p1|Slaking, M|
|poke|p1|Slowking-Galar, M|
|poke|p1|Hoopa-Unbound|
|poke|p1|Great Tusk|
|poke|p1|Kingambit, F|
|poke|p1|Latios, M|
|poke|p2|Indeedee, M|
|poke|p2|Hatterene, F|
|poke|p2|Ursaluna, F|
|poke|p2|Iron Hands|
|poke|p2|Hoopa-Unbound|
|poke|p2|Mimikyu, F|
|teampreview
|
|t:|1757851897
|teamsize|p1|6
|teamsize|p2|6
|start
|switch|p1a: Slaking|Slaking, M|100/100
|switch|p2a: LEBRON|Iron Hands, shiny|100/100
|-enditem|p2a: LEBRON|Booster Energy
|-activate|p2a: LEBRON|ability: Quark Drive|[fromitem]
|-start|p2a: LEBRON|quarkdriveatk
|turn|1
|
|t:|1757851912
|-terastallize|p1a: Slaking|Ghost
|move|p2a: LEBRON|Close Combat|p1a: Slaking
|-immune|p1a: Slaking
|move|p1a: Slaking|Roar|p2a: LEBRON
|-end|p2a: LEBRON|Quark Drive|[silent]
|drag|p2a: Satella|Hatterene, F, shiny|100/100
|
|upkeep
|turn|2
|
|t:|1757851925
|switch|p1a: Hoopa|Hoopa-Unbound|100/100
|move|p2a: Satella|Trick Room|p2a: Satella
|-fieldstart|move: Trick Room|[of] p2a: Satella
|
|upkeep
|turn|3
|
|t:|1757851944
|move|p2a: Satella|Draining Kiss|p1a: Hoopa
|-supereffective|p1a: Hoopa
|-damage|p1a: Hoopa|28/100
|-damage|p2a: Satella|91/100|[from] item: Life Orb
|move|p1a: Hoopa|Hyperspace Fury|p2a: Satella
|-damage|p2a: Satella|0 fnt
|-unboost|p1a: Hoopa|def|1
|faint|p2a: Satella
|
|upkeep
|
|t:|1757851955
|switch|p2a: King Von|Hoopa-Unbound|100/100
|turn|4
|
|t:|1757851984
|switch|p1a: Great Tusk|Great Tusk|100/100
|move|p2a: King Von|Hyperspace Fury|p1a: Great Tusk
|-resisted|p1a: Great Tusk
|-damage|p1a: Great Tusk|82/100
|-unboost|p2a: King Von|def|1
|
|upkeep
|turn|5
|inactive|Battle timer is ON: inactive players will automatically lose when time's up. (requested by slaafje)
|
|t:|1757851992
|move|p2a: King Von|Expanding Force|p1a: Great Tusk
|-supereffective|p1a: Great Tusk
|-damage|p1a: Great Tusk|0 fnt
|faint|p1a: Great Tusk
|-end|p1a: Great Tusk|Protosynthesis|[silent]
|
|upkeep
|
|t:|1757851996
|switch|p1a: Kingambit|Kingambit, F|100/100
|-activate|p1a: Kingambit|ability: Supreme Overlord
|-start|p1a: Kingambit|fallen1|[silent]
|turn|6
|
|t:|1757852005
|move|p2a: King Von|Focus Blast|p1a: Kingambit|[miss]
|-miss|p2a: King Von|p1a: Kingambit
|move|p1a: Kingambit|Kowtow Cleave|p2a: King Von
|-damage|p2a: King Von|12/100
|
|-fieldend|move: Trick Room
|upkeep
|turn|7
|
|t:|1757852016
|switch|p2a: Subaru|Indeedee, M, shiny|100/100
|-fieldstart|move: Psychic Terrain|[from] ability: Psychic Surge|[of] p2a: Subaru
|move|p1a: Kingambit|Kowtow Cleave|p2a: Subaru
|-supereffective|p2a: Subaru
|-damage|p2a: Subaru|0 fnt
|faint|p2a: Subaru
|
|upkeep
|
|t:|1757852019
|switch|p2a: King Von|Hoopa-Unbound|12/100
|-enditem|p2a: King Von|Psychic Seed
|-boost|p2a: King Von|spd|1|[from] item: Psychic Seed
|turn|8
|
|t:|1757852036
|move|p1a: Kingambit|Kowtow Cleave|p2a: King Von
|-damage|p2a: King Von|0 fnt
|faint|p2a: King Von
|
|upkeep
|
|t:|1757852039
|switch|p2a: Mimi|Mimikyu, F, shiny|100/100
|turn|9
|
|t:|1757852044
|-end|p1a: Kingambit|fallen1|[silent]
|switch|p1a: Slowking|Slowking-Galar, M|100/100
|move|p2a: Mimi|Trick Room|p2a: Mimi
|-fieldstart|move: Trick Room|[of] p2a: Mimi
|
|upkeep
|turn|10
|
|t:|1757852050
|move|p1a: Slowking|Future Sight|p2a: Mimi
|-start|p1a: Slowking|move: Future Sight
|move|p2a: Mimi|Curse|p1a: Slowking
|-start|p1a: Slowking|Curse|[of] p2a: Mimi
|-damage|p2a: Mimi|50/100
|
|-damage|p1a: Slowking|76/100|[from] Curse
|upkeep
|turn|11
|
|t:|1757852062
|switch|p2a: Crashout YN|Ursaluna, F, shiny|100/100
|move|p1a: Slowking|Sludge Bomb|p2a: Crashout YN
|-resisted|p2a: Crashout YN
|-damage|p2a: Crashout YN|85/100
|
|-damage|p1a: Slowking|51/100|[from] Curse
|-status|p2a: Crashout YN|brn|[from] item: Flame Orb
|upkeep
|turn|12
|
|t:|1757852073
|switch|p1a: Slaking|Slaking, M, tera:Ghost|100/100
|move|p2a: Crashout YN|Facade|p1a: Slaking
|-immune|p1a: Slaking
|
|-end|p2a: Crashout YN|move: Future Sight
|-damage|p2a: Crashout YN|34/100 brn
|-damage|p2a: Crashout YN|27/100 brn|[from] brn
|upkeep
|turn|13
|
|t:|1757852091
|move|p2a: Crashout YN|Headlong Rush|p1a: Slaking
|-damage|p1a: Slaking|49/100
|-unboost|p2a: Crashout YN|def|1
|-unboost|p2a: Crashout YN|spd|1
|-damage|p2a: Crashout YN|11/100 brn|[from] item: Rocky Helmet|[of] p1a: Slaking
|move|p1a: Slaking|Slack Off|p1a: Slaking
|-heal|p1a: Slaking|99/100
|
|-damage|p2a: Crashout YN|5/100 brn|[from] brn
|-fieldend|move: Trick Room
|upkeep
|turn|14
|
|t:|1757852100
|switch|p1a: Latios|Latios, M|100/100
|move|p2a: Crashout YN|Headlong Rush|p1a: Latios
|-immune|p1a: Latios|[from] ability: Levitate
|
|-damage|p2a: Crashout YN|0 fnt|[from] brn
|faint|p2a: Crashout YN
|-fieldend|move: Psychic Terrain
|upkeep
|
|t:|1757852104
|switch|p2a: Mimi|Mimikyu, F, shiny|50/100
|turn|15
|
|t:|1757852110
|move|p1a: Latios|Flip Turn|p2a: Mimi
|-activate|p2a: Mimi|ability: Disguise
|-damage|p2a: Mimi|50/100
|detailschange|p2a: Mimi|Mimikyu-Busted, F, shiny
|-damage|p2a: Mimi|38/100|[from] pokemon: Mimikyu-Busted
|-enditem|p2a: Mimi|Red Card|[of] p1a: Latios
|drag|p1a: Slaking|Slaking, M, tera:Ghost|99/100
|move|p2a: Mimi|Trick Room|p2a: Mimi
|-fieldstart|move: Trick Room|[of] p2a: Mimi
|
|upkeep
|turn|16
|
|t:|1757852129
|move|p2a: Mimi|Curse|p1a: Slaking
|-start|p1a: Slaking|Curse|[of] p2a: Mimi
|-damage|p2a: Mimi|0 fnt
|faint|p2a: Mimi
|move|p1a: Slaking|Knock Off|p2: Mimi|[notarget]
|-fail|p1a: Slaking
|
|-damage|p1a: Slaking|74/100|[from] Curse
|upkeep
|
|t:|1757852135
|switch|p2a: LEBRON|Iron Hands, shiny|100/100
|turn|17
|
|t:|1757852154
|move|p2a: LEBRON|Ice Punch|p1a: Slaking
|-damage|p1a: Slaking|59/100
|-damage|p2a: LEBRON|84/100|[from] item: Rocky Helmet|[of] p1a: Slaking
|cant|p1a: Slaking|ability: Truant
|
|-damage|p1a: Slaking|34/100|[from] Curse
|upkeep
|turn|18
|
|t:|1757852164
|move|p2a: LEBRON|Close Combat|p1a: Slaking
|-immune|p1a: Slaking
|move|p1a: Slaking|Slack Off|p1a: Slaking
|-heal|p1a: Slaking|84/100
|
|-damage|p1a: Slaking|60/100|[from] Curse
|upkeep
|turn|19
|-message|slaafje forfeited.
|
|win|Djorz01
|raw|Djorz01's rating: 1267 &rarr; <strong>1292</strong><br />(+25 for winning)
|raw|slaafje's rating: 1271 &rarr; <strong>1246</strong><br />(-25 for losing)
|l|☆slaafje
|player|p2|
|l|☆Djorz01
|player|p1|
