|j|☆llNarull
|j|☆capitolg
|t:|1757827303
|gametype|singles
|player|p1|llNarull|hilbert-wonderlauncher|1225
|player|p2|capitolg|bellelba|1222
|gen|9
|tier|[Gen 9] OU
|rated|
|rule|HP Percentage Mod: HP is shown in percentages
|rule|Endless Battle Clause: Forcing endless battles is banned
|rule|Species Clause: Limit one of each Pokémon
|rule|OHKO Clause: OHKO moves are banned
|rule|Evasion Items Clause: Evasion items are banned
|rule|Evasion Moves Clause: Evasion moves are banned
|rule|Evasion Abilities Clause: Evasion abilities are banned
|rule|Sleep Moves Clause: Sleep-inducing moves are banned
|clearpoke
|poke|p1|Greninja-*, M|
|poke|p1|Gyarados, M|
|poke|p1|Dragonite, M|
|poke|p1|Zapdos|
|poke|p1|Skeledirge, M|
|poke|p1|Blissey, F|
|poke|p2|Vikavolt, F|
|poke|p2|Articuno-Galar|
|poke|p2|Smeargle, F|
|poke|p2|Empoleon, F|
|poke|p2|Passimian, M|
|poke|p2|Dusknoir, M|
|teampreview
|
|t:|1757827308
|teamsize|p1|6
|teamsize|p2|6
|start
|switch|p1a: Greninja|Greninja, M, shiny|100/100
|switch|p2a: Vikavolt|Vikavolt, F|100/100
|turn|1
|
|t:|1757827325
|move|p1a: Greninja|Sludge Wave|p2a: Vikavolt
|-start|p1a: Greninja|typechange|Poison|[from] ability: Protean
|-damage|p2a: Vikavolt|16/100
|-damage|p1a: Greninja|91/100|[from] item: Life Orb
|move|p2a: Vikavolt|Sticky Web|p1a: Greninja
|-sidestart|p1: llNarull|move: Sticky Web
|
|upkeep
|turn|2
|
|t:|1757827337
|move|p1a: Greninja|Surf|p2a: Vikavolt
|-damage|p2a: Vikavolt|0 fnt
|faint|p2a: Vikavolt
|-damage|p1a: Greninja|81/100|[from] item: Life Orb
|
|upkeep
|
|t:|1757827344
|switch|p2a: Smeargle|Smeargle, F|100/100
|turn|3
|
|t:|1757827349
|move|p1a: Greninja|Sludge Wave|p2a: Smeargle
|-damage|p2a: Smeargle|28/100
|-damage|p1a: Greninja|71/100|[from] item: Life Orb
|move|p2a: Smeargle|Trick Room|p2a: Smeargle
|-fieldstart|move: Trick Room|[of] p2a: Smeargle
|
|upkeep
|turn|4
|
|t:|1757827358
|move|p2a: Smeargle|Court Change|p2a: Smeargle
|-swapsideconditions
|-activate|p2a: Smeargle|move: Court Change
|move|p1a: Greninja|Sludge Wave|p2a: Smeargle
|-damage|p2a: Smeargle|0 fnt
|faint|p2a: Smeargle
|-damage|p1a: Greninja|61/100|[from] item: Life Orb
|
|upkeep
|
|t:|1757827361
|switch|p2a: Dusknoir|Dusknoir, M|100/100
|-activate|p2a: Dusknoir|move: Sticky Web
|-unboost|p2a: Dusknoir|spe|1
|-item|p1a: Greninja|Life Orb|[from] ability: Frisk|[of] p2a: Dusknoir
|turn|5
|
|t:|1757827372
|switch|p1a: Blissey|Blissey, F, shiny|100/100
|move|p2a: Dusknoir|Earthquake|p1a: Blissey
|-damage|p1a: Blissey|46/100
|
|-heal|p1a: Blissey|52/100|[from] item: Leftovers
|upkeep
|turn|6
|
|t:|1757827391
|switch|p1a: Skeledirge|Skeledirge, M, shiny|100/100
|move|p2a: Dusknoir|Earthquake|p1a: Skeledirge
|-supereffective|p1a: Skeledirge
|-damage|p1a: Skeledirge|65/100
|
|-heal|p1a: Skeledirge|71/100|[from] item: Leftovers
|upkeep
|turn|7
|
|t:|1757827399
|move|p2a: Dusknoir|Skill Swap|p1a: Skeledirge
|-activate|p2a: Dusknoir|move: Skill Swap|Unaware|Frisk|[of] p1a: Skeledirge
|-item|p2a: Dusknoir|Weakness Policy|[from] ability: Frisk|[of] p1a: Skeledirge
|move|p1a: Skeledirge|Will-O-Wisp|p2a: Dusknoir
|-status|p2a: Dusknoir|brn
|
|-heal|p1a: Skeledirge|77/100|[from] item: Leftovers
|-damage|p2a: Dusknoir|94/100 brn|[from] brn
|-fieldend|move: Trick Room
|upkeep
|turn|8
|
|t:|1757827413
|move|p1a: Skeledirge|Torch Song|p2a: Dusknoir
|-damage|p2a: Dusknoir|62/100 brn
|-boost|p1a: Skeledirge|spa|1
|move|p2a: Dusknoir|Poltergeist|p1a: Skeledirge
|-activate|p1a: Skeledirge|move: Poltergeist|Leftovers
|-supereffective|p1a: Skeledirge
|-damage|p1a: Skeledirge|47/100
|
|-heal|p1a: Skeledirge|53/100|[from] item: Leftovers
|-damage|p2a: Dusknoir|56/100 brn|[from] brn
|upkeep
|turn|9
|
|t:|1757827424
|move|p1a: Skeledirge|Slack Off|p1a: Skeledirge
|-heal|p1a: Skeledirge|100/100
|move|p2a: Dusknoir|Trick Room|p2a: Dusknoir
|-fieldstart|move: Trick Room|[of] p2a: Dusknoir
|
|-damage|p2a: Dusknoir|50/100 brn|[from] brn
|upkeep
|turn|10
|
|t:|1757827430
|move|p2a: Dusknoir|Poltergeist|p1a: Skeledirge
|-activate|p1a: Skeledirge|move: Poltergeist|Leftovers
|-supereffective|p1a: Skeledirge
|-crit|p1a: Skeledirge
|-damage|p1a: Skeledirge|57/100
|move|p1a: Skeledirge|Torch Song|p2a: Dusknoir
|-damage|p2a: Dusknoir|18/100 brn
|-boost|p1a: Skeledirge|spa|1
|
|-heal|p1a: Skeledirge|63/100|[from] item: Leftovers
|-damage|p2a: Dusknoir|12/100 brn|[from] brn
|upkeep
|turn|11
|
|t:|1757827441
|move|p2a: Dusknoir|Poltergeist|p1a: Skeledirge
|-activate|p1a: Skeledirge|move: Poltergeist|Leftovers
|-supereffective|p1a: Skeledirge
|-damage|p1a: Skeledirge|33/100
|move|p1a: Skeledirge|Slack Off|p1a: Skeledirge
|-heal|p1a: Skeledirge|83/100
|
|-heal|p1a: Skeledirge|89/100|[from] item: Leftovers
|-damage|p2a: Dusknoir|6/100 brn|[from] brn
|upkeep
|turn|12
|
|t:|1757827453
|move|p2a: Dusknoir|Poltergeist|p1a: Skeledirge
|-activate|p1a: Skeledirge|move: Poltergeist|Leftovers
|-supereffective|p1a: Skeledirge
|-damage|p1a: Skeledirge|61/100
|move|p1a: Skeledirge|Slack Off|p1a: Skeledirge
|-heal|p1a: Skeledirge|100/100
|
|-damage|p2a: Dusknoir|0 fnt|[from] brn
|faint|p2a: Dusknoir
|upkeep
|
|t:|1757827456
|switch|p2a: Empoleon|Empoleon, F|100/100
|-activate|p2a: Empoleon|move: Sticky Web
|-unboost|p2a: Empoleon|spe|1
|-ability|p2a: Empoleon|Competitive|boost
|-boost|p2a: Empoleon|spa|2
|turn|13
|
|t:|1757827469
|switch|p1a: Blissey|Blissey, F, shiny|52/100
|move|p2a: Empoleon|Surf|p1a: Blissey
|-damage|p1a: Blissey|23/100
|
|-heal|p1a: Blissey|29/100|[from] item: Leftovers
|-fieldend|move: Trick Room
|upkeep
|turn|14
|l|☆capitolg
|player|p2|
|inactive|Battle timer is ON: inactive players will automatically lose when time's up. (requested by llNarull)
|inactive|capitolg has 30 seconds to reconnect!
|inactive|capitolg has 20 seconds to reconnect!
|inactive|capitolg has 15 seconds to reconnect!
|inactive|capitolg has 10 seconds to reconnect!
|inactive|capitolg has 5 seconds to reconnect!
|-message|capitolg lost due to inactivity.
|
|win|llNarull
|raw|llNarull's rating: 1225 &rarr; <strong>1250</strong><br />(+25 for winning)
|raw|capitolg's rating: 1222 &rarr; <strong>1197</strong><br />(-25 for losing)
