|j|☆Air_Emicon
|j|☆SpinAga1n
|t:|1757867536
|gametype|singles
|player|p1|Air_Emicon|cynthia|1210
|player|p2|SpinAga1n|dawn-gen4pt|1258
|gen|9
|tier|[Gen 9] OU
|rated|
|rule|HP Percentage Mod: HP is shown in percentages
|rule|Endless Battle Clause: Forcing endless battles is banned
|rule|Species Clause: Limit one of each Pokémon
|rule|OHKO Clause: OHKO moves are banned
|rule|Evasion Items Clause: Evasion items are banned
|rule|Evasion Moves Clause: Evasion moves are banned
|rule|Evasion Abilities Clause: Evasion abilities are banned
|rule|Sleep Moves Clause: Sleep-inducing moves are banned
|clearpoke
|poke|p1|Haunter, M|
|poke|p1|Mismagius, M|
|poke|p1|Iron Valiant|
|poke|p1|Gengar, M|
|poke|p1|Froslass, F|
|poke|p1|Kingambit, M|
|poke|p2|Okidogi, M|
|poke|p2|Ogerpon-Wellspring, F|
|poke|p2|Darkrai|
|poke|p2|Great Tusk|
|poke|p2|Iron Leaves|
|poke|p2|Glastrier|
|teampreview
|inactive|Battle timer is ON: inactive players will automatically lose when time's up. (requested by SpinAga1n)
|
|t:|1757867544
|teamsize|p1|6
|teamsize|p2|6
|start
|switch|p1a: Froslass|Froslass, F|100/100
|switch|p2a: Glastrier|Glastrier|100/100
|turn|1
|
|t:|1757867551
|move|p1a: Froslass|Will-O-Wisp|p2a: Glastrier
|-status|p2a: Glastrier|brn
|move|p2a: Glastrier|Throat Chop|p1a: Froslass
|-supereffective|p1a: Froslass
|-damage|p1a: Froslass|38/100
|-start|p1a: Froslass|Throat Chop|[silent]
|
|-damage|p2a: Glastrier|94/100 brn|[from] brn
|upkeep
|turn|2
|
|t:|1757867570
|switch|p1a: Gengar|Gengar, M|100/100
|move|p2a: Glastrier|High Horsepower|p1a: Gengar
|-supereffective|p1a: Gengar
|-damage|p1a: Gengar|0 fnt
|faint|p1a: Gengar
|-ability|p2a: Glastrier|Chilling Neigh|boost
|-boost|p2a: Glastrier|atk|1
|
|-damage|p2a: Glastrier|88/100 brn|[from] brn
|upkeep
|
|t:|1757867575
|switch|p1a: Haunter|Haunter, M|100/100
|turn|3
|
|t:|1757867586
|move|p1a: Haunter|Destiny Bond|p1a: Haunter
|-singlemove|p1a: Haunter|Destiny Bond
|move|p2a: Glastrier|Throat Chop|p1a: Haunter
|-supereffective|p1a: Haunter
|-damage|p1a: Haunter|0 fnt
|faint|p1a: Haunter
|-activate|p1a: Haunter|move: Destiny Bond
|faint|p2a: Glastrier
|
|upkeep
|
|t:|1757867593
|switch|p1a: Froslass|Froslass, F|38/100
|switch|p2a: Iron Leaves|Iron Leaves|100/100
|-enditem|p2a: Iron Leaves|Booster Energy
|-activate|p2a: Iron Leaves|ability: Quark Drive|[fromitem]
|-start|p2a: Iron Leaves|quarkdriveatk
|turn|4
|
|t:|1757867608
|-end|p2a: Iron Leaves|Quark Drive|[silent]
|switch|p2a: Darkrai|Darkrai|100/100
|move|p1a: Froslass|Destiny Bond|p1a: Froslass
|-singlemove|p1a: Froslass|Destiny Bond
|
|upkeep
|turn|5
|
|t:|1757867611
|move|p1a: Froslass|Destiny Bond||[still]
|-fail|p1a: Froslass
|move|p2a: Darkrai|Nasty Plot|p2a: Darkrai
|-boost|p2a: Darkrai|spa|2
|
|upkeep
|turn|6
|
|t:|1757867616
|move|p1a: Froslass|Destiny Bond|p1a: Froslass
|-singlemove|p1a: Froslass|Destiny Bond
|move|p2a: Darkrai|Dark Pulse|p1a: Froslass
|-supereffective|p1a: Froslass
|-damage|p1a: Froslass|0 fnt
|-start|p2a: Darkrai|Disable|Dark Pulse|[from] ability: Cursed Body|[of] p1a: Froslass
|faint|p1a: Froslass
|-activate|p1a: Froslass|move: Destiny Bond
|faint|p2a: Darkrai
|
|upkeep
|
|t:|1757867632
|switch|p2a: Okidogi|Okidogi, M|100/100
|switch|p1a: Mismagius|Mismagius, M|100/100
|turn|7
|
|t:|1757867641
|move|p1a: Mismagius|Will-O-Wisp|p2a: Okidogi
|-status|p2a: Okidogi|brn
|move|p2a: Okidogi|Crunch|p1a: Mismagius
|-supereffective|p1a: Mismagius
|-damage|p1a: Mismagius|0 fnt
|faint|p1a: Mismagius
|-damage|p2a: Okidogi|91/100 brn|[from] item: Life Orb
|
|-damage|p2a: Okidogi|85/100 brn|[from] brn
|upkeep
|
|t:|1757867645
|switch|p1a: Iron Valiant|Iron Valiant|100/100
|-enditem|p1a: Iron Valiant|Booster Energy
|-activate|p1a: Iron Valiant|ability: Quark Drive|[fromitem]
|-start|p1a: Iron Valiant|quarkdrivespe
|turn|8
|
|t:|1757867655
|move|p1a: Iron Valiant|Psychic|p2a: Okidogi
|-supereffective|p2a: Okidogi
|-damage|p2a: Okidogi|0 fnt
|faint|p2a: Okidogi
|
|upkeep
|
|t:|1757867659
|switch|p2a: Iron Leaves|Iron Leaves|100/100
|turn|9
|
|t:|1757867677
|move|p1a: Iron Valiant|Thunder Wave|p2a: Iron Leaves
|-status|p2a: Iron Leaves|par
|cant|p2a: Iron Leaves|par
|
|upkeep
|turn|10
|
|t:|1757867685
|move|p1a: Iron Valiant|Hex|p2a: Iron Leaves
|-supereffective|p2a: Iron Leaves
|-damage|p2a: Iron Leaves|10/100 par
|move|p2a: Iron Leaves|Psyblade|p1a: Iron Valiant
|-supereffective|p1a: Iron Valiant
|-damage|p1a: Iron Valiant|0 fnt
|faint|p1a: Iron Valiant
|-end|p1a: Iron Valiant|Quark Drive|[silent]
|
|upkeep
|
|t:|1757867690
|switch|p1a: Kingambit|Kingambit, M, shiny|100/100
|-activate|p1a: Kingambit|ability: Supreme Overlord
|-start|p1a: Kingambit|fallen5|[silent]
|turn|11
|
|t:|1757867697
|cant|p2a: Iron Leaves|par
|move|p1a: Kingambit|Swords Dance|p1a: Kingambit
|-boost|p1a: Kingambit|atk|2
|
|upkeep
|turn|12
|
|t:|1757867704
|cant|p2a: Iron Leaves|par
|move|p1a: Kingambit|Kowtow Cleave|p2a: Iron Leaves
|-supereffective|p2a: Iron Leaves
|-damage|p2a: Iron Leaves|0 fnt
|faint|p2a: Iron Leaves
|-end|p2a: Iron Leaves|Quark Drive|[silent]
|
|upkeep
|
|t:|1757867710
|switch|p2a: Great Tusk|Great Tusk|100/100
|-enditem|p2a: Great Tusk|Booster Energy
|-activate|p2a: Great Tusk|ability: Protosynthesis|[fromitem]
|-start|p2a: Great Tusk|protosynthesisatk
|turn|13
|
|t:|1757867727
|-terastallize|p1a: Kingambit|Dark
|move|p1a: Kingambit|Sucker Punch|p2a: Great Tusk
|-resisted|p2a: Great Tusk
|-damage|p2a: Great Tusk|46/100
|move|p2a: Great Tusk|Close Combat|p1a: Kingambit
|-supereffective|p1a: Kingambit
|-damage|p1a: Kingambit|0 fnt
|-unboost|p2a: Great Tusk|def|1
|-unboost|p2a: Great Tusk|spd|1
|faint|p1a: Kingambit
|-end|p1a: Kingambit|fallen5|[silent]
|
|win|SpinAga1n
|raw|Air_Emicon's rating: 1210 &rarr; <strong>1188</strong><br />(-22 for losing)
|raw|SpinAga1n's rating: 1258 &rarr; <strong>1280</strong><br />(+22 for winning)
|l|☆SpinAga1n
|player|p2|
|l|☆Air_Emicon
|player|p1|
