|j|☆LaFrappedu13
|j|☆heatedrhombus
|t:|1757915187
|gametype|singles
|player|p1|LaFrappedu13|ethan|1303
|player|p2|heatedrhombus|2|1353
|gen|9
|tier|[Gen 9] OU
|rated|
|rule|HP Percentage Mod: HP is shown in percentages
|rule|Endless Battle Clause: Forcing endless battles is banned
|rule|Species Clause: Limit one of each Pokémon
|rule|OHKO Clause: OHKO moves are banned
|rule|Evasion Items Clause: Evasion items are banned
|rule|Evasion Moves Clause: Evasion moves are banned
|rule|Evasion Abilities Clause: Evasion abilities are banned
|rule|Sleep Moves Clause: Sleep-inducing moves are banned
|clearpoke
|poke|p1|Torkoal, M|
|poke|p1|Walking Wake|
|poke|p1|Hatterene, F|
|poke|p1|Great Tusk|
|poke|p1|Venusaur, F|
|poke|p1|Kingambit, F|
|poke|p2|Entei|
|poke|p2|Iron Boulder|
|poke|p2|Samurott-Hisui, F|
|poke|p2|Ceruledge, M|
|poke|p2|Dragapult, F|
|poke|p2|Great Tusk|
|teampreview
|inactive|Battle timer is ON: inactive players will automatically lose when time's up. (requested by LaFrappedu13)
|inactive|heatedrhombus also wants the timer to be on.
|
|t:|1757915194
|teamsize|p1|6
|teamsize|p2|6
|start
|switch|p1a: Torkoal|Torkoal, M|100/100
|switch|p2a: Samurott|Samurott-Hisui, F|100/100
|-weather|SunnyDay|[from] ability: Drought|[of] p1a: Torkoal
|turn|1
|
|t:|1757915204
|move|p2a: Samurott|Ceaseless Edge|p1a: Torkoal|[miss]
|-miss|p2a: Samurott|p1a: Torkoal
|move|p1a: Torkoal|Will-O-Wisp|p2a: Samurott|[miss]
|-miss|p1a: Torkoal|p2a: Samurott
|
|-weather|SunnyDay|[upkeep]
|upkeep
|turn|2
|
|t:|1757915211
|move|p2a: Samurott|Knock Off|p1a: Torkoal
|-damage|p1a: Torkoal|76/100
|-enditem|p1a: Torkoal|Heat Rock|[from] move: Knock Off|[of] p2a: Samurott
|move|p1a: Torkoal|Stealth Rock|p2a: Samurott
|-sidestart|p2: heatedrhombus|move: Stealth Rock
|
|-weather|SunnyDay|[upkeep]
|upkeep
|turn|3
|c|☆LaFrappedu13|lmao
|
|t:|1757915219
|switch|p1a: Walking Wake|Walking Wake|100/100
|-activate|p1a: Walking Wake|ability: Protosynthesis
|-start|p1a: Walking Wake|protosynthesisspe
|move|p2a: Samurott|Ceaseless Edge|p1a: Walking Wake
|-damage|p1a: Walking Wake|52/100
|-sidestart|p1: LaFrappedu13|Spikes
|
|-weather|SunnyDay|[upkeep]
|upkeep
|turn|4
|
|t:|1757915229
|move|p1a: Walking Wake|Draco Meteor|p2a: Samurott
|-damage|p2a: Samurott|0 fnt
|-unboost|p1a: Walking Wake|spa|2
|faint|p2a: Samurott
|
|-weather|SunnyDay|[upkeep]
|upkeep
|
|t:|1757915238
|switch|p2a: Entei|Entei|100/100
|-ability|p2a: Entei|Pressure
|turn|5
|
|t:|1757915243
|-end|p1a: Walking Wake|Protosynthesis|[silent]
|switch|p1a: Great Tusk|Great Tusk|100/100
|-activate|p1a: Great Tusk|ability: Protosynthesis
|-start|p1a: Great Tusk|protosynthesisspe
|move|p2a: Entei|Sacred Fire|p1a: Great Tusk
|-damage|p1a: Great Tusk|53/100
|-status|p1a: Great Tusk|brn
|
|-weather|SunnyDay|[upkeep]
|-damage|p1a: Great Tusk|47/100 brn|[from] brn
|upkeep
|turn|6
|
|t:|1757915255
|switch|p2a: Ceruledge|Ceruledge, M|100/100
|move|p1a: Great Tusk|Ice Spinner|p2a: Ceruledge
|-resisted|p2a: Ceruledge
|-damage|p2a: Ceruledge|93/100
|-ability|p2a: Ceruledge|Weak Armor|boost
|-unboost|p2a: Ceruledge|def|1
|-boost|p2a: Ceruledge|spe|2
|
|-weather|SunnyDay|[upkeep]
|-damage|p1a: Great Tusk|40/100 brn|[from] brn
|upkeep
|turn|7
|
|t:|1757915269
|move|p2a: Ceruledge|Bulk Up|p2a: Ceruledge
|-boost|p2a: Ceruledge|atk|1
|-boost|p2a: Ceruledge|def|1
|move|p1a: Great Tusk|Headlong Rush|p2a: Ceruledge
|-supereffective|p2a: Ceruledge
|-damage|p2a: Ceruledge|16/100
|-unboost|p1a: Great Tusk|def|1
|-unboost|p1a: Great Tusk|spd|1
|-ability|p2a: Ceruledge|Weak Armor|boost
|-unboost|p2a: Ceruledge|def|1
|-boost|p2a: Ceruledge|spe|2
|
|-weather|SunnyDay|[upkeep]
|-damage|p1a: Great Tusk|34/100 brn|[from] brn
|upkeep
|turn|8
|
|t:|1757915282
|move|p2a: Ceruledge|Bitter Blade|p1a: Great Tusk
|-damage|p1a: Great Tusk|0 fnt
|-heal|p2a: Ceruledge|41/100|[from] drain|[of] p1a: Great Tusk
|faint|p1a: Great Tusk
|-end|p1a: Great Tusk|Protosynthesis|[silent]
|
|-weather|none
|upkeep
|
|t:|1757915289
|switch|p1a: Kingambit|Kingambit, F, shiny|100/100
|-damage|p1a: Kingambit|88/100|[from] Spikes
|-activate|p1a: Kingambit|ability: Supreme Overlord
|-start|p1a: Kingambit|fallen1|[silent]
|turn|9
|
|t:|1757915294
|move|p1a: Kingambit|Sucker Punch||[still]
|-fail|p1a: Kingambit
|move|p2a: Ceruledge|Bulk Up|p2a: Ceruledge
|-boost|p2a: Ceruledge|atk|1
|-boost|p2a: Ceruledge|def|1
|
|-heal|p1a: Kingambit|94/100|[from] item: Leftovers
|upkeep
|turn|10
|
|t:|1757915301
|move|p2a: Ceruledge|Bitter Blade|p1a: Kingambit
|-supereffective|p1a: Kingambit
|-damage|p1a: Kingambit|0 fnt
|-heal|p2a: Ceruledge|99/100|[from] drain|[of] p1a: Kingambit
|faint|p1a: Kingambit
|-end|p1a: Kingambit|fallen1|[silent]
|
|upkeep
|l|☆LaFrappedu13
|inactive|LaFrappedu13 disconnected and has a minute to reconnect!
|player|p1|
|inactive|LaFrappedu13 has 30 seconds to reconnect!
|inactive|LaFrappedu13 has 20 seconds to reconnect!
|inactive|LaFrappedu13 has 15 seconds to reconnect!
|inactive|LaFrappedu13 has 10 seconds to reconnect!
|inactive|LaFrappedu13 has 5 seconds to reconnect!
|-message|LaFrappedu13 lost due to inactivity.
|
|win|heatedrhombus
|raw|LaFrappedu13's rating: 1303 &rarr; <strong>1286</strong><br />(-17 for losing)
|raw|heatedrhombus's rating: 1353 &rarr; <strong>1370</strong><br />(+17 for winning)
|l|☆heatedrhombus
|player|p2|
