|j|☆4DEF+4SPD=GG
|j|☆ganese
|t:|1757863737
|gametype|singles
|player|p1|4DEF+4SPD=GG|preschooler|1361
|player|p2|ganese|265|1398
|gen|9
|tier|[Gen 9] OU
|rated|
|rule|HP Percentage Mod: HP is shown in percentages
|rule|Endless Battle Clause: Forcing endless battles is banned
|rule|Species Clause: Limit one of each Pokémon
|rule|OHKO Clause: OHKO moves are banned
|rule|Evasion Items Clause: Evasion items are banned
|rule|Evasion Moves Clause: Evasion moves are banned
|rule|Evasion Abilities Clause: Evasion abilities are banned
|rule|Sleep Moves Clause: Sleep-inducing moves are banned
|clearpoke
|poke|p1|Tyranitar, M|
|poke|p1|Excadrill, M|
|poke|p1|Corviknight, M|
|poke|p1|Glimmora, M|
|poke|p1|Hippowdon, M|
|poke|p1|Scizor, M|
|poke|p2|Ogerpon-Wellspring, F|
|poke|p2|Lokix, F|
|poke|p2|Slowking-Galar, M|
|poke|p2|Dragonite, F|
|poke|p2|Great Tusk|
|poke|p2|Samurott-Hisui, F|
|teampreview
|inactive|Battle timer is ON: inactive players will automatically lose when time's up. (requested by 4DEF+4SPD=GG)
|
|t:|1757863758
|teamsize|p1|6
|teamsize|p2|6
|start
|switch|p1a: Scizor|Scizor, M|100/100
|switch|p2a: D4C|Samurott-Hisui, F|100/100
|turn|1
|
|t:|1757863761
|switch|p2a: Tusk|Great Tusk|100/100
|move|p1a: Scizor|U-turn|p2a: Tusk
|-resisted|p2a: Tusk
|-damage|p2a: Tusk|80/100
|-damage|p1a: Scizor|84/100|[from] item: Rocky Helmet|[of] p2a: Tusk
|
|t:|1757863773
|switch|p1a: Corviknight|Corviknight, M|100/100|[from] U-turn
|
|upkeep
|turn|2
|
|t:|1757863780
|-end|p2a: Tusk|Protosynthesis|[silent]
|switch|p2a: Purple Haze|Slowking-Galar, M|100/100
|move|p1a: Corviknight|Brave Bird|p2a: Purple Haze
|-damage|p2a: Purple Haze|65/100
|-damage|p1a: Corviknight|89/100|[from] Recoil
|
|upkeep
|turn|3
|
|t:|1757863783
|move|p1a: Corviknight|U-turn|p2a: Purple Haze
|-damage|p2a: Purple Haze|49/100
|
|t:|1757863786
|switch|p1a: Scizor|Scizor, M|84/100|[from] U-turn
|-prepare|p2a: Purple Haze|Chilly Reception|[premajor]
|move|p2a: Purple Haze|Chilly Reception|p2a: Purple Haze
|-weather|Snowscape
|
|t:|1757863795
|switch|p2a: Tusk|Great Tusk|80/100|[from] Chilly Reception
|
|-weather|Snowscape|[upkeep]
|upkeep
|turn|4
|
|t:|1757863805
|move|p2a: Tusk|Stealth Rock|p1a: Scizor
|-sidestart|p1: 4DEF+4SPD=GG|move: Stealth Rock
|move|p1a: Scizor|U-turn|p2a: Tusk
|-resisted|p2a: Tusk
|-damage|p2a: Tusk|60/100
|-damage|p1a: Scizor|67/100|[from] item: Rocky Helmet|[of] p2a: Tusk
|
|t:|1757863806
|switch|p1a: Corviknight|Corviknight, M|89/100|[from] U-turn
|-damage|p1a: Corviknight|76/100|[from] Stealth Rock
|
|-weather|Snowscape|[upkeep]
|upkeep
|turn|5
|
|t:|1757863820
|move|p2a: Tusk|Knock Off|p1a: Corviknight
|-damage|p1a: Corviknight|60/100
|-damage|p2a: Tusk|44/100|[from] item: Rocky Helmet|[of] p1a: Corviknight
|-enditem|p1a: Corviknight|Rocky Helmet|[from] move: Knock Off|[of] p2a: Tusk
|move|p1a: Corviknight|Defog|p2a: Tusk
|-unboost|p2a: Tusk|evasion|1
|-sideend|p1: 4DEF+4SPD=GG|Stealth Rock|[from] move: Defog|[of] p1a: Corviknight
|
|-weather|Snowscape|[upkeep]
|upkeep
|turn|6
|
|t:|1757863827
|-end|p2a: Tusk|Protosynthesis|[silent]
|switch|p2a: Purple Haze|Slowking-Galar, M|83/100
|move|p1a: Corviknight|U-turn|p2a: Purple Haze
|-damage|p2a: Purple Haze|69/100
|
|t:|1757863829
|switch|p1a: Scizor|Scizor, M|67/100|[from] U-turn
|
|-weather|Snowscape|[upkeep]
|upkeep
|turn|7
|
|t:|1757863836
|move|p1a: Scizor|U-turn|p2a: Purple Haze
|-damage|p2a: Purple Haze|3/100
|
|t:|1757863838
|switch|p1a: Corviknight|Corviknight, M|60/100|[from] U-turn
|-prepare|p2a: Purple Haze|Chilly Reception|[premajor]
|move|p2a: Purple Haze|Chilly Reception|p2a: Purple Haze
|
|t:|1757863842
|switch|p2a: Ogerpon|Ogerpon-Wellspring, F|100/100|[from] Chilly Reception
|
|-weather|none
|upkeep
|turn|8
|
|t:|1757863851
|move|p2a: Ogerpon|Ivy Cudgel|p1a: Corviknight|[anim] Ivy Cudgel Water
|-damage|p1a: Corviknight|27/100
|move|p1a: Corviknight|Brave Bird|p2a: Ogerpon
|-supereffective|p2a: Ogerpon
|-damage|p2a: Ogerpon|0 fnt
|faint|p2a: Ogerpon
|-damage|p1a: Corviknight|2/100|[from] Recoil
|
|upkeep
|
|t:|1757863863
|switch|p2a: D4C|Samurott-Hisui, F|100/100
|turn|9
|
|t:|1757863866
|move|p2a: D4C|Ceaseless Edge|p1a: Corviknight
|-damage|p1a: Corviknight|0 fnt
|-sidestart|p1: 4DEF+4SPD=GG|Spikes
|faint|p1a: Corviknight
|
|upkeep
|
|t:|1757863868
|switch|p1a: Scizor|Scizor, M|67/100
|-damage|p1a: Scizor|55/100|[from] Spikes
|turn|10
|
|t:|1757863870
|switch|p2a: Tusk|Great Tusk|44/100
|move|p1a: Scizor|U-turn|p2a: Tusk
|-resisted|p2a: Tusk
|-damage|p2a: Tusk|24/100
|-damage|p1a: Scizor|38/100|[from] item: Rocky Helmet|[of] p2a: Tusk
|
|t:|1757863874
|switch|p1a: Hippowdon|Hippowdon, M|100/100|[from] U-turn
|-damage|p1a: Hippowdon|88/100|[from] Spikes
|-weather|Sandstorm|[from] ability: Sand Stream|[of] p1a: Hippowdon
|
|-weather|Sandstorm|[upkeep]
|upkeep
|turn|11
|
|t:|1757863895
|move|p2a: Tusk|Stealth Rock|p1a: Hippowdon
|-sidestart|p1: 4DEF+4SPD=GG|move: Stealth Rock
|move|p1a: Hippowdon|Stealth Rock|p2a: Tusk
|-sidestart|p2: ganese|move: Stealth Rock
|
|-weather|Sandstorm|[upkeep]
|upkeep
|turn|12
|
|t:|1757863900
|move|p2a: Tusk|Rapid Spin|p1a: Hippowdon
|-damage|p1a: Hippowdon|80/100
|-boost|p2a: Tusk|spe|1
|-sideend|p2: ganese|Stealth Rock|[from] move: Rapid Spin|[of] p2a: Tusk
|move|p1a: Hippowdon|Bulldoze|p2a: Tusk
|-damage|p2a: Tusk|11/100
|-unboost|p2a: Tusk|spe|1
|
|-weather|Sandstorm|[upkeep]
|upkeep
|turn|13
|
|t:|1757863907
|move|p2a: Tusk|Knock Off|p1a: Hippowdon
|-damage|p1a: Hippowdon|66/100
|-enditem|p1a: Hippowdon|Smooth Rock|[from] move: Knock Off|[of] p2a: Tusk
|move|p1a: Hippowdon|Bulldoze|p2a: Tusk
|-crit|p2a: Tusk
|-damage|p2a: Tusk|0 fnt
|faint|p2a: Tusk
|-end|p2a: Tusk|Protosynthesis|[silent]
|
|-weather|Sandstorm|[upkeep]
|upkeep
|
|t:|1757863913
|switch|p2a: D4C|Samurott-Hisui, F|100/100
|turn|14
|
|t:|1757863917
|move|p2a: D4C|Razor Shell|p1a: Hippowdon
|-supereffective|p1a: Hippowdon
|-damage|p1a: Hippowdon|19/100
|move|p1a: Hippowdon|Stealth Rock|p2a: D4C
|-sidestart|p2: ganese|move: Stealth Rock
|
|-weather|Sandstorm|[upkeep]
|-damage|p2a: D4C|94/100|[from] Sandstorm
|upkeep
|turn|15
|
|t:|1757863927
|move|p2a: D4C|Ceaseless Edge|p1a: Hippowdon
|-damage|p1a: Hippowdon|0 fnt
|-sidestart|p1: 4DEF+4SPD=GG|Spikes
|faint|p1a: Hippowdon
|
|-weather|Sandstorm|[upkeep]
|-damage|p2a: D4C|88/100|[from] Sandstorm
|upkeep
|
|t:|1757863937
|switch|p1a: Excadrill|Excadrill, M|100/100
|-damage|p1a: Excadrill|84/100|[from] Spikes
|-damage|p1a: Excadrill|81/100|[from] Stealth Rock
|turn|16
|
|t:|1757863942
|move|p2a: D4C|Sucker Punch|p1a: Excadrill
|-damage|p1a: Excadrill|41/100
|move|p1a: Excadrill|Rapid Spin|p2a: D4C
|-damage|p2a: D4C|67/100
|-boost|p1a: Excadrill|spe|1
|-sideend|p1: 4DEF+4SPD=GG|Spikes|[from] move: Rapid Spin|[of] p1a: Excadrill
|-sideend|p1: 4DEF+4SPD=GG|Stealth Rock|[from] move: Rapid Spin|[of] p1a: Excadrill
|
|-weather|Sandstorm|[upkeep]
|-damage|p2a: D4C|61/100|[from] Sandstorm
|upkeep
|turn|17
|
|t:|1757863953
|move|p1a: Excadrill|Earthquake|p2a: D4C
|-damage|p2a: D4C|0 fnt
|faint|p2a: D4C
|
|-weather|none
|upkeep
|
|t:|1757863960
|switch|p2a: Nut King|Lokix, F|100/100
|-damage|p2a: Nut King|76/100|[from] Stealth Rock
|turn|18
|
|t:|1757863967
|switch|p1a: Scizor|Scizor, M|38/100
|move|p2a: Nut King|First Impression|p1a: Scizor
|-resisted|p1a: Scizor
|-damage|p1a: Scizor|0 fnt
|faint|p1a: Scizor
|
|upkeep
|
|t:|1757863972
|switch|p1a: Tyranitar|Tyranitar, M|100/100
|-weather|Sandstorm|[from] ability: Sand Stream|[of] p1a: Tyranitar
|turn|19
|
|t:|1757863981
|switch|p2a: Purple Haze|Slowking-Galar, M|37/100
|switch|p1a: Excadrill|Excadrill, M|41/100
|
|-weather|Sandstorm|[upkeep]
|-damage|p2a: Purple Haze|30/100|[from] Sandstorm
|upkeep
|turn|20
|
|t:|1757863989
|move|p1a: Excadrill|Iron Head|p2a: Purple Haze
|-damage|p2a: Purple Haze|0 fnt
|faint|p2a: Purple Haze
|
|-weather|Sandstorm|[upkeep]
|upkeep
|
|t:|1757863994
|switch|p2a: Charming man|Dragonite, F|100/100
|turn|21
|
|t:|1757864002
|move|p1a: Excadrill|Rapid Spin|p2a: Charming man
|-damage|p2a: Charming man|91/100
|-boost|p1a: Excadrill|spe|1
|move|p2a: Charming man|Dragon Dance|p2a: Charming man
|-boost|p2a: Charming man|atk|1
|-boost|p2a: Charming man|spe|1
|
|-weather|Sandstorm|[upkeep]
|-damage|p2a: Charming man|85/100|[from] Sandstorm
|upkeep
|turn|22
|
|t:|1757864005
|switch|p1a: Tyranitar|Tyranitar, M|100/100
|move|p2a: Charming man|Roost|p2a: Charming man
|-heal|p2a: Charming man|100/100
|-singleturn|p2a: Charming man|move: Roost
|
|-weather|Sandstorm|[upkeep]
|-damage|p2a: Charming man|94/100|[from] Sandstorm
|upkeep
|turn|23
|
|t:|1757864012
|switch|p2a: Nut King|Lokix, F|76/100
|-damage|p2a: Nut King|51/100|[from] Stealth Rock
|move|p1a: Tyranitar|Ice Beam|p2a: Nut King
|-damage|p2a: Nut King|11/100
|
|-weather|Sandstorm|[upkeep]
|-damage|p2a: Nut King|5/100|[from] Sandstorm
|upkeep
|turn|24
|
|t:|1757864019
|switch|p1a: Excadrill|Excadrill, M|41/100
|move|p2a: Nut King|U-turn|p1a: Excadrill
|-resisted|p1a: Excadrill
|-damage|p1a: Excadrill|0 fnt
|faint|p1a: Excadrill
|
|t:|1757864023
|switch|p2a: Charming man|Dragonite, F|94/100|[from] U-turn
|
|-weather|Sandstorm|[upkeep]
|-damage|p2a: Charming man|88/100|[from] Sandstorm
|upkeep
|
|t:|1757864025
|switch|p1a: Glimmora|Glimmora, M|100/100
|turn|25
|-message|ganese forfeited.
|
|win|4DEF+4SPD=GG
|raw|4DEF+4SPD=GG's rating: 1361 &rarr; <strong>1383</strong><br />(+22 for winning)
|raw|ganese's rating: 1398 &rarr; <strong>1376</strong><br />(-22 for losing)
|l|☆ganese
|player|p2|
