|j|☆ZeNiN_K1
|j|☆DylanValencia10
|t:|1757895850
|gametype|singles
|player|p1|ZeNiN_K1|acetrainer-gen4|1178
|player|p2|DylanValencia10|hilbert|1186
|gen|9
|tier|[Gen 9] OU
|rated|
|rule|HP Percentage Mod: HP is shown in percentages
|rule|Endless Battle Clause: Forcing endless battles is banned
|rule|Species Clause: Limit one of each Pokémon
|rule|OHKO Clause: OHKO moves are banned
|rule|Evasion Items Clause: Evasion items are banned
|rule|Evasion Moves Clause: Evasion moves are banned
|rule|Evasion Abilities Clause: Evasion abilities are banned
|rule|Sleep Moves Clause: Sleep-inducing moves are banned
|clearpoke
|poke|p1|Zamazenta-*|
|poke|p1|Ninetales-Alola, M|
|poke|p1|Darkrai|
|poke|p1|Ceruledge, M|
|poke|p1|Gliscor, M|
|poke|p1|Hatterene, F|
|poke|p2|Iron Valiant|
|poke|p2|Ceruledge, F|
|poke|p2|Hydreigon, F|
|poke|p2|Hatterene, F|
|poke|p2|Landorus-Therian, M|
|poke|p2|Rillaboom, M|
|teampreview
|inactive|Battle timer is ON: inactive players will automatically lose when time's up. (requested by DylanValencia10)
|
|t:|1757895863
|teamsize|p1|6
|teamsize|p2|6
|start
|switch|p1a: Ninetales|Ninetales-Alola, M|100/100
|switch|p2a: Landorus|Landorus-Therian, M|100/100
|-weather|Snowscape|[from] ability: Snow Warning|[of] p1a: Ninetales
|-ability|p2a: Landorus|Intimidate|boost
|-unboost|p1a: Ninetales|atk|1
|turn|1
|
|t:|1757895873
|switch|p1a: Hatterene|Hatterene, F|100/100
|move|p2a: Landorus|U-turn|p1a: Hatterene
|-damage|p1a: Hatterene|70/100
|
|t:|1757895883
|switch|p2a: Hydreigon|Hydreigon, F|100/100|[from] U-turn
|
|-weather|Snowscape|[upkeep]
|upkeep
|turn|2
|
|t:|1757895902
|-terastallize|p2a: Hydreigon|Steel
|-terastallize|p1a: Hatterene|Water
|move|p2a: Hydreigon|Flash Cannon|p1a: Hatterene
|-resisted|p1a: Hatterene
|-damage|p1a: Hatterene|56/100
|move|p1a: Hatterene|Nuzzle|p2a: Hydreigon
|-damage|p2a: Hydreigon|97/100
|-status|p2a: Hydreigon|par
|
|-weather|Snowscape|[upkeep]
|upkeep
|turn|3
|
|t:|1757895915
|switch|p2a: Rillaboom|Rillaboom, M|100/100
|-fieldstart|move: Grassy Terrain|[from] ability: Grassy Surge|[of] p2a: Rillaboom
|move|p1a: Hatterene|Mystical Fire|p2a: Rillaboom
|-supereffective|p2a: Rillaboom
|-damage|p2a: Rillaboom|32/100
|-unboost|p2a: Rillaboom|spa|1
|
|-weather|Snowscape|[upkeep]
|-heal|p2a: Rillaboom|38/100|[from] Grassy Terrain
|-heal|p2a: Rillaboom|44/100|[from] item: Leftovers
|-heal|p1a: Hatterene|62/100|[from] Grassy Terrain
|upkeep
|turn|4
|
|t:|1757895927
|switch|p1a: Ninetales|Ninetales-Alola, M|100/100
|move|p2a: Rillaboom|Grassy Glide|p1a: Ninetales
|-damage|p1a: Ninetales|71/100
|
|-weather|Snowscape|[upkeep]
|-heal|p1a: Ninetales|77/100|[from] Grassy Terrain
|-heal|p2a: Rillaboom|50/100|[from] Grassy Terrain
|-heal|p2a: Rillaboom|57/100|[from] item: Leftovers
|upkeep
|turn|5
|
|t:|1757895937
|move|p1a: Ninetales|Aurora Veil|p1a: Ninetales
|-sidestart|p1: ZeNiN_K1|move: Aurora Veil
|move|p2a: Rillaboom|Leech Seed|p1a: Ninetales
|-start|p1a: Ninetales|move: Leech Seed
|
|-weather|none
|-heal|p1a: Ninetales|83/100|[from] Grassy Terrain
|-heal|p2a: Rillaboom|63/100|[from] Grassy Terrain
|-heal|p2a: Rillaboom|69/100|[from] item: Leftovers
|-damage|p1a: Ninetales|71/100|[from] Leech Seed|[of] p2a: Rillaboom
|-heal|p2a: Rillaboom|81/100|[silent]
|upkeep
|turn|6
|
|t:|1757895948
|switch|p2a: Ceruledge|Ceruledge, F|100/100
|move|p1a: Ninetales|Roar|p2a: Ceruledge
|drag|p2a: Iron Valiant|Iron Valiant|100/100
|-enditem|p2a: Iron Valiant|Booster Energy
|-activate|p2a: Iron Valiant|ability: Quark Drive|[fromitem]
|-start|p2a: Iron Valiant|quarkdrivespe
|
|-heal|p1a: Ninetales|77/100|[from] Grassy Terrain
|-damage|p1a: Ninetales|64/100|[from] Leech Seed|[of] p2a: Iron Valiant
|upkeep
|turn|7
|
|t:|1757895966
|switch|p1a: Ceruledge|Ceruledge, M|100/100
|move|p2a: Iron Valiant|Aura Sphere|p1a: Ceruledge
|-immune|p1a: Ceruledge
|
|-fieldend|move: Grassy Terrain
|upkeep
|turn|8
|
|t:|1757895979
|-end|p2a: Iron Valiant|Quark Drive|[silent]
|switch|p2a: Landorus|Landorus-Therian, M|100/100
|-ability|p2a: Landorus|Intimidate|boost
|-unboost|p1a: Ceruledge|atk|1
|move|p1a: Ceruledge|Bulk Up|p1a: Ceruledge
|-boost|p1a: Ceruledge|atk|1
|-boost|p1a: Ceruledge|def|1
|
|upkeep
|turn|9
|
|t:|1757895991
|switch|p1a: Hatterene|Hatterene, F, tera:Water|62/100
|move|p2a: Landorus|Earthquake|p1a: Hatterene
|-damage|p1a: Hatterene|30/100
|
|upkeep
|turn|10
|
|t:|1757896006
|switch|p1a: Gliscor|Gliscor, M|100/100
|move|p2a: Landorus|Earthquake|p1a: Gliscor
|-immune|p1a: Gliscor
|
|-status|p1a: Gliscor|tox|[from] item: Toxic Orb
|upkeep
|turn|11
|
|t:|1757896013
|move|p2a: Landorus|Stealth Rock|p1a: Gliscor
|-sidestart|p1: ZeNiN_K1|move: Stealth Rock
|move|p1a: Gliscor|Agility|p1a: Gliscor
|-boost|p1a: Gliscor|spe|2
|
|upkeep
|turn|12
|
|t:|1757896022
|move|p1a: Gliscor|Swords Dance|p1a: Gliscor
|-boost|p1a: Gliscor|atk|2
|move|p2a: Landorus|Stone Edge|p1a: Gliscor
|-damage|p1a: Gliscor|86/100 tox
|
|-heal|p1a: Gliscor|99/100 tox|[from] ability: Poison Heal
|-sideend|p1: ZeNiN_K1|move: Aurora Veil
|upkeep
|turn|13
|
|t:|1757896030
|move|p1a: Gliscor|Facade|p2a: Landorus
|-damage|p2a: Landorus|22/100
|-damage|p1a: Gliscor|82/100 tox|[from] item: Rocky Helmet|[of] p2a: Landorus
|move|p2a: Landorus|Stealth Rock||[still]
|-fail|p2a: Landorus
|
|-heal|p1a: Gliscor|95/100 tox|[from] ability: Poison Heal
|upkeep
|turn|14
|
|t:|1757896039
|switch|p2a: Ceruledge|Ceruledge, F|100/100
|move|p1a: Gliscor|Facade|p2a: Ceruledge
|-immune|p2a: Ceruledge
|
|-heal|p1a: Gliscor|100/100 tox|[from] ability: Poison Heal
|upkeep
|turn|15
|
|t:|1757896046
|switch|p2a: Landorus|Landorus-Therian, M|22/100
|-ability|p2a: Landorus|Intimidate|boost
|-unboost|p1a: Gliscor|atk|1
|move|p1a: Gliscor|Earthquake|p2a: Landorus
|-immune|p2a: Landorus
|
|upkeep
|turn|16
|
|t:|1757896054
|move|p1a: Gliscor|Swords Dance|p1a: Gliscor
|-boost|p1a: Gliscor|atk|2
|move|p2a: Landorus|U-turn|p1a: Gliscor
|-resisted|p1a: Gliscor
|-damage|p1a: Gliscor|90/100 tox
|
|t:|1757896061
|switch|p2a: Rillaboom|Rillaboom, M|81/100|[from] U-turn
|-fieldstart|move: Grassy Terrain|[from] ability: Grassy Surge|[of] p2a: Rillaboom
|
|-heal|p2a: Rillaboom|88/100|[from] Grassy Terrain
|-heal|p2a: Rillaboom|94/100|[from] item: Leftovers
|-heal|p1a: Gliscor|100/100 tox|[from] ability: Poison Heal
|upkeep
|turn|17
|
|t:|1757896071
|move|p1a: Gliscor|Facade|p2a: Rillaboom
|-damage|p2a: Rillaboom|11/100
|move|p2a: Rillaboom|Leech Seed|p1a: Gliscor
|-start|p1a: Gliscor|move: Leech Seed
|
|-heal|p2a: Rillaboom|18/100|[from] Grassy Terrain
|-heal|p2a: Rillaboom|24/100|[from] item: Leftovers
|-damage|p1a: Gliscor|88/100 tox|[from] Leech Seed|[of] p2a: Rillaboom
|-heal|p2a: Rillaboom|37/100|[silent]
|-heal|p1a: Gliscor|100/100 tox|[from] ability: Poison Heal
|upkeep
|turn|18
|
|t:|1757896082
|move|p2a: Rillaboom|Grassy Glide|p1a: Gliscor
|-damage|p1a: Gliscor|72/100 tox
|move|p1a: Gliscor|Facade|p2a: Rillaboom
|-damage|p2a: Rillaboom|0 fnt
|faint|p2a: Rillaboom
|
|-heal|p1a: Gliscor|85/100 tox|[from] ability: Poison Heal
|upkeep
|
|t:|1757896091
|switch|p2a: Landorus|Landorus-Therian, M|22/100
|-ability|p2a: Landorus|Intimidate|boost
|-unboost|p1a: Gliscor|atk|1
|turn|19
|
|t:|1757896098
|move|p1a: Gliscor|Earthquake|p2a: Landorus
|-immune|p2a: Landorus
|move|p2a: Landorus|Stone Edge|p1a: Gliscor
|-crit|p1a: Gliscor
|-damage|p1a: Gliscor|39/100 tox
|
|-damage|p1a: Gliscor|26/100 tox|[from] Leech Seed|[of] p2a: Landorus
|-heal|p2a: Landorus|36/100|[silent]
|-heal|p1a: Gliscor|39/100 tox|[from] ability: Poison Heal
|upkeep
|turn|20
|
|t:|1757896110
|move|p1a: Gliscor|Facade|p2a: Landorus
|-damage|p2a: Landorus|0 fnt
|-damage|p1a: Gliscor|22/100 tox|[from] item: Rocky Helmet|[of] p2a: Landorus
|faint|p2a: Landorus
|
|-heal|p1a: Gliscor|35/100 tox|[from] ability: Poison Heal
|-fieldend|move: Grassy Terrain
|upkeep
|
|t:|1757896117
|switch|p2a: Iron Valiant|Iron Valiant|100/100
|turn|21
|
|t:|1757896123
|move|p1a: Gliscor|Earthquake|p2a: Iron Valiant
|-damage|p2a: Iron Valiant|9/100
|move|p2a: Iron Valiant|Moonblast|p1a: Gliscor
|-damage|p1a: Gliscor|0 fnt
|faint|p1a: Gliscor
|
|upkeep
|
|t:|1757896137
|switch|p1a: Ceruledge|Ceruledge, M|100/100
|-damage|p1a: Ceruledge|76/100|[from] Stealth Rock
|turn|22
|
|t:|1757896143
|-end|p2a: Iron Valiant|Quark Drive|[silent]
|switch|p2a: Hydreigon|Hydreigon, F, tera:Steel|97/100 par
|move|p1a: Ceruledge|Bulk Up|p1a: Ceruledge
|-boost|p1a: Ceruledge|atk|1
|-boost|p1a: Ceruledge|def|1
|
|upkeep
|turn|23
|
|t:|1757896150
|move|p1a: Ceruledge|Bitter Blade|p2a: Hydreigon
|-supereffective|p2a: Hydreigon
|-damage|p2a: Hydreigon|0 fnt
|-heal|p1a: Ceruledge|100/100|[from] drain|[of] p2a: Hydreigon
|faint|p2a: Hydreigon
|
|upkeep
|
|t:|1757896159
|switch|p2a: Ceruledge|Ceruledge, F|100/100
|turn|24
|
|t:|1757896162
|move|p1a: Ceruledge|Shadow Sneak|p2a: Ceruledge
|-supereffective|p2a: Ceruledge
|-damage|p2a: Ceruledge|34/100
|move|p2a: Ceruledge|Poltergeist|p1a: Ceruledge
|-activate|p1a: Ceruledge|move: Poltergeist|Covert Cloak
|-supereffective|p1a: Ceruledge
|-damage|p1a: Ceruledge|22/100
|
|upkeep
|turn|25
|
|t:|1757896169
|move|p2a: Ceruledge|Shadow Sneak|p1a: Ceruledge
|-supereffective|p1a: Ceruledge
|-damage|p1a: Ceruledge|0 fnt
|faint|p1a: Ceruledge
|
|upkeep
|
|t:|1757896176
|switch|p1a: Ninetales|Ninetales-Alola, M|64/100
|-damage|p1a: Ninetales|39/100|[from] Stealth Rock
|-weather|Snowscape|[from] ability: Snow Warning|[of] p1a: Ninetales
|turn|26
|
|t:|1757896182
|move|p1a: Ninetales|Aurora Veil|p1a: Ninetales
|-sidestart|p1: ZeNiN_K1|move: Aurora Veil
|move|p2a: Ceruledge|Bitter Blade|p1a: Ninetales
|-supereffective|p1a: Ninetales
|-damage|p1a: Ninetales|4/100
|-heal|p2a: Ceruledge|55/100|[from] drain|[of] p1a: Ninetales
|
|-weather|Snowscape|[upkeep]
|upkeep
|turn|27
|
|t:|1757896191
|switch|p1a: Hatterene|Hatterene, F, tera:Water|30/100
|-damage|p1a: Hatterene|18/100|[from] Stealth Rock
|move|p2a: Ceruledge|Swords Dance|p2a: Ceruledge
|-boost|p2a: Ceruledge|atk|2
|
|-weather|Snowscape|[upkeep]
|upkeep
|turn|28
|
|t:|1757896198
|move|p2a: Ceruledge|Shadow Sneak|p1a: Hatterene
|-damage|p1a: Hatterene|0 fnt
|faint|p1a: Hatterene
|
|-weather|Snowscape|[upkeep]
|upkeep
|
|t:|1757896204
|switch|p1a: Darkrai|Darkrai|100/100
|-damage|p1a: Darkrai|88/100|[from] Stealth Rock
|turn|29
|inactive|DylanValencia10 has 120 seconds left.
|
|t:|1757896240
|move|p2a: Ceruledge|Shadow Sneak|p1a: Darkrai
|-resisted|p1a: Darkrai
|-damage|p1a: Darkrai|74/100
|move|p1a: Darkrai|Dark Pulse|p2a: Ceruledge
|-supereffective|p2a: Ceruledge
|-damage|p2a: Ceruledge|0 fnt
|faint|p2a: Ceruledge
|
|-weather|Snowscape|[upkeep]
|-heal|p1a: Darkrai|80/100|[from] item: Leftovers
|upkeep
|
|t:|1757896248
|switch|p2a: Iron Valiant|Iron Valiant|9/100
|turn|30
|inactive|DylanValencia10 has 120 seconds left.
|
|t:|1757896255
|move|p1a: Darkrai|Sludge Bomb|p2a: Iron Valiant
|-supereffective|p2a: Iron Valiant
|-damage|p2a: Iron Valiant|0 fnt
|faint|p2a: Iron Valiant
|-end|p2a: Iron Valiant|Quark Drive|[silent]
|
|-weather|none
|-heal|p1a: Darkrai|86/100|[from] item: Leftovers
|upkeep
|inactive|DylanValencia10 has 120 seconds left.
|
|t:|1757896262
|switch|p2a: Hatterene|Hatterene, F|100/100
|turn|31
|
|t:|1757896266
|move|p1a: Darkrai|Sludge Bomb|p2a: Hatterene
|-supereffective|p2a: Hatterene
|-damage|p2a: Hatterene|37/100
|move|p2a: Hatterene|Nuzzle|p1a: Darkrai
|-damage|p1a: Darkrai|84/100
|-status|p1a: Darkrai|par
|
|-heal|p1a: Darkrai|90/100 par|[from] item: Leftovers
|-heal|p2a: Hatterene|43/100|[from] item: Leftovers
|upkeep
|turn|32
|
|t:|1757896275
|cant|p1a: Darkrai|par
|move|p2a: Hatterene|Draining Kiss|p1a: Darkrai
|-supereffective|p1a: Darkrai
|-damage|p1a: Darkrai|52/100 par
|-heal|p2a: Hatterene|68/100|[from] drain|[of] p1a: Darkrai
|
|-heal|p1a: Darkrai|59/100 par|[from] item: Leftovers
|-heal|p2a: Hatterene|74/100|[from] item: Leftovers
|upkeep
|turn|33
|
|t:|1757896283
|move|p1a: Darkrai|Sludge Bomb|p2a: Hatterene
|-supereffective|p2a: Hatterene
|-damage|p2a: Hatterene|1/100
|-status|p2a: Hatterene|psn
|move|p2a: Hatterene|Calm Mind|p2a: Hatterene
|-boost|p2a: Hatterene|spa|1
|-boost|p2a: Hatterene|spd|1
|
|-heal|p1a: Darkrai|65/100 par|[from] item: Leftovers
|-heal|p2a: Hatterene|7/100 psn|[from] item: Leftovers
|-damage|p2a: Hatterene|0 fnt|[from] psn
|faint|p2a: Hatterene
|
|win|ZeNiN_K1
|raw|ZeNiN_K1's rating: 1178 &rarr; <strong>1204</strong><br />(+26 for winning)
|raw|DylanValencia10's rating: 1186 &rarr; <strong>1160</strong><br />(-26 for losing)
|l|☆DylanValencia10
|player|p2|
