|j|☆ncdr
|j|☆Glonxxu
|t:|1757840923
|gametype|singles
|player|p1|ncdr|flannery|1548
|player|p2|Glonxxu|dawn-masters2|1527
|gen|9
|tier|[Gen 9] OU
|rated|
|rule|HP Percentage Mod: HP is shown in percentages
|rule|Endless Battle Clause: Forcing endless battles is banned
|rule|Species Clause: Limit one of each Pokémon
|rule|OHKO Clause: OHKO moves are banned
|rule|Evasion Items Clause: Evasion items are banned
|rule|Evasion Moves Clause: Evasion moves are banned
|rule|Evasion Abilities Clause: Evasion abilities are banned
|rule|Sleep Moves Clause: Sleep-inducing moves are banned
|clearpoke
|poke|p1|Hydreigon, M|
|poke|p1|Great Tusk|
|poke|p1|Tyranitar, F|
|poke|p1|Moltres|
|poke|p1|Ninetales-Alola, F|
|poke|p1|Kingambit, F|
|poke|p2|Ceruledge, M|
|poke|p2|Pecharunt|
|poke|p2|Tyranitar, F|
|poke|p2|Excadrill, M|
|poke|p2|Ting-Lu|
|poke|p2|Raging Bolt|
|teampreview
|inactive|Battle timer is ON: inactive players will automatically lose when time's up. (requested by ncdr)
|
|t:|1757840942
|teamsize|p1|6
|teamsize|p2|6
|start
|switch|p1a: Great Tusk|Great Tusk|100/100
|switch|p2a: Ting-Lu|Ting-Lu|100/100
|-ability|p2a: Ting-Lu|Vessel of Ruin
|turn|1
|
|t:|1757840952
|move|p1a: Great Tusk|Close Combat|p2a: Ting-Lu
|-supereffective|p2a: Ting-Lu
|-damage|p2a: Ting-Lu|30/100
|-unboost|p1a: Great Tusk|def|1
|-unboost|p1a: Great Tusk|spd|1
|move|p2a: Ting-Lu|Ruination|p1a: Great Tusk
|-damage|p1a: Great Tusk|51/100
|
|-heal|p2a: Ting-Lu|37/100|[from] item: Leftovers
|upkeep
|turn|2
|
|t:|1757840960
|switch|p2a: Ceruledge|Ceruledge, M|100/100
|-item|p2a: Ceruledge|Air Balloon
|move|p1a: Great Tusk|Close Combat|p2a: Ceruledge
|-immune|p2a: Ceruledge
|
|upkeep
|turn|3
|
|t:|1757840979
|-end|p1a: Great Tusk|Protosynthesis|[silent]
|switch|p1a: Moltres|Moltres|100/100
|move|p2a: Ceruledge|Close Combat|p1a: Moltres
|-resisted|p1a: Moltres
|-damage|p1a: Moltres|84/100
|-unboost|p2a: Ceruledge|def|1
|-unboost|p2a: Ceruledge|spd|1
|
|upkeep
|turn|4
|
|t:|1757841003
|switch|p1a: Great Tusk|Great Tusk|51/100
|move|p2a: Ceruledge|Poltergeist|p1a: Great Tusk
|-activate|p1a: Great Tusk|move: Poltergeist|Choice Scarf
|-damage|p1a: Great Tusk|8/100
|
|upkeep
|turn|5
|
|t:|1757841006
|move|p2a: Ceruledge|Shadow Sneak|p1a: Great Tusk
|-damage|p1a: Great Tusk|0 fnt
|faint|p1a: Great Tusk
|-end|p1a: Great Tusk|Protosynthesis|[silent]
|
|upkeep
|
|t:|1757841009
|switch|p1a: Hydreigon|Hydreigon, M|100/100
|turn|6
|
|t:|1757841014
|switch|p2a: Tyranitar|Tyranitar, F|100/100
|-weather|Sandstorm|[from] ability: Sand Stream|[of] p2a: Tyranitar
|-terastallize|p1a: Hydreigon|Poison
|move|p1a: Hydreigon|Nasty Plot|p1a: Hydreigon
|-boost|p1a: Hydreigon|spa|2
|
|-weather|Sandstorm|[upkeep]
|-damage|p1a: Hydreigon|94/100|[from] Sandstorm
|-heal|p1a: Hydreigon|100/100|[from] item: Leftovers
|upkeep
|turn|7
|
|t:|1757841038
|switch|p2a: Ting-Lu|Ting-Lu|37/100
|-ability|p2a: Ting-Lu|Vessel of Ruin
|move|p1a: Hydreigon|Flash Cannon|p2a: Ting-Lu
|-damage|p2a: Ting-Lu|16/100
|
|-weather|Sandstorm|[upkeep]
|-damage|p1a: Hydreigon|94/100|[from] Sandstorm
|-heal|p1a: Hydreigon|100/100|[from] item: Leftovers
|-heal|p2a: Ting-Lu|22/100|[from] item: Leftovers
|upkeep
|turn|8
|inactive|Glonxxu has 120 seconds left.
|
|t:|1757841066
|move|p1a: Hydreigon|Flamethrower|p2a: Ting-Lu
|-damage|p2a: Ting-Lu|1/100
|move|p2a: Ting-Lu|Whirlwind|p1a: Hydreigon
|drag|p1a: Tyranitar|Tyranitar, F|100/100
|
|-weather|Sandstorm|[upkeep]
|-heal|p2a: Ting-Lu|7/100|[from] item: Leftovers
|upkeep
|turn|9
|inactive|Glonxxu has 120 seconds left.
|
|t:|1757841076
|switch|p2a: Pecharunt|Pecharunt|100/100
|move|p1a: Tyranitar|Ice Beam|p2a: Pecharunt
|-damage|p2a: Pecharunt|82/100
|
|-weather|Sandstorm|[upkeep]
|-damage|p2a: Pecharunt|76/100|[from] Sandstorm
|upkeep
|turn|10
|inactive|Glonxxu has 120 seconds left.
|
|t:|1757841095
|switch|p1a: Kingambit|Kingambit, F|100/100
|move|p2a: Pecharunt|Parting Shot|p1a: Kingambit
|-unboost|p1a: Kingambit|atk|1
|-ability|p1a: Kingambit|Defiant|boost
|-boost|p1a: Kingambit|atk|2
|-unboost|p1a: Kingambit|spa|1
|-ability|p1a: Kingambit|Defiant|boost
|-boost|p1a: Kingambit|atk|2
|
|t:|1757841120
|switch|p2a: Raging Bolt|Raging Bolt|100/100|[from] Parting Shot
|
|-weather|none
|upkeep
|turn|11
|
|t:|1757841130
|move|p2a: Raging Bolt|Volt Switch|p1a: Kingambit
|-damage|p1a: Kingambit|40/100
|
|t:|1757841144
|-end|p2a: Raging Bolt|Protosynthesis|[silent]
|switch|p2a: Pecharunt|Pecharunt|76/100|[from] Volt Switch
|move|p1a: Kingambit|Kowtow Cleave|p2a: Pecharunt
|-supereffective|p2a: Pecharunt
|-damage|p2a: Pecharunt|0 fnt
|-damage|p1a: Kingambit|24/100|[from] item: Rocky Helmet|[of] p2a: Pecharunt
|faint|p2a: Pecharunt
|
|upkeep
|inactive|Glonxxu has 90 seconds left.
|
|t:|1757841182
|switch|p2a: Tyranitar|Tyranitar, F|100/100
|-weather|Sandstorm|[from] ability: Sand Stream|[of] p2a: Tyranitar
|turn|12
|inactive|Glonxxu has 60 seconds left.
|inactive|ncdr has 120 seconds left.
|
|t:|1757841219
|move|p2a: Tyranitar|Earth Power|p1a: Kingambit
|-supereffective|p1a: Kingambit
|-damage|p1a: Kingambit|0 fnt
|faint|p1a: Kingambit
|
|-weather|Sandstorm|[upkeep]
|upkeep
|
|t:|1757841223
|switch|p1a: Ninetales|Ninetales-Alola, F, shiny|100/100
|-weather|Snowscape|[from] ability: Snow Warning|[of] p1a: Ninetales
|turn|13
|
|t:|1757841228
|move|p1a: Ninetales|Aurora Veil|p1a: Ninetales
|-sidestart|p1: ncdr|move: Aurora Veil
|move|p2a: Tyranitar|Heavy Slam|p1a: Ninetales
|-supereffective|p1a: Ninetales
|-crit|p1a: Ninetales
|-damage|p1a: Ninetales|0 fnt
|faint|p1a: Ninetales
|
|-weather|Snowscape|[upkeep]
|upkeep
|
|t:|1757841230
|switch|p1a: Hydreigon|Hydreigon, M, tera:Poison|100/100
|turn|14
|inactive|Glonxxu has 60 seconds left.
|
|t:|1757841268
|switch|p2a: Raging Bolt|Raging Bolt|100/100
|move|p1a: Hydreigon|Nasty Plot|p1a: Hydreigon
|-boost|p1a: Hydreigon|spa|2
|
|-weather|Snowscape|[upkeep]
|upkeep
|turn|15
|inactive|Glonxxu has 60 seconds left.
|
|t:|1757841291
|move|p1a: Hydreigon|Dark Pulse|p2a: Raging Bolt
|-damage|p2a: Raging Bolt|37/100
|move|p2a: Raging Bolt|Draco Meteor|p1a: Hydreigon
|-damage|p1a: Hydreigon|41/100
|-unboost|p2a: Raging Bolt|spa|2
|
|-weather|Snowscape|[upkeep]
|-heal|p1a: Hydreigon|48/100|[from] item: Leftovers
|upkeep
|turn|16
|
|t:|1757841303
|-end|p2a: Raging Bolt|Protosynthesis|[silent]
|switch|p2a: Ting-Lu|Ting-Lu|7/100
|-ability|p2a: Ting-Lu|Vessel of Ruin
|move|p1a: Hydreigon|Dark Pulse|p2a: Ting-Lu
|-resisted|p2a: Ting-Lu
|-damage|p2a: Ting-Lu|0 fnt
|faint|p2a: Ting-Lu
|
|-weather|Snowscape|[upkeep]
|-heal|p1a: Hydreigon|54/100|[from] item: Leftovers
|upkeep
|
|t:|1757841308
|switch|p2a: Tyranitar|Tyranitar, F|100/100
|-weather|Sandstorm|[from] ability: Sand Stream|[of] p2a: Tyranitar
|turn|17
|
|t:|1757841330
|switch|p2a: Raging Bolt|Raging Bolt|37/100
|move|p1a: Hydreigon|Flash Cannon|p2a: Raging Bolt
|-resisted|p2a: Raging Bolt
|-damage|p2a: Raging Bolt|16/100
|-unboost|p2a: Raging Bolt|spd|1
|
|-weather|Sandstorm|[upkeep]
|-damage|p1a: Hydreigon|48/100|[from] Sandstorm
|-damage|p2a: Raging Bolt|10/100|[from] Sandstorm
|-heal|p1a: Hydreigon|54/100|[from] item: Leftovers
|upkeep
|turn|18
|
|t:|1757841350
|move|p1a: Hydreigon|Dark Pulse|p2a: Raging Bolt
|-damage|p2a: Raging Bolt|0 fnt
|faint|p2a: Raging Bolt
|-end|p2a: Raging Bolt|Protosynthesis|[silent]
|
|-weather|Sandstorm|[upkeep]
|-damage|p1a: Hydreigon|48/100|[from] Sandstorm
|-heal|p1a: Hydreigon|54/100|[from] item: Leftovers
|upkeep
|inactive|Glonxxu has 30 seconds left.
|inactive|Glonxxu has 20 seconds left.
|inactive|Glonxxu has 15 seconds left.
|
|t:|1757841385
|switch|p2a: Excadrill|Excadrill, M|100/100
|-item|p2a: Excadrill|Air Balloon
|turn|19
|inactive|Glonxxu has 25 seconds left this turn.
|inactive|Glonxxu has 20 seconds left.
|
|t:|1757841393
|switch|p2a: Tyranitar|Tyranitar, F|100/100
|move|p1a: Hydreigon|Flamethrower|p2a: Tyranitar
|-resisted|p2a: Tyranitar
|-crit|p2a: Tyranitar
|-damage|p2a: Tyranitar|85/100
|
|-weather|Sandstorm|[upkeep]
|-damage|p1a: Hydreigon|48/100|[from] Sandstorm
|-heal|p1a: Hydreigon|54/100|[from] item: Leftovers
|upkeep
|turn|20
|inactive|Glonxxu has 30 seconds left this turn.
|
|t:|1757841400
|move|p1a: Hydreigon|Flash Cannon|p2a: Tyranitar
|-supereffective|p2a: Tyranitar
|-damage|p2a: Tyranitar|49/100
|move|p2a: Tyranitar|Dark Pulse|p1a: Hydreigon
|-damage|p1a: Hydreigon|34/100
|
|-weather|Sandstorm|[upkeep]
|-damage|p1a: Hydreigon|28/100|[from] Sandstorm
|-heal|p1a: Hydreigon|34/100|[from] item: Leftovers
|-sideend|p1: ncdr|move: Aurora Veil
|upkeep
|turn|21
|
|t:|1757841405
|move|p1a: Hydreigon|Flash Cannon|p2a: Tyranitar
|-supereffective|p2a: Tyranitar
|-damage|p2a: Tyranitar|9/100
|move|p2a: Tyranitar|Dark Pulse|p1a: Hydreigon
|-damage|p1a: Hydreigon|0 fnt
|faint|p1a: Hydreigon
|
|-weather|none
|upkeep
|
|t:|1757841410
|switch|p1a: Tyranitar|Tyranitar, F|100/100
|-weather|Sandstorm|[from] ability: Sand Stream|[of] p1a: Tyranitar
|turn|22
|
|t:|1757841415
|move|p1a: Tyranitar|Knock Off|p2a: Tyranitar
|-resisted|p2a: Tyranitar
|-damage|p2a: Tyranitar|0 fnt
|-enditem|p2a: Tyranitar|Assault Vest|[from] move: Knock Off|[of] p1a: Tyranitar
|faint|p2a: Tyranitar
|
|-weather|Sandstorm|[upkeep]
|upkeep
|
|t:|1757841419
|switch|p2a: Excadrill|Excadrill, M|100/100
|-item|p2a: Excadrill|Air Balloon
|turn|23
|
|t:|1757841447
|move|p2a: Excadrill|Swords Dance|p2a: Excadrill
|-boost|p2a: Excadrill|atk|2
|move|p1a: Tyranitar|Knock Off|p2a: Excadrill
|-damage|p2a: Excadrill|42/100
|-enditem|p2a: Excadrill|Air Balloon
|
|-weather|Sandstorm|[upkeep]
|upkeep
|turn|24
|inactive|ncdr has 120 seconds left.
|
|t:|1757841499
|move|p2a: Excadrill|Earthquake|p1a: Tyranitar
|-supereffective|p1a: Tyranitar
|-damage|p1a: Tyranitar|0 fnt
|faint|p1a: Tyranitar
|
|-weather|Sandstorm|[upkeep]
|upkeep
|
|t:|1757841501
|switch|p1a: Moltres|Moltres|84/100
|turn|25
|
|t:|1757841503
|move|p2a: Excadrill|Rock Slide|p1a: Moltres
|-supereffective|p1a: Moltres
|-damage|p1a: Moltres|0 fnt
|faint|p1a: Moltres
|
|win|Glonxxu
|raw|ncdr's rating: 1548 &rarr; <strong>1527</strong><br />(-21 for losing)
|raw|Glonxxu's rating: 1527 &rarr; <strong>1548</strong><br />(+21 for winning)
|l|☆ncdr
|player|p1|
|l|☆Glonxxu
|player|p2|
