|j|☆Blackmagicfr
|j|☆Danxsh17
|t:|1757913181
|gametype|singles
|player|p1|Blackmagicfr|giovanni|1374
|player|p2|Danxsh17|265|1449
|gen|9
|tier|[Gen 9] OU
|rated|
|rule|HP Percentage Mod: HP is shown in percentages
|rule|Endless Battle Clause: Forcing endless battles is banned
|rule|Species Clause: Limit one of each Pokémon
|rule|OHKO Clause: OHKO moves are banned
|rule|Evasion Items Clause: Evasion items are banned
|rule|Evasion Moves Clause: Evasion moves are banned
|rule|Evasion Abilities Clause: Evasion abilities are banned
|rule|Sleep Moves Clause: Sleep-inducing moves are banned
|clearpoke
|poke|p1|Electrode-Hisui|
|poke|p1|Rillaboom, M|
|poke|p1|Alomomola, M|
|poke|p1|Heatran, M|
|poke|p1|Great Tusk|
|poke|p1|Zamazenta-*|
|poke|p2|Dragapult, F|
|poke|p2|Dragonite, F|
|poke|p2|Ting-Lu|
|poke|p2|Weezing-Galar, F|
|poke|p2|Iron Crown|
|poke|p2|Zapdos|
|teampreview
|inactive|Battle timer is ON: inactive players will automatically lose when time's up. (requested by Blackmagicfr)
|
|t:|1757913187
|teamsize|p1|6
|teamsize|p2|6
|start
|switch|p1a: Alomomola|Alomomola, M|100/100
|switch|p2a: Iron Crown|Iron Crown|100/100
|turn|1
|
|t:|1757913191
|move|p2a: Iron Crown|Volt Switch|p1a: Alomomola
|-supereffective|p1a: Alomomola
|-damage|p1a: Alomomola|47/100
|
|t:|1757913193
|-end|p2a: Iron Crown|Quark Drive|[silent]
|switch|p2a: Zapdos|Zapdos|100/100|[from] Volt Switch
|move|p1a: Alomomola|Flip Turn|p2a: Zapdos
|-damage|p2a: Zapdos|81/100
|
|t:|1757913200
|switch|p1a: Heatran|Heatran, M|100/100|[from] Flip Turn
|
|upkeep
|turn|2
|
|t:|1757913203
|move|p2a: Zapdos|Volt Switch|p1a: Heatran
|-damage|p1a: Heatran|78/100
|
|t:|1757913205
|switch|p2a: Ting-Lu|Ting-Lu|100/100|[from] Volt Switch
|-ability|p2a: Ting-Lu|Vessel of Ruin
|move|p1a: Heatran|Magma Storm|p2a: Ting-Lu
|-damage|p2a: Ting-Lu|84/100
|-activate|p2a: Ting-Lu|move: Magma Storm|[of] p1a: Heatran
|
|-heal|p1a: Heatran|85/100|[from] item: Leftovers
|-heal|p2a: Ting-Lu|90/100|[from] item: Leftovers
|-damage|p2a: Ting-Lu|77/100|[from] move: Magma Storm|[partiallytrapped]
|upkeep
|turn|3
|
|t:|1757913210
|switch|p1a: Rillaboom|Rillaboom, M|100/100
|-fieldstart|move: Grassy Terrain|[from] ability: Grassy Surge|[of] p1a: Rillaboom
|move|p2a: Ting-Lu|Stealth Rock|p1a: Rillaboom
|-sidestart|p1: Blackmagicfr|move: Stealth Rock
|
|-heal|p2a: Ting-Lu|84/100|[from] Grassy Terrain
|-heal|p2a: Ting-Lu|90/100|[from] item: Leftovers
|-end|p2a: Ting-Lu|Magma Storm|[partiallytrapped]|[silent]
|upkeep
|turn|4
|
|t:|1757913215
|switch|p2a: Weezing|Weezing-Galar, F|100/100
|-ability|p2a: Weezing|Neutralizing Gas
|move|p1a: Rillaboom|U-turn|p2a: Weezing
|-resisted|p2a: Weezing
|-damage|p2a: Weezing|97/100
|-damage|p1a: Rillaboom|84/100|[from] item: Rocky Helmet|[of] p2a: Weezing
|
|t:|1757913218
|switch|p1a: Electrode|Electrode-Hisui, shiny|100/100|[from] U-turn
|-damage|p1a: Electrode|88/100|[from] Stealth Rock
|
|-heal|p1a: Electrode|94/100|[from] Grassy Terrain
|-heal|p2a: Weezing|100/100|[from] Grassy Terrain
|upkeep
|turn|5
|
|t:|1757913227
|-terastallize|p1a: Electrode|Grass
|move|p1a: Electrode|Chloroblast|p2a: Weezing
|-resisted|p2a: Weezing
|-damage|p2a: Weezing|1/100
|-damage|p1a: Electrode|44/100|[from] Recoil
|move|p2a: Weezing|Toxic Spikes|p1a: Electrode
|-sidestart|p1: Blackmagicfr|move: Toxic Spikes
|
|-heal|p1a: Electrode|50/100|[from] Grassy Terrain
|-heal|p2a: Weezing|7/100|[from] Grassy Terrain
|upkeep
|turn|6
|c|☆Blackmagicfr|Woah
|
|t:|1757913240
|switch|p1a: Great Tusk|Great Tusk|100/100
|-end|p2a: Weezing|ability: Neutralizing Gas
|switch|p2a: Iron Crown|Iron Crown|100/100
|
|upkeep
|turn|7
|
|t:|1757913247
|-terastallize|p2a: Iron Crown|Steel
|move|p2a: Iron Crown|Tachyon Cutter|p1a: Great Tusk
|-damage|p1a: Great Tusk|30/100
|-damage|p1a: Great Tusk|0 fnt
|faint|p1a: Great Tusk
|-end|p1a: Great Tusk|Protosynthesis|[silent]
|-hitcount|p1: Great Tusk|2
|
|upkeep
|
|t:|1757913253
|switch|p1a: Heatran|Heatran, M|85/100
|-damage|p1a: Heatran|72/100|[from] Stealth Rock
|turn|8
|
|t:|1757913257
|-end|p2a: Iron Crown|Quark Drive|[silent]
|switch|p2a: Ting-Lu|Ting-Lu|90/100
|-ability|p2a: Ting-Lu|Vessel of Ruin
|move|p1a: Heatran|Magma Storm|p2a: Ting-Lu
|-damage|p2a: Ting-Lu|73/100
|-activate|p2a: Ting-Lu|move: Magma Storm|[of] p1a: Heatran
|
|-heal|p1a: Heatran|78/100|[from] Grassy Terrain
|-heal|p1a: Heatran|85/100|[from] item: Leftovers
|-heal|p2a: Ting-Lu|79/100|[from] Grassy Terrain
|-heal|p2a: Ting-Lu|85/100|[from] item: Leftovers
|-damage|p2a: Ting-Lu|73/100|[from] move: Magma Storm|[partiallytrapped]
|upkeep
|turn|9
|
|t:|1757913262
|switch|p1a: Electrode|Electrode-Hisui, shiny, tera:Grass|50/100
|-damage|p1a: Electrode|38/100|[from] Stealth Rock
|-status|p1a: Electrode|psn
|move|p2a: Ting-Lu|Earthquake|p1a: Electrode
|-resisted|p1a: Electrode
|-damage|p1a: Electrode|23/100 psn
|
|-heal|p1a: Electrode|29/100 psn|[from] Grassy Terrain
|-heal|p2a: Ting-Lu|79/100|[from] Grassy Terrain
|-heal|p2a: Ting-Lu|85/100|[from] item: Leftovers
|-damage|p1a: Electrode|17/100 psn|[from] psn
|-end|p2a: Ting-Lu|Magma Storm|[partiallytrapped]|[silent]
|upkeep
|turn|10
|
|t:|1757913265
|switch|p2a: Weezing|Weezing-Galar, F|7/100
|-ability|p2a: Weezing|Neutralizing Gas
|move|p1a: Electrode|Leaf Storm|p2a: Weezing
|-resisted|p2a: Weezing
|-damage|p2a: Weezing|0 fnt
|-unboost|p1a: Electrode|spa|2
|faint|p2a: Weezing
|-end|p2a: Weezing|ability: Neutralizing Gas
|
|-heal|p1a: Electrode|23/100 psn|[from] Grassy Terrain
|-damage|p1a: Electrode|11/100 psn|[from] psn
|-fieldend|move: Grassy Terrain
|upkeep
|
|t:|1757913272
|switch|p2a: Iron Crown|Iron Crown, tera:Steel|100/100
|turn|11
|
|t:|1757913274
|move|p1a: Electrode|Leaf Storm|p2a: Iron Crown
|-resisted|p2a: Iron Crown
|-damage|p2a: Iron Crown|77/100
|-unboost|p1a: Electrode|spa|2
|move|p2a: Iron Crown|Volt Switch|p1a: Electrode
|-resisted|p1a: Electrode
|-damage|p1a: Electrode|0 fnt
|faint|p1a: Electrode
|
|t:|1757913276
|-end|p2a: Iron Crown|Quark Drive|[silent]
|switch|p2a: Zapdos|Zapdos|81/100|[from] Volt Switch
|
|upkeep
|
|t:|1757913281
|switch|p1a: Heatran|Heatran, M|85/100
|-damage|p1a: Heatran|72/100|[from] Stealth Rock
|turn|12
|
|t:|1757913286
|move|p2a: Zapdos|Volt Switch|p1a: Heatran
|-damage|p1a: Heatran|52/100
|
|t:|1757913288
|switch|p2a: Ting-Lu|Ting-Lu|85/100|[from] Volt Switch
|-ability|p2a: Ting-Lu|Vessel of Ruin
|move|p1a: Heatran|Magma Storm|p2a: Ting-Lu|[miss]
|-miss|p1a: Heatran|p2a: Ting-Lu
|
|-heal|p1a: Heatran|58/100|[from] item: Leftovers
|-heal|p2a: Ting-Lu|92/100|[from] item: Leftovers
|upkeep
|turn|13
|
|t:|1757913292
|move|p1a: Heatran|Will-O-Wisp|p2a: Ting-Lu|[miss]
|-miss|p1a: Heatran|p2a: Ting-Lu
|move|p2a: Ting-Lu|Whirlwind|p1a: Heatran
|drag|p1a: Alomomola|Alomomola, M|80/100
|
|-heal|p2a: Ting-Lu|98/100|[from] item: Leftovers
|upkeep
|turn|14
|
|t:|1757913296
|move|p1a: Alomomola|Wish|p1a: Alomomola
|move|p2a: Ting-Lu|Whirlwind|p1a: Alomomola
|drag|p1a: Zamazenta|Zamazenta|100/100
|-damage|p1a: Zamazenta|94/100|[from] Stealth Rock
|-status|p1a: Zamazenta|psn
|-ability|p1a: Zamazenta|Dauntless Shield|boost
|-boost|p1a: Zamazenta|def|1
|
|-heal|p2a: Ting-Lu|100/100|[from] item: Leftovers
|-damage|p1a: Zamazenta|82/100 psn|[from] psn
|upkeep
|turn|15
|
|t:|1757913300
|switch|p2a: Zapdos|Zapdos|81/100
|move|p1a: Zamazenta|Crunch|p2a: Zapdos
|-damage|p2a: Zapdos|37/100
|
|-heal|p1a: Zamazenta|100/100 psn|[from] move: Wish|[wisher] Alomomola
|-damage|p1a: Zamazenta|88/100 psn|[from] psn
|upkeep
|turn|16
|
|t:|1757913328
|switch|p1a: Rillaboom|Rillaboom, M|84/100
|-damage|p1a: Rillaboom|72/100|[from] Stealth Rock
|-status|p1a: Rillaboom|psn
|-fieldstart|move: Grassy Terrain|[from] ability: Grassy Surge|[of] p1a: Rillaboom
|switch|p2a: Dragapult|Dragapult, F|100/100
|
|-heal|p1a: Rillaboom|78/100 psn|[from] Grassy Terrain
|-damage|p1a: Rillaboom|65/100 psn|[from] psn
|upkeep
|turn|17
|
|t:|1757913332
|move|p2a: Dragapult|Hex|p1a: Rillaboom
|-damage|p1a: Rillaboom|3/100 psn
|move|p1a: Rillaboom|U-turn|p2a: Dragapult
|-resisted|p2a: Dragapult
|-damage|p2a: Dragapult|83/100
|
|t:|1757913341
|switch|p1a: Heatran|Heatran, M|58/100|[from] U-turn
|-damage|p1a: Heatran|46/100|[from] Stealth Rock
|
|-heal|p2a: Dragapult|89/100|[from] Grassy Terrain
|-heal|p1a: Heatran|52/100|[from] Grassy Terrain
|-heal|p1a: Heatran|58/100|[from] item: Leftovers
|upkeep
|turn|18
|
|t:|1757913348
|switch|p2a: Ting-Lu|Ting-Lu|100/100
|-ability|p2a: Ting-Lu|Vessel of Ruin
|move|p1a: Heatran|Magma Storm|p2a: Ting-Lu
|-damage|p2a: Ting-Lu|82/100
|-activate|p2a: Ting-Lu|move: Magma Storm|[of] p1a: Heatran
|
|-heal|p1a: Heatran|64/100|[from] Grassy Terrain
|-heal|p1a: Heatran|70/100|[from] item: Leftovers
|-heal|p2a: Ting-Lu|89/100|[from] Grassy Terrain
|-heal|p2a: Ting-Lu|95/100|[from] item: Leftovers
|-damage|p2a: Ting-Lu|82/100|[from] move: Magma Storm|[partiallytrapped]
|upkeep
|turn|19
|
|t:|1757913356
|move|p1a: Heatran|Stealth Rock|p2a: Ting-Lu
|-sidestart|p2: Danxsh17|move: Stealth Rock
|move|p2a: Ting-Lu|Earthquake|p1a: Heatran
|-supereffective|p1a: Heatran
|-damage|p1a: Heatran|5/100
|
|-heal|p1a: Heatran|11/100|[from] Grassy Terrain
|-heal|p1a: Heatran|18/100|[from] item: Leftovers
|-heal|p2a: Ting-Lu|89/100|[from] Grassy Terrain
|-heal|p2a: Ting-Lu|95/100|[from] item: Leftovers
|-damage|p2a: Ting-Lu|82/100|[from] move: Magma Storm|[partiallytrapped]
|upkeep
|turn|20
|
|t:|1757913361
|switch|p1a: Alomomola|Alomomola, M|100/100
|move|p2a: Ting-Lu|Whirlwind|p1a: Alomomola
|drag|p1a: Zamazenta|Zamazenta|88/100 psn
|-damage|p1a: Zamazenta|82/100 psn|[from] Stealth Rock
|
|-heal|p1a: Zamazenta|88/100 psn|[from] Grassy Terrain
|-heal|p2a: Ting-Lu|89/100|[from] Grassy Terrain
|-heal|p2a: Ting-Lu|95/100|[from] item: Leftovers
|-damage|p1a: Zamazenta|76/100 psn|[from] psn
|-end|p2a: Ting-Lu|Magma Storm|[partiallytrapped]|[silent]
|upkeep
|turn|21
|
|t:|1757913366
|move|p1a: Zamazenta|Close Combat|p2a: Ting-Lu
|-supereffective|p2a: Ting-Lu
|-crit|p2a: Ting-Lu
|-damage|p2a: Ting-Lu|0 fnt
|-unboost|p1a: Zamazenta|def|1
|-unboost|p1a: Zamazenta|spd|1
|faint|p2a: Ting-Lu
|
|-heal|p1a: Zamazenta|82/100 psn|[from] Grassy Terrain
|-damage|p1a: Zamazenta|70/100 psn|[from] psn
|upkeep
|
|t:|1757913372
|switch|p2a: Dragapult|Dragapult, F|89/100
|turn|22
|
|t:|1757913389
|switch|p1a: Alomomola|Alomomola, M|100/100
|move|p2a: Dragapult|Hex|p1a: Alomomola
|-damage|p1a: Alomomola|78/100
|
|-heal|p2a: Dragapult|95/100|[from] Grassy Terrain
|-heal|p1a: Alomomola|85/100|[from] Grassy Terrain
|upkeep
|turn|23
|
|t:|1757913395
|move|p2a: Dragapult|Will-O-Wisp|p1a: Alomomola
|-status|p1a: Alomomola|brn
|move|p1a: Alomomola|Wish|p1a: Alomomola
|
|-heal|p2a: Dragapult|100/100|[from] Grassy Terrain
|-heal|p1a: Alomomola|91/100 brn|[from] Grassy Terrain
|-damage|p1a: Alomomola|85/100 brn|[from] brn
|-fieldend|move: Grassy Terrain
|upkeep
|turn|24
|
|t:|1757913400
|move|p2a: Dragapult|Hex|p1a: Alomomola
|-damage|p1a: Alomomola|42/100 brn
|move|p1a: Alomomola|Flip Turn|p2a: Dragapult
|-resisted|p2a: Dragapult
|-damage|p2a: Dragapult|95/100
|
|t:|1757913402
|switch|p1a: Heatran|Heatran, M|18/100|[from] Flip Turn
|-damage|p1a: Heatran|5/100|[from] Stealth Rock
|
|-heal|p1a: Heatran|74/100|[from] move: Wish|[wisher] Alomomola
|-heal|p1a: Heatran|81/100|[from] item: Leftovers
|upkeep
|turn|25
|
|t:|1757913410
|move|p2a: Dragapult|U-turn|p1a: Heatran
|-resisted|p1a: Heatran
|-damage|p1a: Heatran|77/100
|
|t:|1757913412
|switch|p2a: Zapdos|Zapdos|37/100|[from] U-turn
|move|p1a: Heatran|Magma Storm|p2a: Zapdos
|-crit|p2a: Zapdos
|-damage|p2a: Zapdos|0 fnt
|faint|p2a: Zapdos
|
|-heal|p1a: Heatran|83/100|[from] item: Leftovers
|upkeep
|
|t:|1757913414
|switch|p2a: Dragonite|Dragonite, F|100/100
|turn|26
|
|t:|1757913419
|switch|p1a: Rillaboom|Rillaboom, M|3/100 psn
|-damage|p1a: Rillaboom|0 fnt|[from] Stealth Rock
|faint|p1a: Rillaboom
|move|p2a: Dragonite|Earthquake|p1: Rillaboom|[notarget]
|-fail|p2a: Dragonite
|
|upkeep
|
|t:|1757913423
|switch|p1a: Zamazenta|Zamazenta|70/100 psn
|-damage|p1a: Zamazenta|64/100 psn|[from] Stealth Rock
|turn|27
|
|t:|1757913431
|switch|p2a: Dragapult|Dragapult, F|95/100
|move|p1a: Zamazenta|Stone Edge|p2a: Dragapult
|-damage|p2a: Dragapult|27/100
|
|-damage|p1a: Zamazenta|51/100 psn|[from] psn
|upkeep
|turn|28
|
|t:|1757913436
|switch|p1a: Alomomola|Alomomola, M|76/100 brn
|move|p2a: Dragapult|Hex|p1a: Alomomola
|-damage|p1a: Alomomola|33/100 brn
|
|-damage|p1a: Alomomola|27/100 brn|[from] brn
|upkeep
|turn|29
|
|t:|1757913444
|switch|p1a: Heatran|Heatran, M|83/100
|-damage|p1a: Heatran|70/100|[from] Stealth Rock
|move|p2a: Dragapult|Hex|p1a: Heatran
|-damage|p1a: Heatran|55/100
|
|-heal|p1a: Heatran|61/100|[from] item: Leftovers
|upkeep
|turn|30
|
|t:|1757913468
|move|p2a: Dragapult|U-turn|p1a: Heatran
|-resisted|p1a: Heatran
|-damage|p1a: Heatran|57/100
|
|t:|1757913471
|switch|p2a: Dragonite|Dragonite, F|100/100|[from] U-turn
|move|p1a: Heatran|Will-O-Wisp|p2a: Dragonite
|-status|p2a: Dragonite|brn
|
|-heal|p1a: Heatran|63/100|[from] item: Leftovers
|-damage|p2a: Dragonite|94/100 brn|[from] brn
|upkeep
|turn|31
|
|t:|1757913478
|switch|p1a: Alomomola|Alomomola, M|60/100 brn
|move|p2a: Dragonite|Earthquake|p1a: Alomomola
|-damage|p1a: Alomomola|47/100 brn
|
|-damage|p2a: Dragonite|88/100 brn|[from] brn
|-damage|p1a: Alomomola|41/100 brn|[from] brn
|upkeep
|turn|32
|
|t:|1757913482
|move|p2a: Dragonite|Dragon Dance|p2a: Dragonite
|-boost|p2a: Dragonite|atk|1
|-boost|p2a: Dragonite|spe|1
|move|p1a: Alomomola|Wish|p1a: Alomomola
|
|-damage|p2a: Dragonite|82/100 brn|[from] brn
|-damage|p1a: Alomomola|35/100 brn|[from] brn
|upkeep
|turn|33
|
|t:|1757913486
|move|p2a: Dragonite|Earthquake|p1a: Alomomola
|-damage|p1a: Alomomola|14/100 brn
|move|p1a: Alomomola|Flip Turn|p2a: Dragonite
|-resisted|p2a: Dragonite
|-damage|p2a: Dragonite|79/100 brn
|
|t:|1757913488
|switch|p1a: Zamazenta|Zamazenta|51/100 psn|[from] Flip Turn
|-damage|p1a: Zamazenta|45/100 psn|[from] Stealth Rock
|
|-heal|p1a: Zamazenta|100/100 psn|[from] move: Wish|[wisher] Alomomola
|-damage|p1a: Zamazenta|88/100 psn|[from] psn
|-damage|p2a: Dragonite|73/100 brn|[from] brn
|upkeep
|turn|34
|
|t:|1757913493
|move|p1a: Zamazenta|Stone Edge|p2a: Dragonite|[miss]
|-miss|p1a: Zamazenta|p2a: Dragonite
|move|p2a: Dragonite|Roost|p2a: Dragonite
|-heal|p2a: Dragonite|100/100 brn
|-singleturn|p2a: Dragonite|move: Roost
|
|-damage|p1a: Zamazenta|76/100 psn|[from] psn
|-damage|p2a: Dragonite|94/100 brn|[from] brn
|upkeep
|turn|35
|
|t:|1757913499
|move|p2a: Dragonite|Extreme Speed|p1a: Zamazenta
|-damage|p1a: Zamazenta|56/100 psn
|move|p1a: Zamazenta|Stone Edge|p2a: Dragonite
|-supereffective|p2a: Dragonite
|-damage|p2a: Dragonite|0 fnt
|faint|p2a: Dragonite
|
|-damage|p1a: Zamazenta|43/100 psn|[from] psn
|upkeep
|
|t:|1757913517
|switch|p2a: Iron Crown|Iron Crown, tera:Steel|77/100
|-damage|p2a: Iron Crown|71/100|[from] Stealth Rock
|turn|36
|
|t:|1757913521
|switch|p1a: Alomomola|Alomomola, M|47/100 brn
|move|p2a: Iron Crown|Focus Blast|p1a: Alomomola
|-crit|p1a: Alomomola
|-damage|p1a: Alomomola|0 fnt
|faint|p1a: Alomomola
|
|upkeep
|
|t:|1757913524
|switch|p1a: Zamazenta|Zamazenta|43/100 psn
|-damage|p1a: Zamazenta|37/100 psn|[from] Stealth Rock
|turn|37
|
|t:|1757913531
|move|p1a: Zamazenta|Crunch|p2a: Iron Crown
|-damage|p2a: Iron Crown|31/100
|move|p2a: Iron Crown|Focus Blast|p1a: Zamazenta
|-damage|p1a: Zamazenta|0 fnt
|faint|p1a: Zamazenta
|
|upkeep
|
|t:|1757913533
|switch|p1a: Heatran|Heatran, M|63/100
|-damage|p1a: Heatran|51/100|[from] Stealth Rock
|turn|38
|
|t:|1757913537
|move|p2a: Iron Crown|Focus Blast|p1a: Heatran|[miss]
|-miss|p2a: Iron Crown|p1a: Heatran
|move|p1a: Heatran|Magma Storm|p2a: Iron Crown
|-supereffective|p2a: Iron Crown
|-damage|p2a: Iron Crown|0 fnt
|faint|p2a: Iron Crown
|-end|p2a: Iron Crown|Quark Drive|[silent]
|
|-heal|p1a: Heatran|57/100|[from] item: Leftovers
|upkeep
|
|t:|1757913539
|switch|p2a: Dragapult|Dragapult, F|27/100
|turn|39
|
|t:|1757913542
|move|p2a: Dragapult|Hex|p1a: Heatran
|-damage|p1a: Heatran|39/100
|move|p1a: Heatran|Earth Power|p2a: Dragapult
|-damage|p2a: Dragapult|0 fnt
|faint|p2a: Dragapult
|
|win|Blackmagicfr
|raw|Blackmagicfr's rating: 1374 &rarr; <strong>1398</strong><br />(+24 for winning)
|raw|Danxsh17's rating: 1449 &rarr; <strong>1425</strong><br />(-24 for losing)
|c|☆Danxsh17|Gg
|c|☆Blackmagicfr|Gg
|l|☆Danxsh17
|player|p2|
