|j|☆krishna fire2
|j|☆Ramirux36OXD
|t:|1757913832
|gametype|singles
|player|p1|krishna fire2|pokemonranger-gen4|1120
|player|p2|Ramirux36OXD|ghetsis|1144
|gen|9
|tier|[Gen 9] OU
|rated|
|rule|HP Percentage Mod: HP is shown in percentages
|rule|Endless Battle Clause: Forcing endless battles is banned
|rule|Species Clause: Limit one of each Pokémon
|rule|OHKO Clause: OHKO moves are banned
|rule|Evasion Items Clause: Evasion items are banned
|rule|Evasion Moves Clause: Evasion moves are banned
|rule|Evasion Abilities Clause: Evasion abilities are banned
|rule|Sleep Moves Clause: Sleep-inducing moves are banned
|clearpoke
|poke|p1|Serperior, M|
|poke|p1|Cinderace, M|
|poke|p1|Grimmsnarl, M|
|poke|p1|Corviknight, F|
|poke|p1|Dragapult, M|
|poke|p1|Glimmora, M|
|poke|p2|Spiritomb, F|
|poke|p2|Muk-Alola, F|
|poke|p2|Samurott-Hisui, M|
|poke|p2|Krookodile, F|
|poke|p2|Hydreigon, F|
|poke|p2|Kingambit, M|
|teampreview
|inactive|Battle timer is ON: inactive players will automatically lose when time's up. (requested by krishna fire2)
|
|t:|1757913840
|teamsize|p1|6
|teamsize|p2|6
|start
|switch|p1a: Glimmora|Glimmora, M, shiny|100/100
|switch|p2a: Spiritomb|Spiritomb, F|100/100
|turn|1
|
|t:|1757913848
|move|p1a: Glimmora|Rock Polish|p1a: Glimmora
|-boost|p1a: Glimmora|spe|2
|move|p2a: Spiritomb|Will-O-Wisp|p1a: Glimmora
|-status|p1a: Glimmora|brn
|
|-damage|p1a: Glimmora|94/100 brn|[from] brn
|upkeep
|turn|2
|
|t:|1757913854
|move|p1a: Glimmora|Meteor Beam||[still]
|-prepare|p1a: Glimmora|Meteor Beam
|-boost|p1a: Glimmora|spa|1
|-enditem|p1a: Glimmora|Power Herb
|-anim|p1a: Glimmora|Meteor Beam|p2a: Spiritomb
|-damage|p2a: Spiritomb|0 fnt
|faint|p2a: Spiritomb
|
|-damage|p1a: Glimmora|88/100 brn|[from] brn
|upkeep
|
|t:|1757913862
|switch|p2a: Krookodile|Krookodile, F|100/100
|turn|3
|
|t:|1757913865
|move|p1a: Glimmora|Energy Ball|p2a: Krookodile
|-supereffective|p2a: Krookodile
|-damage|p2a: Krookodile|0 fnt
|faint|p2a: Krookodile
|
|-damage|p1a: Glimmora|82/100 brn|[from] brn
|upkeep
|
|t:|1757913878
|switch|p2a: Hydreigon|Hydreigon, F|100/100
|turn|4
|
|t:|1757913884
|move|p1a: Glimmora|Power Gem|p2a: Hydreigon
|-damage|p2a: Hydreigon|28/100
|move|p2a: Hydreigon|Surf|p1a: Glimmora
|-supereffective|p1a: Glimmora
|-damage|p1a: Glimmora|0 fnt
|faint|p1a: Glimmora
|-damage|p2a: Hydreigon|19/100|[from] item: Life Orb
|
|upkeep
|
|t:|1757913892
|switch|p1a: Serperior|Serperior, M, shiny|100/100
|turn|5
|
|t:|1757913895
|move|p1a: Serperior|Leaf Storm|p2a: Hydreigon|[miss]
|-miss|p1a: Serperior|p2a: Hydreigon
|move|p2a: Hydreigon|Flamethrower|p1a: Serperior
|-supereffective|p1a: Serperior
|-damage|p1a: Serperior|1/100
|-enditem|p1a: Serperior|Aguav Berry|[eat]
|-heal|p1a: Serperior|34/100|[from] item: Aguav Berry
|-damage|p2a: Hydreigon|9/100|[from] item: Life Orb
|
|upkeep
|turn|6
|
|t:|1757913902
|move|p1a: Serperior|Leaf Storm|p2a: Hydreigon
|-resisted|p2a: Hydreigon
|-damage|p2a: Hydreigon|0 fnt
|-boost|p1a: Serperior|spa|2
|faint|p2a: Hydreigon
|
|upkeep
|
|t:|1757913904
|switch|p2a: Samurott|Samurott-Hisui, M|100/100
|turn|7
|
|t:|1757913910
|move|p1a: Serperior|Leaf Storm|p2a: Samurott
|-supereffective|p2a: Samurott
|-damage|p2a: Samurott|0 fnt
|-boost|p1a: Serperior|spa|2
|faint|p2a: Samurott
|
|upkeep
|
|t:|1757913912
|switch|p2a: Muk|Muk-Alola, F|100/100
|turn|8
|
|t:|1757913918
|move|p1a: Serperior|Leaf Storm|p2a: Muk
|-resisted|p2a: Muk
|-damage|p2a: Muk|40/100
|-boost|p1a: Serperior|spa|2
|move|p2a: Muk|Poison Jab|p1a: Serperior
|-supereffective|p1a: Serperior
|-crit|p1a: Serperior
|-damage|p1a: Serperior|0 fnt
|faint|p1a: Serperior
|
|-heal|p2a: Muk|47/100|[from] item: Leftovers
|upkeep
|
|t:|1757913925
|switch|p1a: Dragapult|Dragapult, M|100/100
|turn|9
|
|t:|1757913929
|move|p1a: Dragapult|Draco Meteor|p2a: Muk
|-damage|p2a: Muk|0 fnt
|-unboost|p1a: Dragapult|spa|2
|faint|p2a: Muk
|
|upkeep
|
|t:|1757913933
|switch|p2a: Kingambit|Kingambit, M|100/100
|-activate|p2a: Kingambit|ability: Supreme Overlord
|-start|p2a: Kingambit|fallen5|[silent]
|turn|10
|
|t:|1757913936
|switch|p1a: Corviknight|Corviknight, F, shiny|100/100
|move|p2a: Kingambit|Swords Dance|p2a: Kingambit
|-boost|p2a: Kingambit|atk|2
|
|upkeep
|turn|11
|
|t:|1757913939
|move|p1a: Corviknight|Body Press|p2a: Kingambit
|-supereffective|p2a: Kingambit
|-damage|p2a: Kingambit|43/100
|move|p2a: Kingambit|Kowtow Cleave|p1a: Corviknight
|-damage|p1a: Corviknight|0 fnt
|faint|p1a: Corviknight
|
|upkeep
|
|t:|1757913950
|switch|p1a: Grimmsnarl|Grimmsnarl, M, shiny|100/100
|turn|12
|
|t:|1757913952
|move|p1a: Grimmsnarl|Reflect|p1a: Grimmsnarl
|-sidestart|p1: krishna fire2|Reflect
|move|p2a: Kingambit|Iron Head|p1a: Grimmsnarl
|-supereffective|p1a: Grimmsnarl
|-damage|p1a: Grimmsnarl|0 fnt
|faint|p1a: Grimmsnarl
|
|upkeep
|
|t:|1757913959
|switch|p1a: Dragapult|Dragapult, M|100/100
|turn|13
|
|t:|1757913962
|move|p2a: Kingambit|Sucker Punch|p1a: Dragapult
|-supereffective|p1a: Dragapult
|-crit|p1a: Dragapult
|-damage|p1a: Dragapult|0 fnt
|faint|p1a: Dragapult
|
|upkeep
|
|t:|1757913965
|switch|p1a: Cinderace|Cinderace, M, shiny|100/100
|turn|14
|
|t:|1757913969
|-terastallize|p1a: Cinderace|Fighting
|-terastallize|p2a: Kingambit|Ghost
|move|p1a: Cinderace|High Jump Kick|p2a: Kingambit
|-immune|p2a: Kingambit
|-damage|p1a: Cinderace|50/100|[from] highjumpkick
|move|p2a: Kingambit|Iron Head|p1a: Cinderace
|-damage|p1a: Cinderace|0 fnt
|faint|p1a: Cinderace
|
|win|Ramirux36OXD
|raw|krishna fire2's rating: 1120 &rarr; <strong>1097</strong><br />(-23 for losing)
|raw|Ramirux36OXD's rating: 1144 &rarr; <strong>1167</strong><br />(+23 for winning)
|l|☆krishna fire2
|player|p1|
|l|☆Ramirux36OXD
|player|p2|
