|j|☆nolife2024
|j|☆Cjxgamerx
|t:|1757861048
|gametype|singles
|player|p1|nolife2024|266|1087
|player|p2|Cjxgamerx|dahlia|1040
|gen|9
|tier|[Gen 9] OU
|rated|
|rule|HP Percentage Mod: HP is shown in percentages
|rule|Endless Battle Clause: Forcing endless battles is banned
|rule|Species Clause: Limit one of each Pokémon
|rule|OHKO Clause: OHKO moves are banned
|rule|Evasion Items Clause: Evasion items are banned
|rule|Evasion Moves Clause: Evasion moves are banned
|rule|Evasion Abilities Clause: Evasion abilities are banned
|rule|Sleep Moves Clause: Sleep-inducing moves are banned
|clearpoke
|poke|p1|Clodsire, F|
|poke|p1|Dondozo, M|
|poke|p1|Alomomola, M|
|poke|p1|Talonflame, F|
|poke|p1|Toxapex, F|
|poke|p1|Blissey, F|
|poke|p2|Crawdaunt, M|
|poke|p2|Lycanroc-Dusk, F|
|poke|p2|Ampharos, M|
|poke|p2|Goodra-Hisui, F|
|poke|p2|Morpeko, F|
|poke|p2|Hydreigon, F|
|teampreview
|
|t:|1757861058
|teamsize|p1|6
|teamsize|p2|6
|start
|switch|p1a: Blissey|Blissey, F|100/100
|switch|p2a: Rockweiler|Lycanroc-Dusk, F|100/100
|turn|1
|
|t:|1757861067
|switch|p1a: Alomomola|Alomomola, M|100/100
|move|p2a: Rockweiler|Stealth Rock|p1a: Alomomola
|-sidestart|p1: nolife2024|move: Stealth Rock
|
|upkeep
|turn|2
|
|t:|1757861084
|switch|p2a: SlimeShady|Goodra-Hisui, F|100/100
|move|p1a: Alomomola|Whirlpool|p2a: SlimeShady
|-resisted|p2a: SlimeShady
|-damage|p2a: SlimeShady|99/100
|-activate|p2a: SlimeShady|move: Whirlpool|[of] p1a: Alomomola
|
|-damage|p2a: SlimeShady|87/100|[from] move: Whirlpool|[partiallytrapped]
|upkeep
|turn|3
|
|t:|1757861092
|move|p1a: Alomomola|Protect|p1a: Alomomola
|-singleturn|p1a: Alomomola|Protect
|move|p2a: SlimeShady|Curse|p2a: SlimeShady
|-unboost|p2a: SlimeShady|spe|1
|-boost|p2a: SlimeShady|atk|1
|-boost|p2a: SlimeShady|def|1
|
|-damage|p2a: SlimeShady|74/100|[from] move: Whirlpool|[partiallytrapped]
|upkeep
|turn|4
|
|t:|1757861102
|switch|p1a: Toxapex|Toxapex, F|100/100
|move|p2a: SlimeShady|Curse|p2a: SlimeShady
|-unboost|p2a: SlimeShady|spe|1
|-boost|p2a: SlimeShady|atk|1
|-boost|p2a: SlimeShady|def|1
|
|-end|p2a: SlimeShady|Whirlpool|[partiallytrapped]|[silent]
|upkeep
|turn|5
|
|t:|1757861112
|move|p1a: Toxapex|Infestation|p2a: SlimeShady
|-resisted|p2a: SlimeShady
|-damage|p2a: SlimeShady|74/100
|-activate|p2a: SlimeShady|move: Infestation|[of] p1a: Toxapex
|move|p2a: SlimeShady|Curse|p2a: SlimeShady
|-unboost|p2a: SlimeShady|spe|1
|-boost|p2a: SlimeShady|atk|1
|-boost|p2a: SlimeShady|def|1
|
|-damage|p2a: SlimeShady|61/100|[from] move: Infestation|[partiallytrapped]
|upkeep
|turn|6
|
|t:|1757861130
|move|p1a: Toxapex|Haze|p1a: Toxapex
|-clearallboost
|move|p2a: SlimeShady|Earthquake|p1a: Toxapex
|-supereffective|p1a: Toxapex
|-damage|p1a: Toxapex|74/100
|
|-damage|p2a: SlimeShady|49/100|[from] move: Infestation|[partiallytrapped]
|upkeep
|turn|7
|-message|Cjxgamerx forfeited.
|
|win|nolife2024
|raw|nolife2024's rating: 1087 &rarr; <strong>1110</strong><br />(+23 for winning)
|raw|Cjxgamerx's rating: 1040 &rarr; <strong>1026</strong><br />(-14 for losing)
|l|☆Cjxgamerx
|player|p2|
