|j|☆M.C.9
|j|☆zayanc
|t:|1757963668
|gametype|singles
|player|p1|M.C.9|n|1243
|player|p2|zayanc|102|1170
|gen|9
|tier|[Gen 9] OU
|rated|
|rule|HP Percentage Mod: HP is shown in percentages
|rule|Endless Battle Clause: Forcing endless battles is banned
|rule|Species Clause: Limit one of each Pokémon
|rule|OHKO Clause: OHKO moves are banned
|rule|Evasion Items Clause: Evasion items are banned
|rule|Evasion Moves Clause: Evasion moves are banned
|rule|Evasion Abilities Clause: Evasion abilities are banned
|rule|Sleep Moves Clause: Sleep-inducing moves are banned
|clearpoke
|poke|p1|Ogerpon-Cornerstone, F|
|poke|p1|Meowscarada, F|
|poke|p1|Hydrapple, F|
|poke|p1|Amoonguss, F|
|poke|p1|Rillaboom, M|
|poke|p1|Iron Leaves|
|poke|p2|Quaquaval, F|
|poke|p2|Skeledirge, M|
|poke|p2|Cinderace, M|
|poke|p2|Primarina, F|
|poke|p2|Serperior, F|
|poke|p2|Meowscarada, F|
|teampreview
|inactive|Battle timer is ON: inactive players will automatically lose when time's up. (requested by zayanc)
|inactive|M.C.9 also wants the timer to be on.
|c|☆zayanc|hf
|c|☆zayanc|monograss i see
|
|t:|1757963685
|teamsize|p1|6
|teamsize|p2|6
|start
|switch|p1a: Meowscarada|Meowscarada, F|100/100
|switch|p2a: Johanna|Quaquaval, F, shiny|100/100
|turn|1
|
|t:|1757963697
|move|p1a: Meowscarada|Flower Trick|p2a: Johanna
|-start|p1a: Meowscarada|typechange|Grass|[from] ability: Protean
|-supereffective|p2a: Johanna
|-crit|p2a: Johanna
|-damage|p2a: Johanna|0 fnt
|faint|p2a: Johanna
|
|upkeep
|
|t:|1757963704
|switch|p2a: Burdock|Skeledirge, M, shiny|100/100
|turn|2
|
|t:|1757963730
|switch|p1a: Hydrapple|Hydrapple, F|100/100
|move|p2a: Burdock|Will-O-Wisp|p1a: Hydrapple
|-status|p1a: Hydrapple|brn
|
|-damage|p1a: Hydrapple|94/100 brn|[from] brn
|upkeep
|turn|3
|c|☆zayanc|statistically, I sweep your team
|
|t:|1757963742
|move|p2a: Burdock|Hex|p1a: Hydrapple
|-damage|p1a: Hydrapple|43/100 brn
|move|p1a: Hydrapple|Earth Power|p2a: Burdock
|-supereffective|p2a: Burdock
|-damage|p2a: Burdock|63/100
|
|-damage|p1a: Hydrapple|37/100 brn|[from] brn
|upkeep
|turn|4
|
|t:|1757963751
|move|p2a: Burdock|Hex|p1a: Hydrapple
|-damage|p1a: Hydrapple|0 fnt
|faint|p1a: Hydrapple
|
|upkeep
|
|t:|1757963758
|switch|p1a: Meowscarada|Meowscarada, F|100/100
|turn|5
|
|t:|1757963762
|move|p1a: Meowscarada|Knock Off|p2a: Burdock
|-start|p1a: Meowscarada|typechange|Dark|[from] ability: Protean
|-supereffective|p2a: Burdock
|-damage|p2a: Burdock|0 fnt
|-enditem|p2a: Burdock|Throat Spray|[from] move: Knock Off|[of] p1a: Meowscarada
|faint|p2a: Burdock
|
|upkeep
|
|t:|1757963769
|switch|p2a: Peeta|Cinderace, M, shiny|100/100
|turn|6
|
|t:|1757963774
|move|p1a: Meowscarada|Knock Off|p2a: Peeta
|-damage|p2a: Peeta|37/100
|-enditem|p2a: Peeta|Heavy-Duty Boots|[from] move: Knock Off|[of] p1a: Meowscarada
|move|p2a: Peeta|High Jump Kick|p1a: Meowscarada
|-start|p2a: Peeta|typechange|Fighting|[from] ability: Libero
|-supereffective|p1a: Meowscarada
|-damage|p1a: Meowscarada|0 fnt
|faint|p1a: Meowscarada
|
|upkeep
|c|☆zayanc|also statistically, you have 3 wincons to my 17
|c|☆zayanc|gg
|
|t:|1757963803
|switch|p1a: Amoonguss|Amoonguss, F|100/100
|turn|7
|
|t:|1757963811
|move|p2a: Peeta|U-turn|p1a: Amoonguss
|-damage|p1a: Amoonguss|84/100
|-damage|p2a: Peeta|20/100|[from] item: Rocky Helmet|[of] p1a: Amoonguss
|
|t:|1757963816
|switch|p2a: Prim|Primarina, F, shiny|100/100|[from] U-turn
|move|p1a: Amoonguss|Toxic|p2a: Prim
|-status|p2a: Prim|tox
|
|-damage|p2a: Prim|94/100 tox|[from] psn
|upkeep
|turn|8
|
|t:|1757963828
|move|p2a: Prim|Ice Beam|p1a: Amoonguss
|-supereffective|p1a: Amoonguss
|-damage|p1a: Amoonguss|0 fnt
|faint|p1a: Amoonguss
|
|-damage|p2a: Prim|82/100 tox|[from] psn
|upkeep
|
|t:|1757963839
|switch|p1a: Rillaboom|Rillaboom, M|100/100
|-fieldstart|move: Grassy Terrain|[from] ability: Grassy Surge|[of] p1a: Rillaboom
|turn|9
|c|☆zayanc|please do the thing
|
|t:|1757963852
|move|p1a: Rillaboom|Wood Hammer|p2a: Prim
|-supereffective|p2a: Prim
|-damage|p2a: Prim|0 fnt
|faint|p2a: Prim
|-damage|p1a: Rillaboom|72/100|[from] Recoil
|
|-heal|p1a: Rillaboom|78/100|[from] Grassy Terrain
|upkeep
|c|☆zayanc|i've lost 4 of my wincons bcause of toxic T-T
|c|☆zayanc|There goes 2
|c|☆zayanc|so it becomes 11 to 4, you gained one from koing prim
|inactive|zayanc has 120 seconds left.
|
|t:|1757963885
|switch|p2a: Rue|Meowscarada, F|100/100
|turn|10
|
|t:|1757963896
|move|p2a: Rue|Triple Axel|p1a: Rillaboom
|-start|p2a: Rue|typechange|Ice|[from] ability: Protean
|-supereffective|p1a: Rillaboom
|-damage|p1a: Rillaboom|56/100
|-supereffective|p1a: Rillaboom
|-damage|p1a: Rillaboom|19/100
|-supereffective|p1a: Rillaboom
|-damage|p1a: Rillaboom|0 fnt
|faint|p1a: Rillaboom
|-hitcount|p1: Rillaboom|3
|
|upkeep
|c|☆zayanc|but it should keep going down for you
|
|t:|1757963909
|switch|p1a: Iron Leaves|Iron Leaves|100/100
|-enditem|p1a: Iron Leaves|Booster Energy
|-activate|p1a: Iron Leaves|ability: Quark Drive|[fromitem]
|-start|p1a: Iron Leaves|quarkdrivespe
|turn|11
|inactive|M.C.9 has 120 seconds left.
|c|☆zayanc|ok lost 1 from ice protean so 11-3
|
|t:|1757963944
|-terastallize|p1a: Iron Leaves|Psychic
|move|p2a: Rue|Triple Axel|p1a: Iron Leaves
|-damage|p1a: Iron Leaves|90/100
|-damage|p1a: Iron Leaves|69/100
|-damage|p1a: Iron Leaves|40/100
|-hitcount|p1a: Iron Leaves|3
|move|p1a: Iron Leaves|Swords Dance|p1a: Iron Leaves
|-boost|p1a: Iron Leaves|atk|2
|
|-heal|p1a: Iron Leaves|46/100|[from] Grassy Terrain
|upkeep
|turn|12
|inactive|M.C.9 has 120 seconds left.
|c|☆zayanc|i lose one from psychic tera
|
|t:|1757963957
|move|p2a: Rue|Triple Axel|p1a: Iron Leaves
|-damage|p1a: Iron Leaves|35/100
|-hitcount|p1a: Iron Leaves|1
|move|p1a: Iron Leaves|Close Combat|p2a: Rue
|-supereffective|p2a: Rue
|-damage|p2a: Rue|0 fnt
|-unboost|p1a: Iron Leaves|def|1
|-unboost|p1a: Iron Leaves|spd|1
|faint|p2a: Rue
|
|-heal|p1a: Iron Leaves|41/100|[from] Grassy Terrain
|upkeep
|c|☆zayanc|10-3
|inactive|zayanc has 120 seconds left.
|c|☆zayanc|rng with the 1hit triple axel makes it 9-3
|
|t:|1757963986
|switch|p2a: Katniss|Serperior, F, shiny|100/100
|turn|13
|
|t:|1757963993
|move|p1a: Iron Leaves|Psyblade|p2a: Katniss
|-damage|p2a: Katniss|0 fnt
|-damage|p1a: Iron Leaves|25/100|[from] item: Rocky Helmet|[of] p2a: Katniss
|faint|p2a: Katniss
|
|-heal|p1a: Iron Leaves|31/100|[from] Grassy Terrain
|upkeep
|
|t:|1757964000
|switch|p2a: Peeta|Cinderace, M, shiny|20/100
|turn|14
|c|☆zayanc|this looks like a win for you
|c|☆zayanc|it's 4-3
|inactive|zayanc has 120 seconds left.
|
|t:|1757964020
|-terastallize|p2a: Peeta|Grass
|move|p1a: Iron Leaves|Psyblade|p2a: Peeta
|-damage|p2a: Peeta|0 fnt
|faint|p2a: Peeta
|
|win|M.C.9
|raw|M.C.9's rating: 1243 &rarr; <strong>1263</strong><br />(+20 for winning)
|raw|zayanc's rating: 1170 &rarr; <strong>1150</strong><br />(-20 for losing)
|c|☆zayanc|gg
