|j|☆Flapsman
|j|☆preppy dude
|t:|1757816563
|gametype|singles
|player|p1|Flapsman|blue|1203
|player|p2|preppy dude|102|1179
|gen|9
|tier|[Gen 9] OU
|rated|
|rule|HP Percentage Mod: HP is shown in percentages
|rule|Endless Battle Clause: Forcing endless battles is banned
|rule|Species Clause: Limit one of each Pokémon
|rule|OHKO Clause: OHKO moves are banned
|rule|Evasion Items Clause: Evasion items are banned
|rule|Evasion Moves Clause: Evasion moves are banned
|rule|Evasion Abilities Clause: Evasion abilities are banned
|rule|Sleep Moves Clause: Sleep-inducing moves are banned
|clearpoke
|poke|p1|Iron Valiant|
|poke|p1|Gliscor, F|
|poke|p1|Skarmory, M|
|poke|p1|Great Tusk|
|poke|p1|Dragapult, M|
|poke|p1|Ceruledge, M|
|poke|p2|Zapdos|
|poke|p2|Golem, M|
|poke|p2|Arbok, M|
|poke|p2|Clefable, F|
|poke|p2|Magneton|
|poke|p2|Dodrio, F|
|teampreview
|
|t:|1757816582
|teamsize|p1|6
|teamsize|p2|6
|start
|switch|p1a: Skarmory|Skarmory, M|100/100
|switch|p2a: Golem|Golem, M|100/100
|turn|1
|
|t:|1757816588
|move|p2a: Golem|Stealth Rock|p1a: Skarmory
|-sidestart|p1: Flapsman|move: Stealth Rock
|move|p1a: Skarmory|Spikes|p2a: Golem
|-sidestart|p2: preppy dude|Spikes
|
|upkeep
|turn|2
|
|t:|1757816596
|move|p2a: Golem|Rock Blast|p1a: Skarmory
|-damage|p1a: Skarmory|92/100
|-damage|p1a: Skarmory|85/100
|-hitcount|p1a: Skarmory|2
|move|p1a: Skarmory|Spikes|p2a: Golem
|-sidestart|p2: preppy dude|Spikes
|
|upkeep
|turn|3
|
|t:|1757816603
|switch|p2a: Magneton|Magneton|100/100
|-damage|p2a: Magneton|84/100|[from] Spikes
|move|p1a: Skarmory|Spikes|p2a: Magneton
|-sidestart|p2: preppy dude|Spikes
|
|upkeep
|turn|4
|
|t:|1757816622
|move|p2a: Magneton|Discharge|p1a: Skarmory
|-supereffective|p1a: Skarmory
|-damage|p1a: Skarmory|0 fnt
|faint|p1a: Skarmory
|
|upkeep
|
|t:|1757816627
|switch|p1a: Great Tusk|Great Tusk|100/100
|turn|5
|
|t:|1757816635
|switch|p2a: Zapdos|Zapdos|100/100
|move|p1a: Great Tusk|Rapid Spin|p2a: Zapdos
|-damage|p2a: Zapdos|86/100
|-boost|p1a: Great Tusk|spe|1
|-sideend|p1: Flapsman|Stealth Rock|[from] move: Rapid Spin|[of] p1a: Great Tusk
|
|-heal|p2a: Zapdos|92/100|[from] item: Leftovers
|upkeep
|turn|6
|
|t:|1757816644
|move|p2a: Zapdos|Protect|p2a: Zapdos
|-singleturn|p2a: Zapdos|Protect
|move|p1a: Great Tusk|Ice Spinner|p2a: Zapdos
|-activate|p2a: Zapdos|move: Protect
|
|-heal|p2a: Zapdos|98/100|[from] item: Leftovers
|upkeep
|turn|7
|
|t:|1757816654
|move|p1a: Great Tusk|Stealth Rock|p2a: Zapdos
|-sidestart|p2: preppy dude|move: Stealth Rock
|move|p2a: Zapdos|Air Cutter|p1a: Great Tusk
|-supereffective|p1a: Great Tusk
|-damage|p1a: Great Tusk|30/100
|
|-heal|p2a: Zapdos|100/100|[from] item: Leftovers
|upkeep
|turn|8
|
|t:|1757816661
|move|p1a: Great Tusk|Ice Spinner|p2a: Zapdos
|-supereffective|p2a: Zapdos
|-damage|p2a: Zapdos|53/100
|-status|p1a: Great Tusk|par|[from] ability: Static|[of] p2a: Zapdos
|move|p2a: Zapdos|Air Cutter|p1a: Great Tusk
|-supereffective|p1a: Great Tusk
|-damage|p1a: Great Tusk|0 fnt
|faint|p1a: Great Tusk
|-end|p1a: Great Tusk|Protosynthesis|[silent]
|
|-heal|p2a: Zapdos|59/100|[from] item: Leftovers
|upkeep
|
|t:|1757816677
|switch|p1a: Gliscor|Gliscor, F|100/100
|turn|9
|
|t:|1757816682
|move|p2a: Zapdos|Air Cutter|p1a: Gliscor
|-damage|p1a: Gliscor|81/100
|move|p1a: Gliscor|Knock Off|p2a: Zapdos
|-damage|p2a: Zapdos|41/100
|-status|p1a: Gliscor|par|[from] ability: Static|[of] p2a: Zapdos
|-enditem|p2a: Zapdos|Leftovers|[from] move: Knock Off|[of] p1a: Gliscor
|
|upkeep
|turn|10
|
|t:|1757816691
|move|p2a: Zapdos|Roost|p2a: Zapdos
|-heal|p2a: Zapdos|91/100
|-singleturn|p2a: Zapdos|move: Roost
|move|p1a: Gliscor|Toxic|p2a: Zapdos
|-status|p2a: Zapdos|tox
|
|-damage|p2a: Zapdos|84/100 tox|[from] psn
|upkeep
|turn|11
|
|t:|1757816701
|switch|p2a: Arbok|Arbok, M|100/100
|-damage|p2a: Arbok|75/100|[from] Spikes
|-damage|p2a: Arbok|63/100|[from] Stealth Rock
|-ability|p2a: Arbok|Intimidate|boost
|-unboost|p1a: Gliscor|atk|1
|move|p1a: Gliscor|Protect||[still]
|-fail|p1a: Gliscor
|
|upkeep
|turn|12
|
|t:|1757816710
|move|p2a: Arbok|Switcheroo|p1a: Gliscor
|-activate|p2a: Arbok|move: Trick|[of] p1a: Gliscor
|-item|p1a: Gliscor|Choice Scarf|[from] move: Switcheroo
|-item|p2a: Arbok|Toxic Orb|[from] move: Switcheroo
|move|p1a: Gliscor|Knock Off|p2a: Arbok
|-damage|p2a: Arbok|44/100
|-enditem|p2a: Arbok|Toxic Orb|[from] move: Knock Off|[of] p1a: Gliscor
|
|upkeep
|turn|13
|
|t:|1757816718
|move|p2a: Arbok|Pain Split|p1a: Gliscor
|-sethp|p1a: Gliscor|60/100 par|[from] move: Pain Split|[silent]
|-sethp|p2a: Arbok|66/100|[from] move: Pain Split
|move|p1a: Gliscor|Knock Off|p2a: Arbok
|-damage|p2a: Arbok|52/100
|
|upkeep
|turn|14
|
|t:|1757816740
|switch|p1a: Dragapult|Dragapult, M|100/100
|move|p2a: Arbok|Poison Fang|p1a: Dragapult
|-resisted|p1a: Dragapult
|-damage|p1a: Dragapult|89/100
|-status|p1a: Dragapult|tox
|
|-damage|p1a: Dragapult|83/100 tox|[from] psn
|upkeep
|turn|15
|
|t:|1757816750
|move|p2a: Arbok|Protect|p2a: Arbok
|-singleturn|p2a: Arbok|Protect
|move|p1a: Dragapult|Will-O-Wisp|p2a: Arbok
|-activate|p2a: Arbok|move: Protect
|
|-damage|p1a: Dragapult|71/100 tox|[from] psn
|upkeep
|turn|16
|
|t:|1757816759
|move|p1a: Dragapult|Will-O-Wisp|p2a: Arbok
|-status|p2a: Arbok|brn
|move|p2a: Arbok|Poison Fang|p1a: Dragapult
|-resisted|p1a: Dragapult
|-damage|p1a: Dragapult|65/100 tox
|
|-damage|p1a: Dragapult|47/100 tox|[from] psn
|-damage|p2a: Arbok|46/100 brn|[from] brn
|upkeep
|turn|17
|
|t:|1757816772
|move|p2a: Arbok|Protect|p2a: Arbok
|-singleturn|p2a: Arbok|Protect
|move|p1a: Dragapult|Hex|p2a: Arbok
|-activate|p2a: Arbok|move: Protect
|
|-damage|p1a: Dragapult|23/100 tox|[from] psn
|-damage|p2a: Arbok|39/100 brn|[from] brn
|upkeep
|turn|18
|
|t:|1757816781
|switch|p1a: Gliscor|Gliscor, F|60/100 par
|move|p2a: Arbok|Protect||[still]
|-fail|p2a: Arbok
|
|-damage|p2a: Arbok|33/100 brn|[from] brn
|upkeep
|turn|19
|
|t:|1757816792
|move|p2a: Arbok|Pain Split|p1a: Gliscor
|-sethp|p1a: Gliscor|45/100 par|[from] move: Pain Split|[silent]
|-sethp|p2a: Arbok|49/100 brn|[from] move: Pain Split
|move|p1a: Gliscor|Knock Off|p2a: Arbok
|-damage|p2a: Arbok|28/100 brn
|
|-damage|p2a: Arbok|21/100 brn|[from] brn
|upkeep
|turn|20
|
|t:|1757816804
|switch|p1a: Dragapult|Dragapult, M|23/100 tox
|move|p2a: Arbok|Pain Split|p1a: Dragapult
|-sethp|p1a: Dragapult|23/100 tox|[from] move: Pain Split|[silent]
|-sethp|p2a: Arbok|22/100 brn|[from] move: Pain Split
|
|-damage|p1a: Dragapult|17/100 tox|[from] psn
|-damage|p2a: Arbok|16/100 brn|[from] brn
|upkeep
|turn|21
|
|t:|1757816816
|switch|p1a: Ceruledge|Ceruledge, M|100/100
|move|p2a: Arbok|Protect||[still]
|-fail|p2a: Arbok
|
|-damage|p2a: Arbok|10/100 brn|[from] brn
|upkeep
|turn|22
|
|t:|1757816828
|move|p1a: Ceruledge|Shadow Sneak|p2a: Arbok
|-damage|p2a: Arbok|0 fnt
|faint|p2a: Arbok
|
|upkeep
|
|t:|1757816832
|switch|p2a: Golem|Golem, M|100/100
|-damage|p2a: Golem|76/100|[from] Spikes
|-damage|p2a: Golem|70/100|[from] Stealth Rock
|turn|23
|
|t:|1757816838
|move|p1a: Ceruledge|Swords Dance|p1a: Ceruledge
|-boost|p1a: Ceruledge|atk|2
|move|p2a: Golem|Rock Blast|p1a: Ceruledge
|-supereffective|p1a: Ceruledge
|-damage|p1a: Ceruledge|63/100
|-ability|p1a: Ceruledge|Weak Armor|boost
|-unboost|p1a: Ceruledge|def|1
|-boost|p1a: Ceruledge|spe|2
|-supereffective|p1a: Ceruledge
|-damage|p1a: Ceruledge|5/100
|-ability|p1a: Ceruledge|Weak Armor|boost
|-unboost|p1a: Ceruledge|def|1
|-boost|p1a: Ceruledge|spe|2
|-hitcount|p1a: Ceruledge|2
|
|upkeep
|turn|24
|
|t:|1757816857
|move|p2a: Golem|Endure|p2a: Golem
|-singleturn|p2a: Golem|move: Endure
|move|p1a: Ceruledge|Poltergeist|p2a: Golem
|-activate|p2a: Golem|move: Poltergeist|Custap Berry
|-activate|p2a: Golem|move: Endure
|-damage|p2a: Golem|1/100
|
|upkeep
|turn|25
|-enditem|p2a: Golem|Custap Berry|[eat]
|-activate|p2a: Golem|item: Custap Berry|[consumed]
|
|t:|1757816865
|move|p1a: Ceruledge|Shadow Sneak|p2a: Golem
|-damage|p2a: Golem|0 fnt
|faint|p2a: Golem
|
|upkeep
|
|t:|1757816873
|switch|p2a: Dodrio|Dodrio, F|100/100
|-damage|p2a: Dodrio|76/100|[from] Stealth Rock
|turn|26
|
|t:|1757816884
|move|p1a: Ceruledge|Bitter Blade|p2a: Dodrio
|-damage|p2a: Dodrio|0 fnt
|-heal|p1a: Ceruledge|39/100|[from] drain|[of] p2a: Dodrio
|faint|p2a: Dodrio
|
|upkeep
|-message|preppy dude forfeited.
|
|win|Flapsman
|raw|Flapsman's rating: 1203 &rarr; <strong>1226</strong><br />(+23 for winning)
|raw|preppy dude's rating: 1179 &rarr; <strong>1156</strong><br />(-23 for losing)
|l|☆preppy dude
|player|p2|
|c|☆Flapsman|gg
|l|☆Flapsman
|player|p1|
