|j|☆Daacebandit
|j|☆spreadcrosser
|t:|1757823421
|gametype|singles
|player|p1|Daacebandit|musician|1261
|player|p2|spreadcrosser|101|1205
|gen|9
|tier|[Gen 9] OU
|rated|
|rule|HP Percentage Mod: HP is shown in percentages
|rule|Endless Battle Clause: Forcing endless battles is banned
|rule|Species Clause: Limit one of each Pokémon
|rule|OHKO Clause: OHKO moves are banned
|rule|Evasion Items Clause: Evasion items are banned
|rule|Evasion Moves Clause: Evasion moves are banned
|rule|Evasion Abilities Clause: Evasion abilities are banned
|rule|Sleep Moves Clause: Sleep-inducing moves are banned
|clearpoke
|poke|p1|Thundurus-Therian, M|
|poke|p1|Samurott-Hisui, M|
|poke|p1|Tauros-Paldea-Blaze, M|
|poke|p1|Quagsire, M|
|poke|p1|Torterra, M|
|poke|p1|Hitmontop, M|
|poke|p2|Serperior, M|
|poke|p2|Kingambit, F|
|poke|p2|Excadrill, M|
|poke|p2|Iron Hands|
|poke|p2|Ceruledge, M|
|poke|p2|Raging Bolt|
|teampreview
|inactive|Battle timer is ON: inactive players will automatically lose when time's up. (requested by spreadcrosser)
|
|t:|1757823438
|teamsize|p1|6
|teamsize|p2|6
|start
|switch|p1a: Samurott|Samurott-Hisui, M, shiny|100/100
|switch|p2a: Serperior|Serperior, M|100/100
|turn|1
|
|t:|1757823463
|switch|p1a: Hitmontop|Hitmontop, M|100/100
|move|p2a: Serperior|Leaf Storm|p1a: Hitmontop
|-damage|p1a: Hitmontop|18/100
|-boost|p2a: Serperior|spa|2
|-damage|p2a: Serperior|91/100|[from] item: Life Orb
|
|upkeep
|turn|2
|
|t:|1757823471
|switch|p2a: Ceruledge|Ceruledge, M|100/100
|move|p1a: Hitmontop|Triple Axel|p2a: Ceruledge
|-resisted|p2a: Ceruledge
|-damage|p2a: Ceruledge|94/100
|-ability|p2a: Ceruledge|Weak Armor|boost
|-unboost|p2a: Ceruledge|def|1
|-boost|p2a: Ceruledge|spe|2
|-resisted|p2a: Ceruledge
|-damage|p2a: Ceruledge|74/100
|-ability|p2a: Ceruledge|Weak Armor|boost
|-unboost|p2a: Ceruledge|def|1
|-boost|p2a: Ceruledge|spe|2
|-resisted|p2a: Ceruledge
|-damage|p2a: Ceruledge|34/100
|-ability|p2a: Ceruledge|Weak Armor|boost
|-unboost|p2a: Ceruledge|def|1
|-boost|p2a: Ceruledge|spe|2
|-hitcount|p2a: Ceruledge|3
|
|upkeep
|turn|3
|
|t:|1757823485
|move|p1a: Hitmontop|Bullet Punch|p2a: Ceruledge
|-resisted|p2a: Ceruledge
|-damage|p2a: Ceruledge|1/100
|-ability|p2a: Ceruledge|Weak Armor|boost
|-unboost|p2a: Ceruledge|def|1
|move|p2a: Ceruledge|Swords Dance|p2a: Ceruledge
|-boost|p2a: Ceruledge|atk|2
|
|upkeep
|turn|4
|
|t:|1757823491
|move|p2a: Ceruledge|Shadow Sneak|p1a: Hitmontop
|-damage|p1a: Hitmontop|0 fnt
|faint|p1a: Hitmontop
|
|upkeep
|inactive|Daacebandit has 120 seconds left.
|
|t:|1757823518
|switch|p1a: Samurott|Samurott-Hisui, M, shiny|100/100
|turn|5
|
|t:|1757823521
|move|p2a: Ceruledge|Shadow Sneak|p1a: Samurott
|-resisted|p1a: Samurott
|-damage|p1a: Samurott|75/100
|move|p1a: Samurott|Ceaseless Edge|p2a: Ceruledge
|-supereffective|p2a: Ceruledge
|-damage|p2a: Ceruledge|0 fnt
|-sidestart|p2: spreadcrosser|Spikes
|faint|p2a: Ceruledge
|
|upkeep
|
|t:|1757823530
|switch|p2a: Serperior|Serperior, M|91/100
|-damage|p2a: Serperior|78/100|[from] Spikes
|turn|6
|
|t:|1757823537
|move|p1a: Samurott|Aqua Jet|p2a: Serperior
|-resisted|p2a: Serperior
|-damage|p2a: Serperior|68/100
|move|p2a: Serperior|Leaf Storm|p1a: Samurott
|-supereffective|p1a: Samurott
|-damage|p1a: Samurott|0 fnt
|-boost|p2a: Serperior|spa|2
|faint|p1a: Samurott
|-damage|p2a: Serperior|58/100|[from] item: Life Orb
|
|upkeep
|
|t:|1757823541
|switch|p1a: Tauros|Tauros-Paldea-Blaze, M, shiny|100/100
|-ability|p1a: Tauros|Intimidate|boost
|-boost|p2a: Serperior|atk|1
|turn|7
|
|t:|1757823545
|-terastallize|p2a: Serperior|Water
|move|p2a: Serperior|Synthesis|p2a: Serperior
|-heal|p2a: Serperior|100/100
|move|p1a: Tauros|Flare Blitz|p2a: Serperior
|-resisted|p2a: Serperior
|-damage|p2a: Serperior|67/100
|-damage|p1a: Tauros|89/100|[from] Recoil
|
|-heal|p1a: Tauros|95/100|[from] item: Leftovers
|upkeep
|turn|8
|
|t:|1757823561
|move|p2a: Serperior|Leaf Storm|p1a: Tauros
|-resisted|p1a: Tauros
|-crit|p1a: Tauros
|-damage|p1a: Tauros|0 fnt
|-boost|p2a: Serperior|spa|2
|faint|p1a: Tauros
|-damage|p2a: Serperior|58/100|[from] item: Life Orb
|
|upkeep
|
|t:|1757823572
|switch|p1a: Torterra|Torterra, M|100/100
|turn|9
|
|t:|1757823583
|move|p2a: Serperior|Tera Blast|p1a: Torterra|[anim] Tera Blast Water
|-damage|p1a: Torterra|0 fnt
|faint|p1a: Torterra
|-damage|p2a: Serperior|48/100|[from] item: Life Orb
|
|upkeep
|
|t:|1757823588
|switch|p1a: Quagsire|Quagsire, M|100/100
|turn|10
|
|t:|1757823593
|move|p2a: Serperior|Leaf Storm|p1a: Quagsire
|-supereffective|p1a: Quagsire
|-damage|p1a: Quagsire|0 fnt
|-boost|p2a: Serperior|spa|2
|faint|p1a: Quagsire
|-damage|p2a: Serperior|38/100|[from] item: Life Orb
|
|upkeep
|
|t:|1757823595
|switch|p1a: Thundurus|Thundurus-Therian, M|100/100
|turn|11
|
|t:|1757823602
|move|p2a: Serperior|Tera Blast|p1a: Thundurus|[anim] Tera Blast Water
|-damage|p1a: Thundurus|0 fnt
|faint|p1a: Thundurus
|-damage|p2a: Serperior|28/100|[from] item: Life Orb
|
|win|spreadcrosser
|raw|Daacebandit's rating: 1261 &rarr; <strong>1232</strong><br />(-29 for losing)
|raw|spreadcrosser's rating: 1205 &rarr; <strong>1234</strong><br />(+29 for winning)
|c|☆spreadcrosser|gg
|l|☆Daacebandit
|player|p1|
