|j|☆dustyfungus
|j|☆Nameless Moron
|t:|1757845648
|gametype|singles
|player|p1|dustyfungus|cameraman|1052
|player|p2|Nameless Moron|unknown|1095
|gen|9
|tier|[Gen 9] OU
|rated|
|rule|HP Percentage Mod: HP is shown in percentages
|rule|Endless Battle Clause: Forcing endless battles is banned
|rule|Species Clause: Limit one of each Pokémon
|rule|OHKO Clause: OHKO moves are banned
|rule|Evasion Items Clause: Evasion items are banned
|rule|Evasion Moves Clause: Evasion moves are banned
|rule|Evasion Abilities Clause: Evasion abilities are banned
|rule|Sleep Moves Clause: Sleep-inducing moves are banned
|clearpoke
|poke|p1|Polteageist-Antique|
|poke|p1|Maushold-Four|
|poke|p1|Wo-Chien|
|poke|p1|Garganacl, F|
|poke|p1|Pawmot, M|
|poke|p1|Ditto|
|poke|p2|Rillaboom, F|
|poke|p2|Hatterene, F|
|poke|p2|Great Tusk|
|poke|p2|Ninetales, M|
|poke|p2|Venusaur, M|
|poke|p2|Raging Bolt|
|teampreview
|inactive|Battle timer is ON: inactive players will automatically lose when time's up. (requested by Nameless Moron)
|
|t:|1757845676
|teamsize|p1|6
|teamsize|p2|6
|start
|switch|p1a: Polteageist|Polteageist-Antique, shiny|100/100
|switch|p2a: Hatterene|Hatterene, F|100/100
|turn|1
|
|t:|1757845687
|move|p1a: Polteageist|Shell Smash|p1a: Polteageist
|-unboost|p1a: Polteageist|def|1
|-unboost|p1a: Polteageist|spd|1
|-boost|p1a: Polteageist|atk|2
|-boost|p1a: Polteageist|spa|2
|-boost|p1a: Polteageist|spe|2
|move|p2a: Hatterene|Nuzzle|p1a: Polteageist
|-damage|p1a: Polteageist|91/100
|-status|p1a: Polteageist|par
|-ability|p1a: Polteageist|Weak Armor|boost
|-unboost|p1a: Polteageist|def|1
|-boost|p1a: Polteageist|spe|2
|
|upkeep
|turn|2
|
|t:|1757845700
|move|p1a: Polteageist|Stored Power|p2a: Hatterene
|-resisted|p2a: Hatterene
|-damage|p2a: Hatterene|31/100
|move|p2a: Hatterene|Calm Mind|p2a: Hatterene
|-boost|p2a: Hatterene|spa|1
|-boost|p2a: Hatterene|spd|1
|
|-heal|p2a: Hatterene|37/100|[from] item: Leftovers
|upkeep
|turn|3
|
|t:|1757845708
|cant|p1a: Polteageist|par
|move|p2a: Hatterene|Draining Kiss|p1a: Polteageist
|-damage|p1a: Polteageist|28/100 par
|-heal|p2a: Hatterene|76/100|[from] drain|[of] p1a: Polteageist
|
|-heal|p2a: Hatterene|82/100|[from] item: Leftovers
|upkeep
|turn|4
|
|t:|1757845718
|cant|p1a: Polteageist|par
|move|p2a: Hatterene|Draining Kiss|p1a: Polteageist
|-damage|p1a: Polteageist|0 fnt
|-heal|p2a: Hatterene|99/100|[from] drain|[of] p1a: Polteageist
|faint|p1a: Polteageist
|
|-heal|p2a: Hatterene|100/100|[from] item: Leftovers
|upkeep
|
|t:|1757845725
|switch|p1a: Maushold|Maushold-Four|100/100
|turn|5
|
|t:|1757845733
|move|p1a: Maushold|Population Bomb|p2a: Hatterene
|-damage|p2a: Hatterene|85/100
|-damage|p2a: Hatterene|71/100
|-damage|p2a: Hatterene|56/100
|-damage|p2a: Hatterene|41/100
|-hitcount|p2a: Hatterene|4
|move|p2a: Hatterene|Nuzzle|p1a: Maushold
|-damage|p1a: Maushold|94/100
|-status|p1a: Maushold|par
|
|-heal|p2a: Hatterene|47/100|[from] item: Leftovers
|upkeep
|turn|6
|
|t:|1757845746
|cant|p1a: Maushold|par
|move|p2a: Hatterene|Draining Kiss|p1a: Maushold
|-damage|p1a: Maushold|40/100 par
|-heal|p2a: Hatterene|84/100|[from] drain|[of] p1a: Maushold
|
|-heal|p2a: Hatterene|90/100|[from] item: Leftovers
|upkeep
|turn|7
|
|t:|1757845754
|cant|p1a: Maushold|par
|move|p2a: Hatterene|Calm Mind|p2a: Hatterene
|-boost|p2a: Hatterene|spa|1
|-boost|p2a: Hatterene|spd|1
|
|-heal|p2a: Hatterene|96/100|[from] item: Leftovers
|upkeep
|turn|8
|
|t:|1757845761
|cant|p1a: Maushold|par
|move|p2a: Hatterene|Draining Kiss|p1a: Maushold
|-damage|p1a: Maushold|0 fnt
|-heal|p2a: Hatterene|100/100|[from] drain|[of] p1a: Maushold
|faint|p1a: Maushold
|
|upkeep
|
|t:|1757845772
|switch|p1a: Garganacl|Garganacl, F|100/100
|turn|9
|
|t:|1757845786
|-terastallize|p1a: Garganacl|Flying
|move|p2a: Hatterene|Nuzzle|p1a: Garganacl
|-supereffective|p1a: Garganacl
|-damage|p1a: Garganacl|95/100
|move|p1a: Garganacl|Salt Cure|p2a: Hatterene
|-damage|p2a: Hatterene|88/100
|-start|p2a: Hatterene|Salt Cure
|
|-heal|p2a: Hatterene|94/100|[from] item: Leftovers
|-heal|p1a: Garganacl|100/100|[from] item: Leftovers
|-damage|p2a: Hatterene|82/100|[from] Salt Cure
|upkeep
|turn|10
|
|t:|1757845796
|move|p2a: Hatterene|Calm Mind|p2a: Hatterene
|-boost|p2a: Hatterene|spa|1
|-boost|p2a: Hatterene|spd|1
|move|p1a: Garganacl|Curse|p1a: Garganacl
|-unboost|p1a: Garganacl|spe|1
|-boost|p1a: Garganacl|atk|1
|-boost|p1a: Garganacl|def|1
|
|-heal|p2a: Hatterene|88/100|[from] item: Leftovers
|-damage|p2a: Hatterene|75/100|[from] Salt Cure
|upkeep
|turn|11
|
|t:|1757845809
|move|p2a: Hatterene|Psychic Noise|p1a: Garganacl
|-damage|p1a: Garganacl|34/100
|-start|p1a: Garganacl|move: Heal Block
|move|p1a: Garganacl|Curse|p1a: Garganacl
|-unboost|p1a: Garganacl|spe|1
|-boost|p1a: Garganacl|atk|1
|-boost|p1a: Garganacl|def|1
|
|-heal|p2a: Hatterene|81/100|[from] item: Leftovers
|-damage|p2a: Hatterene|69/100|[from] Salt Cure
|upkeep
|turn|12
|
|t:|1757845821
|move|p1a: Garganacl|Protect|p1a: Garganacl
|-singleturn|p1a: Garganacl|Protect
|move|p2a: Hatterene|Draining Kiss|p1a: Garganacl
|-activate|p1a: Garganacl|move: Protect
|
|-heal|p2a: Hatterene|75/100|[from] item: Leftovers
|-damage|p2a: Hatterene|63/100|[from] Salt Cure
|-end|p1a: Garganacl|move: Heal Block
|upkeep
|turn|13
|
|t:|1757845832
|move|p2a: Hatterene|Draining Kiss|p1a: Garganacl
|-damage|p1a: Garganacl|0 fnt
|-heal|p2a: Hatterene|90/100|[from] drain|[of] p1a: Garganacl
|faint|p1a: Garganacl
|
|-heal|p2a: Hatterene|96/100|[from] item: Leftovers
|-damage|p2a: Hatterene|84/100|[from] Salt Cure
|upkeep
|-message|dustyfungus forfeited.
|
|win|Nameless Moron
|raw|dustyfungus's rating: 1052 &rarr; <strong>1036</strong><br />(-16 for losing)
|raw|Nameless Moron's rating: 1095 &rarr; <strong>1118</strong><br />(+23 for winning)
|l|☆dustyfungus
|player|p1|
