|j|☆Kis Vegallomas
|j|☆homem tijolo 56
|t:|1757874738
|gametype|singles
|player|p1|Kis Vegallomas|265|1343
|player|p2|homem tijolo 56|265|1348
|gen|9
|tier|[Gen 9] OU
|rated|
|rule|HP Percentage Mod: HP is shown in percentages
|rule|Endless Battle Clause: Forcing endless battles is banned
|rule|Species Clause: Limit one of each Pokémon
|rule|OHKO Clause: OHKO moves are banned
|rule|Evasion Items Clause: Evasion items are banned
|rule|Evasion Moves Clause: Evasion moves are banned
|rule|Evasion Abilities Clause: Evasion abilities are banned
|rule|Sleep Moves Clause: Sleep-inducing moves are banned
|clearpoke
|poke|p1|Primeape, M|
|poke|p1|Scream Tail|
|poke|p1|Malamar, F|
|poke|p1|Blaziken, F|
|poke|p1|Scizor, M|
|poke|p1|Meowscarada, F|
|poke|p2|Garganacl, F|
|poke|p2|Dragapult, F|
|poke|p2|Ogerpon-Wellspring, F|
|poke|p2|Moltres|
|poke|p2|Zamazenta-*|
|poke|p2|Iron Treads|
|teampreview
|inactive|Battle timer is ON: inactive players will automatically lose when time's up. (requested by Kis Vegallomas)
|
|t:|1757874778
|teamsize|p1|6
|teamsize|p2|6
|start
|switch|p1a: Scream Tail|Scream Tail|100/100
|switch|p2a: Moltres|Moltres|100/100
|-enditem|p1a: Scream Tail|Booster Energy
|-activate|p1a: Scream Tail|ability: Protosynthesis|[fromitem]
|-start|p1a: Scream Tail|protosynthesisspe
|turn|1
|
|t:|1757874788
|move|p1a: Scream Tail|Calm Mind|p1a: Scream Tail
|-boost|p1a: Scream Tail|spa|1
|-boost|p1a: Scream Tail|spd|1
|move|p2a: Moltres|Will-O-Wisp|p1a: Scream Tail
|-status|p1a: Scream Tail|brn
|
|-damage|p1a: Scream Tail|94/100 brn|[from] brn
|upkeep
|turn|2
|
|t:|1757874792
|move|p1a: Scream Tail|Encore|p2a: Moltres
|-start|p2a: Moltres|Encore
|move|p2a: Moltres|Will-O-Wisp|p1a: Scream Tail
|-fail|p1a: Scream Tail|brn
|
|-damage|p1a: Scream Tail|88/100 brn|[from] brn
|upkeep
|turn|3
|
|t:|1757874797
|switch|p2a: Garganacl|Garganacl, F|100/100
|move|p1a: Scream Tail|Calm Mind|p1a: Scream Tail
|-boost|p1a: Scream Tail|spa|1
|-boost|p1a: Scream Tail|spd|1
|
|-damage|p1a: Scream Tail|82/100 brn|[from] brn
|upkeep
|turn|4
|
|t:|1757874805
|move|p1a: Scream Tail|Boomburst|p2a: Garganacl
|-resisted|p2a: Garganacl
|-damage|p2a: Garganacl|78/100
|move|p2a: Garganacl|Salt Cure|p1a: Scream Tail
|-damage|p1a: Scream Tail|70/100 brn
|-start|p1a: Scream Tail|Salt Cure
|
|-heal|p2a: Garganacl|85/100|[from] item: Leftovers
|-damage|p1a: Scream Tail|64/100 brn|[from] brn
|-damage|p1a: Scream Tail|52/100 brn|[from] Salt Cure
|upkeep
|turn|5
|
|t:|1757874815
|move|p1a: Scream Tail|Boomburst|p2a: Garganacl
|-resisted|p2a: Garganacl
|-damage|p2a: Garganacl|65/100
|move|p2a: Garganacl|Salt Cure|p1a: Scream Tail
|-damage|p1a: Scream Tail|39/100 brn
|
|-heal|p2a: Garganacl|71/100|[from] item: Leftovers
|-damage|p1a: Scream Tail|33/100 brn|[from] brn
|-damage|p1a: Scream Tail|21/100 brn|[from] Salt Cure
|upkeep
|turn|6
|
|t:|1757874820
|move|p1a: Scream Tail|Boomburst|p2a: Garganacl
|-resisted|p2a: Garganacl
|-damage|p2a: Garganacl|52/100
|move|p2a: Garganacl|Recover|p2a: Garganacl
|-heal|p2a: Garganacl|100/100
|
|-damage|p1a: Scream Tail|15/100 brn|[from] brn
|-damage|p1a: Scream Tail|2/100 brn|[from] Salt Cure
|upkeep
|turn|7
|l|☆homem tijolo 56
|inactive|homem tijolo 56 disconnected and has a minute to reconnect!
|player|p2|
|inactive|homem tijolo 56 has 30 seconds to reconnect!
|j|☆homem tijolo 56
|inactive|homem tijolo 56 reconnected and has 105 seconds left.
|player|p2|homem tijolo 56|265|
|
|t:|1757874879
|switch|p2a: Dragapult|Dragapult, F|100/100
|move|p1a: Scream Tail|Encore||[still]
|-fail|p1a: Scream Tail
|
|-damage|p1a: Scream Tail|0 fnt|[from] brn
|faint|p1a: Scream Tail
|-end|p1a: Scream Tail|Protosynthesis|[silent]
|upkeep
|
|t:|1757874892
|switch|p1a: Primeape|Primeape, M|100/100
|turn|8
|
|t:|1757874900
|move|p2a: Dragapult|Will-O-Wisp|p1a: Primeape
|-status|p1a: Primeape|brn
|move|p1a: Primeape|Taunt|p2a: Dragapult
|-start|p2a: Dragapult|move: Taunt
|
|-damage|p1a: Primeape|95/100 brn|[from] brn
|upkeep
|turn|9
|-message|Kis Vegallomas forfeited.
|
|win|homem tijolo 56
|raw|Kis Vegallomas's rating: 1343 &rarr; <strong>1323</strong><br />(-20 for losing)
|raw|homem tijolo 56's rating: 1348 &rarr; <strong>1368</strong><br />(+20 for winning)
|l|☆homem tijolo 56
|player|p2|
|l|☆Kis Vegallomas
|player|p1|
