|inactive|Battle timer is ON: inactive players will automatically lose when time's up.
|t:|1757880362
|gametype|singles
|player|p1|tonkaman|#wcop2025africa|
|player|p2|Ineros|irida|
|gen|9
|tier|[Gen 9] OU
|rule|HP Percentage Mod: HP is shown in percentages
|rule|Endless Battle Clause: Forcing endless battles is banned
|rule|Species Clause: Limit one of each Pokémon
|rule|OHKO Clause: OHKO moves are banned
|rule|Evasion Items Clause: Evasion items are banned
|rule|Evasion Moves Clause: Evasion moves are banned
|rule|Evasion Abilities Clause: Evasion abilities are banned
|rule|Sleep Moves Clause: Sleep-inducing moves are banned
|clearpoke
|poke|p1|Araquanid, F|
|poke|p1|Gholdengo|
|poke|p1|Raging Bolt|
|poke|p1|Kingambit, M|
|poke|p1|Great Tusk|
|poke|p1|Ogerpon-Cornerstone, F|
|poke|p2|Zamazenta-*|
|poke|p2|Hydrapple, F|
|poke|p2|Ting-Lu|
|poke|p2|Gholdengo|
|poke|p2|Iron Valiant|
|poke|p2|Gliscor, M|
|teampreview
|c|☆Ineros|hf
|c|☆tonkaman|U2
|inactive|Ineros has 270 seconds left.
|inactive|tonkaman has 270 seconds left.
|inactive|Ineros has 240 seconds left.
|
|t:|1757880434
|teamsize|p1|6
|teamsize|p2|6
|start
|switch|p1a: Araquanid|Araquanid, F|100/100
|switch|p2a: Hydrapple|Hydrapple, F|100/100
|turn|1
|
|t:|1757880446
|move|p2a: Hydrapple|Nasty Plot|p2a: Hydrapple
|-boost|p2a: Hydrapple|spa|2
|move|p1a: Araquanid|Sticky Web|p2a: Hydrapple
|-sidestart|p2: Ineros|move: Sticky Web
|
|upkeep
|turn|2
|
|t:|1757880450
|move|p2a: Hydrapple|Fickle Beam|p1a: Araquanid
|-damage|p1a: Araquanid|57/100
|move|p1a: Araquanid|Lunge|p2a: Hydrapple
|-supereffective|p2a: Hydrapple
|-damage|p2a: Hydrapple|79/100
|-unboost|p2a: Hydrapple|atk|1
|
|upkeep
|turn|3
|inactive|Ineros has 270 seconds left.
|inactive|Ineros has 240 seconds left.
|
|t:|1757880512
|move|p2a: Hydrapple|Nasty Plot|p2a: Hydrapple
|-boost|p2a: Hydrapple|spa|2
|move|p1a: Araquanid|Endeavor|p2a: Hydrapple
|-damage|p2a: Hydrapple|47/100
|
|upkeep
|turn|4
|inactive|Ineros has 240 seconds left.
|
|t:|1757880531
|move|p2a: Hydrapple|Giga Drain|p1a: Araquanid
|-damage|p1a: Araquanid|0 fnt
|-heal|p2a: Hydrapple|71/100|[from] drain|[of] p1a: Araquanid
|faint|p1a: Araquanid
|
|upkeep
|inactive|tonkaman has 270 seconds left.
|
|t:|1757880560
|switch|p1a: Great Tusk|Great Tusk|100/100
|-enditem|p1a: Great Tusk|Booster Energy
|-activate|p1a: Great Tusk|ability: Protosynthesis|[fromitem]
|-start|p1a: Great Tusk|protosynthesisatk
|turn|5
|inactive|tonkaman has 270 seconds left.
|inactive|Ineros has 240 seconds left.
|
|t:|1757880577
|-terastallize|p2a: Hydrapple|Poison
|move|p1a: Great Tusk|Headlong Rush|p2a: Hydrapple
|-supereffective|p2a: Hydrapple
|-damage|p2a: Hydrapple|0 fnt
|-unboost|p1a: Great Tusk|def|1
|-unboost|p1a: Great Tusk|spd|1
|faint|p2a: Hydrapple
|
|upkeep
|inactive|Ineros has 240 seconds left.
|inactive|Ineros has 210 seconds left.
|inactive|Ineros has 180 seconds left.
|
|t:|1757880669
|switch|p2a: Zamazenta|Zamazenta|100/100
|-ability|p2a: Zamazenta|Dauntless Shield|boost
|-boost|p2a: Zamazenta|def|1
|turn|6
|inactive|tonkaman has 270 seconds left.
|
|t:|1757880681
|-end|p1a: Great Tusk|Protosynthesis|[silent]
|switch|p1a: Gholdengo|Gholdengo|100/100
|-item|p1a: Gholdengo|Air Balloon
|move|p2a: Zamazenta|Ice Fang|p1a: Gholdengo
|-resisted|p1a: Gholdengo
|-damage|p1a: Gholdengo|88/100
|-enditem|p1a: Gholdengo|Air Balloon
|
|upkeep
|turn|7
|
|t:|1757880684
|switch|p2a: Ting-Lu|Ting-Lu|100/100
|-activate|p2a: Ting-Lu|move: Sticky Web
|-unboost|p2a: Ting-Lu|spe|1
|-ability|p2a: Ting-Lu|Vessel of Ruin
|move|p1a: Gholdengo|Thunder Wave|p2a: Ting-Lu
|-immune|p2a: Ting-Lu
|
|upkeep
|turn|8
|inactive|Ineros has 180 seconds left.
|
|t:|1757880694
|move|p1a: Gholdengo|Focus Blast|p2a: Ting-Lu
|-supereffective|p2a: Ting-Lu
|-damage|p2a: Ting-Lu|55/100
|move|p2a: Ting-Lu|Ruination|p1a: Gholdengo
|-damage|p1a: Gholdengo|44/100
|
|-heal|p2a: Ting-Lu|62/100|[from] item: Leftovers
|upkeep
|turn|9
|
|t:|1757880697
|switch|p1a: Great Tusk|Great Tusk|100/100
|switch|p2a: Gliscor|Gliscor, M|100/100
|
|-status|p2a: Gliscor|tox|[from] item: Toxic Orb
|upkeep
|turn|10
|
|t:|1757880703
|move|p2a: Gliscor|Protect|p2a: Gliscor
|-singleturn|p2a: Gliscor|Protect
|move|p1a: Great Tusk|Bulk Up|p1a: Great Tusk
|-boost|p1a: Great Tusk|atk|1
|-boost|p1a: Great Tusk|def|1
|
|upkeep
|turn|11
|c|☆tonkaman|Now listening to [Playful Massacre] by AZALI
|inactive|Ineros has 180 seconds left.
|inactive|Ineros has 150 seconds left.
|
|t:|1757880765
|switch|p2a: Gholdengo|Gholdengo|100/100
|-activate|p2a: Gholdengo|move: Sticky Web
|-unboost|p2a: Gholdengo|spe|1
|move|p1a: Great Tusk|Ice Spinner|p2a: Gholdengo
|-resisted|p2a: Gholdengo
|-damage|p2a: Gholdengo|77/100
|
|upkeep
|turn|12
|
|t:|1757880774
|move|p1a: Great Tusk|Headlong Rush|p2a: Gholdengo
|-supereffective|p2a: Gholdengo
|-damage|p2a: Gholdengo|0 fnt
|-unboost|p1a: Great Tusk|def|1
|-unboost|p1a: Great Tusk|spd|1
|faint|p2a: Gholdengo
|
|upkeep
|
|t:|1757880776
|switch|p2a: Zamazenta|Zamazenta|100/100
|turn|13
|
|t:|1757880788
|move|p2a: Zamazenta|Ice Fang|p1a: Great Tusk
|-supereffective|p1a: Great Tusk
|-damage|p1a: Great Tusk|66/100
|move|p1a: Great Tusk|Bulk Up|p1a: Great Tusk
|-boost|p1a: Great Tusk|atk|1
|-boost|p1a: Great Tusk|def|1
|
|upkeep
|turn|14
|
|t:|1757880800
|move|p2a: Zamazenta|Ice Fang|p1a: Great Tusk
|-supereffective|p1a: Great Tusk
|-damage|p1a: Great Tusk|45/100
|cant|p1a: Great Tusk|flinch
|
|upkeep
|turn|15
|
|t:|1757880807
|move|p2a: Zamazenta|Ice Fang|p1a: Great Tusk
|-supereffective|p1a: Great Tusk
|-damage|p1a: Great Tusk|24/100
|move|p1a: Great Tusk|Headlong Rush|p2a: Zamazenta
|-damage|p2a: Zamazenta|0 fnt
|-unboost|p1a: Great Tusk|def|1
|-unboost|p1a: Great Tusk|spd|1
|faint|p2a: Zamazenta
|
|upkeep
|
|t:|1757880814
|switch|p2a: Iron Valiant|Iron Valiant|100/100
|-activate|p2a: Iron Valiant|move: Sticky Web
|-unboost|p2a: Iron Valiant|spe|1
|turn|16
|
|t:|1757880822
|-terastallize|p1a: Great Tusk|Ghost
|move|p2a: Iron Valiant|Vacuum Wave|p1a: Great Tusk
|-immune|p1a: Great Tusk
|move|p1a: Great Tusk|Headlong Rush|p2a: Iron Valiant
|-damage|p2a: Iron Valiant|0 fnt
|-unboost|p1a: Great Tusk|def|1
|-unboost|p1a: Great Tusk|spd|1
|faint|p2a: Iron Valiant
|-end|p2a: Iron Valiant|Quark Drive|[silent]
|
|upkeep
|
|t:|1757880825
|switch|p2a: Ting-Lu|Ting-Lu|62/100
|-activate|p2a: Ting-Lu|move: Sticky Web
|-unboost|p2a: Ting-Lu|spe|1
|-ability|p2a: Ting-Lu|Vessel of Ruin
|turn|17
|
|t:|1757880827
|move|p1a: Great Tusk|Headlong Rush|p2a: Ting-Lu
|-damage|p2a: Ting-Lu|0 fnt
|-unboost|p1a: Great Tusk|def|1
|-unboost|p1a: Great Tusk|spd|1
|faint|p2a: Ting-Lu
|
|upkeep
|
|t:|1757880835
|switch|p2a: Gliscor|Gliscor, M|100/100 tox
|turn|18
|
|t:|1757880838
|move|p1a: Great Tusk|Ice Spinner|p2a: Gliscor
|-supereffective|p2a: Gliscor
|-damage|p2a: Gliscor|0 fnt
|faint|p2a: Gliscor
|
|win|tonkaman
|c|☆Ineros|gg
|c|☆tonkaman|Gg
|player|p1|
|player|p2|
