|j|☆JacezZ
|j|☆Moistham
|t:|1757905103
|gametype|singles
|player|p1|JacezZ|blackbelt-gen4dp|1515
|player|p2|Moistham|101|1569
|gen|9
|tier|[Gen 9] OU
|rated|
|rule|HP Percentage Mod: HP is shown in percentages
|rule|Endless Battle Clause: Forcing endless battles is banned
|rule|Species Clause: Limit one of each Pokémon
|rule|OHKO Clause: OHKO moves are banned
|rule|Evasion Items Clause: Evasion items are banned
|rule|Evasion Moves Clause: Evasion moves are banned
|rule|Evasion Abilities Clause: Evasion abilities are banned
|rule|Sleep Moves Clause: Sleep-inducing moves are banned
|clearpoke
|poke|p1|Swampert, M|
|poke|p1|Lokix, M|
|poke|p1|Zapdos|
|poke|p1|Iron Crown|
|poke|p1|Pecharunt|
|poke|p1|Iron Treads|
|poke|p2|Blaziken, M|
|poke|p2|Salamence, M|
|poke|p2|Ambipom, M|
|poke|p2|Houndstone, F|
|poke|p2|Iron Hands|
|poke|p2|Scizor, M|
|teampreview
|inactive|Battle timer is ON: inactive players will automatically lose when time's up. (requested by Moistham)
|
|t:|1757905108
|teamsize|p1|6
|teamsize|p2|6
|start
|switch|p1a: Pert Maxing|Swampert, M|100/100
|switch|p2a: Ambipom|Ambipom, M|100/100
|turn|1
|
|t:|1757905112
|move|p2a: Ambipom|Fake Out|p1a: Pert Maxing
|-damage|p1a: Pert Maxing|77/100
|cant|p1a: Pert Maxing|flinch
|
|upkeep
|turn|2
|
|t:|1757905116
|move|p2a: Ambipom|Triple Axel|p1a: Pert Maxing
|-damage|p1a: Pert Maxing|69/100
|-damage|p1a: Pert Maxing|53/100
|-damage|p1a: Pert Maxing|28/100
|-hitcount|p1a: Pert Maxing|3
|move|p1a: Pert Maxing|Stealth Rock|p2a: Ambipom
|-sidestart|p2: Moistham|move: Stealth Rock
|
|upkeep
|turn|3
|
|t:|1757905123
|move|p2a: Ambipom|Beat Up|p1a: Pert Maxing
|-damage|p1a: Pert Maxing|22/100
|-damage|p1a: Pert Maxing|15/100
|-damage|p1a: Pert Maxing|8/100
|-damage|p1a: Pert Maxing|1/100
|-damage|p1a: Pert Maxing|0 fnt
|faint|p1a: Pert Maxing
|-hitcount|p1: Pert Maxing|5
|
|upkeep
|
|t:|1757905141
|switch|p1a: Zapdos|Zapdos|100/100
|-ability|p1a: Zapdos|Pressure
|turn|4
|
|t:|1757905144
|move|p2a: Ambipom|Triple Axel|p1a: Zapdos
|-supereffective|p1a: Zapdos
|-damage|p1a: Zapdos|84/100
|-supereffective|p1a: Zapdos
|-damage|p1a: Zapdos|53/100
|-supereffective|p1a: Zapdos
|-damage|p1a: Zapdos|7/100
|-hitcount|p1a: Zapdos|3
|move|p1a: Zapdos|U-turn|p2a: Ambipom
|-damage|p2a: Ambipom|80/100
|
|t:|1757905148
|switch|p1a: Lokix|Lokix, M|100/100|[from] U-turn
|
|upkeep
|turn|5
|
|t:|1757905154
|move|p1a: Lokix|First Impression|p2a: Ambipom
|-damage|p2a: Ambipom|0 fnt
|faint|p2a: Ambipom
|
|upkeep
|
|t:|1757905171
|switch|p2a: Scizor|Scizor, M|100/100
|-damage|p2a: Scizor|88/100|[from] Stealth Rock
|turn|6
|
|t:|1757905173
|switch|p1a: Zapdos|Zapdos|7/100
|-ability|p1a: Zapdos|Pressure
|move|p2a: Scizor|Swords Dance|p2a: Scizor
|-boost|p2a: Scizor|atk|2
|
|upkeep
|turn|7
|
|t:|1757905176
|move|p2a: Scizor|Bullet Punch|p1a: Zapdos
|-resisted|p1a: Zapdos
|-damage|p1a: Zapdos|0 fnt
|faint|p1a: Zapdos
|
|upkeep
|
|t:|1757905186
|switch|p1a: Iron Treads|Iron Treads|100/100
|turn|8
|
|t:|1757905190
|move|p2a: Scizor|Bullet Punch|p1a: Iron Treads
|-resisted|p1a: Iron Treads
|-damage|p1a: Iron Treads|61/100
|move|p1a: Iron Treads|Volt Switch|p2a: Scizor
|-damage|p2a: Scizor|74/100
|
|t:|1757905193
|-end|p1a: Iron Treads|Quark Drive|[silent]
|switch|p1a: Pecharunt|Pecharunt|100/100|[from] Volt Switch
|
|upkeep
|turn|9
|
|t:|1757905196
|move|p2a: Scizor|Bullet Punch|p1a: Pecharunt
|-damage|p1a: Pecharunt|52/100
|move|p1a: Pecharunt|Foul Play|p2a: Scizor
|-damage|p2a: Scizor|1/100
|
|upkeep
|turn|10
|
|t:|1757905209
|move|p2a: Scizor|Bullet Punch|p1a: Pecharunt
|-damage|p1a: Pecharunt|1/100
|move|p1a: Pecharunt|Foul Play|p2a: Scizor
|-damage|p2a: Scizor|0 fnt
|faint|p2a: Scizor
|
|upkeep
|
|t:|1757905217
|switch|p2a: Houndstone|Houndstone, F|100/100
|-damage|p2a: Houndstone|88/100|[from] Stealth Rock
|turn|11
|
|t:|1757905232
|move|p2a: Houndstone|Shadow Sneak|p1a: Pecharunt
|-supereffective|p1a: Pecharunt
|-damage|p1a: Pecharunt|0 fnt
|faint|p1a: Pecharunt
|
|-heal|p2a: Houndstone|94/100|[from] item: Leftovers
|upkeep
|
|t:|1757905238
|switch|p1a: Lokix|Lokix, M|100/100
|turn|12
|
|t:|1757905246
|move|p1a: Lokix|U-turn|p2a: Houndstone
|-resisted|p2a: Houndstone
|-damage|p2a: Houndstone|68/100
|
|t:|1757905249
|switch|p1a: Iron Treads|Iron Treads|61/100|[from] U-turn
|move|p2a: Houndstone|Will-O-Wisp|p1a: Iron Treads
|-status|p1a: Iron Treads|brn
|
|-heal|p2a: Houndstone|74/100|[from] item: Leftovers
|-damage|p1a: Iron Treads|55/100 brn|[from] brn
|upkeep
|turn|13
|-message|JacezZ forfeited.
|
|win|Moistham
|raw|JacezZ's rating: 1515 &rarr; <strong>1498</strong><br />(-17 for losing)
|raw|Moistham's rating: 1569 &rarr; <strong>1586</strong><br />(+17 for winning)
|l|☆JacezZ
|player|p1|
|l|☆Moistham
|player|p2|
