|j|☆Seu Limoes
|j|☆886q
|t:|1757847916
|gametype|singles
|player|p1|Seu Limoes|169|1128
|player|p2|886q|n|1115
|gen|9
|tier|[Gen 9] OU
|rated|
|rule|HP Percentage Mod: HP is shown in percentages
|rule|Endless Battle Clause: Forcing endless battles is banned
|rule|Species Clause: Limit one of each Pokémon
|rule|OHKO Clause: OHKO moves are banned
|rule|Evasion Items Clause: Evasion items are banned
|rule|Evasion Moves Clause: Evasion moves are banned
|rule|Evasion Abilities Clause: Evasion abilities are banned
|rule|Sleep Moves Clause: Sleep-inducing moves are banned
|clearpoke
|poke|p1|Pelipper, M|
|poke|p1|Iron Treads|
|poke|p1|Basculegion-F, F|
|poke|p1|Overqwil, M|
|poke|p1|Ludicolo, F|
|poke|p1|Iron Valiant|
|poke|p2|Garchomp, F|
|poke|p2|Tyranitar, F|
|poke|p2|Great Tusk|
|poke|p2|Heatran, F|
|poke|p2|Landorus-Therian, M|
|poke|p2|Glimmora, F|
|teampreview
|
|t:|1757847923
|teamsize|p1|6
|teamsize|p2|6
|start
|switch|p1a: Iron Valiant|Iron Valiant|100/100
|switch|p2a: Garchomp|Garchomp, F|100/100
|turn|1
|
|t:|1757847933
|-terastallize|p2a: Garchomp|Fairy
|move|p1a: Iron Valiant|Taunt|p2a: Garchomp
|-start|p2a: Garchomp|move: Taunt
|cant|p2a: Garchomp|move: Taunt|Swords Dance
|
|upkeep
|turn|2
|
|t:|1757847953
|-end|p1a: Iron Valiant|Quark Drive|[silent]
|switch|p1a: Pelipper|Pelipper, M|100/100
|-weather|RainDance|[from] ability: Drizzle|[of] p1a: Pelipper
|move|p2a: Garchomp|Poison Jab|p1a: Pelipper
|-damage|p1a: Pelipper|80/100
|
|-weather|RainDance|[upkeep]
|upkeep
|turn|3
|
|t:|1757847963
|move|p2a: Garchomp|Scale Shot|p1a: Pelipper
|-damage|p1a: Pelipper|71/100
|-damage|p1a: Pelipper|61/100
|-damage|p1a: Pelipper|52/100
|-damage|p1a: Pelipper|40/100
|-hitcount|p1a: Pelipper|4
|-unboost|p2a: Garchomp|def|1
|-boost|p2a: Garchomp|spe|1
|move|p1a: Pelipper|U-turn|p2a: Garchomp
|-resisted|p2a: Garchomp
|-damage|p2a: Garchomp|96/100
|-damage|p1a: Pelipper|28/100|[from] ability: Rough Skin|[of] p2a: Garchomp
|
|t:|1757847984
|switch|p1a: Overqwil|Overqwil, M|100/100|[from] U-turn
|
|-weather|RainDance|[upkeep]
|-end|p2a: Garchomp|move: Taunt
|upkeep
|turn|4
|
|t:|1757847994
|switch|p2a: Tyranitar|Tyranitar, F|100/100
|-weather|Sandstorm|[from] ability: Sand Stream|[of] p2a: Tyranitar
|move|p1a: Overqwil|Liquidation|p2a: Tyranitar
|-supereffective|p2a: Tyranitar
|-damage|p2a: Tyranitar|53/100
|-damage|p1a: Overqwil|91/100|[from] item: Life Orb
|
|-weather|Sandstorm|[upkeep]
|-damage|p1a: Overqwil|84/100|[from] Sandstorm
|upkeep
|turn|5
|
|t:|1757848009
|move|p1a: Overqwil|Liquidation|p2a: Tyranitar
|-supereffective|p2a: Tyranitar
|-damage|p2a: Tyranitar|6/100
|-enditem|p2a: Tyranitar|Sitrus Berry|[eat]
|-heal|p2a: Tyranitar|31/100|[from] item: Sitrus Berry
|-damage|p1a: Overqwil|74/100|[from] item: Life Orb
|move|p2a: Tyranitar|Thunder Wave|p1a: Overqwil|[miss]
|-miss|p2a: Tyranitar|p1a: Overqwil
|
|-weather|Sandstorm|[upkeep]
|-damage|p1a: Overqwil|68/100|[from] Sandstorm
|upkeep
|turn|6
|
|t:|1757848021
|move|p1a: Overqwil|Liquidation|p2a: Tyranitar
|-supereffective|p2a: Tyranitar
|-damage|p2a: Tyranitar|0 fnt
|faint|p2a: Tyranitar
|-damage|p1a: Overqwil|58/100|[from] item: Life Orb
|
|-weather|Sandstorm|[upkeep]
|-damage|p1a: Overqwil|52/100|[from] Sandstorm
|upkeep
|
|t:|1757848034
|switch|p2a: Great Tusk|Great Tusk|100/100
|-enditem|p2a: Great Tusk|Booster Energy
|-activate|p2a: Great Tusk|ability: Protosynthesis|[fromitem]
|-start|p2a: Great Tusk|protosynthesisspe
|turn|7
|
|t:|1757848041
|switch|p1a: Ludicolo|Ludicolo, F|100/100
|move|p2a: Great Tusk|Bulk Up|p2a: Great Tusk
|-boost|p2a: Great Tusk|atk|1
|-boost|p2a: Great Tusk|def|1
|
|-weather|Sandstorm|[upkeep]
|-damage|p1a: Ludicolo|95/100|[from] Sandstorm
|upkeep
|turn|8
|
|t:|1757848054
|switch|p1a: Pelipper|Pelipper, M|28/100
|-weather|RainDance|[from] ability: Drizzle|[of] p1a: Pelipper
|move|p2a: Great Tusk|Bulk Up|p2a: Great Tusk
|-boost|p2a: Great Tusk|atk|1
|-boost|p2a: Great Tusk|def|1
|
|-weather|RainDance|[upkeep]
|upkeep
|turn|9
|
|t:|1757848065
|move|p2a: Great Tusk|Ice Spinner|p1a: Pelipper
|-damage|p1a: Pelipper|0 fnt
|faint|p1a: Pelipper
|
|-weather|RainDance|[upkeep]
|upkeep
|
|t:|1757848068
|switch|p1a: Ludicolo|Ludicolo, F|95/100
|turn|10
|
|t:|1757848076
|move|p1a: Ludicolo|Hydro Pump|p2a: Great Tusk
|-supereffective|p2a: Great Tusk
|-damage|p2a: Great Tusk|0 fnt
|faint|p2a: Great Tusk
|-end|p2a: Great Tusk|Protosynthesis|[silent]
|-damage|p1a: Ludicolo|85/100|[from] item: Life Orb
|
|-weather|RainDance|[upkeep]
|upkeep
|
|t:|1757848093
|switch|p2a: Garchomp|Garchomp, F, tera:Fairy|96/100
|turn|11
|
|t:|1757848097
|-terastallize|p1a: Ludicolo|Water
|move|p1a: Ludicolo|Hydro Pump|p2a: Garchomp|[miss]
|-miss|p1a: Ludicolo|p2a: Garchomp
|move|p2a: Garchomp|Swords Dance|p2a: Garchomp
|-boost|p2a: Garchomp|atk|2
|
|-weather|RainDance|[upkeep]
|upkeep
|turn|12
|
|t:|1757848113
|move|p1a: Ludicolo|Hydro Pump|p2a: Garchomp
|-damage|p2a: Garchomp|0 fnt
|faint|p2a: Garchomp
|-damage|p1a: Ludicolo|75/100|[from] item: Life Orb
|
|-weather|RainDance|[upkeep]
|upkeep
|
|t:|1757848123
|switch|p2a: Glimmora|Glimmora, F|100/100
|turn|13
|
|t:|1757848127
|move|p1a: Ludicolo|Hydro Pump|p2a: Glimmora
|-supereffective|p2a: Glimmora
|-enditem|p2a: Glimmora|Focus Sash
|-damage|p2a: Glimmora|1/100
|-damage|p1a: Ludicolo|65/100|[from] item: Life Orb
|move|p2a: Glimmora|Sludge Wave|p1a: Ludicolo
|-damage|p1a: Ludicolo|8/100
|
|-weather|RainDance|[upkeep]
|upkeep
|turn|14
|
|t:|1757848137
|move|p1a: Ludicolo|Giga Drain|p2a: Glimmora
|-damage|p2a: Glimmora|0 fnt
|-heal|p1a: Ludicolo|9/100|[from] drain|[of] p2a: Glimmora
|faint|p2a: Glimmora
|-damage|p1a: Ludicolo|0 fnt|[from] item: Life Orb
|faint|p1a: Ludicolo
|
|-weather|RainDance|[upkeep]
|upkeep
|
|t:|1757848150
|switch|p2a: Landorus|Landorus-Therian, M|100/100
|switch|p1a: Basculegion|Basculegion-F, F|100/100
|-ability|p2a: Landorus|Intimidate|boost
|-unboost|p1a: Basculegion|atk|1
|turn|15
|
|t:|1757848160
|move|p2a: Landorus|Earthquake|p1a: Basculegion
|-damage|p1a: Basculegion|42/100
|move|p1a: Basculegion|Surf|p2a: Landorus
|-supereffective|p2a: Landorus
|-damage|p2a: Landorus|0 fnt
|faint|p2a: Landorus
|
|-weather|none
|upkeep
|
|t:|1757848171
|switch|p2a: Heatran|Heatran, F|100/100
|-item|p2a: Heatran|Air Balloon
|turn|16
|
|t:|1757848183
|move|p2a: Heatran|Flash Cannon|p1a: Basculegion
|-resisted|p1a: Basculegion
|-damage|p1a: Basculegion|20/100
|move|p1a: Basculegion|Surf|p2a: Heatran
|-supereffective|p2a: Heatran
|-damage|p2a: Heatran|0 fnt
|-enditem|p2a: Heatran|Air Balloon
|faint|p2a: Heatran
|
|win|Seu Limoes
|raw|Seu Limoes's rating: 1128 &rarr; <strong>1152</strong><br />(+24 for winning)
|raw|886q's rating: 1115 &rarr; <strong>1091</strong><br />(-24 for losing)
|l|☆886q
|player|p2|
|l|☆Seu Limoes
|player|p1|
