|j|☆Alcopark
|j|☆AerosmithJR
|html|<table width="100%"><tr><td align="left">Alcopark</td><td align="right">AerosmithJR</tr><tr><td align="left"><i class="fa fa-circle-o"></i> <i class="fa fa-circle-o"></i> </td><td align="right"><i class="fa fa-circle-o"></i> <i class="fa fa-circle-o"></i> </tr></table>
|uhtml|bestof|<h2><strong>Game 1</strong> of <a href="/game-bestof3-gen9ou-2441519158">a best-of-3</a></h2>
|t:|1757863372
|gametype|singles
|player|p1|Alcopark|fisherman-gen4|
|player|p2|AerosmithJR|roxie|
|gen|9
|tier|[Gen 9] OU
|rule|HP Percentage Mod: HP is shown in percentages
|rule|Endless Battle Clause: Forcing endless battles is banned
|rule|Species Clause: Limit one of each Pokémon
|rule|OHKO Clause: OHKO moves are banned
|rule|Evasion Items Clause: Evasion items are banned
|rule|Evasion Moves Clause: Evasion moves are banned
|rule|Evasion Abilities Clause: Evasion abilities are banned
|rule|Sleep Moves Clause: Sleep-inducing moves are banned
|raw|<div class="infobox"><details class="readmore"><summary><strong>7 custom rules:</strong></summary> Force Open Team Sheets, Anything Goes, * Restricted Legendary, maxteamsize=8, Picked Team Size = 6, Adjust Level = 100, bestof=3</details></div>
|clearpoke
|poke|p1|Rillaboom, M|
|poke|p1|Greninja-*, F|
|poke|p1|Slowking-Galar, F|
|poke|p1|Garganacl, M|
|poke|p1|Conkeldurr, M|
|poke|p1|Arcanine-Hisui, F|
|poke|p1|Dragapult, F|
|poke|p1|Corviknight, F|
|poke|p2|Dragonite, F|
|poke|p2|Gliscor, F|
|poke|p2|Clefable, F|
|poke|p2|Corviknight, F|
|poke|p2|Kingambit, F|
|poke|p2|Glimmora, F|
|poke|p2|Meowscarada, F|
|poke|p2|Primarina, F|
|teampreview|6
|showteam|p1|Rillaboom||AssaultVest|GrassySurge|GrassyGlide,Uturn,DrainPunch,KnockOff|||M||||,,,,,Grass]Greninja||ChoiceSpecs|Protean|IceBeam,WaterShuriken,DarkPulse,SludgeWave|||F||||,,,,,Water]Slowking-Galar||BlackSludge|Regenerator|SludgeBomb,ChillyReception,ThunderWave,FutureSight|||F||||,,,,,Poison]Garganacl||MarangaBerry|PurifyingSalt|SaltCure,Earthquake,Curse,Recover|||M||||,,,,,Rock]Conkeldurr||FlameOrb|Guts|MachPunch,DrainPunch,IcePunch,KnockOff|||M||||,,,,,Fighting]Arcanine-Hisui||LifeOrb|RockHead|HeadSmash,StealthRock,FlareBlitz,ExtremeSpeed|||F||||,,,,,Fire]Dragapult||HeavyDutyBoots|Infiltrator|DracoMeteor,WillOWisp,Uturn,Hex|||F||||,,,,,Dragon]Corviknight||Leftovers|Pressure|Defog,IronDefense,Roost,BodyPress|||F||||,,,,,Fighting
|showteam|p2|Dragonite||HeavyDutyBoots|Multiscale|ExtremeSpeed,Earthquake,DragonDance,Roost|||F||||,,,,,Normal]Gliscor||ToxicOrb|PoisonHeal|SwordsDance,Facade,KnockOff,Protect|||F||||,,,,,Normal]Clefable||Leftovers|Unaware|ThunderWave,CalmMind,Moonblast,Moonlight|||F||||,,,,,Poison]Corviknight||RockyHelmet|Pressure|IronDefense,BodyPress,BraveBird,Roost|||F||||,,,,,Water]Kingambit||LumBerry|SupremeOverlord|SwordsDance,SuckerPunch,IronHead,BrickBreak|||F||||,,,,,Dark]Glimmora||FocusSash|ToxicDebris|StealthRock,MortalSpin,SludgeWave,EarthPower|||F||||,,,,,Rock]Meowscarada||ChoiceBand|Protean|FlowerTrick,KnockOff,Uturn,TripleAxel|||F||||,,,,,Grass]Primarina||AssaultVest|Torrent|Surf,Moonblast,FlipTurn,PsychicNoise|||F||||,,,,,Steel
|c|☆AerosmithJR|Cual baneas?
|c|☆Alcopark|un momento lo pienso
|c|☆Alcopark|Ban kingambit
|c|☆Alcopark|tu?
|c|☆AerosmithJR|Ban arcanine
|c|☆Alcopark|okayy
|c|☆Alcopark|buena suerte
|c|☆AerosmithJR|Igual
|c|☆Alcopark|a y otra cosa nos falta
|c|☆Alcopark|cuando entremos en lucha decimos cual no usamos
|c|☆AerosmithJR|Ta weno
|c|☆AerosmithJR|Se nos pasó ese detalle a mi rival y a mi en el anterior xD
|c|☆Alcopark|jajajaj
|
|t:|1757863582
|teamsize|p1|6
|teamsize|p2|6
|start
|switch|p1a: Omaeba|Corviknight, F, shiny|100/100
|switch|p2a: Meowscarada|Meowscarada, F|100/100
|-ability|p1a: Omaeba|Pressure
|turn|1
|c|☆AerosmithJR|Deje fuera al gliscor obviamente
|c|☆Alcopark|yo a garganacl
|c|☆AerosmithJR|Oka
|
|t:|1757863635
|switch|p2a: Primarina|Primarina, F|100/100
|move|p1a: Omaeba|Iron Defense|p1a: Omaeba
|-boost|p1a: Omaeba|def|2
|
|upkeep
|turn|2
|
|t:|1757863659
|move|p1a: Omaeba|Body Press|p2a: Primarina
|-resisted|p2a: Primarina
|-damage|p2a: Primarina|70/100
|move|p2a: Primarina|Surf|p1a: Omaeba
|-damage|p1a: Omaeba|52/100
|
|-heal|p1a: Omaeba|58/100|[from] item: Leftovers
|upkeep
|turn|3
|
|t:|1757863671
|switch|p2a: Clefable|Clefable, F|100/100
|switch|p1a: Rillaboom|Rillaboom, M|100/100
|-fieldstart|move: Grassy Terrain|[from] ability: Grassy Surge|[of] p1a: Rillaboom
|
|upkeep
|turn|4
|
|t:|1757863699
|move|p1a: Rillaboom|Knock Off|p2a: Clefable
|-resisted|p2a: Clefable
|-damage|p2a: Clefable|90/100
|-enditem|p2a: Clefable|Leftovers|[from] move: Knock Off|[of] p1a: Rillaboom
|move|p2a: Clefable|Thunder Wave|p1a: Rillaboom
|-status|p1a: Rillaboom|par
|
|-heal|p2a: Clefable|96/100|[from] Grassy Terrain
|upkeep
|turn|5
|
|t:|1757863721
|move|p2a: Clefable|Calm Mind|p2a: Clefable
|-boost|p2a: Clefable|spa|1
|-boost|p2a: Clefable|spd|1
|move|p1a: Rillaboom|U-turn|p2a: Clefable
|-resisted|p2a: Clefable
|-damage|p2a: Clefable|88/100
|
|t:|1757863726
|switch|p1a: Slowking|Slowking-Galar, F|100/100|[from] U-turn
|
|-heal|p2a: Clefable|94/100|[from] Grassy Terrain
|upkeep
|turn|6
|
|t:|1757863739
|move|p2a: Clefable|Thunder Wave|p1a: Slowking
|-status|p1a: Slowking|par
|cant|p1a: Slowking|par
|
|-heal|p2a: Clefable|99/100|[from] Grassy Terrain
|upkeep
|turn|7
|
|t:|1757863747
|switch|p2a: Glimmora|Glimmora, F|100/100
|cant|p1a: Slowking|par
|
|-fieldend|move: Grassy Terrain
|upkeep
|turn|8
|
|t:|1757863763
|switch|p1a: Omaeba|Corviknight, F, shiny|58/100
|-ability|p1a: Omaeba|Pressure
|move|p2a: Glimmora|Stealth Rock|p1a: Omaeba
|-sidestart|p1: Alcopark|move: Stealth Rock
|
|-heal|p1a: Omaeba|64/100|[from] item: Leftovers
|upkeep
|turn|9
|
|t:|1757863785
|switch|p2a: Clefable|Clefable, F|99/100
|move|p1a: Omaeba|Defog|p2a: Clefable
|-unboost|p2a: Clefable|evasion|1
|-sideend|p1: Alcopark|Stealth Rock|[from] move: Defog|[of] p1a: Omaeba
|
|-heal|p1a: Omaeba|70/100|[from] item: Leftovers
|upkeep
|turn|10
|
|t:|1757863836
|switch|p1a: Slowking|Slowking-Galar, F|100/100 par
|move|p2a: Clefable|Thunder Wave|p1a: Slowking
|-fail|p1a: Slowking|par
|
|upkeep
|turn|11
|
|t:|1757863847
|switch|p2a: Corviknight|Corviknight, F|100/100
|-ability|p2a: Corviknight|Pressure
|move|p1a: Slowking|Sludge Bomb|p2a: Corviknight
|-immune|p2a: Corviknight
|
|upkeep
|turn|12
|
|t:|1757863857
|move|p2a: Corviknight|Iron Defense|p2a: Corviknight
|-boost|p2a: Corviknight|def|2
|move|p1a: Slowking|Thunder Wave|p2a: Corviknight
|-status|p2a: Corviknight|par
|
|upkeep
|turn|13
|
|t:|1757863875
|switch|p1a: Dragapult|Dragapult, F|100/100
|cant|p2a: Corviknight|par
|
|upkeep
|turn|14
|
|t:|1757863885
|move|p1a: Dragapult|Hex|p2a: Corviknight
|-damage|p2a: Corviknight|45/100 par
|move|p2a: Corviknight|Brave Bird|p1a: Dragapult
|-damage|p1a: Dragapult|48/100
|-damage|p2a: Corviknight|30/100 par|[from] Recoil
|
|upkeep
|turn|15
|
|t:|1757863894
|switch|p2a: Clefable|Clefable, F|99/100
|move|p1a: Dragapult|Hex|p2a: Clefable
|-damage|p2a: Clefable|75/100
|
|upkeep
|turn|16
|
|t:|1757863908
|switch|p2a: Corviknight|Corviknight, F|30/100 par
|-ability|p2a: Corviknight|Pressure
|move|p1a: Dragapult|U-turn|p2a: Corviknight
|-resisted|p2a: Corviknight
|-damage|p2a: Corviknight|28/100 par
|-damage|p1a: Dragapult|32/100|[from] item: Rocky Helmet|[of] p2a: Corviknight
|
|t:|1757863926
|switch|p1a: Conkeldurr|Conkeldurr, M|100/100|[from] U-turn
|
|-status|p1a: Conkeldurr|brn|[from] item: Flame Orb
|upkeep
|turn|17
|
|t:|1757863937
|move|p1a: Conkeldurr|Ice Punch|p2a: Corviknight
|-damage|p2a: Corviknight|0 fnt
|-damage|p1a: Conkeldurr|84/100 brn|[from] item: Rocky Helmet|[of] p2a: Corviknight
|faint|p2a: Corviknight
|
|-damage|p1a: Conkeldurr|78/100 brn|[from] brn
|upkeep
|
|t:|1757863949
|switch|p2a: Clefable|Clefable, F|75/100
|turn|18
|
|t:|1757863956
|switch|p1a: Slowking|Slowking-Galar, F|100/100 par
|move|p2a: Clefable|Moonblast|p1a: Slowking
|-resisted|p1a: Slowking
|-damage|p1a: Slowking|92/100 par
|
|-heal|p1a: Slowking|98/100 par|[from] item: Black Sludge
|upkeep
|turn|19
|
|t:|1757863969
|move|p2a: Clefable|Calm Mind|p2a: Clefable
|-boost|p2a: Clefable|spa|1
|-boost|p2a: Clefable|spd|1
|move|p1a: Slowking|Sludge Bomb|p2a: Clefable
|-supereffective|p2a: Clefable
|-damage|p2a: Clefable|28/100
|-status|p2a: Clefable|psn
|
|-heal|p1a: Slowking|100/100 par|[from] item: Black Sludge
|-damage|p2a: Clefable|16/100 psn|[from] psn
|upkeep
|turn|20
|
|t:|1757863979
|move|p2a: Clefable|Moonlight|p2a: Clefable
|-heal|p2a: Clefable|66/100 psn
|move|p1a: Slowking|Sludge Bomb|p2a: Clefable
|-supereffective|p2a: Clefable
|-damage|p2a: Clefable|23/100 psn
|
|-damage|p2a: Clefable|11/100 psn|[from] psn
|upkeep
|turn|21
|
|t:|1757863986
|move|p2a: Clefable|Moonlight|p2a: Clefable
|-heal|p2a: Clefable|61/100 psn
|move|p1a: Slowking|Sludge Bomb|p2a: Clefable
|-supereffective|p2a: Clefable
|-damage|p2a: Clefable|19/100 psn
|
|-damage|p2a: Clefable|7/100 psn|[from] psn
|upkeep
|turn|22
|
|t:|1757864000
|move|p2a: Clefable|Moonlight|p2a: Clefable
|-heal|p2a: Clefable|57/100 psn
|cant|p1a: Slowking|par
|
|-damage|p2a: Clefable|44/100 psn|[from] psn
|upkeep
|turn|23
|c|☆AerosmithJR|Es gg
|c|☆AerosmithJR|No tengo como entrarle
|
|t:|1757864015
|move|p2a: Clefable|Moonlight|p2a: Clefable
|-heal|p2a: Clefable|94/100 psn
|cant|p1a: Slowking|par
|
|-damage|p2a: Clefable|82/100 psn|[from] psn
|upkeep
|turn|24
|c|☆Alcopark|rezar la paralisis mucho
|
|t:|1757864028
|switch|p2a: Glimmora|Glimmora, F|100/100
|move|p1a: Slowking|Future Sight|p2a: Glimmora
|-start|p1a: Slowking|move: Future Sight
|
|upkeep
|turn|25
|
|t:|1757864042
|switch|p2a: Primarina|Primarina, F|70/100
|switch|p1a: Omaeba|Corviknight, F, shiny|70/100
|-ability|p1a: Omaeba|Pressure
|
|-heal|p1a: Omaeba|76/100|[from] item: Leftovers
|upkeep
|turn|26
|
|t:|1757864050
|switch|p1a: Rillaboom|Rillaboom, M|100/100 par
|-fieldstart|move: Grassy Terrain|[from] ability: Grassy Surge|[of] p1a: Rillaboom
|move|p2a: Primarina|Surf|p1a: Rillaboom
|-resisted|p1a: Rillaboom
|-damage|p1a: Rillaboom|86/100 par
|
|-end|p2a: Primarina|move: Future Sight
|-damage|p2a: Primarina|43/100
|-heal|p2a: Primarina|49/100|[from] Grassy Terrain
|-heal|p1a: Rillaboom|92/100 par|[from] Grassy Terrain
|upkeep
|turn|27
|
|t:|1757864066
|switch|p2a: Glimmora|Glimmora, F|100/100
|move|p1a: Rillaboom|U-turn|p2a: Glimmora
|-resisted|p2a: Glimmora
|-damage|p2a: Glimmora|88/100
|-activate|p2a: Glimmora|ability: Toxic Debris
|-sidestart|p1: Alcopark|move: Toxic Spikes
|
|t:|1757864073
|switch|p1a: Slowking|Slowking-Galar, F|100/100 par|[from] U-turn
|-sideend|p1: Alcopark|move: Toxic Spikes|[of] p1a: Slowking
|
|-heal|p2a: Glimmora|94/100|[from] Grassy Terrain
|upkeep
|turn|28
|
|t:|1757864089
|move|p2a: Glimmora|Stealth Rock|p1a: Slowking
|-sidestart|p1: Alcopark|move: Stealth Rock
|-prepare|p1a: Slowking|Chilly Reception|[premajor]
|move|p1a: Slowking|Chilly Reception|p1a: Slowking
|-weather|Snowscape
|
|t:|1757864095
|switch|p1a: Omaeba|Corviknight, F, shiny|76/100|[from] Chilly Reception
|-damage|p1a: Omaeba|63/100|[from] Stealth Rock
|-ability|p1a: Omaeba|Pressure
|
|-weather|Snowscape|[upkeep]
|-heal|p2a: Glimmora|100/100|[from] Grassy Terrain
|-heal|p1a: Omaeba|69/100|[from] item: Leftovers
|upkeep
|turn|29
|
|t:|1757864104
|switch|p2a: Primarina|Primarina, F|49/100
|move|p1a: Omaeba|Defog|p2a: Primarina
|-unboost|p2a: Primarina|evasion|1
|-sideend|p1: Alcopark|Stealth Rock|[from] move: Defog|[of] p1a: Omaeba
|-fieldend|move: Grassy Terrain
|
|-weather|Snowscape|[upkeep]
|-heal|p1a: Omaeba|75/100|[from] item: Leftovers
|upkeep
|turn|30
|
|t:|1757864126
|move|p2a: Primarina|Surf|p1a: Omaeba
|-damage|p1a: Omaeba|24/100
|move|p1a: Omaeba|Roost|p1a: Omaeba
|-heal|p1a: Omaeba|74/100
|-singleturn|p1a: Omaeba|move: Roost
|
|-weather|Snowscape|[upkeep]
|-heal|p1a: Omaeba|80/100|[from] item: Leftovers
|upkeep
|turn|31
|
|t:|1757864138
|switch|p1a: Rillaboom|Rillaboom, M|92/100 par
|-fieldstart|move: Grassy Terrain|[from] ability: Grassy Surge|[of] p1a: Rillaboom
|move|p2a: Primarina|Surf|p1a: Rillaboom
|-resisted|p1a: Rillaboom
|-damage|p1a: Rillaboom|78/100 par
|
|-weather|Snowscape|[upkeep]
|-heal|p2a: Primarina|56/100|[from] Grassy Terrain
|-heal|p1a: Rillaboom|84/100 par|[from] Grassy Terrain
|upkeep
|turn|32
|
|t:|1757864156
|switch|p2a: Glimmora|Glimmora, F|100/100
|cant|p1a: Rillaboom|par
|
|-weather|none
|-heal|p1a: Rillaboom|91/100 par|[from] Grassy Terrain
|upkeep
|turn|33
|
|t:|1757864171
|switch|p2a: Meowscarada|Meowscarada, F|100/100
|switch|p1a: Omaeba|Corviknight, F, shiny|80/100
|-ability|p1a: Omaeba|Pressure
|
|-heal|p1a: Omaeba|86/100|[from] item: Leftovers
|upkeep
|turn|34
|
|t:|1757864182
|move|p2a: Meowscarada|Knock Off|p1a: Omaeba
|-start|p2a: Meowscarada|typechange|Dark|[from] ability: Protean
|-damage|p1a: Omaeba|39/100
|-enditem|p1a: Omaeba|Leftovers|[from] move: Knock Off|[of] p2a: Meowscarada
|move|p1a: Omaeba|Iron Defense|p1a: Omaeba
|-boost|p1a: Omaeba|def|2
|
|upkeep
|turn|35
|
|t:|1757864193
|switch|p2a: Clefable|Clefable, F|82/100 psn
|move|p1a: Omaeba|Body Press|p2a: Clefable
|-resisted|p2a: Clefable
|-damage|p2a: Clefable|73/100 psn
|
|-heal|p2a: Clefable|79/100 psn|[from] Grassy Terrain
|-damage|p2a: Clefable|67/100 psn|[from] psn
|-fieldend|move: Grassy Terrain
|upkeep
|turn|36
|
|t:|1757864205
|move|p1a: Omaeba|Roost|p1a: Omaeba
|-heal|p1a: Omaeba|89/100
|-singleturn|p1a: Omaeba|move: Roost
|move|p2a: Clefable|Thunder Wave|p1a: Omaeba
|-status|p1a: Omaeba|par
|
|-damage|p2a: Clefable|54/100 psn|[from] psn
|upkeep
|turn|37
|
|t:|1757864214
|switch|p1a: Slowking|Slowking-Galar, F|100/100 par
|move|p2a: Clefable|Moonlight|p2a: Clefable
|-heal|p2a: Clefable|100/100 psn
|
|-damage|p2a: Clefable|88/100 psn|[from] psn
|upkeep
|turn|38
|
|t:|1757864224
|switch|p2a: Glimmora|Glimmora, F|100/100
|move|p1a: Slowking|Sludge Bomb|p2a: Glimmora
|-resisted|p2a: Glimmora
|-damage|p2a: Glimmora|89/100
|
|upkeep
|turn|39
|
|t:|1757864236
|move|p2a: Glimmora|Stealth Rock|p1a: Slowking
|-sidestart|p1: Alcopark|move: Stealth Rock
|move|p1a: Slowking|Thunder Wave|p2a: Glimmora|[miss]
|-miss|p1a: Slowking|p2a: Glimmora
|
|upkeep
|turn|40
|
|t:|1757864248
|move|p2a: Glimmora|Earth Power|p1a: Slowking
|-supereffective|p1a: Slowking
|-damage|p1a: Slowking|65/100 par
|move|p1a: Slowking|Future Sight|p2a: Glimmora
|-start|p1a: Slowking|move: Future Sight
|
|-heal|p1a: Slowking|71/100 par|[from] item: Black Sludge
|upkeep
|turn|41
|
|t:|1757864257
|move|p2a: Glimmora|Earth Power|p1a: Slowking
|-supereffective|p1a: Slowking
|-damage|p1a: Slowking|35/100 par
|move|p1a: Slowking|Thunder Wave|p2a: Glimmora|[miss]
|-miss|p1a: Slowking|p2a: Glimmora
|
|-heal|p1a: Slowking|41/100 par|[from] item: Black Sludge
|upkeep
|turn|42
|
|t:|1757864270
|switch|p2a: Meowscarada|Meowscarada, F|100/100
|switch|p1a: Omaeba|Corviknight, F, shiny|89/100 par
|-damage|p1a: Omaeba|77/100 par|[from] Stealth Rock
|-ability|p1a: Omaeba|Pressure
|
|-end|p2a: Meowscarada|move: Future Sight
|-immune|p2a: Meowscarada
|upkeep
|turn|43
|
|t:|1757864280
|move|p2a: Meowscarada|Triple Axel|p1a: Omaeba
|-start|p2a: Meowscarada|typechange|Ice|[from] ability: Protean
|-damage|p1a: Omaeba|68/100 par
|-damage|p1a: Omaeba|51/100 par
|-damage|p1a: Omaeba|24/100 par
|-hitcount|p1a: Omaeba|3
|move|p1a: Omaeba|Body Press|p2a: Meowscarada
|-supereffective|p2a: Meowscarada
|-damage|p2a: Meowscarada|32/100
|
|upkeep
|turn|44
|
|t:|1757864314
|move|p2a: Meowscarada|Triple Axel|p1a: Omaeba
|-damage|p1a: Omaeba|15/100 par
|-damage|p1a: Omaeba|0 fnt
|faint|p1a: Omaeba
|-hitcount|p1: Omaeba|2
|
|upkeep
|
|t:|1757864328
|switch|p1a: Conkeldurr|Conkeldurr, M|78/100 brn
|-damage|p1a: Conkeldurr|72/100 brn|[from] Stealth Rock
|turn|45
|
|t:|1757864337
|switch|p2a: Clefable|Clefable, F|88/100 psn
|move|p1a: Conkeldurr|Mach Punch|p2a: Clefable
|-resisted|p2a: Clefable
|-damage|p2a: Clefable|74/100 psn
|
|-damage|p2a: Clefable|62/100 psn|[from] psn
|-damage|p1a: Conkeldurr|66/100 brn|[from] brn
|upkeep
|turn|46
|
|t:|1757864387
|move|p2a: Clefable|Moonlight|p2a: Clefable
|-heal|p2a: Clefable|100/100 psn
|move|p1a: Conkeldurr|Ice Punch|p2a: Clefable
|-damage|p2a: Clefable|63/100 psn
|
|-damage|p2a: Clefable|51/100 psn|[from] psn
|-damage|p1a: Conkeldurr|60/100 brn|[from] brn
|upkeep
|turn|47
|
|t:|1757864431
|move|p2a: Clefable|Moonblast|p1a: Conkeldurr
|-supereffective|p1a: Conkeldurr
|-damage|p1a: Conkeldurr|0 fnt
|faint|p1a: Conkeldurr
|
|-damage|p2a: Clefable|38/100 psn|[from] psn
|upkeep
|
|t:|1757864439
|switch|p1a: Greninja|Greninja, F|100/100
|-damage|p1a: Greninja|88/100|[from] Stealth Rock
|turn|48
|
|t:|1757864467
|switch|p2a: Primarina|Primarina, F|56/100
|move|p1a: Greninja|Sludge Wave|p2a: Primarina
|-start|p1a: Greninja|typechange|Poison|[from] ability: Protean
|-supereffective|p2a: Primarina
|-damage|p2a: Primarina|0 fnt
|faint|p2a: Primarina
|
|upkeep
|c|☆AerosmithJR|Waos
|c|☆AerosmithJR|No sabía que esa madre aprendía Sludge Wave
|c|☆Alcopark|sip jajaja
|
|t:|1757864507
|switch|p2a: Glimmora|Glimmora, F|89/100
|turn|49
|
|t:|1757864521
|switch|p1a: Slowking|Slowking-Galar, F|74/100 par
|-damage|p1a: Slowking|61/100 par|[from] Stealth Rock
|move|p2a: Glimmora|Earth Power|p1a: Slowking
|-supereffective|p1a: Slowking
|-damage|p1a: Slowking|26/100 par
|
|-heal|p1a: Slowking|32/100 par|[from] item: Black Sludge
|upkeep
|turn|50
|
|t:|1757864530
|switch|p1a: Rillaboom|Rillaboom, M|91/100 par
|-damage|p1a: Rillaboom|78/100 par|[from] Stealth Rock
|-fieldstart|move: Grassy Terrain|[from] ability: Grassy Surge|[of] p1a: Rillaboom
|move|p2a: Glimmora|Earth Power|p1a: Rillaboom
|-resisted|p1a: Rillaboom
|-damage|p1a: Rillaboom|69/100 par
|
|-heal|p2a: Glimmora|96/100|[from] Grassy Terrain
|-heal|p1a: Rillaboom|75/100 par|[from] Grassy Terrain
|upkeep
|turn|51
|
|t:|1757864548
|move|p1a: Rillaboom|Grassy Glide|p2a: Glimmora
|-damage|p2a: Glimmora|57/100
|-activate|p2a: Glimmora|ability: Toxic Debris
|-sidestart|p1: Alcopark|move: Toxic Spikes
|move|p2a: Glimmora|Sludge Wave|p1a: Rillaboom
|-supereffective|p1a: Rillaboom
|-damage|p1a: Rillaboom|19/100 par
|
|-heal|p2a: Glimmora|63/100|[from] Grassy Terrain
|-heal|p1a: Rillaboom|25/100 par|[from] Grassy Terrain
|upkeep
|turn|52
|
|t:|1757864568
|cant|p1a: Rillaboom|par
|move|p2a: Glimmora|Sludge Wave|p1a: Rillaboom
|-supereffective|p1a: Rillaboom
|-damage|p1a: Rillaboom|0 fnt
|faint|p1a: Rillaboom
|
|-heal|p2a: Glimmora|69/100|[from] Grassy Terrain
|upkeep
|c|☆AerosmithJR|Eso es para ver si no se me fue el net xd
|c|☆Alcopark|ok tranqui
|
|t:|1757864649
|switch|p1a: Greninja|Greninja, F|88/100
|-damage|p1a: Greninja|76/100|[from] Stealth Rock
|-status|p1a: Greninja|psn
|turn|53
|
|t:|1757864671
|switch|p2a: Clefable|Clefable, F|38/100 psn
|move|p1a: Greninja|Ice Beam|p2a: Clefable
|-start|p1a: Greninja|typechange|Ice|[from] ability: Protean
|-damage|p2a: Clefable|0 fnt
|faint|p2a: Clefable
|
|-heal|p1a: Greninja|82/100 psn|[from] Grassy Terrain
|-damage|p1a: Greninja|70/100 psn|[from] psn
|upkeep
|
|t:|1757864680
|switch|p2a: Meowscarada|Meowscarada, F|32/100
|turn|54
|
|t:|1757864684
|switch|p1a: Slowking|Slowking-Galar, F|65/100 par
|-damage|p1a: Slowking|53/100 par|[from] Stealth Rock
|-sideend|p1: Alcopark|move: Toxic Spikes|[of] p1a: Slowking
|move|p2a: Meowscarada|Knock Off|p1a: Slowking
|-start|p2a: Meowscarada|typechange|Dark|[from] ability: Protean
|-supereffective|p1a: Slowking
|-crit|p1a: Slowking
|-damage|p1a: Slowking|0 fnt
|-enditem|p1a: Slowking|Black Sludge|[from] move: Knock Off|[of] p2a: Meowscarada
|faint|p1a: Slowking
|
|-heal|p2a: Meowscarada|38/100|[from] Grassy Terrain
|-fieldend|move: Grassy Terrain
|upkeep
|
|t:|1757864696
|switch|p1a: Dragapult|Dragapult, F|32/100
|turn|55
|
|t:|1757864719
|switch|p2a: Glimmora|Glimmora, F|69/100
|move|p1a: Dragapult|U-turn|p2a: Glimmora
|-resisted|p2a: Glimmora
|-damage|p2a: Glimmora|59/100
|-activate|p2a: Glimmora|ability: Toxic Debris
|-sidestart|p1: Alcopark|move: Toxic Spikes
|
|t:|1757864726
|switch|p1a: Greninja|Greninja, F|70/100 psn|[from] U-turn
|-damage|p1a: Greninja|57/100 psn|[from] Stealth Rock
|
|-damage|p1a: Greninja|45/100 psn|[from] psn
|upkeep
|turn|56
|
|t:|1757864735
|move|p1a: Greninja|Ice Beam|p2a: Glimmora
|-start|p1a: Greninja|typechange|Ice|[from] ability: Protean
|-damage|p2a: Glimmora|0 fnt
|faint|p2a: Glimmora
|
|-damage|p1a: Greninja|33/100 psn|[from] psn
|upkeep
|
|t:|1757864743
|switch|p2a: Meowscarada|Meowscarada, F|38/100
|turn|57
|
|t:|1757864763
|move|p2a: Meowscarada|Knock Off|p1a: Greninja
|-start|p2a: Meowscarada|typechange|Dark|[from] ability: Protean
|-damage|p1a: Greninja|0 fnt
|-enditem|p1a: Greninja|Choice Specs|[from] move: Knock Off|[of] p2a: Meowscarada
|faint|p1a: Greninja
|
|upkeep
|
|t:|1757864769
|switch|p1a: Dragapult|Dragapult, F|32/100
|turn|58
|
|t:|1757864776
|move|p1a: Dragapult|U-turn|p2a: Meowscarada
|-supereffective|p2a: Meowscarada
|-damage|p2a: Meowscarada|0 fnt
|faint|p2a: Meowscarada
|
|upkeep
|
|t:|1757864778
|switch|p2a: Dragonite|Dragonite, F|100/100
|turn|59
|
|t:|1757864800
|move|p1a: Dragapult|Will-O-Wisp|p2a: Dragonite|[miss]
|-miss|p1a: Dragapult|p2a: Dragonite
|move|p2a: Dragonite|Dragon Dance|p2a: Dragonite
|-boost|p2a: Dragonite|atk|1
|-boost|p2a: Dragonite|spe|1
|
|upkeep
|turn|60
|c|☆AerosmithJR|F
|c|☆AerosmithJR|Tremenda haxeada está perdón xd
|
|t:|1757864817
|move|p1a: Dragapult|Will-O-Wisp|p2a: Dragonite
|-status|p2a: Dragonite|brn
|move|p2a: Dragonite|Earthquake|p1a: Dragapult
|-damage|p1a: Dragapult|0 fnt
|faint|p1a: Dragapult
|
|win|AerosmithJR
||AerosmithJR is ready for game 2.
|inactive|Alcopark has 30 seconds to confirm battle start!
||Alcopark is ready for game 2.
|uhtml|next|Next: <a href="/battle-gen9ou-2441531487"><strong>Game 2 of 3</strong></a>
|l|☆AerosmithJR
|player|p2|
|l|☆Alcopark
|player|p1|
|j|☆AerosmithJR
|player|p2|AerosmithJR|roxie|
