|j|☆Swag_SerotoninYT
|j|☆Ashmon Sh
|t:|1757846602
|gametype|singles
|player|p1|Swag_SerotoninYT|1|1137
|player|p2|Ashmon Sh|170|1046
|gen|9
|tier|[Gen 9] OU
|rated|
|rule|HP Percentage Mod: HP is shown in percentages
|rule|Endless Battle Clause: Forcing endless battles is banned
|rule|Species Clause: Limit one of each Pokémon
|rule|OHKO Clause: OHKO moves are banned
|rule|Evasion Items Clause: Evasion items are banned
|rule|Evasion Moves Clause: Evasion moves are banned
|rule|Evasion Abilities Clause: Evasion abilities are banned
|rule|Sleep Moves Clause: Sleep-inducing moves are banned
|clearpoke
|poke|p1|Cacturne, M|
|poke|p1|Dodrio, M|
|poke|p1|Malamar, F|
|poke|p1|Blastoise, M|
|poke|p1|Masquerain, F|
|poke|p1|Perrserker, F|
|poke|p2|Greninja-*, F|
|poke|p2|Breloom, M|
|poke|p2|Great Tusk|
|poke|p2|Dragapult, M|
|poke|p2|Kingambit, F|
|poke|p2|Deoxys-Speed|
|teampreview
|
|t:|1757846633
|teamsize|p1|6
|teamsize|p2|6
|start
|switch|p1a: Masquerain|Masquerain, F|100/100
|switch|p2a: Kingambit|Kingambit, F|100/100
|-ability|p1a: Masquerain|Intimidate|boost
|-unboost|p2a: Kingambit|atk|1
|-ability|p2a: Kingambit|Defiant|boost
|-boost|p2a: Kingambit|atk|2
|turn|1
|
|t:|1757846650
|move|p1a: Masquerain|Sticky Web|p2a: Kingambit
|-sidestart|p2: Ashmon Sh|move: Sticky Web
|move|p2a: Kingambit|Throat Chop|p1a: Masquerain
|-enditem|p1a: Masquerain|Focus Sash
|-damage|p1a: Masquerain|1/100
|-start|p1a: Masquerain|Throat Chop|[silent]
|
|upkeep
|turn|2
|
|t:|1757846660
|move|p1a: Masquerain|Stun Spore|p2a: Kingambit|[miss]
|-miss|p1a: Masquerain|p2a: Kingambit
|move|p2a: Kingambit|Iron Defense|p2a: Kingambit
|-boost|p2a: Kingambit|def|2
|
|-end|p1a: Masquerain|Throat Chop|[silent]
|upkeep
|turn|3
|
|t:|1757846679
|move|p1a: Masquerain|Stun Spore|p2a: Kingambit
|-status|p2a: Kingambit|par
|move|p2a: Kingambit|Throat Chop|p1a: Masquerain
|-damage|p1a: Masquerain|0 fnt
|faint|p1a: Masquerain
|
|upkeep
|
|t:|1757846684
|switch|p1a: Perrserker|Perrserker, F|100/100
|turn|4
|
|t:|1757846695
|move|p1a: Perrserker|Close Combat|p2a: Kingambit
|-supereffective|p2a: Kingambit
|-damage|p2a: Kingambit|14/100 par
|-unboost|p1a: Perrserker|def|1
|-unboost|p1a: Perrserker|spd|1
|-damage|p1a: Perrserker|91/100|[from] item: Life Orb
|cant|p2a: Kingambit|par
|
|-heal|p2a: Kingambit|20/100 par|[from] item: Leftovers
|upkeep
|turn|5
|
|t:|1757846714
|switch|p2a: Great Tusk|Great Tusk|100/100
|-activate|p2a: Great Tusk|move: Sticky Web
|-unboost|p2a: Great Tusk|spe|1
|move|p1a: Perrserker|Close Combat|p2a: Great Tusk
|-damage|p2a: Great Tusk|62/100
|-unboost|p1a: Perrserker|def|1
|-unboost|p1a: Perrserker|spd|1
|-damage|p1a: Perrserker|81/100|[from] item: Life Orb
|
|-heal|p2a: Great Tusk|68/100|[from] item: Leftovers
|upkeep
|turn|6
|
|t:|1757846731
|move|p1a: Perrserker|Play Rough|p2a: Great Tusk
|-supereffective|p2a: Great Tusk
|-damage|p2a: Great Tusk|14/100
|-damage|p1a: Perrserker|71/100|[from] item: Life Orb
|move|p2a: Great Tusk|Fire Fang|p1a: Perrserker
|-supereffective|p1a: Perrserker
|-damage|p1a: Perrserker|0 fnt
|faint|p1a: Perrserker
|
|-heal|p2a: Great Tusk|20/100|[from] item: Leftovers
|upkeep
|
|t:|1757846737
|switch|p1a: Blastoise|Blastoise, M|100/100
|turn|7
|
|t:|1757846745
|move|p1a: Blastoise|Shell Smash|p1a: Blastoise
|-unboost|p1a: Blastoise|def|1
|-unboost|p1a: Blastoise|spd|1
|-boost|p1a: Blastoise|atk|2
|-boost|p1a: Blastoise|spa|2
|-boost|p1a: Blastoise|spe|2
|-enditem|p1a: Blastoise|White Herb
|-clearnegativeboost|p1a: Blastoise|[silent]
|move|p2a: Great Tusk|Supercell Slam|p1a: Blastoise
|-supereffective|p1a: Blastoise
|-damage|p1a: Blastoise|24/100
|
|-heal|p2a: Great Tusk|26/100|[from] item: Leftovers
|upkeep
|turn|8
|
|t:|1757846767
|-end|p2a: Great Tusk|Protosynthesis|[silent]
|switch|p2a: Breloom|Breloom, M|100/100
|-activate|p2a: Breloom|move: Sticky Web
|-unboost|p2a: Breloom|spe|1
|move|p1a: Blastoise|Ice Beam|p2a: Breloom
|-supereffective|p2a: Breloom
|-damage|p2a: Breloom|0 fnt
|faint|p2a: Breloom
|
|upkeep
|
|t:|1757846781
|switch|p2a: Deoxys|Deoxys-Speed|100/100
|-activate|p2a: Deoxys|move: Sticky Web
|-unboost|p2a: Deoxys|spe|1
|-ability|p2a: Deoxys|Pressure
|turn|9
|
|t:|1757846798
|move|p1a: Blastoise|Hydro Pump|p2a: Deoxys
|-damage|p2a: Deoxys|0 fnt
|faint|p2a: Deoxys
|
|upkeep
|
|t:|1757846805
|switch|p2a: Greninja|Greninja, F|100/100
|-activate|p2a: Greninja|move: Sticky Web
|-unboost|p2a: Greninja|spe|1
|turn|10
|
|t:|1757846811
|move|p1a: Blastoise|Hydro Pump|p2a: Greninja
|-resisted|p2a: Greninja
|-damage|p2a: Greninja|0 fnt
|faint|p2a: Greninja
|
|upkeep
|
|t:|1757846818
|switch|p2a: Dragapult|Dragapult, M|100/100
|-activate|p2a: Dragapult|move: Sticky Web
|-fail|p2a: Dragapult|unboost|[from] ability: Clear Body|[of] p2a: Dragapult
|turn|11
|
|t:|1757846827
|move|p1a: Blastoise|Ice Beam|p2a: Dragapult
|-supereffective|p2a: Dragapult
|-damage|p2a: Dragapult|0 fnt
|faint|p2a: Dragapult
|
|upkeep
|
|t:|1757846833
|switch|p2a: Great Tusk|Great Tusk|26/100
|-activate|p2a: Great Tusk|move: Sticky Web
|-unboost|p2a: Great Tusk|spe|1
|turn|12
|
|t:|1757846840
|move|p1a: Blastoise|Ice Beam|p2a: Great Tusk
|-supereffective|p2a: Great Tusk
|-damage|p2a: Great Tusk|0 fnt
|faint|p2a: Great Tusk
|-end|p2a: Great Tusk|Protosynthesis|[silent]
|
|upkeep
|
|t:|1757846845
|switch|p2a: Kingambit|Kingambit, F|20/100 par
|-activate|p2a: Kingambit|move: Sticky Web
|-unboost|p2a: Kingambit|spe|1
|-ability|p2a: Kingambit|Defiant|boost
|-boost|p2a: Kingambit|atk|2
|turn|13
|
|t:|1757846850
|move|p1a: Blastoise|Ice Beam|p2a: Kingambit
|-resisted|p2a: Kingambit
|-damage|p2a: Kingambit|0 fnt
|faint|p2a: Kingambit
|
|win|Swag_SerotoninYT
|raw|Swag_SerotoninYT's rating: 1137 &rarr; <strong>1156</strong><br />(+19 for winning)
|raw|Ashmon Sh's rating: 1046 &rarr; <strong>1033</strong><br />(-13 for losing)
