|j|☆stevstacks
|j|☆IHeartGalvantula
|t:|1757789461
|gametype|singles
|player|p1|stevstacks|170|1594
|player|p2|IHeartGalvantula|unknown|1605
|gen|9
|tier|[Gen 9] OU
|rated|
|rule|HP Percentage Mod: HP is shown in percentages
|rule|Endless Battle Clause: Forcing endless battles is banned
|rule|Species Clause: Limit one of each Pokémon
|rule|OHKO Clause: OHKO moves are banned
|rule|Evasion Items Clause: Evasion items are banned
|rule|Evasion Moves Clause: Evasion moves are banned
|rule|Evasion Abilities Clause: Evasion abilities are banned
|rule|Sleep Moves Clause: Sleep-inducing moves are banned
|clearpoke
|poke|p1|Corviknight, M|
|poke|p1|Walking Wake|
|poke|p1|Torkoal, F|
|poke|p1|Raging Bolt|
|poke|p1|Great Tusk|
|poke|p1|Zamazenta-*|
|poke|p2|Galvantula, F|
|poke|p2|Enamorus, F|
|poke|p2|Garchomp, M|
|poke|p2|Gholdengo|
|poke|p2|Kingambit, M|
|poke|p2|Serperior, F|
|teampreview
|inactive|Battle timer is ON: inactive players will automatically lose when time's up. (requested by stevstacks)
|inactive|IHeartGalvantula also wants the timer to be on.
|
|t:|1757789471
|teamsize|p1|6
|teamsize|p2|6
|start
|switch|p1a: Torkoal|Torkoal, F|100/100
|switch|p2a: Galvantula|Galvantula, F|100/100
|-weather|SunnyDay|[from] ability: Drought|[of] p1a: Torkoal
|turn|1
|
|t:|1757789480
|move|p2a: Galvantula|Thunder Wave|p1a: Torkoal
|-status|p1a: Torkoal|par
|move|p1a: Torkoal|Rapid Spin|p2a: Galvantula
|-damage|p2a: Galvantula|83/100
|-boost|p1a: Torkoal|spe|1
|
|-weather|SunnyDay|[upkeep]
|upkeep
|turn|2
|
|t:|1757789485
|switch|p1a: Walking Wake|Walking Wake|100/100
|-activate|p1a: Walking Wake|ability: Protosynthesis
|-start|p1a: Walking Wake|protosynthesisspe
|move|p2a: Galvantula|Sticky Web|p1a: Walking Wake
|-sidestart|p1: stevstacks|move: Sticky Web
|
|-weather|SunnyDay|[upkeep]
|upkeep
|turn|3
|
|t:|1757789492
|move|p1a: Walking Wake|Hydro Steam|p2a: Galvantula
|-damage|p2a: Galvantula|0 fnt
|faint|p2a: Galvantula
|
|-weather|SunnyDay|[upkeep]
|upkeep
|
|t:|1757789500
|switch|p2a: Serperior|Serperior, F|100/100
|turn|4
|
|t:|1757789510
|-end|p1a: Walking Wake|Protosynthesis|[silent]
|switch|p1a: Corviknight|Corviknight, M|100/100
|-ability|p1a: Corviknight|Pressure
|move|p2a: Serperior|Dragon Pulse|p1a: Corviknight
|-resisted|p1a: Corviknight
|-damage|p1a: Corviknight|92/100
|
|-weather|SunnyDay|[upkeep]
|-heal|p1a: Corviknight|99/100|[from] item: Leftovers
|upkeep
|turn|5
|
|t:|1757789518
|switch|p2a: Gholdengo|Gholdengo|100/100
|-item|p2a: Gholdengo|Air Balloon
|move|p1a: Corviknight|U-turn|p2a: Gholdengo
|-resisted|p2a: Gholdengo
|-damage|p2a: Gholdengo|97/100
|-enditem|p2a: Gholdengo|Air Balloon
|
|t:|1757789522
|switch|p1a: Great Tusk|Great Tusk|100/100|[from] U-turn
|-activate|p1a: Great Tusk|ability: Protosynthesis
|-start|p1a: Great Tusk|protosynthesisatk
|
|-weather|SunnyDay|[upkeep]
|upkeep
|turn|6
|
|t:|1757789531
|switch|p2a: Enamorus|Enamorus, F|100/100
|move|p1a: Great Tusk|Headlong Rush|p2a: Enamorus
|-immune|p2a: Enamorus
|
|-weather|SunnyDay|[upkeep]
|upkeep
|turn|7
|
|t:|1757789538
|-end|p1a: Great Tusk|Protosynthesis|[silent]
|switch|p1a: Corviknight|Corviknight, M|99/100
|-ability|p1a: Corviknight|Pressure
|move|p2a: Enamorus|Mystical Fire|p1a: Corviknight
|-supereffective|p1a: Corviknight
|-damage|p1a: Corviknight|3/100
|-unboost|p1a: Corviknight|spa|1
|
|-weather|SunnyDay|[upkeep]
|-heal|p1a: Corviknight|9/100|[from] item: Leftovers
|upkeep
|turn|8
|
|t:|1757789542
|move|p2a: Enamorus|Mystical Fire|p1a: Corviknight
|-supereffective|p1a: Corviknight
|-damage|p1a: Corviknight|0 fnt
|faint|p1a: Corviknight
|
|-weather|none
|upkeep
|
|t:|1757789543
|switch|p1a: Great Tusk|Great Tusk|100/100
|turn|9
|
|t:|1757789549
|switch|p2a: Gholdengo|Gholdengo|97/100
|move|p1a: Great Tusk|Rapid Spin|p2a: Gholdengo
|-immune|p2a: Gholdengo
|
|upkeep
|turn|10
|
|t:|1757789551
|switch|p2a: Enamorus|Enamorus, F|100/100
|move|p1a: Great Tusk|Headlong Rush|p2a: Enamorus
|-immune|p2a: Enamorus
|
|upkeep
|turn|11
|
|t:|1757789554
|move|p2a: Enamorus|Moonblast|p1a: Great Tusk
|-supereffective|p1a: Great Tusk
|-crit|p1a: Great Tusk
|-damage|p1a: Great Tusk|0 fnt
|faint|p1a: Great Tusk
|-end|p1a: Great Tusk|Protosynthesis|[silent]
|
|upkeep
|
|t:|1757789557
|switch|p1a: Torkoal|Torkoal, F|100/100 par
|-activate|p1a: Torkoal|move: Sticky Web
|-unboost|p1a: Torkoal|spe|1
|-weather|SunnyDay|[from] ability: Drought|[of] p1a: Torkoal
|turn|12
|
|t:|1757789566
|switch|p2a: Garchomp|Garchomp, M|100/100
|cant|p1a: Torkoal|par
|
|-weather|SunnyDay|[upkeep]
|upkeep
|turn|13
|
|t:|1757789572
|switch|p2a: Gholdengo|Gholdengo|97/100
|move|p1a: Torkoal|Rapid Spin|p2a: Gholdengo
|-immune|p2a: Gholdengo
|
|-weather|SunnyDay|[upkeep]
|upkeep
|turn|14
|-message|stevstacks forfeited.
|
|win|IHeartGalvantula
|raw|stevstacks's rating: 1594 &rarr; <strong>1575</strong><br />(-19 for losing)
|raw|IHeartGalvantula's rating: 1605 &rarr; <strong>1624</strong><br />(+19 for winning)
|l|☆stevstacks
|player|p1|
|l|☆IHeartGalvantula
|player|p2|
