|j|☆RomanticM
|j|☆vagin4enlat4
|t:|1757942464
|gametype|singles
|player|p1|RomanticM|steven|1077
|player|p2|vagin4enlat4|169|1126
|gen|9
|tier|[Gen 9] OU
|rated|
|rule|HP Percentage Mod: HP is shown in percentages
|rule|Endless Battle Clause: Forcing endless battles is banned
|rule|Species Clause: Limit one of each Pokémon
|rule|OHKO Clause: OHKO moves are banned
|rule|Evasion Items Clause: Evasion items are banned
|rule|Evasion Moves Clause: Evasion moves are banned
|rule|Evasion Abilities Clause: Evasion abilities are banned
|rule|Sleep Moves Clause: Sleep-inducing moves are banned
|clearpoke
|poke|p1|Darkrai|
|poke|p1|Golurk|
|poke|p1|Magmortar, M|
|poke|p1|Sylveon, F|
|poke|p1|Empoleon, M|
|poke|p1|Dusknoir, F|
|poke|p2|Krookodile, F|
|poke|p2|Toxtricity-Low-Key, F|
|poke|p2|Gardevoir, F|
|poke|p2|Talonflame, F|
|poke|p2|Excadrill, F|
|poke|p2|Toxapex, M|
|teampreview
|
|t:|1757942473
|teamsize|p1|6
|teamsize|p2|6
|start
|switch|p1a: Dusknoir|Dusknoir, F|100/100
|switch|p2a: Krookodile|Krookodile, F|100/100
|-ability|p2a: Krookodile|Intimidate|boost
|-unboost|p1a: Dusknoir|atk|1
|-ability|p1a: Dusknoir|Pressure
|turn|1
|
|t:|1757942483
|switch|p1a: Sylveon|Sylveon, F|100/100
|move|p2a: Krookodile|Knock Off|p1a: Sylveon
|-resisted|p1a: Sylveon
|-damage|p1a: Sylveon|82/100
|-enditem|p1a: Sylveon|Leftovers|[from] move: Knock Off|[of] p2a: Krookodile
|
|upkeep
|turn|2
|
|t:|1757942493
|move|p2a: Krookodile|Earthquake|p1a: Sylveon
|-damage|p1a: Sylveon|41/100
|move|p1a: Sylveon|Light Screen|p1a: Sylveon
|-sidestart|p1: RomanticM|move: Light Screen
|
|upkeep
|turn|3
|
|t:|1757942499
|move|p2a: Krookodile|Stealth Rock|p1a: Sylveon
|-sidestart|p1: RomanticM|move: Stealth Rock
|move|p1a: Sylveon|Moonblast|p2a: Krookodile
|-supereffective|p2a: Krookodile
|-damage|p2a: Krookodile|6/100
|-unboost|p2a: Krookodile|spa|1
|
|-heal|p2a: Krookodile|12/100|[from] item: Leftovers
|upkeep
|turn|4
|
|t:|1757942507
|move|p2a: Krookodile|Earthquake|p1a: Sylveon
|-damage|p1a: Sylveon|5/100
|move|p1a: Sylveon|Moonblast|p2a: Krookodile
|-supereffective|p2a: Krookodile
|-crit|p2a: Krookodile
|-damage|p2a: Krookodile|0 fnt
|faint|p2a: Krookodile
|
|upkeep
|
|t:|1757942525
|switch|p2a: Toxtricity|Toxtricity-Low-Key, F|100/100
|turn|5
|
|t:|1757942530
|move|p2a: Toxtricity|Sludge Bomb|p1a: Sylveon
|-supereffective|p1a: Sylveon
|-damage|p1a: Sylveon|0 fnt
|faint|p1a: Sylveon
|
|upkeep
|
|t:|1757942536
|switch|p1a: Golurk|Golurk|100/100
|-damage|p1a: Golurk|94/100|[from] Stealth Rock
|turn|6
|
|t:|1757942548
|switch|p2a: Excadrill|Excadrill, F|100/100
|move|p1a: Golurk|Earthquake|p2a: Excadrill
|-supereffective|p2a: Excadrill
|-damage|p2a: Excadrill|9/100
|
|-heal|p2a: Excadrill|15/100|[from] item: Leftovers
|-heal|p1a: Golurk|100/100|[from] item: Leftovers
|-sideend|p1: RomanticM|move: Light Screen
|upkeep
|turn|7
|
|t:|1757942557
|move|p2a: Excadrill|Iron Head|p1a: Golurk
|-damage|p1a: Golurk|63/100
|cant|p1a: Golurk|flinch
|
|-heal|p2a: Excadrill|21/100|[from] item: Leftovers
|-heal|p1a: Golurk|69/100|[from] item: Leftovers
|upkeep
|turn|8
|
|t:|1757942565
|move|p2a: Excadrill|Iron Head|p1a: Golurk
|-damage|p1a: Golurk|26/100
|move|p1a: Golurk|Earthquake|p2a: Excadrill
|-supereffective|p2a: Excadrill
|-damage|p2a: Excadrill|0 fnt
|faint|p2a: Excadrill
|
|-heal|p1a: Golurk|33/100|[from] item: Leftovers
|upkeep
|
|t:|1757942580
|switch|p2a: Gardevoir|Gardevoir, F|100/100
|turn|9
|
|t:|1757942592
|move|p2a: Gardevoir|Moonblast|p1a: Golurk
|-damage|p1a: Golurk|0 fnt
|faint|p1a: Golurk
|
|upkeep
|
|t:|1757942598
|switch|p1a: Empoleon|Empoleon, M|100/100
|-damage|p1a: Empoleon|94/100|[from] Stealth Rock
|turn|10
|
|t:|1757942611
|switch|p2a: Toxapex|Toxapex, M|100/100
|move|p1a: Empoleon|Flash Cannon|p2a: Toxapex
|-resisted|p2a: Toxapex
|-damage|p2a: Toxapex|87/100
|
|-heal|p1a: Empoleon|100/100|[from] item: Leftovers
|-heal|p2a: Toxapex|93/100|[from] item: Black Sludge
|upkeep
|turn|11
|
|t:|1757942625
|switch|p1a: Dusknoir|Dusknoir, F|100/100
|-damage|p1a: Dusknoir|88/100|[from] Stealth Rock
|-ability|p1a: Dusknoir|Pressure
|move|p2a: Toxapex|Toxic|p1a: Dusknoir
|-status|p1a: Dusknoir|tox
|
|-heal|p1a: Dusknoir|94/100 tox|[from] item: Leftovers
|-heal|p2a: Toxapex|99/100|[from] item: Black Sludge
|-damage|p1a: Dusknoir|88/100 tox|[from] psn
|upkeep
|turn|12
|
|t:|1757942638
|move|p2a: Toxapex|Baneful Bunker|p2a: Toxapex
|-singleturn|p2a: Toxapex|move: Protect
|move|p1a: Dusknoir|Poltergeist|p2a: Toxapex
|-activate|p2a: Toxapex|move: Protect
|
|-heal|p1a: Dusknoir|94/100 tox|[from] item: Leftovers
|-heal|p2a: Toxapex|100/100|[from] item: Black Sludge
|-damage|p1a: Dusknoir|82/100 tox|[from] psn
|upkeep
|turn|13
|
|t:|1757942654
|move|p1a: Dusknoir|Pain Split|p2a: Toxapex
|-sethp|p2a: Toxapex|90/100|[from] move: Pain Split|[silent]
|-sethp|p1a: Dusknoir|93/100 tox|[from] move: Pain Split
|move|p2a: Toxapex|Recover|p2a: Toxapex
|-heal|p2a: Toxapex|100/100
|
|-heal|p1a: Dusknoir|99/100 tox|[from] item: Leftovers
|-damage|p1a: Dusknoir|81/100 tox|[from] psn
|upkeep
|turn|14
|
|t:|1757942664
|move|p2a: Toxapex|Baneful Bunker|p2a: Toxapex
|-singleturn|p2a: Toxapex|move: Protect
|move|p1a: Dusknoir|Poltergeist|p2a: Toxapex
|-activate|p2a: Toxapex|move: Protect
|
|-heal|p1a: Dusknoir|87/100 tox|[from] item: Leftovers
|-damage|p1a: Dusknoir|62/100 tox|[from] psn
|upkeep
|turn|15
|
|t:|1757942675
|move|p2a: Toxapex|Baneful Bunker||[still]
|-fail|p2a: Toxapex
|move|p1a: Dusknoir|Poltergeist|p2a: Toxapex
|-activate|p2a: Toxapex|move: Poltergeist|Black Sludge
|-damage|p2a: Toxapex|71/100
|
|-heal|p1a: Dusknoir|69/100 tox|[from] item: Leftovers
|-heal|p2a: Toxapex|77/100|[from] item: Black Sludge
|-damage|p1a: Dusknoir|38/100 tox|[from] psn
|upkeep
|turn|16
|
|t:|1757942686
|move|p1a: Dusknoir|Pain Split|p2a: Toxapex
|-sethp|p2a: Toxapex|57/100|[from] move: Pain Split|[silent]
|-sethp|p1a: Dusknoir|59/100 tox|[from] move: Pain Split
|move|p2a: Toxapex|Recover|p2a: Toxapex
|-heal|p2a: Toxapex|100/100
|
|-heal|p1a: Dusknoir|65/100 tox|[from] item: Leftovers
|-damage|p1a: Dusknoir|28/100 tox|[from] psn
|upkeep
|turn|17
|
|t:|1757942700
|move|p2a: Toxapex|Baneful Bunker|p2a: Toxapex
|-singleturn|p2a: Toxapex|move: Protect
|move|p1a: Dusknoir|Pain Split|p2a: Toxapex
|-activate|p2a: Toxapex|move: Protect
|
|-heal|p1a: Dusknoir|34/100 tox|[from] item: Leftovers
|-damage|p1a: Dusknoir|0 fnt|[from] psn
|faint|p1a: Dusknoir
|upkeep
|
|t:|1757942714
|switch|p1a: Darkrai|Darkrai|100/100
|turn|18
|
|t:|1757942718
|move|p1a: Darkrai|Psychic|p2a: Toxapex
|-supereffective|p2a: Toxapex
|-damage|p2a: Toxapex|47/100
|move|p2a: Toxapex|Toxic|p1a: Darkrai
|-status|p1a: Darkrai|tox
|
|-heal|p2a: Toxapex|53/100|[from] item: Black Sludge
|-damage|p1a: Darkrai|94/100 tox|[from] psn
|upkeep
|turn|19
|
|t:|1757942734
|switch|p2a: Toxtricity|Toxtricity-Low-Key, F|100/100
|move|p1a: Darkrai|Psychic|p2a: Toxtricity
|-supereffective|p2a: Toxtricity
|-damage|p2a: Toxtricity|4/100
|
|-damage|p1a: Darkrai|82/100 tox|[from] psn
|upkeep
|turn|20
|
|t:|1757942743
|move|p1a: Darkrai|Psychic|p2a: Toxtricity
|-supereffective|p2a: Toxtricity
|-damage|p2a: Toxtricity|0 fnt
|faint|p2a: Toxtricity
|
|-damage|p1a: Darkrai|64/100 tox|[from] psn
|upkeep
|
|t:|1757942749
|switch|p2a: Talonflame|Talonflame, F, shiny|100/100
|turn|21
|
|t:|1757942758
|switch|p1a: Magmortar|Magmortar, M|100/100
|-damage|p1a: Magmortar|76/100|[from] Stealth Rock
|move|p2a: Talonflame|Flare Blitz|p1a: Magmortar
|-resisted|p1a: Magmortar
|-damage|p1a: Magmortar|52/100
|-damage|p2a: Talonflame|93/100|[from] Recoil
|
|upkeep
|turn|22
|
|t:|1757942767
|switch|p2a: Gardevoir|Gardevoir, F|100/100
|move|p1a: Magmortar|Thunderbolt|p2a: Gardevoir
|-damage|p2a: Gardevoir|72/100
|
|-heal|p2a: Gardevoir|78/100|[from] item: Leftovers
|upkeep
|turn|23
|
|t:|1757942778
|move|p2a: Gardevoir|Moonblast|p1a: Magmortar
|-resisted|p1a: Magmortar
|-damage|p1a: Magmortar|29/100
|-unboost|p1a: Magmortar|spa|1
|-enditem|p1a: Magmortar|Sitrus Berry|[eat]
|-heal|p1a: Magmortar|53/100|[from] item: Sitrus Berry
|move|p1a: Magmortar|Flamethrower|p2a: Gardevoir
|-damage|p2a: Gardevoir|47/100
|
|-heal|p2a: Gardevoir|53/100|[from] item: Leftovers
|upkeep
|turn|24
|
|t:|1757942790
|move|p2a: Gardevoir|Focus Blast|p1a: Magmortar|[miss]
|-miss|p2a: Gardevoir|p1a: Magmortar
|move|p1a: Magmortar|Flamethrower|p2a: Gardevoir
|-crit|p2a: Gardevoir
|-damage|p2a: Gardevoir|0 fnt
|faint|p2a: Gardevoir
|
|upkeep
|
|t:|1757942797
|switch|p2a: Toxapex|Toxapex, M|87/100
|turn|25
|
|t:|1757942804
|move|p1a: Magmortar|Thunderbolt|p2a: Toxapex
|-supereffective|p2a: Toxapex
|-damage|p2a: Toxapex|55/100
|move|p2a: Toxapex|Toxic|p1a: Magmortar
|-status|p1a: Magmortar|tox
|
|-heal|p2a: Toxapex|61/100|[from] item: Black Sludge
|-damage|p1a: Magmortar|47/100 tox|[from] psn
|upkeep
|turn|26
|
|t:|1757942818
|move|p2a: Toxapex|Baneful Bunker|p2a: Toxapex
|-singleturn|p2a: Toxapex|move: Protect
|move|p1a: Magmortar|Thunderbolt|p2a: Toxapex
|-activate|p2a: Toxapex|move: Protect
|
|-heal|p2a: Toxapex|68/100|[from] item: Black Sludge
|-damage|p1a: Magmortar|35/100 tox|[from] psn
|upkeep
|turn|27
|
|t:|1757942827
|move|p1a: Magmortar|Thunderbolt|p2a: Toxapex
|-supereffective|p2a: Toxapex
|-damage|p2a: Toxapex|39/100
|move|p2a: Toxapex|Recover|p2a: Toxapex
|-heal|p2a: Toxapex|89/100
|
|-heal|p2a: Toxapex|96/100|[from] item: Black Sludge
|-damage|p1a: Magmortar|16/100 tox|[from] psn
|upkeep
|turn|28
|
|t:|1757942836
|move|p2a: Toxapex|Baneful Bunker|p2a: Toxapex
|-singleturn|p2a: Toxapex|move: Protect
|move|p1a: Magmortar|Thunderbolt|p2a: Toxapex
|-activate|p2a: Toxapex|move: Protect
|
|-heal|p2a: Toxapex|100/100|[from] item: Black Sludge
|-damage|p1a: Magmortar|0 fnt|[from] psn
|faint|p1a: Magmortar
|upkeep
|
|t:|1757942849
|switch|p1a: Darkrai|Darkrai|64/100 tox
|turn|29
|
|t:|1757942854
|move|p2a: Toxapex|Baneful Bunker||[still]
|-fail|p2a: Toxapex
|move|p1a: Darkrai|Psychic|p2a: Toxapex
|-supereffective|p2a: Toxapex
|-damage|p2a: Toxapex|43/100
|
|-heal|p2a: Toxapex|50/100|[from] item: Black Sludge
|-damage|p1a: Darkrai|58/100 tox|[from] psn
|upkeep
|turn|30
|
|t:|1757942863
|switch|p2a: Talonflame|Talonflame, F, shiny|93/100
|move|p1a: Darkrai|Psychic|p2a: Talonflame
|-damage|p2a: Talonflame|47/100
|
|-damage|p1a: Darkrai|46/100 tox|[from] psn
|upkeep
|turn|31
|
|t:|1757942872
|move|p1a: Darkrai|Dark Pulse|p2a: Talonflame
|-damage|p2a: Talonflame|0 fnt
|faint|p2a: Talonflame
|
|-damage|p1a: Darkrai|28/100 tox|[from] psn
|upkeep
|
|t:|1757942878
|switch|p2a: Toxapex|Toxapex, M|83/100
|turn|32
|
|t:|1757942881
|move|p2a: Toxapex|Baneful Bunker|p2a: Toxapex
|-singleturn|p2a: Toxapex|move: Protect
|move|p1a: Darkrai|Psychic|p2a: Toxapex
|-activate|p2a: Toxapex|move: Protect
|
|-heal|p2a: Toxapex|89/100|[from] item: Black Sludge
|-damage|p1a: Darkrai|4/100 tox|[from] psn
|upkeep
|turn|33
|
|t:|1757942890
|move|p1a: Darkrai|Psychic|p2a: Toxapex
|-supereffective|p2a: Toxapex
|-damage|p2a: Toxapex|37/100
|move|p2a: Toxapex|Recover|p2a: Toxapex
|-heal|p2a: Toxapex|87/100
|
|-heal|p2a: Toxapex|93/100|[from] item: Black Sludge
|-damage|p1a: Darkrai|0 fnt|[from] psn
|faint|p1a: Darkrai
|upkeep
|
|t:|1757942900
|switch|p1a: Empoleon|Empoleon, M|100/100
|-damage|p1a: Empoleon|94/100|[from] Stealth Rock
|turn|34
|
|t:|1757942908
|move|p1a: Empoleon|Surf|p2a: Toxapex
|-resisted|p2a: Toxapex
|-damage|p2a: Toxapex|77/100
|move|p2a: Toxapex|Toxic|p1a: Empoleon
|-immune|p1a: Empoleon
|
|-heal|p1a: Empoleon|100/100|[from] item: Leftovers
|-heal|p2a: Toxapex|83/100|[from] item: Black Sludge
|upkeep
|turn|35
|c|☆vagin4enlat4|:(
|
|t:|1757942920
|move|p1a: Empoleon|Surf|p2a: Toxapex
|-resisted|p2a: Toxapex
|-damage|p2a: Toxapex|67/100
|move|p2a: Toxapex|Toxic|p1a: Empoleon
|-immune|p1a: Empoleon
|
|-heal|p2a: Toxapex|74/100|[from] item: Black Sludge
|upkeep
|turn|36
|-message|vagin4enlat4 forfeited.
|
|win|RomanticM
|raw|RomanticM's rating: 1077 &rarr; <strong>1109</strong><br />(+32 for winning)
|raw|vagin4enlat4's rating: 1126 &rarr; <strong>1097</strong><br />(-29 for losing)
|l|☆vagin4enlat4
|player|p2|
|l|☆RomanticM
|player|p1|
