|j|☆ETuikec
|j|☆SirWaffle640
|t:|1757795028
|gametype|singles
|player|p1|ETuikec|byron|
|player|p2|SirWaffle640|pokemonranger-gen4|
|gen|9
|tier|[Gen 9] OU
|rule|HP Percentage Mod: HP is shown in percentages
|rule|Endless Battle Clause: Forcing endless battles is banned
|rule|Species Clause: Limit one of each Pokémon
|rule|OHKO Clause: OHKO moves are banned
|rule|Evasion Items Clause: Evasion items are banned
|rule|Evasion Moves Clause: Evasion moves are banned
|rule|Evasion Abilities Clause: Evasion abilities are banned
|rule|Sleep Moves Clause: Sleep-inducing moves are banned
|clearpoke
|poke|p1|Great Tusk|
|poke|p1|Scizor, M|
|poke|p1|Dragapult, M|
|poke|p1|Alomomola, F|
|poke|p1|Iron Moth|
|poke|p1|Darkrai|
|poke|p2|Ceruledge, M|
|poke|p2|Meowscarada, F|
|poke|p2|Primarina, M|
|poke|p2|Zamazenta-*|
|poke|p2|Iron Crown|
|poke|p2|Dragonite, M|
|teampreview
|
|t:|1757795057
|teamsize|p1|6
|teamsize|p2|6
|start
|switch|p1a: BIGBOI|Great Tusk|100/100
|switch|p2a: Slasher|Ceruledge, M|100/100
|turn|1
|
|t:|1757795069
|switch|p2a: Floof|Dragonite, M|100/100
|move|p1a: BIGBOI|Rapid Spin|p2a: Floof
|-damage|p2a: Floof|80/100
|-boost|p1a: BIGBOI|spe|1
|
|upkeep
|turn|2
|
|t:|1757795080
|move|p1a: BIGBOI|Headlong Rush|p2a: Floof
|-immune|p2a: Floof
|move|p2a: Floof|Dragon Dance|p2a: Floof
|-boost|p2a: Floof|atk|1
|-boost|p2a: Floof|spe|1
|
|upkeep
|turn|3
|
|t:|1757795090
|-terastallize|p1a: BIGBOI|Ice
|move|p1a: BIGBOI|Ice Spinner|p2a: Floof
|-supereffective|p2a: Floof
|-damage|p2a: Floof|0 fnt
|faint|p2a: Floof
|
|upkeep
|
|t:|1757795097
|switch|p2a: Slasher|Ceruledge, M|100/100
|turn|4
|
|t:|1757795105
|-end|p1a: BIGBOI|Protosynthesis|[silent]
|switch|p1a: Darkrai|Darkrai|100/100
|move|p2a: Slasher|Bitter Blade|p1a: Darkrai
|-damage|p1a: Darkrai|33/100
|
|-heal|p1a: Darkrai|39/100|[from] item: Leftovers
|upkeep
|turn|5
|
|t:|1757795116
|move|p1a: Darkrai|Dark Pulse|p2a: Slasher
|-supereffective|p2a: Slasher
|-damage|p2a: Slasher|36/100
|move|p2a: Slasher|Bitter Blade|p1a: Darkrai
|-damage|p1a: Darkrai|0 fnt
|-heal|p2a: Slasher|55/100|[from] drain|[of] p1a: Darkrai
|faint|p1a: Darkrai
|
|upkeep
|
|t:|1757795126
|switch|p1a: Jason voorhees|Scizor, M|100/100
|turn|6
|
|t:|1757795132
|move|p2a: Slasher|Bitter Blade|p1a: Jason voorhees
|-supereffective|p1a: Jason voorhees
|-damage|p1a: Jason voorhees|0 fnt
|-heal|p2a: Slasher|100/100|[from] drain|[of] p1a: Jason voorhees
|faint|p1a: Jason voorhees
|
|upkeep
|
|t:|1757795139
|switch|p1a: BIGBOI|Great Tusk, tera:Ice|100/100
|turn|7
|
|t:|1757795142
|move|p1a: BIGBOI|Ice Spinner|p2a: Slasher
|-resisted|p2a: Slasher
|-crit|p2a: Slasher
|-damage|p2a: Slasher|59/100
|-ability|p2a: Slasher|Weak Armor|boost
|-unboost|p2a: Slasher|def|1
|-boost|p2a: Slasher|spe|2
|move|p2a: Slasher|Bitter Blade|p1a: BIGBOI
|-supereffective|p1a: BIGBOI
|-damage|p1a: BIGBOI|33/100
|-heal|p2a: Slasher|100/100|[from] drain|[of] p1a: BIGBOI
|-damage|p2a: Slasher|84/100|[from] item: Rocky Helmet|[of] p1a: BIGBOI
|
|upkeep
|turn|8
|
|t:|1757795156
|move|p2a: Slasher|Bitter Blade|p1a: BIGBOI
|-supereffective|p1a: BIGBOI
|-damage|p1a: BIGBOI|0 fnt
|-heal|p2a: Slasher|100/100|[from] drain|[of] p1a: BIGBOI
|-damage|p2a: Slasher|84/100|[from] item: Rocky Helmet|[of] p1a: BIGBOI
|faint|p1a: BIGBOI
|-end|p1a: BIGBOI|Protosynthesis|[silent]
|
|upkeep
|
|t:|1757795164
|switch|p1a: Catapult dude|Dragapult, M, shiny|100/100
|turn|9
|
|t:|1757795169
|move|p2a: Slasher|Shadow Sneak|p1a: Catapult dude
|-supereffective|p1a: Catapult dude
|-damage|p1a: Catapult dude|40/100
|move|p1a: Catapult dude|Thunder Wave|p2a: Slasher
|-status|p2a: Slasher|par
|
|upkeep
|turn|10
|
|t:|1757795176
|cant|p2a: Slasher|par
|move|p1a: Catapult dude|Draco Meteor|p2a: Slasher
|-damage|p2a: Slasher|44/100 par
|-unboost|p1a: Catapult dude|spa|2
|
|upkeep
|turn|11
|
|t:|1757795183
|move|p2a: Slasher|Shadow Sneak|p1a: Catapult dude
|-supereffective|p1a: Catapult dude
|-damage|p1a: Catapult dude|0 fnt
|faint|p1a: Catapult dude
|
|upkeep
|
|t:|1757795189
|switch|p1a: Ace d ount|Iron Moth, shiny|100/100
|-enditem|p1a: Ace d ount|Booster Energy
|-activate|p1a: Ace d ount|ability: Quark Drive|[fromitem]
|-start|p1a: Ace d ount|quarkdrivespe
|turn|12
|
|t:|1757795195
|move|p1a: Ace d ount|Tera Blast|p2a: Slasher
|-immune|p2a: Slasher
|cant|p2a: Slasher|par
|
|upkeep
|turn|13
|
|t:|1757795202
|move|p1a: Ace d ount|Fiery Dance|p2a: Slasher
|-resisted|p2a: Slasher
|-damage|p2a: Slasher|27/100 par
|move|p2a: Slasher|Bitter Blade|p1a: Ace d ount
|-resisted|p1a: Ace d ount
|-damage|p1a: Ace d ount|68/100
|-heal|p2a: Slasher|44/100 par|[from] drain|[of] p1a: Ace d ount
|
|upkeep
|turn|14
|
|t:|1757795212
|move|p2a: Slasher|Shadow Sneak|p1a: Ace d ount
|-damage|p1a: Ace d ount|37/100
|move|p1a: Ace d ount|Dazzling Gleam|p2a: Slasher
|-resisted|p2a: Slasher
|-damage|p2a: Slasher|33/100 par
|
|upkeep
|turn|15
|
|t:|1757795219
|move|p2a: Slasher|Shadow Sneak|p1a: Ace d ount
|-damage|p1a: Ace d ount|7/100
|move|p1a: Ace d ount|Sludge Wave|p2a: Slasher
|-resisted|p2a: Slasher
|-damage|p2a: Slasher|13/100 par
|
|upkeep
|turn|16
|
|t:|1757795228
|-end|p1a: Ace d ount|Quark Drive|[silent]
|switch|p1a: Medic(TF2)|Alomomola, F, shiny|100/100
|move|p2a: Slasher|Shadow Sneak|p1a: Medic(TF2)
|-damage|p1a: Medic(TF2)|85/100
|-damage|p2a: Slasher|0 fnt|[from] item: Rocky Helmet|[of] p1a: Medic(TF2)
|faint|p2a: Slasher
|
|upkeep
|
|t:|1757795238
|switch|p2a: Da Goat|Iron Crown|100/100
|turn|17
|
|t:|1757795242
|move|p2a: Da Goat|Volt Switch|p1a: Medic(TF2)
|-supereffective|p1a: Medic(TF2)
|-damage|p1a: Medic(TF2)|22/100
|
|t:|1757795246
|-end|p2a: Da Goat|Quark Drive|[silent]
|switch|p2a: Houdini|Meowscarada, F|100/100|[from] Volt Switch
|move|p1a: Medic(TF2)|Tickle|p2a: Houdini
|-unboost|p2a: Houdini|atk|1
|-unboost|p2a: Houdini|def|1
|
|upkeep
|turn|18
|
|t:|1757795254
|move|p2a: Houdini|Flower Trick|p1a: Medic(TF2)
|-start|p2a: Houdini|typechange|Grass|[from] ability: Protean
|-supereffective|p1a: Medic(TF2)
|-crit|p1a: Medic(TF2)
|-damage|p1a: Medic(TF2)|0 fnt
|faint|p1a: Medic(TF2)
|
|upkeep
|
|t:|1757795262
|switch|p1a: Ace d ount|Iron Moth, shiny|7/100
|turn|19
|
|t:|1757795276
|-terastallize|p2a: Houdini|Grass
|move|p2a: Houdini|U-turn|p1a: Ace d ount
|-resisted|p1a: Ace d ount
|-damage|p1a: Ace d ount|2/100
|
|t:|1757795282
|switch|p2a: Da Goat|Iron Crown|100/100|[from] U-turn
|move|p1a: Ace d ount|Sludge Wave|p2a: Da Goat
|-immune|p2a: Da Goat
|
|upkeep
|turn|20
|
|t:|1757795290
|move|p1a: Ace d ount|Tera Blast|p2a: Da Goat
|-resisted|p2a: Da Goat
|-damage|p2a: Da Goat|92/100
|move|p2a: Da Goat|Tachyon Cutter|p1a: Ace d ount
|-resisted|p1a: Ace d ount
|-damage|p1a: Ace d ount|0 fnt
|faint|p1a: Ace d ount
|-end|p1a: Ace d ount|Quark Drive|[silent]
|-hitcount|p1: Ace d ount|1
|
|win|SirWaffle640
|l|☆ETuikec
|player|p1|
