|j|☆Possibly Human
|j|☆SSStyl1sh
|t:|1757901744
|gametype|singles
|player|p1|Possibly Human|caitlin|1195
|player|p2|SSStyl1sh|giovanni|1216
|gen|9
|tier|[Gen 9] OU
|rated|
|rule|HP Percentage Mod: HP is shown in percentages
|rule|Endless Battle Clause: Forcing endless battles is banned
|rule|Species Clause: Limit one of each Pokémon
|rule|OHKO Clause: OHKO moves are banned
|rule|Evasion Items Clause: Evasion items are banned
|rule|Evasion Moves Clause: Evasion moves are banned
|rule|Evasion Abilities Clause: Evasion abilities are banned
|rule|Sleep Moves Clause: Sleep-inducing moves are banned
|clearpoke
|poke|p1|Alomomola, M|
|poke|p1|Mabosstiff, M|
|poke|p1|Thundurus-Therian, M|
|poke|p1|Primarina, M|
|poke|p1|Maushold|
|poke|p1|Lokix, F|
|poke|p2|Araquanid, F|
|poke|p2|Crawdaunt, F|
|poke|p2|Tornadus-Therian, M|
|poke|p2|Ting-Lu|
|poke|p2|Gholdengo|
|poke|p2|Great Tusk|
|teampreview
|
|t:|1757901762
|teamsize|p1|6
|teamsize|p2|6
|start
|switch|p1a: Primarina|Primarina, M|100/100
|switch|p2a: Araquanid|Araquanid, F|100/100
|turn|1
|
|t:|1757901782
|move|p2a: Araquanid|Sticky Web|p1a: Primarina
|-sidestart|p1: Possibly Human|move: Sticky Web
|move|p1a: Primarina|Moonblast|p2a: Araquanid
|-damage|p2a: Araquanid|64/100
|
|upkeep
|turn|2
|
|t:|1757901788
|move|p2a: Araquanid|Surf|p1a: Primarina
|-resisted|p1a: Primarina
|-damage|p1a: Primarina|87/100
|move|p1a: Primarina|Moonblast|p2a: Araquanid
|-damage|p2a: Araquanid|28/100
|-unboost|p2a: Araquanid|spa|1
|
|upkeep
|turn|3
|
|t:|1757901799
|move|p2a: Araquanid|Endure|p2a: Araquanid
|-singleturn|p2a: Araquanid|move: Endure
|move|p1a: Primarina|Moonblast|p2a: Araquanid
|-activate|p2a: Araquanid|move: Endure
|-damage|p2a: Araquanid|1/100
|
|upkeep
|turn|4
|-enditem|p2a: Araquanid|Custap Berry|[eat]
|-activate|p2a: Araquanid|item: Custap Berry|[consumed]
|
|t:|1757901814
|move|p2a: Araquanid|Endeavor|p1a: Primarina
|-damage|p1a: Primarina|1/100
|move|p1a: Primarina|Flip Turn|p2a: Araquanid
|-resisted|p2a: Araquanid
|-damage|p2a: Araquanid|0 fnt
|faint|p2a: Araquanid
|
|t:|1757901822
|switch|p1a: Alomomola|Alomomola, M|100/100|[from] Flip Turn
|-activate|p1a: Alomomola|move: Sticky Web
|-unboost|p1a: Alomomola|spe|1
|
|upkeep
|
|t:|1757901840
|switch|p2a: Crawdaunt|Crawdaunt, F|100/100
|turn|5
|
|t:|1757901844
|move|p2a: Crawdaunt|Knock Off|p1a: Alomomola
|-damage|p1a: Alomomola|45/100
|-enditem|p1a: Alomomola|Leftovers|[from] move: Knock Off|[of] p2a: Crawdaunt
|move|p1a: Alomomola|Flip Turn|p2a: Crawdaunt
|-resisted|p2a: Crawdaunt
|-damage|p2a: Crawdaunt|90/100
|
|t:|1757901854
|switch|p1a: Lokix|Lokix, F|100/100|[from] Flip Turn
|
|upkeep
|turn|6
|
|t:|1757901866
|switch|p2a: Tornadus|Tornadus-Therian, M|100/100
|move|p1a: Lokix|U-turn|p2a: Tornadus
|-resisted|p2a: Tornadus
|-damage|p2a: Tornadus|58/100
|
|t:|1757901877
|switch|p1a: Maushold|Maushold|100/100|[from] U-turn
|-activate|p1a: Maushold|move: Sticky Web
|-unboost|p1a: Maushold|spe|1
|
|upkeep
|turn|7
|
|t:|1757901915
|move|p2a: Tornadus|Focus Blast|p1a: Maushold
|-supereffective|p1a: Maushold
|-damage|p1a: Maushold|0 fnt
|faint|p1a: Maushold
|
|upkeep
|
|t:|1757901935
|switch|p1a: Alomomola|Alomomola, M|78/100
|-activate|p1a: Alomomola|move: Sticky Web
|-unboost|p1a: Alomomola|spe|1
|turn|8
|
|t:|1757901968
|move|p2a: Tornadus|Nasty Plot|p2a: Tornadus
|-boost|p2a: Tornadus|spa|2
|move|p1a: Alomomola|Wish|p1a: Alomomola
|
|upkeep
|turn|9
|
|t:|1757901974
|move|p2a: Tornadus|Bleakwind Storm|p1a: Alomomola
|-damage|p1a: Alomomola|0 fnt
|faint|p1a: Alomomola
|
|upkeep
|
|t:|1757901978
|switch|p1a: Lokix|Lokix, F|100/100
|turn|10
|
|t:|1757901986
|switch|p2a: Great Tusk|Great Tusk|100/100
|move|p1a: Lokix|First Impression|p2a: Great Tusk
|-resisted|p2a: Great Tusk
|-damage|p2a: Great Tusk|74/100
|-damage|p1a: Lokix|84/100|[from] item: Rocky Helmet|[of] p2a: Great Tusk
|
|upkeep
|turn|11
|
|t:|1757902001
|switch|p1a: Primarina|Primarina, M|1/100
|-activate|p1a: Primarina|move: Sticky Web
|-unboost|p1a: Primarina|spe|1
|move|p2a: Great Tusk|Knock Off|p1a: Primarina
|-resisted|p1a: Primarina
|-damage|p1a: Primarina|0 fnt
|-enditem|p1a: Primarina|Assault Vest|[from] move: Knock Off|[of] p2a: Great Tusk
|faint|p1a: Primarina
|
|upkeep
|
|t:|1757902013
|switch|p1a: Thundurus|Thundurus-Therian, M|100/100
|turn|12
|
|t:|1757902024
|-terastallize|p1a: Thundurus|Flying
|move|p1a: Thundurus|Tera Blast|p2a: Great Tusk|[anim] Tera Blast Flying
|-supereffective|p2a: Great Tusk
|-damage|p2a: Great Tusk|0 fnt
|faint|p2a: Great Tusk
|-end|p2a: Great Tusk|Protosynthesis|[silent]
|
|upkeep
|
|t:|1757902043
|switch|p2a: Ting-Lu|Ting-Lu|100/100
|-ability|p2a: Ting-Lu|Vessel of Ruin
|turn|13
|
|t:|1757902048
|switch|p1a: Lokix|Lokix, F|84/100
|move|p2a: Ting-Lu|Stealth Rock|p1a: Lokix
|-sidestart|p1: Possibly Human|move: Stealth Rock
|
|upkeep
|turn|14
|
|t:|1757902056
|move|p1a: Lokix|U-turn|p2a: Ting-Lu
|-supereffective|p2a: Ting-Lu
|-damage|p2a: Ting-Lu|65/100
|
|t:|1757902061
|switch|p1a: Thundurus|Thundurus-Therian, M, tera:Flying|100/100|[from] U-turn
|-damage|p1a: Thundurus|76/100|[from] Stealth Rock
|move|p2a: Ting-Lu|Ruination|p1a: Thundurus
|-damage|p1a: Thundurus|38/100
|
|-heal|p2a: Ting-Lu|72/100|[from] item: Leftovers
|upkeep
|turn|15
|
|t:|1757902069
|move|p1a: Thundurus|Grass Knot|p2a: Ting-Lu
|-supereffective|p2a: Ting-Lu
|-damage|p2a: Ting-Lu|15/100
|move|p2a: Ting-Lu|Spikes|p1a: Thundurus
|-sidestart|p1: Possibly Human|Spikes
|
|-heal|p2a: Ting-Lu|21/100|[from] item: Leftovers
|upkeep
|turn|16
|
|t:|1757902076
|move|p1a: Thundurus|Grass Knot|p2a: Ting-Lu
|-supereffective|p2a: Ting-Lu
|-damage|p2a: Ting-Lu|0 fnt
|faint|p2a: Ting-Lu
|
|upkeep
|
|t:|1757902081
|switch|p2a: Crawdaunt|Crawdaunt, F|90/100
|turn|17
|
|t:|1757902089
|move|p2a: Crawdaunt|Aqua Jet|p1a: Thundurus
|-damage|p1a: Thundurus|0 fnt
|faint|p1a: Thundurus
|
|upkeep
|
|t:|1757902094
|switch|p1a: Lokix|Lokix, F|84/100
|turn|18
|
|t:|1757902112
|switch|p2a: Gholdengo|Gholdengo|100/100
|-item|p2a: Gholdengo|Air Balloon
|move|p1a: Lokix|First Impression|p2a: Gholdengo
|-resisted|p2a: Gholdengo
|-damage|p2a: Gholdengo|78/100
|-enditem|p2a: Gholdengo|Air Balloon
|
|upkeep
|turn|19
|
|t:|1757902120
|move|p1a: Lokix|Knock Off|p2a: Gholdengo
|-supereffective|p2a: Gholdengo
|-damage|p2a: Gholdengo|13/100
|move|p2a: Gholdengo|Nasty Plot|p2a: Gholdengo
|-boost|p2a: Gholdengo|spa|2
|
|upkeep
|turn|20
|
|t:|1757902126
|move|p1a: Lokix|Sucker Punch|p2a: Gholdengo
|-supereffective|p2a: Gholdengo
|-damage|p2a: Gholdengo|0 fnt
|faint|p2a: Gholdengo
|
|upkeep
|
|t:|1757902128
|switch|p2a: Tornadus|Tornadus-Therian, M|92/100
|turn|21
|
|t:|1757902133
|move|p2a: Tornadus|Bleakwind Storm|p1a: Lokix
|-supereffective|p1a: Lokix
|-damage|p1a: Lokix|0 fnt
|faint|p1a: Lokix
|
|upkeep
|
|t:|1757902137
|switch|p1a: Mabosstiff|Mabosstiff, M|100/100
|-activate|p1a: Mabosstiff|move: Sticky Web
|-unboost|p1a: Mabosstiff|spe|1
|-damage|p1a: Mabosstiff|88/100|[from] Stealth Rock
|-damage|p1a: Mabosstiff|76/100|[from] Spikes
|turn|22
|
|t:|1757902144
|move|p2a: Tornadus|Focus Blast|p1a: Mabosstiff
|-supereffective|p1a: Mabosstiff
|-damage|p1a: Mabosstiff|0 fnt
|faint|p1a: Mabosstiff
|
|win|SSStyl1sh
|raw|Possibly Human's rating: 1195 &rarr; <strong>1172</strong><br />(-23 for losing)
|raw|SSStyl1sh's rating: 1216 &rarr; <strong>1239</strong><br />(+23 for winning)
|l|☆Possibly Human
|player|p1|
|l|☆SSStyl1sh
|player|p2|
