|j|☆Boomix
|j|☆sumumon
|t:|1757915769
|gametype|singles
|player|p1|Boomix|swimmerf-gen4|1099
|player|p2|sumumon|101|1133
|gen|9
|tier|[Gen 9] OU
|rated|
|rule|HP Percentage Mod: HP is shown in percentages
|rule|Endless Battle Clause: Forcing endless battles is banned
|rule|Species Clause: Limit one of each Pokémon
|rule|OHKO Clause: OHKO moves are banned
|rule|Evasion Items Clause: Evasion items are banned
|rule|Evasion Moves Clause: Evasion moves are banned
|rule|Evasion Abilities Clause: Evasion abilities are banned
|rule|Sleep Moves Clause: Sleep-inducing moves are banned
|clearpoke
|poke|p1|Tornadus, M|
|poke|p1|Maushold-Four|
|poke|p1|Cloyster, F|
|poke|p1|Serperior, F|
|poke|p1|Azumarill, F|
|poke|p1|Galvantula, F|
|poke|p2|Tyranitar, F|
|poke|p2|Gholdengo|
|poke|p2|Zamazenta-*|
|poke|p2|Rillaboom, F|
|poke|p2|Garchomp, F|
|poke|p2|Zapdos|
|teampreview
|inactive|Battle timer is ON: inactive players will automatically lose when time's up. (requested by Boomix)
|
|t:|1757915783
|teamsize|p1|6
|teamsize|p2|6
|start
|switch|p1a: Spooder|Galvantula, F, shiny|100/100
|switch|p2a: Garchomp|Garchomp, F|100/100
|turn|1
|
|t:|1757915791
|move|p1a: Spooder|Energy Ball|p2a: Garchomp
|-damage|p2a: Garchomp|64/100
|move|p2a: Garchomp|Stealth Rock|p1a: Spooder
|-sidestart|p1: Boomix|move: Stealth Rock
|
|upkeep
|turn|2
|
|t:|1757915797
|move|p1a: Spooder|Energy Ball|p2a: Garchomp
|-damage|p2a: Garchomp|28/100
|-unboost|p2a: Garchomp|spd|1
|move|p2a: Garchomp|Earthquake|p1a: Spooder
|-damage|p1a: Spooder|23/100
|
|upkeep
|turn|3
|
|t:|1757915806
|move|p1a: Spooder|Energy Ball|p2a: Garchomp
|-damage|p2a: Garchomp|0 fnt
|faint|p2a: Garchomp
|
|upkeep
|
|t:|1757915810
|switch|p2a: Zapdos|Zapdos|100/100
|turn|4
|
|t:|1757915813
|move|p1a: Spooder|Energy Ball|p2a: Zapdos
|-resisted|p2a: Zapdos
|-damage|p2a: Zapdos|81/100
|move|p2a: Zapdos|Heat Wave|p1a: Spooder
|-supereffective|p1a: Spooder
|-damage|p1a: Spooder|0 fnt
|faint|p1a: Spooder
|
|upkeep
|
|t:|1757915829
|switch|p1a: Snakey|Serperior, F, shiny|100/100
|-damage|p1a: Snakey|88/100|[from] Stealth Rock
|turn|5
|
|t:|1757915840
|move|p1a: Snakey|Leaf Storm|p2a: Zapdos
|-resisted|p2a: Zapdos
|-damage|p2a: Zapdos|40/100
|-boost|p1a: Snakey|spa|2
|move|p2a: Zapdos|Heat Wave|p1a: Snakey
|-supereffective|p1a: Snakey
|-damage|p1a: Snakey|8/100
|
|upkeep
|turn|6
|
|t:|1757915848
|switch|p2a: Tyranitar|Tyranitar, F|100/100
|-weather|Sandstorm|[from] ability: Sand Stream|[of] p2a: Tyranitar
|move|p1a: Snakey|Leaf Storm|p2a: Tyranitar|[miss]
|-miss|p1a: Snakey|p2a: Tyranitar
|
|-weather|Sandstorm|[upkeep]
|-damage|p1a: Snakey|2/100|[from] Sandstorm
|upkeep
|turn|7
|
|t:|1757915857
|move|p1a: Snakey|Leaf Storm|p2a: Tyranitar
|-supereffective|p2a: Tyranitar
|-damage|p2a: Tyranitar|0 fnt
|-boost|p1a: Snakey|spa|2
|faint|p2a: Tyranitar
|
|-weather|Sandstorm|[upkeep]
|-damage|p1a: Snakey|0 fnt|[from] Sandstorm
|faint|p1a: Snakey
|upkeep
|
|t:|1757915880
|switch|p1a: Oldie|Tornadus, M, shiny|100/100
|switch|p2a: Zapdos|Zapdos|40/100
|-damage|p1a: Oldie|76/100|[from] Stealth Rock
|turn|8
|
|t:|1757915887
|move|p1a: Oldie|Bleakwind Storm|p2a: Zapdos
|-resisted|p2a: Zapdos
|-damage|p2a: Zapdos|13/100
|move|p2a: Zapdos|Volt Switch|p1a: Oldie
|-supereffective|p1a: Oldie
|-damage|p1a: Oldie|0 fnt
|faint|p1a: Oldie
|
|t:|1757915898
|switch|p2a: Zamazenta|Zamazenta|100/100|[from] Volt Switch
|-ability|p2a: Zamazenta|Dauntless Shield|boost
|-boost|p2a: Zamazenta|def|1
|
|-weather|Sandstorm|[upkeep]
|-damage|p2a: Zamazenta|94/100|[from] Sandstorm
|upkeep
|
|t:|1757915904
|switch|p1a: Sheller|Cloyster, F, shiny|100/100
|-damage|p1a: Sheller|76/100|[from] Stealth Rock
|turn|9
|
|t:|1757915908
|move|p2a: Zamazenta|Close Combat|p1a: Sheller
|-supereffective|p1a: Sheller
|-damage|p1a: Sheller|0 fnt
|-unboost|p2a: Zamazenta|def|1
|-unboost|p2a: Zamazenta|spd|1
|faint|p1a: Sheller
|
|-weather|Sandstorm|[upkeep]
|-damage|p2a: Zamazenta|88/100|[from] Sandstorm
|upkeep
|
|t:|1757915916
|switch|p1a: Balloon|Azumarill, F, shiny|100/100
|-damage|p1a: Balloon|88/100|[from] Stealth Rock
|turn|10
|
|t:|1757915927
|switch|p2a: Rillaboom|Rillaboom, F|100/100
|-fieldstart|move: Grassy Terrain|[from] ability: Grassy Surge|[of] p2a: Rillaboom
|move|p1a: Balloon|Belly Drum|p1a: Balloon
|-damage|p1a: Balloon|38/100
|-setboost|p1a: Balloon|atk|6|[from] move: Belly Drum
|-enditem|p1a: Balloon|Sitrus Berry|[eat]
|-heal|p1a: Balloon|63/100|[from] item: Sitrus Berry
|
|-weather|none
|-heal|p1a: Balloon|69/100|[from] Grassy Terrain
|upkeep
|turn|11
|
|t:|1757915946
|move|p2a: Rillaboom|Grassy Glide|p1a: Balloon
|-supereffective|p1a: Balloon
|-damage|p1a: Balloon|0 fnt
|faint|p1a: Balloon
|
|upkeep
|
|t:|1757915953
|switch|p1a: Tiny|Maushold-Four, shiny|100/100
|-damage|p1a: Tiny|88/100|[from] Stealth Rock
|turn|12
|
|t:|1757915959
|move|p1a: Tiny|Copycat|p1a: Tiny
|move|p1a: Tiny|Grassy Glide|p2a: Rillaboom|[from] move: Copycat
|-resisted|p2a: Rillaboom
|-damage|p2a: Rillaboom|86/100
|move|p2a: Rillaboom|U-turn|p1a: Tiny
|-damage|p1a: Tiny|50/100
|-message|Boomix forfeited.
|
|win|sumumon
|raw|Boomix's rating: 1099 &rarr; <strong>1077</strong><br />(-22 for losing)
|raw|sumumon's rating: 1133 &rarr; <strong>1156</strong><br />(+23 for winning)
|l|☆Boomix
|player|p1|
|l|☆sumumon
|player|p2|
