|j|☆gamershiba
|j|☆poopbutt farts
|t:|1757803252
|gametype|singles
|player|p1|gamershiba|lusamine-nihilego|1417
|player|p2|poopbutt farts|youngster-gen4|1454
|gen|9
|tier|[Gen 9] OU
|rated|
|rule|HP Percentage Mod: HP is shown in percentages
|rule|Endless Battle Clause: Forcing endless battles is banned
|rule|Species Clause: Limit one of each Pokémon
|rule|OHKO Clause: OHKO moves are banned
|rule|Evasion Items Clause: Evasion items are banned
|rule|Evasion Moves Clause: Evasion moves are banned
|rule|Evasion Abilities Clause: Evasion abilities are banned
|rule|Sleep Moves Clause: Sleep-inducing moves are banned
|clearpoke
|poke|p1|Porygon2|
|poke|p1|Cresselia, F|
|poke|p1|Ursaluna, M|
|poke|p1|Torkoal, F|
|poke|p1|Malamar, F|
|poke|p1|Hatterene, F|
|poke|p2|Raging Bolt|
|poke|p2|Gholdengo|
|poke|p2|Landorus-Therian, M|
|poke|p2|Iron Valiant|
|poke|p2|Iron Moth|
|poke|p2|Ogerpon-Wellspring, F|
|teampreview
|
|t:|1757803265
|teamsize|p1|6
|teamsize|p2|6
|start
|switch|p1a: Porygon2|Porygon2|100/100
|switch|p2a: Raging Bolt|Raging Bolt|100/100
|-ability|p1a: Porygon2|Download|boost
|-boost|p1a: Porygon2|spa|1
|-enditem|p2a: Raging Bolt|Booster Energy
|-activate|p2a: Raging Bolt|ability: Protosynthesis|[fromitem]
|-start|p2a: Raging Bolt|protosynthesisspa
|turn|1
|
|t:|1757803272
|switch|p1a: Ursaluna|Ursaluna, M|100/100
|move|p2a: Raging Bolt|Thunderbolt|p1a: Ursaluna
|-immune|p1a: Ursaluna
|
|-status|p1a: Ursaluna|brn|[from] item: Flame Orb
|upkeep
|turn|2
|inactive|Battle timer is ON: inactive players will automatically lose when time's up. (requested by poopbutt farts)
|
|t:|1757803299
|move|p2a: Raging Bolt|Dragon Pulse|p1a: Ursaluna
|-damage|p1a: Ursaluna|29/100 brn
|move|p1a: Ursaluna|Facade|p2a: Raging Bolt
|-damage|p2a: Raging Bolt|0 fnt
|faint|p2a: Raging Bolt
|-end|p2a: Raging Bolt|Protosynthesis|[silent]
|
|-damage|p1a: Ursaluna|23/100 brn|[from] brn
|upkeep
|
|t:|1757803306
|switch|p2a: Ogerpon|Ogerpon-Wellspring, F|100/100
|turn|3
|
|t:|1757803322
|switch|p1a: Cresselia|Cresselia, F|100/100
|move|p2a: Ogerpon|Swords Dance|p2a: Ogerpon
|-boost|p2a: Ogerpon|atk|2
|
|upkeep
|turn|4
|
|t:|1757803330
|move|p2a: Ogerpon|Ivy Cudgel|p1a: Cresselia|[anim] Ivy Cudgel Water
|-crit|p1a: Cresselia
|-damage|p1a: Cresselia|0 fnt
|faint|p1a: Cresselia
|
|upkeep
|c|☆gamershiba|woah
|
|t:|1757803338
|switch|p1a: Hatterene|Hatterene, F|100/100
|turn|5
|
|t:|1757803342
|-terastallize|p2a: Ogerpon|Water
|detailschange|p2a: Ogerpon|Ogerpon-Wellspring-Tera, F, tera:Water
|-ability|p2a: Ogerpon|Embody Aspect (Wellspring)|boost
|-boost|p2a: Ogerpon|spd|1
|move|p2a: Ogerpon|Ivy Cudgel|p1a: Hatterene|[anim] Ivy Cudgel Water
|-enditem|p1a: Hatterene|Focus Sash
|-damage|p1a: Hatterene|1/100
|move|p1a: Hatterene|Trick Room|p1a: Hatterene
|-fieldstart|move: Trick Room|[of] p1a: Hatterene
|
|upkeep
|turn|6
|
|t:|1757803352
|move|p1a: Hatterene|Healing Wish|p1a: Hatterene
|faint|p1a: Hatterene
|move|p2a: Ogerpon|Ivy Cudgel|p1: Hatterene|[notarget]
|-fail|p2a: Ogerpon
|
|upkeep
|
|t:|1757803363
|switch|p1a: Ursaluna|Ursaluna, M|23/100 brn
|-heal|p1a: Ursaluna|100/100|[from] move: Healing Wish
|turn|7
|
|t:|1757803369
|move|p1a: Ursaluna|Protect|p1a: Ursaluna
|-singleturn|p1a: Ursaluna|Protect
|move|p2a: Ogerpon|Ivy Cudgel|p1a: Ursaluna|[anim] Ivy Cudgel Water
|-activate|p1a: Ursaluna|move: Protect
|
|-status|p1a: Ursaluna|brn|[from] item: Flame Orb
|upkeep
|turn|8
|
|t:|1757803392
|switch|p2a: Landorus|Landorus-Therian, M, shiny|100/100
|-ability|p2a: Landorus|Intimidate|boost
|-unboost|p1a: Ursaluna|atk|1
|move|p1a: Ursaluna|Facade|p2a: Landorus
|-damage|p2a: Landorus|28/100
|-damage|p1a: Ursaluna|84/100 brn|[from] item: Rocky Helmet|[of] p2a: Landorus
|
|-damage|p1a: Ursaluna|78/100 brn|[from] brn
|upkeep
|turn|9
|
|t:|1757803413
|switch|p1a: Porygon2|Porygon2|100/100
|-ability|p1a: Porygon2|Download|boost
|-boost|p1a: Porygon2|spa|1
|switch|p2a: Ogerpon|Ogerpon-Wellspring-Tera, F, tera:Water|100/100
|-ability|p2a: Ogerpon|Embody Aspect (Wellspring)|boost
|-boost|p2a: Ogerpon|spd|1
|
|-fieldend|move: Trick Room
|upkeep
|turn|10
|
|t:|1757803417
|move|p2a: Ogerpon|Ivy Cudgel|p1a: Porygon2|[anim] Ivy Cudgel Water
|-damage|p1a: Porygon2|37/100
|move|p1a: Porygon2|Trick Room|p1a: Porygon2
|-fieldstart|move: Trick Room|[of] p1a: Porygon2
|
|upkeep
|turn|11
|
|t:|1757803422
|move|p1a: Porygon2|Hyper Beam|p2a: Ogerpon
|-crit|p2a: Ogerpon
|-damage|p2a: Ogerpon|0 fnt
|-mustrecharge|p1a: Porygon2
|faint|p2a: Ogerpon
|detailschange|p2: Ogerpon|Ogerpon-Wellspring, F|[silent]
|
|upkeep
|
|t:|1757803425
|switch|p2a: Iron Valiant|Iron Valiant|100/100
|turn|12
|
|t:|1757803432
|cant|p1a: Porygon2|recharge
|move|p2a: Iron Valiant|Thunderbolt|p1a: Porygon2
|-damage|p1a: Porygon2|10/100
|-status|p1a: Porygon2|par
|-damage|p2a: Iron Valiant|91/100|[from] item: Life Orb
|
|upkeep
|turn|13
|
|t:|1757803438
|move|p2a: Iron Valiant|Vacuum Wave|p1a: Porygon2
|-supereffective|p1a: Porygon2
|-damage|p1a: Porygon2|0 fnt
|faint|p1a: Porygon2
|-damage|p2a: Iron Valiant|81/100|[from] item: Life Orb
|
|upkeep
|
|t:|1757803448
|switch|p1a: Torkoal|Torkoal, F|100/100
|-weather|SunnyDay|[from] ability: Drought|[of] p1a: Torkoal
|turn|14
|inactive|gamershiba has 120 seconds left.
|
|t:|1757803482
|-end|p2a: Iron Valiant|Quark Drive|[silent]
|switch|p2a: Iron Moth|Iron Moth|100/100
|-enditem|p2a: Iron Moth|Booster Energy
|-activate|p2a: Iron Moth|ability: Quark Drive|[fromitem]
|-start|p2a: Iron Moth|quarkdrivespe
|-terastallize|p1a: Torkoal|Fire
|move|p1a: Torkoal|Eruption|p2a: Iron Moth
|-resisted|p2a: Iron Moth
|-damage|p2a: Iron Moth|0 fnt
|faint|p2a: Iron Moth
|-end|p2a: Iron Moth|Quark Drive|[silent]
|
|-weather|SunnyDay|[upkeep]
|-fieldend|move: Trick Room
|upkeep
|
|t:|1757803490
|switch|p2a: Landorus|Landorus-Therian, M, shiny|28/100
|-ability|p2a: Landorus|Intimidate|boost
|-unboost|p1a: Torkoal|atk|1
|turn|15
|
|t:|1757803499
|switch|p1a: Ursaluna|Ursaluna, M|78/100 brn
|move|p2a: Landorus|Earth Power|p1a: Ursaluna
|-damage|p1a: Ursaluna|47/100 brn
|
|-weather|SunnyDay|[upkeep]
|-damage|p1a: Ursaluna|41/100 brn|[from] brn
|upkeep
|turn|16
|
|t:|1757803507
|move|p2a: Landorus|U-turn|p1a: Ursaluna
|-damage|p1a: Ursaluna|24/100 brn
|
|t:|1757803508
|switch|p2a: Gholdengo|Gholdengo|100/100|[from] U-turn
|move|p1a: Ursaluna|Headlong Rush|p2a: Gholdengo
|-supereffective|p2a: Gholdengo
|-damage|p2a: Gholdengo|0 fnt
|-unboost|p1a: Ursaluna|def|1
|-unboost|p1a: Ursaluna|spd|1
|faint|p2a: Gholdengo
|
|-weather|SunnyDay|[upkeep]
|-damage|p1a: Ursaluna|18/100 brn|[from] brn
|upkeep
|j| hasbullaaaaaa
|
|t:|1757803510
|switch|p2a: Iron Valiant|Iron Valiant|81/100
|turn|17
|l| hasbullaaaaaa
|
|t:|1757803525
|move|p2a: Iron Valiant|Moonblast|p1a: Ursaluna
|-damage|p1a: Ursaluna|0 fnt
|faint|p1a: Ursaluna
|-damage|p2a: Iron Valiant|71/100|[from] item: Life Orb
|
|-weather|SunnyDay|[upkeep]
|upkeep
|
|t:|1757803536
|switch|p1a: Torkoal|Torkoal, F, tera:Fire|100/100
|turn|18
|
|t:|1757803547
|move|p2a: Iron Valiant|Knock Off|p1a: Torkoal
|-damage|p1a: Torkoal|74/100
|-enditem|p1a: Torkoal|Choice Specs|[from] move: Knock Off|[of] p2a: Iron Valiant
|-damage|p2a: Iron Valiant|62/100|[from] item: Life Orb
|move|p1a: Torkoal|Flamethrower|p2a: Iron Valiant
|-damage|p2a: Iron Valiant|0 fnt
|faint|p2a: Iron Valiant
|-end|p2a: Iron Valiant|Quark Drive|[silent]
|
|-weather|none
|upkeep
|
|t:|1757803551
|switch|p2a: Landorus|Landorus-Therian, M, shiny|28/100
|-ability|p2a: Landorus|Intimidate|boost
|-unboost|p1a: Torkoal|atk|1
|turn|19
|
|t:|1757803557
|move|p2a: Landorus|Earth Power|p1a: Torkoal
|-supereffective|p1a: Torkoal
|-damage|p1a: Torkoal|0 fnt
|faint|p1a: Torkoal
|
|upkeep
|
|t:|1757803560
|switch|p1a: Malamar|Malamar, F|100/100
|turn|20
|
|t:|1757803565
|move|p2a: Landorus|U-turn|p1a: Malamar
|-supereffective|p1a: Malamar
|-damage|p1a: Malamar|15/100
|move|p1a: Malamar|Knock Off|p2a: Landorus
|-damage|p2a: Landorus|0 fnt
|-damage|p1a: Malamar|0 fnt|[from] item: Rocky Helmet|[of] p2a: Landorus
|faint|p2a: Landorus
|faint|p1a: Malamar
|
|win|gamershiba
|raw|gamershiba's rating: 1400 &rarr; <strong>1423</strong><br />(+23 for winning)
|raw|poopbutt farts's rating: 1454 &rarr; <strong>1431</strong><br />(-23 for losing)
|l|☆poopbutt farts
|player|p2|
