|j|☆bluebrine
|j|☆spaghettibadass
|t:|1757836813
|gametype|singles
|player|p1|bluebrine|tuber|1422
|player|p2|spaghettibadass|maid|1485
|gen|9
|tier|[Gen 9] OU
|rated|
|rule|HP Percentage Mod: HP is shown in percentages
|rule|Endless Battle Clause: Forcing endless battles is banned
|rule|Species Clause: Limit one of each Pokémon
|rule|OHKO Clause: OHKO moves are banned
|rule|Evasion Items Clause: Evasion items are banned
|rule|Evasion Moves Clause: Evasion moves are banned
|rule|Evasion Abilities Clause: Evasion abilities are banned
|rule|Sleep Moves Clause: Sleep-inducing moves are banned
|clearpoke
|poke|p1|Dragonite, F|
|poke|p1|Zamazenta-*|
|poke|p1|Landorus-Therian, M|
|poke|p1|Gholdengo|
|poke|p1|Darkrai|
|poke|p1|Quaquaval, F|
|poke|p2|Cresselia, F|
|poke|p2|Hatterene, F|
|poke|p2|Iron Hands|
|poke|p2|Ursaluna, F|
|poke|p2|Torkoal, M|
|poke|p2|Scream Tail|
|teampreview
|
|t:|1757836823
|teamsize|p1|6
|teamsize|p2|6
|start
|switch|p1a: Darkrai|Darkrai|100/100
|switch|p2a: Hatterene|Hatterene, F|100/100
|turn|1
|
|t:|1757836830
|move|p1a: Darkrai|Dark Pulse|p2a: Hatterene
|-damage|p2a: Hatterene|62/100
|cant|p2a: Hatterene|flinch
|
|upkeep
|turn|2
|
|t:|1757836836
|move|p1a: Darkrai|Dark Pulse|p2a: Hatterene
|-damage|p2a: Hatterene|24/100
|cant|p2a: Hatterene|flinch
|
|upkeep
|turn|3
|c|☆bluebrine|wow
|c|☆spaghettibadass|good start
|
|t:|1757836854
|move|p1a: Darkrai|Knock Off|p2a: Hatterene
|-damage|p2a: Hatterene|0 fnt
|-enditem|p2a: Hatterene|Focus Sash|[from] move: Knock Off|[of] p1a: Darkrai
|faint|p2a: Hatterene
|
|upkeep
|
|t:|1757836861
|switch|p2a: Scream Tail|Scream Tail|100/100
|turn|4
|
|t:|1757836866
|move|p1a: Darkrai|Knock Off|p2a: Scream Tail
|-damage|p2a: Scream Tail|81/100
|-enditem|p2a: Scream Tail|Kebia Berry|[from] move: Knock Off|[of] p1a: Darkrai
|move|p2a: Scream Tail|Trick Room|p2a: Scream Tail
|-fieldstart|move: Trick Room|[of] p2a: Scream Tail
|
|upkeep
|turn|5
|
|t:|1757836878
|-end|p2a: Scream Tail|Protosynthesis|[silent]
|switch|p2a: Ursaluna|Ursaluna, F|100/100
|switch|p1a: Gholdengo|Gholdengo|100/100
|
|-status|p2a: Ursaluna|brn|[from] item: Flame Orb
|upkeep
|turn|6
|
|t:|1757836889
|switch|p1a: Landorus|Landorus-Therian, M|100/100
|-ability|p1a: Landorus|Intimidate|boost
|-unboost|p2a: Ursaluna|atk|1
|-terastallize|p2a: Ursaluna|Normal
|move|p2a: Ursaluna|Facade|p1a: Landorus
|-crit|p1a: Landorus
|-damage|p1a: Landorus|0 fnt
|-damage|p2a: Ursaluna|84/100 brn|[from] item: Rocky Helmet|[of] p1a: Landorus
|faint|p1a: Landorus
|
|-damage|p2a: Ursaluna|78/100 brn|[from] brn
|upkeep
|
|t:|1757836911
|switch|p1a: Dragonite|Dragonite, F|100/100
|turn|7
|
|t:|1757836921
|switch|p1a: Gholdengo|Gholdengo|100/100
|move|p2a: Ursaluna|Headlong Rush|p1a: Gholdengo
|-supereffective|p1a: Gholdengo
|-damage|p1a: Gholdengo|0 fnt
|-unboost|p2a: Ursaluna|def|1
|-unboost|p2a: Ursaluna|spd|1
|faint|p1a: Gholdengo
|
|-damage|p2a: Ursaluna|71/100 brn|[from] brn
|upkeep
|
|t:|1757836926
|switch|p1a: Dragonite|Dragonite, F|100/100
|turn|8
|
|t:|1757836935
|move|p2a: Ursaluna|Facade|p1a: Dragonite
|-damage|p1a: Dragonite|38/100
|move|p1a: Dragonite|Dragon Dance|p1a: Dragonite
|-boost|p1a: Dragonite|atk|1
|-boost|p1a: Dragonite|spe|1
|
|-damage|p2a: Ursaluna|65/100 brn|[from] brn
|-fieldend|move: Trick Room
|upkeep
|turn|9
|
|t:|1757836952
|-terastallize|p1a: Dragonite|Flying
|move|p1a: Dragonite|Tera Blast|p2a: Ursaluna|[anim] Tera Blast Flying
|-damage|p2a: Ursaluna|0 fnt
|faint|p2a: Ursaluna
|
|upkeep
|
|t:|1757836963
|switch|p2a: Cresselia|Cresselia, F|100/100
|turn|10
|
|t:|1757836971
|move|p1a: Dragonite|Tera Blast|p2a: Cresselia|[anim] Tera Blast Flying
|-damage|p2a: Cresselia|51/100
|move|p2a: Cresselia|Trick Room|p2a: Cresselia
|-fieldstart|move: Trick Room|[of] p2a: Cresselia
|
|upkeep
|turn|11
|
|t:|1757836991
|switch|p1a: Darkrai|Darkrai|100/100
|move|p2a: Cresselia|Lunar Dance|p2a: Cresselia
|faint|p2a: Cresselia
|
|upkeep
|
|t:|1757836996
|switch|p2a: Iron Hands|Iron Hands|100/100
|-enditem|p2a: Iron Hands|Booster Energy
|-activate|p2a: Iron Hands|ability: Quark Drive|[fromitem]
|-start|p2a: Iron Hands|quarkdriveatk
|turn|12
|
|t:|1757837006
|move|p2a: Iron Hands|Close Combat|p1a: Darkrai
|-supereffective|p1a: Darkrai
|-damage|p1a: Darkrai|0 fnt
|-unboost|p2a: Iron Hands|def|1
|-unboost|p2a: Iron Hands|spd|1
|faint|p1a: Darkrai
|
|upkeep
|
|t:|1757837012
|switch|p1a: Zamazenta|Zamazenta|100/100
|-ability|p1a: Zamazenta|Dauntless Shield|boost
|-boost|p1a: Zamazenta|def|1
|turn|13
|
|t:|1757837016
|move|p2a: Iron Hands|Supercell Slam|p1a: Zamazenta
|-damage|p1a: Zamazenta|59/100
|move|p1a: Zamazenta|Iron Defense|p1a: Zamazenta
|-boost|p1a: Zamazenta|def|2
|
|-heal|p1a: Zamazenta|65/100|[from] item: Leftovers
|upkeep
|turn|14
|
|t:|1757837024
|move|p2a: Iron Hands|Supercell Slam|p1a: Zamazenta
|-damage|p1a: Zamazenta|39/100
|move|p1a: Zamazenta|Crunch|p2a: Iron Hands
|-resisted|p2a: Iron Hands
|-damage|p2a: Iron Hands|89/100
|
|-heal|p1a: Zamazenta|45/100|[from] item: Leftovers
|-fieldend|move: Trick Room
|upkeep
|turn|15
|
|t:|1757837036
|-end|p2a: Iron Hands|Quark Drive|[silent]
|switch|p2a: Scream Tail|Scream Tail|81/100
|-heal|p2a: Scream Tail|100/100|[from] move: Lunar Dance
|move|p1a: Zamazenta|Body Press|p2a: Scream Tail
|-resisted|p2a: Scream Tail
|-damage|p2a: Scream Tail|85/100
|
|-heal|p1a: Zamazenta|51/100|[from] item: Leftovers
|upkeep
|turn|16
|
|t:|1757837045
|move|p1a: Zamazenta|Crunch|p2a: Scream Tail
|-damage|p2a: Scream Tail|68/100
|-unboost|p2a: Scream Tail|def|1
|move|p2a: Scream Tail|Trick Room|p2a: Scream Tail
|-fieldstart|move: Trick Room|[of] p2a: Scream Tail
|
|-heal|p1a: Zamazenta|58/100|[from] item: Leftovers
|upkeep
|turn|17
|
|t:|1757837054
|-end|p2a: Scream Tail|Protosynthesis|[silent]
|switch|p2a: Torkoal|Torkoal, M|100/100
|-weather|SunnyDay|[from] ability: Drought|[of] p2a: Torkoal
|move|p1a: Zamazenta|Crunch|p2a: Torkoal
|-damage|p2a: Torkoal|83/100
|
|-weather|SunnyDay|[upkeep]
|-heal|p1a: Zamazenta|64/100|[from] item: Leftovers
|upkeep
|turn|18
|
|t:|1757837063
|switch|p1a: Quaquaval|Quaquaval, F|100/100
|move|p2a: Torkoal|Eruption|p1a: Quaquaval
|-resisted|p1a: Quaquaval
|-damage|p1a: Quaquaval|58/100
|
|-weather|SunnyDay|[upkeep]
|upkeep
|turn|19
|
|t:|1757837070
|move|p2a: Torkoal|Eruption|p1a: Quaquaval
|-resisted|p1a: Quaquaval
|-damage|p1a: Quaquaval|13/100
|move|p1a: Quaquaval|Aqua Step|p2a: Torkoal
|-supereffective|p2a: Torkoal
|-damage|p2a: Torkoal|53/100
|-boost|p1a: Quaquaval|spe|1
|
|-weather|SunnyDay|[upkeep]
|upkeep
|turn|20
|
|t:|1757837078
|move|p2a: Torkoal|Eruption|p1a: Quaquaval
|-resisted|p1a: Quaquaval
|-damage|p1a: Quaquaval|0 fnt
|faint|p1a: Quaquaval
|
|-weather|SunnyDay|[upkeep]
|-fieldend|move: Trick Room
|upkeep
|
|t:|1757837083
|switch|p1a: Dragonite|Dragonite, F, tera:Flying|38/100
|turn|21
|
|t:|1757837087
|move|p1a: Dragonite|Earthquake|p2a: Torkoal
|-supereffective|p2a: Torkoal
|-damage|p2a: Torkoal|3/100
|move|p2a: Torkoal|Eruption|p1a: Dragonite
|-damage|p1a: Dragonite|34/100
|
|-weather|none
|upkeep
|turn|22
|
|t:|1757837095
|move|p1a: Dragonite|Tera Blast|p2a: Torkoal|[anim] Tera Blast Flying
|-damage|p2a: Torkoal|0 fnt
|faint|p2a: Torkoal
|
|upkeep
|
|t:|1757837100
|switch|p2a: Scream Tail|Scream Tail|68/100
|turn|23
|
|t:|1757837114
|move|p1a: Dragonite|Dragon Dance|p1a: Dragonite
|-boost|p1a: Dragonite|atk|1
|-boost|p1a: Dragonite|spe|1
|move|p2a: Scream Tail|Trick Room|p2a: Scream Tail
|-fieldstart|move: Trick Room|[of] p2a: Scream Tail
|
|upkeep
|turn|24
|
|t:|1757837119
|move|p2a: Scream Tail|Misty Explosion|p1a: Dragonite
|-damage|p1a: Dragonite|8/100
|faint|p2a: Scream Tail
|-end|p2a: Scream Tail|Protosynthesis|[silent]
|move|p1a: Dragonite|Tera Blast|p2: Scream Tail|[notarget]
|-fail|p1a: Dragonite
|
|upkeep
|
|t:|1757837124
|switch|p2a: Iron Hands|Iron Hands|89/100
|turn|25
|
|t:|1757837131
|move|p1a: Dragonite|Extreme Speed|p2a: Iron Hands
|-damage|p2a: Iron Hands|56/100
|move|p2a: Iron Hands|Ice Punch|p1a: Dragonite
|-supereffective|p1a: Dragonite
|-damage|p1a: Dragonite|0 fnt
|faint|p1a: Dragonite
|
|upkeep
|
|t:|1757837135
|switch|p1a: Zamazenta|Zamazenta|64/100
|turn|26
|
|t:|1757837140
|move|p2a: Iron Hands|Close Combat|p1a: Zamazenta
|-damage|p1a: Zamazenta|9/100
|-unboost|p2a: Iron Hands|def|1
|-unboost|p2a: Iron Hands|spd|1
|move|p1a: Zamazenta|Iron Defense|p1a: Zamazenta
|-boost|p1a: Zamazenta|def|2
|
|-heal|p1a: Zamazenta|15/100|[from] item: Leftovers
|upkeep
|turn|27
|
|t:|1757837149
|move|p2a: Iron Hands|Close Combat|p1a: Zamazenta
|-damage|p1a: Zamazenta|0 fnt
|-unboost|p2a: Iron Hands|def|1
|-unboost|p2a: Iron Hands|spd|1
|faint|p1a: Zamazenta
|
|win|spaghettibadass
|raw|bluebrine's rating: 1422 &rarr; <strong>1406</strong><br />(-16 for losing)
|raw|spaghettibadass's rating: 1485 &rarr; <strong>1501</strong><br />(+16 for winning)
|l|☆bluebrine
|player|p1|
|c|☆spaghettibadass|gg
|l|☆spaghettibadass
|player|p2|
