|j|☆Excelio21
|j|☆leezee-yy
|t:|1757853455
|gametype|singles
|player|p1|Excelio21|riley|1501
|player|p2|leezee-yy|steven|1472
|gen|9
|tier|[Gen 9] OU
|rated|
|rule|HP Percentage Mod: HP is shown in percentages
|rule|Endless Battle Clause: Forcing endless battles is banned
|rule|Species Clause: Limit one of each Pokémon
|rule|OHKO Clause: OHKO moves are banned
|rule|Evasion Items Clause: Evasion items are banned
|rule|Evasion Moves Clause: Evasion moves are banned
|rule|Evasion Abilities Clause: Evasion abilities are banned
|rule|Sleep Moves Clause: Sleep-inducing moves are banned
|clearpoke
|poke|p1|Ogerpon-Wellspring, F|
|poke|p1|Blissey, F|
|poke|p1|Weezing-Galar, M|
|poke|p1|Primarina, F|
|poke|p1|Weavile, F|
|poke|p1|Pelipper, F|
|poke|p2|Gengar, M|
|poke|p2|Conkeldurr, M|
|poke|p2|Metagross|
|poke|p2|Zapdos|
|poke|p2|Meowscarada, F|
|poke|p2|Zamazenta-*|
|teampreview
|inactive|Battle timer is ON: inactive players will automatically lose when time's up. (requested by leezee-yy)
|
|t:|1757853471
|teamsize|p1|6
|teamsize|p2|6
|start
|switch|p1a: Weavile|Weavile, F|100/100
|switch|p2a: Zapdos|Zapdos|100/100
|-ability|p1a: Weavile|Pressure
|turn|1
|
|t:|1757853477
|move|p1a: Weavile|Knock Off|p2a: Zapdos
|-damage|p2a: Zapdos|53/100
|-damage|p1a: Weavile|84/100|[from] item: Rocky Helmet|[of] p2a: Zapdos
|-status|p1a: Weavile|par|[from] ability: Static|[of] p2a: Zapdos
|-enditem|p2a: Zapdos|Rocky Helmet|[from] move: Knock Off|[of] p1a: Weavile
|move|p2a: Zapdos|Heat Wave|p1a: Weavile
|-supereffective|p1a: Weavile
|-damage|p1a: Weavile|6/100 par
|
|upkeep
|turn|2
|
|t:|1757853485
|switch|p1a: Blissey|Blissey, F|100/100
|move|p2a: Zapdos|Roost|p2a: Zapdos
|-heal|p2a: Zapdos|100/100
|-singleturn|p2a: Zapdos|move: Roost
|
|upkeep
|turn|3
|
|t:|1757853489
|move|p2a: Zapdos|U-turn|p1a: Blissey
|-damage|p1a: Blissey|90/100
|
|t:|1757853491
|switch|p2a: Conkeldurr|Conkeldurr, M|100/100|[from] U-turn
|move|p1a: Blissey|Stealth Rock|p2a: Conkeldurr
|-sidestart|p2: leezee-yy|move: Stealth Rock
|
|-heal|p1a: Blissey|96/100|[from] item: Leftovers
|upkeep
|turn|4
|
|t:|1757853501
|-terastallize|p1a: Blissey|Ghost
|move|p1a: Blissey|Thunder Wave|p2a: Conkeldurr
|-status|p2a: Conkeldurr|par
|cant|p2a: Conkeldurr|par
|
|-heal|p1a: Blissey|100/100|[from] item: Leftovers
|upkeep
|turn|5
|
|t:|1757853510
|switch|p1a: Pelipper|Pelipper, F|100/100
|-weather|RainDance|[from] ability: Drizzle|[of] p1a: Pelipper
|move|p2a: Conkeldurr|Defog|p1a: Pelipper
|-unboost|p1a: Pelipper|evasion|1
|-sideend|p2: leezee-yy|Stealth Rock|[from] move: Defog|[of] p2a: Conkeldurr
|
|-weather|RainDance|[upkeep]
|upkeep
|turn|6
|
|t:|1757853520
|switch|p2a: Zapdos|Zapdos|100/100
|move|p1a: Pelipper|Hurricane|p2a: Zapdos
|-resisted|p2a: Zapdos
|-damage|p2a: Zapdos|65/100
|
|-weather|RainDance|[upkeep]
|upkeep
|turn|7
|
|t:|1757853528
|switch|p1a: Weavile|Weavile, F|6/100 par
|-ability|p1a: Weavile|Pressure
|move|p2a: Zapdos|U-turn|p1a: Weavile
|-supereffective|p1a: Weavile
|-damage|p1a: Weavile|0 fnt
|faint|p1a: Weavile
|
|t:|1757853535
|switch|p2a: Meowscarada|Meowscarada, F|100/100|[from] U-turn
|
|-weather|RainDance|[upkeep]
|upkeep
|
|t:|1757853540
|switch|p1a: Weezing|Weezing-Galar, M|100/100
|turn|8
|
|t:|1757853543
|move|p2a: Meowscarada|U-turn|p1a: Weezing
|-start|p2a: Meowscarada|typechange|Bug|[from] ability: Protean
|-resisted|p1a: Weezing
|-damage|p1a: Weezing|91/100
|
|t:|1757853548
|switch|p2a: Zapdos|Zapdos|65/100|[from] U-turn
|move|p1a: Weezing|Will-O-Wisp|p2a: Zapdos
|-status|p2a: Zapdos|brn
|
|-weather|RainDance|[upkeep]
|-heal|p1a: Weezing|97/100|[from] item: Black Sludge
|-damage|p2a: Zapdos|59/100 brn|[from] brn
|upkeep
|turn|9
|
|t:|1757853555
|move|p2a: Zapdos|U-turn|p1a: Weezing
|-resisted|p1a: Weezing
|-damage|p1a: Weezing|95/100
|
|t:|1757853559
|switch|p2a: Metagross|Metagross, shiny|100/100|[from] U-turn
|move|p1a: Weezing|Sludge Wave|p2a: Metagross
|-immune|p2a: Metagross
|
|-weather|none
|-heal|p1a: Weezing|100/100|[from] item: Black Sludge
|upkeep
|turn|10
|
|t:|1757853565
|switch|p2a: Zapdos|Zapdos|59/100 brn
|switch|p1a: Pelipper|Pelipper, F|100/100
|-weather|RainDance|[from] ability: Drizzle|[of] p1a: Pelipper
|
|-weather|RainDance|[upkeep]
|-damage|p2a: Zapdos|53/100 brn|[from] brn
|upkeep
|turn|11
|
|t:|1757853576
|move|p2a: Zapdos|Roost|p2a: Zapdos
|-heal|p2a: Zapdos|100/100 brn
|-singleturn|p2a: Zapdos|move: Roost
|move|p1a: Pelipper|Surf|p2a: Zapdos
|-damage|p2a: Zapdos|2/100 brn
|
|-weather|RainDance|[upkeep]
|-damage|p2a: Zapdos|0 fnt|[from] brn
|faint|p2a: Zapdos
|upkeep
|
|t:|1757853580
|switch|p2a: Zamazenta|Zamazenta|100/100
|-ability|p2a: Zamazenta|Dauntless Shield|boost
|-boost|p2a: Zamazenta|def|1
|turn|12
|
|t:|1757853583
|move|p2a: Zamazenta|Psychic Fangs|p1a: Pelipper
|-damage|p1a: Pelipper|72/100
|move|p1a: Pelipper|Surf|p2a: Zamazenta
|-damage|p2a: Zamazenta|43/100
|
|-weather|RainDance|[upkeep]
|upkeep
|turn|13
|
|t:|1757853586
|move|p2a: Zamazenta|Stone Edge|p1a: Pelipper
|-supereffective|p1a: Pelipper
|-damage|p1a: Pelipper|0 fnt
|faint|p1a: Pelipper
|
|-weather|RainDance|[upkeep]
|upkeep
|
|t:|1757853591
|switch|p1a: Ogerpon|Ogerpon-Wellspring, F|100/100
|turn|14
|
|t:|1757853594
|switch|p1a: Weezing|Weezing-Galar, M|100/100
|move|p2a: Zamazenta|Close Combat|p1a: Weezing
|-resisted|p1a: Weezing
|-damage|p1a: Weezing|89/100
|-unboost|p2a: Zamazenta|def|1
|-unboost|p2a: Zamazenta|spd|1
|
|-weather|none
|-heal|p1a: Weezing|95/100|[from] item: Black Sludge
|upkeep
|turn|15
|
|t:|1757853599
|move|p2a: Zamazenta|Psychic Fangs|p1a: Weezing
|-supereffective|p1a: Weezing
|-damage|p1a: Weezing|47/100
|move|p1a: Weezing|Will-O-Wisp|p2a: Zamazenta
|-status|p2a: Zamazenta|brn
|
|-heal|p1a: Weezing|53/100|[from] item: Black Sludge
|-damage|p2a: Zamazenta|37/100 brn|[from] brn
|upkeep
|turn|16
|
|t:|1757853603
|move|p2a: Zamazenta|Psychic Fangs|p1a: Weezing
|-supereffective|p1a: Weezing
|-damage|p1a: Weezing|28/100
|move|p1a: Weezing|Sludge Wave|p2a: Zamazenta
|-damage|p2a: Zamazenta|12/100 brn
|
|-heal|p1a: Weezing|34/100|[from] item: Black Sludge
|-damage|p2a: Zamazenta|6/100 brn|[from] brn
|upkeep
|turn|17
|
|t:|1757853613
|move|p2a: Zamazenta|Psychic Fangs|p1a: Weezing
|-supereffective|p1a: Weezing
|-damage|p1a: Weezing|10/100
|move|p1a: Weezing|Sludge Wave|p2a: Zamazenta
|-damage|p2a: Zamazenta|0 fnt
|faint|p2a: Zamazenta
|
|-heal|p1a: Weezing|16/100|[from] item: Black Sludge
|upkeep
|
|t:|1757853616
|switch|p2a: Gengar|Gengar, M|100/100
|turn|18
|
|t:|1757853620
|switch|p2a: Meowscarada|Meowscarada, F|100/100
|move|p1a: Weezing|Memento|p2a: Meowscarada
|-unboost|p2a: Meowscarada|atk|2
|-unboost|p2a: Meowscarada|spa|2
|faint|p1a: Weezing
|
|upkeep
|
|t:|1757853630
|switch|p1a: Blissey|Blissey, F, tera:Ghost|100/100
|turn|19
|
|t:|1757853636
|move|p2a: Meowscarada|U-turn|p1a: Blissey
|-start|p2a: Meowscarada|typechange|Bug|[from] ability: Protean
|-resisted|p1a: Blissey
|-damage|p1a: Blissey|90/100
|
|t:|1757853638
|switch|p2a: Gengar|Gengar, M|100/100|[from] U-turn
|move|p1a: Blissey|Stealth Rock|p2a: Gengar
|-sidestart|p2: leezee-yy|move: Stealth Rock
|
|-heal|p1a: Blissey|96/100|[from] item: Leftovers
|upkeep
|turn|20
|
|t:|1757853646
|move|p2a: Gengar|Encore|p1a: Blissey
|-start|p1a: Blissey|Encore
|move|p1a: Blissey|Stealth Rock||[still]
|-fail|p1a: Blissey
|
|-heal|p1a: Blissey|100/100|[from] item: Leftovers
|upkeep
|turn|21
|
|t:|1757853655
|switch|p1a: Primarina|Primarina, F|100/100
|move|p2a: Gengar|Sludge Bomb|p1a: Primarina
|-supereffective|p1a: Primarina
|-damage|p1a: Primarina|21/100
|
|upkeep
|turn|22
|
|t:|1757853660
|move|p2a: Gengar|Shadow Ball|p1a: Primarina
|-damage|p1a: Primarina|0 fnt
|faint|p1a: Primarina
|
|upkeep
|
|t:|1757853661
|switch|p1a: Ogerpon|Ogerpon-Wellspring, F|100/100
|turn|23
|
|t:|1757853665
|move|p2a: Gengar|Sludge Bomb|p1a: Ogerpon
|-supereffective|p1a: Ogerpon
|-damage|p1a: Ogerpon|0 fnt
|faint|p1a: Ogerpon
|
|upkeep
|
|t:|1757853668
|switch|p1a: Blissey|Blissey, F, tera:Ghost|100/100
|turn|24
|
|t:|1757853671
|move|p2a: Gengar|Shadow Ball|p1a: Blissey
|-supereffective|p1a: Blissey
|-damage|p1a: Blissey|72/100
|move|p1a: Blissey|Thunder Wave|p2a: Gengar|[miss]
|-miss|p1a: Blissey|p2a: Gengar
|
|-heal|p1a: Blissey|78/100|[from] item: Leftovers
|upkeep
|turn|25
|
|t:|1757853675
|move|p2a: Gengar|Shadow Ball|p1a: Blissey
|-supereffective|p1a: Blissey
|-damage|p1a: Blissey|46/100
|move|p1a: Blissey|Soft-Boiled|p1a: Blissey
|-heal|p1a: Blissey|96/100
|
|-heal|p1a: Blissey|100/100|[from] item: Leftovers
|upkeep
|turn|26
|
|t:|1757853680
|move|p2a: Gengar|Encore|p1a: Blissey
|-start|p1a: Blissey|Encore
|move|p1a: Blissey|Soft-Boiled||[still]
|-fail|p1a: Blissey|heal
|
|upkeep
|turn|27
|inactive|Excelio21 has 120 seconds left.
|l|☆Excelio21
|inactive|Excelio21 disconnected and has a minute to reconnect!
|player|p1|
|inactive|Excelio21 has 30 seconds to reconnect!
|c|☆leezee-yy|bad player
|inactive|Excelio21 has 20 seconds to reconnect!
|inactive|Excelio21 has 15 seconds to reconnect!
|inactive|Excelio21 has 10 seconds to reconnect!
|inactive|Excelio21 has 5 seconds to reconnect!
|-message|Excelio21 lost due to inactivity.
|
|win|leezee-yy
|raw|Excelio21's rating: 1501 &rarr; <strong>1479</strong><br />(-22 for losing)
|raw|leezee-yy's rating: 1472 &rarr; <strong>1494</strong><br />(+22 for winning)
|l|☆leezee-yy
|player|p2|
