|j|☆ChessDennis
|j|☆Free6lackpanther
|t:|1757868601
|gametype|singles
|player|p1|ChessDennis|1|1416
|player|p2|Free6lackpanther|265|1430
|gen|9
|tier|[Gen 9] OU
|rated|
|rule|HP Percentage Mod: HP is shown in percentages
|rule|Endless Battle Clause: Forcing endless battles is banned
|rule|Species Clause: Limit one of each Pokémon
|rule|OHKO Clause: OHKO moves are banned
|rule|Evasion Items Clause: Evasion items are banned
|rule|Evasion Moves Clause: Evasion moves are banned
|rule|Evasion Abilities Clause: Evasion abilities are banned
|rule|Sleep Moves Clause: Sleep-inducing moves are banned
|clearpoke
|poke|p1|Moltres|
|poke|p1|Clodsire, M|
|poke|p1|Hatterene, F|
|poke|p1|Politoed, M|
|poke|p1|Zamazenta-*|
|poke|p1|Keldeo-Resolute|
|poke|p2|Rotom-Wash|
|poke|p2|Ninetales-Alola, M|
|poke|p2|Exeggutor-Alola, F|
|poke|p2|Tyranitar, F|
|poke|p2|Dragonite, F|
|poke|p2|Scizor, M|
|teampreview
|inactive|Battle timer is ON: inactive players will automatically lose when time's up. (requested by Free6lackpanther)
|
|t:|1757868614
|teamsize|p1|6
|teamsize|p2|6
|start
|switch|p1a: Zamazenta|Zamazenta|100/100
|switch|p2a: Rotom|Rotom-Wash|100/100
|-ability|p1a: Zamazenta|Dauntless Shield|boost
|-boost|p1a: Zamazenta|def|1
|turn|1
|
|t:|1757868630
|-terastallize|p1a: Zamazenta|Fighting
|move|p1a: Zamazenta|Close Combat|p2a: Rotom
|-damage|p2a: Rotom|2/100
|-unboost|p1a: Zamazenta|def|1
|-unboost|p1a: Zamazenta|spd|1
|move|p2a: Rotom|Will-O-Wisp|p1a: Zamazenta|[miss]
|-miss|p2a: Rotom|p1a: Zamazenta
|
|-heal|p2a: Rotom|8/100|[from] item: Leftovers
|upkeep
|turn|2
|
|t:|1757868646
|move|p1a: Zamazenta|Close Combat|p2a: Rotom
|-damage|p2a: Rotom|0 fnt
|-unboost|p1a: Zamazenta|def|1
|-unboost|p1a: Zamazenta|spd|1
|faint|p2a: Rotom
|
|upkeep
|
|t:|1757868654
|switch|p2a: Ninetales|Ninetales-Alola, M|100/100
|-weather|Snowscape|[from] ability: Snow Warning|[of] p2a: Ninetales
|turn|3
|
|t:|1757868659
|move|p1a: Zamazenta|Close Combat|p2a: Ninetales
|-crit|p2a: Ninetales
|-damage|p2a: Ninetales|0 fnt
|-unboost|p1a: Zamazenta|def|1
|-unboost|p1a: Zamazenta|spd|1
|faint|p2a: Ninetales
|
|-weather|Snowscape|[upkeep]
|upkeep
|
|t:|1757868668
|switch|p2a: Exeggutor|Exeggutor-Alola, F|100/100
|turn|4
|
|t:|1757868671
|move|p1a: Zamazenta|Close Combat|p2a: Exeggutor
|-damage|p2a: Exeggutor|0 fnt
|-unboost|p1a: Zamazenta|def|1
|-unboost|p1a: Zamazenta|spd|1
|faint|p2a: Exeggutor
|
|-weather|Snowscape|[upkeep]
|upkeep
|
|t:|1757868681
|switch|p2a: Dragonite|Dragonite, F|100/100
|turn|5
|
|t:|1757868689
|switch|p1a: Hatterene|Hatterene, F|100/100
|move|p2a: Dragonite|Extreme Speed|p1a: Hatterene
|-damage|p1a: Hatterene|72/100
|
|-weather|Snowscape|[upkeep]
|upkeep
|turn|6
|-message|Free6lackpanther forfeited.
|
|win|ChessDennis
|raw|ChessDennis's rating: 1416 &rarr; <strong>1437</strong><br />(+21 for winning)
|raw|Free6lackpanther's rating: 1430 &rarr; <strong>1409</strong><br />(-21 for losing)
|l|☆Free6lackpanther
|player|p2|
|l|☆ChessDennis
|player|p1|
