|j|☆jrm69
|j|☆brxinfreez
|t:|1757954867
|gametype|singles
|player|p1|jrm69|giovanni|1333
|player|p2|brxinfreez|ogreclan|1336
|gen|9
|tier|[Gen 9] OU
|rated|
|rule|HP Percentage Mod: HP is shown in percentages
|rule|Endless Battle Clause: Forcing endless battles is banned
|rule|Species Clause: Limit one of each Pokémon
|rule|OHKO Clause: OHKO moves are banned
|rule|Evasion Items Clause: Evasion items are banned
|rule|Evasion Moves Clause: Evasion moves are banned
|rule|Evasion Abilities Clause: Evasion abilities are banned
|rule|Sleep Moves Clause: Sleep-inducing moves are banned
|clearpoke
|poke|p1|Primarina, M|
|poke|p1|Kommo-o, F|
|poke|p1|Cinderace, M|
|poke|p1|Hoopa-Unbound|
|poke|p1|Iron Treads|
|poke|p1|Azelf|
|poke|p2|Servine, M|
|poke|p2|Sinistcha|
|poke|p2|Dragapult, M|
|poke|p2|Great Tusk|
|poke|p2|Iron Moth|
|poke|p2|Kingambit, F|
|teampreview
|inactive|Battle timer is ON: inactive players will automatically lose when time's up. (requested by brxinfreez)
|c|☆brxinfreez|I saw azelf and hoopa and thought this was aaa
|c|☆brxinfreez|hf
|inactive|brxinfreez has 120 seconds left.
|
|t:|1757954901
|teamsize|p1|6
|teamsize|p2|6
|start
|switch|p1a: Azelf|Azelf|100/100
|switch|p2a: Great Tusk|Great Tusk|100/100
|turn|1
|
|t:|1757954915
|move|p1a: Azelf|Zen Headbutt|p2a: Great Tusk
|-supereffective|p2a: Great Tusk
|-damage|p2a: Great Tusk|36/100
|move|p2a: Great Tusk|Knock Off|p1a: Azelf
|-supereffective|p1a: Azelf
|-damage|p1a: Azelf|0 fnt
|-enditem|p1a: Azelf|Choice Scarf|[from] move: Knock Off|[of] p2a: Great Tusk
|faint|p1a: Azelf
|
|upkeep
|inactive|jrm69 has 120 seconds left.
|
|t:|1757954945
|switch|p1a: Cinderace|Cinderace, M|100/100
|-item|p1a: Cinderace|Air Balloon
|turn|2
|
|t:|1757954952
|-end|p2a: Great Tusk|Protosynthesis|[silent]
|switch|p2a: Dragapult|Dragapult, M|100/100
|move|p1a: Cinderace|Pyro Ball|p2a: Dragapult
|-resisted|p2a: Dragapult
|-damage|p2a: Dragapult|58/100
|-status|p2a: Dragapult|brn
|
|-damage|p2a: Dragapult|52/100 brn|[from] brn
|upkeep
|turn|3
|
|t:|1757954963
|move|p1a: Cinderace|Sucker Punch|p2a: Dragapult
|-start|p1a: Cinderace|typechange|Dark|[from] ability: Libero
|-supereffective|p2a: Dragapult
|-damage|p2a: Dragapult|0 fnt
|faint|p2a: Dragapult
|
|upkeep
|
|t:|1757954972
|switch|p2a: Iron Moth|Iron Moth|100/100
|-enditem|p2a: Iron Moth|Booster Energy
|-activate|p2a: Iron Moth|ability: Quark Drive|[fromitem]
|-start|p2a: Iron Moth|quarkdrivespe
|turn|4
|inactive|jrm69 has 120 seconds left.
|
|t:|1757954993
|switch|p1a: Hoopa|Hoopa-Unbound|100/100
|move|p2a: Iron Moth|Substitute|p2a: Iron Moth
|-start|p2a: Iron Moth|Substitute
|-damage|p2a: Iron Moth|76/100
|
|upkeep
|turn|5
|
|t:|1757955002
|-terastallize|p2a: Iron Moth|Fairy
|move|p2a: Iron Moth|Dazzling Gleam|p1a: Hoopa
|-supereffective|p1a: Hoopa
|-damage|p1a: Hoopa|50/100
|-enditem|p1a: Hoopa|Sitrus Berry|[eat]
|-heal|p1a: Hoopa|75/100|[from] item: Sitrus Berry
|move|p1a: Hoopa|Psychic|p2a: Iron Moth
|-end|p2a: Iron Moth|Substitute
|
|upkeep
|turn|6
|inactive|jrm69 has 120 seconds left.
|
|t:|1757955021
|move|p2a: Iron Moth|Dazzling Gleam|p1a: Hoopa
|-supereffective|p1a: Hoopa
|-damage|p1a: Hoopa|19/100
|move|p1a: Hoopa|Thunder Wave|p2a: Iron Moth
|-status|p2a: Iron Moth|par
|
|upkeep
|turn|7
|inactive|jrm69 has 120 seconds left.
|
|t:|1757955048
|switch|p1a: Cinderace|Cinderace, M|100/100
|-item|p1a: Cinderace|Air Balloon
|move|p2a: Iron Moth|Substitute|p2a: Iron Moth
|-start|p2a: Iron Moth|Substitute
|-damage|p2a: Iron Moth|51/100 par
|
|upkeep
|turn|8
|
|t:|1757955057
|move|p1a: Cinderace|Pyro Ball|p2a: Iron Moth
|-end|p2a: Iron Moth|Substitute
|move|p2a: Iron Moth|Fiery Dance|p1a: Cinderace
|-resisted|p1a: Cinderace
|-damage|p1a: Cinderace|69/100
|-enditem|p1a: Cinderace|Air Balloon
|
|upkeep
|turn|9
|
|t:|1757955066
|move|p1a: Cinderace|Pyro Ball|p2a: Iron Moth
|-damage|p2a: Iron Moth|0 fnt
|faint|p2a: Iron Moth
|-end|p2a: Iron Moth|Quark Drive|[silent]
|
|upkeep
|
|t:|1757955073
|switch|p2a: Great Tusk|Great Tusk|36/100
|turn|10
|
|t:|1757955083
|switch|p1a: Kommo-o|Kommo-o, F|100/100
|move|p2a: Great Tusk|Headlong Rush|p1a: Kommo-o
|-damage|p1a: Kommo-o|60/100
|-unboost|p2a: Great Tusk|def|1
|-unboost|p2a: Great Tusk|spd|1
|-damage|p2a: Great Tusk|19/100|[from] item: Rocky Helmet|[of] p1a: Kommo-o
|
|upkeep
|turn|11
|
|t:|1757955092
|-end|p2a: Great Tusk|Protosynthesis|[silent]
|switch|p2a: Sinistcha|Sinistcha|100/100
|move|p1a: Kommo-o|Stealth Rock|p2a: Sinistcha
|-sidestart|p2: brxinfreez|move: Stealth Rock
|
|upkeep
|turn|12
|
|t:|1757955105
|switch|p2a: Servine|Servine, M|100/100
|-damage|p2a: Servine|88/100|[from] Stealth Rock
|move|p1a: Kommo-o|Dragon Tail|p2a: Servine
|-damage|p2a: Servine|73/100
|drag|p2a: Kingambit|Kingambit, F|100/100
|-damage|p2a: Kingambit|94/100|[from] Stealth Rock
|-activate|p2a: Kingambit|ability: Supreme Overlord
|-start|p2a: Kingambit|fallen2|[silent]
|
|-heal|p2a: Kingambit|100/100|[from] item: Leftovers
|upkeep
|turn|13
|inactive|jrm69 has 120 seconds left.
|
|t:|1757955131
|-end|p2a: Kingambit|fallen2|[silent]
|switch|p2a: Sinistcha|Sinistcha|100/100
|-damage|p2a: Sinistcha|88/100|[from] Stealth Rock
|move|p1a: Kommo-o|Dragon Tail|p2a: Sinistcha
|-damage|p2a: Sinistcha|72/100
|drag|p2a: Great Tusk|Great Tusk|19/100
|-damage|p2a: Great Tusk|16/100|[from] Stealth Rock
|
|upkeep
|turn|14
|inactive|jrm69 has 120 seconds left.
|
|t:|1757955143
|-end|p2a: Great Tusk|Protosynthesis|[silent]
|switch|p2a: Servine|Servine, M|73/100
|-damage|p2a: Servine|61/100|[from] Stealth Rock
|move|p1a: Kommo-o|Body Press|p2a: Servine
|-damage|p2a: Servine|34/100
|
|upkeep
|turn|15
|
|t:|1757955153
|move|p2a: Servine|Leech Seed|p1a: Kommo-o
|-start|p1a: Kommo-o|move: Leech Seed
|move|p1a: Kommo-o|Dragon Tail|p2a: Servine
|-damage|p2a: Servine|19/100
|drag|p2a: Kingambit|Kingambit, F|100/100
|-damage|p2a: Kingambit|94/100|[from] Stealth Rock
|-activate|p2a: Kingambit|ability: Supreme Overlord
|-start|p2a: Kingambit|fallen2|[silent]
|
|-heal|p2a: Kingambit|100/100|[from] item: Leftovers
|-damage|p1a: Kommo-o|48/100|[from] Leech Seed|[of] p2a: Kingambit
|upkeep
|turn|16
|
|t:|1757955166
|move|p1a: Kommo-o|Body Press|p2a: Kingambit
|-supereffective|p2a: Kingambit
|-damage|p2a: Kingambit|0 fnt
|faint|p2a: Kingambit
|-end|p2a: Kingambit|fallen2|[silent]
|
|upkeep
|
|t:|1757955170
|switch|p2a: Sinistcha|Sinistcha|72/100
|-damage|p2a: Sinistcha|59/100|[from] Stealth Rock
|turn|17
|
|t:|1757955181
|switch|p1a: Primarina|Primarina, M|100/100
|move|p2a: Sinistcha|Matcha Gotcha|p1a: Primarina|[miss]
|-miss|p2a: Sinistcha|p1a: Primarina
|
|-heal|p2a: Sinistcha|65/100|[from] item: Leftovers
|upkeep
|turn|18
|
|t:|1757955192
|move|p1a: Primarina|Psychic Noise|p2a: Sinistcha
|-resisted|p2a: Sinistcha
|-damage|p2a: Sinistcha|42/100
|-start|p2a: Sinistcha|move: Heal Block
|cant|p2a: Sinistcha|move: Heal Block|Matcha Gotcha
|
|upkeep
|turn|19
|
|t:|1757955208
|switch|p2a: Servine|Servine, M|19/100
|-damage|p2a: Servine|7/100|[from] Stealth Rock
|move|p1a: Primarina|Psychic|p2a: Servine
|-damage|p2a: Servine|0 fnt
|faint|p2a: Servine
|
|upkeep
|
|t:|1757955212
|switch|p2a: Great Tusk|Great Tusk|16/100
|-damage|p2a: Great Tusk|13/100|[from] Stealth Rock
|turn|20
|
|t:|1757955222
|switch|p1a: Kommo-o|Kommo-o, F|48/100
|move|p2a: Great Tusk|Headlong Rush|p1a: Kommo-o
|-damage|p1a: Kommo-o|12/100
|-unboost|p2a: Great Tusk|def|1
|-unboost|p2a: Great Tusk|spd|1
|-damage|p2a: Great Tusk|0 fnt|[from] item: Rocky Helmet|[of] p1a: Kommo-o
|faint|p2a: Great Tusk
|-end|p2a: Great Tusk|Protosynthesis|[silent]
|
|upkeep
|
|t:|1757955224
|switch|p2a: Sinistcha|Sinistcha|42/100
|-damage|p2a: Sinistcha|30/100|[from] Stealth Rock
|turn|21
|
|t:|1757955239
|move|p1a: Kommo-o|Poison Jab|p2a: Sinistcha
|-damage|p2a: Sinistcha|17/100
|move|p2a: Sinistcha|Strength Sap|p1a: Kommo-o
|-unboost|p1a: Kommo-o|atk|1
|-heal|p2a: Sinistcha|91/100
|
|-heal|p2a: Sinistcha|97/100|[from] item: Leftovers
|upkeep
|turn|22
|
|t:|1757955255
|move|p1a: Kommo-o|Poison Jab|p2a: Sinistcha
|-damage|p2a: Sinistcha|88/100
|-status|p2a: Sinistcha|psn
|move|p2a: Sinistcha|Shadow Ball|p1a: Kommo-o
|-immune|p1a: Kommo-o|[from] ability: Bulletproof
|
|-heal|p2a: Sinistcha|94/100 psn|[from] item: Leftovers
|-damage|p2a: Sinistcha|82/100 psn|[from] psn
|upkeep
|turn|23
|
|t:|1757955267
|move|p1a: Kommo-o|Poison Jab|p2a: Sinistcha
|-damage|p2a: Sinistcha|72/100 psn
|move|p2a: Sinistcha|Calm Mind|p2a: Sinistcha
|-boost|p2a: Sinistcha|spa|1
|-boost|p2a: Sinistcha|spd|1
|
|-heal|p2a: Sinistcha|79/100 psn|[from] item: Leftovers
|-damage|p2a: Sinistcha|66/100 psn|[from] psn
|upkeep
|turn|24
|
|t:|1757955278
|switch|p1a: Hoopa|Hoopa-Unbound|19/100
|move|p2a: Sinistcha|Strength Sap|p1a: Hoopa
|-unboost|p1a: Hoopa|atk|1
|-heal|p2a: Sinistcha|100/100 psn
|
|-damage|p2a: Sinistcha|88/100 psn|[from] psn
|upkeep
|turn|25
|
|t:|1757955289
|move|p1a: Hoopa|Dark Pulse|p2a: Sinistcha
|-supereffective|p2a: Sinistcha
|-damage|p2a: Sinistcha|19/100 psn
|-item|p1a: Hoopa|Leftovers|[from] ability: Magician|[of] p2a: Sinistcha
|move|p2a: Sinistcha|Matcha Gotcha|p1a: Hoopa
|-damage|p1a: Hoopa|0 fnt
|-heal|p2a: Sinistcha|28/100 psn|[from] drain|[of] p1a: Hoopa
|faint|p1a: Hoopa
|
|-damage|p2a: Sinistcha|16/100 psn|[from] psn
|upkeep
|-message|brxinfreez forfeited.
|
|win|jrm69
|raw|jrm69's rating: 1333 &rarr; <strong>1353</strong><br />(+20 for winning)
|raw|brxinfreez's rating: 1336 &rarr; <strong>1316</strong><br />(-20 for losing)
|l|☆brxinfreez
|player|p2|
|j|☆brxinfreez
|player|p2|brxinfreez|ogreclan|
|l|☆brxinfreez
|player|p2|
|l|☆jrm69
|player|p1|
