|j|☆gdhaorskt
|j|☆jushu
|t:|1757954031
|gametype|singles
|player|p1|gdhaorskt|blackbelt|1688
|player|p2|jushu|dawn-gen4pt|1683
|gen|9
|tier|[Gen 9] OU
|rated|
|rule|HP Percentage Mod: HP is shown in percentages
|rule|Endless Battle Clause: Forcing endless battles is banned
|rule|Species Clause: Limit one of each Pokémon
|rule|OHKO Clause: OHKO moves are banned
|rule|Evasion Items Clause: Evasion items are banned
|rule|Evasion Moves Clause: Evasion moves are banned
|rule|Evasion Abilities Clause: Evasion abilities are banned
|rule|Sleep Moves Clause: Sleep-inducing moves are banned
|clearpoke
|poke|p1|Poliwrath, F|
|poke|p1|Barraskewda, F|
|poke|p1|Ceruledge, F|
|poke|p1|Ogerpon-Wellspring, F|
|poke|p1|Kingambit, F|
|poke|p1|Pelipper, F|
|poke|p2|Great Tusk|
|poke|p2|Kingambit, M|
|poke|p2|Raging Bolt|
|poke|p2|Walking Wake|
|poke|p2|Ninetales, F|
|poke|p2|Ceruledge, M|
|teampreview
|
|t:|1757954040
|teamsize|p1|6
|teamsize|p2|6
|start
|switch|p1a: Ceruledge|Ceruledge, F|100/100
|switch|p2a: Raging Bolt|Raging Bolt|100/100
|turn|1
|
|t:|1757954046
|move|p1a: Ceruledge|Poltergeist|p2a: Raging Bolt
|-activate|p2a: Raging Bolt|move: Poltergeist|Life Orb
|-damage|p2a: Raging Bolt|46/100
|move|p2a: Raging Bolt|Dragon Pulse|p1a: Ceruledge
|-damage|p1a: Ceruledge|29/100
|-damage|p2a: Raging Bolt|36/100|[from] item: Life Orb
|
|upkeep
|turn|2
|inactive|Battle timer is ON: inactive players will automatically lose when time's up. (requested by jushu)
|
|t:|1757954083
|switch|p1a: Kingambit|Kingambit, F|100/100
|-end|p2a: Raging Bolt|Protosynthesis|[silent]
|switch|p2a: Ninetales|Ninetales, F|100/100
|-weather|SunnyDay|[from] ability: Drought|[of] p2a: Ninetales
|
|-weather|SunnyDay|[upkeep]
|upkeep
|turn|3
|
|t:|1757954092
|-end|p1a: Kingambit|fallenundefined|[silent]
|switch|p1a: Pelipper|Pelipper, F|100/100
|-weather|RainDance|[from] ability: Drizzle|[of] p1a: Pelipper
|move|p2a: Ninetales|Overheat|p1a: Pelipper
|-resisted|p1a: Pelipper
|-damage|p1a: Pelipper|83/100
|-unboost|p2a: Ninetales|spa|2
|
|-weather|RainDance|[upkeep]
|upkeep
|turn|4
|
|t:|1757954100
|switch|p2a: Walking Wake|Walking Wake|100/100
|move|p1a: Pelipper|U-turn|p2a: Walking Wake
|-damage|p2a: Walking Wake|91/100
|inactive|gdhaorskt has 120 seconds left.
|
|t:|1757954143
|switch|p1a: Ogerpon|Ogerpon-Wellspring, F|100/100|[from] U-turn
|
|-weather|RainDance|[upkeep]
|upkeep
|turn|5
|
|t:|1757954166
|-end|p2a: Walking Wake|Protosynthesis|[silent]
|switch|p2a: Ninetales|Ninetales, F|100/100
|-weather|SunnyDay|[from] ability: Drought|[of] p2a: Ninetales
|move|p1a: Ogerpon|Power Whip|p2a: Ninetales|[miss]
|-miss|p1a: Ogerpon|p2a: Ninetales
|
|-weather|SunnyDay|[upkeep]
|upkeep
|turn|6
|
|t:|1757954177
|switch|p1a: Ceruledge|Ceruledge, F|29/100
|switch|p2a: Raging Bolt|Raging Bolt|36/100
|-activate|p2a: Raging Bolt|ability: Protosynthesis
|-start|p2a: Raging Bolt|protosynthesisspa
|
|-weather|SunnyDay|[upkeep]
|upkeep
|turn|7
|inactive|gdhaorskt has 90 seconds left.
|
|t:|1757954207
|-end|p2a: Raging Bolt|Protosynthesis|[silent]
|switch|p2a: Ninetales|Ninetales, F|100/100
|move|p1a: Ceruledge|Poltergeist|p2a: Ninetales
|-activate|p2a: Ninetales|move: Poltergeist|Heat Rock
|-damage|p2a: Ninetales|17/100
|
|-weather|SunnyDay|[upkeep]
|upkeep
|turn|8
|inactive|gdhaorskt has 90 seconds left.
|
|t:|1757954219
|switch|p1a: Pelipper|Pelipper, F|83/100
|-weather|RainDance|[from] ability: Drizzle|[of] p1a: Pelipper
|move|p2a: Ninetales|Healing Wish|p2a: Ninetales
|faint|p2a: Ninetales
|
|-weather|RainDance|[upkeep]
|upkeep
|
|t:|1757954222
|switch|p2a: Raging Bolt|Raging Bolt|36/100
|-heal|p2a: Raging Bolt|100/100|[from] move: Healing Wish
|turn|9
|inactive|gdhaorskt has 90 seconds left.
|
|t:|1757954251
|switch|p1a: Ceruledge|Ceruledge, F|29/100
|move|p2a: Raging Bolt|Dragon Pulse|p1a: Ceruledge
|-damage|p1a: Ceruledge|0 fnt
|faint|p1a: Ceruledge
|-damage|p2a: Raging Bolt|91/100|[from] item: Life Orb
|
|-weather|RainDance|[upkeep]
|upkeep
|
|t:|1757954267
|switch|p1a: Kingambit|Kingambit, F|100/100
|-activate|p1a: Kingambit|ability: Supreme Overlord
|-start|p1a: Kingambit|fallen1|[silent]
|turn|10
|
|t:|1757954290
|-end|p1a: Kingambit|fallen1|[silent]
|switch|p1a: Barraskewda|Barraskewda, F|100/100
|move|p2a: Raging Bolt|Weather Ball|p1a: Barraskewda
|-resisted|p1a: Barraskewda
|-damage|p1a: Barraskewda|10/100
|-damage|p2a: Raging Bolt|81/100|[from] item: Life Orb
|
|-weather|RainDance|[upkeep]
|upkeep
|turn|11
|
|t:|1757954298
|switch|p1a: Kingambit|Kingambit, F|100/100
|-activate|p1a: Kingambit|ability: Supreme Overlord
|-start|p1a: Kingambit|fallen1|[silent]
|move|p2a: Raging Bolt|Thunderclap||[still]
|-fail|p2a: Raging Bolt
|
|-weather|RainDance|[upkeep]
|upkeep
|turn|12
|
|t:|1757954312
|move|p2a: Raging Bolt|Thunderclap|p1a: Kingambit
|-damage|p1a: Kingambit|52/100
|-damage|p2a: Raging Bolt|71/100|[from] item: Life Orb
|move|p1a: Kingambit|Kowtow Cleave|p2a: Raging Bolt
|-damage|p2a: Raging Bolt|15/100
|
|-weather|RainDance|[upkeep]
|upkeep
|turn|13
|
|t:|1757954323
|-end|p2a: Raging Bolt|Protosynthesis|[silent]
|switch|p2a: Great Tusk|Great Tusk|100/100
|move|p1a: Kingambit|Kowtow Cleave|p2a: Great Tusk
|-resisted|p2a: Great Tusk
|-damage|p2a: Great Tusk|81/100
|
|-weather|RainDance|[upkeep]
|upkeep
|turn|14
|j| wgw2333
|
|t:|1757954332
|-end|p2a: Great Tusk|Protosynthesis|[silent]
|switch|p2a: Walking Wake|Walking Wake|91/100
|-end|p1a: Kingambit|fallen1|[silent]
|switch|p1a: Barraskewda|Barraskewda, F|10/100
|
|-weather|RainDance|[upkeep]
|upkeep
|turn|15
|
|t:|1757954339
|move|p1a: Barraskewda|Close Combat|p2a: Walking Wake
|-damage|p2a: Walking Wake|14/100
|-unboost|p1a: Barraskewda|def|1
|-unboost|p1a: Barraskewda|spd|1
|move|p2a: Walking Wake|Hydro Steam|p1a: Barraskewda
|-resisted|p1a: Barraskewda
|-damage|p1a: Barraskewda|0 fnt
|faint|p1a: Barraskewda
|
|-weather|none
|upkeep
|
|t:|1757954349
|switch|p1a: Ogerpon|Ogerpon-Wellspring, F|100/100
|turn|16
|
|t:|1757954356
|move|p1a: Ogerpon|Ivy Cudgel|p2a: Walking Wake|[anim] Ivy Cudgel Water
|-resisted|p2a: Walking Wake
|-damage|p2a: Walking Wake|0 fnt
|faint|p2a: Walking Wake
|-end|p2a: Walking Wake|Protosynthesis|[silent]
|
|upkeep
|
|t:|1757954376
|switch|p2a: Raging Bolt|Raging Bolt|15/100
|turn|17
|inactive|gdhaorskt has 90 seconds left.
|
|t:|1757954395
|move|p2a: Raging Bolt|Thunderclap|p1a: Ogerpon
|-damage|p1a: Ogerpon|39/100
|-damage|p2a: Raging Bolt|5/100|[from] item: Life Orb
|move|p1a: Ogerpon|Ivy Cudgel|p2a: Raging Bolt|[anim] Ivy Cudgel Water
|-resisted|p2a: Raging Bolt
|-crit|p2a: Raging Bolt
|-damage|p2a: Raging Bolt|0 fnt
|faint|p2a: Raging Bolt
|-end|p2a: Raging Bolt|Protosynthesis|[silent]
|
|upkeep
|
|t:|1757954415
|switch|p2a: Kingambit|Kingambit, M|100/100
|-activate|p2a: Kingambit|ability: Supreme Overlord
|-start|p2a: Kingambit|fallen3|[silent]
|-item|p2a: Kingambit|Air Balloon
|turn|18
|inactive|gdhaorskt has 90 seconds left.
|
|t:|1757954439
|move|p2a: Kingambit|Sucker Punch|p1a: Ogerpon
|-damage|p1a: Ogerpon|0 fnt
|faint|p1a: Ogerpon
|
|upkeep
|
|t:|1757954444
|switch|p1a: Pelipper|Pelipper, F|83/100
|-weather|RainDance|[from] ability: Drizzle|[of] p1a: Pelipper
|turn|19
|
|t:|1757954449
|move|p2a: Kingambit|Kowtow Cleave|p1a: Pelipper
|-damage|p1a: Pelipper|36/100
|move|p1a: Pelipper|Surf|p2a: Kingambit
|-damage|p2a: Kingambit|49/100
|-enditem|p2a: Kingambit|Air Balloon
|
|-weather|RainDance|[upkeep]
|upkeep
|turn|20
|inactive|gdhaorskt has 90 seconds left.
|
|t:|1757954463
|switch|p1a: Kingambit|Kingambit, F|52/100
|-activate|p1a: Kingambit|ability: Supreme Overlord
|-start|p1a: Kingambit|fallen3|[silent]
|move|p2a: Kingambit|Kowtow Cleave|p1a: Kingambit
|-resisted|p1a: Kingambit
|-damage|p1a: Kingambit|29/100
|
|-weather|RainDance|[upkeep]
|upkeep
|turn|21
|inactive|gdhaorskt has 90 seconds left.
|
|t:|1757954491
|move|p2a: Kingambit|Low Kick|p1a: Kingambit
|-supereffective|p1a: Kingambit
|-damage|p1a: Kingambit|0 fnt
|faint|p1a: Kingambit
|-end|p1a: Kingambit|fallen3|[silent]
|
|-weather|RainDance|[upkeep]
|upkeep
|
|t:|1757954494
|switch|p1a: Poliwrath|Poliwrath, F|100/100
|turn|22
|
|t:|1757954508
|move|p2a: Kingambit|Sucker Punch|p1a: Poliwrath
|-resisted|p1a: Poliwrath
|-damage|p1a: Poliwrath|70/100
|move|p1a: Poliwrath|Liquidation|p2a: Kingambit
|-damage|p2a: Kingambit|0 fnt
|faint|p2a: Kingambit
|-end|p2a: Kingambit|fallen3|[silent]
|
|-weather|RainDance|[upkeep]
|upkeep
|
|t:|1757954512
|switch|p2a: Ceruledge|Ceruledge, M|100/100
|turn|23
|
|t:|1757954520
|-terastallize|p2a: Ceruledge|Fairy
|move|p1a: Poliwrath|Liquidation|p2a: Ceruledge
|-damage|p2a: Ceruledge|26/100
|-ability|p2a: Ceruledge|Weak Armor|boost
|-unboost|p2a: Ceruledge|def|1
|-boost|p2a: Ceruledge|spe|2
|move|p2a: Ceruledge|Poltergeist|p1a: Poliwrath|[miss]
|-miss|p2a: Ceruledge|p1a: Poliwrath
|
|-weather|RainDance|[upkeep]
|upkeep
|turn|24
|inactive|gdhaorskt has 90 seconds left.
|-message|jushu forfeited.
|
|win|gdhaorskt
|raw|gdhaorskt's rating: 1688 &rarr; <strong>1708</strong><br />(+20 for winning)
|raw|jushu's rating: 1683 &rarr; <strong>1663</strong><br />(-20 for losing)
|l|☆jushu
|player|p2|
|l|☆gdhaorskt
|player|p1|
