|j|☆lxymxn
|j|☆GODKUD
|t:|1757869617
|gametype|singles
|player|p1|lxymxn|102|1457
|player|p2|GODKUD|ghetsis|1504
|gen|9
|tier|[Gen 9] OU
|rated|
|rule|HP Percentage Mod: HP is shown in percentages
|rule|Endless Battle Clause: Forcing endless battles is banned
|rule|Species Clause: Limit one of each Pokémon
|rule|OHKO Clause: OHKO moves are banned
|rule|Evasion Items Clause: Evasion items are banned
|rule|Evasion Moves Clause: Evasion moves are banned
|rule|Evasion Abilities Clause: Evasion abilities are banned
|rule|Sleep Moves Clause: Sleep-inducing moves are banned
|clearpoke
|poke|p1|Torkoal, F|
|poke|p1|Walking Wake|
|poke|p1|Great Tusk|
|poke|p1|Ninetales, F|
|poke|p1|Sandy Shocks|
|poke|p1|Ditto|
|poke|p2|Araquanid, M|
|poke|p2|Great Tusk|
|poke|p2|Slowking-Galar, F|
|poke|p2|Ceruledge, F|
|poke|p2|Corviknight, F|
|poke|p2|Hydreigon, M|
|teampreview
|inactive|Battle timer is ON: inactive players will automatically lose when time's up. (requested by GODKUD)
|
|t:|1757869620
|teamsize|p1|6
|teamsize|p2|6
|start
|switch|p1a: Torkoal|Torkoal, F|100/100
|switch|p2a: Araquanid|Araquanid, M|100/100
|-weather|SunnyDay|[from] ability: Drought|[of] p1a: Torkoal
|turn|1
|
|t:|1757869624
|move|p2a: Araquanid|Sticky Web|p1a: Torkoal
|-sidestart|p1: lxymxn|move: Sticky Web
|move|p1a: Torkoal|Stealth Rock|p2a: Araquanid
|-sidestart|p2: GODKUD|move: Stealth Rock
|
|-weather|SunnyDay|[upkeep]
|upkeep
|turn|2
|
|t:|1757869630
|switch|p2a: Great Tusk|Great Tusk|100/100
|-activate|p2a: Great Tusk|ability: Protosynthesis
|-start|p2a: Great Tusk|protosynthesisatk
|move|p1a: Torkoal|Rapid Spin|p2a: Great Tusk
|-damage|p2a: Great Tusk|93/100
|-boost|p1a: Torkoal|spe|1
|-sideend|p1: lxymxn|Sticky Web|[from] move: Rapid Spin|[of] p1a: Torkoal
|
|-weather|SunnyDay|[upkeep]
|upkeep
|turn|3
|
|t:|1757869651
|move|p2a: Great Tusk|Stealth Rock|p1a: Torkoal
|-sidestart|p1: lxymxn|move: Stealth Rock
|move|p1a: Torkoal|Lava Plume|p2a: Great Tusk
|-damage|p2a: Great Tusk|39/100
|
|-weather|SunnyDay|[upkeep]
|upkeep
|turn|4
|
|t:|1757869672
|move|p2a: Great Tusk|Rapid Spin|p1a: Torkoal
|-damage|p1a: Torkoal|87/100
|-boost|p2a: Great Tusk|spe|1
|-sideend|p2: GODKUD|Stealth Rock|[from] move: Rapid Spin|[of] p2a: Great Tusk
|move|p1a: Torkoal|Rapid Spin|p2a: Great Tusk
|-damage|p2a: Great Tusk|32/100
|-boost|p1a: Torkoal|spe|1
|-sideend|p1: lxymxn|Stealth Rock|[from] move: Rapid Spin|[of] p1a: Torkoal
|
|-weather|SunnyDay|[upkeep]
|upkeep
|turn|5
|
|t:|1757869690
|move|p2a: Great Tusk|Headlong Rush|p1a: Torkoal
|-supereffective|p1a: Torkoal
|-damage|p1a: Torkoal|2/100
|-unboost|p2a: Great Tusk|def|1
|-unboost|p2a: Great Tusk|spd|1
|move|p1a: Torkoal|Lava Plume|p2a: Great Tusk
|-damage|p2a: Great Tusk|0 fnt
|faint|p2a: Great Tusk
|-end|p2a: Great Tusk|Protosynthesis|[silent]
|
|-weather|SunnyDay|[upkeep]
|upkeep
|
|t:|1757869696
|switch|p2a: Ceruledge|Ceruledge, F|100/100
|turn|6
|
|t:|1757869715
|switch|p1a: Great Tusk|Great Tusk|100/100
|-activate|p1a: Great Tusk|ability: Protosynthesis
|-start|p1a: Great Tusk|protosynthesisatk
|move|p2a: Ceruledge|Shadow Sneak|p1a: Great Tusk
|-damage|p1a: Great Tusk|86/100
|
|-weather|SunnyDay|[upkeep]
|-heal|p1a: Great Tusk|93/100|[from] item: Leftovers
|upkeep
|turn|7
|
|t:|1757869738
|move|p2a: Ceruledge|Swords Dance|p2a: Ceruledge
|-boost|p2a: Ceruledge|atk|2
|move|p1a: Great Tusk|Headlong Rush|p2a: Ceruledge
|-supereffective|p2a: Ceruledge
|-enditem|p2a: Ceruledge|Focus Sash
|-damage|p2a: Ceruledge|1/100
|-unboost|p1a: Great Tusk|def|1
|-unboost|p1a: Great Tusk|spd|1
|-ability|p2a: Ceruledge|Weak Armor|boost
|-unboost|p2a: Ceruledge|def|1
|-boost|p2a: Ceruledge|spe|2
|
|-weather|SunnyDay|[upkeep]
|-heal|p1a: Great Tusk|99/100|[from] item: Leftovers
|upkeep
|turn|8
|
|t:|1757869749
|move|p2a: Ceruledge|Bitter Blade|p1a: Great Tusk
|-damage|p1a: Great Tusk|0 fnt
|-heal|p2a: Ceruledge|64/100|[from] drain|[of] p1a: Great Tusk
|faint|p1a: Great Tusk
|-end|p1a: Great Tusk|Protosynthesis|[silent]
|
|-weather|none
|upkeep
|
|t:|1757869754
|switch|p1a: Ditto|Ditto|100/100
|-transform|p1a: Ditto|p2a: Ceruledge|[from] ability: Imposter
|turn|9
|l|☆GODKUD
|inactive|GODKUD disconnected and has a minute to reconnect!
|player|p2|
|j|☆GODKUD
|inactive|GODKUD reconnected and has 125 seconds left.
|player|p2|GODKUD|ghetsis|
|inactive|GODKUD has 120 seconds left.
|
|t:|1757869785
|move|p1a: Ditto|Shadow Sneak|p2a: Ceruledge
|-supereffective|p2a: Ceruledge
|-damage|p2a: Ceruledge|0 fnt
|faint|p2a: Ceruledge
|
|upkeep
|
|t:|1757869789
|switch|p2a: Hydreigon|Hydreigon, M|100/100
|turn|10
|
|t:|1757869795
|switch|p1a: Torkoal|Torkoal, F|2/100
|-weather|SunnyDay|[from] ability: Drought|[of] p1a: Torkoal
|move|p2a: Hydreigon|Substitute|p2a: Hydreigon
|-start|p2a: Hydreigon|Substitute
|-damage|p2a: Hydreigon|76/100
|
|-weather|SunnyDay|[upkeep]
|-heal|p2a: Hydreigon|82/100|[from] item: Leftovers
|upkeep
|turn|11
|
|t:|1757869804
|move|p2a: Hydreigon|Nasty Plot|p2a: Hydreigon
|-boost|p2a: Hydreigon|spa|2
|move|p1a: Torkoal|Stealth Rock|p2a: Hydreigon
|-sidestart|p2: GODKUD|move: Stealth Rock
|
|-weather|SunnyDay|[upkeep]
|-heal|p2a: Hydreigon|88/100|[from] item: Leftovers
|upkeep
|turn|12
|
|t:|1757869814
|move|p2a: Hydreigon|Dark Pulse|p1a: Torkoal
|-damage|p1a: Torkoal|0 fnt
|faint|p1a: Torkoal
|
|-weather|SunnyDay|[upkeep]
|-heal|p2a: Hydreigon|94/100|[from] item: Leftovers
|upkeep
|
|t:|1757869833
|switch|p1a: Walking Wake|Walking Wake|100/100
|-activate|p1a: Walking Wake|ability: Protosynthesis
|-start|p1a: Walking Wake|protosynthesisspe
|turn|13
|
|t:|1757869839
|move|p1a: Walking Wake|Dragon Pulse|p2a: Hydreigon
|-supereffective|p2a: Hydreigon
|-end|p2a: Hydreigon|Substitute
|move|p2a: Hydreigon|Dark Pulse|p1a: Walking Wake
|-damage|p1a: Walking Wake|5/100
|
|-weather|SunnyDay|[upkeep]
|-heal|p2a: Hydreigon|99/100|[from] item: Leftovers
|upkeep
|turn|14
|
|t:|1757869846
|switch|p2a: Slowking|Slowking-Galar, F|100/100
|move|p1a: Walking Wake|Dragon Pulse|p2a: Slowking
|-damage|p2a: Slowking|63/100
|
|-weather|SunnyDay|[upkeep]
|upkeep
|turn|15
|
|t:|1757869867
|-end|p1a: Walking Wake|Protosynthesis|[silent]
|switch|p1a: Sandy Shocks|Sandy Shocks|100/100
|-activate|p1a: Sandy Shocks|ability: Protosynthesis
|-start|p1a: Sandy Shocks|protosynthesisspe
|move|p2a: Slowking|Sludge Bomb|p1a: Sandy Shocks
|-resisted|p1a: Sandy Shocks
|-damage|p1a: Sandy Shocks|82/100
|
|-weather|SunnyDay|[upkeep]
|upkeep
|turn|16
|
|t:|1757869876
|switch|p2a: Hydreigon|Hydreigon, M|99/100
|-damage|p2a: Hydreigon|88/100|[from] Stealth Rock
|move|p1a: Sandy Shocks|Thunderbolt|p2a: Hydreigon
|-resisted|p2a: Hydreigon
|-damage|p2a: Hydreigon|51/100
|
|-weather|SunnyDay|[upkeep]
|-heal|p2a: Hydreigon|57/100|[from] item: Leftovers
|upkeep
|turn|17
|
|t:|1757869901
|move|p1a: Sandy Shocks|Thunderbolt|p2a: Hydreigon
|-resisted|p2a: Hydreigon
|-damage|p2a: Hydreigon|23/100
|move|p2a: Hydreigon|Flamethrower|p1a: Sandy Shocks
|-damage|p1a: Sandy Shocks|25/100
|
|-weather|none
|-end|p1a: Sandy Shocks|Protosynthesis
|-heal|p2a: Hydreigon|29/100|[from] item: Leftovers
|upkeep
|turn|18
|
|t:|1757869910
|move|p1a: Sandy Shocks|Thunderbolt|p2a: Hydreigon
|-resisted|p2a: Hydreigon
|-damage|p2a: Hydreigon|0 fnt
|faint|p2a: Hydreigon
|
|upkeep
|
|t:|1757869913
|switch|p2a: Araquanid|Araquanid, M|100/100
|-damage|p2a: Araquanid|75/100|[from] Stealth Rock
|turn|19
|
|t:|1757869918
|-end|p1a: Sandy Shocks|Protosynthesis|[silent]
|switch|p1a: Ninetales|Ninetales, F|100/100
|-weather|SunnyDay|[from] ability: Drought|[of] p1a: Ninetales
|move|p2a: Araquanid|Sticky Web|p1a: Ninetales
|-sidestart|p1: lxymxn|move: Sticky Web
|
|-weather|SunnyDay|[upkeep]
|upkeep
|turn|20
|
|t:|1757869927
|move|p1a: Ninetales|Will-O-Wisp|p2a: Araquanid
|-immune|p2a: Araquanid|[from] ability: Water Bubble
|move|p2a: Araquanid|Surf|p1a: Ninetales
|-supereffective|p1a: Ninetales
|-damage|p1a: Ninetales|45/100
|
|-weather|SunnyDay|[upkeep]
|upkeep
|turn|21
|
|t:|1757869931
|move|p1a: Ninetales|Solar Beam||[still]
|-prepare|p1a: Ninetales|Solar Beam
|-anim|p1a: Ninetales|Solar Beam|p2a: Araquanid
|-damage|p2a: Araquanid|56/100
|move|p2a: Araquanid|Surf|p1a: Ninetales
|-supereffective|p1a: Ninetales
|-damage|p1a: Ninetales|0 fnt
|faint|p1a: Ninetales
|
|-weather|SunnyDay|[upkeep]
|upkeep
|
|t:|1757869945
|switch|p1a: Sandy Shocks|Sandy Shocks|25/100
|-activate|p1a: Sandy Shocks|move: Sticky Web
|-unboost|p1a: Sandy Shocks|spe|1
|-activate|p1a: Sandy Shocks|ability: Protosynthesis
|-start|p1a: Sandy Shocks|protosynthesisspa
|turn|22
|
|t:|1757869957
|move|p2a: Araquanid|Endure|p2a: Araquanid
|-singleturn|p2a: Araquanid|move: Endure
|move|p1a: Sandy Shocks|Thunderbolt|p2a: Araquanid
|-supereffective|p2a: Araquanid
|-activate|p2a: Araquanid|move: Endure
|-damage|p2a: Araquanid|1/100
|
|-weather|SunnyDay|[upkeep]
|upkeep
|turn|23
|-enditem|p2a: Araquanid|Custap Berry|[eat]
|-activate|p2a: Araquanid|item: Custap Berry|[consumed]
|
|t:|1757869969
|-end|p1a: Sandy Shocks|Protosynthesis|[silent]
|switch|p1a: Ditto|Ditto|100/100
|-activate|p1a: Ditto|move: Sticky Web
|-unboost|p1a: Ditto|spe|1
|-transform|p1a: Ditto|p2a: Araquanid|[from] ability: Imposter
|move|p2a: Araquanid|Surf|p1a: Ditto
|-resisted|p1a: Ditto
|-damage|p1a: Ditto|88/100
|
|-weather|none
|upkeep
|turn|24
|inactive|lxymxn has 120 seconds left.
|
|t:|1757870006
|move|p1a: Ditto|Surf|p2a: Araquanid
|-resisted|p2a: Araquanid
|-damage|p2a: Araquanid|0 fnt
|faint|p2a: Araquanid
|
|upkeep
|
|t:|1757870022
|switch|p2a: Slowking|Slowking-Galar, F|96/100
|turn|25
|
|t:|1757870029
|move|p1a: Ditto|Surf|p2a: Slowking
|-damage|p2a: Slowking|64/100
|move|p2a: Slowking|Future Sight|p1a: Ditto
|-start|p2a: Slowking|move: Future Sight
|
|upkeep
|turn|26
|
|t:|1757870034
|move|p1a: Ditto|Surf|p2a: Slowking
|-crit|p2a: Slowking
|-damage|p2a: Slowking|13/100
|move|p2a: Slowking|Thunder Wave|p1a: Ditto
|-status|p1a: Ditto|par
|
|upkeep
|turn|27
|
|t:|1757870040
|switch|p2a: Corviknight|Corviknight, F|100/100
|-damage|p2a: Corviknight|88/100|[from] Stealth Rock
|-ability|p2a: Corviknight|Pressure
|cant|p1a: Ditto|par
|
|-end|p1a: Ditto|move: Future Sight
|-damage|p1a: Ditto|45/100 par
|upkeep
|turn|28
|inactive|lxymxn has 120 seconds left.
|
|t:|1757870093
|switch|p1a: Walking Wake|Walking Wake|5/100
|-activate|p1a: Walking Wake|move: Sticky Web
|-unboost|p1a: Walking Wake|spe|1
|move|p2a: Corviknight|Brave Bird|p1a: Walking Wake
|-damage|p1a: Walking Wake|0 fnt
|faint|p1a: Walking Wake
|-end|p1a: Walking Wake|Protosynthesis|[silent]
|-damage|p2a: Corviknight|87/100|[from] Recoil
|
|upkeep
|
|t:|1757870099
|switch|p1a: Ditto|Ditto|45/100 par
|-activate|p1a: Ditto|move: Sticky Web
|-unboost|p1a: Ditto|spe|1
|-transform|p1a: Ditto|p2a: Corviknight|[from] ability: Imposter
|-ability|p1a: Ditto|Pressure
|turn|29
|inactive|GODKUD has 120 seconds left.
|
|t:|1757870138
|move|p2a: Corviknight|Body Press|p1a: Ditto
|-damage|p1a: Ditto|25/100 par
|move|p1a: Ditto|Body Press|p2a: Corviknight
|-damage|p2a: Corviknight|71/100
|-damage|p1a: Ditto|8/100 par|[from] item: Rocky Helmet|[of] p2a: Corviknight
|
|upkeep
|turn|30
|inactive|GODKUD has 120 seconds left.
|
|t:|1757870146
|switch|p2a: Slowking|Slowking-Galar, F|46/100
|-terastallize|p1a: Ditto|Ghost
|move|p1a: Ditto|Body Press|p2a: Slowking
|-resisted|p2a: Slowking
|-damage|p2a: Slowking|39/100
|
|upkeep
|turn|31
|
|t:|1757870156
|move|p1a: Ditto|Body Press|p2a: Slowking
|-resisted|p2a: Slowking
|-damage|p2a: Slowking|32/100
|move|p2a: Slowking|Future Sight|p1a: Ditto
|-start|p2a: Slowking|move: Future Sight
|
|upkeep
|turn|32
|
|t:|1757870169
|move|p1a: Ditto|Body Press|p2a: Slowking
|-resisted|p2a: Slowking
|-damage|p2a: Slowking|25/100
|move|p2a: Slowking|Sludge Bomb|p1a: Ditto
|-resisted|p1a: Ditto
|-damage|p1a: Ditto|0 fnt
|faint|p1a: Ditto
|
|upkeep
|
|t:|1757870172
|switch|p1a: Sandy Shocks|Sandy Shocks|25/100
|-activate|p1a: Sandy Shocks|move: Sticky Web
|-unboost|p1a: Sandy Shocks|spe|1
|turn|33
|-message|lxymxn forfeited.
|
|win|GODKUD
|raw|lxymxn's rating: 1436 &rarr; <strong>1420</strong><br />(-16 for losing)
|raw|GODKUD's rating: 1504 &rarr; <strong>1520</strong><br />(+16 for winning)
|l|☆lxymxn
|player|p1|
|l|☆GODKUD
|player|p2|
