|j|‽shgfx10
|j|☆HuevozRancheroz
|t:|1757830126
|gametype|singles
|player|p1|shgfx10|bugcatcher-gen4dp|1242
|player|p2|HuevozRancheroz|rosa|1294
|gen|9
|tier|[Gen 9] OU
|rated|
|rule|HP Percentage Mod: HP is shown in percentages
|rule|Endless Battle Clause: Forcing endless battles is banned
|rule|Species Clause: Limit one of each Pokémon
|rule|OHKO Clause: OHKO moves are banned
|rule|Evasion Items Clause: Evasion items are banned
|rule|Evasion Moves Clause: Evasion moves are banned
|rule|Evasion Abilities Clause: Evasion abilities are banned
|rule|Sleep Moves Clause: Sleep-inducing moves are banned
|clearpoke
|poke|p1|Ogerpon-Wellspring, F|
|poke|p1|Slowking-Galar, M|
|poke|p1|Dragapult, F|
|poke|p1|Great Tusk|
|poke|p1|Kingambit, F|
|poke|p1|Enamorus, F|
|poke|p2|Pincurchin, F|
|poke|p2|Iron Moth|
|poke|p2|Iron Leaves|
|poke|p2|Weezing-Galar, M|
|poke|p2|Alomomola, M|
|poke|p2|Primarina, M|
|teampreview
|inactive|Battle timer is ON: inactive players will automatically lose when time's up. (requested by HuevozRancheroz)
|
|t:|1757830134
|teamsize|p1|6
|teamsize|p2|6
|start
|switch|p1a: Slowking|Slowking-Galar, M|100/100
|switch|p2a: Primarina|Primarina, M|100/100
|turn|1
|
|t:|1757830153
|switch|p2a: Weezing|Weezing-Galar, M|100/100
|move|p1a: Slowking|Thunder Wave|p2a: Weezing|[miss]
|-miss|p1a: Slowking|p2a: Weezing
|
|upkeep
|turn|2
|
|t:|1757830163
|move|p2a: Weezing|Strange Steam|p1a: Slowking
|-resisted|p1a: Slowking
|-damage|p1a: Slowking|90/100
|move|p1a: Slowking|Thunder Wave|p2a: Weezing
|-status|p2a: Weezing|par
|
|-heal|p1a: Slowking|96/100|[from] item: Leftovers
|upkeep
|turn|3
|
|t:|1757830174
|switch|p2a: Pincurchin|Pincurchin, F|100/100
|-fieldstart|move: Electric Terrain|[from] ability: Electric Surge|[of] p2a: Pincurchin
|move|p1a: Slowking|Future Sight|p2a: Pincurchin
|-start|p1a: Slowking|move: Future Sight
|
|-heal|p1a: Slowking|100/100|[from] item: Leftovers
|upkeep
|turn|4
|
|t:|1757830183
|-prepare|p1a: Slowking|Chilly Reception|[premajor]
|move|p1a: Slowking|Chilly Reception|p1a: Slowking
|-weather|Snowscape
|
|t:|1757830185
|switch|p1a: Great Tusk|Great Tusk|100/100|[from] Chilly Reception
|move|p2a: Pincurchin|Thunder Wave|p1a: Great Tusk
|-immune|p1a: Great Tusk
|
|-weather|Snowscape|[upkeep]
|upkeep
|turn|5
|
|t:|1757830196
|switch|p2a: Primarina|Primarina, M|100/100
|move|p1a: Great Tusk|Stealth Rock|p2a: Primarina
|-sidestart|p2: HuevozRancheroz|move: Stealth Rock
|
|-weather|Snowscape|[upkeep]
|-end|p2a: Primarina|move: Future Sight
|-damage|p2a: Primarina|72/100
|upkeep
|turn|6
|
|t:|1757830206
|move|p1a: Great Tusk|Headlong Rush|p2a: Primarina
|-damage|p2a: Primarina|0 fnt
|-unboost|p1a: Great Tusk|def|1
|-unboost|p1a: Great Tusk|spd|1
|faint|p2a: Primarina
|
|-weather|Snowscape|[upkeep]
|upkeep
|
|t:|1757830213
|switch|p2a: Iron Moth|Iron Moth|100/100
|-damage|p2a: Iron Moth|75/100|[from] Stealth Rock
|-item|p2a: Iron Moth|Air Balloon
|-activate|p2a: Iron Moth|ability: Quark Drive
|-start|p2a: Iron Moth|quarkdrivespe
|turn|7
|
|t:|1757830223
|-end|p1a: Great Tusk|Protosynthesis|[silent]
|switch|p1a: Slowking|Slowking-Galar, M|100/100
|move|p2a: Iron Moth|Psychic|p1a: Slowking
|-damage|p1a: Slowking|75/100
|-unboost|p1a: Slowking|spd|1
|
|-weather|Snowscape|[upkeep]
|-heal|p1a: Slowking|81/100|[from] item: Leftovers
|upkeep
|turn|8
|
|t:|1757830251
|-end|p2a: Iron Moth|Quark Drive|[silent]
|switch|p2a: Pincurchin|Pincurchin, F|100/100
|-damage|p2a: Pincurchin|88/100|[from] Stealth Rock
|-terastallize|p1a: Slowking|Water
|move|p1a: Slowking|Thunder Wave|p2a: Pincurchin
|-immune|p2a: Pincurchin
|
|-weather|none
|-heal|p1a: Slowking|88/100|[from] item: Leftovers
|upkeep
|turn|9
|
|t:|1757830258
|-prepare|p1a: Slowking|Chilly Reception|[premajor]
|move|p1a: Slowking|Chilly Reception|p1a: Slowking
|-weather|Snowscape
|
|t:|1757830261
|switch|p1a: Great Tusk|Great Tusk|100/100|[from] Chilly Reception
|move|p2a: Pincurchin|Thunder Wave|p1a: Great Tusk
|-immune|p1a: Great Tusk
|
|-weather|Snowscape|[upkeep]
|upkeep
|turn|10
|
|t:|1757830266
|move|p1a: Great Tusk|Headlong Rush|p2a: Pincurchin
|-supereffective|p2a: Pincurchin
|-damage|p2a: Pincurchin|0 fnt
|-unboost|p1a: Great Tusk|def|1
|-unboost|p1a: Great Tusk|spd|1
|faint|p2a: Pincurchin
|
|-weather|Snowscape|[upkeep]
|-fieldend|move: Electric Terrain
|upkeep
|
|t:|1757830270
|switch|p2a: Iron Leaves|Iron Leaves|100/100
|-damage|p2a: Iron Leaves|88/100|[from] Stealth Rock
|turn|11
|
|t:|1757830272
|move|p2a: Iron Leaves|Swords Dance|p2a: Iron Leaves
|-boost|p2a: Iron Leaves|atk|2
|move|p1a: Great Tusk|Ice Spinner|p2a: Iron Leaves
|-supereffective|p2a: Iron Leaves
|-damage|p2a: Iron Leaves|25/100
|
|-weather|Snowscape|[upkeep]
|upkeep
|turn|12
|
|t:|1757830281
|-terastallize|p2a: Iron Leaves|Psychic
|move|p2a: Iron Leaves|Psyblade|p1a: Great Tusk
|-supereffective|p1a: Great Tusk
|-damage|p1a: Great Tusk|0 fnt
|-damage|p2a: Iron Leaves|8/100|[from] item: Rocky Helmet|[of] p1a: Great Tusk
|faint|p1a: Great Tusk
|-end|p1a: Great Tusk|Protosynthesis|[silent]
|-heal|p2a: Iron Leaves|22/100|[from] item: Shell Bell|[of] p1: Great Tusk
|
|-weather|Snowscape|[upkeep]
|upkeep
|
|t:|1757830286
|switch|p1a: Enamorus|Enamorus, F|100/100
|turn|13
|
|t:|1757830293
|move|p1a: Enamorus|Earth Power|p2a: Iron Leaves
|-damage|p2a: Iron Leaves|0 fnt
|faint|p2a: Iron Leaves
|-end|p2a: Iron Leaves|Quark Drive|[silent]
|
|-weather|none
|upkeep
|-message|HuevozRancheroz forfeited.
|
|win|shgfx10
|raw|shgfx10's rating: 1242 &rarr; <strong>1271</strong><br />(+29 for winning)
|raw|HuevozRancheroz's rating: 1294 &rarr; <strong>1265</strong><br />(-29 for losing)
|l|☆HuevozRancheroz
|player|p2|
