|j|☆Mixster23
|j|☆Papagayo32
|t:|1757787229
|gametype|singles
|player|p1|Mixster23|102|1446
|player|p2|Papagayo32|youngster-gen4dp|1419
|gen|9
|tier|[Gen 9] OU
|rated|
|rule|HP Percentage Mod: HP is shown in percentages
|rule|Endless Battle Clause: Forcing endless battles is banned
|rule|Species Clause: Limit one of each Pokémon
|rule|OHKO Clause: OHKO moves are banned
|rule|Evasion Items Clause: Evasion items are banned
|rule|Evasion Moves Clause: Evasion moves are banned
|rule|Evasion Abilities Clause: Evasion abilities are banned
|rule|Sleep Moves Clause: Sleep-inducing moves are banned
|clearpoke
|poke|p1|Hippowdon, F|
|poke|p1|Garganacl, M|
|poke|p1|Ogerpon-Wellspring, F|
|poke|p1|Dragapult, M|
|poke|p1|Corviknight, F|
|poke|p1|Gastrodon-East, M|
|poke|p2|Dragapult, F|
|poke|p2|Slowbro, M|
|poke|p2|Empoleon, F|
|poke|p2|Gliscor, F|
|poke|p2|Darkrai|
|poke|p2|Weezing-Galar, F|
|teampreview
|
|t:|1757787239
|teamsize|p1|6
|teamsize|p2|6
|start
|switch|p1a: Hippowdon|Hippowdon, F|100/100
|switch|p2a: Dragapult|Dragapult, F, shiny|100/100
|-weather|Sandstorm|[from] ability: Sand Stream|[of] p1a: Hippowdon
|turn|1
|
|t:|1757787242
|switch|p1a: Garganacl|Garganacl, M, shiny|100/100
|move|p2a: Dragapult|Will-O-Wisp|p1a: Garganacl|[miss]
|-miss|p2a: Dragapult|p1a: Garganacl
|
|-weather|Sandstorm|[upkeep]
|-damage|p2a: Dragapult|94/100|[from] Sandstorm
|-heal|p2a: Dragapult|100/100|[from] item: Leftovers
|upkeep
|turn|2
|
|t:|1757787248
|switch|p2a: Slowbro|Slowbro, M|100/100
|move|p1a: Garganacl|Salt Cure|p2a: Slowbro
|-damage|p2a: Slowbro|92/100
|-start|p2a: Slowbro|Salt Cure
|
|-weather|Sandstorm|[upkeep]
|-damage|p2a: Slowbro|86/100|[from] Sandstorm
|-heal|p2a: Slowbro|92/100|[from] item: Leftovers
|-damage|p2a: Slowbro|67/100|[from] Salt Cure
|upkeep
|turn|3
|
|t:|1757787258
|switch|p1a: Ogerpon|Ogerpon-Wellspring, F|100/100
|switch|p2a: Gliscor|Gliscor, F|100/100
|
|-weather|Sandstorm|[upkeep]
|-damage|p1a: Ogerpon|95/100|[from] Sandstorm
|-status|p2a: Gliscor|tox|[from] item: Toxic Orb
|upkeep
|turn|4
|
|t:|1757787264
|-terastallize|p2a: Gliscor|Ghost
|move|p1a: Ogerpon|Ivy Cudgel|p2a: Gliscor|[anim] Ivy Cudgel Water
|-damage|p2a: Gliscor|66/100 tox
|move|p2a: Gliscor|Toxic|p1a: Ogerpon
|-status|p1a: Ogerpon|tox
|
|-weather|Sandstorm|[upkeep]
|-damage|p1a: Ogerpon|89/100 tox|[from] Sandstorm
|-damage|p2a: Gliscor|60/100 tox|[from] Sandstorm
|-damage|p1a: Ogerpon|83/100 tox|[from] psn
|-heal|p2a: Gliscor|73/100 tox|[from] ability: Poison Heal
|upkeep
|turn|5
|
|t:|1757787274
|move|p1a: Ogerpon|Knock Off|p2a: Gliscor
|-supereffective|p2a: Gliscor
|-damage|p2a: Gliscor|22/100 tox
|-enditem|p2a: Gliscor|Toxic Orb|[from] move: Knock Off|[of] p1a: Ogerpon
|move|p2a: Gliscor|Stealth Rock|p1a: Ogerpon
|-sidestart|p1: Mixster23|move: Stealth Rock
|
|-weather|none
|-damage|p1a: Ogerpon|71/100 tox|[from] psn
|-heal|p2a: Gliscor|35/100 tox|[from] ability: Poison Heal
|upkeep
|turn|6
|
|t:|1757787285
|switch|p1a: Corviknight|Corviknight, F, shiny|100/100
|-damage|p1a: Corviknight|88/100|[from] Stealth Rock
|-ability|p1a: Corviknight|Pressure
|switch|p2a: Dragapult|Dragapult, F, shiny|100/100
|
|upkeep
|turn|7
|
|t:|1757787290
|switch|p1a: Garganacl|Garganacl, M, shiny|100/100
|-damage|p1a: Garganacl|88/100|[from] Stealth Rock
|move|p2a: Dragapult|Will-O-Wisp|p1a: Garganacl
|-immune|p1a: Garganacl|[from] ability: Purifying Salt
|
|-heal|p1a: Garganacl|94/100|[from] item: Leftovers
|upkeep
|turn|8
|
|t:|1757787305
|move|p2a: Dragapult|Substitute|p2a: Dragapult
|-start|p2a: Dragapult|Substitute
|-damage|p2a: Dragapult|76/100
|move|p1a: Garganacl|Salt Cure|p2a: Dragapult
|-activate|p2a: Dragapult|move: Substitute|[damage]
|
|-heal|p2a: Dragapult|82/100|[from] item: Leftovers
|-heal|p1a: Garganacl|100/100|[from] item: Leftovers
|upkeep
|turn|9
|
|t:|1757787312
|move|p2a: Dragapult|Shadow Ball|p1a: Garganacl
|-damage|p1a: Garganacl|91/100
|move|p1a: Garganacl|Avalanche|p2a: Dragapult
|-supereffective|p2a: Dragapult
|-end|p2a: Dragapult|Substitute
|
|-heal|p2a: Dragapult|88/100|[from] item: Leftovers
|-heal|p1a: Garganacl|97/100|[from] item: Leftovers
|upkeep
|turn|10
|
|t:|1757787326
|switch|p2a: Slowbro|Slowbro, M|99/100
|move|p1a: Garganacl|Salt Cure|p2a: Slowbro
|-damage|p2a: Slowbro|92/100
|-start|p2a: Slowbro|Salt Cure
|
|-heal|p1a: Garganacl|100/100|[from] item: Leftovers
|-heal|p2a: Slowbro|98/100|[from] item: Leftovers
|-damage|p2a: Slowbro|73/100|[from] Salt Cure
|upkeep
|turn|11
|
|t:|1757787336
|switch|p2a: Gliscor|Gliscor, F, tera:Ghost|35/100 tox
|move|p1a: Garganacl|Avalanche|p2a: Gliscor
|-damage|p2a: Gliscor|26/100 tox
|
|-heal|p2a: Gliscor|39/100 tox|[from] ability: Poison Heal
|upkeep
|turn|12
|
|t:|1757787344
|move|p2a: Gliscor|Knock Off|p1a: Garganacl
|-damage|p1a: Garganacl|86/100
|-enditem|p1a: Garganacl|Leftovers|[from] move: Knock Off|[of] p2a: Gliscor
|move|p1a: Garganacl|Salt Cure|p2a: Gliscor
|-damage|p2a: Gliscor|30/100 tox
|-start|p2a: Gliscor|Salt Cure
|
|-heal|p2a: Gliscor|42/100 tox|[from] ability: Poison Heal
|-damage|p2a: Gliscor|30/100 tox|[from] Salt Cure
|upkeep
|turn|13
|
|t:|1757787352
|switch|p2a: Empoleon|Empoleon, F, shiny|100/100
|switch|p1a: Corviknight|Corviknight, F, shiny|88/100
|-damage|p1a: Corviknight|76/100|[from] Stealth Rock
|-ability|p1a: Corviknight|Pressure
|
|upkeep
|turn|14
|
|t:|1757787357
|move|p2a: Empoleon|Hydro Pump|p1a: Corviknight
|-crit|p1a: Corviknight
|-damage|p1a: Corviknight|0 fnt
|faint|p1a: Corviknight
|
|upkeep
|
|t:|1757787363
|switch|p1a: Ogerpon|Ogerpon-Wellspring, F|71/100 tox
|-damage|p1a: Ogerpon|58/100 tox|[from] Stealth Rock
|turn|15
|
|t:|1757787368
|switch|p2a: Dragapult|Dragapult, F, shiny|88/100
|move|p1a: Ogerpon|Power Whip|p2a: Dragapult
|-resisted|p2a: Dragapult
|-damage|p2a: Dragapult|51/100
|
|-heal|p2a: Dragapult|57/100|[from] item: Leftovers
|-damage|p1a: Ogerpon|52/100 tox|[from] psn
|upkeep
|turn|16
|
|t:|1757787376
|switch|p1a: Garganacl|Garganacl, M, shiny|86/100
|-damage|p1a: Garganacl|74/100|[from] Stealth Rock
|switch|p2a: Weezing|Weezing-Galar, F|100/100
|-ability|p2a: Weezing|Neutralizing Gas
|
|upkeep
|turn|17
|
|t:|1757787384
|-end|p2a: Weezing|ability: Neutralizing Gas
|switch|p2a: Gliscor|Gliscor, F, tera:Ghost|30/100 tox
|switch|p1a: Ogerpon|Ogerpon-Wellspring, F|52/100 tox
|-damage|p1a: Ogerpon|40/100 tox|[from] Stealth Rock
|
|-damage|p1a: Ogerpon|34/100 tox|[from] psn
|-heal|p2a: Gliscor|42/100 tox|[from] ability: Poison Heal
|upkeep
|turn|18
|
|t:|1757787388
|switch|p2a: Dragapult|Dragapult, F, shiny|57/100
|move|p1a: Ogerpon|U-turn|p2a: Dragapult
|-resisted|p2a: Dragapult
|-damage|p2a: Dragapult|43/100
|
|t:|1757787392
|switch|p1a: Garganacl|Garganacl, M, shiny|74/100|[from] U-turn
|-damage|p1a: Garganacl|62/100|[from] Stealth Rock
|
|-heal|p2a: Dragapult|49/100|[from] item: Leftovers
|upkeep
|turn|19
|
|t:|1757787399
|switch|p2a: Gliscor|Gliscor, F, tera:Ghost|42/100 tox
|move|p1a: Garganacl|Recover|p1a: Garganacl
|-heal|p1a: Garganacl|100/100
|
|-heal|p2a: Gliscor|55/100 tox|[from] ability: Poison Heal
|upkeep
|turn|20
|
|t:|1757787416
|switch|p1a: Dragapult|Dragapult, M, shiny|100/100
|move|p2a: Gliscor|Spikes|p1a: Dragapult
|-sidestart|p1: Mixster23|Spikes
|
|-heal|p2a: Gliscor|67/100 tox|[from] ability: Poison Heal
|upkeep
|turn|21
|
|t:|1757787423
|switch|p2a: Weezing|Weezing-Galar, F|100/100
|-ability|p2a: Weezing|Neutralizing Gas
|move|p1a: Dragapult|Hex|p2a: Weezing
|-damage|p2a: Weezing|85/100
|
|upkeep
|turn|22
|
|t:|1757787429
|move|p1a: Dragapult|U-turn|p2a: Weezing
|-resisted|p2a: Weezing
|-damage|p2a: Weezing|81/100
|
|t:|1757787434
|switch|p1a: Hippowdon|Hippowdon, F|100/100|[from] U-turn
|move|p2a: Weezing|Strange Steam|p1a: Hippowdon
|-damage|p1a: Hippowdon|71/100
|
|upkeep
|turn|23
|
|t:|1757787439
|-end|p2a: Weezing|ability: Neutralizing Gas
|-weather|Sandstorm|[from] ability: Sand Stream|[of] p1a: Hippowdon
|switch|p2a: Gliscor|Gliscor, F, tera:Ghost|67/100 tox
|move|p1a: Hippowdon|Earthquake|p2a: Gliscor
|-damage|p2a: Gliscor|42/100 tox
|
|-weather|Sandstorm|[upkeep]
|-damage|p2a: Gliscor|36/100 tox|[from] Sandstorm
|-heal|p2a: Gliscor|49/100 tox|[from] ability: Poison Heal
|upkeep
|turn|24
|-message|Mixster23 forfeited.
|
|win|Papagayo32
|raw|Mixster23's rating: 1446 &rarr; <strong>1424</strong><br />(-22 for losing)
|raw|Papagayo32's rating: 1419 &rarr; <strong>1441</strong><br />(+22 for winning)
|l|☆Mixster23
|player|p1|
|l|☆Papagayo32
|player|p2|
