|j|☆pepinoloko
|j|☆lxymxn
|t:|1757871840
|gametype|singles
|player|p1|pepinoloko|palmer|1393
|player|p2|lxymxn|102|1418
|gen|9
|tier|[Gen 9] OU
|rated|
|rule|HP Percentage Mod: HP is shown in percentages
|rule|Endless Battle Clause: Forcing endless battles is banned
|rule|Species Clause: Limit one of each Pokémon
|rule|OHKO Clause: OHKO moves are banned
|rule|Evasion Items Clause: Evasion items are banned
|rule|Evasion Moves Clause: Evasion moves are banned
|rule|Evasion Abilities Clause: Evasion abilities are banned
|rule|Sleep Moves Clause: Sleep-inducing moves are banned
|clearpoke
|poke|p1|Clefable, M|
|poke|p1|Salazzle, F|
|poke|p1|Kyurem|
|poke|p1|Cinderace, M|
|poke|p1|Landorus-Therian, M|
|poke|p1|Corviknight, F|
|poke|p2|Torkoal, F|
|poke|p2|Walking Wake|
|poke|p2|Great Tusk|
|poke|p2|Sandy Shocks|
|poke|p2|Ditto|
|poke|p2|Landorus-Therian, M|
|teampreview
|
|t:|1757871845
|teamsize|p1|6
|teamsize|p2|6
|start
|switch|p1a: Kill'em|Kyurem, shiny|100/100
|switch|p2a: Torkoal|Torkoal, F|100/100
|-ability|p1a: Kill'em|Pressure
|-weather|SunnyDay|[from] ability: Drought|[of] p2a: Torkoal
|turn|1
|inactive|Battle timer is ON: inactive players will automatically lose when time's up. (requested by pepinoloko)
|
|t:|1757871872
|move|p1a: Kill'em|Draco Meteor|p2a: Torkoal|[miss]
|-miss|p1a: Kill'em|p2a: Torkoal
|move|p2a: Torkoal|Stealth Rock|p1a: Kill'em
|-sidestart|p1: pepinoloko|move: Stealth Rock
|
|-weather|SunnyDay|[upkeep]
|upkeep
|turn|2
|
|t:|1757871885
|move|p1a: Kill'em|Draco Meteor|p2a: Torkoal
|-damage|p2a: Torkoal|0 fnt
|-unboost|p1a: Kill'em|spa|2
|faint|p2a: Torkoal
|
|-weather|SunnyDay|[upkeep]
|upkeep
|
|t:|1757871908
|switch|p2a: Walking Wake|Walking Wake|100/100
|-activate|p2a: Walking Wake|ability: Protosynthesis
|-start|p2a: Walking Wake|protosynthesisspe
|turn|3
|
|t:|1757871913
|-terastallize|p2a: Walking Wake|Water
|move|p2a: Walking Wake|Hydro Steam|p1a: Kill'em
|-resisted|p1a: Kill'em
|-damage|p1a: Kill'em|46/100
|move|p1a: Kill'em|Draco Meteor|p2a: Walking Wake
|-damage|p2a: Walking Wake|37/100
|-unboost|p1a: Kill'em|spa|2
|
|-weather|SunnyDay|[upkeep]
|upkeep
|turn|4
|
|t:|1757871927
|switch|p1a: I AM PRESSURE|Corviknight, F|100/100
|-damage|p1a: I AM PRESSURE|88/100|[from] Stealth Rock
|-ability|p1a: I AM PRESSURE|Pressure
|move|p2a: Walking Wake|Hydro Steam|p1a: I AM PRESSURE
|-damage|p1a: I AM PRESSURE|0 fnt
|faint|p1a: I AM PRESSURE
|
|-weather|SunnyDay|[upkeep]
|upkeep
|
|t:|1757871932
|switch|p1a: Len'oir|Salazzle, F, shiny|100/100
|-damage|p1a: Len'oir|76/100|[from] Stealth Rock
|turn|5
|
|t:|1757871942
|move|p1a: Len'oir|Sludge Wave|p2a: Walking Wake
|-damage|p2a: Walking Wake|0 fnt
|faint|p2a: Walking Wake
|-end|p2a: Walking Wake|Protosynthesis|[silent]
|
|-weather|SunnyDay|[upkeep]
|upkeep
|
|t:|1757871952
|switch|p2a: Ditto|Ditto|100/100
|-transform|p2a: Ditto|p1a: Len'oir|[from] ability: Imposter
|turn|6
|
|t:|1757871961
|move|p2a: Ditto|Dragon Pulse|p1a: Len'oir
|-damage|p1a: Len'oir|30/100
|move|p1a: Len'oir|Sludge Wave|p2a: Ditto
|-resisted|p2a: Ditto
|-damage|p2a: Ditto|60/100
|
|-weather|SunnyDay|[upkeep]
|upkeep
|turn|7
|
|t:|1757871987
|switch|p1a: NOPE|Clefable, M|100/100
|move|p2a: Ditto|Dragon Pulse|p1a: NOPE
|-immune|p1a: NOPE
|
|-weather|SunnyDay|[upkeep]
|upkeep
|turn|8
|inactive|lxymxn has 120 seconds left.
|
|t:|1757872002
|switch|p2a: Great Tusk|Great Tusk|100/100
|-activate|p2a: Great Tusk|ability: Protosynthesis
|-start|p2a: Great Tusk|protosynthesisatk
|move|p1a: NOPE|Moonblast|p2a: Great Tusk
|-supereffective|p2a: Great Tusk
|-damage|p2a: Great Tusk|12/100
|
|-weather|none
|-end|p2a: Great Tusk|Protosynthesis
|-heal|p2a: Great Tusk|18/100|[from] item: Leftovers
|upkeep
|turn|9
|
|t:|1757872010
|switch|p1a: God is always good|Landorus-Therian, M|100/100
|-damage|p1a: God is always good|88/100|[from] Stealth Rock
|-ability|p1a: God is always good|Intimidate|boost
|-unboost|p2a: Great Tusk|atk|1
|move|p2a: Great Tusk|Headlong Rush|p1a: God is always good
|-immune|p1a: God is always good
|
|-heal|p2a: Great Tusk|24/100|[from] item: Leftovers
|upkeep
|turn|10
|
|t:|1757872015
|-end|p2a: Great Tusk|Protosynthesis|[silent]
|switch|p2a: Landorus|Landorus-Therian, M|100/100
|-ability|p2a: Landorus|Intimidate|boost
|-unboost|p1a: God is always good|atk|1
|move|p1a: God is always good|U-turn|p2a: Landorus
|-resisted|p2a: Landorus
|-damage|p2a: Landorus|90/100
|
|t:|1757872017
|switch|p1a: I U-turn on U|Cinderace, M|100/100|[from] U-turn
|
|-heal|p2a: Landorus|96/100|[from] item: Leftovers
|upkeep
|turn|11
|
|t:|1757872035
|move|p1a: I U-turn on U|Court Change|p1a: I U-turn on U
|-start|p1a: I U-turn on U|typechange|Normal|[from] ability: Libero
|-swapsideconditions
|-activate|p1a: I U-turn on U|move: Court Change
|move|p2a: Landorus|Substitute|p2a: Landorus
|-start|p2a: Landorus|Substitute
|-damage|p2a: Landorus|71/100
|
|-heal|p2a: Landorus|77/100|[from] item: Leftovers
|upkeep
|turn|12
|
|t:|1757872046
|move|p1a: I U-turn on U|U-turn|p2a: Landorus
|-resisted|p2a: Landorus
|-activate|p2a: Landorus|move: Substitute|[damage]
|
|t:|1757872048
|switch|p1a: God is always good|Landorus-Therian, M|88/100|[from] U-turn
|-ability|p1a: God is always good|Intimidate|boost
|-immune|p2a: Landorus
|move|p2a: Landorus|Swords Dance|p2a: Landorus
|-boost|p2a: Landorus|atk|2
|
|-heal|p2a: Landorus|83/100|[from] item: Leftovers
|upkeep
|turn|13
|
|t:|1757872068
|move|p1a: God is always good|Stone Edge|p2a: Landorus
|-end|p2a: Landorus|Substitute
|move|p2a: Landorus|Smack Down|p1a: God is always good
|-damage|p1a: God is always good|47/100
|-start|p1a: God is always good|Smack Down
|
|-heal|p2a: Landorus|89/100|[from] item: Leftovers
|upkeep
|turn|14
|
|t:|1757872076
|move|p1a: God is always good|Stone Edge|p2a: Landorus
|-damage|p2a: Landorus|42/100
|move|p2a: Landorus|Substitute|p2a: Landorus
|-start|p2a: Landorus|Substitute
|-damage|p2a: Landorus|17/100
|
|-heal|p2a: Landorus|23/100|[from] item: Leftovers
|upkeep
|turn|15
|
|t:|1757872082
|move|p1a: God is always good|Stone Edge|p2a: Landorus
|-crit|p2a: Landorus
|-end|p2a: Landorus|Substitute
|move|p2a: Landorus|Earthquake|p1a: God is always good
|-damage|p1a: God is always good|0 fnt
|faint|p1a: God is always good
|
|-heal|p2a: Landorus|29/100|[from] item: Leftovers
|upkeep
|
|t:|1757872088
|switch|p1a: Kill'em|Kyurem, shiny|46/100
|-ability|p1a: Kill'em|Pressure
|turn|16
|
|t:|1757872099
|move|p1a: Kill'em|Ice Beam|p2a: Landorus
|-supereffective|p2a: Landorus
|-damage|p2a: Landorus|0 fnt
|faint|p2a: Landorus
|
|upkeep
|
|t:|1757872114
|switch|p2a: Ditto|Ditto|60/100
|-damage|p2a: Ditto|48/100|[from] Stealth Rock
|-transform|p2a: Ditto|p1a: Kill'em|[from] ability: Imposter
|-ability|p2a: Ditto|Pressure
|turn|17
|
|t:|1757872123
|switch|p1a: I U-turn on U|Cinderace, M|100/100
|move|p2a: Ditto|Freeze-Dry|p1a: I U-turn on U
|-resisted|p1a: I U-turn on U
|-damage|p1a: I U-turn on U|74/100
|
|upkeep
|turn|18
|
|t:|1757872130
|switch|p2a: Sandy Shocks|Sandy Shocks|100/100
|-damage|p2a: Sandy Shocks|94/100|[from] Stealth Rock
|move|p1a: I U-turn on U|Pyro Ball|p2a: Sandy Shocks
|-damage|p2a: Sandy Shocks|36/100
|
|upkeep
|turn|19
|
|t:|1757872136
|move|p1a: I U-turn on U|Sucker Punch|p2a: Sandy Shocks
|-start|p1a: I U-turn on U|typechange|Dark|[from] ability: Libero
|-damage|p2a: Sandy Shocks|2/100
|move|p2a: Sandy Shocks|Earth Power|p1a: I U-turn on U
|-damage|p1a: I U-turn on U|0 fnt
|faint|p1a: I U-turn on U
|
|upkeep
|
|t:|1757872139
|switch|p1a: Len'oir|Salazzle, F, shiny|30/100
|turn|20
|
|t:|1757872147
|move|p1a: Len'oir|Dragon Pulse|p2a: Sandy Shocks
|-damage|p2a: Sandy Shocks|0 fnt
|faint|p2a: Sandy Shocks
|-end|p2a: Sandy Shocks|Protosynthesis|[silent]
|
|upkeep
|
|t:|1757872151
|switch|p2a: Ditto|Ditto|48/100
|-damage|p2a: Ditto|36/100|[from] Stealth Rock
|-transform|p2a: Ditto|p1a: Len'oir|[from] ability: Imposter
|turn|21
|
|t:|1757872157
|move|p1a: Len'oir|Dragon Pulse|p2a: Ditto
|-damage|p2a: Ditto|0 fnt
|faint|p2a: Ditto
|
|upkeep
|-message|lxymxn forfeited.
|
|win|pepinoloko
|raw|pepinoloko's rating: 1393 &rarr; <strong>1413</strong><br />(+20 for winning)
|raw|lxymxn's rating: 1394 &rarr; <strong>1374</strong><br />(-20 for losing)
|l|☆lxymxn
|player|p2|
|l|☆pepinoloko
|player|p1|
