|j|☆Joe35678
|j|☆Gold Force
|t:|1757799134
|gametype|singles
|player|p1|Joe35678|2|1522
|player|p2|Gold Force|ethan-masters|1457
|gen|9
|tier|[Gen 9] OU
|rated|
|rule|HP Percentage Mod: HP is shown in percentages
|rule|Endless Battle Clause: Forcing endless battles is banned
|rule|Species Clause: Limit one of each Pokémon
|rule|OHKO Clause: OHKO moves are banned
|rule|Evasion Items Clause: Evasion items are banned
|rule|Evasion Moves Clause: Evasion moves are banned
|rule|Evasion Abilities Clause: Evasion abilities are banned
|rule|Sleep Moves Clause: Sleep-inducing moves are banned
|clearpoke
|poke|p1|Hatterene, F|
|poke|p1|Oricorio-Pom-Pom, M|
|poke|p1|Grimmsnarl, M|
|poke|p1|Dragonite, M|
|poke|p1|Cinderace, F|
|poke|p1|Gliscor, M|
|poke|p2|Zoroark-Hisui, M|
|poke|p2|Weavile, M|
|poke|p2|Gholdengo|
|poke|p2|Ogerpon-Wellspring, F|
|poke|p2|Great Tusk|
|poke|p2|Kingambit, M|
|teampreview
|inactive|Battle timer is ON: inactive players will automatically lose when time's up. (requested by Gold Force)
|
|t:|1757799153
|teamsize|p1|6
|teamsize|p2|6
|start
|switch|p1a: Cinderace|Cinderace, F|100/100
|switch|p2a: Weavile|Weavile, M, shiny|100/100
|turn|1
|
|t:|1757799163
|move|p1a: Cinderace|U-turn|p2a: Weavile
|-start|p1a: Cinderace|typechange|Bug|[from] ability: Libero
|-resisted|p2a: Weavile
|-damage|p2a: Weavile|72/100
|replace|p2a: Zoroark|Zoroark-Hisui, M, shiny
|-end|p2a: Zoroark|Illusion
|
|t:|1757799170
|switch|p1a: Grimmsnarl|Grimmsnarl, M|100/100|[from] U-turn
|move|p2a: Zoroark|Hyper Voice|p1a: Grimmsnarl
|-damage|p1a: Grimmsnarl|23/100
|
|upkeep
|turn|2
|
|t:|1757799180
|move|p1a: Grimmsnarl|Light Screen|p1a: Grimmsnarl
|-sidestart|p1: Joe35678|move: Light Screen
|move|p2a: Zoroark|Hyper Voice|p1a: Grimmsnarl
|-damage|p1a: Grimmsnarl|0 fnt
|faint|p1a: Grimmsnarl
|
|upkeep
|
|t:|1757799202
|switch|p1a: Oricorio|Oricorio-Pom-Pom, M|100/100
|turn|3
|
|t:|1757799209
|move|p2a: Zoroark|Hyper Voice|p1a: Oricorio
|-damage|p1a: Oricorio|57/100
|move|p1a: Oricorio|Quiver Dance|p1a: Oricorio
|-boost|p1a: Oricorio|spa|1
|-boost|p1a: Oricorio|spd|1
|-boost|p1a: Oricorio|spe|1
|
|upkeep
|turn|4
|
|t:|1757799217
|switch|p2a: Great Tusk|Great Tusk, shiny|100/100
|move|p1a: Oricorio|Quiver Dance|p1a: Oricorio
|-boost|p1a: Oricorio|spa|1
|-boost|p1a: Oricorio|spd|1
|-boost|p1a: Oricorio|spe|1
|
|upkeep
|turn|5
|
|t:|1757799223
|move|p1a: Oricorio|Air Slash|p2a: Great Tusk
|-supereffective|p2a: Great Tusk
|-damage|p2a: Great Tusk|0 fnt
|faint|p2a: Great Tusk
|-end|p2a: Great Tusk|Protosynthesis|[silent]
|
|upkeep
|
|t:|1757799231
|switch|p2a: Kingambit|Kingambit, M, shiny|100/100
|-activate|p2a: Kingambit|ability: Supreme Overlord
|-start|p2a: Kingambit|fallen1|[silent]
|turn|6
|
|t:|1757799234
|move|p2a: Kingambit|Sucker Punch|p1a: Oricorio
|-damage|p1a: Oricorio|7/100
|move|p1a: Oricorio|Revelation Dance|p2a: Kingambit
|-damage|p2a: Kingambit|45/100
|
|upkeep
|turn|7
|
|t:|1757799242
|move|p2a: Kingambit|Sucker Punch||[still]
|-fail|p2a: Kingambit
|move|p1a: Oricorio|Roost|p1a: Oricorio
|-heal|p1a: Oricorio|57/100
|-singleturn|p1a: Oricorio|move: Roost
|
|upkeep
|turn|8
|
|t:|1757799251
|move|p1a: Oricorio|Revelation Dance|p2a: Kingambit
|-damage|p2a: Kingambit|0 fnt
|faint|p2a: Kingambit
|-end|p2a: Kingambit|fallen1|[silent]
|
|upkeep
|
|t:|1757799256
|switch|p2a: Weavile|Weavile, M, shiny|100/100
|-ability|p2a: Weavile|Pressure
|turn|9
|
|t:|1757799258
|move|p2a: Weavile|Ice Shard|p1a: Oricorio
|-supereffective|p1a: Oricorio
|-damage|p1a: Oricorio|8/100
|-damage|p2a: Weavile|91/100|[from] item: Life Orb
|move|p1a: Oricorio|Revelation Dance|p2a: Weavile
|-damage|p2a: Weavile|7/100
|
|-sideend|p1: Joe35678|move: Light Screen
|upkeep
|turn|10
|
|t:|1757799264
|move|p2a: Weavile|Ice Shard|p1a: Oricorio
|-supereffective|p1a: Oricorio
|-damage|p1a: Oricorio|0 fnt
|faint|p1a: Oricorio
|-damage|p2a: Weavile|0 fnt|[from] item: Life Orb
|faint|p2a: Weavile
|
|upkeep
|
|t:|1757799268
|switch|p2a: Ogerpon|Ogerpon-Wellspring, F|72/100
|switch|p1a: Cinderace|Cinderace, F|100/100
|turn|11
|
|t:|1757799279
|move|p1a: Cinderace|Pyro Ball|p2a: Ogerpon
|-damage|p2a: Ogerpon|0 fnt
|replace|p2a: Zoroark|Zoroark-Hisui, M, shiny
|-end|p2a: Zoroark|Illusion
|faint|p2a: Zoroark
|
|upkeep
|
|t:|1757799282
|switch|p2a: Ogerpon|Ogerpon-Wellspring, F|100/100
|turn|12
|
|t:|1757799286
|-terastallize|p2a: Ogerpon|Water
|detailschange|p2a: Ogerpon|Ogerpon-Wellspring-Tera, F, tera:Water
|-ability|p2a: Ogerpon|Embody Aspect (Wellspring)|boost
|-boost|p2a: Ogerpon|spd|1
|move|p2a: Ogerpon|Spiky Shield|p2a: Ogerpon
|-singleturn|p2a: Ogerpon|move: Protect
|move|p1a: Cinderace|Will-O-Wisp|p2a: Ogerpon
|-activate|p2a: Ogerpon|move: Protect
|
|upkeep
|turn|13
|
|t:|1757799296
|move|p1a: Cinderace|Will-O-Wisp|p2a: Ogerpon
|-status|p2a: Ogerpon|brn
|move|p2a: Ogerpon|Swords Dance|p2a: Ogerpon
|-boost|p2a: Ogerpon|atk|2
|
|-damage|p2a: Ogerpon|95/100 brn|[from] brn
|upkeep
|turn|14
|
|t:|1757799299
|move|p2a: Ogerpon|Spiky Shield|p2a: Ogerpon
|-singleturn|p2a: Ogerpon|move: Protect
|move|p1a: Cinderace|Pyro Ball|p2a: Ogerpon
|-activate|p2a: Ogerpon|move: Protect
|
|-damage|p2a: Ogerpon|89/100 brn|[from] brn
|upkeep
|turn|15
|
|t:|1757799304
|move|p1a: Cinderace|Pyro Ball|p2a: Ogerpon
|-resisted|p2a: Ogerpon
|-damage|p2a: Ogerpon|58/100 brn
|move|p2a: Ogerpon|Ivy Cudgel|p1a: Cinderace|[anim] Ivy Cudgel Water
|-supereffective|p1a: Cinderace
|-damage|p1a: Cinderace|0 fnt
|faint|p1a: Cinderace
|
|-damage|p2a: Ogerpon|52/100 brn|[from] brn
|upkeep
|
|t:|1757799307
|switch|p1a: Dragonite|Dragonite, M|100/100
|turn|16
|
|t:|1757799311
|move|p2a: Ogerpon|Ivy Cudgel|p1a: Dragonite|[anim] Ivy Cudgel Water
|-resisted|p1a: Dragonite
|-damage|p1a: Dragonite|79/100
|move|p1a: Dragonite|Dragon Dance|p1a: Dragonite
|-boost|p1a: Dragonite|atk|1
|-boost|p1a: Dragonite|spe|1
|
|-damage|p2a: Ogerpon|46/100 brn|[from] brn
|upkeep
|turn|17
|
|t:|1757799317
|move|p1a: Dragonite|Scale Shot|p2a: Ogerpon
|-damage|p2a: Ogerpon|15/100 brn
|-damage|p2a: Ogerpon|0 fnt
|faint|p2a: Ogerpon
|detailschange|p2: Ogerpon|Ogerpon-Wellspring, F|[silent]
|-hitcount|p2: Ogerpon|2
|-unboost|p1a: Dragonite|def|1
|-boost|p1a: Dragonite|spe|1
|
|upkeep
|
|t:|1757799320
|switch|p2a: Gholdengo|Gholdengo, shiny|100/100
|turn|18
|
|t:|1757799325
|move|p1a: Dragonite|Fire Punch|p2a: Gholdengo
|-supereffective|p2a: Gholdengo
|-damage|p2a: Gholdengo|0 fnt
|faint|p2a: Gholdengo
|
|win|Joe35678
|raw|Joe35678's rating: 1522 &rarr; <strong>1538</strong><br />(+16 for winning)
|raw|Gold Force's rating: 1457 &rarr; <strong>1441</strong><br />(-16 for losing)
|l|☆Gold Force
|player|p2|
