|j|☆niccommoc
|j|☆marisa_fumo_gaming
|t:|1757791742
|gametype|singles
|player|p1|niccommoc|cyclist|1465
|player|p2|marisa_fumo_gaming|169|1491
|gen|9
|tier|[Gen 9] OU
|rated|
|rule|HP Percentage Mod: HP is shown in percentages
|rule|Endless Battle Clause: Forcing endless battles is banned
|rule|Species Clause: Limit one of each Pokémon
|rule|OHKO Clause: OHKO moves are banned
|rule|Evasion Items Clause: Evasion items are banned
|rule|Evasion Moves Clause: Evasion moves are banned
|rule|Evasion Abilities Clause: Evasion abilities are banned
|rule|Sleep Moves Clause: Sleep-inducing moves are banned
|clearpoke
|poke|p1|Ninetales-Alola, F|
|poke|p1|Kyurem|
|poke|p1|Gliscor, F|
|poke|p1|Gallade, M|
|poke|p1|Hatterene, F|
|poke|p1|Iron Moth|
|poke|p2|Pawmot, F|
|poke|p2|Dragapult, F|
|poke|p2|Scizor, F|
|poke|p2|Ogerpon-Wellspring, F|
|poke|p2|Enamorus, F|
|poke|p2|Cinderace, M|
|teampreview
|
|t:|1757791755
|teamsize|p1|6
|teamsize|p2|6
|start
|switch|p1a: Iron Moth|Iron Moth|100/100
|switch|p2a: Enamorus|Enamorus, F|100/100
|-enditem|p1a: Iron Moth|Booster Energy
|-activate|p1a: Iron Moth|ability: Quark Drive|[fromitem]
|-start|p1a: Iron Moth|quarkdrivespe
|turn|1
|
|t:|1757791764
|move|p1a: Iron Moth|Fiery Dance|p2a: Enamorus
|-damage|p2a: Enamorus|45/100
|move|p2a: Enamorus|Earth Power|p1a: Iron Moth
|-supereffective|p1a: Iron Moth
|-damage|p1a: Iron Moth|0 fnt
|faint|p1a: Iron Moth
|-end|p1a: Iron Moth|Quark Drive|[silent]
|
|upkeep
|
|t:|1757791773
|switch|p1a: Ninetales|Ninetales-Alola, F|100/100
|-weather|Snowscape|[from] ability: Snow Warning|[of] p1a: Ninetales
|turn|2
|
|t:|1757791781
|switch|p2a: Scizor|Scizor, F|100/100
|move|p1a: Ninetales|Freeze-Dry|p2a: Scizor
|-resisted|p2a: Scizor
|-damage|p2a: Scizor|88/100
|
|-weather|Snowscape|[upkeep]
|upkeep
|turn|3
|
|t:|1757791791
|-terastallize|p1a: Ninetales|Water
|move|p1a: Ninetales|Aurora Veil|p1a: Ninetales
|-sidestart|p1: niccommoc|move: Aurora Veil
|move|p2a: Scizor|Dual Wingbeat|p1a: Ninetales
|-damage|p1a: Ninetales|79/100
|-damage|p1a: Ninetales|57/100
|-hitcount|p1a: Ninetales|2
|
|-weather|Snowscape|[upkeep]
|upkeep
|turn|4
|
|t:|1757791799
|switch|p1a: Gliscor|Gliscor, F|100/100
|move|p2a: Scizor|Dual Wingbeat|p1a: Gliscor
|-damage|p1a: Gliscor|86/100
|-damage|p1a: Gliscor|73/100
|-hitcount|p1a: Gliscor|2
|
|-weather|Snowscape|[upkeep]
|-status|p1a: Gliscor|tox|[from] item: Toxic Orb
|upkeep
|turn|5
|
|t:|1757791806
|switch|p2a: Enamorus|Enamorus, F|45/100
|move|p1a: Gliscor|Agility|p1a: Gliscor
|-boost|p1a: Gliscor|spe|2
|
|-weather|Snowscape|[upkeep]
|-heal|p1a: Gliscor|85/100 tox|[from] ability: Poison Heal
|upkeep
|turn|6
|
|t:|1757791814
|move|p1a: Gliscor|Facade|p2a: Enamorus
|-damage|p2a: Enamorus|0 fnt
|faint|p2a: Enamorus
|
|-weather|none
|-heal|p1a: Gliscor|98/100 tox|[from] ability: Poison Heal
|upkeep
|
|t:|1757791819
|switch|p2a: Dragapult|Dragapult, F|100/100
|turn|7
|
|t:|1757791825
|move|p1a: Gliscor|Swords Dance|p1a: Gliscor
|-boost|p1a: Gliscor|atk|2
|move|p2a: Dragapult|Draco Meteor|p1a: Gliscor
|-damage|p1a: Gliscor|0 fnt
|-unboost|p2a: Dragapult|spa|2
|faint|p1a: Gliscor
|
|upkeep
|
|t:|1757791840
|switch|p1a: Gallade|Gallade, M|100/100
|turn|8
|
|t:|1757791846
|switch|p2a: Scizor|Scizor, F|88/100
|move|p1a: Gallade|Agility|p1a: Gallade
|-boost|p1a: Gallade|spe|2
|
|upkeep
|turn|9
|
|t:|1757791850
|move|p1a: Gallade|Sacred Sword|p2a: Scizor
|-damage|p2a: Scizor|0 fnt
|faint|p2a: Scizor
|-damage|p1a: Gallade|91/100|[from] item: Life Orb
|
|upkeep
|
|t:|1757791866
|switch|p2a: Cinderace|Cinderace, M|100/100
|turn|10
|
|t:|1757791870
|move|p1a: Gallade|Sacred Sword|p2a: Cinderace
|-damage|p2a: Cinderace|0 fnt
|faint|p2a: Cinderace
|-damage|p1a: Gallade|81/100|[from] item: Life Orb
|
|-sideend|p1: niccommoc|move: Aurora Veil
|upkeep
|
|t:|1757791876
|switch|p2a: Ogerpon|Ogerpon-Wellspring, F|100/100
|turn|11
|
|t:|1757791879
|move|p1a: Gallade|Sacred Sword|p2a: Ogerpon
|-damage|p2a: Ogerpon|0 fnt
|faint|p2a: Ogerpon
|-damage|p1a: Gallade|71/100|[from] item: Life Orb
|
|upkeep
|
|t:|1757791883
|switch|p2a: Dragapult|Dragapult, F|100/100
|turn|12
|
|t:|1757791891
|-terastallize|p2a: Dragapult|Normal
|move|p1a: Gallade|Psycho Cut|p2a: Dragapult
|-damage|p2a: Dragapult|0 fnt
|faint|p2a: Dragapult
|-damage|p1a: Gallade|62/100|[from] item: Life Orb
|
|upkeep
|
|t:|1757791895
|switch|p2a: Pawmot|Pawmot, F|100/100
|turn|13
|
|t:|1757791899
|move|p1a: Gallade|Psycho Cut|p2a: Pawmot
|-supereffective|p2a: Pawmot
|-damage|p2a: Pawmot|0 fnt
|faint|p2a: Pawmot
|-damage|p1a: Gallade|52/100|[from] item: Life Orb
|
|win|niccommoc
|raw|niccommoc's rating: 1465 &rarr; <strong>1486</strong><br />(+21 for winning)
|raw|marisa_fumo_gaming's rating: 1491 &rarr; <strong>1470</strong><br />(-21 for losing)
|l|☆marisa_fumo_gaming
|player|p2|
