|j|☆d00d guy
|j|☆flygonisdragon
|t:|1757823397
|gametype|singles
|player|p1|d00d guy|brock|1290
|player|p2|flygonisdragon|serena-masters|1362
|gen|9
|tier|[Gen 9] OU
|rated|
|rule|HP Percentage Mod: HP is shown in percentages
|rule|Endless Battle Clause: Forcing endless battles is banned
|rule|Species Clause: Limit one of each Pokémon
|rule|OHKO Clause: OHKO moves are banned
|rule|Evasion Items Clause: Evasion items are banned
|rule|Evasion Moves Clause: Evasion moves are banned
|rule|Evasion Abilities Clause: Evasion abilities are banned
|rule|Sleep Moves Clause: Sleep-inducing moves are banned
|clearpoke
|poke|p1|Frosmoth, F|
|poke|p1|Cinccino, F|
|poke|p1|Incineroar, M|
|poke|p1|Weezing-Galar, M|
|poke|p1|Sinistcha|
|poke|p1|Alomomola, M|
|poke|p2|Zapdos-Galar|
|poke|p2|Volcanion|
|poke|p2|Kommo-o, M|
|poke|p2|Fezandipiti, M|
|poke|p2|Clodsire, F|
|poke|p2|Scizor, M|
|teampreview
|
|t:|1757823440
|teamsize|p1|6
|teamsize|p2|6
|start
|switch|p1a: Incineroar|Incineroar, M|100/100
|switch|p2a: Volcanion|Volcanion|100/100
|-ability|p1a: Incineroar|Intimidate|boost
|-unboost|p2a: Volcanion|atk|1
|turn|1
|
|t:|1757823472
|switch|p1a: Alomomola|Alomomola, M|100/100
|move|p2a: Volcanion|Steam Eruption|p1a: Alomomola
|-resisted|p1a: Alomomola
|-damage|p1a: Alomomola|57/100
|
|upkeep
|turn|2
|
|t:|1757823489
|move|p2a: Volcanion|Steam Eruption|p1a: Alomomola
|-resisted|p1a: Alomomola
|-damage|p1a: Alomomola|16/100
|move|p1a: Alomomola|Wish|p1a: Alomomola
|
|upkeep
|turn|3
|
|t:|1757823500
|switch|p2a: Fezandipiti|Fezandipiti, M|100/100
|switch|p1a: Frosmoth|Frosmoth, F|100/100
|
|upkeep
|turn|4
|
|t:|1757823526
|switch|p1a: Incineroar|Incineroar, M|100/100
|-ability|p1a: Incineroar|Intimidate|boost
|-unboost|p2a: Fezandipiti|atk|1
|move|p2a: Fezandipiti|U-turn|p1a: Incineroar
|-damage|p1a: Incineroar|95/100
|-status|p1a: Incineroar|tox|[from] ability: Toxic Chain|[of] p2a: Fezandipiti
|
|t:|1757823552
|switch|p2a: Volcanion|Volcanion|100/100|[from] U-turn
|
|-damage|p1a: Incineroar|89/100 tox|[from] psn
|upkeep
|turn|5
|
|t:|1757823562
|switch|p1a: Frosmoth|Frosmoth, F|100/100
|move|p2a: Volcanion|Steam Eruption|p1a: Frosmoth
|-damage|p1a: Frosmoth|61/100
|
|-heal|p1a: Frosmoth|68/100|[from] item: Leftovers
|upkeep
|turn|6
|
|t:|1757823574
|-terastallize|p1a: Frosmoth|Electric
|move|p2a: Volcanion|Steam Eruption|p1a: Frosmoth
|-damage|p1a: Frosmoth|28/100
|move|p1a: Frosmoth|Quiver Dance|p1a: Frosmoth
|-boost|p1a: Frosmoth|spa|1
|-boost|p1a: Frosmoth|spd|1
|-boost|p1a: Frosmoth|spe|1
|
|-heal|p1a: Frosmoth|35/100|[from] item: Leftovers
|upkeep
|turn|7
|
|t:|1757823590
|move|p1a: Frosmoth|Quiver Dance|p1a: Frosmoth
|-boost|p1a: Frosmoth|spa|1
|-boost|p1a: Frosmoth|spd|1
|-boost|p1a: Frosmoth|spe|1
|move|p2a: Volcanion|Steam Eruption|p1a: Frosmoth
|-damage|p1a: Frosmoth|17/100
|
|-heal|p1a: Frosmoth|23/100|[from] item: Leftovers
|upkeep
|turn|8
|
|t:|1757823619
|switch|p2a: Clodsire|Clodsire, F|100/100
|move|p1a: Frosmoth|Tera Blast|p2a: Clodsire|[anim] Tera Blast Electric
|-immune|p2a: Clodsire
|
|-heal|p1a: Frosmoth|29/100|[from] item: Leftovers
|upkeep
|turn|9
|
|t:|1757823651
|-terastallize|p2a: Clodsire|Fire
|move|p1a: Frosmoth|Substitute|p1a: Frosmoth
|-start|p1a: Frosmoth|Substitute
|-damage|p1a: Frosmoth|5/100
|move|p2a: Clodsire|Earthquake|p1a: Frosmoth
|-supereffective|p1a: Frosmoth
|-end|p1a: Frosmoth|Substitute
|
|-heal|p1a: Frosmoth|11/100|[from] item: Leftovers
|upkeep
|turn|10
|
|t:|1757823663
|switch|p1a: Incineroar|Incineroar, M|89/100 tox
|-ability|p1a: Incineroar|Intimidate|boost
|-unboost|p2a: Clodsire|atk|1
|move|p2a: Clodsire|Earthquake|p1a: Incineroar
|-supereffective|p1a: Incineroar
|-crit|p1a: Incineroar
|-damage|p1a: Incineroar|35/100 tox
|
|-damage|p1a: Incineroar|29/100 tox|[from] psn
|upkeep
|turn|11
|
|t:|1757823712
|move|p1a: Incineroar|Parting Shot|p2a: Clodsire
|-unboost|p2a: Clodsire|atk|1
|-unboost|p2a: Clodsire|spa|1
|inactive|Battle timer is ON: inactive players will automatically lose when time's up. (requested by flygonisdragon)
|inactive|d00d guy has 120 seconds left.
|
|t:|1757823817
|switch|p1a: Alomomola|Alomomola, M|50/100|[from] Parting Shot
|move|p2a: Clodsire|Stealth Rock|p1a: Alomomola
|-sidestart|p1: d00d guy|move: Stealth Rock
|
|upkeep
|turn|12
|
|t:|1757823824
|move|p1a: Alomomola|Wish|p1a: Alomomola
|move|p2a: Clodsire|Toxic|p1a: Alomomola
|-status|p1a: Alomomola|tox
|
|-damage|p1a: Alomomola|43/100 tox|[from] psn
|upkeep
|turn|13
|
|t:|1757823832
|switch|p2a: Volcanion|Volcanion|100/100
|move|p1a: Alomomola|Flip Turn|p2a: Volcanion
|-immune|p2a: Volcanion|[from] ability: Water Absorb
|
|-heal|p1a: Alomomola|93/100 tox|[from] move: Wish|[wisher] Alomomola
|-damage|p1a: Alomomola|81/100 tox|[from] psn
|upkeep
|turn|14
|
|t:|1757823855
|move|p2a: Volcanion|Overheat|p1a: Alomomola
|-resisted|p1a: Alomomola
|-damage|p1a: Alomomola|34/100 tox
|-unboost|p2a: Volcanion|spa|2
|move|p1a: Alomomola|Mirror Coat|p2a: Volcanion
|-damage|p2a: Volcanion|0 fnt
|faint|p2a: Volcanion
|
|-damage|p1a: Alomomola|15/100 tox|[from] psn
|upkeep
|inactive|flygonisdragon has 120 seconds left.
|
|t:|1757823886
|switch|p2a: Fezandipiti|Fezandipiti, M|100/100
|turn|15
|
|t:|1757823894
|switch|p1a: Incineroar|Incineroar, M|29/100 tox
|-ability|p1a: Incineroar|Intimidate|boost
|-unboost|p2a: Fezandipiti|atk|1
|move|p2a: Fezandipiti|U-turn|p1a: Incineroar
|-damage|p1a: Incineroar|23/100 tox
|
|t:|1757823921
|switch|p2a: Zapdos|Zapdos-Galar|100/100|[from] U-turn
|
|-damage|p1a: Incineroar|17/100 tox|[from] psn
|upkeep
|turn|16
|inactive|d00d guy has 120 seconds left.
|
|t:|1757823959
|move|p2a: Zapdos|U-turn|p1a: Incineroar
|-damage|p1a: Incineroar|0 fnt
|faint|p1a: Incineroar
|inactive|flygonisdragon has 90 seconds left.
|
|t:|1757823984
|switch|p2a: Scizor|Scizor, M|100/100|[from] U-turn
|
|upkeep
|inactive|d00d guy has 120 seconds left.
|
|t:|1757823992
|switch|p1a: Cinccino|Cinccino, F|100/100
|-damage|p1a: Cinccino|88/100|[from] Stealth Rock
|turn|17
|
|t:|1757823997
|move|p1a: Cinccino|Tidy Up|p1a: Cinccino
|-sideend|p1: d00d guy|Stealth Rock
|-activate|p1a: Cinccino|move: Tidy Up
|-boost|p1a: Cinccino|atk|1
|-boost|p1a: Cinccino|spe|1
|move|p2a: Scizor|Close Combat|p1a: Cinccino
|-supereffective|p1a: Cinccino
|-damage|p1a: Cinccino|0 fnt
|-unboost|p2a: Scizor|def|1
|-unboost|p2a: Scizor|spd|1
|faint|p1a: Cinccino
|-damage|p2a: Scizor|91/100|[from] item: Life Orb
|
|upkeep
|
|t:|1757824008
|switch|p1a: Sinistcha|Sinistcha|100/100
|turn|18
|
|t:|1757824013
|move|p2a: Scizor|Knock Off|p1a: Sinistcha
|-supereffective|p1a: Sinistcha
|-enditem|p1a: Sinistcha|Colbur Berry|[eat]
|-enditem|p1a: Sinistcha|Colbur Berry|[weaken]
|-damage|p1a: Sinistcha|69/100
|-damage|p2a: Scizor|81/100|[from] item: Life Orb
|move|p1a: Sinistcha|Calm Mind|p1a: Sinistcha
|-boost|p1a: Sinistcha|spa|1
|-boost|p1a: Sinistcha|spd|1
|
|upkeep
|turn|19
|
|t:|1757824026
|switch|p2a: Zapdos|Zapdos-Galar|100/100
|move|p1a: Sinistcha|Strength Sap|p2a: Zapdos
|-unboost|p2a: Zapdos|atk|1
|-ability|p2a: Zapdos|Defiant|boost
|-boost|p2a: Zapdos|atk|2
|-heal|p1a: Sinistcha|100/100
|
|upkeep
|turn|20
|
|t:|1757824033
|move|p2a: Zapdos|Brave Bird|p1a: Sinistcha
|-supereffective|p1a: Sinistcha
|-damage|p1a: Sinistcha|0 fnt
|faint|p1a: Sinistcha
|-damage|p2a: Zapdos|65/100|[from] Recoil
|
|upkeep
|
|t:|1757824038
|switch|p1a: Weezing|Weezing-Galar, M|100/100
|-ability|p1a: Weezing|Neutralizing Gas
|turn|21
|
|t:|1757824046
|move|p2a: Zapdos|Brave Bird|p1a: Weezing
|-damage|p1a: Weezing|18/100
|-damage|p2a: Zapdos|37/100|[from] Recoil
|move|p1a: Weezing|Strange Steam|p2a: Zapdos
|-supereffective|p2a: Zapdos
|-damage|p2a: Zapdos|0 fnt
|faint|p2a: Zapdos
|
|upkeep
|
|t:|1757824054
|switch|p2a: Scizor|Scizor, M|81/100
|turn|22
|inactive|d00d guy has 120 seconds left.
|inactive|d00d guy has 90 seconds left.
|-message|d00d guy forfeited.
|
|win|flygonisdragon
|raw|d00d guy's rating: 1290 &rarr; <strong>1270</strong><br />(-20 for losing)
|raw|flygonisdragon's rating: 1362 &rarr; <strong>1378</strong><br />(+16 for winning)
|l|☆d00d guy
|player|p1|
|l|☆flygonisdragon
|player|p2|
