|j|☆BettyLaBonita
|j|☆mansonabuluting
|t:|1757830816
|gametype|singles
|player|p1|BettyLaBonita|2|1572
|player|p2|mansonabuluting|bellelba|1567
|gen|9
|tier|[Gen 9] OU
|rated|
|rule|HP Percentage Mod: HP is shown in percentages
|rule|Endless Battle Clause: Forcing endless battles is banned
|rule|Species Clause: Limit one of each Pokémon
|rule|OHKO Clause: OHKO moves are banned
|rule|Evasion Items Clause: Evasion items are banned
|rule|Evasion Moves Clause: Evasion moves are banned
|rule|Evasion Abilities Clause: Evasion abilities are banned
|rule|Sleep Moves Clause: Sleep-inducing moves are banned
|clearpoke
|poke|p1|Darkrai|
|poke|p1|Ogerpon-Cornerstone, F|
|poke|p1|Great Tusk|
|poke|p1|Kyurem|
|poke|p1|Primarina, F|
|poke|p1|Dragonite, F|
|poke|p2|Rillaboom, F|
|poke|p2|Hawlucha, M|
|poke|p2|Thundurus-Therian, M|
|poke|p2|Great Tusk|
|poke|p2|Volcanion|
|poke|p2|Goodra-Hisui, M|
|teampreview
|inactive|Battle timer is ON: inactive players will automatically lose when time's up. (requested by mansonabuluting)
|
|t:|1757830837
|teamsize|p1|6
|teamsize|p2|6
|start
|switch|p1a: Ogerpon|Ogerpon-Cornerstone, F|100/100
|switch|p2a: Thundurus|Thundurus-Therian, M|100/100
|turn|1
|
|t:|1757830853
|move|p2a: Thundurus|Volt Switch|p1a: Ogerpon
|-resisted|p1a: Ogerpon
|-crit|p1a: Ogerpon
|-damage|p1a: Ogerpon|63/100
|
|t:|1757830865
|switch|p2a: Rillaboom|Rillaboom, F|100/100|[from] Volt Switch
|-fieldstart|move: Grassy Terrain|[from] ability: Grassy Surge|[of] p2a: Rillaboom
|move|p1a: Ogerpon|Spikes|p2a: Rillaboom
|-sidestart|p2: mansonabuluting|Spikes
|
|-heal|p1a: Ogerpon|69/100|[from] Grassy Terrain
|upkeep
|turn|2
|
|t:|1757830873
|move|p1a: Ogerpon|Ivy Cudgel|p2a: Rillaboom|[anim] Ivy Cudgel Rock
|-damage|p2a: Rillaboom|49/100
|move|p2a: Rillaboom|Wood Hammer|p1a: Ogerpon
|-damage|p1a: Ogerpon|0 fnt
|faint|p1a: Ogerpon
|-damage|p2a: Rillaboom|32/100|[from] Recoil
|
|-heal|p2a: Rillaboom|38/100|[from] Grassy Terrain
|upkeep
|
|t:|1757830886
|switch|p1a: Kyurem|Kyurem|100/100
|-ability|p1a: Kyurem|Pressure
|turn|3
|
|t:|1757830895
|switch|p2a: Volcanion|Volcanion|100/100
|-damage|p2a: Volcanion|88/100|[from] Spikes
|move|p1a: Kyurem|Ice Beam|p2a: Volcanion
|-resisted|p2a: Volcanion
|-damage|p2a: Volcanion|71/100
|
|-heal|p2a: Volcanion|77/100|[from] Grassy Terrain
|upkeep
|turn|4
|
|t:|1757830910
|switch|p1a: Primarina|Primarina, F|100/100
|move|p2a: Volcanion|Overheat|p1a: Primarina|[miss]
|-miss|p2a: Volcanion|p1a: Primarina
|
|-heal|p2a: Volcanion|83/100|[from] Grassy Terrain
|upkeep
|turn|5
|
|t:|1757830925
|switch|p2a: Thundurus|Thundurus-Therian, M|100/100
|switch|p1a: Kyurem|Kyurem|100/100
|-ability|p1a: Kyurem|Pressure
|
|-fieldend|move: Grassy Terrain
|upkeep
|turn|6
|
|t:|1757830944
|move|p2a: Thundurus|Volt Switch|p1a: Kyurem
|-resisted|p1a: Kyurem
|-damage|p1a: Kyurem|81/100
|
|t:|1757830956
|switch|p2a: Goodra|Goodra-Hisui, M|100/100|[from] Volt Switch
|-damage|p2a: Goodra|88/100|[from] Spikes
|move|p1a: Kyurem|Freeze-Dry|p2a: Goodra
|-damage|p2a: Goodra|64/100
|
|upkeep
|turn|7
|
|t:|1757830967
|switch|p1a: Primarina|Primarina, F|100/100
|move|p2a: Goodra|Draco Meteor|p1a: Primarina
|-immune|p1a: Primarina
|
|upkeep
|turn|8
|
|t:|1757830977
|switch|p2a: Thundurus|Thundurus-Therian, M|100/100
|move|p1a: Primarina|Flip Turn|p2a: Thundurus
|-damage|p2a: Thundurus|78/100
|
|t:|1757830980
|switch|p1a: Kyurem|Kyurem|81/100|[from] Flip Turn
|-ability|p1a: Kyurem|Pressure
|
|upkeep
|turn|9
|inactive|mansonabuluting has 120 seconds left.
|
|t:|1757831013
|-terastallize|p2a: Thundurus|Flying
|move|p2a: Thundurus|Tera Blast|p1a: Kyurem|[anim] Tera Blast Flying
|-damage|p1a: Kyurem|19/100
|move|p1a: Kyurem|Draco Meteor|p2a: Thundurus|[miss]
|-miss|p1a: Kyurem|p2a: Thundurus
|
|upkeep
|turn|10
|
|t:|1757831021
|move|p2a: Thundurus|Tera Blast|p1a: Kyurem|[anim] Tera Blast Flying
|-damage|p1a: Kyurem|0 fnt
|faint|p1a: Kyurem
|
|upkeep
|
|t:|1757831041
|switch|p1a: Dragonite|Dragonite, F|100/100
|turn|11
|
|t:|1757831045
|move|p2a: Thundurus|Tera Blast|p1a: Dragonite|[anim] Tera Blast Flying
|-damage|p1a: Dragonite|67/100
|move|p1a: Dragonite|Scale Shot|p2a: Thundurus
|-damage|p2a: Thundurus|54/100
|-damage|p2a: Thundurus|30/100
|-damage|p2a: Thundurus|5/100
|-damage|p2a: Thundurus|0 fnt
|faint|p2a: Thundurus
|-hitcount|p2: Thundurus|4
|-unboost|p1a: Dragonite|def|1
|-boost|p1a: Dragonite|spe|1
|
|upkeep
|
|t:|1757831049
|switch|p2a: Great Tusk|Great Tusk|100/100
|-damage|p2a: Great Tusk|88/100|[from] Spikes
|turn|12
|
|t:|1757831054
|move|p1a: Dragonite|Scale Shot|p2a: Great Tusk
|-damage|p2a: Great Tusk|82/100
|-damage|p2a: Great Tusk|74/100
|-damage|p2a: Great Tusk|67/100
|-damage|p2a: Great Tusk|59/100
|-hitcount|p2a: Great Tusk|4
|-unboost|p1a: Dragonite|def|1
|-boost|p1a: Dragonite|spe|1
|move|p2a: Great Tusk|Ice Spinner|p1a: Dragonite
|-supereffective|p1a: Dragonite
|-crit|p1a: Dragonite
|-damage|p1a: Dragonite|0 fnt
|faint|p1a: Dragonite
|
|upkeep
|
|t:|1757831056
|switch|p1a: Darkrai|Darkrai|100/100
|turn|13
|
|t:|1757831080
|move|p1a: Darkrai|Psychic|p2a: Great Tusk
|-supereffective|p2a: Great Tusk
|-damage|p2a: Great Tusk|0 fnt
|faint|p2a: Great Tusk
|-end|p2a: Great Tusk|Protosynthesis|[silent]
|
|upkeep
|
|t:|1757831084
|switch|p2a: Rillaboom|Rillaboom, F|38/100
|-damage|p2a: Rillaboom|26/100|[from] Spikes
|-fieldstart|move: Grassy Terrain|[from] ability: Grassy Surge|[of] p2a: Rillaboom
|turn|14
|
|t:|1757831095
|move|p2a: Rillaboom|Grassy Glide|p1a: Darkrai
|-damage|p1a: Darkrai|23/100
|move|p1a: Darkrai|Psychic|p2a: Rillaboom
|-damage|p2a: Rillaboom|0 fnt
|faint|p2a: Rillaboom
|
|-heal|p1a: Darkrai|29/100|[from] Grassy Terrain
|upkeep
|
|t:|1757831099
|switch|p2a: Hawlucha|Hawlucha, M|100/100
|-enditem|p2a: Hawlucha|Grassy Seed
|-boost|p2a: Hawlucha|def|1|[from] item: Grassy Seed
|turn|15
|
|t:|1757831107
|move|p1a: Darkrai|Psychic|p2a: Hawlucha
|-supereffective|p2a: Hawlucha
|-damage|p2a: Hawlucha|11/100
|move|p2a: Hawlucha|Acrobatics|p1a: Darkrai
|-damage|p1a: Darkrai|0 fnt
|faint|p1a: Darkrai
|
|upkeep
|
|t:|1757831113
|switch|p1a: Great Tusk|Great Tusk|100/100
|turn|16
|
|t:|1757831120
|-terastallize|p1a: Great Tusk|Fire
|move|p2a: Hawlucha|Acrobatics|p1a: Great Tusk
|-damage|p1a: Great Tusk|64/100
|move|p1a: Great Tusk|Rapid Spin|p2a: Hawlucha
|-damage|p2a: Hawlucha|0 fnt
|-boost|p1a: Great Tusk|spe|1
|faint|p2a: Hawlucha
|
|-heal|p1a: Great Tusk|70/100|[from] Grassy Terrain
|upkeep
|
|t:|1757831124
|switch|p2a: Volcanion|Volcanion|83/100
|-damage|p2a: Volcanion|71/100|[from] Spikes
|turn|17
|
|t:|1757831130
|move|p1a: Great Tusk|Headlong Rush|p2a: Volcanion
|-supereffective|p2a: Volcanion
|-damage|p2a: Volcanion|0 fnt
|-unboost|p1a: Great Tusk|def|1
|-unboost|p1a: Great Tusk|spd|1
|faint|p2a: Volcanion
|
|-heal|p1a: Great Tusk|76/100|[from] Grassy Terrain
|upkeep
|
|t:|1757831133
|switch|p2a: Goodra|Goodra-Hisui, M|64/100
|-damage|p2a: Goodra|51/100|[from] Spikes
|turn|18
|
|t:|1757831137
|move|p1a: Great Tusk|Headlong Rush|p2a: Goodra
|-supereffective|p2a: Goodra
|-damage|p2a: Goodra|0 fnt
|-unboost|p1a: Great Tusk|def|1
|-unboost|p1a: Great Tusk|spd|1
|-ability|p2a: Goodra|Gooey
|-unboost|p1a: Great Tusk|spe|1
|faint|p2a: Goodra
|
|win|BettyLaBonita
|raw|BettyLaBonita's rating: 1572 &rarr; <strong>1592</strong><br />(+20 for winning)
|raw|mansonabuluting's rating: 1567 &rarr; <strong>1547</strong><br />(-20 for losing)
|l|☆mansonabuluting
|player|p2|
|l|☆BettyLaBonita
|player|p1|
