|j|☆potayo
|j|☆Acastillo631
|t:|1757898782
|gametype|singles
|player|p1|potayo|1|1665
|player|p2|Acastillo631|silver|1632
|gen|9
|tier|[Gen 9] OU
|rated|
|rule|HP Percentage Mod: HP is shown in percentages
|rule|Endless Battle Clause: Forcing endless battles is banned
|rule|Species Clause: Limit one of each Pokémon
|rule|OHKO Clause: OHKO moves are banned
|rule|Evasion Items Clause: Evasion items are banned
|rule|Evasion Moves Clause: Evasion moves are banned
|rule|Evasion Abilities Clause: Evasion abilities are banned
|rule|Sleep Moves Clause: Sleep-inducing moves are banned
|clearpoke
|poke|p1|Hatterene, F|
|poke|p1|Cresselia, F|
|poke|p1|Hoopa-Unbound|
|poke|p1|Rabsca, F|
|poke|p1|Mimikyu, F|
|poke|p1|Kingambit, F|
|poke|p2|Iron Valiant|
|poke|p2|Tyranitar, F|
|poke|p2|Corviknight, F|
|poke|p2|Sinistcha|
|poke|p2|Keldeo-Resolute|
|poke|p2|Muk-Alola, F|
|teampreview
|inactive|Battle timer is ON: inactive players will automatically lose when time's up. (requested by Acastillo631)
|
|t:|1757898812
|teamsize|p1|6
|teamsize|p2|6
|start
|switch|p1a: Kingambit|Kingambit, F|100/100
|switch|p2a: Muk|Muk-Alola, F|100/100
|turn|1
|
|t:|1757898818
|move|p1a: Kingambit|Iron Head|p2a: Muk
|-damage|p2a: Muk|25/100
|move|p2a: Muk|Drain Punch|p1a: Kingambit
|-supereffective|p1a: Kingambit
|-damage|p1a: Kingambit|49/100
|-heal|p2a: Muk|50/100|[from] drain|[of] p1a: Kingambit
|
|-heal|p2a: Muk|56/100|[from] item: Leftovers
|upkeep
|turn|2
|
|t:|1757898822
|switch|p2a: Wind Crowrang|Corviknight, F|100/100
|move|p1a: Kingambit|Iron Head|p2a: Wind Crowrang
|-resisted|p2a: Wind Crowrang
|-damage|p2a: Wind Crowrang|79/100
|-damage|p1a: Kingambit|32/100|[from] item: Rocky Helmet|[of] p2a: Wind Crowrang
|
|upkeep
|turn|3
|
|t:|1757898825
|-end|p1a: Kingambit|fallenundefined|[silent]
|switch|p1a: Hatterene|Hatterene, F|100/100
|move|p2a: Wind Crowrang|U-turn|p1a: Hatterene
|-damage|p1a: Hatterene|89/100
|-damage|p2a: Wind Crowrang|63/100|[from] item: Rocky Helmet|[of] p1a: Hatterene
|
|t:|1757898831
|switch|p2a: Muk|Muk-Alola, F|56/100|[from] U-turn
|
|-heal|p2a: Muk|62/100|[from] item: Leftovers
|upkeep
|turn|4
|
|t:|1757898844
|move|p2a: Muk|Knock Off|p1a: Hatterene
|-damage|p1a: Hatterene|63/100
|-damage|p2a: Muk|45/100|[from] item: Rocky Helmet|[of] p1a: Hatterene
|-status|p1a: Hatterene|psn|[from] ability: Poison Touch|[of] p2a: Muk
|-enditem|p1a: Hatterene|Rocky Helmet|[from] move: Knock Off|[of] p2a: Muk
|move|p1a: Hatterene|Draining Kiss|p2a: Muk
|-damage|p2a: Muk|31/100
|-heal|p1a: Hatterene|77/100 psn|[from] drain|[of] p2a: Muk
|
|-heal|p2a: Muk|37/100|[from] item: Leftovers
|-damage|p1a: Hatterene|65/100 psn|[from] psn
|upkeep
|turn|5
|
|t:|1757898854
|switch|p1a: Kingambit|Kingambit, F|32/100
|move|p2a: Muk|Poison Fang|p1a: Kingambit
|-immune|p1a: Kingambit
|
|-heal|p2a: Muk|43/100|[from] item: Leftovers
|upkeep
|turn|6
|
|t:|1757898867
|move|p1a: Kingambit|Kowtow Cleave|p2a: Muk
|-resisted|p2a: Muk
|-damage|p2a: Muk|0 fnt
|faint|p2a: Muk
|
|upkeep
|
|t:|1757898873
|switch|p2a: Wind Crowrang|Corviknight, F|63/100
|turn|7
|inactive|potayo has 120 seconds left.
|
|t:|1757898928
|-end|p1a: Kingambit|fallenundefined|[silent]
|switch|p1a: Hatterene|Hatterene, F|65/100 psn
|move|p2a: Wind Crowrang|Roost|p2a: Wind Crowrang
|-heal|p2a: Wind Crowrang|100/100
|-singleturn|p2a: Wind Crowrang|move: Roost
|
|-damage|p1a: Hatterene|53/100 psn|[from] psn
|upkeep
|turn|8
|
|t:|1757898936
|move|p2a: Wind Crowrang|U-turn|p1a: Hatterene
|-damage|p1a: Hatterene|41/100 psn
|
|t:|1757898937
|switch|p2a: Eregion|Tyranitar, F|100/100|[from] U-turn
|-weather|Sandstorm|[from] ability: Sand Stream|[of] p2a: Eregion
|move|p1a: Hatterene|Trick Room|p1a: Hatterene
|-fieldstart|move: Trick Room|[of] p1a: Hatterene
|
|-weather|Sandstorm|[upkeep]
|-damage|p1a: Hatterene|35/100 psn|[from] Sandstorm
|-damage|p1a: Hatterene|23/100 psn|[from] psn
|upkeep
|turn|9
|inactive|potayo has 120 seconds left.
|
|t:|1757898945
|move|p1a: Hatterene|Healing Wish|p1a: Hatterene
|faint|p1a: Hatterene
|move|p2a: Eregion|Stealth Rock|p1: Hatterene
|-sidestart|p1: potayo|move: Stealth Rock
|
|-weather|Sandstorm|[upkeep]
|upkeep
|inactive|potayo has 120 seconds left.
|
|t:|1757898951
|switch|p1a: Kingambit|Kingambit, F|32/100
|-heal|p1a: Kingambit|100/100|[from] move: Healing Wish
|-damage|p1a: Kingambit|94/100|[from] Stealth Rock
|-activate|p1a: Kingambit|ability: Supreme Overlord
|-start|p1a: Kingambit|fallen1|[silent]
|turn|10
|inactive|potayo has 120 seconds left.
|
|t:|1757898961
|switch|p2a: Wind Crowrang|Corviknight, F|100/100
|move|p1a: Kingambit|Kowtow Cleave|p2a: Wind Crowrang
|-damage|p2a: Wind Crowrang|51/100
|-damage|p1a: Kingambit|78/100|[from] item: Rocky Helmet|[of] p2a: Wind Crowrang
|
|-weather|Sandstorm|[upkeep]
|upkeep
|turn|11
|
|t:|1757898969
|switch|p2a: Spiral Pegasus|Keldeo-Resolute|100/100
|move|p1a: Kingambit|Kowtow Cleave|p2a: Spiral Pegasus
|-resisted|p2a: Spiral Pegasus
|-damage|p2a: Spiral Pegasus|51/100
|-ability|p2a: Spiral Pegasus|Justified|boost
|-boost|p2a: Spiral Pegasus|atk|1
|
|-weather|Sandstorm|[upkeep]
|-damage|p2a: Spiral Pegasus|45/100|[from] Sandstorm
|upkeep
|turn|12
|
|t:|1757898973
|-terastallize|p1a: Kingambit|Dark
|move|p2a: Spiral Pegasus|Vacuum Wave|p1a: Kingambit
|-supereffective|p1a: Kingambit
|-damage|p1a: Kingambit|41/100
|move|p1a: Kingambit|Kowtow Cleave|p2a: Spiral Pegasus
|-resisted|p2a: Spiral Pegasus
|-damage|p2a: Spiral Pegasus|0 fnt
|faint|p2a: Spiral Pegasus
|
|-weather|none
|-fieldend|move: Trick Room
|upkeep
|
|t:|1757898978
|switch|p2a: Sage Harpuia|Iron Valiant|100/100
|-enditem|p2a: Sage Harpuia|Booster Energy
|-activate|p2a: Sage Harpuia|ability: Quark Drive|[fromitem]
|-start|p2a: Sage Harpuia|quarkdrivespe
|turn|13
|
|t:|1757898991
|-end|p1a: Kingambit|fallen1|[silent]
|switch|p1a: Cresselia|Cresselia, F|100/100
|-damage|p1a: Cresselia|88/100|[from] Stealth Rock
|move|p2a: Sage Harpuia|Moonblast|p1a: Cresselia
|-crit|p1a: Cresselia
|-damage|p1a: Cresselia|40/100
|
|upkeep
|turn|14
|
|t:|1757899013
|-end|p2a: Sage Harpuia|Quark Drive|[silent]
|switch|p2a: Eregion|Tyranitar, F|100/100
|-weather|Sandstorm|[from] ability: Sand Stream|[of] p2a: Eregion
|move|p1a: Cresselia|Trick Room|p1a: Cresselia
|-fieldstart|move: Trick Room|[of] p1a: Cresselia
|
|-weather|Sandstorm|[upkeep]
|-damage|p1a: Cresselia|34/100|[from] Sandstorm
|upkeep
|turn|15
|
|t:|1757899021
|move|p2a: Eregion|Knock Off|p1a: Cresselia
|-supereffective|p1a: Cresselia
|-enditem|p1a: Cresselia|Colbur Berry|[eat]
|-enditem|p1a: Cresselia|Colbur Berry|[weaken]
|-damage|p1a: Cresselia|10/100
|move|p1a: Cresselia|Lunar Dance|p1a: Cresselia
|faint|p1a: Cresselia
|
|-weather|Sandstorm|[upkeep]
|upkeep
|
|t:|1757899027
|switch|p1a: Kingambit|Kingambit, F, tera:Dark|41/100
|-heal|p1a: Kingambit|100/100|[from] move: Lunar Dance
|-damage|p1a: Kingambit|88/100|[from] Stealth Rock
|-activate|p1a: Kingambit|ability: Supreme Overlord
|-start|p1a: Kingambit|fallen2|[silent]
|turn|16
|inactive|Acastillo631 has 120 seconds left.
|
|t:|1757899075
|switch|p2a: Wind Crowrang|Corviknight, F|51/100
|move|p1a: Kingambit|Iron Head|p2a: Wind Crowrang
|-resisted|p2a: Wind Crowrang
|-crit|p2a: Wind Crowrang
|-damage|p2a: Wind Crowrang|13/100
|-damage|p1a: Kingambit|72/100|[from] item: Rocky Helmet|[of] p2a: Wind Crowrang
|
|-weather|Sandstorm|[upkeep]
|-damage|p1a: Kingambit|65/100|[from] Sandstorm
|upkeep
|turn|17
|
|t:|1757899087
|move|p1a: Kingambit|Iron Head|p2a: Wind Crowrang
|-resisted|p2a: Wind Crowrang
|-damage|p2a: Wind Crowrang|0 fnt
|-damage|p1a: Kingambit|49/100|[from] item: Rocky Helmet|[of] p2a: Wind Crowrang
|faint|p2a: Wind Crowrang
|
|-weather|Sandstorm|[upkeep]
|-damage|p1a: Kingambit|43/100|[from] Sandstorm
|upkeep
|
|t:|1757899098
|switch|p2a: Wire Sponge|Sinistcha|100/100
|turn|18
|
|t:|1757899109
|-terastallize|p2a: Wire Sponge|Poison
|move|p1a: Kingambit|Iron Head|p2a: Wire Sponge
|-damage|p2a: Wire Sponge|36/100
|move|p2a: Wire Sponge|Strength Sap|p1a: Kingambit
|-unboost|p1a: Kingambit|atk|1
|-heal|p2a: Wire Sponge|100/100
|
|-weather|none
|-fieldend|move: Trick Room
|upkeep
|turn|19
|
|t:|1757899119
|-end|p1a: Kingambit|fallen2|[silent]
|switch|p1a: Hoopa|Hoopa-Unbound|100/100
|-damage|p1a: Hoopa|88/100|[from] Stealth Rock
|move|p2a: Wire Sponge|Shadow Ball|p1a: Hoopa
|-damage|p1a: Hoopa|69/100
|
|upkeep
|turn|20
|
|t:|1757899138
|switch|p2a: Eregion|Tyranitar, F|100/100
|-weather|Sandstorm|[from] ability: Sand Stream|[of] p2a: Eregion
|move|p1a: Hoopa|Psychic Noise|p2a: Eregion
|-immune|p2a: Eregion
|
|-weather|Sandstorm|[upkeep]
|-damage|p1a: Hoopa|63/100|[from] Sandstorm
|upkeep
|turn|21
|inactive|potayo has 120 seconds left.
|
|t:|1757899169
|switch|p2a: Sage Harpuia|Iron Valiant|100/100
|move|p1a: Hoopa|Destiny Bond|p1a: Hoopa
|-singlemove|p1a: Hoopa|Destiny Bond
|
|-weather|Sandstorm|[upkeep]
|-damage|p2a: Sage Harpuia|94/100|[from] Sandstorm
|-damage|p1a: Hoopa|57/100|[from] Sandstorm
|upkeep
|turn|22
|inactive|Acastillo631 has 120 seconds left.
|
|t:|1757899176
|move|p2a: Sage Harpuia|Encore|p1a: Hoopa
|-start|p1a: Hoopa|Encore
|move|p1a: Hoopa|Destiny Bond||[still]
|-fail|p1a: Hoopa
|
|-weather|Sandstorm|[upkeep]
|-damage|p2a: Sage Harpuia|88/100|[from] Sandstorm
|-damage|p1a: Hoopa|51/100|[from] Sandstorm
|upkeep
|turn|23
|
|t:|1757899182
|switch|p1a: Mimikyu|Mimikyu, F|100/100
|-damage|p1a: Mimikyu|88/100|[from] Stealth Rock
|move|p2a: Sage Harpuia|Moonblast|p1a: Mimikyu
|-activate|p1a: Mimikyu|ability: Disguise
|-damage|p1a: Mimikyu|88/100
|detailschange|p1a: Mimikyu|Mimikyu-Busted, F
|-damage|p1a: Mimikyu|76/100|[from] pokemon: Mimikyu-Busted
|-enditem|p1a: Mimikyu|Red Card|[of] p2a: Sage Harpuia
|-end|p2a: Sage Harpuia|Quark Drive|[silent]
|drag|p2a: Eregion|Tyranitar, F|100/100
|
|-weather|Sandstorm|[upkeep]
|-damage|p1a: Mimikyu|70/100|[from] Sandstorm
|upkeep
|turn|24
|
|t:|1757899198
|move|p2a: Eregion|Knock Off|p1a: Mimikyu
|-damage|p1a: Mimikyu|43/100
|move|p1a: Mimikyu|Trick Room|p1a: Mimikyu
|-fieldstart|move: Trick Room|[of] p1a: Mimikyu
|
|-weather|none
|upkeep
|turn|25
|
|t:|1757899204
|switch|p2a: Wire Sponge|Sinistcha, tera:Poison|100/100
|move|p1a: Mimikyu|Curse|p2a: Wire Sponge
|-start|p2a: Wire Sponge|Curse|[of] p1a: Mimikyu
|-damage|p1a: Mimikyu|0 fnt
|faint|p1a: Mimikyu
|
|-damage|p2a: Wire Sponge|76/100|[from] Curse
|upkeep
|
|t:|1757899206
|switch|p1a: Kingambit|Kingambit, F, tera:Dark|43/100
|-damage|p1a: Kingambit|30/100|[from] Stealth Rock
|-activate|p1a: Kingambit|ability: Supreme Overlord
|-start|p1a: Kingambit|fallen3|[silent]
|turn|26
|
|t:|1757899211
|move|p1a: Kingambit|Iron Head|p2a: Wire Sponge
|-damage|p2a: Wire Sponge|5/100
|cant|p2a: Wire Sponge|flinch
|
|-damage|p2a: Wire Sponge|0 fnt|[from] Curse
|faint|p2a: Wire Sponge
|upkeep
|
|t:|1757899221
|switch|p2a: Eregion|Tyranitar, F|100/100
|-weather|Sandstorm|[from] ability: Sand Stream|[of] p2a: Eregion
|turn|27
|
|t:|1757899228
|move|p1a: Kingambit|Iron Head|p2a: Eregion
|-supereffective|p2a: Eregion
|-damage|p2a: Eregion|0 fnt
|faint|p2a: Eregion
|
|-weather|Sandstorm|[upkeep]
|-damage|p1a: Kingambit|24/100|[from] Sandstorm
|upkeep
|
|t:|1757899231
|switch|p2a: Sage Harpuia|Iron Valiant|88/100
|turn|28
|
|t:|1757899234
|move|p1a: Kingambit|Iron Head|p2a: Sage Harpuia
|-supereffective|p2a: Sage Harpuia
|-damage|p2a: Sage Harpuia|0 fnt
|faint|p2a: Sage Harpuia
|-end|p2a: Sage Harpuia|Quark Drive|[silent]
|
|win|potayo
|raw|potayo's rating: 1665 &rarr; <strong>1683</strong><br />(+18 for winning)
|raw|Acastillo631's rating: 1632 &rarr; <strong>1614</strong><br />(-18 for losing)
|l|☆potayo
|player|p1|
|l|☆Acastillo631
|player|p2|
