|j|☆james897_yt
|j|☆Toxic Smite
|t:|1757913590
|gametype|singles
|player|p1|james897_yt|cynthia|1069
|player|p2|Toxic Smite|gambler|1163
|gen|9
|tier|[Gen 9] OU
|rated|
|rule|HP Percentage Mod: HP is shown in percentages
|rule|Endless Battle Clause: Forcing endless battles is banned
|rule|Species Clause: Limit one of each Pokémon
|rule|OHKO Clause: OHKO moves are banned
|rule|Evasion Items Clause: Evasion items are banned
|rule|Evasion Moves Clause: Evasion moves are banned
|rule|Evasion Abilities Clause: Evasion abilities are banned
|rule|Sleep Moves Clause: Sleep-inducing moves are banned
|clearpoke
|poke|p1|Sandslash-Alola, F|
|poke|p1|Kyurem|
|poke|p1|Moltres|
|poke|p1|Zamazenta-*|
|poke|p1|Cetitan, M|
|poke|p1|Ninetales-Alola, F|
|poke|p2|Raging Bolt|
|poke|p2|Zapdos|
|poke|p2|Electrode-Hisui|
|poke|p2|Rotom|
|poke|p2|Iron Hands|
|poke|p2|Morpeko, M|
|teampreview
|inactive|Battle timer is ON: inactive players will automatically lose when time's up. (requested by james897_yt)
|inactive|Toxic Smite has 120 seconds left.
|
|t:|1757913622
|teamsize|p1|6
|teamsize|p2|6
|start
|switch|p1a: Ninetales|Ninetales-Alola, F|100/100
|switch|p2a: Rotom|Rotom|100/100
|-weather|Snowscape|[from] ability: Snow Warning|[of] p1a: Ninetales
|turn|1
|
|t:|1757913631
|move|p2a: Rotom|Trick|p1a: Ninetales
|-activate|p2a: Rotom|move: Trick|[of] p1a: Ninetales
|-item|p1a: Ninetales|Choice Scarf|[from] move: Trick
|-item|p2a: Rotom|Icy Rock|[from] move: Trick
|move|p1a: Ninetales|Aurora Veil|p1a: Ninetales
|-sidestart|p1: james897_yt|move: Aurora Veil
|
|-weather|Snowscape|[upkeep]
|upkeep
|turn|2
|
|t:|1757913638
|switch|p1a: Sandslash|Sandslash-Alola, F|100/100
|move|p2a: Rotom|Sunny Day|p2a: Rotom
|-weather|SunnyDay
|
|-weather|SunnyDay|[upkeep]
|upkeep
|turn|3
|
|t:|1757913645
|move|p2a: Rotom|Will-O-Wisp|p1a: Sandslash
|-status|p1a: Sandslash|brn
|move|p1a: Sandslash|Knock Off|p2a: Rotom
|-supereffective|p2a: Rotom
|-damage|p2a: Rotom|60/100
|-enditem|p2a: Rotom|Icy Rock|[from] move: Knock Off|[of] p1a: Sandslash
|
|-weather|SunnyDay|[upkeep]
|-damage|p1a: Sandslash|94/100 brn|[from] brn
|upkeep
|turn|4
|
|t:|1757913656
|switch|p1a: Ninetales|Ninetales-Alola, F|100/100
|-weather|Snowscape|[from] ability: Snow Warning|[of] p1a: Ninetales
|move|p2a: Rotom|Volt Switch|p1a: Ninetales
|-damage|p1a: Ninetales|86/100
|inactive|Toxic Smite has 120 seconds left.
|
|t:|1757913684
|switch|p2a: Morpeko|Morpeko, M|100/100|[from] Volt Switch
|
|-weather|Snowscape|[upkeep]
|-formechange|p2a: Morpeko|Morpeko-Hangry||[from] ability: Hunger Switch
|upkeep
|turn|5
|
|t:|1757913695
|switch|p1a: Zamazenta|Zamazenta|100/100
|-ability|p1a: Zamazenta|Dauntless Shield|boost
|-boost|p1a: Zamazenta|def|1
|move|p2a: Morpeko|Aura Wheel|p1a: Zamazenta
|-resisted|p1a: Zamazenta
|-damage|p1a: Zamazenta|94/100
|-boost|p2a: Morpeko|spe|1
|
|-weather|Snowscape|[upkeep]
|-heal|p1a: Zamazenta|99/100|[from] item: Leftovers
|-sideend|p1: james897_yt|move: Aurora Veil
|-formechange|p2a: Morpeko|Morpeko||[from] ability: Hunger Switch
|upkeep
|turn|6
|
|t:|1757913705
|switch|p2a: Rotom|Rotom|60/100
|move|p1a: Zamazenta|Iron Defense|p1a: Zamazenta
|-boost|p1a: Zamazenta|def|2
|
|-weather|Snowscape|[upkeep]
|-heal|p1a: Zamazenta|100/100|[from] item: Leftovers
|upkeep
|turn|7
|
|t:|1757913712
|move|p1a: Zamazenta|Crunch|p2a: Rotom
|-supereffective|p2a: Rotom
|-damage|p2a: Rotom|0 fnt
|faint|p2a: Rotom
|
|-weather|Snowscape|[upkeep]
|upkeep
|
|t:|1757913728
|switch|p2a: Zapdos|Zapdos, shiny|100/100
|turn|8
|
|t:|1757913733
|switch|p1a: Ninetales|Ninetales-Alola, F|86/100
|move|p2a: Zapdos|Charge|p2a: Zapdos
|-boost|p2a: Zapdos|spd|1
|-start|p2a: Zapdos|Charge
|
|-weather|none
|upkeep
|turn|9
|
|t:|1757913744
|move|p1a: Ninetales|Encore|p2a: Zapdos
|-start|p2a: Zapdos|Encore
|move|p2a: Zapdos|Charge|p2a: Zapdos
|-boost|p2a: Zapdos|spd|1
|-start|p2a: Zapdos|Charge
|
|upkeep
|turn|10
|
|t:|1757913749
|switch|p1a: Cetitan|Cetitan, M|100/100
|move|p2a: Zapdos|Charge|p2a: Zapdos
|-boost|p2a: Zapdos|spd|1
|-start|p2a: Zapdos|Charge
|
|upkeep
|turn|11
|
|t:|1757913752
|move|p1a: Cetitan|Play Rough|p2a: Zapdos
|-damage|p2a: Zapdos|76/100
|move|p2a: Zapdos|Charge|p2a: Zapdos
|-boost|p2a: Zapdos|spd|1
|-start|p2a: Zapdos|Charge
|
|-end|p2a: Zapdos|Encore
|upkeep
|turn|12
|
|t:|1757913762
|move|p1a: Cetitan|Belly Drum|p1a: Cetitan
|-damage|p1a: Cetitan|51/100
|-setboost|p1a: Cetitan|atk|6|[from] move: Belly Drum
|move|p2a: Zapdos|Thunderbolt|p1a: Cetitan
|-damage|p1a: Cetitan|0 fnt
|faint|p1a: Cetitan
|-end|p2a: Zapdos|Charge|[silent]
|
|upkeep
|
|t:|1757913766
|switch|p1a: Ninetales|Ninetales-Alola, F|86/100
|-weather|Snowscape|[from] ability: Snow Warning|[of] p1a: Ninetales
|turn|13
|
|t:|1757913773
|move|p1a: Ninetales|Aurora Veil|p1a: Ninetales
|-sidestart|p1: james897_yt|move: Aurora Veil
|move|p2a: Zapdos|Charge|p2a: Zapdos
|-boost|p2a: Zapdos|spd|1
|-start|p2a: Zapdos|Charge
|
|-weather|Snowscape|[upkeep]
|upkeep
|turn|14
|
|t:|1757913780
|switch|p1a: Sandslash|Sandslash-Alola, F|94/100 brn
|move|p2a: Zapdos|Thunderbolt|p1a: Sandslash
|-damage|p1a: Sandslash|20/100 brn
|-end|p2a: Zapdos|Charge|[silent]
|
|-weather|Snowscape|[upkeep]
|-damage|p1a: Sandslash|14/100 brn|[from] brn
|upkeep
|turn|15
|
|t:|1757913802
|move|p1a: Sandslash|Triple Axel|p2a: Zapdos
|-supereffective|p2a: Zapdos
|-damage|p2a: Zapdos|67/100
|-supereffective|p2a: Zapdos
|-damage|p2a: Zapdos|49/100
|-supereffective|p2a: Zapdos
|-crit|p2a: Zapdos
|-damage|p2a: Zapdos|12/100
|-hitcount|p2a: Zapdos|3
|move|p2a: Zapdos|Roost|p2a: Zapdos
|-heal|p2a: Zapdos|62/100
|-singleturn|p2a: Zapdos|move: Roost
|
|-weather|Snowscape|[upkeep]
|-damage|p1a: Sandslash|8/100 brn|[from] brn
|upkeep
|turn|16
|inactive|Toxic Smite has 120 seconds left.
|
|t:|1757913827
|move|p1a: Sandslash|Knock Off|p2a: Zapdos
|-damage|p2a: Zapdos|49/100
|-enditem|p2a: Zapdos|Heavy-Duty Boots|[from] move: Knock Off|[of] p1a: Sandslash
|move|p2a: Zapdos|Roost|p2a: Zapdos
|-heal|p2a: Zapdos|99/100
|-singleturn|p2a: Zapdos|move: Roost
|
|-weather|Snowscape|[upkeep]
|-damage|p1a: Sandslash|2/100 brn|[from] brn
|upkeep
|turn|17
|inactive|Toxic Smite has 120 seconds left.
|
|t:|1757913833
|move|p1a: Sandslash|Stealth Rock|p2a: Zapdos
|-sidestart|p2: Toxic Smite|move: Stealth Rock
|move|p2a: Zapdos|Roost|p2a: Zapdos
|-heal|p2a: Zapdos|100/100
|-singleturn|p2a: Zapdos|move: Roost
|
|-weather|none
|-damage|p1a: Sandslash|0 fnt|[from] brn
|faint|p1a: Sandslash
|-sideend|p1: james897_yt|move: Aurora Veil
|upkeep
|
|t:|1757913841
|switch|p1a: Kyurem|Kyurem|100/100
|-ability|p1a: Kyurem|Pressure
|turn|18
|inactive|Toxic Smite has 120 seconds left.
|
|t:|1757913865
|move|p1a: Kyurem|Blizzard|p2a: Zapdos
|-supereffective|p2a: Zapdos
|-damage|p2a: Zapdos|43/100
|move|p2a: Zapdos|Charge|p2a: Zapdos
|-boost|p2a: Zapdos|spd|1
|-start|p2a: Zapdos|Charge
|
|upkeep
|turn|19
|
|t:|1757913868
|move|p1a: Kyurem|Blizzard|p2a: Zapdos
|-supereffective|p2a: Zapdos
|-damage|p2a: Zapdos|0 fnt
|faint|p2a: Zapdos
|
|upkeep
|
|t:|1757913875
|switch|p2a: Electrode|Electrode-Hisui|100/100
|-damage|p2a: Electrode|88/100|[from] Stealth Rock
|turn|20
|
|t:|1757913879
|move|p2a: Electrode|Substitute|p2a: Electrode
|-start|p2a: Electrode|Substitute
|-damage|p2a: Electrode|63/100
|move|p1a: Kyurem|Blizzard|p2a: Electrode
|-supereffective|p2a: Electrode
|-end|p2a: Electrode|Substitute
|
|-heal|p2a: Electrode|69/100|[from] item: Leftovers
|upkeep
|turn|21
|
|t:|1757913883
|switch|p1a: Ninetales|Ninetales-Alola, F|86/100
|-weather|Snowscape|[from] ability: Snow Warning|[of] p1a: Ninetales
|move|p2a: Electrode|Substitute|p2a: Electrode
|-start|p2a: Electrode|Substitute
|-damage|p2a: Electrode|44/100
|
|-weather|Snowscape|[upkeep]
|-heal|p2a: Electrode|50/100|[from] item: Leftovers
|upkeep
|turn|22
|
|t:|1757913889
|move|p1a: Ninetales|Blizzard|p2a: Electrode
|-supereffective|p2a: Electrode
|-end|p2a: Electrode|Substitute
|move|p2a: Electrode|Leech Seed|p1a: Ninetales
|-start|p1a: Ninetales|move: Leech Seed
|
|-weather|Snowscape|[upkeep]
|-heal|p2a: Electrode|56/100|[from] item: Leftovers
|-damage|p1a: Ninetales|74/100|[from] Leech Seed|[of] p2a: Electrode
|-heal|p2a: Electrode|69/100|[silent]
|upkeep
|turn|23
|
|t:|1757913904
|switch|p2a: Iron Hands|Iron Hands|100/100
|-damage|p2a: Iron Hands|94/100|[from] Stealth Rock
|move|p1a: Ninetales|Blizzard|p2a: Iron Hands
|-damage|p2a: Iron Hands|64/100
|
|-weather|Snowscape|[upkeep]
|-damage|p1a: Ninetales|61/100|[from] Leech Seed|[of] p2a: Iron Hands
|-heal|p2a: Iron Hands|72/100|[silent]
|upkeep
|turn|24
|
|t:|1757913920
|switch|p1a: Moltres|Moltres|100/100
|move|p2a: Iron Hands|Close Combat|p1a: Moltres
|-resisted|p1a: Moltres
|-damage|p1a: Moltres|43/100
|-unboost|p2a: Iron Hands|def|1
|-unboost|p2a: Iron Hands|spd|1
|-status|p2a: Iron Hands|brn|[from] ability: Flame Body|[of] p1a: Moltres
|
|-weather|Snowscape|[upkeep]
|-damage|p2a: Iron Hands|66/100 brn|[from] brn
|upkeep
|turn|25
|
|t:|1757913926
|-end|p2a: Iron Hands|Quark Drive|[silent]
|switch|p2a: Morpeko|Morpeko, M|100/100
|-damage|p2a: Morpeko|88/100|[from] Stealth Rock
|move|p1a: Moltres|U-turn|p2a: Morpeko
|-supereffective|p2a: Morpeko
|-damage|p2a: Morpeko|28/100
|
|t:|1757913930
|switch|p1a: Zamazenta|Zamazenta|100/100|[from] U-turn
|
|-weather|none
|-formechange|p2a: Morpeko|Morpeko-Hangry||[from] ability: Hunger Switch
|upkeep
|turn|26
|
|t:|1757913934
|move|p1a: Zamazenta|Iron Defense|p1a: Zamazenta
|-boost|p1a: Zamazenta|def|2
|move|p2a: Morpeko|Rapid Spin|p1a: Zamazenta
|-damage|p1a: Zamazenta|94/100
|-boost|p2a: Morpeko|spe|1
|-sideend|p2: Toxic Smite|Stealth Rock|[from] move: Rapid Spin|[of] p2a: Morpeko
|
|-heal|p1a: Zamazenta|99/100|[from] item: Leftovers
|-formechange|p2a: Morpeko|Morpeko||[from] ability: Hunger Switch
|upkeep
|turn|27
|
|t:|1757913940
|move|p2a: Morpeko|Aura Wheel|p1a: Zamazenta
|-damage|p1a: Zamazenta|79/100
|-boost|p2a: Morpeko|spe|1
|move|p1a: Zamazenta|Body Press|p2a: Morpeko
|-supereffective|p2a: Morpeko
|-damage|p2a: Morpeko|0 fnt
|faint|p2a: Morpeko
|
|-heal|p1a: Zamazenta|85/100|[from] item: Leftovers
|upkeep
|
|t:|1757913958
|switch|p2a: Electrode|Electrode-Hisui|69/100
|turn|28
|
|t:|1757913962
|move|p2a: Electrode|Leaf Storm|p1a: Zamazenta
|-damage|p1a: Zamazenta|53/100
|-unboost|p2a: Electrode|spa|2
|move|p1a: Zamazenta|Body Press|p2a: Electrode
|-damage|p2a: Electrode|0 fnt
|faint|p2a: Electrode
|
|-heal|p1a: Zamazenta|59/100|[from] item: Leftovers
|upkeep
|
|t:|1757913966
|switch|p2a: Raging Bolt|Raging Bolt|100/100
|turn|29
|
|t:|1757913977
|-terastallize|p1a: Zamazenta|Steel
|move|p1a: Zamazenta|Body Press|p2a: Raging Bolt
|-damage|p2a: Raging Bolt|46/100
|move|p2a: Raging Bolt|Draco Meteor|p1a: Zamazenta
|-resisted|p1a: Zamazenta
|-damage|p1a: Zamazenta|14/100
|-unboost|p2a: Raging Bolt|spa|2
|
|-heal|p1a: Zamazenta|20/100|[from] item: Leftovers
|upkeep
|turn|30
|
|t:|1757913991
|-end|p2a: Raging Bolt|Protosynthesis|[silent]
|switch|p2a: Iron Hands|Iron Hands|66/100 brn
|move|p1a: Zamazenta|Body Press|p2a: Iron Hands
|-damage|p2a: Iron Hands|22/100 brn
|
|-heal|p1a: Zamazenta|27/100|[from] item: Leftovers
|-damage|p2a: Iron Hands|16/100 brn|[from] brn
|upkeep
|turn|31
|
|t:|1757913995
|move|p1a: Zamazenta|Body Press|p2a: Iron Hands
|-damage|p2a: Iron Hands|0 fnt
|faint|p2a: Iron Hands
|-end|p2a: Iron Hands|Quark Drive|[silent]
|
|-heal|p1a: Zamazenta|33/100|[from] item: Leftovers
|upkeep
|
|t:|1757913998
|switch|p2a: Raging Bolt|Raging Bolt|46/100
|turn|32
|
|t:|1757914002
|move|p2a: Raging Bolt|Thunderclap|p1a: Zamazenta
|-damage|p1a: Zamazenta|0 fnt
|faint|p1a: Zamazenta
|
|upkeep
|
|t:|1757914005
|switch|p1a: Ninetales|Ninetales-Alola, F|61/100
|-weather|Snowscape|[from] ability: Snow Warning|[of] p1a: Ninetales
|turn|33
|
|t:|1757914008
|move|p2a: Raging Bolt|Thunderclap||[still]
|-fail|p2a: Raging Bolt
|move|p1a: Ninetales|Encore|p2a: Raging Bolt
|-start|p2a: Raging Bolt|Encore
|
|-weather|Snowscape|[upkeep]
|upkeep
|turn|34
|-message|Toxic Smite forfeited.
|
|win|james897_yt
|raw|james897_yt's rating: 1069 &rarr; <strong>1106</strong><br />(+37 for winning)
|raw|Toxic Smite's rating: 1163 &rarr; <strong>1131</strong><br />(-32 for losing)
|l|☆Toxic Smite
|player|p2|
|l|☆james897_yt
|player|p1|
