|j|☆poiscailleuwu
|j|☆mesnaj
|t:|1757956145
|gametype|singles
|player|p1|poiscailleuwu|willow|1239
|player|p2|mesnaj|shadowtriad|1215
|gen|9
|tier|[Gen 9] OU
|rated|
|rule|HP Percentage Mod: HP is shown in percentages
|rule|Endless Battle Clause: Forcing endless battles is banned
|rule|Species Clause: Limit one of each Pokémon
|rule|OHKO Clause: OHKO moves are banned
|rule|Evasion Items Clause: Evasion items are banned
|rule|Evasion Moves Clause: Evasion moves are banned
|rule|Evasion Abilities Clause: Evasion abilities are banned
|rule|Sleep Moves Clause: Sleep-inducing moves are banned
|clearpoke
|poke|p1|Ogerpon-Wellspring, F|
|poke|p1|Gengar, F|
|poke|p1|Raging Bolt|
|poke|p1|Rillaboom, M|
|poke|p1|Heatran, M|
|poke|p1|Iron Valiant|
|poke|p2|Bisharp, M|
|poke|p2|Gholdengo|
|poke|p2|Glimmora, M|
|poke|p2|Lurantis, F|
|poke|p2|Drifblim, M|
|poke|p2|Dragalge, M|
|teampreview
|inactive|Battle timer is ON: inactive players will automatically lose when time's up. (requested by poiscailleuwu)
|
|t:|1757956162
|teamsize|p1|6
|teamsize|p2|6
|start
|switch|p1a: Heatran|Heatran, M|100/100
|switch|p2a: Rakia|Glimmora, M, shiny|100/100
|turn|1
|
|t:|1757956174
|move|p2a: Rakia|Stealth Rock|p1a: Heatran
|-sidestart|p1: poiscailleuwu|move: Stealth Rock
|move|p1a: Heatran|Earth Power|p2a: Rakia
|-supereffective|p2a: Rakia
|-enditem|p2a: Rakia|Focus Sash
|-damage|p2a: Rakia|1/100
|
|upkeep
|turn|2
|
|t:|1757956179
|move|p2a: Rakia|Spikes|p1a: Heatran
|-sidestart|p1: poiscailleuwu|Spikes
|move|p1a: Heatran|Stealth Rock|p2a: Rakia
|-sidestart|p2: mesnaj|move: Stealth Rock
|
|upkeep
|turn|3
|
|t:|1757956190
|move|p2a: Rakia|Spikes|p1a: Heatran
|-sidestart|p1: poiscailleuwu|Spikes
|move|p1a: Heatran|Lava Plume|p2a: Rakia
|-resisted|p2a: Rakia
|-damage|p2a: Rakia|0 fnt
|faint|p2a: Rakia
|
|upkeep
|
|t:|1757956193
|switch|p2a: Ghost|Drifblim, M|100/100
|-damage|p2a: Ghost|75/100|[from] Stealth Rock
|turn|4
|
|t:|1757956197
|move|p2a: Ghost|Destiny Bond|p2a: Ghost
|-singlemove|p2a: Ghost|Destiny Bond
|move|p1a: Heatran|Lava Plume|p2a: Ghost
|-damage|p2a: Ghost|34/100
|
|upkeep
|turn|5
|
|t:|1757956205
|move|p2a: Ghost|Strength Sap|p1a: Heatran
|-unboost|p1a: Heatran|atk|1
|-heal|p2a: Ghost|67/100
|move|p1a: Heatran|Taunt|p2a: Ghost
|-start|p2a: Ghost|move: Taunt
|
|upkeep
|turn|6
|
|t:|1757956210
|switch|p2a: Ryukki|Dragalge, M|100/100
|-damage|p2a: Ryukki|88/100|[from] Stealth Rock
|move|p1a: Heatran|Lava Plume|p2a: Ryukki
|-resisted|p2a: Ryukki
|-damage|p2a: Ryukki|72/100
|-status|p2a: Ryukki|brn
|
|-damage|p2a: Ryukki|66/100 brn|[from] brn
|upkeep
|turn|7
|
|t:|1757956215
|move|p1a: Heatran|Earth Power|p2a: Ryukki
|-supereffective|p2a: Ryukki
|-crit|p2a: Ryukki
|-damage|p2a: Ryukki|0 fnt
|faint|p2a: Ryukki
|
|upkeep
|inactive|mesnaj has 120 seconds left.
|
|t:|1757956253
|switch|p2a: Hyper-Muteki|Gholdengo|100/100
|-damage|p2a: Hyper-Muteki|94/100|[from] Stealth Rock
|turn|8
|
|t:|1757956256
|move|p2a: Hyper-Muteki|Shadow Ball|p1a: Heatran
|-damage|p1a: Heatran|69/100
|move|p1a: Heatran|Lava Plume|p2a: Hyper-Muteki
|-supereffective|p2a: Hyper-Muteki
|-damage|p2a: Hyper-Muteki|20/100
|
|-heal|p1a: Heatran|76/100|[from] item: Leftovers
|upkeep
|turn|9
|
|t:|1757956262
|move|p2a: Hyper-Muteki|Shadow Ball|p1a: Heatran
|-damage|p1a: Heatran|43/100
|move|p1a: Heatran|Lava Plume|p2a: Hyper-Muteki
|-supereffective|p2a: Hyper-Muteki
|-damage|p2a: Hyper-Muteki|0 fnt
|faint|p2a: Hyper-Muteki
|
|-heal|p1a: Heatran|50/100|[from] item: Leftovers
|upkeep
|
|t:|1757956274
|switch|p2a: Sugh-za-Deva|Lurantis, F|100/100
|-damage|p2a: Sugh-za-Deva|88/100|[from] Stealth Rock
|turn|10
|
|t:|1757956277
|-terastallize|p1a: Heatran|Bug
|move|p1a: Heatran|Lava Plume|p2a: Sugh-za-Deva
|-supereffective|p2a: Sugh-za-Deva
|-damage|p2a: Sugh-za-Deva|37/100
|move|p2a: Sugh-za-Deva|Superpower|p1a: Heatran
|-resisted|p1a: Heatran
|-damage|p1a: Heatran|35/100
|-boost|p2a: Sugh-za-Deva|atk|1
|-boost|p2a: Sugh-za-Deva|def|1
|
|-heal|p1a: Heatran|41/100|[from] item: Leftovers
|upkeep
|turn|11
|
|t:|1757956284
|move|p1a: Heatran|Lava Plume|p2a: Sugh-za-Deva
|-supereffective|p2a: Sugh-za-Deva
|-damage|p2a: Sugh-za-Deva|0 fnt
|faint|p2a: Sugh-za-Deva
|
|-heal|p1a: Heatran|47/100|[from] item: Leftovers
|upkeep
|
|t:|1757956288
|switch|p2a: Ghost|Drifblim, M|67/100
|-damage|p2a: Ghost|42/100|[from] Stealth Rock
|turn|12
|
|t:|1757956290
|move|p2a: Ghost|Will-O-Wisp|p1a: Heatran
|-start|p1a: Heatran|ability: Flash Fire
|move|p1a: Heatran|Taunt|p2a: Ghost
|-start|p2a: Ghost|move: Taunt
|
|-heal|p1a: Heatran|53/100|[from] item: Leftovers
|upkeep
|turn|13
|
|t:|1757956293
|-activate|p2a: Ghost|move: Struggle
|move|p2a: Ghost|Struggle|p1a: Heatran
|-damage|p1a: Heatran|47/100
|-damage|p2a: Ghost|17/100|[from] recoil
|move|p1a: Heatran|Lava Plume|p2a: Ghost
|-damage|p2a: Ghost|0 fnt
|faint|p2a: Ghost
|
|-heal|p1a: Heatran|53/100|[from] item: Leftovers
|upkeep
|
|t:|1757956296
|switch|p2a: Faiz-ø|Bisharp, M|100/100
|-damage|p2a: Faiz-ø|95/100|[from] Stealth Rock
|turn|14
|
|t:|1757956299
|move|p2a: Faiz-ø|Sucker Punch|p1a: Heatran
|-damage|p1a: Heatran|25/100
|move|p1a: Heatran|Lava Plume|p2a: Faiz-ø
|-supereffective|p2a: Faiz-ø
|-damage|p2a: Faiz-ø|0 fnt
|faint|p2a: Faiz-ø
|
|win|poiscailleuwu
|raw|poiscailleuwu's rating: 1239 &rarr; <strong>1262</strong><br />(+23 for winning)
|raw|mesnaj's rating: 1215 &rarr; <strong>1192</strong><br />(-23 for losing)
|l|☆mesnaj
|player|p2|
|c|☆poiscailleuwu|gg
