|j|☆tykcd
|j|☆xdye
|t:|1757904039
|gametype|singles
|player|p1|tykcd|170|1666
|player|p2|xdye|iris-gen5bw2|1681
|gen|9
|tier|[Gen 9] OU
|rated|
|rule|HP Percentage Mod: HP is shown in percentages
|rule|Endless Battle Clause: Forcing endless battles is banned
|rule|Species Clause: Limit one of each Pokémon
|rule|OHKO Clause: OHKO moves are banned
|rule|Evasion Items Clause: Evasion items are banned
|rule|Evasion Moves Clause: Evasion moves are banned
|rule|Evasion Abilities Clause: Evasion abilities are banned
|rule|Sleep Moves Clause: Sleep-inducing moves are banned
|clearpoke
|poke|p1|Vaporeon, M|
|poke|p1|Slowking-Galar, F|
|poke|p1|Iron Valiant|
|poke|p1|Mandibuzz, F|
|poke|p1|Scizor, M|
|poke|p1|Great Tusk|
|poke|p2|Pecharunt|
|poke|p2|Tinkaton, F|
|poke|p2|Gliscor, M|
|poke|p2|Hydreigon, M|
|poke|p2|Alomomola, M|
|poke|p2|Deoxys-Speed|
|teampreview
|c|☆xdye|hf
|c|☆tykcd|hf\
|
|t:|1757904071
|teamsize|p1|6
|teamsize|p2|6
|start
|switch|p1a: silksong|Vaporeon, M, shiny|100/100
|switch|p2a: Tinkaton|Tinkaton, F|100/100
|-item|p2a: Tinkaton|Air Balloon
|turn|1
|
|t:|1757904077
|switch|p1a: Slowking|Slowking-Galar, F|100/100
|move|p2a: Tinkaton|Thunder Wave|p1a: Slowking
|-status|p1a: Slowking|par
|
|upkeep
|turn|2
|
|t:|1757904081
|move|p2a: Tinkaton|Stealth Rock|p1a: Slowking
|-sidestart|p1: tykcd|move: Stealth Rock
|move|p1a: Slowking|Flamethrower|p2a: Tinkaton
|-supereffective|p2a: Tinkaton
|-damage|p2a: Tinkaton|46/100
|-enditem|p2a: Tinkaton|Air Balloon
|
|upkeep
|turn|3
|
|t:|1757904088
|switch|p2a: Hydreigon|Hydreigon, M|100/100
|cant|p1a: Slowking|par
|
|upkeep
|turn|4
|
|t:|1757904106
|move|p2a: Hydreigon|Draco Meteor|p1a: Slowking
|-damage|p1a: Slowking|45/100 par
|-unboost|p2a: Hydreigon|spa|2
|move|p1a: Slowking|Ice Beam|p2a: Hydreigon
|-supereffective|p2a: Hydreigon
|-damage|p2a: Hydreigon|40/100
|
|upkeep
|turn|5
|
|t:|1757904114
|switch|p2a: Alomomola|Alomomola, M|100/100
|move|p1a: Slowking|Ice Beam|p2a: Alomomola
|-resisted|p2a: Alomomola
|-damage|p2a: Alomomola|89/100
|
|upkeep
|turn|6
|
|t:|1757904121
|switch|p1a: silksong|Vaporeon, M, shiny|100/100
|-damage|p1a: silksong|88/100|[from] Stealth Rock
|move|p2a: Alomomola|Flip Turn|p1a: silksong
|-heal|p1a: silksong|100/100|[from] ability: Water Absorb|[of] p2a: Alomomola
|
|upkeep
|turn|7
|
|t:|1757904128
|move|p1a: silksong|Hydro Pump|p2a: Alomomola
|-resisted|p2a: Alomomola
|-damage|p2a: Alomomola|56/100
|move|p2a: Alomomola|Wish|p2a: Alomomola
|
|upkeep
|turn|8
|
|t:|1757904137
|move|p1a: silksong|Hydro Pump|p2a: Alomomola
|-resisted|p2a: Alomomola
|-damage|p2a: Alomomola|20/100
|move|p2a: Alomomola|Tickle|p1a: silksong
|-unboost|p1a: silksong|atk|1
|-unboost|p1a: silksong|def|1
|
|-heal|p2a: Alomomola|70/100|[from] move: Wish|[wisher] Alomomola
|upkeep
|turn|9
|
|t:|1757904146
|move|p2a: Alomomola|Protect|p2a: Alomomola
|-singleturn|p2a: Alomomola|Protect
|move|p1a: silksong|Hydro Pump|p2a: Alomomola
|-activate|p2a: Alomomola|move: Protect
|
|upkeep
|turn|10
|
|t:|1757904152
|switch|p1a: Slowking|Slowking-Galar, F|78/100 par
|-damage|p1a: Slowking|65/100 par|[from] Stealth Rock
|move|p2a: Alomomola|Wish|p2a: Alomomola
|
|upkeep
|turn|11
|
|t:|1757904177
|move|p2a: Alomomola|Flip Turn|p1a: Slowking
|-damage|p1a: Slowking|49/100 par
|
|t:|1757904179
|switch|p2a: Deoxys|Deoxys-Speed|100/100|[from] Flip Turn
|-ability|p2a: Deoxys|Pressure
|move|p1a: Slowking|Flamethrower|p2a: Deoxys
|-damage|p2a: Deoxys|58/100
|
|-heal|p2a: Deoxys|100/100|[from] move: Wish|[wisher] Alomomola
|upkeep
|turn|12
|
|t:|1757904187
|switch|p1a: Mandibuzz|Mandibuzz, F|100/100
|move|p2a: Deoxys|Knock Off|p1a: Mandibuzz
|-resisted|p1a: Mandibuzz
|-damage|p1a: Mandibuzz|96/100
|-enditem|p1a: Mandibuzz|Heavy-Duty Boots|[from] move: Knock Off|[of] p2a: Deoxys
|
|upkeep
|turn|13
|
|t:|1757904201
|move|p2a: Deoxys|Thunderbolt|p1a: Mandibuzz
|-supereffective|p1a: Mandibuzz
|-damage|p1a: Mandibuzz|53/100
|move|p1a: Mandibuzz|Defog|p2a: Deoxys
|-unboost|p2a: Deoxys|evasion|1
|-sideend|p1: tykcd|Stealth Rock|[from] move: Defog|[of] p1a: Mandibuzz
|
|upkeep
|turn|14
|
|t:|1757904215
|move|p2a: Deoxys|Thunderbolt|p1a: Mandibuzz
|-supereffective|p1a: Mandibuzz
|-damage|p1a: Mandibuzz|7/100
|move|p1a: Mandibuzz|Roost|p1a: Mandibuzz
|-heal|p1a: Mandibuzz|57/100
|-singleturn|p1a: Mandibuzz|move: Roost
|
|upkeep
|turn|15
|
|t:|1757904228
|move|p2a: Deoxys|Thunderbolt|p1a: Mandibuzz
|-supereffective|p1a: Mandibuzz
|-damage|p1a: Mandibuzz|17/100
|move|p1a: Mandibuzz|Foul Play|p2a: Deoxys
|-supereffective|p2a: Deoxys
|-damage|p2a: Deoxys|21/100
|
|upkeep
|turn|16
|
|t:|1757904239
|switch|p1a: Scizor|Scizor, M|100/100
|move|p2a: Deoxys|Ice Beam|p1a: Scizor
|-resisted|p1a: Scizor
|-damage|p1a: Scizor|83/100
|
|upkeep
|turn|17
|
|t:|1757904244
|switch|p2a: Alomomola|Alomomola, M|100/100
|move|p1a: Scizor|Bullet Punch|p2a: Alomomola
|-resisted|p2a: Alomomola
|-crit|p2a: Alomomola
|-damage|p2a: Alomomola|73/100
|
|upkeep
|turn|18
|
|t:|1757904253
|switch|p1a: silksong|Vaporeon, M, shiny|100/100
|move|p2a: Alomomola|Flip Turn|p1a: silksong
|-immune|p1a: silksong|[from] ability: Water Absorb
|
|upkeep
|turn|19
|
|t:|1757904258
|move|p1a: silksong|Flip Turn|p2a: Alomomola
|-resisted|p2a: Alomomola
|-damage|p2a: Alomomola|68/100
|
|t:|1757904261
|switch|p1a: Mandibuzz|Mandibuzz, F|17/100|[from] Flip Turn
|move|p2a: Alomomola|Wish|p2a: Alomomola
|
|upkeep
|turn|20
|
|t:|1757904264
|move|p1a: Mandibuzz|Roost|p1a: Mandibuzz
|-heal|p1a: Mandibuzz|67/100
|-singleturn|p1a: Mandibuzz|move: Roost
|move|p2a: Alomomola|Flip Turn|p1a: Mandibuzz
|-damage|p1a: Mandibuzz|57/100
|
|t:|1757904273
|switch|p2a: Deoxys|Deoxys-Speed|21/100|[from] Flip Turn
|-ability|p2a: Deoxys|Pressure
|
|-heal|p2a: Deoxys|100/100|[from] move: Wish|[wisher] Alomomola
|upkeep
|turn|21
|
|t:|1757904290
|switch|p1a: Slowking|Slowking-Galar, F|82/100 par
|move|p2a: Deoxys|Ice Beam|p1a: Slowking
|-damage|p1a: Slowking|70/100 par
|
|upkeep
|turn|22
|
|t:|1757904296
|move|p2a: Deoxys|Knock Off|p1a: Slowking
|-supereffective|p1a: Slowking
|-damage|p1a: Slowking|28/100 par
|-enditem|p1a: Slowking|Assault Vest|[from] move: Knock Off|[of] p2a: Deoxys
|cant|p1a: Slowking|par
|
|upkeep
|turn|23
|
|t:|1757904306
|switch|p1a: Scizor|Scizor, M|83/100
|move|p2a: Deoxys|Psycho Boost|p1a: Scizor
|-resisted|p1a: Scizor
|-damage|p1a: Scizor|47/100
|-unboost|p2a: Deoxys|spa|2
|
|upkeep
|turn|24
|
|t:|1757904310
|switch|p2a: Alomomola|Alomomola, M|100/100
|move|p1a: Scizor|Knock Off|p2a: Alomomola
|-damage|p2a: Alomomola|62/100
|-enditem|p2a: Alomomola|Heavy-Duty Boots|[from] move: Knock Off|[of] p1a: Scizor
|
|upkeep
|turn|25
|l|☆tykcd
|player|p1|
|j|☆tykcd
|player|p1|tykcd|170|
|
|t:|1757904342
|switch|p1a: Slowking|Slowking-Galar, F|61/100 par
|move|p2a: Alomomola|Wish|p2a: Alomomola
|
|upkeep
|turn|26
|
|t:|1757904347
|move|p2a: Alomomola|Flip Turn|p1a: Slowking
|-damage|p1a: Slowking|45/100 par
|
|t:|1757904350
|switch|p2a: Deoxys|Deoxys-Speed|100/100|[from] Flip Turn
|-ability|p2a: Deoxys|Pressure
|move|p1a: Slowking|Sludge Bomb|p2a: Deoxys
|-damage|p2a: Deoxys|36/100
|
|-heal|p2a: Deoxys|100/100|[from] move: Wish|[wisher] Alomomola
|upkeep
|turn|27
|
|t:|1757904362
|move|p2a: Deoxys|Knock Off|p1a: Slowking
|-supereffective|p1a: Slowking
|-damage|p1a: Slowking|18/100 par
|move|p1a: Slowking|Sludge Bomb|p2a: Deoxys
|-damage|p2a: Deoxys|43/100
|-status|p2a: Deoxys|psn
|
|-damage|p2a: Deoxys|31/100 psn|[from] psn
|upkeep
|turn|28
|
|t:|1757904370
|switch|p1a: Scizor|Scizor, M|47/100
|move|p2a: Deoxys|Knock Off|p1a: Scizor
|-damage|p1a: Scizor|25/100
|-enditem|p1a: Scizor|Choice Band|[from] move: Knock Off|[of] p2a: Deoxys
|
|-damage|p2a: Deoxys|19/100 psn|[from] psn
|upkeep
|turn|29
|
|t:|1757904374
|switch|p2a: Alomomola|Alomomola, M|96/100
|move|p1a: Scizor|Bullet Punch|p2a: Alomomola
|-resisted|p2a: Alomomola
|-damage|p2a: Alomomola|85/100
|
|upkeep
|turn|30
|
|t:|1757904377
|move|p1a: Scizor|U-turn|p2a: Alomomola
|-damage|p2a: Alomomola|57/100
|
|t:|1757904379
|switch|p1a: Iron Valiant|Iron Valiant|100/100|[from] U-turn
|-enditem|p1a: Iron Valiant|Booster Energy
|-activate|p1a: Iron Valiant|ability: Quark Drive|[fromitem]
|-start|p1a: Iron Valiant|quarkdrivespe
|move|p2a: Alomomola|Wish|p2a: Alomomola
|
|upkeep
|turn|31
|
|t:|1757904384
|switch|p2a: Tinkaton|Tinkaton, F|46/100
|move|p1a: Iron Valiant|Moonblast|p2a: Tinkaton
|-resisted|p2a: Tinkaton
|-damage|p2a: Tinkaton|25/100
|
|-heal|p2a: Tinkaton|88/100|[from] move: Wish|[wisher] Alomomola
|upkeep
|turn|32
|
|t:|1757904398
|-end|p1a: Iron Valiant|Quark Drive|[silent]
|switch|p1a: Mandibuzz|Mandibuzz, F|57/100
|move|p2a: Tinkaton|Stealth Rock|p1a: Mandibuzz
|-sidestart|p1: tykcd|move: Stealth Rock
|
|upkeep
|turn|33
|
|t:|1757904400
|move|p2a: Tinkaton|Thunder Wave|p1a: Mandibuzz
|-status|p1a: Mandibuzz|par
|move|p1a: Mandibuzz|Roost|p1a: Mandibuzz
|-heal|p1a: Mandibuzz|100/100 par
|-singleturn|p1a: Mandibuzz|move: Roost
|
|upkeep
|turn|34
|
|t:|1757904407
|move|p2a: Tinkaton|Encore|p1a: Mandibuzz
|-start|p1a: Mandibuzz|Encore
|cant|p1a: Mandibuzz|par
|
|upkeep
|turn|35
|
|t:|1757904411
|switch|p2a: Hydreigon|Hydreigon, M|40/100
|switch|p1a: Slowking|Slowking-Galar, F|51/100 par
|-damage|p1a: Slowking|39/100 par|[from] Stealth Rock
|
|upkeep
|turn|36
|
|t:|1757904429
|switch|p1a: Scizor|Scizor, M|25/100
|-damage|p1a: Scizor|13/100|[from] Stealth Rock
|move|p2a: Hydreigon|Flash Cannon|p1a: Scizor
|-resisted|p1a: Scizor
|-damage|p1a: Scizor|0 fnt
|faint|p1a: Scizor
|
|upkeep
|
|t:|1757904437
|switch|p1a: Iron Valiant|Iron Valiant|100/100
|-damage|p1a: Iron Valiant|94/100|[from] Stealth Rock
|turn|37
|
|t:|1757904440
|switch|p2a: Tinkaton|Tinkaton, F|88/100
|move|p1a: Iron Valiant|Close Combat|p2a: Tinkaton
|-damage|p2a: Tinkaton|35/100
|-unboost|p1a: Iron Valiant|def|1
|-unboost|p1a: Iron Valiant|spd|1
|
|upkeep
|turn|38
|
|t:|1757904447
|switch|p2a: Gliscor|Gliscor, M|100/100
|move|p1a: Iron Valiant|Moonblast|p2a: Gliscor
|-damage|p2a: Gliscor|60/100
|-unboost|p2a: Gliscor|spa|1
|
|-status|p2a: Gliscor|tox|[from] item: Toxic Orb
|upkeep
|turn|39
|
|t:|1757904454
|-end|p1a: Iron Valiant|Quark Drive|[silent]
|switch|p1a: Great Tusk|Great Tusk|100/100
|-damage|p1a: Great Tusk|98/100|[from] Stealth Rock
|move|p2a: Gliscor|Earthquake|p1a: Great Tusk
|-damage|p1a: Great Tusk|76/100
|
|-heal|p2a: Gliscor|72/100 tox|[from] ability: Poison Heal
|upkeep
|turn|40
|
|t:|1757904459
|move|p2a: Gliscor|Protect|p2a: Gliscor
|-singleturn|p2a: Gliscor|Protect
|move|p1a: Great Tusk|Stealth Rock|p2a: Gliscor
|-sidestart|p2: xdye|move: Stealth Rock
|
|-heal|p2a: Gliscor|85/100 tox|[from] ability: Poison Heal
|upkeep
|turn|41
|
|t:|1757904467
|switch|p2a: Alomomola|Alomomola, M|90/100
|-damage|p2a: Alomomola|78/100|[from] Stealth Rock
|move|p1a: Great Tusk|Ice Spinner|p2a: Alomomola
|-resisted|p2a: Alomomola
|-damage|p2a: Alomomola|69/100
|
|upkeep
|turn|42
|
|t:|1757904470
|move|p1a: Great Tusk|Rapid Spin|p2a: Alomomola
|-damage|p2a: Alomomola|59/100
|-boost|p1a: Great Tusk|spe|1
|-sideend|p1: tykcd|Stealth Rock|[from] move: Rapid Spin|[of] p1a: Great Tusk
|move|p2a: Alomomola|Wish|p2a: Alomomola
|
|upkeep
|turn|43
|
|t:|1757904479
|-end|p1a: Great Tusk|Protosynthesis|[silent]
|switch|p1a: silksong|Vaporeon, M, shiny|100/100
|switch|p2a: Hydreigon|Hydreigon, M|40/100
|-damage|p2a: Hydreigon|27/100|[from] Stealth Rock
|
|-heal|p2a: Hydreigon|99/100|[from] move: Wish|[wisher] Alomomola
|upkeep
|turn|44
|
|t:|1757904495
|move|p2a: Hydreigon|Dark Pulse|p1a: silksong
|-damage|p1a: silksong|39/100
|move|p1a: silksong|Alluring Voice|p2a: Hydreigon
|-supereffective|p2a: Hydreigon
|-damage|p2a: Hydreigon|0 fnt
|faint|p2a: Hydreigon
|
|upkeep
|
|t:|1757904518
|switch|p2a: Gliscor|Gliscor, M|85/100 tox
|-damage|p2a: Gliscor|72/100 tox|[from] Stealth Rock
|turn|45
|j| v34567
|
|t:|1757904532
|switch|p1a: Great Tusk|Great Tusk|76/100
|move|p2a: Gliscor|Protect||[still]
|-fail|p2a: Gliscor
|
|-heal|p2a: Gliscor|85/100 tox|[from] ability: Poison Heal
|upkeep
|turn|46
|
|t:|1757904537
|switch|p2a: Alomomola|Alomomola, M|92/100
|-damage|p2a: Alomomola|80/100|[from] Stealth Rock
|move|p1a: Great Tusk|Headlong Rush|p2a: Alomomola
|-damage|p2a: Alomomola|47/100
|-unboost|p1a: Great Tusk|def|1
|-unboost|p1a: Great Tusk|spd|1
|
|upkeep
|turn|47
|
|t:|1757904541
|-end|p1a: Great Tusk|Protosynthesis|[silent]
|switch|p1a: silksong|Vaporeon, M, shiny|39/100
|move|p2a: Alomomola|Wish|p2a: Alomomola
|
|upkeep
|turn|48
|
|t:|1757904544
|move|p2a: Alomomola|Protect|p2a: Alomomola
|-singleturn|p2a: Alomomola|Protect
|move|p1a: silksong|Hydro Pump|p2a: Alomomola
|-activate|p2a: Alomomola|move: Protect
|
|-heal|p2a: Alomomola|97/100|[from] move: Wish|[wisher] Alomomola
|upkeep
|turn|49
|
|t:|1757904547
|move|p1a: silksong|Hydro Pump|p2a: Alomomola
|-resisted|p2a: Alomomola
|-damage|p2a: Alomomola|61/100
|move|p2a: Alomomola|Wish|p2a: Alomomola
|
|upkeep
|turn|50
|
|t:|1757904555
|move|p2a: Alomomola|Protect|p2a: Alomomola
|-singleturn|p2a: Alomomola|Protect
|move|p1a: silksong|Hydro Pump|p2a: Alomomola
|-activate|p2a: Alomomola|move: Protect
|
|-heal|p2a: Alomomola|100/100|[from] move: Wish|[wisher] Alomomola
|upkeep
|turn|51
|
|t:|1757904558
|switch|p1a: Slowking|Slowking-Galar, F|72/100 par
|move|p2a: Alomomola|Wish|p2a: Alomomola
|
|upkeep
|turn|52
|
|t:|1757904564
|switch|p1a: silksong|Vaporeon, M, shiny|39/100
|move|p2a: Alomomola|Flip Turn|p1a: silksong
|-heal|p1a: silksong|64/100|[from] ability: Water Absorb|[of] p2a: Alomomola
|
|upkeep
|turn|53
|
|t:|1757904569
|move|p2a: Alomomola|Protect|p2a: Alomomola
|-singleturn|p2a: Alomomola|Protect
|move|p1a: silksong|Flip Turn|p2a: Alomomola
|-activate|p2a: Alomomola|move: Protect
|
|upkeep
|turn|54
|
|t:|1757904575
|switch|p1a: Mandibuzz|Mandibuzz, F|100/100 par
|move|p2a: Alomomola|Wish|p2a: Alomomola
|
|upkeep
|turn|55
|
|t:|1757904584
|switch|p2a: Tinkaton|Tinkaton, F|35/100
|-damage|p2a: Tinkaton|28/100|[from] Stealth Rock
|switch|p1a: silksong|Vaporeon, M, shiny|64/100
|
|-heal|p2a: Tinkaton|91/100|[from] move: Wish|[wisher] Alomomola
|upkeep
|turn|56
|
|t:|1757904589
|move|p2a: Tinkaton|Thunder Wave|p1a: silksong
|-status|p1a: silksong|par
|move|p1a: silksong|Hydro Pump|p2a: Tinkaton
|-damage|p2a: Tinkaton|14/100
|
|upkeep
|turn|57
|
|t:|1757904594
|switch|p2a: Alomomola|Alomomola, M|100/100
|-damage|p2a: Alomomola|88/100|[from] Stealth Rock
|move|p1a: silksong|Hydro Pump|p2a: Alomomola
|-resisted|p2a: Alomomola
|-damage|p2a: Alomomola|51/100
|
|upkeep
|turn|58
|
|t:|1757904598
|switch|p1a: Slowking|Slowking-Galar, F|100/100 par
|move|p2a: Alomomola|Wish|p2a: Alomomola
|
|upkeep
|turn|59
|
|t:|1757904601
|move|p2a: Alomomola|Flip Turn|p1a: Slowking
|-damage|p1a: Slowking|85/100 par
|
|t:|1757904619
|switch|p2a: Pecharunt|Pecharunt|100/100|[from] Flip Turn
|move|p1a: Slowking|Sludge Bomb|p2a: Pecharunt
|-resisted|p2a: Pecharunt
|-damage|p2a: Pecharunt|89/100
|
|-heal|p2a: Pecharunt|100/100|[from] move: Wish|[wisher] Alomomola
|upkeep
|turn|60
|
|t:|1757904626
|move|p2a: Pecharunt|Parting Shot|p1a: Slowking
|-unboost|p1a: Slowking|atk|1
|-unboost|p1a: Slowking|spa|1
|
|t:|1757904630
|switch|p2a: Gliscor|Gliscor, M|85/100 tox|[from] Parting Shot
|-damage|p2a: Gliscor|72/100 tox|[from] Stealth Rock
|cant|p1a: Slowking|par
|
|-heal|p2a: Gliscor|85/100 tox|[from] ability: Poison Heal
|upkeep
|turn|61
|
|t:|1757904654
|move|p2a: Gliscor|Spikes|p1a: Slowking
|-sidestart|p1: tykcd|Spikes
|cant|p1a: Slowking|par
|
|-heal|p2a: Gliscor|97/100 tox|[from] ability: Poison Heal
|upkeep
|turn|62
|
|t:|1757904661
|switch|p1a: Great Tusk|Great Tusk|76/100
|-damage|p1a: Great Tusk|63/100|[from] Spikes
|move|p2a: Gliscor|Earthquake|p1a: Great Tusk
|-damage|p1a: Great Tusk|45/100
|
|-heal|p2a: Gliscor|100/100 tox|[from] ability: Poison Heal
|upkeep
|turn|63
|
|t:|1757904667
|switch|p2a: Pecharunt|Pecharunt|100/100
|move|p1a: Great Tusk|Ice Spinner|p2a: Pecharunt
|-damage|p2a: Pecharunt|89/100
|
|upkeep
|turn|64
|
|t:|1757904679
|move|p1a: Great Tusk|Headlong Rush|p2a: Pecharunt
|-supereffective|p2a: Pecharunt
|-damage|p2a: Pecharunt|39/100
|-unboost|p1a: Great Tusk|def|1
|-unboost|p1a: Great Tusk|spd|1
|move|p2a: Pecharunt|Malignant Chain|p1a: Great Tusk
|-resisted|p1a: Great Tusk
|-damage|p1a: Great Tusk|17/100
|-status|p1a: Great Tusk|tox
|-start|p1a: Great Tusk|confusion|[from] ability: Poison Puppeteer|[of] p2a: Pecharunt
|
|-damage|p1a: Great Tusk|10/100 tox|[from] psn
|upkeep
|turn|65
|
|t:|1757904691
|switch|p2a: Alomomola|Alomomola, M|85/100
|-damage|p2a: Alomomola|72/100|[from] Stealth Rock
|-activate|p1a: Great Tusk|confusion
|-damage|p1a: Great Tusk|0 fnt|[from] confusion
|faint|p1a: Great Tusk
|-end|p1a: Great Tusk|Protosynthesis|[silent]
|
|upkeep
|
|t:|1757904696
|switch|p1a: Iron Valiant|Iron Valiant|94/100
|-damage|p1a: Iron Valiant|82/100|[from] Spikes
|turn|66
|
|t:|1757904700
|move|p1a: Iron Valiant|Thunderbolt|p2a: Alomomola
|-supereffective|p2a: Alomomola
|-damage|p2a: Alomomola|24/100
|move|p2a: Alomomola|Wish|p2a: Alomomola
|
|upkeep
|turn|67
|
|t:|1757904711
|switch|p2a: Gliscor|Gliscor, M|100/100 tox
|-damage|p2a: Gliscor|88/100 tox|[from] Stealth Rock
|move|p1a: Iron Valiant|Close Combat|p2a: Gliscor
|-resisted|p2a: Gliscor
|-damage|p2a: Gliscor|69/100 tox
|-unboost|p1a: Iron Valiant|def|1
|-unboost|p1a: Iron Valiant|spd|1
|
|-heal|p2a: Gliscor|100/100 tox|[from] move: Wish|[wisher] Alomomola
|upkeep
|turn|68
|
|t:|1757904719
|move|p1a: Iron Valiant|Moonblast|p2a: Gliscor
|-damage|p2a: Gliscor|61/100 tox
|move|p2a: Gliscor|Earthquake|p1a: Iron Valiant
|-damage|p1a: Iron Valiant|17/100
|
|-heal|p2a: Gliscor|74/100 tox|[from] ability: Poison Heal
|upkeep
|turn|69
|
|t:|1757904724
|-end|p1a: Iron Valiant|Quark Drive|[silent]
|switch|p1a: silksong|Vaporeon, M, shiny|64/100 par
|-damage|p1a: silksong|52/100 par|[from] Spikes
|move|p2a: Gliscor|Earthquake|p1a: silksong
|-damage|p1a: silksong|10/100 par
|
|-heal|p2a: Gliscor|86/100 tox|[from] ability: Poison Heal
|upkeep
|turn|70
|
|t:|1757904727
|move|p2a: Gliscor|Knock Off|p1a: silksong
|-damage|p1a: silksong|0 fnt
|-enditem|p1a: silksong|Choice Specs|[from] move: Knock Off|[of] p2a: Gliscor
|faint|p1a: silksong
|
|-heal|p2a: Gliscor|99/100 tox|[from] ability: Poison Heal
|upkeep
|c|☆tykcd|so lucky, boring stall
|-message|tykcd forfeited.
|
|win|xdye
|raw|tykcd's rating: 1666 &rarr; <strong>1647</strong><br />(-19 for losing)
|raw|xdye's rating: 1681 &rarr; <strong>1700</strong><br />(+19 for winning)
|l|☆tykcd
|player|p1|
|l|☆xdye
|player|p2|
|l| v34567
