|j|☆cdeez nudz
|j|☆Donut Operator
|t:|1757950652
|gametype|singles
|player|p1|cdeez nudz|koga|1125
|player|p2|Donut Operator|102|1106
|gen|9
|tier|[Gen 9] OU
|rated|
|rule|HP Percentage Mod: HP is shown in percentages
|rule|Endless Battle Clause: Forcing endless battles is banned
|rule|Species Clause: Limit one of each Pokémon
|rule|OHKO Clause: OHKO moves are banned
|rule|Evasion Items Clause: Evasion items are banned
|rule|Evasion Moves Clause: Evasion moves are banned
|rule|Evasion Abilities Clause: Evasion abilities are banned
|rule|Sleep Moves Clause: Sleep-inducing moves are banned
|clearpoke
|poke|p1|Infernape, F|
|poke|p1|Rillaboom, M|
|poke|p1|Zarude-Dada|
|poke|p1|Munkidori, M|
|poke|p1|Ambipom, M|
|poke|p1|Passimian, M|
|poke|p2|Zamazenta-*|
|poke|p2|Ninetales-Alola, F|
|poke|p2|Darkrai|
|poke|p2|Ceruledge, F|
|poke|p2|Gliscor, M|
|poke|p2|Hatterene, F|
|teampreview
|inactive|Battle timer is ON: inactive players will automatically lose when time's up. (requested by Donut Operator)
|inactive|cdeez nudz also wants the timer to be on.
|c|☆Donut Operator|stupid fucking monkey
|
|t:|1757950674
|teamsize|p1|6
|teamsize|p2|6
|start
|switch|p1a: Ambipom|Ambipom, M|100/100
|switch|p2a: Ninetales|Ninetales-Alola, F|100/100
|-weather|Snowscape|[from] ability: Snow Warning|[of] p2a: Ninetales
|turn|1
|
|t:|1757950677
|move|p1a: Ambipom|Fake Out|p2a: Ninetales
|-damage|p2a: Ninetales|78/100
|cant|p2a: Ninetales|flinch
|
|-weather|Snowscape|[upkeep]
|upkeep
|turn|2
|
|t:|1757950684
|move|p1a: Ambipom|Double Hit|p2a: Ninetales
|-damage|p2a: Ninetales|61/100
|-crit|p2a: Ninetales
|-damage|p2a: Ninetales|34/100
|-hitcount|p2a: Ninetales|2
|move|p2a: Ninetales|Aurora Veil|p2a: Ninetales
|-sidestart|p2: Donut Operator|move: Aurora Veil
|
|-weather|Snowscape|[upkeep]
|upkeep
|turn|3
|
|t:|1757950694
|switch|p2a: Ceruledge|Ceruledge, F|100/100
|move|p1a: Ambipom|Double Hit|p2a: Ceruledge
|-immune|p2a: Ceruledge
|
|-weather|Snowscape|[upkeep]
|upkeep
|turn|4
|
|t:|1757950698
|-terastallize|p1a: Ambipom|Dark
|move|p1a: Ambipom|Beat Up|p2a: Ceruledge
|-supereffective|p2a: Ceruledge
|-damage|p2a: Ceruledge|89/100
|-supereffective|p2a: Ceruledge
|-damage|p2a: Ceruledge|77/100
|-supereffective|p2a: Ceruledge
|-damage|p2a: Ceruledge|65/100
|-supereffective|p2a: Ceruledge
|-damage|p2a: Ceruledge|55/100
|-supereffective|p2a: Ceruledge
|-damage|p2a: Ceruledge|44/100
|-supereffective|p2a: Ceruledge
|-damage|p2a: Ceruledge|32/100
|-hitcount|p2a: Ceruledge|6
|move|p2a: Ceruledge|Bulk Up|p2a: Ceruledge
|-boost|p2a: Ceruledge|atk|1
|-boost|p2a: Ceruledge|def|1
|
|-weather|Snowscape|[upkeep]
|upkeep
|turn|5
|
|t:|1757950712
|switch|p2a: Zamazenta|Zamazenta|100/100
|-ability|p2a: Zamazenta|Dauntless Shield|boost
|-boost|p2a: Zamazenta|def|1
|move|p1a: Ambipom|Beat Up|p2a: Zamazenta
|-resisted|p2a: Zamazenta
|-damage|p2a: Zamazenta|99/100
|-resisted|p2a: Zamazenta
|-damage|p2a: Zamazenta|97/100
|-resisted|p2a: Zamazenta
|-damage|p2a: Zamazenta|96/100
|-resisted|p2a: Zamazenta
|-damage|p2a: Zamazenta|95/100
|-resisted|p2a: Zamazenta
|-crit|p2a: Zamazenta
|-damage|p2a: Zamazenta|89/100
|-resisted|p2a: Zamazenta
|-crit|p2a: Zamazenta
|-damage|p2a: Zamazenta|82/100
|-hitcount|p2a: Zamazenta|6
|
|-weather|none
|upkeep
|turn|6
|
|t:|1757950733
|switch|p1a: Grapes|Rillaboom, M|100/100
|-fieldstart|move: Grassy Terrain|[from] ability: Grassy Surge|[of] p1a: Grapes
|move|p2a: Zamazenta|Iron Defense|p2a: Zamazenta
|-boost|p2a: Zamazenta|def|2
|
|-heal|p2a: Zamazenta|88/100|[from] Grassy Terrain
|upkeep
|turn|7
|
|t:|1757950739
|move|p2a: Zamazenta|Body Press|p1a: Grapes
|-damage|p1a: Grapes|22/100
|move|p1a: Grapes|Knock Off|p2a: Zamazenta
|-resisted|p2a: Zamazenta
|-damage|p2a: Zamazenta|86/100
|-enditem|p2a: Zamazenta|Chesto Berry|[from] move: Knock Off|[of] p1a: Grapes
|
|-heal|p2a: Zamazenta|92/100|[from] Grassy Terrain
|-heal|p1a: Grapes|28/100|[from] Grassy Terrain
|upkeep
|turn|8
|
|t:|1757950743
|move|p1a: Grapes|Grassy Glide|p2a: Zamazenta
|-damage|p2a: Zamazenta|85/100
|move|p2a: Zamazenta|Body Press|p1a: Grapes
|-damage|p1a: Grapes|0 fnt
|faint|p1a: Grapes
|
|-heal|p2a: Zamazenta|92/100|[from] Grassy Terrain
|upkeep
|
|t:|1757950749
|switch|p1a: Ambipom|Ambipom, M, tera:Dark|100/100
|turn|9
|
|t:|1757950751
|move|p1a: Ambipom|Fake Out|p2a: Zamazenta
|-damage|p2a: Zamazenta|87/100
|cant|p2a: Zamazenta|flinch
|
|-heal|p2a: Zamazenta|93/100|[from] Grassy Terrain
|-sideend|p2: Donut Operator|move: Aurora Veil
|upkeep
|turn|10
|
|t:|1757950758
|switch|p1a: Munkidori|Munkidori, M|100/100
|move|p2a: Zamazenta|Body Press|p1a: Munkidori
|-resisted|p1a: Munkidori
|-damage|p1a: Munkidori|66/100
|
|-heal|p2a: Zamazenta|99/100|[from] Grassy Terrain
|-heal|p1a: Munkidori|72/100|[from] Grassy Terrain
|-fieldend|move: Grassy Terrain
|upkeep
|turn|11
|
|t:|1757950769
|move|p2a: Zamazenta|Crunch|p1a: Munkidori
|-supereffective|p1a: Munkidori
|-damage|p1a: Munkidori|7/100
|move|p1a: Munkidori|Focus Blast|p2a: Zamazenta
|-damage|p2a: Zamazenta|37/100
|
|upkeep
|turn|12
|
|t:|1757950774
|move|p2a: Zamazenta|Body Press|p1a: Munkidori
|-resisted|p1a: Munkidori
|-damage|p1a: Munkidori|0 fnt
|faint|p1a: Munkidori
|
|upkeep
|
|t:|1757950792
|switch|p1a: Ambipom|Ambipom, M, tera:Dark|100/100
|turn|13
|
|t:|1757950794
|move|p1a: Ambipom|Fake Out|p2a: Zamazenta
|-damage|p2a: Zamazenta|29/100
|cant|p2a: Zamazenta|flinch
|
|upkeep
|turn|14
|
|t:|1757950803
|move|p2a: Zamazenta|Body Press|p1a: Ambipom
|-supereffective|p1a: Ambipom
|-damage|p1a: Ambipom|0 fnt
|faint|p1a: Ambipom
|
|upkeep
|-message|cdeez nudz forfeited.
|
|win|Donut Operator
