|j|☆blaziken168
|j|☆bestcoacheva
|t:|1757939786
|gametype|singles
|player|p1|blaziken168|2|1065
|player|p2|bestcoacheva|2|1130
|gen|9
|tier|[Gen 9] OU
|rated|
|rule|HP Percentage Mod: HP is shown in percentages
|rule|Endless Battle Clause: Forcing endless battles is banned
|rule|Species Clause: Limit one of each Pokémon
|rule|OHKO Clause: OHKO moves are banned
|rule|Evasion Items Clause: Evasion items are banned
|rule|Evasion Moves Clause: Evasion moves are banned
|rule|Evasion Abilities Clause: Evasion abilities are banned
|rule|Sleep Moves Clause: Sleep-inducing moves are banned
|clearpoke
|poke|p1|Tropius, F|
|poke|p1|Empoleon, F|
|poke|p1|Galvantula, M|
|poke|p1|Shaymin|
|poke|p1|Decidueye, M|
|poke|p1|Flygon, M|
|poke|p2|Iron Crown|
|poke|p2|Weezing-Galar, M|
|poke|p2|Toxapex, M|
|poke|p2|Ting-Lu|
|poke|p2|Deoxys-Speed|
|poke|p2|Dragapult, F|
|teampreview
|j| Akashkumar(pro)
|
|t:|1757939802
|teamsize|p1|6
|teamsize|p2|6
|start
|switch|p1a: Galvantula|Galvantula, M|100/100
|switch|p2a: Deoxys|Deoxys-Speed|100/100
|-ability|p2a: Deoxys|Pressure
|turn|1
|
|t:|1757939811
|move|p2a: Deoxys|Stealth Rock|p1a: Galvantula
|-sidestart|p1: blaziken168|move: Stealth Rock
|move|p1a: Galvantula|Bug Buzz|p2a: Deoxys
|-supereffective|p2a: Deoxys
|-damage|p2a: Deoxys|0 fnt
|faint|p2a: Deoxys
|
|upkeep
|
|t:|1757939825
|switch|p2a: Weezing|Weezing-Galar, M|100/100
|turn|2
|
|t:|1757939834
|-terastallize|p2a: Weezing|Electric
|move|p1a: Galvantula|Thunder|p2a: Weezing
|-resisted|p2a: Weezing
|-damage|p2a: Weezing|71/100
|move|p2a: Weezing|Will-O-Wisp|p1a: Galvantula|[miss]
|-miss|p2a: Weezing|p1a: Galvantula
|
|-heal|p2a: Weezing|77/100|[from] item: Leftovers
|upkeep
|turn|3
|
|t:|1757939845
|move|p1a: Galvantula|Sticky Web|p2a: Weezing
|-sidestart|p2: bestcoacheva|move: Sticky Web
|move|p2a: Weezing|Pain Split|p1a: Galvantula
|-sethp|p1a: Galvantula|96/100|[from] move: Pain Split|[silent]
|-sethp|p2a: Weezing|81/100|[from] move: Pain Split
|
|-heal|p2a: Weezing|87/100|[from] item: Leftovers
|upkeep
|turn|4
|
|t:|1757939855
|move|p1a: Galvantula|Volt Switch|p2a: Weezing
|-resisted|p2a: Weezing
|-damage|p2a: Weezing|68/100
|
|t:|1757939863
|switch|p1a: Empoleon|Empoleon, F|100/100|[from] Volt Switch
|-damage|p1a: Empoleon|94/100|[from] Stealth Rock
|-item|p1a: Empoleon|Air Balloon
|move|p2a: Weezing|Will-O-Wisp|p1a: Empoleon
|-status|p1a: Empoleon|brn
|
|-heal|p2a: Weezing|74/100|[from] item: Leftovers
|-damage|p1a: Empoleon|88/100 brn|[from] brn
|upkeep
|turn|5
|
|t:|1757939876
|move|p1a: Empoleon|Agility|p1a: Empoleon
|-boost|p1a: Empoleon|spe|2
|move|p2a: Weezing|Strange Steam|p1a: Empoleon
|-resisted|p1a: Empoleon
|-damage|p1a: Empoleon|75/100 brn
|-enditem|p1a: Empoleon|Air Balloon
|
|-heal|p2a: Weezing|80/100|[from] item: Leftovers
|-damage|p1a: Empoleon|69/100 brn|[from] brn
|upkeep
|turn|6
|
|t:|1757939890
|move|p1a: Empoleon|Surf|p2a: Weezing
|-damage|p2a: Weezing|21/100
|move|p2a: Weezing|Strange Steam|p1a: Empoleon
|-resisted|p1a: Empoleon
|-damage|p1a: Empoleon|56/100 brn
|
|-heal|p2a: Weezing|27/100|[from] item: Leftovers
|-damage|p1a: Empoleon|50/100 brn|[from] brn
|upkeep
|turn|7
|
|t:|1757939900
|move|p1a: Empoleon|Surf|p2a: Weezing
|-damage|p2a: Weezing|0 fnt
|faint|p2a: Weezing
|
|-damage|p1a: Empoleon|44/100 brn|[from] brn
|upkeep
|
|t:|1757939904
|switch|p2a: Toxapex|Toxapex, M|100/100
|-activate|p2a: Toxapex|move: Sticky Web
|-unboost|p2a: Toxapex|spe|1
|turn|8
|
|t:|1757939920
|switch|p1a: Flygon|Flygon, M|100/100
|-damage|p1a: Flygon|95/100|[from] Stealth Rock
|move|p2a: Toxapex|Haze|p2a: Toxapex
|-clearallboost
|
|upkeep
|turn|9
|
|t:|1757939930
|switch|p2a: Ting-Lu|Ting-Lu|100/100
|-ability|p2a: Ting-Lu|Vessel of Ruin
|move|p1a: Flygon|Earthquake|p2a: Ting-Lu
|-damage|p2a: Ting-Lu|81/100
|
|upkeep
|turn|10
|
|t:|1757939938
|switch|p1a: Tropius|Tropius, F|100/100
|-damage|p1a: Tropius|76/100|[from] Stealth Rock
|move|p2a: Ting-Lu|Spikes|p1a: Tropius
|-sidestart|p1: blaziken168|Spikes
|
|upkeep
|turn|11
|
|t:|1757939945
|move|p1a: Tropius|Leech Seed|p2a: Ting-Lu|[miss]
|-miss|p1a: Tropius|p2a: Ting-Lu
|move|p2a: Ting-Lu|Whirlwind|p1a: Tropius
|drag|p1a: Decidueye|Decidueye, M|100/100
|-damage|p1a: Decidueye|88/100|[from] Stealth Rock
|-damage|p1a: Decidueye|76/100|[from] Spikes
|
|upkeep
|turn|12
|
|t:|1757939957
|move|p1a: Decidueye|Defog|p2a: Ting-Lu
|-unboost|p2a: Ting-Lu|evasion|1
|-sideend|p2: bestcoacheva|Sticky Web|[from] move: Defog|[of] p1a: Decidueye
|-sideend|p1: blaziken168|Spikes|[from] move: Defog|[of] p1a: Decidueye
|-sideend|p1: blaziken168|Stealth Rock|[from] move: Defog|[of] p1a: Decidueye
|move|p2a: Ting-Lu|Spikes|p1a: Decidueye
|-sidestart|p1: blaziken168|Spikes
|
|upkeep
|turn|13
|
|t:|1757939966
|move|p1a: Decidueye|Leaf Blade|p2a: Ting-Lu
|-supereffective|p2a: Ting-Lu
|-damage|p2a: Ting-Lu|37/100
|-damage|p1a: Decidueye|66/100|[from] item: Life Orb
|move|p2a: Ting-Lu|Ruination|p1a: Decidueye
|-damage|p1a: Decidueye|33/100
|
|upkeep
|turn|14
|
|t:|1757939975
|move|p1a: Decidueye|Leaf Blade|p2a: Ting-Lu
|-supereffective|p2a: Ting-Lu
|-damage|p2a: Ting-Lu|0 fnt
|faint|p2a: Ting-Lu
|-damage|p1a: Decidueye|23/100|[from] item: Life Orb
|
|upkeep
|
|t:|1757939981
|switch|p2a: Dragapult|Dragapult, F|100/100
|turn|15
|
|t:|1757939991
|switch|p2a: Toxapex|Toxapex, M|100/100
|move|p1a: Decidueye|Shadow Sneak|p2a: Toxapex
|-damage|p2a: Toxapex|85/100
|-damage|p1a: Decidueye|14/100|[from] item: Life Orb
|
|-heal|p2a: Toxapex|91/100|[from] item: Leftovers
|upkeep
|turn|16
|
|t:|1757940002
|move|p2a: Toxapex|Baneful Bunker|p2a: Toxapex
|-singleturn|p2a: Toxapex|move: Protect
|move|p1a: Decidueye|Leaf Blade|p2a: Toxapex
|-activate|p2a: Toxapex|move: Protect
|
|-heal|p2a: Toxapex|97/100|[from] item: Leftovers
|upkeep
|turn|17
|
|t:|1757940015
|move|p1a: Decidueye|Leaf Blade|p2a: Toxapex
|-damage|p2a: Toxapex|60/100
|-damage|p1a: Decidueye|4/100|[from] item: Life Orb
|move|p2a: Toxapex|Chilling Water|p1a: Decidueye
|-resisted|p1a: Decidueye
|-damage|p1a: Decidueye|0 fnt
|faint|p1a: Decidueye
|
|-heal|p2a: Toxapex|66/100|[from] item: Leftovers
|upkeep
|
|t:|1757940026
|switch|p1a: Galvantula|Galvantula, M|96/100
|-damage|p1a: Galvantula|83/100|[from] Spikes
|turn|18
|
|t:|1757940030
|switch|p2a: Iron Crown|Iron Crown|100/100
|move|p1a: Galvantula|Thunder|p2a: Iron Crown
|-damage|p2a: Iron Crown|75/100
|
|upkeep
|turn|19
|
|t:|1757940040
|move|p1a: Galvantula|Bug Buzz|p2a: Iron Crown
|-damage|p2a: Iron Crown|52/100
|move|p2a: Iron Crown|Future Sight|p1a: Galvantula
|-start|p2a: Iron Crown|move: Future Sight
|
|upkeep
|turn|20
|
|t:|1757940051
|move|p1a: Galvantula|Bug Buzz|p2a: Iron Crown
|-damage|p2a: Iron Crown|31/100
|move|p2a: Iron Crown|Volt Switch|p1a: Galvantula
|-resisted|p1a: Galvantula
|-damage|p1a: Galvantula|66/100
|
|t:|1757940055
|-end|p2a: Iron Crown|Quark Drive|[silent]
|switch|p2a: Dragapult|Dragapult, F|100/100|[from] Volt Switch
|
|upkeep
|turn|21
|
|t:|1757940066
|move|p2a: Dragapult|Dragon Darts|p1a: Galvantula
|-damage|p1a: Galvantula|18/100
|-anim|p2a: Dragapult|Dragon Darts|p1a: Galvantula
|-damage|p1a: Galvantula|0 fnt
|faint|p1a: Galvantula
|
|-hint|Future Sight did not hit because the target is fainted.
|upkeep
|
|t:|1757940078
|switch|p1a: Shaymin|Shaymin|100/100
|-damage|p1a: Shaymin|88/100|[from] Spikes
|turn|22
|
|t:|1757940085
|move|p2a: Dragapult|U-turn|p1a: Shaymin
|-supereffective|p1a: Shaymin
|-damage|p1a: Shaymin|57/100
|
|t:|1757940088
|switch|p2a: Iron Crown|Iron Crown|31/100|[from] U-turn
|move|p1a: Shaymin|Leech Seed|p2a: Iron Crown
|-start|p2a: Iron Crown|move: Leech Seed
|
|-heal|p1a: Shaymin|64/100|[from] item: Leftovers
|-damage|p2a: Iron Crown|19/100|[from] Leech Seed|[of] p1a: Shaymin
|-heal|p1a: Shaymin|75/100|[silent]
|upkeep
|turn|23
|
|t:|1757940099
|move|p2a: Iron Crown|Future Sight|p1a: Shaymin
|-start|p2a: Iron Crown|move: Future Sight
|move|p1a: Shaymin|Giga Drain|p2a: Iron Crown
|-resisted|p2a: Iron Crown
|-damage|p2a: Iron Crown|11/100
|-heal|p1a: Shaymin|79/100|[from] drain|[of] p2a: Iron Crown
|
|-heal|p1a: Shaymin|85/100|[from] item: Leftovers
|-damage|p2a: Iron Crown|0 fnt|[from] Leech Seed|[of] p1a: Shaymin
|-heal|p1a: Shaymin|95/100|[silent]
|faint|p2a: Iron Crown
|-end|p2a: Iron Crown|Quark Drive|[silent]
|upkeep
|
|t:|1757940108
|switch|p2a: Dragapult|Dragapult, F|100/100
|turn|24
|
|t:|1757940117
|-terastallize|p1a: Shaymin|Water
|move|p2a: Dragapult|Will-O-Wisp|p1a: Shaymin
|-status|p1a: Shaymin|brn
|move|p1a: Shaymin|Leech Seed|p2a: Dragapult
|-start|p2a: Dragapult|move: Leech Seed
|
|-heal|p1a: Shaymin|100/100 brn|[from] item: Leftovers
|-damage|p2a: Dragapult|88/100|[from] Leech Seed|[of] p1a: Shaymin
|-damage|p1a: Shaymin|94/100 brn|[from] brn
|upkeep
|turn|25
|
|t:|1757940129
|move|p2a: Dragapult|U-turn|p1a: Shaymin
|-damage|p1a: Shaymin|80/100 brn
|
|t:|1757940133
|switch|p2a: Toxapex|Toxapex, M|99/100|[from] U-turn
|move|p1a: Shaymin|Giga Drain|p2a: Toxapex
|-damage|p2a: Toxapex|78/100
|-heal|p1a: Shaymin|88/100 brn|[from] drain|[of] p2a: Toxapex
|
|-end|p1a: Shaymin|move: Future Sight
|-damage|p1a: Shaymin|47/100 brn
|-heal|p1a: Shaymin|53/100 brn|[from] item: Leftovers
|-heal|p2a: Toxapex|85/100|[from] item: Leftovers
|-damage|p1a: Shaymin|47/100 brn|[from] brn
|upkeep
|turn|26
|
|t:|1757940146
|switch|p2a: Dragapult|Dragapult, F|88/100
|move|p1a: Shaymin|Leech Seed|p2a: Dragapult
|-start|p2a: Dragapult|move: Leech Seed
|
|-heal|p1a: Shaymin|53/100 brn|[from] item: Leftovers
|-damage|p2a: Dragapult|76/100|[from] Leech Seed|[of] p1a: Shaymin
|-heal|p1a: Shaymin|63/100 brn|[silent]
|-damage|p1a: Shaymin|57/100 brn|[from] brn
|upkeep
|turn|27
|
|t:|1757940157
|move|p2a: Dragapult|Dragon Darts|p1a: Shaymin
|-damage|p1a: Shaymin|42/100 brn
|-anim|p2a: Dragapult|Dragon Darts|p1a: Shaymin
|-damage|p1a: Shaymin|27/100 brn
|move|p1a: Shaymin|Giga Drain|p2a: Dragapult
|-resisted|p2a: Dragapult
|-damage|p2a: Dragapult|58/100
|-heal|p1a: Shaymin|34/100 brn|[from] drain|[of] p2a: Dragapult
|
|-heal|p1a: Shaymin|41/100 brn|[from] item: Leftovers
|-damage|p2a: Dragapult|45/100|[from] Leech Seed|[of] p1a: Shaymin
|-heal|p1a: Shaymin|50/100 brn|[silent]
|-damage|p1a: Shaymin|44/100 brn|[from] brn
|upkeep
|turn|28
|
|t:|1757940170
|move|p1a: Shaymin|Protect|p1a: Shaymin
|-singleturn|p1a: Shaymin|Protect
|move|p2a: Dragapult|Hex|p1a: Shaymin
|-activate|p1a: Shaymin|move: Protect
|
|-heal|p1a: Shaymin|50/100 brn|[from] item: Leftovers
|-damage|p2a: Dragapult|33/100|[from] Leech Seed|[of] p1a: Shaymin
|-heal|p1a: Shaymin|60/100 brn|[silent]
|-damage|p1a: Shaymin|54/100 brn|[from] brn
|upkeep
|turn|29
|-message|bestcoacheva forfeited.
|
|win|blaziken168
|raw|blaziken168's rating: 1065 &rarr; <strong>1101</strong><br />(+36 for winning)
|raw|bestcoacheva's rating: 1130 &rarr; <strong>1100</strong><br />(-30 for losing)
|l|☆bestcoacheva
|player|p2|
|l|☆blaziken168
|player|p1|
|l| Akashkumar(pro)
