|j|☆3idk
|j|☆Jamel1
|t:|1757789419
|gametype|singles
|player|p1|3idk|lusamine-masters|1671
|player|p2|Jamel1|cyrus|1650
|gen|9
|tier|[Gen 9] OU
|rated|
|rule|HP Percentage Mod: HP is shown in percentages
|rule|Endless Battle Clause: Forcing endless battles is banned
|rule|Species Clause: Limit one of each Pokémon
|rule|OHKO Clause: OHKO moves are banned
|rule|Evasion Items Clause: Evasion items are banned
|rule|Evasion Moves Clause: Evasion moves are banned
|rule|Evasion Abilities Clause: Evasion abilities are banned
|rule|Sleep Moves Clause: Sleep-inducing moves are banned
|clearpoke
|poke|p1|Tyranitar, M|
|poke|p1|Excadrill, M|
|poke|p1|Keldeo-Resolute|
|poke|p1|Tornadus-Therian, M|
|poke|p1|Heatran, M|
|poke|p1|Hydrapple, F|
|poke|p2|Sandaconda, F|
|poke|p2|Deoxys-Defense|
|poke|p2|Gyarados, F|
|poke|p2|Maushold|
|poke|p2|Serperior, F|
|poke|p2|Kommo-o, M|
|teampreview
|inactive|Battle timer is ON: inactive players will automatically lose when time's up. (requested by 3idk)
|
|t:|1757789425
|teamsize|p1|6
|teamsize|p2|6
|start
|switch|p1a: Tornadus|Tornadus-Therian, M|100/100
|switch|p2a: Sandaconda|Sandaconda, F|100/100
|turn|1
|
|t:|1757789431
|move|p1a: Tornadus|Taunt|p2a: Sandaconda
|-start|p2a: Sandaconda|move: Taunt
|cant|p2a: Sandaconda|move: Taunt|Glare
|
|upkeep
|turn|2
|
|t:|1757789436
|switch|p2a: Maushold|Maushold|100/100
|move|p1a: Tornadus|Bleakwind Storm|p2a: Maushold
|-damage|p2a: Maushold|45/100
|-unboost|p2a: Maushold|spe|1
|
|upkeep
|turn|3
|
|t:|1757789441
|move|p1a: Tornadus|Bleakwind Storm|p2a: Maushold|[miss]
|-miss|p1a: Tornadus|p2a: Maushold
|move|p2a: Maushold|Thunder Wave|p1a: Tornadus
|-status|p1a: Tornadus|par
|
|upkeep
|turn|4
|
|t:|1757789445
|switch|p1a: Heatran|Heatran, M|100/100
|switch|p2a: Sandaconda|Sandaconda, F|100/100
|
|upkeep
|turn|5
|
|t:|1757789452
|switch|p1a: Keldeo|Keldeo-Resolute|100/100
|move|p2a: Sandaconda|Glare|p1a: Keldeo
|-status|p1a: Keldeo|par
|
|upkeep
|turn|6
|
|t:|1757789458
|move|p2a: Sandaconda|Stealth Rock|p1a: Keldeo
|-sidestart|p1: 3idk|move: Stealth Rock
|move|p1a: Keldeo|Surf|p2a: Sandaconda
|-supereffective|p2a: Sandaconda
|-enditem|p2a: Sandaconda|Focus Sash
|-damage|p2a: Sandaconda|1/100
|
|upkeep
|turn|7
|
|t:|1757789463
|switch|p1a: Tornadus|Tornadus-Therian, M|100/100 par
|move|p2a: Sandaconda|Earthquake|p1a: Tornadus
|-immune|p1a: Tornadus
|
|upkeep
|turn|8
|
|t:|1757789470
|move|p2a: Sandaconda|Iron Head|p1a: Tornadus
|-damage|p1a: Tornadus|74/100 par
|move|p1a: Tornadus|U-turn|p2a: Sandaconda
|-damage|p2a: Sandaconda|0 fnt
|faint|p2a: Sandaconda
|
|t:|1757789476
|switch|p1a: Tyranitar|Tyranitar, M|100/100|[from] U-turn
|-damage|p1a: Tyranitar|88/100|[from] Stealth Rock
|-weather|Sandstorm|[from] ability: Sand Stream|[of] p1a: Tyranitar
|
|-weather|Sandstorm|[upkeep]
|upkeep
|
|t:|1757789478
|switch|p2a: Serperior|Serperior, F, shiny|100/100
|turn|9
|
|t:|1757789483
|switch|p1a: Heatran|Heatran, M|100/100
|-damage|p1a: Heatran|88/100|[from] Stealth Rock
|move|p2a: Serperior|Reflect|p2a: Serperior
|-sidestart|p2: Jamel1|Reflect
|
|-weather|Sandstorm|[upkeep]
|-damage|p2a: Serperior|94/100|[from] Sandstorm
|-heal|p1a: Heatran|94/100|[from] item: Leftovers
|upkeep
|turn|10
|
|t:|1757789497
|move|p2a: Serperior|Light Screen|p2a: Serperior
|-sidestart|p2: Jamel1|move: Light Screen
|move|p1a: Heatran|Magma Storm|p2a: Serperior
|-supereffective|p2a: Serperior
|-damage|p2a: Serperior|43/100
|-activate|p2a: Serperior|move: Magma Storm|[of] p1a: Heatran
|
|-weather|Sandstorm|[upkeep]
|-damage|p2a: Serperior|37/100|[from] Sandstorm
|-heal|p1a: Heatran|100/100|[from] item: Leftovers
|-damage|p2a: Serperior|24/100|[from] move: Magma Storm|[partiallytrapped]
|upkeep
|turn|11
|
|t:|1757789503
|move|p2a: Serperior|Leaf Storm|p1a: Heatran
|-resisted|p1a: Heatran
|-damage|p1a: Heatran|94/100
|-boost|p2a: Serperior|spa|2
|move|p1a: Heatran|Stealth Rock|p2a: Serperior
|-sidestart|p2: Jamel1|move: Stealth Rock
|
|-weather|Sandstorm|[upkeep]
|-damage|p2a: Serperior|18/100|[from] Sandstorm
|-heal|p1a: Heatran|99/100|[from] item: Leftovers
|-damage|p2a: Serperior|6/100|[from] move: Magma Storm|[partiallytrapped]
|upkeep
|turn|12
|
|t:|1757789507
|move|p2a: Serperior|Tera Blast|p1a: Heatran
|-resisted|p1a: Heatran
|-damage|p1a: Heatran|87/100
|move|p1a: Heatran|Earth Power|p2a: Serperior
|-resisted|p2a: Serperior
|-damage|p2a: Serperior|0 fnt
|faint|p2a: Serperior
|
|-weather|none
|-heal|p1a: Heatran|94/100|[from] item: Leftovers
|upkeep
|
|t:|1757789517
|switch|p2a: Kommo-o|Kommo-o, M|100/100
|-damage|p2a: Kommo-o|94/100|[from] Stealth Rock
|turn|13
|
|t:|1757789523
|switch|p1a: Tyranitar|Tyranitar, M|88/100
|-damage|p1a: Tyranitar|76/100|[from] Stealth Rock
|-weather|Sandstorm|[from] ability: Sand Stream|[of] p1a: Tyranitar
|move|p2a: Kommo-o|Substitute|p2a: Kommo-o
|-start|p2a: Kommo-o|Substitute
|-damage|p2a: Kommo-o|69/100
|
|-weather|Sandstorm|[upkeep]
|-damage|p2a: Kommo-o|63/100|[from] Sandstorm
|upkeep
|turn|14
|
|t:|1757789531
|-terastallize|p2a: Kommo-o|Steel
|move|p2a: Kommo-o|Belly Drum|p2a: Kommo-o
|-damage|p2a: Kommo-o|13/100
|-setboost|p2a: Kommo-o|atk|6|[from] move: Belly Drum
|-enditem|p2a: Kommo-o|Salac Berry|[eat]
|-boost|p2a: Kommo-o|spe|1|[from] item: Salac Berry
|move|p1a: Tyranitar|Ice Punch|p2a: Kommo-o
|-resisted|p2a: Kommo-o
|-crit|p2a: Kommo-o
|-end|p2a: Kommo-o|Substitute
|
|-weather|Sandstorm|[upkeep]
|upkeep
|turn|15
|
|t:|1757789539
|switch|p1a: Hydrapple|Hydrapple, F|100/100
|-damage|p1a: Hydrapple|88/100|[from] Stealth Rock
|move|p2a: Kommo-o|Drain Punch|p1a: Hydrapple
|-damage|p1a: Hydrapple|6/100
|-heal|p2a: Kommo-o|69/100|[from] drain|[of] p1a: Hydrapple
|-damage|p2a: Kommo-o|53/100|[from] item: Rocky Helmet|[of] p1a: Hydrapple
|
|-weather|Sandstorm|[upkeep]
|-damage|p1a: Hydrapple|0 fnt|[from] Sandstorm
|faint|p1a: Hydrapple
|upkeep
|
|t:|1757789546
|switch|p1a: Excadrill|Excadrill, M|100/100
|-damage|p1a: Excadrill|97/100|[from] Stealth Rock
|-item|p1a: Excadrill|Air Balloon
|turn|16
|
|t:|1757789551
|switch|p2a: Gyarados|Gyarados, F, shiny|100/100
|-damage|p2a: Gyarados|76/100|[from] Stealth Rock
|-terastallize|p1a: Excadrill|Ghost
|move|p1a: Excadrill|Earthquake|p2a: Gyarados
|-immune|p2a: Gyarados
|
|-weather|Sandstorm|[upkeep]
|-damage|p2a: Gyarados|70/100|[from] Sandstorm
|-heal|p2a: Gyarados|76/100|[from] item: Leftovers
|-sideend|p2: Jamel1|Reflect
|upkeep
|turn|17
|
|t:|1757789561
|move|p1a: Excadrill|Rapid Spin|p2a: Gyarados
|-damage|p2a: Gyarados|51/100
|-boost|p1a: Excadrill|spe|1
|-sideend|p1: 3idk|Stealth Rock|[from] move: Rapid Spin|[of] p1a: Excadrill
|move|p2a: Gyarados|Dragon Dance|p2a: Gyarados
|-boost|p2a: Gyarados|atk|1
|-boost|p2a: Gyarados|spe|1
|
|-weather|none
|-heal|p2a: Gyarados|57/100|[from] item: Leftovers
|-sideend|p2: Jamel1|move: Light Screen
|upkeep
|turn|18
|
|t:|1757789568
|move|p2a: Gyarados|Dragon Dance|p2a: Gyarados
|-boost|p2a: Gyarados|atk|1
|-boost|p2a: Gyarados|spe|1
|move|p1a: Excadrill|Iron Head|p2a: Gyarados
|-resisted|p2a: Gyarados
|-damage|p2a: Gyarados|27/100
|
|-heal|p2a: Gyarados|33/100|[from] item: Leftovers
|upkeep
|turn|19
|
|t:|1757789572
|switch|p1a: Tyranitar|Tyranitar, M|76/100
|-weather|Sandstorm|[from] ability: Sand Stream|[of] p1a: Tyranitar
|move|p2a: Gyarados|Waterfall|p1a: Tyranitar
|-supereffective|p1a: Tyranitar
|-damage|p1a: Tyranitar|0 fnt
|faint|p1a: Tyranitar
|-ability|p2a: Gyarados|Moxie|boost
|-boost|p2a: Gyarados|atk|1
|
|-weather|Sandstorm|[upkeep]
|-damage|p2a: Gyarados|27/100|[from] Sandstorm
|-heal|p2a: Gyarados|33/100|[from] item: Leftovers
|upkeep
|
|t:|1757789591
|switch|p1a: Keldeo|Keldeo-Resolute|100/100 par
|turn|20
|
|t:|1757789597
|move|p1a: Keldeo|Vacuum Wave|p2a: Gyarados
|-resisted|p2a: Gyarados
|-damage|p2a: Gyarados|17/100
|move|p2a: Gyarados|Earthquake|p1a: Keldeo
|-damage|p1a: Keldeo|9/100 par
|
|-weather|Sandstorm|[upkeep]
|-damage|p2a: Gyarados|11/100|[from] Sandstorm
|-damage|p1a: Keldeo|2/100 par|[from] Sandstorm
|-heal|p2a: Gyarados|17/100|[from] item: Leftovers
|upkeep
|turn|21
|
|t:|1757789603
|move|p1a: Keldeo|Vacuum Wave|p2a: Gyarados
|-resisted|p2a: Gyarados
|-damage|p2a: Gyarados|1/100
|move|p2a: Gyarados|Earthquake|p1a: Keldeo
|-damage|p1a: Keldeo|0 fnt
|faint|p1a: Keldeo
|-ability|p2a: Gyarados|Moxie|boost
|-boost|p2a: Gyarados|atk|1
|
|-weather|Sandstorm|[upkeep]
|-damage|p2a: Gyarados|0 fnt|[from] Sandstorm
|faint|p2a: Gyarados
|upkeep
|
|t:|1757789612
|switch|p1a: Excadrill|Excadrill, M, tera:Ghost|97/100
|switch|p2a: Maushold|Maushold|45/100
|-item|p1a: Excadrill|Air Balloon
|-damage|p2a: Maushold|33/100|[from] Stealth Rock
|turn|22
|
|t:|1757789618
|move|p1a: Excadrill|Earthquake|p2a: Maushold
|-damage|p2a: Maushold|0 fnt
|faint|p2a: Maushold
|
|-weather|Sandstorm|[upkeep]
|upkeep
|
|t:|1757789626
|switch|p2a: Deoxys|Deoxys-Defense|100/100
|-damage|p2a: Deoxys|88/100|[from] Stealth Rock
|-ability|p2a: Deoxys|Pressure
|turn|23
|
|t:|1757789633
|switch|p1a: Heatran|Heatran, M|94/100
|move|p2a: Deoxys|Cosmic Power|p2a: Deoxys
|-boost|p2a: Deoxys|def|1
|-boost|p2a: Deoxys|spd|1
|
|-weather|none
|-heal|p1a: Heatran|99/100|[from] item: Leftovers
|upkeep
|turn|24
|
|t:|1757789637
|move|p2a: Deoxys|Cosmic Power|p2a: Deoxys
|-boost|p2a: Deoxys|def|1
|-boost|p2a: Deoxys|spd|1
|move|p1a: Heatran|Taunt|p2a: Deoxys
|-start|p2a: Deoxys|move: Taunt
|
|-heal|p1a: Heatran|100/100|[from] item: Leftovers
|upkeep
|turn|25
|
|t:|1757789642
|move|p2a: Deoxys|Low Kick|p1a: Heatran
|-supereffective|p1a: Heatran
|-crit|p1a: Heatran
|-damage|p1a: Heatran|53/100
|-status|p2a: Deoxys|brn|[from] ability: Flame Body|[of] p1a: Heatran
|move|p1a: Heatran|Magma Storm|p2a: Deoxys
|-damage|p2a: Deoxys|73/100 brn
|-activate|p2a: Deoxys|move: Magma Storm|[of] p1a: Heatran
|
|-heal|p1a: Heatran|59/100|[from] item: Leftovers
|-damage|p2a: Deoxys|67/100 brn|[from] brn
|-damage|p2a: Deoxys|54/100 brn|[from] move: Magma Storm|[partiallytrapped]
|upkeep
|turn|26
|
|t:|1757789650
|move|p2a: Deoxys|Low Kick|p1a: Heatran
|-supereffective|p1a: Heatran
|-damage|p1a: Heatran|44/100
|move|p1a: Heatran|Earth Power|p2a: Deoxys
|-damage|p2a: Deoxys|45/100 brn
|
|-heal|p1a: Heatran|50/100|[from] item: Leftovers
|-damage|p2a: Deoxys|39/100 brn|[from] brn
|-damage|p2a: Deoxys|26/100 brn|[from] move: Magma Storm|[partiallytrapped]
|upkeep
|turn|27
|
|t:|1757789654
|move|p2a: Deoxys|Low Kick|p1a: Heatran
|-supereffective|p1a: Heatran
|-damage|p1a: Heatran|34/100
|move|p1a: Heatran|Earth Power|p2a: Deoxys
|-damage|p2a: Deoxys|18/100 brn
|
|-heal|p1a: Heatran|40/100|[from] item: Leftovers
|-damage|p2a: Deoxys|12/100 brn|[from] brn
|-damage|p2a: Deoxys|0 fnt|[from] move: Magma Storm|[partiallytrapped]
|faint|p2a: Deoxys
|upkeep
|
|t:|1757789657
|switch|p2a: Kommo-o|Kommo-o, M, tera:Steel|53/100
|-damage|p2a: Kommo-o|47/100|[from] Stealth Rock
|turn|28
|
|t:|1757789666
|move|p2a: Kommo-o|Drain Punch|p1a: Heatran
|-supereffective|p1a: Heatran
|-damage|p1a: Heatran|0 fnt
|-heal|p2a: Kommo-o|72/100|[from] drain|[of] p1a: Heatran
|-status|p2a: Kommo-o|brn|[from] ability: Flame Body|[of] p1a: Heatran
|faint|p1a: Heatran
|
|-damage|p2a: Kommo-o|65/100 brn|[from] brn
|upkeep
|
|t:|1757789671
|switch|p1a: Excadrill|Excadrill, M, tera:Ghost|97/100
|-item|p1a: Excadrill|Air Balloon
|turn|29
|-message|Jamel1 forfeited.
|
|win|3idk
|raw|3idk's rating: 1671 &rarr; <strong>1690</strong><br />(+19 for winning)
|raw|Jamel1's rating: 1650 &rarr; <strong>1631</strong><br />(-19 for losing)
|l|☆Jamel1
|player|p2|
|l|☆3idk
|player|p1|
