|j|☆Tytohbird
|j|☆MrBrownShowdown
|t:|1757867566
|gametype|singles
|player|p1|Tytohbird|hilbert-wonderlauncher|1636
|player|p2|MrBrownShowdown|2|1606
|gen|9
|tier|[Gen 9] OU
|rated|
|rule|HP Percentage Mod: HP is shown in percentages
|rule|Endless Battle Clause: Forcing endless battles is banned
|rule|Species Clause: Limit one of each Pokémon
|rule|OHKO Clause: OHKO moves are banned
|rule|Evasion Items Clause: Evasion items are banned
|rule|Evasion Moves Clause: Evasion moves are banned
|rule|Evasion Abilities Clause: Evasion abilities are banned
|rule|Sleep Moves Clause: Sleep-inducing moves are banned
|clearpoke
|poke|p1|Inteleon, M|
|poke|p1|Meowscarada, F|
|poke|p1|Hatterene, F|
|poke|p1|Kingambit, F|
|poke|p1|Pecharunt|
|poke|p1|Landorus-Therian, M|
|poke|p2|Ribombee, M|
|poke|p2|Gholdengo|
|poke|p2|Kingambit, M|
|poke|p2|Great Tusk|
|poke|p2|Enamorus, F|
|poke|p2|Landorus-Therian, M|
|teampreview
|inactive|Battle timer is ON: inactive players will automatically lose when time's up. (requested by Tytohbird)
|
|t:|1757867571
|teamsize|p1|6
|teamsize|p2|6
|start
|switch|p1a: DMR Demon|Meowscarada, F|100/100
|switch|p2a: Mosquito|Ribombee, M|100/100
|turn|1
|
|t:|1757867593
|switch|p2a: Gholdengo|Gholdengo|100/100
|-item|p2a: Gholdengo|Air Balloon
|switch|p1a: AR + Aim Assist|Hatterene, F|100/100
|
|upkeep
|turn|2
|
|t:|1757867601
|switch|p1a: AA-12 Abuser|Kingambit, F|100/100
|move|p2a: Gholdengo|Make It Rain|p1a: AA-12 Abuser
|-resisted|p1a: AA-12 Abuser
|-damage|p1a: AA-12 Abuser|62/100
|-unboost|p2a: Gholdengo|spa|1
|
|-heal|p1a: AA-12 Abuser|68/100|[from] item: Leftovers
|upkeep
|turn|3
|
|t:|1757867626
|switch|p2a: Great Tusk|Great Tusk|100/100
|-enditem|p2a: Great Tusk|Booster Energy
|-activate|p2a: Great Tusk|ability: Protosynthesis|[fromitem]
|-start|p2a: Great Tusk|protosynthesisatk
|-end|p1a: AA-12 Abuser|fallenundefined|[silent]
|switch|p1a: BFG Camper|Inteleon, M|100/100
|
|upkeep
|turn|4
|inactive|MrBrownShowdown has 120 seconds left.
|
|t:|1757867647
|move|p1a: BFG Camper|Snipe Shot|p2a: Great Tusk
|-supereffective|p2a: Great Tusk
|-crit|p2a: Great Tusk
|-damage|p2a: Great Tusk|0 fnt
|faint|p2a: Great Tusk
|-end|p2a: Great Tusk|Protosynthesis|[silent]
|
|upkeep
|
|t:|1757867649
|switch|p2a: Mosquito|Ribombee, M|100/100
|turn|5
|
|t:|1757867652
|switch|p1a: AR + Aim Assist|Hatterene, F|100/100
|move|p2a: Mosquito|Sticky Web|p1a: AR + Aim Assist
|move|p1a: AR + Aim Assist|Sticky Web|p2a: Mosquito|[from] ability: Magic Bounce
|-sidestart|p2: MrBrownShowdown|move: Sticky Web
|
|upkeep
|turn|6
|
|t:|1757867656
|move|p2a: Mosquito|Skill Swap|p1a: AR + Aim Assist
|-activate|p2a: Mosquito|move: Skill Swap|Magic Bounce|Shield Dust|[of] p1a: AR + Aim Assist
|move|p1a: AR + Aim Assist|Mystical Fire|p2a: Mosquito
|-supereffective|p2a: Mosquito
|-damage|p2a: Mosquito|13/100
|-unboost|p2a: Mosquito|spa|1
|
|upkeep
|turn|7
|
|t:|1757867671
|move|p2a: Mosquito|Sticky Web|p1a: AR + Aim Assist
|-sidestart|p1: Tytohbird|move: Sticky Web
|move|p1a: AR + Aim Assist|Draining Kiss|p2a: Mosquito
|-damage|p2a: Mosquito|0 fnt
|faint|p2a: Mosquito
|
|upkeep
|
|t:|1757867698
|switch|p2a: Enamorus|Enamorus, F|100/100
|turn|8
|inactive|Tytohbird has 120 seconds left.
|
|t:|1757867735
|-terastallize|p2a: Enamorus|Fairy
|move|p2a: Enamorus|Moonblast|p1a: AR + Aim Assist
|-damage|p1a: AR + Aim Assist|33/100
|move|p1a: AR + Aim Assist|Nuzzle|p2a: Enamorus
|-damage|p2a: Enamorus|96/100
|-status|p2a: Enamorus|par
|
|upkeep
|turn|9
|inactive|Tytohbird has 120 seconds left.
|
|t:|1757867741
|move|p2a: Enamorus|Moonblast|p1a: AR + Aim Assist
|-damage|p1a: AR + Aim Assist|0 fnt
|faint|p1a: AR + Aim Assist
|
|upkeep
|inactive|Tytohbird has 120 seconds left.
|
|t:|1757867756
|switch|p1a: Grenade Gremlin|Pecharunt|100/100
|turn|10
|
|t:|1757867769
|switch|p2a: Kingambit|Kingambit, M|100/100
|-activate|p2a: Kingambit|move: Sticky Web
|-unboost|p2a: Kingambit|spe|1
|-activate|p2a: Kingambit|ability: Supreme Overlord
|-start|p2a: Kingambit|fallen2|[silent]
|move|p1a: Grenade Gremlin|Malignant Chain|p2a: Kingambit
|-immune|p2a: Kingambit
|
|upkeep
|turn|11
|
|t:|1757867789
|switch|p1a: SMG Sweat|Landorus-Therian, M|100/100
|-ability|p1a: SMG Sweat|Intimidate|boost
|-unboost|p2a: Kingambit|atk|1
|move|p2a: Kingambit|Kowtow Cleave|p1a: SMG Sweat
|-damage|p1a: SMG Sweat|56/100
|-damage|p2a: Kingambit|84/100|[from] item: Rocky Helmet|[of] p1a: SMG Sweat
|
|upkeep
|turn|12
|
|t:|1757867794
|-end|p2a: Kingambit|fallen2|[silent]
|switch|p2a: Landorus|Landorus-Therian, M|100/100
|-ability|p2a: Landorus|Intimidate|boost
|-unboost|p1a: SMG Sweat|atk|1
|move|p1a: SMG Sweat|Stealth Rock|p2a: Landorus
|-sidestart|p2: MrBrownShowdown|move: Stealth Rock
|
|upkeep
|turn|13
|
|t:|1757867799
|move|p1a: SMG Sweat|Taunt|p2a: Landorus
|-start|p2a: Landorus|move: Taunt
|move|p2a: Landorus|Rock Tomb|p1a: SMG Sweat
|-damage|p1a: SMG Sweat|19/100
|-unboost|p1a: SMG Sweat|spe|1
|
|upkeep
|turn|14
|
|t:|1757867812
|switch|p1a: Grenade Gremlin|Pecharunt|100/100
|move|p2a: Landorus|Rock Tomb|p1a: Grenade Gremlin
|-damage|p1a: Grenade Gremlin|84/100
|-unboost|p1a: Grenade Gremlin|spe|1
|
|upkeep
|turn|15
|
|t:|1757867818
|switch|p2a: Kingambit|Kingambit, M|84/100
|-activate|p2a: Kingambit|move: Sticky Web
|-unboost|p2a: Kingambit|spe|1
|-damage|p2a: Kingambit|78/100|[from] Stealth Rock
|-activate|p2a: Kingambit|ability: Supreme Overlord
|-start|p2a: Kingambit|fallen2|[silent]
|move|p1a: Grenade Gremlin|Malignant Chain|p2a: Kingambit
|-immune|p2a: Kingambit
|
|upkeep
|turn|16
|
|t:|1757867828
|switch|p1a: DMR Demon|Meowscarada, F|100/100
|-activate|p1a: DMR Demon|move: Sticky Web
|-unboost|p1a: DMR Demon|spe|1
|move|p2a: Kingambit|Kowtow Cleave|p1a: DMR Demon
|-resisted|p1a: DMR Demon
|-damage|p1a: DMR Demon|49/100
|
|upkeep
|turn|17
|
|t:|1757867835
|-end|p2a: Kingambit|fallen2|[silent]
|switch|p2a: Enamorus|Enamorus, F, tera:Fairy|96/100 par
|-activate|p2a: Enamorus|move: Sticky Web
|-boost|p2a: Enamorus|spe|1
|-damage|p2a: Enamorus|83/100 par|[from] Stealth Rock
|move|p1a: DMR Demon|U-turn|p2a: Enamorus
|-start|p1a: DMR Demon|typechange|Bug|[from] ability: Protean
|-resisted|p2a: Enamorus
|-crit|p2a: Enamorus
|-damage|p2a: Enamorus|29/100 par
|
|t:|1757867845
|switch|p1a: SMG Sweat|Landorus-Therian, M|19/100|[from] U-turn
|-ability|p1a: SMG Sweat|Intimidate|boost
|-boost|p2a: Enamorus|atk|1
|
|upkeep
|turn|18
|
|t:|1757867848
|move|p1a: SMG Sweat|Earth Power|p2a: Enamorus
|-damage|p2a: Enamorus|0 fnt
|faint|p2a: Enamorus
|
|upkeep
|
|t:|1757867854
|switch|p2a: Landorus|Landorus-Therian, M|100/100
|-damage|p2a: Landorus|88/100|[from] Stealth Rock
|-ability|p2a: Landorus|Intimidate|boost
|-unboost|p1a: SMG Sweat|atk|1
|turn|19
|
|t:|1757867862
|move|p1a: SMG Sweat|Taunt|p2a: Landorus
|-start|p2a: Landorus|move: Taunt
|move|p2a: Landorus|U-turn|p1a: SMG Sweat
|-resisted|p1a: SMG Sweat
|-damage|p1a: SMG Sweat|0 fnt
|-damage|p2a: Landorus|72/100|[from] item: Rocky Helmet|[of] p1a: SMG Sweat
|faint|p1a: SMG Sweat
|
|t:|1757867873
|switch|p2a: Kingambit|Kingambit, M|78/100|[from] U-turn
|-activate|p2a: Kingambit|move: Sticky Web
|-unboost|p2a: Kingambit|spe|1
|-damage|p2a: Kingambit|72/100|[from] Stealth Rock
|-activate|p2a: Kingambit|ability: Supreme Overlord
|-start|p2a: Kingambit|fallen3|[silent]
|
|upkeep
|
|t:|1757867878
|switch|p1a: AA-12 Abuser|Kingambit, F|68/100
|-activate|p1a: AA-12 Abuser|move: Sticky Web
|-unboost|p1a: AA-12 Abuser|spe|1
|-activate|p1a: AA-12 Abuser|ability: Supreme Overlord
|-start|p1a: AA-12 Abuser|fallen2|[silent]
|turn|20
|
|t:|1757867882
|move|p1a: AA-12 Abuser|Iron Head|p2a: Kingambit
|-resisted|p2a: Kingambit
|-damage|p2a: Kingambit|48/100
|cant|p2a: Kingambit|flinch
|
|-heal|p1a: AA-12 Abuser|74/100|[from] item: Leftovers
|upkeep
|turn|21
|
|t:|1757867889
|move|p1a: AA-12 Abuser|Kowtow Cleave|p2a: Kingambit
|-resisted|p2a: Kingambit
|-damage|p2a: Kingambit|23/100
|move|p2a: Kingambit|Low Kick|p1a: AA-12 Abuser
|-supereffective|p1a: AA-12 Abuser
|-damage|p1a: AA-12 Abuser|0 fnt
|faint|p1a: AA-12 Abuser
|-end|p1a: AA-12 Abuser|fallen2|[silent]
|
|upkeep
|
|t:|1757867896
|switch|p1a: Grenade Gremlin|Pecharunt|84/100
|turn|22
|
|t:|1757867901
|-end|p2a: Kingambit|fallen3|[silent]
|switch|p2a: Gholdengo|Gholdengo|100/100
|-damage|p2a: Gholdengo|94/100|[from] Stealth Rock
|-item|p2a: Gholdengo|Air Balloon
|-terastallize|p1a: Grenade Gremlin|Dark
|move|p1a: Grenade Gremlin|Shadow Ball|p2a: Gholdengo
|-supereffective|p2a: Gholdengo
|-damage|p2a: Gholdengo|37/100
|-enditem|p2a: Gholdengo|Air Balloon
|
|upkeep
|turn|23
|
|t:|1757867906
|move|p2a: Gholdengo|Make It Rain|p1a: Grenade Gremlin
|-damage|p1a: Grenade Gremlin|16/100
|-unboost|p2a: Gholdengo|spa|1
|move|p1a: Grenade Gremlin|Shadow Ball|p2a: Gholdengo
|-supereffective|p2a: Gholdengo
|-damage|p2a: Gholdengo|0 fnt
|faint|p2a: Gholdengo
|
|upkeep
|
|t:|1757867909
|switch|p2a: Landorus|Landorus-Therian, M|72/100
|-damage|p2a: Landorus|59/100|[from] Stealth Rock
|-ability|p2a: Landorus|Intimidate|boost
|-unboost|p1a: Grenade Gremlin|atk|1
|turn|24
|j| firecharmander004
|
|t:|1757867912
|switch|p1a: DMR Demon|Meowscarada, F|49/100
|-activate|p1a: DMR Demon|move: Sticky Web
|-unboost|p1a: DMR Demon|spe|1
|move|p2a: Landorus|Earthquake|p1a: DMR Demon
|-resisted|p1a: DMR Demon
|-damage|p1a: DMR Demon|0 fnt
|faint|p1a: DMR Demon
|
|upkeep
|
|t:|1757867914
|switch|p1a: BFG Camper|Inteleon, M|100/100
|-activate|p1a: BFG Camper|move: Sticky Web
|-unboost|p1a: BFG Camper|spe|1
|turn|25
|
|t:|1757867917
|move|p2a: Landorus|Earthquake|p1a: BFG Camper
|-damage|p1a: BFG Camper|0 fnt
|faint|p1a: BFG Camper
|
|upkeep
|
|t:|1757867919
|switch|p1a: Grenade Gremlin|Pecharunt, tera:Dark|16/100
|turn|26
|
|t:|1757867921
|move|p2a: Landorus|Earthquake|p1a: Grenade Gremlin
|-damage|p1a: Grenade Gremlin|0 fnt
|faint|p1a: Grenade Gremlin
|
|win|MrBrownShowdown
|raw|Tytohbird's rating: 1617 &rarr; <strong>1596</strong><br />(-21 for losing)
|raw|MrBrownShowdown's rating: 1606 &rarr; <strong>1627</strong><br />(+21 for winning)
|l|☆Tytohbird
|player|p1|
