|j|☆Ctannn
|j|☆lzc123456
|t:|1757938860
|gametype|singles
|player|p1|Ctannn|169|1618
|player|p2|lzc123456|cynthia-gen4|1600
|gen|9
|tier|[Gen 9] OU
|rated|
|rule|HP Percentage Mod: HP is shown in percentages
|rule|Endless Battle Clause: Forcing endless battles is banned
|rule|Species Clause: Limit one of each Pokémon
|rule|OHKO Clause: OHKO moves are banned
|rule|Evasion Items Clause: Evasion items are banned
|rule|Evasion Moves Clause: Evasion moves are banned
|rule|Evasion Abilities Clause: Evasion abilities are banned
|rule|Sleep Moves Clause: Sleep-inducing moves are banned
|clearpoke
|poke|p1|Torkoal, F|
|poke|p1|Raging Bolt|
|poke|p1|Landorus-Therian, M|
|poke|p1|Walking Wake|
|poke|p1|Lilligant-Hisui, F|
|poke|p1|Kingambit, M|
|poke|p2|Alomomola, F|
|poke|p2|Serperior, F|
|poke|p2|Garchomp, M|
|poke|p2|Iron Treads|
|poke|p2|Pelipper, M|
|poke|p2|Zamazenta-*|
|teampreview
|inactive|Battle timer is ON: inactive players will automatically lose when time's up. (requested by Ctannn)
|
|t:|1757938868
|teamsize|p1|6
|teamsize|p2|6
|start
|switch|p1a: Torkoal|Torkoal, F|100/100
|switch|p2a: 脏活累活|Alomomola, F|100/100
|-weather|SunnyDay|[from] ability: Drought|[of] p1a: Torkoal
|turn|1
|
|t:|1757938874
|move|p2a: 脏活累活|Flip Turn|p1a: Torkoal
|-supereffective|p1a: Torkoal
|-damage|p1a: Torkoal|89/100
|
|t:|1757938876
|switch|p2a: 盖鸥卡|Pelipper, M, shiny|100/100|[from] Flip Turn
|-weather|RainDance|[from] ability: Drizzle|[of] p2a: 盖鸥卡
|move|p1a: Torkoal|Lava Plume|p2a: 盖鸥卡
|-resisted|p2a: 盖鸥卡
|-damage|p2a: 盖鸥卡|91/100
|
|-weather|RainDance|[upkeep]
|upkeep
|turn|2
|
|t:|1757938882
|move|p2a: 盖鸥卡|Blizzard|p1a: Torkoal
|-resisted|p1a: Torkoal
|-damage|p1a: Torkoal|69/100
|move|p1a: Torkoal|Stealth Rock|p2a: 盖鸥卡
|-sidestart|p2: lzc123456|move: Stealth Rock
|
|-weather|RainDance|[upkeep]
|upkeep
|turn|3
|
|t:|1757938889
|switch|p2a: 小铁|Iron Treads|100/100
|-damage|p2a: 小铁|98/100|[from] Stealth Rock
|switch|p1a: Walking Wake|Walking Wake|100/100
|
|-weather|RainDance|[upkeep]
|upkeep
|turn|4
|
|t:|1757938894
|-end|p2a: 小铁|Quark Drive|[silent]
|switch|p2a: 脏活累活|Alomomola, F|100/100
|-damage|p2a: 脏活累活|88/100|[from] Stealth Rock
|move|p1a: Walking Wake|Hydro Steam|p2a: 脏活累活
|-resisted|p2a: 脏活累活
|-damage|p2a: 脏活累活|71/100
|
|-weather|RainDance|[upkeep]
|upkeep
|turn|5
|
|t:|1757938901
|move|p1a: Walking Wake|Dragon Pulse|p2a: 脏活累活
|-damage|p2a: 脏活累活|49/100
|move|p2a: 脏活累活|Flip Turn|p1a: Walking Wake
|-resisted|p1a: Walking Wake
|-damage|p1a: Walking Wake|94/100
|
|t:|1757938913
|switch|p2a: 盾盾小狗|Zamazenta|100/100|[from] Flip Turn
|-damage|p2a: 盾盾小狗|94/100|[from] Stealth Rock
|-ability|p2a: 盾盾小狗|Dauntless Shield|boost
|-boost|p2a: 盾盾小狗|def|1
|
|-weather|none
|upkeep
|turn|6
|
|t:|1757938918
|move|p2a: 盾盾小狗|Close Combat|p1a: Walking Wake
|-damage|p1a: Walking Wake|0 fnt
|-unboost|p2a: 盾盾小狗|def|1
|-unboost|p2a: 盾盾小狗|spd|1
|faint|p1a: Walking Wake
|-end|p1a: Walking Wake|Protosynthesis|[silent]
|
|upkeep
|
|t:|1757938924
|switch|p1a: Landorus|Landorus-Therian, M|100/100
|-ability|p1a: Landorus|Intimidate|boost
|-unboost|p2a: 盾盾小狗|atk|1
|turn|7
|
|t:|1757938928
|switch|p2a: 减10大王|Garchomp, M, shiny|100/100
|-damage|p2a: 减10大王|94/100|[from] Stealth Rock
|move|p1a: Landorus|U-turn|p2a: 减10大王
|-damage|p2a: 减10大王|79/100
|-damage|p1a: Landorus|88/100|[from] ability: Rough Skin|[of] p2a: 减10大王
|-damage|p1a: Landorus|72/100|[from] item: Rocky Helmet|[of] p2a: 减10大王
|
|t:|1757938939
|switch|p1a: Lilligant|Lilligant-Hisui, F|100/100|[from] U-turn
|
|upkeep
|turn|8
|
|t:|1757938950
|move|p1a: Lilligant|Triple Axel|p2a: 减10大王
|-supereffective|p2a: 减10大王
|-damage|p2a: 减10大王|64/100
|-damage|p1a: Lilligant|88/100|[from] ability: Rough Skin|[of] p2a: 减10大王
|-damage|p1a: Lilligant|72/100|[from] item: Rocky Helmet|[of] p2a: 减10大王
|-supereffective|p2a: 减10大王
|-damage|p2a: 减10大王|34/100
|-damage|p1a: Lilligant|59/100|[from] ability: Rough Skin|[of] p2a: 减10大王
|-damage|p1a: Lilligant|43/100|[from] item: Rocky Helmet|[of] p2a: 减10大王
|-supereffective|p2a: 减10大王
|-damage|p2a: 减10大王|0 fnt
|-damage|p1a: Lilligant|30/100|[from] ability: Rough Skin|[of] p2a: 减10大王
|-damage|p1a: Lilligant|14/100|[from] item: Rocky Helmet|[of] p2a: 减10大王
|faint|p2a: 减10大王
|-hitcount|p2: 减10大王|3
|
|upkeep
|
|t:|1757938965
|switch|p2a: 蛇姐|Serperior, F, shiny|100/100
|-damage|p2a: 蛇姐|88/100|[from] Stealth Rock
|turn|9
|
|t:|1757938972
|switch|p1a: Raging Bolt|Raging Bolt|100/100
|move|p2a: 蛇姐|Leaf Storm|p1a: Raging Bolt
|-resisted|p1a: Raging Bolt
|-damage|p1a: Raging Bolt|81/100
|-boost|p2a: 蛇姐|spa|2
|
|-heal|p2a: 蛇姐|94/100|[from] item: Leftovers
|upkeep
|turn|10
|
|t:|1757938978
|move|p2a: 蛇姐|Substitute|p2a: 蛇姐
|-start|p2a: 蛇姐|Substitute
|-damage|p2a: 蛇姐|69/100
|move|p1a: Raging Bolt|Volt Switch|p2a: 蛇姐
|-resisted|p2a: 蛇姐
|-end|p2a: 蛇姐|Substitute
|
|t:|1757938981
|-end|p1a: Raging Bolt|Protosynthesis|[silent]
|switch|p1a: Torkoal|Torkoal, F|69/100|[from] Volt Switch
|-weather|SunnyDay|[from] ability: Drought|[of] p1a: Torkoal
|
|-weather|SunnyDay|[upkeep]
|-heal|p2a: 蛇姐|76/100|[from] item: Leftovers
|upkeep
|turn|11
|
|t:|1757938989
|switch|p2a: 小铁|Iron Treads|98/100
|-damage|p2a: 小铁|95/100|[from] Stealth Rock
|move|p1a: Torkoal|Lava Plume|p2a: 小铁
|-supereffective|p2a: 小铁
|-damage|p2a: 小铁|54/100
|-status|p2a: 小铁|brn
|
|-weather|SunnyDay|[upkeep]
|-damage|p2a: 小铁|47/100 brn|[from] brn
|upkeep
|turn|12
|
|t:|1757938998
|switch|p1a: Landorus|Landorus-Therian, M|72/100
|-ability|p1a: Landorus|Intimidate|boost
|-unboost|p2a: 小铁|atk|1
|move|p2a: 小铁|Rapid Spin|p1a: Landorus
|-damage|p1a: Landorus|69/100
|-boost|p2a: 小铁|spe|1
|-damage|p2a: 小铁|31/100 brn|[from] item: Rocky Helmet|[of] p1a: Landorus
|-sideend|p2: lzc123456|Stealth Rock|[from] move: Rapid Spin|[of] p2a: 小铁
|
|-weather|SunnyDay|[upkeep]
|-damage|p2a: 小铁|25/100 brn|[from] brn
|upkeep
|turn|13
|
|t:|1757939003
|move|p2a: 小铁|Knock Off|p1a: Landorus
|-damage|p1a: Landorus|63/100
|-damage|p2a: 小铁|9/100 brn|[from] item: Rocky Helmet|[of] p1a: Landorus
|-enditem|p1a: Landorus|Rocky Helmet|[from] move: Knock Off|[of] p2a: 小铁
|move|p1a: Landorus|Weather Ball|p2a: 小铁
|-supereffective|p2a: 小铁
|-damage|p2a: 小铁|0 fnt
|faint|p2a: 小铁
|-end|p2a: 小铁|Quark Drive|[silent]
|
|-weather|SunnyDay|[upkeep]
|upkeep
|
|t:|1757939030
|switch|p2a: 盖鸥卡|Pelipper, M, shiny|91/100
|-weather|RainDance|[from] ability: Drizzle|[of] p2a: 盖鸥卡
|turn|14
|
|t:|1757939041
|switch|p1a: Torkoal|Torkoal, F|69/100
|-weather|SunnyDay|[from] ability: Drought|[of] p1a: Torkoal
|move|p2a: 盖鸥卡|Hydro Pump|p1a: Torkoal|[miss]
|-miss|p2a: 盖鸥卡|p1a: Torkoal
|
|-weather|SunnyDay|[upkeep]
|upkeep
|turn|15
|
|t:|1757939050
|switch|p1a: Raging Bolt|Raging Bolt|81/100
|-activate|p1a: Raging Bolt|ability: Protosynthesis
|-start|p1a: Raging Bolt|protosynthesisspa
|move|p2a: 盖鸥卡|Hydro Pump|p1a: Raging Bolt|[miss]
|-miss|p2a: 盖鸥卡|p1a: Raging Bolt
|
|-weather|SunnyDay|[upkeep]
|upkeep
|turn|16
|
|t:|1757939057
|switch|p2a: 脏活累活|Alomomola, F|82/100
|move|p1a: Raging Bolt|Thunderbolt|p2a: 脏活累活
|-supereffective|p2a: 脏活累活
|-damage|p2a: 脏活累活|0 fnt
|faint|p2a: 脏活累活
|
|-weather|SunnyDay|[upkeep]
|upkeep
|
|t:|1757939060
|switch|p2a: 盾盾小狗|Zamazenta|94/100
|turn|17
|
|t:|1757939064
|-end|p1a: Raging Bolt|Protosynthesis|[silent]
|switch|p1a: Landorus|Landorus-Therian, M|63/100
|-ability|p1a: Landorus|Intimidate|boost
|-unboost|p2a: 盾盾小狗|atk|1
|move|p2a: 盾盾小狗|Close Combat|p1a: Landorus
|-resisted|p1a: Landorus
|-damage|p1a: Landorus|43/100
|-unboost|p2a: 盾盾小狗|def|1
|-unboost|p2a: 盾盾小狗|spd|1
|
|-weather|SunnyDay|[upkeep]
|upkeep
|turn|18
|
|t:|1757939068
|switch|p2a: 蛇姐|Serperior, F, shiny|76/100
|move|p1a: Landorus|U-turn|p2a: 蛇姐
|-supereffective|p2a: 蛇姐
|-damage|p2a: 蛇姐|28/100
|
|t:|1757939072
|switch|p1a: Raging Bolt|Raging Bolt|81/100|[from] U-turn
|-activate|p1a: Raging Bolt|ability: Protosynthesis
|-start|p1a: Raging Bolt|protosynthesisspa
|
|-weather|none
|-end|p1a: Raging Bolt|Protosynthesis
|-heal|p2a: 蛇姐|34/100|[from] item: Leftovers
|upkeep
|turn|19
|
|t:|1757939080
|move|p2a: 蛇姐|Substitute|p2a: 蛇姐
|-start|p2a: 蛇姐|Substitute
|-damage|p2a: 蛇姐|10/100
|move|p1a: Raging Bolt|Volt Switch|p2a: 蛇姐
|-resisted|p2a: 蛇姐
|-end|p2a: 蛇姐|Substitute
|
|t:|1757939084
|-end|p1a: Raging Bolt|Protosynthesis|[silent]
|switch|p1a: Torkoal|Torkoal, F|69/100|[from] Volt Switch
|-weather|SunnyDay|[from] ability: Drought|[of] p1a: Torkoal
|
|-weather|SunnyDay|[upkeep]
|-heal|p2a: 蛇姐|16/100|[from] item: Leftovers
|upkeep
|turn|20
|
|t:|1757939092
|switch|p2a: 盖鸥卡|Pelipper, M, shiny|91/100
|-weather|RainDance|[from] ability: Drizzle|[of] p2a: 盖鸥卡
|move|p1a: Torkoal|Lava Plume|p2a: 盖鸥卡
|-resisted|p2a: 盖鸥卡
|-damage|p2a: 盖鸥卡|81/100
|
|-weather|RainDance|[upkeep]
|upkeep
|turn|21
|
|t:|1757939100
|switch|p1a: Lilligant|Lilligant-Hisui, F|14/100
|move|p2a: 盖鸥卡|Weather Ball|p1a: Lilligant
|-resisted|p1a: Lilligant
|-damage|p1a: Lilligant|0 fnt
|faint|p1a: Lilligant
|
|-weather|RainDance|[upkeep]
|upkeep
|
|t:|1757939105
|switch|p1a: Torkoal|Torkoal, F|69/100
|-weather|SunnyDay|[from] ability: Drought|[of] p1a: Torkoal
|turn|22
|
|t:|1757939110
|switch|p2a: 蛇姐|Serperior, F, shiny|16/100
|move|p1a: Torkoal|Stealth Rock|p2a: 蛇姐
|-sidestart|p2: lzc123456|move: Stealth Rock
|
|-weather|SunnyDay|[upkeep]
|-heal|p2a: 蛇姐|22/100|[from] item: Leftovers
|upkeep
|turn|23
|
|t:|1757939114
|move|p2a: 蛇姐|Glare|p1a: Torkoal
|-status|p1a: Torkoal|par
|move|p1a: Torkoal|Lava Plume|p2a: 蛇姐
|-supereffective|p2a: 蛇姐
|-damage|p2a: 蛇姐|0 fnt
|faint|p2a: 蛇姐
|
|-weather|SunnyDay|[upkeep]
|upkeep
|
|t:|1757939118
|switch|p2a: 盖鸥卡|Pelipper, M, shiny|81/100
|-damage|p2a: 盖鸥卡|56/100|[from] Stealth Rock
|-weather|RainDance|[from] ability: Drizzle|[of] p2a: 盖鸥卡
|turn|24
|
|t:|1757939123
|move|p2a: 盖鸥卡|Hurricane|p1a: Torkoal
|-damage|p1a: Torkoal|3/100 par
|-start|p1a: Torkoal|confusion
|-activate|p1a: Torkoal|confusion
|move|p1a: Torkoal|Lava Plume|p2a: 盖鸥卡
|-resisted|p2a: 盖鸥卡
|-damage|p2a: 盖鸥卡|46/100
|-status|p2a: 盖鸥卡|brn
|
|-weather|RainDance|[upkeep]
|-damage|p2a: 盖鸥卡|40/100 brn|[from] brn
|upkeep
|turn|25
|
|t:|1757939127
|move|p2a: 盖鸥卡|Hurricane|p1a: Torkoal
|-damage|p1a: Torkoal|0 fnt
|faint|p1a: Torkoal
|
|-weather|RainDance|[upkeep]
|-damage|p2a: 盖鸥卡|34/100 brn|[from] brn
|upkeep
|
|t:|1757939131
|switch|p1a: Raging Bolt|Raging Bolt|81/100
|turn|26
|
|t:|1757939134
|switch|p2a: 盾盾小狗|Zamazenta|94/100
|-damage|p2a: 盾盾小狗|88/100|[from] Stealth Rock
|move|p1a: Raging Bolt|Thunderbolt|p2a: 盾盾小狗
|-damage|p2a: 盾盾小狗|20/100
|
|-weather|RainDance|[upkeep]
|upkeep
|turn|27
|
|t:|1757939137
|-terastallize|p1a: Raging Bolt|Fairy
|move|p2a: 盾盾小狗|Close Combat|p1a: Raging Bolt
|-resisted|p1a: Raging Bolt
|-damage|p1a: Raging Bolt|38/100
|-unboost|p2a: 盾盾小狗|def|1
|-unboost|p2a: 盾盾小狗|spd|1
|move|p1a: Raging Bolt|Thunderbolt|p2a: 盾盾小狗
|-damage|p2a: 盾盾小狗|0 fnt
|faint|p2a: 盾盾小狗
|
|-weather|RainDance|[upkeep]
|upkeep
|-message|lzc123456 forfeited.
|
|win|Ctannn
|raw|Ctannn's rating: 1618 &rarr; <strong>1637</strong><br />(+19 for winning)
|raw|lzc123456's rating: 1600 &rarr; <strong>1581</strong><br />(-19 for losing)
|l|☆lzc123456
|player|p2|
