|j|☆TheGreatGrap3
|j|☆ozzy_manson
|t:|1757953866
|gametype|singles
|player|p1|TheGreatGrap3|psychic-gen4|1341
|player|p2|ozzy_manson|clerk|1287
|gen|9
|tier|[Gen 9] OU
|rated|
|rule|HP Percentage Mod: HP is shown in percentages
|rule|Endless Battle Clause: Forcing endless battles is banned
|rule|Species Clause: Limit one of each Pokémon
|rule|OHKO Clause: OHKO moves are banned
|rule|Evasion Items Clause: Evasion items are banned
|rule|Evasion Moves Clause: Evasion moves are banned
|rule|Evasion Abilities Clause: Evasion abilities are banned
|rule|Sleep Moves Clause: Sleep-inducing moves are banned
|clearpoke
|poke|p1|Gholdengo|
|poke|p1|Araquanid, M|
|poke|p1|Sinistcha|
|poke|p1|Great Tusk|
|poke|p1|Kyurem|
|poke|p1|Ting-Lu|
|poke|p2|Hoopa|
|poke|p2|Garchomp, M|
|poke|p2|Politoed, M|
|poke|p2|Corviknight, M|
|poke|p2|Lucario, M|
|poke|p2|Meganium, M|
|teampreview
|inactive|Battle timer is ON: inactive players will automatically lose when time's up. (requested by ozzy_manson)
|
|t:|1757953882
|teamsize|p1|6
|teamsize|p2|6
|start
|switch|p1a: Araquanid|Araquanid, M|100/100
|switch|p2a: Hoopa|Hoopa|100/100
|turn|1
|
|t:|1757953888
|switch|p2a: Corviknight|Corviknight, M, shiny|100/100
|-ability|p2a: Corviknight|Pressure
|move|p1a: Araquanid|Sticky Web|p2a: Corviknight
|-sidestart|p2: ozzy_manson|move: Sticky Web
|
|upkeep
|turn|2
|
|t:|1757953893
|move|p2a: Corviknight|Defog|p1a: Araquanid
|-unboost|p1a: Araquanid|evasion|1
|-sideend|p2: ozzy_manson|Sticky Web|[from] move: Defog|[of] p2a: Corviknight
|move|p1a: Araquanid|Surf|p2a: Corviknight
|-damage|p2a: Corviknight|46/100
|
|upkeep
|turn|3
|
|t:|1757953899
|move|p2a: Corviknight|Roost|p2a: Corviknight
|-heal|p2a: Corviknight|96/100
|-singleturn|p2a: Corviknight|move: Roost
|move|p1a: Araquanid|Surf|p2a: Corviknight
|-damage|p2a: Corviknight|42/100
|
|upkeep
|turn|4
|
|t:|1757953921
|move|p2a: Corviknight|Brave Bird|p1a: Araquanid
|-supereffective|p1a: Araquanid
|-damage|p1a: Araquanid|23/100
|-damage|p2a: Corviknight|20/100|[from] Recoil
|move|p1a: Araquanid|Surf|p2a: Corviknight
|-damage|p2a: Corviknight|0 fnt
|faint|p2a: Corviknight
|
|upkeep
|
|t:|1757953927
|switch|p2a: Politoed|Politoed, M, shiny|100/100
|-weather|RainDance|[from] ability: Drizzle|[of] p2a: Politoed
|turn|5
|-enditem|p1a: Araquanid|Custap Berry|[eat]
|-activate|p1a: Araquanid|item: Custap Berry|[consumed]
|
|t:|1757953938
|move|p1a: Araquanid|Sticky Web|p2a: Politoed
|-sidestart|p2: ozzy_manson|move: Sticky Web
|move|p2a: Politoed|Earth Power|p1a: Araquanid
|-resisted|p1a: Araquanid
|-damage|p1a: Araquanid|6/100
|
|-weather|RainDance|[upkeep]
|upkeep
|turn|6
|
|t:|1757953945
|move|p2a: Politoed|Earth Power|p1a: Araquanid
|-resisted|p1a: Araquanid
|-crit|p1a: Araquanid
|-damage|p1a: Araquanid|0 fnt
|faint|p1a: Araquanid
|
|-weather|RainDance|[upkeep]
|upkeep
|
|t:|1757953951
|switch|p1a: Sinistcha|Sinistcha|100/100
|turn|7
|
|t:|1757953972
|switch|p2a: Meganium|Meganium, M, shiny|100/100
|-activate|p2a: Meganium|move: Sticky Web
|-unboost|p2a: Meganium|spe|1
|move|p1a: Sinistcha|Calm Mind|p1a: Sinistcha
|-boost|p1a: Sinistcha|spa|1
|-boost|p1a: Sinistcha|spd|1
|
|-weather|RainDance|[upkeep]
|upkeep
|turn|8
|
|t:|1757953986
|move|p1a: Sinistcha|Calm Mind|p1a: Sinistcha
|-boost|p1a: Sinistcha|spa|1
|-boost|p1a: Sinistcha|spd|1
|move|p2a: Meganium|Dragon Tail|p1a: Sinistcha
|-damage|p1a: Sinistcha|94/100
|drag|p1a: Great Tusk|Great Tusk|100/100
|
|-weather|RainDance|[upkeep]
|upkeep
|turn|9
|
|t:|1757953999
|move|p1a: Great Tusk|Knock Off|p2a: Meganium
|-damage|p2a: Meganium|72/100
|-enditem|p2a: Meganium|Leftovers|[from] move: Knock Off|[of] p1a: Great Tusk
|move|p2a: Meganium|Giga Drain|p1a: Great Tusk
|-supereffective|p1a: Great Tusk
|-damage|p1a: Great Tusk|43/100
|-heal|p2a: Meganium|100/100|[from] drain|[of] p1a: Great Tusk
|
|-weather|none
|upkeep
|turn|10
|
|t:|1757954005
|-end|p1a: Great Tusk|Protosynthesis|[silent]
|switch|p1a: Ting-Lu|Ting-Lu|100/100
|-ability|p1a: Ting-Lu|Vessel of Ruin
|move|p2a: Meganium|Knock Off|p1a: Ting-Lu
|-resisted|p1a: Ting-Lu
|-damage|p1a: Ting-Lu|95/100
|-enditem|p1a: Ting-Lu|Leftovers|[from] move: Knock Off|[of] p2a: Meganium
|
|upkeep
|turn|11
|
|t:|1757954012
|move|p1a: Ting-Lu|Spikes|p2a: Meganium
|-sidestart|p2: ozzy_manson|Spikes
|move|p2a: Meganium|Dragon Tail|p1a: Ting-Lu
|-damage|p1a: Ting-Lu|89/100
|drag|p1a: Gholdengo|Gholdengo|100/100
|-item|p1a: Gholdengo|Air Balloon
|
|upkeep
|turn|12
|
|t:|1757954018
|switch|p1a: Ting-Lu|Ting-Lu|89/100
|-ability|p1a: Ting-Lu|Vessel of Ruin
|move|p2a: Meganium|Knock Off|p1a: Ting-Lu
|-resisted|p1a: Ting-Lu
|-damage|p1a: Ting-Lu|86/100
|
|upkeep
|turn|13
|
|t:|1757954021
|move|p2a: Meganium|Giga Drain|p1a: Ting-Lu
|-supereffective|p1a: Ting-Lu
|-damage|p1a: Ting-Lu|67/100
|move|p1a: Ting-Lu|Spikes|p2a: Meganium
|-sidestart|p2: ozzy_manson|Spikes
|
|upkeep
|turn|14
|
|t:|1757954029
|move|p2a: Meganium|Giga Drain|p1a: Ting-Lu
|-supereffective|p1a: Ting-Lu
|-damage|p1a: Ting-Lu|49/100
|move|p1a: Ting-Lu|Spikes|p2a: Meganium
|-sidestart|p2: ozzy_manson|Spikes
|
|upkeep
|turn|15
|
|t:|1757954034
|move|p2a: Meganium|Dragon Tail|p1a: Ting-Lu
|-damage|p1a: Ting-Lu|43/100
|drag|p1a: Kyurem|Kyurem|100/100
|-ability|p1a: Kyurem|Pressure
|
|upkeep
|turn|16
|
|t:|1757954042
|-terastallize|p1a: Kyurem|Ice
|move|p1a: Kyurem|Freeze-Dry|p2a: Meganium
|-supereffective|p2a: Meganium
|-damage|p2a: Meganium|31/100
|move|p2a: Meganium|Knock Off|p1a: Kyurem
|-damage|p1a: Kyurem|84/100
|-enditem|p1a: Kyurem|Heavy-Duty Boots|[from] move: Knock Off|[of] p2a: Meganium
|
|upkeep
|turn|17
|
|t:|1757954052
|move|p1a: Kyurem|Freeze-Dry|p2a: Meganium
|-supereffective|p2a: Meganium
|-damage|p2a: Meganium|0 fnt
|faint|p2a: Meganium
|
|upkeep
|inactive|ozzy_manson has 120 seconds left.
|inactive|ozzy_manson has 90 seconds left.
|
|t:|1757954137
|switch|p2a: Garchomp|Garchomp, M|100/100
|-activate|p2a: Garchomp|move: Sticky Web
|-unboost|p2a: Garchomp|spe|1
|-damage|p2a: Garchomp|76/100|[from] Spikes
|turn|18
|
|t:|1757954146
|-terastallize|p2a: Garchomp|Fire
|move|p1a: Kyurem|Earth Power|p2a: Garchomp
|-supereffective|p2a: Garchomp
|-damage|p2a: Garchomp|6/100
|move|p2a: Garchomp|Swords Dance|p2a: Garchomp
|-boost|p2a: Garchomp|atk|2
|
|upkeep
|turn|19
|
|t:|1757954153
|move|p1a: Kyurem|Freeze-Dry|p2a: Garchomp
|-resisted|p2a: Garchomp
|-damage|p2a: Garchomp|0 fnt
|faint|p2a: Garchomp
|
|upkeep
|
|t:|1757954155
|switch|p2a: Hoopa|Hoopa|100/100
|-activate|p2a: Hoopa|move: Sticky Web
|-unboost|p2a: Hoopa|spe|1
|-damage|p2a: Hoopa|76/100|[from] Spikes
|turn|20
|
|t:|1757954161
|move|p1a: Kyurem|Ice Beam|p2a: Hoopa
|-damage|p2a: Hoopa|23/100
|move|p2a: Hoopa|Focus Blast|p1a: Kyurem
|-supereffective|p1a: Kyurem
|-damage|p1a: Kyurem|0 fnt
|faint|p1a: Kyurem
|
|upkeep
|
|t:|1757954170
|switch|p1a: Gholdengo|Gholdengo|100/100
|-item|p1a: Gholdengo|Air Balloon
|turn|21
|
|t:|1757954174
|switch|p2a: Lucario|Lucario, M|100/100
|-activate|p2a: Lucario|move: Sticky Web
|-unboost|p2a: Lucario|spe|1
|-damage|p2a: Lucario|76/100|[from] Spikes
|move|p1a: Gholdengo|Shadow Ball|p2a: Lucario
|-damage|p2a: Lucario|26/100
|
|upkeep
|turn|22
|
|t:|1757954181
|move|p1a: Gholdengo|Shadow Ball|p2a: Lucario
|-damage|p2a: Lucario|0 fnt
|faint|p2a: Lucario
|
|upkeep
|
|t:|1757954183
|switch|p2a: Hoopa|Hoopa|23/100
|-activate|p2a: Hoopa|move: Sticky Web
|-unboost|p2a: Hoopa|spe|1
|-damage|p2a: Hoopa|0 fnt|[from] Spikes
|faint|p2a: Hoopa
|-message|ozzy_manson forfeited.
|
|win|TheGreatGrap3
|raw|TheGreatGrap3's rating: 1341 &rarr; <strong>1358</strong><br />(+17 for winning)
|raw|ozzy_manson's rating: 1287 &rarr; <strong>1266</strong><br />(-21 for losing)
|l|☆ozzy_manson
|player|p2|
|l|☆TheGreatGrap3
|player|p1|
