|j|☆frankjob
|j|☆chiliman200688
|t:|1757955680
|gametype|singles
|player|p1|frankjob|cheren|1376
|player|p2|chiliman200688|elesa-gen5bw2|1368
|gen|9
|tier|[Gen 9] OU
|rated|
|rule|HP Percentage Mod: HP is shown in percentages
|rule|Endless Battle Clause: Forcing endless battles is banned
|rule|Species Clause: Limit one of each Pokémon
|rule|OHKO Clause: OHKO moves are banned
|rule|Evasion Items Clause: Evasion items are banned
|rule|Evasion Moves Clause: Evasion moves are banned
|rule|Evasion Abilities Clause: Evasion abilities are banned
|rule|Sleep Moves Clause: Sleep-inducing moves are banned
|clearpoke
|poke|p1|Ursaluna, F|
|poke|p1|Carbink|
|poke|p1|Cresselia, F|
|poke|p1|Kingambit, M|
|poke|p1|Hatterene, F|
|poke|p1|Raging Bolt|
|poke|p2|Raging Bolt|
|poke|p2|Rillaboom, F|
|poke|p2|Hatterene, F|
|poke|p2|Hawlucha, F|
|poke|p2|Great Tusk|
|poke|p2|Heatran, F|
|teampreview
|inactive|Battle timer is ON: inactive players will automatically lose when time's up. (requested by frankjob)
|
|t:|1757955685
|teamsize|p1|6
|teamsize|p2|6
|start
|switch|p1a: Carbink|Carbink|100/100
|switch|p2a: Heatran|Heatran, F|100/100
|-item|p2a: Heatran|Air Balloon
|turn|1
|
|t:|1757955700
|switch|p2a: Rillaboom|Rillaboom, F|100/100
|-fieldstart|move: Grassy Terrain|[from] ability: Grassy Surge|[of] p2a: Rillaboom
|move|p1a: Carbink|Trick Room|p1a: Carbink
|-fieldstart|move: Trick Room|[of] p1a: Carbink
|
|upkeep
|turn|2
|
|t:|1757955706
|switch|p2a: Hatterene|Hatterene, F|100/100
|-enditem|p2a: Hatterene|Grassy Seed
|-boost|p2a: Hatterene|def|1|[from] item: Grassy Seed
|move|p1a: Carbink|Stealth Rock|p2a: Hatterene
|move|p2a: Hatterene|Stealth Rock|p1a: Carbink|[from] ability: Magic Bounce
|-sidestart|p1: frankjob|move: Stealth Rock
|
|upkeep
|turn|3
|
|t:|1757955720
|switch|p1a: Ursaluna|Ursaluna, F|100/100
|-damage|p1a: Ursaluna|94/100|[from] Stealth Rock
|move|p2a: Hatterene|Calm Mind|p2a: Hatterene
|-boost|p2a: Hatterene|spa|1
|-boost|p2a: Hatterene|spd|1
|
|-heal|p1a: Ursaluna|100/100|[from] Grassy Terrain
|-status|p1a: Ursaluna|brn|[from] item: Flame Orb
|upkeep
|turn|4
|
|t:|1757955734
|move|p1a: Ursaluna|Facade|p2a: Hatterene
|-damage|p2a: Hatterene|26/100
|move|p2a: Hatterene|Draining Kiss|p1a: Ursaluna
|-damage|p1a: Ursaluna|69/100 brn
|-heal|p2a: Hatterene|61/100|[from] drain|[of] p1a: Ursaluna
|
|-heal|p1a: Ursaluna|75/100 brn|[from] Grassy Terrain
|-heal|p2a: Hatterene|67/100|[from] Grassy Terrain
|-damage|p1a: Ursaluna|69/100 brn|[from] brn
|upkeep
|turn|5
|
|t:|1757955750
|move|p1a: Ursaluna|Headlong Rush|p2a: Hatterene
|-damage|p2a: Hatterene|6/100
|-unboost|p1a: Ursaluna|def|1
|-unboost|p1a: Ursaluna|spd|1
|move|p2a: Hatterene|Draining Kiss|p1a: Ursaluna
|-damage|p1a: Ursaluna|23/100 brn
|-heal|p2a: Hatterene|56/100|[from] drain|[of] p1a: Ursaluna
|
|-heal|p1a: Ursaluna|29/100 brn|[from] Grassy Terrain
|-heal|p2a: Hatterene|62/100|[from] Grassy Terrain
|-damage|p1a: Ursaluna|23/100 brn|[from] brn
|-fieldend|move: Trick Room
|upkeep
|turn|6
|
|t:|1757955766
|switch|p1a: Carbink|Carbink|100/100
|-damage|p1a: Carbink|88/100|[from] Stealth Rock
|move|p2a: Hatterene|Draining Kiss|p1a: Carbink
|-damage|p1a: Carbink|66/100
|-heal|p2a: Hatterene|78/100|[from] drain|[of] p1a: Carbink
|-damage|p2a: Hatterene|62/100|[from] item: Rocky Helmet|[of] p1a: Carbink
|
|-heal|p2a: Hatterene|67/100|[from] Grassy Terrain
|-heal|p1a: Carbink|72/100|[from] Grassy Terrain
|upkeep
|turn|7
|
|t:|1757955777
|move|p2a: Hatterene|Calm Mind|p2a: Hatterene
|-boost|p2a: Hatterene|spa|1
|-boost|p2a: Hatterene|spd|1
|move|p1a: Carbink|Trick Room|p1a: Carbink
|-fieldstart|move: Trick Room|[of] p1a: Carbink
|
|-heal|p1a: Carbink|78/100|[from] Grassy Terrain
|-heal|p2a: Hatterene|73/100|[from] Grassy Terrain
|upkeep
|turn|8
|
|t:|1757955784
|move|p1a: Carbink|Misty Explosion|p2a: Hatterene
|-damage|p2a: Hatterene|63/100
|faint|p1a: Carbink
|move|p2a: Hatterene|Calm Mind|p2a: Hatterene
|-boost|p2a: Hatterene|spa|1
|-boost|p2a: Hatterene|spd|1
|
|-heal|p2a: Hatterene|69/100|[from] Grassy Terrain
|-fieldend|move: Grassy Terrain
|upkeep
|
|t:|1757955792
|switch|p1a: Kingambit|Kingambit, M|100/100
|-damage|p1a: Kingambit|94/100|[from] Stealth Rock
|-activate|p1a: Kingambit|ability: Supreme Overlord
|-start|p1a: Kingambit|fallen1|[silent]
|turn|9
|
|t:|1757955797
|move|p1a: Kingambit|Iron Head|p2a: Hatterene
|-supereffective|p2a: Hatterene
|-damage|p2a: Hatterene|8/100
|cant|p2a: Hatterene|flinch
|
|upkeep
|turn|10
|
|t:|1757955803
|move|p1a: Kingambit|Iron Head|p2a: Hatterene
|-supereffective|p2a: Hatterene
|-damage|p2a: Hatterene|0 fnt
|faint|p2a: Hatterene
|
|upkeep
|
|t:|1757955813
|switch|p2a: Heatran|Heatran, F|100/100
|-item|p2a: Heatran|Air Balloon
|turn|11
|
|t:|1757955817
|move|p1a: Kingambit|Low Kick|p2a: Heatran
|-supereffective|p2a: Heatran
|-damage|p2a: Heatran|10/100
|-enditem|p2a: Heatran|Air Balloon
|move|p2a: Heatran|Magma Storm|p1a: Kingambit|[miss]
|-miss|p2a: Heatran|p1a: Kingambit
|
|-fieldend|move: Trick Room
|upkeep
|turn|12
|c|☆chiliman200688|ur so fkn luckyyy
|c|☆chiliman200688|haha
|
|t:|1757955832
|move|p1a: Kingambit|Sucker Punch||[still]
|-fail|p1a: Kingambit
|move|p2a: Heatran|Taunt|p1a: Kingambit
|-start|p1a: Kingambit|move: Taunt
|
|upkeep
|turn|13
|c|☆chiliman200688|dummyyy
|
|t:|1757955839
|move|p1a: Kingambit|Sucker Punch||[still]
|-fail|p1a: Kingambit
|move|p2a: Heatran|Will-O-Wisp|p1a: Kingambit|[miss]
|-miss|p2a: Heatran|p1a: Kingambit
|
|upkeep
|turn|14
|c|☆chiliman200688|wow
|
|t:|1757955850
|-end|p1a: Kingambit|fallen1|[silent]
|switch|p1a: Raging Bolt|Raging Bolt|100/100
|-damage|p1a: Raging Bolt|88/100|[from] Stealth Rock
|-enditem|p1a: Raging Bolt|Booster Energy
|-activate|p1a: Raging Bolt|ability: Protosynthesis|[fromitem]
|-start|p1a: Raging Bolt|protosynthesisspa
|move|p2a: Heatran|Magma Storm|p1a: Raging Bolt|[miss]
|-miss|p2a: Heatran|p1a: Raging Bolt
|
|upkeep
|turn|15
|c|☆chiliman200688|wowwww
|
|t:|1757955863
|move|p2a: Heatran|Will-O-Wisp|p1a: Raging Bolt|[miss]
|-miss|p2a: Heatran|p1a: Raging Bolt
|move|p1a: Raging Bolt|Dragon Pulse|p2a: Heatran
|-resisted|p2a: Heatran
|-damage|p2a: Heatran|0 fnt
|faint|p2a: Heatran
|
|upkeep
|c|☆chiliman200688|ur bailed out by luck
|
|t:|1757955874
|switch|p2a: Rillaboom|Rillaboom, F|100/100
|-fieldstart|move: Grassy Terrain|[from] ability: Grassy Surge|[of] p2a: Rillaboom
|turn|16
|
|t:|1757955887
|switch|p2a: Great Tusk|Great Tusk|100/100
|-enditem|p2a: Great Tusk|Booster Energy
|-activate|p2a: Great Tusk|ability: Protosynthesis|[fromitem]
|-start|p2a: Great Tusk|protosynthesisspe
|-end|p1a: Raging Bolt|Protosynthesis|[silent]
|switch|p1a: Cresselia|Cresselia, F|100/100
|-damage|p1a: Cresselia|88/100|[from] Stealth Rock
|
|upkeep
|turn|17
|
|t:|1757955895
|move|p2a: Great Tusk|Bulk Up|p2a: Great Tusk
|-boost|p2a: Great Tusk|atk|1
|-boost|p2a: Great Tusk|def|1
|move|p1a: Cresselia|Trick Room|p1a: Cresselia
|-fieldstart|move: Trick Room|[of] p1a: Cresselia
|
|upkeep
|turn|18
|
|t:|1757955901
|move|p1a: Cresselia|Ice Beam|p2a: Great Tusk
|-supereffective|p2a: Great Tusk
|-damage|p2a: Great Tusk|57/100
|move|p2a: Great Tusk|Bulk Up|p2a: Great Tusk
|-boost|p2a: Great Tusk|atk|1
|-boost|p2a: Great Tusk|def|1
|
|-heal|p2a: Great Tusk|63/100|[from] Grassy Terrain
|upkeep
|turn|19
|
|t:|1757955908
|-terastallize|p2a: Great Tusk|Steel
|move|p1a: Cresselia|Ice Beam|p2a: Great Tusk
|-resisted|p2a: Great Tusk
|-damage|p2a: Great Tusk|53/100
|move|p2a: Great Tusk|Bulk Up|p2a: Great Tusk
|-boost|p2a: Great Tusk|atk|1
|-boost|p2a: Great Tusk|def|1
|
|-heal|p2a: Great Tusk|59/100|[from] Grassy Terrain
|upkeep
|turn|20
|
|t:|1757955923
|move|p1a: Cresselia|Lunar Dance|p1a: Cresselia
|faint|p1a: Cresselia
|move|p2a: Great Tusk|Ice Spinner|p1: Cresselia|[notarget]
|-fail|p2a: Great Tusk
|
|-heal|p2a: Great Tusk|65/100|[from] Grassy Terrain
|upkeep
|
|t:|1757955930
|switch|p1a: Raging Bolt|Raging Bolt|88/100
|-heal|p1a: Raging Bolt|100/100|[from] move: Lunar Dance
|-damage|p1a: Raging Bolt|88/100|[from] Stealth Rock
|turn|21
|
|t:|1757955937
|move|p1a: Raging Bolt|Thunderbolt|p2a: Great Tusk
|-damage|p2a: Great Tusk|0 fnt
|faint|p2a: Great Tusk
|-end|p2a: Great Tusk|Protosynthesis|[silent]
|
|-heal|p1a: Raging Bolt|94/100|[from] Grassy Terrain
|-fieldend|move: Trick Room
|upkeep
|
|t:|1757955940
|switch|p2a: Hawlucha|Hawlucha, F|100/100
|-enditem|p2a: Hawlucha|Grassy Seed
|-boost|p2a: Hawlucha|def|1|[from] item: Grassy Seed
|turn|22
|
|t:|1757955947
|move|p1a: Raging Bolt|Thunderclap|p2a: Hawlucha
|-supereffective|p2a: Hawlucha
|-damage|p2a: Hawlucha|0 fnt
|faint|p2a: Hawlucha
|
|-heal|p1a: Raging Bolt|100/100|[from] Grassy Terrain
|upkeep
|
|t:|1757955951
|switch|p2a: Raging Bolt|Raging Bolt|100/100
|turn|23
|
|t:|1757955971
|-end|p1a: Raging Bolt|Protosynthesis|[silent]
|switch|p1a: Ursaluna|Ursaluna, F|23/100 brn
|-damage|p1a: Ursaluna|16/100 brn|[from] Stealth Rock
|move|p2a: Raging Bolt|Draco Meteor|p1a: Ursaluna
|-damage|p1a: Ursaluna|0 fnt
|-unboost|p2a: Raging Bolt|spa|2
|faint|p1a: Ursaluna
|
|-fieldend|move: Grassy Terrain
|upkeep
|
|t:|1757955980
|switch|p1a: Hatterene|Hatterene, F|100/100
|-damage|p1a: Hatterene|88/100|[from] Stealth Rock
|turn|24
|
|t:|1757955984
|-end|p2a: Raging Bolt|Protosynthesis|[silent]
|switch|p2a: Rillaboom|Rillaboom, F|100/100
|-fieldstart|move: Grassy Terrain|[from] ability: Grassy Surge|[of] p2a: Rillaboom
|move|p1a: Hatterene|Trick Room|p1a: Hatterene
|-fieldstart|move: Trick Room|[of] p1a: Hatterene
|
|-heal|p1a: Hatterene|94/100|[from] Grassy Terrain
|upkeep
|turn|25
|l|☆chiliman200688
|inactive|chiliman200688 disconnected and has a minute to reconnect!
|player|p2|
|j|☆chiliman200688
|inactive|chiliman200688 reconnected and has 130 seconds left.
|player|p2|chiliman200688|elesa-gen5bw2|
|inactive|chiliman200688 has 120 seconds left.
|
|t:|1757956023
|switch|p1a: Kingambit|Kingambit, M|94/100
|-damage|p1a: Kingambit|88/100|[from] Stealth Rock
|-activate|p1a: Kingambit|ability: Supreme Overlord
|-start|p1a: Kingambit|fallen3|[silent]
|move|p2a: Rillaboom|Grassy Glide|p1a: Kingambit
|-resisted|p1a: Kingambit
|-damage|p1a: Kingambit|75/100
|
|-heal|p1a: Kingambit|81/100|[from] Grassy Terrain
|upkeep
|turn|26
|inactive|chiliman200688 has 120 seconds left.
|
|t:|1757956036
|move|p1a: Kingambit|Kowtow Cleave|p2a: Rillaboom
|-damage|p2a: Rillaboom|29/100
|move|p2a: Rillaboom|Drain Punch|p1a: Kingambit
|-supereffective|p1a: Kingambit
|-damage|p1a: Kingambit|4/100
|-heal|p2a: Rillaboom|68/100|[from] drain|[of] p1a: Kingambit
|
|-heal|p1a: Kingambit|10/100|[from] Grassy Terrain
|-heal|p2a: Rillaboom|74/100|[from] Grassy Terrain
|upkeep
|turn|27
|
|t:|1757956045
|move|p2a: Rillaboom|Grassy Glide|p1a: Kingambit
|-resisted|p1a: Kingambit
|-damage|p1a: Kingambit|0 fnt
|faint|p1a: Kingambit
|-end|p1a: Kingambit|fallen3|[silent]
|
|-heal|p2a: Rillaboom|80/100|[from] Grassy Terrain
|upkeep
|
|t:|1757956052
|switch|p1a: Raging Bolt|Raging Bolt|100/100
|-damage|p1a: Raging Bolt|88/100|[from] Stealth Rock
|turn|28
|
|t:|1757956065
|move|p1a: Raging Bolt|Dragon Pulse|p2a: Rillaboom
|-damage|p2a: Rillaboom|20/100
|move|p2a: Rillaboom|Drain Punch|p1a: Raging Bolt
|-damage|p1a: Raging Bolt|64/100
|-heal|p2a: Rillaboom|33/100|[from] drain|[of] p1a: Raging Bolt
|
|-heal|p1a: Raging Bolt|71/100|[from] Grassy Terrain
|-heal|p2a: Rillaboom|39/100|[from] Grassy Terrain
|-fieldend|move: Trick Room
|upkeep
|turn|29
|
|t:|1757956080
|move|p2a: Rillaboom|Grassy Glide|p1a: Raging Bolt
|-resisted|p1a: Raging Bolt
|-damage|p1a: Raging Bolt|56/100
|move|p1a: Raging Bolt|Dragon Pulse|p2a: Rillaboom
|-damage|p2a: Rillaboom|0 fnt
|faint|p2a: Rillaboom
|
|-heal|p1a: Raging Bolt|62/100|[from] Grassy Terrain
|upkeep
|
|t:|1757956085
|switch|p2a: Raging Bolt|Raging Bolt|100/100
|turn|30
|
|t:|1757956090
|move|p2a: Raging Bolt|Draco Meteor|p1a: Raging Bolt
|-supereffective|p1a: Raging Bolt
|-damage|p1a: Raging Bolt|0 fnt
|-unboost|p2a: Raging Bolt|spa|2
|faint|p1a: Raging Bolt
|-end|p1a: Raging Bolt|Protosynthesis|[silent]
|
|upkeep
|
|t:|1757956096
|switch|p1a: Hatterene|Hatterene, F|94/100
|-damage|p1a: Hatterene|82/100|[from] Stealth Rock
|turn|31
|
|t:|1757956114
|move|p2a: Raging Bolt|Thunderbolt|p1a: Hatterene
|-damage|p1a: Hatterene|55/100
|move|p1a: Hatterene|Trick Room|p1a: Hatterene
|-fieldstart|move: Trick Room|[of] p1a: Hatterene
|
|-heal|p1a: Hatterene|61/100|[from] Grassy Terrain
|-fieldend|move: Grassy Terrain
|upkeep
|turn|32
|
|t:|1757956121
|move|p1a: Hatterene|Dazzling Gleam|p2a: Raging Bolt
|-supereffective|p2a: Raging Bolt
|-damage|p2a: Raging Bolt|15/100
|move|p2a: Raging Bolt|Thunderbolt|p1a: Hatterene
|-damage|p1a: Hatterene|35/100
|
|-heal|p2a: Raging Bolt|21/100|[from] item: Leftovers
|upkeep
|turn|33
|
|t:|1757956131
|move|p1a: Hatterene|Dazzling Gleam|p2a: Raging Bolt
|-supereffective|p2a: Raging Bolt
|-damage|p2a: Raging Bolt|0 fnt
|faint|p2a: Raging Bolt
|-end|p2a: Raging Bolt|Protosynthesis|[silent]
|
|win|frankjob
|raw|frankjob's rating: 1376 &rarr; <strong>1396</strong><br />(+20 for winning)
|raw|chiliman200688's rating: 1368 &rarr; <strong>1348</strong><br />(-20 for losing)
|l|☆chiliman200688
|player|p2|
|l|☆frankjob
|player|p1|
