|j|☆lzc123456
|j|‽oehtwashere
|t:|1757856189
|gametype|singles
|player|p1|lzc123456|cynthia-gen4|1675
|player|p2|oehtwashere|supernerd|1711
|gen|9
|tier|[Gen 9] OU
|rated|
|rule|HP Percentage Mod: HP is shown in percentages
|rule|Endless Battle Clause: Forcing endless battles is banned
|rule|Species Clause: Limit one of each Pokémon
|rule|OHKO Clause: OHKO moves are banned
|rule|Evasion Items Clause: Evasion items are banned
|rule|Evasion Moves Clause: Evasion moves are banned
|rule|Evasion Abilities Clause: Evasion abilities are banned
|rule|Sleep Moves Clause: Sleep-inducing moves are banned
|clearpoke
|poke|p1|Alomomola, F|
|poke|p1|Serperior, F|
|poke|p1|Garchomp, M|
|poke|p1|Iron Treads|
|poke|p1|Pelipper, M|
|poke|p1|Zamazenta-*|
|poke|p2|Raikou|
|poke|p2|Samurott-Hisui, F|
|poke|p2|Gliscor, F|
|poke|p2|Slowking-Galar, F|
|poke|p2|Corviknight, F|
|poke|p2|Dragapult, F|
|teampreview
|inactive|Battle timer is ON: inactive players will automatically lose when time's up. (requested by oehtwashere)
|j| wgw2333
|
|t:|1757856199
|teamsize|p1|6
|teamsize|p2|6
|start
|switch|p1a: 蛇姐|Serperior, F, shiny|100/100
|switch|p2a: Dragapult|Dragapult, F|100/100
|turn|1
|
|t:|1757856203
|switch|p1a: 脏活累活|Alomomola, F|100/100
|move|p2a: Dragapult|U-turn|p1a: 脏活累活
|-damage|p1a: 脏活累活|87/100
|
|t:|1757856207
|switch|p2a: Gliscor|Gliscor, F|100/100|[from] U-turn
|
|-status|p2a: Gliscor|tox|[from] item: Toxic Orb
|upkeep
|turn|2
|
|t:|1757856210
|move|p2a: Gliscor|Stealth Rock|p1a: 脏活累活
|-sidestart|p1: lzc123456|move: Stealth Rock
|move|p1a: 脏活累活|Flip Turn|p2a: Gliscor
|-supereffective|p2a: Gliscor
|-damage|p2a: Gliscor|73/100 tox
|
|t:|1757856220
|switch|p1a: 小铁|Iron Treads|100/100|[from] Flip Turn
|-damage|p1a: 小铁|98/100|[from] Stealth Rock
|
|-heal|p2a: Gliscor|86/100 tox|[from] ability: Poison Heal
|upkeep
|turn|3
|
|t:|1757856223
|move|p2a: Gliscor|Protect|p2a: Gliscor
|-singleturn|p2a: Gliscor|Protect
|move|p1a: 小铁|Knock Off|p2a: Gliscor
|-activate|p2a: Gliscor|move: Protect
|
|-heal|p2a: Gliscor|98/100 tox|[from] ability: Poison Heal
|upkeep
|turn|4
|
|t:|1757856227
|move|p1a: 小铁|Rapid Spin|p2a: Gliscor
|-damage|p2a: Gliscor|87/100 tox
|-boost|p1a: 小铁|spe|1
|-sideend|p1: lzc123456|Stealth Rock|[from] move: Rapid Spin|[of] p1a: 小铁
|move|p2a: Gliscor|Earthquake|p1a: 小铁
|-supereffective|p1a: 小铁
|-damage|p1a: 小铁|45/100
|
|-heal|p2a: Gliscor|99/100 tox|[from] ability: Poison Heal
|upkeep
|turn|5
|
|t:|1757856233
|-end|p1a: 小铁|Quark Drive|[silent]
|switch|p1a: 盖鸥卡|Pelipper, M, shiny|100/100
|-weather|RainDance|[from] ability: Drizzle|[of] p1a: 盖鸥卡
|move|p2a: Gliscor|Knock Off|p1a: 盖鸥卡
|-damage|p1a: 盖鸥卡|75/100
|-enditem|p1a: 盖鸥卡|Choice Specs|[from] move: Knock Off|[of] p2a: Gliscor
|
|-weather|RainDance|[upkeep]
|-heal|p2a: Gliscor|100/100 tox|[from] ability: Poison Heal
|upkeep
|turn|6
|
|t:|1757856239
|switch|p2a: Slowking|Slowking-Galar, F|100/100
|move|p1a: 盖鸥卡|Weather Ball|p2a: Slowking
|-damage|p2a: Slowking|62/100
|
|-weather|RainDance|[upkeep]
|upkeep
|turn|7
|
|t:|1757856243
|move|p1a: 盖鸥卡|Hydro Pump|p2a: Slowking
|-damage|p2a: Slowking|16/100
|-prepare|p2a: Slowking|Chilly Reception|[premajor]
|move|p2a: Slowking|Chilly Reception|p2a: Slowking
|-weather|Snowscape
|
|t:|1757856248
|switch|p2a: Raikou|Raikou|100/100|[from] Chilly Reception
|-ability|p2a: Raikou|Pressure
|
|-weather|Snowscape|[upkeep]
|upkeep
|turn|8
|
|t:|1757856251
|switch|p1a: 减10大王|Garchomp, M, shiny|100/100
|move|p2a: Raikou|Scald|p1a: 减10大王
|-damage|p1a: 减10大王|79/100
|
|-weather|Snowscape|[upkeep]
|upkeep
|turn|9
|
|t:|1757856261
|-terastallize|p2a: Raikou|Ice
|move|p2a: Raikou|Tera Blast|p1a: 减10大王|[anim] Tera Blast Ice
|-supereffective|p1a: 减10大王
|-damage|p1a: 减10大王|0 fnt
|faint|p1a: 减10大王
|
|-weather|Snowscape|[upkeep]
|upkeep
|
|t:|1757856265
|switch|p1a: 盾盾小狗|Zamazenta|100/100
|-ability|p1a: 盾盾小狗|Dauntless Shield|boost
|-boost|p1a: 盾盾小狗|def|1
|turn|10
|j| blackddarkness
|
|t:|1757856271
|switch|p2a: Dragapult|Dragapult, F|100/100
|move|p1a: 盾盾小狗|Crunch|p2a: Dragapult
|-supereffective|p2a: Dragapult
|-damage|p2a: Dragapult|0 fnt
|faint|p2a: Dragapult
|
|-weather|Snowscape|[upkeep]
|upkeep
|
|t:|1757856294
|switch|p2a: Samurott|Samurott-Hisui, F|100/100
|turn|11
|l| blackddarkness
|
|t:|1757856302
|switch|p1a: 小铁|Iron Treads|45/100
|move|p2a: Samurott|Ceaseless Edge|p1a: 小铁
|-damage|p1a: 小铁|13/100
|-sidestart|p1: lzc123456|Spikes
|
|-weather|none
|upkeep
|turn|12
|
|t:|1757856305
|move|p2a: Samurott|Sucker Punch|p1a: 小铁
|-damage|p1a: 小铁|0 fnt
|faint|p1a: 小铁
|-end|p1a: 小铁|Quark Drive|[silent]
|
|upkeep
|
|t:|1757856307
|switch|p1a: 蛇姐|Serperior, F, shiny|100/100
|-damage|p1a: 蛇姐|88/100|[from] Spikes
|turn|13
|
|t:|1757856318
|switch|p2a: Slowking|Slowking-Galar, F|49/100
|move|p1a: 蛇姐|Glare|p2a: Slowking
|-status|p2a: Slowking|par
|
|-heal|p1a: 蛇姐|94/100|[from] item: Leftovers
|upkeep
|turn|14
|
|t:|1757856324
|move|p1a: 蛇姐|Substitute|p1a: 蛇姐
|-start|p1a: 蛇姐|Substitute
|-damage|p1a: 蛇姐|69/100
|cant|p2a: Slowking|par
|
|-heal|p1a: 蛇姐|76/100|[from] item: Leftovers
|upkeep
|turn|15
|
|t:|1757856327
|move|p1a: 蛇姐|Leech Seed|p2a: Slowking
|-start|p2a: Slowking|move: Leech Seed
|cant|p2a: Slowking|par
|
|-heal|p1a: 蛇姐|82/100|[from] item: Leftovers
|-damage|p2a: Slowking|37/100 par|[from] Leech Seed|[of] p1a: 蛇姐
|-heal|p1a: 蛇姐|97/100|[silent]
|upkeep
|turn|16
|
|t:|1757856330
|move|p1a: 蛇姐|Leaf Storm|p2a: Slowking
|-resisted|p2a: Slowking
|-damage|p2a: Slowking|25/100 par
|-boost|p1a: 蛇姐|spa|2
|-prepare|p2a: Slowking|Chilly Reception|[premajor]
|move|p2a: Slowking|Chilly Reception|p2a: Slowking
|-weather|Snowscape
|
|t:|1757856337
|switch|p2a: Corviknight|Corviknight, F|100/100|[from] Chilly Reception
|-ability|p2a: Corviknight|Pressure
|
|-weather|Snowscape|[upkeep]
|-heal|p1a: 蛇姐|100/100|[from] item: Leftovers
|upkeep
|turn|17
|
|t:|1757856338
|move|p1a: 蛇姐|Glare|p2a: Corviknight
|-status|p2a: Corviknight|par
|cant|p2a: Corviknight|par
|
|-weather|Snowscape|[upkeep]
|upkeep
|turn|18
|
|t:|1757856342
|move|p1a: 蛇姐|Leech Seed|p2a: Corviknight
|-start|p2a: Corviknight|move: Leech Seed
|move|p2a: Corviknight|U-turn|p1a: 蛇姐
|-supereffective|p1a: 蛇姐
|-end|p1a: 蛇姐|Substitute
|
|t:|1757856346
|switch|p2a: Raikou|Raikou, tera:Ice|100/100|[from] U-turn
|-ability|p2a: Raikou|Pressure
|
|-weather|Snowscape|[upkeep]
|upkeep
|turn|19
|
|t:|1757856365
|switch|p1a: 脏活累活|Alomomola, F|100/100
|-damage|p1a: 脏活累活|88/100|[from] Spikes
|move|p2a: Raikou|Volt Switch|p1a: 脏活累活
|-supereffective|p1a: 脏活累活
|-damage|p1a: 脏活累活|54/100
|
|t:|1757856378
|switch|p2a: Gliscor|Gliscor, F|100/100 tox|[from] Volt Switch
|
|-weather|Snowscape|[upkeep]
|upkeep
|turn|20
|
|t:|1757856384
|move|p2a: Gliscor|Knock Off|p1a: 脏活累活
|-damage|p1a: 脏活累活|39/100
|-enditem|p1a: 脏活累活|Assault Vest|[from] move: Knock Off|[of] p2a: Gliscor
|move|p1a: 脏活累活|Flip Turn|p2a: Gliscor
|-supereffective|p2a: Gliscor
|-damage|p2a: Gliscor|74/100 tox
|
|t:|1757856387
|switch|p1a: 盖鸥卡|Pelipper, M, shiny|75/100|[from] Flip Turn
|-weather|RainDance|[from] ability: Drizzle|[of] p1a: 盖鸥卡
|
|-weather|RainDance|[upkeep]
|-heal|p2a: Gliscor|87/100 tox|[from] ability: Poison Heal
|upkeep
|turn|21
|
|t:|1757856391
|move|p2a: Gliscor|Protect|p2a: Gliscor
|-singleturn|p2a: Gliscor|Protect
|move|p1a: 盖鸥卡|Weather Ball|p2a: Gliscor
|-activate|p2a: Gliscor|move: Protect
|
|-weather|RainDance|[upkeep]
|-heal|p2a: Gliscor|99/100 tox|[from] ability: Poison Heal
|upkeep
|turn|22
|
|t:|1757856399
|switch|p2a: Samurott|Samurott-Hisui, F|100/100
|move|p1a: 盖鸥卡|Weather Ball|p2a: Samurott
|-resisted|p2a: Samurott
|-damage|p2a: Samurott|45/100
|
|-weather|RainDance|[upkeep]
|upkeep
|turn|23
|
|t:|1757856401
|move|p2a: Samurott|Ceaseless Edge|p1a: 盖鸥卡
|-damage|p1a: 盖鸥卡|17/100
|-sidestart|p1: lzc123456|Spikes
|move|p1a: 盖鸥卡|Hurricane|p2a: Samurott
|-damage|p2a: Samurott|0 fnt
|faint|p2a: Samurott
|
|-weather|RainDance|[upkeep]
|upkeep
|
|t:|1757856407
|switch|p2a: Raikou|Raikou, tera:Ice|100/100
|-ability|p2a: Raikou|Pressure
|turn|24
|
|t:|1757856413
|move|p2a: Raikou|Tera Blast|p1a: 盖鸥卡|[anim] Tera Blast Ice
|-damage|p1a: 盖鸥卡|0 fnt
|faint|p1a: 盖鸥卡
|
|-weather|none
|upkeep
|
|t:|1757856417
|switch|p1a: 盾盾小狗|Zamazenta|100/100
|-damage|p1a: 盾盾小狗|84/100|[from] Spikes
|turn|25
|
|t:|1757856426
|switch|p2a: Gliscor|Gliscor, F|99/100 tox
|move|p1a: 盾盾小狗|Stone Edge|p2a: Gliscor|[miss]
|-miss|p1a: 盾盾小狗|p2a: Gliscor
|
|-heal|p2a: Gliscor|100/100 tox|[from] ability: Poison Heal
|upkeep
|turn|26
|
|t:|1757856432
|switch|p1a: 脏活累活|Alomomola, F|73/100
|-damage|p1a: 脏活累活|56/100|[from] Spikes
|move|p2a: Gliscor|Knock Off|p1a: 脏活累活
|-damage|p1a: 脏活累活|46/100
|
|upkeep
|turn|27
|
|t:|1757856435
|move|p2a: Gliscor|Stealth Rock|p1a: 脏活累活
|-sidestart|p1: lzc123456|move: Stealth Rock
|move|p1a: 脏活累活|Flip Turn|p2a: Gliscor
|-supereffective|p2a: Gliscor
|-damage|p2a: Gliscor|74/100 tox
|
|t:|1757856437
|switch|p1a: 蛇姐|Serperior, F, shiny|100/100|[from] Flip Turn
|-damage|p1a: 蛇姐|84/100|[from] Spikes
|-damage|p1a: 蛇姐|72/100|[from] Stealth Rock
|
|-heal|p1a: 蛇姐|78/100|[from] item: Leftovers
|-heal|p2a: Gliscor|87/100 tox|[from] ability: Poison Heal
|upkeep
|turn|28
|
|t:|1757856441
|move|p1a: 蛇姐|Substitute|p1a: 蛇姐
|-start|p1a: 蛇姐|Substitute
|-damage|p1a: 蛇姐|53/100
|move|p2a: Gliscor|Knock Off|p1a: 蛇姐
|-end|p1a: 蛇姐|Substitute
|
|-heal|p1a: 蛇姐|59/100|[from] item: Leftovers
|-heal|p2a: Gliscor|99/100 tox|[from] ability: Poison Heal
|upkeep
|turn|29
|
|t:|1757856446
|move|p1a: 蛇姐|Leaf Storm|p2a: Gliscor
|-damage|p2a: Gliscor|60/100 tox
|-boost|p1a: 蛇姐|spa|2
|move|p2a: Gliscor|Knock Off|p1a: 蛇姐
|-damage|p1a: 蛇姐|33/100
|-enditem|p1a: 蛇姐|Leftovers|[from] move: Knock Off|[of] p2a: Gliscor
|
|-heal|p2a: Gliscor|72/100 tox|[from] ability: Poison Heal
|upkeep
|turn|30
|
|t:|1757856458
|move|p1a: 蛇姐|Leaf Storm|p2a: Gliscor
|-damage|p2a: Gliscor|0 fnt
|-boost|p1a: 蛇姐|spa|2
|faint|p2a: Gliscor
|
|upkeep
|
|t:|1757856461
|switch|p2a: Raikou|Raikou, tera:Ice|100/100
|-ability|p2a: Raikou|Pressure
|turn|31
|
|t:|1757856464
|move|p2a: Raikou|Tera Blast|p1a: 蛇姐|[anim] Tera Blast Ice
|-supereffective|p1a: 蛇姐
|-damage|p1a: 蛇姐|0 fnt
|faint|p1a: 蛇姐
|
|upkeep
|
|t:|1757856479
|switch|p1a: 盾盾小狗|Zamazenta|84/100
|-damage|p1a: 盾盾小狗|67/100|[from] Spikes
|-damage|p1a: 盾盾小狗|61/100|[from] Stealth Rock
|turn|32
|
|t:|1757856481
|switch|p2a: Corviknight|Corviknight, F|100/100 par
|-ability|p2a: Corviknight|Pressure
|move|p1a: 盾盾小狗|Stone Edge|p2a: Corviknight
|-damage|p2a: Corviknight|66/100 par
|
|upkeep
|turn|33
|
|t:|1757856488
|move|p1a: 盾盾小狗|Stone Edge|p2a: Corviknight
|-damage|p2a: Corviknight|33/100 par
|move|p2a: Corviknight|U-turn|p1a: 盾盾小狗
|-resisted|p1a: 盾盾小狗
|-damage|p1a: 盾盾小狗|55/100
|
|t:|1757856492
|switch|p2a: Slowking|Slowking-Galar, F|59/100 par|[from] U-turn
|
|upkeep
|turn|34
|
|t:|1757856499
|move|p1a: 盾盾小狗|Stone Edge|p2a: Slowking
|-damage|p2a: Slowking|6/100 par
|move|p2a: Slowking|Sludge Bomb|p1a: 盾盾小狗
|-damage|p1a: 盾盾小狗|22/100
|-status|p1a: 盾盾小狗|psn
|
|-damage|p1a: 盾盾小狗|10/100 psn|[from] psn
|upkeep
|turn|35
|
|t:|1757856509
|switch|p2a: Corviknight|Corviknight, F|33/100 par
|-ability|p2a: Corviknight|Pressure
|move|p1a: 盾盾小狗|Stone Edge|p2a: Corviknight|[miss]
|-miss|p1a: 盾盾小狗|p2a: Corviknight
|
|-damage|p1a: 盾盾小狗|0 fnt|[from] psn
|faint|p1a: 盾盾小狗
|upkeep
|-message|lzc123456 forfeited.
|
|win|oehtwashere
|raw|lzc123456's rating: 1675 &rarr; <strong>1657</strong><br />(-18 for losing)
|raw|oehtwashere's rating: 1711 &rarr; <strong>1729</strong><br />(+18 for winning)
|l|☆lzc123456
|player|p1|
|l|‽oehtwashere
|player|p2|
