|j|☆Unserious Drew
|j|☆SSStyl1sh
|t:|1757962333
|gametype|singles
|player|p1|Unserious Drew|101|1265
|player|p2|SSStyl1sh|giovanni|1237
|gen|9
|tier|[Gen 9] OU
|rated|
|rule|HP Percentage Mod: HP is shown in percentages
|rule|Endless Battle Clause: Forcing endless battles is banned
|rule|Species Clause: Limit one of each Pokémon
|rule|OHKO Clause: OHKO moves are banned
|rule|Evasion Items Clause: Evasion items are banned
|rule|Evasion Moves Clause: Evasion moves are banned
|rule|Evasion Abilities Clause: Evasion abilities are banned
|rule|Sleep Moves Clause: Sleep-inducing moves are banned
|clearpoke
|poke|p1|Pelipper, M|
|poke|p1|Overqwil, M|
|poke|p1|Ninetales-Alola, M|
|poke|p1|Espeon, M|
|poke|p1|Garchomp, M|
|poke|p1|Iron Moth|
|poke|p2|Araquanid, F|
|poke|p2|Crawdaunt, F|
|poke|p2|Tornadus-Therian, M|
|poke|p2|Ting-Lu|
|poke|p2|Gholdengo|
|poke|p2|Great Tusk|
|teampreview
|
|t:|1757962342
|teamsize|p1|6
|teamsize|p2|6
|start
|switch|p1a: Espeon|Espeon, M|100/100
|switch|p2a: Tornadus|Tornadus-Therian, M|100/100
|turn|1
|
|t:|1757962348
|move|p1a: Espeon|Psychic Noise|p2a: Tornadus
|-damage|p2a: Tornadus|51/100
|-start|p2a: Tornadus|move: Heal Block
|move|p2a: Tornadus|U-turn|p1a: Espeon
|-supereffective|p1a: Espeon
|-damage|p1a: Espeon|45/100
|
|t:|1757962359
|switch|p2a: Crawdaunt|Crawdaunt, F|100/100|[from] U-turn
|
|upkeep
|turn|2
|
|t:|1757962364
|switch|p1a: Garchomp|Garchomp, M|100/100
|move|p2a: Crawdaunt|Aqua Jet|p1a: Garchomp
|-damage|p1a: Garchomp|73/100
|-damage|p2a: Crawdaunt|88/100|[from] ability: Rough Skin|[of] p1a: Garchomp
|-damage|p2a: Crawdaunt|72/100|[from] item: Rocky Helmet|[of] p1a: Garchomp
|
|upkeep
|turn|3
|
|t:|1757962376
|switch|p2a: Gholdengo|Gholdengo|100/100
|-item|p2a: Gholdengo|Air Balloon
|move|p1a: Garchomp|Earthquake|p2a: Gholdengo
|-immune|p2a: Gholdengo
|
|upkeep
|turn|4
|
|t:|1757962384
|move|p2a: Gholdengo|Make It Rain|p1a: Garchomp
|-damage|p1a: Garchomp|4/100
|-unboost|p2a: Gholdengo|spa|1
|move|p1a: Garchomp|Dragon Tail|p2a: Gholdengo
|-resisted|p2a: Gholdengo
|-damage|p2a: Gholdengo|83/100
|-enditem|p2a: Gholdengo|Air Balloon
|drag|p2a: Araquanid|Araquanid, F|100/100
|
|upkeep
|turn|5
|
|t:|1757962396
|switch|p1a: Espeon|Espeon, M|45/100
|move|p2a: Araquanid|Surf|p1a: Espeon
|-damage|p1a: Espeon|0 fnt
|faint|p1a: Espeon
|
|upkeep
|
|t:|1757962406
|switch|p1a: Ninetales|Ninetales-Alola, M|100/100
|-weather|Snowscape|[from] ability: Snow Warning|[of] p1a: Ninetales
|turn|6
|c|☆SSStyl1sh|rip
|
|t:|1757962410
|move|p1a: Ninetales|Aurora Veil|p1a: Ninetales
|-sidestart|p1: Unserious Drew|move: Aurora Veil
|move|p2a: Araquanid|Sticky Web|p1a: Ninetales
|-sidestart|p1: Unserious Drew|move: Sticky Web
|
|-weather|Snowscape|[upkeep]
|upkeep
|turn|7
|
|t:|1757962414
|move|p1a: Ninetales|Nasty Plot|p1a: Ninetales
|-boost|p1a: Ninetales|spa|2
|move|p2a: Araquanid|Surf|p1a: Ninetales
|-damage|p1a: Ninetales|67/100
|
|-weather|Snowscape|[upkeep]
|upkeep
|turn|8
|
|t:|1757962421
|move|p1a: Ninetales|Nasty Plot|p1a: Ninetales
|-boost|p1a: Ninetales|spa|2
|move|p2a: Araquanid|Surf|p1a: Ninetales
|-damage|p1a: Ninetales|32/100
|
|-weather|Snowscape|[upkeep]
|upkeep
|turn|9
|
|t:|1757962431
|move|p2a: Araquanid|Endure|p2a: Araquanid
|-singleturn|p2a: Araquanid|move: Endure
|move|p1a: Ninetales|Moonblast|p2a: Araquanid
|-damage|p2a: Araquanid|19/100
|
|-weather|Snowscape|[upkeep]
|upkeep
|turn|10
|-enditem|p2a: Araquanid|Custap Berry|[eat]
|-activate|p2a: Araquanid|item: Custap Berry|[consumed]
|
|t:|1757962437
|move|p2a: Araquanid|Surf|p1a: Ninetales
|-damage|p1a: Ninetales|0 fnt
|faint|p1a: Ninetales
|
|-weather|none
|upkeep
|
|t:|1757962442
|switch|p1a: Pelipper|Pelipper, M|100/100
|-weather|RainDance|[from] ability: Drizzle|[of] p1a: Pelipper
|turn|11
|
|t:|1757962453
|switch|p2a: Gholdengo|Gholdengo|83/100
|move|p1a: Pelipper|Hurricane|p2a: Gholdengo
|-resisted|p2a: Gholdengo
|-damage|p2a: Gholdengo|56/100
|-start|p2a: Gholdengo|confusion
|
|-weather|RainDance|[upkeep]
|upkeep
|turn|12
|
|t:|1757962458
|-activate|p2a: Gholdengo|confusion
|-damage|p2a: Gholdengo|51/100|[from] confusion
|move|p1a: Pelipper|Surf|p2a: Gholdengo
|-damage|p2a: Gholdengo|0 fnt
|faint|p2a: Gholdengo
|
|-weather|RainDance|[upkeep]
|upkeep
|
|t:|1757962472
|switch|p2a: Araquanid|Araquanid, F|19/100
|turn|13
|
|t:|1757962475
|move|p1a: Pelipper|Hurricane|p2a: Araquanid
|-supereffective|p2a: Araquanid
|-damage|p2a: Araquanid|0 fnt
|faint|p2a: Araquanid
|
|-weather|RainDance|[upkeep]
|-sideend|p1: Unserious Drew|move: Aurora Veil
|upkeep
|
|t:|1757962484
|switch|p2a: Crawdaunt|Crawdaunt, F|72/100
|turn|14
|
|t:|1757962489
|move|p2a: Crawdaunt|Knock Off|p1a: Pelipper
|-damage|p1a: Pelipper|0 fnt
|-enditem|p1a: Pelipper|Damp Rock|[from] move: Knock Off|[of] p2a: Crawdaunt
|faint|p1a: Pelipper
|
|-weather|RainDance|[upkeep]
|upkeep
|
|t:|1757962496
|switch|p1a: Garchomp|Garchomp, M|4/100
|-activate|p1a: Garchomp|move: Sticky Web
|-unboost|p1a: Garchomp|spe|1
|turn|15
|
|t:|1757962500
|move|p2a: Crawdaunt|Knock Off|p1a: Garchomp
|-damage|p1a: Garchomp|0 fnt
|-damage|p2a: Crawdaunt|59/100|[from] ability: Rough Skin|[of] p1a: Garchomp
|-damage|p2a: Crawdaunt|43/100|[from] item: Rocky Helmet|[of] p1a: Garchomp
|-enditem|p1a: Garchomp|Rocky Helmet|[from] move: Knock Off|[of] p2a: Crawdaunt
|faint|p1a: Garchomp
|
|-weather|RainDance|[upkeep]
|upkeep
|
|t:|1757962506
|switch|p1a: Overqwil|Overqwil, M|100/100
|-activate|p1a: Overqwil|move: Sticky Web
|-unboost|p1a: Overqwil|spe|1
|turn|16
|
|t:|1757962516
|switch|p2a: Ting-Lu|Ting-Lu|100/100
|-ability|p2a: Ting-Lu|Vessel of Ruin
|move|p1a: Overqwil|Barb Barrage|p2a: Ting-Lu
|-resisted|p2a: Ting-Lu
|-crit|p2a: Ting-Lu
|-damage|p2a: Ting-Lu|89/100
|-status|p2a: Ting-Lu|psn
|
|-weather|RainDance|[upkeep]
|-heal|p2a: Ting-Lu|96/100 psn|[from] item: Leftovers
|-damage|p2a: Ting-Lu|83/100 psn|[from] psn
|upkeep
|turn|17
|
|t:|1757962525
|-terastallize|p1a: Overqwil|Water
|move|p1a: Overqwil|Swords Dance|p1a: Overqwil
|-boost|p1a: Overqwil|atk|2
|move|p2a: Ting-Lu|Stealth Rock|p1a: Overqwil
|-sidestart|p1: Unserious Drew|move: Stealth Rock
|
|-weather|RainDance|[upkeep]
|-heal|p2a: Ting-Lu|89/100 psn|[from] item: Leftovers
|-damage|p2a: Ting-Lu|77/100 psn|[from] psn
|upkeep
|turn|18
|
|t:|1757962536
|move|p1a: Overqwil|Liquidation|p2a: Ting-Lu
|-supereffective|p2a: Ting-Lu
|-damage|p2a: Ting-Lu|0 fnt
|faint|p2a: Ting-Lu
|
|-weather|none
|upkeep
|
|t:|1757962542
|switch|p2a: Crawdaunt|Crawdaunt, F|43/100
|turn|19
|
|t:|1757962549
|move|p2a: Crawdaunt|Knock Off|p1a: Overqwil
|-enditem|p1a: Overqwil|Focus Sash
|-damage|p1a: Overqwil|1/100
|move|p1a: Overqwil|Barb Barrage|p2a: Crawdaunt
|-damage|p2a: Crawdaunt|0 fnt
|faint|p2a: Crawdaunt
|
|upkeep
|
|t:|1757962561
|switch|p2a: Great Tusk|Great Tusk|100/100
|turn|20
|
|t:|1757962566
|move|p2a: Great Tusk|Rapid Spin|p1a: Overqwil
|-damage|p1a: Overqwil|0 fnt
|-boost|p2a: Great Tusk|spe|1
|faint|p1a: Overqwil
|
|upkeep
|
|t:|1757962569
|switch|p1a: Iron Moth|Iron Moth|100/100
|-activate|p1a: Iron Moth|move: Sticky Web
|-unboost|p1a: Iron Moth|spe|1
|-damage|p1a: Iron Moth|76/100|[from] Stealth Rock
|-enditem|p1a: Iron Moth|Booster Energy
|-activate|p1a: Iron Moth|ability: Quark Drive|[fromitem]
|-start|p1a: Iron Moth|quarkdrivespa
|turn|21
|
|t:|1757962573
|move|p2a: Great Tusk|Headlong Rush|p1a: Iron Moth
|-supereffective|p1a: Iron Moth
|-damage|p1a: Iron Moth|0 fnt
|-unboost|p2a: Great Tusk|def|1
|-unboost|p2a: Great Tusk|spd|1
|faint|p1a: Iron Moth
|-end|p1a: Iron Moth|Quark Drive|[silent]
|
|win|SSStyl1sh
|raw|Unserious Drew's rating: 1265 &rarr; <strong>1238</strong><br />(-27 for losing)
|raw|SSStyl1sh's rating: 1237 &rarr; <strong>1264</strong><br />(+27 for winning)
|l|☆Unserious Drew
|player|p1|
