|j|☆Eight Five
|j|☆Buy my book azul
|t:|1757902240
|gametype|singles
|player|p1|Eight Five|170|1384
|player|p2|Buy my book azul|diantha-masters|1403
|gen|9
|tier|[Gen 9] OU
|rated|
|rule|HP Percentage Mod: HP is shown in percentages
|rule|Endless Battle Clause: Forcing endless battles is banned
|rule|Species Clause: Limit one of each Pokémon
|rule|OHKO Clause: OHKO moves are banned
|rule|Evasion Items Clause: Evasion items are banned
|rule|Evasion Moves Clause: Evasion moves are banned
|rule|Evasion Abilities Clause: Evasion abilities are banned
|rule|Sleep Moves Clause: Sleep-inducing moves are banned
|clearpoke
|poke|p1|Excadrill, M|
|poke|p1|Tyranitar, M|
|poke|p1|Mandibuzz, F|
|poke|p1|Amoonguss, F|
|poke|p1|Weezing-Galar, M|
|poke|p1|Keldeo-Resolute|
|poke|p2|Garchomp, M|
|poke|p2|Dragapult, M|
|poke|p2|Samurott-Hisui, M|
|poke|p2|Scizor, F|
|poke|p2|Gholdengo|
|poke|p2|Ting-Lu|
|teampreview
|inactive|Battle timer is ON: inactive players will automatically lose when time's up. (requested by Eight Five)
|
|t:|1757902252
|teamsize|p1|6
|teamsize|p2|6
|start
|switch|p1a: Weezing|Weezing-Galar, M|100/100
|switch|p2a: Samurott|Samurott-Hisui, M, shiny|100/100
|turn|1
|
|t:|1757902258
|move|p2a: Samurott|Razor Shell|p1a: Weezing
|-damage|p1a: Weezing|65/100
|move|p1a: Weezing|Strange Steam|p2a: Samurott
|-supereffective|p2a: Samurott
|-damage|p2a: Samurott|21/100
|
|-heal|p1a: Weezing|71/100|[from] item: Leftovers
|upkeep
|turn|2
|
|t:|1757902265
|move|p2a: Samurott|Ceaseless Edge|p1a: Weezing
|-resisted|p1a: Weezing
|-damage|p1a: Weezing|57/100
|-sidestart|p1: Eight Five|Spikes
|move|p1a: Weezing|Toxic Spikes|p2a: Samurott
|-sidestart|p2: Buy my book azul|move: Toxic Spikes
|
|-heal|p1a: Weezing|63/100|[from] item: Leftovers
|upkeep
|turn|3
|
|t:|1757902277
|move|p2a: Samurott|Ceaseless Edge|p1a: Weezing
|-resisted|p1a: Weezing
|-damage|p1a: Weezing|49/100
|-sidestart|p1: Eight Five|Spikes
|move|p1a: Weezing|Strange Steam|p2a: Samurott
|-supereffective|p2a: Samurott
|-damage|p2a: Samurott|0 fnt
|faint|p2a: Samurott
|
|-heal|p1a: Weezing|55/100|[from] item: Leftovers
|upkeep
|
|t:|1757902284
|switch|p2a: Scizor|Scizor, F|100/100
|turn|4
|
|t:|1757902295
|move|p2a: Scizor|U-turn|p1a: Weezing
|-resisted|p1a: Weezing
|-damage|p1a: Weezing|46/100
|
|t:|1757902298
|switch|p2a: Gholdengo|Gholdengo|100/100|[from] U-turn
|-item|p2a: Gholdengo|Air Balloon
|move|p1a: Weezing|Will-O-Wisp|p2a: Gholdengo
|-immune|p2a: Gholdengo|[from] ability: Good as Gold
|
|-heal|p1a: Weezing|52/100|[from] item: Leftovers
|upkeep
|turn|5
|
|t:|1757902306
|switch|p1a: Mandibuzz|Mandibuzz, F|100/100
|move|p2a: Gholdengo|Make It Rain|p1a: Mandibuzz
|-damage|p1a: Mandibuzz|62/100
|-unboost|p2a: Gholdengo|spa|1
|
|upkeep
|turn|6
|
|t:|1757902315
|switch|p2a: Scizor|Scizor, F|100/100
|move|p1a: Mandibuzz|Defog|p2a: Scizor
|-unboost|p2a: Scizor|evasion|1
|-sideend|p2: Buy my book azul|Toxic Spikes|[from] move: Defog|[of] p1a: Mandibuzz
|-sideend|p1: Eight Five|Spikes|[from] move: Defog|[of] p1a: Mandibuzz
|
|upkeep
|turn|7
|
|t:|1757902322
|move|p2a: Scizor|Bullet Punch|p1a: Mandibuzz
|-damage|p1a: Mandibuzz|24/100
|move|p1a: Mandibuzz|Roost|p1a: Mandibuzz
|-heal|p1a: Mandibuzz|74/100
|-singleturn|p1a: Mandibuzz|move: Roost
|
|upkeep
|turn|8
|inactive|Buy my book azul has 120 seconds left.
|inactive|Buy my book azul has 90 seconds left.
|
|t:|1757902393
|move|p2a: Scizor|Bullet Punch|p1a: Mandibuzz
|-crit|p1a: Mandibuzz
|-damage|p1a: Mandibuzz|18/100
|move|p1a: Mandibuzz|Foul Play|p2a: Scizor
|-damage|p2a: Scizor|40/100
|
|upkeep
|turn|9
|
|t:|1757902402
|switch|p1a: Amoonguss|Amoonguss, F|100/100
|move|p2a: Scizor|Bullet Punch|p1a: Amoonguss
|-damage|p1a: Amoonguss|66/100
|-damage|p2a: Scizor|24/100|[from] item: Rocky Helmet|[of] p1a: Amoonguss
|
|upkeep
|turn|10
|inactive|Buy my book azul has 90 seconds left.
|
|t:|1757902423
|switch|p2a: Gholdengo|Gholdengo|100/100
|-item|p2a: Gholdengo|Air Balloon
|move|p1a: Amoonguss|Giga Drain|p2a: Gholdengo
|-resisted|p2a: Gholdengo
|-damage|p2a: Gholdengo|88/100
|-heal|p1a: Amoonguss|71/100|[from] drain|[of] p2a: Gholdengo
|-enditem|p2a: Gholdengo|Air Balloon
|
|upkeep
|turn|11
|
|t:|1757902438
|switch|p1a: Tyranitar|Tyranitar, M|100/100
|-weather|Sandstorm|[from] ability: Sand Stream|[of] p1a: Tyranitar
|move|p2a: Gholdengo|Nasty Plot|p2a: Gholdengo
|-boost|p2a: Gholdengo|spa|2
|
|-weather|Sandstorm|[upkeep]
|upkeep
|turn|12
|
|t:|1757902442
|switch|p1a: Mandibuzz|Mandibuzz, F|18/100
|move|p2a: Gholdengo|Focus Blast|p1a: Mandibuzz
|-damage|p1a: Mandibuzz|0 fnt
|faint|p1a: Mandibuzz
|
|-weather|Sandstorm|[upkeep]
|upkeep
|
|t:|1757902448
|switch|p1a: Excadrill|Excadrill, M|100/100
|turn|13
|
|t:|1757902460
|switch|p1a: Weezing|Weezing-Galar, M|52/100
|switch|p2a: Scizor|Scizor, F|24/100
|
|-weather|Sandstorm|[upkeep]
|-damage|p1a: Weezing|46/100|[from] Sandstorm
|-heal|p1a: Weezing|52/100|[from] item: Leftovers
|upkeep
|turn|14
|
|t:|1757902467
|switch|p1a: Keldeo|Keldeo-Resolute|100/100
|move|p2a: Scizor|Bullet Punch|p1a: Keldeo
|-resisted|p1a: Keldeo
|-damage|p1a: Keldeo|70/100
|
|-weather|Sandstorm|[upkeep]
|-damage|p1a: Keldeo|64/100|[from] Sandstorm
|upkeep
|turn|15
|
|t:|1757902472
|switch|p2a: Ting-Lu|Ting-Lu|100/100
|-ability|p2a: Ting-Lu|Vessel of Ruin
|move|p1a: Keldeo|Hydro Pump|p2a: Ting-Lu
|-supereffective|p2a: Ting-Lu
|-damage|p2a: Ting-Lu|33/100
|
|-weather|Sandstorm|[upkeep]
|-damage|p1a: Keldeo|57/100|[from] Sandstorm
|-heal|p2a: Ting-Lu|39/100|[from] item: Leftovers
|upkeep
|turn|16
|
|t:|1757902479
|move|p1a: Keldeo|Hydro Pump|p2a: Ting-Lu
|-supereffective|p2a: Ting-Lu
|-damage|p2a: Ting-Lu|0 fnt
|faint|p2a: Ting-Lu
|
|-weather|Sandstorm|[upkeep]
|-damage|p1a: Keldeo|51/100|[from] Sandstorm
|upkeep
|
|t:|1757902483
|switch|p2a: Dragapult|Dragapult, M, shiny|100/100
|turn|17
|
|t:|1757902488
|switch|p1a: Amoonguss|Amoonguss, F|100/100
|move|p2a: Dragapult|Will-O-Wisp|p1a: Amoonguss
|-status|p1a: Amoonguss|brn
|
|-weather|Sandstorm|[upkeep]
|-damage|p2a: Dragapult|95/100|[from] Sandstorm
|-damage|p1a: Amoonguss|94/100 brn|[from] Sandstorm
|-damage|p1a: Amoonguss|88/100 brn|[from] brn
|upkeep
|turn|18
|
|t:|1757902493
|move|p2a: Dragapult|Hex|p1a: Amoonguss
|-damage|p1a: Amoonguss|36/100 brn
|move|p1a: Amoonguss|Toxic|p2a: Dragapult
|-status|p2a: Dragapult|tox
|
|-weather|none
|-damage|p2a: Dragapult|89/100 tox|[from] psn
|-damage|p1a: Amoonguss|30/100 brn|[from] brn
|upkeep
|turn|19
|
|t:|1757902501
|switch|p1a: Tyranitar|Tyranitar, M|100/100
|-weather|Sandstorm|[from] ability: Sand Stream|[of] p1a: Tyranitar
|move|p2a: Dragapult|Will-O-Wisp|p1a: Tyranitar
|-status|p1a: Tyranitar|brn
|
|-weather|Sandstorm|[upkeep]
|-damage|p2a: Dragapult|83/100 tox|[from] Sandstorm
|-damage|p2a: Dragapult|71/100 tox|[from] psn
|-damage|p1a: Tyranitar|94/100 brn|[from] brn
|upkeep
|turn|20
|
|t:|1757902510
|move|p2a: Dragapult|U-turn|p1a: Tyranitar
|-supereffective|p1a: Tyranitar
|-damage|p1a: Tyranitar|64/100 brn
|
|t:|1757902515
|switch|p2a: Scizor|Scizor, F|24/100|[from] U-turn
|move|p1a: Tyranitar|Stealth Rock|p2a: Scizor
|-sidestart|p2: Buy my book azul|move: Stealth Rock
|
|-weather|Sandstorm|[upkeep]
|-damage|p1a: Tyranitar|57/100 brn|[from] brn
|upkeep
|turn|21
|
|t:|1757902527
|switch|p1a: Amoonguss|Amoonguss, F|63/100 brn
|move|p2a: Scizor|U-turn|p1a: Amoonguss
|-damage|p1a: Amoonguss|21/100 brn
|-damage|p2a: Scizor|8/100|[from] item: Rocky Helmet|[of] p1a: Amoonguss
|
|t:|1757902533
|switch|p2a: Gholdengo|Gholdengo|88/100|[from] U-turn
|-damage|p2a: Gholdengo|82/100|[from] Stealth Rock
|
|-weather|Sandstorm|[upkeep]
|-damage|p1a: Amoonguss|15/100 brn|[from] Sandstorm
|-damage|p1a: Amoonguss|9/100 brn|[from] brn
|upkeep
|turn|22
|
|t:|1757902541
|move|p2a: Gholdengo|Shadow Ball|p1a: Amoonguss
|-damage|p1a: Amoonguss|0 fnt
|faint|p1a: Amoonguss
|
|-weather|Sandstorm|[upkeep]
|upkeep
|
|t:|1757902555
|switch|p1a: Excadrill|Excadrill, M|100/100
|turn|23
|
|t:|1757902559
|move|p1a: Excadrill|Earthquake|p2a: Gholdengo
|-supereffective|p2a: Gholdengo
|-damage|p2a: Gholdengo|0 fnt
|faint|p2a: Gholdengo
|
|-weather|Sandstorm|[upkeep]
|upkeep
|
|t:|1757902579
|switch|p2a: Scizor|Scizor, F|8/100
|-damage|p2a: Scizor|0 fnt|[from] Stealth Rock
|faint|p2a: Scizor
|
|t:|1757902586
|switch|p2a: Garchomp|Garchomp, M|100/100
|-damage|p2a: Garchomp|94/100|[from] Stealth Rock
|turn|24
|
|t:|1757902602
|-terastallize|p1a: Excadrill|Ice
|-terastallize|p2a: Garchomp|Fire
|move|p1a: Excadrill|Tera Blast|p2a: Garchomp|[anim] Tera Blast Ice
|-resisted|p2a: Garchomp
|-damage|p2a: Garchomp|73/100
|move|p2a: Garchomp|Earthquake|p1a: Excadrill
|-damage|p1a: Excadrill|6/100
|
|-weather|Sandstorm|[upkeep]
|-damage|p2a: Garchomp|67/100|[from] Sandstorm
|-heal|p1a: Excadrill|12/100|[from] item: Leftovers
|upkeep
|turn|25
|
|t:|1757902620
|switch|p2a: Dragapult|Dragapult, M, shiny|71/100 tox
|move|p1a: Excadrill|Earthquake|p2a: Dragapult
|-damage|p2a: Dragapult|0 fnt
|faint|p2a: Dragapult
|
|-weather|Sandstorm|[upkeep]
|-heal|p1a: Excadrill|18/100|[from] item: Leftovers
|upkeep
|
|t:|1757902624
|switch|p2a: Garchomp|Garchomp, M, tera:Fire|67/100
|-damage|p2a: Garchomp|42/100|[from] Stealth Rock
|turn|26
|
|t:|1757902626
|move|p1a: Excadrill|Earthquake|p2a: Garchomp
|-supereffective|p2a: Garchomp
|-damage|p2a: Garchomp|0 fnt
|faint|p2a: Garchomp
|
|win|Eight Five
|raw|Eight Five's rating: 1384 &rarr; <strong>1405</strong><br />(+21 for winning)
|raw|Buy my book azul's rating: 1403 &rarr; <strong>1382</strong><br />(-21 for losing)
|l|☆Eight Five
|player|p1|
|l|☆Buy my book azul
|player|p2|
