|j|☆Flex Plays Only
|j|☆KingKaido107
|t:|1757896455
|gametype|singles
|player|p1|Flex Plays Only|miku-fairy|1794
|player|p2|KingKaido107|dragontamer-gen6|1800
|gen|9
|tier|[Gen 9] OU
|rated|
|rule|HP Percentage Mod: HP is shown in percentages
|rule|Endless Battle Clause: Forcing endless battles is banned
|rule|Species Clause: Limit one of each Pokémon
|rule|OHKO Clause: OHKO moves are banned
|rule|Evasion Items Clause: Evasion items are banned
|rule|Evasion Moves Clause: Evasion moves are banned
|rule|Evasion Abilities Clause: Evasion abilities are banned
|rule|Sleep Moves Clause: Sleep-inducing moves are banned
|clearpoke
|poke|p1|Cinderace, M|
|poke|p1|Corviknight, M|
|poke|p1|Landorus-Therian, M|
|poke|p1|Alomomola, F|
|poke|p1|Kyurem|
|poke|p1|Zamazenta-*|
|poke|p2|Slowking-Galar, F|
|poke|p2|Kyurem|
|poke|p2|Cinderace, M|
|poke|p2|Tornadus-Therian, M|
|poke|p2|Hydrapple, F|
|poke|p2|Kingambit, M|
|teampreview
|inactive|Battle timer is ON: inactive players will automatically lose when time's up. (requested by KingKaido107)
|
|t:|1757896467
|teamsize|p1|6
|teamsize|p2|6
|start
|switch|p1a: Cinderace|Cinderace, M|100/100
|switch|p2a: Thieving Drunk|Tornadus-Therian, M|100/100
|turn|1
|j| Misfortune100
|j| Prof dankness
|
|t:|1757896474
|move|p2a: Thieving Drunk|Bleakwind Storm|p1a: Cinderace|[miss]
|-miss|p2a: Thieving Drunk|p1a: Cinderace
|move|p1a: Cinderace|Pyro Ball|p2a: Thieving Drunk
|-damage|p2a: Thieving Drunk|37/100
|-status|p2a: Thieving Drunk|brn
|
|-damage|p2a: Thieving Drunk|31/100 brn|[from] brn
|upkeep
|turn|2
|
|t:|1757896478
|move|p2a: Thieving Drunk|U-turn|p1a: Cinderace
|-resisted|p1a: Cinderace
|-damage|p1a: Cinderace|96/100
|
|t:|1757896481
|switch|p2a: Laughing Drunk|Hydrapple, F|100/100|[from] U-turn
|move|p1a: Cinderace|Pyro Ball|p2a: Laughing Drunk
|-damage|p2a: Laughing Drunk|74/100
|
|upkeep
|turn|3
|
|t:|1757896484
|move|p1a: Cinderace|Will-O-Wisp|p2a: Laughing Drunk
|-status|p2a: Laughing Drunk|brn
|move|p2a: Laughing Drunk|Fickle Beam|p1a: Cinderace|[anim] Fickle Beam All Out
|-activate|p2a: Laughing Drunk|move: Fickle Beam
|-damage|p1a: Cinderace|16/100
|
|-damage|p2a: Laughing Drunk|68/100 brn|[from] brn
|upkeep
|turn|4
|
|t:|1757896487
|move|p1a: Cinderace|U-turn|p2a: Laughing Drunk
|-supereffective|p2a: Laughing Drunk
|-crit|p2a: Laughing Drunk
|-damage|p2a: Laughing Drunk|35/100 brn
|-damage|p1a: Cinderace|0 fnt|[from] item: Rocky Helmet|[of] p2a: Laughing Drunk
|faint|p1a: Cinderace
|move|p2a: Laughing Drunk|Giga Drain|p1: Cinderace|[notarget]
|-fail|p2a: Laughing Drunk
|
|-damage|p2a: Laughing Drunk|29/100 brn|[from] brn
|upkeep
|
|t:|1757896490
|switch|p1a: Kyurem|Kyurem|100/100
|-ability|p1a: Kyurem|Pressure
|turn|5
|j| Large_Rodent
|
|t:|1757896493
|move|p1a: Kyurem|Ice Beam|p2a: Laughing Drunk
|-supereffective|p2a: Laughing Drunk
|-damage|p2a: Laughing Drunk|0 fnt
|faint|p2a: Laughing Drunk
|
|upkeep
|
|t:|1757896496
|switch|p2a: Boro Breath|Cinderace, M|100/100
|turn|6
|
|t:|1757896500
|switch|p1a: Alomomola|Alomomola, F|100/100
|move|p2a: Boro Breath|U-turn|p1a: Alomomola
|-start|p2a: Boro Breath|typechange|Bug|[from] ability: Libero
|-damage|p1a: Alomomola|77/100
|
|t:|1757896504
|switch|p2a: Thieving Drunk|Tornadus-Therian, M|65/100 brn|[from] U-turn
|
|-damage|p2a: Thieving Drunk|59/100 brn|[from] brn
|upkeep
|turn|7
|
|t:|1757896508
|move|p2a: Thieving Drunk|Knock Off|p1a: Alomomola
|-damage|p1a: Alomomola|71/100
|-enditem|p1a: Alomomola|Assault Vest|[from] move: Knock Off|[of] p2a: Thieving Drunk
|move|p1a: Alomomola|Mirror Coat||[still]
|-fail|p1a: Alomomola
|
|-damage|p2a: Thieving Drunk|53/100 brn|[from] brn
|upkeep
|turn|8
|j| Jey2
|
|t:|1757896512
|move|p2a: Thieving Drunk|U-turn|p1a: Alomomola
|-damage|p1a: Alomomola|67/100
|
|t:|1757896513
|switch|p2a: Depressed Drunk|Slowking-Galar, F|100/100|[from] U-turn
|move|p1a: Alomomola|Flip Turn|p2a: Depressed Drunk
|-damage|p2a: Depressed Drunk|88/100
|
|t:|1757896515
|switch|p1a: Landorus|Landorus-Therian, M|100/100|[from] Flip Turn
|-ability|p1a: Landorus|Intimidate|boost
|-unboost|p2a: Depressed Drunk|atk|1
|
|upkeep
|turn|9
|
|t:|1757896518
|move|p1a: Landorus|U-turn|p2a: Depressed Drunk
|-damage|p2a: Depressed Drunk|66/100
|
|t:|1757896521
|switch|p1a: Alomomola|Alomomola, F|99/100|[from] U-turn
|move|p2a: Depressed Drunk|Ice Beam|p1a: Alomomola
|-resisted|p1a: Alomomola
|-damage|p1a: Alomomola|91/100
|
|upkeep
|turn|10
|
|t:|1757896523
|move|p1a: Alomomola|Scald|p2a: Depressed Drunk
|-damage|p2a: Depressed Drunk|57/100
|-prepare|p2a: Depressed Drunk|Chilly Reception|[premajor]
|move|p2a: Depressed Drunk|Chilly Reception|p2a: Depressed Drunk
|-weather|Snowscape
|
|t:|1757896526
|switch|p2a: Ragnaraku|Kyurem|100/100|[from] Chilly Reception
|-ability|p2a: Ragnaraku|Pressure
|
|-weather|Snowscape|[upkeep]
|upkeep
|turn|11
|
|t:|1757896528
|move|p2a: Ragnaraku|Freeze-Dry|p1a: Alomomola
|-supereffective|p1a: Alomomola
|-damage|p1a: Alomomola|0 fnt
|faint|p1a: Alomomola
|
|-weather|Snowscape|[upkeep]
|upkeep
|
|t:|1757896534
|switch|p1a: Kyurem|Kyurem|100/100
|-ability|p1a: Kyurem|Pressure
|turn|12
|
|t:|1757896545
|switch|p2a: Boro Breath|Cinderace, M|100/100
|-terastallize|p1a: Kyurem|Ice
|move|p1a: Kyurem|Ice Beam|p2a: Boro Breath
|-resisted|p2a: Boro Breath
|-damage|p2a: Boro Breath|33/100
|
|-weather|Snowscape|[upkeep]
|upkeep
|turn|13
|
|t:|1757896549
|move|p2a: Boro Breath|Will-O-Wisp|p1a: Kyurem
|-status|p1a: Kyurem|brn
|move|p1a: Kyurem|Ice Beam|p2a: Boro Breath
|-resisted|p2a: Boro Breath
|-damage|p2a: Boro Breath|0 fnt
|faint|p2a: Boro Breath
|
|-weather|Snowscape|[upkeep]
|-damage|p1a: Kyurem|94/100 brn|[from] brn
|upkeep
|
|t:|1757896554
|switch|p2a: Ragnaraku|Kyurem|100/100
|-ability|p2a: Ragnaraku|Pressure
|turn|14
|
|t:|1757896556
|move|p1a: Kyurem|Ice Beam|p2a: Ragnaraku
|-damage|p2a: Ragnaraku|19/100
|move|p2a: Ragnaraku|Draco Meteor|p1a: Kyurem
|-damage|p1a: Kyurem|0 fnt
|-unboost|p2a: Ragnaraku|spa|2
|faint|p1a: Kyurem
|
|-weather|none
|upkeep
|
|t:|1757896564
|switch|p1a: Landorus|Landorus-Therian, M|100/100
|-ability|p1a: Landorus|Intimidate|boost
|-unboost|p2a: Ragnaraku|atk|1
|turn|15
|
|t:|1757896565
|switch|p2a: Thieving Drunk|Tornadus-Therian, M|86/100 brn
|move|p1a: Landorus|Stealth Rock|p2a: Thieving Drunk
|-sidestart|p2: KingKaido107|move: Stealth Rock
|
|-damage|p2a: Thieving Drunk|80/100 brn|[from] brn
|upkeep
|turn|16
|
|t:|1757896571
|move|p2a: Thieving Drunk|Bleakwind Storm|p1a: Landorus
|-damage|p1a: Landorus|49/100
|move|p1a: Landorus|U-turn|p2a: Thieving Drunk
|-resisted|p2a: Thieving Drunk
|-damage|p2a: Thieving Drunk|65/100 brn
|
|t:|1757896573
|switch|p1a: Corviknight|Corviknight, M|100/100|[from] U-turn
|-ability|p1a: Corviknight|Pressure
|
|-damage|p2a: Thieving Drunk|59/100 brn|[from] brn
|upkeep
|turn|17
|
|t:|1757896576
|move|p2a: Thieving Drunk|U-turn|p1a: Corviknight
|-resisted|p1a: Corviknight
|-damage|p1a: Corviknight|99/100
|-damage|p2a: Thieving Drunk|42/100 brn|[from] item: Rocky Helmet|[of] p1a: Corviknight
|
|t:|1757896577
|switch|p2a: Depressed Drunk|Slowking-Galar, F|90/100|[from] U-turn
|-damage|p2a: Depressed Drunk|77/100|[from] Stealth Rock
|move|p1a: Corviknight|Brave Bird|p2a: Depressed Drunk
|-damage|p2a: Depressed Drunk|48/100
|-damage|p1a: Corviknight|90/100|[from] Recoil
|
|upkeep
|turn|18
|
|t:|1757896579
|move|p1a: Corviknight|Brave Bird|p2a: Depressed Drunk
|-damage|p2a: Depressed Drunk|22/100
|-damage|p1a: Corviknight|81/100|[from] Recoil
|-prepare|p2a: Depressed Drunk|Chilly Reception|[premajor]
|move|p2a: Depressed Drunk|Chilly Reception|p2a: Depressed Drunk
|-weather|Snowscape
|
|t:|1757896582
|switch|p2a: Thieving Drunk|Tornadus-Therian, M|75/100 brn|[from] Chilly Reception
|
|-weather|Snowscape|[upkeep]
|-damage|p2a: Thieving Drunk|69/100 brn|[from] brn
|upkeep
|turn|19
|
|t:|1757896584
|move|p2a: Thieving Drunk|Bleakwind Storm|p1a: Corviknight
|-resisted|p1a: Corviknight
|-damage|p1a: Corviknight|62/100
|move|p1a: Corviknight|Brave Bird|p2a: Thieving Drunk
|-damage|p2a: Thieving Drunk|24/100 brn
|-damage|p1a: Corviknight|50/100|[from] Recoil
|
|-weather|Snowscape|[upkeep]
|-damage|p2a: Thieving Drunk|17/100 brn|[from] brn
|upkeep
|turn|20
|
|t:|1757896587
|move|p2a: Thieving Drunk|Taunt|p1a: Corviknight
|-start|p1a: Corviknight|move: Taunt
|move|p1a: Corviknight|Brave Bird|p2a: Thieving Drunk
|-damage|p2a: Thieving Drunk|0 fnt
|faint|p2a: Thieving Drunk
|-damage|p1a: Corviknight|45/100|[from] Recoil
|
|-weather|Snowscape|[upkeep]
|upkeep
|
|t:|1757896590
|switch|p2a: Raging Drunk|Kingambit, M|100/100
|-damage|p2a: Raging Drunk|94/100|[from] Stealth Rock
|-activate|p2a: Raging Drunk|ability: Supreme Overlord
|-start|p2a: Raging Drunk|fallen3|[silent]
|turn|21
|
|t:|1757896592
|move|p1a: Corviknight|U-turn|p2a: Raging Drunk
|-damage|p2a: Raging Drunk|83/100
|
|t:|1757896598
|switch|p1a: Zamazenta|Zamazenta|100/100|[from] U-turn
|-ability|p1a: Zamazenta|Dauntless Shield|boost
|-boost|p1a: Zamazenta|def|1
|move|p2a: Raging Drunk|Kowtow Cleave|p1a: Zamazenta
|-resisted|p1a: Zamazenta
|-damage|p1a: Zamazenta|80/100
|
|-weather|Snowscape|[upkeep]
|-heal|p1a: Zamazenta|86/100|[from] item: Leftovers
|upkeep
|turn|22
|
|t:|1757896602
|-end|p2a: Raging Drunk|fallen3|[silent]
|switch|p2a: Ragnaraku|Kyurem|19/100
|-damage|p2a: Ragnaraku|0 fnt|[from] Stealth Rock
|faint|p2a: Ragnaraku
|move|p1a: Zamazenta|Iron Defense|p1a: Zamazenta
|-boost|p1a: Zamazenta|def|2
|
|-weather|none
|-heal|p1a: Zamazenta|92/100|[from] item: Leftovers
|upkeep
|
|t:|1757896603
|switch|p2a: Depressed Drunk|Slowking-Galar, F|55/100
|-damage|p2a: Depressed Drunk|43/100|[from] Stealth Rock
|turn|23
|
|t:|1757896605
|move|p1a: Zamazenta|Substitute|p1a: Zamazenta
|-start|p1a: Zamazenta|Substitute
|-damage|p1a: Zamazenta|67/100
|move|p2a: Depressed Drunk|Sludge Bomb|p1a: Zamazenta
|-end|p1a: Zamazenta|Substitute
|
|-heal|p1a: Zamazenta|73/100|[from] item: Leftovers
|upkeep
|turn|24
|
|t:|1757896607
|move|p1a: Zamazenta|Crunch|p2a: Depressed Drunk
|-supereffective|p2a: Depressed Drunk
|-enditem|p2a: Depressed Drunk|Colbur Berry|[eat]
|-enditem|p2a: Depressed Drunk|Colbur Berry|[weaken]
|-damage|p2a: Depressed Drunk|25/100
|-unboost|p2a: Depressed Drunk|def|1
|move|p2a: Depressed Drunk|Sludge Bomb|p1a: Zamazenta
|-damage|p1a: Zamazenta|48/100
|-status|p1a: Zamazenta|psn
|
|-heal|p1a: Zamazenta|55/100 psn|[from] item: Leftovers
|-damage|p1a: Zamazenta|42/100 psn|[from] psn
|upkeep
|turn|25
|
|t:|1757896612
|move|p1a: Zamazenta|Body Press|p2a: Depressed Drunk
|-resisted|p2a: Depressed Drunk
|-damage|p2a: Depressed Drunk|2/100
|-prepare|p2a: Depressed Drunk|Chilly Reception|[premajor]
|move|p2a: Depressed Drunk|Chilly Reception|p2a: Depressed Drunk
|-weather|Snowscape
|
|t:|1757896613
|switch|p2a: Raging Drunk|Kingambit, M|83/100|[from] Chilly Reception
|-damage|p2a: Raging Drunk|77/100|[from] Stealth Rock
|-activate|p2a: Raging Drunk|ability: Supreme Overlord
|-start|p2a: Raging Drunk|fallen4|[silent]
|
|-weather|Snowscape|[upkeep]
|-heal|p1a: Zamazenta|48/100 psn|[from] item: Leftovers
|-damage|p1a: Zamazenta|36/100 psn|[from] psn
|upkeep
|turn|26
|
|t:|1757896620
|-end|p2a: Raging Drunk|fallen4|[silent]
|switch|p2a: Depressed Drunk|Slowking-Galar, F|36/100
|-damage|p2a: Depressed Drunk|23/100|[from] Stealth Rock
|move|p1a: Zamazenta|Body Press|p2a: Depressed Drunk
|-resisted|p2a: Depressed Drunk
|-damage|p2a: Depressed Drunk|9/100
|
|-weather|Snowscape|[upkeep]
|-heal|p1a: Zamazenta|42/100 psn|[from] item: Leftovers
|-damage|p1a: Zamazenta|30/100 psn|[from] psn
|upkeep
|turn|27
|
|t:|1757896624
|move|p1a: Zamazenta|Body Press|p2a: Depressed Drunk
|-resisted|p2a: Depressed Drunk
|-damage|p2a: Depressed Drunk|0 fnt
|faint|p2a: Depressed Drunk
|
|-weather|Snowscape|[upkeep]
|-heal|p1a: Zamazenta|36/100 psn|[from] item: Leftovers
|-damage|p1a: Zamazenta|24/100 psn|[from] psn
|upkeep
|
|t:|1757896626
|switch|p2a: Raging Drunk|Kingambit, M|77/100
|-damage|p2a: Raging Drunk|71/100|[from] Stealth Rock
|-activate|p2a: Raging Drunk|ability: Supreme Overlord
|-start|p2a: Raging Drunk|fallen5|[silent]
|turn|28
|
|t:|1757896631
|-terastallize|p2a: Raging Drunk|Dark
|move|p2a: Raging Drunk|Sucker Punch|p1a: Zamazenta
|-resisted|p1a: Zamazenta
|-damage|p1a: Zamazenta|8/100 psn
|move|p1a: Zamazenta|Crunch|p2a: Raging Drunk
|-resisted|p2a: Raging Drunk
|-damage|p2a: Raging Drunk|63/100
|
|-weather|Snowscape|[upkeep]
|-heal|p1a: Zamazenta|14/100 psn|[from] item: Leftovers
|-damage|p1a: Zamazenta|2/100 psn|[from] psn
|upkeep
|turn|29
|
|t:|1757896634
|move|p2a: Raging Drunk|Sucker Punch|p1a: Zamazenta
|-resisted|p1a: Zamazenta
|-damage|p1a: Zamazenta|0 fnt
|faint|p1a: Zamazenta
|
|-weather|none
|upkeep
|
|t:|1757896636
|switch|p1a: Landorus|Landorus-Therian, M|49/100
|-ability|p1a: Landorus|Intimidate|boost
|-unboost|p2a: Raging Drunk|atk|1
|turn|30
|
|t:|1757896638
|switch|p1a: Corviknight|Corviknight, M|45/100
|-ability|p1a: Corviknight|Pressure
|move|p2a: Raging Drunk|Swords Dance|p2a: Raging Drunk
|-boost|p2a: Raging Drunk|atk|2
|
|upkeep
|turn|31
|
|t:|1757896640
|move|p1a: Corviknight|Brave Bird|p2a: Raging Drunk
|-damage|p2a: Raging Drunk|32/100
|-damage|p1a: Corviknight|36/100|[from] Recoil
|move|p2a: Raging Drunk|Kowtow Cleave|p1a: Corviknight
|-damage|p1a: Corviknight|0 fnt
|-damage|p2a: Raging Drunk|16/100|[from] item: Rocky Helmet|[of] p1a: Corviknight
|faint|p1a: Corviknight
|
|upkeep
|
|t:|1757896641
|switch|p1a: Landorus|Landorus-Therian, M|49/100
|-ability|p1a: Landorus|Intimidate|boost
|-unboost|p2a: Raging Drunk|atk|1
|turn|32
|
|t:|1757896645
|move|p2a: Raging Drunk|Sucker Punch||[still]
|-fail|p2a: Raging Drunk
|move|p1a: Landorus|Stealth Rock||[still]
|-fail|p1a: Landorus
|
|upkeep
|turn|33
|
|t:|1757896647
|move|p2a: Raging Drunk|Sucker Punch||[still]
|-fail|p2a: Raging Drunk
|move|p1a: Landorus|Taunt|p2a: Raging Drunk
|-start|p2a: Raging Drunk|move: Taunt
|
|upkeep
|turn|34
|
|t:|1757896649
|move|p2a: Raging Drunk|Sucker Punch||[still]
|-fail|p2a: Raging Drunk
|move|p1a: Landorus|Stealth Rock||[still]
|-fail|p1a: Landorus
|
|upkeep
|turn|35
|
|t:|1757896651
|move|p1a: Landorus|Stealth Rock||[still]
|-fail|p1a: Landorus
|move|p2a: Raging Drunk|Kowtow Cleave|p1a: Landorus
|-damage|p1a: Landorus|0 fnt
|-damage|p2a: Raging Drunk|0 fnt|[from] item: Rocky Helmet|[of] p1a: Landorus
|faint|p1a: Landorus
|faint|p2a: Raging Drunk
|-end|p2a: Raging Drunk|fallen5|[silent]
|
|win|KingKaido107
|raw|Flex Plays Only's rating: 1794 &rarr; <strong>1774</strong><br />(-20 for losing)
|raw|KingKaido107's rating: 1800 &rarr; <strong>1820</strong><br />(+20 for winning)
|l|☆Flex Plays Only
|player|p1|
|l|☆KingKaido107
|player|p2|
|l| Misfortune100
|l| Jey2
