|badge|p2|bronze|gen9ou|100-6
|uhtml|medal-msg|<div class="broadcast-blue">Curious what those medals under the avatar are? PS now has Ladder Seasons! For more information, check out the <a href="https://www.smogon.com/forums/threads/3740067/">thread on Smogon.</a></div>
|j|☆kshuaib734
|j|☆peewee mcgee xxx
|t:|1757856262
|gametype|singles
|player|p1|kshuaib734|steven|1567
|player|p2|peewee mcgee xxx|102|1820
|gen|9
|tier|[Gen 9] OU
|rated|
|rule|HP Percentage Mod: HP is shown in percentages
|rule|Endless Battle Clause: Forcing endless battles is banned
|rule|Species Clause: Limit one of each Pokémon
|rule|OHKO Clause: OHKO moves are banned
|rule|Evasion Items Clause: Evasion items are banned
|rule|Evasion Moves Clause: Evasion moves are banned
|rule|Evasion Abilities Clause: Evasion abilities are banned
|rule|Sleep Moves Clause: Sleep-inducing moves are banned
|clearpoke
|poke|p1|Tyranitar, F|
|poke|p1|Overqwil, M|
|poke|p1|Pelipper, F|
|poke|p1|Quaquaval, M|
|poke|p1|Kingdra, M|
|poke|p1|Excadrill, F|
|poke|p2|Alomomola, F|
|poke|p2|Sinistcha-Masterpiece|
|poke|p2|Scizor, M|
|poke|p2|Cinderace, M|
|poke|p2|Zamazenta-*|
|poke|p2|Kyurem|
|teampreview
|inactive|Battle timer is ON: inactive players will automatically lose when time's up. (requested by kshuaib734)
|
|t:|1757856268
|teamsize|p1|6
|teamsize|p2|6
|start
|switch|p1a: King Tyrant|Tyranitar, F|100/100
|switch|p2a: Kyurem|Kyurem|100/100
|-ability|p2a: Kyurem|Pressure
|-weather|Sandstorm|[from] ability: Sand Stream|[of] p1a: King Tyrant
|turn|1
|
|t:|1757856279
|switch|p2a: Scizor|Scizor, M|100/100
|move|p1a: King Tyrant|Knock Off|p2a: Scizor
|-damage|p2a: Scizor|58/100
|-enditem|p2a: Scizor|Choice Band|[from] move: Knock Off|[of] p1a: King Tyrant
|
|-weather|Sandstorm|[upkeep]
|upkeep
|turn|2
|
|t:|1757856287
|move|p2a: Scizor|U-turn|p1a: King Tyrant
|-supereffective|p1a: King Tyrant
|-damage|p1a: King Tyrant|41/100
|-enditem|p1a: King Tyrant|Weakness Policy
|-boost|p1a: King Tyrant|atk|2|[from] item: Weakness Policy
|-boost|p1a: King Tyrant|spa|2|[from] item: Weakness Policy
|
|t:|1757856300
|switch|p2a: Alomomola|Alomomola, F|100/100|[from] U-turn
|move|p1a: King Tyrant|Stealth Rock|p2a: Alomomola
|-sidestart|p2: peewee mcgee xxx|move: Stealth Rock
|
|-weather|Sandstorm|[upkeep]
|-damage|p2a: Alomomola|94/100|[from] Sandstorm
|upkeep
|turn|3
|
|t:|1757856315
|move|p1a: King Tyrant|Thunderbolt|p2a: Alomomola
|-supereffective|p2a: Alomomola
|-crit|p2a: Alomomola
|-damage|p2a: Alomomola|18/100
|move|p2a: Alomomola|Flip Turn|p1a: King Tyrant
|-supereffective|p1a: King Tyrant
|-damage|p1a: King Tyrant|19/100
|
|t:|1757856318
|switch|p2a: Scizor|Scizor, M|58/100|[from] Flip Turn
|-damage|p2a: Scizor|45/100|[from] Stealth Rock
|
|-weather|Sandstorm|[upkeep]
|upkeep
|turn|4
|
|t:|1757856326
|move|p2a: Scizor|Bullet Punch|p1a: King Tyrant
|-supereffective|p1a: King Tyrant
|-damage|p1a: King Tyrant|0 fnt
|faint|p1a: King Tyrant
|
|-weather|Sandstorm|[upkeep]
|upkeep
|
|t:|1757856333
|switch|p1a: Tyrant's Enforcer|Overqwil, M|100/100
|turn|5
|
|t:|1757856338
|move|p2a: Scizor|Bullet Punch|p1a: Tyrant's Enforcer
|-crit|p1a: Tyrant's Enforcer
|-damage|p1a: Tyrant's Enforcer|46/100
|-damage|p2a: Scizor|29/100|[from] item: Rocky Helmet|[of] p1a: Tyrant's Enforcer
|move|p1a: Tyrant's Enforcer|Spikes|p2a: Scizor
|-sidestart|p2: peewee mcgee xxx|Spikes
|
|-weather|none
|upkeep
|turn|6
|
|t:|1757856345
|switch|p1a: Tyrant's Downpour|Pelipper, F|100/100
|-weather|RainDance|[from] ability: Drizzle|[of] p1a: Tyrant's Downpour
|move|p2a: Scizor|Bullet Punch|p1a: Tyrant's Downpour
|-resisted|p1a: Tyrant's Downpour
|-damage|p1a: Tyrant's Downpour|88/100
|
|-weather|RainDance|[upkeep]
|upkeep
|turn|7
|
|t:|1757856355
|move|p2a: Scizor|Knock Off|p1a: Tyrant's Downpour
|-damage|p1a: Tyrant's Downpour|58/100
|-enditem|p1a: Tyrant's Downpour|Damp Rock|[from] move: Knock Off|[of] p2a: Scizor
|move|p1a: Tyrant's Downpour|U-turn|p2a: Scizor
|-resisted|p2a: Scizor
|-damage|p2a: Scizor|24/100
|
|t:|1757856366
|switch|p1a: Tyrant's Endgame|Quaquaval, M|100/100|[from] U-turn
|
|-weather|RainDance|[upkeep]
|upkeep
|turn|8
|
|t:|1757856372
|move|p1a: Tyrant's Endgame|Aqua Step|p2a: Scizor
|-damage|p2a: Scizor|0 fnt
|-boost|p1a: Tyrant's Endgame|spe|1
|faint|p2a: Scizor
|-ability|p1a: Tyrant's Endgame|Moxie|boost
|-boost|p1a: Tyrant's Endgame|atk|1
|-damage|p1a: Tyrant's Endgame|91/100|[from] item: Life Orb
|
|-weather|RainDance|[upkeep]
|upkeep
|
|t:|1757856374
|switch|p2a: Sinistcha|Sinistcha-Masterpiece|100/100
|-damage|p2a: Sinistcha|88/100|[from] Stealth Rock
|-damage|p2a: Sinistcha|76/100|[from] Spikes
|turn|9
|
|t:|1757856385
|-terastallize|p1a: Tyrant's Endgame|Water
|move|p1a: Tyrant's Endgame|Wave Crash|p2a: Sinistcha
|-resisted|p2a: Sinistcha
|-damage|p2a: Sinistcha|0 fnt
|faint|p2a: Sinistcha
|-ability|p1a: Tyrant's Endgame|Moxie|boost
|-boost|p1a: Tyrant's Endgame|atk|1
|-damage|p1a: Tyrant's Endgame|63/100|[from] Recoil
|-damage|p1a: Tyrant's Endgame|53/100|[from] item: Life Orb
|
|-weather|RainDance|[upkeep]
|upkeep
|inactive|peewee mcgee xxx has 120 seconds left.
|
|t:|1757856422
|switch|p2a: Cinderace|Cinderace, M|100/100
|turn|10
|
|t:|1757856425
|move|p1a: Tyrant's Endgame|Aqua Jet|p2a: Cinderace
|-supereffective|p2a: Cinderace
|-damage|p2a: Cinderace|0 fnt
|faint|p2a: Cinderace
|-ability|p1a: Tyrant's Endgame|Moxie|boost
|-boost|p1a: Tyrant's Endgame|atk|1
|-damage|p1a: Tyrant's Endgame|43/100|[from] item: Life Orb
|
|-weather|RainDance|[upkeep]
|upkeep
|
|t:|1757856432
|switch|p2a: Zamazenta|Zamazenta|100/100
|-damage|p2a: Zamazenta|94/100|[from] Stealth Rock
|-damage|p2a: Zamazenta|82/100|[from] Spikes
|-ability|p2a: Zamazenta|Dauntless Shield|boost
|-boost|p2a: Zamazenta|def|1
|turn|11
|
|t:|1757856438
|switch|p2a: Kyurem|Kyurem|100/100
|-damage|p2a: Kyurem|76/100|[from] Stealth Rock
|-damage|p2a: Kyurem|63/100|[from] Spikes
|-ability|p2a: Kyurem|Pressure
|move|p1a: Tyrant's Endgame|Aqua Jet|p2a: Kyurem
|-resisted|p2a: Kyurem
|-damage|p2a: Kyurem|0 fnt
|faint|p2a: Kyurem
|-ability|p1a: Tyrant's Endgame|Moxie|boost
|-boost|p1a: Tyrant's Endgame|atk|1
|-damage|p1a: Tyrant's Endgame|34/100|[from] item: Life Orb
|
|-weather|RainDance|[upkeep]
|upkeep
|
|t:|1757856447
|switch|p2a: Alomomola|Alomomola, F|51/100
|-damage|p2a: Alomomola|39/100|[from] Stealth Rock
|-damage|p2a: Alomomola|26/100|[from] Spikes
|turn|12
|
|t:|1757856454
|move|p2a: Alomomola|Aqua Jet|p1a: Tyrant's Endgame
|-resisted|p1a: Tyrant's Endgame
|-damage|p1a: Tyrant's Endgame|22/100
|move|p1a: Tyrant's Endgame|Aqua Step|p2a: Alomomola
|-resisted|p2a: Alomomola
|-damage|p2a: Alomomola|0 fnt
|-boost|p1a: Tyrant's Endgame|spe|1
|faint|p2a: Alomomola
|-ability|p1a: Tyrant's Endgame|Moxie|boost
|-boost|p1a: Tyrant's Endgame|atk|1
|-damage|p1a: Tyrant's Endgame|12/100|[from] item: Life Orb
|
|-weather|RainDance|[upkeep]
|upkeep
|
|t:|1757856461
|switch|p2a: Zamazenta|Zamazenta|82/100
|-damage|p2a: Zamazenta|76/100|[from] Stealth Rock
|-damage|p2a: Zamazenta|63/100|[from] Spikes
|turn|13
|
|t:|1757856471
|move|p1a: Tyrant's Endgame|Aqua Step|p2a: Zamazenta
|-damage|p2a: Zamazenta|0 fnt
|-boost|p1a: Tyrant's Endgame|spe|1
|faint|p2a: Zamazenta
|-damage|p1a: Tyrant's Endgame|2/100|[from] item: Life Orb
|
|win|kshuaib734
|raw|kshuaib734's rating: 1567 &rarr; <strong>1599</strong><br />(+32 for winning)
|raw|peewee mcgee xxx's rating: 1820 &rarr; <strong>1788</strong><br />(-32 for losing)
|l|☆peewee mcgee xxx
|player|p2|
|l|☆kshuaib734
|player|p1|
