|badge|p2|bronze|gen9ou|100-6
|uhtml|medal-msg|<div class="broadcast-blue">Curious what those medals under the avatar are? PS now has Ladder Seasons! For more information, check out the <a href="https://www.smogon.com/forums/threads/3740067/">thread on Smogon.</a></div>
|j|☆3idk
|j|☆Johnny tots
|t:|1757861220
|gametype|singles
|player|p1|3idk|lusamine-masters|1722
|player|p2|Johnny tots|2|1815
|gen|9
|tier|[Gen 9] OU
|rated|
|rule|HP Percentage Mod: HP is shown in percentages
|rule|Endless Battle Clause: Forcing endless battles is banned
|rule|Species Clause: Limit one of each Pokémon
|rule|OHKO Clause: OHKO moves are banned
|rule|Evasion Items Clause: Evasion items are banned
|rule|Evasion Moves Clause: Evasion moves are banned
|rule|Evasion Abilities Clause: Evasion abilities are banned
|rule|Sleep Moves Clause: Sleep-inducing moves are banned
|clearpoke
|poke|p1|Tyranitar, M|
|poke|p1|Excadrill, M|
|poke|p1|Keldeo-Resolute|
|poke|p1|Tornadus-Therian, M|
|poke|p1|Heatran, F|
|poke|p1|Hydrapple, M|
|poke|p2|Klefki, F|
|poke|p2|Manaphy|
|poke|p2|Kyurem|
|poke|p2|Cinderace, M|
|poke|p2|Iron Valiant|
|poke|p2|Clefable, M|
|teampreview
|inactive|Battle timer is ON: inactive players will automatically lose when time's up. (requested by 3idk)
|c|☆Johnny tots|Gl
|inactive|3idk has 120 seconds left.
|inactive|3idk has 90 seconds left.
|
|t:|1757861297
|teamsize|p1|6
|teamsize|p2|6
|start
|switch|p1a: Heatran|Heatran, F|100/100
|switch|p2a: Klefki|Klefki, F|100/100
|turn|1
|j| wgw2333
|j| jxnsksnsksn
|inactive|Johnny tots has 120 seconds left.
|l| wgw2333
|j| wgw2333
|l| wgw2333
|inactive|Johnny tots has 90 seconds left.
|j| Disscratch
|inactive|Johnny tots has 60 seconds left.
|inactive|Johnny tots has 30 seconds left.
|l|☆3idk
|inactive|3idk disconnected and has a minute to reconnect!
|player|p1|
|inactive|Johnny tots has 20 seconds left.
|
|t:|1757861428
|switch|p2a: Manaphy|Manaphy|100/100
|move|p1a: Heatran|Magma Storm|p2a: Manaphy
|-resisted|p2a: Manaphy
|-damage|p2a: Manaphy|82/100
|-activate|p2a: Manaphy|move: Magma Storm|[of] p1a: Heatran
|
|-heal|p2a: Manaphy|88/100|[from] item: Leftovers
|-damage|p2a: Manaphy|76/100|[from] move: Magma Storm|[partiallytrapped]
|upkeep
|turn|2
|inactive|Johnny tots has 30 seconds left this turn.
|inactive|3idk has 30 seconds to reconnect!
|inactive|3idk has 20 seconds to reconnect!
|j|☆3idk
|inactive|3idk reconnected and has 110 seconds left.
|player|p1|3idk|lusamine-masters|
|
|t:|1757861477
|switch|p1a: Keldeo|Keldeo-Resolute|100/100
|move|p2a: Manaphy|Take Heart|p2a: Manaphy
|-boost|p2a: Manaphy|spa|1
|-boost|p2a: Manaphy|spd|1
|
|-heal|p2a: Manaphy|82/100|[from] item: Leftovers
|-end|p2a: Manaphy|Magma Storm|[partiallytrapped]|[silent]
|upkeep
|turn|3
|inactive|Johnny tots has 30 seconds left.
|inactive|Johnny tots has 20 seconds left.
|
|t:|1757861498
|switch|p2a: Clefable|Clefable, M|100/100
|move|p1a: Keldeo|Secret Sword|p2a: Clefable
|-resisted|p2a: Clefable
|-damage|p2a: Clefable|68/100
|
|-heal|p2a: Clefable|74/100|[from] item: Leftovers
|upkeep
|turn|4
|inactive|Johnny tots has 30 seconds left this turn.
|
|t:|1757861506
|switch|p1a: Excadrill|Excadrill, M|100/100
|-item|p1a: Excadrill|Air Balloon
|move|p2a: Clefable|Calm Mind|p2a: Clefable
|-boost|p2a: Clefable|spa|1
|-boost|p2a: Clefable|spd|1
|
|-heal|p2a: Clefable|80/100|[from] item: Leftovers
|upkeep
|turn|5
|inactive|Johnny tots has 30 seconds left.
|
|t:|1757861523
|switch|p2a: Manaphy|Manaphy|82/100
|move|p1a: Excadrill|Earthquake|p2a: Manaphy
|-damage|p2a: Manaphy|34/100
|
|-heal|p2a: Manaphy|40/100|[from] item: Leftovers
|upkeep
|turn|6
|inactive|Johnny tots has 30 seconds left.
|
|t:|1757861536
|switch|p1a: Keldeo|Keldeo-Resolute|100/100
|move|p2a: Manaphy|Scald|p1a: Keldeo
|-resisted|p1a: Keldeo
|-damage|p1a: Keldeo|76/100
|
|-heal|p2a: Manaphy|46/100|[from] item: Leftovers
|upkeep
|turn|7
|
|t:|1757861545
|switch|p2a: Clefable|Clefable, M|80/100
|move|p1a: Keldeo|Secret Sword|p2a: Clefable
|-resisted|p2a: Clefable
|-damage|p2a: Clefable|49/100
|
|-heal|p2a: Clefable|55/100|[from] item: Leftovers
|upkeep
|turn|8
|inactive|3idk has 120 seconds left.
|
|t:|1757861554
|switch|p1a: Excadrill|Excadrill, M|100/100
|-item|p1a: Excadrill|Air Balloon
|move|p2a: Clefable|Calm Mind|p2a: Clefable
|-boost|p2a: Clefable|spa|1
|-boost|p2a: Clefable|spd|1
|
|-heal|p2a: Clefable|61/100|[from] item: Leftovers
|upkeep
|turn|9
|inactive|3idk has 120 seconds left.
|
|t:|1757861564
|move|p1a: Excadrill|Earthquake|p2a: Clefable
|-damage|p2a: Clefable|2/100
|move|p2a: Clefable|Fire Blast|p1a: Excadrill
|-supereffective|p1a: Excadrill
|-damage|p1a: Excadrill|0 fnt
|-enditem|p1a: Excadrill|Air Balloon
|faint|p1a: Excadrill
|
|-heal|p2a: Clefable|8/100|[from] item: Leftovers
|upkeep
|inactive|3idk has 120 seconds left.
|
|t:|1757861574
|switch|p1a: Keldeo|Keldeo-Resolute|76/100
|turn|10
|
|t:|1757861578
|move|p1a: Keldeo|Secret Sword|p2a: Clefable
|-resisted|p2a: Clefable
|-damage|p2a: Clefable|0 fnt
|faint|p2a: Clefable
|
|upkeep
|j| powerpuff moves
|inactive|Johnny tots has 60 seconds left.
|
|t:|1757861614
|switch|p2a: Klefki|Klefki, F|100/100
|turn|11
|
|t:|1757861624
|move|p2a: Klefki|Light Screen|p2a: Klefki
|-sidestart|p2: Johnny tots|move: Light Screen
|move|p1a: Keldeo|Secret Sword|p2a: Klefki
|-damage|p2a: Klefki|73/100
|
|upkeep
|turn|12
|
|t:|1757861633
|switch|p1a: Heatran|Heatran, F|100/100
|move|p2a: Klefki|Reflect|p2a: Klefki
|-sidestart|p2: Johnny tots|Reflect
|
|upkeep
|turn|13
|
|t:|1757861639
|move|p2a: Klefki|Thunder Wave|p1a: Heatran
|-status|p1a: Heatran|par
|move|p1a: Heatran|Taunt|p2a: Klefki
|-start|p2a: Klefki|move: Taunt
|
|upkeep
|turn|14
|
|t:|1757861645
|switch|p2a: Manaphy|Manaphy|46/100
|move|p1a: Heatran|Magma Storm|p2a: Manaphy|[miss]
|-miss|p1a: Heatran|p2a: Manaphy
|
|-heal|p2a: Manaphy|52/100|[from] item: Leftovers
|upkeep
|turn|15
|
|t:|1757861650
|move|p2a: Manaphy|Take Heart|p2a: Manaphy
|-boost|p2a: Manaphy|spa|1
|-boost|p2a: Manaphy|spd|1
|move|p1a: Heatran|Taunt|p2a: Manaphy
|-start|p2a: Manaphy|move: Taunt
|
|-heal|p2a: Manaphy|58/100|[from] item: Leftovers
|upkeep
|turn|16
|
|t:|1757861654
|switch|p1a: Tornadus|Tornadus-Therian, M|100/100
|move|p2a: Manaphy|Scald|p1a: Tornadus
|-damage|p1a: Tornadus|38/100
|-status|p1a: Tornadus|brn
|
|-heal|p2a: Manaphy|65/100|[from] item: Leftovers
|-damage|p1a: Tornadus|32/100 brn|[from] brn
|upkeep
|turn|17
|
|t:|1757861660
|move|p1a: Tornadus|U-turn|p2a: Manaphy
|-damage|p2a: Manaphy|62/100
|
|t:|1757861664
|switch|p1a: Keldeo|Keldeo-Resolute|76/100|[from] U-turn
|move|p2a: Manaphy|Scald|p1a: Keldeo
|-resisted|p1a: Keldeo
|-damage|p1a: Keldeo|46/100
|-status|p1a: Keldeo|brn
|
|-heal|p2a: Manaphy|68/100|[from] item: Leftovers
|-damage|p1a: Keldeo|40/100 brn|[from] brn
|upkeep
|turn|18
|
|t:|1757861677
|move|p1a: Keldeo|Secret Sword|p2a: Manaphy
|-damage|p2a: Manaphy|41/100
|move|p2a: Manaphy|Stored Power|p1a: Keldeo
|-supereffective|p1a: Keldeo
|-damage|p1a: Keldeo|0 fnt
|faint|p1a: Keldeo
|
|-heal|p2a: Manaphy|47/100|[from] item: Leftovers
|-end|p2a: Manaphy|move: Taunt
|-sideend|p2: Johnny tots|move: Light Screen
|upkeep
|
|t:|1757861684
|switch|p1a: Tyranitar|Tyranitar, M|100/100
|-weather|Sandstorm|[from] ability: Sand Stream|[of] p1a: Tyranitar
|turn|19
|
|t:|1757861688
|move|p2a: Manaphy|Scald|p1a: Tyranitar
|-supereffective|p1a: Tyranitar
|-damage|p1a: Tyranitar|30/100
|move|p1a: Tyranitar|Knock Off|p2a: Manaphy
|-damage|p2a: Manaphy|12/100
|-enditem|p2a: Manaphy|Leftovers|[from] move: Knock Off|[of] p1a: Tyranitar
|
|-weather|Sandstorm|[upkeep]
|-damage|p2a: Manaphy|6/100|[from] Sandstorm
|-sideend|p2: Johnny tots|Reflect
|upkeep
|turn|20
|inactive|Johnny tots has 120 seconds left.
|
|t:|1757861695
|switch|p1a: Tornadus|Tornadus-Therian, M|65/100 brn
|move|p2a: Manaphy|Scald|p1a: Tornadus
|-damage|p1a: Tornadus|9/100 brn
|
|-weather|Sandstorm|[upkeep]
|-damage|p1a: Tornadus|2/100 brn|[from] Sandstorm
|-damage|p2a: Manaphy|0 fnt|[from] Sandstorm
|faint|p2a: Manaphy
|-damage|p1a: Tornadus|0 fnt|[from] brn
|faint|p1a: Tornadus
|upkeep
|inactive|Johnny tots has 120 seconds left.
|j| wgw2333
|
|t:|1757861706
|switch|p1a: Heatran|Heatran, F|100/100 par
|switch|p2a: Klefki|Klefki, F|73/100
|turn|21
|
|t:|1757861711
|move|p2a: Klefki|Light Screen|p2a: Klefki
|-sidestart|p2: Johnny tots|move: Light Screen
|cant|p1a: Heatran|par
|
|-weather|Sandstorm|[upkeep]
|upkeep
|turn|22
|
|t:|1757861716
|move|p2a: Klefki|Reflect|p2a: Klefki
|-sidestart|p2: Johnny tots|Reflect
|cant|p1a: Heatran|par
|
|-weather|Sandstorm|[upkeep]
|upkeep
|turn|23
|
|t:|1757861724
|move|p2a: Klefki|Spikes|p1a: Heatran
|-sidestart|p1: 3idk|Spikes
|cant|p1a: Heatran|par
|
|-weather|none
|upkeep
|turn|24
|c|☆Johnny tots|Makes sense
|c|☆3idk|take your time tran
|
|t:|1757861747
|switch|p2a: Cinderace|Cinderace, M|100/100
|move|p1a: Heatran|Taunt|p2a: Cinderace
|-start|p2a: Cinderace|move: Taunt
|
|upkeep
|turn|25
|
|t:|1757861753
|switch|p1a: Hydrapple|Hydrapple, M|100/100
|-damage|p1a: Hydrapple|88/100|[from] Spikes
|move|p2a: Cinderace|Pyro Ball|p1a: Hydrapple
|-damage|p1a: Hydrapple|57/100
|
|upkeep
|turn|26
|
|t:|1757861766
|switch|p2a: Iron Valiant|Iron Valiant|100/100
|-enditem|p2a: Iron Valiant|Booster Energy
|-activate|p2a: Iron Valiant|ability: Quark Drive|[fromitem]
|-start|p2a: Iron Valiant|quarkdrivespe
|move|p1a: Hydrapple|Earth Power|p2a: Iron Valiant
|-damage|p2a: Iron Valiant|78/100
|
|upkeep
|turn|27
|
|t:|1757861771
|switch|p1a: Heatran|Heatran, F|100/100 par
|-damage|p1a: Heatran|88/100 par|[from] Spikes
|move|p2a: Iron Valiant|Calm Mind|p2a: Iron Valiant
|-boost|p2a: Iron Valiant|spa|1
|-boost|p2a: Iron Valiant|spd|1
|
|-heal|p1a: Heatran|94/100 par|[from] item: Leftovers
|upkeep
|turn|28
|
|t:|1757861780
|move|p2a: Iron Valiant|Aura Sphere|p1a: Heatran
|-supereffective|p1a: Heatran
|-damage|p1a: Heatran|13/100 par
|move|p1a: Heatran|Magma Storm|p2a: Iron Valiant|[miss]
|-miss|p1a: Heatran|p2a: Iron Valiant
|
|-heal|p1a: Heatran|19/100 par|[from] item: Leftovers
|-sideend|p2: Johnny tots|move: Light Screen
|upkeep
|turn|29
|c|☆3idk|ggs
|c|☆3idk|not my day
|c|☆Johnny tots|Ya my b
|-message|3idk forfeited.
|
|win|Johnny tots
|raw|3idk's rating: 1722 &rarr; <strong>1707</strong><br />(-15 for losing)
|raw|Johnny tots's rating: 1815 &rarr; <strong>1830</strong><br />(+15 for winning)
|l|☆3idk
|player|p1|
|l|☆Johnny tots
|player|p2|
|l| Disscratch
|l| jxnsksnsksn
