|j|☆owl_with_scarf
|j|☆KnockOffx2
|t:|1757895483
|gametype|singles
|player|p1|owl_with_scarf|#owlwithscarf|1562
|player|p2|KnockOffx2|burglar|1675
|gen|9
|tier|[Gen 9] OU
|rated|
|rule|HP Percentage Mod: HP is shown in percentages
|rule|Endless Battle Clause: Forcing endless battles is banned
|rule|Species Clause: Limit one of each Pokémon
|rule|OHKO Clause: OHKO moves are banned
|rule|Evasion Items Clause: Evasion items are banned
|rule|Evasion Moves Clause: Evasion moves are banned
|rule|Evasion Abilities Clause: Evasion abilities are banned
|rule|Sleep Moves Clause: Sleep-inducing moves are banned
|clearpoke
|poke|p1|Slowking, F|
|poke|p1|Hatterene, F|
|poke|p1|Raging Bolt|
|poke|p1|Comfey, F|
|poke|p1|Kingambit, F|
|poke|p1|Hydrapple, M|
|poke|p2|Darkrai|
|poke|p2|Dragapult, M|
|poke|p2|Enamorus, F|
|poke|p2|Landorus-Therian, M|
|poke|p2|Cinderace, M|
|poke|p2|Slowking-Galar, M|
|teampreview
|inactive|Battle timer is ON: inactive players will automatically lose when time's up. (requested by owl_with_scarf)
|
|t:|1757895494
|teamsize|p1|6
|teamsize|p2|6
|start
|switch|p1a: Slowking|Slowking, F|100/100
|switch|p2a: Slowking|Slowking-Galar, M|100/100
|turn|1
|
|t:|1757895498
|move|p2a: Slowking|Sludge Bomb|p1a: Slowking
|-damage|p1a: Slowking|67/100
|-status|p1a: Slowking|psn
|move|p1a: Slowking|Scald|p2a: Slowking
|-damage|p2a: Slowking|80/100
|
|-damage|p1a: Slowking|55/100 psn|[from] psn
|upkeep
|turn|2
|
|t:|1757895506
|move|p2a: Slowking|Flamethrower|p1a: Slowking
|-resisted|p1a: Slowking
|-damage|p1a: Slowking|44/100 psn
|move|p1a: Slowking|Scald|p2a: Slowking
|-damage|p2a: Slowking|61/100
|-status|p2a: Slowking|brn
|
|-damage|p1a: Slowking|32/100 psn|[from] psn
|-damage|p2a: Slowking|55/100 brn|[from] brn
|upkeep
|turn|3
|
|t:|1757895511
|move|p2a: Slowking|Flamethrower|p1a: Slowking
|-resisted|p1a: Slowking
|-damage|p1a: Slowking|20/100 psn
|move|p1a: Slowking|Scald|p2a: Slowking
|-damage|p2a: Slowking|37/100 brn
|
|-damage|p1a: Slowking|8/100 psn|[from] psn
|-damage|p2a: Slowking|31/100 brn|[from] brn
|upkeep
|turn|4
|
|t:|1757895523
|switch|p1a: Kingambit|Kingambit, F|100/100
|move|p2a: Slowking|Sludge Bomb|p1a: Kingambit
|-immune|p1a: Kingambit
|
|-damage|p2a: Slowking|25/100 brn|[from] brn
|upkeep
|turn|5
|inactive|owl_with_scarf has 120 seconds left.
|
|t:|1757895560
|switch|p2a: Landorus|Landorus-Therian, M|100/100
|-ability|p2a: Landorus|Intimidate|boost
|-unboost|p1a: Kingambit|atk|1
|move|p1a: Kingambit|Iron Head|p2a: Landorus
|-damage|p2a: Landorus|71/100
|-damage|p1a: Kingambit|84/100|[from] item: Rocky Helmet|[of] p2a: Landorus
|
|upkeep
|turn|6
|
|t:|1757895567
|-end|p1a: Kingambit|fallenundefined|[silent]
|switch|p1a: Hydrapple|Hydrapple, M, shiny|100/100
|move|p2a: Landorus|U-turn|p1a: Hydrapple
|-supereffective|p1a: Hydrapple
|-damage|p1a: Hydrapple|70/100
|-damage|p2a: Landorus|55/100|[from] item: Rocky Helmet|[of] p1a: Hydrapple
|
|t:|1757895580
|switch|p2a: Enamorus|Enamorus, F|100/100|[from] U-turn
|
|upkeep
|turn|7
|
|t:|1757895597
|switch|p1a: Slowking|Slowking, F|41/100 psn
|move|p2a: Enamorus|Moonblast|p1a: Slowking
|-damage|p1a: Slowking|0 fnt
|faint|p1a: Slowking
|
|upkeep
|
|t:|1757895601
|switch|p1a: Raging Bolt|Raging Bolt|100/100
|-enditem|p1a: Raging Bolt|Booster Energy
|-activate|p1a: Raging Bolt|ability: Protosynthesis|[fromitem]
|-start|p1a: Raging Bolt|protosynthesisspa
|turn|8
|
|t:|1757895607
|switch|p2a: Landorus|Landorus-Therian, M|55/100
|-ability|p2a: Landorus|Intimidate|boost
|-unboost|p1a: Raging Bolt|atk|1
|move|p1a: Raging Bolt|Dragon Pulse|p2a: Landorus
|-damage|p2a: Landorus|0 fnt
|faint|p2a: Landorus
|
|upkeep
|
|t:|1757895625
|switch|p2a: Dragapult|Dragapult, M|100/100
|turn|9
|
|t:|1757895631
|move|p2a: Dragapult|Shadow Ball|p1a: Raging Bolt
|-damage|p1a: Raging Bolt|64/100
|-damage|p2a: Dragapult|91/100|[from] item: Life Orb
|move|p1a: Raging Bolt|Dragon Pulse|p2a: Dragapult
|-supereffective|p2a: Dragapult
|-damage|p2a: Dragapult|0 fnt
|faint|p2a: Dragapult
|
|upkeep
|
|t:|1757895640
|switch|p2a: Slowking|Slowking-Galar, M|58/100 brn
|turn|10
|
|t:|1757895643
|move|p1a: Raging Bolt|Thunderbolt|p2a: Slowking
|-damage|p2a: Slowking|25/100 brn
|move|p2a: Slowking|Ice Beam|p1a: Raging Bolt
|-supereffective|p1a: Raging Bolt
|-crit|p1a: Raging Bolt
|-damage|p1a: Raging Bolt|0 fnt
|faint|p1a: Raging Bolt
|-end|p1a: Raging Bolt|Protosynthesis|[silent]
|
|-damage|p2a: Slowking|19/100 brn|[from] brn
|upkeep
|
|t:|1757895648
|switch|p1a: Hydrapple|Hydrapple, M, shiny|100/100
|turn|11
|
|t:|1757895653
|switch|p2a: Enamorus|Enamorus, F|100/100
|move|p1a: Hydrapple|Fickle Beam|p2a: Enamorus
|-immune|p2a: Enamorus
|
|upkeep
|turn|12
|
|t:|1757895662
|-terastallize|p2a: Enamorus|Stellar
|move|p2a: Enamorus|Tera Blast|p1a: Hydrapple|[anim] Tera Blast Stellar
|-damage|p1a: Hydrapple|56/100
|-boost|p2a: Enamorus|atk|1
|-boost|p2a: Enamorus|spa|1
|move|p1a: Hydrapple|Giga Drain|p2a: Enamorus
|-resisted|p2a: Enamorus
|-damage|p2a: Enamorus|72/100
|-heal|p1a: Hydrapple|66/100|[from] drain|[of] p2a: Enamorus
|
|upkeep
|turn|13
|c|☆KnockOffx2|you make me so mad bro
|
|t:|1757895679
|move|p2a: Enamorus|Tera Blast|p1a: Hydrapple|[anim] Tera Blast Stellar
|-damage|p1a: Hydrapple|9/100
|-boost|p2a: Enamorus|atk|1
|-boost|p2a: Enamorus|spa|1
|move|p1a: Hydrapple|Giga Drain|p2a: Enamorus
|-resisted|p2a: Enamorus
|-damage|p2a: Enamorus|42/100
|-heal|p1a: Hydrapple|19/100|[from] drain|[of] p2a: Enamorus
|
|upkeep
|turn|14
|
|t:|1757895685
|move|p2a: Enamorus|Tera Blast|p1a: Hydrapple|[anim] Tera Blast Stellar
|-damage|p1a: Hydrapple|0 fnt
|-boost|p2a: Enamorus|atk|1
|-boost|p2a: Enamorus|spa|1
|faint|p1a: Hydrapple
|
|upkeep
|
|t:|1757895687
|switch|p1a: Kingambit|Kingambit, F|84/100
|-activate|p1a: Kingambit|ability: Supreme Overlord
|-start|p1a: Kingambit|fallen3|[silent]
|turn|15
|
|t:|1757895693
|move|p1a: Kingambit|Sucker Punch|p2a: Enamorus
|-resisted|p2a: Enamorus
|-damage|p2a: Enamorus|4/100
|move|p2a: Enamorus|Tera Blast|p1a: Kingambit|[anim] Tera Blast Stellar
|-damage|p1a: Kingambit|0 fnt
|-boost|p2a: Enamorus|atk|1
|-boost|p2a: Enamorus|spa|1
|faint|p1a: Kingambit
|-end|p1a: Kingambit|fallen3|[silent]
|
|upkeep
|
|t:|1757895696
|switch|p1a: Comfey|Comfey, F|100/100
|turn|16
|
|t:|1757895698
|move|p1a: Comfey|Draining Kiss|p2a: Enamorus
|-damage|p2a: Enamorus|0 fnt
|faint|p2a: Enamorus
|
|upkeep
|
|t:|1757895713
|switch|p2a: Slowking|Slowking-Galar, M|52/100 brn
|turn|17
|
|t:|1757895716
|move|p1a: Comfey|Calm Mind|p1a: Comfey
|-boost|p1a: Comfey|spa|1
|-boost|p1a: Comfey|spd|1
|move|p2a: Slowking|Sludge Bomb|p1a: Comfey
|-supereffective|p1a: Comfey
|-damage|p1a: Comfey|39/100
|
|-heal|p1a: Comfey|45/100|[from] item: Leftovers
|-damage|p2a: Slowking|46/100 brn|[from] brn
|upkeep
|turn|18
|
|t:|1757895723
|-terastallize|p1a: Comfey|Ground
|move|p1a: Comfey|Tera Blast|p2a: Slowking|[anim] Tera Blast Ground
|-supereffective|p2a: Slowking
|-crit|p2a: Slowking
|-damage|p2a: Slowking|0 fnt
|faint|p2a: Slowking
|
|-heal|p1a: Comfey|51/100|[from] item: Leftovers
|upkeep
|
|t:|1757895729
|switch|p2a: Cinderace|Cinderace, M|100/100
|turn|19
|
|t:|1757895739
|move|p1a: Comfey|Draining Kiss|p2a: Cinderace
|-resisted|p2a: Cinderace
|-damage|p2a: Cinderace|80/100
|-heal|p1a: Comfey|67/100|[from] drain|[of] p2a: Cinderace
|move|p2a: Cinderace|Pyro Ball|p1a: Comfey
|-damage|p1a: Comfey|9/100
|
|-heal|p1a: Comfey|16/100|[from] item: Leftovers
|upkeep
|turn|20
|j| NeneDaikon
|
|t:|1757895747
|move|p1a: Comfey|Draining Kiss|p2a: Cinderace
|-resisted|p2a: Cinderace
|-damage|p2a: Cinderace|61/100
|-heal|p1a: Comfey|30/100|[from] drain|[of] p2a: Cinderace
|move|p2a: Cinderace|Pyro Ball|p1a: Comfey
|-damage|p1a: Comfey|0 fnt
|faint|p1a: Comfey
|
|upkeep
|
|t:|1757895750
|switch|p1a: Hatterene|Hatterene, F|100/100
|turn|21
|
|t:|1757895752
|move|p2a: Cinderace|Pyro Ball|p1a: Hatterene
|-damage|p1a: Hatterene|33/100
|move|p1a: Hatterene|Trick Room|p1a: Hatterene
|-fieldstart|move: Trick Room|[of] p1a: Hatterene
|
|upkeep
|turn|22
|
|t:|1757895760
|move|p2a: Cinderace|Sucker Punch|p1a: Hatterene
|-start|p2a: Cinderace|typechange|Dark|[from] ability: Libero
|-damage|p1a: Hatterene|0 fnt
|faint|p1a: Hatterene
|
|win|KnockOffx2
|raw|owl_with_scarf's rating: 1562 &rarr; <strong>1548</strong><br />(-14 for losing)
|raw|KnockOffx2's rating: 1675 &rarr; <strong>1689</strong><br />(+14 for winning)
|l| NeneDaikon
|l|☆owl_with_scarf
|player|p1|
|l|☆KnockOffx2
|player|p2|
