|j|☆Gregory Mirabella
|j|☆Heliolower
|t:|1757811949
|gametype|singles
|player|p1|Gregory Mirabella|lusamine-nihilego|1262
|player|p2|Heliolower|101|1336
|gen|9
|tier|[Gen 9] OU
|rated|
|rule|HP Percentage Mod: HP is shown in percentages
|rule|Endless Battle Clause: Forcing endless battles is banned
|rule|Species Clause: Limit one of each Pokémon
|rule|OHKO Clause: OHKO moves are banned
|rule|Evasion Items Clause: Evasion items are banned
|rule|Evasion Moves Clause: Evasion moves are banned
|rule|Evasion Abilities Clause: Evasion abilities are banned
|rule|Sleep Moves Clause: Sleep-inducing moves are banned
|clearpoke
|poke|p1|Great Tusk|
|poke|p1|Scizor, F|
|poke|p1|Zapdos|
|poke|p1|Darkrai|
|poke|p1|Alomomola, F|
|poke|p1|Slowking-Galar, M|
|poke|p2|Gholdengo|
|poke|p2|Garchomp, F|
|poke|p2|Enamorus, F|
|poke|p2|Kingambit, M|
|poke|p2|Araquanid, M|
|poke|p2|Great Tusk|
|teampreview
|inactive|Battle timer is ON: inactive players will automatically lose when time's up. (requested by Heliolower)
|c|☆Gregory Mirabella|Glhf
|inactive|Gregory Mirabella has 120 seconds left.
|
|t:|1757811991
|teamsize|p1|6
|teamsize|p2|6
|start
|switch|p1a: Slowking|Slowking-Galar, M|100/100
|switch|p2a: Garchomp|Garchomp, F|100/100
|turn|1
|
|t:|1757811999
|switch|p1a: Alomomola|Alomomola, F, shiny|100/100
|move|p2a: Garchomp|Stealth Rock|p1a: Alomomola
|-sidestart|p1: Gregory Mirabella|move: Stealth Rock
|
|upkeep
|turn|2
|
|t:|1757812007
|switch|p2a: Araquanid|Araquanid, M|100/100
|move|p1a: Alomomola|Scald|p2a: Araquanid
|-resisted|p2a: Araquanid
|-damage|p2a: Araquanid|96/100
|
|upkeep
|turn|3
|
|t:|1757812025
|move|p1a: Alomomola|Flip Turn|p2a: Araquanid
|-resisted|p2a: Araquanid
|-damage|p2a: Araquanid|87/100
|
|t:|1757812029
|switch|p1a: Slowking|Slowking-Galar, M|100/100|[from] Flip Turn
|move|p2a: Araquanid|Sticky Web|p1a: Slowking
|-sidestart|p1: Gregory Mirabella|move: Sticky Web
|
|upkeep
|turn|4
|
|t:|1757812038
|move|p2a: Araquanid|Surf|p1a: Slowking
|-damage|p1a: Slowking|79/100
|move|p1a: Slowking|Future Sight|p2a: Araquanid
|-start|p1a: Slowking|move: Future Sight
|
|upkeep
|turn|5
|
|t:|1757812048
|switch|p2a: Kingambit|Kingambit, M|100/100
|-prepare|p1a: Slowking|Chilly Reception|[premajor]
|move|p1a: Slowking|Chilly Reception|p1a: Slowking
|-weather|Snowscape
|
|t:|1757812055
|switch|p1a: Great Tusk|Great Tusk|100/100|[from] Chilly Reception
|
|-weather|Snowscape|[upkeep]
|upkeep
|turn|6
|
|t:|1757812065
|-end|p2a: Kingambit|fallenundefined|[silent]
|switch|p2a: Araquanid|Araquanid, M|87/100
|move|p1a: Great Tusk|Close Combat|p2a: Araquanid
|-resisted|p2a: Araquanid
|-damage|p2a: Araquanid|52/100
|-unboost|p1a: Great Tusk|def|1
|-unboost|p1a: Great Tusk|spd|1
|
|-weather|Snowscape|[upkeep]
|-end|p2a: Araquanid|move: Future Sight
|-damage|p2a: Araquanid|24/100
|upkeep
|turn|7
|-enditem|p2a: Araquanid|Custap Berry|[eat]
|-activate|p2a: Araquanid|item: Custap Berry|[consumed]
|
|t:|1757812083
|-end|p1a: Great Tusk|Protosynthesis|[silent]
|switch|p1a: Slowking|Slowking-Galar, M|100/100
|move|p2a: Araquanid|Surf|p1a: Slowking
|-damage|p1a: Slowking|78/100
|
|-weather|Snowscape|[upkeep]
|upkeep
|turn|8
|
|t:|1757812095
|move|p2a: Araquanid|Endeavor|p1a: Slowking
|-damage|p1a: Slowking|21/100
|move|p1a: Slowking|Future Sight|p2a: Araquanid
|-start|p1a: Slowking|move: Future Sight
|
|-weather|Snowscape|[upkeep]
|upkeep
|turn|9
|
|t:|1757812110
|switch|p1a: Alomomola|Alomomola, F, shiny|100/100
|move|p2a: Araquanid|Surf|p1a: Alomomola
|-resisted|p1a: Alomomola
|-damage|p1a: Alomomola|80/100
|
|-weather|none
|upkeep
|turn|10
|
|t:|1757812120
|switch|p2a: Kingambit|Kingambit, M|100/100
|move|p1a: Alomomola|Scald|p2a: Kingambit
|-damage|p2a: Kingambit|85/100
|-status|p2a: Kingambit|brn
|
|-end|p2a: Kingambit|move: Future Sight
|-immune|p2a: Kingambit
|-heal|p2a: Kingambit|91/100 brn|[from] item: Leftovers
|-damage|p2a: Kingambit|85/100 brn|[from] brn
|upkeep
|turn|11
|
|t:|1757812134
|move|p2a: Kingambit|Swords Dance|p2a: Kingambit
|-boost|p2a: Kingambit|atk|2
|move|p1a: Alomomola|Flip Turn|p2a: Kingambit
|-damage|p2a: Kingambit|72/100 brn
|
|t:|1757812140
|switch|p1a: Great Tusk|Great Tusk|100/100|[from] Flip Turn
|
|-heal|p2a: Kingambit|78/100 brn|[from] item: Leftovers
|-damage|p2a: Kingambit|72/100 brn|[from] brn
|upkeep
|turn|12
|
|t:|1757812155
|-end|p2a: Kingambit|fallenundefined|[silent]
|switch|p2a: Garchomp|Garchomp, F|100/100
|move|p1a: Great Tusk|Headlong Rush|p2a: Garchomp
|-damage|p2a: Garchomp|60/100
|-unboost|p1a: Great Tusk|def|1
|-unboost|p1a: Great Tusk|spd|1
|-damage|p1a: Great Tusk|88/100|[from] ability: Rough Skin|[of] p2a: Garchomp
|-damage|p1a: Great Tusk|72/100|[from] item: Rocky Helmet|[of] p2a: Garchomp
|
|upkeep
|turn|13
|inactive|Heliolower has 120 seconds left.
|
|t:|1757812190
|-end|p1a: Great Tusk|Protosynthesis|[silent]
|switch|p1a: Alomomola|Alomomola, F, shiny|100/100
|move|p2a: Garchomp|Dragon Tail|p1a: Alomomola
|-damage|p1a: Alomomola|87/100
|drag|p1a: Great Tusk|Great Tusk|72/100
|
|upkeep
|turn|14
|inactive|Heliolower has 120 seconds left.
|
|t:|1757812201
|move|p1a: Great Tusk|Ice Spinner|p2a: Garchomp
|-supereffective|p2a: Garchomp
|-damage|p2a: Garchomp|0 fnt
|-damage|p1a: Great Tusk|59/100|[from] ability: Rough Skin|[of] p2a: Garchomp
|-damage|p1a: Great Tusk|43/100|[from] item: Rocky Helmet|[of] p2a: Garchomp
|faint|p2a: Garchomp
|
|upkeep
|
|t:|1757812212
|switch|p2a: Enamorus|Enamorus, F|100/100
|turn|15
|
|t:|1757812217
|-end|p1a: Great Tusk|Protosynthesis|[silent]
|switch|p1a: Scizor|Scizor, F|100/100
|-damage|p1a: Scizor|88/100|[from] Stealth Rock
|-activate|p1a: Scizor|move: Sticky Web
|-unboost|p1a: Scizor|spe|1
|-terastallize|p2a: Enamorus|Stellar
|move|p2a: Enamorus|Tera Blast|p1a: Scizor|[anim] Tera Blast Stellar
|-damage|p1a: Scizor|26/100
|-boost|p2a: Enamorus|atk|1
|-boost|p2a: Enamorus|spa|1
|
|-heal|p1a: Scizor|32/100|[from] item: Leftovers
|upkeep
|turn|16
|inactive|Heliolower has 120 seconds left.
|
|t:|1757812236
|switch|p2a: Great Tusk|Great Tusk|100/100
|move|p1a: Scizor|Bullet Punch|p2a: Great Tusk
|-damage|p2a: Great Tusk|78/100
|-damage|p1a: Scizor|16/100|[from] item: Rocky Helmet|[of] p2a: Great Tusk
|
|-heal|p1a: Scizor|22/100|[from] item: Leftovers
|upkeep
|turn|17
|inactive|Heliolower has 120 seconds left.
|
|t:|1757812247
|switch|p1a: Alomomola|Alomomola, F, shiny|100/100
|move|p2a: Great Tusk|Knock Off|p1a: Alomomola
|-damage|p1a: Alomomola|86/100
|-enditem|p1a: Alomomola|Heavy-Duty Boots|[from] move: Knock Off|[of] p2a: Great Tusk
|
|upkeep
|turn|18
|
|t:|1757812254
|-end|p2a: Great Tusk|Protosynthesis|[silent]
|switch|p2a: Araquanid|Araquanid, M|24/100
|move|p1a: Alomomola|Wish|p1a: Alomomola
|
|upkeep
|turn|19
|
|t:|1757812263
|move|p1a: Alomomola|Flip Turn|p2a: Araquanid
|-resisted|p2a: Araquanid
|-damage|p2a: Araquanid|15/100
|inactive|Gregory Mirabella has 120 seconds left.
|
|t:|1757812293
|switch|p1a: Zapdos|Zapdos|100/100|[from] Flip Turn
|-damage|p1a: Zapdos|76/100|[from] Stealth Rock
|move|p2a: Araquanid|Endeavor|p1a: Zapdos
|-damage|p1a: Zapdos|15/100
|
|-heal|p1a: Zapdos|99/100|[from] move: Wish|[wisher] Alomomola
|upkeep
|turn|20
|inactive|Gregory Mirabella has 120 seconds left.
|
|t:|1757812306
|move|p1a: Zapdos|Volt Switch|p2a: Araquanid
|-supereffective|p2a: Araquanid
|-damage|p2a: Araquanid|0 fnt
|faint|p2a: Araquanid
|
|t:|1757812311
|switch|p1a: Slowking|Slowking-Galar, M|54/100|[from] Volt Switch
|
|upkeep
|
|t:|1757812317
|switch|p2a: Great Tusk|Great Tusk|78/100
|turn|21
|
|t:|1757812320
|switch|p1a: Alomomola|Alomomola, F, shiny|100/100
|-damage|p1a: Alomomola|88/100|[from] Stealth Rock
|-activate|p1a: Alomomola|move: Sticky Web
|-unboost|p1a: Alomomola|spe|1
|move|p2a: Great Tusk|Knock Off|p1a: Alomomola
|-damage|p1a: Alomomola|79/100
|
|upkeep
|turn|22
|
|t:|1757812336
|move|p2a: Great Tusk|Headlong Rush|p1a: Alomomola
|-damage|p1a: Alomomola|53/100
|-unboost|p2a: Great Tusk|def|1
|-unboost|p2a: Great Tusk|spd|1
|move|p1a: Alomomola|Wish|p1a: Alomomola
|
|upkeep
|turn|23
|
|t:|1757812344
|move|p2a: Great Tusk|Knock Off|p1a: Alomomola
|-damage|p1a: Alomomola|43/100
|move|p1a: Alomomola|Flip Turn|p2a: Great Tusk
|-supereffective|p2a: Great Tusk
|-damage|p2a: Great Tusk|45/100
|-damage|p1a: Alomomola|26/100|[from] item: Rocky Helmet|[of] p2a: Great Tusk
|
|t:|1757812355
|switch|p1a: Scizor|Scizor, F|22/100|[from] Flip Turn
|-damage|p1a: Scizor|10/100|[from] Stealth Rock
|-activate|p1a: Scizor|move: Sticky Web
|-unboost|p1a: Scizor|spe|1
|
|-heal|p1a: Scizor|96/100|[from] move: Wish|[wisher] Alomomola
|-heal|p1a: Scizor|100/100|[from] item: Leftovers
|upkeep
|turn|24
|
|t:|1757812365
|switch|p1a: Alomomola|Alomomola, F, shiny|59/100
|-damage|p1a: Alomomola|47/100|[from] Stealth Rock
|-activate|p1a: Alomomola|move: Sticky Web
|-unboost|p1a: Alomomola|spe|1
|move|p2a: Great Tusk|Knock Off|p1a: Alomomola
|-damage|p1a: Alomomola|37/100
|
|upkeep
|turn|25
|inactive|Gregory Mirabella has 120 seconds left.
|
|t:|1757812397
|-end|p2a: Great Tusk|Protosynthesis|[silent]
|switch|p2a: Kingambit|Kingambit, M|72/100 brn
|-activate|p2a: Kingambit|ability: Supreme Overlord
|-start|p2a: Kingambit|fallen2|[silent]
|switch|p1a: Zapdos|Zapdos|99/100
|-damage|p1a: Zapdos|74/100|[from] Stealth Rock
|
|-heal|p2a: Kingambit|78/100 brn|[from] item: Leftovers
|-damage|p2a: Kingambit|72/100 brn|[from] brn
|upkeep
|turn|26
|inactive|Gregory Mirabella has 120 seconds left.
|
|t:|1757812409
|move|p1a: Zapdos|Roost|p1a: Zapdos
|-heal|p1a: Zapdos|100/100
|-singleturn|p1a: Zapdos|move: Roost
|move|p2a: Kingambit|Swords Dance|p2a: Kingambit
|-boost|p2a: Kingambit|atk|2
|
|-heal|p2a: Kingambit|78/100 brn|[from] item: Leftovers
|-damage|p2a: Kingambit|72/100 brn|[from] brn
|upkeep
|turn|27
|inactive|Gregory Mirabella has 120 seconds left.
|
|t:|1757812420
|move|p1a: Zapdos|Thunderbolt|p2a: Kingambit
|-damage|p2a: Kingambit|5/100 brn
|move|p2a: Kingambit|Kowtow Cleave|p1a: Zapdos
|-damage|p1a: Zapdos|32/100
|
|-heal|p2a: Kingambit|12/100 brn|[from] item: Leftovers
|-damage|p2a: Kingambit|5/100 brn|[from] brn
|upkeep
|turn|28
|inactive|Gregory Mirabella has 120 seconds left.
|
|t:|1757812433
|switch|p1a: Scizor|Scizor, F|100/100
|-damage|p1a: Scizor|88/100|[from] Stealth Rock
|-activate|p1a: Scizor|move: Sticky Web
|-unboost|p1a: Scizor|spe|1
|move|p2a: Kingambit|Sucker Punch||[still]
|-fail|p2a: Kingambit
|
|-heal|p2a: Kingambit|12/100 brn|[from] item: Leftovers
|-heal|p1a: Scizor|94/100|[from] item: Leftovers
|-damage|p2a: Kingambit|5/100 brn|[from] brn
|upkeep
|turn|29
|inactive|Gregory Mirabella has 120 seconds left.
|
|t:|1757812447
|-end|p2a: Kingambit|fallen2|[silent]
|switch|p2a: Great Tusk|Great Tusk|45/100
|move|p1a: Scizor|Bullet Punch|p2a: Great Tusk
|-damage|p2a: Great Tusk|23/100
|-damage|p1a: Scizor|78/100|[from] item: Rocky Helmet|[of] p2a: Great Tusk
|
|-heal|p1a: Scizor|84/100|[from] item: Leftovers
|upkeep
|turn|30
|inactive|Gregory Mirabella has 120 seconds left.
|
|t:|1757812466
|-terastallize|p1a: Scizor|Steel
|move|p1a: Scizor|Bullet Punch|p2a: Great Tusk
|-damage|p2a: Great Tusk|0 fnt
|-damage|p1a: Scizor|68/100|[from] item: Rocky Helmet|[of] p2a: Great Tusk
|faint|p2a: Great Tusk
|-end|p2a: Great Tusk|Protosynthesis|[silent]
|
|-heal|p1a: Scizor|74/100|[from] item: Leftovers
|upkeep
|
|t:|1757812477
|switch|p2a: Gholdengo|Gholdengo|100/100
|-item|p2a: Gholdengo|Air Balloon
|turn|31
|inactive|Gregory Mirabella has 120 seconds left.
|
|t:|1757812488
|switch|p1a: Darkrai|Darkrai|100/100
|-damage|p1a: Darkrai|88/100|[from] Stealth Rock
|-activate|p1a: Darkrai|move: Sticky Web
|-unboost|p1a: Darkrai|spe|1
|move|p2a: Gholdengo|Thunder Wave|p1a: Darkrai
|-status|p1a: Darkrai|par
|
|upkeep
|turn|32
|inactive|Gregory Mirabella has 120 seconds left.
|
|t:|1757812497
|move|p2a: Gholdengo|Make It Rain|p1a: Darkrai
|-damage|p1a: Darkrai|18/100 par
|-unboost|p2a: Gholdengo|spa|1
|move|p1a: Darkrai|Dark Pulse|p2a: Gholdengo
|-supereffective|p2a: Gholdengo
|-damage|p2a: Gholdengo|0 fnt
|-enditem|p2a: Gholdengo|Air Balloon
|faint|p2a: Gholdengo
|-damage|p1a: Darkrai|8/100 par|[from] item: Life Orb
|
|upkeep
|
|t:|1757812508
|switch|p2a: Kingambit|Kingambit, M|5/100 brn
|-activate|p2a: Kingambit|ability: Supreme Overlord
|-start|p2a: Kingambit|fallen4|[silent]
|turn|33
|
|t:|1757812515
|move|p2a: Kingambit|Sucker Punch|p1a: Darkrai
|-resisted|p1a: Darkrai
|-damage|p1a: Darkrai|0 fnt
|faint|p1a: Darkrai
|
|-heal|p2a: Kingambit|12/100 brn|[from] item: Leftovers
|-damage|p2a: Kingambit|5/100 brn|[from] brn
|upkeep
|
|t:|1757812523
|switch|p1a: Scizor|Scizor, F, tera:Steel|74/100
|-damage|p1a: Scizor|68/100|[from] Stealth Rock
|-activate|p1a: Scizor|move: Sticky Web
|-unboost|p1a: Scizor|spe|1
|turn|34
|
|t:|1757812538
|move|p1a: Scizor|Bullet Punch|p2a: Kingambit
|-resisted|p2a: Kingambit
|-damage|p2a: Kingambit|0 fnt
|faint|p2a: Kingambit
|-end|p2a: Kingambit|fallen4|[silent]
|
|-heal|p1a: Scizor|74/100|[from] item: Leftovers
|upkeep
|
|t:|1757812541
|switch|p2a: Enamorus|Enamorus, F, tera:Stellar|100/100
|turn|35
|
|t:|1757812547
|move|p1a: Scizor|Bullet Punch|p2a: Enamorus
|-supereffective|p2a: Enamorus
|-damage|p2a: Enamorus|0 fnt
|faint|p2a: Enamorus
|
|win|Gregory Mirabella
|raw|Gregory Mirabella's rating: 1262 &rarr; <strong>1292</strong><br />(+30 for winning)
|raw|Heliolower's rating: 1336 &rarr; <strong>1312</strong><br />(-24 for losing)
|l|☆Heliolower
|player|p2|
|c|☆Gregory Mirabella|Gg
|c|☆Gregory Mirabella|Wp
|c|☆Gregory Mirabella|Nice team
