|j|☆calacadura
|j|☆redundantcolon
|t:|1757933707
|gametype|singles
|player|p1|calacadura|170|1310
|player|p2|redundantcolon|102|1320
|gen|9
|tier|[Gen 9] OU
|rated|
|rule|HP Percentage Mod: HP is shown in percentages
|rule|Endless Battle Clause: Forcing endless battles is banned
|rule|Species Clause: Limit one of each Pokémon
|rule|OHKO Clause: OHKO moves are banned
|rule|Evasion Items Clause: Evasion items are banned
|rule|Evasion Moves Clause: Evasion moves are banned
|rule|Evasion Abilities Clause: Evasion abilities are banned
|rule|Sleep Moves Clause: Sleep-inducing moves are banned
|clearpoke
|poke|p1|Dondozo, F|
|poke|p1|Heatran, F|
|poke|p1|Araquanid, F|
|poke|p1|Mandibuzz, F|
|poke|p1|Malamar, M|
|poke|p1|Gholdengo|
|poke|p2|Gholdengo|
|poke|p2|Ceruledge, M|
|poke|p2|Enamorus, F|
|poke|p2|Ribombee, F|
|poke|p2|Quaquaval, M|
|poke|p2|Iron Treads|
|teampreview
|
|t:|1757933732
|teamsize|p1|6
|teamsize|p2|6
|start
|switch|p1a: Araquanid|Araquanid, F|100/100
|switch|p2a: Ribombee|Ribombee, F|100/100
|turn|1
|
|t:|1757933735
|move|p2a: Ribombee|Sticky Web|p1a: Araquanid
|-sidestart|p1: calacadura|move: Sticky Web
|move|p1a: Araquanid|Sticky Web|p2a: Ribombee
|-sidestart|p2: redundantcolon|move: Sticky Web
|
|upkeep
|turn|2
|
|t:|1757933738
|move|p2a: Ribombee|Stun Spore|p1a: Araquanid
|-status|p1a: Araquanid|par
|cant|p1a: Araquanid|par
|
|upkeep
|turn|3
|
|t:|1757933741
|move|p2a: Ribombee|Moonblast|p1a: Araquanid
|-damage|p1a: Araquanid|67/100 par
|-unboost|p1a: Araquanid|spa|1
|cant|p1a: Araquanid|par
|
|upkeep
|turn|4
|
|t:|1757933743
|move|p2a: Ribombee|Moonblast|p1a: Araquanid
|-damage|p1a: Araquanid|38/100 par
|move|p1a: Araquanid|Surf|p2a: Ribombee
|-damage|p2a: Ribombee|33/100
|
|upkeep
|turn|5
|
|t:|1757933749
|move|p2a: Ribombee|Moonblast|p1a: Araquanid
|-damage|p1a: Araquanid|8/100 par
|move|p1a: Araquanid|Surf|p2a: Ribombee
|-damage|p2a: Ribombee|0 fnt
|faint|p2a: Ribombee
|
|upkeep
|
|t:|1757933768
|switch|p2a: Quaquaval|Quaquaval, M|100/100
|-activate|p2a: Quaquaval|move: Sticky Web
|-unboost|p2a: Quaquaval|spe|1
|turn|6
|-enditem|p1a: Araquanid|Custap Berry|[eat]
|-activate|p1a: Araquanid|item: Custap Berry|[consumed]
|
|t:|1757933772
|move|p1a: Araquanid|Endeavor|p2a: Quaquaval
|-damage|p2a: Quaquaval|9/100
|move|p2a: Quaquaval|Knock Off|p1a: Araquanid
|-damage|p1a: Araquanid|0 fnt
|faint|p1a: Araquanid
|-ability|p2a: Quaquaval|Moxie|boost
|-boost|p2a: Quaquaval|atk|1
|
|upkeep
|
|t:|1757933779
|switch|p1a: Better Hoopa U|Malamar, M, shiny|100/100
|-activate|p1a: Better Hoopa U|move: Sticky Web
|-boost|p1a: Better Hoopa U|spe|1
|turn|7
|
|t:|1757933785
|move|p1a: Better Hoopa U|Superpower|p2a: Quaquaval
|-damage|p2a: Quaquaval|0 fnt
|-boost|p1a: Better Hoopa U|atk|1
|-boost|p1a: Better Hoopa U|def|1
|faint|p2a: Quaquaval
|
|upkeep
|
|t:|1757933791
|switch|p2a: Gholdengo|Gholdengo|100/100
|-item|p2a: Gholdengo|Air Balloon
|turn|8
|
|t:|1757933796
|move|p1a: Better Hoopa U|Knock Off|p2a: Gholdengo
|-supereffective|p2a: Gholdengo
|-damage|p2a: Gholdengo|0 fnt
|-enditem|p2a: Gholdengo|Air Balloon
|faint|p2a: Gholdengo
|
|upkeep
|
|t:|1757933799
|switch|p2a: Enamorus|Enamorus, F|100/100
|turn|9
|
|t:|1757933816
|move|p1a: Better Hoopa U|Psycho Cut|p2a: Enamorus
|-crit|p2a: Enamorus
|-damage|p2a: Enamorus|0 fnt
|faint|p2a: Enamorus
|
|upkeep
|inactive|Battle timer is ON: inactive players will automatically lose when time's up. (requested by calacadura)
|
|t:|1757933846
|switch|p2a: Iron Treads|Iron Treads, shiny|100/100
|-activate|p2a: Iron Treads|move: Sticky Web
|-unboost|p2a: Iron Treads|spe|1
|-enditem|p2a: Iron Treads|Booster Energy
|-activate|p2a: Iron Treads|ability: Quark Drive|[fromitem]
|-start|p2a: Iron Treads|quarkdriveatk
|turn|10
|
|t:|1757933869
|-terastallize|p1a: Better Hoopa U|Fighting
|-terastallize|p2a: Iron Treads|Fairy
|move|p1a: Better Hoopa U|Superpower|p2a: Iron Treads
|-resisted|p2a: Iron Treads
|-damage|p2a: Iron Treads|70/100
|-boost|p1a: Better Hoopa U|atk|1
|-boost|p1a: Better Hoopa U|def|1
|move|p2a: Iron Treads|Rapid Spin|p1a: Better Hoopa U
|-damage|p1a: Better Hoopa U|87/100
|-boost|p2a: Iron Treads|spe|1
|-sideend|p2: redundantcolon|Sticky Web|[from] move: Rapid Spin|[of] p2a: Iron Treads
|
|upkeep
|turn|11
|
|t:|1757933887
|move|p1a: Better Hoopa U|Superpower|p2a: Iron Treads
|-resisted|p2a: Iron Treads
|-damage|p2a: Iron Treads|30/100
|-boost|p1a: Better Hoopa U|atk|1
|-boost|p1a: Better Hoopa U|def|1
|move|p2a: Iron Treads|Earthquake|p1a: Better Hoopa U
|-damage|p1a: Better Hoopa U|54/100
|
|upkeep
|turn|12
|
|t:|1757933893
|move|p1a: Better Hoopa U|Superpower|p2a: Iron Treads
|-resisted|p2a: Iron Treads
|-damage|p2a: Iron Treads|0 fnt
|-boost|p1a: Better Hoopa U|atk|1
|-boost|p1a: Better Hoopa U|def|1
|faint|p2a: Iron Treads
|-end|p2a: Iron Treads|Quark Drive|[silent]
|
|upkeep
|
|t:|1757933896
|switch|p2a: Ceruledge|Ceruledge, M|100/100
|turn|13
|
|t:|1757933898
|move|p1a: Better Hoopa U|Knock Off|p2a: Ceruledge
|-supereffective|p2a: Ceruledge
|-enditem|p2a: Ceruledge|Focus Sash
|-damage|p2a: Ceruledge|1/100
|-ability|p2a: Ceruledge|Weak Armor|boost
|-unboost|p2a: Ceruledge|def|1
|-boost|p2a: Ceruledge|spe|2
|move|p2a: Ceruledge|Swords Dance|p2a: Ceruledge
|-boost|p2a: Ceruledge|atk|2
|
|upkeep
|turn|14
|
|t:|1757933906
|move|p2a: Ceruledge|Bitter Blade|p1a: Better Hoopa U
|-damage|p1a: Better Hoopa U|16/100
|-heal|p2a: Ceruledge|22/100|[from] drain|[of] p1a: Better Hoopa U
|move|p1a: Better Hoopa U|Knock Off|p2a: Ceruledge
|-supereffective|p2a: Ceruledge
|-damage|p2a: Ceruledge|0 fnt
|faint|p2a: Ceruledge
|
|win|calacadura
|raw|calacadura's rating: 1310 &rarr; <strong>1331</strong><br />(+21 for winning)
|raw|redundantcolon's rating: 1320 &rarr; <strong>1299</strong><br />(-21 for losing)
|l|☆redundantcolon
|player|p2|
|l|☆calacadura
|player|p1|
