|inactive|Battle timer is ON: inactive players will automatically lose when time's up.
|t:|1757787728
|gametype|singles
|player|p1|clean|#splxivcryonicles2|
|player|p2|VertXXX|lucas|
|gen|9
|tier|[Gen 9] OU
|rule|HP Percentage Mod: HP is shown in percentages
|rule|Endless Battle Clause: Forcing endless battles is banned
|rule|Species Clause: Limit one of each Pokémon
|rule|OHKO Clause: OHKO moves are banned
|rule|Evasion Items Clause: Evasion items are banned
|rule|Evasion Moves Clause: Evasion moves are banned
|rule|Evasion Abilities Clause: Evasion abilities are banned
|rule|Sleep Moves Clause: Sleep-inducing moves are banned
|clearpoke
|poke|p1|Darkrai|
|poke|p1|Landorus-Therian, M|
|poke|p1|Kyurem|
|poke|p1|Rillaboom, F|
|poke|p1|Zamazenta-*|
|poke|p1|Gholdengo|
|poke|p2|Ogerpon-Wellspring, F|
|poke|p2|Deoxys-Speed|
|poke|p2|Glimmora, F|
|poke|p2|Kingambit, M|
|poke|p2|Darkrai|
|poke|p2|Zamazenta-*|
|teampreview
|inactive|clean also wants the timer to be on.
|c|☆VertXXX|hf
|c|☆clean|u2
|inactive|clean has 270 seconds left.
|inactive|VertXXX has 270 seconds left.
|inactive|clean has 240 seconds left.
|
|t:|1757787802
|teamsize|p1|6
|teamsize|p2|6
|start
|switch|p1a: Darkrai|Darkrai|100/100
|switch|p2a: Glimmora|Glimmora, F|100/100
|turn|1
|inactive|clean has 270 seconds left.
|inactive|clean has 240 seconds left.
|inactive|clean has 210 seconds left.
|
|t:|1757787916
|move|p1a: Darkrai|Dark Pulse|p2a: Glimmora
|-damage|p2a: Glimmora|43/100
|move|p2a: Glimmora|Meteor Beam||[still]
|-prepare|p2a: Glimmora|Meteor Beam
|-boost|p2a: Glimmora|spa|1
|-enditem|p2a: Glimmora|Power Herb
|-anim|p2a: Glimmora|Meteor Beam|p1a: Darkrai
|-damage|p1a: Darkrai|0 fnt
|faint|p1a: Darkrai
|
|upkeep
|inactive|clean has 180 seconds left.
|
|t:|1757787934
|switch|p1a: Landorus|Landorus-Therian, M|100/100
|-ability|p1a: Landorus|Intimidate|boost
|-unboost|p2a: Glimmora|atk|1
|turn|2
|inactive|clean has 180 seconds left.
|
|t:|1757787946
|move|p1a: Landorus|Stealth Rock|p2a: Glimmora
|-sidestart|p2: VertXXX|move: Stealth Rock
|move|p2a: Glimmora|Stealth Rock|p1a: Landorus
|-sidestart|p1: clean|move: Stealth Rock
|
|upkeep
|turn|3
|
|t:|1757787949
|move|p1a: Landorus|Earth Power|p2a: Glimmora
|-supereffective|p2a: Glimmora
|-damage|p2a: Glimmora|0 fnt
|faint|p2a: Glimmora
|
|upkeep
|
|t:|1757787953
|switch|p2a: Deoxys|Deoxys-Speed|100/100
|-damage|p2a: Deoxys|88/100|[from] Stealth Rock
|-ability|p2a: Deoxys|Pressure
|turn|4
|
|t:|1757787959
|move|p2a: Deoxys|Reflect|p2a: Deoxys
|-sidestart|p2: VertXXX|Reflect
|move|p1a: Landorus|U-turn|p2a: Deoxys
|-supereffective|p2a: Deoxys
|-damage|p2a: Deoxys|65/100
|
|t:|1757787971
|switch|p1a: Rillaboom|Rillaboom, F|100/100|[from] U-turn
|-damage|p1a: Rillaboom|88/100|[from] Stealth Rock
|-fieldstart|move: Grassy Terrain|[from] ability: Grassy Surge|[of] p1a: Rillaboom
|
|-heal|p2a: Deoxys|70/100|[from] Grassy Terrain
|-heal|p1a: Rillaboom|94/100|[from] Grassy Terrain
|upkeep
|turn|5
|
|t:|1757787975
|switch|p1a: Gholdengo|Gholdengo|100/100
|-damage|p1a: Gholdengo|94/100|[from] Stealth Rock
|-enditem|p1a: Gholdengo|Grassy Seed
|-boost|p1a: Gholdengo|def|1|[from] item: Grassy Seed
|move|p2a: Deoxys|Psycho Boost|p1a: Gholdengo|[miss]
|-miss|p2a: Deoxys|p1a: Gholdengo
|
|-heal|p2a: Deoxys|76/100|[from] Grassy Terrain
|-heal|p1a: Gholdengo|100/100|[from] Grassy Terrain
|upkeep
|turn|6
|
|t:|1757787980
|move|p2a: Deoxys|Light Screen|p2a: Deoxys
|-sidestart|p2: VertXXX|move: Light Screen
|move|p1a: Gholdengo|Nasty Plot|p1a: Gholdengo
|-boost|p1a: Gholdengo|spa|2
|
|-heal|p2a: Deoxys|82/100|[from] Grassy Terrain
|upkeep
|turn|7
|
|t:|1757788001
|switch|p2a: Ogerpon|Ogerpon-Wellspring, F|100/100
|-damage|p2a: Ogerpon|88/100|[from] Stealth Rock
|move|p1a: Gholdengo|Nasty Plot|p1a: Gholdengo
|-boost|p1a: Gholdengo|spa|2
|
|-heal|p2a: Ogerpon|94/100|[from] Grassy Terrain
|upkeep
|turn|8
|
|t:|1757788009
|move|p2a: Ogerpon|Swords Dance|p2a: Ogerpon
|-boost|p2a: Ogerpon|atk|2
|move|p1a: Gholdengo|Shadow Ball|p2a: Ogerpon
|-damage|p2a: Ogerpon|31/100
|
|-heal|p2a: Ogerpon|37/100|[from] Grassy Terrain
|-fieldend|move: Grassy Terrain
|upkeep
|turn|9
|inactive|clean has 210 seconds left.
|inactive|clean has 180 seconds left.
|inactive|clean has 150 seconds left.
|
|t:|1757788103
|move|p2a: Ogerpon|Ivy Cudgel|p1a: Gholdengo|[anim] Ivy Cudgel Water
|-crit|p1a: Gholdengo
|-damage|p1a: Gholdengo|0 fnt
|faint|p1a: Gholdengo
|
|upkeep
|inactive|clean has 120 seconds left.
|
|t:|1757788129
|switch|p1a: Rillaboom|Rillaboom, F|94/100
|-damage|p1a: Rillaboom|82/100|[from] Stealth Rock
|-fieldstart|move: Grassy Terrain|[from] ability: Grassy Surge|[of] p1a: Rillaboom
|turn|10
|
|t:|1757788141
|move|p1a: Rillaboom|Grassy Glide|p2a: Ogerpon
|-damage|p2a: Ogerpon|5/100
|-damage|p1a: Rillaboom|72/100|[from] item: Life Orb
|move|p2a: Ogerpon|Horn Leech|p1a: Rillaboom
|-resisted|p1a: Rillaboom
|-damage|p1a: Rillaboom|1/100
|-heal|p2a: Ogerpon|47/100|[from] drain|[of] p1a: Rillaboom
|
|-heal|p2a: Ogerpon|53/100|[from] Grassy Terrain
|-heal|p1a: Rillaboom|7/100|[from] Grassy Terrain
|upkeep
|turn|11
|
|t:|1757788155
|move|p1a: Rillaboom|Grassy Glide|p2a: Ogerpon
|-damage|p2a: Ogerpon|20/100
|-damage|p1a: Rillaboom|0 fnt|[from] item: Life Orb
|faint|p1a: Rillaboom
|move|p2a: Ogerpon|Swords Dance|p2a: Ogerpon
|-boost|p2a: Ogerpon|atk|2
|
|-heal|p2a: Ogerpon|26/100|[from] Grassy Terrain
|-sideend|p2: VertXXX|Reflect
|upkeep
|
|t:|1757788161
|switch|p1a: Zamazenta|Zamazenta|100/100
|-damage|p1a: Zamazenta|94/100|[from] Stealth Rock
|-ability|p1a: Zamazenta|Dauntless Shield|boost
|-boost|p1a: Zamazenta|def|1
|turn|12
|inactive|clean has 120 seconds left.
|
|t:|1757788178
|move|p1a: Zamazenta|Iron Defense|p1a: Zamazenta
|-boost|p1a: Zamazenta|def|2
|move|p2a: Ogerpon|Ivy Cudgel|p1a: Zamazenta|[anim] Ivy Cudgel Water
|-damage|p1a: Zamazenta|30/100
|
|-heal|p1a: Zamazenta|36/100|[from] Grassy Terrain
|-heal|p1a: Zamazenta|42/100|[from] item: Leftovers
|-heal|p2a: Ogerpon|32/100|[from] Grassy Terrain
|upkeep
|turn|13
|
|t:|1757788181
|move|p1a: Zamazenta|Body Press|p2a: Ogerpon
|-damage|p2a: Ogerpon|0 fnt
|faint|p2a: Ogerpon
|
|-heal|p1a: Zamazenta|48/100|[from] Grassy Terrain
|-heal|p1a: Zamazenta|54/100|[from] item: Leftovers
|-sideend|p2: VertXXX|move: Light Screen
|upkeep
|
|t:|1757788183
|switch|p2a: Deoxys|Deoxys-Speed|82/100
|-damage|p2a: Deoxys|70/100|[from] Stealth Rock
|-ability|p2a: Deoxys|Pressure
|turn|14
|inactive|clean has 120 seconds left.
|inactive|VertXXX has 270 seconds left.
|inactive|clean has 90 seconds left.
|inactive|VertXXX has 240 seconds left.
|inactive|clean has 60 seconds left.
|
|t:|1757788298
|move|p2a: Deoxys|Taunt|p1a: Zamazenta
|-start|p1a: Zamazenta|move: Taunt
|move|p1a: Zamazenta|Body Press|p2a: Deoxys
|-resisted|p2a: Deoxys
|-damage|p2a: Deoxys|13/100
|
|-heal|p2a: Deoxys|19/100|[from] Grassy Terrain
|-heal|p1a: Zamazenta|60/100|[from] Grassy Terrain
|-heal|p1a: Zamazenta|67/100|[from] item: Leftovers
|-fieldend|move: Grassy Terrain
|upkeep
|turn|15
|inactive|clean has 30 seconds left.
|inactive|VertXXX has 210 seconds left.
|
|t:|1757788327
|-terastallize|p1a: Zamazenta|Electric
|move|p2a: Deoxys|Psycho Boost|p1a: Zamazenta
|-damage|p1a: Zamazenta|20/100
|-unboost|p2a: Deoxys|spa|2
|move|p1a: Zamazenta|Body Press|p2a: Deoxys
|-resisted|p2a: Deoxys
|-damage|p2a: Deoxys|0 fnt
|faint|p2a: Deoxys
|
|-heal|p1a: Zamazenta|26/100|[from] item: Leftovers
|upkeep
|inactive|VertXXX has 210 seconds left.
|
|t:|1757788341
|switch|p2a: Darkrai|Darkrai|100/100
|-damage|p2a: Darkrai|88/100|[from] Stealth Rock
|turn|16
|
|t:|1757788353
|-terastallize|p2a: Darkrai|Fairy
|move|p1a: Zamazenta|Body Press|p2a: Darkrai
|-resisted|p2a: Darkrai
|-damage|p2a: Darkrai|30/100
|move|p2a: Darkrai|Dark Pulse|p1a: Zamazenta
|-damage|p1a: Zamazenta|0 fnt
|faint|p1a: Zamazenta
|
|upkeep
|
|t:|1757788360
|switch|p1a: Kyurem|Kyurem|100/100
|-damage|p1a: Kyurem|76/100|[from] Stealth Rock
|-ability|p1a: Kyurem|Pressure
|turn|17
|
|t:|1757788364
|move|p2a: Darkrai|Tera Blast|p1a: Kyurem|[anim] Tera Blast Fairy
|-supereffective|p1a: Kyurem
|-damage|p1a: Kyurem|28/100
|move|p1a: Kyurem|Ice Beam|p2a: Darkrai
|-damage|p2a: Darkrai|0 fnt
|faint|p2a: Darkrai
|
|upkeep
|
|t:|1757788367
|switch|p2a: Zamazenta|Zamazenta|100/100
|-damage|p2a: Zamazenta|94/100|[from] Stealth Rock
|-ability|p2a: Zamazenta|Dauntless Shield|boost
|-boost|p2a: Zamazenta|def|1
|turn|18
|
|t:|1757788377
|move|p2a: Zamazenta|Body Press|p1a: Kyurem
|-supereffective|p1a: Kyurem
|-damage|p1a: Kyurem|0 fnt
|faint|p1a: Kyurem
|
|-heal|p2a: Zamazenta|100/100|[from] item: Leftovers
|upkeep
|
|t:|1757788380
|switch|p1a: Landorus|Landorus-Therian, M|100/100
|-damage|p1a: Landorus|88/100|[from] Stealth Rock
|-ability|p1a: Landorus|Intimidate|boost
|-unboost|p2a: Zamazenta|atk|1
|turn|19
|
|t:|1757788382
|move|p2a: Zamazenta|Iron Defense|p2a: Zamazenta
|-boost|p2a: Zamazenta|def|2
|move|p1a: Landorus|Earth Power|p2a: Zamazenta
|-damage|p2a: Zamazenta|68/100
|
|-heal|p2a: Zamazenta|74/100|[from] item: Leftovers
|upkeep
|turn|20
|
|t:|1757788385
|move|p2a: Zamazenta|Body Press|p1a: Landorus
|-resisted|p1a: Landorus
|-damage|p1a: Landorus|39/100
|-damage|p2a: Zamazenta|58/100|[from] item: Rocky Helmet|[of] p1a: Landorus
|move|p1a: Landorus|Earth Power|p2a: Zamazenta
|-damage|p2a: Zamazenta|27/100
|
|-heal|p2a: Zamazenta|33/100|[from] item: Leftovers
|upkeep
|turn|21
|c|☆clean|ggs
|c|☆VertXXX|ggs
|
|t:|1757788390
|move|p2a: Zamazenta|Body Press|p1a: Landorus
|-resisted|p1a: Landorus
|-damage|p1a: Landorus|0 fnt
|-damage|p2a: Zamazenta|16/100|[from] item: Rocky Helmet|[of] p1a: Landorus
|faint|p1a: Landorus
|
|win|VertXXX
