|j|☆magical leaves
|j|☆Avl2121
|t:|1757822488
|gametype|singles
|player|p1|magical leaves|aromalady|1306
|player|p2|Avl2121|dragontamer|1228
|gen|9
|tier|[Gen 9] OU
|rated|
|rule|HP Percentage Mod: HP is shown in percentages
|rule|Endless Battle Clause: Forcing endless battles is banned
|rule|Species Clause: Limit one of each Pokémon
|rule|OHKO Clause: OHKO moves are banned
|rule|Evasion Items Clause: Evasion items are banned
|rule|Evasion Moves Clause: Evasion moves are banned
|rule|Evasion Abilities Clause: Evasion abilities are banned
|rule|Sleep Moves Clause: Sleep-inducing moves are banned
|clearpoke
|poke|p1|Iron Crown|
|poke|p1|Grimmsnarl, M|
|poke|p1|Kyurem|
|poke|p1|Great Tusk|
|poke|p1|Serperior, M|
|poke|p1|Primeape, F|
|poke|p2|Sinistcha-Masterpiece|
|poke|p2|Blaziken, M|
|poke|p2|Garganacl, M|
|poke|p2|Weavile, M|
|poke|p2|Iron Moth|
|poke|p2|Garchomp, M|
|teampreview
|inactive|Battle timer is ON: inactive players will automatically lose when time's up. (requested by magical leaves)
|
|t:|1757822522
|teamsize|p1|6
|teamsize|p2|6
|start
|switch|p1a: hambo|Grimmsnarl, M, shiny|100/100
|switch|p2a: Weavile|Weavile, M|100/100
|-ability|p2a: Weavile|Pressure
|turn|1
|
|t:|1757822546
|move|p2a: Weavile|Fake Out|p1a: hambo
|-damage|p1a: hambo|85/100
|-damage|p2a: Weavile|91/100|[from] item: Life Orb
|cant|p1a: hambo|flinch
|
|upkeep
|turn|2
|
|t:|1757822552
|move|p1a: hambo|Reflect|p1a: hambo
|-sidestart|p1: magical leaves|Reflect
|move|p2a: Weavile|Knock Off|p1a: hambo
|-resisted|p1a: hambo
|-damage|p1a: hambo|79/100
|-enditem|p1a: hambo|Light Clay|[from] move: Knock Off|[of] p2a: Weavile
|-damage|p2a: Weavile|81/100|[from] item: Life Orb
|
|upkeep
|turn|3
|
|t:|1757822561
|switch|p2a: Mothy|Iron Moth|100/100
|-enditem|p2a: Mothy|Booster Energy
|-activate|p2a: Mothy|ability: Quark Drive|[fromitem]
|-start|p2a: Mothy|quarkdrivespe
|move|p1a: hambo|Spirit Break|p2a: Mothy
|-resisted|p2a: Mothy
|-damage|p2a: Mothy|89/100
|-unboost|p2a: Mothy|spa|1
|
|upkeep
|turn|4
|
|t:|1757822572
|move|p1a: hambo|Light Screen|p1a: hambo
|-sidestart|p1: magical leaves|move: Light Screen
|move|p2a: Mothy|Fiery Dance|p1a: hambo
|-damage|p1a: hambo|65/100
|
|upkeep
|turn|5
|
|t:|1757822578
|move|p1a: hambo|Parting Shot|p2a: Mothy
|-unboost|p2a: Mothy|atk|1
|-unboost|p2a: Mothy|spa|1
|
|t:|1757822582
|switch|p1a: crush|Great Tusk|100/100|[from] Parting Shot
|move|p2a: Mothy|Fiery Dance|p1a: crush
|-damage|p1a: crush|93/100
|-boost|p2a: Mothy|spa|1
|
|upkeep
|turn|6
|
|t:|1757822596
|-end|p2a: Mothy|Quark Drive|[silent]
|switch|p2a: Sinistcha|Sinistcha-Masterpiece|100/100
|move|p1a: crush|Headlong Rush|p2a: Sinistcha
|-resisted|p2a: Sinistcha
|-damage|p2a: Sinistcha|71/100
|-unboost|p1a: crush|def|1
|-unboost|p1a: crush|spd|1
|
|upkeep
|turn|7
|
|t:|1757822605
|-end|p1a: crush|Protosynthesis|[silent]
|switch|p1a: ivy|Kyurem|100/100
|-ability|p1a: ivy|Pressure
|move|p2a: Sinistcha|Strength Sap|p1a: ivy
|-unboost|p1a: ivy|atk|1
|-heal|p2a: Sinistcha|100/100
|
|upkeep
|turn|8
|
|t:|1757822616
|-terastallize|p2a: Sinistcha|Dark
|move|p1a: ivy|Dragon Dance|p1a: ivy
|-boost|p1a: ivy|atk|1
|-boost|p1a: ivy|spe|1
|move|p2a: Sinistcha|Calm Mind|p2a: Sinistcha
|-boost|p2a: Sinistcha|spa|1
|-boost|p2a: Sinistcha|spd|1
|
|-sideend|p1: magical leaves|move: Light Screen
|upkeep
|turn|9
|
|t:|1757822633
|switch|p1a: diet coke|Primeape, F|100/100
|move|p2a: Sinistcha|Matcha Gotcha|p1a: diet coke|[miss]
|-miss|p2a: Sinistcha|p1a: diet coke
|
|-sideend|p1: magical leaves|Reflect
|upkeep
|turn|10
|
|t:|1757822644
|move|p1a: diet coke|Bulk Up|p1a: diet coke
|-boost|p1a: diet coke|atk|1
|-boost|p1a: diet coke|def|1
|move|p2a: Sinistcha|Strength Sap|p1a: diet coke
|-unboost|p1a: diet coke|atk|1
|-ability|p1a: diet coke|Defiant|boost
|-boost|p1a: diet coke|atk|2
|
|upkeep
|turn|11
|
|t:|1757822652
|move|p1a: diet coke|Drain Punch|p2a: Sinistcha
|-supereffective|p2a: Sinistcha
|-damage|p2a: Sinistcha|0 fnt
|faint|p2a: Sinistcha
|
|upkeep
|
|t:|1757822660
|switch|p2a: Weavile|Weavile, M|81/100
|-ability|p2a: Weavile|Pressure
|turn|12
|
|t:|1757822668
|move|p2a: Weavile|Fake Out|p1a: diet coke
|-damage|p1a: diet coke|88/100
|-damage|p2a: Weavile|71/100|[from] item: Life Orb
|cant|p1a: diet coke|flinch
|
|upkeep
|turn|13
|
|t:|1757822674
|move|p2a: Weavile|Knock Off|p1a: diet coke
|-resisted|p1a: diet coke
|-damage|p1a: diet coke|66/100
|-enditem|p1a: diet coke|Eviolite|[from] move: Knock Off|[of] p2a: Weavile
|-damage|p2a: Weavile|61/100|[from] item: Life Orb
|move|p1a: diet coke|Drain Punch|p2a: Weavile
|-supereffective|p2a: Weavile
|-damage|p2a: Weavile|0 fnt
|-heal|p1a: diet coke|92/100|[from] drain|[of] p2a: Weavile
|faint|p2a: Weavile
|
|upkeep
|
|t:|1757822677
|switch|p2a: Mothy|Iron Moth|89/100
|turn|14
|
|t:|1757822691
|move|p2a: Mothy|Fiery Dance|p1a: diet coke
|-damage|p1a: diet coke|54/100
|move|p1a: diet coke|Rage Fist|p2a: Mothy
|-damage|p2a: Mothy|0 fnt
|faint|p2a: Mothy
|-end|p2a: Mothy|Quark Drive|[silent]
|
|upkeep
|
|t:|1757822697
|switch|p2a: Blaziken|Blaziken, M|100/100
|turn|15
|
|t:|1757822705
|move|p2a: Blaziken|Protect|p2a: Blaziken
|-singleturn|p2a: Blaziken|Protect
|move|p1a: diet coke|Rage Fist|p2a: Blaziken
|-activate|p2a: Blaziken|move: Protect
|
|-ability|p2a: Blaziken|Speed Boost|boost
|-boost|p2a: Blaziken|spe|1
|upkeep
|turn|16
|
|t:|1757822718
|move|p2a: Blaziken|Flare Blitz|p1a: diet coke
|-damage|p1a: diet coke|0 fnt
|faint|p1a: diet coke
|-damage|p2a: Blaziken|81/100|[from] Recoil
|
|-heal|p2a: Blaziken|87/100|[from] item: Leftovers
|-ability|p2a: Blaziken|Speed Boost|boost
|-boost|p2a: Blaziken|spe|1
|upkeep
|l|☆Avl2121
|inactive|Avl2121 disconnected and has a minute to reconnect!
|player|p2|
|
|t:|1757822733
|switch|p1a: hambo|Grimmsnarl, M, shiny|65/100
|turn|17
|j|☆Avl2121
|inactive|Avl2121 reconnected and has 145 seconds left.
|player|p2|Avl2121|dragontamer|
|
|t:|1757822744
|move|p1a: hambo|Reflect|p1a: hambo
|-sidestart|p1: magical leaves|Reflect
|move|p2a: Blaziken|Close Combat|p1a: hambo
|-crit|p1a: hambo
|-damage|p1a: hambo|0 fnt
|-unboost|p2a: Blaziken|def|1
|-unboost|p2a: Blaziken|spd|1
|faint|p1a: hambo
|
|-heal|p2a: Blaziken|93/100|[from] item: Leftovers
|-ability|p2a: Blaziken|Speed Boost|boost
|-boost|p2a: Blaziken|spe|1
|upkeep
|
|t:|1757822759
|switch|p1a: MCQUEEN|Iron Crown|100/100
|turn|18
|
|t:|1757822763
|move|p2a: Blaziken|Flare Blitz|p1a: MCQUEEN
|-supereffective|p1a: MCQUEEN
|-damage|p1a: MCQUEEN|35/100
|-enditem|p1a: MCQUEEN|Weakness Policy
|-boost|p1a: MCQUEEN|atk|2|[from] item: Weakness Policy
|-boost|p1a: MCQUEEN|spa|2|[from] item: Weakness Policy
|-damage|p2a: Blaziken|69/100|[from] Recoil
|move|p1a: MCQUEEN|Agility|p1a: MCQUEEN
|-boost|p1a: MCQUEEN|spe|2
|
|-heal|p2a: Blaziken|75/100|[from] item: Leftovers
|-ability|p2a: Blaziken|Speed Boost|boost
|-boost|p2a: Blaziken|spe|1
|upkeep
|turn|19
|
|t:|1757822776
|move|p2a: Blaziken|Flare Blitz|p1a: MCQUEEN
|-supereffective|p1a: MCQUEEN
|-damage|p1a: MCQUEEN|0 fnt
|faint|p1a: MCQUEEN
|-end|p1a: MCQUEEN|Quark Drive|[silent]
|-damage|p2a: Blaziken|62/100|[from] Recoil
|
|-heal|p2a: Blaziken|68/100|[from] item: Leftovers
|-ability|p2a: Blaziken|Speed Boost|boost
|-boost|p2a: Blaziken|spe|1
|upkeep
|
|t:|1757822786
|switch|p1a: crush|Great Tusk|93/100
|turn|20
|
|t:|1757822791
|move|p2a: Blaziken|Protect|p2a: Blaziken
|-singleturn|p2a: Blaziken|Protect
|move|p1a: crush|Headlong Rush|p2a: Blaziken
|-activate|p2a: Blaziken|move: Protect
|
|-heal|p2a: Blaziken|74/100|[from] item: Leftovers
|-ability|p2a: Blaziken|Speed Boost|boost
|-boost|p2a: Blaziken|spe|1
|upkeep
|turn|21
|
|t:|1757822800
|switch|p2a: Something|Garchomp, M|100/100
|move|p1a: crush|Headlong Rush|p2a: Something
|-damage|p2a: Something|36/100
|-unboost|p1a: crush|def|1
|-unboost|p1a: crush|spd|1
|-damage|p1a: crush|81/100|[from] ability: Rough Skin|[of] p2a: Something
|
|-heal|p2a: Something|42/100|[from] item: Leftovers
|-sideend|p1: magical leaves|Reflect
|upkeep
|turn|22
|
|t:|1757822813
|move|p2a: Something|Earthquake|p1a: crush
|-damage|p1a: crush|21/100
|move|p1a: crush|Ice Spinner|p2a: Something
|-supereffective|p2a: Something
|-damage|p2a: Something|0 fnt
|-damage|p1a: crush|9/100|[from] ability: Rough Skin|[of] p2a: Something
|faint|p2a: Something
|
|upkeep
|
|t:|1757822816
|switch|p2a: Blaziken|Blaziken, M|74/100
|turn|23
|
|t:|1757822824
|move|p2a: Blaziken|Protect|p2a: Blaziken
|-singleturn|p2a: Blaziken|Protect
|move|p1a: crush|Headlong Rush|p2a: Blaziken
|-activate|p2a: Blaziken|move: Protect
|
|-heal|p2a: Blaziken|80/100|[from] item: Leftovers
|-ability|p2a: Blaziken|Speed Boost|boost
|-boost|p2a: Blaziken|spe|1
|upkeep
|turn|24
|
|t:|1757822833
|move|p2a: Blaziken|Flare Blitz|p1a: crush
|-damage|p1a: crush|0 fnt
|faint|p1a: crush
|-end|p1a: crush|Protosynthesis|[silent]
|-damage|p2a: Blaziken|77/100|[from] Recoil
|
|-heal|p2a: Blaziken|83/100|[from] item: Leftovers
|-ability|p2a: Blaziken|Speed Boost|boost
|-boost|p2a: Blaziken|spe|1
|upkeep
|
|t:|1757822842
|switch|p1a: ivy|Kyurem|100/100
|-ability|p1a: ivy|Pressure
|turn|25
|
|t:|1757822851
|-terastallize|p1a: ivy|Ground
|move|p2a: Blaziken|Close Combat|p1a: ivy
|-damage|p1a: ivy|39/100
|-unboost|p2a: Blaziken|def|1
|-unboost|p2a: Blaziken|spd|1
|move|p1a: ivy|Tera Blast|p2a: Blaziken|[anim] Tera Blast Ground
|-supereffective|p2a: Blaziken
|-damage|p2a: Blaziken|0 fnt
|faint|p2a: Blaziken
|
|upkeep
|
|t:|1757822853
|switch|p2a: Garganacl|Garganacl, M|100/100
|turn|26
|
|t:|1757822864
|move|p1a: ivy|Tera Blast|p2a: Garganacl|[anim] Tera Blast Ground
|-supereffective|p2a: Garganacl
|-damage|p2a: Garganacl|60/100
|move|p2a: Garganacl|Salt Cure|p1a: ivy
|-resisted|p1a: ivy
|-crit|p1a: ivy
|-damage|p1a: ivy|29/100
|-start|p1a: ivy|Salt Cure
|
|-heal|p2a: Garganacl|66/100|[from] item: Leftovers
|-damage|p1a: ivy|17/100|[from] Salt Cure
|upkeep
|turn|27
|
|t:|1757822881
|move|p2a: Garganacl|Protect|p2a: Garganacl
|-singleturn|p2a: Garganacl|Protect
|move|p1a: ivy|Scale Shot|p2a: Garganacl
|-activate|p2a: Garganacl|move: Protect
|
|-heal|p2a: Garganacl|72/100|[from] item: Leftovers
|-damage|p1a: ivy|4/100|[from] Salt Cure
|upkeep
|turn|28
|
|t:|1757822892
|move|p1a: ivy|Scale Shot|p2a: Garganacl
|-damage|p2a: Garganacl|66/100
|-damage|p2a: Garganacl|59/100
|-damage|p2a: Garganacl|51/100
|-damage|p2a: Garganacl|44/100
|-damage|p2a: Garganacl|37/100
|-hitcount|p2a: Garganacl|5
|-unboost|p1a: ivy|def|1
|-boost|p1a: ivy|spe|1
|move|p2a: Garganacl|Recover|p2a: Garganacl
|-heal|p2a: Garganacl|87/100
|
|-heal|p2a: Garganacl|93/100|[from] item: Leftovers
|-damage|p1a: ivy|0 fnt|[from] Salt Cure
|faint|p1a: ivy
|upkeep
|
|t:|1757822908
|switch|p1a: twister|Serperior, M|100/100
|turn|29
|
|t:|1757822911
|move|p1a: twister|Leaf Storm|p2a: Garganacl
|-supereffective|p2a: Garganacl
|-damage|p2a: Garganacl|0 fnt
|-boost|p1a: twister|spa|2
|faint|p2a: Garganacl
|-damage|p1a: twister|91/100|[from] item: Life Orb
|
|win|magical leaves
|raw|magical leaves's rating: 1306 &rarr; <strong>1322</strong><br />(+16 for winning)
|raw|Avl2121's rating: 1228 &rarr; <strong>1209</strong><br />(-19 for losing)
|l|☆Avl2121
|player|p2|
