|j|☆xXb1llyXx
|j|☆STRONGPPMAIN6969
|t:|1757904204
|gametype|singles
|player|p1|xXb1llyXx|backpackerf|1647
|player|p2|STRONGPPMAIN6969|clown|1675
|gen|9
|tier|[Gen 9] OU
|rated|
|rule|HP Percentage Mod: HP is shown in percentages
|rule|Endless Battle Clause: Forcing endless battles is banned
|rule|Species Clause: Limit one of each Pokémon
|rule|OHKO Clause: OHKO moves are banned
|rule|Evasion Items Clause: Evasion items are banned
|rule|Evasion Moves Clause: Evasion moves are banned
|rule|Evasion Abilities Clause: Evasion abilities are banned
|rule|Sleep Moves Clause: Sleep-inducing moves are banned
|clearpoke
|poke|p1|Raging Bolt|
|poke|p1|Zamazenta-*|
|poke|p1|Ting-Lu|
|poke|p1|Tornadus-Therian, M|
|poke|p1|Gholdengo|
|poke|p1|Iron Treads|
|poke|p2|Pecharunt|
|poke|p2|Great Tusk|
|poke|p2|Ogerpon-Wellspring, F|
|poke|p2|Iron Crown|
|poke|p2|Landorus-Therian, M|
|poke|p2|Samurott-Hisui, F|
|teampreview
|inactive|Battle timer is ON: inactive players will automatically lose when time's up. (requested by xXb1llyXx)
|inactive|STRONGPPMAIN6969 has 120 seconds left.
|
|t:|1757904252
|teamsize|p1|6
|teamsize|p2|6
|start
|switch|p1a: Tornadus|Tornadus-Therian, M|100/100
|switch|p2a: Samurott|Samurott-Hisui, F|100/100
|turn|1
|
|t:|1757904258
|move|p1a: Tornadus|Bleakwind Storm|p2a: Samurott
|-damage|p2a: Samurott|48/100
|-damage|p1a: Tornadus|91/100|[from] item: Life Orb
|move|p2a: Samurott|Ceaseless Edge|p1a: Tornadus
|-damage|p1a: Tornadus|29/100
|-sidestart|p1: xXb1llyXx|Spikes
|
|upkeep
|turn|2
|
|t:|1757904278
|move|p1a: Tornadus|Bleakwind Storm|p2a: Samurott
|-damage|p2a: Samurott|0 fnt
|faint|p2a: Samurott
|-damage|p1a: Tornadus|20/100|[from] item: Life Orb
|
|upkeep
|
|t:|1757904283
|switch|p2a: Great Tusk|Great Tusk|100/100
|-enditem|p2a: Great Tusk|Booster Energy
|-activate|p2a: Great Tusk|ability: Protosynthesis|[fromitem]
|-start|p2a: Great Tusk|protosynthesisspe
|turn|3
|
|t:|1757904299
|move|p2a: Great Tusk|Stealth Rock|p1a: Tornadus
|-sidestart|p1: xXb1llyXx|move: Stealth Rock
|move|p1a: Tornadus|Bleakwind Storm|p2a: Great Tusk|[miss]
|-miss|p1a: Tornadus|p2a: Great Tusk
|
|upkeep
|turn|4
|c|☆xXb1llyXx|brooo
|c|☆xXb1llyXx|you got bailed
|c|☆STRONGPPMAIN6969|trueeeee
|
|t:|1757904322
|move|p2a: Great Tusk|Knock Off|p1a: Tornadus
|-damage|p1a: Tornadus|0 fnt
|-enditem|p1a: Tornadus|Life Orb|[from] move: Knock Off|[of] p2a: Great Tusk
|faint|p1a: Tornadus
|
|upkeep
|
|t:|1757904326
|switch|p1a: Zamazenta|Zamazenta|100/100
|-damage|p1a: Zamazenta|88/100|[from] Spikes
|-damage|p1a: Zamazenta|82/100|[from] Stealth Rock
|-ability|p1a: Zamazenta|Dauntless Shield|boost
|-boost|p1a: Zamazenta|def|1
|turn|5
|inactive|STRONGPPMAIN6969 has 120 seconds left.
|c|☆STRONGPPMAIN6969|tbf hitting bleakwind storm 3x in a row == .8^3 ~=0.5
|
|t:|1757904367
|-end|p2a: Great Tusk|Protosynthesis|[silent]
|switch|p2a: Pecharunt|Pecharunt|100/100
|switch|p1a: Gholdengo|Gholdengo|100/100
|-damage|p1a: Gholdengo|94/100|[from] Stealth Rock
|-item|p1a: Gholdengo|Air Balloon
|
|upkeep
|turn|6
|c|☆xXb1llyXx|true but still
|
|t:|1757904380
|switch|p2a: Landorus|Landorus-Therian, M|100/100
|-ability|p2a: Landorus|Intimidate|boost
|-unboost|p1a: Gholdengo|atk|1
|move|p1a: Gholdengo|Shadow Ball|p2a: Landorus
|-damage|p2a: Landorus|48/100
|
|upkeep
|turn|7
|
|t:|1757904386
|move|p2a: Landorus|U-turn|p1a: Gholdengo
|-resisted|p1a: Gholdengo
|-damage|p1a: Gholdengo|87/100
|-enditem|p1a: Gholdengo|Air Balloon
|c|☆STRONGPPMAIN6969|yeah still lucky
|inactive|STRONGPPMAIN6969 has 120 seconds left.
|
|t:|1757904394
|switch|p2a: Ogerpon|Ogerpon-Wellspring, F|100/100|[from] U-turn
|move|p1a: Gholdengo|Shadow Ball|p2a: Ogerpon
|-damage|p2a: Ogerpon|63/100
|
|upkeep
|turn|8
|inactive|xXb1llyXx has 120 seconds left.
|
|t:|1757904430
|switch|p1a: Zamazenta|Zamazenta|82/100
|-damage|p1a: Zamazenta|70/100|[from] Spikes
|-damage|p1a: Zamazenta|63/100|[from] Stealth Rock
|move|p2a: Ogerpon|Synthesis|p2a: Ogerpon
|-heal|p2a: Ogerpon|100/100
|
|-heal|p1a: Zamazenta|70/100|[from] item: Leftovers
|upkeep
|turn|9
|inactive|xXb1llyXx has 120 seconds left.
|
|t:|1757904438
|switch|p2a: Pecharunt|Pecharunt|100/100
|move|p1a: Zamazenta|Crunch|p2a: Pecharunt
|-supereffective|p2a: Pecharunt
|-damage|p2a: Pecharunt|80/100
|-damage|p1a: Zamazenta|53/100|[from] item: Rocky Helmet|[of] p2a: Pecharunt
|
|-heal|p1a: Zamazenta|59/100|[from] item: Leftovers
|upkeep
|turn|10
|inactive|xXb1llyXx has 120 seconds left.
|
|t:|1757904448
|switch|p1a: Ting-Lu|Ting-Lu|100/100
|-damage|p1a: Ting-Lu|88/100|[from] Spikes
|-damage|p1a: Ting-Lu|82/100|[from] Stealth Rock
|-ability|p1a: Ting-Lu|Vessel of Ruin
|switch|p2a: Landorus|Landorus-Therian, M|48/100
|-ability|p2a: Landorus|Intimidate|boost
|-unboost|p1a: Ting-Lu|atk|1
|
|upkeep
|turn|11
|
|t:|1757904451
|move|p2a: Landorus|U-turn|p1a: Ting-Lu
|-supereffective|p1a: Ting-Lu
|-damage|p1a: Ting-Lu|53/100
|-enditem|p1a: Ting-Lu|Weakness Policy
|-boost|p1a: Ting-Lu|atk|2|[from] item: Weakness Policy
|-boost|p1a: Ting-Lu|spa|2|[from] item: Weakness Policy
|
|t:|1757904461
|switch|p2a: Ogerpon|Ogerpon-Wellspring, F|100/100|[from] U-turn
|move|p1a: Ting-Lu|Stealth Rock|p2a: Ogerpon
|-sidestart|p2: STRONGPPMAIN6969|move: Stealth Rock
|
|upkeep
|turn|12
|
|t:|1757904468
|move|p2a: Ogerpon|Swords Dance|p2a: Ogerpon
|-boost|p2a: Ogerpon|atk|2
|move|p1a: Ting-Lu|Throat Chop|p2a: Ogerpon
|-damage|p2a: Ogerpon|46/100
|-start|p2a: Ogerpon|Throat Chop|[silent]
|
|upkeep
|turn|13
|
|t:|1757904474
|move|p2a: Ogerpon|Ivy Cudgel|p1a: Ting-Lu|[anim] Ivy Cudgel Water
|-supereffective|p1a: Ting-Lu
|-damage|p1a: Ting-Lu|0 fnt
|faint|p1a: Ting-Lu
|
|-end|p2a: Ogerpon|Throat Chop|[silent]
|upkeep
|
|t:|1757904479
|switch|p1a: Zamazenta|Zamazenta|59/100
|-damage|p1a: Zamazenta|47/100|[from] Spikes
|-damage|p1a: Zamazenta|41/100|[from] Stealth Rock
|turn|14
|
|t:|1757904487
|move|p1a: Zamazenta|Body Press|p2a: Ogerpon
|-damage|p2a: Ogerpon|14/100
|move|p2a: Ogerpon|Ivy Cudgel|p1a: Zamazenta|[anim] Ivy Cudgel Water
|-damage|p1a: Zamazenta|0 fnt
|faint|p1a: Zamazenta
|
|upkeep
|
|t:|1757904493
|switch|p1a: Iron Treads|Iron Treads|100/100
|-damage|p1a: Iron Treads|88/100|[from] Spikes
|-damage|p1a: Iron Treads|85/100|[from] Stealth Rock
|-enditem|p1a: Iron Treads|Booster Energy
|-activate|p1a: Iron Treads|ability: Quark Drive|[fromitem]
|-start|p1a: Iron Treads|quarkdrivespe
|turn|15
|
|t:|1757904507
|move|p1a: Iron Treads|Rapid Spin|p2a: Ogerpon
|-damage|p2a: Ogerpon|0 fnt
|-boost|p1a: Iron Treads|spe|1
|-sideend|p1: xXb1llyXx|Spikes|[from] move: Rapid Spin|[of] p1a: Iron Treads
|-sideend|p1: xXb1llyXx|Stealth Rock|[from] move: Rapid Spin|[of] p1a: Iron Treads
|faint|p2a: Ogerpon
|
|upkeep
|
|t:|1757904511
|switch|p2a: Landorus|Landorus-Therian, M|48/100
|-damage|p2a: Landorus|35/100|[from] Stealth Rock
|-ability|p2a: Landorus|Intimidate|boost
|-unboost|p1a: Iron Treads|atk|1
|turn|16
|
|t:|1757904514
|move|p1a: Iron Treads|Ice Spinner|p2a: Landorus
|-supereffective|p2a: Landorus
|-damage|p2a: Landorus|0 fnt
|faint|p2a: Landorus
|
|upkeep
|
|t:|1757904516
|switch|p2a: Great Tusk|Great Tusk|100/100
|-damage|p2a: Great Tusk|98/100|[from] Stealth Rock
|turn|17
|
|t:|1757904521
|move|p1a: Iron Treads|Ice Spinner|p2a: Great Tusk
|-supereffective|p2a: Great Tusk
|-damage|p2a: Great Tusk|77/100
|move|p2a: Great Tusk|Headlong Rush|p1a: Iron Treads
|-supereffective|p1a: Iron Treads
|-damage|p1a: Iron Treads|0 fnt
|-unboost|p2a: Great Tusk|def|1
|-unboost|p2a: Great Tusk|spd|1
|faint|p1a: Iron Treads
|-end|p1a: Iron Treads|Quark Drive|[silent]
|
|upkeep
|
|t:|1757904533
|switch|p1a: Raging Bolt|Raging Bolt|100/100
|-enditem|p1a: Raging Bolt|Booster Energy
|-activate|p1a: Raging Bolt|ability: Protosynthesis|[fromitem]
|-start|p1a: Raging Bolt|protosynthesisspa
|turn|18
|
|t:|1757904547
|-end|p2a: Great Tusk|Protosynthesis|[silent]
|switch|p2a: Pecharunt|Pecharunt|80/100
|-damage|p2a: Pecharunt|68/100|[from] Stealth Rock
|move|p1a: Raging Bolt|Dragon Pulse|p2a: Pecharunt
|-damage|p2a: Pecharunt|3/100
|
|upkeep
|turn|19
|
|t:|1757904556
|move|p2a: Pecharunt|Parting Shot|p1a: Raging Bolt
|-unboost|p1a: Raging Bolt|atk|1
|-unboost|p1a: Raging Bolt|spa|1
|
|t:|1757904561
|switch|p2a: Iron Crown|Iron Crown|100/100|[from] Parting Shot
|-damage|p2a: Iron Crown|94/100|[from] Stealth Rock
|move|p1a: Raging Bolt|Thunderbolt|p2a: Iron Crown
|-damage|p2a: Iron Crown|46/100
|
|upkeep
|turn|20
|
|t:|1757904577
|-end|p2a: Iron Crown|Quark Drive|[silent]
|switch|p2a: Great Tusk|Great Tusk|77/100
|-damage|p2a: Great Tusk|74/100|[from] Stealth Rock
|move|p1a: Raging Bolt|Calm Mind|p1a: Raging Bolt
|-boost|p1a: Raging Bolt|spa|1
|-boost|p1a: Raging Bolt|spd|1
|
|upkeep
|turn|21
|
|t:|1757904585
|-terastallize|p1a: Raging Bolt|Fairy
|move|p2a: Great Tusk|Headlong Rush|p1a: Raging Bolt
|-damage|p1a: Raging Bolt|62/100
|-unboost|p2a: Great Tusk|def|1
|-unboost|p2a: Great Tusk|spd|1
|move|p1a: Raging Bolt|Dragon Pulse|p2a: Great Tusk
|-damage|p2a: Great Tusk|0 fnt
|faint|p2a: Great Tusk
|-end|p2a: Great Tusk|Protosynthesis|[silent]
|
|upkeep
|
|t:|1757904590
|switch|p2a: Iron Crown|Iron Crown|46/100
|-damage|p2a: Iron Crown|39/100|[from] Stealth Rock
|turn|22
|
|t:|1757904594
|-terastallize|p2a: Iron Crown|Electric
|move|p1a: Raging Bolt|Thunderclap|p2a: Iron Crown
|-resisted|p2a: Iron Crown
|-damage|p2a: Iron Crown|10/100
|move|p2a: Iron Crown|Tachyon Cutter|p1a: Raging Bolt
|-supereffective|p1a: Raging Bolt
|-damage|p1a: Raging Bolt|23/100
|-supereffective|p1a: Raging Bolt
|-damage|p1a: Raging Bolt|0 fnt
|faint|p1a: Raging Bolt
|-end|p1a: Raging Bolt|Protosynthesis|[silent]
|-hitcount|p1: Raging Bolt|2
|
|upkeep
|
|t:|1757904600
|switch|p1a: Gholdengo|Gholdengo|87/100
|turn|23
|
|t:|1757904611
|-end|p2a: Iron Crown|Quark Drive|[silent]
|switch|p2a: Pecharunt|Pecharunt|3/100
|-damage|p2a: Pecharunt|0 fnt|[from] Stealth Rock
|faint|p2a: Pecharunt
|move|p1a: Gholdengo|Shadow Ball|p2: Pecharunt|[notarget]
|-fail|p1a: Gholdengo
|
|upkeep
|
|t:|1757904613
|switch|p2a: Iron Crown|Iron Crown, tera:Electric|10/100
|-damage|p2a: Iron Crown|0 fnt|[from] Stealth Rock
|faint|p2a: Iron Crown
|-end|p2a: Iron Crown|Quark Drive|[silent]
|
|win|xXb1llyXx
|raw|xXb1llyXx's rating: 1647 &rarr; <strong>1669</strong><br />(+22 for winning)
|raw|STRONGPPMAIN6969's rating: 1675 &rarr; <strong>1653</strong><br />(-22 for losing)
|c|☆STRONGPPMAIN6969|gg
|c|☆xXb1llyXx|gg
|l|☆STRONGPPMAIN6969
|player|p2|
