|j|☆Dizzydwarf99
|j|☆let's shuckin go
|t:|1757942291
|gametype|singles
|player|p1|Dizzydwarf99|cheryl|1506
|player|p2|let's shuckin go|acetrainer-gen4dp|1486
|gen|9
|tier|[Gen 9] OU
|rated|
|rule|HP Percentage Mod: HP is shown in percentages
|rule|Endless Battle Clause: Forcing endless battles is banned
|rule|Species Clause: Limit one of each Pokémon
|rule|OHKO Clause: OHKO moves are banned
|rule|Evasion Items Clause: Evasion items are banned
|rule|Evasion Moves Clause: Evasion moves are banned
|rule|Evasion Abilities Clause: Evasion abilities are banned
|rule|Sleep Moves Clause: Sleep-inducing moves are banned
|clearpoke
|poke|p1|Volcanion|
|poke|p1|Chesnaught, M|
|poke|p1|Scream Tail|
|poke|p1|Great Tusk|
|poke|p1|Tornadus-Therian, M|
|poke|p1|Toxtricity, M|
|poke|p2|Samurott-Hisui, M|
|poke|p2|Gholdengo|
|poke|p2|Landorus-Therian, M|
|poke|p2|Meowscarada, F|
|poke|p2|Iron Valiant|
|poke|p2|Ogerpon-Wellspring, F|
|teampreview
|inactive|Battle timer is ON: inactive players will automatically lose when time's up. (requested by Dizzydwarf99)
|j| jrwy
|
|t:|1757942303
|teamsize|p1|6
|teamsize|p2|6
|start
|switch|p1a: Tornadus|Tornadus-Therian, M|100/100
|switch|p2a: Landorus|Landorus-Therian, M, shiny|100/100
|-ability|p2a: Landorus|Intimidate|boost
|-unboost|p1a: Tornadus|atk|1
|turn|1
|
|t:|1757942311
|move|p1a: Tornadus|Bleakwind Storm|p2a: Landorus
|-damage|p2a: Landorus|40/100
|move|p2a: Landorus|Stealth Rock|p1a: Tornadus
|-sidestart|p1: Dizzydwarf99|move: Stealth Rock
|
|upkeep
|turn|2
|
|t:|1757942318
|move|p1a: Tornadus|U-turn|p2a: Landorus
|-resisted|p2a: Landorus
|-damage|p2a: Landorus|34/100
|-damage|p1a: Tornadus|84/100|[from] item: Rocky Helmet|[of] p2a: Landorus
|
|t:|1757942319
|switch|p1a: Chesnaught|Chesnaught, M, shiny|100/100|[from] U-turn
|-damage|p1a: Chesnaught|94/100|[from] Stealth Rock
|move|p2a: Landorus|U-turn|p1a: Chesnaught
|-damage|p1a: Chesnaught|79/100
|-damage|p2a: Landorus|18/100|[from] item: Rocky Helmet|[of] p1a: Chesnaught
|
|t:|1757942330
|switch|p2a: Iron Valiant|Iron Valiant, shiny|100/100|[from] U-turn
|
|upkeep
|turn|3
|
|t:|1757942346
|switch|p1a: Scream Tail|Scream Tail|100/100
|-damage|p1a: Scream Tail|88/100|[from] Stealth Rock
|move|p2a: Iron Valiant|Moonblast|p1a: Scream Tail
|-damage|p1a: Scream Tail|41/100
|
|-heal|p1a: Scream Tail|47/100|[from] item: Leftovers
|upkeep
|turn|4
|l| jrwy
|
|t:|1757942357
|move|p1a: Scream Tail|Protect|p1a: Scream Tail
|-singleturn|p1a: Scream Tail|Protect
|move|p2a: Iron Valiant|Moonblast|p1a: Scream Tail
|-activate|p1a: Scream Tail|move: Protect
|
|-heal|p1a: Scream Tail|53/100|[from] item: Leftovers
|upkeep
|turn|5
|
|t:|1757942366
|-terastallize|p2a: Iron Valiant|Fairy
|move|p2a: Iron Valiant|Moonblast|p1a: Scream Tail
|-damage|p1a: Scream Tail|0 fnt
|faint|p1a: Scream Tail
|-end|p1a: Scream Tail|Protosynthesis|[silent]
|
|upkeep
|
|t:|1757942372
|switch|p1a: Toxtricity|Toxtricity, M|100/100
|-damage|p1a: Toxtricity|88/100|[from] Stealth Rock
|turn|6
|
|t:|1757942377
|-end|p2a: Iron Valiant|Quark Drive|[silent]
|switch|p2a: Gholdengo|Gholdengo, shiny|100/100
|-item|p2a: Gholdengo|Air Balloon
|move|p1a: Toxtricity|Boomburst|p2a: Gholdengo
|-immune|p2a: Gholdengo
|
|upkeep
|turn|7
|
|t:|1757942390
|move|p2a: Gholdengo|Shadow Ball|p1a: Toxtricity
|-damage|p1a: Toxtricity|25/100
|move|p1a: Toxtricity|Boomburst|p2a: Gholdengo
|-immune|p2a: Gholdengo
|
|upkeep
|turn|8
|-message|Dizzydwarf99 forfeited.
|
|win|let's shuckin go
|raw|Dizzydwarf99's rating: 1506 &rarr; <strong>1485</strong><br />(-21 for losing)
|raw|let&apos;s shuckin go's rating: 1486 &rarr; <strong>1507</strong><br />(+21 for winning)
|l|☆Dizzydwarf99
|player|p1|
|l|☆let's shuckin go
|player|p2|
