|j|☆rebuhl
|j|☆William will
|t:|1757821065
|gametype|singles
|player|p1|rebuhl|101|1039
|player|p2|William will|101|1072
|gen|9
|tier|[Gen 9] OU
|rated|
|rule|HP Percentage Mod: HP is shown in percentages
|rule|Endless Battle Clause: Forcing endless battles is banned
|rule|Species Clause: Limit one of each Pokémon
|rule|OHKO Clause: OHKO moves are banned
|rule|Evasion Items Clause: Evasion items are banned
|rule|Evasion Moves Clause: Evasion moves are banned
|rule|Evasion Abilities Clause: Evasion abilities are banned
|rule|Sleep Moves Clause: Sleep-inducing moves are banned
|clearpoke
|poke|p1|Slowking-Galar, F|
|poke|p1|Hatterene, F|
|poke|p1|Zamazenta-*|
|poke|p1|Moltres|
|poke|p1|Iron Valiant|
|poke|p1|Glimmora, F|
|poke|p2|Cinderace, M|
|poke|p2|Malamar, F|
|poke|p2|Corviknight, M|
|poke|p2|Gengar, M|
|poke|p2|Ogerpon-Wellspring, F|
|poke|p2|Sylveon, F|
|teampreview
|
|t:|1757821078
|teamsize|p1|6
|teamsize|p2|6
|start
|switch|p1a: Slowking|Slowking-Galar, F|100/100
|switch|p2a: Ogerpon|Ogerpon-Wellspring, F|100/100
|turn|1
|
|t:|1757821089
|move|p2a: Ogerpon|Protect|p2a: Ogerpon
|-singleturn|p2a: Ogerpon|Protect
|move|p1a: Slowking|Thunder Wave|p2a: Ogerpon
|-activate|p2a: Ogerpon|move: Protect
|
|upkeep
|turn|2
|
|t:|1757821099
|move|p2a: Ogerpon|Ivy Cudgel|p1a: Slowking|[anim] Ivy Cudgel Water
|-damage|p1a: Slowking|38/100
|move|p1a: Slowking|Thunder Wave|p2a: Ogerpon
|-status|p2a: Ogerpon|par
|
|upkeep
|turn|3
|inactive|Battle timer is ON: inactive players will automatically lose when time's up. (requested by William will)
|
|t:|1757821106
|cant|p2a: Ogerpon|par
|-prepare|p1a: Slowking|Chilly Reception|[premajor]
|move|p1a: Slowking|Chilly Reception|p1a: Slowking
|-weather|Snowscape
|
|t:|1757821119
|switch|p1a: Glimmora|Glimmora, F|100/100|[from] Chilly Reception
|
|-weather|Snowscape|[upkeep]
|upkeep
|turn|4
|
|t:|1757821126
|move|p1a: Glimmora|Stealth Rock|p2a: Ogerpon
|-sidestart|p2: William will|move: Stealth Rock
|move|p2a: Ogerpon|Ivy Cudgel|p1a: Glimmora|[anim] Ivy Cudgel Water
|-supereffective|p1a: Glimmora
|-damage|p1a: Glimmora|0 fnt
|-activate|p1a: Glimmora|ability: Toxic Debris
|-sidestart|p2: William will|move: Toxic Spikes
|faint|p1a: Glimmora
|
|-weather|Snowscape|[upkeep]
|upkeep
|
|t:|1757821146
|switch|p1a: Zamazenta|Zamazenta|100/100
|-ability|p1a: Zamazenta|Dauntless Shield|boost
|-boost|p1a: Zamazenta|def|1
|turn|5
|
|t:|1757821160
|move|p1a: Zamazenta|Close Combat|p2a: Ogerpon
|-damage|p2a: Ogerpon|0 fnt
|-unboost|p1a: Zamazenta|def|1
|-unboost|p1a: Zamazenta|spd|1
|faint|p2a: Ogerpon
|
|-weather|Snowscape|[upkeep]
|upkeep
|
|t:|1757821166
|switch|p2a: Gengar|Gengar, M|100/100
|-damage|p2a: Gengar|88/100|[from] Stealth Rock
|-sideend|p2: William will|move: Toxic Spikes|[of] p2a: Gengar
|turn|6
|
|t:|1757821177
|switch|p1a: Moltres|Moltres|100/100
|move|p2a: Gengar|Will-O-Wisp|p1a: Moltres
|-immune|p1a: Moltres
|
|-weather|Snowscape|[upkeep]
|upkeep
|turn|7
|
|t:|1757821186
|switch|p2a: Cinderace|Cinderace, M|100/100
|move|p1a: Moltres|Scorching Sands|p2a: Cinderace
|-supereffective|p2a: Cinderace
|-damage|p2a: Cinderace|48/100
|
|-weather|none
|upkeep
|turn|8
|
|t:|1757821195
|move|p2a: Cinderace|Court Change|p2a: Cinderace
|-start|p2a: Cinderace|typechange|Normal|[from] ability: Libero
|-swapsideconditions
|-activate|p2a: Cinderace|move: Court Change
|move|p1a: Moltres|Scorching Sands|p2a: Cinderace
|-damage|p2a: Cinderace|21/100
|
|upkeep
|turn|9
|
|t:|1757821206
|switch|p2a: Sylveon|Sylveon, F|100/100
|move|p1a: Moltres|Overheat|p2a: Sylveon
|-damage|p2a: Sylveon|67/100
|-unboost|p1a: Moltres|spa|2
|
|-heal|p2a: Sylveon|73/100|[from] item: Leftovers
|upkeep
|turn|10
|
|t:|1757821227
|switch|p1a: Slowking|Slowking-Galar, F|71/100
|move|p2a: Sylveon|Wish|p2a: Sylveon
|
|-heal|p2a: Sylveon|79/100|[from] item: Leftovers
|upkeep
|turn|11
|
|t:|1757821235
|move|p2a: Sylveon|Substitute|p2a: Sylveon
|-start|p2a: Sylveon|Substitute
|-damage|p2a: Sylveon|54/100
|move|p1a: Slowking|Sludge Bomb|p2a: Sylveon
|-supereffective|p2a: Sylveon
|-end|p2a: Sylveon|Substitute
|
|-heal|p2a: Sylveon|100/100|[from] move: Wish|[wisher] Sylveon
|upkeep
|turn|12
|
|t:|1757821243
|move|p2a: Sylveon|Calm Mind|p2a: Sylveon
|-boost|p2a: Sylveon|spa|1
|-boost|p2a: Sylveon|spd|1
|move|p1a: Slowking|Thunder Wave|p2a: Sylveon
|-status|p2a: Sylveon|par
|
|upkeep
|turn|13
|
|t:|1757821255
|move|p2a: Sylveon|Calm Mind|p2a: Sylveon
|-boost|p2a: Sylveon|spa|1
|-boost|p2a: Sylveon|spd|1
|move|p1a: Slowking|Sludge Bomb|p2a: Sylveon
|-supereffective|p2a: Sylveon
|-damage|p2a: Sylveon|75/100 par
|
|-heal|p2a: Sylveon|81/100 par|[from] item: Leftovers
|upkeep
|turn|14
|
|t:|1757821262
|move|p2a: Sylveon|Calm Mind|p2a: Sylveon
|-boost|p2a: Sylveon|spa|1
|-boost|p2a: Sylveon|spd|1
|move|p1a: Slowking|Sludge Bomb|p2a: Sylveon
|-supereffective|p2a: Sylveon
|-damage|p2a: Sylveon|61/100 par
|
|-heal|p2a: Sylveon|67/100 par|[from] item: Leftovers
|upkeep
|turn|15
|
|t:|1757821274
|move|p2a: Sylveon|Calm Mind|p2a: Sylveon
|-boost|p2a: Sylveon|spa|1
|-boost|p2a: Sylveon|spd|1
|move|p1a: Slowking|Sludge Bomb|p2a: Sylveon
|-supereffective|p2a: Sylveon
|-damage|p2a: Sylveon|50/100 par
|
|-heal|p2a: Sylveon|56/100 par|[from] item: Leftovers
|upkeep
|turn|16
|
|t:|1757821283
|move|p2a: Sylveon|Wish|p2a: Sylveon
|move|p1a: Slowking|Sludge Bomb|p2a: Sylveon
|-supereffective|p2a: Sylveon
|-damage|p2a: Sylveon|40/100 par
|
|-heal|p2a: Sylveon|46/100 par|[from] item: Leftovers
|upkeep
|turn|17
|
|t:|1757821294
|move|p2a: Sylveon|Substitute|p2a: Sylveon
|-start|p2a: Sylveon|Substitute
|-damage|p2a: Sylveon|21/100 par
|move|p1a: Slowking|Sludge Bomb|p2a: Sylveon
|-supereffective|p2a: Sylveon
|-activate|p2a: Sylveon|move: Substitute|[damage]
|
|-heal|p2a: Sylveon|71/100 par|[from] move: Wish|[wisher] Sylveon
|-heal|p2a: Sylveon|77/100 par|[from] item: Leftovers
|upkeep
|turn|18
|
|t:|1757821305
|cant|p2a: Sylveon|par
|move|p1a: Slowking|Sludge Bomb|p2a: Sylveon
|-supereffective|p2a: Sylveon
|-end|p2a: Sylveon|Substitute
|
|-heal|p2a: Sylveon|83/100 par|[from] item: Leftovers
|upkeep
|turn|19
|
|t:|1757821312
|move|p2a: Sylveon|Calm Mind|p2a: Sylveon
|-boost|p2a: Sylveon|spa|1
|-boost|p2a: Sylveon|spd|1
|move|p1a: Slowking|Sludge Bomb|p2a: Sylveon
|-supereffective|p2a: Sylveon
|-damage|p2a: Sylveon|68/100 par
|
|-heal|p2a: Sylveon|74/100 par|[from] item: Leftovers
|upkeep
|turn|20
|
|t:|1757821327
|move|p2a: Sylveon|Calm Mind|p2a: Sylveon
|-boost|p2a: Sylveon|spa|1
|-boost|p2a: Sylveon|spd|1
|move|p1a: Slowking|Ice Beam|p2a: Sylveon
|-damage|p2a: Sylveon|69/100 par
|
|-heal|p2a: Sylveon|75/100 par|[from] item: Leftovers
|upkeep
|turn|21
|
|t:|1757821337
|move|p2a: Sylveon|Calm Mind|p2a: Sylveon
|-boost|p2a: Sylveon|spa|0
|-boost|p2a: Sylveon|spd|0
|move|p1a: Slowking|Sludge Bomb|p2a: Sylveon
|-supereffective|p2a: Sylveon
|-damage|p2a: Sylveon|62/100 par
|
|-heal|p2a: Sylveon|68/100 par|[from] item: Leftovers
|upkeep
|turn|22
|
|t:|1757821344
|move|p2a: Sylveon|Substitute|p2a: Sylveon
|-start|p2a: Sylveon|Substitute
|-damage|p2a: Sylveon|43/100 par
|move|p1a: Slowking|Sludge Bomb|p2a: Sylveon
|-supereffective|p2a: Sylveon
|-activate|p2a: Sylveon|move: Substitute|[damage]
|
|-heal|p2a: Sylveon|49/100 par|[from] item: Leftovers
|upkeep
|turn|23
|
|t:|1757821355
|move|p2a: Sylveon|Wish|p2a: Sylveon
|move|p1a: Slowking|Ice Beam|p2a: Sylveon
|-activate|p2a: Sylveon|move: Substitute|[damage]
|
|-heal|p2a: Sylveon|55/100 par|[from] item: Leftovers
|upkeep
|turn|24
|
|t:|1757821379
|move|p2a: Sylveon|Draining Kiss|p1a: Slowking
|-resisted|p1a: Slowking
|-damage|p1a: Slowking|45/100
|-heal|p2a: Sylveon|79/100 par|[from] drain|[of] p1a: Slowking
|move|p1a: Slowking|Ice Beam|p2a: Sylveon
|-crit|p2a: Sylveon
|-end|p2a: Sylveon|Substitute
|
|-heal|p2a: Sylveon|100/100 par|[from] move: Wish|[wisher] Sylveon
|upkeep
|turn|25
|
|t:|1757821389
|move|p2a: Sylveon|Draining Kiss|p1a: Slowking
|-resisted|p1a: Slowking
|-damage|p1a: Slowking|19/100
|move|p1a: Slowking|Sludge Bomb|p2a: Sylveon
|-supereffective|p2a: Sylveon
|-damage|p2a: Sylveon|87/100 par
|
|-heal|p2a: Sylveon|93/100 par|[from] item: Leftovers
|upkeep
|turn|26
|
|t:|1757821399
|switch|p1a: Hatterene|Hatterene, F|100/100
|-damage|p1a: Hatterene|88/100|[from] Stealth Rock
|move|p2a: Sylveon|Substitute|p2a: Sylveon
|-start|p2a: Sylveon|Substitute
|-damage|p2a: Sylveon|68/100 par
|
|-heal|p2a: Sylveon|74/100 par|[from] item: Leftovers
|upkeep
|turn|27
|
|t:|1757821409
|move|p1a: Hatterene|Nuzzle|p2a: Sylveon
|-activate|p2a: Sylveon|move: Substitute|[damage]
|move|p2a: Sylveon|Draining Kiss|p1a: Hatterene
|-damage|p1a: Hatterene|40/100
|-heal|p2a: Sylveon|100/100 par|[from] drain|[of] p1a: Hatterene
|
|upkeep
|turn|28
|
|t:|1757821431
|move|p1a: Hatterene|Mystical Fire|p2a: Sylveon
|-activate|p2a: Sylveon|move: Substitute|[damage]
|move|p2a: Sylveon|Draining Kiss|p1a: Hatterene
|-damage|p1a: Hatterene|0 fnt
|faint|p1a: Hatterene
|
|upkeep
|
|t:|1757821441
|switch|p1a: Moltres|Moltres|100/100
|turn|29
|
|t:|1757821452
|move|p1a: Moltres|Scorching Sands|p2a: Sylveon
|-activate|p2a: Sylveon|move: Substitute|[damage]
|move|p2a: Sylveon|Draining Kiss|p1a: Moltres
|-resisted|p1a: Moltres
|-damage|p1a: Moltres|71/100
|
|upkeep
|turn|30
|
|t:|1757821461
|move|p1a: Moltres|Overheat|p2a: Sylveon
|-activate|p2a: Sylveon|move: Substitute|[damage]
|-unboost|p1a: Moltres|spa|2
|cant|p2a: Sylveon|par
|
|upkeep
|turn|31
|
|t:|1757821470
|move|p1a: Moltres|Scorching Sands|p2a: Sylveon
|-activate|p2a: Sylveon|move: Substitute|[damage]
|move|p2a: Sylveon|Draining Kiss|p1a: Moltres
|-resisted|p1a: Moltres
|-damage|p1a: Moltres|39/100
|
|upkeep
|turn|32
|
|t:|1757821477
|move|p1a: Moltres|Roost|p1a: Moltres
|-heal|p1a: Moltres|89/100
|-singleturn|p1a: Moltres|move: Roost
|move|p2a: Sylveon|Draining Kiss|p1a: Moltres
|-resisted|p1a: Moltres
|-damage|p1a: Moltres|56/100
|
|upkeep
|turn|33
|
|t:|1757821487
|-terastallize|p2a: Sylveon|Fairy
|move|p1a: Moltres|Roost|p1a: Moltres
|-heal|p1a: Moltres|100/100
|-singleturn|p1a: Moltres|move: Roost
|move|p2a: Sylveon|Draining Kiss|p1a: Moltres
|-resisted|p1a: Moltres
|-damage|p1a: Moltres|46/100
|
|upkeep
|turn|34
|
|t:|1757821496
|move|p1a: Moltres|Roost|p1a: Moltres
|-heal|p1a: Moltres|96/100
|-singleturn|p1a: Moltres|move: Roost
|move|p2a: Sylveon|Draining Kiss|p1a: Moltres
|-resisted|p1a: Moltres
|-damage|p1a: Moltres|46/100
|
|upkeep
|turn|35
|
|t:|1757821504
|move|p1a: Moltres|Roost|p1a: Moltres
|-heal|p1a: Moltres|96/100
|-singleturn|p1a: Moltres|move: Roost
|move|p2a: Sylveon|Draining Kiss|p1a: Moltres
|-resisted|p1a: Moltres
|-damage|p1a: Moltres|44/100
|
|upkeep
|turn|36
|
|t:|1757821516
|move|p1a: Moltres|Roost|p1a: Moltres
|-heal|p1a: Moltres|94/100
|-singleturn|p1a: Moltres|move: Roost
|cant|p2a: Sylveon|par
|
|upkeep
|turn|37
|
|t:|1757821529
|move|p1a: Moltres|Scorching Sands|p2a: Sylveon
|-end|p2a: Sylveon|Substitute
|cant|p2a: Sylveon|par
|
|upkeep
|turn|38
|
|t:|1757821534
|move|p1a: Moltres|Overheat|p2a: Sylveon|[miss]
|-miss|p1a: Moltres|p2a: Sylveon
|move|p2a: Sylveon|Substitute|p2a: Sylveon
|-start|p2a: Sylveon|Substitute
|-damage|p2a: Sylveon|75/100 par
|
|-heal|p2a: Sylveon|82/100 par|[from] item: Leftovers
|upkeep
|turn|39
|
|t:|1757821545
|move|p1a: Moltres|Scorching Sands|p2a: Sylveon
|-activate|p2a: Sylveon|move: Substitute|[damage]
|move|p2a: Sylveon|Draining Kiss|p1a: Moltres
|-resisted|p1a: Moltres
|-damage|p1a: Moltres|45/100
|-heal|p2a: Sylveon|100/100 par|[from] drain|[of] p1a: Moltres
|
|upkeep
|turn|40
|
|t:|1757821557
|move|p1a: Moltres|Roost|p1a: Moltres
|-heal|p1a: Moltres|95/100
|-singleturn|p1a: Moltres|move: Roost
|cant|p2a: Sylveon|par
|
|upkeep
|turn|41
|
|t:|1757821565
|move|p1a: Moltres|Scorching Sands|p2a: Sylveon
|-activate|p2a: Sylveon|move: Substitute|[damage]
|cant|p2a: Sylveon|par
|
|upkeep
|turn|42
|
|t:|1757821570
|move|p1a: Moltres|Scorching Sands|p2a: Sylveon
|-activate|p2a: Sylveon|move: Substitute|[damage]
|move|p2a: Sylveon|Draining Kiss|p1a: Moltres
|-resisted|p1a: Moltres
|-damage|p1a: Moltres|40/100
|
|upkeep
|turn|43
|
|t:|1757821579
|move|p1a: Moltres|Roost|p1a: Moltres
|-heal|p1a: Moltres|90/100
|-singleturn|p1a: Moltres|move: Roost
|move|p2a: Sylveon|Draining Kiss|p1a: Moltres
|-resisted|p1a: Moltres
|-damage|p1a: Moltres|40/100
|
|upkeep
|turn|44
|
|t:|1757821589
|move|p1a: Moltres|Roost|p1a: Moltres
|-heal|p1a: Moltres|90/100
|-singleturn|p1a: Moltres|move: Roost
|move|p2a: Sylveon|Draining Kiss|p1a: Moltres
|-resisted|p1a: Moltres
|-damage|p1a: Moltres|36/100
|
|upkeep
|turn|45
|
|t:|1757821601
|move|p1a: Moltres|Scorching Sands|p2a: Sylveon
|-activate|p2a: Sylveon|move: Substitute|[damage]
|cant|p2a: Sylveon|par
|
|upkeep
|turn|46
|
|t:|1757821609
|move|p1a: Moltres|Scorching Sands|p2a: Sylveon
|-activate|p2a: Sylveon|move: Substitute|[damage]
|move|p2a: Sylveon|Draining Kiss|p1a: Moltres
|-resisted|p1a: Moltres
|-damage|p1a: Moltres|0 fnt
|faint|p1a: Moltres
|
|upkeep
|
|t:|1757821616
|switch|p1a: Iron Valiant|Iron Valiant|100/100
|-damage|p1a: Iron Valiant|94/100|[from] Stealth Rock
|-enditem|p1a: Iron Valiant|Booster Energy
|-activate|p1a: Iron Valiant|ability: Quark Drive|[fromitem]
|-start|p1a: Iron Valiant|quarkdrivespe
|turn|47
|
|t:|1757821628
|move|p1a: Iron Valiant|Knock Off|p2a: Sylveon
|-resisted|p2a: Sylveon
|-activate|p2a: Sylveon|move: Substitute|[damage]
|move|p2a: Sylveon|Draining Kiss|p1a: Iron Valiant
|-supereffective|p1a: Iron Valiant
|-damage|p1a: Iron Valiant|0 fnt
|faint|p1a: Iron Valiant
|-end|p1a: Iron Valiant|Quark Drive|[silent]
|
|upkeep
|
|t:|1757821634
|switch|p1a: Zamazenta|Zamazenta|100/100
|-damage|p1a: Zamazenta|94/100|[from] Stealth Rock
|turn|48
|
|t:|1757821643
|switch|p2a: Gengar|Gengar, M|88/100
|move|p1a: Zamazenta|Close Combat|p2a: Gengar
|-immune|p2a: Gengar
|
|upkeep
|turn|49
|
|t:|1757821650
|switch|p1a: Slowking|Slowking-Galar, F|52/100
|move|p2a: Gengar|Will-O-Wisp|p1a: Slowking
|-status|p1a: Slowking|brn
|
|-damage|p1a: Slowking|46/100 brn|[from] brn
|upkeep
|turn|50
|
|t:|1757821661
|switch|p2a: Corviknight|Corviknight, M|100/100
|switch|p1a: Zamazenta|Zamazenta|94/100
|-damage|p1a: Zamazenta|88/100|[from] Stealth Rock
|
|upkeep
|turn|51
|
|t:|1757821668
|switch|p2a: Cinderace|Cinderace, M|21/100
|move|p1a: Zamazenta|Stone Edge|p2a: Cinderace|[miss]
|-miss|p1a: Zamazenta|p2a: Cinderace
|
|upkeep
|turn|52
|
|t:|1757821675
|move|p1a: Zamazenta|Stone Edge|p2a: Cinderace
|-supereffective|p2a: Cinderace
|-damage|p2a: Cinderace|0 fnt
|faint|p2a: Cinderace
|
|upkeep
|
|t:|1757821679
|switch|p2a: Gengar|Gengar, M|88/100
|turn|53
|
|t:|1757821684
|switch|p1a: Slowking|Slowking-Galar, F|80/100 brn
|move|p2a: Gengar|Will-O-Wisp|p1a: Slowking|[miss]
|-miss|p2a: Gengar|p1a: Slowking
|
|-damage|p1a: Slowking|74/100 brn|[from] brn
|upkeep
|turn|54
|
|t:|1757821691
|switch|p2a: Malamar|Malamar, F|100/100
|switch|p1a: Zamazenta|Zamazenta|88/100
|-damage|p1a: Zamazenta|82/100|[from] Stealth Rock
|
|upkeep
|turn|55
|
|t:|1757821700
|switch|p2a: Gengar|Gengar, M|88/100
|-terastallize|p1a: Zamazenta|Dark
|move|p1a: Zamazenta|Crunch|p2a: Gengar
|-supereffective|p2a: Gengar
|-damage|p2a: Gengar|0 fnt
|faint|p2a: Gengar
|
|upkeep
|
|t:|1757821708
|switch|p2a: Corviknight|Corviknight, M|100/100
|turn|56
|
|t:|1757821711
|move|p1a: Zamazenta|Crunch|p2a: Corviknight
|-damage|p2a: Corviknight|57/100
|-damage|p1a: Zamazenta|65/100|[from] item: Rocky Helmet|[of] p2a: Corviknight
|move|p2a: Corviknight|Bulk Up|p2a: Corviknight
|-boost|p2a: Corviknight|atk|1
|-boost|p2a: Corviknight|def|1
|
|upkeep
|turn|57
|
|t:|1757821717
|move|p1a: Zamazenta|Crunch|p2a: Corviknight
|-damage|p2a: Corviknight|26/100
|-damage|p1a: Zamazenta|49/100|[from] item: Rocky Helmet|[of] p2a: Corviknight
|move|p2a: Corviknight|Bulk Up|p2a: Corviknight
|-boost|p2a: Corviknight|atk|1
|-boost|p2a: Corviknight|def|1
|
|upkeep
|turn|58
|
|t:|1757821724
|move|p1a: Zamazenta|Crunch|p2a: Corviknight
|-crit|p2a: Corviknight
|-damage|p2a: Corviknight|0 fnt
|-damage|p1a: Zamazenta|32/100|[from] item: Rocky Helmet|[of] p2a: Corviknight
|faint|p2a: Corviknight
|
|upkeep
|
|t:|1757821727
|switch|p2a: Malamar|Malamar, F|100/100
|turn|59
|
|t:|1757821731
|move|p1a: Zamazenta|Crunch|p2a: Malamar
|-damage|p2a: Malamar|34/100
|move|p2a: Malamar|Superpower|p1a: Zamazenta
|-supereffective|p1a: Zamazenta
|-damage|p1a: Zamazenta|0 fnt
|-boost|p2a: Malamar|atk|1
|-boost|p2a: Malamar|def|1
|faint|p1a: Zamazenta
|
|-heal|p2a: Malamar|40/100|[from] item: Leftovers
|upkeep
|
|t:|1757821740
|switch|p1a: Slowking|Slowking-Galar, F|100/100 brn
|turn|60
|
|t:|1757821749
|move|p2a: Malamar|Knock Off|p1a: Slowking
|-supereffective|p1a: Slowking
|-damage|p1a: Slowking|0 fnt
|-enditem|p1a: Slowking|Heavy-Duty Boots|[from] move: Knock Off|[of] p2a: Malamar
|faint|p1a: Slowking
|
|win|William will
|raw|rebuhl's rating: 1039 &rarr; <strong>1025</strong><br />(-14 for losing)
|raw|William will's rating: 1072 &rarr; <strong>1098</strong><br />(+26 for winning)
