|j|☆edrenalinekick
|j|☆Inteleonie
|t:|1757942942
|gametype|singles
|player|p1|edrenalinekick|1|1339
|player|p2|Inteleonie|170|1347
|gen|9
|tier|[Gen 9] OU
|rated|
|rule|HP Percentage Mod: HP is shown in percentages
|rule|Endless Battle Clause: Forcing endless battles is banned
|rule|Species Clause: Limit one of each Pokémon
|rule|OHKO Clause: OHKO moves are banned
|rule|Evasion Items Clause: Evasion items are banned
|rule|Evasion Moves Clause: Evasion moves are banned
|rule|Evasion Abilities Clause: Evasion abilities are banned
|rule|Sleep Moves Clause: Sleep-inducing moves are banned
|clearpoke
|poke|p1|Great Tusk|
|poke|p1|Heatran, M|
|poke|p1|Weavile, M|
|poke|p1|Primarina, M|
|poke|p1|Ogerpon, F|
|poke|p1|Pecharunt|
|poke|p2|Cinderace, M|
|poke|p2|Great Tusk|
|poke|p2|Zapdos|
|poke|p2|Garchomp, F|
|poke|p2|Necrozma|
|poke|p2|Darkrai|
|teampreview
|inactive|Battle timer is ON: inactive players will automatically lose when time's up. (requested by Inteleonie)
|
|t:|1757942965
|teamsize|p1|6
|teamsize|p2|6
|start
|switch|p1a: Anonymous|Ogerpon, F|100/100
|switch|p2a: Catch These feet|Cinderace, M|100/100
|turn|1
|
|t:|1757942973
|switch|p1a: Chaos|Heatran, M, shiny|100/100
|-item|p1a: Chaos|Air Balloon
|move|p2a: Catch These feet|U-turn|p1a: Chaos
|-start|p2a: Catch These feet|typechange|Bug|[from] ability: Libero
|-resisted|p1a: Chaos
|-damage|p1a: Chaos|87/100
|-enditem|p1a: Chaos|Air Balloon
|
|t:|1757942980
|switch|p2a: CHOMP CHOMP|Garchomp, F|100/100|[from] U-turn
|
|upkeep
|turn|2
|
|t:|1757942987
|switch|p1a: Behemoth|Great Tusk, shiny|100/100
|move|p2a: CHOMP CHOMP|Earthquake|p1a: Behemoth
|-damage|p1a: Behemoth|61/100
|
|upkeep
|turn|3
|
|t:|1757942993
|switch|p2a: Yellow Magic|Zapdos|100/100
|move|p1a: Behemoth|Ice Spinner|p2a: Yellow Magic
|-supereffective|p2a: Yellow Magic
|-damage|p2a: Yellow Magic|60/100
|-status|p1a: Behemoth|par|[from] ability: Static|[of] p2a: Yellow Magic
|
|upkeep
|turn|4
|
|t:|1757943002
|move|p2a: Yellow Magic|Hurricane|p1a: Behemoth
|-supereffective|p1a: Behemoth
|-damage|p1a: Behemoth|0 fnt
|faint|p1a: Behemoth
|-end|p1a: Behemoth|Protosynthesis|[silent]
|
|upkeep
|
|t:|1757943011
|switch|p1a: Celestine|Primarina, M, shiny|100/100
|turn|5
|
|t:|1757943014
|-terastallize|p1a: Celestine|Ground
|move|p2a: Yellow Magic|Volt Switch|p1a: Celestine
|-immune|p1a: Celestine
|move|p1a: Celestine|Whirlpool|p2a: Yellow Magic|[miss]
|-miss|p1a: Celestine|p2a: Yellow Magic
|
|upkeep
|turn|6
|inactive|Inteleonie has 120 seconds left.
|
|t:|1757943071
|switch|p2a: böllerino|Necrozma|100/100
|move|p1a: Celestine|Whirlpool|p2a: böllerino
|-damage|p2a: böllerino|80/100
|-activate|p2a: böllerino|move: Whirlpool|[of] p1a: Celestine
|
|-damage|p2a: böllerino|68/100|[from] move: Whirlpool|[partiallytrapped]
|upkeep
|turn|7
|
|t:|1757943081
|move|p2a: böllerino|Dragon Dance|p2a: böllerino
|-boost|p2a: böllerino|atk|1
|-boost|p2a: böllerino|spe|1
|move|p1a: Celestine|Psychic Noise|p2a: böllerino
|-damage|p2a: böllerino|22/100
|-start|p2a: böllerino|move: Heal Block
|
|-damage|p2a: böllerino|10/100|[from] move: Whirlpool|[partiallytrapped]
|upkeep
|turn|8
|
|t:|1757943089
|move|p2a: böllerino|Photon Geyser|p1a: Celestine
|-damage|p1a: Celestine|20/100
|move|p1a: Celestine|Moonblast|p2a: böllerino
|-damage|p2a: böllerino|0 fnt
|faint|p2a: böllerino
|
|upkeep
|
|t:|1757943100
|switch|p2a: Catch These feet|Cinderace, M|100/100
|turn|9
|
|t:|1757943103
|move|p2a: Catch These feet|U-turn|p1a: Celestine
|-start|p2a: Catch These feet|typechange|Bug|[from] ability: Libero
|-damage|p1a: Celestine|0 fnt
|faint|p1a: Celestine
|
|t:|1757943116
|switch|p2a: Beyblade|Great Tusk|100/100|[from] U-turn
|
|upkeep
|
|t:|1757943119
|switch|p1a: Bandit|Weavile, M, shiny|100/100
|-ability|p1a: Bandit|Pressure
|turn|10
|inactive|Inteleonie has 120 seconds left.
|
|t:|1757943125
|move|p1a: Bandit|Triple Axel|p2a: Beyblade|[miss]
|-miss|p1a: Bandit|p2a: Beyblade
|move|p2a: Beyblade|Close Combat|p1a: Bandit
|-supereffective|p1a: Bandit
|-damage|p1a: Bandit|0 fnt
|-unboost|p2a: Beyblade|def|1
|-unboost|p2a: Beyblade|spd|1
|faint|p1a: Bandit
|
|upkeep
|
|t:|1757943134
|switch|p1a: Anonymous|Ogerpon, F|100/100
|turn|11
|
|t:|1757943138
|-end|p2a: Beyblade|Protosynthesis|[silent]
|switch|p2a: Yellow Magic|Zapdos|60/100
|move|p1a: Anonymous|Ivy Cudgel|p2a: Yellow Magic
|-resisted|p2a: Yellow Magic
|-damage|p2a: Yellow Magic|33/100
|
|upkeep
|turn|12
|
|t:|1757943144
|switch|p1a: Overseer|Pecharunt|100/100
|move|p2a: Yellow Magic|Roost|p2a: Yellow Magic
|-heal|p2a: Yellow Magic|83/100
|-singleturn|p2a: Yellow Magic|move: Roost
|
|upkeep
|turn|13
|
|t:|1757943151
|move|p2a: Yellow Magic|Volt Switch|p1a: Overseer
|-damage|p1a: Overseer|72/100
|
|t:|1757943154
|switch|p2a: Beyblade|Great Tusk|100/100|[from] Volt Switch
|move|p1a: Overseer|Malignant Chain|p2a: Beyblade
|-resisted|p2a: Beyblade
|-damage|p2a: Beyblade|82/100
|
|-heal|p2a: Beyblade|88/100|[from] item: Leftovers
|upkeep
|turn|14
|
|t:|1757943162
|switch|p1a: Anonymous|Ogerpon, F|100/100
|move|p2a: Beyblade|Headlong Rush|p1a: Anonymous
|-resisted|p1a: Anonymous
|-damage|p1a: Anonymous|53/100
|-unboost|p2a: Beyblade|def|1
|-unboost|p2a: Beyblade|spd|1
|
|-heal|p2a: Beyblade|95/100|[from] item: Leftovers
|upkeep
|turn|15
|
|t:|1757943171
|-end|p2a: Beyblade|Protosynthesis|[silent]
|switch|p2a: Yellow Magic|Zapdos|83/100
|move|p1a: Anonymous|Ivy Cudgel|p2a: Yellow Magic
|-resisted|p2a: Yellow Magic
|-damage|p2a: Yellow Magic|58/100
|
|upkeep
|turn|16
|
|t:|1757943177
|move|p1a: Anonymous|Ivy Cudgel|p2a: Yellow Magic
|-resisted|p2a: Yellow Magic
|-damage|p2a: Yellow Magic|32/100
|move|p2a: Yellow Magic|Volt Switch|p1a: Anonymous
|-resisted|p1a: Anonymous
|-damage|p1a: Anonymous|36/100
|
|t:|1757943184
|switch|p2a: Catch These feet|Cinderace, M|100/100|[from] Volt Switch
|
|upkeep
|turn|17
|
|t:|1757943187
|move|p2a: Catch These feet|U-turn|p1a: Anonymous
|-start|p2a: Catch These feet|typechange|Bug|[from] ability: Libero
|-supereffective|p1a: Anonymous
|-damage|p1a: Anonymous|0 fnt
|faint|p1a: Anonymous
|
|t:|1757943192
|switch|p2a: CHOMP CHOMP|Garchomp, F|100/100|[from] U-turn
|
|upkeep
|-message|edrenalinekick forfeited.
|
|win|Inteleonie
|raw|edrenalinekick's rating: 1339 &rarr; <strong>1319</strong><br />(-20 for losing)
|raw|Inteleonie's rating: 1347 &rarr; <strong>1367</strong><br />(+20 for winning)
|l|☆edrenalinekick
|player|p1|
|l|☆Inteleonie
|player|p2|
