|j|☆WeR#4Hay!
|j|☆RighteousHideous
|t:|1757896816
|gametype|singles
|player|p1|WeR#4Hay!|101|1313
|player|p2|RighteousHideous|170|1317
|gen|9
|tier|[Gen 9] OU
|rated|
|rule|HP Percentage Mod: HP is shown in percentages
|rule|Endless Battle Clause: Forcing endless battles is banned
|rule|Species Clause: Limit one of each Pokémon
|rule|OHKO Clause: OHKO moves are banned
|rule|Evasion Items Clause: Evasion items are banned
|rule|Evasion Moves Clause: Evasion moves are banned
|rule|Evasion Abilities Clause: Evasion abilities are banned
|rule|Sleep Moves Clause: Sleep-inducing moves are banned
|clearpoke
|poke|p1|Heatran, M|
|poke|p1|Scream Tail|
|poke|p1|Corviknight, F|
|poke|p1|Zamazenta-*|
|poke|p1|Ting-Lu|
|poke|p1|Rillaboom, F|
|poke|p2|Corviknight, M|
|poke|p2|Lycanroc-Dusk, M|
|poke|p2|Slowking-Galar, F|
|poke|p2|Samurott-Hisui, M|
|poke|p2|Comfey, M|
|poke|p2|Walking Wake|
|teampreview
|inactive|Battle timer is ON: inactive players will automatically lose when time's up. (requested by RighteousHideous)
|
|t:|1757896842
|teamsize|p1|6
|teamsize|p2|6
|start
|switch|p1a: Corviknight|Corviknight, F|100/100
|switch|p2a: Samurott|Samurott-Hisui, M|100/100
|-ability|p1a: Corviknight|Pressure
|turn|1
|
|t:|1757896846
|move|p2a: Samurott|Ceaseless Edge|p1a: Corviknight
|-crit|p1a: Corviknight
|-damage|p1a: Corviknight|61/100
|-damage|p2a: Samurott|84/100|[from] item: Rocky Helmet|[of] p1a: Corviknight
|-sidestart|p1: WeR#4Hay!|Spikes
|move|p1a: Corviknight|Body Press|p2a: Samurott
|-supereffective|p2a: Samurott
|-damage|p2a: Samurott|28/100
|
|upkeep
|turn|2
|
|t:|1757896854
|switch|p2a: Walking Wake|Walking Wake|100/100
|move|p1a: Corviknight|Roost|p1a: Corviknight
|-heal|p1a: Corviknight|100/100
|-singleturn|p1a: Corviknight|move: Roost
|
|upkeep
|turn|3
|
|t:|1757896859
|switch|p1a: Scream Tail|Scream Tail|100/100
|move|p2a: Walking Wake|Flamethrower|p1a: Scream Tail
|-damage|p1a: Scream Tail|76/100
|
|upkeep
|turn|4
|
|t:|1757896866
|-end|p2a: Walking Wake|Protosynthesis|[silent]
|switch|p2a: Comfey|Comfey, M|100/100
|move|p1a: Scream Tail|Wish|p1a: Scream Tail
|
|upkeep
|turn|5
|
|t:|1757896873
|move|p2a: Comfey|Taunt|p1a: Scream Tail
|-start|p1a: Scream Tail|move: Taunt
|cant|p1a: Scream Tail|move: Taunt|Thunder Wave
|
|-heal|p1a: Scream Tail|100/100|[from] move: Wish|[wisher] Scream Tail
|upkeep
|turn|6
|
|t:|1757896879
|-end|p1a: Scream Tail|Protosynthesis|[silent]
|switch|p1a: Heatran|Heatran, M|100/100
|-damage|p1a: Heatran|88/100|[from] Spikes
|move|p2a: Comfey|Calm Mind|p2a: Comfey
|-boost|p2a: Comfey|spa|1
|-boost|p2a: Comfey|spd|1
|
|-heal|p1a: Heatran|94/100|[from] item: Leftovers
|upkeep
|turn|7
|
|t:|1757896886
|-terastallize|p2a: Comfey|Ground
|move|p2a: Comfey|Tera Blast|p1a: Heatran|[anim] Tera Blast Ground
|-supereffective|p1a: Heatran
|-damage|p1a: Heatran|0 fnt
|faint|p1a: Heatran
|-damage|p2a: Comfey|91/100|[from] item: Life Orb
|
|upkeep
|
|t:|1757896891
|switch|p1a: Rillaboom|Rillaboom, F|100/100
|-damage|p1a: Rillaboom|88/100|[from] Spikes
|-fieldstart|move: Grassy Terrain|[from] ability: Grassy Surge|[of] p1a: Rillaboom
|turn|8
|
|t:|1757896900
|switch|p2a: Corviknight|Corviknight, M|100/100
|-ability|p2a: Corviknight|Pressure
|move|p1a: Rillaboom|Grassy Glide|p2a: Corviknight
|-resisted|p2a: Corviknight
|-damage|p2a: Corviknight|92/100
|-damage|p1a: Rillaboom|72/100|[from] item: Rocky Helmet|[of] p2a: Corviknight
|
|-heal|p1a: Rillaboom|78/100|[from] Grassy Terrain
|upkeep
|turn|9
|
|t:|1757896909
|switch|p1a: Corviknight|Corviknight, F|100/100
|-ability|p1a: Corviknight|Pressure
|move|p2a: Corviknight|U-turn|p1a: Corviknight
|-resisted|p1a: Corviknight
|-damage|p1a: Corviknight|98/100
|-damage|p2a: Corviknight|75/100|[from] item: Rocky Helmet|[of] p1a: Corviknight
|
|t:|1757896917
|switch|p2a: Samurott|Samurott-Hisui, M|28/100|[from] U-turn
|
|-heal|p2a: Samurott|34/100|[from] Grassy Terrain
|upkeep
|turn|10
|
|t:|1757896923
|switch|p2a: Corviknight|Corviknight, M|75/100
|-ability|p2a: Corviknight|Pressure
|move|p1a: Corviknight|Defog|p2a: Corviknight
|-unboost|p2a: Corviknight|evasion|1
|-sideend|p1: WeR#4Hay!|Spikes|[from] move: Defog|[of] p1a: Corviknight
|-fieldend|move: Grassy Terrain
|
|upkeep
|turn|11
|
|t:|1757896942
|switch|p1a: Scream Tail|Scream Tail|100/100
|move|p2a: Corviknight|U-turn|p1a: Scream Tail
|-damage|p1a: Scream Tail|90/100
|
|t:|1757896946
|switch|p2a: Comfey|Comfey, M, tera:Ground|91/100|[from] U-turn
|
|upkeep
|turn|12
|
|t:|1757896957
|-end|p1a: Scream Tail|Protosynthesis|[silent]
|switch|p1a: Rillaboom|Rillaboom, F|78/100
|-fieldstart|move: Grassy Terrain|[from] ability: Grassy Surge|[of] p1a: Rillaboom
|move|p2a: Comfey|Taunt|p1a: Rillaboom
|-start|p1a: Rillaboom|move: Taunt
|
|-heal|p2a: Comfey|97/100|[from] Grassy Terrain
|-heal|p1a: Rillaboom|84/100|[from] Grassy Terrain
|upkeep
|turn|13
|
|t:|1757896962
|switch|p2a: Corviknight|Corviknight, M|75/100
|-ability|p2a: Corviknight|Pressure
|move|p1a: Rillaboom|Knock Off|p2a: Corviknight
|-damage|p2a: Corviknight|43/100
|-damage|p1a: Rillaboom|68/100|[from] item: Rocky Helmet|[of] p2a: Corviknight
|-enditem|p2a: Corviknight|Rocky Helmet|[from] move: Knock Off|[of] p1a: Rillaboom
|
|-heal|p1a: Rillaboom|74/100|[from] Grassy Terrain
|upkeep
|turn|14
|
|t:|1757896973
|switch|p1a: Scream Tail|Scream Tail|90/100
|move|p2a: Corviknight|Roost|p2a: Corviknight
|-heal|p2a: Corviknight|93/100
|-singleturn|p2a: Corviknight|move: Roost
|
|-heal|p1a: Scream Tail|96/100|[from] Grassy Terrain
|-heal|p2a: Corviknight|99/100|[from] Grassy Terrain
|upkeep
|turn|15
|
|t:|1757896995
|move|p1a: Scream Tail|Psychic Noise|p2a: Corviknight
|-resisted|p2a: Corviknight
|-damage|p2a: Corviknight|90/100
|-start|p2a: Corviknight|move: Heal Block
|move|p2a: Corviknight|U-turn|p1a: Scream Tail
|-damage|p1a: Scream Tail|84/100
|
|t:|1757897003
|switch|p2a: Comfey|Comfey, M, tera:Ground|97/100|[from] U-turn
|
|-heal|p2a: Comfey|100/100|[from] Grassy Terrain
|-heal|p1a: Scream Tail|90/100|[from] Grassy Terrain
|upkeep
|turn|16
|
|t:|1757897028
|-end|p1a: Scream Tail|Protosynthesis|[silent]
|switch|p1a: Corviknight|Corviknight, F|98/100
|-ability|p1a: Corviknight|Pressure
|move|p2a: Comfey|Taunt|p1a: Corviknight
|-start|p1a: Corviknight|move: Taunt
|
|-fieldend|move: Grassy Terrain
|upkeep
|turn|17
|
|t:|1757897040
|switch|p2a: Samurott|Samurott-Hisui, M|34/100
|move|p1a: Corviknight|U-turn|p2a: Samurott
|-supereffective|p2a: Samurott
|-damage|p2a: Samurott|2/100
|
|t:|1757897057
|switch|p1a: Scream Tail|Scream Tail|90/100|[from] U-turn
|
|upkeep
|turn|18
|
|t:|1757897063
|-end|p1a: Scream Tail|Protosynthesis|[silent]
|switch|p1a: Corviknight|Corviknight, F|98/100
|-ability|p1a: Corviknight|Pressure
|move|p2a: Samurott|Knock Off|p1a: Corviknight
|-damage|p1a: Corviknight|73/100
|-damage|p2a: Samurott|0 fnt|[from] item: Rocky Helmet|[of] p1a: Corviknight
|faint|p2a: Samurott
|
|upkeep
|
|t:|1757897071
|switch|p2a: Walking Wake|Walking Wake|100/100
|turn|19
|
|t:|1757897074
|switch|p1a: Scream Tail|Scream Tail|90/100
|move|p2a: Walking Wake|Flamethrower|p1a: Scream Tail
|-damage|p1a: Scream Tail|65/100
|-status|p1a: Scream Tail|brn
|
|-damage|p1a: Scream Tail|59/100 brn|[from] brn
|upkeep
|turn|20
|
|t:|1757897083
|-end|p2a: Walking Wake|Protosynthesis|[silent]
|switch|p2a: Slowking|Slowking-Galar, F|100/100
|move|p1a: Scream Tail|Wish|p1a: Scream Tail
|
|-damage|p1a: Scream Tail|53/100 brn|[from] brn
|upkeep
|turn|21
|
|t:|1757897086
|move|p1a: Scream Tail|Protect|p1a: Scream Tail
|-singleturn|p1a: Scream Tail|Protect
|-prepare|p2a: Slowking|Chilly Reception|[premajor]
|move|p2a: Slowking|Chilly Reception|p2a: Slowking
|-weather|Snowscape
|
|t:|1757897090
|switch|p2a: Comfey|Comfey, M, tera:Ground|100/100|[from] Chilly Reception
|
|-weather|Snowscape|[upkeep]
|-heal|p1a: Scream Tail|100/100 brn|[from] move: Wish|[wisher] Scream Tail
|-damage|p1a: Scream Tail|94/100 brn|[from] brn
|upkeep
|turn|22
|
|t:|1757897095
|switch|p2a: Walking Wake|Walking Wake|100/100
|-end|p1a: Scream Tail|Protosynthesis|[silent]
|switch|p1a: Rillaboom|Rillaboom, F|74/100
|-fieldstart|move: Grassy Terrain|[from] ability: Grassy Surge|[of] p1a: Rillaboom
|
|-weather|Snowscape|[upkeep]
|-heal|p1a: Rillaboom|80/100|[from] Grassy Terrain
|upkeep
|turn|23
|
|t:|1757897108
|switch|p1a: Scream Tail|Scream Tail|94/100 brn
|move|p2a: Walking Wake|Flamethrower|p1a: Scream Tail
|-crit|p1a: Scream Tail
|-damage|p1a: Scream Tail|58/100 brn
|
|-weather|Snowscape|[upkeep]
|-heal|p1a: Scream Tail|64/100 brn|[from] Grassy Terrain
|-damage|p1a: Scream Tail|58/100 brn|[from] brn
|upkeep
|turn|24
|
|t:|1757897115
|-end|p2a: Walking Wake|Protosynthesis|[silent]
|switch|p2a: Slowking|Slowking-Galar, F|100/100
|move|p1a: Scream Tail|Wish|p1a: Scream Tail
|
|-weather|Snowscape|[upkeep]
|-heal|p1a: Scream Tail|64/100 brn|[from] Grassy Terrain
|-damage|p1a: Scream Tail|58/100 brn|[from] brn
|upkeep
|turn|25
|
|t:|1757897120
|move|p1a: Scream Tail|Thunder Wave|p2a: Slowking
|-status|p2a: Slowking|par
|-prepare|p2a: Slowking|Chilly Reception|[premajor]
|move|p2a: Slowking|Chilly Reception|p2a: Slowking
|
|t:|1757897124
|switch|p2a: Lycanroc|Lycanroc-Dusk, M|100/100|[from] Chilly Reception
|
|-weather|none
|-heal|p1a: Scream Tail|100/100 brn|[from] move: Wish|[wisher] Scream Tail
|-damage|p1a: Scream Tail|94/100 brn|[from] brn
|upkeep
|turn|26
|
|t:|1757897130
|move|p2a: Lycanroc|Stone Edge|p1a: Scream Tail|[miss]
|-miss|p2a: Lycanroc|p1a: Scream Tail
|move|p1a: Scream Tail|Thunder Wave|p2a: Lycanroc
|-status|p2a: Lycanroc|par
|
|-heal|p1a: Scream Tail|100/100 brn|[from] Grassy Terrain
|-damage|p1a: Scream Tail|94/100 brn|[from] brn
|-fieldend|move: Grassy Terrain
|upkeep
|turn|27
|-message|RighteousHideous forfeited.
|
|win|WeR#4Hay!
|raw|WeR#4Hay!'s rating: 1313 &rarr; <strong>1333</strong><br />(+20 for winning)
|raw|RighteousHideous's rating: 1317 &rarr; <strong>1297</strong><br />(-20 for losing)
|l|☆RighteousHideous
|player|p2|
