|j|☆tiawinter
|j|☆Lethroatt555
|t:|1757790401
|gametype|singles
|player|p1|tiawinter|102|1404
|player|p2|Lethroatt555|2|1452
|gen|9
|tier|[Gen 9] OU
|rated|
|rule|HP Percentage Mod: HP is shown in percentages
|rule|Endless Battle Clause: Forcing endless battles is banned
|rule|Species Clause: Limit one of each Pokémon
|rule|OHKO Clause: OHKO moves are banned
|rule|Evasion Items Clause: Evasion items are banned
|rule|Evasion Moves Clause: Evasion moves are banned
|rule|Evasion Abilities Clause: Evasion abilities are banned
|rule|Sleep Moves Clause: Sleep-inducing moves are banned
|clearpoke
|poke|p1|Great Tusk|
|poke|p1|Heatran, M|
|poke|p1|Weavile, M|
|poke|p1|Primarina, M|
|poke|p1|Ogerpon, F|
|poke|p1|Pecharunt|
|poke|p2|Zamazenta-*|
|poke|p2|Dragapult, M|
|poke|p2|Iron Valiant|
|poke|p2|Garchomp, M|
|poke|p2|Excadrill, M|
|poke|p2|Kingambit, M|
|teampreview
|inactive|Battle timer is ON: inactive players will automatically lose when time's up. (requested by Lethroatt555)
|
|t:|1757790409
|teamsize|p1|6
|teamsize|p2|6
|start
|switch|p1a: temu rillaboom|Ogerpon, F|100/100
|switch|p2a: Excadrill|Excadrill, M, shiny|100/100
|turn|1
|
|t:|1757790417
|move|p1a: temu rillaboom|Ivy Cudgel|p2a: Excadrill
|-enditem|p2a: Excadrill|Focus Sash
|-damage|p2a: Excadrill|1/100
|move|p2a: Excadrill|Stealth Rock|p1a: temu rillaboom
|-sidestart|p1: tiawinter|move: Stealth Rock
|
|upkeep
|turn|2
|
|t:|1757790421
|move|p1a: temu rillaboom|Ivy Cudgel|p2a: Excadrill
|-damage|p2a: Excadrill|0 fnt
|faint|p2a: Excadrill
|
|upkeep
|
|t:|1757790429
|switch|p2a: Zamazenta|Zamazenta|100/100
|-ability|p2a: Zamazenta|Dauntless Shield|boost
|-boost|p2a: Zamazenta|def|1
|turn|3
|
|t:|1757790434
|switch|p1a: forsaken|Pecharunt|100/100
|-damage|p1a: forsaken|88/100|[from] Stealth Rock
|move|p2a: Zamazenta|Iron Defense|p2a: Zamazenta
|-boost|p2a: Zamazenta|def|2
|
|upkeep
|turn|4
|
|t:|1757790440
|move|p2a: Zamazenta|Crunch|p1a: forsaken
|-supereffective|p1a: forsaken
|-damage|p1a: forsaken|68/100
|-damage|p2a: Zamazenta|84/100|[from] item: Rocky Helmet|[of] p1a: forsaken
|move|p1a: forsaken|Malignant Chain|p2a: Zamazenta
|-damage|p2a: Zamazenta|54/100
|-status|p2a: Zamazenta|tox
|-start|p2a: Zamazenta|confusion|[from] ability: Poison Puppeteer|[of] p1a: forsaken
|
|-damage|p2a: Zamazenta|48/100 tox|[from] psn
|upkeep
|turn|5
|
|t:|1757790446
|-activate|p2a: Zamazenta|confusion
|move|p2a: Zamazenta|Crunch|p1a: forsaken
|-supereffective|p1a: forsaken
|-crit|p1a: forsaken
|-damage|p1a: forsaken|35/100
|-damage|p2a: Zamazenta|31/100 tox|[from] item: Rocky Helmet|[of] p1a: forsaken
|move|p1a: forsaken|Recover|p1a: forsaken
|-heal|p1a: forsaken|85/100
|
|-damage|p2a: Zamazenta|19/100 tox|[from] psn
|upkeep
|turn|6
|
|t:|1757790452
|-activate|p2a: Zamazenta|confusion
|-damage|p2a: Zamazenta|16/100 tox|[from] confusion
|move|p1a: forsaken|Recover|p1a: forsaken
|-heal|p1a: forsaken|100/100
|
|-damage|p2a: Zamazenta|0 fnt|[from] psn
|faint|p2a: Zamazenta
|upkeep
|
|t:|1757790460
|switch|p2a: Kingambit|Kingambit, M, shiny|100/100
|-activate|p2a: Kingambit|ability: Supreme Overlord
|-start|p2a: Kingambit|fallen2|[silent]
|turn|7
|
|t:|1757790465
|move|p1a: forsaken|Parting Shot|p2a: Kingambit
|-unboost|p2a: Kingambit|atk|1
|-unboost|p2a: Kingambit|spa|1
|
|t:|1757790469
|switch|p1a: big horny|Great Tusk|100/100|[from] Parting Shot
|move|p2a: Kingambit|Kowtow Cleave|p1a: big horny
|-resisted|p1a: big horny
|-damage|p1a: big horny|87/100
|
|upkeep
|turn|8
|
|t:|1757790476
|-end|p2a: Kingambit|fallen2|[silent]
|switch|p2a: Garchomp|Garchomp, M|100/100
|move|p1a: big horny|Headlong Rush|p2a: Garchomp
|-damage|p2a: Garchomp|40/100
|-unboost|p1a: big horny|def|1
|-unboost|p1a: big horny|spd|1
|-damage|p1a: big horny|75/100|[from] ability: Rough Skin|[of] p2a: Garchomp
|
|upkeep
|turn|9
|
|t:|1757790491
|-end|p1a: big horny|Protosynthesis|[silent]
|switch|p1a: temu rillaboom|Ogerpon, F|100/100
|-damage|p1a: temu rillaboom|88/100|[from] Stealth Rock
|move|p2a: Garchomp|Earthquake|p1a: temu rillaboom
|-resisted|p1a: temu rillaboom
|-damage|p1a: temu rillaboom|45/100
|-damage|p2a: Garchomp|30/100|[from] item: Life Orb
|
|upkeep
|turn|10
|
|t:|1757790498
|move|p1a: temu rillaboom|Ivy Cudgel|p2a: Garchomp
|-damage|p2a: Garchomp|0 fnt
|faint|p2a: Garchomp
|
|upkeep
|
|t:|1757790507
|switch|p2a: Iron Valiant|Iron Valiant, shiny|100/100
|-enditem|p2a: Iron Valiant|Booster Energy
|-activate|p2a: Iron Valiant|ability: Quark Drive|[fromitem]
|-start|p2a: Iron Valiant|quarkdrivespe
|turn|11
|
|t:|1757790518
|move|p2a: Iron Valiant|Moonblast|p1a: temu rillaboom
|-damage|p1a: temu rillaboom|0 fnt
|faint|p1a: temu rillaboom
|
|upkeep
|
|t:|1757790522
|switch|p1a: forsaken|Pecharunt|100/100
|-damage|p1a: forsaken|88/100|[from] Stealth Rock
|turn|12
|
|t:|1757790527
|move|p2a: Iron Valiant|Psychic|p1a: forsaken
|-supereffective|p1a: forsaken
|-damage|p1a: forsaken|29/100
|move|p1a: forsaken|Malignant Chain|p2a: Iron Valiant
|-supereffective|p2a: Iron Valiant
|-damage|p2a: Iron Valiant|0 fnt
|faint|p2a: Iron Valiant
|-end|p2a: Iron Valiant|Quark Drive|[silent]
|
|upkeep
|
|t:|1757790539
|switch|p2a: Kingambit|Kingambit, M, shiny|100/100
|-activate|p2a: Kingambit|ability: Supreme Overlord
|-start|p2a: Kingambit|fallen4|[silent]
|turn|13
|
|t:|1757790547
|move|p1a: forsaken|Parting Shot|p2a: Kingambit
|-unboost|p2a: Kingambit|atk|1
|-unboost|p2a: Kingambit|spa|1
|
|t:|1757790549
|switch|p1a: big horny|Great Tusk|75/100|[from] Parting Shot
|move|p2a: Kingambit|Kowtow Cleave|p1a: big horny
|-resisted|p1a: big horny
|-damage|p1a: big horny|58/100
|
|upkeep
|turn|14
|
|t:|1757790562
|move|p1a: big horny|Headlong Rush|p2a: Kingambit
|-supereffective|p2a: Kingambit
|-damage|p2a: Kingambit|17/100
|-unboost|p1a: big horny|def|1
|-unboost|p1a: big horny|spd|1
|move|p2a: Kingambit|Iron Head|p1a: big horny
|-damage|p1a: big horny|7/100
|
|upkeep
|turn|15
|
|t:|1757790571
|move|p2a: Kingambit|Sucker Punch|p1a: big horny
|-resisted|p1a: big horny
|-damage|p1a: big horny|0 fnt
|faint|p1a: big horny
|-end|p1a: big horny|Protosynthesis|[silent]
|
|upkeep
|
|t:|1757790574
|switch|p1a: forsaken|Pecharunt|29/100
|-damage|p1a: forsaken|17/100|[from] Stealth Rock
|turn|16
|
|t:|1757790578
|move|p1a: forsaken|Recover|p1a: forsaken
|-heal|p1a: forsaken|67/100
|move|p2a: Kingambit|Kowtow Cleave|p1a: forsaken
|-supereffective|p1a: forsaken
|-damage|p1a: forsaken|24/100
|-damage|p2a: Kingambit|0 fnt|[from] item: Rocky Helmet|[of] p1a: forsaken
|faint|p2a: Kingambit
|-end|p2a: Kingambit|fallen4|[silent]
|
|upkeep
|
|t:|1757790580
|switch|p2a: Dragapult|Dragapult, M, shiny|100/100
|turn|17
|
|t:|1757790587
|move|p2a: Dragapult|Phantom Force||[still]
|-prepare|p2a: Dragapult|Phantom Force
|move|p1a: forsaken|Parting Shot|p2a: Dragapult|[miss]
|-miss|p1a: forsaken|p2a: Dragapult
|
|upkeep
|turn|18
|
|t:|1757790594
|move|p2a: Dragapult|Phantom Force|p1a: forsaken|[from] lockedmove
|-supereffective|p1a: forsaken
|-damage|p1a: forsaken|0 fnt
|-damage|p2a: Dragapult|84/100|[from] item: Rocky Helmet|[of] p1a: forsaken
|faint|p1a: forsaken
|
|upkeep
|
|t:|1757790599
|switch|p1a: girlboss|Primarina, M|100/100
|-damage|p1a: girlboss|88/100|[from] Stealth Rock
|turn|19
|
|t:|1757790601
|move|p2a: Dragapult|Phantom Force||[still]
|-prepare|p2a: Dragapult|Phantom Force
|move|p1a: girlboss|Moonblast|p2a: Dragapult|[miss]
|-miss|p1a: girlboss|p2a: Dragapult
|
|upkeep
|turn|20
|
|t:|1757790603
|move|p2a: Dragapult|Phantom Force|p1a: girlboss|[from] lockedmove
|-damage|p1a: girlboss|5/100
|move|p1a: girlboss|Moonblast|p2a: Dragapult
|-supereffective|p2a: Dragapult
|-damage|p2a: Dragapult|0 fnt
|faint|p2a: Dragapult
|
|win|tiawinter
|raw|tiawinter's rating: 1404 &rarr; <strong>1427</strong><br />(+23 for winning)
|raw|Lethroatt555's rating: 1452 &rarr; <strong>1429</strong><br />(-23 for losing)
|l|☆Lethroatt555
|player|p2|
