|j|☆ScarlattiTilt
|j|☆River Rocket
|t:|1757808472
|gametype|singles
|player|p1|ScarlattiTilt|265|1367
|player|p2|River Rocket|pokemaniac|1392
|gen|9
|tier|[Gen 9] OU
|rated|
|rule|HP Percentage Mod: HP is shown in percentages
|rule|Endless Battle Clause: Forcing endless battles is banned
|rule|Species Clause: Limit one of each Pokémon
|rule|OHKO Clause: OHKO moves are banned
|rule|Evasion Items Clause: Evasion items are banned
|rule|Evasion Moves Clause: Evasion moves are banned
|rule|Evasion Abilities Clause: Evasion abilities are banned
|rule|Sleep Moves Clause: Sleep-inducing moves are banned
|clearpoke
|poke|p1|Slowbro-Galar, M|
|poke|p1|Kingambit, F|
|poke|p1|Ninetales-Alola, M|
|poke|p1|Sinistcha|
|poke|p1|Heatran, F|
|poke|p1|Iron Hands|
|poke|p2|Dragapult, M|
|poke|p2|Glimmora, M|
|poke|p2|Comfey, M|
|poke|p2|Kingambit, M|
|poke|p2|Ogerpon-Wellspring, F|
|poke|p2|Blaziken, M|
|teampreview
|inactive|Battle timer is ON: inactive players will automatically lose when time's up. (requested by ScarlattiTilt)
|
|t:|1757808479
|teamsize|p1|6
|teamsize|p2|6
|start
|switch|p1a: Iron Hands|Iron Hands|100/100
|switch|p2a: Ogerpon|Ogerpon-Wellspring, F|100/100
|turn|1
|-activate|p1a: Iron Hands|item: Quick Claw
|
|t:|1757808490
|switch|p2a: Glimmora|Glimmora, M, shiny|100/100
|move|p1a: Iron Hands|Wild Charge|p2a: Glimmora
|-damage|p2a: Glimmora|66/100
|-activate|p2a: Glimmora|ability: Toxic Debris
|-sidestart|p1: ScarlattiTilt|move: Toxic Spikes
|-damage|p1a: Iron Hands|94/100|[from] Recoil
|-enditem|p2a: Glimmora|Red Card|[of] p1a: Iron Hands
|-end|p1a: Iron Hands|Quark Drive|[silent]
|drag|p1a: bigcheese|Kingambit, F|100/100
|
|upkeep
|turn|2
|
|t:|1757808494
|move|p2a: Glimmora|Earth Power|p1a: bigcheese
|-supereffective|p1a: bigcheese
|-damage|p1a: bigcheese|48/100
|move|p1a: bigcheese|Iron Head|p2a: Glimmora
|-supereffective|p2a: Glimmora
|-damage|p2a: Glimmora|0 fnt
|-activate|p2a: Glimmora|ability: Toxic Debris
|-sidestart|p1: ScarlattiTilt|move: Toxic Spikes
|faint|p2a: Glimmora
|
|upkeep
|
|t:|1757808502
|switch|p2a: Ogerpon|Ogerpon-Wellspring, F|100/100
|turn|3
|
|t:|1757808505
|move|p1a: bigcheese|Sucker Punch|p2a: Ogerpon
|-damage|p2a: Ogerpon|42/100
|move|p2a: Ogerpon|Ivy Cudgel|p1a: bigcheese|[anim] Ivy Cudgel Water
|-damage|p1a: bigcheese|2/100
|
|upkeep
|turn|4
|-activate|p1a: bigcheese|item: Quick Claw
|
|t:|1757808509
|move|p1a: bigcheese|Brick Break|p2a: Ogerpon
|-damage|p2a: Ogerpon|5/100
|move|p2a: Ogerpon|Spikes|p1a: bigcheese
|-sidestart|p1: ScarlattiTilt|Spikes
|
|upkeep
|turn|5
|
|t:|1757808514
|move|p1a: bigcheese|Sucker Punch|p2a: Ogerpon
|-damage|p2a: Ogerpon|0 fnt
|faint|p2a: Ogerpon
|
|upkeep
|
|t:|1757808518
|switch|p2a: Comfey|Comfey, M, shiny|100/100
|turn|6
|
|t:|1757808520
|-end|p1a: bigcheese|fallenundefined|[silent]
|switch|p1a: inbloom|Slowbro-Galar, M|100/100
|-sideend|p1: ScarlattiTilt|move: Toxic Spikes|[of] p1a: inbloom
|-damage|p1a: inbloom|88/100|[from] Spikes
|move|p2a: Comfey|Draining Kiss|p1a: inbloom
|-resisted|p1a: inbloom
|-damage|p1a: inbloom|71/100
|-damage|p2a: Comfey|91/100|[from] item: Life Orb
|
|upkeep
|turn|7
|-activate|p1a: inbloom|ability: Quick Draw
|
|t:|1757808531
|move|p1a: inbloom|Psyshock|p2a: Comfey
|-damage|p2a: Comfey|45/100
|move|p2a: Comfey|Substitute|p2a: Comfey
|-start|p2a: Comfey|Substitute
|-damage|p2a: Comfey|20/100
|
|upkeep
|turn|8
|-activate|p1a: inbloom|item: Quick Claw
|
|t:|1757808544
|move|p1a: inbloom|Flamethrower|p2a: Comfey
|-end|p2a: Comfey|Substitute
|move|p2a: Comfey|Calm Mind|p2a: Comfey
|-boost|p2a: Comfey|spa|1
|-boost|p2a: Comfey|spd|1
|
|upkeep
|turn|9
|-activate|p1a: inbloom|ability: Quick Draw
|
|t:|1757808551
|move|p2a: Comfey|Draining Kiss|p1a: inbloom
|-resisted|p1a: inbloom
|-damage|p1a: inbloom|48/100
|-heal|p2a: Comfey|42/100|[from] drain|[of] p1a: inbloom
|-damage|p2a: Comfey|33/100|[from] item: Life Orb
|move|p1a: inbloom|Flamethrower|p2a: Comfey
|-damage|p2a: Comfey|13/100
|
|upkeep
|turn|10
|
|t:|1757808557
|switch|p1a: frances|Heatran, F|100/100
|-damage|p1a: frances|88/100|[from] Spikes
|move|p2a: Comfey|Draining Kiss|p1a: frances
|-resisted|p1a: frances
|-damage|p1a: frances|81/100
|-heal|p2a: Comfey|20/100|[from] drain|[of] p1a: frances
|-damage|p2a: Comfey|10/100|[from] item: Life Orb
|
|upkeep
|turn|11
|
|t:|1757808572
|switch|p1a: inbloom|Slowbro-Galar, M|48/100
|-damage|p1a: inbloom|36/100|[from] Spikes
|move|p2a: Comfey|Draining Kiss|p1a: inbloom
|-resisted|p1a: inbloom
|-damage|p1a: inbloom|12/100
|-heal|p2a: Comfey|34/100|[from] drain|[of] p1a: inbloom
|-damage|p2a: Comfey|24/100|[from] item: Life Orb
|
|upkeep
|turn|12
|-activate|p1a: inbloom|ability: Quick Draw
|
|t:|1757808577
|move|p2a: Comfey|Draining Kiss|p1a: inbloom
|-resisted|p1a: inbloom
|-damage|p1a: inbloom|0 fnt
|-heal|p2a: Comfey|35/100|[from] drain|[of] p1a: inbloom
|faint|p1a: inbloom
|-damage|p2a: Comfey|25/100|[from] item: Life Orb
|
|upkeep
|
|t:|1757808579
|switch|p1a: frances|Heatran, F|81/100
|-damage|p1a: frances|68/100|[from] Spikes
|turn|13
|
|t:|1757808587
|move|p2a: Comfey|Calm Mind|p2a: Comfey
|-boost|p2a: Comfey|spa|1
|-boost|p2a: Comfey|spd|1
|move|p1a: frances|Lava Plume|p2a: Comfey
|-crit|p2a: Comfey
|-damage|p2a: Comfey|0 fnt
|faint|p2a: Comfey
|
|upkeep
|
|t:|1757808594
|switch|p2a: Blaziken|Blaziken, M, shiny|100/100
|turn|14
|
|t:|1757808597
|move|p2a: Blaziken|Close Combat|p1a: frances
|-supereffective|p1a: frances
|-damage|p1a: frances|0 fnt
|-unboost|p2a: Blaziken|def|1
|-unboost|p2a: Blaziken|spd|1
|faint|p1a: frances
|-damage|p2a: Blaziken|91/100|[from] item: Life Orb
|
|-ability|p2a: Blaziken|Speed Boost|boost
|-boost|p2a: Blaziken|spe|1
|upkeep
|
|t:|1757808601
|switch|p1a: pennyroyal|Sinistcha|100/100
|-damage|p1a: pennyroyal|88/100|[from] Spikes
|turn|15
|
|t:|1757808609
|-terastallize|p1a: pennyroyal|Fire
|move|p2a: Blaziken|Knock Off|p1a: pennyroyal
|-damage|p1a: pennyroyal|42/100
|-enditem|p1a: pennyroyal|Quick Claw|[from] move: Knock Off|[of] p2a: Blaziken
|-damage|p2a: Blaziken|81/100|[from] item: Life Orb
|move|p1a: pennyroyal|Shadow Ball|p2a: Blaziken
|-damage|p2a: Blaziken|0 fnt
|faint|p2a: Blaziken
|
|upkeep
|
|t:|1757808617
|switch|p2a: Dragapult|Dragapult, M, shiny|100/100
|turn|16
|
|t:|1757808621
|move|p2a: Dragapult|Shadow Ball|p1a: pennyroyal
|-damage|p1a: pennyroyal|0 fnt
|faint|p1a: pennyroyal
|-damage|p2a: Dragapult|91/100|[from] item: Life Orb
|
|upkeep
|
|t:|1757808623
|switch|p1a: gallons|Ninetales-Alola, M|100/100
|-damage|p1a: gallons|88/100|[from] Spikes
|-weather|Snowscape|[from] ability: Snow Warning|[of] p1a: gallons
|turn|17
|
|t:|1757808630
|move|p2a: Dragapult|Flamethrower|p1a: gallons
|-supereffective|p1a: gallons
|-damage|p1a: gallons|12/100
|-damage|p2a: Dragapult|81/100|[from] item: Life Orb
|move|p1a: gallons|Aurora Veil|p1a: gallons
|-sidestart|p1: ScarlattiTilt|move: Aurora Veil
|
|-weather|Snowscape|[upkeep]
|upkeep
|turn|18
|
|t:|1757808634
|move|p2a: Dragapult|Flamethrower|p1a: gallons
|-supereffective|p1a: gallons
|-damage|p1a: gallons|0 fnt
|faint|p1a: gallons
|-damage|p2a: Dragapult|71/100|[from] item: Life Orb
|
|-weather|Snowscape|[upkeep]
|upkeep
|
|t:|1757808636
|switch|p1a: bigcheese|Kingambit, F|2/100
|-damage|p1a: bigcheese|0 fnt|[from] Spikes
|faint|p1a: bigcheese
|-end|p1a: bigcheese|fallenundefined|[silent]
|
|t:|1757808639
|switch|p1a: Iron Hands|Iron Hands|94/100
|-damage|p1a: Iron Hands|82/100|[from] Spikes
|turn|19
|-activate|p1a: Iron Hands|item: Quick Claw
|
|t:|1757808648
|move|p1a: Iron Hands|Ice Punch|p2a: Dragapult
|-supereffective|p2a: Dragapult
|-damage|p2a: Dragapult|0 fnt
|faint|p2a: Dragapult
|
|-weather|Snowscape|[upkeep]
|upkeep
|
|t:|1757808652
|switch|p2a: Kingambit|Kingambit, M, shiny|100/100
|-activate|p2a: Kingambit|ability: Supreme Overlord
|-start|p2a: Kingambit|fallen5|[silent]
|turn|20
|
|t:|1757808668
|-terastallize|p2a: Kingambit|Ghost
|move|p2a: Kingambit|Swords Dance|p2a: Kingambit
|-boost|p2a: Kingambit|atk|2
|move|p1a: Iron Hands|Swords Dance|p1a: Iron Hands
|-boost|p1a: Iron Hands|atk|2
|
|-weather|Snowscape|[upkeep]
|upkeep
|turn|21
|
|t:|1757808674
|move|p1a: Iron Hands|Wild Charge|p2a: Kingambit
|-damage|p2a: Kingambit|36/100
|-damage|p1a: Iron Hands|69/100|[from] Recoil
|move|p2a: Kingambit|Swords Dance|p2a: Kingambit
|-boost|p2a: Kingambit|atk|2
|
|-weather|none
|-heal|p2a: Kingambit|43/100|[from] item: Leftovers
|upkeep
|turn|22
|-activate|p1a: Iron Hands|item: Quick Claw
|
|t:|1757808683
|move|p2a: Kingambit|Sucker Punch|p1a: Iron Hands
|-resisted|p1a: Iron Hands
|-damage|p1a: Iron Hands|41/100
|move|p1a: Iron Hands|Wild Charge|p2a: Kingambit
|-damage|p2a: Kingambit|0 fnt
|faint|p2a: Kingambit
|-end|p2a: Kingambit|fallen5|[silent]
|-damage|p1a: Iron Hands|33/100|[from] Recoil
|
|win|ScarlattiTilt
|raw|ScarlattiTilt's rating: 1367 &rarr; <strong>1388</strong><br />(+21 for winning)
|raw|River Rocket's rating: 1392 &rarr; <strong>1371</strong><br />(-21 for losing)
|l|☆River Rocket
|player|p2|
|l|☆ScarlattiTilt
|player|p1|
