|j|☆JasmineThia
|j|☆NotClevey
|t:|1757860597
|gametype|singles
|player|p1|JasmineThia|serena-masters3|1530
|player|p2|NotClevey|pryce|1483
|gen|9
|tier|[Gen 9] OU
|rated|
|rule|HP Percentage Mod: HP is shown in percentages
|rule|Endless Battle Clause: Forcing endless battles is banned
|rule|Species Clause: Limit one of each Pokémon
|rule|OHKO Clause: OHKO moves are banned
|rule|Evasion Items Clause: Evasion items are banned
|rule|Evasion Moves Clause: Evasion moves are banned
|rule|Evasion Abilities Clause: Evasion abilities are banned
|rule|Sleep Moves Clause: Sleep-inducing moves are banned
|clearpoke
|poke|p1|Weavile, F|
|poke|p1|Sinistcha|
|poke|p1|Gliscor, F|
|poke|p1|Great Tusk|
|poke|p1|Gholdengo|
|poke|p1|Walking Wake|
|poke|p2|Walking Wake|
|poke|p2|Sandy Shocks|
|poke|p2|Torkoal, M|
|poke|p2|Dragonite, F|
|poke|p2|Corviknight, F|
|poke|p2|Alomomola, F|
|teampreview
|inactive|Battle timer is ON: inactive players will automatically lose when time's up. (requested by NotClevey)
|
|t:|1757860611
|teamsize|p1|6
|teamsize|p2|6
|start
|switch|p1a: Walking Wake|Walking Wake|100/100
|switch|p2a: 储水硬接流星群|Walking Wake|100/100
|turn|1
|
|t:|1757860627
|-end|p1a: Walking Wake|Protosynthesis|[silent]
|switch|p1a: Gliscor|Gliscor, F|100/100
|-end|p2a: 储水硬接流星群|Protosynthesis|[silent]
|switch|p2a: 钢骑士|Corviknight, F, shiny|100/100
|
|-status|p1a: Gliscor|tox|[from] item: Toxic Orb
|upkeep
|turn|2
|
|t:|1757860633
|move|p1a: Gliscor|Knock Off|p2a: 钢骑士
|-damage|p2a: 钢骑士|84/100
|-enditem|p2a: 钢骑士|Heavy-Duty Boots|[from] move: Knock Off|[of] p1a: Gliscor
|move|p2a: 钢骑士|U-turn|p1a: Gliscor
|-resisted|p1a: Gliscor
|-damage|p1a: Gliscor|95/100 tox
|
|t:|1757860639
|switch|p2a: 储水硬接流星群|Walking Wake|100/100|[from] U-turn
|
|-heal|p1a: Gliscor|100/100 tox|[from] ability: Poison Heal
|upkeep
|turn|3
|
|t:|1757860645
|move|p1a: Gliscor|Protect|p1a: Gliscor
|-singleturn|p1a: Gliscor|Protect
|move|p2a: 储水硬接流星群|Draco Meteor|p1a: Gliscor
|-activate|p1a: Gliscor|move: Protect
|
|upkeep
|turn|4
|
|t:|1757860648
|move|p2a: 储水硬接流星群|Draco Meteor|p1a: Gliscor
|-damage|p1a: Gliscor|17/100 tox
|-unboost|p2a: 储水硬接流星群|spa|2
|move|p1a: Gliscor|Toxic|p2a: 储水硬接流星群
|-status|p2a: 储水硬接流星群|tox
|
|-damage|p2a: 储水硬接流星群|94/100 tox|[from] psn
|-heal|p1a: Gliscor|29/100 tox|[from] ability: Poison Heal
|upkeep
|turn|5
|
|t:|1757860668
|-end|p2a: 储水硬接流星群|Protosynthesis|[silent]
|switch|p2a: 地鸣雷震寒意生|Sandy Shocks, shiny|100/100
|move|p1a: Gliscor|Protect||[still]
|-fail|p1a: Gliscor
|
|-heal|p1a: Gliscor|42/100 tox|[from] ability: Poison Heal
|upkeep
|turn|6
|
|t:|1757860674
|-terastallize|p2a: 地鸣雷震寒意生|Ice
|move|p1a: Gliscor|Protect|p1a: Gliscor
|-singleturn|p1a: Gliscor|Protect
|move|p2a: 地鸣雷震寒意生|Tera Blast|p1a: Gliscor|[anim] Tera Blast Ice
|-activate|p1a: Gliscor|move: Protect
|
|-heal|p1a: Gliscor|54/100 tox|[from] ability: Poison Heal
|upkeep
|turn|7
|
|t:|1757860680
|switch|p1a: Weavile|Weavile, F|100/100
|-ability|p1a: Weavile|Pressure
|move|p2a: 地鸣雷震寒意生|Tera Blast|p1a: Weavile|[anim] Tera Blast Ice
|-resisted|p1a: Weavile
|-damage|p1a: Weavile|69/100
|
|upkeep
|turn|8
|
|t:|1757860693
|-end|p2a: 地鸣雷震寒意生|Protosynthesis|[silent]
|switch|p2a: 钢骑士|Corviknight, F, shiny|84/100
|move|p1a: Weavile|Knock Off|p2a: 钢骑士
|-damage|p2a: 钢骑士|48/100
|
|upkeep
|turn|9
|
|t:|1757860700
|switch|p1a: Gliscor|Gliscor, F|54/100 tox
|move|p2a: 钢骑士|Roost|p2a: 钢骑士
|-heal|p2a: 钢骑士|98/100
|-singleturn|p2a: 钢骑士|move: Roost
|
|-heal|p1a: Gliscor|67/100 tox|[from] ability: Poison Heal
|upkeep
|turn|10
|
|t:|1757860704
|move|p1a: Gliscor|Spikes|p2a: 钢骑士
|-sidestart|p2: NotClevey|Spikes
|move|p2a: 钢骑士|U-turn|p1a: Gliscor
|-resisted|p1a: Gliscor
|-damage|p1a: Gliscor|62/100 tox
|
|t:|1757860713
|switch|p2a: 储水硬接流星群|Walking Wake|94/100 tox|[from] U-turn
|-damage|p2a: 储水硬接流星群|82/100 tox|[from] Spikes
|
|-damage|p2a: 储水硬接流星群|76/100 tox|[from] psn
|-heal|p1a: Gliscor|74/100 tox|[from] ability: Poison Heal
|upkeep
|turn|11
|
|t:|1757860722
|move|p1a: Gliscor|Protect|p1a: Gliscor
|-singleturn|p1a: Gliscor|Protect
|move|p2a: 储水硬接流星群|Hydro Steam|p1a: Gliscor
|-activate|p1a: Gliscor|move: Protect
|
|-damage|p2a: 储水硬接流星群|63/100 tox|[from] psn
|-heal|p1a: Gliscor|87/100 tox|[from] ability: Poison Heal
|upkeep
|turn|12
|
|t:|1757860726
|switch|p1a: Walking Wake|Walking Wake|100/100
|move|p2a: 储水硬接流星群|Hydro Steam|p1a: Walking Wake
|-resisted|p1a: Walking Wake
|-damage|p1a: Walking Wake|84/100
|
|-damage|p2a: 储水硬接流星群|45/100 tox|[from] psn
|upkeep
|turn|13
|
|t:|1757860730
|-end|p2a: 储水硬接流星群|Protosynthesis|[silent]
|switch|p2a: Dragonite-Mega|Dragonite, F|100/100
|move|p1a: Walking Wake|Flip Turn|p2a: Dragonite-Mega
|-resisted|p2a: Dragonite-Mega
|-damage|p2a: Dragonite-Mega|96/100
|
|t:|1757860734
|-end|p1a: Walking Wake|Protosynthesis|[silent]
|switch|p1a: Weavile|Weavile, F|69/100|[from] Flip Turn
|-ability|p1a: Weavile|Pressure
|
|-heal|p2a: Dragonite-Mega|100/100|[from] item: Leftovers
|upkeep
|turn|14
|
|t:|1757860741
|move|p2a: Dragonite-Mega|Extreme Speed|p1a: Weavile
|-crit|p1a: Weavile
|-damage|p1a: Weavile|0 fnt
|faint|p1a: Weavile
|
|upkeep
|
|t:|1757860745
|switch|p1a: Gholdengo|Gholdengo|100/100
|-item|p1a: Gholdengo|Air Balloon
|turn|15
|
|t:|1757860756
|switch|p2a: 钢骑士|Corviknight, F, shiny|98/100
|move|p1a: Gholdengo|Nasty Plot|p1a: Gholdengo
|-boost|p1a: Gholdengo|spa|2
|
|upkeep
|turn|16
|
|t:|1757860761
|move|p1a: Gholdengo|Shadow Ball|p2a: 钢骑士
|-damage|p2a: 钢骑士|52/100
|-ability|p2a: 钢骑士|Mirror Armor
|-unboost|p1a: Gholdengo|spd|1
|move|p2a: 钢骑士|U-turn|p1a: Gholdengo
|-resisted|p1a: Gholdengo
|-damage|p1a: Gholdengo|98/100
|-enditem|p1a: Gholdengo|Air Balloon
|
|t:|1757860773
|switch|p2a: 地鸣雷震寒意生|Sandy Shocks, shiny, tera:Ice|100/100|[from] U-turn
|-damage|p2a: 地鸣雷震寒意生|88/100|[from] Spikes
|
|upkeep
|turn|17
|
|t:|1757860782
|switch|p1a: Gliscor|Gliscor, F|87/100 tox
|move|p2a: 地鸣雷震寒意生|Volt Switch|p1a: Gliscor
|-immune|p1a: Gliscor
|
|-heal|p1a: Gliscor|99/100 tox|[from] ability: Poison Heal
|upkeep
|turn|18
|
|t:|1757860786
|-end|p2a: 地鸣雷震寒意生|Protosynthesis|[silent]
|switch|p2a: 钢骑士|Corviknight, F, shiny|52/100
|switch|p1a: Gholdengo|Gholdengo|98/100
|
|upkeep
|turn|19
|
|t:|1757860792
|move|p1a: Gholdengo|Nasty Plot|p1a: Gholdengo
|-boost|p1a: Gholdengo|spa|2
|move|p2a: 钢骑士|U-turn|p1a: Gholdengo
|-resisted|p1a: Gholdengo
|-damage|p1a: Gholdengo|95/100
|
|t:|1757860798
|switch|p2a: Dragonite-Mega|Dragonite, F|100/100|[from] U-turn
|
|upkeep
|turn|20
|
|t:|1757860802
|move|p2a: Dragonite-Mega|Earthquake|p1a: Gholdengo
|-supereffective|p1a: Gholdengo
|-damage|p1a: Gholdengo|40/100
|move|p1a: Gholdengo|Make It Rain|p2a: Dragonite-Mega
|-damage|p2a: Dragonite-Mega|38/100
|-unboost|p1a: Gholdengo|spa|1
|
|-heal|p2a: Dragonite-Mega|44/100|[from] item: Leftovers
|upkeep
|turn|21
|
|t:|1757860809
|switch|p1a: Great Tusk|Great Tusk|100/100
|move|p2a: Dragonite-Mega|Earthquake|p1a: Great Tusk
|-damage|p1a: Great Tusk|80/100
|
|-heal|p2a: Dragonite-Mega|50/100|[from] item: Leftovers
|upkeep
|turn|22
|
|t:|1757860814
|switch|p2a: 钢骑士|Corviknight, F, shiny|52/100
|move|p1a: Great Tusk|Stealth Rock|p2a: 钢骑士
|-sidestart|p2: NotClevey|move: Stealth Rock
|
|upkeep
|turn|23
|
|t:|1757860819
|-end|p1a: Great Tusk|Protosynthesis|[silent]
|switch|p1a: Gholdengo|Gholdengo|40/100
|move|p2a: 钢骑士|Roost|p2a: 钢骑士
|-heal|p2a: 钢骑士|100/100
|-singleturn|p2a: 钢骑士|move: Roost
|
|upkeep
|turn|24
|
|t:|1757860824
|move|p1a: Gholdengo|Recover|p1a: Gholdengo
|-heal|p1a: Gholdengo|90/100
|move|p2a: 钢骑士|U-turn|p1a: Gholdengo
|-resisted|p1a: Gholdengo
|-damage|p1a: Gholdengo|88/100
|
|t:|1757860831
|switch|p2a: 地鸣雷震寒意生|Sandy Shocks, shiny, tera:Ice|88/100|[from] U-turn
|-damage|p2a: 地鸣雷震寒意生|76/100|[from] Spikes
|-damage|p2a: 地鸣雷震寒意生|51/100|[from] Stealth Rock
|
|upkeep
|turn|25
|
|t:|1757860837
|move|p2a: 地鸣雷震寒意生|Tera Blast|p1a: Gholdengo|[anim] Tera Blast Ice
|-resisted|p1a: Gholdengo
|-damage|p1a: Gholdengo|65/100
|move|p1a: Gholdengo|Make It Rain|p2a: 地鸣雷震寒意生
|-supereffective|p2a: 地鸣雷震寒意生
|-damage|p2a: 地鸣雷震寒意生|0 fnt
|-unboost|p1a: Gholdengo|spa|1
|faint|p2a: 地鸣雷震寒意生
|-end|p2a: 地鸣雷震寒意生|Protosynthesis|[silent]
|
|upkeep
|-message|NotClevey forfeited.
|
|win|JasmineThia
|raw|JasmineThia's rating: 1530 &rarr; <strong>1547</strong><br />(+17 for winning)
|raw|NotClevey's rating: 1483 &rarr; <strong>1466</strong><br />(-17 for losing)
|l|☆NotClevey
|player|p2|
