|inactive|Battle timer is ON: inactive players will automatically lose when time's up.
|t:|1757872824
|gametype|singles
|player|p1|haxlolo|#scl5dynamos|
|player|p2|mako|#scl5shoguns|
|gen|9
|tier|[Gen 9] OU
|rule|HP Percentage Mod: HP is shown in percentages
|rule|Endless Battle Clause: Forcing endless battles is banned
|rule|Species Clause: Limit one of each Pokémon
|rule|OHKO Clause: OHKO moves are banned
|rule|Evasion Items Clause: Evasion items are banned
|rule|Evasion Moves Clause: Evasion moves are banned
|rule|Evasion Abilities Clause: Evasion abilities are banned
|rule|Sleep Moves Clause: Sleep-inducing moves are banned
|clearpoke
|poke|p1|Deoxys-Speed|
|poke|p1|Samurott-Hisui, M|
|poke|p1|Gholdengo|
|poke|p1|Great Tusk|
|poke|p1|Enamorus, F|
|poke|p1|Dragonite, F|
|poke|p2|Zamazenta-*|
|poke|p2|Gholdengo|
|poke|p2|Rillaboom, F|
|poke|p2|Landorus-Therian, M|
|poke|p2|Kyurem|
|poke|p2|Cinderace, F|
|teampreview
|c|☆haxlolo|glhf
|c|☆mako|hf
|inactive|haxlolo has 270 seconds left.
|inactive|mako has 270 seconds left.
|rated|Smogon Champions League
|inactive|haxlolo has 240 seconds left.
|inactive|mako has 240 seconds left.
|inactive|haxlolo has 210 seconds left.
|
|t:|1757872931
|teamsize|p1|6
|teamsize|p2|6
|start
|switch|p1a: Deoxys|Deoxys-Speed|100/100
|switch|p2a: 10:36|Kyurem|100/100
|-ability|p1a: Deoxys|Pressure
|-ability|p2a: 10:36|Pressure
|turn|1
|inactive|haxlolo has 240 seconds left.
|
|t:|1757872966
|move|p1a: Deoxys|Psycho Boost|p2a: 10:36
|-damage|p2a: 10:36|67/100
|-unboost|p1a: Deoxys|spa|2
|-enditem|p1a: Deoxys|Eject Pack
|inactive|haxlolo has 210 seconds left.
|inactive|haxlolo has 180 seconds left.
|
|t:|1757873028
|switch|p1a: Gholdengo|Gholdengo|100/100
|move|p2a: 10:36|Draco Meteor|p1a: Gholdengo
|-resisted|p1a: Gholdengo
|-damage|p1a: Gholdengo|62/100
|-unboost|p2a: 10:36|spa|2
|
|upkeep
|turn|2
|inactive|mako has 270 seconds left.
|
|t:|1757873056
|switch|p2a: sunny day|Cinderace, F|100/100
|move|p1a: Gholdengo|Make It Rain|p2a: sunny day
|-resisted|p2a: sunny day
|-damage|p2a: sunny day|58/100
|-unboost|p1a: Gholdengo|spa|1
|-enditem|p1a: Gholdengo|Eject Pack
|inactive|haxlolo has 180 seconds left.
|
|t:|1757873078
|switch|p1a: Deoxys|Deoxys-Speed|100/100
|-ability|p1a: Deoxys|Pressure
|
|upkeep
|turn|3
|inactive|mako has 270 seconds left.
|
|t:|1757873098
|switch|p2a: 10:36|Kyurem|67/100
|-ability|p2a: 10:36|Pressure
|move|p1a: Deoxys|Stealth Rock|p2a: 10:36
|-sidestart|p2: mako|move: Stealth Rock
|
|upkeep
|turn|4
|inactive|haxlolo has 180 seconds left.
|inactive|haxlolo has 150 seconds left.
|
|t:|1757873158
|switch|p1a: Gholdengo|Gholdengo|62/100
|move|p2a: 10:36|Draco Meteor|p1a: Gholdengo
|-resisted|p1a: Gholdengo
|-damage|p1a: Gholdengo|23/100
|-unboost|p2a: 10:36|spa|2
|
|upkeep
|turn|5
|inactive|mako has 270 seconds left.
|
|t:|1757873186
|switch|p2a: sunny day|Cinderace, F|58/100
|move|p1a: Gholdengo|Make It Rain|p2a: sunny day
|-resisted|p2a: sunny day
|-damage|p2a: sunny day|14/100
|-unboost|p1a: Gholdengo|spa|1
|
|upkeep
|turn|6
|
|t:|1757873206
|move|p2a: sunny day|Court Change|p2a: sunny day
|-swapsideconditions
|-activate|p2a: sunny day|move: Court Change
|move|p1a: Gholdengo|Shadow Ball|p2a: sunny day
|-damage|p2a: sunny day|0 fnt
|faint|p2a: sunny day
|
|upkeep
|
|t:|1757873210
|switch|p2a: don't get the deal|Rillaboom, F|100/100
|-fieldstart|move: Grassy Terrain|[from] ability: Grassy Surge|[of] p2a: don't get the deal
|turn|7
|inactive|haxlolo has 120 seconds left.
|
|t:|1757873239
|switch|p1a: Dragonite|Dragonite, F|100/100
|move|p2a: don't get the deal|Knock Off|p1a: Dragonite
|-damage|p1a: Dragonite|79/100
|-enditem|p1a: Dragonite|Heavy-Duty Boots|[from] move: Knock Off|[of] p2a: don't get the deal
|
|upkeep
|turn|8
|inactive|haxlolo has 120 seconds left.
|inactive|mako has 240 seconds left.
|
|t:|1757873273
|move|p2a: don't get the deal|U-turn|p1a: Dragonite
|-resisted|p1a: Dragonite
|-damage|p1a: Dragonite|64/100
|
|t:|1757873275
|switch|p2a: 10:36|Kyurem|67/100|[from] U-turn
|-ability|p2a: 10:36|Pressure
|move|p1a: Dragonite|Dragon Tail|p2a: 10:36|[miss]
|-miss|p1a: Dragonite|p2a: 10:36
|
|-heal|p2a: 10:36|73/100|[from] Grassy Terrain
|upkeep
|turn|9
|inactive|haxlolo has 120 seconds left.
|
|t:|1757873304
|switch|p1a: Gholdengo|Gholdengo|23/100
|-damage|p1a: Gholdengo|17/100|[from] Stealth Rock
|move|p2a: 10:36|Freeze-Dry|p1a: Gholdengo
|-resisted|p1a: Gholdengo
|-damage|p1a: Gholdengo|0 fnt
|faint|p1a: Gholdengo
|
|-heal|p2a: 10:36|79/100|[from] Grassy Terrain
|upkeep
|inactive|haxlolo has 90 seconds left.
|
|t:|1757873328
|switch|p1a: Samurott|Samurott-Hisui, M|100/100
|-damage|p1a: Samurott|88/100|[from] Stealth Rock
|turn|10
|inactive|haxlolo has 90 seconds left.
|inactive|mako has 240 seconds left.
|
|t:|1757873343
|-terastallize|p1a: Samurott|Dark
|move|p1a: Samurott|Ceaseless Edge|p2a: 10:36
|-damage|p2a: 10:36|3/100
|-sidestart|p2: mako|Spikes
|move|p2a: 10:36|Freeze-Dry|p1a: Samurott
|-damage|p1a: Samurott|27/100
|
|-heal|p1a: Samurott|33/100|[from] Grassy Terrain
|-heal|p2a: 10:36|9/100|[from] Grassy Terrain
|upkeep
|turn|11
|inactive|mako has 210 seconds left.
|inactive|mako has 180 seconds left.
|
|t:|1757873414
|move|p1a: Samurott|Ceaseless Edge|p2a: 10:36
|-damage|p2a: 10:36|0 fnt
|-sidestart|p2: mako|Spikes
|faint|p2a: 10:36
|
|-heal|p1a: Samurott|39/100|[from] Grassy Terrain
|upkeep
|
|t:|1757873438
|switch|p2a: pictures of us|Landorus-Therian, M|100/100
|-ability|p2a: pictures of us|Intimidate|boost
|-unboost|p1a: Samurott|atk|1
|turn|12
|inactive|mako has 150 seconds left.
|
|t:|1757873474
|switch|p1a: Dragonite|Dragonite, F|64/100
|-damage|p1a: Dragonite|40/100|[from] Stealth Rock
|move|p2a: pictures of us|Earth Power|p1a: Dragonite
|-immune|p1a: Dragonite
|
|upkeep
|turn|13
|
|t:|1757873479
|move|p2a: pictures of us|Stone Edge|p1a: Dragonite
|-supereffective|p1a: Dragonite
|-damage|p1a: Dragonite|0 fnt
|faint|p1a: Dragonite
|
|upkeep
|inactive|haxlolo has 90 seconds left.
|
|t:|1757873495
|switch|p1a: Great Tusk|Great Tusk|100/100
|-damage|p1a: Great Tusk|98/100|[from] Stealth Rock
|turn|14
|inactive|haxlolo has 90 seconds left.
|inactive|mako has 150 seconds left.
|
|t:|1757873514
|move|p2a: pictures of us|U-turn|p1a: Great Tusk
|-resisted|p1a: Great Tusk
|-damage|p1a: Great Tusk|90/100
|
|t:|1757873517
|switch|p2a: broken cd|Gholdengo|100/100|[from] U-turn
|-damage|p2a: broken cd|84/100|[from] Spikes
|-enditem|p2a: broken cd|Grassy Seed
|-boost|p2a: broken cd|def|1|[from] item: Grassy Seed
|move|p1a: Great Tusk|Rapid Spin|p2a: broken cd
|-immune|p2a: broken cd
|
|-heal|p1a: Great Tusk|96/100|[from] Grassy Terrain
|-heal|p2a: broken cd|90/100|[from] Grassy Terrain
|-fieldend|move: Grassy Terrain
|upkeep
|turn|15
|inactive|mako has 150 seconds left.
|
|t:|1757873538
|-terastallize|p2a: broken cd|Fairy
|move|p1a: Great Tusk|Headlong Rush|p2a: broken cd
|-damage|p2a: broken cd|53/100
|-unboost|p1a: Great Tusk|def|1
|-unboost|p1a: Great Tusk|spd|1
|move|p2a: broken cd|Dazzling Gleam|p1a: Great Tusk
|-supereffective|p1a: Great Tusk
|-damage|p1a: Great Tusk|0 fnt
|faint|p1a: Great Tusk
|-end|p1a: Great Tusk|Protosynthesis|[silent]
|
|upkeep
|
|t:|1757873547
|switch|p1a: Deoxys|Deoxys-Speed|100/100
|-damage|p1a: Deoxys|88/100|[from] Stealth Rock
|-ability|p1a: Deoxys|Pressure
|turn|16
|inactive|mako has 150 seconds left.
|
|t:|1757873564
|move|p1a: Deoxys|Psycho Boost|p2a: broken cd
|-damage|p2a: broken cd|1/100
|-unboost|p1a: Deoxys|spa|2
|move|p2a: broken cd|Recover|p2a: broken cd
|-heal|p2a: broken cd|51/100
|
|upkeep
|turn|17
|
|t:|1757873571
|switch|p1a: Samurott|Samurott-Hisui, M, tera:Dark|39/100
|-damage|p1a: Samurott|27/100|[from] Stealth Rock
|move|p2a: broken cd|Recover|p2a: broken cd
|-heal|p2a: broken cd|100/100
|
|upkeep
|turn|18
|inactive|mako has 150 seconds left.
|
|t:|1757873590
|move|p1a: Samurott|Flip Turn|p2a: broken cd
|-damage|p2a: broken cd|81/100
|
|t:|1757873592
|switch|p1a: Deoxys|Deoxys-Speed|88/100|[from] Flip Turn
|-damage|p1a: Deoxys|76/100|[from] Stealth Rock
|-ability|p1a: Deoxys|Pressure
|move|p2a: broken cd|Dazzling Gleam|p1a: Deoxys
|-damage|p1a: Deoxys|15/100
|
|upkeep
|turn|19
|inactive|mako has 150 seconds left.
|
|t:|1757873602
|move|p1a: Deoxys|Psycho Boost|p2a: broken cd
|-damage|p2a: broken cd|30/100
|-unboost|p1a: Deoxys|spa|2
|move|p2a: broken cd|Recover|p2a: broken cd
|-heal|p2a: broken cd|80/100
|
|upkeep
|turn|20
|
|t:|1757873606
|move|p1a: Deoxys|Psycho Boost|p2a: broken cd
|-damage|p2a: broken cd|57/100
|-unboost|p1a: Deoxys|spa|2
|move|p2a: broken cd|Recover|p2a: broken cd
|-heal|p2a: broken cd|100/100
|
|upkeep
|turn|21
|
|t:|1757873610
|move|p1a: Deoxys|Psycho Boost|p2a: broken cd
|-damage|p2a: broken cd|84/100
|-unboost|p1a: Deoxys|spa|2
|move|p2a: broken cd|Dazzling Gleam|p1a: Deoxys
|-damage|p1a: Deoxys|0 fnt
|faint|p1a: Deoxys
|
|upkeep
|
|t:|1757873613
|switch|p1a: Enamorus|Enamorus, F|100/100
|-damage|p1a: Enamorus|76/100|[from] Stealth Rock
|turn|22
|
|t:|1757873618
|move|p1a: Enamorus|Moonblast|p2a: broken cd
|-damage|p2a: broken cd|41/100
|move|p2a: broken cd|Shadow Ball|p1a: Enamorus
|-damage|p1a: Enamorus|25/100
|-boost|p1a: Enamorus|spd|1
|
|upkeep
|turn|23
|
|t:|1757873621
|move|p1a: Enamorus|Moonblast|p2a: broken cd
|-damage|p2a: broken cd|0 fnt
|faint|p2a: broken cd
|
|upkeep
|
|t:|1757873623
|switch|p2a: don't get the deal|Rillaboom, F|100/100
|-damage|p2a: don't get the deal|84/100|[from] Spikes
|-fieldstart|move: Grassy Terrain|[from] ability: Grassy Surge|[of] p2a: don't get the deal
|turn|24
|
|t:|1757873625
|move|p2a: don't get the deal|Grassy Glide|p1a: Enamorus
|-resisted|p1a: Enamorus
|-damage|p1a: Enamorus|0 fnt
|faint|p1a: Enamorus
|
|-heal|p2a: don't get the deal|90/100|[from] Grassy Terrain
|upkeep
|
|t:|1757873626
|switch|p1a: Samurott|Samurott-Hisui, M, tera:Dark|27/100
|-damage|p1a: Samurott|15/100|[from] Stealth Rock
|turn|25
|
|t:|1757873627
|move|p2a: don't get the deal|Grassy Glide|p1a: Samurott
|-damage|p1a: Samurott|0 fnt
|faint|p1a: Samurott
|
|win|mako
|c|☆mako|gg
|c|☆haxlolo|gg
|player|p1|
