|j|☆MayatazKJ
|j|☆rain224
|t:|1757849647
|gametype|singles
|player|p1|MayatazKJ|2|1363
|player|p2|rain224|101|1419
|gen|9
|tier|[Gen 9] OU
|rated|
|rule|HP Percentage Mod: HP is shown in percentages
|rule|Endless Battle Clause: Forcing endless battles is banned
|rule|Species Clause: Limit one of each Pokémon
|rule|OHKO Clause: OHKO moves are banned
|rule|Evasion Items Clause: Evasion items are banned
|rule|Evasion Moves Clause: Evasion moves are banned
|rule|Evasion Abilities Clause: Evasion abilities are banned
|rule|Sleep Moves Clause: Sleep-inducing moves are banned
|clearpoke
|poke|p1|Tyranitar, F|
|poke|p1|Excadrill, F|
|poke|p1|Keldeo-Resolute|
|poke|p1|Tornadus-Therian, M|
|poke|p1|Heatran, F|
|poke|p1|Hydrapple, M|
|poke|p2|Barraskewda, M|
|poke|p2|Raging Bolt|
|poke|p2|Pelipper, M|
|poke|p2|Tornadus-Therian, M|
|poke|p2|Ogerpon-Wellspring, F|
|poke|p2|Iron Treads|
|teampreview
|inactive|Battle timer is ON: inactive players will automatically lose when time's up. (requested by rain224)
|
|t:|1757849668
|teamsize|p1|6
|teamsize|p2|6
|start
|switch|p1a: Hydrapple|Hydrapple, M|100/100
|switch|p2a: Ogerpon|Ogerpon-Wellspring, F|100/100
|turn|1
|
|t:|1757849680
|switch|p2a: Raging Bolt|Raging Bolt|100/100
|move|p1a: Hydrapple|Fickle Beam|p2a: Raging Bolt
|-supereffective|p2a: Raging Bolt
|-damage|p2a: Raging Bolt|43/100
|
|-heal|p2a: Raging Bolt|49/100|[from] item: Leftovers
|upkeep
|turn|2
|
|t:|1757849690
|switch|p1a: Tyranitar|Tyranitar, F|100/100
|-weather|Sandstorm|[from] ability: Sand Stream|[of] p1a: Tyranitar
|-terastallize|p2a: Raging Bolt|Fairy
|move|p2a: Raging Bolt|Dragon Pulse|p1a: Tyranitar
|-damage|p1a: Tyranitar|67/100
|
|-weather|Sandstorm|[upkeep]
|-damage|p2a: Raging Bolt|43/100|[from] Sandstorm
|-heal|p2a: Raging Bolt|49/100|[from] item: Leftovers
|upkeep
|turn|3
|
|t:|1757849705
|-end|p2a: Raging Bolt|Protosynthesis|[silent]
|switch|p2a: Iron Treads|Iron Treads|100/100
|move|p1a: Tyranitar|Stone Edge|p2a: Iron Treads
|-resisted|p2a: Iron Treads
|-damage|p2a: Iron Treads|84/100
|
|-weather|Sandstorm|[upkeep]
|-heal|p2a: Iron Treads|90/100|[from] item: Leftovers
|upkeep
|turn|4
|
|t:|1757849725
|switch|p1a: Excadrill|Excadrill, F|100/100
|-item|p1a: Excadrill|Air Balloon
|move|p2a: Iron Treads|Earthquake|p1a: Excadrill
|-immune|p1a: Excadrill
|
|-weather|Sandstorm|[upkeep]
|-heal|p2a: Iron Treads|96/100|[from] item: Leftovers
|upkeep
|turn|5
|
|t:|1757849742
|-end|p2a: Iron Treads|Quark Drive|[silent]
|switch|p2a: Pelipper|Pelipper, M|100/100
|-weather|RainDance|[from] ability: Drizzle|[of] p2a: Pelipper
|move|p1a: Excadrill|Iron Head|p2a: Pelipper
|-resisted|p2a: Pelipper
|-damage|p2a: Pelipper|78/100
|
|-weather|RainDance|[upkeep]
|upkeep
|turn|6
|
|t:|1757849751
|switch|p1a: Tyranitar|Tyranitar, F|67/100
|-weather|Sandstorm|[from] ability: Sand Stream|[of] p1a: Tyranitar
|move|p2a: Pelipper|U-turn|p1a: Tyranitar
|-supereffective|p1a: Tyranitar
|-damage|p1a: Tyranitar|48/100
|
|t:|1757849757
|switch|p2a: Ogerpon|Ogerpon-Wellspring, F|100/100|[from] U-turn
|
|-weather|Sandstorm|[upkeep]
|-damage|p2a: Ogerpon|95/100|[from] Sandstorm
|upkeep
|turn|7
|
|t:|1757849764
|switch|p1a: Hydrapple|Hydrapple, M|100/100
|move|p2a: Ogerpon|Trailblaze|p1a: Hydrapple
|-resisted|p1a: Hydrapple
|-damage|p1a: Hydrapple|96/100
|-boost|p2a: Ogerpon|spe|1
|-damage|p2a: Ogerpon|78/100|[from] item: Rocky Helmet|[of] p1a: Hydrapple
|
|-weather|Sandstorm|[upkeep]
|-damage|p2a: Ogerpon|72/100|[from] Sandstorm
|-damage|p1a: Hydrapple|90/100|[from] Sandstorm
|upkeep
|turn|8
|
|t:|1757849780
|switch|p2a: Tornadus|Tornadus-Therian, M|100/100
|move|p1a: Hydrapple|Fickle Beam|p2a: Tornadus
|-damage|p2a: Tornadus|62/100
|
|-weather|Sandstorm|[upkeep]
|-damage|p2a: Tornadus|56/100|[from] Sandstorm
|-damage|p1a: Hydrapple|84/100|[from] Sandstorm
|upkeep
|turn|9
|
|t:|1757849791
|switch|p1a: Heatran|Heatran, F|100/100
|move|p2a: Tornadus|Hurricane|p1a: Heatran|[miss]
|-miss|p2a: Tornadus|p1a: Heatran
|
|-weather|Sandstorm|[upkeep]
|-damage|p2a: Tornadus|50/100|[from] Sandstorm
|upkeep
|turn|10
|
|t:|1757849807
|switch|p2a: Pelipper|Pelipper, M|78/100
|-weather|RainDance|[from] ability: Drizzle|[of] p2a: Pelipper
|move|p1a: Heatran|Magma Storm|p2a: Pelipper
|-resisted|p2a: Pelipper
|-damage|p2a: Pelipper|67/100
|-activate|p2a: Pelipper|move: Magma Storm|[of] p1a: Heatran
|
|-weather|RainDance|[upkeep]
|-damage|p2a: Pelipper|54/100|[from] move: Magma Storm|[partiallytrapped]
|upkeep
|turn|11
|
|t:|1757849824
|move|p1a: Heatran|Stealth Rock|p2a: Pelipper
|-sidestart|p2: rain224|move: Stealth Rock
|move|p2a: Pelipper|U-turn|p1a: Heatran
|-resisted|p1a: Heatran
|-damage|p1a: Heatran|98/100
|-status|p2a: Pelipper|brn|[from] ability: Flame Body|[of] p1a: Heatran
|
|t:|1757849832
|switch|p2a: Ogerpon|Ogerpon-Wellspring, F|72/100|[from] U-turn
|-damage|p2a: Ogerpon|60/100|[from] Stealth Rock
|
|-weather|RainDance|[upkeep]
|-heal|p1a: Heatran|100/100|[from] item: Leftovers
|upkeep
|turn|12
|
|t:|1757849839
|switch|p1a: Hydrapple|Hydrapple, M|100/100
|move|p2a: Ogerpon|Play Rough|p1a: Hydrapple|[miss]
|-miss|p2a: Ogerpon|p1a: Hydrapple
|
|-weather|RainDance|[upkeep]
|upkeep
|turn|13
|inactive|rain224 has 120 seconds left.
|
|t:|1757849869
|move|p2a: Ogerpon|Play Rough|p1a: Hydrapple
|-supereffective|p1a: Hydrapple
|-damage|p1a: Hydrapple|55/100
|-damage|p2a: Ogerpon|43/100|[from] item: Rocky Helmet|[of] p1a: Hydrapple
|move|p1a: Hydrapple|Fickle Beam|p2a: Ogerpon
|-crit|p2a: Ogerpon
|-damage|p2a: Ogerpon|0 fnt
|faint|p2a: Ogerpon
|
|-weather|RainDance|[upkeep]
|upkeep
|inactive|rain224 has 120 seconds left.
|
|t:|1757849878
|switch|p2a: Tornadus|Tornadus-Therian, M|83/100
|-damage|p2a: Tornadus|59/100|[from] Stealth Rock
|turn|14
|
|t:|1757849889
|switch|p1a: Tyranitar|Tyranitar, F|48/100
|-weather|Sandstorm|[from] ability: Sand Stream|[of] p1a: Tyranitar
|move|p2a: Tornadus|U-turn|p1a: Tyranitar
|-supereffective|p1a: Tyranitar
|-damage|p1a: Tyranitar|21/100
|inactive|rain224 has 120 seconds left.
|
|t:|1757849907
|switch|p2a: Iron Treads|Iron Treads|96/100|[from] U-turn
|-damage|p2a: Iron Treads|93/100|[from] Stealth Rock
|
|-weather|Sandstorm|[upkeep]
|-heal|p2a: Iron Treads|99/100|[from] item: Leftovers
|upkeep
|turn|15
|
|t:|1757849922
|switch|p1a: Excadrill|Excadrill, F|100/100
|-item|p1a: Excadrill|Air Balloon
|move|p2a: Iron Treads|Rapid Spin|p1a: Excadrill
|-resisted|p1a: Excadrill
|-damage|p1a: Excadrill|92/100
|-boost|p2a: Iron Treads|spe|1
|-enditem|p1a: Excadrill|Air Balloon
|-sideend|p2: rain224|Stealth Rock|[from] move: Rapid Spin|[of] p2a: Iron Treads
|
|-weather|Sandstorm|[upkeep]
|-heal|p2a: Iron Treads|100/100|[from] item: Leftovers
|upkeep
|turn|16
|
|t:|1757849932
|move|p1a: Excadrill|Earthquake|p2a: Iron Treads
|-supereffective|p2a: Iron Treads
|-damage|p2a: Iron Treads|16/100
|move|p2a: Iron Treads|Earthquake|p1a: Excadrill
|-supereffective|p1a: Excadrill
|-damage|p1a: Excadrill|0 fnt
|faint|p1a: Excadrill
|
|-weather|Sandstorm|[upkeep]
|-heal|p2a: Iron Treads|22/100|[from] item: Leftovers
|upkeep
|inactive|MayatazKJ has 120 seconds left.
|
|t:|1757849967
|switch|p1a: Tornadus|Tornadus-Therian, M|100/100
|turn|17
|
|t:|1757849972
|move|p2a: Iron Treads|Stealth Rock|p1a: Tornadus
|-sidestart|p1: MayatazKJ|move: Stealth Rock
|move|p1a: Tornadus|Heat Wave|p2a: Iron Treads
|-supereffective|p2a: Iron Treads
|-damage|p2a: Iron Treads|0 fnt
|faint|p2a: Iron Treads
|-end|p2a: Iron Treads|Quark Drive|[silent]
|
|-weather|Sandstorm|[upkeep]
|-damage|p1a: Tornadus|94/100|[from] Sandstorm
|upkeep
|
|t:|1757849993
|switch|p2a: Tornadus|Tornadus-Therian, M|92/100
|turn|18
|inactive|MayatazKJ has 120 seconds left.
|
|t:|1757850022
|move|p2a: Tornadus|Weather Ball|p1a: Tornadus
|-supereffective|p1a: Tornadus
|-damage|p1a: Tornadus|0 fnt
|faint|p1a: Tornadus
|
|-weather|none
|upkeep
|
|t:|1757850047
|switch|p1a: Heatran|Heatran, F|100/100
|-damage|p1a: Heatran|88/100|[from] Stealth Rock
|turn|19
|
|t:|1757850052
|switch|p2a: Pelipper|Pelipper, M|54/100 brn
|-weather|RainDance|[from] ability: Drizzle|[of] p2a: Pelipper
|move|p1a: Heatran|Stealth Rock|p2a: Pelipper
|-sidestart|p2: rain224|move: Stealth Rock
|
|-weather|RainDance|[upkeep]
|-heal|p1a: Heatran|94/100|[from] item: Leftovers
|-damage|p2a: Pelipper|48/100 brn|[from] brn
|upkeep
|turn|20
|
|t:|1757850066
|switch|p1a: Hydrapple|Hydrapple, M|88/100
|-damage|p1a: Hydrapple|76/100|[from] Stealth Rock
|move|p2a: Pelipper|Roost|p2a: Pelipper
|-heal|p2a: Pelipper|98/100 brn
|-singleturn|p2a: Pelipper|move: Roost
|
|-weather|RainDance|[upkeep]
|-damage|p2a: Pelipper|92/100 brn|[from] brn
|upkeep
|turn|21
|
|t:|1757850073
|-terastallize|p1a: Hydrapple|Fairy
|move|p2a: Pelipper|Hurricane|p1a: Hydrapple
|-damage|p1a: Hydrapple|38/100
|move|p1a: Hydrapple|Giga Drain|p2a: Pelipper
|-damage|p2a: Pelipper|56/100 brn
|-heal|p1a: Hydrapple|52/100|[from] drain|[of] p2a: Pelipper
|
|-weather|RainDance|[upkeep]
|-damage|p2a: Pelipper|49/100 brn|[from] brn
|upkeep
|turn|22
|inactive|MayatazKJ has 90 seconds left.
|
|t:|1757850111
|move|p2a: Pelipper|U-turn|p1a: Hydrapple
|-resisted|p1a: Hydrapple
|-damage|p1a: Hydrapple|51/100
|-damage|p2a: Pelipper|33/100 brn|[from] item: Rocky Helmet|[of] p1a: Hydrapple
|
|t:|1757850113
|switch|p2a: Tornadus|Tornadus-Therian, M|100/100|[from] U-turn
|-damage|p2a: Tornadus|76/100|[from] Stealth Rock
|move|p1a: Hydrapple|Giga Drain|p2a: Tornadus
|-resisted|p2a: Tornadus
|-damage|p2a: Tornadus|58/100
|-heal|p1a: Hydrapple|57/100|[from] drain|[of] p2a: Tornadus
|
|-weather|RainDance|[upkeep]
|upkeep
|turn|23
|inactive|MayatazKJ has 90 seconds left.
|
|t:|1757850137
|switch|p1a: Heatran|Heatran, F|94/100
|-damage|p1a: Heatran|82/100|[from] Stealth Rock
|move|p2a: Tornadus|Weather Ball|p1a: Heatran
|-supereffective|p1a: Heatran
|-damage|p1a: Heatran|0 fnt
|faint|p1a: Heatran
|
|-weather|RainDance|[upkeep]
|upkeep
|
|t:|1757850157
|switch|p1a: Tyranitar|Tyranitar, F|21/100
|-damage|p1a: Tyranitar|8/100|[from] Stealth Rock
|-weather|Sandstorm|[from] ability: Sand Stream|[of] p1a: Tyranitar
|turn|24
|
|t:|1757850162
|switch|p1a: Keldeo|Keldeo-Resolute|100/100
|-damage|p1a: Keldeo|94/100|[from] Stealth Rock
|move|p2a: Tornadus|Weather Ball|p1a: Keldeo
|-resisted|p1a: Keldeo
|-damage|p1a: Keldeo|69/100
|
|-weather|Sandstorm|[upkeep]
|-damage|p2a: Tornadus|52/100|[from] Sandstorm
|-damage|p1a: Keldeo|63/100|[from] Sandstorm
|upkeep
|turn|25
|
|t:|1757850181
|switch|p2a: Pelipper|Pelipper, M|33/100 brn
|-damage|p2a: Pelipper|8/100 brn|[from] Stealth Rock
|-weather|RainDance|[from] ability: Drizzle|[of] p2a: Pelipper
|move|p1a: Keldeo|Surf|p2a: Pelipper
|-resisted|p2a: Pelipper
|-damage|p2a: Pelipper|0 fnt
|faint|p2a: Pelipper
|
|-weather|RainDance|[upkeep]
|upkeep
|inactive|rain224 has 120 seconds left.
|
|t:|1757850217
|switch|p2a: Tornadus|Tornadus-Therian, M|85/100
|-damage|p2a: Tornadus|60/100|[from] Stealth Rock
|turn|26
|
|t:|1757850230
|switch|p1a: Tyranitar|Tyranitar, F|8/100
|-damage|p1a: Tyranitar|0 fnt|[from] Stealth Rock
|faint|p1a: Tyranitar
|move|p2a: Tornadus|Hurricane|p1: Tyranitar|[notarget]
|-fail|p2a: Tornadus
|
|-weather|RainDance|[upkeep]
|upkeep
|
|t:|1757850238
|switch|p1a: Hydrapple|Hydrapple, M, tera:Fairy|91/100
|-damage|p1a: Hydrapple|78/100|[from] Stealth Rock
|turn|27
|
|t:|1757850242
|move|p2a: Tornadus|Hurricane|p1a: Hydrapple
|-damage|p1a: Hydrapple|0 fnt
|faint|p1a: Hydrapple
|
|-weather|RainDance|[upkeep]
|upkeep
|inactive|MayatazKJ has 90 seconds left.
|c|☆MayatazKJ|talon E off the balcony
|-message|MayatazKJ forfeited.
|
|win|rain224
|raw|MayatazKJ's rating: 1363 &rarr; <strong>1346</strong><br />(-17 for losing)
|raw|rain224's rating: 1419 &rarr; <strong>1436</strong><br />(+17 for winning)
|l|☆MayatazKJ
|player|p1|
|c|☆rain224|ggs
