|j|☆Gh0stlyWinter
|j|☆uihjvb
|t:|1757851448
|gametype|singles
|player|p1|Gh0stlyWinter|parasollady|1096
|player|p2|uihjvb|265|1053
|gen|9
|tier|[Gen 9] OU
|rated|
|rule|HP Percentage Mod: HP is shown in percentages
|rule|Endless Battle Clause: Forcing endless battles is banned
|rule|Species Clause: Limit one of each Pokémon
|rule|OHKO Clause: OHKO moves are banned
|rule|Evasion Items Clause: Evasion items are banned
|rule|Evasion Moves Clause: Evasion moves are banned
|rule|Evasion Abilities Clause: Evasion abilities are banned
|rule|Sleep Moves Clause: Sleep-inducing moves are banned
|clearpoke
|poke|p1|Hatterene, F|
|poke|p1|Goodra-Hisui, F|
|poke|p1|Magcargo, M|
|poke|p1|Meowscarada, F|
|poke|p1|Frosmoth, F|
|poke|p1|Toxapex, F|
|poke|p2|Ceruledge, M|
|poke|p2|Dondozo, M|
|poke|p2|Scizor, F|
|poke|p2|Vaporeon, M|
|poke|p2|Dragonite, M|
|poke|p2|Gliscor, F|
|teampreview
|
|t:|1757851456
|teamsize|p1|6
|teamsize|p2|6
|start
|switch|p1a: Magcargo|Magcargo, M|100/100
|switch|p2a: Scizor|Scizor, F|100/100
|turn|1
|
|t:|1757851474
|switch|p2a: Vaporeon|Vaporeon, M|100/100
|move|p1a: Magcargo|Shell Smash|p1a: Magcargo
|-unboost|p1a: Magcargo|def|1
|-unboost|p1a: Magcargo|spd|1
|-boost|p1a: Magcargo|atk|2
|-boost|p1a: Magcargo|spa|2
|-boost|p1a: Magcargo|spe|2
|-enditem|p1a: Magcargo|White Herb
|-clearnegativeboost|p1a: Magcargo|[silent]
|
|upkeep
|turn|2
|
|t:|1757851490
|-terastallize|p1a: Magcargo|Water
|move|p1a: Magcargo|Earth Power|p2a: Vaporeon
|-damage|p2a: Vaporeon|71/100
|move|p2a: Vaporeon|Hydro Pump|p1a: Magcargo
|-resisted|p1a: Magcargo
|-damage|p1a: Magcargo|66/100
|
|-heal|p2a: Vaporeon|78/100|[from] item: Leftovers
|upkeep
|turn|3
|
|t:|1757851505
|move|p1a: Magcargo|Earth Power|p2a: Vaporeon
|-damage|p2a: Vaporeon|51/100
|move|p2a: Vaporeon|Calm Mind|p2a: Vaporeon
|-boost|p2a: Vaporeon|spa|1
|-boost|p2a: Vaporeon|spd|1
|
|-heal|p2a: Vaporeon|57/100|[from] item: Leftovers
|upkeep
|turn|4
|
|t:|1757851514
|move|p1a: Magcargo|Earth Power|p2a: Vaporeon
|-damage|p2a: Vaporeon|39/100
|move|p2a: Vaporeon|Calm Mind|p2a: Vaporeon
|-boost|p2a: Vaporeon|spa|1
|-boost|p2a: Vaporeon|spd|1
|
|-heal|p2a: Vaporeon|46/100|[from] item: Leftovers
|upkeep
|turn|5
|
|t:|1757851526
|switch|p1a: Meowscarada|Meowscarada, F|100/100
|move|p2a: Vaporeon|Calm Mind|p2a: Vaporeon
|-boost|p2a: Vaporeon|spa|1
|-boost|p2a: Vaporeon|spd|1
|
|-heal|p2a: Vaporeon|52/100|[from] item: Leftovers
|upkeep
|turn|6
|
|t:|1757851536
|move|p1a: Meowscarada|Flower Trick|p2a: Vaporeon
|-start|p1a: Meowscarada|typechange|Grass|[from] ability: Protean
|-supereffective|p2a: Vaporeon
|-crit|p2a: Vaporeon
|-damage|p2a: Vaporeon|0 fnt
|faint|p2a: Vaporeon
|
|upkeep
|
|t:|1757851549
|switch|p2a: Dondozo|Dondozo, M|100/100
|turn|7
|
|t:|1757851553
|move|p1a: Meowscarada|Flower Trick|p2a: Dondozo
|-supereffective|p2a: Dondozo
|-crit|p2a: Dondozo
|-damage|p2a: Dondozo|43/100
|move|p2a: Dondozo|Liquidation|p1a: Meowscarada
|-resisted|p1a: Meowscarada
|-damage|p1a: Meowscarada|68/100
|
|-heal|p2a: Dondozo|49/100|[from] item: Leftovers
|upkeep
|turn|8
|
|t:|1757851565
|move|p1a: Meowscarada|Flower Trick|p2a: Dondozo
|-supereffective|p2a: Dondozo
|-crit|p2a: Dondozo
|-damage|p2a: Dondozo|0 fnt
|faint|p2a: Dondozo
|
|upkeep
|
|t:|1757851572
|switch|p2a: Ceruledge|Ceruledge, M|100/100
|turn|9
|
|t:|1757851577
|move|p1a: Meowscarada|Knock Off|p2a: Ceruledge
|-supereffective|p2a: Ceruledge
|-damage|p2a: Ceruledge|23/100
|-ability|p2a: Ceruledge|Weak Armor|boost
|-unboost|p2a: Ceruledge|def|1
|-boost|p2a: Ceruledge|spe|2
|-enditem|p2a: Ceruledge|Focus Sash|[from] move: Knock Off|[of] p1a: Meowscarada
|move|p2a: Ceruledge|Swords Dance|p2a: Ceruledge
|-boost|p2a: Ceruledge|atk|2
|
|upkeep
|turn|10
|
|t:|1757851588
|move|p2a: Ceruledge|Bitter Blade|p1a: Meowscarada
|-supereffective|p1a: Meowscarada
|-damage|p1a: Meowscarada|0 fnt
|-heal|p2a: Ceruledge|57/100|[from] drain|[of] p1a: Meowscarada
|faint|p1a: Meowscarada
|
|upkeep
|
|t:|1757851595
|switch|p1a: Goodra|Goodra-Hisui, F|100/100
|turn|11
|
|t:|1757851605
|move|p2a: Ceruledge|Close Combat|p1a: Goodra
|-supereffective|p1a: Goodra
|-damage|p1a: Goodra|0 fnt
|-unboost|p2a: Ceruledge|def|1
|-unboost|p2a: Ceruledge|spd|1
|-ability|p1a: Goodra|Gooey
|-unboost|p2a: Ceruledge|spe|1
|faint|p1a: Goodra
|
|upkeep
|
|t:|1757851615
|switch|p1a: Magcargo|Magcargo, M, tera:Water|66/100
|turn|12
|
|t:|1757851630
|move|p2a: Ceruledge|Shadow Sneak|p1a: Magcargo
|-damage|p1a: Magcargo|24/100
|-ability|p1a: Magcargo|Weak Armor|boost
|-unboost|p1a: Magcargo|def|1
|-boost|p1a: Magcargo|spe|2
|move|p1a: Magcargo|Tera Blast|p2a: Ceruledge|[anim] Tera Blast Water
|-supereffective|p2a: Ceruledge
|-damage|p2a: Ceruledge|0 fnt
|faint|p2a: Ceruledge
|
|upkeep
|
|t:|1757851642
|switch|p2a: Dragonite|Dragonite, M|100/100
|turn|13
|
|t:|1757851649
|move|p2a: Dragonite|Earthquake|p1a: Magcargo
|-damage|p1a: Magcargo|0 fnt
|faint|p1a: Magcargo
|
|upkeep
|
|t:|1757851656
|switch|p1a: Toxapex|Toxapex, F|100/100
|turn|14
|
|t:|1757851665
|switch|p1a: Frosmoth|Frosmoth, F, shiny|100/100
|move|p2a: Dragonite|Dragon Dance|p2a: Dragonite
|-boost|p2a: Dragonite|atk|1
|-boost|p2a: Dragonite|spe|1
|
|upkeep
|turn|15
|
|t:|1757851676
|-terastallize|p2a: Dragonite|Normal
|move|p2a: Dragonite|Roost||[still]
|-fail|p2a: Dragonite|heal
|move|p1a: Frosmoth|Quiver Dance|p1a: Frosmoth
|-boost|p1a: Frosmoth|spa|1
|-boost|p1a: Frosmoth|spd|1
|-boost|p1a: Frosmoth|spe|1
|
|upkeep
|turn|16
|
|t:|1757851688
|move|p2a: Dragonite|Extreme Speed|p1a: Frosmoth
|-damage|p1a: Frosmoth|0 fnt
|faint|p1a: Frosmoth
|
|upkeep
|
|t:|1757851694
|switch|p1a: Toxapex|Toxapex, F|100/100
|turn|17
|
|t:|1757851697
|move|p2a: Dragonite|Dragon Dance|p2a: Dragonite
|-boost|p2a: Dragonite|atk|1
|-boost|p2a: Dragonite|spe|1
|move|p1a: Toxapex|Toxic|p2a: Dragonite
|-status|p2a: Dragonite|tox
|
|-damage|p2a: Dragonite|94/100 tox|[from] psn
|upkeep
|turn|18
|
|t:|1757851706
|move|p2a: Dragonite|Dragon Dance|p2a: Dragonite
|-boost|p2a: Dragonite|atk|1
|-boost|p2a: Dragonite|spe|1
|move|p1a: Toxapex|Infestation|p2a: Dragonite
|-crit|p2a: Dragonite
|-damage|p2a: Dragonite|88/100 tox
|-activate|p2a: Dragonite|move: Infestation|[of] p1a: Toxapex
|
|-damage|p2a: Dragonite|76/100 tox|[from] psn
|-damage|p2a: Dragonite|63/100 tox|[from] move: Infestation|[partiallytrapped]
|upkeep
|turn|19
|
|t:|1757851719
|move|p2a: Dragonite|Extreme Speed|p1a: Toxapex
|-damage|p1a: Toxapex|17/100
|move|p1a: Toxapex|Recover|p1a: Toxapex
|-heal|p1a: Toxapex|67/100
|
|-heal|p1a: Toxapex|73/100|[from] item: Black Sludge
|-damage|p2a: Dragonite|45/100 tox|[from] psn
|-damage|p2a: Dragonite|32/100 tox|[from] move: Infestation|[partiallytrapped]
|upkeep
|turn|20
|
|t:|1757851730
|move|p2a: Dragonite|Extreme Speed|p1a: Toxapex
|-damage|p1a: Toxapex|0 fnt
|faint|p1a: Toxapex
|
|-damage|p2a: Dragonite|8/100 tox|[from] psn
|-end|p2a: Dragonite|Infestation|[partiallytrapped]|[silent]
|upkeep
|
|t:|1757851737
|switch|p1a: Hatterene|Hatterene, F, shiny|100/100
|turn|21
|
|t:|1757851741
|move|p2a: Dragonite|Roost|p2a: Dragonite
|-heal|p2a: Dragonite|58/100 tox
|move|p1a: Hatterene|Agility|p1a: Hatterene
|-boost|p1a: Hatterene|spe|2
|
|-damage|p2a: Dragonite|27/100 tox|[from] psn
|upkeep
|turn|22
|
|t:|1757851752
|move|p2a: Dragonite|Extreme Speed|p1a: Hatterene
|-damage|p1a: Hatterene|1/100
|-enditem|p1a: Hatterene|Kee Berry|[eat]
|-boost|p1a: Hatterene|def|1|[from] item: Kee Berry
|move|p1a: Hatterene|Draining Kiss|p2a: Dragonite
|-damage|p2a: Dragonite|2/100 tox
|-heal|p1a: Hatterene|20/100|[from] drain|[of] p2a: Dragonite
|
|-damage|p2a: Dragonite|0 fnt|[from] psn
|faint|p2a: Dragonite
|upkeep
|
|t:|1757851764
|switch|p2a: Scizor|Scizor, F|100/100
|turn|23
|
|t:|1757851769
|move|p2a: Scizor|Bullet Punch|p1a: Hatterene
|-supereffective|p1a: Hatterene
|-damage|p1a: Hatterene|0 fnt
|faint|p1a: Hatterene
|
|win|uihjvb
|raw|Gh0stlyWinter's rating: 1096 &rarr; <strong>1069</strong><br />(-27 for losing)
|raw|uihjvb's rating: 1053 &rarr; <strong>1089</strong><br />(+36 for winning)
