|j|☆Guilherme84
|j|☆itsn0t
|t:|1757900821
|gametype|singles
|player|p1|Guilherme84|dawn|1158
|player|p2|itsn0t|265|1208
|gen|9
|tier|[Gen 9] OU
|rated|
|rule|HP Percentage Mod: HP is shown in percentages
|rule|Endless Battle Clause: Forcing endless battles is banned
|rule|Species Clause: Limit one of each Pokémon
|rule|OHKO Clause: OHKO moves are banned
|rule|Evasion Items Clause: Evasion items are banned
|rule|Evasion Moves Clause: Evasion moves are banned
|rule|Evasion Abilities Clause: Evasion abilities are banned
|rule|Sleep Moves Clause: Sleep-inducing moves are banned
|clearpoke
|poke|p1|Dragonite, M|
|poke|p1|Malamar, M|
|poke|p1|Victreebel, M|
|poke|p1|Hawlucha, F|
|poke|p1|Delphox, F|
|poke|p1|Greninja-*, M|
|poke|p2|Ting-Lu|
|poke|p2|Gholdengo|
|poke|p2|Dragapult, M|
|poke|p2|Ogerpon-Wellspring, F|
|poke|p2|Great Tusk|
|poke|p2|Kingambit, M|
|teampreview
|
|t:|1757900840
|teamsize|p1|6
|teamsize|p2|6
|start
|switch|p1a: Malamar|Malamar, M|100/100
|switch|p2a: Dragapult|Dragapult, M|100/100
|turn|1
|
|t:|1757900853
|-terastallize|p2a: Dragapult|Water
|move|p2a: Dragapult|U-turn|p1a: Malamar
|-supereffective|p1a: Malamar
|-damage|p1a: Malamar|36/100
|
|t:|1757900862
|switch|p2a: Ting-Lu|Ting-Lu|100/100|[from] U-turn
|-ability|p2a: Ting-Lu|Vessel of Ruin
|move|p1a: Malamar|Knock Off|p2a: Ting-Lu
|-resisted|p2a: Ting-Lu
|-damage|p2a: Ting-Lu|91/100
|-enditem|p2a: Ting-Lu|Leftovers|[from] move: Knock Off|[of] p1a: Malamar
|
|upkeep
|turn|2
|
|t:|1757900871
|move|p1a: Malamar|Superpower|p2a: Ting-Lu
|-supereffective|p2a: Ting-Lu
|-damage|p2a: Ting-Lu|61/100
|-boost|p1a: Malamar|atk|1
|-boost|p1a: Malamar|def|1
|move|p2a: Ting-Lu|Stealth Rock|p1a: Malamar
|-sidestart|p1: Guilherme84|move: Stealth Rock
|
|upkeep
|turn|3
|
|t:|1757900879
|move|p1a: Malamar|Superpower|p2a: Ting-Lu
|-supereffective|p2a: Ting-Lu
|-damage|p2a: Ting-Lu|19/100
|-boost|p1a: Malamar|atk|1
|-boost|p1a: Malamar|def|1
|move|p2a: Ting-Lu|Whirlwind|p1a: Malamar
|drag|p1a: Victreebel|Victreebel, M|100/100
|-damage|p1a: Victreebel|88/100|[from] Stealth Rock
|
|upkeep
|turn|4
|
|t:|1757900897
|switch|p2a: Gholdengo|Gholdengo|100/100
|move|p1a: Victreebel|Giga Drain|p2a: Gholdengo
|-resisted|p2a: Gholdengo
|-damage|p2a: Gholdengo|84/100
|-heal|p1a: Victreebel|99/100|[from] drain|[of] p2a: Gholdengo
|
|upkeep
|turn|5
|
|t:|1757900904
|switch|p1a: Delphox|Delphox, F|100/100
|-damage|p1a: Delphox|76/100|[from] Stealth Rock
|move|p2a: Gholdengo|Nasty Plot|p2a: Gholdengo
|-boost|p2a: Gholdengo|spa|2
|
|upkeep
|turn|6
|
|t:|1757900918
|move|p1a: Delphox|Mystical Fire|p2a: Gholdengo
|-supereffective|p2a: Gholdengo
|-damage|p2a: Gholdengo|1/100
|-unboost|p2a: Gholdengo|spa|1
|-damage|p1a: Delphox|66/100|[from] item: Life Orb
|move|p2a: Gholdengo|Shadow Ball|p1a: Delphox
|-supereffective|p1a: Delphox
|-damage|p1a: Delphox|0 fnt
|faint|p1a: Delphox
|
|upkeep
|
|t:|1757900927
|switch|p1a: Greninja|Greninja, M|100/100
|-damage|p1a: Greninja|88/100|[from] Stealth Rock
|turn|7
|
|t:|1757900936
|switch|p2a: Ogerpon|Ogerpon-Wellspring, F|100/100
|move|p1a: Greninja|Ice Beam|p2a: Ogerpon
|-damage|p2a: Ogerpon|71/100
|
|upkeep
|turn|8
|
|t:|1757900947
|switch|p1a: Victreebel|Victreebel, M|99/100
|-damage|p1a: Victreebel|86/100|[from] Stealth Rock
|move|p2a: Ogerpon|Encore||[still]
|-fail|p2a: Ogerpon
|
|upkeep
|turn|9
|
|t:|1757900959
|move|p1a: Victreebel|Leaf Storm|p2a: Ogerpon
|-damage|p2a: Ogerpon|0 fnt
|-unboost|p1a: Victreebel|spa|2
|faint|p2a: Ogerpon
|
|upkeep
|
|t:|1757900966
|switch|p2a: Dragapult|Dragapult, M, tera:Water|100/100
|turn|10
|
|t:|1757900970
|move|p2a: Dragapult|Flamethrower|p1a: Victreebel
|-supereffective|p1a: Victreebel
|-damage|p1a: Victreebel|0 fnt
|faint|p1a: Victreebel
|
|upkeep
|
|t:|1757900979
|switch|p1a: Hawlucha|Hawlucha, F|100/100
|-damage|p1a: Hawlucha|88/100|[from] Stealth Rock
|turn|11
|
|t:|1757900989
|switch|p2a: Ting-Lu|Ting-Lu|19/100
|-ability|p2a: Ting-Lu|Vessel of Ruin
|move|p1a: Hawlucha|Swords Dance|p1a: Hawlucha
|-boost|p1a: Hawlucha|atk|2
|
|upkeep
|turn|12
|
|t:|1757900999
|move|p1a: Hawlucha|Close Combat|p2a: Ting-Lu
|-supereffective|p2a: Ting-Lu
|-damage|p2a: Ting-Lu|0 fnt
|-unboost|p1a: Hawlucha|def|1
|-unboost|p1a: Hawlucha|spd|1
|faint|p2a: Ting-Lu
|-enditem|p1a: Hawlucha|White Herb
|-clearnegativeboost|p1a: Hawlucha|[silent]
|
|upkeep
|
|t:|1757901006
|switch|p2a: Dragapult|Dragapult, M, tera:Water|100/100
|turn|13
|
|t:|1757901012
|move|p1a: Hawlucha|Close Combat|p2a: Dragapult
|-damage|p2a: Dragapult|0 fnt
|-unboost|p1a: Hawlucha|def|1
|-unboost|p1a: Hawlucha|spd|1
|faint|p2a: Dragapult
|
|upkeep
|
|t:|1757901025
|switch|p2a: Great Tusk|Great Tusk|100/100
|turn|14
|
|t:|1757901032
|move|p1a: Hawlucha|Dual Wingbeat|p2a: Great Tusk|[miss]
|-miss|p1a: Hawlucha|p2a: Great Tusk
|move|p2a: Great Tusk|Ice Spinner|p1a: Hawlucha
|-supereffective|p1a: Hawlucha
|-damage|p1a: Hawlucha|0 fnt
|faint|p1a: Hawlucha
|
|upkeep
|
|t:|1757901038
|switch|p1a: Greninja|Greninja, M|88/100
|-damage|p1a: Greninja|76/100|[from] Stealth Rock
|turn|15
|
|t:|1757901048
|-terastallize|p1a: Greninja|Water
|move|p1a: Greninja|Hydro Pump|p2a: Great Tusk|[miss]
|-miss|p1a: Greninja|p2a: Great Tusk
|move|p2a: Great Tusk|Knock Off|p1a: Greninja
|-damage|p1a: Greninja|12/100
|-enditem|p1a: Greninja|Focus Sash|[from] move: Knock Off|[of] p2a: Great Tusk
|
|upkeep
|turn|16
|
|t:|1757901059
|move|p1a: Greninja|Hydro Pump|p2a: Great Tusk
|-supereffective|p2a: Great Tusk
|-damage|p2a: Great Tusk|0 fnt
|faint|p2a: Great Tusk
|-end|p2a: Great Tusk|Protosynthesis|[silent]
|-ability|p1a: Greninja|Battle Bond|boost
|-boost|p1a: Greninja|atk|1
|-boost|p1a: Greninja|spa|1
|-boost|p1a: Greninja|spe|1
|-activate|p1a: Greninja|ability: Battle Bond
|
|upkeep
|
|t:|1757901067
|switch|p2a: Kingambit|Kingambit, M|100/100
|-activate|p2a: Kingambit|ability: Supreme Overlord
|-start|p2a: Kingambit|fallen4|[silent]
|turn|17
|
|t:|1757901073
|move|p2a: Kingambit|Sucker Punch|p1a: Greninja
|-damage|p1a: Greninja|0 fnt
|faint|p1a: Greninja
|
|upkeep
|
|t:|1757901080
|switch|p1a: Dragonite|Dragonite, M|100/100
|-damage|p1a: Dragonite|76/100|[from] Stealth Rock
|turn|18
|
|t:|1757901085
|move|p1a: Dragonite|Iron Head|p2a: Kingambit
|-resisted|p2a: Kingambit
|-damage|p2a: Kingambit|90/100
|cant|p2a: Kingambit|flinch
|
|upkeep
|turn|19
|
|t:|1757901091
|move|p1a: Dragonite|Dragon Dance|p1a: Dragonite
|-boost|p1a: Dragonite|atk|1
|-boost|p1a: Dragonite|spe|1
|move|p2a: Kingambit|Swords Dance|p2a: Kingambit
|-boost|p2a: Kingambit|atk|2
|
|upkeep
|turn|20
|
|t:|1757901097
|move|p2a: Kingambit|Sucker Punch|p1a: Dragonite
|-damage|p1a: Dragonite|0 fnt
|faint|p1a: Dragonite
|
|upkeep
|
|t:|1757901099
|switch|p1a: Malamar|Malamar, M|36/100
|-damage|p1a: Malamar|24/100|[from] Stealth Rock
|turn|21
|
|t:|1757901106
|move|p2a: Kingambit|Sucker Punch|p1a: Malamar
|-damage|p1a: Malamar|0 fnt
|faint|p1a: Malamar
|
|win|itsn0t
|raw|Guilherme84's rating: 1158 &rarr; <strong>1137</strong><br />(-21 for losing)
|raw|itsn0t's rating: 1208 &rarr; <strong>1229</strong><br />(+21 for winning)
|l|☆Guilherme84
|player|p1|
|l|☆itsn0t
|player|p2|
