|j|☆xcPurple
|j|☆ddreun
|t:|1757854035
|gametype|singles
|player|p1|xcPurple|rosa|1422
|player|p2|ddreun|101|1429
|gen|9
|tier|[Gen 9] OU
|rated|
|rule|HP Percentage Mod: HP is shown in percentages
|rule|Endless Battle Clause: Forcing endless battles is banned
|rule|Species Clause: Limit one of each Pokémon
|rule|OHKO Clause: OHKO moves are banned
|rule|Evasion Items Clause: Evasion items are banned
|rule|Evasion Moves Clause: Evasion moves are banned
|rule|Evasion Abilities Clause: Evasion abilities are banned
|rule|Sleep Moves Clause: Sleep-inducing moves are banned
|clearpoke
|poke|p1|Pelipper, M|
|poke|p1|Greninja-*, M|
|poke|p1|Basculegion, M|
|poke|p1|Zapdos|
|poke|p1|Sandy Shocks|
|poke|p1|Scizor, F|
|poke|p2|Alomomola, F|
|poke|p2|Corviknight, M|
|poke|p2|Lokix, M|
|poke|p2|Ting-Lu|
|poke|p2|Tornadus-Therian, M|
|poke|p2|Weezing-Galar, F|
|teampreview
|inactive|Battle timer is ON: inactive players will automatically lose when time's up. (requested by xcPurple)
|
|t:|1757854046
|teamsize|p1|6
|teamsize|p2|6
|start
|switch|p1a: Sandy Shocks|Sandy Shocks, shiny|100/100
|switch|p2a: Alomomola|Alomomola, F|100/100
|-enditem|p1a: Sandy Shocks|Booster Energy
|-activate|p1a: Sandy Shocks|ability: Protosynthesis|[fromitem]
|-start|p1a: Sandy Shocks|protosynthesisspe
|turn|1
|
|t:|1757854051
|move|p1a: Sandy Shocks|Stealth Rock|p2a: Alomomola
|-sidestart|p2: ddreun|move: Stealth Rock
|move|p2a: Alomomola|Flip Turn|p1a: Sandy Shocks
|-supereffective|p1a: Sandy Shocks
|-damage|p1a: Sandy Shocks|65/100
|
|t:|1757854062
|switch|p2a: Ting-Lu|Ting-Lu|100/100|[from] Flip Turn
|-damage|p2a: Ting-Lu|94/100|[from] Stealth Rock
|-ability|p2a: Ting-Lu|Vessel of Ruin
|
|-heal|p2a: Ting-Lu|100/100|[from] item: Leftovers
|upkeep
|turn|2
|
|t:|1757854069
|move|p1a: Sandy Shocks|Earth Power|p2a: Ting-Lu
|-damage|p2a: Ting-Lu|82/100
|move|p2a: Ting-Lu|Ruination|p1a: Sandy Shocks
|-damage|p1a: Sandy Shocks|33/100
|
|-heal|p2a: Ting-Lu|88/100|[from] item: Leftovers
|upkeep
|turn|3
|
|t:|1757854077
|move|p1a: Sandy Shocks|Earth Power|p2a: Ting-Lu
|-damage|p2a: Ting-Lu|69/100
|move|p2a: Ting-Lu|Earthquake|p1a: Sandy Shocks
|-supereffective|p1a: Sandy Shocks
|-damage|p1a: Sandy Shocks|0 fnt
|faint|p1a: Sandy Shocks
|-end|p1a: Sandy Shocks|Protosynthesis|[silent]
|
|-heal|p2a: Ting-Lu|75/100|[from] item: Leftovers
|upkeep
|
|t:|1757854085
|switch|p1a: Pelipper|Pelipper, M|100/100
|-weather|RainDance|[from] ability: Drizzle|[of] p1a: Pelipper
|turn|4
|
|t:|1757854092
|switch|p2a: Alomomola|Alomomola, F|100/100
|move|p1a: Pelipper|Weather Ball|p2a: Alomomola
|-resisted|p2a: Alomomola
|-damage|p2a: Alomomola|60/100
|
|-weather|RainDance|[upkeep]
|upkeep
|turn|5
|
|t:|1757854099
|move|p1a: Pelipper|U-turn|p2a: Alomomola
|-damage|p2a: Alomomola|55/100
|
|t:|1757854102
|switch|p1a: Basculegion|Basculegion, M|100/100|[from] U-turn
|move|p2a: Alomomola|Wish|p2a: Alomomola
|
|-weather|RainDance|[upkeep]
|upkeep
|turn|6
|
|t:|1757854108
|move|p2a: Alomomola|Protect|p2a: Alomomola
|-singleturn|p2a: Alomomola|Protect
|move|p1a: Basculegion|Wave Crash|p2a: Alomomola
|-activate|p2a: Alomomola|move: Protect
|
|-weather|RainDance|[upkeep]
|-heal|p2a: Alomomola|100/100|[from] move: Wish|[wisher] Alomomola
|upkeep
|turn|7
|
|t:|1757854114
|move|p1a: Basculegion|Wave Crash|p2a: Alomomola
|-resisted|p2a: Alomomola
|-damage|p2a: Alomomola|61/100
|-damage|p1a: Basculegion|84/100|[from] Recoil
|move|p2a: Alomomola|Tickle|p1a: Basculegion
|-unboost|p1a: Basculegion|atk|1
|-unboost|p1a: Basculegion|def|1
|
|-weather|RainDance|[upkeep]
|upkeep
|turn|8
|
|t:|1757854126
|switch|p1a: Zapdos|Zapdos, shiny|100/100
|move|p2a: Alomomola|Wish|p2a: Alomomola
|
|-weather|RainDance|[upkeep]
|upkeep
|turn|9
|
|t:|1757854131
|switch|p2a: Weezing|Weezing-Galar, F|100/100
|-ability|p2a: Weezing|Neutralizing Gas
|-damage|p2a: Weezing|88/100|[from] Stealth Rock
|move|p1a: Zapdos|U-turn|p2a: Weezing
|-resisted|p2a: Weezing
|-damage|p2a: Weezing|86/100
|
|t:|1757854134
|switch|p1a: Basculegion|Basculegion, M|84/100|[from] U-turn
|
|-weather|RainDance|[upkeep]
|-heal|p2a: Weezing|100/100|[from] move: Wish|[wisher] Alomomola
|upkeep
|turn|10
|
|t:|1757854138
|move|p1a: Basculegion|Wave Crash|p2a: Weezing
|-damage|p2a: Weezing|7/100
|-damage|p1a: Basculegion|60/100|[from] Recoil
|move|p2a: Weezing|Will-O-Wisp|p1a: Basculegion
|-status|p1a: Basculegion|brn
|
|-weather|RainDance|[upkeep]
|-heal|p2a: Weezing|13/100|[from] item: Leftovers
|-damage|p1a: Basculegion|54/100 brn|[from] brn
|upkeep
|turn|11
|
|t:|1757854144
|-end|p2a: Weezing|ability: Neutralizing Gas
|switch|p2a: Alomomola|Alomomola, F|94/100
|move|p1a: Basculegion|Wave Crash|p2a: Alomomola
|-resisted|p2a: Alomomola
|-damage|p2a: Alomomola|75/100
|-damage|p1a: Basculegion|46/100 brn|[from] Recoil
|
|-weather|none
|-damage|p1a: Basculegion|40/100 brn|[from] brn
|upkeep
|turn|12
|
|t:|1757854150
|switch|p1a: Pelipper|Pelipper, M|100/100
|-weather|RainDance|[from] ability: Drizzle|[of] p1a: Pelipper
|move|p2a: Alomomola|Wish|p2a: Alomomola
|
|-weather|RainDance|[upkeep]
|upkeep
|turn|13
|
|t:|1757854153
|move|p1a: Pelipper|U-turn|p2a: Alomomola
|-damage|p2a: Alomomola|71/100
|
|t:|1757854155
|switch|p1a: Zapdos|Zapdos, shiny|100/100|[from] U-turn
|move|p2a: Alomomola|Flip Turn|p1a: Zapdos
|-damage|p1a: Zapdos|79/100
|
|t:|1757854158
|switch|p2a: Weezing|Weezing-Galar, F|13/100|[from] Flip Turn
|-ability|p2a: Weezing|Neutralizing Gas
|-damage|p2a: Weezing|0 fnt|[from] Stealth Rock
|faint|p2a: Weezing
|-end|p2a: Weezing|ability: Neutralizing Gas
|
|-weather|RainDance|[upkeep]
|upkeep
|
|t:|1757854162
|switch|p2a: Corviknight|Corviknight, M|100/100
|-damage|p2a: Corviknight|88/100|[from] Stealth Rock
|-ability|p2a: Corviknight|Pressure
|turn|14
|
|t:|1757854167
|move|p1a: Zapdos|Thunder|p2a: Corviknight
|-supereffective|p2a: Corviknight
|-damage|p2a: Corviknight|1/100
|move|p2a: Corviknight|Defog|p1a: Zapdos
|-unboost|p1a: Zapdos|evasion|1
|-sideend|p2: ddreun|Stealth Rock|[from] move: Defog|[of] p2a: Corviknight
|
|-weather|RainDance|[upkeep]
|upkeep
|turn|15
|
|t:|1757854173
|switch|p2a: Ting-Lu|Ting-Lu|75/100
|-ability|p2a: Ting-Lu|Vessel of Ruin
|move|p1a: Zapdos|U-turn|p2a: Ting-Lu
|-supereffective|p2a: Ting-Lu
|-damage|p2a: Ting-Lu|60/100
|
|t:|1757854179
|switch|p1a: Greninja|Greninja, M|100/100|[from] U-turn
|
|-weather|RainDance|[upkeep]
|-heal|p2a: Ting-Lu|66/100|[from] item: Leftovers
|upkeep
|turn|16
|
|t:|1757854187
|switch|p2a: Alomomola|Alomomola, F|100/100
|move|p1a: Greninja|Surf|p2a: Alomomola
|-resisted|p2a: Alomomola
|-damage|p2a: Alomomola|56/100
|-damage|p1a: Greninja|91/100|[from] item: Life Orb
|
|-weather|RainDance|[upkeep]
|upkeep
|turn|17
|
|t:|1757854199
|switch|p1a: Zapdos|Zapdos, shiny|79/100
|switch|p2a: Ting-Lu|Ting-Lu|66/100
|-ability|p2a: Ting-Lu|Vessel of Ruin
|
|-weather|RainDance|[upkeep]
|-heal|p2a: Ting-Lu|72/100|[from] item: Leftovers
|upkeep
|turn|18
|
|t:|1757854205
|move|p1a: Zapdos|U-turn|p2a: Ting-Lu
|-supereffective|p2a: Ting-Lu
|-damage|p2a: Ting-Lu|58/100
|
|t:|1757854208
|switch|p1a: Basculegion|Basculegion, M|40/100 brn|[from] U-turn
|move|p2a: Ting-Lu|Ruination|p1a: Basculegion
|-damage|p1a: Basculegion|20/100 brn
|
|-weather|RainDance|[upkeep]
|-heal|p2a: Ting-Lu|64/100|[from] item: Leftovers
|-damage|p1a: Basculegion|14/100 brn|[from] brn
|upkeep
|turn|19
|
|t:|1757854217
|switch|p2a: Alomomola|Alomomola, F|89/100
|move|p1a: Basculegion|Wave Crash|p2a: Alomomola
|-resisted|p2a: Alomomola
|-crit|p2a: Alomomola
|-damage|p2a: Alomomola|60/100
|-damage|p1a: Basculegion|2/100 brn|[from] Recoil
|
|-weather|none
|-damage|p1a: Basculegion|0 fnt|[from] brn
|faint|p1a: Basculegion
|upkeep
|
|t:|1757854224
|switch|p1a: Pelipper|Pelipper, M|100/100
|-weather|RainDance|[from] ability: Drizzle|[of] p1a: Pelipper
|turn|20
|
|t:|1757854234
|move|p1a: Pelipper|Hurricane|p2a: Alomomola
|-damage|p2a: Alomomola|0 fnt
|faint|p2a: Alomomola
|
|-weather|RainDance|[upkeep]
|upkeep
|
|t:|1757854237
|switch|p2a: Tornadus|Tornadus-Therian, M|100/100
|turn|21
|inactive|xcPurple has 120 seconds left.
|
|t:|1757854269
|move|p2a: Tornadus|Nasty Plot|p2a: Tornadus
|-boost|p2a: Tornadus|spa|2
|move|p1a: Pelipper|Weather Ball|p2a: Tornadus
|-damage|p2a: Tornadus|14/100
|
|-weather|RainDance|[upkeep]
|upkeep
|turn|22
|inactive|xcPurple has 120 seconds left.
|
|t:|1757854280
|move|p2a: Tornadus|Bleakwind Storm|p1a: Pelipper
|-damage|p1a: Pelipper|0 fnt
|faint|p1a: Pelipper
|-damage|p2a: Tornadus|5/100|[from] item: Life Orb
|
|-weather|RainDance|[upkeep]
|upkeep
|
|t:|1757854284
|switch|p1a: Scizor|Scizor, F|100/100
|turn|23
|
|t:|1757854287
|switch|p2a: Corviknight|Corviknight, M|1/100
|-ability|p2a: Corviknight|Pressure
|move|p1a: Scizor|Bullet Punch|p2a: Corviknight
|-resisted|p2a: Corviknight
|-damage|p2a: Corviknight|0 fnt
|-damage|p1a: Scizor|84/100|[from] item: Rocky Helmet|[of] p2a: Corviknight
|faint|p2a: Corviknight
|
|-weather|RainDance|[upkeep]
|upkeep
|
|t:|1757854290
|switch|p2a: Lokix|Lokix, M|100/100
|turn|24
|
|t:|1757854293
|switch|p1a: Zapdos|Zapdos, shiny|79/100
|move|p2a: Lokix|Knock Off|p1a: Zapdos
|-damage|p1a: Zapdos|18/100
|-enditem|p1a: Zapdos|Heavy-Duty Boots|[from] move: Knock Off|[of] p2a: Lokix
|
|-weather|RainDance|[upkeep]
|upkeep
|turn|25
|
|t:|1757854300
|move|p1a: Zapdos|Roost|p1a: Zapdos
|-heal|p1a: Zapdos|68/100
|-singleturn|p1a: Zapdos|move: Roost
|move|p2a: Lokix|Knock Off|p1a: Zapdos
|-crit|p1a: Zapdos
|-damage|p1a: Zapdos|0 fnt
|-status|p2a: Lokix|par|[from] ability: Static|[of] p1a: Zapdos
|faint|p1a: Zapdos
|
|-weather|RainDance|[upkeep]
|upkeep
|
|t:|1757854309
|switch|p1a: Greninja|Greninja, M|91/100
|turn|26
|
|t:|1757854316
|switch|p2a: Ting-Lu|Ting-Lu|64/100
|-ability|p2a: Ting-Lu|Vessel of Ruin
|move|p1a: Greninja|Surf|p2a: Ting-Lu
|-supereffective|p2a: Ting-Lu
|-damage|p2a: Ting-Lu|0 fnt
|faint|p2a: Ting-Lu
|-ability|p1a: Greninja|Battle Bond|boost
|-boost|p1a: Greninja|atk|1
|-boost|p1a: Greninja|spa|1
|-boost|p1a: Greninja|spe|1
|-activate|p1a: Greninja|ability: Battle Bond
|-damage|p1a: Greninja|81/100|[from] item: Life Orb
|
|-weather|RainDance|[upkeep]
|upkeep
|
|t:|1757854320
|switch|p2a: Lokix|Lokix, M|100/100 par
|turn|27
|
|t:|1757854326
|switch|p1a: Scizor|Scizor, F|84/100
|-terastallize|p2a: Lokix|Bug
|move|p2a: Lokix|First Impression|p1a: Scizor
|-resisted|p1a: Scizor
|-damage|p1a: Scizor|1/100
|
|-weather|none
|upkeep
|turn|28
|
|t:|1757854331
|switch|p2a: Tornadus|Tornadus-Therian, M|38/100
|move|p1a: Scizor|Bullet Punch|p2a: Tornadus
|-damage|p2a: Tornadus|0 fnt
|faint|p2a: Tornadus
|
|upkeep
|
|t:|1757854335
|switch|p2a: Lokix|Lokix, M, tera:Bug|100/100 par
|turn|29
|
|t:|1757854339
|move|p1a: Scizor|Bullet Punch|p2a: Lokix
|-damage|p2a: Lokix|48/100 par
|cant|p2a: Lokix|par
|
|upkeep
|turn|30
|
|t:|1757854347
|move|p1a: Scizor|Bullet Punch|p2a: Lokix
|-damage|p2a: Lokix|0 fnt
|faint|p2a: Lokix
|
|win|xcPurple
|raw|xcPurple's rating: 1422 &rarr; <strong>1442</strong><br />(+20 for winning)
|raw|ddreun's rating: 1429 &rarr; <strong>1409</strong><br />(-20 for losing)
|l|☆ddreun
|player|p2|
|l|☆xcPurple
|player|p1|
