|j|☆Force_ten
|j|‽Lucid Coffee
|t:|1757871591
|gametype|singles
|player|p1|Force_ten|1|1560
|player|p2|Lucid Coffee|blue|1650
|gen|9
|tier|[Gen 9] OU
|rated|
|rule|HP Percentage Mod: HP is shown in percentages
|rule|Endless Battle Clause: Forcing endless battles is banned
|rule|Species Clause: Limit one of each Pokémon
|rule|OHKO Clause: OHKO moves are banned
|rule|Evasion Items Clause: Evasion items are banned
|rule|Evasion Moves Clause: Evasion moves are banned
|rule|Evasion Abilities Clause: Evasion abilities are banned
|rule|Sleep Moves Clause: Sleep-inducing moves are banned
|clearpoke
|poke|p1|Crawdaunt, M|
|poke|p1|Latios, M|
|poke|p1|Zamazenta-*|
|poke|p1|Landorus-Therian, M|
|poke|p1|Ting-Lu|
|poke|p1|Gholdengo|
|poke|p2|Dragapult, M|
|poke|p2|Glimmora, M|
|poke|p2|Comfey, M|
|poke|p2|Kingambit, M|
|poke|p2|Ogerpon-Wellspring, F|
|poke|p2|Blaziken, M|
|teampreview
|inactive|Battle timer is ON: inactive players will automatically lose when time's up. (requested by Force_ten)
|inactiveoff|Battle timer is now OFF.
|
|t:|1757871628
|teamsize|p1|6
|teamsize|p2|6
|start
|switch|p1a: Gholdengo|Gholdengo|100/100
|switch|p2a: Blaziken|Blaziken, M, shiny|100/100
|-item|p1a: Gholdengo|Air Balloon
|turn|1
|
|t:|1757871644
|switch|p1a: Landorus|Landorus-Therian, M|100/100
|-ability|p1a: Landorus|Intimidate|boost
|-unboost|p2a: Blaziken|atk|1
|move|p2a: Blaziken|Flare Blitz|p1a: Landorus
|-damage|p1a: Landorus|43/100
|-damage|p2a: Blaziken|84/100|[from] item: Rocky Helmet|[of] p1a: Landorus
|-damage|p2a: Blaziken|60/100|[from] Recoil
|-damage|p2a: Blaziken|50/100|[from] item: Life Orb
|
|-ability|p2a: Blaziken|Speed Boost|boost
|-boost|p2a: Blaziken|spe|1
|upkeep
|turn|2
|
|t:|1757871660
|move|p2a: Blaziken|Flare Blitz|p1a: Landorus
|-damage|p1a: Landorus|0 fnt
|-damage|p2a: Blaziken|33/100|[from] item: Rocky Helmet|[of] p1a: Landorus
|faint|p1a: Landorus
|-damage|p2a: Blaziken|15/100|[from] Recoil
|-damage|p2a: Blaziken|5/100|[from] item: Life Orb
|
|-ability|p2a: Blaziken|Speed Boost|boost
|-boost|p2a: Blaziken|spe|1
|upkeep
|
|t:|1757871664
|switch|p1a: Crawdaunt|Crawdaunt, M|100/100
|turn|3
|
|t:|1757871667
|move|p2a: Blaziken|Protect|p2a: Blaziken
|-singleturn|p2a: Blaziken|Protect
|move|p1a: Crawdaunt|Aqua Jet|p2a: Blaziken
|-activate|p2a: Blaziken|move: Protect
|
|-ability|p2a: Blaziken|Speed Boost|boost
|-boost|p2a: Blaziken|spe|1
|upkeep
|turn|4
|
|t:|1757871677
|switch|p2a: Ogerpon|Ogerpon-Wellspring, F|100/100
|move|p1a: Crawdaunt|Aqua Jet|p2a: Ogerpon
|-immune|p2a: Ogerpon|[from] ability: Water Absorb
|
|upkeep
|turn|5
|
|t:|1757871681
|switch|p1a: Latios|Latios, M|100/100
|move|p2a: Ogerpon|U-turn|p1a: Latios
|-supereffective|p1a: Latios
|-damage|p1a: Latios|20/100
|
|t:|1757871686
|switch|p2a: Comfey|Comfey, M, shiny|100/100|[from] U-turn
|
|upkeep
|turn|6
|inactive|Battle timer is ON: inactive players will automatically lose when time's up. (requested by Force_ten)
|
|t:|1757871690
|move|p2a: Comfey|Draining Kiss|p1a: Latios
|-supereffective|p1a: Latios
|-damage|p1a: Latios|0 fnt
|faint|p1a: Latios
|-damage|p2a: Comfey|91/100|[from] item: Life Orb
|
|upkeep
|
|t:|1757871693
|switch|p1a: Crawdaunt|Crawdaunt, M|100/100
|turn|7
|
|t:|1757871699
|switch|p2a: Blaziken|Blaziken, M, shiny|5/100
|-terastallize|p1a: Crawdaunt|Water
|move|p1a: Crawdaunt|Liquidation|p2a: Blaziken
|-supereffective|p2a: Blaziken
|-crit|p2a: Blaziken
|-damage|p2a: Blaziken|0 fnt
|faint|p2a: Blaziken
|
|upkeep
|
|t:|1757871707
|switch|p2a: Ogerpon|Ogerpon-Wellspring, F|100/100
|turn|8
|
|t:|1757871712
|switch|p1a: Zamazenta|Zamazenta|100/100
|-ability|p1a: Zamazenta|Dauntless Shield|boost
|-boost|p1a: Zamazenta|def|1
|move|p2a: Ogerpon|U-turn|p1a: Zamazenta
|-resisted|p1a: Zamazenta
|-damage|p1a: Zamazenta|94/100
|
|t:|1757871717
|switch|p2a: Comfey|Comfey, M, shiny|91/100|[from] U-turn
|
|-heal|p1a: Zamazenta|99/100|[from] item: Leftovers
|upkeep
|turn|9
|
|t:|1757871722
|switch|p1a: Gholdengo|Gholdengo|100/100
|-item|p1a: Gholdengo|Air Balloon
|switch|p2a: Glimmora|Glimmora, M, shiny|100/100
|
|upkeep
|turn|10
|
|t:|1757871727
|move|p1a: Gholdengo|Nasty Plot|p1a: Gholdengo
|-boost|p1a: Gholdengo|spa|2
|move|p2a: Glimmora|Power Gem|p1a: Gholdengo
|-resisted|p1a: Gholdengo
|-damage|p1a: Gholdengo|84/100
|-enditem|p1a: Gholdengo|Air Balloon
|
|upkeep
|turn|11
|
|t:|1757871730
|move|p1a: Gholdengo|Shadow Ball|p2a: Glimmora
|-damage|p2a: Glimmora|22/100
|-enditem|p2a: Glimmora|Red Card|[of] p1a: Gholdengo
|drag|p1a: Zamazenta|Zamazenta|99/100
|move|p2a: Glimmora|Earth Power|p1a: Zamazenta
|-damage|p1a: Zamazenta|78/100
|
|-heal|p1a: Zamazenta|84/100|[from] item: Leftovers
|upkeep
|turn|12
|
|t:|1757871738
|switch|p1a: Gholdengo|Gholdengo|84/100
|move|p2a: Glimmora|Mortal Spin|p1a: Gholdengo
|-immune|p1a: Gholdengo
|
|upkeep
|turn|13
|
|t:|1757871743
|move|p1a: Gholdengo|Shadow Ball|p2a: Glimmora
|-damage|p2a: Glimmora|0 fnt
|faint|p2a: Glimmora
|
|upkeep
|
|t:|1757871750
|switch|p2a: Dragapult|Dragapult, M, shiny|100/100
|turn|14
|
|t:|1757871754
|switch|p2a: Ogerpon|Ogerpon-Wellspring, F|100/100
|move|p1a: Gholdengo|Shadow Ball|p2a: Ogerpon
|-crit|p2a: Ogerpon
|-damage|p2a: Ogerpon|42/100
|
|upkeep
|turn|15
|
|t:|1757871759
|-terastallize|p2a: Ogerpon|Water
|detailschange|p2a: Ogerpon|Ogerpon-Wellspring-Tera, F, tera:Water
|-ability|p2a: Ogerpon|Embody Aspect (Wellspring)|boost
|-boost|p2a: Ogerpon|spd|1
|move|p2a: Ogerpon|Ivy Cudgel|p1a: Gholdengo|[anim] Ivy Cudgel Water
|-damage|p1a: Gholdengo|28/100
|move|p1a: Gholdengo|Shadow Ball|p2a: Ogerpon
|-damage|p2a: Ogerpon|12/100
|
|upkeep
|turn|16
|inactive|Lucid Coffee has 120 seconds left.
|
|t:|1757871793
|move|p2a: Ogerpon|Ivy Cudgel|p1a: Gholdengo|[anim] Ivy Cudgel Water
|-damage|p1a: Gholdengo|0 fnt
|faint|p1a: Gholdengo
|
|upkeep
|
|t:|1757871798
|switch|p1a: Zamazenta|Zamazenta|84/100
|turn|17
|
|t:|1757871809
|move|p1a: Zamazenta|Heavy Slam|p2a: Ogerpon
|-resisted|p2a: Ogerpon
|-damage|p2a: Ogerpon|0 fnt
|faint|p2a: Ogerpon
|detailschange|p2: Ogerpon|Ogerpon-Wellspring, F|[silent]
|
|-heal|p1a: Zamazenta|90/100|[from] item: Leftovers
|upkeep
|
|t:|1757871816
|switch|p2a: Comfey|Comfey, M, shiny|91/100
|turn|18
|
|t:|1757871830
|switch|p1a: Ting-Lu|Ting-Lu|100/100
|-ability|p1a: Ting-Lu|Vessel of Ruin
|switch|p2a: Kingambit|Kingambit, M, shiny|100/100
|-activate|p2a: Kingambit|ability: Supreme Overlord
|-start|p2a: Kingambit|fallen3|[silent]
|
|upkeep
|turn|19
|
|t:|1757871833
|move|p2a: Kingambit|Iron Head|p1a: Ting-Lu
|-damage|p1a: Ting-Lu|64/100
|move|p1a: Ting-Lu|Earthquake|p2a: Kingambit
|-supereffective|p2a: Kingambit
|-damage|p2a: Kingambit|45/100
|
|-heal|p2a: Kingambit|51/100|[from] item: Leftovers
|-heal|p1a: Ting-Lu|70/100|[from] item: Leftovers
|upkeep
|turn|20
|
|t:|1757871838
|switch|p1a: Zamazenta|Zamazenta|90/100
|move|p2a: Kingambit|Iron Head|p1a: Zamazenta
|-damage|p1a: Zamazenta|50/100
|
|-heal|p1a: Zamazenta|56/100|[from] item: Leftovers
|-heal|p2a: Kingambit|57/100|[from] item: Leftovers
|upkeep
|turn|21
|
|t:|1757871843
|move|p1a: Zamazenta|Iron Defense|p1a: Zamazenta
|-boost|p1a: Zamazenta|def|2
|move|p2a: Kingambit|Iron Head|p1a: Zamazenta
|-damage|p1a: Zamazenta|33/100
|
|-heal|p1a: Zamazenta|39/100|[from] item: Leftovers
|-heal|p2a: Kingambit|64/100|[from] item: Leftovers
|upkeep
|turn|22
|
|t:|1757871846
|-end|p2a: Kingambit|fallen3|[silent]
|switch|p2a: Dragapult|Dragapult, M, shiny|100/100
|move|p1a: Zamazenta|Body Press|p2a: Dragapult
|-immune|p2a: Dragapult
|
|-heal|p1a: Zamazenta|46/100|[from] item: Leftovers
|upkeep
|turn|23
|
|t:|1757871852
|switch|p1a: Ting-Lu|Ting-Lu|70/100
|-ability|p1a: Ting-Lu|Vessel of Ruin
|move|p2a: Dragapult|Draco Meteor|p1a: Ting-Lu
|-damage|p1a: Ting-Lu|43/100
|-unboost|p2a: Dragapult|spa|2
|-damage|p2a: Dragapult|91/100|[from] item: Life Orb
|
|-heal|p1a: Ting-Lu|49/100|[from] item: Leftovers
|upkeep
|turn|24
|
|t:|1757871860
|move|p2a: Dragapult|Dragon Darts|p1a: Ting-Lu
|-damage|p1a: Ting-Lu|34/100
|-anim|p2a: Dragapult|Dragon Darts|p1a: Ting-Lu
|-crit|p1a: Ting-Lu
|-damage|p1a: Ting-Lu|10/100
|-damage|p2a: Dragapult|81/100|[from] item: Life Orb
|move|p1a: Ting-Lu|Earthquake|p2a: Dragapult
|-damage|p2a: Dragapult|34/100
|
|-heal|p1a: Ting-Lu|16/100|[from] item: Leftovers
|upkeep
|turn|25
|
|t:|1757871869
|move|p2a: Dragapult|Dragon Darts|p1a: Ting-Lu
|-damage|p1a: Ting-Lu|0 fnt
|faint|p1a: Ting-Lu
|-damage|p2a: Dragapult|24/100|[from] item: Life Orb
|
|upkeep
|
|t:|1757871874
|switch|p1a: Crawdaunt|Crawdaunt, M, tera:Water|100/100
|turn|26
|
|t:|1757871881
|move|p1a: Crawdaunt|Aqua Jet|p2a: Dragapult
|-resisted|p2a: Dragapult
|-crit|p2a: Dragapult
|-damage|p2a: Dragapult|0 fnt
|faint|p2a: Dragapult
|
|upkeep
|
|t:|1757871888
|switch|p2a: Kingambit|Kingambit, M, shiny|64/100
|-activate|p2a: Kingambit|ability: Supreme Overlord
|-start|p2a: Kingambit|fallen4|[silent]
|turn|27
|
|t:|1757871891
|move|p1a: Crawdaunt|Aqua Jet|p2a: Kingambit
|-crit|p2a: Kingambit
|-damage|p2a: Kingambit|7/100
|move|p2a: Kingambit|Sucker Punch||[still]
|-fail|p2a: Kingambit
|
|-heal|p2a: Kingambit|13/100|[from] item: Leftovers
|upkeep
|turn|28
|
|t:|1757871896
|move|p1a: Crawdaunt|Aqua Jet|p2a: Kingambit
|-damage|p2a: Kingambit|0 fnt
|faint|p2a: Kingambit
|-end|p2a: Kingambit|fallen4|[silent]
|
|upkeep
|
|t:|1757871899
|switch|p2a: Comfey|Comfey, M, shiny|91/100
|turn|29
|
|t:|1757871901
|move|p2a: Comfey|Draining Kiss|p1a: Crawdaunt
|-damage|p1a: Crawdaunt|42/100
|-heal|p2a: Comfey|100/100|[from] drain|[of] p1a: Crawdaunt
|-damage|p2a: Comfey|91/100|[from] item: Life Orb
|move|p1a: Crawdaunt|Aqua Jet|p2a: Comfey
|-damage|p2a: Comfey|27/100
|
|upkeep
|turn|30
|
|t:|1757871905
|move|p2a: Comfey|Draining Kiss|p1a: Crawdaunt
|-damage|p1a: Crawdaunt|0 fnt
|-heal|p2a: Comfey|55/100|[from] drain|[of] p1a: Crawdaunt
|faint|p1a: Crawdaunt
|-damage|p2a: Comfey|45/100|[from] item: Life Orb
|
|upkeep
|
|t:|1757871906
|switch|p1a: Zamazenta|Zamazenta|46/100
|turn|31
|
|t:|1757871909
|move|p2a: Comfey|Draining Kiss|p1a: Zamazenta
|-supereffective|p1a: Zamazenta
|-damage|p1a: Zamazenta|5/100
|-heal|p2a: Comfey|84/100|[from] drain|[of] p1a: Zamazenta
|-damage|p2a: Comfey|74/100|[from] item: Life Orb
|move|p1a: Zamazenta|Heavy Slam|p2a: Comfey
|-supereffective|p2a: Comfey
|-damage|p2a: Comfey|0 fnt
|faint|p2a: Comfey
|
|win|Force_ten
|raw|Force_ten's rating: 1560 &rarr; <strong>1585</strong><br />(+25 for winning)
|raw|Lucid Coffee's rating: 1650 &rarr; <strong>1625</strong><br />(-25 for losing)
|l|☆Force_ten
|player|p1|
|l|‽Lucid Coffee
|player|p2|
