|j|☆THC CTE gang gang
|j|☆SmeargleBasquiat27
|t:|1757852687
|gametype|singles
|player|p1|THC CTE gang gang|harlequin|1155
|player|p2|SmeargleBasquiat27|byron|1160
|gen|9
|tier|[Gen 9] OU
|rated|
|rule|HP Percentage Mod: HP is shown in percentages
|rule|Endless Battle Clause: Forcing endless battles is banned
|rule|Species Clause: Limit one of each Pokémon
|rule|OHKO Clause: OHKO moves are banned
|rule|Evasion Items Clause: Evasion items are banned
|rule|Evasion Moves Clause: Evasion moves are banned
|rule|Evasion Abilities Clause: Evasion abilities are banned
|rule|Sleep Moves Clause: Sleep-inducing moves are banned
|clearpoke
|poke|p1|Kommo-o, F|
|poke|p1|Arcanine-Hisui, F|
|poke|p1|Clefable, F|
|poke|p1|Dragonite, F|
|poke|p1|Weavile, F|
|poke|p1|Gengar, F|
|poke|p2|Iron Moth|
|poke|p2|Iron Crown|
|poke|p2|Ogerpon-Wellspring, F|
|poke|p2|Araquanid, M|
|poke|p2|Jolteon, F|
|poke|p2|Iron Treads|
|teampreview
|inactive|Battle timer is ON: inactive players will automatically lose when time's up. (requested by THC CTE gang gang)
|
|t:|1757852694
|teamsize|p1|6
|teamsize|p2|6
|start
|switch|p1a: Arcanine|Arcanine-Hisui, F|100/100
|switch|p2a: Archnadroid|Araquanid, M|100/100
|turn|1
|
|t:|1757852700
|move|p1a: Arcanine|Head Smash|p2a: Archnadroid|[miss]
|-miss|p1a: Arcanine|p2a: Archnadroid
|move|p2a: Archnadroid|Rain Dance|p2a: Archnadroid
|-weather|RainDance
|
|-weather|RainDance|[upkeep]
|upkeep
|turn|2
|
|t:|1757852706
|switch|p2a: Mismatch|Ogerpon-Wellspring, F|100/100
|move|p1a: Arcanine|Head Smash|p2a: Mismatch
|-damage|p2a: Mismatch|4/100
|
|-weather|RainDance|[upkeep]
|upkeep
|turn|3
|
|t:|1757852718
|move|p1a: Arcanine|Extreme Speed|p2a: Mismatch
|-damage|p2a: Mismatch|0 fnt
|faint|p2a: Mismatch
|
|-weather|RainDance|[upkeep]
|upkeep
|
|t:|1757852724
|switch|p2a: Archnadroid|Araquanid, M|100/100
|turn|4
|
|t:|1757852727
|-terastallize|p2a: Archnadroid|Water
|move|p1a: Arcanine|Head Smash|p2a: Archnadroid
|-damage|p2a: Archnadroid|29/100
|move|p2a: Archnadroid|Liquidation|p1a: Arcanine
|-supereffective|p1a: Arcanine
|-damage|p1a: Arcanine|0 fnt
|faint|p1a: Arcanine
|
|-weather|RainDance|[upkeep]
|upkeep
|
|t:|1757852736
|switch|p1a: Dragonite|Dragonite, F|100/100
|turn|5
|
|t:|1757852750
|switch|p2a: Chrome Zennies|Iron Treads, shiny|100/100
|move|p1a: Dragonite|Dragon Claw|p2a: Chrome Zennies
|-resisted|p2a: Chrome Zennies
|-damage|p2a: Chrome Zennies|70/100
|
|-weather|none
|upkeep
|turn|6
|
|t:|1757852769
|switch|p1a: Clefable|Clefable, F|100/100
|move|p2a: Chrome Zennies|Knock Off|p1a: Clefable
|-resisted|p1a: Clefable
|-damage|p1a: Clefable|80/100
|-enditem|p1a: Clefable|Life Orb|[from] move: Knock Off|[of] p2a: Chrome Zennies
|
|upkeep
|turn|7
|
|t:|1757852780
|move|p2a: Chrome Zennies|Iron Head|p1a: Clefable
|-supereffective|p1a: Clefable
|-damage|p1a: Clefable|0 fnt
|faint|p1a: Clefable
|
|upkeep
|
|t:|1757852785
|switch|p1a: Dragonite|Dragonite, F|100/100
|turn|8
|
|t:|1757852795
|-end|p2a: Chrome Zennies|Quark Drive|[silent]
|switch|p2a: Jon Snow|Iron Crown|100/100
|-item|p2a: Jon Snow|Air Balloon
|move|p1a: Dragonite|Earthquake|p2a: Jon Snow
|-immune|p2a: Jon Snow
|
|upkeep
|turn|9
|
|t:|1757852803
|switch|p1a: Gengar|Gengar, F|100/100
|move|p2a: Jon Snow|Future Sight|p1a: Gengar
|-start|p2a: Jon Snow|move: Future Sight
|
|upkeep
|turn|10
|
|t:|1757852809
|move|p1a: Gengar|Shadow Ball|p2a: Jon Snow
|-supereffective|p2a: Jon Snow
|-damage|p2a: Jon Snow|26/100
|-enditem|p2a: Jon Snow|Air Balloon
|move|p2a: Jon Snow|Psychic Noise|p1a: Gengar
|-supereffective|p1a: Gengar
|-enditem|p1a: Gengar|Focus Sash
|-damage|p1a: Gengar|1/100
|-start|p1a: Gengar|move: Heal Block
|
|upkeep
|turn|11
|
|t:|1757852819
|-end|p2a: Jon Snow|Quark Drive|[silent]
|switch|p2a: Baku|Iron Moth|100/100
|move|p1a: Gengar|Shadow Ball|p2a: Baku
|-damage|p2a: Baku|61/100
|
|-end|p1a: Gengar|move: Future Sight
|-supereffective|p1a: Gengar
|-damage|p1a: Gengar|0 fnt
|faint|p1a: Gengar
|upkeep
|
|t:|1757852829
|switch|p1a: Dragonite|Dragonite, F|100/100
|turn|12
|
|t:|1757852835
|move|p2a: Baku|Meteor Beam||[still]
|-prepare|p2a: Baku|Meteor Beam
|-boost|p2a: Baku|spa|1
|-enditem|p2a: Baku|Power Herb
|-anim|p2a: Baku|Meteor Beam|p1a: Dragonite
|-supereffective|p1a: Dragonite
|-damage|p1a: Dragonite|29/100
|move|p1a: Dragonite|Earthquake|p2a: Baku
|-supereffective|p2a: Baku
|-damage|p2a: Baku|0 fnt
|faint|p2a: Baku
|-end|p2a: Baku|Quark Drive|[silent]
|
|upkeep
|
|t:|1757852843
|switch|p2a: Marisol|Jolteon, F|100/100
|turn|13
|
|t:|1757852847
|move|p2a: Marisol|Alluring Voice|p1a: Dragonite
|-supereffective|p1a: Dragonite
|-damage|p1a: Dragonite|0 fnt
|faint|p1a: Dragonite
|-enditem|p2a: Marisol|Throat Spray
|-boost|p2a: Marisol|spa|1|[from] item: Throat Spray
|
|upkeep
|
|t:|1757852853
|switch|p1a: Weavile|Weavile, F|100/100
|-ability|p1a: Weavile|Pressure
|turn|14
|
|t:|1757852858
|move|p1a: Weavile|Ice Shard|p2a: Marisol
|-damage|p2a: Marisol|64/100
|move|p2a: Marisol|Alluring Voice|p1a: Weavile
|-supereffective|p1a: Weavile
|-damage|p1a: Weavile|2/100
|
|upkeep
|turn|15
|
|t:|1757852864
|move|p1a: Weavile|Ice Shard|p2a: Marisol
|-damage|p2a: Marisol|25/100
|move|p2a: Marisol|Alluring Voice|p1a: Weavile
|-supereffective|p1a: Weavile
|-damage|p1a: Weavile|0 fnt
|faint|p1a: Weavile
|
|upkeep
|
|t:|1757852870
|switch|p1a: Kommo-o|Kommo-o, F|100/100
|turn|16
|
|t:|1757852874
|-terastallize|p1a: Kommo-o|Fairy
|move|p2a: Marisol|Alluring Voice|p1a: Kommo-o
|-immune|p1a: Kommo-o|[from] ability: Soundproof
|move|p1a: Kommo-o|Clangorous Soul|p1a: Kommo-o
|-boost|p1a: Kommo-o|atk|1
|-boost|p1a: Kommo-o|def|1
|-boost|p1a: Kommo-o|spa|1
|-boost|p1a: Kommo-o|spd|1
|-boost|p1a: Kommo-o|spe|1
|-damage|p1a: Kommo-o|68/100
|
|upkeep
|turn|17
|
|t:|1757852885
|move|p2a: Marisol|Thunder|p1a: Kommo-o
|-damage|p1a: Kommo-o|7/100
|-enditem|p1a: Kommo-o|Sitrus Berry|[eat]
|-heal|p1a: Kommo-o|32/100|[from] item: Sitrus Berry
|move|p1a: Kommo-o|Clangorous Soul||[still]
|-fail|p1a: Kommo-o
|
|upkeep
|turn|18
|
|t:|1757852893
|move|p2a: Marisol|Thunder|p1a: Kommo-o|[miss]
|-miss|p2a: Marisol|p1a: Kommo-o
|move|p1a: Kommo-o|Drain Punch|p2a: Marisol
|-damage|p2a: Marisol|0 fnt
|-heal|p1a: Kommo-o|44/100|[from] drain|[of] p2a: Marisol
|faint|p2a: Marisol
|
|upkeep
|
|t:|1757852904
|switch|p2a: Jon Snow|Iron Crown|26/100
|turn|19
|
|t:|1757852906
|move|p1a: Kommo-o|Drain Punch|p2a: Jon Snow
|-damage|p2a: Jon Snow|0 fnt
|-heal|p1a: Kommo-o|61/100|[from] drain|[of] p2a: Jon Snow
|faint|p2a: Jon Snow
|-end|p2a: Jon Snow|Quark Drive|[silent]
|
|upkeep
|
|t:|1757852911
|switch|p2a: Archnadroid|Araquanid, M, tera:Water|29/100
|turn|20
|
|t:|1757852915
|move|p1a: Kommo-o|Drain Punch|p2a: Archnadroid
|-damage|p2a: Archnadroid|0 fnt
|-heal|p1a: Kommo-o|77/100|[from] drain|[of] p2a: Archnadroid
|faint|p2a: Archnadroid
|
|upkeep
|
|t:|1757852917
|switch|p2a: Chrome Zennies|Iron Treads, shiny|70/100
|turn|21
|
|t:|1757852922
|move|p1a: Kommo-o|Drain Punch|p2a: Chrome Zennies
|-supereffective|p2a: Chrome Zennies
|-damage|p2a: Chrome Zennies|0 fnt
|-heal|p1a: Kommo-o|100/100|[from] drain|[of] p2a: Chrome Zennies
|faint|p2a: Chrome Zennies
|-end|p2a: Chrome Zennies|Quark Drive|[silent]
|
|win|THC CTE gang gang
|raw|THC CTE gang gang's rating: 1155 &rarr; <strong>1180</strong><br />(+25 for winning)
|raw|SmeargleBasquiat27's rating: 1160 &rarr; <strong>1135</strong><br />(-25 for losing)
|c|☆THC CTE gang gang|gg
|c|☆SmeargleBasquiat27|Gg
