|j|☆mirfee
|j|☆Papilord69
|t:|1757909724
|gametype|singles
|player|p1|mirfee|maid|1522
|player|p2|Papilord69|266|1560
|gen|9
|tier|[Gen 9] OU
|rated|
|rule|HP Percentage Mod: HP is shown in percentages
|rule|Endless Battle Clause: Forcing endless battles is banned
|rule|Species Clause: Limit one of each Pokémon
|rule|OHKO Clause: OHKO moves are banned
|rule|Evasion Items Clause: Evasion items are banned
|rule|Evasion Moves Clause: Evasion moves are banned
|rule|Evasion Abilities Clause: Evasion abilities are banned
|rule|Sleep Moves Clause: Sleep-inducing moves are banned
|clearpoke
|poke|p1|Garganacl, F|
|poke|p1|Ogerpon-Wellspring, F|
|poke|p1|Great Tusk|
|poke|p1|Iron Moth|
|poke|p1|Kingambit, M|
|poke|p1|Raging Bolt|
|poke|p2|Tyranitar, M|
|poke|p2|Excadrill, M|
|poke|p2|Zamazenta-*|
|poke|p2|Ogerpon-Wellspring, F|
|poke|p2|Moltres|
|poke|p2|Primarina, F|
|teampreview
|inactive|Battle timer is ON: inactive players will automatically lose when time's up. (requested by mirfee)
|
|t:|1757909746
|teamsize|p1|6
|teamsize|p2|6
|start
|switch|p1a: Garganacl|Garganacl, F|100/100
|switch|p2a: Ogerpon|Ogerpon-Wellspring, F|100/100
|turn|1
|
|t:|1757909753
|move|p2a: Ogerpon|Power Whip|p1a: Garganacl
|-supereffective|p1a: Garganacl
|-ability|p1a: Garganacl|Sturdy
|-damage|p1a: Garganacl|1/100
|move|p1a: Garganacl|Stealth Rock|p2a: Ogerpon
|-sidestart|p2: Papilord69|move: Stealth Rock
|
|upkeep
|turn|2
|-enditem|p1a: Garganacl|Custap Berry|[eat]
|-activate|p1a: Garganacl|item: Custap Berry|[consumed]
|
|t:|1757909767
|move|p1a: Garganacl|Explosion|p2a: Ogerpon
|-damage|p2a: Ogerpon|0 fnt
|faint|p1a: Garganacl
|faint|p2a: Ogerpon
|
|upkeep
|
|t:|1757909779
|switch|p2a: Moltres|Moltres|100/100
|switch|p1a: Ogerpon|Ogerpon-Wellspring, F|100/100
|turn|3
|inactive|mirfee has 120 seconds left.
|
|t:|1757909814
|move|p1a: Ogerpon|Knock Off|p2a: Moltres
|-damage|p2a: Moltres|72/100
|-enditem|p2a: Moltres|Heavy-Duty Boots|[from] move: Knock Off|[of] p1a: Ogerpon
|move|p2a: Moltres|Will-O-Wisp|p1a: Ogerpon
|-status|p1a: Ogerpon|brn
|
|-damage|p1a: Ogerpon|95/100 brn|[from] brn
|upkeep
|turn|4
|
|t:|1757909827
|move|p1a: Ogerpon|Swords Dance|p1a: Ogerpon
|-boost|p1a: Ogerpon|atk|2
|move|p2a: Moltres|U-turn|p1a: Ogerpon
|-supereffective|p1a: Ogerpon
|-damage|p1a: Ogerpon|54/100 brn
|
|t:|1757909830
|switch|p2a: Zamazenta|Zamazenta|100/100|[from] U-turn
|-damage|p2a: Zamazenta|94/100|[from] Stealth Rock
|-ability|p2a: Zamazenta|Dauntless Shield|boost
|-boost|p2a: Zamazenta|def|1
|
|-heal|p2a: Zamazenta|100/100|[from] item: Leftovers
|-damage|p1a: Ogerpon|48/100 brn|[from] brn
|upkeep
|turn|5
|
|t:|1757909835
|move|p2a: Zamazenta|Iron Defense|p2a: Zamazenta
|-boost|p2a: Zamazenta|def|2
|move|p1a: Ogerpon|Ivy Cudgel|p2a: Zamazenta|[anim] Ivy Cudgel Water
|-damage|p2a: Zamazenta|83/100
|
|-heal|p2a: Zamazenta|89/100|[from] item: Leftovers
|-damage|p1a: Ogerpon|42/100 brn|[from] brn
|upkeep
|turn|6
|
|t:|1757909841
|move|p2a: Zamazenta|Iron Defense|p2a: Zamazenta
|-boost|p2a: Zamazenta|def|2
|move|p1a: Ogerpon|Ivy Cudgel|p2a: Zamazenta|[anim] Ivy Cudgel Water
|-damage|p2a: Zamazenta|76/100
|
|-heal|p2a: Zamazenta|83/100|[from] item: Leftovers
|-damage|p1a: Ogerpon|36/100 brn|[from] brn
|upkeep
|turn|7
|
|t:|1757909847
|move|p2a: Zamazenta|Body Press|p1a: Ogerpon
|-damage|p1a: Ogerpon|0 fnt
|faint|p1a: Ogerpon
|
|-heal|p2a: Zamazenta|89/100|[from] item: Leftovers
|upkeep
|
|t:|1757909865
|switch|p1a: Iron Moth|Iron Moth|100/100
|-enditem|p1a: Iron Moth|Booster Energy
|-activate|p1a: Iron Moth|ability: Quark Drive|[fromitem]
|-start|p1a: Iron Moth|quarkdrivespe
|turn|8
|inactive|mirfee has 120 seconds left.
|
|t:|1757909908
|-terastallize|p1a: Iron Moth|Fairy
|move|p1a: Iron Moth|Dazzling Gleam|p2a: Zamazenta
|-supereffective|p2a: Zamazenta
|-damage|p2a: Zamazenta|16/100
|move|p2a: Zamazenta|Body Press|p1a: Iron Moth
|-resisted|p1a: Iron Moth
|-damage|p1a: Iron Moth|5/100
|
|-heal|p2a: Zamazenta|22/100|[from] item: Leftovers
|upkeep
|turn|9
|j| Dionysos
|l| Dionysos
|
|t:|1757909923
|switch|p2a: Tyranitar|Tyranitar, M|100/100
|-damage|p2a: Tyranitar|88/100|[from] Stealth Rock
|-weather|Sandstorm|[from] ability: Sand Stream|[of] p2a: Tyranitar
|move|p1a: Iron Moth|Fiery Dance|p2a: Tyranitar
|-resisted|p2a: Tyranitar
|-damage|p2a: Tyranitar|80/100
|
|-weather|Sandstorm|[upkeep]
|-damage|p1a: Iron Moth|0 fnt|[from] Sandstorm
|faint|p1a: Iron Moth
|-end|p1a: Iron Moth|Quark Drive|[silent]
|upkeep
|
|t:|1757909930
|switch|p1a: Great Tusk|Great Tusk|100/100
|-enditem|p1a: Great Tusk|Booster Energy
|-activate|p1a: Great Tusk|ability: Protosynthesis|[fromitem]
|-start|p1a: Great Tusk|protosynthesisspe
|turn|10
|
|t:|1757909939
|switch|p2a: Zamazenta|Zamazenta|22/100
|-damage|p2a: Zamazenta|16/100|[from] Stealth Rock
|move|p1a: Great Tusk|Bulk Up|p1a: Great Tusk
|-boost|p1a: Great Tusk|atk|1
|-boost|p1a: Great Tusk|def|1
|
|-weather|Sandstorm|[upkeep]
|-damage|p2a: Zamazenta|10/100|[from] Sandstorm
|-heal|p2a: Zamazenta|16/100|[from] item: Leftovers
|upkeep
|turn|11
|
|t:|1757909944
|move|p1a: Great Tusk|Ice Spinner|p2a: Zamazenta
|-damage|p2a: Zamazenta|0 fnt
|faint|p2a: Zamazenta
|
|-weather|Sandstorm|[upkeep]
|upkeep
|
|t:|1757909950
|switch|p2a: Moltres|Moltres|72/100
|-damage|p2a: Moltres|22/100|[from] Stealth Rock
|turn|12
|
|t:|1757909956
|move|p1a: Great Tusk|Ice Spinner|p2a: Moltres
|-damage|p2a: Moltres|0 fnt
|faint|p2a: Moltres
|
|-weather|Sandstorm|[upkeep]
|upkeep
|
|t:|1757909958
|switch|p2a: Primarina|Primarina, F|100/100
|-damage|p2a: Primarina|88/100|[from] Stealth Rock
|turn|13
|
|t:|1757909961
|move|p1a: Great Tusk|Headlong Rush|p2a: Primarina
|-damage|p2a: Primarina|24/100
|-unboost|p1a: Great Tusk|def|1
|-unboost|p1a: Great Tusk|spd|1
|move|p2a: Primarina|Draining Kiss|p1a: Great Tusk
|-supereffective|p1a: Great Tusk
|-damage|p1a: Great Tusk|16/100
|-heal|p2a: Primarina|99/100|[from] drain|[of] p1a: Great Tusk
|
|-weather|Sandstorm|[upkeep]
|-damage|p2a: Primarina|93/100|[from] Sandstorm
|-heal|p2a: Primarina|99/100|[from] item: Leftovers
|upkeep
|turn|14
|
|t:|1757909965
|move|p1a: Great Tusk|Headlong Rush|p2a: Primarina
|-damage|p2a: Primarina|26/100
|-unboost|p1a: Great Tusk|def|1
|-unboost|p1a: Great Tusk|spd|1
|move|p2a: Primarina|Draining Kiss|p1a: Great Tusk
|-supereffective|p1a: Great Tusk
|-damage|p1a: Great Tusk|0 fnt
|-heal|p2a: Primarina|40/100|[from] drain|[of] p1a: Great Tusk
|faint|p1a: Great Tusk
|-end|p1a: Great Tusk|Protosynthesis|[silent]
|
|-weather|Sandstorm|[upkeep]
|-damage|p2a: Primarina|34/100|[from] Sandstorm
|-heal|p2a: Primarina|40/100|[from] item: Leftovers
|upkeep
|
|t:|1757909972
|switch|p1a: Raging Bolt|Raging Bolt|100/100
|-enditem|p1a: Raging Bolt|Booster Energy
|-activate|p1a: Raging Bolt|ability: Protosynthesis|[fromitem]
|-start|p1a: Raging Bolt|protosynthesisspa
|turn|15
|
|t:|1757909976
|switch|p2a: Excadrill|Excadrill, M|100/100
|-damage|p2a: Excadrill|97/100|[from] Stealth Rock
|-item|p2a: Excadrill|Air Balloon
|move|p1a: Raging Bolt|Calm Mind|p1a: Raging Bolt
|-boost|p1a: Raging Bolt|spa|1
|-boost|p1a: Raging Bolt|spd|1
|
|-weather|Sandstorm|[upkeep]
|-damage|p1a: Raging Bolt|94/100|[from] Sandstorm
|upkeep
|turn|16
|
|t:|1757909982
|move|p2a: Excadrill|Earthquake|p1a: Raging Bolt
|-supereffective|p1a: Raging Bolt
|-damage|p1a: Raging Bolt|0 fnt
|faint|p1a: Raging Bolt
|-end|p1a: Raging Bolt|Protosynthesis|[silent]
|
|-weather|none
|upkeep
|
|t:|1757909985
|switch|p1a: Kingambit|Kingambit, M|100/100
|-activate|p1a: Kingambit|ability: Supreme Overlord
|-start|p1a: Kingambit|fallen5|[silent]
|turn|17
|
|t:|1757909990
|move|p2a: Excadrill|Earthquake|p1a: Kingambit
|-supereffective|p1a: Kingambit
|-damage|p1a: Kingambit|27/100
|move|p1a: Kingambit|Swords Dance|p1a: Kingambit
|-boost|p1a: Kingambit|atk|2
|
|-heal|p1a: Kingambit|33/100|[from] item: Leftovers
|upkeep
|turn|18
|
|t:|1757909992
|move|p1a: Kingambit|Sucker Punch|p2a: Excadrill
|-damage|p2a: Excadrill|0 fnt
|-enditem|p2a: Excadrill|Air Balloon
|faint|p2a: Excadrill
|
|-heal|p1a: Kingambit|40/100|[from] item: Leftovers
|upkeep
|
|t:|1757909995
|switch|p2a: Primarina|Primarina, F|40/100
|-damage|p2a: Primarina|28/100|[from] Stealth Rock
|turn|19
|
|t:|1757909997
|move|p1a: Kingambit|Sucker Punch|p2a: Primarina
|-resisted|p2a: Primarina
|-damage|p2a: Primarina|0 fnt
|faint|p2a: Primarina
|
|-heal|p1a: Kingambit|46/100|[from] item: Leftovers
|upkeep
|
|t:|1757909998
|switch|p2a: Tyranitar|Tyranitar, M|80/100
|-damage|p2a: Tyranitar|68/100|[from] Stealth Rock
|-weather|Sandstorm|[from] ability: Sand Stream|[of] p2a: Tyranitar
|turn|20
|
|t:|1757910003
|-terastallize|p2a: Tyranitar|Ghost
|move|p1a: Kingambit|Kowtow Cleave|p2a: Tyranitar
|-supereffective|p2a: Tyranitar
|-damage|p2a: Tyranitar|0 fnt
|faint|p2a: Tyranitar
|
|win|mirfee
|raw|mirfee's rating: 1522 &rarr; <strong>1544</strong><br />(+22 for winning)
|raw|Papilord69's rating: 1560 &rarr; <strong>1538</strong><br />(-22 for losing)
|l|☆Papilord69
|player|p2|
|l|☆mirfee
|player|p1|
