|j|☆tigercloud
|j|☆Swag_SerotoninYT
|t:|1757946359
|gametype|singles
|player|p1|tigercloud|steven|1084
|player|p2|Swag_SerotoninYT|harlequin|1078
|gen|9
|tier|[Gen 9] OU
|rated|
|rule|HP Percentage Mod: HP is shown in percentages
|rule|Endless Battle Clause: Forcing endless battles is banned
|rule|Species Clause: Limit one of each Pokémon
|rule|OHKO Clause: OHKO moves are banned
|rule|Evasion Items Clause: Evasion items are banned
|rule|Evasion Moves Clause: Evasion moves are banned
|rule|Evasion Abilities Clause: Evasion abilities are banned
|rule|Sleep Moves Clause: Sleep-inducing moves are banned
|clearpoke
|poke|p1|Gliscor, M|
|poke|p1|Clodsire, M|
|poke|p1|Great Tusk|
|poke|p1|Iron Treads|
|poke|p1|Landorus-Therian, M|
|poke|p1|Ting-Lu|
|poke|p2|Cacturne, F|
|poke|p2|Dodrio, F|
|poke|p2|Malamar, M|
|poke|p2|Blastoise, M|
|poke|p2|Masquerain, F|
|poke|p2|Infernape, M|
|teampreview
|inactive|Battle timer is ON: inactive players will automatically lose when time's up. (requested by Swag_SerotoninYT)
|inactive|tigercloud also wants the timer to be on.
|
|t:|1757946370
|teamsize|p1|6
|teamsize|p2|6
|start
|switch|p1a: Clodsire|Clodsire, M, shiny|100/100
|switch|p2a: Masquerain|Masquerain, F|100/100
|-ability|p2a: Masquerain|Intimidate|boost
|-unboost|p1a: Clodsire|atk|1
|turn|1
|
|t:|1757946377
|move|p2a: Masquerain|Sticky Web|p1a: Clodsire
|-sidestart|p1: tigercloud|move: Sticky Web
|move|p1a: Clodsire|Stealth Rock|p2a: Masquerain
|-sidestart|p2: Swag_SerotoninYT|move: Stealth Rock
|
|upkeep
|turn|2
|
|t:|1757946380
|move|p2a: Masquerain|Stun Spore|p1a: Clodsire|[miss]
|-miss|p2a: Masquerain|p1a: Clodsire
|move|p1a: Clodsire|Toxic|p2a: Masquerain
|-status|p2a: Masquerain|tox
|
|-damage|p2a: Masquerain|94/100 tox|[from] psn
|upkeep
|turn|3
|
|t:|1757946397
|switch|p1a: Iron Treads|Iron Treads, shiny|100/100
|-activate|p1a: Iron Treads|move: Sticky Web
|-unboost|p1a: Iron Treads|spe|1
|move|p2a: Masquerain|Stun Spore|p1a: Iron Treads|[miss]
|-miss|p2a: Masquerain|p1a: Iron Treads
|
|-damage|p2a: Masquerain|82/100 tox|[from] psn
|upkeep
|turn|4
|
|t:|1757946403
|move|p2a: Masquerain|Stun Spore|p1a: Iron Treads|[miss]
|-miss|p2a: Masquerain|p1a: Iron Treads
|move|p1a: Iron Treads|Rapid Spin|p2a: Masquerain
|-damage|p2a: Masquerain|55/100 tox
|-boost|p1a: Iron Treads|spe|1
|-sideend|p1: tigercloud|Sticky Web|[from] move: Rapid Spin|[of] p1a: Iron Treads
|
|-damage|p2a: Masquerain|37/100 tox|[from] psn
|upkeep
|turn|5
|
|t:|1757946407
|move|p1a: Iron Treads|Volt Switch|p2a: Masquerain
|-supereffective|p2a: Masquerain
|-damage|p2a: Masquerain|5/100 tox
|
|t:|1757946416
|-end|p1a: Iron Treads|Quark Drive|[silent]
|switch|p1a: Ting-Lu|Ting-Lu|100/100|[from] Volt Switch
|-ability|p1a: Ting-Lu|Vessel of Ruin
|move|p2a: Masquerain|Stun Spore|p1a: Ting-Lu|[miss]
|-miss|p2a: Masquerain|p1a: Ting-Lu
|
|-damage|p2a: Masquerain|0 fnt|[from] psn
|faint|p2a: Masquerain
|upkeep
|c|☆Swag_SerotoninYT|nice 4 spore miss
|
|t:|1757946430
|switch|p2a: Blastoise|Blastoise, M|100/100
|-damage|p2a: Blastoise|88/100|[from] Stealth Rock
|turn|6
|
|t:|1757946437
|move|p2a: Blastoise|Shell Smash|p2a: Blastoise
|-unboost|p2a: Blastoise|def|1
|-unboost|p2a: Blastoise|spd|1
|-boost|p2a: Blastoise|atk|2
|-boost|p2a: Blastoise|spa|2
|-boost|p2a: Blastoise|spe|2
|-enditem|p2a: Blastoise|White Herb
|-clearnegativeboost|p2a: Blastoise|[silent]
|move|p1a: Ting-Lu|Spikes|p2a: Blastoise
|-sidestart|p2: Swag_SerotoninYT|Spikes
|
|upkeep
|turn|7
|
|t:|1757946443
|switch|p1a: Clodsire|Clodsire, M, shiny|100/100
|move|p2a: Blastoise|Hydro Pump|p1a: Clodsire
|-immune|p1a: Clodsire|[from] ability: Water Absorb
|
|upkeep
|turn|8
|
|t:|1757946450
|move|p2a: Blastoise|Ice Beam|p1a: Clodsire
|-supereffective|p1a: Clodsire
|-damage|p1a: Clodsire|43/100
|move|p1a: Clodsire|Toxic|p2a: Blastoise
|-status|p2a: Blastoise|tox
|
|-heal|p1a: Clodsire|49/100|[from] item: Leftovers
|-damage|p2a: Blastoise|82/100 tox|[from] psn
|upkeep
|turn|9
|
|t:|1757946458
|switch|p1a: Ting-Lu|Ting-Lu|100/100
|-ability|p1a: Ting-Lu|Vessel of Ruin
|move|p2a: Blastoise|Shell Smash|p2a: Blastoise
|-unboost|p2a: Blastoise|def|1
|-unboost|p2a: Blastoise|spd|1
|-boost|p2a: Blastoise|atk|2
|-boost|p2a: Blastoise|spa|2
|-boost|p2a: Blastoise|spe|2
|
|-damage|p2a: Blastoise|70/100 tox|[from] psn
|upkeep
|turn|10
|
|t:|1757946463
|switch|p1a: Clodsire|Clodsire, M, shiny|49/100
|move|p2a: Blastoise|Ice Beam|p1a: Clodsire
|-supereffective|p1a: Clodsire
|-damage|p1a: Clodsire|0 fnt
|faint|p1a: Clodsire
|
|-damage|p2a: Blastoise|51/100 tox|[from] psn
|upkeep
|
|t:|1757946477
|switch|p1a: Ting-Lu|Ting-Lu|100/100
|-ability|p1a: Ting-Lu|Vessel of Ruin
|turn|11
|
|t:|1757946483
|move|p2a: Blastoise|Hydro Pump|p1a: Ting-Lu
|-supereffective|p1a: Ting-Lu
|-damage|p1a: Ting-Lu|0 fnt
|faint|p1a: Ting-Lu
|
|-damage|p2a: Blastoise|27/100 tox|[from] psn
|upkeep
|
|t:|1757946490
|switch|p1a: Landorus|Landorus-Therian, M, shiny|100/100
|-ability|p1a: Landorus|Intimidate|boost
|-unboost|p2a: Blastoise|atk|1
|turn|12
|
|t:|1757946494
|move|p2a: Blastoise|Ice Beam|p1a: Landorus
|-supereffective|p1a: Landorus
|-damage|p1a: Landorus|0 fnt
|faint|p1a: Landorus
|
|-damage|p2a: Blastoise|0 fnt|[from] psn
|faint|p2a: Blastoise
|upkeep
|
|t:|1757946509
|switch|p1a: Gliscor|Gliscor, M, shiny|100/100
|switch|p2a: Malamar|Malamar, M|100/100
|-damage|p2a: Malamar|88/100|[from] Stealth Rock
|-damage|p2a: Malamar|76/100|[from] Spikes
|turn|13
|
|t:|1757946515
|move|p1a: Gliscor|Knock Off|p2a: Malamar
|-damage|p2a: Malamar|50/100
|-enditem|p2a: Malamar|Sitrus Berry|[from] move: Knock Off|[of] p1a: Gliscor
|move|p2a: Malamar|Superpower|p1a: Gliscor
|-resisted|p1a: Gliscor
|-damage|p1a: Gliscor|83/100
|-boost|p2a: Malamar|atk|1
|-boost|p2a: Malamar|def|1
|
|-status|p1a: Gliscor|tox|[from] item: Toxic Orb
|upkeep
|turn|14
|
|t:|1757946521
|move|p1a: Gliscor|Toxic|p2a: Malamar
|-status|p2a: Malamar|tox
|move|p2a: Malamar|Liquidation|p1a: Gliscor
|-supereffective|p1a: Gliscor
|-crit|p1a: Gliscor
|-damage|p1a: Gliscor|0 fnt
|faint|p1a: Gliscor
|
|-damage|p2a: Malamar|44/100 tox|[from] psn
|upkeep
|
|t:|1757946525
|switch|p1a: Iron Treads|Iron Treads, shiny|100/100
|turn|15
|
|t:|1757946528
|move|p1a: Iron Treads|Heavy Slam|p2a: Malamar
|-damage|p2a: Malamar|3/100 tox
|move|p2a: Malamar|Superpower|p1a: Iron Treads
|-supereffective|p1a: Iron Treads
|-damage|p1a: Iron Treads|0 fnt
|-boost|p2a: Malamar|atk|1
|-boost|p2a: Malamar|def|1
|faint|p1a: Iron Treads
|-end|p1a: Iron Treads|Quark Drive|[silent]
|
|-damage|p2a: Malamar|0 fnt|[from] psn
|faint|p2a: Malamar
|upkeep
|
|t:|1757946534
|switch|p1a: Great Tusk|Great Tusk, shiny|100/100
|switch|p2a: Dodrio|Dodrio, F|100/100
|-damage|p2a: Dodrio|76/100|[from] Stealth Rock
|turn|16
|
|t:|1757946540
|-terastallize|p1a: Great Tusk|Rock
|move|p2a: Dodrio|Brave Bird|p1a: Great Tusk
|-resisted|p1a: Great Tusk
|-damage|p1a: Great Tusk|76/100
|-damage|p2a: Dodrio|62/100|[from] Recoil
|move|p1a: Great Tusk|Ice Spinner|p2a: Dodrio
|-supereffective|p2a: Dodrio
|-damage|p2a: Dodrio|0 fnt
|faint|p2a: Dodrio
|
|upkeep
|
|t:|1757946545
|switch|p2a: Infernape|Infernape, M|100/100
|-damage|p2a: Infernape|88/100|[from] Stealth Rock
|-damage|p2a: Infernape|76/100|[from] Spikes
|turn|17
|
|t:|1757946548
|move|p2a: Infernape|Drain Punch|p1a: Great Tusk
|-supereffective|p1a: Great Tusk
|-damage|p1a: Great Tusk|0 fnt
|-heal|p2a: Infernape|100/100|[from] drain|[of] p1a: Great Tusk
|faint|p1a: Great Tusk
|-end|p1a: Great Tusk|Protosynthesis|[silent]
|-damage|p2a: Infernape|90/100|[from] item: Life Orb
|
|win|Swag_SerotoninYT
|raw|tigercloud's rating: 1084 &rarr; <strong>1061</strong><br />(-23 for losing)
|raw|Swag_SerotoninYT's rating: 1078 &rarr; <strong>1107</strong><br />(+29 for winning)
|l|☆tigercloud
|player|p1|
