|j|☆spreadcrosser
|j|☆kalozeta
|t:|1757824549
|gametype|singles
|player|p1|spreadcrosser|101|1234
|player|p2|kalozeta|zinzolin|1273
|gen|9
|tier|[Gen 9] OU
|rated|
|rule|HP Percentage Mod: HP is shown in percentages
|rule|Endless Battle Clause: Forcing endless battles is banned
|rule|Species Clause: Limit one of each Pokémon
|rule|OHKO Clause: OHKO moves are banned
|rule|Evasion Items Clause: Evasion items are banned
|rule|Evasion Moves Clause: Evasion moves are banned
|rule|Evasion Abilities Clause: Evasion abilities are banned
|rule|Sleep Moves Clause: Sleep-inducing moves are banned
|clearpoke
|poke|p1|Serperior, M|
|poke|p1|Kingambit, F|
|poke|p1|Excadrill, M|
|poke|p1|Iron Hands|
|poke|p1|Ceruledge, F|
|poke|p1|Raging Bolt|
|poke|p2|Gliscor, M|
|poke|p2|Dragapult, F|
|poke|p2|Kingambit, M|
|poke|p2|Corviknight, M|
|poke|p2|Ceruledge, M|
|poke|p2|Primarina, M|
|teampreview
|inactive|Battle timer is ON: inactive players will automatically lose when time's up. (requested by spreadcrosser)
|
|t:|1757824565
|teamsize|p1|6
|teamsize|p2|6
|start
|switch|p1a: Ceruledge|Ceruledge, F|100/100
|switch|p2a: Ceruledge|Ceruledge, M|100/100
|turn|1
|
|t:|1757824584
|switch|p1a: Raging Bolt|Raging Bolt|100/100
|move|p2a: Ceruledge|Swords Dance|p2a: Ceruledge
|-boost|p2a: Ceruledge|atk|2
|
|upkeep
|turn|2
|
|t:|1757824591
|move|p2a: Ceruledge|Poltergeist|p1a: Raging Bolt
|-activate|p1a: Raging Bolt|move: Poltergeist|Leftovers
|-damage|p1a: Raging Bolt|9/100
|move|p1a: Raging Bolt|Thunderbolt|p2a: Ceruledge
|-damage|p2a: Ceruledge|33/100
|
|-heal|p1a: Raging Bolt|15/100|[from] item: Leftovers
|upkeep
|turn|3
|
|t:|1757824599
|move|p2a: Ceruledge|Shadow Sneak|p1a: Raging Bolt
|-damage|p1a: Raging Bolt|0 fnt
|faint|p1a: Raging Bolt
|-end|p1a: Raging Bolt|Protosynthesis|[silent]
|
|upkeep
|
|t:|1757824606
|switch|p1a: Kingambit|Kingambit, F|100/100
|-item|p1a: Kingambit|Air Balloon
|turn|4
|
|t:|1757824613
|-terastallize|p1a: Kingambit|Flying
|move|p2a: Ceruledge|Swords Dance|p2a: Ceruledge
|-boost|p2a: Ceruledge|atk|2
|move|p1a: Kingambit|Kowtow Cleave|p2a: Ceruledge
|-supereffective|p2a: Ceruledge
|-damage|p2a: Ceruledge|0 fnt
|faint|p2a: Ceruledge
|
|upkeep
|l|☆kalozeta
|inactive|kalozeta disconnected and has a minute to reconnect!
|player|p2|
|j|☆kalozeta
|inactive|kalozeta reconnected and has 125 seconds left.
|player|p2|kalozeta|zinzolin|
|inactive|kalozeta has 120 seconds left.
|
|t:|1757824671
|switch|p2a: Primarina|Primarina, M|100/100
|turn|5
|
|t:|1757824679
|move|p2a: Primarina|Moonblast|p1a: Kingambit
|-damage|p1a: Kingambit|51/100
|-unboost|p1a: Kingambit|spa|1
|-ability|p1a: Kingambit|Defiant|boost
|-boost|p1a: Kingambit|atk|2
|-enditem|p1a: Kingambit|Air Balloon
|move|p1a: Kingambit|Swords Dance|p1a: Kingambit
|-boost|p1a: Kingambit|atk|2
|
|upkeep
|turn|6
|
|t:|1757824692
|-terastallize|p2a: Primarina|Fairy
|move|p2a: Primarina|Moonblast|p1a: Kingambit
|-damage|p1a: Kingambit|0 fnt
|faint|p1a: Kingambit
|
|upkeep
|
|t:|1757824702
|switch|p1a: Excadrill|Excadrill, M|100/100
|-ability|p1a: Excadrill|Mold Breaker
|turn|7
|
|t:|1757824718
|move|p1a: Excadrill|Earthquake|p2a: Primarina
|-damage|p2a: Primarina|33/100
|move|p2a: Primarina|Surf|p1a: Excadrill
|-supereffective|p1a: Excadrill
|-enditem|p1a: Excadrill|Focus Sash
|-damage|p1a: Excadrill|1/100
|
|upkeep
|turn|8
|inactive|spreadcrosser has 120 seconds left.
|
|t:|1757824758
|switch|p2a: Gliscor|Gliscor, M|100/100
|move|p1a: Excadrill|Rock Tomb|p2a: Gliscor
|-damage|p2a: Gliscor|77/100
|-unboost|p2a: Gliscor|spe|1
|
|-status|p2a: Gliscor|tox|[from] item: Toxic Orb
|upkeep
|turn|9
|
|t:|1757824769
|move|p1a: Excadrill|Stealth Rock|p2a: Gliscor
|-sidestart|p2: kalozeta|move: Stealth Rock
|move|p2a: Gliscor|Earthquake|p1a: Excadrill
|-supereffective|p1a: Excadrill
|-damage|p1a: Excadrill|0 fnt
|faint|p1a: Excadrill
|
|-heal|p2a: Gliscor|90/100 tox|[from] ability: Poison Heal
|upkeep
|inactive|spreadcrosser has 120 seconds left.
|
|t:|1757824784
|switch|p1a: Serperior|Serperior, M|100/100
|turn|10
|
|t:|1757824789
|move|p1a: Serperior|Leaf Storm|p2a: Gliscor
|-damage|p2a: Gliscor|0 fnt
|-boost|p1a: Serperior|spa|2
|faint|p2a: Gliscor
|-damage|p1a: Serperior|91/100|[from] item: Life Orb
|
|upkeep
|
|t:|1757824809
|switch|p2a: Corviknight|Corviknight, M|100/100
|-damage|p2a: Corviknight|88/100|[from] Stealth Rock
|turn|11
|
|t:|1757824822
|move|p1a: Serperior|Leaf Storm|p2a: Corviknight
|-resisted|p2a: Corviknight
|-damage|p2a: Corviknight|58/100
|-boost|p1a: Serperior|spa|2
|-damage|p1a: Serperior|81/100|[from] item: Life Orb
|move|p2a: Corviknight|Defog|p1a: Serperior
|-boost|p1a: Serperior|evasion|1
|-sideend|p2: kalozeta|Stealth Rock|[from] move: Defog|[of] p2a: Corviknight
|
|upkeep
|turn|12
|
|t:|1757824830
|move|p1a: Serperior|Leaf Storm|p2a: Corviknight
|-resisted|p2a: Corviknight
|-damage|p2a: Corviknight|15/100
|-boost|p1a: Serperior|spa|2
|-damage|p1a: Serperior|71/100|[from] item: Life Orb
|move|p2a: Corviknight|U-turn|p1a: Serperior|[miss]
|-miss|p2a: Corviknight|p1a: Serperior
|
|upkeep
|turn|13
|-message|kalozeta forfeited.
|
|win|spreadcrosser
|raw|spreadcrosser's rating: 1234 &rarr; <strong>1262</strong><br />(+28 for winning)
|raw|kalozeta's rating: 1273 &rarr; <strong>1245</strong><br />(-28 for losing)
|l|☆kalozeta
|player|p2|
|l|☆spreadcrosser
|player|p1|
