|j|☆Church of Booty
|j|☆konstipatedkleavor
|t:|1757802154
|gametype|singles
|player|p1|Church of Booty|cynthia-gen4|1115
|player|p2|konstipatedkleavor|policeman-gen4|1000
|gen|9
|tier|[Gen 9] OU
|rated|
|rule|HP Percentage Mod: HP is shown in percentages
|rule|Endless Battle Clause: Forcing endless battles is banned
|rule|Species Clause: Limit one of each Pokémon
|rule|OHKO Clause: OHKO moves are banned
|rule|Evasion Items Clause: Evasion items are banned
|rule|Evasion Moves Clause: Evasion moves are banned
|rule|Evasion Abilities Clause: Evasion abilities are banned
|rule|Sleep Moves Clause: Sleep-inducing moves are banned
|clearpoke
|poke|p1|Chesnaught, M|
|poke|p1|Pawmot, M|
|poke|p1|Clefable, F|
|poke|p1|Garchomp, M|
|poke|p1|Corviknight, M|
|poke|p1|Greninja-*, M|
|poke|p2|Luxray, F|
|poke|p2|Cryogonal|
|poke|p2|Ambipom, M|
|poke|p2|Scizor, M|
|poke|p2|Gastrodon-East, F|
|poke|p2|Revavroom, M|
|teampreview
|inactive|Battle timer is ON: inactive players will automatically lose when time's up. (requested by Church of Booty)
|
|t:|1757802169
|teamsize|p1|6
|teamsize|p2|6
|start
|switch|p1a: Garchomp|Garchomp, M|100/100
|switch|p2a: Eastcargot|Gastrodon-East, F|100/100
|turn|1
|
|t:|1757802182
|switch|p1a: Corviknight|Corviknight, M|100/100
|move|p2a: Eastcargot|Stealth Rock|p1a: Corviknight
|-sidestart|p1: Church of Booty|move: Stealth Rock
|
|upkeep
|turn|2
|
|t:|1757802191
|move|p1a: Corviknight|Defog|p2a: Eastcargot
|-unboost|p2a: Eastcargot|evasion|1
|-sideend|p1: Church of Booty|Stealth Rock|[from] move: Defog|[of] p1a: Corviknight
|move|p2a: Eastcargot|Surf|p1a: Corviknight
|-crit|p1a: Corviknight
|-damage|p1a: Corviknight|62/100
|
|upkeep
|turn|3
|
|t:|1757802202
|switch|p1a: Greninja|Greninja, M|100/100
|move|p2a: Eastcargot|Surf|p1a: Greninja
|-resisted|p1a: Greninja
|-damage|p1a: Greninja|77/100
|
|upkeep
|turn|4
|
|t:|1757802210
|move|p1a: Greninja|Grass Knot|p2a: Eastcargot
|-supereffective|p2a: Eastcargot
|-damage|p2a: Eastcargot|38/100
|move|p2a: Eastcargot|Stealth Rock|p1a: Greninja
|-sidestart|p1: Church of Booty|move: Stealth Rock
|
|-heal|p2a: Eastcargot|44/100|[from] item: Leftovers
|upkeep
|turn|5
|
|t:|1757802224
|switch|p2a: JeanClawed|Scizor, M|100/100
|move|p1a: Greninja|Grass Knot|p2a: JeanClawed
|-resisted|p2a: JeanClawed
|-damage|p2a: JeanClawed|90/100
|
|upkeep
|turn|6
|
|t:|1757802233
|switch|p1a: Corviknight|Corviknight, M|62/100
|-damage|p1a: Corviknight|49/100|[from] Stealth Rock
|move|p2a: JeanClawed|Knock Off|p1a: Corviknight
|-crit|p1a: Corviknight
|-damage|p1a: Corviknight|0 fnt
|-damage|p2a: JeanClawed|74/100|[from] item: Rocky Helmet|[of] p1a: Corviknight
|-enditem|p1a: Corviknight|Rocky Helmet|[from] move: Knock Off|[of] p2a: JeanClawed
|faint|p1a: Corviknight
|
|upkeep
|
|t:|1757802244
|switch|p1a: Garchomp|Garchomp, M|100/100
|-damage|p1a: Garchomp|94/100|[from] Stealth Rock
|turn|7
|
|t:|1757802253
|move|p1a: Garchomp|Fire Blast|p2a: JeanClawed
|-supereffective|p2a: JeanClawed
|-damage|p2a: JeanClawed|0 fnt
|faint|p2a: JeanClawed
|-damage|p1a: Garchomp|85/100|[from] item: Life Orb
|
|upkeep
|
|t:|1757802260
|switch|p2a: Eastcargot|Gastrodon-East, F|44/100
|turn|8
|
|t:|1757802264
|move|p1a: Garchomp|Draco Meteor|p2a: Eastcargot
|-damage|p2a: Eastcargot|0 fnt
|-unboost|p1a: Garchomp|spa|2
|faint|p2a: Eastcargot
|-damage|p1a: Garchomp|75/100|[from] item: Life Orb
|
|upkeep
|
|t:|1757802273
|switch|p2a: Nippy|Cryogonal|100/100
|turn|9
|
|t:|1757802282
|switch|p1a: Clefable|Clefable, F|100/100
|move|p2a: Nippy|Chilling Water|p1a: Clefable
|-damage|p1a: Clefable|91/100
|-unboost|p1a: Clefable|atk|1
|
|upkeep
|turn|10
|
|t:|1757802290
|move|p2a: Nippy|Rapid Spin|p1a: Clefable
|-damage|p1a: Clefable|86/100
|-boost|p2a: Nippy|spe|1
|move|p1a: Clefable|Calm Mind|p1a: Clefable
|-boost|p1a: Clefable|spa|1
|-boost|p1a: Clefable|spd|1
|
|upkeep
|turn|11
|
|t:|1757802298
|move|p2a: Nippy|Flash Cannon|p1a: Clefable
|-supereffective|p1a: Clefable
|-damage|p1a: Clefable|62/100
|move|p1a: Clefable|Calm Mind|p1a: Clefable
|-boost|p1a: Clefable|spa|1
|-boost|p1a: Clefable|spd|1
|
|upkeep
|turn|12
|
|t:|1757802305
|move|p2a: Nippy|Flash Cannon|p1a: Clefable
|-supereffective|p1a: Clefable
|-damage|p1a: Clefable|45/100
|move|p1a: Clefable|Wish|p1a: Clefable
|
|upkeep
|turn|13
|
|t:|1757802318
|move|p2a: Nippy|Freeze-Dry|p1a: Clefable
|-damage|p1a: Clefable|34/100
|move|p1a: Clefable|Calm Mind|p1a: Clefable
|-boost|p1a: Clefable|spa|1
|-boost|p1a: Clefable|spd|1
|
|-heal|p1a: Clefable|84/100|[from] move: Wish|[wisher] Clefable
|upkeep
|turn|14
|
|t:|1757802336
|move|p2a: Nippy|Flash Cannon|p1a: Clefable
|-supereffective|p1a: Clefable
|-damage|p1a: Clefable|71/100
|move|p1a: Clefable|Encore|p2a: Nippy
|-start|p2a: Nippy|Encore
|
|upkeep
|turn|15
|
|t:|1757802342
|switch|p2a: Optimus|Revavroom, M, shiny|100/100
|-item|p2a: Optimus|Air Balloon
|move|p1a: Clefable|Calm Mind|p1a: Clefable
|-boost|p1a: Clefable|spa|1
|-boost|p1a: Clefable|spd|1
|
|upkeep
|turn|16
|
|t:|1757802355
|move|p2a: Optimus|Shift Gear|p2a: Optimus
|-boost|p2a: Optimus|spe|2
|-boost|p2a: Optimus|atk|1
|move|p1a: Clefable|Moonblast|p2a: Optimus
|-resisted|p2a: Optimus
|-damage|p2a: Optimus|63/100
|-enditem|p2a: Optimus|Air Balloon
|
|upkeep
|turn|17
|
|t:|1757802366
|move|p2a: Optimus|Gunk Shot|p1a: Clefable|[miss]
|-miss|p2a: Optimus|p1a: Clefable
|move|p1a: Clefable|Encore|p2a: Optimus
|-start|p2a: Optimus|Encore
|
|upkeep
|turn|18
|
|t:|1757802376
|move|p2a: Optimus|Gunk Shot|p1a: Clefable
|-supereffective|p1a: Clefable
|-damage|p1a: Clefable|0 fnt
|faint|p1a: Clefable
|
|upkeep
|
|t:|1757802381
|switch|p1a: Garchomp|Garchomp, M|75/100
|-damage|p1a: Garchomp|69/100|[from] Stealth Rock
|turn|19
|
|t:|1757802390
|switch|p2a: Nippy|Cryogonal|100/100
|move|p1a: Garchomp|Earth Power|p2a: Nippy
|-immune|p2a: Nippy|[from] ability: Levitate
|
|upkeep
|turn|20
|
|t:|1757802401
|-terastallize|p1a: Garchomp|Steel
|move|p1a: Garchomp|Fire Blast|p2a: Nippy
|-supereffective|p2a: Nippy
|-damage|p2a: Nippy|50/100
|-damage|p1a: Garchomp|59/100|[from] item: Life Orb
|move|p2a: Nippy|Freeze-Dry|p1a: Garchomp
|-resisted|p1a: Garchomp
|-damage|p1a: Garchomp|46/100
|
|upkeep
|turn|21
|
|t:|1757802423
|move|p1a: Garchomp|Power Gem|p2a: Nippy
|-supereffective|p2a: Nippy
|-damage|p2a: Nippy|12/100
|-damage|p1a: Garchomp|37/100|[from] item: Life Orb
|move|p2a: Nippy|Freeze-Dry|p1a: Garchomp
|-resisted|p1a: Garchomp
|-damage|p1a: Garchomp|23/100
|
|upkeep
|turn|22
|
|t:|1757802432
|move|p1a: Garchomp|Power Gem|p2a: Nippy
|-supereffective|p2a: Nippy
|-damage|p2a: Nippy|0 fnt
|faint|p2a: Nippy
|-damage|p1a: Garchomp|13/100|[from] item: Life Orb
|
|upkeep
|
|t:|1757802434
|switch|p2a: Pepto|Ambipom, M, shiny|100/100
|turn|23
|
|t:|1757802442
|move|p2a: Pepto|Knock Off|p1a: Garchomp
|-damage|p1a: Garchomp|0 fnt
|-damage|p2a: Pepto|88/100|[from] ability: Rough Skin|[of] p1a: Garchomp
|-enditem|p1a: Garchomp|Life Orb|[from] move: Knock Off|[of] p2a: Pepto
|faint|p1a: Garchomp
|
|upkeep
|
|t:|1757802448
|switch|p1a: Pawmot|Pawmot, M|100/100
|-damage|p1a: Pawmot|94/100|[from] Stealth Rock
|turn|24
|
|t:|1757802463
|move|p1a: Pawmot|Mach Punch|p2a: Pepto
|-supereffective|p2a: Pepto
|-damage|p2a: Pepto|0 fnt
|faint|p2a: Pepto
|
|upkeep
|
|t:|1757802470
|switch|p2a: Optimus|Revavroom, M, shiny|63/100
|turn|25
|
|t:|1757802479
|move|p1a: Pawmot|Supercell Slam|p2a: Optimus
|-damage|p2a: Optimus|2/100
|move|p2a: Optimus|High Horsepower|p1a: Pawmot
|-supereffective|p1a: Pawmot
|-damage|p1a: Pawmot|0 fnt
|faint|p1a: Pawmot
|
|upkeep
|
|t:|1757802487
|switch|p1a: Greninja|Greninja, M|77/100
|-damage|p1a: Greninja|64/100|[from] Stealth Rock
|turn|26
|
|t:|1757802497
|move|p1a: Greninja|Water Shuriken|p2a: Optimus
|-damage|p2a: Optimus|0 fnt
|faint|p2a: Optimus
|-ability|p1a: Greninja|Battle Bond|boost
|-boost|p1a: Greninja|atk|1
|-boost|p1a: Greninja|spa|1
|-boost|p1a: Greninja|spe|1
|-activate|p1a: Greninja|ability: Battle Bond
|-hitcount|p2: Optimus|1
|
|upkeep
|
|t:|1757802499
|switch|p2a: NoFuxray|Luxray, F|100/100
|turn|27
|
|t:|1757802510
|move|p1a: Greninja|Dark Pulse|p2a: NoFuxray
|-damage|p2a: NoFuxray|29/100
|move|p2a: NoFuxray|Trailblaze|p1a: Greninja
|-supereffective|p1a: Greninja
|-damage|p1a: Greninja|9/100
|-boost|p2a: NoFuxray|spe|1
|
|-status|p2a: NoFuxray|brn|[from] item: Flame Orb
|upkeep
|turn|28
|
|t:|1757802521
|move|p1a: Greninja|Water Shuriken|p2a: NoFuxray
|-damage|p2a: NoFuxray|16/100 brn
|-damage|p2a: NoFuxray|3/100 brn
|-damage|p2a: NoFuxray|0 fnt
|faint|p2a: NoFuxray
|-hitcount|p2: NoFuxray|3
|
|win|Church of Booty
|raw|Church of Booty's rating: 1115 &rarr; <strong>1132</strong><br />(+17 for winning)
|raw|konstipatedkleavor's rating: 1000 &rarr; <strong>1000</strong><br />(+0 for losing)
