|j|☆winstrol abuser
|j|☆berioost
|t:|1757859819
|gametype|singles
|player|p1|winstrol abuser|102|1394
|player|p2|berioost|hugh|1343
|gen|9
|tier|[Gen 9] OU
|rated|
|rule|HP Percentage Mod: HP is shown in percentages
|rule|Endless Battle Clause: Forcing endless battles is banned
|rule|Species Clause: Limit one of each Pokémon
|rule|OHKO Clause: OHKO moves are banned
|rule|Evasion Items Clause: Evasion items are banned
|rule|Evasion Moves Clause: Evasion moves are banned
|rule|Evasion Abilities Clause: Evasion abilities are banned
|rule|Sleep Moves Clause: Sleep-inducing moves are banned
|clearpoke
|poke|p1|Cinderace, M|
|poke|p1|Iron Valiant|
|poke|p1|Kingambit, F|
|poke|p1|Raging Bolt|
|poke|p1|Landorus-Therian, M|
|poke|p1|Ogerpon-Wellspring, F|
|poke|p2|Blaziken, M|
|poke|p2|Greninja-*, M|
|poke|p2|Flygon, M|
|poke|p2|Jolteon, F|
|poke|p2|Ceruledge, M|
|poke|p2|Scizor, M|
|teampreview
|
|t:|1757859839
|teamsize|p1|6
|teamsize|p2|6
|start
|switch|p1a: Cinderace|Cinderace, M|100/100
|switch|p2a: Greninja|Greninja, M|100/100
|turn|1
|
|t:|1757859845
|move|p2a: Greninja|Water Shuriken|p1a: Cinderace
|-supereffective|p1a: Cinderace
|-damage|p1a: Cinderace|78/100
|-supereffective|p1a: Cinderace
|-damage|p1a: Cinderace|58/100
|-supereffective|p1a: Cinderace
|-damage|p1a: Cinderace|37/100
|-supereffective|p1a: Cinderace
|-damage|p1a: Cinderace|15/100
|-hitcount|p1a: Cinderace|4
|move|p1a: Cinderace|U-turn|p2a: Greninja
|-start|p1a: Cinderace|typechange|Bug|[from] ability: Libero
|-supereffective|p2a: Greninja
|-damage|p2a: Greninja|0 fnt
|faint|p2a: Greninja
|
|t:|1757859862
|switch|p1a: Landorus|Landorus-Therian, M|100/100|[from] U-turn
|
|upkeep
|
|t:|1757859871
|switch|p2a: Ceruledge|Ceruledge, M|100/100
|turn|2
|
|t:|1757859876
|-terastallize|p2a: Ceruledge|Normal
|move|p1a: Landorus|Earthquake|p2a: Ceruledge
|-damage|p2a: Ceruledge|41/100
|-ability|p2a: Ceruledge|Weak Armor|boost
|-unboost|p2a: Ceruledge|def|1
|-boost|p2a: Ceruledge|spe|2
|move|p2a: Ceruledge|Will-O-Wisp|p1a: Landorus
|-status|p1a: Landorus|brn
|
|-damage|p1a: Landorus|95/100 brn|[from] brn
|upkeep
|turn|3
|
|t:|1757859891
|switch|p1a: Cinderace|Cinderace, M|15/100
|move|p2a: Ceruledge|Bitter Blade|p1a: Cinderace
|-resisted|p1a: Cinderace
|-damage|p1a: Cinderace|0 fnt
|-heal|p2a: Ceruledge|49/100|[from] drain|[of] p1a: Cinderace
|faint|p1a: Cinderace
|
|upkeep
|
|t:|1757859906
|switch|p1a: Iron Valiant|Iron Valiant|100/100
|-enditem|p1a: Iron Valiant|Booster Energy
|-activate|p1a: Iron Valiant|ability: Quark Drive|[fromitem]
|-start|p1a: Iron Valiant|quarkdrivespe
|turn|4
|
|t:|1757859914
|move|p1a: Iron Valiant|Moonblast|p2a: Ceruledge
|-damage|p2a: Ceruledge|0 fnt
|faint|p2a: Ceruledge
|
|upkeep
|
|t:|1757859929
|switch|p2a: Jolteon|Jolteon, F|100/100
|turn|5
|
|t:|1757859934
|-end|p1a: Iron Valiant|Quark Drive|[silent]
|switch|p1a: Landorus|Landorus-Therian, M|95/100 brn
|-ability|p1a: Landorus|Intimidate|boost
|-unboost|p2a: Jolteon|atk|1
|move|p2a: Jolteon|Thunder Wave|p1a: Landorus
|-immune|p1a: Landorus
|
|-damage|p1a: Landorus|89/100 brn|[from] brn
|upkeep
|turn|6
|
|t:|1757859946
|switch|p2a: Flygon|Flygon, M|100/100
|move|p1a: Landorus|U-turn|p2a: Flygon
|-damage|p2a: Flygon|86/100
|
|t:|1757859952
|switch|p1a: Iron Valiant|Iron Valiant|100/100|[from] U-turn
|
|upkeep
|turn|7
|
|t:|1757859963
|switch|p2a: Scizor|Scizor, M|100/100
|move|p1a: Iron Valiant|Moonblast|p2a: Scizor
|-resisted|p2a: Scizor
|-damage|p2a: Scizor|76/100
|-unboost|p2a: Scizor|spa|1
|
|upkeep
|turn|8
|
|t:|1757859973
|-end|p1a: Iron Valiant|Quark Drive|[silent]
|switch|p1a: Landorus|Landorus-Therian, M|89/100 brn
|-ability|p1a: Landorus|Intimidate|boost
|-unboost|p2a: Scizor|atk|1
|move|p2a: Scizor|Swords Dance|p2a: Scizor
|-boost|p2a: Scizor|atk|2
|
|-damage|p1a: Landorus|83/100 brn|[from] brn
|upkeep
|turn|9
|
|t:|1757859987
|move|p1a: Landorus|Earthquake|p2a: Scizor
|-damage|p2a: Scizor|39/100
|move|p2a: Scizor|Trailblaze|p1a: Landorus
|-crit|p1a: Landorus
|-damage|p1a: Landorus|24/100 brn
|-boost|p2a: Scizor|spe|1
|
|-damage|p1a: Landorus|18/100 brn|[from] brn
|upkeep
|turn|10
|
|t:|1757859998
|move|p1a: Landorus|Earthquake|p2a: Scizor
|-crit|p2a: Scizor
|-damage|p2a: Scizor|0 fnt
|faint|p2a: Scizor
|
|-damage|p1a: Landorus|12/100 brn|[from] brn
|upkeep
|c|☆winstrol abuser|xss
|
|t:|1757860010
|switch|p2a: Flygon|Flygon, M|86/100
|turn|11
|
|t:|1757860015
|switch|p1a: Iron Valiant|Iron Valiant|100/100
|move|p2a: Flygon|Dragon Dance|p2a: Flygon
|-boost|p2a: Flygon|atk|1
|-boost|p2a: Flygon|spe|1
|
|upkeep
|turn|12
|
|t:|1757860023
|move|p2a: Flygon|Earthquake|p1a: Iron Valiant
|-crit|p1a: Iron Valiant
|-damage|p1a: Iron Valiant|0 fnt
|faint|p1a: Iron Valiant
|-end|p1a: Iron Valiant|Quark Drive|[silent]
|
|upkeep
|
|t:|1757860030
|switch|p1a: Landorus|Landorus-Therian, M|12/100 brn
|-ability|p1a: Landorus|Intimidate|boost
|-unboost|p2a: Flygon|atk|1
|turn|13
|
|t:|1757860035
|move|p1a: Landorus|U-turn|p2a: Flygon
|-damage|p2a: Flygon|70/100
|
|t:|1757860037
|switch|p1a: Ogerpon|Ogerpon-Wellspring, F|100/100|[from] U-turn
|move|p2a: Flygon|Fire Punch|p1a: Ogerpon
|-damage|p1a: Ogerpon|74/100
|
|upkeep
|turn|14
|
|t:|1757860046
|move|p2a: Flygon|Dragon Dance|p2a: Flygon
|-boost|p2a: Flygon|atk|1
|-boost|p2a: Flygon|spe|1
|move|p1a: Ogerpon|Ivy Cudgel|p2a: Flygon|[anim] Ivy Cudgel Water
|-damage|p2a: Flygon|0 fnt
|faint|p2a: Flygon
|
|upkeep
|
|t:|1757860060
|switch|p2a: Jolteon|Jolteon, F|100/100
|turn|15
|
|t:|1757860066
|switch|p1a: Raging Bolt|Raging Bolt|100/100
|-enditem|p1a: Raging Bolt|Booster Energy
|-activate|p1a: Raging Bolt|ability: Protosynthesis|[fromitem]
|-start|p1a: Raging Bolt|protosynthesisspa
|move|p2a: Jolteon|Thunder Wave|p1a: Raging Bolt
|-immune|p1a: Raging Bolt
|
|upkeep
|turn|16
|
|t:|1757860076
|move|p2a: Jolteon|Alluring Voice|p1a: Raging Bolt
|-supereffective|p1a: Raging Bolt
|-damage|p1a: Raging Bolt|50/100
|move|p1a: Raging Bolt|Calm Mind|p1a: Raging Bolt
|-boost|p1a: Raging Bolt|spa|1
|-boost|p1a: Raging Bolt|spd|1
|
|upkeep
|turn|17
|
|t:|1757860083
|move|p2a: Jolteon|Alluring Voice|p1a: Raging Bolt
|-supereffective|p1a: Raging Bolt
|-damage|p1a: Raging Bolt|13/100
|move|p1a: Raging Bolt|Dragon Pulse|p2a: Jolteon
|-enditem|p2a: Jolteon|Focus Sash
|-damage|p2a: Jolteon|1/100
|
|upkeep
|turn|18
|
|t:|1757860092
|-end|p1a: Raging Bolt|Protosynthesis|[silent]
|switch|p1a: Landorus|Landorus-Therian, M|12/100 brn
|-ability|p1a: Landorus|Intimidate|boost
|-unboost|p2a: Jolteon|atk|1
|move|p2a: Jolteon|Alluring Voice|p1a: Landorus
|-damage|p1a: Landorus|0 fnt
|faint|p1a: Landorus
|
|upkeep
|
|t:|1757860099
|switch|p1a: Kingambit|Kingambit, F|100/100
|-activate|p1a: Kingambit|ability: Supreme Overlord
|-start|p1a: Kingambit|fallen3|[silent]
|turn|19
|
|t:|1757860105
|move|p2a: Jolteon|Thunder Wave|p1a: Kingambit
|-status|p1a: Kingambit|par
|move|p1a: Kingambit|Kowtow Cleave|p2a: Jolteon
|-crit|p2a: Jolteon
|-damage|p2a: Jolteon|0 fnt
|faint|p2a: Jolteon
|
|upkeep
|
|t:|1757860114
|switch|p2a: Blaziken|Blaziken, M|100/100
|turn|20
|
|t:|1757860120
|-terastallize|p1a: Kingambit|Ghost
|move|p2a: Blaziken|Swords Dance|p2a: Blaziken
|-boost|p2a: Blaziken|atk|2
|move|p1a: Kingambit|Kowtow Cleave|p2a: Blaziken
|-resisted|p2a: Blaziken
|-damage|p2a: Blaziken|51/100
|
|-heal|p2a: Blaziken|57/100|[from] item: Leftovers
|-ability|p2a: Blaziken|Speed Boost|boost
|-boost|p2a: Blaziken|spe|1
|upkeep
|turn|21
|
|t:|1757860133
|move|p2a: Blaziken|Protect|p2a: Blaziken
|-singleturn|p2a: Blaziken|Protect
|move|p1a: Kingambit|Sucker Punch||[still]
|-fail|p1a: Kingambit
|
|-heal|p2a: Blaziken|63/100|[from] item: Leftovers
|-ability|p2a: Blaziken|Speed Boost|boost
|-boost|p2a: Blaziken|spe|1
|upkeep
|turn|22
|
|t:|1757860142
|move|p2a: Blaziken|Blaze Kick|p1a: Kingambit|[miss]
|-miss|p2a: Blaziken|p1a: Kingambit
|cant|p1a: Kingambit|par
|
|-heal|p2a: Blaziken|69/100|[from] item: Leftovers
|-ability|p2a: Blaziken|Speed Boost|boost
|-boost|p2a: Blaziken|spe|1
|upkeep
|turn|23
|
|t:|1757860151
|move|p2a: Blaziken|Blaze Kick|p1a: Kingambit
|-crit|p1a: Kingambit
|-damage|p1a: Kingambit|0 fnt
|faint|p1a: Kingambit
|-end|p1a: Kingambit|fallen3|[silent]
|
|-heal|p2a: Blaziken|75/100|[from] item: Leftovers
|-ability|p2a: Blaziken|Speed Boost|boost
|-boost|p2a: Blaziken|spe|1
|upkeep
|
|t:|1757860158
|switch|p1a: Ogerpon|Ogerpon-Wellspring, F|74/100
|turn|24
|
|t:|1757860165
|move|p2a: Blaziken|Protect|p2a: Blaziken
|-singleturn|p2a: Blaziken|Protect
|move|p1a: Ogerpon|Ivy Cudgel|p2a: Blaziken|[anim] Ivy Cudgel Water
|-activate|p2a: Blaziken|move: Protect
|
|-heal|p2a: Blaziken|81/100|[from] item: Leftovers
|-ability|p2a: Blaziken|Speed Boost|boost
|-boost|p2a: Blaziken|spe|1
|upkeep
|turn|25
|
|t:|1757860174
|move|p2a: Blaziken|Blaze Kick|p1a: Ogerpon
|-damage|p1a: Ogerpon|0 fnt
|faint|p1a: Ogerpon
|
|-heal|p2a: Blaziken|87/100|[from] item: Leftovers
|-ability|p2a: Blaziken|Speed Boost|boost
|-boost|p2a: Blaziken|spe|1
|upkeep
|-message|winstrol abuser forfeited.
|
|win|berioost
|raw|winstrol abuser's rating: 1394 &rarr; <strong>1371</strong><br />(-23 for losing)
|raw|berioost's rating: 1343 &rarr; <strong>1366</strong><br />(+23 for winning)
|l|☆winstrol abuser
|player|p1|
