|j|☆LT91BB incelman
|j|‽Itswinefri
|t:|1757812573
|gametype|singles
|player|p1|LT91BB incelman|miku-ice|1441
|player|p2|Itswinefri|cynthia|1465
|gen|9
|tier|[Gen 9] OU
|rated|
|rule|HP Percentage Mod: HP is shown in percentages
|rule|Endless Battle Clause: Forcing endless battles is banned
|rule|Species Clause: Limit one of each Pokémon
|rule|OHKO Clause: OHKO moves are banned
|rule|Evasion Items Clause: Evasion items are banned
|rule|Evasion Moves Clause: Evasion moves are banned
|rule|Evasion Abilities Clause: Evasion abilities are banned
|rule|Sleep Moves Clause: Sleep-inducing moves are banned
|clearpoke
|poke|p1|Torkoal, M|
|poke|p1|Walking Wake|
|poke|p1|Raging Bolt|
|poke|p1|Kingambit, M|
|poke|p1|Slither Wing|
|poke|p1|Iron Moth|
|poke|p2|Hippowdon, M|
|poke|p2|Excadrill, M|
|poke|p2|Hydrapple, F|
|poke|p2|Tornadus-Therian, M|
|poke|p2|Heatran, M|
|poke|p2|Keldeo-Resolute, M|
|teampreview
|inactive|Battle timer is ON: inactive players will automatically lose when time's up. (requested by LT91BB incelman)
|
|t:|1757812585
|teamsize|p1|6
|teamsize|p2|6
|start
|switch|p1a: Torkoal|Torkoal, M, shiny|100/100
|switch|p2a: Keldeo|Keldeo-Resolute, M|100/100
|-weather|SunnyDay|[from] ability: Drought|[of] p1a: Torkoal
|turn|1
|
|t:|1757812592
|switch|p1a: Walking Wake|Walking Wake|100/100
|-activate|p1a: Walking Wake|ability: Protosynthesis
|-start|p1a: Walking Wake|protosynthesisspe
|move|p2a: Keldeo|Flip Turn|p1a: Walking Wake
|-resisted|p1a: Walking Wake
|-damage|p1a: Walking Wake|99/100
|
|t:|1757812600
|switch|p2a: Hippowdon|Hippowdon, M, shiny|100/100|[from] Flip Turn
|-weather|Sandstorm|[from] ability: Sand Stream|[of] p2a: Hippowdon
|-end|p1a: Walking Wake|Protosynthesis
|
|-weather|Sandstorm|[upkeep]
|-damage|p1a: Walking Wake|93/100|[from] Sandstorm
|upkeep
|turn|2
|
|t:|1757812608
|switch|p2a: Tornadus|Tornadus-Therian, M, shiny|100/100
|move|p1a: Walking Wake|Draco Meteor|p2a: Tornadus
|-damage|p2a: Tornadus|37/100
|-unboost|p1a: Walking Wake|spa|2
|
|-weather|Sandstorm|[upkeep]
|-damage|p2a: Tornadus|31/100|[from] Sandstorm
|-damage|p1a: Walking Wake|86/100|[from] Sandstorm
|upkeep
|turn|3
|
|t:|1757812622
|switch|p2a: Heatran|Heatran, M, shiny|100/100
|move|p1a: Walking Wake|Draco Meteor|p2a: Heatran
|-resisted|p2a: Heatran
|-damage|p2a: Heatran|85/100
|-unboost|p1a: Walking Wake|spa|2
|
|-weather|Sandstorm|[upkeep]
|-damage|p1a: Walking Wake|80/100|[from] Sandstorm
|-heal|p2a: Heatran|91/100|[from] item: Leftovers
|upkeep
|turn|4
|
|t:|1757812642
|-end|p1a: Walking Wake|Protosynthesis|[silent]
|switch|p1a: Torkoal|Torkoal, M, shiny|100/100
|-weather|SunnyDay|[from] ability: Drought|[of] p1a: Torkoal
|switch|p2a: Hydrapple|Hydrapple, F|100/100
|
|-weather|SunnyDay|[upkeep]
|upkeep
|turn|5
|
|t:|1757812663
|switch|p1a: Kingambit|Kingambit, M, shiny|100/100
|move|p2a: Hydrapple|Earth Power|p1a: Kingambit
|-supereffective|p1a: Kingambit
|-damage|p1a: Kingambit|28/100
|
|-weather|SunnyDay|[upkeep]
|-heal|p1a: Kingambit|34/100|[from] item: Leftovers
|upkeep
|turn|6
|
|t:|1757812672
|-end|p1a: Kingambit|fallenundefined|[silent]
|switch|p1a: Slither Wing|Slither Wing, shiny|100/100
|-activate|p1a: Slither Wing|ability: Protosynthesis
|-start|p1a: Slither Wing|protosynthesisatk
|move|p2a: Hydrapple|Earth Power|p1a: Slither Wing
|-resisted|p1a: Slither Wing
|-damage|p1a: Slither Wing|82/100
|
|-weather|SunnyDay|[upkeep]
|upkeep
|turn|7
|
|t:|1757812685
|switch|p2a: Heatran|Heatran, M, shiny|91/100
|move|p1a: Slither Wing|Will-O-Wisp|p2a: Heatran
|-start|p2a: Heatran|ability: Flash Fire
|
|-weather|SunnyDay|[upkeep]
|-heal|p2a: Heatran|97/100|[from] item: Leftovers
|upkeep
|turn|8
|
|t:|1757812693
|move|p1a: Slither Wing|Close Combat|p2a: Heatran
|-supereffective|p2a: Heatran
|-damage|p2a: Heatran|0 fnt
|-unboost|p1a: Slither Wing|def|1
|-unboost|p1a: Slither Wing|spd|1
|faint|p2a: Heatran
|
|-weather|SunnyDay|[upkeep]
|upkeep
|
|t:|1757812704
|switch|p2a: Hippowdon|Hippowdon, M, shiny|100/100
|-weather|Sandstorm|[from] ability: Sand Stream|[of] p2a: Hippowdon
|-end|p1a: Slither Wing|Protosynthesis
|turn|9
|
|t:|1757812713
|switch|p2a: Hydrapple|Hydrapple, F|100/100
|move|p1a: Slither Wing|Will-O-Wisp|p2a: Hydrapple
|-status|p2a: Hydrapple|brn
|
|-weather|Sandstorm|[upkeep]
|-damage|p1a: Slither Wing|76/100|[from] Sandstorm
|-damage|p2a: Hydrapple|94/100 brn|[from] Sandstorm
|-damage|p2a: Hydrapple|88/100 brn|[from] brn
|upkeep
|turn|10
|
|t:|1757812724
|-end|p1a: Slither Wing|Protosynthesis|[silent]
|switch|p1a: Torkoal|Torkoal, M, shiny|100/100
|-weather|SunnyDay|[from] ability: Drought|[of] p1a: Torkoal
|move|p2a: Hydrapple|Earth Power|p1a: Torkoal
|-supereffective|p1a: Torkoal
|-damage|p1a: Torkoal|12/100
|-unboost|p1a: Torkoal|spd|1
|
|-weather|SunnyDay|[upkeep]
|-damage|p2a: Hydrapple|82/100 brn|[from] brn
|upkeep
|turn|11
|
|t:|1757812735
|switch|p1a: Walking Wake|Walking Wake|80/100
|-activate|p1a: Walking Wake|ability: Protosynthesis
|-start|p1a: Walking Wake|protosynthesisspe
|move|p2a: Hydrapple|Fickle Beam|p1a: Walking Wake
|-supereffective|p1a: Walking Wake
|-damage|p1a: Walking Wake|0 fnt
|faint|p1a: Walking Wake
|-end|p1a: Walking Wake|Protosynthesis|[silent]
|
|-weather|SunnyDay|[upkeep]
|-damage|p2a: Hydrapple|75/100 brn|[from] brn
|upkeep
|
|t:|1757812742
|switch|p1a: Iron Moth|Iron Moth, shiny|100/100
|-enditem|p1a: Iron Moth|Booster Energy
|-activate|p1a: Iron Moth|ability: Quark Drive|[fromitem]
|-start|p1a: Iron Moth|quarkdrivespe
|turn|12
|
|t:|1757812753
|-terastallize|p2a: Hydrapple|Fairy
|move|p1a: Iron Moth|Sludge Wave|p2a: Hydrapple
|-supereffective|p2a: Hydrapple
|-damage|p2a: Hydrapple|0 fnt
|faint|p2a: Hydrapple
|
|-weather|SunnyDay|[upkeep]
|upkeep
|
|t:|1757812762
|switch|p2a: Hippowdon|Hippowdon, M, shiny|100/100
|-weather|Sandstorm|[from] ability: Sand Stream|[of] p2a: Hippowdon
|turn|13
|
|t:|1757812766
|switch|p2a: Keldeo|Keldeo-Resolute, M|100/100
|-terastallize|p1a: Iron Moth|Fairy
|move|p1a: Iron Moth|Fiery Dance|p2a: Keldeo
|-resisted|p2a: Keldeo
|-damage|p2a: Keldeo|76/100
|
|-weather|Sandstorm|[upkeep]
|-damage|p1a: Iron Moth|95/100|[from] Sandstorm
|-damage|p2a: Keldeo|70/100|[from] Sandstorm
|upkeep
|turn|14
|
|t:|1757812778
|move|p1a: Iron Moth|Dazzling Gleam|p2a: Keldeo
|-supereffective|p2a: Keldeo
|-damage|p2a: Keldeo|0 fnt
|faint|p2a: Keldeo
|
|-weather|Sandstorm|[upkeep]
|-damage|p1a: Iron Moth|89/100|[from] Sandstorm
|upkeep
|
|t:|1757812785
|switch|p2a: Excadrill|Excadrill, M, shiny|100/100
|turn|15
|
|t:|1757812789
|-end|p1a: Iron Moth|Quark Drive|[silent]
|switch|p1a: Slither Wing|Slither Wing, shiny|76/100
|move|p2a: Excadrill|Swords Dance|p2a: Excadrill
|-boost|p2a: Excadrill|atk|2
|
|-weather|Sandstorm|[upkeep]
|-damage|p1a: Slither Wing|70/100|[from] Sandstorm
|upkeep
|turn|16
|
|t:|1757812798
|move|p2a: Excadrill|Iron Head|p1a: Slither Wing
|-damage|p1a: Slither Wing|0 fnt
|faint|p1a: Slither Wing
|-end|p1a: Slither Wing|Protosynthesis|[silent]
|
|-weather|Sandstorm|[upkeep]
|upkeep
|
|t:|1757812807
|switch|p1a: Kingambit|Kingambit, M, shiny|34/100
|-activate|p1a: Kingambit|ability: Supreme Overlord
|-start|p1a: Kingambit|fallen2|[silent]
|turn|17
|
|t:|1757812816
|move|p1a: Kingambit|Sucker Punch|p2a: Excadrill
|-damage|p2a: Excadrill|31/100
|move|p2a: Excadrill|Earthquake|p1a: Kingambit
|-supereffective|p1a: Kingambit
|-damage|p1a: Kingambit|0 fnt
|faint|p1a: Kingambit
|-end|p1a: Kingambit|fallen2|[silent]
|
|-weather|Sandstorm|[upkeep]
|-heal|p2a: Excadrill|37/100|[from] item: Leftovers
|upkeep
|
|t:|1757812822
|switch|p1a: Torkoal|Torkoal, M, shiny|12/100
|-weather|SunnyDay|[from] ability: Drought|[of] p1a: Torkoal
|turn|18
|
|t:|1757812830
|switch|p1a: Raging Bolt|Raging Bolt|100/100
|-activate|p1a: Raging Bolt|ability: Protosynthesis
|-start|p1a: Raging Bolt|protosynthesisspa
|move|p2a: Excadrill|Rapid Spin|p1a: Raging Bolt
|-damage|p1a: Raging Bolt|70/100
|-boost|p2a: Excadrill|spe|1
|
|-weather|SunnyDay|[upkeep]
|-heal|p2a: Excadrill|43/100|[from] item: Leftovers
|upkeep
|turn|19
|
|t:|1757812841
|move|p2a: Excadrill|Iron Head|p1a: Raging Bolt
|-resisted|p1a: Raging Bolt
|-damage|p1a: Raging Bolt|33/100
|cant|p1a: Raging Bolt|flinch
|
|-weather|SunnyDay|[upkeep]
|-heal|p2a: Excadrill|49/100|[from] item: Leftovers
|upkeep
|turn|20
|-message|LT91BB incelman forfeited.
|
|win|Itswinefri
|raw|LT91BB incelman's rating: 1441 &rarr; <strong>1422</strong><br />(-19 for losing)
|raw|Itswinefri's rating: 1465 &rarr; <strong>1484</strong><br />(+19 for winning)
|l|☆LT91BB incelman
|player|p1|
|l|‽Itswinefri
|player|p2|
