|j|☆ClearBolt
|j|☆JumhuriyatKalostan
|t:|1757832684
|gametype|singles
|player|p1|ClearBolt|266|1401
|player|p2|JumhuriyatKalostan|acetrainer-gen4dp|1422
|gen|9
|tier|[Gen 9] OU
|rated|
|rule|HP Percentage Mod: HP is shown in percentages
|rule|Endless Battle Clause: Forcing endless battles is banned
|rule|Species Clause: Limit one of each Pokémon
|rule|OHKO Clause: OHKO moves are banned
|rule|Evasion Items Clause: Evasion items are banned
|rule|Evasion Moves Clause: Evasion moves are banned
|rule|Evasion Abilities Clause: Evasion abilities are banned
|rule|Sleep Moves Clause: Sleep-inducing moves are banned
|clearpoke
|poke|p1|Ninetales-Alola, F|
|poke|p1|Glastrier|
|poke|p1|Enamorus, F|
|poke|p1|Pawmot, M|
|poke|p1|Darkrai|
|poke|p1|Kyurem|
|poke|p2|Kingambit, F|
|poke|p2|Deoxys-Speed|
|poke|p2|Great Tusk|
|poke|p2|Dragonite, M|
|poke|p2|Iron Moth|
|poke|p2|Primarina, F|
|teampreview
|inactive|Battle timer is ON: inactive players will automatically lose when time's up. (requested by JumhuriyatKalostan)
|inactive|ClearBolt also wants the timer to be on.
|
|t:|1757832697
|teamsize|p1|6
|teamsize|p2|6
|start
|switch|p1a: Pawmot|Pawmot, M|100/100
|switch|p2a: Anomаly|Iron Moth|100/100
|-enditem|p2a: Anomаly|Booster Energy
|-activate|p2a: Anomаly|ability: Quark Drive|[fromitem]
|-start|p2a: Anomаly|quarkdrivespe
|turn|1
|
|t:|1757832707
|move|p1a: Pawmot|Fake Out|p2a: Anomаly
|-damage|p2a: Anomаly|82/100
|cant|p2a: Anomаly|flinch
|
|upkeep
|turn|2
|
|t:|1757832728
|switch|p1a: Glastrier|Glastrier|100/100
|move|p2a: Anomаly|Toxic Spikes|p1a: Glastrier
|-sidestart|p1: ClearBolt|move: Toxic Spikes
|
|upkeep
|turn|3
|
|t:|1757832735
|-end|p2a: Anomаly|Quark Drive|[silent]
|switch|p2a: Siren|Primarina, F|100/100
|move|p1a: Glastrier|High Horsepower|p2a: Siren
|-damage|p2a: Siren|48/100
|
|upkeep
|turn|4
|
|t:|1757832744
|switch|p2a: Yoshi|Dragonite, M, shiny|100/100
|move|p1a: Glastrier|High Horsepower|p2a: Yoshi
|-immune|p2a: Yoshi
|
|upkeep
|turn|5
|
|t:|1757832762
|switch|p2a: Siren|Primarina, F|48/100
|move|p1a: Glastrier|Icicle Crash|p2a: Siren
|-resisted|p2a: Siren
|-damage|p2a: Siren|10/100
|
|upkeep
|turn|6
|
|t:|1757832768
|move|p2a: Siren|Surf|p1a: Glastrier
|-crit|p1a: Glastrier
|-damage|p1a: Glastrier|20/100
|move|p1a: Glastrier|Icicle Crash|p2a: Siren
|-resisted|p2a: Siren
|-damage|p2a: Siren|0 fnt
|faint|p2a: Siren
|-ability|p1a: Glastrier|Chilling Neigh|boost
|-boost|p1a: Glastrier|atk|1
|
|upkeep
|
|t:|1757832773
|switch|p2a: Anomаly|Iron Moth|82/100
|turn|7
|
|t:|1757832776
|move|p2a: Anomаly|Fiery Dance|p1a: Glastrier
|-supereffective|p1a: Glastrier
|-damage|p1a: Glastrier|0 fnt
|faint|p1a: Glastrier
|
|upkeep
|
|t:|1757832791
|switch|p1a: Kyurem|Kyurem|100/100
|-status|p1a: Kyurem|psn
|-ability|p1a: Kyurem|Pressure
|turn|8
|
|t:|1757832799
|switch|p1a: Ninetales|Ninetales-Alola, F|100/100
|-status|p1a: Ninetales|psn
|-weather|Snowscape|[from] ability: Snow Warning|[of] p1a: Ninetales
|-end|p2a: Anomаly|Quark Drive|[silent]
|switch|p2a: Meruem|Kingambit, F|100/100
|-activate|p2a: Meruem|ability: Supreme Overlord
|-start|p2a: Meruem|fallen1|[silent]
|
|-weather|Snowscape|[upkeep]
|-damage|p1a: Ninetales|88/100 psn|[from] psn
|upkeep
|turn|9
|
|t:|1757832804
|move|p1a: Ninetales|Aurora Veil|p1a: Ninetales
|-sidestart|p1: ClearBolt|move: Aurora Veil
|move|p2a: Meruem|Iron Head|p1a: Ninetales
|-supereffective|p1a: Ninetales
|-damage|p1a: Ninetales|0 fnt
|faint|p1a: Ninetales
|
|-weather|Snowscape|[upkeep]
|upkeep
|
|t:|1757832816
|switch|p1a: Pawmot|Pawmot, M|100/100
|-status|p1a: Pawmot|psn
|turn|10
|
|t:|1757832819
|-end|p2a: Meruem|fallen1|[silent]
|switch|p2a: Anomaly|Great Tusk|100/100
|-enditem|p2a: Anomaly|Booster Energy
|-activate|p2a: Anomaly|ability: Protosynthesis|[fromitem]
|-start|p2a: Anomaly|protosynthesisatk
|move|p1a: Pawmot|Close Combat|p2a: Anomaly
|-damage|p2a: Anomaly|57/100
|-unboost|p1a: Pawmot|def|1
|-unboost|p1a: Pawmot|spd|1
|
|-weather|Snowscape|[upkeep]
|-damage|p1a: Pawmot|88/100 psn|[from] psn
|upkeep
|turn|11
|
|t:|1757832833
|switch|p1a: Enamorus|Enamorus, F|100/100
|move|p2a: Anomaly|Headlong Rush|p1a: Enamorus
|-immune|p1a: Enamorus
|
|-weather|Snowscape|[upkeep]
|upkeep
|turn|12
|
|t:|1757832851
|move|p1a: Enamorus|Earth Power|p2a: Anomaly
|-damage|p2a: Anomaly|0 fnt
|faint|p2a: Anomaly
|-end|p2a: Anomaly|Protosynthesis|[silent]
|-damage|p1a: Enamorus|91/100|[from] item: Life Orb
|
|-weather|none
|upkeep
|
|t:|1757832871
|switch|p2a: Moebius|Deoxys-Speed|100/100
|-ability|p2a: Moebius|Pressure
|turn|13
|
|t:|1757832875
|move|p2a: Moebius|Psycho Boost|p1a: Enamorus
|-damage|p1a: Enamorus|34/100
|-unboost|p2a: Moebius|spa|2
|-damage|p2a: Moebius|91/100|[from] item: Life Orb
|move|p1a: Enamorus|Moonblast|p2a: Moebius
|-damage|p2a: Moebius|0 fnt
|faint|p2a: Moebius
|-damage|p1a: Enamorus|24/100|[from] item: Life Orb
|
|upkeep
|
|t:|1757832882
|switch|p2a: Anomаly|Iron Moth|82/100
|turn|14
|
|t:|1757832886
|switch|p1a: Kyurem|Kyurem|100/100 psn
|-ability|p1a: Kyurem|Pressure
|move|p2a: Anomаly|Sludge Wave|p1a: Kyurem
|-damage|p1a: Kyurem|80/100 psn
|
|-damage|p1a: Kyurem|67/100 psn|[from] psn
|upkeep
|turn|15
|
|t:|1757832904
|move|p1a: Kyurem|Earth Power|p2a: Anomаly
|-supereffective|p2a: Anomаly
|-damage|p2a: Anomаly|0 fnt
|faint|p2a: Anomаly
|-end|p2a: Anomаly|Quark Drive|[silent]
|
|-damage|p1a: Kyurem|55/100 psn|[from] psn
|upkeep
|
|t:|1757832907
|switch|p2a: Yoshi|Dragonite, M, shiny|100/100
|turn|16
|
|t:|1757832915
|switch|p1a: Darkrai|Darkrai|100/100
|-status|p1a: Darkrai|psn
|move|p2a: Yoshi|Ice Spinner|p1a: Darkrai
|-damage|p1a: Darkrai|72/100 psn
|
|-damage|p1a: Darkrai|60/100 psn|[from] psn
|-sideend|p1: ClearBolt|move: Aurora Veil
|upkeep
|turn|17
|
|t:|1757832922
|switch|p2a: Meruem|Kingambit, F|100/100
|-activate|p2a: Meruem|ability: Supreme Overlord
|-start|p2a: Meruem|fallen4|[silent]
|move|p1a: Darkrai|Ice Beam|p2a: Meruem
|-resisted|p2a: Meruem
|-damage|p2a: Meruem|76/100
|
|-heal|p2a: Meruem|82/100|[from] item: Leftovers
|-damage|p1a: Darkrai|47/100 psn|[from] psn
|upkeep
|turn|18
|
|t:|1757832947
|switch|p1a: Enamorus|Enamorus, F|24/100
|move|p2a: Meruem|Swords Dance|p2a: Meruem
|-boost|p2a: Meruem|atk|2
|
|-heal|p2a: Meruem|88/100|[from] item: Leftovers
|upkeep
|turn|19
|inactive|ClearBolt has 120 seconds left.
|
|t:|1757832988
|switch|p1a: Darkrai|Darkrai|47/100 psn
|move|p2a: Meruem|Iron Head|p1a: Darkrai
|-damage|p1a: Darkrai|0 fnt
|faint|p1a: Darkrai
|
|-heal|p2a: Meruem|94/100|[from] item: Leftovers
|upkeep
|
|t:|1757832990
|switch|p1a: Pawmot|Pawmot, M|88/100 psn
|turn|20
|
|t:|1757833003
|-terastallize|p2a: Meruem|Ghost
|move|p1a: Pawmot|Revival Blessing|p1a: Pawmot
|-enditem|p1a: Pawmot|Leppa Berry|[eat]
|-activate|p1a: Pawmot|item: Leppa Berry|Revival Blessing|[consumed]
|inactive|ClearBolt has 120 seconds left.
|
|t:|1757833014
|-heal|p1: Glastrier|50/100|[from] move: Revival Blessing
|move|p2a: Meruem|Kowtow Cleave|p1a: Pawmot
|-resisted|p1a: Pawmot
|-damage|p1a: Pawmot|0 fnt
|faint|p1a: Pawmot
|
|-heal|p2a: Meruem|99/100|[from] item: Leftovers
|upkeep
|
|t:|1757833037
|switch|p1a: Glastrier|Glastrier|50/100
|turn|21
|
|t:|1757833042
|move|p2a: Meruem|Iron Head|p1a: Glastrier
|-supereffective|p1a: Glastrier
|-crit|p1a: Glastrier
|-damage|p1a: Glastrier|0 fnt
|faint|p1a: Glastrier
|
|-heal|p2a: Meruem|100/100|[from] item: Leftovers
|upkeep
|
|t:|1757833048
|switch|p1a: Enamorus|Enamorus, F|24/100
|turn|22
|
|t:|1757833055
|move|p2a: Meruem|Sucker Punch||[still]
|-fail|p2a: Meruem
|move|p1a: Enamorus|Healing Wish|p1a: Enamorus
|faint|p1a: Enamorus
|
|upkeep
|
|t:|1757833059
|switch|p1a: Kyurem|Kyurem|55/100 psn
|-heal|p1a: Kyurem|100/100|[from] move: Healing Wish
|-status|p1a: Kyurem|psn
|-ability|p1a: Kyurem|Pressure
|turn|23
|
|t:|1757833069
|-terastallize|p1a: Kyurem|Water
|move|p1a: Kyurem|Ice Beam|p2a: Meruem
|-damage|p2a: Meruem|49/100
|move|p2a: Meruem|Iron Head|p1a: Kyurem
|-resisted|p1a: Kyurem
|-damage|p1a: Kyurem|25/100 psn
|
|-heal|p2a: Meruem|55/100|[from] item: Leftovers
|-damage|p1a: Kyurem|13/100 psn|[from] psn
|upkeep
|turn|24
|
|t:|1757833076
|move|p2a: Meruem|Sucker Punch|p1a: Kyurem
|-damage|p1a: Kyurem|0 fnt
|faint|p1a: Kyurem
|
|win|JumhuriyatKalostan
|raw|ClearBolt's rating: 1401 &rarr; <strong>1382</strong><br />(-19 for losing)
|raw|JumhuriyatKalostan's rating: 1422 &rarr; <strong>1441</strong><br />(+19 for winning)
|l|☆ClearBolt
|player|p1|
|l|☆JumhuriyatKalostan
|player|p2|
