|j|☆Mixster23
|j|☆chongtong
|t:|1757842276
|gametype|singles
|player|p1|Mixster23|101|1408
|player|p2|chongtong|169|1350
|gen|9
|tier|[Gen 9] OU
|rated|
|rule|HP Percentage Mod: HP is shown in percentages
|rule|Endless Battle Clause: Forcing endless battles is banned
|rule|Species Clause: Limit one of each Pokémon
|rule|OHKO Clause: OHKO moves are banned
|rule|Evasion Items Clause: Evasion items are banned
|rule|Evasion Moves Clause: Evasion moves are banned
|rule|Evasion Abilities Clause: Evasion abilities are banned
|rule|Sleep Moves Clause: Sleep-inducing moves are banned
|clearpoke
|poke|p1|Hippowdon, F|
|poke|p1|Garganacl, M|
|poke|p1|Ogerpon-Wellspring, F|
|poke|p1|Dragapult, M|
|poke|p1|Corviknight, F|
|poke|p1|Gastrodon-East, F|
|poke|p2|Dragonite, M|
|poke|p2|Garchomp, F|
|poke|p2|Excadrill, F|
|poke|p2|Latios, M|
|poke|p2|Tyranitar, M|
|poke|p2|Salamence, F|
|teampreview
|
|t:|1757842315
|teamsize|p1|6
|teamsize|p2|6
|start
|switch|p1a: Dragapult|Dragapult, M, shiny|100/100
|switch|p2a: Garchomp|Garchomp, F, shiny|100/100
|turn|1
|
|t:|1757842320
|-terastallize|p2a: Garchomp|Steel
|move|p1a: Dragapult|Will-O-Wisp|p2a: Garchomp
|-status|p2a: Garchomp|brn
|move|p2a: Garchomp|Stealth Rock|p1a: Dragapult
|-sidestart|p1: Mixster23|move: Stealth Rock
|
|-damage|p2a: Garchomp|94/100 brn|[from] brn
|upkeep
|turn|2
|
|t:|1757842328
|switch|p2a: Tyranitar|Tyranitar, M, shiny|100/100
|-weather|Sandstorm|[from] ability: Sand Stream|[of] p2a: Tyranitar
|move|p1a: Dragapult|Hex|p2a: Tyranitar
|-resisted|p2a: Tyranitar
|-damage|p2a: Tyranitar|93/100
|
|-weather|Sandstorm|[upkeep]
|-damage|p1a: Dragapult|95/100|[from] Sandstorm
|upkeep
|turn|3
|
|t:|1757842331
|move|p1a: Dragapult|U-turn|p2a: Tyranitar
|-supereffective|p2a: Tyranitar
|-damage|p2a: Tyranitar|64/100
|
|t:|1757842335
|switch|p1a: Hippowdon|Hippowdon, F|100/100|[from] U-turn
|move|p2a: Tyranitar|Knock Off|p1a: Hippowdon
|-damage|p1a: Hippowdon|55/100
|-enditem|p1a: Hippowdon|Heavy-Duty Boots|[from] move: Knock Off|[of] p2a: Tyranitar
|
|-weather|Sandstorm|[upkeep]
|upkeep
|turn|4
|
|t:|1757842343
|switch|p2a: Dragonite|Dragonite, M|100/100
|move|p1a: Hippowdon|Slack Off|p1a: Hippowdon
|-heal|p1a: Hippowdon|100/100
|
|-weather|Sandstorm|[upkeep]
|-damage|p2a: Dragonite|94/100|[from] Sandstorm
|upkeep
|turn|5
|
|t:|1757842354
|switch|p1a: Dragapult|Dragapult, M, shiny|95/100
|move|p2a: Dragonite|Roost|p2a: Dragonite
|-heal|p2a: Dragonite|100/100
|-singleturn|p2a: Dragonite|move: Roost
|
|-weather|Sandstorm|[upkeep]
|-damage|p1a: Dragapult|89/100|[from] Sandstorm
|-damage|p2a: Dragonite|94/100|[from] Sandstorm
|upkeep
|turn|6
|
|t:|1757842357
|move|p1a: Dragapult|Dragon Darts|p2a: Dragonite
|-supereffective|p2a: Dragonite
|-damage|p2a: Dragonite|63/100
|-anim|p1a: Dragapult|Dragon Darts|p2a: Dragonite
|-supereffective|p2a: Dragonite
|-crit|p2a: Dragonite
|-damage|p2a: Dragonite|22/100
|move|p2a: Dragonite|Thunder Wave|p1a: Dragapult
|-status|p1a: Dragapult|par
|
|-weather|none
|upkeep
|turn|7
|
|t:|1757842371
|switch|p2a: Garchomp|Garchomp, F, shiny, tera:Steel|94/100 brn
|move|p1a: Dragapult|Dragon Darts|p2a: Garchomp
|-resisted|p2a: Garchomp
|-damage|p2a: Garchomp|84/100 brn
|-anim|p1a: Dragapult|Dragon Darts|p2a: Garchomp
|-resisted|p2a: Garchomp
|-damage|p2a: Garchomp|74/100 brn
|
|-damage|p2a: Garchomp|68/100 brn|[from] brn
|upkeep
|turn|8
|
|t:|1757842378
|switch|p1a: Corviknight|Corviknight, F, shiny|100/100
|-damage|p1a: Corviknight|88/100|[from] Stealth Rock
|-ability|p1a: Corviknight|Pressure
|move|p2a: Garchomp|Iron Head|p1a: Corviknight
|-resisted|p1a: Corviknight
|-damage|p1a: Corviknight|79/100
|-damage|p2a: Garchomp|52/100 brn|[from] item: Rocky Helmet|[of] p1a: Corviknight
|-damage|p2a: Garchomp|42/100 brn|[from] item: Life Orb
|
|-damage|p2a: Garchomp|36/100 brn|[from] brn
|upkeep
|turn|9
|
|t:|1757842382
|switch|p2a: Dragonite|Dragonite, M|22/100
|move|p1a: Corviknight|Defog|p2a: Dragonite
|-unboost|p2a: Dragonite|evasion|1
|-sideend|p1: Mixster23|Stealth Rock|[from] move: Defog|[of] p1a: Corviknight
|
|upkeep
|turn|10
|
|t:|1757842386
|switch|p1a: Gastrodon|Gastrodon-East, F, shiny|100/100
|move|p2a: Dragonite|Roost|p2a: Dragonite
|-heal|p2a: Dragonite|72/100
|-singleturn|p2a: Dragonite|move: Roost
|
|upkeep
|turn|11
|
|t:|1757842389
|move|p2a: Dragonite|Roost|p2a: Dragonite
|-heal|p2a: Dragonite|100/100
|-singleturn|p2a: Dragonite|move: Roost
|move|p1a: Gastrodon|Ice Beam|p2a: Dragonite
|-supereffective|p2a: Dragonite
|-damage|p2a: Dragonite|82/100
|
|upkeep
|turn|12
|
|t:|1757842394
|switch|p2a: Tyranitar|Tyranitar, M, shiny|64/100
|-weather|Sandstorm|[from] ability: Sand Stream|[of] p2a: Tyranitar
|move|p1a: Gastrodon|Spikes|p2a: Tyranitar
|-sidestart|p2: chongtong|Spikes
|
|-weather|Sandstorm|[upkeep]
|upkeep
|turn|13
|
|t:|1757842398
|switch|p1a: Hippowdon|Hippowdon, F|100/100
|move|p2a: Tyranitar|Knock Off|p1a: Hippowdon
|-damage|p1a: Hippowdon|69/100
|
|-weather|Sandstorm|[upkeep]
|upkeep
|turn|14
|
|t:|1757842407
|switch|p2a: Dragonite|Dragonite, M|82/100
|move|p1a: Hippowdon|Stealth Rock|p2a: Dragonite
|-sidestart|p2: chongtong|move: Stealth Rock
|
|-weather|Sandstorm|[upkeep]
|-damage|p2a: Dragonite|76/100|[from] Sandstorm
|upkeep
|turn|15
|
|t:|1757842413
|move|p2a: Dragonite|Roost|p2a: Dragonite
|-heal|p2a: Dragonite|100/100
|-singleturn|p2a: Dragonite|move: Roost
|move|p1a: Hippowdon|Slack Off|p1a: Hippowdon
|-heal|p1a: Hippowdon|100/100
|
|-weather|Sandstorm|[upkeep]
|-damage|p2a: Dragonite|94/100|[from] Sandstorm
|upkeep
|turn|16
|
|t:|1757842415
|switch|p2a: Excadrill|Excadrill, F, shiny|100/100
|-damage|p2a: Excadrill|88/100|[from] Spikes
|-damage|p2a: Excadrill|85/100|[from] Stealth Rock
|move|p1a: Hippowdon|Whirlwind|p2a: Excadrill
|drag|p2a: Salamence|Salamence, F|100/100
|-damage|p2a: Salamence|75/100|[from] Stealth Rock
|
|-weather|none
|upkeep
|turn|17
|
|t:|1757842424
|switch|p1a: Gastrodon|Gastrodon-East, F, shiny|100/100
|move|p2a: Salamence|Hydro Pump|p1a: Gastrodon|[miss]
|-miss|p2a: Salamence|p1a: Gastrodon
|
|upkeep
|turn|18
|
|t:|1757842433
|move|p2a: Salamence|Draco Meteor|p1a: Gastrodon
|-damage|p1a: Gastrodon|52/100
|-unboost|p2a: Salamence|spa|2
|-damage|p2a: Salamence|66/100|[from] item: Life Orb
|move|p1a: Gastrodon|Ice Beam|p2a: Salamence
|-supereffective|p2a: Salamence
|-damage|p2a: Salamence|0 fnt
|faint|p2a: Salamence
|
|upkeep
|
|t:|1757842448
|switch|p2a: Excadrill|Excadrill, F, shiny|85/100
|-damage|p2a: Excadrill|73/100|[from] Spikes
|-damage|p2a: Excadrill|70/100|[from] Stealth Rock
|turn|19
|
|t:|1757842454
|switch|p1a: Corviknight|Corviknight, F, shiny|79/100
|-ability|p1a: Corviknight|Pressure
|move|p2a: Excadrill|Rapid Spin|p1a: Corviknight
|-resisted|p1a: Corviknight
|-damage|p1a: Corviknight|72/100
|-boost|p2a: Excadrill|spe|1
|-damage|p2a: Excadrill|53/100|[from] item: Rocky Helmet|[of] p1a: Corviknight
|-sideend|p2: chongtong|Spikes|[from] move: Rapid Spin|[of] p2a: Excadrill
|-sideend|p2: chongtong|Stealth Rock|[from] move: Rapid Spin|[of] p2a: Excadrill
|-damage|p2a: Excadrill|43/100|[from] item: Life Orb
|
|upkeep
|turn|20
|
|t:|1757842460
|switch|p2a: Dragonite|Dragonite, M|94/100
|move|p1a: Corviknight|Roost|p1a: Corviknight
|-heal|p1a: Corviknight|100/100
|-singleturn|p1a: Corviknight|move: Roost
|
|upkeep
|turn|21
|
|t:|1757842467
|switch|p1a: Hippowdon|Hippowdon, F|100/100
|-weather|Sandstorm|[from] ability: Sand Stream|[of] p1a: Hippowdon
|move|p2a: Dragonite|Fire Spin|p1a: Hippowdon|[miss]
|-miss|p2a: Dragonite|p1a: Hippowdon
|
|-weather|Sandstorm|[upkeep]
|-damage|p2a: Dragonite|88/100|[from] Sandstorm
|upkeep
|turn|22
|
|t:|1757842487
|switch|p2a: Excadrill|Excadrill, F, shiny|43/100
|move|p1a: Hippowdon|Stealth Rock|p2a: Excadrill
|-sidestart|p2: chongtong|move: Stealth Rock
|
|-weather|Sandstorm|[upkeep]
|upkeep
|turn|23
|
|t:|1757842492
|move|p2a: Excadrill|Earthquake|p1a: Hippowdon
|-damage|p1a: Hippowdon|64/100
|-damage|p2a: Excadrill|33/100|[from] item: Life Orb
|move|p1a: Hippowdon|Earthquake|p2a: Excadrill
|-supereffective|p2a: Excadrill
|-damage|p2a: Excadrill|0 fnt
|faint|p2a: Excadrill
|
|-weather|Sandstorm|[upkeep]
|upkeep
|
|t:|1757842497
|switch|p2a: Latios|Latios, M, shiny|100/100
|-damage|p2a: Latios|88/100|[from] Stealth Rock
|turn|24
|
|t:|1757842508
|switch|p1a: Dragapult|Dragapult, M, shiny|89/100 par
|move|p2a: Latios|Flip Turn|p1a: Dragapult
|-resisted|p1a: Dragapult
|-damage|p1a: Dragapult|81/100 par
|
|t:|1757842511
|switch|p2a: Dragonite|Dragonite, M|88/100|[from] Flip Turn
|-damage|p2a: Dragonite|63/100|[from] Stealth Rock
|
|-weather|Sandstorm|[upkeep]
|-damage|p1a: Dragapult|75/100 par|[from] Sandstorm
|-damage|p2a: Dragonite|57/100|[from] Sandstorm
|upkeep
|turn|25
|
|t:|1757842515
|cant|p1a: Dragapult|par
|move|p2a: Dragonite|Roost|p2a: Dragonite
|-heal|p2a: Dragonite|100/100
|-singleturn|p2a: Dragonite|move: Roost
|
|-weather|none
|upkeep
|turn|26
|
|t:|1757842519
|move|p1a: Dragapult|Will-O-Wisp|p2a: Dragonite
|-status|p2a: Dragonite|brn
|move|p2a: Dragonite|Fire Spin|p1a: Dragapult|[miss]
|-miss|p2a: Dragonite|p1a: Dragapult
|
|-damage|p2a: Dragonite|94/100 brn|[from] brn
|upkeep
|turn|27
|
|t:|1757842525
|move|p1a: Dragapult|Hex|p2a: Dragonite
|-damage|p2a: Dragonite|48/100 brn
|move|p2a: Dragonite|Fire Spin|p1a: Dragapult
|-resisted|p1a: Dragapult
|-damage|p1a: Dragapult|70/100 par
|-activate|p1a: Dragapult|move: Fire Spin|[of] p2a: Dragonite
|
|-damage|p2a: Dragonite|42/100 brn|[from] brn
|-damage|p1a: Dragapult|58/100 par|[from] move: Fire Spin|[partiallytrapped]
|upkeep
|turn|28
|
|t:|1757842529
|move|p1a: Dragapult|Hex|p2a: Dragonite
|-damage|p2a: Dragonite|0 fnt
|faint|p2a: Dragonite
|
|-end|p1a: Dragapult|Fire Spin|[partiallytrapped]|[silent]
|upkeep
|
|t:|1757842531
|switch|p2a: Latios|Latios, M, shiny|88/100
|-damage|p2a: Latios|76/100|[from] Stealth Rock
|turn|29
|
|t:|1757842537
|move|p2a: Latios|Shadow Ball|p1a: Dragapult
|-supereffective|p1a: Dragapult
|-damage|p1a: Dragapult|0 fnt
|faint|p1a: Dragapult
|
|upkeep
|
|t:|1757842541
|switch|p1a: Garganacl|Garganacl, M, shiny|100/100
|turn|30
|
|t:|1757842544
|move|p2a: Latios|Shadow Ball|p1a: Garganacl
|-damage|p1a: Garganacl|91/100
|move|p1a: Garganacl|Salt Cure|p2a: Latios
|-damage|p2a: Latios|56/100
|-start|p2a: Latios|Salt Cure
|
|-heal|p1a: Garganacl|97/100|[from] item: Leftovers
|-damage|p2a: Latios|44/100|[from] Salt Cure
|upkeep
|turn|31
|
|t:|1757842548
|switch|p2a: Tyranitar|Tyranitar, M, shiny|64/100
|-damage|p2a: Tyranitar|52/100|[from] Stealth Rock
|-weather|Sandstorm|[from] ability: Sand Stream|[of] p2a: Tyranitar
|move|p1a: Garganacl|Avalanche|p2a: Tyranitar
|-damage|p2a: Tyranitar|40/100
|
|-weather|Sandstorm|[upkeep]
|-heal|p1a: Garganacl|100/100|[from] item: Leftovers
|upkeep
|turn|32
|
|t:|1757842552
|switch|p1a: Hippowdon|Hippowdon, F|64/100
|move|p2a: Tyranitar|Earthquake|p1a: Hippowdon
|-damage|p1a: Hippowdon|32/100
|
|-weather|Sandstorm|[upkeep]
|upkeep
|turn|33
|
|t:|1757842555
|move|p2a: Tyranitar|Earthquake|p1a: Hippowdon
|-damage|p1a: Hippowdon|0 fnt
|faint|p1a: Hippowdon
|
|-weather|Sandstorm|[upkeep]
|upkeep
|
|t:|1757842558
|switch|p1a: Ogerpon|Ogerpon-Wellspring, F|100/100
|turn|34
|
|t:|1757842563
|move|p1a: Ogerpon|Ivy Cudgel|p2a: Tyranitar|[anim] Ivy Cudgel Water
|-supereffective|p2a: Tyranitar
|-damage|p2a: Tyranitar|0 fnt
|faint|p2a: Tyranitar
|
|-weather|Sandstorm|[upkeep]
|-damage|p1a: Ogerpon|95/100|[from] Sandstorm
|upkeep
|
|t:|1757842565
|switch|p2a: Latios|Latios, M, shiny|44/100
|-damage|p2a: Latios|32/100|[from] Stealth Rock
|turn|35
|
|t:|1757842574
|switch|p1a: Garganacl|Garganacl, M, shiny|100/100
|move|p2a: Latios|Draco Meteor|p1a: Garganacl
|-crit|p1a: Garganacl
|-damage|p1a: Garganacl|55/100
|-unboost|p2a: Latios|spa|2
|
|-weather|none
|-heal|p1a: Garganacl|61/100|[from] item: Leftovers
|upkeep
|turn|36
|-message|chongtong forfeited.
|
|win|Mixster23
|raw|Mixster23's rating: 1408 &rarr; <strong>1425</strong><br />(+17 for winning)
|raw|chongtong's rating: 1350 &rarr; <strong>1333</strong><br />(-17 for losing)
|l|☆chongtong
|player|p2|
|l|☆Mixster23
|player|p1|
