|j|☆the goobchamponing
|j|☆Snackiesss
|t:|1757866869
|gametype|singles
|player|p1|the goobchamponing|koga|1494
|player|p2|Snackiesss|sonia-masters|1523
|gen|9
|tier|[Gen 9] OU
|rated|
|rule|HP Percentage Mod: HP is shown in percentages
|rule|Endless Battle Clause: Forcing endless battles is banned
|rule|Species Clause: Limit one of each Pokémon
|rule|OHKO Clause: OHKO moves are banned
|rule|Evasion Items Clause: Evasion items are banned
|rule|Evasion Moves Clause: Evasion moves are banned
|rule|Evasion Abilities Clause: Evasion abilities are banned
|rule|Sleep Moves Clause: Sleep-inducing moves are banned
|clearpoke
|poke|p1|Ting-Lu|
|poke|p1|Ogerpon-Wellspring, F|
|poke|p1|Gholdengo|
|poke|p1|Moltres|
|poke|p1|Primarina, M|
|poke|p1|Dragonite, F|
|poke|p2|Landorus-Therian, M|
|poke|p2|Samurott-Hisui, F|
|poke|p2|Pecharunt|
|poke|p2|Scizor, M|
|poke|p2|Latios, M|
|poke|p2|Zamazenta-*|
|teampreview
|inactive|Battle timer is ON: inactive players will automatically lose when time's up. (requested by Snackiesss)
|inactive|the goobchamponing also wants the timer to be on.
|inactive|Snackiesss has 120 seconds left.
|
|t:|1757866901
|teamsize|p1|6
|teamsize|p2|6
|start
|switch|p1a: Ogerpon|Ogerpon-Wellspring, F|100/100
|switch|p2a: Pecharunt|Pecharunt|100/100
|turn|1
|
|t:|1757866904
|switch|p1a: Ting-Lu|Ting-Lu|100/100
|-ability|p1a: Ting-Lu|Vessel of Ruin
|move|p2a: Pecharunt|Malignant Chain|p1a: Ting-Lu
|-resisted|p1a: Ting-Lu
|-damage|p1a: Ting-Lu|94/100
|
|-heal|p1a: Ting-Lu|99/100|[from] item: Leftovers
|upkeep
|turn|2
|
|t:|1757866912
|move|p2a: Pecharunt|Malignant Chain|p1a: Ting-Lu
|-resisted|p1a: Ting-Lu
|-damage|p1a: Ting-Lu|93/100
|-status|p1a: Ting-Lu|tox
|-start|p1a: Ting-Lu|confusion|[from] ability: Poison Puppeteer|[of] p2a: Pecharunt
|-activate|p1a: Ting-Lu|confusion
|move|p1a: Ting-Lu|Stealth Rock|p2a: Pecharunt
|-sidestart|p2: Snackiesss|move: Stealth Rock
|
|-heal|p1a: Ting-Lu|99/100 tox|[from] item: Leftovers
|-damage|p1a: Ting-Lu|93/100 tox|[from] psn
|upkeep
|turn|3
|
|t:|1757866917
|move|p2a: Pecharunt|Parting Shot|p1a: Ting-Lu
|-unboost|p1a: Ting-Lu|atk|1
|-unboost|p1a: Ting-Lu|spa|1
|
|t:|1757866919
|switch|p2a: Landorus|Landorus-Therian, M|100/100|[from] Parting Shot
|-damage|p2a: Landorus|88/100|[from] Stealth Rock
|-ability|p2a: Landorus|Intimidate|boost
|-unboost|p1a: Ting-Lu|atk|1
|-activate|p1a: Ting-Lu|confusion
|move|p1a: Ting-Lu|Ruination|p2a: Landorus
|-damage|p2a: Landorus|44/100
|
|-heal|p1a: Ting-Lu|99/100 tox|[from] item: Leftovers
|-damage|p1a: Ting-Lu|87/100 tox|[from] psn
|upkeep
|turn|4
|
|t:|1757866922
|move|p2a: Landorus|Stealth Rock|p1a: Ting-Lu
|-sidestart|p1: the goobchamponing|move: Stealth Rock
|-activate|p1a: Ting-Lu|confusion
|-damage|p1a: Ting-Lu|84/100 tox|[from] confusion
|
|-heal|p1a: Ting-Lu|90/100 tox|[from] item: Leftovers
|-damage|p1a: Ting-Lu|72/100 tox|[from] psn
|upkeep
|turn|5
|
|t:|1757866935
|move|p2a: Landorus|Earthquake|p1a: Ting-Lu
|-damage|p1a: Ting-Lu|48/100 tox
|-end|p1a: Ting-Lu|confusion
|move|p1a: Ting-Lu|Ruination|p2a: Landorus
|-damage|p2a: Landorus|23/100
|
|-heal|p1a: Ting-Lu|54/100 tox|[from] item: Leftovers
|-damage|p1a: Ting-Lu|29/100 tox|[from] psn
|upkeep
|turn|6
|
|t:|1757866956
|switch|p1a: Ogerpon|Ogerpon-Wellspring, F|100/100
|-damage|p1a: Ogerpon|88/100|[from] Stealth Rock
|move|p2a: Landorus|Earthquake|p1a: Ogerpon
|-resisted|p1a: Ogerpon
|-damage|p1a: Ogerpon|55/100
|
|upkeep
|turn|7
|
|t:|1757866970
|move|p1a: Ogerpon|Ivy Cudgel|p2a: Landorus|[anim] Ivy Cudgel Water
|-supereffective|p2a: Landorus
|-crit|p2a: Landorus
|-damage|p2a: Landorus|0 fnt
|faint|p2a: Landorus
|
|upkeep
|
|t:|1757866994
|switch|p2a: Zamazenta|Zamazenta|100/100
|-damage|p2a: Zamazenta|94/100|[from] Stealth Rock
|-ability|p2a: Zamazenta|Dauntless Shield|boost
|-boost|p2a: Zamazenta|def|1
|turn|8
|
|t:|1757867005
|switch|p2a: Samurott|Samurott-Hisui, F|100/100
|-damage|p2a: Samurott|88/100|[from] Stealth Rock
|switch|p1a: Gholdengo|Gholdengo|100/100
|-damage|p1a: Gholdengo|94/100|[from] Stealth Rock
|
|upkeep
|turn|9
|
|t:|1757867012
|switch|p1a: Primarina|Primarina, M|100/100
|move|p2a: Samurott|Ceaseless Edge|p1a: Primarina
|-resisted|p1a: Primarina
|-damage|p1a: Primarina|78/100
|-sidestart|p1: the goobchamponing|Spikes
|
|upkeep
|turn|10
|
|t:|1757867028
|switch|p2a: Scizor|Scizor, M|100/100
|move|p1a: Primarina|Calm Mind|p1a: Primarina
|-boost|p1a: Primarina|spa|1
|-boost|p1a: Primarina|spd|1
|
|upkeep
|turn|11
|
|t:|1757867033
|move|p2a: Scizor|Bullet Punch|p1a: Primarina
|-damage|p1a: Primarina|49/100
|move|p1a: Primarina|Surf|p2a: Scizor
|-crit|p2a: Scizor
|-damage|p2a: Scizor|0 fnt
|faint|p2a: Scizor
|
|upkeep
|
|t:|1757867039
|switch|p2a: Pecharunt|Pecharunt|100/100
|turn|12
|
|t:|1757867042
|-terastallize|p1a: Primarina|Steel
|move|p2a: Pecharunt|Malignant Chain|p1a: Primarina
|-immune|p1a: Primarina
|move|p1a: Primarina|Calm Mind|p1a: Primarina
|-boost|p1a: Primarina|spa|1
|-boost|p1a: Primarina|spd|1
|
|upkeep
|turn|13
|
|t:|1757867046
|move|p2a: Pecharunt|Parting Shot|p1a: Primarina
|-unboost|p1a: Primarina|atk|1
|-unboost|p1a: Primarina|spa|1
|
|t:|1757867054
|switch|p2a: Zamazenta|Zamazenta|94/100|[from] Parting Shot
|-damage|p2a: Zamazenta|88/100|[from] Stealth Rock
|move|p1a: Primarina|Draining Kiss|p2a: Zamazenta
|-supereffective|p2a: Zamazenta
|-damage|p2a: Zamazenta|34/100
|-heal|p1a: Primarina|90/100|[from] drain|[of] p2a: Zamazenta
|
|-heal|p2a: Zamazenta|40/100|[from] item: Leftovers
|upkeep
|turn|14
|
|t:|1757867066
|-terastallize|p2a: Zamazenta|Fire
|move|p2a: Zamazenta|Body Press|p1a: Primarina
|-supereffective|p1a: Primarina
|-damage|p1a: Primarina|27/100
|move|p1a: Primarina|Surf|p2a: Zamazenta
|-supereffective|p2a: Zamazenta
|-damage|p2a: Zamazenta|0 fnt
|faint|p2a: Zamazenta
|
|upkeep
|
|t:|1757867077
|switch|p2a: Samurott|Samurott-Hisui, F|88/100
|-damage|p2a: Samurott|76/100|[from] Stealth Rock
|turn|15
|
|t:|1757867079
|move|p2a: Samurott|Razor Shell|p1a: Primarina
|-damage|p1a: Primarina|0 fnt
|faint|p1a: Primarina
|
|upkeep
|
|t:|1757867085
|switch|p1a: Ogerpon|Ogerpon-Wellspring, F|55/100
|-damage|p1a: Ogerpon|43/100|[from] Stealth Rock
|-damage|p1a: Ogerpon|31/100|[from] Spikes
|turn|16
|
|t:|1757867095
|switch|p2a: Pecharunt|Pecharunt|100/100
|move|p1a: Ogerpon|Synthesis|p1a: Ogerpon
|-heal|p1a: Ogerpon|81/100
|
|upkeep
|turn|17
|
|t:|1757867098
|switch|p1a: Ting-Lu|Ting-Lu|29/100 tox
|-damage|p1a: Ting-Lu|23/100 tox|[from] Stealth Rock
|-damage|p1a: Ting-Lu|11/100 tox|[from] Spikes
|-ability|p1a: Ting-Lu|Vessel of Ruin
|move|p2a: Pecharunt|Malignant Chain|p1a: Ting-Lu
|-resisted|p1a: Ting-Lu
|-damage|p1a: Ting-Lu|4/100 tox
|
|-heal|p1a: Ting-Lu|10/100 tox|[from] item: Leftovers
|-damage|p1a: Ting-Lu|4/100 tox|[from] psn
|upkeep
|turn|18
|
|t:|1757867102
|move|p2a: Pecharunt|Shadow Ball|p1a: Ting-Lu
|-resisted|p1a: Ting-Lu
|-damage|p1a: Ting-Lu|0 fnt
|faint|p1a: Ting-Lu
|
|upkeep
|
|t:|1757867103
|switch|p1a: Gholdengo|Gholdengo|94/100
|-damage|p1a: Gholdengo|88/100|[from] Stealth Rock
|-damage|p1a: Gholdengo|76/100|[from] Spikes
|turn|19
|
|t:|1757867111
|move|p1a: Gholdengo|Shadow Ball|p2a: Pecharunt
|-supereffective|p2a: Pecharunt
|-damage|p2a: Pecharunt|13/100
|move|p2a: Pecharunt|Shadow Ball|p1a: Gholdengo
|-supereffective|p1a: Gholdengo
|-damage|p1a: Gholdengo|15/100
|-unboost|p1a: Gholdengo|spd|1
|
|upkeep
|turn|20
|
|t:|1757867114
|move|p1a: Gholdengo|Shadow Ball|p2a: Pecharunt
|-supereffective|p2a: Pecharunt
|-damage|p2a: Pecharunt|0 fnt
|faint|p2a: Pecharunt
|
|upkeep
|
|t:|1757867121
|switch|p2a: Latios|Latios, M|100/100
|-damage|p2a: Latios|88/100|[from] Stealth Rock
|turn|21
|
|t:|1757867124
|move|p1a: Gholdengo|Shadow Ball|p2a: Latios
|-supereffective|p2a: Latios
|-damage|p2a: Latios|0 fnt
|faint|p2a: Latios
|
|upkeep
|
|t:|1757867127
|switch|p2a: Samurott|Samurott-Hisui, F|76/100
|-damage|p2a: Samurott|63/100|[from] Stealth Rock
|turn|22
|
|t:|1757867134
|move|p2a: Samurott|Aqua Jet|p1a: Gholdengo
|-damage|p1a: Gholdengo|0 fnt
|faint|p1a: Gholdengo
|
|upkeep
|
|t:|1757867135
|switch|p1a: Dragonite|Dragonite, F|100/100
|-damage|p1a: Dragonite|76/100|[from] Stealth Rock
|turn|23
|
|t:|1757867139
|move|p1a: Dragonite|Extreme Speed|p2a: Samurott
|-damage|p2a: Samurott|26/100
|move|p2a: Samurott|Knock Off|p1a: Dragonite
|-damage|p1a: Dragonite|17/100
|-enditem|p1a: Dragonite|Leftovers|[from] move: Knock Off|[of] p2a: Samurott
|
|upkeep
|turn|24
|
|t:|1757867142
|move|p1a: Dragonite|Extreme Speed|p2a: Samurott
|-damage|p2a: Samurott|0 fnt
|faint|p2a: Samurott
|
|win|the goobchamponing
|raw|the goobchamponing's rating: 1494 &rarr; <strong>1516</strong><br />(+22 for winning)
|raw|Snackiesss's rating: 1523 &rarr; <strong>1501</strong><br />(-22 for losing)
|l|☆Snackiesss
|player|p2|
