|j|☆skibidi but swole
|j|☆NightZero
|t:|1757955622
|gametype|singles
|player|p1|skibidi but swole|swimmer-gen4|1214
|player|p2|NightZero|aaron|1223
|gen|9
|tier|[Gen 9] OU
|rated|
|rule|HP Percentage Mod: HP is shown in percentages
|rule|Endless Battle Clause: Forcing endless battles is banned
|rule|Species Clause: Limit one of each Pokémon
|rule|OHKO Clause: OHKO moves are banned
|rule|Evasion Items Clause: Evasion items are banned
|rule|Evasion Moves Clause: Evasion moves are banned
|rule|Evasion Abilities Clause: Evasion abilities are banned
|rule|Sleep Moves Clause: Sleep-inducing moves are banned
|clearpoke
|poke|p1|Arcanine-Hisui, M|
|poke|p1|Frosmoth, M|
|poke|p1|Quaquaval, F|
|poke|p1|Landorus-Therian, M|
|poke|p1|Alomomola, F|
|poke|p1|Iron Valiant|
|poke|p2|Ursaluna, M|
|poke|p2|Moltres|
|poke|p2|Iron Boulder|
|poke|p2|Garganacl, F|
|poke|p2|Lokix, M|
|poke|p2|Vespiquen, F|
|teampreview
|inactive|Battle timer is ON: inactive players will automatically lose when time's up. (requested by NightZero)
|
|t:|1757955637
|teamsize|p1|6
|teamsize|p2|6
|start
|switch|p1a: Landorus|Landorus-Therian, M|100/100
|switch|p2a: Ursaluna|Ursaluna, M|100/100
|-ability|p1a: Landorus|Intimidate|boost
|-unboost|p2a: Ursaluna|atk|1
|turn|1
|
|t:|1757955658
|switch|p2a: Moltres|Moltres|100/100
|move|p1a: Landorus|Taunt|p2a: Moltres
|-start|p2a: Moltres|move: Taunt
|
|upkeep
|turn|2
|
|t:|1757955667
|move|p1a: Landorus|Stealth Rock|p2a: Moltres
|-sidestart|p2: NightZero|move: Stealth Rock
|move|p2a: Moltres|Flamethrower|p1a: Landorus
|-damage|p1a: Landorus|51/100
|
|upkeep
|turn|3
|
|t:|1757955673
|switch|p1a: Alomomola|Alomomola, F|100/100
|move|p2a: Moltres|Flamethrower|p1a: Alomomola
|-resisted|p1a: Alomomola
|-damage|p1a: Alomomola|91/100
|
|-end|p2a: Moltres|move: Taunt
|upkeep
|turn|4
|
|t:|1757955683
|move|p2a: Moltres|U-turn|p1a: Alomomola
|-damage|p1a: Alomomola|81/100
|
|t:|1757955691
|switch|p2a: Vespiquen|Vespiquen, F, shiny|100/100|[from] U-turn
|-ability|p2a: Vespiquen|Pressure
|move|p1a: Alomomola|Flip Turn|p2a: Vespiquen
|-damage|p2a: Vespiquen|86/100
|
|t:|1757955699
|switch|p1a: Frosmoth|Frosmoth, M|100/100|[from] Flip Turn
|
|upkeep
|turn|5
|
|t:|1757955704
|move|p1a: Frosmoth|Quiver Dance|p1a: Frosmoth
|-boost|p1a: Frosmoth|spa|1
|-boost|p1a: Frosmoth|spd|1
|-boost|p1a: Frosmoth|spe|1
|move|p2a: Vespiquen|Toxic|p1a: Frosmoth
|-status|p1a: Frosmoth|tox
|-enditem|p1a: Frosmoth|Lum Berry|[eat]
|-curestatus|p1a: Frosmoth|tox|[msg]
|
|upkeep
|turn|6
|
|t:|1757955713
|move|p1a: Frosmoth|Ice Beam|p2a: Vespiquen
|-supereffective|p2a: Vespiquen
|-damage|p2a: Vespiquen|0 fnt
|faint|p2a: Vespiquen
|
|upkeep
|
|t:|1757955721
|switch|p2a: Moltres|Moltres|100/100
|turn|7
|
|t:|1757955725
|move|p1a: Frosmoth|Quiver Dance|p1a: Frosmoth
|-boost|p1a: Frosmoth|spa|1
|-boost|p1a: Frosmoth|spd|1
|-boost|p1a: Frosmoth|spe|1
|move|p2a: Moltres|Flamethrower|p1a: Frosmoth
|-supereffective|p1a: Frosmoth
|-damage|p1a: Frosmoth|51/100
|
|upkeep
|turn|8
|
|t:|1757955734
|move|p1a: Frosmoth|Quiver Dance|p1a: Frosmoth
|-boost|p1a: Frosmoth|spa|1
|-boost|p1a: Frosmoth|spd|1
|-boost|p1a: Frosmoth|spe|1
|move|p2a: Moltres|Flamethrower|p1a: Frosmoth
|-supereffective|p1a: Frosmoth
|-damage|p1a: Frosmoth|7/100
|
|upkeep
|turn|9
|
|t:|1757955742
|move|p1a: Frosmoth|Ice Beam|p2a: Moltres
|-damage|p2a: Moltres|0 fnt
|faint|p2a: Moltres
|
|upkeep
|
|t:|1757955746
|switch|p2a: Lokix|Lokix, M|100/100
|-damage|p2a: Lokix|76/100|[from] Stealth Rock
|turn|10
|
|t:|1757955754
|switch|p1a: Landorus|Landorus-Therian, M|51/100
|-ability|p1a: Landorus|Intimidate|boost
|-unboost|p2a: Lokix|atk|1
|move|p2a: Lokix|First Impression|p1a: Landorus
|-resisted|p1a: Landorus
|-damage|p1a: Landorus|9/100
|-damage|p2a: Lokix|59/100|[from] item: Rocky Helmet|[of] p1a: Landorus
|
|upkeep
|turn|11
|
|t:|1757955764
|switch|p2a: Ursaluna|Ursaluna, M|100/100
|-damage|p2a: Ursaluna|94/100|[from] Stealth Rock
|move|p1a: Landorus|U-turn|p2a: Ursaluna
|-damage|p2a: Ursaluna|80/100
|
|t:|1757955773
|switch|p1a: Iron Valiant|Iron Valiant|100/100|[from] U-turn
|-enditem|p1a: Iron Valiant|Booster Energy
|-activate|p1a: Iron Valiant|ability: Quark Drive|[fromitem]
|-start|p1a: Iron Valiant|quarkdrivespe
|
|-status|p2a: Ursaluna|brn|[from] item: Flame Orb
|upkeep
|turn|12
|
|t:|1757955781
|move|p1a: Iron Valiant|Swords Dance|p1a: Iron Valiant
|-boost|p1a: Iron Valiant|atk|2
|move|p2a: Ursaluna|Facade|p1a: Iron Valiant
|-damage|p1a: Iron Valiant|0 fnt
|faint|p1a: Iron Valiant
|-end|p1a: Iron Valiant|Quark Drive|[silent]
|
|-damage|p2a: Ursaluna|74/100 brn|[from] brn
|upkeep
|
|t:|1757955791
|switch|p1a: Landorus|Landorus-Therian, M|9/100
|-ability|p1a: Landorus|Intimidate|boost
|-unboost|p2a: Ursaluna|atk|1
|turn|13
|
|t:|1757955795
|move|p1a: Landorus|U-turn|p2a: Ursaluna
|-damage|p2a: Ursaluna|58/100 brn
|
|t:|1757955803
|switch|p1a: Arcanine|Arcanine-Hisui, M|100/100|[from] U-turn
|move|p2a: Ursaluna|Facade|p1a: Arcanine
|-resisted|p1a: Arcanine
|-damage|p1a: Arcanine|47/100
|
|-damage|p2a: Ursaluna|52/100 brn|[from] brn
|upkeep
|turn|14
|
|t:|1757955812
|switch|p1a: Landorus|Landorus-Therian, M|9/100
|-ability|p1a: Landorus|Intimidate|boost
|-unboost|p2a: Ursaluna|atk|1
|move|p2a: Ursaluna|Headlong Rush|p1a: Landorus
|-immune|p1a: Landorus
|
|-damage|p2a: Ursaluna|46/100 brn|[from] brn
|upkeep
|turn|15
|
|t:|1757955824
|switch|p2a: Lokix|Lokix, M|59/100
|-damage|p2a: Lokix|34/100|[from] Stealth Rock
|move|p1a: Landorus|Earthquake|p2a: Lokix
|-resisted|p2a: Lokix
|-damage|p2a: Lokix|0 fnt
|faint|p2a: Lokix
|
|upkeep
|
|t:|1757955832
|switch|p2a: Ursaluna|Ursaluna, M|46/100 brn
|-damage|p2a: Ursaluna|40/100 brn|[from] Stealth Rock
|turn|16
|
|t:|1757955838
|move|p1a: Landorus|Earthquake|p2a: Ursaluna
|-damage|p2a: Ursaluna|5/100 brn
|move|p2a: Ursaluna|Facade|p1a: Landorus
|-damage|p1a: Landorus|0 fnt
|-damage|p2a: Ursaluna|0 fnt|[from] item: Rocky Helmet|[of] p1a: Landorus
|faint|p1a: Landorus
|faint|p2a: Ursaluna
|
|upkeep
|
|t:|1757955860
|switch|p1a: Frosmoth|Frosmoth, M|7/100
|switch|p2a: Garganacl|Garganacl, F|100/100
|turn|17
|
|t:|1757955872
|switch|p1a: Alomomola|Alomomola, F|100/100
|move|p2a: Garganacl|Salt Cure|p1a: Alomomola
|-damage|p1a: Alomomola|90/100
|-start|p1a: Alomomola|Salt Cure
|
|-damage|p1a: Alomomola|65/100|[from] Salt Cure
|upkeep
|turn|18
|
|t:|1757955877
|move|p1a: Alomomola|Flip Turn|p2a: Garganacl
|-supereffective|p2a: Garganacl
|-damage|p2a: Garganacl|83/100
|
|t:|1757955880
|switch|p1a: Quaquaval|Quaquaval, F|100/100|[from] Flip Turn
|move|p2a: Garganacl|Iron Defense|p2a: Garganacl
|-boost|p2a: Garganacl|def|2
|
|upkeep
|turn|19
|
|t:|1757955885
|move|p1a: Quaquaval|Encore|p2a: Garganacl
|-start|p2a: Garganacl|Encore
|move|p2a: Garganacl|Iron Defense|p2a: Garganacl
|-boost|p2a: Garganacl|def|2
|
|upkeep
|turn|20
|
|t:|1757955889
|move|p1a: Quaquaval|Aqua Step|p2a: Garganacl
|-supereffective|p2a: Garganacl
|-damage|p2a: Garganacl|69/100
|-boost|p1a: Quaquaval|spe|1
|move|p2a: Garganacl|Iron Defense|p2a: Garganacl
|-boost|p2a: Garganacl|def|2
|
|upkeep
|turn|21
|
|t:|1757955895
|move|p1a: Quaquaval|Aqua Step|p2a: Garganacl
|-supereffective|p2a: Garganacl
|-damage|p2a: Garganacl|59/100
|-boost|p1a: Quaquaval|spe|1
|move|p2a: Garganacl|Iron Defense|p2a: Garganacl
|-boost|p2a: Garganacl|def|0
|
|-end|p2a: Garganacl|Encore
|upkeep
|turn|22
|
|t:|1757955901
|move|p1a: Quaquaval|Aqua Step|p2a: Garganacl
|-supereffective|p2a: Garganacl
|-damage|p2a: Garganacl|50/100
|-boost|p1a: Quaquaval|spe|1
|move|p2a: Garganacl|Recover|p2a: Garganacl
|-heal|p2a: Garganacl|99/100
|
|upkeep
|turn|23
|
|t:|1757955907
|move|p1a: Quaquaval|Encore|p2a: Garganacl
|-start|p2a: Garganacl|Encore
|move|p2a: Garganacl|Recover|p2a: Garganacl
|-heal|p2a: Garganacl|100/100
|
|upkeep
|turn|24
|
|t:|1757955918
|move|p1a: Quaquaval|Aqua Step|p2a: Garganacl
|-supereffective|p2a: Garganacl
|-damage|p2a: Garganacl|90/100
|-boost|p1a: Quaquaval|spe|1
|move|p2a: Garganacl|Recover|p2a: Garganacl
|-heal|p2a: Garganacl|100/100
|
|upkeep
|turn|25
|c|☆skibidi but swole|Fucking pressed wrong button :(
|-message|skibidi but swole forfeited.
|
|win|NightZero
|raw|skibidi but swole's rating: 1214 &rarr; <strong>1190</strong><br />(-24 for losing)
|raw|NightZero's rating: 1223 &rarr; <strong>1247</strong><br />(+24 for winning)
|l|☆skibidi but swole
|player|p1|
|l|☆NightZero
|player|p2|
