|j|☆CopiumBathTub
|j|☆mathismathin
|t:|1757786258
|gametype|singles
|player|p1|CopiumBathTub|psychic-gen4|1714
|player|p2|mathismathin|hilbert|1730
|gen|9
|tier|[Gen 9] OU
|rated|
|rule|HP Percentage Mod: HP is shown in percentages
|rule|Endless Battle Clause: Forcing endless battles is banned
|rule|Species Clause: Limit one of each Pokémon
|rule|OHKO Clause: OHKO moves are banned
|rule|Evasion Items Clause: Evasion items are banned
|rule|Evasion Moves Clause: Evasion moves are banned
|rule|Evasion Abilities Clause: Evasion abilities are banned
|rule|Sleep Moves Clause: Sleep-inducing moves are banned
|clearpoke
|poke|p1|Meowscarada, M|
|poke|p1|Gholdengo|
|poke|p1|Scizor, F|
|poke|p1|Ting-Lu|
|poke|p1|Kyurem|
|poke|p1|Great Tusk|
|poke|p2|Abomasnow, F|
|poke|p2|Garchomp, F|
|poke|p2|Mesprit|
|poke|p2|Manaphy|
|poke|p2|Weavile, F|
|poke|p2|Porygon-Z|
|teampreview
|j| IM AT MY LIMIT
|
|t:|1757786274
|teamsize|p1|6
|teamsize|p2|6
|start
|switch|p1a: Meowscarada|Meowscarada, M|100/100
|switch|p2a: Abomasnow|Abomasnow, F|100/100
|-weather|Snowscape|[from] ability: Snow Warning|[of] p2a: Abomasnow
|turn|1
|
|t:|1757786277
|move|p1a: Meowscarada|Knock Off|p2a: Abomasnow
|-start|p1a: Meowscarada|typechange|Dark|[from] ability: Protean
|-damage|p2a: Abomasnow|69/100
|-enditem|p2a: Abomasnow|Light Clay|[from] move: Knock Off|[of] p1a: Meowscarada
|move|p2a: Abomasnow|Aurora Veil|p2a: Abomasnow
|-sidestart|p2: mathismathin|move: Aurora Veil
|
|-weather|Snowscape|[upkeep]
|upkeep
|turn|2
|
|t:|1757786284
|switch|p1a: Gholdengo|Gholdengo|100/100
|-item|p1a: Gholdengo|Air Balloon
|switch|p2a: Garchomp|Garchomp, F|100/100
|
|-weather|Snowscape|[upkeep]
|upkeep
|turn|3
|
|t:|1757786288
|move|p2a: Garchomp|Swords Dance|p2a: Garchomp
|-boost|p2a: Garchomp|atk|2
|move|p1a: Gholdengo|Make It Rain|p2a: Garchomp
|-damage|p2a: Garchomp|72/100
|-unboost|p1a: Gholdengo|spa|1
|
|-weather|Snowscape|[upkeep]
|upkeep
|turn|4
|
|t:|1757786293
|switch|p1a: Great Tusk|Great Tusk|100/100
|move|p2a: Garchomp|Swords Dance|p2a: Garchomp
|-boost|p2a: Garchomp|atk|2
|
|-weather|Snowscape|[upkeep]
|upkeep
|turn|5
|
|t:|1757786303
|move|p2a: Garchomp|Earthquake|p1a: Great Tusk
|-crit|p1a: Great Tusk
|-damage|p1a: Great Tusk|0 fnt
|faint|p1a: Great Tusk
|-end|p1a: Great Tusk|Protosynthesis|[silent]
|
|-weather|none
|-sideend|p2: mathismathin|move: Aurora Veil
|upkeep
|
|t:|1757786308
|switch|p1a: Gholdengo|Gholdengo|100/100
|-item|p1a: Gholdengo|Air Balloon
|turn|6
|
|t:|1757786312
|move|p2a: Garchomp|Scale Shot|p1a: Gholdengo
|-resisted|p1a: Gholdengo
|-damage|p1a: Gholdengo|87/100
|-enditem|p1a: Gholdengo|Air Balloon
|-resisted|p1a: Gholdengo
|-damage|p1a: Gholdengo|73/100
|-resisted|p1a: Gholdengo
|-damage|p1a: Gholdengo|58/100
|-resisted|p1a: Gholdengo
|-damage|p1a: Gholdengo|43/100
|-hitcount|p1a: Gholdengo|4
|-unboost|p2a: Garchomp|def|1
|-boost|p2a: Garchomp|spe|1
|move|p1a: Gholdengo|Make It Rain|p2a: Garchomp
|-damage|p2a: Garchomp|13/100
|-unboost|p1a: Gholdengo|spa|1
|
|upkeep
|turn|7
|
|t:|1757786316
|move|p2a: Garchomp|Scale Shot|p1a: Gholdengo
|-resisted|p1a: Gholdengo
|-damage|p1a: Gholdengo|29/100
|-resisted|p1a: Gholdengo
|-damage|p1a: Gholdengo|14/100
|-resisted|p1a: Gholdengo
|-damage|p1a: Gholdengo|0 fnt
|faint|p1a: Gholdengo
|-hitcount|p1: Gholdengo|3
|-unboost|p2a: Garchomp|def|1
|-boost|p2a: Garchomp|spe|1
|
|upkeep
|
|t:|1757786318
|switch|p1a: Scizor|Scizor, F|100/100
|turn|8
|
|t:|1757786321
|move|p1a: Scizor|Bullet Punch|p2a: Garchomp
|-damage|p2a: Garchomp|0 fnt
|-damage|p1a: Scizor|88/100|[from] ability: Rough Skin|[of] p2a: Garchomp
|faint|p2a: Garchomp
|
|upkeep
|
|t:|1757786331
|switch|p2a: Manaphy|Manaphy|100/100
|turn|9
|j| little cuack
|
|t:|1757786333
|switch|p1a: Meowscarada|Meowscarada, M|100/100
|move|p2a: Manaphy|Scald|p1a: Meowscarada
|-resisted|p1a: Meowscarada
|-damage|p1a: Meowscarada|80/100
|
|upkeep
|turn|10
|
|t:|1757786358
|switch|p2a: Abomasnow|Abomasnow, F|69/100
|-weather|Snowscape|[from] ability: Snow Warning|[of] p2a: Abomasnow
|move|p1a: Meowscarada|Toxic Spikes|p2a: Abomasnow
|-start|p1a: Meowscarada|typechange|Poison|[from] ability: Protean
|-sidestart|p2: mathismathin|move: Toxic Spikes
|
|-weather|Snowscape|[upkeep]
|upkeep
|turn|11
|
|t:|1757786365
|switch|p1a: Ting-Lu|Ting-Lu|100/100
|-ability|p1a: Ting-Lu|Vessel of Ruin
|move|p2a: Abomasnow|Aurora Veil|p2a: Abomasnow
|-sidestart|p2: mathismathin|move: Aurora Veil
|
|-weather|Snowscape|[upkeep]
|upkeep
|turn|12
|
|t:|1757786376
|switch|p2a: Weavile|Weavile, F|100/100
|-status|p2a: Weavile|psn
|move|p1a: Ting-Lu|Spikes|p2a: Weavile
|-sidestart|p2: mathismathin|Spikes
|
|-weather|Snowscape|[upkeep]
|-damage|p2a: Weavile|88/100 psn|[from] psn
|upkeep
|turn|13
|
|t:|1757786378
|move|p2a: Weavile|Triple Axel|p1a: Ting-Lu
|-supereffective|p1a: Ting-Lu
|-damage|p1a: Ting-Lu|86/100
|-supereffective|p1a: Ting-Lu
|-damage|p1a: Ting-Lu|58/100
|-supereffective|p1a: Ting-Lu
|-damage|p1a: Ting-Lu|16/100
|-hitcount|p1a: Ting-Lu|3
|-damage|p2a: Weavile|78/100 psn|[from] item: Life Orb
|move|p1a: Ting-Lu|Whirlwind|p2a: Weavile
|drag|p2a: Abomasnow|Abomasnow, F|69/100
|-status|p2a: Abomasnow|psn
|-damage|p2a: Abomasnow|57/100 psn|[from] Spikes
|
|-weather|Snowscape|[upkeep]
|-heal|p1a: Ting-Lu|23/100|[from] item: Leftovers
|-damage|p2a: Abomasnow|44/100 psn|[from] psn
|upkeep
|turn|14
|
|t:|1757786383
|switch|p1a: Meowscarada|Meowscarada, M|80/100
|move|p2a: Abomasnow|Blizzard|p1a: Meowscarada
|-supereffective|p1a: Meowscarada
|-damage|p1a: Meowscarada|0 fnt
|faint|p1a: Meowscarada
|
|-weather|none
|-damage|p2a: Abomasnow|32/100 psn|[from] psn
|upkeep
|
|t:|1757786387
|switch|p1a: Scizor|Scizor, F|88/100
|turn|15
|
|t:|1757786395
|move|p1a: Scizor|U-turn|p2a: Abomasnow
|-supereffective|p2a: Abomasnow
|-damage|p2a: Abomasnow|0 fnt
|faint|p2a: Abomasnow
|
|t:|1757786397
|switch|p1a: Kyurem|Kyurem|100/100|[from] U-turn
|-ability|p1a: Kyurem|Pressure
|
|-sideend|p2: mathismathin|move: Aurora Veil
|upkeep
|
|t:|1757786400
|switch|p2a: Weavile|Weavile, F|78/100 psn
|-damage|p2a: Weavile|66/100 psn|[from] Spikes
|turn|16
|
|t:|1757786403
|move|p1a: Kyurem|Protect|p1a: Kyurem
|-singleturn|p1a: Kyurem|Protect
|move|p2a: Weavile|Knock Off|p1a: Kyurem
|-activate|p1a: Kyurem|move: Protect
|
|-damage|p2a: Weavile|53/100 psn|[from] psn
|upkeep
|turn|17
|
|t:|1757786407
|switch|p1a: Ting-Lu|Ting-Lu|23/100
|-ability|p1a: Ting-Lu|Vessel of Ruin
|move|p2a: Weavile|Knock Off|p1a: Ting-Lu
|-resisted|p1a: Ting-Lu
|-damage|p1a: Ting-Lu|6/100
|-enditem|p1a: Ting-Lu|Leftovers|[from] move: Knock Off|[of] p2a: Weavile
|-damage|p2a: Weavile|43/100 psn|[from] item: Life Orb
|
|-damage|p2a: Weavile|31/100 psn|[from] psn
|upkeep
|turn|18
|
|t:|1757786409
|move|p2a: Weavile|Knock Off|p1a: Ting-Lu
|-resisted|p1a: Ting-Lu
|-damage|p1a: Ting-Lu|0 fnt
|faint|p1a: Ting-Lu
|-damage|p2a: Weavile|21/100 psn|[from] item: Life Orb
|
|-damage|p2a: Weavile|8/100 psn|[from] psn
|upkeep
|
|t:|1757786411
|switch|p1a: Scizor|Scizor, F|88/100
|turn|19
|
|t:|1757786413
|move|p2a: Weavile|Ice Shard|p1a: Scizor
|-resisted|p1a: Scizor
|-damage|p1a: Scizor|75/100
|-damage|p2a: Weavile|0 fnt|[from] item: Life Orb
|faint|p2a: Weavile
|move|p1a: Scizor|Bullet Punch|p2: Weavile|[notarget]
|-fail|p1a: Scizor
|
|upkeep
|
|t:|1757786422
|switch|p2a: Manaphy|Manaphy|100/100
|-status|p2a: Manaphy|psn
|-damage|p2a: Manaphy|88/100 psn|[from] Spikes
|turn|20
|
|t:|1757786423
|switch|p1a: Kyurem|Kyurem|100/100
|-ability|p1a: Kyurem|Pressure
|move|p2a: Manaphy|Take Heart|p2a: Manaphy
|-boost|p2a: Manaphy|spa|1
|-boost|p2a: Manaphy|spd|1
|-curestatus|p2a: Manaphy|psn|[msg]
|
|-heal|p2a: Manaphy|94/100|[from] item: Leftovers
|upkeep
|turn|21
|
|t:|1757786429
|-terastallize|p2a: Manaphy|Poison
|move|p1a: Kyurem|Freeze-Dry|p2a: Manaphy
|-damage|p2a: Manaphy|76/100
|move|p2a: Manaphy|Take Heart|p2a: Manaphy
|-boost|p2a: Manaphy|spa|1
|-boost|p2a: Manaphy|spd|1
|
|-heal|p2a: Manaphy|82/100|[from] item: Leftovers
|upkeep
|turn|22
|
|t:|1757786434
|switch|p1a: Scizor|Scizor, F|75/100
|move|p2a: Manaphy|Take Heart|p2a: Manaphy
|-boost|p2a: Manaphy|spa|1
|-boost|p2a: Manaphy|spd|1
|
|-heal|p2a: Manaphy|88/100|[from] item: Leftovers
|upkeep
|turn|23
|
|t:|1757786437
|-terastallize|p1a: Scizor|Steel
|move|p1a: Scizor|Bullet Punch|p2a: Manaphy
|-damage|p2a: Manaphy|43/100
|move|p2a: Manaphy|Scald|p1a: Scizor
|-damage|p1a: Scizor|0 fnt
|faint|p1a: Scizor
|
|-heal|p2a: Manaphy|49/100|[from] item: Leftovers
|upkeep
|-message|CopiumBathTub forfeited.
|
|win|mathismathin
|raw|CopiumBathTub's rating: 1714 &rarr; <strong>1695</strong><br />(-19 for losing)
|raw|mathismathin's rating: 1730 &rarr; <strong>1749</strong><br />(+19 for winning)
|l|☆CopiumBathTub
|player|p1|
|l|☆mathismathin
|player|p2|
|l| IM AT MY LIMIT
|l| little cuack
