|j|☆10086qaz
|j|☆Kippenfluisteraar
|t:|1757832248
|gametype|singles
|player|p1|10086qaz|dawn-gen4pt|1286
|player|p2|Kippenfluisteraar|birdkeeper-gen4dp|1303
|gen|9
|tier|[Gen 9] OU
|rated|
|rule|HP Percentage Mod: HP is shown in percentages
|rule|Endless Battle Clause: Forcing endless battles is banned
|rule|Species Clause: Limit one of each Pokémon
|rule|OHKO Clause: OHKO moves are banned
|rule|Evasion Items Clause: Evasion items are banned
|rule|Evasion Moves Clause: Evasion moves are banned
|rule|Evasion Abilities Clause: Evasion abilities are banned
|rule|Sleep Moves Clause: Sleep-inducing moves are banned
|clearpoke
|poke|p1|Scizor, F|
|poke|p1|Landorus-Therian, M|
|poke|p1|Raging Bolt|
|poke|p1|Ogerpon-Wellspring, F|
|poke|p1|Gholdengo|
|poke|p1|Cinderace, F|
|poke|p2|Moltres-Galar|
|poke|p2|Corviknight, F|
|poke|p2|Braviary-Hisui, M|
|poke|p2|Pelipper, M|
|poke|p2|Kilowattrel, F|
|poke|p2|Zapdos-Galar|
|teampreview
|inactive|Battle timer is ON: inactive players will automatically lose when time's up. (requested by 10086qaz)
|
|t:|1757832263
|teamsize|p1|6
|teamsize|p2|6
|start
|switch|p1a: Landorus|Landorus-Therian, M|100/100
|switch|p2a: Electric chicken|Kilowattrel, F, shiny|100/100
|-ability|p1a: Landorus|Intimidate|boost
|-unboost|p2a: Electric chicken|atk|1
|turn|1
|
|t:|1757832279
|switch|p2a: Evil chicken|Moltres-Galar, shiny|100/100
|move|p1a: Landorus|Stone Edge|p2a: Evil chicken
|-supereffective|p2a: Evil chicken
|-damage|p2a: Evil chicken|18/100
|-enditem|p2a: Evil chicken|Weakness Policy
|-boost|p2a: Evil chicken|atk|2|[from] item: Weakness Policy
|-boost|p2a: Evil chicken|spa|2|[from] item: Weakness Policy
|-ability|p2a: Evil chicken|Berserk|boost
|-boost|p2a: Evil chicken|spa|1
|
|upkeep
|turn|2
|
|t:|1757832291
|move|p1a: Landorus|U-turn|p2a: Evil chicken
|-damage|p2a: Evil chicken|0 fnt
|faint|p2a: Evil chicken
|
|t:|1757832299
|switch|p1a: Cinderace|Cinderace, F|100/100|[from] U-turn
|
|upkeep
|
|t:|1757832303
|switch|p2a: Pelican|Pelipper, M|100/100
|-weather|RainDance|[from] ability: Drizzle|[of] p2a: Pelican
|turn|3
|
|t:|1757832311
|move|p1a: Cinderace|U-turn|p2a: Pelican
|-start|p1a: Cinderace|typechange|Bug|[from] ability: Libero
|-resisted|p2a: Pelican
|-damage|p2a: Pelican|82/100
|
|t:|1757832314
|switch|p1a: Raging Bolt|Raging Bolt|100/100|[from] U-turn
|-enditem|p1a: Raging Bolt|Booster Energy
|-activate|p1a: Raging Bolt|ability: Protosynthesis|[fromitem]
|-start|p1a: Raging Bolt|protosynthesisspa
|move|p2a: Pelican|U-turn|p1a: Raging Bolt
|-damage|p1a: Raging Bolt|94/100
|
|t:|1757832330
|switch|p2a: Fight chicken|Zapdos-Galar|100/100|[from] U-turn
|
|-weather|RainDance|[upkeep]
|upkeep
|turn|4
|
|t:|1757832339
|-terastallize|p2a: Fight chicken|Ground
|move|p1a: Raging Bolt|Thunderclap|p2a: Fight chicken
|-immune|p2a: Fight chicken
|move|p2a: Fight chicken|Trailblaze|p1a: Raging Bolt
|-resisted|p1a: Raging Bolt
|-damage|p1a: Raging Bolt|87/100
|-boost|p2a: Fight chicken|spe|1
|
|-weather|RainDance|[upkeep]
|upkeep
|turn|5
|
|t:|1757832350
|-terastallize|p1a: Raging Bolt|Fairy
|move|p2a: Fight chicken|Thunderous Kick|p1a: Raging Bolt
|-resisted|p1a: Raging Bolt
|-damage|p1a: Raging Bolt|68/100
|-unboost|p1a: Raging Bolt|def|1
|move|p1a: Raging Bolt|Dragon Pulse|p2a: Fight chicken
|-damage|p2a: Fight chicken|22/100
|
|-weather|RainDance|[upkeep]
|upkeep
|turn|6
|
|t:|1757832366
|-end|p1a: Raging Bolt|Protosynthesis|[silent]
|switch|p1a: Scizor|Scizor, F|100/100
|move|p2a: Fight chicken|Drill Peck|p1a: Scizor
|-damage|p1a: Scizor|59/100
|
|-weather|RainDance|[upkeep]
|upkeep
|turn|7
|
|t:|1757832373
|move|p1a: Scizor|Bullet Punch|p2a: Fight chicken
|-damage|p2a: Fight chicken|0 fnt
|faint|p2a: Fight chicken
|
|-weather|RainDance|[upkeep]
|upkeep
|
|t:|1757832380
|switch|p2a: Electric chicken|Kilowattrel, F, shiny|100/100
|turn|8
|
|t:|1757832387
|switch|p1a: Landorus|Landorus-Therian, M|100/100
|-ability|p1a: Landorus|Intimidate|boost
|-unboost|p2a: Electric chicken|atk|1
|move|p2a: Electric chicken|Hurricane|p1a: Landorus
|-damage|p1a: Landorus|55/100
|
|-weather|RainDance|[upkeep]
|upkeep
|turn|9
|
|t:|1757832394
|move|p2a: Electric chicken|Weather Ball|p1a: Landorus
|-supereffective|p1a: Landorus
|-damage|p1a: Landorus|0 fnt
|faint|p1a: Landorus
|
|-weather|RainDance|[upkeep]
|upkeep
|
|t:|1757832410
|switch|p1a: Raging Bolt|Raging Bolt, tera:Fairy|68/100
|turn|10
|
|t:|1757832415
|move|p2a: Electric chicken|Hurricane|p1a: Raging Bolt
|-damage|p1a: Raging Bolt|29/100
|move|p1a: Raging Bolt|Dragon Pulse|p2a: Electric chicken
|-damage|p2a: Electric chicken|1/100
|
|-weather|none
|upkeep
|turn|11
|
|t:|1757832430
|-end|p1a: Raging Bolt|Protosynthesis|[silent]
|switch|p1a: Gholdengo|Gholdengo|100/100
|-item|p1a: Gholdengo|Air Balloon
|move|p2a: Electric chicken|Hurricane|p1a: Gholdengo
|-resisted|p1a: Gholdengo
|-damage|p1a: Gholdengo|77/100
|-enditem|p1a: Gholdengo|Air Balloon
|
|upkeep
|turn|12
|
|t:|1757832438
|move|p2a: Electric chicken|Volt Switch|p1a: Gholdengo
|-damage|p1a: Gholdengo|44/100
|
|t:|1757832441
|switch|p2a: Pelican|Pelipper, M|82/100|[from] Volt Switch
|-weather|RainDance|[from] ability: Drizzle|[of] p2a: Pelican
|move|p1a: Gholdengo|Nasty Plot|p1a: Gholdengo
|-boost|p1a: Gholdengo|spa|2
|
|-weather|RainDance|[upkeep]
|upkeep
|turn|13
|
|t:|1757832450
|move|p1a: Gholdengo|Shadow Ball|p2a: Pelican
|-crit|p2a: Pelican
|-damage|p2a: Pelican|0 fnt
|faint|p2a: Pelican
|
|-weather|RainDance|[upkeep]
|upkeep
|
|t:|1757832455
|switch|p2a: Electric chicken|Kilowattrel, F, shiny|1/100
|turn|14
|
|t:|1757832459
|move|p2a: Electric chicken|Thunder|p1a: Gholdengo
|-damage|p1a: Gholdengo|0 fnt
|faint|p1a: Gholdengo
|
|-weather|RainDance|[upkeep]
|upkeep
|
|t:|1757832462
|switch|p1a: Scizor|Scizor, F|59/100
|turn|15
|
|t:|1757832467
|switch|p2a: Steel chicken|Corviknight, F, shiny|100/100
|-ability|p2a: Steel chicken|Pressure
|move|p1a: Scizor|Knock Off|p2a: Steel chicken
|-damage|p2a: Steel chicken|56/100
|-enditem|p2a: Steel chicken|Leftovers|[from] move: Knock Off|[of] p1a: Scizor
|
|-weather|RainDance|[upkeep]
|upkeep
|turn|16
|
|t:|1757832479
|switch|p1a: Ogerpon|Ogerpon-Wellspring, F|100/100
|move|p2a: Steel chicken|Bulk Up|p2a: Steel chicken
|-boost|p2a: Steel chicken|atk|1
|-boost|p2a: Steel chicken|def|1
|
|-weather|RainDance|[upkeep]
|upkeep
|turn|17
|
|t:|1757832489
|move|p1a: Ogerpon|Encore|p2a: Steel chicken
|-start|p2a: Steel chicken|Encore
|move|p2a: Steel chicken|Bulk Up|p2a: Steel chicken
|-boost|p2a: Steel chicken|atk|1
|-boost|p2a: Steel chicken|def|1
|
|-weather|RainDance|[upkeep]
|upkeep
|turn|18
|
|t:|1757832496
|move|p1a: Ogerpon|Ivy Cudgel|p2a: Steel chicken|[anim] Ivy Cudgel Water
|-damage|p2a: Steel chicken|21/100
|move|p2a: Steel chicken|Bulk Up|p2a: Steel chicken
|-boost|p2a: Steel chicken|atk|1
|-boost|p2a: Steel chicken|def|1
|
|-weather|RainDance|[upkeep]
|upkeep
|turn|19
|
|t:|1757832507
|move|p1a: Ogerpon|Ivy Cudgel|p2a: Steel chicken|[anim] Ivy Cudgel Water
|-damage|p2a: Steel chicken|0 fnt
|faint|p2a: Steel chicken
|
|-weather|none
|upkeep
|
|t:|1757832516
|switch|p2a: Electric chicken|Kilowattrel, F, shiny|1/100
|turn|20
|c|☆10086qaz|:)
|
|t:|1757832519
|move|p2a: Electric chicken|Volt Switch|p1a: Ogerpon
|-damage|p1a: Ogerpon|65/100
|
|t:|1757832522
|switch|p2a: Sky chicken|Braviary-Hisui, M, shiny|100/100|[from] Volt Switch
|move|p1a: Ogerpon|Horn Leech|p2a: Sky chicken
|-resisted|p2a: Sky chicken
|-damage|p2a: Sky chicken|73/100
|-heal|p1a: Ogerpon|81/100|[from] drain|[of] p2a: Sky chicken
|
|upkeep
|turn|21
|
|t:|1757832532
|move|p1a: Ogerpon|Ivy Cudgel|p2a: Sky chicken|[anim] Ivy Cudgel Water
|-damage|p2a: Sky chicken|0 fnt
|faint|p2a: Sky chicken
|
|upkeep
|
|t:|1757832536
|switch|p2a: Electric chicken|Kilowattrel, F, shiny|1/100
|turn|22
|
|t:|1757832539
|move|p2a: Electric chicken|Hurricane|p1a: Ogerpon
|-supereffective|p1a: Ogerpon
|-damage|p1a: Ogerpon|0 fnt
|faint|p1a: Ogerpon
|
|upkeep
|
|t:|1757832543
|switch|p1a: Scizor|Scizor, F|59/100
|turn|23
|
|t:|1757832547
|move|p1a: Scizor|Bullet Punch|p2a: Electric chicken
|-resisted|p2a: Electric chicken
|-damage|p2a: Electric chicken|0 fnt
|faint|p2a: Electric chicken
|
|win|10086qaz
|raw|10086qaz's rating: 1286 &rarr; <strong>1312</strong><br />(+26 for winning)
|raw|Kippenfluisteraar's rating: 1303 &rarr; <strong>1282</strong><br />(-21 for losing)
|c|☆Kippenfluisteraar|Gg
|l|☆10086qaz
|player|p1|
|l|☆Kippenfluisteraar
|player|p2|
