|j|☆Corbinight
|j|☆ultraaero
|t:|1757827421
|gametype|singles
|player|p1|Corbinight|ethan|1111
|player|p2|ultraaero|skierf|1168
|gen|9
|tier|[Gen 9] OU
|rated|
|rule|HP Percentage Mod: HP is shown in percentages
|rule|Endless Battle Clause: Forcing endless battles is banned
|rule|Species Clause: Limit one of each Pokémon
|rule|OHKO Clause: OHKO moves are banned
|rule|Evasion Items Clause: Evasion items are banned
|rule|Evasion Moves Clause: Evasion moves are banned
|rule|Evasion Abilities Clause: Evasion abilities are banned
|rule|Sleep Moves Clause: Sleep-inducing moves are banned
|clearpoke
|poke|p1|Amoonguss, M|
|poke|p1|Incineroar, M|
|poke|p1|Noivern, M|
|poke|p1|Corviknight, M|
|poke|p1|Ursaluna, M|
|poke|p1|Weavile, M|
|poke|p2|Corviknight, M|
|poke|p2|Gliscor, M|
|poke|p2|Vaporeon, M|
|poke|p2|Cinderace, M|
|poke|p2|Raichu-Alola, F|
|poke|p2|Iron Moth|
|teampreview
|
|t:|1757827429
|teamsize|p1|6
|teamsize|p2|6
|start
|switch|p1a: Incineroar|Incineroar, M|100/100
|switch|p2a: Cinderace|Cinderace, M|100/100
|-ability|p1a: Incineroar|Intimidate|boost
|-unboost|p2a: Cinderace|atk|1
|turn|1
|
|t:|1757827437
|move|p1a: Incineroar|Fake Out|p2a: Cinderace
|-damage|p2a: Cinderace|80/100
|cant|p2a: Cinderace|flinch
|
|upkeep
|turn|2
|
|t:|1757827442
|move|p2a: Cinderace|U-turn|p1a: Incineroar
|-start|p2a: Cinderace|typechange|Bug|[from] ability: Libero
|-damage|p1a: Incineroar|80/100
|
|t:|1757827446
|switch|p2a: Corviknight|Corviknight, M|100/100|[from] U-turn
|-ability|p2a: Corviknight|Pressure
|move|p1a: Incineroar|Parting Shot|p2a: Corviknight
|-unboost|p2a: Corviknight|atk|1
|-unboost|p2a: Corviknight|spa|1
|
|t:|1757827458
|switch|p1a: Noivern|Noivern, M|100/100|[from] Parting Shot
|-item|p2a: Corviknight|Rocky Helmet|[from] ability: Frisk|[of] p1a: Noivern
|
|upkeep
|turn|3
|
|t:|1757827470
|switch|p2a: Cinderace|Cinderace, M|80/100
|move|p1a: Noivern|Flamethrower|p2a: Cinderace
|-resisted|p2a: Cinderace
|-damage|p2a: Cinderace|51/100
|
|upkeep
|turn|4
|
|t:|1757827479
|switch|p1a: Ursaluna|Ursaluna, M|100/100
|move|p2a: Cinderace|Iron Head|p1a: Ursaluna
|-start|p2a: Cinderace|typechange|Steel|[from] ability: Libero
|-damage|p1a: Ursaluna|71/100
|
|-status|p1a: Ursaluna|brn|[from] item: Flame Orb
|upkeep
|turn|5
|
|t:|1757827494
|move|p2a: Cinderace|Iron Head|p1a: Ursaluna
|-damage|p1a: Ursaluna|43/100 brn
|cant|p1a: Ursaluna|flinch
|
|-damage|p1a: Ursaluna|37/100 brn|[from] brn
|upkeep
|turn|6
|
|t:|1757827502
|switch|p1a: Incineroar|Incineroar, M|80/100
|-ability|p1a: Incineroar|Intimidate|boost
|-unboost|p2a: Cinderace|atk|1
|move|p2a: Cinderace|Iron Head|p1a: Incineroar
|-resisted|p1a: Incineroar
|-damage|p1a: Incineroar|69/100
|
|upkeep
|turn|7
|
|t:|1757827510
|switch|p2a: Corviknight|Corviknight, M|100/100
|-ability|p2a: Corviknight|Pressure
|move|p1a: Incineroar|Flare Blitz|p2a: Corviknight
|-supereffective|p2a: Corviknight
|-damage|p2a: Corviknight|0 fnt
|-damage|p1a: Incineroar|52/100|[from] item: Rocky Helmet|[of] p2a: Corviknight
|faint|p2a: Corviknight
|-damage|p1a: Incineroar|19/100|[from] Recoil
|-enditem|p1a: Incineroar|Aguav Berry|[eat]
|-heal|p1a: Incineroar|52/100|[from] item: Aguav Berry
|
|upkeep
|
|t:|1757827523
|switch|p2a: Iron Moth|Iron Moth|100/100
|-enditem|p2a: Iron Moth|Booster Energy
|-activate|p2a: Iron Moth|ability: Quark Drive|[fromitem]
|-start|p2a: Iron Moth|quarkdrivespa
|turn|8
|
|t:|1757827528
|move|p2a: Iron Moth|Fiery Dance|p1a: Incineroar
|-resisted|p1a: Incineroar
|-damage|p1a: Incineroar|24/100
|move|p1a: Incineroar|Parting Shot|p2a: Iron Moth
|-unboost|p2a: Iron Moth|atk|1
|-unboost|p2a: Iron Moth|spa|1
|
|t:|1757827538
|switch|p1a: Ursaluna|Ursaluna, M|37/100 brn|[from] Parting Shot
|
|-damage|p1a: Ursaluna|31/100 brn|[from] brn
|upkeep
|turn|9
|
|t:|1757827547
|move|p2a: Iron Moth|Energy Ball|p1a: Ursaluna
|-supereffective|p1a: Ursaluna
|-damage|p1a: Ursaluna|0 fnt
|faint|p1a: Ursaluna
|
|upkeep
|
|t:|1757827553
|switch|p1a: Noivern|Noivern, M|100/100
|turn|10
|
|t:|1757827559
|-end|p2a: Iron Moth|Quark Drive|[silent]
|switch|p2a: Cinderace|Cinderace, M|51/100
|move|p1a: Noivern|Draco Meteor|p2a: Cinderace
|-damage|p2a: Cinderace|0 fnt
|-unboost|p1a: Noivern|spa|2
|faint|p2a: Cinderace
|
|upkeep
|
|t:|1757827569
|switch|p2a: Iron Moth|Iron Moth|100/100
|turn|11
|
|t:|1757827574
|switch|p1a: Weavile|Weavile, M|100/100
|-ability|p1a: Weavile|Pressure
|move|p2a: Iron Moth|Sludge Wave|p1a: Weavile
|-damage|p1a: Weavile|25/100
|
|upkeep
|turn|12
|
|t:|1757827582
|move|p1a: Weavile|Knock Off|p2a: Iron Moth
|-damage|p2a: Iron Moth|34/100
|-damage|p1a: Weavile|15/100|[from] item: Life Orb
|move|p2a: Iron Moth|Fiery Dance|p1a: Weavile
|-supereffective|p1a: Weavile
|-damage|p1a: Weavile|0 fnt
|faint|p1a: Weavile
|
|upkeep
|
|t:|1757827591
|switch|p1a: Noivern|Noivern, M|100/100
|turn|13
|
|t:|1757827596
|-terastallize|p1a: Noivern|Normal
|move|p1a: Noivern|Boomburst|p2a: Iron Moth
|-damage|p2a: Iron Moth|0 fnt
|faint|p2a: Iron Moth
|-end|p2a: Iron Moth|Quark Drive|[silent]
|
|upkeep
|
|t:|1757827604
|switch|p2a: Raichu|Raichu-Alola, F|100/100
|turn|14
|
|t:|1757827609
|move|p1a: Noivern|Boomburst|p2a: Raichu
|-damage|p2a: Raichu|0 fnt
|faint|p2a: Raichu
|
|upkeep
|
|t:|1757827615
|switch|p2a: Gliscor|Gliscor, M|100/100
|turn|15
|
|t:|1757827619
|move|p1a: Noivern|Boomburst|p2a: Gliscor
|-damage|p2a: Gliscor|0 fnt
|faint|p2a: Gliscor
|
|upkeep
|
|t:|1757827624
|switch|p2a: Vaporeon|Vaporeon, M|100/100
|turn|16
|
|t:|1757827629
|move|p1a: Noivern|Boomburst|p2a: Vaporeon
|-damage|p2a: Vaporeon|32/100
|move|p2a: Vaporeon|Ice Beam|p1a: Noivern
|-damage|p1a: Noivern|64/100
|
|-heal|p2a: Vaporeon|38/100|[from] item: Leftovers
|upkeep
|turn|17
|
|t:|1757827637
|move|p1a: Noivern|Boomburst|p2a: Vaporeon
|-damage|p2a: Vaporeon|0 fnt
|faint|p2a: Vaporeon
|
|win|Corbinight
|raw|Corbinight's rating: 1111 &rarr; <strong>1140</strong><br />(+29 for winning)
|raw|ultraaero's rating: 1168 &rarr; <strong>1139</strong><br />(-29 for losing)
|l|☆ultraaero
|player|p2|
|l|☆Corbinight
|player|p1|
