|j|☆LoseToRU?
|j|☆Kazuelasnt
|t:|1757795156
|gametype|singles
|player|p1|LoseToRU?|giovanni-gen1|1513
|player|p2|Kazuelasnt|cress|1484
|gen|9
|tier|[Gen 9] OU
|rated|
|rule|HP Percentage Mod: HP is shown in percentages
|rule|Endless Battle Clause: Forcing endless battles is banned
|rule|Species Clause: Limit one of each Pokémon
|rule|OHKO Clause: OHKO moves are banned
|rule|Evasion Items Clause: Evasion items are banned
|rule|Evasion Moves Clause: Evasion moves are banned
|rule|Evasion Abilities Clause: Evasion abilities are banned
|rule|Sleep Moves Clause: Sleep-inducing moves are banned
|clearpoke
|poke|p1|Araquanid, M|
|poke|p1|Ogerpon, F|
|poke|p1|Dragonite, M|
|poke|p1|Cinderace, F|
|poke|p1|Malamar, F|
|poke|p1|Iron Jugulis|
|poke|p2|Arcanine-Hisui, M|
|poke|p2|Great Tusk|
|poke|p2|Rillaboom, F|
|poke|p2|Zapdos|
|poke|p2|Iron Boulder|
|poke|p2|Kingambit, F|
|teampreview
|
|t:|1757795181
|teamsize|p1|6
|teamsize|p2|6
|start
|switch|p1a: Araquanid|Araquanid, M|100/100
|switch|p2a: Gryla|Rillaboom, F|100/100
|-fieldstart|move: Grassy Terrain|[from] ability: Grassy Surge|[of] p2a: Gryla
|turn|1
|
|t:|1757795192
|move|p2a: Gryla|Wood Hammer|p1a: Araquanid
|-damage|p1a: Araquanid|0 fnt
|faint|p1a: Araquanid
|-damage|p2a: Gryla|68/100|[from] Recoil
|
|-heal|p2a: Gryla|74/100|[from] Grassy Terrain
|upkeep
|
|t:|1757795195
|switch|p1a: Ogerpon|Ogerpon, F|100/100
|turn|2
|
|t:|1757795197
|switch|p2a: 30% MY ASS|Zapdos|100/100
|move|p1a: Ogerpon|U-turn|p2a: 30% MY ASS
|-resisted|p2a: 30% MY ASS
|-damage|p2a: 30% MY ASS|88/100
|
|t:|1757795205
|switch|p1a: Dragonite|Dragonite, M|100/100|[from] U-turn
|
|upkeep
|turn|3
|
|t:|1757795207
|move|p1a: Dragonite|Outrage|p2a: 30% MY ASS
|-damage|p2a: 30% MY ASS|16/100
|-status|p1a: Dragonite|par|[from] ability: Static|[of] p2a: 30% MY ASS
|move|p2a: 30% MY ASS|Thunder Wave|p1a: Dragonite
|-fail|p1a: Dragonite|par
|
|upkeep
|turn|4
|
|t:|1757795222
|switch|p2a: Queengambit|Kingambit, F, shiny|100/100
|cant|p1a: Dragonite|par
|
|-start|p1a: Dragonite|confusion|[fatigue]
|upkeep
|turn|5
|
|t:|1757795226
|switch|p1a: Cinderace|Cinderace, F|100/100
|move|p2a: Queengambit|Swords Dance|p2a: Queengambit
|-boost|p2a: Queengambit|atk|2
|
|-fieldend|move: Grassy Terrain
|upkeep
|turn|6
|
|t:|1757795229
|move|p2a: Queengambit|Sucker Punch||[still]
|-fail|p2a: Queengambit
|move|p1a: Cinderace|Will-O-Wisp|p2a: Queengambit|[miss]
|-miss|p1a: Cinderace|p2a: Queengambit
|
|upkeep
|turn|7
|
|t:|1757795233
|-end|p2a: Queengambit|fallenundefined|[silent]
|switch|p2a: Kevin|Arcanine-Hisui, M|100/100
|move|p1a: Cinderace|Will-O-Wisp|p2a: Kevin
|-immune|p2a: Kevin
|
|upkeep
|turn|8
|l|☆Kazuelasnt
|player|p2|
|j|☆Kazuelasnt
|player|p2|Kazuelasnt|cress|
|inactive|Battle timer is ON: inactive players will automatically lose when time's up. (requested by Kazuelasnt)
|
|t:|1757795309
|switch|p1a: Dragonite|Dragonite, M|100/100 par
|move|p2a: Kevin|Head Smash|p1a: Dragonite
|-supereffective|p1a: Dragonite
|-damage|p1a: Dragonite|0 fnt
|faint|p1a: Dragonite
|
|upkeep
|
|t:|1757795327
|switch|p1a: Iron Jugulis|Iron Jugulis|100/100
|-enditem|p1a: Iron Jugulis|Booster Energy
|-activate|p1a: Iron Jugulis|ability: Quark Drive|[fromitem]
|-start|p1a: Iron Jugulis|quarkdrivespe
|turn|9
|
|t:|1757795333
|move|p1a: Iron Jugulis|Earth Power|p2a: Kevin
|-supereffective|p2a: Kevin
|-damage|p2a: Kevin|0 fnt
|faint|p2a: Kevin
|
|upkeep
|
|t:|1757795342
|switch|p2a: Queengambit|Kingambit, F, shiny|100/100
|-activate|p2a: Queengambit|ability: Supreme Overlord
|-start|p2a: Queengambit|fallen1|[silent]
|turn|10
|
|t:|1757795359
|move|p1a: Iron Jugulis|Earth Power|p2a: Queengambit
|-supereffective|p2a: Queengambit
|-damage|p2a: Queengambit|40/100
|-unboost|p2a: Queengambit|spd|1
|move|p2a: Queengambit|Iron Head|p1a: Iron Jugulis
|-damage|p1a: Iron Jugulis|43/100
|
|-heal|p2a: Queengambit|46/100|[from] item: Leftovers
|upkeep
|turn|11
|inactive|LoseToRU? has 120 seconds left.
|
|t:|1757795404
|-end|p2a: Queengambit|fallen1|[silent]
|switch|p2a: 30% MY ASS|Zapdos|16/100
|move|p1a: Iron Jugulis|Earth Power|p2a: 30% MY ASS
|-immune|p2a: 30% MY ASS
|
|upkeep
|turn|12
|
|t:|1757795407
|move|p1a: Iron Jugulis|Dark Pulse|p2a: 30% MY ASS
|-damage|p2a: 30% MY ASS|0 fnt
|faint|p2a: 30% MY ASS
|
|upkeep
|
|t:|1757795409
|switch|p2a: CLOBBERING TIME|Iron Boulder|100/100
|-enditem|p2a: CLOBBERING TIME|Booster Energy
|-activate|p2a: CLOBBERING TIME|ability: Quark Drive|[fromitem]
|-start|p2a: CLOBBERING TIME|quarkdrivespe
|turn|13
|
|t:|1757795418
|move|p2a: CLOBBERING TIME|Mighty Cleave|p1a: Iron Jugulis
|-supereffective|p1a: Iron Jugulis
|-damage|p1a: Iron Jugulis|0 fnt
|faint|p1a: Iron Jugulis
|-end|p1a: Iron Jugulis|Quark Drive|[silent]
|
|upkeep
|inactive|LoseToRU? has 120 seconds left.
|
|t:|1757795447
|switch|p1a: Ogerpon|Ogerpon, F|100/100
|turn|14
|
|t:|1757795455
|-terastallize|p2a: CLOBBERING TIME|Fighting
|move|p2a: CLOBBERING TIME|Swords Dance|p2a: CLOBBERING TIME
|-boost|p2a: CLOBBERING TIME|atk|2
|move|p1a: Ogerpon|Ivy Cudgel|p2a: CLOBBERING TIME
|-crit|p2a: CLOBBERING TIME
|-damage|p2a: CLOBBERING TIME|0 fnt
|faint|p2a: CLOBBERING TIME
|-end|p2a: CLOBBERING TIME|Quark Drive|[silent]
|
|upkeep
|
|t:|1757795462
|switch|p2a: Gryla|Rillaboom, F|74/100
|-fieldstart|move: Grassy Terrain|[from] ability: Grassy Surge|[of] p2a: Gryla
|turn|15
|inactive|LoseToRU? has 120 seconds left.
|
|t:|1757795475
|switch|p1a: Cinderace|Cinderace, F|100/100
|move|p2a: Gryla|U-turn|p1a: Cinderace
|-resisted|p1a: Cinderace
|-damage|p1a: Cinderace|73/100
|
|t:|1757795477
|switch|p2a: DA T U S K|Great Tusk|100/100|[from] U-turn
|
|-heal|p1a: Cinderace|79/100|[from] Grassy Terrain
|upkeep
|turn|16
|
|t:|1757795483
|move|p1a: Cinderace|Will-O-Wisp|p2a: DA T U S K
|-status|p2a: DA T U S K|brn
|move|p2a: DA T U S K|Headlong Rush|p1a: Cinderace
|-supereffective|p1a: Cinderace
|-damage|p1a: Cinderace|4/100
|-unboost|p2a: DA T U S K|def|1
|-unboost|p2a: DA T U S K|spd|1
|
|-heal|p1a: Cinderace|10/100|[from] Grassy Terrain
|-damage|p2a: DA T U S K|94/100 brn|[from] brn
|upkeep
|turn|17
|
|t:|1757795491
|switch|p1a: Ogerpon|Ogerpon, F|100/100
|move|p2a: DA T U S K|Ice Spinner|p1a: Ogerpon
|-supereffective|p1a: Ogerpon
|-damage|p1a: Ogerpon|70/100
|-fieldend|move: Grassy Terrain
|
|-damage|p2a: DA T U S K|88/100 brn|[from] brn
|upkeep
|turn|18
|
|t:|1757795494
|move|p1a: Ogerpon|Ivy Cudgel|p2a: DA T U S K
|-supereffective|p2a: DA T U S K
|-damage|p2a: DA T U S K|0 fnt
|faint|p2a: DA T U S K
|-end|p2a: DA T U S K|Protosynthesis|[silent]
|
|upkeep
|
|t:|1757795497
|switch|p2a: Queengambit|Kingambit, F, shiny|46/100
|-activate|p2a: Queengambit|ability: Supreme Overlord
|-start|p2a: Queengambit|fallen4|[silent]
|turn|19
|
|t:|1757795503
|move|p1a: Ogerpon|Ivy Cudgel|p2a: Queengambit
|-resisted|p2a: Queengambit
|-damage|p2a: Queengambit|15/100
|move|p2a: Queengambit|Kowtow Cleave|p1a: Ogerpon
|-damage|p1a: Ogerpon|0 fnt
|faint|p1a: Ogerpon
|
|-heal|p2a: Queengambit|21/100|[from] item: Leftovers
|upkeep
|
|t:|1757795518
|switch|p1a: Cinderace|Cinderace, F|10/100
|turn|20
|
|t:|1757795522
|move|p1a: Cinderace|Will-O-Wisp|p2a: Queengambit
|-status|p2a: Queengambit|brn
|move|p2a: Queengambit|Kowtow Cleave|p1a: Cinderace
|-damage|p1a: Cinderace|0 fnt
|faint|p1a: Cinderace
|
|-heal|p2a: Queengambit|27/100 brn|[from] item: Leftovers
|-damage|p2a: Queengambit|21/100 brn|[from] brn
|upkeep
|
|t:|1757795524
|switch|p1a: ZU|Malamar, F|100/100
|turn|21
|
|t:|1757795531
|-terastallize|p1a: ZU|Fairy
|move|p1a: ZU|Superpower|p2a: Queengambit
|-supereffective|p2a: Queengambit
|-damage|p2a: Queengambit|0 fnt
|-boost|p1a: ZU|atk|1
|-boost|p1a: ZU|def|1
|faint|p2a: Queengambit
|-end|p2a: Queengambit|fallen4|[silent]
|
|upkeep
|
|t:|1757795538
|switch|p2a: Gryla|Rillaboom, F|74/100
|-fieldstart|move: Grassy Terrain|[from] ability: Grassy Surge|[of] p2a: Gryla
|turn|22
|
|t:|1757795540
|move|p1a: ZU|Superpower|p2a: Gryla
|-damage|p2a: Gryla|22/100
|-boost|p1a: ZU|atk|1
|-boost|p1a: ZU|def|1
|move|p2a: Gryla|Wood Hammer|p1a: ZU
|-damage|p1a: ZU|16/100
|-enditem|p1a: ZU|Sitrus Berry|[eat]
|-heal|p1a: ZU|41/100|[from] item: Sitrus Berry
|-damage|p2a: Gryla|0 fnt|[from] Recoil
|faint|p2a: Gryla
|
|win|LoseToRU?
|raw|LoseToRU?'s rating: 1513 &rarr; <strong>1531</strong><br />(+18 for winning)
|raw|Kazuelasnt's rating: 1484 &rarr; <strong>1466</strong><br />(-18 for losing)
|l|☆LoseToRU?
|player|p1|
|l|☆Kazuelasnt
|player|p2|
