|j|‽ZirrZonken
|j|☆cheeseguy43
|t:|1757869284
|gametype|singles
|player|p1|ZirrZonken|lady|1341
|player|p2|cheeseguy43|steven|1288
|gen|9
|tier|[Gen 9] OU
|rated|
|rule|HP Percentage Mod: HP is shown in percentages
|rule|Endless Battle Clause: Forcing endless battles is banned
|rule|Species Clause: Limit one of each Pokémon
|rule|OHKO Clause: OHKO moves are banned
|rule|Evasion Items Clause: Evasion items are banned
|rule|Evasion Moves Clause: Evasion moves are banned
|rule|Evasion Abilities Clause: Evasion abilities are banned
|rule|Sleep Moves Clause: Sleep-inducing moves are banned
|clearpoke
|poke|p1|Ninetales-Alola, M|
|poke|p1|Cetitan, M|
|poke|p1|Kyurem|
|poke|p1|Sandslash-Alola, F|
|poke|p1|Moltres|
|poke|p1|Zamazenta-*|
|poke|p2|Moltres|
|poke|p2|Zamazenta-*|
|poke|p2|Darkrai|
|poke|p2|Hydrapple, M|
|poke|p2|Ting-Lu|
|poke|p2|Tinkaton, F|
|teampreview
|inactive|Battle timer is ON: inactive players will automatically lose when time's up. (requested by ZirrZonken)
|c|☆cheeseguy43|glhf
|inactive|cheeseguy43 has 120 seconds left.
|
|t:|1757869349
|teamsize|p1|6
|teamsize|p2|6
|start
|switch|p1a: Sandslash|Sandslash-Alola, F|100/100
|switch|p2a: Darkrai|Darkrai, shiny|100/100
|turn|1
|
|t:|1757869368
|switch|p1a: Moltres|Moltres|100/100
|move|p2a: Darkrai|Dark Pulse|p1a: Moltres
|-damage|p1a: Moltres|44/100
|
|upkeep
|turn|2
|
|t:|1757869383
|switch|p1a: Zamazenta|Zamazenta|100/100
|-ability|p1a: Zamazenta|Dauntless Shield|boost
|-boost|p1a: Zamazenta|def|1
|move|p2a: Darkrai|Dark Pulse|p1a: Zamazenta
|-resisted|p1a: Zamazenta
|-damage|p1a: Zamazenta|85/100
|
|-heal|p1a: Zamazenta|91/100|[from] item: Leftovers
|upkeep
|turn|3
|
|t:|1757869393
|switch|p1a: Ninetales|Ninetales-Alola, M|100/100
|-weather|Snowscape|[from] ability: Snow Warning|[of] p1a: Ninetales
|switch|p2a: Moltres|Moltres|100/100
|
|-weather|Snowscape|[upkeep]
|upkeep
|turn|4
|
|t:|1757869404
|move|p1a: Ninetales|Aurora Veil|p1a: Ninetales
|-sidestart|p1: ZirrZonken|move: Aurora Veil
|move|p2a: Moltres|Flamethrower|p1a: Ninetales
|-supereffective|p1a: Ninetales
|-damage|p1a: Ninetales|55/100
|
|-weather|Snowscape|[upkeep]
|upkeep
|turn|5
|
|t:|1757869407
|switch|p1a: Kyurem|Kyurem|100/100
|-ability|p1a: Kyurem|Pressure
|move|p2a: Moltres|Roar|p1a: Kyurem
|drag|p1a: Sandslash|Sandslash-Alola, F|100/100
|
|-weather|Snowscape|[upkeep]
|upkeep
|turn|6
|
|t:|1757869413
|move|p1a: Sandslash|Stealth Rock|p2a: Moltres
|-sidestart|p2: cheeseguy43|move: Stealth Rock
|move|p2a: Moltres|Flamethrower|p1a: Sandslash
|-supereffective|p1a: Sandslash
|-damage|p1a: Sandslash|0 fnt
|faint|p1a: Sandslash
|
|-weather|Snowscape|[upkeep]
|upkeep
|
|t:|1757869429
|switch|p1a: Kyurem|Kyurem|100/100
|-ability|p1a: Kyurem|Pressure
|turn|7
|
|t:|1757869440
|move|p1a: Kyurem|Blizzard|p2a: Moltres
|-damage|p2a: Moltres|13/100
|move|p2a: Moltres|Roost|p2a: Moltres
|-heal|p2a: Moltres|63/100
|-singleturn|p2a: Moltres|move: Roost
|
|-weather|Snowscape|[upkeep]
|upkeep
|turn|8
|
|t:|1757869449
|switch|p2a: Tinkaton|Tinkaton, F|100/100
|-damage|p2a: Tinkaton|94/100|[from] Stealth Rock
|-ability|p2a: Tinkaton|Mold Breaker
|-item|p2a: Tinkaton|Air Balloon
|move|p1a: Kyurem|Blizzard|p2a: Tinkaton
|-resisted|p2a: Tinkaton
|-damage|p2a: Tinkaton|56/100
|-enditem|p2a: Tinkaton|Air Balloon
|
|-weather|Snowscape|[upkeep]
|-sideend|p1: ZirrZonken|move: Aurora Veil
|upkeep
|turn|9
|
|t:|1757869469
|-terastallize|p1a: Kyurem|Ice
|move|p1a: Kyurem|Blizzard|p2a: Tinkaton
|-resisted|p2a: Tinkaton
|-damage|p2a: Tinkaton|6/100
|-status|p2a: Tinkaton|frz
|-curestatus|p2a: Tinkaton|frz|[msg]
|move|p2a: Tinkaton|Thunder Wave|p1a: Kyurem
|-status|p1a: Kyurem|par
|
|-weather|Snowscape|[upkeep]
|upkeep
|turn|10
|-message|ZirrZonken forfeited.
|
|win|cheeseguy43
|raw|ZirrZonken's rating: 1341 &rarr; <strong>1318</strong><br />(-23 for losing)
|raw|cheeseguy43's rating: 1288 &rarr; <strong>1317</strong><br />(+29 for winning)
|l|‽ZirrZonken
|player|p1|
|c|☆cheeseguy43|gg
|l|☆cheeseguy43
|player|p2|
