|j|☆rainbow bandaid
|j|☆coping walrus
|t:|1757790071
|gametype|singles
|player|p1|rainbow bandaid|backpacker|1162
|player|p2|coping walrus|wattson|1202
|gen|9
|tier|[Gen 9] OU
|rated|
|rule|HP Percentage Mod: HP is shown in percentages
|rule|Endless Battle Clause: Forcing endless battles is banned
|rule|Species Clause: Limit one of each Pokémon
|rule|OHKO Clause: OHKO moves are banned
|rule|Evasion Items Clause: Evasion items are banned
|rule|Evasion Moves Clause: Evasion moves are banned
|rule|Evasion Abilities Clause: Evasion abilities are banned
|rule|Sleep Moves Clause: Sleep-inducing moves are banned
|clearpoke
|poke|p1|Jolteon, M|
|poke|p1|Pelipper, M|
|poke|p1|Floatzel, F|
|poke|p1|Meowscarada, M|
|poke|p1|Iron Treads|
|poke|p1|Hatterene, F|
|poke|p2|Abomasnow, F|
|poke|p2|Maushold|
|poke|p2|Diancie|
|poke|p2|Staraptor, F|
|poke|p2|Volcanion|
|poke|p2|Polteageist|
|teampreview
|inactive|Battle timer is ON: inactive players will automatically lose when time's up. (requested by coping walrus)
|inactive|coping walrus has 120 seconds left.
|inactive|coping walrus has 90 seconds left.
|
|t:|1757790160
|teamsize|p1|6
|teamsize|p2|6
|start
|switch|p1a: Meowscarada|Meowscarada, M|100/100
|switch|p2a: Yukon Cornelius|Abomasnow, F, shiny|100/100
|-weather|Snowscape|[from] ability: Snow Warning|[of] p2a: Yukon Cornelius
|turn|1
|inactive|coping walrus has 120 seconds left.
|
|t:|1757790183
|move|p1a: Meowscarada|U-turn|p2a: Yukon Cornelius
|-start|p1a: Meowscarada|typechange|Bug|[from] ability: Protean
|-supereffective|p2a: Yukon Cornelius
|-damage|p2a: Yukon Cornelius|24/100
|
|t:|1757790188
|switch|p1a: Pelipper|Pelipper, M|100/100|[from] U-turn
|-weather|RainDance|[from] ability: Drizzle|[of] p1a: Pelipper
|move|p2a: Yukon Cornelius|Blizzard|p1a: Pelipper|[miss]
|-miss|p2a: Yukon Cornelius|p1a: Pelipper
|
|-weather|RainDance|[upkeep]
|upkeep
|turn|2
|
|t:|1757790198
|move|p2a: Yukon Cornelius|Blizzard|p1a: Pelipper
|-damage|p1a: Pelipper|32/100
|move|p1a: Pelipper|U-turn|p2a: Yukon Cornelius
|-supereffective|p2a: Yukon Cornelius
|-damage|p2a: Yukon Cornelius|2/100
|
|t:|1757790207
|switch|p1a: Jolteon|Jolteon, M|100/100|[from] U-turn
|
|-weather|RainDance|[upkeep]
|-status|p1a: Jolteon|brn|[from] item: Flame Orb
|upkeep
|turn|3
|
|t:|1757790214
|-terastallize|p2a: Yukon Cornelius|Ground
|move|p1a: Jolteon|Thunder|p2a: Yukon Cornelius
|-immune|p2a: Yukon Cornelius
|move|p2a: Yukon Cornelius|Earth Power|p1a: Jolteon
|-supereffective|p1a: Jolteon
|-damage|p1a: Jolteon|0 fnt
|faint|p1a: Jolteon
|
|-weather|RainDance|[upkeep]
|upkeep
|
|t:|1757790223
|switch|p1a: Meowscarada|Meowscarada, M|100/100
|turn|4
|inactive|coping walrus has 120 seconds left.
|inactive|coping walrus has 90 seconds left.
|
|t:|1757790298
|move|p1a: Meowscarada|U-turn|p2a: Yukon Cornelius
|-start|p1a: Meowscarada|typechange|Bug|[from] ability: Protean
|-crit|p2a: Yukon Cornelius
|-damage|p2a: Yukon Cornelius|0 fnt
|faint|p2a: Yukon Cornelius
|
|t:|1757790304
|switch|p1a: Floatzel|Floatzel, F|100/100|[from] U-turn
|
|-weather|RainDance|[upkeep]
|upkeep
|inactive|coping walrus has 60 seconds left.
|
|t:|1757790345
|switch|p2a: Bagga Hot Cheetos|Volcanion|100/100
|turn|5
|
|t:|1757790351
|switch|p1a: Hatterene|Hatterene, F|100/100
|move|p2a: Bagga Hot Cheetos|Sludge Bomb|p1a: Hatterene
|-supereffective|p1a: Hatterene
|-crit|p1a: Hatterene
|-damage|p1a: Hatterene|6/100
|
|-weather|RainDance|[upkeep]
|upkeep
|turn|6
|
|t:|1757790359
|move|p2a: Bagga Hot Cheetos|Sludge Bomb|p1a: Hatterene
|-supereffective|p1a: Hatterene
|-damage|p1a: Hatterene|0 fnt
|faint|p1a: Hatterene
|
|-weather|RainDance|[upkeep]
|upkeep
|
|t:|1757790367
|switch|p1a: Meowscarada|Meowscarada, M|100/100
|turn|7
|
|t:|1757790375
|switch|p2a: Pete Wentz|Staraptor, F|100/100
|move|p1a: Meowscarada|Knock Off|p2a: Pete Wentz
|-start|p1a: Meowscarada|typechange|Dark|[from] ability: Protean
|-damage|p2a: Pete Wentz|0 fnt
|-enditem|p2a: Pete Wentz|Choice Band|[from] move: Knock Off|[of] p1a: Meowscarada
|faint|p2a: Pete Wentz
|
|-weather|RainDance|[upkeep]
|upkeep
|
|t:|1757790391
|switch|p2a: Winslow|Maushold, shiny|100/100
|turn|8
|
|t:|1757790396
|move|p1a: Meowscarada|Knock Off|p2a: Winslow
|-damage|p2a: Winslow|0 fnt
|-enditem|p2a: Winslow|Protective Pads|[from] move: Knock Off|[of] p1a: Meowscarada
|faint|p2a: Winslow
|
|-weather|none
|upkeep
|
|t:|1757790416
|switch|p2a: Bumper Balls|Diancie, shiny|100/100
|turn|9
|
|t:|1757790422
|switch|p1a: Pelipper|Pelipper, M|32/100
|-weather|RainDance|[from] ability: Drizzle|[of] p1a: Pelipper
|move|p2a: Bumper Balls|Diamond Storm|p1a: Pelipper
|-supereffective|p1a: Pelipper
|-damage|p1a: Pelipper|0 fnt
|-boost|p2a: Bumper Balls|def|2
|faint|p1a: Pelipper
|
|-weather|RainDance|[upkeep]
|upkeep
|
|t:|1757790432
|switch|p1a: Iron Treads|Iron Treads|100/100
|-enditem|p1a: Iron Treads|Booster Energy
|-activate|p1a: Iron Treads|ability: Quark Drive|[fromitem]
|-start|p1a: Iron Treads|quarkdrivespe
|turn|10
|
|t:|1757790438
|move|p1a: Iron Treads|Earthquake|p2a: Bumper Balls
|-supereffective|p2a: Bumper Balls
|-damage|p2a: Bumper Balls|65/100
|move|p2a: Bumper Balls|Diamond Storm|p1a: Iron Treads|[miss]
|-miss|p2a: Bumper Balls|p1a: Iron Treads
|
|-weather|RainDance|[upkeep]
|-heal|p2a: Bumper Balls|71/100|[from] item: Leftovers
|upkeep
|turn|11
|
|t:|1757790447
|move|p1a: Iron Treads|Knock Off|p2a: Bumper Balls
|-resisted|p2a: Bumper Balls
|-crit|p2a: Bumper Balls
|-damage|p2a: Bumper Balls|53/100
|-enditem|p2a: Bumper Balls|Leftovers|[from] move: Knock Off|[of] p1a: Iron Treads
|move|p2a: Bumper Balls|Diamond Storm|p1a: Iron Treads
|-resisted|p1a: Iron Treads
|-damage|p1a: Iron Treads|92/100
|-boost|p2a: Bumper Balls|def|2
|
|-weather|RainDance|[upkeep]
|upkeep
|turn|12
|inactive|coping walrus has 90 seconds left.
|
|t:|1757790456
|move|p1a: Iron Treads|Earthquake|p2a: Bumper Balls
|-supereffective|p2a: Bumper Balls
|-damage|p2a: Bumper Balls|28/100
|move|p2a: Bumper Balls|Calm Mind|p2a: Bumper Balls
|-boost|p2a: Bumper Balls|spa|1
|-boost|p2a: Bumper Balls|spd|1
|
|-weather|RainDance|[upkeep]
|upkeep
|turn|13
|
|t:|1757790463
|move|p1a: Iron Treads|Earthquake|p2a: Bumper Balls
|-supereffective|p2a: Bumper Balls
|-damage|p2a: Bumper Balls|0 fnt
|faint|p2a: Bumper Balls
|
|-weather|RainDance|[upkeep]
|upkeep
|inactive|coping walrus has 90 seconds left.
|c|☆coping walrus|lame
|
|t:|1757790478
|switch|p2a: Bagga Hot Cheetos|Volcanion|100/100
|turn|14
|
|t:|1757790485
|move|p1a: Iron Treads|Earthquake|p2a: Bagga Hot Cheetos
|-supereffective|p2a: Bagga Hot Cheetos
|-damage|p2a: Bagga Hot Cheetos|11/100
|move|p2a: Bagga Hot Cheetos|Flamethrower|p1a: Iron Treads
|-supereffective|p1a: Iron Treads
|-damage|p1a: Iron Treads|0 fnt
|faint|p1a: Iron Treads
|-end|p1a: Iron Treads|Quark Drive|[silent]
|
|-weather|RainDance|[upkeep]
|upkeep
|
|t:|1757790497
|switch|p1a: Meowscarada|Meowscarada, M|100/100
|turn|15
|
|t:|1757790512
|move|p1a: Meowscarada|Knock Off|p2a: Bagga Hot Cheetos
|-start|p1a: Meowscarada|typechange|Dark|[from] ability: Protean
|-damage|p2a: Bagga Hot Cheetos|0 fnt
|-enditem|p2a: Bagga Hot Cheetos|Choice Specs|[from] move: Knock Off|[of] p1a: Meowscarada
|faint|p2a: Bagga Hot Cheetos
|
|-weather|RainDance|[upkeep]
|upkeep
|
|t:|1757790519
|switch|p2a: Mrs. Potts|Polteageist, shiny|100/100
|turn|16
|
|t:|1757790525
|move|p1a: Meowscarada|Knock Off|p2a: Mrs. Potts
|-supereffective|p2a: Mrs. Potts
|-enditem|p2a: Mrs. Potts|Focus Sash
|-damage|p2a: Mrs. Potts|1/100
|-ability|p2a: Mrs. Potts|Weak Armor|boost
|-unboost|p2a: Mrs. Potts|def|1
|-boost|p2a: Mrs. Potts|spe|2
|move|p2a: Mrs. Potts|Shell Smash|p2a: Mrs. Potts
|-unboost|p2a: Mrs. Potts|def|1
|-unboost|p2a: Mrs. Potts|spd|1
|-boost|p2a: Mrs. Potts|atk|2
|-boost|p2a: Mrs. Potts|spa|2
|-boost|p2a: Mrs. Potts|spe|2
|
|-weather|none
|upkeep
|turn|17
|n|!rainbow bandaid|rainbowbandaid
|
|t:|1757790539
|move|p2a: Mrs. Potts|Shadow Ball|p1a: Meowscarada
|-resisted|p1a: Meowscarada
|-damage|p1a: Meowscarada|36/100
|move|p1a: Meowscarada|Knock Off|p2a: Mrs. Potts
|-supereffective|p2a: Mrs. Potts
|-damage|p2a: Mrs. Potts|0 fnt
|faint|p2a: Mrs. Potts
|
|win|rainbow bandaid
