|j|☆Jus4funsies
|j|☆FizzyXD
|t:|1757812799
|gametype|singles
|player|p1|Jus4funsies|teamrocket|1443
|player|p2|FizzyXD|swimmerf-gen4dp|1424
|gen|9
|tier|[Gen 9] OU
|rated|
|rule|HP Percentage Mod: HP is shown in percentages
|rule|Endless Battle Clause: Forcing endless battles is banned
|rule|Species Clause: Limit one of each Pokémon
|rule|OHKO Clause: OHKO moves are banned
|rule|Evasion Items Clause: Evasion items are banned
|rule|Evasion Moves Clause: Evasion moves are banned
|rule|Evasion Abilities Clause: Evasion abilities are banned
|rule|Sleep Moves Clause: Sleep-inducing moves are banned
|clearpoke
|poke|p1|Samurott-Hisui, F|
|poke|p1|Gholdengo|
|poke|p1|Great Tusk|
|poke|p1|Raging Bolt|
|poke|p1|Dragonite, F|
|poke|p1|Kingambit, M|
|poke|p2|Dragapult, M|
|poke|p2|Glimmora, M|
|poke|p2|Darkrai|
|poke|p2|Kingambit, M|
|poke|p2|Ogerpon-Wellspring, F|
|poke|p2|Blaziken, M|
|teampreview
|
|t:|1757812811
|teamsize|p1|6
|teamsize|p2|6
|start
|switch|p1a: Samurott|Samurott-Hisui, F|100/100
|switch|p2a: Blaziken|Blaziken, M, shiny|100/100
|turn|1
|inactive|Battle timer is ON: inactive players will automatically lose when time's up. (requested by FizzyXD)
|
|t:|1757812818
|move|p1a: Samurott|Razor Shell|p2a: Blaziken
|-supereffective|p2a: Blaziken
|-damage|p2a: Blaziken|0 fnt
|faint|p2a: Blaziken
|
|upkeep
|
|t:|1757812824
|switch|p2a: Glimmora|Glimmora, M, shiny|100/100
|turn|2
|
|t:|1757812829
|move|p1a: Samurott|Ceaseless Edge|p2a: Glimmora
|-damage|p2a: Glimmora|71/100
|-activate|p2a: Glimmora|ability: Toxic Debris
|-sidestart|p1: Jus4funsies|move: Toxic Spikes
|-sidestart|p2: FizzyXD|Spikes
|-enditem|p2a: Glimmora|Red Card|[of] p1a: Samurott
|drag|p1a: Gholdengo|Gholdengo, shiny|100/100
|-item|p1a: Gholdengo|Air Balloon
|move|p2a: Glimmora|Stealth Rock|p1a: Gholdengo
|-sidestart|p1: Jus4funsies|move: Stealth Rock
|
|upkeep
|turn|3
|
|t:|1757812839
|move|p1a: Gholdengo|Make It Rain|p2a: Glimmora
|-supereffective|p2a: Glimmora
|-damage|p2a: Glimmora|0 fnt
|-unboost|p1a: Gholdengo|spa|1
|faint|p2a: Glimmora
|
|upkeep
|
|t:|1757812854
|switch|p2a: Darkrai|Darkrai|100/100
|-damage|p2a: Darkrai|88/100|[from] Spikes
|turn|4
|inactive|Jus4funsies has 120 seconds left.
|inactive|Jus4funsies has 90 seconds left.
|
|t:|1757812926
|switch|p1a: Kingambit|Kingambit, M, shiny|100/100
|-damage|p1a: Kingambit|94/100|[from] Stealth Rock
|move|p2a: Darkrai|Dark Pulse|p1a: Kingambit
|-resisted|p1a: Kingambit
|-damage|p1a: Kingambit|71/100
|
|upkeep
|turn|5
|
|t:|1757812934
|move|p2a: Darkrai|Focus Blast|p1a: Kingambit|[miss]
|-miss|p2a: Darkrai|p1a: Kingambit
|move|p1a: Kingambit|Iron Head|p2a: Darkrai
|-damage|p2a: Darkrai|29/100
|
|upkeep
|turn|6
|
|t:|1757812937
|move|p1a: Kingambit|Sucker Punch|p2a: Darkrai
|-resisted|p2a: Darkrai
|-damage|p2a: Darkrai|0 fnt
|faint|p2a: Darkrai
|
|upkeep
|
|t:|1757812945
|switch|p2a: Ogerpon|Ogerpon-Wellspring, F|100/100
|-damage|p2a: Ogerpon|88/100|[from] Spikes
|turn|7
|
|t:|1757812961
|-end|p1a: Kingambit|fallenundefined|[silent]
|switch|p1a: Raging Bolt|Raging Bolt|100/100
|-status|p1a: Raging Bolt|psn
|-damage|p1a: Raging Bolt|88/100 psn|[from] Stealth Rock
|-enditem|p1a: Raging Bolt|Booster Energy
|-activate|p1a: Raging Bolt|ability: Protosynthesis|[fromitem]
|-start|p1a: Raging Bolt|protosynthesisspa
|move|p2a: Ogerpon|Taunt|p1a: Raging Bolt
|-start|p1a: Raging Bolt|move: Taunt
|
|-damage|p1a: Raging Bolt|76/100 psn|[from] psn
|upkeep
|turn|8
|
|t:|1757812975
|move|p1a: Raging Bolt|Thunderclap||[still]
|-fail|p1a: Raging Bolt
|move|p2a: Ogerpon|Swords Dance|p2a: Ogerpon
|-boost|p2a: Ogerpon|atk|2
|
|-damage|p1a: Raging Bolt|64/100 psn|[from] psn
|upkeep
|turn|9
|
|t:|1757812983
|move|p1a: Raging Bolt|Thunderclap|p2a: Ogerpon
|-damage|p2a: Ogerpon|19/100
|move|p2a: Ogerpon|Ivy Cudgel|p1a: Raging Bolt|[anim] Ivy Cudgel Water
|-resisted|p1a: Raging Bolt
|-damage|p1a: Raging Bolt|8/100 psn
|
|-damage|p1a: Raging Bolt|0 fnt|[from] psn
|faint|p1a: Raging Bolt
|-end|p1a: Raging Bolt|Protosynthesis|[silent]
|upkeep
|
|t:|1757812995
|switch|p1a: Dragonite|Dragonite, F|100/100
|turn|10
|
|t:|1757813001
|move|p1a: Dragonite|Extreme Speed|p2a: Ogerpon
|-damage|p2a: Ogerpon|0 fnt
|faint|p2a: Ogerpon
|
|upkeep
|
|t:|1757813004
|switch|p2a: Dragapult|Dragapult, M|100/100
|-damage|p2a: Dragapult|88/100|[from] Spikes
|turn|11
|
|t:|1757813018
|move|p2a: Dragapult|Dragon Darts|p1a: Dragonite
|-supereffective|p1a: Dragonite
|-damage|p1a: Dragonite|70/100
|-anim|p2a: Dragapult|Dragon Darts|p1a: Dragonite
|-supereffective|p1a: Dragonite
|-damage|p1a: Dragonite|8/100
|-damage|p2a: Dragapult|78/100|[from] item: Life Orb
|move|p1a: Dragonite|Earthquake|p2a: Dragapult
|-damage|p2a: Dragapult|26/100
|
|upkeep
|turn|12
|
|t:|1757813029
|move|p2a: Dragapult|Shadow Ball|p1a: Dragonite
|-damage|p1a: Dragonite|0 fnt
|faint|p1a: Dragonite
|-damage|p2a: Dragapult|17/100|[from] item: Life Orb
|
|upkeep
|
|t:|1757813034
|switch|p1a: Gholdengo|Gholdengo, shiny|100/100
|-damage|p1a: Gholdengo|94/100|[from] Stealth Rock
|-item|p1a: Gholdengo|Air Balloon
|turn|13
|
|t:|1757813037
|move|p2a: Dragapult|Shadow Ball|p1a: Gholdengo
|-supereffective|p1a: Gholdengo
|-damage|p1a: Gholdengo|0 fnt
|-enditem|p1a: Gholdengo|Air Balloon
|faint|p1a: Gholdengo
|-damage|p2a: Dragapult|7/100|[from] item: Life Orb
|
|upkeep
|
|t:|1757813046
|switch|p1a: Samurott|Samurott-Hisui, F|100/100
|-status|p1a: Samurott|psn
|-damage|p1a: Samurott|88/100 psn|[from] Stealth Rock
|turn|14
|
|t:|1757813054
|move|p1a: Samurott|Sucker Punch|p2a: Dragapult
|-supereffective|p2a: Dragapult
|-damage|p2a: Dragapult|0 fnt
|faint|p2a: Dragapult
|
|-damage|p1a: Samurott|76/100 psn|[from] psn
|upkeep
|
|t:|1757813056
|switch|p2a: Kingambit|Kingambit, M, shiny|100/100
|-damage|p2a: Kingambit|88/100|[from] Spikes
|-activate|p2a: Kingambit|ability: Supreme Overlord
|-start|p2a: Kingambit|fallen5|[silent]
|turn|15
|
|t:|1757813075
|-terastallize|p2a: Kingambit|Ghost
|move|p1a: Samurott|Taunt|p2a: Kingambit
|-start|p2a: Kingambit|move: Taunt
|cant|p2a: Kingambit|move: Taunt|Swords Dance
|
|-heal|p2a: Kingambit|94/100|[from] item: Leftovers
|-damage|p1a: Samurott|63/100 psn|[from] psn
|upkeep
|turn|16
|
|t:|1757813085
|move|p2a: Kingambit|Sucker Punch|p1a: Samurott
|-resisted|p1a: Samurott
|-damage|p1a: Samurott|24/100 psn
|move|p1a: Samurott|Ceaseless Edge|p2a: Kingambit|[miss]
|-miss|p1a: Samurott|p2a: Kingambit
|
|-heal|p2a: Kingambit|100/100|[from] item: Leftovers
|-damage|p1a: Samurott|12/100 psn|[from] psn
|upkeep
|turn|17
|
|t:|1757813090
|move|p1a: Samurott|Sucker Punch|p2a: Kingambit
|-supereffective|p2a: Kingambit
|-damage|p2a: Kingambit|55/100
|move|p2a: Kingambit|Sucker Punch||[still]
|-fail|p2a: Kingambit
|
|-heal|p2a: Kingambit|62/100|[from] item: Leftovers
|-damage|p1a: Samurott|0 fnt|[from] psn
|faint|p1a: Samurott
|-end|p2a: Kingambit|move: Taunt
|upkeep
|
|t:|1757813094
|switch|p1a: Great Tusk|Great Tusk|100/100
|turn|18
|
|t:|1757813098
|move|p1a: Great Tusk|Knock Off|p2a: Kingambit
|-supereffective|p2a: Kingambit
|-damage|p2a: Kingambit|20/100
|-enditem|p2a: Kingambit|Leftovers|[from] move: Knock Off|[of] p1a: Great Tusk
|move|p2a: Kingambit|Iron Head|p1a: Great Tusk
|-damage|p1a: Great Tusk|57/100
|
|upkeep
|turn|19
|
|t:|1757813104
|move|p2a: Kingambit|Sucker Punch|p1a: Great Tusk
|-resisted|p1a: Great Tusk
|-damage|p1a: Great Tusk|39/100
|move|p1a: Great Tusk|Headlong Rush|p2a: Kingambit
|-crit|p2a: Kingambit
|-damage|p2a: Kingambit|0 fnt
|-unboost|p1a: Great Tusk|def|1
|-unboost|p1a: Great Tusk|spd|1
|faint|p2a: Kingambit
|-end|p2a: Kingambit|fallen5|[silent]
|
|win|Jus4funsies
|raw|Jus4funsies's rating: 1443 &rarr; <strong>1462</strong><br />(+19 for winning)
|raw|FizzyXD's rating: 1424 &rarr; <strong>1405</strong><br />(-19 for losing)
|l|☆FizzyXD
|player|p2|
