|j|☆cchang21
|j|‽harc
|t:|1757838729
|gametype|singles
|player|p1|cchang21|emmet|1304
|player|p2|harc|lady|1309
|gen|9
|tier|[Gen 9] OU
|rated|
|rule|HP Percentage Mod: HP is shown in percentages
|rule|Endless Battle Clause: Forcing endless battles is banned
|rule|Species Clause: Limit one of each Pokémon
|rule|OHKO Clause: OHKO moves are banned
|rule|Evasion Items Clause: Evasion items are banned
|rule|Evasion Moves Clause: Evasion moves are banned
|rule|Evasion Abilities Clause: Evasion abilities are banned
|rule|Sleep Moves Clause: Sleep-inducing moves are banned
|clearpoke
|poke|p1|Ribombee, F|
|poke|p1|Kingambit, M|
|poke|p1|Weavile, F|
|poke|p1|Manaphy|
|poke|p1|Gholdengo|
|poke|p1|Dragapult, M|
|poke|p2|Dachsbun, M|
|poke|p2|Dondozo, F|
|poke|p2|Corviknight, M|
|poke|p2|Goodra, M|
|poke|p2|Reuniclus, M|
|poke|p2|Tyranitar, M|
|teampreview
|inactive|Battle timer is ON: inactive players will automatically lose when time's up. (requested by cchang21)
|
|t:|1757838745
|teamsize|p1|6
|teamsize|p2|6
|start
|switch|p1a: Ribombee|Ribombee, F|100/100
|switch|p2a: Tyranitar|Tyranitar, M|100/100
|-weather|Sandstorm|[from] ability: Sand Stream|[of] p2a: Tyranitar
|turn|1
|
|t:|1757838755
|move|p1a: Ribombee|Sticky Web|p2a: Tyranitar
|-sidestart|p2: harc|move: Sticky Web
|move|p2a: Tyranitar|Stone Edge|p1a: Ribombee
|-supereffective|p1a: Ribombee
|-enditem|p1a: Ribombee|Focus Sash
|-damage|p1a: Ribombee|1/100
|
|-weather|Sandstorm|[upkeep]
|-damage|p1a: Ribombee|0 fnt|[from] Sandstorm
|faint|p1a: Ribombee
|upkeep
|
|t:|1757838770
|switch|p1a: Gholdengo|Gholdengo|100/100
|-item|p1a: Gholdengo|Air Balloon
|turn|2
|
|t:|1757838784
|switch|p2a: Goodra|Goodra, M|100/100
|-activate|p2a: Goodra|move: Sticky Web
|-unboost|p2a: Goodra|spe|1
|move|p1a: Gholdengo|Focus Blast|p2a: Goodra
|-damage|p2a: Goodra|88/100
|
|-weather|Sandstorm|[upkeep]
|-damage|p2a: Goodra|81/100|[from] Sandstorm
|upkeep
|turn|3
|
|t:|1757838795
|switch|p1a: Dragapult|Dragapult, M|100/100
|move|p2a: Goodra|Knock Off|p1a: Dragapult
|-supereffective|p1a: Dragapult
|-damage|p1a: Dragapult|39/100
|-enditem|p1a: Dragapult|Life Orb|[from] move: Knock Off|[of] p2a: Goodra
|
|-weather|Sandstorm|[upkeep]
|-damage|p1a: Dragapult|33/100|[from] Sandstorm
|-damage|p2a: Goodra|75/100|[from] Sandstorm
|upkeep
|turn|4
|
|t:|1757838818
|switch|p2a: Dachsbun|Dachsbun, M|100/100
|-activate|p2a: Dachsbun|move: Sticky Web
|-unboost|p2a: Dachsbun|spe|1
|move|p1a: Dragapult|Dragon Darts|p2a: Dachsbun
|-immune|p2a: Dachsbun
|
|-weather|Sandstorm|[upkeep]
|-damage|p1a: Dragapult|27/100|[from] Sandstorm
|-damage|p2a: Dachsbun|95/100|[from] Sandstorm
|-heal|p2a: Dachsbun|100/100|[from] item: Leftovers
|upkeep
|turn|5
|
|t:|1757838830
|move|p1a: Dragapult|Shadow Ball|p2a: Dachsbun
|-damage|p2a: Dachsbun|58/100
|move|p2a: Dachsbun|Wish|p2a: Dachsbun
|
|-weather|none
|-heal|p2a: Dachsbun|64/100|[from] item: Leftovers
|upkeep
|turn|6
|
|t:|1757838839
|move|p1a: Dragapult|Shadow Ball|p2a: Dachsbun
|-damage|p2a: Dachsbun|22/100
|move|p2a: Dachsbun|Alluring Voice|p1a: Dragapult
|-supereffective|p1a: Dragapult
|-damage|p1a: Dragapult|0 fnt
|faint|p1a: Dragapult
|
|-heal|p2a: Dachsbun|72/100|[from] move: Wish|[wisher] Dachsbun
|-heal|p2a: Dachsbun|78/100|[from] item: Leftovers
|upkeep
|
|t:|1757838853
|switch|p1a: Manaphy|Manaphy|100/100
|turn|7
|
|t:|1757838856
|move|p1a: Manaphy|Tail Glow|p1a: Manaphy
|-boost|p1a: Manaphy|spa|3
|move|p2a: Dachsbun|Wish|p2a: Dachsbun
|
|-heal|p2a: Dachsbun|84/100|[from] item: Leftovers
|upkeep
|turn|8
|
|t:|1757838867
|switch|p2a: Dondozo|Dondozo, F|100/100
|-activate|p2a: Dondozo|move: Sticky Web
|-unboost|p2a: Dondozo|spe|1
|move|p1a: Manaphy|Surf|p2a: Dondozo
|-resisted|p2a: Dondozo
|-damage|p2a: Dondozo|82/100
|
|-heal|p2a: Dondozo|100/100|[from] move: Wish|[wisher] Dachsbun
|upkeep
|turn|9
|
|t:|1757838881
|move|p1a: Manaphy|Energy Ball|p2a: Dondozo
|-supereffective|p2a: Dondozo
|-damage|p2a: Dondozo|54/100
|move|p2a: Dondozo|Curse|p2a: Dondozo
|-unboost|p2a: Dondozo|spe|1
|-boost|p2a: Dondozo|atk|1
|-boost|p2a: Dondozo|def|1
|
|-heal|p2a: Dondozo|61/100|[from] item: Leftovers
|upkeep
|turn|10
|
|t:|1757838898
|-terastallize|p2a: Dondozo|Dragon
|move|p1a: Manaphy|Energy Ball|p2a: Dondozo
|-resisted|p2a: Dondozo
|-damage|p2a: Dondozo|47/100
|move|p2a: Dondozo|Body Press|p1a: Manaphy
|-damage|p1a: Manaphy|58/100
|
|-heal|p1a: Manaphy|64/100|[from] item: Leftovers
|-heal|p2a: Dondozo|53/100|[from] item: Leftovers
|upkeep
|turn|11
|
|t:|1757838909
|move|p1a: Manaphy|Ice Beam|p2a: Dondozo
|-supereffective|p2a: Dondozo
|-damage|p2a: Dondozo|1/100
|move|p2a: Dondozo|Earthquake|p1a: Manaphy
|-damage|p1a: Manaphy|32/100
|
|-heal|p1a: Manaphy|38/100|[from] item: Leftovers
|-heal|p2a: Dondozo|7/100|[from] item: Leftovers
|upkeep
|turn|12
|
|t:|1757838924
|switch|p2a: Tyranitar|Tyranitar, M|100/100
|-activate|p2a: Tyranitar|move: Sticky Web
|-unboost|p2a: Tyranitar|spe|1
|-weather|Sandstorm|[from] ability: Sand Stream|[of] p2a: Tyranitar
|move|p1a: Manaphy|Surf|p2a: Tyranitar
|-supereffective|p2a: Tyranitar
|-damage|p2a: Tyranitar|49/100
|
|-weather|Sandstorm|[upkeep]
|-damage|p1a: Manaphy|32/100|[from] Sandstorm
|-heal|p1a: Manaphy|38/100|[from] item: Leftovers
|upkeep
|turn|13
|
|t:|1757838936
|move|p1a: Manaphy|Surf|p2a: Tyranitar
|-supereffective|p2a: Tyranitar
|-damage|p2a: Tyranitar|0 fnt
|faint|p2a: Tyranitar
|
|-weather|Sandstorm|[upkeep]
|-damage|p1a: Manaphy|32/100|[from] Sandstorm
|-heal|p1a: Manaphy|38/100|[from] item: Leftovers
|upkeep
|
|t:|1757838948
|switch|p2a: Goodra|Goodra, M|75/100
|-activate|p2a: Goodra|move: Sticky Web
|-unboost|p2a: Goodra|spe|1
|turn|14
|
|t:|1757838957
|move|p1a: Manaphy|Ice Beam|p2a: Goodra
|-supereffective|p2a: Goodra
|-damage|p2a: Goodra|33/100
|move|p2a: Goodra|Dragon Tail|p1a: Manaphy
|-damage|p1a: Manaphy|17/100
|drag|p1a: Weavile|Weavile, F|100/100
|-ability|p1a: Weavile|Pressure
|
|-weather|Sandstorm|[upkeep]
|-damage|p1a: Weavile|94/100|[from] Sandstorm
|-damage|p2a: Goodra|27/100|[from] Sandstorm
|upkeep
|turn|15
|
|t:|1757838971
|move|p1a: Weavile|Swords Dance|p1a: Weavile
|-boost|p1a: Weavile|atk|2
|move|p2a: Goodra|Flamethrower|p1a: Weavile
|-supereffective|p1a: Weavile
|-damage|p1a: Weavile|36/100
|
|-weather|Sandstorm|[upkeep]
|-damage|p1a: Weavile|30/100|[from] Sandstorm
|-damage|p2a: Goodra|21/100|[from] Sandstorm
|upkeep
|turn|16
|
|t:|1757838982
|move|p1a: Weavile|Triple Axel|p2a: Goodra
|-supereffective|p2a: Goodra
|-damage|p2a: Goodra|0 fnt
|faint|p2a: Goodra
|-hitcount|p2: Goodra|1
|
|-weather|none
|upkeep
|
|t:|1757838994
|switch|p2a: Dachsbun|Dachsbun, M|84/100
|-activate|p2a: Dachsbun|move: Sticky Web
|-unboost|p2a: Dachsbun|spe|1
|turn|17
|
|t:|1757839001
|move|p1a: Weavile|Triple Axel|p2a: Dachsbun
|-damage|p2a: Dachsbun|69/100
|-damage|p2a: Dachsbun|43/100
|-crit|p2a: Dachsbun
|-damage|p2a: Dachsbun|0 fnt
|faint|p2a: Dachsbun
|-hitcount|p2: Dachsbun|3
|
|upkeep
|
|t:|1757839010
|switch|p2a: Corviknight|Corviknight, M|100/100
|turn|18
|
|t:|1757839015
|move|p1a: Weavile|Triple Axel|p2a: Corviknight
|-damage|p2a: Corviknight|85/100
|-damage|p2a: Corviknight|54/100
|-damage|p2a: Corviknight|6/100
|-hitcount|p2a: Corviknight|3
|move|p2a: Corviknight|Body Press|p1a: Weavile
|-supereffective|p1a: Weavile
|-damage|p1a: Weavile|0 fnt
|faint|p1a: Weavile
|
|-heal|p2a: Corviknight|13/100|[from] item: Leftovers
|upkeep
|
|t:|1757839023
|switch|p1a: Manaphy|Manaphy|17/100
|turn|19
|
|t:|1757839037
|move|p1a: Manaphy|Surf|p2a: Corviknight
|-damage|p2a: Corviknight|0 fnt
|faint|p2a: Corviknight
|
|-heal|p1a: Manaphy|23/100|[from] item: Leftovers
|upkeep
|
|t:|1757839043
|switch|p2a: Reuniclus|Reuniclus, M|100/100
|-activate|p2a: Reuniclus|move: Sticky Web
|-unboost|p2a: Reuniclus|spe|1
|turn|20
|
|t:|1757839053
|move|p1a: Manaphy|Surf|p2a: Reuniclus
|-damage|p2a: Reuniclus|66/100
|move|p2a: Reuniclus|Calm Mind|p2a: Reuniclus
|-boost|p2a: Reuniclus|spa|1
|-boost|p2a: Reuniclus|spd|1
|
|-heal|p1a: Manaphy|29/100|[from] item: Leftovers
|-heal|p2a: Reuniclus|72/100|[from] item: Leftovers
|upkeep
|turn|21
|
|t:|1757839065
|move|p1a: Manaphy|Tail Glow|p1a: Manaphy
|-boost|p1a: Manaphy|spa|3
|move|p2a: Reuniclus|Psychic Noise|p1a: Manaphy
|-damage|p1a: Manaphy|0 fnt
|faint|p1a: Manaphy
|
|-heal|p2a: Reuniclus|78/100|[from] item: Leftovers
|upkeep
|
|t:|1757839068
|switch|p1a: Gholdengo|Gholdengo|100/100
|-item|p1a: Gholdengo|Air Balloon
|turn|22
|
|t:|1757839092
|-terastallize|p1a: Gholdengo|Fairy
|move|p1a: Gholdengo|Nasty Plot|p1a: Gholdengo
|-boost|p1a: Gholdengo|spa|2
|move|p2a: Reuniclus|Shadow Ball|p1a: Gholdengo
|-damage|p1a: Gholdengo|62/100
|-enditem|p1a: Gholdengo|Air Balloon
|
|-heal|p2a: Reuniclus|84/100|[from] item: Leftovers
|upkeep
|turn|23
|
|t:|1757839106
|move|p1a: Gholdengo|Shadow Ball|p2a: Reuniclus
|-supereffective|p2a: Reuniclus
|-damage|p2a: Reuniclus|0 fnt
|faint|p2a: Reuniclus
|
|upkeep
|-message|harc forfeited.
|
|win|cchang21
|raw|cchang21's rating: 1304 &rarr; <strong>1324</strong><br />(+20 for winning)
|raw|harc's rating: 1309 &rarr; <strong>1289</strong><br />(-20 for losing)
|l|‽harc
|player|p2|
|l|☆cchang21
|player|p1|
