|j|☆fredpalas
|j|☆TheJobApplication
|t:|1757859026
|gametype|singles
|player|p1|fredpalas|steven|1359
|player|p2|TheJobApplication|2|1358
|gen|9
|tier|[Gen 9] OU
|rated|
|rule|HP Percentage Mod: HP is shown in percentages
|rule|Endless Battle Clause: Forcing endless battles is banned
|rule|Species Clause: Limit one of each Pokémon
|rule|OHKO Clause: OHKO moves are banned
|rule|Evasion Items Clause: Evasion items are banned
|rule|Evasion Moves Clause: Evasion moves are banned
|rule|Evasion Abilities Clause: Evasion abilities are banned
|rule|Sleep Moves Clause: Sleep-inducing moves are banned
|clearpoke
|poke|p1|Corviknight, F|
|poke|p1|Ogerpon-Wellspring, F|
|poke|p1|Dragapult, F|
|poke|p1|Landorus-Therian, M|
|poke|p1|Glimmora, M|
|poke|p1|Iron Moth|
|poke|p2|Chandelure, M|
|poke|p2|Great Tusk|
|poke|p2|Kingambit, F|
|poke|p2|Dragapult, M|
|poke|p2|Rillaboom, F|
|poke|p2|Corviknight, M|
|teampreview
|inactive|Battle timer is ON: inactive players will automatically lose when time's up. (requested by TheJobApplication)
|
|t:|1757859033
|teamsize|p1|6
|teamsize|p2|6
|start
|switch|p1a: Glimmora|Glimmora, M|100/100
|switch|p2a: Steven|Dragapult, M|100/100
|-item|p1a: Glimmora|Air Balloon
|turn|1
|
|t:|1757859040
|move|p2a: Steven|Hydro Pump|p1a: Glimmora|[miss]
|-miss|p2a: Steven|p1a: Glimmora
|move|p1a: Glimmora|Power Gem|p2a: Steven
|-damage|p2a: Steven|48/100
|
|upkeep
|turn|2
|
|t:|1757859048
|switch|p1a: Ogerpon|Ogerpon-Wellspring, F|100/100
|move|p2a: Steven|Hydro Pump|p1a: Ogerpon
|-immune|p1a: Ogerpon|[from] ability: Water Absorb
|
|upkeep
|turn|3
|
|t:|1757859057
|switch|p2a: Evan|Corviknight, M|100/100
|-ability|p2a: Evan|Pressure
|move|p1a: Ogerpon|Ivy Cudgel|p2a: Evan|[anim] Ivy Cudgel Water
|-damage|p2a: Evan|68/100
|
|upkeep
|turn|4
|
|t:|1757859066
|switch|p1a: Corviknight|Corviknight, F|100/100
|-ability|p1a: Corviknight|Pressure
|move|p2a: Evan|Brave Bird|p1a: Corviknight
|-resisted|p1a: Corviknight
|-damage|p1a: Corviknight|90/100
|-damage|p2a: Evan|65/100|[from] Recoil
|
|-heal|p1a: Corviknight|96/100|[from] item: Leftovers
|upkeep
|turn|5
|
|t:|1757859074
|move|p1a: Corviknight|Bulk Up|p1a: Corviknight
|-boost|p1a: Corviknight|atk|1
|-boost|p1a: Corviknight|def|1
|move|p2a: Evan|U-turn|p1a: Corviknight
|-resisted|p1a: Corviknight
|-damage|p1a: Corviknight|95/100
|
|t:|1757859077
|switch|p2a: Lebron|Chandelure, M|100/100|[from] U-turn
|
|-heal|p1a: Corviknight|100/100|[from] item: Leftovers
|upkeep
|turn|6
|
|t:|1757859088
|switch|p1a: Ogerpon|Ogerpon-Wellspring, F|100/100
|move|p2a: Lebron|Fire Blast|p1a: Ogerpon
|-damage|p1a: Ogerpon|22/100
|
|upkeep
|turn|7
|
|t:|1757859096
|move|p2a: Lebron|Fire Blast|p1a: Ogerpon
|-damage|p1a: Ogerpon|0 fnt
|faint|p1a: Ogerpon
|
|upkeep
|
|t:|1757859106
|switch|p1a: Landorus|Landorus-Therian, M|100/100
|-ability|p1a: Landorus|Intimidate|boost
|-unboost|p2a: Lebron|atk|1
|turn|8
|
|t:|1757859113
|switch|p2a: Nicholas|Rillaboom, F|100/100
|-fieldstart|move: Grassy Terrain|[from] ability: Grassy Surge|[of] p2a: Nicholas
|move|p1a: Landorus|Earthquake|p2a: Nicholas
|-resisted|p2a: Nicholas
|-damage|p2a: Nicholas|86/100
|
|-heal|p2a: Nicholas|92/100|[from] Grassy Terrain
|upkeep
|turn|9
|
|t:|1757859118
|switch|p1a: Dragapult|Dragapult, F|100/100
|move|p2a: Nicholas|Knock Off|p1a: Dragapult
|-supereffective|p1a: Dragapult
|-damage|p1a: Dragapult|0 fnt
|-enditem|p1a: Dragapult|Choice Specs|[from] move: Knock Off|[of] p2a: Nicholas
|faint|p1a: Dragapult
|
|-heal|p2a: Nicholas|98/100|[from] Grassy Terrain
|upkeep
|
|t:|1757859126
|switch|p1a: Iron Moth|Iron Moth|100/100
|-enditem|p1a: Iron Moth|Booster Energy
|-activate|p1a: Iron Moth|ability: Quark Drive|[fromitem]
|-start|p1a: Iron Moth|quarkdrivespe
|turn|10
|
|t:|1757859129
|switch|p2a: Lebron|Chandelure, M|100/100
|move|p1a: Iron Moth|Fiery Dance|p2a: Lebron
|-start|p2a: Lebron|ability: Flash Fire
|
|upkeep
|turn|11
|
|t:|1757859136
|-end|p1a: Iron Moth|Quark Drive|[silent]
|switch|p1a: Landorus|Landorus-Therian, M|100/100
|-ability|p1a: Landorus|Intimidate|boost
|-unboost|p2a: Lebron|atk|1
|move|p2a: Lebron|Fire Blast|p1a: Landorus
|-damage|p1a: Landorus|0 fnt
|faint|p1a: Landorus
|
|upkeep
|
|t:|1757859139
|switch|p1a: Glimmora|Glimmora, M|100/100
|-item|p1a: Glimmora|Air Balloon
|turn|12
|
|t:|1757859157
|-end|p2a: Lebron|ability: Flash Fire|[silent]
|switch|p2a: Michael|Great Tusk|100/100
|-enditem|p2a: Michael|Booster Energy
|-activate|p2a: Michael|ability: Protosynthesis|[fromitem]
|-start|p2a: Michael|protosynthesisatk
|move|p1a: Glimmora|Power Gem|p2a: Michael
|-resisted|p2a: Michael
|-damage|p2a: Michael|86/100
|
|-heal|p2a: Michael|93/100|[from] Grassy Terrain
|-fieldend|move: Grassy Terrain
|upkeep
|turn|13
|
|t:|1757859163
|move|p1a: Glimmora|Toxic|p2a: Michael
|-status|p2a: Michael|tox
|move|p2a: Michael|Close Combat|p1a: Glimmora
|-damage|p1a: Glimmora|8/100
|-unboost|p2a: Michael|def|1
|-unboost|p2a: Michael|spd|1
|-enditem|p1a: Glimmora|Air Balloon
|
|-damage|p2a: Michael|86/100 tox|[from] psn
|upkeep
|turn|14
|
|t:|1757859174
|move|p1a: Glimmora|Power Gem|p2a: Michael
|-resisted|p2a: Michael
|-damage|p2a: Michael|68/100 tox
|move|p2a: Michael|Close Combat|p1a: Glimmora
|-crit|p1a: Glimmora
|-damage|p1a: Glimmora|0 fnt
|-unboost|p2a: Michael|def|1
|-unboost|p2a: Michael|spd|1
|faint|p1a: Glimmora
|
|-damage|p2a: Michael|55/100 tox|[from] psn
|upkeep
|
|t:|1757859179
|switch|p1a: Corviknight|Corviknight, F|100/100
|-ability|p1a: Corviknight|Pressure
|turn|15
|
|t:|1757859181
|move|p2a: Michael|Close Combat|p1a: Corviknight
|-damage|p1a: Corviknight|57/100
|-unboost|p2a: Michael|def|1
|-unboost|p2a: Michael|spd|1
|move|p1a: Corviknight|Substitute|p1a: Corviknight
|-start|p1a: Corviknight|Substitute
|-damage|p1a: Corviknight|32/100
|
|-heal|p1a: Corviknight|38/100|[from] item: Leftovers
|-damage|p2a: Michael|36/100 tox|[from] psn
|upkeep
|turn|16
|
|t:|1757859184
|move|p2a: Michael|Close Combat|p1a: Corviknight
|-end|p1a: Corviknight|Substitute
|-unboost|p2a: Michael|def|1
|-unboost|p2a: Michael|spd|1
|move|p1a: Corviknight|Roost|p1a: Corviknight
|-heal|p1a: Corviknight|88/100
|-singleturn|p1a: Corviknight|move: Roost
|
|-heal|p1a: Corviknight|94/100|[from] item: Leftovers
|-damage|p2a: Michael|12/100 tox|[from] psn
|upkeep
|turn|17
|
|t:|1757859189
|move|p2a: Michael|Close Combat|p1a: Corviknight
|-damage|p1a: Corviknight|47/100
|-unboost|p2a: Michael|def|1
|-unboost|p2a: Michael|spd|1
|move|p1a: Corviknight|Substitute|p1a: Corviknight
|-start|p1a: Corviknight|Substitute
|-damage|p1a: Corviknight|22/100
|
|-heal|p1a: Corviknight|28/100|[from] item: Leftovers
|-damage|p2a: Michael|0 fnt|[from] psn
|faint|p2a: Michael
|-end|p2a: Michael|Protosynthesis|[silent]
|upkeep
|
|t:|1757859192
|switch|p2a: Steven|Dragapult, M|48/100
|turn|18
|
|t:|1757859194
|move|p2a: Steven|Shadow Ball|p1a: Corviknight
|-damage|p1a: Corviknight|0 fnt
|faint|p1a: Corviknight
|
|upkeep
|
|t:|1757859197
|switch|p1a: Iron Moth|Iron Moth|100/100
|turn|19
|
|t:|1757859200
|switch|p2a: Evan|Corviknight, M|65/100
|-ability|p2a: Evan|Pressure
|move|p1a: Iron Moth|Dazzling Gleam|p2a: Evan
|-resisted|p2a: Evan
|-damage|p2a: Evan|51/100
|
|upkeep
|turn|20
|
|t:|1757859208
|switch|p2a: Lebron|Chandelure, M|100/100
|move|p1a: Iron Moth|Substitute|p1a: Iron Moth
|-start|p1a: Iron Moth|Substitute
|-damage|p1a: Iron Moth|76/100
|
|upkeep
|turn|21
|
|t:|1757859215
|move|p2a: Lebron|Shadow Ball|p1a: Iron Moth
|-end|p1a: Iron Moth|Substitute
|move|p1a: Iron Moth|Sludge Wave|p2a: Lebron
|-resisted|p2a: Lebron
|-damage|p2a: Lebron|68/100
|
|upkeep
|turn|22
|
|t:|1757859221
|move|p2a: Lebron|Shadow Ball|p1a: Iron Moth
|-damage|p1a: Iron Moth|25/100
|move|p1a: Iron Moth|Dazzling Gleam|p2a: Lebron
|-resisted|p2a: Lebron
|-damage|p2a: Lebron|50/100
|
|upkeep
|turn|23
|
|t:|1757859224
|move|p2a: Lebron|Shadow Ball|p1a: Iron Moth
|-damage|p1a: Iron Moth|0 fnt
|faint|p1a: Iron Moth
|-end|p1a: Iron Moth|Quark Drive|[silent]
|
|win|TheJobApplication
|raw|fredpalas's rating: 1359 &rarr; <strong>1339</strong><br />(-20 for losing)
|raw|TheJobApplication's rating: 1358 &rarr; <strong>1378</strong><br />(+20 for winning)
|l|☆fredpalas
|player|p1|
|l|☆TheJobApplication
|player|p2|
