|j|☆mongwong
|j|☆aneerie
|t:|1757859009
|gametype|singles
|player|p1|mongwong|silver-gen2|1456
|player|p2|aneerie|169|1426
|gen|9
|tier|[Gen 9] OU
|rated|
|rule|HP Percentage Mod: HP is shown in percentages
|rule|Endless Battle Clause: Forcing endless battles is banned
|rule|Species Clause: Limit one of each Pokémon
|rule|OHKO Clause: OHKO moves are banned
|rule|Evasion Items Clause: Evasion items are banned
|rule|Evasion Moves Clause: Evasion moves are banned
|rule|Evasion Abilities Clause: Evasion abilities are banned
|rule|Sleep Moves Clause: Sleep-inducing moves are banned
|clearpoke
|poke|p1|Pelipper, M|
|poke|p1|Barraskewda, M|
|poke|p1|Jolteon, F|
|poke|p1|Kingdra, M|
|poke|p1|Pecharunt|
|poke|p1|Scizor, M|
|poke|p2|Ogerpon-Wellspring, F|
|poke|p2|Kingambit, M|
|poke|p2|Landorus-Therian, M|
|poke|p2|Cinderace, M|
|poke|p2|Dragapult, M|
|poke|p2|Iron Valiant|
|teampreview
|inactive|Battle timer is ON: inactive players will automatically lose when time's up. (requested by aneerie)
|
|t:|1757859027
|teamsize|p1|6
|teamsize|p2|6
|start
|switch|p1a: Jolteon|Jolteon, F|100/100
|switch|p2a: Dragapult|Dragapult, M|100/100
|turn|1
|
|t:|1757859036
|switch|p1a: Scizor|Scizor, M|100/100
|move|p2a: Dragapult|Draco Meteor|p1a: Scizor
|-resisted|p1a: Scizor
|-damage|p1a: Scizor|67/100
|-unboost|p2a: Dragapult|spa|2
|
|-heal|p1a: Scizor|73/100|[from] item: Leftovers
|upkeep
|turn|2
|
|t:|1757859049
|switch|p2a: Cinderace|Cinderace, M|100/100
|move|p1a: Scizor|U-turn|p2a: Cinderace
|-resisted|p2a: Cinderace
|-damage|p2a: Cinderace|81/100
|
|t:|1757859051
|switch|p1a: Pelipper|Pelipper, M|100/100|[from] U-turn
|-weather|RainDance|[from] ability: Drizzle|[of] p1a: Pelipper
|
|-weather|RainDance|[upkeep]
|upkeep
|turn|3
|
|t:|1757859055
|move|p2a: Cinderace|U-turn|p1a: Pelipper
|-start|p2a: Cinderace|typechange|Bug|[from] ability: Libero
|-resisted|p1a: Pelipper
|-damage|p1a: Pelipper|87/100
|
|t:|1757859060
|switch|p2a: Dragapult|Dragapult, M|100/100|[from] U-turn
|move|p1a: Pelipper|U-turn|p2a: Dragapult
|-resisted|p2a: Dragapult
|-damage|p2a: Dragapult|95/100
|
|t:|1757859065
|switch|p1a: Kingdra|Kingdra, M|100/100|[from] U-turn
|
|-weather|RainDance|[upkeep]
|upkeep
|turn|4
|
|t:|1757859070
|switch|p2a: Iron Valiant|Iron Valiant|100/100
|-enditem|p2a: Iron Valiant|Booster Energy
|-activate|p2a: Iron Valiant|ability: Quark Drive|[fromitem]
|-start|p2a: Iron Valiant|quarkdrivespe
|move|p1a: Kingdra|Hurricane|p2a: Iron Valiant
|-supereffective|p2a: Iron Valiant
|-damage|p2a: Iron Valiant|0 fnt
|faint|p2a: Iron Valiant
|-end|p2a: Iron Valiant|Quark Drive|[silent]
|
|-weather|RainDance|[upkeep]
|upkeep
|
|t:|1757859084
|switch|p2a: Kingambit|Kingambit, M|100/100
|-activate|p2a: Kingambit|ability: Supreme Overlord
|-start|p2a: Kingambit|fallen1|[silent]
|turn|5
|
|t:|1757859094
|switch|p1a: Pelipper|Pelipper, M|87/100
|move|p2a: Kingambit|Low Kick|p1a: Pelipper
|-resisted|p1a: Pelipper
|-damage|p1a: Pelipper|77/100
|
|-weather|RainDance|[upkeep]
|upkeep
|turn|6
|
|t:|1757859114
|move|p1a: Pelipper|Weather Ball|p2a: Kingambit
|-damage|p2a: Kingambit|51/100
|move|p2a: Kingambit|Swords Dance|p2a: Kingambit
|-boost|p2a: Kingambit|atk|2
|
|-weather|RainDance|[upkeep]
|-heal|p2a: Kingambit|57/100|[from] item: Leftovers
|upkeep
|turn|7
|
|t:|1757859123
|move|p2a: Kingambit|Sucker Punch|p1a: Pelipper
|-damage|p1a: Pelipper|12/100
|move|p1a: Pelipper|U-turn|p2a: Kingambit
|-damage|p2a: Kingambit|51/100
|
|t:|1757859129
|switch|p1a: Scizor|Scizor, M|73/100|[from] U-turn
|
|-weather|RainDance|[upkeep]
|-heal|p1a: Scizor|79/100|[from] item: Leftovers
|-heal|p2a: Kingambit|58/100|[from] item: Leftovers
|upkeep
|turn|8
|
|t:|1757859147
|-end|p2a: Kingambit|fallen1|[silent]
|switch|p2a: Landorus|Landorus-Therian, M|100/100
|-ability|p2a: Landorus|Intimidate|boost
|-unboost|p1a: Scizor|atk|1
|move|p1a: Scizor|U-turn|p2a: Landorus
|-resisted|p2a: Landorus
|-damage|p2a: Landorus|90/100
|-damage|p1a: Scizor|63/100|[from] item: Rocky Helmet|[of] p2a: Landorus
|
|t:|1757859157
|switch|p1a: Barraskewda|Barraskewda, M|100/100|[from] U-turn
|
|-weather|RainDance|[upkeep]
|upkeep
|turn|9
|
|t:|1757859164
|switch|p2a: Ogerpon|Ogerpon-Wellspring, F|100/100
|move|p1a: Barraskewda|Flip Turn|p2a: Ogerpon
|-immune|p2a: Ogerpon|[from] ability: Water Absorb
|
|-weather|none
|upkeep
|turn|10
|
|t:|1757859181
|switch|p1a: Pecharunt|Pecharunt|100/100
|-terastallize|p2a: Ogerpon|Water
|detailschange|p2a: Ogerpon|Ogerpon-Wellspring-Tera, F, tera:Water
|-ability|p2a: Ogerpon|Embody Aspect (Wellspring)|boost
|-boost|p2a: Ogerpon|spd|1
|move|p2a: Ogerpon|Ivy Cudgel|p1a: Pecharunt|[anim] Ivy Cudgel Water
|-damage|p1a: Pecharunt|53/100
|
|-heal|p1a: Pecharunt|59/100|[from] item: Leftovers
|upkeep
|turn|11
|
|t:|1757859193
|switch|p2a: Kingambit|Kingambit, M|58/100
|-activate|p2a: Kingambit|ability: Supreme Overlord
|-start|p2a: Kingambit|fallen1|[silent]
|move|p1a: Pecharunt|Recover|p1a: Pecharunt
|-heal|p1a: Pecharunt|100/100
|
|-heal|p2a: Kingambit|64/100|[from] item: Leftovers
|upkeep
|turn|12
|
|t:|1757859202
|move|p1a: Pecharunt|Parting Shot|p2a: Kingambit
|-unboost|p2a: Kingambit|atk|1
|-unboost|p2a: Kingambit|spa|1
|
|t:|1757859205
|switch|p1a: Scizor|Scizor, M|63/100|[from] Parting Shot
|move|p2a: Kingambit|Swords Dance|p2a: Kingambit
|-boost|p2a: Kingambit|atk|2
|
|-heal|p1a: Scizor|69/100|[from] item: Leftovers
|-heal|p2a: Kingambit|70/100|[from] item: Leftovers
|upkeep
|turn|13
|
|t:|1757859218
|move|p1a: Scizor|U-turn|p2a: Kingambit
|-damage|p2a: Kingambit|48/100
|
|t:|1757859222
|switch|p1a: Jolteon|Jolteon, F|100/100|[from] U-turn
|move|p2a: Kingambit|Low Kick|p1a: Jolteon
|-damage|p1a: Jolteon|48/100
|
|-heal|p2a: Kingambit|55/100|[from] item: Leftovers
|upkeep
|turn|14
|
|t:|1757859229
|move|p2a: Kingambit|Sucker Punch|p1a: Jolteon
|-damage|p1a: Jolteon|0 fnt
|faint|p1a: Jolteon
|
|-heal|p2a: Kingambit|61/100|[from] item: Leftovers
|upkeep
|
|t:|1757859248
|switch|p1a: Pelipper|Pelipper, M|12/100
|-weather|RainDance|[from] ability: Drizzle|[of] p1a: Pelipper
|turn|15
|
|t:|1757859272
|switch|p1a: Scizor|Scizor, M|69/100
|move|p2a: Kingambit|Sucker Punch||[still]
|-fail|p2a: Kingambit
|
|-weather|RainDance|[upkeep]
|-heal|p1a: Scizor|75/100|[from] item: Leftovers
|-heal|p2a: Kingambit|67/100|[from] item: Leftovers
|upkeep
|turn|16
|
|t:|1757859277
|-end|p2a: Kingambit|fallen1|[silent]
|switch|p2a: Landorus|Landorus-Therian, M|90/100
|-ability|p2a: Landorus|Intimidate|boost
|-unboost|p1a: Scizor|atk|1
|move|p1a: Scizor|U-turn|p2a: Landorus
|-resisted|p2a: Landorus
|-crit|p2a: Landorus
|-damage|p2a: Landorus|67/100
|-damage|p1a: Scizor|58/100|[from] item: Rocky Helmet|[of] p2a: Landorus
|
|t:|1757859281
|switch|p1a: Kingdra|Kingdra, M|100/100|[from] U-turn
|
|-weather|RainDance|[upkeep]
|upkeep
|turn|17
|
|t:|1757859298
|switch|p2a: Cinderace|Cinderace, M|81/100
|move|p1a: Kingdra|Hurricane|p2a: Cinderace
|-damage|p2a: Cinderace|7/100
|
|-weather|RainDance|[upkeep]
|upkeep
|turn|18
|
|t:|1757859302
|move|p2a: Cinderace|Sucker Punch|p1a: Kingdra
|-start|p2a: Cinderace|typechange|Dark|[from] ability: Libero
|-damage|p1a: Kingdra|61/100
|move|p1a: Kingdra|Hurricane|p2a: Cinderace
|-damage|p2a: Cinderace|0 fnt
|faint|p2a: Cinderace
|
|-weather|RainDance|[upkeep]
|upkeep
|
|t:|1757859312
|switch|p2a: Ogerpon|Ogerpon-Wellspring-Tera, F, tera:Water|100/100
|-ability|p2a: Ogerpon|Embody Aspect (Wellspring)|boost
|-boost|p2a: Ogerpon|spd|1
|turn|19
|
|t:|1757859321
|move|p1a: Kingdra|Hurricane|p2a: Ogerpon
|-damage|p2a: Ogerpon|58/100
|move|p2a: Ogerpon|Ivy Cudgel|p1a: Kingdra|[anim] Ivy Cudgel Water
|-resisted|p1a: Kingdra
|-damage|p1a: Kingdra|22/100
|
|-weather|RainDance|[upkeep]
|upkeep
|turn|20
|
|t:|1757859326
|switch|p2a: Kingambit|Kingambit, M|67/100
|-activate|p2a: Kingambit|ability: Supreme Overlord
|-start|p2a: Kingambit|fallen2|[silent]
|move|p1a: Kingdra|Hurricane|p2a: Kingambit
|-resisted|p2a: Kingambit
|-damage|p2a: Kingambit|41/100
|
|-weather|RainDance|[upkeep]
|-heal|p2a: Kingambit|47/100|[from] item: Leftovers
|upkeep
|turn|21
|
|t:|1757859333
|move|p2a: Kingambit|Sucker Punch|p1a: Kingdra
|-damage|p1a: Kingdra|0 fnt
|faint|p1a: Kingdra
|
|-weather|RainDance|[upkeep]
|-heal|p2a: Kingambit|53/100|[from] item: Leftovers
|upkeep
|
|t:|1757859336
|switch|p1a: Barraskewda|Barraskewda, M|100/100
|turn|22
|
|t:|1757859348
|-terastallize|p1a: Barraskewda|Water
|move|p1a: Barraskewda|Aqua Jet|p2a: Kingambit
|-damage|p2a: Kingambit|2/100
|move|p2a: Kingambit|Sucker Punch||[still]
|-fail|p2a: Kingambit
|
|-weather|none
|-heal|p2a: Kingambit|9/100|[from] item: Leftovers
|upkeep
|turn|23
|
|t:|1757859357
|-end|p2a: Kingambit|fallen2|[silent]
|switch|p2a: Dragapult|Dragapult, M|95/100
|move|p1a: Barraskewda|Aqua Jet|p2a: Dragapult
|-resisted|p2a: Dragapult
|-damage|p2a: Dragapult|66/100
|
|upkeep
|turn|24
|
|t:|1757859364
|switch|p1a: Pelipper|Pelipper, M|12/100
|-weather|RainDance|[from] ability: Drizzle|[of] p1a: Pelipper
|move|p2a: Dragapult|Draco Meteor|p1a: Pelipper
|-damage|p1a: Pelipper|0 fnt
|-unboost|p2a: Dragapult|spa|2
|faint|p1a: Pelipper
|
|-weather|RainDance|[upkeep]
|upkeep
|
|t:|1757859369
|switch|p1a: Barraskewda|Barraskewda, M, tera:Water|100/100
|turn|25
|
|t:|1757859396
|switch|p2a: Landorus|Landorus-Therian, M|67/100
|-ability|p2a: Landorus|Intimidate|boost
|-unboost|p1a: Barraskewda|atk|1
|move|p1a: Barraskewda|Liquidation|p2a: Landorus
|-supereffective|p2a: Landorus
|-damage|p2a: Landorus|0 fnt
|-damage|p1a: Barraskewda|84/100|[from] item: Rocky Helmet|[of] p2a: Landorus
|faint|p2a: Landorus
|
|-weather|RainDance|[upkeep]
|upkeep
|inactive|aneerie has 120 seconds left.
|
|t:|1757859427
|switch|p2a: Kingambit|Kingambit, M|9/100
|-activate|p2a: Kingambit|ability: Supreme Overlord
|-start|p2a: Kingambit|fallen3|[silent]
|turn|26
|
|t:|1757859445
|switch|p1a: Scizor|Scizor, M|58/100
|move|p2a: Kingambit|Sucker Punch||[still]
|-fail|p2a: Kingambit
|
|-weather|RainDance|[upkeep]
|-heal|p1a: Scizor|64/100|[from] item: Leftovers
|-heal|p2a: Kingambit|15/100|[from] item: Leftovers
|upkeep
|turn|27
|
|t:|1757859451
|move|p1a: Scizor|U-turn|p2a: Kingambit
|-damage|p2a: Kingambit|0 fnt
|faint|p2a: Kingambit
|-end|p2a: Kingambit|fallen3|[silent]
|
|t:|1757859453
|switch|p1a: Barraskewda|Barraskewda, M, tera:Water|84/100|[from] U-turn
|
|-weather|RainDance|[upkeep]
|upkeep
|
|t:|1757859471
|switch|p2a: Ogerpon|Ogerpon-Wellspring-Tera, F, tera:Water|58/100
|-ability|p2a: Ogerpon|Embody Aspect (Wellspring)|boost
|-boost|p2a: Ogerpon|spd|1
|turn|28
|
|t:|1757859494
|switch|p2a: Dragapult|Dragapult, M|66/100
|move|p1a: Barraskewda|Liquidation|p2a: Dragapult
|-resisted|p2a: Dragapult
|-crit|p2a: Dragapult
|-damage|p2a: Dragapult|0 fnt
|faint|p2a: Dragapult
|
|-weather|RainDance|[upkeep]
|upkeep
|-message|aneerie forfeited.
|
|win|mongwong
|raw|mongwong's rating: 1456 &rarr; <strong>1474</strong><br />(+18 for winning)
|raw|aneerie's rating: 1426 &rarr; <strong>1408</strong><br />(-18 for losing)
|l|☆aneerie
|player|p2|
|l|☆mongwong
|player|p1|
