|j|☆kidgoku93040
|j|☆beepbeep9645
|t:|1757900568
|gametype|singles
|player|p1|kidgoku93040|lorelei-gen1rb|1074
|player|p2|beepbeep9645|2|1102
|gen|9
|tier|[Gen 9] OU
|rated|
|rule|HP Percentage Mod: HP is shown in percentages
|rule|Endless Battle Clause: Forcing endless battles is banned
|rule|Species Clause: Limit one of each Pokémon
|rule|OHKO Clause: OHKO moves are banned
|rule|Evasion Items Clause: Evasion items are banned
|rule|Evasion Moves Clause: Evasion moves are banned
|rule|Evasion Abilities Clause: Evasion abilities are banned
|rule|Sleep Moves Clause: Sleep-inducing moves are banned
|clearpoke
|poke|p1|Azumarill, F|
|poke|p1|Granbull, M|
|poke|p1|Gardevoir, M|
|poke|p1|Tinkaton, F|
|poke|p1|Clefable, F|
|poke|p1|Mimikyu, F|
|poke|p2|Great Tusk|
|poke|p2|Drifblim, F|
|poke|p2|Ceruledge, M|
|poke|p2|Torkoal, M|
|poke|p2|Walking Wake|
|poke|p2|Breloom, M|
|teampreview
|
|t:|1757900571
|teamsize|p1|6
|teamsize|p2|6
|start
|switch|p1a: Clefable|Clefable, F|100/100
|switch|p2a: Great Tusk|Great Tusk|100/100
|turn|1
|inactive|Battle timer is ON: inactive players will automatically lose when time's up. (requested by beepbeep9645)
|
|t:|1757900582
|move|p2a: Great Tusk|Stealth Rock|p1a: Clefable
|-sidestart|p1: kidgoku93040|move: Stealth Rock
|move|p1a: Clefable|Stealth Rock|p2a: Great Tusk
|-sidestart|p2: beepbeep9645|move: Stealth Rock
|
|upkeep
|turn|2
|
|t:|1757900598
|move|p2a: Great Tusk|Knock Off|p1a: Clefable
|-resisted|p1a: Clefable
|-damage|p1a: Clefable|87/100
|-enditem|p1a: Clefable|Heavy-Duty Boots|[from] move: Knock Off|[of] p2a: Great Tusk
|move|p1a: Clefable|Knock Off|p2a: Great Tusk
|-resisted|p2a: Great Tusk
|-damage|p2a: Great Tusk|95/100
|-enditem|p2a: Great Tusk|Focus Sash|[from] move: Knock Off|[of] p1a: Clefable
|
|upkeep
|turn|3
|inactive|beepbeep9645 has 120 seconds left.
|
|t:|1757900644
|move|p2a: Great Tusk|Rapid Spin|p1a: Clefable
|-damage|p1a: Clefable|73/100
|-boost|p2a: Great Tusk|spe|1
|-sideend|p2: beepbeep9645|Stealth Rock|[from] move: Rapid Spin|[of] p2a: Great Tusk
|move|p1a: Clefable|Moonblast|p2a: Great Tusk
|-supereffective|p2a: Great Tusk
|-damage|p2a: Great Tusk|4/100
|
|upkeep
|turn|4
|
|t:|1757900661
|move|p2a: Great Tusk|Close Combat|p1a: Clefable
|-resisted|p1a: Clefable
|-damage|p1a: Clefable|48/100
|-unboost|p2a: Great Tusk|def|1
|-unboost|p2a: Great Tusk|spd|1
|move|p1a: Clefable|Moonblast|p2a: Great Tusk
|-supereffective|p2a: Great Tusk
|-damage|p2a: Great Tusk|0 fnt
|faint|p2a: Great Tusk
|-end|p2a: Great Tusk|Protosynthesis|[silent]
|
|upkeep
|
|t:|1757900680
|switch|p2a: Ceruledge|Ceruledge, M|100/100
|turn|5
|
|t:|1757900695
|switch|p1a: Granbull|Granbull, M|100/100
|-damage|p1a: Granbull|88/100|[from] Stealth Rock
|-ability|p1a: Granbull|Intimidate|boost
|-unboost|p2a: Ceruledge|atk|1
|move|p2a: Ceruledge|Shadow Claw|p1a: Granbull
|-damage|p1a: Granbull|70/100
|
|-heal|p1a: Granbull|76/100|[from] item: Leftovers
|upkeep
|turn|6
|
|t:|1757900713
|switch|p2a: Drifblim|Drifblim, F|100/100
|move|p1a: Granbull|Earthquake|p2a: Drifblim
|-immune|p2a: Drifblim
|
|-heal|p1a: Granbull|83/100|[from] item: Leftovers
|upkeep
|turn|7
|inactive|kidgoku93040 has 120 seconds left.
|
|t:|1757900739
|move|p2a: Drifblim|Calm Mind|p2a: Drifblim
|-boost|p2a: Drifblim|spa|1
|-boost|p2a: Drifblim|spd|1
|move|p1a: Granbull|Thunder Wave|p2a: Drifblim
|-status|p2a: Drifblim|par
|-enditem|p2a: Drifblim|Lum Berry|[eat]
|-curestatus|p2a: Drifblim|par|[msg]
|
|-heal|p1a: Granbull|89/100|[from] item: Leftovers
|upkeep
|turn|8
|
|t:|1757900749
|switch|p1a: Tinkaton|Tinkaton, F|100/100
|-damage|p1a: Tinkaton|94/100|[from] Stealth Rock
|-ability|p1a: Tinkaton|Mold Breaker
|move|p2a: Drifblim|Calm Mind|p2a: Drifblim
|-boost|p2a: Drifblim|spa|1
|-boost|p2a: Drifblim|spd|1
|
|upkeep
|turn|9
|inactive|beepbeep9645 has 90 seconds left.
|
|t:|1757900769
|move|p2a: Drifblim|Stored Power|p1a: Tinkaton
|-resisted|p1a: Tinkaton
|-damage|p1a: Tinkaton|62/100
|move|p1a: Tinkaton|Ice Hammer|p2a: Drifblim
|-supereffective|p2a: Drifblim
|-damage|p2a: Drifblim|2/100
|-unboost|p1a: Tinkaton|spe|1
|-damage|p1a: Tinkaton|52/100|[from] item: Life Orb
|
|upkeep
|turn|10
|inactive|beepbeep9645 has 90 seconds left.
|
|t:|1757900779
|move|p2a: Drifblim|Strength Sap|p1a: Tinkaton
|-unboost|p1a: Tinkaton|atk|1
|-heal|p2a: Drifblim|64/100
|move|p1a: Tinkaton|Knock Off|p2a: Drifblim
|-supereffective|p2a: Drifblim
|-damage|p2a: Drifblim|20/100
|-damage|p1a: Tinkaton|42/100|[from] item: Life Orb
|
|upkeep
|turn|11
|
|t:|1757900788
|move|p2a: Drifblim|Strength Sap|p1a: Tinkaton
|-unboost|p1a: Tinkaton|atk|1
|-heal|p2a: Drifblim|62/100
|move|p1a: Tinkaton|Knock Off|p2a: Drifblim
|-supereffective|p2a: Drifblim
|-damage|p2a: Drifblim|26/100
|-damage|p1a: Tinkaton|32/100|[from] item: Life Orb
|
|upkeep
|turn|12
|
|t:|1757900798
|move|p2a: Drifblim|Stored Power|p1a: Tinkaton
|-resisted|p1a: Tinkaton
|-damage|p1a: Tinkaton|1/100
|move|p1a: Tinkaton|Ice Hammer|p2a: Drifblim|[miss]
|-miss|p1a: Tinkaton|p2a: Drifblim
|
|upkeep
|turn|13
|
|t:|1757900805
|move|p2a: Drifblim|Stored Power|p1a: Tinkaton
|-resisted|p1a: Tinkaton
|-damage|p1a: Tinkaton|0 fnt
|faint|p1a: Tinkaton
|
|upkeep
|
|t:|1757900814
|switch|p1a: Mimikyu|Mimikyu, F|100/100
|-damage|p1a: Mimikyu|88/100|[from] Stealth Rock
|turn|14
|
|t:|1757900821
|move|p1a: Mimikyu|Shadow Sneak|p2a: Drifblim
|-supereffective|p2a: Drifblim
|-damage|p2a: Drifblim|0 fnt
|faint|p2a: Drifblim
|
|upkeep
|
|t:|1757900829
|switch|p2a: Breloom|Breloom, M|100/100
|turn|15
|
|t:|1757900837
|move|p2a: Breloom|Protect|p2a: Breloom
|-singleturn|p2a: Breloom|Protect
|move|p1a: Mimikyu|Swords Dance|p1a: Mimikyu
|-boost|p1a: Mimikyu|atk|2
|
|-status|p2a: Breloom|tox|[from] item: Toxic Orb
|upkeep
|turn|16
|inactive|beepbeep9645 has 120 seconds left.
|
|t:|1757900848
|-terastallize|p2a: Breloom|Dark
|move|p1a: Mimikyu|Swords Dance|p1a: Mimikyu
|-boost|p1a: Mimikyu|atk|2
|move|p2a: Breloom|Fling|p1a: Mimikyu
|-activate|p1a: Mimikyu|ability: Disguise
|-damage|p1a: Mimikyu|88/100
|-status|p1a: Mimikyu|tox
|detailschange|p1a: Mimikyu|Mimikyu-Busted, F
|-damage|p1a: Mimikyu|76/100 tox|[from] pokemon: Mimikyu-Busted
|-enditem|p2a: Breloom|Toxic Orb|[from] move: Fling
|
|-damage|p1a: Mimikyu|70/100 tox|[from] psn
|upkeep
|turn|17
|
|t:|1757900861
|move|p2a: Breloom|Protect|p2a: Breloom
|-singleturn|p2a: Breloom|Protect
|move|p1a: Mimikyu|Play Rough|p2a: Breloom
|-activate|p2a: Breloom|move: Protect
|
|-damage|p1a: Mimikyu|58/100 tox|[from] psn
|upkeep
|turn|18
|
|t:|1757900870
|move|p2a: Breloom|Protect||[still]
|-fail|p2a: Breloom
|move|p1a: Mimikyu|Drain Punch|p2a: Breloom
|-supereffective|p2a: Breloom
|-damage|p2a: Breloom|0 fnt
|-heal|p1a: Mimikyu|100/100 tox|[from] drain|[of] p2a: Breloom
|faint|p2a: Breloom
|
|-damage|p1a: Mimikyu|83/100 tox|[from] psn
|upkeep
|
|t:|1757900876
|switch|p2a: Ceruledge|Ceruledge, M|100/100
|turn|19
|
|t:|1757900883
|move|p1a: Mimikyu|Play Rough|p2a: Ceruledge
|-resisted|p2a: Ceruledge
|-damage|p2a: Ceruledge|26/100
|-ability|p2a: Ceruledge|Weak Armor|boost
|-unboost|p2a: Ceruledge|def|1
|-boost|p2a: Ceruledge|spe|2
|move|p2a: Ceruledge|Shadow Claw|p1a: Mimikyu
|-supereffective|p1a: Mimikyu
|-damage|p1a: Mimikyu|0 fnt
|faint|p1a: Mimikyu
|
|upkeep
|
|t:|1757900896
|switch|p1a: Azumarill|Azumarill, F|100/100
|-damage|p1a: Azumarill|88/100|[from] Stealth Rock
|turn|20
|
|t:|1757900901
|move|p1a: Azumarill|Aqua Jet|p2a: Ceruledge
|-supereffective|p2a: Ceruledge
|-damage|p2a: Ceruledge|0 fnt
|faint|p2a: Ceruledge
|
|upkeep
|
|t:|1757900904
|switch|p2a: Torkoal|Torkoal, M|100/100
|-weather|SunnyDay|[from] ability: Drought|[of] p2a: Torkoal
|turn|21
|
|t:|1757900915
|move|p1a: Azumarill|Belly Drum|p1a: Azumarill
|-damage|p1a: Azumarill|38/100
|-setboost|p1a: Azumarill|atk|6|[from] move: Belly Drum
|-enditem|p1a: Azumarill|Sitrus Berry|[eat]
|-heal|p1a: Azumarill|63/100|[from] item: Sitrus Berry
|move|p2a: Torkoal|Will-O-Wisp|p1a: Azumarill
|-status|p1a: Azumarill|brn
|
|-weather|SunnyDay|[upkeep]
|-damage|p1a: Azumarill|57/100 brn|[from] brn
|upkeep
|turn|22
|
|t:|1757900926
|move|p1a: Azumarill|Liquidation|p2a: Torkoal
|-supereffective|p2a: Torkoal
|-damage|p2a: Torkoal|15/100
|-unboost|p2a: Torkoal|def|1
|-damage|p1a: Azumarill|40/100 brn|[from] item: Rocky Helmet|[of] p2a: Torkoal
|move|p2a: Torkoal|Earthquake|p1a: Azumarill
|-damage|p1a: Azumarill|15/100 brn
|
|-weather|SunnyDay|[upkeep]
|-damage|p1a: Azumarill|9/100 brn|[from] brn
|upkeep
|turn|23
|
|t:|1757900936
|move|p1a: Azumarill|Aqua Jet|p2a: Torkoal
|-supereffective|p2a: Torkoal
|-damage|p2a: Torkoal|0 fnt
|-damage|p1a: Azumarill|0 fnt|[from] item: Rocky Helmet|[of] p2a: Torkoal
|faint|p2a: Torkoal
|faint|p1a: Azumarill
|
|-weather|SunnyDay|[upkeep]
|upkeep
|inactive|kidgoku93040 has 120 seconds left.
|
|t:|1757900981
|switch|p1a: Gardevoir|Gardevoir, M|100/100
|switch|p2a: Walking Wake|Walking Wake|100/100
|-damage|p1a: Gardevoir|88/100|[from] Stealth Rock
|-activate|p2a: Walking Wake|ability: Protosynthesis
|-start|p2a: Walking Wake|protosynthesisspe
|turn|24
|
|t:|1757900992
|move|p2a: Walking Wake|Hydro Steam|p1a: Gardevoir
|-damage|p1a: Gardevoir|24/100
|move|p1a: Gardevoir|Moonblast|p2a: Walking Wake
|-supereffective|p2a: Walking Wake
|-damage|p2a: Walking Wake|0 fnt
|faint|p2a: Walking Wake
|-end|p2a: Walking Wake|Protosynthesis|[silent]
|
|win|kidgoku93040
|raw|kidgoku93040's rating: 1074 &rarr; <strong>1105</strong><br />(+31 for winning)
|raw|beepbeep9645's rating: 1102 &rarr; <strong>1075</strong><br />(-27 for losing)
|l|☆beepbeep9645
|player|p2|
|l|☆kidgoku93040
|player|p1|
