|j|☆davidipro08
|j|☆Whatsapp Liligant
|t:|1757846345
|gametype|singles
|player|p1|davidipro08|red|1174
|player|p2|Whatsapp Liligant|cheryl|1232
|gen|9
|tier|[Gen 9] OU
|rated|
|rule|HP Percentage Mod: HP is shown in percentages
|rule|Endless Battle Clause: Forcing endless battles is banned
|rule|Species Clause: Limit one of each Pokémon
|rule|OHKO Clause: OHKO moves are banned
|rule|Evasion Items Clause: Evasion items are banned
|rule|Evasion Moves Clause: Evasion moves are banned
|rule|Evasion Abilities Clause: Evasion abilities are banned
|rule|Sleep Moves Clause: Sleep-inducing moves are banned
|clearpoke
|poke|p1|Great Tusk|
|poke|p1|Gholdengo|
|poke|p1|Kingambit, F|
|poke|p1|Ogerpon-Wellspring, F|
|poke|p1|Clefable, M|
|poke|p1|Maushold-Four|
|poke|p2|Gumshoos, M|
|poke|p2|Probopass, M|
|poke|p2|Scrafty, F|
|poke|p2|Dragapult, M|
|poke|p2|Iron Hands|
|poke|p2|Inteleon, M|
|teampreview
|inactive|Battle timer is ON: inactive players will automatically lose when time's up. (requested by davidipro08)
|
|t:|1757846359
|teamsize|p1|6
|teamsize|p2|6
|start
|switch|p1a: Great Tusk|Great Tusk, shiny|100/100
|switch|p2a: B-2 Stealth Bomber|Dragapult, M|100/100
|-enditem|p1a: Great Tusk|Booster Energy
|-activate|p1a: Great Tusk|ability: Protosynthesis|[fromitem]
|-start|p1a: Great Tusk|protosynthesisatk
|turn|1
|
|t:|1757846366
|move|p2a: B-2 Stealth Bomber|Reflect|p2a: B-2 Stealth Bomber
|-sidestart|p2: Whatsapp Liligant|Reflect
|move|p1a: Great Tusk|Stealth Rock|p2a: B-2 Stealth Bomber
|-sidestart|p2: Whatsapp Liligant|move: Stealth Rock
|
|upkeep
|turn|2
|
|t:|1757846369
|move|p2a: B-2 Stealth Bomber|Shadow Ball|p1a: Great Tusk
|-damage|p1a: Great Tusk|50/100
|move|p1a: Great Tusk|Ice Spinner|p2a: B-2 Stealth Bomber
|-supereffective|p2a: B-2 Stealth Bomber
|-damage|p2a: B-2 Stealth Bomber|53/100
|
|upkeep
|turn|3
|
|t:|1757846376
|move|p2a: B-2 Stealth Bomber|Light Screen|p2a: B-2 Stealth Bomber
|-sidestart|p2: Whatsapp Liligant|move: Light Screen
|move|p1a: Great Tusk|Ice Spinner|p2a: B-2 Stealth Bomber
|-supereffective|p2a: B-2 Stealth Bomber
|-damage|p2a: B-2 Stealth Bomber|7/100
|
|upkeep
|turn|4
|
|t:|1757846381
|move|p2a: B-2 Stealth Bomber|Shadow Ball|p1a: Great Tusk
|-damage|p1a: Great Tusk|0 fnt
|faint|p1a: Great Tusk
|-end|p1a: Great Tusk|Protosynthesis|[silent]
|
|upkeep
|
|t:|1757846388
|switch|p1a: Maushold|Maushold-Four|100/100
|turn|5
|
|t:|1757846391
|move|p2a: B-2 Stealth Bomber|Thunder Wave|p1a: Maushold|[miss]
|-miss|p2a: B-2 Stealth Bomber|p1a: Maushold
|move|p1a: Maushold|Tidy Up|p1a: Maushold
|-sideend|p2: Whatsapp Liligant|Stealth Rock
|-activate|p1a: Maushold|move: Tidy Up
|-boost|p1a: Maushold|atk|1
|-boost|p1a: Maushold|spe|1
|
|upkeep
|turn|6
|
|t:|1757846396
|move|p1a: Maushold|Tidy Up|p1a: Maushold
|-boost|p1a: Maushold|atk|1
|-boost|p1a: Maushold|spe|1
|move|p2a: B-2 Stealth Bomber|Thunder Wave|p1a: Maushold
|-status|p1a: Maushold|par
|
|upkeep
|turn|7
|
|t:|1757846404
|switch|p2a: Oi vey|Probopass, M|100/100
|move|p1a: Maushold|Tidy Up|p1a: Maushold
|-boost|p1a: Maushold|atk|1
|-boost|p1a: Maushold|spe|1
|
|upkeep
|turn|8
|
|t:|1757846413
|cant|p1a: Maushold|par
|move|p2a: Oi vey|Body Press|p1a: Maushold
|-supereffective|p1a: Maushold
|-damage|p1a: Maushold|0 fnt
|faint|p1a: Maushold
|
|-sideend|p2: Whatsapp Liligant|Reflect
|upkeep
|-message|davidipro08 forfeited.
|
|win|Whatsapp Liligant
|raw|davidipro08's rating: 1174 &rarr; <strong>1153</strong><br />(-21 for losing)
|raw|Whatsapp Liligant's rating: 1232 &rarr; <strong>1253</strong><br />(+21 for winning)
|l|☆davidipro08
|player|p1|
