|j|☆chj240326
|j|☆tzhed
|t:|1757869142
|gametype|singles
|player|p1|chj240326|101|1362
|player|p2|tzhed|169|1350
|gen|9
|tier|[Gen 9] OU
|rated|
|rule|HP Percentage Mod: HP is shown in percentages
|rule|Endless Battle Clause: Forcing endless battles is banned
|rule|Species Clause: Limit one of each Pokémon
|rule|OHKO Clause: OHKO moves are banned
|rule|Evasion Items Clause: Evasion items are banned
|rule|Evasion Moves Clause: Evasion moves are banned
|rule|Evasion Abilities Clause: Evasion abilities are banned
|rule|Sleep Moves Clause: Sleep-inducing moves are banned
|clearpoke
|poke|p1|Goodra-Hisui, F|
|poke|p1|Samurott-Hisui, F|
|poke|p1|Iron Valiant|
|poke|p1|Iron Treads|
|poke|p1|Zoroark-Hisui, M|
|poke|p1|Corviknight, F|
|poke|p2|Medicham, F|
|poke|p2|Iron Valiant|
|poke|p2|Ting-Lu|
|poke|p2|Lokix, M|
|poke|p2|Corviknight, M|
|poke|p2|Rotom-Wash|
|teampreview
|inactive|Battle timer is ON: inactive players will automatically lose when time's up. (requested by tzhed)
|
|t:|1757869152
|teamsize|p1|6
|teamsize|p2|6
|start
|switch|p1a: Samurott|Samurott-Hisui, F|100/100
|switch|p2a: Lokix|Lokix, M|100/100
|turn|1
|
|t:|1757869165
|switch|p2a: Corviknight|Corviknight, M|100/100
|-ability|p2a: Corviknight|Pressure
|move|p1a: Samurott|Ceaseless Edge|p2a: Corviknight
|-damage|p2a: Corviknight|73/100
|-sidestart|p2: tzhed|Spikes
|
|-heal|p2a: Corviknight|79/100|[from] item: Leftovers
|upkeep
|turn|2
|
|t:|1757869175
|move|p1a: Samurott|Ceaseless Edge|p2a: Corviknight
|-damage|p2a: Corviknight|51/100
|-sidestart|p2: tzhed|Spikes
|move|p2a: Corviknight|Iron Defense|p2a: Corviknight
|-boost|p2a: Corviknight|def|2
|
|-heal|p2a: Corviknight|57/100|[from] item: Leftovers
|upkeep
|turn|3
|
|t:|1757869185
|switch|p1a: Iron Treads|Iron Treads|100/100
|move|p2a: Corviknight|Defog|p1a: Iron Treads
|-unboost|p1a: Iron Treads|evasion|1
|-sideend|p2: tzhed|Spikes|[from] move: Defog|[of] p2a: Corviknight
|
|-heal|p2a: Corviknight|63/100|[from] item: Leftovers
|upkeep
|turn|4
|
|t:|1757869197
|move|p1a: Iron Treads|Flamethrower|p2a: Corviknight
|-supereffective|p2a: Corviknight
|-damage|p2a: Corviknight|0 fnt
|faint|p2a: Corviknight
|
|upkeep
|inactive|tzhed has 120 seconds left.
|
|t:|1757869238
|switch|p2a: Medicham|Medicham, F|100/100
|turn|5
|inactive|tzhed has 90 seconds left.
|
|t:|1757869268
|switch|p1a: Corviknight|Corviknight, F|100/100
|-ability|p1a: Corviknight|Pressure
|switch|p2a: Rotom|Rotom-Wash|100/100
|
|upkeep
|turn|6
|inactive|tzhed has 90 seconds left.
|
|t:|1757869279
|switch|p1a: Iron Treads|Iron Treads|100/100
|-enditem|p1a: Iron Treads|Booster Energy
|-activate|p1a: Iron Treads|ability: Quark Drive|[fromitem]
|-start|p1a: Iron Treads|quarkdrivespe
|move|p2a: Rotom|Thunder Wave|p1a: Iron Treads
|-immune|p1a: Iron Treads
|
|upkeep
|turn|7
|inactive|tzhed has 90 seconds left.
|
|t:|1757869293
|switch|p2a: Ting-Lu|Ting-Lu|100/100
|-ability|p2a: Ting-Lu|Vessel of Ruin
|move|p1a: Iron Treads|Iron Head|p2a: Ting-Lu
|-damage|p2a: Ting-Lu|79/100
|
|-heal|p2a: Ting-Lu|86/100|[from] item: Leftovers
|upkeep
|turn|8
|
|t:|1757869303
|move|p1a: Iron Treads|Earthquake|p2a: Ting-Lu
|-damage|p2a: Ting-Lu|62/100
|move|p2a: Ting-Lu|Ruination|p1a: Iron Treads
|-damage|p1a: Iron Treads|50/100
|
|-heal|p2a: Ting-Lu|68/100|[from] item: Leftovers
|upkeep
|turn|9
|
|t:|1757869311
|move|p1a: Iron Treads|Earthquake|p2a: Ting-Lu
|-damage|p2a: Ting-Lu|44/100
|move|p2a: Ting-Lu|Whirlwind|p1a: Iron Treads
|-end|p1a: Iron Treads|Quark Drive|[silent]
|drag|p1a: Iron Valiant|Iron Valiant|100/100
|-enditem|p1a: Iron Valiant|Booster Energy
|-activate|p1a: Iron Valiant|ability: Quark Drive|[fromitem]
|-start|p1a: Iron Valiant|quarkdrivespe
|
|-heal|p2a: Ting-Lu|50/100|[from] item: Leftovers
|upkeep
|turn|10
|
|t:|1757869323
|move|p1a: Iron Valiant|Moonblast|p2a: Ting-Lu
|-supereffective|p2a: Ting-Lu
|-damage|p2a: Ting-Lu|13/100
|-unboost|p2a: Ting-Lu|spa|1
|move|p2a: Ting-Lu|Whirlwind|p1a: Iron Valiant
|-end|p1a: Iron Valiant|Quark Drive|[silent]
|drag|p1a: Iron Treads|Iron Treads|50/100
|
|-heal|p2a: Ting-Lu|19/100|[from] item: Leftovers
|upkeep
|turn|11
|inactive|tzhed has 120 seconds left.
|
|t:|1757869346
|move|p1a: Iron Treads|Rapid Spin|p2a: Ting-Lu
|-damage|p2a: Ting-Lu|10/100
|-boost|p1a: Iron Treads|spe|1
|move|p2a: Ting-Lu|Stealth Rock|p1a: Iron Treads
|-sidestart|p1: chj240326|move: Stealth Rock
|
|-heal|p2a: Ting-Lu|16/100|[from] item: Leftovers
|upkeep
|turn|12
|
|t:|1757869355
|move|p1a: Iron Treads|Rapid Spin|p2a: Ting-Lu
|-damage|p2a: Ting-Lu|8/100
|-boost|p1a: Iron Treads|spe|1
|-sideend|p1: chj240326|Stealth Rock|[from] move: Rapid Spin|[of] p1a: Iron Treads
|move|p2a: Ting-Lu|Earthquake|p1a: Iron Treads
|-supereffective|p1a: Iron Treads
|-damage|p1a: Iron Treads|0 fnt
|faint|p1a: Iron Treads
|-end|p1a: Iron Treads|Quark Drive|[silent]
|
|-heal|p2a: Ting-Lu|14/100|[from] item: Leftovers
|upkeep
|
|t:|1757869366
|switch|p1a: Samurott|Samurott-Hisui, F|100/100
|turn|13
|inactive|tzhed has 120 seconds left.
|
|t:|1757869373
|move|p1a: Samurott|Ceaseless Edge|p2a: Ting-Lu
|-resisted|p2a: Ting-Lu
|-damage|p2a: Ting-Lu|0 fnt
|-sidestart|p2: tzhed|Spikes
|faint|p2a: Ting-Lu
|
|upkeep
|inactive|tzhed has 120 seconds left.
|
|t:|1757869392
|switch|p2a: Lokix|Lokix, M|100/100
|-damage|p2a: Lokix|88/100|[from] Spikes
|turn|14
|
|t:|1757869397
|switch|p1a: Corviknight|Corviknight, F|100/100
|-ability|p1a: Corviknight|Pressure
|move|p2a: Lokix|First Impression|p1a: Corviknight
|-resisted|p1a: Corviknight
|-crit|p1a: Corviknight
|-damage|p1a: Corviknight|73/100
|-damage|p2a: Lokix|72/100|[from] item: Rocky Helmet|[of] p1a: Corviknight
|
|upkeep
|turn|15
|
|t:|1757869420
|switch|p2a: Rotom|Rotom-Wash|100/100
|switch|p1a: Samurott|Samurott-Hisui, F|100/100
|
|upkeep
|turn|16
|
|t:|1757869428
|move|p1a: Samurott|Bitter Malice|p2a: Rotom
|-damage|p2a: Rotom|53/100
|-unboost|p2a: Rotom|atk|1
|move|p2a: Rotom|Thunder Wave|p1a: Samurott|[miss]
|-miss|p2a: Rotom|p1a: Samurott
|
|-heal|p2a: Rotom|59/100|[from] item: Leftovers
|upkeep
|turn|17
|
|t:|1757869444
|move|p1a: Samurott|Bitter Malice|p2a: Rotom
|-damage|p2a: Rotom|18/100
|-unboost|p2a: Rotom|atk|1
|move|p2a: Rotom|Thunder Wave|p1a: Samurott
|-status|p1a: Samurott|par
|
|-heal|p2a: Rotom|24/100|[from] item: Leftovers
|upkeep
|turn|18
|
|t:|1757869456
|move|p2a: Rotom|Pain Split|p1a: Samurott
|-sethp|p1a: Samurott|64/100 par|[from] move: Pain Split|[silent]
|-sethp|p2a: Rotom|53/100|[from] move: Pain Split
|move|p1a: Samurott|Bitter Malice|p2a: Rotom
|-damage|p2a: Rotom|5/100
|-unboost|p2a: Rotom|atk|1
|
|-heal|p2a: Rotom|11/100|[from] item: Leftovers
|upkeep
|turn|19
|
|t:|1757869470
|switch|p1a: Samurott|Samurott-Hisui, F|100/100
|move|p2a: Rotom|Hydro Pump|p1a: Samurott
|-resisted|p1a: Samurott
|-damage|p1a: Samurott|73/100
|
|-heal|p2a: Rotom|18/100|[from] item: Leftovers
|upkeep
|turn|20
|
|t:|1757869478
|move|p1a: Samurott|Ceaseless Edge|p2a: Rotom
|-damage|p2a: Rotom|0 fnt
|-sidestart|p2: tzhed|Spikes
|faint|p2a: Rotom
|
|upkeep
|inactive|tzhed has 120 seconds left.
|
|t:|1757869499
|switch|p2a: Iron Valiant|Iron Valiant|100/100
|-damage|p2a: Iron Valiant|84/100|[from] Spikes
|turn|21
|
|t:|1757869505
|move|p2a: Iron Valiant|Moonblast|p1a: Samurott
|-supereffective|p1a: Samurott
|-damage|p1a: Samurott|0 fnt
|faint|p1a: Samurott
|
|upkeep
|
|t:|1757869511
|switch|p1a: Iron Valiant|Iron Valiant|100/100
|turn|22
|
|t:|1757869524
|-terastallize|p1a: Iron Valiant|Fairy
|move|p2a: Iron Valiant|Moonblast|p1a: Iron Valiant
|-damage|p1a: Iron Valiant|0 fnt
|faint|p1a: Iron Valiant
|-end|p1a: Iron Valiant|Quark Drive|[silent]
|
|upkeep
|-message|chj240326 forfeited.
|
|win|tzhed
|raw|chj240326's rating: 1362 &rarr; <strong>1341</strong><br />(-21 for losing)
|raw|tzhed's rating: 1350 &rarr; <strong>1371</strong><br />(+21 for winning)
|l|☆chj240326
|player|p1|
|l|☆tzhed
|player|p2|
