|j|☆pptisme
|j|☆are you jesus?
|t:|1757830051
|gametype|singles
|player|p1|pptisme|red|1108
|player|p2|are you jesus?|grimsley|1109
|gen|9
|tier|[Gen 9] OU
|rated|
|rule|HP Percentage Mod: HP is shown in percentages
|rule|Endless Battle Clause: Forcing endless battles is banned
|rule|Species Clause: Limit one of each Pokémon
|rule|OHKO Clause: OHKO moves are banned
|rule|Evasion Items Clause: Evasion items are banned
|rule|Evasion Moves Clause: Evasion moves are banned
|rule|Evasion Abilities Clause: Evasion abilities are banned
|rule|Sleep Moves Clause: Sleep-inducing moves are banned
|clearpoke
|poke|p1|Tyranitar, M|
|poke|p1|Excadrill, M|
|poke|p1|Keldeo|
|poke|p1|Tornadus-Therian, M|
|poke|p1|Heatran, F|
|poke|p1|Hydrapple, M|
|poke|p2|Orthworm, F|
|poke|p2|Barraskewda, F|
|poke|p2|Raikou|
|poke|p2|Frosmoth, M|
|poke|p2|Tentacruel, F|
|poke|p2|Sandaconda, F|
|teampreview
|c|☆are you jesus?|hi
|
|t:|1757830073
|teamsize|p1|6
|teamsize|p2|6
|start
|switch|p1a: Tyranitar|Tyranitar, M, shiny|100/100
|switch|p2a: Barraskewda|Barraskewda, F|100/100
|-weather|Sandstorm|[from] ability: Sand Stream|[of] p1a: Tyranitar
|turn|1
|
|t:|1757830089
|switch|p1a: Keldeo|Keldeo|100/100
|move|p2a: Barraskewda|Flip Turn|p1a: Keldeo
|-resisted|p1a: Keldeo
|-crit|p1a: Keldeo
|-damage|p1a: Keldeo|60/100
|
|t:|1757830100
|switch|p2a: Raikou|Raikou|100/100|[from] Flip Turn
|
|-weather|Sandstorm|[upkeep]
|-damage|p2a: Raikou|94/100|[from] Sandstorm
|-damage|p1a: Keldeo|53/100|[from] Sandstorm
|upkeep
|turn|2
|
|t:|1757830116
|switch|p1a: Excadrill|Excadrill, M|100/100
|-item|p1a: Excadrill|Air Balloon
|move|p2a: Raikou|Calm Mind|p2a: Raikou
|-boost|p2a: Raikou|spa|1
|-boost|p2a: Raikou|spd|1
|
|-weather|Sandstorm|[upkeep]
|-damage|p2a: Raikou|88/100|[from] Sandstorm
|upkeep
|turn|3
|
|t:|1757830150
|switch|p2a: Orthrelm|Orthworm, F|100/100
|move|p1a: Excadrill|Earthquake|p2a: Orthrelm
|-immune|p2a: Orthrelm|[from] ability: Earth Eater
|
|-weather|Sandstorm|[upkeep]
|upkeep
|turn|4
|
|t:|1757830168
|move|p1a: Excadrill|Swords Dance|p1a: Excadrill
|-boost|p1a: Excadrill|atk|2
|move|p2a: Orthrelm|Iron Defense|p2a: Orthrelm
|-boost|p2a: Orthrelm|def|2
|
|-weather|Sandstorm|[upkeep]
|upkeep
|turn|5
|
|t:|1757830187
|-terastallize|p2a: Orthrelm|Electric
|move|p1a: Excadrill|Swords Dance|p1a: Excadrill
|-boost|p1a: Excadrill|atk|2
|move|p2a: Orthrelm|Body Press|p1a: Excadrill
|-supereffective|p1a: Excadrill
|-damage|p1a: Excadrill|0 fnt
|-enditem|p1a: Excadrill|Air Balloon
|faint|p1a: Excadrill
|
|-weather|none
|upkeep
|
|t:|1757830209
|switch|p1a: Heatran|Heatran, F|100/100
|turn|6
|
|t:|1757830220
|switch|p2a: Tentacruel|Tentacruel, F|100/100
|move|p1a: Heatran|Magma Storm|p2a: Tentacruel
|-resisted|p2a: Tentacruel
|-damage|p2a: Tentacruel|88/100
|-activate|p2a: Tentacruel|move: Magma Storm|[of] p1a: Heatran
|
|-heal|p2a: Tentacruel|94/100|[from] item: Leftovers
|-damage|p2a: Tentacruel|82/100|[from] move: Magma Storm|[partiallytrapped]
|upkeep
|turn|7
|
|t:|1757830236
|switch|p1a: Hydrapple|Hydrapple, M|100/100
|move|p2a: Tentacruel|Toxic Spikes|p1a: Hydrapple
|-sidestart|p1: pptisme|move: Toxic Spikes
|
|-heal|p2a: Tentacruel|88/100|[from] item: Leftovers
|-end|p2a: Tentacruel|Magma Storm|[partiallytrapped]|[silent]
|upkeep
|turn|8
|
|t:|1757830247
|move|p2a: Tentacruel|Toxic Spikes|p1a: Hydrapple
|-sidestart|p1: pptisme|move: Toxic Spikes
|move|p1a: Hydrapple|Earth Power|p2a: Tentacruel
|-supereffective|p2a: Tentacruel
|-damage|p2a: Tentacruel|56/100
|
|-heal|p2a: Tentacruel|62/100|[from] item: Leftovers
|upkeep
|turn|9
|
|t:|1757830258
|switch|p2a: Orthrelm|Orthworm, F, tera:Electric|100/100
|move|p1a: Hydrapple|Giga Drain|p2a: Orthrelm
|-damage|p2a: Orthrelm|60/100
|
|-heal|p2a: Orthrelm|66/100|[from] item: Leftovers
|upkeep
|turn|10
|
|t:|1757830267
|move|p2a: Orthrelm|Iron Defense|p2a: Orthrelm
|-boost|p2a: Orthrelm|def|2
|move|p1a: Hydrapple|Giga Drain|p2a: Orthrelm
|-damage|p2a: Orthrelm|29/100
|
|-heal|p2a: Orthrelm|35/100|[from] item: Leftovers
|upkeep
|turn|11
|
|t:|1757830273
|move|p2a: Orthrelm|Body Press|p1a: Hydrapple
|-damage|p1a: Hydrapple|67/100
|-damage|p2a: Orthrelm|18/100|[from] item: Rocky Helmet|[of] p1a: Hydrapple
|move|p1a: Hydrapple|Giga Drain|p2a: Orthrelm
|-damage|p2a: Orthrelm|0 fnt
|-heal|p1a: Hydrapple|75/100|[from] drain|[of] p2a: Orthrelm
|faint|p2a: Orthrelm
|
|upkeep
|
|t:|1757830282
|switch|p2a: Sandaconda|Sandaconda, F|100/100
|turn|12
|
|t:|1757830295
|switch|p2a: Tentacruel|Tentacruel, F|62/100
|move|p1a: Hydrapple|Giga Drain|p2a: Tentacruel
|-damage|p2a: Tentacruel|44/100
|-damage|p1a: Hydrapple|67/100|[from] ability: Liquid Ooze|[of] p2a: Tentacruel
|
|-heal|p2a: Tentacruel|50/100|[from] item: Leftovers
|upkeep
|turn|13
|
|t:|1757830311
|switch|p2a: Frosmoth|Frosmoth, M|100/100
|move|p1a: Hydrapple|Earth Power|p2a: Frosmoth
|-resisted|p2a: Frosmoth
|-damage|p2a: Frosmoth|92/100
|
|upkeep
|turn|14
|
|t:|1757830328
|switch|p1a: Heatran|Heatran, F|100/100
|move|p2a: Frosmoth|Quiver Dance|p2a: Frosmoth
|-boost|p2a: Frosmoth|spa|1
|-boost|p2a: Frosmoth|spd|1
|-boost|p2a: Frosmoth|spe|1
|
|upkeep
|turn|15
|
|t:|1757830336
|switch|p2a: Tentacruel|Tentacruel, F|50/100
|move|p1a: Heatran|Magma Storm|p2a: Tentacruel
|-resisted|p2a: Tentacruel
|-damage|p2a: Tentacruel|37/100
|-activate|p2a: Tentacruel|move: Magma Storm|[of] p1a: Heatran
|
|-heal|p2a: Tentacruel|43/100|[from] item: Leftovers
|-damage|p2a: Tentacruel|30/100|[from] move: Magma Storm|[partiallytrapped]
|upkeep
|turn|16
|
|t:|1757830349
|move|p2a: Tentacruel|Surf|p1a: Heatran
|-supereffective|p1a: Heatran
|-damage|p1a: Heatran|67/100
|move|p1a: Heatran|Earth Power|p2a: Tentacruel
|-supereffective|p2a: Tentacruel
|-damage|p2a: Tentacruel|0 fnt
|faint|p2a: Tentacruel
|
|-heal|p1a: Heatran|74/100|[from] item: Leftovers
|upkeep
|
|t:|1757830355
|switch|p2a: Barraskewda|Barraskewda, F|100/100
|turn|17
|
|t:|1757830369
|move|p2a: Barraskewda|Liquidation|p1a: Heatran
|-supereffective|p1a: Heatran
|-damage|p1a: Heatran|0 fnt
|faint|p1a: Heatran
|
|upkeep
|
|t:|1757830381
|switch|p1a: Tornadus|Tornadus-Therian, M|100/100
|turn|18
|
|t:|1757830407
|move|p2a: Barraskewda|Liquidation|p1a: Tornadus
|-damage|p1a: Tornadus|25/100
|move|p1a: Tornadus|Bleakwind Storm|p2a: Barraskewda
|-damage|p2a: Barraskewda|10/100
|
|upkeep
|turn|19
|
|t:|1757830425
|move|p2a: Barraskewda|Liquidation|p1a: Tornadus
|-damage|p1a: Tornadus|0 fnt
|faint|p1a: Tornadus
|
|upkeep
|
|t:|1757830429
|switch|p1a: Hydrapple|Hydrapple, M|99/100
|-status|p1a: Hydrapple|tox
|turn|20
|
|t:|1757830438
|switch|p2a: Frosmoth|Frosmoth, M|92/100
|move|p1a: Hydrapple|Giga Drain|p2a: Frosmoth
|-resisted|p2a: Frosmoth
|-damage|p2a: Frosmoth|82/100
|-heal|p1a: Hydrapple|100/100 tox|[from] drain|[of] p2a: Frosmoth
|
|-damage|p1a: Hydrapple|94/100 tox|[from] psn
|upkeep
|turn|21
|
|t:|1757830456
|switch|p1a: Keldeo|Keldeo|53/100
|-status|p1a: Keldeo|tox
|move|p2a: Frosmoth|Quiver Dance|p2a: Frosmoth
|-boost|p2a: Frosmoth|spa|1
|-boost|p2a: Frosmoth|spd|1
|-boost|p2a: Frosmoth|spe|1
|
|-damage|p1a: Keldeo|47/100 tox|[from] psn
|upkeep
|turn|22
|
|t:|1757830469
|move|p1a: Keldeo|Sacred Sword|p2a: Frosmoth
|-damage|p2a: Frosmoth|46/100
|move|p2a: Frosmoth|Air Slash|p1a: Keldeo
|-supereffective|p1a: Keldeo
|-crit|p1a: Keldeo
|-damage|p1a: Keldeo|0 fnt
|faint|p1a: Keldeo
|
|upkeep
|
|t:|1757830474
|switch|p1a: Tyranitar|Tyranitar, M, shiny|100/100
|-status|p1a: Tyranitar|tox
|-weather|Sandstorm|[from] ability: Sand Stream|[of] p1a: Tyranitar
|turn|23
|
|t:|1757830489
|switch|p2a: Barraskewda|Barraskewda, F|10/100
|move|p1a: Tyranitar|Low Kick|p2a: Barraskewda
|-damage|p2a: Barraskewda|0 fnt
|faint|p2a: Barraskewda
|
|-weather|Sandstorm|[upkeep]
|-damage|p1a: Tyranitar|94/100 tox|[from] psn
|upkeep
|
|t:|1757830492
|switch|p2a: Sandaconda|Sandaconda, F|100/100
|turn|24
|
|t:|1757830497
|move|p1a: Tyranitar|Low Kick|p2a: Sandaconda
|-damage|p2a: Sandaconda|59/100
|move|p2a: Sandaconda|Coil|p2a: Sandaconda
|-boost|p2a: Sandaconda|atk|1
|-boost|p2a: Sandaconda|def|1
|-boost|p2a: Sandaconda|accuracy|1
|
|-weather|Sandstorm|[upkeep]
|-damage|p1a: Tyranitar|82/100 tox|[from] psn
|upkeep
|turn|25
|
|t:|1757830501
|move|p1a: Tyranitar|Low Kick|p2a: Sandaconda
|-crit|p2a: Sandaconda
|-damage|p2a: Sandaconda|0 fnt
|faint|p2a: Sandaconda
|
|-weather|Sandstorm|[upkeep]
|-damage|p1a: Tyranitar|64/100 tox|[from] psn
|upkeep
|c|☆are you jesus?|noooooo
|
|t:|1757830508
|switch|p2a: Raikou|Raikou|88/100
|turn|26
|
|t:|1757830511
|move|p2a: Raikou|Thunderbolt|p1a: Tyranitar
|-damage|p1a: Tyranitar|29/100 tox
|-damage|p2a: Raikou|78/100|[from] item: Life Orb
|move|p1a: Tyranitar|Low Kick|p2a: Raikou
|-damage|p2a: Raikou|3/100
|
|-weather|Sandstorm|[upkeep]
|-damage|p2a: Raikou|0 fnt|[from] Sandstorm
|faint|p2a: Raikou
|-damage|p1a: Tyranitar|4/100 tox|[from] psn
|upkeep
|
|t:|1757830518
|switch|p2a: Frosmoth|Frosmoth, M|46/100
|turn|27
|
|t:|1757830521
|move|p2a: Frosmoth|Bug Buzz|p1a: Tyranitar
|-supereffective|p1a: Tyranitar
|-damage|p1a: Tyranitar|0 fnt
|faint|p1a: Tyranitar
|
|-weather|none
|upkeep
|
|t:|1757830528
|switch|p1a: Hydrapple|Hydrapple, M|100/100 tox
|turn|28
|
|t:|1757830535
|-terastallize|p1a: Hydrapple|Fairy
|move|p2a: Frosmoth|Ice Beam|p1a: Hydrapple
|-damage|p1a: Hydrapple|48/100 tox
|move|p1a: Hydrapple|Fickle Beam|p2a: Frosmoth|[anim] Fickle Beam All Out
|-activate|p1a: Hydrapple|move: Fickle Beam
|-damage|p2a: Frosmoth|4/100
|
|-damage|p1a: Hydrapple|42/100 tox|[from] psn
|upkeep
|turn|29
|c|☆are you jesus?|gg
|
|t:|1757830548
|move|p2a: Frosmoth|Ice Beam|p1a: Hydrapple
|-damage|p1a: Hydrapple|0 fnt
|faint|p1a: Hydrapple
|
|win|are you jesus?
|raw|pptisme's rating: 1108 &rarr; <strong>1083</strong><br />(-25 for losing)
|raw|are you jesus?'s rating: 1109 &rarr; <strong>1134</strong><br />(+25 for winning)
|l|☆are you jesus?
|player|p2|
|l|☆pptisme
|player|p1|
|j|☆pptisme
|player|p1|pptisme|red|
|l|☆pptisme
|player|p1|
