|j|☆BabyGronkel
|j|☆JumboDorito
|t:|1757824904
|gametype|singles
|player|p1|BabyGronkel|juan|
|player|p2|JumboDorito|169|
|gen|9
|tier|[Gen 9] OU
|rule|HP Percentage Mod: HP is shown in percentages
|rule|Endless Battle Clause: Forcing endless battles is banned
|rule|Species Clause: Limit one of each Pokémon
|rule|OHKO Clause: OHKO moves are banned
|rule|Evasion Items Clause: Evasion items are banned
|rule|Evasion Moves Clause: Evasion moves are banned
|rule|Evasion Abilities Clause: Evasion abilities are banned
|rule|Sleep Moves Clause: Sleep-inducing moves are banned
|clearpoke
|poke|p1|Walking Wake|
|poke|p1|Iron Treads|
|poke|p1|Toedscool, M|
|poke|p1|Furret, M|
|poke|p1|Scrafty, M|
|poke|p1|Regigigas|
|poke|p2|Polteageist|
|poke|p2|Sinistcha-Masterpiece|
|poke|p2|Ting-Lu|
|poke|p2|Infernape, F|
|poke|p2|Floette, F|
|poke|p2|Victreebel, F|
|teampreview
|
|t:|1757824919
|teamsize|p1|6
|teamsize|p2|6
|start
|switch|p1a: Toedscool|Toedscool, M|100/100
|switch|p2a: Macac|Infernape, F|100/100
|turn|1
|j| realjaxsondart
|
|t:|1757824953
|move|p2a: Macac|Fire Punch|p1a: Toedscool
|-supereffective|p1a: Toedscool
|-damage|p1a: Toedscool|13/100
|move|p1a: Toedscool|Spikes|p2a: Macac
|-sidestart|p2: JumboDorito|Spikes
|
|upkeep
|turn|2
|
|t:|1757824960
|move|p2a: Macac|Fire Punch|p1a: Toedscool
|-supereffective|p1a: Toedscool
|-damage|p1a: Toedscool|0 fnt
|faint|p1a: Toedscool
|
|upkeep
|
|t:|1757824964
|switch|p1a: Walking Wake|Walking Wake|100/100
|-enditem|p1a: Walking Wake|Booster Energy
|-activate|p1a: Walking Wake|ability: Protosynthesis|[fromitem]
|-start|p1a: Walking Wake|protosynthesisspa
|turn|3
|
|t:|1757824970
|switch|p2a: Starbucks Girl|Floette, F|100/100
|-damage|p2a: Starbucks Girl|88/100|[from] Spikes
|move|p1a: Walking Wake|Agility|p1a: Walking Wake
|-boost|p1a: Walking Wake|spe|2
|
|upkeep
|turn|4
|
|t:|1757824996
|-end|p1a: Walking Wake|Protosynthesis|[silent]
|switch|p1a: Iron Treads|Iron Treads|100/100
|move|p2a: Starbucks Girl|Moonblast|p1a: Iron Treads
|-resisted|p1a: Iron Treads
|-damage|p1a: Iron Treads|83/100
|-unboost|p1a: Iron Treads|spa|1
|
|-heal|p1a: Iron Treads|89/100|[from] item: Leftovers
|upkeep
|turn|5
|
|t:|1757825007
|switch|p2a: Sopa de|Ting-Lu|100/100
|-damage|p2a: Sopa de|88/100|[from] Spikes
|-ability|p2a: Sopa de|Vessel of Ruin
|move|p1a: Iron Treads|Stealth Rock|p2a: Sopa de
|-sidestart|p2: JumboDorito|move: Stealth Rock
|
|-heal|p1a: Iron Treads|95/100|[from] item: Leftovers
|upkeep
|turn|6
|
|t:|1757825019
|-end|p1a: Iron Treads|Quark Drive|[silent]
|switch|p1a: Furret|Furret, M|100/100
|move|p2a: Sopa de|Ruination|p1a: Furret
|-damage|p1a: Furret|50/100
|
|upkeep
|turn|7
|
|t:|1757825028
|move|p1a: Furret|Super Fang|p2a: Sopa de
|-damage|p2a: Sopa de|44/100
|move|p2a: Sopa de|Whirlwind|p1a: Furret
|drag|p1a: Scrafty|Scrafty, M|100/100
|
|upkeep
|turn|8
|
|t:|1757825035
|move|p1a: Scrafty|Dragon Dance|p1a: Scrafty
|-boost|p1a: Scrafty|atk|1
|-boost|p1a: Scrafty|spe|1
|move|p2a: Sopa de|Sunny Day|p2a: Sopa de
|-weather|SunnyDay
|
|-weather|SunnyDay|[upkeep]
|upkeep
|turn|9
|
|t:|1757825047
|move|p1a: Scrafty|Close Combat|p2a: Sopa de
|-supereffective|p2a: Sopa de
|-damage|p2a: Sopa de|0 fnt
|-unboost|p1a: Scrafty|def|1
|-unboost|p1a: Scrafty|spd|1
|faint|p2a: Sopa de
|-ability|p1a: Scrafty|Moxie|boost
|-boost|p1a: Scrafty|atk|1
|
|-weather|SunnyDay|[upkeep]
|upkeep
|
|t:|1757825077
|switch|p2a: Container|Victreebel, F|100/100
|-damage|p2a: Container|88/100|[from] Spikes
|-damage|p2a: Container|76/100|[from] Stealth Rock
|turn|10
|
|t:|1757825093
|switch|p1a: Furret|Furret, M|50/100
|move|p2a: Container|Solar Beam||[still]
|-prepare|p2a: Container|Solar Beam
|-anim|p2a: Container|Solar Beam|p1a: Furret
|-damage|p1a: Furret|0 fnt
|faint|p1a: Furret
|
|-weather|SunnyDay|[upkeep]
|upkeep
|
|t:|1757825096
|switch|p1a: Regigigas|Regigigas|100/100
|-start|p1a: Regigigas|ability: Slow Start
|turn|11
|
|t:|1757825101
|move|p2a: Container|Growth|p2a: Container
|-boost|p2a: Container|atk|2
|-boost|p2a: Container|spa|2
|move|p1a: Regigigas|Earthquake|p2a: Container
|-damage|p2a: Container|40/100
|
|-weather|SunnyDay|[upkeep]
|upkeep
|turn|12
|
|t:|1757825105
|move|p2a: Container|Solar Beam||[still]
|-prepare|p2a: Container|Solar Beam
|-anim|p2a: Container|Solar Beam|p1a: Regigigas
|-damage|p1a: Regigigas|14/100
|move|p1a: Regigigas|Body Slam|p2a: Container
|-damage|p2a: Container|0 fnt
|faint|p2a: Container
|
|-weather|SunnyDay|[upkeep]
|upkeep
|
|t:|1757825122
|switch|p2a: Matcha|Sinistcha-Masterpiece|100/100
|-damage|p2a: Matcha|88/100|[from] Spikes
|-damage|p2a: Matcha|76/100|[from] Stealth Rock
|turn|13
|
|t:|1757825133
|switch|p1a: Scrafty|Scrafty, M|100/100
|move|p2a: Matcha|Calm Mind|p2a: Matcha
|-boost|p2a: Matcha|spa|1
|-boost|p2a: Matcha|spd|1
|
|-weather|SunnyDay|[upkeep]
|-heal|p2a: Matcha|82/100|[from] item: Leftovers
|upkeep
|turn|14
|
|t:|1757825143
|-terastallize|p2a: Matcha|Dragon
|move|p1a: Scrafty|Knock Off|p2a: Matcha
|-damage|p2a: Matcha|40/100
|-enditem|p2a: Matcha|Leftovers|[from] move: Knock Off|[of] p1a: Scrafty
|move|p2a: Matcha|Strength Sap|p1a: Scrafty
|-unboost|p1a: Scrafty|atk|1
|-heal|p2a: Matcha|100/100
|
|-weather|SunnyDay|[upkeep]
|upkeep
|turn|15
|
|t:|1757825154
|switch|p1a: Walking Wake|Walking Wake|100/100
|-activate|p1a: Walking Wake|ability: Protosynthesis
|-start|p1a: Walking Wake|protosynthesisspa
|move|p2a: Matcha|Calm Mind|p2a: Matcha
|-boost|p2a: Matcha|spa|1
|-boost|p2a: Matcha|spd|1
|
|-weather|none
|-end|p1a: Walking Wake|Protosynthesis
|upkeep
|turn|16
|
|t:|1757825159
|move|p1a: Walking Wake|Dragon Pulse|p2a: Matcha
|-supereffective|p2a: Matcha
|-damage|p2a: Matcha|49/100
|move|p2a: Matcha|Matcha Gotcha|p1a: Walking Wake
|-damage|p1a: Walking Wake|6/100
|-heal|p2a: Matcha|100/100|[from] drain|[of] p1a: Walking Wake
|
|upkeep
|turn|17
|
|t:|1757825169
|move|p1a: Walking Wake|Dragon Pulse|p2a: Matcha
|-supereffective|p2a: Matcha
|-damage|p2a: Matcha|47/100
|move|p2a: Matcha|Shadow Ball|p1a: Walking Wake
|-damage|p1a: Walking Wake|0 fnt
|faint|p1a: Walking Wake
|-end|p1a: Walking Wake|Protosynthesis|[silent]
|
|upkeep
|
|t:|1757825176
|switch|p1a: Iron Treads|Iron Treads|95/100
|turn|18
|
|t:|1757825182
|move|p1a: Iron Treads|Earthquake|p2a: Matcha
|-damage|p2a: Matcha|0 fnt
|faint|p2a: Matcha
|
|-heal|p1a: Iron Treads|100/100|[from] item: Leftovers
|upkeep
|
|t:|1757825193
|switch|p2a: Macac|Infernape, F|100/100
|-damage|p2a: Macac|88/100|[from] Spikes
|-damage|p2a: Macac|76/100|[from] Stealth Rock
|turn|19
|
|t:|1757825217
|-terastallize|p1a: Iron Treads|Flying
|move|p2a: Macac|Raging Fury|p1a: Iron Treads
|-damage|p1a: Iron Treads|49/100
|move|p1a: Iron Treads|Earthquake|p2a: Macac
|-supereffective|p2a: Macac
|-damage|p2a: Macac|0 fnt
|faint|p2a: Macac
|
|-heal|p1a: Iron Treads|55/100|[from] item: Leftovers
|upkeep
|
|t:|1757825227
|switch|p2a: Tea|Polteageist|100/100
|-damage|p2a: Tea|88/100|[from] Spikes
|-damage|p2a: Tea|76/100|[from] Stealth Rock
|turn|20
|
|t:|1757825245
|move|p1a: Iron Treads|Earthquake|p2a: Tea
|-damage|p2a: Tea|0 fnt
|faint|p2a: Tea
|
|-heal|p1a: Iron Treads|61/100|[from] item: Leftovers
|upkeep
|
|t:|1757825247
|switch|p2a: Starbucks Girl|Floette, F|88/100
|-damage|p2a: Starbucks Girl|75/100|[from] Spikes
|-damage|p2a: Starbucks Girl|63/100|[from] Stealth Rock
|turn|21
|
|t:|1757825251
|move|p1a: Iron Treads|Iron Head|p2a: Starbucks Girl
|-supereffective|p2a: Starbucks Girl
|-damage|p2a: Starbucks Girl|0 fnt
|faint|p2a: Starbucks Girl
|
|win|BabyGronkel
|l|☆BabyGronkel
|player|p1|
