|j|☆LordXenIII
|j|☆Cognos
|t:|1757955720
|gametype|singles
|player|p1|LordXenIII|265|1194
|player|p2|Cognos|nate|1205
|gen|9
|tier|[Gen 9] OU
|rated|
|rule|HP Percentage Mod: HP is shown in percentages
|rule|Endless Battle Clause: Forcing endless battles is banned
|rule|Species Clause: Limit one of each Pokémon
|rule|OHKO Clause: OHKO moves are banned
|rule|Evasion Items Clause: Evasion items are banned
|rule|Evasion Moves Clause: Evasion moves are banned
|rule|Evasion Abilities Clause: Evasion abilities are banned
|rule|Sleep Moves Clause: Sleep-inducing moves are banned
|clearpoke
|poke|p1|Great Tusk|
|poke|p1|Heatran, M|
|poke|p1|Weavile, M|
|poke|p1|Primarina, M|
|poke|p1|Ogerpon, F|
|poke|p1|Pecharunt|
|poke|p2|Iron Valiant|
|poke|p2|Gliscor, F|
|poke|p2|Great Tusk|
|poke|p2|Dragapult, M|
|poke|p2|Slowking-Galar, F|
|poke|p2|Skarmory, F|
|teampreview
|inactive|Battle timer is ON: inactive players will automatically lose when time's up. (requested by Cognos)
|inactive|LordXenIII has 120 seconds left.
|inactive|LordXenIII has 90 seconds left.
|
|t:|1757955829
|teamsize|p1|6
|teamsize|p2|6
|start
|switch|p1a: Celestine|Primarina, M, shiny|100/100
|switch|p2a: Iron Valiant|Iron Valiant|100/100
|turn|1
|inactive|LordXenIII has 120 seconds left.
|
|t:|1757955870
|-end|p2a: Iron Valiant|Quark Drive|[silent]
|switch|p2a: Slowking|Slowking-Galar, F|100/100
|move|p1a: Celestine|Flip Turn|p2a: Slowking
|-damage|p2a: Slowking|85/100
|
|t:|1757955877
|switch|p1a: Bandit|Weavile, M, shiny|100/100|[from] Flip Turn
|-ability|p1a: Bandit|Pressure
|
|upkeep
|turn|2
|
|t:|1757955882
|switch|p2a: Skarmory|Skarmory, F|100/100
|move|p1a: Bandit|Knock Off|p2a: Skarmory
|-damage|p2a: Skarmory|60/100
|-damage|p1a: Bandit|84/100|[from] item: Rocky Helmet|[of] p2a: Skarmory
|-enditem|p2a: Skarmory|Rocky Helmet|[from] move: Knock Off|[of] p1a: Bandit
|
|upkeep
|turn|3
|
|t:|1757955899
|switch|p1a: Chaos|Heatran, M, shiny|100/100
|-item|p1a: Chaos|Air Balloon
|move|p2a: Skarmory|Roost|p2a: Skarmory
|-heal|p2a: Skarmory|100/100
|-singleturn|p2a: Skarmory|move: Roost
|
|upkeep
|turn|4
|l|☆Cognos
|inactive|Cognos disconnected and has a minute to reconnect!
|player|p2|
|inactive|LordXenIII has 90 seconds left.
|inactive|Cognos has 30 seconds to reconnect!
|j|☆Cognos
|inactive|Cognos reconnected and has 115 seconds left.
|player|p2|Cognos|nate|
|
|t:|1757955944
|switch|p2a: Gliscor|Gliscor, F|100/100
|move|p1a: Chaos|Stealth Rock|p2a: Gliscor
|-sidestart|p2: Cognos|move: Stealth Rock
|
|-status|p2a: Gliscor|tox|[from] item: Toxic Orb
|upkeep
|turn|5
|inactive|LordXenIII has 90 seconds left.
|
|t:|1757955951
|switch|p1a: Celestine|Primarina, M, shiny|100/100
|move|p2a: Gliscor|U-turn|p1a: Celestine
|-resisted|p1a: Celestine
|-damage|p1a: Celestine|91/100
|
|t:|1757955957
|switch|p2a: Slowking|Slowking-Galar, F|100/100|[from] U-turn
|
|upkeep
|turn|6
|inactive|LordXenIII has 90 seconds left.
|
|t:|1757955984
|move|p1a: Celestine|Flip Turn|p2a: Slowking
|-damage|p2a: Slowking|87/100
|inactive|LordXenIII has 60 seconds left.
|
|t:|1757956014
|switch|p1a: Anonymous|Ogerpon, F|100/100|[from] Flip Turn
|move|p2a: Slowking|Future Sight|p1a: Anonymous
|-start|p2a: Slowking|move: Future Sight
|
|upkeep
|turn|7
|inactive|LordXenIII has 60 seconds left.
|
|t:|1757956028
|switch|p2a: Gliscor|Gliscor, F|100/100 tox
|-damage|p2a: Gliscor|88/100 tox|[from] Stealth Rock
|move|p1a: Anonymous|U-turn|p2a: Gliscor
|-resisted|p2a: Gliscor
|-damage|p2a: Gliscor|75/100 tox
|
|t:|1757956032
|switch|p1a: Bandit|Weavile, M, shiny|84/100|[from] U-turn
|-ability|p1a: Bandit|Pressure
|
|-heal|p2a: Gliscor|87/100 tox|[from] ability: Poison Heal
|upkeep
|turn|8
|
|t:|1757956041
|move|p2a: Gliscor|Protect|p2a: Gliscor
|-singleturn|p2a: Gliscor|Protect
|move|p1a: Bandit|Triple Axel|p2a: Gliscor
|-activate|p2a: Gliscor|move: Protect
|
|-end|p1a: Bandit|move: Future Sight
|-immune|p1a: Bandit
|-heal|p2a: Gliscor|99/100 tox|[from] ability: Poison Heal
|upkeep
|turn|9
|
|t:|1757956052
|switch|p2a: Slowking|Slowking-Galar, F|100/100
|move|p1a: Bandit|Triple Axel|p2a: Slowking
|-damage|p2a: Slowking|84/100
|-damage|p2a: Slowking|54/100
|-damage|p2a: Slowking|8/100
|-hitcount|p2a: Slowking|3
|
|upkeep
|turn|10
|
|t:|1757956057
|switch|p2a: Skarmory|Skarmory, F|100/100
|-damage|p2a: Skarmory|88/100|[from] Stealth Rock
|move|p1a: Bandit|Triple Axel|p2a: Skarmory
|-crit|p2a: Skarmory
|-damage|p2a: Skarmory|76/100
|-damage|p2a: Skarmory|58/100
|-damage|p2a: Skarmory|34/100
|-hitcount|p2a: Skarmory|3
|
|upkeep
|turn|11
|inactive|LordXenIII has 90 seconds left.
|
|t:|1757956062
|move|p1a: Bandit|Triple Axel|p2a: Skarmory
|-damage|p2a: Skarmory|25/100
|-damage|p2a: Skarmory|8/100
|-hitcount|p2a: Skarmory|2
|move|p2a: Skarmory|Roost|p2a: Skarmory
|-heal|p2a: Skarmory|58/100
|-singleturn|p2a: Skarmory|move: Roost
|
|upkeep
|turn|12
|
|t:|1757956071
|-terastallize|p1a: Bandit|Ice
|move|p1a: Bandit|Triple Axel|p2a: Skarmory
|-damage|p2a: Skarmory|46/100
|-damage|p2a: Skarmory|24/100
|-damage|p2a: Skarmory|0 fnt
|faint|p2a: Skarmory
|-hitcount|p2: Skarmory|3
|
|upkeep
|-message|Cognos forfeited.
|
|win|LordXenIII
|raw|LordXenIII's rating: 1194 &rarr; <strong>1220</strong><br />(+26 for winning)
|raw|Cognos's rating: 1205 &rarr; <strong>1179</strong><br />(-26 for losing)
|l|☆Cognos
|player|p2|
