|j|☆8daniel8
|j|☆lupiit
|t:|1757909365
|gametype|singles
|player|p1|8daniel8|koga|1438
|player|p2|lupiit|dragontamer|1438
|gen|9
|tier|[Gen 9] OU
|rated|
|rule|HP Percentage Mod: HP is shown in percentages
|rule|Endless Battle Clause: Forcing endless battles is banned
|rule|Species Clause: Limit one of each Pokémon
|rule|OHKO Clause: OHKO moves are banned
|rule|Evasion Items Clause: Evasion items are banned
|rule|Evasion Moves Clause: Evasion moves are banned
|rule|Evasion Abilities Clause: Evasion abilities are banned
|rule|Sleep Moves Clause: Sleep-inducing moves are banned
|clearpoke
|poke|p1|Dragapult, M|
|poke|p1|Mandibuzz, F|
|poke|p1|Empoleon, F|
|poke|p1|Scream Tail|
|poke|p1|Okidogi, M|
|poke|p1|Electrode-Hisui|
|poke|p2|Kyurem|
|poke|p2|Latias, F|
|poke|p2|Skeledirge, F|
|poke|p2|Comfey, M|
|poke|p2|Hoopa-Unbound|
|poke|p2|Smeargle, F|
|teampreview
|inactive|Battle timer is ON: inactive players will automatically lose when time's up. (requested by lupiit)
|
|t:|1757909377
|teamsize|p1|6
|teamsize|p2|6
|start
|switch|p1a: Dragapult|Dragapult, M|100/100
|switch|p2a: Smeargle|Smeargle, F|100/100
|turn|1
|
|t:|1757909385
|switch|p2a: Comfey|Comfey, M|100/100
|move|p1a: Dragapult|Dragon Darts|p2a: Comfey
|-immune|p2a: Comfey
|
|upkeep
|turn|2
|
|t:|1757909392
|switch|p1a: Okidogi|Okidogi, M|100/100
|move|p2a: Comfey|Leech Seed|p1a: Okidogi
|-start|p1a: Okidogi|move: Leech Seed
|
|-damage|p1a: Okidogi|88/100|[from] Leech Seed|[of] p2a: Comfey
|upkeep
|turn|3
|
|t:|1757909402
|switch|p2a: Skeledirge|Skeledirge, F, shiny|100/100
|move|p1a: Okidogi|Bulk Up|p1a: Okidogi
|-boost|p1a: Okidogi|atk|1
|-boost|p1a: Okidogi|def|1
|
|-heal|p1a: Okidogi|94/100|[from] item: Leftovers
|-damage|p1a: Okidogi|82/100|[from] Leech Seed|[of] p2a: Skeledirge
|upkeep
|turn|4
|
|t:|1757909411
|switch|p1a: Scream Tail|Scream Tail|100/100
|move|p2a: Skeledirge|Torch Song|p1a: Scream Tail
|-damage|p1a: Scream Tail|57/100
|-boost|p2a: Skeledirge|spa|1
|
|upkeep
|turn|5
|
|t:|1757909422
|move|p1a: Scream Tail|Encore|p2a: Skeledirge
|-start|p2a: Skeledirge|Encore
|move|p2a: Skeledirge|Torch Song|p1a: Scream Tail
|-damage|p1a: Scream Tail|0 fnt
|-boost|p2a: Skeledirge|spa|1
|faint|p1a: Scream Tail
|-end|p1a: Scream Tail|Protosynthesis|[silent]
|
|upkeep
|
|t:|1757909430
|switch|p1a: Dragapult|Dragapult, M|100/100
|turn|6
|
|t:|1757909435
|switch|p2a: Smeargle|Smeargle, F|100/100
|move|p1a: Dragapult|Dragon Dance|p1a: Dragapult
|-boost|p1a: Dragapult|atk|1
|-boost|p1a: Dragapult|spe|1
|
|upkeep
|turn|7
|
|t:|1757909441
|switch|p2a: Comfey|Comfey, M|100/100
|move|p1a: Dragapult|Dragon Darts|p2a: Comfey
|-immune|p2a: Comfey
|
|upkeep
|turn|8
|
|t:|1757909449
|switch|p2a: Smeargle|Smeargle, F|100/100
|-terastallize|p1a: Dragapult|Fire
|move|p1a: Dragapult|Tera Blast|p2a: Smeargle|[anim] Tera Blast Fire
|-enditem|p2a: Smeargle|Focus Sash
|-damage|p2a: Smeargle|1/100
|-damage|p1a: Dragapult|91/100|[from] item: Life Orb
|
|upkeep
|turn|9
|
|t:|1757909464
|move|p1a: Dragapult|Tera Blast|p2a: Smeargle|[anim] Tera Blast Fire
|-damage|p2a: Smeargle|0 fnt
|faint|p2a: Smeargle
|-damage|p1a: Dragapult|81/100|[from] item: Life Orb
|
|upkeep
|
|t:|1757909466
|switch|p2a: Skeledirge|Skeledirge, F, shiny|100/100
|turn|10
|
|t:|1757909473
|move|p1a: Dragapult|Phantom Force||[still]
|-prepare|p1a: Dragapult|Phantom Force
|move|p2a: Skeledirge|Shadow Ball|p1a: Dragapult|[miss]
|-miss|p2a: Skeledirge|p1a: Dragapult
|
|upkeep
|turn|11
|
|t:|1757909490
|-terastallize|p2a: Skeledirge|Grass
|move|p1a: Dragapult|Phantom Force|p2a: Skeledirge|[from] lockedmove
|-damage|p2a: Skeledirge|44/100
|-damage|p1a: Dragapult|71/100|[from] item: Life Orb
|move|p2a: Skeledirge|Shadow Ball|p1a: Dragapult
|-damage|p1a: Dragapult|0 fnt
|faint|p1a: Dragapult
|
|upkeep
|
|t:|1757909502
|switch|p1a: Okidogi|Okidogi, M|82/100
|turn|12
|
|t:|1757909506
|move|p1a: Okidogi|Gunk Shot|p2a: Skeledirge
|-supereffective|p2a: Skeledirge
|-damage|p2a: Skeledirge|0 fnt
|faint|p2a: Skeledirge
|
|-heal|p1a: Okidogi|88/100|[from] item: Leftovers
|upkeep
|
|t:|1757909508
|switch|p2a: Hoopa|Hoopa-Unbound|100/100
|turn|13
|
|t:|1757909521
|switch|p1a: Mandibuzz|Mandibuzz, F|100/100
|move|p2a: Hoopa|Psyshock|p1a: Mandibuzz
|-immune|p1a: Mandibuzz
|
|upkeep
|turn|14
|
|t:|1757909528
|switch|p2a: Kyurem|Kyurem|100/100
|-ability|p2a: Kyurem|Pressure
|move|p1a: Mandibuzz|Toxic|p2a: Kyurem
|-status|p2a: Kyurem|tox
|
|-damage|p2a: Kyurem|94/100 tox|[from] psn
|upkeep
|turn|15
|
|t:|1757909537
|switch|p1a: Empoleon|Empoleon, F|100/100
|move|p2a: Kyurem|Freeze-Dry|p1a: Empoleon
|-damage|p1a: Empoleon|67/100
|
|-heal|p1a: Empoleon|73/100|[from] item: Leftovers
|-damage|p2a: Kyurem|82/100 tox|[from] psn
|upkeep
|turn|16
|
|t:|1757909548
|move|p2a: Kyurem|Freeze-Dry|p1a: Empoleon
|-damage|p1a: Empoleon|37/100
|-status|p1a: Empoleon|frz
|cant|p1a: Empoleon|frz
|
|-heal|p1a: Empoleon|43/100 frz|[from] item: Leftovers
|-damage|p2a: Kyurem|64/100 tox|[from] psn
|upkeep
|turn|17
|
|t:|1757909558
|switch|p2a: Comfey|Comfey, M|100/100
|cant|p1a: Empoleon|frz
|
|-heal|p1a: Empoleon|49/100 frz|[from] item: Leftovers
|upkeep
|turn|18
|
|t:|1757909566
|move|p2a: Comfey|Substitute|p2a: Comfey
|-start|p2a: Comfey|Substitute
|-damage|p2a: Comfey|76/100
|cant|p1a: Empoleon|frz
|
|-heal|p1a: Empoleon|55/100 frz|[from] item: Leftovers
|upkeep
|turn|19
|
|t:|1757909574
|move|p2a: Comfey|Calm Mind|p2a: Comfey
|-boost|p2a: Comfey|spa|1
|-boost|p2a: Comfey|spd|1
|cant|p1a: Empoleon|frz
|
|-heal|p1a: Empoleon|61/100 frz|[from] item: Leftovers
|upkeep
|turn|20
|
|t:|1757909582
|move|p2a: Comfey|Calm Mind|p2a: Comfey
|-boost|p2a: Comfey|spa|1
|-boost|p2a: Comfey|spd|1
|-curestatus|p1a: Empoleon|frz|[msg]
|move|p1a: Empoleon|Roost|p1a: Empoleon
|-heal|p1a: Empoleon|100/100
|-singleturn|p1a: Empoleon|move: Roost
|
|upkeep
|turn|21
|
|t:|1757909592
|move|p2a: Comfey|Leech Seed|p1a: Empoleon
|-start|p1a: Empoleon|move: Leech Seed
|move|p1a: Empoleon|Flash Cannon|p2a: Comfey
|-supereffective|p2a: Comfey
|-end|p2a: Comfey|Substitute
|
|-damage|p1a: Empoleon|88/100|[from] Leech Seed|[of] p2a: Comfey
|-heal|p2a: Comfey|91/100|[silent]
|upkeep
|turn|22
|
|t:|1757909602
|move|p2a: Comfey|Draining Kiss|p1a: Empoleon
|-resisted|p1a: Empoleon
|-damage|p1a: Empoleon|74/100
|-heal|p2a: Comfey|100/100|[from] drain|[of] p1a: Empoleon
|move|p1a: Empoleon|Flash Cannon|p2a: Comfey
|-supereffective|p2a: Comfey
|-damage|p2a: Comfey|70/100
|
|-heal|p1a: Empoleon|80/100|[from] item: Leftovers
|-damage|p1a: Empoleon|67/100|[from] Leech Seed|[of] p2a: Comfey
|-heal|p2a: Comfey|85/100|[silent]
|upkeep
|turn|23
|c|☆lupiit|gg
|
|t:|1757909614
|switch|p1a: Okidogi|Okidogi, M|88/100
|move|p2a: Comfey|Draining Kiss|p1a: Okidogi
|-damage|p1a: Okidogi|37/100
|-heal|p2a: Comfey|100/100|[from] drain|[of] p1a: Okidogi
|
|-heal|p1a: Okidogi|43/100|[from] item: Leftovers
|upkeep
|turn|24
|
|t:|1757909624
|move|p2a: Comfey|Draining Kiss|p1a: Okidogi
|-damage|p1a: Okidogi|0 fnt
|faint|p1a: Okidogi
|
|upkeep
|-message|8daniel8 forfeited.
|
|win|lupiit
|raw|8daniel8's rating: 1438 &rarr; <strong>1418</strong><br />(-20 for losing)
|raw|lupiit's rating: 1438 &rarr; <strong>1458</strong><br />(+20 for winning)
|l|☆8daniel8
|player|p1|
|l|☆lupiit
|player|p2|
