|j|☆LooksGoodToMe
|j|☆worm enjoyer
|t:|1757836822
|gametype|singles
|player|p1|LooksGoodToMe|101|1217
|player|p2|worm enjoyer|caitlin|1246
|gen|9
|tier|[Gen 9] OU
|rated|
|rule|HP Percentage Mod: HP is shown in percentages
|rule|Endless Battle Clause: Forcing endless battles is banned
|rule|Species Clause: Limit one of each Pokémon
|rule|OHKO Clause: OHKO moves are banned
|rule|Evasion Items Clause: Evasion items are banned
|rule|Evasion Moves Clause: Evasion moves are banned
|rule|Evasion Abilities Clause: Evasion abilities are banned
|rule|Sleep Moves Clause: Sleep-inducing moves are banned
|clearpoke
|poke|p1|Goodra-Hisui, M|
|poke|p1|Ceruledge, F|
|poke|p1|Clodsire, F|
|poke|p1|Rotom-Wash|
|poke|p1|Grimmsnarl, M|
|poke|p1|Staraptor, M|
|poke|p2|Orthworm, M|
|poke|p2|Heatran, M|
|poke|p2|Hydrapple, M|
|poke|p2|Weezing-Galar, M|
|poke|p2|Kingambit, M|
|poke|p2|Emboar, M|
|teampreview
|inactive|Battle timer is ON: inactive players will automatically lose when time's up. (requested by LooksGoodToMe)
|
|t:|1757836832
|teamsize|p1|6
|teamsize|p2|6
|start
|switch|p1a: Rotom|Rotom-Wash|100/100
|switch|p2a: let him cook|Emboar, M, shiny|100/100
|turn|1
|c|☆LooksGoodToMe|hf
|
|t:|1757836842
|switch|p2a: Controversial worm|Hydrapple, M, shiny|100/100
|move|p1a: Rotom|Hydro Pump|p2a: Controversial worm|[miss]
|-miss|p1a: Rotom|p2a: Controversial worm
|
|upkeep
|turn|2
|
|t:|1757836851
|move|p1a: Rotom|Volt Switch|p2a: Controversial worm
|-resisted|p2a: Controversial worm
|-damage|p2a: Controversial worm|97/100
|
|t:|1757836862
|switch|p1a: Clodsire|Clodsire, F|100/100|[from] Volt Switch
|move|p2a: Controversial worm|Leaf Storm|p1a: Clodsire
|-damage|p1a: Clodsire|72/100
|-unboost|p2a: Controversial worm|spa|2
|
|-heal|p1a: Clodsire|78/100|[from] item: Leftovers
|upkeep
|turn|3
|
|t:|1757836877
|move|p2a: Controversial worm|Earth Power|p1a: Clodsire
|-supereffective|p1a: Clodsire
|-damage|p1a: Clodsire|48/100
|move|p1a: Clodsire|Stealth Rock|p2a: Controversial worm
|-sidestart|p2: worm enjoyer|move: Stealth Rock
|
|-heal|p1a: Clodsire|55/100|[from] item: Leftovers
|upkeep
|turn|4
|
|t:|1757836887
|move|p2a: Controversial worm|Earth Power|p1a: Clodsire
|-supereffective|p1a: Clodsire
|-damage|p1a: Clodsire|24/100
|move|p1a: Clodsire|Recover|p1a: Clodsire
|-heal|p1a: Clodsire|74/100
|
|-heal|p1a: Clodsire|80/100|[from] item: Leftovers
|upkeep
|turn|5
|
|t:|1757836897
|switch|p2a: gholdumbo|Weezing-Galar, M|100/100
|-ability|p2a: gholdumbo|Neutralizing Gas
|-damage|p2a: gholdumbo|88/100|[from] Stealth Rock
|move|p1a: Clodsire|Recover|p1a: Clodsire
|-heal|p1a: Clodsire|100/100
|
|-heal|p2a: gholdumbo|94/100|[from] item: Leftovers
|upkeep
|turn|6
|
|t:|1757836906
|move|p2a: gholdumbo|Will-O-Wisp|p1a: Clodsire
|-status|p1a: Clodsire|brn
|move|p1a: Clodsire|Stealth Rock||[still]
|-fail|p1a: Clodsire
|
|-heal|p2a: gholdumbo|99/100|[from] item: Leftovers
|-damage|p1a: Clodsire|94/100 brn|[from] brn
|upkeep
|turn|7
|
|t:|1757836917
|switch|p1a: Rotom|Rotom-Wash|100/100
|move|p2a: gholdumbo|Defog|p1a: Rotom
|-unboost|p1a: Rotom|evasion|1
|-sideend|p2: worm enjoyer|Stealth Rock|[from] move: Defog|[of] p2a: gholdumbo
|
|-heal|p2a: gholdumbo|100/100|[from] item: Leftovers
|upkeep
|turn|8
|
|t:|1757836927
|-end|p2a: gholdumbo|ability: Neutralizing Gas
|switch|p2a: Controversial worm|Hydrapple, M, shiny|100/100
|move|p1a: Rotom|Volt Switch|p2a: Controversial worm
|-resisted|p2a: Controversial worm
|-damage|p2a: Controversial worm|97/100
|
|t:|1757836936
|switch|p1a: Grimmsnarl|Grimmsnarl, M|100/100|[from] Volt Switch
|
|upkeep
|turn|9
|
|t:|1757836953
|switch|p1a: Rotom|Rotom-Wash|100/100
|move|p2a: Controversial worm|Leaf Storm|p1a: Rotom
|-supereffective|p1a: Rotom
|-damage|p1a: Rotom|0 fnt
|-unboost|p2a: Controversial worm|spa|2
|faint|p1a: Rotom
|
|upkeep
|
|t:|1757836962
|switch|p1a: Ceruledge|Ceruledge, F|100/100
|turn|10
|
|t:|1757836973
|switch|p2a: let him cook|Emboar, M, shiny|100/100
|move|p1a: Ceruledge|Swords Dance|p1a: Ceruledge
|-boost|p1a: Ceruledge|atk|2
|
|upkeep
|turn|11
|
|t:|1757836982
|move|p1a: Ceruledge|Poltergeist|p2a: let him cook|[miss]
|-miss|p1a: Ceruledge|p2a: let him cook
|move|p2a: let him cook|Scald|p1a: Ceruledge
|-supereffective|p1a: Ceruledge
|-damage|p1a: Ceruledge|38/100
|
|upkeep
|turn|12
|
|t:|1757836992
|move|p1a: Ceruledge|Poltergeist|p2a: let him cook
|-activate|p2a: let him cook|move: Poltergeist|Choice Specs
|-damage|p2a: let him cook|6/100
|move|p2a: let him cook|Scald|p1a: Ceruledge
|-supereffective|p1a: Ceruledge
|-damage|p1a: Ceruledge|0 fnt
|faint|p1a: Ceruledge
|
|upkeep
|
|t:|1757837002
|switch|p1a: Staraptor|Staraptor, M|100/100
|turn|13
|
|t:|1757837011
|move|p1a: Staraptor|Close Combat|p2a: let him cook
|-damage|p2a: let him cook|0 fnt
|-unboost|p1a: Staraptor|def|1
|-unboost|p1a: Staraptor|spd|1
|faint|p2a: let him cook
|
|upkeep
|
|t:|1757837020
|switch|p2a: gholdumbo|Weezing-Galar, M|100/100
|-ability|p2a: gholdumbo|Neutralizing Gas
|turn|14
|
|t:|1757837029
|switch|p1a: Clodsire|Clodsire, F|94/100 brn
|move|p2a: gholdumbo|Will-O-Wisp|p1a: Clodsire
|-fail|p1a: Clodsire|brn
|
|-heal|p1a: Clodsire|100/100 brn|[from] item: Leftovers
|-damage|p1a: Clodsire|94/100 brn|[from] brn
|upkeep
|turn|15
|
|t:|1757837039
|-end|p2a: gholdumbo|ability: Neutralizing Gas
|switch|p2a: Controversial worm|Hydrapple, M, shiny|100/100
|switch|p1a: Staraptor|Staraptor, M|100/100
|
|upkeep
|turn|16
|
|t:|1757837054
|switch|p2a: gholdumbo|Weezing-Galar, M|100/100
|-ability|p2a: gholdumbo|Neutralizing Gas
|move|p1a: Staraptor|Close Combat|p2a: gholdumbo
|-resisted|p2a: gholdumbo
|-damage|p2a: gholdumbo|92/100
|-unboost|p1a: Staraptor|def|1
|-unboost|p1a: Staraptor|spd|1
|
|-heal|p2a: gholdumbo|98/100|[from] item: Leftovers
|upkeep
|turn|17
|
|t:|1757837065
|switch|p1a: Clodsire|Clodsire, F|94/100 brn
|move|p2a: gholdumbo|Flamethrower|p1a: Clodsire
|-damage|p1a: Clodsire|85/100 brn
|
|-heal|p2a: gholdumbo|100/100|[from] item: Leftovers
|-heal|p1a: Clodsire|91/100 brn|[from] item: Leftovers
|-damage|p1a: Clodsire|85/100 brn|[from] brn
|upkeep
|turn|18
|
|t:|1757837078
|-end|p2a: gholdumbo|ability: Neutralizing Gas
|switch|p2a: Controversial worm|Hydrapple, M, shiny|100/100
|switch|p1a: Staraptor|Staraptor, M|100/100
|
|upkeep
|turn|19
|
|t:|1757837089
|move|p1a: Staraptor|Close Combat|p2a: Controversial worm
|-damage|p2a: Controversial worm|72/100
|-unboost|p1a: Staraptor|def|1
|-unboost|p1a: Staraptor|spd|1
|move|p2a: Controversial worm|Draco Meteor|p1a: Staraptor
|-damage|p1a: Staraptor|0 fnt
|-unboost|p2a: Controversial worm|spa|2
|faint|p1a: Staraptor
|
|upkeep
|
|t:|1757837099
|switch|p1a: Grimmsnarl|Grimmsnarl, M|100/100
|turn|20
|
|t:|1757837108
|switch|p2a: dog|Heatran, M|100/100
|move|p1a: Grimmsnarl|Parting Shot|p2a: dog
|-unboost|p2a: dog|atk|1
|-unboost|p2a: dog|spa|1
|
|t:|1757837117
|switch|p1a: Clodsire|Clodsire, F|85/100 brn|[from] Parting Shot
|
|-heal|p1a: Clodsire|91/100 brn|[from] item: Leftovers
|-damage|p1a: Clodsire|85/100 brn|[from] brn
|upkeep
|turn|21
|
|t:|1757837126
|switch|p2a: Controversial worm|Hydrapple, M, shiny|100/100
|switch|p1a: Goodra|Goodra-Hisui, M|100/100
|
|upkeep
|turn|22
|
|t:|1757837135
|switch|p1a: Grimmsnarl|Grimmsnarl, M|100/100
|move|p2a: Controversial worm|Body Press|p1a: Grimmsnarl
|-damage|p1a: Grimmsnarl|76/100
|
|upkeep
|turn|23
|
|t:|1757837144
|move|p1a: Grimmsnarl|Spirit Break|p2a: Controversial worm
|-supereffective|p2a: Controversial worm
|-damage|p2a: Controversial worm|55/100
|-unboost|p2a: Controversial worm|spa|1
|move|p2a: Controversial worm|Body Press|p1a: Grimmsnarl
|-damage|p1a: Grimmsnarl|52/100
|
|upkeep
|turn|24
|
|t:|1757837154
|switch|p2a: THE GOAT|Orthworm, M, shiny|100/100
|move|p1a: Grimmsnarl|Spirit Break|p2a: THE GOAT
|-resisted|p2a: THE GOAT
|-damage|p2a: THE GOAT|92/100
|-unboost|p2a: THE GOAT|spa|1
|
|-heal|p2a: THE GOAT|98/100|[from] item: Leftovers
|upkeep
|turn|25
|
|t:|1757837164
|move|p1a: Grimmsnarl|Parting Shot|p2a: THE GOAT
|-unboost|p2a: THE GOAT|atk|1
|-unboost|p2a: THE GOAT|spa|1
|
|t:|1757837173
|switch|p1a: Goodra|Goodra-Hisui, M|100/100|[from] Parting Shot
|move|p2a: THE GOAT|Spikes|p1a: Goodra
|-sidestart|p1: LooksGoodToMe|Spikes
|
|-heal|p2a: THE GOAT|100/100|[from] item: Leftovers
|upkeep
|turn|26
|
|t:|1757837182
|switch|p1a: Clodsire|Clodsire, F|85/100 brn
|-damage|p1a: Clodsire|72/100 brn|[from] Spikes
|move|p2a: THE GOAT|Body Press|p1a: Clodsire
|-resisted|p1a: Clodsire
|-damage|p1a: Clodsire|52/100 brn
|
|-heal|p1a: Clodsire|58/100 brn|[from] item: Leftovers
|-damage|p1a: Clodsire|52/100 brn|[from] brn
|upkeep
|turn|27
|
|t:|1757837193
|move|p2a: THE GOAT|Spikes|p1a: Clodsire
|-sidestart|p1: LooksGoodToMe|Spikes
|move|p1a: Clodsire|Recover|p1a: Clodsire
|-heal|p1a: Clodsire|100/100 brn
|
|-damage|p1a: Clodsire|94/100 brn|[from] brn
|upkeep
|turn|28
|
|t:|1757837202
|move|p2a: THE GOAT|Spikes|p1a: Clodsire
|-sidestart|p1: LooksGoodToMe|Spikes
|move|p1a: Clodsire|Earthquake|p2a: THE GOAT
|-immune|p2a: THE GOAT|[from] ability: Earth Eater
|
|-heal|p1a: Clodsire|100/100 brn|[from] item: Leftovers
|-damage|p1a: Clodsire|94/100 brn|[from] brn
|upkeep
|turn|29
|
|t:|1757837211
|move|p2a: THE GOAT|Stealth Rock|p1a: Clodsire
|-sidestart|p1: LooksGoodToMe|move: Stealth Rock
|move|p1a: Clodsire|Stealth Rock|p2a: THE GOAT
|-sidestart|p2: worm enjoyer|move: Stealth Rock
|
|-heal|p1a: Clodsire|100/100 brn|[from] item: Leftovers
|-damage|p1a: Clodsire|94/100 brn|[from] brn
|upkeep
|turn|30
|
|t:|1757837222
|switch|p2a: Controversial worm|Hydrapple, M, shiny|88/100
|-damage|p2a: Controversial worm|76/100|[from] Stealth Rock
|move|p1a: Clodsire|Earthquake|p2a: Controversial worm
|-resisted|p2a: Controversial worm
|-damage|p2a: Controversial worm|70/100
|
|-heal|p1a: Clodsire|100/100 brn|[from] item: Leftovers
|-damage|p1a: Clodsire|94/100 brn|[from] brn
|upkeep
|turn|31
|
|t:|1757837232
|move|p2a: Controversial worm|Earth Power|p1a: Clodsire
|-supereffective|p1a: Clodsire
|-damage|p1a: Clodsire|67/100 brn
|move|p1a: Clodsire|Earthquake|p2a: Controversial worm
|-resisted|p2a: Controversial worm
|-damage|p2a: Controversial worm|65/100
|
|-heal|p1a: Clodsire|73/100 brn|[from] item: Leftovers
|-damage|p1a: Clodsire|67/100 brn|[from] brn
|upkeep
|turn|32
|
|t:|1757837242
|move|p2a: Controversial worm|Leaf Storm|p1a: Clodsire
|-damage|p1a: Clodsire|33/100 brn
|-unboost|p2a: Controversial worm|spa|2
|move|p1a: Clodsire|Earthquake|p2a: Controversial worm
|-resisted|p2a: Controversial worm
|-damage|p2a: Controversial worm|60/100
|
|-heal|p1a: Clodsire|39/100 brn|[from] item: Leftovers
|-damage|p1a: Clodsire|33/100 brn|[from] brn
|upkeep
|turn|33
|
|t:|1757837254
|move|p2a: Controversial worm|Earth Power|p1a: Clodsire
|-supereffective|p1a: Clodsire
|-damage|p1a: Clodsire|2/100 brn
|move|p1a: Clodsire|Earthquake|p2a: Controversial worm
|-resisted|p2a: Controversial worm
|-damage|p2a: Controversial worm|55/100
|
|-heal|p1a: Clodsire|8/100 brn|[from] item: Leftovers
|-damage|p1a: Clodsire|2/100 brn|[from] brn
|upkeep
|turn|34
|
|t:|1757837265
|move|p2a: Controversial worm|Earth Power|p1a: Clodsire
|-supereffective|p1a: Clodsire
|-damage|p1a: Clodsire|0 fnt
|faint|p1a: Clodsire
|
|upkeep
|
|t:|1757837274
|switch|p1a: Goodra|Goodra-Hisui, M|100/100
|-damage|p1a: Goodra|75/100|[from] Spikes
|-damage|p1a: Goodra|69/100|[from] Stealth Rock
|turn|35
|
|t:|1757837283
|move|p1a: Goodra|Ice Beam|p2a: Controversial worm
|-supereffective|p2a: Controversial worm
|-damage|p2a: Controversial worm|0 fnt
|faint|p2a: Controversial worm
|
|upkeep
|
|t:|1757837289
|switch|p2a: dog|Heatran, M|100/100
|-damage|p2a: dog|88/100|[from] Stealth Rock
|turn|36
|
|t:|1757837298
|move|p2a: dog|Earth Power|p1a: Goodra
|-supereffective|p1a: Goodra
|-damage|p1a: Goodra|40/100
|-unboost|p1a: Goodra|spd|1
|move|p1a: Goodra|Ice Beam|p2a: dog
|-resisted|p2a: dog
|-damage|p2a: dog|84/100
|-status|p2a: dog|frz
|
|upkeep
|turn|37
|
|t:|1757837312
|cant|p2a: dog|frz
|move|p1a: Goodra|Flash Cannon|p2a: dog
|-resisted|p2a: dog
|-damage|p2a: dog|79/100 frz
|-unboost|p2a: dog|spd|1
|
|upkeep
|turn|38
|
|t:|1757837321
|cant|p2a: dog|frz
|move|p1a: Goodra|Flash Cannon|p2a: dog
|-resisted|p2a: dog
|-damage|p2a: dog|71/100 frz
|
|upkeep
|turn|39
|
|t:|1757837330
|cant|p2a: dog|frz
|move|p1a: Goodra|Flash Cannon|p2a: dog
|-resisted|p2a: dog
|-damage|p2a: dog|62/100 frz
|
|upkeep
|turn|40
|
|t:|1757837339
|-curestatus|p2a: dog|frz|[msg]
|move|p2a: dog|Earth Power|p1a: Goodra
|-supereffective|p1a: Goodra
|-damage|p1a: Goodra|0 fnt
|faint|p1a: Goodra
|
|upkeep
|
|t:|1757837342
|switch|p1a: Grimmsnarl|Grimmsnarl, M|52/100
|-damage|p1a: Grimmsnarl|27/100|[from] Spikes
|-damage|p1a: Grimmsnarl|14/100|[from] Stealth Rock
|turn|41
|
|t:|1757837350
|move|p1a: Grimmsnarl|Light Screen|p1a: Grimmsnarl
|-sidestart|p1: LooksGoodToMe|move: Light Screen
|move|p2a: dog|Flash Cannon|p1a: Grimmsnarl
|-supereffective|p1a: Grimmsnarl
|-damage|p1a: Grimmsnarl|0 fnt
|faint|p1a: Grimmsnarl
|
|win|worm enjoyer
|raw|LooksGoodToMe's rating: 1217 &rarr; <strong>1194</strong><br />(-23 for losing)
|raw|worm enjoyer's rating: 1246 &rarr; <strong>1269</strong><br />(+23 for winning)
|c|☆LooksGoodToMe|gg
|c|☆worm enjoyer|gg
|l|☆worm enjoyer
|player|p2|
