|j|☆xilandrekawaiuwu
|j|☆tatareko
|t:|1757941732
|gametype|singles
|player|p1|xilandrekawaiuwu|101|1149
|player|p2|tatareko|169|1186
|gen|9
|tier|[Gen 9] OU
|rated|
|rule|HP Percentage Mod: HP is shown in percentages
|rule|Endless Battle Clause: Forcing endless battles is banned
|rule|Species Clause: Limit one of each Pokémon
|rule|OHKO Clause: OHKO moves are banned
|rule|Evasion Items Clause: Evasion items are banned
|rule|Evasion Moves Clause: Evasion moves are banned
|rule|Evasion Abilities Clause: Evasion abilities are banned
|rule|Sleep Moves Clause: Sleep-inducing moves are banned
|clearpoke
|poke|p1|Blaziken, F|
|poke|p1|Gliscor, M|
|poke|p1|Scizor, F|
|poke|p1|Goodra-Hisui, M|
|poke|p1|Primarina, F|
|poke|p1|Exeggutor, F|
|poke|p2|Tornadus-Therian, M|
|poke|p2|Hippowdon, F|
|poke|p2|Conkeldurr, M|
|poke|p2|Iron Valiant|
|poke|p2|Skarmory, M|
|poke|p2|Blissey, F|
|teampreview
|
|t:|1757941741
|teamsize|p1|6
|teamsize|p2|6
|start
|switch|p1a: Blaziken|Blaziken, F|100/100
|switch|p2a: Tornadus|Tornadus-Therian, M|100/100
|turn|1
|
|t:|1757941778
|switch|p1a: Primarina|Primarina, F|100/100
|move|p2a: Tornadus|Rain Dance|p2a: Tornadus
|-weather|RainDance
|
|-weather|RainDance|[upkeep]
|upkeep
|turn|2
|
|t:|1757941786
|move|p2a: Tornadus|Bleakwind Storm|p1a: Primarina
|-damage|p1a: Primarina|75/100
|move|p1a: Primarina|Ice Spinner|p2a: Tornadus
|-supereffective|p2a: Tornadus
|-damage|p2a: Tornadus|70/100
|
|-weather|RainDance|[upkeep]
|upkeep
|turn|3
|
|t:|1757941806
|move|p2a: Tornadus|U-turn|p1a: Primarina
|-resisted|p1a: Primarina
|-damage|p1a: Primarina|65/100
|
|t:|1757941814
|switch|p2a: Skarmory|Skarmory, M|100/100|[from] U-turn
|move|p1a: Primarina|Ice Spinner|p2a: Skarmory
|-damage|p2a: Skarmory|87/100
|
|-weather|RainDance|[upkeep]
|-heal|p2a: Skarmory|93/100|[from] item: Leftovers
|upkeep
|turn|4
|
|t:|1757941824
|move|p2a: Skarmory|Curse|p2a: Skarmory
|-unboost|p2a: Skarmory|spe|1
|-boost|p2a: Skarmory|atk|1
|-boost|p2a: Skarmory|def|1
|move|p1a: Primarina|Flip Turn|p2a: Skarmory
|-damage|p2a: Skarmory|79/100
|
|t:|1757941831
|switch|p1a: Blaziken|Blaziken, F|100/100|[from] Flip Turn
|
|-weather|RainDance|[upkeep]
|-heal|p2a: Skarmory|85/100|[from] item: Leftovers
|upkeep
|turn|5
|
|t:|1757941848
|-terastallize|p2a: Skarmory|Ghost
|move|p1a: Blaziken|Flare Blitz|p2a: Skarmory
|-damage|p2a: Skarmory|65/100
|-damage|p1a: Blaziken|95/100|[from] Recoil
|move|p2a: Skarmory|Brave Bird|p1a: Blaziken
|-supereffective|p1a: Blaziken
|-damage|p1a: Blaziken|0 fnt
|faint|p1a: Blaziken
|-damage|p2a: Skarmory|31/100|[from] Recoil
|
|-weather|none
|-heal|p2a: Skarmory|37/100|[from] item: Leftovers
|upkeep
|
|t:|1757941871
|switch|p1a: Scizor|Scizor, F|100/100
|turn|6
|
|t:|1757941880
|move|p1a: Scizor|Bullet Punch|p2a: Skarmory
|-damage|p2a: Skarmory|14/100
|move|p2a: Skarmory|Roost|p2a: Skarmory
|-heal|p2a: Skarmory|64/100
|
|-heal|p2a: Skarmory|70/100|[from] item: Leftovers
|upkeep
|turn|7
|
|t:|1757941912
|move|p1a: Scizor|Bullet Punch|p2a: Skarmory
|-damage|p2a: Skarmory|48/100
|move|p2a: Skarmory|Iron Head|p1a: Scizor
|-resisted|p1a: Scizor
|-damage|p1a: Scizor|79/100
|
|-heal|p2a: Skarmory|54/100|[from] item: Leftovers
|upkeep
|turn|8
|
|t:|1757941931
|move|p1a: Scizor|U-turn|p2a: Skarmory
|-resisted|p2a: Skarmory
|-damage|p2a: Skarmory|41/100
|
|t:|1757941950
|switch|p1a: Goodra|Goodra-Hisui, M|100/100|[from] U-turn
|-item|p1a: Goodra|Air Balloon
|move|p2a: Skarmory|Brave Bird|p1a: Goodra
|-resisted|p1a: Goodra
|-damage|p1a: Goodra|67/100
|-enditem|p1a: Goodra|Air Balloon
|-damage|p2a: Skarmory|26/100|[from] Recoil
|
|-heal|p2a: Skarmory|32/100|[from] item: Leftovers
|upkeep
|turn|9
|
|t:|1757941964
|move|p1a: Goodra|Flamethrower|p2a: Skarmory
|-damage|p2a: Skarmory|0 fnt
|faint|p2a: Skarmory
|
|upkeep
|
|t:|1757941969
|switch|p2a: Hippowdon|Hippowdon, F|100/100
|-weather|Sandstorm|[from] ability: Sand Stream|[of] p2a: Hippowdon
|turn|10
|
|t:|1757941974
|move|p1a: Goodra|Surf|p2a: Hippowdon
|-supereffective|p2a: Hippowdon
|-damage|p2a: Hippowdon|56/100
|move|p2a: Hippowdon|Earthquake|p1a: Goodra
|-supereffective|p1a: Goodra
|-damage|p1a: Goodra|0 fnt
|faint|p1a: Goodra
|
|-weather|Sandstorm|[upkeep]
|upkeep
|
|t:|1757941992
|switch|p1a: Exeggutor|Exeggutor, F|100/100
|turn|11
|
|t:|1757942011
|switch|p2a: Tornadus|Tornadus-Therian, M|100/100
|move|p1a: Exeggutor|Leech Seed|p2a: Tornadus
|-start|p2a: Tornadus|move: Leech Seed
|
|-weather|Sandstorm|[upkeep]
|-damage|p2a: Tornadus|94/100|[from] Sandstorm
|-damage|p1a: Exeggutor|94/100|[from] Sandstorm
|-damage|p2a: Tornadus|82/100|[from] Leech Seed|[of] p1a: Exeggutor
|-heal|p1a: Exeggutor|100/100|[silent]
|upkeep
|turn|12
|
|t:|1757942028
|move|p2a: Tornadus|Bleakwind Storm|p1a: Exeggutor
|-supereffective|p1a: Exeggutor
|-damage|p1a: Exeggutor|0 fnt
|faint|p1a: Exeggutor
|
|-weather|Sandstorm|[upkeep]
|-damage|p2a: Tornadus|76/100|[from] Sandstorm
|upkeep
|
|t:|1757942040
|switch|p1a: Gliscor|Gliscor, M|100/100
|turn|13
|
|t:|1757942052
|move|p2a: Tornadus|Bleakwind Storm|p1a: Gliscor|[miss]
|-miss|p2a: Tornadus|p1a: Gliscor
|move|p1a: Gliscor|Toxic|p2a: Tornadus
|-status|p2a: Tornadus|tox
|
|-weather|Sandstorm|[upkeep]
|-damage|p2a: Tornadus|70/100 tox|[from] Sandstorm
|-damage|p2a: Tornadus|58/100 tox|[from] Leech Seed|[of] p1a: Gliscor
|-damage|p2a: Tornadus|52/100 tox|[from] psn
|-status|p1a: Gliscor|tox|[from] item: Toxic Orb
|upkeep
|turn|14
|
|t:|1757942071
|move|p2a: Tornadus|Rain Dance|p2a: Tornadus
|-weather|RainDance
|move|p1a: Gliscor|Substitute|p1a: Gliscor
|-start|p1a: Gliscor|Substitute
|-damage|p1a: Gliscor|76/100 tox
|
|-weather|RainDance|[upkeep]
|-damage|p2a: Tornadus|39/100 tox|[from] Leech Seed|[of] p1a: Gliscor
|-heal|p1a: Gliscor|86/100 tox|[silent]
|-damage|p2a: Tornadus|27/100 tox|[from] psn
|-heal|p1a: Gliscor|99/100 tox|[from] ability: Poison Heal
|upkeep
|turn|15
|
|t:|1757942085
|move|p2a: Tornadus|Bleakwind Storm|p1a: Gliscor
|-end|p1a: Gliscor|Substitute
|move|p1a: Gliscor|Earthquake|p2a: Tornadus
|-immune|p2a: Tornadus
|
|-weather|RainDance|[upkeep]
|-damage|p2a: Tornadus|15/100 tox|[from] Leech Seed|[of] p1a: Gliscor
|-heal|p1a: Gliscor|100/100 tox|[silent]
|-damage|p2a: Tornadus|0 fnt|[from] psn
|faint|p2a: Tornadus
|upkeep
|
|t:|1757942100
|switch|p2a: Conkeldurr|Conkeldurr, M|100/100
|turn|16
|
|t:|1757942112
|move|p1a: Gliscor|Toxic|p2a: Conkeldurr
|-status|p2a: Conkeldurr|tox
|move|p2a: Conkeldurr|Bulk Up|p2a: Conkeldurr
|-boost|p2a: Conkeldurr|atk|1
|-boost|p2a: Conkeldurr|def|1
|
|-weather|RainDance|[upkeep]
|-damage|p2a: Conkeldurr|94/100 tox|[from] psn
|upkeep
|turn|17
|
|t:|1757942121
|move|p1a: Gliscor|Earthquake|p2a: Conkeldurr
|-damage|p2a: Conkeldurr|74/100 tox
|move|p2a: Conkeldurr|Bulk Up|p2a: Conkeldurr
|-boost|p2a: Conkeldurr|atk|1
|-boost|p2a: Conkeldurr|def|1
|
|-weather|RainDance|[upkeep]
|-damage|p2a: Conkeldurr|62/100 tox|[from] psn
|upkeep
|turn|18
|
|t:|1757942132
|move|p1a: Gliscor|Substitute|p1a: Gliscor
|-start|p1a: Gliscor|Substitute
|-damage|p1a: Gliscor|76/100 tox
|move|p2a: Conkeldurr|Facade|p1a: Gliscor
|-end|p1a: Gliscor|Substitute
|
|-weather|none
|-heal|p1a: Gliscor|88/100 tox|[from] ability: Poison Heal
|-damage|p2a: Conkeldurr|43/100 tox|[from] psn
|upkeep
|turn|19
|
|t:|1757942143
|move|p1a: Gliscor|Protect|p1a: Gliscor
|-singleturn|p1a: Gliscor|Protect
|move|p2a: Conkeldurr|Facade|p1a: Gliscor
|-activate|p1a: Gliscor|move: Protect
|
|-heal|p1a: Gliscor|100/100 tox|[from] ability: Poison Heal
|-damage|p2a: Conkeldurr|18/100 tox|[from] psn
|upkeep
|turn|20
|
|t:|1757942153
|move|p2a: Conkeldurr|Mach Punch|p1a: Gliscor
|-resisted|p1a: Gliscor
|-damage|p1a: Gliscor|80/100 tox
|move|p1a: Gliscor|Substitute|p1a: Gliscor
|-start|p1a: Gliscor|Substitute
|-damage|p1a: Gliscor|55/100 tox
|
|-heal|p1a: Gliscor|68/100 tox|[from] ability: Poison Heal
|-damage|p2a: Conkeldurr|0 fnt|[from] psn
|faint|p2a: Conkeldurr
|upkeep
|
|t:|1757942159
|switch|p2a: Iron Valiant|Iron Valiant|100/100
|turn|21
|
|t:|1757942169
|move|p2a: Iron Valiant|Moonblast|p1a: Gliscor
|-end|p1a: Gliscor|Substitute
|-damage|p2a: Iron Valiant|91/100|[from] item: Life Orb
|move|p1a: Gliscor|Toxic|p2a: Iron Valiant|[miss]
|-miss|p1a: Gliscor|p2a: Iron Valiant
|
|-heal|p1a: Gliscor|80/100 tox|[from] ability: Poison Heal
|upkeep
|turn|22
|
|t:|1757942179
|move|p1a: Gliscor|Protect|p1a: Gliscor
|-singleturn|p1a: Gliscor|Protect
|move|p2a: Iron Valiant|Moonblast|p1a: Gliscor
|-activate|p1a: Gliscor|move: Protect
|
|-heal|p1a: Gliscor|93/100 tox|[from] ability: Poison Heal
|upkeep
|turn|23
|
|t:|1757942189
|-terastallize|p1a: Gliscor|Poison
|move|p2a: Iron Valiant|Moonblast|p1a: Gliscor
|-resisted|p1a: Gliscor
|-damage|p1a: Gliscor|57/100 tox
|-unboost|p1a: Gliscor|spa|1
|-damage|p2a: Iron Valiant|81/100|[from] item: Life Orb
|move|p1a: Gliscor|Toxic|p2a: Iron Valiant
|-status|p2a: Iron Valiant|tox
|
|-damage|p2a: Iron Valiant|75/100 tox|[from] psn
|-heal|p1a: Gliscor|69/100 tox|[from] ability: Poison Heal
|upkeep
|turn|24
|
|t:|1757942205
|move|p1a: Gliscor|Protect|p1a: Gliscor
|-singleturn|p1a: Gliscor|Protect
|move|p2a: Iron Valiant|Moonblast|p1a: Gliscor
|-activate|p1a: Gliscor|move: Protect
|
|-damage|p2a: Iron Valiant|62/100 tox|[from] psn
|-heal|p1a: Gliscor|82/100 tox|[from] ability: Poison Heal
|upkeep
|turn|25
|
|t:|1757942216
|move|p2a: Iron Valiant|Moonblast|p1a: Gliscor
|-resisted|p1a: Gliscor
|-damage|p1a: Gliscor|50/100 tox
|-damage|p2a: Iron Valiant|52/100 tox|[from] item: Life Orb
|move|p1a: Gliscor|Substitute|p1a: Gliscor
|-start|p1a: Gliscor|Substitute
|-damage|p1a: Gliscor|25/100 tox
|
|-damage|p2a: Iron Valiant|34/100 tox|[from] psn
|-heal|p1a: Gliscor|37/100 tox|[from] ability: Poison Heal
|upkeep
|turn|26
|
|t:|1757942227
|-end|p2a: Iron Valiant|Quark Drive|[silent]
|switch|p2a: Hippowdon|Hippowdon, F|56/100
|-weather|Sandstorm|[from] ability: Sand Stream|[of] p2a: Hippowdon
|move|p1a: Gliscor|Earthquake|p2a: Hippowdon
|-damage|p2a: Hippowdon|34/100
|
|-weather|Sandstorm|[upkeep]
|-damage|p1a: Gliscor|31/100 tox|[from] Sandstorm
|-heal|p1a: Gliscor|43/100 tox|[from] ability: Poison Heal
|upkeep
|turn|27
|
|t:|1757942242
|move|p1a: Gliscor|Toxic|p2a: Hippowdon
|-status|p2a: Hippowdon|tox
|move|p2a: Hippowdon|Slack Off|p2a: Hippowdon
|-heal|p2a: Hippowdon|84/100 tox
|
|-weather|Sandstorm|[upkeep]
|-damage|p1a: Gliscor|37/100 tox|[from] Sandstorm
|-heal|p1a: Gliscor|50/100 tox|[from] ability: Poison Heal
|-damage|p2a: Hippowdon|78/100 tox|[from] psn
|upkeep
|turn|28
|
|t:|1757942253
|move|p1a: Gliscor|Earthquake|p2a: Hippowdon
|-damage|p2a: Hippowdon|53/100 tox
|move|p2a: Hippowdon|Whirlwind|p1a: Gliscor
|drag|p1a: Scizor|Scizor, F|79/100
|
|-weather|Sandstorm|[upkeep]
|-damage|p2a: Hippowdon|41/100 tox|[from] psn
|upkeep
|turn|29
|
|t:|1757942269
|move|p1a: Scizor|U-turn|p2a: Hippowdon
|-damage|p2a: Hippowdon|10/100 tox
|
|t:|1757942273
|switch|p1a: Gliscor|Gliscor, M, tera:Poison|50/100 tox|[from] U-turn
|move|p2a: Hippowdon|Earthquake|p1a: Gliscor
|-supereffective|p1a: Gliscor
|-damage|p1a: Gliscor|0 fnt
|faint|p1a: Gliscor
|
|-weather|Sandstorm|[upkeep]
|-damage|p2a: Hippowdon|0 fnt|[from] psn
|faint|p2a: Hippowdon
|upkeep
|
|t:|1757942287
|switch|p1a: Scizor|Scizor, F|79/100
|switch|p2a: Blissey|Blissey, F|100/100
|turn|30
|
|t:|1757942293
|move|p1a: Scizor|Close Combat|p2a: Blissey
|-supereffective|p2a: Blissey
|-damage|p2a: Blissey|26/100
|-unboost|p1a: Scizor|def|1
|-unboost|p1a: Scizor|spd|1
|move|p2a: Blissey|Seismic Toss|p1a: Scizor
|-damage|p1a: Scizor|50/100
|
|-weather|Sandstorm|[upkeep]
|-damage|p2a: Blissey|20/100|[from] Sandstorm
|upkeep
|turn|31
|
|t:|1757942304
|move|p1a: Scizor|Bullet Punch|p2a: Blissey
|-damage|p2a: Blissey|0 fnt
|faint|p2a: Blissey
|
|-weather|Sandstorm|[upkeep]
|upkeep
|
|t:|1757942306
|switch|p2a: Iron Valiant|Iron Valiant|34/100 tox
|turn|32
|
|t:|1757942313
|move|p1a: Scizor|Bullet Punch|p2a: Iron Valiant
|-supereffective|p2a: Iron Valiant
|-damage|p2a: Iron Valiant|0 fnt
|faint|p2a: Iron Valiant
|-end|p2a: Iron Valiant|Quark Drive|[silent]
|
|win|xilandrekawaiuwu
|raw|xilandrekawaiuwu's rating: 1149 &rarr; <strong>1177</strong><br />(+28 for winning)
|raw|tatareko's rating: 1186 &rarr; <strong>1158</strong><br />(-28 for losing)
|l|☆tatareko
|player|p2|
|l|☆xilandrekawaiuwu
|player|p1|
