|j|☆PISSjumper
|j|☆yfoyflxitgcxkucjn
|t:|1757827205
|gametype|singles
|player|p1|PISSjumper|gentleman-gen4|1133
|player|p2|yfoyflxitgcxkucjn|elesa|1147
|gen|9
|tier|[Gen 9] OU
|rated|
|rule|HP Percentage Mod: HP is shown in percentages
|rule|Endless Battle Clause: Forcing endless battles is banned
|rule|Species Clause: Limit one of each Pokémon
|rule|OHKO Clause: OHKO moves are banned
|rule|Evasion Items Clause: Evasion items are banned
|rule|Evasion Moves Clause: Evasion moves are banned
|rule|Evasion Abilities Clause: Evasion abilities are banned
|rule|Sleep Moves Clause: Sleep-inducing moves are banned
|clearpoke
|poke|p1|Venusaur, F|
|poke|p1|Ninetales, M|
|poke|p1|Kyurem|
|poke|p1|Minior-Indigo|
|poke|p1|Zapdos|
|poke|p1|Gengar, M|
|poke|p2|Cloyster, M|
|poke|p2|Tornadus-Therian, M|
|poke|p2|Hatterene, F|
|poke|p2|Clodsire, F|
|poke|p2|Skeledirge, M|
|poke|p2|Great Tusk|
|teampreview
|inactive|Battle timer is ON: inactive players will automatically lose when time's up. (requested by PISSjumper)
|
|t:|1757827231
|teamsize|p1|6
|teamsize|p2|6
|start
|switch|p1a: Fox News|Minior-Indigo, shiny|100/100
|switch|p2a: Clodsire|Clodsire, F|100/100
|-formechange|p1a: Fox News|Minior-Meteor||[from] ability: Shields Down
|turn|1
|
|t:|1757827246
|move|p1a: Fox News|Shell Smash|p1a: Fox News
|-unboost|p1a: Fox News|def|1
|-unboost|p1a: Fox News|spd|1
|-boost|p1a: Fox News|atk|2
|-boost|p1a: Fox News|spa|2
|-boost|p1a: Fox News|spe|2
|-enditem|p1a: Fox News|White Herb
|-clearnegativeboost|p1a: Fox News|[silent]
|move|p2a: Clodsire|Stealth Rock|p1a: Fox News
|-sidestart|p1: PISSjumper|move: Stealth Rock
|
|upkeep
|turn|2
|
|t:|1757827254
|switch|p2a: Skeledirge|Skeledirge, M|100/100
|move|p1a: Fox News|Shell Smash|p1a: Fox News
|-unboost|p1a: Fox News|def|1
|-unboost|p1a: Fox News|spd|1
|-boost|p1a: Fox News|atk|2
|-boost|p1a: Fox News|spa|2
|-boost|p1a: Fox News|spe|2
|
|upkeep
|turn|3
|
|t:|1757827270
|move|p1a: Fox News|Earthquake|p2a: Skeledirge
|-supereffective|p2a: Skeledirge
|-damage|p2a: Skeledirge|60/100
|move|p2a: Skeledirge|Will-O-Wisp|p1a: Fox News|[miss]
|-miss|p2a: Skeledirge|p1a: Fox News
|
|upkeep
|turn|4
|
|t:|1757827276
|move|p1a: Fox News|Earthquake|p2a: Skeledirge
|-supereffective|p2a: Skeledirge
|-damage|p2a: Skeledirge|18/100
|move|p2a: Skeledirge|Slack Off|p2a: Skeledirge
|-heal|p2a: Skeledirge|68/100
|
|upkeep
|turn|5
|
|t:|1757827291
|-terastallize|p2a: Skeledirge|Dark
|move|p1a: Fox News|Shell Smash|p1a: Fox News
|-unboost|p1a: Fox News|def|1
|-unboost|p1a: Fox News|spd|1
|-boost|p1a: Fox News|atk|2
|-boost|p1a: Fox News|spa|2
|-boost|p1a: Fox News|spe|2
|move|p2a: Skeledirge|Will-O-Wisp|p1a: Fox News
|-immune|p1a: Fox News|[from] ability: Shields Down
|
|upkeep
|turn|6
|
|t:|1757827302
|move|p1a: Fox News|Acrobatics|p2a: Skeledirge
|-damage|p2a: Skeledirge|36/100
|move|p2a: Skeledirge|Hex|p1a: Fox News
|-damage|p1a: Fox News|67/100
|
|upkeep
|turn|7
|
|t:|1757827311
|move|p1a: Fox News|Earthquake|p2a: Skeledirge
|-damage|p2a: Skeledirge|16/100
|move|p2a: Skeledirge|Slack Off|p2a: Skeledirge
|-heal|p2a: Skeledirge|66/100
|
|upkeep
|turn|8
|c|☆PISSjumper|holy shit wtf is that pokemons bulk
|
|t:|1757827330
|move|p1a: Fox News|Acrobatics|p2a: Skeledirge
|-damage|p2a: Skeledirge|33/100
|move|p2a: Skeledirge|Torch Song|p1a: Fox News
|-resisted|p1a: Fox News
|-damage|p1a: Fox News|46/100
|-boost|p2a: Skeledirge|spa|1
|
|-formechange|p1a: Fox News|Minior-Indigo||[from] ability: Shields Down
|upkeep
|turn|9
|
|t:|1757827342
|move|p1a: Fox News|Acrobatics|p2a: Skeledirge
|-damage|p2a: Skeledirge|0 fnt
|faint|p2a: Skeledirge
|
|upkeep
|
|t:|1757827348
|switch|p2a: Tornadus|Tornadus-Therian, M|100/100
|turn|10
|c|☆PISSjumper|my attack is literally 1300
|-message|yfoyflxitgcxkucjn forfeited.
|
|win|PISSjumper
|raw|PISSjumper's rating: 1133 &rarr; <strong>1159</strong><br />(+26 for winning)
|raw|yfoyflxitgcxkucjn's rating: 1147 &rarr; <strong>1121</strong><br />(-26 for losing)
|l|☆yfoyflxitgcxkucjn
|player|p2|
|l|☆PISSjumper
|player|p1|
