|j|☆jxrx
|j|☆Kadoooooow
|t:|1757854633
|gametype|singles
|player|p1|jxrx|norman|1349
|player|p2|Kadoooooow|101|1345
|gen|9
|tier|[Gen 9] OU
|rated|
|rule|HP Percentage Mod: HP is shown in percentages
|rule|Endless Battle Clause: Forcing endless battles is banned
|rule|Species Clause: Limit one of each Pokémon
|rule|OHKO Clause: OHKO moves are banned
|rule|Evasion Items Clause: Evasion items are banned
|rule|Evasion Moves Clause: Evasion moves are banned
|rule|Evasion Abilities Clause: Evasion abilities are banned
|rule|Sleep Moves Clause: Sleep-inducing moves are banned
|clearpoke
|poke|p1|Excadrill, M|
|poke|p1|Hippowdon, F|
|poke|p1|Tyranitar, M|
|poke|p1|Empoleon, M|
|poke|p1|Houndstone, M|
|poke|p1|Clefable, F|
|poke|p2|Gholdengo|
|poke|p2|Zamazenta-*|
|poke|p2|Ting-Lu|
|poke|p2|Clefable, F|
|poke|p2|Dragonite, M|
|poke|p2|Deoxys-Speed|
|teampreview
|
|t:|1757854707
|teamsize|p1|6
|teamsize|p2|6
|start
|switch|p1a: Clefable|Clefable, F|100/100
|switch|p2a: Moonrock 350|Clefable, F|100/100
|turn|1
|inactive|Battle timer is ON: inactive players will automatically lose when time's up. (requested by jxrx)
|
|t:|1757854712
|move|p2a: Moonrock 350|Stealth Rock|p1a: Clefable
|-sidestart|p1: jxrx|move: Stealth Rock
|move|p1a: Clefable|Thunder Wave|p2a: Moonrock 350
|-status|p2a: Moonrock 350|par
|
|upkeep
|turn|2
|
|t:|1757854744
|switch|p1a: Excadrill|Excadrill, M|100/100
|switch|p2a: Djengo Unrained|Gholdengo|100/100
|
|upkeep
|turn|3
|inactive|jxrx has 120 seconds left.
|
|t:|1757854783
|switch|p2a: Secret Service|Dragonite, M|100/100
|move|p1a: Excadrill|Earthquake|p2a: Secret Service
|-immune|p2a: Secret Service
|
|upkeep
|turn|4
|
|t:|1757854792
|switch|p1a: Hippowdon|Hippowdon, F|100/100
|-damage|p1a: Hippowdon|94/100|[from] Stealth Rock
|-weather|Sandstorm|[from] ability: Sand Stream|[of] p1a: Hippowdon
|move|p2a: Secret Service|Dragon Tail|p1a: Hippowdon
|-crit|p1a: Hippowdon
|-damage|p1a: Hippowdon|64/100
|drag|p1a: Tyranitar|Tyranitar, M|100/100
|-damage|p1a: Tyranitar|88/100|[from] Stealth Rock
|
|-weather|Sandstorm|[upkeep]
|-damage|p2a: Secret Service|94/100|[from] Sandstorm
|-heal|p1a: Tyranitar|94/100|[from] item: Leftovers
|upkeep
|turn|5
|inactive|jxrx has 90 seconds left.
|
|t:|1757854837
|switch|p1a: Hippowdon|Hippowdon, F|64/100
|-damage|p1a: Hippowdon|58/100|[from] Stealth Rock
|switch|p2a: Up Bowl On Em|Ting-Lu|100/100
|-ability|p2a: Up Bowl On Em|Vessel of Ruin
|
|-weather|Sandstorm|[upkeep]
|upkeep
|turn|6
|
|t:|1757854846
|move|p1a: Hippowdon|Stealth Rock|p2a: Up Bowl On Em
|-sidestart|p2: Kadoooooow|move: Stealth Rock
|move|p2a: Up Bowl On Em|Spikes|p1a: Hippowdon
|-sidestart|p1: jxrx|Spikes
|
|-weather|Sandstorm|[upkeep]
|upkeep
|turn|7
|inactive|jxrx has 90 seconds left.
|
|t:|1757854883
|move|p2a: Up Bowl On Em|Spikes|p1a: Hippowdon
|-sidestart|p1: jxrx|Spikes
|move|p1a: Hippowdon|Whirlwind|p2a: Up Bowl On Em
|drag|p2a: Djengo Unrained|Gholdengo|100/100
|
|-weather|Sandstorm|[upkeep]
|upkeep
|turn|8
|
|t:|1757854890
|switch|p2a: Up Bowl On Em|Ting-Lu|100/100
|-damage|p2a: Up Bowl On Em|94/100|[from] Stealth Rock
|-ability|p2a: Up Bowl On Em|Vessel of Ruin
|move|p1a: Hippowdon|Earthquake|p2a: Up Bowl On Em
|-damage|p2a: Up Bowl On Em|73/100
|
|-weather|Sandstorm|[upkeep]
|-heal|p2a: Up Bowl On Em|79/100|[from] item: Leftovers
|upkeep
|turn|9
|inactive|jxrx has 60 seconds left.
|
|t:|1757854928
|switch|p1a: Excadrill|Excadrill, M|100/100
|move|p2a: Up Bowl On Em|Spikes|p1a: Excadrill
|-sidestart|p1: jxrx|Spikes
|
|-weather|Sandstorm|[upkeep]
|-heal|p2a: Up Bowl On Em|86/100|[from] item: Leftovers
|upkeep
|turn|10
|
|t:|1757854935
|switch|p2a: Djengo Unrained|Gholdengo|100/100
|move|p1a: Excadrill|Swords Dance|p1a: Excadrill
|-boost|p1a: Excadrill|atk|2
|
|-weather|Sandstorm|[upkeep]
|upkeep
|turn|11
|
|t:|1757854942
|switch|p2a: Secret Service|Dragonite, M|94/100
|move|p1a: Excadrill|Earthquake|p2a: Secret Service
|-immune|p2a: Secret Service
|
|-weather|none
|upkeep
|turn|12
|
|t:|1757854948
|move|p1a: Excadrill|Iron Head|p2a: Secret Service
|-damage|p2a: Secret Service|21/100
|move|p2a: Secret Service|Earthquake|p1a: Excadrill
|-supereffective|p1a: Excadrill
|-damage|p1a: Excadrill|0 fnt
|faint|p1a: Excadrill
|
|upkeep
|
|t:|1757854962
|switch|p1a: Hippowdon|Hippowdon, F|58/100
|-damage|p1a: Hippowdon|52/100|[from] Stealth Rock
|-damage|p1a: Hippowdon|27/100|[from] Spikes
|-weather|Sandstorm|[from] ability: Sand Stream|[of] p1a: Hippowdon
|turn|13
|
|t:|1757854966
|move|p2a: Secret Service|Roost|p2a: Secret Service
|-heal|p2a: Secret Service|72/100
|-singleturn|p2a: Secret Service|move: Roost
|move|p1a: Hippowdon|Whirlwind|p2a: Secret Service
|drag|p2a: Dude Nasty Asf|Deoxys-Speed|100/100
|-ability|p2a: Dude Nasty Asf|Pressure
|
|-weather|Sandstorm|[upkeep]
|-damage|p2a: Dude Nasty Asf|94/100|[from] Sandstorm
|upkeep
|turn|14
|
|t:|1757854972
|move|p2a: Dude Nasty Asf|Ice Beam|p1a: Hippowdon
|-supereffective|p1a: Hippowdon
|-damage|p1a: Hippowdon|0 fnt
|faint|p1a: Hippowdon
|
|-weather|Sandstorm|[upkeep]
|-damage|p2a: Dude Nasty Asf|88/100|[from] Sandstorm
|upkeep
|
|t:|1757854974
|switch|p1a: Houndstone|Houndstone, M|100/100
|-damage|p1a: Houndstone|88/100|[from] Stealth Rock
|-damage|p1a: Houndstone|63/100|[from] Spikes
|turn|15
|
|t:|1757854983
|switch|p2a: Up Bowl On Em|Ting-Lu|86/100
|-damage|p2a: Up Bowl On Em|79/100|[from] Stealth Rock
|-ability|p2a: Up Bowl On Em|Vessel of Ruin
|move|p1a: Houndstone|Play Rough|p2a: Up Bowl On Em
|-supereffective|p2a: Up Bowl On Em
|-damage|p2a: Up Bowl On Em|35/100
|
|-weather|Sandstorm|[upkeep]
|-heal|p2a: Up Bowl On Em|41/100|[from] item: Leftovers
|upkeep
|turn|16
|
|t:|1757854991
|move|p1a: Houndstone|Play Rough|p2a: Up Bowl On Em
|-supereffective|p2a: Up Bowl On Em
|-damage|p2a: Up Bowl On Em|0 fnt
|faint|p2a: Up Bowl On Em
|
|-weather|Sandstorm|[upkeep]
|upkeep
|
|t:|1757855009
|switch|p2a: Moonrock 350|Clefable, F|100/100 par
|turn|17
|inactive|jxrx has 120 seconds left.
|inactive|jxrx has 90 seconds left.
|l|☆Kadoooooow
|inactive|Kadoooooow disconnected and has a minute to reconnect!
|player|p2|
|
|t:|1757855066
|switch|p1a: Empoleon|Empoleon, M|100/100
|-damage|p1a: Empoleon|95/100|[from] Stealth Rock
|-damage|p1a: Empoleon|70/100|[from] Spikes
|move|p2a: Moonrock 350|Knock Off|p1a: Empoleon
|-damage|p1a: Empoleon|51/100
|-enditem|p1a: Empoleon|Leftovers|[from] move: Knock Off|[of] p2a: Moonrock 350
|
|-weather|Sandstorm|[upkeep]
|upkeep
|turn|18
|inactive|Kadoooooow has 30 seconds to reconnect!
|inactive|Kadoooooow has 20 seconds to reconnect!
|inactive|Kadoooooow has 15 seconds to reconnect!
|inactive|Kadoooooow has 10 seconds to reconnect!
|inactive|Kadoooooow has 5 seconds to reconnect!
|-message|Kadoooooow lost due to inactivity.
|
|win|jxrx
|raw|jxrx's rating: 1349 &rarr; <strong>1369</strong><br />(+20 for winning)
|raw|Kadoooooow's rating: 1345 &rarr; <strong>1325</strong><br />(-20 for losing)
|l|☆jxrx
|player|p1|
|j|☆Kadoooooow
|player|p2|Kadoooooow|101|
|l|☆Kadoooooow
|player|p2|
