|j|☆ghostgirlrawr
|j|☆Ulung
|t:|1757790922
|gametype|singles
|player|p1|ghostgirlrawr|roxie|1150
|player|p2|Ulung|pokemaniac|1137
|gen|9
|tier|[Gen 9] OU
|rated|
|rule|HP Percentage Mod: HP is shown in percentages
|rule|Endless Battle Clause: Forcing endless battles is banned
|rule|Species Clause: Limit one of each Pokémon
|rule|OHKO Clause: OHKO moves are banned
|rule|Evasion Items Clause: Evasion items are banned
|rule|Evasion Moves Clause: Evasion moves are banned
|rule|Evasion Abilities Clause: Evasion abilities are banned
|rule|Sleep Moves Clause: Sleep-inducing moves are banned
|clearpoke
|poke|p1|Clawitzer, M|
|poke|p1|Ogerpon, F|
|poke|p1|Kingambit, M|
|poke|p1|Slowking-Galar, F|
|poke|p1|Great Tusk|
|poke|p1|Dragapult, M|
|poke|p2|Rillaboom, M|
|poke|p2|Heatran, F|
|poke|p2|Chesnaught, M|
|poke|p2|Landorus-Therian, M|
|poke|p2|Dragapult, M|
|poke|p2|Lokix, M|
|teampreview
|
|t:|1757790957
|teamsize|p1|6
|teamsize|p2|6
|start
|switch|p1a: Clawitzer|Clawitzer, M|100/100
|switch|p2a: Rillaboom|Rillaboom, M|100/100
|-fieldstart|move: Grassy Terrain|[from] ability: Grassy Surge|[of] p2a: Rillaboom
|turn|1
|
|t:|1757790973
|move|p1a: Clawitzer|U-turn|p2a: Rillaboom
|-supereffective|p2a: Rillaboom
|-damage|p2a: Rillaboom|75/100
|
|t:|1757790987
|switch|p1a: Dragapult|Dragapult, M|100/100|[from] U-turn
|move|p2a: Rillaboom|U-turn|p1a: Dragapult
|-resisted|p1a: Dragapult
|-damage|p1a: Dragapult|84/100
|
|t:|1757791003
|switch|p2a: Chesnaught|Chesnaught, M|100/100|[from] U-turn
|
|-heal|p1a: Dragapult|90/100|[from] Grassy Terrain
|upkeep
|turn|2
|
|t:|1757791009
|move|p1a: Dragapult|Will-O-Wisp|p2a: Chesnaught
|-status|p2a: Chesnaught|brn
|move|p2a: Chesnaught|Belly Drum|p2a: Chesnaught
|-damage|p2a: Chesnaught|50/100 brn
|-setboost|p2a: Chesnaught|atk|6|[from] move: Belly Drum
|-enditem|p2a: Chesnaught|Sitrus Berry|[eat]
|-heal|p2a: Chesnaught|75/100 brn|[from] item: Sitrus Berry
|
|-heal|p1a: Dragapult|96/100|[from] Grassy Terrain
|-heal|p2a: Chesnaught|82/100 brn|[from] Grassy Terrain
|-damage|p2a: Chesnaught|75/100 brn|[from] brn
|upkeep
|turn|3
|
|t:|1757791022
|-terastallize|p2a: Chesnaught|Grass
|move|p2a: Chesnaught|Grassy Glide|p1a: Dragapult
|-resisted|p1a: Dragapult
|-damage|p1a: Dragapult|34/100
|move|p1a: Dragapult|Flamethrower|p2a: Chesnaught
|-supereffective|p2a: Chesnaught
|-damage|p2a: Chesnaught|20/100 brn
|
|-heal|p1a: Dragapult|40/100|[from] Grassy Terrain
|-heal|p2a: Chesnaught|26/100 brn|[from] Grassy Terrain
|-damage|p2a: Chesnaught|20/100 brn|[from] brn
|upkeep
|turn|4
|
|t:|1757791040
|switch|p1a: Kingambit|Kingambit, M|100/100
|move|p2a: Chesnaught|Grassy Glide|p1a: Kingambit
|-resisted|p1a: Kingambit
|-damage|p1a: Kingambit|66/100
|
|-heal|p2a: Chesnaught|26/100 brn|[from] Grassy Terrain
|-heal|p1a: Kingambit|72/100|[from] Grassy Terrain
|-damage|p2a: Chesnaught|20/100 brn|[from] brn
|upkeep
|turn|5
|
|t:|1757791052
|move|p1a: Kingambit|Sucker Punch|p2a: Chesnaught
|-damage|p2a: Chesnaught|0 fnt
|faint|p2a: Chesnaught
|
|-heal|p1a: Kingambit|78/100|[from] Grassy Terrain
|-fieldend|move: Grassy Terrain
|upkeep
|
|t:|1757791059
|switch|p2a: Landorus|Landorus-Therian, M|100/100
|-ability|p2a: Landorus|Intimidate|boost
|-unboost|p1a: Kingambit|atk|1
|turn|6
|
|t:|1757791064
|-end|p1a: Kingambit|fallenundefined|[silent]
|switch|p1a: Clawitzer|Clawitzer, M|100/100
|move|p2a: Landorus|Earthquake|p1a: Clawitzer
|-damage|p1a: Clawitzer|27/100
|
|upkeep
|turn|7
|
|t:|1757791071
|move|p2a: Landorus|Earthquake|p1a: Clawitzer
|-damage|p1a: Clawitzer|0 fnt
|faint|p1a: Clawitzer
|
|upkeep
|
|t:|1757791093
|switch|p1a: Ogerpon|Ogerpon, F|100/100
|turn|8
|
|t:|1757791100
|move|p2a: Landorus|Earthquake|p1a: Ogerpon
|-resisted|p1a: Ogerpon
|-damage|p1a: Ogerpon|64/100
|move|p1a: Ogerpon|Knock Off|p2a: Landorus
|-damage|p2a: Landorus|49/100
|-enditem|p2a: Landorus|Choice Scarf|[from] move: Knock Off|[of] p1a: Ogerpon
|
|upkeep
|turn|9
|
|t:|1757791110
|switch|p1a: Great Tusk|Great Tusk|100/100
|-enditem|p1a: Great Tusk|Booster Energy
|-activate|p1a: Great Tusk|ability: Protosynthesis|[fromitem]
|-start|p1a: Great Tusk|protosynthesisatk
|move|p2a: Landorus|U-turn|p1a: Great Tusk
|-resisted|p1a: Great Tusk
|-damage|p1a: Great Tusk|92/100
|
|t:|1757791120
|switch|p2a: Rillaboom|Rillaboom, M|75/100|[from] U-turn
|-fieldstart|move: Grassy Terrain|[from] ability: Grassy Surge|[of] p2a: Rillaboom
|
|-heal|p1a: Great Tusk|98/100|[from] Grassy Terrain
|-heal|p2a: Rillaboom|81/100|[from] Grassy Terrain
|-heal|p2a: Rillaboom|87/100|[from] item: Leftovers
|upkeep
|turn|10
|
|t:|1757791129
|move|p2a: Rillaboom|Grassy Glide|p1a: Great Tusk
|-supereffective|p1a: Great Tusk
|-crit|p1a: Great Tusk
|-damage|p1a: Great Tusk|18/100
|move|p1a: Great Tusk|Close Combat|p2a: Rillaboom
|-damage|p2a: Rillaboom|0 fnt
|-unboost|p1a: Great Tusk|def|1
|-unboost|p1a: Great Tusk|spd|1
|faint|p2a: Rillaboom
|
|-heal|p1a: Great Tusk|24/100|[from] Grassy Terrain
|upkeep
|
|t:|1757791139
|switch|p2a: Dragapult|Dragapult, M|100/100
|turn|11
|
|t:|1757791143
|-end|p1a: Great Tusk|Protosynthesis|[silent]
|switch|p1a: Slowking|Slowking-Galar, F|100/100
|move|p2a: Dragapult|Dragon Darts|p1a: Slowking
|-damage|p1a: Slowking|77/100
|-anim|p2a: Dragapult|Dragon Darts|p1a: Slowking
|-damage|p1a: Slowking|52/100
|
|-heal|p1a: Slowking|58/100|[from] Grassy Terrain
|upkeep
|turn|12
|
|t:|1757791155
|move|p2a: Dragapult|Dragon Darts|p1a: Slowking
|-damage|p1a: Slowking|36/100
|-anim|p2a: Dragapult|Dragon Darts|p1a: Slowking
|-damage|p1a: Slowking|12/100
|move|p1a: Slowking|Thunder Wave|p2a: Dragapult|[miss]
|-miss|p1a: Slowking|p2a: Dragapult
|
|-heal|p1a: Slowking|18/100|[from] Grassy Terrain
|upkeep
|turn|13
|
|t:|1757791163
|switch|p1a: Kingambit|Kingambit, M|78/100
|-activate|p1a: Kingambit|ability: Supreme Overlord
|-start|p1a: Kingambit|fallen1|[silent]
|move|p2a: Dragapult|Dragon Darts|p1a: Kingambit
|-resisted|p1a: Kingambit
|-damage|p1a: Kingambit|70/100
|-anim|p2a: Dragapult|Dragon Darts|p1a: Kingambit
|-resisted|p1a: Kingambit
|-damage|p1a: Kingambit|62/100
|
|-heal|p1a: Kingambit|68/100|[from] Grassy Terrain
|-fieldend|move: Grassy Terrain
|upkeep
|turn|14
|
|t:|1757791174
|move|p2a: Dragapult|Will-O-Wisp|p1a: Kingambit|[miss]
|-miss|p2a: Dragapult|p1a: Kingambit
|move|p1a: Kingambit|Kowtow Cleave|p2a: Dragapult
|-supereffective|p2a: Dragapult
|-damage|p2a: Dragapult|0 fnt
|faint|p2a: Dragapult
|
|upkeep
|
|t:|1757791180
|switch|p2a: Heatran|Heatran, F|100/100
|turn|15
|
|t:|1757791185
|-end|p1a: Kingambit|fallen1|[silent]
|switch|p1a: Dragapult|Dragapult, M|40/100
|move|p2a: Heatran|Will-O-Wisp|p1a: Dragapult
|-status|p1a: Dragapult|brn
|
|-damage|p1a: Dragapult|34/100 brn|[from] brn
|upkeep
|turn|16
|
|t:|1757791193
|move|p1a: Dragapult|Draco Meteor|p2a: Heatran
|-resisted|p2a: Heatran
|-damage|p2a: Heatran|77/100
|-unboost|p1a: Dragapult|spa|2
|move|p2a: Heatran|Earth Power|p1a: Dragapult
|-damage|p1a: Dragapult|0 fnt
|faint|p1a: Dragapult
|
|upkeep
|
|t:|1757791198
|switch|p1a: Great Tusk|Great Tusk|24/100
|turn|17
|
|t:|1757791206
|switch|p2a: Landorus|Landorus-Therian, M|49/100
|-ability|p2a: Landorus|Intimidate|boost
|-unboost|p1a: Great Tusk|atk|1
|move|p1a: Great Tusk|Stealth Rock|p2a: Landorus
|-sidestart|p2: Ulung|move: Stealth Rock
|
|upkeep
|turn|18
|
|t:|1757791214
|-end|p1a: Great Tusk|Protosynthesis|[silent]
|switch|p1a: Slowking|Slowking-Galar, F|51/100
|move|p2a: Landorus|Earthquake|p1a: Slowking
|-supereffective|p1a: Slowking
|-damage|p1a: Slowking|0 fnt
|faint|p1a: Slowking
|
|upkeep
|
|t:|1757791216
|switch|p1a: Ogerpon|Ogerpon, F|64/100
|turn|19
|
|t:|1757791229
|move|p1a: Ogerpon|Ivy Cudgel|p2a: Landorus
|-crit|p2a: Landorus
|-damage|p2a: Landorus|0 fnt
|faint|p2a: Landorus
|
|upkeep
|
|t:|1757791234
|switch|p2a: Lokix|Lokix, M|100/100
|-damage|p2a: Lokix|76/100|[from] Stealth Rock
|turn|20
|
|t:|1757791237
|switch|p1a: Great Tusk|Great Tusk|24/100
|move|p2a: Lokix|First Impression|p1a: Great Tusk
|-resisted|p1a: Great Tusk
|-damage|p1a: Great Tusk|0 fnt
|faint|p1a: Great Tusk
|-end|p1a: Great Tusk|Protosynthesis|[silent]
|
|upkeep
|
|t:|1757791248
|switch|p1a: Kingambit|Kingambit, M|68/100
|-activate|p1a: Kingambit|ability: Supreme Overlord
|-start|p1a: Kingambit|fallen4|[silent]
|turn|21
|
|t:|1757791254
|switch|p2a: Heatran|Heatran, F|77/100
|move|p1a: Kingambit|Swords Dance|p1a: Kingambit
|-boost|p1a: Kingambit|atk|2
|
|upkeep
|turn|22
|
|t:|1757791264
|-terastallize|p1a: Kingambit|Dark
|move|p2a: Heatran|Magma Storm|p1a: Kingambit
|-damage|p1a: Kingambit|26/100
|-activate|p1a: Kingambit|move: Magma Storm|[of] p2a: Heatran
|move|p1a: Kingambit|Kowtow Cleave|p2a: Heatran
|-crit|p2a: Heatran
|-damage|p2a: Heatran|0 fnt
|faint|p2a: Heatran
|
|-end|p1a: Kingambit|Magma Storm|[partiallytrapped]|[silent]
|upkeep
|
|t:|1757791272
|switch|p2a: Lokix|Lokix, M|76/100
|-damage|p2a: Lokix|51/100|[from] Stealth Rock
|turn|23
|
|t:|1757791276
|move|p2a: Lokix|First Impression|p1a: Kingambit
|-supereffective|p1a: Kingambit
|-damage|p1a: Kingambit|0 fnt
|faint|p1a: Kingambit
|-end|p1a: Kingambit|fallen4|[silent]
|
|upkeep
|
|t:|1757791278
|switch|p1a: Ogerpon|Ogerpon, F|64/100
|turn|24
|
|t:|1757791284
|move|p1a: Ogerpon|Ivy Cudgel|p2a: Lokix
|-resisted|p2a: Lokix
|-damage|p2a: Lokix|0 fnt
|faint|p2a: Lokix
|
|win|ghostgirlrawr
|raw|ghostgirlrawr's rating: 1150 &rarr; <strong>1174</strong><br />(+24 for winning)
|raw|Ulung's rating: 1137 &rarr; <strong>1113</strong><br />(-24 for losing)
|c|☆Ulung|gg
|c|☆ghostgirlrawr|gg
|l|☆ghostgirlrawr
|player|p1|
