|j|☆vitos86
|j|☆ratonsuelo
|t:|1757871513
|gametype|singles
|player|p1|vitos86|biker|1139
|player|p2|ratonsuelo|102|1137
|gen|9
|tier|[Gen 9] OU
|rated|
|rule|HP Percentage Mod: HP is shown in percentages
|rule|Endless Battle Clause: Forcing endless battles is banned
|rule|Species Clause: Limit one of each Pokémon
|rule|OHKO Clause: OHKO moves are banned
|rule|Evasion Items Clause: Evasion items are banned
|rule|Evasion Moves Clause: Evasion moves are banned
|rule|Evasion Abilities Clause: Evasion abilities are banned
|rule|Sleep Moves Clause: Sleep-inducing moves are banned
|clearpoke
|poke|p1|Mightyena, M|
|poke|p1|Jolteon, M|
|poke|p1|Honchkrow, M|
|poke|p1|Feraligatr, M|
|poke|p1|Donphan, M|
|poke|p1|Blastoise, M|
|poke|p2|Barraskewda, M|
|poke|p2|Raging Bolt|
|poke|p2|Pelipper, F|
|poke|p2|Ogerpon-Wellspring, F|
|poke|p2|Kingambit, F|
|poke|p2|Weezing-Galar, F|
|teampreview
|inactive|Battle timer is ON: inactive players will automatically lose when time's up. (requested by vitos86)
|
|t:|1757871532
|teamsize|p1|6
|teamsize|p2|6
|start
|switch|p1a: Jolteon|Jolteon, M|100/100
|switch|p2a: Este es de podemos|Weezing-Galar, F|100/100
|-ability|p2a: Este es de podemos|Neutralizing Gas
|turn|1
|
|t:|1757871549
|move|p1a: Jolteon|Discharge|p2a: Este es de podemos
|-damage|p2a: Este es de podemos|28/100
|move|p2a: Este es de podemos|Strange Steam|p1a: Jolteon
|-damage|p1a: Jolteon|64/100
|
|-heal|p2a: Este es de podemos|34/100|[from] item: Leftovers
|upkeep
|turn|2
|
|t:|1757871558
|-end|p2a: Este es de podemos|ability: Neutralizing Gas
|switch|p2a: Rajoi|Raging Bolt|100/100
|move|p1a: Jolteon|Discharge|p2a: Rajoi
|-resisted|p2a: Rajoi
|-damage|p2a: Rajoi|87/100
|
|upkeep
|turn|3
|
|t:|1757871566
|-end|p2a: Rajoi|Protosynthesis|[silent]
|switch|p2a: Este es de podemos|Weezing-Galar, F|34/100
|-ability|p2a: Este es de podemos|Neutralizing Gas
|move|p1a: Jolteon|Discharge|p2a: Este es de podemos
|-damage|p2a: Este es de podemos|0 fnt
|faint|p2a: Este es de podemos
|-end|p2a: Este es de podemos|ability: Neutralizing Gas
|
|upkeep
|
|t:|1757871569
|switch|p2a: Rajoi|Raging Bolt|87/100
|turn|4
|
|t:|1757871578
|move|p1a: Jolteon|Discharge|p2a: Rajoi
|-resisted|p2a: Rajoi
|-crit|p2a: Rajoi
|-damage|p2a: Rajoi|66/100
|move|p2a: Rajoi|Draco Meteor|p1a: Jolteon
|-damage|p1a: Jolteon|0 fnt
|-unboost|p2a: Rajoi|spa|2
|faint|p1a: Jolteon
|
|upkeep
|
|t:|1757871595
|switch|p1a: Feraligatr|Feraligatr, M|100/100
|turn|5
|
|t:|1757871599
|-end|p2a: Rajoi|Protosynthesis|[silent]
|switch|p2a: Abascal|Ogerpon-Wellspring, F|100/100
|move|p1a: Feraligatr|Dragon Dance|p1a: Feraligatr
|-boost|p1a: Feraligatr|atk|1
|-boost|p1a: Feraligatr|spe|1
|
|upkeep
|turn|6
|
|t:|1757871606
|-terastallize|p2a: Abascal|Water
|detailschange|p2a: Abascal|Ogerpon-Wellspring-Tera, F, tera:Water
|-ability|p2a: Abascal|Embody Aspect (Wellspring)|boost
|-boost|p2a: Abascal|spd|1
|move|p1a: Feraligatr|Ice Punch|p2a: Abascal
|-resisted|p2a: Abascal
|-damage|p2a: Abascal|65/100
|move|p2a: Abascal|Horn Leech|p1a: Feraligatr
|-supereffective|p1a: Feraligatr
|-damage|p1a: Feraligatr|10/100
|-heal|p2a: Abascal|100/100|[from] drain|[of] p1a: Feraligatr
|
|upkeep
|turn|7
|
|t:|1757871619
|move|p1a: Feraligatr|Liquidation|p2a: Abascal
|-resisted|p2a: Abascal
|-damage|p2a: Abascal|33/100
|move|p2a: Abascal|U-turn|p1a: Feraligatr
|-crit|p1a: Feraligatr
|-damage|p1a: Feraligatr|0 fnt
|faint|p1a: Feraligatr
|
|t:|1757871625
|switch|p2a: Bertrand Ndongo|Pelipper, F|100/100|[from] U-turn
|-weather|RainDance|[from] ability: Drizzle|[of] p2a: Bertrand Ndongo
|
|-weather|RainDance|[upkeep]
|upkeep
|
|t:|1757871634
|switch|p1a: Blastoise|Blastoise, M|100/100
|turn|8
|
|t:|1757871639
|move|p1a: Blastoise|Shell Smash|p1a: Blastoise
|-unboost|p1a: Blastoise|def|1
|-unboost|p1a: Blastoise|spd|1
|-boost|p1a: Blastoise|atk|2
|-boost|p1a: Blastoise|spa|2
|-boost|p1a: Blastoise|spe|2
|-enditem|p1a: Blastoise|White Herb
|-clearnegativeboost|p1a: Blastoise|[silent]
|move|p2a: Bertrand Ndongo|Hurricane|p1a: Blastoise
|-damage|p1a: Blastoise|68/100
|
|-weather|RainDance|[upkeep]
|-heal|p1a: Blastoise|74/100|[from] ability: Rain Dish
|upkeep
|turn|9
|
|t:|1757871658
|move|p1a: Blastoise|Water Spout|p2a: Bertrand Ndongo
|-resisted|p2a: Bertrand Ndongo
|-damage|p2a: Bertrand Ndongo|3/100
|move|p2a: Bertrand Ndongo|U-turn|p1a: Blastoise
|-damage|p1a: Blastoise|66/100
|
|t:|1757871663
|switch|p2a: Barraskewda|Barraskewda, M|100/100|[from] U-turn
|
|-weather|RainDance|[upkeep]
|-heal|p1a: Blastoise|72/100|[from] ability: Rain Dish
|upkeep
|turn|10
|
|t:|1757871672
|move|p2a: Barraskewda|Waterfall|p1a: Blastoise
|-resisted|p1a: Blastoise
|-damage|p1a: Blastoise|28/100
|move|p1a: Blastoise|Water Spout|p2a: Barraskewda
|-resisted|p2a: Barraskewda
|-damage|p2a: Barraskewda|47/100
|
|-weather|RainDance|[upkeep]
|-heal|p1a: Blastoise|34/100|[from] ability: Rain Dish
|upkeep
|turn|11
|
|t:|1757871683
|move|p2a: Barraskewda|Waterfall|p1a: Blastoise
|-resisted|p1a: Blastoise
|-damage|p1a: Blastoise|0 fnt
|faint|p1a: Blastoise
|
|-weather|RainDance|[upkeep]
|upkeep
|
|t:|1757871696
|switch|p1a: Honchkrow|Honchkrow, M|100/100
|turn|12
|
|t:|1757871702
|move|p1a: Honchkrow|Sucker Punch|p2a: Barraskewda
|-damage|p2a: Barraskewda|0 fnt
|faint|p2a: Barraskewda
|
|-weather|RainDance|[upkeep]
|upkeep
|
|t:|1757871705
|switch|p2a: Rajoi|Raging Bolt|66/100
|turn|13
|
|t:|1757871712
|move|p1a: Honchkrow|Sucker Punch|p2a: Rajoi
|-damage|p2a: Rajoi|31/100
|move|p2a: Rajoi|Draco Meteor|p1a: Honchkrow
|-damage|p1a: Honchkrow|0 fnt
|-unboost|p2a: Rajoi|spa|2
|faint|p1a: Honchkrow
|
|-weather|RainDance|[upkeep]
|upkeep
|
|t:|1757871731
|switch|p1a: Mightyena|Mightyena, M|100/100
|turn|14
|
|t:|1757871740
|-end|p2a: Rajoi|Protosynthesis|[silent]
|switch|p2a: Franco|Kingambit, F|100/100
|-activate|p2a: Franco|ability: Supreme Overlord
|-start|p2a: Franco|fallen2|[silent]
|move|p1a: Mightyena|Play Rough|p2a: Franco
|-damage|p2a: Franco|82/100
|
|-weather|none
|upkeep
|turn|15
|
|t:|1757871751
|move|p1a: Mightyena|Play Rough|p2a: Franco
|-crit|p2a: Franco
|-damage|p2a: Franco|49/100
|move|p2a: Franco|Low Kick|p1a: Mightyena
|-supereffective|p1a: Mightyena
|-damage|p1a: Mightyena|17/100
|
|upkeep
|turn|16
|
|t:|1757871760
|move|p2a: Franco|Sucker Punch|p1a: Mightyena
|-resisted|p1a: Mightyena
|-damage|p1a: Mightyena|0 fnt
|faint|p1a: Mightyena
|
|upkeep
|
|t:|1757871766
|switch|p1a: Donphan|Donphan, M|100/100
|turn|17
|
|t:|1757871771
|move|p2a: Franco|Kowtow Cleave|p1a: Donphan
|-damage|p1a: Donphan|50/100
|move|p1a: Donphan|Earthquake|p2a: Franco
|-supereffective|p2a: Franco
|-damage|p2a: Franco|0 fnt
|faint|p2a: Franco
|-end|p2a: Franco|fallen2|[silent]
|
|upkeep
|
|t:|1757871774
|switch|p2a: Abascal|Ogerpon-Wellspring-Tera, F, tera:Water|33/100
|-ability|p2a: Abascal|Embody Aspect (Wellspring)|boost
|-boost|p2a: Abascal|spd|1
|turn|18
|
|t:|1757871785
|move|p2a: Abascal|Ivy Cudgel|p1a: Donphan|[anim] Ivy Cudgel Water
|-supereffective|p1a: Donphan
|-damage|p1a: Donphan|0 fnt
|faint|p1a: Donphan
|
|win|ratonsuelo
|raw|vitos86's rating: 1139 &rarr; <strong>1114</strong><br />(-25 for losing)
|raw|ratonsuelo's rating: 1137 &rarr; <strong>1162</strong><br />(+25 for winning)
|l|☆ratonsuelo
|player|p2|
|l|☆vitos86
|player|p1|
