|inactive|Battle timer is ON: inactive players will automatically lose when time's up.
|badge|p2|bronze|gen9ou|100-6
|badge|p2|silver|gen9randombattle|30-6
|uhtml|medal-msg|<div class="broadcast-blue">Curious what those medals under the avatar are? PS now has Ladder Seasons! For more information, check out the <a href="https://www.smogon.com/forums/threads/3740067/">thread on Smogon.</a></div>
|t:|1757855951
|gametype|singles
|player|p1|alh3n|lucas|
|player|p2|inertialinitiative|#scl5terrors|
|gen|9
|tier|[Gen 9] OU
|rule|HP Percentage Mod: HP is shown in percentages
|rule|Endless Battle Clause: Forcing endless battles is banned
|rule|Species Clause: Limit one of each Pokémon
|rule|OHKO Clause: OHKO moves are banned
|rule|Evasion Items Clause: Evasion items are banned
|rule|Evasion Moves Clause: Evasion moves are banned
|rule|Evasion Abilities Clause: Evasion abilities are banned
|rule|Sleep Moves Clause: Sleep-inducing moves are banned
|clearpoke
|poke|p1|Darkrai|
|poke|p1|Gliscor, M|
|poke|p1|Ninetales-Alola, M|
|poke|p1|Dragonite, F|
|poke|p1|Hatterene, F|
|poke|p1|Ceruledge, M|
|poke|p2|Ting-Lu|
|poke|p2|Great Tusk|
|poke|p2|Iron Valiant|
|poke|p2|Gholdengo|
|poke|p2|Dragonite, M|
|poke|p2|Zapdos|
|teampreview
|inactive|alh3n also wants the timer to be on.
|inactive|alh3n has 270 seconds left.
|inactive|inertialinitiative has 270 seconds left.
|c|☆alh3n|hf
|c|☆inertialinitiative|hf
|c|+BUNDY|JOLT
|inactive|alh3n has 240 seconds left.
|inactive|inertialinitiative has 240 seconds left.
|inactive|alh3n has 210 seconds left.
|inactive|inertialinitiative has 210 seconds left.
|
|t:|1757856067
|teamsize|p1|6
|teamsize|p2|6
|start
|switch|p1a: Darkrai|Darkrai|100/100
|switch|p2a: Ting-Lu|Ting-Lu|100/100
|-ability|p2a: Ting-Lu|Vessel of Ruin
|turn|1
|
|t:|1757856074
|switch|p1a: Ninetales|Ninetales-Alola, M|100/100
|-weather|Snowscape|[from] ability: Snow Warning|[of] p1a: Ninetales
|move|p2a: Ting-Lu|Ruination|p1a: Ninetales
|-damage|p1a: Ninetales|51/100
|
|-weather|Snowscape|[upkeep]
|upkeep
|turn|2
|
|t:|1757856088
|move|p1a: Ninetales|Aurora Veil|p1a: Ninetales
|-sidestart|p1: alh3n|move: Aurora Veil
|move|p2a: Ting-Lu|Ruination|p1a: Ninetales
|-damage|p1a: Ninetales|26/100
|
|-weather|Snowscape|[upkeep]
|upkeep
|turn|3
|
|t:|1757856100
|switch|p1a: Hatterene|Hatterene, F|100/100
|move|p2a: Ting-Lu|Ruination|p1a: Hatterene
|-damage|p1a: Hatterene|51/100
|
|-weather|Snowscape|[upkeep]
|-heal|p1a: Hatterene|57/100|[from] item: Leftovers
|upkeep
|turn|4
|
|t:|1757856110
|move|p2a: Ting-Lu|Ruination|p1a: Hatterene
|-damage|p1a: Hatterene|29/100
|move|p1a: Hatterene|Calm Mind|p1a: Hatterene
|-boost|p1a: Hatterene|spa|1
|-boost|p1a: Hatterene|spd|1
|
|-weather|Snowscape|[upkeep]
|-heal|p1a: Hatterene|35/100|[from] item: Leftovers
|upkeep
|turn|5
|
|t:|1757856116
|switch|p2a: Gholdengo|Gholdengo|100/100
|-item|p2a: Gholdengo|Air Balloon
|move|p1a: Hatterene|Draining Kiss|p2a: Gholdengo
|-resisted|p2a: Gholdengo
|-damage|p2a: Gholdengo|89/100
|-heal|p1a: Hatterene|45/100|[from] drain|[of] p2a: Gholdengo
|-enditem|p2a: Gholdengo|Air Balloon
|
|-weather|none
|-heal|p1a: Hatterene|51/100|[from] item: Leftovers
|upkeep
|turn|6
|
|t:|1757856123
|move|p2a: Gholdengo|Make It Rain|p1a: Hatterene
|-supereffective|p1a: Hatterene
|-damage|p1a: Hatterene|17/100
|-unboost|p2a: Gholdengo|spa|1
|move|p1a: Hatterene|Mystical Fire|p2a: Gholdengo
|-supereffective|p2a: Gholdengo
|-damage|p2a: Gholdengo|34/100
|-unboost|p2a: Gholdengo|spa|1
|
|-heal|p1a: Hatterene|23/100|[from] item: Leftovers
|upkeep
|turn|7
|inactive|inertialinitiative has 270 seconds left.
|
|t:|1757856141
|move|p2a: Gholdengo|Make It Rain|p1a: Hatterene
|-supereffective|p1a: Hatterene
|-damage|p1a: Hatterene|5/100
|-unboost|p2a: Gholdengo|spa|1
|move|p1a: Hatterene|Draining Kiss|p2a: Gholdengo
|-resisted|p2a: Gholdengo
|-damage|p2a: Gholdengo|21/100
|-heal|p1a: Hatterene|16/100|[from] drain|[of] p2a: Gholdengo
|
|-heal|p1a: Hatterene|22/100|[from] item: Leftovers
|upkeep
|turn|8
|inactive|inertialinitiative has 270 seconds left.
|
|t:|1757856159
|move|p2a: Gholdengo|Make It Rain|p1a: Hatterene
|-supereffective|p1a: Hatterene
|-damage|p1a: Hatterene|8/100
|-unboost|p2a: Gholdengo|spa|1
|move|p1a: Hatterene|Draining Kiss|p2a: Gholdengo
|-resisted|p2a: Gholdengo
|-damage|p2a: Gholdengo|8/100
|-heal|p1a: Hatterene|20/100|[from] drain|[of] p2a: Gholdengo
|
|-heal|p1a: Hatterene|26/100|[from] item: Leftovers
|upkeep
|turn|9
|
|t:|1757856164
|move|p2a: Gholdengo|Recover|p2a: Gholdengo
|-heal|p2a: Gholdengo|58/100
|move|p1a: Hatterene|Draining Kiss|p2a: Gholdengo
|-resisted|p2a: Gholdengo
|-damage|p2a: Gholdengo|46/100
|-heal|p1a: Hatterene|36/100|[from] drain|[of] p2a: Gholdengo
|
|-heal|p1a: Hatterene|42/100|[from] item: Leftovers
|-sideend|p1: alh3n|move: Aurora Veil
|upkeep
|turn|10
|inactive|alh3n has 270 seconds left.
|inactive|inertialinitiative has 270 seconds left.
|
|t:|1757856213
|move|p2a: Gholdengo|Make It Rain|p1a: Hatterene
|-supereffective|p1a: Hatterene
|-damage|p1a: Hatterene|17/100
|-unboost|p2a: Gholdengo|spa|1
|move|p1a: Hatterene|Mystical Fire|p2a: Gholdengo
|-supereffective|p2a: Gholdengo
|-damage|p2a: Gholdengo|0 fnt
|faint|p2a: Gholdengo
|
|-heal|p1a: Hatterene|23/100|[from] item: Leftovers
|upkeep
|inactive|inertialinitiative has 270 seconds left.
|
|t:|1757856225
|switch|p2a: Dragonite|Dragonite, M|100/100
|turn|11
|
|t:|1757856232
|move|p2a: Dragonite|Earthquake|p1a: Hatterene
|-damage|p1a: Hatterene|0 fnt
|faint|p1a: Hatterene
|
|upkeep
|inactive|alh3n has 240 seconds left.
|
|t:|1757856274
|switch|p1a: Ceruledge|Ceruledge, M|100/100
|-item|p1a: Ceruledge|Air Balloon
|turn|12
|
|t:|1757856284
|move|p1a: Ceruledge|Swords Dance|p1a: Ceruledge
|-boost|p1a: Ceruledge|atk|2
|move|p2a: Dragonite|Ice Spinner|p1a: Ceruledge
|-resisted|p1a: Ceruledge
|-damage|p1a: Ceruledge|79/100
|-enditem|p1a: Ceruledge|Air Balloon
|
|upkeep
|turn|13
|inactive|alh3n has 240 seconds left.
|
|t:|1757856311
|move|p1a: Ceruledge|Poltergeist|p2a: Dragonite
|-activate|p2a: Dragonite|move: Poltergeist|Heavy-Duty Boots
|-damage|p2a: Dragonite|36/100
|move|p2a: Dragonite|Earthquake|p1a: Ceruledge
|-supereffective|p1a: Ceruledge
|-damage|p1a: Ceruledge|0 fnt
|faint|p1a: Ceruledge
|
|upkeep
|
|t:|1757856318
|switch|p1a: Darkrai|Darkrai|100/100
|turn|14
|
|t:|1757856331
|switch|p2a: Ting-Lu|Ting-Lu|100/100
|-ability|p2a: Ting-Lu|Vessel of Ruin
|move|p1a: Darkrai|Dark Pulse|p2a: Ting-Lu
|-resisted|p2a: Ting-Lu
|-damage|p2a: Ting-Lu|91/100
|
|-heal|p2a: Ting-Lu|97/100|[from] item: Leftovers
|upkeep
|turn|15
|
|t:|1757856336
|switch|p1a: Ninetales|Ninetales-Alola, M|26/100
|-weather|Snowscape|[from] ability: Snow Warning|[of] p1a: Ninetales
|move|p2a: Ting-Lu|Spikes|p1a: Ninetales
|-sidestart|p1: alh3n|Spikes
|
|-weather|Snowscape|[upkeep]
|-heal|p2a: Ting-Lu|100/100|[from] item: Leftovers
|upkeep
|turn|16
|
|t:|1757856339
|move|p1a: Ninetales|Aurora Veil|p1a: Ninetales
|-sidestart|p1: alh3n|move: Aurora Veil
|move|p2a: Ting-Lu|Spikes|p1a: Ninetales
|-sidestart|p1: alh3n|Spikes
|
|-weather|Snowscape|[upkeep]
|upkeep
|turn|17
|inactive|alh3n has 240 seconds left.
|
|t:|1757856352
|move|p1a: Ninetales|Encore|p2a: Ting-Lu
|-start|p2a: Ting-Lu|Encore
|move|p2a: Ting-Lu|Spikes|p1a: Ninetales
|-sidestart|p1: alh3n|Spikes
|
|-weather|Snowscape|[upkeep]
|upkeep
|turn|18
|
|t:|1757856358
|switch|p1a: Gliscor|Gliscor, M|100/100
|switch|p2a: Zapdos|Zapdos|100/100
|
|-weather|Snowscape|[upkeep]
|-status|p1a: Gliscor|tox|[from] item: Toxic Orb
|upkeep
|turn|19
|
|t:|1757856365
|move|p1a: Gliscor|Agility|p1a: Gliscor
|-boost|p1a: Gliscor|spe|2
|move|p2a: Zapdos|U-turn|p1a: Gliscor
|-resisted|p1a: Gliscor
|-damage|p1a: Gliscor|98/100 tox
|
|t:|1757856368
|switch|p2a: Ting-Lu|Ting-Lu|100/100|[from] U-turn
|-ability|p2a: Ting-Lu|Vessel of Ruin
|
|-weather|none
|-heal|p1a: Gliscor|100/100 tox|[from] ability: Poison Heal
|upkeep
|turn|20
|
|t:|1757856372
|move|p1a: Gliscor|Facade|p2a: Ting-Lu
|-damage|p2a: Ting-Lu|85/100
|move|p2a: Ting-Lu|Whirlwind|p1a: Gliscor
|drag|p1a: Ninetales|Ninetales-Alola, M|26/100
|-damage|p1a: Ninetales|1/100|[from] Spikes
|-weather|Snowscape|[from] ability: Snow Warning|[of] p1a: Ninetales
|
|-weather|Snowscape|[upkeep]
|-heal|p2a: Ting-Lu|91/100|[from] item: Leftovers
|upkeep
|turn|21
|
|t:|1757856381
|move|p1a: Ninetales|Freeze-Dry|p2a: Ting-Lu
|-supereffective|p2a: Ting-Lu
|-damage|p2a: Ting-Lu|72/100
|move|p2a: Ting-Lu|Whirlwind|p1a: Ninetales
|drag|p1a: Dragonite|Dragonite, F|100/100
|
|-weather|Snowscape|[upkeep]
|-heal|p2a: Ting-Lu|78/100|[from] item: Leftovers
|upkeep
|turn|22
|
|t:|1757856386
|switch|p1a: Ninetales|Ninetales-Alola, M|1/100
|-damage|p1a: Ninetales|0 fnt|[from] Spikes
|faint|p1a: Ninetales
|move|p2a: Ting-Lu|Ruination|p1: Ninetales|[notarget]
|-fail|p2a: Ting-Lu
|
|-weather|Snowscape|[upkeep]
|-heal|p2a: Ting-Lu|85/100|[from] item: Leftovers
|upkeep
|
|t:|1757856388
|switch|p1a: Darkrai|Darkrai|100/100
|-damage|p1a: Darkrai|76/100|[from] Spikes
|turn|23
|
|t:|1757856393
|move|p1a: Darkrai|Focus Blast|p2a: Ting-Lu
|-supereffective|p2a: Ting-Lu
|-damage|p2a: Ting-Lu|47/100
|move|p2a: Ting-Lu|Whirlwind|p1a: Darkrai
|drag|p1a: Dragonite|Dragonite, F|100/100
|
|-weather|Snowscape|[upkeep]
|-heal|p2a: Ting-Lu|53/100|[from] item: Leftovers
|-sideend|p1: alh3n|move: Aurora Veil
|upkeep
|turn|24
|
|t:|1757856400
|switch|p1a: Darkrai|Darkrai|76/100
|-damage|p1a: Darkrai|51/100|[from] Spikes
|move|p2a: Ting-Lu|Ruination|p1a: Darkrai
|-damage|p1a: Darkrai|26/100
|
|-weather|none
|-heal|p2a: Ting-Lu|59/100|[from] item: Leftovers
|upkeep
|turn|25
|
|t:|1757856411
|move|p1a: Darkrai|Focus Blast|p2a: Ting-Lu|[miss]
|-miss|p1a: Darkrai|p2a: Ting-Lu
|move|p2a: Ting-Lu|Earthquake|p1a: Darkrai
|-damage|p1a: Darkrai|0 fnt
|faint|p1a: Darkrai
|
|-heal|p2a: Ting-Lu|65/100|[from] item: Leftovers
|upkeep
|
|t:|1757856413
|switch|p1a: Gliscor|Gliscor, M|100/100 tox
|turn|26
|
|t:|1757856418
|move|p1a: Gliscor|Earthquake|p2a: Ting-Lu
|-damage|p2a: Ting-Lu|46/100
|move|p2a: Ting-Lu|Ruination|p1a: Gliscor
|-damage|p1a: Gliscor|50/100 tox
|
|-heal|p2a: Ting-Lu|52/100|[from] item: Leftovers
|-heal|p1a: Gliscor|63/100 tox|[from] ability: Poison Heal
|upkeep
|turn|27
|
|t:|1757856424
|move|p1a: Gliscor|Earthquake|p2a: Ting-Lu
|-damage|p2a: Ting-Lu|33/100
|move|p2a: Ting-Lu|Whirlwind|p1a: Gliscor
|drag|p1a: Dragonite|Dragonite, F|100/100
|
|-heal|p2a: Ting-Lu|40/100|[from] item: Leftovers
|upkeep
|turn|28
|
|t:|1757856428
|switch|p1a: Gliscor|Gliscor, M|63/100 tox
|move|p2a: Ting-Lu|Ruination|p1a: Gliscor
|-damage|p1a: Gliscor|32/100 tox
|
|-heal|p2a: Ting-Lu|46/100|[from] item: Leftovers
|-heal|p1a: Gliscor|44/100 tox|[from] ability: Poison Heal
|upkeep
|turn|29
|inactive|inertialinitiative has 270 seconds left.
|
|t:|1757856475
|move|p1a: Gliscor|Earthquake|p2a: Ting-Lu
|-damage|p2a: Ting-Lu|27/100
|move|p2a: Ting-Lu|Whirlwind|p1a: Gliscor
|drag|p1a: Dragonite|Dragonite, F|100/100
|
|-heal|p2a: Ting-Lu|33/100|[from] item: Leftovers
|upkeep
|turn|30
|
|t:|1757856489
|switch|p1a: Gliscor|Gliscor, M|44/100 tox
|move|p2a: Ting-Lu|Ruination|p1a: Gliscor
|-damage|p1a: Gliscor|22/100 tox
|
|-heal|p2a: Ting-Lu|39/100|[from] item: Leftovers
|-heal|p1a: Gliscor|35/100 tox|[from] ability: Poison Heal
|upkeep
|turn|31
|
|t:|1757856495
|switch|p2a: Dragonite|Dragonite, M|36/100
|move|p1a: Gliscor|Earthquake|p2a: Dragonite
|-immune|p2a: Dragonite
|
|-heal|p1a: Gliscor|47/100 tox|[from] ability: Poison Heal
|upkeep
|turn|32
|inactive|inertialinitiative has 270 seconds left.
|inactive|alh3n has 270 seconds left.
|
|t:|1757856531
|move|p1a: Gliscor|Facade|p2a: Dragonite
|-damage|p2a: Dragonite|1/100
|move|p2a: Dragonite|Ice Spinner|p1a: Gliscor
|-supereffective|p1a: Gliscor
|-damage|p1a: Gliscor|0 fnt
|faint|p1a: Gliscor
|
|upkeep
|
|t:|1757856534
|switch|p1a: Dragonite|Dragonite, F|100/100
|turn|33
|
|t:|1757856539
|move|p2a: Dragonite|Extreme Speed|p1a: Dragonite
|-damage|p1a: Dragonite|84/100
|move|p1a: Dragonite|Tera Blast|p2a: Dragonite
|-damage|p2a: Dragonite|0 fnt
|faint|p2a: Dragonite
|
|-heal|p1a: Dragonite|91/100|[from] item: Leftovers
|upkeep
|
|t:|1757856546
|switch|p2a: Iron Valiant|Iron Valiant|100/100
|-enditem|p2a: Iron Valiant|Booster Energy
|-activate|p2a: Iron Valiant|ability: Quark Drive|[fromitem]
|-start|p2a: Iron Valiant|quarkdrivespe
|turn|34
|
|t:|1757856555
|-terastallize|p1a: Dragonite|Flying
|move|p2a: Iron Valiant|Moonblast|p1a: Dragonite
|-damage|p1a: Dragonite|45/100
|-unboost|p1a: Dragonite|spa|1
|move|p1a: Dragonite|Tera Blast|p2a: Iron Valiant|[anim] Tera Blast Flying
|-supereffective|p2a: Iron Valiant
|-crit|p2a: Iron Valiant
|-damage|p2a: Iron Valiant|0 fnt
|faint|p2a: Iron Valiant
|-end|p2a: Iron Valiant|Quark Drive|[silent]
|
|-heal|p1a: Dragonite|51/100|[from] item: Leftovers
|upkeep
|
|t:|1757856558
|switch|p2a: Zapdos|Zapdos|100/100
|turn|35
|
|t:|1757856561
|move|p1a: Dragonite|Dragon Dance|p1a: Dragonite
|-boost|p1a: Dragonite|atk|1
|-boost|p1a: Dragonite|spe|1
|move|p2a: Zapdos|Discharge|p1a: Dragonite
|-supereffective|p1a: Dragonite
|-damage|p1a: Dragonite|0 fnt
|faint|p1a: Dragonite
|
|win|inertialinitiative
|c|☆inertialinitiative|gg
|c|☆alh3n|gg
|player|p2|
|player|p1|
|player|p2|inertialinitiative|#scl5terrors|
