|j|☆miauzan
|j|☆sir_miestro
|t:|1757950431
|gametype|singles
|player|p1|miauzan|gambler|1253
|player|p2|sir_miestro|blackbelt-gen4dp|1258
|gen|9
|tier|[Gen 9] OU
|rated|
|rule|HP Percentage Mod: HP is shown in percentages
|rule|Endless Battle Clause: Forcing endless battles is banned
|rule|Species Clause: Limit one of each Pokémon
|rule|OHKO Clause: OHKO moves are banned
|rule|Evasion Items Clause: Evasion items are banned
|rule|Evasion Moves Clause: Evasion moves are banned
|rule|Evasion Abilities Clause: Evasion abilities are banned
|rule|Sleep Moves Clause: Sleep-inducing moves are banned
|clearpoke
|poke|p1|Quagsire, M|
|poke|p1|Corviknight, F|
|poke|p1|Blissey, F|
|poke|p1|Rillaboom, F|
|poke|p1|Hawlucha, M|
|poke|p1|Dragapult, F|
|poke|p2|Squawkabilly-Blue, M|
|poke|p2|Porygon-Z|
|poke|p2|Zamazenta-*|
|poke|p2|Gardevoir, M|
|poke|p2|Cinccino, F|
|poke|p2|Iron Boulder|
|teampreview
|
|t:|1757950439
|teamsize|p1|6
|teamsize|p2|6
|start
|switch|p1a: Rillaboom|Rillaboom, F|100/100
|switch|p2a: Squawkabilly|Squawkabilly-Blue, M|100/100
|-ability|p2a: Squawkabilly|Intimidate|boost
|-unboost|p1a: Rillaboom|atk|1
|-fieldstart|move: Grassy Terrain|[from] ability: Grassy Surge|[of] p1a: Rillaboom
|turn|1
|inactive|Battle timer is ON: inactive players will automatically lose when time's up. (requested by sir_miestro)
|
|t:|1757950446
|move|p2a: Squawkabilly|U-turn|p1a: Rillaboom
|-supereffective|p1a: Rillaboom
|-damage|p1a: Rillaboom|57/100
|
|t:|1757950455
|switch|p2a: Gardevoir|Gardevoir, M|100/100|[from] U-turn
|-ability|p2a: Gardevoir|Grassy Surge|Trace|[from] ability: Trace|[of] p1a: Rillaboom
|move|p1a: Rillaboom|Knock Off|p2a: Gardevoir
|-damage|p2a: Gardevoir|39/100
|-enditem|p2a: Gardevoir|Focus Sash|[from] move: Knock Off|[of] p1a: Rillaboom
|
|-heal|p2a: Gardevoir|45/100|[from] Grassy Terrain
|-heal|p1a: Rillaboom|63/100|[from] Grassy Terrain
|upkeep
|turn|2
|
|t:|1757950461
|switch|p1a: Blissey|Blissey, F|100/100
|move|p2a: Gardevoir|Draining Kiss|p1a: Blissey
|-damage|p1a: Blissey|93/100
|-heal|p2a: Gardevoir|59/100|[from] drain|[of] p1a: Blissey
|
|-heal|p2a: Gardevoir|65/100|[from] Grassy Terrain
|-heal|p1a: Blissey|99/100|[from] Grassy Terrain
|upkeep
|turn|3
|
|t:|1757950466
|move|p2a: Gardevoir|Draining Kiss|p1a: Blissey
|-damage|p1a: Blissey|91/100
|-heal|p2a: Gardevoir|78/100|[from] drain|[of] p1a: Blissey
|move|p1a: Blissey|Seismic Toss|p2a: Gardevoir
|-damage|p2a: Gardevoir|42/100
|
|-heal|p2a: Gardevoir|49/100|[from] Grassy Terrain
|-heal|p1a: Blissey|97/100|[from] Grassy Terrain
|upkeep
|turn|4
|
|t:|1757950474
|move|p2a: Gardevoir|Psychic Noise|p1a: Blissey
|-damage|p1a: Blissey|85/100
|-start|p1a: Blissey|move: Heal Block
|-enditem|p1a: Blissey|Mental Herb
|-end|p1a: Blissey|move: Heal Block
|move|p1a: Blissey|Seismic Toss|p2a: Gardevoir
|-damage|p2a: Gardevoir|12/100
|
|-heal|p2a: Gardevoir|19/100|[from] Grassy Terrain
|-heal|p1a: Blissey|91/100|[from] Grassy Terrain
|upkeep
|turn|5
|
|t:|1757950482
|move|p2a: Gardevoir|Draining Kiss|p1a: Blissey
|-damage|p1a: Blissey|83/100
|-heal|p2a: Gardevoir|33/100|[from] drain|[of] p1a: Blissey
|move|p1a: Blissey|Seismic Toss|p2a: Gardevoir
|-damage|p2a: Gardevoir|0 fnt
|faint|p2a: Gardevoir
|
|-heal|p1a: Blissey|89/100|[from] Grassy Terrain
|-fieldend|move: Grassy Terrain
|upkeep
|
|t:|1757950497
|switch|p2a: Iron Boulder|Iron Boulder|100/100
|-enditem|p2a: Iron Boulder|Booster Energy
|-activate|p2a: Iron Boulder|ability: Quark Drive|[fromitem]
|-start|p2a: Iron Boulder|quarkdrivespe
|turn|6
|
|t:|1757950507
|switch|p1a: Corviknight|Corviknight, F, shiny|100/100
|-ability|p1a: Corviknight|Pressure
|move|p2a: Iron Boulder|Swords Dance|p2a: Iron Boulder
|-boost|p2a: Iron Boulder|atk|2
|
|upkeep
|turn|7
|
|t:|1757950509
|move|p2a: Iron Boulder|Mighty Cleave|p1a: Corviknight
|-damage|p1a: Corviknight|38/100
|-damage|p2a: Iron Boulder|84/100|[from] item: Rocky Helmet|[of] p1a: Corviknight
|move|p1a: Corviknight|Iron Defense|p1a: Corviknight
|-boost|p1a: Corviknight|def|2
|
|upkeep
|turn|8
|
|t:|1757950523
|move|p2a: Iron Boulder|Mighty Cleave|p1a: Corviknight
|-damage|p1a: Corviknight|5/100
|-damage|p2a: Iron Boulder|67/100|[from] item: Rocky Helmet|[of] p1a: Corviknight
|move|p1a: Corviknight|Roost|p1a: Corviknight
|-heal|p1a: Corviknight|55/100
|-singleturn|p1a: Corviknight|move: Roost
|
|upkeep
|turn|9
|
|t:|1757950527
|move|p2a: Iron Boulder|Swords Dance|p2a: Iron Boulder
|-boost|p2a: Iron Boulder|atk|2
|move|p1a: Corviknight|Roost|p1a: Corviknight
|-heal|p1a: Corviknight|100/100
|-singleturn|p1a: Corviknight|move: Roost
|
|upkeep
|turn|10
|
|t:|1757950532
|move|p2a: Iron Boulder|Mighty Cleave|p1a: Corviknight
|-damage|p1a: Corviknight|50/100
|-damage|p2a: Iron Boulder|51/100|[from] item: Rocky Helmet|[of] p1a: Corviknight
|move|p1a: Corviknight|Iron Defense|p1a: Corviknight
|-boost|p1a: Corviknight|def|2
|
|upkeep
|turn|11
|
|t:|1757950536
|move|p2a: Iron Boulder|Mighty Cleave|p1a: Corviknight
|-damage|p1a: Corviknight|17/100
|-damage|p2a: Iron Boulder|34/100|[from] item: Rocky Helmet|[of] p1a: Corviknight
|move|p1a: Corviknight|Iron Defense|p1a: Corviknight
|-boost|p1a: Corviknight|def|2
|
|upkeep
|turn|12
|
|t:|1757950540
|move|p2a: Iron Boulder|Zen Headbutt|p1a: Corviknight
|-resisted|p1a: Corviknight
|-damage|p1a: Corviknight|7/100
|-damage|p2a: Iron Boulder|18/100|[from] item: Rocky Helmet|[of] p1a: Corviknight
|cant|p1a: Corviknight|flinch
|
|upkeep
|turn|13
|
|t:|1757950545
|move|p2a: Iron Boulder|Zen Headbutt|p1a: Corviknight
|-resisted|p1a: Corviknight
|-damage|p1a: Corviknight|0 fnt
|-damage|p2a: Iron Boulder|1/100|[from] item: Rocky Helmet|[of] p1a: Corviknight
|faint|p1a: Corviknight
|
|upkeep
|
|t:|1757950554
|switch|p1a: Rillaboom|Rillaboom, F|63/100
|-fieldstart|move: Grassy Terrain|[from] ability: Grassy Surge|[of] p1a: Rillaboom
|turn|14
|
|t:|1757950560
|-end|p2a: Iron Boulder|Quark Drive|[silent]
|switch|p2a: Squawkabilly|Squawkabilly-Blue, M|100/100
|-ability|p2a: Squawkabilly|Intimidate|boost
|-unboost|p1a: Rillaboom|atk|1
|move|p1a: Rillaboom|Grassy Glide|p2a: Squawkabilly
|-resisted|p2a: Squawkabilly
|-damage|p2a: Squawkabilly|59/100
|
|-heal|p1a: Rillaboom|69/100|[from] Grassy Terrain
|upkeep
|turn|15
|
|t:|1757950569
|move|p1a: Rillaboom|Grassy Glide|p2a: Squawkabilly
|-resisted|p2a: Squawkabilly
|-damage|p2a: Squawkabilly|18/100
|move|p2a: Squawkabilly|U-turn|p1a: Rillaboom
|-supereffective|p1a: Rillaboom
|-damage|p1a: Rillaboom|25/100
|
|t:|1757950591
|switch|p2a: Zamazenta|Zamazenta|100/100|[from] U-turn
|-ability|p2a: Zamazenta|Dauntless Shield|boost
|-boost|p2a: Zamazenta|def|1
|
|-heal|p1a: Rillaboom|32/100|[from] Grassy Terrain
|upkeep
|turn|16
|
|t:|1757950600
|switch|p1a: QUAAGGG|Quagsire, M, shiny|100/100
|move|p2a: Zamazenta|Substitute|p2a: Zamazenta
|-start|p2a: Zamazenta|Substitute
|-damage|p2a: Zamazenta|76/100
|
|-heal|p2a: Zamazenta|82/100|[from] Grassy Terrain
|-heal|p2a: Zamazenta|88/100|[from] item: Leftovers
|upkeep
|turn|17
|-message|miauzan forfeited.
|
|win|sir_miestro
|raw|miauzan's rating: 1253 &rarr; <strong>1228</strong><br />(-25 for losing)
|raw|sir_miestro's rating: 1258 &rarr; <strong>1283</strong><br />(+25 for winning)
|l|☆miauzan
|player|p1|
|l|☆sir_miestro
|player|p2|
