|j|☆Evil Miley Cyrus
|j|☆LooksGoodToMe
|t:|1757822609
|gametype|singles
|player|p1|Evil Miley Cyrus|266|1114
|player|p2|LooksGoodToMe|101|1164
|gen|9
|tier|[Gen 9] OU
|rated|
|rule|HP Percentage Mod: HP is shown in percentages
|rule|Endless Battle Clause: Forcing endless battles is banned
|rule|Species Clause: Limit one of each Pokémon
|rule|OHKO Clause: OHKO moves are banned
|rule|Evasion Items Clause: Evasion items are banned
|rule|Evasion Moves Clause: Evasion moves are banned
|rule|Evasion Abilities Clause: Evasion abilities are banned
|rule|Sleep Moves Clause: Sleep-inducing moves are banned
|clearpoke
|poke|p1|Appletun, F|
|poke|p1|Toxapex, M|
|poke|p1|Incineroar, F|
|poke|p1|Glimmora, F|
|poke|p1|Kingambit, M|
|poke|p1|Tyranitar, F|
|poke|p2|Hoopa-Unbound|
|poke|p2|Ogerpon-Cornerstone, F|
|poke|p2|Primarina, F|
|poke|p2|Iron Crown|
|poke|p2|Heatran, F|
|poke|p2|Kyurem|
|teampreview
|inactive|Battle timer is ON: inactive players will automatically lose when time's up. (requested by LooksGoodToMe)
|
|t:|1757822618
|teamsize|p1|6
|teamsize|p2|6
|start
|switch|p1a: Glimmora|Glimmora, F, shiny|100/100
|switch|p2a: Iron Crown|Iron Crown|100/100
|turn|1
|c|☆LooksGoodToMe|hf
|
|t:|1757822635
|switch|p1a: Incineroar|Incineroar, F|100/100
|-ability|p1a: Incineroar|Intimidate|boost
|-unboost|p2a: Iron Crown|atk|1
|move|p2a: Iron Crown|Tachyon Cutter|p1a: Incineroar
|-resisted|p1a: Incineroar
|-crit|p1a: Incineroar
|-damage|p1a: Incineroar|73/100
|-resisted|p1a: Incineroar
|-damage|p1a: Incineroar|52/100
|-hitcount|p1a: Incineroar|2
|
|upkeep
|turn|2
|
|t:|1757822647
|move|p2a: Iron Crown|Tachyon Cutter|p1a: Incineroar
|-resisted|p1a: Incineroar
|-damage|p1a: Incineroar|32/100
|-resisted|p1a: Incineroar
|-crit|p1a: Incineroar
|-damage|p1a: Incineroar|5/100
|-hitcount|p1a: Incineroar|2
|move|p1a: Incineroar|Will-O-Wisp|p2a: Iron Crown
|-status|p2a: Iron Crown|brn
|
|-damage|p2a: Iron Crown|94/100 brn|[from] brn
|upkeep
|turn|3
|
|t:|1757822658
|switch|p1a: Glimmora|Glimmora, F, shiny|100/100
|move|p2a: Iron Crown|Tachyon Cutter|p1a: Glimmora
|-supereffective|p1a: Glimmora
|-damage|p1a: Glimmora|0 fnt
|faint|p1a: Glimmora
|-hitcount|p1: Glimmora|1
|
|-damage|p2a: Iron Crown|88/100 brn|[from] brn
|upkeep
|
|t:|1757822667
|switch|p1a: Kingambit|Kingambit, M, shiny|100/100
|turn|4
|
|t:|1757822677
|-end|p2a: Iron Crown|Quark Drive|[silent]
|switch|p2a: Heatran|Heatran, F|100/100
|move|p1a: Kingambit|Sucker Punch||[still]
|-fail|p1a: Kingambit
|
|upkeep
|turn|5
|
|t:|1757822691
|switch|p1a: Tyranitar|Tyranitar, F|100/100
|-weather|Sandstorm|[from] ability: Sand Stream|[of] p1a: Tyranitar
|move|p2a: Heatran|Flamethrower|p1a: Tyranitar
|-resisted|p1a: Tyranitar
|-damage|p1a: Tyranitar|78/100
|
|-weather|Sandstorm|[upkeep]
|upkeep
|turn|6
|
|t:|1757822716
|switch|p2a: Primarina|Primarina, F|100/100
|move|p1a: Tyranitar|Earthquake|p2a: Primarina
|-damage|p2a: Primarina|51/100
|
|-weather|Sandstorm|[upkeep]
|-damage|p2a: Primarina|45/100|[from] Sandstorm
|upkeep
|turn|7
|
|t:|1757822730
|switch|p1a: Toxapex|Toxapex, M|100/100
|move|p2a: Primarina|Moonblast|p1a: Toxapex
|-resisted|p1a: Toxapex
|-damage|p1a: Toxapex|65/100
|
|-weather|Sandstorm|[upkeep]
|-damage|p2a: Primarina|39/100|[from] Sandstorm
|-damage|p1a: Toxapex|59/100|[from] Sandstorm
|-heal|p1a: Toxapex|65/100|[from] item: Leftovers
|upkeep
|turn|8
|
|t:|1757822741
|switch|p2a: Heatran|Heatran, F|100/100
|move|p1a: Toxapex|Toxic|p2a: Heatran
|-immune|p2a: Heatran
|
|-weather|Sandstorm|[upkeep]
|-damage|p1a: Toxapex|59/100|[from] Sandstorm
|-heal|p1a: Toxapex|65/100|[from] item: Leftovers
|upkeep
|turn|9
|
|t:|1757822750
|move|p2a: Heatran|Earth Power|p1a: Toxapex
|-supereffective|p1a: Toxapex
|-damage|p1a: Toxapex|0 fnt
|faint|p1a: Toxapex
|
|-weather|none
|upkeep
|
|t:|1757822755
|switch|p1a: Tyranitar|Tyranitar, F|78/100
|-weather|Sandstorm|[from] ability: Sand Stream|[of] p1a: Tyranitar
|turn|10
|
|t:|1757822765
|switch|p2a: Ogerpon|Ogerpon-Cornerstone, F|100/100
|move|p1a: Tyranitar|Knock Off|p2a: Ogerpon
|-damage|p2a: Ogerpon|58/100
|
|-weather|Sandstorm|[upkeep]
|upkeep
|turn|11
|
|t:|1757822777
|switch|p1a: Incineroar|Incineroar, F|5/100
|-ability|p1a: Incineroar|Intimidate|boost
|-unboost|p2a: Ogerpon|atk|1
|move|p2a: Ogerpon|U-turn|p1a: Incineroar
|-damage|p1a: Incineroar|0 fnt
|-damage|p2a: Ogerpon|42/100|[from] item: Rocky Helmet|[of] p1a: Incineroar
|faint|p1a: Incineroar
|
|t:|1757822788
|switch|p2a: Iron Crown|Iron Crown|88/100 brn|[from] U-turn
|
|-weather|Sandstorm|[upkeep]
|-damage|p2a: Iron Crown|82/100 brn|[from] brn
|upkeep
|
|t:|1757822795
|switch|p1a: Tyranitar|Tyranitar, F|78/100
|turn|12
|
|t:|1757822805
|move|p2a: Iron Crown|Tachyon Cutter|p1a: Tyranitar
|-supereffective|p1a: Tyranitar
|-damage|p1a: Tyranitar|30/100
|-supereffective|p1a: Tyranitar
|-damage|p1a: Tyranitar|0 fnt
|faint|p1a: Tyranitar
|-hitcount|p1: Tyranitar|2
|
|-weather|Sandstorm|[upkeep]
|-damage|p2a: Iron Crown|76/100 brn|[from] brn
|upkeep
|
|t:|1757822813
|switch|p1a: Kingambit|Kingambit, M, shiny|100/100
|turn|13
|
|t:|1757822824
|-end|p2a: Iron Crown|Quark Drive|[silent]
|switch|p2a: Heatran|Heatran, F|100/100
|move|p1a: Kingambit|Iron Head|p2a: Heatran
|-resisted|p2a: Heatran
|-crit|p2a: Heatran
|-damage|p2a: Heatran|83/100
|-damage|p1a: Kingambit|91/100|[from] item: Life Orb
|
|-weather|Sandstorm|[upkeep]
|upkeep
|turn|14
|
|t:|1757822835
|switch|p1a: Appletun|Appletun, F, shiny|100/100
|move|p2a: Heatran|Flamethrower|p1a: Appletun
|-damage|p1a: Appletun|74/100
|-status|p1a: Appletun|brn
|
|-weather|none
|-heal|p1a: Appletun|80/100 brn|[from] item: Leftovers
|-damage|p1a: Appletun|74/100 brn|[from] brn
|upkeep
|turn|15
|
|t:|1757822846
|switch|p2a: Hoopa|Hoopa-Unbound|100/100
|move|p1a: Appletun|Leech Seed|p2a: Hoopa
|-start|p2a: Hoopa|move: Leech Seed
|
|-heal|p1a: Appletun|80/100 brn|[from] item: Leftovers
|-damage|p2a: Hoopa|88/100|[from] Leech Seed|[of] p1a: Appletun
|-heal|p1a: Appletun|90/100 brn|[silent]
|-damage|p1a: Appletun|84/100 brn|[from] brn
|upkeep
|turn|16
|
|t:|1757822859
|move|p2a: Hoopa|Hyperspace Fury|p1a: Appletun
|-damage|p1a: Appletun|0 fnt
|-unboost|p2a: Hoopa|def|1
|faint|p1a: Appletun
|
|upkeep
|
|t:|1757822864
|switch|p1a: Kingambit|Kingambit, M, shiny|91/100
|turn|17
|
|t:|1757822871
|switch|p2a: Heatran|Heatran, F|83/100
|move|p1a: Kingambit|Iron Head|p2a: Heatran
|-resisted|p2a: Heatran
|-damage|p2a: Heatran|69/100
|-damage|p1a: Kingambit|81/100|[from] item: Life Orb
|
|upkeep
|turn|18
|
|t:|1757822883
|move|p2a: Heatran|Flamethrower|p1a: Kingambit
|-supereffective|p1a: Kingambit
|-damage|p1a: Kingambit|0 fnt
|faint|p1a: Kingambit
|
|win|LooksGoodToMe
|raw|Evil Miley Cyrus's rating: 1114 &rarr; <strong>1093</strong><br />(-21 for losing)
|raw|LooksGoodToMe's rating: 1164 &rarr; <strong>1185</strong><br />(+21 for winning)
|c|☆LooksGoodToMe|gg
|l|☆LooksGoodToMe
|player|p2|
|l|☆Evil Miley Cyrus
|player|p1|
