|j|☆HelloKittyAssassin
|j|☆rare7
|t:|1757916613
|gametype|singles
|player|p1|HelloKittyAssassin|elesa|1106
|player|p2|rare7|101|1131
|gen|9
|tier|[Gen 9] OU
|rated|
|rule|HP Percentage Mod: HP is shown in percentages
|rule|Endless Battle Clause: Forcing endless battles is banned
|rule|Species Clause: Limit one of each Pokémon
|rule|OHKO Clause: OHKO moves are banned
|rule|Evasion Items Clause: Evasion items are banned
|rule|Evasion Moves Clause: Evasion moves are banned
|rule|Evasion Abilities Clause: Evasion abilities are banned
|rule|Sleep Moves Clause: Sleep-inducing moves are banned
|clearpoke
|poke|p1|Kyurem|
|poke|p1|Tyranitar, F|
|poke|p1|Great Tusk|
|poke|p1|Rotom-Wash|
|poke|p1|Skeledirge, F|
|poke|p1|Hatterene, F|
|poke|p2|Pawmot, F|
|poke|p2|Iron Crown|
|poke|p2|Corviknight, M|
|poke|p2|Landorus-Therian, M|
|poke|p2|Raging Bolt|
|poke|p2|Samurott-Hisui, M|
|teampreview
|inactive|Battle timer is ON: inactive players will automatically lose when time's up. (requested by rare7)
|
|t:|1757916631
|teamsize|p1|6
|teamsize|p2|6
|start
|switch|p1a: Hatterene|Hatterene, F|100/100
|switch|p2a: Landorus|Landorus-Therian, M|100/100
|-ability|p2a: Landorus|Intimidate|boost
|-unboost|p1a: Hatterene|atk|1
|turn|1
|
|t:|1757916641
|move|p2a: Landorus|Sludge Bomb|p1a: Hatterene
|-supereffective|p1a: Hatterene
|-damage|p1a: Hatterene|64/100
|move|p1a: Hatterene|Future Sight|p2a: Landorus
|-start|p1a: Hatterene|move: Future Sight
|
|upkeep
|turn|2
|
|t:|1757916649
|switch|p1a: Tyranitar|Tyranitar, F|100/100
|-weather|Sandstorm|[from] ability: Sand Stream|[of] p1a: Tyranitar
|move|p2a: Landorus|U-turn|p1a: Tyranitar
|-supereffective|p1a: Tyranitar
|-damage|p1a: Tyranitar|71/100
|
|t:|1757916658
|switch|p2a: Samurott|Samurott-Hisui, M|100/100|[from] U-turn
|
|-weather|Sandstorm|[upkeep]
|-damage|p2a: Samurott|94/100|[from] Sandstorm
|upkeep
|turn|3
|
|t:|1757916675
|move|p2a: Samurott|Aqua Cutter|p1a: Tyranitar
|-supereffective|p1a: Tyranitar
|-damage|p1a: Tyranitar|0 fnt
|faint|p1a: Tyranitar
|-damage|p2a: Samurott|84/100|[from] item: Life Orb
|
|-weather|Sandstorm|[upkeep]
|-damage|p2a: Samurott|78/100|[from] Sandstorm
|-end|p2a: Samurott|move: Future Sight
|-immune|p2a: Samurott
|upkeep
|
|t:|1757916681
|switch|p1a: Rotom|Rotom-Wash|100/100
|turn|4
|
|t:|1757916694
|switch|p2a: Raging Bolt|Raging Bolt|100/100
|move|p1a: Rotom|Discharge|p2a: Raging Bolt
|-resisted|p2a: Raging Bolt
|-damage|p2a: Raging Bolt|95/100
|
|-weather|Sandstorm|[upkeep]
|-damage|p1a: Rotom|94/100|[from] Sandstorm
|-damage|p2a: Raging Bolt|89/100|[from] Sandstorm
|-heal|p1a: Rotom|100/100|[from] item: Leftovers
|upkeep
|turn|5
|
|t:|1757916708
|switch|p1a: Great Tusk|Great Tusk|100/100
|-enditem|p1a: Great Tusk|Booster Energy
|-activate|p1a: Great Tusk|ability: Protosynthesis|[fromitem]
|-start|p1a: Great Tusk|protosynthesisdef
|move|p2a: Raging Bolt|Volt Switch|p1a: Great Tusk
|-immune|p1a: Great Tusk
|
|-weather|Sandstorm|[upkeep]
|-damage|p2a: Raging Bolt|83/100|[from] Sandstorm
|upkeep
|turn|6
|
|t:|1757916715
|-terastallize|p2a: Raging Bolt|Grass
|move|p1a: Great Tusk|Substitute|p1a: Great Tusk
|-start|p1a: Great Tusk|Substitute
|-damage|p1a: Great Tusk|76/100
|move|p2a: Raging Bolt|Tera Blast|p1a: Great Tusk|[anim] Tera Blast Grass
|-supereffective|p1a: Great Tusk
|-end|p1a: Great Tusk|Substitute
|
|-weather|none
|upkeep
|turn|7
|
|t:|1757916734
|-terastallize|p1a: Great Tusk|Fighting
|move|p1a: Great Tusk|Close Combat|p2a: Raging Bolt
|-damage|p2a: Raging Bolt|21/100
|-unboost|p1a: Great Tusk|def|1
|-unboost|p1a: Great Tusk|spd|1
|move|p2a: Raging Bolt|Dragon Pulse|p1a: Great Tusk
|-damage|p1a: Great Tusk|0 fnt
|faint|p1a: Great Tusk
|-end|p1a: Great Tusk|Protosynthesis|[silent]
|
|upkeep
|
|t:|1757916740
|switch|p1a: Kyurem|Kyurem, shiny|100/100
|-ability|p1a: Kyurem|Pressure
|turn|8
|
|t:|1757916746
|-end|p2a: Raging Bolt|Protosynthesis|[silent]
|switch|p2a: Iron Crown|Iron Crown|100/100
|move|p1a: Kyurem|Scale Shot|p2a: Iron Crown
|-resisted|p2a: Iron Crown
|-damage|p2a: Iron Crown|93/100
|-resisted|p2a: Iron Crown
|-damage|p2a: Iron Crown|85/100
|-resisted|p2a: Iron Crown
|-damage|p2a: Iron Crown|77/100
|-resisted|p2a: Iron Crown
|-damage|p2a: Iron Crown|69/100
|-resisted|p2a: Iron Crown
|-crit|p2a: Iron Crown
|-damage|p2a: Iron Crown|57/100
|-hitcount|p2a: Iron Crown|5
|-unboost|p1a: Kyurem|def|1
|-boost|p1a: Kyurem|spe|1
|
|upkeep
|turn|9
|
|t:|1757916756
|move|p2a: Iron Crown|Tachyon Cutter|p1a: Kyurem
|-supereffective|p1a: Kyurem
|-damage|p1a: Kyurem|50/100
|-supereffective|p1a: Kyurem
|-damage|p1a: Kyurem|5/100
|-hitcount|p1a: Kyurem|2
|move|p1a: Kyurem|Substitute|p1a: Kyurem
|-fail|p1a: Kyurem|move: Substitute|[weak]
|
|upkeep
|turn|10
|
|t:|1757916760
|move|p2a: Iron Crown|Tachyon Cutter|p1a: Kyurem
|-supereffective|p1a: Kyurem
|-damage|p1a: Kyurem|0 fnt
|faint|p1a: Kyurem
|-hitcount|p1: Kyurem|1
|
|upkeep
|
|t:|1757916764
|switch|p1a: Skeledirge|Skeledirge, F, shiny|100/100
|turn|11
|
|t:|1757916770
|-end|p2a: Iron Crown|Quark Drive|[silent]
|switch|p2a: Raging Bolt|Raging Bolt, tera:Grass|21/100
|move|p1a: Skeledirge|Torch Song|p2a: Raging Bolt
|-supereffective|p2a: Raging Bolt
|-damage|p2a: Raging Bolt|0 fnt
|-boost|p1a: Skeledirge|spa|1
|faint|p2a: Raging Bolt
|-end|p2a: Raging Bolt|Protosynthesis|[silent]
|
|upkeep
|l|☆HelloKittyAssassin
|inactive|HelloKittyAssassin disconnected and has a minute to reconnect!
|player|p1|
|
|t:|1757916778
|switch|p2a: Landorus|Landorus-Therian, M|100/100
|-ability|p2a: Landorus|Intimidate|boost
|-unboost|p1a: Skeledirge|atk|1
|turn|12
|j|☆HelloKittyAssassin
|inactive|HelloKittyAssassin reconnected and has 150 seconds left.
|player|p1|HelloKittyAssassin|elesa|
|
|t:|1757916796
|switch|p1a: Rotom|Rotom-Wash|100/100
|move|p2a: Landorus|Sandsear Storm|p1a: Rotom
|-immune|p1a: Rotom|[from] ability: Levitate
|
|upkeep
|turn|13
|
|t:|1757916812
|switch|p2a: Iron Crown|Iron Crown|57/100
|move|p1a: Rotom|Hydro Pump|p2a: Iron Crown|[miss]
|-miss|p1a: Rotom|p2a: Iron Crown
|
|upkeep
|turn|14
|
|t:|1757916819
|move|p2a: Iron Crown|Psychic Noise|p1a: Rotom
|-damage|p1a: Rotom|62/100
|-start|p1a: Rotom|move: Heal Block
|move|p1a: Rotom|Hydro Pump|p2a: Iron Crown
|-damage|p2a: Iron Crown|5/100
|
|upkeep
|turn|15
|
|t:|1757916824
|move|p2a: Iron Crown|Psychic Noise|p1a: Rotom
|-damage|p1a: Rotom|25/100
|move|p1a: Rotom|Discharge|p2a: Iron Crown
|-damage|p2a: Iron Crown|0 fnt
|faint|p2a: Iron Crown
|-end|p2a: Iron Crown|Quark Drive|[silent]
|
|-end|p1a: Rotom|move: Heal Block
|upkeep
|
|t:|1757916840
|switch|p2a: Pawmot|Pawmot, F|100/100
|turn|16
|
|t:|1757916846
|switch|p1a: Skeledirge|Skeledirge, F, shiny|100/100
|move|p2a: Pawmot|Double Shock|p1a: Skeledirge
|-damage|p1a: Skeledirge|52/100
|-start|p2a: Pawmot|typechange|???/Fighting|[from] move: Double Shock
|-damage|p2a: Pawmot|91/100|[from] item: Life Orb
|
|-heal|p1a: Skeledirge|58/100|[from] item: Leftovers
|upkeep
|turn|17
|
|t:|1757916853
|move|p2a: Pawmot|Volt Switch|p1a: Skeledirge
|-damage|p1a: Skeledirge|41/100
|-damage|p2a: Pawmot|81/100|[from] item: Life Orb
|
|t:|1757916859
|switch|p2a: Samurott|Samurott-Hisui, M|78/100|[from] Volt Switch
|move|p1a: Skeledirge|Will-O-Wisp|p2a: Samurott
|-status|p2a: Samurott|brn
|
|-heal|p1a: Skeledirge|47/100|[from] item: Leftovers
|-damage|p2a: Samurott|72/100 brn|[from] brn
|upkeep
|turn|18
|
|t:|1757916868
|move|p2a: Samurott|Ceaseless Edge|p1a: Skeledirge|[miss]
|-miss|p2a: Samurott|p1a: Skeledirge
|move|p1a: Skeledirge|Slack Off|p1a: Skeledirge
|-heal|p1a: Skeledirge|97/100
|
|-heal|p1a: Skeledirge|100/100|[from] item: Leftovers
|-damage|p2a: Samurott|66/100 brn|[from] brn
|upkeep
|turn|19
|
|t:|1757916872
|move|p2a: Samurott|Ceaseless Edge|p1a: Skeledirge
|-supereffective|p1a: Skeledirge
|-damage|p1a: Skeledirge|65/100
|-sidestart|p1: HelloKittyAssassin|Spikes
|-damage|p2a: Samurott|56/100 brn|[from] item: Life Orb
|move|p1a: Skeledirge|Torch Song|p2a: Samurott
|-resisted|p2a: Samurott
|-damage|p2a: Samurott|29/100 brn
|-boost|p1a: Skeledirge|spa|1
|
|-heal|p1a: Skeledirge|71/100|[from] item: Leftovers
|-damage|p2a: Samurott|23/100 brn|[from] brn
|upkeep
|turn|20
|
|t:|1757916879
|move|p2a: Samurott|Ceaseless Edge|p1a: Skeledirge
|-supereffective|p1a: Skeledirge
|-damage|p1a: Skeledirge|34/100
|-sidestart|p1: HelloKittyAssassin|Spikes
|-damage|p2a: Samurott|13/100 brn|[from] item: Life Orb
|move|p1a: Skeledirge|Slack Off|p1a: Skeledirge
|-heal|p1a: Skeledirge|84/100
|
|-heal|p1a: Skeledirge|91/100|[from] item: Leftovers
|-damage|p2a: Samurott|7/100 brn|[from] brn
|upkeep
|turn|21
|
|t:|1757916884
|move|p2a: Samurott|Ceaseless Edge|p1a: Skeledirge
|-supereffective|p1a: Skeledirge
|-damage|p1a: Skeledirge|52/100
|-sidestart|p1: HelloKittyAssassin|Spikes
|-damage|p2a: Samurott|0 fnt|[from] item: Life Orb
|faint|p2a: Samurott
|move|p1a: Skeledirge|Slack Off|p1a: Skeledirge
|-heal|p1a: Skeledirge|100/100
|
|upkeep
|
|t:|1757916894
|switch|p2a: Landorus|Landorus-Therian, M|100/100
|-ability|p2a: Landorus|Intimidate|boost
|-unboost|p1a: Skeledirge|atk|1
|turn|22
|
|t:|1757916900
|move|p2a: Landorus|Sandsear Storm|p1a: Skeledirge
|-supereffective|p1a: Skeledirge
|-damage|p1a: Skeledirge|14/100
|move|p1a: Skeledirge|Will-O-Wisp|p2a: Landorus
|-status|p2a: Landorus|brn
|
|-heal|p1a: Skeledirge|20/100|[from] item: Leftovers
|-damage|p2a: Landorus|95/100 brn|[from] brn
|upkeep
|turn|23
|
|t:|1757916908
|move|p2a: Landorus|Sandsear Storm|p1a: Skeledirge
|-supereffective|p1a: Skeledirge
|-damage|p1a: Skeledirge|0 fnt
|faint|p1a: Skeledirge
|
|-damage|p2a: Landorus|89/100 brn|[from] brn
|upkeep
|
|t:|1757916912
|switch|p1a: Hatterene|Hatterene, F|64/100
|-damage|p1a: Hatterene|40/100|[from] Spikes
|turn|24
|
|t:|1757916929
|move|p2a: Landorus|Sludge Bomb|p1a: Hatterene
|-supereffective|p1a: Hatterene
|-damage|p1a: Hatterene|3/100
|move|p1a: Hatterene|Future Sight|p2a: Landorus
|-start|p1a: Hatterene|move: Future Sight
|
|-damage|p2a: Landorus|83/100 brn|[from] brn
|upkeep
|turn|25
|
|t:|1757916937
|move|p2a: Landorus|U-turn|p1a: Hatterene
|-damage|p1a: Hatterene|0 fnt
|faint|p1a: Hatterene
|
|t:|1757916941
|switch|p2a: Corviknight|Corviknight, M|100/100|[from] U-turn
|-ability|p2a: Corviknight|Pressure
|
|upkeep
|
|t:|1757916943
|switch|p1a: Rotom|Rotom-Wash|25/100
|turn|26
|
|t:|1757916948
|move|p1a: Rotom|Discharge|p2a: Corviknight
|-supereffective|p2a: Corviknight
|-damage|p2a: Corviknight|49/100
|move|p2a: Corviknight|U-turn|p1a: Rotom
|-damage|p1a: Rotom|10/100
|
|t:|1757916956
|switch|p2a: Landorus|Landorus-Therian, M|83/100 brn|[from] U-turn
|-ability|p2a: Landorus|Intimidate|boost
|-unboost|p1a: Rotom|atk|1
|
|-end|p2a: Landorus|move: Future Sight
|-crit|p2a: Landorus
|-damage|p2a: Landorus|0 fnt
|faint|p2a: Landorus
|-heal|p1a: Rotom|17/100|[from] item: Leftovers
|upkeep
|
|t:|1757916959
|switch|p2a: Pawmot|Pawmot, F|81/100
|turn|27
|
|t:|1757916967
|move|p2a: Pawmot|Double Shock|p1a: Rotom
|-damage|p1a: Rotom|0 fnt
|-start|p2a: Pawmot|typechange|???/Fighting|[from] move: Double Shock
|faint|p1a: Rotom
|-damage|p2a: Pawmot|71/100|[from] item: Life Orb
|
|win|rare7
|raw|HelloKittyAssassin's rating: 1106 &rarr; <strong>1083</strong><br />(-23 for losing)
|raw|rare7's rating: 1131 &rarr; <strong>1154</strong><br />(+23 for winning)
|l|☆rare7
|player|p2|
