|j|☆Dansiger
|j|☆Lewis Jon
|t:|1757912979
|gametype|singles
|player|p1|Dansiger|palmer|1099
|player|p2|Lewis Jon|clerk-boss|1096
|gen|9
|tier|[Gen 9] OU
|rated|
|rule|HP Percentage Mod: HP is shown in percentages
|rule|Endless Battle Clause: Forcing endless battles is banned
|rule|Species Clause: Limit one of each Pokémon
|rule|OHKO Clause: OHKO moves are banned
|rule|Evasion Items Clause: Evasion items are banned
|rule|Evasion Moves Clause: Evasion moves are banned
|rule|Evasion Abilities Clause: Evasion abilities are banned
|rule|Sleep Moves Clause: Sleep-inducing moves are banned
|clearpoke
|poke|p1|Arcanine, F|
|poke|p1|Raichu, M|
|poke|p1|Blastoise, M|
|poke|p1|Vileplume, M|
|poke|p1|Mamoswine, F|
|poke|p1|Umbreon, M|
|poke|p2|Corviknight, M|
|poke|p2|Heatran, M|
|poke|p2|Ursaluna, F|
|poke|p2|Pelipper, F|
|poke|p2|Dragonite, M|
|poke|p2|Rillaboom, M|
|teampreview
|
|t:|1757912987
|teamsize|p1|6
|teamsize|p2|6
|start
|switch|p1a: Mamoswine|Mamoswine, F|100/100
|switch|p2a: Pelipper|Pelipper, F|100/100
|-weather|RainDance|[from] ability: Drizzle|[of] p2a: Pelipper
|turn|1
|
|t:|1757913004
|move|p1a: Mamoswine|Stealth Rock|p2a: Pelipper
|-sidestart|p2: Lewis Jon|move: Stealth Rock
|move|p2a: Pelipper|Weather Ball|p1a: Mamoswine
|-supereffective|p1a: Mamoswine
|-enditem|p1a: Mamoswine|Focus Sash
|-damage|p1a: Mamoswine|1/100
|
|-weather|RainDance|[upkeep]
|upkeep
|turn|2
|
|t:|1757913016
|move|p2a: Pelipper|Tailwind|p2a: Pelipper
|-sidestart|p2: Lewis Jon|move: Tailwind
|move|p1a: Mamoswine|Avalanche|p2a: Pelipper
|-damage|p2a: Pelipper|76/100
|
|-weather|RainDance|[upkeep]
|upkeep
|turn|3
|
|t:|1757913040
|switch|p1a: Blastoise|Blastoise, M|100/100
|move|p2a: Pelipper|U-turn|p1a: Blastoise
|-damage|p1a: Blastoise|91/100
|
|t:|1757913046
|switch|p2a: Rillaboom|Rillaboom, M|100/100|[from] U-turn
|-damage|p2a: Rillaboom|88/100|[from] Stealth Rock
|-fieldstart|move: Grassy Terrain|[from] ability: Grassy Surge|[of] p2a: Rillaboom
|-enditem|p2a: Rillaboom|Grassy Seed
|-boost|p2a: Rillaboom|def|1|[from] item: Grassy Seed
|
|-weather|RainDance|[upkeep]
|-heal|p2a: Rillaboom|94/100|[from] Grassy Terrain
|-heal|p1a: Blastoise|97/100|[from] Grassy Terrain
|upkeep
|turn|4
|
|t:|1757913062
|move|p2a: Rillaboom|Grassy Glide|p1a: Blastoise
|-supereffective|p1a: Blastoise
|-damage|p1a: Blastoise|10/100
|move|p1a: Blastoise|Shell Smash|p1a: Blastoise
|-unboost|p1a: Blastoise|def|1
|-unboost|p1a: Blastoise|spd|1
|-boost|p1a: Blastoise|atk|2
|-boost|p1a: Blastoise|spa|2
|-boost|p1a: Blastoise|spe|2
|-enditem|p1a: Blastoise|White Herb
|-clearnegativeboost|p1a: Blastoise|[silent]
|
|-weather|RainDance|[upkeep]
|-heal|p2a: Rillaboom|100/100|[from] Grassy Terrain
|-heal|p1a: Blastoise|16/100|[from] Grassy Terrain
|upkeep
|turn|5
|
|t:|1757913077
|move|p2a: Rillaboom|Grassy Glide|p1a: Blastoise
|-supereffective|p1a: Blastoise
|-damage|p1a: Blastoise|0 fnt
|faint|p1a: Blastoise
|
|-weather|RainDance|[upkeep]
|-sideend|p2: Lewis Jon|move: Tailwind
|upkeep
|
|t:|1757913089
|switch|p1a: Mamoswine|Mamoswine, F|1/100
|turn|6
|
|t:|1757913092
|move|p2a: Rillaboom|Grassy Glide|p1a: Mamoswine
|-supereffective|p1a: Mamoswine
|-damage|p1a: Mamoswine|0 fnt
|faint|p1a: Mamoswine
|
|-weather|RainDance|[upkeep]
|upkeep
|
|t:|1757913102
|switch|p1a: Vileplume|Vileplume, M|100/100
|turn|7
|
|t:|1757913106
|move|p2a: Rillaboom|Acrobatics|p1a: Vileplume
|-supereffective|p1a: Vileplume
|-damage|p1a: Vileplume|23/100
|move|p1a: Vileplume|Sludge Bomb|p2a: Rillaboom
|-supereffective|p2a: Rillaboom
|-damage|p2a: Rillaboom|0 fnt
|faint|p2a: Rillaboom
|
|-weather|RainDance|[upkeep]
|-heal|p1a: Vileplume|29/100|[from] Grassy Terrain
|-heal|p1a: Vileplume|36/100|[from] item: Leftovers
|-fieldend|move: Grassy Terrain
|upkeep
|
|t:|1757913122
|switch|p2a: Heatran|Heatran, M|100/100
|turn|8
|
|t:|1757913131
|move|p2a: Heatran|Flash Cannon|p1a: Vileplume
|-damage|p1a: Vileplume|0 fnt
|faint|p1a: Vileplume
|
|-weather|none
|upkeep
|
|t:|1757913137
|switch|p1a: Paquita|Arcanine, F|100/100
|-ability|p1a: Paquita|Intimidate|boost
|-unboost|p2a: Heatran|atk|1
|turn|9
|
|t:|1757913157
|move|p1a: Paquita|Scorching Sands|p2a: Heatran
|-supereffective|p2a: Heatran
|-damage|p2a: Heatran|44/100
|move|p2a: Heatran|Earth Power|p1a: Paquita
|-supereffective|p1a: Paquita
|-damage|p1a: Paquita|14/100
|
|upkeep
|turn|10
|
|t:|1757913171
|switch|p2a: Corviknight|Corviknight, M, shiny|100/100
|-damage|p2a: Corviknight|88/100|[from] Stealth Rock
|move|p1a: Paquita|Scorching Sands|p2a: Corviknight
|-immune|p2a: Corviknight
|
|-heal|p2a: Corviknight|94/100|[from] item: Leftovers
|upkeep
|turn|11
|
|t:|1757913185
|-terastallize|p2a: Corviknight|Ghost
|move|p1a: Paquita|Scorching Sands|p2a: Corviknight
|-damage|p2a: Corviknight|83/100
|move|p2a: Corviknight|Iron Defense|p2a: Corviknight
|-boost|p2a: Corviknight|def|2
|
|-heal|p2a: Corviknight|89/100|[from] item: Leftovers
|upkeep
|turn|12
|
|t:|1757913196
|move|p1a: Paquita|Flare Blitz|p2a: Corviknight
|-damage|p2a: Corviknight|67/100
|-damage|p1a: Paquita|5/100|[from] Recoil
|move|p2a: Corviknight|Body Press|p1a: Paquita
|-damage|p1a: Paquita|0 fnt
|faint|p1a: Paquita
|
|-heal|p2a: Corviknight|73/100|[from] item: Leftovers
|upkeep
|
|t:|1757913207
|switch|p1a: Umbreon|Umbreon, M, shiny|100/100
|turn|13
|
|t:|1757913214
|move|p2a: Corviknight|Body Press|p1a: Umbreon
|-supereffective|p1a: Umbreon
|-damage|p1a: Umbreon|36/100
|move|p1a: Umbreon|Mud-Slap|p2a: Corviknight
|-damage|p2a: Corviknight|71/100
|-ability|p2a: Corviknight|Mirror Armor
|-unboost|p1a: Umbreon|accuracy|1
|
|-heal|p2a: Corviknight|77/100|[from] item: Leftovers
|-heal|p1a: Umbreon|42/100|[from] item: Leftovers
|upkeep
|turn|14
|
|t:|1757913229
|-terastallize|p1a: Umbreon|Ghost
|move|p2a: Corviknight|Body Press|p1a: Umbreon
|-immune|p1a: Umbreon
|move|p1a: Umbreon|Toxic|p2a: Corviknight
|-status|p2a: Corviknight|tox
|
|-heal|p2a: Corviknight|83/100 tox|[from] item: Leftovers
|-heal|p1a: Umbreon|48/100|[from] item: Leftovers
|-damage|p2a: Corviknight|77/100 tox|[from] psn
|upkeep
|turn|15
|
|t:|1757913240
|move|p2a: Corviknight|Brave Bird|p1a: Umbreon
|-damage|p1a: Umbreon|20/100
|-damage|p2a: Corviknight|68/100 tox|[from] Recoil
|move|p1a: Umbreon|Moonlight|p1a: Umbreon
|-heal|p1a: Umbreon|70/100
|
|-heal|p2a: Corviknight|74/100 tox|[from] item: Leftovers
|-heal|p1a: Umbreon|76/100|[from] item: Leftovers
|-damage|p2a: Corviknight|62/100 tox|[from] psn
|upkeep
|turn|16
|
|t:|1757913256
|switch|p2a: Heatran|Heatran, M|44/100
|switch|p1a: Hantaro|Raichu, M|100/100
|
|upkeep
|turn|17
|
|t:|1757913264
|move|p1a: Hantaro|Surf|p2a: Heatran
|-supereffective|p2a: Heatran
|-damage|p2a: Heatran|3/100
|move|p2a: Heatran|Earth Power|p1a: Hantaro
|-supereffective|p1a: Hantaro
|-damage|p1a: Hantaro|32/100
|
|upkeep
|turn|18
|
|t:|1757913273
|switch|p2a: Pelipper|Pelipper, F|76/100
|-damage|p2a: Pelipper|51/100|[from] Stealth Rock
|-weather|RainDance|[from] ability: Drizzle|[of] p2a: Pelipper
|move|p1a: Hantaro|Thunderbolt|p2a: Pelipper
|-supereffective|p2a: Pelipper
|-damage|p2a: Pelipper|0 fnt
|faint|p2a: Pelipper
|
|-weather|RainDance|[upkeep]
|upkeep
|
|t:|1757913284
|switch|p2a: Dragonite|Dragonite, M|100/100
|-damage|p2a: Dragonite|76/100|[from] Stealth Rock
|turn|19
|
|t:|1757913292
|move|p1a: Hantaro|Draining Kiss|p2a: Dragonite
|-supereffective|p2a: Dragonite
|-damage|p2a: Dragonite|49/100
|-heal|p1a: Hantaro|56/100|[from] drain|[of] p2a: Dragonite
|move|p2a: Dragonite|Earthquake|p1a: Hantaro
|-supereffective|p1a: Hantaro
|-damage|p1a: Hantaro|0 fnt
|faint|p1a: Hantaro
|
|-weather|RainDance|[upkeep]
|upkeep
|
|t:|1757913303
|switch|p1a: Umbreon|Umbreon, M, shiny, tera:Ghost|76/100
|turn|20
|
|t:|1757913307
|move|p2a: Dragonite|Earthquake|p1a: Umbreon
|-damage|p1a: Umbreon|28/100
|move|p1a: Umbreon|Foul Play|p2a: Dragonite
|-damage|p2a: Dragonite|0 fnt
|faint|p2a: Dragonite
|
|-weather|RainDance|[upkeep]
|-heal|p1a: Umbreon|35/100|[from] item: Leftovers
|upkeep
|
|t:|1757913316
|switch|p2a: Ursaluna|Ursaluna, F|100/100
|-damage|p2a: Ursaluna|94/100|[from] Stealth Rock
|turn|21
|
|t:|1757913321
|move|p1a: Umbreon|Moonlight|p1a: Umbreon
|-heal|p1a: Umbreon|59/100
|move|p2a: Ursaluna|Headlong Rush|p1a: Umbreon
|-damage|p1a: Umbreon|6/100
|-unboost|p2a: Ursaluna|def|1
|-unboost|p2a: Ursaluna|spd|1
|
|-weather|RainDance|[upkeep]
|-heal|p1a: Umbreon|12/100|[from] item: Leftovers
|-status|p2a: Ursaluna|brn|[from] item: Flame Orb
|upkeep
|turn|22
|
|t:|1757913334
|move|p1a: Umbreon|Moonlight|p1a: Umbreon
|-heal|p1a: Umbreon|37/100
|move|p2a: Ursaluna|Headlong Rush|p1a: Umbreon
|-damage|p1a: Umbreon|0 fnt
|-unboost|p2a: Ursaluna|def|1
|-unboost|p2a: Ursaluna|spd|1
|faint|p1a: Umbreon
|
|win|Lewis Jon
|raw|Dansiger's rating: 1099 &rarr; <strong>1074</strong><br />(-25 for losing)
|raw|Lewis Jon's rating: 1096 &rarr; <strong>1122</strong><br />(+26 for winning)
|l|☆Lewis Jon
|player|p2|
|l|☆Dansiger
|player|p1|
