|j|☆nicolider
|j|☆Agnes_Tachy0n
|t:|1757872709
|gametype|singles
|player|p1|nicolider|preschooler|1284
|player|p2|Agnes_Tachy0n|lass|1305
|gen|9
|tier|[Gen 9] OU
|rated|
|rule|HP Percentage Mod: HP is shown in percentages
|rule|Endless Battle Clause: Forcing endless battles is banned
|rule|Species Clause: Limit one of each Pokémon
|rule|OHKO Clause: OHKO moves are banned
|rule|Evasion Items Clause: Evasion items are banned
|rule|Evasion Moves Clause: Evasion moves are banned
|rule|Evasion Abilities Clause: Evasion abilities are banned
|rule|Sleep Moves Clause: Sleep-inducing moves are banned
|clearpoke
|poke|p1|Hoopa|
|poke|p1|Landorus-Therian, M|
|poke|p1|Weezing-Galar, M|
|poke|p1|Kingambit, F|
|poke|p1|Raging Bolt|
|poke|p1|Zamazenta-*|
|poke|p2|Iron Thorns|
|poke|p2|Ribombee, F|
|poke|p2|Mismagius, M|
|poke|p2|Raging Bolt|
|poke|p2|Hatterene, F|
|poke|p2|Corviknight, M|
|teampreview
|inactive|Battle timer is ON: inactive players will automatically lose when time's up. (requested by nicolider)
|
|t:|1757872729
|teamsize|p1|6
|teamsize|p2|6
|start
|switch|p1a: Hoopa|Hoopa|100/100
|switch|p2a: Mismagius|Mismagius, M|100/100
|turn|1
|
|t:|1757872740
|switch|p1a: Kingambit|Kingambit, F|100/100
|move|p2a: Mismagius|Shadow Ball|p1a: Kingambit
|-resisted|p1a: Kingambit
|-damage|p1a: Kingambit|76/100
|
|upkeep
|turn|2
|
|t:|1757872752
|switch|p2a: Raging Bolt|Raging Bolt|100/100
|switch|p1a: Raging Bolt|Raging Bolt|100/100
|
|upkeep
|turn|3
|
|t:|1757872762
|-terastallize|p1a: Raging Bolt|Fairy
|move|p1a: Raging Bolt|Dragon Pulse|p2a: Raging Bolt
|-supereffective|p2a: Raging Bolt
|-crit|p2a: Raging Bolt
|-damage|p2a: Raging Bolt|23/100
|move|p2a: Raging Bolt|Draco Meteor|p1a: Raging Bolt
|-immune|p1a: Raging Bolt
|
|upkeep
|turn|4
|
|t:|1757872775
|move|p1a: Raging Bolt|Volt Switch|p2a: Raging Bolt
|-resisted|p2a: Raging Bolt
|-damage|p2a: Raging Bolt|17/100
|
|t:|1757872792
|-end|p1a: Raging Bolt|Protosynthesis|[silent]
|switch|p1a: Kingambit|Kingambit, F|76/100|[from] Volt Switch
|move|p2a: Raging Bolt|Volt Switch|p1a: Kingambit
|-damage|p1a: Kingambit|29/100
|
|t:|1757872799
|-end|p2a: Raging Bolt|Protosynthesis|[silent]
|switch|p2a: Mismagius|Mismagius, M|100/100|[from] Volt Switch
|
|upkeep
|turn|5
|
|t:|1757872811
|move|p1a: Kingambit|Sucker Punch||[still]
|-fail|p1a: Kingambit
|move|p2a: Mismagius|Trick|p1a: Kingambit
|-activate|p2a: Mismagius|move: Trick|[of] p1a: Kingambit
|-item|p1a: Kingambit|Choice Scarf|[from] move: Trick
|-item|p2a: Mismagius|Choice Band|[from] move: Trick
|
|upkeep
|turn|6
|
|t:|1757872819
|switch|p2a: Raging Bolt|Raging Bolt|17/100
|move|p1a: Kingambit|Kowtow Cleave|p2a: Raging Bolt
|-damage|p2a: Raging Bolt|0 fnt
|faint|p2a: Raging Bolt
|-end|p2a: Raging Bolt|Protosynthesis|[silent]
|
|upkeep
|
|t:|1757872823
|switch|p2a: Ribombee|Ribombee, F|100/100
|turn|7
|
|t:|1757872832
|move|p2a: Ribombee|Sticky Web|p1a: Kingambit
|-sidestart|p1: nicolider|move: Sticky Web
|move|p1a: Kingambit|Kowtow Cleave|p2a: Ribombee
|-resisted|p2a: Ribombee
|-damage|p2a: Ribombee|53/100
|
|upkeep
|turn|8
|
|t:|1757872845
|switch|p2a: Hatterene|Hatterene, F|100/100
|move|p1a: Kingambit|Kowtow Cleave|p2a: Hatterene
|-damage|p2a: Hatterene|47/100
|-enditem|p2a: Hatterene|Sitrus Berry|[eat]
|-heal|p2a: Hatterene|72/100|[from] item: Sitrus Berry
|
|upkeep
|turn|9
|
|t:|1757872855
|move|p1a: Kingambit|Kowtow Cleave|p2a: Hatterene
|-damage|p2a: Hatterene|18/100
|move|p2a: Hatterene|Nuzzle|p1a: Kingambit
|-damage|p1a: Kingambit|25/100
|-status|p1a: Kingambit|par
|
|upkeep
|turn|10
|
|t:|1757872861
|move|p1a: Kingambit|Kowtow Cleave|p2a: Hatterene
|-damage|p2a: Hatterene|0 fnt
|faint|p2a: Hatterene
|
|upkeep
|
|t:|1757872873
|switch|p2a: Iron Thorns|Iron Thorns, shiny|100/100
|-enditem|p2a: Iron Thorns|Booster Energy
|-activate|p2a: Iron Thorns|ability: Quark Drive|[fromitem]
|-start|p2a: Iron Thorns|quarkdriveatk
|turn|11
|
|t:|1757872883
|switch|p1a: Landorus|Landorus-Therian, M, shiny|100/100
|-ability|p1a: Landorus|Intimidate|boost
|-unboost|p2a: Iron Thorns|atk|1
|move|p2a: Iron Thorns|Dragon Dance|p2a: Iron Thorns
|-boost|p2a: Iron Thorns|atk|1
|-boost|p2a: Iron Thorns|spe|1
|
|upkeep
|turn|12
|
|t:|1757872897
|-terastallize|p2a: Iron Thorns|Flying
|move|p2a: Iron Thorns|Dragon Dance|p2a: Iron Thorns
|-boost|p2a: Iron Thorns|atk|1
|-boost|p2a: Iron Thorns|spe|1
|move|p1a: Landorus|Earth Power|p2a: Iron Thorns
|-immune|p2a: Iron Thorns
|
|upkeep
|turn|13
|
|t:|1757872909
|move|p2a: Iron Thorns|Dragon Dance|p2a: Iron Thorns
|-boost|p2a: Iron Thorns|atk|1
|-boost|p2a: Iron Thorns|spe|1
|move|p1a: Landorus|Taunt|p2a: Iron Thorns
|-start|p2a: Iron Thorns|move: Taunt
|
|upkeep
|turn|14
|
|t:|1757872917
|switch|p1a: Kingambit|Kingambit, F|25/100 par
|-activate|p1a: Kingambit|move: Sticky Web
|-unboost|p1a: Kingambit|spe|1
|-ability|p1a: Kingambit|Defiant|boost
|-boost|p1a: Kingambit|atk|2
|move|p2a: Iron Thorns|Ice Punch|p1a: Kingambit
|-resisted|p1a: Kingambit
|-damage|p1a: Kingambit|0 fnt
|faint|p1a: Kingambit
|
|upkeep
|
|t:|1757872922
|switch|p1a: Weezing|Weezing-Galar, M, shiny|100/100
|-ability|p1a: Weezing|Neutralizing Gas
|turn|15
|
|t:|1757872928
|move|p2a: Iron Thorns|Earthquake|p1a: Weezing
|-supereffective|p1a: Weezing
|-crit|p1a: Weezing
|-damage|p1a: Weezing|0 fnt
|faint|p1a: Weezing
|-end|p1a: Weezing|ability: Neutralizing Gas
|
|upkeep
|
|t:|1757872937
|switch|p1a: Landorus|Landorus-Therian, M, shiny|100/100
|-ability|p1a: Landorus|Intimidate|boost
|-unboost|p2a: Iron Thorns|atk|1
|turn|16
|
|t:|1757872945
|move|p2a: Iron Thorns|Ice Punch|p1a: Landorus
|-supereffective|p1a: Landorus
|-damage|p1a: Landorus|0 fnt
|-damage|p2a: Iron Thorns|84/100|[from] item: Rocky Helmet|[of] p1a: Landorus
|faint|p1a: Landorus
|
|-end|p2a: Iron Thorns|move: Taunt
|upkeep
|
|t:|1757872947
|switch|p1a: Raging Bolt|Raging Bolt, tera:Fairy|100/100
|-activate|p1a: Raging Bolt|move: Sticky Web
|-unboost|p1a: Raging Bolt|spe|1
|turn|17
|
|t:|1757872954
|move|p2a: Iron Thorns|Dragon Dance|p2a: Iron Thorns
|-boost|p2a: Iron Thorns|atk|1
|-boost|p2a: Iron Thorns|spe|1
|move|p1a: Raging Bolt|Discharge|p2a: Iron Thorns
|-supereffective|p2a: Iron Thorns
|-damage|p2a: Iron Thorns|0 fnt
|faint|p2a: Iron Thorns
|-end|p2a: Iron Thorns|Quark Drive|[silent]
|
|upkeep
|
|t:|1757872966
|switch|p2a: Ribombee|Ribombee, F|53/100
|turn|18
|
|t:|1757872971
|move|p2a: Ribombee|Moonblast|p1a: Raging Bolt
|-damage|p1a: Raging Bolt|75/100
|move|p1a: Raging Bolt|Discharge|p2a: Ribombee
|-damage|p2a: Ribombee|0 fnt
|faint|p2a: Ribombee
|
|upkeep
|
|t:|1757872976
|switch|p2a: Mismagius|Mismagius, M|100/100
|turn|19
|
|t:|1757872989
|move|p2a: Mismagius|Nasty Plot|p2a: Mismagius
|-boost|p2a: Mismagius|spa|2
|move|p1a: Raging Bolt|Discharge|p2a: Mismagius
|-damage|p2a: Mismagius|41/100
|-status|p2a: Mismagius|par
|
|upkeep
|turn|20
|-message|Agnes_Tachy0n forfeited.
|
|win|nicolider
|raw|nicolider's rating: 1284 &rarr; <strong>1311</strong><br />(+27 for winning)
|raw|Agnes_Tachy0n's rating: 1305 &rarr; <strong>1284</strong><br />(-21 for losing)
|l|☆Agnes_Tachy0n
|player|p2|
|l|☆nicolider
|player|p1|
