|j|☆Ninfire
|j|☆naughtypult
|t:|1757910128
|gametype|singles
|player|p1|Ninfire|lucas|1641
|player|p2|naughtypult|blue|1683
|gen|9
|tier|[Gen 9] OU
|rated|
|rule|HP Percentage Mod: HP is shown in percentages
|rule|Endless Battle Clause: Forcing endless battles is banned
|rule|Species Clause: Limit one of each Pokémon
|rule|OHKO Clause: OHKO moves are banned
|rule|Evasion Items Clause: Evasion items are banned
|rule|Evasion Moves Clause: Evasion moves are banned
|rule|Evasion Abilities Clause: Evasion abilities are banned
|rule|Sleep Moves Clause: Sleep-inducing moves are banned
|clearpoke
|poke|p1|Lokix, M|
|poke|p1|Cinderace, M|
|poke|p1|Great Tusk|
|poke|p1|Alomomola, F|
|poke|p1|Enamorus, F|
|poke|p1|Slowking-Galar, M|
|poke|p2|Moltres|
|poke|p2|Gholdengo|
|poke|p2|Ting-Lu|
|poke|p2|Meowscarada, M|
|poke|p2|Dragonite, F|
|poke|p2|Slowking-Galar, F|
|teampreview
|
|t:|1757910142
|teamsize|p1|6
|teamsize|p2|6
|start
|switch|p1a: Cinderace|Cinderace, M|100/100
|switch|p2a: Moltres|Moltres|100/100
|turn|1
|inactive|Battle timer is ON: inactive players will automatically lose when time's up. (requested by Ninfire)
|
|t:|1757910152
|move|p1a: Cinderace|Pyro Ball|p2a: Moltres
|-resisted|p2a: Moltres
|-damage|p2a: Moltres|85/100
|move|p2a: Moltres|Flamethrower|p1a: Cinderace
|-resisted|p1a: Cinderace
|-damage|p1a: Cinderace|77/100
|
|upkeep
|turn|2
|
|t:|1757910157
|move|p1a: Cinderace|U-turn|p2a: Moltres
|-resisted|p2a: Moltres
|-crit|p2a: Moltres
|-damage|p2a: Moltres|81/100
|
|t:|1757910159
|switch|p1a: Alomomola|Alomomola, F|100/100|[from] U-turn
|move|p2a: Moltres|Flamethrower|p1a: Alomomola
|-resisted|p1a: Alomomola
|-damage|p1a: Alomomola|91/100
|
|upkeep
|turn|3
|
|t:|1757910165
|move|p2a: Moltres|Flamethrower|p1a: Alomomola
|-resisted|p1a: Alomomola
|-damage|p1a: Alomomola|82/100
|move|p1a: Alomomola|Flip Turn|p2a: Moltres
|-supereffective|p2a: Moltres
|-crit|p2a: Moltres
|-damage|p2a: Moltres|49/100
|
|t:|1757910169
|switch|p1a: Slowking|Slowking-Galar, M|100/100|[from] Flip Turn
|
|upkeep
|turn|4
|
|t:|1757910175
|switch|p2a: Slowking|Slowking-Galar, F|100/100
|move|p1a: Slowking|Future Sight|p2a: Slowking
|-start|p1a: Slowking|move: Future Sight
|
|upkeep
|turn|5
|
|t:|1757910180
|-prepare|p1a: Slowking|Chilly Reception|[premajor]
|move|p1a: Slowking|Chilly Reception|p1a: Slowking
|-weather|Snowscape
|
|t:|1757910188
|switch|p1a: Lokix|Lokix, M|100/100|[from] Chilly Reception
|-prepare|p2a: Slowking|Chilly Reception|[premajor]
|move|p2a: Slowking|Chilly Reception|p2a: Slowking
|
|t:|1757910193
|switch|p2a: Moltres|Moltres|49/100|[from] Chilly Reception
|
|-weather|Snowscape|[upkeep]
|upkeep
|turn|6
|
|t:|1757910197
|switch|p2a: Ting-Lu|Ting-Lu|100/100
|-ability|p2a: Ting-Lu|Vessel of Ruin
|move|p1a: Lokix|Knock Off|p2a: Ting-Lu
|-resisted|p2a: Ting-Lu
|-damage|p2a: Ting-Lu|67/100
|-enditem|p2a: Ting-Lu|Leftovers|[from] move: Knock Off|[of] p1a: Lokix
|
|-weather|Snowscape|[upkeep]
|-end|p2a: Ting-Lu|move: Future Sight
|-immune|p2a: Ting-Lu
|upkeep
|turn|7
|
|t:|1757910205
|switch|p1a: Alomomola|Alomomola, F|100/100
|move|p2a: Ting-Lu|Ruination|p1a: Alomomola
|-damage|p1a: Alomomola|50/100
|
|-weather|Snowscape|[upkeep]
|upkeep
|turn|8
|
|t:|1757910209
|move|p2a: Ting-Lu|Spikes|p1a: Alomomola
|-sidestart|p1: Ninfire|Spikes
|move|p1a: Alomomola|Flip Turn|p2a: Ting-Lu
|-supereffective|p2a: Ting-Lu
|-damage|p2a: Ting-Lu|51/100
|
|t:|1757910213
|switch|p1a: Cinderace|Cinderace, M|77/100|[from] Flip Turn
|
|-weather|Snowscape|[upkeep]
|upkeep
|turn|9
|
|t:|1757910217
|move|p1a: Cinderace|U-turn|p2a: Ting-Lu
|-supereffective|p2a: Ting-Lu
|-damage|p2a: Ting-Lu|35/100
|
|t:|1757910220
|switch|p1a: Alomomola|Alomomola, F|84/100|[from] U-turn
|-damage|p1a: Alomomola|71/100|[from] Spikes
|move|p2a: Ting-Lu|Earthquake|p1a: Alomomola
|-damage|p1a: Alomomola|42/100
|
|-weather|none
|upkeep
|turn|10
|
|t:|1757910236
|move|p2a: Ting-Lu|Earthquake|p1a: Alomomola
|-damage|p1a: Alomomola|13/100
|move|p1a: Alomomola|Flip Turn|p2a: Ting-Lu
|-supereffective|p2a: Ting-Lu
|-damage|p2a: Ting-Lu|20/100
|
|t:|1757910249
|switch|p1a: Enamorus|Enamorus, F|100/100|[from] Flip Turn
|
|upkeep
|turn|11
|
|t:|1757910256
|switch|p1a: Lokix|Lokix, M|100/100
|-damage|p1a: Lokix|88/100|[from] Spikes
|switch|p2a: Gholdengo|Gholdengo|100/100
|
|upkeep
|turn|12
|
|t:|1757910268
|switch|p1a: Alomomola|Alomomola, F|47/100
|-damage|p1a: Alomomola|34/100|[from] Spikes
|switch|p2a: Moltres|Moltres|49/100
|
|upkeep
|turn|13
|
|t:|1757910273
|move|p2a: Moltres|Roost|p2a: Moltres
|-heal|p2a: Moltres|99/100
|-singleturn|p2a: Moltres|move: Roost
|move|p1a: Alomomola|Flip Turn|p2a: Moltres
|-supereffective|p2a: Moltres
|-damage|p2a: Moltres|78/100
|
|t:|1757910279
|switch|p1a: Slowking|Slowking-Galar, M|100/100|[from] Flip Turn
|-damage|p1a: Slowking|88/100|[from] Spikes
|
|upkeep
|turn|14
|
|t:|1757910291
|move|p1a: Slowking|Ice Beam|p2a: Moltres
|-damage|p2a: Moltres|54/100
|move|p2a: Moltres|Roar|p1a: Slowking
|drag|p1a: Lokix|Lokix, M|88/100
|-damage|p1a: Lokix|76/100|[from] Spikes
|
|upkeep
|turn|15
|
|t:|1757910299
|switch|p1a: Alomomola|Alomomola, F|68/100
|-damage|p1a: Alomomola|55/100|[from] Spikes
|move|p2a: Moltres|Roost|p2a: Moltres
|-heal|p2a: Moltres|100/100
|-singleturn|p2a: Moltres|move: Roost
|
|upkeep
|turn|16
|
|t:|1757910309
|switch|p2a: Meowscarada|Meowscarada, M|100/100
|move|p1a: Alomomola|Flip Turn|p2a: Meowscarada
|-resisted|p2a: Meowscarada
|-damage|p2a: Meowscarada|88/100
|j| lakob
|
|t:|1757910322
|switch|p1a: Lokix|Lokix, M|76/100|[from] Flip Turn
|-damage|p1a: Lokix|64/100|[from] Spikes
|
|upkeep
|turn|17
|
|t:|1757910330
|switch|p2a: Moltres|Moltres|100/100
|switch|p1a: Slowking|Slowking-Galar, M|100/100
|-damage|p1a: Slowking|88/100|[from] Spikes
|
|upkeep
|turn|18
|j| heatraniac
|l| heatraniac
|
|t:|1757910339
|switch|p2a: Gholdengo|Gholdengo|100/100
|move|p1a: Slowking|Future Sight|p2a: Gholdengo
|-start|p1a: Slowking|move: Future Sight
|
|upkeep
|turn|19
|
|t:|1757910345
|switch|p1a: Alomomola|Alomomola, F|89/100
|-damage|p1a: Alomomola|76/100|[from] Spikes
|move|p2a: Gholdengo|Nasty Plot|p2a: Gholdengo
|-boost|p2a: Gholdengo|spa|2
|
|upkeep
|turn|20
|
|t:|1757910351
|move|p2a: Gholdengo|Shadow Ball|p1a: Alomomola
|-damage|p1a: Alomomola|40/100
|move|p1a: Alomomola|Mirror Coat|p2a: Gholdengo
|-damage|p2a: Gholdengo|0 fnt
|faint|p2a: Gholdengo
|
|-hint|Future Sight did not hit because the target is fainted.
|upkeep
|
|t:|1757910358
|switch|p2a: Meowscarada|Meowscarada, M|88/100
|turn|21
|
|t:|1757910364
|move|p2a: Meowscarada|Knock Off|p1a: Alomomola
|-start|p2a: Meowscarada|typechange|Dark|[from] ability: Protean
|-damage|p1a: Alomomola|4/100
|-enditem|p1a: Alomomola|Assault Vest|[from] move: Knock Off|[of] p2a: Meowscarada
|move|p1a: Alomomola|Body Slam|p2a: Meowscarada
|-crit|p2a: Meowscarada
|-damage|p2a: Meowscarada|55/100
|-status|p2a: Meowscarada|par
|
|upkeep
|turn|22
|c|☆naughtypult|lol
|
|t:|1757910374
|move|p1a: Alomomola|Aqua Jet|p2a: Meowscarada
|-damage|p2a: Meowscarada|36/100 par
|move|p2a: Meowscarada|Knock Off|p1a: Alomomola
|-damage|p1a: Alomomola|0 fnt
|faint|p1a: Alomomola
|
|upkeep
|
|t:|1757910380
|switch|p1a: Cinderace|Cinderace, M|77/100
|turn|23
|
|t:|1757910383
|move|p1a: Cinderace|Court Change|p1a: Cinderace
|-swapsideconditions
|-activate|p1a: Cinderace|move: Court Change
|move|p2a: Meowscarada|Knock Off|p1a: Cinderace
|-damage|p1a: Cinderace|25/100
|-enditem|p1a: Cinderace|Heavy-Duty Boots|[from] move: Knock Off|[of] p2a: Meowscarada
|
|upkeep
|turn|24
|
|t:|1757910388
|switch|p2a: Moltres|Moltres|100/100
|move|p1a: Cinderace|Pyro Ball|p2a: Moltres
|-resisted|p2a: Moltres
|-damage|p2a: Moltres|75/100
|
|upkeep
|turn|25
|
|t:|1757910397
|move|p1a: Cinderace|Pyro Ball|p2a: Moltres
|-resisted|p2a: Moltres
|-damage|p2a: Moltres|50/100
|move|p2a: Moltres|Flamethrower|p1a: Cinderace
|-resisted|p1a: Cinderace
|-damage|p1a: Cinderace|4/100
|
|upkeep
|turn|26
|
|t:|1757910405
|move|p1a: Cinderace|U-turn|p2a: Moltres
|-resisted|p2a: Moltres
|-damage|p2a: Moltres|47/100
|
|t:|1757910408
|switch|p1a: Slowking|Slowking-Galar, M|100/100|[from] U-turn
|move|p2a: Moltres|Roost|p2a: Moltres
|-heal|p2a: Moltres|97/100
|-singleturn|p2a: Moltres|move: Roost
|
|upkeep
|turn|27
|
|t:|1757910415
|switch|p2a: Slowking|Slowking-Galar, F|100/100
|move|p1a: Slowking|Ice Beam|p2a: Slowking
|-damage|p2a: Slowking|88/100
|
|upkeep
|turn|28
|
|t:|1757910418
|-prepare|p2a: Slowking|Chilly Reception|[premajor]
|move|p2a: Slowking|Chilly Reception|p2a: Slowking
|-weather|Snowscape
|j| Shucklepilled
|
|t:|1757910427
|switch|p2a: Meowscarada|Meowscarada, M|36/100 par|[from] Chilly Reception
|move|p1a: Slowking|Future Sight|p2a: Meowscarada
|-start|p1a: Slowking|move: Future Sight
|
|-weather|Snowscape|[upkeep]
|upkeep
|turn|29
|
|t:|1757910439
|cant|p2a: Meowscarada|par
|move|p1a: Slowking|Sludge Bomb|p2a: Meowscarada
|-supereffective|p2a: Meowscarada
|-damage|p2a: Meowscarada|0 fnt
|faint|p2a: Meowscarada
|
|-weather|Snowscape|[upkeep]
|upkeep
|
|t:|1757910442
|switch|p2a: Ting-Lu|Ting-Lu|20/100
|-damage|p2a: Ting-Lu|8/100|[from] Spikes
|-ability|p2a: Ting-Lu|Vessel of Ruin
|turn|30
|
|t:|1757910446
|move|p2a: Ting-Lu|Spikes|p1a: Slowking
|-sidestart|p1: Ninfire|Spikes
|move|p1a: Slowking|Ice Beam|p2a: Ting-Lu
|-supereffective|p2a: Ting-Lu
|-damage|p2a: Ting-Lu|0 fnt
|faint|p2a: Ting-Lu
|
|-weather|Snowscape|[upkeep]
|-hint|Future Sight did not hit because the target is fainted.
|upkeep
|
|t:|1757910457
|switch|p2a: Slowking|Slowking-Galar, F|100/100
|turn|31
|
|t:|1757910460
|move|p2a: Slowking|Ice Beam|p1a: Slowking
|-damage|p1a: Slowking|81/100
|move|p1a: Slowking|Future Sight|p2a: Slowking
|-start|p1a: Slowking|move: Future Sight
|
|-weather|Snowscape|[upkeep]
|upkeep
|turn|32
|
|t:|1757910465
|move|p2a: Slowking|Ice Beam|p1a: Slowking
|-damage|p1a: Slowking|63/100
|-prepare|p1a: Slowking|Chilly Reception|[premajor]
|move|p1a: Slowking|Chilly Reception|p1a: Slowking
|
|t:|1757910468
|switch|p1a: Lokix|Lokix, M|64/100|[from] Chilly Reception
|-damage|p1a: Lokix|51/100|[from] Spikes
|
|-weather|none
|upkeep
|turn|33
|
|t:|1757910472
|switch|p2a: Moltres|Moltres|97/100
|move|p1a: Lokix|Knock Off|p2a: Moltres
|-crit|p2a: Moltres
|-damage|p2a: Moltres|26/100
|-enditem|p2a: Moltres|Heavy-Duty Boots|[from] move: Knock Off|[of] p1a: Lokix
|
|-end|p2a: Moltres|move: Future Sight
|-damage|p2a: Moltres|0 fnt
|faint|p2a: Moltres
|upkeep
|
|t:|1757910484
|switch|p2a: Dragonite|Dragonite, F|100/100
|turn|34
|
|t:|1757910488
|move|p1a: Lokix|Knock Off|p2a: Dragonite
|-damage|p2a: Dragonite|59/100
|-enditem|p2a: Dragonite|Heavy-Duty Boots|[from] move: Knock Off|[of] p1a: Lokix
|move|p2a: Dragonite|Dragon Dance|p2a: Dragonite
|-boost|p2a: Dragonite|atk|1
|-boost|p2a: Dragonite|spe|1
|
|upkeep
|turn|35
|
|t:|1757910497
|move|p2a: Dragonite|Ice Spinner|p1a: Lokix
|-damage|p1a: Lokix|0 fnt
|faint|p1a: Lokix
|
|upkeep
|
|t:|1757910502
|switch|p1a: Enamorus|Enamorus, F|100/100
|turn|36
|
|t:|1757910513
|switch|p1a: Cinderace|Cinderace, M|4/100
|-damage|p1a: Cinderace|0 fnt|[from] Spikes
|faint|p1a: Cinderace
|-terastallize|p2a: Dragonite|Fire
|move|p2a: Dragonite|Dragon Dance|p2a: Dragonite
|-boost|p2a: Dragonite|atk|1
|-boost|p2a: Dragonite|spe|1
|
|upkeep
|
|t:|1757910519
|switch|p1a: Enamorus|Enamorus, F|100/100
|turn|37
|
|t:|1757910526
|-terastallize|p1a: Enamorus|Stellar
|move|p2a: Dragonite|Ice Spinner|p1a: Enamorus
|-supereffective|p1a: Enamorus
|-damage|p1a: Enamorus|0 fnt
|faint|p1a: Enamorus
|
|upkeep
|
|t:|1757910533
|switch|p1a: Great Tusk|Great Tusk|100/100
|-damage|p1a: Great Tusk|88/100|[from] Spikes
|turn|38
|
|t:|1757910535
|move|p2a: Dragonite|Ice Spinner|p1a: Great Tusk
|-supereffective|p1a: Great Tusk
|-damage|p1a: Great Tusk|17/100
|move|p1a: Great Tusk|Earthquake|p2a: Dragonite
|-supereffective|p2a: Dragonite
|-damage|p2a: Dragonite|0 fnt
|faint|p2a: Dragonite
|
|-heal|p1a: Great Tusk|23/100|[from] item: Leftovers
|upkeep
|
|t:|1757910541
|switch|p2a: Slowking|Slowking-Galar, F|100/100
|turn|39
|
|t:|1757910546
|move|p1a: Great Tusk|Earthquake|p2a: Slowking
|-supereffective|p2a: Slowking
|-damage|p2a: Slowking|15/100
|move|p2a: Slowking|Psychic Noise|p1a: Great Tusk
|-supereffective|p1a: Great Tusk
|-damage|p1a: Great Tusk|0 fnt
|faint|p1a: Great Tusk
|-end|p1a: Great Tusk|Protosynthesis|[silent]
|
|upkeep
|
|t:|1757910549
|switch|p1a: Slowking|Slowking-Galar, M|97/100
|-damage|p1a: Slowking|84/100|[from] Spikes
|turn|40
|
|t:|1757910551
|move|p1a: Slowking|Ice Beam|p2a: Slowking
|-damage|p2a: Slowking|3/100
|move|p2a: Slowking|Psychic Noise|p1a: Slowking
|-crit|p1a: Slowking
|-damage|p1a: Slowking|50/100
|-start|p1a: Slowking|move: Heal Block
|
|upkeep
|turn|41
|
|t:|1757910556
|move|p1a: Slowking|Ice Beam|p2a: Slowking
|-damage|p2a: Slowking|0 fnt
|faint|p2a: Slowking
|
|win|Ninfire
|raw|Ninfire's rating: 1641 &rarr; <strong>1663</strong><br />(+22 for winning)
|raw|naughtypult's rating: 1683 &rarr; <strong>1661</strong><br />(-22 for losing)
|l|☆Ninfire
|player|p1|
|l|☆naughtypult
|player|p2|
|l| Shucklepilled
|l| lakob
