|j|☆KevKaichi/RDT
|j|☆PkScept
|t:|1757849454
|gametype|singles
|player|p1|KevKaichi/RDT|blackbelt-gen4dp|1343
|player|p2|PkScept|169|1342
|gen|9
|tier|[Gen 9] OU
|rated|
|rule|HP Percentage Mod: HP is shown in percentages
|rule|Endless Battle Clause: Forcing endless battles is banned
|rule|Species Clause: Limit one of each Pokémon
|rule|OHKO Clause: OHKO moves are banned
|rule|Evasion Items Clause: Evasion items are banned
|rule|Evasion Moves Clause: Evasion moves are banned
|rule|Evasion Abilities Clause: Evasion abilities are banned
|rule|Sleep Moves Clause: Sleep-inducing moves are banned
|clearpoke
|poke|p1|Ting-Lu|
|poke|p1|Gholdengo|
|poke|p1|Kingambit, F|
|poke|p1|Dragonite, M|
|poke|p1|Scizor, F|
|poke|p1|Comfey, M|
|poke|p2|Venomoth, F|
|poke|p2|Alomomola, M|
|poke|p2|Corviknight, F|
|poke|p2|Rillaboom, M|
|poke|p2|Slowking-Galar, M|
|poke|p2|Hawlucha, M|
|teampreview
|inactive|Battle timer is ON: inactive players will automatically lose when time's up. (requested by KevKaichi/RDT)
|
|t:|1757849482
|teamsize|p1|6
|teamsize|p2|6
|start
|switch|p1a: Ting-Lu|Ting-Lu|100/100
|switch|p2a: Mephistus|Slowking-Galar, M|100/100
|-ability|p1a: Ting-Lu|Vessel of Ruin
|turn|1
|
|t:|1757849491
|move|p1a: Ting-Lu|Ruination|p2a: Mephistus
|-damage|p2a: Mephistus|50/100
|move|p2a: Mephistus|Toxic|p1a: Ting-Lu
|-status|p1a: Ting-Lu|tox
|
|-damage|p1a: Ting-Lu|94/100 tox|[from] psn
|upkeep
|turn|2
|
|t:|1757849502
|switch|p2a: Raven|Corviknight, F|100/100
|-ability|p2a: Raven|Pressure
|move|p1a: Ting-Lu|Ruination|p2a: Raven
|-damage|p2a: Raven|51/100
|
|-heal|p1a: Ting-Lu|100/100 tox|[from] item: Leftovers
|-damage|p1a: Ting-Lu|88/100 tox|[from] psn
|upkeep
|turn|3
|
|t:|1757849509
|move|p2a: Raven|Body Press|p1a: Ting-Lu
|-supereffective|p1a: Ting-Lu
|-damage|p1a: Ting-Lu|65/100 tox
|move|p1a: Ting-Lu|Earthquake|p2a: Raven
|-immune|p2a: Raven
|
|-heal|p1a: Ting-Lu|71/100 tox|[from] item: Leftovers
|-damage|p1a: Ting-Lu|52/100 tox|[from] psn
|upkeep
|turn|4
|
|t:|1757849513
|move|p2a: Raven|Roost|p2a: Raven
|-heal|p2a: Raven|100/100
|-singleturn|p2a: Raven|move: Roost
|move|p1a: Ting-Lu|Whirlwind|p2a: Raven
|drag|p2a: Venomoth|Venomoth, F, shiny|100/100
|
|-heal|p1a: Ting-Lu|58/100 tox|[from] item: Leftovers
|-damage|p1a: Ting-Lu|34/100 tox|[from] psn
|upkeep
|turn|5
|
|t:|1757849520
|move|p2a: Venomoth|Bug Buzz|p1a: Ting-Lu
|-supereffective|p1a: Ting-Lu
|-damage|p1a: Ting-Lu|0 fnt
|faint|p1a: Ting-Lu
|
|upkeep
|
|t:|1757849533
|switch|p1a: Comfey|Comfey, M|100/100
|turn|6
|
|t:|1757849539
|move|p2a: Venomoth|Sludge Bomb|p1a: Comfey
|-supereffective|p1a: Comfey
|-damage|p1a: Comfey|18/100
|move|p1a: Comfey|Calm Mind|p1a: Comfey
|-boost|p1a: Comfey|spa|1
|-boost|p1a: Comfey|spd|1
|
|upkeep
|turn|7
|
|t:|1757849545
|-terastallize|p1a: Comfey|Steel
|move|p2a: Venomoth|Bug Buzz|p1a: Comfey
|-resisted|p1a: Comfey
|-damage|p1a: Comfey|0 fnt
|faint|p1a: Comfey
|
|upkeep
|
|t:|1757849551
|switch|p1a: Scizor|Scizor, F|100/100
|turn|8
|
|t:|1757849555
|switch|p2a: Maho|Alomomola, M|100/100
|move|p1a: Scizor|Swords Dance|p1a: Scizor
|-boost|p1a: Scizor|atk|2
|
|upkeep
|turn|9
|
|t:|1757849561
|move|p1a: Scizor|Focus Energy|p1a: Scizor
|-start|p1a: Scizor|move: Focus Energy
|move|p2a: Maho|Scald|p1a: Scizor
|-damage|p1a: Scizor|84/100
|
|upkeep
|turn|10
|
|t:|1757849575
|move|p1a: Scizor|Swords Dance|p1a: Scizor
|-boost|p1a: Scizor|atk|2
|move|p2a: Maho|Scald|p1a: Scizor
|-damage|p1a: Scizor|65/100
|-status|p1a: Scizor|brn
|
|-damage|p1a: Scizor|59/100 brn|[from] brn
|upkeep
|turn|11
|
|t:|1757849586
|move|p1a: Scizor|Swords Dance|p1a: Scizor
|-boost|p1a: Scizor|atk|2
|move|p2a: Maho|Flip Turn|p1a: Scizor
|-damage|p1a: Scizor|37/100 brn
|
|t:|1757849589
|switch|p2a: Raven|Corviknight, F|100/100|[from] Flip Turn
|-ability|p2a: Raven|Pressure
|
|-damage|p1a: Scizor|31/100 brn|[from] brn
|upkeep
|turn|12
|
|t:|1757849593
|move|p1a: Scizor|Knock Off|p2a: Raven
|-crit|p2a: Raven
|-damage|p2a: Raven|33/100
|-damage|p1a: Scizor|15/100 brn|[from] item: Rocky Helmet|[of] p2a: Raven
|-enditem|p2a: Raven|Rocky Helmet|[from] move: Knock Off|[of] p1a: Scizor
|move|p2a: Raven|Body Press|p1a: Scizor
|-damage|p1a: Scizor|0 fnt
|faint|p1a: Scizor
|
|upkeep
|-message|KevKaichi/RDT forfeited.
|
|win|PkScept
|raw|KevKaichi&#x2f;RDT's rating: 1343 &rarr; <strong>1323</strong><br />(-20 for losing)
|raw|PkScept's rating: 1342 &rarr; <strong>1362</strong><br />(+20 for winning)
|l|☆KevKaichi/RDT
|player|p1|
|l|☆PkScept
|player|p2|
