|j|☆diav
|j|☆der grosse z
|t:|1757924164
|gametype|singles
|player|p1|diav|artist-gen4|1507
|player|p2|der grosse z|gambler|1519
|gen|9
|tier|[Gen 9] OU
|rated|
|rule|HP Percentage Mod: HP is shown in percentages
|rule|Endless Battle Clause: Forcing endless battles is banned
|rule|Species Clause: Limit one of each Pokémon
|rule|OHKO Clause: OHKO moves are banned
|rule|Evasion Items Clause: Evasion items are banned
|rule|Evasion Moves Clause: Evasion moves are banned
|rule|Evasion Abilities Clause: Evasion abilities are banned
|rule|Sleep Moves Clause: Sleep-inducing moves are banned
|clearpoke
|poke|p1|Pelipper, M|
|poke|p1|Iron Treads|
|poke|p1|Hydrapple, F|
|poke|p1|Barraskewda, M|
|poke|p1|Raging Bolt|
|poke|p1|Frosmoth, F|
|poke|p2|Dragonite, M|
|poke|p2|Darkrai|
|poke|p2|Ogerpon-Wellspring, F|
|poke|p2|Ting-Lu|
|poke|p2|Great Tusk|
|poke|p2|Slowking-Galar, L99, F|
|teampreview
|inactive|Battle timer is ON: inactive players will automatically lose when time's up. (requested by diav)
|
|t:|1757924172
|teamsize|p1|6
|teamsize|p2|6
|start
|switch|p1a: Pelipper|Pelipper, M|100/100
|switch|p2a: Slowking|Slowking-Galar, L99, F|100/100
|-weather|RainDance|[from] ability: Drizzle|[of] p1a: Pelipper
|turn|1
|
|t:|1757924175
|move|p1a: Pelipper|Knock Off|p2a: Slowking
|-supereffective|p2a: Slowking
|-damage|p2a: Slowking|75/100
|-enditem|p2a: Slowking|Heavy-Duty Boots|[from] move: Knock Off|[of] p1a: Pelipper
|-prepare|p2a: Slowking|Chilly Reception|[premajor]
|move|p2a: Slowking|Chilly Reception|p2a: Slowking
|-weather|Snowscape
|
|t:|1757924179
|switch|p2a: Ting-Lu|Ting-Lu|100/100|[from] Chilly Reception
|-ability|p2a: Ting-Lu|Vessel of Ruin
|
|-weather|Snowscape|[upkeep]
|upkeep
|turn|2
|
|t:|1757924183
|move|p1a: Pelipper|U-turn|p2a: Ting-Lu
|-supereffective|p2a: Ting-Lu
|-damage|p2a: Ting-Lu|90/100
|
|t:|1757924185
|switch|p1a: Hydrapple|Hydrapple, F|100/100|[from] U-turn
|move|p2a: Ting-Lu|Stealth Rock|p1a: Hydrapple
|-sidestart|p1: diav|move: Stealth Rock
|
|-weather|Snowscape|[upkeep]
|-heal|p2a: Ting-Lu|96/100|[from] item: Leftovers
|upkeep
|turn|3
|
|t:|1757924192
|switch|p2a: Slowking|Slowking-Galar, L99, F|100/100
|move|p1a: Hydrapple|Nasty Plot|p1a: Hydrapple
|-boost|p1a: Hydrapple|spa|2
|
|-weather|Snowscape|[upkeep]
|upkeep
|turn|4
|
|t:|1757924196
|move|p1a: Hydrapple|Fickle Beam|p2a: Slowking
|-damage|p2a: Slowking|61/100
|move|p2a: Slowking|Sludge Bomb|p1a: Hydrapple
|-supereffective|p1a: Hydrapple
|-damage|p1a: Hydrapple|34/100
|-status|p1a: Hydrapple|psn
|
|-weather|Snowscape|[upkeep]
|-damage|p1a: Hydrapple|22/100 psn|[from] psn
|upkeep
|turn|5
|
|t:|1757924200
|move|p1a: Hydrapple|Earth Power|p2a: Slowking
|-supereffective|p2a: Slowking
|-damage|p2a: Slowking|4/100
|-unboost|p2a: Slowking|spd|1
|-prepare|p2a: Slowking|Chilly Reception|[premajor]
|move|p2a: Slowking|Chilly Reception|p2a: Slowking
|
|t:|1757924206
|switch|p2a: Great Tusk|Great Tusk|100/100|[from] Chilly Reception
|
|-weather|none
|-damage|p1a: Hydrapple|9/100 psn|[from] psn
|upkeep
|turn|6
|
|t:|1757924213
|switch|p1a: Iron Treads|Iron Treads|100/100
|-damage|p1a: Iron Treads|98/100|[from] Stealth Rock
|move|p2a: Great Tusk|Rapid Spin|p1a: Iron Treads
|-resisted|p1a: Iron Treads
|-damage|p1a: Iron Treads|90/100
|-boost|p2a: Great Tusk|spe|1
|
|upkeep
|turn|7
|
|t:|1757924216
|-end|p1a: Iron Treads|Quark Drive|[silent]
|switch|p1a: Pelipper|Pelipper, M|100/100
|-damage|p1a: Pelipper|76/100|[from] Stealth Rock
|-weather|RainDance|[from] ability: Drizzle|[of] p1a: Pelipper
|move|p2a: Great Tusk|Rapid Spin|p1a: Pelipper
|-crit|p1a: Pelipper
|-damage|p1a: Pelipper|51/100
|-boost|p2a: Great Tusk|spe|1
|
|-weather|RainDance|[upkeep]
|upkeep
|turn|8
|j| heatraniac
|
|t:|1757924231
|-end|p2a: Great Tusk|Protosynthesis|[silent]
|switch|p2a: Slowking|Slowking-Galar, L99, F|37/100
|move|p1a: Pelipper|U-turn|p2a: Slowking
|-damage|p2a: Slowking|27/100
|
|t:|1757924245
|switch|p1a: Frosmoth|Frosmoth, F|100/100|[from] U-turn
|
|-weather|RainDance|[upkeep]
|upkeep
|turn|9
|
|t:|1757924249
|move|p1a: Frosmoth|Quiver Dance|p1a: Frosmoth
|-boost|p1a: Frosmoth|spa|1
|-boost|p1a: Frosmoth|spd|1
|-boost|p1a: Frosmoth|spe|1
|move|p2a: Slowking|Thunder Wave|p1a: Frosmoth
|-status|p1a: Frosmoth|par
|
|-weather|RainDance|[upkeep]
|upkeep
|turn|10
|
|t:|1757924253
|switch|p2a: Ting-Lu|Ting-Lu|96/100
|-ability|p2a: Ting-Lu|Vessel of Ruin
|move|p1a: Frosmoth|Quiver Dance|p1a: Frosmoth
|-boost|p1a: Frosmoth|spa|1
|-boost|p1a: Frosmoth|spd|1
|-boost|p1a: Frosmoth|spe|1
|
|-weather|RainDance|[upkeep]
|-heal|p2a: Ting-Lu|100/100|[from] item: Leftovers
|upkeep
|turn|11
|
|t:|1757924265
|move|p1a: Frosmoth|Ice Beam|p2a: Ting-Lu
|-supereffective|p2a: Ting-Lu
|-damage|p2a: Ting-Lu|18/100
|move|p2a: Ting-Lu|Whirlwind|p1a: Frosmoth
|drag|p1a: Hydrapple|Hydrapple, F|43/100 psn
|-damage|p1a: Hydrapple|30/100 psn|[from] Stealth Rock
|
|-weather|RainDance|[upkeep]
|-heal|p2a: Ting-Lu|25/100|[from] item: Leftovers
|-damage|p1a: Hydrapple|18/100 psn|[from] psn
|upkeep
|turn|12
|
|t:|1757924277
|switch|p2a: Slowking|Slowking-Galar, L99, F|61/100
|switch|p1a: Frosmoth|Frosmoth, F|100/100 par
|
|-weather|RainDance|[upkeep]
|upkeep
|turn|13
|
|t:|1757924288
|switch|p2a: Ogerpon|Ogerpon-Wellspring, F|100/100
|move|p1a: Frosmoth|Bug Buzz|p2a: Ogerpon
|-supereffective|p2a: Ogerpon
|-damage|p2a: Ogerpon|0 fnt
|faint|p2a: Ogerpon
|
|-weather|RainDance|[upkeep]
|upkeep
|
|t:|1757924296
|switch|p2a: Great Tusk|Great Tusk|100/100
|turn|14
|
|t:|1757924300
|move|p2a: Great Tusk|Close Combat|p1a: Frosmoth
|-damage|p1a: Frosmoth|0 fnt
|-unboost|p2a: Great Tusk|def|1
|-unboost|p2a: Great Tusk|spd|1
|faint|p1a: Frosmoth
|
|-weather|none
|upkeep
|
|t:|1757924306
|switch|p1a: Barraskewda|Barraskewda, M|100/100
|-damage|p1a: Barraskewda|88/100|[from] Stealth Rock
|turn|15
|
|t:|1757924311
|-end|p2a: Great Tusk|Protosynthesis|[silent]
|switch|p2a: Ting-Lu|Ting-Lu|25/100
|-ability|p2a: Ting-Lu|Vessel of Ruin
|-terastallize|p1a: Barraskewda|Water
|move|p1a: Barraskewda|Flip Turn|p2a: Ting-Lu
|-supereffective|p2a: Ting-Lu
|-damage|p2a: Ting-Lu|0 fnt
|faint|p2a: Ting-Lu
|
|t:|1757924313
|switch|p1a: Pelipper|Pelipper, M|51/100|[from] Flip Turn
|-damage|p1a: Pelipper|26/100|[from] Stealth Rock
|-weather|RainDance|[from] ability: Drizzle|[of] p1a: Pelipper
|
|-weather|RainDance|[upkeep]
|upkeep
|
|t:|1757924317
|switch|p2a: Slowking|Slowking-Galar, L99, F|94/100
|turn|16
|
|t:|1757924320
|move|p1a: Pelipper|U-turn|p2a: Slowking
|-crit|p2a: Slowking
|-damage|p2a: Slowking|80/100
|
|t:|1757924321
|switch|p1a: Hydrapple|Hydrapple, F|51/100 psn|[from] U-turn
|-damage|p1a: Hydrapple|39/100 psn|[from] Stealth Rock
|-prepare|p2a: Slowking|Chilly Reception|[premajor]
|move|p2a: Slowking|Chilly Reception|p2a: Slowking
|-weather|Snowscape
|
|t:|1757924332
|switch|p2a: Darkrai|Darkrai|100/100|[from] Chilly Reception
|
|-weather|Snowscape|[upkeep]
|-damage|p1a: Hydrapple|26/100 psn|[from] psn
|upkeep
|turn|17
|
|t:|1757924340
|move|p2a: Darkrai|Dark Pulse|p1a: Hydrapple
|-damage|p1a: Hydrapple|0 fnt
|faint|p1a: Hydrapple
|
|-weather|Snowscape|[upkeep]
|upkeep
|
|t:|1757924343
|switch|p1a: Iron Treads|Iron Treads|90/100
|-damage|p1a: Iron Treads|87/100|[from] Stealth Rock
|turn|18
|
|t:|1757924348
|switch|p2a: Great Tusk|Great Tusk|100/100
|move|p1a: Iron Treads|Rapid Spin|p2a: Great Tusk
|-damage|p2a: Great Tusk|90/100
|-boost|p1a: Iron Treads|spe|1
|-sideend|p1: diav|Stealth Rock|[from] move: Rapid Spin|[of] p1a: Iron Treads
|
|-weather|Snowscape|[upkeep]
|upkeep
|turn|19
|
|t:|1757924351
|move|p1a: Iron Treads|Ice Spinner|p2a: Great Tusk
|-supereffective|p2a: Great Tusk
|-crit|p2a: Great Tusk
|-damage|p2a: Great Tusk|43/100
|move|p2a: Great Tusk|Rapid Spin|p1a: Iron Treads
|-resisted|p1a: Iron Treads
|-damage|p1a: Iron Treads|80/100
|-boost|p2a: Great Tusk|spe|1
|
|-weather|Snowscape|[upkeep]
|upkeep
|turn|20
|
|t:|1757924359
|-end|p1a: Iron Treads|Quark Drive|[silent]
|switch|p1a: Pelipper|Pelipper, M|26/100
|-weather|RainDance|[from] ability: Drizzle|[of] p1a: Pelipper
|move|p2a: Great Tusk|Headlong Rush|p1a: Pelipper
|-immune|p1a: Pelipper
|
|-weather|RainDance|[upkeep]
|upkeep
|turn|21
|
|t:|1757924365
|move|p2a: Great Tusk|Ice Spinner|p1a: Pelipper
|-damage|p1a: Pelipper|0 fnt
|faint|p1a: Pelipper
|
|-weather|RainDance|[upkeep]
|upkeep
|
|t:|1757924367
|switch|p1a: Barraskewda|Barraskewda, M, tera:Water|88/100
|turn|22
|
|t:|1757924371
|move|p1a: Barraskewda|Liquidation|p2a: Great Tusk
|-supereffective|p2a: Great Tusk
|-damage|p2a: Great Tusk|0 fnt
|faint|p2a: Great Tusk
|-end|p2a: Great Tusk|Protosynthesis|[silent]
|
|-weather|RainDance|[upkeep]
|upkeep
|
|t:|1757924373
|switch|p2a: Dragonite|Dragonite, M|100/100
|turn|23
|
|t:|1757924375
|move|p1a: Barraskewda|Liquidation|p2a: Dragonite
|-resisted|p2a: Dragonite
|-damage|p2a: Dragonite|61/100
|-unboost|p2a: Dragonite|def|1
|move|p2a: Dragonite|Dragon Dance|p2a: Dragonite
|-boost|p2a: Dragonite|atk|1
|-boost|p2a: Dragonite|spe|1
|
|-weather|RainDance|[upkeep]
|upkeep
|turn|24
|
|t:|1757924378
|-terastallize|p2a: Dragonite|Normal
|move|p2a: Dragonite|Extreme Speed|p1a: Barraskewda
|-damage|p1a: Barraskewda|0 fnt
|faint|p1a: Barraskewda
|
|-weather|RainDance|[upkeep]
|upkeep
|
|t:|1757924382
|switch|p1a: Raging Bolt|Raging Bolt|100/100
|turn|25
|
|t:|1757924396
|move|p2a: Dragonite|Earthquake|p1a: Raging Bolt
|-supereffective|p1a: Raging Bolt
|-damage|p1a: Raging Bolt|0 fnt
|faint|p1a: Raging Bolt
|-end|p1a: Raging Bolt|Protosynthesis|[silent]
|
|-weather|RainDance|[upkeep]
|upkeep
|-message|diav forfeited.
|
|win|der grosse z
|raw|diav's rating: 1507 &rarr; <strong>1488</strong><br />(-19 for losing)
|raw|der grosse z's rating: 1519 &rarr; <strong>1538</strong><br />(+19 for winning)
|l|☆diav
|player|p1|
|l|☆der grosse z
|player|p2|
