|j|☆melf001
|j|☆XenRenTen
|t:|1757835377
|gametype|singles
|player|p1|melf001|cynthia-gen4|1476
|player|p2|XenRenTen|2|1513
|gen|9
|tier|[Gen 9] OU
|rated|
|rule|HP Percentage Mod: HP is shown in percentages
|rule|Endless Battle Clause: Forcing endless battles is banned
|rule|Species Clause: Limit one of each Pokémon
|rule|OHKO Clause: OHKO moves are banned
|rule|Evasion Items Clause: Evasion items are banned
|rule|Evasion Moves Clause: Evasion moves are banned
|rule|Evasion Abilities Clause: Evasion abilities are banned
|rule|Sleep Moves Clause: Sleep-inducing moves are banned
|clearpoke
|poke|p1|Dragonite, F|
|poke|p1|Glimmora, F|
|poke|p1|Sinistcha-Masterpiece|
|poke|p1|Great Tusk|
|poke|p1|Iron Moth|
|poke|p1|Walking Wake|
|poke|p2|Dragapult, M|
|poke|p2|Great Tusk|
|poke|p2|Heatran, F|
|poke|p2|Iron Hands|
|poke|p2|Iron Crown|
|poke|p2|Ogerpon-Wellspring, F|
|teampreview
|inactive|Battle timer is ON: inactive players will automatically lose when time's up. (requested by melf001)
|inactive|XenRenTen has 120 seconds left.
|
|t:|1757835417
|teamsize|p1|6
|teamsize|p2|6
|start
|switch|p1a: Iron Moth|Iron Moth, shiny|100/100
|switch|p2a: Dragapult|Dragapult, M|100/100
|-enditem|p1a: Iron Moth|Booster Energy
|-activate|p1a: Iron Moth|ability: Quark Drive|[fromitem]
|-start|p1a: Iron Moth|quarkdrivespe
|turn|1
|
|t:|1757835427
|switch|p2a: Heatran|Heatran, F|100/100
|-item|p2a: Heatran|Air Balloon
|-terastallize|p1a: Iron Moth|Fairy
|move|p1a: Iron Moth|Fiery Dance|p2a: Heatran
|-start|p2a: Heatran|ability: Flash Fire
|
|upkeep
|turn|2
|
|t:|1757835439
|-end|p1a: Iron Moth|Quark Drive|[silent]
|switch|p1a: Dragonite|Dragonite, F|100/100
|move|p2a: Heatran|Flamethrower|p1a: Dragonite
|-resisted|p1a: Dragonite
|-damage|p1a: Dragonite|84/100
|
|upkeep
|turn|3
|
|t:|1757835445
|move|p1a: Dragonite|Extreme Speed|p2a: Heatran
|-resisted|p2a: Heatran
|-damage|p2a: Heatran|83/100
|-enditem|p2a: Heatran|Air Balloon
|move|p2a: Heatran|Will-O-Wisp|p1a: Dragonite
|-status|p1a: Dragonite|brn
|
|-damage|p1a: Dragonite|78/100 brn|[from] brn
|upkeep
|turn|4
|
|t:|1757835454
|-end|p2a: Heatran|ability: Flash Fire|[silent]
|switch|p2a: Dragapult|Dragapult, M|100/100
|move|p1a: Dragonite|Earthquake|p2a: Dragapult
|-damage|p2a: Dragapult|69/100
|
|-damage|p1a: Dragonite|72/100 brn|[from] brn
|upkeep
|turn|5
|
|t:|1757835463
|move|p2a: Dragapult|Shadow Ball|p1a: Dragonite
|-damage|p1a: Dragonite|36/100 brn
|-damage|p2a: Dragapult|59/100|[from] item: Life Orb
|move|p1a: Dragonite|Ice Spinner|p2a: Dragapult
|-supereffective|p2a: Dragapult
|-damage|p2a: Dragapult|6/100
|
|-damage|p1a: Dragonite|30/100 brn|[from] brn
|upkeep
|turn|6
|
|t:|1757835473
|move|p2a: Dragapult|Shadow Ball|p1a: Dragonite
|-damage|p1a: Dragonite|0 fnt
|faint|p1a: Dragonite
|-damage|p2a: Dragapult|0 fnt|[from] item: Life Orb
|faint|p2a: Dragapult
|
|upkeep
|
|t:|1757835486
|switch|p2a: Iron Crown|Iron Crown|100/100
|switch|p1a: Walking Wake|Walking Wake|100/100
|-enditem|p1a: Walking Wake|Booster Energy
|-activate|p1a: Walking Wake|ability: Protosynthesis|[fromitem]
|-start|p1a: Walking Wake|protosynthesisspe
|turn|7
|
|t:|1757835492
|move|p1a: Walking Wake|Flamethrower|p2a: Iron Crown
|-supereffective|p2a: Iron Crown
|-damage|p2a: Iron Crown|67/100
|move|p2a: Iron Crown|Future Sight|p1a: Walking Wake
|-start|p2a: Iron Crown|move: Future Sight
|
|upkeep
|turn|8
|
|t:|1757835499
|move|p1a: Walking Wake|Flamethrower|p2a: Iron Crown
|-supereffective|p2a: Iron Crown
|-damage|p2a: Iron Crown|36/100
|move|p2a: Iron Crown|Volt Switch|p1a: Walking Wake
|-damage|p1a: Walking Wake|73/100
|
|t:|1757835511
|-end|p2a: Iron Crown|Quark Drive|[silent]
|switch|p2a: Iron Hands|Iron Hands|100/100|[from] Volt Switch
|
|upkeep
|turn|9
|
|t:|1757835531
|move|p1a: Walking Wake|Surf|p2a: Iron Hands
|-damage|p2a: Iron Hands|58/100
|move|p2a: Iron Hands|Thunder Punch|p1a: Walking Wake
|-crit|p1a: Walking Wake
|-damage|p1a: Walking Wake|0 fnt
|faint|p1a: Walking Wake
|-end|p1a: Walking Wake|Protosynthesis|[silent]
|
|-hint|Future Sight did not hit because the target is fainted.
|upkeep
|
|t:|1757835533
|switch|p1a: Glimmora|Glimmora, F, shiny|100/100
|turn|10
|
|t:|1757835546
|-end|p2a: Iron Hands|Quark Drive|[silent]
|switch|p2a: Ogerpon|Ogerpon-Wellspring, F|100/100
|move|p1a: Glimmora|Stealth Rock|p2a: Ogerpon
|-sidestart|p2: XenRenTen|move: Stealth Rock
|
|upkeep
|turn|11
|
|t:|1757835550
|move|p2a: Ogerpon|Encore|p1a: Glimmora
|-start|p1a: Glimmora|Encore
|move|p1a: Glimmora|Stealth Rock||[still]
|-fail|p1a: Glimmora
|
|upkeep
|turn|12
|
|t:|1757835556
|switch|p1a: Sinistcha|Sinistcha-Masterpiece|100/100
|move|p2a: Ogerpon|Swords Dance|p2a: Ogerpon
|-boost|p2a: Ogerpon|atk|2
|
|upkeep
|turn|13
|
|t:|1757835564
|move|p2a: Ogerpon|Swords Dance|p2a: Ogerpon
|-boost|p2a: Ogerpon|atk|2
|move|p1a: Sinistcha|Strength Sap|p2a: Ogerpon
|-unboost|p2a: Ogerpon|atk|1
|
|upkeep
|turn|14
|
|t:|1757835577
|move|p2a: Ogerpon|Encore|p1a: Sinistcha
|-start|p1a: Sinistcha|Encore
|move|p1a: Sinistcha|Strength Sap|p2a: Ogerpon
|-unboost|p2a: Ogerpon|atk|1
|
|upkeep
|turn|15
|
|t:|1757835583
|switch|p2a: Iron Crown|Iron Crown|36/100
|-damage|p2a: Iron Crown|30/100|[from] Stealth Rock
|switch|p1a: Glimmora|Glimmora, F, shiny|100/100
|
|upkeep
|turn|16
|
|t:|1757835593
|switch|p1a: Iron Moth|Iron Moth, shiny, tera:Fairy|100/100
|move|p2a: Iron Crown|Tachyon Cutter|p1a: Iron Moth
|-supereffective|p1a: Iron Moth
|-damage|p1a: Iron Moth|55/100
|-supereffective|p1a: Iron Moth
|-damage|p1a: Iron Moth|7/100
|-hitcount|p1a: Iron Moth|2
|
|upkeep
|turn|17
|
|t:|1757835600
|move|p1a: Iron Moth|Fiery Dance|p2a: Iron Crown
|-supereffective|p2a: Iron Crown
|-damage|p2a: Iron Crown|0 fnt
|faint|p2a: Iron Crown
|-end|p2a: Iron Crown|Quark Drive|[silent]
|
|upkeep
|
|t:|1757835607
|switch|p2a: Heatran|Heatran, F|83/100
|-damage|p2a: Heatran|71/100|[from] Stealth Rock
|turn|18
|
|t:|1757835615
|move|p1a: Iron Moth|Dazzling Gleam|p2a: Heatran
|-resisted|p2a: Heatran
|-damage|p2a: Heatran|61/100
|move|p2a: Heatran|Flash Cannon|p1a: Iron Moth
|-supereffective|p1a: Iron Moth
|-damage|p1a: Iron Moth|0 fnt
|faint|p1a: Iron Moth
|-end|p1a: Iron Moth|Quark Drive|[silent]
|
|upkeep
|
|t:|1757835617
|switch|p1a: Great Tusk|Great Tusk, shiny|100/100
|-enditem|p1a: Great Tusk|Booster Energy
|-activate|p1a: Great Tusk|ability: Protosynthesis|[fromitem]
|-start|p1a: Great Tusk|protosynthesisspe
|turn|19
|
|t:|1757835626
|-terastallize|p2a: Heatran|Ghost
|move|p1a: Great Tusk|Headlong Rush|p2a: Heatran
|-damage|p2a: Heatran|10/100
|-unboost|p1a: Great Tusk|def|1
|-unboost|p1a: Great Tusk|spd|1
|move|p2a: Heatran|Will-O-Wisp|p1a: Great Tusk
|-status|p1a: Great Tusk|brn
|
|-damage|p1a: Great Tusk|94/100 brn|[from] brn
|upkeep
|turn|20
|
|t:|1757835638
|move|p1a: Great Tusk|Headlong Rush|p2a: Heatran
|-damage|p2a: Heatran|0 fnt
|-unboost|p1a: Great Tusk|def|1
|-unboost|p1a: Great Tusk|spd|1
|faint|p2a: Heatran
|
|-damage|p1a: Great Tusk|88/100 brn|[from] brn
|upkeep
|
|t:|1757835647
|switch|p2a: Ogerpon|Ogerpon-Wellspring, F|100/100
|-damage|p2a: Ogerpon|88/100|[from] Stealth Rock
|turn|21
|
|t:|1757835654
|move|p1a: Great Tusk|Close Combat|p2a: Ogerpon
|-damage|p2a: Ogerpon|52/100
|-unboost|p1a: Great Tusk|def|1
|-unboost|p1a: Great Tusk|spd|1
|move|p2a: Ogerpon|Ivy Cudgel|p1a: Great Tusk|[anim] Ivy Cudgel Water
|-supereffective|p1a: Great Tusk
|-damage|p1a: Great Tusk|0 fnt
|faint|p1a: Great Tusk
|-end|p1a: Great Tusk|Protosynthesis|[silent]
|
|upkeep
|
|t:|1757835656
|switch|p1a: Glimmora|Glimmora, F, shiny|100/100
|turn|22
|
|t:|1757835666
|move|p2a: Ogerpon|Ivy Cudgel|p1a: Glimmora|[anim] Ivy Cudgel Water
|-supereffective|p1a: Glimmora
|-enditem|p1a: Glimmora|Focus Sash
|-damage|p1a: Glimmora|1/100
|-activate|p1a: Glimmora|ability: Toxic Debris
|-sidestart|p2: XenRenTen|move: Toxic Spikes
|move|p1a: Glimmora|Sludge Wave|p2a: Ogerpon
|-supereffective|p2a: Ogerpon
|-damage|p2a: Ogerpon|0 fnt
|faint|p2a: Ogerpon
|
|upkeep
|
|t:|1757835680
|switch|p2a: Great Tusk|Great Tusk|100/100
|-damage|p2a: Great Tusk|98/100|[from] Stealth Rock
|-status|p2a: Great Tusk|psn
|-enditem|p2a: Great Tusk|Lum Berry|[eat]
|-curestatus|p2a: Great Tusk|psn|[msg]
|turn|23
|
|t:|1757835687
|switch|p1a: Sinistcha|Sinistcha-Masterpiece|100/100
|move|p2a: Great Tusk|Knock Off|p1a: Sinistcha
|-supereffective|p1a: Sinistcha
|-damage|p1a: Sinistcha|39/100
|-enditem|p1a: Sinistcha|Leftovers|[from] move: Knock Off|[of] p2a: Great Tusk
|
|upkeep
|turn|24
|
|t:|1757835698
|move|p2a: Great Tusk|Headlong Rush|p1a: Sinistcha
|-resisted|p1a: Sinistcha
|-damage|p1a: Sinistcha|9/100
|-unboost|p2a: Great Tusk|def|1
|-unboost|p2a: Great Tusk|spd|1
|move|p1a: Sinistcha|Strength Sap|p2a: Great Tusk
|-unboost|p2a: Great Tusk|atk|1
|-heal|p1a: Sinistcha|100/100
|
|upkeep
|turn|25
|
|t:|1757835707
|-end|p2a: Great Tusk|Protosynthesis|[silent]
|switch|p2a: Iron Hands|Iron Hands|58/100
|-damage|p2a: Iron Hands|52/100|[from] Stealth Rock
|-status|p2a: Iron Hands|psn
|move|p1a: Sinistcha|Matcha Gotcha|p2a: Iron Hands
|-damage|p2a: Iron Hands|9/100 psn
|
|-damage|p2a: Iron Hands|0 fnt|[from] psn
|faint|p2a: Iron Hands
|-end|p2a: Iron Hands|Quark Drive|[silent]
|upkeep
|-message|XenRenTen forfeited.
|
|win|melf001
|raw|melf001's rating: 1476 &rarr; <strong>1498</strong><br />(+22 for winning)
|raw|XenRenTen's rating: 1513 &rarr; <strong>1491</strong><br />(-22 for losing)
|l|☆XenRenTen
|player|p2|
