|j|☆StaticZ4Z
|j|☆Salocin99
|t:|1757870604
|gametype|singles
|player|p1|StaticZ4Z|morty|1325
|player|p2|Salocin99|101|1275
|gen|9
|tier|[Gen 9] OU
|rated|
|rule|HP Percentage Mod: HP is shown in percentages
|rule|Endless Battle Clause: Forcing endless battles is banned
|rule|Species Clause: Limit one of each Pokémon
|rule|OHKO Clause: OHKO moves are banned
|rule|Evasion Items Clause: Evasion items are banned
|rule|Evasion Moves Clause: Evasion moves are banned
|rule|Evasion Abilities Clause: Evasion abilities are banned
|rule|Sleep Moves Clause: Sleep-inducing moves are banned
|clearpoke
|poke|p1|Gliscor, M|
|poke|p1|Heracross, M|
|poke|p1|Venusaur, M|
|poke|p1|Ceruledge, M|
|poke|p1|Meowscarada, M|
|poke|p1|Magnezone|
|poke|p2|Dusknoir, M|
|poke|p2|Ninetales-Alola, F|
|poke|p2|Scizor, M|
|poke|p2|Hariyama, F|
|poke|p2|Haxorus, M|
|poke|p2|Mandibuzz, F|
|teampreview
|
|t:|1757870617
|teamsize|p1|6
|teamsize|p2|6
|start
|switch|p1a: Ghost|Ceruledge, M|100/100
|switch|p2a: Scizor|Scizor, M|100/100
|turn|1
|
|t:|1757870624
|-terastallize|p2a: Scizor|Water
|move|p1a: Ghost|Bitter Blade|p2a: Scizor
|-resisted|p2a: Scizor
|-damage|p2a: Scizor|77/100
|move|p2a: Scizor|Knock Off|p1a: Ghost
|-supereffective|p1a: Ghost
|-enditem|p1a: Ghost|Focus Sash
|-damage|p1a: Ghost|1/100
|-ability|p1a: Ghost|Weak Armor|boost
|-unboost|p1a: Ghost|def|1
|-boost|p1a: Ghost|spe|2
|
|upkeep
|turn|2
|
|t:|1757870642
|switch|p1a: Plant|Venusaur, M|100/100
|move|p2a: Scizor|Bullet Punch|p1a: Plant
|-damage|p1a: Plant|55/100
|
|-heal|p1a: Plant|61/100|[from] item: Leftovers
|upkeep
|turn|3
|
|t:|1757870654
|move|p1a: Plant|Energy Ball|p2a: Scizor
|-supereffective|p2a: Scizor
|-damage|p2a: Scizor|0 fnt
|faint|p2a: Scizor
|
|-heal|p1a: Plant|67/100|[from] item: Leftovers
|upkeep
|
|t:|1757870657
|switch|p2a: Ninetales|Ninetales-Alola, F, shiny|100/100
|-weather|Snowscape|[from] ability: Snow Warning|[of] p2a: Ninetales
|turn|4
|
|t:|1757870671
|-terastallize|p1a: Plant|Steel
|move|p2a: Ninetales|Aurora Veil|p2a: Ninetales
|-sidestart|p2: Salocin99|move: Aurora Veil
|move|p1a: Plant|Toxic|p2a: Ninetales
|-status|p2a: Ninetales|tox
|
|-weather|Snowscape|[upkeep]
|-heal|p1a: Plant|73/100|[from] item: Leftovers
|-damage|p2a: Ninetales|95/100 tox|[from] psn
|upkeep
|turn|5
|
|t:|1757870681
|switch|p2a: Hariyama|Hariyama, F|100/100
|move|p1a: Plant|Leech Seed|p2a: Hariyama
|-start|p2a: Hariyama|move: Leech Seed
|
|-weather|Snowscape|[upkeep]
|-heal|p1a: Plant|79/100|[from] item: Leftovers
|-damage|p2a: Hariyama|88/100|[from] Leech Seed|[of] p1a: Plant
|-heal|p1a: Plant|96/100|[silent]
|-status|p2a: Hariyama|brn|[from] item: Flame Orb
|upkeep
|turn|6
|
|t:|1757870693
|switch|p1a: Ghost|Ceruledge, M|1/100
|move|p2a: Hariyama|Headlong Rush|p1a: Ghost
|-supereffective|p1a: Ghost
|-damage|p1a: Ghost|0 fnt
|-unboost|p2a: Hariyama|def|1
|-unboost|p2a: Hariyama|spd|1
|faint|p1a: Ghost
|
|-weather|Snowscape|[upkeep]
|-damage|p2a: Hariyama|82/100 brn|[from] brn
|upkeep
|
|t:|1757870715
|switch|p1a: Overgrow!!!|Meowscarada, M|100/100
|turn|7
|
|t:|1757870722
|move|p1a: Overgrow!!!|Play Rough|p2a: Hariyama|[miss]
|-start|p1a: Overgrow!!!|typechange|Fairy|[from] ability: Protean
|-miss|p1a: Overgrow!!!|p2a: Hariyama
|move|p2a: Hariyama|Heavy Slam|p1a: Overgrow!!!
|-supereffective|p1a: Overgrow!!!
|-damage|p1a: Overgrow!!!|0 fnt
|faint|p1a: Overgrow!!!
|
|-weather|Snowscape|[upkeep]
|-damage|p2a: Hariyama|76/100 brn|[from] brn
|upkeep
|
|t:|1757870739
|switch|p1a: Aiden|Heracross, M|100/100
|turn|8
|
|t:|1757870744
|move|p1a: Aiden|Bulk Up|p1a: Aiden
|-boost|p1a: Aiden|atk|1
|-boost|p1a: Aiden|def|1
|move|p2a: Hariyama|Heavy Slam|p1a: Aiden
|-damage|p1a: Aiden|53/100
|
|-weather|none
|-damage|p2a: Hariyama|64/100 brn|[from] Leech Seed|[of] p1a: Aiden
|-heal|p1a: Aiden|73/100|[silent]
|-damage|p2a: Hariyama|57/100 brn|[from] brn
|upkeep
|turn|9
|
|t:|1757870762
|switch|p2a: Mandibuzz|Mandibuzz, F, shiny|100/100
|move|p1a: Aiden|Close Combat|p2a: Mandibuzz
|-crit|p2a: Mandibuzz
|-damage|p2a: Mandibuzz|21/100
|-unboost|p1a: Aiden|def|1
|-unboost|p1a: Aiden|spd|1
|-damage|p1a: Aiden|56/100|[from] item: Rocky Helmet|[of] p2a: Mandibuzz
|
|upkeep
|turn|10
|
|t:|1757870777
|move|p1a: Aiden|Close Combat|p2a: Mandibuzz
|-damage|p2a: Mandibuzz|0 fnt
|-unboost|p1a: Aiden|def|1
|-unboost|p1a: Aiden|spd|1
|-damage|p1a: Aiden|40/100|[from] item: Rocky Helmet|[of] p2a: Mandibuzz
|faint|p2a: Mandibuzz
|-ability|p1a: Aiden|Moxie|boost
|-boost|p1a: Aiden|atk|1
|
|upkeep
|
|t:|1757870781
|switch|p2a: Ninetales|Ninetales-Alola, F, shiny|95/100 tox
|-weather|Snowscape|[from] ability: Snow Warning|[of] p2a: Ninetales
|turn|11
|
|t:|1757870795
|switch|p1a: Bro|Magnezone|100/100
|-item|p1a: Bro|Air Balloon
|move|p2a: Ninetales|Moonblast|p1a: Bro
|-resisted|p1a: Bro
|-damage|p1a: Bro|81/100
|-unboost|p1a: Bro|spa|1
|-enditem|p1a: Bro|Air Balloon
|
|-weather|Snowscape|[upkeep]
|-damage|p2a: Ninetales|89/100 tox|[from] psn
|-sideend|p2: Salocin99|move: Aurora Veil
|upkeep
|turn|12
|
|t:|1757870808
|move|p2a: Ninetales|Aurora Veil|p2a: Ninetales
|-sidestart|p2: Salocin99|move: Aurora Veil
|move|p1a: Bro|Flash Cannon|p2a: Ninetales
|-supereffective|p2a: Ninetales
|-damage|p2a: Ninetales|0 fnt
|faint|p2a: Ninetales
|
|-weather|Snowscape|[upkeep]
|upkeep
|
|t:|1757870811
|switch|p2a: Haxorus|Haxorus, M, shiny|100/100
|-ability|p2a: Haxorus|Mold Breaker
|turn|13
|
|t:|1757870822
|switch|p1a: Fentanyl|Gliscor, M|100/100
|move|p2a: Haxorus|Dragon Dance|p2a: Haxorus
|-boost|p2a: Haxorus|atk|1
|-boost|p2a: Haxorus|spe|1
|
|-weather|Snowscape|[upkeep]
|-status|p1a: Fentanyl|tox|[from] item: Toxic Orb
|upkeep
|turn|14
|
|t:|1757870834
|move|p2a: Haxorus|Outrage|p1a: Fentanyl
|-damage|p1a: Fentanyl|0 fnt
|faint|p1a: Fentanyl
|
|-weather|Snowscape|[upkeep]
|upkeep
|
|t:|1757870845
|switch|p1a: Plant|Venusaur, M, tera:Steel|96/100
|turn|15
|
|t:|1757870848
|move|p2a: Haxorus|Outrage|p1a: Plant|[from] lockedmove
|-resisted|p1a: Plant
|-damage|p1a: Plant|25/100
|move|p1a: Plant|Leech Seed|p2a: Haxorus
|-start|p2a: Haxorus|move: Leech Seed
|
|-weather|none
|-heal|p1a: Plant|31/100|[from] item: Leftovers
|-damage|p2a: Haxorus|88/100|[from] Leech Seed|[of] p1a: Plant
|-heal|p1a: Plant|41/100|[silent]
|upkeep
|turn|16
|
|t:|1757870860
|move|p1a: Plant|Protect|p1a: Plant
|-singleturn|p1a: Plant|Protect
|move|p2a: Haxorus|Outrage|p1a: Plant|[from] lockedmove
|-activate|p1a: Plant|move: Protect
|-start|p2a: Haxorus|confusion|[fatigue]
|
|-heal|p1a: Plant|47/100|[from] item: Leftovers
|-damage|p2a: Haxorus|76/100|[from] Leech Seed|[of] p1a: Plant
|-heal|p1a: Plant|57/100|[silent]
|upkeep
|turn|17
|
|t:|1757870875
|-activate|p2a: Haxorus|confusion
|-damage|p2a: Haxorus|42/100|[from] confusion
|move|p1a: Plant|Toxic|p2a: Haxorus
|-status|p2a: Haxorus|tox
|
|-heal|p1a: Plant|63/100|[from] item: Leftovers
|-damage|p2a: Haxorus|30/100 tox|[from] Leech Seed|[of] p1a: Plant
|-heal|p1a: Plant|72/100|[silent]
|-damage|p2a: Haxorus|24/100 tox|[from] psn
|upkeep
|turn|18
|
|t:|1757870885
|switch|p2a: Hariyama|Hariyama, F|57/100 brn
|move|p1a: Plant|Protect||[still]
|-fail|p1a: Plant
|
|-heal|p1a: Plant|79/100|[from] item: Leftovers
|-damage|p2a: Hariyama|51/100 brn|[from] brn
|upkeep
|turn|19
|inactive|Battle timer is ON: inactive players will automatically lose when time's up. (requested by Salocin99)
|
|t:|1757870924
|switch|p1a: Bro|Magnezone|81/100
|move|p2a: Hariyama|Close Combat|p1a: Bro
|-supereffective|p1a: Bro
|-damage|p1a: Bro|0 fnt
|-unboost|p2a: Hariyama|def|1
|-unboost|p2a: Hariyama|spd|1
|faint|p1a: Bro
|
|-damage|p2a: Hariyama|45/100 brn|[from] brn
|-sideend|p2: Salocin99|move: Aurora Veil
|upkeep
|
|t:|1757870946
|switch|p1a: Plant|Venusaur, M, tera:Steel|79/100
|turn|20
|
|t:|1757870961
|move|p1a: Plant|Energy Ball|p2a: Hariyama
|-damage|p2a: Hariyama|0 fnt
|faint|p2a: Hariyama
|
|-heal|p1a: Plant|85/100|[from] item: Leftovers
|upkeep
|
|t:|1757870967
|switch|p2a: Haxorus|Haxorus, M, shiny|24/100 tox
|-ability|p2a: Haxorus|Mold Breaker
|turn|21
|
|t:|1757870974
|move|p2a: Haxorus|Close Combat|p1a: Plant
|-supereffective|p1a: Plant
|-damage|p1a: Plant|0 fnt
|-unboost|p2a: Haxorus|def|1
|-unboost|p2a: Haxorus|spd|1
|faint|p1a: Plant
|
|-damage|p2a: Haxorus|18/100 tox|[from] psn
|upkeep
|
|t:|1757870982
|switch|p1a: Aiden|Heracross, M|40/100
|turn|22
|
|t:|1757870992
|move|p1a: Aiden|Knock Off|p2a: Haxorus
|-damage|p2a: Haxorus|0 fnt
|-enditem|p2a: Haxorus|Dragon Fang|[from] move: Knock Off|[of] p1a: Aiden
|faint|p2a: Haxorus
|-ability|p1a: Aiden|Moxie|boost
|-boost|p1a: Aiden|atk|1
|
|upkeep
|inactive|Salocin99 has 120 seconds left.
|
|t:|1757871026
|switch|p2a: Dusknoir|Dusknoir, M, shiny|100/100
|-item|p1a: Aiden|Salac Berry|[from] ability: Frisk|[of] p2a: Dusknoir
|turn|23
|
|t:|1757871036
|move|p1a: Aiden|Knock Off|p2a: Dusknoir
|-supereffective|p2a: Dusknoir
|-damage|p2a: Dusknoir|11/100
|-enditem|p2a: Dusknoir|Assault Vest|[from] move: Knock Off|[of] p1a: Aiden
|move|p2a: Dusknoir|Poltergeist|p1a: Aiden
|-activate|p1a: Aiden|move: Poltergeist|Salac Berry
|-damage|p1a: Aiden|0 fnt
|faint|p1a: Aiden
|
|win|Salocin99
|raw|StaticZ4Z's rating: 1325 &rarr; <strong>1302</strong><br />(-23 for losing)
|raw|Salocin99's rating: 1275 &rarr; <strong>1304</strong><br />(+29 for winning)
|l|☆StaticZ4Z
|player|p1|
