|j|☆minhquang1408
|j|☆Shadowz987
|t:|1757895409
|gametype|singles
|player|p1|minhquang1408|veteran-gen4|1360
|player|p2|Shadowz987|ethan|1337
|gen|9
|tier|[Gen 9] OU
|rated|
|rule|HP Percentage Mod: HP is shown in percentages
|rule|Endless Battle Clause: Forcing endless battles is banned
|rule|Species Clause: Limit one of each Pokémon
|rule|OHKO Clause: OHKO moves are banned
|rule|Evasion Items Clause: Evasion items are banned
|rule|Evasion Moves Clause: Evasion moves are banned
|rule|Evasion Abilities Clause: Evasion abilities are banned
|rule|Sleep Moves Clause: Sleep-inducing moves are banned
|clearpoke
|poke|p1|Raging Bolt|
|poke|p1|Primarina, F|
|poke|p1|Alomomola, F|
|poke|p1|Corviknight, F|
|poke|p1|Arcanine-Hisui, M|
|poke|p1|Tornadus-Therian, M|
|poke|p2|Great Tusk|
|poke|p2|Gholdengo|
|poke|p2|Dragonite, F|
|poke|p2|Clefable, F|
|poke|p2|Glimmora, F|
|poke|p2|Polteageist-Antique|
|teampreview
|inactive|Battle timer is ON: inactive players will automatically lose when time's up. (requested by minhquang1408)
|
|t:|1757895439
|teamsize|p1|6
|teamsize|p2|6
|start
|switch|p1a: Primarina|Primarina, F|100/100
|switch|p2a: Glimmora|Glimmora, F|100/100
|turn|1
|
|t:|1757895446
|move|p2a: Glimmora|Flash Cannon|p1a: Primarina
|-damage|p1a: Primarina|85/100
|move|p1a: Primarina|Hyper Voice|p2a: Glimmora
|-supereffective|p2a: Glimmora
|-enditem|p2a: Glimmora|Focus Sash
|-damage|p2a: Glimmora|1/100
|
|upkeep
|turn|2
|
|t:|1757895453
|switch|p2a: Gholdengo|Gholdengo|100/100
|move|p1a: Primarina|Hyper Voice|p2a: Gholdengo
|-damage|p2a: Gholdengo|39/100
|
|upkeep
|turn|3
|
|t:|1757895462
|switch|p1a: Corviknight|Corviknight, F|100/100
|-ability|p1a: Corviknight|Pressure
|move|p2a: Gholdengo|Trick|p1a: Corviknight
|-activate|p2a: Gholdengo|move: Trick|[of] p1a: Corviknight
|-item|p1a: Corviknight|Choice Scarf|[from] move: Trick
|-item|p2a: Gholdengo|Rocky Helmet|[from] move: Trick
|
|upkeep
|turn|4
|
|t:|1757895472
|switch|p2a: Dragonite|Dragonite, F|100/100
|move|p1a: Corviknight|U-turn|p2a: Dragonite
|-resisted|p2a: Dragonite
|-damage|p2a: Dragonite|97/100
|
|t:|1757895480
|switch|p1a: Primarina|Primarina, F|85/100|[from] U-turn
|
|upkeep
|turn|5
|
|t:|1757895495
|switch|p2a: Gholdengo|Gholdengo|39/100
|move|p1a: Primarina|Flip Turn|p2a: Gholdengo
|-damage|p2a: Gholdengo|23/100
|-damage|p1a: Primarina|69/100|[from] item: Rocky Helmet|[of] p2a: Gholdengo
|
|t:|1757895504
|switch|p1a: Arcanine|Arcanine-Hisui, M|100/100|[from] Flip Turn
|
|upkeep
|turn|6
|
|t:|1757895522
|move|p1a: Arcanine|Head Smash|p2a: Gholdengo
|-resisted|p2a: Gholdengo
|-damage|p2a: Gholdengo|0 fnt
|-damage|p1a: Arcanine|84/100|[from] item: Rocky Helmet|[of] p2a: Gholdengo
|faint|p2a: Gholdengo
|
|upkeep
|
|t:|1757895529
|switch|p2a: Glimmora|Glimmora, F|1/100
|turn|7
|
|t:|1757895534
|switch|p1a: Corviknight|Corviknight, F|100/100
|-ability|p1a: Corviknight|Pressure
|move|p2a: Glimmora|Mortal Spin|p1a: Corviknight
|-immune|p1a: Corviknight
|
|upkeep
|turn|8
|
|t:|1757895540
|move|p2a: Glimmora|Spiky Shield|p2a: Glimmora
|-singleturn|p2a: Glimmora|move: Protect
|move|p1a: Corviknight|U-turn|p2a: Glimmora
|-activate|p2a: Glimmora|move: Protect
|-damage|p1a: Corviknight|88/100|[from] Spiky Shield|[of] p2a: Glimmora
|
|upkeep
|turn|9
|
|t:|1757895552
|move|p2a: Glimmora|Spiky Shield||[still]
|-fail|p2a: Glimmora
|move|p1a: Corviknight|U-turn|p2a: Glimmora
|-resisted|p2a: Glimmora
|-crit|p2a: Glimmora
|-damage|p2a: Glimmora|0 fnt
|-activate|p2a: Glimmora|ability: Toxic Debris
|-sidestart|p1: minhquang1408|move: Toxic Spikes
|faint|p2a: Glimmora
|
|t:|1757895567
|switch|p1a: Alomomola|Alomomola, F|100/100|[from] U-turn
|
|upkeep
|
|t:|1757895582
|switch|p2a: Polteageist|Polteageist-Antique|100/100
|turn|10
|
|t:|1757895592
|move|p2a: Polteageist|Shell Smash|p2a: Polteageist
|-unboost|p2a: Polteageist|def|1
|-unboost|p2a: Polteageist|spd|1
|-boost|p2a: Polteageist|atk|2
|-boost|p2a: Polteageist|spa|2
|-boost|p2a: Polteageist|spe|2
|-enditem|p2a: Polteageist|White Herb
|-clearnegativeboost|p2a: Polteageist|[silent]
|move|p1a: Alomomola|Scald|p2a: Polteageist
|-damage|p2a: Polteageist|86/100
|-status|p2a: Polteageist|brn
|
|-damage|p2a: Polteageist|79/100 brn|[from] brn
|upkeep
|turn|11
|
|t:|1757895605
|move|p2a: Polteageist|Stored Power|p1a: Alomomola
|-damage|p1a: Alomomola|2/100
|move|p1a: Alomomola|Mirror Coat|p2a: Polteageist
|-damage|p2a: Polteageist|0 fnt
|faint|p2a: Polteageist
|
|upkeep
|
|t:|1757895613
|switch|p2a: Great Tusk|Great Tusk|100/100
|-enditem|p2a: Great Tusk|Booster Energy
|-activate|p2a: Great Tusk|ability: Protosynthesis|[fromitem]
|-start|p2a: Great Tusk|protosynthesisatk
|turn|12
|
|t:|1757895618
|switch|p1a: Corviknight|Corviknight, F|88/100
|-ability|p1a: Corviknight|Pressure
|move|p2a: Great Tusk|Rapid Spin|p1a: Corviknight
|-resisted|p1a: Corviknight
|-damage|p1a: Corviknight|82/100
|-boost|p2a: Great Tusk|spe|1
|
|upkeep
|turn|13
|
|t:|1757895625
|move|p2a: Great Tusk|Head Smash|p1a: Corviknight|[miss]
|-miss|p2a: Great Tusk|p1a: Corviknight
|move|p1a: Corviknight|Brave Bird|p2a: Great Tusk
|-supereffective|p2a: Great Tusk
|-damage|p2a: Great Tusk|50/100
|-damage|p1a: Corviknight|66/100|[from] Recoil
|
|upkeep
|turn|14
|
|t:|1757895631
|move|p2a: Great Tusk|Head Smash|p1a: Corviknight
|-damage|p1a: Corviknight|28/100
|-damage|p2a: Great Tusk|29/100|[from] Recoil
|move|p1a: Corviknight|Brave Bird|p2a: Great Tusk
|-supereffective|p2a: Great Tusk
|-damage|p2a: Great Tusk|0 fnt
|faint|p2a: Great Tusk
|-end|p2a: Great Tusk|Protosynthesis|[silent]
|-damage|p1a: Corviknight|19/100|[from] Recoil
|
|upkeep
|
|t:|1757895641
|switch|p2a: Clefable|Clefable, F|100/100
|turn|15
|
|t:|1757895643
|move|p1a: Corviknight|Brave Bird|p2a: Clefable
|-damage|p2a: Clefable|72/100
|-damage|p1a: Corviknight|10/100|[from] Recoil
|move|p2a: Clefable|Calm Mind|p2a: Clefable
|-boost|p2a: Clefable|spa|1
|-boost|p2a: Clefable|spd|1
|
|-heal|p2a: Clefable|78/100|[from] item: Leftovers
|upkeep
|turn|16
|
|t:|1757895646
|move|p1a: Corviknight|Brave Bird|p2a: Clefable
|-damage|p2a: Clefable|48/100
|-damage|p1a: Corviknight|0 fnt|[from] Recoil
|faint|p1a: Corviknight
|move|p2a: Clefable|Calm Mind|p2a: Clefable
|-boost|p2a: Clefable|spa|1
|-boost|p2a: Clefable|spd|1
|
|-heal|p2a: Clefable|54/100|[from] item: Leftovers
|upkeep
|
|t:|1757895649
|switch|p1a: Arcanine|Arcanine-Hisui, M|84/100
|-status|p1a: Arcanine|psn
|turn|17
|
|t:|1757895657
|move|p1a: Arcanine|Head Smash|p2a: Clefable
|-damage|p2a: Clefable|0 fnt
|faint|p2a: Clefable
|
|-damage|p1a: Arcanine|71/100 psn|[from] psn
|upkeep
|
|t:|1757895661
|switch|p2a: Dragonite|Dragonite, F|97/100
|turn|18
|
|t:|1757895666
|-terastallize|p2a: Dragonite|Normal
|move|p1a: Arcanine|Head Smash|p2a: Dragonite|[miss]
|-miss|p1a: Arcanine|p2a: Dragonite
|move|p2a: Dragonite|Dragon Dance|p2a: Dragonite
|-boost|p2a: Dragonite|atk|1
|-boost|p2a: Dragonite|spe|1
|
|-damage|p1a: Arcanine|59/100 psn|[from] psn
|upkeep
|turn|19
|
|t:|1757895683
|switch|p1a: Alomomola|Alomomola, F|35/100
|move|p2a: Dragonite|Extreme Speed|p1a: Alomomola
|-damage|p1a: Alomomola|0 fnt
|faint|p1a: Alomomola
|
|upkeep
|
|t:|1757895689
|switch|p1a: Raging Bolt|Raging Bolt|100/100
|-status|p1a: Raging Bolt|psn
|-enditem|p1a: Raging Bolt|Booster Energy
|-activate|p1a: Raging Bolt|ability: Protosynthesis|[fromitem]
|-start|p1a: Raging Bolt|protosynthesisspa
|turn|20
|
|t:|1757895694
|-terastallize|p1a: Raging Bolt|Fairy
|move|p2a: Dragonite|Roost|p2a: Dragonite
|-heal|p2a: Dragonite|100/100
|move|p1a: Raging Bolt|Thunderbolt|p2a: Dragonite
|-damage|p2a: Dragonite|67/100
|
|-damage|p1a: Raging Bolt|88/100 psn|[from] psn
|upkeep
|turn|21
|
|t:|1757895699
|move|p2a: Dragonite|Roost|p2a: Dragonite
|-heal|p2a: Dragonite|100/100
|move|p1a: Raging Bolt|Thunderbolt|p2a: Dragonite
|-damage|p2a: Dragonite|68/100
|
|-damage|p1a: Raging Bolt|76/100 psn|[from] psn
|upkeep
|turn|22
|
|t:|1757895706
|move|p2a: Dragonite|Roost|p2a: Dragonite
|-heal|p2a: Dragonite|100/100
|move|p1a: Raging Bolt|Thunderbolt|p2a: Dragonite
|-damage|p2a: Dragonite|69/100
|
|-damage|p1a: Raging Bolt|63/100 psn|[from] psn
|upkeep
|turn|23
|
|t:|1757895712
|move|p2a: Dragonite|Roost|p2a: Dragonite
|-heal|p2a: Dragonite|100/100
|move|p1a: Raging Bolt|Calm Mind|p1a: Raging Bolt
|-boost|p1a: Raging Bolt|spa|1
|-boost|p1a: Raging Bolt|spd|1
|
|-damage|p1a: Raging Bolt|51/100 psn|[from] psn
|upkeep
|turn|24
|
|t:|1757895719
|move|p2a: Dragonite|Dragon Dance|p2a: Dragonite
|-boost|p2a: Dragonite|atk|1
|-boost|p2a: Dragonite|spe|1
|move|p1a: Raging Bolt|Thunderbolt|p2a: Dragonite
|-damage|p2a: Dragonite|48/100
|
|-damage|p1a: Raging Bolt|39/100 psn|[from] psn
|upkeep
|turn|25
|
|t:|1757895726
|move|p2a: Dragonite|Extreme Speed|p1a: Raging Bolt
|-damage|p1a: Raging Bolt|0 fnt
|faint|p1a: Raging Bolt
|-end|p1a: Raging Bolt|Protosynthesis|[silent]
|
|upkeep
|
|t:|1757895740
|switch|p1a: Tornadus|Tornadus-Therian, M|100/100
|turn|26
|
|t:|1757895747
|move|p2a: Dragonite|Roost|p2a: Dragonite
|-heal|p2a: Dragonite|98/100
|move|p1a: Tornadus|Bleakwind Storm|p2a: Dragonite|[miss]
|-miss|p1a: Tornadus|p2a: Dragonite
|
|upkeep
|turn|27
|
|t:|1757895752
|move|p2a: Dragonite|Extreme Speed|p1a: Tornadus
|-crit|p1a: Tornadus
|-damage|p1a: Tornadus|0 fnt
|faint|p1a: Tornadus
|
|upkeep
|
|t:|1757895756
|switch|p1a: Arcanine|Arcanine-Hisui, M|59/100 psn
|turn|28
|
|t:|1757895765
|move|p2a: Dragonite|Extreme Speed|p1a: Arcanine
|-resisted|p1a: Arcanine
|-damage|p1a: Arcanine|0 fnt
|faint|p1a: Arcanine
|
|upkeep
|
|t:|1757895767
|switch|p1a: Primarina|Primarina, F|69/100
|-status|p1a: Primarina|psn
|turn|29
|-message|minhquang1408 forfeited.
|
|win|Shadowz987
|raw|minhquang1408's rating: 1360 &rarr; <strong>1339</strong><br />(-21 for losing)
|raw|Shadowz987's rating: 1337 &rarr; <strong>1358</strong><br />(+21 for winning)
|l|☆minhquang1408
|player|p1|
|l|☆Shadowz987
|player|p2|
