|j|☆calacadura
|j|☆ImSirPutasso
|t:|1757946085
|gametype|singles
|player|p1|calacadura|101|1328
|player|p2|ImSirPutasso|pokefan-gen4|1288
|gen|9
|tier|[Gen 9] OU
|rated|
|rule|HP Percentage Mod: HP is shown in percentages
|rule|Endless Battle Clause: Forcing endless battles is banned
|rule|Species Clause: Limit one of each Pokémon
|rule|OHKO Clause: OHKO moves are banned
|rule|Evasion Items Clause: Evasion items are banned
|rule|Evasion Moves Clause: Evasion moves are banned
|rule|Evasion Abilities Clause: Evasion abilities are banned
|rule|Sleep Moves Clause: Sleep-inducing moves are banned
|clearpoke
|poke|p1|Dondozo, M|
|poke|p1|Heatran, F|
|poke|p1|Araquanid, M|
|poke|p1|Mandibuzz, F|
|poke|p1|Malamar, M|
|poke|p1|Gholdengo|
|poke|p2|Meowscarada, F|
|poke|p2|Samurott-Hisui, F|
|poke|p2|Gholdengo|
|poke|p2|Skeledirge, M|
|poke|p2|Raging Bolt|
|poke|p2|Araquanid, F|
|teampreview
|inactive|Battle timer is ON: inactive players will automatically lose when time's up. (requested by ImSirPutasso)
|
|t:|1757946095
|teamsize|p1|6
|teamsize|p2|6
|start
|switch|p1a: Araquanid|Araquanid, M|100/100
|switch|p2a: Meowscarada|Meowscarada, F|100/100
|turn|1
|
|t:|1757946104
|move|p2a: Meowscarada|U-turn|p1a: Araquanid
|-start|p2a: Meowscarada|typechange|Bug|[from] ability: Protean
|-damage|p1a: Araquanid|49/100
|
|t:|1757946110
|switch|p2a: Araquanid|Araquanid, F|100/100|[from] U-turn
|move|p1a: Araquanid|Sticky Web|p2a: Araquanid
|-sidestart|p2: ImSirPutasso|move: Sticky Web
|
|upkeep
|turn|2
|
|t:|1757946124
|move|p1a: Araquanid|Surf|p2a: Araquanid
|-resisted|p2a: Araquanid
|-damage|p2a: Araquanid|85/100
|move|p2a: Araquanid|Sticky Web|p1a: Araquanid
|-sidestart|p1: calacadura|move: Sticky Web
|
|-heal|p2a: Araquanid|91/100|[from] item: Leftovers
|upkeep
|turn|3
|
|t:|1757946137
|move|p1a: Araquanid|Endeavor|p2a: Araquanid
|-damage|p2a: Araquanid|49/100
|move|p2a: Araquanid|Infestation|p1a: Araquanid
|-damage|p1a: Araquanid|46/100
|-activate|p1a: Araquanid|move: Infestation|[of] p2a: Araquanid
|
|-heal|p2a: Araquanid|55/100|[from] item: Leftovers
|-damage|p1a: Araquanid|34/100|[from] move: Infestation|[partiallytrapped]
|upkeep
|turn|4
|
|t:|1757946145
|move|p2a: Araquanid|Liquidation|p1a: Araquanid
|-resisted|p1a: Araquanid
|-damage|p1a: Araquanid|11/100
|-unboost|p1a: Araquanid|def|1
|move|p1a: Araquanid|Surf|p2a: Araquanid
|-resisted|p2a: Araquanid
|-damage|p2a: Araquanid|38/100
|
|-heal|p2a: Araquanid|45/100|[from] item: Leftovers
|-damage|p1a: Araquanid|0 fnt|[from] move: Infestation|[partiallytrapped]
|faint|p1a: Araquanid
|upkeep
|
|t:|1757946159
|switch|p1a: Better Hoopa U|Malamar, M, shiny|100/100
|-activate|p1a: Better Hoopa U|move: Sticky Web
|-boost|p1a: Better Hoopa U|spe|1
|turn|5
|
|t:|1757946169
|switch|p2a: Skeledirge|Skeledirge, M|100/100
|move|p1a: Better Hoopa U|Superpower|p2a: Skeledirge
|-immune|p2a: Skeledirge
|
|upkeep
|turn|6
|
|t:|1757946177
|switch|p1a: Heatran|Heatran, F|100/100
|-activate|p1a: Heatran|move: Sticky Web
|-unboost|p1a: Heatran|spe|1
|move|p2a: Skeledirge|Will-O-Wisp|p1a: Heatran
|-start|p1a: Heatran|ability: Flash Fire
|
|upkeep
|turn|7
|
|t:|1757946186
|switch|p2a: Gholdengo|Gholdengo|100/100
|-activate|p2a: Gholdengo|move: Sticky Web
|-unboost|p2a: Gholdengo|spe|1
|move|p1a: Heatran|Magma Storm|p2a: Gholdengo
|-supereffective|p2a: Gholdengo
|-damage|p2a: Gholdengo|0 fnt
|faint|p2a: Gholdengo
|
|upkeep
|
|t:|1757946191
|switch|p2a: Meowscarada|Meowscarada, F|100/100
|-activate|p2a: Meowscarada|move: Sticky Web
|-unboost|p2a: Meowscarada|spe|1
|turn|8
|
|t:|1757946211
|move|p2a: Meowscarada|Knock Off|p1a: Heatran
|-start|p2a: Meowscarada|typechange|Dark|[from] ability: Protean
|-damage|p1a: Heatran|40/100
|-enditem|p1a: Heatran|Leftovers|[from] move: Knock Off|[of] p2a: Meowscarada
|move|p1a: Heatran|Magma Storm|p2a: Meowscarada|[miss]
|-miss|p1a: Heatran|p2a: Meowscarada
|
|upkeep
|turn|9
|
|t:|1757946223
|switch|p2a: Samurott|Samurott-Hisui, F|100/100
|-activate|p2a: Samurott|move: Sticky Web
|-unboost|p2a: Samurott|spe|1
|move|p1a: Heatran|Magma Storm|p2a: Samurott
|-resisted|p2a: Samurott
|-damage|p2a: Samurott|50/100
|-activate|p2a: Samurott|move: Magma Storm|[of] p1a: Heatran
|
|-damage|p2a: Samurott|37/100|[from] move: Magma Storm|[partiallytrapped]
|upkeep
|turn|10
|
|t:|1757946241
|-end|p1a: Heatran|ability: Flash Fire|[silent]
|switch|p1a: Mandibuzz|Mandibuzz, F|100/100
|move|p2a: Samurott|Aqua Cutter|p1a: Mandibuzz
|-damage|p1a: Mandibuzz|65/100
|-damage|p2a: Samurott|27/100|[from] item: Life Orb
|
|-end|p2a: Samurott|Magma Storm|[partiallytrapped]|[silent]
|upkeep
|turn|11
|
|t:|1757946250
|move|p2a: Samurott|Swords Dance|p2a: Samurott
|-boost|p2a: Samurott|atk|2
|move|p1a: Mandibuzz|Foul Play|p2a: Samurott
|-resisted|p2a: Samurott
|-damage|p2a: Samurott|0 fnt
|faint|p2a: Samurott
|
|upkeep
|
|t:|1757946260
|switch|p2a: Raging Bolt|Raging Bolt|100/100
|-activate|p2a: Raging Bolt|move: Sticky Web
|-unboost|p2a: Raging Bolt|spe|1
|-enditem|p2a: Raging Bolt|Booster Energy
|-activate|p2a: Raging Bolt|ability: Protosynthesis|[fromitem]
|-start|p2a: Raging Bolt|protosynthesisspa
|turn|12
|
|t:|1757946283
|move|p1a: Mandibuzz|Foul Play|p2a: Raging Bolt
|-damage|p2a: Raging Bolt|80/100
|move|p2a: Raging Bolt|Calm Mind|p2a: Raging Bolt
|-boost|p2a: Raging Bolt|spa|1
|-boost|p2a: Raging Bolt|spd|1
|
|upkeep
|turn|13
|
|t:|1757946287
|move|p1a: Mandibuzz|Foul Play|p2a: Raging Bolt
|-damage|p2a: Raging Bolt|61/100
|move|p2a: Raging Bolt|Discharge|p1a: Mandibuzz
|-supereffective|p1a: Mandibuzz
|-damage|p1a: Mandibuzz|0 fnt
|faint|p1a: Mandibuzz
|
|upkeep
|
|t:|1757946305
|switch|p1a: Better Hoopa U|Malamar, M, shiny|100/100
|-activate|p1a: Better Hoopa U|move: Sticky Web
|-boost|p1a: Better Hoopa U|spe|1
|turn|14
|
|t:|1757946310
|move|p2a: Raging Bolt|Thunderclap|p1a: Better Hoopa U
|-damage|p1a: Better Hoopa U|25/100
|move|p1a: Better Hoopa U|Psycho Cut|p2a: Raging Bolt
|-crit|p2a: Raging Bolt
|-damage|p2a: Raging Bolt|23/100
|
|upkeep
|turn|15
|
|t:|1757946324
|move|p2a: Raging Bolt|Thunderclap|p1a: Better Hoopa U
|-damage|p1a: Better Hoopa U|0 fnt
|faint|p1a: Better Hoopa U
|
|upkeep
|
|t:|1757946327
|switch|p1a: Dondozo|Dondozo, M|100/100
|-activate|p1a: Dondozo|move: Sticky Web
|-unboost|p1a: Dondozo|spe|1
|turn|16
|
|t:|1757946332
|-terastallize|p1a: Dondozo|Poison
|move|p2a: Raging Bolt|Discharge|p1a: Dondozo
|-damage|p1a: Dondozo|63/100
|move|p1a: Dondozo|Body Press|p2a: Raging Bolt
|-damage|p2a: Raging Bolt|2/100
|
|-heal|p1a: Dondozo|69/100|[from] item: Leftovers
|upkeep
|turn|17
|
|t:|1757946341
|move|p2a: Raging Bolt|Draco Meteor|p1a: Dondozo
|-damage|p1a: Dondozo|0 fnt
|-unboost|p2a: Raging Bolt|spa|2
|faint|p1a: Dondozo
|
|upkeep
|
|t:|1757946350
|switch|p1a: Gholdengo|Gholdengo|100/100
|-item|p1a: Gholdengo|Air Balloon
|turn|18
|
|t:|1757946356
|move|p2a: Raging Bolt|Thunderclap|p1a: Gholdengo
|-damage|p1a: Gholdengo|63/100
|-enditem|p1a: Gholdengo|Air Balloon
|move|p1a: Gholdengo|Shadow Ball|p2a: Raging Bolt
|-damage|p2a: Raging Bolt|0 fnt
|faint|p2a: Raging Bolt
|-end|p2a: Raging Bolt|Protosynthesis|[silent]
|
|upkeep
|
|t:|1757946367
|switch|p2a: Meowscarada|Meowscarada, F|100/100
|-activate|p2a: Meowscarada|move: Sticky Web
|-unboost|p2a: Meowscarada|spe|1
|turn|19
|c|☆ImSirPutasso|gg
|
|t:|1757946381
|move|p2a: Meowscarada|Knock Off|p1a: Gholdengo
|-start|p2a: Meowscarada|typechange|Dark|[from] ability: Protean
|-supereffective|p1a: Gholdengo
|-damage|p1a: Gholdengo|3/100
|move|p1a: Gholdengo|Make It Rain|p2a: Meowscarada
|-damage|p2a: Meowscarada|19/100
|-unboost|p1a: Gholdengo|spa|1
|
|upkeep
|turn|20
|
|t:|1757946386
|move|p2a: Meowscarada|Knock Off|p1a: Gholdengo
|-supereffective|p1a: Gholdengo
|-damage|p1a: Gholdengo|0 fnt
|faint|p1a: Gholdengo
|
|upkeep
|
|t:|1757946388
|switch|p1a: Heatran|Heatran, F|40/100
|-activate|p1a: Heatran|move: Sticky Web
|-unboost|p1a: Heatran|spe|1
|turn|21
|
|t:|1757946399
|move|p2a: Meowscarada|Knock Off|p1a: Heatran
|-damage|p1a: Heatran|2/100
|move|p1a: Heatran|Earth Power|p2a: Meowscarada
|-damage|p2a: Meowscarada|0 fnt
|faint|p2a: Meowscarada
|
|upkeep
|
|t:|1757946403
|switch|p2a: Araquanid|Araquanid, F|45/100
|-activate|p2a: Araquanid|move: Sticky Web
|-unboost|p2a: Araquanid|spe|1
|turn|22
|
|t:|1757946406
|move|p1a: Heatran|Magma Storm|p2a: Araquanid
|-damage|p2a: Araquanid|31/100
|-activate|p2a: Araquanid|move: Magma Storm|[of] p1a: Heatran
|move|p2a: Araquanid|Liquidation|p1a: Heatran
|-supereffective|p1a: Heatran
|-damage|p1a: Heatran|0 fnt
|faint|p1a: Heatran
|
|win|ImSirPutasso
|raw|calacadura's rating: 1328 &rarr; <strong>1306</strong><br />(-22 for losing)
|raw|ImSirPutasso's rating: 1288 &rarr; <strong>1316</strong><br />(+28 for winning)
