|j|‽mizizizi
|j|☆KATVENDISHu
|t:|1757895129
|gametype|singles
|player|p1|mizizizi|li|1098
|player|p2|KATVENDISHu|unknown|1089
|gen|9
|tier|[Gen 9] OU
|rated|
|rule|HP Percentage Mod: HP is shown in percentages
|rule|Endless Battle Clause: Forcing endless battles is banned
|rule|Species Clause: Limit one of each Pokémon
|rule|OHKO Clause: OHKO moves are banned
|rule|Evasion Items Clause: Evasion items are banned
|rule|Evasion Moves Clause: Evasion moves are banned
|rule|Evasion Abilities Clause: Evasion abilities are banned
|rule|Sleep Moves Clause: Sleep-inducing moves are banned
|clearpoke
|poke|p1|Regigigas|
|poke|p1|Regice|
|poke|p1|Registeel|
|poke|p1|Regirock|
|poke|p1|Regidrago|
|poke|p1|Azelf|
|poke|p2|Iron Valiant|
|poke|p2|Charizard, M|
|poke|p2|Ditto|
|poke|p2|Garchomp, F|
|poke|p2|Feraligatr, F|
|poke|p2|Dragonite, F|
|teampreview
|inactive|Battle timer is ON: inactive players will automatically lose when time's up. (requested by mizizizi)
|
|t:|1757895134
|teamsize|p1|6
|teamsize|p2|6
|start
|switch|p1a: Azelf|Azelf|100/100
|switch|p2a: Garchomp|Garchomp, F|100/100
|turn|1
|
|t:|1757895144
|move|p1a: Azelf|Taunt|p2a: Garchomp
|-start|p2a: Garchomp|move: Taunt
|cant|p2a: Garchomp|move: Taunt|Swords Dance
|
|upkeep
|turn|2
|
|t:|1757895149
|-terastallize|p2a: Garchomp|Dragon
|move|p1a: Azelf|Reflect|p1a: Azelf
|-sidestart|p1: mizizizi|Reflect
|move|p2a: Garchomp|Dragon Claw|p1a: Azelf
|-damage|p1a: Azelf|61/100
|
|upkeep
|turn|3
|
|t:|1757895158
|move|p1a: Azelf|Light Screen|p1a: Azelf
|-sidestart|p1: mizizizi|move: Light Screen
|move|p2a: Garchomp|Dragon Claw|p1a: Azelf
|-damage|p1a: Azelf|27/100
|
|-end|p2a: Garchomp|move: Taunt
|upkeep
|turn|4
|
|t:|1757895167
|move|p1a: Azelf|Explosion|p2a: Garchomp
|-damage|p2a: Garchomp|32/100
|faint|p1a: Azelf
|move|p2a: Garchomp|Dragon Claw|p1: Azelf|[notarget]
|-fail|p2a: Garchomp
|
|-heal|p2a: Garchomp|39/100|[from] item: Leftovers
|upkeep
|
|t:|1757895177
|switch|p1a: Regigigas|Regigigas, shiny|100/100
|-start|p1a: Regigigas|ability: Slow Start
|turn|5
|
|t:|1757895183
|move|p2a: Garchomp|Dragon Claw|p1a: Regigigas
|-damage|p1a: Regigigas|75/100
|move|p1a: Regigigas|Body Slam|p2a: Garchomp
|-damage|p2a: Garchomp|11/100
|-damage|p1a: Regigigas|63/100|[from] ability: Rough Skin|[of] p2a: Garchomp
|
|-heal|p2a: Garchomp|18/100|[from] item: Leftovers
|upkeep
|turn|6
|
|t:|1757895191
|move|p2a: Garchomp|Dragon Claw|p1a: Regigigas
|-damage|p1a: Regigigas|37/100
|move|p1a: Regigigas|Body Slam|p2a: Garchomp
|-damage|p2a: Garchomp|0 fnt
|-damage|p1a: Regigigas|25/100|[from] ability: Rough Skin|[of] p2a: Garchomp
|faint|p2a: Garchomp
|
|-sideend|p1: mizizizi|Reflect
|upkeep
|
|t:|1757895197
|switch|p2a: Ditto|Ditto|100/100
|-transform|p2a: Ditto|p1a: Regigigas|[from] ability: Imposter
|-start|p2a: Ditto|ability: Slow Start
|turn|7
|
|t:|1757895212
|move|p2a: Ditto|Earthquake|p1a: Regigigas
|-damage|p1a: Regigigas|5/100
|move|p1a: Regigigas|Body Slam|p2a: Ditto
|-crit|p2a: Ditto
|-damage|p2a: Ditto|62/100
|
|-sideend|p1: mizizizi|move: Light Screen
|upkeep
|turn|8
|
|t:|1757895222
|move|p1a: Regigigas|Protect|p1a: Regigigas
|-singleturn|p1a: Regigigas|Protect
|move|p2a: Ditto|Earthquake|p1a: Regigigas
|-activate|p1a: Regigigas|move: Protect
|
|upkeep
|turn|9
|
|t:|1757895230
|move|p1a: Regigigas|Protect||[still]
|-fail|p1a: Regigigas
|move|p2a: Ditto|Earthquake|p1a: Regigigas
|-damage|p1a: Regigigas|0 fnt
|faint|p1a: Regigigas
|
|upkeep
|
|t:|1757895238
|switch|p1a: Regirock|Regirock|100/100
|turn|10
|
|t:|1757895245
|switch|p2a: Charizard|Charizard, M|100/100
|move|p1a: Regirock|Thunder Wave|p2a: Charizard
|-status|p2a: Charizard|par
|
|upkeep
|turn|11
|
|t:|1757895251
|move|p2a: Charizard|Overheat|p1a: Regirock
|-resisted|p1a: Regirock
|-damage|p1a: Regirock|72/100
|-unboost|p2a: Charizard|spa|2
|move|p1a: Regirock|Stone Edge|p2a: Charizard
|-supereffective|p2a: Charizard
|-damage|p2a: Charizard|0 fnt
|faint|p2a: Charizard
|
|-heal|p1a: Regirock|79/100|[from] item: Leftovers
|upkeep
|
|t:|1757895257
|switch|p2a: Feraligatr|Feraligatr, F|100/100
|turn|12
|
|t:|1757895263
|move|p2a: Feraligatr|Waterfall|p1a: Regirock
|-supereffective|p1a: Regirock
|-damage|p1a: Regirock|16/100
|move|p1a: Regirock|Thunder Wave|p2a: Feraligatr
|-status|p2a: Feraligatr|par
|
|-heal|p1a: Regirock|22/100|[from] item: Leftovers
|upkeep
|turn|13
|
|t:|1757895274
|move|p1a: Regirock|Protect|p1a: Regirock
|-singleturn|p1a: Regirock|Protect
|move|p2a: Feraligatr|Waterfall|p1a: Regirock
|-activate|p1a: Regirock|move: Protect
|
|-heal|p1a: Regirock|28/100|[from] item: Leftovers
|upkeep
|turn|14
|
|t:|1757895282
|switch|p1a: Registeel|Registeel|100/100
|move|p2a: Feraligatr|Waterfall|p1a: Registeel
|-damage|p1a: Registeel|48/100
|-damage|p2a: Feraligatr|84/100 par|[from] item: Rocky Helmet|[of] p1a: Registeel
|
|upkeep
|turn|15
|
|t:|1757895293
|move|p1a: Registeel|Body Press|p2a: Feraligatr
|-damage|p2a: Feraligatr|54/100 par
|move|p2a: Feraligatr|Waterfall|p1a: Registeel
|-damage|p1a: Registeel|1/100
|-damage|p2a: Feraligatr|37/100 par|[from] item: Rocky Helmet|[of] p1a: Registeel
|
|upkeep
|turn|16
|
|t:|1757895300
|move|p1a: Registeel|Body Press|p2a: Feraligatr
|-damage|p2a: Feraligatr|10/100 par
|move|p2a: Feraligatr|Waterfall|p1a: Registeel
|-damage|p1a: Registeel|0 fnt
|-damage|p2a: Feraligatr|0 fnt|[from] item: Rocky Helmet|[of] p1a: Registeel
|faint|p1a: Registeel
|faint|p2a: Feraligatr
|
|upkeep
|
|t:|1757895317
|switch|p2a: Dragonite|Dragonite, F|100/100
|switch|p1a: Regirock|Regirock|28/100
|turn|17
|
|t:|1757895324
|move|p2a: Dragonite|Outrage|p1a: Regirock
|-damage|p1a: Regirock|1/100
|move|p1a: Regirock|Thunder Wave|p2a: Dragonite
|-status|p2a: Dragonite|par
|
|-heal|p1a: Regirock|7/100|[from] item: Leftovers
|upkeep
|turn|18
|
|t:|1757895333
|move|p2a: Dragonite|Outrage|p1a: Regirock|[from] lockedmove
|-damage|p1a: Regirock|0 fnt
|faint|p1a: Regirock
|-start|p2a: Dragonite|confusion|[fatigue]
|
|upkeep
|
|t:|1757895337
|switch|p1a: Regice|Regice|100/100
|turn|19
|
|t:|1757895344
|switch|p2a: Ditto|Ditto|62/100
|-transform|p2a: Ditto|p1a: Regice|[from] ability: Imposter
|move|p1a: Regice|Ice Beam|p2a: Ditto
|-resisted|p2a: Ditto
|-damage|p2a: Ditto|53/100
|
|upkeep
|turn|20
|
|t:|1757895355
|move|p2a: Ditto|Thunder|p1a: Regice|[miss]
|-miss|p2a: Ditto|p1a: Regice
|move|p1a: Regice|Thunder|p2a: Ditto|[miss]
|-miss|p1a: Regice|p2a: Ditto
|
|upkeep
|turn|21
|
|t:|1757895360
|move|p2a: Ditto|Thunder|p1a: Regice
|-crit|p1a: Regice
|-damage|p1a: Regice|81/100
|move|p1a: Regice|Thunder|p2a: Ditto
|-damage|p2a: Ditto|38/100
|
|upkeep
|turn|22
|
|t:|1757895367
|move|p2a: Ditto|Thunder|p1a: Regice
|-damage|p1a: Regice|69/100
|move|p1a: Regice|Flash Cannon|p2a: Ditto
|-supereffective|p2a: Ditto
|-damage|p2a: Ditto|15/100
|
|upkeep
|turn|23
|
|t:|1757895375
|move|p2a: Ditto|Thunder|p1a: Regice|[miss]
|-miss|p2a: Ditto|p1a: Regice
|move|p1a: Regice|Flash Cannon|p2a: Ditto
|-supereffective|p2a: Ditto
|-damage|p2a: Ditto|0 fnt
|faint|p2a: Ditto
|
|upkeep
|
|t:|1757895388
|switch|p2a: Dragonite|Dragonite, F|100/100 par
|turn|24
|
|t:|1757895393
|move|p2a: Dragonite|Outrage|p1a: Regice
|-damage|p1a: Regice|29/100
|move|p1a: Regice|Ice Beam|p2a: Dragonite
|-supereffective|p2a: Dragonite
|-damage|p2a: Dragonite|39/100 par
|-enditem|p2a: Dragonite|Weakness Policy
|-boost|p2a: Dragonite|atk|2|[from] item: Weakness Policy
|-boost|p2a: Dragonite|spa|2|[from] item: Weakness Policy
|
|upkeep
|turn|25
|
|t:|1757895402
|cant|p2a: Dragonite|par
|move|p1a: Regice|Ice Beam|p2a: Dragonite
|-supereffective|p2a: Dragonite
|-damage|p2a: Dragonite|0 fnt
|faint|p2a: Dragonite
|
|upkeep
|
|t:|1757895406
|switch|p2a: Iron Valiant|Iron Valiant|100/100
|-enditem|p2a: Iron Valiant|Booster Energy
|-activate|p2a: Iron Valiant|ability: Quark Drive|[fromitem]
|-start|p2a: Iron Valiant|quarkdrivespe
|turn|26
|
|t:|1757895418
|move|p2a: Iron Valiant|Close Combat|p1a: Regice
|-supereffective|p1a: Regice
|-damage|p1a: Regice|0 fnt
|-unboost|p2a: Iron Valiant|def|1
|-unboost|p2a: Iron Valiant|spd|1
|faint|p1a: Regice
|
|upkeep
|
|t:|1757895423
|switch|p1a: Regidrago|Regidrago|100/100
|turn|27
|
|t:|1757895431
|-terastallize|p1a: Regidrago|Dragon
|move|p2a: Iron Valiant|Spirit Break|p1a: Regidrago
|-supereffective|p1a: Regidrago
|-damage|p1a: Regidrago|16/100
|-unboost|p1a: Regidrago|spa|1
|move|p1a: Regidrago|Earth Power|p2a: Iron Valiant
|-damage|p2a: Iron Valiant|57/100
|
|upkeep
|turn|28
|
|t:|1757895438
|move|p2a: Iron Valiant|Spirit Break|p1a: Regidrago
|-supereffective|p1a: Regidrago
|-damage|p1a: Regidrago|0 fnt
|faint|p1a: Regidrago
|
|win|KATVENDISHu
|raw|mizizizi's rating: 1098 &rarr; <strong>1073</strong><br />(-25 for losing)
|raw|KATVENDISHu's rating: 1089 &rarr; <strong>1116</strong><br />(+27 for winning)
|l|‽mizizizi
|player|p1|
|l|☆KATVENDISHu
|player|p2|
