|j|☆evin
|j|☆jemaisjepa
|t:|1757874937
|gametype|singles
|player|p1|evin|2|1455
|player|p2|jemaisjepa|marlon|1433
|gen|9
|tier|[Gen 9] OU
|rated|
|rule|HP Percentage Mod: HP is shown in percentages
|rule|Endless Battle Clause: Forcing endless battles is banned
|rule|Species Clause: Limit one of each Pokémon
|rule|OHKO Clause: OHKO moves are banned
|rule|Evasion Items Clause: Evasion items are banned
|rule|Evasion Moves Clause: Evasion moves are banned
|rule|Evasion Abilities Clause: Evasion abilities are banned
|rule|Sleep Moves Clause: Sleep-inducing moves are banned
|clearpoke
|poke|p1|Ursaluna, F|
|poke|p1|Garchomp, M|
|poke|p1|Noivern, M|
|poke|p1|Avalugg, F|
|poke|p1|Lucario, F|
|poke|p1|Iron Valiant|
|poke|p2|Keldeo-Resolute|
|poke|p2|Iron Treads|
|poke|p2|Moltres|
|poke|p2|Sinistcha|
|poke|p2|Slowking-Galar, F|
|poke|p2|Ogerpon-Wellspring, F|
|teampreview
|inactive|Battle timer is ON: inactive players will automatically lose when time's up. (requested by jemaisjepa)
|
|t:|1757874949
|teamsize|p1|6
|teamsize|p2|6
|start
|switch|p1a: Ursaluna|Ursaluna, F|100/100
|switch|p2a: Ogerpon|Ogerpon-Wellspring, F|100/100
|turn|1
|
|t:|1757874954
|switch|p1a: Noivern|Noivern, M|100/100
|move|p2a: Ogerpon|Power Whip|p1a: Noivern
|-resisted|p1a: Noivern
|-damage|p1a: Noivern|78/100
|
|upkeep
|turn|2
|
|t:|1757874960
|switch|p2a: Slowking|Slowking-Galar, F|100/100
|move|p1a: Noivern|Air Slash|p2a: Slowking
|-damage|p2a: Slowking|71/100
|
|upkeep
|turn|3
|
|t:|1757874966
|switch|p1a: Garchomp|Garchomp, M|100/100
|move|p2a: Slowking|Future Sight|p1a: Garchomp
|-start|p2a: Slowking|move: Future Sight
|
|upkeep
|turn|4
|
|t:|1757874973
|switch|p2a: Sinistcha|Sinistcha|100/100
|move|p1a: Garchomp|Swords Dance|p1a: Garchomp
|-boost|p1a: Garchomp|atk|2
|
|upkeep
|turn|5
|
|t:|1757874978
|move|p1a: Garchomp|Swords Dance|p1a: Garchomp
|-boost|p1a: Garchomp|atk|2
|move|p2a: Sinistcha|Strength Sap|p1a: Garchomp
|-unboost|p1a: Garchomp|atk|1
|
|-end|p1a: Garchomp|move: Future Sight
|-damage|p1a: Garchomp|51/100
|upkeep
|turn|6
|
|t:|1757874983
|move|p1a: Garchomp|Scale Shot|p2a: Sinistcha
|-damage|p2a: Sinistcha|71/100
|-damage|p2a: Sinistcha|44/100
|-damage|p2a: Sinistcha|15/100
|-hitcount|p2a: Sinistcha|3
|-unboost|p1a: Garchomp|def|1
|-boost|p1a: Garchomp|spe|1
|-damage|p1a: Garchomp|41/100|[from] item: Life Orb
|move|p2a: Sinistcha|Strength Sap|p1a: Garchomp
|-unboost|p1a: Garchomp|atk|1
|-heal|p2a: Sinistcha|100/100
|
|upkeep
|turn|7
|
|t:|1757874990
|move|p1a: Garchomp|Swords Dance|p1a: Garchomp
|-boost|p1a: Garchomp|atk|2
|move|p2a: Sinistcha|Strength Sap|p1a: Garchomp
|-unboost|p1a: Garchomp|atk|1
|
|upkeep
|turn|8
|
|t:|1757874995
|move|p1a: Garchomp|Swords Dance|p1a: Garchomp
|-boost|p1a: Garchomp|atk|2
|move|p2a: Sinistcha|Matcha Gotcha|p1a: Garchomp|[miss]
|-miss|p2a: Sinistcha|p1a: Garchomp
|
|upkeep
|turn|9
|
|t:|1757874998
|move|p1a: Garchomp|Scale Shot|p2a: Sinistcha
|-damage|p2a: Sinistcha|63/100
|-damage|p2a: Sinistcha|22/100
|-damage|p2a: Sinistcha|0 fnt
|faint|p2a: Sinistcha
|-hitcount|p2: Sinistcha|3
|-unboost|p1a: Garchomp|def|1
|-boost|p1a: Garchomp|spe|1
|-damage|p1a: Garchomp|31/100|[from] item: Life Orb
|
|upkeep
|
|t:|1757875004
|switch|p2a: Keldeo|Keldeo-Resolute|100/100
|turn|10
|
|t:|1757875029
|-terastallize|p2a: Keldeo|Fighting
|move|p2a: Keldeo|Vacuum Wave|p1a: Garchomp
|-damage|p1a: Garchomp|0 fnt
|faint|p1a: Garchomp
|
|upkeep
|
|t:|1757875034
|switch|p1a: Noivern|Noivern, M|78/100
|turn|11
|
|t:|1757875048
|switch|p2a: Iron Treads|Iron Treads|100/100
|move|p1a: Noivern|Boomburst|p2a: Iron Treads
|-resisted|p2a: Iron Treads
|-damage|p2a: Iron Treads|78/100
|
|-heal|p2a: Iron Treads|85/100|[from] item: Leftovers
|upkeep
|turn|12
|
|t:|1757875053
|switch|p1a: Ursaluna|Ursaluna, F|100/100
|move|p2a: Iron Treads|Stealth Rock|p1a: Ursaluna
|-sidestart|p1: evin|move: Stealth Rock
|
|-heal|p2a: Iron Treads|91/100|[from] item: Leftovers
|upkeep
|turn|13
|
|t:|1757875062
|-end|p2a: Iron Treads|Quark Drive|[silent]
|switch|p2a: Moltres|Moltres|100/100
|move|p1a: Ursaluna|Facade|p2a: Moltres
|-damage|p2a: Moltres|77/100
|
|upkeep
|turn|14
|
|t:|1757875065
|move|p2a: Moltres|Flamethrower|p1a: Ursaluna
|-damage|p1a: Ursaluna|79/100
|move|p1a: Ursaluna|Facade|p2a: Moltres
|-damage|p2a: Moltres|54/100
|
|-heal|p1a: Ursaluna|85/100|[from] item: Leftovers
|upkeep
|turn|15
|
|t:|1757875070
|move|p2a: Moltres|Roost|p2a: Moltres
|-heal|p2a: Moltres|100/100
|-singleturn|p2a: Moltres|move: Roost
|move|p1a: Ursaluna|Facade|p2a: Moltres
|-damage|p2a: Moltres|79/100
|
|-heal|p1a: Ursaluna|91/100|[from] item: Leftovers
|upkeep
|turn|16
|
|t:|1757875074
|move|p1a: Ursaluna|Facade|p2a: Moltres
|-damage|p2a: Moltres|58/100
|-status|p1a: Ursaluna|brn|[from] ability: Flame Body|[of] p2a: Moltres
|move|p2a: Moltres|Roar|p1a: Ursaluna
|drag|p1a: Avalugg|Avalugg, F|100/100
|
|upkeep
|turn|17
|
|t:|1757875082
|switch|p1a: Ursaluna|Ursaluna, F|91/100 brn
|-damage|p1a: Ursaluna|85/100 brn|[from] Stealth Rock
|move|p2a: Moltres|Flamethrower|p1a: Ursaluna
|-damage|p1a: Ursaluna|63/100 brn
|
|-heal|p1a: Ursaluna|69/100 brn|[from] item: Leftovers
|-damage|p1a: Ursaluna|63/100 brn|[from] brn
|upkeep
|turn|18
|
|t:|1757875089
|move|p2a: Moltres|Roost|p2a: Moltres
|-heal|p2a: Moltres|100/100
|-singleturn|p2a: Moltres|move: Roost
|move|p1a: Ursaluna|Earthquake|p2a: Moltres
|-supereffective|p2a: Moltres
|-damage|p2a: Moltres|3/100
|
|-heal|p1a: Ursaluna|69/100 brn|[from] item: Leftovers
|-damage|p1a: Ursaluna|63/100 brn|[from] brn
|upkeep
|turn|19
|
|t:|1757875095
|move|p2a: Moltres|Flamethrower|p1a: Ursaluna
|-crit|p1a: Ursaluna
|-damage|p1a: Ursaluna|31/100 brn
|move|p1a: Ursaluna|Facade|p2a: Moltres
|-damage|p2a: Moltres|0 fnt
|faint|p2a: Moltres
|
|-heal|p1a: Ursaluna|37/100 brn|[from] item: Leftovers
|-damage|p1a: Ursaluna|31/100 brn|[from] brn
|upkeep
|
|t:|1757875098
|switch|p2a: Ogerpon|Ogerpon-Wellspring, F|100/100
|turn|20
|
|t:|1757875102
|switch|p1a: Noivern|Noivern, M|78/100
|-damage|p1a: Noivern|53/100|[from] Stealth Rock
|move|p2a: Ogerpon|Ivy Cudgel|p1a: Noivern|[anim] Ivy Cudgel Water
|-resisted|p1a: Noivern
|-damage|p1a: Noivern|13/100
|
|upkeep
|turn|21
|
|t:|1757875109
|switch|p2a: Slowking|Slowking-Galar, F|100/100
|move|p1a: Noivern|Draco Meteor|p2a: Slowking
|-damage|p2a: Slowking|53/100
|-unboost|p1a: Noivern|spa|2
|
|upkeep
|turn|22
|
|t:|1757875114
|switch|p1a: Lucario|Lucario, F|100/100
|-damage|p1a: Lucario|98/100|[from] Stealth Rock
|switch|p2a: Iron Treads|Iron Treads|91/100
|
|-heal|p2a: Iron Treads|97/100|[from] item: Leftovers
|upkeep
|turn|23
|
|t:|1757875120
|move|p1a: Lucario|Vacuum Wave|p2a: Iron Treads
|-supereffective|p2a: Iron Treads
|-damage|p2a: Iron Treads|59/100
|-damage|p1a: Lucario|88/100|[from] item: Life Orb
|move|p2a: Iron Treads|Earthquake|p1a: Lucario
|-supereffective|p1a: Lucario
|-damage|p1a: Lucario|0 fnt
|faint|p1a: Lucario
|
|-heal|p2a: Iron Treads|65/100|[from] item: Leftovers
|upkeep
|
|t:|1757875128
|switch|p1a: Avalugg|Avalugg, F|100/100
|turn|24
|
|t:|1757875134
|move|p2a: Iron Treads|Knock Off|p1a: Avalugg
|-crit|p1a: Avalugg
|-damage|p1a: Avalugg|81/100
|-enditem|p1a: Avalugg|Heavy-Duty Boots|[from] move: Knock Off|[of] p2a: Iron Treads
|move|p1a: Avalugg|Rapid Spin|p2a: Iron Treads
|-resisted|p2a: Iron Treads
|-damage|p2a: Iron Treads|59/100
|-boost|p1a: Avalugg|spe|1
|-sideend|p1: evin|Stealth Rock|[from] move: Rapid Spin|[of] p1a: Avalugg
|
|-heal|p2a: Iron Treads|66/100|[from] item: Leftovers
|upkeep
|turn|25
|
|t:|1757875139
|move|p2a: Iron Treads|Stealth Rock|p1a: Avalugg
|-sidestart|p1: evin|move: Stealth Rock
|move|p1a: Avalugg|Rapid Spin|p2a: Iron Treads
|-resisted|p2a: Iron Treads
|-damage|p2a: Iron Treads|60/100
|-boost|p1a: Avalugg|spe|1
|-sideend|p1: evin|Stealth Rock|[from] move: Rapid Spin|[of] p1a: Avalugg
|
|-heal|p2a: Iron Treads|66/100|[from] item: Leftovers
|upkeep
|turn|26
|
|t:|1757875144
|move|p2a: Iron Treads|Stealth Rock|p1a: Avalugg
|-sidestart|p1: evin|move: Stealth Rock
|move|p1a: Avalugg|Rapid Spin|p2a: Iron Treads
|-resisted|p2a: Iron Treads
|-damage|p2a: Iron Treads|61/100
|-boost|p1a: Avalugg|spe|1
|-sideend|p1: evin|Stealth Rock|[from] move: Rapid Spin|[of] p1a: Avalugg
|
|-heal|p2a: Iron Treads|67/100|[from] item: Leftovers
|upkeep
|turn|27
|
|t:|1757875152
|move|p2a: Iron Treads|Stealth Rock|p1a: Avalugg
|-sidestart|p1: evin|move: Stealth Rock
|move|p1a: Avalugg|Rapid Spin|p2a: Iron Treads
|-resisted|p2a: Iron Treads
|-damage|p2a: Iron Treads|62/100
|-boost|p1a: Avalugg|spe|1
|-sideend|p1: evin|Stealth Rock|[from] move: Rapid Spin|[of] p1a: Avalugg
|
|-heal|p2a: Iron Treads|69/100|[from] item: Leftovers
|upkeep
|turn|28
|
|t:|1757875154
|move|p1a: Avalugg|Rapid Spin|p2a: Iron Treads
|-resisted|p2a: Iron Treads
|-damage|p2a: Iron Treads|64/100
|-boost|p1a: Avalugg|spe|1
|move|p2a: Iron Treads|Stealth Rock|p1a: Avalugg
|-sidestart|p1: evin|move: Stealth Rock
|
|-heal|p2a: Iron Treads|70/100|[from] item: Leftovers
|upkeep
|turn|29
|
|t:|1757875162
|move|p1a: Avalugg|Rapid Spin|p2a: Iron Treads
|-resisted|p2a: Iron Treads
|-damage|p2a: Iron Treads|65/100
|-boost|p1a: Avalugg|spe|1
|-sideend|p1: evin|Stealth Rock|[from] move: Rapid Spin|[of] p1a: Avalugg
|move|p2a: Iron Treads|Earthquake|p1a: Avalugg
|-damage|p1a: Avalugg|63/100
|
|-heal|p2a: Iron Treads|71/100|[from] item: Leftovers
|upkeep
|turn|30
|
|t:|1757875167
|move|p1a: Avalugg|Body Press|p2a: Iron Treads
|-supereffective|p2a: Iron Treads
|-damage|p2a: Iron Treads|27/100
|move|p2a: Iron Treads|Stealth Rock|p1a: Avalugg
|-sidestart|p1: evin|move: Stealth Rock
|
|-heal|p2a: Iron Treads|33/100|[from] item: Leftovers
|upkeep
|turn|31
|
|t:|1757875177
|-end|p2a: Iron Treads|Quark Drive|[silent]
|switch|p2a: Slowking|Slowking-Galar, F|86/100
|move|p1a: Avalugg|Body Press|p2a: Slowking
|-resisted|p2a: Slowking
|-damage|p2a: Slowking|77/100
|
|upkeep
|turn|32
|
|t:|1757875181
|move|p1a: Avalugg|Icicle Crash|p2a: Slowking
|-damage|p2a: Slowking|43/100
|cant|p2a: Slowking|flinch
|
|upkeep
|turn|33
|
|t:|1757875188
|switch|p2a: Keldeo|Keldeo-Resolute, tera:Fighting|100/100
|move|p1a: Avalugg|Icicle Crash|p2a: Keldeo
|-damage|p2a: Keldeo|60/100
|
|upkeep
|turn|34
|
|t:|1757875194
|switch|p1a: Noivern|Noivern, M|13/100
|-damage|p1a: Noivern|0 fnt|[from] Stealth Rock
|faint|p1a: Noivern
|move|p2a: Keldeo|Vacuum Wave|p1: Noivern|[notarget]
|-fail|p2a: Keldeo
|
|upkeep
|
|t:|1757875198
|switch|p1a: Iron Valiant|Iron Valiant|100/100
|-damage|p1a: Iron Valiant|94/100|[from] Stealth Rock
|-enditem|p1a: Iron Valiant|Booster Energy
|-activate|p1a: Iron Valiant|ability: Quark Drive|[fromitem]
|-start|p1a: Iron Valiant|quarkdrivespe
|turn|35
|
|t:|1757875204
|switch|p2a: Iron Treads|Iron Treads|33/100
|move|p1a: Iron Valiant|Calm Mind|p1a: Iron Valiant
|-boost|p1a: Iron Valiant|spa|1
|-boost|p1a: Iron Valiant|spd|1
|
|-heal|p2a: Iron Treads|39/100|[from] item: Leftovers
|upkeep
|turn|36
|
|t:|1757875211
|-terastallize|p1a: Iron Valiant|Ghost
|move|p1a: Iron Valiant|Shadow Ball|p2a: Iron Treads
|-damage|p2a: Iron Treads|0 fnt
|faint|p2a: Iron Treads
|-end|p2a: Iron Treads|Quark Drive|[silent]
|
|upkeep
|
|t:|1757875220
|switch|p2a: Ogerpon|Ogerpon-Wellspring, F|100/100
|turn|37
|
|t:|1757875231
|-end|p1a: Iron Valiant|Quark Drive|[silent]
|switch|p1a: Ursaluna|Ursaluna, F|31/100 brn
|-damage|p1a: Ursaluna|24/100 brn|[from] Stealth Rock
|move|p2a: Ogerpon|Power Whip|p1a: Ursaluna|[miss]
|-miss|p2a: Ogerpon|p1a: Ursaluna
|
|-heal|p1a: Ursaluna|31/100 brn|[from] item: Leftovers
|-damage|p1a: Ursaluna|24/100 brn|[from] brn
|upkeep
|turn|38
|
|t:|1757875238
|move|p2a: Ogerpon|Ivy Cudgel|p1a: Ursaluna|[anim] Ivy Cudgel Water
|-supereffective|p1a: Ursaluna
|-damage|p1a: Ursaluna|0 fnt
|faint|p1a: Ursaluna
|
|upkeep
|
|t:|1757875240
|switch|p1a: Avalugg|Avalugg, F|63/100
|-damage|p1a: Avalugg|38/100|[from] Stealth Rock
|turn|39
|
|t:|1757875252
|switch|p2a: Slowking|Slowking-Galar, F|76/100
|move|p1a: Avalugg|Icicle Crash|p2a: Slowking
|-damage|p2a: Slowking|41/100
|
|upkeep
|turn|40
|
|t:|1757875260
|move|p1a: Avalugg|Icicle Crash|p2a: Slowking
|-damage|p2a: Slowking|6/100
|move|p2a: Slowking|Future Sight|p1a: Avalugg
|-start|p2a: Slowking|move: Future Sight
|
|upkeep
|turn|41
|
|t:|1757875270
|switch|p2a: Keldeo|Keldeo-Resolute, tera:Fighting|60/100
|move|p1a: Avalugg|Rapid Spin|p2a: Keldeo
|-damage|p2a: Keldeo|44/100
|-boost|p1a: Avalugg|spe|1
|-sideend|p1: evin|Stealth Rock|[from] move: Rapid Spin|[of] p1a: Avalugg
|
|upkeep
|turn|42
|
|t:|1757875278
|move|p2a: Keldeo|Surf|p1a: Avalugg
|-damage|p1a: Avalugg|0 fnt
|faint|p1a: Avalugg
|
|-hint|Future Sight did not hit because the target is fainted.
|upkeep
|
|t:|1757875280
|switch|p1a: Iron Valiant|Iron Valiant, tera:Ghost|94/100
|turn|43
|
|t:|1757875296
|move|p1a: Iron Valiant|Moonblast|p2a: Keldeo
|-supereffective|p2a: Keldeo
|-crit|p2a: Keldeo
|-damage|p2a: Keldeo|0 fnt
|faint|p2a: Keldeo
|
|upkeep
|
|t:|1757875298
|switch|p2a: Ogerpon|Ogerpon-Wellspring, F|100/100
|turn|44
|inactive|jemaisjepa has 120 seconds left.
|
|t:|1757875338
|move|p1a: Iron Valiant|Moonblast|p2a: Ogerpon
|-damage|p2a: Ogerpon|48/100
|move|p2a: Ogerpon|Ivy Cudgel|p1a: Iron Valiant|[anim] Ivy Cudgel Water
|-damage|p1a: Iron Valiant|19/100
|
|upkeep
|turn|45
|
|t:|1757875348
|switch|p2a: Slowking|Slowking-Galar, F|39/100
|move|p1a: Iron Valiant|Moonblast|p2a: Slowking
|-resisted|p2a: Slowking
|-damage|p2a: Slowking|26/100
|-unboost|p2a: Slowking|spa|1
|
|upkeep
|turn|46
|
|t:|1757875358
|switch|p2a: Ogerpon|Ogerpon-Wellspring, F|48/100
|move|p1a: Iron Valiant|Calm Mind|p1a: Iron Valiant
|-boost|p1a: Iron Valiant|spa|1
|-boost|p1a: Iron Valiant|spd|1
|
|upkeep
|turn|47
|
|t:|1757875364
|move|p1a: Iron Valiant|Shadow Ball|p2a: Ogerpon
|-damage|p2a: Ogerpon|0 fnt
|faint|p2a: Ogerpon
|
|upkeep
|
|t:|1757875367
|switch|p2a: Slowking|Slowking-Galar, F|59/100
|turn|48
|
|t:|1757875371
|move|p1a: Iron Valiant|Shadow Ball|p2a: Slowking
|-supereffective|p2a: Slowking
|-damage|p2a: Slowking|0 fnt
|faint|p2a: Slowking
|
|win|evin
|raw|evin's rating: 1455 &rarr; <strong>1474</strong><br />(+19 for winning)
|raw|jemaisjepa's rating: 1433 &rarr; <strong>1414</strong><br />(-19 for losing)
|c|☆evin|gg
|l|☆jemaisjepa
|player|p2|
|l|☆evin
|player|p1|
