|j|☆fireman054
|j|☆blaziken168
|t:|1757939365
|gametype|singles
|player|p1|fireman054|2|1126
|player|p2|blaziken168|2|1085
|gen|9
|tier|[Gen 9] OU
|rated|
|rule|HP Percentage Mod: HP is shown in percentages
|rule|Endless Battle Clause: Forcing endless battles is banned
|rule|Species Clause: Limit one of each Pokémon
|rule|OHKO Clause: OHKO moves are banned
|rule|Evasion Items Clause: Evasion items are banned
|rule|Evasion Moves Clause: Evasion moves are banned
|rule|Evasion Abilities Clause: Evasion abilities are banned
|rule|Sleep Moves Clause: Sleep-inducing moves are banned
|clearpoke
|poke|p1|Samurott-Hisui, F|
|poke|p1|Gholdengo|
|poke|p1|Great Tusk|
|poke|p1|Raging Bolt|
|poke|p1|Dragonite, M|
|poke|p1|Kingambit, M|
|poke|p2|Tropius, M|
|poke|p2|Empoleon, F|
|poke|p2|Galvantula, F|
|poke|p2|Shaymin|
|poke|p2|Decidueye, F|
|poke|p2|Flygon, M|
|teampreview
|inactive|Battle timer is ON: inactive players will automatically lose when time's up. (requested by fireman054)
|
|t:|1757939384
|teamsize|p1|6
|teamsize|p2|6
|start
|switch|p1a: Dragonite|Dragonite, M|100/100
|switch|p2a: Decidueye|Decidueye, F|100/100
|turn|1
|
|t:|1757939392
|move|p1a: Dragonite|Dragon Dance|p1a: Dragonite
|-boost|p1a: Dragonite|atk|1
|-boost|p1a: Dragonite|spe|1
|move|p2a: Decidueye|Spirit Shackle|p1a: Dragonite
|-damage|p1a: Dragonite|73/100
|-activate|p1a: Dragonite|trapped
|-damage|p2a: Decidueye|91/100|[from] item: Life Orb
|
|upkeep
|turn|2
|
|t:|1757939402
|-terastallize|p2a: Decidueye|Steel
|move|p1a: Dragonite|Dragon Dance|p1a: Dragonite
|-boost|p1a: Dragonite|atk|1
|-boost|p1a: Dragonite|spe|1
|move|p2a: Decidueye|Spirit Shackle|p1a: Dragonite
|-damage|p1a: Dragonite|18/100
|-damage|p2a: Decidueye|81/100|[from] item: Life Orb
|
|upkeep
|turn|3
|
|t:|1757939412
|move|p2a: Decidueye|Shadow Sneak|p1a: Dragonite
|-damage|p1a: Dragonite|0 fnt
|faint|p1a: Dragonite
|-damage|p2a: Decidueye|71/100|[from] item: Life Orb
|
|upkeep
|
|t:|1757939419
|switch|p1a: Samurott|Samurott-Hisui, F|100/100
|turn|4
|
|t:|1757939423
|move|p1a: Samurott|Ceaseless Edge|p2a: Decidueye
|-damage|p2a: Decidueye|4/100
|-sidestart|p2: blaziken168|Spikes
|move|p2a: Decidueye|Leaf Blade|p1a: Samurott
|-supereffective|p1a: Samurott
|-enditem|p1a: Samurott|Focus Sash
|-damage|p1a: Samurott|1/100
|-damage|p2a: Decidueye|0 fnt|[from] item: Life Orb
|faint|p2a: Decidueye
|
|upkeep
|
|t:|1757939434
|switch|p2a: Empoleon|Empoleon, F|100/100
|-item|p2a: Empoleon|Air Balloon
|turn|5
|
|t:|1757939441
|move|p1a: Samurott|Sucker Punch|p2a: Empoleon
|-damage|p2a: Empoleon|63/100
|-enditem|p2a: Empoleon|Air Balloon
|move|p2a: Empoleon|Vacuum Wave|p1a: Samurott
|-supereffective|p1a: Samurott
|-damage|p1a: Samurott|0 fnt
|faint|p1a: Samurott
|
|upkeep
|
|t:|1757939448
|switch|p1a: Raging Bolt|Raging Bolt|100/100
|-enditem|p1a: Raging Bolt|Booster Energy
|-activate|p1a: Raging Bolt|ability: Protosynthesis|[fromitem]
|-start|p1a: Raging Bolt|protosynthesisspa
|turn|6
|
|t:|1757939455
|move|p1a: Raging Bolt|Calm Mind|p1a: Raging Bolt
|-boost|p1a: Raging Bolt|spa|1
|-boost|p1a: Raging Bolt|spd|1
|move|p2a: Empoleon|Agility|p2a: Empoleon
|-boost|p2a: Empoleon|spe|2
|
|upkeep
|turn|7
|
|t:|1757939463
|move|p1a: Raging Bolt|Thunderclap|p2a: Empoleon
|-supereffective|p2a: Empoleon
|-damage|p2a: Empoleon|0 fnt
|faint|p2a: Empoleon
|
|upkeep
|
|t:|1757939472
|switch|p2a: Tropius|Tropius, M|100/100
|turn|8
|
|t:|1757939482
|move|p1a: Raging Bolt|Thunderbolt|p2a: Tropius
|-damage|p2a: Tropius|13/100
|-enditem|p2a: Tropius|Sitrus Berry|[eat]
|-heal|p2a: Tropius|38/100|[from] item: Sitrus Berry
|move|p2a: Tropius|Leech Seed|p1a: Raging Bolt
|-start|p1a: Raging Bolt|move: Leech Seed
|
|-damage|p1a: Raging Bolt|88/100|[from] Leech Seed|[of] p2a: Tropius
|-heal|p2a: Tropius|50/100|[silent]
|-item|p2a: Tropius|Sitrus Berry|[from] ability: Harvest
|upkeep
|-enditem|p2a: Tropius|Sitrus Berry|[eat]
|-heal|p2a: Tropius|75/100|[from] item: Sitrus Berry
|turn|9
|
|t:|1757939495
|move|p1a: Raging Bolt|Calm Mind|p1a: Raging Bolt
|-boost|p1a: Raging Bolt|spa|1
|-boost|p1a: Raging Bolt|spd|1
|move|p2a: Tropius|Substitute|p2a: Tropius
|-start|p2a: Tropius|Substitute
|-damage|p2a: Tropius|50/100
|
|-damage|p1a: Raging Bolt|76/100|[from] Leech Seed|[of] p2a: Tropius
|-heal|p2a: Tropius|62/100|[silent]
|-item|p2a: Tropius|Sitrus Berry|[from] ability: Harvest
|upkeep
|turn|10
|
|t:|1757939506
|move|p2a: Tropius|Protect|p2a: Tropius
|-singleturn|p2a: Tropius|Protect
|move|p1a: Raging Bolt|Thunderbolt|p2a: Tropius
|-activate|p2a: Tropius|move: Protect
|
|-damage|p1a: Raging Bolt|64/100|[from] Leech Seed|[of] p2a: Tropius
|-heal|p2a: Tropius|74/100|[silent]
|upkeep
|turn|11
|
|t:|1757939515
|move|p1a: Raging Bolt|Thunderbolt|p2a: Tropius
|-end|p2a: Tropius|Substitute
|move|p2a: Tropius|Substitute|p2a: Tropius
|-start|p2a: Tropius|Substitute
|-damage|p2a: Tropius|49/100
|-enditem|p2a: Tropius|Sitrus Berry|[eat]
|-heal|p2a: Tropius|74/100|[from] item: Sitrus Berry
|
|-damage|p1a: Raging Bolt|51/100|[from] Leech Seed|[of] p2a: Tropius
|-heal|p2a: Tropius|86/100|[silent]
|-item|p2a: Tropius|Sitrus Berry|[from] ability: Harvest
|upkeep
|turn|12
|
|t:|1757939528
|move|p1a: Raging Bolt|Thunderbolt|p2a: Tropius
|-end|p2a: Tropius|Substitute
|move|p2a: Tropius|Air Slash|p1a: Raging Bolt
|-resisted|p1a: Raging Bolt
|-damage|p1a: Raging Bolt|47/100
|
|-damage|p1a: Raging Bolt|35/100|[from] Leech Seed|[of] p2a: Tropius
|-heal|p2a: Tropius|98/100|[silent]
|upkeep
|turn|13
|
|t:|1757939537
|move|p2a: Tropius|Protect|p2a: Tropius
|-singleturn|p2a: Tropius|Protect
|move|p1a: Raging Bolt|Thunderbolt|p2a: Tropius
|-activate|p2a: Tropius|move: Protect
|
|-damage|p1a: Raging Bolt|22/100|[from] Leech Seed|[of] p2a: Tropius
|-heal|p2a: Tropius|100/100|[silent]
|upkeep
|turn|14
|
|t:|1757939546
|switch|p2a: Galvantula|Galvantula, F|100/100
|-damage|p2a: Galvantula|88/100|[from] Spikes
|move|p1a: Raging Bolt|Thunderbolt|p2a: Galvantula
|-resisted|p2a: Galvantula
|-damage|p2a: Galvantula|0 fnt
|faint|p2a: Galvantula
|
|upkeep
|
|t:|1757939561
|switch|p2a: Flygon|Flygon, M|100/100
|turn|15
|
|t:|1757939567
|move|p2a: Flygon|Earthquake|p1a: Raging Bolt
|-supereffective|p1a: Raging Bolt
|-damage|p1a: Raging Bolt|0 fnt
|faint|p1a: Raging Bolt
|-end|p1a: Raging Bolt|Protosynthesis|[silent]
|
|upkeep
|
|t:|1757939574
|switch|p1a: Great Tusk|Great Tusk|100/100
|turn|16
|
|t:|1757939578
|switch|p2a: Tropius|Tropius, M|100/100
|move|p1a: Great Tusk|Ice Spinner|p2a: Tropius
|-supereffective|p2a: Tropius
|-damage|p2a: Tropius|27/100
|-enditem|p2a: Tropius|Sitrus Berry|[eat]
|-heal|p2a: Tropius|52/100|[from] item: Sitrus Berry
|
|-item|p2a: Tropius|Sitrus Berry|[from] ability: Harvest
|upkeep
|turn|17
|
|t:|1757939595
|move|p1a: Great Tusk|Ice Spinner|p2a: Tropius
|-supereffective|p2a: Tropius
|-damage|p2a: Tropius|0 fnt
|faint|p2a: Tropius
|
|upkeep
|
|t:|1757939600
|switch|p2a: Shaymin|Shaymin|100/100
|-damage|p2a: Shaymin|88/100|[from] Spikes
|turn|18
|
|t:|1757939616
|move|p1a: Great Tusk|Ice Spinner|p2a: Shaymin
|-supereffective|p2a: Shaymin
|-damage|p2a: Shaymin|57/100
|move|p2a: Shaymin|Leech Seed|p1a: Great Tusk
|-start|p1a: Great Tusk|move: Leech Seed
|
|-heal|p2a: Shaymin|64/100|[from] item: Leftovers
|-damage|p1a: Great Tusk|88/100|[from] Leech Seed|[of] p2a: Shaymin
|-heal|p2a: Shaymin|77/100|[silent]
|upkeep
|turn|19
|
|t:|1757939628
|-end|p1a: Great Tusk|Protosynthesis|[silent]
|switch|p1a: Gholdengo|Gholdengo, shiny|100/100
|-item|p1a: Gholdengo|Air Balloon
|move|p2a: Shaymin|Giga Drain|p1a: Gholdengo
|-resisted|p1a: Gholdengo
|-damage|p1a: Gholdengo|85/100
|-heal|p2a: Shaymin|83/100|[from] drain|[of] p1a: Gholdengo
|-enditem|p1a: Gholdengo|Air Balloon
|
|-heal|p2a: Shaymin|89/100|[from] item: Leftovers
|upkeep
|turn|20
|
|t:|1757939640
|switch|p2a: Flygon|Flygon, M|100/100
|move|p1a: Gholdengo|Nasty Plot|p1a: Gholdengo
|-boost|p1a: Gholdengo|spa|2
|
|upkeep
|turn|21
|
|t:|1757939649
|move|p2a: Flygon|Earthquake|p1a: Gholdengo
|-supereffective|p1a: Gholdengo
|-damage|p1a: Gholdengo|0 fnt
|faint|p1a: Gholdengo
|
|upkeep
|inactive|fireman054 has 120 seconds left.
|
|t:|1757939686
|switch|p1a: Great Tusk|Great Tusk|88/100
|turn|22
|
|t:|1757939694
|switch|p2a: Shaymin|Shaymin|89/100
|-damage|p2a: Shaymin|77/100|[from] Spikes
|move|p1a: Great Tusk|Ice Spinner|p2a: Shaymin
|-supereffective|p2a: Shaymin
|-damage|p2a: Shaymin|47/100
|
|-heal|p2a: Shaymin|53/100|[from] item: Leftovers
|upkeep
|turn|23
|
|t:|1757939704
|move|p1a: Great Tusk|Ice Spinner|p2a: Shaymin
|-supereffective|p2a: Shaymin
|-damage|p2a: Shaymin|23/100
|move|p2a: Shaymin|Leech Seed|p1a: Great Tusk
|-start|p1a: Great Tusk|move: Leech Seed
|
|-heal|p2a: Shaymin|29/100|[from] item: Leftovers
|-damage|p1a: Great Tusk|76/100|[from] Leech Seed|[of] p2a: Shaymin
|-heal|p2a: Shaymin|42/100|[silent]
|upkeep
|turn|24
|
|t:|1757939717
|move|p2a: Shaymin|Protect|p2a: Shaymin
|-singleturn|p2a: Shaymin|Protect
|move|p1a: Great Tusk|Knock Off|p2a: Shaymin
|-activate|p2a: Shaymin|move: Protect
|
|-heal|p2a: Shaymin|48/100|[from] item: Leftovers
|-damage|p1a: Great Tusk|63/100|[from] Leech Seed|[of] p2a: Shaymin
|-heal|p2a: Shaymin|62/100|[silent]
|upkeep
|turn|25
|
|t:|1757939727
|move|p1a: Great Tusk|Knock Off|p2a: Shaymin
|-damage|p2a: Shaymin|44/100
|-enditem|p2a: Shaymin|Leftovers|[from] move: Knock Off|[of] p1a: Great Tusk
|move|p2a: Shaymin|Giga Drain|p1a: Great Tusk
|-supereffective|p1a: Great Tusk
|-damage|p1a: Great Tusk|0 fnt
|-heal|p2a: Shaymin|78/100|[from] drain|[of] p1a: Great Tusk
|faint|p1a: Great Tusk
|-end|p1a: Great Tusk|Protosynthesis|[silent]
|
|upkeep
|
|t:|1757939735
|switch|p1a: Kingambit|Kingambit, M|100/100
|-activate|p1a: Kingambit|ability: Supreme Overlord
|-start|p1a: Kingambit|fallen5|[silent]
|turn|26
|
|t:|1757939748
|move|p2a: Shaymin|Healing Wish|p2a: Shaymin
|faint|p2a: Shaymin
|move|p1a: Kingambit|Kowtow Cleave|p2: Shaymin|[notarget]
|-fail|p1a: Kingambit
|
|upkeep
|
|t:|1757939760
|switch|p2a: Flygon|Flygon, M|100/100
|turn|27
|
|t:|1757939766
|move|p2a: Flygon|Earthquake|p1a: Kingambit
|-supereffective|p1a: Kingambit
|-damage|p1a: Kingambit|21/100
|move|p1a: Kingambit|Kowtow Cleave|p2a: Flygon
|-damage|p2a: Flygon|0 fnt
|faint|p2a: Flygon
|
|win|fireman054
|raw|fireman054's rating: 1126 &rarr; <strong>1148</strong><br />(+22 for winning)
|raw|blaziken168's rating: 1085 &rarr; <strong>1065</strong><br />(-20 for losing)
|l|☆fireman054
|player|p1|
|l|☆blaziken168
|player|p2|
