|j|☆AlmightyAltaria
|j|☆U SO JELLY
|t:|1757822729
|gametype|singles
|player|p1|AlmightyAltaria|265|1266
|player|p2|U SO JELLY|170|1281
|gen|9
|tier|[Gen 9] OU
|rated|
|rule|HP Percentage Mod: HP is shown in percentages
|rule|Endless Battle Clause: Forcing endless battles is banned
|rule|Species Clause: Limit one of each Pokémon
|rule|OHKO Clause: OHKO moves are banned
|rule|Evasion Items Clause: Evasion items are banned
|rule|Evasion Moves Clause: Evasion moves are banned
|rule|Evasion Abilities Clause: Evasion abilities are banned
|rule|Sleep Moves Clause: Sleep-inducing moves are banned
|clearpoke
|poke|p1|Jolteon, F|
|poke|p1|Slowking-Galar, M|
|poke|p1|Great Tusk|
|poke|p1|Moltres|
|poke|p1|Kingambit, M|
|poke|p1|Hydrapple, F|
|poke|p2|Metagross|
|poke|p2|Landorus-Therian, M|
|poke|p2|Alomomola, M|
|poke|p2|Kingambit, M|
|poke|p2|Moltres|
|poke|p2|Samurott-Hisui, M|
|teampreview
|inactive|Battle timer is ON: inactive players will automatically lose when time's up. (requested by U SO JELLY)
|
|t:|1757822741
|teamsize|p1|6
|teamsize|p2|6
|start
|switch|p1a: Jolteon|Jolteon, F|100/100
|switch|p2a: Metagross|Metagross|100/100
|turn|1
|
|t:|1757822748
|move|p1a: Jolteon|Volt Switch|p2a: Metagross
|-damage|p2a: Metagross|82/100
|
|t:|1757822759
|switch|p1a: Hydrapple|Hydrapple, F|100/100|[from] Volt Switch
|move|p2a: Metagross|Knock Off|p1a: Hydrapple
|-damage|p1a: Hydrapple|81/100
|-enditem|p1a: Hydrapple|Heavy-Duty Boots|[from] move: Knock Off|[of] p2a: Metagross
|
|upkeep
|turn|2
|
|t:|1757822765
|move|p2a: Metagross|Meteor Mash|p1a: Hydrapple
|-damage|p1a: Hydrapple|54/100
|move|p1a: Hydrapple|Nasty Plot|p1a: Hydrapple
|-boost|p1a: Hydrapple|spa|2
|
|upkeep
|turn|3
|
|t:|1757822769
|move|p2a: Metagross|Meteor Mash|p1a: Hydrapple
|-damage|p1a: Hydrapple|30/100
|move|p1a: Hydrapple|Earth Power|p2a: Metagross
|-supereffective|p2a: Metagross
|-damage|p2a: Metagross|30/100
|
|upkeep
|turn|4
|
|t:|1757822778
|move|p2a: Metagross|Explosion|p1a: Hydrapple
|-damage|p1a: Hydrapple|0 fnt
|faint|p2a: Metagross
|faint|p1a: Hydrapple
|
|upkeep
|
|t:|1757822789
|switch|p2a: Samurott|Samurott-Hisui, M|100/100
|switch|p1a: Great Tusk|Great Tusk|100/100
|turn|5
|
|t:|1757822801
|-end|p1a: Great Tusk|Protosynthesis|[silent]
|switch|p1a: Jolteon|Jolteon, F|100/100
|-terastallize|p2a: Samurott|Water
|move|p2a: Samurott|Razor Shell|p1a: Jolteon
|-damage|p1a: Jolteon|0 fnt
|faint|p1a: Jolteon
|
|upkeep
|
|t:|1757822804
|switch|p1a: Great Tusk|Great Tusk|100/100
|turn|6
|
|t:|1757822808
|-terastallize|p1a: Great Tusk|Water
|move|p2a: Samurott|Razor Shell|p1a: Great Tusk|[miss]
|-miss|p2a: Samurott|p1a: Great Tusk
|move|p1a: Great Tusk|Stealth Rock|p2a: Samurott
|-sidestart|p2: U SO JELLY|move: Stealth Rock
|
|upkeep
|turn|7
|
|t:|1757822814
|switch|p2a: Moltres|Moltres|100/100
|move|p1a: Great Tusk|Rapid Spin|p2a: Moltres
|-damage|p2a: Moltres|91/100
|-boost|p1a: Great Tusk|spe|1
|-status|p1a: Great Tusk|brn|[from] ability: Flame Body|[of] p2a: Moltres
|
|-damage|p1a: Great Tusk|94/100 brn|[from] brn
|upkeep
|turn|8
|
|t:|1757822822
|-end|p1a: Great Tusk|Protosynthesis|[silent]
|switch|p1a: Slowking|Slowking-Galar, M|100/100
|move|p2a: Moltres|U-turn|p1a: Slowking
|-damage|p1a: Slowking|85/100
|
|t:|1757822828
|switch|p2a: Kingambit|Kingambit, M|100/100|[from] U-turn
|-damage|p2a: Kingambit|94/100|[from] Stealth Rock
|-activate|p2a: Kingambit|ability: Supreme Overlord
|-start|p2a: Kingambit|fallen1|[silent]
|
|-heal|p2a: Kingambit|100/100|[from] item: Leftovers
|upkeep
|turn|9
|-message|AlmightyAltaria forfeited.
|
|win|U SO JELLY
|raw|AlmightyAltaria's rating: 1266 &rarr; <strong>1242</strong><br />(-24 for losing)
|raw|U SO JELLY's rating: 1281 &rarr; <strong>1305</strong><br />(+24 for winning)
|l|☆AlmightyAltaria
|player|p1|
|l|☆U SO JELLY
|player|p2|
