|j|☆yijing
|j|☆catney
|t:|1757830142
|gametype|singles
|player|p1|yijing|170|1184
|player|p2|catney|101|1235
|gen|9
|tier|[Gen 9] OU
|rated|
|rule|HP Percentage Mod: HP is shown in percentages
|rule|Endless Battle Clause: Forcing endless battles is banned
|rule|Species Clause: Limit one of each Pokémon
|rule|OHKO Clause: OHKO moves are banned
|rule|Evasion Items Clause: Evasion items are banned
|rule|Evasion Moves Clause: Evasion moves are banned
|rule|Evasion Abilities Clause: Evasion abilities are banned
|rule|Sleep Moves Clause: Sleep-inducing moves are banned
|clearpoke
|poke|p1|Ariados, M|
|poke|p1|Electabuzz, M|
|poke|p1|Golduck, M|
|poke|p1|Primeape, M|
|poke|p1|Rhydon, F|
|poke|p1|Hitmonchan, M|
|poke|p2|Landorus-Therian, M|
|poke|p2|Sinistcha|
|poke|p2|Tinkaton, F|
|poke|p2|Moltres|
|poke|p2|Samurott-Hisui, M|
|poke|p2|Hydreigon, M|
|teampreview
|inactive|Battle timer is ON: inactive players will automatically lose when time's up. (requested by yijing)
|
|t:|1757830153
|teamsize|p1|6
|teamsize|p2|6
|start
|switch|p1a: Electabuzz|Electabuzz, M|100/100
|switch|p2a: Landorus|Landorus-Therian, M, shiny|100/100
|-ability|p2a: Landorus|Intimidate|boost
|-unboost|p1a: Electabuzz|atk|1
|-item|p1a: Electabuzz|Air Balloon
|turn|1
|
|t:|1757830162
|move|p2a: Landorus|U-turn|p1a: Electabuzz
|-damage|p1a: Electabuzz|58/100
|-status|p2a: Landorus|par|[from] ability: Static|[of] p1a: Electabuzz
|-enditem|p1a: Electabuzz|Air Balloon
|
|t:|1757830169
|switch|p2a: Sinistcha|Sinistcha, shiny|100/100|[from] U-turn
|move|p1a: Electabuzz|Taunt|p2a: Sinistcha
|-start|p2a: Sinistcha|move: Taunt
|
|upkeep
|turn|2
|
|t:|1757830177
|move|p1a: Electabuzz|Knock Off|p2a: Sinistcha
|-supereffective|p2a: Sinistcha
|-damage|p2a: Sinistcha|82/100
|-enditem|p2a: Sinistcha|Heavy-Duty Boots|[from] move: Knock Off|[of] p1a: Electabuzz
|move|p2a: Sinistcha|Matcha Gotcha|p1a: Electabuzz
|-damage|p1a: Electabuzz|19/100
|-heal|p2a: Sinistcha|100/100|[from] drain|[of] p1a: Electabuzz
|
|upkeep
|turn|3
|
|t:|1757830188
|move|p1a: Electabuzz|Volt Switch|p2a: Sinistcha
|-resisted|p2a: Sinistcha
|-damage|p2a: Sinistcha|87/100
|
|t:|1757830192
|switch|p1a: Ariados|Ariados, M|100/100|[from] Volt Switch
|move|p2a: Sinistcha|Matcha Gotcha|p1a: Ariados
|-resisted|p1a: Ariados
|-damage|p1a: Ariados|90/100
|-heal|p2a: Sinistcha|93/100|[from] drain|[of] p1a: Ariados
|
|-end|p2a: Sinistcha|move: Taunt
|upkeep
|turn|4
|
|t:|1757830205
|switch|p2a: Moltres|Moltres, shiny|100/100
|move|p1a: Ariados|Sticky Web|p2a: Moltres
|-sidestart|p2: catney|move: Sticky Web
|
|upkeep
|turn|5
|
|t:|1757830216
|switch|p1a: Hitmonchan|Hitmonchan, M|100/100
|move|p2a: Moltres|Flamethrower|p1a: Hitmonchan
|-damage|p1a: Hitmonchan|63/100
|
|upkeep
|turn|6
|
|t:|1757830225
|move|p2a: Moltres|Flamethrower|p1a: Hitmonchan
|-damage|p1a: Hitmonchan|21/100
|-status|p1a: Hitmonchan|brn
|move|p1a: Hitmonchan|Thunder Punch|p2a: Moltres
|-supereffective|p2a: Moltres
|-damage|p2a: Moltres|73/100
|
|-damage|p1a: Hitmonchan|15/100 brn|[from] brn
|upkeep
|turn|7
|
|t:|1757830235
|move|p2a: Moltres|Flamethrower|p1a: Hitmonchan
|-damage|p1a: Hitmonchan|0 fnt
|faint|p1a: Hitmonchan
|
|upkeep
|
|t:|1757830241
|switch|p1a: Primeape|Primeape, M, shiny|100/100
|turn|8
|
|t:|1757830246
|move|p1a: Primeape|Stone Edge|p2a: Moltres
|-supereffective|p2a: Moltres
|-damage|p2a: Moltres|0 fnt
|faint|p2a: Moltres
|
|upkeep
|
|t:|1757830253
|switch|p2a: Tinkaton|Tinkaton, F, shiny|100/100
|-item|p2a: Tinkaton|Air Balloon
|turn|9
|
|t:|1757830273
|switch|p1a: Electabuzz|Electabuzz, M|19/100
|move|p2a: Tinkaton|Play Rough|p1a: Electabuzz
|-damage|p1a: Electabuzz|0 fnt
|faint|p1a: Electabuzz
|
|upkeep
|
|t:|1757830286
|switch|p1a: Rhydon|Rhydon, F|100/100
|turn|10
|
|t:|1757830291
|move|p2a: Tinkaton|Gigaton Hammer|p1a: Rhydon
|-supereffective|p1a: Rhydon
|-damage|p1a: Rhydon|60/100
|move|p1a: Rhydon|Counter|p2a: Tinkaton
|-damage|p2a: Tinkaton|0 fnt
|-enditem|p2a: Tinkaton|Air Balloon
|faint|p2a: Tinkaton
|
|upkeep
|
|t:|1757830302
|switch|p2a: Sinistcha|Sinistcha, shiny|93/100
|-activate|p2a: Sinistcha|move: Sticky Web
|-unboost|p2a: Sinistcha|spe|1
|turn|11
|
|t:|1757830311
|switch|p2a: Hydreigon|Hydreigon, M, shiny|100/100
|switch|p1a: Ariados|Ariados, M|90/100
|
|upkeep
|turn|12
|
|t:|1757830322
|move|p2a: Hydreigon|Draco Meteor|p1a: Ariados
|-damage|p1a: Ariados|0 fnt
|-unboost|p2a: Hydreigon|spa|2
|faint|p1a: Ariados
|
|upkeep
|
|t:|1757830332
|switch|p1a: Golduck|Golduck, M, shiny|100/100
|-ability|p1a: Golduck|Cloud Nine
|turn|13
|
|t:|1757830338
|switch|p2a: Sinistcha|Sinistcha, shiny|93/100
|-activate|p2a: Sinistcha|move: Sticky Web
|-unboost|p2a: Sinistcha|spe|1
|move|p1a: Golduck|Blizzard|p2a: Sinistcha
|-supereffective|p2a: Sinistcha
|-damage|p2a: Sinistcha|14/100
|
|upkeep
|turn|14
|
|t:|1757830347
|move|p1a: Golduck|Psyshock|p2a: Sinistcha
|-damage|p2a: Sinistcha|0 fnt
|faint|p2a: Sinistcha
|
|upkeep
|
|t:|1757830351
|switch|p2a: Hydreigon|Hydreigon, M, shiny|100/100
|turn|15
|
|t:|1757830358
|switch|p1a: Rhydon|Rhydon, F|60/100
|move|p2a: Hydreigon|Draco Meteor|p1a: Rhydon
|-damage|p1a: Rhydon|0 fnt
|-unboost|p2a: Hydreigon|spa|2
|faint|p1a: Rhydon
|
|upkeep
|
|t:|1757830369
|switch|p1a: Golduck|Golduck, M, shiny|100/100
|-ability|p1a: Golduck|Cloud Nine
|turn|16
|
|t:|1757830374
|switch|p2a: Samurott|Samurott-Hisui, M, shiny|100/100
|move|p1a: Golduck|Focus Blast|p2a: Samurott|[miss]
|-miss|p1a: Golduck|p2a: Samurott
|-enditem|p1a: Golduck|Blunder Policy
|-boost|p1a: Golduck|spe|2
|
|upkeep
|turn|17
|
|t:|1757830385
|-terastallize|p1a: Golduck|Fighting
|move|p1a: Golduck|Focus Blast|p2a: Samurott
|-supereffective|p2a: Samurott
|-damage|p2a: Samurott|0 fnt
|faint|p2a: Samurott
|
|upkeep
|
|t:|1757830398
|switch|p2a: Hydreigon|Hydreigon, M, shiny|100/100
|turn|18
|
|t:|1757830406
|move|p1a: Golduck|Focus Blast|p2a: Hydreigon
|-supereffective|p2a: Hydreigon
|-damage|p2a: Hydreigon|0 fnt
|faint|p2a: Hydreigon
|
|upkeep
|
|t:|1757830409
|switch|p2a: Landorus|Landorus-Therian, M, shiny|100/100 par
|-ability|p2a: Landorus|Intimidate|boost
|-unboost|p1a: Golduck|atk|1
|turn|19
|
|t:|1757830416
|move|p1a: Golduck|Blizzard|p2a: Landorus
|-supereffective|p2a: Landorus
|-damage|p2a: Landorus|0 fnt
|faint|p2a: Landorus
|
|win|yijing
|raw|yijing's rating: 1184 &rarr; <strong>1213</strong><br />(+29 for winning)
|raw|catney's rating: 1235 &rarr; <strong>1206</strong><br />(-29 for losing)
|l|☆catney
|player|p2|
|l|☆yijing
|player|p1|
