|j|☆niloswan
|j|☆notshwepp
|t:|1757939067
|gametype|singles
|player|p1|niloswan|zinzolin|1586
|player|p2|notshwepp|102|1637
|gen|9
|tier|[Gen 9] OU
|rated|
|rule|HP Percentage Mod: HP is shown in percentages
|rule|Endless Battle Clause: Forcing endless battles is banned
|rule|Species Clause: Limit one of each Pokémon
|rule|OHKO Clause: OHKO moves are banned
|rule|Evasion Items Clause: Evasion items are banned
|rule|Evasion Moves Clause: Evasion moves are banned
|rule|Evasion Abilities Clause: Evasion abilities are banned
|rule|Sleep Moves Clause: Sleep-inducing moves are banned
|clearpoke
|poke|p1|Iron Valiant|
|poke|p1|Tinkaton, F|
|poke|p1|Sinistcha|
|poke|p1|Great Tusk|
|poke|p1|Scizor, F|
|poke|p1|Slowbro, M|
|poke|p2|Iron Treads|
|poke|p2|Rillaboom, M|
|poke|p2|Ogerpon-Cornerstone, F|
|poke|p2|Blaziken, F|
|poke|p2|Pecharunt|
|poke|p2|Raging Bolt|
|teampreview
|inactive|Battle timer is ON: inactive players will automatically lose when time's up. (requested by niloswan)
|
|t:|1757939080
|teamsize|p1|6
|teamsize|p2|6
|start
|switch|p1a: Scizor|Scizor, F|100/100
|switch|p2a: Blaziken|Blaziken, F|100/100
|turn|1
|
|t:|1757939092
|switch|p1a: Slowbro|Slowbro, M|100/100
|move|p2a: Blaziken|Overheat|p1a: Slowbro
|-resisted|p1a: Slowbro
|-damage|p1a: Slowbro|70/100
|-unboost|p2a: Blaziken|spa|2
|-damage|p2a: Blaziken|91/100|[from] item: Life Orb
|
|-heal|p1a: Slowbro|76/100|[from] item: Leftovers
|-ability|p2a: Blaziken|Speed Boost|boost
|-boost|p2a: Blaziken|spe|1
|upkeep
|turn|2
|
|t:|1757939103
|switch|p2a: Rillaboom|Rillaboom, M|100/100
|-fieldstart|move: Grassy Terrain|[from] ability: Grassy Surge|[of] p2a: Rillaboom
|move|p1a: Slowbro|Calm Mind|p1a: Slowbro
|-boost|p1a: Slowbro|spa|1
|-boost|p1a: Slowbro|spd|1
|
|-heal|p1a: Slowbro|82/100|[from] Grassy Terrain
|-heal|p1a: Slowbro|88/100|[from] item: Leftovers
|upkeep
|turn|3
|
|t:|1757939115
|switch|p1a: Sinistcha|Sinistcha|100/100
|move|p2a: Rillaboom|U-turn|p1a: Sinistcha
|-damage|p1a: Sinistcha|74/100
|
|t:|1757939120
|switch|p2a: Blaziken|Blaziken, F|91/100|[from] U-turn
|
|-heal|p2a: Blaziken|97/100|[from] Grassy Terrain
|-heal|p1a: Sinistcha|80/100|[from] Grassy Terrain
|-heal|p1a: Sinistcha|86/100|[from] item: Leftovers
|upkeep
|turn|4
|j| mask104
|
|t:|1757939130
|switch|p2a: Ogerpon|Ogerpon-Cornerstone, F|100/100
|move|p1a: Sinistcha|Strength Sap|p2a: Ogerpon
|-unboost|p2a: Ogerpon|atk|1
|-heal|p1a: Sinistcha|100/100
|
|upkeep
|turn|5
|
|t:|1757939140
|switch|p2a: Blaziken|Blaziken, F|97/100
|move|p1a: Sinistcha|Calm Mind|p1a: Sinistcha
|-boost|p1a: Sinistcha|spa|1
|-boost|p1a: Sinistcha|spd|1
|
|-heal|p2a: Blaziken|100/100|[from] Grassy Terrain
|upkeep
|turn|6
|
|t:|1757939147
|move|p2a: Blaziken|Protect|p2a: Blaziken
|-singleturn|p2a: Blaziken|Protect
|move|p1a: Sinistcha|Strength Sap|p2a: Blaziken
|-activate|p2a: Blaziken|move: Protect
|
|-fieldend|move: Grassy Terrain
|-ability|p2a: Blaziken|Speed Boost|boost
|-boost|p2a: Blaziken|spe|1
|upkeep
|turn|7
|
|t:|1757939156
|move|p2a: Blaziken|Flare Blitz|p1a: Sinistcha
|-supereffective|p1a: Sinistcha
|-damage|p1a: Sinistcha|41/100
|-damage|p2a: Blaziken|78/100|[from] Recoil
|-damage|p2a: Blaziken|68/100|[from] item: Life Orb
|move|p1a: Sinistcha|Shadow Ball|p2a: Blaziken
|-damage|p2a: Blaziken|0 fnt
|faint|p2a: Blaziken
|
|-heal|p1a: Sinistcha|47/100|[from] item: Leftovers
|upkeep
|
|t:|1757939166
|switch|p2a: Rillaboom|Rillaboom, M|100/100
|-fieldstart|move: Grassy Terrain|[from] ability: Grassy Surge|[of] p2a: Rillaboom
|turn|8
|
|t:|1757939172
|-terastallize|p2a: Rillaboom|Grass
|-terastallize|p1a: Sinistcha|Poison
|move|p2a: Rillaboom|Wood Hammer|p1a: Sinistcha
|-resisted|p1a: Sinistcha
|-damage|p1a: Sinistcha|0 fnt
|faint|p1a: Sinistcha
|-damage|p2a: Rillaboom|85/100|[from] Recoil
|
|-heal|p2a: Rillaboom|91/100|[from] Grassy Terrain
|upkeep
|
|t:|1757939184
|switch|p1a: Scizor|Scizor, F|100/100
|turn|9
|
|t:|1757939188
|switch|p2a: Pecharunt|Pecharunt|100/100
|move|p1a: Scizor|Knock Off|p2a: Pecharunt
|-supereffective|p2a: Pecharunt
|-damage|p2a: Pecharunt|37/100
|-enditem|p2a: Pecharunt|Leftovers|[from] move: Knock Off|[of] p1a: Scizor
|
|-heal|p2a: Pecharunt|43/100|[from] Grassy Terrain
|upkeep
|turn|10
|
|t:|1757939203
|switch|p1a: Tinkaton|Tinkaton, F|100/100
|-ability|p1a: Tinkaton|Mold Breaker
|-item|p1a: Tinkaton|Air Balloon
|move|p2a: Pecharunt|Parting Shot|p1a: Tinkaton
|-unboost|p1a: Tinkaton|atk|1
|-unboost|p1a: Tinkaton|spa|1
|
|t:|1757939213
|switch|p2a: Iron Treads|Iron Treads|100/100|[from] Parting Shot
|
|upkeep
|turn|11
|
|t:|1757939221
|switch|p1a: Slowbro|Slowbro, M|100/100
|move|p2a: Iron Treads|Iron Head|p1a: Slowbro
|-resisted|p1a: Slowbro
|-damage|p1a: Slowbro|89/100
|
|-heal|p1a: Slowbro|95/100|[from] Grassy Terrain
|-heal|p1a: Slowbro|100/100|[from] item: Leftovers
|upkeep
|turn|12
|
|t:|1757939230
|-end|p2a: Iron Treads|Quark Drive|[silent]
|switch|p2a: Raging Bolt|Raging Bolt|100/100
|move|p1a: Slowbro|Scald|p2a: Raging Bolt
|-resisted|p2a: Raging Bolt
|-damage|p2a: Raging Bolt|89/100
|
|-heal|p2a: Raging Bolt|95/100|[from] Grassy Terrain
|-fieldend|move: Grassy Terrain
|upkeep
|turn|13
|
|t:|1757939239
|switch|p1a: Great Tusk|Great Tusk|100/100
|-enditem|p1a: Great Tusk|Booster Energy
|-activate|p1a: Great Tusk|ability: Protosynthesis|[fromitem]
|-start|p1a: Great Tusk|protosynthesisatk
|move|p2a: Raging Bolt|Dragon Pulse|p1a: Great Tusk
|-damage|p1a: Great Tusk|23/100
|
|upkeep
|turn|14
|
|t:|1757939253
|-end|p2a: Raging Bolt|Protosynthesis|[silent]
|switch|p2a: Rillaboom|Rillaboom, M, tera:Grass|91/100
|-fieldstart|move: Grassy Terrain|[from] ability: Grassy Surge|[of] p2a: Rillaboom
|move|p1a: Great Tusk|Headlong Rush|p2a: Rillaboom
|-resisted|p2a: Rillaboom
|-crit|p2a: Rillaboom
|-damage|p2a: Rillaboom|26/100
|-unboost|p1a: Great Tusk|def|1
|-unboost|p1a: Great Tusk|spd|1
|
|-heal|p1a: Great Tusk|29/100|[from] Grassy Terrain
|-heal|p2a: Rillaboom|32/100|[from] Grassy Terrain
|upkeep
|turn|15
|
|t:|1757939265
|-end|p1a: Great Tusk|Protosynthesis|[silent]
|switch|p1a: Scizor|Scizor, F|100/100
|move|p2a: Rillaboom|Grassy Glide|p1a: Scizor
|-resisted|p1a: Scizor
|-damage|p1a: Scizor|80/100
|
|-heal|p2a: Rillaboom|38/100|[from] Grassy Terrain
|-heal|p1a: Scizor|86/100|[from] Grassy Terrain
|upkeep
|turn|16
|
|t:|1757939285
|switch|p2a: Pecharunt|Pecharunt|43/100
|move|p1a: Scizor|Dual Wingbeat|p2a: Pecharunt
|-damage|p2a: Pecharunt|23/100
|-damage|p2a: Pecharunt|3/100
|-hitcount|p2a: Pecharunt|2
|
|-heal|p2a: Pecharunt|9/100|[from] Grassy Terrain
|-heal|p1a: Scizor|92/100|[from] Grassy Terrain
|upkeep
|turn|17
|
|t:|1757939296
|switch|p1a: Tinkaton|Tinkaton, F|100/100
|-ability|p1a: Tinkaton|Mold Breaker
|-item|p1a: Tinkaton|Air Balloon
|move|p2a: Pecharunt|Recover|p2a: Pecharunt
|-heal|p2a: Pecharunt|59/100
|
|-heal|p2a: Pecharunt|66/100|[from] Grassy Terrain
|upkeep
|turn|18
|
|t:|1757939306
|move|p1a: Tinkaton|Stealth Rock|p2a: Pecharunt
|-sidestart|p2: notshwepp|move: Stealth Rock
|move|p2a: Pecharunt|Parting Shot|p1a: Tinkaton
|-unboost|p1a: Tinkaton|atk|1
|-unboost|p1a: Tinkaton|spa|1
|
|t:|1757939309
|switch|p2a: Iron Treads|Iron Treads|100/100|[from] Parting Shot
|-damage|p2a: Iron Treads|97/100|[from] Stealth Rock
|
|-heal|p2a: Iron Treads|100/100|[from] Grassy Terrain
|-fieldend|move: Grassy Terrain
|upkeep
|turn|19
|
|t:|1757939321
|switch|p1a: Slowbro|Slowbro, M|100/100
|move|p2a: Iron Treads|Rapid Spin|p1a: Slowbro
|-damage|p1a: Slowbro|92/100
|-boost|p2a: Iron Treads|spe|1
|-sideend|p2: notshwepp|Stealth Rock|[from] move: Rapid Spin|[of] p2a: Iron Treads
|
|-heal|p1a: Slowbro|98/100|[from] item: Leftovers
|upkeep
|turn|20
|
|t:|1757939336
|-end|p2a: Iron Treads|Quark Drive|[silent]
|switch|p2a: Rillaboom|Rillaboom, M, tera:Grass|38/100
|-fieldstart|move: Grassy Terrain|[from] ability: Grassy Surge|[of] p2a: Rillaboom
|switch|p1a: Iron Valiant|Iron Valiant|100/100
|-enditem|p1a: Iron Valiant|Booster Energy
|-activate|p1a: Iron Valiant|ability: Quark Drive|[fromitem]
|-start|p1a: Iron Valiant|quarkdrivespe
|
|-heal|p2a: Rillaboom|44/100|[from] Grassy Terrain
|upkeep
|turn|21
|
|t:|1757939355
|move|p2a: Rillaboom|Grassy Glide|p1a: Iron Valiant
|-damage|p1a: Iron Valiant|0 fnt
|faint|p1a: Iron Valiant
|-end|p1a: Iron Valiant|Quark Drive|[silent]
|
|-heal|p2a: Rillaboom|51/100|[from] Grassy Terrain
|upkeep
|c|☆niloswan|wow
|c|☆niloswan|ohko
|
|t:|1757939370
|switch|p1a: Tinkaton|Tinkaton, F|100/100
|-ability|p1a: Tinkaton|Mold Breaker
|-item|p1a: Tinkaton|Air Balloon
|turn|22
|
|t:|1757939384
|switch|p1a: Slowbro|Slowbro, M|100/100
|switch|p2a: Iron Treads|Iron Treads|100/100
|
|upkeep
|turn|23
|inactive|niloswan has 120 seconds left.
|
|t:|1757939400
|-end|p2a: Iron Treads|Quark Drive|[silent]
|switch|p2a: Pecharunt|Pecharunt|66/100
|move|p1a: Slowbro|Calm Mind|p1a: Slowbro
|-boost|p1a: Slowbro|spa|1
|-boost|p1a: Slowbro|spd|1
|
|-heal|p2a: Pecharunt|72/100|[from] Grassy Terrain
|upkeep
|turn|24
|
|t:|1757939407
|move|p2a: Pecharunt|Malignant Chain|p1a: Slowbro
|-damage|p1a: Slowbro|74/100
|move|p1a: Slowbro|Calm Mind|p1a: Slowbro
|-boost|p1a: Slowbro|spa|1
|-boost|p1a: Slowbro|spd|1
|
|-heal|p2a: Pecharunt|78/100|[from] Grassy Terrain
|-heal|p1a: Slowbro|80/100|[from] Grassy Terrain
|-heal|p1a: Slowbro|86/100|[from] item: Leftovers
|-fieldend|move: Grassy Terrain
|upkeep
|turn|25
|
|t:|1757939417
|move|p2a: Pecharunt|Malignant Chain|p1a: Slowbro
|-damage|p1a: Slowbro|64/100
|move|p1a: Slowbro|Stored Power|p2a: Pecharunt
|-supereffective|p2a: Pecharunt
|-damage|p2a: Pecharunt|0 fnt
|faint|p2a: Pecharunt
|
|-heal|p1a: Slowbro|71/100|[from] item: Leftovers
|upkeep
|
|t:|1757939425
|switch|p2a: Rillaboom|Rillaboom, M, tera:Grass|51/100
|-fieldstart|move: Grassy Terrain|[from] ability: Grassy Surge|[of] p2a: Rillaboom
|turn|26
|
|t:|1757939431
|switch|p1a: Scizor|Scizor, F|92/100
|move|p2a: Rillaboom|U-turn|p1a: Scizor
|-resisted|p1a: Scizor
|-damage|p1a: Scizor|71/100
|
|t:|1757939436
|switch|p2a: Raging Bolt|Raging Bolt|95/100|[from] U-turn
|
|-heal|p2a: Raging Bolt|100/100|[from] Grassy Terrain
|-heal|p1a: Scizor|77/100|[from] Grassy Terrain
|upkeep
|turn|27
|
|t:|1757939444
|move|p2a: Raging Bolt|Thunderbolt|p1a: Scizor
|-damage|p1a: Scizor|5/100
|-status|p1a: Scizor|par
|move|p1a: Scizor|U-turn|p2a: Raging Bolt
|-damage|p2a: Raging Bolt|52/100
|
|t:|1757939452
|switch|p1a: Great Tusk|Great Tusk|29/100|[from] U-turn
|
|-heal|p1a: Great Tusk|35/100|[from] Grassy Terrain
|-heal|p2a: Raging Bolt|58/100|[from] Grassy Terrain
|upkeep
|turn|28
|
|t:|1757939468
|-end|p2a: Raging Bolt|Protosynthesis|[silent]
|switch|p2a: Ogerpon|Ogerpon-Cornerstone, F|100/100
|move|p1a: Great Tusk|Ice Spinner|p2a: Ogerpon
|-supereffective|p2a: Ogerpon
|-damage|p2a: Ogerpon|30/100
|-fieldend|move: Grassy Terrain
|
|upkeep
|turn|29
|
|t:|1757939481
|-end|p1a: Great Tusk|Protosynthesis|[silent]
|switch|p1a: Scizor|Scizor, F|5/100 par
|move|p2a: Ogerpon|Grassy Glide|p1a: Scizor
|-resisted|p1a: Scizor
|-damage|p1a: Scizor|0 fnt
|faint|p1a: Scizor
|
|upkeep
|inactive|niloswan has 120 seconds left.
|
|t:|1757939502
|switch|p1a: Tinkaton|Tinkaton, F|100/100
|-ability|p1a: Tinkaton|Mold Breaker
|-item|p1a: Tinkaton|Air Balloon
|turn|30
|
|t:|1757939510
|switch|p2a: Iron Treads|Iron Treads|100/100
|move|p1a: Tinkaton|Play Rough|p2a: Iron Treads
|-resisted|p2a: Iron Treads
|-damage|p2a: Iron Treads|90/100
|
|-heal|p2a: Iron Treads|96/100|[from] item: Leftovers
|upkeep
|turn|31
|
|t:|1757939520
|switch|p1a: Slowbro|Slowbro, M|100/100
|move|p2a: Iron Treads|Rapid Spin|p1a: Slowbro
|-damage|p1a: Slowbro|92/100
|-boost|p2a: Iron Treads|spe|1
|
|-heal|p2a: Iron Treads|100/100|[from] item: Leftovers
|-heal|p1a: Slowbro|98/100|[from] item: Leftovers
|upkeep
|turn|32
|
|t:|1757939531
|-end|p2a: Iron Treads|Quark Drive|[silent]
|switch|p2a: Raging Bolt|Raging Bolt|58/100
|switch|p1a: Great Tusk|Great Tusk|35/100
|
|upkeep
|turn|33
|l| mask104
|
|t:|1757939544
|-end|p2a: Raging Bolt|Protosynthesis|[silent]
|switch|p2a: Ogerpon|Ogerpon-Cornerstone, F|30/100
|move|p1a: Great Tusk|Headlong Rush|p2a: Ogerpon
|-damage|p2a: Ogerpon|0 fnt
|-unboost|p1a: Great Tusk|def|1
|-unboost|p1a: Great Tusk|spd|1
|faint|p2a: Ogerpon
|
|upkeep
|
|t:|1757939546
|switch|p2a: Rillaboom|Rillaboom, M, tera:Grass|51/100
|-fieldstart|move: Grassy Terrain|[from] ability: Grassy Surge|[of] p2a: Rillaboom
|turn|34
|
|t:|1757939560
|-end|p1a: Great Tusk|Protosynthesis|[silent]
|switch|p1a: Tinkaton|Tinkaton, F|100/100
|-ability|p1a: Tinkaton|Mold Breaker
|-item|p1a: Tinkaton|Air Balloon
|move|p2a: Rillaboom|Grassy Glide|p1a: Tinkaton
|-resisted|p1a: Tinkaton
|-damage|p1a: Tinkaton|53/100
|-enditem|p1a: Tinkaton|Air Balloon
|
|-heal|p1a: Tinkaton|59/100|[from] Grassy Terrain
|-heal|p2a: Rillaboom|57/100|[from] Grassy Terrain
|upkeep
|turn|35
|
|t:|1757939572
|switch|p2a: Iron Treads|Iron Treads|100/100
|move|p1a: Tinkaton|Stealth Rock|p2a: Iron Treads
|-sidestart|p2: notshwepp|move: Stealth Rock
|
|-heal|p1a: Tinkaton|65/100|[from] Grassy Terrain
|upkeep
|turn|36
|
|t:|1757939579
|switch|p1a: Slowbro|Slowbro, M|100/100
|move|p2a: Iron Treads|Rapid Spin|p1a: Slowbro
|-damage|p1a: Slowbro|92/100
|-boost|p2a: Iron Treads|spe|1
|-sideend|p2: notshwepp|Stealth Rock|[from] move: Rapid Spin|[of] p2a: Iron Treads
|
|-heal|p1a: Slowbro|98/100|[from] Grassy Terrain
|-heal|p1a: Slowbro|100/100|[from] item: Leftovers
|upkeep
|turn|37
|
|t:|1757939592
|move|p2a: Iron Treads|Stomping Tantrum|p1a: Slowbro
|-damage|p1a: Slowbro|79/100
|move|p1a: Slowbro|Calm Mind|p1a: Slowbro
|-boost|p1a: Slowbro|spa|1
|-boost|p1a: Slowbro|spd|1
|
|-heal|p1a: Slowbro|85/100|[from] Grassy Terrain
|-heal|p1a: Slowbro|91/100|[from] item: Leftovers
|upkeep
|turn|38
|
|t:|1757939601
|-end|p2a: Iron Treads|Quark Drive|[silent]
|switch|p2a: Raging Bolt|Raging Bolt|58/100
|move|p1a: Slowbro|Scald|p2a: Raging Bolt
|-resisted|p2a: Raging Bolt
|-damage|p2a: Raging Bolt|41/100
|-status|p2a: Raging Bolt|brn
|
|-heal|p2a: Raging Bolt|47/100 brn|[from] Grassy Terrain
|-heal|p1a: Slowbro|97/100|[from] Grassy Terrain
|-heal|p1a: Slowbro|100/100|[from] item: Leftovers
|-damage|p2a: Raging Bolt|41/100 brn|[from] brn
|-fieldend|move: Grassy Terrain
|upkeep
|turn|39
|
|t:|1757939619
|move|p2a: Raging Bolt|Thunderbolt|p1a: Slowbro
|-supereffective|p1a: Slowbro
|-damage|p1a: Slowbro|6/100
|move|p1a: Slowbro|Scald|p2a: Raging Bolt
|-resisted|p2a: Raging Bolt
|-damage|p2a: Raging Bolt|25/100 brn
|
|-heal|p1a: Slowbro|12/100|[from] item: Leftovers
|-damage|p2a: Raging Bolt|19/100 brn|[from] brn
|upkeep
|turn|40
|
|t:|1757939629
|switch|p1a: Great Tusk|Great Tusk|35/100
|move|p2a: Raging Bolt|Dragon Pulse|p1a: Great Tusk
|-damage|p1a: Great Tusk|0 fnt
|faint|p1a: Great Tusk
|-end|p1a: Great Tusk|Protosynthesis|[silent]
|
|-damage|p2a: Raging Bolt|13/100 brn|[from] brn
|upkeep
|c|☆niloswan|gg
|c|☆niloswan|nice mind game
|c|☆notshwepp|Gg
|
|t:|1757939643
|switch|p1a: Tinkaton|Tinkaton, F|65/100
|-ability|p1a: Tinkaton|Mold Breaker
|turn|41
|
|t:|1757939650
|move|p1a: Tinkaton|Play Rough|p2a: Raging Bolt
|-supereffective|p2a: Raging Bolt
|-damage|p2a: Raging Bolt|0 fnt
|faint|p2a: Raging Bolt
|-end|p2a: Raging Bolt|Protosynthesis|[silent]
|
|upkeep
|
|t:|1757939655
|switch|p2a: Iron Treads|Iron Treads|100/100
|turn|42
|
|t:|1757939660
|switch|p1a: Slowbro|Slowbro, M|45/100
|move|p2a: Iron Treads|Stomping Tantrum|p1a: Slowbro
|-damage|p1a: Slowbro|24/100
|
|-heal|p1a: Slowbro|30/100|[from] item: Leftovers
|upkeep
|turn|43
|
|t:|1757939668
|move|p2a: Iron Treads|Stomping Tantrum|p1a: Slowbro
|-damage|p1a: Slowbro|9/100
|move|p1a: Slowbro|Scald|p2a: Iron Treads
|-supereffective|p2a: Iron Treads
|-damage|p2a: Iron Treads|13/100
|
|-heal|p2a: Iron Treads|19/100|[from] item: Leftovers
|-heal|p1a: Slowbro|15/100|[from] item: Leftovers
|upkeep
|turn|44
|inactive|niloswan has 120 seconds left.
|
|t:|1757939706
|move|p2a: Iron Treads|Stomping Tantrum|p1a: Slowbro
|-damage|p1a: Slowbro|0 fnt
|faint|p1a: Slowbro
|
|-heal|p2a: Iron Treads|25/100|[from] item: Leftovers
|upkeep
|
|t:|1757939712
|switch|p1a: Tinkaton|Tinkaton, F|65/100
|-ability|p1a: Tinkaton|Mold Breaker
|turn|45
|
|t:|1757939717
|move|p2a: Iron Treads|Stomping Tantrum|p1a: Tinkaton
|-supereffective|p1a: Tinkaton
|-damage|p1a: Tinkaton|0 fnt
|faint|p1a: Tinkaton
|
|win|notshwepp
|raw|niloswan's rating: 1586 &rarr; <strong>1569</strong><br />(-17 for losing)
|raw|notshwepp's rating: 1637 &rarr; <strong>1654</strong><br />(+17 for winning)
|l|☆niloswan
|player|p1|
|l|☆notshwepp
|player|p2|
