|j|☆orangesolocup
|j|☆seethemalldie
|t:|1757941305
|gametype|singles
|player|p1|orangesolocup|preschooler|1137
|player|p2|seethemalldie|unknown|1209
|gen|9
|tier|[Gen 9] OU
|rated|
|rule|HP Percentage Mod: HP is shown in percentages
|rule|Endless Battle Clause: Forcing endless battles is banned
|rule|Species Clause: Limit one of each Pokémon
|rule|OHKO Clause: OHKO moves are banned
|rule|Evasion Items Clause: Evasion items are banned
|rule|Evasion Moves Clause: Evasion moves are banned
|rule|Evasion Abilities Clause: Evasion abilities are banned
|rule|Sleep Moves Clause: Sleep-inducing moves are banned
|clearpoke
|poke|p1|Pecharunt|
|poke|p1|Ting-Lu|
|poke|p1|Keldeo-Resolute|
|poke|p1|Kilowattrel, M|
|poke|p1|Corviknight, F|
|poke|p1|Comfey, F|
|poke|p2|Scizor, M|
|poke|p2|Toxtricity-Low-Key, F|
|poke|p2|Hydreigon, M|
|poke|p2|Iron Valiant|
|poke|p2|Ogerpon-Wellspring, F|
|poke|p2|Arcanine-Hisui, M|
|teampreview
|inactive|Battle timer is ON: inactive players will automatically lose when time's up. (requested by seethemalldie)
|inactive|orangesolocup also wants the timer to be on.
|
|t:|1757941322
|teamsize|p1|6
|teamsize|p2|6
|start
|switch|p1a: :/|Corviknight, F, shiny|100/100
|switch|p2a: Trip|Hydreigon, M, shiny|100/100
|-ability|p1a: :/|Pressure
|turn|1
|
|t:|1757941329
|move|p2a: Trip|Taunt|p1a: :/
|-start|p1a: :/|move: Taunt
|move|p1a: :/|Body Press|p2a: Trip
|-supereffective|p2a: Trip
|-damage|p2a: Trip|36/100
|
|upkeep
|turn|2
|
|t:|1757941349
|move|p2a: Trip|Tailwind|p2a: Trip
|-sidestart|p2: seethemalldie|move: Tailwind
|move|p1a: :/|Body Press|p2a: Trip
|-supereffective|p2a: Trip
|-damage|p2a: Trip|0 fnt
|faint|p2a: Trip
|
|upkeep
|
|t:|1757941361
|switch|p2a: Chili|Toxtricity-Low-Key, F|100/100
|turn|3
|
|t:|1757941370
|switch|p1a: Pixie|Ting-Lu|100/100
|-ability|p1a: Pixie|Vessel of Ruin
|-terastallize|p2a: Chili|Normal
|move|p2a: Chili|Boomburst|p1a: Pixie
|-damage|p1a: Pixie|42/100
|
|-heal|p1a: Pixie|48/100|[from] item: Leftovers
|upkeep
|turn|4
|
|t:|1757941387
|switch|p1a: PAN-CAKES|Pecharunt|100/100
|move|p2a: Chili|Boomburst|p1a: PAN-CAKES
|-immune|p1a: PAN-CAKES
|
|upkeep
|turn|5
|
|t:|1757941398
|switch|p2a: Solid|Scizor, M|100/100
|move|p1a: PAN-CAKES|Toxic|p2a: Solid
|-immune|p2a: Solid
|
|-sideend|p2: seethemalldie|move: Tailwind
|upkeep
|turn|6
|
|t:|1757941404
|move|p1a: PAN-CAKES|Parting Shot|p2a: Solid
|-unboost|p2a: Solid|atk|1
|-unboost|p2a: Solid|spa|1
|
|t:|1757941413
|switch|p1a: :/|Corviknight, F, shiny|100/100|[from] Parting Shot
|-ability|p1a: :/|Pressure
|move|p2a: Solid|Knock Off|p1a: :/
|-damage|p1a: :/|89/100
|-damage|p2a: Solid|84/100|[from] item: Rocky Helmet|[of] p1a: :/
|-enditem|p1a: :/|Rocky Helmet|[from] move: Knock Off|[of] p2a: Solid
|
|upkeep
|turn|7
|
|t:|1757941429
|move|p1a: :/|Brave Bird|p2a: Solid
|-damage|p2a: Solid|53/100
|-damage|p1a: :/|80/100|[from] Recoil
|move|p2a: Solid|U-turn|p1a: :/
|-resisted|p1a: :/
|-damage|p1a: :/|77/100
|
|t:|1757941436
|switch|p2a: Archie|Arcanine-Hisui, M|100/100|[from] U-turn
|
|upkeep
|turn|8
|
|t:|1757941455
|switch|p1a: The drink|Keldeo-Resolute|100/100
|move|p2a: Archie|Flare Blitz|p1a: The drink
|-resisted|p1a: The drink
|-damage|p1a: The drink|48/100
|
|upkeep
|turn|9
|
|t:|1757941466
|switch|p2a: Berry|Ogerpon-Wellspring, F|100/100
|move|p1a: The drink|Vacuum Wave|p2a: Berry
|-damage|p2a: Berry|61/100
|
|upkeep
|turn|10
|
|t:|1757941482
|switch|p1a: I dont Miss|Kilowattrel, M, shiny|100/100
|move|p2a: Berry|Play Rough|p1a: I dont Miss|[miss]
|-miss|p2a: Berry|p1a: I dont Miss
|
|upkeep
|turn|11
|
|t:|1757941490
|switch|p2a: Solid|Scizor, M|53/100
|move|p1a: I dont Miss|Thunder Wave|p2a: Solid
|-status|p2a: Solid|par
|
|upkeep
|turn|12
|
|t:|1757941507
|switch|p1a: :/|Corviknight, F, shiny|77/100
|-ability|p1a: :/|Pressure
|move|p2a: Solid|Knock Off|p1a: :/
|-damage|p1a: :/|66/100
|
|upkeep
|turn|13
|
|t:|1757941515
|move|p1a: :/|Roost|p1a: :/
|-heal|p1a: :/|100/100
|-singleturn|p1a: :/|move: Roost
|move|p2a: Solid|U-turn|p1a: :/
|-resisted|p1a: :/
|-damage|p1a: :/|92/100
|
|t:|1757941521
|switch|p2a: Archie|Arcanine-Hisui, M|100/100|[from] U-turn
|
|upkeep
|turn|14
|
|t:|1757941535
|switch|p1a: The drink|Keldeo-Resolute|48/100
|move|p2a: Archie|Flare Blitz|p1a: The drink
|-resisted|p1a: The drink
|-damage|p1a: The drink|0 fnt
|faint|p1a: The drink
|
|upkeep
|
|t:|1757941549
|switch|p1a: Pixie|Ting-Lu|48/100
|-ability|p1a: Pixie|Vessel of Ruin
|turn|15
|
|t:|1757941557
|switch|p2a: Solid|Scizor, M|53/100 par
|move|p1a: Pixie|Earthquake|p2a: Solid
|-damage|p2a: Solid|22/100 par
|
|-heal|p1a: Pixie|54/100|[from] item: Leftovers
|upkeep
|turn|16
|
|t:|1757941564
|move|p1a: Pixie|Stealth Rock|p2a: Solid
|-sidestart|p2: seethemalldie|move: Stealth Rock
|move|p2a: Solid|U-turn|p1a: Pixie
|-supereffective|p1a: Pixie
|-damage|p1a: Pixie|23/100
|
|t:|1757941569
|switch|p2a: Archie|Arcanine-Hisui, M|100/100|[from] U-turn
|-damage|p2a: Archie|76/100|[from] Stealth Rock
|
|-heal|p1a: Pixie|29/100|[from] item: Leftovers
|upkeep
|turn|17
|
|t:|1757941579
|move|p2a: Archie|Flare Blitz|p1a: Pixie
|-damage|p1a: Pixie|0 fnt
|faint|p1a: Pixie
|
|upkeep
|
|t:|1757941585
|switch|p1a: I dont Miss|Kilowattrel, M, shiny|100/100
|turn|18
|
|t:|1757941593
|switch|p2a: Solid|Scizor, M|22/100 par
|-damage|p2a: Solid|9/100 par|[from] Stealth Rock
|move|p1a: I dont Miss|Thunder Wave|p2a: Solid
|-fail|p2a: Solid|par
|
|upkeep
|turn|19
|
|t:|1757941600
|move|p2a: Solid|Bullet Punch|p1a: I dont Miss
|-resisted|p1a: I dont Miss
|-damage|p1a: I dont Miss|76/100
|move|p1a: I dont Miss|Hurricane|p2a: Solid|[miss]
|-miss|p1a: I dont Miss|p2a: Solid
|-enditem|p1a: I dont Miss|Blunder Policy
|-boost|p1a: I dont Miss|spe|2
|
|upkeep
|turn|20
|
|t:|1757941609
|move|p2a: Solid|Bullet Punch|p1a: I dont Miss
|-resisted|p1a: I dont Miss
|-damage|p1a: I dont Miss|53/100
|move|p1a: I dont Miss|Hurricane|p2a: Solid|[miss]
|-miss|p1a: I dont Miss|p2a: Solid
|
|upkeep
|turn|21
|
|t:|1757941615
|move|p2a: Solid|Bullet Punch|p1a: I dont Miss
|-resisted|p1a: I dont Miss
|-damage|p1a: I dont Miss|28/100
|move|p1a: I dont Miss|Hurricane|p2a: Solid
|-damage|p2a: Solid|0 fnt
|faint|p2a: Solid
|
|upkeep
|c|☆orangesolocup|HURRICANE PLEAASE
|c|☆orangesolocup|T_T
|c|☆orangesolocup|t h r e e whiffs
|
|t:|1757941643
|switch|p2a: Archie|Arcanine-Hisui, M|76/100
|-damage|p2a: Archie|51/100|[from] Stealth Rock
|turn|22
|c|☆orangesolocup|p l e a s e
|c|☆orangesolocup|dont miss
|c|☆orangesolocup|PLEASE
|
|t:|1757941669
|move|p2a: Archie|Extreme Speed|p1a: I dont Miss
|-damage|p1a: I dont Miss|0 fnt
|faint|p1a: I dont Miss
|
|upkeep
|
|t:|1757941675
|switch|p1a: PAN-CAKES|Pecharunt|100/100
|turn|23
|
|t:|1757941688
|switch|p2a: Berry|Ogerpon-Wellspring, F|61/100
|-damage|p2a: Berry|49/100|[from] Stealth Rock
|move|p1a: PAN-CAKES|Toxic|p2a: Berry
|-status|p2a: Berry|tox
|-start|p2a: Berry|confusion|[from] ability: Poison Puppeteer|[of] p1a: PAN-CAKES
|
|-damage|p2a: Berry|43/100 tox|[from] psn
|upkeep
|turn|24
|
|t:|1757941700
|-activate|p2a: Berry|confusion
|move|p2a: Berry|Knock Off|p1a: PAN-CAKES
|-supereffective|p1a: PAN-CAKES
|-damage|p1a: PAN-CAKES|55/100
|-enditem|p1a: PAN-CAKES|Heavy-Duty Boots|[from] move: Knock Off|[of] p2a: Berry
|move|p1a: PAN-CAKES|Parting Shot|p2a: Berry
|-unboost|p2a: Berry|atk|1
|-unboost|p2a: Berry|spa|1
|
|t:|1757941706
|switch|p1a: Poser|Comfey, F, shiny|100/100|[from] Parting Shot
|
|-damage|p2a: Berry|31/100 tox|[from] psn
|upkeep
|turn|25
|
|t:|1757941714
|-end|p2a: Berry|confusion
|move|p2a: Berry|Ivy Cudgel|p1a: Poser|[anim] Ivy Cudgel Water
|-damage|p1a: Poser|53/100
|move|p1a: Poser|Calm Mind|p1a: Poser
|-boost|p1a: Poser|spa|1
|-boost|p1a: Poser|spd|1
|
|-damage|p2a: Berry|13/100 tox|[from] psn
|upkeep
|turn|26
|
|t:|1757941723
|move|p1a: Poser|Draining Kiss|p2a: Berry
|-damage|p2a: Berry|0 fnt
|-heal|p1a: Poser|63/100|[from] drain|[of] p2a: Berry
|faint|p2a: Berry
|-damage|p1a: Poser|53/100|[from] item: Life Orb
|
|upkeep
|
|t:|1757941735
|switch|p2a: Chili|Toxtricity-Low-Key, F, tera:Normal|100/100
|-damage|p2a: Chili|88/100|[from] Stealth Rock
|turn|27
|
|t:|1757941748
|-terastallize|p1a: Poser|Ground
|move|p1a: Poser|Draining Kiss|p2a: Chili
|-damage|p2a: Chili|24/100
|-heal|p1a: Poser|99/100|[from] drain|[of] p2a: Chili
|-damage|p1a: Poser|89/100|[from] item: Life Orb
|move|p2a: Chili|Overdrive|p1a: Poser
|-immune|p1a: Poser
|
|upkeep
|turn|28
|
|t:|1757941757
|move|p1a: Poser|Draining Kiss|p2a: Chili
|-damage|p2a: Chili|0 fnt
|-heal|p1a: Poser|100/100|[from] drain|[of] p2a: Chili
|faint|p2a: Chili
|-damage|p1a: Poser|91/100|[from] item: Life Orb
|
|upkeep
|
|t:|1757941767
|switch|p2a: Archie|Arcanine-Hisui, M|51/100
|-damage|p2a: Archie|26/100|[from] Stealth Rock
|turn|29
|
|t:|1757941781
|move|p2a: Archie|Flare Blitz|p1a: Poser
|-damage|p1a: Poser|0 fnt
|faint|p1a: Poser
|
|upkeep
|
|t:|1757941787
|switch|p1a: PAN-CAKES|Pecharunt|55/100
|turn|30
|
|t:|1757941792
|move|p2a: Archie|Flare Blitz|p1a: PAN-CAKES
|-damage|p1a: PAN-CAKES|2/100
|move|p1a: PAN-CAKES|Hex|p2a: Archie
|-damage|p2a: Archie|0 fnt
|faint|p2a: Archie
|
|upkeep
|
|t:|1757941799
|switch|p2a: Nite|Iron Valiant, shiny|100/100
|-damage|p2a: Nite|94/100|[from] Stealth Rock
|turn|31
|
|t:|1757941808
|move|p2a: Nite|Thunderbolt|p1a: PAN-CAKES
|-crit|p1a: PAN-CAKES
|-damage|p1a: PAN-CAKES|0 fnt
|faint|p1a: PAN-CAKES
|
|upkeep
|
|t:|1757941811
|switch|p1a: :/|Corviknight, F, shiny|92/100
|-ability|p1a: :/|Pressure
|turn|32
|
|t:|1757941816
|move|p2a: Nite|Thunderbolt|p1a: :/
|-supereffective|p1a: :/
|-damage|p1a: :/|6/100
|move|p1a: :/|Brave Bird|p2a: Nite
|-supereffective|p2a: Nite
|-damage|p2a: Nite|3/100
|-damage|p1a: :/|0 fnt|[from] Recoil
|faint|p1a: :/
|
|win|seethemalldie
|raw|orangesolocup's rating: 1137 &rarr; <strong>1117</strong><br />(-20 for losing)
|raw|seethemalldie's rating: 1209 &rarr; <strong>1229</strong><br />(+20 for winning)
|l|☆seethemalldie
|player|p2|
|l|☆orangesolocup
|player|p1|
