|j|☆GarbagioFilth
|j|☆Mr.X&Y97
|t:|1757906328
|gametype|singles
|player|p1|GarbagioFilth|byron|1509
|player|p2|Mr.X&Y97|ingo|1564
|gen|9
|tier|[Gen 9] OU
|rated|
|rule|HP Percentage Mod: HP is shown in percentages
|rule|Endless Battle Clause: Forcing endless battles is banned
|rule|Species Clause: Limit one of each Pokémon
|rule|OHKO Clause: OHKO moves are banned
|rule|Evasion Items Clause: Evasion items are banned
|rule|Evasion Moves Clause: Evasion moves are banned
|rule|Evasion Abilities Clause: Evasion abilities are banned
|rule|Sleep Moves Clause: Sleep-inducing moves are banned
|clearpoke
|poke|p1|Dondozo, M|
|poke|p1|Blissey, F|
|poke|p1|Corviknight, F|
|poke|p1|Weezing-Galar, F|
|poke|p1|Gliscor, F|
|poke|p1|Toxapex, M|
|poke|p2|Samurott-Hisui, M|
|poke|p2|Gholdengo|
|poke|p2|Great Tusk|
|poke|p2|Raging Bolt|
|poke|p2|Dragonite, F|
|poke|p2|Kingambit, M|
|teampreview
|inactive|Battle timer is ON: inactive players will automatically lose when time's up. (requested by Mr.X&Y97)
|
|t:|1757906344
|teamsize|p1|6
|teamsize|p2|6
|start
|switch|p1a: Stallmate|Gliscor, F|100/100
|switch|p2a: Samurott|Samurott-Hisui, M|100/100
|turn|1
|
|t:|1757906352
|move|p1a: Stallmate|Protect|p1a: Stallmate
|-singleturn|p1a: Stallmate|Protect
|move|p2a: Samurott|Flip Turn|p1a: Stallmate
|-activate|p1a: Stallmate|move: Protect
|
|-status|p1a: Stallmate|tox|[from] item: Toxic Orb
|upkeep
|turn|2
|
|t:|1757906356
|move|p2a: Samurott|Flip Turn|p1a: Stallmate
|-supereffective|p1a: Stallmate
|-damage|p1a: Stallmate|56/100 tox
|
|t:|1757906363
|switch|p2a: Great Tusk|Great Tusk|100/100|[from] Flip Turn
|move|p1a: Stallmate|Spikes|p2a: Great Tusk
|-sidestart|p2: Mr.X&Y97|Spikes
|
|-heal|p1a: Stallmate|69/100 tox|[from] ability: Poison Heal
|upkeep
|turn|3
|
|t:|1757906367
|move|p1a: Stallmate|Protect|p1a: Stallmate
|-singleturn|p1a: Stallmate|Protect
|move|p2a: Great Tusk|Stealth Rock|p1a: Stallmate
|-sidestart|p1: GarbagioFilth|move: Stealth Rock
|
|-heal|p1a: Stallmate|81/100 tox|[from] ability: Poison Heal
|upkeep
|turn|4
|
|t:|1757906372
|switch|p1a: Stalin|Dondozo, M|100/100
|-damage|p1a: Stalin|88/100|[from] Stealth Rock
|move|p2a: Great Tusk|Rapid Spin|p1a: Stalin
|-damage|p1a: Stalin|82/100
|-boost|p2a: Great Tusk|spe|1
|-sideend|p2: Mr.X&Y97|Spikes|[from] move: Rapid Spin|[of] p2a: Great Tusk
|
|-heal|p1a: Stalin|88/100|[from] item: Leftovers
|upkeep
|turn|5
|
|t:|1757906378
|move|p2a: Great Tusk|Knock Off|p1a: Stalin
|-damage|p1a: Stalin|75/100
|-enditem|p1a: Stalin|Leftovers|[from] move: Knock Off|[of] p2a: Great Tusk
|move|p1a: Stalin|Body Press|p2a: Great Tusk
|-damage|p2a: Great Tusk|83/100
|
|upkeep
|turn|6
|
|t:|1757906397
|switch|p1a: Stalinski|Corviknight, F|100/100
|-damage|p1a: Stalinski|88/100|[from] Stealth Rock
|-ability|p1a: Stalinski|Pressure
|move|p2a: Great Tusk|Knock Off|p1a: Stalinski
|-damage|p1a: Stalinski|72/100
|-enditem|p1a: Stalinski|Leftovers|[from] move: Knock Off|[of] p2a: Great Tusk
|
|upkeep
|turn|7
|
|t:|1757906405
|-end|p2a: Great Tusk|Protosynthesis|[silent]
|switch|p2a: Gholdengo|Gholdengo|100/100
|-item|p2a: Gholdengo|Air Balloon
|switch|p1a: Stallking|Toxapex, M|100/100
|-damage|p1a: Stallking|88/100|[from] Stealth Rock
|
|-heal|p1a: Stallking|94/100|[from] item: Leftovers
|upkeep
|turn|8
|
|t:|1757906408
|move|p2a: Gholdengo|Thunder Wave|p1a: Stallking
|-status|p1a: Stallking|par
|move|p1a: Stallking|Haze|p1a: Stallking
|-clearallboost
|
|-heal|p1a: Stallking|100/100 par|[from] item: Leftovers
|upkeep
|turn|9
|
|t:|1757906412
|move|p2a: Gholdengo|Hex|p1a: Stallking
|-damage|p1a: Stallking|63/100 par
|cant|p1a: Stallking|par
|
|-heal|p1a: Stallking|69/100 par|[from] item: Leftovers
|upkeep
|turn|10
|
|t:|1757906418
|switch|p1a: Stalingrad|Blissey, F|100/100
|-damage|p1a: Stalingrad|88/100|[from] Stealth Rock
|move|p2a: Gholdengo|Thunder Wave|p1a: Stalingrad
|-status|p1a: Stalingrad|par
|
|-heal|p1a: Stalingrad|94/100 par|[from] item: Leftovers
|upkeep
|turn|11
|
|t:|1757906424
|switch|p2a: Samurott|Samurott-Hisui, M|100/100
|cant|p1a: Stalingrad|par
|
|-heal|p1a: Stalingrad|100/100 par|[from] item: Leftovers
|upkeep
|turn|12
|
|t:|1757906429
|-curestatus|p1a: Stalingrad|par|[from] ability: Natural Cure
|switch|p1a: Stallking|Toxapex, M|100/100 par
|-damage|p1a: Stallking|88/100 par|[from] Stealth Rock
|move|p2a: Samurott|Flip Turn|p1a: Stallking
|-resisted|p1a: Stallking
|-damage|p1a: Stallking|77/100 par
|
|t:|1757906436
|switch|p2a: Raging Bolt|Raging Bolt|100/100|[from] Flip Turn
|-enditem|p2a: Raging Bolt|Booster Energy
|-activate|p2a: Raging Bolt|ability: Protosynthesis|[fromitem]
|-start|p2a: Raging Bolt|protosynthesisspa
|
|-heal|p1a: Stallking|83/100 par|[from] item: Leftovers
|upkeep
|turn|13
|
|t:|1757906443
|switch|p1a: Stallmate|Gliscor, F|81/100 tox
|-damage|p1a: Stallmate|69/100 tox|[from] Stealth Rock
|move|p2a: Raging Bolt|Calm Mind|p2a: Raging Bolt
|-boost|p2a: Raging Bolt|spa|1
|-boost|p2a: Raging Bolt|spd|1
|
|-heal|p1a: Stallmate|81/100 tox|[from] ability: Poison Heal
|upkeep
|turn|14
|
|t:|1757906451
|switch|p1a: Stalingrad|Blissey, F|100/100
|-damage|p1a: Stalingrad|88/100|[from] Stealth Rock
|move|p2a: Raging Bolt|Dragon Pulse|p1a: Stalingrad
|-damage|p1a: Stalingrad|60/100
|
|-heal|p1a: Stalingrad|66/100|[from] item: Leftovers
|upkeep
|turn|15
|
|t:|1757906458
|move|p2a: Raging Bolt|Thunderbolt|p1a: Stalingrad
|-damage|p1a: Stalingrad|33/100
|move|p1a: Stalingrad|Calm Mind|p1a: Stalingrad
|-boost|p1a: Stalingrad|spa|1
|-boost|p1a: Stalingrad|spd|1
|
|-heal|p1a: Stalingrad|40/100|[from] item: Leftovers
|upkeep
|turn|16
|
|t:|1757906462
|move|p2a: Raging Bolt|Thunderbolt|p1a: Stalingrad
|-damage|p1a: Stalingrad|19/100
|move|p1a: Stalingrad|Soft-Boiled|p1a: Stalingrad
|-heal|p1a: Stalingrad|69/100
|
|-heal|p1a: Stalingrad|75/100|[from] item: Leftovers
|upkeep
|turn|17
|
|t:|1757906467
|move|p2a: Raging Bolt|Calm Mind|p2a: Raging Bolt
|-boost|p2a: Raging Bolt|spa|1
|-boost|p2a: Raging Bolt|spd|1
|move|p1a: Stalingrad|Calm Mind|p1a: Stalingrad
|-boost|p1a: Stalingrad|spa|1
|-boost|p1a: Stalingrad|spd|1
|
|-heal|p1a: Stalingrad|81/100|[from] item: Leftovers
|upkeep
|turn|18
|
|t:|1757906468
|move|p2a: Raging Bolt|Calm Mind|p2a: Raging Bolt
|-boost|p2a: Raging Bolt|spa|1
|-boost|p2a: Raging Bolt|spd|1
|move|p1a: Stalingrad|Calm Mind|p1a: Stalingrad
|-boost|p1a: Stalingrad|spa|1
|-boost|p1a: Stalingrad|spd|1
|
|-heal|p1a: Stalingrad|88/100|[from] item: Leftovers
|upkeep
|turn|19
|
|t:|1757906470
|move|p2a: Raging Bolt|Calm Mind|p2a: Raging Bolt
|-boost|p2a: Raging Bolt|spa|1
|-boost|p2a: Raging Bolt|spd|1
|move|p1a: Stalingrad|Calm Mind|p1a: Stalingrad
|-boost|p1a: Stalingrad|spa|1
|-boost|p1a: Stalingrad|spd|1
|
|-heal|p1a: Stalingrad|94/100|[from] item: Leftovers
|upkeep
|turn|20
|
|t:|1757906473
|move|p2a: Raging Bolt|Calm Mind|p2a: Raging Bolt
|-boost|p2a: Raging Bolt|spa|1
|-boost|p2a: Raging Bolt|spd|1
|move|p1a: Stalingrad|Calm Mind|p1a: Stalingrad
|-boost|p1a: Stalingrad|spa|1
|-boost|p1a: Stalingrad|spd|1
|
|-heal|p1a: Stalingrad|99/100|[from] item: Leftovers
|upkeep
|turn|21
|
|t:|1757906475
|move|p2a: Raging Bolt|Calm Mind|p2a: Raging Bolt
|-boost|p2a: Raging Bolt|spa|1
|-boost|p2a: Raging Bolt|spd|1
|move|p1a: Stalingrad|Calm Mind|p1a: Stalingrad
|-boost|p1a: Stalingrad|spa|1
|-boost|p1a: Stalingrad|spd|1
|
|-heal|p1a: Stalingrad|100/100|[from] item: Leftovers
|upkeep
|turn|22
|
|t:|1757906480
|move|p2a: Raging Bolt|Thunderbolt|p1a: Stalingrad
|-damage|p1a: Stalingrad|80/100
|move|p1a: Stalingrad|Seismic Toss|p2a: Raging Bolt
|-damage|p2a: Raging Bolt|75/100
|
|-heal|p1a: Stalingrad|87/100|[from] item: Leftovers
|upkeep
|turn|23
|
|t:|1757906485
|move|p2a: Raging Bolt|Thunderbolt|p1a: Stalingrad
|-crit|p1a: Stalingrad
|-damage|p1a: Stalingrad|0 fnt
|faint|p1a: Stalingrad
|
|upkeep
|
|t:|1757906494
|switch|p1a: Stallking|Toxapex, M|100/100 par
|-damage|p1a: Stallking|88/100 par|[from] Stealth Rock
|turn|24
|
|t:|1757906498
|-terastallize|p1a: Stallking|Steel
|move|p2a: Raging Bolt|Dragon Pulse|p1a: Stallking
|-resisted|p1a: Stallking
|-damage|p1a: Stallking|7/100 par
|move|p1a: Stallking|Haze|p1a: Stallking
|-clearallboost
|
|-heal|p1a: Stallking|13/100 par|[from] item: Leftovers
|upkeep
|turn|25
|
|t:|1757906510
|switch|p1a: Stallmate|Gliscor, F|81/100 tox
|-damage|p1a: Stallmate|69/100 tox|[from] Stealth Rock
|move|p2a: Raging Bolt|Dragon Pulse|p1a: Stallmate
|-damage|p1a: Stallmate|10/100 tox
|
|-heal|p1a: Stallmate|22/100 tox|[from] ability: Poison Heal
|upkeep
|turn|26
|
|t:|1757906518
|switch|p1a: Staletto|Weezing-Galar, F|100/100
|-ability|p1a: Staletto|Neutralizing Gas
|move|p2a: Raging Bolt|Dragon Pulse|p1a: Staletto
|-immune|p1a: Staletto
|
|upkeep
|turn|27
|
|t:|1757906523
|move|p2a: Raging Bolt|Thunderbolt|p1a: Staletto
|-damage|p1a: Staletto|32/100
|move|p1a: Staletto|Strange Steam|p2a: Raging Bolt
|-supereffective|p2a: Raging Bolt
|-damage|p2a: Raging Bolt|27/100
|
|upkeep
|turn|28
|
|t:|1757906533
|-end|p1a: Staletto|ability: Neutralizing Gas
|switch|p1a: Stallmate|Gliscor, F|22/100 tox
|-damage|p1a: Stallmate|10/100 tox|[from] Stealth Rock
|move|p2a: Raging Bolt|Thunderbolt|p1a: Stallmate
|-immune|p1a: Stallmate
|
|-heal|p1a: Stallmate|22/100 tox|[from] ability: Poison Heal
|upkeep
|turn|29
|
|t:|1757906540
|move|p1a: Stallmate|Protect|p1a: Stallmate
|-singleturn|p1a: Stallmate|Protect
|move|p2a: Raging Bolt|Dragon Pulse|p1a: Stallmate
|-activate|p1a: Stallmate|move: Protect
|
|-heal|p1a: Stallmate|35/100 tox|[from] ability: Poison Heal
|upkeep
|turn|30
|
|t:|1757906544
|move|p2a: Raging Bolt|Dragon Pulse|p1a: Stallmate
|-damage|p1a: Stallmate|0 fnt
|faint|p1a: Stallmate
|
|upkeep
|
|t:|1757906548
|switch|p1a: Stallking|Toxapex, M, tera:Steel|46/100 par
|-damage|p1a: Stallking|40/100 par|[from] Stealth Rock
|turn|31
|
|t:|1757906551
|switch|p1a: Staletto|Weezing-Galar, F|32/100
|-ability|p1a: Staletto|Neutralizing Gas
|move|p2a: Raging Bolt|Thunderbolt|p1a: Staletto
|-damage|p1a: Staletto|0 fnt
|faint|p1a: Staletto
|-end|p1a: Staletto|ability: Neutralizing Gas
|
|upkeep
|
|t:|1757906559
|switch|p1a: Stalin|Dondozo, M|75/100
|-damage|p1a: Stalin|63/100|[from] Stealth Rock
|turn|32
|
|t:|1757906561
|move|p2a: Raging Bolt|Thunderbolt|p1a: Stalin
|-supereffective|p1a: Stalin
|-damage|p1a: Stalin|0 fnt
|faint|p1a: Stalin
|
|upkeep
|
|t:|1757906564
|switch|p1a: Stalinski|Corviknight, F|72/100
|-damage|p1a: Stalinski|60/100|[from] Stealth Rock
|-ability|p1a: Stalinski|Pressure
|turn|33
|
|t:|1757906566
|move|p2a: Raging Bolt|Thunderbolt|p1a: Stalinski
|-supereffective|p1a: Stalinski
|-damage|p1a: Stalinski|0 fnt
|faint|p1a: Stalinski
|
|upkeep
|
|t:|1757906568
|switch|p1a: Stallking|Toxapex, M, tera:Steel|73/100 par
|-damage|p1a: Stallking|67/100 par|[from] Stealth Rock
|turn|34
|
|t:|1757906571
|move|p2a: Raging Bolt|Thunderbolt|p1a: Stallking
|-damage|p1a: Stallking|22/100 par
|cant|p1a: Stallking|par
|
|-heal|p1a: Stallking|28/100 par|[from] item: Leftovers
|upkeep
|turn|35
|
|t:|1757906574
|move|p2a: Raging Bolt|Thunderbolt|p1a: Stallking
|-damage|p1a: Stallking|0 fnt
|faint|p1a: Stallking
|
|win|Mr.X&Y97
|raw|GarbagioFilth's rating: 1509 &rarr; <strong>1492</strong><br />(-17 for losing)
|raw|Mr.X&amp;Y97's rating: 1564 &rarr; <strong>1581</strong><br />(+17 for winning)
|c|☆GarbagioFilth|gg
|l|☆GarbagioFilth
|player|p1|
