|j|☆jungkolo
|j|☆maxseiji
|t:|1757852502
|gametype|singles
|player|p1|jungkolo|bugcatcher-gen4dp|1511
|player|p2|maxseiji|gambler|1592
|gen|9
|tier|[Gen 9] OU
|rated|
|rule|HP Percentage Mod: HP is shown in percentages
|rule|Endless Battle Clause: Forcing endless battles is banned
|rule|Species Clause: Limit one of each Pokémon
|rule|OHKO Clause: OHKO moves are banned
|rule|Evasion Items Clause: Evasion items are banned
|rule|Evasion Moves Clause: Evasion moves are banned
|rule|Evasion Abilities Clause: Evasion abilities are banned
|rule|Sleep Moves Clause: Sleep-inducing moves are banned
|clearpoke
|poke|p1|Pecharunt|
|poke|p1|Chansey, F|
|poke|p1|Enamorus, F|
|poke|p1|Ogerpon-Wellspring, F|
|poke|p1|Great Tusk|
|poke|p1|Kingambit, M|
|poke|p2|Dragonite, M|
|poke|p2|Landorus-Therian, M|
|poke|p2|Iron Valiant|
|poke|p2|Kyurem|
|poke|p2|Hatterene, F|
|poke|p2|Ogerpon-Wellspring, F|
|teampreview
|
|t:|1757852512
|teamsize|p1|6
|teamsize|p2|6
|start
|switch|p1a: Ogerpon|Ogerpon-Wellspring, F|100/100
|switch|p2a: Kyurem|Kyurem|100/100
|-ability|p2a: Kyurem|Pressure
|turn|1
|
|t:|1757852518
|move|p1a: Ogerpon|U-turn|p2a: Kyurem
|-crit|p2a: Kyurem
|-damage|p2a: Kyurem|62/100
|
|t:|1757852522
|switch|p1a: Margaret|Chansey, F|100/100|[from] U-turn
|move|p2a: Kyurem|Freeze-Dry|p1a: Margaret
|-damage|p1a: Margaret|83/100
|
|upkeep
|turn|2
|
|t:|1757852528
|switch|p2a: Hatterene|Hatterene, F|100/100
|move|p1a: Margaret|Stealth Rock|p2a: Hatterene
|move|p2a: Hatterene|Stealth Rock|p1a: Margaret|[from] ability: Magic Bounce
|-sidestart|p1: jungkolo|move: Stealth Rock
|
|upkeep
|turn|3
|
|t:|1757852533
|switch|p1a: Pecharunt|Pecharunt|100/100
|-damage|p1a: Pecharunt|88/100|[from] Stealth Rock
|switch|p2a: Landorus|Landorus-Therian, M|100/100
|-ability|p2a: Landorus|Intimidate|boost
|-unboost|p1a: Pecharunt|atk|1
|
|upkeep
|turn|4
|
|t:|1757852539
|switch|p1a: Enamorus|Enamorus, F|100/100
|-damage|p1a: Enamorus|76/100|[from] Stealth Rock
|move|p2a: Landorus|Earth Power|p1a: Enamorus
|-immune|p1a: Enamorus
|
|upkeep
|turn|5
|
|t:|1757852547
|move|p1a: Enamorus|Moonblast|p2a: Landorus
|-damage|p2a: Landorus|40/100
|move|p2a: Landorus|U-turn|p1a: Enamorus
|-resisted|p1a: Enamorus
|-damage|p1a: Enamorus|67/100
|
|t:|1757852553
|switch|p2a: Ogerpon|Ogerpon-Wellspring, F|100/100|[from] U-turn
|
|upkeep
|turn|6
|
|t:|1757852559
|switch|p1a: Ogerpon|Ogerpon-Wellspring, F|100/100
|-damage|p1a: Ogerpon|88/100|[from] Stealth Rock
|move|p2a: Ogerpon|Knock Off|p1a: Ogerpon
|-crit|p1a: Ogerpon
|-damage|p1a: Ogerpon|41/100
|
|upkeep
|turn|7
|
|t:|1757852569
|move|p2a: Ogerpon|U-turn|p1a: Ogerpon
|-supereffective|p1a: Ogerpon
|-damage|p1a: Ogerpon|0 fnt
|faint|p1a: Ogerpon
|
|t:|1757852577
|switch|p2a: Kyurem|Kyurem|62/100|[from] U-turn
|-ability|p2a: Kyurem|Pressure
|
|upkeep
|
|t:|1757852583
|switch|p1a: Margaret|Chansey, F|83/100
|-damage|p1a: Margaret|71/100|[from] Stealth Rock
|turn|8
|
|t:|1757852587
|switch|p2a: Hatterene|Hatterene, F|100/100
|move|p1a: Margaret|Seismic Toss|p2a: Hatterene
|-damage|p2a: Hatterene|69/100
|-enditem|p2a: Hatterene|Eject Button
|
|t:|1757852591
|switch|p2a: Ogerpon|Ogerpon-Wellspring, F|100/100
|
|upkeep
|turn|9
|
|t:|1757852600
|switch|p1a: Pecharunt|Pecharunt|88/100
|-damage|p1a: Pecharunt|76/100|[from] Stealth Rock
|move|p2a: Ogerpon|Knock Off|p1a: Pecharunt
|-supereffective|p1a: Pecharunt
|-enditem|p1a: Pecharunt|Colbur Berry|[eat]
|-enditem|p1a: Pecharunt|Colbur Berry|[weaken]
|-damage|p1a: Pecharunt|58/100
|
|upkeep
|turn|10
|
|t:|1757852609
|move|p2a: Ogerpon|U-turn|p1a: Pecharunt
|-resisted|p1a: Pecharunt
|-crit|p1a: Pecharunt
|-damage|p1a: Pecharunt|53/100
|
|t:|1757852611
|switch|p2a: Landorus|Landorus-Therian, M|40/100|[from] U-turn
|-ability|p2a: Landorus|Intimidate|boost
|-unboost|p1a: Pecharunt|atk|1
|move|p1a: Pecharunt|Recover|p1a: Pecharunt
|-heal|p1a: Pecharunt|100/100
|
|upkeep
|turn|11
|
|t:|1757852618
|switch|p1a: Enamorus|Enamorus, F|67/100
|-damage|p1a: Enamorus|42/100|[from] Stealth Rock
|move|p2a: Landorus|Earth Power|p1a: Enamorus
|-immune|p1a: Enamorus
|
|upkeep
|turn|12
|
|t:|1757852626
|switch|p2a: Hatterene|Hatterene, F|69/100
|move|p1a: Enamorus|Moonblast|p2a: Hatterene
|-damage|p2a: Hatterene|6/100
|
|upkeep
|turn|13
|
|t:|1757852631
|move|p1a: Enamorus|Moonblast|p2a: Hatterene
|-damage|p2a: Hatterene|0 fnt
|faint|p2a: Hatterene
|
|upkeep
|
|t:|1757852633
|switch|p2a: Ogerpon|Ogerpon-Wellspring, F|100/100
|turn|14
|
|t:|1757852641
|move|p2a: Ogerpon|Spikes|p1a: Enamorus
|-sidestart|p1: jungkolo|Spikes
|move|p1a: Enamorus|Moonblast|p2a: Ogerpon
|-damage|p2a: Ogerpon|33/100
|
|upkeep
|turn|15
|
|t:|1757852645
|move|p2a: Ogerpon|Ivy Cudgel|p1a: Enamorus|[anim] Ivy Cudgel Water
|-damage|p1a: Enamorus|0 fnt
|faint|p1a: Enamorus
|
|upkeep
|
|t:|1757852658
|switch|p1a: Great Tusk|Great Tusk|100/100
|turn|16
|
|t:|1757852661
|-terastallize|p1a: Great Tusk|Ice
|move|p2a: Ogerpon|Ivy Cudgel|p1a: Great Tusk|[anim] Ivy Cudgel Water
|-crit|p1a: Great Tusk
|-damage|p1a: Great Tusk|33/100
|move|p1a: Great Tusk|Rapid Spin|p2a: Ogerpon
|-damage|p2a: Ogerpon|9/100
|-boost|p1a: Great Tusk|spe|1
|-sideend|p1: jungkolo|Spikes|[from] move: Rapid Spin|[of] p1a: Great Tusk
|-sideend|p1: jungkolo|Stealth Rock|[from] move: Rapid Spin|[of] p1a: Great Tusk
|
|upkeep
|turn|17
|
|t:|1757852670
|switch|p2a: Landorus|Landorus-Therian, M|40/100
|-ability|p2a: Landorus|Intimidate|boost
|-unboost|p1a: Great Tusk|atk|1
|move|p1a: Great Tusk|Rapid Spin|p2a: Landorus
|-damage|p2a: Landorus|28/100
|-boost|p1a: Great Tusk|spe|1
|-damage|p1a: Great Tusk|17/100|[from] item: Rocky Helmet|[of] p2a: Landorus
|
|upkeep
|turn|18
|
|t:|1757852680
|switch|p2a: Ogerpon|Ogerpon-Wellspring, F|9/100
|move|p1a: Great Tusk|Ice Spinner|p2a: Ogerpon
|-crit|p2a: Ogerpon
|-damage|p2a: Ogerpon|0 fnt
|faint|p2a: Ogerpon
|
|upkeep
|
|t:|1757852684
|switch|p2a: Dragonite|Dragonite, M|100/100
|turn|19
|
|t:|1757852689
|move|p2a: Dragonite|Extreme Speed|p1a: Great Tusk
|-damage|p1a: Great Tusk|0 fnt
|faint|p1a: Great Tusk
|-end|p1a: Great Tusk|Protosynthesis|[silent]
|
|upkeep
|
|t:|1757852700
|switch|p1a: Pecharunt|Pecharunt|100/100
|turn|20
|
|t:|1757852704
|switch|p2a: Landorus|Landorus-Therian, M|28/100
|-ability|p2a: Landorus|Intimidate|boost
|-unboost|p1a: Pecharunt|atk|1
|move|p1a: Pecharunt|Malignant Chain|p2a: Landorus
|-resisted|p2a: Landorus
|-damage|p2a: Landorus|10/100
|-status|p2a: Landorus|tox
|-start|p2a: Landorus|confusion|[from] ability: Poison Puppeteer|[of] p1a: Pecharunt
|
|-damage|p2a: Landorus|4/100 tox|[from] psn
|upkeep
|turn|21
|
|t:|1757852715
|switch|p1a: Margaret|Chansey, F|71/100
|-activate|p2a: Landorus|confusion
|-damage|p2a: Landorus|0 fnt|[from] confusion
|faint|p2a: Landorus
|
|upkeep
|
|t:|1757852731
|switch|p2a: Dragonite|Dragonite, M|100/100
|turn|22
|
|t:|1757852735
|move|p2a: Dragonite|Earthquake|p1a: Margaret
|-damage|p1a: Margaret|45/100
|move|p1a: Margaret|Thunder Wave|p2a: Dragonite
|-status|p2a: Dragonite|par
|
|upkeep
|turn|23
|
|t:|1757852738
|move|p1a: Margaret|Soft-Boiled|p1a: Margaret
|-heal|p1a: Margaret|95/100
|move|p2a: Dragonite|Dragon Dance|p2a: Dragonite
|-boost|p2a: Dragonite|atk|1
|-boost|p2a: Dragonite|spe|1
|
|upkeep
|turn|24
|
|t:|1757852743
|move|p2a: Dragonite|Dragon Dance|p2a: Dragonite
|-boost|p2a: Dragonite|atk|1
|-boost|p2a: Dragonite|spe|1
|move|p1a: Margaret|Seismic Toss|p2a: Dragonite
|-damage|p2a: Dragonite|70/100 par
|
|upkeep
|turn|25
|
|t:|1757852748
|move|p2a: Dragonite|Earthquake|p1a: Margaret
|-damage|p1a: Margaret|45/100
|move|p1a: Margaret|Seismic Toss|p2a: Dragonite
|-damage|p2a: Dragonite|39/100 par
|
|upkeep
|turn|26
|
|t:|1757852753
|cant|p2a: Dragonite|par
|move|p1a: Margaret|Soft-Boiled|p1a: Margaret
|-heal|p1a: Margaret|95/100
|
|upkeep
|turn|27
|
|t:|1757852757
|cant|p2a: Dragonite|par
|move|p1a: Margaret|Seismic Toss|p2a: Dragonite
|-damage|p2a: Dragonite|8/100 par
|
|upkeep
|turn|28
|
|t:|1757852761
|move|p2a: Dragonite|Earthquake|p1a: Margaret
|-damage|p1a: Margaret|43/100
|move|p1a: Margaret|Seismic Toss|p2a: Dragonite
|-damage|p2a: Dragonite|0 fnt
|faint|p2a: Dragonite
|
|upkeep
|
|t:|1757852767
|switch|p2a: Iron Valiant|Iron Valiant|100/100
|-enditem|p2a: Iron Valiant|Booster Energy
|-activate|p2a: Iron Valiant|ability: Quark Drive|[fromitem]
|-start|p2a: Iron Valiant|quarkdrivespe
|turn|29
|
|t:|1757852770
|switch|p1a: Pecharunt|Pecharunt|100/100
|move|p2a: Iron Valiant|Knock Off|p1a: Pecharunt
|-supereffective|p1a: Pecharunt
|-damage|p1a: Pecharunt|84/100
|
|upkeep
|turn|30
|
|t:|1757852774
|-end|p2a: Iron Valiant|Quark Drive|[silent]
|switch|p2a: Kyurem|Kyurem|62/100
|-ability|p2a: Kyurem|Pressure
|move|p1a: Pecharunt|Malignant Chain|p2a: Kyurem
|-crit|p2a: Kyurem
|-damage|p2a: Kyurem|17/100
|-status|p2a: Kyurem|tox
|-start|p2a: Kyurem|confusion|[from] ability: Poison Puppeteer|[of] p1a: Pecharunt
|
|-damage|p2a: Kyurem|10/100 tox|[from] psn
|upkeep
|turn|31
|
|t:|1757852777
|switch|p1a: Margaret|Chansey, F|43/100
|-activate|p2a: Kyurem|confusion
|-damage|p2a: Kyurem|0 fnt|[from] confusion
|faint|p2a: Kyurem
|
|upkeep
|
|t:|1757852782
|switch|p2a: Iron Valiant|Iron Valiant|100/100
|turn|32
|
|t:|1757852786
|switch|p1a: Pecharunt|Pecharunt|84/100
|move|p2a: Iron Valiant|Knock Off|p1a: Pecharunt
|-supereffective|p1a: Pecharunt
|-damage|p1a: Pecharunt|66/100
|
|upkeep
|turn|33
|
|t:|1757852791
|-terastallize|p2a: Iron Valiant|Steel
|move|p2a: Iron Valiant|Knock Off|p1a: Pecharunt
|-supereffective|p1a: Pecharunt
|-damage|p1a: Pecharunt|49/100
|move|p1a: Pecharunt|Malignant Chain|p2a: Iron Valiant
|-immune|p2a: Iron Valiant
|
|upkeep
|turn|34
|
|t:|1757852797
|move|p2a: Iron Valiant|Encore|p1a: Pecharunt
|-start|p1a: Pecharunt|Encore
|move|p1a: Pecharunt|Malignant Chain|p2a: Iron Valiant
|-immune|p2a: Iron Valiant
|
|upkeep
|turn|35
|
|t:|1757852813
|switch|p1a: Margaret|Chansey, F|43/100
|move|p2a: Iron Valiant|Knock Off|p1a: Margaret
|-damage|p1a: Margaret|24/100
|-enditem|p1a: Margaret|Eviolite|[from] move: Knock Off|[of] p2a: Iron Valiant
|
|upkeep
|turn|36
|
|t:|1757852819
|move|p2a: Iron Valiant|Close Combat|p1a: Margaret
|-supereffective|p1a: Margaret
|-damage|p1a: Margaret|0 fnt
|-unboost|p2a: Iron Valiant|def|1
|-unboost|p2a: Iron Valiant|spd|1
|faint|p1a: Margaret
|
|upkeep
|
|t:|1757852822
|switch|p1a: Pecharunt|Pecharunt|49/100
|turn|37
|
|t:|1757852824
|move|p2a: Iron Valiant|Moonblast|p1a: Pecharunt
|-resisted|p1a: Pecharunt
|-damage|p1a: Pecharunt|26/100
|move|p1a: Pecharunt|Recover|p1a: Pecharunt
|-heal|p1a: Pecharunt|76/100
|
|upkeep
|turn|38
|
|t:|1757852828
|switch|p1a: Kingambit|Kingambit, M|100/100
|-activate|p1a: Kingambit|ability: Supreme Overlord
|-start|p1a: Kingambit|fallen4|[silent]
|move|p2a: Iron Valiant|Encore||[still]
|-fail|p2a: Iron Valiant
|
|upkeep
|turn|39
|
|t:|1757852836
|move|p1a: Kingambit|Sucker Punch|p2a: Iron Valiant
|-damage|p2a: Iron Valiant|0 fnt
|faint|p2a: Iron Valiant
|-end|p2a: Iron Valiant|Quark Drive|[silent]
|
|win|jungkolo
|raw|jungkolo's rating: 1511 &rarr; <strong>1536</strong><br />(+25 for winning)
|raw|maxseiji's rating: 1592 &rarr; <strong>1567</strong><br />(-25 for losing)
|l|☆maxseiji
|player|p2|
|l|☆jungkolo
|player|p1|
