|j|☆Munch144447
|j|☆4DEF+4SPD=GG
|t:|1757793316
|gametype|singles
|player|p1|Munch144447|169|1156
|player|p2|4DEF+4SPD=GG|preschooler|1150
|gen|9
|tier|[Gen 9] OU
|rated|
|rule|HP Percentage Mod: HP is shown in percentages
|rule|Endless Battle Clause: Forcing endless battles is banned
|rule|Species Clause: Limit one of each Pokémon
|rule|OHKO Clause: OHKO moves are banned
|rule|Evasion Items Clause: Evasion items are banned
|rule|Evasion Moves Clause: Evasion moves are banned
|rule|Evasion Abilities Clause: Evasion abilities are banned
|rule|Sleep Moves Clause: Sleep-inducing moves are banned
|clearpoke
|poke|p1|Tropius, F|
|poke|p1|Espeon, F|
|poke|p1|Skuntank, M|
|poke|p1|Drednaw, M|
|poke|p1|Camerupt, M|
|poke|p1|Abomasnow, M|
|poke|p2|Tyranitar, M|
|poke|p2|Excadrill, M|
|poke|p2|Corviknight, M|
|poke|p2|Glimmora, M|
|poke|p2|Hippowdon, M|
|poke|p2|Scizor, M|
|teampreview
|inactive|Battle timer is ON: inactive players will automatically lose when time's up. (requested by 4DEF+4SPD=GG)
|
|t:|1757793342
|teamsize|p1|6
|teamsize|p2|6
|start
|switch|p1a: Camerupt|Camerupt, M|100/100
|switch|p2a: Scizor|Scizor, M|100/100
|turn|1
|
|t:|1757793348
|move|p1a: Camerupt|Flamethrower|p2a: Scizor
|-supereffective|p2a: Scizor
|-damage|p2a: Scizor|0 fnt
|faint|p2a: Scizor
|
|upkeep
|
|t:|1757793352
|switch|p2a: Hippowdon|Hippowdon, M|100/100
|-weather|Sandstorm|[from] ability: Sand Stream|[of] p2a: Hippowdon
|turn|2
|
|t:|1757793355
|switch|p1a: Abomasnow|Abomasnow, M|100/100
|-weather|Snowscape|[from] ability: Snow Warning|[of] p1a: Abomasnow
|move|p2a: Hippowdon|Stealth Rock|p1a: Abomasnow
|-sidestart|p1: Munch144447|move: Stealth Rock
|
|-weather|Snowscape|[upkeep]
|upkeep
|turn|3
|
|t:|1757793360
|switch|p2a: Tyranitar|Tyranitar, M|100/100
|-weather|Sandstorm|[from] ability: Sand Stream|[of] p2a: Tyranitar
|move|p1a: Abomasnow|Aurora Veil||[still]
|-fail|p1a: Abomasnow
|
|-weather|Sandstorm|[upkeep]
|-damage|p1a: Abomasnow|94/100|[from] Sandstorm
|upkeep
|turn|4
|
|t:|1757793367
|switch|p2a: Corviknight|Corviknight, M|100/100
|switch|p1a: Tropius|Tropius, F|100/100
|-damage|p1a: Tropius|75/100|[from] Stealth Rock
|
|-weather|Sandstorm|[upkeep]
|-damage|p1a: Tropius|69/100|[from] Sandstorm
|upkeep
|turn|5
|
|t:|1757793370
|move|p1a: Tropius|Leech Seed|p2a: Corviknight
|-start|p2a: Corviknight|move: Leech Seed
|move|p2a: Corviknight|Brave Bird|p1a: Tropius
|-supereffective|p1a: Tropius
|-damage|p1a: Tropius|0 fnt
|faint|p1a: Tropius
|-damage|p2a: Corviknight|78/100|[from] Recoil
|
|-weather|Sandstorm|[upkeep]
|upkeep
|
|t:|1757793378
|switch|p1a: Camerupt|Camerupt, M|100/100
|-damage|p1a: Camerupt|88/100|[from] Stealth Rock
|turn|6
|
|t:|1757793381
|switch|p2a: Glimmora|Glimmora, M|100/100
|move|p1a: Camerupt|Trailblaze|p2a: Glimmora
|-damage|p2a: Glimmora|88/100
|-boost|p1a: Camerupt|spe|1
|-activate|p2a: Glimmora|ability: Toxic Debris
|-sidestart|p1: Munch144447|move: Toxic Spikes
|
|-weather|Sandstorm|[upkeep]
|upkeep
|turn|7
|
|t:|1757793388
|-terastallize|p2a: Glimmora|Bug
|move|p2a: Glimmora|Earth Power|p1a: Camerupt
|-supereffective|p1a: Camerupt
|-damage|p1a: Camerupt|20/100
|-enditem|p1a: Camerupt|Weakness Policy
|-boost|p1a: Camerupt|atk|2|[from] item: Weakness Policy
|-boost|p1a: Camerupt|spa|2|[from] item: Weakness Policy
|move|p1a: Camerupt|Trailblaze|p2a: Glimmora
|-resisted|p2a: Glimmora
|-damage|p2a: Glimmora|75/100
|-boost|p1a: Camerupt|spe|1
|-activate|p2a: Glimmora|ability: Toxic Debris
|-sidestart|p1: Munch144447|move: Toxic Spikes
|
|-weather|Sandstorm|[upkeep]
|-damage|p2a: Glimmora|69/100|[from] Sandstorm
|upkeep
|turn|8
|
|t:|1757793397
|move|p1a: Camerupt|Flamethrower|p2a: Glimmora
|-supereffective|p2a: Glimmora
|-damage|p2a: Glimmora|0 fnt
|faint|p2a: Glimmora
|
|-weather|Sandstorm|[upkeep]
|upkeep
|
|t:|1757793399
|switch|p2a: Excadrill|Excadrill, M|100/100
|turn|9
|
|t:|1757793403
|move|p2a: Excadrill|Rapid Spin|p1a: Camerupt
|-damage|p1a: Camerupt|0 fnt
|-boost|p2a: Excadrill|spe|1
|faint|p1a: Camerupt
|
|-weather|Sandstorm|[upkeep]
|upkeep
|
|t:|1757793413
|switch|p1a: Drednaw|Drednaw, M|100/100
|-damage|p1a: Drednaw|88/100|[from] Stealth Rock
|-status|p1a: Drednaw|tox
|turn|10
|
|t:|1757793416
|move|p2a: Excadrill|Earthquake|p1a: Drednaw
|-supereffective|p1a: Drednaw
|-damage|p1a: Drednaw|0 fnt
|faint|p1a: Drednaw
|
|-weather|none
|upkeep
|
|t:|1757793421
|switch|p1a: Skuntank|Skuntank, M|100/100
|-damage|p1a: Skuntank|88/100|[from] Stealth Rock
|-sideend|p1: Munch144447|move: Toxic Spikes|[of] p1a: Skuntank
|turn|11
|
|t:|1757793427
|-terastallize|p1a: Skuntank|Dark
|move|p2a: Excadrill|Earthquake|p1a: Skuntank
|-damage|p1a: Skuntank|7/100
|move|p1a: Skuntank|Knock Off|p2a: Excadrill
|-enditem|p2a: Excadrill|Focus Sash
|-damage|p2a: Excadrill|1/100
|-damage|p1a: Skuntank|0 fnt|[from] item: Life Orb
|faint|p1a: Skuntank
|
|upkeep
|
|t:|1757793435
|switch|p1a: Abomasnow|Abomasnow, M|94/100
|-damage|p1a: Abomasnow|69/100|[from] Stealth Rock
|-weather|Snowscape|[from] ability: Snow Warning|[of] p1a: Abomasnow
|turn|12
|
|t:|1757793438
|move|p2a: Excadrill|Iron Head|p1a: Abomasnow
|-supereffective|p1a: Abomasnow
|-damage|p1a: Abomasnow|19/100
|move|p1a: Abomasnow|Leech Seed|p2a: Excadrill
|-start|p2a: Excadrill|move: Leech Seed
|
|-weather|Snowscape|[upkeep]
|-damage|p2a: Excadrill|0 fnt|[from] Leech Seed|[of] p1a: Abomasnow
|-heal|p1a: Abomasnow|19/100|[silent]
|faint|p2a: Excadrill
|upkeep
|
|t:|1757793442
|switch|p2a: Corviknight|Corviknight, M|78/100
|turn|13
|
|t:|1757793444
|move|p1a: Abomasnow|Aurora Veil|p1a: Abomasnow
|-sidestart|p1: Munch144447|move: Aurora Veil
|move|p2a: Corviknight|U-turn|p1a: Abomasnow
|-supereffective|p1a: Abomasnow
|-damage|p1a: Abomasnow|10/100
|
|t:|1757793447
|switch|p2a: Tyranitar|Tyranitar, M|100/100|[from] U-turn
|-weather|Sandstorm|[from] ability: Sand Stream|[of] p2a: Tyranitar
|
|-weather|Sandstorm|[upkeep]
|-damage|p1a: Abomasnow|4/100|[from] Sandstorm
|upkeep
|turn|14
|
|t:|1757793451
|switch|p2a: Corviknight|Corviknight, M|78/100
|move|p1a: Abomasnow|Giga Drain|p2a: Corviknight
|-resisted|p2a: Corviknight
|-damage|p2a: Corviknight|71/100
|-heal|p1a: Abomasnow|8/100|[from] drain|[of] p2a: Corviknight
|
|-weather|Sandstorm|[upkeep]
|-damage|p1a: Abomasnow|1/100|[from] Sandstorm
|upkeep
|turn|15
|
|t:|1757793454
|move|p1a: Abomasnow|Leech Seed|p2a: Corviknight
|-start|p2a: Corviknight|move: Leech Seed
|move|p2a: Corviknight|U-turn|p1a: Abomasnow
|-supereffective|p1a: Abomasnow
|-damage|p1a: Abomasnow|0 fnt
|faint|p1a: Abomasnow
|
|t:|1757793456
|switch|p2a: Tyranitar|Tyranitar, M|100/100|[from] U-turn
|
|-weather|Sandstorm|[upkeep]
|upkeep
|
|t:|1757793457
|switch|p1a: Espeon|Espeon, F|100/100
|-damage|p1a: Espeon|88/100|[from] Stealth Rock
|turn|16
|
|t:|1757793461
|switch|p2a: Corviknight|Corviknight, M|71/100
|move|p1a: Espeon|Grass Knot|p2a: Corviknight
|-resisted|p2a: Corviknight
|-damage|p2a: Corviknight|61/100
|-damage|p1a: Espeon|72/100|[from] item: Rocky Helmet|[of] p2a: Corviknight
|
|-weather|Sandstorm|[upkeep]
|-damage|p1a: Espeon|66/100|[from] Sandstorm
|upkeep
|turn|17
|-message|Munch144447 forfeited.
|
|win|4DEF+4SPD=GG
|raw|Munch144447's rating: 1179 &rarr; <strong>1152</strong><br />(-27 for losing)
|raw|4DEF+4SPD=GG's rating: 1150 &rarr; <strong>1177</strong><br />(+27 for winning)
|l|☆Munch144447
|player|p1|
