|j|☆Jimbobaggins626
|j|☆miscellandorus
|t:|1757795182
|gametype|singles
|player|p1|Jimbobaggins626|roughneck-gen4|1285
|player|p2|miscellandorus|2|1296
|gen|9
|tier|[Gen 9] OU
|rated|
|rule|HP Percentage Mod: HP is shown in percentages
|rule|Endless Battle Clause: Forcing endless battles is banned
|rule|Species Clause: Limit one of each Pokémon
|rule|OHKO Clause: OHKO moves are banned
|rule|Evasion Items Clause: Evasion items are banned
|rule|Evasion Moves Clause: Evasion moves are banned
|rule|Evasion Abilities Clause: Evasion abilities are banned
|rule|Sleep Moves Clause: Sleep-inducing moves are banned
|clearpoke
|poke|p1|Gyarados, F|
|poke|p1|Zapdos|
|poke|p1|Walking Wake|
|poke|p1|Gliscor, F|
|poke|p1|Scizor, M|
|poke|p1|Arcanine-Hisui, F|
|poke|p2|Orthworm, F|
|poke|p2|Sinistcha|
|poke|p2|Alomomola, M|
|poke|p2|Tinkaton, F|
|poke|p2|Cyclizar, F|
|poke|p2|Gliscor, F|
|teampreview
|
|t:|1757795189
|teamsize|p1|6
|teamsize|p2|6
|start
|switch|p1a: Britney|Zapdos|100/100
|switch|p2a: Gliscor|Gliscor, F|100/100
|turn|1
|
|t:|1757795194
|-terastallize|p1a: Britney|Ice
|move|p1a: Britney|Tera Blast|p2a: Gliscor|[anim] Tera Blast Ice
|-supereffective|p2a: Gliscor
|-damage|p2a: Gliscor|0 fnt
|faint|p2a: Gliscor
|
|upkeep
|
|t:|1757795197
|switch|p2a: Tinkaton|Tinkaton, F|100/100
|-ability|p2a: Tinkaton|Mold Breaker
|turn|2
|
|t:|1757795205
|switch|p1a: Choc|Gyarados, F, shiny|100/100
|move|p2a: Tinkaton|Stealth Rock|p1a: Choc
|-sidestart|p1: Jimbobaggins626|move: Stealth Rock
|
|upkeep
|turn|3
|
|t:|1757795208
|move|p2a: Tinkaton|Thunder Wave|p1a: Choc
|-status|p1a: Choc|par
|move|p1a: Choc|Dragon Dance|p1a: Choc
|-boost|p1a: Choc|atk|1
|-boost|p1a: Choc|spe|1
|
|upkeep
|turn|4
|
|t:|1757795214
|switch|p2a: Orthworm|Orthworm, F|100/100
|move|p1a: Choc|Dragon Dance|p1a: Choc
|-boost|p1a: Choc|atk|1
|-boost|p1a: Choc|spe|1
|
|upkeep
|turn|5
|
|t:|1757795217
|move|p1a: Choc|Waterfall|p2a: Orthworm
|-damage|p2a: Orthworm|45/100
|-damage|p1a: Choc|84/100 par|[from] item: Rocky Helmet|[of] p2a: Orthworm
|move|p2a: Orthworm|Coil|p2a: Orthworm
|-boost|p2a: Orthworm|atk|1
|-boost|p2a: Orthworm|def|1
|-boost|p2a: Orthworm|accuracy|1
|
|-heal|p1a: Choc|90/100 par|[from] item: Leftovers
|upkeep
|turn|6
|
|t:|1757795228
|switch|p2a: Alomomola|Alomomola, M|100/100
|move|p1a: Choc|Waterfall|p2a: Alomomola
|-resisted|p2a: Alomomola
|-damage|p2a: Alomomola|69/100
|
|-heal|p1a: Choc|96/100 par|[from] item: Leftovers
|upkeep
|turn|7
|
|t:|1757795232
|switch|p1a: Britney|Zapdos, tera:Ice|100/100
|-damage|p1a: Britney|76/100|[from] Stealth Rock
|move|p2a: Alomomola|Wish|p2a: Alomomola
|
|upkeep
|turn|8
|
|t:|1757795239
|switch|p2a: Tinkaton|Tinkaton, F|100/100
|-ability|p2a: Tinkaton|Mold Breaker
|move|p1a: Britney|Thunderbolt|p2a: Tinkaton
|-damage|p2a: Tinkaton|47/100
|
|-heal|p2a: Tinkaton|100/100|[from] move: Wish|[wisher] Alomomola
|upkeep
|turn|9
|
|t:|1757795246
|move|p1a: Britney|Thunderbolt|p2a: Tinkaton
|-damage|p2a: Tinkaton|42/100
|move|p2a: Tinkaton|Knock Off|p1a: Britney
|-damage|p1a: Britney|54/100
|-enditem|p1a: Britney|Choice Specs|[from] move: Knock Off|[of] p2a: Tinkaton
|
|upkeep
|turn|10
|
|t:|1757795251
|switch|p2a: Cyclizar|Cyclizar, F|100/100
|move|p1a: Britney|Volt Switch|p2a: Cyclizar
|-resisted|p2a: Cyclizar
|-damage|p2a: Cyclizar|73/100
|
|t:|1757795254
|switch|p1a: Cessa|Arcanine-Hisui, F, shiny|100/100|[from] Volt Switch
|-damage|p1a: Cessa|76/100|[from] Stealth Rock
|
|upkeep
|turn|11
|
|t:|1757795294
|switch|p2a: Orthworm|Orthworm, F|45/100
|move|p1a: Cessa|Head Smash|p2a: Orthworm
|-resisted|p2a: Orthworm
|-damage|p2a: Orthworm|6/100
|-damage|p1a: Cessa|59/100|[from] item: Rocky Helmet|[of] p2a: Orthworm
|
|upkeep
|turn|12
|
|t:|1757795303
|move|p1a: Cessa|Head Smash|p2a: Orthworm
|-resisted|p2a: Orthworm
|-damage|p2a: Orthworm|0 fnt
|-damage|p1a: Cessa|42/100|[from] item: Rocky Helmet|[of] p2a: Orthworm
|faint|p2a: Orthworm
|
|upkeep
|
|t:|1757795309
|switch|p2a: Tinkaton|Tinkaton, F|42/100
|-ability|p2a: Tinkaton|Mold Breaker
|turn|13
|
|t:|1757795313
|switch|p1a: Choc|Gyarados, F, shiny|96/100 par
|-damage|p1a: Choc|71/100 par|[from] Stealth Rock
|move|p2a: Tinkaton|Gigaton Hammer|p1a: Choc
|-resisted|p1a: Choc
|-damage|p1a: Choc|42/100 par
|
|-heal|p1a: Choc|48/100 par|[from] item: Leftovers
|upkeep
|turn|14
|
|t:|1757795318
|switch|p2a: Alomomola|Alomomola, M|100/100
|move|p1a: Choc|Earthquake|p2a: Alomomola
|-damage|p2a: Alomomola|76/100
|
|-heal|p1a: Choc|54/100 par|[from] item: Leftovers
|upkeep
|turn|15
|
|t:|1757795325
|move|p1a: Choc|Waterfall|p2a: Alomomola
|-resisted|p2a: Alomomola
|-damage|p2a: Alomomola|61/100
|move|p2a: Alomomola|Wish|p2a: Alomomola
|
|-heal|p1a: Choc|60/100 par|[from] item: Leftovers
|upkeep
|turn|16
|
|t:|1757795329
|move|p1a: Choc|Dragon Dance|p1a: Choc
|-boost|p1a: Choc|atk|1
|-boost|p1a: Choc|spe|1
|move|p2a: Alomomola|Flip Turn|p1a: Choc
|-resisted|p1a: Choc
|-damage|p1a: Choc|50/100 par
|
|t:|1757795337
|switch|p2a: Tinkaton|Tinkaton, F|42/100|[from] Flip Turn
|-ability|p2a: Tinkaton|Mold Breaker
|
|-heal|p2a: Tinkaton|100/100|[from] move: Wish|[wisher] Alomomola
|-heal|p1a: Choc|56/100 par|[from] item: Leftovers
|upkeep
|turn|17
|
|t:|1757795342
|move|p2a: Tinkaton|Knock Off|p1a: Choc
|-damage|p1a: Choc|36/100 par
|-enditem|p1a: Choc|Leftovers|[from] move: Knock Off|[of] p2a: Tinkaton
|move|p1a: Choc|Earthquake|p2a: Tinkaton
|-supereffective|p2a: Tinkaton
|-damage|p2a: Tinkaton|0 fnt
|faint|p2a: Tinkaton
|-ability|p1a: Choc|Moxie|boost
|-boost|p1a: Choc|atk|1
|
|upkeep
|
|t:|1757795345
|switch|p2a: Sinistcha|Sinistcha|100/100
|turn|18
|
|t:|1757795349
|move|p2a: Sinistcha|Matcha Gotcha|p1a: Choc
|-damage|p1a: Choc|0 fnt
|faint|p1a: Choc
|
|upkeep
|
|t:|1757795353
|switch|p1a: Cessa|Arcanine-Hisui, F, shiny|42/100
|-damage|p1a: Cessa|18/100|[from] Stealth Rock
|turn|19
|
|t:|1757795366
|-terastallize|p2a: Sinistcha|Poison
|move|p1a: Cessa|Flare Blitz|p2a: Sinistcha
|-damage|p2a: Sinistcha|62/100
|move|p2a: Sinistcha|Strength Sap|p1a: Cessa
|-unboost|p1a: Cessa|atk|1
|-heal|p2a: Sinistcha|100/100
|
|upkeep
|turn|20
|
|t:|1757795373
|move|p1a: Cessa|Flare Blitz|p2a: Sinistcha
|-damage|p2a: Sinistcha|72/100
|move|p2a: Sinistcha|Calm Mind|p2a: Sinistcha
|-boost|p2a: Sinistcha|spa|1
|-boost|p2a: Sinistcha|spd|1
|
|upkeep
|turn|21
|
|t:|1757795386
|switch|p1a: Guido|Scizor, M|100/100
|-damage|p1a: Guido|88/100|[from] Stealth Rock
|move|p2a: Sinistcha|Strength Sap|p1a: Guido
|-unboost|p1a: Guido|atk|1
|-heal|p2a: Sinistcha|100/100
|
|upkeep
|turn|22
|
|t:|1757795390
|move|p1a: Guido|U-turn|p2a: Sinistcha
|-resisted|p2a: Sinistcha
|-damage|p2a: Sinistcha|85/100
|
|t:|1757795392
|switch|p1a: Gundy|Walking Wake|100/100|[from] U-turn
|-damage|p1a: Gundy|88/100|[from] Stealth Rock
|-enditem|p1a: Gundy|Booster Energy
|-activate|p1a: Gundy|ability: Protosynthesis|[fromitem]
|-start|p1a: Gundy|protosynthesisspa
|move|p2a: Sinistcha|Shadow Ball|p1a: Gundy
|-damage|p1a: Gundy|27/100
|
|upkeep
|turn|23
|
|t:|1757795400
|move|p1a: Gundy|Hydro Pump|p2a: Sinistcha
|-damage|p2a: Sinistcha|15/100
|move|p2a: Sinistcha|Strength Sap|p1a: Gundy
|-unboost|p1a: Gundy|atk|1
|-heal|p2a: Sinistcha|69/100
|
|upkeep
|turn|24
|
|t:|1757795405
|move|p1a: Gundy|Draco Meteor|p2a: Sinistcha
|-damage|p2a: Sinistcha|0 fnt
|-unboost|p1a: Gundy|spa|2
|faint|p2a: Sinistcha
|
|upkeep
|
|t:|1757795448
|switch|p2a: Cyclizar|Cyclizar, F|100/100
|turn|25
|-message|miscellandorus forfeited.
|
|win|Jimbobaggins626
|raw|Jimbobaggins626's rating: 1285 &rarr; <strong>1311</strong><br />(+26 for winning)
|raw|miscellandorus's rating: 1296 &rarr; <strong>1270</strong><br />(-26 for losing)
|l|☆Jimbobaggins626
|player|p1|
