|j|☆DeathWindXxX
|j|☆Wahhhh soooo good!
|t:|1757825946
|gametype|singles
|player|p1|DeathWindXxX|bede|1398
|player|p2|Wahhhh soooo good!|101|1356
|gen|9
|tier|[Gen 9] OU
|rated|
|rule|HP Percentage Mod: HP is shown in percentages
|rule|Endless Battle Clause: Forcing endless battles is banned
|rule|Species Clause: Limit one of each Pokémon
|rule|OHKO Clause: OHKO moves are banned
|rule|Evasion Items Clause: Evasion items are banned
|rule|Evasion Moves Clause: Evasion moves are banned
|rule|Evasion Abilities Clause: Evasion abilities are banned
|rule|Sleep Moves Clause: Sleep-inducing moves are banned
|clearpoke
|poke|p1|Samurott-Hisui, F|
|poke|p1|Dragonite, F|
|poke|p1|Kingambit, F|
|poke|p1|Iron Moth|
|poke|p1|Iron Valiant|
|poke|p1|Moltres-Galar|
|poke|p2|Dragonite, F|
|poke|p2|Ursaluna, M|
|poke|p2|Slowking-Galar, F|
|poke|p2|Iron Hands|
|poke|p2|Hatterene, F|
|poke|p2|Scizor, M|
|teampreview
|inactive|Battle timer is ON: inactive players will automatically lose when time's up. (requested by DeathWindXxX)
|inactive|DeathWindXxX has 120 seconds left.
|
|t:|1757825983
|teamsize|p1|6
|teamsize|p2|6
|start
|switch|p1a: Samurott|Samurott-Hisui, F|100/100
|switch|p2a: Iron Hands|Iron Hands|100/100
|turn|1
|
|t:|1757825994
|move|p1a: Samurott|Razor Shell|p2a: Iron Hands
|-damage|p2a: Iron Hands|59/100
|move|p2a: Iron Hands|Drain Punch|p1a: Samurott
|-supereffective|p1a: Samurott
|-enditem|p1a: Samurott|Focus Sash
|-damage|p1a: Samurott|1/100
|-heal|p2a: Iron Hands|95/100|[from] drain|[of] p1a: Samurott
|
|upkeep
|turn|2
|
|t:|1757826008
|move|p1a: Samurott|Knock Off|p2a: Iron Hands
|-resisted|p2a: Iron Hands
|-damage|p2a: Iron Hands|76/100
|-enditem|p2a: Iron Hands|Assault Vest|[from] move: Knock Off|[of] p1a: Samurott
|move|p2a: Iron Hands|Volt Switch|p1a: Samurott
|-supereffective|p1a: Samurott
|-damage|p1a: Samurott|0 fnt
|faint|p1a: Samurott
|
|t:|1757826016
|-end|p2a: Iron Hands|Quark Drive|[silent]
|switch|p2a: Slowking|Slowking-Galar, F|100/100|[from] Volt Switch
|
|upkeep
|
|t:|1757826025
|switch|p1a: Moltres|Moltres-Galar|100/100
|turn|3
|
|t:|1757826038
|move|p1a: Moltres|Nasty Plot|p1a: Moltres
|-boost|p1a: Moltres|spa|2
|move|p2a: Slowking|Trick Room|p2a: Slowking
|-fieldstart|move: Trick Room|[of] p2a: Slowking
|
|upkeep
|turn|4
|
|t:|1757826046
|move|p2a: Slowking|Sludge Wave|p1a: Moltres
|-damage|p1a: Moltres|70/100
|move|p1a: Moltres|Fiery Wrath|p2a: Slowking
|-supereffective|p2a: Slowking
|-enditem|p2a: Slowking|Colbur Berry|[eat]
|-enditem|p2a: Slowking|Colbur Berry|[weaken]
|-damage|p2a: Slowking|45/100
|
|upkeep
|turn|5
|
|t:|1757826056
|-prepare|p2a: Slowking|Chilly Reception|[premajor]
|move|p2a: Slowking|Chilly Reception|p2a: Slowking
|-weather|Snowscape
|
|t:|1757826066
|switch|p2a: Iron Hands|Iron Hands|76/100|[from] Chilly Reception
|move|p1a: Moltres|Fiery Wrath|p2a: Iron Hands
|-resisted|p2a: Iron Hands
|-damage|p2a: Iron Hands|44/100
|
|-weather|Snowscape|[upkeep]
|upkeep
|turn|6
|
|t:|1757826093
|move|p2a: Iron Hands|Ice Punch|p1a: Moltres
|-supereffective|p1a: Moltres
|-damage|p1a: Moltres|3/100
|-ability|p1a: Moltres|Berserk|boost
|-boost|p1a: Moltres|spa|1
|-enditem|p1a: Moltres|Sitrus Berry|[eat]
|-heal|p1a: Moltres|28/100|[from] item: Sitrus Berry
|move|p1a: Moltres|Fiery Wrath|p2a: Iron Hands
|-resisted|p2a: Iron Hands
|-damage|p2a: Iron Hands|6/100
|
|-weather|Snowscape|[upkeep]
|upkeep
|turn|7
|
|t:|1757826104
|move|p2a: Iron Hands|Ice Punch|p1a: Moltres
|-supereffective|p1a: Moltres
|-damage|p1a: Moltres|0 fnt
|faint|p1a: Moltres
|
|-weather|Snowscape|[upkeep]
|-fieldend|move: Trick Room
|upkeep
|
|t:|1757826112
|switch|p1a: Iron Moth|Iron Moth|100/100
|-enditem|p1a: Iron Moth|Booster Energy
|-activate|p1a: Iron Moth|ability: Quark Drive|[fromitem]
|-start|p1a: Iron Moth|quarkdrivespe
|turn|8
|
|t:|1757826118
|move|p1a: Iron Moth|Fiery Dance|p2a: Iron Hands
|-damage|p2a: Iron Hands|0 fnt
|-boost|p1a: Iron Moth|spa|1
|faint|p2a: Iron Hands
|-end|p2a: Iron Hands|Quark Drive|[silent]
|
|-weather|Snowscape|[upkeep]
|upkeep
|
|t:|1757826123
|switch|p2a: Dragonite|Dragonite, F|100/100
|turn|9
|
|t:|1757826127
|move|p1a: Iron Moth|Dazzling Gleam|p2a: Dragonite
|-supereffective|p2a: Dragonite
|-damage|p2a: Dragonite|59/100
|move|p2a: Dragonite|Earthquake|p1a: Iron Moth
|-supereffective|p1a: Iron Moth
|-damage|p1a: Iron Moth|0 fnt
|faint|p1a: Iron Moth
|-end|p1a: Iron Moth|Quark Drive|[silent]
|
|-weather|none
|upkeep
|
|t:|1757826134
|switch|p1a: Iron Valiant|Iron Valiant|100/100
|-enditem|p1a: Iron Valiant|Booster Energy
|-activate|p1a: Iron Valiant|ability: Quark Drive|[fromitem]
|-start|p1a: Iron Valiant|quarkdrivespe
|turn|10
|
|t:|1757826155
|-terastallize|p2a: Dragonite|Fairy
|move|p1a: Iron Valiant|Knock Off|p2a: Dragonite
|-resisted|p2a: Dragonite
|-damage|p2a: Dragonite|45/100
|-enditem|p2a: Dragonite|Heavy-Duty Boots|[from] move: Knock Off|[of] p1a: Iron Valiant
|move|p2a: Dragonite|Tera Blast|p1a: Iron Valiant|[anim] Tera Blast Fairy
|-supereffective|p1a: Iron Valiant
|-damage|p1a: Iron Valiant|0 fnt
|faint|p1a: Iron Valiant
|-end|p1a: Iron Valiant|Quark Drive|[silent]
|
|upkeep
|
|t:|1757826166
|switch|p1a: Dragonite|Dragonite, F|100/100
|turn|11
|
|t:|1757826178
|move|p1a: Dragonite|Dragon Dance|p1a: Dragonite
|-boost|p1a: Dragonite|atk|1
|-boost|p1a: Dragonite|spe|1
|move|p2a: Dragonite|Dragon Dance|p2a: Dragonite
|-boost|p2a: Dragonite|atk|1
|-boost|p2a: Dragonite|spe|1
|
|upkeep
|turn|12
|
|t:|1757826185
|move|p1a: Dragonite|Extreme Speed|p2a: Dragonite
|-damage|p2a: Dragonite|0 fnt
|faint|p2a: Dragonite
|
|upkeep
|
|t:|1757826192
|switch|p2a: Scizor|Scizor, M|100/100
|turn|13
|
|t:|1757826196
|move|p2a: Scizor|Bullet Punch|p1a: Dragonite
|-damage|p1a: Dragonite|70/100
|move|p1a: Dragonite|Earthquake|p2a: Scizor
|-damage|p2a: Scizor|42/100
|
|upkeep
|turn|14
|
|t:|1757826202
|move|p2a: Scizor|Bullet Punch|p1a: Dragonite
|-damage|p1a: Dragonite|12/100
|move|p1a: Dragonite|Earthquake|p2a: Scizor
|-damage|p2a: Scizor|0 fnt
|faint|p2a: Scizor
|
|upkeep
|
|t:|1757826208
|switch|p2a: Hatterene|Hatterene, F|100/100
|turn|15
|
|t:|1757826217
|switch|p2a: Slowking|Slowking-Galar, F|79/100
|move|p1a: Dragonite|Earthquake|p2a: Slowking
|-supereffective|p2a: Slowking
|-damage|p2a: Slowking|0 fnt
|faint|p2a: Slowking
|
|upkeep
|
|t:|1757826221
|switch|p2a: Hatterene|Hatterene, F|100/100
|turn|16
|
|t:|1757826227
|move|p1a: Dragonite|Earthquake|p2a: Hatterene
|-damage|p2a: Hatterene|33/100
|move|p2a: Hatterene|Trick Room|p2a: Hatterene
|-fieldstart|move: Trick Room|[of] p2a: Hatterene
|
|-heal|p2a: Hatterene|39/100|[from] item: Leftovers
|upkeep
|turn|17
|
|t:|1757826232
|move|p1a: Dragonite|Extreme Speed|p2a: Hatterene
|-damage|p2a: Hatterene|0 fnt
|faint|p2a: Hatterene
|
|upkeep
|
|t:|1757826235
|switch|p2a: Ursaluna|Ursaluna, M|100/100
|turn|18
|
|t:|1757826237
|move|p1a: Dragonite|Extreme Speed|p2a: Ursaluna
|-damage|p2a: Ursaluna|64/100
|move|p2a: Ursaluna|Facade|p1a: Dragonite
|-damage|p1a: Dragonite|0 fnt
|faint|p1a: Dragonite
|
|-status|p2a: Ursaluna|brn|[from] item: Flame Orb
|upkeep
|
|t:|1757826243
|switch|p1a: Kingambit|Kingambit, F|100/100
|-activate|p1a: Kingambit|ability: Supreme Overlord
|-start|p1a: Kingambit|fallen5|[silent]
|-item|p1a: Kingambit|Air Balloon
|turn|19
|
|t:|1757826247
|-terastallize|p1a: Kingambit|Ghost
|move|p2a: Ursaluna|Headlong Rush|p1a: Kingambit
|-immune|p1a: Kingambit
|move|p1a: Kingambit|Low Kick|p2a: Ursaluna
|-supereffective|p2a: Ursaluna
|-damage|p2a: Ursaluna|0 fnt
|faint|p2a: Ursaluna
|
|win|DeathWindXxX
|raw|DeathWindXxX's rating: 1398 &rarr; <strong>1416</strong><br />(+18 for winning)
|raw|Wahhhh soooo good!'s rating: 1356 &rarr; <strong>1338</strong><br />(-18 for losing)
|l|☆DeathWindXxX
|player|p1|
|c|☆Wahhhh soooo good!|oops
|l|☆Wahhhh soooo good!
|player|p2|
