|j|☆arriot
|j|☆Khelben
|t:|1757846234
|gametype|singles
|player|p1|arriot|caitlin|1315
|player|p2|Khelben|2|1359
|gen|9
|tier|[Gen 9] OU
|rated|
|rule|HP Percentage Mod: HP is shown in percentages
|rule|Endless Battle Clause: Forcing endless battles is banned
|rule|Species Clause: Limit one of each Pokémon
|rule|OHKO Clause: OHKO moves are banned
|rule|Evasion Items Clause: Evasion items are banned
|rule|Evasion Moves Clause: Evasion moves are banned
|rule|Evasion Abilities Clause: Evasion abilities are banned
|rule|Sleep Moves Clause: Sleep-inducing moves are banned
|clearpoke
|poke|p1|Dragonite, F|
|poke|p1|Keldeo|
|poke|p1|Maushold|
|poke|p1|Ninetales-Alola, F|
|poke|p1|Gyarados, M|
|poke|p1|Rhyperior, M|
|poke|p2|Landorus-Therian, M|
|poke|p2|Zapdos|
|poke|p2|Scizor, F|
|poke|p2|Iron Crown|
|poke|p2|Samurott-Hisui, M|
|poke|p2|Dragapult, F|
|teampreview
|inactive|Battle timer is ON: inactive players will automatically lose when time's up. (requested by Khelben)
|
|t:|1757846252
|teamsize|p1|6
|teamsize|p2|6
|start
|switch|p1a: Keldeo|Keldeo|100/100
|switch|p2a: Iron Crown|Iron Crown|100/100
|turn|1
|
|t:|1757846264
|move|p1a: Keldeo|Flip Turn|p2a: Iron Crown
|-damage|p2a: Iron Crown|86/100
|
|t:|1757846272
|switch|p1a: Rhyperior|Rhyperior, M|100/100|[from] Flip Turn
|move|p2a: Iron Crown|Volt Switch|p1a: Rhyperior
|-immune|p1a: Rhyperior
|
|upkeep
|turn|2
|
|t:|1757846286
|-end|p2a: Iron Crown|Quark Drive|[silent]
|switch|p2a: Landorus|Landorus-Therian, M|100/100
|-ability|p2a: Landorus|Intimidate|boost
|-unboost|p1a: Rhyperior|atk|1
|switch|p1a: Keldeo|Keldeo|100/100
|
|upkeep
|turn|3
|
|t:|1757846299
|switch|p2a: Samurott|Samurott-Hisui, M|100/100
|move|p1a: Keldeo|Flip Turn|p2a: Samurott
|-resisted|p2a: Samurott
|-damage|p2a: Samurott|92/100
|
|t:|1757846314
|switch|p1a: Maushold|Maushold|100/100|[from] Flip Turn
|
|upkeep
|turn|4
|
|t:|1757846319
|move|p2a: Samurott|Ceaseless Edge|p1a: Maushold
|-crit|p1a: Maushold
|-damage|p1a: Maushold|0 fnt
|-sidestart|p1: arriot|Spikes
|faint|p1a: Maushold
|
|upkeep
|
|t:|1757846331
|switch|p1a: Gyarados|Gyarados, M|100/100
|turn|5
|
|t:|1757846335
|move|p2a: Samurott|Ceaseless Edge|p1a: Gyarados
|-damage|p1a: Gyarados|52/100
|-sidestart|p1: arriot|Spikes
|move|p1a: Gyarados|Dragon Dance|p1a: Gyarados
|-boost|p1a: Gyarados|atk|1
|-boost|p1a: Gyarados|spe|1
|
|upkeep
|turn|6
|
|t:|1757846342
|move|p2a: Samurott|Ceaseless Edge|p1a: Gyarados
|-damage|p1a: Gyarados|6/100
|-sidestart|p1: arriot|Spikes
|move|p1a: Gyarados|Dragon Dance|p1a: Gyarados
|-boost|p1a: Gyarados|atk|1
|-boost|p1a: Gyarados|spe|1
|
|upkeep
|turn|7
|
|t:|1757846355
|move|p2a: Samurott|Ceaseless Edge|p1a: Gyarados
|-damage|p1a: Gyarados|0 fnt
|faint|p1a: Gyarados
|
|upkeep
|-message|arriot forfeited.
|
|win|Khelben
|raw|arriot's rating: 1315 &rarr; <strong>1298</strong><br />(-17 for losing)
|raw|Khelben's rating: 1359 &rarr; <strong>1376</strong><br />(+17 for winning)
|l|☆arriot
|player|p1|
|l|☆Khelben
|player|p2|
