|j|☆skilpad
|j|☆Salocin99
|t:|1757866437
|gametype|singles
|player|p1|skilpad|erika-gen2|1310
|player|p2|Salocin99|101|1245
|gen|9
|tier|[Gen 9] OU
|rated|
|rule|HP Percentage Mod: HP is shown in percentages
|rule|Endless Battle Clause: Forcing endless battles is banned
|rule|Species Clause: Limit one of each Pokémon
|rule|OHKO Clause: OHKO moves are banned
|rule|Evasion Items Clause: Evasion items are banned
|rule|Evasion Moves Clause: Evasion moves are banned
|rule|Evasion Abilities Clause: Evasion abilities are banned
|rule|Sleep Moves Clause: Sleep-inducing moves are banned
|clearpoke
|poke|p1|Kingambit, F|
|poke|p1|Deoxys-Speed|
|poke|p1|Great Tusk|
|poke|p1|Dragonite, M|
|poke|p1|Iron Moth|
|poke|p1|Primarina, F|
|poke|p2|Dusknoir, F|
|poke|p2|Ninetales-Alola, M|
|poke|p2|Scizor, F|
|poke|p2|Hariyama, M|
|poke|p2|Haxorus, M|
|poke|p2|Mandibuzz, F|
|teampreview
|inactive|Battle timer is ON: inactive players will automatically lose when time's up. (requested by skilpad)
|inactive|Salocin99 has 120 seconds left.
|
|t:|1757866531
|teamsize|p1|6
|teamsize|p2|6
|start
|switch|p1a: Iron Moth|Iron Moth|100/100
|switch|p2a: Scizor|Scizor, F|100/100
|-enditem|p1a: Iron Moth|Booster Energy
|-activate|p1a: Iron Moth|ability: Quark Drive|[fromitem]
|-start|p1a: Iron Moth|quarkdrivespe
|turn|1
|
|t:|1757866539
|switch|p2a: Dusknoir|Dusknoir, F, shiny|100/100
|move|p1a: Iron Moth|Fiery Dance|p2a: Dusknoir
|-damage|p2a: Dusknoir|77/100
|-boost|p1a: Iron Moth|spa|1
|
|upkeep
|turn|2
|inactive|skilpad has 120 seconds left.
|inactive|skilpad has 90 seconds left.
|
|t:|1757866602
|-end|p1a: Iron Moth|Quark Drive|[silent]
|switch|p1a: Primarina|Primarina, F|100/100
|move|p2a: Dusknoir|Rock Tomb|p1a: Primarina
|-damage|p1a: Primarina|76/100
|-unboost|p1a: Primarina|spe|1
|
|upkeep
|turn|3
|inactive|Salocin99 has 120 seconds left.
|
|t:|1757866662
|move|p1a: Primarina|Whirlpool|p2a: Dusknoir
|-damage|p2a: Dusknoir|66/100
|-activate|p2a: Dusknoir|move: Whirlpool|[of] p1a: Primarina
|move|p2a: Dusknoir|Poltergeist|p1a: Primarina
|-activate|p1a: Primarina|move: Poltergeist|Assault Vest
|-damage|p1a: Primarina|0 fnt
|faint|p1a: Primarina
|
|-end|p2a: Dusknoir|Whirlpool|[partiallytrapped]|[silent]
|upkeep
|inactive|skilpad has 90 seconds left.
|
|t:|1757866688
|switch|p1a: Kingambit|Kingambit, F|100/100
|-activate|p1a: Kingambit|ability: Supreme Overlord
|-start|p1a: Kingambit|fallen1|[silent]
|turn|4
|
|t:|1757866694
|move|p1a: Kingambit|Kowtow Cleave|p2a: Dusknoir
|-supereffective|p2a: Dusknoir
|-damage|p2a: Dusknoir|0 fnt
|faint|p2a: Dusknoir
|
|upkeep
|
|t:|1757866697
|switch|p2a: Hariyama|Hariyama, M|100/100
|turn|5
|inactive|skilpad has 90 seconds left.
|
|t:|1757866715
|move|p1a: Kingambit|Iron Head|p2a: Hariyama
|-damage|p2a: Hariyama|47/100
|move|p2a: Hariyama|Close Combat|p1a: Kingambit
|-supereffective|p1a: Kingambit
|-damage|p1a: Kingambit|0 fnt
|-unboost|p2a: Hariyama|def|1
|-unboost|p2a: Hariyama|spd|1
|faint|p1a: Kingambit
|-end|p1a: Kingambit|fallen1|[silent]
|
|-status|p2a: Hariyama|brn|[from] item: Flame Orb
|upkeep
|inactive|skilpad has 60 seconds left.
|
|t:|1757866763
|switch|p1a: Dragonite|Dragonite, M|100/100
|turn|6
|inactive|Salocin99 has 120 seconds left.
|inactive|skilpad has 30 seconds left.
|
|t:|1757866801
|move|p1a: Dragonite|Extreme Speed|p2a: Hariyama
|-damage|p2a: Hariyama|0 fnt
|faint|p2a: Hariyama
|
|upkeep
|
|t:|1757866806
|switch|p2a: Mandibuzz|Mandibuzz, F, shiny|100/100
|turn|7
|
|t:|1757866816
|-terastallize|p1a: Dragonite|Normal
|move|p1a: Dragonite|Extreme Speed|p2a: Mandibuzz
|-damage|p2a: Mandibuzz|60/100
|-damage|p1a: Dragonite|84/100|[from] item: Rocky Helmet|[of] p2a: Mandibuzz
|move|p2a: Mandibuzz|Toxic|p1a: Dragonite
|-status|p1a: Dragonite|tox
|
|-damage|p1a: Dragonite|78/100 tox|[from] psn
|upkeep
|turn|8
|
|t:|1757866826
|switch|p1a: Iron Moth|Iron Moth|100/100
|move|p2a: Mandibuzz|Roost|p2a: Mandibuzz
|-heal|p2a: Mandibuzz|100/100
|-singleturn|p2a: Mandibuzz|move: Roost
|
|upkeep
|turn|9
|inactive|Salocin99 has 120 seconds left.
|
|t:|1757866835
|move|p1a: Iron Moth|Fiery Dance|p2a: Mandibuzz
|-damage|p2a: Mandibuzz|65/100
|move|p2a: Mandibuzz|Foul Play|p1a: Iron Moth
|-damage|p1a: Iron Moth|71/100
|
|upkeep
|turn|10
|
|t:|1757866840
|move|p1a: Iron Moth|Fiery Dance|p2a: Mandibuzz
|-damage|p2a: Mandibuzz|31/100
|move|p2a: Mandibuzz|Foul Play|p1a: Iron Moth
|-damage|p1a: Iron Moth|40/100
|
|upkeep
|turn|11
|
|t:|1757866846
|move|p1a: Iron Moth|Fiery Dance|p2a: Mandibuzz
|-damage|p2a: Mandibuzz|0 fnt
|faint|p2a: Mandibuzz
|
|upkeep
|
|t:|1757866851
|switch|p2a: Haxorus|Haxorus, M, shiny|100/100
|-ability|p2a: Haxorus|Mold Breaker
|turn|12
|inactive|skilpad has 60 seconds left.
|
|t:|1757866863
|move|p1a: Iron Moth|Sludge Wave|p2a: Haxorus
|-damage|p2a: Haxorus|30/100
|move|p2a: Haxorus|Dragon Dance|p2a: Haxorus
|-boost|p2a: Haxorus|atk|1
|-boost|p2a: Haxorus|spe|1
|
|upkeep
|turn|13
|inactive|skilpad has 60 seconds left.
|
|t:|1757866885
|-end|p1a: Iron Moth|Quark Drive|[silent]
|switch|p1a: Deoxys|Deoxys-Speed|100/100
|-ability|p1a: Deoxys|Pressure
|move|p2a: Haxorus|Outrage|p1a: Deoxys
|-damage|p1a: Deoxys|0 fnt
|faint|p1a: Deoxys
|
|upkeep
|
|t:|1757866893
|switch|p1a: Dragonite|Dragonite, M, tera:Normal|78/100 tox
|turn|14
|
|t:|1757866898
|move|p1a: Dragonite|Extreme Speed|p2a: Haxorus
|-damage|p2a: Haxorus|0 fnt
|faint|p2a: Haxorus
|
|-damage|p1a: Dragonite|72/100 tox|[from] psn
|upkeep
|
|t:|1757866901
|switch|p2a: Ninetales|Ninetales-Alola, M, shiny|100/100
|-weather|Snowscape|[from] ability: Snow Warning|[of] p2a: Ninetales
|turn|15
|inactive|skilpad has 60 seconds left.
|
|t:|1757866917
|move|p1a: Dragonite|Extreme Speed|p2a: Ninetales
|-damage|p2a: Ninetales|35/100
|move|p2a: Ninetales|Aurora Veil|p2a: Ninetales
|-sidestart|p2: Salocin99|move: Aurora Veil
|
|-weather|Snowscape|[upkeep]
|-damage|p1a: Dragonite|60/100 tox|[from] psn
|upkeep
|turn|16
|inactive|skilpad has 60 seconds left.
|
|t:|1757866932
|switch|p1a: Great Tusk|Great Tusk|100/100
|-enditem|p1a: Great Tusk|Booster Energy
|-activate|p1a: Great Tusk|ability: Protosynthesis|[fromitem]
|-start|p1a: Great Tusk|protosynthesisatk
|move|p2a: Ninetales|Freeze-Dry|p1a: Great Tusk
|-supereffective|p1a: Great Tusk
|-crit|p1a: Great Tusk
|-damage|p1a: Great Tusk|0 fnt
|faint|p1a: Great Tusk
|-end|p1a: Great Tusk|Protosynthesis|[silent]
|
|-weather|Snowscape|[upkeep]
|upkeep
|
|t:|1757866943
|switch|p1a: Iron Moth|Iron Moth|40/100
|turn|17
|inactive|skilpad has 30 seconds left.
|
|t:|1757866975
|move|p1a: Iron Moth|Sludge Wave|p2a: Ninetales
|-supereffective|p2a: Ninetales
|-damage|p2a: Ninetales|0 fnt
|faint|p2a: Ninetales
|
|-weather|Snowscape|[upkeep]
|upkeep
|
|t:|1757866979
|switch|p2a: Scizor|Scizor, F|100/100
|turn|18
|
|t:|1757866982
|-terastallize|p2a: Scizor|Water
|move|p1a: Iron Moth|Fiery Dance|p2a: Scizor
|-resisted|p2a: Scizor
|-damage|p2a: Scizor|89/100
|move|p2a: Scizor|Swords Dance|p2a: Scizor
|-boost|p2a: Scizor|atk|2
|
|-weather|Snowscape|[upkeep]
|upkeep
|turn|19
|
|t:|1757866996
|move|p2a: Scizor|Bullet Punch|p1a: Iron Moth
|-resisted|p1a: Iron Moth
|-damage|p1a: Iron Moth|0 fnt
|faint|p1a: Iron Moth
|-end|p1a: Iron Moth|Quark Drive|[silent]
|
|-weather|none
|upkeep
|
|t:|1757867001
|switch|p1a: Dragonite|Dragonite, M, tera:Normal|60/100 tox
|turn|20
|
|t:|1757867006
|move|p1a: Dragonite|Outrage|p2a: Scizor
|-damage|p2a: Scizor|38/100
|move|p2a: Scizor|Bug Bite|p1a: Dragonite
|-damage|p1a: Dragonite|0 fnt
|faint|p1a: Dragonite
|
|win|Salocin99
|raw|skilpad's rating: 1310 &rarr; <strong>1286</strong><br />(-24 for losing)
|raw|Salocin99's rating: 1245 &rarr; <strong>1275</strong><br />(+30 for winning)
|l|☆skilpad
|player|p1|
|l|☆Salocin99
|player|p2|
