|inactive|Battle timer is ON: inactive players will automatically lose when time's up.
|t:|1757877810
|gametype|singles
|player|p1|Dasmer03|#wcop2023spain|
|player|p2|blonded|lucas|
|gen|9
|tier|[Gen 9] OU
|rule|HP Percentage Mod: HP is shown in percentages
|rule|Endless Battle Clause: Forcing endless battles is banned
|rule|Species Clause: Limit one of each Pokémon
|rule|OHKO Clause: OHKO moves are banned
|rule|Evasion Items Clause: Evasion items are banned
|rule|Evasion Moves Clause: Evasion moves are banned
|rule|Evasion Abilities Clause: Evasion abilities are banned
|rule|Sleep Moves Clause: Sleep-inducing moves are banned
|clearpoke
|poke|p1|Zamazenta-*|
|poke|p1|Dragonite, F|
|poke|p1|Ting-Lu|
|poke|p1|Ogerpon-Wellspring, F|
|poke|p1|Heatran, M|
|poke|p1|Zapdos|
|poke|p2|Zamazenta-*|
|poke|p2|Gholdengo|
|poke|p2|Rillaboom, F|
|poke|p2|Landorus-Therian, M|
|poke|p2|Kyurem|
|poke|p2|Cinderace, M|
|teampreview
|c|☆Dasmer03|hf
|c|☆blonded|Glhf
|inactive|blonded has 270 seconds left.
|inactive|Dasmer03 has 270 seconds left.
|inactive|blonded has 240 seconds left.
|inactive|Dasmer03 has 240 seconds left.
|inactive|blonded has 210 seconds left.
|inactive|blonded has 180 seconds left.
|inactive|Dasmer03 has 210 seconds left.
|
|t:|1757877944
|teamsize|p1|6
|teamsize|p2|6
|start
|switch|p1a: Zamazenta|Zamazenta|100/100
|switch|p2a: Kyurem|Kyurem|100/100
|-ability|p1a: Zamazenta|Dauntless Shield|boost
|-boost|p1a: Zamazenta|def|1
|-ability|p2a: Kyurem|Pressure
|turn|1
|inactive|Dasmer03 has 270 seconds left.
|inactive|blonded has 240 seconds left.
|
|t:|1757877955
|switch|p1a: Ogerpon|Ogerpon-Wellspring, F|100/100
|switch|p2a: Landorus|Landorus-Therian, M|100/100
|-ability|p2a: Landorus|Intimidate|boost
|-unboost|p1a: Ogerpon|atk|1
|
|upkeep
|turn|2
|inactive|blonded has 240 seconds left.
|
|t:|1757877969
|switch|p2a: Rillaboom|Rillaboom, F|100/100
|-fieldstart|move: Grassy Terrain|[from] ability: Grassy Surge|[of] p2a: Rillaboom
|move|p1a: Ogerpon|Ivy Cudgel|p2a: Rillaboom|[anim] Ivy Cudgel Water
|-resisted|p2a: Rillaboom
|-damage|p2a: Rillaboom|80/100
|
|-heal|p2a: Rillaboom|86/100|[from] Grassy Terrain
|upkeep
|turn|3
|inactive|blonded has 240 seconds left.
|
|t:|1757877986
|switch|p1a: Zapdos|Zapdos|100/100
|move|p2a: Rillaboom|Knock Off|p1a: Zapdos
|-damage|p1a: Zapdos|61/100
|-enditem|p1a: Zapdos|Heavy-Duty Boots|[from] move: Knock Off|[of] p2a: Rillaboom
|
|-heal|p2a: Rillaboom|93/100|[from] Grassy Terrain
|upkeep
|turn|4
|inactive|blonded has 240 seconds left.
|inactive|Dasmer03 has 270 seconds left.
|
|t:|1757878012
|switch|p2a: Kyurem|Kyurem|100/100
|-ability|p2a: Kyurem|Pressure
|move|p1a: Zapdos|Roost|p1a: Zapdos
|-heal|p1a: Zapdos|100/100
|-singleturn|p1a: Zapdos|move: Roost
|
|upkeep
|turn|5
|
|t:|1757878019
|switch|p1a: Heatran|Heatran, M|100/100
|move|p2a: Kyurem|Ice Beam|p1a: Heatran
|-resisted|p1a: Heatran
|-damage|p1a: Heatran|93/100
|
|-heal|p1a: Heatran|99/100|[from] Grassy Terrain
|-heal|p1a: Heatran|100/100|[from] item: Leftovers
|upkeep
|turn|6
|inactive|Dasmer03 has 270 seconds left.
|
|t:|1757878047
|switch|p1a: Zamazenta|Zamazenta|100/100
|move|p2a: Kyurem|Earth Power|p1a: Zamazenta
|-damage|p1a: Zamazenta|67/100
|
|-heal|p1a: Zamazenta|73/100|[from] Grassy Terrain
|-fieldend|move: Grassy Terrain
|upkeep
|turn|7
|inactive|blonded has 240 seconds left.
|inactive|Dasmer03 has 270 seconds left.
|
|t:|1757878086
|switch|p1a: Ogerpon|Ogerpon-Wellspring, F|100/100
|switch|p2a: Landorus|Landorus-Therian, M|100/100
|-ability|p2a: Landorus|Intimidate|boost
|-unboost|p1a: Ogerpon|atk|1
|
|upkeep
|turn|8
|
|t:|1757878108
|switch|p2a: Rillaboom|Rillaboom, F|93/100
|-fieldstart|move: Grassy Terrain|[from] ability: Grassy Surge|[of] p2a: Rillaboom
|move|p1a: Ogerpon|Knock Off|p2a: Rillaboom
|-damage|p2a: Rillaboom|63/100
|-enditem|p2a: Rillaboom|Choice Band|[from] move: Knock Off|[of] p1a: Ogerpon
|
|-heal|p2a: Rillaboom|69/100|[from] Grassy Terrain
|upkeep
|turn|9
|inactive|Dasmer03 has 270 seconds left.
|
|t:|1757878129
|switch|p1a: Zamazenta|Zamazenta|73/100
|move|p2a: Rillaboom|U-turn|p1a: Zamazenta
|-resisted|p1a: Zamazenta
|-damage|p1a: Zamazenta|61/100
|
|t:|1757878141
|switch|p2a: Landorus|Landorus-Therian, M|100/100|[from] U-turn
|-ability|p2a: Landorus|Intimidate|boost
|-unboost|p1a: Zamazenta|atk|1
|
|-heal|p1a: Zamazenta|67/100|[from] Grassy Terrain
|upkeep
|turn|10
|inactive|blonded has 210 seconds left.
|inactive|Dasmer03 has 270 seconds left.
|
|t:|1757878185
|switch|p1a: Ting-Lu|Ting-Lu|100/100
|-ability|p1a: Ting-Lu|Vessel of Ruin
|switch|p2a: Cinderace|Cinderace, M|100/100
|
|upkeep
|turn|11
|
|t:|1757878204
|move|p2a: Cinderace|Will-O-Wisp|p1a: Ting-Lu
|-status|p1a: Ting-Lu|brn
|move|p1a: Ting-Lu|Ruination|p2a: Cinderace
|-damage|p2a: Cinderace|51/100
|
|-heal|p2a: Cinderace|57/100|[from] Grassy Terrain
|-damage|p1a: Ting-Lu|94/100 brn|[from] brn
|upkeep
|turn|12
|
|t:|1757878209
|move|p2a: Cinderace|U-turn|p1a: Ting-Lu
|-supereffective|p1a: Ting-Lu
|-damage|p1a: Ting-Lu|72/100 brn
|
|t:|1757878216
|switch|p2a: Landorus|Landorus-Therian, M|100/100|[from] U-turn
|-ability|p2a: Landorus|Intimidate|boost
|-unboost|p1a: Ting-Lu|atk|1
|move|p1a: Ting-Lu|Ruination|p2a: Landorus
|-damage|p2a: Landorus|51/100
|
|-heal|p1a: Ting-Lu|78/100 brn|[from] Grassy Terrain
|-heal|p1a: Ting-Lu|84/100 brn|[from] item: Leftovers
|-damage|p1a: Ting-Lu|78/100 brn|[from] brn
|-fieldend|move: Grassy Terrain
|upkeep
|turn|13
|
|t:|1757878231
|move|p2a: Landorus|U-turn|p1a: Ting-Lu
|-supereffective|p1a: Ting-Lu
|-damage|p1a: Ting-Lu|57/100 brn
|
|t:|1757878233
|switch|p2a: Rillaboom|Rillaboom, F|69/100|[from] U-turn
|-fieldstart|move: Grassy Terrain|[from] ability: Grassy Surge|[of] p2a: Rillaboom
|move|p1a: Ting-Lu|Spikes|p2a: Rillaboom
|-sidestart|p2: blonded|Spikes
|
|-heal|p2a: Rillaboom|76/100|[from] Grassy Terrain
|-heal|p1a: Ting-Lu|63/100 brn|[from] Grassy Terrain
|-heal|p1a: Ting-Lu|69/100 brn|[from] item: Leftovers
|-damage|p1a: Ting-Lu|63/100 brn|[from] brn
|upkeep
|turn|14
|
|t:|1757878249
|switch|p1a: Zapdos|Zapdos|100/100
|move|p2a: Rillaboom|U-turn|p1a: Zapdos
|-resisted|p1a: Zapdos
|-damage|p1a: Zapdos|91/100
|inactive|blonded has 210 seconds left.
|
|t:|1757878276
|switch|p2a: Kyurem|Kyurem|100/100|[from] U-turn
|-damage|p2a: Kyurem|88/100|[from] Spikes
|-ability|p2a: Kyurem|Pressure
|
|-heal|p2a: Kyurem|94/100|[from] Grassy Terrain
|upkeep
|turn|15
|
|t:|1757878290
|switch|p1a: Heatran|Heatran, M|100/100
|move|p2a: Kyurem|Ice Beam|p1a: Heatran
|-resisted|p1a: Heatran
|-damage|p1a: Heatran|92/100
|
|-heal|p2a: Kyurem|100/100|[from] Grassy Terrain
|-heal|p1a: Heatran|98/100|[from] Grassy Terrain
|-heal|p1a: Heatran|100/100|[from] item: Leftovers
|upkeep
|turn|16
|
|t:|1757878304
|switch|p1a: Zamazenta|Zamazenta|67/100
|move|p2a: Kyurem|Earth Power|p1a: Zamazenta
|-damage|p1a: Zamazenta|35/100
|
|-heal|p1a: Zamazenta|41/100|[from] Grassy Terrain
|upkeep
|turn|17
|inactive|blonded has 180 seconds left.
|
|t:|1757878338
|switch|p2a: Landorus|Landorus-Therian, M|51/100
|-ability|p2a: Landorus|Intimidate|boost
|-unboost|p1a: Zamazenta|atk|1
|move|p1a: Zamazenta|Stone Edge|p2a: Landorus
|-damage|p2a: Landorus|31/100
|
|-heal|p1a: Zamazenta|47/100|[from] Grassy Terrain
|-fieldend|move: Grassy Terrain
|upkeep
|turn|18
|inactive|blonded has 180 seconds left.
|
|t:|1757878350
|switch|p1a: Ogerpon|Ogerpon-Wellspring, F|100/100
|move|p2a: Landorus|Stealth Rock|p1a: Ogerpon
|-sidestart|p1: Dasmer03|move: Stealth Rock
|
|upkeep
|turn|19
|inactive|blonded has 180 seconds left.
|
|t:|1757878367
|move|p1a: Ogerpon|Ivy Cudgel|p2a: Landorus|[anim] Ivy Cudgel Water
|-supereffective|p2a: Landorus
|-damage|p2a: Landorus|0 fnt
|faint|p2a: Landorus
|
|upkeep
|inactive|blonded has 150 seconds left.
|
|t:|1757878406
|switch|p2a: Zamazenta|Zamazenta|100/100
|-damage|p2a: Zamazenta|88/100|[from] Spikes
|-ability|p2a: Zamazenta|Dauntless Shield|boost
|-boost|p2a: Zamazenta|def|1
|turn|20
|
|t:|1757878417
|switch|p1a: Zapdos|Zapdos|91/100
|-damage|p1a: Zapdos|66/100|[from] Stealth Rock
|move|p2a: Zamazenta|Close Combat|p1a: Zapdos
|-resisted|p1a: Zapdos
|-damage|p1a: Zapdos|38/100
|-unboost|p2a: Zamazenta|def|1
|-unboost|p2a: Zamazenta|spd|1
|-damage|p2a: Zamazenta|78/100|[from] item: Life Orb
|
|upkeep
|turn|21
|
|t:|1757878428
|move|p2a: Zamazenta|Ice Fang|p1a: Zapdos
|-supereffective|p1a: Zapdos
|-damage|p1a: Zapdos|0 fnt
|faint|p1a: Zapdos
|-damage|p2a: Zamazenta|68/100|[from] item: Life Orb
|
|upkeep
|inactive|Dasmer03 has 270 seconds left.
|inactive|Dasmer03 has 240 seconds left.
|inactive|Dasmer03 has 210 seconds left.
|inactive|Dasmer03 has 180 seconds left.
|inactive|Dasmer03 has 150 seconds left.
|inactive|Dasmer03 has 120 seconds left.
|
|t:|1757878608
|switch|p1a: Dragonite|Dragonite, F|100/100
|turn|22
|
|t:|1757878610
|-terastallize|p1a: Dragonite|Flying
|move|p2a: Zamazenta|Ice Fang|p1a: Dragonite
|-supereffective|p1a: Dragonite
|-damage|p1a: Dragonite|72/100
|-damage|p2a: Zamazenta|59/100|[from] item: Life Orb
|move|p1a: Dragonite|Tera Blast|p2a: Zamazenta|[anim] Tera Blast Flying
|-supereffective|p2a: Zamazenta
|-damage|p2a: Zamazenta|0 fnt
|faint|p2a: Zamazenta
|
|upkeep
|
|t:|1757878620
|switch|p2a: Kyurem|Kyurem|100/100
|-damage|p2a: Kyurem|88/100|[from] Spikes
|-ability|p2a: Kyurem|Pressure
|turn|23
|
|t:|1757878627
|switch|p1a: Ting-Lu|Ting-Lu|63/100 brn
|-damage|p1a: Ting-Lu|57/100 brn|[from] Stealth Rock
|-ability|p1a: Ting-Lu|Vessel of Ruin
|move|p2a: Kyurem|Ice Beam|p1a: Ting-Lu
|-supereffective|p1a: Ting-Lu
|-damage|p1a: Ting-Lu|15/100 brn
|
|-heal|p1a: Ting-Lu|21/100 brn|[from] item: Leftovers
|-damage|p1a: Ting-Lu|15/100 brn|[from] brn
|upkeep
|turn|24
|
|t:|1757878630
|move|p2a: Kyurem|Ice Beam|p1a: Ting-Lu
|-supereffective|p1a: Ting-Lu
|-damage|p1a: Ting-Lu|0 fnt
|faint|p1a: Ting-Lu
|
|upkeep
|
|t:|1757878632
|switch|p1a: Zamazenta|Zamazenta|47/100
|turn|25
|
|t:|1757878645
|switch|p2a: Rillaboom|Rillaboom, F|76/100
|-damage|p2a: Rillaboom|63/100|[from] Spikes
|-fieldstart|move: Grassy Terrain|[from] ability: Grassy Surge|[of] p2a: Rillaboom
|move|p1a: Zamazenta|Close Combat|p2a: Rillaboom
|-damage|p2a: Rillaboom|3/100
|-unboost|p1a: Zamazenta|def|1
|-unboost|p1a: Zamazenta|spd|1
|
|-heal|p1a: Zamazenta|53/100|[from] Grassy Terrain
|-heal|p2a: Rillaboom|10/100|[from] Grassy Terrain
|upkeep
|turn|26
|
|t:|1757878648
|switch|p1a: Heatran|Heatran, M|100/100
|-damage|p1a: Heatran|88/100|[from] Stealth Rock
|move|p2a: Rillaboom|U-turn|p1a: Heatran
|-resisted|p1a: Heatran
|-damage|p1a: Heatran|83/100
|
|t:|1757878651
|switch|p2a: Kyurem|Kyurem|88/100|[from] U-turn
|-damage|p2a: Kyurem|76/100|[from] Spikes
|-ability|p2a: Kyurem|Pressure
|
|-heal|p2a: Kyurem|82/100|[from] Grassy Terrain
|-heal|p1a: Heatran|89/100|[from] Grassy Terrain
|-heal|p1a: Heatran|95/100|[from] item: Leftovers
|upkeep
|turn|27
|inactive|Dasmer03 has 180 seconds left.
|inactive|blonded has 210 seconds left.
|
|t:|1757878663
|move|p2a: Kyurem|Ice Beam|p1a: Heatran
|-resisted|p1a: Heatran
|-damage|p1a: Heatran|88/100
|move|p1a: Heatran|Stealth Rock|p2a: Kyurem
|-sidestart|p2: blonded|move: Stealth Rock
|
|-heal|p2a: Kyurem|88/100|[from] Grassy Terrain
|-heal|p1a: Heatran|94/100|[from] Grassy Terrain
|-heal|p1a: Heatran|99/100|[from] item: Leftovers
|upkeep
|turn|28
|
|t:|1757878666
|move|p2a: Kyurem|Ice Beam|p1a: Heatran
|-resisted|p1a: Heatran
|-damage|p1a: Heatran|92/100
|move|p1a: Heatran|Magma Storm|p2a: Kyurem
|-damage|p2a: Kyurem|62/100
|-activate|p2a: Kyurem|move: Magma Storm|[of] p1a: Heatran
|
|-heal|p2a: Kyurem|69/100|[from] Grassy Terrain
|-heal|p1a: Heatran|98/100|[from] Grassy Terrain
|-heal|p1a: Heatran|100/100|[from] item: Leftovers
|-damage|p2a: Kyurem|56/100|[from] move: Magma Storm|[partiallytrapped]
|upkeep
|turn|29
|
|t:|1757878668
|switch|p1a: Zamazenta|Zamazenta|53/100
|move|p2a: Kyurem|Earth Power|p1a: Zamazenta
|-damage|p1a: Zamazenta|23/100
|
|-heal|p1a: Zamazenta|29/100|[from] Grassy Terrain
|-heal|p2a: Kyurem|62/100|[from] Grassy Terrain
|-end|p2a: Kyurem|Magma Storm|[partiallytrapped]|[silent]
|-fieldend|move: Grassy Terrain
|upkeep
|turn|30
|inactive|blonded has 210 seconds left.
|inactive|blonded has 180 seconds left.
|
|t:|1757878737
|-terastallize|p2a: Kyurem|Fairy
|move|p1a: Zamazenta|Crunch|p2a: Kyurem
|-resisted|p2a: Kyurem
|-crit|p2a: Kyurem
|-damage|p2a: Kyurem|45/100
|move|p2a: Kyurem|Ice Beam|p1a: Zamazenta
|-damage|p1a: Zamazenta|0 fnt
|faint|p1a: Zamazenta
|
|upkeep
|
|t:|1757878740
|switch|p1a: Ogerpon|Ogerpon-Wellspring, F|100/100
|-damage|p1a: Ogerpon|88/100|[from] Stealth Rock
|turn|31
|
|t:|1757878742
|switch|p2a: Rillaboom|Rillaboom, F|10/100
|-damage|p2a: Rillaboom|0 fnt|[from] Spikes
|faint|p2a: Rillaboom
|move|p1a: Ogerpon|Ivy Cudgel|p2: Rillaboom|[notarget]
|-fail|p1a: Ogerpon
|
|upkeep
|
|t:|1757878743
|switch|p2a: Cinderace|Cinderace, M|57/100
|turn|32
|
|t:|1757878763
|switch|p1a: Dragonite|Dragonite, F, tera:Flying|72/100
|move|p2a: Cinderace|Will-O-Wisp|p1a: Dragonite
|-status|p1a: Dragonite|brn
|
|-damage|p1a: Dragonite|66/100 brn|[from] brn
|upkeep
|turn|33
|inactive|blonded has 180 seconds left.
|inactive|Dasmer03 has 210 seconds left.
|
|t:|1757878810
|move|p2a: Cinderace|Pyro Ball|p1a: Dragonite
|-damage|p1a: Dragonite|10/100 brn
|move|p1a: Dragonite|Earthquake|p2a: Cinderace
|-supereffective|p2a: Cinderace
|-crit|p2a: Cinderace
|-damage|p2a: Cinderace|0 fnt
|faint|p2a: Cinderace
|
|-damage|p1a: Dragonite|4/100 brn|[from] brn
|upkeep
|
|t:|1757878815
|switch|p2a: Gholdengo|Gholdengo|100/100
|-damage|p2a: Gholdengo|88/100|[from] Spikes
|-damage|p2a: Gholdengo|82/100|[from] Stealth Rock
|turn|34
|inactive|blonded has 150 seconds left.
|inactive|Dasmer03 has 210 seconds left.
|inactive|blonded has 120 seconds left.
|
|t:|1757878876
|switch|p1a: Heatran|Heatran, M|100/100
|-damage|p1a: Heatran|88/100|[from] Stealth Rock
|move|p2a: Gholdengo|Recover|p2a: Gholdengo
|-heal|p2a: Gholdengo|100/100
|
|-heal|p1a: Heatran|94/100|[from] item: Leftovers
|upkeep
|turn|35
|
|t:|1757878881
|switch|p2a: Kyurem|Kyurem, tera:Fairy|45/100
|-damage|p2a: Kyurem|32/100|[from] Spikes
|-damage|p2a: Kyurem|20/100|[from] Stealth Rock
|-ability|p2a: Kyurem|Pressure
|move|p1a: Heatran|Earth Power|p2a: Kyurem
|-damage|p2a: Kyurem|5/100
|
|-heal|p1a: Heatran|100/100|[from] item: Leftovers
|upkeep
|turn|36
|inactive|blonded has 120 seconds left.
|
|t:|1757878895
|switch|p1a: Dragonite|Dragonite, F, tera:Flying|4/100 brn
|move|p2a: Kyurem|Earth Power|p1a: Dragonite
|-immune|p1a: Dragonite
|
|-damage|p1a: Dragonite|0 fnt|[from] brn
|faint|p1a: Dragonite
|upkeep
|
|t:|1757878897
|switch|p1a: Ogerpon|Ogerpon-Wellspring, F|88/100
|-damage|p1a: Ogerpon|76/100|[from] Stealth Rock
|turn|37
|
|t:|1757878905
|move|p1a: Ogerpon|Knock Off|p2a: Kyurem
|-resisted|p2a: Kyurem
|-damage|p2a: Kyurem|0 fnt
|-enditem|p2a: Kyurem|Assault Vest|[from] move: Knock Off|[of] p1a: Ogerpon
|faint|p2a: Kyurem
|
|upkeep
|
|t:|1757878906
|switch|p2a: Gholdengo|Gholdengo|100/100
|-damage|p2a: Gholdengo|88/100|[from] Spikes
|-damage|p2a: Gholdengo|82/100|[from] Stealth Rock
|turn|38
|
|t:|1757878918
|move|p1a: Ogerpon|Knock Off|p2a: Gholdengo
|-supereffective|p2a: Gholdengo
|-damage|p2a: Gholdengo|14/100
|-enditem|p2a: Gholdengo|Grassy Seed|[from] move: Knock Off|[of] p1a: Ogerpon
|move|p2a: Gholdengo|Nasty Plot|p2a: Gholdengo
|-boost|p2a: Gholdengo|spa|2
|
|upkeep
|turn|39
|-message|blonded forfeited.
|
|win|Dasmer03
