|j|☆ZeonNynja
|j|☆moron tester
|t:|1757906170
|gametype|singles
|player|p1|ZeonNynja|volkner|1395
|player|p2|moron tester|101|1419
|gen|9
|tier|[Gen 9] OU
|rated|
|rule|HP Percentage Mod: HP is shown in percentages
|rule|Endless Battle Clause: Forcing endless battles is banned
|rule|Species Clause: Limit one of each Pokémon
|rule|OHKO Clause: OHKO moves are banned
|rule|Evasion Items Clause: Evasion items are banned
|rule|Evasion Moves Clause: Evasion moves are banned
|rule|Evasion Abilities Clause: Evasion abilities are banned
|rule|Sleep Moves Clause: Sleep-inducing moves are banned
|clearpoke
|poke|p1|Salamence, F|
|poke|p1|Ting-Lu|
|poke|p1|Ogerpon-Wellspring, F|
|poke|p1|Iron Treads|
|poke|p1|Iron Moth|
|poke|p1|Scizor, M|
|poke|p2|Quaquaval, M|
|poke|p2|Tornadus-Therian, M|
|poke|p2|Raging Bolt|
|poke|p2|Amoonguss, M|
|poke|p2|Iron Treads|
|poke|p2|Hatterene, F|
|teampreview
|
|t:|1757906191
|teamsize|p1|6
|teamsize|p2|6
|start
|switch|p1a: Ting-Lu|Ting-Lu, shiny|100/100
|switch|p2a: Tornadus|Tornadus-Therian, M|100/100
|-ability|p1a: Ting-Lu|Vessel of Ruin
|turn|1
|
|t:|1757906194
|move|p2a: Tornadus|Taunt|p1a: Ting-Lu
|-start|p1a: Ting-Lu|move: Taunt
|cant|p1a: Ting-Lu|move: Taunt|Stealth Rock
|
|upkeep
|turn|2
|
|t:|1757906197
|move|p2a: Tornadus|Nasty Plot|p2a: Tornadus
|-boost|p2a: Tornadus|spa|2
|move|p1a: Ting-Lu|Ruination|p2a: Tornadus
|-damage|p2a: Tornadus|51/100
|
|upkeep
|turn|3
|
|t:|1757906209
|switch|p1a: Scizor|Scizor, M, shiny|100/100
|move|p2a: Tornadus|Bleakwind Storm|p1a: Scizor
|-damage|p1a: Scizor|0 fnt
|faint|p1a: Scizor
|-damage|p2a: Tornadus|41/100|[from] item: Life Orb
|
|upkeep
|
|t:|1757906219
|switch|p1a: Iron Moth|Iron Moth, shiny|100/100
|turn|4
|
|t:|1757906226
|move|p1a: Iron Moth|Overheat|p2a: Tornadus
|-damage|p2a: Tornadus|0 fnt
|-unboost|p1a: Iron Moth|spa|2
|faint|p2a: Tornadus
|
|upkeep
|
|t:|1757906230
|switch|p2a: Quaquaval|Quaquaval, M|100/100
|turn|5
|
|t:|1757906235
|-end|p1a: Iron Moth|Quark Drive|[silent]
|switch|p1a: Ogerpon|Ogerpon-Wellspring, F|100/100
|move|p2a: Quaquaval|U-turn|p1a: Ogerpon
|-supereffective|p1a: Ogerpon
|-damage|p1a: Ogerpon|16/100
|
|t:|1757906243
|switch|p2a: Amoonguss|Amoonguss, M|100/100|[from] U-turn
|
|upkeep
|turn|6
|
|t:|1757906247
|move|p1a: Ogerpon|U-turn|p2a: Amoonguss
|-damage|p2a: Amoonguss|81/100
|
|t:|1757906251
|switch|p1a: Iron Moth|Iron Moth, shiny|100/100|[from] U-turn
|move|p2a: Amoonguss|Foul Play|p1a: Iron Moth
|-damage|p1a: Iron Moth|77/100
|
|upkeep
|turn|7
|
|t:|1757906258
|move|p1a: Iron Moth|Psychic|p2a: Amoonguss
|-supereffective|p2a: Amoonguss
|-damage|p2a: Amoonguss|10/100
|move|p2a: Amoonguss|Synthesis|p2a: Amoonguss
|-heal|p2a: Amoonguss|60/100
|
|upkeep
|turn|8
|
|t:|1757906263
|switch|p2a: Iron Treads|Iron Treads|100/100
|move|p1a: Iron Moth|Psychic|p2a: Iron Treads
|-resisted|p2a: Iron Treads
|-damage|p2a: Iron Treads|73/100
|
|-heal|p2a: Iron Treads|79/100|[from] item: Leftovers
|upkeep
|turn|9
|
|t:|1757906268
|-end|p1a: Iron Moth|Quark Drive|[silent]
|switch|p1a: Ting-Lu|Ting-Lu, shiny|100/100
|-ability|p1a: Ting-Lu|Vessel of Ruin
|move|p2a: Iron Treads|Stealth Rock|p1a: Ting-Lu
|-sidestart|p1: ZeonNynja|move: Stealth Rock
|
|-heal|p2a: Iron Treads|85/100|[from] item: Leftovers
|upkeep
|turn|10
|
|t:|1757906272
|-end|p2a: Iron Treads|Quark Drive|[silent]
|switch|p2a: Hatterene|Hatterene, F|100/100
|move|p1a: Ting-Lu|Earthquake|p2a: Hatterene
|-damage|p2a: Hatterene|61/100
|
|upkeep
|turn|11
|
|t:|1757906276
|move|p1a: Ting-Lu|Earthquake|p2a: Hatterene
|-damage|p2a: Hatterene|20/100
|move|p2a: Hatterene|Draining Kiss|p1a: Ting-Lu
|-supereffective|p1a: Ting-Lu
|-damage|p1a: Ting-Lu|78/100
|-heal|p2a: Hatterene|47/100|[from] drain|[of] p1a: Ting-Lu
|
|-heal|p1a: Ting-Lu|85/100|[from] item: Leftovers
|upkeep
|turn|12
|
|t:|1757906280
|move|p1a: Ting-Lu|Earthquake|p2a: Hatterene
|-damage|p2a: Hatterene|5/100
|move|p2a: Hatterene|Draining Kiss|p1a: Ting-Lu
|-supereffective|p1a: Ting-Lu
|-damage|p1a: Ting-Lu|60/100
|-heal|p2a: Hatterene|34/100|[from] drain|[of] p1a: Ting-Lu
|
|-heal|p1a: Ting-Lu|66/100|[from] item: Leftovers
|upkeep
|turn|13
|
|t:|1757906283
|move|p1a: Ting-Lu|Earthquake|p2a: Hatterene
|-damage|p2a: Hatterene|0 fnt
|faint|p2a: Hatterene
|
|-heal|p1a: Ting-Lu|72/100|[from] item: Leftovers
|upkeep
|
|t:|1757906297
|switch|p2a: Iron Treads|Iron Treads|85/100
|turn|14
|
|t:|1757906300
|move|p2a: Iron Treads|Knock Off|p1a: Ting-Lu
|-resisted|p1a: Ting-Lu
|-damage|p1a: Ting-Lu|65/100
|-enditem|p1a: Ting-Lu|Leftovers|[from] move: Knock Off|[of] p2a: Iron Treads
|move|p1a: Ting-Lu|Earthquake|p2a: Iron Treads
|-supereffective|p2a: Iron Treads
|-damage|p2a: Iron Treads|15/100
|
|-heal|p2a: Iron Treads|22/100|[from] item: Leftovers
|upkeep
|turn|15
|
|t:|1757906303
|move|p2a: Iron Treads|Earthquake|p1a: Ting-Lu
|-crit|p1a: Ting-Lu
|-damage|p1a: Ting-Lu|26/100
|move|p1a: Ting-Lu|Earthquake|p2a: Iron Treads
|-supereffective|p2a: Iron Treads
|-damage|p2a: Iron Treads|0 fnt
|faint|p2a: Iron Treads
|-end|p2a: Iron Treads|Quark Drive|[silent]
|
|upkeep
|
|t:|1757906306
|switch|p2a: Quaquaval|Quaquaval, M|100/100
|turn|16
|
|t:|1757906309
|switch|p1a: Ogerpon|Ogerpon-Wellspring, F|16/100
|-damage|p1a: Ogerpon|4/100|[from] Stealth Rock
|move|p2a: Quaquaval|U-turn|p1a: Ogerpon
|-supereffective|p1a: Ogerpon
|-damage|p1a: Ogerpon|0 fnt
|faint|p1a: Ogerpon
|-ability|p2a: Quaquaval|Moxie|boost
|-boost|p2a: Quaquaval|atk|1
|
|t:|1757906313
|switch|p2a: Raging Bolt|Raging Bolt|100/100|[from] U-turn
|-enditem|p2a: Raging Bolt|Booster Energy
|-activate|p2a: Raging Bolt|ability: Protosynthesis|[fromitem]
|-start|p2a: Raging Bolt|protosynthesisspa
|
|upkeep
|
|t:|1757906319
|switch|p1a: Iron Treads|Iron Treads, shiny|100/100
|-damage|p1a: Iron Treads|97/100|[from] Stealth Rock
|turn|17
|
|t:|1757906324
|-end|p2a: Raging Bolt|Protosynthesis|[silent]
|switch|p2a: Amoonguss|Amoonguss, M|94/100
|move|p1a: Iron Treads|Earthquake|p2a: Amoonguss
|-damage|p2a: Amoonguss|57/100
|
|upkeep
|turn|18
|
|t:|1757906330
|move|p1a: Iron Treads|Rapid Spin|p2a: Amoonguss
|-damage|p2a: Amoonguss|44/100
|-boost|p1a: Iron Treads|spe|1
|-sideend|p1: ZeonNynja|Stealth Rock|[from] move: Rapid Spin|[of] p1a: Iron Treads
|move|p2a: Amoonguss|Foul Play|p1a: Iron Treads
|-damage|p1a: Iron Treads|67/100
|
|upkeep
|turn|19
|
|t:|1757906333
|move|p1a: Iron Treads|Ice Spinner|p2a: Amoonguss
|-supereffective|p2a: Amoonguss
|-damage|p2a: Amoonguss|6/100
|move|p2a: Amoonguss|Synthesis|p2a: Amoonguss
|-heal|p2a: Amoonguss|56/100
|
|upkeep
|turn|20
|
|t:|1757906336
|-terastallize|p1a: Iron Treads|Ice
|move|p1a: Iron Treads|Ice Spinner|p2a: Amoonguss
|-supereffective|p2a: Amoonguss
|-damage|p2a: Amoonguss|0 fnt
|faint|p2a: Amoonguss
|
|upkeep
|
|t:|1757906338
|switch|p2a: Quaquaval|Quaquaval, M|100/100
|turn|21
|
|t:|1757906345
|move|p1a: Iron Treads|Earthquake|p2a: Quaquaval
|-damage|p2a: Quaquaval|38/100
|move|p2a: Quaquaval|Close Combat|p1a: Iron Treads
|-supereffective|p1a: Iron Treads
|-damage|p1a: Iron Treads|0 fnt
|-unboost|p2a: Quaquaval|def|1
|-unboost|p2a: Quaquaval|spd|1
|faint|p1a: Iron Treads
|-end|p1a: Iron Treads|Quark Drive|[silent]
|-ability|p2a: Quaquaval|Moxie|boost
|-boost|p2a: Quaquaval|atk|1
|
|upkeep
|
|t:|1757906347
|switch|p1a: Salamence|Salamence, F|100/100
|turn|22
|
|t:|1757906351
|switch|p2a: Raging Bolt|Raging Bolt|100/100
|move|p1a: Salamence|Outrage|p2a: Raging Bolt
|-supereffective|p2a: Raging Bolt
|-damage|p2a: Raging Bolt|0 fnt
|faint|p2a: Raging Bolt
|-end|p2a: Raging Bolt|Protosynthesis|[silent]
|-ability|p1a: Salamence|Moxie|boost
|-boost|p1a: Salamence|atk|1
|
|upkeep
|
|t:|1757906354
|switch|p2a: Quaquaval|Quaquaval, M|38/100
|turn|23
|
|t:|1757906356
|-terastallize|p2a: Quaquaval|Water
|move|p1a: Salamence|Outrage|p2a: Quaquaval|[from] lockedmove
|-damage|p2a: Quaquaval|0 fnt
|faint|p2a: Quaquaval
|
|win|ZeonNynja
|raw|ZeonNynja's rating: 1395 &rarr; <strong>1416</strong><br />(+21 for winning)
|raw|moron tester's rating: 1419 &rarr; <strong>1398</strong><br />(-21 for losing)
|l|☆moron tester
|player|p2|
|l|☆ZeonNynja
|player|p1|
