|j|‽Axj5869
|j|☆leosyspu
|t:|1757916080
|gametype|singles
|player|p1|Axj5869|2|1383
|player|p2|leosyspu|cynthia|1453
|gen|9
|tier|[Gen 9] OU
|rated|
|rule|HP Percentage Mod: HP is shown in percentages
|rule|Endless Battle Clause: Forcing endless battles is banned
|rule|Species Clause: Limit one of each Pokémon
|rule|OHKO Clause: OHKO moves are banned
|rule|Evasion Items Clause: Evasion items are banned
|rule|Evasion Moves Clause: Evasion moves are banned
|rule|Evasion Abilities Clause: Evasion abilities are banned
|rule|Sleep Moves Clause: Sleep-inducing moves are banned
|clearpoke
|poke|p1|Kyurem|
|poke|p1|Hatterene, F|
|poke|p1|Ursaluna, M|
|poke|p1|Sinistcha|
|poke|p1|Kingambit, M|
|poke|p1|Garganacl, F|
|poke|p2|Slowking-Galar, M|
|poke|p2|Dragapult, M|
|poke|p2|Gardevoir, F|
|poke|p2|Ogerpon-Wellspring, F|
|poke|p2|Rotom-Heat|
|poke|p2|Corviknight, F|
|teampreview
|inactive|Battle timer is ON: inactive players will automatically lose when time's up. (requested by leosyspu)
|
|t:|1757916092
|teamsize|p1|6
|teamsize|p2|6
|start
|switch|p1a: Hatterene|Hatterene, F|100/100
|switch|p2a: 你他妈是个尿尿老尿外的大傻逼|Rotom-Heat|100/100
|turn|1
|
|t:|1757916099
|move|p2a: 你他妈是个尿尿老尿外的大傻逼|Trick|p1a: Hatterene
|-activate|p2a: 你他妈是个尿尿老尿外的大傻逼|move: Trick|[of] p1a: Hatterene
|-item|p1a: Hatterene|Choice Scarf|[from] move: Trick
|-item|p2a: 你他妈是个尿尿老尿外的大傻逼|Life Orb|[from] move: Trick
|move|p1a: Hatterene|Trick Room|p1a: Hatterene
|-fieldstart|move: Trick Room|[of] p1a: Hatterene
|
|upkeep
|turn|2
|
|t:|1757916105
|switch|p1a: Ursaluna|Ursaluna, M|100/100
|move|p2a: 你他妈是个尿尿老尿外的大傻逼|Trick|p1a: Ursaluna
|-activate|p2a: 你他妈是个尿尿老尿外的大傻逼|move: Trick|[of] p1a: Ursaluna
|-item|p1a: Ursaluna|Life Orb|[from] move: Trick
|-item|p2a: 你他妈是个尿尿老尿外的大傻逼|Flame Orb|[from] move: Trick
|
|upkeep
|turn|3
|inactive|leosyspu has 120 seconds left.
|
|t:|1757916138
|switch|p2a: 还行|Ogerpon-Wellspring, F|100/100
|move|p1a: Ursaluna|Facade|p2a: 还行
|-damage|p2a: 还行|27/100
|-damage|p1a: Ursaluna|91/100|[from] item: Life Orb
|
|upkeep
|turn|4
|
|t:|1757916149
|switch|p2a: 你也是傻逼，麻痹不能动的|Corviknight, F|100/100
|-ability|p2a: 你也是傻逼，麻痹不能动的|Pressure
|move|p1a: Ursaluna|Headlong Rush|p2a: 你也是傻逼，麻痹不能动的
|-immune|p2a: 你也是傻逼，麻痹不能动的
|
|upkeep
|turn|5
|
|t:|1757916157
|switch|p1a: Garganacl|Garganacl, F|100/100
|move|p2a: 你也是傻逼，麻痹不能动的|U-turn|p1a: Garganacl
|-damage|p1a: Garganacl|93/100
|inactive|leosyspu has 120 seconds left.
|
|t:|1757916175
|switch|p2a: 还行|Ogerpon-Wellspring, F|27/100|[from] U-turn
|
|-heal|p1a: Garganacl|99/100|[from] item: Leftovers
|-fieldend|move: Trick Room
|upkeep
|turn|6
|
|t:|1757916182
|switch|p1a: Sinistcha|Sinistcha|100/100
|move|p2a: 还行|Horn Leech|p1a: Sinistcha
|-resisted|p1a: Sinistcha
|-damage|p1a: Sinistcha|79/100
|-heal|p2a: 还行|40/100|[from] drain|[of] p1a: Sinistcha
|
|upkeep
|turn|7
|
|t:|1757916190
|move|p2a: 还行|U-turn|p1a: Sinistcha
|-damage|p1a: Sinistcha|52/100
|inactive|leosyspu has 120 seconds left.
|
|t:|1757916207
|switch|p2a: 你他妈是个尿尿老尿外的大傻逼|Rotom-Heat|100/100|[from] U-turn
|move|p1a: Sinistcha|Trick Room|p1a: Sinistcha
|-fieldstart|move: Trick Room|[of] p1a: Sinistcha
|
|upkeep
|turn|8
|
|t:|1757916214
|move|p1a: Sinistcha|Shadow Ball|p2a: 你他妈是个尿尿老尿外的大傻逼
|-damage|p2a: 你他妈是个尿尿老尿外的大傻逼|59/100
|move|p2a: 你他妈是个尿尿老尿外的大傻逼|Overheat|p1a: Sinistcha
|-supereffective|p1a: Sinistcha
|-damage|p1a: Sinistcha|2/100
|-unboost|p2a: 你他妈是个尿尿老尿外的大傻逼|spa|2
|-enditem|p1a: Sinistcha|Weakness Policy
|-boost|p1a: Sinistcha|atk|2|[from] item: Weakness Policy
|-boost|p1a: Sinistcha|spa|2|[from] item: Weakness Policy
|
|upkeep
|turn|9
|
|t:|1757916224
|move|p1a: Sinistcha|Shadow Ball|p2a: 你他妈是个尿尿老尿外的大傻逼
|-damage|p2a: 你他妈是个尿尿老尿外的大傻逼|0 fnt
|faint|p2a: 你他妈是个尿尿老尿外的大傻逼
|
|upkeep
|
|t:|1757916229
|switch|p2a: 你也是傻逼，麻痹不能动的|Corviknight, F|100/100
|-ability|p2a: 你也是傻逼，麻痹不能动的|Pressure
|turn|10
|
|t:|1757916233
|move|p2a: 你也是傻逼，麻痹不能动的|U-turn|p1a: Sinistcha
|-damage|p1a: Sinistcha|0 fnt
|faint|p1a: Sinistcha
|
|t:|1757916244
|switch|p2a: 还行|Ogerpon-Wellspring, F|40/100|[from] U-turn
|
|upkeep
|
|t:|1757916258
|switch|p1a: Kingambit|Kingambit, M|100/100
|-activate|p1a: Kingambit|ability: Supreme Overlord
|-start|p1a: Kingambit|fallen1|[silent]
|turn|11
|
|t:|1757916262
|move|p1a: Kingambit|Kowtow Cleave|p2a: 还行
|-damage|p2a: 还行|0 fnt
|faint|p2a: 还行
|
|-fieldend|move: Trick Room
|upkeep
|
|t:|1757916276
|switch|p2a: 老婆|Gardevoir, F|100/100
|-ability|p2a: 老婆|Supreme Overlord|Trace|[from] ability: Trace|[of] p1a: Kingambit
|-activate|p2a: 老婆|ability: Supreme Overlord
|-start|p2a: 老婆|fallen2|[silent]
|turn|12
|
|t:|1757916284
|-terastallize|p2a: 老婆|Fairy
|-terastallize|p1a: Kingambit|Ghost
|move|p2a: 老婆|Moonblast|p1a: Kingambit
|-damage|p1a: Kingambit|12/100
|move|p1a: Kingambit|Iron Head|p2a: 老婆
|-supereffective|p2a: 老婆
|-damage|p2a: 老婆|0 fnt
|faint|p2a: 老婆
|-end|p2a: 老婆|fallen2|[silent]
|
|upkeep
|
|t:|1757916295
|switch|p2a: 龙鬼王！！！|Dragapult, M|100/100
|turn|13
|
|t:|1757916299
|move|p1a: Kingambit|Sucker Punch||[still]
|-fail|p1a: Kingambit
|move|p2a: 龙鬼王！！！|Substitute|p2a: 龙鬼王！！！
|-start|p2a: 龙鬼王！！！|Substitute
|-damage|p2a: 龙鬼王！！！|76/100
|
|upkeep
|turn|14
|
|t:|1757916305
|move|p1a: Kingambit|Sucker Punch|p2a: 龙鬼王！！！
|-supereffective|p2a: 龙鬼王！！！
|-end|p2a: 龙鬼王！！！|Substitute
|move|p2a: 龙鬼王！！！|Dragon Darts|p1a: Kingambit
|-damage|p1a: Kingambit|0 fnt
|faint|p1a: Kingambit
|-end|p1a: Kingambit|fallen1|[silent]
|
|upkeep
|
|t:|1757916309
|switch|p1a: Kyurem|Kyurem|100/100
|-ability|p1a: Kyurem|Pressure
|turn|15
|
|t:|1757916315
|move|p2a: 龙鬼王！！！|Dragon Darts|p1a: Kyurem
|-supereffective|p1a: Kyurem
|-damage|p1a: Kyurem|51/100
|-anim|p2a: 龙鬼王！！！|Dragon Darts|p1a: Kyurem
|-supereffective|p1a: Kyurem
|-damage|p1a: Kyurem|0 fnt
|faint|p1a: Kyurem
|
|upkeep
|
|t:|1757916320
|switch|p1a: Hatterene|Hatterene, F|100/100
|turn|16
|
|t:|1757916324
|move|p2a: 龙鬼王！！！|Substitute|p2a: 龙鬼王！！！
|-start|p2a: 龙鬼王！！！|Substitute
|-damage|p2a: 龙鬼王！！！|51/100
|move|p1a: Hatterene|Trick Room|p1a: Hatterene
|-fieldstart|move: Trick Room|[of] p1a: Hatterene
|
|upkeep
|turn|17
|
|t:|1757916333
|switch|p1a: Ursaluna|Ursaluna, M|91/100
|move|p2a: 龙鬼王！！！|Dragon Darts|p1a: Ursaluna
|-damage|p1a: Ursaluna|72/100
|-anim|p2a: 龙鬼王！！！|Dragon Darts|p1a: Ursaluna
|-damage|p1a: Ursaluna|56/100
|
|upkeep
|turn|18
|
|t:|1757916341
|move|p1a: Ursaluna|Ice Punch|p2a: 龙鬼王！！！
|-supereffective|p2a: 龙鬼王！！！
|-crit|p2a: 龙鬼王！！！
|-end|p2a: 龙鬼王！！！|Substitute
|-damage|p1a: Ursaluna|46/100|[from] item: Life Orb
|move|p2a: 龙鬼王！！！|Dragon Darts|p1a: Ursaluna
|-damage|p1a: Ursaluna|28/100
|-anim|p2a: 龙鬼王！！！|Dragon Darts|p1a: Ursaluna
|-damage|p1a: Ursaluna|10/100
|
|upkeep
|turn|19
|
|t:|1757916352
|switch|p2a: 你也是傻逼，麻痹不能动的|Corviknight, F|100/100
|-ability|p2a: 你也是傻逼，麻痹不能动的|Pressure
|move|p1a: Ursaluna|Headlong Rush|p2a: 你也是傻逼，麻痹不能动的
|-immune|p2a: 你也是傻逼，麻痹不能动的
|
|upkeep
|turn|20
|
|t:|1757916360
|move|p1a: Ursaluna|Ice Punch|p2a: 你也是傻逼，麻痹不能动的
|-damage|p2a: 你也是傻逼，麻痹不能动的|75/100
|-damage|p1a: Ursaluna|0 fnt|[from] item: Life Orb
|faint|p1a: Ursaluna
|move|p2a: 你也是傻逼，麻痹不能动的|Body Press|p1: Ursaluna|[notarget]
|-fail|p2a: 你也是傻逼，麻痹不能动的
|
|-heal|p2a: 你也是傻逼，麻痹不能动的|81/100|[from] item: Leftovers
|-fieldend|move: Trick Room
|upkeep
|
|t:|1757916366
|switch|p1a: Garganacl|Garganacl, F|99/100
|turn|21
|
|t:|1757916376
|move|p2a: 你也是傻逼，麻痹不能动的|Body Press|p1a: Garganacl
|-supereffective|p1a: Garganacl
|-damage|p1a: Garganacl|73/100
|move|p1a: Garganacl|Salt Cure|p2a: 你也是傻逼，麻痹不能动的
|-damage|p2a: 你也是傻逼，麻痹不能动的|72/100
|-start|p2a: 你也是傻逼，麻痹不能动的|Salt Cure
|
|-heal|p2a: 你也是傻逼，麻痹不能动的|79/100|[from] item: Leftovers
|-heal|p1a: Garganacl|79/100|[from] item: Leftovers
|-damage|p2a: 你也是傻逼，麻痹不能动的|54/100|[from] Salt Cure
|upkeep
|turn|22
|
|t:|1757916386
|switch|p2a: 废物，麻痹你妈呢，一麻痹就不动的废物|Slowking-Galar, M|100/100
|move|p1a: Garganacl|Stealth Rock|p2a: 废物，麻痹你妈呢，一麻痹就不动的废物
|-sidestart|p2: leosyspu|move: Stealth Rock
|
|-heal|p1a: Garganacl|85/100|[from] item: Leftovers
|upkeep
|turn|23
|
|t:|1757916394
|move|p1a: Garganacl|Salt Cure|p2a: 废物，麻痹你妈呢，一麻痹就不动的废物
|-damage|p2a: 废物，麻痹你妈呢，一麻痹就不动的废物|87/100
|-start|p2a: 废物，麻痹你妈呢，一麻痹就不动的废物|Salt Cure
|move|p2a: 废物，麻痹你妈呢，一麻痹就不动的废物|Foul Play|p1a: Garganacl
|-damage|p1a: Garganacl|75/100
|
|-heal|p1a: Garganacl|81/100|[from] item: Leftovers
|-heal|p2a: 废物，麻痹你妈呢，一麻痹就不动的废物|93/100|[from] item: Leftovers
|-damage|p2a: 废物，麻痹你妈呢，一麻痹就不动的废物|80/100|[from] Salt Cure
|upkeep
|turn|24
|
|t:|1757916404
|move|p1a: Garganacl|Earthquake|p2a: 废物，麻痹你妈呢，一麻痹就不动的废物
|-supereffective|p2a: 废物，麻痹你妈呢，一麻痹就不动的废物
|-damage|p2a: 废物，麻痹你妈呢，一麻痹就不动的废物|30/100
|move|p2a: 废物，麻痹你妈呢，一麻痹就不动的废物|Toxic Spikes|p1a: Garganacl
|-sidestart|p1: Axj5869|move: Toxic Spikes
|
|-heal|p1a: Garganacl|87/100|[from] item: Leftovers
|-heal|p2a: 废物，麻痹你妈呢，一麻痹就不动的废物|36/100|[from] item: Leftovers
|-damage|p2a: 废物，麻痹你妈呢，一麻痹就不动的废物|23/100|[from] Salt Cure
|upkeep
|turn|25
|
|t:|1757916414
|switch|p2a: 你也是傻逼，麻痹不能动的|Corviknight, F|54/100
|-damage|p2a: 你也是傻逼，麻痹不能动的|41/100|[from] Stealth Rock
|-ability|p2a: 你也是傻逼，麻痹不能动的|Pressure
|move|p1a: Garganacl|Salt Cure|p2a: 你也是傻逼，麻痹不能动的
|-damage|p2a: 你也是傻逼，麻痹不能动的|33/100
|-start|p2a: 你也是傻逼，麻痹不能动的|Salt Cure
|
|-heal|p2a: 你也是傻逼，麻痹不能动的|39/100|[from] item: Leftovers
|-heal|p1a: Garganacl|93/100|[from] item: Leftovers
|-damage|p2a: 你也是傻逼，麻痹不能动的|14/100|[from] Salt Cure
|upkeep
|turn|26
|
|t:|1757916426
|move|p2a: 你也是傻逼，麻痹不能动的|Body Press|p1a: Garganacl
|-supereffective|p1a: Garganacl
|-damage|p1a: Garganacl|64/100
|move|p1a: Garganacl|Salt Cure|p2a: 你也是傻逼，麻痹不能动的
|-damage|p2a: 你也是傻逼，麻痹不能动的|5/100
|
|-heal|p2a: 你也是傻逼，麻痹不能动的|12/100|[from] item: Leftovers
|-heal|p1a: Garganacl|70/100|[from] item: Leftovers
|-damage|p2a: 你也是傻逼，麻痹不能动的|0 fnt|[from] Salt Cure
|faint|p2a: 你也是傻逼，麻痹不能动的
|upkeep
|
|t:|1757916437
|switch|p2a: 龙鬼王！！！|Dragapult, M|51/100
|turn|27
|
|t:|1757916445
|move|p2a: 龙鬼王！！！|Dragon Darts|p1a: Garganacl
|-damage|p1a: Garganacl|57/100
|-anim|p2a: 龙鬼王！！！|Dragon Darts|p1a: Garganacl
|-damage|p1a: Garganacl|44/100
|move|p1a: Garganacl|Earthquake|p2a: 龙鬼王！！！
|-damage|p2a: 龙鬼王！！！|19/100
|
|-heal|p1a: Garganacl|50/100|[from] item: Leftovers
|upkeep
|turn|28
|
|t:|1757916455
|move|p2a: 龙鬼王！！！|Dragon Darts|p1a: Garganacl
|-damage|p1a: Garganacl|37/100
|-anim|p2a: 龙鬼王！！！|Dragon Darts|p1a: Garganacl
|-damage|p1a: Garganacl|23/100
|move|p1a: Garganacl|Salt Cure|p2a: 龙鬼王！！！
|-damage|p2a: 龙鬼王！！！|1/100
|-start|p2a: 龙鬼王！！！|Salt Cure
|
|-heal|p1a: Garganacl|29/100|[from] item: Leftovers
|-damage|p2a: 龙鬼王！！！|0 fnt|[from] Salt Cure
|faint|p2a: 龙鬼王！！！
|upkeep
|-message|leosyspu forfeited.
|
|win|Axj5869
|raw|Axj5869's rating: 1383 &rarr; <strong>1407</strong><br />(+24 for winning)
|raw|leosyspu's rating: 1453 &rarr; <strong>1429</strong><br />(-24 for losing)
|l|☆leosyspu
|player|p2|
|l|‽Axj5869
|player|p1|
