|j|☆DrMira
|j|☆dxxiz1
|t:|1757897901
|gametype|singles
|player|p1|DrMira|1|1210
|player|p2|dxxiz1|ingo|1228
|gen|9
|tier|[Gen 9] OU
|rated|
|rule|HP Percentage Mod: HP is shown in percentages
|rule|Endless Battle Clause: Forcing endless battles is banned
|rule|Species Clause: Limit one of each Pokémon
|rule|OHKO Clause: OHKO moves are banned
|rule|Evasion Items Clause: Evasion items are banned
|rule|Evasion Moves Clause: Evasion moves are banned
|rule|Evasion Abilities Clause: Evasion abilities are banned
|rule|Sleep Moves Clause: Sleep-inducing moves are banned
|clearpoke
|poke|p1|Chesnaught, F|
|poke|p1|Tyranitar, F|
|poke|p1|Pyroar, M|
|poke|p1|Articuno|
|poke|p1|Latios, M|
|poke|p1|Great Tusk|
|poke|p2|Gliscor, M|
|poke|p2|Zamazenta-*|
|poke|p2|Ceruledge, M|
|poke|p2|Greninja-*, M|
|poke|p2|Serperior, M|
|poke|p2|Dragapult, F|
|teampreview
|
|t:|1757897909
|teamsize|p1|6
|teamsize|p2|6
|start
|switch|p1a: Great Tusk|Great Tusk|100/100
|switch|p2a: Hattori Hanzo|Ceruledge, M|100/100
|-enditem|p1a: Great Tusk|Booster Energy
|-activate|p1a: Great Tusk|ability: Protosynthesis|[fromitem]
|-start|p1a: Great Tusk|protosynthesisdef
|turn|1
|
|t:|1757897923
|move|p2a: Hattori Hanzo|Swords Dance|p2a: Hattori Hanzo
|-boost|p2a: Hattori Hanzo|atk|2
|move|p1a: Great Tusk|Earthquake|p2a: Hattori Hanzo
|-supereffective|p2a: Hattori Hanzo
|-enditem|p2a: Hattori Hanzo|Focus Sash
|-damage|p2a: Hattori Hanzo|1/100
|-ability|p2a: Hattori Hanzo|Weak Armor|boost
|-unboost|p2a: Hattori Hanzo|def|1
|-boost|p2a: Hattori Hanzo|spe|2
|
|upkeep
|turn|2
|
|t:|1757897942
|move|p2a: Hattori Hanzo|Destiny Bond|p2a: Hattori Hanzo
|-singlemove|p2a: Hattori Hanzo|Destiny Bond
|move|p1a: Great Tusk|Stealth Rock|p2a: Hattori Hanzo
|-sidestart|p2: dxxiz1|move: Stealth Rock
|
|upkeep
|turn|3
|
|t:|1757897957
|move|p2a: Hattori Hanzo|Bitter Blade|p1a: Great Tusk
|-damage|p1a: Great Tusk|67/100
|-heal|p2a: Hattori Hanzo|26/100|[from] drain|[of] p1a: Great Tusk
|move|p1a: Great Tusk|Earthquake|p2a: Hattori Hanzo
|-supereffective|p2a: Hattori Hanzo
|-crit|p2a: Hattori Hanzo
|-damage|p2a: Hattori Hanzo|0 fnt
|faint|p2a: Hattori Hanzo
|
|upkeep
|
|t:|1757897962
|switch|p2a: Cotton Mouth|Serperior, M, shiny|100/100
|-damage|p2a: Cotton Mouth|88/100|[from] Stealth Rock
|turn|4
|
|t:|1757897974
|move|p2a: Cotton Mouth|Leaf Storm|p1a: Great Tusk
|-supereffective|p1a: Great Tusk
|-damage|p1a: Great Tusk|0 fnt
|-boost|p2a: Cotton Mouth|spa|2
|faint|p1a: Great Tusk
|-end|p1a: Great Tusk|Protosynthesis|[silent]
|-damage|p2a: Cotton Mouth|78/100|[from] item: Life Orb
|
|upkeep
|
|t:|1757897988
|switch|p1a: Pyroar|Pyroar, M|100/100
|-ability|p1a: Pyroar|Unnerve
|turn|5
|inactive|Battle timer is ON: inactive players will automatically lose when time's up. (requested by dxxiz1)
|
|t:|1757898008
|-terastallize|p2a: Cotton Mouth|Rock
|move|p2a: Cotton Mouth|Dragon Pulse|p1a: Pyroar
|-damage|p1a: Pyroar|20/100
|-damage|p2a: Cotton Mouth|68/100|[from] item: Life Orb
|move|p1a: Pyroar|Fire Blast|p2a: Cotton Mouth
|-resisted|p2a: Cotton Mouth
|-damage|p2a: Cotton Mouth|38/100
|
|upkeep
|turn|6
|
|t:|1757898032
|-terastallize|p1a: Pyroar|Fairy
|move|p2a: Cotton Mouth|Giga Drain|p1a: Pyroar
|-damage|p1a: Pyroar|0 fnt
|-heal|p2a: Cotton Mouth|49/100|[from] drain|[of] p1a: Pyroar
|faint|p1a: Pyroar
|-damage|p2a: Cotton Mouth|39/100|[from] item: Life Orb
|
|upkeep
|
|t:|1757898045
|switch|p1a: Articuno|Articuno|100/100
|-ability|p1a: Articuno|Pressure
|turn|7
|
|t:|1757898054
|move|p2a: Cotton Mouth|Dragon Pulse|p1a: Articuno
|-damage|p1a: Articuno|62/100
|-damage|p2a: Cotton Mouth|29/100|[from] item: Life Orb
|move|p1a: Articuno|Hurricane|p2a: Cotton Mouth
|-resisted|p2a: Cotton Mouth
|-damage|p2a: Cotton Mouth|4/100
|-start|p2a: Cotton Mouth|confusion
|
|-heal|p1a: Articuno|68/100|[from] item: Leftovers
|upkeep
|turn|8
|
|t:|1757898063
|-activate|p2a: Cotton Mouth|confusion
|move|p2a: Cotton Mouth|Giga Drain|p1a: Articuno
|-resisted|p1a: Articuno
|-damage|p1a: Articuno|41/100
|-heal|p2a: Cotton Mouth|20/100|[from] drain|[of] p1a: Articuno
|-damage|p2a: Cotton Mouth|10/100|[from] item: Life Orb
|move|p1a: Articuno|Freeze-Dry|p2a: Cotton Mouth
|-damage|p2a: Cotton Mouth|0 fnt
|faint|p2a: Cotton Mouth
|
|-heal|p1a: Articuno|47/100|[from] item: Leftovers
|upkeep
|
|t:|1757898082
|switch|p2a: Pai Mei|Greninja, M|100/100
|-damage|p2a: Pai Mei|88/100|[from] Stealth Rock
|turn|9
|
|t:|1757898090
|move|p2a: Pai Mei|Dark Pulse|p1a: Articuno
|-damage|p1a: Articuno|16/100
|move|p1a: Articuno|Roost|p1a: Articuno
|-heal|p1a: Articuno|67/100
|-singleturn|p1a: Articuno|move: Roost
|
|-heal|p1a: Articuno|73/100|[from] item: Leftovers
|upkeep
|turn|10
|
|t:|1757898096
|move|p2a: Pai Mei|Sludge Wave|p1a: Articuno
|-damage|p1a: Articuno|51/100
|move|p1a: Articuno|Freeze-Dry|p2a: Pai Mei
|-supereffective|p2a: Pai Mei
|-damage|p2a: Pai Mei|10/100
|
|-heal|p1a: Articuno|57/100|[from] item: Leftovers
|upkeep
|turn|11
|
|t:|1757898102
|move|p2a: Pai Mei|Sludge Wave|p1a: Articuno
|-damage|p1a: Articuno|35/100
|move|p1a: Articuno|Roost|p1a: Articuno
|-heal|p1a: Articuno|85/100
|-singleturn|p1a: Articuno|move: Roost
|
|-heal|p1a: Articuno|92/100|[from] item: Leftovers
|upkeep
|turn|12
|
|t:|1757898106
|move|p2a: Pai Mei|Sludge Wave|p1a: Articuno
|-damage|p1a: Articuno|67/100
|move|p1a: Articuno|Freeze-Dry|p2a: Pai Mei
|-supereffective|p2a: Pai Mei
|-damage|p2a: Pai Mei|0 fnt
|faint|p2a: Pai Mei
|
|-heal|p1a: Articuno|74/100|[from] item: Leftovers
|upkeep
|
|t:|1757898113
|switch|p2a: Shadow Queen|Dragapult, F, shiny|100/100
|-damage|p2a: Shadow Queen|88/100|[from] Stealth Rock
|turn|13
|
|t:|1757898121
|move|p2a: Shadow Queen|Flamethrower|p1a: Articuno
|-supereffective|p1a: Articuno
|-damage|p1a: Articuno|21/100
|-status|p1a: Articuno|brn
|-damage|p2a: Shadow Queen|78/100|[from] item: Life Orb
|move|p1a: Articuno|Freeze-Dry|p2a: Shadow Queen
|-supereffective|p2a: Shadow Queen
|-damage|p2a: Shadow Queen|14/100
|
|-heal|p1a: Articuno|27/100 brn|[from] item: Leftovers
|-damage|p1a: Articuno|21/100 brn|[from] brn
|upkeep
|turn|14
|
|t:|1757898141
|move|p2a: Shadow Queen|Dragon Pulse|p1a: Articuno
|-damage|p1a: Articuno|0 fnt
|faint|p1a: Articuno
|-damage|p2a: Shadow Queen|4/100|[from] item: Life Orb
|
|upkeep
|
|t:|1757898151
|switch|p1a: Tyranitar|Tyranitar, F|100/100
|-weather|Sandstorm|[from] ability: Sand Stream|[of] p1a: Tyranitar
|turn|15
|
|t:|1757898160
|move|p2a: Shadow Queen|Dragon Pulse|p1a: Tyranitar
|-damage|p1a: Tyranitar|67/100
|-damage|p2a: Shadow Queen|0 fnt|[from] item: Life Orb
|faint|p2a: Shadow Queen
|move|p1a: Tyranitar|Dragon Dance|p1a: Tyranitar
|-boost|p1a: Tyranitar|atk|1
|-boost|p1a: Tyranitar|spe|1
|
|-weather|Sandstorm|[upkeep]
|-heal|p1a: Tyranitar|74/100|[from] item: Leftovers
|upkeep
|
|t:|1757898168
|switch|p2a: Hawk|Zamazenta|100/100
|-damage|p2a: Hawk|94/100|[from] Stealth Rock
|-ability|p2a: Hawk|Dauntless Shield|boost
|-boost|p2a: Hawk|def|1
|turn|16
|
|t:|1757898177
|switch|p1a: Latios|Latios, M|100/100
|move|p2a: Hawk|Iron Defense|p2a: Hawk
|-boost|p2a: Hawk|def|2
|
|-weather|Sandstorm|[upkeep]
|-damage|p2a: Hawk|88/100|[from] Sandstorm
|-damage|p1a: Latios|94/100|[from] Sandstorm
|upkeep
|turn|17
|inactive|dxxiz1 has 120 seconds left.
|
|t:|1757898213
|move|p2a: Hawk|Crunch|p1a: Latios
|-supereffective|p1a: Latios
|-damage|p1a: Latios|41/100
|move|p1a: Latios|Luster Purge|p2a: Hawk
|-supereffective|p2a: Hawk
|-damage|p2a: Hawk|0 fnt
|faint|p2a: Hawk
|
|-weather|Sandstorm|[upkeep]
|-damage|p1a: Latios|35/100|[from] Sandstorm
|upkeep
|
|t:|1757898219
|switch|p2a: Batman|Gliscor, M, shiny|100/100
|-damage|p2a: Batman|88/100|[from] Stealth Rock
|turn|18
|
|t:|1757898222
|move|p2a: Batman|Protect|p2a: Batman
|-singleturn|p2a: Batman|Protect
|move|p1a: Latios|Luster Purge|p2a: Batman
|-activate|p2a: Batman|move: Protect
|
|-weather|Sandstorm|[upkeep]
|-damage|p1a: Latios|29/100|[from] Sandstorm
|-status|p2a: Batman|tox|[from] item: Toxic Orb
|upkeep
|turn|19
|
|t:|1757898230
|move|p1a: Latios|Recover|p1a: Latios
|-heal|p1a: Latios|79/100
|move|p2a: Batman|Knock Off|p1a: Latios
|-supereffective|p1a: Latios
|-damage|p1a: Latios|26/100
|-enditem|p1a: Latios|Soul Dew|[from] move: Knock Off|[of] p2a: Batman
|
|-weather|none
|-heal|p2a: Batman|100/100 tox|[from] ability: Poison Heal
|upkeep
|turn|20
|
|t:|1757898241
|move|p1a: Latios|Luster Purge|p2a: Batman
|-crit|p2a: Batman
|-damage|p2a: Batman|7/100 tox
|move|p2a: Batman|Knock Off|p1a: Latios
|-supereffective|p1a: Latios
|-damage|p1a: Latios|0 fnt
|faint|p1a: Latios
|
|-heal|p2a: Batman|20/100 tox|[from] ability: Poison Heal
|upkeep
|
|t:|1757898244
|switch|p1a: Chesnaught|Chesnaught, F|100/100
|turn|21
|
|t:|1757898253
|move|p2a: Batman|Protect|p2a: Batman
|-singleturn|p2a: Batman|Protect
|move|p1a: Chesnaught|Wood Hammer|p2a: Batman
|-activate|p2a: Batman|move: Protect
|
|-heal|p2a: Batman|32/100 tox|[from] ability: Poison Heal
|upkeep
|turn|22
|
|t:|1757898261
|move|p2a: Batman|Toxic|p1a: Chesnaught
|-status|p1a: Chesnaught|tox
|move|p1a: Chesnaught|Wood Hammer|p2a: Batman
|-damage|p2a: Batman|0 fnt
|faint|p2a: Batman
|-damage|p1a: Chesnaught|91/100 tox|[from] Recoil
|
|win|DrMira
|raw|DrMira's rating: 1210 &rarr; <strong>1236</strong><br />(+26 for winning)
|raw|dxxiz1's rating: 1228 &rarr; <strong>1202</strong><br />(-26 for losing)
|l|☆DrMira
|player|p1|
