|j|☆Sqpanda123
|j|☆201254u
|t:|1757840236
|gametype|singles
|player|p1|Sqpanda123|raihan|1092
|player|p2|201254u|2|1157
|gen|9
|tier|[Gen 9] OU
|rated|
|rule|HP Percentage Mod: HP is shown in percentages
|rule|Endless Battle Clause: Forcing endless battles is banned
|rule|Species Clause: Limit one of each Pokémon
|rule|OHKO Clause: OHKO moves are banned
|rule|Evasion Items Clause: Evasion items are banned
|rule|Evasion Moves Clause: Evasion moves are banned
|rule|Evasion Abilities Clause: Evasion abilities are banned
|rule|Sleep Moves Clause: Sleep-inducing moves are banned
|clearpoke
|poke|p1|Hitmonlee, M|
|poke|p1|Bastiodon, F|
|poke|p1|Tropius, M|
|poke|p1|Excadrill, M|
|poke|p1|Hippowdon, F|
|poke|p1|Swalot, F|
|poke|p2|Bellibolt, F|
|poke|p2|Porygon-Z|
|poke|p2|Oricorio-Sensu, F|
|poke|p2|Flygon, M|
|poke|p2|Tentacruel, M|
|poke|p2|Primeape, M|
|teampreview
|inactive|Battle timer is ON: inactive players will automatically lose when time's up. (requested by Sqpanda123)
|
|t:|1757840248
|teamsize|p1|6
|teamsize|p2|6
|start
|switch|p1a: Hippowdon|Hippowdon, F|100/100
|switch|p2a: Flygon|Flygon, M|100/100
|-weather|Sandstorm|[from] ability: Sand Stream|[of] p1a: Hippowdon
|turn|1
|c|☆Sqpanda123|Why are both of us not playing OU mons in OU
|
|t:|1757840260
|move|p2a: Flygon|Substitute|p2a: Flygon
|-start|p2a: Flygon|Substitute
|-damage|p2a: Flygon|75/100
|move|p1a: Hippowdon|Curse|p1a: Hippowdon
|-unboost|p1a: Hippowdon|spe|1
|-boost|p1a: Hippowdon|atk|1
|-boost|p1a: Hippowdon|def|1
|
|-weather|Sandstorm|[upkeep]
|-heal|p2a: Flygon|82/100|[from] item: Leftovers
|upkeep
|turn|2
|
|t:|1757840267
|move|p2a: Flygon|Dragon Tail|p1a: Hippowdon
|-damage|p1a: Hippowdon|91/100
|drag|p1a: Excadrill|Excadrill, M|100/100
|
|-weather|Sandstorm|[upkeep]
|-heal|p2a: Flygon|88/100|[from] item: Leftovers
|upkeep
|turn|3
|
|t:|1757840278
|switch|p1a: Tropius|Tropius, M|100/100
|move|p2a: Flygon|Earthquake|p1a: Tropius
|-immune|p1a: Tropius
|
|-weather|Sandstorm|[upkeep]
|-damage|p1a: Tropius|94/100|[from] Sandstorm
|-heal|p2a: Flygon|94/100|[from] item: Leftovers
|upkeep
|turn|4
|
|t:|1757840285
|-terastallize|p1a: Tropius|Ghost
|move|p1a: Tropius|Curse|p2a: Flygon
|-start|p2a: Flygon|Curse|[of] p1a: Tropius
|-damage|p1a: Tropius|44/100
|-enditem|p1a: Tropius|Sitrus Berry|[eat]
|-heal|p1a: Tropius|69/100|[from] item: Sitrus Berry
|move|p2a: Flygon|Dragon Tail|p1a: Tropius|[miss]
|-miss|p2a: Flygon|p1a: Tropius
|
|-weather|Sandstorm|[upkeep]
|-damage|p1a: Tropius|63/100|[from] Sandstorm
|-heal|p2a: Flygon|99/100|[from] item: Leftovers
|-damage|p2a: Flygon|75/100|[from] Curse
|upkeep
|turn|5
|
|t:|1757840298
|switch|p2a: Tentacruel|Tentacruel, M, shiny|100/100
|move|p1a: Tropius|Protect||[still]
|-fail|p1a: Tropius
|
|-weather|Sandstorm|[upkeep]
|-damage|p2a: Tentacruel|95/100|[from] Sandstorm
|-damage|p1a: Tropius|57/100|[from] Sandstorm
|-item|p1a: Tropius|Sitrus Berry|[from] ability: Harvest
|upkeep
|turn|6
|c|☆Sqpanda123|!dt harvest
|raw|<ul class="utilichart"><li class="result"><span class="col namecol"><a href="https://dex.pokemonshowdown.com/abilities/harvest">Harvest</a></span> <span class="col abilitydesccol">If last item used is a Berry, 50% chance to restore it each end of turn. 100% in Sun.</span> </li><li style="clear:both"></li></ul>
|raw|<font size="1"><font color="#686868">Gen:</font> 5</font>

|
|t:|1757840310
|move|p2a: Tentacruel|Hydro Pump|p1a: Tropius
|-damage|p1a: Tropius|9/100
|-enditem|p1a: Tropius|Sitrus Berry|[eat]
|-heal|p1a: Tropius|34/100|[from] item: Sitrus Berry
|move|p1a: Tropius|Substitute|p1a: Tropius
|-start|p1a: Tropius|Substitute
|-damage|p1a: Tropius|9/100
|
|-weather|Sandstorm|[upkeep]
|-damage|p2a: Tentacruel|89/100|[from] Sandstorm
|-damage|p1a: Tropius|3/100|[from] Sandstorm
|-item|p1a: Tropius|Sitrus Berry|[from] ability: Harvest
|upkeep
|-enditem|p1a: Tropius|Sitrus Berry|[eat]
|-heal|p1a: Tropius|28/100|[from] item: Sitrus Berry
|turn|7
|
|t:|1757840323
|move|p1a: Tropius|Protect|p1a: Tropius
|-singleturn|p1a: Tropius|Protect
|move|p2a: Tentacruel|Hydro Pump|p1a: Tropius
|-activate|p1a: Tropius|move: Protect
|
|-weather|Sandstorm|[upkeep]
|-damage|p2a: Tentacruel|83/100|[from] Sandstorm
|-damage|p1a: Tropius|22/100|[from] Sandstorm
|upkeep
|turn|8
|
|t:|1757840331
|move|p2a: Tentacruel|Hydro Pump|p1a: Tropius|[miss]
|-miss|p2a: Tentacruel|p1a: Tropius
|move|p1a: Tropius|Leech Seed|p2a: Tentacruel|[miss]
|-miss|p1a: Tropius|p2a: Tentacruel
|
|-weather|none
|-item|p1a: Tropius|Sitrus Berry|[from] ability: Harvest
|upkeep
|-enditem|p1a: Tropius|Sitrus Berry|[eat]
|-heal|p1a: Tropius|47/100|[from] item: Sitrus Berry
|turn|9
|
|t:|1757840342
|move|p1a: Tropius|Protect|p1a: Tropius
|-singleturn|p1a: Tropius|Protect
|move|p2a: Tentacruel|Hydro Pump|p1a: Tropius
|-activate|p1a: Tropius|move: Protect
|
|-item|p1a: Tropius|Sitrus Berry|[from] ability: Harvest
|upkeep
|-enditem|p1a: Tropius|Sitrus Berry|[eat]
|-heal|p1a: Tropius|72/100|[from] item: Sitrus Berry
|turn|10
|
|t:|1757840347
|move|p2a: Tentacruel|Hydro Pump|p1a: Tropius|[miss]
|-miss|p2a: Tentacruel|p1a: Tropius
|move|p1a: Tropius|Leech Seed|p2a: Tentacruel
|-start|p2a: Tentacruel|move: Leech Seed
|
|-damage|p2a: Tentacruel|70/100|[from] Leech Seed|[of] p1a: Tropius
|-damage|p1a: Tropius|62/100|[from] ability: Liquid Ooze|[of] p2a: Tentacruel
|upkeep
|turn|11
|
|t:|1757840357
|move|p2a: Tentacruel|Hydro Pump|p1a: Tropius
|-end|p1a: Tropius|Substitute
|move|p1a: Tropius|Curse|p2a: Tentacruel
|-start|p2a: Tentacruel|Curse|[of] p1a: Tropius
|-damage|p1a: Tropius|12/100
|
|-damage|p2a: Tentacruel|58/100|[from] Leech Seed|[of] p1a: Tropius
|-damage|p1a: Tropius|3/100|[from] ability: Liquid Ooze|[of] p2a: Tentacruel
|-damage|p2a: Tentacruel|33/100|[from] Curse
|-item|p1a: Tropius|Sitrus Berry|[from] ability: Harvest
|upkeep
|-enditem|p1a: Tropius|Sitrus Berry|[eat]
|-heal|p1a: Tropius|28/100|[from] item: Sitrus Berry
|turn|12
|
|t:|1757840377
|switch|p2a: Flygon|Flygon, M|75/100
|move|p1a: Tropius|Protect||[still]
|-fail|p1a: Tropius
|
|-heal|p2a: Flygon|81/100|[from] item: Leftovers
|upkeep
|turn|13
|
|t:|1757840386
|move|p1a: Tropius|Protect|p1a: Tropius
|-singleturn|p1a: Tropius|Protect
|move|p2a: Flygon|Earthquake|p1a: Tropius
|-activate|p1a: Tropius|move: Protect
|
|-heal|p2a: Flygon|87/100|[from] item: Leftovers
|-item|p1a: Tropius|Sitrus Berry|[from] ability: Harvest
|upkeep
|-enditem|p1a: Tropius|Sitrus Berry|[eat]
|-heal|p1a: Tropius|53/100|[from] item: Sitrus Berry
|turn|14
|
|t:|1757840400
|switch|p1a: Hippowdon|Hippowdon, F|91/100
|-weather|Sandstorm|[from] ability: Sand Stream|[of] p1a: Hippowdon
|move|p2a: Flygon|Earthquake|p1a: Hippowdon
|-damage|p1a: Hippowdon|65/100
|
|-weather|Sandstorm|[upkeep]
|-heal|p2a: Flygon|93/100|[from] item: Leftovers
|upkeep
|turn|15
|
|t:|1757840408
|move|p1a: Hippowdon|Slack Off|p1a: Hippowdon
|-heal|p1a: Hippowdon|100/100
|move|p2a: Flygon|Dragon Tail|p1a: Hippowdon
|-damage|p1a: Hippowdon|85/100
|drag|p1a: Tropius|Tropius, M, tera:Ghost|53/100
|
|-weather|Sandstorm|[upkeep]
|-damage|p1a: Tropius|47/100|[from] Sandstorm
|-heal|p2a: Flygon|99/100|[from] item: Leftovers
|upkeep
|turn|16
|
|t:|1757840417
|move|p1a: Tropius|Protect|p1a: Tropius
|-singleturn|p1a: Tropius|Protect
|move|p2a: Flygon|Dragon Tail|p1a: Tropius
|-activate|p1a: Tropius|move: Protect
|
|-weather|Sandstorm|[upkeep]
|-damage|p1a: Tropius|41/100|[from] Sandstorm
|-heal|p2a: Flygon|100/100|[from] item: Leftovers
|upkeep
|turn|17
|
|t:|1757840426
|switch|p1a: Hippowdon|Hippowdon, F|85/100
|move|p2a: Flygon|Dragon Tail|p1a: Hippowdon
|-damage|p1a: Hippowdon|69/100
|drag|p1a: Excadrill|Excadrill, M|100/100
|
|-weather|Sandstorm|[upkeep]
|upkeep
|turn|18
|
|t:|1757840434
|move|p1a: Excadrill|Iron Head|p2a: Flygon
|-damage|p2a: Flygon|49/100
|cant|p2a: Flygon|flinch
|
|-weather|Sandstorm|[upkeep]
|-heal|p2a: Flygon|55/100|[from] item: Leftovers
|upkeep
|turn|19
|
|t:|1757840439
|move|p1a: Excadrill|Iron Head|p2a: Flygon
|-damage|p2a: Flygon|0 fnt
|faint|p2a: Flygon
|
|-weather|Sandstorm|[upkeep]
|upkeep
|
|t:|1757840443
|switch|p2a: Tentacruel|Tentacruel, M, shiny|33/100
|turn|20
|
|t:|1757840447
|move|p1a: Excadrill|Earthquake|p2a: Tentacruel
|-supereffective|p2a: Tentacruel
|-damage|p2a: Tentacruel|0 fnt
|faint|p2a: Tentacruel
|
|-weather|Sandstorm|[upkeep]
|upkeep
|
|t:|1757840452
|switch|p2a: Oricorio|Oricorio-Sensu, F, shiny|100/100
|turn|21
|
|t:|1757840458
|move|p1a: Excadrill|Iron Head|p2a: Oricorio
|-damage|p2a: Oricorio|58/100
|-enditem|p2a: Oricorio|Kee Berry|[eat]
|-boost|p2a: Oricorio|def|1|[from] item: Kee Berry
|move|p2a: Oricorio|Quiver Dance|p2a: Oricorio
|-boost|p2a: Oricorio|spa|1
|-boost|p2a: Oricorio|spd|1
|-boost|p2a: Oricorio|spe|1
|
|-weather|none
|upkeep
|turn|22
|
|t:|1757840467
|move|p2a: Oricorio|Charm|p1a: Excadrill
|-unboost|p1a: Excadrill|atk|2
|move|p1a: Excadrill|Iron Head|p2a: Oricorio
|-damage|p2a: Oricorio|45/100
|
|upkeep
|turn|23
|
|t:|1757840473
|switch|p1a: Tropius|Tropius, M, tera:Ghost|41/100
|move|p2a: Oricorio|Roost|p2a: Oricorio
|-heal|p2a: Oricorio|95/100
|-singleturn|p2a: Oricorio|move: Roost
|
|upkeep
|turn|24
|
|t:|1757840479
|move|p1a: Tropius|Protect|p1a: Tropius
|-singleturn|p1a: Tropius|Protect
|move|p2a: Oricorio|Revelation Dance|p1a: Tropius
|-activate|p1a: Tropius|move: Protect
|
|upkeep
|turn|25
|
|t:|1757840484
|move|p2a: Oricorio|Revelation Dance|p1a: Tropius
|-supereffective|p1a: Tropius
|-damage|p1a: Tropius|0 fnt
|faint|p1a: Tropius
|
|upkeep
|
|t:|1757840488
|switch|p1a: Bastiodon|Bastiodon, F|100/100
|turn|26
|
|t:|1757840494
|move|p2a: Oricorio|Charm|p1a: Bastiodon
|-unboost|p1a: Bastiodon|atk|2
|move|p1a: Bastiodon|Metal Burst||[still]
|-fail|p1a: Bastiodon
|
|upkeep
|turn|27
|c|☆Sqpanda123|No way u one tap
|
|t:|1757840500
|move|p2a: Oricorio|Quiver Dance|p2a: Oricorio
|-boost|p2a: Oricorio|spa|1
|-boost|p2a: Oricorio|spd|1
|-boost|p2a: Oricorio|spe|1
|move|p1a: Bastiodon|Metal Burst||[still]
|-fail|p1a: Bastiodon
|
|upkeep
|turn|28
|
|t:|1757840505
|move|p2a: Oricorio|Quiver Dance|p2a: Oricorio
|-boost|p2a: Oricorio|spa|1
|-boost|p2a: Oricorio|spd|1
|-boost|p2a: Oricorio|spe|1
|move|p1a: Bastiodon|Metal Burst||[still]
|-fail|p1a: Bastiodon
|
|upkeep
|turn|29
|
|t:|1757840509
|move|p2a: Oricorio|Quiver Dance|p2a: Oricorio
|-boost|p2a: Oricorio|spa|1
|-boost|p2a: Oricorio|spd|1
|-boost|p2a: Oricorio|spe|1
|move|p1a: Bastiodon|Metal Burst||[still]
|-fail|p1a: Bastiodon
|
|upkeep
|turn|30
|
|t:|1757840515
|move|p2a: Oricorio|Quiver Dance|p2a: Oricorio
|-boost|p2a: Oricorio|spa|1
|-boost|p2a: Oricorio|spd|1
|-boost|p2a: Oricorio|spe|1
|move|p1a: Bastiodon|Metal Burst||[still]
|-fail|p1a: Bastiodon
|
|upkeep
|turn|31
|
|t:|1757840521
|move|p2a: Oricorio|Quiver Dance|p2a: Oricorio
|-boost|p2a: Oricorio|spa|1
|-boost|p2a: Oricorio|spd|1
|-boost|p2a: Oricorio|spe|1
|move|p1a: Bastiodon|Metal Burst||[still]
|-fail|p1a: Bastiodon
|
|upkeep
|turn|32
|
|t:|1757840526
|move|p2a: Oricorio|Charm|p1a: Bastiodon
|-unboost|p1a: Bastiodon|atk|2
|move|p1a: Bastiodon|Metal Burst||[still]
|-fail|p1a: Bastiodon
|
|upkeep
|turn|33
|
|t:|1757840530
|move|p2a: Oricorio|Charm|p1a: Bastiodon
|-unboost|p1a: Bastiodon|atk|2
|move|p1a: Bastiodon|Metal Burst||[still]
|-fail|p1a: Bastiodon
|
|upkeep
|turn|34
|
|t:|1757840533
|move|p2a: Oricorio|Charm|p1a: Bastiodon
|-unboost|p1a: Bastiodon|atk|0
|move|p1a: Bastiodon|Iron Defense|p1a: Bastiodon
|-boost|p1a: Bastiodon|def|2
|
|upkeep
|turn|35
|
|t:|1757840538
|move|p2a: Oricorio|Charm|p1a: Bastiodon
|-unboost|p1a: Bastiodon|atk|0
|move|p1a: Bastiodon|Metal Burst||[still]
|-fail|p1a: Bastiodon
|
|upkeep
|turn|36
|
|t:|1757840540
|move|p2a: Oricorio|Revelation Dance|p1a: Bastiodon
|-damage|p1a: Bastiodon|4/100
|move|p1a: Bastiodon|Metal Burst|p2a: Oricorio
|-damage|p2a: Oricorio|0 fnt
|faint|p2a: Oricorio
|
|upkeep
|c|☆Sqpanda123|Well
|
|t:|1757840554
|switch|p2a: Primeape|Primeape, M, shiny|100/100
|turn|37
|c|☆Sqpanda123|max spa still didnt one tap
|
|t:|1757840559
|move|p2a: Primeape|Bulk Up|p2a: Primeape
|-boost|p2a: Primeape|atk|1
|-boost|p2a: Primeape|def|1
|move|p1a: Bastiodon|Iron Head|p2a: Primeape
|-damage|p2a: Primeape|96/100
|
|upkeep
|turn|38
|c|☆Sqpanda123|Hm
|
|t:|1757840565
|switch|p1a: Hippowdon|Hippowdon, F|69/100
|-weather|Sandstorm|[from] ability: Sand Stream|[of] p1a: Hippowdon
|move|p2a: Primeape|Bulk Up|p2a: Primeape
|-boost|p2a: Primeape|atk|1
|-boost|p2a: Primeape|def|1
|
|-weather|Sandstorm|[upkeep]
|-damage|p2a: Primeape|89/100|[from] Sandstorm
|upkeep
|turn|39
|
|t:|1757840575
|move|p2a: Primeape|Taunt|p1a: Hippowdon
|-start|p1a: Hippowdon|move: Taunt
|cant|p1a: Hippowdon|move: Taunt|Roar
|
|-weather|Sandstorm|[upkeep]
|-damage|p2a: Primeape|83/100|[from] Sandstorm
|upkeep
|turn|40
|
|t:|1757840580
|move|p2a: Primeape|Bulk Up|p2a: Primeape
|-boost|p2a: Primeape|atk|1
|-boost|p2a: Primeape|def|1
|move|p1a: Hippowdon|Body Press|p2a: Primeape
|-damage|p2a: Primeape|71/100
|
|-weather|Sandstorm|[upkeep]
|-damage|p2a: Primeape|65/100|[from] Sandstorm
|upkeep
|turn|41
|
|t:|1757840587
|move|p2a: Primeape|Bulk Up|p2a: Primeape
|-boost|p2a: Primeape|atk|1
|-boost|p2a: Primeape|def|1
|move|p1a: Hippowdon|Body Press|p2a: Primeape
|-damage|p2a: Primeape|55/100
|
|-weather|Sandstorm|[upkeep]
|-damage|p2a: Primeape|49/100|[from] Sandstorm
|-end|p1a: Hippowdon|move: Taunt
|upkeep
|turn|42
|
|t:|1757840593
|move|p2a: Primeape|Drain Punch|p1a: Hippowdon
|-damage|p1a: Hippowdon|24/100
|-heal|p2a: Primeape|84/100|[from] drain|[of] p1a: Hippowdon
|move|p1a: Hippowdon|Body Press|p2a: Primeape
|-damage|p2a: Primeape|74/100
|
|-weather|Sandstorm|[upkeep]
|-damage|p2a: Primeape|68/100|[from] Sandstorm
|upkeep
|turn|43
|
|t:|1757840602
|switch|p1a: Bastiodon|Bastiodon, F|4/100
|move|p2a: Primeape|Drain Punch|p1a: Bastiodon
|-supereffective|p1a: Bastiodon
|-damage|p1a: Bastiodon|0 fnt
|-heal|p2a: Primeape|70/100|[from] drain|[of] p1a: Bastiodon
|faint|p1a: Bastiodon
|
|-weather|Sandstorm|[upkeep]
|-damage|p2a: Primeape|64/100|[from] Sandstorm
|upkeep
|
|t:|1757840609
|switch|p1a: Excadrill|Excadrill, M|100/100
|turn|44
|
|t:|1757840615
|move|p1a: Excadrill|Iron Head|p2a: Primeape
|-damage|p2a: Primeape|49/100
|move|p2a: Primeape|Drain Punch|p1a: Excadrill
|-supereffective|p1a: Excadrill
|-enditem|p1a: Excadrill|Focus Sash
|-damage|p1a: Excadrill|1/100
|-heal|p2a: Primeape|100/100|[from] drain|[of] p1a: Excadrill
|
|-weather|Sandstorm|[upkeep]
|-damage|p2a: Primeape|94/100|[from] Sandstorm
|upkeep
|turn|45
|
|t:|1757840626
|move|p1a: Excadrill|Iron Head|p2a: Primeape
|-damage|p2a: Primeape|80/100
|move|p2a: Primeape|Drain Punch|p1a: Excadrill
|-supereffective|p1a: Excadrill
|-damage|p1a: Excadrill|0 fnt
|-heal|p2a: Primeape|80/100|[from] drain|[of] p1a: Excadrill
|faint|p1a: Excadrill
|
|-weather|none
|upkeep
|
|t:|1757840636
|switch|p1a: Swalot|Swalot, F|100/100
|turn|46
|
|t:|1757840640
|-terastallize|p2a: Primeape|Ghost
|move|p2a: Primeape|Rage Fist|p1a: Swalot
|-damage|p1a: Swalot|0 fnt
|faint|p1a: Swalot
|
|upkeep
|-message|Sqpanda123 forfeited.
|
|win|201254u
|raw|Sqpanda123's rating: 1092 &rarr; <strong>1073</strong><br />(-19 for losing)
|raw|201254u's rating: 1157 &rarr; <strong>1177</strong><br />(+20 for winning)
|l|☆Sqpanda123
|player|p1|
|l|☆201254u
|player|p2|
