|j|☆seaslugg22
|j|☆thekikiofficial
|t:|1757843817
|gametype|singles
|player|p1|seaslugg22|1|1202
|player|p2|thekikiofficial|2|1210
|gen|9
|tier|[Gen 9] OU
|rated|
|rule|HP Percentage Mod: HP is shown in percentages
|rule|Endless Battle Clause: Forcing endless battles is banned
|rule|Species Clause: Limit one of each Pokémon
|rule|OHKO Clause: OHKO moves are banned
|rule|Evasion Items Clause: Evasion items are banned
|rule|Evasion Moves Clause: Evasion moves are banned
|rule|Evasion Abilities Clause: Evasion abilities are banned
|rule|Sleep Moves Clause: Sleep-inducing moves are banned
|clearpoke
|poke|p1|Torkoal, F|
|poke|p1|Walking Wake|
|poke|p1|Great Tusk|
|poke|p1|Slowking-Galar, F|
|poke|p1|Gholdengo|
|poke|p1|Glimmora, M|
|poke|p2|Gliscor, F|
|poke|p2|Cinderace, F|
|poke|p2|Meowscarada, F|
|poke|p2|Murkrow, M|
|poke|p2|Glimmora, F|
|poke|p2|Walking Wake|
|teampreview
|inactive|Battle timer is ON: inactive players will automatically lose when time's up. (requested by seaslugg22)
|
|t:|1757843820
|teamsize|p1|6
|teamsize|p2|6
|start
|switch|p1a: Gholdengo|Gholdengo|100/100
|switch|p2a: Glimmora|Glimmora, F|100/100
|-item|p2a: Glimmora|Air Balloon
|turn|1
|
|t:|1757843828
|move|p1a: Gholdengo|Trick|p2a: Glimmora
|-activate|p1a: Gholdengo|move: Trick|[of] p2a: Glimmora
|-item|p2a: Glimmora|Choice Scarf|[from] move: Trick
|-item|p1a: Gholdengo|Air Balloon
|-item|p1a: Gholdengo|Air Balloon|[from] move: Trick
|move|p2a: Glimmora|Stealth Rock|p1a: Gholdengo
|-sidestart|p1: seaslugg22|move: Stealth Rock
|
|upkeep
|turn|2
|
|t:|1757843836
|switch|p2a: Cinderace|Cinderace, F|100/100
|move|p1a: Gholdengo|Trick|p2a: Cinderace
|-activate|p1a: Gholdengo|move: Trick|[of] p2a: Cinderace
|-item|p2a: Cinderace|Air Balloon
|-item|p2a: Cinderace|Air Balloon|[from] move: Trick
|-item|p1a: Gholdengo|Heavy-Duty Boots|[from] move: Trick
|
|upkeep
|turn|3
|
|t:|1757843845
|switch|p1a: Glimmora|Glimmora, M|100/100
|-damage|p1a: Glimmora|88/100|[from] Stealth Rock
|move|p2a: Cinderace|Pyro Ball|p1a: Glimmora
|-resisted|p1a: Glimmora
|-damage|p1a: Glimmora|51/100
|-activate|p1a: Glimmora|ability: Toxic Debris
|-sidestart|p2: thekikiofficial|move: Toxic Spikes
|
|upkeep
|turn|4
|
|t:|1757843854
|switch|p2a: Glimmora|Glimmora, F|100/100
|-sideend|p2: thekikiofficial|move: Toxic Spikes|[of] p2a: Glimmora
|move|p1a: Glimmora|Power Gem|p2a: Glimmora
|-damage|p2a: Glimmora|43/100
|
|upkeep
|turn|5
|
|t:|1757843862
|move|p2a: Glimmora|Energy Ball|p1a: Glimmora
|-damage|p1a: Glimmora|8/100
|move|p1a: Glimmora|Power Gem|p2a: Glimmora
|-damage|p2a: Glimmora|0 fnt
|faint|p2a: Glimmora
|
|upkeep
|
|t:|1757843873
|switch|p2a: Walking Wake|Walking Wake|100/100
|-enditem|p2a: Walking Wake|Booster Energy
|-activate|p2a: Walking Wake|ability: Protosynthesis|[fromitem]
|-start|p2a: Walking Wake|protosynthesisspa
|turn|6
|
|t:|1757843880
|switch|p1a: Slowking|Slowking-Galar, F|100/100
|-damage|p1a: Slowking|88/100|[from] Stealth Rock
|move|p2a: Walking Wake|Scald|p1a: Slowking
|-damage|p1a: Slowking|58/100
|-enditem|p1a: Slowking|Red Card|[of] p2a: Walking Wake
|-end|p2a: Walking Wake|Protosynthesis|[silent]
|drag|p2a: Murkrow|Murkrow, M|100/100
|
|upkeep
|turn|7
|
|t:|1757843890
|move|p2a: Murkrow|Thunder Wave|p1a: Slowking
|-status|p1a: Slowking|par
|-prepare|p1a: Slowking|Chilly Reception|[premajor]
|move|p1a: Slowking|Chilly Reception|p1a: Slowking
|-weather|Snowscape
|
|t:|1757843896
|switch|p1a: Great Tusk|Great Tusk|100/100|[from] Chilly Reception
|-damage|p1a: Great Tusk|98/100|[from] Stealth Rock
|
|-weather|Snowscape|[upkeep]
|upkeep
|turn|8
|
|t:|1757843904
|move|p2a: Murkrow|U-turn|p1a: Great Tusk
|-resisted|p1a: Great Tusk
|-damage|p1a: Great Tusk|93/100
|-damage|p2a: Murkrow|84/100|[from] item: Rocky Helmet|[of] p1a: Great Tusk
|
|t:|1757843908
|switch|p2a: Gliscor|Gliscor, F|100/100|[from] U-turn
|move|p1a: Great Tusk|Rapid Spin|p2a: Gliscor
|-damage|p2a: Gliscor|86/100
|-boost|p1a: Great Tusk|spe|1
|-sideend|p1: seaslugg22|Stealth Rock|[from] move: Rapid Spin|[of] p1a: Great Tusk
|
|-weather|Snowscape|[upkeep]
|-status|p2a: Gliscor|tox|[from] item: Toxic Orb
|upkeep
|turn|9
|
|t:|1757843920
|-terastallize|p2a: Gliscor|Water
|move|p2a: Gliscor|Swords Dance|p2a: Gliscor
|-boost|p2a: Gliscor|atk|2
|move|p1a: Great Tusk|Ice Spinner|p2a: Gliscor
|-resisted|p2a: Gliscor
|-damage|p2a: Gliscor|75/100 tox
|
|-weather|Snowscape|[upkeep]
|-heal|p2a: Gliscor|88/100 tox|[from] ability: Poison Heal
|upkeep
|turn|10
|
|t:|1757843939
|-end|p1a: Great Tusk|Protosynthesis|[silent]
|switch|p1a: Torkoal|Torkoal, F|100/100
|-weather|SunnyDay|[from] ability: Drought|[of] p1a: Torkoal
|move|p2a: Gliscor|Crabhammer|p1a: Torkoal
|-supereffective|p1a: Torkoal
|-crit|p1a: Torkoal
|-damage|p1a: Torkoal|31/100
|-enditem|p1a: Torkoal|Eject Button
|
|t:|1757843952
|switch|p1a: Glimmora|Glimmora, M|8/100
|
|-weather|SunnyDay|[upkeep]
|-heal|p2a: Gliscor|99/100 tox|[from] ability: Poison Heal
|upkeep
|turn|11
|
|t:|1757843959
|move|p2a: Gliscor|Earthquake|p1a: Glimmora
|-supereffective|p1a: Glimmora
|-damage|p1a: Glimmora|0 fnt
|-activate|p1a: Glimmora|ability: Toxic Debris
|-sidestart|p2: thekikiofficial|move: Toxic Spikes
|faint|p1a: Glimmora
|
|-weather|SunnyDay|[upkeep]
|-heal|p2a: Gliscor|100/100 tox|[from] ability: Poison Heal
|upkeep
|
|t:|1757843963
|switch|p1a: Walking Wake|Walking Wake|100/100
|-activate|p1a: Walking Wake|ability: Protosynthesis
|-start|p1a: Walking Wake|protosynthesisspa
|turn|12
|
|t:|1757843978
|switch|p2a: Murkrow|Murkrow, M|84/100
|move|p1a: Walking Wake|Substitute|p1a: Walking Wake
|-start|p1a: Walking Wake|Substitute
|-damage|p1a: Walking Wake|76/100
|
|-weather|SunnyDay|[upkeep]
|upkeep
|turn|13
|
|t:|1757843986
|move|p2a: Murkrow|Tailwind|p2a: Murkrow
|-sidestart|p2: thekikiofficial|move: Tailwind
|move|p1a: Walking Wake|Hydro Steam|p2a: Murkrow
|-damage|p2a: Murkrow|13/100
|
|-weather|SunnyDay|[upkeep]
|upkeep
|turn|14
|
|t:|1757843994
|move|p2a: Murkrow|U-turn|p1a: Walking Wake
|-activate|p1a: Walking Wake|move: Substitute|[damage]
|
|t:|1757844000
|switch|p2a: Meowscarada|Meowscarada, F|100/100|[from] U-turn
|move|p1a: Walking Wake|Hydro Steam|p2a: Meowscarada
|-resisted|p2a: Meowscarada
|-damage|p2a: Meowscarada|39/100
|
|-weather|none
|-end|p1a: Walking Wake|Protosynthesis
|upkeep
|turn|15
|
|t:|1757844009
|move|p2a: Meowscarada|Flower Trick|p1a: Walking Wake
|-start|p2a: Meowscarada|typechange|Grass|[from] ability: Protean
|-crit|p1a: Walking Wake
|-end|p1a: Walking Wake|Substitute
|move|p1a: Walking Wake|Flamethrower|p2a: Meowscarada
|-supereffective|p2a: Meowscarada
|-damage|p2a: Meowscarada|0 fnt
|faint|p2a: Meowscarada
|
|upkeep
|
|t:|1757844021
|switch|p2a: Murkrow|Murkrow, M|13/100
|turn|16
|
|t:|1757844024
|-end|p1a: Walking Wake|Protosynthesis|[silent]
|switch|p1a: Gholdengo|Gholdengo|100/100
|move|p2a: Murkrow|Thunder Wave|p1a: Gholdengo
|-immune|p1a: Gholdengo|[from] ability: Good as Gold
|
|-sideend|p2: thekikiofficial|move: Tailwind
|upkeep
|turn|17
|
|t:|1757844035
|move|p2a: Murkrow|Tailwind|p2a: Murkrow
|-sidestart|p2: thekikiofficial|move: Tailwind
|move|p1a: Gholdengo|Shadow Ball|p2a: Murkrow
|-resisted|p2a: Murkrow
|-damage|p2a: Murkrow|0 fnt
|faint|p2a: Murkrow
|
|upkeep
|
|t:|1757844043
|switch|p2a: Cinderace|Cinderace, F|100/100
|-item|p2a: Cinderace|Air Balloon
|turn|18
|
|t:|1757844047
|move|p2a: Cinderace|Court Change|p2a: Cinderace
|-start|p2a: Cinderace|typechange|Normal|[from] ability: Libero
|-swapsideconditions
|-activate|p2a: Cinderace|move: Court Change
|move|p1a: Gholdengo|Thunder Wave|p2a: Cinderace
|-status|p2a: Cinderace|par
|
|upkeep
|turn|19
|
|t:|1757844055
|switch|p1a: Slowking|Slowking-Galar, F|91/100 par
|-sideend|p1: seaslugg22|move: Toxic Spikes|[of] p1a: Slowking
|move|p2a: Cinderace|Pyro Ball|p1a: Slowking
|-damage|p1a: Slowking|48/100 par
|
|upkeep
|turn|20
|-message|thekikiofficial forfeited.
|
|win|seaslugg22
|raw|seaslugg22's rating: 1202 &rarr; <strong>1228</strong><br />(+26 for winning)
|raw|thekikiofficial's rating: 1210 &rarr; <strong>1184</strong><br />(-26 for losing)
|l|☆thekikiofficial
|player|p2|
|l|☆seaslugg22
|player|p1|
