|j|☆FlutterKiller
|j|☆TheInfiniteCrafter
|t:|1757807410
|gametype|singles
|player|p1|FlutterKiller|byron|
|player|p2|TheInfiniteCrafter|hilbert|
|gen|9
|tier|[Gen 9] OU
|rule|HP Percentage Mod: HP is shown in percentages
|rule|Endless Battle Clause: Forcing endless battles is banned
|rule|Species Clause: Limit one of each Pokémon
|rule|OHKO Clause: OHKO moves are banned
|rule|Evasion Items Clause: Evasion items are banned
|rule|Evasion Moves Clause: Evasion moves are banned
|rule|Evasion Abilities Clause: Evasion abilities are banned
|rule|Sleep Moves Clause: Sleep-inducing moves are banned
|clearpoke
|poke|p1|Arcanine-Hisui, M|
|poke|p1|Ting-Lu|
|poke|p1|Cyclizar, M|
|poke|p1|Enamorus, F|
|poke|p1|Gholdengo|
|poke|p1|Blaziken, F|
|poke|p2|Torkoal, F|
|poke|p2|Dragonite, F|
|poke|p2|Gholdengo|
|poke|p2|Great Tusk|
|poke|p2|Raging Bolt|
|poke|p2|Iron Hands|
|teampreview
|inactive|Battle timer is ON: inactive players will automatically lose when time's up. (requested by FlutterKiller)
|c|☆FlutterKiller|ooo new team
|
|t:|1757807420
|teamsize|p1|6
|teamsize|p2|6
|start
|switch|p1a: Moose|Ting-Lu|100/100
|switch|p2a: Torkoal|Torkoal, F|100/100
|-ability|p1a: Moose|Vessel of Ruin
|-weather|SunnyDay|[from] ability: Drought|[of] p2a: Torkoal
|turn|1
|
|t:|1757807431
|move|p1a: Moose|Ruination|p2a: Torkoal
|-damage|p2a: Torkoal|51/100
|move|p2a: Torkoal|Stealth Rock|p1a: Moose
|-sidestart|p1: FlutterKiller|move: Stealth Rock
|
|-weather|SunnyDay|[upkeep]
|upkeep
|turn|2
|
|t:|1757807444
|switch|p2a: Not Copperajah|Great Tusk|100/100
|-activate|p2a: Not Copperajah|ability: Protosynthesis
|-start|p2a: Not Copperajah|protosynthesisatk
|move|p1a: Moose|Sand Tomb|p2a: Not Copperajah
|-damage|p2a: Not Copperajah|90/100
|-activate|p2a: Not Copperajah|move: Sand Tomb|[of] p1a: Moose
|
|-weather|SunnyDay|[upkeep]
|-damage|p2a: Not Copperajah|78/100|[from] move: Sand Tomb|[partiallytrapped]
|upkeep
|turn|3
|
|t:|1757807461
|move|p2a: Not Copperajah|Close Combat|p1a: Moose
|-supereffective|p1a: Moose
|-damage|p1a: Moose|36/100
|-unboost|p2a: Not Copperajah|def|1
|-unboost|p2a: Not Copperajah|spd|1
|move|p1a: Moose|Ruination|p2a: Not Copperajah
|-damage|p2a: Not Copperajah|39/100
|
|-weather|SunnyDay|[upkeep]
|-damage|p2a: Not Copperajah|27/100|[from] move: Sand Tomb|[partiallytrapped]
|upkeep
|turn|4
|inactive|FlutterKiller has 270 seconds left.
|
|t:|1757807497
|switch|p1a: Preppy|Enamorus, F|100/100
|-damage|p1a: Preppy|76/100|[from] Stealth Rock
|move|p2a: Not Copperajah|Rapid Spin|p1a: Preppy
|-damage|p1a: Preppy|45/100
|-boost|p2a: Not Copperajah|spe|1
|-end|p2a: Not Copperajah|Sand Tomb|[partiallytrapped]
|
|-weather|SunnyDay|[upkeep]
|upkeep
|turn|5
|
|t:|1757807507
|-terastallize|p1a: Preppy|Fire
|move|p2a: Not Copperajah|Ice Spinner|p1a: Preppy
|-resisted|p1a: Preppy
|-damage|p1a: Preppy|18/100
|move|p1a: Preppy|Mystical Fire|p2a: Not Copperajah
|-damage|p2a: Not Copperajah|0 fnt
|faint|p2a: Not Copperajah
|-end|p2a: Not Copperajah|Protosynthesis|[silent]
|
|-weather|SunnyDay|[upkeep]
|upkeep
|
|t:|1757807529
|switch|p2a: Weird Giraffe|Raging Bolt|100/100
|-activate|p2a: Weird Giraffe|ability: Protosynthesis
|-start|p2a: Weird Giraffe|protosynthesisspa
|turn|6
|
|t:|1757807537
|switch|p1a: Bike|Cyclizar, M|100/100
|move|p2a: Weird Giraffe|Thunderclap||[still]
|-fail|p2a: Weird Giraffe
|
|-weather|SunnyDay|[upkeep]
|upkeep
|turn|7
|
|t:|1757807543
|move|p1a: Bike|Rapid Spin|p2a: Weird Giraffe
|-damage|p2a: Weird Giraffe|85/100
|-boost|p1a: Bike|spe|1
|-sideend|p1: FlutterKiller|Stealth Rock|[from] move: Rapid Spin|[of] p1a: Bike
|move|p2a: Weird Giraffe|Dragon Pulse|p1a: Bike
|-supereffective|p1a: Bike
|-damage|p1a: Bike|0 fnt
|faint|p1a: Bike
|
|-weather|SunnyDay|[upkeep]
|upkeep
|
|t:|1757807548
|switch|p1a: Moose|Ting-Lu|36/100
|-ability|p1a: Moose|Vessel of Ruin
|turn|8
|
|t:|1757807561
|move|p2a: Weird Giraffe|Dragon Pulse|p1a: Moose
|-damage|p1a: Moose|11/100
|move|p1a: Moose|Ruination|p2a: Weird Giraffe
|-damage|p2a: Weird Giraffe|43/100
|
|-weather|none
|-end|p2a: Weird Giraffe|Protosynthesis
|upkeep
|turn|9
|
|t:|1757807574
|move|p2a: Weird Giraffe|Dragon Pulse|p1a: Moose
|-damage|p1a: Moose|0 fnt
|faint|p1a: Moose
|
|upkeep
|
|t:|1757807576
|switch|p1a: Chicken|Blaziken, F|100/100
|turn|10
|c|☆TheInfiniteCrafter|I haven't used this team in weeks
|
|t:|1757807590
|move|p1a: Chicken|Swords Dance|p1a: Chicken
|-boost|p1a: Chicken|atk|2
|move|p2a: Weird Giraffe|Dragon Pulse|p1a: Chicken
|-damage|p1a: Chicken|20/100
|
|-ability|p1a: Chicken|Speed Boost|boost
|-boost|p1a: Chicken|spe|1
|upkeep
|turn|11
|
|t:|1757807598
|move|p1a: Chicken|Swords Dance|p1a: Chicken
|-boost|p1a: Chicken|atk|2
|move|p2a: Weird Giraffe|Dragon Pulse|p1a: Chicken
|-damage|p1a: Chicken|0 fnt
|faint|p1a: Chicken
|
|upkeep
|c|☆FlutterKiller|dang it
|
|t:|1757807607
|switch|p1a: String Cheese|Gholdengo|100/100
|turn|12
|
|t:|1757807613
|move|p1a: String Cheese|Shadow Ball|p2a: Weird Giraffe
|-damage|p2a: Weird Giraffe|0 fnt
|faint|p2a: Weird Giraffe
|-end|p2a: Weird Giraffe|Protosynthesis|[silent]
|-damage|p1a: String Cheese|91/100|[from] item: Life Orb
|
|upkeep
|
|t:|1757807628
|switch|p2a: Cheese String Guy|Gholdengo|100/100
|turn|13
|
|t:|1757807646
|move|p2a: Cheese String Guy|Shadow Ball|p1a: String Cheese
|-supereffective|p1a: String Cheese
|-damage|p1a: String Cheese|0 fnt
|faint|p1a: String Cheese
|
|upkeep
|
|t:|1757807649
|switch|p1a: Dawg|Arcanine-Hisui, M|100/100
|-item|p1a: Dawg|Air Balloon
|turn|14
|
|t:|1757807662
|-terastallize|p2a: Cheese String Guy|Fighting
|move|p1a: Dawg|Head Smash|p2a: Cheese String Guy
|-resisted|p2a: Cheese String Guy
|-damage|p2a: Cheese String Guy|67/100
|move|p2a: Cheese String Guy|Nasty Plot|p2a: Cheese String Guy
|-boost|p2a: Cheese String Guy|spa|2
|
|upkeep
|turn|15
|
|t:|1757807672
|move|p1a: Dawg|Flare Blitz|p2a: Cheese String Guy
|-damage|p2a: Cheese String Guy|8/100
|move|p2a: Cheese String Guy|Make It Rain|p1a: Dawg
|-damage|p1a: Dawg|0 fnt
|-unboost|p2a: Cheese String Guy|spa|1
|-enditem|p1a: Dawg|Air Balloon
|faint|p1a: Dawg
|
|upkeep
|
|t:|1757807675
|switch|p1a: Preppy|Enamorus, F, tera:Fire|18/100
|turn|16
|
|t:|1757807683
|move|p1a: Preppy|Moonblast|p2a: Cheese String Guy
|-supereffective|p2a: Cheese String Guy
|-damage|p2a: Cheese String Guy|0 fnt
|faint|p2a: Cheese String Guy
|
|upkeep
|c|☆FlutterKiller|ggwp
|
|t:|1757807688
|switch|p2a: Torkoal|Torkoal, F|51/100
|-weather|SunnyDay|[from] ability: Drought|[of] p2a: Torkoal
|turn|17
|c|☆FlutterKiller|i don't think i can win
|
|t:|1757807700
|move|p1a: Preppy|Moonblast|p2a: Torkoal
|-resisted|p2a: Torkoal
|-damage|p2a: Torkoal|3/100
|move|p2a: Torkoal|Earth Power|p1a: Preppy
|-supereffective|p1a: Preppy
|-damage|p1a: Preppy|0 fnt
|faint|p1a: Preppy
|
|win|TheInfiniteCrafter
|c|☆TheInfiniteCrafter|ggwp
|c|☆FlutterKiller|getting the raging bolt read wrong hurt
|c|☆TheInfiniteCrafter|ngl I wasn't really thinking
|c|☆FlutterKiller|lol
|c|☆TheInfiniteCrafter|the power creep in recent generations has been crazy
|c|☆FlutterKiller|yeah, even pokemon that look weak can be absurd
|c|☆FlutterKiller|lowk hyped to play around with the new megas
|c|☆TheInfiniteCrafter|they look pretty neat, yeah
|c|☆TheInfiniteCrafter|do you have discord?
|c|☆FlutterKiller|yeah
|c|☆TheInfiniteCrafter|cool
|c|☆FlutterKiller|i can send you a friend req there
|c|☆TheInfiniteCrafter|sure, my username is Xenon372
|c|☆FlutterKiller|alr one sec
|c|☆FlutterKiller|sent :D
|l|☆FlutterKiller
|player|p1|
