|j|☆Reukra671
|j|☆ILFangzor
|t:|1757910658
|gametype|singles
|player|p1|Reukra671|winona|1418
|player|p2|ILFangzor|hilbert-masters|1385
|gen|9
|tier|[Gen 9] OU
|rated|
|rule|HP Percentage Mod: HP is shown in percentages
|rule|Endless Battle Clause: Forcing endless battles is banned
|rule|Species Clause: Limit one of each Pokémon
|rule|OHKO Clause: OHKO moves are banned
|rule|Evasion Items Clause: Evasion items are banned
|rule|Evasion Moves Clause: Evasion moves are banned
|rule|Evasion Abilities Clause: Evasion abilities are banned
|rule|Sleep Moves Clause: Sleep-inducing moves are banned
|clearpoke
|poke|p1|Politoed, M|
|poke|p1|Thundurus-Therian, M|
|poke|p1|Tinkaton, F|
|poke|p1|Barraskewda, F|
|poke|p1|Lokix, M|
|poke|p1|Sinistcha|
|poke|p2|Lycanroc-Dusk, M|
|poke|p2|Sinistcha|
|poke|p2|Alomomola, M|
|poke|p2|Clodsire, M|
|poke|p2|Mandibuzz, F|
|poke|p2|Iron Crown|
|teampreview
|inactive|Battle timer is ON: inactive players will automatically lose when time's up. (requested by ILFangzor)
|
|t:|1757910678
|teamsize|p1|6
|teamsize|p2|6
|start
|switch|p1a: Politoed|Politoed, M, shiny|100/100
|switch|p2a: Iron Crown|Iron Crown|100/100
|-weather|RainDance|[from] ability: Drizzle|[of] p1a: Politoed
|turn|1
|
|t:|1757910686
|move|p2a: Iron Crown|Volt Switch|p1a: Politoed
|-supereffective|p1a: Politoed
|-damage|p1a: Politoed|33/100
|
|t:|1757910692
|-end|p2a: Iron Crown|Quark Drive|[silent]
|switch|p2a: Alomomola|Alomomola, M|100/100|[from] Volt Switch
|move|p1a: Politoed|Weather Ball|p2a: Alomomola
|-resisted|p2a: Alomomola
|-damage|p2a: Alomomola|70/100
|
|-weather|RainDance|[upkeep]
|-heal|p2a: Alomomola|76/100|[from] item: Leftovers
|upkeep
|turn|2
|
|t:|1757910706
|switch|p1a: Thundurus|Thundurus-Therian, M, shiny|100/100
|move|p2a: Alomomola|Scald|p1a: Thundurus
|-damage|p1a: Thundurus|74/100
|
|-weather|RainDance|[upkeep]
|-heal|p2a: Alomomola|83/100|[from] item: Leftovers
|upkeep
|turn|3
|
|t:|1757910718
|switch|p2a: Clodsire|Clodsire, M|100/100
|move|p1a: Thundurus|Weather Ball|p2a: Clodsire
|-supereffective|p2a: Clodsire
|-damage|p2a: Clodsire|0 fnt
|faint|p2a: Clodsire
|
|-weather|RainDance|[upkeep]
|upkeep
|
|t:|1757910735
|switch|p2a: Lycanroc|Lycanroc-Dusk, M|100/100
|turn|4
|
|t:|1757910739
|switch|p1a: Tinkaton|Tinkaton, F|100/100
|-terastallize|p2a: Lycanroc|Psychic
|move|p2a: Lycanroc|Psychic Fangs|p1a: Tinkaton
|-resisted|p1a: Tinkaton
|-damage|p1a: Tinkaton|69/100
|-damage|p2a: Lycanroc|91/100|[from] item: Life Orb
|
|-weather|RainDance|[upkeep]
|-heal|p1a: Tinkaton|76/100|[from] item: Leftovers
|upkeep
|turn|5
|
|t:|1757910744
|move|p2a: Lycanroc|Drill Run|p1a: Tinkaton
|-supereffective|p1a: Tinkaton
|-crit|p1a: Tinkaton
|-damage|p1a: Tinkaton|0 fnt
|faint|p1a: Tinkaton
|-damage|p2a: Lycanroc|81/100|[from] item: Life Orb
|
|-weather|RainDance|[upkeep]
|upkeep
|
|t:|1757910747
|switch|p1a: Lokix|Lokix, M|100/100
|turn|6
|
|t:|1757910754
|switch|p2a: Alomomola|Alomomola, M|100/100
|move|p1a: Lokix|First Impression|p2a: Alomomola
|-damage|p2a: Alomomola|77/100
|
|-weather|RainDance|[upkeep]
|-heal|p2a: Alomomola|83/100|[from] item: Leftovers
|upkeep
|turn|7
|
|t:|1757910761
|switch|p1a: Sinistcha|Sinistcha|100/100
|move|p2a: Alomomola|Flip Turn|p1a: Sinistcha
|-resisted|p1a: Sinistcha
|-damage|p1a: Sinistcha|92/100
|
|t:|1757910766
|switch|p2a: Iron Crown|Iron Crown|100/100|[from] Flip Turn
|
|-weather|RainDance|[upkeep]
|-heal|p1a: Sinistcha|98/100|[from] item: Leftovers
|upkeep
|turn|8
|l|☆ILFangzor
|inactive|ILFangzor disconnected and has a minute to reconnect!
|player|p2|
|j|☆ILFangzor
|inactive|ILFangzor reconnected and has 120 seconds left.
|player|p2|ILFangzor|hilbert-masters|
|inactive|Reukra671 has 120 seconds left.
|
|t:|1757910807
|move|p2a: Iron Crown|Tachyon Cutter|p1a: Sinistcha
|-damage|p1a: Sinistcha|51/100
|-damage|p1a: Sinistcha|3/100
|-hitcount|p1a: Sinistcha|2
|move|p1a: Sinistcha|Shadow Ball|p2a: Iron Crown
|-supereffective|p2a: Iron Crown
|-damage|p2a: Iron Crown|34/100
|
|-weather|none
|-heal|p1a: Sinistcha|9/100|[from] item: Leftovers
|upkeep
|turn|9
|inactive|ILFangzor has 120 seconds left.
|
|t:|1757910818
|move|p2a: Iron Crown|Tachyon Cutter|p1a: Sinistcha
|-damage|p1a: Sinistcha|0 fnt
|faint|p1a: Sinistcha
|-hitcount|p1: Sinistcha|1
|
|upkeep
|
|t:|1757910820
|switch|p1a: Politoed|Politoed, M, shiny|33/100
|-weather|RainDance|[from] ability: Drizzle|[of] p1a: Politoed
|turn|10
|
|t:|1757910827
|move|p2a: Iron Crown|Tachyon Cutter|p1a: Politoed
|-resisted|p1a: Politoed
|-damage|p1a: Politoed|16/100
|-resisted|p1a: Politoed
|-damage|p1a: Politoed|0 fnt
|faint|p1a: Politoed
|-hitcount|p1: Politoed|2
|
|-weather|RainDance|[upkeep]
|upkeep
|
|t:|1757910830
|switch|p1a: Barraskewda|Barraskewda, F, shiny|100/100
|turn|11
|
|t:|1757910837
|-end|p2a: Iron Crown|Quark Drive|[silent]
|switch|p2a: Alomomola|Alomomola, M|100/100
|-terastallize|p1a: Barraskewda|Water
|move|p1a: Barraskewda|Flip Turn|p2a: Alomomola
|-resisted|p2a: Alomomola
|-damage|p2a: Alomomola|74/100
|
|t:|1757910839
|switch|p1a: Lokix|Lokix, M|100/100|[from] Flip Turn
|
|-weather|RainDance|[upkeep]
|-heal|p2a: Alomomola|80/100|[from] item: Leftovers
|upkeep
|turn|12
|
|t:|1757910846
|move|p2a: Alomomola|Protect|p2a: Alomomola
|-singleturn|p2a: Alomomola|Protect
|move|p1a: Lokix|Knock Off|p2a: Alomomola
|-activate|p2a: Alomomola|move: Protect
|
|-weather|RainDance|[upkeep]
|-heal|p2a: Alomomola|87/100|[from] item: Leftovers
|upkeep
|turn|13
|
|t:|1757910855
|move|p1a: Lokix|U-turn|p2a: Alomomola
|-damage|p2a: Alomomola|68/100
|
|t:|1757910857
|switch|p1a: Barraskewda|Barraskewda, F, shiny, tera:Water|100/100|[from] U-turn
|move|p2a: Alomomola|Flip Turn|p1a: Barraskewda
|-resisted|p1a: Barraskewda
|-damage|p1a: Barraskewda|79/100
|
|t:|1757910871
|switch|p2a: Sinistcha|Sinistcha|100/100|[from] Flip Turn
|
|-weather|RainDance|[upkeep]
|upkeep
|turn|14
|
|t:|1757910879
|move|p1a: Barraskewda|Flip Turn|p2a: Sinistcha
|-resisted|p2a: Sinistcha
|-damage|p2a: Sinistcha|66/100
|
|t:|1757910881
|switch|p1a: Thundurus|Thundurus-Therian, M, shiny|74/100|[from] Flip Turn
|move|p2a: Sinistcha|Matcha Gotcha|p1a: Thundurus|[miss]
|-miss|p2a: Sinistcha|p1a: Thundurus
|
|-weather|RainDance|[upkeep]
|-heal|p2a: Sinistcha|72/100|[from] item: Leftovers
|upkeep
|turn|15
|
|t:|1757910896
|switch|p2a: Iron Crown|Iron Crown|34/100
|move|p1a: Thundurus|Thunder|p2a: Iron Crown
|-damage|p2a: Iron Crown|0 fnt
|faint|p2a: Iron Crown
|-end|p2a: Iron Crown|Quark Drive|[silent]
|
|-weather|RainDance|[upkeep]
|upkeep
|
|t:|1757910902
|switch|p2a: Lycanroc|Lycanroc-Dusk, M, tera:Psychic|81/100
|turn|16
|
|t:|1757910910
|move|p2a: Lycanroc|Accelerock|p1a: Thundurus
|-supereffective|p1a: Thundurus
|-damage|p1a: Thundurus|0 fnt
|faint|p1a: Thundurus
|-damage|p2a: Lycanroc|71/100|[from] item: Life Orb
|
|-weather|RainDance|[upkeep]
|upkeep
|
|t:|1757910918
|switch|p1a: Barraskewda|Barraskewda, F, shiny, tera:Water|79/100
|turn|17
|
|t:|1757910922
|switch|p2a: Alomomola|Alomomola, M|100/100
|move|p1a: Barraskewda|Flip Turn|p2a: Alomomola
|-resisted|p2a: Alomomola
|-damage|p2a: Alomomola|74/100
|
|t:|1757910924
|switch|p1a: Lokix|Lokix, M|100/100|[from] Flip Turn
|
|-weather|none
|-heal|p2a: Alomomola|80/100|[from] item: Leftovers
|upkeep
|turn|18
|
|t:|1757910928
|move|p1a: Lokix|Knock Off|p2a: Alomomola
|-damage|p2a: Alomomola|53/100
|-enditem|p2a: Alomomola|Leftovers|[from] move: Knock Off|[of] p1a: Lokix
|move|p2a: Alomomola|Flip Turn|p1a: Lokix
|-damage|p1a: Lokix|76/100
|
|t:|1757910931
|switch|p2a: Lycanroc|Lycanroc-Dusk, M, tera:Psychic|71/100|[from] Flip Turn
|
|upkeep
|turn|19
|
|t:|1757910936
|move|p2a: Lycanroc|Accelerock|p1a: Lokix
|-supereffective|p1a: Lokix
|-damage|p1a: Lokix|0 fnt
|faint|p1a: Lokix
|-damage|p2a: Lycanroc|61/100|[from] item: Life Orb
|
|upkeep
|
|t:|1757910938
|switch|p1a: Barraskewda|Barraskewda, F, shiny, tera:Water|79/100
|turn|20
|
|t:|1757910943
|switch|p2a: Alomomola|Alomomola, M|86/100
|move|p1a: Barraskewda|Liquidation|p2a: Alomomola
|-resisted|p2a: Alomomola
|-damage|p2a: Alomomola|60/100
|
|upkeep
|turn|21
|
|t:|1757910949
|move|p1a: Barraskewda|Liquidation|p2a: Alomomola
|-resisted|p2a: Alomomola
|-damage|p2a: Alomomola|36/100
|move|p2a: Alomomola|Flip Turn|p1a: Barraskewda
|-resisted|p1a: Barraskewda
|-damage|p1a: Barraskewda|66/100
|
|t:|1757910953
|switch|p2a: Sinistcha|Sinistcha|72/100|[from] Flip Turn
|
|-heal|p2a: Sinistcha|78/100|[from] item: Leftovers
|upkeep
|turn|22
|
|t:|1757910956
|switch|p2a: Alomomola|Alomomola, M|69/100
|move|p1a: Barraskewda|Liquidation|p2a: Alomomola
|-resisted|p2a: Alomomola
|-damage|p2a: Alomomola|45/100
|
|upkeep
|turn|23
|
|t:|1757910958
|move|p1a: Barraskewda|Liquidation|p2a: Alomomola
|-resisted|p2a: Alomomola
|-damage|p2a: Alomomola|19/100
|-unboost|p2a: Alomomola|def|1
|move|p2a: Alomomola|Flip Turn|p1a: Barraskewda
|-resisted|p1a: Barraskewda
|-damage|p1a: Barraskewda|51/100
|
|t:|1757910962
|switch|p2a: Sinistcha|Sinistcha|78/100|[from] Flip Turn
|
|-heal|p2a: Sinistcha|84/100|[from] item: Leftovers
|upkeep
|turn|24
|
|t:|1757910966
|switch|p2a: Alomomola|Alomomola, M|53/100
|move|p1a: Barraskewda|Liquidation|p2a: Alomomola
|-resisted|p2a: Alomomola
|-damage|p2a: Alomomola|28/100
|
|upkeep
|turn|25
|
|t:|1757910972
|move|p1a: Barraskewda|Liquidation|p2a: Alomomola
|-resisted|p2a: Alomomola
|-damage|p2a: Alomomola|4/100
|move|p2a: Alomomola|Wish|p2a: Alomomola
|
|upkeep
|turn|26
|
|t:|1757910976
|move|p2a: Alomomola|Protect|p2a: Alomomola
|-singleturn|p2a: Alomomola|Protect
|move|p1a: Barraskewda|Liquidation|p2a: Alomomola
|-activate|p2a: Alomomola|move: Protect
|
|-heal|p2a: Alomomola|54/100|[from] move: Wish|[wisher] Alomomola
|upkeep
|turn|27
|-message|Reukra671 forfeited.
|
|win|ILFangzor
|raw|Reukra671's rating: 1418 &rarr; <strong>1396</strong><br />(-22 for losing)
|raw|ILFangzor's rating: 1385 &rarr; <strong>1407</strong><br />(+22 for winning)
|l|☆Reukra671
|player|p1|
|l|☆ILFangzor
|player|p2|
