|j|☆AJ1207
|j|☆ShadowWarrior823
|t:|1757788262
|gametype|singles
|player|p1|AJ1207|flannery|1249
|player|p2|ShadowWarrior823|1|1307
|gen|9
|tier|[Gen 9] OU
|rated|
|rule|HP Percentage Mod: HP is shown in percentages
|rule|Endless Battle Clause: Forcing endless battles is banned
|rule|Species Clause: Limit one of each Pokémon
|rule|OHKO Clause: OHKO moves are banned
|rule|Evasion Items Clause: Evasion items are banned
|rule|Evasion Moves Clause: Evasion moves are banned
|rule|Evasion Abilities Clause: Evasion abilities are banned
|rule|Sleep Moves Clause: Sleep-inducing moves are banned
|clearpoke
|poke|p1|Yanmega, M|
|poke|p1|Alomomola, F|
|poke|p1|Darkrai|
|poke|p1|Metagross|
|poke|p1|Ogerpon-Cornerstone, F|
|poke|p1|Great Tusk|
|poke|p2|Crawdaunt, M|
|poke|p2|Kommo-o, M|
|poke|p2|Alomomola, F|
|poke|p2|Slowking-Galar, F|
|poke|p2|Arcanine-Hisui, M|
|poke|p2|Great Tusk|
|teampreview
|
|t:|1757788301
|teamsize|p1|6
|teamsize|p2|6
|start
|switch|p1a: Metagross|Metagross|100/100
|switch|p2a: Alomomola|Alomomola, F|100/100
|turn|1
|
|t:|1757788305
|move|p1a: Metagross|Knock Off|p2a: Alomomola
|-damage|p2a: Alomomola|84/100
|-enditem|p2a: Alomomola|Leftovers|[from] move: Knock Off|[of] p1a: Metagross
|move|p2a: Alomomola|Scald|p1a: Metagross
|-damage|p1a: Metagross|87/100
|
|-heal|p1a: Metagross|93/100|[from] item: Leftovers
|upkeep
|turn|2
|
|t:|1757788310
|move|p1a: Metagross|Stealth Rock|p2a: Alomomola
|-sidestart|p2: ShadowWarrior823|move: Stealth Rock
|move|p2a: Alomomola|Scald|p1a: Metagross
|-damage|p1a: Metagross|79/100
|
|-heal|p1a: Metagross|85/100|[from] item: Leftovers
|upkeep
|turn|3
|
|t:|1757788315
|switch|p1a: Alomomola|Alomomola, F|100/100
|move|p2a: Alomomola|Scald|p1a: Alomomola
|-resisted|p1a: Alomomola
|-damage|p1a: Alomomola|97/100
|
|upkeep
|turn|4
|
|t:|1757788321
|move|p2a: Alomomola|Flip Turn|p1a: Alomomola
|-resisted|p1a: Alomomola
|-crit|p1a: Alomomola
|-damage|p1a: Alomomola|90/100
|
|t:|1757788327
|switch|p2a: Crawdaunt|Crawdaunt, M|100/100|[from] Flip Turn
|-damage|p2a: Crawdaunt|88/100|[from] Stealth Rock
|move|p1a: Alomomola|Flip Turn|p2a: Crawdaunt
|-resisted|p2a: Crawdaunt
|-damage|p2a: Crawdaunt|76/100
|
|t:|1757788349
|switch|p1a: Yanmega|Yanmega, M|100/100|[from] Flip Turn
|
|upkeep
|turn|5
|
|t:|1757788368
|move|p2a: Crawdaunt|Aqua Jet|p1a: Yanmega
|-damage|p1a: Yanmega|42/100
|move|p1a: Yanmega|Bug Buzz|p2a: Crawdaunt
|-supereffective|p2a: Crawdaunt
|-damage|p2a: Crawdaunt|0 fnt
|faint|p2a: Crawdaunt
|-enditem|p1a: Yanmega|Throat Spray
|-boost|p1a: Yanmega|spa|1|[from] item: Throat Spray
|
|-ability|p1a: Yanmega|Speed Boost|boost
|-boost|p1a: Yanmega|spe|1
|upkeep
|
|t:|1757788383
|switch|p2a: Slowking|Slowking-Galar, F|100/100
|-damage|p2a: Slowking|88/100|[from] Stealth Rock
|turn|6
|
|t:|1757788387
|move|p1a: Yanmega|Shadow Ball|p2a: Slowking
|-supereffective|p2a: Slowking
|-damage|p2a: Slowking|37/100
|move|p2a: Slowking|Ice Beam|p1a: Yanmega
|-supereffective|p1a: Yanmega
|-damage|p1a: Yanmega|0 fnt
|faint|p1a: Yanmega
|
|-heal|p2a: Slowking|43/100|[from] item: Leftovers
|upkeep
|
|t:|1757788395
|switch|p1a: Metagross|Metagross|85/100
|turn|7
|
|t:|1757788426
|switch|p2a: Great Tusk|Great Tusk|100/100
|-damage|p2a: Great Tusk|98/100|[from] Stealth Rock
|move|p1a: Metagross|Knock Off|p2a: Great Tusk
|-resisted|p2a: Great Tusk
|-damage|p2a: Great Tusk|89/100
|-enditem|p2a: Great Tusk|Assault Vest|[from] move: Knock Off|[of] p1a: Metagross
|
|-heal|p1a: Metagross|91/100|[from] item: Leftovers
|upkeep
|turn|8
|
|t:|1757788437
|switch|p1a: Alomomola|Alomomola, F|100/100
|move|p2a: Great Tusk|Rapid Spin|p1a: Alomomola
|-damage|p1a: Alomomola|88/100
|-boost|p2a: Great Tusk|spe|1
|-sideend|p2: ShadowWarrior823|Stealth Rock|[from] move: Rapid Spin|[of] p2a: Great Tusk
|
|upkeep
|turn|9
|
|t:|1757788443
|-end|p2a: Great Tusk|Protosynthesis|[silent]
|switch|p2a: Slowking|Slowking-Galar, F|43/100
|move|p1a: Alomomola|Scald|p2a: Slowking
|-damage|p2a: Slowking|36/100
|
|-heal|p2a: Slowking|42/100|[from] item: Leftovers
|upkeep
|turn|10
|
|t:|1757788450
|move|p1a: Alomomola|Flip Turn|p2a: Slowking
|-damage|p2a: Slowking|24/100
|
|t:|1757788453
|switch|p1a: Metagross|Metagross|91/100|[from] Flip Turn
|move|p2a: Slowking|Toxic|p1a: Metagross
|-immune|p1a: Metagross
|
|-heal|p1a: Metagross|97/100|[from] item: Leftovers
|-heal|p2a: Slowking|30/100|[from] item: Leftovers
|upkeep
|turn|11
|
|t:|1757788458
|switch|p2a: Alomomola|Alomomola, F|100/100
|move|p1a: Metagross|Psychic Fangs|p2a: Alomomola
|-damage|p2a: Alomomola|81/100
|
|-heal|p1a: Metagross|100/100|[from] item: Leftovers
|upkeep
|turn|12
|
|t:|1757788464
|move|p1a: Metagross|Stealth Rock|p2a: Alomomola
|-sidestart|p2: ShadowWarrior823|move: Stealth Rock
|move|p2a: Alomomola|Scald|p1a: Metagross
|-damage|p1a: Metagross|85/100
|
|-heal|p1a: Metagross|91/100|[from] item: Leftovers
|upkeep
|turn|13
|
|t:|1757788468
|switch|p1a: Alomomola|Alomomola, F|100/100
|move|p2a: Alomomola|Scald|p1a: Alomomola
|-resisted|p1a: Alomomola
|-damage|p1a: Alomomola|96/100
|
|upkeep
|turn|14
|
|t:|1757788474
|move|p2a: Alomomola|Scald|p1a: Alomomola
|-resisted|p1a: Alomomola
|-damage|p1a: Alomomola|93/100
|move|p1a: Alomomola|Flip Turn|p2a: Alomomola
|-resisted|p2a: Alomomola
|-damage|p2a: Alomomola|77/100
|
|t:|1757788492
|switch|p1a: Darkrai|Darkrai|100/100|[from] Flip Turn
|
|upkeep
|turn|15
|
|t:|1757788496
|move|p1a: Darkrai|Dark Pulse|p2a: Alomomola
|-damage|p2a: Alomomola|28/100
|cant|p2a: Alomomola|flinch
|
|upkeep
|turn|16
|
|t:|1757788502
|switch|p1a: Metagross|Metagross|91/100
|move|p2a: Alomomola|Protect||[still]
|-fail|p2a: Alomomola
|
|-heal|p1a: Metagross|97/100|[from] item: Leftovers
|upkeep
|turn|17
|
|t:|1757788511
|move|p1a: Metagross|Psychic Fangs|p2a: Alomomola
|-damage|p2a: Alomomola|8/100
|move|p2a: Alomomola|Flip Turn|p1a: Metagross
|-damage|p1a: Metagross|87/100
|
|t:|1757788517
|switch|p2a: Great Tusk|Great Tusk|89/100|[from] Flip Turn
|-damage|p2a: Great Tusk|86/100|[from] Stealth Rock
|
|-heal|p1a: Metagross|93/100|[from] item: Leftovers
|upkeep
|turn|18
|
|t:|1757788520
|move|p2a: Great Tusk|Knock Off|p1a: Metagross
|-supereffective|p1a: Metagross
|-crit|p1a: Metagross
|-damage|p1a: Metagross|22/100
|-enditem|p1a: Metagross|Leftovers|[from] move: Knock Off|[of] p2a: Great Tusk
|move|p1a: Metagross|Psychic Fangs|p2a: Great Tusk
|-supereffective|p2a: Great Tusk
|-crit|p2a: Great Tusk
|-damage|p2a: Great Tusk|12/100
|
|upkeep
|turn|19
|
|t:|1757788531
|move|p1a: Metagross|Bullet Punch|p2a: Great Tusk
|-damage|p2a: Great Tusk|0 fnt
|faint|p2a: Great Tusk
|-end|p2a: Great Tusk|Protosynthesis|[silent]
|
|upkeep
|
|t:|1757788546
|switch|p2a: Alomomola|Alomomola, F|41/100
|-damage|p2a: Alomomola|29/100|[from] Stealth Rock
|turn|20
|
|t:|1757788551
|switch|p1a: Darkrai|Darkrai|100/100
|move|p2a: Alomomola|Wish|p2a: Alomomola
|
|upkeep
|turn|21
|
|t:|1757788559
|move|p2a: Alomomola|Protect|p2a: Alomomola
|-singleturn|p2a: Alomomola|Protect
|move|p1a: Darkrai|Sludge Bomb|p2a: Alomomola
|-activate|p2a: Alomomola|move: Protect
|
|-heal|p2a: Alomomola|79/100|[from] move: Wish|[wisher] Alomomola
|upkeep
|turn|22
|
|t:|1757788567
|switch|p1a: Alomomola|Alomomola, F|100/100
|move|p2a: Alomomola|Flip Turn|p1a: Alomomola
|-resisted|p1a: Alomomola
|-damage|p1a: Alomomola|96/100
|
|t:|1757788572
|switch|p2a: Arcanine|Arcanine-Hisui, M|100/100|[from] Flip Turn
|-damage|p2a: Arcanine|76/100|[from] Stealth Rock
|
|upkeep
|turn|23
|
|t:|1757788579
|-terastallize|p2a: Arcanine|Rock
|move|p2a: Arcanine|Head Smash|p1a: Alomomola|[miss]
|-miss|p2a: Arcanine|p1a: Alomomola
|move|p1a: Alomomola|Flip Turn|p2a: Arcanine
|-supereffective|p2a: Arcanine
|-damage|p2a: Arcanine|35/100
|
|t:|1757788587
|switch|p1a: Ogerpon|Ogerpon-Cornerstone, F|100/100|[from] Flip Turn
|
|upkeep
|turn|24
|
|t:|1757788593
|move|p1a: Ogerpon|Ivy Cudgel|p2a: Arcanine|[anim] Ivy Cudgel Rock
|-damage|p2a: Arcanine|0 fnt
|faint|p2a: Arcanine
|
|upkeep
|
|t:|1757788598
|switch|p2a: Kommo-o|Kommo-o, M|100/100
|-damage|p2a: Kommo-o|94/100|[from] Stealth Rock
|turn|25
|
|t:|1757788602
|move|p1a: Ogerpon|Play Rough|p2a: Kommo-o
|-supereffective|p2a: Kommo-o
|-damage|p2a: Kommo-o|4/100
|-unboost|p2a: Kommo-o|atk|1
|move|p2a: Kommo-o|Stealth Rock|p1a: Ogerpon
|-sidestart|p1: AJ1207|move: Stealth Rock
|
|-heal|p2a: Kommo-o|10/100|[from] item: Leftovers
|upkeep
|turn|26
|
|t:|1757788609
|move|p1a: Ogerpon|Ivy Cudgel|p2a: Kommo-o|[anim] Ivy Cudgel Rock
|-resisted|p2a: Kommo-o
|-damage|p2a: Kommo-o|0 fnt
|faint|p2a: Kommo-o
|
|upkeep
|-message|ShadowWarrior823 forfeited.
|
|win|AJ1207
|raw|AJ1207's rating: 1249 &rarr; <strong>1278</strong><br />(+29 for winning)
|raw|ShadowWarrior823's rating: 1307 &rarr; <strong>1284</strong><br />(-23 for losing)
|l|☆ShadowWarrior823
|player|p2|
