|j|☆Beile
|j|☆Team10thPlanett
|t:|1757869096
|gametype|singles
|player|p1|Beile|lucas|1687
|player|p2|Team10thPlanett|alder|1717
|gen|9
|tier|[Gen 9] OU
|rated|
|rule|HP Percentage Mod: HP is shown in percentages
|rule|Endless Battle Clause: Forcing endless battles is banned
|rule|Species Clause: Limit one of each Pokémon
|rule|OHKO Clause: OHKO moves are banned
|rule|Evasion Items Clause: Evasion items are banned
|rule|Evasion Moves Clause: Evasion moves are banned
|rule|Evasion Abilities Clause: Evasion abilities are banned
|rule|Sleep Moves Clause: Sleep-inducing moves are banned
|clearpoke
|poke|p1|Ninetales-Alola, F|
|poke|p1|Scizor, F|
|poke|p1|Kyurem|
|poke|p1|Gliscor, F|
|poke|p1|Iron Crown|
|poke|p1|Raging Bolt|
|poke|p2|Dragonite, F|
|poke|p2|Zamazenta-*|
|poke|p2|Araquanid, M|
|poke|p2|Iron Treads|
|poke|p2|Zapdos|
|poke|p2|Glimmora, F|
|teampreview
|
|t:|1757869128
|teamsize|p1|6
|teamsize|p2|6
|start
|switch|p1a: Iron Crown|Iron Crown|100/100
|switch|p2a: Glimmora|Glimmora, F|100/100
|-enditem|p1a: Iron Crown|Booster Energy
|-activate|p1a: Iron Crown|ability: Quark Drive|[fromitem]
|-start|p1a: Iron Crown|quarkdrivespe
|turn|1
|
|t:|1757869137
|switch|p2a: Araquanid|Araquanid, M, shiny|100/100
|move|p1a: Iron Crown|Calm Mind|p1a: Iron Crown
|-boost|p1a: Iron Crown|spa|1
|-boost|p1a: Iron Crown|spd|1
|
|upkeep
|turn|2
|
|t:|1757869146
|move|p1a: Iron Crown|Calm Mind|p1a: Iron Crown
|-boost|p1a: Iron Crown|spa|1
|-boost|p1a: Iron Crown|spd|1
|move|p2a: Araquanid|Surf|p1a: Iron Crown
|-damage|p1a: Iron Crown|75/100
|
|upkeep
|turn|3
|j| AmGodzchild
|
|t:|1757869157
|move|p1a: Iron Crown|Calm Mind|p1a: Iron Crown
|-boost|p1a: Iron Crown|spa|1
|-boost|p1a: Iron Crown|spd|1
|move|p2a: Araquanid|Sticky Web|p1a: Iron Crown
|-sidestart|p1: Beile|move: Sticky Web
|
|upkeep
|turn|4
|
|t:|1757869163
|move|p2a: Araquanid|Endure|p2a: Araquanid
|-singleturn|p2a: Araquanid|move: Endure
|move|p1a: Iron Crown|Stored Power|p2a: Araquanid
|-activate|p2a: Araquanid|move: Endure
|-damage|p2a: Araquanid|1/100
|
|upkeep
|turn|5
|-enditem|p2a: Araquanid|Custap Berry|[eat]
|-activate|p2a: Araquanid|item: Custap Berry|[consumed]
|
|t:|1757869171
|move|p2a: Araquanid|Endeavor|p1a: Iron Crown
|-damage|p1a: Iron Crown|1/100
|move|p1a: Iron Crown|Stored Power|p2a: Araquanid
|-damage|p2a: Araquanid|0 fnt
|faint|p2a: Araquanid
|
|upkeep
|j| Jey2
|
|t:|1757869184
|switch|p2a: Dragonite|Dragonite, F, shiny|100/100
|turn|6
|
|t:|1757869191
|move|p2a: Dragonite|Extreme Speed|p1a: Iron Crown
|-resisted|p1a: Iron Crown
|-damage|p1a: Iron Crown|0 fnt
|faint|p1a: Iron Crown
|-end|p1a: Iron Crown|Quark Drive|[silent]
|
|upkeep
|
|t:|1757869194
|switch|p1a: Ninetales|Ninetales-Alola, F|100/100
|-activate|p1a: Ninetales|move: Sticky Web
|-unboost|p1a: Ninetales|spe|1
|-weather|Snowscape|[from] ability: Snow Warning|[of] p1a: Ninetales
|turn|7
|
|t:|1757869203
|-terastallize|p2a: Dragonite|Normal
|move|p2a: Dragonite|Extreme Speed|p1a: Ninetales
|-damage|p1a: Ninetales|42/100
|move|p1a: Ninetales|Aurora Veil|p1a: Ninetales
|-sidestart|p1: Beile|move: Aurora Veil
|
|-weather|Snowscape|[upkeep]
|upkeep
|turn|8
|
|t:|1757869212
|switch|p1a: Scizor|Scizor, F|100/100
|-activate|p1a: Scizor|move: Sticky Web
|-unboost|p1a: Scizor|spe|1
|move|p2a: Dragonite|Extreme Speed|p1a: Scizor
|-resisted|p1a: Scizor
|-damage|p1a: Scizor|84/100
|
|-weather|Snowscape|[upkeep]
|upkeep
|turn|9
|
|t:|1757869225
|switch|p2a: Zapdos|Zapdos|100/100
|move|p1a: Scizor|Swords Dance|p1a: Scizor
|-boost|p1a: Scizor|atk|2
|
|-weather|Snowscape|[upkeep]
|upkeep
|turn|10
|
|t:|1757869245
|move|p2a: Zapdos|Heat Wave|p1a: Scizor
|-supereffective|p1a: Scizor
|-damage|p1a: Scizor|20/100
|move|p1a: Scizor|Close Combat|p2a: Zapdos
|-resisted|p2a: Zapdos
|-damage|p2a: Zapdos|55/100
|-unboost|p1a: Scizor|def|1
|-unboost|p1a: Scizor|spd|1
|-damage|p1a: Scizor|10/100|[from] item: Life Orb
|
|-weather|Snowscape|[upkeep]
|upkeep
|turn|11
|
|t:|1757869256
|move|p1a: Scizor|Bullet Punch|p2a: Zapdos
|-resisted|p2a: Zapdos
|-damage|p2a: Zapdos|21/100
|-damage|p1a: Scizor|0 fnt|[from] item: Life Orb
|faint|p1a: Scizor
|move|p2a: Zapdos|Roost|p2a: Zapdos
|-heal|p2a: Zapdos|71/100
|-singleturn|p2a: Zapdos|move: Roost
|
|-weather|none
|upkeep
|
|t:|1757869260
|switch|p1a: Kyurem|Kyurem|100/100
|-activate|p1a: Kyurem|move: Sticky Web
|-unboost|p1a: Kyurem|spe|1
|-ability|p1a: Kyurem|Pressure
|turn|12
|
|t:|1757869271
|move|p2a: Zapdos|Hurricane|p1a: Kyurem|[miss]
|-miss|p2a: Zapdos|p1a: Kyurem
|move|p1a: Kyurem|Dragon Dance|p1a: Kyurem
|-boost|p1a: Kyurem|atk|1
|-boost|p1a: Kyurem|spe|1
|
|upkeep
|turn|13
|
|t:|1757869278
|move|p1a: Kyurem|Dragon Dance|p1a: Kyurem
|-boost|p1a: Kyurem|atk|1
|-boost|p1a: Kyurem|spe|1
|move|p2a: Zapdos|Hurricane|p1a: Kyurem
|-damage|p1a: Kyurem|77/100
|-start|p1a: Kyurem|confusion
|
|upkeep
|turn|14
|
|t:|1757869287
|-activate|p1a: Kyurem|confusion
|move|p1a: Kyurem|Dragon Dance|p1a: Kyurem
|-boost|p1a: Kyurem|atk|1
|-boost|p1a: Kyurem|spe|1
|move|p2a: Zapdos|Heat Wave|p1a: Kyurem
|-damage|p1a: Kyurem|64/100
|
|-sideend|p1: Beile|move: Aurora Veil
|upkeep
|turn|15
|
|t:|1757869298
|-activate|p1a: Kyurem|confusion
|-damage|p1a: Kyurem|26/100|[from] confusion
|move|p2a: Zapdos|Hurricane|p1a: Kyurem|[miss]
|-miss|p2a: Zapdos|p1a: Kyurem
|
|upkeep
|turn|16
|
|t:|1757869304
|-activate|p1a: Kyurem|confusion
|move|p1a: Kyurem|Icicle Spear|p2a: Zapdos
|-supereffective|p2a: Zapdos
|-damage|p2a: Zapdos|21/100
|-supereffective|p2a: Zapdos
|-damage|p2a: Zapdos|0 fnt
|faint|p2a: Zapdos
|-hitcount|p2: Zapdos|2
|
|upkeep
|
|t:|1757869313
|switch|p2a: Dragonite|Dragonite, F, shiny, tera:Normal|100/100
|turn|17
|
|t:|1757869316
|move|p2a: Dragonite|Extreme Speed|p1a: Kyurem
|-damage|p1a: Kyurem|0 fnt
|faint|p1a: Kyurem
|
|upkeep
|
|t:|1757869326
|switch|p1a: Gliscor|Gliscor, F|100/100
|turn|18
|
|t:|1757869337
|switch|p2a: Iron Treads|Iron Treads|100/100
|-enditem|p2a: Iron Treads|Booster Energy
|-activate|p2a: Iron Treads|ability: Quark Drive|[fromitem]
|-start|p2a: Iron Treads|quarkdrivespe
|move|p1a: Gliscor|Swords Dance|p1a: Gliscor
|-boost|p1a: Gliscor|atk|2
|
|-status|p1a: Gliscor|tox|[from] item: Toxic Orb
|upkeep
|turn|19
|
|t:|1757869347
|-terastallize|p1a: Gliscor|Normal
|move|p2a: Iron Treads|Ice Spinner|p1a: Gliscor
|-damage|p1a: Gliscor|77/100 tox
|move|p1a: Gliscor|Agility|p1a: Gliscor
|-boost|p1a: Gliscor|spe|2
|
|-heal|p1a: Gliscor|90/100 tox|[from] ability: Poison Heal
|upkeep
|turn|20
|j| Dionysos
|l| Dionysos
|
|t:|1757869359
|move|p1a: Gliscor|Swords Dance|p1a: Gliscor
|-boost|p1a: Gliscor|atk|2
|move|p2a: Iron Treads|Earthquake|p1a: Gliscor
|-damage|p1a: Gliscor|40/100 tox
|
|-heal|p1a: Gliscor|53/100 tox|[from] ability: Poison Heal
|upkeep
|turn|21
|
|t:|1757869370
|move|p1a: Gliscor|Facade|p2a: Iron Treads
|-resisted|p2a: Iron Treads
|-damage|p2a: Iron Treads|16/100
|move|p2a: Iron Treads|Earthquake|p1a: Gliscor
|-damage|p1a: Gliscor|7/100 tox
|
|-heal|p1a: Gliscor|20/100 tox|[from] ability: Poison Heal
|upkeep
|turn|22
|
|t:|1757869385
|move|p1a: Gliscor|Facade|p2a: Iron Treads
|-resisted|p2a: Iron Treads
|-damage|p2a: Iron Treads|0 fnt
|faint|p2a: Iron Treads
|-end|p2a: Iron Treads|Quark Drive|[silent]
|
|-heal|p1a: Gliscor|32/100 tox|[from] ability: Poison Heal
|upkeep
|
|t:|1757869393
|switch|p2a: Dragonite|Dragonite, F, shiny, tera:Normal|100/100
|turn|23
|
|t:|1757869401
|move|p2a: Dragonite|Extreme Speed|p1a: Gliscor
|-damage|p1a: Gliscor|0 fnt
|faint|p1a: Gliscor
|
|upkeep
|
|t:|1757869406
|switch|p1a: Raging Bolt|Raging Bolt|100/100
|-activate|p1a: Raging Bolt|move: Sticky Web
|-unboost|p1a: Raging Bolt|spe|1
|-enditem|p1a: Raging Bolt|Booster Energy
|-activate|p1a: Raging Bolt|ability: Protosynthesis|[fromitem]
|-start|p1a: Raging Bolt|protosynthesisspa
|turn|24
|
|t:|1757869415
|move|p2a: Dragonite|Extreme Speed|p1a: Raging Bolt
|-damage|p1a: Raging Bolt|45/100
|move|p1a: Raging Bolt|Discharge|p2a: Dragonite
|-damage|p2a: Dragonite|75/100
|-status|p2a: Dragonite|par
|
|upkeep
|turn|25
|
|t:|1757869424
|move|p2a: Dragonite|Extreme Speed|p1a: Raging Bolt
|-damage|p1a: Raging Bolt|0 fnt
|faint|p1a: Raging Bolt
|-end|p1a: Raging Bolt|Protosynthesis|[silent]
|
|upkeep
|
|t:|1757869427
|switch|p1a: Ninetales|Ninetales-Alola, F|42/100
|-activate|p1a: Ninetales|move: Sticky Web
|-unboost|p1a: Ninetales|spe|1
|-weather|Snowscape|[from] ability: Snow Warning|[of] p1a: Ninetales
|turn|26
|l| AmGodzchild
|
|t:|1757869436
|move|p1a: Ninetales|Aurora Veil|p1a: Ninetales
|-sidestart|p1: Beile|move: Aurora Veil
|-activate|p2a: Dragonite|move: Struggle
|move|p2a: Dragonite|Struggle|p1a: Ninetales
|-crit|p1a: Ninetales
|-damage|p1a: Ninetales|7/100
|-damage|p2a: Dragonite|50/100 par|[from] recoil
|
|-weather|Snowscape|[upkeep]
|upkeep
|turn|27
|
|t:|1757869444
|move|p1a: Ninetales|Freeze-Dry|p2a: Dragonite
|-damage|p2a: Dragonite|32/100 par
|cant|p2a: Dragonite|par
|
|-weather|Snowscape|[upkeep]
|upkeep
|turn|28
|
|t:|1757869451
|move|p1a: Ninetales|Freeze-Dry|p2a: Dragonite
|-crit|p2a: Dragonite
|-damage|p2a: Dragonite|4/100 par
|-activate|p2a: Dragonite|move: Struggle
|move|p2a: Dragonite|Struggle|p1a: Ninetales
|-damage|p1a: Ninetales|0 fnt
|faint|p1a: Ninetales
|-damage|p2a: Dragonite|0 fnt|[from] recoil
|faint|p2a: Dragonite
|
|win|Team10thPlanett
|raw|Beile's rating: 1687 &rarr; <strong>1669</strong><br />(-18 for losing)
|raw|Team10thPlanett's rating: 1717 &rarr; <strong>1735</strong><br />(+18 for winning)
|j| AmGodzchild
|l|☆Beile
|player|p1|
|l| AmGodzchild
|l|☆Team10thPlanett
|player|p2|
