|j|☆711851l
|j|☆StrykerMan81
|t:|1757828502
|gametype|singles
|player|p1|711851l|unknown|1118
|player|p2|StrykerMan81|265|1158
|gen|9
|tier|[Gen 9] OU
|rated|
|rule|HP Percentage Mod: HP is shown in percentages
|rule|Endless Battle Clause: Forcing endless battles is banned
|rule|Species Clause: Limit one of each Pokémon
|rule|OHKO Clause: OHKO moves are banned
|rule|Evasion Items Clause: Evasion items are banned
|rule|Evasion Moves Clause: Evasion moves are banned
|rule|Evasion Abilities Clause: Evasion abilities are banned
|rule|Sleep Moves Clause: Sleep-inducing moves are banned
|clearpoke
|poke|p1|Incineroar, M|
|poke|p1|Typhlosion-Hisui, F|
|poke|p1|Serperior, M|
|poke|p1|Chesnaught, F|
|poke|p1|Greninja-*, M|
|poke|p1|Empoleon, M|
|poke|p2|Staraptor, F|
|poke|p2|Zapdos|
|poke|p2|Swampert, M|
|poke|p2|Naclstack, M|
|poke|p2|Latios, M|
|poke|p2|Slowking-Galar, F|
|teampreview
|
|t:|1757828511
|teamsize|p1|6
|teamsize|p2|6
|start
|switch|p1a: Incineroar|Incineroar, M|100/100
|switch|p2a: Latios|Latios, M|100/100
|-ability|p1a: Incineroar|Intimidate|boost
|-unboost|p2a: Latios|atk|1
|turn|1
|
|t:|1757828523
|move|p1a: Incineroar|Fake Out|p2a: Latios
|-damage|p2a: Latios|86/100
|cant|p2a: Latios|flinch
|
|upkeep
|turn|2
|
|t:|1757828534
|-terastallize|p2a: Latios|Dragon
|move|p2a: Latios|Draco Meteor|p1a: Incineroar
|-damage|p1a: Incineroar|0 fnt
|-unboost|p2a: Latios|spa|2
|faint|p1a: Incineroar
|
|upkeep
|
|t:|1757828546
|switch|p1a: Serperior|Serperior, M|100/100
|turn|3
|
|t:|1757828554
|switch|p2a: Slowking|Slowking-Galar, F|100/100
|move|p1a: Serperior|Leaf Storm|p2a: Slowking
|-resisted|p2a: Slowking
|-damage|p2a: Slowking|82/100
|-boost|p1a: Serperior|spa|2
|
|-heal|p2a: Slowking|88/100|[from] item: Leftovers
|upkeep
|turn|4
|
|t:|1757828566
|move|p1a: Serperior|Leech Seed|p2a: Slowking
|-start|p2a: Slowking|move: Leech Seed
|move|p2a: Slowking|Fire Blast|p1a: Serperior|[miss]
|-miss|p2a: Slowking|p1a: Serperior
|
|-heal|p2a: Slowking|94/100|[from] item: Leftovers
|-damage|p2a: Slowking|81/100|[from] Leech Seed|[of] p1a: Serperior
|upkeep
|turn|5
|
|t:|1757828577
|move|p1a: Serperior|Protect|p1a: Serperior
|-singleturn|p1a: Serperior|Protect
|move|p2a: Slowking|Thunder Wave|p1a: Serperior
|-activate|p1a: Serperior|move: Protect
|
|-heal|p2a: Slowking|88/100|[from] item: Leftovers
|-damage|p2a: Slowking|75/100|[from] Leech Seed|[of] p1a: Serperior
|upkeep
|turn|6
|
|t:|1757828587
|move|p1a: Serperior|Leaf Storm|p2a: Slowking
|-resisted|p2a: Slowking
|-damage|p2a: Slowking|39/100
|-boost|p1a: Serperior|spa|2
|move|p2a: Slowking|Future Sight|p1a: Serperior
|-start|p2a: Slowking|move: Future Sight
|
|-heal|p2a: Slowking|45/100|[from] item: Leftovers
|-damage|p2a: Slowking|32/100|[from] Leech Seed|[of] p1a: Serperior
|upkeep
|turn|7
|
|t:|1757828598
|move|p1a: Serperior|Protect|p1a: Serperior
|-singleturn|p1a: Serperior|Protect
|move|p2a: Slowking|Fire Blast|p1a: Serperior
|-activate|p1a: Serperior|move: Protect
|
|-heal|p2a: Slowking|39/100|[from] item: Leftovers
|-damage|p2a: Slowking|26/100|[from] Leech Seed|[of] p1a: Serperior
|upkeep
|turn|8
|
|t:|1757828609
|move|p1a: Serperior|Leaf Storm|p2a: Slowking
|-resisted|p2a: Slowking
|-damage|p2a: Slowking|0 fnt
|-boost|p1a: Serperior|spa|2
|faint|p2a: Slowking
|
|-end|p1a: Serperior|move: Future Sight
|-damage|p1a: Serperior|32/100
|upkeep
|
|t:|1757828618
|switch|p2a: Naclstack|Naclstack, M|100/100
|turn|9
|
|t:|1757828623
|move|p1a: Serperior|Leaf Storm|p2a: Naclstack
|-supereffective|p2a: Naclstack
|-damage|p2a: Naclstack|0 fnt
|faint|p2a: Naclstack
|
|upkeep
|-message|StrykerMan81 forfeited.
|
|win|711851l
|raw|711851l's rating: 1118 &rarr; <strong>1146</strong><br />(+28 for winning)
|raw|StrykerMan81's rating: 1158 &rarr; <strong>1130</strong><br />(-28 for losing)
|l|☆StrykerMan81
|player|p2|
|l|☆711851l
|player|p1|
