|j|☆Havestol
|j|☆theory76
|t:|1757795909
|gametype|singles
|player|p1|Havestol|mars|1424
|player|p2|theory76|shadowtriad|1497
|gen|9
|tier|[Gen 9] OU
|rated|
|rule|HP Percentage Mod: HP is shown in percentages
|rule|Endless Battle Clause: Forcing endless battles is banned
|rule|Species Clause: Limit one of each Pokémon
|rule|OHKO Clause: OHKO moves are banned
|rule|Evasion Items Clause: Evasion items are banned
|rule|Evasion Moves Clause: Evasion moves are banned
|rule|Evasion Abilities Clause: Evasion abilities are banned
|rule|Sleep Moves Clause: Sleep-inducing moves are banned
|clearpoke
|poke|p1|Crawdaunt, M|
|poke|p1|Corviknight, M|
|poke|p1|Primarina, F|
|poke|p1|Dragapult, M|
|poke|p1|Amoonguss, M|
|poke|p1|Cinderace, F|
|poke|p2|Jolteon, F|
|poke|p2|Iron Treads|
|poke|p2|Dragapult, F|
|poke|p2|Corviknight, M|
|poke|p2|Zapdos-Galar|
|poke|p2|Ogerpon-Wellspring, F|
|teampreview
|inactive|Battle timer is ON: inactive players will automatically lose when time's up. (requested by theory76)
|
|t:|1757795929
|teamsize|p1|6
|teamsize|p2|6
|start
|switch|p1a: Dragapult|Dragapult, M|100/100
|switch|p2a: Dragapult|Dragapult, F|100/100
|turn|1
|
|t:|1757795942
|switch|p2a: Iron Treads|Iron Treads|100/100
|-terastallize|p1a: Dragapult|Fairy
|move|p1a: Dragapult|Will-O-Wisp|p2a: Iron Treads
|-status|p2a: Iron Treads|brn
|
|-damage|p2a: Iron Treads|94/100 brn|[from] brn
|upkeep
|turn|2
|
|t:|1757795947
|move|p1a: Dragapult|Hex|p2a: Iron Treads
|-damage|p2a: Iron Treads|64/100 brn
|move|p2a: Iron Treads|Knock Off|p1a: Dragapult
|-resisted|p1a: Dragapult
|-damage|p1a: Dragapult|92/100
|-enditem|p1a: Dragapult|Heavy-Duty Boots|[from] move: Knock Off|[of] p2a: Iron Treads
|
|-damage|p2a: Iron Treads|58/100 brn|[from] brn
|upkeep
|turn|3
|
|t:|1757795952
|move|p1a: Dragapult|Hex|p2a: Iron Treads
|-damage|p2a: Iron Treads|29/100 brn
|move|p2a: Iron Treads|Volt Switch|p1a: Dragapult
|-damage|p1a: Dragapult|76/100
|
|t:|1757795961
|-end|p2a: Iron Treads|Quark Drive|[silent]
|switch|p2a: Corviknight|Corviknight, M|100/100|[from] Volt Switch
|
|upkeep
|turn|4
|
|t:|1757795964
|move|p1a: Dragapult|Will-O-Wisp|p2a: Corviknight
|-status|p2a: Corviknight|brn
|move|p2a: Corviknight|Brave Bird|p1a: Dragapult
|-damage|p1a: Dragapult|52/100
|-damage|p2a: Corviknight|94/100 brn|[from] Recoil
|
|-damage|p2a: Corviknight|88/100 brn|[from] brn
|upkeep
|turn|5
|
|t:|1757795967
|switch|p2a: Iron Treads|Iron Treads|29/100 brn
|move|p1a: Dragapult|Hex|p2a: Iron Treads
|-damage|p2a: Iron Treads|1/100 brn
|
|-damage|p2a: Iron Treads|0 fnt|[from] brn
|faint|p2a: Iron Treads
|-end|p2a: Iron Treads|Quark Drive|[silent]
|upkeep
|
|t:|1757795971
|switch|p2a: Zapdos|Zapdos-Galar|100/100
|turn|6
|
|t:|1757795975
|switch|p1a: Corviknight|Corviknight, M|100/100
|-ability|p1a: Corviknight|Pressure
|move|p2a: Zapdos|Brave Bird|p1a: Corviknight
|-resisted|p1a: Corviknight
|-damage|p1a: Corviknight|82/100
|-damage|p2a: Zapdos|84/100|[from] item: Rocky Helmet|[of] p1a: Corviknight
|-damage|p2a: Zapdos|77/100|[from] Recoil
|
|upkeep
|turn|7
|
|t:|1757795977
|switch|p2a: Corviknight|Corviknight, M|88/100 brn
|move|p1a: Corviknight|U-turn|p2a: Corviknight
|-resisted|p2a: Corviknight
|-damage|p2a: Corviknight|86/100 brn
|-damage|p1a: Corviknight|65/100|[from] item: Rocky Helmet|[of] p2a: Corviknight
|
|t:|1757795996
|switch|p1a: Crawdaunt|Crawdaunt, M|100/100|[from] U-turn
|
|-damage|p2a: Corviknight|80/100 brn|[from] brn
|upkeep
|turn|8
|
|t:|1757795999
|move|p1a: Crawdaunt|Knock Off|p2a: Corviknight
|-damage|p2a: Corviknight|19/100 brn
|-damage|p1a: Crawdaunt|84/100|[from] item: Rocky Helmet|[of] p2a: Corviknight
|-enditem|p2a: Corviknight|Rocky Helmet|[from] move: Knock Off|[of] p1a: Crawdaunt
|move|p2a: Corviknight|U-turn|p1a: Crawdaunt
|-supereffective|p1a: Crawdaunt
|-damage|p1a: Crawdaunt|63/100
|
|t:|1757796003
|switch|p2a: Dragapult|Dragapult, F|100/100|[from] U-turn
|
|upkeep
|turn|9
|
|t:|1757796015
|switch|p1a: Primarina|Primarina, F|100/100
|move|p2a: Dragapult|U-turn|p1a: Primarina
|-resisted|p1a: Primarina
|-damage|p1a: Primarina|89/100
|
|t:|1757796018
|switch|p2a: Ogerpon|Ogerpon-Wellspring, F|100/100|[from] U-turn
|
|upkeep
|turn|10
|
|t:|1757796021
|switch|p1a: Amoonguss|Amoonguss, M|100/100
|move|p2a: Ogerpon|Ivy Cudgel|p1a: Amoonguss|[anim] Ivy Cudgel Water
|-resisted|p1a: Amoonguss
|-damage|p1a: Amoonguss|67/100
|
|upkeep
|turn|11
|
|t:|1757796025
|move|p2a: Ogerpon|U-turn|p1a: Amoonguss
|-damage|p1a: Amoonguss|36/100
|
|t:|1757796028
|switch|p2a: Corviknight|Corviknight, M|19/100 brn|[from] U-turn
|move|p1a: Amoonguss|Foul Play|p2a: Corviknight
|-damage|p2a: Corviknight|7/100 brn
|
|-damage|p2a: Corviknight|1/100 brn|[from] brn
|upkeep
|turn|12
|c|☆Havestol|gotta be a roll
|
|t:|1757796050
|switch|p1a: Cinderace|Cinderace, F|100/100
|move|p2a: Corviknight|Roost|p2a: Corviknight
|-heal|p2a: Corviknight|51/100 brn
|-singleturn|p2a: Corviknight|move: Roost
|
|-damage|p2a: Corviknight|45/100 brn|[from] brn
|upkeep
|turn|13
|
|t:|1757796057
|switch|p2a: Dragapult|Dragapult, F|100/100
|move|p1a: Cinderace|Pyro Ball|p2a: Dragapult
|-resisted|p2a: Dragapult
|-damage|p2a: Dragapult|65/100
|
|upkeep
|turn|14
|
|t:|1757796062
|switch|p1a: Amoonguss|Amoonguss, M|70/100
|move|p2a: Dragapult|U-turn|p1a: Amoonguss
|-damage|p1a: Amoonguss|52/100
|
|t:|1757796067
|switch|p2a: Zapdos|Zapdos-Galar|77/100|[from] U-turn
|
|upkeep
|turn|15
|
|t:|1757796077
|switch|p2a: Dog|Jolteon, F|100/100
|switch|p1a: Corviknight|Corviknight, M|65/100
|-ability|p1a: Corviknight|Pressure
|
|upkeep
|turn|16
|
|t:|1757796083
|switch|p1a: Amoonguss|Amoonguss, M|85/100
|move|p2a: Dog|Volt Switch|p1a: Amoonguss
|-resisted|p1a: Amoonguss
|-damage|p1a: Amoonguss|70/100
|
|t:|1757796088
|switch|p2a: Zapdos|Zapdos-Galar|77/100|[from] Volt Switch
|
|upkeep
|turn|17
|c|☆Havestol|can you only switch?
|
|t:|1757796094
|switch|p2a: Dog|Jolteon, F|100/100
|switch|p1a: Corviknight|Corviknight, M|65/100
|-ability|p1a: Corviknight|Pressure
|
|upkeep
|turn|18
|
|t:|1757796114
|switch|p1a: Amoonguss|Amoonguss, M|100/100
|-terastallize|p2a: Dog|Ice
|move|p2a: Dog|Tera Blast|p1a: Amoonguss|[anim] Tera Blast Ice
|-supereffective|p1a: Amoonguss
|-crit|p1a: Amoonguss
|-damage|p1a: Amoonguss|0 fnt
|faint|p1a: Amoonguss
|
|upkeep
|
|t:|1757796126
|switch|p1a: Primarina|Primarina, F|89/100
|turn|19
|
|t:|1757796131
|switch|p2a: Ogerpon|Ogerpon-Wellspring, F|100/100
|move|p1a: Primarina|Moonblast|p2a: Ogerpon
|-damage|p2a: Ogerpon|36/100
|
|upkeep
|turn|20
|
|t:|1757796137
|switch|p1a: Corviknight|Corviknight, M|65/100
|-ability|p1a: Corviknight|Pressure
|move|p2a: Ogerpon|U-turn|p1a: Corviknight
|-resisted|p1a: Corviknight
|-damage|p1a: Corviknight|61/100
|-damage|p2a: Ogerpon|20/100|[from] item: Rocky Helmet|[of] p1a: Corviknight
|
|t:|1757796139
|switch|p2a: Dog|Jolteon, F, tera:Ice|100/100|[from] U-turn
|
|upkeep
|turn|21
|
|t:|1757796153
|switch|p1a: Cinderace|Cinderace, F|100/100
|move|p2a: Dog|Volt Switch|p1a: Cinderace
|-damage|p1a: Cinderace|43/100
|
|t:|1757796155
|switch|p2a: Dragapult|Dragapult, F|65/100|[from] Volt Switch
|
|upkeep
|turn|22
|
|t:|1757796162
|switch|p1a: Primarina|Primarina, F|89/100
|move|p2a: Dragapult|U-turn|p1a: Primarina
|-resisted|p1a: Primarina
|-damage|p1a: Primarina|76/100
|
|t:|1757796164
|switch|p2a: Dog|Jolteon, F, tera:Ice|100/100|[from] U-turn
|
|upkeep
|turn|23
|
|t:|1757796171
|move|p2a: Dog|Volt Switch|p1a: Primarina
|-supereffective|p1a: Primarina
|-damage|p1a: Primarina|18/100
|
|t:|1757796174
|switch|p2a: Ogerpon|Ogerpon-Wellspring, F|20/100|[from] Volt Switch
|move|p1a: Primarina|Surf|p2a: Ogerpon
|-heal|p2a: Ogerpon|45/100|[from] ability: Water Absorb|[of] p1a: Primarina
|
|upkeep
|turn|24
|
|t:|1757796178
|switch|p1a: Corviknight|Corviknight, M|61/100
|-ability|p1a: Corviknight|Pressure
|move|p2a: Ogerpon|U-turn|p1a: Corviknight
|-resisted|p1a: Corviknight
|-damage|p1a: Corviknight|56/100
|-damage|p2a: Ogerpon|28/100|[from] item: Rocky Helmet|[of] p1a: Corviknight
|
|t:|1757796180
|switch|p2a: Dog|Jolteon, F, tera:Ice|100/100|[from] U-turn
|
|upkeep
|turn|25
|c|☆Havestol|hey
|
|t:|1757796191
|switch|p1a: Dragapult|Dragapult, M, tera:Fairy|52/100
|move|p2a: Dog|Volt Switch|p1a: Dragapult
|-damage|p1a: Dragapult|0 fnt
|faint|p1a: Dragapult
|
|t:|1757796197
|switch|p2a: Dragapult|Dragapult, F|65/100|[from] Volt Switch
|
|upkeep
|
|t:|1757796205
|switch|p1a: Crawdaunt|Crawdaunt, M|63/100
|turn|26
|
|t:|1757796215
|move|p2a: Dragapult|Thunderbolt|p1a: Crawdaunt
|-supereffective|p1a: Crawdaunt
|-crit|p1a: Crawdaunt
|-damage|p1a: Crawdaunt|0 fnt
|faint|p1a: Crawdaunt
|
|upkeep
|n|!Havestol|havestol
|-message|Havestol forfeited.
|
|win|theory76
