|j|☆tephaster23
|j|☆Fluffylucario
|t:|1757798147
|gametype|singles
|player|p1|tephaster23|red|1444
|player|p2|Fluffylucario|cynthia|1401
|gen|9
|tier|[Gen 9] OU
|rated|
|rule|HP Percentage Mod: HP is shown in percentages
|rule|Endless Battle Clause: Forcing endless battles is banned
|rule|Species Clause: Limit one of each Pokémon
|rule|OHKO Clause: OHKO moves are banned
|rule|Evasion Items Clause: Evasion items are banned
|rule|Evasion Moves Clause: Evasion moves are banned
|rule|Evasion Abilities Clause: Evasion abilities are banned
|rule|Sleep Moves Clause: Sleep-inducing moves are banned
|clearpoke
|poke|p1|Raging Bolt|
|poke|p1|Scizor, F|
|poke|p1|Kyurem|
|poke|p1|Primarina, M|
|poke|p1|Landorus-Therian, M|
|poke|p1|Great Tusk|
|poke|p2|Slaking, F|
|poke|p2|Hoopa-Unbound|
|poke|p2|Raging Bolt|
|poke|p2|Alomomola, F|
|poke|p2|Corviknight, F|
|poke|p2|Landorus-Therian, M|
|teampreview
|inactive|Battle timer is ON: inactive players will automatically lose when time's up. (requested by Fluffylucario)
|
|t:|1757798173
|teamsize|p1|6
|teamsize|p2|6
|start
|switch|p1a: Great Tusk|Great Tusk|100/100
|switch|p2a: Slaking|Slaking, F|100/100
|turn|1
|
|t:|1757798182
|switch|p2a: Corviknight|Corviknight, F|100/100
|-ability|p2a: Corviknight|Pressure
|move|p1a: Great Tusk|Knock Off|p2a: Corviknight
|-damage|p2a: Corviknight|81/100
|-damage|p1a: Great Tusk|84/100|[from] item: Rocky Helmet|[of] p2a: Corviknight
|-enditem|p2a: Corviknight|Rocky Helmet|[from] move: Knock Off|[of] p1a: Great Tusk
|
|upkeep
|turn|2
|inactive|tephaster23 has 120 seconds left.
|
|t:|1757798225
|-end|p1a: Great Tusk|Protosynthesis|[silent]
|switch|p1a: Raging Bolt|Raging Bolt|100/100
|-enditem|p1a: Raging Bolt|Booster Energy
|-activate|p1a: Raging Bolt|ability: Protosynthesis|[fromitem]
|-start|p1a: Raging Bolt|protosynthesisspa
|move|p2a: Corviknight|U-turn|p1a: Raging Bolt
|-damage|p1a: Raging Bolt|89/100
|inactive|Fluffylucario has 120 seconds left.
|
|t:|1757798266
|switch|p2a: Hoopa|Hoopa-Unbound|100/100|[from] U-turn
|
|upkeep
|turn|3
|inactive|tephaster23 has 120 seconds left.
|
|t:|1757798280
|move|p2a: Hoopa|Knock Off|p1a: Raging Bolt
|-damage|p1a: Raging Bolt|53/100
|move|p1a: Raging Bolt|Thunderbolt|p2a: Hoopa
|-damage|p2a: Hoopa|40/100
|
|upkeep
|turn|4
|inactive|tephaster23 has 120 seconds left.
|inactive|Fluffylucario has 120 seconds left.
|
|t:|1757798293
|move|p2a: Hoopa|Ice Punch|p1a: Raging Bolt
|-supereffective|p1a: Raging Bolt
|-damage|p1a: Raging Bolt|0 fnt
|faint|p1a: Raging Bolt
|-end|p1a: Raging Bolt|Protosynthesis|[silent]
|
|upkeep
|
|t:|1757798304
|switch|p1a: Great Tusk|Great Tusk|84/100
|turn|5
|
|t:|1757798308
|switch|p2a: Corviknight|Corviknight, F|81/100
|-ability|p2a: Corviknight|Pressure
|move|p1a: Great Tusk|Rapid Spin|p2a: Corviknight
|-resisted|p2a: Corviknight
|-damage|p2a: Corviknight|75/100
|-boost|p1a: Great Tusk|spe|1
|
|upkeep
|turn|6
|inactive|tephaster23 has 120 seconds left.
|inactive|tephaster23 has 90 seconds left.
|
|t:|1757798352
|-end|p1a: Great Tusk|Protosynthesis|[silent]
|switch|p1a: Primarina|Primarina, M|100/100
|move|p2a: Corviknight|U-turn|p1a: Primarina
|-resisted|p1a: Primarina
|-damage|p1a: Primarina|91/100
|
|t:|1757798359
|switch|p2a: Slaking|Slaking, F|100/100|[from] U-turn
|
|upkeep
|turn|7
|inactive|tephaster23 has 90 seconds left.
|
|t:|1757798382
|switch|p1a: Landorus|Landorus-Therian, M|100/100
|-ability|p1a: Landorus|Intimidate|boost
|-unboost|p2a: Slaking|atk|1
|-terastallize|p2a: Slaking|Normal
|move|p2a: Slaking|Giga Impact|p1a: Landorus
|-damage|p1a: Landorus|0 fnt
|-mustrecharge|p2a: Slaking
|-damage|p2a: Slaking|84/100|[from] item: Rocky Helmet|[of] p1a: Landorus
|faint|p1a: Landorus
|
|upkeep
|
|t:|1757798386
|switch|p1a: Kyurem|Kyurem|100/100
|-ability|p1a: Kyurem|Pressure
|turn|8
|
|t:|1757798397
|move|p1a: Kyurem|Dragon Dance|p1a: Kyurem
|-boost|p1a: Kyurem|atk|1
|-boost|p1a: Kyurem|spe|1
|cant|p2a: Slaking|recharge
|
|upkeep
|turn|9
|
|t:|1757798402
|move|p1a: Kyurem|Icicle Spear|p2a: Slaking
|-damage|p2a: Slaking|69/100
|-damage|p2a: Slaking|54/100
|-damage|p2a: Slaking|39/100
|-damage|p2a: Slaking|25/100
|-damage|p2a: Slaking|10/100
|-hitcount|p2a: Slaking|5
|move|p2a: Slaking|Giga Impact|p1a: Kyurem
|-damage|p1a: Kyurem|0 fnt
|-mustrecharge|p2a: Slaking
|faint|p1a: Kyurem
|
|upkeep
|-message|tephaster23 forfeited.
|
|win|Fluffylucario
|raw|tephaster23's rating: 1444 &rarr; <strong>1422</strong><br />(-22 for losing)
|raw|Fluffylucario's rating: 1401 &rarr; <strong>1423</strong><br />(+22 for winning)
|l|☆tephaster23
|player|p1|
