|j|☆kempppppp
|j|☆xjwdsg
|t:|1757919349
|gametype|singles
|player|p1|kempppppp|rocketgrunt|1112
|player|p2|xjwdsg|170|1131
|gen|9
|tier|[Gen 9] OU
|rated|
|rule|HP Percentage Mod: HP is shown in percentages
|rule|Endless Battle Clause: Forcing endless battles is banned
|rule|Species Clause: Limit one of each Pokémon
|rule|OHKO Clause: OHKO moves are banned
|rule|Evasion Items Clause: Evasion items are banned
|rule|Evasion Moves Clause: Evasion moves are banned
|rule|Evasion Abilities Clause: Evasion abilities are banned
|rule|Sleep Moves Clause: Sleep-inducing moves are banned
|clearpoke
|poke|p1|Maushold-Four|
|poke|p1|Porygon-Z|
|poke|p1|Ditto|
|poke|p1|Blissey, F|
|poke|p1|Dragonite, M|
|poke|p1|Zoroark-Hisui, F|
|poke|p2|Torkoal, F|
|poke|p2|Hatterene, F|
|poke|p2|Raging Bolt|
|poke|p2|Slither Wing|
|poke|p2|Venusaur, F|
|poke|p2|Walking Wake|
|teampreview
|inactive|Battle timer is ON: inactive players will automatically lose when time's up. (requested by xjwdsg)
|
|t:|1757919379
|teamsize|p1|6
|teamsize|p2|6
|start
|switch|p1a: Maushold|Maushold-Four|100/100
|switch|p2a: Torkoal|Torkoal, F|100/100
|-weather|SunnyDay|[from] ability: Drought|[of] p2a: Torkoal
|turn|1
|
|t:|1757919389
|move|p1a: Maushold|Tidy Up|p1a: Maushold
|-boost|p1a: Maushold|atk|1
|-boost|p1a: Maushold|spe|1
|move|p2a: Torkoal|Stealth Rock|p1a: Maushold
|-sidestart|p1: kempppppp|move: Stealth Rock
|
|-weather|SunnyDay|[upkeep]
|upkeep
|turn|2
|
|t:|1757919396
|move|p1a: Maushold|Tidy Up|p1a: Maushold
|-sideend|p1: kempppppp|Stealth Rock
|-activate|p1a: Maushold|move: Tidy Up
|-boost|p1a: Maushold|atk|1
|-boost|p1a: Maushold|spe|1
|move|p2a: Torkoal|Overheat|p1a: Maushold
|-damage|p1a: Maushold|0 fnt
|-unboost|p2a: Torkoal|spa|2
|faint|p1a: Maushold
|
|-weather|SunnyDay|[upkeep]
|upkeep
|
|t:|1757919409
|switch|p1a: Porygon-Z|Porygon-Z|100/100
|turn|3
|
|t:|1757919415
|switch|p2a: Slither Wing|Slither Wing|100/100
|-activate|p2a: Slither Wing|ability: Protosynthesis
|-start|p2a: Slither Wing|protosynthesisatk
|move|p1a: Porygon-Z|Hyper Beam|p2a: Slither Wing
|-damage|p2a: Slither Wing|0 fnt
|-mustrecharge|p1a: Porygon-Z
|faint|p2a: Slither Wing
|-end|p2a: Slither Wing|Protosynthesis|[silent]
|
|-weather|SunnyDay|[upkeep]
|upkeep
|
|t:|1757919422
|switch|p2a: Venusaur|Venusaur, F|100/100
|turn|4
|
|t:|1757919428
|move|p2a: Venusaur|Growth|p2a: Venusaur
|-boost|p2a: Venusaur|atk|2
|-boost|p2a: Venusaur|spa|2
|cant|p1a: Porygon-Z|recharge
|
|-weather|SunnyDay|[upkeep]
|upkeep
|turn|5
|
|t:|1757919435
|-terastallize|p2a: Venusaur|Fire
|move|p2a: Venusaur|Weather Ball|p1a: Porygon-Z
|-damage|p1a: Porygon-Z|0 fnt
|faint|p1a: Porygon-Z
|-damage|p2a: Venusaur|91/100|[from] item: Life Orb
|
|-weather|SunnyDay|[upkeep]
|upkeep
|
|t:|1757919450
|switch|p1a: Ditto|Ditto|100/100
|-transform|p1a: Ditto|p2a: Venusaur|[from] ability: Imposter
|-start|p1a: Ditto|typechange|Grass/Poison|[silent]
|turn|6
|
|t:|1757919465
|switch|p2a: Hatterene|Hatterene, F|100/100
|-item|p2a: Hatterene|Air Balloon
|move|p1a: Ditto|Earthquake|p2a: Hatterene
|-immune|p2a: Hatterene
|
|-weather|SunnyDay|[upkeep]
|upkeep
|turn|7
|
|t:|1757919476
|switch|p1a: Blissey|Blissey, F|100/100
|move|p2a: Hatterene|Psychic Noise|p1a: Blissey
|-damage|p1a: Blissey|86/100
|-start|p1a: Blissey|move: Heal Block
|
|-weather|SunnyDay|[upkeep]
|upkeep
|turn|8
|
|t:|1757919489
|move|p1a: Blissey|Thunder Wave|p2a: Hatterene
|move|p2a: Hatterene|Thunder Wave|p1a: Blissey|[from] ability: Magic Bounce
|-status|p1a: Blissey|par
|move|p2a: Hatterene|Psychic Noise|p1a: Blissey
|-damage|p1a: Blissey|71/100 par
|
|-weather|none
|-end|p1a: Blissey|move: Heal Block
|upkeep
|turn|9
|
|t:|1757919505
|move|p1a: Blissey|Ice Beam|p2a: Hatterene
|-damage|p2a: Hatterene|76/100
|-enditem|p2a: Hatterene|Air Balloon
|move|p2a: Hatterene|Psychic Noise|p1a: Blissey
|-damage|p1a: Blissey|57/100 par
|-start|p1a: Blissey|move: Heal Block
|
|upkeep
|turn|10
|
|t:|1757919517
|switch|p2a: Torkoal|Torkoal, F|100/100
|-weather|SunnyDay|[from] ability: Drought|[of] p2a: Torkoal
|move|p1a: Blissey|Seismic Toss|p2a: Torkoal
|-damage|p2a: Torkoal|68/100
|
|-weather|SunnyDay|[upkeep]
|-end|p1a: Blissey|move: Heal Block
|upkeep
|turn|11
|
|t:|1757919527
|move|p2a: Torkoal|Stealth Rock|p1a: Blissey
|-sidestart|p1: kempppppp|move: Stealth Rock
|cant|p1a: Blissey|par
|
|-weather|SunnyDay|[upkeep]
|-heal|p1a: Blissey|63/100 par|[from] item: Leftovers
|upkeep
|turn|12
|
|t:|1757919539
|move|p2a: Torkoal|Earthquake|p1a: Blissey
|-damage|p1a: Blissey|44/100 par
|move|p1a: Blissey|Soft-Boiled|p1a: Blissey
|-heal|p1a: Blissey|94/100 par
|
|-weather|SunnyDay|[upkeep]
|-heal|p1a: Blissey|100/100 par|[from] item: Leftovers
|upkeep
|turn|13
|
|t:|1757919550
|switch|p2a: Venusaur|Venusaur, F, tera:Fire|91/100
|move|p1a: Blissey|Ice Beam|p2a: Venusaur
|-resisted|p2a: Venusaur
|-damage|p2a: Venusaur|78/100
|
|-weather|SunnyDay|[upkeep]
|upkeep
|turn|14
|
|t:|1757919559
|move|p2a: Venusaur|Earthquake|p1a: Blissey
|-damage|p1a: Blissey|78/100 par
|-damage|p2a: Venusaur|68/100|[from] item: Life Orb
|move|p1a: Blissey|Thunder Wave|p2a: Venusaur
|-status|p2a: Venusaur|par
|
|-weather|SunnyDay|[upkeep]
|-heal|p1a: Blissey|84/100 par|[from] item: Leftovers
|upkeep
|turn|15
|
|t:|1757919570
|move|p2a: Venusaur|Earthquake|p1a: Blissey
|-damage|p1a: Blissey|58/100 par
|-damage|p2a: Venusaur|58/100 par|[from] item: Life Orb
|move|p1a: Blissey|Seismic Toss|p2a: Venusaur
|-damage|p2a: Venusaur|25/100 par
|
|-weather|SunnyDay|[upkeep]
|-heal|p1a: Blissey|64/100 par|[from] item: Leftovers
|upkeep
|turn|16
|
|t:|1757919580
|cant|p2a: Venusaur|par
|move|p1a: Blissey|Seismic Toss|p2a: Venusaur
|-damage|p2a: Venusaur|0 fnt
|faint|p2a: Venusaur
|
|-weather|SunnyDay|[upkeep]
|-heal|p1a: Blissey|71/100 par|[from] item: Leftovers
|upkeep
|
|t:|1757919584
|switch|p2a: Hatterene|Hatterene, F|76/100
|turn|17
|
|t:|1757919595
|cant|p1a: Blissey|par
|move|p2a: Hatterene|Psychic Noise|p1a: Blissey
|-damage|p1a: Blissey|58/100 par
|-start|p1a: Blissey|move: Heal Block
|
|-weather|none
|upkeep
|turn|18
|
|t:|1757919603
|move|p1a: Blissey|Seismic Toss|p2a: Hatterene
|-damage|p2a: Hatterene|45/100
|move|p2a: Hatterene|Psychic Noise|p1a: Blissey
|-damage|p1a: Blissey|44/100 par
|
|-end|p1a: Blissey|move: Heal Block
|upkeep
|turn|19
|
|t:|1757919621
|move|p1a: Blissey|Soft-Boiled|p1a: Blissey
|-heal|p1a: Blissey|94/100 par
|move|p2a: Hatterene|Psychic Noise|p1a: Blissey
|-damage|p1a: Blissey|80/100 par
|-start|p1a: Blissey|move: Heal Block
|
|upkeep
|turn|20
|
|t:|1757919629
|cant|p1a: Blissey|par
|move|p2a: Hatterene|Trick Room|p2a: Hatterene
|-fieldstart|move: Trick Room|[of] p2a: Hatterene
|
|-end|p1a: Blissey|move: Heal Block
|upkeep
|turn|21
|
|t:|1757919635
|move|p2a: Hatterene|Psychic Noise|p1a: Blissey
|-damage|p1a: Blissey|65/100 par
|-start|p1a: Blissey|move: Heal Block
|cant|p1a: Blissey|par
|
|upkeep
|turn|22
|
|t:|1757919643
|move|p2a: Hatterene|Psychic Noise|p1a: Blissey
|-crit|p1a: Blissey
|-damage|p1a: Blissey|44/100 par
|move|p1a: Blissey|Seismic Toss|p2a: Hatterene
|-damage|p2a: Hatterene|13/100
|
|-end|p1a: Blissey|move: Heal Block
|upkeep
|turn|23
|
|t:|1757919659
|cant|p1a: Blissey|par
|move|p2a: Hatterene|Trick Room|p2a: Hatterene
|-fieldend|move: Trick Room
|
|-heal|p1a: Blissey|50/100 par|[from] item: Leftovers
|upkeep
|turn|24
|
|t:|1757919667
|switch|p2a: Torkoal|Torkoal, F|68/100
|-weather|SunnyDay|[from] ability: Drought|[of] p2a: Torkoal
|move|p1a: Blissey|Soft-Boiled|p1a: Blissey
|-heal|p1a: Blissey|99/100 par
|
|-weather|SunnyDay|[upkeep]
|-heal|p1a: Blissey|100/100 par|[from] item: Leftovers
|upkeep
|turn|25
|
|t:|1757919677
|switch|p2a: Hatterene|Hatterene, F|13/100
|move|p1a: Blissey|Seismic Toss|p2a: Hatterene
|-damage|p2a: Hatterene|0 fnt
|faint|p2a: Hatterene
|
|-weather|SunnyDay|[upkeep]
|upkeep
|
|t:|1757919681
|switch|p2a: Raging Bolt|Raging Bolt|100/100
|-activate|p2a: Raging Bolt|ability: Protosynthesis
|-start|p2a: Raging Bolt|protosynthesisspa
|turn|26
|
|t:|1757919689
|move|p2a: Raging Bolt|Weather Ball|p1a: Blissey
|-damage|p1a: Blissey|60/100 par
|-damage|p2a: Raging Bolt|91/100|[from] item: Life Orb
|move|p1a: Blissey|Ice Beam|p2a: Raging Bolt
|-supereffective|p2a: Raging Bolt
|-damage|p2a: Raging Bolt|45/100
|
|-weather|SunnyDay|[upkeep]
|-heal|p1a: Blissey|66/100 par|[from] item: Leftovers
|upkeep
|turn|27
|
|t:|1757919700
|move|p2a: Raging Bolt|Weather Ball|p1a: Blissey
|-damage|p1a: Blissey|25/100 par
|-damage|p2a: Raging Bolt|35/100|[from] item: Life Orb
|move|p1a: Blissey|Ice Beam|p2a: Raging Bolt
|-supereffective|p2a: Raging Bolt
|-crit|p2a: Raging Bolt
|-damage|p2a: Raging Bolt|0 fnt
|faint|p2a: Raging Bolt
|-end|p2a: Raging Bolt|Protosynthesis|[silent]
|
|-weather|SunnyDay|[upkeep]
|-heal|p1a: Blissey|31/100 par|[from] item: Leftovers
|upkeep
|
|t:|1757919703
|switch|p2a: Walking Wake|Walking Wake|100/100
|-activate|p2a: Walking Wake|ability: Protosynthesis
|-start|p2a: Walking Wake|protosynthesisspe
|turn|28
|-message|xjwdsg forfeited.
|
|win|kempppppp
|raw|kempppppp's rating: 1112 &rarr; <strong>1138</strong><br />(+26 for winning)
|raw|xjwdsg's rating: 1131 &rarr; <strong>1105</strong><br />(-26 for losing)
|l|☆xjwdsg
|player|p2|
|l|☆kempppppp
|player|p1|
