|j|☆JacquesDeAlderberg
|j|☆meganium275
|t:|1757796062
|gametype|singles
|player|p1|JacquesDeAlderberg|2|1690
|player|p2|meganium275|volkner|1734
|gen|9
|tier|[Gen 9] OU
|rated|
|rule|HP Percentage Mod: HP is shown in percentages
|rule|Endless Battle Clause: Forcing endless battles is banned
|rule|Species Clause: Limit one of each Pokémon
|rule|OHKO Clause: OHKO moves are banned
|rule|Evasion Items Clause: Evasion items are banned
|rule|Evasion Moves Clause: Evasion moves are banned
|rule|Evasion Abilities Clause: Evasion abilities are banned
|rule|Sleep Moves Clause: Sleep-inducing moves are banned
|clearpoke
|poke|p1|Enamorus, F|
|poke|p1|Great Tusk|
|poke|p1|Hatterene, F|
|poke|p1|Iron Crown|
|poke|p1|Ting-Lu|
|poke|p1|Sinistcha|
|poke|p2|Yanmega, M|
|poke|p2|Glimmora, M|
|poke|p2|Great Tusk|
|poke|p2|Zamazenta-*|
|poke|p2|Kingambit, M|
|poke|p2|Kyurem|
|teampreview
|
|t:|1757796080
|teamsize|p1|6
|teamsize|p2|6
|start
|switch|p1a: Enamorus|Enamorus, F|100/100
|switch|p2a: Napoleon|Kingambit, M|100/100
|turn|1
|
|t:|1757796085
|switch|p1a: Great Tusk|Great Tusk|100/100
|-enditem|p1a: Great Tusk|Booster Energy
|-activate|p1a: Great Tusk|ability: Protosynthesis|[fromitem]
|-start|p1a: Great Tusk|protosynthesisspe
|-end|p2a: Napoleon|fallenundefined|[silent]
|switch|p2a: Shiny Rock|Glimmora, M, shiny|100/100
|
|upkeep
|turn|2
|
|t:|1757796093
|switch|p2a: Amazing Tusks|Great Tusk|100/100
|move|p1a: Great Tusk|Headlong Rush|p2a: Amazing Tusks
|-damage|p2a: Amazing Tusks|64/100
|-unboost|p1a: Great Tusk|def|1
|-unboost|p1a: Great Tusk|spd|1
|
|upkeep
|turn|3
|
|t:|1757796101
|move|p1a: Great Tusk|Bulk Up|p1a: Great Tusk
|-boost|p1a: Great Tusk|atk|1
|-boost|p1a: Great Tusk|def|1
|move|p2a: Amazing Tusks|Ice Spinner|p1a: Great Tusk
|-supereffective|p1a: Great Tusk
|-damage|p1a: Great Tusk|65/100
|
|upkeep
|turn|4
|
|t:|1757796105
|move|p1a: Great Tusk|Ice Spinner|p2a: Amazing Tusks
|-supereffective|p2a: Amazing Tusks
|-damage|p2a: Amazing Tusks|15/100
|move|p2a: Amazing Tusks|Ice Spinner|p1a: Great Tusk
|-supereffective|p1a: Great Tusk
|-damage|p1a: Great Tusk|29/100
|
|upkeep
|turn|5
|
|t:|1757796110
|-end|p2a: Amazing Tusks|Protosynthesis|[silent]
|switch|p2a: Shiny Rock|Glimmora, M, shiny|100/100
|move|p1a: Great Tusk|Rapid Spin|p2a: Shiny Rock
|-resisted|p2a: Shiny Rock
|-damage|p2a: Shiny Rock|86/100
|-boost|p1a: Great Tusk|spe|1
|-activate|p2a: Shiny Rock|ability: Toxic Debris
|-sidestart|p1: JacquesDeAlderberg|move: Toxic Spikes
|-sideend|p1: JacquesDeAlderberg|Toxic Spikes|[from] move: Rapid Spin|[of] p1a: Great Tusk
|-enditem|p2a: Shiny Rock|Red Card|[of] p1a: Great Tusk
|-end|p1a: Great Tusk|Protosynthesis|[silent]
|drag|p1a: Sinistcha|Sinistcha|100/100
|
|upkeep
|turn|6
|
|t:|1757796118
|switch|p1a: Hatterene|Hatterene, F|100/100
|move|p2a: Shiny Rock|Sludge Wave|p1a: Hatterene
|-supereffective|p1a: Hatterene
|-damage|p1a: Hatterene|0 fnt
|faint|p1a: Hatterene
|
|upkeep
|
|t:|1757796122
|switch|p1a: Enamorus|Enamorus, F|100/100
|turn|7
|
|t:|1757796126
|switch|p2a: Amazing Tusks|Great Tusk|15/100
|move|p1a: Enamorus|Earth Power|p2a: Amazing Tusks
|-damage|p2a: Amazing Tusks|0 fnt
|faint|p2a: Amazing Tusks
|-end|p2a: Amazing Tusks|Protosynthesis|[silent]
|
|upkeep
|
|t:|1757796133
|switch|p2a: Jack Frost|Kyurem|100/100
|-ability|p2a: Jack Frost|Pressure
|turn|8
|
|t:|1757796136
|move|p1a: Enamorus|Moonblast|p2a: Jack Frost
|-supereffective|p2a: Jack Frost
|-damage|p2a: Jack Frost|8/100
|-unboost|p2a: Jack Frost|spa|1
|move|p2a: Jack Frost|Dragon Dance|p2a: Jack Frost
|-boost|p2a: Jack Frost|atk|1
|-boost|p2a: Jack Frost|spe|1
|
|upkeep
|turn|9
|inactive|Battle timer is ON: inactive players will automatically lose when time's up. (requested by meganium275)
|
|t:|1757796168
|switch|p1a: Great Tusk|Great Tusk|29/100
|move|p2a: Jack Frost|Icicle Spear|p1a: Great Tusk
|-supereffective|p1a: Great Tusk
|-damage|p1a: Great Tusk|4/100
|-supereffective|p1a: Great Tusk
|-damage|p1a: Great Tusk|0 fnt
|faint|p1a: Great Tusk
|-end|p1a: Great Tusk|Protosynthesis|[silent]
|-hitcount|p1: Great Tusk|2
|
|upkeep
|
|t:|1757796172
|switch|p1a: Sinistcha|Sinistcha|100/100
|turn|10
|
|t:|1757796180
|-terastallize|p1a: Sinistcha|Grass
|move|p2a: Jack Frost|Icicle Spear|p1a: Sinistcha
|-supereffective|p1a: Sinistcha
|-damage|p1a: Sinistcha|68/100
|-supereffective|p1a: Sinistcha
|-damage|p1a: Sinistcha|37/100
|-supereffective|p1a: Sinistcha
|-damage|p1a: Sinistcha|7/100
|-supereffective|p1a: Sinistcha
|-damage|p1a: Sinistcha|0 fnt
|faint|p1a: Sinistcha
|-hitcount|p1: Sinistcha|4
|
|upkeep
|
|t:|1757796191
|switch|p1a: Iron Crown|Iron Crown|100/100
|-enditem|p1a: Iron Crown|Booster Energy
|-activate|p1a: Iron Crown|ability: Quark Drive|[fromitem]
|-start|p1a: Iron Crown|quarkdrivespa
|turn|11
|
|t:|1757796196
|-terastallize|p2a: Jack Frost|Fire
|move|p2a: Jack Frost|Tera Blast|p1a: Iron Crown|[anim] Tera Blast Fire
|-supereffective|p1a: Iron Crown
|-damage|p1a: Iron Crown|0 fnt
|faint|p1a: Iron Crown
|-end|p1a: Iron Crown|Quark Drive|[silent]
|
|upkeep
|-message|JacquesDeAlderberg forfeited.
|
|win|meganium275
|raw|JacquesDeAlderberg's rating: 1690 &rarr; <strong>1673</strong><br />(-17 for losing)
|raw|meganium275's rating: 1734 &rarr; <strong>1751</strong><br />(+17 for winning)
|l|☆JacquesDeAlderberg
|player|p1|
|l|☆meganium275
|player|p2|
