|j|☆Kis Vegallomas
|j|☆edrenalinekick
|t:|1757845610
|gametype|singles
|player|p1|Kis Vegallomas|2|1301
|player|p2|edrenalinekick|169|1358
|gen|9
|tier|[Gen 9] OU
|rated|
|rule|HP Percentage Mod: HP is shown in percentages
|rule|Endless Battle Clause: Forcing endless battles is banned
|rule|Species Clause: Limit one of each Pokémon
|rule|OHKO Clause: OHKO moves are banned
|rule|Evasion Items Clause: Evasion items are banned
|rule|Evasion Moves Clause: Evasion moves are banned
|rule|Evasion Abilities Clause: Evasion abilities are banned
|rule|Sleep Moves Clause: Sleep-inducing moves are banned
|clearpoke
|poke|p1|Primeape, M|
|poke|p1|Scream Tail|
|poke|p1|Malamar, M|
|poke|p1|Blaziken, M|
|poke|p1|Scizor, M|
|poke|p1|Meowscarada, M|
|poke|p2|Great Tusk|
|poke|p2|Heatran, M|
|poke|p2|Weavile, M|
|poke|p2|Primarina, M|
|poke|p2|Ogerpon, F|
|poke|p2|Pecharunt|
|teampreview
|inactive|Battle timer is ON: inactive players will automatically lose when time's up. (requested by edrenalinekick)
|
|t:|1757845627
|teamsize|p1|6
|teamsize|p2|6
|start
|switch|p1a: Primeape|Primeape, M|100/100
|switch|p2a: Anonymous|Ogerpon, F|100/100
|turn|1
|
|t:|1757845641
|move|p2a: Anonymous|U-turn|p1a: Primeape
|-resisted|p1a: Primeape
|-damage|p1a: Primeape|83/100
|
|t:|1757845644
|switch|p2a: Celestine|Primarina, M, shiny|100/100|[from] U-turn
|move|p1a: Primeape|Bulk Up|p1a: Primeape
|-boost|p1a: Primeape|atk|1
|-boost|p1a: Primeape|def|1
|
|upkeep
|turn|2
|
|t:|1757845654
|-terastallize|p1a: Primeape|Ghost
|move|p1a: Primeape|Rage Fist|p2a: Celestine
|-damage|p2a: Celestine|32/100
|move|p2a: Celestine|Moonblast|p1a: Primeape
|-damage|p1a: Primeape|53/100
|-unboost|p1a: Primeape|spa|1
|-ability|p1a: Primeape|Defiant|boost
|-boost|p1a: Primeape|atk|2
|
|upkeep
|turn|3
|
|t:|1757845668
|move|p1a: Primeape|Rage Fist|p2a: Celestine
|-damage|p2a: Celestine|0 fnt
|faint|p2a: Celestine
|
|upkeep
|
|t:|1757845673
|switch|p2a: Bandit|Weavile, M, shiny|100/100
|-ability|p2a: Bandit|Pressure
|turn|4
|
|t:|1757845677
|move|p2a: Bandit|Knock Off|p1a: Primeape
|-supereffective|p1a: Primeape
|-damage|p1a: Primeape|0 fnt
|-enditem|p1a: Primeape|Eviolite|[from] move: Knock Off|[of] p2a: Bandit
|faint|p1a: Primeape
|
|upkeep
|
|t:|1757845682
|switch|p1a: Blaziken|Blaziken, M|100/100
|turn|5
|
|t:|1757845686
|switch|p2a: Behemoth|Great Tusk, shiny|100/100
|move|p1a: Blaziken|Focus Energy|p1a: Blaziken
|-start|p1a: Blaziken|move: Focus Energy
|
|-ability|p1a: Blaziken|Speed Boost|boost
|-boost|p1a: Blaziken|spe|1
|upkeep
|turn|6
|
|t:|1757845693
|move|p1a: Blaziken|Overheat|p2a: Behemoth
|-crit|p2a: Behemoth
|-damage|p2a: Behemoth|0 fnt
|-unboost|p1a: Blaziken|spa|2
|faint|p2a: Behemoth
|-end|p2a: Behemoth|Protosynthesis|[silent]
|
|-ability|p1a: Blaziken|Speed Boost|boost
|-boost|p1a: Blaziken|spe|1
|upkeep
|
|t:|1757845700
|switch|p2a: Chaos|Heatran, M, shiny|100/100
|-item|p2a: Chaos|Air Balloon
|turn|7
|
|t:|1757845704
|move|p1a: Blaziken|Aura Sphere|p2a: Chaos
|-supereffective|p2a: Chaos
|-crit|p2a: Chaos
|-damage|p2a: Chaos|0 fnt
|-enditem|p2a: Chaos|Air Balloon
|faint|p2a: Chaos
|
|-ability|p1a: Blaziken|Speed Boost|boost
|-boost|p1a: Blaziken|spe|1
|upkeep
|
|t:|1757845712
|switch|p2a: Overseer|Pecharunt|100/100
|turn|8
|
|t:|1757845715
|move|p1a: Blaziken|Overheat|p2a: Overseer
|-crit|p2a: Overseer
|-damage|p2a: Overseer|4/100
|-unboost|p1a: Blaziken|spa|2
|move|p2a: Overseer|Malignant Chain|p1a: Blaziken
|-damage|p1a: Blaziken|55/100
|-status|p1a: Blaziken|tox
|-start|p1a: Blaziken|confusion|[from] ability: Poison Puppeteer|[of] p2a: Overseer
|
|-damage|p1a: Blaziken|49/100 tox|[from] psn
|-ability|p1a: Blaziken|Speed Boost|boost
|-boost|p1a: Blaziken|spe|1
|upkeep
|turn|9
|
|t:|1757845728
|-activate|p1a: Blaziken|confusion
|move|p1a: Blaziken|Overheat|p2a: Overseer
|-crit|p2a: Overseer
|-damage|p2a: Overseer|0 fnt
|-unboost|p1a: Blaziken|spa|2
|faint|p2a: Overseer
|
|-damage|p1a: Blaziken|37/100 tox|[from] psn
|-ability|p1a: Blaziken|Speed Boost|boost
|-boost|p1a: Blaziken|spe|1
|upkeep
|
|t:|1757845736
|switch|p2a: Bandit|Weavile, M, shiny|100/100
|-ability|p2a: Bandit|Pressure
|turn|10
|
|t:|1757845741
|-terastallize|p2a: Bandit|Ice
|move|p2a: Bandit|Ice Shard|p1a: Blaziken
|-resisted|p1a: Blaziken
|-damage|p1a: Blaziken|9/100 tox
|-end|p1a: Blaziken|confusion
|move|p1a: Blaziken|Aura Sphere|p2a: Bandit
|-supereffective|p2a: Bandit
|-crit|p2a: Bandit
|-damage|p2a: Bandit|0 fnt
|faint|p2a: Bandit
|
|-damage|p1a: Blaziken|0 fnt|[from] psn
|faint|p1a: Blaziken
|upkeep
|
|t:|1757845754
|switch|p2a: Anonymous|Ogerpon, F|100/100
|switch|p1a: Malamar|Malamar, M|100/100
|turn|11
|
|t:|1757845761
|move|p1a: Malamar|Superpower|p2a: Anonymous
|-damage|p2a: Anonymous|60/100
|-boost|p1a: Malamar|atk|1
|-boost|p1a: Malamar|def|1
|move|p2a: Anonymous|Knock Off|p1a: Malamar
|-damage|p1a: Malamar|62/100
|-enditem|p1a: Malamar|Choice Scarf|[from] move: Knock Off|[of] p2a: Anonymous
|
|upkeep
|turn|12
|
|t:|1757845769
|move|p2a: Anonymous|Knock Off|p1a: Malamar
|-damage|p1a: Malamar|38/100
|move|p1a: Malamar|Superpower|p2a: Anonymous
|-damage|p2a: Anonymous|0 fnt
|-boost|p1a: Malamar|atk|1
|-boost|p1a: Malamar|def|1
|faint|p2a: Anonymous
|
|win|Kis Vegallomas
|raw|Kis Vegallomas's rating: 1301 &rarr; <strong>1324</strong><br />(+23 for winning)
|raw|edrenalinekick's rating: 1358 &rarr; <strong>1335</strong><br />(-23 for losing)
