|j|☆SpectralStorm
|j|☆aventuspilot
|t:|1757828422
|gametype|singles
|player|p1|SpectralStorm|1|1210
|player|p2|aventuspilot|265|1181
|gen|9
|tier|[Gen 9] OU
|rated|
|rule|HP Percentage Mod: HP is shown in percentages
|rule|Endless Battle Clause: Forcing endless battles is banned
|rule|Species Clause: Limit one of each Pokémon
|rule|OHKO Clause: OHKO moves are banned
|rule|Evasion Items Clause: Evasion items are banned
|rule|Evasion Moves Clause: Evasion moves are banned
|rule|Evasion Abilities Clause: Evasion abilities are banned
|rule|Sleep Moves Clause: Sleep-inducing moves are banned
|clearpoke
|poke|p1|Bellibolt, M|
|poke|p1|Basculegion, M|
|poke|p1|Dragonite, F|
|poke|p1|Iron Treads|
|poke|p1|Barraskewda, M|
|poke|p1|Pelipper, M|
|poke|p2|Torkoal, F|
|poke|p2|Hatterene, F|
|poke|p2|Raging Bolt|
|poke|p2|Slither Wing|
|poke|p2|Venusaur, F|
|poke|p2|Walking Wake|
|teampreview
|
|t:|1757828439
|teamsize|p1|6
|teamsize|p2|6
|start
|switch|p1a: Iron Treads|Iron Treads|100/100
|switch|p2a: Torkoal|Torkoal, F|100/100
|-weather|SunnyDay|[from] ability: Drought|[of] p2a: Torkoal
|turn|1
|
|t:|1757828458
|-end|p1a: Iron Treads|Quark Drive|[silent]
|switch|p1a: Pelipper|Pelipper, M|100/100
|-weather|RainDance|[from] ability: Drizzle|[of] p1a: Pelipper
|move|p2a: Torkoal|Earthquake|p1a: Pelipper
|-immune|p1a: Pelipper
|
|-weather|RainDance|[upkeep]
|upkeep
|turn|2
|
|t:|1757828467
|switch|p2a: Walking Wake|Walking Wake|100/100
|move|p1a: Pelipper|U-turn|p2a: Walking Wake
|-damage|p2a: Walking Wake|92/100
|
|t:|1757828471
|switch|p1a: Dragonite|Dragonite, F|100/100|[from] U-turn
|
|-weather|RainDance|[upkeep]
|upkeep
|turn|3
|
|t:|1757828479
|-terastallize|p2a: Walking Wake|Fairy
|move|p2a: Walking Wake|Hydro Steam|p1a: Dragonite
|-resisted|p1a: Dragonite
|-damage|p1a: Dragonite|82/100
|move|p1a: Dragonite|Draco Meteor|p2a: Walking Wake
|-immune|p2a: Walking Wake
|
|-weather|RainDance|[upkeep]
|upkeep
|turn|4
|
|t:|1757828488
|move|p2a: Walking Wake|Draco Meteor|p1a: Dragonite|[miss]
|-miss|p2a: Walking Wake|p1a: Dragonite
|move|p1a: Dragonite|Hurricane|p2a: Walking Wake
|-damage|p2a: Walking Wake|27/100
|
|-weather|RainDance|[upkeep]
|upkeep
|turn|5
|
|t:|1757828495
|switch|p1a: Iron Treads|Iron Treads|100/100
|move|p2a: Walking Wake|Draco Meteor|p1a: Iron Treads
|-resisted|p1a: Iron Treads
|-crit|p1a: Iron Treads
|-damage|p1a: Iron Treads|34/100
|-unboost|p2a: Walking Wake|spa|2
|-enditem|p1a: Iron Treads|Eject Button
|
|t:|1757828501
|-end|p1a: Iron Treads|Quark Drive|[silent]
|switch|p1a: Barraskewda|Barraskewda, M|100/100
|
|-weather|RainDance|[upkeep]
|upkeep
|turn|6
|
|t:|1757828510
|-end|p2a: Walking Wake|Protosynthesis|[silent]
|switch|p2a: Torkoal|Torkoal, F|100/100
|-weather|SunnyDay|[from] ability: Drought|[of] p2a: Torkoal
|move|p1a: Barraskewda|Flip Turn|p2a: Torkoal
|-supereffective|p2a: Torkoal
|-damage|p2a: Torkoal|56/100
|
|t:|1757828514
|switch|p1a: Pelipper|Pelipper, M|100/100|[from] Flip Turn
|-weather|RainDance|[from] ability: Drizzle|[of] p1a: Pelipper
|
|-weather|RainDance|[upkeep]
|upkeep
|turn|7
|
|t:|1757828520
|switch|p2a: Raging Bolt|Raging Bolt|100/100
|move|p1a: Pelipper|Surf|p2a: Raging Bolt
|-resisted|p2a: Raging Bolt
|-damage|p2a: Raging Bolt|81/100
|
|-weather|RainDance|[upkeep]
|upkeep
|turn|8
|
|t:|1757828523
|switch|p1a: Bellibolt|Bellibolt, M|100/100
|move|p2a: Raging Bolt|Thunderclap||[still]
|-fail|p2a: Raging Bolt
|
|-weather|RainDance|[upkeep]
|upkeep
|turn|9
|
|t:|1757828532
|-terastallize|p1a: Bellibolt|Fairy
|move|p2a: Raging Bolt|Weather Ball|p1a: Bellibolt
|-damage|p1a: Bellibolt|54/100
|-start|p1a: Bellibolt|Charge|Weather Ball|[from] ability: Electromorphosis
|-damage|p2a: Raging Bolt|71/100|[from] item: Life Orb
|move|p1a: Bellibolt|Tera Blast|p2a: Raging Bolt|[anim] Tera Blast Fairy
|-supereffective|p2a: Raging Bolt
|-damage|p2a: Raging Bolt|0 fnt
|faint|p2a: Raging Bolt
|-end|p2a: Raging Bolt|Protosynthesis|[silent]
|
|-weather|RainDance|[upkeep]
|upkeep
|
|t:|1757828537
|switch|p2a: Slither Wing|Slither Wing|100/100
|turn|10
|
|t:|1757828545
|move|p2a: Slither Wing|First Impression|p1a: Bellibolt
|-resisted|p1a: Bellibolt
|-damage|p1a: Bellibolt|30/100
|-start|p1a: Bellibolt|Charge|First Impression|[from] ability: Electromorphosis
|move|p1a: Bellibolt|Volt Switch|p2a: Slither Wing
|-damage|p2a: Slither Wing|55/100
|-end|p1a: Bellibolt|Charge|[silent]
|
|t:|1757828551
|switch|p1a: Barraskewda|Barraskewda, M|100/100|[from] Volt Switch
|
|-weather|RainDance|[upkeep]
|upkeep
|turn|11
|
|t:|1757828557
|move|p1a: Barraskewda|Liquidation|p2a: Slither Wing
|-damage|p2a: Slither Wing|0 fnt
|faint|p2a: Slither Wing
|-end|p2a: Slither Wing|Protosynthesis|[silent]
|
|-weather|RainDance|[upkeep]
|upkeep
|-message|aventuspilot forfeited.
|
|win|SpectralStorm
|raw|SpectralStorm's rating: 1210 &rarr; <strong>1233</strong><br />(+23 for winning)
|raw|aventuspilot's rating: 1181 &rarr; <strong>1158</strong><br />(-23 for losing)
|l|☆aventuspilot
|player|p2|
|l|☆SpectralStorm
|player|p1|
