|j|☆kinsword
|j|☆NotGhostP
|t:|1757904687
|gametype|singles
|player|p1|kinsword|102|1345
|player|p2|NotGhostP|miku-ghost|1353
|gen|9
|tier|[Gen 9] OU
|rated|
|rule|HP Percentage Mod: HP is shown in percentages
|rule|Endless Battle Clause: Forcing endless battles is banned
|rule|Species Clause: Limit one of each Pokémon
|rule|OHKO Clause: OHKO moves are banned
|rule|Evasion Items Clause: Evasion items are banned
|rule|Evasion Moves Clause: Evasion moves are banned
|rule|Evasion Abilities Clause: Evasion abilities are banned
|rule|Sleep Moves Clause: Sleep-inducing moves are banned
|clearpoke
|poke|p1|Iron Thorns|
|poke|p1|Samurott, F|
|poke|p1|Zapdos-Galar|
|poke|p1|Excadrill, F|
|poke|p1|Enamorus-Therian, F|
|poke|p1|Overqwil, F|
|poke|p2|Slowking-Galar, M|
|poke|p2|Garganacl, M|
|poke|p2|Iron Valiant|
|poke|p2|Gholdengo|
|poke|p2|Kyurem|
|poke|p2|Iron Treads|
|teampreview
|inactive|Battle timer is ON: inactive players will automatically lose when time's up. (requested by NotGhostP)
|
|t:|1757904699
|teamsize|p1|6
|teamsize|p2|6
|start
|switch|p1a: Zapdos|Zapdos-Galar|100/100
|switch|p2a: Garganacl|Garganacl, M|100/100
|turn|1
|
|t:|1757904707
|move|p1a: Zapdos|Close Combat|p2a: Garganacl
|-supereffective|p2a: Garganacl
|-damage|p2a: Garganacl|35/100
|-unboost|p1a: Zapdos|def|1
|-unboost|p1a: Zapdos|spd|1
|move|p2a: Garganacl|Stealth Rock|p1a: Zapdos
|-sidestart|p1: kinsword|move: Stealth Rock
|
|-heal|p2a: Garganacl|41/100|[from] item: Leftovers
|upkeep
|turn|2
|
|t:|1757904724
|switch|p1a: Excadrill|Excadrill, F|100/100
|-damage|p1a: Excadrill|97/100|[from] Stealth Rock
|-ability|p1a: Excadrill|Mold Breaker
|switch|p2a: Slowking|Slowking-Galar, M|100/100
|
|upkeep
|turn|3
|
|t:|1757904735
|switch|p2a: Gholdengo|Gholdengo|100/100
|-item|p2a: Gholdengo|Air Balloon
|move|p1a: Excadrill|Iron Head|p2a: Gholdengo
|-resisted|p2a: Gholdengo
|-damage|p2a: Gholdengo|77/100
|-enditem|p2a: Gholdengo|Air Balloon
|
|upkeep
|turn|4
|
|t:|1757904746
|move|p1a: Excadrill|Earthquake|p2a: Gholdengo
|-supereffective|p2a: Gholdengo
|-damage|p2a: Gholdengo|0 fnt
|faint|p2a: Gholdengo
|
|upkeep
|
|t:|1757904765
|switch|p2a: Garganacl|Garganacl, M|41/100
|turn|5
|
|t:|1757904769
|-terastallize|p2a: Garganacl|Ghost
|move|p1a: Excadrill|Earthquake|p2a: Garganacl
|-damage|p2a: Garganacl|13/100
|move|p2a: Garganacl|Recover|p2a: Garganacl
|-heal|p2a: Garganacl|63/100
|
|-heal|p2a: Garganacl|69/100|[from] item: Leftovers
|upkeep
|turn|6
|
|t:|1757904783
|switch|p1a: Overqwil|Overqwil, F|100/100
|-damage|p1a: Overqwil|88/100|[from] Stealth Rock
|-ability|p1a: Overqwil|Intimidate|boost
|-unboost|p2a: Garganacl|atk|1
|move|p2a: Garganacl|Salt Cure|p1a: Overqwil
|-damage|p1a: Overqwil|79/100
|-start|p1a: Overqwil|Salt Cure
|
|-heal|p1a: Overqwil|85/100|[from] item: Leftovers
|-heal|p2a: Garganacl|75/100|[from] item: Leftovers
|-damage|p1a: Overqwil|73/100|[from] Salt Cure
|upkeep
|turn|7
|
|t:|1757904795
|move|p1a: Overqwil|Crunch|p2a: Garganacl
|-supereffective|p2a: Garganacl
|-damage|p2a: Garganacl|31/100
|move|p2a: Garganacl|Recover|p2a: Garganacl
|-heal|p2a: Garganacl|81/100
|
|-heal|p1a: Overqwil|79/100|[from] item: Leftovers
|-heal|p2a: Garganacl|88/100|[from] item: Leftovers
|-damage|p1a: Overqwil|67/100|[from] Salt Cure
|upkeep
|turn|8
|
|t:|1757904806
|move|p1a: Overqwil|Crunch|p2a: Garganacl
|-supereffective|p2a: Garganacl
|-damage|p2a: Garganacl|44/100
|-unboost|p2a: Garganacl|def|1
|move|p2a: Garganacl|Salt Cure|p1a: Overqwil
|-damage|p1a: Overqwil|59/100
|
|-heal|p1a: Overqwil|65/100|[from] item: Leftovers
|-heal|p2a: Garganacl|50/100|[from] item: Leftovers
|-damage|p1a: Overqwil|52/100|[from] Salt Cure
|upkeep
|turn|9
|
|t:|1757904817
|switch|p1a: Samurott|Samurott, F|100/100
|-damage|p1a: Samurott|88/100|[from] Stealth Rock
|switch|p2a: Iron Treads|Iron Treads|100/100
|
|upkeep
|turn|10
|
|t:|1757904839
|move|p2a: Iron Treads|Volt Switch|p1a: Samurott
|-supereffective|p1a: Samurott
|-damage|p1a: Samurott|72/100
|
|t:|1757904849
|-end|p2a: Iron Treads|Quark Drive|[silent]
|switch|p2a: Kyurem|Kyurem|100/100|[from] Volt Switch
|-ability|p2a: Kyurem|Pressure
|move|p1a: Samurott|Surf|p2a: Kyurem
|-resisted|p2a: Kyurem
|-damage|p2a: Kyurem|80/100
|
|upkeep
|turn|11
|
|t:|1757904861
|switch|p1a: Excadrill|Excadrill, F|97/100
|-damage|p1a: Excadrill|94/100|[from] Stealth Rock
|-ability|p1a: Excadrill|Mold Breaker
|move|p2a: Kyurem|Freeze-Dry|p1a: Excadrill
|-damage|p1a: Excadrill|61/100
|
|upkeep
|turn|12
|inactive|NotGhostP has 120 seconds left.
|
|t:|1757904891
|switch|p2a: Garganacl|Garganacl, M, tera:Ghost|50/100
|move|p1a: Excadrill|Earthquake|p2a: Garganacl
|-damage|p2a: Garganacl|22/100
|
|-heal|p2a: Garganacl|28/100|[from] item: Leftovers
|upkeep
|turn|13
|inactive|NotGhostP has 120 seconds left.
|
|t:|1757904903
|move|p2a: Garganacl|Protect|p2a: Garganacl
|-singleturn|p2a: Garganacl|Protect
|move|p1a: Excadrill|Earthquake|p2a: Garganacl
|-activate|p2a: Garganacl|move: Protect
|
|-heal|p2a: Garganacl|34/100|[from] item: Leftovers
|upkeep
|turn|14
|
|t:|1757904912
|switch|p1a: Zapdos|Zapdos-Galar|100/100
|-damage|p1a: Zapdos|88/100|[from] Stealth Rock
|move|p2a: Garganacl|Recover|p2a: Garganacl
|-heal|p2a: Garganacl|84/100
|
|-heal|p2a: Garganacl|91/100|[from] item: Leftovers
|upkeep
|turn|15
|
|t:|1757904929
|switch|p2a: Slowking|Slowking-Galar, M|100/100
|move|p1a: Zapdos|Knock Off|p2a: Slowking
|-supereffective|p2a: Slowking
|-damage|p2a: Slowking|37/100
|-enditem|p2a: Slowking|Leftovers|[from] move: Knock Off|[of] p1a: Zapdos
|
|upkeep
|turn|16
|
|t:|1757904937
|move|p1a: Zapdos|Knock Off|p2a: Slowking
|-supereffective|p2a: Slowking
|-crit|p2a: Slowking
|-damage|p2a: Slowking|0 fnt
|faint|p2a: Slowking
|
|upkeep
|inactive|NotGhostP has 120 seconds left.
|
|t:|1757904960
|switch|p2a: Kyurem|Kyurem|80/100
|-ability|p2a: Kyurem|Pressure
|turn|17
|inactive|NotGhostP has 120 seconds left.
|
|t:|1757904980
|switch|p1a: Overqwil|Overqwil, F|52/100
|-damage|p1a: Overqwil|40/100|[from] Stealth Rock
|-ability|p1a: Overqwil|Intimidate|boost
|-unboost|p2a: Kyurem|atk|1
|move|p2a: Kyurem|Freeze-Dry|p1a: Overqwil
|-damage|p1a: Overqwil|0 fnt
|faint|p1a: Overqwil
|
|upkeep
|
|t:|1757904998
|switch|p1a: Excadrill|Excadrill, F|61/100
|-damage|p1a: Excadrill|58/100|[from] Stealth Rock
|-ability|p1a: Excadrill|Mold Breaker
|turn|18
|
|t:|1757905009
|switch|p2a: Garganacl|Garganacl, M, tera:Ghost|91/100
|move|p1a: Excadrill|Iron Head|p2a: Garganacl
|-damage|p2a: Garganacl|67/100
|
|-heal|p2a: Garganacl|73/100|[from] item: Leftovers
|upkeep
|turn|19
|
|t:|1757905018
|switch|p1a: Samurott|Samurott, F|72/100
|-damage|p1a: Samurott|59/100|[from] Stealth Rock
|move|p2a: Garganacl|Salt Cure|p1a: Samurott
|-damage|p1a: Samurott|44/100
|-start|p1a: Samurott|Salt Cure
|
|-heal|p2a: Garganacl|79/100|[from] item: Leftovers
|-damage|p1a: Samurott|19/100|[from] Salt Cure
|upkeep
|turn|20
|
|t:|1757905029
|move|p2a: Garganacl|Protect|p2a: Garganacl
|-singleturn|p2a: Garganacl|Protect
|move|p1a: Samurott|Surf|p2a: Garganacl
|-activate|p2a: Garganacl|move: Protect
|
|-heal|p2a: Garganacl|85/100|[from] item: Leftovers
|-damage|p1a: Samurott|0 fnt|[from] Salt Cure
|faint|p1a: Samurott
|upkeep
|
|t:|1757905042
|switch|p1a: Zapdos|Zapdos-Galar|88/100
|-damage|p1a: Zapdos|76/100|[from] Stealth Rock
|turn|21
|
|t:|1757905050
|move|p1a: Zapdos|Brave Bird|p2a: Garganacl
|-damage|p2a: Garganacl|55/100
|-damage|p1a: Zapdos|63/100|[from] Recoil
|move|p2a: Garganacl|Salt Cure|p1a: Zapdos
|-damage|p1a: Zapdos|46/100
|-start|p1a: Zapdos|Salt Cure
|
|-heal|p2a: Garganacl|62/100|[from] item: Leftovers
|-damage|p1a: Zapdos|34/100|[from] Salt Cure
|upkeep
|turn|22
|
|t:|1757905062
|switch|p1a: Iron Thorns|Iron Thorns|100/100
|-damage|p1a: Iron Thorns|88/100|[from] Stealth Rock
|move|p2a: Garganacl|Recover|p2a: Garganacl
|-heal|p2a: Garganacl|100/100
|
|upkeep
|turn|23
|
|t:|1757905075
|move|p1a: Iron Thorns|Dragon Dance|p1a: Iron Thorns
|-boost|p1a: Iron Thorns|atk|1
|-boost|p1a: Iron Thorns|spe|1
|move|p2a: Garganacl|Salt Cure|p1a: Iron Thorns
|-damage|p1a: Iron Thorns|75/100
|-start|p1a: Iron Thorns|Salt Cure
|
|-damage|p1a: Iron Thorns|62/100|[from] Salt Cure
|upkeep
|turn|24
|
|t:|1757905085
|move|p1a: Iron Thorns|Dragon Dance|p1a: Iron Thorns
|-boost|p1a: Iron Thorns|atk|1
|-boost|p1a: Iron Thorns|spe|1
|move|p2a: Garganacl|Salt Cure|p1a: Iron Thorns
|-damage|p1a: Iron Thorns|49/100
|
|-damage|p1a: Iron Thorns|37/100|[from] Salt Cure
|upkeep
|turn|25
|
|t:|1757905094
|move|p1a: Iron Thorns|Dragon Dance|p1a: Iron Thorns
|-boost|p1a: Iron Thorns|atk|1
|-boost|p1a: Iron Thorns|spe|1
|move|p2a: Garganacl|Salt Cure|p1a: Iron Thorns
|-crit|p1a: Iron Thorns
|-damage|p1a: Iron Thorns|18/100
|
|-damage|p1a: Iron Thorns|5/100|[from] Salt Cure
|upkeep
|turn|26
|
|t:|1757905103
|move|p2a: Garganacl|Protect|p2a: Garganacl
|-singleturn|p2a: Garganacl|Protect
|move|p1a: Iron Thorns|Rock Blast|p2a: Garganacl
|-activate|p2a: Garganacl|move: Protect
|
|-damage|p1a: Iron Thorns|0 fnt|[from] Salt Cure
|faint|p1a: Iron Thorns
|-end|p1a: Iron Thorns|Quark Drive|[silent]
|upkeep
|-message|kinsword forfeited.
|
|win|NotGhostP
|raw|kinsword's rating: 1345 &rarr; <strong>1325</strong><br />(-20 for losing)
|raw|NotGhostP's rating: 1353 &rarr; <strong>1373</strong><br />(+20 for winning)
|l|☆kinsword
|player|p1|
|c|☆NotGhostP|gg
|l|☆NotGhostP
|player|p2|
