|j|☆Foxight
|j|☆hey_rain_maker
|t:|1757933655
|gametype|singles
|player|p1|Foxight|n|1545
|player|p2|hey_rain_maker|caitlin|1560
|gen|9
|tier|[Gen 9] OU
|rated|
|rule|HP Percentage Mod: HP is shown in percentages
|rule|Endless Battle Clause: Forcing endless battles is banned
|rule|Species Clause: Limit one of each Pokémon
|rule|OHKO Clause: OHKO moves are banned
|rule|Evasion Items Clause: Evasion items are banned
|rule|Evasion Moves Clause: Evasion moves are banned
|rule|Evasion Abilities Clause: Evasion abilities are banned
|rule|Sleep Moves Clause: Sleep-inducing moves are banned
|clearpoke
|poke|p1|Samurott-Hisui, F|
|poke|p1|Kingambit, F|
|poke|p1|Dragonite, M|
|poke|p1|Zamazenta-*|
|poke|p1|Iron Valiant|
|poke|p1|Gholdengo|
|poke|p2|Dragapult, F|
|poke|p2|Cinderace, F|
|poke|p2|Darkrai|
|poke|p2|Ogerpon-Wellspring, F|
|poke|p2|Gliscor, F|
|poke|p2|Raging Bolt|
|teampreview
|inactive|Battle timer is ON: inactive players will automatically lose when time's up. (requested by hey_rain_maker)
|
|t:|1757933665
|teamsize|p1|6
|teamsize|p2|6
|start
|switch|p1a: Samurott|Samurott-Hisui, F|100/100
|switch|p2a: Tsukuyomi|Darkrai|100/100
|turn|1
|
|t:|1757933670
|move|p2a: Tsukuyomi|Trick|p1a: Samurott
|-activate|p2a: Tsukuyomi|move: Trick|[of] p1a: Samurott
|-item|p1a: Samurott|Choice Specs|[from] move: Trick
|-item|p2a: Tsukuyomi|Focus Sash|[from] move: Trick
|move|p1a: Samurott|Ceaseless Edge|p2a: Tsukuyomi
|-resisted|p2a: Tsukuyomi
|-damage|p2a: Tsukuyomi|71/100
|-sidestart|p2: hey_rain_maker|Spikes
|
|upkeep
|turn|2
|
|t:|1757933676
|move|p2a: Tsukuyomi|Sludge Bomb|p1a: Samurott
|-damage|p1a: Samurott|51/100
|-status|p1a: Samurott|psn
|move|p1a: Samurott|Ceaseless Edge|p2a: Tsukuyomi
|-resisted|p2a: Tsukuyomi
|-damage|p2a: Tsukuyomi|40/100
|-sidestart|p2: hey_rain_maker|Spikes
|
|-damage|p1a: Samurott|39/100 psn|[from] psn
|upkeep
|turn|3
|
|t:|1757933688
|move|p2a: Tsukuyomi|Sludge Bomb|p1a: Samurott
|-damage|p1a: Samurott|0 fnt
|faint|p1a: Samurott
|
|upkeep
|j| Dragonlatios1
|
|t:|1757933701
|switch|p1a: Zamazenta|Zamazenta|100/100
|-ability|p1a: Zamazenta|Dauntless Shield|boost
|-boost|p1a: Zamazenta|def|1
|turn|4
|
|t:|1757933708
|move|p1a: Zamazenta|Heavy Slam|p2a: Tsukuyomi
|-damage|p2a: Tsukuyomi|0 fnt
|faint|p2a: Tsukuyomi
|
|upkeep
|
|t:|1757933716
|switch|p2a: Skorpio Wins!|Gliscor, F|100/100
|turn|5
|
|t:|1757933721
|switch|p1a: Gholdengo|Gholdengo|100/100
|-item|p1a: Gholdengo|Air Balloon
|move|p2a: Skorpio Wins!|Knock Off|p1a: Gholdengo
|-supereffective|p1a: Gholdengo
|-damage|p1a: Gholdengo|54/100
|-enditem|p1a: Gholdengo|Air Balloon
|
|-status|p2a: Skorpio Wins!|tox|[from] item: Toxic Orb
|upkeep
|turn|6
|j| Ctannn
|
|t:|1757933730
|move|p1a: Gholdengo|Make It Rain|p2a: Skorpio Wins!
|-damage|p2a: Skorpio Wins!|27/100 tox
|-unboost|p1a: Gholdengo|spa|1
|move|p2a: Skorpio Wins!|Earthquake|p1a: Gholdengo
|-supereffective|p1a: Gholdengo
|-damage|p1a: Gholdengo|0 fnt
|faint|p1a: Gholdengo
|
|-heal|p2a: Skorpio Wins!|39/100 tox|[from] ability: Poison Heal
|upkeep
|
|t:|1757933744
|switch|p1a: Iron Valiant|Iron Valiant|100/100
|-enditem|p1a: Iron Valiant|Booster Energy
|-activate|p1a: Iron Valiant|ability: Quark Drive|[fromitem]
|-start|p1a: Iron Valiant|quarkdrivespe
|turn|7
|
|t:|1757933749
|move|p1a: Iron Valiant|Calm Mind|p1a: Iron Valiant
|-boost|p1a: Iron Valiant|spa|1
|-boost|p1a: Iron Valiant|spd|1
|move|p2a: Skorpio Wins!|Earthquake|p1a: Iron Valiant
|-damage|p1a: Iron Valiant|55/100
|
|-heal|p2a: Skorpio Wins!|52/100 tox|[from] ability: Poison Heal
|upkeep
|turn|8
|
|t:|1757933756
|move|p1a: Iron Valiant|Moonblast|p2a: Skorpio Wins!
|-crit|p2a: Skorpio Wins!
|-damage|p2a: Skorpio Wins!|0 fnt
|faint|p2a: Skorpio Wins!
|
|upkeep
|l| Dragonlatios1
|
|t:|1757933763
|switch|p2a: David Villa|Cinderace, F|100/100
|turn|9
|
|t:|1757933770
|move|p1a: Iron Valiant|Thunderbolt|p2a: David Villa
|-damage|p2a: David Villa|47/100
|move|p2a: David Villa|Pyro Ball|p1a: Iron Valiant
|-damage|p1a: Iron Valiant|0 fnt
|faint|p1a: Iron Valiant
|-end|p1a: Iron Valiant|Quark Drive|[silent]
|
|upkeep
|
|t:|1757933787
|switch|p1a: Zamazenta|Zamazenta|100/100
|turn|10
|
|t:|1757933793
|move|p1a: Zamazenta|Close Combat|p2a: David Villa
|-damage|p2a: David Villa|0 fnt
|-unboost|p1a: Zamazenta|def|1
|-unboost|p1a: Zamazenta|spd|1
|faint|p2a: David Villa
|
|upkeep
|
|t:|1757933800
|switch|p2a: Callsign SPECTRE|Dragapult, F|100/100
|-damage|p2a: Callsign SPECTRE|84/100|[from] Spikes
|turn|11
|
|t:|1757933806
|switch|p1a: Kingambit|Kingambit, F|100/100
|-activate|p1a: Kingambit|ability: Supreme Overlord
|-start|p1a: Kingambit|fallen3|[silent]
|move|p2a: Callsign SPECTRE|Dragon Dance|p2a: Callsign SPECTRE
|-boost|p2a: Callsign SPECTRE|atk|1
|-boost|p2a: Callsign SPECTRE|spe|1
|
|-heal|p2a: Callsign SPECTRE|90/100|[from] item: Leftovers
|upkeep
|turn|12
|
|t:|1757933817
|-terastallize|p2a: Callsign SPECTRE|Fairy
|move|p1a: Kingambit|Sucker Punch|p2a: Callsign SPECTRE
|-resisted|p2a: Callsign SPECTRE
|-damage|p2a: Callsign SPECTRE|53/100
|move|p2a: Callsign SPECTRE|Tera Blast|p1a: Kingambit|[anim] Tera Blast Fairy
|-damage|p1a: Kingambit|49/100
|
|-heal|p2a: Callsign SPECTRE|59/100|[from] item: Leftovers
|upkeep
|turn|13
|
|t:|1757933825
|move|p2a: Callsign SPECTRE|Dragon Dance|p2a: Callsign SPECTRE
|-boost|p2a: Callsign SPECTRE|atk|1
|-boost|p2a: Callsign SPECTRE|spe|1
|move|p1a: Kingambit|Iron Head|p2a: Callsign SPECTRE
|-supereffective|p2a: Callsign SPECTRE
|-damage|p2a: Callsign SPECTRE|0 fnt
|faint|p2a: Callsign SPECTRE
|
|upkeep
|-message|hey_rain_maker forfeited.
|
|win|Foxight
|raw|Foxight's rating: 1545 &rarr; <strong>1566</strong><br />(+21 for winning)
|raw|hey_rain_maker's rating: 1560 &rarr; <strong>1539</strong><br />(-21 for losing)
|l|☆hey_rain_maker
|player|p2|
