|j|☆jeet999
|j|‽LT91BB incelman
|t:|1757822835
|gametype|singles
|player|p1|jeet999|cynthia-masters|1465
|player|p2|LT91BB incelman|miku-ice|1513
|gen|9
|tier|[Gen 9] OU
|rated|
|rule|HP Percentage Mod: HP is shown in percentages
|rule|Endless Battle Clause: Forcing endless battles is banned
|rule|Species Clause: Limit one of each Pokémon
|rule|OHKO Clause: OHKO moves are banned
|rule|Evasion Items Clause: Evasion items are banned
|rule|Evasion Moves Clause: Evasion moves are banned
|rule|Evasion Abilities Clause: Evasion abilities are banned
|rule|Sleep Moves Clause: Sleep-inducing moves are banned
|clearpoke
|poke|p1|Indeedee, M|
|poke|p1|Hatterene, F|
|poke|p1|Ursaluna, F|
|poke|p1|Iron Hands|
|poke|p1|Hoopa-Unbound|
|poke|p1|Mimikyu, F|
|poke|p2|Ting-Lu|
|poke|p2|Zamazenta-*|
|poke|p2|Kyurem|
|poke|p2|Dondozo, M|
|poke|p2|Sinistcha|
|poke|p2|Ogerpon-Wellspring, F|
|teampreview
|inactive|Battle timer is ON: inactive players will automatically lose when time's up. (requested by jeet999)
|
|t:|1757822863
|teamsize|p1|6
|teamsize|p2|6
|start
|switch|p1a: Subaru|Indeedee, M, shiny|100/100
|switch|p2a: Ogerpon|Ogerpon-Wellspring, F|100/100
|-fieldstart|move: Psychic Terrain|[from] ability: Psychic Surge|[of] p1a: Subaru
|turn|1
|
|t:|1757822870
|switch|p2a: Ting-Lu|Ting-Lu|100/100
|-ability|p2a: Ting-Lu|Vessel of Ruin
|move|p1a: Subaru|Trick Room|p1a: Subaru
|-fieldstart|move: Trick Room|[of] p1a: Subaru
|
|upkeep
|turn|2
|
|t:|1757822881
|switch|p1a: Satella|Hatterene, F, shiny|100/100
|move|p2a: Ting-Lu|Earthquake|p1a: Satella
|-damage|p1a: Satella|59/100
|
|upkeep
|turn|3
|
|t:|1757822899
|move|p1a: Satella|Draining Kiss|p2a: Ting-Lu
|-supereffective|p2a: Ting-Lu
|-damage|p2a: Ting-Lu|53/100
|-heal|p1a: Satella|100/100|[from] drain|[of] p2a: Ting-Lu
|-damage|p1a: Satella|91/100|[from] item: Life Orb
|move|p2a: Ting-Lu|Earthquake|p1a: Satella
|-crit|p1a: Satella
|-damage|p1a: Satella|24/100
|
|-heal|p2a: Ting-Lu|59/100|[from] item: Leftovers
|upkeep
|turn|4
|
|t:|1757822919
|switch|p2a: Dondozo|Dondozo, M|100/100
|move|p1a: Satella|Draining Kiss|p2a: Dondozo
|-damage|p2a: Dondozo|76/100
|-heal|p1a: Satella|53/100|[from] drain|[of] p2a: Dondozo
|-damage|p1a: Satella|43/100|[from] item: Life Orb
|
|-heal|p2a: Dondozo|82/100|[from] item: Leftovers
|upkeep
|turn|5
|
|t:|1757822929
|move|p1a: Satella|Draining Kiss|p2a: Dondozo
|-damage|p2a: Dondozo|59/100
|-heal|p1a: Satella|71/100|[from] drain|[of] p2a: Dondozo
|-damage|p1a: Satella|61/100|[from] item: Life Orb
|move|p2a: Dondozo|Body Press|p1a: Satella
|-resisted|p1a: Satella
|-damage|p1a: Satella|55/100
|
|-heal|p2a: Dondozo|65/100|[from] item: Leftovers
|-fieldend|move: Trick Room
|upkeep
|turn|6
|inactive|LT91BB incelman has 120 seconds left.
|
|t:|1757822961
|switch|p2a: Kyurem|Kyurem|100/100
|-ability|p2a: Kyurem|Pressure
|move|p1a: Satella|Trick Room|p1a: Satella
|-fieldstart|move: Trick Room|[of] p1a: Satella
|
|upkeep
|turn|7
|inactive|LT91BB incelman has 120 seconds left.
|
|t:|1757822971
|-terastallize|p2a: Kyurem|Ground
|move|p1a: Satella|Expanding Force|p2a: Kyurem
|-damage|p2a: Kyurem|0 fnt
|faint|p2a: Kyurem
|-damage|p1a: Satella|45/100|[from] item: Life Orb
|
|upkeep
|inactive|LT91BB incelman has 120 seconds left.
|-message|LT91BB incelman forfeited.
|
|win|jeet999
|raw|jeet999's rating: 1465 &rarr; <strong>1488</strong><br />(+23 for winning)
|raw|LT91BB incelman's rating: 1513 &rarr; <strong>1490</strong><br />(-23 for losing)
|l|‽LT91BB incelman
|player|p2|
|l|☆jeet999
|player|p1|
