|j|☆sailormooo
|j|☆Yuuiiioqop
|t:|1757921414
|gametype|singles
|player|p1|sailormooo|whitney|1075
|player|p2|Yuuiiioqop|1|1109
|gen|9
|tier|[Gen 9] OU
|rated|
|rule|HP Percentage Mod: HP is shown in percentages
|rule|Endless Battle Clause: Forcing endless battles is banned
|rule|Species Clause: Limit one of each Pokémon
|rule|OHKO Clause: OHKO moves are banned
|rule|Evasion Items Clause: Evasion items are banned
|rule|Evasion Moves Clause: Evasion moves are banned
|rule|Evasion Abilities Clause: Evasion abilities are banned
|rule|Sleep Moves Clause: Sleep-inducing moves are banned
|clearpoke
|poke|p1|Maushold-Four|
|poke|p1|Zoroark-Hisui, M|
|poke|p1|Ursaluna, F|
|poke|p1|Ditto|
|poke|p1|Arboliva, F|
|poke|p1|Meloetta|
|poke|p2|Torkoal, M|
|poke|p2|Hatterene, F|
|poke|p2|Raging Bolt|
|poke|p2|Slither Wing|
|poke|p2|Venusaur, M|
|poke|p2|Walking Wake|
|teampreview
|inactive|Battle timer is ON: inactive players will automatically lose when time's up. (requested by sailormooo)
|
|t:|1757921421
|teamsize|p1|6
|teamsize|p2|6
|start
|switch|p1a: Charcuterie|Arboliva, F, shiny|100/100
|switch|p2a: Torkoal|Torkoal, M|100/100
|-weather|SunnyDay|[from] ability: Drought|[of] p2a: Torkoal
|turn|1
|
|t:|1757921431
|switch|p2a: Hatterene|Hatterene, F|100/100
|-item|p2a: Hatterene|Air Balloon
|move|p1a: Charcuterie|Earth Power|p2a: Hatterene
|-immune|p2a: Hatterene
|
|-weather|SunnyDay|[upkeep]
|upkeep
|turn|2
|
|t:|1757921436
|move|p1a: Charcuterie|Giga Drain|p2a: Hatterene
|-damage|p2a: Hatterene|70/100
|-enditem|p2a: Hatterene|Air Balloon
|move|p2a: Hatterene|Trick Room|p2a: Hatterene
|-fieldstart|move: Trick Room|[of] p2a: Hatterene
|
|-weather|SunnyDay|[upkeep]
|upkeep
|turn|3
|
|t:|1757921441
|switch|p2a: Torkoal|Torkoal, M|100/100
|move|p1a: Charcuterie|Protect||[still]
|-fail|p1a: Charcuterie
|
|-weather|SunnyDay|[upkeep]
|upkeep
|turn|4
|
|t:|1757921445
|move|p2a: Torkoal|Eruption|p1a: Charcuterie
|-supereffective|p1a: Charcuterie
|-damage|p1a: Charcuterie|0 fnt
|faint|p1a: Charcuterie
|
|-weather|SunnyDay|[upkeep]
|upkeep
|
|t:|1757921452
|switch|p1a: Buildabear|Ursaluna, F, shiny|100/100
|turn|5
|
|t:|1757921456
|move|p2a: Torkoal|Eruption|p1a: Buildabear
|-damage|p1a: Buildabear|19/100
|move|p1a: Buildabear|Earthquake|p2a: Torkoal
|-supereffective|p2a: Torkoal
|-damage|p2a: Torkoal|4/100
|
|-weather|SunnyDay|[upkeep]
|-status|p1a: Buildabear|brn|[from] item: Flame Orb
|upkeep
|turn|6
|
|t:|1757921469
|move|p2a: Torkoal|Earthquake|p1a: Buildabear
|-damage|p1a: Buildabear|6/100 brn
|move|p1a: Buildabear|Facade|p2a: Torkoal
|-damage|p2a: Torkoal|0 fnt
|faint|p2a: Torkoal
|
|-weather|SunnyDay|[upkeep]
|-damage|p1a: Buildabear|0 fnt|[from] brn
|faint|p1a: Buildabear
|-fieldend|move: Trick Room
|upkeep
|
|t:|1757921476
|switch|p1a: Cinderelli|Maushold-Four, shiny|100/100
|switch|p2a: Venusaur|Venusaur, M|100/100
|turn|7
|
|t:|1757921483
|move|p2a: Venusaur|Growth|p2a: Venusaur
|-boost|p2a: Venusaur|atk|2
|-boost|p2a: Venusaur|spa|2
|move|p1a: Cinderelli|Nasty Plot|p1a: Cinderelli
|-boost|p1a: Cinderelli|spa|2
|
|-weather|SunnyDay|[upkeep]
|upkeep
|turn|8
|
|t:|1757921511
|-terastallize|p2a: Venusaur|Grass
|move|p2a: Venusaur|Weather Ball|p1a: Cinderelli
|-enditem|p1a: Cinderelli|Focus Sash
|-damage|p1a: Cinderelli|1/100
|replace|p1a: Dip-DIE|Zoroark-Hisui, M, shiny
|-end|p1a: Dip-DIE|Illusion
|-damage|p2a: Venusaur|91/100|[from] item: Life Orb
|move|p1a: Dip-DIE|Flamethrower|p2a: Venusaur
|-supereffective|p2a: Venusaur
|-damage|p2a: Venusaur|0 fnt
|faint|p2a: Venusaur
|
|-weather|none
|upkeep
|inactive|Yuuiiioqop has 120 seconds left.
|
|t:|1757921524
|switch|p2a: Raging Bolt|Raging Bolt|100/100
|turn|9
|
|t:|1757921529
|move|p2a: Raging Bolt|Thunderclap||[still]
|-fail|p2a: Raging Bolt
|move|p1a: Dip-DIE|Nasty Plot|p1a: Dip-DIE
|-boost|p1a: Dip-DIE|spa|2
|
|upkeep
|turn|10
|
|t:|1757921538
|switch|p1a: Pudge|Ditto, shiny|100/100
|-transform|p1a: Pudge|p2a: Raging Bolt|[from] ability: Imposter
|move|p2a: Raging Bolt|Thunderclap||[still]
|-fail|p2a: Raging Bolt
|
|upkeep
|turn|11
|
|t:|1757921549
|-terastallize|p1a: Pudge|Fairy
|move|p1a: Pudge|Dragon Pulse|p2a: Raging Bolt
|-supereffective|p2a: Raging Bolt
|-damage|p2a: Raging Bolt|0 fnt
|faint|p2a: Raging Bolt
|-end|p2a: Raging Bolt|Protosynthesis|[silent]
|
|upkeep
|inactive|Yuuiiioqop has 120 seconds left.
|
|t:|1757921576
|switch|p2a: Slither Wing|Slither Wing|100/100
|turn|12
|-message|Yuuiiioqop forfeited.
|
|win|sailormooo
|raw|sailormooo's rating: 1075 &rarr; <strong>1107</strong><br />(+32 for winning)
|raw|Yuuiiioqop's rating: 1109 &rarr; <strong>1082</strong><br />(-27 for losing)
|l|☆Yuuiiioqop
|player|p2|
|l|☆sailormooo
|player|p1|
