|j|☆SasoriVzla7
|j|☆lxymxn
|t:|1757868899
|gametype|singles
|player|p1|SasoriVzla7|lucian|1419
|player|p2|lxymxn|102|1421
|gen|9
|tier|[Gen 9] OU
|rated|
|rule|HP Percentage Mod: HP is shown in percentages
|rule|Endless Battle Clause: Forcing endless battles is banned
|rule|Species Clause: Limit one of each Pokémon
|rule|OHKO Clause: OHKO moves are banned
|rule|Evasion Items Clause: Evasion items are banned
|rule|Evasion Moves Clause: Evasion moves are banned
|rule|Evasion Abilities Clause: Evasion abilities are banned
|rule|Sleep Moves Clause: Sleep-inducing moves are banned
|clearpoke
|poke|p1|Weezing-Galar, F|
|poke|p1|Heatran, M|
|poke|p1|Ting-Lu|
|poke|p1|Rillaboom, M|
|poke|p1|Dragapult, F|
|poke|p1|Iron Valiant|
|poke|p2|Torkoal, M|
|poke|p2|Walking Wake|
|poke|p2|Great Tusk|
|poke|p2|Ninetales, M|
|poke|p2|Sandy Shocks|
|poke|p2|Ditto|
|teampreview
|inactive|Battle timer is ON: inactive players will automatically lose when time's up. (requested by lxymxn)
|j| mortygras
|
|t:|1757868905
|teamsize|p1|6
|teamsize|p2|6
|start
|switch|p1a: Dragapult|Dragapult, F|100/100
|switch|p2a: Torkoal|Torkoal, M|100/100
|-weather|SunnyDay|[from] ability: Drought|[of] p2a: Torkoal
|turn|1
|
|t:|1757868910
|move|p1a: Dragapult|Substitute|p1a: Dragapult
|-start|p1a: Dragapult|Substitute
|-damage|p1a: Dragapult|76/100
|move|p2a: Torkoal|Stealth Rock|p1a: Dragapult
|-sidestart|p1: SasoriVzla7|move: Stealth Rock
|
|-weather|SunnyDay|[upkeep]
|upkeep
|turn|2
|
|t:|1757868928
|switch|p2a: Great Tusk|Great Tusk|100/100
|-activate|p2a: Great Tusk|ability: Protosynthesis
|-start|p2a: Great Tusk|protosynthesisatk
|move|p1a: Dragapult|Hex|p2a: Great Tusk
|-crit|p2a: Great Tusk
|-damage|p2a: Great Tusk|44/100
|
|-weather|SunnyDay|[upkeep]
|-heal|p2a: Great Tusk|51/100|[from] item: Leftovers
|upkeep
|turn|3
|
|t:|1757868938
|move|p1a: Dragapult|Will-O-Wisp|p2a: Great Tusk
|-status|p2a: Great Tusk|brn
|move|p2a: Great Tusk|Ice Spinner|p1a: Dragapult
|-supereffective|p1a: Dragapult
|-end|p1a: Dragapult|Substitute
|
|-weather|SunnyDay|[upkeep]
|-heal|p2a: Great Tusk|57/100 brn|[from] item: Leftovers
|-damage|p2a: Great Tusk|51/100 brn|[from] brn
|upkeep
|turn|4
|
|t:|1757868944
|move|p1a: Dragapult|Hex|p2a: Great Tusk
|-damage|p2a: Great Tusk|0 fnt
|faint|p2a: Great Tusk
|-end|p2a: Great Tusk|Protosynthesis|[silent]
|
|-weather|SunnyDay|[upkeep]
|upkeep
|inactive|lxymxn has 120 seconds left.
|
|t:|1757868977
|switch|p2a: Walking Wake|Walking Wake|100/100
|-activate|p2a: Walking Wake|ability: Protosynthesis
|-start|p2a: Walking Wake|protosynthesisspe
|turn|5
|
|t:|1757868984
|-terastallize|p2a: Walking Wake|Water
|move|p2a: Walking Wake|Hydro Steam|p1a: Dragapult
|-resisted|p1a: Dragapult
|-damage|p1a: Dragapult|0 fnt
|faint|p1a: Dragapult
|
|-weather|SunnyDay|[upkeep]
|upkeep
|
|t:|1757868987
|switch|p1a: Rillaboom|Rillaboom, M|100/100
|-damage|p1a: Rillaboom|88/100|[from] Stealth Rock
|-fieldstart|move: Grassy Terrain|[from] ability: Grassy Surge|[of] p1a: Rillaboom
|turn|6
|
|t:|1757869001
|-end|p2a: Walking Wake|Protosynthesis|[silent]
|switch|p2a: Torkoal|Torkoal, M|100/100
|move|p1a: Rillaboom|Grassy Glide|p2a: Torkoal
|-resisted|p2a: Torkoal
|-damage|p2a: Torkoal|86/100
|
|-weather|SunnyDay|[upkeep]
|-heal|p1a: Rillaboom|94/100|[from] Grassy Terrain
|-heal|p2a: Torkoal|92/100|[from] Grassy Terrain
|upkeep
|turn|7
|
|t:|1757869007
|switch|p1a: Ting-Lu|Ting-Lu|100/100
|-damage|p1a: Ting-Lu|94/100|[from] Stealth Rock
|-ability|p1a: Ting-Lu|Vessel of Ruin
|move|p2a: Torkoal|Lava Plume|p1a: Ting-Lu
|-crit|p1a: Ting-Lu
|-damage|p1a: Ting-Lu|72/100
|
|-weather|SunnyDay|[upkeep]
|-heal|p1a: Ting-Lu|78/100|[from] Grassy Terrain
|-heal|p1a: Ting-Lu|84/100|[from] item: Leftovers
|-heal|p2a: Torkoal|98/100|[from] Grassy Terrain
|upkeep
|turn|8
|inactive|lxymxn has 120 seconds left.
|inactive|lxymxn has 90 seconds left.
|
|t:|1757869069
|switch|p2a: Walking Wake|Walking Wake, tera:Water|100/100
|-activate|p2a: Walking Wake|ability: Protosynthesis
|-start|p2a: Walking Wake|protosynthesisspe
|move|p1a: Ting-Lu|Stealth Rock|p2a: Walking Wake
|-sidestart|p2: lxymxn|move: Stealth Rock
|
|-weather|none
|-end|p2a: Walking Wake|Protosynthesis
|-heal|p1a: Ting-Lu|90/100|[from] Grassy Terrain
|-heal|p1a: Ting-Lu|96/100|[from] item: Leftovers
|upkeep
|turn|9
|
|t:|1757869085
|move|p2a: Walking Wake|Hydro Steam|p1a: Ting-Lu
|-supereffective|p1a: Ting-Lu
|-damage|p1a: Ting-Lu|30/100
|move|p1a: Ting-Lu|Whirlwind|p2a: Walking Wake
|-end|p2a: Walking Wake|Protosynthesis|[silent]
|drag|p2a: Ditto|Ditto|100/100
|-damage|p2a: Ditto|88/100|[from] Stealth Rock
|-transform|p2a: Ditto|p1a: Ting-Lu|[from] ability: Imposter
|-ability|p2a: Ditto|Vessel of Ruin
|
|-heal|p2a: Ditto|94/100|[from] Grassy Terrain
|-heal|p1a: Ting-Lu|36/100|[from] Grassy Terrain
|-heal|p1a: Ting-Lu|43/100|[from] item: Leftovers
|upkeep
|turn|10
|inactive|lxymxn has 90 seconds left.
|
|t:|1757869105
|switch|p1a: Rillaboom|Rillaboom, M|94/100
|-damage|p1a: Rillaboom|82/100|[from] Stealth Rock
|move|p2a: Ditto|Whirlwind|p1a: Rillaboom
|drag|p1a: Ting-Lu|Ting-Lu|43/100
|-damage|p1a: Ting-Lu|36/100|[from] Stealth Rock
|-ability|p1a: Ting-Lu|Vessel of Ruin
|
|-heal|p2a: Ditto|99/100|[from] Grassy Terrain
|-heal|p1a: Ting-Lu|43/100|[from] Grassy Terrain
|-heal|p1a: Ting-Lu|49/100|[from] item: Leftovers
|-fieldend|move: Grassy Terrain
|upkeep
|turn|11
|inactive|lxymxn has 90 seconds left.
|
|t:|1757869124
|switch|p1a: Rillaboom|Rillaboom, M|82/100
|-damage|p1a: Rillaboom|70/100|[from] Stealth Rock
|-fieldstart|move: Grassy Terrain|[from] ability: Grassy Surge|[of] p1a: Rillaboom
|move|p2a: Ditto|Whirlwind|p1a: Rillaboom
|drag|p1a: Weezing|Weezing-Galar, F|100/100
|-ability|p1a: Weezing|Neutralizing Gas
|-damage|p1a: Weezing|88/100|[from] Stealth Rock
|
|-heal|p2a: Ditto|100/100|[from] Grassy Terrain
|-heal|p1a: Weezing|94/100|[from] Grassy Terrain
|upkeep
|turn|12
|inactive|lxymxn has 90 seconds left.
|
|t:|1757869141
|move|p1a: Weezing|Toxic|p2a: Ditto
|-status|p2a: Ditto|tox
|move|p2a: Ditto|Whirlwind|p1a: Weezing
|-end|p1a: Weezing|ability: Neutralizing Gas
|-ability|p2a: Ditto|Vessel of Ruin
|drag|p1a: Ting-Lu|Ting-Lu|49/100
|-damage|p1a: Ting-Lu|43/100|[from] Stealth Rock
|-ability|p1a: Ting-Lu|Vessel of Ruin
|
|-heal|p1a: Ting-Lu|49/100|[from] Grassy Terrain
|-heal|p1a: Ting-Lu|55/100|[from] item: Leftovers
|-damage|p2a: Ditto|94/100 tox|[from] psn
|upkeep
|turn|13
|inactive|lxymxn has 90 seconds left.
|
|t:|1757869149
|switch|p2a: Ninetales|Ninetales, M|100/100
|-damage|p2a: Ninetales|76/100|[from] Stealth Rock
|-weather|SunnyDay|[from] ability: Drought|[of] p2a: Ninetales
|move|p1a: Ting-Lu|Ruination|p2a: Ninetales|[miss]
|-miss|p1a: Ting-Lu|p2a: Ninetales
|
|-weather|SunnyDay|[upkeep]
|-heal|p2a: Ninetales|82/100|[from] Grassy Terrain
|-heal|p1a: Ting-Lu|61/100|[from] Grassy Terrain
|-heal|p1a: Ting-Lu|67/100|[from] item: Leftovers
|upkeep
|turn|14
|inactive|lxymxn has 90 seconds left.
|
|t:|1757869160
|move|p2a: Ninetales|Will-O-Wisp|p1a: Ting-Lu
|-status|p1a: Ting-Lu|brn
|move|p1a: Ting-Lu|Stomping Tantrum|p2a: Ninetales
|-supereffective|p2a: Ninetales
|-damage|p2a: Ninetales|17/100
|
|-weather|SunnyDay|[upkeep]
|-heal|p2a: Ninetales|23/100|[from] Grassy Terrain
|-heal|p1a: Ting-Lu|73/100 brn|[from] Grassy Terrain
|-heal|p1a: Ting-Lu|80/100 brn|[from] item: Leftovers
|-damage|p1a: Ting-Lu|73/100 brn|[from] brn
|upkeep
|turn|15
|inactive|lxymxn has 90 seconds left.
|
|t:|1757869191
|move|p2a: Ninetales|Overheat|p1a: Ting-Lu|[miss]
|-miss|p2a: Ninetales|p1a: Ting-Lu
|move|p1a: Ting-Lu|Whirlwind|p2a: Ninetales
|drag|p2a: Walking Wake|Walking Wake, tera:Water|100/100
|-damage|p2a: Walking Wake|88/100|[from] Stealth Rock
|-activate|p2a: Walking Wake|ability: Protosynthesis
|-start|p2a: Walking Wake|protosynthesisspe
|
|-weather|SunnyDay|[upkeep]
|-heal|p2a: Walking Wake|94/100|[from] Grassy Terrain
|-heal|p1a: Ting-Lu|80/100 brn|[from] Grassy Terrain
|-heal|p1a: Ting-Lu|86/100 brn|[from] item: Leftovers
|-damage|p1a: Ting-Lu|80/100 brn|[from] brn
|-fieldend|move: Grassy Terrain
|upkeep
|turn|16
|
|t:|1757869200
|switch|p1a: Weezing|Weezing-Galar, F|94/100
|-ability|p1a: Weezing|Neutralizing Gas
|-damage|p1a: Weezing|82/100|[from] Stealth Rock
|move|p2a: Walking Wake|Hydro Steam|p1a: Weezing
|-damage|p1a: Weezing|0 fnt
|faint|p1a: Weezing
|-end|p1a: Weezing|ability: Neutralizing Gas
|
|-weather|SunnyDay|[upkeep]
|upkeep
|
|t:|1757869208
|switch|p1a: Rillaboom|Rillaboom, M|70/100
|-damage|p1a: Rillaboom|57/100|[from] Stealth Rock
|-fieldstart|move: Grassy Terrain|[from] ability: Grassy Surge|[of] p1a: Rillaboom
|turn|17
|
|t:|1757869224
|-end|p2a: Walking Wake|Protosynthesis|[silent]
|switch|p2a: Torkoal|Torkoal, M|98/100
|-damage|p2a: Torkoal|73/100|[from] Stealth Rock
|move|p1a: Rillaboom|Grassy Glide|p2a: Torkoal
|-resisted|p2a: Torkoal
|-damage|p2a: Torkoal|56/100
|
|-weather|none
|-heal|p1a: Rillaboom|64/100|[from] Grassy Terrain
|-heal|p2a: Torkoal|63/100|[from] Grassy Terrain
|upkeep
|turn|18
|
|t:|1757869229
|switch|p1a: Ting-Lu|Ting-Lu|80/100 brn
|-damage|p1a: Ting-Lu|73/100 brn|[from] Stealth Rock
|-ability|p1a: Ting-Lu|Vessel of Ruin
|move|p2a: Torkoal|Rapid Spin|p1a: Ting-Lu
|-damage|p1a: Ting-Lu|68/100 brn
|-boost|p2a: Torkoal|spe|1
|-sideend|p2: lxymxn|Stealth Rock|[from] move: Rapid Spin|[of] p2a: Torkoal
|
|-heal|p1a: Ting-Lu|74/100 brn|[from] Grassy Terrain
|-heal|p1a: Ting-Lu|80/100 brn|[from] item: Leftovers
|-heal|p2a: Torkoal|69/100|[from] Grassy Terrain
|-damage|p1a: Ting-Lu|74/100 brn|[from] brn
|upkeep
|turn|19
|inactive|lxymxn has 90 seconds left.
|
|t:|1757869240
|switch|p2a: Ninetales|Ninetales, M|23/100
|-weather|SunnyDay|[from] ability: Drought|[of] p2a: Ninetales
|move|p1a: Ting-Lu|Stealth Rock|p2a: Ninetales
|-sidestart|p2: lxymxn|move: Stealth Rock
|
|-weather|SunnyDay|[upkeep]
|-heal|p2a: Ninetales|29/100|[from] Grassy Terrain
|-heal|p1a: Ting-Lu|80/100 brn|[from] Grassy Terrain
|-heal|p1a: Ting-Lu|86/100 brn|[from] item: Leftovers
|-damage|p1a: Ting-Lu|80/100 brn|[from] brn
|upkeep
|turn|20
|inactive|lxymxn has 90 seconds left.
|
|t:|1757869247
|switch|p1a: Heatran|Heatran, M|100/100
|-damage|p1a: Heatran|88/100|[from] Stealth Rock
|move|p2a: Ninetales|Roar|p1a: Heatran
|drag|p1a: Rillaboom|Rillaboom, M|64/100
|-damage|p1a: Rillaboom|51/100|[from] Stealth Rock
|
|-weather|SunnyDay|[upkeep]
|-heal|p2a: Ninetales|35/100|[from] Grassy Terrain
|-heal|p1a: Rillaboom|57/100|[from] Grassy Terrain
|upkeep
|turn|21
|
|t:|1757869256
|switch|p1a: Ting-Lu|Ting-Lu|80/100 brn
|-damage|p1a: Ting-Lu|74/100 brn|[from] Stealth Rock
|-ability|p1a: Ting-Lu|Vessel of Ruin
|move|p2a: Ninetales|Overheat|p1a: Ting-Lu
|-damage|p1a: Ting-Lu|47/100 brn
|-unboost|p2a: Ninetales|spa|2
|-enditem|p2a: Ninetales|Eject Pack
|inactive|lxymxn has 90 seconds left.
|
|t:|1757869276
|switch|p2a: Walking Wake|Walking Wake, tera:Water|94/100
|-damage|p2a: Walking Wake|82/100|[from] Stealth Rock
|-activate|p2a: Walking Wake|ability: Protosynthesis
|-start|p2a: Walking Wake|protosynthesisspe
|
|-weather|SunnyDay|[upkeep]
|-heal|p2a: Walking Wake|88/100|[from] Grassy Terrain
|-heal|p1a: Ting-Lu|53/100 brn|[from] Grassy Terrain
|-heal|p1a: Ting-Lu|59/100 brn|[from] item: Leftovers
|-damage|p1a: Ting-Lu|53/100 brn|[from] brn
|-fieldend|move: Grassy Terrain
|upkeep
|turn|22
|
|t:|1757869283
|move|p2a: Walking Wake|Hydro Steam|p1a: Ting-Lu
|-supereffective|p1a: Ting-Lu
|-damage|p1a: Ting-Lu|0 fnt
|faint|p1a: Ting-Lu
|
|-weather|SunnyDay|[upkeep]
|upkeep
|
|t:|1757869286
|switch|p1a: Rillaboom|Rillaboom, M|57/100
|-damage|p1a: Rillaboom|45/100|[from] Stealth Rock
|-fieldstart|move: Grassy Terrain|[from] ability: Grassy Surge|[of] p1a: Rillaboom
|turn|23
|inactive|lxymxn has 90 seconds left.
|
|t:|1757869324
|-end|p2a: Walking Wake|Protosynthesis|[silent]
|switch|p2a: Ditto|Ditto|94/100 tox
|-damage|p2a: Ditto|82/100 tox|[from] Stealth Rock
|-transform|p2a: Ditto|p1a: Rillaboom|[from] ability: Imposter
|move|p1a: Rillaboom|Grassy Glide|p2a: Ditto
|-resisted|p2a: Ditto
|-damage|p2a: Ditto|49/100 tox
|
|-weather|none
|-heal|p2a: Ditto|55/100 tox|[from] Grassy Terrain
|-heal|p1a: Rillaboom|51/100|[from] Grassy Terrain
|-damage|p2a: Ditto|49/100 tox|[from] psn
|upkeep
|turn|24
|
|t:|1757869336
|move|p1a: Rillaboom|Grassy Glide|p2a: Ditto
|-resisted|p2a: Ditto
|-damage|p2a: Ditto|17/100 tox
|move|p2a: Ditto|U-turn|p1a: Rillaboom
|-supereffective|p1a: Rillaboom
|-damage|p1a: Rillaboom|0 fnt
|faint|p1a: Rillaboom
|
|t:|1757869348
|switch|p2a: Torkoal|Torkoal, M|69/100|[from] U-turn
|-damage|p2a: Torkoal|44/100|[from] Stealth Rock
|-weather|SunnyDay|[from] ability: Drought|[of] p2a: Torkoal
|
|-weather|SunnyDay|[upkeep]
|-heal|p2a: Torkoal|50/100|[from] Grassy Terrain
|upkeep
|
|t:|1757869355
|switch|p1a: Iron Valiant|Iron Valiant|100/100
|turn|25
|
|t:|1757869363
|-terastallize|p1a: Iron Valiant|Ghost
|move|p1a: Iron Valiant|Calm Mind|p1a: Iron Valiant
|-boost|p1a: Iron Valiant|spa|1
|-boost|p1a: Iron Valiant|spd|1
|move|p2a: Torkoal|Rapid Spin|p1a: Iron Valiant
|-immune|p1a: Iron Valiant
|
|-weather|SunnyDay|[upkeep]
|-heal|p2a: Torkoal|56/100|[from] Grassy Terrain
|upkeep
|turn|26
|inactive|lxymxn has 90 seconds left.
|
|t:|1757869390
|move|p1a: Iron Valiant|Shadow Ball|p2a: Torkoal
|-damage|p2a: Torkoal|0 fnt
|faint|p2a: Torkoal
|
|-weather|SunnyDay|[upkeep]
|upkeep
|
|t:|1757869402
|switch|p2a: Ditto|Ditto|17/100 tox
|-damage|p2a: Ditto|5/100 tox|[from] Stealth Rock
|-transform|p2a: Ditto|p1a: Iron Valiant|[from] ability: Imposter
|-start|p2a: Ditto|typechange|Fairy/Fighting|[silent]
|turn|27
|
|t:|1757869409
|move|p1a: Iron Valiant|Vacuum Wave|p2a: Ditto
|-resisted|p2a: Ditto
|-damage|p2a: Ditto|0 fnt
|faint|p2a: Ditto
|-end|p2a: Ditto|Quark Drive|[silent]
|
|-weather|SunnyDay|[upkeep]
|-fieldend|move: Grassy Terrain
|upkeep
|inactive|lxymxn has 60 seconds left.
|
|t:|1757869447
|switch|p2a: Walking Wake|Walking Wake, tera:Water|88/100
|-damage|p2a: Walking Wake|76/100|[from] Stealth Rock
|-activate|p2a: Walking Wake|ability: Protosynthesis
|-start|p2a: Walking Wake|protosynthesisspe
|turn|28
|inactive|lxymxn has 60 seconds left.
|
|t:|1757869455
|move|p2a: Walking Wake|Hydro Steam|p1a: Iron Valiant
|-crit|p1a: Iron Valiant
|-damage|p1a: Iron Valiant|0 fnt
|faint|p1a: Iron Valiant
|-end|p1a: Iron Valiant|Quark Drive|[silent]
|
|-weather|SunnyDay|[upkeep]
|upkeep
|
|t:|1757869458
|switch|p1a: Heatran|Heatran, M|88/100
|-damage|p1a: Heatran|76/100|[from] Stealth Rock
|turn|29
|-message|SasoriVzla7 forfeited.
|
|win|lxymxn
|raw|SasoriVzla7's rating: 1419 &rarr; <strong>1399</strong><br />(-20 for losing)
|raw|lxymxn's rating: 1421 &rarr; <strong>1441</strong><br />(+20 for winning)
|l|☆SasoriVzla7
|player|p1|
|c|☆lxymxn|ggs
|l|☆lxymxn
|player|p2|
