|j|☆Zxasdf
|j|☆ja hoi
|t:|1757945354
|gametype|singles
|player|p1|Zxasdf|rosa|1395
|player|p2|ja hoi|1|1406
|gen|9
|tier|[Gen 9] OU
|rated|
|rule|HP Percentage Mod: HP is shown in percentages
|rule|Endless Battle Clause: Forcing endless battles is banned
|rule|Species Clause: Limit one of each Pokémon
|rule|OHKO Clause: OHKO moves are banned
|rule|Evasion Items Clause: Evasion items are banned
|rule|Evasion Moves Clause: Evasion moves are banned
|rule|Evasion Abilities Clause: Evasion abilities are banned
|rule|Sleep Moves Clause: Sleep-inducing moves are banned
|clearpoke
|poke|p1|Serperior, M|
|poke|p1|Samurott-Hisui, F|
|poke|p1|Gholdengo|
|poke|p1|Moltres|
|poke|p1|Iron Treads|
|poke|p1|Garchomp, M|
|poke|p2|Quaquaval, M|
|poke|p2|Iron Moth|
|poke|p2|Dragapult, F|
|poke|p2|Corviknight, M|
|poke|p2|Grimmsnarl, M|
|poke|p2|Garganacl, F|
|teampreview
|inactive|Battle timer is ON: inactive players will automatically lose when time's up. (requested by Zxasdf)
|
|t:|1757945364
|teamsize|p1|6
|teamsize|p2|6
|start
|switch|p1a: Moltres|Moltres, shiny|100/100
|switch|p2a: Grimmsnarl|Grimmsnarl, M|100/100
|turn|1
|inactive|Zxasdf has 120 seconds left.
|
|t:|1757945401
|move|p2a: Grimmsnarl|Taunt|p1a: Moltres
|-start|p1a: Moltres|move: Taunt
|move|p1a: Moltres|Hurricane|p2a: Grimmsnarl
|-damage|p2a: Grimmsnarl|64/100
|
|upkeep
|turn|2
|inactive|Zxasdf has 120 seconds left.
|
|t:|1757945418
|move|p2a: Grimmsnarl|Light Screen|p2a: Grimmsnarl
|-sidestart|p2: ja hoi|move: Light Screen
|move|p1a: Moltres|Hurricane|p2a: Grimmsnarl
|-damage|p2a: Grimmsnarl|44/100
|
|upkeep
|turn|3
|inactive|Zxasdf has 120 seconds left.
|
|t:|1757945439
|move|p2a: Grimmsnarl|Reflect|p2a: Grimmsnarl
|-sidestart|p2: ja hoi|Reflect
|move|p1a: Moltres|Hurricane|p2a: Grimmsnarl
|-damage|p2a: Grimmsnarl|24/100
|
|-end|p1a: Moltres|move: Taunt
|upkeep
|turn|4
|
|t:|1757945456
|move|p2a: Grimmsnarl|Taunt|p1a: Moltres
|-start|p1a: Moltres|move: Taunt
|cant|p1a: Moltres|move: Taunt|Will-O-Wisp
|
|upkeep
|turn|5
|
|t:|1757945470
|move|p2a: Grimmsnarl|Parting Shot|p1a: Moltres
|-unboost|p1a: Moltres|atk|1
|-unboost|p1a: Moltres|spa|1
|inactive|ja hoi has 120 seconds left.
|
|t:|1757945515
|switch|p2a: Garganacl|Garganacl, F|100/100|[from] Parting Shot
|move|p1a: Moltres|Hurricane|p2a: Garganacl|[miss]
|-miss|p1a: Moltres|p2a: Garganacl
|
|upkeep
|turn|6
|inactive|Zxasdf has 90 seconds left.
|
|t:|1757945550
|switch|p1a: Serperior|Serperior, M, shiny|100/100
|move|p2a: Garganacl|Salt Cure|p1a: Serperior
|-damage|p1a: Serperior|83/100
|-start|p1a: Serperior|Salt Cure
|
|-heal|p1a: Serperior|89/100|[from] item: Leftovers
|-damage|p1a: Serperior|77/100|[from] Salt Cure
|upkeep
|turn|7
|inactive|Zxasdf has 90 seconds left.
|inactive|ja hoi has 90 seconds left.
|
|t:|1757945567
|switch|p2a: Corviknight|Corviknight, M|100/100
|-ability|p2a: Corviknight|Pressure
|move|p1a: Serperior|Leech Seed|p2a: Corviknight
|-start|p2a: Corviknight|move: Leech Seed
|
|-heal|p1a: Serperior|83/100|[from] item: Leftovers
|-damage|p2a: Corviknight|88/100|[from] Leech Seed|[of] p1a: Serperior
|-heal|p1a: Serperior|98/100|[silent]
|-damage|p1a: Serperior|86/100|[from] Salt Cure
|upkeep
|turn|8
|inactive|Zxasdf has 90 seconds left.
|
|t:|1757945580
|switch|p1a: Moltres|Moltres, shiny|100/100
|move|p2a: Corviknight|U-turn|p1a: Moltres
|-resisted|p1a: Moltres
|-damage|p1a: Moltres|97/100
|
|t:|1757945590
|switch|p2a: Iron Moth|Iron Moth|100/100|[from] U-turn
|-enditem|p2a: Iron Moth|Booster Energy
|-activate|p2a: Iron Moth|ability: Quark Drive|[fromitem]
|-start|p2a: Iron Moth|quarkdrivespa
|
|upkeep
|turn|9
|inactive|Zxasdf has 90 seconds left.
|
|t:|1757945606
|switch|p1a: Garchomp|Garchomp, M, shiny|100/100
|move|p2a: Iron Moth|Fiery Dance|p1a: Garchomp
|-resisted|p1a: Garchomp
|-damage|p1a: Garchomp|69/100
|-boost|p2a: Iron Moth|spa|1
|
|-sideend|p2: ja hoi|move: Light Screen
|upkeep
|turn|10
|inactive|Zxasdf has 90 seconds left.
|inactive|ja hoi has 90 seconds left.
|
|t:|1757945630
|-end|p2a: Iron Moth|Quark Drive|[silent]
|switch|p2a: Corviknight|Corviknight, M|88/100
|-ability|p2a: Corviknight|Pressure
|move|p1a: Garchomp|Earthquake|p2a: Corviknight
|-immune|p2a: Corviknight
|
|-sideend|p2: ja hoi|Reflect
|upkeep
|turn|11
|
|t:|1757945639
|switch|p1a: Moltres|Moltres, shiny|97/100
|move|p2a: Corviknight|U-turn|p1a: Moltres
|-resisted|p1a: Moltres
|-damage|p1a: Moltres|93/100
|
|t:|1757945644
|switch|p2a: Garganacl|Garganacl, F|100/100|[from] U-turn
|
|upkeep
|turn|12
|
|t:|1757945653
|move|p1a: Moltres|Will-O-Wisp|p2a: Garganacl
|-immune|p2a: Garganacl|[from] ability: Purifying Salt
|move|p2a: Garganacl|Salt Cure|p1a: Moltres
|-supereffective|p1a: Moltres
|-damage|p1a: Moltres|46/100
|-start|p1a: Moltres|Salt Cure
|
|-damage|p1a: Moltres|34/100|[from] Salt Cure
|upkeep
|turn|13
|
|t:|1757945671
|switch|p1a: Serperior|Serperior, M, shiny|86/100
|switch|p2a: Grimmsnarl|Grimmsnarl, M|24/100
|
|-heal|p1a: Serperior|92/100|[from] item: Leftovers
|upkeep
|turn|14
|
|t:|1757945680
|move|p2a: Grimmsnarl|Taunt|p1a: Serperior
|-start|p1a: Serperior|move: Taunt
|cant|p1a: Serperior|move: Taunt|Substitute
|
|-heal|p1a: Serperior|98/100|[from] item: Leftovers
|upkeep
|turn|15
|
|t:|1757945692
|move|p2a: Grimmsnarl|Light Screen|p2a: Grimmsnarl
|-sidestart|p2: ja hoi|move: Light Screen
|move|p1a: Serperior|Leaf Storm|p2a: Grimmsnarl
|-damage|p2a: Grimmsnarl|8/100
|-boost|p1a: Serperior|spa|2
|
|-heal|p1a: Serperior|100/100|[from] item: Leftovers
|upkeep
|turn|16
|inactive|Zxasdf has 120 seconds left.
|
|t:|1757945699
|move|p2a: Grimmsnarl|Reflect|p2a: Grimmsnarl
|-sidestart|p2: ja hoi|Reflect
|move|p1a: Serperior|Leaf Storm|p2a: Grimmsnarl|[miss]
|-miss|p1a: Serperior|p2a: Grimmsnarl
|
|-end|p1a: Serperior|move: Taunt
|upkeep
|turn|17
|inactive|ja hoi has 120 seconds left.
|
|t:|1757945707
|move|p2a: Grimmsnarl|Taunt|p1a: Serperior
|-start|p1a: Serperior|move: Taunt
|move|p1a: Serperior|Leaf Storm|p2a: Grimmsnarl
|-damage|p2a: Grimmsnarl|0 fnt
|-boost|p1a: Serperior|spa|2
|faint|p2a: Grimmsnarl
|
|upkeep
|inactive|ja hoi has 120 seconds left.
|
|t:|1757945734
|switch|p2a: Iron Moth|Iron Moth|100/100
|turn|18
|
|t:|1757945747
|switch|p1a: Garchomp|Garchomp, M, shiny|69/100
|move|p2a: Iron Moth|Fiery Dance|p1a: Garchomp
|-resisted|p1a: Garchomp
|-damage|p1a: Garchomp|42/100
|-boost|p2a: Iron Moth|spa|1
|
|upkeep
|turn|19
|inactive|Zxasdf has 120 seconds left.
|
|t:|1757945779
|-end|p2a: Iron Moth|Quark Drive|[silent]
|switch|p2a: Corviknight|Corviknight, M|88/100
|-ability|p2a: Corviknight|Pressure
|move|p1a: Garchomp|Earthquake|p2a: Corviknight
|-immune|p2a: Corviknight
|
|upkeep
|turn|20
|
|t:|1757945791
|switch|p1a: Moltres|Moltres, shiny|34/100
|move|p2a: Corviknight|Brave Bird|p1a: Moltres
|-damage|p1a: Moltres|0 fnt
|faint|p1a: Moltres
|-damage|p2a: Corviknight|78/100|[from] Recoil
|
|upkeep
|
|t:|1757945813
|switch|p1a: Iron Treads|Iron Treads, shiny|100/100
|-item|p1a: Iron Treads|Air Balloon
|turn|21
|
|t:|1757945822
|move|p1a: Iron Treads|Stealth Rock|p2a: Corviknight
|-sidestart|p2: ja hoi|move: Stealth Rock
|move|p2a: Corviknight|U-turn|p1a: Iron Treads
|-resisted|p1a: Iron Treads
|-damage|p1a: Iron Treads|92/100
|-enditem|p1a: Iron Treads|Air Balloon
|
|t:|1757945828
|switch|p2a: Quaquaval|Quaquaval, M|100/100|[from] U-turn
|-damage|p2a: Quaquaval|94/100|[from] Stealth Rock
|
|upkeep
|turn|22
|inactive|Zxasdf has 90 seconds left.
|
|t:|1757945865
|-end|p1a: Iron Treads|Quark Drive|[silent]
|switch|p1a: Gholdengo|Gholdengo|100/100
|-item|p1a: Gholdengo|Air Balloon
|move|p2a: Quaquaval|Aqua Step|p1a: Gholdengo
|-damage|p1a: Gholdengo|69/100
|-boost|p2a: Quaquaval|spe|1
|-enditem|p1a: Gholdengo|Air Balloon
|
|-sideend|p2: ja hoi|move: Light Screen
|upkeep
|turn|23
|
|t:|1757945876
|move|p2a: Quaquaval|Aqua Step|p1a: Gholdengo
|-damage|p1a: Gholdengo|39/100
|-boost|p2a: Quaquaval|spe|1
|move|p1a: Gholdengo|Thunder Wave|p2a: Quaquaval
|-status|p2a: Quaquaval|par
|
|-sideend|p2: ja hoi|Reflect
|upkeep
|turn|24
|
|t:|1757945886
|move|p2a: Quaquaval|Aqua Step|p1a: Gholdengo
|-damage|p1a: Gholdengo|9/100
|-boost|p2a: Quaquaval|spe|1
|move|p1a: Gholdengo|Recover|p1a: Gholdengo
|-heal|p1a: Gholdengo|59/100
|
|upkeep
|turn|25
|
|t:|1757945896
|switch|p2a: Iron Moth|Iron Moth|100/100
|-damage|p2a: Iron Moth|76/100|[from] Stealth Rock
|move|p1a: Gholdengo|Recover|p1a: Gholdengo
|-heal|p1a: Gholdengo|100/100
|
|upkeep
|turn|26
|
|t:|1757945905
|-terastallize|p1a: Gholdengo|Flying
|move|p2a: Iron Moth|Fiery Dance|p1a: Gholdengo
|-damage|p1a: Gholdengo|53/100
|-boost|p2a: Iron Moth|spa|1
|move|p1a: Gholdengo|Thunder Wave|p2a: Iron Moth
|-status|p2a: Iron Moth|par
|
|upkeep
|turn|27
|inactive|Zxasdf has 120 seconds left.
|
|t:|1757945924
|move|p1a: Gholdengo|Hex|p2a: Iron Moth
|-damage|p2a: Iron Moth|14/100 par
|move|p2a: Iron Moth|Agility|p2a: Iron Moth
|-boost|p2a: Iron Moth|spe|2
|
|upkeep
|turn|28
|
|t:|1757945932
|cant|p2a: Iron Moth|par
|move|p1a: Gholdengo|Hex|p2a: Iron Moth
|-damage|p2a: Iron Moth|0 fnt
|faint|p2a: Iron Moth
|-end|p2a: Iron Moth|Quark Drive|[silent]
|
|upkeep
|
|t:|1757945944
|switch|p2a: Quaquaval|Quaquaval, M|94/100 par
|-damage|p2a: Quaquaval|88/100 par|[from] Stealth Rock
|turn|29
|
|t:|1757945948
|move|p1a: Gholdengo|Recover|p1a: Gholdengo
|-heal|p1a: Gholdengo|100/100
|move|p2a: Quaquaval|Ice Spinner|p1a: Gholdengo
|-supereffective|p1a: Gholdengo
|-damage|p1a: Gholdengo|61/100
|
|upkeep
|turn|30
|
|t:|1757945954
|move|p1a: Gholdengo|Hex|p2a: Quaquaval
|-damage|p2a: Quaquaval|16/100 par
|cant|p2a: Quaquaval|par
|
|upkeep
|turn|31
|
|t:|1757945959
|cant|p2a: Quaquaval|par
|move|p1a: Gholdengo|Recover|p1a: Gholdengo
|-heal|p1a: Gholdengo|100/100
|
|upkeep
|turn|32
|c|☆ja hoi|lovely
|
|t:|1757945964
|move|p2a: Quaquaval|Aqua Jet|p1a: Gholdengo
|-damage|p1a: Gholdengo|85/100
|move|p1a: Gholdengo|Hex|p2a: Quaquaval
|-damage|p2a: Quaquaval|0 fnt
|faint|p2a: Quaquaval
|
|upkeep
|
|t:|1757945971
|switch|p2a: Garganacl|Garganacl, F|100/100
|-damage|p2a: Garganacl|88/100|[from] Stealth Rock
|turn|33
|
|t:|1757945985
|switch|p1a: Serperior|Serperior, M, shiny|100/100
|move|p2a: Garganacl|Recover|p2a: Garganacl
|-heal|p2a: Garganacl|100/100
|
|upkeep
|turn|34
|
|t:|1757945992
|switch|p2a: Corviknight|Corviknight, M|78/100
|-damage|p2a: Corviknight|65/100|[from] Stealth Rock
|-ability|p2a: Corviknight|Pressure
|move|p1a: Serperior|Substitute|p1a: Serperior
|-start|p1a: Serperior|Substitute
|-damage|p1a: Serperior|75/100
|
|-heal|p1a: Serperior|82/100|[from] item: Leftovers
|upkeep
|turn|35
|
|t:|1757946001
|move|p1a: Serperior|Glare|p2a: Corviknight
|-status|p2a: Corviknight|par
|cant|p2a: Corviknight|par
|
|-heal|p1a: Serperior|88/100|[from] item: Leftovers
|upkeep
|turn|36
|c|☆ja hoi|jesus christ
|
|t:|1757946013
|move|p1a: Serperior|Leaf Storm|p2a: Corviknight
|-resisted|p2a: Corviknight
|-damage|p2a: Corviknight|54/100 par
|-boost|p1a: Serperior|spa|2
|move|p2a: Corviknight|Brave Bird|p1a: Serperior
|-supereffective|p1a: Serperior
|-end|p1a: Serperior|Substitute
|-damage|p2a: Corviknight|48/100 par|[from] Recoil|[of] p1a: Serperior
|
|-heal|p1a: Serperior|94/100|[from] item: Leftovers
|upkeep
|turn|37
|c|☆ja hoi|25% hitting 4/6
|c|☆ja hoi|4/5*
|
|t:|1757946033
|move|p1a: Serperior|Substitute|p1a: Serperior
|-start|p1a: Serperior|Substitute
|-damage|p1a: Serperior|69/100
|cant|p2a: Corviknight|par
|
|-heal|p1a: Serperior|75/100|[from] item: Leftovers
|upkeep
|turn|38
|inactive|ja hoi has 120 seconds left.
|c|☆ja hoi|insane
|
|t:|1757946071
|move|p1a: Serperior|Leech Seed|p2a: Corviknight
|-start|p2a: Corviknight|move: Leech Seed
|move|p2a: Corviknight|Brave Bird|p1a: Serperior
|-supereffective|p1a: Serperior
|-end|p1a: Serperior|Substitute
|-damage|p2a: Corviknight|41/100 par|[from] Recoil|[of] p1a: Serperior
|
|-heal|p1a: Serperior|81/100|[from] item: Leftovers
|-damage|p2a: Corviknight|29/100 par|[from] Leech Seed|[of] p1a: Serperior
|-heal|p1a: Serperior|96/100|[silent]
|upkeep
|turn|39
|inactive|ja hoi has 120 seconds left.
|
|t:|1757946093
|move|p1a: Serperior|Substitute|p1a: Serperior
|-start|p1a: Serperior|Substitute
|-damage|p1a: Serperior|71/100
|move|p2a: Corviknight|Body Press|p1a: Serperior
|-activate|p1a: Serperior|move: Substitute|[damage]
|
|-heal|p1a: Serperior|77/100|[from] item: Leftovers
|-damage|p2a: Corviknight|17/100 par|[from] Leech Seed|[of] p1a: Serperior
|-heal|p1a: Serperior|93/100|[silent]
|upkeep
|turn|40
|c|☆ja hoi|.....................
|c|☆ja hoi|i cancelled my move
|inactive|ja hoi has 120 seconds left.
|c|☆ja hoi|but accidentally clicked body press
|c|☆ja hoi|lol
|
|t:|1757946112
|move|p1a: Serperior|Leaf Storm|p2a: Corviknight
|-resisted|p2a: Corviknight
|-damage|p2a: Corviknight|0 fnt
|-boost|p1a: Serperior|spa|2
|faint|p2a: Corviknight
|
|-heal|p1a: Serperior|99/100|[from] item: Leftovers
|upkeep
|
|t:|1757946119
|switch|p2a: Dragapult|Dragapult, F|100/100
|-damage|p2a: Dragapult|88/100|[from] Stealth Rock
|turn|41
|inactive|ja hoi has 120 seconds left.
|
|t:|1757946128
|move|p2a: Dragapult|Dragon Dance|p2a: Dragapult
|-boost|p2a: Dragapult|atk|1
|-boost|p2a: Dragapult|spe|1
|move|p1a: Serperior|Leaf Storm|p2a: Dragapult
|-resisted|p2a: Dragapult
|-damage|p2a: Dragapult|6/100
|-boost|p1a: Serperior|spa|2
|
|-heal|p2a: Dragapult|12/100|[from] item: Leftovers
|-heal|p1a: Serperior|100/100|[from] item: Leftovers
|upkeep
|turn|42
|
|t:|1757946138
|move|p2a: Dragapult|Dragon Darts|p1a: Serperior
|-damage|p1a: Serperior|53/100
|-anim|p2a: Dragapult|Dragon Darts|p1a: Serperior
|-damage|p1a: Serperior|9/100
|move|p1a: Serperior|Glare|p2a: Dragapult
|-status|p2a: Dragapult|par
|
|-heal|p1a: Serperior|15/100|[from] item: Leftovers
|-heal|p2a: Dragapult|18/100 par|[from] item: Leftovers
|upkeep
|turn|43
|
|t:|1757946148
|move|p2a: Dragapult|Sucker Punch||[still]
|-fail|p2a: Dragapult
|move|p1a: Serperior|Leech Seed|p2a: Dragapult
|-start|p2a: Dragapult|move: Leech Seed
|
|-heal|p1a: Serperior|21/100|[from] item: Leftovers
|-heal|p2a: Dragapult|24/100 par|[from] item: Leftovers
|-damage|p2a: Dragapult|11/100 par|[from] Leech Seed|[of] p1a: Serperior
|-heal|p1a: Serperior|34/100|[silent]
|upkeep
|turn|44
|
|t:|1757946174
|switch|p1a: Iron Treads|Iron Treads, shiny|92/100
|move|p2a: Dragapult|Dragon Darts|p1a: Iron Treads
|-resisted|p1a: Iron Treads
|-damage|p1a: Iron Treads|74/100
|-anim|p2a: Dragapult|Dragon Darts|p1a: Iron Treads
|-resisted|p1a: Iron Treads
|-damage|p1a: Iron Treads|54/100
|
|-heal|p2a: Dragapult|17/100 par|[from] item: Leftovers
|-damage|p2a: Dragapult|5/100 par|[from] Leech Seed|[of] p1a: Iron Treads
|-heal|p1a: Iron Treads|66/100|[silent]
|upkeep
|turn|45
|
|t:|1757946189
|-terastallize|p2a: Dragapult|Ghost
|move|p1a: Iron Treads|Earthquake|p2a: Dragapult
|-damage|p2a: Dragapult|0 fnt
|faint|p2a: Dragapult
|
|upkeep
|
|t:|1757946196
|switch|p2a: Garganacl|Garganacl, F|100/100
|-damage|p2a: Garganacl|88/100|[from] Stealth Rock
|turn|46
|c|☆ja hoi|completely forgo
|
|t:|1757946205
|move|p1a: Iron Treads|Earthquake|p2a: Garganacl
|-supereffective|p2a: Garganacl
|-damage|p2a: Garganacl|24/100
|move|p2a: Garganacl|Iron Defense|p2a: Garganacl
|-boost|p2a: Garganacl|def|2
|
|-heal|p2a: Garganacl|30/100|[from] item: Leftovers
|upkeep
|turn|47
|
|t:|1757946212
|move|p1a: Iron Treads|Earthquake|p2a: Garganacl
|-supereffective|p2a: Garganacl
|-damage|p2a: Garganacl|1/100
|move|p2a: Garganacl|Recover|p2a: Garganacl
|-heal|p2a: Garganacl|51/100
|
|-heal|p2a: Garganacl|57/100|[from] item: Leftovers
|upkeep
|turn|48
|
|t:|1757946219
|move|p1a: Iron Treads|Earthquake|p2a: Garganacl
|-supereffective|p2a: Garganacl
|-damage|p2a: Garganacl|26/100
|move|p2a: Garganacl|Recover|p2a: Garganacl
|-heal|p2a: Garganacl|76/100
|
|-heal|p2a: Garganacl|82/100|[from] item: Leftovers
|upkeep
|turn|49
|
|t:|1757946228
|-end|p1a: Iron Treads|Quark Drive|[silent]
|switch|p1a: Serperior|Serperior, M, shiny|34/100
|move|p2a: Garganacl|Salt Cure|p1a: Serperior
|-damage|p1a: Serperior|19/100
|-start|p1a: Serperior|Salt Cure
|
|-heal|p1a: Serperior|25/100|[from] item: Leftovers
|-heal|p2a: Garganacl|88/100|[from] item: Leftovers
|-damage|p1a: Serperior|12/100|[from] Salt Cure
|upkeep
|turn|50
|inactive|ja hoi has 120 seconds left.
|
|t:|1757946268
|move|p1a: Serperior|Leech Seed|p2a: Garganacl
|-start|p2a: Garganacl|move: Leech Seed
|move|p2a: Garganacl|Body Press|p1a: Serperior
|-damage|p1a: Serperior|0 fnt
|faint|p1a: Serperior
|
|-heal|p2a: Garganacl|94/100|[from] item: Leftovers
|upkeep
|
|t:|1757946283
|switch|p1a: Garchomp|Garchomp, M, shiny|42/100
|turn|51
|inactive|ja hoi has 120 seconds left.
|
|t:|1757946316
|move|p1a: Garchomp|Swords Dance|p1a: Garchomp
|-boost|p1a: Garchomp|atk|2
|move|p2a: Garganacl|Salt Cure|p1a: Garchomp
|-resisted|p1a: Garchomp
|-damage|p1a: Garchomp|35/100
|-start|p1a: Garchomp|Salt Cure
|
|-heal|p2a: Garganacl|100/100|[from] item: Leftovers
|-damage|p2a: Garganacl|88/100|[from] Leech Seed|[of] p1a: Garchomp
|-heal|p1a: Garchomp|49/100|[silent]
|-damage|p1a: Garchomp|36/100|[from] Salt Cure
|upkeep
|turn|52
|
|t:|1757946327
|move|p1a: Garchomp|Swords Dance|p1a: Garchomp
|-boost|p1a: Garchomp|atk|2
|move|p2a: Garganacl|Body Press|p1a: Garchomp
|-damage|p1a: Garchomp|0 fnt
|-damage|p2a: Garganacl|76/100|[from] ability: Rough Skin|[of] p1a: Garchomp
|faint|p1a: Garchomp
|
|-heal|p2a: Garganacl|82/100|[from] item: Leftovers
|upkeep
|
|t:|1757946331
|switch|p1a: Gholdengo|Gholdengo, tera:Flying|85/100
|turn|53
|
|t:|1757946339
|move|p1a: Gholdengo|Make It Rain|p2a: Garganacl
|-supereffective|p2a: Garganacl
|-damage|p2a: Garganacl|17/100
|-unboost|p1a: Gholdengo|spa|1
|move|p2a: Garganacl|Recover|p2a: Garganacl
|-heal|p2a: Garganacl|67/100
|
|-heal|p2a: Garganacl|73/100|[from] item: Leftovers
|-damage|p2a: Garganacl|60/100|[from] Leech Seed|[of] p1a: Gholdengo
|-heal|p1a: Gholdengo|98/100|[silent]
|upkeep
|turn|54
|inactive|ja hoi has 90 seconds left.
|
|t:|1757946370
|move|p1a: Gholdengo|Thunder Wave|p2a: Garganacl
|-immune|p2a: Garganacl|[from] ability: Purifying Salt
|move|p2a: Garganacl|Recover|p2a: Garganacl
|-heal|p2a: Garganacl|100/100
|
|-damage|p2a: Garganacl|88/100|[from] Leech Seed|[of] p1a: Gholdengo
|-heal|p1a: Gholdengo|100/100|[silent]
|upkeep
|turn|55
|inactive|ja hoi has 90 seconds left.
|
|t:|1757946392
|switch|p1a: Samurott|Samurott-Hisui, F, shiny|100/100
|move|p2a: Garganacl|Salt Cure|p1a: Samurott
|-damage|p1a: Samurott|86/100
|-start|p1a: Samurott|Salt Cure
|
|-heal|p2a: Garganacl|94/100|[from] item: Leftovers
|-damage|p2a: Garganacl|82/100|[from] Leech Seed|[of] p1a: Samurott
|-heal|p1a: Samurott|99/100|[silent]
|-damage|p1a: Samurott|75/100|[from] Salt Cure
|upkeep
|turn|56
|
|t:|1757946402
|move|p1a: Samurott|Razor Shell|p2a: Garganacl
|-supereffective|p2a: Garganacl
|-damage|p2a: Garganacl|46/100
|-unboost|p2a: Garganacl|def|1
|move|p2a: Garganacl|Iron Defense|p2a: Garganacl
|-boost|p2a: Garganacl|def|2
|
|-heal|p2a: Garganacl|52/100|[from] item: Leftovers
|-damage|p2a: Garganacl|40/100|[from] Leech Seed|[of] p1a: Samurott
|-heal|p1a: Samurott|89/100|[silent]
|-damage|p1a: Samurott|64/100|[from] Salt Cure
|upkeep
|turn|57
|
|t:|1757946416
|move|p1a: Samurott|Razor Shell|p2a: Garganacl
|-supereffective|p2a: Garganacl
|-damage|p2a: Garganacl|7/100
|-unboost|p2a: Garganacl|def|1
|move|p2a: Garganacl|Recover|p2a: Garganacl
|-heal|p2a: Garganacl|57/100
|
|-heal|p2a: Garganacl|63/100|[from] item: Leftovers
|-damage|p2a: Garganacl|51/100|[from] Leech Seed|[of] p1a: Samurott
|-heal|p1a: Samurott|77/100|[silent]
|-damage|p1a: Samurott|53/100|[from] Salt Cure
|upkeep
|turn|58
|
|t:|1757946427
|move|p1a: Samurott|Razor Shell|p2a: Garganacl
|-supereffective|p2a: Garganacl
|-damage|p2a: Garganacl|9/100
|-unboost|p2a: Garganacl|def|1
|move|p2a: Garganacl|Recover|p2a: Garganacl
|-heal|p2a: Garganacl|59/100
|
|-heal|p2a: Garganacl|65/100|[from] item: Leftovers
|-damage|p2a: Garganacl|53/100|[from] Leech Seed|[of] p1a: Samurott
|-heal|p1a: Samurott|66/100|[silent]
|-damage|p1a: Samurott|41/100|[from] Salt Cure
|upkeep
|turn|59
|c|☆ja hoi|...................................
|
|t:|1757946439
|move|p1a: Samurott|Razor Shell|p2a: Garganacl|[miss]
|-miss|p1a: Samurott|p2a: Garganacl
|move|p2a: Garganacl|Recover|p2a: Garganacl
|-heal|p2a: Garganacl|100/100
|
|-damage|p2a: Garganacl|88/100|[from] Leech Seed|[of] p1a: Samurott
|-heal|p1a: Samurott|55/100|[silent]
|-damage|p1a: Samurott|30/100|[from] Salt Cure
|upkeep
|turn|60
|
|t:|1757946451
|move|p1a: Samurott|Razor Shell|p2a: Garganacl
|-supereffective|p2a: Garganacl
|-damage|p2a: Garganacl|42/100
|-unboost|p2a: Garganacl|def|1
|move|p2a: Garganacl|Body Press|p1a: Samurott
|-supereffective|p1a: Samurott
|-damage|p1a: Samurott|0 fnt
|faint|p1a: Samurott
|
|-heal|p2a: Garganacl|48/100|[from] item: Leftovers
|upkeep
|c|☆ja hoi|hahahahahahahahaah
|
|t:|1757946459
|switch|p1a: Gholdengo|Gholdengo, tera:Flying|100/100
|turn|61
|c|☆ja hoi|this match was insane
|inactive|ja hoi has 90 seconds left.
|c|☆ja hoi|but ggwp
|
|t:|1757946484
|move|p1a: Gholdengo|Make It Rain|p2a: Garganacl
|-supereffective|p2a: Garganacl
|-damage|p2a: Garganacl|0 fnt
|-unboost|p1a: Gholdengo|spa|1
|faint|p2a: Garganacl
|
|win|Zxasdf
|raw|Zxasdf's rating: 1395 &rarr; <strong>1416</strong><br />(+21 for winning)
|raw|ja hoi's rating: 1406 &rarr; <strong>1385</strong><br />(-21 for losing)
|l|☆ja hoi
|player|p2|
