|j|☆Friday-Pandanova
|j|☆KingDakota
|t:|1757788702
|gametype|singles
|player|p1|Friday-Pandanova|265|1124
|player|p2|KingDakota|102|1165
|gen|9
|tier|[Gen 9] OU
|rated|
|rule|HP Percentage Mod: HP is shown in percentages
|rule|Endless Battle Clause: Forcing endless battles is banned
|rule|Species Clause: Limit one of each Pokémon
|rule|OHKO Clause: OHKO moves are banned
|rule|Evasion Items Clause: Evasion items are banned
|rule|Evasion Moves Clause: Evasion moves are banned
|rule|Evasion Abilities Clause: Evasion abilities are banned
|rule|Sleep Moves Clause: Sleep-inducing moves are banned
|clearpoke
|poke|p1|Ogerpon-Wellspring, F|
|poke|p1|Weezing-Galar, M|
|poke|p1|Ampharos, F|
|poke|p1|Rillaboom, M|
|poke|p1|Ceruledge, F|
|poke|p1|Darkrai|
|poke|p2|Slowking-Galar, F|
|poke|p2|Sableye, M|
|poke|p2|Corviknight, F|
|poke|p2|Rotom-Wash|
|poke|p2|Cinderace, F|
|poke|p2|Iron Valiant|
|teampreview
|inactive|Battle timer is ON: inactive players will automatically lose when time's up. (requested by KingDakota)
|
|t:|1757788726
|teamsize|p1|6
|teamsize|p2|6
|start
|switch|p1a: Rillaboom|Rillaboom, M|100/100
|switch|p2a: Rotom|Rotom-Wash|100/100
|-fieldstart|move: Grassy Terrain|[from] ability: Grassy Surge|[of] p1a: Rillaboom
|turn|1
|
|t:|1757788741
|switch|p2a: Corviknight|Corviknight, F|100/100
|-ability|p2a: Corviknight|Pressure
|move|p1a: Rillaboom|Grassy Glide|p2a: Corviknight
|-resisted|p2a: Corviknight
|-damage|p2a: Corviknight|93/100
|-damage|p1a: Rillaboom|84/100|[from] item: Rocky Helmet|[of] p2a: Corviknight
|
|-heal|p1a: Rillaboom|90/100|[from] Grassy Terrain
|upkeep
|turn|2
|
|t:|1757788767
|switch|p1a: Ampharos|Ampharos, F|100/100
|-enditem|p1a: Ampharos|Grassy Seed
|-boost|p1a: Ampharos|def|1|[from] item: Grassy Seed
|move|p2a: Corviknight|U-turn|p1a: Ampharos
|-damage|p1a: Ampharos|93/100
|
|t:|1757788791
|switch|p2a: Rotom|Rotom-Wash|100/100|[from] U-turn
|
|-heal|p1a: Ampharos|99/100|[from] Grassy Terrain
|upkeep
|turn|3
|
|t:|1757788799
|move|p2a: Rotom|Trick|p1a: Ampharos
|-activate|p2a: Rotom|move: Trick|[of] p1a: Ampharos
|-item|p1a: Ampharos|Choice Scarf|[from] move: Trick
|-enditem|p2a: Rotom|Choice Scarf|[silent]|[from] move: Trick
|move|p1a: Ampharos|Charge|p1a: Ampharos
|-boost|p1a: Ampharos|spd|1
|-start|p1a: Ampharos|Charge
|
|-heal|p1a: Ampharos|100/100|[from] Grassy Terrain
|upkeep
|turn|4
|
|t:|1757788813
|switch|p1a: Rillaboom|Rillaboom, M|90/100
|move|p2a: Rotom|Hydro Pump|p1a: Rillaboom
|-resisted|p1a: Rillaboom
|-damage|p1a: Rillaboom|65/100
|
|-heal|p1a: Rillaboom|71/100|[from] Grassy Terrain
|upkeep
|turn|5
|
|t:|1757788823
|switch|p2a: Corviknight|Corviknight, F|93/100
|-ability|p2a: Corviknight|Pressure
|move|p1a: Rillaboom|U-turn|p2a: Corviknight
|-resisted|p2a: Corviknight
|-damage|p2a: Corviknight|88/100
|-damage|p1a: Rillaboom|54/100|[from] item: Rocky Helmet|[of] p2a: Corviknight
|
|t:|1757788833
|switch|p1a: Ceruledge|Ceruledge, F|100/100|[from] U-turn
|
|-fieldend|move: Grassy Terrain
|upkeep
|turn|6
|
|t:|1757788839
|switch|p2a: Sableye|Sableye, M|100/100
|move|p1a: Ceruledge|Swords Dance|p1a: Ceruledge
|-boost|p1a: Ceruledge|atk|2
|
|upkeep
|turn|7
|
|t:|1757788862
|move|p2a: Sableye|Encore|p1a: Ceruledge
|-start|p1a: Ceruledge|Encore
|move|p1a: Ceruledge|Swords Dance|p1a: Ceruledge
|-boost|p1a: Ceruledge|atk|2
|
|upkeep
|turn|8
|
|t:|1757788878
|move|p1a: Ceruledge|Swords Dance|p1a: Ceruledge
|-boost|p1a: Ceruledge|atk|2
|move|p2a: Sableye|Knock Off|p1a: Ceruledge
|-supereffective|p1a: Ceruledge
|-damage|p1a: Ceruledge|24/100
|-ability|p1a: Ceruledge|Weak Armor|boost
|-unboost|p1a: Ceruledge|def|1
|-boost|p1a: Ceruledge|spe|2
|-enditem|p1a: Ceruledge|Focus Sash|[from] move: Knock Off|[of] p2a: Sableye
|
|upkeep
|turn|9
|
|t:|1757788904
|move|p1a: Ceruledge|Swords Dance|p1a: Ceruledge
|-boost|p1a: Ceruledge|atk|0
|move|p2a: Sableye|Knock Off|p1a: Ceruledge
|-supereffective|p1a: Ceruledge
|-damage|p1a: Ceruledge|0 fnt
|faint|p1a: Ceruledge
|
|upkeep
|
|t:|1757788910
|switch|p1a: Darkrai|Darkrai|100/100
|turn|10
|
|t:|1757788917
|switch|p2a: Corviknight|Corviknight, F|88/100
|-ability|p2a: Corviknight|Pressure
|move|p1a: Darkrai|Dark Pulse|p2a: Corviknight
|-damage|p2a: Corviknight|30/100
|-damage|p1a: Darkrai|91/100|[from] item: Life Orb
|
|upkeep
|turn|11
|
|t:|1757788929
|switch|p2a: Iron Valiant|Iron Valiant|100/100
|move|p1a: Darkrai|Dark Pulse|p2a: Iron Valiant
|-resisted|p2a: Iron Valiant
|-damage|p2a: Iron Valiant|77/100
|-damage|p1a: Darkrai|81/100|[from] item: Life Orb
|
|upkeep
|turn|12
|
|t:|1757788938
|-terastallize|p2a: Iron Valiant|Ghost
|move|p1a: Darkrai|Sludge Bomb|p2a: Iron Valiant
|-resisted|p2a: Iron Valiant
|-damage|p2a: Iron Valiant|38/100
|-damage|p1a: Darkrai|71/100|[from] item: Life Orb
|move|p2a: Iron Valiant|Moonblast|p1a: Darkrai
|-supereffective|p1a: Darkrai
|-damage|p1a: Darkrai|0 fnt
|faint|p1a: Darkrai
|
|upkeep
|inactive|Friday-Pandanova has 120 seconds left.
|
|t:|1757788960
|switch|p1a: Ampharos|Ampharos, F|100/100
|turn|13
|inactive|Friday-Pandanova has 120 seconds left.
|
|t:|1757788980
|-end|p2a: Iron Valiant|Quark Drive|[silent]
|switch|p2a: Slowking|Slowking-Galar, F|100/100
|move|p1a: Ampharos|Discharge|p2a: Slowking
|-damage|p2a: Slowking|79/100
|
|upkeep
|turn|14
|
|t:|1757788998
|switch|p1a: Weezing|Weezing-Galar, M|100/100
|move|p2a: Slowking|Future Sight|p1a: Weezing
|-start|p2a: Slowking|move: Future Sight
|
|upkeep
|turn|15
|
|t:|1757789019
|move|p1a: Weezing|Will-O-Wisp|p2a: Slowking
|-status|p2a: Slowking|brn
|move|p2a: Slowking|Thunder Wave|p1a: Weezing
|-status|p1a: Weezing|par
|
|-damage|p2a: Slowking|73/100 brn|[from] brn
|upkeep
|turn|16
|
|t:|1757789036
|move|p1a: Weezing|Sludge Bomb|p2a: Slowking
|-resisted|p2a: Slowking
|-damage|p2a: Slowking|62/100 brn
|-prepare|p2a: Slowking|Chilly Reception|[premajor]
|move|p2a: Slowking|Chilly Reception|p2a: Slowking
|-weather|Snowscape
|
|t:|1757789045
|switch|p2a: Corviknight|Corviknight, F|30/100|[from] Chilly Reception
|-ability|p2a: Corviknight|Pressure
|
|-weather|Snowscape|[upkeep]
|-end|p1a: Weezing|move: Future Sight
|-supereffective|p1a: Weezing
|-damage|p1a: Weezing|14/100 par
|-heal|p1a: Weezing|20/100 par|[from] item: Leftovers
|upkeep
|turn|17
|
|t:|1757789062
|move|p2a: Corviknight|U-turn|p1a: Weezing
|-resisted|p1a: Weezing
|-damage|p1a: Weezing|16/100 par
|
|t:|1757789065
|switch|p2a: Slowking|Slowking-Galar, F|95/100 brn|[from] U-turn
|move|p1a: Weezing|Overheat|p2a: Slowking
|-damage|p2a: Slowking|74/100 brn
|-unboost|p1a: Weezing|spa|2
|
|-weather|Snowscape|[upkeep]
|-heal|p1a: Weezing|22/100 par|[from] item: Leftovers
|-damage|p2a: Slowking|68/100 brn|[from] brn
|upkeep
|turn|18
|
|t:|1757789078
|switch|p1a: Ampharos|Ampharos, F|100/100
|move|p2a: Slowking|Sludge Bomb|p1a: Ampharos
|-damage|p1a: Ampharos|73/100
|
|-weather|Snowscape|[upkeep]
|-damage|p2a: Slowking|62/100 brn|[from] brn
|upkeep
|turn|19
|
|t:|1757789087
|move|p1a: Ampharos|Charge|p1a: Ampharos
|-boost|p1a: Ampharos|spd|1
|-start|p1a: Ampharos|Charge
|move|p2a: Slowking|Future Sight|p1a: Ampharos
|-start|p2a: Slowking|move: Future Sight
|
|-weather|Snowscape|[upkeep]
|-damage|p2a: Slowking|56/100 brn|[from] brn
|upkeep
|turn|20
|
|t:|1757789109
|switch|p1a: Weezing|Weezing-Galar, M|22/100 par
|move|p2a: Slowking|Sludge Bomb|p1a: Weezing
|-damage|p1a: Weezing|0 fnt
|faint|p1a: Weezing
|
|-weather|none
|-damage|p2a: Slowking|50/100 brn|[from] brn
|upkeep
|
|t:|1757789117
|switch|p1a: Ogerpon|Ogerpon-Wellspring, F|100/100
|turn|21
|
|t:|1757789129
|switch|p2a: Sableye|Sableye, M|100/100
|move|p1a: Ogerpon|Horn Leech|p2a: Sableye
|-damage|p2a: Sableye|41/100
|
|-end|p1a: Ogerpon|move: Future Sight
|-damage|p1a: Ogerpon|50/100
|-heal|p2a: Sableye|48/100|[from] item: Leftovers
|upkeep
|turn|22
|
|t:|1757789151
|move|p2a: Sableye|Will-O-Wisp|p1a: Ogerpon|[miss]
|-miss|p2a: Sableye|p1a: Ogerpon
|move|p1a: Ogerpon|Horn Leech|p2a: Sableye
|-damage|p2a: Sableye|0 fnt
|-heal|p1a: Ogerpon|74/100|[from] drain|[of] p2a: Sableye
|faint|p2a: Sableye
|
|upkeep
|
|t:|1757789164
|switch|p2a: Slowking|Slowking-Galar, F|83/100 brn
|turn|23
|
|t:|1757789174
|move|p1a: Ogerpon|U-turn|p2a: Slowking
|-damage|p2a: Slowking|61/100 brn
|
|t:|1757789183
|switch|p1a: Ampharos|Ampharos, F|73/100|[from] U-turn
|move|p2a: Slowking|Thunder Wave|p1a: Ampharos|[miss]
|-miss|p2a: Slowking|p1a: Ampharos
|
|-damage|p2a: Slowking|55/100 brn|[from] brn
|upkeep
|turn|24
|
|t:|1757789194
|move|p1a: Ampharos|Volt Switch|p2a: Slowking
|-damage|p2a: Slowking|36/100 brn
|
|t:|1757789197
|switch|p1a: Rillaboom|Rillaboom, M|54/100|[from] Volt Switch
|-fieldstart|move: Grassy Terrain|[from] ability: Grassy Surge|[of] p1a: Rillaboom
|move|p2a: Slowking|Future Sight|p1a: Rillaboom
|-start|p2a: Slowking|move: Future Sight
|
|-heal|p1a: Rillaboom|61/100|[from] Grassy Terrain
|-heal|p2a: Slowking|42/100 brn|[from] Grassy Terrain
|-damage|p2a: Slowking|36/100 brn|[from] brn
|upkeep
|turn|25
|inactive|Friday-Pandanova has 120 seconds left.
|
|t:|1757789211
|switch|p2a: Corviknight|Corviknight, F|30/100
|-ability|p2a: Corviknight|Pressure
|move|p1a: Rillaboom|Wood Hammer|p2a: Corviknight
|-resisted|p2a: Corviknight
|-damage|p2a: Corviknight|10/100
|-damage|p1a: Rillaboom|44/100|[from] item: Rocky Helmet|[of] p2a: Corviknight
|-damage|p1a: Rillaboom|37/100|[from] Recoil
|
|-heal|p1a: Rillaboom|43/100|[from] Grassy Terrain
|upkeep
|turn|26
|inactive|Friday-Pandanova has 120 seconds left.
|
|t:|1757789227
|switch|p2a: Cinderace|Cinderace, F|100/100
|move|p1a: Rillaboom|Wood Hammer|p2a: Cinderace
|-resisted|p2a: Cinderace
|-damage|p2a: Cinderace|25/100
|-damage|p1a: Rillaboom|17/100|[from] Recoil
|
|-end|p1a: Rillaboom|move: Future Sight
|-damage|p1a: Rillaboom|0 fnt
|faint|p1a: Rillaboom
|-heal|p2a: Cinderace|32/100|[from] Grassy Terrain
|upkeep
|
|t:|1757789237
|switch|p1a: Ogerpon|Ogerpon-Wellspring, F|74/100
|turn|27
|
|t:|1757789246
|-terastallize|p1a: Ogerpon|Water
|detailschange|p1a: Ogerpon|Ogerpon-Wellspring-Tera, F, tera:Water
|-ability|p1a: Ogerpon|Embody Aspect (Wellspring)|boost
|-boost|p1a: Ogerpon|spd|1
|move|p2a: Cinderace|Will-O-Wisp|p1a: Ogerpon
|-status|p1a: Ogerpon|brn
|move|p1a: Ogerpon|Trailblaze|p2a: Cinderace
|-resisted|p2a: Cinderace
|-damage|p2a: Cinderace|20/100
|-boost|p1a: Ogerpon|spe|1
|
|-heal|p1a: Ogerpon|80/100 brn|[from] Grassy Terrain
|-heal|p2a: Cinderace|26/100|[from] Grassy Terrain
|-damage|p1a: Ogerpon|74/100 brn|[from] brn
|upkeep
|turn|28
|inactive|Friday-Pandanova has 120 seconds left.
|
|t:|1757789258
|move|p1a: Ogerpon|Horn Leech|p2a: Cinderace
|-resisted|p2a: Cinderace
|-damage|p2a: Cinderace|8/100
|-heal|p1a: Ogerpon|85/100 brn|[from] drain|[of] p2a: Cinderace
|move|p2a: Cinderace|Pyro Ball|p1a: Ogerpon
|-resisted|p1a: Ogerpon
|-damage|p1a: Ogerpon|38/100 brn
|
|-heal|p1a: Ogerpon|44/100 brn|[from] Grassy Terrain
|-heal|p2a: Cinderace|14/100|[from] Grassy Terrain
|-damage|p1a: Ogerpon|38/100 brn|[from] brn
|-fieldend|move: Grassy Terrain
|upkeep
|turn|29
|inactive|Friday-Pandanova has 120 seconds left.
|
|t:|1757789273
|move|p1a: Ogerpon|Play Rough|p2a: Cinderace
|-resisted|p2a: Cinderace
|-crit|p2a: Cinderace
|-damage|p2a: Cinderace|0 fnt
|faint|p2a: Cinderace
|
|-damage|p1a: Ogerpon|32/100 brn|[from] brn
|upkeep
|
|t:|1757789281
|switch|p2a: Iron Valiant|Iron Valiant, tera:Ghost|38/100
|turn|30
|inactive|Friday-Pandanova has 120 seconds left.
|
|t:|1757789295
|move|p1a: Ogerpon|Play Rough|p2a: Iron Valiant
|-damage|p2a: Iron Valiant|14/100
|move|p2a: Iron Valiant|Moonblast|p1a: Ogerpon
|-damage|p1a: Ogerpon|0 fnt
|faint|p1a: Ogerpon
|detailschange|p1: Ogerpon|Ogerpon-Wellspring, F|[silent]
|
|upkeep
|inactive|Friday-Pandanova has 120 seconds left.
|
|t:|1757789300
|switch|p1a: Ampharos|Ampharos, F|73/100
|turn|31
|
|t:|1757789306
|move|p2a: Iron Valiant|Moonblast|p1a: Ampharos
|-damage|p1a: Ampharos|14/100
|move|p1a: Ampharos|Discharge|p2a: Iron Valiant
|-damage|p2a: Iron Valiant|0 fnt
|faint|p2a: Iron Valiant
|-end|p2a: Iron Valiant|Quark Drive|[silent]
|
|upkeep
|
|t:|1757789312
|switch|p2a: Slowking|Slowking-Galar, F|70/100 brn
|turn|32
|
|t:|1757789314
|move|p1a: Ampharos|Discharge|p2a: Slowking
|-damage|p2a: Slowking|47/100 brn
|move|p2a: Slowking|Sludge Bomb|p1a: Ampharos
|-damage|p1a: Ampharos|0 fnt
|faint|p1a: Ampharos
|
|win|KingDakota
|raw|Friday-Pandanova's rating: 1124 &rarr; <strong>1102</strong><br />(-22 for losing)
|raw|KingDakota's rating: 1165 &rarr; <strong>1187</strong><br />(+22 for winning)
|l|☆Friday-Pandanova
|player|p1|
|l|☆KingDakota
|player|p2|
