|j|☆InotspeakEnglish
|j|☆Snomss
|t:|1757817246
|gametype|singles
|player|p1|InotspeakEnglish|169|1252
|player|p2|Snomss|170|1229
|gen|9
|tier|[Gen 9] OU
|rated|
|rule|HP Percentage Mod: HP is shown in percentages
|rule|Endless Battle Clause: Forcing endless battles is banned
|rule|Species Clause: Limit one of each Pokémon
|rule|OHKO Clause: OHKO moves are banned
|rule|Evasion Items Clause: Evasion items are banned
|rule|Evasion Moves Clause: Evasion moves are banned
|rule|Evasion Abilities Clause: Evasion abilities are banned
|rule|Sleep Moves Clause: Sleep-inducing moves are banned
|clearpoke
|poke|p1|Maushold-Four|
|poke|p1|Great Tusk|
|poke|p1|Raging Bolt|
|poke|p1|Grafaiai, F|
|poke|p1|Weavile, M|
|poke|p1|Volcanion|
|poke|p2|Ninetales-Alola, M|
|poke|p2|Darkrai|
|poke|p2|Gholdengo|
|poke|p2|Dondozo, F|
|poke|p2|Cinderace, M|
|poke|p2|Quaquaval, M|
|teampreview
|
|t:|1757817257
|teamsize|p1|6
|teamsize|p2|6
|start
|switch|p1a: Grafaiai|Grafaiai, F|100/100
|switch|p2a: Quaquaval|Quaquaval, M|100/100
|turn|1
|
|t:|1757817261
|move|p2a: Quaquaval|Aqua Step|p1a: Grafaiai
|-damage|p1a: Grafaiai|62/100
|-boost|p2a: Quaquaval|spe|1
|-damage|p2a: Quaquaval|84/100|[from] item: Rocky Helmet|[of] p1a: Grafaiai
|move|p1a: Grafaiai|Knock Off|p2a: Quaquaval
|-resisted|p2a: Quaquaval
|-damage|p2a: Quaquaval|70/100
|-enditem|p2a: Quaquaval|Heavy-Duty Boots|[from] move: Knock Off|[of] p1a: Grafaiai
|
|upkeep
|turn|2
|
|t:|1757817269
|move|p1a: Grafaiai|Parting Shot|p2a: Quaquaval
|-unboost|p2a: Quaquaval|atk|1
|-unboost|p2a: Quaquaval|spa|1
|
|t:|1757817270
|switch|p1a: Volcanion|Volcanion|100/100|[from] Parting Shot
|move|p2a: Quaquaval|Close Combat|p1a: Volcanion
|-damage|p1a: Volcanion|77/100
|-unboost|p2a: Quaquaval|def|1
|-unboost|p2a: Quaquaval|spd|1
|
|upkeep
|turn|3
|
|t:|1757817276
|switch|p2a: Dondozo|Dondozo, F|100/100
|move|p1a: Volcanion|Earth Power|p2a: Dondozo
|-damage|p2a: Dondozo|72/100
|
|upkeep
|turn|4
|
|t:|1757817282
|move|p1a: Volcanion|Steam Eruption|p2a: Dondozo
|-resisted|p2a: Dondozo
|-damage|p2a: Dondozo|47/100
|move|p2a: Dondozo|Earthquake|p1a: Volcanion
|-supereffective|p1a: Volcanion
|-damage|p1a: Volcanion|34/100
|
|upkeep
|turn|5
|
|t:|1757817294
|move|p1a: Volcanion|Steam Eruption|p2a: Dondozo
|-resisted|p2a: Dondozo
|-damage|p2a: Dondozo|23/100
|-status|p2a: Dondozo|brn
|-enditem|p2a: Dondozo|Lum Berry|[eat]
|-curestatus|p2a: Dondozo|brn|[msg]
|move|p2a: Dondozo|Rest|p2a: Dondozo
|-status|p2a: Dondozo|slp|[from] move: Rest
|-heal|p2a: Dondozo|100/100 slp|[silent]
|
|upkeep
|turn|6
|
|t:|1757817305
|switch|p1a: Raging Bolt|Raging Bolt|100/100
|cant|p2a: Dondozo|slp
|
|upkeep
|turn|7
|
|t:|1757817313
|switch|p2a: Ninetales|Ninetales-Alola, M|100/100
|-weather|Snowscape|[from] ability: Snow Warning|[of] p2a: Ninetales
|move|p1a: Raging Bolt|Volt Switch|p2a: Ninetales
|-damage|p2a: Ninetales|51/100
|-damage|p1a: Raging Bolt|90/100|[from] item: Life Orb
|
|t:|1757817318
|-end|p1a: Raging Bolt|Protosynthesis|[silent]
|switch|p1a: Maushold|Maushold-Four|100/100|[from] Volt Switch
|
|-weather|Snowscape|[upkeep]
|upkeep
|turn|8
|
|t:|1757817327
|move|p1a: Maushold|Population Bomb|p2a: Ninetales
|-damage|p2a: Ninetales|40/100
|-crit|p2a: Ninetales
|-damage|p2a: Ninetales|23/100
|-damage|p2a: Ninetales|13/100
|-damage|p2a: Ninetales|1/100
|-damage|p2a: Ninetales|0 fnt
|faint|p2a: Ninetales
|-hitcount|p2: Ninetales|5
|
|-weather|Snowscape|[upkeep]
|upkeep
|
|t:|1757817331
|switch|p2a: Cinderace|Cinderace, M|100/100
|turn|9
|
|t:|1757817338
|switch|p1a: Volcanion|Volcanion|34/100
|move|p2a: Cinderace|High Jump Kick|p1a: Volcanion
|-damage|p1a: Volcanion|0 fnt
|faint|p1a: Volcanion
|
|-weather|Snowscape|[upkeep]
|upkeep
|
|t:|1757817343
|switch|p1a: Great Tusk|Great Tusk|100/100
|turn|10
|
|t:|1757817348
|switch|p2a: Dondozo|Dondozo, F|100/100 slp
|move|p1a: Great Tusk|Ice Spinner|p2a: Dondozo
|-resisted|p2a: Dondozo
|-damage|p2a: Dondozo|92/100 slp
|
|-weather|Snowscape|[upkeep]
|upkeep
|turn|11
|
|t:|1757817353
|-end|p1a: Great Tusk|Protosynthesis|[silent]
|switch|p1a: Raging Bolt|Raging Bolt|90/100
|cant|p2a: Dondozo|slp
|
|-weather|none
|upkeep
|turn|12
|
|t:|1757817359
|move|p1a: Raging Bolt|Calm Mind|p1a: Raging Bolt
|-boost|p1a: Raging Bolt|spa|1
|-boost|p1a: Raging Bolt|spd|1
|-curestatus|p2a: Dondozo|slp|[msg]
|move|p2a: Dondozo|Earthquake|p1a: Raging Bolt
|-supereffective|p1a: Raging Bolt
|-damage|p1a: Raging Bolt|39/100
|
|upkeep
|turn|13
|
|t:|1757817362
|move|p1a: Raging Bolt|Volt Switch|p2a: Dondozo
|-supereffective|p2a: Dondozo
|-damage|p2a: Dondozo|11/100
|-damage|p1a: Raging Bolt|29/100|[from] item: Life Orb
|
|t:|1757817368
|-end|p1a: Raging Bolt|Protosynthesis|[silent]
|switch|p1a: Great Tusk|Great Tusk|100/100|[from] Volt Switch
|move|p2a: Dondozo|Earthquake|p1a: Great Tusk
|-damage|p1a: Great Tusk|77/100
|
|upkeep
|turn|14
|
|t:|1757817373
|move|p1a: Great Tusk|Rapid Spin|p2a: Dondozo
|-damage|p2a: Dondozo|0 fnt
|-boost|p1a: Great Tusk|spe|1
|faint|p2a: Dondozo
|
|upkeep
|
|t:|1757817393
|switch|p2a: Gholdengo|Gholdengo|100/100
|turn|15
|
|t:|1757817399
|-terastallize|p2a: Gholdengo|Flying
|move|p1a: Great Tusk|Headlong Rush|p2a: Gholdengo
|-immune|p2a: Gholdengo
|move|p2a: Gholdengo|Psyshock|p1a: Great Tusk
|-supereffective|p1a: Great Tusk
|-damage|p1a: Great Tusk|34/100
|
|upkeep
|turn|16
|
|t:|1757817410
|move|p1a: Great Tusk|Ice Spinner|p2a: Gholdengo
|-supereffective|p2a: Gholdengo
|-damage|p2a: Gholdengo|21/100
|move|p2a: Gholdengo|Psyshock|p1a: Great Tusk
|-supereffective|p1a: Great Tusk
|-damage|p1a: Great Tusk|0 fnt
|faint|p1a: Great Tusk
|-end|p1a: Great Tusk|Protosynthesis|[silent]
|
|upkeep
|
|t:|1757817414
|switch|p1a: Maushold|Maushold-Four|100/100
|turn|17
|
|t:|1757817420
|switch|p2a: Quaquaval|Quaquaval, M|70/100
|move|p1a: Maushold|Tidy Up|p1a: Maushold
|-boost|p1a: Maushold|atk|1
|-boost|p1a: Maushold|spe|1
|
|upkeep
|turn|18
|
|t:|1757817426
|move|p1a: Maushold|Population Bomb|p2a: Quaquaval
|-damage|p2a: Quaquaval|49/100
|-damage|p2a: Quaquaval|28/100
|-damage|p2a: Quaquaval|8/100
|-damage|p2a: Quaquaval|0 fnt
|faint|p2a: Quaquaval
|-hitcount|p2: Quaquaval|4
|
|upkeep
|
|t:|1757817430
|switch|p2a: Darkrai|Darkrai|100/100
|turn|19
|
|t:|1757817435
|move|p1a: Maushold|Population Bomb|p2a: Darkrai
|-damage|p2a: Darkrai|79/100
|-damage|p2a: Darkrai|56/100
|-damage|p2a: Darkrai|33/100
|-damage|p2a: Darkrai|12/100
|-damage|p2a: Darkrai|0 fnt
|faint|p2a: Darkrai
|-hitcount|p2: Darkrai|5
|
|upkeep
|-message|Snomss forfeited.
|
|win|InotspeakEnglish
|raw|InotspeakEnglish's rating: 1252 &rarr; <strong>1275</strong><br />(+23 for winning)
|raw|Snomss's rating: 1229 &rarr; <strong>1206</strong><br />(-23 for losing)
|l|☆Snomss
|player|p2|
|l|☆InotspeakEnglish
|player|p1|
