|j|☆flygonisdragon
|j|☆jeet999
|t:|1757831443
|gametype|singles
|player|p1|flygonisdragon|serena-masters|1508
|player|p2|jeet999|cynthia-masters|1527
|gen|9
|tier|[Gen 9] OU
|rated|
|rule|HP Percentage Mod: HP is shown in percentages
|rule|Endless Battle Clause: Forcing endless battles is banned
|rule|Species Clause: Limit one of each Pokémon
|rule|OHKO Clause: OHKO moves are banned
|rule|Evasion Items Clause: Evasion items are banned
|rule|Evasion Moves Clause: Evasion moves are banned
|rule|Evasion Abilities Clause: Evasion abilities are banned
|rule|Sleep Moves Clause: Sleep-inducing moves are banned
|clearpoke
|poke|p1|Volcanion|
|poke|p1|Metagross|
|poke|p1|Zamazenta-*|
|poke|p1|Rillaboom, M|
|poke|p1|Fezandipiti, M|
|poke|p1|Regidrago|
|poke|p2|Indeedee, M|
|poke|p2|Hatterene, F|
|poke|p2|Ursaluna, F|
|poke|p2|Iron Hands|
|poke|p2|Hoopa-Unbound|
|poke|p2|Mimikyu, F|
|teampreview
|inactive|Battle timer is ON: inactive players will automatically lose when time's up. (requested by jeet999)
|
|t:|1757831462
|teamsize|p1|6
|teamsize|p2|6
|start
|switch|p1a: Metagross|Metagross|100/100
|switch|p2a: Subaru|Indeedee, M, shiny|100/100
|-fieldstart|move: Psychic Terrain|[from] ability: Psychic Surge|[of] p2a: Subaru
|turn|1
|
|t:|1757831470
|move|p1a: Metagross|Meteor Mash|p2a: Subaru
|-damage|p2a: Subaru|28/100
|-damage|p1a: Metagross|91/100|[from] item: Life Orb
|move|p2a: Subaru|Trick Room|p2a: Subaru
|-fieldstart|move: Trick Room|[of] p2a: Subaru
|
|upkeep
|turn|2
|
|t:|1757831477
|switch|p2a: Crashout YN|Ursaluna, F, shiny|100/100
|move|p1a: Metagross|Stealth Rock|p2a: Crashout YN
|-sidestart|p2: jeet999|move: Stealth Rock
|
|-status|p2a: Crashout YN|brn|[from] item: Flame Orb
|upkeep
|turn|3
|
|t:|1757831498
|move|p2a: Crashout YN|Facade|p1a: Metagross
|-resisted|p1a: Metagross
|-damage|p1a: Metagross|34/100
|move|p1a: Metagross|Meteor Mash|p2a: Crashout YN|[miss]
|-miss|p1a: Metagross|p2a: Crashout YN
|
|-damage|p2a: Crashout YN|94/100 brn|[from] brn
|upkeep
|turn|4
|
|t:|1757831506
|switch|p1a: Zamazenta|Zamazenta|100/100
|-ability|p1a: Zamazenta|Dauntless Shield|boost
|-boost|p1a: Zamazenta|def|1
|move|p2a: Crashout YN|Facade|p1a: Zamazenta
|-damage|p1a: Zamazenta|35/100
|
|-heal|p1a: Zamazenta|41/100|[from] item: Leftovers
|-damage|p2a: Crashout YN|88/100 brn|[from] brn
|upkeep
|turn|5
|
|t:|1757831515
|move|p2a: Crashout YN|Facade|p1a: Zamazenta
|-damage|p1a: Zamazenta|0 fnt
|faint|p1a: Zamazenta
|
|-damage|p2a: Crashout YN|82/100 brn|[from] brn
|-fieldend|move: Trick Room
|upkeep
|
|t:|1757831518
|switch|p1a: Volcanion|Volcanion|100/100
|turn|6
|
|t:|1757831525
|-terastallize|p2a: Crashout YN|Normal
|move|p1a: Volcanion|Steam Eruption|p2a: Crashout YN|[miss]
|-miss|p1a: Volcanion|p2a: Crashout YN
|move|p2a: Crashout YN|Facade|p1a: Volcanion
|-damage|p1a: Volcanion|0 fnt
|faint|p1a: Volcanion
|
|-damage|p2a: Crashout YN|76/100 brn|[from] brn
|upkeep
|
|t:|1757831532
|switch|p1a: Rillaboom|Rillaboom, M|100/100
|-fieldstart|move: Grassy Terrain|[from] ability: Grassy Surge|[of] p1a: Rillaboom
|turn|7
|
|t:|1757831540
|switch|p2a: Subaru|Indeedee, M, shiny|28/100
|-damage|p2a: Subaru|16/100|[from] Stealth Rock
|-fieldstart|move: Psychic Terrain|[from] ability: Psychic Surge|[of] p2a: Subaru
|move|p1a: Rillaboom|Wood Hammer|p2a: Subaru
|-damage|p2a: Subaru|0 fnt
|faint|p2a: Subaru
|-damage|p1a: Rillaboom|96/100|[from] Recoil
|
|upkeep
|
|t:|1757831550
|switch|p2a: Crashout YN|Ursaluna, F, shiny, tera:Normal|76/100 brn
|-damage|p2a: Crashout YN|64/100 brn|[from] Stealth Rock
|turn|8
|
|t:|1757831557
|move|p1a: Rillaboom|Wood Hammer|p2a: Crashout YN
|-damage|p2a: Crashout YN|0 fnt
|faint|p2a: Crashout YN
|-damage|p1a: Rillaboom|67/100|[from] Recoil
|
|upkeep
|j| HGalliumh
|inactive|jeet999 has 120 seconds left.
|
|t:|1757831589
|switch|p2a: Mimi|Mimikyu, F, shiny|100/100
|-damage|p2a: Mimi|88/100|[from] Stealth Rock
|turn|9
|
|t:|1757831595
|move|p1a: Rillaboom|Wood Hammer|p2a: Mimi
|-activate|p2a: Mimi|ability: Disguise
|-damage|p2a: Mimi|88/100
|detailschange|p2a: Mimi|Mimikyu-Busted, F, shiny
|-damage|p2a: Mimi|76/100|[from] pokemon: Mimikyu-Busted
|-enditem|p2a: Mimi|Red Card|[of] p1a: Rillaboom
|drag|p1a: Regidrago|Regidrago|100/100
|move|p2a: Mimi|Trick Room|p2a: Mimi
|-fieldstart|move: Trick Room|[of] p2a: Mimi
|
|upkeep
|turn|10
|
|t:|1757831605
|switch|p2a: LEBRON|Iron Hands, shiny|100/100
|-damage|p2a: LEBRON|94/100|[from] Stealth Rock
|-enditem|p2a: LEBRON|Booster Energy
|-activate|p2a: LEBRON|ability: Quark Drive|[fromitem]
|-start|p2a: LEBRON|quarkdriveatk
|switch|p1a: Metagross|Metagross|34/100
|
|upkeep
|turn|11
|
|t:|1757831615
|switch|p1a: Rillaboom|Rillaboom, M|67/100
|-fieldstart|move: Grassy Terrain|[from] ability: Grassy Surge|[of] p1a: Rillaboom
|move|p2a: LEBRON|Supercell Slam|p1a: Rillaboom
|-resisted|p1a: Rillaboom
|-damage|p1a: Rillaboom|28/100
|
|-heal|p2a: LEBRON|100/100|[from] Grassy Terrain
|-heal|p1a: Rillaboom|34/100|[from] Grassy Terrain
|upkeep
|turn|12
|j| heatraniac
|
|t:|1757831626
|switch|p1a: Fezandipiti|Fezandipiti, M|100/100
|move|p2a: LEBRON|Close Combat|p1a: Fezandipiti
|-resisted|p1a: Fezandipiti
|-damage|p1a: Fezandipiti|77/100
|-unboost|p2a: LEBRON|def|1
|-unboost|p2a: LEBRON|spd|1
|
|-heal|p1a: Fezandipiti|83/100|[from] Grassy Terrain
|upkeep
|turn|13
|inactive|flygonisdragon has 120 seconds left.
|inactive|flygonisdragon has 90 seconds left.
|inactive|flygonisdragon has 60 seconds left.
|
|t:|1757831723
|move|p2a: LEBRON|Heavy Slam|p1a: Fezandipiti
|-supereffective|p1a: Fezandipiti
|-damage|p1a: Fezandipiti|0 fnt
|faint|p1a: Fezandipiti
|
|-fieldend|move: Trick Room
|upkeep
|
|t:|1757831729
|switch|p1a: Regidrago|Regidrago|100/100
|turn|14
|
|t:|1757831732
|-end|p2a: LEBRON|Quark Drive|[silent]
|switch|p2a: Mimi|Mimikyu-Busted, F, shiny|76/100
|-damage|p2a: Mimi|63/100|[from] Stealth Rock
|move|p1a: Regidrago|Earth Power|p2a: Mimi
|-damage|p2a: Mimi|22/100
|-unboost|p2a: Mimi|spd|1
|
|-heal|p2a: Mimi|28/100|[from] Grassy Terrain
|upkeep
|turn|15
|
|t:|1757831743
|move|p1a: Regidrago|Earth Power|p2a: Mimi
|-damage|p2a: Mimi|0 fnt
|faint|p2a: Mimi
|
|-fieldend|move: Grassy Terrain
|upkeep
|
|t:|1757831748
|switch|p2a: Satella|Hatterene, F, shiny|100/100
|-damage|p2a: Satella|88/100|[from] Stealth Rock
|turn|16
|
|t:|1757831754
|switch|p1a: Rillaboom|Rillaboom, M|34/100
|-fieldstart|move: Grassy Terrain|[from] ability: Grassy Surge|[of] p1a: Rillaboom
|move|p2a: Satella|Trick Room|p2a: Satella
|-fieldstart|move: Trick Room|[of] p2a: Satella
|
|-heal|p2a: Satella|94/100|[from] Grassy Terrain
|-heal|p1a: Rillaboom|40/100|[from] Grassy Terrain
|upkeep
|turn|17
|inactive|flygonisdragon has 90 seconds left.
|
|t:|1757831763
|switch|p1a: Metagross|Metagross|34/100
|move|p2a: Satella|Expanding Force|p1a: Metagross
|-resisted|p1a: Metagross
|-damage|p1a: Metagross|16/100
|-damage|p2a: Satella|84/100|[from] item: Life Orb
|
|-heal|p2a: Satella|90/100|[from] Grassy Terrain
|-heal|p1a: Metagross|22/100|[from] Grassy Terrain
|upkeep
|turn|18
|inactive|flygonisdragon has 90 seconds left.
|
|t:|1757831774
|move|p2a: Satella|Mystical Fire|p1a: Metagross
|-supereffective|p1a: Metagross
|-damage|p1a: Metagross|0 fnt
|faint|p1a: Metagross
|-damage|p2a: Satella|81/100|[from] item: Life Orb
|
|-heal|p2a: Satella|87/100|[from] Grassy Terrain
|upkeep
|
|t:|1757831778
|switch|p1a: Rillaboom|Rillaboom, M|40/100
|turn|19
|
|t:|1757831784
|-terastallize|p1a: Rillaboom|Grass
|move|p1a: Rillaboom|Grassy Glide|p2a: Satella
|-damage|p2a: Satella|0 fnt
|faint|p2a: Satella
|
|-heal|p1a: Rillaboom|46/100|[from] Grassy Terrain
|upkeep
|
|t:|1757831801
|switch|p2a: LEBRON|Iron Hands, shiny|100/100
|-damage|p2a: LEBRON|94/100|[from] Stealth Rock
|turn|20
|
|t:|1757831808
|move|p1a: Rillaboom|Grassy Glide|p2a: LEBRON
|-damage|p2a: LEBRON|33/100
|move|p2a: LEBRON|Ice Punch|p1a: Rillaboom
|-supereffective|p1a: Rillaboom
|-damage|p1a: Rillaboom|0 fnt
|faint|p1a: Rillaboom
|
|-heal|p2a: LEBRON|40/100|[from] Grassy Terrain
|-fieldend|move: Trick Room
|-fieldend|move: Grassy Terrain
|upkeep
|
|t:|1757831811
|switch|p1a: Regidrago|Regidrago|100/100
|turn|21
|
|t:|1757831824
|move|p1a: Regidrago|Dragon Energy|p2a: LEBRON
|-damage|p2a: LEBRON|0 fnt
|faint|p2a: LEBRON
|-end|p2a: LEBRON|Quark Drive|[silent]
|
|upkeep
|
|t:|1757831831
|switch|p2a: King Von|Hoopa-Unbound|100/100
|-damage|p2a: King Von|88/100|[from] Stealth Rock
|turn|22
|
|t:|1757831853
|move|p1a: Regidrago|Dragon Energy|p2a: King Von
|-damage|p2a: King Von|0 fnt
|faint|p2a: King Von
|
|win|flygonisdragon
|raw|flygonisdragon's rating: 1508 &rarr; <strong>1529</strong><br />(+21 for winning)
|raw|jeet999's rating: 1527 &rarr; <strong>1506</strong><br />(-21 for losing)
|l|☆jeet999
|player|p2|
|l| heatraniac
