|j|☆Hhoottddoogg
|j|☆kfqqfj
|t:|1757853547
|gametype|singles
|player|p1|Hhoottddoogg|266|1349
|player|p2|kfqqfj|richboy-gen4|1489
|gen|9
|tier|[Gen 9] OU
|rated|
|rule|HP Percentage Mod: HP is shown in percentages
|rule|Endless Battle Clause: Forcing endless battles is banned
|rule|Species Clause: Limit one of each Pokémon
|rule|OHKO Clause: OHKO moves are banned
|rule|Evasion Items Clause: Evasion items are banned
|rule|Evasion Moves Clause: Evasion moves are banned
|rule|Evasion Abilities Clause: Evasion abilities are banned
|rule|Sleep Moves Clause: Sleep-inducing moves are banned
|clearpoke
|poke|p1|Kingambit, F|
|poke|p1|Empoleon, F|
|poke|p1|Serperior, F|
|poke|p1|Vikavolt, F|
|poke|p1|Moltres-Galar|
|poke|p1|Slowbro-Galar, M|
|poke|p2|Heatran, M|
|poke|p2|Rillaboom, M|
|poke|p2|Raging Bolt|
|poke|p2|Great Tusk|
|poke|p2|Ogerpon-Wellspring, F|
|poke|p2|Hatterene, F|
|teampreview
|inactive|Battle timer is ON: inactive players will automatically lose when time's up. (requested by kfqqfj)
|
|t:|1757853575
|teamsize|p1|6
|teamsize|p2|6
|start
|switch|p1a: Vikavolt|Vikavolt, F|100/100
|switch|p2a: Ogerpon|Ogerpon-Wellspring, F|100/100
|turn|1
|
|t:|1757853581
|move|p2a: Ogerpon|Ivy Cudgel|p1a: Vikavolt|[anim] Ivy Cudgel Water
|-crit|p1a: Vikavolt
|-damage|p1a: Vikavolt|2/100
|move|p1a: Vikavolt|Bug Buzz|p2a: Ogerpon
|-supereffective|p2a: Ogerpon
|-damage|p2a: Ogerpon|0 fnt
|faint|p2a: Ogerpon
|
|upkeep
|
|t:|1757853588
|switch|p2a: Rillaboom|Rillaboom, M|100/100
|-fieldstart|move: Grassy Terrain|[from] ability: Grassy Surge|[of] p2a: Rillaboom
|turn|2
|
|t:|1757853596
|move|p2a: Rillaboom|Grassy Glide|p1a: Vikavolt
|-resisted|p1a: Vikavolt
|-crit|p1a: Vikavolt
|-damage|p1a: Vikavolt|0 fnt
|faint|p1a: Vikavolt
|
|upkeep
|
|t:|1757853606
|switch|p1a: Moltres|Moltres-Galar|100/100
|turn|3
|
|t:|1757853616
|switch|p2a: Heatran|Heatran, M|100/100
|move|p1a: Moltres|Agility|p1a: Moltres
|-boost|p1a: Moltres|spe|2
|
|upkeep
|turn|4
|
|t:|1757853623
|move|p1a: Moltres|Fiery Wrath|p2a: Heatran
|-damage|p2a: Heatran|74/100
|move|p2a: Heatran|Magma Storm|p1a: Moltres
|-damage|p1a: Moltres|67/100
|-activate|p1a: Moltres|move: Magma Storm|[of] p2a: Heatran
|
|-heal|p2a: Heatran|80/100|[from] Grassy Terrain
|-heal|p2a: Heatran|86/100|[from] item: Leftovers
|-damage|p1a: Moltres|55/100|[from] move: Magma Storm|[partiallytrapped]
|upkeep
|turn|5
|
|t:|1757853632
|move|p1a: Moltres|Fiery Wrath|p2a: Heatran
|-damage|p2a: Heatran|61/100
|move|p2a: Heatran|Stealth Rock|p1a: Moltres
|-sidestart|p1: Hhoottddoogg|move: Stealth Rock
|
|-heal|p2a: Heatran|67/100|[from] Grassy Terrain
|-heal|p2a: Heatran|74/100|[from] item: Leftovers
|-damage|p1a: Moltres|42/100|[from] move: Magma Storm|[partiallytrapped]
|upkeep
|turn|6
|
|t:|1757853647
|move|p1a: Moltres|Rest|p1a: Moltres
|-status|p1a: Moltres|slp|[from] move: Rest
|-heal|p1a: Moltres|100/100 slp|[silent]
|-enditem|p1a: Moltres|Chesto Berry|[eat]
|-curestatus|p1a: Moltres|slp|[msg]
|move|p2a: Heatran|Will-O-Wisp|p1a: Moltres
|-status|p1a: Moltres|brn
|
|-heal|p2a: Heatran|80/100|[from] Grassy Terrain
|-heal|p2a: Heatran|86/100|[from] item: Leftovers
|-damage|p1a: Moltres|94/100 brn|[from] brn
|-damage|p1a: Moltres|82/100 brn|[from] move: Magma Storm|[partiallytrapped]
|-fieldend|move: Grassy Terrain
|upkeep
|turn|7
|
|t:|1757853660
|switch|p2a: Great Tusk|Great Tusk|100/100
|move|p1a: Moltres|Fiery Wrath|p2a: Great Tusk
|-resisted|p2a: Great Tusk
|-damage|p2a: Great Tusk|74/100
|
|-heal|p2a: Great Tusk|80/100|[from] item: Leftovers
|-damage|p1a: Moltres|76/100 brn|[from] brn
|-end|p1a: Moltres|Magma Storm|[partiallytrapped]|[silent]
|upkeep
|turn|8
|
|t:|1757853666
|-end|p2a: Great Tusk|Protosynthesis|[silent]
|switch|p2a: Rillaboom|Rillaboom, M|100/100
|-fieldstart|move: Grassy Terrain|[from] ability: Grassy Surge|[of] p2a: Rillaboom
|move|p1a: Moltres|Air Slash|p2a: Rillaboom
|-supereffective|p2a: Rillaboom
|-damage|p2a: Rillaboom|7/100
|
|-heal|p2a: Rillaboom|13/100|[from] Grassy Terrain
|-damage|p1a: Moltres|70/100 brn|[from] brn
|upkeep
|turn|9
|
|t:|1757853676
|-terastallize|p2a: Rillaboom|Grass
|move|p2a: Rillaboom|Grassy Glide|p1a: Moltres
|-resisted|p1a: Moltres
|-damage|p1a: Moltres|28/100 brn
|-ability|p1a: Moltres|Berserk|boost
|-boost|p1a: Moltres|spa|1
|move|p1a: Moltres|Fiery Wrath|p2a: Rillaboom
|-damage|p2a: Rillaboom|0 fnt
|faint|p2a: Rillaboom
|
|-damage|p1a: Moltres|22/100 brn|[from] brn
|upkeep
|
|t:|1757853680
|switch|p2a: Raging Bolt|Raging Bolt|100/100
|-enditem|p2a: Raging Bolt|Booster Energy
|-activate|p2a: Raging Bolt|ability: Protosynthesis|[fromitem]
|-start|p2a: Raging Bolt|protosynthesisspa
|turn|10
|
|t:|1757853685
|move|p1a: Moltres|Fiery Wrath|p2a: Raging Bolt
|-damage|p2a: Raging Bolt|44/100
|move|p2a: Raging Bolt|Calm Mind|p2a: Raging Bolt
|-boost|p2a: Raging Bolt|spa|1
|-boost|p2a: Raging Bolt|spd|1
|
|-heal|p2a: Raging Bolt|50/100|[from] Grassy Terrain
|-damage|p1a: Moltres|16/100 brn|[from] brn
|upkeep
|turn|11
|
|t:|1757853693
|move|p2a: Raging Bolt|Thunderclap|p1a: Moltres
|-supereffective|p1a: Moltres
|-damage|p1a: Moltres|0 fnt
|faint|p1a: Moltres
|
|-heal|p2a: Raging Bolt|56/100|[from] Grassy Terrain
|upkeep
|
|t:|1757853707
|switch|p1a: Kingambit|Kingambit, F|100/100
|-damage|p1a: Kingambit|94/100|[from] Stealth Rock
|turn|12
|
|t:|1757853719
|move|p2a: Raging Bolt|Thunderbolt|p1a: Kingambit
|-damage|p1a: Kingambit|0 fnt
|faint|p1a: Kingambit
|
|-heal|p2a: Raging Bolt|62/100|[from] Grassy Terrain
|-fieldend|move: Grassy Terrain
|upkeep
|
|t:|1757853724
|switch|p1a: Serperior|Serperior, F|100/100
|-damage|p1a: Serperior|88/100|[from] Stealth Rock
|turn|13
|
|t:|1757853729
|move|p1a: Serperior|Dragon Pulse|p2a: Raging Bolt
|-supereffective|p2a: Raging Bolt
|-damage|p2a: Raging Bolt|35/100
|move|p2a: Raging Bolt|Draco Meteor|p1a: Serperior
|-damage|p1a: Serperior|0 fnt
|-unboost|p2a: Raging Bolt|spa|2
|faint|p1a: Serperior
|
|upkeep
|
|t:|1757853738
|switch|p1a: Slowbro|Slowbro-Galar, M|100/100
|-damage|p1a: Slowbro|88/100|[from] Stealth Rock
|turn|14
|
|t:|1757853740
|move|p2a: Raging Bolt|Thunderbolt|p1a: Slowbro
|-damage|p1a: Slowbro|25/100
|move|p1a: Slowbro|Shell Side Arm|p2a: Raging Bolt|[anim] Shell Side Arm Special
|-damage|p2a: Raging Bolt|8/100
|-hint|Special Shell Side Arm
|
|upkeep
|turn|15
|-activate|p1a: Slowbro|ability: Quick Draw
|
|t:|1757853746
|move|p1a: Slowbro|Shell Side Arm|p2a: Raging Bolt|[anim] Shell Side Arm Special
|-damage|p2a: Raging Bolt|0 fnt
|-hint|Special Shell Side Arm
|faint|p2a: Raging Bolt
|-end|p2a: Raging Bolt|Protosynthesis|[silent]
|
|upkeep
|
|t:|1757853750
|switch|p2a: Great Tusk|Great Tusk|80/100
|turn|16
|-activate|p1a: Slowbro|ability: Quick Draw
|
|t:|1757853758
|move|p1a: Slowbro|Psychic|p2a: Great Tusk
|-supereffective|p2a: Great Tusk
|-damage|p2a: Great Tusk|0 fnt
|faint|p2a: Great Tusk
|-end|p2a: Great Tusk|Protosynthesis|[silent]
|
|upkeep
|
|t:|1757853768
|switch|p2a: Hatterene|Hatterene, F|100/100
|turn|17
|
|t:|1757853770
|move|p2a: Hatterene|Draining Kiss|p1a: Slowbro
|-resisted|p1a: Slowbro
|-damage|p1a: Slowbro|11/100
|move|p1a: Slowbro|Shell Side Arm|p2a: Hatterene|[anim] Shell Side Arm Special
|-supereffective|p2a: Hatterene
|-damage|p2a: Hatterene|2/100
|-hint|Special Shell Side Arm
|
|-heal|p2a: Hatterene|8/100|[from] item: Leftovers
|upkeep
|turn|18
|-activate|p1a: Slowbro|ability: Quick Draw
|
|t:|1757853777
|move|p1a: Slowbro|Psychic|p2a: Hatterene
|-resisted|p2a: Hatterene
|-damage|p2a: Hatterene|0 fnt
|faint|p2a: Hatterene
|
|upkeep
|
|t:|1757853779
|switch|p2a: Heatran|Heatran, M|86/100
|turn|19
|-message|kfqqfj forfeited.
|
|win|Hhoottddoogg
|raw|Hhoottddoogg's rating: 1349 &rarr; <strong>1377</strong><br />(+28 for winning)
|raw|kfqqfj's rating: 1489 &rarr; <strong>1461</strong><br />(-28 for losing)
|l|☆kfqqfj
|player|p2|
|l|☆Hhoottddoogg
|player|p1|
|j|☆Hhoottddoogg
|player|p1|Hhoottddoogg|266|
|l|☆Hhoottddoogg
|player|p1|
