|j|☆Mcqueenloko
|j|☆SpiceLeaf
|t:|1757955431
|gametype|singles
|player|p1|Mcqueenloko|170|1131
|player|p2|SpiceLeaf|pokekid|1115
|gen|9
|tier|[Gen 9] OU
|rated|
|rule|HP Percentage Mod: HP is shown in percentages
|rule|Endless Battle Clause: Forcing endless battles is banned
|rule|Species Clause: Limit one of each Pokémon
|rule|OHKO Clause: OHKO moves are banned
|rule|Evasion Items Clause: Evasion items are banned
|rule|Evasion Moves Clause: Evasion moves are banned
|rule|Evasion Abilities Clause: Evasion abilities are banned
|rule|Sleep Moves Clause: Sleep-inducing moves are banned
|clearpoke
|poke|p1|Lucario, M|
|poke|p1|Corviknight, M|
|poke|p1|Landorus-Therian, M|
|poke|p1|Pecharunt|
|poke|p1|Walking Wake|
|poke|p1|Weavile, M|
|poke|p2|Great Tusk|
|poke|p2|Garganacl, M|
|poke|p2|Gholdengo|
|poke|p2|Dragonite, M|
|poke|p2|Samurott-Hisui, F|
|poke|p2|Slowking-Galar, F|
|teampreview
|inactive|Battle timer is ON: inactive players will automatically lose when time's up. (requested by Mcqueenloko)
|
|t:|1757955447
|teamsize|p1|6
|teamsize|p2|6
|start
|switch|p1a: Landorus|Landorus-Therian, M|100/100
|switch|p2a: Great Tusk|Great Tusk|100/100
|-ability|p1a: Landorus|Intimidate|boost
|-unboost|p2a: Great Tusk|atk|1
|turn|1
|
|t:|1757955454
|move|p1a: Landorus|Taunt|p2a: Great Tusk
|-start|p2a: Great Tusk|move: Taunt
|cant|p2a: Great Tusk|move: Taunt|Stealth Rock
|
|upkeep
|turn|2
|
|t:|1757955459
|move|p1a: Landorus|Stealth Rock|p2a: Great Tusk
|-sidestart|p2: SpiceLeaf|move: Stealth Rock
|move|p2a: Great Tusk|Knock Off|p1a: Landorus
|-damage|p1a: Landorus|82/100
|-enditem|p1a: Landorus|Heavy-Duty Boots|[from] move: Knock Off|[of] p2a: Great Tusk
|
|upkeep
|turn|3
|
|t:|1757955467
|-end|p2a: Great Tusk|Protosynthesis|[silent]
|switch|p2a: Dragonite|Dragonite, M, shiny|100/100
|move|p1a: Landorus|U-turn|p2a: Dragonite
|-resisted|p2a: Dragonite
|-damage|p2a: Dragonite|95/100
|
|t:|1757955475
|switch|p1a: Walking Wake|Walking Wake|100/100|[from] U-turn
|-enditem|p1a: Walking Wake|Booster Energy
|-activate|p1a: Walking Wake|ability: Protosynthesis|[fromitem]
|-start|p1a: Walking Wake|protosynthesisspe
|
|upkeep
|turn|4
|
|t:|1757955482
|-terastallize|p2a: Dragonite|Normal
|move|p1a: Walking Wake|Dragon Pulse|p2a: Dragonite
|-damage|p2a: Dragonite|48/100
|move|p2a: Dragonite|Dragon Dance|p2a: Dragonite
|-boost|p2a: Dragonite|atk|1
|-boost|p2a: Dragonite|spe|1
|
|upkeep
|turn|5
|
|t:|1757955493
|move|p1a: Walking Wake|Dragon Pulse|p2a: Dragonite
|-damage|p2a: Dragonite|5/100
|move|p2a: Dragonite|Ice Spinner|p1a: Walking Wake
|-damage|p1a: Walking Wake|54/100
|
|upkeep
|turn|6
|
|t:|1757955501
|move|p2a: Dragonite|Extreme Speed|p1a: Walking Wake
|-damage|p1a: Walking Wake|0 fnt
|faint|p1a: Walking Wake
|-end|p1a: Walking Wake|Protosynthesis|[silent]
|
|upkeep
|
|t:|1757955508
|switch|p1a: Pecharunt|Pecharunt|100/100
|turn|7
|
|t:|1757955516
|move|p2a: Dragonite|Earthquake|p1a: Pecharunt
|-supereffective|p1a: Pecharunt
|-damage|p1a: Pecharunt|25/100
|move|p1a: Pecharunt|Malignant Chain|p2a: Dragonite
|-damage|p2a: Dragonite|0 fnt
|faint|p2a: Dragonite
|
|upkeep
|
|t:|1757955527
|switch|p2a: Slowking|Slowking-Galar, F|100/100
|turn|8
|
|t:|1757955533
|move|p1a: Pecharunt|Parting Shot|p2a: Slowking
|-unboost|p2a: Slowking|atk|1
|-unboost|p2a: Slowking|spa|1
|
|t:|1757955540
|switch|p1a: Weavile|Weavile, M|100/100|[from] Parting Shot
|-ability|p1a: Weavile|Pressure
|move|p2a: Slowking|Psyshock|p1a: Weavile
|-immune|p1a: Weavile
|
|upkeep
|turn|9
|
|t:|1757955547
|move|p1a: Weavile|Knock Off|p2a: Slowking
|-supereffective|p2a: Slowking
|-damage|p2a: Slowking|0 fnt
|-enditem|p2a: Slowking|Heavy-Duty Boots|[from] move: Knock Off|[of] p1a: Weavile
|faint|p2a: Slowking
|
|upkeep
|
|t:|1757955556
|switch|p2a: Gholdengo|Gholdengo|100/100
|-damage|p2a: Gholdengo|94/100|[from] Stealth Rock
|-item|p2a: Gholdengo|Air Balloon
|turn|10
|
|t:|1757955572
|move|p1a: Weavile|Knock Off|p2a: Gholdengo
|-supereffective|p2a: Gholdengo
|-damage|p2a: Gholdengo|0 fnt
|-enditem|p2a: Gholdengo|Air Balloon
|faint|p2a: Gholdengo
|
|upkeep
|
|t:|1757955581
|switch|p2a: Garganacl|Garganacl, M|100/100
|-damage|p2a: Garganacl|88/100|[from] Stealth Rock
|turn|11
|
|t:|1757955594
|switch|p1a: Landorus|Landorus-Therian, M|82/100
|-ability|p1a: Landorus|Intimidate|boost
|-unboost|p2a: Garganacl|atk|1
|move|p2a: Garganacl|Curse|p2a: Garganacl
|-unboost|p2a: Garganacl|spe|1
|-boost|p2a: Garganacl|atk|1
|-boost|p2a: Garganacl|def|1
|
|upkeep
|turn|12
|
|t:|1757955607
|move|p1a: Landorus|Taunt|p2a: Garganacl
|-start|p2a: Garganacl|move: Taunt
|cant|p2a: Garganacl|move: Taunt|Curse
|
|upkeep
|turn|13
|
|t:|1757955615
|move|p1a: Landorus|U-turn|p2a: Garganacl
|-damage|p2a: Garganacl|78/100
|
|t:|1757955621
|switch|p1a: Lucario|Lucario, M|100/100|[from] U-turn
|move|p2a: Garganacl|Salt Cure|p1a: Lucario
|-resisted|p1a: Lucario
|-damage|p1a: Lucario|95/100
|-start|p1a: Lucario|Salt Cure
|
|-damage|p1a: Lucario|70/100|[from] Salt Cure
|upkeep
|turn|14
|
|t:|1757955631
|move|p1a: Lucario|Swords Dance|p1a: Lucario
|-boost|p1a: Lucario|atk|2
|move|p2a: Garganacl|Earthquake|p1a: Lucario
|-supereffective|p1a: Lucario
|-damage|p1a: Lucario|0 fnt
|faint|p1a: Lucario
|
|-end|p2a: Garganacl|move: Taunt
|upkeep
|
|t:|1757955636
|switch|p1a: Landorus|Landorus-Therian, M|82/100
|-ability|p1a: Landorus|Intimidate|boost
|-unboost|p2a: Garganacl|atk|1
|turn|15
|
|t:|1757955643
|move|p1a: Landorus|Taunt|p2a: Garganacl
|-start|p2a: Garganacl|move: Taunt
|move|p2a: Garganacl|Salt Cure|p1a: Landorus
|-crit|p1a: Landorus
|-damage|p1a: Landorus|62/100
|-start|p1a: Landorus|Salt Cure
|
|-damage|p1a: Landorus|50/100|[from] Salt Cure
|upkeep
|turn|16
|
|t:|1757955652
|switch|p1a: Corviknight|Corviknight, M, shiny|100/100
|-ability|p1a: Corviknight|Pressure
|move|p2a: Garganacl|Salt Cure|p1a: Corviknight
|-damage|p1a: Corviknight|95/100
|-start|p1a: Corviknight|Salt Cure
|
|-damage|p1a: Corviknight|70/100|[from] Salt Cure
|upkeep
|turn|17
|
|t:|1757955667
|switch|p2a: Great Tusk|Great Tusk|100/100
|-damage|p2a: Great Tusk|98/100|[from] Stealth Rock
|-terastallize|p1a: Corviknight|Fighting
|move|p1a: Corviknight|Iron Defense|p1a: Corviknight
|-boost|p1a: Corviknight|def|2
|
|-heal|p2a: Great Tusk|100/100|[from] item: Leftovers
|-damage|p1a: Corviknight|57/100|[from] Salt Cure
|upkeep
|turn|18
|
|t:|1757955680
|move|p2a: Great Tusk|Stealth Rock|p1a: Corviknight
|-sidestart|p1: Mcqueenloko|move: Stealth Rock
|move|p1a: Corviknight|Body Press|p2a: Great Tusk
|-damage|p2a: Great Tusk|52/100
|
|-heal|p2a: Great Tusk|58/100|[from] item: Leftovers
|-damage|p1a: Corviknight|45/100|[from] Salt Cure
|upkeep
|turn|19
|
|t:|1757955692
|move|p2a: Great Tusk|Headlong Rush|p1a: Corviknight
|-damage|p1a: Corviknight|28/100
|-unboost|p2a: Great Tusk|def|1
|-unboost|p2a: Great Tusk|spd|1
|-damage|p2a: Great Tusk|42/100|[from] item: Rocky Helmet|[of] p1a: Corviknight
|move|p1a: Corviknight|Roost|p1a: Corviknight
|-heal|p1a: Corviknight|78/100
|
|-heal|p2a: Great Tusk|48/100|[from] item: Leftovers
|-damage|p1a: Corviknight|66/100|[from] Salt Cure
|upkeep
|turn|20
|
|t:|1757955703
|move|p2a: Great Tusk|Knock Off|p1a: Corviknight
|-resisted|p1a: Corviknight
|-damage|p1a: Corviknight|62/100
|-damage|p2a: Great Tusk|31/100|[from] item: Rocky Helmet|[of] p1a: Corviknight
|-enditem|p1a: Corviknight|Rocky Helmet|[from] move: Knock Off|[of] p2a: Great Tusk
|move|p1a: Corviknight|Body Press|p2a: Great Tusk
|-damage|p2a: Great Tusk|0 fnt
|faint|p2a: Great Tusk
|-end|p2a: Great Tusk|Protosynthesis|[silent]
|
|-damage|p1a: Corviknight|49/100|[from] Salt Cure
|upkeep
|
|t:|1757955716
|switch|p2a: Samurott|Samurott-Hisui, F|100/100
|-damage|p2a: Samurott|88/100|[from] Stealth Rock
|turn|21
|
|t:|1757955727
|move|p2a: Samurott|Aqua Tail|p1a: Corviknight
|-damage|p1a: Corviknight|35/100
|move|p1a: Corviknight|Roost|p1a: Corviknight
|-heal|p1a: Corviknight|85/100
|
|-damage|p1a: Corviknight|73/100|[from] Salt Cure
|upkeep
|turn|22
|-message|SpiceLeaf forfeited.
|
|win|Mcqueenloko
|raw|Mcqueenloko's rating: 1131 &rarr; <strong>1155</strong><br />(+24 for winning)
|raw|SpiceLeaf's rating: 1115 &rarr; <strong>1091</strong><br />(-24 for losing)
|l|☆SpiceLeaf
|player|p2|
