|j|‽karma is a god
|j|☆Crooksieee
|t:|1757859671
|gametype|singles
|player|p1|karma is a god|265|1507
|player|p2|Crooksieee|266|1459
|gen|9
|tier|[Gen 9] OU
|rated|
|rule|HP Percentage Mod: HP is shown in percentages
|rule|Endless Battle Clause: Forcing endless battles is banned
|rule|Species Clause: Limit one of each Pokémon
|rule|OHKO Clause: OHKO moves are banned
|rule|Evasion Items Clause: Evasion items are banned
|rule|Evasion Moves Clause: Evasion moves are banned
|rule|Evasion Abilities Clause: Evasion abilities are banned
|rule|Sleep Moves Clause: Sleep-inducing moves are banned
|clearpoke
|poke|p1|Enamorus, F|
|poke|p1|Dragapult, F|
|poke|p1|Moltres|
|poke|p1|Slowking-Galar, M|
|poke|p1|Yanmega, F|
|poke|p1|Great Tusk|
|poke|p2|Ninetales-Alola, F|
|poke|p2|Scizor, F|
|poke|p2|Glimmora, M|
|poke|p2|Samurott-Hisui, M|
|poke|p2|Landorus-Therian, M|
|poke|p2|Dragapult, F|
|teampreview
|
|t:|1757859694
|teamsize|p1|6
|teamsize|p2|6
|start
|switch|p1a: Slowking|Slowking-Galar, M|100/100
|switch|p2a: Glimmora|Glimmora, M|100/100
|turn|1
|
|t:|1757859701
|move|p2a: Glimmora|Earth Power|p1a: Slowking
|-supereffective|p1a: Slowking
|-damage|p1a: Slowking|75/100
|move|p1a: Slowking|Future Sight|p2a: Glimmora
|-start|p1a: Slowking|move: Future Sight
|
|upkeep
|turn|2
|
|t:|1757859711
|move|p2a: Glimmora|Earth Power|p1a: Slowking
|-supereffective|p1a: Slowking
|-damage|p1a: Slowking|50/100
|move|p1a: Slowking|Ice Beam|p2a: Glimmora
|-damage|p2a: Glimmora|84/100
|
|upkeep
|turn|3
|
|t:|1757859719
|switch|p2a: Samurott|Samurott-Hisui, M|100/100
|switch|p1a: Great Tusk|Great Tusk|100/100
|
|-end|p2a: Samurott|move: Future Sight
|-immune|p2a: Samurott
|upkeep
|turn|4
|
|t:|1757859729
|move|p1a: Great Tusk|Stealth Rock|p2a: Samurott
|-sidestart|p2: Crooksieee|move: Stealth Rock
|move|p2a: Samurott|Aqua Cutter|p1a: Great Tusk
|-supereffective|p1a: Great Tusk
|-damage|p1a: Great Tusk|31/100
|
|upkeep
|turn|5
|
|t:|1757859738
|move|p1a: Great Tusk|Head Smash|p2a: Samurott
|-damage|p2a: Samurott|49/100
|-damage|p1a: Great Tusk|9/100|[from] Recoil
|move|p2a: Samurott|Ceaseless Edge|p1a: Great Tusk
|-resisted|p1a: Great Tusk
|-damage|p1a: Great Tusk|0 fnt
|-sidestart|p1: karma is a god|Spikes
|faint|p1a: Great Tusk
|-end|p1a: Great Tusk|Protosynthesis|[silent]
|
|upkeep
|
|t:|1757859751
|switch|p1a: Enamorus|Enamorus, F|100/100
|turn|6
|
|t:|1757859761
|switch|p2a: Scizor|Scizor, F|100/100
|-damage|p2a: Scizor|88/100|[from] Stealth Rock
|move|p1a: Enamorus|Moonblast|p2a: Scizor
|-resisted|p2a: Scizor
|-damage|p2a: Scizor|58/100
|
|upkeep
|turn|7
|
|t:|1757859789
|switch|p1a: Moltres|Moltres|100/100
|move|p2a: Scizor|Knock Off|p1a: Moltres
|-damage|p1a: Moltres|76/100
|-enditem|p1a: Moltres|Heavy-Duty Boots|[from] move: Knock Off|[of] p2a: Scizor
|
|upkeep
|turn|8
|inactive|Battle timer is ON: inactive players will automatically lose when time's up. (requested by Crooksieee)
|
|t:|1757859802
|switch|p2a: Glimmora|Glimmora, M|84/100
|-damage|p2a: Glimmora|72/100|[from] Stealth Rock
|move|p1a: Moltres|Roost|p1a: Moltres
|-heal|p1a: Moltres|100/100
|-singleturn|p1a: Moltres|move: Roost
|
|upkeep
|turn|9
|
|t:|1757859819
|move|p1a: Moltres|Scorching Sands|p2a: Glimmora
|-supereffective|p2a: Glimmora
|-damage|p2a: Glimmora|9/100
|move|p2a: Glimmora|Mortal Spin|p1a: Moltres
|-damage|p1a: Moltres|96/100
|-status|p1a: Moltres|psn
|-sideend|p2: Crooksieee|Stealth Rock|[from] move: Mortal Spin|[of] p2a: Glimmora
|
|-damage|p1a: Moltres|84/100 psn|[from] psn
|upkeep
|turn|10
|
|t:|1757859829
|switch|p2a: Landorus|Landorus-Therian, M|100/100
|-ability|p2a: Landorus|Intimidate|boost
|-unboost|p1a: Moltres|atk|1
|move|p1a: Moltres|Scorching Sands|p2a: Landorus
|-immune|p2a: Landorus
|
|-damage|p1a: Moltres|72/100 psn|[from] psn
|upkeep
|turn|11
|
|t:|1757859838
|move|p2a: Landorus|Stealth Rock|p1a: Moltres
|-sidestart|p1: karma is a god|move: Stealth Rock
|move|p1a: Moltres|U-turn|p2a: Landorus
|-resisted|p2a: Landorus
|-damage|p2a: Landorus|95/100
|-damage|p1a: Moltres|55/100 psn|[from] item: Rocky Helmet|[of] p2a: Landorus
|
|t:|1757859848
|switch|p1a: Dragapult|Dragapult, F|100/100|[from] U-turn
|
|upkeep
|turn|12
|
|t:|1757859854
|move|p1a: Dragapult|Will-O-Wisp|p2a: Landorus
|-status|p2a: Landorus|brn
|move|p2a: Landorus|Earthquake|p1a: Dragapult
|-damage|p1a: Dragapult|54/100
|
|-damage|p2a: Landorus|89/100 brn|[from] brn
|upkeep
|turn|13
|
|t:|1757859863
|switch|p2a: Samurott|Samurott-Hisui, M|49/100
|move|p1a: Dragapult|Hex|p2a: Samurott
|-resisted|p2a: Samurott
|-damage|p2a: Samurott|40/100
|
|upkeep
|turn|14
|
|t:|1757859871
|move|p1a: Dragapult|Dragon Darts|p2a: Samurott
|-damage|p2a: Samurott|10/100
|-anim|p1a: Dragapult|Dragon Darts|p2a: Samurott
|-damage|p2a: Samurott|0 fnt
|faint|p2a: Samurott
|
|upkeep
|
|t:|1757859880
|switch|p2a: Ninetales|Ninetales-Alola, F|100/100
|-weather|Snowscape|[from] ability: Snow Warning|[of] p2a: Ninetales
|turn|15
|l|‽karma is a god
|inactive|karma is a god disconnected and has a minute to reconnect!
|player|p1|
|j|‽karma is a god
|inactive|karma is a god reconnected and has 125 seconds left.
|player|p1|karma is a god|265|
|n|‽karma is a god|karmaisagod
|inactive|karma is a god has 120 seconds left.
|
|t:|1757859917
|move|p1a: Dragapult|Will-O-Wisp|p2a: Ninetales|[miss]
|-miss|p1a: Dragapult|p2a: Ninetales
|move|p2a: Ninetales|Aurora Veil|p2a: Ninetales
|-sidestart|p2: Crooksieee|move: Aurora Veil
|
|-weather|Snowscape|[upkeep]
|upkeep
|turn|16
|inactive|karma is a god has 120 seconds left.
|
|t:|1757859927
|-terastallize|p1a: Dragapult|Steel
|move|p1a: Dragapult|Will-O-Wisp|p2a: Ninetales
|-status|p2a: Ninetales|brn
|move|p2a: Ninetales|Freeze-Dry|p1a: Dragapult
|-resisted|p1a: Dragapult
|-damage|p1a: Dragapult|41/100
|-status|p1a: Dragapult|frz
|
|-weather|Snowscape|[upkeep]
|-damage|p2a: Ninetales|94/100 brn|[from] brn
|upkeep
|turn|17
|inactive|karma is a god has 120 seconds left.
|
|t:|1757859941
|switch|p2a: Scizor|Scizor, F|58/100
|cant|p1a: Dragapult|frz
|
|-weather|Snowscape|[upkeep]
|upkeep
|turn|18
|
|t:|1757859948
|-curestatus|p1a: Dragapult|frz|[msg]
|move|p1a: Dragapult|Will-O-Wisp|p2a: Scizor
|-status|p2a: Scizor|brn
|move|p2a: Scizor|Swords Dance|p2a: Scizor
|-boost|p2a: Scizor|atk|2
|
|-weather|Snowscape|[upkeep]
|-damage|p2a: Scizor|52/100 brn|[from] brn
|upkeep
|turn|19
|
|t:|1757859959
|move|p1a: Dragapult|Hex|p2a: Scizor
|-damage|p2a: Scizor|23/100 brn
|move|p2a: Scizor|Swords Dance|p2a: Scizor
|-boost|p2a: Scizor|atk|2
|
|-weather|none
|-damage|p2a: Scizor|16/100 brn|[from] brn
|upkeep
|turn|20
|
|t:|1757859970
|switch|p1a: Moltres|Moltres|55/100 psn
|-damage|p1a: Moltres|5/100 psn|[from] Stealth Rock
|move|p2a: Scizor|Bullet Punch|p1a: Moltres
|-resisted|p1a: Moltres
|-damage|p1a: Moltres|0 fnt
|faint|p1a: Moltres
|
|-damage|p2a: Scizor|10/100 brn|[from] brn
|upkeep
|
|t:|1757859979
|switch|p1a: Yanmega|Yanmega, F|100/100
|-damage|p1a: Yanmega|51/100|[from] Stealth Rock
|turn|21
|
|t:|1757859984
|move|p2a: Scizor|Bullet Punch|p1a: Yanmega
|-damage|p1a: Yanmega|0 fnt
|faint|p1a: Yanmega
|
|-damage|p2a: Scizor|4/100 brn|[from] brn
|upkeep
|
|t:|1757859987
|switch|p1a: Slowking|Slowking-Galar, M|83/100
|-damage|p1a: Slowking|70/100|[from] Spikes
|-damage|p1a: Slowking|58/100|[from] Stealth Rock
|turn|22
|
|t:|1757860001
|switch|p1a: Enamorus|Enamorus, F|100/100
|move|p2a: Scizor|Knock Off|p1a: Enamorus
|-resisted|p1a: Enamorus
|-damage|p1a: Enamorus|52/100
|-enditem|p1a: Enamorus|Heavy-Duty Boots|[from] move: Knock Off|[of] p2a: Scizor
|
|-damage|p2a: Scizor|0 fnt|[from] brn
|faint|p2a: Scizor
|-sideend|p2: Crooksieee|move: Aurora Veil
|upkeep
|
|t:|1757860022
|switch|p2a: Dragapult|Dragapult, F|100/100
|turn|23
|
|t:|1757860034
|-terastallize|p2a: Dragapult|Fairy
|move|p2a: Dragapult|Will-O-Wisp|p1a: Enamorus
|-status|p1a: Enamorus|brn
|move|p1a: Enamorus|Moonblast|p2a: Dragapult
|-damage|p2a: Dragapult|33/100
|
|-damage|p1a: Enamorus|46/100 brn|[from] brn
|upkeep
|turn|24
|
|t:|1757860045
|move|p2a: Dragapult|Hex|p1a: Enamorus
|-crit|p1a: Enamorus
|-damage|p1a: Enamorus|0 fnt
|faint|p1a: Enamorus
|
|upkeep
|
|t:|1757860049
|switch|p1a: Slowking|Slowking-Galar, M|91/100
|-damage|p1a: Slowking|79/100|[from] Spikes
|-damage|p1a: Slowking|66/100|[from] Stealth Rock
|turn|25
|
|t:|1757860055
|move|p2a: Dragapult|Hex|p1a: Slowking
|-supereffective|p1a: Slowking
|-damage|p1a: Slowking|43/100
|move|p1a: Slowking|Sludge Bomb|p2a: Dragapult
|-supereffective|p2a: Dragapult
|-damage|p2a: Dragapult|0 fnt
|faint|p2a: Dragapult
|
|upkeep
|
|t:|1757860065
|switch|p2a: Landorus|Landorus-Therian, M|89/100 brn
|-ability|p2a: Landorus|Intimidate|boost
|-unboost|p1a: Slowking|atk|1
|turn|26
|
|t:|1757860069
|move|p2a: Landorus|Earthquake|p1a: Slowking
|-supereffective|p1a: Slowking
|-damage|p1a: Slowking|0 fnt
|faint|p1a: Slowking
|
|-damage|p2a: Landorus|83/100 brn|[from] brn
|upkeep
|
|t:|1757860072
|switch|p1a: Dragapult|Dragapult, F, tera:Steel|41/100
|turn|27
|
|t:|1757860078
|move|p1a: Dragapult|Hex|p2a: Landorus
|-damage|p2a: Landorus|29/100 brn
|move|p2a: Landorus|Earthquake|p1a: Dragapult
|-supereffective|p1a: Dragapult
|-damage|p1a: Dragapult|0 fnt
|faint|p1a: Dragapult
|
|win|Crooksieee
|raw|karma is a god's rating: 1507 &rarr; <strong>1484</strong><br />(-23 for losing)
|raw|Crooksieee's rating: 1459 &rarr; <strong>1482</strong><br />(+23 for winning)
|l|‽karma is a god
|player|p1|
|l|☆Crooksieee
|player|p2|
