|j|☆ojjohi
|j|☆Alakazam96
|t:|1757935084
|gametype|singles
|player|p1|ojjohi|lucas-gen4pt|1408
|player|p2|Alakazam96|265|1447
|gen|9
|tier|[Gen 9] OU
|rated|
|rule|HP Percentage Mod: HP is shown in percentages
|rule|Endless Battle Clause: Forcing endless battles is banned
|rule|Species Clause: Limit one of each Pokémon
|rule|OHKO Clause: OHKO moves are banned
|rule|Evasion Items Clause: Evasion items are banned
|rule|Evasion Moves Clause: Evasion moves are banned
|rule|Evasion Abilities Clause: Evasion abilities are banned
|rule|Sleep Moves Clause: Sleep-inducing moves are banned
|clearpoke
|poke|p1|Torkoal, F|
|poke|p1|Hatterene, F|
|poke|p1|Raging Bolt|
|poke|p1|Slither Wing|
|poke|p1|Venusaur, F|
|poke|p1|Walking Wake|
|poke|p2|Iron Moth|
|poke|p2|Primarina, F|
|poke|p2|Dragapult, M|
|poke|p2|Glimmora, F|
|poke|p2|Great Tusk|
|poke|p2|Kingambit, M|
|teampreview
|inactive|Battle timer is ON: inactive players will automatically lose when time's up. (requested by Alakazam96)
|j| isaac_lmaoo
|
|t:|1757935095
|teamsize|p1|6
|teamsize|p2|6
|start
|switch|p1a: Hatterene|Hatterene, F, shiny|100/100
|switch|p2a: Glimmora|Glimmora, F|100/100
|-item|p2a: Glimmora|Air Balloon
|-item|p1a: Hatterene|Air Balloon
|turn|1
|
|t:|1757935105
|move|p2a: Glimmora|Mortal Spin|p1a: Hatterene
|-supereffective|p1a: Hatterene
|-damage|p1a: Hatterene|91/100
|-status|p1a: Hatterene|psn
|-enditem|p1a: Hatterene|Air Balloon
|move|p1a: Hatterene|Psychic Noise|p2a: Glimmora
|-supereffective|p2a: Glimmora
|-damage|p2a: Glimmora|21/100
|-start|p2a: Glimmora|move: Heal Block
|-enditem|p2a: Glimmora|Air Balloon
|
|-damage|p1a: Hatterene|79/100 psn|[from] psn
|upkeep
|turn|2
|
|t:|1757935119
|switch|p2a: Dragapult|Dragapult, M|100/100
|move|p1a: Hatterene|Psychic Noise|p2a: Dragapult
|-damage|p2a: Dragapult|59/100
|-start|p2a: Dragapult|move: Heal Block
|
|-damage|p1a: Hatterene|67/100 psn|[from] psn
|upkeep
|turn|3
|
|t:|1757935129
|switch|p1a: Torkoal|Torkoal, F|100/100
|-weather|SunnyDay|[from] ability: Drought|[of] p1a: Torkoal
|move|p2a: Dragapult|Hex|p1a: Torkoal
|-damage|p1a: Torkoal|72/100
|
|-weather|SunnyDay|[upkeep]
|-end|p2a: Dragapult|move: Heal Block
|upkeep
|turn|4
|
|t:|1757935139
|switch|p1a: Slither Wing|Slither Wing|100/100
|-activate|p1a: Slither Wing|ability: Protosynthesis
|-start|p1a: Slither Wing|protosynthesisatk
|move|p2a: Dragapult|Thunder Wave|p1a: Slither Wing
|-status|p1a: Slither Wing|par
|
|-weather|SunnyDay|[upkeep]
|-heal|p2a: Dragapult|65/100|[from] item: Leftovers
|upkeep
|turn|5
|
|t:|1757935152
|switch|p2a: Glimmora|Glimmora, F|21/100
|move|p1a: Slither Wing|U-turn|p2a: Glimmora
|-resisted|p2a: Glimmora
|-damage|p2a: Glimmora|0 fnt
|-activate|p2a: Glimmora|ability: Toxic Debris
|-sidestart|p1: ojjohi|move: Toxic Spikes
|faint|p2a: Glimmora
|c|☆ojjohi|,y land moth
|
|t:|1757935160
|-end|p1a: Slither Wing|Protosynthesis|[silent]
|switch|p1a: Venusaur|Venusaur, F|100/100|[from] U-turn
|-sideend|p1: ojjohi|move: Toxic Spikes|[of] p1a: Venusaur
|
|-weather|SunnyDay|[upkeep]
|upkeep
|
|t:|1757935168
|switch|p2a: Dragapult|Dragapult, M|65/100
|turn|6
|
|t:|1757935176
|switch|p1a: Hatterene|Hatterene, F, shiny|67/100 psn
|move|p2a: Dragapult|Thunder Wave|p1a: Hatterene
|move|p1a: Hatterene|Thunder Wave|p2a: Dragapult|[from] ability: Magic Bounce|[miss]
|-miss|p1a: Hatterene|p2a: Dragapult
|
|-weather|SunnyDay|[upkeep]
|-heal|p2a: Dragapult|71/100|[from] item: Leftovers
|-damage|p1a: Hatterene|54/100 psn|[from] psn
|upkeep
|turn|7
|
|t:|1757935188
|move|p2a: Dragapult|Hex|p1a: Hatterene
|-supereffective|p1a: Hatterene
|-damage|p1a: Hatterene|0 fnt
|faint|p1a: Hatterene
|
|-weather|SunnyDay|[upkeep]
|-heal|p2a: Dragapult|77/100|[from] item: Leftovers
|upkeep
|
|t:|1757935193
|switch|p1a: Walking Wake|Walking Wake|100/100
|-activate|p1a: Walking Wake|ability: Protosynthesis
|-start|p1a: Walking Wake|protosynthesisspe
|turn|8
|
|t:|1757935200
|switch|p2a: Primarina|Primarina, F|100/100
|move|p1a: Walking Wake|Flip Turn|p2a: Primarina
|-resisted|p2a: Primarina
|-damage|p2a: Primarina|96/100
|
|t:|1757935206
|-end|p1a: Walking Wake|Protosynthesis|[silent]
|switch|p1a: Raging Bolt|Raging Bolt|100/100|[from] Flip Turn
|-activate|p1a: Raging Bolt|ability: Protosynthesis
|-start|p1a: Raging Bolt|protosynthesisspa
|
|-weather|SunnyDay|[upkeep]
|-heal|p2a: Primarina|100/100|[from] item: Leftovers
|upkeep
|turn|9
|
|t:|1757935214
|switch|p2a: Great Tusk|Great Tusk|100/100
|-activate|p2a: Great Tusk|ability: Protosynthesis
|-start|p2a: Great Tusk|protosynthesisdef
|-terastallize|p1a: Raging Bolt|Ghost
|move|p1a: Raging Bolt|Solar Beam||[still]
|-prepare|p1a: Raging Bolt|Solar Beam
|-anim|p1a: Raging Bolt|Solar Beam|p2a: Great Tusk
|-supereffective|p2a: Great Tusk
|-damage|p2a: Great Tusk|0 fnt
|faint|p2a: Great Tusk
|-end|p2a: Great Tusk|Protosynthesis|[silent]
|-damage|p1a: Raging Bolt|91/100|[from] item: Life Orb
|
|-weather|SunnyDay|[upkeep]
|upkeep
|
|t:|1757935228
|switch|p2a: Kingambit|Kingambit, M|100/100
|-activate|p2a: Kingambit|ability: Supreme Overlord
|-start|p2a: Kingambit|fallen2|[silent]
|turn|10
|
|t:|1757935233
|move|p1a: Raging Bolt|Weather Ball|p2a: Kingambit
|-supereffective|p2a: Kingambit
|-damage|p2a: Kingambit|0 fnt
|faint|p2a: Kingambit
|-end|p2a: Kingambit|fallen2|[silent]
|-damage|p1a: Raging Bolt|81/100|[from] item: Life Orb
|
|-weather|none
|-end|p1a: Raging Bolt|Protosynthesis
|upkeep
|
|t:|1757935241
|switch|p2a: Primarina|Primarina, F|100/100
|turn|11
|
|t:|1757935247
|-end|p1a: Raging Bolt|Protosynthesis|[silent]
|switch|p1a: Slither Wing|Slither Wing|100/100 par
|-terastallize|p2a: Primarina|Steel
|move|p2a: Primarina|Calm Mind|p2a: Primarina
|-boost|p2a: Primarina|spa|1
|-boost|p2a: Primarina|spd|1
|
|upkeep
|turn|12
|
|t:|1757935256
|move|p2a: Primarina|Draining Kiss|p1a: Slither Wing
|-supereffective|p1a: Slither Wing
|-damage|p1a: Slither Wing|56/100 par
|cant|p1a: Slither Wing|par
|
|upkeep
|turn|13
|
|t:|1757935262
|move|p2a: Primarina|Draining Kiss|p1a: Slither Wing
|-supereffective|p1a: Slither Wing
|-damage|p1a: Slither Wing|9/100 par
|cant|p1a: Slither Wing|par
|
|upkeep
|turn|14
|
|t:|1757935268
|move|p2a: Primarina|Hyper Voice|p1a: Slither Wing
|-damage|p1a: Slither Wing|0 fnt
|faint|p1a: Slither Wing
|-end|p1a: Slither Wing|Protosynthesis|[silent]
|
|upkeep
|
|t:|1757935271
|switch|p1a: Torkoal|Torkoal, F|72/100
|-weather|SunnyDay|[from] ability: Drought|[of] p1a: Torkoal
|turn|15
|
|t:|1757935276
|move|p2a: Primarina|Hyper Voice|p1a: Torkoal
|-supereffective|p1a: Torkoal
|-damage|p1a: Torkoal|0 fnt
|faint|p1a: Torkoal
|
|-weather|SunnyDay|[upkeep]
|upkeep
|
|t:|1757935282
|switch|p1a: Raging Bolt|Raging Bolt, tera:Ghost|81/100
|-activate|p1a: Raging Bolt|ability: Protosynthesis
|-start|p1a: Raging Bolt|protosynthesisspa
|turn|16
|
|t:|1757935287
|move|p1a: Raging Bolt|Weather Ball|p2a: Primarina
|-supereffective|p2a: Primarina
|-damage|p2a: Primarina|12/100
|-damage|p1a: Raging Bolt|71/100|[from] item: Life Orb
|move|p2a: Primarina|Calm Mind|p2a: Primarina
|-boost|p2a: Primarina|spa|1
|-boost|p2a: Primarina|spd|1
|
|-weather|SunnyDay|[upkeep]
|-heal|p2a: Primarina|18/100|[from] item: Leftovers
|upkeep
|turn|17
|
|t:|1757935297
|move|p1a: Raging Bolt|Weather Ball|p2a: Primarina
|-supereffective|p2a: Primarina
|-damage|p2a: Primarina|0 fnt
|faint|p2a: Primarina
|-damage|p1a: Raging Bolt|61/100|[from] item: Life Orb
|
|-weather|SunnyDay|[upkeep]
|upkeep
|
|t:|1757935306
|switch|p2a: Iron Moth|Iron Moth|100/100
|-enditem|p2a: Iron Moth|Booster Energy
|-activate|p2a: Iron Moth|ability: Quark Drive|[fromitem]
|-start|p2a: Iron Moth|quarkdrivespe
|turn|18
|
|t:|1757935314
|move|p1a: Raging Bolt|Thunderclap|p2a: Iron Moth
|-damage|p2a: Iron Moth|30/100
|-damage|p1a: Raging Bolt|51/100|[from] item: Life Orb
|move|p2a: Iron Moth|Fiery Dance|p1a: Raging Bolt
|-damage|p1a: Raging Bolt|0 fnt
|faint|p1a: Raging Bolt
|-end|p1a: Raging Bolt|Protosynthesis|[silent]
|
|-weather|SunnyDay|[upkeep]
|upkeep
|
|t:|1757935316
|switch|p1a: Walking Wake|Walking Wake|100/100
|-activate|p1a: Walking Wake|ability: Protosynthesis
|-start|p1a: Walking Wake|protosynthesisspe
|turn|19
|
|t:|1757935327
|move|p2a: Iron Moth|Sludge Wave|p1a: Walking Wake
|-crit|p1a: Walking Wake
|-damage|p1a: Walking Wake|12/100
|move|p1a: Walking Wake|Hydro Steam|p2a: Iron Moth
|-supereffective|p2a: Iron Moth
|-damage|p2a: Iron Moth|0 fnt
|faint|p2a: Iron Moth
|-end|p2a: Iron Moth|Quark Drive|[silent]
|
|-weather|SunnyDay|[upkeep]
|upkeep
|
|t:|1757935336
|switch|p2a: Dragapult|Dragapult, M|77/100
|turn|20
|
|t:|1757935339
|move|p1a: Walking Wake|Draco Meteor|p2a: Dragapult
|-supereffective|p2a: Dragapult
|-damage|p2a: Dragapult|0 fnt
|-unboost|p1a: Walking Wake|spa|2
|faint|p2a: Dragapult
|
|win|ojjohi
|raw|ojjohi's rating: 1408 &rarr; <strong>1430</strong><br />(+22 for winning)
|raw|Alakazam96's rating: 1447 &rarr; <strong>1425</strong><br />(-22 for losing)
|l|☆Alakazam96
|player|p2|
|l| isaac_lmaoo
