|j|☆Valadares22
|j|☆ImWalker9
|t:|1757805268
|gametype|singles
|player|p1|Valadares22|brock|
|player|p2|ImWalker9|policeman-gen4|
|gen|9
|tier|[Gen 9] OU
|rule|HP Percentage Mod: HP is shown in percentages
|rule|Endless Battle Clause: Forcing endless battles is banned
|rule|Species Clause: Limit one of each Pokémon
|rule|OHKO Clause: OHKO moves are banned
|rule|Evasion Items Clause: Evasion items are banned
|rule|Evasion Moves Clause: Evasion moves are banned
|rule|Evasion Abilities Clause: Evasion abilities are banned
|rule|Sleep Moves Clause: Sleep-inducing moves are banned
|clearpoke
|poke|p1|Arcanine, M|
|poke|p1|Venusaur, M|
|poke|p1|Rhyperior, F|
|poke|p1|Gyarados, F|
|poke|p1|Snorlax, F|
|poke|p1|Electivire, F|
|poke|p2|Indeedee, M|
|poke|p2|Iron Valiant|
|poke|p2|Armarouge, M|
|poke|p2|Hatterene, F|
|poke|p2|Polteageist|
|poke|p2|Kyurem|
|teampreview
|
|t:|1757805277
|teamsize|p1|6
|teamsize|p2|6
|start
|switch|p1a: Arcanine|Arcanine, M|100/100
|switch|p2a: Indeedee|Indeedee, M, shiny|100/100
|-fieldstart|move: Psychic Terrain|[from] ability: Psychic Surge|[of] p2a: Indeedee
|-ability|p1a: Arcanine|Intimidate|boost
|-unboost|p2a: Indeedee|atk|1
|turn|1
|c|☆Valadares22|Pior q já vi esses pokés no competitivo, já vi q vai dar merda
|
|t:|1757805311
|switch|p2a: Iron Valiant|Iron Valiant, shiny|100/100
|-enditem|p2a: Iron Valiant|Booster Energy
|-activate|p2a: Iron Valiant|ability: Quark Drive|[fromitem]
|-start|p2a: Iron Valiant|quarkdrivespe
|move|p1a: Arcanine|Sunny Day|p1a: Arcanine
|-weather|SunnyDay
|
|-weather|SunnyDay|[upkeep]
|upkeep
|turn|2
|c|☆ImWalker9|nunca vi ngm usando esse time aq meu
|
|t:|1757805331
|switch|p1a: Gyarados|Gyarados, F|100/100
|move|p2a: Iron Valiant|Psycho Cut|p1a: Gyarados
|-damage|p1a: Gyarados|59/100
|
|-weather|SunnyDay|[upkeep]
|upkeep
|turn|3
|
|t:|1757805344
|move|p2a: Iron Valiant|Psycho Cut|p1a: Gyarados
|-damage|p1a: Gyarados|17/100
|move|p1a: Gyarados|Dragon Dance|p1a: Gyarados
|-boost|p1a: Gyarados|atk|1
|-boost|p1a: Gyarados|spe|1
|
|-weather|SunnyDay|[upkeep]
|upkeep
|turn|4
|
|t:|1757805357
|move|p2a: Iron Valiant|Knock Off|p1a: Gyarados
|-damage|p1a: Gyarados|0 fnt
|-enditem|p1a: Gyarados|Heavy-Duty Boots|[from] move: Knock Off|[of] p2a: Iron Valiant
|faint|p1a: Gyarados
|
|-weather|SunnyDay|[upkeep]
|upkeep
|
|t:|1757805401
|switch|p1a: Arcanine|Arcanine, M|100/100
|-ability|p1a: Arcanine|Intimidate|boost
|-unboost|p2a: Iron Valiant|atk|1
|turn|5
|
|t:|1757805406
|move|p2a: Iron Valiant|Psycho Cut|p1a: Arcanine
|-damage|p1a: Arcanine|72/100
|move|p1a: Arcanine|Flare Blitz|p2a: Iron Valiant
|-damage|p2a: Iron Valiant|0 fnt
|faint|p2a: Iron Valiant
|-end|p2a: Iron Valiant|Quark Drive|[silent]
|-damage|p1a: Arcanine|43/100|[from] Recoil
|-damage|p1a: Arcanine|33/100|[from] item: Life Orb
|
|-weather|none
|upkeep
|
|t:|1757805420
|switch|p2a: Polteageist|Polteageist, shiny|100/100
|turn|6
|
|t:|1757805435
|-terastallize|p2a: Polteageist|Fighting
|move|p1a: Arcanine|Sunny Day|p1a: Arcanine
|-weather|SunnyDay
|move|p2a: Polteageist|Tera Blast|p1a: Arcanine|[anim] Tera Blast Fighting
|-damage|p1a: Arcanine|0 fnt
|faint|p1a: Arcanine
|
|-weather|SunnyDay|[upkeep]
|upkeep
|
|t:|1757805445
|switch|p1a: Venusaur|Venusaur, M|100/100
|turn|7
|
|t:|1757805453
|move|p1a: Venusaur|Growth|p1a: Venusaur
|-boost|p1a: Venusaur|atk|2
|-boost|p1a: Venusaur|spa|2
|move|p2a: Polteageist|Stored Power|p1a: Venusaur
|-supereffective|p1a: Venusaur
|-damage|p1a: Venusaur|80/100
|
|-weather|SunnyDay|[upkeep]
|upkeep
|turn|8
|
|t:|1757805485
|move|p1a: Venusaur|Sludge Bomb|p2a: Polteageist
|-enditem|p2a: Polteageist|Focus Sash
|-damage|p2a: Polteageist|1/100
|-damage|p1a: Venusaur|70/100|[from] item: Life Orb
|move|p2a: Polteageist|Shadow Ball|p1a: Venusaur
|-damage|p1a: Venusaur|17/100
|
|-weather|SunnyDay|[upkeep]
|-fieldend|move: Psychic Terrain
|upkeep
|turn|9
|c|☆Valadares22|Já vi usarem indeedee e armarouge
|
|t:|1757805509
|switch|p2a: Indeedee|Indeedee, M, shiny|100/100
|-fieldstart|move: Psychic Terrain|[from] ability: Psychic Surge|[of] p2a: Indeedee
|move|p1a: Venusaur|Sludge Bomb|p2a: Indeedee
|-damage|p2a: Indeedee|0 fnt
|faint|p2a: Indeedee
|-damage|p1a: Venusaur|7/100|[from] item: Life Orb
|
|-weather|SunnyDay|[upkeep]
|upkeep
|
|t:|1757805516
|switch|p2a: Kyurem|Kyurem, shiny|100/100
|-ability|p2a: Kyurem|Pressure
|turn|10
|
|t:|1757805527
|-terastallize|p1a: Venusaur|Fire
|move|p1a: Venusaur|Weather Ball|p2a: Kyurem
|-damage|p2a: Kyurem|0 fnt
|faint|p2a: Kyurem
|-damage|p1a: Venusaur|0 fnt|[from] item: Life Orb
|faint|p1a: Venusaur
|
|-weather|none
|upkeep
|c|☆ImWalker9|esse aq é o goat
|c|☆ImWalker9|esquece de goat
|
|t:|1757805549
|switch|p2a: Polteageist|Polteageist, shiny, tera:Fighting|1/100
|switch|p1a: Electivire|Electivire, F|100/100
|-item|p1a: Electivire|Air Balloon
|turn|11
|
|t:|1757805568
|move|p1a: Electivire|Volt Switch|p2a: Polteageist
|-damage|p2a: Polteageist|0 fnt
|faint|p2a: Polteageist
|c|☆Valadares22|O próprio
|
|t:|1757805581
|switch|p1a: Rhyperior|Rhyperior, F|100/100|[from] Volt Switch
|
|upkeep
|c|☆ImWalker9|aq acho q eu perdi
|
|t:|1757805588
|switch|p2a: Hatterene|Hatterene, F, shiny|100/100
|turn|12
|
|t:|1757805598
|move|p1a: Rhyperior|Stone Edge|p2a: Hatterene|[miss]
|-miss|p1a: Rhyperior|p2a: Hatterene
|move|p2a: Hatterene|Expanding Force|p1a: Rhyperior
|-damage|p1a: Rhyperior|5/100
|
|-heal|p1a: Rhyperior|11/100|[from] item: Leftovers
|upkeep
|turn|13
|
|t:|1757805606
|move|p1a: Rhyperior|Stone Edge|p2a: Hatterene|[miss]
|-miss|p1a: Rhyperior|p2a: Hatterene
|move|p2a: Hatterene|Expanding Force|p1a: Rhyperior
|-damage|p1a: Rhyperior|0 fnt
|faint|p1a: Rhyperior
|
|upkeep
|c|☆ImWalker9|Jesus está cmg
|c|☆ImWalker9|errou 2 vz
|
|t:|1757805632
|switch|p1a: Electivire|Electivire, F|100/100
|-item|p1a: Electivire|Air Balloon
|turn|14
|
|t:|1757805646
|move|p1a: Electivire|Thunder Punch|p2a: Hatterene
|-damage|p2a: Hatterene|64/100
|-enditem|p2a: Hatterene|Eject Button
|
|t:|1757805652
|switch|p2a: Armarouge|Armarouge, M, shiny|100/100
|
|upkeep
|turn|15
|c|☆Valadares22|Mó azar meu sksksk
|c|☆ImWalker9|esses 2 aq meu nao podia deixar eles pro final
|c|☆ImWalker9|eu chapei
|
|t:|1757805683
|move|p1a: Electivire|Volt Switch|p2a: Armarouge
|-damage|p2a: Armarouge|74/100
|
|t:|1757805687
|switch|p1a: Snorlax|Snorlax, F|100/100|[from] Volt Switch
|move|p2a: Armarouge|Expanding Force|p1a: Snorlax
|-damage|p1a: Snorlax|68/100
|
|-heal|p1a: Snorlax|74/100|[from] item: Leftovers
|upkeep
|turn|16
|c|☆Valadares22|Vai dar bom
|
|t:|1757805715
|move|p2a: Armarouge|Expanding Force|p1a: Snorlax
|-damage|p1a: Snorlax|40/100
|move|p1a: Snorlax|Body Slam|p2a: Armarouge
|-damage|p2a: Armarouge|37/100
|-ability|p2a: Armarouge|Weak Armor|boost
|-unboost|p2a: Armarouge|def|1
|-boost|p2a: Armarouge|spe|2
|
|-heal|p1a: Snorlax|46/100|[from] item: Leftovers
|-fieldend|move: Psychic Terrain
|upkeep
|turn|17
|c|☆Valadares22|Tô muito em dúvida doq fazer ainda sksksks
|
|t:|1757805731
|move|p2a: Armarouge|Destiny Bond|p2a: Armarouge
|-singlemove|p2a: Armarouge|Destiny Bond
|move|p1a: Snorlax|Rest|p1a: Snorlax
|-status|p1a: Snorlax|slp|[from] move: Rest
|-heal|p1a: Snorlax|100/100 slp|[silent]
|
|upkeep
|turn|18
|c|☆ImWalker9|fdp
|c|☆ImWalker9|kkkkkkkkkkkkkk
|
|t:|1757805746
|move|p2a: Armarouge|Armor Cannon|p1a: Snorlax
|-damage|p1a: Snorlax|87/100 slp
|-unboost|p2a: Armarouge|def|1
|-unboost|p2a: Armarouge|spd|1
|cant|p1a: Snorlax|slp
|
|-heal|p1a: Snorlax|93/100 slp|[from] item: Leftovers
|upkeep
|turn|19
|c|☆Valadares22|Ksksksksk
|c|☆ImWalker9|agr perdi
|c|☆Valadares22|Agr pode ser sksksksk
|
|t:|1757805762
|switch|p2a: Hatterene|Hatterene, F, shiny|64/100
|cant|p1a: Snorlax|slp
|
|-heal|p1a: Snorlax|99/100 slp|[from] item: Leftovers
|upkeep
|turn|20
|
|t:|1757805765
|move|p2a: Hatterene|Healing Wish|p2a: Hatterene
|faint|p2a: Hatterene
|-curestatus|p1a: Snorlax|slp|[msg]
|move|p1a: Snorlax|Curse|p1a: Snorlax
|-unboost|p1a: Snorlax|spe|1
|-boost|p1a: Snorlax|atk|1
|-boost|p1a: Snorlax|def|1
|
|-heal|p1a: Snorlax|100/100|[from] item: Leftovers
|upkeep
|c|☆ImWalker9|fiz merda ainda
|c|☆ImWalker9|p piorar kkkkkkkkkkkkkkkk
|
|t:|1757805780
|switch|p2a: Armarouge|Armarouge, M, shiny|37/100
|-heal|p2a: Armarouge|100/100|[from] move: Healing Wish
|turn|21
|c|☆Valadares22|Esse move é interessante
|
|t:|1757805788
|move|p2a: Armarouge|Expanding Force|p1a: Snorlax
|-damage|p1a: Snorlax|83/100
|move|p1a: Snorlax|Curse|p1a: Snorlax
|-unboost|p1a: Snorlax|spe|1
|-boost|p1a: Snorlax|atk|1
|-boost|p1a: Snorlax|def|1
|
|-heal|p1a: Snorlax|89/100|[from] item: Leftovers
|upkeep
|turn|22
|
|t:|1757805791
|move|p2a: Armarouge|Armor Cannon|p1a: Snorlax
|-damage|p1a: Snorlax|76/100
|-unboost|p2a: Armarouge|def|1
|-unboost|p2a: Armarouge|spd|1
|move|p1a: Snorlax|Body Slam|p2a: Armarouge
|-enditem|p2a: Armarouge|Focus Sash
|-damage|p2a: Armarouge|1/100
|-ability|p2a: Armarouge|Weak Armor|boost
|-unboost|p2a: Armarouge|def|1
|-boost|p2a: Armarouge|spe|2
|
|-heal|p1a: Snorlax|82/100|[from] item: Leftovers
|upkeep
|turn|23
|c|☆ImWalker9|gg
|c|☆Valadares22|Cara, ele é Sasha
|c|☆Valadares22|Olha que eu ia colocar stealth ksksk
|
|t:|1757805820
|move|p2a: Armarouge|Destiny Bond|p2a: Armarouge
|-singlemove|p2a: Armarouge|Destiny Bond
|move|p1a: Snorlax|Body Slam|p2a: Armarouge
|-damage|p2a: Armarouge|0 fnt
|faint|p2a: Armarouge
|-activate|p2a: Armarouge|move: Destiny Bond
|faint|p1a: Snorlax
|
|win|Valadares22
|c|☆ImWalker9|plmns esse gordo eu levei kkkkkkkkkkk
