|j|☆hgfhdhzuauu
|j|☆Shulkou
|t:|1757874156
|gametype|singles
|player|p1|hgfhdhzuauu|2|1189
|player|p2|Shulkou|volkner|1159
|gen|9
|tier|[Gen 9] OU
|rated|
|rule|HP Percentage Mod: HP is shown in percentages
|rule|Endless Battle Clause: Forcing endless battles is banned
|rule|Species Clause: Limit one of each Pokémon
|rule|OHKO Clause: OHKO moves are banned
|rule|Evasion Items Clause: Evasion items are banned
|rule|Evasion Moves Clause: Evasion moves are banned
|rule|Evasion Abilities Clause: Evasion abilities are banned
|rule|Sleep Moves Clause: Sleep-inducing moves are banned
|clearpoke
|poke|p1|Glimmora, F|
|poke|p1|Kingambit, F|
|poke|p1|Darkrai|
|poke|p1|Zamazenta-*|
|poke|p1|Dragonite, M|
|poke|p1|Iron Valiant|
|poke|p2|Great Tusk|
|poke|p2|Corviknight, M|
|poke|p2|Ninetales-Alola, F|
|poke|p2|Toxtricity-Low-Key, F|
|poke|p2|Meowscarada, F|
|poke|p2|Arcanine-Hisui, M|
|teampreview
|
|t:|1757874165
|teamsize|p1|6
|teamsize|p2|6
|start
|switch|p1a: Glimmora|Glimmora, F|100/100
|switch|p2a: Dark Bird|Corviknight, M, shiny|100/100
|turn|1
|
|t:|1757874175
|move|p1a: Glimmora|Stealth Rock|p2a: Dark Bird
|-sidestart|p2: Shulkou|move: Stealth Rock
|move|p2a: Dark Bird|Iron Head|p1a: Glimmora
|-supereffective|p1a: Glimmora
|-damage|p1a: Glimmora|36/100
|-activate|p1a: Glimmora|ability: Toxic Debris
|-sidestart|p2: Shulkou|move: Toxic Spikes
|
|upkeep
|turn|2
|
|t:|1757874185
|move|p1a: Glimmora|Power Gem|p2a: Dark Bird
|-damage|p2a: Dark Bird|66/100
|move|p2a: Dark Bird|Iron Head|p1a: Glimmora
|-supereffective|p1a: Glimmora
|-damage|p1a: Glimmora|0 fnt
|-activate|p1a: Glimmora|ability: Toxic Debris
|-sidestart|p2: Shulkou|move: Toxic Spikes
|faint|p1a: Glimmora
|
|upkeep
|
|t:|1757874206
|switch|p1a: Kingambit|Kingambit, F|100/100
|-activate|p1a: Kingambit|ability: Supreme Overlord
|-start|p1a: Kingambit|fallen1|[silent]
|turn|3
|
|t:|1757874218
|move|p1a: Kingambit|Swords Dance|p1a: Kingambit
|-boost|p1a: Kingambit|atk|2
|move|p2a: Dark Bird|Defog|p1a: Kingambit
|-unboost|p1a: Kingambit|evasion|1
|-sideend|p2: Shulkou|Toxic Spikes|[from] move: Defog|[of] p2a: Dark Bird
|-sideend|p2: Shulkou|Stealth Rock|[from] move: Defog|[of] p2a: Dark Bird
|
|upkeep
|turn|4
|
|t:|1757874234
|-terastallize|p1a: Kingambit|Dark
|move|p1a: Kingambit|Kowtow Cleave|p2a: Dark Bird
|-damage|p2a: Dark Bird|0 fnt
|-damage|p1a: Kingambit|84/100|[from] item: Rocky Helmet|[of] p2a: Dark Bird
|faint|p2a: Dark Bird
|
|upkeep
|
|t:|1757874240
|switch|p2a: Spin Ike|Great Tusk|100/100
|-enditem|p2a: Spin Ike|Booster Energy
|-activate|p2a: Spin Ike|ability: Protosynthesis|[fromitem]
|-start|p2a: Spin Ike|protosynthesisatk
|turn|5
|
|t:|1757874247
|move|p2a: Spin Ike|Stealth Rock|p1a: Kingambit
|-sidestart|p1: hgfhdhzuauu|move: Stealth Rock
|move|p1a: Kingambit|Kowtow Cleave|p2a: Spin Ike
|-resisted|p2a: Spin Ike
|-damage|p2a: Spin Ike|46/100
|
|upkeep
|turn|6
|
|t:|1757874255
|move|p1a: Kingambit|Sucker Punch|p2a: Spin Ike
|-resisted|p2a: Spin Ike
|-damage|p2a: Spin Ike|0 fnt
|faint|p2a: Spin Ike
|-end|p2a: Spin Ike|Protosynthesis|[silent]
|
|upkeep
|
|t:|1757874278
|switch|p2a: Makyo|Meowscarada, F|100/100
|turn|7
|
|t:|1757874283
|move|p2a: Makyo|Brick Break|p1a: Kingambit
|-start|p2a: Makyo|typechange|Fighting|[from] ability: Protean
|-supereffective|p1a: Kingambit
|-damage|p1a: Kingambit|24/100
|move|p1a: Kingambit|Iron Head|p2a: Makyo
|-damage|p2a: Makyo|0 fnt
|faint|p2a: Makyo
|
|upkeep
|
|t:|1757874305
|switch|p2a: Kyumei|Ninetales-Alola, F, shiny|100/100
|-weather|Snowscape|[from] ability: Snow Warning|[of] p2a: Kyumei
|turn|8
|
|t:|1757874311
|move|p2a: Kyumei|Blizzard|p1a: Kingambit
|-damage|p1a: Kingambit|0 fnt
|faint|p1a: Kingambit
|-end|p1a: Kingambit|fallen1|[silent]
|
|-weather|Snowscape|[upkeep]
|upkeep
|
|t:|1757874320
|switch|p1a: Dragonite|Dragonite, M|100/100
|turn|9
|
|t:|1757874323
|move|p2a: Kyumei|Aurora Veil|p2a: Kyumei
|-sidestart|p2: Shulkou|move: Aurora Veil
|move|p1a: Dragonite|Earthquake|p2a: Kyumei
|-damage|p2a: Kyumei|83/100
|
|-weather|Snowscape|[upkeep]
|upkeep
|turn|10
|
|t:|1757874331
|switch|p1a: Iron Valiant|Iron Valiant|100/100
|-damage|p1a: Iron Valiant|94/100|[from] Stealth Rock
|-enditem|p1a: Iron Valiant|Booster Energy
|-activate|p1a: Iron Valiant|ability: Quark Drive|[fromitem]
|-start|p1a: Iron Valiant|quarkdrivespe
|move|p2a: Kyumei|Blizzard|p1a: Iron Valiant
|-damage|p1a: Iron Valiant|14/100
|
|-weather|Snowscape|[upkeep]
|upkeep
|turn|11
|
|t:|1757874346
|move|p1a: Iron Valiant|Shadow Ball|p2a: Kyumei
|-damage|p2a: Kyumei|69/100
|move|p2a: Kyumei|Blizzard|p1a: Iron Valiant
|-damage|p1a: Iron Valiant|0 fnt
|faint|p1a: Iron Valiant
|-end|p1a: Iron Valiant|Quark Drive|[silent]
|
|-weather|Snowscape|[upkeep]
|upkeep
|
|t:|1757874355
|switch|p1a: Darkrai|Darkrai|100/100
|-damage|p1a: Darkrai|88/100|[from] Stealth Rock
|turn|12
|
|t:|1757874360
|move|p1a: Darkrai|Sludge Bomb|p2a: Kyumei
|-supereffective|p2a: Kyumei
|-damage|p2a: Kyumei|35/100
|move|p2a: Kyumei|Moonblast|p1a: Darkrai
|-supereffective|p1a: Darkrai
|-damage|p1a: Darkrai|0 fnt
|faint|p1a: Darkrai
|
|-weather|none
|upkeep
|
|t:|1757874369
|switch|p1a: Dragonite|Dragonite, M|100/100
|turn|13
|
|t:|1757874373
|move|p2a: Kyumei|Blizzard|p1a: Dragonite
|-supereffective|p1a: Dragonite
|-damage|p1a: Dragonite|0 fnt
|faint|p1a: Dragonite
|
|upkeep
|
|t:|1757874379
|switch|p1a: Zamazenta|Zamazenta|100/100
|-damage|p1a: Zamazenta|94/100|[from] Stealth Rock
|-ability|p1a: Zamazenta|Dauntless Shield|boost
|-boost|p1a: Zamazenta|def|1
|turn|14
|
|t:|1757874388
|move|p1a: Zamazenta|Body Press|p2a: Kyumei
|-damage|p2a: Kyumei|9/100
|move|p2a: Kyumei|Moonblast|p1a: Zamazenta
|-supereffective|p1a: Zamazenta
|-damage|p1a: Zamazenta|32/100
|
|-heal|p1a: Zamazenta|39/100|[from] item: Leftovers
|upkeep
|turn|15
|
|t:|1757874399
|move|p1a: Zamazenta|Body Press|p2a: Kyumei
|-damage|p2a: Kyumei|0 fnt
|faint|p2a: Kyumei
|
|-heal|p1a: Zamazenta|45/100|[from] item: Leftovers
|upkeep
|
|t:|1757874402
|switch|p2a: Raisena|Toxtricity-Low-Key, F|100/100
|turn|16
|inactive|Battle timer is ON: inactive players will automatically lose when time's up. (requested by Shulkou)
|
|t:|1757874423
|move|p2a: Raisena|Nuzzle|p1a: Zamazenta
|-damage|p1a: Zamazenta|41/100
|-status|p1a: Zamazenta|par
|move|p1a: Zamazenta|Roar|p2a: Raisena
|drag|p2a: Shikiko|Arcanine-Hisui, M, shiny|100/100
|
|-heal|p1a: Zamazenta|48/100 par|[from] item: Leftovers
|-sideend|p2: Shulkou|move: Aurora Veil
|upkeep
|turn|17
|
|t:|1757874434
|move|p2a: Shikiko|Flare Blitz|p1a: Zamazenta
|-damage|p1a: Zamazenta|19/100 par
|cant|p1a: Zamazenta|par
|
|-heal|p1a: Zamazenta|25/100 par|[from] item: Leftovers
|upkeep
|turn|18
|
|t:|1757874446
|move|p2a: Shikiko|Flare Blitz|p1a: Zamazenta
|-damage|p1a: Zamazenta|0 fnt
|faint|p1a: Zamazenta
|
|win|Shulkou
|raw|hgfhdhzuauu's rating: 1189 &rarr; <strong>1162</strong><br />(-27 for losing)
|raw|Shulkou's rating: 1159 &rarr; <strong>1186</strong><br />(+27 for winning)
|l|☆hgfhdhzuauu
|player|p1|
|l|☆Shulkou
|player|p2|
