|j|☆Mouu'd
|j|☆grayberry
|t:|1757799109
|gametype|singles
|player|p1|Mouu'd|buck|1199
|player|p2|grayberry|1|1244
|gen|9
|tier|[Gen 9] OU
|rated|
|rule|HP Percentage Mod: HP is shown in percentages
|rule|Endless Battle Clause: Forcing endless battles is banned
|rule|Species Clause: Limit one of each Pokémon
|rule|OHKO Clause: OHKO moves are banned
|rule|Evasion Items Clause: Evasion items are banned
|rule|Evasion Moves Clause: Evasion moves are banned
|rule|Evasion Abilities Clause: Evasion abilities are banned
|rule|Sleep Moves Clause: Sleep-inducing moves are banned
|clearpoke
|poke|p1|Slowbro, M|
|poke|p1|Diancie|
|poke|p1|Oranguru, M|
|poke|p1|Ursaluna, M|
|poke|p1|Incineroar, F|
|poke|p1|Conkeldurr, F|
|poke|p2|Torkoal, F|
|poke|p2|Walking Wake|
|poke|p2|Great Tusk|
|poke|p2|Lilligant-Hisui, F|
|poke|p2|Ceruledge, F|
|poke|p2|Mandibuzz, F|
|teampreview
|
|t:|1757799115
|teamsize|p1|6
|teamsize|p2|6
|start
|switch|p1a: Jinbei|Slowbro, M, shiny|100/100
|switch|p2a: Torkoal|Torkoal, F|100/100
|-weather|SunnyDay|[from] ability: Drought|[of] p2a: Torkoal
|turn|1
|inactive|Battle timer is ON: inactive players will automatically lose when time's up. (requested by grayberry)
|
|t:|1757799124
|move|p2a: Torkoal|Stealth Rock|p1a: Jinbei
|-sidestart|p1: Mouu'd|move: Stealth Rock
|move|p1a: Jinbei|Trick Room|p1a: Jinbei
|-fieldstart|move: Trick Room|[of] p1a: Jinbei
|
|-weather|SunnyDay|[upkeep]
|upkeep
|turn|2
|
|t:|1757799139
|switch|p1a: Chopper|Ursaluna, M|100/100
|-damage|p1a: Chopper|94/100|[from] Stealth Rock
|switch|p2a: Mandibuzz|Mandibuzz, F|100/100
|
|-weather|SunnyDay|[upkeep]
|-status|p1a: Chopper|brn|[from] item: Flame Orb
|upkeep
|turn|3
|
|t:|1757799160
|move|p1a: Chopper|Thunder Punch|p2a: Mandibuzz
|-supereffective|p2a: Mandibuzz
|-damage|p2a: Mandibuzz|54/100
|move|p2a: Mandibuzz|Foul Play|p1a: Chopper
|-crit|p1a: Chopper
|-damage|p1a: Chopper|31/100 brn
|
|-weather|SunnyDay|[upkeep]
|-damage|p1a: Chopper|24/100 brn|[from] brn
|upkeep
|turn|4
|
|t:|1757799168
|move|p1a: Chopper|Facade|p2a: Mandibuzz
|-damage|p2a: Mandibuzz|0 fnt
|faint|p2a: Mandibuzz
|
|-weather|SunnyDay|[upkeep]
|-damage|p1a: Chopper|18/100 brn|[from] brn
|upkeep
|
|t:|1757799177
|switch|p2a: Great Tusk|Great Tusk|100/100
|-activate|p2a: Great Tusk|ability: Protosynthesis
|-start|p2a: Great Tusk|protosynthesisatk
|turn|5
|
|t:|1757799184
|move|p1a: Chopper|Facade|p2a: Great Tusk
|-damage|p2a: Great Tusk|22/100
|move|p2a: Great Tusk|Ice Spinner|p1a: Chopper
|-supereffective|p1a: Chopper
|-damage|p1a: Chopper|0 fnt
|faint|p1a: Chopper
|
|-weather|SunnyDay|[upkeep]
|-fieldend|move: Trick Room
|upkeep
|
|t:|1757799199
|switch|p1a: Jinbei|Slowbro, M, shiny|100/100
|-damage|p1a: Jinbei|88/100|[from] Stealth Rock
|turn|6
|
|t:|1757799203
|move|p2a: Great Tusk|Headlong Rush|p1a: Jinbei
|-damage|p1a: Jinbei|40/100
|-unboost|p2a: Great Tusk|def|1
|-unboost|p2a: Great Tusk|spd|1
|move|p1a: Jinbei|Trick Room|p1a: Jinbei
|-fieldstart|move: Trick Room|[of] p1a: Jinbei
|
|-weather|SunnyDay|[upkeep]
|upkeep
|turn|7
|
|t:|1757799212
|move|p1a: Jinbei|Slack Off|p1a: Jinbei
|-heal|p1a: Jinbei|90/100
|move|p2a: Great Tusk|Headlong Rush|p1a: Jinbei
|-damage|p1a: Jinbei|38/100
|-unboost|p2a: Great Tusk|def|1
|-unboost|p2a: Great Tusk|spd|1
|
|-weather|SunnyDay|[upkeep]
|upkeep
|turn|8
|
|t:|1757799218
|move|p2a: Great Tusk|Headlong Rush|p1a: Jinbei
|-damage|p1a: Jinbei|0 fnt
|-unboost|p2a: Great Tusk|def|1
|-unboost|p2a: Great Tusk|spd|1
|faint|p1a: Jinbei
|
|-weather|none
|-end|p2a: Great Tusk|Protosynthesis
|upkeep
|
|t:|1757799226
|switch|p1a: Luffy gear 4th|Conkeldurr, F|100/100
|-damage|p1a: Luffy gear 4th|94/100|[from] Stealth Rock
|turn|9
|
|t:|1757799231
|move|p1a: Luffy gear 4th|Drain Punch|p2a: Great Tusk
|-damage|p2a: Great Tusk|0 fnt
|-heal|p1a: Luffy gear 4th|100/100|[from] drain|[of] p2a: Great Tusk
|faint|p2a: Great Tusk
|-end|p2a: Great Tusk|Protosynthesis|[silent]
|
|-status|p1a: Luffy gear 4th|brn|[from] item: Flame Orb
|upkeep
|
|t:|1757799236
|switch|p2a: Torkoal|Torkoal, F|100/100
|-weather|SunnyDay|[from] ability: Drought|[of] p2a: Torkoal
|turn|10
|
|t:|1757799244
|-terastallize|p1a: Luffy gear 4th|Fighting
|move|p2a: Torkoal|Lava Plume|p1a: Luffy gear 4th
|-damage|p1a: Luffy gear 4th|58/100 brn
|move|p1a: Luffy gear 4th|Drain Punch|p2a: Torkoal
|-damage|p2a: Torkoal|31/100
|-heal|p1a: Luffy gear 4th|86/100 brn|[from] drain|[of] p2a: Torkoal
|
|-weather|SunnyDay|[upkeep]
|-damage|p1a: Luffy gear 4th|80/100 brn|[from] brn
|-fieldend|move: Trick Room
|upkeep
|turn|11
|
|t:|1757799258
|switch|p2a: Ceruledge|Ceruledge, F|100/100
|move|p1a: Luffy gear 4th|Drain Punch|p2a: Ceruledge
|-immune|p2a: Ceruledge
|
|-weather|SunnyDay|[upkeep]
|-damage|p1a: Luffy gear 4th|74/100 brn|[from] brn
|upkeep
|turn|12
|
|t:|1757799265
|move|p2a: Ceruledge|Bitter Blade|p1a: Luffy gear 4th
|-damage|p1a: Luffy gear 4th|14/100 brn
|move|p1a: Luffy gear 4th|Knock Off|p2a: Ceruledge
|-supereffective|p2a: Ceruledge
|-damage|p2a: Ceruledge|0 fnt
|-enditem|p2a: Ceruledge|Heavy-Duty Boots|[from] move: Knock Off|[of] p1a: Luffy gear 4th
|faint|p2a: Ceruledge
|
|-weather|SunnyDay|[upkeep]
|-damage|p1a: Luffy gear 4th|8/100 brn|[from] brn
|upkeep
|
|t:|1757799275
|switch|p2a: Walking Wake|Walking Wake|100/100
|-activate|p2a: Walking Wake|ability: Protosynthesis
|-start|p2a: Walking Wake|protosynthesisspa
|turn|13
|
|t:|1757799283
|move|p2a: Walking Wake|Hydro Steam|p1a: Luffy gear 4th
|-damage|p1a: Luffy gear 4th|0 fnt
|faint|p1a: Luffy gear 4th
|
|-weather|SunnyDay|[upkeep]
|upkeep
|
|t:|1757799296
|switch|p1a: Crocus|Oranguru, M|100/100
|-damage|p1a: Crocus|88/100|[from] Stealth Rock
|turn|14
|
|t:|1757799301
|-terastallize|p2a: Walking Wake|Water
|move|p2a: Walking Wake|Hydro Steam|p1a: Crocus
|-damage|p1a: Crocus|0 fnt
|faint|p1a: Crocus
|
|-weather|SunnyDay|[upkeep]
|upkeep
|
|t:|1757799307
|switch|p1a: Robin|Diancie|100/100
|-damage|p1a: Robin|88/100|[from] Stealth Rock
|turn|15
|
|t:|1757799309
|move|p2a: Walking Wake|Hydro Steam|p1a: Robin
|-supereffective|p1a: Robin
|-damage|p1a: Robin|0 fnt
|faint|p1a: Robin
|
|-weather|SunnyDay|[upkeep]
|upkeep
|c|☆grayberry|ez
|
|t:|1757799312
|switch|p1a: Xebec|Incineroar, F|100/100
|-damage|p1a: Xebec|76/100|[from] Stealth Rock
|-ability|p1a: Xebec|Intimidate|boost
|-unboost|p2a: Walking Wake|atk|1
|turn|16
|
|t:|1757799318
|move|p2a: Walking Wake|Hydro Steam|p1a: Xebec
|-supereffective|p1a: Xebec
|-damage|p1a: Xebec|0 fnt
|faint|p1a: Xebec
|
|win|grayberry
|raw|Mouu&apos;d's rating: 1199 &rarr; <strong>1177</strong><br />(-22 for losing)
|raw|grayberry's rating: 1244 &rarr; <strong>1266</strong><br />(+22 for winning)
|c|☆grayberry|lost with hard counter
|c|☆grayberry|bunions
|l|☆Mouu'd
|player|p1|
