|j|☆crisp08
|j|☆iguana_droga
|t:|1757827777
|gametype|singles
|player|p1|crisp08|2|1062
|player|p2|iguana_droga|265|1115
|gen|9
|tier|[Gen 9] OU
|rated|
|rule|HP Percentage Mod: HP is shown in percentages
|rule|Endless Battle Clause: Forcing endless battles is banned
|rule|Species Clause: Limit one of each Pokémon
|rule|OHKO Clause: OHKO moves are banned
|rule|Evasion Items Clause: Evasion items are banned
|rule|Evasion Moves Clause: Evasion moves are banned
|rule|Evasion Abilities Clause: Evasion abilities are banned
|rule|Sleep Moves Clause: Sleep-inducing moves are banned
|clearpoke
|poke|p1|Primarina, M|
|poke|p1|Arboliva, F|
|poke|p1|Toxtricity-Low-Key, F|
|poke|p1|Skeledirge, F|
|poke|p1|Dugtrio-Alola, F|
|poke|p1|Mandibuzz, F|
|poke|p2|Great Tusk|
|poke|p2|Bisharp, M|
|poke|p2|Pelipper, F|
|poke|p2|Crawdaunt, F|
|poke|p2|Rotom-Wash|
|poke|p2|Ribombee, F|
|teampreview
|
|t:|1757827783
|teamsize|p1|6
|teamsize|p2|6
|start
|switch|p1a: Mandibuzz|Mandibuzz, F, shiny|100/100
|switch|p2a: Ribombee|Ribombee, F|100/100
|turn|1
|
|t:|1757827795
|switch|p1a: Dugtrio|Dugtrio-Alola, F, shiny|100/100
|move|p2a: Ribombee|Moonblast|p1a: Dugtrio
|-resisted|p1a: Dugtrio
|-damage|p1a: Dugtrio|61/100
|
|upkeep
|turn|2
|
|t:|1757827806
|move|p2a: Ribombee|Sticky Web|p1a: Dugtrio
|-sidestart|p1: crisp08|move: Sticky Web
|move|p1a: Dugtrio|Iron Head|p2a: Ribombee
|-supereffective|p2a: Ribombee
|-enditem|p2a: Ribombee|Focus Sash
|-damage|p2a: Ribombee|1/100
|
|upkeep
|turn|3
|
|t:|1757827814
|move|p1a: Dugtrio|Sucker Punch|p2a: Ribombee
|-resisted|p2a: Ribombee
|-damage|p2a: Ribombee|0 fnt
|faint|p2a: Ribombee
|
|upkeep
|
|t:|1757827821
|switch|p2a: Bisharp|Bisharp, M|100/100
|turn|4
|
|t:|1757827830
|move|p1a: Dugtrio|Iron Head|p2a: Bisharp
|-resisted|p2a: Bisharp
|-damage|p2a: Bisharp|89/100
|move|p2a: Bisharp|Brick Break|p1a: Dugtrio
|-supereffective|p1a: Dugtrio
|-damage|p1a: Dugtrio|0 fnt
|-ability|p1a: Dugtrio|Tangling Hair
|-unboost|p2a: Bisharp|spe|1
|-ability|p2a: Bisharp|Defiant|boost
|-boost|p2a: Bisharp|atk|2
|faint|p1a: Dugtrio
|
|upkeep
|
|t:|1757827863
|switch|p1a: Skeledirge|Skeledirge, F, shiny|100/100
|-activate|p1a: Skeledirge|move: Sticky Web
|-unboost|p1a: Skeledirge|spe|1
|turn|5
|
|t:|1757827876
|switch|p2a: Pelipper|Pelipper, F|100/100
|-weather|RainDance|[from] ability: Drizzle|[of] p2a: Pelipper
|move|p1a: Skeledirge|Torch Song|p2a: Pelipper
|-resisted|p2a: Pelipper
|-damage|p2a: Pelipper|92/100
|-boost|p1a: Skeledirge|spa|1
|
|-weather|RainDance|[upkeep]
|upkeep
|turn|6
|
|t:|1757827888
|switch|p1a: Mandibuzz|Mandibuzz, F, shiny|100/100
|move|p2a: Pelipper|Chilling Water|p1a: Mandibuzz
|-damage|p1a: Mandibuzz|79/100
|-unboost|p1a: Mandibuzz|atk|1
|
|-weather|RainDance|[upkeep]
|upkeep
|turn|7
|
|t:|1757827897
|move|p1a: Mandibuzz|Defog|p2a: Pelipper
|-unboost|p2a: Pelipper|evasion|1
|-sideend|p1: crisp08|Sticky Web|[from] move: Defog|[of] p1a: Mandibuzz
|move|p2a: Pelipper|Knock Off|p1a: Mandibuzz
|-resisted|p1a: Mandibuzz
|-damage|p1a: Mandibuzz|74/100
|-enditem|p1a: Mandibuzz|Weakness Policy|[from] move: Knock Off|[of] p2a: Pelipper
|
|-weather|RainDance|[upkeep]
|upkeep
|turn|8
|
|t:|1757827913
|move|p1a: Mandibuzz|Lash Out|p2a: Pelipper
|-damage|p2a: Pelipper|76/100
|move|p2a: Pelipper|U-turn|p1a: Mandibuzz
|-damage|p1a: Mandibuzz|66/100
|
|t:|1757827919
|switch|p2a: Rotom|Rotom-Wash|100/100|[from] U-turn
|
|-weather|RainDance|[upkeep]
|upkeep
|turn|9
|
|t:|1757827936
|switch|p1a: Primarina|Primarina, M|100/100
|move|p2a: Rotom|Volt Switch|p1a: Primarina
|-supereffective|p1a: Primarina
|-damage|p1a: Primarina|10/100
|-message|crisp08 forfeited.
|
|win|iguana_droga
|raw|crisp08's rating: 1062 &rarr; <strong>1046</strong><br />(-16 for losing)
|raw|iguana_droga's rating: 1115 &rarr; <strong>1136</strong><br />(+21 for winning)
|l|☆crisp08
|player|p1|
|l|☆iguana_droga
|player|p2|
