|j|☆alex12381723898
|j|☆Lisia of Lillycove
|t:|1757812322
|gametype|singles
|player|p1|alex12381723898|170|1387
|player|p2|Lisia of Lillycove|lisia|1402
|gen|9
|tier|[Gen 9] OU
|rated|
|rule|HP Percentage Mod: HP is shown in percentages
|rule|Endless Battle Clause: Forcing endless battles is banned
|rule|Species Clause: Limit one of each Pokémon
|rule|OHKO Clause: OHKO moves are banned
|rule|Evasion Items Clause: Evasion items are banned
|rule|Evasion Moves Clause: Evasion moves are banned
|rule|Evasion Abilities Clause: Evasion abilities are banned
|rule|Sleep Moves Clause: Sleep-inducing moves are banned
|clearpoke
|poke|p1|Kyurem|
|poke|p1|Zamazenta-*|
|poke|p1|Meowscarada, M|
|poke|p1|Kingambit, M|
|poke|p1|Slowking-Galar, M|
|poke|p1|Skarmory, F|
|poke|p2|Gumshoos, F|
|poke|p2|Polteageist|
|poke|p2|Slowking-Galar, F|
|poke|p2|Glaceon, F|
|poke|p2|Mew|
|poke|p2|Dondozo, F|
|teampreview
|c|☆Lisia of Lillycove|hf
|inactive|Battle timer is ON: inactive players will automatically lose when time's up. (requested by alex12381723898)
|
|t:|1757812339
|teamsize|p1|6
|teamsize|p2|6
|start
|switch|p1a: Skarmory|Skarmory, F|100/100
|switch|p2a: Slowking|Slowking-Galar, F|100/100
|turn|1
|
|t:|1757812346
|move|p1a: Skarmory|Stealth Rock|p2a: Slowking
|-sidestart|p2: Lisia of Lillycove|move: Stealth Rock
|move|p2a: Slowking|Psychic Noise|p1a: Skarmory
|-resisted|p1a: Skarmory
|-damage|p1a: Skarmory|83/100
|-start|p1a: Skarmory|move: Heal Block
|
|upkeep
|turn|2
|
|t:|1757812354
|switch|p1a: Slowking|Slowking-Galar, M|100/100
|move|p2a: Slowking|Trick Room|p2a: Slowking
|-fieldstart|move: Trick Room|[of] p2a: Slowking
|
|upkeep
|turn|3
|
|t:|1757812359
|move|p1a: Slowking|Future Sight|p2a: Slowking
|-start|p1a: Slowking|move: Future Sight
|-prepare|p2a: Slowking|Chilly Reception|[premajor]
|move|p2a: Slowking|Chilly Reception|p2a: Slowking
|-weather|Snowscape
|
|t:|1757812363
|switch|p2a: Gumshoos|Gumshoos, F, shiny|100/100|[from] Chilly Reception
|-damage|p2a: Gumshoos|88/100|[from] Stealth Rock
|
|-weather|Snowscape|[upkeep]
|upkeep
|turn|4
|
|t:|1757812366
|switch|p1a: Skarmory|Skarmory, F|83/100
|move|p2a: Gumshoos|Double-Edge|p1a: Skarmory
|-resisted|p1a: Skarmory
|-damage|p1a: Skarmory|46/100
|-damage|p2a: Gumshoos|72/100|[from] item: Rocky Helmet|[of] p1a: Skarmory
|-damage|p2a: Gumshoos|61/100|[from] Recoil
|
|-weather|Snowscape|[upkeep]
|upkeep
|turn|5
|
|t:|1757812373
|switch|p2a: Yuki|Glaceon, F, shiny|100/100
|-damage|p2a: Yuki|76/100|[from] Stealth Rock
|move|p1a: Skarmory|Roost|p1a: Skarmory
|-heal|p1a: Skarmory|96/100
|-singleturn|p1a: Skarmory|move: Roost
|
|-weather|Snowscape|[upkeep]
|-heal|p2a: Yuki|82/100|[from] ability: Ice Body
|-end|p2a: Yuki|move: Future Sight
|-damage|p2a: Yuki|34/100
|upkeep
|turn|6
|
|t:|1757812378
|move|p2a: Yuki|Blizzard|p1a: Skarmory
|-damage|p1a: Skarmory|0 fnt
|faint|p1a: Skarmory
|
|-weather|Snowscape|[upkeep]
|-heal|p2a: Yuki|40/100|[from] ability: Ice Body
|-fieldend|move: Trick Room
|upkeep
|
|t:|1757812394
|switch|p1a: Kingambit|Kingambit, M|100/100
|-activate|p1a: Kingambit|ability: Supreme Overlord
|-start|p1a: Kingambit|fallen1|[silent]
|turn|7
|
|t:|1757812406
|switch|p2a: Dondozo|Dondozo, F|100/100
|-damage|p2a: Dondozo|88/100|[from] Stealth Rock
|move|p1a: Kingambit|Kowtow Cleave|p2a: Dondozo
|-damage|p2a: Dondozo|45/100
|
|-weather|none
|-heal|p2a: Dondozo|51/100|[from] item: Leftovers
|upkeep
|turn|8
|
|t:|1757812415
|-end|p1a: Kingambit|fallen1|[silent]
|switch|p1a: Slowking|Slowking-Galar, M|100/100
|move|p2a: Dondozo|Rest|p2a: Dondozo
|-status|p2a: Dondozo|slp|[from] move: Rest
|-heal|p2a: Dondozo|100/100 slp|[silent]
|
|upkeep
|turn|9
|
|t:|1757812421
|switch|p2a: Slowking|Slowking-Galar, F|100/100
|-damage|p2a: Slowking|88/100|[from] Stealth Rock
|move|p1a: Slowking|Future Sight|p2a: Slowking
|-start|p1a: Slowking|move: Future Sight
|
|upkeep
|turn|10
|
|t:|1757812424
|-prepare|p1a: Slowking|Chilly Reception|[premajor]
|move|p1a: Slowking|Chilly Reception|p1a: Slowking
|-weather|Snowscape
|
|t:|1757812428
|switch|p1a: Meowscarada|Meowscarada, M|100/100|[from] Chilly Reception
|move|p2a: Slowking|Trick Room|p2a: Slowking
|-fieldstart|move: Trick Room|[of] p2a: Slowking
|
|-weather|Snowscape|[upkeep]
|upkeep
|turn|11
|
|t:|1757812439
|move|p1a: Meowscarada|Knock Off|p2a: Slowking
|-start|p1a: Meowscarada|typechange|Dark|[from] ability: Protean
|-supereffective|p2a: Slowking
|-damage|p2a: Slowking|0 fnt
|-enditem|p2a: Slowking|Lagging Tail|[from] move: Knock Off|[of] p1a: Meowscarada
|faint|p2a: Slowking
|
|-weather|Snowscape|[upkeep]
|-hint|Future Sight did not hit because the target is fainted.
|upkeep
|
|t:|1757812442
|switch|p2a: Yuki|Glaceon, F, shiny|40/100
|-damage|p2a: Yuki|15/100|[from] Stealth Rock
|turn|12
|
|t:|1757812452
|switch|p1a: Kingambit|Kingambit, M|100/100
|-activate|p1a: Kingambit|ability: Supreme Overlord
|-start|p1a: Kingambit|fallen1|[silent]
|move|p2a: Yuki|Blizzard|p1a: Kingambit
|-resisted|p1a: Kingambit
|-damage|p1a: Kingambit|55/100
|
|-weather|Snowscape|[upkeep]
|-heal|p2a: Yuki|21/100|[from] ability: Ice Body
|upkeep
|turn|13
|
|t:|1757812463
|-terastallize|p2a: Yuki|Ice
|move|p2a: Yuki|Blizzard|p1a: Kingambit
|-resisted|p1a: Kingambit
|-damage|p1a: Kingambit|0 fnt
|faint|p1a: Kingambit
|-end|p1a: Kingambit|fallen1|[silent]
|
|-weather|Snowscape|[upkeep]
|-heal|p2a: Yuki|27/100|[from] ability: Ice Body
|upkeep
|
|t:|1757812474
|switch|p1a: Slowking|Slowking-Galar, M|100/100
|turn|14
|
|t:|1757812476
|move|p1a: Slowking|Sludge Bomb|p2a: Yuki
|-damage|p2a: Yuki|0 fnt
|faint|p2a: Yuki
|
|-weather|none
|-fieldend|move: Trick Room
|upkeep
|
|t:|1757812481
|switch|p2a: Mew|Mew|100/100
|-damage|p2a: Mew|88/100|[from] Stealth Rock
|turn|15
|
|t:|1757812485
|-prepare|p1a: Slowking|Chilly Reception|[premajor]
|move|p1a: Slowking|Chilly Reception|p1a: Slowking
|-weather|Snowscape
|
|t:|1757812489
|switch|p1a: Meowscarada|Meowscarada, M|100/100|[from] Chilly Reception
|move|p2a: Mew|Trick Room|p2a: Mew
|-fieldstart|move: Trick Room|[of] p2a: Mew
|
|-weather|Snowscape|[upkeep]
|upkeep
|turn|16
|
|t:|1757812493
|move|p1a: Meowscarada|Knock Off|p2a: Mew
|-start|p1a: Meowscarada|typechange|Dark|[from] ability: Protean
|-supereffective|p2a: Mew
|-damage|p2a: Mew|38/100
|-enditem|p2a: Mew|Lagging Tail|[from] move: Knock Off|[of] p1a: Meowscarada
|move|p2a: Mew|U-turn|p1a: Meowscarada
|-supereffective|p1a: Meowscarada
|-damage|p1a: Meowscarada|50/100
|
|t:|1757812510
|switch|p2a: Polteageist|Polteageist|100/100|[from] U-turn
|-damage|p2a: Polteageist|88/100|[from] Stealth Rock
|
|-weather|Snowscape|[upkeep]
|upkeep
|turn|17
|
|t:|1757812515
|move|p2a: Polteageist|Giga Drain|p1a: Meowscarada
|-damage|p1a: Meowscarada|8/100
|-heal|p2a: Polteageist|100/100|[from] drain|[of] p1a: Meowscarada
|move|p1a: Meowscarada|Knock Off|p2a: Polteageist
|-supereffective|p2a: Polteageist
|-damage|p2a: Polteageist|0 fnt
|-enditem|p2a: Polteageist|Weakness Policy|[from] move: Knock Off|[of] p1a: Meowscarada
|faint|p2a: Polteageist
|
|-weather|Snowscape|[upkeep]
|upkeep
|
|t:|1757812517
|switch|p2a: Gumshoos|Gumshoos, F, shiny|61/100
|-damage|p2a: Gumshoos|49/100|[from] Stealth Rock
|turn|18
|
|t:|1757812530
|switch|p1a: Zamazenta|Zamazenta|100/100
|-ability|p1a: Zamazenta|Dauntless Shield|boost
|-boost|p1a: Zamazenta|def|1
|move|p2a: Gumshoos|Double-Edge|p1a: Zamazenta
|-damage|p1a: Zamazenta|31/100
|-damage|p2a: Gumshoos|29/100|[from] Recoil
|
|-weather|Snowscape|[upkeep]
|upkeep
|turn|19
|c|☆Lisia of Lillycove|damn
|c|☆Lisia of Lillycove|I didn't expect that
|
|t:|1757812540
|move|p2a: Gumshoos|Double-Edge|p1a: Zamazenta
|-damage|p1a: Zamazenta|0 fnt
|faint|p1a: Zamazenta
|-damage|p2a: Gumshoos|20/100|[from] Recoil
|
|-weather|none
|-fieldend|move: Trick Room
|upkeep
|
|t:|1757812547
|switch|p1a: Meowscarada|Meowscarada, M|8/100
|turn|20
|
|t:|1757812551
|switch|p2a: Dondozo|Dondozo, F|100/100 slp
|-damage|p2a: Dondozo|88/100 slp|[from] Stealth Rock
|move|p1a: Meowscarada|Flower Trick|p2a: Dondozo
|-start|p1a: Meowscarada|typechange|Grass|[from] ability: Protean
|-supereffective|p2a: Dondozo
|-crit|p2a: Dondozo
|-damage|p2a: Dondozo|28/100 slp
|
|-heal|p2a: Dondozo|34/100 slp|[from] item: Leftovers
|upkeep
|turn|21
|
|t:|1757812554
|move|p1a: Meowscarada|Flower Trick|p2a: Dondozo
|-supereffective|p2a: Dondozo
|-crit|p2a: Dondozo
|-damage|p2a: Dondozo|0 fnt
|faint|p2a: Dondozo
|
|upkeep
|
|t:|1757812556
|switch|p2a: Mew|Mew|38/100
|-damage|p2a: Mew|25/100|[from] Stealth Rock
|turn|22
|
|t:|1757812561
|move|p1a: Meowscarada|Flower Trick|p2a: Mew
|-crit|p2a: Mew
|-damage|p2a: Mew|0 fnt
|faint|p2a: Mew
|
|upkeep
|
|t:|1757812564
|switch|p2a: Gumshoos|Gumshoos, F, shiny|20/100
|-damage|p2a: Gumshoos|8/100|[from] Stealth Rock
|turn|23
|
|t:|1757812566
|move|p1a: Meowscarada|Flower Trick|p2a: Gumshoos
|-crit|p2a: Gumshoos
|-damage|p2a: Gumshoos|0 fnt
|faint|p2a: Gumshoos
|
|win|alex12381723898
|raw|alex12381723898's rating: 1387 &rarr; <strong>1408</strong><br />(+21 for winning)
|raw|Lisia of Lillycove's rating: 1402 &rarr; <strong>1381</strong><br />(-21 for losing)
|c|☆Lisia of Lillycove|gg
|l|☆alex12381723898
|player|p1|
|l|☆Lisia of Lillycove
|player|p2|
