|j|☆ulookugly
|j|☆ALEXXX100407
|t:|1757916198
|gametype|singles
|player|p1|ulookugly|102|1115
|player|p2|ALEXXX100407|hugh|1090
|gen|9
|tier|[Gen 9] OU
|rated|
|rule|HP Percentage Mod: HP is shown in percentages
|rule|Endless Battle Clause: Forcing endless battles is banned
|rule|Species Clause: Limit one of each Pokémon
|rule|OHKO Clause: OHKO moves are banned
|rule|Evasion Items Clause: Evasion items are banned
|rule|Evasion Moves Clause: Evasion moves are banned
|rule|Evasion Abilities Clause: Evasion abilities are banned
|rule|Sleep Moves Clause: Sleep-inducing moves are banned
|clearpoke
|poke|p1|Kyurem|
|poke|p1|Tyranitar, M|
|poke|p1|Avalugg-Hisui, M|
|poke|p1|Landorus-Therian, M|
|poke|p1|Glimmora, F|
|poke|p1|Iron Treads|
|poke|p2|Ambipom, F|
|poke|p2|Comfey, F|
|poke|p2|Kingambit, M|
|poke|p2|Gliscor, M|
|poke|p2|Eelektross, M|
|poke|p2|Dragonite, F|
|teampreview
|inactive|Battle timer is ON: inactive players will automatically lose when time's up. (requested by ALEXXX100407)
|inactive|ulookugly also wants the timer to be on.
|
|t:|1757916214
|teamsize|p1|6
|teamsize|p2|6
|start
|switch|p1a: Tyranitar|Tyranitar, M|100/100
|switch|p2a: Ambipom|Ambipom, F, shiny|100/100
|-weather|Sandstorm|[from] ability: Sand Stream|[of] p1a: Tyranitar
|turn|1
|
|t:|1757916224
|switch|p1a: Iron Treads|Iron Treads|100/100
|-enditem|p1a: Iron Treads|Booster Energy
|-activate|p1a: Iron Treads|ability: Quark Drive|[fromitem]
|-start|p1a: Iron Treads|quarkdrivedef
|move|p2a: Ambipom|Fake Out|p1a: Iron Treads
|-resisted|p1a: Iron Treads
|-damage|p1a: Iron Treads|90/100
|-damage|p2a: Ambipom|91/100|[from] item: Life Orb
|
|-weather|Sandstorm|[upkeep]
|-damage|p2a: Ambipom|84/100|[from] Sandstorm
|upkeep
|turn|2
|
|t:|1757916242
|move|p2a: Ambipom|Gunk Shot|p1a: Iron Treads
|-immune|p1a: Iron Treads
|move|p1a: Iron Treads|Knock Off|p2a: Ambipom
|-damage|p2a: Ambipom|41/100
|-enditem|p2a: Ambipom|Life Orb|[from] move: Knock Off|[of] p1a: Iron Treads
|
|-weather|Sandstorm|[upkeep]
|-damage|p2a: Ambipom|35/100|[from] Sandstorm
|upkeep
|turn|3
|
|t:|1757916264
|move|p2a: Ambipom|Gunk Shot|p1a: Iron Treads
|-immune|p1a: Iron Treads
|move|p1a: Iron Treads|Ice Spinner|p2a: Ambipom
|-damage|p2a: Ambipom|0 fnt
|faint|p2a: Ambipom
|
|-weather|Sandstorm|[upkeep]
|upkeep
|
|t:|1757916266
|switch|p2a: Gliscor|Gliscor, M|100/100
|turn|4
|
|t:|1757916271
|-terastallize|p1a: Iron Treads|Ground
|move|p2a: Gliscor|Protect|p2a: Gliscor
|-singleturn|p2a: Gliscor|Protect
|move|p1a: Iron Treads|Ice Spinner|p2a: Gliscor
|-activate|p2a: Gliscor|move: Protect
|
|-weather|Sandstorm|[upkeep]
|-status|p2a: Gliscor|tox|[from] item: Toxic Orb
|upkeep
|turn|5
|
|t:|1757916283
|switch|p2a: Dragonite|Dragonite, F|100/100
|move|p1a: Iron Treads|Ice Spinner|p2a: Dragonite
|-supereffective|p2a: Dragonite
|-damage|p2a: Dragonite|52/100
|-enditem|p2a: Dragonite|Weakness Policy
|-boost|p2a: Dragonite|atk|2|[from] item: Weakness Policy
|-boost|p2a: Dragonite|spa|2|[from] item: Weakness Policy
|
|-weather|none
|upkeep
|turn|6
|
|t:|1757916300
|-terastallize|p2a: Dragonite|Ground
|move|p2a: Dragonite|Earthquake|p1a: Iron Treads
|-damage|p1a: Iron Treads|20/100
|move|p1a: Iron Treads|Knock Off|p2a: Dragonite
|-damage|p2a: Dragonite|34/100
|
|upkeep
|turn|7
|
|t:|1757916311
|move|p2a: Dragonite|Aerial Ace|p1a: Iron Treads
|-damage|p1a: Iron Treads|0 fnt
|faint|p1a: Iron Treads
|-end|p1a: Iron Treads|Quark Drive|[silent]
|
|upkeep
|
|t:|1757916315
|switch|p1a: Kyurem|Kyurem|100/100
|-ability|p1a: Kyurem|Pressure
|turn|8
|
|t:|1757916326
|move|p1a: Kyurem|Ice Beam|p2a: Dragonite
|-supereffective|p2a: Dragonite
|-damage|p2a: Dragonite|0 fnt
|faint|p2a: Dragonite
|
|upkeep
|
|t:|1757916343
|switch|p2a: Comfey|Comfey, F, shiny|100/100
|turn|9
|
|t:|1757916346
|switch|p1a: Tyranitar|Tyranitar, M|100/100
|-weather|Sandstorm|[from] ability: Sand Stream|[of] p1a: Tyranitar
|move|p2a: Comfey|Calm Mind|p2a: Comfey
|-boost|p2a: Comfey|spa|1
|-boost|p2a: Comfey|spd|1
|
|-weather|Sandstorm|[upkeep]
|-damage|p2a: Comfey|94/100|[from] Sandstorm
|-heal|p2a: Comfey|100/100|[from] item: Leftovers
|upkeep
|turn|10
|
|t:|1757916360
|move|p2a: Comfey|Calm Mind|p2a: Comfey
|-boost|p2a: Comfey|spa|1
|-boost|p2a: Comfey|spd|1
|move|p1a: Tyranitar|Knock Off|p2a: Comfey
|-resisted|p2a: Comfey
|-damage|p2a: Comfey|71/100
|-enditem|p2a: Comfey|Leftovers|[from] move: Knock Off|[of] p1a: Tyranitar
|
|-weather|Sandstorm|[upkeep]
|-damage|p2a: Comfey|65/100|[from] Sandstorm
|upkeep
|turn|11
|
|t:|1757916371
|switch|p1a: Glimmora|Glimmora, F|100/100
|move|p2a: Comfey|Giga Drain|p1a: Glimmora
|-damage|p1a: Glimmora|63/100
|-heal|p2a: Comfey|89/100|[from] drain|[of] p1a: Glimmora
|
|-weather|Sandstorm|[upkeep]
|-damage|p2a: Comfey|83/100|[from] Sandstorm
|upkeep
|turn|12
|
|t:|1757916382
|move|p2a: Comfey|Giga Drain|p1a: Glimmora
|-damage|p1a: Glimmora|23/100
|-heal|p2a: Comfey|100/100|[from] drain|[of] p1a: Glimmora
|move|p1a: Glimmora|Sludge Wave|p2a: Comfey
|-supereffective|p2a: Comfey
|-damage|p2a: Comfey|38/100
|-status|p2a: Comfey|psn
|
|-weather|Sandstorm|[upkeep]
|-damage|p2a: Comfey|32/100 psn|[from] Sandstorm
|-damage|p2a: Comfey|19/100 psn|[from] psn
|upkeep
|turn|13
|
|t:|1757916391
|switch|p1a: Avalugg|Avalugg-Hisui, M|100/100
|move|p2a: Comfey|Giga Drain|p1a: Avalugg
|-supereffective|p1a: Avalugg
|-damage|p1a: Avalugg|53/100
|-heal|p2a: Comfey|52/100 psn|[from] drain|[of] p1a: Avalugg
|
|-weather|none
|-damage|p2a: Comfey|40/100 psn|[from] psn
|upkeep
|turn|14
|
|t:|1757916401
|switch|p1a: Tyranitar|Tyranitar, M|100/100
|-weather|Sandstorm|[from] ability: Sand Stream|[of] p1a: Tyranitar
|move|p2a: Comfey|Giga Drain|p1a: Tyranitar
|-supereffective|p1a: Tyranitar
|-crit|p1a: Tyranitar
|-damage|p1a: Tyranitar|56/100
|-heal|p2a: Comfey|77/100 psn|[from] drain|[of] p1a: Tyranitar
|
|-weather|Sandstorm|[upkeep]
|-damage|p2a: Comfey|70/100 psn|[from] Sandstorm
|-damage|p2a: Comfey|58/100 psn|[from] psn
|upkeep
|turn|15
|
|t:|1757916408
|move|p2a: Comfey|Draining Kiss|p1a: Tyranitar
|-supereffective|p1a: Tyranitar
|-damage|p1a: Tyranitar|24/100
|-heal|p2a: Comfey|98/100 psn|[from] drain|[of] p1a: Tyranitar
|move|p1a: Tyranitar|Surf|p2a: Comfey
|-damage|p2a: Comfey|86/100 psn
|
|-weather|Sandstorm|[upkeep]
|-damage|p2a: Comfey|80/100 psn|[from] Sandstorm
|-damage|p2a: Comfey|68/100 psn|[from] psn
|upkeep
|turn|16
|-message|ulookugly forfeited.
|
|win|ALEXXX100407
|raw|ulookugly's rating: 1115 &rarr; <strong>1088</strong><br />(-27 for losing)
|raw|ALEXXX100407's rating: 1090 &rarr; <strong>1118</strong><br />(+28 for winning)
|l|☆ulookugly
|player|p1|
|l|☆ALEXXX100407
|player|p2|
