|j|☆LVL62Monoco
|j|☆jahleel
|t:|1757946558
|gametype|singles
|player|p1|LVL62Monoco|265|1489
|player|p2|jahleel|dancer|1597
|gen|9
|tier|[Gen 9] OU
|rated|
|rule|HP Percentage Mod: HP is shown in percentages
|rule|Endless Battle Clause: Forcing endless battles is banned
|rule|Species Clause: Limit one of each Pokémon
|rule|OHKO Clause: OHKO moves are banned
|rule|Evasion Items Clause: Evasion items are banned
|rule|Evasion Moves Clause: Evasion moves are banned
|rule|Evasion Abilities Clause: Evasion abilities are banned
|rule|Sleep Moves Clause: Sleep-inducing moves are banned
|clearpoke
|poke|p1|Ribombee, M|
|poke|p1|Cinderace, F|
|poke|p1|Great Tusk|
|poke|p1|Kingambit, F|
|poke|p1|Serperior, F|
|poke|p1|Milotic, M|
|poke|p2|Pecharunt|
|poke|p2|Iron Valiant|
|poke|p2|Ogerpon-Cornerstone, F|
|poke|p2|Moltres|
|poke|p2|Great Tusk|
|poke|p2|Scizor, M|
|teampreview
|
|t:|1757946565
|teamsize|p1|6
|teamsize|p2|6
|start
|switch|p1a: Ribombee|Ribombee, M|100/100
|switch|p2a: Scizor|Scizor, M|100/100
|turn|1
|
|t:|1757946572
|move|p2a: Scizor|Bullet Punch|p1a: Ribombee
|-supereffective|p1a: Ribombee
|-enditem|p1a: Ribombee|Focus Sash
|-damage|p1a: Ribombee|1/100
|move|p1a: Ribombee|Sticky Web|p2a: Scizor
|-sidestart|p2: jahleel|move: Sticky Web
|
|upkeep
|turn|2
|
|t:|1757946591
|move|p1a: Ribombee|Stun Spore|p2a: Scizor
|-status|p2a: Scizor|par
|move|p2a: Scizor|U-turn|p1a: Ribombee
|-resisted|p1a: Ribombee
|-damage|p1a: Ribombee|0 fnt
|faint|p1a: Ribombee
|
|t:|1757946599
|switch|p2a: Great Tusk|Great Tusk|100/100|[from] U-turn
|
|upkeep
|
|t:|1757946613
|switch|p1a: Cinderace|Cinderace, F|100/100
|turn|3
|
|t:|1757946616
|move|p1a: Cinderace|Court Change|p1a: Cinderace
|-swapsideconditions
|-activate|p1a: Cinderace|move: Court Change
|move|p2a: Great Tusk|Headlong Rush|p1a: Cinderace
|-supereffective|p1a: Cinderace
|-crit|p1a: Cinderace
|-damage|p1a: Cinderace|0 fnt
|-unboost|p2a: Great Tusk|def|1
|-unboost|p2a: Great Tusk|spd|1
|faint|p1a: Cinderace
|
|upkeep
|
|t:|1757946628
|switch|p1a: Serperior|Serperior, F|100/100
|-activate|p1a: Serperior|move: Sticky Web
|-boost|p1a: Serperior|spe|1
|turn|4
|
|t:|1757946649
|-end|p2a: Great Tusk|Protosynthesis|[silent]
|switch|p2a: Moltres|Moltres|100/100
|move|p1a: Serperior|Leech Seed|p2a: Moltres
|-start|p2a: Moltres|move: Leech Seed
|
|-damage|p2a: Moltres|88/100|[from] Leech Seed|[of] p1a: Serperior
|upkeep
|turn|5
|
|t:|1757946657
|move|p1a: Serperior|Substitute|p1a: Serperior
|-start|p1a: Serperior|Substitute
|-damage|p1a: Serperior|76/100
|move|p2a: Moltres|U-turn|p1a: Serperior
|-supereffective|p1a: Serperior
|-end|p1a: Serperior|Substitute
|
|t:|1757946660
|switch|p2a: Scizor|Scizor, M|100/100 par|[from] U-turn
|
|-heal|p1a: Serperior|82/100|[from] item: Leftovers
|upkeep
|turn|6
|
|t:|1757946671
|move|p1a: Serperior|Leaf Storm|p2a: Scizor
|-resisted|p2a: Scizor
|-damage|p2a: Scizor|89/100 par
|-boost|p1a: Serperior|spa|2
|move|p2a: Scizor|U-turn|p1a: Serperior
|-supereffective|p1a: Serperior
|-damage|p1a: Serperior|0 fnt
|faint|p1a: Serperior
|
|t:|1757946680
|switch|p2a: Iron Valiant|Iron Valiant|100/100|[from] U-turn
|
|upkeep
|
|t:|1757946684
|switch|p1a: Milotic|Milotic, M|100/100
|-activate|p1a: Milotic|move: Sticky Web
|-unboost|p1a: Milotic|spe|1
|-ability|p1a: Milotic|Competitive|boost
|-boost|p1a: Milotic|spa|2
|turn|7
|
|t:|1757946694
|move|p2a: Iron Valiant|Thunderbolt|p1a: Milotic
|-supereffective|p1a: Milotic
|-damage|p1a: Milotic|59/100
|-status|p1a: Milotic|par
|move|p1a: Milotic|Draining Kiss|p2a: Iron Valiant
|-supereffective|p2a: Iron Valiant
|-damage|p2a: Iron Valiant|0 fnt
|-heal|p1a: Milotic|100/100 par|[from] drain|[of] p2a: Iron Valiant
|faint|p2a: Iron Valiant
|-end|p2a: Iron Valiant|Quark Drive|[silent]
|
|upkeep
|
|t:|1757946703
|switch|p2a: Ogerpon|Ogerpon-Cornerstone, F|100/100
|turn|8
|
|t:|1757946719
|switch|p2a: Moltres|Moltres|88/100
|switch|p1a: Kingambit|Kingambit, F|100/100
|-activate|p1a: Kingambit|move: Sticky Web
|-unboost|p1a: Kingambit|spe|1
|-ability|p1a: Kingambit|Defiant|boost
|-boost|p1a: Kingambit|atk|2
|
|upkeep
|turn|9
|
|t:|1757946727
|switch|p1a: Milotic|Milotic, M|100/100 par
|-activate|p1a: Milotic|move: Sticky Web
|-unboost|p1a: Milotic|spe|1
|-ability|p1a: Milotic|Competitive|boost
|-boost|p1a: Milotic|spa|2
|move|p2a: Moltres|Will-O-Wisp||[still]
|-fail|p2a: Moltres
|
|upkeep
|turn|10
|
|t:|1757946735
|move|p2a: Moltres|U-turn|p1a: Milotic
|-damage|p1a: Milotic|85/100 par
|
|t:|1757946747
|switch|p2a: Scizor|Scizor, M|89/100 par|[from] U-turn
|move|p1a: Milotic|Scald|p2a: Scizor
|-damage|p2a: Scizor|13/100 par
|
|-heal|p2a: Scizor|19/100 par|[from] item: Leftovers
|upkeep
|turn|11
|
|t:|1757946755
|move|p2a: Scizor|Close Combat|p1a: Milotic
|-damage|p1a: Milotic|40/100 par
|-unboost|p2a: Scizor|def|1
|-unboost|p2a: Scizor|spd|1
|move|p1a: Milotic|Scald|p2a: Scizor
|-damage|p2a: Scizor|0 fnt
|faint|p2a: Scizor
|
|upkeep
|
|t:|1757946761
|switch|p2a: Ogerpon|Ogerpon-Cornerstone, F|100/100
|turn|12
|
|t:|1757946765
|move|p2a: Ogerpon|Ivy Cudgel|p1a: Milotic|[anim] Ivy Cudgel Rock
|-damage|p1a: Milotic|0 fnt
|faint|p1a: Milotic
|
|upkeep
|
|t:|1757946772
|switch|p1a: Kingambit|Kingambit, F|100/100
|-activate|p1a: Kingambit|move: Sticky Web
|-unboost|p1a: Kingambit|spe|1
|-ability|p1a: Kingambit|Defiant|boost
|-boost|p1a: Kingambit|atk|2
|turn|13
|
|t:|1757946786
|switch|p2a: Great Tusk|Great Tusk|100/100
|move|p1a: Kingambit|Swords Dance|p1a: Kingambit
|-boost|p1a: Kingambit|atk|2
|
|upkeep
|turn|14
|
|t:|1757946795
|-terastallize|p1a: Kingambit|Flying
|move|p2a: Great Tusk|Headlong Rush|p1a: Kingambit
|-immune|p1a: Kingambit
|move|p1a: Kingambit|Iron Head|p2a: Great Tusk
|-damage|p2a: Great Tusk|15/100
|
|upkeep
|turn|15
|
|t:|1757946803
|move|p1a: Kingambit|Sucker Punch||[still]
|-fail|p1a: Kingambit
|move|p2a: Great Tusk|Stealth Rock|p1a: Kingambit
|-sidestart|p1: LVL62Monoco|move: Stealth Rock
|
|upkeep
|turn|16
|
|t:|1757946810
|move|p2a: Great Tusk|Knock Off|p1a: Kingambit
|-damage|p1a: Kingambit|81/100
|-enditem|p1a: Kingambit|Black Glasses|[from] move: Knock Off|[of] p2a: Great Tusk
|move|p1a: Kingambit|Kowtow Cleave|p2a: Great Tusk
|-resisted|p2a: Great Tusk
|-damage|p2a: Great Tusk|0 fnt
|faint|p2a: Great Tusk
|-end|p2a: Great Tusk|Protosynthesis|[silent]
|
|upkeep
|
|t:|1757946815
|switch|p2a: Pecharunt|Pecharunt|100/100
|turn|17
|
|t:|1757946824
|-terastallize|p2a: Pecharunt|Dark
|move|p2a: Pecharunt|Foul Play|p1a: Kingambit
|-damage|p1a: Kingambit|0 fnt
|faint|p1a: Kingambit
|
|upkeep
|
|t:|1757946829
|switch|p1a: Great Tusk|Great Tusk|100/100
|turn|18
|
|t:|1757946836
|switch|p2a: Moltres|Moltres|88/100
|move|p1a: Great Tusk|Rapid Spin|p2a: Moltres
|-damage|p2a: Moltres|70/100
|-boost|p1a: Great Tusk|spe|1
|-sideend|p1: LVL62Monoco|Stealth Rock|[from] move: Rapid Spin|[of] p1a: Great Tusk
|-sideend|p1: LVL62Monoco|Sticky Web|[from] move: Rapid Spin|[of] p1a: Great Tusk
|
|upkeep
|turn|19
|
|t:|1757946846
|move|p1a: Great Tusk|Headlong Rush|p2a: Moltres
|-immune|p2a: Moltres
|move|p2a: Moltres|Flamethrower|p1a: Great Tusk
|-damage|p1a: Great Tusk|50/100
|
|upkeep
|turn|20
|-message|LVL62Monoco forfeited.
|
|win|jahleel
|raw|LVL62Monoco's rating: 1489 &rarr; <strong>1475</strong><br />(-14 for losing)
|raw|jahleel's rating: 1597 &rarr; <strong>1611</strong><br />(+14 for winning)
|l|☆LVL62Monoco
|player|p1|
