|j|☆Don Birria
|j|☆Nickthenickthenick
|t:|1757931056
|gametype|singles
|player|p1|Don Birria|101|1308
|player|p2|Nickthenickthenick|169|1349
|gen|9
|tier|[Gen 9] OU
|rated|
|rule|HP Percentage Mod: HP is shown in percentages
|rule|Endless Battle Clause: Forcing endless battles is banned
|rule|Species Clause: Limit one of each Pokémon
|rule|OHKO Clause: OHKO moves are banned
|rule|Evasion Items Clause: Evasion items are banned
|rule|Evasion Moves Clause: Evasion moves are banned
|rule|Evasion Abilities Clause: Evasion abilities are banned
|rule|Sleep Moves Clause: Sleep-inducing moves are banned
|clearpoke
|poke|p1|Meowscarada, M|
|poke|p1|Vaporeon, M|
|poke|p1|Muk-Alola, M|
|poke|p1|Cinderace, M|
|poke|p1|Hydrapple, F|
|poke|p1|Grimmsnarl, M|
|poke|p2|Moltres|
|poke|p2|Corviknight, M|
|poke|p2|Pecharunt|
|poke|p2|Chansey, F|
|poke|p2|Ting-Lu|
|poke|p2|Tentacruel, M|
|teampreview
|inactive|Battle timer is ON: inactive players will automatically lose when time's up. (requested by Don Birria)
|
|t:|1757931087
|teamsize|p1|6
|teamsize|p2|6
|start
|switch|p1a: Luceroi|Muk-Alola, M|100/100
|switch|p2a: Tentacruel|Tentacruel, M|100/100
|turn|1
|
|t:|1757931094
|move|p2a: Tentacruel|Toxic Spikes|p1a: Luceroi
|-sidestart|p1: Don Birria|move: Toxic Spikes
|move|p1a: Luceroi|Knock Off|p2a: Tentacruel
|-damage|p2a: Tentacruel|43/100
|-enditem|p2a: Tentacruel|Leftovers|[from] move: Knock Off|[of] p1a: Luceroi
|
|upkeep
|turn|2
|
|t:|1757931102
|switch|p2a: Ting-Lu|Ting-Lu|100/100
|-ability|p2a: Ting-Lu|Vessel of Ruin
|move|p1a: Luceroi|Knock Off|p2a: Ting-Lu
|-resisted|p2a: Ting-Lu
|-damage|p2a: Ting-Lu|87/100
|-status|p2a: Ting-Lu|psn|[from] ability: Poison Touch|[of] p1a: Luceroi
|-enditem|p2a: Ting-Lu|Leftovers|[from] move: Knock Off|[of] p1a: Luceroi
|
|-damage|p2a: Ting-Lu|74/100 psn|[from] psn
|upkeep
|turn|3
|
|t:|1757931114
|move|p1a: Luceroi|Drain Punch|p2a: Ting-Lu
|-supereffective|p2a: Ting-Lu
|-damage|p2a: Ting-Lu|49/100 psn
|move|p2a: Ting-Lu|Spikes|p1a: Luceroi
|-sidestart|p1: Don Birria|Spikes
|
|-damage|p2a: Ting-Lu|36/100 psn|[from] psn
|upkeep
|turn|4
|
|t:|1757931121
|move|p1a: Luceroi|Drain Punch|p2a: Ting-Lu
|-supereffective|p2a: Ting-Lu
|-damage|p2a: Ting-Lu|8/100 psn
|move|p2a: Ting-Lu|Earthquake|p1a: Luceroi
|-supereffective|p1a: Luceroi
|-damage|p1a: Luceroi|18/100
|
|-heal|p1a: Luceroi|24/100|[from] item: Black Sludge
|-damage|p2a: Ting-Lu|0 fnt|[from] psn
|faint|p2a: Ting-Lu
|upkeep
|
|t:|1757931137
|switch|p2a: Pecharunt|Pecharunt|100/100
|turn|5
|
|t:|1757931154
|move|p2a: Pecharunt|Hex|p1a: Luceroi
|-resisted|p1a: Luceroi
|-damage|p1a: Luceroi|11/100
|move|p1a: Luceroi|Knock Off|p2a: Pecharunt
|-supereffective|p2a: Pecharunt
|-damage|p2a: Pecharunt|48/100
|-enditem|p2a: Pecharunt|Leftovers|[from] move: Knock Off|[of] p1a: Luceroi
|
|-heal|p1a: Luceroi|17/100|[from] item: Black Sludge
|upkeep
|turn|6
|
|t:|1757931163
|move|p2a: Pecharunt|Parting Shot|p1a: Luceroi
|-unboost|p1a: Luceroi|atk|1
|-unboost|p1a: Luceroi|spa|1
|
|t:|1757931166
|switch|p2a: Moltres|Moltres|100/100|[from] Parting Shot
|-ability|p2a: Moltres|Pressure
|move|p1a: Luceroi|Knock Off|p2a: Moltres
|-damage|p2a: Moltres|78/100
|-enditem|p2a: Moltres|Leftovers|[from] move: Knock Off|[of] p1a: Luceroi
|
|-heal|p1a: Luceroi|23/100|[from] item: Black Sludge
|upkeep
|turn|7
|
|t:|1757931176
|move|p1a: Luceroi|Shadow Sneak|p2a: Moltres
|-damage|p2a: Moltres|71/100
|move|p2a: Moltres|Flamethrower|p1a: Luceroi
|-damage|p1a: Luceroi|0 fnt
|faint|p1a: Luceroi
|
|upkeep
|
|t:|1757931184
|switch|p1a: Migg|Cinderace, M|100/100
|turn|8
|
|t:|1757931194
|move|p1a: Migg|Pyro Ball|p2a: Moltres|[miss]
|-miss|p1a: Migg|p2a: Moltres
|move|p2a: Moltres|Flamethrower|p1a: Migg
|-resisted|p1a: Migg
|-damage|p1a: Migg|71/100
|
|upkeep
|turn|9
|
|t:|1757931200
|move|p1a: Migg|Pyro Ball|p2a: Moltres
|-resisted|p2a: Moltres
|-damage|p2a: Moltres|49/100
|move|p2a: Moltres|Flamethrower|p1a: Migg
|-resisted|p1a: Migg
|-damage|p1a: Migg|44/100
|
|upkeep
|turn|10
|
|t:|1757931207
|move|p1a: Migg|Court Change|p1a: Migg
|-start|p1a: Migg|typechange|Normal|[from] ability: Libero
|-swapsideconditions
|-activate|p1a: Migg|move: Court Change
|move|p2a: Moltres|Roost|p2a: Moltres
|-heal|p2a: Moltres|99/100
|-singleturn|p2a: Moltres|move: Roost
|
|upkeep
|turn|11
|
|t:|1757931215
|switch|p1a: Greegno|Grimmsnarl, M|100/100
|move|p2a: Moltres|Flamethrower|p1a: Greegno
|-damage|p1a: Greegno|75/100
|
|upkeep
|turn|12
|
|t:|1757931221
|switch|p2a: Tentacruel|Tentacruel, M|43/100
|-sideend|p2: Nickthenickthenick|move: Toxic Spikes|[of] p2a: Tentacruel
|-damage|p2a: Tentacruel|31/100|[from] Spikes
|move|p1a: Greegno|Spirit Break|p2a: Tentacruel
|-resisted|p2a: Tentacruel
|-damage|p2a: Tentacruel|13/100
|-unboost|p2a: Tentacruel|spa|1
|
|upkeep
|turn|13
|
|t:|1757931231
|move|p2a: Tentacruel|Toxic Spikes|p1a: Greegno
|-sidestart|p1: Don Birria|move: Toxic Spikes
|move|p1a: Greegno|Spirit Break|p2a: Tentacruel
|-resisted|p2a: Tentacruel
|-damage|p2a: Tentacruel|0 fnt
|faint|p2a: Tentacruel
|
|upkeep
|
|t:|1757931237
|switch|p2a: Chansey|Chansey, F|100/100
|-damage|p2a: Chansey|88/100|[from] Spikes
|turn|14
|
|t:|1757931247
|move|p1a: Greegno|Parting Shot|p2a: Chansey
|-unboost|p2a: Chansey|atk|1
|-unboost|p2a: Chansey|spa|1
|
|t:|1757931250
|switch|p1a: Sidra|Hydrapple, F, shiny|100/100|[from] Parting Shot
|-status|p1a: Sidra|psn
|move|p2a: Chansey|Stealth Rock|p1a: Sidra
|-sidestart|p1: Don Birria|move: Stealth Rock
|
|-damage|p1a: Sidra|88/100 psn|[from] psn
|upkeep
|turn|15
|
|t:|1757931263
|move|p2a: Chansey|Seismic Toss|p1a: Sidra
|-damage|p1a: Sidra|60/100 psn
|move|p1a: Sidra|Body Press|p2a: Chansey
|-supereffective|p2a: Chansey
|-damage|p2a: Chansey|53/100
|
|-heal|p1a: Sidra|66/100 psn|[from] item: Leftovers
|-damage|p1a: Sidra|54/100 psn|[from] psn
|upkeep
|turn|16
|
|t:|1757931274
|move|p2a: Chansey|Soft-Boiled|p2a: Chansey
|-heal|p2a: Chansey|100/100
|move|p1a: Sidra|Fickle Beam|p2a: Chansey
|-damage|p2a: Chansey|89/100
|
|-heal|p1a: Sidra|60/100 psn|[from] item: Leftovers
|-damage|p1a: Sidra|47/100 psn|[from] psn
|upkeep
|turn|17
|
|t:|1757931282
|move|p2a: Chansey|Seismic Toss|p1a: Sidra
|-damage|p1a: Sidra|19/100 psn
|move|p1a: Sidra|Body Press|p2a: Chansey
|-supereffective|p2a: Chansey
|-damage|p2a: Chansey|50/100
|
|-heal|p1a: Sidra|25/100 psn|[from] item: Leftovers
|-damage|p1a: Sidra|13/100 psn|[from] psn
|upkeep
|turn|18
|
|t:|1757931292
|switch|p1a: Migg|Cinderace, M|44/100
|move|p2a: Chansey|Soft-Boiled|p2a: Chansey
|-heal|p2a: Chansey|99/100
|
|upkeep
|turn|19
|
|t:|1757931297
|move|p1a: Migg|Court Change|p1a: Migg
|-start|p1a: Migg|typechange|Normal|[from] ability: Libero
|-swapsideconditions
|-activate|p1a: Migg|move: Court Change
|move|p2a: Chansey|Thunder Wave|p1a: Migg
|-status|p1a: Migg|par
|
|upkeep
|turn|20
|
|t:|1757931305
|cant|p1a: Migg|par
|move|p2a: Chansey|Seismic Toss|p1a: Migg
|-damage|p1a: Migg|11/100 par
|
|upkeep
|turn|21
|
|t:|1757931311
|move|p1a: Migg|Pyro Ball|p2a: Chansey
|-damage|p2a: Chansey|74/100
|move|p2a: Chansey|Seismic Toss|p1a: Migg
|-damage|p1a: Migg|0 fnt
|faint|p1a: Migg
|
|upkeep
|
|t:|1757931336
|switch|p1a: Vaporwave|Vaporeon, M, shiny|100/100
|-damage|p1a: Vaporwave|88/100|[from] Spikes
|turn|22
|
|t:|1757931344
|move|p1a: Vaporwave|Calm Mind|p1a: Vaporwave
|-boost|p1a: Vaporwave|spa|1
|-boost|p1a: Vaporwave|spd|1
|move|p2a: Chansey|Thunder Wave|p1a: Vaporwave
|-status|p1a: Vaporwave|par
|
|-heal|p1a: Vaporwave|94/100 par|[from] item: Leftovers
|upkeep
|turn|23
|
|t:|1757931352
|move|p2a: Chansey|Stealth Rock|p1a: Vaporwave
|-sidestart|p1: Don Birria|move: Stealth Rock
|cant|p1a: Vaporwave|par
|
|-heal|p1a: Vaporwave|100/100 par|[from] item: Leftovers
|upkeep
|turn|24
|
|t:|1757931358
|switch|p2a: Pecharunt|Pecharunt|48/100
|-sideend|p2: Nickthenickthenick|move: Toxic Spikes|[of] p2a: Pecharunt
|-damage|p2a: Pecharunt|35/100|[from] Stealth Rock
|cant|p1a: Vaporwave|par
|
|upkeep
|turn|25
|
|t:|1757931364
|-terastallize|p1a: Vaporwave|Steel
|move|p2a: Pecharunt|Hex|p1a: Vaporwave
|-damage|p1a: Vaporwave|72/100 par
|move|p1a: Vaporwave|Calm Mind|p1a: Vaporwave
|-boost|p1a: Vaporwave|spa|1
|-boost|p1a: Vaporwave|spd|1
|
|-heal|p1a: Vaporwave|78/100 par|[from] item: Leftovers
|upkeep
|turn|26
|
|t:|1757931373
|move|p2a: Pecharunt|Parting Shot|p1a: Vaporwave
|-unboost|p1a: Vaporwave|atk|1
|-unboost|p1a: Vaporwave|spa|1
|
|t:|1757931377
|switch|p2a: Moltres|Moltres|99/100|[from] Parting Shot
|-damage|p2a: Moltres|49/100|[from] Stealth Rock
|-ability|p2a: Moltres|Pressure
|move|p1a: Vaporwave|Aqua Ring|p1a: Vaporwave
|-start|p1a: Vaporwave|Aqua Ring
|
|-heal|p1a: Vaporwave|84/100 par|[from] item: Leftovers
|-heal|p1a: Vaporwave|91/100 par|[from] Aqua Ring
|upkeep
|turn|27
|
|t:|1757931389
|move|p1a: Vaporwave|Scald|p2a: Moltres
|-supereffective|p2a: Moltres
|-damage|p2a: Moltres|0 fnt
|faint|p2a: Moltres
|
|-heal|p1a: Vaporwave|97/100 par|[from] item: Leftovers
|-heal|p1a: Vaporwave|100/100 par|[from] Aqua Ring
|upkeep
|
|t:|1757931396
|switch|p2a: Chansey|Chansey, F|74/100
|-damage|p2a: Chansey|62/100|[from] Stealth Rock
|turn|28
|
|t:|1757931400
|move|p2a: Chansey|Seismic Toss|p1a: Vaporwave
|-damage|p1a: Vaporwave|79/100 par
|move|p1a: Vaporwave|Calm Mind|p1a: Vaporwave
|-boost|p1a: Vaporwave|spa|1
|-boost|p1a: Vaporwave|spd|1
|
|-heal|p1a: Vaporwave|85/100 par|[from] item: Leftovers
|-heal|p1a: Vaporwave|91/100 par|[from] Aqua Ring
|upkeep
|turn|29
|
|t:|1757931408
|move|p2a: Chansey|Seismic Toss|p1a: Vaporwave
|-damage|p1a: Vaporwave|70/100 par
|cant|p1a: Vaporwave|par
|
|-heal|p1a: Vaporwave|76/100 par|[from] item: Leftovers
|-heal|p1a: Vaporwave|82/100 par|[from] Aqua Ring
|upkeep
|turn|30
|
|t:|1757931416
|move|p2a: Chansey|Seismic Toss|p1a: Vaporwave
|-damage|p1a: Vaporwave|61/100 par
|cant|p1a: Vaporwave|par
|
|-heal|p1a: Vaporwave|67/100 par|[from] item: Leftovers
|-heal|p1a: Vaporwave|73/100 par|[from] Aqua Ring
|upkeep
|turn|31
|
|t:|1757931423
|move|p2a: Chansey|Seismic Toss|p1a: Vaporwave
|-damage|p1a: Vaporwave|52/100 par
|move|p1a: Vaporwave|Scald|p2a: Chansey
|-damage|p2a: Chansey|44/100
|-status|p2a: Chansey|brn
|
|-heal|p1a: Vaporwave|58/100 par|[from] item: Leftovers
|-heal|p1a: Vaporwave|64/100 par|[from] Aqua Ring
|-damage|p2a: Chansey|38/100 brn|[from] brn
|upkeep
|turn|32
|
|t:|1757931434
|move|p2a: Chansey|Seismic Toss|p1a: Vaporwave
|-damage|p1a: Vaporwave|43/100 par
|move|p1a: Vaporwave|Calm Mind|p1a: Vaporwave
|-boost|p1a: Vaporwave|spa|1
|-boost|p1a: Vaporwave|spd|1
|
|-heal|p1a: Vaporwave|49/100 par|[from] item: Leftovers
|-heal|p1a: Vaporwave|55/100 par|[from] Aqua Ring
|-damage|p2a: Chansey|32/100 brn|[from] brn
|upkeep
|turn|33
|
|t:|1757931444
|move|p2a: Chansey|Soft-Boiled|p2a: Chansey
|-heal|p2a: Chansey|82/100 brn
|move|p1a: Vaporwave|Scald|p2a: Chansey
|-damage|p2a: Chansey|62/100 brn
|
|-heal|p1a: Vaporwave|61/100 par|[from] item: Leftovers
|-heal|p1a: Vaporwave|68/100 par|[from] Aqua Ring
|-damage|p2a: Chansey|56/100 brn|[from] brn
|upkeep
|turn|34
|
|t:|1757931453
|move|p2a: Chansey|Seismic Toss|p1a: Vaporwave
|-damage|p1a: Vaporwave|46/100 par
|move|p1a: Vaporwave|Calm Mind|p1a: Vaporwave
|-boost|p1a: Vaporwave|spa|1
|-boost|p1a: Vaporwave|spd|1
|
|-heal|p1a: Vaporwave|52/100 par|[from] item: Leftovers
|-heal|p1a: Vaporwave|59/100 par|[from] Aqua Ring
|-damage|p2a: Chansey|50/100 brn|[from] brn
|upkeep
|turn|35
|l|☆Nickthenickthenick
|inactive|Nickthenickthenick disconnected and has a minute to reconnect!
|player|p2|
|j|☆Nickthenickthenick
|inactive|Nickthenickthenick reconnected and has 135 seconds left.
|player|p2|Nickthenickthenick|169|
|inactive|Nickthenickthenick has 120 seconds left.
|-message|Nickthenickthenick forfeited.
|
|win|Don Birria
|raw|Don Birria's rating: 1308 &rarr; <strong>1330</strong><br />(+22 for winning)
|raw|Nickthenickthenick's rating: 1349 &rarr; <strong>1327</strong><br />(-22 for losing)
|l|☆Nickthenickthenick
|player|p2|
|l|☆Don Birria
|player|p1|
