|j|☆preppy dude
|j|☆Aysandrers
|t:|1757832305
|gametype|singles
|player|p1|preppy dude|102|1123
|player|p2|Aysandrers|blaine|1133
|gen|9
|tier|[Gen 9] OU
|rated|
|rule|HP Percentage Mod: HP is shown in percentages
|rule|Endless Battle Clause: Forcing endless battles is banned
|rule|Species Clause: Limit one of each Pokémon
|rule|OHKO Clause: OHKO moves are banned
|rule|Evasion Items Clause: Evasion items are banned
|rule|Evasion Moves Clause: Evasion moves are banned
|rule|Evasion Abilities Clause: Evasion abilities are banned
|rule|Sleep Moves Clause: Sleep-inducing moves are banned
|clearpoke
|poke|p1|Zapdos|
|poke|p1|Golem, M|
|poke|p1|Arbok, F|
|poke|p1|Rhydon, M|
|poke|p1|Magneton|
|poke|p1|Dodrio, M|
|poke|p2|Indeedee, M|
|poke|p2|Hatterene, F|
|poke|p2|Ursaluna, F|
|poke|p2|Iron Hands|
|poke|p2|Hoopa-Unbound|
|poke|p2|Mimikyu, M|
|teampreview
|inactive|Battle timer is ON: inactive players will automatically lose when time's up. (requested by Aysandrers)
|
|t:|1757832323
|teamsize|p1|6
|teamsize|p2|6
|start
|switch|p1a: Golem|Golem, M|100/100
|switch|p2a: Indeedee|Indeedee, M|100/100
|-fieldstart|move: Psychic Terrain|[from] ability: Psychic Surge|[of] p2a: Indeedee
|turn|1
|
|t:|1757832333
|switch|p2a: Hatterene|Hatterene, F, shiny|100/100
|move|p1a: Golem|Stealth Rock|p2a: Hatterene
|move|p2a: Hatterene|Stealth Rock|p1a: Golem|[from] ability: Magic Bounce
|-sidestart|p1: preppy dude|move: Stealth Rock
|
|upkeep
|turn|2
|
|t:|1757832341
|move|p1a: Golem|Rock Blast|p2a: Hatterene
|-damage|p2a: Hatterene|84/100
|-damage|p2a: Hatterene|69/100
|-damage|p2a: Hatterene|53/100
|-hitcount|p2a: Hatterene|3
|move|p2a: Hatterene|Trick Room|p2a: Hatterene
|-fieldstart|move: Trick Room|[of] p2a: Hatterene
|
|upkeep
|turn|3
|
|t:|1757832349
|move|p2a: Hatterene|Expanding Force|p1a: Golem
|-ability|p1a: Golem|Sturdy
|-damage|p1a: Golem|1/100
|-damage|p2a: Hatterene|43/100|[from] item: Life Orb
|move|p1a: Golem|Rock Blast|p2a: Hatterene
|-damage|p2a: Hatterene|28/100
|-damage|p2a: Hatterene|14/100
|-damage|p2a: Hatterene|0 fnt
|faint|p2a: Hatterene
|-hitcount|p2: Hatterene|3
|
|upkeep
|
|t:|1757832354
|switch|p2a: Him|Hoopa-Unbound|100/100
|-enditem|p2a: Him|Psychic Seed
|-boost|p2a: Him|spd|1|[from] item: Psychic Seed
|turn|4
|-enditem|p1a: Golem|Custap Berry|[eat]
|-activate|p1a: Golem|item: Custap Berry|[consumed]
|
|t:|1757832367
|move|p1a: Golem|Explosion|p2a: Him
|-damage|p2a: Him|4/100
|faint|p1a: Golem
|move|p2a: Him|Expanding Force|p1: Golem|[notarget]
|-fail|p2a: Him
|
|upkeep
|
|t:|1757832384
|switch|p1a: Zapdos|Zapdos|100/100
|-damage|p1a: Zapdos|75/100|[from] Stealth Rock
|turn|5
|
|t:|1757832389
|move|p1a: Zapdos|Protect|p1a: Zapdos
|-singleturn|p1a: Zapdos|Protect
|move|p2a: Him|Expanding Force|p1a: Zapdos
|-activate|p1a: Zapdos|move: Protect
|
|-heal|p1a: Zapdos|82/100|[from] item: Leftovers
|upkeep
|turn|6
|
|t:|1757832399
|move|p2a: Him|Expanding Force|p1a: Zapdos
|-damage|p1a: Zapdos|0 fnt
|faint|p1a: Zapdos
|-item|p2a: Him|Leftovers|[from] ability: Magician|[of] p1: Zapdos
|
|-heal|p2a: Him|10/100|[from] item: Leftovers
|-fieldend|move: Trick Room
|upkeep
|
|t:|1757832410
|switch|p1a: Dodrio|Dodrio, M|100/100
|-damage|p1a: Dodrio|76/100|[from] Stealth Rock
|turn|7
|
|t:|1757832417
|move|p1a: Dodrio|Brave Bird|p2a: Him
|-damage|p2a: Him|0 fnt
|faint|p2a: Him
|-damage|p1a: Dodrio|71/100|[from] Recoil
|
|upkeep
|
|t:|1757832425
|switch|p2a: Mimikyu|Mimikyu, M, shiny|100/100
|turn|8
|
|t:|1757832429
|switch|p1a: Arbok|Arbok, F|100/100
|-damage|p1a: Arbok|88/100|[from] Stealth Rock
|-ability|p1a: Arbok|Intimidate|boost
|-unboost|p2a: Mimikyu|atk|1
|move|p2a: Mimikyu|Trick Room|p2a: Mimikyu
|-fieldstart|move: Trick Room|[of] p2a: Mimikyu
|
|-fieldend|move: Psychic Terrain
|upkeep
|turn|9
|
|t:|1757832438
|switch|p2a: Big Randy|Ursaluna, F, shiny|100/100
|move|p1a: Arbok|Switcheroo|p2a: Big Randy
|-activate|p1a: Arbok|move: Trick|[of] p2a: Big Randy
|-item|p2a: Big Randy|Choice Scarf|[from] move: Switcheroo
|-item|p1a: Arbok|Flame Orb|[from] move: Switcheroo
|
|-status|p1a: Arbok|brn|[from] item: Flame Orb
|upkeep
|turn|10
|inactive|Aysandrers has 120 seconds left.
|inactive|Aysandrers has 90 seconds left.
|
|t:|1757832505
|move|p1a: Arbok|Protect|p1a: Arbok
|-singleturn|p1a: Arbok|Protect
|move|p2a: Big Randy|Facade|p1a: Arbok
|-activate|p1a: Arbok|move: Protect
|
|-damage|p1a: Arbok|82/100 brn|[from] brn
|upkeep
|turn|11
|
|t:|1757832515
|switch|p1a: Rhydon|Rhydon, M|100/100
|-damage|p1a: Rhydon|94/100|[from] Stealth Rock
|move|p2a: Big Randy|Facade|p1a: Rhydon
|-resisted|p1a: Rhydon
|-damage|p1a: Rhydon|85/100
|
|upkeep
|turn|12
|
|t:|1757832523
|switch|p2a: Indeedee|Indeedee, M|100/100
|-fieldstart|move: Psychic Terrain|[from] ability: Psychic Surge|[of] p2a: Indeedee
|move|p1a: Rhydon|Earthquake|p2a: Indeedee
|-damage|p2a: Indeedee|40/100
|
|-fieldend|move: Trick Room
|upkeep
|turn|13
|
|t:|1757832531
|move|p1a: Rhydon|Earthquake|p2a: Indeedee
|-damage|p2a: Indeedee|0 fnt
|faint|p2a: Indeedee
|
|upkeep
|
|t:|1757832535
|switch|p2a: Mimikyu|Mimikyu, M, shiny|100/100
|turn|14
|
|t:|1757832539
|move|p1a: Rhydon|Earthquake|p2a: Mimikyu
|-activate|p2a: Mimikyu|ability: Disguise
|-damage|p2a: Mimikyu|100/100
|detailschange|p2a: Mimikyu|Mimikyu-Busted, M, shiny
|-damage|p2a: Mimikyu|88/100|[from] pokemon: Mimikyu-Busted
|-enditem|p2a: Mimikyu|Red Card|[of] p1a: Rhydon
|drag|p1a: Magneton|Magneton|100/100
|-damage|p1a: Magneton|94/100|[from] Stealth Rock
|move|p2a: Mimikyu|Trick Room|p2a: Mimikyu
|-fieldstart|move: Trick Room|[of] p2a: Mimikyu
|
|upkeep
|turn|15
|
|t:|1757832550
|switch|p2a: Tyke Mison|Iron Hands|100/100
|-enditem|p2a: Tyke Mison|Booster Energy
|-activate|p2a: Tyke Mison|ability: Quark Drive|[fromitem]
|-start|p2a: Tyke Mison|quarkdriveatk
|move|p1a: Magneton|Flash Cannon|p2a: Tyke Mison
|-resisted|p2a: Tyke Mison
|-damage|p2a: Tyke Mison|86/100
|
|upkeep
|turn|16
|
|t:|1757832559
|switch|p1a: Arbok|Arbok, F|82/100 brn
|-damage|p1a: Arbok|70/100 brn|[from] Stealth Rock
|-ability|p1a: Arbok|Intimidate|boost
|-unboost|p2a: Tyke Mison|atk|1
|move|p2a: Tyke Mison|Close Combat|p1a: Arbok
|-resisted|p1a: Arbok
|-damage|p1a: Arbok|21/100 brn
|-unboost|p2a: Tyke Mison|def|1
|-unboost|p2a: Tyke Mison|spd|1
|
|-damage|p1a: Arbok|15/100 brn|[from] brn
|upkeep
|turn|17
|inactive|Aysandrers has 120 seconds left.
|
|t:|1757832589
|move|p1a: Arbok|Protect|p1a: Arbok
|-singleturn|p1a: Arbok|Protect
|move|p2a: Tyke Mison|Heavy Slam|p1a: Arbok
|-activate|p1a: Arbok|move: Protect
|
|-damage|p1a: Arbok|9/100 brn|[from] brn
|upkeep
|turn|18
|
|t:|1757832602
|move|p1a: Arbok|Protect||[still]
|-fail|p1a: Arbok
|move|p2a: Tyke Mison|Close Combat|p1a: Arbok
|-resisted|p1a: Arbok
|-damage|p1a: Arbok|0 fnt
|-unboost|p2a: Tyke Mison|def|1
|-unboost|p2a: Tyke Mison|spd|1
|faint|p1a: Arbok
|
|-fieldend|move: Trick Room
|upkeep
|
|t:|1757832620
|switch|p1a: Dodrio|Dodrio, M|71/100
|-damage|p1a: Dodrio|46/100|[from] Stealth Rock
|turn|19
|inactive|Aysandrers has 120 seconds left.
|
|t:|1757832662
|-end|p2a: Tyke Mison|Quark Drive|[silent]
|switch|p2a: Big Randy|Ursaluna, F, shiny|100/100
|move|p1a: Dodrio|Brave Bird|p2a: Big Randy
|-damage|p2a: Big Randy|59/100
|-damage|p1a: Dodrio|22/100|[from] Recoil
|
|-fieldend|move: Psychic Terrain
|upkeep
|turn|20
|
|t:|1757832679
|move|p1a: Dodrio|Brave Bird|p2a: Big Randy
|-damage|p2a: Big Randy|15/100
|-damage|p1a: Dodrio|0 fnt|[from] Recoil
|faint|p1a: Dodrio
|move|p2a: Big Randy|Ice Punch|p1: Dodrio|[notarget]
|-fail|p2a: Big Randy
|
|upkeep
|
|t:|1757832690
|switch|p1a: Magneton|Magneton|94/100
|-damage|p1a: Magneton|88/100|[from] Stealth Rock
|turn|21
|
|t:|1757832707
|move|p1a: Magneton|Flash Cannon|p2a: Big Randy
|-damage|p2a: Big Randy|0 fnt
|faint|p2a: Big Randy
|
|upkeep
|
|t:|1757832708
|switch|p2a: Mimikyu|Mimikyu-Busted, M, shiny|88/100
|turn|22
|
|t:|1757832713
|move|p1a: Magneton|Flash Cannon|p2a: Mimikyu
|-supereffective|p2a: Mimikyu
|-damage|p2a: Mimikyu|6/100
|move|p2a: Mimikyu|Trick Room|p2a: Mimikyu
|-fieldstart|move: Trick Room|[of] p2a: Mimikyu
|
|upkeep
|turn|23
|inactive|Aysandrers has 120 seconds left.
|
|t:|1757832729
|move|p2a: Mimikyu|Curse|p1a: Magneton
|-start|p1a: Magneton|Curse|[of] p2a: Mimikyu
|-damage|p2a: Mimikyu|0 fnt
|faint|p2a: Mimikyu
|move|p1a: Magneton|Flash Cannon|p2: Mimikyu|[notarget]
|-fail|p1a: Magneton
|
|-damage|p1a: Magneton|63/100|[from] Curse
|upkeep
|
|t:|1757832731
|switch|p2a: Tyke Mison|Iron Hands|86/100
|turn|24
|
|t:|1757832740
|move|p2a: Tyke Mison|Close Combat|p1a: Magneton
|-supereffective|p1a: Magneton
|-damage|p1a: Magneton|0 fnt
|-unboost|p2a: Tyke Mison|def|1
|-unboost|p2a: Tyke Mison|spd|1
|faint|p1a: Magneton
|
|upkeep
|
|t:|1757832747
|switch|p1a: Rhydon|Rhydon, M|85/100
|-damage|p1a: Rhydon|79/100|[from] Stealth Rock
|turn|25
|
|t:|1757832753
|-terastallize|p1a: Rhydon|Ghost
|-terastallize|p2a: Tyke Mison|Flying
|move|p1a: Rhydon|Earthquake|p2a: Tyke Mison
|-immune|p2a: Tyke Mison
|move|p2a: Tyke Mison|Close Combat|p1a: Rhydon
|-immune|p1a: Rhydon
|
|upkeep
|turn|26
|
|t:|1757832764
|move|p2a: Tyke Mison|Supercell Slam|p1a: Rhydon
|-ability|p1a: Rhydon|Lightning Rod|boost
|-boost|p1a: Rhydon|spa|1
|-damage|p2a: Tyke Mison|36/100|[from] supercellslam
|move|p1a: Rhydon|Avalanche|p2a: Tyke Mison
|-supereffective|p2a: Tyke Mison
|-damage|p2a: Tyke Mison|0 fnt
|faint|p2a: Tyke Mison
|-end|p2a: Tyke Mison|Quark Drive|[silent]
|
|win|preppy dude
|raw|preppy dude's rating: 1123 &rarr; <strong>1149</strong><br />(+26 for winning)
|raw|Aysandrers's rating: 1133 &rarr; <strong>1107</strong><br />(-26 for losing)
|l|☆Aysandrers
|player|p2|
|c|☆preppy dude|Hh
|l|☆preppy dude
|player|p1|
