|j|☆ProfSheen
|j|☆Gulptubus
|t:|1757915637
|gametype|singles
|player|p1|ProfSheen|169|1540
|player|p2|Gulptubus|pokemonranger-gen4|1500
|gen|9
|tier|[Gen 9] OU
|rated|
|rule|HP Percentage Mod: HP is shown in percentages
|rule|Endless Battle Clause: Forcing endless battles is banned
|rule|Species Clause: Limit one of each Pokémon
|rule|OHKO Clause: OHKO moves are banned
|rule|Evasion Items Clause: Evasion items are banned
|rule|Evasion Moves Clause: Evasion moves are banned
|rule|Evasion Abilities Clause: Evasion abilities are banned
|rule|Sleep Moves Clause: Sleep-inducing moves are banned
|clearpoke
|poke|p1|Ursaluna, M|
|poke|p1|Cresselia, F|
|poke|p1|Grimmsnarl, M|
|poke|p1|Zamazenta-*|
|poke|p1|Sinistcha-Masterpiece|
|poke|p1|Tentacruel, F|
|poke|p2|Comfey, M|
|poke|p2|Whimsicott, F|
|poke|p2|Iron Moth|
|poke|p2|Walking Wake|
|poke|p2|Great Tusk|
|poke|p2|Ninetales, M|
|teampreview
|
|t:|1757915648
|teamsize|p1|6
|teamsize|p2|6
|start
|switch|p1a: Grimmsnarl|Grimmsnarl, M, shiny|100/100
|switch|p2a: Ninetales|Ninetales, M|100/100
|-weather|SunnyDay|[from] ability: Drought|[of] p2a: Ninetales
|turn|1
|j| thraxxedout!
|
|t:|1757915656
|switch|p2a: Whimsicott|Whimsicott, F|100/100
|move|p1a: Grimmsnarl|Parting Shot|p2a: Whimsicott
|-unboost|p2a: Whimsicott|atk|1
|-unboost|p2a: Whimsicott|spa|1
|
|t:|1757915669
|switch|p1a: Ursaluna|Ursaluna, M, shiny|100/100|[from] Parting Shot
|
|-weather|SunnyDay|[upkeep]
|-status|p1a: Ursaluna|brn|[from] item: Flame Orb
|upkeep
|turn|2
|
|t:|1757915676
|move|p2a: Whimsicott|Growth|p2a: Whimsicott
|-boost|p2a: Whimsicott|atk|2
|-boost|p2a: Whimsicott|spa|2
|move|p1a: Ursaluna|Avalanche|p2a: Whimsicott
|-supereffective|p2a: Whimsicott
|-damage|p2a: Whimsicott|3/100
|
|-weather|SunnyDay|[upkeep]
|-damage|p1a: Ursaluna|94/100 brn|[from] brn
|upkeep
|turn|3
|
|t:|1757915684
|switch|p1a: Tentacruel|Tentacruel, F|100/100
|move|p2a: Whimsicott|Giga Drain|p1a: Tentacruel
|-damage|p1a: Tentacruel|70/100
|-damage|p2a: Whimsicott|0 fnt|[from] ability: Liquid Ooze|[of] p1a: Tentacruel
|faint|p2a: Whimsicott
|
|-weather|SunnyDay|[upkeep]
|upkeep
|
|t:|1757915702
|switch|p2a: Iron Moth|Iron Moth|100/100
|-enditem|p2a: Iron Moth|Booster Energy
|-activate|p2a: Iron Moth|ability: Quark Drive|[fromitem]
|-start|p2a: Iron Moth|quarkdrivespa
|turn|4
|
|t:|1757915709
|move|p2a: Iron Moth|Fiery Dance|p1a: Tentacruel
|-resisted|p1a: Tentacruel
|-damage|p1a: Tentacruel|46/100
|-boost|p2a: Iron Moth|spa|1
|move|p1a: Tentacruel|Flip Turn|p2a: Iron Moth
|-supereffective|p2a: Iron Moth
|-damage|p2a: Iron Moth|78/100
|
|t:|1757915719
|switch|p1a: Grimmsnarl|Grimmsnarl, M, shiny|100/100|[from] Flip Turn
|
|-weather|SunnyDay|[upkeep]
|upkeep
|turn|5
|
|t:|1757915733
|move|p1a: Grimmsnarl|Parting Shot|p2a: Iron Moth
|-unboost|p2a: Iron Moth|atk|1
|-unboost|p2a: Iron Moth|spa|1
|
|t:|1757915748
|switch|p1a: Cresselia|Cresselia, F|100/100|[from] Parting Shot
|move|p2a: Iron Moth|Fiery Dance|p1a: Cresselia
|-damage|p1a: Cresselia|43/100
|-boost|p2a: Iron Moth|spa|1
|-enditem|p1a: Cresselia|Red Card|[of] p2a: Iron Moth
|-end|p2a: Iron Moth|Quark Drive|[silent]
|drag|p2a: Ninetales|Ninetales, M|100/100
|
|-weather|SunnyDay|[upkeep]
|upkeep
|turn|6
|
|t:|1757915760
|switch|p2a: Comfey|Comfey, M|100/100
|move|p1a: Cresselia|Thunder Wave|p2a: Comfey
|-status|p2a: Comfey|par
|
|-weather|SunnyDay|[upkeep]
|upkeep
|turn|7
|
|t:|1757915766
|cant|p2a: Comfey|par
|move|p1a: Cresselia|Trick Room|p1a: Cresselia
|-fieldstart|move: Trick Room|[of] p1a: Cresselia
|
|-weather|SunnyDay|[upkeep]
|upkeep
|turn|8
|
|t:|1757915770
|switch|p1a: Ursaluna|Ursaluna, M, shiny|94/100 brn
|cant|p2a: Comfey|par
|
|-weather|none
|-damage|p1a: Ursaluna|88/100 brn|[from] brn
|upkeep
|turn|9
|
|t:|1757915778
|switch|p2a: Great Tusk|Great Tusk|100/100
|move|p1a: Ursaluna|Facade|p2a: Great Tusk
|-damage|p2a: Great Tusk|25/100
|-damage|p1a: Ursaluna|72/100 brn|[from] item: Rocky Helmet|[of] p2a: Great Tusk
|
|-damage|p1a: Ursaluna|66/100 brn|[from] brn
|upkeep
|turn|10
|
|t:|1757915782
|move|p1a: Ursaluna|Facade|p2a: Great Tusk
|-damage|p2a: Great Tusk|0 fnt
|-damage|p1a: Ursaluna|49/100 brn|[from] item: Rocky Helmet|[of] p2a: Great Tusk
|faint|p2a: Great Tusk
|-end|p2a: Great Tusk|Protosynthesis|[silent]
|
|-damage|p1a: Ursaluna|43/100 brn|[from] brn
|upkeep
|
|t:|1757915784
|switch|p2a: Ninetales|Ninetales, M|100/100
|-weather|SunnyDay|[from] ability: Drought|[of] p2a: Ninetales
|turn|11
|
|t:|1757915791
|move|p1a: Ursaluna|Facade|p2a: Ninetales
|-damage|p2a: Ninetales|0 fnt
|faint|p2a: Ninetales
|
|-weather|SunnyDay|[upkeep]
|-damage|p1a: Ursaluna|37/100 brn|[from] brn
|-fieldend|move: Trick Room
|upkeep
|
|t:|1757915799
|switch|p2a: Iron Moth|Iron Moth|78/100
|turn|12
|
|t:|1757915803
|switch|p1a: Tentacruel|Tentacruel, F|46/100
|move|p2a: Iron Moth|Fiery Dance|p1a: Tentacruel
|-resisted|p1a: Tentacruel
|-damage|p1a: Tentacruel|28/100
|-boost|p2a: Iron Moth|spa|1
|
|-weather|SunnyDay|[upkeep]
|upkeep
|turn|13
|
|t:|1757915809
|move|p2a: Iron Moth|Solar Beam||[still]
|-prepare|p2a: Iron Moth|Solar Beam
|-anim|p2a: Iron Moth|Solar Beam|p1a: Tentacruel
|-damage|p1a: Tentacruel|0 fnt
|faint|p1a: Tentacruel
|
|-weather|SunnyDay|[upkeep]
|upkeep
|
|t:|1757915821
|switch|p1a: Grimmsnarl|Grimmsnarl, M, shiny|100/100
|turn|14
|
|t:|1757915828
|move|p1a: Grimmsnarl|Trick|p2a: Iron Moth
|-activate|p1a: Grimmsnarl|move: Trick|[of] p2a: Iron Moth
|-item|p2a: Iron Moth|Lagging Tail|[from] move: Trick
|-enditem|p1a: Grimmsnarl|Lagging Tail|[silent]|[from] move: Trick
|move|p2a: Iron Moth|Overheat|p1a: Grimmsnarl
|-damage|p1a: Grimmsnarl|0 fnt
|-unboost|p2a: Iron Moth|spa|2
|faint|p1a: Grimmsnarl
|
|-weather|SunnyDay|[upkeep]
|upkeep
|
|t:|1757915835
|switch|p1a: Ursaluna|Ursaluna, M, shiny|37/100 brn
|turn|15
|
|t:|1757915837
|move|p1a: Ursaluna|Facade|p2a: Iron Moth
|-damage|p2a: Iron Moth|0 fnt
|faint|p2a: Iron Moth
|-end|p2a: Iron Moth|Quark Drive|[silent]
|
|-weather|SunnyDay|[upkeep]
|-damage|p1a: Ursaluna|31/100 brn|[from] brn
|upkeep
|
|t:|1757915847
|switch|p2a: Comfey|Comfey, M|100/100 par
|turn|16
|
|t:|1757915861
|switch|p1a: Cresselia|Cresselia, F|43/100
|move|p2a: Comfey|Draining Kiss|p1a: Cresselia
|-damage|p1a: Cresselia|24/100
|-damage|p2a: Comfey|91/100 par|[from] item: Life Orb
|
|-weather|SunnyDay|[upkeep]
|upkeep
|turn|17
|
|t:|1757915864
|move|p1a: Cresselia|Lunar Dance|p1a: Cresselia
|faint|p1a: Cresselia
|move|p2a: Comfey|Growth|p2a: Comfey
|-boost|p2a: Comfey|atk|2
|-boost|p2a: Comfey|spa|2
|
|-weather|SunnyDay|[upkeep]
|upkeep
|
|t:|1757915866
|switch|p1a: Ursaluna|Ursaluna, M, shiny|31/100 brn
|-heal|p1a: Ursaluna|100/100|[from] move: Lunar Dance
|turn|18
|
|t:|1757915881
|move|p1a: Ursaluna|Facade|p2a: Comfey
|-damage|p2a: Comfey|43/100 par
|cant|p2a: Comfey|par
|
|-weather|none
|-status|p1a: Ursaluna|brn|[from] item: Flame Orb
|upkeep
|turn|19
|
|t:|1757915886
|cant|p2a: Comfey|par
|move|p1a: Ursaluna|Facade|p2a: Comfey
|-damage|p2a: Comfey|0 fnt
|faint|p2a: Comfey
|
|-damage|p1a: Ursaluna|94/100 brn|[from] brn
|upkeep
|c|☆Gulptubus|HOW
|c| thraxxedout!|Lmaoo
|c|☆Gulptubus|this game is against me bro
|c|☆Gulptubus|how many para was that
|
|t:|1757915905
|switch|p2a: Walking Wake|Walking Wake|100/100
|turn|20
|
|t:|1757915912
|-terastallize|p2a: Walking Wake|Steel
|-terastallize|p1a: Ursaluna|Normal
|move|p2a: Walking Wake|Hydro Steam|p1a: Ursaluna
|-damage|p1a: Ursaluna|61/100 brn
|move|p1a: Ursaluna|Facade|p2a: Walking Wake
|-resisted|p2a: Walking Wake
|-damage|p2a: Walking Wake|24/100
|
|-damage|p1a: Ursaluna|55/100 brn|[from] brn
|upkeep
|turn|21
|
|t:|1757915919
|move|p2a: Walking Wake|Draco Meteor|p1a: Ursaluna
|-damage|p1a: Ursaluna|2/100 brn
|-unboost|p2a: Walking Wake|spa|2
|move|p1a: Ursaluna|Facade|p2a: Walking Wake
|-resisted|p2a: Walking Wake
|-damage|p2a: Walking Wake|0 fnt
|faint|p2a: Walking Wake
|-end|p2a: Walking Wake|Protosynthesis|[silent]
|
|win|ProfSheen
|raw|ProfSheen's rating: 1540 &rarr; <strong>1558</strong><br />(+18 for winning)
|raw|Gulptubus's rating: 1500 &rarr; <strong>1482</strong><br />(-18 for losing)
|c|☆Gulptubus|gg man </3
|l|☆ProfSheen
|player|p1|
|l|☆Gulptubus
|player|p2|
|l| thraxxedout!
