|j|☆preppy dude
|j|☆llNarull
|t:|1757843369
|gametype|singles
|player|p1|preppy dude|102|1228
|player|p2|llNarull|hilbert-wonderlauncher|1267
|gen|9
|tier|[Gen 9] OU
|rated|
|rule|HP Percentage Mod: HP is shown in percentages
|rule|Endless Battle Clause: Forcing endless battles is banned
|rule|Species Clause: Limit one of each Pokémon
|rule|OHKO Clause: OHKO moves are banned
|rule|Evasion Items Clause: Evasion items are banned
|rule|Evasion Moves Clause: Evasion moves are banned
|rule|Evasion Abilities Clause: Evasion abilities are banned
|rule|Sleep Moves Clause: Sleep-inducing moves are banned
|clearpoke
|poke|p1|Zapdos|
|poke|p1|Golem, F|
|poke|p1|Arbok, M|
|poke|p1|Rhydon, F|
|poke|p1|Magneton|
|poke|p1|Dodrio, F|
|poke|p2|Greninja-*, M|
|poke|p2|Gyarados, M|
|poke|p2|Dragonite, M|
|poke|p2|Zapdos|
|poke|p2|Skeledirge, M|
|poke|p2|Blissey, F|
|teampreview
|
|t:|1757843380
|teamsize|p1|6
|teamsize|p2|6
|start
|switch|p1a: Zapdos|Zapdos|100/100
|switch|p2a: Greninja|Greninja, M, shiny|100/100
|turn|1
|
|t:|1757843388
|-terastallize|p1a: Zapdos|Electric
|move|p2a: Greninja|Ice Beam|p1a: Zapdos
|-start|p2a: Greninja|typechange|Ice|[from] ability: Protean
|-damage|p1a: Zapdos|60/100
|-status|p1a: Zapdos|frz
|-damage|p2a: Greninja|91/100|[from] item: Life Orb
|-curestatus|p1a: Zapdos|frz|[msg]
|move|p1a: Zapdos|Discharge|p2a: Greninja
|-damage|p2a: Greninja|24/100
|-status|p2a: Greninja|par
|
|-heal|p1a: Zapdos|66/100|[from] item: Leftovers
|upkeep
|turn|2
|
|t:|1757843404
|switch|p2a: Blissey|Blissey, F, shiny|100/100
|move|p1a: Zapdos|Protect||[still]
|-fail|p1a: Zapdos
|
|-heal|p1a: Zapdos|72/100|[from] item: Leftovers
|upkeep
|turn|3
|
|t:|1757843413
|switch|p1a: Golem|Golem, F|100/100
|move|p2a: Blissey|Stealth Rock|p1a: Golem
|-sidestart|p1: preppy dude|move: Stealth Rock
|
|upkeep
|turn|4
|
|t:|1757843421
|switch|p2a: Zapdos|Zapdos, shiny|100/100
|move|p1a: Golem|Stealth Rock|p2a: Zapdos
|-sidestart|p2: llNarull|move: Stealth Rock
|
|upkeep
|turn|5
|
|t:|1757843426
|-terastallize|p2a: Zapdos|Grass
|move|p2a: Zapdos|Tera Blast|p1a: Golem|[anim] Tera Blast Grass
|-supereffective|p1a: Golem
|-ability|p1a: Golem|Sturdy
|-damage|p1a: Golem|1/100
|move|p1a: Golem|Rock Blast|p2a: Zapdos
|-damage|p2a: Zapdos|88/100
|-damage|p2a: Zapdos|78/100
|-damage|p2a: Zapdos|66/100
|-damage|p2a: Zapdos|53/100
|-hitcount|p2a: Zapdos|4
|
|-heal|p2a: Zapdos|60/100|[from] item: Leftovers
|upkeep
|turn|6
|-enditem|p1a: Golem|Custap Berry|[eat]
|-activate|p1a: Golem|item: Custap Berry|[consumed]
|
|t:|1757843441
|move|p1a: Golem|Explosion|p2a: Zapdos
|-damage|p2a: Zapdos|0 fnt
|faint|p1a: Golem
|faint|p2a: Zapdos
|
|upkeep
|
|t:|1757843459
|switch|p2a: Gyarados|Gyarados, M, shiny|100/100
|switch|p1a: Magneton|Magneton|100/100
|-damage|p1a: Magneton|94/100|[from] Stealth Rock
|-damage|p2a: Gyarados|76/100|[from] Stealth Rock
|turn|7
|
|t:|1757843466
|switch|p2a: Blissey|Blissey, F, shiny|100/100
|-damage|p2a: Blissey|88/100|[from] Stealth Rock
|move|p1a: Magneton|Discharge|p2a: Blissey
|-damage|p2a: Blissey|75/100
|
|-heal|p2a: Blissey|81/100|[from] item: Leftovers
|upkeep
|turn|8
|
|t:|1757843475
|switch|p1a: Arbok|Arbok, M|100/100
|-damage|p1a: Arbok|88/100|[from] Stealth Rock
|-ability|p1a: Arbok|Intimidate|boost
|-unboost|p2a: Blissey|atk|1
|move|p2a: Blissey|Seismic Toss|p1a: Arbok
|-damage|p1a: Arbok|57/100
|
|-heal|p2a: Blissey|88/100|[from] item: Leftovers
|upkeep
|turn|9
|
|t:|1757843486
|switch|p2a: Skeledirge|Skeledirge, M, shiny|100/100
|-damage|p2a: Skeledirge|75/100|[from] Stealth Rock
|move|p1a: Arbok|Switcheroo|p2a: Skeledirge
|-activate|p1a: Arbok|move: Trick|[of] p2a: Skeledirge
|-item|p2a: Skeledirge|Choice Scarf|[from] move: Switcheroo
|-item|p1a: Arbok|Leftovers|[from] move: Switcheroo
|
|-heal|p1a: Arbok|63/100|[from] item: Leftovers
|upkeep
|turn|10
|
|t:|1757843495
|move|p1a: Arbok|Protect|p1a: Arbok
|-singleturn|p1a: Arbok|Protect
|move|p2a: Skeledirge|Will-O-Wisp|p1a: Arbok
|-activate|p1a: Arbok|move: Protect
|
|-heal|p1a: Arbok|70/100|[from] item: Leftovers
|upkeep
|turn|11
|
|t:|1757843505
|move|p1a: Arbok|Poison Fang|p2a: Skeledirge
|-resisted|p2a: Skeledirge
|-damage|p2a: Skeledirge|71/100
|-status|p2a: Skeledirge|tox
|move|p2a: Skeledirge|Will-O-Wisp|p1a: Arbok
|-status|p1a: Arbok|brn
|
|-heal|p1a: Arbok|76/100 brn|[from] item: Leftovers
|-damage|p2a: Skeledirge|65/100 tox|[from] psn
|-damage|p1a: Arbok|70/100 brn|[from] brn
|upkeep
|turn|12
|
|t:|1757843517
|switch|p2a: Greninja|Greninja, M, shiny|24/100 par
|-damage|p2a: Greninja|12/100 par|[from] Stealth Rock
|move|p1a: Arbok|Poison Fang|p2a: Greninja
|-damage|p2a: Greninja|0 fnt
|faint|p2a: Greninja
|
|-heal|p1a: Arbok|76/100 brn|[from] item: Leftovers
|-damage|p1a: Arbok|70/100 brn|[from] brn
|upkeep
|
|t:|1757843529
|switch|p2a: Dragonite|Dragonite, M, shiny|100/100
|turn|13
|
|t:|1757843535
|move|p1a: Arbok|Poison Fang|p2a: Dragonite
|-damage|p2a: Dragonite|96/100
|move|p2a: Dragonite|Dragon Dance|p2a: Dragonite
|-boost|p2a: Dragonite|atk|1
|-boost|p2a: Dragonite|spe|1
|
|-heal|p1a: Arbok|76/100 brn|[from] item: Leftovers
|-damage|p1a: Arbok|70/100 brn|[from] brn
|upkeep
|turn|14
|
|t:|1757843548
|switch|p1a: Zapdos|Zapdos, tera:Electric|72/100
|-damage|p1a: Zapdos|60/100|[from] Stealth Rock
|move|p2a: Dragonite|Dragon Dance|p2a: Dragonite
|-boost|p2a: Dragonite|atk|1
|-boost|p2a: Dragonite|spe|1
|
|-heal|p1a: Zapdos|66/100|[from] item: Leftovers
|upkeep
|turn|15
|
|t:|1757843558
|switch|p1a: Arbok|Arbok, M|70/100 brn
|-damage|p1a: Arbok|57/100 brn|[from] Stealth Rock
|-ability|p1a: Arbok|Intimidate|boost
|-unboost|p2a: Dragonite|atk|1
|move|p2a: Dragonite|Dragon Claw|p1a: Arbok
|-damage|p1a: Arbok|0 fnt
|faint|p1a: Arbok
|
|upkeep
|
|t:|1757843568
|switch|p1a: Rhydon|Rhydon, F|100/100
|-damage|p1a: Rhydon|94/100|[from] Stealth Rock
|turn|16
|
|t:|1757843576
|switch|p2a: Skeledirge|Skeledirge, M, shiny|65/100 tox
|-damage|p2a: Skeledirge|40/100 tox|[from] Stealth Rock
|move|p1a: Rhydon|Avalanche|p2a: Skeledirge
|-resisted|p2a: Skeledirge
|-damage|p2a: Skeledirge|33/100 tox
|
|-damage|p2a: Skeledirge|26/100 tox|[from] psn
|upkeep
|turn|17
|
|t:|1757843587
|switch|p1a: Zapdos|Zapdos, tera:Electric|66/100
|-damage|p1a: Zapdos|53/100|[from] Stealth Rock
|move|p2a: Skeledirge|Will-O-Wisp|p1a: Zapdos
|-status|p1a: Zapdos|brn
|
|-heal|p1a: Zapdos|60/100 brn|[from] item: Leftovers
|-damage|p2a: Skeledirge|14/100 tox|[from] psn
|-damage|p1a: Zapdos|53/100 brn|[from] brn
|upkeep
|turn|18
|
|t:|1757843599
|switch|p2a: Blissey|Blissey, F, shiny|88/100
|-damage|p2a: Blissey|75/100|[from] Stealth Rock
|move|p1a: Zapdos|Roost|p1a: Zapdos
|-heal|p1a: Zapdos|100/100 brn
|
|-heal|p2a: Blissey|81/100|[from] item: Leftovers
|-damage|p1a: Zapdos|94/100 brn|[from] brn
|upkeep
|turn|19
|
|t:|1757843613
|move|p1a: Zapdos|Protect|p1a: Zapdos
|-singleturn|p1a: Zapdos|Protect
|move|p2a: Blissey|Seismic Toss|p1a: Zapdos
|-activate|p1a: Zapdos|move: Protect
|
|-heal|p1a: Zapdos|100/100 brn|[from] item: Leftovers
|-heal|p2a: Blissey|87/100|[from] item: Leftovers
|-damage|p1a: Zapdos|94/100 brn|[from] brn
|upkeep
|turn|20
|
|t:|1757843623
|switch|p1a: Rhydon|Rhydon, F|94/100
|-damage|p1a: Rhydon|88/100|[from] Stealth Rock
|move|p2a: Blissey|Seismic Toss|p1a: Rhydon
|-damage|p1a: Rhydon|64/100
|
|-heal|p2a: Blissey|94/100|[from] item: Leftovers
|upkeep
|turn|21
|inactive|Battle timer is ON: inactive players will automatically lose when time's up. (requested by preppy dude)
|
|t:|1757843633
|switch|p2a: Skeledirge|Skeledirge, M, shiny|14/100 tox
|-damage|p2a: Skeledirge|0 fnt|[from] Stealth Rock
|faint|p2a: Skeledirge
|move|p1a: Rhydon|Earthquake|p2: Skeledirge|[notarget]
|-fail|p1a: Rhydon
|
|upkeep
|
|t:|1757843641
|switch|p2a: Gyarados|Gyarados, M, shiny|76/100
|-damage|p2a: Gyarados|51/100|[from] Stealth Rock
|turn|22
|
|t:|1757843646
|switch|p1a: Zapdos|Zapdos, tera:Electric|94/100 brn
|-damage|p1a: Zapdos|82/100 brn|[from] Stealth Rock
|move|p2a: Gyarados|Dragon Dance|p2a: Gyarados
|-boost|p2a: Gyarados|atk|1
|-boost|p2a: Gyarados|spe|1
|
|-heal|p1a: Zapdos|88/100 brn|[from] item: Leftovers
|-damage|p1a: Zapdos|82/100 brn|[from] brn
|upkeep
|turn|23
|
|t:|1757843657
|move|p2a: Gyarados|Earthquake|p1a: Zapdos
|-supereffective|p1a: Zapdos
|-damage|p1a: Zapdos|0 fnt
|faint|p1a: Zapdos
|-ability|p2a: Gyarados|Moxie|boost
|-boost|p2a: Gyarados|atk|1
|
|upkeep
|
|t:|1757843663
|switch|p1a: Dodrio|Dodrio, F|100/100
|-damage|p1a: Dodrio|76/100|[from] Stealth Rock
|turn|24
|
|t:|1757843669
|move|p1a: Dodrio|Thrash|p2a: Gyarados
|-damage|p2a: Gyarados|0 fnt
|faint|p2a: Gyarados
|
|upkeep
|
|t:|1757843676
|switch|p2a: Dragonite|Dragonite, M, shiny|96/100
|turn|25
|
|t:|1757843681
|move|p1a: Dodrio|Thrash|p2a: Dragonite|[from] lockedmove
|-damage|p2a: Dragonite|30/100
|-start|p1a: Dodrio|confusion|[fatigue]
|move|p2a: Dragonite|Dragon Dance|p2a: Dragonite
|-boost|p2a: Dragonite|atk|1
|-boost|p2a: Dragonite|spe|1
|
|upkeep
|turn|26
|
|t:|1757843690
|move|p2a: Dragonite|Extreme Speed|p1a: Dodrio
|-damage|p1a: Dodrio|0 fnt
|faint|p1a: Dodrio
|
|upkeep
|
|t:|1757843695
|switch|p1a: Rhydon|Rhydon, F|64/100
|-damage|p1a: Rhydon|58/100|[from] Stealth Rock
|turn|27
|
|t:|1757843700
|move|p2a: Dragonite|Dragon Claw|p1a: Rhydon
|-damage|p1a: Rhydon|26/100
|move|p1a: Rhydon|Avalanche|p2a: Dragonite
|-supereffective|p2a: Dragonite
|-damage|p2a: Dragonite|0 fnt
|faint|p2a: Dragonite
|
|upkeep
|
|t:|1757843707
|switch|p2a: Blissey|Blissey, F, shiny|94/100
|-damage|p2a: Blissey|81/100|[from] Stealth Rock
|turn|28
|
|t:|1757843712
|move|p2a: Blissey|Seismic Toss|p1a: Rhydon
|-damage|p1a: Rhydon|2/100
|move|p1a: Rhydon|Earthquake|p2a: Blissey
|-damage|p2a: Blissey|0 fnt
|faint|p2a: Blissey
|
|win|preppy dude
|raw|preppy dude's rating: 1228 &rarr; <strong>1256</strong><br />(+28 for winning)
|raw|llNarull's rating: 1267 &rarr; <strong>1239</strong><br />(-28 for losing)
|l|☆llNarull
|player|p2|
|l|☆preppy dude
|player|p1|
