|j|‽v1n001
|j|☆Obito 2001
|t:|1757808043
|gametype|singles
|player|p1|v1n001|169|1703
|player|p2|Obito 2001|blue-gen3two|1665
|gen|9
|tier|[Gen 9] OU
|rated|
|rule|HP Percentage Mod: HP is shown in percentages
|rule|Endless Battle Clause: Forcing endless battles is banned
|rule|Species Clause: Limit one of each Pokémon
|rule|OHKO Clause: OHKO moves are banned
|rule|Evasion Items Clause: Evasion items are banned
|rule|Evasion Moves Clause: Evasion moves are banned
|rule|Evasion Abilities Clause: Evasion abilities are banned
|rule|Sleep Moves Clause: Sleep-inducing moves are banned
|clearpoke
|poke|p1|Dragapult, F|
|poke|p1|Alomomola, F|
|poke|p1|Samurott-Hisui, F|
|poke|p1|Ting-Lu|
|poke|p1|Weezing-Galar, F|
|poke|p1|Dragonite, F|
|poke|p2|Raging Bolt|
|poke|p2|Kingambit, F|
|poke|p2|Great Tusk|
|poke|p2|Iron Valiant|
|poke|p2|Alomomola, F|
|poke|p2|Pecharunt|
|teampreview
|inactive|Battle timer is ON: inactive players will automatically lose when time's up. (requested by v1n001)
|inactive|Obito 2001 also wants the timer to be on.
|
|t:|1757808056
|teamsize|p1|6
|teamsize|p2|6
|start
|switch|p1a: Dragapult|Dragapult, F, shiny|100/100
|switch|p2a: Ban Dragonite|Raging Bolt|100/100
|turn|1
|j| FaronAan
|
|t:|1757808079
|move|p1a: Dragapult|U-turn|p2a: Ban Dragonite
|-damage|p2a: Ban Dragonite|83/100
|
|t:|1757808083
|switch|p1a: Ting-Lu|Ting-Lu|100/100|[from] U-turn
|-ability|p1a: Ting-Lu|Vessel of Ruin
|move|p2a: Ban Dragonite|Draco Meteor|p1a: Ting-Lu
|-damage|p1a: Ting-Lu|70/100
|-unboost|p2a: Ban Dragonite|spa|2
|
|-heal|p1a: Ting-Lu|76/100|[from] item: Leftovers
|upkeep
|turn|2
|
|t:|1757808088
|-end|p2a: Ban Dragonite|Protosynthesis|[silent]
|switch|p2a: Ban Darkrai|Great Tusk|100/100
|move|p1a: Ting-Lu|Stealth Rock|p2a: Ban Darkrai
|-sidestart|p2: Obito 2001|move: Stealth Rock
|
|-heal|p1a: Ting-Lu|82/100|[from] item: Leftovers
|upkeep
|turn|3
|
|t:|1757808092
|move|p2a: Ban Darkrai|Rapid Spin|p1a: Ting-Lu
|-damage|p1a: Ting-Lu|73/100
|-boost|p2a: Ban Darkrai|spe|1
|-sideend|p2: Obito 2001|Stealth Rock|[from] move: Rapid Spin|[of] p2a: Ban Darkrai
|move|p1a: Ting-Lu|Ruination|p2a: Ban Darkrai
|-damage|p2a: Ban Darkrai|51/100
|
|-heal|p1a: Ting-Lu|79/100|[from] item: Leftovers
|upkeep
|turn|4
|
|t:|1757808099
|switch|p1a: Alomomola|Alomomola, F, shiny|100/100
|move|p2a: Ban Darkrai|Ice Spinner|p1a: Alomomola
|-resisted|p1a: Alomomola
|-damage|p1a: Alomomola|91/100
|
|upkeep
|turn|5
|
|t:|1757808102
|move|p2a: Ban Darkrai|Stealth Rock|p1a: Alomomola
|-sidestart|p1: v1n001|move: Stealth Rock
|move|p1a: Alomomola|Flip Turn|p2a: Ban Darkrai
|-supereffective|p2a: Ban Darkrai
|-damage|p2a: Ban Darkrai|26/100
|
|t:|1757808106
|switch|p1a: Dragapult|Dragapult, F, shiny|100/100|[from] Flip Turn
|
|upkeep
|turn|6
|
|t:|1757808112
|switch|p1a: Alomomola|Alomomola, F, shiny|100/100
|move|p2a: Ban Darkrai|Headlong Rush|p1a: Alomomola
|-damage|p1a: Alomomola|63/100
|-unboost|p2a: Ban Darkrai|def|1
|-unboost|p2a: Ban Darkrai|spd|1
|
|upkeep
|turn|7
|
|t:|1757808117
|-end|p2a: Ban Darkrai|Protosynthesis|[silent]
|switch|p2a: Ban Dragonite|Raging Bolt|83/100
|move|p1a: Alomomola|Flip Turn|p2a: Ban Dragonite
|-resisted|p2a: Ban Dragonite
|-damage|p2a: Ban Dragonite|75/100
|
|t:|1757808121
|switch|p1a: Ting-Lu|Ting-Lu|79/100|[from] Flip Turn
|-damage|p1a: Ting-Lu|73/100|[from] Stealth Rock
|-ability|p1a: Ting-Lu|Vessel of Ruin
|
|-heal|p1a: Ting-Lu|79/100|[from] item: Leftovers
|upkeep
|turn|8
|
|t:|1757808132
|-end|p2a: Ban Dragonite|Protosynthesis|[silent]
|switch|p2a: Ban Darkrai|Great Tusk|26/100
|move|p1a: Ting-Lu|Stealth Rock|p2a: Ban Darkrai
|-sidestart|p2: Obito 2001|move: Stealth Rock
|
|-heal|p1a: Ting-Lu|85/100|[from] item: Leftovers
|upkeep
|turn|9
|
|t:|1757808135
|move|p2a: Ban Darkrai|Headlong Rush|p1a: Ting-Lu
|-damage|p1a: Ting-Lu|53/100
|-unboost|p2a: Ban Darkrai|def|1
|-unboost|p2a: Ban Darkrai|spd|1
|move|p1a: Ting-Lu|Earthquake|p2a: Ban Darkrai
|-damage|p2a: Ban Darkrai|0 fnt
|faint|p2a: Ban Darkrai
|-end|p2a: Ban Darkrai|Protosynthesis|[silent]
|
|-heal|p1a: Ting-Lu|59/100|[from] item: Leftovers
|upkeep
|
|t:|1757808145
|switch|p2a: Ban Gliscor|Pecharunt|100/100
|turn|10
|
|t:|1757808151
|-terastallize|p1a: Ting-Lu|Poison
|move|p2a: Ban Gliscor|Malignant Chain|p1a: Ting-Lu
|-resisted|p1a: Ting-Lu
|-damage|p1a: Ting-Lu|53/100
|move|p1a: Ting-Lu|Ruination|p2a: Ban Gliscor
|-damage|p2a: Ban Gliscor|50/100
|
|-heal|p1a: Ting-Lu|59/100|[from] item: Leftovers
|upkeep
|turn|11
|
|t:|1757808157
|move|p2a: Ban Gliscor|Parting Shot|p1a: Ting-Lu
|-unboost|p1a: Ting-Lu|atk|1
|-unboost|p1a: Ting-Lu|spa|1
|
|t:|1757808158
|switch|p2a: Momo Hirai|Alomomola, F|100/100|[from] Parting Shot
|-damage|p2a: Momo Hirai|88/100|[from] Stealth Rock
|move|p1a: Ting-Lu|Whirlwind|p2a: Momo Hirai
|drag|p2a: Hero|Iron Valiant|100/100
|-damage|p2a: Hero|94/100|[from] Stealth Rock
|-enditem|p2a: Hero|Booster Energy
|-activate|p2a: Hero|ability: Quark Drive|[fromitem]
|-start|p2a: Hero|quarkdrivespe
|
|-heal|p1a: Ting-Lu|65/100|[from] item: Leftovers
|upkeep
|turn|12
|
|t:|1757808168
|move|p2a: Hero|Thunderbolt|p1a: Ting-Lu
|-damage|p1a: Ting-Lu|52/100
|-status|p1a: Ting-Lu|par
|cant|p1a: Ting-Lu|par
|
|-heal|p1a: Ting-Lu|59/100 par|[from] item: Leftovers
|upkeep
|turn|13
|
|t:|1757808171
|move|p2a: Hero|Calm Mind|p2a: Hero
|-boost|p2a: Hero|spa|1
|-boost|p2a: Hero|spd|1
|move|p1a: Ting-Lu|Whirlwind|p2a: Hero
|-end|p2a: Hero|Quark Drive|[silent]
|drag|p2a: Momo Hirai|Alomomola, F|100/100
|-damage|p2a: Momo Hirai|88/100|[from] Stealth Rock
|
|-heal|p1a: Ting-Lu|65/100 par|[from] item: Leftovers
|upkeep
|turn|14
|
|t:|1757808176
|move|p2a: Momo Hirai|Flip Turn|p1a: Ting-Lu
|-damage|p1a: Ting-Lu|57/100 par
|
|t:|1757808178
|switch|p2a: Ban Gliscor|Pecharunt|50/100|[from] Flip Turn
|move|p1a: Ting-Lu|Whirlwind|p2a: Ban Gliscor
|drag|p2a: Ban Dragonite|Raging Bolt|75/100
|-damage|p2a: Ban Dragonite|63/100|[from] Stealth Rock
|
|-heal|p1a: Ting-Lu|63/100 par|[from] item: Leftovers
|upkeep
|turn|15
|
|t:|1757808183
|move|p2a: Ban Dragonite|Thunderbolt|p1a: Ting-Lu
|-damage|p1a: Ting-Lu|43/100 par
|cant|p1a: Ting-Lu|par
|
|-heal|p1a: Ting-Lu|50/100 par|[from] item: Leftovers
|upkeep
|turn|16
|
|t:|1757808186
|move|p2a: Ban Dragonite|Thunderbolt|p1a: Ting-Lu
|-damage|p1a: Ting-Lu|31/100 par
|move|p1a: Ting-Lu|Earthquake|p2a: Ban Dragonite
|-supereffective|p2a: Ban Dragonite
|-damage|p2a: Ban Dragonite|19/100
|
|-heal|p1a: Ting-Lu|37/100 par|[from] item: Leftovers
|upkeep
|turn|17
|
|t:|1757808191
|move|p2a: Ban Dragonite|Thunderbolt|p1a: Ting-Lu
|-damage|p1a: Ting-Lu|17/100 par
|cant|p1a: Ting-Lu|par
|
|-heal|p1a: Ting-Lu|23/100 par|[from] item: Leftovers
|upkeep
|turn|18
|
|t:|1757808194
|move|p2a: Ban Dragonite|Thunderbolt|p1a: Ting-Lu
|-damage|p1a: Ting-Lu|2/100 par
|move|p1a: Ting-Lu|Earthquake|p2a: Ban Dragonite
|-supereffective|p2a: Ban Dragonite
|-damage|p2a: Ban Dragonite|0 fnt
|faint|p2a: Ban Dragonite
|-end|p2a: Ban Dragonite|Protosynthesis|[silent]
|
|-heal|p1a: Ting-Lu|8/100 par|[from] item: Leftovers
|upkeep
|
|t:|1757808199
|switch|p2a: Hero|Iron Valiant|94/100
|-damage|p2a: Hero|88/100|[from] Stealth Rock
|turn|19
|
|t:|1757808203
|move|p2a: Hero|Thunderbolt|p1a: Ting-Lu
|-damage|p1a: Ting-Lu|0 fnt
|faint|p1a: Ting-Lu
|
|upkeep
|
|t:|1757808205
|switch|p1a: Weezing|Weezing-Galar, F, shiny|100/100
|-ability|p1a: Weezing|Neutralizing Gas
|turn|20
|
|t:|1757808210
|move|p2a: Hero|Calm Mind|p2a: Hero
|-boost|p2a: Hero|spa|1
|-boost|p2a: Hero|spd|1
|move|p1a: Weezing|Strange Steam|p2a: Hero
|-supereffective|p2a: Hero
|-damage|p2a: Hero|21/100
|
|upkeep
|turn|21
|
|t:|1757808214
|move|p2a: Hero|Thunderbolt|p1a: Weezing
|-damage|p1a: Weezing|40/100
|-status|p1a: Weezing|par
|move|p1a: Weezing|Strange Steam|p2a: Hero
|-supereffective|p2a: Hero
|-damage|p2a: Hero|0 fnt
|faint|p2a: Hero
|-end|p2a: Hero|Quark Drive|[silent]
|
|upkeep
|
|t:|1757808217
|switch|p2a: Ban Zamazenta|Kingambit, F, shiny|100/100
|-damage|p2a: Ban Zamazenta|94/100|[from] Stealth Rock
|turn|22
|
|t:|1757808220
|move|p2a: Ban Zamazenta|Iron Head|p1a: Weezing
|-supereffective|p1a: Weezing
|-damage|p1a: Weezing|0 fnt
|faint|p1a: Weezing
|-end|p1a: Weezing|ability: Neutralizing Gas
|-activate|p2a: Ban Zamazenta|ability: Supreme Overlord
|-start|p2a: Ban Zamazenta|fallen3|[silent]
|
|-heal|p2a: Ban Zamazenta|100/100|[from] item: Leftovers
|upkeep
|
|t:|1757808222
|switch|p1a: Samurott|Samurott-Hisui, F, shiny|100/100
|-damage|p1a: Samurott|88/100|[from] Stealth Rock
|turn|23
|
|t:|1757808227
|-end|p2a: Ban Zamazenta|fallen3|[silent]
|switch|p2a: Ban Gliscor|Pecharunt|50/100
|move|p1a: Samurott|Sacred Sword|p2a: Ban Gliscor
|-immune|p2a: Ban Gliscor
|
|upkeep
|turn|24
|
|t:|1757808230
|switch|p1a: Dragapult|Dragapult, F, shiny|100/100
|move|p2a: Ban Gliscor|Recover|p2a: Ban Gliscor
|-heal|p2a: Ban Gliscor|100/100
|
|upkeep
|turn|25
|
|t:|1757808234
|move|p1a: Dragapult|Thunder Wave|p2a: Ban Gliscor|[miss]
|-miss|p1a: Dragapult|p2a: Ban Gliscor
|move|p2a: Ban Gliscor|Shadow Ball|p1a: Dragapult
|-supereffective|p1a: Dragapult
|-damage|p1a: Dragapult|25/100
|
|upkeep
|turn|26
|
|t:|1757808237
|move|p1a: Dragapult|Thunder Wave|p2a: Ban Gliscor
|-status|p2a: Ban Gliscor|par
|move|p2a: Ban Gliscor|Shadow Ball|p1a: Dragapult
|-supereffective|p1a: Dragapult
|-damage|p1a: Dragapult|0 fnt
|faint|p1a: Dragapult
|
|upkeep
|
|t:|1757808242
|switch|p1a: Samurott|Samurott-Hisui, F, shiny|88/100
|-damage|p1a: Samurott|76/100|[from] Stealth Rock
|turn|27
|
|t:|1757808250
|move|p1a: Samurott|Knock Off|p2a: Ban Gliscor
|-supereffective|p2a: Ban Gliscor
|-damage|p2a: Ban Gliscor|62/100 par
|-enditem|p2a: Ban Gliscor|Heavy-Duty Boots|[from] move: Knock Off|[of] p1a: Samurott
|move|p2a: Ban Gliscor|Malignant Chain|p1a: Samurott
|-damage|p1a: Samurott|30/100
|-status|p1a: Samurott|tox
|-start|p1a: Samurott|confusion|[from] ability: Poison Puppeteer|[of] p2a: Ban Gliscor
|
|-damage|p1a: Samurott|24/100 tox|[from] psn
|upkeep
|turn|28
|
|t:|1757808254
|switch|p1a: Alomomola|Alomomola, F, shiny|96/100
|move|p2a: Ban Gliscor|Recover|p2a: Ban Gliscor
|-heal|p2a: Ban Gliscor|100/100 par
|
|upkeep
|turn|29
|
|t:|1757808256
|move|p1a: Alomomola|Wish|p1a: Alomomola
|move|p2a: Ban Gliscor|Malignant Chain|p1a: Alomomola
|-damage|p1a: Alomomola|68/100
|-status|p1a: Alomomola|tox
|-start|p1a: Alomomola|confusion|[from] ability: Poison Puppeteer|[of] p2a: Ban Gliscor
|
|-damage|p1a: Alomomola|62/100 tox|[from] psn
|upkeep
|turn|30
|j| heatraniac
|
|t:|1757808261
|-activate|p1a: Alomomola|confusion
|-damage|p1a: Alomomola|57/100 tox|[from] confusion
|cant|p2a: Ban Gliscor|par
|
|-heal|p1a: Alomomola|100/100 tox|[from] move: Wish|[wisher] Alomomola
|-damage|p1a: Alomomola|88/100 tox|[from] psn
|upkeep
|turn|31
|
|t:|1757808268
|-end|p1a: Alomomola|confusion
|move|p1a: Alomomola|Wish|p1a: Alomomola
|move|p2a: Ban Gliscor|Malignant Chain|p1a: Alomomola
|-damage|p1a: Alomomola|63/100 tox
|
|-damage|p1a: Alomomola|44/100 tox|[from] psn
|upkeep
|turn|32
|
|t:|1757808278
|move|p1a: Alomomola|Flip Turn|p2a: Ban Gliscor
|-damage|p2a: Ban Gliscor|92/100 par
|
|t:|1757808280
|switch|p1a: Samurott|Samurott-Hisui, F, shiny|24/100 tox|[from] Flip Turn
|-damage|p1a: Samurott|12/100 tox|[from] Stealth Rock
|move|p2a: Ban Gliscor|Malignant Chain|p1a: Samurott
|-damage|p1a: Samurott|0 fnt
|faint|p1a: Samurott
|
|upkeep
|
|t:|1757808282
|switch|p1a: Dragonite|Dragonite, F, shiny|100/100
|turn|33
|
|t:|1757808284
|move|p1a: Dragonite|Dragon Dance|p1a: Dragonite
|-boost|p1a: Dragonite|atk|1
|-boost|p1a: Dragonite|spe|1
|move|p2a: Ban Gliscor|Malignant Chain|p1a: Dragonite
|-damage|p1a: Dragonite|86/100
|
|upkeep
|turn|34
|
|t:|1757808286
|move|p1a: Dragonite|Earthquake|p2a: Ban Gliscor
|-supereffective|p2a: Ban Gliscor
|-damage|p2a: Ban Gliscor|42/100 par
|cant|p2a: Ban Gliscor|par
|
|upkeep
|turn|35
|
|t:|1757808290
|move|p1a: Dragonite|Earthquake|p2a: Ban Gliscor
|-supereffective|p2a: Ban Gliscor
|-damage|p2a: Ban Gliscor|0 fnt
|faint|p2a: Ban Gliscor
|
|upkeep
|
|t:|1757808296
|switch|p2a: Momo Hirai|Alomomola, F|100/100
|-damage|p2a: Momo Hirai|88/100|[from] Stealth Rock
|turn|36
|
|t:|1757808298
|move|p1a: Dragonite|Dragon Dance|p1a: Dragonite
|-boost|p1a: Dragonite|atk|1
|-boost|p1a: Dragonite|spe|1
|move|p2a: Momo Hirai|Flip Turn|p1a: Dragonite
|-resisted|p1a: Dragonite
|-damage|p1a: Dragonite|76/100
|
|t:|1757808300
|switch|p2a: Ban Zamazenta|Kingambit, F, shiny|100/100|[from] Flip Turn
|-damage|p2a: Ban Zamazenta|94/100|[from] Stealth Rock
|-activate|p2a: Ban Zamazenta|ability: Supreme Overlord
|-start|p2a: Ban Zamazenta|fallen4|[silent]
|
|-heal|p2a: Ban Zamazenta|100/100|[from] item: Leftovers
|upkeep
|turn|37
|
|t:|1757808303
|-end|p2a: Ban Zamazenta|fallen4|[silent]
|switch|p2a: Momo Hirai|Alomomola, F|100/100
|-damage|p2a: Momo Hirai|88/100|[from] Stealth Rock
|move|p1a: Dragonite|Earthquake|p2a: Momo Hirai
|-damage|p2a: Momo Hirai|40/100
|-enditem|p2a: Momo Hirai|Red Card|[of] p1a: Dragonite
|drag|p1a: Alomomola|Alomomola, F, shiny|77/100 tox
|
|-damage|p1a: Alomomola|71/100 tox|[from] psn
|upkeep
|turn|38
|
|t:|1757808306
|move|p1a: Alomomola|Wish|p1a: Alomomola
|move|p2a: Momo Hirai|Flip Turn|p1a: Alomomola
|-resisted|p1a: Alomomola
|-damage|p1a: Alomomola|67/100 tox
|
|t:|1757808308
|switch|p2a: Ban Zamazenta|Kingambit, F, shiny|100/100|[from] Flip Turn
|-damage|p2a: Ban Zamazenta|94/100|[from] Stealth Rock
|-activate|p2a: Ban Zamazenta|ability: Supreme Overlord
|-start|p2a: Ban Zamazenta|fallen4|[silent]
|
|-heal|p2a: Ban Zamazenta|100/100|[from] item: Leftovers
|-damage|p1a: Alomomola|55/100 tox|[from] psn
|upkeep
|turn|39
|
|t:|1757808312
|move|p2a: Ban Zamazenta|Swords Dance|p2a: Ban Zamazenta
|-boost|p2a: Ban Zamazenta|atk|2
|move|p1a: Alomomola|Flip Turn|p2a: Ban Zamazenta
|-damage|p2a: Ban Zamazenta|88/100
|
|t:|1757808313
|switch|p1a: Dragonite|Dragonite, F, shiny|76/100|[from] Flip Turn
|
|-heal|p1a: Dragonite|100/100|[from] move: Wish|[wisher] Alomomola
|-heal|p2a: Ban Zamazenta|94/100|[from] item: Leftovers
|upkeep
|turn|40
|
|t:|1757808316
|-terastallize|p2a: Ban Zamazenta|Ghost
|move|p1a: Dragonite|Encore|p2a: Ban Zamazenta
|-start|p2a: Ban Zamazenta|Encore
|move|p2a: Ban Zamazenta|Swords Dance|p2a: Ban Zamazenta
|-boost|p2a: Ban Zamazenta|atk|2
|
|-heal|p2a: Ban Zamazenta|99/100|[from] item: Leftovers
|upkeep
|turn|41
|
|t:|1757808319
|-end|p2a: Ban Zamazenta|fallen4|[silent]
|switch|p2a: Momo Hirai|Alomomola, F|74/100
|-damage|p2a: Momo Hirai|61/100|[from] Stealth Rock
|move|p1a: Dragonite|Dragon Dance|p1a: Dragonite
|-boost|p1a: Dragonite|atk|1
|-boost|p1a: Dragonite|spe|1
|
|upkeep
|turn|42
|
|t:|1757808323
|move|p1a: Dragonite|Dragon Dance|p1a: Dragonite
|-boost|p1a: Dragonite|atk|1
|-boost|p1a: Dragonite|spe|1
|move|p2a: Momo Hirai|Flip Turn|p1a: Dragonite
|-resisted|p1a: Dragonite
|-damage|p1a: Dragonite|96/100
|
|t:|1757808324
|switch|p2a: Ban Zamazenta|Kingambit, F, shiny, tera:Ghost|99/100|[from] Flip Turn
|-damage|p2a: Ban Zamazenta|87/100|[from] Stealth Rock
|-activate|p2a: Ban Zamazenta|ability: Supreme Overlord
|-start|p2a: Ban Zamazenta|fallen4|[silent]
|
|-heal|p2a: Ban Zamazenta|93/100|[from] item: Leftovers
|upkeep
|turn|43
|
|t:|1757808326
|move|p1a: Dragonite|Earthquake|p2a: Ban Zamazenta
|-damage|p2a: Ban Zamazenta|35/100
|move|p2a: Ban Zamazenta|Iron Head|p1a: Dragonite
|-damage|p1a: Dragonite|28/100
|
|-heal|p2a: Ban Zamazenta|41/100|[from] item: Leftovers
|upkeep
|turn|44
|
|t:|1757808333
|move|p2a: Ban Zamazenta|Sucker Punch|p1a: Dragonite
|-damage|p1a: Dragonite|0 fnt
|faint|p1a: Dragonite
|
|-heal|p2a: Ban Zamazenta|47/100|[from] item: Leftovers
|upkeep
|-message|v1n001 forfeited.
|
|win|Obito 2001
|raw|v1n001's rating: 1703 &rarr; <strong>1681</strong><br />(-22 for losing)
|raw|Obito 2001's rating: 1665 &rarr; <strong>1687</strong><br />(+22 for winning)
|l|‽v1n001
|player|p1|
