|j|☆yokodai
|j|☆XenRenTen
|t:|1757823326
|gametype|singles
|player|p1|yokodai|169|1409
|player|p2|XenRenTen|170|1479
|gen|9
|tier|[Gen 9] OU
|rated|
|rule|HP Percentage Mod: HP is shown in percentages
|rule|Endless Battle Clause: Forcing endless battles is banned
|rule|Species Clause: Limit one of each Pokémon
|rule|OHKO Clause: OHKO moves are banned
|rule|Evasion Items Clause: Evasion items are banned
|rule|Evasion Moves Clause: Evasion moves are banned
|rule|Evasion Abilities Clause: Evasion abilities are banned
|rule|Sleep Moves Clause: Sleep-inducing moves are banned
|clearpoke
|poke|p1|Mamoswine, M|
|poke|p1|Ting-Lu|
|poke|p1|Gastrodon, F|
|poke|p1|Clodsire, M|
|poke|p1|Great Tusk|
|poke|p1|Landorus-Therian, M|
|poke|p2|Dragapult, F|
|poke|p2|Great Tusk|
|poke|p2|Heatran, M|
|poke|p2|Iron Hands|
|poke|p2|Iron Crown|
|poke|p2|Ogerpon-Wellspring, F|
|teampreview
|inactive|Battle timer is ON: inactive players will automatically lose when time's up. (requested by XenRenTen)
|
|t:|1757823343
|teamsize|p1|6
|teamsize|p2|6
|start
|switch|p1a: Gastrodon|Gastrodon, F|100/100
|switch|p2a: Dragapult|Dragapult, F|100/100
|turn|1
|
|t:|1757823352
|move|p2a: Dragapult|U-turn|p1a: Gastrodon
|-damage|p1a: Gastrodon|71/100
|-damage|p2a: Dragapult|91/100|[from] item: Life Orb
|
|t:|1757823355
|switch|p2a: Iron Crown|Iron Crown|100/100|[from] U-turn
|move|p1a: Gastrodon|Ice Beam|p2a: Iron Crown
|-resisted|p2a: Iron Crown
|-damage|p2a: Iron Crown|91/100
|
|upkeep
|turn|2
|
|t:|1757823368
|switch|p1a: Clodsire|Clodsire, M|100/100
|move|p2a: Iron Crown|Future Sight|p1a: Clodsire
|-start|p2a: Iron Crown|move: Future Sight
|
|upkeep
|turn|3
|
|t:|1757823377
|move|p2a: Iron Crown|Tachyon Cutter|p1a: Clodsire
|-damage|p1a: Clodsire|82/100
|-damage|p1a: Clodsire|61/100
|-hitcount|p1a: Clodsire|2
|move|p1a: Clodsire|Earthquake|p2a: Iron Crown
|-supereffective|p2a: Iron Crown
|-damage|p2a: Iron Crown|39/100
|
|-heal|p1a: Clodsire|68/100|[from] item: Leftovers
|upkeep
|turn|4
|
|t:|1757823389
|-end|p2a: Iron Crown|Quark Drive|[silent]
|switch|p2a: Dragapult|Dragapult, F|91/100
|switch|p1a: Ting-Lu|Ting-Lu|100/100
|-ability|p1a: Ting-Lu|Vessel of Ruin
|
|-end|p1a: Ting-Lu|move: Future Sight
|-immune|p1a: Ting-Lu
|upkeep
|turn|5
|
|t:|1757823398
|move|p2a: Dragapult|U-turn|p1a: Ting-Lu
|-supereffective|p1a: Ting-Lu
|-damage|p1a: Ting-Lu|69/100
|-damage|p2a: Dragapult|81/100|[from] item: Life Orb
|
|t:|1757823408
|switch|p2a: Iron Hands|Iron Hands|100/100|[from] U-turn
|move|p1a: Ting-Lu|Ruination|p2a: Iron Hands
|-damage|p2a: Iron Hands|50/100
|
|upkeep
|turn|6
|
|t:|1757823416
|switch|p1a: Landorus|Landorus-Therian, M|100/100
|-ability|p1a: Landorus|Intimidate|boost
|-unboost|p2a: Iron Hands|atk|1
|move|p2a: Iron Hands|Drain Punch|p1a: Landorus
|-resisted|p1a: Landorus
|-damage|p1a: Landorus|84/100
|-heal|p2a: Iron Hands|57/100|[from] drain|[of] p1a: Landorus
|
|upkeep
|turn|7
|
|t:|1757823430
|move|p1a: Landorus|Earth Power|p2a: Iron Hands
|-supereffective|p2a: Iron Hands
|-damage|p2a: Iron Hands|0 fnt
|faint|p2a: Iron Hands
|-end|p2a: Iron Hands|Quark Drive|[silent]
|
|upkeep
|
|t:|1757823437
|switch|p2a: Ogerpon|Ogerpon-Wellspring, F|100/100
|turn|8
|
|t:|1757823451
|switch|p1a: Gastrodon|Gastrodon, F|71/100
|move|p2a: Ogerpon|Encore||[still]
|-fail|p2a: Ogerpon
|
|upkeep
|turn|9
|
|t:|1757823465
|-terastallize|p1a: Gastrodon|Normal
|move|p2a: Ogerpon|Swords Dance|p2a: Ogerpon
|-boost|p2a: Ogerpon|atk|2
|move|p1a: Gastrodon|Counter||[still]
|-fail|p1a: Gastrodon
|
|upkeep
|turn|10
|
|t:|1757823472
|switch|p1a: Landorus|Landorus-Therian, M|84/100
|-ability|p1a: Landorus|Intimidate|boost
|-unboost|p2a: Ogerpon|atk|1
|move|p2a: Ogerpon|Power Whip|p1a: Landorus
|-damage|p1a: Landorus|0 fnt
|faint|p1a: Landorus
|
|upkeep
|-message|yokodai forfeited.
|
|win|XenRenTen
|raw|yokodai's rating: 1409 &rarr; <strong>1393</strong><br />(-16 for losing)
|raw|XenRenTen's rating: 1479 &rarr; <strong>1495</strong><br />(+16 for winning)
|l|☆yokodai
|player|p1|
|l|☆XenRenTen
|player|p2|
