|j|☆thekikiofficial
|j|☆ntp69
|t:|1757844333
|gametype|singles
|player|p1|thekikiofficial|2|1207
|player|p2|ntp69|266|1142
|gen|9
|tier|[Gen 9] OU
|rated|
|rule|HP Percentage Mod: HP is shown in percentages
|rule|Endless Battle Clause: Forcing endless battles is banned
|rule|Species Clause: Limit one of each Pokémon
|rule|OHKO Clause: OHKO moves are banned
|rule|Evasion Items Clause: Evasion items are banned
|rule|Evasion Moves Clause: Evasion moves are banned
|rule|Evasion Abilities Clause: Evasion abilities are banned
|rule|Sleep Moves Clause: Sleep-inducing moves are banned
|clearpoke
|poke|p1|Gliscor, M|
|poke|p1|Cinderace, F|
|poke|p1|Meowscarada, F|
|poke|p1|Murkrow, F|
|poke|p1|Glimmora, F|
|poke|p1|Walking Wake|
|poke|p2|Jolteon, F|
|poke|p2|Pelipper, M|
|poke|p2|Barraskewda, F|
|poke|p2|Sinistcha-Masterpiece|
|poke|p2|Kilowattrel, M|
|poke|p2|Great Tusk|
|teampreview
|inactive|Battle timer is ON: inactive players will automatically lose when time's up. (requested by thekikiofficial)
|
|t:|1757844338
|teamsize|p1|6
|teamsize|p2|6
|start
|switch|p1a: Glimmora|Glimmora, F|100/100
|switch|p2a: Barraskewda|Barraskewda, F|100/100
|-item|p1a: Glimmora|Air Balloon
|turn|1
|
|t:|1757844350
|switch|p1a: Walking Wake|Walking Wake|100/100
|-enditem|p1a: Walking Wake|Booster Energy
|-activate|p1a: Walking Wake|ability: Protosynthesis|[fromitem]
|-start|p1a: Walking Wake|protosynthesisspa
|move|p2a: Barraskewda|Flip Turn|p1a: Walking Wake
|-resisted|p1a: Walking Wake
|-damage|p1a: Walking Wake|88/100
|
|t:|1757844359
|switch|p2a: Sinistcha|Sinistcha-Masterpiece|100/100|[from] Flip Turn
|
|upkeep
|turn|2
|
|t:|1757844364
|move|p1a: Walking Wake|Flamethrower|p2a: Sinistcha
|-supereffective|p2a: Sinistcha
|-damage|p2a: Sinistcha|50/100
|move|p2a: Sinistcha|Calm Mind|p2a: Sinistcha
|-boost|p2a: Sinistcha|spa|1
|-boost|p2a: Sinistcha|spd|1
|
|-heal|p2a: Sinistcha|56/100|[from] item: Leftovers
|upkeep
|turn|3
|
|t:|1757844375
|move|p1a: Walking Wake|Draco Meteor|p2a: Sinistcha
|-damage|p2a: Sinistcha|0 fnt
|-unboost|p1a: Walking Wake|spa|2
|faint|p2a: Sinistcha
|
|upkeep
|
|t:|1757844379
|switch|p2a: Pelipper|Pelipper, M|100/100
|-weather|RainDance|[from] ability: Drizzle|[of] p2a: Pelipper
|turn|4
|
|t:|1757844385
|move|p1a: Walking Wake|Scald|p2a: Pelipper
|-resisted|p2a: Pelipper
|-damage|p2a: Pelipper|74/100
|-status|p2a: Pelipper|brn
|move|p2a: Pelipper|U-turn|p1a: Walking Wake
|-damage|p1a: Walking Wake|84/100
|
|t:|1757844394
|switch|p2a: Jolteon|Jolteon, F|100/100|[from] U-turn
|
|-weather|RainDance|[upkeep]
|upkeep
|turn|5
|
|t:|1757844406
|-end|p1a: Walking Wake|Protosynthesis|[silent]
|switch|p1a: Gliscor|Gliscor, M|100/100
|move|p2a: Jolteon|Calm Mind|p2a: Jolteon
|-boost|p2a: Jolteon|spa|1
|-boost|p2a: Jolteon|spd|1
|
|-weather|RainDance|[upkeep]
|-status|p1a: Gliscor|tox|[from] item: Toxic Orb
|upkeep
|turn|6
|
|t:|1757844416
|-terastallize|p1a: Gliscor|Water
|move|p2a: Jolteon|Weather Ball|p1a: Gliscor
|-resisted|p1a: Gliscor
|-damage|p1a: Gliscor|30/100 tox
|-damage|p2a: Jolteon|91/100|[from] item: Life Orb
|move|p1a: Gliscor|Earthquake|p2a: Jolteon
|-supereffective|p2a: Jolteon
|-damage|p2a: Jolteon|0 fnt
|faint|p2a: Jolteon
|
|-weather|RainDance|[upkeep]
|-heal|p1a: Gliscor|43/100 tox|[from] ability: Poison Heal
|upkeep
|
|t:|1757844420
|switch|p2a: Kilowattrel|Kilowattrel, M|100/100
|turn|7
|
|t:|1757844442
|switch|p1a: Meowscarada|Meowscarada, F|100/100
|move|p2a: Kilowattrel|Thunder|p1a: Meowscarada
|-resisted|p1a: Meowscarada
|-damage|p1a: Meowscarada|65/100
|
|-weather|RainDance|[upkeep]
|upkeep
|turn|8
|
|t:|1757844451
|move|p2a: Kilowattrel|Hurricane|p1a: Meowscarada
|-supereffective|p1a: Meowscarada
|-damage|p1a: Meowscarada|0 fnt
|faint|p1a: Meowscarada
|
|-weather|RainDance|[upkeep]
|upkeep
|
|t:|1757844457
|switch|p1a: Cinderace|Cinderace, F|100/100
|turn|9
|
|t:|1757844461
|-terastallize|p2a: Kilowattrel|Water
|move|p1a: Cinderace|Sucker Punch|p2a: Kilowattrel
|-start|p1a: Cinderace|typechange|Dark|[from] ability: Libero
|-damage|p2a: Kilowattrel|43/100
|move|p2a: Kilowattrel|Weather Ball|p1a: Cinderace
|-damage|p1a: Cinderace|12/100
|
|-weather|RainDance|[upkeep]
|upkeep
|turn|10
|
|t:|1757844472
|switch|p2a: Barraskewda|Barraskewda, F|100/100
|move|p1a: Cinderace|Sucker Punch||[still]
|-fail|p1a: Cinderace
|
|-weather|RainDance|[upkeep]
|upkeep
|turn|11
|
|t:|1757844483
|move|p1a: Cinderace|Sucker Punch|p2a: Barraskewda
|-damage|p2a: Barraskewda|31/100
|move|p2a: Barraskewda|Poison Jab|p1a: Cinderace
|-damage|p1a: Cinderace|0 fnt
|faint|p1a: Cinderace
|
|-weather|none
|upkeep
|
|t:|1757844492
|switch|p1a: Murkrow|Murkrow, F|100/100
|turn|12
|
|t:|1757844495
|switch|p2a: Pelipper|Pelipper, M|74/100 brn
|-weather|RainDance|[from] ability: Drizzle|[of] p2a: Pelipper
|move|p1a: Murkrow|Thunder Wave||[still]
|-fail|p1a: Murkrow
|
|-weather|RainDance|[upkeep]
|-damage|p2a: Pelipper|68/100 brn|[from] brn
|upkeep
|turn|13
|
|t:|1757844504
|move|p1a: Murkrow|U-turn|p2a: Pelipper
|-resisted|p2a: Pelipper
|-damage|p2a: Pelipper|63/100 brn
|
|t:|1757844508
|switch|p1a: Walking Wake|Walking Wake|84/100|[from] U-turn
|move|p2a: Pelipper|U-turn|p1a: Walking Wake
|-damage|p1a: Walking Wake|80/100
|
|t:|1757844515
|switch|p2a: Barraskewda|Barraskewda, F|31/100|[from] U-turn
|
|-weather|RainDance|[upkeep]
|upkeep
|turn|14
|
|t:|1757844522
|move|p2a: Barraskewda|Close Combat|p1a: Walking Wake
|-damage|p1a: Walking Wake|13/100
|-unboost|p2a: Barraskewda|def|1
|-unboost|p2a: Barraskewda|spd|1
|move|p1a: Walking Wake|Scald|p2a: Barraskewda
|-resisted|p2a: Barraskewda
|-damage|p2a: Barraskewda|0 fnt
|faint|p2a: Barraskewda
|
|-weather|RainDance|[upkeep]
|upkeep
|
|t:|1757844525
|switch|p2a: Kilowattrel|Kilowattrel, M, tera:Water|43/100
|turn|15
|
|t:|1757844546
|-end|p1a: Walking Wake|Protosynthesis|[silent]
|switch|p1a: Murkrow|Murkrow, F|100/100
|move|p2a: Kilowattrel|Thunder|p1a: Murkrow
|-supereffective|p1a: Murkrow
|-damage|p1a: Murkrow|24/100
|
|-weather|RainDance|[upkeep]
|upkeep
|turn|16
|
|t:|1757844554
|move|p1a: Murkrow|Thunder Wave|p2a: Kilowattrel
|-status|p2a: Kilowattrel|par
|move|p2a: Kilowattrel|Thunder|p1a: Murkrow
|-supereffective|p1a: Murkrow
|-damage|p1a: Murkrow|0 fnt
|faint|p1a: Murkrow
|
|-weather|RainDance|[upkeep]
|upkeep
|
|t:|1757844564
|switch|p1a: Glimmora|Glimmora, F|100/100
|-item|p1a: Glimmora|Air Balloon
|turn|17
|
|t:|1757844569
|switch|p2a: Great Tusk|Great Tusk|100/100
|move|p1a: Glimmora|Energy Ball|p2a: Great Tusk
|-supereffective|p2a: Great Tusk
|-damage|p2a: Great Tusk|55/100
|
|-weather|RainDance|[upkeep]
|upkeep
|turn|18
|
|t:|1757844580
|move|p1a: Glimmora|Energy Ball|p2a: Great Tusk
|-supereffective|p2a: Great Tusk
|-damage|p2a: Great Tusk|14/100
|move|p2a: Great Tusk|Earthquake|p1a: Glimmora
|-immune|p1a: Glimmora
|
|-weather|RainDance|[upkeep]
|upkeep
|turn|19
|-message|ntp69 forfeited.
|
|win|thekikiofficial
|raw|thekikiofficial's rating: 1207 &rarr; <strong>1227</strong><br />(+20 for winning)
|raw|ntp69's rating: 1142 &rarr; <strong>1122</strong><br />(-20 for losing)
|l|☆ntp69
|player|p2|
|l|☆thekikiofficial
|player|p1|
