|j|☆Alex_B32
|j|☆ollierob1
|t:|1757954682
|gametype|singles
|player|p1|Alex_B32|102|1645
|player|p2|ollierob1|hoopster|1744
|gen|9
|tier|[Gen 9] OU
|rated|
|rule|HP Percentage Mod: HP is shown in percentages
|rule|Endless Battle Clause: Forcing endless battles is banned
|rule|Species Clause: Limit one of each Pokémon
|rule|OHKO Clause: OHKO moves are banned
|rule|Evasion Items Clause: Evasion items are banned
|rule|Evasion Moves Clause: Evasion moves are banned
|rule|Evasion Abilities Clause: Evasion abilities are banned
|rule|Sleep Moves Clause: Sleep-inducing moves are banned
|clearpoke
|poke|p1|Araquanid, F|
|poke|p1|Ogerpon-Wellspring, F|
|poke|p1|Garganacl, M|
|poke|p1|Great Tusk|
|poke|p1|Pecharunt|
|poke|p1|Raging Bolt|
|poke|p2|Garchomp, M|
|poke|p2|Hatterene, F|
|poke|p2|Kingambit, F|
|poke|p2|Kyurem|
|poke|p2|Zamazenta-*|
|poke|p2|Tornadus-Therian, M|
|teampreview
|
|t:|1757954732
|teamsize|p1|6
|teamsize|p2|6
|start
|switch|p1a: Araquanid|Araquanid, F|100/100
|switch|p2a: Tornadus|Tornadus-Therian, M|100/100
|turn|1
|
|t:|1757954739
|move|p2a: Tornadus|Knock Off|p1a: Araquanid
|-damage|p1a: Araquanid|79/100
|-enditem|p1a: Araquanid|Custap Berry|[from] move: Knock Off|[of] p2a: Tornadus
|move|p1a: Araquanid|Surf|p2a: Tornadus
|-damage|p2a: Tornadus|66/100
|
|upkeep
|turn|2
|
|t:|1757954745
|move|p2a: Tornadus|Bleakwind Storm|p1a: Araquanid
|-supereffective|p1a: Araquanid
|-crit|p1a: Araquanid
|-damage|p1a: Araquanid|0 fnt
|faint|p1a: Araquanid
|
|upkeep
|
|t:|1757954748
|switch|p1a: Garganacl|Garganacl, M|100/100
|turn|3
|
|t:|1757954754
|move|p2a: Tornadus|Knock Off|p1a: Garganacl
|-damage|p1a: Garganacl|88/100
|-enditem|p1a: Garganacl|Leftovers|[from] move: Knock Off|[of] p2a: Tornadus
|move|p1a: Garganacl|Salt Cure|p2a: Tornadus
|-supereffective|p2a: Tornadus
|-damage|p2a: Tornadus|33/100
|-start|p2a: Tornadus|Salt Cure
|
|-damage|p2a: Tornadus|21/100|[from] Salt Cure
|upkeep
|turn|4
|
|t:|1757954781
|switch|p2a: Hatterene|Hatterene, F|100/100
|move|p1a: Garganacl|Salt Cure|p2a: Hatterene
|-damage|p2a: Hatterene|88/100
|-start|p2a: Hatterene|Salt Cure
|
|-damage|p2a: Hatterene|76/100|[from] Salt Cure
|upkeep
|turn|5
|
|t:|1757954803
|move|p2a: Hatterene|Draining Kiss|p1a: Garganacl
|-damage|p1a: Garganacl|72/100
|-heal|p2a: Hatterene|91/100|[from] drain|[of] p1a: Garganacl
|move|p1a: Garganacl|Earthquake|p2a: Hatterene
|-damage|p2a: Hatterene|70/100
|
|-damage|p2a: Hatterene|58/100|[from] Salt Cure
|upkeep
|turn|6
|
|t:|1757954812
|switch|p1a: Pecharunt|Pecharunt|100/100
|move|p2a: Hatterene|Psychic Noise|p1a: Pecharunt
|-supereffective|p1a: Pecharunt
|-damage|p1a: Pecharunt|28/100
|-start|p1a: Pecharunt|move: Heal Block
|
|-damage|p2a: Hatterene|46/100|[from] Salt Cure
|upkeep
|turn|7
|
|t:|1757954829
|switch|p2a: Kingambit|Kingambit, F|100/100
|move|p1a: Pecharunt|Malignant Chain|p2a: Kingambit
|-immune|p2a: Kingambit
|
|-end|p1a: Pecharunt|move: Heal Block
|upkeep
|turn|8
|
|t:|1757954835
|move|p1a: Pecharunt|Parting Shot|p2a: Kingambit
|-unboost|p2a: Kingambit|atk|1
|-unboost|p2a: Kingambit|spa|1
|
|t:|1757954837
|switch|p1a: Raging Bolt|Raging Bolt|100/100|[from] Parting Shot
|-enditem|p1a: Raging Bolt|Booster Energy
|-activate|p1a: Raging Bolt|ability: Protosynthesis|[fromitem]
|-start|p1a: Raging Bolt|protosynthesisspa
|move|p2a: Kingambit|Kowtow Cleave|p1a: Raging Bolt
|-crit|p1a: Raging Bolt
|-damage|p1a: Raging Bolt|39/100
|
|upkeep
|turn|9
|
|t:|1757954857
|-end|p2a: Kingambit|fallenundefined|[silent]
|switch|p2a: Hatterene|Hatterene, F|46/100
|move|p1a: Raging Bolt|Thunderbolt|p2a: Hatterene
|-damage|p2a: Hatterene|0 fnt
|faint|p2a: Hatterene
|
|upkeep
|
|t:|1757954863
|switch|p2a: Garchomp|Garchomp, M|100/100
|turn|10
|
|t:|1757954871
|move|p2a: Garchomp|Earthquake|p1a: Raging Bolt
|-supereffective|p1a: Raging Bolt
|-damage|p1a: Raging Bolt|0 fnt
|faint|p1a: Raging Bolt
|-end|p1a: Raging Bolt|Protosynthesis|[silent]
|
|upkeep
|
|t:|1757954873
|switch|p1a: Ogerpon|Ogerpon-Wellspring, F|100/100
|turn|11
|
|t:|1757954877
|-terastallize|p1a: Ogerpon|Water
|detailschange|p1a: Ogerpon|Ogerpon-Wellspring-Tera, F, tera:Water
|-ability|p1a: Ogerpon|Embody Aspect (Wellspring)|boost
|-boost|p1a: Ogerpon|spd|1
|move|p1a: Ogerpon|Swords Dance|p1a: Ogerpon
|-boost|p1a: Ogerpon|atk|2
|move|p2a: Garchomp|Fling|p1a: Ogerpon
|-damage|p1a: Ogerpon|88/100
|-status|p1a: Ogerpon|par
|-enditem|p2a: Garchomp|Light Ball|[from] move: Fling
|
|upkeep
|turn|12
|
|t:|1757954889
|move|p2a: Garchomp|Earthquake|p1a: Ogerpon
|-damage|p1a: Ogerpon|30/100 par
|move|p1a: Ogerpon|Horn Leech|p2a: Garchomp
|-damage|p2a: Garchomp|45/100
|-heal|p1a: Ogerpon|69/100 par|[from] drain|[of] p2a: Garchomp
|-damage|p1a: Ogerpon|56/100 par|[from] ability: Rough Skin|[of] p2a: Garchomp
|
|upkeep
|turn|13
|-message|Alex_B32 forfeited.
|
|win|ollierob1
|raw|Alex_B32's rating: 1645 &rarr; <strong>1631</strong><br />(-14 for losing)
|raw|ollierob1's rating: 1744 &rarr; <strong>1758</strong><br />(+14 for winning)
|l|☆Alex_B32
|player|p1|
|l|☆ollierob1
|player|p2|
