|j|☆the_real_janine_17
|j|☆Ulmersglue
|t:|1757825753
|gametype|singles
|player|p1|the_real_janine_17|janine|1383
|player|p2|Ulmersglue|clair|1391
|gen|9
|tier|[Gen 9] OU
|rated|
|rule|HP Percentage Mod: HP is shown in percentages
|rule|Endless Battle Clause: Forcing endless battles is banned
|rule|Species Clause: Limit one of each Pokémon
|rule|OHKO Clause: OHKO moves are banned
|rule|Evasion Items Clause: Evasion items are banned
|rule|Evasion Moves Clause: Evasion moves are banned
|rule|Evasion Abilities Clause: Evasion abilities are banned
|rule|Sleep Moves Clause: Sleep-inducing moves are banned
|clearpoke
|poke|p1|Keldeo-Resolute|
|poke|p1|Ogerpon-Wellspring, F|
|poke|p1|Enamorus, F|
|poke|p1|Iron Moth|
|poke|p1|Dragapult, F|
|poke|p1|Iron Treads|
|poke|p2|Kingambit, F|
|poke|p2|Deoxys-Speed|
|poke|p2|Great Tusk|
|poke|p2|Dragonite, M|
|poke|p2|Iron Moth|
|poke|p2|Primarina, M|
|teampreview
|
|t:|1757825783
|teamsize|p1|6
|teamsize|p2|6
|start
|switch|p1a: Enamorus|Enamorus, F|100/100
|switch|p2a: Deoxys|Deoxys-Speed|100/100
|-ability|p2a: Deoxys|Pressure
|turn|1
|
|t:|1757825791
|move|p2a: Deoxys|Psycho Boost|p1a: Enamorus
|-damage|p1a: Enamorus|0 fnt
|-unboost|p2a: Deoxys|spa|2
|faint|p1a: Enamorus
|-damage|p2a: Deoxys|91/100|[from] item: Life Orb
|
|upkeep
|
|t:|1757825796
|switch|p1a: Ogerpon|Ogerpon-Wellspring, F|100/100
|turn|2
|
|t:|1757825807
|move|p2a: Deoxys|Psycho Boost|p1a: Ogerpon
|-damage|p1a: Ogerpon|50/100
|-unboost|p2a: Deoxys|spa|2
|-damage|p2a: Deoxys|81/100|[from] item: Life Orb
|move|p1a: Ogerpon|Spikes|p2a: Deoxys
|-sidestart|p2: Ulmersglue|Spikes
|
|upkeep
|turn|3
|
|t:|1757825830
|switch|p2a: Dragonite|Dragonite, M, shiny|100/100
|move|p1a: Ogerpon|Ivy Cudgel|p2a: Dragonite|[anim] Ivy Cudgel Water
|-resisted|p2a: Dragonite
|-damage|p2a: Dragonite|86/100
|
|upkeep
|turn|4
|
|t:|1757825841
|switch|p1a: Iron Treads|Iron Treads|100/100
|move|p2a: Dragonite|Outrage|p1a: Iron Treads
|-resisted|p1a: Iron Treads
|-damage|p1a: Iron Treads|66/100
|-damage|p2a: Dragonite|69/100|[from] item: Rocky Helmet|[of] p1a: Iron Treads
|
|upkeep
|turn|5
|inactive|Battle timer is ON: inactive players will automatically lose when time's up. (requested by the_real_janine_17)
|
|t:|1757825849
|move|p2a: Dragonite|Outrage|p1a: Iron Treads|[from] lockedmove
|-resisted|p1a: Iron Treads
|-damage|p1a: Iron Treads|27/100
|-damage|p2a: Dragonite|52/100|[from] item: Rocky Helmet|[of] p1a: Iron Treads
|-start|p2a: Dragonite|confusion|[fatigue]
|move|p1a: Iron Treads|Ice Spinner|p2a: Dragonite
|-supereffective|p2a: Dragonite
|-damage|p2a: Dragonite|0 fnt
|faint|p2a: Dragonite
|
|upkeep
|
|t:|1757825861
|switch|p2a: Great Tusk|Great Tusk|100/100
|-damage|p2a: Great Tusk|88/100|[from] Spikes
|-enditem|p2a: Great Tusk|Booster Energy
|-activate|p2a: Great Tusk|ability: Protosynthesis|[fromitem]
|-start|p2a: Great Tusk|protosynthesisatk
|turn|6
|
|t:|1757825873
|move|p2a: Great Tusk|Headlong Rush|p1a: Iron Treads
|-supereffective|p1a: Iron Treads
|-damage|p1a: Iron Treads|0 fnt
|-unboost|p2a: Great Tusk|def|1
|-unboost|p2a: Great Tusk|spd|1
|-damage|p2a: Great Tusk|72/100|[from] item: Rocky Helmet|[of] p1a: Iron Treads
|faint|p1a: Iron Treads
|-end|p1a: Iron Treads|Quark Drive|[silent]
|
|upkeep
|
|t:|1757825875
|switch|p1a: Ogerpon|Ogerpon-Wellspring, F|50/100
|turn|7
|
|t:|1757825882
|-terastallize|p2a: Great Tusk|Steel
|move|p1a: Ogerpon|Ivy Cudgel|p2a: Great Tusk|[anim] Ivy Cudgel Water
|-damage|p2a: Great Tusk|7/100
|move|p2a: Great Tusk|Close Combat|p1a: Ogerpon
|-damage|p1a: Ogerpon|0 fnt
|-unboost|p2a: Great Tusk|def|1
|-unboost|p2a: Great Tusk|spd|1
|faint|p1a: Ogerpon
|
|upkeep
|inactive|the_real_janine_17 has 120 seconds left.
|
|t:|1757825913
|switch|p1a: Iron Moth|Iron Moth|100/100
|-enditem|p1a: Iron Moth|Booster Energy
|-activate|p1a: Iron Moth|ability: Quark Drive|[fromitem]
|-start|p1a: Iron Moth|quarkdrivespa
|turn|8
|
|t:|1757825916
|move|p1a: Iron Moth|Fiery Dance|p2a: Great Tusk
|-supereffective|p2a: Great Tusk
|-damage|p2a: Great Tusk|0 fnt
|-boost|p1a: Iron Moth|spa|1
|faint|p2a: Great Tusk
|-end|p2a: Great Tusk|Protosynthesis|[silent]
|
|upkeep
|inactive|Ulmersglue has 120 seconds left.
|
|t:|1757825952
|switch|p2a: Deoxys|Deoxys-Speed|81/100
|-damage|p2a: Deoxys|69/100|[from] Spikes
|-ability|p2a: Deoxys|Pressure
|turn|9
|
|t:|1757825976
|-terastallize|p1a: Iron Moth|Grass
|move|p2a: Deoxys|Psycho Boost|p1a: Iron Moth
|-damage|p1a: Iron Moth|14/100
|-unboost|p2a: Deoxys|spa|2
|-damage|p2a: Deoxys|59/100|[from] item: Life Orb
|move|p1a: Iron Moth|Agility|p1a: Iron Moth
|-boost|p1a: Iron Moth|spe|2
|
|upkeep
|turn|10
|
|t:|1757825993
|switch|p2a: Iron Moth|Iron Moth|100/100
|-damage|p2a: Iron Moth|88/100|[from] Spikes
|-enditem|p2a: Iron Moth|Booster Energy
|-activate|p2a: Iron Moth|ability: Quark Drive|[fromitem]
|-start|p2a: Iron Moth|quarkdrivespe
|move|p1a: Iron Moth|Fiery Dance|p2a: Iron Moth
|-resisted|p2a: Iron Moth
|-damage|p2a: Iron Moth|41/100
|
|upkeep
|turn|11
|
|t:|1757826004
|move|p1a: Iron Moth|Sludge Wave|p2a: Iron Moth
|-resisted|p2a: Iron Moth
|-damage|p2a: Iron Moth|0 fnt
|faint|p2a: Iron Moth
|-end|p2a: Iron Moth|Quark Drive|[silent]
|
|upkeep
|
|t:|1757826012
|switch|p2a: Kingambit|Kingambit, F|100/100
|-damage|p2a: Kingambit|88/100|[from] Spikes
|-activate|p2a: Kingambit|ability: Supreme Overlord
|-start|p2a: Kingambit|fallen3|[silent]
|turn|12
|inactive|the_real_janine_17 has 120 seconds left.
|
|t:|1757826046
|move|p2a: Kingambit|Sucker Punch||[still]
|-fail|p2a: Kingambit
|move|p1a: Iron Moth|Agility|p1a: Iron Moth
|-boost|p1a: Iron Moth|spe|2
|
|-heal|p2a: Kingambit|94/100|[from] item: Leftovers
|upkeep
|turn|13
|
|t:|1757826049
|move|p2a: Kingambit|Sucker Punch||[still]
|-fail|p2a: Kingambit
|move|p1a: Iron Moth|Agility|p1a: Iron Moth
|-boost|p1a: Iron Moth|spe|2
|
|-heal|p2a: Kingambit|99/100|[from] item: Leftovers
|upkeep
|turn|14
|
|t:|1757826051
|move|p2a: Kingambit|Sucker Punch||[still]
|-fail|p2a: Kingambit
|move|p1a: Iron Moth|Agility|p1a: Iron Moth
|-boost|p1a: Iron Moth|spe|0
|
|-heal|p2a: Kingambit|100/100|[from] item: Leftovers
|upkeep
|turn|15
|
|t:|1757826052
|move|p2a: Kingambit|Sucker Punch||[still]
|-fail|p2a: Kingambit
|move|p1a: Iron Moth|Agility|p1a: Iron Moth
|-boost|p1a: Iron Moth|spe|0
|
|upkeep
|turn|16
|
|t:|1757826054
|move|p2a: Kingambit|Sucker Punch||[still]
|-fail|p2a: Kingambit
|move|p1a: Iron Moth|Agility|p1a: Iron Moth
|-boost|p1a: Iron Moth|spe|0
|
|upkeep
|turn|17
|
|t:|1757826055
|move|p2a: Kingambit|Sucker Punch|p1a: Iron Moth
|-damage|p1a: Iron Moth|0 fnt
|faint|p1a: Iron Moth
|-end|p1a: Iron Moth|Quark Drive|[silent]
|
|upkeep
|
|t:|1757826058
|switch|p1a: Keldeo|Keldeo-Resolute|100/100
|turn|18
|
|t:|1757826063
|-end|p2a: Kingambit|fallen3|[silent]
|switch|p2a: Primarina|Primarina, M|100/100
|-damage|p2a: Primarina|88/100|[from] Spikes
|move|p1a: Keldeo|Secret Sword|p2a: Primarina
|-resisted|p2a: Primarina
|-damage|p2a: Primarina|44/100
|
|upkeep
|turn|19
|
|t:|1757826082
|move|p1a: Keldeo|Secret Sword|p2a: Primarina
|-resisted|p2a: Primarina
|-damage|p2a: Primarina|0 fnt
|faint|p2a: Primarina
|
|upkeep
|
|t:|1757826086
|switch|p2a: Deoxys|Deoxys-Speed|59/100
|-damage|p2a: Deoxys|46/100|[from] Spikes
|-ability|p2a: Deoxys|Pressure
|turn|20
|
|t:|1757826094
|switch|p1a: Dragapult|Dragapult, F|100/100
|move|p2a: Deoxys|Psycho Boost|p1a: Dragapult
|-damage|p1a: Dragapult|0 fnt
|-unboost|p2a: Deoxys|spa|2
|faint|p1a: Dragapult
|-damage|p2a: Deoxys|37/100|[from] item: Life Orb
|
|upkeep
|
|t:|1757826099
|switch|p1a: Keldeo|Keldeo-Resolute|100/100
|turn|21
|
|t:|1757826118
|switch|p2a: Kingambit|Kingambit, F|100/100
|-damage|p2a: Kingambit|88/100|[from] Spikes
|-activate|p2a: Kingambit|ability: Supreme Overlord
|-start|p2a: Kingambit|fallen4|[silent]
|move|p1a: Keldeo|Vacuum Wave|p2a: Kingambit
|-supereffective|p2a: Kingambit
|-damage|p2a: Kingambit|0 fnt
|faint|p2a: Kingambit
|-end|p2a: Kingambit|fallen4|[silent]
|
|upkeep
|
|t:|1757826120
|switch|p2a: Deoxys|Deoxys-Speed|37/100
|-damage|p2a: Deoxys|24/100|[from] Spikes
|-ability|p2a: Deoxys|Pressure
|turn|22
|
|t:|1757826128
|move|p1a: Keldeo|Vacuum Wave|p2a: Deoxys
|-resisted|p2a: Deoxys
|-crit|p2a: Deoxys
|-damage|p2a: Deoxys|0 fnt
|faint|p2a: Deoxys
|
|win|the_real_janine_17
|raw|the_real_janine_17's rating: 1367 &rarr; <strong>1388</strong><br />(+21 for winning)
|raw|Ulmersglue's rating: 1391 &rarr; <strong>1370</strong><br />(-21 for losing)
|l|☆the_real_janine_17
|player|p1|
|l|☆Ulmersglue
|player|p2|
