|j|☆tscher
|j|☆ZaneErik
|t:|1757837386
|gametype|singles
|player|p1|tscher|102|1244
|player|p2|ZaneErik|265|1231
|gen|9
|tier|[Gen 9] OU
|rated|
|rule|HP Percentage Mod: HP is shown in percentages
|rule|Endless Battle Clause: Forcing endless battles is banned
|rule|Species Clause: Limit one of each Pokémon
|rule|OHKO Clause: OHKO moves are banned
|rule|Evasion Items Clause: Evasion items are banned
|rule|Evasion Moves Clause: Evasion moves are banned
|rule|Evasion Abilities Clause: Evasion abilities are banned
|rule|Sleep Moves Clause: Sleep-inducing moves are banned
|clearpoke
|poke|p1|Froslass, F|
|poke|p1|Darkrai|
|poke|p1|Heatran, F|
|poke|p1|Great Tusk|
|poke|p1|Scizor, M|
|poke|p1|Weavile, F|
|poke|p2|Hoopa-Unbound|
|poke|p2|Ribombee, F|
|poke|p2|Gholdengo|
|poke|p2|Landorus-Therian, M|
|poke|p2|Raging Bolt|
|poke|p2|Mandibuzz, F|
|teampreview
|inactive|Battle timer is ON: inactive players will automatically lose when time's up. (requested by tscher)
|
|t:|1757837405
|teamsize|p1|6
|teamsize|p2|6
|start
|switch|p1a: Froslass|Froslass, F|100/100
|switch|p2a: Ribombee|Ribombee, F, shiny|100/100
|turn|1
|
|t:|1757837415
|move|p1a: Froslass|Trick|p2a: Ribombee
|-activate|p1a: Froslass|move: Trick|[of] p2a: Ribombee
|-item|p2a: Ribombee|Choice Scarf|[from] move: Trick
|-item|p1a: Froslass|Focus Sash|[from] move: Trick
|move|p2a: Ribombee|Stun Spore|p1a: Froslass
|-status|p1a: Froslass|par
|
|upkeep
|turn|2
|
|t:|1757837436
|switch|p2a: Hoopa|Hoopa-Unbound|100/100
|move|p1a: Froslass|Spikes|p2a: Hoopa
|-sidestart|p2: ZaneErik|Spikes
|
|upkeep
|turn|3
|
|t:|1757837459
|switch|p1a: Heatran|Heatran, F|100/100
|move|p2a: Hoopa|Zen Headbutt|p1a: Heatran
|-resisted|p1a: Heatran
|-crit|p1a: Heatran
|-damage|p1a: Heatran|36/100
|
|-heal|p1a: Heatran|42/100|[from] item: Leftovers
|upkeep
|turn|4
|
|t:|1757837466
|move|p2a: Hoopa|Zen Headbutt|p1a: Heatran
|-resisted|p1a: Heatran
|-damage|p1a: Heatran|0 fnt
|faint|p1a: Heatran
|
|upkeep
|
|t:|1757837473
|switch|p1a: Weavile|Weavile, F|100/100
|-ability|p1a: Weavile|Pressure
|turn|5
|
|t:|1757837486
|switch|p2a: Gholdengo|Gholdengo, shiny|100/100
|-item|p2a: Gholdengo|Air Balloon
|move|p1a: Weavile|Swords Dance|p1a: Weavile
|-boost|p1a: Weavile|atk|2
|
|upkeep
|turn|6
|inactive|ZaneErik has 120 seconds left.
|
|t:|1757837519
|switch|p2a: Landorus|Landorus-Therian, M|100/100
|-ability|p2a: Landorus|Intimidate|boost
|-unboost|p1a: Weavile|atk|1
|move|p1a: Weavile|Triple Axel|p2a: Landorus
|-supereffective|p2a: Landorus
|-damage|p2a: Landorus|37/100
|-supereffective|p2a: Landorus
|-damage|p2a: Landorus|0 fnt
|faint|p2a: Landorus
|-hitcount|p2: Landorus|2
|
|upkeep
|inactive|ZaneErik has 120 seconds left.
|
|t:|1757837538
|switch|p2a: Ribombee|Ribombee, F, shiny|100/100
|-damage|p2a: Ribombee|88/100|[from] Spikes
|turn|7
|
|t:|1757837544
|switch|p1a: Scizor|Scizor, M|100/100
|move|p2a: Ribombee|Moonblast|p1a: Scizor
|-resisted|p1a: Scizor
|-damage|p1a: Scizor|76/100
|
|upkeep
|turn|8
|
|t:|1757837552
|switch|p2a: Mandibuzz|Mandibuzz, F|100/100
|move|p1a: Scizor|Bullet Punch|p2a: Mandibuzz
|-damage|p2a: Mandibuzz|72/100
|
|upkeep
|turn|9
|
|t:|1757837558
|move|p2a: Mandibuzz|U-turn|p1a: Scizor
|-resisted|p1a: Scizor
|-damage|p1a: Scizor|68/100
|inactive|ZaneErik has 120 seconds left.
|
|t:|1757837577
|switch|p2a: Raging Bolt|Raging Bolt|100/100|[from] U-turn
|-damage|p2a: Raging Bolt|88/100|[from] Spikes
|move|p1a: Scizor|Knock Off|p2a: Raging Bolt
|-damage|p2a: Raging Bolt|60/100
|-enditem|p2a: Raging Bolt|Assault Vest|[from] move: Knock Off|[of] p1a: Scizor
|
|upkeep
|turn|10
|
|t:|1757837587
|move|p2a: Raging Bolt|Thunderbolt|p1a: Scizor
|-damage|p1a: Scizor|6/100
|move|p1a: Scizor|U-turn|p2a: Raging Bolt
|-damage|p2a: Raging Bolt|25/100
|
|t:|1757837591
|switch|p1a: Froslass|Froslass, F|100/100 par|[from] U-turn
|
|upkeep
|turn|11
|
|t:|1757837599
|move|p2a: Raging Bolt|Thunderbolt|p1a: Froslass
|-damage|p1a: Froslass|17/100 par
|cant|p1a: Froslass|par
|
|upkeep
|turn|12
|inactive|ZaneErik has 120 seconds left.
|
|t:|1757837625
|move|p2a: Raging Bolt|Thunderbolt|p1a: Froslass
|-damage|p1a: Froslass|0 fnt
|-start|p2a: Raging Bolt|Disable|Thunderbolt|[from] ability: Cursed Body|[of] p1a: Froslass
|faint|p1a: Froslass
|
|upkeep
|
|t:|1757837635
|switch|p1a: Great Tusk|Great Tusk|100/100
|turn|13
|
|t:|1757837649
|-end|p2a: Raging Bolt|Protosynthesis|[silent]
|switch|p2a: Gholdengo|Gholdengo, shiny|100/100
|-item|p2a: Gholdengo|Air Balloon
|move|p1a: Great Tusk|Ice Spinner|p2a: Gholdengo
|-resisted|p2a: Gholdengo
|-damage|p2a: Gholdengo|84/100
|-enditem|p2a: Gholdengo|Air Balloon
|
|upkeep
|turn|14
|
|t:|1757837660
|-terastallize|p2a: Gholdengo|Flying
|move|p1a: Great Tusk|Headlong Rush|p2a: Gholdengo
|-immune|p2a: Gholdengo
|move|p2a: Gholdengo|Make It Rain|p1a: Great Tusk
|-damage|p1a: Great Tusk|11/100
|-unboost|p2a: Gholdengo|spa|1
|
|upkeep
|turn|15
|inactive|ZaneErik has 120 seconds left.
|
|t:|1757837676
|switch|p2a: Raging Bolt|Raging Bolt|25/100
|-damage|p2a: Raging Bolt|13/100|[from] Spikes
|move|p1a: Great Tusk|Ice Spinner|p2a: Raging Bolt
|-supereffective|p2a: Raging Bolt
|-damage|p2a: Raging Bolt|0 fnt
|faint|p2a: Raging Bolt
|-end|p2a: Raging Bolt|Protosynthesis|[silent]
|
|upkeep
|
|t:|1757837679
|switch|p2a: Ribombee|Ribombee, F, shiny|88/100
|-damage|p2a: Ribombee|76/100|[from] Spikes
|turn|16
|
|t:|1757837684
|move|p2a: Ribombee|Moonblast|p1a: Great Tusk
|-supereffective|p1a: Great Tusk
|-damage|p1a: Great Tusk|0 fnt
|faint|p1a: Great Tusk
|-end|p1a: Great Tusk|Protosynthesis|[silent]
|
|upkeep
|
|t:|1757837699
|switch|p1a: Scizor|Scizor, M|6/100
|turn|17
|
|t:|1757837713
|switch|p2a: Gholdengo|Gholdengo, shiny, tera:Flying|84/100
|move|p1a: Scizor|Bullet Punch|p2a: Gholdengo
|-damage|p2a: Gholdengo|41/100
|
|upkeep
|turn|18
|
|t:|1757837720
|move|p1a: Scizor|Bullet Punch|p2a: Gholdengo
|-damage|p2a: Gholdengo|2/100
|move|p2a: Gholdengo|Thunder Wave|p1a: Scizor
|-status|p1a: Scizor|par
|
|upkeep
|turn|19
|
|t:|1757837740
|switch|p2a: Mandibuzz|Mandibuzz, F|72/100
|move|p1a: Scizor|U-turn|p2a: Mandibuzz
|-damage|p2a: Mandibuzz|43/100
|
|t:|1757837744
|switch|p1a: Weavile|Weavile, F|100/100|[from] U-turn
|-ability|p1a: Weavile|Pressure
|
|upkeep
|turn|20
|
|t:|1757837752
|move|p1a: Weavile|Triple Axel|p2a: Mandibuzz|[miss]
|-miss|p1a: Weavile|p2a: Mandibuzz
|move|p2a: Mandibuzz|Defog|p1a: Weavile
|-unboost|p1a: Weavile|evasion|1
|-sideend|p2: ZaneErik|Spikes|[from] move: Defog|[of] p2a: Mandibuzz
|
|upkeep
|turn|21
|
|t:|1757837756
|move|p1a: Weavile|Triple Axel|p2a: Mandibuzz
|-supereffective|p2a: Mandibuzz
|-crit|p2a: Mandibuzz
|-damage|p2a: Mandibuzz|19/100
|-supereffective|p2a: Mandibuzz
|-damage|p2a: Mandibuzz|0 fnt
|faint|p2a: Mandibuzz
|-hitcount|p2: Mandibuzz|2
|
|upkeep
|
|t:|1757837762
|switch|p2a: Ribombee|Ribombee, F, shiny|76/100
|turn|22
|
|t:|1757837771
|move|p2a: Ribombee|Moonblast|p1a: Weavile
|-supereffective|p1a: Weavile
|-damage|p1a: Weavile|0 fnt
|faint|p1a: Weavile
|
|upkeep
|
|t:|1757837776
|switch|p1a: Darkrai|Darkrai|100/100
|turn|23
|
|t:|1757837781
|-terastallize|p1a: Darkrai|Poison
|move|p2a: Ribombee|Moonblast|p1a: Darkrai
|-resisted|p1a: Darkrai
|-damage|p1a: Darkrai|73/100
|move|p1a: Darkrai|Sludge Bomb|p2a: Ribombee
|-supereffective|p2a: Ribombee
|-crit|p2a: Ribombee
|-damage|p2a: Ribombee|0 fnt
|faint|p2a: Ribombee
|
|upkeep
|
|t:|1757837808
|switch|p2a: Hoopa|Hoopa-Unbound|100/100
|turn|24
|
|t:|1757837817
|move|p1a: Darkrai|Dark Pulse|p2a: Hoopa
|-damage|p2a: Hoopa|64/100
|move|p2a: Hoopa|Hyperspace Fury|p1a: Darkrai
|-damage|p1a: Darkrai|0 fnt
|-unboost|p2a: Hoopa|def|1
|faint|p1a: Darkrai
|
|upkeep
|
|t:|1757837822
|switch|p1a: Scizor|Scizor, M|6/100 par
|turn|25
|
|t:|1757837829
|move|p1a: Scizor|Bullet Punch|p2a: Hoopa
|-damage|p2a: Hoopa|0 fnt
|faint|p2a: Hoopa
|
|upkeep
|
|t:|1757837831
|switch|p2a: Gholdengo|Gholdengo, shiny, tera:Flying|2/100
|turn|26
|
|t:|1757837835
|move|p1a: Scizor|Bullet Punch|p2a: Gholdengo
|-damage|p2a: Gholdengo|0 fnt
|faint|p2a: Gholdengo
|
|win|tscher
|raw|tscher's rating: 1225 &rarr; <strong>1250</strong><br />(+25 for winning)
|raw|ZaneErik's rating: 1231 &rarr; <strong>1206</strong><br />(-25 for losing)
|l|☆ZaneErik
|player|p2|
|l|☆tscher
|player|p1|
