|j|☆JeanBaptisteIRL
|j|☆22doodle
|t:|1757926382
|gametype|singles
|player|p1|JeanBaptisteIRL|scientist-gen4|1465
|player|p2|22doodle|lucas|1496
|gen|9
|tier|[Gen 9] OU
|rated|
|rule|HP Percentage Mod: HP is shown in percentages
|rule|Endless Battle Clause: Forcing endless battles is banned
|rule|Species Clause: Limit one of each Pokémon
|rule|OHKO Clause: OHKO moves are banned
|rule|Evasion Items Clause: Evasion items are banned
|rule|Evasion Moves Clause: Evasion moves are banned
|rule|Evasion Abilities Clause: Evasion abilities are banned
|rule|Sleep Moves Clause: Sleep-inducing moves are banned
|clearpoke
|poke|p1|Zamazenta-*|
|poke|p1|Araquanid, M|
|poke|p1|Serperior, M|
|poke|p1|Corviknight, M|
|poke|p1|Hatterene, F|
|poke|p1|Gliscor, M|
|poke|p2|Dragonite, F|
|poke|p2|Iron Treads|
|poke|p2|Samurott-Hisui, F|
|poke|p2|Moltres|
|poke|p2|Dragapult, F|
|poke|p2|Slowking-Galar, L99, F|
|teampreview
|
|t:|1757926445
|teamsize|p1|6
|teamsize|p2|6
|start
|switch|p1a: Zamazenta|Zamazenta|100/100
|switch|p2a: water cooler|Samurott-Hisui, F|100/100
|-ability|p1a: Zamazenta|Dauntless Shield|boost
|-boost|p1a: Zamazenta|def|1
|turn|1
|
|t:|1757926456
|move|p1a: Zamazenta|Body Press|p2a: water cooler
|-supereffective|p2a: water cooler
|-damage|p2a: water cooler|0 fnt
|faint|p2a: water cooler
|
|upkeep
|
|t:|1757926459
|switch|p2a: knightmare|Dragapult, F, shiny|100/100
|turn|2
|
|t:|1757926470
|switch|p1a: Hatterene|Hatterene, F|100/100
|move|p2a: knightmare|U-turn|p1a: Hatterene
|-damage|p1a: Hatterene|78/100
|
|t:|1757926478
|switch|p2a: prugs|Slowking-Galar, L99, F, shiny|100/100|[from] U-turn
|
|upkeep
|turn|3
|
|t:|1757926491
|switch|p1a: Araquanid|Araquanid, M|100/100
|move|p2a: prugs|Sludge Bomb|p1a: Araquanid
|-damage|p1a: Araquanid|81/100
|
|upkeep
|turn|4
|
|t:|1757926498
|move|p1a: Araquanid|Sticky Web|p2a: prugs
|-sidestart|p2: 22doodle|move: Sticky Web
|move|p2a: prugs|Toxic|p1a: Araquanid
|-status|p1a: Araquanid|tox
|
|-damage|p1a: Araquanid|75/100 tox|[from] psn
|upkeep
|turn|5
|
|t:|1757926509
|move|p1a: Araquanid|Liquidation|p2a: prugs
|-damage|p2a: prugs|43/100
|-prepare|p2a: prugs|Chilly Reception|[premajor]
|move|p2a: prugs|Chilly Reception|p2a: prugs
|-weather|Snowscape
|
|t:|1757926531
|switch|p2a: to hell|Dragonite, F|100/100|[from] Chilly Reception
|
|-weather|Snowscape|[upkeep]
|-damage|p1a: Araquanid|62/100 tox|[from] psn
|upkeep
|turn|6
|
|t:|1757926543
|move|p2a: to hell|Dragon Dance|p2a: to hell
|-boost|p2a: to hell|atk|1
|-boost|p2a: to hell|spe|1
|move|p1a: Araquanid|Endeavor|p2a: to hell
|-damage|p2a: to hell|55/100
|
|-weather|Snowscape|[upkeep]
|-damage|p1a: Araquanid|44/100 tox|[from] psn
|upkeep
|turn|7
|
|t:|1757926565
|move|p2a: to hell|Dragon Dance|p2a: to hell
|-boost|p2a: to hell|atk|1
|-boost|p2a: to hell|spe|1
|move|p1a: Araquanid|Liquidation|p2a: to hell
|-resisted|p2a: to hell
|-damage|p2a: to hell|30/100
|
|-weather|Snowscape|[upkeep]
|-damage|p1a: Araquanid|19/100 tox|[from] psn
|upkeep
|turn|8
|
|t:|1757926576
|move|p2a: to hell|Roost|p2a: to hell
|-heal|p2a: to hell|80/100
|-singleturn|p2a: to hell|move: Roost
|move|p1a: Araquanid|Endeavor|p2a: to hell
|-damage|p2a: to hell|17/100
|
|-weather|Snowscape|[upkeep]
|-damage|p1a: Araquanid|0 fnt|[from] psn
|faint|p1a: Araquanid
|upkeep
|
|t:|1757926588
|switch|p1a: Zamazenta|Zamazenta|100/100
|turn|9
|
|t:|1757926595
|-terastallize|p2a: to hell|Flying
|move|p2a: to hell|Tera Blast|p1a: Zamazenta|[anim] Tera Blast Flying
|-supereffective|p1a: Zamazenta
|-damage|p1a: Zamazenta|0 fnt
|faint|p1a: Zamazenta
|
|-weather|none
|upkeep
|
|t:|1757926605
|switch|p1a: Corviknight|Corviknight, M|100/100
|turn|10
|
|t:|1757926611
|move|p2a: to hell|Roost|p2a: to hell
|-heal|p2a: to hell|67/100
|-hint|If a Terastallized Pokemon uses Roost, it remains Flying-type.
|move|p1a: Corviknight|Iron Head|p2a: to hell
|-damage|p2a: to hell|25/100
|
|upkeep
|turn|11
|
|t:|1757926618
|move|p2a: to hell|Roost|p2a: to hell
|-heal|p2a: to hell|75/100
|-hint|If a Terastallized Pokemon uses Roost, it remains Flying-type.
|move|p1a: Corviknight|Iron Head|p2a: to hell
|-damage|p2a: to hell|33/100
|
|upkeep
|turn|12
|
|t:|1757926625
|move|p2a: to hell|Roost|p2a: to hell
|-heal|p2a: to hell|83/100
|-hint|If a Terastallized Pokemon uses Roost, it remains Flying-type.
|move|p1a: Corviknight|Iron Head|p2a: to hell
|-damage|p2a: to hell|37/100
|
|upkeep
|turn|13
|
|t:|1757926632
|move|p2a: to hell|Roost|p2a: to hell
|-heal|p2a: to hell|87/100
|-hint|If a Terastallized Pokemon uses Roost, it remains Flying-type.
|move|p1a: Corviknight|Iron Head|p2a: to hell
|-damage|p2a: to hell|40/100
|
|upkeep
|turn|14
|
|t:|1757926640
|move|p2a: to hell|Roost|p2a: to hell
|-heal|p2a: to hell|91/100
|-hint|If a Terastallized Pokemon uses Roost, it remains Flying-type.
|move|p1a: Corviknight|Iron Head|p2a: to hell
|-crit|p2a: to hell
|-damage|p2a: to hell|24/100
|
|upkeep
|turn|15
|
|t:|1757926649
|move|p2a: to hell|Roost|p2a: to hell
|-heal|p2a: to hell|74/100
|-hint|If a Terastallized Pokemon uses Roost, it remains Flying-type.
|move|p1a: Corviknight|Iron Head|p2a: to hell
|-damage|p2a: to hell|31/100
|
|upkeep
|turn|16
|
|t:|1757926655
|move|p2a: to hell|Roost|p2a: to hell
|-heal|p2a: to hell|82/100
|-hint|If a Terastallized Pokemon uses Roost, it remains Flying-type.
|move|p1a: Corviknight|Iron Head|p2a: to hell
|-damage|p2a: to hell|35/100
|
|upkeep
|turn|17
|
|t:|1757926662
|move|p2a: to hell|Tera Blast|p1a: Corviknight|[anim] Tera Blast Flying
|-resisted|p1a: Corviknight
|-damage|p1a: Corviknight|42/100
|move|p1a: Corviknight|Iron Head|p2a: to hell
|-damage|p2a: to hell|0 fnt
|faint|p2a: to hell
|
|upkeep
|
|t:|1757926670
|switch|p2a: peaks|Moltres|100/100
|turn|18
|
|t:|1757926676
|move|p1a: Corviknight|Iron Head|p2a: peaks
|-resisted|p2a: peaks
|-damage|p2a: peaks|86/100
|cant|p2a: peaks|flinch
|
|upkeep
|turn|19
|
|t:|1757926683
|move|p1a: Corviknight|Iron Head|p2a: peaks
|-resisted|p2a: peaks
|-damage|p2a: peaks|69/100
|cant|p2a: peaks|flinch
|
|upkeep
|turn|20
|
|t:|1757926689
|move|p1a: Corviknight|Iron Head|p2a: peaks
|-resisted|p2a: peaks
|-damage|p2a: peaks|52/100
|-status|p1a: Corviknight|brn|[from] ability: Flame Body|[of] p2a: peaks
|move|p2a: peaks|Flamethrower|p1a: Corviknight
|-supereffective|p1a: Corviknight
|-damage|p1a: Corviknight|0 fnt
|faint|p1a: Corviknight
|
|upkeep
|
|t:|1757926701
|switch|p1a: Hatterene|Hatterene, F|78/100
|turn|21
|
|t:|1757926707
|move|p2a: peaks|Roost|p2a: peaks
|-heal|p2a: peaks|100/100
|-singleturn|p2a: peaks|move: Roost
|move|p1a: Hatterene|Psychic Noise|p2a: peaks
|-damage|p2a: peaks|55/100
|-start|p2a: peaks|move: Heal Block
|
|upkeep
|turn|22
|
|t:|1757926718
|move|p2a: peaks|U-turn|p1a: Hatterene
|-crit|p1a: Hatterene
|-damage|p1a: Hatterene|52/100
|
|t:|1757926724
|switch|p2a: not plausible|Iron Treads|100/100|[from] U-turn
|-activate|p2a: not plausible|move: Sticky Web
|-unboost|p2a: not plausible|spe|1
|move|p1a: Hatterene|Shadow Ball|p2a: not plausible
|-damage|p2a: not plausible|58/100
|
|upkeep
|turn|23
|
|t:|1757926735
|-terastallize|p1a: Hatterene|Ghost
|move|p2a: not plausible|Knock Off|p1a: Hatterene
|-supereffective|p1a: Hatterene
|-damage|p1a: Hatterene|0 fnt
|-enditem|p1a: Hatterene|Assault Vest|[from] move: Knock Off|[of] p2a: not plausible
|faint|p1a: Hatterene
|
|upkeep
|
|t:|1757926745
|switch|p1a: Gliscor|Gliscor, M|100/100
|turn|24
|
|t:|1757926766
|move|p1a: Gliscor|Protect|p1a: Gliscor
|-singleturn|p1a: Gliscor|Protect
|move|p2a: not plausible|Rapid Spin|p1a: Gliscor
|-activate|p1a: Gliscor|move: Protect
|
|-status|p1a: Gliscor|tox|[from] item: Toxic Orb
|upkeep
|turn|25
|
|t:|1757926776
|move|p1a: Gliscor|Earthquake|p2a: not plausible
|-supereffective|p2a: not plausible
|-damage|p2a: not plausible|0 fnt
|faint|p2a: not plausible
|-end|p2a: not plausible|Quark Drive|[silent]
|
|upkeep
|
|t:|1757926780
|switch|p2a: knightmare|Dragapult, F, shiny|100/100
|turn|26
|
|t:|1757926796
|move|p2a: knightmare|Hex|p1a: Gliscor
|-damage|p1a: Gliscor|36/100 tox
|move|p1a: Gliscor|Toxic|p2a: knightmare|[miss]
|-miss|p1a: Gliscor|p2a: knightmare
|
|-heal|p1a: Gliscor|48/100 tox|[from] ability: Poison Heal
|upkeep
|turn|27
|
|t:|1757926805
|move|p1a: Gliscor|Protect|p1a: Gliscor
|-singleturn|p1a: Gliscor|Protect
|move|p2a: knightmare|Hex|p1a: Gliscor
|-activate|p1a: Gliscor|move: Protect
|
|-heal|p1a: Gliscor|61/100 tox|[from] ability: Poison Heal
|upkeep
|turn|28
|
|t:|1757926881
|switch|p1a: Serperior|Serperior, M|100/100
|move|p2a: knightmare|Hex|p1a: Serperior
|-crit|p1a: Serperior
|-damage|p1a: Serperior|59/100
|
|-heal|p1a: Serperior|65/100|[from] item: Leftovers
|upkeep
|turn|29
|
|t:|1757926893
|move|p2a: knightmare|Dragon Darts|p1a: Serperior
|-damage|p1a: Serperior|44/100
|-anim|p2a: knightmare|Dragon Darts|p1a: Serperior
|-damage|p1a: Serperior|23/100
|move|p1a: Serperior|Leaf Storm|p2a: knightmare
|-resisted|p2a: knightmare
|-damage|p2a: knightmare|75/100
|-boost|p1a: Serperior|spa|2
|
|-heal|p1a: Serperior|29/100|[from] item: Leftovers
|upkeep
|turn|30
|
|t:|1757926905
|move|p2a: knightmare|Dragon Darts|p1a: Serperior
|-damage|p1a: Serperior|5/100
|-anim|p2a: knightmare|Dragon Darts|p1a: Serperior
|-damage|p1a: Serperior|0 fnt
|faint|p1a: Serperior
|
|upkeep
|
|t:|1757926911
|switch|p1a: Gliscor|Gliscor, M|61/100 tox
|turn|31
|
|t:|1757926921
|move|p1a: Gliscor|Protect|p1a: Gliscor
|-singleturn|p1a: Gliscor|Protect
|move|p2a: knightmare|Hex|p1a: Gliscor
|-activate|p1a: Gliscor|move: Protect
|
|-heal|p1a: Gliscor|73/100 tox|[from] ability: Poison Heal
|upkeep
|turn|32
|
|t:|1757926930
|move|p2a: knightmare|Hex|p1a: Gliscor
|-damage|p1a: Gliscor|9/100 tox
|move|p1a: Gliscor|Earthquake|p2a: knightmare
|-damage|p2a: knightmare|29/100
|
|-heal|p1a: Gliscor|21/100 tox|[from] ability: Poison Heal
|upkeep
|turn|33
|
|t:|1757926939
|move|p1a: Gliscor|Protect|p1a: Gliscor
|-singleturn|p1a: Gliscor|Protect
|move|p2a: knightmare|Hex|p1a: Gliscor
|-activate|p1a: Gliscor|move: Protect
|
|-heal|p1a: Gliscor|34/100 tox|[from] ability: Poison Heal
|upkeep
|turn|34
|
|t:|1757926950
|move|p2a: knightmare|Hex|p1a: Gliscor
|-damage|p1a: Gliscor|0 fnt
|faint|p1a: Gliscor
|
|win|22doodle
|raw|JeanBaptisteIRL's rating: 1465 &rarr; <strong>1447</strong><br />(-18 for losing)
|raw|22doodle's rating: 1496 &rarr; <strong>1514</strong><br />(+18 for winning)
