|j|☆Larissa Brinquedos
|j|☆GRENINJA_mdm
|t:|1757822248
|gametype|singles
|player|p1|Larissa Brinquedos|caitlin|
|player|p2|GRENINJA_mdm|265|
|gen|9
|tier|[Gen 9] OU
|rule|HP Percentage Mod: HP is shown in percentages
|rule|Endless Battle Clause: Forcing endless battles is banned
|rule|Species Clause: Limit one of each Pokémon
|rule|OHKO Clause: OHKO moves are banned
|rule|Evasion Items Clause: Evasion items are banned
|rule|Evasion Moves Clause: Evasion moves are banned
|rule|Evasion Abilities Clause: Evasion abilities are banned
|rule|Sleep Moves Clause: Sleep-inducing moves are banned
|clearpoke
|poke|p1|Corviknight, F|
|poke|p1|Slowking-Galar, M|
|poke|p1|Heatran, M|
|poke|p1|Great Tusk|
|poke|p1|Weavile, M|
|poke|p1|Ogerpon-Wellspring, F|
|poke|p2|Clefable, M|
|poke|p2|Gliscor, F|
|poke|p2|Skarmory, F|
|poke|p2|Weavile, F|
|poke|p2|Ting-Lu|
|poke|p2|Slowking-Galar, M|
|teampreview
|inactive|Battle timer is ON: inactive players will automatically lose when time's up. (requested by GRENINJA_mdm)
|
|t:|1757822291
|teamsize|p1|6
|teamsize|p2|6
|start
|switch|p1a: Vulcan|Heatran, M|100/100
|switch|p2a: Gliscor|Gliscor, F|100/100
|turn|1
|inactive|GRENINJA_mdm has 270 seconds left.
|
|t:|1757822343
|switch|p1a: Korvix|Corviknight, F|100/100
|-ability|p1a: Korvix|Pressure
|move|p2a: Gliscor|Swords Dance|p2a: Gliscor
|-boost|p2a: Gliscor|atk|2
|
|-status|p2a: Gliscor|tox|[from] item: Toxic Orb
|upkeep
|turn|2
|
|t:|1757822348
|move|p2a: Gliscor|Swords Dance|p2a: Gliscor
|-boost|p2a: Gliscor|atk|2
|move|p1a: Korvix|Iron Defense|p1a: Korvix
|-boost|p1a: Korvix|def|2
|
|upkeep
|turn|3
|
|t:|1757822351
|move|p2a: Gliscor|Knock Off|p1a: Korvix
|-crit|p1a: Korvix
|-damage|p1a: Korvix|40/100
|-damage|p2a: Gliscor|84/100 tox|[from] item: Rocky Helmet|[of] p1a: Korvix
|-enditem|p1a: Korvix|Rocky Helmet|[from] move: Knock Off|[of] p2a: Gliscor
|move|p1a: Korvix|Iron Defense|p1a: Korvix
|-boost|p1a: Korvix|def|2
|
|-heal|p2a: Gliscor|97/100 tox|[from] ability: Poison Heal
|upkeep
|turn|4
|
|t:|1757822357
|move|p2a: Gliscor|Knock Off|p1a: Korvix
|-damage|p1a: Korvix|31/100
|move|p1a: Korvix|Roost|p1a: Korvix
|-heal|p1a: Korvix|81/100
|-singleturn|p1a: Korvix|move: Roost
|
|-heal|p2a: Gliscor|100/100 tox|[from] ability: Poison Heal
|upkeep
|turn|5
|
|t:|1757822362
|switch|p2a: Clefable|Clefable, M|100/100
|move|p1a: Korvix|Body Press|p2a: Clefable
|-resisted|p2a: Clefable
|-damage|p2a: Clefable|68/100
|
|upkeep
|turn|6
|
|t:|1757822369
|switch|p1a: Vulcan|Heatran, M|100/100
|move|p2a: Clefable|Moonlight|p2a: Clefable
|-heal|p2a: Clefable|100/100
|
|upkeep
|turn|7
|
|t:|1757822384
|switch|p2a: Ting-Lu|Ting-Lu|100/100
|-ability|p2a: Ting-Lu|Vessel of Ruin
|move|p1a: Vulcan|Stealth Rock|p2a: Ting-Lu
|-sidestart|p2: GRENINJA_mdm|move: Stealth Rock
|
|upkeep
|turn|8
|
|t:|1757822392
|switch|p1a: Korvix|Corviknight, F|81/100
|-ability|p1a: Korvix|Pressure
|move|p2a: Ting-Lu|Ruination|p1a: Korvix
|-damage|p1a: Korvix|41/100
|
|upkeep
|turn|9
|
|t:|1757822398
|move|p1a: Korvix|Roost|p1a: Korvix
|-heal|p1a: Korvix|91/100
|-singleturn|p1a: Korvix|move: Roost
|move|p2a: Ting-Lu|Earthquake|p1a: Korvix
|-supereffective|p1a: Korvix
|-damage|p1a: Korvix|42/100
|
|upkeep
|turn|10
|
|t:|1757822404
|move|p1a: Korvix|Iron Defense|p1a: Korvix
|-boost|p1a: Korvix|def|2
|move|p2a: Ting-Lu|Whirlwind|p1a: Korvix
|drag|p1a: Sexta-Feira|Ogerpon-Wellspring, F|100/100
|
|upkeep
|turn|11
|
|t:|1757822417
|switch|p2a: Skarmory|Skarmory, F|100/100
|-damage|p2a: Skarmory|88/100|[from] Stealth Rock
|move|p1a: Sexta-Feira|U-turn|p2a: Skarmory
|-resisted|p2a: Skarmory
|-damage|p2a: Skarmory|85/100
|-damage|p1a: Sexta-Feira|84/100|[from] item: Rocky Helmet|[of] p2a: Skarmory
|
|t:|1757822425
|switch|p1a: Vulcan|Heatran, M|100/100|[from] U-turn
|
|upkeep
|turn|12
|
|t:|1757822443
|switch|p2a: Ting-Lu|Ting-Lu|100/100
|-damage|p2a: Ting-Lu|94/100|[from] Stealth Rock
|-ability|p2a: Ting-Lu|Vessel of Ruin
|move|p1a: Vulcan|Lava Plume|p2a: Ting-Lu
|-damage|p2a: Ting-Lu|79/100
|
|-heal|p2a: Ting-Lu|85/100|[from] item: Leftovers
|upkeep
|turn|13
|
|t:|1757822460
|switch|p1a: Smallville|Weavile, M|100/100
|-ability|p1a: Smallville|Pressure
|move|p2a: Ting-Lu|Spikes|p1a: Smallville
|-sidestart|p1: Larissa Brinquedos|Spikes
|
|-heal|p2a: Ting-Lu|92/100|[from] item: Leftovers
|upkeep
|turn|14
|inactive|GRENINJA_mdm has 270 seconds left.
|
|t:|1757822494
|switch|p2a: Skarmory|Skarmory, F|85/100
|-damage|p2a: Skarmory|72/100|[from] Stealth Rock
|move|p1a: Smallville|Swords Dance|p1a: Smallville
|-boost|p1a: Smallville|atk|2
|
|upkeep
|turn|15
|
|t:|1757822503
|-terastallize|p1a: Smallville|Ghost
|move|p1a: Smallville|Swords Dance|p1a: Smallville
|-boost|p1a: Smallville|atk|2
|move|p2a: Skarmory|Body Press|p1a: Smallville
|-immune|p1a: Smallville
|
|upkeep
|turn|16
|inactive|GRENINJA_mdm has 270 seconds left.
|
|t:|1757822529
|move|p1a: Smallville|Knock Off|p2a: Skarmory
|-damage|p2a: Skarmory|0 fnt
|-damage|p1a: Smallville|84/100|[from] item: Rocky Helmet|[of] p2a: Skarmory
|-enditem|p2a: Skarmory|Rocky Helmet|[from] move: Knock Off|[of] p1a: Smallville
|faint|p2a: Skarmory
|
|upkeep
|
|t:|1757822534
|switch|p2a: Weavile|Weavile, F|100/100
|-ability|p2a: Weavile|Pressure
|turn|17
|
|t:|1757822538
|move|p1a: Smallville|Knock Off|p2a: Weavile
|-resisted|p2a: Weavile
|-damage|p2a: Weavile|0 fnt
|-enditem|p2a: Weavile|Heavy-Duty Boots|[from] move: Knock Off|[of] p1a: Smallville
|faint|p2a: Weavile
|
|upkeep
|-message|GRENINJA_mdm forfeited.
|
|win|Larissa Brinquedos
|l|☆GRENINJA_mdm
|player|p2|
