|j|☆aeongussy
|j|☆NOOBnextDOOR
|t:|1757816796
|gametype|singles
|player|p1|aeongussy|shauntal|1059
|player|p2|NOOBnextDOOR|burglar|1008
|gen|9
|tier|[Gen 9] OU
|rated|
|rule|HP Percentage Mod: HP is shown in percentages
|rule|Endless Battle Clause: Forcing endless battles is banned
|rule|Species Clause: Limit one of each Pokémon
|rule|OHKO Clause: OHKO moves are banned
|rule|Evasion Items Clause: Evasion items are banned
|rule|Evasion Moves Clause: Evasion moves are banned
|rule|Evasion Abilities Clause: Evasion abilities are banned
|rule|Sleep Moves Clause: Sleep-inducing moves are banned
|clearpoke
|poke|p1|Indeedee, M|
|poke|p1|Hatterene, F|
|poke|p1|Ursaluna, F|
|poke|p1|Iron Hands|
|poke|p1|Hoopa-Unbound|
|poke|p1|Mimikyu, F|
|poke|p2|Charmeleon, F|
|poke|p2|Mew|
|poke|p2|Torkoal, M|
|poke|p2|Decidueye-Hisui, M|
|poke|p2|Floatzel, F|
|poke|p2|Politoed, M|
|teampreview
|
|t:|1757816816
|teamsize|p1|6
|teamsize|p2|6
|start
|switch|p1a: Subaru|Indeedee, M, shiny|100/100
|switch|p2a: Torkoal|Torkoal, M, shiny|100/100
|-fieldstart|move: Psychic Terrain|[from] ability: Psychic Surge|[of] p1a: Subaru
|-weather|SunnyDay|[from] ability: Drought|[of] p2a: Torkoal
|turn|1
|
|t:|1757816839
|switch|p1a: Satella|Hatterene, F, shiny|100/100
|move|p2a: Torkoal|Weather Ball|p1a: Satella
|-damage|p1a: Satella|38/100
|
|-weather|SunnyDay|[upkeep]
|upkeep
|turn|2
|
|t:|1757816855
|move|p2a: Torkoal|Weather Ball|p1a: Satella
|-damage|p1a: Satella|0 fnt
|faint|p1a: Satella
|
|-weather|SunnyDay|[upkeep]
|upkeep
|
|t:|1757816867
|switch|p1a: Crashout YN|Ursaluna, F, shiny|100/100
|turn|3
|
|t:|1757816877
|switch|p2a: Politoed|Politoed, M|100/100
|-weather|RainDance|[from] ability: Drizzle|[of] p2a: Politoed
|move|p1a: Crashout YN|Headlong Rush|p2a: Politoed
|-damage|p2a: Politoed|21/100
|-unboost|p1a: Crashout YN|def|1
|-unboost|p1a: Crashout YN|spd|1
|
|-weather|RainDance|[upkeep]
|-status|p1a: Crashout YN|brn|[from] item: Flame Orb
|upkeep
|turn|4
|
|t:|1757816916
|switch|p1a: Subaru|Indeedee, M, shiny|100/100
|move|p2a: Politoed|Chilling Water|p1a: Subaru
|-damage|p1a: Subaru|70/100
|-unboost|p1a: Subaru|atk|1
|
|-weather|RainDance|[upkeep]
|upkeep
|turn|5
|
|t:|1757816928
|move|p2a: Politoed|Weather Ball|p1a: Subaru
|-damage|p1a: Subaru|0 fnt
|faint|p1a: Subaru
|
|-weather|RainDance|[upkeep]
|upkeep
|
|t:|1757816934
|switch|p1a: Mimi|Mimikyu, F, shiny|100/100
|turn|6
|
|t:|1757816938
|move|p2a: Politoed|Chilling Water|p1a: Mimi
|-activate|p1a: Mimi|ability: Disguise
|-damage|p1a: Mimi|100/100
|-unboost|p1a: Mimi|atk|1
|detailschange|p1a: Mimi|Mimikyu-Busted, F, shiny
|-damage|p1a: Mimi|88/100|[from] pokemon: Mimikyu-Busted
|-enditem|p1a: Mimi|Red Card|[of] p2a: Politoed
|drag|p2a: Floatzel|Floatzel, F|100/100
|move|p1a: Mimi|Trick Room|p1a: Mimi
|-fieldstart|move: Trick Room|[of] p1a: Mimi
|
|-weather|RainDance|[upkeep]
|upkeep
|turn|7
|
|t:|1757816965
|move|p1a: Mimi|Destiny Bond|p1a: Mimi
|-singlemove|p1a: Mimi|Destiny Bond
|move|p2a: Floatzel|Wave Crash|p1a: Mimi
|-damage|p1a: Mimi|0 fnt
|faint|p1a: Mimi
|-activate|p1a: Mimi|move: Destiny Bond
|faint|p2a: Floatzel
|
|-weather|RainDance|[upkeep]
|upkeep
|
|t:|1757816979
|switch|p1a: Crashout YN|Ursaluna, F, shiny|100/100 brn
|switch|p2a: Politoed|Politoed, M|21/100
|turn|8
|
|t:|1757816991
|move|p1a: Crashout YN|Facade|p2a: Politoed
|-damage|p2a: Politoed|0 fnt
|faint|p2a: Politoed
|
|-weather|RainDance|[upkeep]
|-damage|p1a: Crashout YN|94/100 brn|[from] brn
|-fieldend|move: Psychic Terrain
|upkeep
|
|t:|1757817002
|switch|p2a: Torkoal|Torkoal, M, shiny|100/100
|-weather|SunnyDay|[from] ability: Drought|[of] p2a: Torkoal
|turn|9
|
|t:|1757817014
|move|p2a: Torkoal|Weather Ball|p1a: Crashout YN
|-damage|p1a: Crashout YN|45/100 brn
|move|p1a: Crashout YN|Headlong Rush|p2a: Torkoal
|-supereffective|p2a: Torkoal
|-damage|p2a: Torkoal|0 fnt
|-unboost|p1a: Crashout YN|def|1
|-unboost|p1a: Crashout YN|spd|1
|faint|p2a: Torkoal
|
|-weather|SunnyDay|[upkeep]
|-damage|p1a: Crashout YN|39/100 brn|[from] brn
|upkeep
|
|t:|1757817029
|switch|p2a: Charmeleon|Charmeleon, F, shiny|100/100
|turn|10
|
|t:|1757817040
|move|p1a: Crashout YN|Facade|p2a: Charmeleon
|-damage|p2a: Charmeleon|0 fnt
|faint|p2a: Charmeleon
|
|-weather|SunnyDay|[upkeep]
|-damage|p1a: Crashout YN|33/100 brn|[from] brn
|-fieldend|move: Trick Room
|upkeep
|
|t:|1757817048
|switch|p2a: Decidueye|Decidueye-Hisui, M|100/100
|turn|11
|
|t:|1757817066
|switch|p1a: LEBRON|Iron Hands, shiny|100/100
|-enditem|p1a: LEBRON|Booster Energy
|-activate|p1a: LEBRON|ability: Quark Drive|[fromitem]
|-start|p1a: LEBRON|quarkdriveatk
|move|p2a: Decidueye|Triple Arrows|p1a: LEBRON
|-damage|p1a: LEBRON|66/100
|-damage|p2a: Decidueye|91/100|[from] item: Life Orb
|
|-weather|SunnyDay|[upkeep]
|upkeep
|turn|12
|
|t:|1757817091
|-terastallize|p2a: Decidueye|Grass
|move|p2a: Decidueye|Leaf Blade|p1a: LEBRON
|-crit|p1a: LEBRON
|-damage|p1a: LEBRON|4/100
|-damage|p2a: Decidueye|81/100|[from] item: Life Orb
|move|p1a: LEBRON|Ice Punch|p2a: Decidueye
|-supereffective|p2a: Decidueye
|-damage|p2a: Decidueye|10/100
|
|-weather|SunnyDay|[upkeep]
|upkeep
|turn|13
|
|t:|1757817104
|move|p2a: Decidueye|Knock Off|p1a: LEBRON
|-resisted|p1a: LEBRON
|-damage|p1a: LEBRON|0 fnt
|faint|p1a: LEBRON
|-end|p1a: LEBRON|Quark Drive|[silent]
|-damage|p2a: Decidueye|0 fnt|[from] item: Life Orb
|faint|p2a: Decidueye
|
|-weather|SunnyDay|[upkeep]
|upkeep
|
|t:|1757817118
|switch|p2a: Mew|Mew, shiny|100/100
|switch|p1a: King Von|Hoopa-Unbound|100/100
|turn|14
|
|t:|1757817143
|move|p2a: Mew|Flamethrower|p1a: King Von
|-damage|p1a: King Von|77/100
|move|p1a: King Von|Hyperspace Fury|p2a: Mew
|-supereffective|p2a: Mew
|-damage|p2a: Mew|13/100
|-unboost|p1a: King Von|def|1
|
|-weather|SunnyDay|[upkeep]
|-heal|p2a: Mew|19/100|[from] item: Leftovers
|upkeep
|turn|15
|
|t:|1757817154
|move|p2a: Mew|Flamethrower|p1a: King Von
|-damage|p1a: King Von|51/100
|move|p1a: King Von|Hyperspace Fury|p2a: Mew
|-supereffective|p2a: Mew
|-damage|p2a: Mew|0 fnt
|-unboost|p1a: King Von|def|1
|faint|p2a: Mew
|
|win|aeongussy
|raw|aeongussy's rating: 1059 &rarr; <strong>1086</strong><br />(+27 for winning)
|raw|NOOBnextDOOR's rating: 1008 &rarr; <strong>1000</strong><br />(-8 for losing)
|l|☆NOOBnextDOOR
|player|p2|
