|j|☆arran147
|j|☆Envy cat
|t:|1757786287
|gametype|singles
|player|p1|arran147|102|1140
|player|p2|Envy cat|roughneck-gen4|1161
|gen|9
|tier|[Gen 9] OU
|rated|
|rule|HP Percentage Mod: HP is shown in percentages
|rule|Endless Battle Clause: Forcing endless battles is banned
|rule|Species Clause: Limit one of each Pokémon
|rule|OHKO Clause: OHKO moves are banned
|rule|Evasion Items Clause: Evasion items are banned
|rule|Evasion Moves Clause: Evasion moves are banned
|rule|Evasion Abilities Clause: Evasion abilities are banned
|rule|Sleep Moves Clause: Sleep-inducing moves are banned
|clearpoke
|poke|p1|Umbreon, F|
|poke|p1|Espeon, F|
|poke|p1|Jolteon, M|
|poke|p1|Glaceon, F|
|poke|p1|Sylveon, F|
|poke|p1|Leafeon, F|
|poke|p2|Zoroark-Hisui, M|
|poke|p2|Sandslash-Alola, F|
|poke|p2|Kyurem|
|poke|p2|Lanturn, M|
|poke|p2|Landorus-Therian, M|
|poke|p2|Scrafty, F|
|teampreview
|
|t:|1757786314
|teamsize|p1|6
|teamsize|p2|6
|start
|switch|p1a: Glaceon|Glaceon, F|100/100
|switch|p2a: Não pode ser|Landorus-Therian, M|100/100
|-ability|p2a: Não pode ser|Intimidate|boost
|-unboost|p1a: Glaceon|atk|1
|turn|1
|
|t:|1757786323
|move|p2a: Não pode ser|Focus Blast|p1a: Glaceon|[miss]
|-miss|p2a: Não pode ser|p1a: Glaceon
|move|p1a: Glaceon|Freeze-Dry|p2a: Não pode ser
|-supereffective|p2a: Não pode ser
|-damage|p2a: Não pode ser|0 fnt
|faint|p2a: Não pode ser
|
|upkeep
|
|t:|1757786332
|switch|p2a: Olha a cobra!!|Scrafty, F|100/100
|-ability|p2a: Olha a cobra!!|Intimidate|boost
|-unboost|p1a: Glaceon|atk|1
|turn|2
|
|t:|1757786337
|switch|p1a: Sylveon|Sylveon, F|100/100
|move|p2a: Olha a cobra!!|Dragon Dance|p2a: Olha a cobra!!
|-boost|p2a: Olha a cobra!!|atk|1
|-boost|p2a: Olha a cobra!!|spe|1
|
|upkeep
|turn|3
|
|t:|1757786343
|move|p1a: Sylveon|Quick Attack|p2a: Olha a cobra!!
|-supereffective|p2a: Olha a cobra!!
|-enditem|p2a: Olha a cobra!!|Roseli Berry|[eat]
|-enditem|p2a: Olha a cobra!!|Roseli Berry|[weaken]
|-damage|p2a: Olha a cobra!!|36/100
|move|p2a: Olha a cobra!!|Knock Off|p1a: Sylveon
|-resisted|p1a: Sylveon
|-damage|p1a: Sylveon|59/100
|-enditem|p1a: Sylveon|Choice Band|[from] move: Knock Off|[of] p2a: Olha a cobra!!
|
|upkeep
|turn|4
|
|t:|1757786351
|switch|p2a: PARABÉNS MEU AMOR|Sandslash-Alola, F|100/100
|move|p1a: Sylveon|Quick Attack|p2a: PARABÉNS MEU AMOR
|-resisted|p2a: PARABÉNS MEU AMOR
|-damage|p2a: PARABÉNS MEU AMOR|92/100
|
|upkeep
|turn|5
|
|t:|1757786361
|switch|p1a: Jolteon|Jolteon, M|100/100
|move|p2a: PARABÉNS MEU AMOR|Rapid Spin|p1a: Jolteon
|-damage|p1a: Jolteon|69/100
|-boost|p2a: PARABÉNS MEU AMOR|spe|1
|
|upkeep
|turn|6
|
|t:|1757786369
|move|p1a: Jolteon|Thunderbolt|p2a: PARABÉNS MEU AMOR
|-damage|p2a: PARABÉNS MEU AMOR|22/100
|move|p2a: PARABÉNS MEU AMOR|Earthquake|p1a: Jolteon
|-supereffective|p1a: Jolteon
|-damage|p1a: Jolteon|0 fnt
|faint|p1a: Jolteon
|
|upkeep
|
|t:|1757786374
|switch|p1a: Espeon|Espeon, F|100/100
|turn|7
|
|t:|1757786380
|move|p1a: Espeon|Alluring Voice|p2a: PARABÉNS MEU AMOR
|-resisted|p2a: PARABÉNS MEU AMOR
|-damage|p2a: PARABÉNS MEU AMOR|0 fnt
|faint|p2a: PARABÉNS MEU AMOR
|
|upkeep
|
|t:|1757786384
|switch|p2a: PFVR MEU AMOR|Kyurem, shiny|100/100
|-ability|p2a: PFVR MEU AMOR|Pressure
|turn|8
|
|t:|1757786388
|move|p1a: Espeon|Alluring Voice|p2a: PFVR MEU AMOR
|-supereffective|p2a: PFVR MEU AMOR
|-damage|p2a: PFVR MEU AMOR|26/100
|move|p2a: PFVR MEU AMOR|Dragon Dance|p2a: PFVR MEU AMOR
|-boost|p2a: PFVR MEU AMOR|atk|1
|-boost|p2a: PFVR MEU AMOR|spe|1
|
|upkeep
|turn|9
|
|t:|1757786400
|switch|p1a: Leafeon|Leafeon, F|100/100
|move|p2a: PFVR MEU AMOR|Fling|p1a: Leafeon
|-damage|p1a: Leafeon|59/100
|-enditem|p2a: PFVR MEU AMOR|Big Nugget|[from] move: Fling
|
|-heal|p1a: Leafeon|65/100|[from] item: Leftovers
|upkeep
|turn|10
|
|t:|1757786412
|move|p2a: PFVR MEU AMOR|Ice Fang|p1a: Leafeon
|-supereffective|p1a: Leafeon
|-damage|p1a: Leafeon|0 fnt
|faint|p1a: Leafeon
|
|upkeep
|
|t:|1757786416
|switch|p1a: Sylveon|Sylveon, F|59/100
|turn|11
|
|t:|1757786419
|-terastallize|p1a: Sylveon|Fairy
|move|p1a: Sylveon|Quick Attack|p2a: PFVR MEU AMOR
|-supereffective|p2a: PFVR MEU AMOR
|-damage|p2a: PFVR MEU AMOR|0 fnt
|faint|p2a: PFVR MEU AMOR
|
|upkeep
|
|t:|1757786432
|switch|p2a: Olha a cobra!!|Scrafty, F|100/100
|turn|12
|
|t:|1757786438
|switch|p1a: Umbreon|Umbreon, F|100/100
|move|p2a: Olha a cobra!!|Shadow Ball|p1a: Umbreon
|-resisted|p1a: Umbreon
|-damage|p1a: Umbreon|90/100
|
|-heal|p1a: Umbreon|96/100|[from] item: Leftovers
|upkeep
|turn|13
|
|t:|1757786444
|move|p2a: Olha a cobra!!|Focus Blast|p1a: Umbreon
|-supereffective|p1a: Umbreon
|-damage|p1a: Umbreon|54/100
|move|p1a: Umbreon|Foul Play|p2a: Olha a cobra!!
|-supereffective|p2a: Olha a cobra!!
|-damage|p2a: Olha a cobra!!|0 fnt
|replace|p2a: É mentira!!!|Zoroark-Hisui, M, shiny
|-end|p2a: É mentira!!!|Illusion
|faint|p2a: É mentira!!!
|
|-heal|p1a: Umbreon|60/100|[from] item: Leftovers
|upkeep
|
|t:|1757786451
|switch|p2a: Olha a cobra!!|Scrafty, F|36/100
|-ability|p2a: Olha a cobra!!|Intimidate|boost
|-unboost|p1a: Umbreon|atk|1
|turn|14
|
|t:|1757786455
|move|p2a: Olha a cobra!!|Close Combat|p1a: Umbreon
|-supereffective|p1a: Umbreon
|-damage|p1a: Umbreon|0 fnt
|-unboost|p2a: Olha a cobra!!|def|1
|-unboost|p2a: Olha a cobra!!|spd|1
|faint|p1a: Umbreon
|
|upkeep
|
|t:|1757786458
|switch|p1a: Sylveon|Sylveon, F, tera:Fairy|59/100
|turn|15
|
|t:|1757786465
|move|p1a: Sylveon|Quick Attack|p2a: Olha a cobra!!
|-supereffective|p2a: Olha a cobra!!
|-damage|p2a: Olha a cobra!!|0 fnt
|faint|p2a: Olha a cobra!!
|
|upkeep
|
|t:|1757786467
|switch|p2a: Mas tem que ser|Lanturn, M|100/100
|turn|16
|
|t:|1757786475
|move|p2a: Mas tem que ser|Thunderbolt|p1a: Sylveon
|-damage|p1a: Sylveon|31/100
|move|p1a: Sylveon|Double-Edge|p2a: Mas tem que ser
|-damage|p2a: Mas tem que ser|21/100
|-damage|p1a: Sylveon|1/100|[from] Recoil
|
|upkeep
|turn|17
|
|t:|1757786481
|move|p1a: Sylveon|Quick Attack|p2a: Mas tem que ser
|-damage|p2a: Mas tem que ser|0 fnt
|faint|p2a: Mas tem que ser
|
|win|arran147
|raw|arran147's rating: 1140 &rarr; <strong>1168</strong><br />(+28 for winning)
|raw|Envy cat's rating: 1183 &rarr; <strong>1155</strong><br />(-28 for losing)
|l|☆Envy cat
|player|p2|
|l|☆arran147
|player|p1|
