|j|‽bidooofer
|j|☆smoldracovish
|t:|1757808272
|gametype|singles
|player|p1|bidooofer|riley|1696
|player|p2|smoldracovish|miku-ground|1743
|gen|9
|tier|[Gen 9] OU
|rated|
|rule|HP Percentage Mod: HP is shown in percentages
|rule|Endless Battle Clause: Forcing endless battles is banned
|rule|Species Clause: Limit one of each Pokémon
|rule|OHKO Clause: OHKO moves are banned
|rule|Evasion Items Clause: Evasion items are banned
|rule|Evasion Moves Clause: Evasion moves are banned
|rule|Evasion Abilities Clause: Evasion abilities are banned
|rule|Sleep Moves Clause: Sleep-inducing moves are banned
|clearpoke
|poke|p1|Torkoal, F|
|poke|p1|Walking Wake|
|poke|p1|Raging Bolt|
|poke|p1|Great Tusk|
|poke|p1|Rillaboom, F|
|poke|p1|Hatterene, F|
|poke|p2|Lokix, F|
|poke|p2|Cinderace, F|
|poke|p2|Great Tusk|
|poke|p2|Alomomola, F|
|poke|p2|Enamorus, F|
|poke|p2|Slowking-Galar, F|
|teampreview
|
|t:|1757808286
|teamsize|p1|6
|teamsize|p2|6
|start
|switch|p1a: Hatterene|Hatterene, F|100/100
|switch|p2a: Slowking|Slowking-Galar, F|100/100
|turn|1
|j| Prof dankness
|j| GraphLegion
|
|t:|1757808291
|move|p1a: Hatterene|Nuzzle|p2a: Slowking
|-damage|p2a: Slowking|98/100
|-status|p2a: Slowking|par
|move|p2a: Slowking|Sludge Bomb|p1a: Hatterene
|-supereffective|p1a: Hatterene
|-damage|p1a: Hatterene|56/100
|-status|p1a: Hatterene|psn
|
|-damage|p1a: Hatterene|44/100 psn|[from] psn
|upkeep
|turn|2
|
|t:|1757808294
|move|p1a: Hatterene|Mystical Fire|p2a: Slowking
|-damage|p2a: Slowking|79/100 par
|-unboost|p2a: Slowking|spa|1
|move|p2a: Slowking|Future Sight|p1a: Hatterene
|-start|p2a: Slowking|move: Future Sight
|
|-damage|p1a: Hatterene|32/100 psn|[from] psn
|upkeep
|turn|3
|
|t:|1757808301
|move|p1a: Hatterene|Future Sight|p2a: Slowking
|-start|p1a: Hatterene|move: Future Sight
|-prepare|p2a: Slowking|Chilly Reception|[premajor]
|move|p2a: Slowking|Chilly Reception|p2a: Slowking
|-weather|Snowscape
|
|t:|1757808303
|switch|p2a: Lokix|Lokix, F|100/100|[from] Chilly Reception
|
|-weather|Snowscape|[upkeep]
|-damage|p1a: Hatterene|20/100 psn|[from] psn
|upkeep
|turn|4
|
|t:|1757808306
|move|p2a: Lokix|U-turn|p1a: Hatterene
|-damage|p1a: Hatterene|0 fnt
|faint|p1a: Hatterene
|
|t:|1757808309
|switch|p2a: Slowking|Slowking-Galar, F|100/100 par|[from] U-turn
|
|-weather|Snowscape|[upkeep]
|-hint|Future Sight did not hit because the target is fainted.
|upkeep
|l| GraphLegion
|
|t:|1757808317
|switch|p1a: Rillaboom|Rillaboom, F|100/100
|-fieldstart|move: Grassy Terrain|[from] ability: Grassy Surge|[of] p1a: Rillaboom
|turn|5
|
|t:|1757808320
|move|p1a: Rillaboom|Wood Hammer|p2a: Slowking
|-resisted|p2a: Slowking
|-damage|p2a: Slowking|57/100 par
|-damage|p1a: Rillaboom|84/100|[from] Recoil
|move|p2a: Slowking|Sludge Bomb|p1a: Rillaboom
|-supereffective|p1a: Rillaboom
|-damage|p1a: Rillaboom|0 fnt
|faint|p1a: Rillaboom
|
|-weather|Snowscape|[upkeep]
|-end|p2a: Slowking|move: Future Sight
|-damage|p2a: Slowking|10/100 par
|-heal|p2a: Slowking|16/100 par|[from] Grassy Terrain
|upkeep
|
|t:|1757808324
|switch|p1a: Raging Bolt|Raging Bolt|100/100
|turn|6
|
|t:|1757808327
|move|p1a: Raging Bolt|Calm Mind|p1a: Raging Bolt
|-boost|p1a: Raging Bolt|spa|1
|-boost|p1a: Raging Bolt|spd|1
|move|p2a: Slowking|Sludge Bomb|p1a: Raging Bolt
|-damage|p1a: Raging Bolt|81/100
|-status|p1a: Raging Bolt|psn
|
|-weather|Snowscape|[upkeep]
|-heal|p1a: Raging Bolt|87/100 psn|[from] Grassy Terrain
|-heal|p1a: Raging Bolt|93/100 psn|[from] item: Leftovers
|-heal|p2a: Slowking|23/100 par|[from] Grassy Terrain
|-damage|p1a: Raging Bolt|81/100 psn|[from] psn
|upkeep
|turn|7
|
|t:|1757808333
|move|p1a: Raging Bolt|Dragon Pulse|p2a: Slowking
|-damage|p2a: Slowking|0 fnt
|faint|p2a: Slowking
|
|-weather|none
|-heal|p1a: Raging Bolt|87/100 psn|[from] Grassy Terrain
|-heal|p1a: Raging Bolt|93/100 psn|[from] item: Leftovers
|-damage|p1a: Raging Bolt|81/100 psn|[from] psn
|upkeep
|j| Railu
|
|t:|1757808345
|switch|p2a: Lokix|Lokix, F|100/100
|turn|8
|
|t:|1757808348
|move|p2a: Lokix|U-turn|p1a: Raging Bolt
|-damage|p1a: Raging Bolt|40/100 psn
|
|t:|1757808353
|switch|p2a: Alomomola|Alomomola, F|100/100|[from] U-turn
|move|p1a: Raging Bolt|Dragon Pulse|p2a: Alomomola
|-damage|p2a: Alomomola|67/100
|
|-heal|p1a: Raging Bolt|47/100 psn|[from] Grassy Terrain
|-heal|p1a: Raging Bolt|53/100 psn|[from] item: Leftovers
|-heal|p2a: Alomomola|73/100|[from] Grassy Terrain
|-damage|p1a: Raging Bolt|40/100 psn|[from] psn
|upkeep
|turn|9
|
|t:|1757808356
|move|p1a: Raging Bolt|Thunderbolt|p2a: Alomomola
|-supereffective|p2a: Alomomola
|-damage|p2a: Alomomola|0 fnt
|faint|p2a: Alomomola
|
|-heal|p1a: Raging Bolt|47/100 psn|[from] Grassy Terrain
|-heal|p1a: Raging Bolt|53/100 psn|[from] item: Leftovers
|-damage|p1a: Raging Bolt|40/100 psn|[from] psn
|-fieldend|move: Grassy Terrain
|upkeep
|
|t:|1757808359
|switch|p2a: Lokix|Lokix, F|100/100
|turn|10
|
|t:|1757808361
|move|p2a: Lokix|First Impression|p1a: Raging Bolt
|-damage|p1a: Raging Bolt|0 fnt
|faint|p1a: Raging Bolt
|-end|p1a: Raging Bolt|Protosynthesis|[silent]
|
|upkeep
|
|t:|1757808365
|switch|p1a: Torkoal|Torkoal, F|100/100
|-weather|SunnyDay|[from] ability: Drought|[of] p1a: Torkoal
|turn|11
|
|t:|1757808379
|switch|p2a: Cinderace|Cinderace, F|100/100
|switch|p1a: Walking Wake|Walking Wake|100/100
|-activate|p1a: Walking Wake|ability: Protosynthesis
|-start|p1a: Walking Wake|protosynthesisspe
|
|-weather|SunnyDay|[upkeep]
|upkeep
|turn|12
|inactive|Battle timer is ON: inactive players will automatically lose when time's up. (requested by bidooofer)
|
|t:|1757808383
|move|p1a: Walking Wake|Hydro Steam|p2a: Cinderace
|-supereffective|p2a: Cinderace
|-damage|p2a: Cinderace|0 fnt
|faint|p2a: Cinderace
|
|-weather|SunnyDay|[upkeep]
|upkeep
|
|t:|1757808384
|switch|p2a: Lokix|Lokix, F|100/100
|turn|13
|
|t:|1757808392
|-terastallize|p2a: Lokix|Bug
|move|p2a: Lokix|First Impression|p1a: Walking Wake
|-damage|p1a: Walking Wake|0 fnt
|faint|p1a: Walking Wake
|-end|p1a: Walking Wake|Protosynthesis|[silent]
|
|-weather|SunnyDay|[upkeep]
|upkeep
|
|t:|1757808397
|switch|p1a: Great Tusk|Great Tusk|100/100
|-activate|p1a: Great Tusk|ability: Protosynthesis
|-start|p1a: Great Tusk|protosynthesisspe
|turn|14
|
|t:|1757808400
|switch|p2a: Great Tusk|Great Tusk|100/100
|-activate|p2a: Great Tusk|ability: Protosynthesis
|-start|p2a: Great Tusk|protosynthesisdef
|move|p1a: Great Tusk|Rapid Spin|p2a: Great Tusk
|-damage|p2a: Great Tusk|94/100
|-boost|p1a: Great Tusk|spe|1
|
|-weather|SunnyDay|[upkeep]
|-heal|p2a: Great Tusk|100/100|[from] item: Leftovers
|upkeep
|turn|15
|
|t:|1757808404
|move|p1a: Great Tusk|Bulk Up|p1a: Great Tusk
|-boost|p1a: Great Tusk|atk|1
|-boost|p1a: Great Tusk|def|1
|move|p2a: Great Tusk|Bulk Up|p2a: Great Tusk
|-boost|p2a: Great Tusk|atk|1
|-boost|p2a: Great Tusk|def|1
|
|-weather|SunnyDay|[upkeep]
|upkeep
|turn|16
|
|t:|1757808406
|move|p1a: Great Tusk|Rapid Spin|p2a: Great Tusk
|-damage|p2a: Great Tusk|95/100
|-boost|p1a: Great Tusk|spe|1
|move|p2a: Great Tusk|Bulk Up|p2a: Great Tusk
|-boost|p2a: Great Tusk|atk|1
|-boost|p2a: Great Tusk|def|1
|
|-weather|SunnyDay|[upkeep]
|-heal|p2a: Great Tusk|100/100|[from] item: Leftovers
|upkeep
|turn|17
|
|t:|1757808408
|move|p1a: Great Tusk|Bulk Up|p1a: Great Tusk
|-boost|p1a: Great Tusk|atk|1
|-boost|p1a: Great Tusk|def|1
|move|p2a: Great Tusk|Bulk Up|p2a: Great Tusk
|-boost|p2a: Great Tusk|atk|1
|-boost|p2a: Great Tusk|def|1
|
|-weather|SunnyDay|[upkeep]
|upkeep
|turn|18
|
|t:|1757808411
|move|p1a: Great Tusk|Bulk Up|p1a: Great Tusk
|-boost|p1a: Great Tusk|atk|1
|-boost|p1a: Great Tusk|def|1
|move|p2a: Great Tusk|Knock Off|p1a: Great Tusk
|-resisted|p1a: Great Tusk
|-damage|p1a: Great Tusk|92/100
|-enditem|p1a: Great Tusk|Heavy-Duty Boots|[from] move: Knock Off|[of] p2a: Great Tusk
|
|-weather|none
|-end|p1a: Great Tusk|Protosynthesis
|-end|p2a: Great Tusk|Protosynthesis
|upkeep
|turn|19
|
|t:|1757808415
|move|p1a: Great Tusk|Bulk Up|p1a: Great Tusk
|-boost|p1a: Great Tusk|atk|1
|-boost|p1a: Great Tusk|def|1
|move|p2a: Great Tusk|Bulk Up|p2a: Great Tusk
|-boost|p2a: Great Tusk|atk|1
|-boost|p2a: Great Tusk|def|1
|
|upkeep
|turn|20
|
|t:|1757808418
|move|p1a: Great Tusk|Bulk Up|p1a: Great Tusk
|-boost|p1a: Great Tusk|atk|1
|-boost|p1a: Great Tusk|def|1
|move|p2a: Great Tusk|Bulk Up|p2a: Great Tusk
|-boost|p2a: Great Tusk|atk|1
|-boost|p2a: Great Tusk|def|1
|
|upkeep
|turn|21
|
|t:|1757808421
|move|p1a: Great Tusk|Bulk Up|p1a: Great Tusk
|-boost|p1a: Great Tusk|atk|1
|-boost|p1a: Great Tusk|def|1
|move|p2a: Great Tusk|Earthquake|p1a: Great Tusk
|-damage|p1a: Great Tusk|67/100
|
|upkeep
|turn|22
|
|t:|1757808431
|-terastallize|p1a: Great Tusk|Ice
|move|p1a: Great Tusk|Ice Spinner|p2a: Great Tusk
|-supereffective|p2a: Great Tusk
|-damage|p2a: Great Tusk|55/100
|move|p2a: Great Tusk|Earthquake|p1a: Great Tusk
|-crit|p1a: Great Tusk
|-damage|p1a: Great Tusk|0 fnt
|faint|p1a: Great Tusk
|-end|p1a: Great Tusk|Protosynthesis|[silent]
|
|-heal|p2a: Great Tusk|61/100|[from] item: Leftovers
|upkeep
|-message|bidooofer forfeited.
|
|win|smoldracovish
|raw|bidooofer's rating: 1696 &rarr; <strong>1679</strong><br />(-17 for losing)
|raw|smoldracovish's rating: 1743 &rarr; <strong>1760</strong><br />(+17 for winning)
|l|‽bidooofer
|player|p1|
|l|☆smoldracovish
|player|p2|
|l| Railu
|l| Prof dankness
