|j|☆caeluskasai
|j|☆B/CFan
|t:|1757831746
|gametype|singles
|player|p1|caeluskasai|burglar|1212
|player|p2|B/CFan|169|1242
|gen|9
|tier|[Gen 9] OU
|rated|
|rule|HP Percentage Mod: HP is shown in percentages
|rule|Endless Battle Clause: Forcing endless battles is banned
|rule|Species Clause: Limit one of each Pokémon
|rule|OHKO Clause: OHKO moves are banned
|rule|Evasion Items Clause: Evasion items are banned
|rule|Evasion Moves Clause: Evasion moves are banned
|rule|Evasion Abilities Clause: Evasion abilities are banned
|rule|Sleep Moves Clause: Sleep-inducing moves are banned
|clearpoke
|poke|p1|Blastoise, F|
|poke|p1|Golurk|
|poke|p1|Hatterene, F|
|poke|p1|Malamar, F|
|poke|p1|Hawlucha, M|
|poke|p1|Medicham, F|
|poke|p2|Rillaboom, M|
|poke|p2|Hawlucha, M|
|poke|p2|Heatran, M|
|poke|p2|Raging Bolt|
|poke|p2|Samurott-Hisui, M|
|poke|p2|Weezing-Galar, M|
|teampreview
|
|t:|1757831756
|teamsize|p1|6
|teamsize|p2|6
|start
|switch|p1a: Medicham|Medicham, F|100/100
|switch|p2a: Heatran|Heatran, M|100/100
|-item|p2a: Heatran|Air Balloon
|turn|1
|
|t:|1757831761
|move|p1a: Medicham|Close Combat|p2a: Heatran
|-supereffective|p2a: Heatran
|-damage|p2a: Heatran|0 fnt
|-unboost|p1a: Medicham|def|1
|-unboost|p1a: Medicham|spd|1
|-enditem|p2a: Heatran|Air Balloon
|faint|p2a: Heatran
|
|upkeep
|
|t:|1757831765
|switch|p2a: Samurott|Samurott-Hisui, M|100/100
|turn|2
|
|t:|1757831768
|move|p2a: Samurott|Ceaseless Edge|p1a: Medicham
|-damage|p1a: Medicham|12/100
|-sidestart|p1: caeluskasai|Spikes
|move|p1a: Medicham|Close Combat|p2a: Samurott
|-supereffective|p2a: Samurott
|-enditem|p2a: Samurott|Focus Sash
|-damage|p2a: Samurott|1/100
|-unboost|p1a: Medicham|def|1
|-unboost|p1a: Medicham|spd|1
|
|upkeep
|turn|3
|
|t:|1757831774
|move|p2a: Samurott|Sucker Punch|p1a: Medicham
|-damage|p1a: Medicham|0 fnt
|faint|p1a: Medicham
|
|upkeep
|
|t:|1757831779
|switch|p1a: Hawlucha|Hawlucha, M|100/100
|turn|4
|
|t:|1757831783
|move|p2a: Samurott|Sucker Punch||[still]
|-fail|p2a: Samurott
|move|p1a: Hawlucha|Bulk Up|p1a: Hawlucha
|-boost|p1a: Hawlucha|atk|1
|-boost|p1a: Hawlucha|def|1
|
|upkeep
|turn|5
|
|t:|1757831787
|move|p1a: Hawlucha|Bulk Up|p1a: Hawlucha
|-boost|p1a: Hawlucha|atk|1
|-boost|p1a: Hawlucha|def|1
|move|p2a: Samurott|Ceaseless Edge|p1a: Hawlucha
|-resisted|p1a: Hawlucha
|-damage|p1a: Hawlucha|84/100
|-sidestart|p1: caeluskasai|Spikes
|
|upkeep
|turn|6
|
|t:|1757831792
|move|p1a: Hawlucha|Bulk Up|p1a: Hawlucha
|-boost|p1a: Hawlucha|atk|1
|-boost|p1a: Hawlucha|def|1
|move|p2a: Samurott|Razor Shell|p1a: Hawlucha
|-damage|p1a: Hawlucha|52/100
|-unboost|p1a: Hawlucha|def|1
|
|upkeep
|turn|7
|
|t:|1757831804
|move|p1a: Hawlucha|Bulk Up|p1a: Hawlucha
|-boost|p1a: Hawlucha|atk|1
|-boost|p1a: Hawlucha|def|1
|move|p2a: Samurott|Razor Shell|p1a: Hawlucha
|-damage|p1a: Hawlucha|24/100
|-enditem|p1a: Hawlucha|Sitrus Berry|[eat]
|-heal|p1a: Hawlucha|49/100|[from] item: Sitrus Berry
|
|upkeep
|turn|8
|
|t:|1757831812
|switch|p2a: Weezing|Weezing-Galar, M|100/100
|-ability|p2a: Weezing|Neutralizing Gas
|move|p1a: Hawlucha|Drain Punch|p2a: Weezing
|-resisted|p2a: Weezing
|-damage|p2a: Weezing|86/100
|-heal|p1a: Hawlucha|57/100|[from] drain|[of] p2a: Weezing
|
|upkeep
|turn|9
|
|t:|1757831819
|move|p1a: Hawlucha|Acrobatics|p2a: Weezing
|-damage|p2a: Weezing|0 fnt
|faint|p2a: Weezing
|-end|p2a: Weezing|ability: Neutralizing Gas
|
|upkeep
|
|t:|1757831823
|switch|p2a: Raging Bolt|Raging Bolt|100/100
|-enditem|p2a: Raging Bolt|Booster Energy
|-activate|p2a: Raging Bolt|ability: Protosynthesis|[fromitem]
|-start|p2a: Raging Bolt|protosynthesisspa
|turn|10
|
|t:|1757831829
|move|p2a: Raging Bolt|Thunderclap|p1a: Hawlucha
|-supereffective|p1a: Hawlucha
|-damage|p1a: Hawlucha|0 fnt
|faint|p1a: Hawlucha
|
|upkeep
|
|t:|1757831836
|switch|p1a: Hatterene|Hatterene, F|100/100
|-damage|p1a: Hatterene|84/100|[from] Spikes
|turn|11
|
|t:|1757831844
|-terastallize|p2a: Raging Bolt|Flying
|move|p2a: Raging Bolt|Calm Mind|p2a: Raging Bolt
|-boost|p2a: Raging Bolt|spa|1
|-boost|p2a: Raging Bolt|spd|1
|move|p1a: Hatterene|Calm Mind|p1a: Hatterene
|-boost|p1a: Hatterene|spa|1
|-boost|p1a: Hatterene|spd|1
|
|-heal|p1a: Hatterene|90/100|[from] item: Leftovers
|upkeep
|turn|12
|
|t:|1757831850
|move|p2a: Raging Bolt|Thunderbolt|p1a: Hatterene
|-damage|p1a: Hatterene|25/100
|-status|p1a: Hatterene|par
|cant|p1a: Hatterene|par
|
|-heal|p1a: Hatterene|31/100 par|[from] item: Leftovers
|upkeep
|turn|13
|
|t:|1757831855
|move|p2a: Raging Bolt|Thunderbolt|p1a: Hatterene
|-damage|p1a: Hatterene|0 fnt
|faint|p1a: Hatterene
|
|upkeep
|
|t:|1757831859
|switch|p1a: Golurk|Golurk|100/100
|-damage|p1a: Golurk|84/100|[from] Spikes
|turn|14
|
|t:|1757831862
|move|p2a: Raging Bolt|Dragon Pulse|p1a: Golurk
|-damage|p1a: Golurk|17/100
|move|p1a: Golurk|Dynamic Punch|p2a: Raging Bolt
|-resisted|p2a: Raging Bolt
|-damage|p2a: Raging Bolt|85/100
|-start|p2a: Raging Bolt|confusion
|
|upkeep
|turn|15
|
|t:|1757831868
|-activate|p2a: Raging Bolt|confusion
|-damage|p2a: Raging Bolt|79/100|[from] confusion
|move|p1a: Golurk|Stone Edge|p2a: Raging Bolt
|-supereffective|p2a: Raging Bolt
|-damage|p2a: Raging Bolt|12/100
|
|upkeep
|turn|16
|
|t:|1757831871
|-end|p2a: Raging Bolt|confusion
|move|p2a: Raging Bolt|Dragon Pulse|p1a: Golurk
|-damage|p1a: Golurk|0 fnt
|faint|p1a: Golurk
|
|upkeep
|
|t:|1757831879
|switch|p1a: Malamar|Malamar, F|100/100
|-damage|p1a: Malamar|84/100|[from] Spikes
|turn|17
|
|t:|1757831885
|move|p2a: Raging Bolt|Thunderbolt|p1a: Malamar
|-damage|p1a: Malamar|0 fnt
|faint|p1a: Malamar
|
|upkeep
|
|t:|1757831887
|switch|p1a: Blastoise|Blastoise, F|100/100
|-damage|p1a: Blastoise|84/100|[from] Spikes
|turn|18
|
|t:|1757831892
|-terastallize|p1a: Blastoise|Dark
|move|p1a: Blastoise|Shell Smash|p1a: Blastoise
|-unboost|p1a: Blastoise|def|1
|-unboost|p1a: Blastoise|spd|1
|-boost|p1a: Blastoise|atk|2
|-boost|p1a: Blastoise|spa|2
|-boost|p1a: Blastoise|spe|2
|-enditem|p1a: Blastoise|White Herb
|-clearnegativeboost|p1a: Blastoise|[silent]
|move|p2a: Raging Bolt|Thunderbolt|p1a: Blastoise
|-crit|p1a: Blastoise
|-damage|p1a: Blastoise|0 fnt
|faint|p1a: Blastoise
|
|win|B/CFan
|raw|caeluskasai's rating: 1212 &rarr; <strong>1189</strong><br />(-23 for losing)
|raw|B&#x2f;CFan's rating: 1242 &rarr; <strong>1265</strong><br />(+23 for winning)
|l|☆caeluskasai
|player|p1|
|l|☆B/CFan
|player|p2|
