|j|☆souobrubo
|j|☆KalebsShizz
|t:|1757873734
|gametype|singles
|player|p1|souobrubo|101|1153
|player|p2|KalebsShizz|n|1144
|gen|9
|tier|[Gen 9] OU
|rated|
|rule|HP Percentage Mod: HP is shown in percentages
|rule|Endless Battle Clause: Forcing endless battles is banned
|rule|Species Clause: Limit one of each Pokémon
|rule|OHKO Clause: OHKO moves are banned
|rule|Evasion Items Clause: Evasion items are banned
|rule|Evasion Moves Clause: Evasion moves are banned
|rule|Evasion Abilities Clause: Evasion abilities are banned
|rule|Sleep Moves Clause: Sleep-inducing moves are banned
|clearpoke
|poke|p1|Scizor, M|
|poke|p1|Araquanid, F|
|poke|p1|Gliscor, M|
|poke|p1|Goodra-Hisui, M|
|poke|p1|Zoroark-Hisui, M|
|poke|p1|Florges-White, F|
|poke|p2|Mightyena, F|
|poke|p2|Spidops, M|
|poke|p2|Hatterene, F|
|poke|p2|Toxtricity, F|
|poke|p2|Rhydon, M|
|poke|p2|Volcanion|
|teampreview
|c|☆souobrubo|wow
|c|☆souobrubo|different team
|c|☆souobrubo|interesting
|
|t:|1757873760
|teamsize|p1|6
|teamsize|p2|6
|start
|switch|p1a: Araquanid|Araquanid, F|100/100
|switch|p2a: Spidops|Spidops, M|100/100
|turn|1
|
|t:|1757873770
|switch|p2a: Hatterene|Hatterene, F|100/100
|move|p1a: Araquanid|Burning Jealousy|p2a: Hatterene
|-damage|p2a: Hatterene|65/100
|
|-heal|p2a: Hatterene|71/100|[from] item: Leftovers
|upkeep
|turn|2
|
|t:|1757873777
|switch|p1a: Scizor|Scizor, M|100/100
|move|p2a: Hatterene|Nuzzle|p1a: Scizor
|-damage|p1a: Scizor|96/100
|-status|p1a: Scizor|par
|
|-heal|p2a: Hatterene|77/100|[from] item: Leftovers
|upkeep
|turn|3
|
|t:|1757873785
|switch|p2a: Volcanion|Volcanion|100/100
|move|p1a: Scizor|Swords Dance|p1a: Scizor
|-boost|p1a: Scizor|atk|2
|
|upkeep
|turn|4
|
|t:|1757873813
|switch|p1a: Gliscor|Gliscor, M|100/100
|move|p2a: Volcanion|Flamethrower|p1a: Gliscor
|-damage|p1a: Gliscor|54/100
|
|-status|p1a: Gliscor|tox|[from] item: Toxic Orb
|upkeep
|turn|5
|
|t:|1757873831
|move|p1a: Gliscor|Toxic|p2a: Volcanion|[miss]
|-miss|p1a: Gliscor|p2a: Volcanion
|move|p2a: Volcanion|Steam Eruption|p1a: Gliscor
|-supereffective|p1a: Gliscor
|-damage|p1a: Gliscor|0 fnt
|faint|p1a: Gliscor
|
|upkeep
|
|t:|1757873840
|switch|p1a: Goodra|Goodra-Hisui, M|100/100
|turn|6
|
|t:|1757873858
|move|p1a: Goodra|Thunderbolt|p2a: Volcanion
|-supereffective|p2a: Volcanion
|-damage|p2a: Volcanion|72/100
|move|p2a: Volcanion|Earth Power|p1a: Goodra
|-supereffective|p1a: Goodra
|-damage|p1a: Goodra|61/100
|
|upkeep
|turn|7
|
|t:|1757873876
|switch|p2a: Toxtricity|Toxtricity, F|100/100
|move|p1a: Goodra|Thunderbolt|p2a: Toxtricity
|-resisted|p2a: Toxtricity
|-damage|p2a: Toxtricity|78/100
|
|upkeep
|turn|8
|
|t:|1757873885
|move|p2a: Toxtricity|Shift Gear|p2a: Toxtricity
|-boost|p2a: Toxtricity|spe|2
|-boost|p2a: Toxtricity|atk|1
|move|p1a: Goodra|Ice Beam|p2a: Toxtricity
|-damage|p2a: Toxtricity|36/100
|
|upkeep
|turn|9
|
|t:|1757873891
|move|p2a: Toxtricity|Boomburst|p1a: Goodra
|-resisted|p1a: Goodra
|-damage|p1a: Goodra|37/100
|-enditem|p2a: Toxtricity|Throat Spray
|-boost|p2a: Toxtricity|spa|1|[from] item: Throat Spray
|move|p1a: Goodra|Acid Armor|p1a: Goodra
|-boost|p1a: Goodra|def|2
|
|upkeep
|turn|10
|
|t:|1757873898
|move|p2a: Toxtricity|Boomburst|p1a: Goodra
|-resisted|p1a: Goodra
|-damage|p1a: Goodra|3/100
|move|p1a: Goodra|Ice Beam|p2a: Toxtricity
|-damage|p2a: Toxtricity|0 fnt
|faint|p2a: Toxtricity
|
|upkeep
|
|t:|1757873906
|switch|p2a: Spidops|Spidops, M|100/100
|turn|11
|
|t:|1757873911
|move|p1a: Goodra|Ice Beam|p2a: Spidops
|-damage|p2a: Spidops|68/100
|-enditem|p2a: Spidops|Red Card|[of] p1a: Goodra
|drag|p1a: Scizor|Scizor, M|96/100 par
|move|p2a: Spidops|Sticky Web|p1a: Scizor
|-sidestart|p1: souobrubo|move: Sticky Web
|
|upkeep
|turn|12
|
|t:|1757873920
|move|p2a: Spidops|Spikes|p1a: Scizor
|-sidestart|p1: souobrubo|Spikes
|move|p1a: Scizor|Dual Wingbeat|p2a: Spidops
|-supereffective|p2a: Spidops
|-damage|p2a: Spidops|20/100
|-supereffective|p2a: Spidops
|-damage|p2a: Spidops|0 fnt
|faint|p2a: Spidops
|-hitcount|p2: Spidops|2
|
|upkeep
|
|t:|1757873943
|switch|p2a: Volcanion|Volcanion|72/100
|turn|13
|
|t:|1757873948
|move|p2a: Volcanion|Steam Eruption|p1a: Scizor
|-damage|p1a: Scizor|28/100 par
|cant|p1a: Scizor|par
|
|upkeep
|turn|14
|
|t:|1757873961
|move|p1a: Scizor|Bullet Punch|p2a: Volcanion
|-resisted|p2a: Volcanion
|-damage|p2a: Volcanion|65/100
|move|p2a: Volcanion|Steam Eruption|p1a: Scizor
|-damage|p1a: Scizor|0 fnt
|faint|p1a: Scizor
|
|upkeep
|
|t:|1757873981
|switch|p1a: Florges|Florges-White, F, shiny|100/100
|-activate|p1a: Florges|move: Sticky Web
|-unboost|p1a: Florges|spe|1
|-damage|p1a: Florges|88/100|[from] Spikes
|turn|15
|
|t:|1757873999
|move|p2a: Volcanion|Sludge Bomb|p1a: Florges
|-supereffective|p1a: Florges
|-damage|p1a: Florges|50/100
|move|p1a: Florges|Calm Mind|p1a: Florges
|-boost|p1a: Florges|spa|1
|-boost|p1a: Florges|spd|1
|
|-heal|p1a: Florges|56/100|[from] item: Leftovers
|upkeep
|turn|16
|
|t:|1757874007
|-terastallize|p1a: Florges|Ground
|move|p2a: Volcanion|Sludge Bomb|p1a: Florges
|-resisted|p1a: Florges
|-damage|p1a: Florges|49/100
|-status|p1a: Florges|psn
|move|p1a: Florges|Moonblast|p2a: Volcanion
|-resisted|p2a: Volcanion
|-damage|p2a: Volcanion|49/100
|
|-heal|p1a: Florges|55/100 psn|[from] item: Leftovers
|-damage|p1a: Florges|43/100 psn|[from] psn
|upkeep
|turn|17
|
|t:|1757874018
|move|p2a: Volcanion|Steam Eruption|p1a: Florges
|-supereffective|p1a: Florges
|-damage|p1a: Florges|0 fnt
|faint|p1a: Florges
|
|upkeep
|
|t:|1757874026
|switch|p1a: Araquanid|Araquanid, F|100/100
|-activate|p1a: Araquanid|move: Sticky Web
|-unboost|p1a: Araquanid|spe|1
|-damage|p1a: Araquanid|88/100|[from] Spikes
|turn|18
|
|t:|1757874034
|move|p1a: Araquanid|Hyper Voice|p2a: Volcanion
|-damage|p2a: Volcanion|14/100
|move|p2a: Volcanion|Sludge Bomb|p1a: Araquanid
|-resisted|p1a: Araquanid
|-damage|p1a: Araquanid|59/100
|-status|p1a: Araquanid|psn
|replace|p1a: Zoroark|Zoroark-Hisui, M, shiny
|-end|p1a: Zoroark|Illusion
|
|-damage|p1a: Zoroark|47/100 psn|[from] psn
|upkeep
|turn|19
|
|t:|1757874048
|switch|p2a: Rhydon|Rhydon, M|100/100
|move|p1a: Zoroark|Hyper Voice|p2a: Rhydon
|-resisted|p2a: Rhydon
|-damage|p2a: Rhydon|68/100
|
|-damage|p1a: Zoroark|35/100 psn|[from] psn
|upkeep
|turn|20
|
|t:|1757874057
|switch|p1a: Goodra|Goodra-Hisui, M|3/100
|-activate|p1a: Goodra|move: Sticky Web
|-unboost|p1a: Goodra|spe|1
|-damage|p1a: Goodra|0 fnt|[from] Spikes
|faint|p1a: Goodra
|move|p2a: Rhydon|Earthquake|p1: Goodra|[notarget]
|-fail|p2a: Rhydon
|
|upkeep
|
|t:|1757874065
|switch|p1a: Araquanid|Araquanid, F|100/100
|-activate|p1a: Araquanid|move: Sticky Web
|-unboost|p1a: Araquanid|spe|1
|-damage|p1a: Araquanid|88/100|[from] Spikes
|turn|21
|
|t:|1757874073
|switch|p2a: Volcanion|Volcanion|14/100
|move|p1a: Araquanid|Reflect|p1a: Araquanid
|-sidestart|p1: souobrubo|Reflect
|
|upkeep
|turn|22
|
|t:|1757874079
|move|p2a: Volcanion|Steam Eruption|p1a: Araquanid
|-resisted|p1a: Araquanid
|-damage|p1a: Araquanid|69/100
|move|p1a: Araquanid|Sticky Web|p2a: Volcanion
|-sidestart|p2: KalebsShizz|move: Sticky Web
|
|upkeep
|turn|23
|
|t:|1757874084
|move|p2a: Volcanion|Sludge Bomb|p1a: Araquanid
|-damage|p1a: Araquanid|47/100
|move|p1a: Araquanid|Leech Life|p2a: Volcanion
|-resisted|p2a: Volcanion
|-damage|p2a: Volcanion|5/100
|-heal|p1a: Araquanid|52/100|[from] drain|[of] p2a: Volcanion
|
|upkeep
|turn|24
|
|t:|1757874091
|move|p2a: Volcanion|Sludge Bomb|p1a: Araquanid
|-damage|p1a: Araquanid|30/100
|move|p1a: Araquanid|Leech Life|p2a: Volcanion
|-resisted|p2a: Volcanion
|-damage|p2a: Volcanion|0 fnt
|-heal|p1a: Araquanid|33/100|[from] drain|[of] p2a: Volcanion
|faint|p2a: Volcanion
|
|upkeep
|
|t:|1757874099
|switch|p2a: Hatterene|Hatterene, F|77/100
|-activate|p2a: Hatterene|move: Sticky Web
|-unboost|p2a: Hatterene|spe|1
|turn|25
|
|t:|1757874103
|move|p1a: Araquanid|Leech Life|p2a: Hatterene
|-damage|p2a: Hatterene|55/100
|-heal|p1a: Araquanid|44/100|[from] drain|[of] p2a: Hatterene
|move|p2a: Hatterene|Nuzzle|p1a: Araquanid
|-supereffective|p1a: Araquanid
|-damage|p1a: Araquanid|40/100
|-status|p1a: Araquanid|par
|
|-heal|p2a: Hatterene|61/100|[from] item: Leftovers
|upkeep
|turn|26
|
|t:|1757874113
|move|p2a: Hatterene|Psyshock|p1a: Araquanid
|-damage|p1a: Araquanid|6/100 par
|move|p1a: Araquanid|Leech Life|p2a: Hatterene
|-damage|p2a: Hatterene|38/100
|-heal|p1a: Araquanid|17/100 par|[from] drain|[of] p2a: Hatterene
|
|-heal|p2a: Hatterene|44/100|[from] item: Leftovers
|upkeep
|turn|27
|
|t:|1757874120
|move|p2a: Hatterene|Draining Kiss|p1a: Araquanid
|-damage|p1a: Araquanid|0 fnt
|-heal|p2a: Hatterene|57/100|[from] drain|[of] p1a: Araquanid
|faint|p1a: Araquanid
|
|-heal|p2a: Hatterene|63/100|[from] item: Leftovers
|upkeep
|
|t:|1757874127
|switch|p1a: Zoroark|Zoroark-Hisui, M, shiny|35/100 psn
|-activate|p1a: Zoroark|move: Sticky Web
|-unboost|p1a: Zoroark|spe|1
|-damage|p1a: Zoroark|22/100 psn|[from] Spikes
|turn|28
|
|t:|1757874132
|move|p1a: Zoroark|Hex|p2a: Hatterene
|-supereffective|p2a: Hatterene
|-damage|p2a: Hatterene|0 fnt
|faint|p2a: Hatterene
|
|-damage|p1a: Zoroark|10/100 psn|[from] psn
|-sideend|p1: souobrubo|Reflect
|upkeep
|
|t:|1757874135
|switch|p2a: Rhydon|Rhydon, M|68/100
|-activate|p2a: Rhydon|move: Sticky Web
|-unboost|p2a: Rhydon|spe|1
|turn|29
|
|t:|1757874141
|move|p1a: Zoroark|Hex|p2a: Rhydon
|-damage|p2a: Rhydon|13/100
|move|p2a: Rhydon|Earthquake|p1a: Zoroark
|-damage|p1a: Zoroark|0 fnt
|faint|p1a: Zoroark
|
|win|KalebsShizz
|raw|souobrubo's rating: 1153 &rarr; <strong>1127</strong><br />(-26 for losing)
|raw|KalebsShizz's rating: 1144 &rarr; <strong>1170</strong><br />(+26 for winning)
|l|☆KalebsShizz
|player|p2|
|l|☆souobrubo
|player|p1|
