|j|☆Flemperboi
|j|☆Chrisboomin
|t:|1757946143
|gametype|singles
|player|p1|Flemperboi|1|1325
|player|p2|Chrisboomin|ethan|1372
|gen|9
|tier|[Gen 9] OU
|rated|
|rule|HP Percentage Mod: HP is shown in percentages
|rule|Endless Battle Clause: Forcing endless battles is banned
|rule|Species Clause: Limit one of each Pokémon
|rule|OHKO Clause: OHKO moves are banned
|rule|Evasion Items Clause: Evasion items are banned
|rule|Evasion Moves Clause: Evasion moves are banned
|rule|Evasion Abilities Clause: Evasion abilities are banned
|rule|Sleep Moves Clause: Sleep-inducing moves are banned
|clearpoke
|poke|p1|Landorus-Therian, M|
|poke|p1|Kingambit, F|
|poke|p1|Azumarill, F|
|poke|p1|Flygon, F|
|poke|p1|Gengar, F|
|poke|p1|Blastoise, F|
|poke|p2|Dragapult, M|
|poke|p2|Weezing-Galar, M|
|poke|p2|Great Tusk|
|poke|p2|Hoopa-Unbound|
|poke|p2|Zamazenta-*|
|poke|p2|Zapdos|
|teampreview
|
|t:|1757946148
|teamsize|p1|6
|teamsize|p2|6
|start
|switch|p1a: Gengar|Gengar, F|100/100
|switch|p2a: Pack Smoker|Weezing-Galar, M|100/100
|turn|1
|
|t:|1757946163
|move|p1a: Gengar|Toxic Spikes|p2a: Pack Smoker
|-sidestart|p2: Chrisboomin|move: Toxic Spikes
|move|p2a: Pack Smoker|Toxic Spikes|p1a: Gengar
|-sidestart|p1: Flemperboi|move: Toxic Spikes
|
|upkeep
|turn|2
|
|t:|1757946168
|move|p1a: Gengar|Taunt|p2a: Pack Smoker
|-start|p2a: Pack Smoker|move: Taunt
|cant|p2a: Pack Smoker|move: Taunt|Taunt
|
|upkeep
|turn|3
|
|t:|1757946178
|move|p1a: Gengar|Toxic Spikes|p2a: Pack Smoker
|-sidestart|p2: Chrisboomin|move: Toxic Spikes
|move|p2a: Pack Smoker|Strange Steam|p1a: Gengar
|-resisted|p1a: Gengar
|-damage|p1a: Gengar|80/100
|-start|p2a: Pack Smoker|Disable|Strange Steam|[from] ability: Cursed Body|[of] p1a: Gengar
|
|upkeep
|turn|4
|
|t:|1757946190
|switch|p2a: Zapdos|Zapdos|100/100
|move|p1a: Gengar|Shadow Ball|p2a: Zapdos
|-damage|p2a: Zapdos|74/100
|
|upkeep
|turn|5
|
|t:|1757946205
|move|p1a: Gengar|Destiny Bond|p1a: Gengar
|-singlemove|p1a: Gengar|Destiny Bond
|move|p2a: Zapdos|Thunderbolt|p1a: Gengar
|-damage|p1a: Gengar|19/100
|
|upkeep
|turn|6
|
|t:|1757946224
|move|p1a: Gengar|Shadow Ball|p2a: Zapdos
|-damage|p2a: Zapdos|46/100
|-unboost|p2a: Zapdos|spd|1
|move|p2a: Zapdos|Hurricane|p1a: Gengar|[miss]
|-miss|p2a: Zapdos|p1a: Gengar
|
|upkeep
|turn|7
|
|t:|1757946236
|switch|p2a: Pack Smoker|Weezing-Galar, M|100/100
|move|p1a: Gengar|Shadow Ball|p2a: Pack Smoker
|-damage|p2a: Pack Smoker|44/100
|
|upkeep
|turn|8
|
|t:|1757946244
|switch|p2a: Hoopa|Hoopa-Unbound|100/100
|-status|p2a: Hoopa|tox
|move|p1a: Gengar|Shadow Ball|p2a: Hoopa
|-damage|p2a: Hoopa|80/100 tox
|
|-damage|p2a: Hoopa|74/100 tox|[from] psn
|upkeep
|turn|9
|
|t:|1757946251
|move|p1a: Gengar|Taunt|p2a: Hoopa
|-start|p2a: Hoopa|move: Taunt
|move|p2a: Hoopa|Knock Off|p1a: Gengar
|-supereffective|p1a: Gengar
|-damage|p1a: Gengar|0 fnt
|-start|p2a: Hoopa|Disable|Knock Off|[from] ability: Cursed Body|[of] p1a: Gengar
|-enditem|p1a: Gengar|Focus Sash|[from] move: Knock Off|[of] p2a: Hoopa
|faint|p1a: Gengar
|
|-damage|p2a: Hoopa|62/100 tox|[from] psn
|upkeep
|
|t:|1757946262
|switch|p1a: Landorus|Landorus-Therian, M|100/100
|-ability|p1a: Landorus|Intimidate|boost
|-unboost|p2a: Hoopa|atk|1
|turn|10
|
|t:|1757946271
|switch|p2a: Great Tusk|Great Tusk|100/100
|move|p1a: Landorus|U-turn|p2a: Great Tusk
|-resisted|p2a: Great Tusk
|-crit|p2a: Great Tusk
|-damage|p2a: Great Tusk|89/100
|
|t:|1757946278
|switch|p1a: Blastoise|Blastoise, F|100/100|[from] U-turn
|-status|p1a: Blastoise|psn
|
|-damage|p1a: Blastoise|88/100 psn|[from] psn
|upkeep
|turn|11
|
|t:|1757946291
|-end|p2a: Great Tusk|Protosynthesis|[silent]
|switch|p2a: Dragapult|Dragapult, M|100/100
|move|p1a: Blastoise|Shell Smash|p1a: Blastoise
|-unboost|p1a: Blastoise|def|1
|-unboost|p1a: Blastoise|spd|1
|-boost|p1a: Blastoise|atk|2
|-boost|p1a: Blastoise|spa|2
|-boost|p1a: Blastoise|spe|2
|-enditem|p1a: Blastoise|White Herb
|-clearnegativeboost|p1a: Blastoise|[silent]
|
|-damage|p1a: Blastoise|76/100 psn|[from] psn
|upkeep
|turn|12
|inactive|Battle timer is ON: inactive players will automatically lose when time's up. (requested by Flemperboi)
|
|t:|1757946317
|-terastallize|p1a: Blastoise|Ice
|move|p1a: Blastoise|Ice Spinner|p2a: Dragapult
|-supereffective|p2a: Dragapult
|-damage|p2a: Dragapult|0 fnt
|faint|p2a: Dragapult
|
|-damage|p1a: Blastoise|63/100 psn|[from] psn
|upkeep
|
|t:|1757946335
|switch|p2a: Zamazenta|Zamazenta|100/100
|-status|p2a: Zamazenta|tox
|-ability|p2a: Zamazenta|Dauntless Shield|boost
|-boost|p2a: Zamazenta|def|1
|turn|13
|
|t:|1757946339
|move|p1a: Blastoise|Wave Crash|p2a: Zamazenta
|-damage|p2a: Zamazenta|37/100 tox
|-damage|p1a: Blastoise|40/100 psn|[from] Recoil
|move|p2a: Zamazenta|Close Combat|p1a: Blastoise
|-supereffective|p1a: Blastoise
|-damage|p1a: Blastoise|0 fnt
|-unboost|p2a: Zamazenta|def|1
|-unboost|p2a: Zamazenta|spd|1
|faint|p1a: Blastoise
|
|-damage|p2a: Zamazenta|31/100 tox|[from] psn
|upkeep
|
|t:|1757946356
|switch|p1a: Flygon|Flygon, F|100/100
|turn|14
|
|t:|1757946360
|move|p2a: Zamazenta|Ice Fang|p1a: Flygon
|-supereffective|p1a: Flygon
|-damage|p1a: Flygon|0 fnt
|faint|p1a: Flygon
|
|-damage|p2a: Zamazenta|19/100 tox|[from] psn
|upkeep
|
|t:|1757946365
|switch|p1a: Azumarill|Azumarill, F|100/100
|-status|p1a: Azumarill|psn
|turn|15
|
|t:|1757946371
|switch|p2a: Pack Smoker|Weezing-Galar, M|44/100
|move|p1a: Azumarill|Belly Drum|p1a: Azumarill
|-damage|p1a: Azumarill|50/100 psn
|-setboost|p1a: Azumarill|atk|6|[from] move: Belly Drum
|-enditem|p1a: Azumarill|Sitrus Berry|[eat]
|-heal|p1a: Azumarill|75/100 psn|[from] item: Sitrus Berry
|
|-damage|p1a: Azumarill|63/100 psn|[from] psn
|upkeep
|turn|16
|
|t:|1757946380
|move|p2a: Pack Smoker|Strange Steam|p1a: Azumarill
|-damage|p1a: Azumarill|35/100 psn
|move|p1a: Azumarill|Liquidation|p2a: Pack Smoker
|-damage|p2a: Pack Smoker|0 fnt
|-damage|p1a: Azumarill|19/100 psn|[from] item: Rocky Helmet|[of] p2a: Pack Smoker
|faint|p2a: Pack Smoker
|
|-damage|p1a: Azumarill|6/100 psn|[from] psn
|upkeep
|
|t:|1757946407
|switch|p2a: Zapdos|Zapdos|46/100
|turn|17
|
|t:|1757946413
|switch|p2a: Zamazenta|Zamazenta|19/100 tox
|move|p1a: Azumarill|Aqua Jet|p2a: Zamazenta
|-damage|p2a: Zamazenta|0 fnt
|faint|p2a: Zamazenta
|
|-damage|p1a: Azumarill|0 fnt|[from] psn
|faint|p1a: Azumarill
|upkeep
|inactive|Chrisboomin has 120 seconds left.
|
|t:|1757946447
|switch|p2a: Great Tusk|Great Tusk|89/100
|switch|p1a: Landorus|Landorus-Therian, M|100/100
|-ability|p1a: Landorus|Intimidate|boost
|-unboost|p2a: Great Tusk|atk|1
|turn|18
|
|t:|1757946465
|move|p1a: Landorus|Grass Knot|p2a: Great Tusk
|-supereffective|p2a: Great Tusk
|-damage|p2a: Great Tusk|18/100
|move|p2a: Great Tusk|Rapid Spin|p1a: Landorus
|-damage|p1a: Landorus|89/100
|-boost|p2a: Great Tusk|spe|1
|-sideend|p2: Chrisboomin|Toxic Spikes|[from] move: Rapid Spin|[of] p2a: Great Tusk
|
|upkeep
|turn|19
|inactive|Chrisboomin has 90 seconds left.
|inactive|Chrisboomin has 60 seconds left.
|c|☆Flemperboi|Go
|
|t:|1757946538
|move|p1a: Landorus|Grass Knot|p2a: Great Tusk
|-supereffective|p2a: Great Tusk
|-damage|p2a: Great Tusk|0 fnt
|faint|p2a: Great Tusk
|-end|p2a: Great Tusk|Protosynthesis|[silent]
|
|upkeep
|
|t:|1757946544
|switch|p2a: Zapdos|Zapdos|46/100
|turn|20
|
|t:|1757946550
|switch|p1a: Kingambit|Kingambit, F|100/100
|-activate|p1a: Kingambit|ability: Supreme Overlord
|-start|p1a: Kingambit|fallen4|[silent]
|move|p2a: Zapdos|Roost|p2a: Zapdos
|-heal|p2a: Zapdos|96/100
|-singleturn|p2a: Zapdos|move: Roost
|
|upkeep
|turn|21
|
|t:|1757946560
|move|p2a: Zapdos|U-turn|p1a: Kingambit
|-damage|p1a: Kingambit|88/100
|
|t:|1757946562
|switch|p2a: Hoopa|Hoopa-Unbound|62/100 tox|[from] U-turn
|move|p1a: Kingambit|Swords Dance|p1a: Kingambit
|-boost|p1a: Kingambit|atk|2
|
|-heal|p1a: Kingambit|94/100|[from] item: Leftovers
|-damage|p2a: Hoopa|56/100 tox|[from] psn
|upkeep
|turn|22
|
|t:|1757946569
|-terastallize|p2a: Hoopa|Fairy
|move|p2a: Hoopa|Drain Punch|p1a: Kingambit
|-supereffective|p1a: Kingambit
|-damage|p1a: Kingambit|11/100
|-heal|p2a: Hoopa|95/100 tox|[from] drain|[of] p1a: Kingambit
|move|p1a: Kingambit|Kowtow Cleave|p2a: Hoopa
|-resisted|p2a: Hoopa
|-damage|p2a: Hoopa|20/100 tox
|
|-heal|p1a: Kingambit|17/100|[from] item: Leftovers
|-damage|p2a: Hoopa|8/100 tox|[from] psn
|upkeep
|turn|23
|
|t:|1757946580
|move|p1a: Kingambit|Sucker Punch|p2a: Hoopa
|-resisted|p2a: Hoopa
|-damage|p2a: Hoopa|0 fnt
|faint|p2a: Hoopa
|
|-heal|p1a: Kingambit|23/100|[from] item: Leftovers
|upkeep
|
|t:|1757946583
|switch|p2a: Zapdos|Zapdos|96/100
|turn|24
|
|t:|1757946586
|move|p2a: Zapdos|Thunderbolt|p1a: Kingambit
|-damage|p1a: Kingambit|0 fnt
|faint|p1a: Kingambit
|-end|p1a: Kingambit|fallen4|[silent]
|
|upkeep
|
|t:|1757946588
|switch|p1a: Landorus|Landorus-Therian, M|89/100
|-ability|p1a: Landorus|Intimidate|boost
|-unboost|p2a: Zapdos|atk|1
|turn|25
|
|t:|1757946593
|move|p1a: Landorus|Stone Edge|p2a: Zapdos
|-supereffective|p2a: Zapdos
|-damage|p2a: Zapdos|15/100
|move|p2a: Zapdos|Hurricane|p1a: Landorus|[miss]
|-miss|p2a: Zapdos|p1a: Landorus
|
|upkeep
|turn|26
|
|t:|1757946598
|move|p1a: Landorus|Stone Edge|p2a: Zapdos
|-supereffective|p2a: Zapdos
|-damage|p2a: Zapdos|0 fnt
|faint|p2a: Zapdos
|
|win|Flemperboi
|raw|Flemperboi's rating: 1325 &rarr; <strong>1348</strong><br />(+23 for winning)
|raw|Chrisboomin's rating: 1372 &rarr; <strong>1349</strong><br />(-23 for losing)
|l|☆Chrisboomin
|player|p2|
|c|☆Flemperboi|Gg
|l|☆Flemperboi
|player|p1|
