|j|☆boomburstt
|j|☆Injikal
|t:|1757790184
|gametype|singles
|player|p1|boomburstt|266|1098
|player|p2|Injikal|youngster-gen4dp|1070
|gen|9
|tier|[Gen 9] OU
|rated|
|rule|HP Percentage Mod: HP is shown in percentages
|rule|Endless Battle Clause: Forcing endless battles is banned
|rule|Species Clause: Limit one of each Pokémon
|rule|OHKO Clause: OHKO moves are banned
|rule|Evasion Items Clause: Evasion items are banned
|rule|Evasion Moves Clause: Evasion moves are banned
|rule|Evasion Abilities Clause: Evasion abilities are banned
|rule|Sleep Moves Clause: Sleep-inducing moves are banned
|clearpoke
|poke|p1|Landorus-Therian, M|
|poke|p1|Samurott-Hisui, F|
|poke|p1|Gholdengo|
|poke|p1|Dragonite, F|
|poke|p1|Kingambit, F|
|poke|p1|Iron Valiant|
|poke|p2|Emboar, F|
|poke|p2|Ambipom, F|
|poke|p2|Hypno, F|
|poke|p2|Staraptor, M|
|poke|p2|Empoleon, M|
|poke|p2|Rillaboom, M|
|teampreview
|c|☆Injikal|oh god
|
|t:|1757790193
|teamsize|p1|6
|teamsize|p2|6
|start
|switch|p1a: Samurott|Samurott-Hisui, F|100/100
|switch|p2a: Rillaboom|Rillaboom, M|100/100
|turn|1
|
|t:|1757790202
|move|p1a: Samurott|Ceaseless Edge|p2a: Rillaboom
|-damage|p2a: Rillaboom|44/100
|-sidestart|p2: Injikal|Spikes
|move|p2a: Rillaboom|Leech Seed|p1a: Samurott
|-start|p1a: Samurott|move: Leech Seed
|
|-damage|p1a: Samurott|88/100|[from] Leech Seed|[of] p2a: Rillaboom
|-heal|p2a: Rillaboom|56/100|[silent]
|upkeep
|turn|2
|
|t:|1757790215
|move|p1a: Samurott|Ceaseless Edge|p2a: Rillaboom
|-damage|p2a: Rillaboom|0 fnt
|-sidestart|p2: Injikal|Spikes
|faint|p2a: Rillaboom
|
|upkeep
|
|t:|1757790221
|switch|p2a: Staraptor|Staraptor, M|100/100
|-ability|p2a: Staraptor|Intimidate|boost
|-unboost|p1a: Samurott|atk|1
|turn|3
|
|t:|1757790234
|move|p2a: Staraptor|Fly||[still]
|-prepare|p2a: Staraptor|Fly
|move|p1a: Samurott|Ceaseless Edge|p2a: Staraptor|[miss]
|-miss|p1a: Samurott|p2a: Staraptor
|
|-damage|p1a: Samurott|76/100|[from] Leech Seed|[of] p2a: Staraptor
|upkeep
|turn|4
|
|t:|1757790251
|move|p2a: Staraptor|Fly|p1a: Samurott|[from] lockedmove
|-damage|p1a: Samurott|19/100
|move|p1a: Samurott|Knock Off|p2a: Staraptor
|-damage|p2a: Staraptor|53/100
|-enditem|p2a: Staraptor|Focus Sash|[from] move: Knock Off|[of] p1a: Samurott
|
|-damage|p1a: Samurott|6/100|[from] Leech Seed|[of] p2a: Staraptor
|-heal|p2a: Staraptor|66/100|[silent]
|upkeep
|turn|5
|
|t:|1757790265
|switch|p1a: Gholdengo|Gholdengo|100/100
|move|p2a: Staraptor|Quick Attack|p1a: Gholdengo
|-immune|p1a: Gholdengo
|
|upkeep
|turn|6
|
|t:|1757790308
|switch|p2a: Emboar|Emboar, F|100/100
|-damage|p2a: Emboar|84/100|[from] Spikes
|move|p1a: Gholdengo|Nasty Plot|p1a: Gholdengo
|-boost|p1a: Gholdengo|spa|2
|
|upkeep
|turn|7
|
|t:|1757790319
|move|p1a: Gholdengo|Shadow Ball|p2a: Emboar
|-damage|p2a: Emboar|0 fnt
|faint|p2a: Emboar
|
|upkeep
|
|t:|1757790324
|switch|p2a: Staraptor|Staraptor, M|66/100
|-ability|p2a: Staraptor|Intimidate|boost
|-unboost|p1a: Gholdengo|atk|1
|turn|8
|
|t:|1757790353
|switch|p2a: Hypno|Hypno, F|100/100
|-damage|p2a: Hypno|84/100|[from] Spikes
|move|p1a: Gholdengo|Make It Rain|p2a: Hypno
|-damage|p2a: Hypno|0 fnt
|-unboost|p1a: Gholdengo|spa|1
|faint|p2a: Hypno
|
|upkeep
|
|t:|1757790365
|switch|p2a: Empoleon|Empoleon, M|100/100
|-damage|p2a: Empoleon|84/100|[from] Spikes
|turn|9
|
|t:|1757790380
|move|p2a: Empoleon|Swords Dance|p2a: Empoleon
|-boost|p2a: Empoleon|atk|2
|move|p1a: Gholdengo|Shadow Ball|p2a: Empoleon
|-damage|p2a: Empoleon|0 fnt
|faint|p2a: Empoleon
|
|upkeep
|c|☆Injikal|dude..
|
|t:|1757790393
|switch|p2a: Ambipom|Ambipom, F|100/100
|-damage|p2a: Ambipom|84/100|[from] Spikes
|turn|10
|
|t:|1757790398
|move|p2a: Ambipom|Acrobatics|p1a: Gholdengo
|-resisted|p1a: Gholdengo
|-damage|p1a: Gholdengo|85/100
|move|p1a: Gholdengo|Make It Rain|p2a: Ambipom
|-damage|p2a: Ambipom|0 fnt
|-unboost|p1a: Gholdengo|spa|1
|faint|p2a: Ambipom
|
|upkeep
|-message|Injikal forfeited.
|
|win|boomburstt
|raw|boomburstt's rating: 1098 &rarr; <strong>1121</strong><br />(+23 for winning)
|raw|Injikal's rating: 1070 &rarr; <strong>1051</strong><br />(-19 for losing)
|l|☆Injikal
|player|p2|
