|j|☆averagealt99
|j|☆refind
|t:|1757905225
|gametype|singles
|player|p1|averagealt99|acetrainerf-gen4dp|1501
|player|p2|refind|elesa|1429
|gen|9
|tier|[Gen 9] OU
|rated|
|rule|HP Percentage Mod: HP is shown in percentages
|rule|Endless Battle Clause: Forcing endless battles is banned
|rule|Species Clause: Limit one of each Pokémon
|rule|OHKO Clause: OHKO moves are banned
|rule|Evasion Items Clause: Evasion items are banned
|rule|Evasion Moves Clause: Evasion moves are banned
|rule|Evasion Abilities Clause: Evasion abilities are banned
|rule|Sleep Moves Clause: Sleep-inducing moves are banned
|clearpoke
|poke|p1|Vikavolt, M|
|poke|p1|Slowking-Galar, M|
|poke|p1|Chesnaught, F|
|poke|p1|Primarina, F|
|poke|p1|Landorus-Therian, M|
|poke|p1|Samurott-Hisui, F|
|poke|p2|Dragapult, F|
|poke|p2|Moltres|
|poke|p2|Great Tusk|
|poke|p2|Kyurem|
|poke|p2|Iron Valiant|
|poke|p2|Slowking-Galar, F|
|teampreview
|inactive|Battle timer is ON: inactive players will automatically lose when time's up. (requested by refind)
|
|t:|1757905235
|teamsize|p1|6
|teamsize|p2|6
|start
|switch|p1a: Chesnaught|Chesnaught, F|100/100
|switch|p2a: Kyurem|Kyurem|100/100
|-ability|p2a: Kyurem|Pressure
|turn|1
|
|t:|1757905240
|switch|p1a: Primarina|Primarina, F|100/100
|move|p2a: Kyurem|Substitute|p2a: Kyurem
|-start|p2a: Kyurem|Substitute
|-damage|p2a: Kyurem|75/100
|
|-heal|p2a: Kyurem|82/100|[from] item: Leftovers
|upkeep
|turn|2
|
|t:|1757905245
|move|p2a: Kyurem|Freeze-Dry|p1a: Primarina
|-supereffective|p1a: Primarina
|-damage|p1a: Primarina|38/100
|move|p1a: Primarina|Psychic Noise|p2a: Kyurem
|-damage|p2a: Kyurem|62/100
|-start|p2a: Kyurem|move: Heal Block
|
|upkeep
|turn|3
|
|t:|1757905253
|switch|p1a: Slowking|Slowking-Galar, M|100/100
|move|p2a: Kyurem|Freeze-Dry|p1a: Slowking
|-damage|p1a: Slowking|79/100
|
|-end|p2a: Kyurem|move: Heal Block
|upkeep
|turn|4
|
|t:|1757905256
|move|p2a: Kyurem|Earth Power|p1a: Slowking
|-supereffective|p1a: Slowking
|-damage|p1a: Slowking|42/100
|move|p1a: Slowking|Sludge Bomb|p2a: Kyurem
|-end|p2a: Kyurem|Substitute
|
|-heal|p2a: Kyurem|68/100|[from] item: Leftovers
|upkeep
|turn|5
|
|t:|1757905269
|switch|p2a: Dragapult|Dragapult, F, shiny|100/100
|move|p1a: Slowking|Sludge Bomb|p2a: Dragapult
|-resisted|p2a: Dragapult
|-damage|p2a: Dragapult|80/100
|
|upkeep
|turn|6
|
|t:|1757905275
|switch|p1a: Chesnaught|Chesnaught, F|100/100
|move|p2a: Dragapult|Shadow Ball|p1a: Chesnaught
|-immune|p1a: Chesnaught|[from] ability: Bulletproof
|
|upkeep
|turn|7
|
|t:|1757905280
|switch|p2a: Slowking|Slowking-Galar, F|100/100
|move|p1a: Chesnaught|Spiky Shield||[still]
|-fail|p1a: Chesnaught
|
|upkeep
|turn|8
|
|t:|1757905284
|move|p1a: Chesnaught|Knock Off|p2a: Slowking
|-supereffective|p2a: Slowking
|-damage|p2a: Slowking|60/100
|-enditem|p2a: Slowking|Heavy-Duty Boots|[from] move: Knock Off|[of] p1a: Chesnaught
|-prepare|p2a: Slowking|Chilly Reception|[premajor]
|move|p2a: Slowking|Chilly Reception|p2a: Slowking
|-weather|Snowscape
|
|t:|1757905292
|switch|p2a: Kyurem|Kyurem|68/100|[from] Chilly Reception
|-ability|p2a: Kyurem|Pressure
|
|-weather|Snowscape|[upkeep]
|-heal|p2a: Kyurem|74/100|[from] item: Leftovers
|upkeep
|turn|9
|
|t:|1757905298
|move|p2a: Kyurem|Freeze-Dry|p1a: Chesnaught
|-supereffective|p1a: Chesnaught
|-damage|p1a: Chesnaught|22/100
|move|p1a: Chesnaught|Body Press|p2a: Kyurem
|-supereffective|p2a: Kyurem
|-damage|p2a: Kyurem|24/100
|
|-weather|Snowscape|[upkeep]
|-heal|p2a: Kyurem|30/100|[from] item: Leftovers
|upkeep
|turn|10
|
|t:|1757905310
|switch|p1a: Slowking|Slowking-Galar, M|75/100
|move|p2a: Kyurem|Freeze-Dry|p1a: Slowking
|-crit|p1a: Slowking
|-damage|p1a: Slowking|46/100
|
|-weather|Snowscape|[upkeep]
|-heal|p2a: Kyurem|36/100|[from] item: Leftovers
|upkeep
|turn|11
|
|t:|1757905318
|move|p2a: Kyurem|Protect|p2a: Kyurem
|-singleturn|p2a: Kyurem|Protect
|move|p1a: Slowking|Sludge Bomb|p2a: Kyurem
|-activate|p2a: Kyurem|move: Protect
|
|-weather|Snowscape|[upkeep]
|-heal|p2a: Kyurem|42/100|[from] item: Leftovers
|upkeep
|turn|12
|
|t:|1757905326
|switch|p2a: Slowking|Slowking-Galar, F|93/100
|move|p1a: Slowking|Focus Blast|p2a: Slowking|[miss]
|-miss|p1a: Slowking|p2a: Slowking
|
|-weather|none
|upkeep
|turn|13
|
|t:|1757905334
|switch|p1a: Chesnaught|Chesnaught, F|22/100
|-prepare|p2a: Slowking|Chilly Reception|[premajor]
|move|p2a: Slowking|Chilly Reception|p2a: Slowking
|-weather|Snowscape
|
|t:|1757905336
|switch|p2a: Kyurem|Kyurem|42/100|[from] Chilly Reception
|-ability|p2a: Kyurem|Pressure
|
|-weather|Snowscape|[upkeep]
|-heal|p2a: Kyurem|49/100|[from] item: Leftovers
|upkeep
|turn|14
|
|t:|1757905343
|switch|p1a: Slowking|Slowking-Galar, M|80/100
|move|p2a: Kyurem|Substitute|p2a: Kyurem
|-start|p2a: Kyurem|Substitute
|-damage|p2a: Kyurem|24/100
|
|-weather|Snowscape|[upkeep]
|-heal|p2a: Kyurem|30/100|[from] item: Leftovers
|upkeep
|turn|15
|
|t:|1757905346
|move|p2a: Kyurem|Earth Power|p1a: Slowking
|-supereffective|p1a: Slowking
|-damage|p1a: Slowking|41/100
|move|p1a: Slowking|Sludge Bomb|p2a: Kyurem
|-end|p2a: Kyurem|Substitute
|
|-weather|Snowscape|[upkeep]
|-heal|p2a: Kyurem|36/100|[from] item: Leftovers
|upkeep
|turn|16
|
|t:|1757905351
|switch|p2a: Slowking|Slowking-Galar, F|100/100
|switch|p1a: Landorus|Landorus-Therian, M|100/100
|-ability|p1a: Landorus|Intimidate|boost
|-unboost|p2a: Slowking|atk|1
|
|-weather|Snowscape|[upkeep]
|upkeep
|turn|17
|
|t:|1757905355
|switch|p2a: Moltres|Moltres|100/100
|move|p1a: Landorus|Earthquake|p2a: Moltres
|-immune|p2a: Moltres
|
|-weather|none
|upkeep
|turn|18
|
|t:|1757905359
|switch|p1a: Slowking|Slowking-Galar, M|74/100
|move|p2a: Moltres|U-turn|p1a: Slowking
|-damage|p1a: Slowking|58/100
|
|t:|1757905362
|switch|p2a: Great Tusk|Great Tusk|100/100|[from] U-turn
|
|upkeep
|turn|19
|
|t:|1757905365
|switch|p1a: Vikavolt|Vikavolt, M|100/100
|move|p2a: Great Tusk|Knock Off|p1a: Vikavolt
|-damage|p1a: Vikavolt|74/100
|-enditem|p1a: Vikavolt|Heavy-Duty Boots|[from] move: Knock Off|[of] p2a: Great Tusk
|
|upkeep
|turn|20
|
|t:|1757905375
|-end|p2a: Great Tusk|Protosynthesis|[silent]
|switch|p2a: Dragapult|Dragapult, F, shiny|80/100
|move|p1a: Vikavolt|Bug Buzz|p2a: Dragapult
|-resisted|p2a: Dragapult
|-damage|p2a: Dragapult|46/100
|
|upkeep
|turn|21
|
|t:|1757905384
|switch|p1a: Primarina|Primarina, F|38/100
|move|p2a: Dragapult|Draco Meteor|p1a: Primarina
|-immune|p1a: Primarina
|
|upkeep
|turn|22
|
|t:|1757905393
|switch|p2a: Slowking|Slowking-Galar, F|100/100
|move|p1a: Primarina|Draining Kiss|p2a: Slowking
|-resisted|p2a: Slowking
|-damage|p2a: Slowking|94/100
|-heal|p1a: Primarina|43/100|[from] drain|[of] p2a: Slowking
|
|upkeep
|turn|23
|
|t:|1757905403
|switch|p1a: Landorus|Landorus-Therian, M|100/100
|-ability|p1a: Landorus|Intimidate|boost
|-unboost|p2a: Slowking|atk|1
|-prepare|p2a: Slowking|Chilly Reception|[premajor]
|move|p2a: Slowking|Chilly Reception|p2a: Slowking
|-weather|Snowscape
|
|t:|1757905406
|switch|p2a: Kyurem|Kyurem|36/100|[from] Chilly Reception
|-ability|p2a: Kyurem|Pressure
|
|-weather|Snowscape|[upkeep]
|-heal|p2a: Kyurem|42/100|[from] item: Leftovers
|upkeep
|turn|24
|
|t:|1757905410
|move|p1a: Landorus|Rock Slide|p2a: Kyurem
|-supereffective|p2a: Kyurem
|-damage|p2a: Kyurem|7/100
|cant|p2a: Kyurem|flinch
|
|-weather|Snowscape|[upkeep]
|-heal|p2a: Kyurem|14/100|[from] item: Leftovers
|upkeep
|turn|25
|
|t:|1757905413
|move|p2a: Kyurem|Protect|p2a: Kyurem
|-singleturn|p2a: Kyurem|Protect
|move|p1a: Landorus|Rock Slide|p2a: Kyurem
|-activate|p2a: Kyurem|move: Protect
|
|-weather|Snowscape|[upkeep]
|-heal|p2a: Kyurem|20/100|[from] item: Leftovers
|upkeep
|turn|26
|
|t:|1757905418
|switch|p2a: Great Tusk|Great Tusk|100/100
|move|p1a: Landorus|Rock Slide|p2a: Great Tusk
|-resisted|p2a: Great Tusk
|-damage|p2a: Great Tusk|97/100
|
|-weather|Snowscape|[upkeep]
|-heal|p2a: Great Tusk|100/100|[from] item: Leftovers
|upkeep
|turn|27
|
|t:|1757905426
|switch|p1a: Vikavolt|Vikavolt, M|74/100
|move|p2a: Great Tusk|Ice Spinner|p1a: Vikavolt
|-damage|p1a: Vikavolt|53/100
|
|-weather|none
|upkeep
|turn|28
|
|t:|1757905432
|-end|p2a: Great Tusk|Protosynthesis|[silent]
|switch|p2a: Dragapult|Dragapult, F, shiny|46/100
|move|p1a: Vikavolt|Energy Ball|p2a: Dragapult
|-resisted|p2a: Dragapult
|-damage|p2a: Dragapult|20/100
|
|upkeep
|turn|29
|
|t:|1757905443
|switch|p1a: Chesnaught|Chesnaught, F|22/100
|move|p2a: Dragapult|Draco Meteor|p1a: Chesnaught|[miss]
|-miss|p2a: Dragapult|p1a: Chesnaught
|
|upkeep
|turn|30
|
|t:|1757905448
|switch|p2a: Kyurem|Kyurem|20/100
|-ability|p2a: Kyurem|Pressure
|move|p1a: Chesnaught|Synthesis|p1a: Chesnaught
|-heal|p1a: Chesnaught|72/100
|
|-heal|p2a: Kyurem|26/100|[from] item: Leftovers
|upkeep
|turn|31
|
|t:|1757905454
|switch|p1a: Slowking|Slowking-Galar, M|91/100
|move|p2a: Kyurem|Freeze-Dry|p1a: Slowking
|-damage|p1a: Slowking|72/100
|
|-heal|p2a: Kyurem|32/100|[from] item: Leftovers
|upkeep
|turn|32
|
|t:|1757905459
|move|p2a: Kyurem|Earth Power|p1a: Slowking
|-supereffective|p1a: Slowking
|-damage|p1a: Slowking|38/100
|move|p1a: Slowking|Sludge Bomb|p2a: Kyurem
|-damage|p2a: Kyurem|1/100
|
|-heal|p2a: Kyurem|8/100|[from] item: Leftovers
|upkeep
|turn|33
|
|t:|1757905467
|-terastallize|p2a: Kyurem|Ground
|move|p2a: Kyurem|Earth Power|p1a: Slowking
|-supereffective|p1a: Slowking
|-damage|p1a: Slowking|0 fnt
|faint|p1a: Slowking
|
|-heal|p2a: Kyurem|14/100|[from] item: Leftovers
|upkeep
|
|t:|1757905485
|switch|p1a: Samurott|Samurott-Hisui, F|100/100
|turn|34
|
|t:|1757905490
|move|p2a: Kyurem|Protect|p2a: Kyurem
|-singleturn|p2a: Kyurem|Protect
|move|p1a: Samurott|Ceaseless Edge|p2a: Kyurem
|-activate|p2a: Kyurem|move: Protect
|
|-heal|p2a: Kyurem|20/100|[from] item: Leftovers
|upkeep
|turn|35
|
|t:|1757905494
|switch|p2a: Iron Valiant|Iron Valiant|100/100
|-enditem|p2a: Iron Valiant|Booster Energy
|-activate|p2a: Iron Valiant|ability: Quark Drive|[fromitem]
|-start|p2a: Iron Valiant|quarkdrivespe
|move|p1a: Samurott|Sucker Punch||[still]
|-fail|p1a: Samurott
|
|upkeep
|turn|36
|
|t:|1757905507
|move|p2a: Iron Valiant|Moonblast|p1a: Samurott
|-supereffective|p1a: Samurott
|-damage|p1a: Samurott|0 fnt
|faint|p1a: Samurott
|
|upkeep
|
|t:|1757905512
|switch|p1a: Primarina|Primarina, F|43/100
|turn|37
|
|t:|1757905518
|move|p2a: Iron Valiant|Thunderbolt|p1a: Primarina
|-supereffective|p1a: Primarina
|-damage|p1a: Primarina|0 fnt
|faint|p1a: Primarina
|
|upkeep
|
|t:|1757905523
|switch|p1a: Vikavolt|Vikavolt, M|53/100
|turn|38
|
|t:|1757905525
|move|p2a: Iron Valiant|Moonblast|p1a: Vikavolt
|-damage|p1a: Vikavolt|0 fnt
|faint|p1a: Vikavolt
|
|upkeep
|
|t:|1757905532
|switch|p1a: Landorus|Landorus-Therian, M|100/100
|-ability|p1a: Landorus|Intimidate|boost
|-unboost|p2a: Iron Valiant|atk|1
|turn|39
|
|t:|1757905534
|move|p2a: Iron Valiant|Moonblast|p1a: Landorus
|-damage|p1a: Landorus|37/100
|-unboost|p1a: Landorus|spa|1
|move|p1a: Landorus|Earthquake|p2a: Iron Valiant
|-damage|p2a: Iron Valiant|25/100
|
|upkeep
|turn|40
|
|t:|1757905540
|move|p2a: Iron Valiant|Moonblast|p1a: Landorus
|-damage|p1a: Landorus|0 fnt
|faint|p1a: Landorus
|
|upkeep
|
|t:|1757905542
|switch|p1a: Chesnaught|Chesnaught, F|72/100
|turn|41
|
|t:|1757905545
|-terastallize|p1a: Chesnaught|Fire
|move|p2a: Iron Valiant|Moonblast|p1a: Chesnaught
|-resisted|p1a: Chesnaught
|-damage|p1a: Chesnaught|45/100
|move|p1a: Chesnaught|Synthesis|p1a: Chesnaught
|-heal|p1a: Chesnaught|95/100
|
|upkeep
|turn|42
|
|t:|1757905550
|move|p1a: Chesnaught|Spiky Shield|p1a: Chesnaught
|-singleturn|p1a: Chesnaught|move: Protect
|move|p2a: Iron Valiant|Encore|p1a: Chesnaught
|-activate|p1a: Chesnaught|move: Protect
|
|upkeep
|turn|43
|-message|averagealt99 forfeited.
|
|win|refind
|raw|averagealt99's rating: 1501 &rarr; <strong>1477</strong><br />(-24 for losing)
|raw|refind's rating: 1429 &rarr; <strong>1453</strong><br />(+24 for winning)
|l|☆averagealt99
|player|p1|
|l|☆refind
|player|p2|
