|j|☆Jasamius
|j|☆frost_kun27
|t:|1757868694
|gametype|singles
|player|p1|Jasamius|miku-fire|1325
|player|p2|frost_kun27|silver|1331
|gen|9
|tier|[Gen 9] OU
|rated|
|rule|HP Percentage Mod: HP is shown in percentages
|rule|Endless Battle Clause: Forcing endless battles is banned
|rule|Species Clause: Limit one of each Pokémon
|rule|OHKO Clause: OHKO moves are banned
|rule|Evasion Items Clause: Evasion items are banned
|rule|Evasion Moves Clause: Evasion moves are banned
|rule|Evasion Abilities Clause: Evasion abilities are banned
|rule|Sleep Moves Clause: Sleep-inducing moves are banned
|clearpoke
|poke|p1|Indeedee, M|
|poke|p1|Hatterene, F|
|poke|p1|Ursaluna, F|
|poke|p1|Iron Hands|
|poke|p1|Hoopa-Unbound|
|poke|p1|Mimikyu, F|
|poke|p2|Rhyperior, M|
|poke|p2|Articuno|
|poke|p2|Heatran, M|
|poke|p2|Decidueye-Hisui, M|
|poke|p2|Latios, M|
|poke|p2|Zebstrika, M|
|teampreview
|inactive|Battle timer is ON: inactive players will automatically lose when time's up. (requested by Jasamius)
|inactive|frost_kun27 also wants the timer to be on.
|
|t:|1757868719
|teamsize|p1|6
|teamsize|p2|6
|start
|switch|p1a: Indeedee|Indeedee, M, shiny|100/100
|switch|p2a: Heatran|Heatran, M|100/100
|-fieldstart|move: Psychic Terrain|[from] ability: Psychic Surge|[of] p1a: Indeedee
|turn|1
|
|t:|1757868724
|move|p2a: Heatran|Magma Storm|p1a: Indeedee
|-damage|p1a: Indeedee|52/100
|-activate|p1a: Indeedee|move: Magma Storm|[of] p2a: Heatran
|move|p1a: Indeedee|Trick Room|p1a: Indeedee
|-fieldstart|move: Trick Room|[of] p1a: Indeedee
|
|-damage|p1a: Indeedee|40/100|[from] move: Magma Storm|[partiallytrapped]
|upkeep
|turn|2
|
|t:|1757868730
|move|p2a: Heatran|Stealth Rock|p1a: Indeedee
|-sidestart|p1: Jasamius|move: Stealth Rock
|move|p1a: Indeedee|Healing Wish|p1a: Indeedee
|faint|p1a: Indeedee
|
|upkeep
|
|t:|1757868744
|switch|p1a: Iron Hands|Iron Hands, shiny|100/100
|-damage|p1a: Iron Hands|94/100|[from] Stealth Rock
|-enditem|p1a: Iron Hands|Booster Energy
|-activate|p1a: Iron Hands|ability: Quark Drive|[fromitem]
|-start|p1a: Iron Hands|quarkdriveatk
|turn|3
|
|t:|1757868758
|move|p1a: Iron Hands|Close Combat|p2a: Heatran
|-supereffective|p2a: Heatran
|-damage|p2a: Heatran|0 fnt
|-unboost|p1a: Iron Hands|def|1
|-unboost|p1a: Iron Hands|spd|1
|faint|p2a: Heatran
|
|upkeep
|
|t:|1757868770
|switch|p2a: Latios|Latios, M, shiny|100/100
|turn|4
|
|t:|1757868774
|move|p1a: Iron Hands|Ice Punch|p2a: Latios
|-supereffective|p2a: Latios
|-damage|p2a: Latios|0 fnt
|faint|p2a: Latios
|
|upkeep
|
|t:|1757868787
|switch|p2a: Decidueye|Decidueye-Hisui, M|100/100
|turn|5
|
|t:|1757868797
|move|p1a: Iron Hands|Close Combat|p2a: Decidueye
|-damage|p2a: Decidueye|25/100
|-unboost|p1a: Iron Hands|def|1
|-unboost|p1a: Iron Hands|spd|1
|-damage|p1a: Iron Hands|78/100|[from] item: Rocky Helmet|[of] p2a: Decidueye
|move|p2a: Decidueye|Triple Arrows|p1a: Iron Hands
|-damage|p1a: Iron Hands|30/100
|-unboost|p1a: Iron Hands|def|1
|
|-fieldend|move: Trick Room
|upkeep
|turn|6
|
|t:|1757868807
|move|p2a: Decidueye|Triple Arrows|p1a: Iron Hands
|-damage|p1a: Iron Hands|0 fnt
|faint|p1a: Iron Hands
|-end|p1a: Iron Hands|Quark Drive|[silent]
|
|upkeep
|
|t:|1757868825
|switch|p1a: Mimikyu|Mimikyu, F, shiny|100/100
|-damage|p1a: Mimikyu|88/100|[from] Stealth Rock
|turn|7
|
|t:|1757868829
|move|p2a: Decidueye|Rock Tomb|p1a: Mimikyu
|-activate|p1a: Mimikyu|ability: Disguise
|-damage|p1a: Mimikyu|88/100
|-unboost|p1a: Mimikyu|spe|1
|detailschange|p1a: Mimikyu|Mimikyu-Busted, F, shiny
|-damage|p1a: Mimikyu|76/100|[from] pokemon: Mimikyu-Busted
|-enditem|p1a: Mimikyu|Red Card|[of] p2a: Decidueye
|drag|p2a: Zebstrika|Zebstrika, M, shiny|100/100
|move|p1a: Mimikyu|Trick Room|p1a: Mimikyu
|-fieldstart|move: Trick Room|[of] p1a: Mimikyu
|
|upkeep
|turn|8
|
|t:|1757868836
|switch|p1a: Ursaluna|Ursaluna, F, shiny|100/100
|-damage|p1a: Ursaluna|94/100|[from] Stealth Rock
|move|p2a: Zebstrika|Supercell Slam|p1a: Ursaluna
|-immune|p1a: Ursaluna
|-damage|p2a: Zebstrika|51/100|[from] supercellslam
|
|-fieldend|move: Psychic Terrain
|-status|p1a: Ursaluna|brn|[from] item: Flame Orb
|upkeep
|turn|9
|
|t:|1757868848
|-terastallize|p1a: Ursaluna|Normal
|move|p1a: Ursaluna|Facade|p2a: Zebstrika
|-damage|p2a: Zebstrika|0 fnt
|faint|p2a: Zebstrika
|
|-damage|p1a: Ursaluna|88/100 brn|[from] brn
|upkeep
|
|t:|1757868852
|switch|p2a: Articuno|Articuno, shiny|100/100
|-ability|p2a: Articuno|Pressure
|turn|10
|
|t:|1757868855
|move|p1a: Ursaluna|Facade|p2a: Articuno
|-damage|p2a: Articuno|0 fnt
|faint|p2a: Articuno
|
|-damage|p1a: Ursaluna|82/100 brn|[from] brn
|upkeep
|
|t:|1757868860
|switch|p2a: Rhyperior|Rhyperior, M|100/100
|turn|11
|
|t:|1757868865
|move|p1a: Ursaluna|Headlong Rush|p2a: Rhyperior
|-supereffective|p2a: Rhyperior
|-damage|p2a: Rhyperior|0 fnt
|-unboost|p1a: Ursaluna|def|1
|-unboost|p1a: Ursaluna|spd|1
|faint|p2a: Rhyperior
|
|-damage|p1a: Ursaluna|76/100 brn|[from] brn
|-fieldend|move: Trick Room
|upkeep
|
|t:|1757868869
|switch|p2a: Decidueye|Decidueye-Hisui, M|25/100
|turn|12
|
|t:|1757868872
|move|p2a: Decidueye|Triple Arrows|p1a: Ursaluna
|-supereffective|p1a: Ursaluna
|-damage|p1a: Ursaluna|2/100 brn
|move|p1a: Ursaluna|Facade|p2a: Decidueye
|-damage|p2a: Decidueye|0 fnt
|-damage|p1a: Ursaluna|0 fnt|[from] item: Rocky Helmet|[of] p2a: Decidueye
|faint|p2a: Decidueye
|faint|p1a: Ursaluna
|
|win|Jasamius
|raw|Jasamius's rating: 1325 &rarr; <strong>1345</strong><br />(+20 for winning)
|raw|frost_kun27's rating: 1331 &rarr; <strong>1311</strong><br />(-20 for losing)
|l|☆Jasamius
|player|p1|
|l|☆frost_kun27
|player|p2|
