|j|☆JasmineThia
|j|☆Moistham
|t:|1757862982
|gametype|singles
|player|p1|JasmineThia|serena-masters3|1547
|player|p2|Moistham|102|1504
|gen|9
|tier|[Gen 9] OU
|rated|
|rule|HP Percentage Mod: HP is shown in percentages
|rule|Endless Battle Clause: Forcing endless battles is banned
|rule|Species Clause: Limit one of each Pokémon
|rule|OHKO Clause: OHKO moves are banned
|rule|Evasion Items Clause: Evasion items are banned
|rule|Evasion Moves Clause: Evasion moves are banned
|rule|Evasion Abilities Clause: Evasion abilities are banned
|rule|Sleep Moves Clause: Sleep-inducing moves are banned
|clearpoke
|poke|p1|Ogerpon, F|
|poke|p1|Garganacl, M|
|poke|p1|Slowking-Galar, F|
|poke|p1|Clefable, F|
|poke|p1|Gliscor, M|
|poke|p1|Zamazenta-*|
|poke|p2|Blaziken, F|
|poke|p2|Salamence, M|
|poke|p2|Ambipom, F|
|poke|p2|Houndstone, M|
|poke|p2|Iron Hands|
|poke|p2|Scizor, F|
|teampreview
|inactive|Battle timer is ON: inactive players will automatically lose when time's up. (requested by JasmineThia)
|
|t:|1757862991
|teamsize|p1|6
|teamsize|p2|6
|start
|switch|p1a: Garganacl|Garganacl, M|100/100
|switch|p2a: Ambipom|Ambipom, F|100/100
|turn|1
|
|t:|1757862994
|move|p1a: Garganacl|Protect|p1a: Garganacl
|-singleturn|p1a: Garganacl|Protect
|move|p2a: Ambipom|Fake Out|p1a: Garganacl
|-activate|p1a: Garganacl|move: Protect
|
|upkeep
|turn|2
|
|t:|1757862996
|move|p2a: Ambipom|Low Kick|p1a: Garganacl
|-supereffective|p1a: Garganacl
|-damage|p1a: Garganacl|47/100
|move|p1a: Garganacl|Stealth Rock|p2a: Ambipom
|-sidestart|p2: Moistham|move: Stealth Rock
|
|-heal|p1a: Garganacl|53/100|[from] item: Leftovers
|upkeep
|turn|3
|
|t:|1757863008
|move|p1a: Garganacl|Protect|p1a: Garganacl
|-singleturn|p1a: Garganacl|Protect
|move|p2a: Ambipom|Low Kick|p1a: Garganacl
|-activate|p1a: Garganacl|move: Protect
|
|-heal|p1a: Garganacl|59/100|[from] item: Leftovers
|upkeep
|turn|4
|
|t:|1757863011
|switch|p1a: Gliscor|Gliscor, M|100/100
|move|p2a: Ambipom|Low Kick|p1a: Gliscor
|-resisted|p1a: Gliscor
|-damage|p1a: Gliscor|91/100
|
|-status|p1a: Gliscor|tox|[from] item: Toxic Orb
|upkeep
|turn|5
|
|t:|1757863015
|switch|p1a: Zamazenta|Zamazenta|100/100
|-ability|p1a: Zamazenta|Dauntless Shield|boost
|-boost|p1a: Zamazenta|def|1
|move|p2a: Ambipom|Triple Axel|p1a: Zamazenta
|-damage|p1a: Zamazenta|95/100
|-damage|p1a: Zamazenta|85/100
|-damage|p1a: Zamazenta|68/100
|-hitcount|p1a: Zamazenta|3
|
|upkeep
|turn|6
|
|t:|1757863020
|switch|p2a: Houndstone|Houndstone, M|100/100
|-damage|p2a: Houndstone|88/100|[from] Stealth Rock
|move|p1a: Zamazenta|Crunch|p2a: Houndstone
|-supereffective|p2a: Houndstone
|-damage|p2a: Houndstone|62/100
|
|-heal|p2a: Houndstone|68/100|[from] item: Leftovers
|upkeep
|turn|7
|
|t:|1757863024
|switch|p1a: Garganacl|Garganacl, M|59/100
|move|p2a: Houndstone|Poltergeist|p1a: Garganacl
|-activate|p1a: Garganacl|move: Poltergeist|Leftovers
|-damage|p1a: Garganacl|42/100
|
|-heal|p2a: Houndstone|74/100|[from] item: Leftovers
|-heal|p1a: Garganacl|48/100|[from] item: Leftovers
|upkeep
|turn|8
|
|t:|1757863030
|switch|p2a: Iron Hands|Iron Hands|100/100
|-damage|p2a: Iron Hands|94/100|[from] Stealth Rock
|-enditem|p2a: Iron Hands|Booster Energy
|-activate|p2a: Iron Hands|ability: Quark Drive|[fromitem]
|-start|p2a: Iron Hands|quarkdriveatk
|move|p1a: Garganacl|Salt Cure|p2a: Iron Hands
|-resisted|p2a: Iron Hands
|-damage|p2a: Iron Hands|90/100
|-start|p2a: Iron Hands|Salt Cure
|
|-heal|p1a: Garganacl|54/100|[from] item: Leftovers
|-damage|p2a: Iron Hands|78/100|[from] Salt Cure
|upkeep
|turn|9
|
|t:|1757863035
|move|p1a: Garganacl|Protect|p1a: Garganacl
|-singleturn|p1a: Garganacl|Protect
|move|p2a: Iron Hands|Thunder Punch|p1a: Garganacl
|-activate|p1a: Garganacl|move: Protect
|
|-heal|p1a: Garganacl|60/100|[from] item: Leftovers
|-damage|p2a: Iron Hands|65/100|[from] Salt Cure
|upkeep
|turn|10
|
|t:|1757863040
|switch|p1a: Gliscor|Gliscor, M|91/100 tox
|move|p2a: Iron Hands|Drain Punch|p1a: Gliscor
|-resisted|p1a: Gliscor
|-damage|p1a: Gliscor|69/100 tox
|-heal|p2a: Iron Hands|73/100|[from] drain|[of] p1a: Gliscor
|
|-heal|p1a: Gliscor|82/100 tox|[from] ability: Poison Heal
|-damage|p2a: Iron Hands|61/100|[from] Salt Cure
|upkeep
|turn|11
|
|t:|1757863042
|move|p1a: Gliscor|Protect|p1a: Gliscor
|-singleturn|p1a: Gliscor|Protect
|move|p2a: Iron Hands|Drain Punch|p1a: Gliscor
|-activate|p1a: Gliscor|move: Protect
|
|-heal|p1a: Gliscor|94/100 tox|[from] ability: Poison Heal
|-damage|p2a: Iron Hands|48/100|[from] Salt Cure
|upkeep
|turn|12
|
|t:|1757863047
|move|p1a: Gliscor|Spikes|p2a: Iron Hands
|-sidestart|p2: Moistham|Spikes
|move|p2a: Iron Hands|Ice Punch|p1a: Gliscor
|-supereffective|p1a: Gliscor
|-damage|p1a: Gliscor|0 fnt
|faint|p1a: Gliscor
|
|-damage|p2a: Iron Hands|36/100|[from] Salt Cure
|upkeep
|
|t:|1757863050
|switch|p1a: Clefable|Clefable, F|100/100
|turn|13
|
|t:|1757863052
|move|p1a: Clefable|Moonlight|p1a: Clefable
|-fail|p1a: Clefable|heal
|move|p2a: Iron Hands|Thunder Punch|p1a: Clefable
|-damage|p1a: Clefable|53/100
|
|-heal|p1a: Clefable|59/100|[from] item: Leftovers
|-damage|p2a: Iron Hands|24/100|[from] Salt Cure
|upkeep
|turn|14
|
|t:|1757863055
|move|p1a: Clefable|Moonblast|p2a: Iron Hands
|-supereffective|p2a: Iron Hands
|-damage|p2a: Iron Hands|0 fnt
|faint|p2a: Iron Hands
|-end|p2a: Iron Hands|Quark Drive|[silent]
|
|-heal|p1a: Clefable|65/100|[from] item: Leftovers
|upkeep
|
|t:|1757863064
|switch|p2a: Scizor|Scizor, F|100/100
|-damage|p2a: Scizor|88/100|[from] Stealth Rock
|-damage|p2a: Scizor|76/100|[from] Spikes
|turn|15
|
|t:|1757863067
|switch|p1a: Zamazenta|Zamazenta|68/100
|move|p2a: Scizor|Swords Dance|p2a: Scizor
|-boost|p2a: Scizor|atk|2
|
|upkeep
|turn|16
|
|t:|1757863087
|move|p2a: Scizor|Bullet Punch|p1a: Zamazenta
|-damage|p1a: Zamazenta|2/100
|move|p1a: Zamazenta|Close Combat|p2a: Scizor
|-damage|p2a: Scizor|17/100
|-unboost|p1a: Zamazenta|def|1
|-unboost|p1a: Zamazenta|spd|1
|
|upkeep
|turn|17
|
|t:|1757863099
|move|p2a: Scizor|Bullet Punch|p1a: Zamazenta
|-damage|p1a: Zamazenta|0 fnt
|faint|p1a: Zamazenta
|
|upkeep
|
|t:|1757863100
|switch|p1a: Ogerpon|Ogerpon, F|100/100
|turn|18
|
|t:|1757863103
|-terastallize|p2a: Scizor|Steel
|move|p2a: Scizor|Bullet Punch|p1a: Ogerpon
|-damage|p1a: Ogerpon|0 fnt
|faint|p1a: Ogerpon
|
|upkeep
|-message|JasmineThia forfeited.
|
|win|Moistham
|raw|JasmineThia's rating: 1547 &rarr; <strong>1525</strong><br />(-22 for losing)
|raw|Moistham's rating: 1504 &rarr; <strong>1526</strong><br />(+22 for winning)
|l|☆JasmineThia
|player|p1|
