|j|☆blunts89
|j|☆evin
|t:|1757867665
|gametype|singles
|player|p1|blunts89|ghetsis|1549
|player|p2|evin|2|1543
|gen|9
|tier|[Gen 9] OU
|rated|
|rule|HP Percentage Mod: HP is shown in percentages
|rule|Endless Battle Clause: Forcing endless battles is banned
|rule|Species Clause: Limit one of each Pokémon
|rule|OHKO Clause: OHKO moves are banned
|rule|Evasion Items Clause: Evasion items are banned
|rule|Evasion Moves Clause: Evasion moves are banned
|rule|Evasion Abilities Clause: Evasion abilities are banned
|rule|Sleep Moves Clause: Sleep-inducing moves are banned
|clearpoke
|poke|p1|Great Tusk|
|poke|p1|Kingambit, F|
|poke|p1|Dragonite, M|
|poke|p1|Ogerpon-Wellspring, F|
|poke|p1|Heatran, M|
|poke|p1|Iron Crown|
|poke|p2|Ursaluna, F|
|poke|p2|Garchomp, F|
|poke|p2|Porygon-Z|
|poke|p2|Avalugg, F|
|poke|p2|Lucario, F|
|poke|p2|Iron Valiant|
|teampreview
|
|t:|1757867682
|teamsize|p1|6
|teamsize|p2|6
|start
|switch|p1a: Heatran|Heatran, M|100/100
|switch|p2a: Ursaluna|Ursaluna, F|100/100
|turn|1
|
|t:|1757867689
|move|p1a: Heatran|Magma Storm|p2a: Ursaluna
|-damage|p2a: Ursaluna|76/100
|-activate|p2a: Ursaluna|move: Magma Storm|[of] p1a: Heatran
|move|p2a: Ursaluna|Facade|p1a: Heatran
|-resisted|p1a: Heatran
|-damage|p1a: Heatran|88/100
|
|-heal|p1a: Heatran|94/100|[from] item: Leftovers
|-heal|p2a: Ursaluna|82/100|[from] item: Leftovers
|-damage|p2a: Ursaluna|69/100|[from] move: Magma Storm|[partiallytrapped]
|upkeep
|turn|2
|
|t:|1757867694
|move|p1a: Heatran|Stealth Rock|p2a: Ursaluna
|-sidestart|p2: evin|move: Stealth Rock
|move|p2a: Ursaluna|Earthquake|p1a: Heatran
|-supereffective|p1a: Heatran
|-damage|p1a: Heatran|0 fnt
|faint|p1a: Heatran
|
|-heal|p2a: Ursaluna|76/100|[from] item: Leftovers
|-end|p2a: Ursaluna|Magma Storm|[partiallytrapped]|[silent]
|upkeep
|
|t:|1757867697
|switch|p1a: Ogerpon|Ogerpon-Wellspring, F|100/100
|turn|3
|
|t:|1757867707
|switch|p2a: Avalugg|Avalugg, F|100/100
|move|p1a: Ogerpon|Swords Dance|p1a: Ogerpon
|-boost|p1a: Ogerpon|atk|2
|
|upkeep
|turn|4
|
|t:|1757867715
|move|p1a: Ogerpon|Knock Off|p2a: Avalugg
|-damage|p2a: Avalugg|62/100
|-enditem|p2a: Avalugg|Heavy-Duty Boots|[from] move: Knock Off|[of] p1a: Ogerpon
|move|p2a: Avalugg|Body Press|p1a: Ogerpon
|-damage|p1a: Ogerpon|56/100
|
|upkeep
|turn|5
|
|t:|1757867724
|move|p1a: Ogerpon|Ivy Cudgel|p2a: Avalugg|[anim] Ivy Cudgel Water
|-damage|p2a: Avalugg|5/100
|move|p2a: Avalugg|Icicle Crash|p1a: Ogerpon
|-damage|p1a: Ogerpon|15/100
|
|upkeep
|turn|6
|
|t:|1757867729
|move|p1a: Ogerpon|Trailblaze|p2a: Avalugg
|-damage|p2a: Avalugg|0 fnt
|-boost|p1a: Ogerpon|spe|1
|faint|p2a: Avalugg
|
|upkeep
|
|t:|1757867733
|switch|p2a: Lucario|Lucario, F|100/100
|-damage|p2a: Lucario|98/100|[from] Stealth Rock
|turn|7
|
|t:|1757867736
|move|p2a: Lucario|Vacuum Wave|p1a: Ogerpon
|-damage|p1a: Ogerpon|0 fnt
|faint|p1a: Ogerpon
|-damage|p2a: Lucario|88/100|[from] item: Life Orb
|
|upkeep
|
|t:|1757867738
|switch|p1a: Great Tusk|Great Tusk, shiny|100/100
|turn|8
|inactive|Battle timer is ON: inactive players will automatically lose when time's up. (requested by blunts89)
|inactive|evin has 120 seconds left.
|
|t:|1757867850
|switch|p2a: Garchomp|Garchomp, F|100/100
|-damage|p2a: Garchomp|94/100|[from] Stealth Rock
|move|p1a: Great Tusk|Rapid Spin|p2a: Garchomp
|-damage|p2a: Garchomp|78/100
|-boost|p1a: Great Tusk|spe|1
|-damage|p1a: Great Tusk|88/100|[from] ability: Rough Skin|[of] p2a: Garchomp
|
|upkeep
|turn|9
|
|t:|1757867879
|move|p2a: Garchomp|Scale Shot|p1a: Great Tusk
|-damage|p1a: Great Tusk|77/100
|-damage|p1a: Great Tusk|65/100
|-hitcount|p1a: Great Tusk|2
|-unboost|p2a: Garchomp|def|1
|-boost|p2a: Garchomp|spe|1
|-damage|p2a: Garchomp|68/100|[from] item: Life Orb
|move|p1a: Great Tusk|Ice Spinner|p2a: Garchomp
|-supereffective|p2a: Garchomp
|-damage|p2a: Garchomp|0 fnt
|-damage|p1a: Great Tusk|52/100|[from] ability: Rough Skin|[of] p2a: Garchomp
|faint|p2a: Garchomp
|
|upkeep
|
|t:|1757867907
|switch|p2a: Porygon-Z|Porygon-Z|100/100
|-damage|p2a: Porygon-Z|88/100|[from] Stealth Rock
|turn|10
|
|t:|1757867916
|move|p2a: Porygon-Z|Tri Attack|p1a: Great Tusk
|-damage|p1a: Great Tusk|15/100
|-status|p1a: Great Tusk|brn
|move|p1a: Great Tusk|Close Combat|p2a: Porygon-Z
|-supereffective|p2a: Porygon-Z
|-damage|p2a: Porygon-Z|0 fnt
|-unboost|p1a: Great Tusk|def|1
|-unboost|p1a: Great Tusk|spd|1
|faint|p2a: Porygon-Z
|
|-damage|p1a: Great Tusk|9/100 brn|[from] brn
|upkeep
|
|t:|1757867923
|switch|p2a: Lucario|Lucario, F|88/100
|-damage|p2a: Lucario|85/100|[from] Stealth Rock
|turn|11
|
|t:|1757867926
|move|p2a: Lucario|Vacuum Wave|p1a: Great Tusk
|-damage|p1a: Great Tusk|0 fnt
|faint|p1a: Great Tusk
|-end|p1a: Great Tusk|Protosynthesis|[silent]
|-damage|p2a: Lucario|75/100|[from] item: Life Orb
|
|upkeep
|
|t:|1757867928
|switch|p1a: Dragonite|Dragonite, M|100/100
|turn|12
|
|t:|1757867931
|switch|p2a: Iron Valiant|Iron Valiant|100/100
|-damage|p2a: Iron Valiant|94/100|[from] Stealth Rock
|-enditem|p2a: Iron Valiant|Booster Energy
|-activate|p2a: Iron Valiant|ability: Quark Drive|[fromitem]
|-start|p2a: Iron Valiant|quarkdrivespe
|move|p1a: Dragonite|Dragon Dance|p1a: Dragonite
|-boost|p1a: Dragonite|atk|1
|-boost|p1a: Dragonite|spe|1
|
|upkeep
|turn|13
|
|t:|1757867935
|-terastallize|p2a: Iron Valiant|Ghost
|move|p2a: Iron Valiant|Encore|p1a: Dragonite
|-start|p1a: Dragonite|Encore
|move|p1a: Dragonite|Dragon Dance|p1a: Dragonite
|-boost|p1a: Dragonite|atk|1
|-boost|p1a: Dragonite|spe|1
|
|upkeep
|turn|14
|
|t:|1757867947
|switch|p1a: Kingambit|Kingambit, F|100/100
|-activate|p1a: Kingambit|ability: Supreme Overlord
|-start|p1a: Kingambit|fallen3|[silent]
|move|p2a: Iron Valiant|Moonblast|p1a: Kingambit
|-damage|p1a: Kingambit|58/100
|
|-heal|p1a: Kingambit|64/100|[from] item: Leftovers
|upkeep
|turn|15
|
|t:|1757867953
|move|p1a: Kingambit|Sucker Punch||[still]
|-fail|p1a: Kingambit
|move|p2a: Iron Valiant|Calm Mind|p2a: Iron Valiant
|-boost|p2a: Iron Valiant|spa|1
|-boost|p2a: Iron Valiant|spd|1
|
|-heal|p1a: Kingambit|71/100|[from] item: Leftovers
|upkeep
|turn|16
|
|t:|1757867956
|-end|p1a: Kingambit|fallen3|[silent]
|switch|p1a: Iron Crown|Iron Crown|100/100
|-enditem|p1a: Iron Crown|Booster Energy
|-activate|p1a: Iron Crown|ability: Quark Drive|[fromitem]
|-start|p1a: Iron Crown|quarkdrivespe
|move|p2a: Iron Valiant|Encore||[still]
|-fail|p2a: Iron Valiant
|
|upkeep
|turn|17
|
|t:|1757867960
|-terastallize|p1a: Iron Crown|Dark
|move|p2a: Iron Valiant|Shadow Ball|p1a: Iron Crown
|-resisted|p1a: Iron Crown
|-damage|p1a: Iron Crown|73/100
|move|p1a: Iron Crown|Tera Blast|p2a: Iron Valiant|[anim] Tera Blast Dark
|-supereffective|p2a: Iron Valiant
|-damage|p2a: Iron Valiant|11/100
|
|upkeep
|turn|18
|
|t:|1757867965
|move|p2a: Iron Valiant|Moonblast|p1a: Iron Crown
|-supereffective|p1a: Iron Crown
|-damage|p1a: Iron Crown|0 fnt
|faint|p1a: Iron Crown
|-end|p1a: Iron Crown|Quark Drive|[silent]
|
|upkeep
|
|t:|1757867968
|switch|p1a: Kingambit|Kingambit, F|71/100
|-activate|p1a: Kingambit|ability: Supreme Overlord
|-start|p1a: Kingambit|fallen4|[silent]
|turn|19
|
|t:|1757867969
|move|p2a: Iron Valiant|Moonblast|p1a: Kingambit
|-damage|p1a: Kingambit|0 fnt
|faint|p1a: Kingambit
|-end|p1a: Kingambit|fallen4|[silent]
|
|upkeep
|
|t:|1757867972
|switch|p1a: Dragonite|Dragonite, M|100/100
|turn|20
|
|t:|1757867975
|move|p2a: Iron Valiant|Moonblast|p1a: Dragonite
|-supereffective|p1a: Dragonite
|-damage|p1a: Dragonite|24/100
|-enditem|p1a: Dragonite|Weakness Policy
|-boost|p1a: Dragonite|atk|2|[from] item: Weakness Policy
|-boost|p1a: Dragonite|spa|2|[from] item: Weakness Policy
|move|p1a: Dragonite|Earthquake|p2a: Iron Valiant
|-damage|p2a: Iron Valiant|0 fnt
|faint|p2a: Iron Valiant
|-end|p2a: Iron Valiant|Quark Drive|[silent]
|
|upkeep
|
|t:|1757867984
|switch|p2a: Lucario|Lucario, F|75/100
|-damage|p2a: Lucario|72/100|[from] Stealth Rock
|turn|21
|
|t:|1757867987
|move|p1a: Dragonite|Extreme Speed|p2a: Lucario
|-resisted|p2a: Lucario
|-damage|p2a: Lucario|19/100
|move|p2a: Lucario|Flash Cannon|p1a: Dragonite
|-damage|p1a: Dragonite|0 fnt
|faint|p1a: Dragonite
|-damage|p2a: Lucario|9/100|[from] item: Life Orb
|
|win|evin
|raw|blunts89's rating: 1549 &rarr; <strong>1529</strong><br />(-20 for losing)
|raw|evin's rating: 1543 &rarr; <strong>1563</strong><br />(+20 for winning)
|l|☆blunts89
|player|p1|
|l|☆evin
|player|p2|
