|j|☆Bbbbhg
|j|☆cdglo
|t:|1757828834
|gametype|singles
|player|p1|Bbbbhg|265|1234
|player|p2|cdglo|sailor|1219
|gen|9
|tier|[Gen 9] OU
|rated|
|rule|HP Percentage Mod: HP is shown in percentages
|rule|Endless Battle Clause: Forcing endless battles is banned
|rule|Species Clause: Limit one of each Pokémon
|rule|OHKO Clause: OHKO moves are banned
|rule|Evasion Items Clause: Evasion items are banned
|rule|Evasion Moves Clause: Evasion moves are banned
|rule|Evasion Abilities Clause: Evasion abilities are banned
|rule|Sleep Moves Clause: Sleep-inducing moves are banned
|clearpoke
|poke|p1|Araquanid, M|
|poke|p1|Ogerpon, F|
|poke|p1|Dragonite, M|
|poke|p1|Cinderace, F|
|poke|p1|Malamar, M|
|poke|p1|Iron Jugulis|
|poke|p2|Ting-Lu|
|poke|p2|Entei|
|poke|p2|Gholdengo|
|poke|p2|Dragonite, M|
|poke|p2|Scream Tail|
|poke|p2|Toxapex, F|
|teampreview
|
|t:|1757828870
|teamsize|p1|6
|teamsize|p2|6
|start
|switch|p1a: Araquanid|Araquanid, M, shiny|100/100
|switch|p2a: LRPD|Toxapex, F|100/100
|turn|1
|inactive|Battle timer is ON: inactive players will automatically lose when time's up. (requested by Bbbbhg)
|
|t:|1757828881
|move|p1a: Araquanid|Sticky Web|p2a: LRPD
|-sidestart|p2: cdglo|move: Sticky Web
|move|p2a: LRPD|Toxic|p1a: Araquanid
|-status|p1a: Araquanid|tox
|
|-damage|p1a: Araquanid|94/100 tox|[from] psn
|upkeep
|turn|2
|
|t:|1757828893
|switch|p1a: Iron Jugulis|Iron Jugulis|100/100
|-enditem|p1a: Iron Jugulis|Booster Energy
|-activate|p1a: Iron Jugulis|ability: Quark Drive|[fromitem]
|-start|p1a: Iron Jugulis|quarkdrivespe
|move|p2a: LRPD|Infestation|p1a: Iron Jugulis
|-damage|p1a: Iron Jugulis|97/100
|-activate|p1a: Iron Jugulis|move: Infestation|[of] p2a: LRPD
|
|-damage|p1a: Iron Jugulis|85/100|[from] move: Infestation|[partiallytrapped]
|upkeep
|turn|3
|
|t:|1757828901
|move|p1a: Iron Jugulis|Taunt|p2a: LRPD
|-start|p2a: LRPD|move: Taunt
|cant|p2a: LRPD|move: Taunt|Toxic
|
|-damage|p1a: Iron Jugulis|72/100|[from] move: Infestation|[partiallytrapped]
|upkeep
|turn|4
|
|t:|1757828917
|switch|p2a: New Perspectives|Ting-Lu|100/100
|-activate|p2a: New Perspectives|move: Sticky Web
|-unboost|p2a: New Perspectives|spe|1
|-ability|p2a: New Perspectives|Vessel of Ruin
|move|p1a: Iron Jugulis|Earth Power|p2a: New Perspectives
|-damage|p2a: New Perspectives|85/100
|
|-heal|p2a: New Perspectives|91/100|[from] item: Leftovers
|-end|p1a: Iron Jugulis|Infestation|[partiallytrapped]|[silent]
|upkeep
|turn|5
|
|t:|1757828934
|move|p1a: Iron Jugulis|Taunt|p2a: New Perspectives
|-start|p2a: New Perspectives|move: Taunt
|move|p2a: New Perspectives|Ruination|p1a: Iron Jugulis
|-damage|p1a: Iron Jugulis|36/100
|
|-heal|p2a: New Perspectives|98/100|[from] item: Leftovers
|upkeep
|turn|6
|
|t:|1757828948
|-end|p1a: Iron Jugulis|Quark Drive|[silent]
|switch|p1a: Cinderace|Cinderace, F|100/100
|move|p2a: New Perspectives|Ruination|p1a: Cinderace
|-damage|p1a: Cinderace|51/100
|
|-heal|p2a: New Perspectives|100/100|[from] item: Leftovers
|upkeep
|turn|7
|inactive|cdglo has 120 seconds left.
|
|t:|1757828969
|move|p1a: Cinderace|Court Change|p1a: Cinderace
|-start|p1a: Cinderace|typechange|Normal|[from] ability: Libero
|-swapsideconditions
|-activate|p1a: Cinderace|move: Court Change
|move|p2a: New Perspectives|Ruination|p1a: Cinderace
|-damage|p1a: Cinderace|26/100
|
|-end|p2a: New Perspectives|move: Taunt
|upkeep
|turn|8
|inactive|cdglo has 120 seconds left.
|
|t:|1757828980
|switch|p1a: Araquanid|Araquanid, M, shiny|94/100 tox
|-activate|p1a: Araquanid|move: Sticky Web
|-unboost|p1a: Araquanid|spe|1
|move|p2a: New Perspectives|Whirlwind|p1a: Araquanid
|drag|p1a: Dragonite|Dragonite, M|100/100
|
|upkeep
|turn|9
|inactive|cdglo has 120 seconds left.
|
|t:|1757828996
|switch|p1a: Araquanid|Araquanid, M, shiny|94/100 tox
|-activate|p1a: Araquanid|move: Sticky Web
|-unboost|p1a: Araquanid|spe|1
|move|p2a: New Perspectives|Ruination|p1a: Araquanid
|-damage|p1a: Araquanid|47/100 tox
|
|-damage|p1a: Araquanid|41/100 tox|[from] psn
|upkeep
|turn|10
|inactive|cdglo has 120 seconds left.
|
|t:|1757829006
|switch|p2a: LRPD|Toxapex, F|100/100
|move|p1a: Araquanid|Sticky Web|p2a: LRPD
|-sidestart|p2: cdglo|move: Sticky Web
|
|-damage|p1a: Araquanid|29/100 tox|[from] psn
|upkeep
|turn|11
|inactive|cdglo has 120 seconds left.
|
|t:|1757829012
|move|p1a: Araquanid|Endeavor|p2a: LRPD
|-damage|p2a: LRPD|32/100
|move|p2a: LRPD|Toxic|p1a: Araquanid
|-fail|p1a: Araquanid|tox
|
|-heal|p2a: LRPD|38/100|[from] item: Black Sludge
|-damage|p1a: Araquanid|10/100 tox|[from] psn
|upkeep
|turn|12
|
|t:|1757829022
|switch|p1a: Cinderace|Cinderace, F|26/100
|move|p2a: LRPD|Recover|p2a: LRPD
|-heal|p2a: LRPD|88/100
|
|-heal|p2a: LRPD|95/100|[from] item: Black Sludge
|upkeep
|turn|13
|
|t:|1757829031
|move|p1a: Cinderace|Will-O-Wisp|p2a: LRPD
|-status|p2a: LRPD|brn
|move|p2a: LRPD|Toxic|p1a: Cinderace
|-status|p1a: Cinderace|tox
|
|-heal|p2a: LRPD|100/100 brn|[from] item: Black Sludge
|-damage|p1a: Cinderace|20/100 tox|[from] psn
|-damage|p2a: LRPD|94/100 brn|[from] brn
|upkeep
|turn|14
|
|t:|1757829059
|move|p1a: Cinderace|Pyro Ball|p2a: LRPD
|-resisted|p2a: LRPD
|-damage|p2a: LRPD|74/100 brn
|move|p2a: LRPD|Infestation|p1a: Cinderace
|-resisted|p1a: Cinderace
|-damage|p1a: Cinderace|18/100 tox
|-activate|p1a: Cinderace|move: Infestation|[of] p2a: LRPD
|
|-heal|p2a: LRPD|80/100 brn|[from] item: Black Sludge
|-damage|p1a: Cinderace|6/100 tox|[from] psn
|-damage|p2a: LRPD|74/100 brn|[from] brn
|-damage|p1a: Cinderace|0 fnt|[from] move: Infestation|[partiallytrapped]
|faint|p1a: Cinderace
|upkeep
|inactive|Bbbbhg has 120 seconds left.
|
|t:|1757829079
|switch|p1a: Ogerpon|Ogerpon, F|100/100
|-activate|p1a: Ogerpon|move: Sticky Web
|-unboost|p1a: Ogerpon|spe|1
|-ability|p1a: Ogerpon|Defiant|boost
|-boost|p1a: Ogerpon|atk|2
|turn|15
|
|t:|1757829086
|move|p1a: Ogerpon|Ivy Cudgel|p2a: LRPD
|-damage|p2a: LRPD|0 fnt
|faint|p2a: LRPD
|
|upkeep
|inactive|cdglo has 120 seconds left.
|
|t:|1757829107
|switch|p2a: De Selby|Entei|100/100
|-activate|p2a: De Selby|move: Sticky Web
|-unboost|p2a: De Selby|spe|1
|turn|16
|
|t:|1757829112
|move|p1a: Ogerpon|Ivy Cudgel|p2a: De Selby
|-resisted|p2a: De Selby
|-damage|p2a: De Selby|20/100
|move|p2a: De Selby|Sacred Fire|p1a: Ogerpon
|-supereffective|p1a: Ogerpon
|-damage|p1a: Ogerpon|0 fnt
|faint|p1a: Ogerpon
|-damage|p2a: De Selby|11/100|[from] item: Life Orb
|
|upkeep
|
|t:|1757829122
|switch|p1a: Dragonite|Dragonite, M|100/100
|turn|17
|
|t:|1757829126
|switch|p2a: Sugar on my tongue|Gholdengo|100/100
|-activate|p2a: Sugar on my tongue|move: Sticky Web
|-unboost|p2a: Sugar on my tongue|spe|1
|move|p1a: Dragonite|Extreme Speed|p2a: Sugar on my tongue
|-immune|p2a: Sugar on my tongue
|
|upkeep
|turn|18
|c|☆Bbbbhg|Sick nickname lol
|
|t:|1757829143
|switch|p1a: Araquanid|Araquanid, M, shiny|10/100 tox
|-activate|p1a: Araquanid|move: Sticky Web
|-unboost|p1a: Araquanid|spe|1
|move|p2a: Sugar on my tongue|Trick|p1a: Araquanid
|-activate|p2a: Sugar on my tongue|move: Trick|[of] p1a: Araquanid
|-item|p1a: Araquanid|Choice Scarf|[from] move: Trick
|-item|p2a: Sugar on my tongue|Custap Berry|[from] move: Trick
|
|-damage|p1a: Araquanid|4/100 tox|[from] psn
|upkeep
|turn|19
|
|t:|1757829162
|move|p2a: Sugar on my tongue|Shadow Ball|p1a: Araquanid
|-damage|p1a: Araquanid|0 fnt
|faint|p1a: Araquanid
|
|upkeep
|
|t:|1757829167
|switch|p1a: Iron Jugulis|Iron Jugulis|36/100
|turn|20
|
|t:|1757829179
|-terastallize|p2a: Sugar on my tongue|Fire
|move|p1a: Iron Jugulis|Dark Pulse|p2a: Sugar on my tongue
|-damage|p2a: Sugar on my tongue|57/100
|move|p2a: Sugar on my tongue|Tera Blast|p1a: Iron Jugulis|[anim] Tera Blast Fire
|-damage|p1a: Iron Jugulis|0 fnt
|faint|p1a: Iron Jugulis
|-end|p1a: Iron Jugulis|Quark Drive|[silent]
|
|upkeep
|
|t:|1757829183
|switch|p1a: Dragonite|Dragonite, M|100/100
|turn|21
|
|t:|1757829202
|move|p1a: Dragonite|Extreme Speed|p2a: Sugar on my tongue
|-crit|p2a: Sugar on my tongue
|-damage|p2a: Sugar on my tongue|0 fnt
|faint|p2a: Sugar on my tongue
|
|upkeep
|
|t:|1757829213
|switch|p2a: De Selby|Entei|11/100
|-activate|p2a: De Selby|move: Sticky Web
|-unboost|p2a: De Selby|spe|1
|turn|22
|
|t:|1757829218
|move|p1a: Dragonite|Extreme Speed|p2a: De Selby
|-damage|p2a: De Selby|0 fnt
|faint|p2a: De Selby
|
|upkeep
|
|t:|1757829236
|switch|p2a: Thinkin bout u|Dragonite, M, shiny|100/100
|turn|23
|
|t:|1757829241
|move|p1a: Dragonite|Extreme Speed|p2a: Thinkin bout u
|-damage|p2a: Thinkin bout u|74/100
|move|p2a: Thinkin bout u|Ice Spinner|p1a: Dragonite
|-supereffective|p1a: Dragonite
|-damage|p1a: Dragonite|35/100
|
|upkeep
|turn|24
|
|t:|1757829248
|move|p2a: Thinkin bout u|Extreme Speed|p1a: Dragonite
|-damage|p1a: Dragonite|6/100
|move|p1a: Dragonite|Extreme Speed|p2a: Thinkin bout u
|-damage|p2a: Thinkin bout u|21/100
|
|upkeep
|turn|25
|
|t:|1757829254
|move|p2a: Thinkin bout u|Extreme Speed|p1a: Dragonite
|-damage|p1a: Dragonite|0 fnt
|faint|p1a: Dragonite
|
|upkeep
|
|t:|1757829256
|switch|p1a: Psychopath|Malamar, M|100/100
|-activate|p1a: Psychopath|move: Sticky Web
|-boost|p1a: Psychopath|spe|1
|turn|26
|
|t:|1757829266
|-terastallize|p1a: Psychopath|Ghost
|move|p2a: Thinkin bout u|Extreme Speed|p1a: Psychopath
|-immune|p1a: Psychopath
|move|p1a: Psychopath|Superpower|p2a: Thinkin bout u
|-resisted|p2a: Thinkin bout u
|-damage|p2a: Thinkin bout u|3/100
|-boost|p1a: Psychopath|atk|1
|-boost|p1a: Psychopath|def|1
|
|upkeep
|turn|27
|
|t:|1757829276
|move|p1a: Psychopath|Superpower|p2a: Thinkin bout u
|-resisted|p2a: Thinkin bout u
|-damage|p2a: Thinkin bout u|0 fnt
|-boost|p1a: Psychopath|atk|1
|-boost|p1a: Psychopath|def|1
|faint|p2a: Thinkin bout u
|
|upkeep
|
|t:|1757829282
|switch|p2a: New Perspectives|Ting-Lu|100/100
|-activate|p2a: New Perspectives|move: Sticky Web
|-unboost|p2a: New Perspectives|spe|1
|-ability|p2a: New Perspectives|Vessel of Ruin
|turn|28
|
|t:|1757829290
|move|p1a: Psychopath|Superpower|p2a: New Perspectives
|-supereffective|p2a: New Perspectives
|-damage|p2a: New Perspectives|40/100
|-boost|p1a: Psychopath|atk|1
|-boost|p1a: Psychopath|def|1
|move|p2a: New Perspectives|Ruination|p1a: Psychopath
|-damage|p1a: Psychopath|50/100
|-enditem|p1a: Psychopath|Sitrus Berry|[eat]
|-heal|p1a: Psychopath|75/100|[from] item: Sitrus Berry
|
|-heal|p2a: New Perspectives|46/100|[from] item: Leftovers
|upkeep
|turn|29
|
|t:|1757829312
|move|p1a: Psychopath|Disable|p2a: New Perspectives
|-start|p2a: New Perspectives|Disable|Ruination
|cant|p2a: New Perspectives|Disable|Ruination
|
|-heal|p2a: New Perspectives|53/100|[from] item: Leftovers
|upkeep
|turn|30
|
|t:|1757829328
|move|p1a: Psychopath|Superpower|p2a: New Perspectives
|-supereffective|p2a: New Perspectives
|-damage|p2a: New Perspectives|0 fnt
|-boost|p1a: Psychopath|atk|1
|-boost|p1a: Psychopath|def|1
|faint|p2a: New Perspectives
|
|upkeep
|
|t:|1757829334
|switch|p2a: Feel It|Scream Tail, shiny|100/100
|-activate|p2a: Feel It|move: Sticky Web
|-unboost|p2a: Feel It|spe|1
|-enditem|p2a: Feel It|Booster Energy
|-activate|p2a: Feel It|ability: Protosynthesis|[fromitem]
|-start|p2a: Feel It|protosynthesisspd
|turn|31
|
|t:|1757829351
|move|p1a: Psychopath|Psycho Cut|p2a: Feel It
|-resisted|p2a: Feel It
|-damage|p2a: Feel It|59/100
|move|p2a: Feel It|Psychic|p1a: Psychopath
|-damage|p1a: Psychopath|37/100
|
|upkeep
|turn|32
|
|t:|1757829360
|move|p1a: Psychopath|Disable|p2a: Feel It
|-start|p2a: Feel It|Disable|Psychic
|cant|p2a: Feel It|Disable|Psychic
|
|upkeep
|turn|33
|
|t:|1757829374
|move|p1a: Psychopath|Psycho Cut|p2a: Feel It
|-resisted|p2a: Feel It
|-damage|p2a: Feel It|16/100
|move|p2a: Feel It|Flamethrower|p1a: Psychopath
|-damage|p1a: Psychopath|7/100
|
|upkeep
|turn|34
|
|t:|1757829381
|move|p1a: Psychopath|Knock Off|p2a: Feel It
|-damage|p2a: Feel It|0 fnt
|faint|p2a: Feel It
|-end|p2a: Feel It|Protosynthesis|[silent]
|
|win|Bbbbhg
|raw|Bbbbhg's rating: 1234 &rarr; <strong>1258</strong><br />(+24 for winning)
|raw|cdglo's rating: 1219 &rarr; <strong>1195</strong><br />(-24 for losing)
|c|☆Bbbbhg|Gf
|c|☆Bbbbhg|gg
|c|☆cdglo|You got lucky
|l|☆Bbbbhg
|player|p1|
|c|☆cdglo|Bitch
|l|☆cdglo
|player|p2|
