|j|☆amakid77
|j|☆ebo95
|t:|1757945383
|gametype|singles
|player|p1|amakid77|266|1096
|player|p2|ebo95|266|1086
|gen|9
|tier|[Gen 9] OU
|rated|
|rule|HP Percentage Mod: HP is shown in percentages
|rule|Endless Battle Clause: Forcing endless battles is banned
|rule|Species Clause: Limit one of each Pokémon
|rule|OHKO Clause: OHKO moves are banned
|rule|Evasion Items Clause: Evasion items are banned
|rule|Evasion Moves Clause: Evasion moves are banned
|rule|Evasion Abilities Clause: Evasion abilities are banned
|rule|Sleep Moves Clause: Sleep-inducing moves are banned
|clearpoke
|poke|p1|Landorus-Therian, M|
|poke|p1|Slowking-Galar, M|
|poke|p1|Great Tusk|
|poke|p1|Dragapult, M|
|poke|p1|Kingambit, F|
|poke|p1|Kyurem|
|poke|p2|Great Tusk|
|poke|p2|Gliscor, M|
|poke|p2|Metagross|
|poke|p2|Thundurus-Therian, M|
|poke|p2|Primarina, F|
|poke|p2|Iron Valiant|
|teampreview
|
|t:|1757945401
|teamsize|p1|6
|teamsize|p2|6
|start
|switch|p1a: Kyurem|Kyurem|100/100
|switch|p2a: Great Tusk|Great Tusk|100/100
|-ability|p1a: Kyurem|Pressure
|turn|1
|inactive|Battle timer is ON: inactive players will automatically lose when time's up. (requested by ebo95)
|
|t:|1757945418
|move|p1a: Kyurem|Freeze-Dry|p2a: Great Tusk
|-supereffective|p2a: Great Tusk
|-damage|p2a: Great Tusk|0 fnt
|faint|p2a: Great Tusk
|-end|p2a: Great Tusk|Protosynthesis|[silent]
|
|upkeep
|
|t:|1757945434
|switch|p2a: Iron Valiant|Iron Valiant|100/100
|-enditem|p2a: Iron Valiant|Booster Energy
|-activate|p2a: Iron Valiant|ability: Quark Drive|[fromitem]
|-start|p2a: Iron Valiant|quarkdrivespe
|turn|2
|
|t:|1757945446
|switch|p1a: Slowking|Slowking-Galar, M|100/100
|move|p2a: Iron Valiant|Moonblast|p1a: Slowking
|-resisted|p1a: Slowking
|-damage|p1a: Slowking|87/100
|
|upkeep
|turn|3
|
|t:|1757945454
|move|p2a: Iron Valiant|Knock Off|p1a: Slowking
|-supereffective|p1a: Slowking
|-damage|p1a: Slowking|31/100
|-enditem|p1a: Slowking|Heavy-Duty Boots|[from] move: Knock Off|[of] p2a: Iron Valiant
|move|p1a: Slowking|Thunder Wave|p2a: Iron Valiant
|-status|p2a: Iron Valiant|par
|
|upkeep
|turn|4
|c|☆ebo95|f*ck you
|c|☆ebo95|AAAAAAAHHHH
|inactive|amakid77 has 120 seconds left.
|
|t:|1757945486
|switch|p1a: Landorus|Landorus-Therian, M|100/100
|-ability|p1a: Landorus|Intimidate|boost
|-unboost|p2a: Iron Valiant|atk|1
|cant|p2a: Iron Valiant|par
|
|upkeep
|turn|5
|
|t:|1757945501
|-end|p2a: Iron Valiant|Quark Drive|[silent]
|switch|p2a: Primarina|Primarina, F|100/100
|move|p1a: Landorus|Stealth Rock|p2a: Primarina
|-sidestart|p2: ebo95|move: Stealth Rock
|
|upkeep
|turn|6
|
|t:|1757945514
|move|p1a: Landorus|U-turn|p2a: Primarina
|-resisted|p2a: Primarina
|-damage|p2a: Primarina|86/100
|
|t:|1757945516
|switch|p1a: Slowking|Slowking-Galar, M|65/100|[from] U-turn
|move|p2a: Primarina|Surf|p1a: Slowking
|-damage|p1a: Slowking|33/100
|
|upkeep
|turn|7
|
|t:|1757945522
|move|p2a: Primarina|Psychic Noise|p1a: Slowking
|-damage|p1a: Slowking|17/100
|-start|p1a: Slowking|move: Heal Block
|move|p1a: Slowking|Sludge Bomb|p2a: Primarina
|-supereffective|p2a: Primarina
|-crit|p2a: Primarina
|-damage|p2a: Primarina|16/100
|
|upkeep
|turn|8
|-message|ebo95 forfeited.
|
|win|amakid77
