|j|☆OneWhoRants
|j|☆TheJobApplication
|t:|1757867835
|gametype|singles
|player|p1|OneWhoRants|266|1394
|player|p2|TheJobApplication|101|1372
|gen|9
|tier|[Gen 9] OU
|rated|
|rule|HP Percentage Mod: HP is shown in percentages
|rule|Endless Battle Clause: Forcing endless battles is banned
|rule|Species Clause: Limit one of each Pokémon
|rule|OHKO Clause: OHKO moves are banned
|rule|Evasion Items Clause: Evasion items are banned
|rule|Evasion Moves Clause: Evasion moves are banned
|rule|Evasion Abilities Clause: Evasion abilities are banned
|rule|Sleep Moves Clause: Sleep-inducing moves are banned
|clearpoke
|poke|p1|Weavile, F|
|poke|p1|Pecharunt|
|poke|p1|Ting-Lu|
|poke|p1|Tinkaton, F|
|poke|p1|Keldeo-Resolute|
|poke|p1|Dragonite, F|
|poke|p2|Grimmsnarl, M|
|poke|p2|Chandelure, F|
|poke|p2|Latios, M|
|poke|p2|Bronzong|
|poke|p2|Great Tusk|
|poke|p2|Kingambit, M|
|teampreview
|inactive|Battle timer is ON: inactive players will automatically lose when time's up. (requested by TheJobApplication)
|inactive|OneWhoRants has 120 seconds left.
|
|t:|1757867880
|teamsize|p1|6
|teamsize|p2|6
|start
|switch|p1a: Tinkaton|Tinkaton, F|100/100
|switch|p2a: Grimmsnarl|Grimmsnarl, M|100/100
|-item|p1a: Tinkaton|Air Balloon
|turn|1
|inactive|OneWhoRants has 120 seconds left.
|
|t:|1757867912
|move|p2a: Grimmsnarl|Parting Shot|p1a: Tinkaton
|-unboost|p1a: Tinkaton|atk|1
|-unboost|p1a: Tinkaton|spa|1
|inactive|TheJobApplication has 120 seconds left.
|l|☆OneWhoRants
|inactive|OneWhoRants disconnected and has a minute to reconnect!
|player|p1|
|j|☆OneWhoRants
|inactive|OneWhoRants reconnected.
|player|p1|OneWhoRants|266|
|
|t:|1757867952
|switch|p2a: Bronzong|Bronzong|100/100|[from] Parting Shot
|move|p1a: Tinkaton|Gigaton Hammer|p2a: Bronzong
|-resisted|p2a: Bronzong
|-damage|p2a: Bronzong|88/100
|
|upkeep
|turn|2
|inactive|OneWhoRants has 120 seconds left.
|
|t:|1757867977
|switch|p1a: Ting-Lu|Ting-Lu|100/100
|-ability|p1a: Ting-Lu|Vessel of Ruin
|move|p2a: Bronzong|Trick|p1a: Ting-Lu
|-activate|p2a: Bronzong|move: Trick|[of] p1a: Ting-Lu
|-item|p1a: Ting-Lu|Choice Specs|[from] move: Trick
|-item|p2a: Bronzong|Rocky Helmet|[from] move: Trick
|
|upkeep
|turn|3
|inactive|OneWhoRants has 120 seconds left.
|inactive|OneWhoRants has 90 seconds left.
|
|t:|1757868019
|move|p1a: Ting-Lu|Ruination|p2a: Bronzong
|-damage|p2a: Bronzong|44/100
|move|p2a: Bronzong|Stealth Rock|p1a: Ting-Lu
|-sidestart|p1: OneWhoRants|move: Stealth Rock
|
|upkeep
|turn|4
|l|☆OneWhoRants
|inactive|OneWhoRants disconnected and has a minute to reconnect!
|player|p1|
|j|☆OneWhoRants
|inactive|OneWhoRants reconnected and has 90 seconds left.
|player|p1|OneWhoRants|266|
|inactive|TheJobApplication has 90 seconds left.
|inactive|TheJobApplication has 60 seconds left.
|
|t:|1757868075
|move|p1a: Ting-Lu|Ruination|p2a: Bronzong|[miss]
|-miss|p1a: Ting-Lu|p2a: Bronzong
|move|p2a: Bronzong|Body Press|p1a: Ting-Lu
|-supereffective|p1a: Ting-Lu
|-damage|p1a: Ting-Lu|79/100
|
|upkeep
|turn|5
|inactive|OneWhoRants has 90 seconds left.
|inactive|TheJobApplication has 60 seconds left.
|
|t:|1757868086
|switch|p1a: Pecharunt|Pecharunt|100/100
|switch|p2a: Great Tusk|Great Tusk|100/100
|-enditem|p2a: Great Tusk|Booster Energy
|-activate|p2a: Great Tusk|ability: Protosynthesis|[fromitem]
|-start|p2a: Great Tusk|protosynthesisatk
|
|upkeep
|turn|6
|
|t:|1757868091
|move|p1a: Pecharunt|Parting Shot|p2a: Great Tusk
|-unboost|p2a: Great Tusk|atk|1
|-unboost|p2a: Great Tusk|spa|1
|inactive|OneWhoRants has 90 seconds left.
|inactive|OneWhoRants has 60 seconds left.
|
|t:|1757868133
|switch|p1a: Dragonite|Dragonite, F|100/100|[from] Parting Shot
|move|p2a: Great Tusk|Headlong Rush|p1a: Dragonite
|-immune|p1a: Dragonite
|
|upkeep
|turn|7
|inactive|TheJobApplication has 60 seconds left.
|inactive|OneWhoRants has 60 seconds left.
|
|t:|1757868183
|move|p2a: Great Tusk|Rapid Spin|p1a: Dragonite
|-damage|p1a: Dragonite|92/100
|-boost|p2a: Great Tusk|spe|1
|move|p1a: Dragonite|Hurricane|p2a: Great Tusk|[miss]
|-miss|p1a: Dragonite|p2a: Great Tusk
|
|upkeep
|turn|8
|inactive|OneWhoRants has 60 seconds left.
|
|t:|1757868192
|move|p2a: Great Tusk|Ice Spinner|p1a: Dragonite
|-supereffective|p1a: Dragonite
|-damage|p1a: Dragonite|0 fnt
|faint|p1a: Dragonite
|
|upkeep
|c|☆OneWhoRants|ur good
|inactive|OneWhoRants has 60 seconds left.
|
|t:|1757868201
|switch|p1a: Keldeo|Keldeo-Resolute|100/100
|turn|9
|inactive|TheJobApplication has 60 seconds left.
|
|t:|1757868207
|-end|p2a: Great Tusk|Protosynthesis|[silent]
|switch|p2a: Grimmsnarl|Grimmsnarl, M|100/100
|move|p1a: Keldeo|Hydro Pump|p2a: Grimmsnarl
|-damage|p2a: Grimmsnarl|40/100
|
|upkeep
|turn|10
|
|t:|1757868212
|switch|p1a: Ting-Lu|Ting-Lu|79/100
|-damage|p1a: Ting-Lu|73/100|[from] Stealth Rock
|-ability|p1a: Ting-Lu|Vessel of Ruin
|move|p2a: Grimmsnarl|Trick|p1a: Ting-Lu
|-hint|Since gen 7, Dark is immune to Prankster moves.
|-immune|p1a: Ting-Lu
|
|upkeep
|turn|11
|
|t:|1757868217
|switch|p2a: Great Tusk|Great Tusk|100/100
|move|p1a: Ting-Lu|Spikes|p2a: Great Tusk
|-sidestart|p2: TheJobApplication|Spikes
|
|upkeep
|turn|12
|
|t:|1757868238
|switch|p1a: Pecharunt|Pecharunt|100/100
|move|p2a: Great Tusk|Headlong Rush|p1a: Pecharunt
|-supereffective|p1a: Pecharunt
|-damage|p1a: Pecharunt|32/100
|-unboost|p2a: Great Tusk|def|1
|-unboost|p2a: Great Tusk|spd|1
|
|upkeep
|turn|13
|
|t:|1757868245
|move|p1a: Pecharunt|Recover|p1a: Pecharunt
|-heal|p1a: Pecharunt|82/100
|move|p2a: Great Tusk|Headlong Rush|p1a: Pecharunt
|-supereffective|p1a: Pecharunt
|-damage|p1a: Pecharunt|19/100
|-unboost|p2a: Great Tusk|def|1
|-unboost|p2a: Great Tusk|spd|1
|
|upkeep
|turn|14
|
|t:|1757868252
|-end|p2a: Great Tusk|Protosynthesis|[silent]
|switch|p2a: Grimmsnarl|Grimmsnarl, M|40/100
|-damage|p2a: Grimmsnarl|27/100|[from] Spikes
|-terastallize|p1a: Pecharunt|Ghost
|move|p1a: Pecharunt|Recover|p1a: Pecharunt
|-heal|p1a: Pecharunt|69/100
|
|upkeep
|turn|15
|inactive|TheJobApplication has 90 seconds left.
|
|t:|1757868262
|move|p2a: Grimmsnarl|Trick|p1a: Pecharunt
|-activate|p2a: Grimmsnarl|move: Trick|[of] p1a: Pecharunt
|-item|p1a: Pecharunt|Choice Scarf|[from] move: Trick
|-item|p2a: Grimmsnarl|Heavy-Duty Boots|[from] move: Trick
|move|p1a: Pecharunt|Malignant Chain|p2a: Grimmsnarl
|-supereffective|p2a: Grimmsnarl
|-damage|p2a: Grimmsnarl|0 fnt
|faint|p2a: Grimmsnarl
|
|upkeep
|inactive|TheJobApplication has 90 seconds left.
|
|t:|1757868268
|switch|p2a: Bronzong|Bronzong|44/100
|turn|16
|inactive|OneWhoRants has 120 seconds left.
|inactive|TheJobApplication has 90 seconds left.
|
|t:|1757868282
|switch|p1a: Ting-Lu|Ting-Lu|73/100
|-damage|p1a: Ting-Lu|66/100|[from] Stealth Rock
|-ability|p1a: Ting-Lu|Vessel of Ruin
|switch|p2a: Great Tusk|Great Tusk|100/100
|-damage|p2a: Great Tusk|88/100|[from] Spikes
|
|upkeep
|turn|17
|
|t:|1757868289
|move|p2a: Great Tusk|Headlong Rush|p1a: Ting-Lu
|-damage|p1a: Ting-Lu|30/100
|-unboost|p2a: Great Tusk|def|1
|-unboost|p2a: Great Tusk|spd|1
|move|p1a: Ting-Lu|Ruination|p2a: Great Tusk
|-damage|p2a: Great Tusk|44/100
|
|upkeep
|turn|18
|
|t:|1757868298
|switch|p1a: Pecharunt|Pecharunt, tera:Ghost|69/100
|-damage|p1a: Pecharunt|56/100|[from] Stealth Rock
|move|p2a: Great Tusk|Headlong Rush|p1a: Pecharunt
|-damage|p1a: Pecharunt|22/100
|-unboost|p2a: Great Tusk|def|1
|-unboost|p2a: Great Tusk|spd|1
|
|upkeep
|turn|19
|
|t:|1757868304
|-end|p2a: Great Tusk|Protosynthesis|[silent]
|switch|p2a: Kingambit|Kingambit, M|100/100
|-damage|p2a: Kingambit|88/100|[from] Spikes
|-activate|p2a: Kingambit|ability: Supreme Overlord
|-start|p2a: Kingambit|fallen1|[silent]
|move|p1a: Pecharunt|Hex|p2a: Kingambit
|-resisted|p2a: Kingambit
|-damage|p2a: Kingambit|74/100
|
|upkeep
|turn|20
|
|t:|1757868309
|switch|p1a: Ting-Lu|Ting-Lu|30/100
|-damage|p1a: Ting-Lu|24/100|[from] Stealth Rock
|-ability|p1a: Ting-Lu|Vessel of Ruin
|move|p2a: Kingambit|Iron Head|p1a: Ting-Lu
|-damage|p1a: Ting-Lu|0 fnt
|faint|p1a: Ting-Lu
|
|upkeep
|
|t:|1757868313
|switch|p1a: Keldeo|Keldeo-Resolute|100/100
|turn|21
|
|t:|1757868317
|-end|p2a: Kingambit|fallen1|[silent]
|switch|p2a: Bronzong|Bronzong|44/100
|move|p1a: Keldeo|Hydro Pump|p2a: Bronzong
|-crit|p2a: Bronzong
|-damage|p2a: Bronzong|0 fnt
|faint|p2a: Bronzong
|
|upkeep
|
|t:|1757868323
|switch|p2a: Latios|Latios, M|100/100
|turn|22
|
|t:|1757868327
|switch|p1a: Weavile|Weavile, F|100/100
|-ability|p1a: Weavile|Pressure
|move|p2a: Latios|Psyshock|p1a: Weavile
|-immune|p1a: Weavile
|
|upkeep
|turn|23
|
|t:|1757868338
|switch|p1a: Tinkaton|Tinkaton, F|100/100
|-damage|p1a: Tinkaton|94/100|[from] Stealth Rock
|-item|p1a: Tinkaton|Air Balloon
|switch|p2a: Great Tusk|Great Tusk|44/100
|-damage|p2a: Great Tusk|32/100|[from] Spikes
|
|upkeep
|turn|24
|
|t:|1757868365
|switch|p1a: Pecharunt|Pecharunt, tera:Ghost|22/100
|-damage|p1a: Pecharunt|9/100|[from] Stealth Rock
|move|p2a: Great Tusk|Close Combat|p1a: Pecharunt
|-immune|p1a: Pecharunt
|
|upkeep
|turn|25
|
|t:|1757868378
|move|p1a: Pecharunt|Recover|p1a: Pecharunt
|-heal|p1a: Pecharunt|59/100
|move|p2a: Great Tusk|Headlong Rush|p1a: Pecharunt
|-damage|p1a: Pecharunt|25/100
|-unboost|p2a: Great Tusk|def|1
|-unboost|p2a: Great Tusk|spd|1
|
|upkeep
|turn|26
|
|t:|1757868385
|switch|p1a: Tinkaton|Tinkaton, F|94/100
|-damage|p1a: Tinkaton|88/100|[from] Stealth Rock
|-item|p1a: Tinkaton|Air Balloon
|move|p2a: Great Tusk|Close Combat|p1a: Tinkaton
|-damage|p1a: Tinkaton|2/100
|-unboost|p2a: Great Tusk|def|1
|-unboost|p2a: Great Tusk|spd|1
|-enditem|p1a: Tinkaton|Air Balloon
|
|upkeep
|turn|27
|
|t:|1757868400
|move|p1a: Tinkaton|Gigaton Hammer|p2a: Great Tusk
|-damage|p2a: Great Tusk|0 fnt
|faint|p2a: Great Tusk
|-end|p2a: Great Tusk|Protosynthesis|[silent]
|
|upkeep
|
|t:|1757868406
|switch|p2a: Latios|Latios, M|100/100
|turn|28
|
|t:|1757868410
|move|p2a: Latios|Flip Turn|p1a: Tinkaton
|-damage|p1a: Tinkaton|0 fnt
|faint|p1a: Tinkaton
|
|t:|1757868412
|switch|p2a: Chandelure|Chandelure, F|100/100|[from] Flip Turn
|-damage|p2a: Chandelure|88/100|[from] Spikes
|
|upkeep
|
|t:|1757868419
|switch|p1a: Pecharunt|Pecharunt, tera:Ghost|25/100
|-damage|p1a: Pecharunt|12/100|[from] Stealth Rock
|turn|29
|
|t:|1757868424
|move|p2a: Chandelure|Shadow Ball|p1a: Pecharunt
|-supereffective|p1a: Pecharunt
|-damage|p1a: Pecharunt|0 fnt
|faint|p1a: Pecharunt
|
|upkeep
|
|t:|1757868426
|switch|p1a: Weavile|Weavile, F|100/100
|-ability|p1a: Weavile|Pressure
|turn|30
|
|t:|1757868437
|switch|p2a: Kingambit|Kingambit, M|74/100
|-damage|p2a: Kingambit|62/100|[from] Spikes
|-activate|p2a: Kingambit|ability: Supreme Overlord
|-start|p2a: Kingambit|fallen3|[silent]
|switch|p1a: Keldeo|Keldeo-Resolute|100/100
|
|upkeep
|turn|31
|
|t:|1757868440
|move|p1a: Keldeo|Hydro Pump|p2a: Kingambit
|-damage|p2a: Kingambit|6/100
|move|p2a: Kingambit|Iron Head|p1a: Keldeo
|-resisted|p1a: Keldeo
|-damage|p1a: Keldeo|64/100
|
|upkeep
|turn|32
|
|t:|1757868444
|move|p1a: Keldeo|Vacuum Wave|p2a: Kingambit
|-supereffective|p2a: Kingambit
|-crit|p2a: Kingambit
|-damage|p2a: Kingambit|0 fnt
|faint|p2a: Kingambit
|-end|p2a: Kingambit|fallen3|[silent]
|
|upkeep
|
|t:|1757868446
|switch|p2a: Latios|Latios, M|100/100
|turn|33
|
|t:|1757868450
|move|p2a: Latios|Draco Meteor|p1a: Keldeo|[miss]
|-miss|p2a: Latios|p1a: Keldeo
|move|p1a: Keldeo|Hydro Pump|p2a: Latios
|-resisted|p2a: Latios
|-damage|p2a: Latios|69/100
|
|upkeep
|turn|34
|
|t:|1757868453
|move|p2a: Latios|Draco Meteor|p1a: Keldeo
|-damage|p1a: Keldeo|0 fnt
|-unboost|p2a: Latios|spa|2
|faint|p1a: Keldeo
|
|upkeep
|
|t:|1757868456
|switch|p1a: Weavile|Weavile, F|100/100
|-ability|p1a: Weavile|Pressure
|turn|35
|
|t:|1757868485
|move|p1a: Weavile|Swords Dance|p1a: Weavile
|-boost|p1a: Weavile|atk|2
|move|p2a: Latios|Draco Meteor|p1a: Weavile
|-damage|p1a: Weavile|25/100
|-unboost|p2a: Latios|spa|2
|
|upkeep
|turn|36
|
|t:|1757868499
|move|p1a: Weavile|Swords Dance|p1a: Weavile
|-boost|p1a: Weavile|atk|2
|move|p2a: Latios|Draco Meteor|p1a: Weavile
|-damage|p1a: Weavile|0 fnt
|-unboost|p2a: Latios|spa|2
|faint|p1a: Weavile
|
|win|TheJobApplication
|raw|OneWhoRants's rating: 1394 &rarr; <strong>1373</strong><br />(-21 for losing)
|raw|TheJobApplication's rating: 1372 &rarr; <strong>1393</strong><br />(+21 for winning)
|l|☆OneWhoRants
|player|p1|
|l|☆TheJobApplication
|player|p2|
