|j|‽wwesucks
|j|☆Jeeeeemo
|t:|1757910734
|gametype|singles
|player|p1|wwesucks|miku-ice|1414
|player|p2|Jeeeeemo|li|1405
|gen|9
|tier|[Gen 9] OU
|rated|
|rule|HP Percentage Mod: HP is shown in percentages
|rule|Endless Battle Clause: Forcing endless battles is banned
|rule|Species Clause: Limit one of each Pokémon
|rule|OHKO Clause: OHKO moves are banned
|rule|Evasion Items Clause: Evasion items are banned
|rule|Evasion Moves Clause: Evasion moves are banned
|rule|Evasion Abilities Clause: Evasion abilities are banned
|rule|Sleep Moves Clause: Sleep-inducing moves are banned
|clearpoke
|poke|p1|Rotom-Wash|
|poke|p1|Blaziken, F|
|poke|p1|Sinistcha|
|poke|p1|Excadrill, M|
|poke|p1|Zamazenta-*|
|poke|p1|Tyranitar, M|
|poke|p2|Tinkaton, F|
|poke|p2|Dondozo, M|
|poke|p2|Ceruledge, M|
|poke|p2|Maushold-Four|
|poke|p2|Ditto|
|poke|p2|Dudunsparce-*, M|
|teampreview
|inactive|Battle timer is ON: inactive players will automatically lose when time's up. (requested by Jeeeeemo)
|
|t:|1757910747
|teamsize|p1|6
|teamsize|p2|6
|start
|switch|p1a: Rotom|Rotom-Wash|100/100
|switch|p2a: Dudunsparce|Dudunsparce, M|100/100
|turn|1
|
|t:|1757910762
|move|p1a: Rotom|Will-O-Wisp|p2a: Dudunsparce
|-status|p2a: Dudunsparce|brn
|move|p2a: Dudunsparce|Rock Slide|p1a: Rotom
|-damage|p1a: Rotom|91/100
|
|-heal|p1a: Rotom|97/100|[from] item: Leftovers
|-damage|p2a: Dudunsparce|94/100 brn|[from] brn
|upkeep
|turn|2
|
|t:|1757910773
|move|p1a: Rotom|Volt Switch|p2a: Dudunsparce
|-damage|p2a: Dudunsparce|78/100 brn
|
|t:|1757910786
|switch|p1a: Sinistcha|Sinistcha|100/100|[from] Volt Switch
|move|p2a: Dudunsparce|Glare|p1a: Sinistcha
|-status|p1a: Sinistcha|par
|
|-heal|p2a: Dudunsparce|84/100 brn|[from] item: Leftovers
|-damage|p2a: Dudunsparce|78/100 brn|[from] brn
|upkeep
|turn|3
|
|t:|1757910795
|switch|p2a: Ditto|Ditto, shiny|100/100
|-transform|p2a: Ditto|p1a: Sinistcha|[from] ability: Imposter
|switch|p1a: Rotom|Rotom-Wash|97/100
|
|-heal|p1a: Rotom|100/100|[from] item: Leftovers
|upkeep
|turn|4
|-activate|p2a: Ditto|item: Quick Claw
|
|t:|1757910811
|move|p2a: Ditto|Calm Mind|p2a: Ditto
|-boost|p2a: Ditto|spa|1
|-boost|p2a: Ditto|spd|1
|move|p1a: Rotom|Will-O-Wisp|p2a: Ditto
|-status|p2a: Ditto|brn
|
|-damage|p2a: Ditto|97/100 brn|[from] brn
|upkeep
|turn|5
|
|t:|1757910821
|switch|p1a: Blaziken|Blaziken, F|100/100
|move|p2a: Ditto|Calm Mind|p2a: Ditto
|-boost|p2a: Ditto|spa|1
|-boost|p2a: Ditto|spd|1
|
|-damage|p2a: Ditto|94/100 brn|[from] brn
|upkeep
|turn|6
|
|t:|1757910825
|move|p1a: Blaziken|Fire Blast|p2a: Ditto
|-supereffective|p2a: Ditto
|-damage|p2a: Ditto|50/100 brn
|move|p2a: Ditto|Strength Sap|p1a: Blaziken
|-unboost|p1a: Blaziken|atk|1
|-heal|p2a: Ditto|100/100 brn
|
|-damage|p2a: Ditto|97/100 brn|[from] brn
|-ability|p1a: Blaziken|Speed Boost|boost
|-boost|p1a: Blaziken|spe|1
|upkeep
|turn|7
|-activate|p2a: Ditto|item: Quick Claw
|
|t:|1757910837
|move|p2a: Ditto|Matcha Gotcha|p1a: Blaziken
|-resisted|p1a: Blaziken
|-damage|p1a: Blaziken|53/100
|-heal|p2a: Ditto|100/100 brn|[from] drain|[of] p1a: Blaziken
|move|p1a: Blaziken|Fire Blast|p2a: Ditto
|-supereffective|p2a: Ditto
|-damage|p2a: Ditto|62/100 brn
|
|-damage|p2a: Ditto|59/100 brn|[from] brn
|-ability|p1a: Blaziken|Speed Boost|boost
|-boost|p1a: Blaziken|spe|1
|upkeep
|turn|8
|
|t:|1757910848
|switch|p1a: Zamazenta|Zamazenta|100/100
|-ability|p1a: Zamazenta|Dauntless Shield|boost
|-boost|p1a: Zamazenta|def|1
|move|p2a: Ditto|Strength Sap|p1a: Zamazenta
|-unboost|p1a: Zamazenta|atk|1
|-heal|p2a: Ditto|100/100 brn
|
|-damage|p2a: Ditto|97/100 brn|[from] brn
|upkeep
|turn|9
|
|t:|1757910855
|-terastallize|p1a: Zamazenta|Fire
|move|p2a: Ditto|Matcha Gotcha|p1a: Zamazenta
|-resisted|p1a: Zamazenta
|-damage|p1a: Zamazenta|75/100
|-heal|p2a: Ditto|100/100 brn|[from] drain|[of] p1a: Zamazenta
|move|p1a: Zamazenta|Roar|p2a: Ditto
|drag|p2a: Dudunsparce|Dudunsparce, M|78/100 brn
|
|-heal|p1a: Zamazenta|81/100|[from] item: Leftovers
|-heal|p2a: Dudunsparce|84/100 brn|[from] item: Leftovers
|-damage|p2a: Dudunsparce|78/100 brn|[from] brn
|upkeep
|turn|10
|
|t:|1757910867
|switch|p1a: Rotom|Rotom-Wash|100/100
|move|p2a: Dudunsparce|Glare|p1a: Rotom
|-immune|p1a: Rotom
|
|-heal|p2a: Dudunsparce|84/100 brn|[from] item: Leftovers
|-damage|p2a: Dudunsparce|78/100 brn|[from] brn
|upkeep
|turn|11
|
|t:|1757910877
|move|p1a: Rotom|Volt Switch|p2a: Dudunsparce
|-damage|p2a: Dudunsparce|60/100 brn
|
|t:|1757910880
|switch|p1a: Sinistcha|Sinistcha|100/100 par|[from] Volt Switch
|move|p2a: Dudunsparce|Coil|p2a: Dudunsparce
|-boost|p2a: Dudunsparce|atk|1
|-boost|p2a: Dudunsparce|def|1
|-boost|p2a: Dudunsparce|accuracy|1
|
|-heal|p2a: Dudunsparce|67/100 brn|[from] item: Leftovers
|-damage|p2a: Dudunsparce|60/100 brn|[from] brn
|upkeep
|turn|12
|
|t:|1757910892
|switch|p2a: Maushold|Maushold-Four|100/100
|move|p1a: Sinistcha|Strength Sap|p2a: Maushold
|-unboost|p2a: Maushold|atk|1
|
|upkeep
|turn|13
|inactive|wwesucks has 120 seconds left.
|
|t:|1757910930
|move|p2a: Maushold|Encore|p1a: Sinistcha
|-start|p1a: Sinistcha|Encore
|move|p1a: Sinistcha|Strength Sap|p2a: Maushold
|-unboost|p2a: Maushold|atk|1
|
|upkeep
|turn|14
|inactive|wwesucks has 120 seconds left.
|
|t:|1757910936
|switch|p2a: Ditto|Ditto, shiny|100/100 brn
|-transform|p2a: Ditto|p1a: Sinistcha|[from] ability: Imposter
|switch|p1a: Tyranitar|Tyranitar, M|100/100
|-weather|Sandstorm|[from] ability: Sand Stream|[of] p1a: Tyranitar
|
|-weather|Sandstorm|[upkeep]
|-damage|p2a: Ditto|94/100 brn|[from] Sandstorm
|-damage|p2a: Ditto|91/100 brn|[from] brn
|upkeep
|turn|15
|
|t:|1757910945
|move|p2a: Ditto|Strength Sap|p1a: Tyranitar
|-unboost|p1a: Tyranitar|atk|1
|-heal|p2a: Ditto|100/100 brn
|move|p1a: Tyranitar|Knock Off|p2a: Ditto
|-supereffective|p2a: Ditto
|-damage|p2a: Ditto|54/100 brn
|-enditem|p2a: Ditto|Quick Claw|[from] move: Knock Off|[of] p1a: Tyranitar
|
|-weather|Sandstorm|[upkeep]
|-damage|p2a: Ditto|48/100 brn|[from] Sandstorm
|-damage|p2a: Ditto|45/100 brn|[from] brn
|upkeep
|turn|16
|
|t:|1757910953
|switch|p1a: Zamazenta|Zamazenta, tera:Fire|81/100
|move|p2a: Ditto|Strength Sap|p1a: Zamazenta
|-unboost|p1a: Zamazenta|atk|1
|-heal|p2a: Ditto|100/100 brn
|
|-weather|Sandstorm|[upkeep]
|-damage|p1a: Zamazenta|75/100|[from] Sandstorm
|-damage|p2a: Ditto|94/100 brn|[from] Sandstorm
|-heal|p1a: Zamazenta|81/100|[from] item: Leftovers
|-damage|p2a: Ditto|91/100 brn|[from] brn
|upkeep
|turn|17
|
|t:|1757910961
|move|p2a: Ditto|Shadow Ball|p1a: Zamazenta
|-damage|p1a: Zamazenta|56/100
|move|p1a: Zamazenta|Roar|p2a: Ditto
|drag|p2a: Dondozo|Dondozo, M|100/100
|
|-weather|Sandstorm|[upkeep]
|-damage|p1a: Zamazenta|49/100|[from] Sandstorm
|-damage|p2a: Dondozo|94/100|[from] Sandstorm
|-heal|p1a: Zamazenta|56/100|[from] item: Leftovers
|upkeep
|turn|18
|
|t:|1757910978
|switch|p1a: Rotom|Rotom-Wash|100/100
|switch|p2a: Tinkaton|Tinkaton, F|100/100
|-item|p2a: Tinkaton|Air Balloon
|
|-weather|Sandstorm|[upkeep]
|-damage|p1a: Rotom|95/100|[from] Sandstorm
|-heal|p1a: Rotom|100/100|[from] item: Leftovers
|upkeep
|turn|19
|inactive|wwesucks has 120 seconds left.
|
|t:|1757911009
|move|p2a: Tinkaton|Knock Off|p1a: Rotom
|-damage|p1a: Rotom|74/100
|-enditem|p1a: Rotom|Leftovers|[from] move: Knock Off|[of] p2a: Tinkaton
|move|p1a: Rotom|Will-O-Wisp|p2a: Tinkaton|[miss]
|-miss|p1a: Rotom|p2a: Tinkaton
|
|-weather|Sandstorm|[upkeep]
|-damage|p1a: Rotom|68/100|[from] Sandstorm
|upkeep
|turn|20
|
|t:|1757911017
|switch|p2a: Ditto|Ditto, shiny|91/100 brn
|-transform|p2a: Ditto|p1a: Rotom|[from] ability: Imposter
|move|p1a: Rotom|Will-O-Wisp|p2a: Ditto
|-fail|p2a: Ditto|brn
|
|-weather|Sandstorm|[upkeep]
|-damage|p1a: Rotom|63/100|[from] Sandstorm
|-damage|p2a: Ditto|85/100 brn|[from] Sandstorm
|-damage|p2a: Ditto|79/100 brn|[from] brn
|upkeep
|turn|21
|
|t:|1757911030
|move|p1a: Rotom|Pain Split|p2a: Ditto
|-sethp|p2a: Ditto|71/100 brn|[from] move: Pain Split|[silent]
|-sethp|p1a: Rotom|70/100|[from] move: Pain Split
|move|p2a: Ditto|Volt Switch|p1a: Rotom
|-damage|p1a: Rotom|50/100
|
|t:|1757911037
|switch|p2a: Maushold|Maushold-Four|100/100|[from] Volt Switch
|
|-weather|none
|upkeep
|turn|22
|inactive|wwesucks has 120 seconds left.
|
|t:|1757911069
|switch|p1a: Sinistcha|Sinistcha|100/100 par
|move|p2a: Maushold|Population Bomb|p1a: Sinistcha
|-immune|p1a: Sinistcha
|
|upkeep
|turn|23
|inactive|wwesucks has 120 seconds left.
|
|t:|1757911076
|switch|p2a: Ditto|Ditto, shiny|71/100 brn
|-transform|p2a: Ditto|p1a: Sinistcha|[from] ability: Imposter
|move|p1a: Sinistcha|Matcha Gotcha|p2a: Ditto
|-resisted|p2a: Ditto
|-damage|p2a: Ditto|48/100 brn
|
|-damage|p2a: Ditto|45/100 brn|[from] brn
|upkeep
|turn|24
|inactive|wwesucks has 120 seconds left.
|
|t:|1757911099
|move|p2a: Ditto|Strength Sap|p1a: Sinistcha
|-unboost|p1a: Sinistcha|atk|1
|-heal|p2a: Ditto|92/100 brn
|cant|p1a: Sinistcha|par
|
|-damage|p2a: Ditto|89/100 brn|[from] brn
|upkeep
|turn|25
|
|t:|1757911107
|move|p2a: Ditto|Shadow Ball|p1a: Sinistcha
|-supereffective|p1a: Sinistcha
|-damage|p1a: Sinistcha|21/100 par
|-unboost|p1a: Sinistcha|spd|1
|cant|p1a: Sinistcha|par
|
|-damage|p2a: Ditto|86/100 brn|[from] brn
|upkeep
|turn|26
|inactive|wwesucks has 120 seconds left.
|
|t:|1757911122
|switch|p1a: Blaziken|Blaziken, F|53/100
|move|p2a: Ditto|Shadow Ball|p1a: Blaziken
|-damage|p1a: Blaziken|8/100
|-unboost|p1a: Blaziken|spd|1
|
|-damage|p2a: Ditto|83/100 brn|[from] brn
|upkeep
|turn|27
|
|t:|1757911134
|move|p1a: Blaziken|Fire Blast|p2a: Ditto
|-supereffective|p2a: Ditto
|-damage|p2a: Ditto|0 fnt
|faint|p2a: Ditto
|
|-ability|p1a: Blaziken|Speed Boost|boost
|-boost|p1a: Blaziken|spe|1
|upkeep
|
|t:|1757911143
|switch|p2a: Ceruledge|Ceruledge, M|100/100
|turn|28
|
|t:|1757911155
|move|p1a: Blaziken|Protect|p1a: Blaziken
|-singleturn|p1a: Blaziken|Protect
|move|p2a: Ceruledge|Swords Dance|p2a: Ceruledge
|-boost|p2a: Ceruledge|atk|2
|
|-ability|p1a: Blaziken|Speed Boost|boost
|-boost|p1a: Blaziken|spe|1
|upkeep
|turn|29
|
|t:|1757911161
|move|p2a: Ceruledge|Shadow Sneak|p1a: Blaziken
|-damage|p1a: Blaziken|0 fnt
|faint|p1a: Blaziken
|
|upkeep
|
|t:|1757911165
|switch|p1a: Tyranitar|Tyranitar, M|100/100
|-weather|Sandstorm|[from] ability: Sand Stream|[of] p1a: Tyranitar
|turn|30
|
|t:|1757911170
|switch|p1a: Sinistcha|Sinistcha|21/100 par
|move|p2a: Ceruledge|Close Combat|p1a: Sinistcha
|-immune|p1a: Sinistcha
|
|-weather|Sandstorm|[upkeep]
|-damage|p2a: Ceruledge|94/100|[from] Sandstorm
|-damage|p1a: Sinistcha|15/100 par|[from] Sandstorm
|upkeep
|turn|31
|inactive|wwesucks has 120 seconds left.
|inactive|wwesucks has 90 seconds left.
|
|t:|1757911251
|move|p2a: Ceruledge|Bitter Blade|p1a: Sinistcha
|-supereffective|p1a: Sinistcha
|-damage|p1a: Sinistcha|0 fnt
|-heal|p2a: Ceruledge|100/100|[from] drain|[of] p1a: Sinistcha
|faint|p1a: Sinistcha
|
|-weather|Sandstorm|[upkeep]
|-damage|p2a: Ceruledge|94/100|[from] Sandstorm
|upkeep
|
|t:|1757911254
|switch|p1a: Excadrill|Excadrill, M|100/100
|turn|32
|
|t:|1757911261
|switch|p2a: Tinkaton|Tinkaton, F|100/100
|-item|p2a: Tinkaton|Air Balloon
|move|p1a: Excadrill|Earthquake|p2a: Tinkaton
|-immune|p2a: Tinkaton
|
|-weather|Sandstorm|[upkeep]
|upkeep
|turn|33
|inactive|wwesucks has 90 seconds left.
|
|t:|1757911267
|switch|p2a: Dondozo|Dondozo, M|94/100
|move|p1a: Excadrill|Iron Head|p2a: Dondozo
|-resisted|p2a: Dondozo
|-damage|p2a: Dondozo|84/100
|-damage|p1a: Excadrill|84/100|[from] item: Rocky Helmet|[of] p2a: Dondozo
|
|-weather|Sandstorm|[upkeep]
|-damage|p2a: Dondozo|77/100|[from] Sandstorm
|-heal|p1a: Excadrill|90/100|[from] item: Leftovers
|upkeep
|turn|34
|
|t:|1757911288
|switch|p1a: Rotom|Rotom-Wash|50/100
|switch|p2a: Dudunsparce|Dudunsparce, M|60/100 brn
|
|-weather|Sandstorm|[upkeep]
|-damage|p1a: Rotom|44/100|[from] Sandstorm
|-damage|p2a: Dudunsparce|54/100 brn|[from] Sandstorm
|-heal|p2a: Dudunsparce|60/100 brn|[from] item: Leftovers
|-damage|p2a: Dudunsparce|54/100 brn|[from] brn
|upkeep
|turn|35
|inactive|wwesucks has 90 seconds left.
|
|t:|1757911315
|move|p1a: Rotom|Volt Switch|p2a: Dudunsparce
|-damage|p2a: Dudunsparce|37/100 brn
|
|t:|1757911322
|switch|p1a: Tyranitar|Tyranitar, M|100/100|[from] Volt Switch
|move|p2a: Dudunsparce|Roost|p2a: Dudunsparce
|-heal|p2a: Dudunsparce|87/100 brn
|-singleturn|p2a: Dudunsparce|move: Roost
|
|-weather|Sandstorm|[upkeep]
|-damage|p2a: Dudunsparce|81/100 brn|[from] Sandstorm
|-heal|p2a: Dudunsparce|87/100 brn|[from] item: Leftovers
|-damage|p2a: Dudunsparce|81/100 brn|[from] brn
|upkeep
|turn|36
|
|t:|1757911329
|move|p2a: Dudunsparce|Glare|p1a: Tyranitar
|-status|p1a: Tyranitar|par
|cant|p1a: Tyranitar|par
|
|-weather|Sandstorm|[upkeep]
|-damage|p2a: Dudunsparce|75/100 brn|[from] Sandstorm
|-heal|p2a: Dudunsparce|81/100 brn|[from] item: Leftovers
|-damage|p2a: Dudunsparce|75/100 brn|[from] brn
|upkeep
|turn|37
|
|t:|1757911334
|move|p2a: Dudunsparce|Coil|p2a: Dudunsparce
|-boost|p2a: Dudunsparce|atk|1
|-boost|p2a: Dudunsparce|def|1
|-boost|p2a: Dudunsparce|accuracy|1
|move|p1a: Tyranitar|Stealth Rock|p2a: Dudunsparce
|-sidestart|p2: Jeeeeemo|move: Stealth Rock
|
|-weather|none
|-heal|p2a: Dudunsparce|81/100 brn|[from] item: Leftovers
|-damage|p2a: Dudunsparce|75/100 brn|[from] brn
|upkeep
|turn|38
|inactive|wwesucks has 90 seconds left.
|
|t:|1757911351
|switch|p1a: Rotom|Rotom-Wash|44/100
|move|p2a: Dudunsparce|Coil|p2a: Dudunsparce
|-boost|p2a: Dudunsparce|atk|1
|-boost|p2a: Dudunsparce|def|1
|-boost|p2a: Dudunsparce|accuracy|1
|
|-heal|p2a: Dudunsparce|81/100 brn|[from] item: Leftovers
|-damage|p2a: Dudunsparce|75/100 brn|[from] brn
|upkeep
|turn|39
|
|t:|1757911357
|move|p1a: Rotom|Pain Split|p2a: Dudunsparce
|-sethp|p2a: Dudunsparce|52/100 brn|[from] move: Pain Split|[silent]
|-sethp|p1a: Rotom|77/100|[from] move: Pain Split
|move|p2a: Dudunsparce|Coil|p2a: Dudunsparce
|-boost|p2a: Dudunsparce|atk|1
|-boost|p2a: Dudunsparce|def|1
|-boost|p2a: Dudunsparce|accuracy|1
|
|-heal|p2a: Dudunsparce|58/100 brn|[from] item: Leftovers
|-damage|p2a: Dudunsparce|52/100 brn|[from] brn
|upkeep
|turn|40
|inactive|wwesucks has 90 seconds left.
|
|t:|1757911378
|move|p1a: Rotom|Hydro Pump|p2a: Dudunsparce
|-damage|p2a: Dudunsparce|25/100 brn
|move|p2a: Dudunsparce|Roost|p2a: Dudunsparce
|-heal|p2a: Dudunsparce|75/100 brn
|-singleturn|p2a: Dudunsparce|move: Roost
|
|-heal|p2a: Dudunsparce|81/100 brn|[from] item: Leftovers
|-damage|p2a: Dudunsparce|75/100 brn|[from] brn
|upkeep
|turn|41
|
|t:|1757911382
|move|p1a: Rotom|Volt Switch|p2a: Dudunsparce
|-damage|p2a: Dudunsparce|59/100 brn
|
|t:|1757911385
|switch|p1a: Zamazenta|Zamazenta, tera:Fire|56/100|[from] Volt Switch
|move|p2a: Dudunsparce|Rock Slide|p1a: Zamazenta
|-supereffective|p1a: Zamazenta
|-damage|p1a: Zamazenta|23/100
|
|-heal|p1a: Zamazenta|30/100|[from] item: Leftovers
|-heal|p2a: Dudunsparce|65/100 brn|[from] item: Leftovers
|-damage|p2a: Dudunsparce|59/100 brn|[from] brn
|upkeep
|turn|42
|
|t:|1757911394
|move|p2a: Dudunsparce|Rock Slide|p1a: Zamazenta
|-supereffective|p1a: Zamazenta
|-crit|p1a: Zamazenta
|-damage|p1a: Zamazenta|0 fnt
|faint|p1a: Zamazenta
|
|-heal|p2a: Dudunsparce|65/100 brn|[from] item: Leftovers
|-damage|p2a: Dudunsparce|59/100 brn|[from] brn
|upkeep
|-message|wwesucks forfeited.
|
|win|Jeeeeemo
|raw|wwesucks's rating: 1431 &rarr; <strong>1410</strong><br />(-21 for losing)
|raw|Jeeeeemo's rating: 1405 &rarr; <strong>1426</strong><br />(+21 for winning)
|l|‽wwesucks
|player|p1|
|l|☆Jeeeeemo
|player|p2|
