|j|‽YungWiiconnect24
|j|☆Arloisthebest
|t:|1757817095
|gametype|singles
|player|p1|YungWiiconnect24|lusamine-nihilego|1299
|player|p2|Arloisthebest|266|1263
|gen|9
|tier|[Gen 9] OU
|rated|
|rule|HP Percentage Mod: HP is shown in percentages
|rule|Endless Battle Clause: Forcing endless battles is banned
|rule|Species Clause: Limit one of each Pokémon
|rule|OHKO Clause: OHKO moves are banned
|rule|Evasion Items Clause: Evasion items are banned
|rule|Evasion Moves Clause: Evasion moves are banned
|rule|Evasion Abilities Clause: Evasion abilities are banned
|rule|Sleep Moves Clause: Sleep-inducing moves are banned
|clearpoke
|poke|p1|Glimmora, M|
|poke|p1|Frosmoth, M|
|poke|p1|Deoxys-Defense|
|poke|p1|Galvantula, F|
|poke|p1|Samurott-Hisui, F|
|poke|p1|Ditto|
|poke|p2|Dewgong, M|
|poke|p2|Chimecho, F|
|poke|p2|Hoopa-Unbound|
|poke|p2|Talonflame, F|
|poke|p2|Dudunsparce-*, M|
|poke|p2|Sandaconda, M|
|teampreview
|
|t:|1757817111
|teamsize|p1|6
|teamsize|p2|6
|start
|switch|p1a: Samurott|Samurott-Hisui, F|100/100
|switch|p2a: Dudunsparce|Dudunsparce, M|100/100
|turn|1
|
|t:|1757817129
|move|p1a: Samurott|Sacred Sword|p2a: Dudunsparce
|-supereffective|p2a: Dudunsparce
|-damage|p2a: Dudunsparce|30/100
|move|p2a: Dudunsparce|Body Slam|p1a: Samurott
|-damage|p1a: Samurott|60/100
|-status|p1a: Samurott|par
|
|-heal|p2a: Dudunsparce|36/100|[from] item: Leftovers
|upkeep
|turn|2
|
|t:|1757817144
|move|p2a: Dudunsparce|Roost|p2a: Dudunsparce
|-heal|p2a: Dudunsparce|86/100
|-singleturn|p2a: Dudunsparce|move: Roost
|move|p1a: Samurott|Ceaseless Edge|p2a: Dudunsparce
|-damage|p2a: Dudunsparce|45/100
|-sidestart|p2: Arloisthebest|Spikes
|
|-heal|p2a: Dudunsparce|52/100|[from] item: Leftovers
|upkeep
|turn|3
|
|t:|1757817154
|move|p2a: Dudunsparce|Bite|p1a: Samurott
|-resisted|p1a: Samurott
|-damage|p1a: Samurott|50/100 par
|cant|p1a: Samurott|flinch
|
|-heal|p2a: Dudunsparce|58/100|[from] item: Leftovers
|upkeep
|turn|4
|
|t:|1757817157
|move|p2a: Dudunsparce|Body Slam|p1a: Samurott
|-damage|p1a: Samurott|15/100 par
|move|p1a: Samurott|Sacred Sword|p2a: Dudunsparce
|-supereffective|p2a: Dudunsparce
|-damage|p2a: Dudunsparce|0 fnt
|faint|p2a: Dudunsparce
|
|upkeep
|
|t:|1757817165
|switch|p2a: Talonflame|Talonflame, F|100/100
|turn|5
|
|t:|1757817170
|move|p1a: Samurott|Aqua Jet|p2a: Talonflame
|-supereffective|p2a: Talonflame
|-damage|p2a: Talonflame|56/100
|move|p2a: Talonflame|Brave Bird|p1a: Samurott
|-damage|p1a: Samurott|0 fnt
|faint|p1a: Samurott
|-damage|p2a: Talonflame|52/100|[from] Recoil
|
|upkeep
|
|t:|1757817175
|switch|p1a: Galvantula|Galvantula, F|100/100
|turn|6
|
|t:|1757817178
|move|p2a: Talonflame|Brave Bird|p1a: Galvantula
|-damage|p1a: Galvantula|38/100
|-damage|p2a: Talonflame|36/100|[from] Recoil
|move|p1a: Galvantula|Thunder|p2a: Talonflame
|-supereffective|p2a: Talonflame
|-damage|p2a: Talonflame|0 fnt
|faint|p2a: Talonflame
|
|upkeep
|
|t:|1757817183
|switch|p2a: Sandaconda|Sandaconda, M|100/100
|-damage|p2a: Sandaconda|88/100|[from] Spikes
|turn|7
|
|t:|1757817187
|move|p1a: Galvantula|Energy Ball|p2a: Sandaconda
|-supereffective|p2a: Sandaconda
|-damage|p2a: Sandaconda|25/100
|move|p2a: Sandaconda|Earthquake|p1a: Galvantula
|-damage|p1a: Galvantula|0 fnt
|faint|p1a: Galvantula
|
|upkeep
|inactive|Battle timer is ON: inactive players will automatically lose when time's up. (requested by Arloisthebest)
|
|t:|1757817193
|switch|p1a: Frosmoth|Frosmoth, M, shiny|100/100
|turn|8
|
|t:|1757817200
|move|p1a: Frosmoth|Quiver Dance|p1a: Frosmoth
|-boost|p1a: Frosmoth|spa|1
|-boost|p1a: Frosmoth|spd|1
|-boost|p1a: Frosmoth|spe|1
|move|p2a: Sandaconda|Rest|p2a: Sandaconda
|-status|p2a: Sandaconda|slp|[from] move: Rest
|-heal|p2a: Sandaconda|100/100 slp|[silent]
|
|upkeep
|turn|9
|
|t:|1757817207
|move|p1a: Frosmoth|Substitute|p1a: Frosmoth
|-start|p1a: Frosmoth|Substitute
|-damage|p1a: Frosmoth|76/100
|cant|p2a: Sandaconda|slp
|
|-heal|p1a: Frosmoth|82/100|[from] item: Leftovers
|upkeep
|turn|10
|
|t:|1757817211
|move|p1a: Frosmoth|Quiver Dance|p1a: Frosmoth
|-boost|p1a: Frosmoth|spa|1
|-boost|p1a: Frosmoth|spd|1
|-boost|p1a: Frosmoth|spe|1
|cant|p2a: Sandaconda|slp
|
|-heal|p1a: Frosmoth|88/100|[from] item: Leftovers
|upkeep
|turn|11
|
|t:|1757817213
|move|p1a: Frosmoth|Quiver Dance|p1a: Frosmoth
|-boost|p1a: Frosmoth|spa|1
|-boost|p1a: Frosmoth|spd|1
|-boost|p1a: Frosmoth|spe|1
|-curestatus|p2a: Sandaconda|slp|[msg]
|move|p2a: Sandaconda|Earthquake|p1a: Frosmoth
|-resisted|p1a: Frosmoth
|-end|p1a: Frosmoth|Substitute
|
|-heal|p1a: Frosmoth|94/100|[from] item: Leftovers
|upkeep
|turn|12
|
|t:|1757817222
|move|p1a: Frosmoth|Ice Beam|p2a: Sandaconda
|-supereffective|p2a: Sandaconda
|-damage|p2a: Sandaconda|0 fnt
|faint|p2a: Sandaconda
|
|-heal|p1a: Frosmoth|99/100|[from] item: Leftovers
|upkeep
|
|t:|1757817225
|switch|p2a: Dewgong|Dewgong, M|100/100
|-damage|p2a: Dewgong|88/100|[from] Spikes
|turn|13
|
|t:|1757817230
|-terastallize|p1a: Frosmoth|Electric
|move|p1a: Frosmoth|Tera Blast|p2a: Dewgong|[anim] Tera Blast Electric
|-supereffective|p2a: Dewgong
|-damage|p2a: Dewgong|0 fnt
|faint|p2a: Dewgong
|
|-heal|p1a: Frosmoth|100/100|[from] item: Leftovers
|upkeep
|-message|Arloisthebest forfeited.
|
|win|YungWiiconnect24
|raw|YungWiiconnect24's rating: 1299 &rarr; <strong>1321</strong><br />(+22 for winning)
|raw|Arloisthebest's rating: 1263 &rarr; <strong>1241</strong><br />(-22 for losing)
|l|☆Arloisthebest
|player|p2|
|l|‽YungWiiconnect24
|player|p1|
