|j|☆hehe moon
|j|☆mansonabuluting
|t:|1757859693
|gametype|singles
|player|p1|hehe moon|cheryl|1600
|player|p2|mansonabuluting|bellelba|1602
|gen|9
|tier|[Gen 9] OU
|rated|
|rule|HP Percentage Mod: HP is shown in percentages
|rule|Endless Battle Clause: Forcing endless battles is banned
|rule|Species Clause: Limit one of each Pokémon
|rule|OHKO Clause: OHKO moves are banned
|rule|Evasion Items Clause: Evasion items are banned
|rule|Evasion Moves Clause: Evasion moves are banned
|rule|Evasion Abilities Clause: Evasion abilities are banned
|rule|Sleep Moves Clause: Sleep-inducing moves are banned
|clearpoke
|poke|p1|Meowscarada, F|
|poke|p1|Corviknight, M|
|poke|p1|Kyurem|
|poke|p1|Moltres|
|poke|p1|Garganacl, F|
|poke|p1|Enamorus, F|
|poke|p2|Rillaboom, F|
|poke|p2|Hawlucha, M|
|poke|p2|Thundurus-Therian, M|
|poke|p2|Great Tusk|
|poke|p2|Volcanion|
|poke|p2|Goodra-Hisui, M|
|teampreview
|inactive|Battle timer is ON: inactive players will automatically lose when time's up. (requested by hehe moon)
|
|t:|1757859699
|teamsize|p1|6
|teamsize|p2|6
|start
|switch|p1a: Meowscarada|Meowscarada, F|100/100
|switch|p2a: Volcanion|Volcanion|100/100
|turn|1
|
|t:|1757859705
|move|p1a: Meowscarada|U-turn|p2a: Volcanion
|-start|p1a: Meowscarada|typechange|Bug|[from] ability: Protean
|-resisted|p2a: Volcanion
|-damage|p2a: Volcanion|81/100
|
|t:|1757859722
|switch|p1a: Moltres|Moltres|100/100|[from] U-turn
|move|p2a: Volcanion|Overheat|p1a: Moltres|[miss]
|-miss|p2a: Volcanion|p1a: Moltres
|
|upkeep
|turn|2
|
|t:|1757859738
|switch|p1a: Corviknight|Corviknight, M|100/100
|-ability|p1a: Corviknight|Pressure
|switch|p2a: Thundurus|Thundurus-Therian, M|100/100
|
|upkeep
|turn|3
|
|t:|1757859743
|switch|p1a: Garganacl|Garganacl, F|100/100
|move|p2a: Thundurus|Volt Switch|p1a: Garganacl
|-damage|p1a: Garganacl|71/100
|
|t:|1757859747
|switch|p2a: Volcanion|Volcanion|81/100|[from] Volt Switch
|
|-heal|p1a: Garganacl|77/100|[from] item: Leftovers
|upkeep
|turn|4
|
|t:|1757859751
|move|p2a: Volcanion|Steam Eruption|p1a: Garganacl
|-supereffective|p1a: Garganacl
|-damage|p1a: Garganacl|0 fnt
|faint|p1a: Garganacl
|
|upkeep
|inactive|hehe moon has 120 seconds left.
|
|t:|1757859798
|switch|p1a: Meowscarada|Meowscarada, F|100/100
|turn|5
|
|t:|1757859807
|switch|p2a: Great Tusk|Great Tusk|100/100
|-terastallize|p1a: Meowscarada|Grass
|move|p1a: Meowscarada|Flower Trick|p2a: Great Tusk
|-supereffective|p2a: Great Tusk
|-crit|p2a: Great Tusk
|-damage|p2a: Great Tusk|3/100
|
|upkeep
|turn|6
|
|t:|1757859810
|move|p1a: Meowscarada|Flower Trick|p2a: Great Tusk
|-supereffective|p2a: Great Tusk
|-crit|p2a: Great Tusk
|-damage|p2a: Great Tusk|0 fnt
|faint|p2a: Great Tusk
|-end|p2a: Great Tusk|Protosynthesis|[silent]
|
|upkeep
|
|t:|1757859818
|switch|p2a: Rillaboom|Rillaboom, F|100/100
|-fieldstart|move: Grassy Terrain|[from] ability: Grassy Surge|[of] p2a: Rillaboom
|turn|7
|
|t:|1757859823
|switch|p1a: Moltres|Moltres|100/100
|move|p2a: Rillaboom|U-turn|p1a: Moltres
|-resisted|p1a: Moltres
|-damage|p1a: Moltres|91/100
|
|t:|1757859826
|switch|p2a: Volcanion|Volcanion|81/100|[from] U-turn
|
|-heal|p2a: Volcanion|88/100|[from] Grassy Terrain
|upkeep
|turn|8
|
|t:|1757859831
|move|p2a: Volcanion|Steam Eruption|p1a: Moltres
|-supereffective|p1a: Moltres
|-damage|p1a: Moltres|0 fnt
|faint|p1a: Moltres
|
|-heal|p2a: Volcanion|94/100|[from] Grassy Terrain
|upkeep
|
|t:|1757859833
|switch|p1a: Meowscarada|Meowscarada, F, tera:Grass|100/100
|turn|9
|
|t:|1757859844
|switch|p2a: Rillaboom|Rillaboom, F|100/100
|move|p1a: Meowscarada|U-turn|p2a: Rillaboom
|-supereffective|p2a: Rillaboom
|-damage|p2a: Rillaboom|42/100
|
|t:|1757859847
|switch|p1a: Kyurem|Kyurem|100/100|[from] U-turn
|-ability|p1a: Kyurem|Pressure
|
|-heal|p2a: Rillaboom|49/100|[from] Grassy Terrain
|upkeep
|turn|10
|
|t:|1757859857
|move|p2a: Rillaboom|Grassy Glide|p1a: Kyurem
|-resisted|p1a: Kyurem
|-damage|p1a: Kyurem|73/100
|move|p1a: Kyurem|Draco Meteor|p2a: Rillaboom
|-damage|p2a: Rillaboom|0 fnt
|-unboost|p1a: Kyurem|spa|2
|faint|p2a: Rillaboom
|
|-heal|p1a: Kyurem|80/100|[from] Grassy Terrain
|upkeep
|
|t:|1757859860
|switch|p2a: Hawlucha|Hawlucha, M|100/100
|-enditem|p2a: Hawlucha|Grassy Seed
|-boost|p2a: Hawlucha|def|1|[from] item: Grassy Seed
|turn|11
|j| jxnsksnsksn
|
|t:|1757859868
|switch|p1a: Corviknight|Corviknight, M|100/100
|-ability|p1a: Corviknight|Pressure
|move|p2a: Hawlucha|Close Combat|p1a: Corviknight
|-damage|p1a: Corviknight|70/100
|-unboost|p2a: Hawlucha|def|1
|-unboost|p2a: Hawlucha|spd|1
|-damage|p2a: Hawlucha|84/100|[from] item: Rocky Helmet|[of] p1a: Corviknight
|
|-fieldend|move: Grassy Terrain
|upkeep
|turn|12
|
|t:|1757859873
|move|p2a: Hawlucha|Swords Dance|p2a: Hawlucha
|-boost|p2a: Hawlucha|atk|2
|move|p1a: Corviknight|Brave Bird|p2a: Hawlucha
|-supereffective|p2a: Hawlucha
|-damage|p2a: Hawlucha|0 fnt
|faint|p2a: Hawlucha
|-damage|p1a: Corviknight|45/100|[from] Recoil
|
|upkeep
|
|t:|1757859877
|switch|p2a: Thundurus|Thundurus-Therian, M|100/100
|turn|13
|
|t:|1757859881
|switch|p1a: Meowscarada|Meowscarada, F, tera:Grass|100/100
|move|p2a: Thundurus|Volt Switch|p1a: Meowscarada
|-resisted|p1a: Meowscarada
|-damage|p1a: Meowscarada|67/100
|
|t:|1757859888
|switch|p2a: Volcanion|Volcanion|94/100|[from] Volt Switch
|
|upkeep
|turn|14
|
|t:|1757859891
|move|p1a: Meowscarada|Flower Trick|p2a: Volcanion
|-crit|p2a: Volcanion
|-damage|p2a: Volcanion|19/100
|move|p2a: Volcanion|Overheat|p1a: Meowscarada
|-supereffective|p1a: Meowscarada
|-damage|p1a: Meowscarada|0 fnt
|-unboost|p2a: Volcanion|spa|2
|faint|p1a: Meowscarada
|
|upkeep
|
|t:|1757859895
|switch|p1a: Enamorus|Enamorus, F|100/100
|turn|15
|
|t:|1757859899
|move|p1a: Enamorus|Moonblast|p2a: Volcanion
|-resisted|p2a: Volcanion
|-damage|p2a: Volcanion|0 fnt
|faint|p2a: Volcanion
|
|upkeep
|
|t:|1757859905
|switch|p2a: Thundurus|Thundurus-Therian, M|100/100
|turn|16
|
|t:|1757859908
|move|p1a: Enamorus|Moonblast|p2a: Thundurus
|-damage|p2a: Thundurus|18/100
|move|p2a: Thundurus|Volt Switch|p1a: Enamorus
|-supereffective|p1a: Enamorus
|-damage|p1a: Enamorus|0 fnt
|faint|p1a: Enamorus
|
|t:|1757859915
|switch|p2a: Goodra|Goodra-Hisui, M|100/100|[from] Volt Switch
|
|upkeep
|
|t:|1757859921
|switch|p1a: Kyurem|Kyurem|80/100
|-ability|p1a: Kyurem|Pressure
|turn|17
|
|t:|1757859931
|switch|p1a: Corviknight|Corviknight, M|45/100
|-ability|p1a: Corviknight|Pressure
|move|p2a: Goodra|Draco Meteor|p1a: Corviknight
|-resisted|p1a: Corviknight
|-damage|p1a: Corviknight|12/100
|-unboost|p2a: Goodra|spa|2
|
|upkeep
|turn|18
|
|t:|1757859935
|move|p1a: Corviknight|Roost|p1a: Corviknight
|-heal|p1a: Corviknight|62/100
|-singleturn|p1a: Corviknight|move: Roost
|move|p2a: Goodra|Flamethrower|p1a: Corviknight
|-supereffective|p1a: Corviknight
|-damage|p1a: Corviknight|33/100
|-status|p1a: Corviknight|brn
|
|-damage|p1a: Corviknight|27/100 brn|[from] brn
|upkeep
|turn|19
|j| Cherlyn
|
|t:|1757859944
|switch|p2a: Thundurus|Thundurus-Therian, M|18/100
|move|p1a: Corviknight|Roost|p1a: Corviknight
|-heal|p1a: Corviknight|77/100 brn
|-singleturn|p1a: Corviknight|move: Roost
|
|-damage|p1a: Corviknight|71/100 brn|[from] brn
|upkeep
|turn|20
|j| huejack
|
|t:|1757859963
|switch|p1a: Kyurem|Kyurem|80/100
|-ability|p1a: Kyurem|Pressure
|move|p2a: Thundurus|Volt Switch|p1a: Kyurem
|-resisted|p1a: Kyurem
|-damage|p1a: Kyurem|61/100
|
|t:|1757859965
|switch|p2a: Goodra|Goodra-Hisui, M|100/100|[from] Volt Switch
|
|upkeep
|turn|21
|
|t:|1757859973
|switch|p1a: Corviknight|Corviknight, M|71/100 brn
|-ability|p1a: Corviknight|Pressure
|move|p2a: Goodra|Flash Cannon|p1a: Corviknight
|-resisted|p1a: Corviknight
|-damage|p1a: Corviknight|50/100 brn
|
|-damage|p1a: Corviknight|44/100 brn|[from] brn
|upkeep
|turn|22
|
|t:|1757859978
|move|p1a: Corviknight|Roost|p1a: Corviknight
|-heal|p1a: Corviknight|94/100 brn
|-singleturn|p1a: Corviknight|move: Roost
|move|p2a: Goodra|Flamethrower|p1a: Corviknight
|-supereffective|p1a: Corviknight
|-damage|p1a: Corviknight|32/100 brn
|
|-damage|p1a: Corviknight|26/100 brn|[from] brn
|upkeep
|turn|23
|
|t:|1757859983
|move|p1a: Corviknight|U-turn|p2a: Goodra
|-resisted|p2a: Goodra
|-damage|p2a: Goodra|97/100
|-ability|p2a: Goodra|Gooey
|-unboost|p1a: Corviknight|spe|1
|
|t:|1757859984
|switch|p1a: Kyurem|Kyurem|61/100|[from] U-turn
|-ability|p1a: Kyurem|Pressure
|move|p2a: Goodra|Flamethrower|p1a: Kyurem
|-damage|p1a: Kyurem|31/100
|
|upkeep
|turn|24
|
|t:|1757859988
|move|p1a: Kyurem|Earth Power|p2a: Goodra
|-supereffective|p2a: Goodra
|-damage|p2a: Goodra|53/100
|move|p2a: Goodra|Flash Cannon|p1a: Kyurem
|-supereffective|p1a: Kyurem
|-crit|p1a: Kyurem
|-damage|p1a: Kyurem|0 fnt
|faint|p1a: Kyurem
|
|upkeep
|
|t:|1757859991
|switch|p1a: Corviknight|Corviknight, M|26/100 brn
|-ability|p1a: Corviknight|Pressure
|turn|25
|
|t:|1757859993
|move|p1a: Corviknight|Defog|p2a: Goodra
|-unboost|p2a: Goodra|evasion|1
|move|p2a: Goodra|Flamethrower|p1a: Corviknight
|-supereffective|p1a: Corviknight
|-damage|p1a: Corviknight|0 fnt
|faint|p1a: Corviknight
|
|win|mansonabuluting
|raw|hehe moon's rating: 1600 &rarr; <strong>1580</strong><br />(-20 for losing)
|raw|mansonabuluting's rating: 1602 &rarr; <strong>1622</strong><br />(+20 for winning)
|l|☆mansonabuluting
|player|p2|
|l| huejack
|l| Cherlyn
|l|☆hehe moon
|player|p1|
|l| jxnsksnsksn
