|j|☆Kis Vegallomas
|j|☆Underquill
|t:|1757927066
|gametype|singles
|player|p1|Kis Vegallomas|265|1324
|player|p2|Underquill|169|1346
|gen|9
|tier|[Gen 9] OU
|rated|
|rule|HP Percentage Mod: HP is shown in percentages
|rule|Endless Battle Clause: Forcing endless battles is banned
|rule|Species Clause: Limit one of each Pokémon
|rule|OHKO Clause: OHKO moves are banned
|rule|Evasion Items Clause: Evasion items are banned
|rule|Evasion Moves Clause: Evasion moves are banned
|rule|Evasion Abilities Clause: Evasion abilities are banned
|rule|Sleep Moves Clause: Sleep-inducing moves are banned
|clearpoke
|poke|p1|Goodra-Hisui, M|
|poke|p1|Pecharunt|
|poke|p1|Tsareena, F|
|poke|p1|Skeledirge, F|
|poke|p1|Scizor, M|
|poke|p1|Azumarill, F|
|poke|p2|Hatterene, F|
|poke|p2|Ursaluna, F|
|poke|p2|Mimikyu, F|
|poke|p2|Iron Hands|
|poke|p2|Emboar, M|
|poke|p2|Indeedee, M|
|teampreview
|inactive|Battle timer is ON: inactive players will automatically lose when time's up. (requested by Underquill)
|
|t:|1757927082
|teamsize|p1|6
|teamsize|p2|6
|start
|switch|p1a: Scizor|Scizor, M|100/100
|switch|p2a: Mimikyu|Mimikyu, F|100/100
|turn|1
|
|t:|1757927093
|move|p2a: Mimikyu|Curse|p1a: Scizor
|-start|p1a: Scizor|Curse|[of] p2a: Mimikyu
|-damage|p2a: Mimikyu|50/100
|move|p1a: Scizor|Knock Off|p2a: Mimikyu
|-activate|p2a: Mimikyu|ability: Disguise
|-damage|p2a: Mimikyu|50/100
|-enditem|p2a: Mimikyu|Red Card|[from] move: Knock Off|[of] p1a: Scizor
|detailschange|p2a: Mimikyu|Mimikyu-Busted, F
|-damage|p2a: Mimikyu|38/100|[from] pokemon: Mimikyu-Busted
|
|-damage|p1a: Scizor|76/100|[from] Curse
|upkeep
|turn|2
|
|t:|1757927101
|move|p1a: Scizor|Bullet Punch|p2a: Mimikyu
|-supereffective|p2a: Mimikyu
|-damage|p2a: Mimikyu|0 fnt
|faint|p2a: Mimikyu
|
|-damage|p1a: Scizor|51/100|[from] Curse
|upkeep
|
|t:|1757927104
|switch|p2a: Indeedee|Indeedee, M|100/100
|-fieldstart|move: Psychic Terrain|[from] ability: Psychic Surge|[of] p2a: Indeedee
|turn|3
|
|t:|1757927110
|move|p1a: Scizor|Knock Off|p2a: Indeedee
|-supereffective|p2a: Indeedee
|-damage|p2a: Indeedee|0 fnt
|-enditem|p2a: Indeedee|Terrain Extender|[from] move: Knock Off|[of] p1a: Scizor
|faint|p2a: Indeedee
|
|-damage|p1a: Scizor|26/100|[from] Curse
|upkeep
|
|t:|1757927117
|switch|p2a: Emboar|Emboar, M|100/100
|turn|4
|
|t:|1757927138
|move|p1a: Scizor|Knock Off|p2a: Emboar
|-resisted|p2a: Emboar
|-damage|p2a: Emboar|79/100
|-enditem|p2a: Emboar|Expert Belt|[from] move: Knock Off|[of] p1a: Scizor
|move|p2a: Emboar|Wild Charge|p1a: Scizor
|-damage|p1a: Scizor|0 fnt
|faint|p1a: Scizor
|-damage|p2a: Emboar|73/100|[from] Recoil
|
|upkeep
|
|t:|1757927146
|switch|p1a: Tsareena|Tsareena, F|100/100
|turn|5
|
|t:|1757927150
|move|p1a: Tsareena|Reflect|p1a: Tsareena
|-sidestart|p1: Kis Vegallomas|Reflect
|move|p2a: Emboar|Flare Blitz|p1a: Tsareena
|-supereffective|p1a: Tsareena
|-damage|p1a: Tsareena|34/100
|-damage|p2a: Emboar|55/100|[from] Recoil
|
|upkeep
|turn|6
|
|t:|1757927154
|switch|p1a: Skeledirge|Skeledirge, F|100/100
|move|p2a: Emboar|Flare Blitz|p1a: Skeledirge
|-resisted|p1a: Skeledirge
|-damage|p1a: Skeledirge|83/100
|-damage|p2a: Emboar|50/100|[from] Recoil
|
|upkeep
|turn|7
|
|t:|1757927161
|switch|p2a: Hatterene|Hatterene, F|100/100
|move|p1a: Skeledirge|Torch Song|p2a: Hatterene
|-damage|p2a: Hatterene|57/100
|-boost|p1a: Skeledirge|spa|1
|
|upkeep
|turn|8
|
|t:|1757927164
|move|p1a: Skeledirge|Torch Song|p2a: Hatterene
|-damage|p2a: Hatterene|0 fnt
|-boost|p1a: Skeledirge|spa|1
|faint|p2a: Hatterene
|
|upkeep
|
|t:|1757927169
|switch|p2a: Ursaluna|Ursaluna, F|100/100
|turn|9
|
|t:|1757927176
|move|p1a: Skeledirge|Torch Song|p2a: Ursaluna
|-damage|p2a: Ursaluna|26/100
|-boost|p1a: Skeledirge|spa|1
|move|p2a: Ursaluna|Headlong Rush|p1a: Skeledirge
|-supereffective|p1a: Skeledirge
|-damage|p1a: Skeledirge|20/100
|-unboost|p2a: Ursaluna|def|1
|-unboost|p2a: Ursaluna|spd|1
|
|-status|p2a: Ursaluna|brn|[from] item: Flame Orb
|upkeep
|turn|10
|-message|Underquill forfeited.
|
|win|Kis Vegallomas
|raw|Kis Vegallomas's rating: 1324 &rarr; <strong>1345</strong><br />(+21 for winning)
|raw|Underquill's rating: 1346 &rarr; <strong>1325</strong><br />(-21 for losing)
|l|☆Underquill
|player|p2|
|l|☆Kis Vegallomas
|player|p1|
