|j|☆marthfalco349
|j|☆SapphireRedux
|t:|1757859631
|gametype|singles
|player|p1|marthfalco349|dawn|1532
|player|p2|SapphireRedux|lacey|1576
|gen|9
|tier|[Gen 9] OU
|rated|
|rule|HP Percentage Mod: HP is shown in percentages
|rule|Endless Battle Clause: Forcing endless battles is banned
|rule|Species Clause: Limit one of each Pokémon
|rule|OHKO Clause: OHKO moves are banned
|rule|Evasion Items Clause: Evasion items are banned
|rule|Evasion Moves Clause: Evasion moves are banned
|rule|Evasion Abilities Clause: Evasion abilities are banned
|rule|Sleep Moves Clause: Sleep-inducing moves are banned
|clearpoke
|poke|p1|Rotom-Heat|
|poke|p1|Comfey, F|
|poke|p1|Ogerpon-Wellspring, F|
|poke|p1|Muk-Alola, M|
|poke|p1|Great Tusk|
|poke|p1|Kingambit, M|
|poke|p2|Great Tusk|
|poke|p2|Kingambit, M|
|poke|p2|Raging Bolt|
|poke|p2|Walking Wake|
|poke|p2|Ninetales, M|
|poke|p2|Ceruledge, M|
|teampreview
|inactive|Battle timer is ON: inactive players will automatically lose when time's up. (requested by SapphireRedux)
|
|t:|1757859651
|teamsize|p1|6
|teamsize|p2|6
|start
|switch|p1a: Ogerpon|Ogerpon-Wellspring, F|100/100
|switch|p2a: Ninetales|Ninetales, M|100/100
|-weather|SunnyDay|[from] ability: Drought|[of] p2a: Ninetales
|turn|1
|
|t:|1757859661
|switch|p1a: Muk|Muk-Alola, M|100/100
|move|p2a: Ninetales|Overheat|p1a: Muk
|-damage|p1a: Muk|58/100
|-unboost|p2a: Ninetales|spa|2
|
|-weather|SunnyDay|[upkeep]
|upkeep
|turn|2
|
|t:|1757859675
|switch|p2a: Great Tusk|Great Tusk|100/100
|-activate|p2a: Great Tusk|ability: Protosynthesis
|-start|p2a: Great Tusk|protosynthesisatk
|move|p1a: Muk|Drain Punch|p2a: Great Tusk
|-damage|p2a: Great Tusk|83/100
|-heal|p1a: Muk|65/100|[from] drain|[of] p2a: Great Tusk
|
|-weather|SunnyDay|[upkeep]
|upkeep
|turn|3
|
|t:|1757859687
|switch|p1a: Rotom|Rotom-Heat|100/100
|move|p2a: Great Tusk|Rapid Spin|p1a: Rotom
|-damage|p1a: Rotom|77/100
|-boost|p2a: Great Tusk|spe|1
|
|-weather|SunnyDay|[upkeep]
|-heal|p1a: Rotom|83/100|[from] item: Leftovers
|upkeep
|turn|4
|j| biryanilover
|
|t:|1757859699
|-end|p2a: Great Tusk|Protosynthesis|[silent]
|switch|p2a: Walking Wake|Walking Wake|100/100
|-activate|p2a: Walking Wake|ability: Protosynthesis
|-start|p2a: Walking Wake|protosynthesisspe
|move|p1a: Rotom|Will-O-Wisp|p2a: Walking Wake
|-status|p2a: Walking Wake|brn
|
|-weather|SunnyDay|[upkeep]
|-heal|p1a: Rotom|89/100|[from] item: Leftovers
|-damage|p2a: Walking Wake|94/100 brn|[from] brn
|upkeep
|turn|5
|
|t:|1757859707
|switch|p1a: Muk|Muk-Alola, M|65/100
|move|p2a: Walking Wake|Draco Meteor|p1a: Muk
|-damage|p1a: Muk|27/100
|-unboost|p2a: Walking Wake|spa|2
|
|-weather|SunnyDay|[upkeep]
|-damage|p2a: Walking Wake|88/100 brn|[from] brn
|upkeep
|turn|6
|
|t:|1757859711
|move|p2a: Walking Wake|Flip Turn|p1a: Muk
|-crit|p1a: Muk
|-damage|p1a: Muk|21/100
|
|t:|1757859714
|-end|p2a: Walking Wake|Protosynthesis|[silent]
|switch|p2a: Great Tusk|Great Tusk|83/100|[from] Flip Turn
|-activate|p2a: Great Tusk|ability: Protosynthesis
|-start|p2a: Great Tusk|protosynthesisatk
|move|p1a: Muk|Ice Punch|p2a: Great Tusk
|-supereffective|p2a: Great Tusk
|-damage|p2a: Great Tusk|45/100
|
|-weather|SunnyDay|[upkeep]
|upkeep
|turn|7
|
|t:|1757859728
|move|p2a: Great Tusk|Rapid Spin|p1a: Muk
|-damage|p1a: Muk|0 fnt
|-boost|p2a: Great Tusk|spe|1
|faint|p1a: Muk
|
|-weather|SunnyDay|[upkeep]
|upkeep
|
|t:|1757859738
|switch|p1a: Rotom|Rotom-Heat|89/100
|turn|8
|
|t:|1757859747
|move|p2a: Great Tusk|Temper Flare|p1a: Rotom
|-resisted|p1a: Rotom
|-damage|p1a: Rotom|62/100
|move|p1a: Rotom|Volt Switch|p2a: Great Tusk
|-immune|p2a: Great Tusk
|
|-weather|none
|-end|p2a: Great Tusk|Protosynthesis
|-heal|p1a: Rotom|68/100|[from] item: Leftovers
|upkeep
|turn|9
|
|t:|1757859757
|-end|p2a: Great Tusk|Protosynthesis|[silent]
|switch|p2a: Ninetales|Ninetales, M|100/100
|-weather|SunnyDay|[from] ability: Drought|[of] p2a: Ninetales
|move|p1a: Rotom|Will-O-Wisp|p2a: Ninetales
|-immune|p2a: Ninetales
|
|-weather|SunnyDay|[upkeep]
|-heal|p1a: Rotom|74/100|[from] item: Leftovers
|upkeep
|turn|10
|
|t:|1757859763
|move|p2a: Ninetales|Encore|p1a: Rotom
|-start|p1a: Rotom|Encore
|move|p1a: Rotom|Will-O-Wisp|p2a: Ninetales
|-immune|p2a: Ninetales
|
|-weather|SunnyDay|[upkeep]
|-heal|p1a: Rotom|80/100|[from] item: Leftovers
|upkeep
|turn|11
|
|t:|1757859770
|switch|p2a: Walking Wake|Walking Wake|88/100 brn
|-activate|p2a: Walking Wake|ability: Protosynthesis
|-start|p2a: Walking Wake|protosynthesisspe
|switch|p1a: Ogerpon|Ogerpon-Wellspring, F|100/100
|
|-weather|SunnyDay|[upkeep]
|-damage|p2a: Walking Wake|82/100 brn|[from] brn
|upkeep
|turn|12
|
|t:|1757859777
|move|p2a: Walking Wake|Draco Meteor|p1a: Ogerpon
|-damage|p1a: Ogerpon|19/100
|-unboost|p2a: Walking Wake|spa|2
|move|p1a: Ogerpon|Horn Leech|p2a: Walking Wake
|-damage|p2a: Walking Wake|38/100 brn
|-heal|p1a: Ogerpon|44/100|[from] drain|[of] p2a: Walking Wake
|
|-weather|SunnyDay|[upkeep]
|-damage|p2a: Walking Wake|31/100 brn|[from] brn
|upkeep
|turn|13
|
|t:|1757859782
|move|p2a: Walking Wake|Draco Meteor|p1a: Ogerpon
|-damage|p1a: Ogerpon|4/100
|-unboost|p2a: Walking Wake|spa|2
|move|p1a: Ogerpon|Horn Leech|p2a: Walking Wake
|-damage|p2a: Walking Wake|0 fnt
|-heal|p1a: Ogerpon|22/100|[from] drain|[of] p2a: Walking Wake
|faint|p2a: Walking Wake
|-end|p2a: Walking Wake|Protosynthesis|[silent]
|
|-weather|SunnyDay|[upkeep]
|upkeep
|
|t:|1757859793
|switch|p2a: Ceruledge|Ceruledge, M|100/100
|turn|14
|
|t:|1757859820
|move|p1a: Ogerpon|Ivy Cudgel|p2a: Ceruledge|[anim] Ivy Cudgel Water
|-supereffective|p2a: Ceruledge
|-damage|p2a: Ceruledge|26/100
|-ability|p2a: Ceruledge|Weak Armor|boost
|-unboost|p2a: Ceruledge|def|1
|-boost|p2a: Ceruledge|spe|2
|move|p2a: Ceruledge|Swords Dance|p2a: Ceruledge
|-boost|p2a: Ceruledge|atk|2
|
|-weather|SunnyDay|[upkeep]
|upkeep
|turn|15
|
|t:|1757859825
|move|p2a: Ceruledge|Bitter Blade|p1a: Ogerpon
|-damage|p1a: Ogerpon|0 fnt
|-heal|p2a: Ceruledge|35/100|[from] drain|[of] p1a: Ogerpon
|faint|p1a: Ogerpon
|
|-weather|SunnyDay|[upkeep]
|upkeep
|
|t:|1757859838
|switch|p1a: Rotom|Rotom-Heat|80/100
|turn|16
|
|t:|1757859842
|move|p2a: Ceruledge|Bitter Blade|p1a: Rotom
|-resisted|p1a: Rotom
|-damage|p1a: Rotom|11/100
|-heal|p2a: Ceruledge|66/100|[from] drain|[of] p1a: Rotom
|move|p1a: Rotom|Thunderbolt|p2a: Ceruledge
|-damage|p2a: Ceruledge|31/100
|
|-weather|none
|-heal|p1a: Rotom|17/100|[from] item: Leftovers
|upkeep
|turn|17
|
|t:|1757859848
|move|p2a: Ceruledge|Bitter Blade|p1a: Rotom
|-resisted|p1a: Rotom
|-damage|p1a: Rotom|0 fnt
|-heal|p2a: Ceruledge|38/100|[from] drain|[of] p1a: Rotom
|faint|p1a: Rotom
|
|upkeep
|
|t:|1757859850
|switch|p1a: Great Tusk|Great Tusk|100/100
|-enditem|p1a: Great Tusk|Booster Energy
|-activate|p1a: Great Tusk|ability: Protosynthesis|[fromitem]
|-start|p1a: Great Tusk|protosynthesisatk
|turn|18
|
|t:|1757859855
|move|p2a: Ceruledge|Poltergeist||[still]
|-fail|p2a: Ceruledge
|move|p1a: Great Tusk|Knock Off|p2a: Ceruledge
|-supereffective|p2a: Ceruledge
|-damage|p2a: Ceruledge|0 fnt
|-enditem|p2a: Ceruledge|Heavy-Duty Boots|[from] move: Knock Off|[of] p1a: Great Tusk
|faint|p2a: Ceruledge
|
|upkeep
|
|t:|1757859862
|switch|p2a: Ninetales|Ninetales, M|100/100
|-weather|SunnyDay|[from] ability: Drought|[of] p2a: Ninetales
|turn|19
|
|t:|1757859866
|move|p2a: Ninetales|Overheat|p1a: Great Tusk
|-damage|p1a: Great Tusk|0 fnt
|-unboost|p2a: Ninetales|spa|2
|faint|p1a: Great Tusk
|-end|p1a: Great Tusk|Protosynthesis|[silent]
|
|-weather|SunnyDay|[upkeep]
|upkeep
|
|t:|1757859874
|switch|p1a: Comfey|Comfey, F|100/100
|turn|20
|
|t:|1757859879
|move|p2a: Ninetales|Scorching Sands|p1a: Comfey
|-damage|p1a: Comfey|91/100
|move|p1a: Comfey|Calm Mind|p1a: Comfey
|-boost|p1a: Comfey|spa|1
|-boost|p1a: Comfey|spd|1
|
|-weather|SunnyDay|[upkeep]
|upkeep
|turn|21
|
|t:|1757859881
|move|p2a: Ninetales|Encore|p1a: Comfey
|-start|p1a: Comfey|Encore
|move|p1a: Comfey|Calm Mind|p1a: Comfey
|-boost|p1a: Comfey|spa|1
|-boost|p1a: Comfey|spd|1
|
|-weather|SunnyDay|[upkeep]
|upkeep
|turn|22
|
|t:|1757859886
|switch|p2a: Great Tusk|Great Tusk|45/100
|-activate|p2a: Great Tusk|ability: Protosynthesis
|-start|p2a: Great Tusk|protosynthesisatk
|move|p1a: Comfey|Calm Mind|p1a: Comfey
|-boost|p1a: Comfey|spa|1
|-boost|p1a: Comfey|spd|1
|
|-weather|SunnyDay|[upkeep]
|upkeep
|turn|23
|
|t:|1757859890
|-terastallize|p1a: Comfey|Ground
|move|p2a: Great Tusk|Headlong Rush|p1a: Comfey
|-damage|p1a: Comfey|0 fnt
|-unboost|p2a: Great Tusk|def|1
|-unboost|p2a: Great Tusk|spd|1
|faint|p1a: Comfey
|
|-weather|SunnyDay|[upkeep]
|upkeep
|
|t:|1757859897
|switch|p1a: Kingambit|Kingambit, M|100/100
|-activate|p1a: Kingambit|ability: Supreme Overlord
|-start|p1a: Kingambit|fallen5|[silent]
|turn|24
|
|t:|1757859901
|move|p1a: Kingambit|Sucker Punch|p2a: Great Tusk
|-resisted|p2a: Great Tusk
|-damage|p2a: Great Tusk|10/100
|move|p2a: Great Tusk|Headlong Rush|p1a: Kingambit
|-supereffective|p1a: Kingambit
|-damage|p1a: Kingambit|0 fnt
|-unboost|p2a: Great Tusk|def|1
|-unboost|p2a: Great Tusk|spd|1
|faint|p1a: Kingambit
|-end|p1a: Kingambit|fallen5|[silent]
|
|win|SapphireRedux
|raw|marthfalco349's rating: 1532 &rarr; <strong>1515</strong><br />(-17 for losing)
|raw|SapphireRedux's rating: 1576 &rarr; <strong>1593</strong><br />(+17 for winning)
|l|☆marthfalco349
|player|p1|
|l|☆SapphireRedux
|player|p2|
|l| biryanilover
