|j|☆GarbagioFilth
|j|☆HGalliumh
|t:|1757822690
|gametype|singles
|player|p1|GarbagioFilth|byron|1497
|player|p2|HGalliumh|dawn|1449
|gen|9
|tier|[Gen 9] OU
|rated|
|rule|HP Percentage Mod: HP is shown in percentages
|rule|Endless Battle Clause: Forcing endless battles is banned
|rule|Species Clause: Limit one of each Pokémon
|rule|OHKO Clause: OHKO moves are banned
|rule|Evasion Items Clause: Evasion items are banned
|rule|Evasion Moves Clause: Evasion moves are banned
|rule|Evasion Abilities Clause: Evasion abilities are banned
|rule|Sleep Moves Clause: Sleep-inducing moves are banned
|clearpoke
|poke|p1|Dondozo, F|
|poke|p1|Blissey, F|
|poke|p1|Corviknight, M|
|poke|p1|Weezing-Galar, F|
|poke|p1|Gliscor, M|
|poke|p1|Toxapex, M|
|poke|p2|Primarina, F|
|poke|p2|Alomomola, F|
|poke|p2|Hydrapple, M|
|poke|p2|Great Tusk|
|poke|p2|Gholdengo|
|poke|p2|Moltres|
|teampreview
|inactive|Battle timer is ON: inactive players will automatically lose when time's up. (requested by HGalliumh)
|
|t:|1757822701
|teamsize|p1|6
|teamsize|p2|6
|start
|switch|p1a: Stallking|Toxapex, M|100/100
|switch|p2a: Primarina|Primarina, F|100/100
|turn|1
|
|t:|1757822717
|-terastallize|p1a: Stallking|Steel
|move|p2a: Primarina|Substitute|p2a: Primarina
|-start|p2a: Primarina|Substitute
|-damage|p2a: Primarina|76/100
|move|p1a: Stallking|Toxic||[still]
|-fail|p1a: Stallking
|
|-heal|p2a: Primarina|82/100|[from] item: Leftovers
|upkeep
|turn|2
|
|t:|1757822722
|move|p2a: Primarina|Calm Mind|p2a: Primarina
|-boost|p2a: Primarina|spa|1
|-boost|p2a: Primarina|spd|1
|move|p1a: Stallking|Toxic Spikes|p2a: Primarina
|-sidestart|p2: HGalliumh|move: Toxic Spikes
|
|-heal|p2a: Primarina|88/100|[from] item: Leftovers
|upkeep
|turn|3
|
|t:|1757822728
|switch|p1a: Stalingrad|Blissey, F|100/100
|move|p2a: Primarina|Calm Mind|p2a: Primarina
|-boost|p2a: Primarina|spa|1
|-boost|p2a: Primarina|spd|1
|
|-heal|p2a: Primarina|94/100|[from] item: Leftovers
|upkeep
|turn|4
|
|t:|1757822733
|move|p2a: Primarina|Surf|p1a: Stalingrad
|-damage|p1a: Stalingrad|72/100
|move|p1a: Stalingrad|Calm Mind|p1a: Stalingrad
|-boost|p1a: Stalingrad|spa|1
|-boost|p1a: Stalingrad|spd|1
|
|-heal|p2a: Primarina|99/100|[from] item: Leftovers
|-heal|p1a: Stalingrad|78/100|[from] item: Leftovers
|upkeep
|turn|5
|
|t:|1757822739
|switch|p2a: Great Tusk|Great Tusk|100/100
|move|p1a: Stalingrad|Calm Mind|p1a: Stalingrad
|-boost|p1a: Stalingrad|spa|1
|-boost|p1a: Stalingrad|spd|1
|
|-heal|p1a: Stalingrad|84/100|[from] item: Leftovers
|upkeep
|turn|6
|
|t:|1757822745
|switch|p1a: Stalin|Dondozo, F|100/100
|move|p2a: Great Tusk|Rapid Spin|p1a: Stalin
|-damage|p1a: Stalin|92/100
|-boost|p2a: Great Tusk|spe|1
|-sideend|p2: HGalliumh|Toxic Spikes|[from] move: Rapid Spin|[of] p2a: Great Tusk
|
|-heal|p1a: Stalin|98/100|[from] item: Leftovers
|upkeep
|turn|7
|
|t:|1757822764
|-end|p2a: Great Tusk|Protosynthesis|[silent]
|switch|p2a: Gholdengo|Gholdengo|100/100
|move|p1a: Stalin|Avalanche|p2a: Gholdengo
|-resisted|p2a: Gholdengo
|-damage|p2a: Gholdengo|92/100
|
|-heal|p1a: Stalin|100/100|[from] item: Leftovers
|upkeep
|turn|8
|
|t:|1757822770
|switch|p1a: Stalingrad|Blissey, F|84/100
|move|p2a: Gholdengo|Trick|p1a: Stalingrad
|-activate|p2a: Gholdengo|move: Trick|[of] p1a: Stalingrad
|-item|p1a: Stalingrad|Choice Scarf|[from] move: Trick
|-item|p2a: Gholdengo|Leftovers|[from] move: Trick
|
|-heal|p2a: Gholdengo|98/100|[from] item: Leftovers
|upkeep
|turn|9
|
|t:|1757822798
|switch|p2a: Hydrapple|Hydrapple, M|100/100
|move|p1a: Stalingrad|Calm Mind|p1a: Stalingrad
|-boost|p1a: Stalingrad|spa|1
|-boost|p1a: Stalingrad|spd|1
|
|upkeep
|turn|10
|
|t:|1757822803
|switch|p1a: Stallking|Toxapex, M, tera:Steel|100/100
|move|p2a: Hydrapple|Nasty Plot|p2a: Hydrapple
|-boost|p2a: Hydrapple|spa|2
|
|upkeep
|turn|11
|
|t:|1757822807
|move|p2a: Hydrapple|Earth Power|p1a: Stallking
|-supereffective|p1a: Stallking
|-damage|p1a: Stallking|35/100
|-unboost|p1a: Stallking|spd|1
|move|p1a: Stallking|Toxic|p2a: Hydrapple
|-status|p2a: Hydrapple|tox
|
|-heal|p1a: Stallking|42/100|[from] item: Leftovers
|-damage|p2a: Hydrapple|94/100 tox|[from] psn
|upkeep
|turn|12
|
|t:|1757822815
|switch|p1a: Stalinski|Corviknight, M|100/100
|-ability|p1a: Stalinski|Pressure
|move|p2a: Hydrapple|Nasty Plot|p2a: Hydrapple
|-boost|p2a: Hydrapple|spa|2
|
|-damage|p2a: Hydrapple|82/100 tox|[from] psn
|upkeep
|turn|13
|
|t:|1757822822
|move|p1a: Stalinski|Body Press|p2a: Hydrapple
|-damage|p2a: Hydrapple|68/100 tox
|-damage|p1a: Stalinski|84/100|[from] item: Rocky Helmet|[of] p2a: Hydrapple
|move|p2a: Hydrapple|Fickle Beam|p1a: Stalinski|[anim] Fickle Beam All Out
|-activate|p2a: Hydrapple|move: Fickle Beam
|-resisted|p1a: Stalinski
|-damage|p1a: Stalinski|0 fnt
|faint|p1a: Stalinski
|
|-damage|p2a: Hydrapple|50/100 tox|[from] psn
|upkeep
|
|t:|1757822832
|switch|p1a: Stallmate|Gliscor, M|100/100
|turn|14
|
|t:|1757822838
|move|p1a: Stallmate|Protect|p1a: Stallmate
|-singleturn|p1a: Stallmate|Protect
|move|p2a: Hydrapple|Giga Drain|p1a: Stallmate
|-activate|p1a: Stallmate|move: Protect
|
|-damage|p2a: Hydrapple|26/100 tox|[from] psn
|-status|p1a: Stallmate|tox|[from] item: Toxic Orb
|upkeep
|turn|15
|
|t:|1757822844
|switch|p1a: Stalingrad|Blissey, F|84/100
|switch|p2a: Alomomola|Alomomola, F|100/100
|
|upkeep
|turn|16
|
|t:|1757822849
|move|p1a: Stalingrad|Stealth Rock|p2a: Alomomola
|-sidestart|p2: HGalliumh|move: Stealth Rock
|move|p2a: Alomomola|Flip Turn|p1a: Stalingrad
|-damage|p1a: Stalingrad|68/100
|
|t:|1757822852
|switch|p2a: Primarina|Primarina, F|99/100|[from] Flip Turn
|-damage|p2a: Primarina|87/100|[from] Stealth Rock
|
|-heal|p2a: Primarina|93/100|[from] item: Leftovers
|upkeep
|turn|17
|
|t:|1757822856
|switch|p1a: Stallking|Toxapex, M, tera:Steel|75/100
|move|p2a: Primarina|Substitute|p2a: Primarina
|-start|p2a: Primarina|Substitute
|-damage|p2a: Primarina|68/100
|
|-heal|p2a: Primarina|74/100|[from] item: Leftovers
|-heal|p1a: Stallking|81/100|[from] item: Leftovers
|upkeep
|turn|18
|
|t:|1757822862
|move|p2a: Primarina|Calm Mind|p2a: Primarina
|-boost|p2a: Primarina|spa|1
|-boost|p2a: Primarina|spd|1
|move|p1a: Stallking|Toxic Spikes|p2a: Primarina
|-sidestart|p2: HGalliumh|move: Toxic Spikes
|
|-heal|p2a: Primarina|80/100|[from] item: Leftovers
|-heal|p1a: Stallking|87/100|[from] item: Leftovers
|upkeep
|turn|19
|
|t:|1757822865
|move|p2a: Primarina|Calm Mind|p2a: Primarina
|-boost|p2a: Primarina|spa|1
|-boost|p2a: Primarina|spd|1
|move|p1a: Stallking|Haze|p1a: Stallking
|-clearallboost
|
|-heal|p2a: Primarina|86/100|[from] item: Leftovers
|-heal|p1a: Stallking|94/100|[from] item: Leftovers
|upkeep
|turn|20
|
|t:|1757822868
|move|p2a: Primarina|Calm Mind|p2a: Primarina
|-boost|p2a: Primarina|spa|1
|-boost|p2a: Primarina|spd|1
|move|p1a: Stallking|Toxic Spikes|p2a: Primarina
|-sidestart|p2: HGalliumh|move: Toxic Spikes
|
|-heal|p2a: Primarina|92/100|[from] item: Leftovers
|-heal|p1a: Stallking|99/100|[from] item: Leftovers
|upkeep
|turn|21
|
|t:|1757822870
|move|p2a: Primarina|Surf|p1a: Stallking
|-damage|p1a: Stallking|54/100
|move|p1a: Stallking|Haze|p1a: Stallking
|-clearallboost
|
|-heal|p2a: Primarina|98/100|[from] item: Leftovers
|-heal|p1a: Stallking|61/100|[from] item: Leftovers
|upkeep
|turn|22
|
|t:|1757822873
|move|p2a: Primarina|Calm Mind|p2a: Primarina
|-boost|p2a: Primarina|spa|1
|-boost|p2a: Primarina|spd|1
|move|p1a: Stallking|Recover|p1a: Stallking
|-heal|p1a: Stallking|100/100
|
|-heal|p2a: Primarina|100/100|[from] item: Leftovers
|upkeep
|turn|23
|
|t:|1757822875
|move|p2a: Primarina|Surf|p1a: Stallking
|-damage|p1a: Stallking|52/100
|move|p1a: Stallking|Haze|p1a: Stallking
|-clearallboost
|
|-heal|p1a: Stallking|58/100|[from] item: Leftovers
|upkeep
|turn|24
|
|t:|1757822878
|switch|p1a: Stalingrad|Blissey, F|68/100
|move|p2a: Primarina|Calm Mind|p2a: Primarina
|-boost|p2a: Primarina|spa|1
|-boost|p2a: Primarina|spd|1
|
|upkeep
|turn|25
|
|t:|1757822883
|switch|p2a: Great Tusk|Great Tusk|100/100
|move|p1a: Stalingrad|Calm Mind|p1a: Stalingrad
|-boost|p1a: Stalingrad|spa|1
|-boost|p1a: Stalingrad|spd|1
|
|upkeep
|turn|26
|
|t:|1757822887
|switch|p1a: Stalin|Dondozo, F|100/100
|move|p2a: Great Tusk|Rapid Spin|p1a: Stalin
|-damage|p1a: Stalin|92/100
|-boost|p2a: Great Tusk|spe|1
|-sideend|p2: HGalliumh|Toxic Spikes|[from] move: Rapid Spin|[of] p2a: Great Tusk
|-sideend|p2: HGalliumh|Stealth Rock|[from] move: Rapid Spin|[of] p2a: Great Tusk
|
|-heal|p1a: Stalin|98/100|[from] item: Leftovers
|upkeep
|turn|27
|
|t:|1757822893
|-end|p2a: Great Tusk|Protosynthesis|[silent]
|switch|p2a: Hydrapple|Hydrapple, M|59/100 tox
|move|p1a: Stalin|Avalanche|p2a: Hydrapple
|-supereffective|p2a: Hydrapple
|-damage|p2a: Hydrapple|29/100 tox
|-damage|p1a: Stalin|81/100|[from] item: Rocky Helmet|[of] p2a: Hydrapple
|
|-heal|p1a: Stalin|88/100|[from] item: Leftovers
|-damage|p2a: Hydrapple|23/100 tox|[from] psn
|upkeep
|turn|28
|
|t:|1757822897
|switch|p1a: Stalingrad|Blissey, F|68/100
|move|p2a: Hydrapple|Giga Drain|p1a: Stalingrad
|-damage|p1a: Stalingrad|58/100
|-heal|p2a: Hydrapple|31/100 tox|[from] drain|[of] p1a: Stalingrad
|
|-damage|p2a: Hydrapple|19/100 tox|[from] psn
|upkeep
|turn|29
|
|t:|1757822913
|switch|p2a: Primarina|Primarina, F|100/100
|move|p1a: Stalingrad|Soft-Boiled|p1a: Stalingrad
|-heal|p1a: Stalingrad|100/100
|
|upkeep
|turn|30
|
|t:|1757822917
|switch|p1a: Stallking|Toxapex, M, tera:Steel|91/100
|move|p2a: Primarina|Substitute|p2a: Primarina
|-start|p2a: Primarina|Substitute
|-damage|p2a: Primarina|76/100
|
|-heal|p2a: Primarina|82/100|[from] item: Leftovers
|-heal|p1a: Stallking|98/100|[from] item: Leftovers
|upkeep
|turn|31
|
|t:|1757822922
|move|p2a: Primarina|Calm Mind|p2a: Primarina
|-boost|p2a: Primarina|spa|1
|-boost|p2a: Primarina|spd|1
|move|p1a: Stallking|Toxic Spikes|p2a: Primarina
|-sidestart|p2: HGalliumh|move: Toxic Spikes
|
|-heal|p2a: Primarina|88/100|[from] item: Leftovers
|-heal|p1a: Stallking|100/100|[from] item: Leftovers
|upkeep
|turn|32
|
|t:|1757822924
|move|p2a: Primarina|Surf|p1a: Stallking
|-damage|p1a: Stallking|55/100
|move|p1a: Stallking|Haze|p1a: Stallking
|-clearallboost
|
|-heal|p2a: Primarina|94/100|[from] item: Leftovers
|-heal|p1a: Stallking|61/100|[from] item: Leftovers
|upkeep
|turn|33
|
|t:|1757822929
|move|p2a: Primarina|Calm Mind|p2a: Primarina
|-boost|p2a: Primarina|spa|1
|-boost|p2a: Primarina|spd|1
|move|p1a: Stallking|Toxic Spikes|p2a: Primarina
|-sidestart|p2: HGalliumh|move: Toxic Spikes
|
|-heal|p2a: Primarina|99/100|[from] item: Leftovers
|-heal|p1a: Stallking|67/100|[from] item: Leftovers
|upkeep
|turn|34
|
|t:|1757822931
|move|p2a: Primarina|Surf|p1a: Stallking
|-damage|p1a: Stallking|24/100
|move|p1a: Stallking|Haze|p1a: Stallking
|-clearallboost
|
|-heal|p2a: Primarina|100/100|[from] item: Leftovers
|-heal|p1a: Stallking|30/100|[from] item: Leftovers
|upkeep
|turn|35
|
|t:|1757822940
|switch|p2a: Great Tusk|Great Tusk|100/100
|switch|p1a: Stalingrad|Blissey, F|100/100
|
|upkeep
|turn|36
|
|t:|1757822943
|switch|p1a: Stalin|Dondozo, F|88/100
|move|p2a: Great Tusk|Headlong Rush|p1a: Stalin
|-damage|p1a: Stalin|58/100
|-unboost|p2a: Great Tusk|def|1
|-unboost|p2a: Great Tusk|spd|1
|
|-heal|p1a: Stalin|64/100|[from] item: Leftovers
|upkeep
|turn|37
|
|t:|1757822949
|-end|p2a: Great Tusk|Protosynthesis|[silent]
|switch|p2a: Gholdengo|Gholdengo|98/100
|move|p1a: Stalin|Avalanche|p2a: Gholdengo
|-resisted|p2a: Gholdengo
|-damage|p2a: Gholdengo|91/100
|
|-heal|p2a: Gholdengo|97/100|[from] item: Leftovers
|-heal|p1a: Stalin|70/100|[from] item: Leftovers
|upkeep
|turn|38
|
|t:|1757822953
|switch|p1a: Stalingrad|Blissey, F|100/100
|move|p2a: Gholdengo|Shadow Ball|p1a: Stalingrad
|-immune|p1a: Stalingrad
|
|-heal|p2a: Gholdengo|100/100|[from] item: Leftovers
|upkeep
|turn|39
|
|t:|1757822960
|switch|p2a: Great Tusk|Great Tusk|100/100
|move|p1a: Stalingrad|Calm Mind|p1a: Stalingrad
|-boost|p1a: Stalingrad|spa|1
|-boost|p1a: Stalingrad|spd|1
|
|upkeep
|turn|40
|
|t:|1757822964
|switch|p1a: Stalin|Dondozo, F|70/100
|move|p2a: Great Tusk|Rapid Spin|p1a: Stalin
|-damage|p1a: Stalin|63/100
|-boost|p2a: Great Tusk|spe|1
|-sideend|p2: HGalliumh|Toxic Spikes|[from] move: Rapid Spin|[of] p2a: Great Tusk
|
|-heal|p1a: Stalin|69/100|[from] item: Leftovers
|upkeep
|turn|41
|
|t:|1757822970
|move|p2a: Great Tusk|Stealth Rock|p1a: Stalin
|-sidestart|p1: GarbagioFilth|move: Stealth Rock
|move|p1a: Stalin|Body Press|p2a: Great Tusk
|-damage|p2a: Great Tusk|80/100
|
|-heal|p1a: Stalin|75/100|[from] item: Leftovers
|upkeep
|turn|42
|
|t:|1757822981
|-end|p2a: Great Tusk|Protosynthesis|[silent]
|switch|p2a: Gholdengo|Gholdengo|100/100
|switch|p1a: Staletto|Weezing-Galar, F|100/100
|-ability|p1a: Staletto|Neutralizing Gas
|
|upkeep
|turn|43
|
|t:|1757822988
|-end|p1a: Staletto|ability: Neutralizing Gas
|switch|p1a: Stalingrad|Blissey, F|100/100
|-damage|p1a: Stalingrad|88/100|[from] Stealth Rock
|move|p2a: Gholdengo|Shadow Ball|p1a: Stalingrad
|-immune|p1a: Stalingrad
|
|upkeep
|turn|44
|
|t:|1757822995
|switch|p2a: Primarina|Primarina, F|100/100
|move|p1a: Stalingrad|Stealth Rock|p2a: Primarina
|-sidestart|p2: HGalliumh|move: Stealth Rock
|
|upkeep
|turn|45
|
|t:|1757822997
|switch|p1a: Stallking|Toxapex, M, tera:Steel|63/100
|-damage|p1a: Stallking|57/100|[from] Stealth Rock
|move|p2a: Primarina|Calm Mind|p2a: Primarina
|-boost|p2a: Primarina|spa|1
|-boost|p2a: Primarina|spd|1
|
|-heal|p1a: Stallking|63/100|[from] item: Leftovers
|upkeep
|turn|46
|
|t:|1757823003
|move|p2a: Primarina|Substitute|p2a: Primarina
|-start|p2a: Primarina|Substitute
|-damage|p2a: Primarina|76/100
|move|p1a: Stallking|Haze|p1a: Stallking
|-clearallboost
|
|-heal|p2a: Primarina|82/100|[from] item: Leftovers
|-heal|p1a: Stallking|70/100|[from] item: Leftovers
|upkeep
|turn|47
|
|t:|1757823006
|move|p2a: Primarina|Calm Mind|p2a: Primarina
|-boost|p2a: Primarina|spa|1
|-boost|p2a: Primarina|spd|1
|move|p1a: Stallking|Recover|p1a: Stallking
|-heal|p1a: Stallking|100/100
|
|-heal|p2a: Primarina|88/100|[from] item: Leftovers
|upkeep
|turn|48
|
|t:|1757823009
|move|p2a: Primarina|Surf|p1a: Stallking
|-damage|p1a: Stallking|58/100
|move|p1a: Stallking|Haze|p1a: Stallking
|-clearallboost
|
|-heal|p2a: Primarina|94/100|[from] item: Leftovers
|-heal|p1a: Stallking|64/100|[from] item: Leftovers
|upkeep
|turn|49
|
|t:|1757823012
|move|p2a: Primarina|Calm Mind|p2a: Primarina
|-boost|p2a: Primarina|spa|1
|-boost|p2a: Primarina|spd|1
|move|p1a: Stallking|Toxic Spikes|p2a: Primarina
|-sidestart|p2: HGalliumh|move: Toxic Spikes
|
|-heal|p2a: Primarina|99/100|[from] item: Leftovers
|-heal|p1a: Stallking|70/100|[from] item: Leftovers
|upkeep
|turn|50
|
|t:|1757823014
|move|p2a: Primarina|Surf|p1a: Stallking
|-damage|p1a: Stallking|22/100
|move|p1a: Stallking|Haze|p1a: Stallking
|-clearallboost
|
|-heal|p2a: Primarina|100/100|[from] item: Leftovers
|-heal|p1a: Stallking|28/100|[from] item: Leftovers
|upkeep
|turn|51
|
|t:|1757823020
|switch|p1a: Stalingrad|Blissey, F|88/100
|-damage|p1a: Stalingrad|75/100|[from] Stealth Rock
|move|p2a: Primarina|Surf|p1a: Stalingrad
|-damage|p1a: Stalingrad|60/100
|
|upkeep
|turn|52
|
|t:|1757823028
|move|p1a: Stalingrad|Seismic Toss|p2a: Primarina
|-end|p2a: Primarina|Substitute
|move|p2a: Primarina|Calm Mind|p2a: Primarina
|-boost|p2a: Primarina|spa|1
|-boost|p2a: Primarina|spd|1
|
|upkeep
|turn|53
|
|t:|1757823034
|move|p1a: Stalingrad|Seismic Toss|p2a: Primarina
|-damage|p2a: Primarina|69/100
|move|p2a: Primarina|Calm Mind|p2a: Primarina
|-boost|p2a: Primarina|spa|1
|-boost|p2a: Primarina|spd|1
|
|-heal|p2a: Primarina|75/100|[from] item: Leftovers
|upkeep
|turn|54
|
|t:|1757823039
|move|p1a: Stalingrad|Seismic Toss|p2a: Primarina
|-damage|p2a: Primarina|44/100
|move|p2a: Primarina|Calm Mind|p2a: Primarina
|-boost|p2a: Primarina|spa|1
|-boost|p2a: Primarina|spd|1
|
|-heal|p2a: Primarina|50/100|[from] item: Leftovers
|upkeep
|turn|55
|
|t:|1757823043
|move|p1a: Stalingrad|Seismic Toss|p2a: Primarina
|-damage|p2a: Primarina|18/100
|move|p2a: Primarina|Draining Kiss|p1a: Stalingrad
|-damage|p1a: Stalingrad|39/100
|-heal|p2a: Primarina|51/100|[from] drain|[of] p1a: Stalingrad
|
|-heal|p2a: Primarina|57/100|[from] item: Leftovers
|upkeep
|turn|56
|
|t:|1757823048
|move|p1a: Stalingrad|Seismic Toss|p2a: Primarina
|-damage|p2a: Primarina|26/100
|move|p2a: Primarina|Draining Kiss|p1a: Stalingrad
|-damage|p1a: Stalingrad|17/100
|-heal|p2a: Primarina|60/100|[from] drain|[of] p1a: Stalingrad
|
|-heal|p2a: Primarina|66/100|[from] item: Leftovers
|upkeep
|turn|57
|
|t:|1757823053
|switch|p1a: Stallking|Toxapex, M, tera:Steel|61/100
|-damage|p1a: Stallking|55/100|[from] Stealth Rock
|move|p2a: Primarina|Draining Kiss|p1a: Stallking
|-resisted|p1a: Stallking
|-damage|p1a: Stallking|34/100
|-heal|p2a: Primarina|80/100|[from] drain|[of] p1a: Stallking
|
|-heal|p2a: Primarina|86/100|[from] item: Leftovers
|-heal|p1a: Stallking|41/100|[from] item: Leftovers
|upkeep
|turn|58
|
|t:|1757823061
|move|p2a: Primarina|Surf|p1a: Stallking
|-damage|p1a: Stallking|0 fnt
|faint|p1a: Stallking
|
|-heal|p2a: Primarina|92/100|[from] item: Leftovers
|upkeep
|
|t:|1757823064
|switch|p1a: Staletto|Weezing-Galar, F|100/100
|-ability|p1a: Staletto|Neutralizing Gas
|turn|59
|
|t:|1757823067
|move|p2a: Primarina|Surf|p1a: Staletto
|-damage|p1a: Staletto|0 fnt
|faint|p1a: Staletto
|-end|p1a: Staletto|ability: Neutralizing Gas
|
|-heal|p2a: Primarina|98/100|[from] item: Leftovers
|upkeep
|
|t:|1757823070
|switch|p1a: Stalingrad|Blissey, F|17/100
|-damage|p1a: Stalingrad|5/100|[from] Stealth Rock
|turn|60
|
|t:|1757823073
|move|p1a: Stalingrad|Soft-Boiled|p1a: Stalingrad
|-heal|p1a: Stalingrad|55/100
|move|p2a: Primarina|Surf|p1a: Stalingrad
|-damage|p1a: Stalingrad|21/100
|
|-heal|p2a: Primarina|100/100|[from] item: Leftovers
|upkeep
|turn|61
|
|t:|1757823081
|move|p1a: Stalingrad|Soft-Boiled|p1a: Stalingrad
|-heal|p1a: Stalingrad|71/100
|move|p2a: Primarina|Surf|p1a: Stalingrad
|-damage|p1a: Stalingrad|35/100
|
|upkeep
|turn|62
|
|t:|1757823088
|move|p1a: Stalingrad|Soft-Boiled|p1a: Stalingrad
|-heal|p1a: Stalingrad|85/100
|move|p2a: Primarina|Calm Mind|p2a: Primarina
|-boost|p2a: Primarina|spa|1
|-boost|p2a: Primarina|spd|1
|
|upkeep
|turn|63
|
|t:|1757823093
|switch|p1a: Stalin|Dondozo, F|75/100
|-damage|p1a: Stalin|63/100|[from] Stealth Rock
|move|p2a: Primarina|Calm Mind|p2a: Primarina
|-boost|p2a: Primarina|spa|1
|-boost|p2a: Primarina|spd|1
|
|-heal|p1a: Stalin|69/100|[from] item: Leftovers
|upkeep
|turn|64
|
|t:|1757823099
|move|p2a: Primarina|Substitute|p2a: Primarina
|-start|p2a: Primarina|Substitute
|-damage|p2a: Primarina|76/100
|move|p1a: Stalin|Body Press|p2a: Primarina
|-resisted|p2a: Primarina
|-activate|p2a: Primarina|move: Substitute|[damage]
|
|-heal|p2a: Primarina|82/100|[from] item: Leftovers
|-heal|p1a: Stalin|75/100|[from] item: Leftovers
|upkeep
|turn|65
|
|t:|1757823101
|move|p2a: Primarina|Draining Kiss|p1a: Stalin
|-crit|p1a: Stalin
|-damage|p1a: Stalin|40/100
|-heal|p2a: Primarina|100/100|[from] drain|[of] p1a: Stalin
|move|p1a: Stalin|Avalanche|p2a: Primarina
|-resisted|p2a: Primarina
|-end|p2a: Primarina|Substitute
|
|-heal|p1a: Stalin|46/100|[from] item: Leftovers
|upkeep
|turn|66
|
|t:|1757823104
|move|p2a: Primarina|Draining Kiss|p1a: Stalin
|-damage|p1a: Stalin|22/100
|move|p1a: Stalin|Avalanche|p2a: Primarina
|-resisted|p2a: Primarina
|-damage|p2a: Primarina|82/100
|
|-heal|p2a: Primarina|88/100|[from] item: Leftovers
|-heal|p1a: Stalin|28/100|[from] item: Leftovers
|upkeep
|turn|67
|
|t:|1757823107
|move|p2a: Primarina|Draining Kiss|p1a: Stalin
|-damage|p1a: Stalin|2/100
|-heal|p2a: Primarina|100/100|[from] drain|[of] p1a: Stalin
|move|p1a: Stalin|Rest|p1a: Stalin
|-status|p1a: Stalin|slp|[from] move: Rest
|-heal|p1a: Stalin|100/100 slp|[silent]
|
|upkeep
|turn|68
|
|t:|1757823115
|switch|p2a: Great Tusk|Great Tusk|80/100
|cant|p1a: Stalin|slp
|move|p1a: Stalin|Sleep Talk|p1a: Stalin
|move|p1a: Stalin|Body Press|p2a: Great Tusk|[from] move: Sleep Talk
|-damage|p2a: Great Tusk|60/100
|
|upkeep
|turn|69
|
|t:|1757823123
|move|p2a: Great Tusk|Rapid Spin|p1a: Stalin
|-damage|p1a: Stalin|92/100 slp
|-boost|p2a: Great Tusk|spe|1
|-sideend|p2: HGalliumh|Toxic Spikes|[from] move: Rapid Spin|[of] p2a: Great Tusk
|-sideend|p2: HGalliumh|Stealth Rock|[from] move: Rapid Spin|[of] p2a: Great Tusk
|cant|p1a: Stalin|slp
|move|p1a: Stalin|Sleep Talk|p1a: Stalin
|move|p1a: Stalin|Body Press|p2a: Great Tusk|[from] move: Sleep Talk
|-damage|p2a: Great Tusk|39/100
|
|-heal|p1a: Stalin|98/100 slp|[from] item: Leftovers
|upkeep
|turn|70
|
|t:|1757823133
|-end|p2a: Great Tusk|Protosynthesis|[silent]
|switch|p2a: Primarina|Primarina, F|100/100
|-curestatus|p1a: Stalin|slp|[msg]
|move|p1a: Stalin|Avalanche|p2a: Primarina
|-resisted|p2a: Primarina
|-damage|p2a: Primarina|92/100
|
|-heal|p2a: Primarina|98/100|[from] item: Leftovers
|-heal|p1a: Stalin|100/100|[from] item: Leftovers
|upkeep
|turn|71
|
|t:|1757823136
|switch|p2a: Alomomola|Alomomola, F|100/100
|switch|p1a: Stalingrad|Blissey, F|85/100
|-damage|p1a: Stalingrad|72/100|[from] Stealth Rock
|
|upkeep
|turn|72
|
|t:|1757823140
|move|p1a: Stalingrad|Stealth Rock|p2a: Alomomola
|-sidestart|p2: HGalliumh|move: Stealth Rock
|move|p2a: Alomomola|Flip Turn|p1a: Stalingrad
|-damage|p1a: Stalingrad|55/100
|
|t:|1757823147
|switch|p2a: Great Tusk|Great Tusk|39/100|[from] Flip Turn
|
|upkeep
|turn|73
|
|t:|1757823150
|switch|p1a: Stallmate|Gliscor, M|100/100 tox
|-damage|p1a: Stallmate|88/100 tox|[from] Stealth Rock
|move|p2a: Great Tusk|Rapid Spin|p1a: Stallmate
|-damage|p1a: Stallmate|74/100 tox
|-boost|p2a: Great Tusk|spe|1
|-sideend|p2: HGalliumh|Stealth Rock|[from] move: Rapid Spin|[of] p2a: Great Tusk
|
|-heal|p1a: Stallmate|87/100 tox|[from] ability: Poison Heal
|upkeep
|turn|74
|
|t:|1757823157
|-end|p2a: Great Tusk|Protosynthesis|[silent]
|switch|p2a: Moltres|Moltres|100/100
|move|p1a: Stallmate|Knock Off|p2a: Moltres
|-damage|p2a: Moltres|79/100
|-enditem|p2a: Moltres|Heavy-Duty Boots|[from] move: Knock Off|[of] p1a: Stallmate
|
|-heal|p1a: Stallmate|99/100 tox|[from] ability: Poison Heal
|upkeep
|turn|75
|
|t:|1757823160
|move|p2a: Moltres|Hurricane|p1a: Stallmate
|-damage|p1a: Stallmate|50/100 tox
|move|p1a: Stallmate|Spikes|p2a: Moltres
|-sidestart|p2: HGalliumh|Spikes
|
|-heal|p1a: Stallmate|63/100 tox|[from] ability: Poison Heal
|upkeep
|turn|76
|
|t:|1757823167
|move|p2a: Moltres|U-turn|p1a: Stallmate
|-resisted|p1a: Stallmate
|-damage|p1a: Stallmate|58/100 tox
|
|t:|1757823171
|switch|p2a: Gholdengo|Gholdengo|100/100|[from] U-turn
|-damage|p2a: Gholdengo|88/100|[from] Spikes
|move|p1a: Stallmate|Spikes|p2a: Gholdengo
|-sidestart|p2: HGalliumh|Spikes
|
|-heal|p2a: Gholdengo|94/100|[from] item: Leftovers
|-heal|p1a: Stallmate|70/100 tox|[from] ability: Poison Heal
|upkeep
|turn|77
|
|t:|1757823174
|move|p1a: Stallmate|Protect|p1a: Stallmate
|-singleturn|p1a: Stallmate|Protect
|move|p2a: Gholdengo|Shadow Ball|p1a: Stallmate
|-activate|p1a: Stallmate|move: Protect
|
|-heal|p2a: Gholdengo|99/100|[from] item: Leftovers
|-heal|p1a: Stallmate|83/100 tox|[from] ability: Poison Heal
|upkeep
|turn|78
|
|t:|1757823181
|switch|p2a: Great Tusk|Great Tusk|39/100
|move|p1a: Stallmate|Earthquake|p2a: Great Tusk
|-damage|p2a: Great Tusk|18/100
|
|-heal|p1a: Stallmate|95/100 tox|[from] ability: Poison Heal
|upkeep
|turn|79
|
|t:|1757823186
|-end|p2a: Great Tusk|Protosynthesis|[silent]
|switch|p2a: Alomomola|Alomomola, F|100/100
|-damage|p2a: Alomomola|84/100|[from] Spikes
|move|p1a: Stallmate|Protect||[still]
|-fail|p1a: Stallmate
|
|-heal|p1a: Stallmate|100/100 tox|[from] ability: Poison Heal
|upkeep
|turn|80
|
|t:|1757823189
|move|p1a: Stallmate|Protect|p1a: Stallmate
|-singleturn|p1a: Stallmate|Protect
|move|p2a: Alomomola|Flip Turn|p1a: Stallmate
|-activate|p1a: Stallmate|move: Protect
|
|upkeep
|turn|81
|
|t:|1757823193
|move|p1a: Stallmate|Knock Off|p2a: Alomomola
|-damage|p2a: Alomomola|70/100
|-enditem|p2a: Alomomola|Assault Vest|[from] move: Knock Off|[of] p1a: Stallmate
|move|p2a: Alomomola|Flip Turn|p1a: Stallmate
|-supereffective|p1a: Stallmate
|-damage|p1a: Stallmate|73/100 tox
|
|t:|1757823196
|switch|p2a: Primarina|Primarina, F|98/100|[from] Flip Turn
|-damage|p2a: Primarina|81/100|[from] Spikes
|
|-heal|p2a: Primarina|87/100|[from] item: Leftovers
|-heal|p1a: Stallmate|86/100 tox|[from] ability: Poison Heal
|upkeep
|turn|82
|
|t:|1757823199
|move|p1a: Stallmate|Knock Off|p2a: Primarina
|-resisted|p2a: Primarina
|-damage|p2a: Primarina|73/100
|-enditem|p2a: Primarina|Leftovers|[from] move: Knock Off|[of] p1a: Stallmate
|move|p2a: Primarina|Substitute|p2a: Primarina
|-start|p2a: Primarina|Substitute
|-damage|p2a: Primarina|48/100
|
|-heal|p1a: Stallmate|98/100 tox|[from] ability: Poison Heal
|upkeep
|turn|83
|
|t:|1757823205
|switch|p1a: Stalingrad|Blissey, F|55/100
|-damage|p1a: Stalingrad|43/100|[from] Stealth Rock
|move|p2a: Primarina|Calm Mind|p2a: Primarina
|-boost|p2a: Primarina|spa|1
|-boost|p2a: Primarina|spd|1
|
|upkeep
|turn|84
|
|t:|1757823214
|move|p1a: Stalingrad|Calm Mind|p1a: Stalingrad
|-boost|p1a: Stalingrad|spa|1
|-boost|p1a: Stalingrad|spd|1
|move|p2a: Primarina|Calm Mind|p2a: Primarina
|-boost|p2a: Primarina|spa|1
|-boost|p2a: Primarina|spd|1
|
|upkeep
|turn|85
|
|t:|1757823219
|move|p1a: Stalingrad|Calm Mind|p1a: Stalingrad
|-boost|p1a: Stalingrad|spa|1
|-boost|p1a: Stalingrad|spd|1
|move|p2a: Primarina|Calm Mind|p2a: Primarina
|-boost|p2a: Primarina|spa|1
|-boost|p2a: Primarina|spd|1
|
|upkeep
|turn|86
|
|t:|1757823223
|move|p1a: Stalingrad|Calm Mind|p1a: Stalingrad
|-boost|p1a: Stalingrad|spa|1
|-boost|p1a: Stalingrad|spd|1
|move|p2a: Primarina|Draining Kiss|p1a: Stalingrad
|-damage|p1a: Stalingrad|35/100
|-heal|p2a: Primarina|60/100|[from] drain|[of] p1a: Stalingrad
|
|upkeep
|turn|87
|
|t:|1757823228
|move|p1a: Stalingrad|Calm Mind|p1a: Stalingrad
|-boost|p1a: Stalingrad|spa|1
|-boost|p1a: Stalingrad|spd|1
|move|p2a: Primarina|Draining Kiss|p1a: Stalingrad
|-damage|p1a: Stalingrad|28/100
|-heal|p2a: Primarina|71/100|[from] drain|[of] p1a: Stalingrad
|
|upkeep
|turn|88
|
|t:|1757823233
|move|p1a: Stalingrad|Calm Mind|p1a: Stalingrad
|-boost|p1a: Stalingrad|spa|1
|-boost|p1a: Stalingrad|spd|1
|move|p2a: Primarina|Calm Mind|p2a: Primarina
|-boost|p2a: Primarina|spa|1
|-boost|p2a: Primarina|spd|1
|
|upkeep
|turn|89
|
|t:|1757823238
|move|p1a: Stalingrad|Calm Mind|p1a: Stalingrad
|-boost|p1a: Stalingrad|spa|1
|-boost|p1a: Stalingrad|spd|1
|move|p2a: Primarina|Draining Kiss|p1a: Stalingrad
|-damage|p1a: Stalingrad|22/100
|-heal|p2a: Primarina|80/100|[from] drain|[of] p1a: Stalingrad
|
|upkeep
|turn|90
|
|t:|1757823243
|move|p1a: Stalingrad|Calm Mind|p1a: Stalingrad
|-boost|p1a: Stalingrad|spa|0
|-boost|p1a: Stalingrad|spd|0
|move|p2a: Primarina|Calm Mind|p2a: Primarina
|-boost|p2a: Primarina|spa|1
|-boost|p2a: Primarina|spd|1
|
|upkeep
|turn|91
|
|t:|1757823248
|move|p1a: Stalingrad|Calm Mind|p1a: Stalingrad
|-boost|p1a: Stalingrad|spa|0
|-boost|p1a: Stalingrad|spd|0
|move|p2a: Primarina|Surf|p1a: Stalingrad
|-damage|p1a: Stalingrad|10/100
|
|upkeep
|turn|92
|
|t:|1757823253
|move|p1a: Stalingrad|Calm Mind|p1a: Stalingrad
|-boost|p1a: Stalingrad|spa|0
|-boost|p1a: Stalingrad|spd|0
|move|p2a: Primarina|Surf|p1a: Stalingrad
|-damage|p1a: Stalingrad|0 fnt
|faint|p1a: Stalingrad
|
|upkeep
|
|t:|1757823258
|switch|p1a: Stallmate|Gliscor, M|98/100 tox
|-damage|p1a: Stallmate|86/100 tox|[from] Stealth Rock
|turn|93
|
|t:|1757823261
|move|p1a: Stallmate|Protect|p1a: Stallmate
|-singleturn|p1a: Stallmate|Protect
|move|p2a: Primarina|Surf|p1a: Stallmate
|-activate|p1a: Stallmate|move: Protect
|
|-heal|p1a: Stallmate|98/100 tox|[from] ability: Poison Heal
|upkeep
|turn|94
|-message|GarbagioFilth forfeited.
|
|win|HGalliumh
|raw|GarbagioFilth's rating: 1497 &rarr; <strong>1474</strong><br />(-23 for losing)
|raw|HGalliumh's rating: 1449 &rarr; <strong>1472</strong><br />(+23 for winning)
|l|☆GarbagioFilth
|player|p1|
|l|☆HGalliumh
|player|p2|
