|j|☆Laughable
|j|☆Skylines spinning
|t:|1757853445
|gametype|singles
|player|p1|Laughable|tuber|1447
|player|p2|Skylines spinning|erika-gen2|1473
|gen|9
|tier|[Gen 9] OU
|rated|
|rule|HP Percentage Mod: HP is shown in percentages
|rule|Endless Battle Clause: Forcing endless battles is banned
|rule|Species Clause: Limit one of each Pokémon
|rule|OHKO Clause: OHKO moves are banned
|rule|Evasion Items Clause: Evasion items are banned
|rule|Evasion Moves Clause: Evasion moves are banned
|rule|Evasion Abilities Clause: Evasion abilities are banned
|rule|Sleep Moves Clause: Sleep-inducing moves are banned
|clearpoke
|poke|p1|Dragapult, M|
|poke|p1|Gliscor, M|
|poke|p1|Milotic, F|
|poke|p1|Skeledirge, F|
|poke|p1|Weezing-Galar, M|
|poke|p1|Mandibuzz, F|
|poke|p2|Iron Treads|
|poke|p2|Ogerpon-Wellspring, F|
|poke|p2|Kingambit, F|
|poke|p2|Cinderace, F|
|poke|p2|Iron Valiant|
|poke|p2|Yanmega, F|
|teampreview
|inactive|Battle timer is ON: inactive players will automatically lose when time's up. (requested by Skylines spinning)
|
|t:|1757853464
|teamsize|p1|6
|teamsize|p2|6
|start
|switch|p1a: Milotic|Milotic, F, shiny|100/100
|switch|p2a: Kingambit|Kingambit, F|100/100
|turn|1
|
|t:|1757853469
|switch|p1a: Mandibuzz|Mandibuzz, F|100/100
|move|p2a: Kingambit|Swords Dance|p2a: Kingambit
|-boost|p2a: Kingambit|atk|2
|
|upkeep
|turn|2
|
|t:|1757853474
|move|p1a: Mandibuzz|Iron Defense|p1a: Mandibuzz
|-boost|p1a: Mandibuzz|def|2
|move|p2a: Kingambit|Iron Head|p1a: Mandibuzz
|-damage|p1a: Mandibuzz|75/100
|
|upkeep
|turn|3
|
|t:|1757853478
|-end|p2a: Kingambit|fallenundefined|[silent]
|switch|p2a: Yanmega|Yanmega, F, shiny|100/100
|move|p1a: Mandibuzz|Knock Off|p2a: Yanmega
|-damage|p2a: Yanmega|69/100
|-enditem|p2a: Yanmega|Choice Specs|[from] move: Knock Off|[of] p1a: Mandibuzz
|
|upkeep
|turn|4
|
|t:|1757853485
|switch|p1a: Milotic|Milotic, F, shiny|100/100
|move|p2a: Yanmega|Bug Buzz|p1a: Milotic
|-damage|p1a: Milotic|77/100
|
|upkeep
|turn|5
|
|t:|1757853488
|switch|p1a: Weezing|Weezing-Galar, M|100/100
|-ability|p1a: Weezing|Neutralizing Gas
|move|p2a: Yanmega|U-turn|p1a: Weezing
|-resisted|p1a: Weezing
|-damage|p1a: Weezing|97/100
|
|t:|1757853499
|switch|p2a: Iron Valiant|Iron Valiant|100/100|[from] U-turn
|
|-heal|p1a: Weezing|100/100|[from] item: Leftovers
|upkeep
|turn|6
|
|t:|1757853507
|move|p2a: Iron Valiant|Knock Off|p1a: Weezing
|-resisted|p1a: Weezing
|-damage|p1a: Weezing|92/100
|-enditem|p1a: Weezing|Leftovers|[from] move: Knock Off|[of] p2a: Iron Valiant
|move|p1a: Weezing|Sludge Bomb|p2a: Iron Valiant
|-supereffective|p2a: Iron Valiant
|-damage|p2a: Iron Valiant|0 fnt
|faint|p2a: Iron Valiant
|-end|p2a: Iron Valiant|Quark Drive|[silent]
|
|upkeep
|
|t:|1757853512
|switch|p2a: Yanmega|Yanmega, F, shiny|69/100
|turn|7
|
|t:|1757853516
|-end|p1a: Weezing|ability: Neutralizing Gas
|switch|p1a: Milotic|Milotic, F, shiny|77/100
|move|p2a: Yanmega|Psychic|p1a: Milotic
|-damage|p1a: Milotic|59/100
|
|upkeep
|turn|8
|
|t:|1757853521
|move|p2a: Yanmega|Bug Buzz|p1a: Milotic
|-damage|p1a: Milotic|35/100
|move|p1a: Milotic|Recover|p1a: Milotic
|-heal|p1a: Milotic|85/100
|
|upkeep
|turn|9
|
|t:|1757853524
|move|p2a: Yanmega|U-turn|p1a: Milotic
|-damage|p1a: Milotic|68/100
|
|t:|1757853526
|switch|p2a: Ogerpon|Ogerpon-Wellspring, F|100/100|[from] U-turn
|move|p1a: Milotic|Scald|p2a: Ogerpon
|-immune|p2a: Ogerpon|[from] ability: Water Absorb
|
|upkeep
|turn|10
|
|t:|1757853535
|switch|p1a: Weezing|Weezing-Galar, M|92/100
|-ability|p1a: Weezing|Neutralizing Gas
|move|p2a: Ogerpon|Swords Dance|p2a: Ogerpon
|-boost|p2a: Ogerpon|atk|2
|
|upkeep
|turn|11
|
|t:|1757853545
|move|p2a: Ogerpon|Ivy Cudgel|p1a: Weezing|[anim] Ivy Cudgel Water
|-damage|p1a: Weezing|13/100
|move|p1a: Weezing|Will-O-Wisp|p2a: Ogerpon
|-status|p2a: Ogerpon|brn
|
|-damage|p2a: Ogerpon|95/100 brn|[from] brn
|upkeep
|turn|12
|
|t:|1757853556
|-end|p1a: Weezing|ability: Neutralizing Gas
|switch|p1a: Dragapult|Dragapult, M|100/100
|move|p2a: Ogerpon|Ivy Cudgel|p1a: Dragapult|[anim] Ivy Cudgel Water
|-resisted|p1a: Dragapult
|-damage|p1a: Dragapult|61/100
|
|-damage|p2a: Ogerpon|89/100 brn|[from] brn
|upkeep
|turn|13
|
|t:|1757853560
|move|p1a: Dragapult|Draco Meteor|p2a: Ogerpon
|-damage|p2a: Ogerpon|0 fnt
|-unboost|p1a: Dragapult|spa|2
|faint|p2a: Ogerpon
|
|upkeep
|
|t:|1757853566
|switch|p2a: Kingambit|Kingambit, F|100/100
|-activate|p2a: Kingambit|ability: Supreme Overlord
|-start|p2a: Kingambit|fallen2|[silent]
|turn|14
|
|t:|1757853573
|switch|p1a: Mandibuzz|Mandibuzz, F|75/100
|move|p2a: Kingambit|Kowtow Cleave|p1a: Mandibuzz
|-resisted|p1a: Mandibuzz
|-damage|p1a: Mandibuzz|56/100
|
|upkeep
|turn|15
|
|t:|1757853581
|-end|p2a: Kingambit|fallen2|[silent]
|switch|p2a: Yanmega|Yanmega, F, shiny|69/100
|move|p1a: Mandibuzz|Roost|p1a: Mandibuzz
|-heal|p1a: Mandibuzz|100/100
|-singleturn|p1a: Mandibuzz|move: Roost
|
|upkeep
|turn|16
|
|t:|1757853585
|switch|p1a: Milotic|Milotic, F, shiny|68/100
|move|p2a: Yanmega|Bug Buzz|p1a: Milotic
|-damage|p1a: Milotic|45/100
|
|upkeep
|turn|17
|
|t:|1757853588
|move|p2a: Yanmega|Air Slash|p1a: Milotic|[miss]
|-miss|p2a: Yanmega|p1a: Milotic
|move|p1a: Milotic|Recover|p1a: Milotic
|-heal|p1a: Milotic|95/100
|
|upkeep
|turn|18
|
|t:|1757853595
|move|p2a: Yanmega|U-turn|p1a: Milotic
|-crit|p1a: Milotic
|-damage|p1a: Milotic|65/100
|
|t:|1757853597
|switch|p2a: Cinderace|Cinderace, F, shiny|100/100|[from] U-turn
|move|p1a: Milotic|Scald|p2a: Cinderace
|-supereffective|p2a: Cinderace
|-crit|p2a: Cinderace
|-damage|p2a: Cinderace|0 fnt
|faint|p2a: Cinderace
|
|upkeep
|
|t:|1757853600
|switch|p2a: Kingambit|Kingambit, F|100/100
|-activate|p2a: Kingambit|ability: Supreme Overlord
|-start|p2a: Kingambit|fallen3|[silent]
|turn|19
|
|t:|1757853605
|switch|p1a: Mandibuzz|Mandibuzz, F|100/100
|move|p2a: Kingambit|Kowtow Cleave|p1a: Mandibuzz
|-resisted|p1a: Mandibuzz
|-damage|p1a: Mandibuzz|78/100
|
|upkeep
|turn|20
|-message|Skylines spinning forfeited.
|
|win|Laughable
|raw|Laughable's rating: 1447 &rarr; <strong>1468</strong><br />(+21 for winning)
|raw|Skylines spinning's rating: 1473 &rarr; <strong>1452</strong><br />(-21 for losing)
|l|☆Skylines spinning
|player|p2|
|l|☆Laughable
|player|p1|
