|badge|p1|bronze|gen9randombattle|100-6
|uhtml|medal-msg|<div class="broadcast-blue">Curious what those medals under the avatar are? PS now has Ladder Seasons! For more information, check out the <a href="https://www.smogon.com/forums/threads/3740067/">thread on Smogon.</a></div>
|j|☆larp legion
|j|☆e3720
|t:|1757810232
|gametype|singles
|player|p1|larp legion|clown|1578
|player|p2|e3720|101|1574
|gen|9
|tier|[Gen 9] OU
|rated|
|rule|HP Percentage Mod: HP is shown in percentages
|rule|Endless Battle Clause: Forcing endless battles is banned
|rule|Species Clause: Limit one of each Pokémon
|rule|OHKO Clause: OHKO moves are banned
|rule|Evasion Items Clause: Evasion items are banned
|rule|Evasion Moves Clause: Evasion moves are banned
|rule|Evasion Abilities Clause: Evasion abilities are banned
|rule|Sleep Moves Clause: Sleep-inducing moves are banned
|clearpoke
|poke|p1|Walking Wake|
|poke|p1|Sinistcha|
|poke|p1|Volcanion|
|poke|p1|Slowbro, F|
|poke|p1|Coalossal, M|
|poke|p1|Emboar, M|
|poke|p2|Pincurchin, F|
|poke|p2|Iron Valiant|
|poke|p2|Iron Treads|
|poke|p2|Iron Moth|
|poke|p2|Hawlucha, M|
|poke|p2|Dragonite, M|
|teampreview
|inactive|Battle timer is ON: inactive players will automatically lose when time's up. (requested by larp legion)
|j| antlre
|c|☆e3720|Cool team
|c|☆larp legion|ty u2
|inactive|e3720 has 120 seconds left.
|l| antlre
|inactive|e3720 has 90 seconds left.
|
|t:|1757810300
|teamsize|p1|6
|teamsize|p2|6
|start
|switch|p1a: Volcanion|Volcanion|100/100
|switch|p2a: Iron Valiant|Iron Valiant|100/100
|turn|1
|inactive|e3720 has 120 seconds left.
|inactive|larp legion has 120 seconds left.
|
|t:|1757810342
|move|p2a: Iron Valiant|Shadow Ball|p1a: Volcanion
|-damage|p1a: Volcanion|82/100
|-unboost|p1a: Volcanion|spd|1
|move|p1a: Volcanion|Steam Eruption|p2a: Iron Valiant|[miss]
|-miss|p1a: Volcanion|p2a: Iron Valiant
|
|upkeep
|turn|2
|
|t:|1757810355
|-end|p2a: Iron Valiant|Quark Drive|[silent]
|switch|p2a: Pincurchin|Pincurchin, F|100/100
|-fieldstart|move: Electric Terrain|[from] ability: Electric Surge|[of] p2a: Pincurchin
|move|p1a: Volcanion|Steam Eruption|p2a: Pincurchin
|-damage|p2a: Pincurchin|24/100
|
|upkeep
|turn|3
|inactive|e3720 has 90 seconds left.
|inactive|e3720 has 60 seconds left.
|
|t:|1757810418
|move|p1a: Volcanion|Steam Eruption|p2a: Pincurchin
|-damage|p2a: Pincurchin|0 fnt
|faint|p2a: Pincurchin
|
|upkeep
|inactive|e3720 has 60 seconds left.
|
|t:|1757810434
|switch|p2a: Iron Moth|Iron Moth|100/100
|-activate|p2a: Iron Moth|ability: Quark Drive
|-start|p2a: Iron Moth|quarkdrivespa
|turn|4
|
|t:|1757810448
|switch|p1a: Coalossal|Coalossal, M|100/100
|move|p2a: Iron Moth|Sludge Wave|p1a: Coalossal
|-resisted|p1a: Coalossal
|-damage|p1a: Coalossal|54/100
|
|upkeep
|turn|5
|
|t:|1757810455
|move|p2a: Iron Moth|Sludge Wave|p1a: Coalossal
|-resisted|p1a: Coalossal
|-damage|p1a: Coalossal|13/100
|move|p1a: Coalossal|Stealth Rock|p2a: Iron Moth
|-sidestart|p2: e3720|move: Stealth Rock
|
|upkeep
|turn|6
|
|t:|1757810465
|move|p2a: Iron Moth|Sludge Wave|p1a: Coalossal
|-resisted|p1a: Coalossal
|-damage|p1a: Coalossal|0 fnt
|faint|p1a: Coalossal
|
|upkeep
|
|t:|1757810492
|switch|p1a: Emboar|Emboar, M|100/100
|turn|7
|
|t:|1757810501
|move|p2a: Iron Moth|Sludge Wave|p1a: Emboar
|-damage|p1a: Emboar|40/100
|move|p1a: Emboar|Earthquake|p2a: Iron Moth
|-supereffective|p2a: Iron Moth
|-damage|p2a: Iron Moth|0 fnt
|faint|p2a: Iron Moth
|-end|p2a: Iron Moth|Quark Drive|[silent]
|
|upkeep
|c|☆larp legion|this bein the switchin is crazy work
|
|t:|1757810518
|switch|p2a: Iron Treads|Iron Treads|100/100
|-damage|p2a: Iron Treads|97/100|[from] Stealth Rock
|-activate|p2a: Iron Treads|ability: Quark Drive
|-start|p2a: Iron Treads|quarkdrivespe
|turn|8
|
|t:|1757810543
|switch|p1a: Slowbro|Slowbro, F|100/100
|move|p2a: Iron Treads|Earthquake|p1a: Slowbro
|-damage|p1a: Slowbro|72/100
|
|upkeep
|turn|9
|inactive|e3720 has 90 seconds left.
|
|t:|1757810553
|move|p2a: Iron Treads|Stealth Rock|p1a: Slowbro
|-sidestart|p1: larp legion|move: Stealth Rock
|move|p1a: Slowbro|Scald|p2a: Iron Treads
|-supereffective|p2a: Iron Treads
|-damage|p2a: Iron Treads|16/100
|
|-fieldend|move: Electric Terrain
|-end|p2a: Iron Treads|Quark Drive
|upkeep
|turn|10
|
|t:|1757810556
|move|p2a: Iron Treads|Rapid Spin|p1a: Slowbro
|-damage|p1a: Slowbro|61/100
|-boost|p2a: Iron Treads|spe|1
|-damage|p2a: Iron Treads|0 fnt|[from] item: Rocky Helmet|[of] p1a: Slowbro
|faint|p2a: Iron Treads
|-end|p2a: Iron Treads|Quark Drive|[silent]
|move|p1a: Slowbro|Slack Off|p1a: Slowbro
|-heal|p1a: Slowbro|100/100
|
|upkeep
|inactive|e3720 has 90 seconds left.
|
|t:|1757810579
|switch|p2a: Iron Valiant|Iron Valiant|100/100
|-damage|p2a: Iron Valiant|94/100|[from] Stealth Rock
|turn|11
|
|t:|1757810590
|switch|p1a: Emboar|Emboar, M|40/100
|-damage|p1a: Emboar|27/100|[from] Stealth Rock
|move|p2a: Iron Valiant|Encore||[still]
|-fail|p2a: Iron Valiant
|
|upkeep
|turn|12
|inactive|e3720 has 90 seconds left.
|inactive|e3720 has 60 seconds left.
|
|t:|1757810640
|move|p2a: Iron Valiant|Moonblast|p1a: Emboar
|-damage|p1a: Emboar|0 fnt
|faint|p1a: Emboar
|
|upkeep
|
|t:|1757810644
|switch|p1a: Volcanion|Volcanion|82/100
|-damage|p1a: Volcanion|57/100|[from] Stealth Rock
|turn|13
|inactive|e3720 has 60 seconds left.
|
|t:|1757810650
|-end|p2a: Iron Valiant|Quark Drive|[silent]
|switch|p2a: Hawlucha|Hawlucha, M|100/100
|-damage|p2a: Hawlucha|88/100|[from] Stealth Rock
|move|p1a: Volcanion|Sludge Bomb|p2a: Hawlucha
|-damage|p2a: Hawlucha|41/100
|-status|p2a: Hawlucha|psn
|
|-damage|p2a: Hawlucha|29/100 psn|[from] psn
|upkeep
|turn|14
|
|t:|1757810665
|switch|p1a: Slowbro|Slowbro, F|100/100
|-damage|p1a: Slowbro|88/100|[from] Stealth Rock
|move|p2a: Hawlucha|Close Combat|p1a: Slowbro
|-resisted|p1a: Slowbro
|-damage|p1a: Slowbro|72/100
|-unboost|p2a: Hawlucha|def|1
|-unboost|p2a: Hawlucha|spd|1
|-damage|p2a: Hawlucha|12/100 psn|[from] item: Rocky Helmet|[of] p1a: Slowbro
|
|-damage|p2a: Hawlucha|0 fnt|[from] psn
|faint|p2a: Hawlucha
|upkeep
|inactive|e3720 has 60 seconds left.
|
|t:|1757810675
|switch|p2a: Iron Valiant|Iron Valiant|94/100
|-damage|p2a: Iron Valiant|88/100|[from] Stealth Rock
|turn|15
|inactive|e3720 has 60 seconds left.
|j| FIRE LORD AESON
|inactive|e3720 has 30 seconds left.
|inactive|e3720 has 20 seconds left.
|inactive|e3720 has 15 seconds left.
|
|t:|1757810732
|switch|p1a: Sinistcha|Sinistcha|100/100
|-damage|p1a: Sinistcha|88/100|[from] Stealth Rock
|-terastallize|p2a: Iron Valiant|Ghost
|move|p2a: Iron Valiant|Shadow Ball|p1a: Sinistcha
|-supereffective|p1a: Sinistcha
|-damage|p1a: Sinistcha|0 fnt
|faint|p1a: Sinistcha
|
|upkeep
|
|t:|1757810748
|switch|p1a: Volcanion|Volcanion|57/100
|-damage|p1a: Volcanion|32/100|[from] Stealth Rock
|turn|16
|inactive|e3720 has 30 seconds left this turn.
|
|t:|1757810758
|move|p2a: Iron Valiant|Shadow Ball|p1a: Volcanion
|-damage|p1a: Volcanion|4/100
|move|p1a: Volcanion|Steam Eruption|p2a: Iron Valiant
|-damage|p2a: Iron Valiant|0 fnt
|faint|p2a: Iron Valiant
|-end|p2a: Iron Valiant|Quark Drive|[silent]
|
|upkeep
|inactive|e3720 has 30 seconds left this turn.
|
|t:|1757810766
|switch|p2a: Dragonite|Dragonite, M|100/100
|-damage|p2a: Dragonite|76/100|[from] Stealth Rock
|turn|17
|inactive|e3720 has 30 seconds left.
|
|t:|1757810774
|switch|p1a: Walking Wake|Walking Wake|100/100
|-damage|p1a: Walking Wake|88/100|[from] Stealth Rock
|move|p2a: Dragonite|Dragon Dance|p2a: Dragonite
|-boost|p2a: Dragonite|atk|1
|-boost|p2a: Dragonite|spe|1
|
|-heal|p2a: Dragonite|82/100|[from] item: Leftovers
|upkeep
|turn|18
|
|t:|1757810778
|move|p1a: Walking Wake|Draco Meteor|p2a: Dragonite
|-supereffective|p2a: Dragonite
|-damage|p2a: Dragonite|0 fnt
|-unboost|p1a: Walking Wake|spa|2
|faint|p2a: Dragonite
|
|win|larp legion
|raw|larp legion's rating: 1597 &rarr; <strong>1616</strong><br />(+19 for winning)
|raw|e3720's rating: 1574 &rarr; <strong>1555</strong><br />(-19 for losing)
|c|☆larp legion|gg
|c|☆e3720|Gg
|l|☆e3720
|player|p2|
|l|☆larp legion
|player|p1|
