|j|☆BeachLeak
|j|☆Apoiguespm
|t:|1757788572
|gametype|singles
|player|p1|BeachLeak|archer|1531
|player|p2|Apoiguespm|101|1617
|gen|9
|tier|[Gen 9] OU
|rated|
|rule|HP Percentage Mod: HP is shown in percentages
|rule|Endless Battle Clause: Forcing endless battles is banned
|rule|Species Clause: Limit one of each Pokémon
|rule|OHKO Clause: OHKO moves are banned
|rule|Evasion Items Clause: Evasion items are banned
|rule|Evasion Moves Clause: Evasion moves are banned
|rule|Evasion Abilities Clause: Evasion abilities are banned
|rule|Sleep Moves Clause: Sleep-inducing moves are banned
|clearpoke
|poke|p1|Salamence, M|
|poke|p1|Tyranitar, M|
|poke|p1|Excadrill, F|
|poke|p1|Iron Crown|
|poke|p1|Azumarill, M|
|poke|p1|Zamazenta-*|
|poke|p2|Indeedee-F, F|
|poke|p2|Hatterene, F|
|poke|p2|Polteageist|
|poke|p2|Armarouge, M|
|poke|p2|Deoxys-Speed|
|poke|p2|Great Tusk|
|teampreview
|inactive|Battle timer is ON: inactive players will automatically lose when time's up. (requested by Apoiguespm)
|
|t:|1757788584
|teamsize|p1|6
|teamsize|p2|6
|start
|switch|p1a: Tyranitar|Tyranitar, M, shiny|100/100
|switch|p2a: Great Tusk|Great Tusk|100/100
|-weather|Sandstorm|[from] ability: Sand Stream|[of] p1a: Tyranitar
|turn|1
|
|t:|1757788588
|switch|p1a: Sherbet|Salamence, M, shiny|100/100
|-ability|p1a: Sherbet|Intimidate|boost
|-unboost|p2a: Great Tusk|atk|1
|move|p2a: Great Tusk|Stealth Rock|p1a: Sherbet
|-sidestart|p1: BeachLeak|move: Stealth Rock
|
|-weather|Sandstorm|[upkeep]
|-damage|p1a: Sherbet|94/100|[from] Sandstorm
|upkeep
|turn|2
|
|t:|1757788591
|-end|p2a: Great Tusk|Protosynthesis|[silent]
|switch|p2a: Indeedee|Indeedee-F, F|100/100
|-fieldstart|move: Psychic Terrain|[from] ability: Psychic Surge|[of] p2a: Indeedee
|move|p1a: Sherbet|Air Slash|p2a: Indeedee
|-damage|p2a: Indeedee|48/100
|
|-weather|Sandstorm|[upkeep]
|-damage|p1a: Sherbet|88/100|[from] Sandstorm
|-damage|p2a: Indeedee|42/100|[from] Sandstorm
|upkeep
|turn|3
|
|t:|1757788599
|switch|p2a: Hatterene|Hatterene, F|100/100
|move|p1a: Sherbet|Air Slash|p2a: Hatterene
|-damage|p2a: Hatterene|50/100
|
|-weather|Sandstorm|[upkeep]
|-damage|p1a: Sherbet|82/100|[from] Sandstorm
|-damage|p2a: Hatterene|44/100|[from] Sandstorm
|upkeep
|turn|4
|
|t:|1757788602
|move|p1a: Sherbet|Air Slash|p2a: Hatterene
|-damage|p2a: Hatterene|0 fnt
|faint|p2a: Hatterene
|
|-weather|Sandstorm|[upkeep]
|-damage|p1a: Sherbet|76/100|[from] Sandstorm
|upkeep
|
|t:|1757788605
|switch|p2a: Deoxys|Deoxys-Speed|100/100
|-ability|p2a: Deoxys|Pressure
|turn|5
|
|t:|1757788608
|-terastallize|p1a: Sherbet|Fire
|move|p2a: Deoxys|Focus Blast|p1a: Sherbet|[miss]
|-miss|p2a: Deoxys|p1a: Sherbet
|move|p1a: Sherbet|Air Slash|p2a: Deoxys
|-damage|p2a: Deoxys|16/100
|
|-weather|none
|upkeep
|turn|6
|
|t:|1757788615
|move|p2a: Deoxys|Expanding Force|p1a: Sherbet
|-damage|p1a: Sherbet|0 fnt
|faint|p1a: Sherbet
|-damage|p2a: Deoxys|6/100|[from] item: Life Orb
|
|upkeep
|
|t:|1757788622
|switch|p1a: Tyranitar|Tyranitar, M, shiny|100/100
|-damage|p1a: Tyranitar|88/100|[from] Stealth Rock
|-weather|Sandstorm|[from] ability: Sand Stream|[of] p1a: Tyranitar
|turn|7
|
|t:|1757788625
|switch|p1a: Azumarill|Azumarill, M, shiny|100/100
|-damage|p1a: Azumarill|88/100|[from] Stealth Rock
|move|p2a: Deoxys|Expanding Force|p1a: Azumarill
|-damage|p1a: Azumarill|0 fnt
|faint|p1a: Azumarill
|-damage|p2a: Deoxys|0 fnt|[from] item: Life Orb
|faint|p2a: Deoxys
|
|-weather|Sandstorm|[upkeep]
|upkeep
|
|t:|1757788632
|switch|p2a: Great Tusk|Great Tusk|100/100
|switch|p1a: Excadrill|Excadrill, F|100/100
|-damage|p1a: Excadrill|97/100|[from] Stealth Rock
|-item|p1a: Excadrill|Air Balloon
|turn|8
|
|t:|1757788649
|move|p1a: Excadrill|Rapid Spin|p2a: Great Tusk
|-damage|p2a: Great Tusk|87/100
|-boost|p1a: Excadrill|spe|1
|-sideend|p1: BeachLeak|Stealth Rock|[from] move: Rapid Spin|[of] p1a: Excadrill
|move|p2a: Great Tusk|Rapid Spin|p1a: Excadrill
|-resisted|p1a: Excadrill
|-damage|p1a: Excadrill|85/100
|-boost|p2a: Great Tusk|spe|1
|-enditem|p1a: Excadrill|Air Balloon
|
|-weather|Sandstorm|[upkeep]
|upkeep
|turn|9
|
|t:|1757788662
|move|p1a: Excadrill|Earthquake|p2a: Great Tusk
|-damage|p2a: Great Tusk|51/100
|move|p2a: Great Tusk|Headlong Rush|p1a: Excadrill
|-supereffective|p1a: Excadrill
|-damage|p1a: Excadrill|0 fnt
|-unboost|p2a: Great Tusk|def|1
|-unboost|p2a: Great Tusk|spd|1
|faint|p1a: Excadrill
|
|-weather|Sandstorm|[upkeep]
|-fieldend|move: Psychic Terrain
|upkeep
|
|t:|1757788668
|switch|p1a: Iron Crown|Iron Crown|100/100
|turn|10
|
|t:|1757788680
|move|p1a: Iron Crown|Tachyon Cutter|p2a: Great Tusk
|-damage|p2a: Great Tusk|0 fnt
|faint|p2a: Great Tusk
|-end|p2a: Great Tusk|Protosynthesis|[silent]
|-hitcount|p2: Great Tusk|1
|
|-weather|Sandstorm|[upkeep]
|upkeep
|
|t:|1757788682
|switch|p2a: Indeedee|Indeedee-F, F|42/100
|-fieldstart|move: Psychic Terrain|[from] ability: Psychic Surge|[of] p2a: Indeedee
|turn|11
|
|t:|1757788687
|move|p1a: Iron Crown|Tachyon Cutter|p2a: Indeedee
|-damage|p2a: Indeedee|16/100
|-damage|p2a: Indeedee|0 fnt
|faint|p2a: Indeedee
|-hitcount|p2: Indeedee|2
|
|-weather|none
|upkeep
|
|t:|1757788691
|switch|p2a: Polteageist|Polteageist|100/100
|turn|12
|
|t:|1757788694
|move|p1a: Iron Crown|Tachyon Cutter|p2a: Polteageist
|-damage|p2a: Polteageist|69/100
|-damage|p2a: Polteageist|38/100
|-hitcount|p2a: Polteageist|2
|move|p2a: Polteageist|Shell Smash|p2a: Polteageist
|-unboost|p2a: Polteageist|def|1
|-unboost|p2a: Polteageist|spd|1
|-boost|p2a: Polteageist|atk|2
|-boost|p2a: Polteageist|spa|2
|-boost|p2a: Polteageist|spe|2
|
|upkeep
|turn|13
|
|t:|1757788703
|move|p1a: Iron Crown|Tachyon Cutter|p2a: Polteageist
|-damage|p2a: Polteageist|0 fnt
|faint|p2a: Polteageist
|-hitcount|p2: Polteageist|1
|
|upkeep
|
|t:|1757788709
|switch|p2a: Armarouge|Armarouge, M|100/100
|turn|14
|
|t:|1757788726
|move|p1a: Iron Crown|Tachyon Cutter|p2a: Armarouge
|-resisted|p2a: Armarouge
|-damage|p2a: Armarouge|84/100
|-resisted|p2a: Armarouge
|-damage|p2a: Armarouge|68/100
|-hitcount|p2a: Armarouge|2
|move|p2a: Armarouge|Armor Cannon|p1a: Iron Crown
|-supereffective|p1a: Iron Crown
|-damage|p1a: Iron Crown|0 fnt
|-unboost|p2a: Armarouge|def|1
|-unboost|p2a: Armarouge|spd|1
|faint|p1a: Iron Crown
|-end|p1a: Iron Crown|Quark Drive|[silent]
|
|upkeep
|
|t:|1757788739
|switch|p1a: Tyranitar|Tyranitar, M, shiny|88/100
|-weather|Sandstorm|[from] ability: Sand Stream|[of] p1a: Tyranitar
|turn|15
|
|t:|1757788748
|move|p2a: Armarouge|Energy Ball|p1a: Tyranitar
|-supereffective|p1a: Tyranitar
|-damage|p1a: Tyranitar|44/100
|move|p1a: Tyranitar|Knock Off|p2a: Armarouge
|-supereffective|p2a: Armarouge
|-damage|p2a: Armarouge|0 fnt
|-enditem|p2a: Armarouge|Weakness Policy|[from] move: Knock Off|[of] p1a: Tyranitar
|faint|p2a: Armarouge
|
|win|BeachLeak
|raw|BeachLeak's rating: 1531 &rarr; <strong>1556</strong><br />(+25 for winning)
|raw|Apoiguespm's rating: 1617 &rarr; <strong>1592</strong><br />(-25 for losing)
|l|☆Apoiguespm
|player|p2|
|l|☆BeachLeak
|player|p1|
