|j|☆guinhovisk
|j|☆iguana_droga
|t:|1757828106
|gametype|singles
|player|p1|guinhovisk|lady-gen4|1117
|player|p2|iguana_droga|265|1110
|gen|9
|tier|[Gen 9] OU
|rated|
|rule|HP Percentage Mod: HP is shown in percentages
|rule|Endless Battle Clause: Forcing endless battles is banned
|rule|Species Clause: Limit one of each Pokémon
|rule|OHKO Clause: OHKO moves are banned
|rule|Evasion Items Clause: Evasion items are banned
|rule|Evasion Moves Clause: Evasion moves are banned
|rule|Evasion Abilities Clause: Evasion abilities are banned
|rule|Sleep Moves Clause: Sleep-inducing moves are banned
|clearpoke
|poke|p1|Serperior, F|
|poke|p1|Mimikyu, F|
|poke|p1|Landorus-Therian, M|
|poke|p1|Blaziken, M|
|poke|p1|Toxtricity, M|
|poke|p1|Pelipper, F|
|poke|p2|Great Tusk|
|poke|p2|Bisharp, M|
|poke|p2|Pelipper, F|
|poke|p2|Crawdaunt, M|
|poke|p2|Rotom-Wash|
|poke|p2|Ribombee, M|
|teampreview
|
|t:|1757828117
|teamsize|p1|6
|teamsize|p2|6
|start
|switch|p1a: Landorus|Landorus-Therian, M|100/100
|switch|p2a: Crawdaunt|Crawdaunt, M|100/100
|-ability|p1a: Landorus|Intimidate|boost
|-unboost|p2a: Crawdaunt|atk|1
|turn|1
|
|t:|1757828125
|move|p1a: Landorus|Taunt|p2a: Crawdaunt
|-start|p2a: Crawdaunt|move: Taunt
|cant|p2a: Crawdaunt|move: Taunt|Dragon Dance
|
|upkeep
|turn|2
|
|t:|1757828133
|move|p1a: Landorus|Stealth Rock|p2a: Crawdaunt
|-sidestart|p2: iguana_droga|move: Stealth Rock
|move|p2a: Crawdaunt|Knock Off|p1a: Landorus
|-damage|p1a: Landorus|59/100
|-damage|p2a: Crawdaunt|84/100|[from] item: Rocky Helmet|[of] p1a: Landorus
|-enditem|p1a: Landorus|Rocky Helmet|[from] move: Knock Off|[of] p2a: Crawdaunt
|
|upkeep
|turn|3
|
|t:|1757828141
|move|p2a: Crawdaunt|Aqua Jet|p1a: Landorus
|-supereffective|p1a: Landorus
|-damage|p1a: Landorus|24/100
|move|p1a: Landorus|U-turn|p2a: Crawdaunt
|-supereffective|p2a: Crawdaunt
|-damage|p2a: Crawdaunt|21/100
|
|t:|1757828144
|switch|p1a: Serperior|Serperior, F|100/100|[from] U-turn
|
|-end|p2a: Crawdaunt|move: Taunt
|upkeep
|turn|4
|
|t:|1757828158
|switch|p2a: Bisharp|Bisharp, M|100/100
|-damage|p2a: Bisharp|94/100|[from] Stealth Rock
|move|p1a: Serperior|Leaf Storm|p2a: Bisharp
|-resisted|p2a: Bisharp
|-damage|p2a: Bisharp|79/100
|-boost|p1a: Serperior|spa|2
|
|upkeep
|turn|5
|
|t:|1757828167
|move|p1a: Serperior|Leaf Storm|p2a: Bisharp
|-resisted|p2a: Bisharp
|-damage|p2a: Bisharp|47/100
|-boost|p1a: Serperior|spa|2
|move|p2a: Bisharp|Thunder Wave|p1a: Serperior
|-status|p1a: Serperior|par
|
|upkeep
|turn|6
|
|t:|1757828177
|move|p2a: Bisharp|Sucker Punch|p1a: Serperior
|-damage|p1a: Serperior|59/100 par
|cant|p1a: Serperior|par
|
|upkeep
|turn|7
|
|t:|1757828183
|move|p2a: Bisharp|Iron Head|p1a: Serperior
|-damage|p1a: Serperior|9/100 par
|move|p1a: Serperior|Leaf Storm|p2a: Bisharp
|-resisted|p2a: Bisharp
|-damage|p2a: Bisharp|2/100
|-boost|p1a: Serperior|spa|2
|
|upkeep
|turn|8
|
|t:|1757828191
|move|p2a: Bisharp|Iron Head|p1a: Serperior
|-damage|p1a: Serperior|0 fnt
|faint|p1a: Serperior
|
|upkeep
|
|t:|1757828205
|switch|p1a: Landorus|Landorus-Therian, M|24/100
|-ability|p1a: Landorus|Intimidate|boost
|-unboost|p2a: Bisharp|atk|1
|-ability|p2a: Bisharp|Defiant|boost
|-boost|p2a: Bisharp|atk|2
|turn|9
|
|t:|1757828211
|move|p2a: Bisharp|Sucker Punch|p1a: Landorus
|-damage|p1a: Landorus|0 fnt
|faint|p1a: Landorus
|
|upkeep
|
|t:|1757828214
|switch|p1a: Blaziken|Blaziken, M|100/100
|turn|10
|
|t:|1757828220
|move|p1a: Blaziken|Swords Dance|p1a: Blaziken
|-boost|p1a: Blaziken|atk|2
|move|p2a: Bisharp|Thunder Wave|p1a: Blaziken
|-status|p1a: Blaziken|par
|
|-ability|p1a: Blaziken|Speed Boost|boost
|-boost|p1a: Blaziken|spe|1
|upkeep
|turn|11
|
|t:|1757828230
|move|p2a: Bisharp|Sucker Punch||[still]
|-fail|p2a: Bisharp
|move|p1a: Blaziken|Swords Dance|p1a: Blaziken
|-boost|p1a: Blaziken|atk|2
|
|-ability|p1a: Blaziken|Speed Boost|boost
|-boost|p1a: Blaziken|spe|1
|upkeep
|turn|12
|
|t:|1757828241
|move|p1a: Blaziken|Brick Break|p2a: Bisharp
|-supereffective|p2a: Bisharp
|-damage|p2a: Bisharp|0 fnt
|faint|p2a: Bisharp
|
|-ability|p1a: Blaziken|Speed Boost|boost
|-boost|p1a: Blaziken|spe|1
|upkeep
|
|t:|1757828249
|switch|p2a: Pelipper|Pelipper, F|100/100
|-damage|p2a: Pelipper|76/100|[from] Stealth Rock
|-weather|RainDance|[from] ability: Drizzle|[of] p2a: Pelipper
|turn|13
|
|t:|1757828257
|-terastallize|p1a: Blaziken|Flying
|move|p1a: Blaziken|Acrobatics|p2a: Pelipper
|-damage|p2a: Pelipper|0 fnt
|faint|p2a: Pelipper
|
|-weather|RainDance|[upkeep]
|-ability|p1a: Blaziken|Speed Boost|boost
|-boost|p1a: Blaziken|spe|1
|upkeep
|
|t:|1757828267
|switch|p2a: Crawdaunt|Crawdaunt, M|21/100
|-damage|p2a: Crawdaunt|9/100|[from] Stealth Rock
|turn|14
|
|t:|1757828274
|-terastallize|p2a: Crawdaunt|Water
|move|p2a: Crawdaunt|Aqua Jet|p1a: Blaziken
|-damage|p1a: Blaziken|29/100 par
|cant|p1a: Blaziken|par
|
|-weather|RainDance|[upkeep]
|-ability|p1a: Blaziken|Speed Boost|boost
|-boost|p1a: Blaziken|spe|1
|upkeep
|turn|15
|
|t:|1757828284
|move|p2a: Crawdaunt|Aqua Jet|p1a: Blaziken
|-damage|p1a: Blaziken|0 fnt
|faint|p1a: Blaziken
|
|-weather|RainDance|[upkeep]
|upkeep
|
|t:|1757828288
|switch|p1a: Mimikyu|Mimikyu, F|100/100
|turn|16
|
|t:|1757828293
|move|p1a: Mimikyu|Shadow Sneak|p2a: Crawdaunt
|-damage|p2a: Crawdaunt|0 fnt
|faint|p2a: Crawdaunt
|
|-weather|RainDance|[upkeep]
|upkeep
|
|t:|1757828316
|switch|p2a: Rotom|Rotom-Wash|100/100
|-damage|p2a: Rotom|88/100|[from] Stealth Rock
|turn|17
|
|t:|1757828325
|move|p2a: Rotom|Shadow Ball|p1a: Mimikyu
|-activate|p1a: Mimikyu|ability: Disguise
|-damage|p1a: Mimikyu|100/100
|detailschange|p1a: Mimikyu|Mimikyu-Busted, F
|-damage|p1a: Mimikyu|88/100|[from] pokemon: Mimikyu-Busted
|move|p1a: Mimikyu|Swords Dance|p1a: Mimikyu
|-boost|p1a: Mimikyu|atk|2
|
|-weather|RainDance|[upkeep]
|-heal|p1a: Mimikyu|94/100|[from] item: Leftovers
|upkeep
|turn|18
|
|t:|1757828337
|move|p2a: Rotom|Shadow Ball|p1a: Mimikyu
|-supereffective|p1a: Mimikyu
|-damage|p1a: Mimikyu|0 fnt
|faint|p1a: Mimikyu
|
|-weather|RainDance|[upkeep]
|upkeep
|
|t:|1757828345
|switch|p1a: Toxtricity|Toxtricity, M, shiny|100/100
|-item|p1a: Toxtricity|Air Balloon
|turn|19
|
|t:|1757828352
|switch|p2a: Great Tusk|Great Tusk|100/100
|-damage|p2a: Great Tusk|98/100|[from] Stealth Rock
|move|p1a: Toxtricity|Boomburst|p2a: Great Tusk
|-damage|p2a: Great Tusk|38/100
|
|-weather|RainDance|[upkeep]
|upkeep
|turn|20
|
|t:|1757828371
|move|p2a: Great Tusk|Rapid Spin|p1a: Toxtricity
|-damage|p1a: Toxtricity|74/100
|-boost|p2a: Great Tusk|spe|1
|-enditem|p1a: Toxtricity|Air Balloon
|-sideend|p2: iguana_droga|Stealth Rock|[from] move: Rapid Spin|[of] p2a: Great Tusk
|move|p1a: Toxtricity|Boomburst|p2a: Great Tusk
|-damage|p2a: Great Tusk|0 fnt
|faint|p2a: Great Tusk
|-end|p2a: Great Tusk|Protosynthesis|[silent]
|
|-weather|none
|upkeep
|
|t:|1757828390
|switch|p2a: Rotom|Rotom-Wash|88/100
|turn|21
|
|t:|1757828395
|move|p2a: Rotom|Hydro Pump|p1a: Toxtricity
|-damage|p1a: Toxtricity|0 fnt
|faint|p1a: Toxtricity
|
|upkeep
|
|t:|1757828397
|switch|p1a: Pelipper|Pelipper, F|100/100
|-weather|RainDance|[from] ability: Drizzle|[of] p1a: Pelipper
|turn|22
|
|t:|1757828403
|switch|p2a: Ribombee|Ribombee, M|100/100
|move|p1a: Pelipper|Blizzard|p2a: Ribombee
|-damage|p2a: Ribombee|50/100
|
|-weather|RainDance|[upkeep]
|upkeep
|turn|23
|
|t:|1757828412
|move|p2a: Ribombee|Moonblast|p1a: Pelipper
|-damage|p1a: Pelipper|35/100
|move|p1a: Pelipper|Hurricane|p2a: Ribombee
|-supereffective|p2a: Ribombee
|-damage|p2a: Ribombee|0 fnt
|faint|p2a: Ribombee
|
|-weather|RainDance|[upkeep]
|upkeep
|
|t:|1757828421
|switch|p2a: Rotom|Rotom-Wash|88/100
|turn|24
|
|t:|1757828426
|move|p2a: Rotom|Volt Switch|p1a: Pelipper
|-supereffective|p1a: Pelipper
|-damage|p1a: Pelipper|0 fnt
|faint|p1a: Pelipper
|
|win|iguana_droga
|raw|guinhovisk's rating: 1117 &rarr; <strong>1091</strong><br />(-26 for losing)
|raw|iguana_droga's rating: 1110 &rarr; <strong>1136</strong><br />(+26 for winning)
|l|☆iguana_droga
|player|p2|
|l|☆guinhovisk
|player|p1|
