|j|‽Lucid Coffee
|j|☆ybg mihan
|t:|1757903106
|gametype|singles
|player|p1|Lucid Coffee|blue|1661
|player|p2|ybg mihan|266|1712
|gen|9
|tier|[Gen 9] OU
|rated|
|rule|HP Percentage Mod: HP is shown in percentages
|rule|Endless Battle Clause: Forcing endless battles is banned
|rule|Species Clause: Limit one of each Pokémon
|rule|OHKO Clause: OHKO moves are banned
|rule|Evasion Items Clause: Evasion items are banned
|rule|Evasion Moves Clause: Evasion moves are banned
|rule|Evasion Abilities Clause: Evasion abilities are banned
|rule|Sleep Moves Clause: Sleep-inducing moves are banned
|clearpoke
|poke|p1|Dragapult, M|
|poke|p1|Glimmora, M|
|poke|p1|Comfey, M|
|poke|p1|Kingambit, M|
|poke|p1|Ogerpon-Wellspring, F|
|poke|p1|Blaziken, M|
|poke|p2|Samurott-Hisui, M|
|poke|p2|Landorus-Therian, M|
|poke|p2|Dragonite, M|
|poke|p2|Zamazenta-*|
|poke|p2|Iron Valiant|
|poke|p2|Raging Bolt|
|teampreview
|inactive|Battle timer is ON: inactive players will automatically lose when time's up. (requested by ybg mihan)
|
|t:|1757903113
|teamsize|p1|6
|teamsize|p2|6
|start
|switch|p1a: Blaziken|Blaziken, M, shiny|100/100
|switch|p2a: Samurott|Samurott-Hisui, M|100/100
|turn|1
|
|t:|1757903123
|move|p1a: Blaziken|Protect|p1a: Blaziken
|-singleturn|p1a: Blaziken|Protect
|move|p2a: Samurott|Razor Shell|p1a: Blaziken
|-activate|p1a: Blaziken|move: Protect
|
|-ability|p1a: Blaziken|Speed Boost|boost
|-boost|p1a: Blaziken|spe|1
|upkeep
|turn|2
|
|t:|1757903129
|switch|p1a: Ogerpon|Ogerpon-Wellspring, F|100/100
|move|p2a: Samurott|Aqua Jet|p1a: Ogerpon
|-immune|p1a: Ogerpon|[from] ability: Water Absorb
|
|upkeep
|turn|3
|
|t:|1757903135
|move|p1a: Ogerpon|U-turn|p2a: Samurott
|-supereffective|p2a: Samurott
|-damage|p2a: Samurott|23/100
|
|t:|1757903144
|switch|p1a: Glimmora|Glimmora, M, shiny|100/100|[from] U-turn
|move|p2a: Samurott|Ceaseless Edge|p1a: Glimmora
|-damage|p1a: Glimmora|68/100
|-activate|p1a: Glimmora|ability: Toxic Debris
|-sidestart|p2: ybg mihan|move: Toxic Spikes
|-sidestart|p1: Lucid Coffee|Spikes
|-enditem|p1a: Glimmora|Red Card|[of] p2a: Samurott
|drag|p2a: Raging Bolt|Raging Bolt|100/100
|-status|p2a: Raging Bolt|psn
|-enditem|p2a: Raging Bolt|Booster Energy
|-activate|p2a: Raging Bolt|ability: Protosynthesis|[fromitem]
|-start|p2a: Raging Bolt|protosynthesisspa
|
|-damage|p2a: Raging Bolt|88/100 psn|[from] psn
|upkeep
|turn|4
|
|t:|1757903154
|move|p2a: Raging Bolt|Thunderbolt|p1a: Glimmora
|-damage|p1a: Glimmora|0 fnt
|faint|p1a: Glimmora
|
|-damage|p2a: Raging Bolt|76/100 psn|[from] psn
|upkeep
|
|t:|1757903163
|switch|p1a: Comfey|Comfey, M, shiny|100/100
|-damage|p1a: Comfey|88/100|[from] Spikes
|turn|5
|
|t:|1757903170
|move|p2a: Raging Bolt|Thunderbolt|p1a: Comfey
|-damage|p1a: Comfey|13/100
|move|p1a: Comfey|Calm Mind|p1a: Comfey
|-boost|p1a: Comfey|spa|1
|-boost|p1a: Comfey|spd|1
|
|-damage|p2a: Raging Bolt|64/100 psn|[from] psn
|upkeep
|turn|6
|
|t:|1757903174
|move|p1a: Comfey|Draining Kiss|p2a: Raging Bolt
|-supereffective|p2a: Raging Bolt
|-damage|p2a: Raging Bolt|0 fnt
|-heal|p1a: Comfey|74/100|[from] drain|[of] p2a: Raging Bolt
|faint|p2a: Raging Bolt
|-end|p2a: Raging Bolt|Protosynthesis|[silent]
|-damage|p1a: Comfey|64/100|[from] item: Life Orb
|
|upkeep
|
|t:|1757903182
|switch|p2a: Landorus|Landorus-Therian, M|100/100
|-ability|p2a: Landorus|Intimidate|boost
|-unboost|p1a: Comfey|atk|1
|turn|7
|
|t:|1757903186
|switch|p1a: Ogerpon|Ogerpon-Wellspring, F|100/100
|-damage|p1a: Ogerpon|88/100|[from] Spikes
|move|p2a: Landorus|Earthquake|p1a: Ogerpon
|-resisted|p1a: Ogerpon
|-damage|p1a: Ogerpon|52/100
|
|upkeep
|turn|8
|j| Prof dankness
|
|t:|1757903190
|move|p1a: Ogerpon|Ivy Cudgel|p2a: Landorus|[anim] Ivy Cudgel Water
|-supereffective|p2a: Landorus
|-enditem|p2a: Landorus|Focus Sash
|-damage|p2a: Landorus|1/100
|move|p2a: Landorus|Stealth Rock|p1a: Ogerpon
|-sidestart|p1: Lucid Coffee|move: Stealth Rock
|
|upkeep
|turn|9
|
|t:|1757903200
|move|p1a: Ogerpon|U-turn|p2a: Landorus
|-resisted|p2a: Landorus
|-damage|p2a: Landorus|0 fnt
|faint|p2a: Landorus
|
|t:|1757903213
|switch|p1a: Comfey|Comfey, M, shiny|64/100|[from] U-turn
|-damage|p1a: Comfey|51/100|[from] Spikes
|-damage|p1a: Comfey|39/100|[from] Stealth Rock
|
|upkeep
|
|t:|1757903225
|switch|p2a: Samurott|Samurott-Hisui, M|23/100
|-status|p2a: Samurott|psn
|turn|10
|
|t:|1757903231
|move|p1a: Comfey|Draining Kiss|p2a: Samurott
|-supereffective|p2a: Samurott
|-damage|p2a: Samurott|0 fnt
|-heal|p1a: Comfey|57/100|[from] drain|[of] p2a: Samurott
|faint|p2a: Samurott
|-damage|p1a: Comfey|47/100|[from] item: Life Orb
|
|upkeep
|
|t:|1757903239
|switch|p2a: Dragonite|Dragonite, M|100/100
|turn|11
|
|t:|1757903247
|-terastallize|p2a: Dragonite|Normal
|move|p1a: Comfey|Draining Kiss|p2a: Dragonite
|-damage|p2a: Dragonite|85/100
|-heal|p1a: Comfey|59/100|[from] drain|[of] p2a: Dragonite
|-damage|p1a: Comfey|49/100|[from] item: Life Orb
|move|p2a: Dragonite|Dragon Dance|p2a: Dragonite
|-boost|p2a: Dragonite|atk|1
|-boost|p2a: Dragonite|spe|1
|
|upkeep
|turn|12
|
|t:|1757903265
|move|p1a: Comfey|Draining Kiss|p2a: Dragonite
|-damage|p2a: Dragonite|55/100
|-heal|p1a: Comfey|74/100|[from] drain|[of] p2a: Dragonite
|-damage|p1a: Comfey|64/100|[from] item: Life Orb
|move|p2a: Dragonite|Extreme Speed|p1a: Comfey
|-crit|p1a: Comfey
|-damage|p1a: Comfey|0 fnt
|faint|p1a: Comfey
|
|upkeep
|j|@goldmason
|
|t:|1757903274
|switch|p1a: Dragapult|Dragapult, M, shiny|100/100
|-damage|p1a: Dragapult|88/100|[from] Spikes
|-damage|p1a: Dragapult|76/100|[from] Stealth Rock
|turn|13
|
|t:|1757903284
|move|p1a: Dragapult|Dragon Darts|p2a: Dragonite
|-damage|p2a: Dragonite|23/100
|-anim|p1a: Dragapult|Dragon Darts|p2a: Dragonite
|-damage|p2a: Dragonite|0 fnt
|faint|p2a: Dragonite
|-damage|p1a: Dragapult|66/100|[from] item: Life Orb
|
|upkeep
|
|t:|1757903292
|switch|p2a: Iron Valiant|Iron Valiant|100/100
|-status|p2a: Iron Valiant|psn
|-enditem|p2a: Iron Valiant|Booster Energy
|-activate|p2a: Iron Valiant|ability: Quark Drive|[fromitem]
|-start|p2a: Iron Valiant|quarkdrivespe
|turn|14
|
|t:|1757903300
|switch|p1a: Ogerpon|Ogerpon-Wellspring, F|52/100
|-damage|p1a: Ogerpon|40/100|[from] Spikes
|-damage|p1a: Ogerpon|28/100|[from] Stealth Rock
|move|p2a: Iron Valiant|Moonblast|p1a: Ogerpon
|-damage|p1a: Ogerpon|0 fnt
|faint|p1a: Ogerpon
|
|-damage|p2a: Iron Valiant|88/100 psn|[from] psn
|upkeep
|
|t:|1757903310
|switch|p1a: Blaziken|Blaziken, M, shiny|100/100
|-damage|p1a: Blaziken|88/100|[from] Spikes
|-damage|p1a: Blaziken|76/100|[from] Stealth Rock
|turn|15
|
|t:|1757903314
|move|p1a: Blaziken|Protect|p1a: Blaziken
|-singleturn|p1a: Blaziken|Protect
|move|p2a: Iron Valiant|Psyshock|p1a: Blaziken
|-activate|p1a: Blaziken|move: Protect
|
|-damage|p2a: Iron Valiant|76/100 psn|[from] psn
|-ability|p1a: Blaziken|Speed Boost|boost
|-boost|p1a: Blaziken|spe|1
|upkeep
|turn|16
|
|t:|1757903323
|switch|p1a: Kingambit|Kingambit, M, shiny|100/100
|-damage|p1a: Kingambit|88/100|[from] Spikes
|-damage|p1a: Kingambit|82/100|[from] Stealth Rock
|-activate|p1a: Kingambit|ability: Supreme Overlord
|-start|p1a: Kingambit|fallen3|[silent]
|move|p2a: Iron Valiant|Psyshock|p1a: Kingambit
|-immune|p1a: Kingambit
|
|-heal|p1a: Kingambit|88/100|[from] item: Leftovers
|-damage|p2a: Iron Valiant|63/100 psn|[from] psn
|upkeep
|turn|17
|
|t:|1757903345
|-end|p1a: Kingambit|fallen3|[silent]
|switch|p1a: Blaziken|Blaziken, M, shiny|76/100
|-damage|p1a: Blaziken|64/100|[from] Spikes
|-damage|p1a: Blaziken|51/100|[from] Stealth Rock
|move|p2a: Iron Valiant|Moonblast|p1a: Blaziken
|-damage|p1a: Blaziken|0 fnt
|faint|p1a: Blaziken
|
|-damage|p2a: Iron Valiant|51/100 psn|[from] psn
|upkeep
|
|t:|1757903352
|switch|p1a: Kingambit|Kingambit, M, shiny|88/100
|-damage|p1a: Kingambit|76/100|[from] Spikes
|-damage|p1a: Kingambit|69/100|[from] Stealth Rock
|-activate|p1a: Kingambit|ability: Supreme Overlord
|-start|p1a: Kingambit|fallen4|[silent]
|turn|18
|
|t:|1757903369
|-terastallize|p1a: Kingambit|Ghost
|move|p2a: Iron Valiant|Moonblast|p1a: Kingambit
|-damage|p1a: Kingambit|21/100
|move|p1a: Kingambit|Iron Head|p2a: Iron Valiant
|-supereffective|p2a: Iron Valiant
|-damage|p2a: Iron Valiant|0 fnt
|faint|p2a: Iron Valiant
|-end|p2a: Iron Valiant|Quark Drive|[silent]
|
|-heal|p1a: Kingambit|27/100|[from] item: Leftovers
|upkeep
|
|t:|1757903372
|switch|p2a: Zamazenta|Zamazenta|100/100
|-status|p2a: Zamazenta|psn
|-ability|p2a: Zamazenta|Dauntless Shield|boost
|-boost|p2a: Zamazenta|def|1
|turn|19
|
|t:|1757903377
|move|p2a: Zamazenta|Crunch|p1a: Kingambit
|-supereffective|p1a: Kingambit
|-damage|p1a: Kingambit|0 fnt
|faint|p1a: Kingambit
|-end|p1a: Kingambit|fallen4|[silent]
|-damage|p2a: Zamazenta|91/100 psn|[from] item: Life Orb
|
|-damage|p2a: Zamazenta|78/100 psn|[from] psn
|upkeep
|
|t:|1757903381
|switch|p1a: Dragapult|Dragapult, M, shiny|66/100
|-damage|p1a: Dragapult|54/100|[from] Spikes
|-damage|p1a: Dragapult|42/100|[from] Stealth Rock
|turn|20
|
|t:|1757903383
|move|p1a: Dragapult|Draco Meteor|p2a: Zamazenta
|-damage|p2a: Zamazenta|13/100 psn
|-unboost|p1a: Dragapult|spa|2
|-damage|p1a: Dragapult|32/100|[from] item: Life Orb
|move|p2a: Zamazenta|Crunch|p1a: Dragapult
|-supereffective|p1a: Dragapult
|-damage|p1a: Dragapult|0 fnt
|faint|p1a: Dragapult
|-damage|p2a: Zamazenta|3/100 psn|[from] item: Life Orb
|
|win|ybg mihan
|raw|Lucid Coffee's rating: 1661 &rarr; <strong>1644</strong><br />(-17 for losing)
|raw|ybg mihan's rating: 1712 &rarr; <strong>1729</strong><br />(+17 for winning)
|l|☆ybg mihan
|player|p2|
|l|‽Lucid Coffee
|player|p1|
|l| Prof dankness
|l|@goldmason
