|j|☆fulldisrespect
|j|☆yourragez
|t:|1757849240
|gametype|singles
|player|p1|fulldisrespect|giovanni|1173
|player|p2|yourragez|101|1237
|gen|9
|tier|[Gen 9] OU
|rated|
|rule|HP Percentage Mod: HP is shown in percentages
|rule|Endless Battle Clause: Forcing endless battles is banned
|rule|Species Clause: Limit one of each Pokémon
|rule|OHKO Clause: OHKO moves are banned
|rule|Evasion Items Clause: Evasion items are banned
|rule|Evasion Moves Clause: Evasion moves are banned
|rule|Evasion Abilities Clause: Evasion abilities are banned
|rule|Sleep Moves Clause: Sleep-inducing moves are banned
|clearpoke
|poke|p1|Pelipper, F|
|poke|p1|Kingdra, F|
|poke|p1|Barraskewda, F|
|poke|p1|Zapdos|
|poke|p1|Ludicolo, M|
|poke|p1|Walking Wake|
|poke|p2|Pikachu, M|
|poke|p2|Keldeo-Resolute|
|poke|p2|Iron Treads|
|poke|p2|Moltres|
|poke|p2|Sinistcha|
|poke|p2|Slowking-Galar, M|
|teampreview
|inactive|Battle timer is ON: inactive players will automatically lose when time's up. (requested by fulldisrespect)
|
|t:|1757849288
|teamsize|p1|6
|teamsize|p2|6
|start
|switch|p1a: Pelipper|Pelipper, F|100/100
|switch|p2a: Pikachu|Pikachu, M|100/100
|-weather|RainDance|[from] ability: Drizzle|[of] p1a: Pelipper
|turn|1
|
|t:|1757849304
|switch|p1a: Ludicolo|Ludicolo, M|100/100
|move|p2a: Pikachu|Volt Switch|p1a: Ludicolo
|-damage|p1a: Ludicolo|50/100
|
|t:|1757849317
|switch|p2a: Slowking|Slowking-Galar, M|100/100|[from] Volt Switch
|
|-weather|RainDance|[upkeep]
|upkeep
|turn|2
|
|t:|1757849323
|move|p1a: Ludicolo|Hydro Pump|p2a: Slowking
|-crit|p2a: Slowking
|-damage|p2a: Slowking|11/100
|-damage|p1a: Ludicolo|41/100|[from] item: Life Orb
|move|p2a: Slowking|Sludge Bomb|p1a: Ludicolo
|-supereffective|p1a: Ludicolo
|-damage|p1a: Ludicolo|0 fnt
|faint|p1a: Ludicolo
|
|-weather|RainDance|[upkeep]
|upkeep
|
|t:|1757849332
|switch|p1a: Barraskewda|Barraskewda, F|100/100
|turn|3
|
|t:|1757849344
|move|p1a: Barraskewda|Flip Turn|p2a: Slowking
|-damage|p2a: Slowking|0 fnt
|faint|p2a: Slowking
|
|t:|1757849349
|switch|p1a: Kingdra|Kingdra, F|100/100|[from] Flip Turn
|
|-weather|RainDance|[upkeep]
|upkeep
|inactive|yourragez has 120 seconds left.
|
|t:|1757849385
|switch|p2a: Keldeo|Keldeo-Resolute|100/100
|turn|4
|inactive|yourragez has 120 seconds left.
|
|t:|1757849409
|switch|p2a: Moltres|Moltres|100/100
|move|p1a: Kingdra|Hurricane|p2a: Moltres
|-damage|p2a: Moltres|57/100
|-start|p2a: Moltres|confusion
|-damage|p1a: Kingdra|91/100|[from] item: Life Orb
|
|-weather|RainDance|[upkeep]
|upkeep
|turn|5
|
|t:|1757849418
|move|p1a: Kingdra|Muddy Water|p2a: Moltres
|-supereffective|p2a: Moltres
|-damage|p2a: Moltres|0 fnt
|faint|p2a: Moltres
|-damage|p1a: Kingdra|81/100|[from] item: Life Orb
|
|-weather|RainDance|[upkeep]
|upkeep
|inactive|yourragez has 120 seconds left.
|
|t:|1757849449
|switch|p2a: Keldeo|Keldeo-Resolute|100/100
|turn|6
|
|t:|1757849461
|-terastallize|p2a: Keldeo|Fighting
|move|p2a: Keldeo|Vacuum Wave|p1a: Kingdra
|-damage|p1a: Kingdra|28/100
|move|p1a: Kingdra|Hurricane|p2a: Keldeo
|-supereffective|p2a: Keldeo
|-damage|p2a: Keldeo|0 fnt
|faint|p2a: Keldeo
|-damage|p1a: Kingdra|18/100|[from] item: Life Orb
|
|-weather|RainDance|[upkeep]
|upkeep
|
|t:|1757849474
|switch|p2a: Sinistcha|Sinistcha|100/100
|turn|7
|
|t:|1757849478
|switch|p2a: Iron Treads|Iron Treads|100/100
|move|p1a: Kingdra|Hurricane|p2a: Iron Treads
|-resisted|p2a: Iron Treads
|-damage|p2a: Iron Treads|82/100
|-damage|p1a: Kingdra|8/100|[from] item: Life Orb
|
|-weather|RainDance|[upkeep]
|-heal|p2a: Iron Treads|88/100|[from] item: Leftovers
|upkeep
|turn|8
|
|t:|1757849488
|move|p1a: Kingdra|Muddy Water|p2a: Iron Treads
|-supereffective|p2a: Iron Treads
|-damage|p2a: Iron Treads|0 fnt
|faint|p2a: Iron Treads
|-end|p2a: Iron Treads|Quark Drive|[silent]
|-damage|p1a: Kingdra|0 fnt|[from] item: Life Orb
|faint|p1a: Kingdra
|
|-weather|none
|upkeep
|
|t:|1757849496
|switch|p1a: Pelipper|Pelipper, F|100/100
|switch|p2a: Sinistcha|Sinistcha|100/100
|-weather|RainDance|[from] ability: Drizzle|[of] p1a: Pelipper
|turn|9
|
|t:|1757849517
|move|p2a: Sinistcha|Calm Mind|p2a: Sinistcha
|-boost|p2a: Sinistcha|spa|1
|-boost|p2a: Sinistcha|spd|1
|move|p1a: Pelipper|Hurricane|p2a: Sinistcha
|-supereffective|p2a: Sinistcha
|-damage|p2a: Sinistcha|48/100
|-start|p2a: Sinistcha|confusion
|
|-weather|RainDance|[upkeep]
|-heal|p2a: Sinistcha|54/100|[from] item: Leftovers
|upkeep
|turn|10
|inactive|yourragez has 120 seconds left.
|inactive|yourragez has 90 seconds left.
|
|t:|1757849568
|-activate|p2a: Sinistcha|confusion
|move|p2a: Sinistcha|Strength Sap|p1a: Pelipper
|-unboost|p1a: Pelipper|atk|1
|-heal|p2a: Sinistcha|93/100
|move|p1a: Pelipper|Hurricane|p2a: Sinistcha
|-supereffective|p2a: Sinistcha
|-crit|p2a: Sinistcha
|-damage|p2a: Sinistcha|0 fnt
|faint|p2a: Sinistcha
|
|-weather|RainDance|[upkeep]
|upkeep
|
|t:|1757849574
|switch|p2a: Pikachu|Pikachu, M|100/100
|turn|11
|
|t:|1757849583
|switch|p1a: Walking Wake|Walking Wake|100/100
|move|p2a: Pikachu|Thunderbolt|p1a: Walking Wake
|-damage|p1a: Walking Wake|44/100
|
|-weather|RainDance|[upkeep]
|upkeep
|turn|12
|
|t:|1757849592
|move|p1a: Walking Wake|Draco Meteor|p2a: Pikachu
|-damage|p2a: Pikachu|0 fnt
|-unboost|p1a: Walking Wake|spa|2
|faint|p2a: Pikachu
|
|win|fulldisrespect
|raw|fulldisrespect's rating: 1173 &rarr; <strong>1203</strong><br />(+30 for winning)
|raw|yourragez's rating: 1237 &rarr; <strong>1207</strong><br />(-30 for losing)
|l|☆fulldisrespect
|player|p1|
