|j|☆harc
|j|☆36hpdc
|t:|1757791660
|gametype|singles
|player|p1|harc|lady|1311
|player|p2|36hpdc|265|1320
|gen|9
|tier|[Gen 9] OU
|rated|
|rule|HP Percentage Mod: HP is shown in percentages
|rule|Endless Battle Clause: Forcing endless battles is banned
|rule|Species Clause: Limit one of each Pokémon
|rule|OHKO Clause: OHKO moves are banned
|rule|Evasion Items Clause: Evasion items are banned
|rule|Evasion Moves Clause: Evasion moves are banned
|rule|Evasion Abilities Clause: Evasion abilities are banned
|rule|Sleep Moves Clause: Sleep-inducing moves are banned
|clearpoke
|poke|p1|Corviknight, F|
|poke|p1|Clefable, F|
|poke|p1|Tyranitar, M|
|poke|p1|Reuniclus, F|
|poke|p1|Dondozo, M|
|poke|p1|Forretress, M|
|poke|p2|Dusclops, F|
|poke|p2|Klefki, M|
|poke|p2|Conkeldurr, M|
|poke|p2|Ursaluna, F|
|poke|p2|Kingdra, F|
|poke|p2|Politoed, F|
|teampreview
|
|t:|1757791674
|teamsize|p1|6
|teamsize|p2|6
|start
|switch|p1a: Forretress|Forretress, M|100/100
|switch|p2a: Klefki|Klefki, M|100/100
|turn|1
|
|t:|1757791680
|move|p2a: Klefki|Switcheroo|p1a: Forretress
|-activate|p2a: Klefki|move: Trick|[of] p1a: Forretress
|-item|p1a: Forretress|Choice Scarf|[from] move: Switcheroo
|-item|p2a: Klefki|Light Clay|[from] move: Switcheroo
|move|p1a: Forretress|Stealth Rock|p2a: Klefki
|-sidestart|p2: 36hpdc|move: Stealth Rock
|
|upkeep
|turn|2
|
|t:|1757791698
|switch|p1a: Corviknight|Corviknight, F|100/100
|move|p2a: Klefki|Spikes|p1a: Corviknight
|-sidestart|p1: harc|Spikes
|
|upkeep
|turn|3
|
|t:|1757791704
|move|p2a: Klefki|Thunder Wave|p1a: Corviknight
|-status|p1a: Corviknight|par
|move|p1a: Corviknight|Bulk Up|p1a: Corviknight
|-boost|p1a: Corviknight|atk|1
|-boost|p1a: Corviknight|def|1
|
|upkeep
|turn|4
|
|t:|1757791713
|move|p2a: Klefki|Spikes|p1a: Corviknight
|-sidestart|p1: harc|Spikes
|move|p1a: Corviknight|Bulk Up|p1a: Corviknight
|-boost|p1a: Corviknight|atk|1
|-boost|p1a: Corviknight|def|1
|
|upkeep
|turn|5
|
|t:|1757791720
|move|p2a: Klefki|Spikes|p1a: Corviknight
|-sidestart|p1: harc|Spikes
|move|p1a: Corviknight|Bulk Up|p1a: Corviknight
|-boost|p1a: Corviknight|atk|1
|-boost|p1a: Corviknight|def|1
|
|upkeep
|turn|6
|
|t:|1757791726
|switch|p2a: Dusclops|Dusclops, F|100/100
|-damage|p2a: Dusclops|88/100|[from] Stealth Rock
|-item|p1a: Corviknight|Leftovers|[from] ability: Frisk|[of] p2a: Dusclops
|cant|p1a: Corviknight|par
|
|upkeep
|turn|7
|
|t:|1757791737
|switch|p2a: Ursaluna|Ursaluna, F|100/100
|-damage|p2a: Ursaluna|94/100|[from] Stealth Rock
|move|p1a: Corviknight|Power Trip|p2a: Ursaluna
|-damage|p2a: Ursaluna|43/100
|
|-status|p2a: Ursaluna|brn|[from] item: Flame Orb
|upkeep
|turn|8
|
|t:|1757791749
|switch|p2a: Dusclops|Dusclops, F|88/100
|-damage|p2a: Dusclops|76/100|[from] Stealth Rock
|-item|p1a: Corviknight|Leftovers|[from] ability: Frisk|[of] p2a: Dusclops
|cant|p1a: Corviknight|par
|
|upkeep
|turn|9
|
|t:|1757791757
|move|p1a: Corviknight|Power Trip|p2a: Dusclops
|-supereffective|p2a: Dusclops
|-damage|p2a: Dusclops|0 fnt
|faint|p2a: Dusclops
|
|upkeep
|
|t:|1757791765
|switch|p2a: Politoed|Politoed, F|100/100
|-damage|p2a: Politoed|88/100|[from] Stealth Rock
|-weather|RainDance|[from] ability: Drizzle|[of] p2a: Politoed
|turn|10
|
|t:|1757791771
|switch|p2a: Klefki|Klefki, M|100/100
|-damage|p2a: Klefki|94/100|[from] Stealth Rock
|cant|p1a: Corviknight|par
|
|-weather|RainDance|[upkeep]
|upkeep
|turn|11
|
|t:|1757791781
|switch|p2a: Politoed|Politoed, F|88/100
|-damage|p2a: Politoed|75/100|[from] Stealth Rock
|move|p1a: Corviknight|Power Trip|p2a: Politoed
|-damage|p2a: Politoed|0 fnt
|faint|p2a: Politoed
|
|-weather|RainDance|[upkeep]
|upkeep
|
|t:|1757791792
|switch|p2a: Kingdra|Kingdra, F|100/100
|-damage|p2a: Kingdra|88/100|[from] Stealth Rock
|turn|12
|
|t:|1757791818
|switch|p1a: Tyranitar|Tyranitar, M|100/100
|-damage|p1a: Tyranitar|75/100|[from] Spikes
|-weather|Sandstorm|[from] ability: Sand Stream|[of] p1a: Tyranitar
|move|p2a: Kingdra|Weather Ball|p1a: Tyranitar
|-damage|p1a: Tyranitar|64/100
|-damage|p2a: Kingdra|78/100|[from] item: Life Orb
|
|-weather|Sandstorm|[upkeep]
|-damage|p2a: Kingdra|72/100|[from] Sandstorm
|upkeep
|turn|13
|
|t:|1757791841
|move|p2a: Kingdra|Flash Cannon|p1a: Tyranitar
|-supereffective|p1a: Tyranitar
|-damage|p1a: Tyranitar|45/100
|-damage|p2a: Kingdra|62/100|[from] item: Life Orb
|move|p1a: Tyranitar|Knock Off|p2a: Kingdra
|-damage|p2a: Kingdra|14/100
|-enditem|p2a: Kingdra|Life Orb|[from] move: Knock Off|[of] p1a: Tyranitar
|
|-weather|Sandstorm|[upkeep]
|-damage|p2a: Kingdra|7/100|[from] Sandstorm
|upkeep
|turn|14
|
|t:|1757791851
|move|p2a: Kingdra|Ice Beam|p1a: Tyranitar
|-damage|p1a: Tyranitar|37/100
|move|p1a: Tyranitar|Knock Off|p2a: Kingdra
|-damage|p2a: Kingdra|0 fnt
|faint|p2a: Kingdra
|
|-weather|Sandstorm|[upkeep]
|upkeep
|-message|36hpdc forfeited.
|
|win|harc
|raw|harc's rating: 1311 &rarr; <strong>1332</strong><br />(+21 for winning)
|raw|36hpdc's rating: 1320 &rarr; <strong>1299</strong><br />(-21 for losing)
|l|☆36hpdc
|player|p2|
|l|☆harc
|player|p1|
