|j|☆Passerby bye
|j|☆dunkeykim
|t:|1757945920
|gametype|singles
|player|p1|Passerby bye|cyclist|1388
|player|p2|dunkeykim|cynthia|1451
|gen|9
|tier|[Gen 9] OU
|rated|
|rule|HP Percentage Mod: HP is shown in percentages
|rule|Endless Battle Clause: Forcing endless battles is banned
|rule|Species Clause: Limit one of each Pokémon
|rule|OHKO Clause: OHKO moves are banned
|rule|Evasion Items Clause: Evasion items are banned
|rule|Evasion Moves Clause: Evasion moves are banned
|rule|Evasion Abilities Clause: Evasion abilities are banned
|rule|Sleep Moves Clause: Sleep-inducing moves are banned
|clearpoke
|poke|p1|Magnezone|
|poke|p1|Vileplume, F|
|poke|p1|Gyarados, M|
|poke|p1|Houndoom, M|
|poke|p1|Mamoswine, F|
|poke|p1|Azumarill, M|
|poke|p2|Dragapult, F|
|poke|p2|Kingambit, M|
|poke|p2|Raging Bolt|
|poke|p2|Heatran, M|
|poke|p2|Ogerpon-Wellspring, F|
|poke|p2|Garchomp, F|
|teampreview
|
|t:|1757945927
|teamsize|p1|6
|teamsize|p2|6
|start
|switch|p1a: Legend Pkmn sucks|Magnezone|100/100
|switch|p2a: Dragapult|Dragapult, F|100/100
|turn|1
|inactive|Battle timer is ON: inactive players will automatically lose when time's up. (requested by dunkeykim)
|
|t:|1757945944
|move|p2a: Dragapult|U-turn|p1a: Legend Pkmn sucks
|-resisted|p1a: Legend Pkmn sucks
|-damage|p1a: Legend Pkmn sucks|93/100
|
|t:|1757945948
|switch|p2a: Heatran|Heatran, M|100/100|[from] U-turn
|move|p1a: Legend Pkmn sucks|Flash Cannon|p2a: Heatran
|-resisted|p2a: Heatran
|-crit|p2a: Heatran
|-damage|p2a: Heatran|81/100
|
|-heal|p2a: Heatran|87/100|[from] item: Leftovers
|upkeep
|turn|2
|
|t:|1757945954
|switch|p1a: BST＞540 Pkmn sucks|Gyarados, M, shiny|100/100
|-ability|p1a: BST＞540 Pkmn sucks|Intimidate|boost
|-unboost|p2a: Heatran|atk|1
|move|p2a: Heatran|Magma Storm|p1a: BST＞540 Pkmn sucks
|-resisted|p1a: BST＞540 Pkmn sucks
|-damage|p1a: BST＞540 Pkmn sucks|79/100
|-activate|p1a: BST＞540 Pkmn sucks|move: Magma Storm|[of] p2a: Heatran
|
|-heal|p2a: Heatran|94/100|[from] item: Leftovers
|-damage|p1a: BST＞540 Pkmn sucks|67/100|[from] move: Magma Storm|[partiallytrapped]
|upkeep
|turn|3
|
|t:|1757945977
|move|p1a: BST＞540 Pkmn sucks|Thunder Wave|p2a: Heatran
|-status|p2a: Heatran|par
|cant|p2a: Heatran|par
|
|-heal|p2a: Heatran|99/100 par|[from] item: Leftovers
|-damage|p1a: BST＞540 Pkmn sucks|54/100|[from] move: Magma Storm|[partiallytrapped]
|upkeep
|turn|4
|
|t:|1757945985
|move|p2a: Heatran|Protect|p2a: Heatran
|-singleturn|p2a: Heatran|Protect
|move|p1a: BST＞540 Pkmn sucks|Dragon Dance|p1a: BST＞540 Pkmn sucks
|-boost|p1a: BST＞540 Pkmn sucks|atk|1
|-boost|p1a: BST＞540 Pkmn sucks|spe|1
|
|-heal|p2a: Heatran|100/100 par|[from] item: Leftovers
|-damage|p1a: BST＞540 Pkmn sucks|42/100|[from] move: Magma Storm|[partiallytrapped]
|upkeep
|turn|5
|
|t:|1757945995
|switch|p2a: Garchomp|Garchomp, F|100/100
|move|p1a: BST＞540 Pkmn sucks|Earthquake|p2a: Garchomp
|-damage|p2a: Garchomp|65/100
|
|-end|p1a: BST＞540 Pkmn sucks|Magma Storm|[partiallytrapped]|[silent]
|upkeep
|turn|6
|
|t:|1757946000
|move|p1a: BST＞540 Pkmn sucks|Waterfall|p2a: Garchomp
|-damage|p2a: Garchomp|24/100
|-damage|p1a: BST＞540 Pkmn sucks|30/100|[from] ability: Rough Skin|[of] p2a: Garchomp
|-damage|p1a: BST＞540 Pkmn sucks|13/100|[from] item: Rocky Helmet|[of] p2a: Garchomp
|move|p2a: Garchomp|Dragon Tail|p1a: BST＞540 Pkmn sucks
|-damage|p1a: BST＞540 Pkmn sucks|0 fnt
|faint|p1a: BST＞540 Pkmn sucks
|
|upkeep
|
|t:|1757946008
|switch|p1a: Terrain Team sucks|Mamoswine, F|100/100
|turn|7
|
|t:|1757946011
|move|p1a: Terrain Team sucks|Ice Shard|p2a: Garchomp
|-supereffective|p2a: Garchomp
|-damage|p2a: Garchomp|0 fnt
|faint|p2a: Garchomp
|
|upkeep
|
|t:|1757946016
|switch|p2a: Ogerpon|Ogerpon-Wellspring, F|100/100
|turn|8
|
|t:|1757946024
|switch|p1a: Ordinary Pkmn only|Vileplume, F|100/100
|move|p2a: Ogerpon|Ivy Cudgel|p1a: Ordinary Pkmn only|[anim] Ivy Cudgel Water
|-resisted|p1a: Ordinary Pkmn only
|-damage|p1a: Ordinary Pkmn only|78/100
|
|upkeep
|turn|9
|
|t:|1757946038
|move|p2a: Ogerpon|U-turn|p1a: Ordinary Pkmn only
|-damage|p1a: Ordinary Pkmn only|58/100
|-damage|p2a: Ogerpon|84/100|[from] item: Rocky Helmet|[of] p1a: Ordinary Pkmn only
|
|t:|1757946043
|switch|p2a: Heatran|Heatran, M|100/100 par|[from] U-turn
|move|p1a: Ordinary Pkmn only|Leech Seed|p2a: Heatran
|-start|p2a: Heatran|move: Leech Seed
|
|-damage|p2a: Heatran|88/100 par|[from] Leech Seed|[of] p1a: Ordinary Pkmn only
|-heal|p1a: Ordinary Pkmn only|71/100|[silent]
|upkeep
|turn|10
|
|t:|1757946055
|switch|p1a: Sample Team sucks|Azumarill, M|100/100
|cant|p2a: Heatran|par
|
|-heal|p2a: Heatran|94/100 par|[from] item: Leftovers
|-damage|p2a: Heatran|82/100 par|[from] Leech Seed|[of] p1a: Sample Team sucks
|upkeep
|turn|11
|l|☆dunkeykim
|inactive|dunkeykim disconnected and has a minute to reconnect!
|player|p2|
|inactive|dunkeykim has 30 seconds to reconnect!
|inactive|dunkeykim has 20 seconds to reconnect!
|inactive|dunkeykim has 15 seconds to reconnect!
|inactive|dunkeykim has 10 seconds to reconnect!
|inactive|dunkeykim has 5 seconds to reconnect!
|-message|dunkeykim lost due to inactivity.
|
|win|Passerby bye
|raw|Passerby bye's rating: 1388 &rarr; <strong>1412</strong><br />(+24 for winning)
|raw|dunkeykim's rating: 1451 &rarr; <strong>1427</strong><br />(-24 for losing)
