|j|☆axunyu
|j|☆yhftuko
|t:|1757790110
|gametype|singles
|player|p1|axunyu|266|1477
|player|p2|yhftuko|266|1527
|gen|9
|tier|[Gen 9] OU
|rated|
|rule|HP Percentage Mod: HP is shown in percentages
|rule|Endless Battle Clause: Forcing endless battles is banned
|rule|Species Clause: Limit one of each Pokémon
|rule|OHKO Clause: OHKO moves are banned
|rule|Evasion Items Clause: Evasion items are banned
|rule|Evasion Moves Clause: Evasion moves are banned
|rule|Evasion Abilities Clause: Evasion abilities are banned
|rule|Sleep Moves Clause: Sleep-inducing moves are banned
|clearpoke
|poke|p1|Pelipper, M|
|poke|p1|Walking Wake|
|poke|p1|Barraskewda, M|
|poke|p1|Zapdos|
|poke|p1|Toxicroak, M|
|poke|p1|Iron Treads|
|poke|p2|Great Tusk|
|poke|p2|Deoxys-Speed|
|poke|p2|Clefable, F|
|poke|p2|Kingambit, F|
|poke|p2|Blissey, F|
|poke|p2|Ogerpon-Wellspring, F|
|teampreview
|inactive|Battle timer is ON: inactive players will automatically lose when time's up. (requested by axunyu)
|
|t:|1757790132
|teamsize|p1|6
|teamsize|p2|6
|start
|switch|p1a: Pelipper|Pelipper, M|100/100
|switch|p2a: Blissey|Blissey, F|100/100
|-weather|RainDance|[from] ability: Drizzle|[of] p1a: Pelipper
|turn|1
|
|t:|1757790139
|move|p2a: Blissey|Stealth Rock|p1a: Pelipper
|-sidestart|p1: axunyu|move: Stealth Rock
|move|p1a: Pelipper|U-turn|p2a: Blissey
|-damage|p2a: Blissey|92/100
|
|t:|1757790147
|switch|p1a: Iron Treads|Iron Treads|100/100|[from] U-turn
|-damage|p1a: Iron Treads|97/100|[from] Stealth Rock
|
|-weather|RainDance|[upkeep]
|-heal|p1a: Iron Treads|100/100|[from] item: Leftovers
|upkeep
|turn|2
|
|t:|1757790160
|switch|p2a: Great Tusk|Great Tusk|100/100
|-enditem|p2a: Great Tusk|Booster Energy
|-activate|p2a: Great Tusk|ability: Protosynthesis|[fromitem]
|-start|p2a: Great Tusk|protosynthesisatk
|move|p1a: Iron Treads|Rapid Spin|p2a: Great Tusk
|-damage|p2a: Great Tusk|90/100
|-boost|p1a: Iron Treads|spe|1
|-sideend|p1: axunyu|Stealth Rock|[from] move: Rapid Spin|[of] p1a: Iron Treads
|
|-weather|RainDance|[upkeep]
|upkeep
|turn|3
|
|t:|1757790171
|-end|p1a: Iron Treads|Quark Drive|[silent]
|switch|p1a: Zapdos|Zapdos|100/100
|move|p2a: Great Tusk|Knock Off|p1a: Zapdos
|-damage|p1a: Zapdos|44/100
|-status|p2a: Great Tusk|par|[from] ability: Static|[of] p1a: Zapdos
|-enditem|p1a: Zapdos|Heavy-Duty Boots|[from] move: Knock Off|[of] p2a: Great Tusk
|
|-weather|RainDance|[upkeep]
|upkeep
|turn|4
|
|t:|1757790181
|-end|p2a: Great Tusk|Protosynthesis|[silent]
|switch|p2a: Blissey|Blissey, F|92/100
|move|p1a: Zapdos|Roost|p1a: Zapdos
|-heal|p1a: Zapdos|95/100
|-singleturn|p1a: Zapdos|move: Roost
|
|-weather|RainDance|[upkeep]
|upkeep
|turn|5
|
|t:|1757790191
|switch|p1a: Barraskewda|Barraskewda, M|100/100
|move|p2a: Blissey|Seismic Toss|p1a: Barraskewda
|-damage|p1a: Barraskewda|62/100
|
|-weather|RainDance|[upkeep]
|upkeep
|turn|6
|
|t:|1757790199
|switch|p2a: Ogerpon|Ogerpon-Wellspring, F|100/100
|move|p1a: Barraskewda|Psychic Fangs|p2a: Ogerpon
|-damage|p2a: Ogerpon|37/100
|
|-weather|RainDance|[upkeep]
|upkeep
|turn|7
|
|t:|1757790213
|switch|p1a: Zapdos|Zapdos|95/100
|switch|p2a: Deoxys|Deoxys-Speed|100/100
|-ability|p2a: Deoxys|Pressure
|
|-weather|RainDance|[upkeep]
|upkeep
|turn|8
|
|t:|1757790226
|move|p2a: Deoxys|Nasty Plot|p2a: Deoxys
|-boost|p2a: Deoxys|spa|2
|move|p1a: Zapdos|Volt Switch|p2a: Deoxys
|-damage|p2a: Deoxys|41/100
|
|t:|1757790234
|switch|p1a: Barraskewda|Barraskewda, M|62/100|[from] Volt Switch
|
|-weather|none
|upkeep
|turn|9
|
|t:|1757790239
|switch|p2a: Ogerpon|Ogerpon-Wellspring, F|37/100
|move|p1a: Barraskewda|Liquidation|p2a: Ogerpon
|-heal|p2a: Ogerpon|62/100|[from] ability: Water Absorb|[of] p1a: Barraskewda
|
|upkeep
|turn|10
|
|t:|1757790251
|switch|p1a: Pelipper|Pelipper, M|100/100
|-weather|RainDance|[from] ability: Drizzle|[of] p1a: Pelipper
|move|p2a: Ogerpon|Knock Off|p1a: Pelipper
|-damage|p1a: Pelipper|70/100
|-enditem|p1a: Pelipper|Damp Rock|[from] move: Knock Off|[of] p2a: Ogerpon
|
|-weather|RainDance|[upkeep]
|upkeep
|turn|11
|
|t:|1757790268
|switch|p2a: Blissey|Blissey, F|92/100
|move|p1a: Pelipper|U-turn|p2a: Blissey
|-damage|p2a: Blissey|83/100
|
|t:|1757790273
|switch|p1a: Toxicroak|Toxicroak, M|100/100|[from] U-turn
|
|-weather|RainDance|[upkeep]
|upkeep
|turn|12
|
|t:|1757790283
|switch|p2a: Great Tusk|Great Tusk|90/100 par
|move|p1a: Toxicroak|Gunk Shot|p2a: Great Tusk|[miss]
|-miss|p1a: Toxicroak|p2a: Great Tusk
|
|-weather|RainDance|[upkeep]
|upkeep
|turn|13
|
|t:|1757790293
|move|p1a: Toxicroak|Gunk Shot|p2a: Great Tusk
|-resisted|p2a: Great Tusk
|-damage|p2a: Great Tusk|62/100 par
|-damage|p1a: Toxicroak|91/100|[from] item: Life Orb
|cant|p2a: Great Tusk|par
|
|-weather|RainDance|[upkeep]
|-heal|p1a: Toxicroak|100/100|[from] ability: Dry Skin
|upkeep
|turn|14
|
|t:|1757790305
|switch|p1a: Zapdos|Zapdos|95/100
|move|p2a: Great Tusk|Ice Spinner|p1a: Zapdos
|-supereffective|p1a: Zapdos
|-damage|p1a: Zapdos|30/100
|
|-weather|RainDance|[upkeep]
|upkeep
|turn|15
|
|t:|1757790312
|move|p1a: Zapdos|Hurricane|p2a: Great Tusk
|-supereffective|p2a: Great Tusk
|-damage|p2a: Great Tusk|0 fnt
|faint|p2a: Great Tusk
|-end|p2a: Great Tusk|Protosynthesis|[silent]
|
|-weather|RainDance|[upkeep]
|upkeep
|
|t:|1757790321
|switch|p2a: Ogerpon|Ogerpon-Wellspring, F|62/100
|turn|16
|
|t:|1757790342
|switch|p1a: Toxicroak|Toxicroak, M|100/100
|move|p2a: Ogerpon|Play Rough|p1a: Toxicroak
|-damage|p1a: Toxicroak|48/100
|
|-weather|RainDance|[upkeep]
|-heal|p1a: Toxicroak|60/100|[from] ability: Dry Skin
|upkeep
|turn|17
|
|t:|1757790367
|switch|p2a: Kingambit|Kingambit, F|100/100
|-activate|p2a: Kingambit|ability: Supreme Overlord
|-start|p2a: Kingambit|fallen1|[silent]
|move|p1a: Toxicroak|Sucker Punch||[still]
|-fail|p1a: Toxicroak
|
|-weather|none
|upkeep
|turn|18
|
|t:|1757790376
|-terastallize|p2a: Kingambit|Ghost
|move|p1a: Toxicroak|Close Combat|p2a: Kingambit
|-immune|p2a: Kingambit
|move|p2a: Kingambit|Iron Head|p1a: Toxicroak
|-damage|p1a: Toxicroak|0 fnt
|faint|p1a: Toxicroak
|
|upkeep
|
|t:|1757790389
|switch|p1a: Pelipper|Pelipper, M|70/100
|-weather|RainDance|[from] ability: Drizzle|[of] p1a: Pelipper
|turn|19
|
|t:|1757790397
|move|p2a: Kingambit|Kowtow Cleave|p1a: Pelipper
|-damage|p1a: Pelipper|27/100
|move|p1a: Pelipper|Hydro Pump|p2a: Kingambit
|-damage|p2a: Kingambit|47/100
|
|-weather|RainDance|[upkeep]
|upkeep
|turn|20
|
|t:|1757790404
|move|p2a: Kingambit|Kowtow Cleave|p1a: Pelipper
|-damage|p1a: Pelipper|0 fnt
|faint|p1a: Pelipper
|
|-weather|RainDance|[upkeep]
|upkeep
|
|t:|1757790411
|switch|p1a: Barraskewda|Barraskewda, M|62/100
|turn|21
|
|t:|1757790416
|move|p2a: Kingambit|Sucker Punch|p1a: Barraskewda
|-damage|p1a: Barraskewda|0 fnt
|faint|p1a: Barraskewda
|
|-weather|RainDance|[upkeep]
|upkeep
|
|t:|1757790423
|switch|p1a: Walking Wake|Walking Wake|100/100
|turn|22
|
|t:|1757790426
|-end|p2a: Kingambit|fallen1|[silent]
|switch|p2a: Blissey|Blissey, F|83/100
|move|p1a: Walking Wake|Hydro Steam|p2a: Blissey
|-damage|p2a: Blissey|62/100
|
|-weather|RainDance|[upkeep]
|upkeep
|turn|23
|
|t:|1757790435
|move|p2a: Blissey|Stealth Rock|p1a: Walking Wake
|-sidestart|p1: axunyu|move: Stealth Rock
|move|p1a: Walking Wake|Roar|p2a: Blissey
|drag|p2a: Clefable|Clefable, F|100/100
|
|-weather|none
|upkeep
|turn|24
|
|t:|1757790442
|move|p1a: Walking Wake|Flamethrower|p2a: Clefable
|-damage|p2a: Clefable|72/100
|move|p2a: Clefable|Moonblast|p1a: Walking Wake
|-supereffective|p1a: Walking Wake
|-damage|p1a: Walking Wake|23/100
|
|-heal|p2a: Clefable|78/100|[from] item: Leftovers
|upkeep
|turn|25
|-message|axunyu forfeited.
|
|win|yhftuko
|raw|axunyu's rating: 1477 &rarr; <strong>1460</strong><br />(-17 for losing)
|raw|yhftuko's rating: 1527 &rarr; <strong>1544</strong><br />(+17 for winning)
|l|☆axunyu
|player|p1|
|l|☆yhftuko
|player|p2|
