|j|☆Joe35678
|j|☆killer07
|t:|1757857606
|gametype|singles
|player|p1|Joe35678|169|1553
|player|p2|killer07|101|1584
|gen|9
|tier|[Gen 9] OU
|rated|
|rule|HP Percentage Mod: HP is shown in percentages
|rule|Endless Battle Clause: Forcing endless battles is banned
|rule|Species Clause: Limit one of each Pokémon
|rule|OHKO Clause: OHKO moves are banned
|rule|Evasion Items Clause: Evasion items are banned
|rule|Evasion Moves Clause: Evasion moves are banned
|rule|Evasion Abilities Clause: Evasion abilities are banned
|rule|Sleep Moves Clause: Sleep-inducing moves are banned
|clearpoke
|poke|p1|Hatterene, F|
|poke|p1|Oricorio-Pom-Pom, M|
|poke|p1|Grimmsnarl, M|
|poke|p1|Dragonite, M|
|poke|p1|Cinderace, M|
|poke|p1|Gliscor, M|
|poke|p2|Goodra-Hisui, M|
|poke|p2|Moltres|
|poke|p2|Cinderace, F|
|poke|p2|Azumarill, F|
|poke|p2|Gholdengo|
|poke|p2|Rillaboom, M|
|teampreview
|inactive|Battle timer is ON: inactive players will automatically lose when time's up. (requested by Joe35678)
|inactive|killer07 has 120 seconds left.
|
|t:|1757857657
|teamsize|p1|6
|teamsize|p2|6
|start
|switch|p1a: Cinderace|Cinderace, M|100/100
|switch|p2a: Gholdengo|Gholdengo|100/100
|turn|1
|
|t:|1757857662
|move|p2a: Gholdengo|Power Gem|p1a: Cinderace
|-supereffective|p1a: Cinderace
|-damage|p1a: Cinderace|34/100
|move|p1a: Cinderace|U-turn|p2a: Gholdengo
|-start|p1a: Cinderace|typechange|Bug|[from] ability: Libero
|-resisted|p2a: Gholdengo
|-damage|p2a: Gholdengo|93/100
|
|t:|1757857669
|switch|p1a: Grimmsnarl|Grimmsnarl, M|100/100|[from] U-turn
|
|upkeep
|turn|2
|
|t:|1757857676
|switch|p2a: Moltres|Moltres|100/100
|move|p1a: Grimmsnarl|Light Screen|p1a: Grimmsnarl
|-sidestart|p1: Joe35678|move: Light Screen
|
|upkeep
|turn|3
|
|t:|1757857679
|move|p1a: Grimmsnarl|Reflect|p1a: Grimmsnarl
|-sidestart|p1: Joe35678|Reflect
|move|p2a: Moltres|Will-O-Wisp|p1a: Grimmsnarl
|-status|p1a: Grimmsnarl|brn
|
|-damage|p1a: Grimmsnarl|94/100 brn|[from] brn
|upkeep
|turn|4
|
|t:|1757857683
|move|p1a: Grimmsnarl|Parting Shot|p2a: Moltres
|-unboost|p2a: Moltres|atk|1
|-unboost|p2a: Moltres|spa|1
|
|t:|1757857690
|switch|p1a: Hatterene|Hatterene, F|100/100|[from] Parting Shot
|move|p2a: Moltres|Flamethrower|p1a: Hatterene
|-damage|p1a: Hatterene|87/100
|
|upkeep
|turn|5
|
|t:|1757857693
|switch|p2a: Goodra|Goodra-Hisui, M, shiny|100/100
|move|p1a: Hatterene|Nuzzle|p2a: Goodra
|-resisted|p2a: Goodra
|-damage|p2a: Goodra|99/100
|-status|p2a: Goodra|par
|
|upkeep
|turn|6
|
|t:|1757857696
|move|p1a: Hatterene|Calm Mind|p1a: Hatterene
|-boost|p1a: Hatterene|spa|1
|-boost|p1a: Hatterene|spd|1
|cant|p2a: Goodra|par
|
|upkeep
|turn|7
|
|t:|1757857699
|move|p1a: Hatterene|Calm Mind|p1a: Hatterene
|-boost|p1a: Hatterene|spa|1
|-boost|p1a: Hatterene|spd|1
|move|p2a: Goodra|Flash Cannon|p1a: Hatterene
|-supereffective|p1a: Hatterene
|-damage|p1a: Hatterene|71/100
|
|upkeep
|turn|8
|
|t:|1757857702
|move|p1a: Hatterene|Calm Mind|p1a: Hatterene
|-boost|p1a: Hatterene|spa|1
|-boost|p1a: Hatterene|spd|1
|move|p2a: Goodra|Earthquake|p1a: Hatterene
|-damage|p1a: Hatterene|62/100
|
|upkeep
|turn|9
|
|t:|1757857704
|move|p1a: Hatterene|Calm Mind|p1a: Hatterene
|-boost|p1a: Hatterene|spa|1
|-boost|p1a: Hatterene|spd|1
|cant|p2a: Goodra|par
|
|-sideend|p1: Joe35678|move: Light Screen
|upkeep
|turn|10
|
|t:|1757857707
|move|p1a: Hatterene|Draining Kiss|p2a: Goodra
|-damage|p2a: Goodra|68/100 par
|-heal|p1a: Hatterene|83/100|[from] drain|[of] p2a: Goodra
|move|p2a: Goodra|Earthquake|p1a: Hatterene
|-damage|p1a: Hatterene|73/100
|
|-sideend|p1: Joe35678|Reflect
|upkeep
|turn|11
|
|t:|1757857709
|move|p1a: Hatterene|Draining Kiss|p2a: Goodra
|-damage|p2a: Goodra|41/100 par
|-heal|p1a: Hatterene|92/100|[from] drain|[of] p2a: Goodra
|move|p2a: Goodra|Flash Cannon|p1a: Hatterene
|-supereffective|p1a: Hatterene
|-damage|p1a: Hatterene|68/100
|
|upkeep
|turn|12
|
|t:|1757857712
|move|p1a: Hatterene|Draining Kiss|p2a: Goodra
|-damage|p2a: Goodra|13/100 par
|-heal|p1a: Hatterene|88/100|[from] drain|[of] p2a: Goodra
|move|p2a: Goodra|Earthquake|p1a: Hatterene
|-damage|p1a: Hatterene|68/100
|
|upkeep
|turn|13
|
|t:|1757857718
|move|p1a: Hatterene|Draining Kiss|p2a: Goodra
|-damage|p2a: Goodra|0 fnt
|-heal|p1a: Hatterene|77/100|[from] drain|[of] p2a: Goodra
|faint|p2a: Goodra
|
|upkeep
|
|t:|1757857728
|switch|p2a: Rillaboom|Rillaboom, M|100/100
|-fieldstart|move: Grassy Terrain|[from] ability: Grassy Surge|[of] p2a: Rillaboom
|turn|14
|
|t:|1757857738
|-terastallize|p2a: Rillaboom|Grass
|move|p2a: Rillaboom|Wood Hammer|p1a: Hatterene
|-damage|p1a: Hatterene|0 fnt
|faint|p1a: Hatterene
|-damage|p2a: Rillaboom|77/100|[from] Recoil
|
|-heal|p2a: Rillaboom|83/100|[from] Grassy Terrain
|upkeep
|
|t:|1757857743
|switch|p1a: Dragonite|Dragonite, M|100/100
|turn|15
|
|t:|1757857751
|switch|p2a: Moltres|Moltres|100/100
|move|p1a: Dragonite|Dragon Dance|p1a: Dragonite
|-boost|p1a: Dragonite|atk|1
|-boost|p1a: Dragonite|spe|1
|
|upkeep
|turn|16
|
|t:|1757857756
|-terastallize|p1a: Dragonite|Fire
|move|p1a: Dragonite|Dragon Dance|p1a: Dragonite
|-boost|p1a: Dragonite|atk|1
|-boost|p1a: Dragonite|spe|1
|move|p2a: Moltres|Will-O-Wisp|p1a: Dragonite|[miss]
|-miss|p2a: Moltres|p1a: Dragonite
|
|upkeep
|turn|17
|
|t:|1757857760
|move|p1a: Dragonite|Encore|p2a: Moltres
|-start|p2a: Moltres|Encore
|move|p2a: Moltres|Will-O-Wisp|p1a: Dragonite
|-immune|p1a: Dragonite
|
|upkeep
|turn|18
|
|t:|1757857764
|switch|p2a: Gholdengo|Gholdengo|93/100
|move|p1a: Dragonite|Dragon Dance|p1a: Dragonite
|-boost|p1a: Dragonite|atk|1
|-boost|p1a: Dragonite|spe|1
|
|-heal|p2a: Gholdengo|99/100|[from] Grassy Terrain
|-fieldend|move: Grassy Terrain
|upkeep
|turn|19
|
|t:|1757857766
|move|p1a: Dragonite|Fire Punch|p2a: Gholdengo
|-supereffective|p2a: Gholdengo
|-damage|p2a: Gholdengo|0 fnt
|faint|p2a: Gholdengo
|
|upkeep
|
|t:|1757857769
|switch|p2a: Moltres|Moltres|100/100
|turn|20
|
|t:|1757857773
|move|p1a: Dragonite|Scale Shot|p2a: Moltres
|-damage|p2a: Moltres|76/100
|-damage|p2a: Moltres|50/100
|-damage|p2a: Moltres|26/100
|-damage|p2a: Moltres|0 fnt
|faint|p2a: Moltres
|-hitcount|p2: Moltres|4
|-unboost|p1a: Dragonite|def|1
|-boost|p1a: Dragonite|spe|1
|
|upkeep
|
|t:|1757857780
|switch|p2a: Azumarill|Azumarill, F|100/100
|turn|21
|
|t:|1757857786
|switch|p2a: Cinderace|Cinderace, F|100/100
|move|p1a: Dragonite|Fire Punch|p2a: Cinderace
|-resisted|p2a: Cinderace
|-damage|p2a: Cinderace|21/100
|
|upkeep
|turn|22
|
|t:|1757857791
|move|p1a: Dragonite|Fire Punch|p2a: Cinderace
|-resisted|p2a: Cinderace
|-damage|p2a: Cinderace|0 fnt
|faint|p2a: Cinderace
|
|upkeep
|
|t:|1757857793
|switch|p2a: Rillaboom|Rillaboom, M, tera:Grass|83/100
|-fieldstart|move: Grassy Terrain|[from] ability: Grassy Surge|[of] p2a: Rillaboom
|turn|23
|
|t:|1757857796
|move|p2a: Rillaboom|Grassy Glide|p1a: Dragonite
|-resisted|p1a: Dragonite
|-damage|p1a: Dragonite|66/100
|move|p1a: Dragonite|Fire Punch|p2a: Rillaboom
|-supereffective|p2a: Rillaboom
|-damage|p2a: Rillaboom|0 fnt
|faint|p2a: Rillaboom
|
|-heal|p1a: Dragonite|72/100|[from] Grassy Terrain
|upkeep
|
|t:|1757857799
|switch|p2a: Azumarill|Azumarill, F|100/100
|turn|24
|
|t:|1757857801
|move|p2a: Azumarill|Aqua Jet|p1a: Dragonite
|-supereffective|p1a: Dragonite
|-crit|p1a: Dragonite
|-damage|p1a: Dragonite|0 fnt
|faint|p1a: Dragonite
|
|upkeep
|
|t:|1757857803
|switch|p1a: Oricorio|Oricorio-Pom-Pom, M|100/100
|turn|25
|
|t:|1757857807
|move|p1a: Oricorio|Revelation Dance|p2a: Azumarill
|-supereffective|p2a: Azumarill
|-damage|p2a: Azumarill|30/100
|-enditem|p2a: Azumarill|Sitrus Berry|[eat]
|-heal|p2a: Azumarill|55/100|[from] item: Sitrus Berry
|move|p2a: Azumarill|Belly Drum|p2a: Azumarill
|-damage|p2a: Azumarill|5/100
|-setboost|p2a: Azumarill|atk|6|[from] move: Belly Drum
|
|-heal|p2a: Azumarill|11/100|[from] Grassy Terrain
|upkeep
|turn|26
|
|t:|1757857815
|move|p2a: Azumarill|Aqua Jet|p1a: Oricorio
|-damage|p1a: Oricorio|15/100
|move|p1a: Oricorio|Revelation Dance|p2a: Azumarill
|-supereffective|p2a: Azumarill
|-damage|p2a: Azumarill|0 fnt
|faint|p2a: Azumarill
|
|win|Joe35678
|raw|Joe35678's rating: 1553 &rarr; <strong>1575</strong><br />(+22 for winning)
|raw|killer07's rating: 1584 &rarr; <strong>1562</strong><br />(-22 for losing)
|l|☆killer07
|player|p2|
