|j|☆skymort
|j|☆vryfast
|t:|1757829716
|gametype|singles
|player|p1|skymort|169|1180
|player|p2|vryfast|266|1148
|gen|9
|tier|[Gen 9] OU
|rated|
|rule|HP Percentage Mod: HP is shown in percentages
|rule|Endless Battle Clause: Forcing endless battles is banned
|rule|Species Clause: Limit one of each Pokémon
|rule|OHKO Clause: OHKO moves are banned
|rule|Evasion Items Clause: Evasion items are banned
|rule|Evasion Moves Clause: Evasion moves are banned
|rule|Evasion Abilities Clause: Evasion abilities are banned
|rule|Sleep Moves Clause: Sleep-inducing moves are banned
|clearpoke
|poke|p1|Lucario, F|
|poke|p1|Kingambit, M|
|poke|p1|Zapdos|
|poke|p1|Gliscor, F|
|poke|p1|Kyurem|
|poke|p1|Glimmora, M|
|poke|p2|Kingambit, M|
|poke|p2|Inteleon, M|
|poke|p2|Masquerain, F|
|poke|p2|Donphan, F|
|poke|p2|Gholdengo|
|poke|p2|Feraligatr, F|
|teampreview
|
|t:|1757829722
|teamsize|p1|6
|teamsize|p2|6
|start
|switch|p1a: Glimmora|Glimmora, M|100/100
|switch|p2a: Inteleon|Inteleon, M|100/100
|turn|1
|inactive|Battle timer is ON: inactive players will automatically lose when time's up. (requested by vryfast)
|
|t:|1757829737
|move|p2a: Inteleon|Snipe Shot|p1a: Glimmora
|-supereffective|p1a: Glimmora
|-enditem|p1a: Glimmora|Focus Sash
|-damage|p1a: Glimmora|1/100
|move|p1a: Glimmora|Power Gem|p2a: Inteleon
|-damage|p2a: Inteleon|29/100
|
|upkeep
|turn|2
|
|t:|1757829765
|move|p2a: Inteleon|Snipe Shot|p1a: Glimmora
|-supereffective|p1a: Glimmora
|-damage|p1a: Glimmora|0 fnt
|faint|p1a: Glimmora
|
|upkeep
|inactive|skymort has 120 seconds left.
|
|t:|1757829776
|switch|p1a: Kyurem|Kyurem|100/100
|-ability|p1a: Kyurem|Pressure
|turn|3
|
|t:|1757829784
|move|p2a: Inteleon|Vacuum Wave|p1a: Kyurem
|-supereffective|p1a: Kyurem
|-damage|p1a: Kyurem|73/100
|move|p1a: Kyurem|Freeze-Dry|p2a: Inteleon
|-supereffective|p2a: Inteleon
|-damage|p2a: Inteleon|0 fnt
|faint|p2a: Inteleon
|
|upkeep
|
|t:|1757829797
|switch|p2a: Kingambit|Kingambit, M|100/100
|-activate|p2a: Kingambit|ability: Supreme Overlord
|-start|p2a: Kingambit|fallen1|[silent]
|turn|4
|
|t:|1757829803
|move|p1a: Kyurem|Earth Power|p2a: Kingambit
|-supereffective|p2a: Kingambit
|-damage|p2a: Kingambit|69/100
|move|p2a: Kingambit|Iron Head|p1a: Kyurem
|-supereffective|p1a: Kyurem
|-damage|p1a: Kyurem|0 fnt
|faint|p1a: Kyurem
|
|upkeep
|
|t:|1757829811
|switch|p1a: Lucario|Lucario, F|100/100
|turn|5
|
|t:|1757829817
|-end|p2a: Kingambit|fallen1|[silent]
|switch|p2a: Gholdengo|Gholdengo|100/100
|move|p1a: Lucario|Swords Dance|p1a: Lucario
|-boost|p1a: Lucario|atk|2
|
|upkeep
|turn|6
|
|t:|1757829827
|switch|p2a: Masquerain|Masquerain, F|100/100
|-ability|p2a: Masquerain|Intimidate|boost
|-fail|p1a: Lucario|unboost|Attack|[from] ability: Inner Focus|[of] p1a: Lucario
|move|p1a: Lucario|Swords Dance|p1a: Lucario
|-boost|p1a: Lucario|atk|2
|
|upkeep
|turn|7
|
|t:|1757829839
|move|p1a: Lucario|Meteor Mash|p2a: Masquerain|[miss]
|-miss|p1a: Lucario|p2a: Masquerain
|move|p2a: Masquerain|Whirlwind|p1a: Lucario
|drag|p1a: Zapdos|Zapdos|100/100
|
|upkeep
|turn|8
|
|t:|1757829847
|move|p1a: Zapdos|Hurricane|p2a: Masquerain|[miss]
|-miss|p1a: Zapdos|p2a: Masquerain
|move|p2a: Masquerain|Sticky Web|p1a: Zapdos
|-sidestart|p1: skymort|move: Sticky Web
|
|upkeep
|turn|9
|
|t:|1757829852
|move|p1a: Zapdos|Hurricane|p2a: Masquerain
|-supereffective|p2a: Masquerain
|-enditem|p2a: Masquerain|Focus Sash
|-damage|p2a: Masquerain|1/100
|move|p2a: Masquerain|Whirlwind|p1a: Zapdos
|drag|p1a: Kingambit|Kingambit, M|100/100
|-activate|p1a: Kingambit|move: Sticky Web
|-unboost|p1a: Kingambit|spe|1
|-activate|p1a: Kingambit|ability: Supreme Overlord
|-start|p1a: Kingambit|fallen2|[silent]
|
|upkeep
|turn|10
|
|t:|1757829861
|move|p2a: Masquerain|U-turn|p1a: Kingambit
|-damage|p1a: Kingambit|79/100
|
|t:|1757829867
|switch|p2a: Donphan|Donphan, F|100/100|[from] U-turn
|move|p1a: Kingambit|Swords Dance|p1a: Kingambit
|-boost|p1a: Kingambit|atk|2
|
|-heal|p1a: Kingambit|85/100|[from] item: Leftovers
|upkeep
|turn|11
|
|t:|1757829883
|move|p2a: Donphan|Body Press|p1a: Kingambit
|-supereffective|p1a: Kingambit
|-damage|p1a: Kingambit|0 fnt
|faint|p1a: Kingambit
|-end|p1a: Kingambit|fallen2|[silent]
|
|upkeep
|
|t:|1757829895
|switch|p1a: Gliscor|Gliscor, F|100/100
|turn|12
|
|t:|1757829899
|move|p1a: Gliscor|Toxic|p2a: Donphan
|-status|p2a: Donphan|tox
|move|p2a: Donphan|Stealth Rock|p1a: Gliscor
|-sidestart|p1: skymort|move: Stealth Rock
|
|-damage|p2a: Donphan|94/100 tox|[from] psn
|-status|p1a: Gliscor|tox|[from] item: Toxic Orb
|upkeep
|turn|13
|
|t:|1757829908
|move|p1a: Gliscor|Spikes|p2a: Donphan
|-sidestart|p2: vryfast|Spikes
|move|p2a: Donphan|Rapid Spin|p1a: Gliscor
|-damage|p1a: Gliscor|86/100 tox
|-boost|p2a: Donphan|spe|1
|-sideend|p2: vryfast|Spikes|[from] move: Rapid Spin|[of] p2a: Donphan
|
|-heal|p1a: Gliscor|99/100 tox|[from] ability: Poison Heal
|-damage|p2a: Donphan|82/100 tox|[from] psn
|upkeep
|turn|14
|
|t:|1757829918
|move|p1a: Gliscor|Earthquake|p2a: Donphan
|-damage|p2a: Donphan|55/100 tox
|move|p2a: Donphan|Rapid Spin|p1a: Gliscor
|-damage|p1a: Gliscor|84/100 tox
|-boost|p2a: Donphan|spe|1
|
|-damage|p2a: Donphan|37/100 tox|[from] psn
|-heal|p1a: Gliscor|97/100 tox|[from] ability: Poison Heal
|upkeep
|turn|15
|
|t:|1757829928
|move|p2a: Donphan|Rapid Spin|p1a: Gliscor
|-damage|p1a: Gliscor|83/100 tox
|-boost|p2a: Donphan|spe|1
|move|p1a: Gliscor|Spikes|p2a: Donphan
|-sidestart|p2: vryfast|Spikes
|
|-damage|p2a: Donphan|12/100 tox|[from] psn
|-heal|p1a: Gliscor|95/100 tox|[from] ability: Poison Heal
|upkeep
|turn|16
|
|t:|1757829938
|move|p2a: Donphan|Rapid Spin|p1a: Gliscor
|-damage|p1a: Gliscor|81/100 tox
|-boost|p2a: Donphan|spe|1
|-sideend|p2: vryfast|Spikes|[from] move: Rapid Spin|[of] p2a: Donphan
|move|p1a: Gliscor|Spikes|p2a: Donphan
|-sidestart|p2: vryfast|Spikes
|
|-damage|p2a: Donphan|0 fnt|[from] psn
|faint|p2a: Donphan
|-heal|p1a: Gliscor|93/100 tox|[from] ability: Poison Heal
|upkeep
|
|t:|1757829944
|switch|p2a: Feraligatr|Feraligatr, F, shiny|100/100
|-damage|p2a: Feraligatr|88/100|[from] Spikes
|turn|17
|
|t:|1757829952
|switch|p1a: Zapdos|Zapdos|100/100
|move|p2a: Feraligatr|Dragon Dance|p2a: Feraligatr
|-boost|p2a: Feraligatr|atk|1
|-boost|p2a: Feraligatr|spe|1
|
|upkeep
|turn|18
|
|t:|1757829960
|-terastallize|p2a: Feraligatr|Ice
|move|p2a: Feraligatr|Dragon Dance|p2a: Feraligatr
|-boost|p2a: Feraligatr|atk|1
|-boost|p2a: Feraligatr|spe|1
|move|p1a: Zapdos|Thunder Wave|p2a: Feraligatr
|-status|p2a: Feraligatr|par
|
|upkeep
|turn|19
|
|t:|1757829974
|move|p2a: Feraligatr|Ice Punch|p1a: Zapdos
|-supereffective|p1a: Zapdos
|-damage|p1a: Zapdos|0 fnt
|faint|p1a: Zapdos
|
|upkeep
|
|t:|1757829979
|switch|p1a: Lucario|Lucario, F|100/100
|-activate|p1a: Lucario|move: Sticky Web
|-unboost|p1a: Lucario|spe|1
|-damage|p1a: Lucario|98/100|[from] Stealth Rock
|turn|20
|
|t:|1757829985
|cant|p2a: Feraligatr|par
|move|p1a: Lucario|Meteor Mash|p2a: Feraligatr
|-supereffective|p2a: Feraligatr
|-damage|p2a: Feraligatr|0 fnt
|faint|p2a: Feraligatr
|-damage|p1a: Lucario|88/100|[from] item: Life Orb
|
|upkeep
|
|t:|1757829992
|switch|p2a: Masquerain|Masquerain, F|1/100
|-ability|p2a: Masquerain|Intimidate|boost
|-fail|p1a: Lucario|unboost|Attack|[from] ability: Inner Focus|[of] p1a: Lucario
|turn|21
|
|t:|1757829998
|move|p1a: Lucario|Extreme Speed|p2a: Masquerain
|-damage|p2a: Masquerain|0 fnt
|faint|p2a: Masquerain
|-damage|p1a: Lucario|78/100|[from] item: Life Orb
|
|upkeep
|
|t:|1757830007
|switch|p2a: Gholdengo|Gholdengo|100/100
|-damage|p2a: Gholdengo|88/100|[from] Spikes
|turn|22
|
|t:|1757830022
|switch|p1a: Gliscor|Gliscor, F|93/100 tox
|-damage|p1a: Gliscor|81/100 tox|[from] Stealth Rock
|move|p2a: Gholdengo|Nasty Plot|p2a: Gholdengo
|-boost|p2a: Gholdengo|spa|2
|
|-heal|p1a: Gliscor|93/100 tox|[from] ability: Poison Heal
|upkeep
|turn|23
|
|t:|1757830037
|move|p2a: Gholdengo|Make It Rain|p1a: Gliscor
|-damage|p1a: Gliscor|0 fnt
|-unboost|p2a: Gholdengo|spa|1
|faint|p1a: Gliscor
|
|upkeep
|
|t:|1757830044
|switch|p1a: Lucario|Lucario, F|78/100
|-activate|p1a: Lucario|move: Sticky Web
|-unboost|p1a: Lucario|spe|1
|-damage|p1a: Lucario|75/100|[from] Stealth Rock
|turn|24
|
|t:|1757830049
|move|p2a: Gholdengo|Make It Rain|p1a: Lucario
|-resisted|p1a: Lucario
|-damage|p1a: Lucario|0 fnt
|-unboost|p2a: Gholdengo|spa|1
|faint|p1a: Lucario
|
|win|vryfast
|raw|skymort's rating: 1180 &rarr; <strong>1153</strong><br />(-27 for losing)
|raw|vryfast's rating: 1148 &rarr; <strong>1175</strong><br />(+27 for winning)
|l|☆vryfast
|player|p2|
|l|☆skymort
|player|p1|
