|j|☆YumeKasumi76
|j|☆takeyouout
|t:|1757785678
|gametype|singles
|player|p1|YumeKasumi76|265|1472
|player|p2|takeyouout|richboy|1516
|gen|9
|tier|[Gen 9] OU
|rated|
|rule|HP Percentage Mod: HP is shown in percentages
|rule|Endless Battle Clause: Forcing endless battles is banned
|rule|Species Clause: Limit one of each Pokémon
|rule|OHKO Clause: OHKO moves are banned
|rule|Evasion Items Clause: Evasion items are banned
|rule|Evasion Moves Clause: Evasion moves are banned
|rule|Evasion Abilities Clause: Evasion abilities are banned
|rule|Sleep Moves Clause: Sleep-inducing moves are banned
|clearpoke
|poke|p1|Cobalion|
|poke|p1|Weezing-Galar, M|
|poke|p1|Lokix, F|
|poke|p1|Arboliva, M|
|poke|p1|Ceruledge, F|
|poke|p1|Latios, M|
|poke|p2|Tyranitar, F|
|poke|p2|Garganacl, M|
|poke|p2|Deoxys-Speed|
|poke|p2|Alomomola, F|
|poke|p2|Excadrill, M|
|poke|p2|Tornadus-Therian, M|
|teampreview
|inactive|Battle timer is ON: inactive players will automatically lose when time's up. (requested by takeyouout)
|
|t:|1757785687
|teamsize|p1|6
|teamsize|p2|6
|start
|switch|p1a: Satsuki|Lokix, F, shiny|100/100
|switch|p2a: Molllllyyyyy|Alomomola, F, shiny|100/100
|turn|1
|
|t:|1757785691
|move|p1a: Satsuki|Knock Off|p2a: Molllllyyyyy
|-damage|p2a: Molllllyyyyy|61/100
|-damage|p1a: Satsuki|84/100|[from] item: Rocky Helmet|[of] p2a: Molllllyyyyy
|-enditem|p2a: Molllllyyyyy|Rocky Helmet|[from] move: Knock Off|[of] p1a: Satsuki
|move|p2a: Molllllyyyyy|Flip Turn|p1a: Satsuki
|-damage|p1a: Satsuki|60/100
|
|t:|1757785696
|switch|p2a: Broomhilda|Tyranitar, F, shiny|100/100|[from] Flip Turn
|-weather|Sandstorm|[from] ability: Sand Stream|[of] p2a: Broomhilda
|
|-weather|Sandstorm|[upkeep]
|-damage|p1a: Satsuki|54/100|[from] Sandstorm
|upkeep
|turn|2
|
|t:|1757785700
|switch|p2a: Molllllyyyyy|Alomomola, F, shiny|94/100
|move|p1a: Satsuki|Knock Off|p2a: Molllllyyyyy
|-damage|p2a: Molllllyyyyy|64/100
|
|-weather|Sandstorm|[upkeep]
|-damage|p1a: Satsuki|48/100|[from] Sandstorm
|-damage|p2a: Molllllyyyyy|57/100|[from] Sandstorm
|upkeep
|turn|3
|
|t:|1757785705
|switch|p1a: Ironhyde|Cobalion|100/100
|move|p2a: Molllllyyyyy|Flip Turn|p1a: Ironhyde
|-damage|p1a: Ironhyde|89/100
|-damage|p2a: Molllllyyyyy|41/100|[from] item: Rocky Helmet|[of] p1a: Ironhyde
|
|t:|1757785712
|switch|p2a: Tornadus|Tornadus-Therian, M|100/100|[from] Flip Turn
|
|-weather|Sandstorm|[upkeep]
|-damage|p2a: Tornadus|94/100|[from] Sandstorm
|upkeep
|turn|4
|
|t:|1757785720
|switch|p1a: Jalter|Ceruledge, F|100/100
|move|p2a: Tornadus|Focus Blast|p1a: Jalter
|-immune|p1a: Jalter
|
|-weather|Sandstorm|[upkeep]
|-damage|p2a: Tornadus|88/100|[from] Sandstorm
|-damage|p1a: Jalter|94/100|[from] Sandstorm
|-heal|p1a: Jalter|100/100|[from] item: Leftovers
|upkeep
|turn|5
|
|t:|1757785730
|switch|p1a: M'affald|Weezing-Galar, M|100/100
|-ability|p1a: M'affald|Neutralizing Gas
|move|p2a: Tornadus|Dark Pulse|p1a: M'affald
|-resisted|p1a: M'affald
|-damage|p1a: M'affald|78/100
|-damage|p2a: Tornadus|78/100|[from] item: Life Orb
|
|-weather|none
|upkeep
|turn|6
|
|t:|1757785738
|-end|p1a: M'affald|ability: Neutralizing Gas
|switch|p1a: Iverson|Latios, M|100/100
|move|p2a: Tornadus|Bleakwind Storm|p1a: Iverson|[miss]
|-miss|p2a: Tornadus|p1a: Iverson
|
|upkeep
|turn|7
|
|t:|1757785748
|switch|p2a: Broomhilda|Tyranitar, F, shiny|100/100
|-weather|Sandstorm|[from] ability: Sand Stream|[of] p2a: Broomhilda
|move|p1a: Iverson|Flip Turn|p2a: Broomhilda
|-supereffective|p2a: Broomhilda
|-damage|p2a: Broomhilda|83/100
|
|t:|1757785751
|switch|p1a: Ironhyde|Cobalion|89/100|[from] Flip Turn
|
|-weather|Sandstorm|[upkeep]
|upkeep
|turn|8
|
|t:|1757785756
|switch|p2a: Molllllyyyyy|Alomomola, F, shiny|74/100
|move|p1a: Ironhyde|Volt Switch|p2a: Molllllyyyyy
|-supereffective|p2a: Molllllyyyyy
|-damage|p2a: Molllllyyyyy|47/100
|
|t:|1757785758
|switch|p1a: M'affald|Weezing-Galar, M|78/100|[from] Volt Switch
|-ability|p1a: M'affald|Neutralizing Gas
|
|-weather|Sandstorm|[upkeep]
|-damage|p1a: M'affald|72/100|[from] Sandstorm
|-damage|p2a: Molllllyyyyy|41/100|[from] Sandstorm
|upkeep
|turn|9
|
|t:|1757785770
|move|p1a: M'affald|Will-O-Wisp|p2a: Molllllyyyyy
|-status|p2a: Molllllyyyyy|brn
|move|p2a: Molllllyyyyy|Flip Turn|p1a: M'affald
|-damage|p1a: M'affald|67/100
|
|t:|1757785775
|switch|p2a: Starscream|Excadrill, M|100/100|[from] Flip Turn
|
|-weather|Sandstorm|[upkeep]
|-damage|p1a: M'affald|61/100|[from] Sandstorm
|upkeep
|turn|10
|inactive|YumeKasumi76 has 120 seconds left.
|
|t:|1757785816
|-end|p1a: M'affald|ability: Neutralizing Gas
|switch|p1a: Jalter|Ceruledge, F|100/100
|move|p2a: Starscream|Iron Head|p1a: Jalter
|-resisted|p1a: Jalter
|-damage|p1a: Jalter|65/100
|
|-weather|Sandstorm|[upkeep]
|-damage|p1a: Jalter|59/100|[from] Sandstorm
|-heal|p1a: Jalter|65/100|[from] item: Leftovers
|upkeep
|turn|11
|
|t:|1757785824
|switch|p1a: Iverson|Latios, M|100/100
|move|p2a: Starscream|Iron Head|p1a: Iverson
|-damage|p1a: Iverson|16/100
|
|-weather|none
|upkeep
|turn|12
|inactive|YumeKasumi76 has 120 seconds left.
|
|t:|1757785832
|move|p1a: Iverson|Flip Turn|p2a: Starscream
|-supereffective|p2a: Starscream
|-damage|p2a: Starscream|70/100
|
|t:|1757785835
|switch|p1a: Ironhyde|Cobalion|89/100|[from] Flip Turn
|move|p2a: Starscream|Iron Head|p1a: Ironhyde
|-resisted|p1a: Ironhyde
|-damage|p1a: Ironhyde|67/100
|-damage|p2a: Starscream|54/100|[from] item: Rocky Helmet|[of] p1a: Ironhyde
|
|upkeep
|turn|13
|
|t:|1757785843
|switch|p2a: 99|Deoxys-Speed|100/100
|-ability|p2a: 99|Pressure
|move|p1a: Ironhyde|Volt Switch|p2a: 99
|-damage|p2a: 99|79/100
|
|t:|1757785846
|switch|p1a: Satsuki|Lokix, F, shiny|48/100|[from] Volt Switch
|
|upkeep
|turn|14
|
|t:|1757785849
|switch|p2a: Molllllyyyyy|Alomomola, F, shiny|41/100 brn
|move|p1a: Satsuki|First Impression|p2a: Molllllyyyyy
|-damage|p2a: Molllllyyyyy|3/100 brn
|
|-damage|p2a: Molllllyyyyy|0 fnt|[from] brn
|faint|p2a: Molllllyyyyy
|upkeep
|
|t:|1757785852
|switch|p2a: 99|Deoxys-Speed|79/100
|-ability|p2a: 99|Pressure
|turn|15
|
|t:|1757785856
|switch|p1a: Jalter|Ceruledge, F|65/100
|move|p2a: 99|Focus Blast|p1a: Jalter
|-immune|p1a: Jalter
|
|-heal|p1a: Jalter|71/100|[from] item: Leftovers
|upkeep
|turn|16
|
|t:|1757785864
|move|p2a: 99|Psycho Boost|p1a: Jalter
|-damage|p1a: Jalter|10/100
|-unboost|p2a: 99|spa|2
|-damage|p2a: 99|69/100|[from] item: Life Orb
|move|p1a: Jalter|Bitter Blade|p2a: 99
|-damage|p2a: 99|7/100
|-heal|p1a: Jalter|32/100|[from] drain|[of] p2a: 99
|
|-heal|p1a: Jalter|39/100|[from] item: Leftovers
|upkeep
|turn|17
|
|t:|1757785873
|switch|p2a: Broomhilda|Tyranitar, F, shiny|83/100
|-weather|Sandstorm|[from] ability: Sand Stream|[of] p2a: Broomhilda
|switch|p1a: Satsuki|Lokix, F, shiny|48/100
|
|-weather|Sandstorm|[upkeep]
|-damage|p1a: Satsuki|42/100|[from] Sandstorm
|upkeep
|turn|18
|
|t:|1757785881
|switch|p2a: 99|Deoxys-Speed|7/100
|-ability|p2a: 99|Pressure
|move|p1a: Satsuki|U-turn|p2a: 99
|-supereffective|p2a: 99
|-damage|p2a: 99|0 fnt
|faint|p2a: 99
|
|t:|1757785885
|switch|p1a: Ironhyde|Cobalion|67/100|[from] U-turn
|
|-weather|Sandstorm|[upkeep]
|upkeep
|
|t:|1757785898
|switch|p2a: Starscream|Excadrill, M|54/100
|turn|19
|
|t:|1757785904
|move|p2a: Starscream|Earthquake|p1a: Ironhyde
|-supereffective|p1a: Ironhyde
|-damage|p1a: Ironhyde|0 fnt
|faint|p1a: Ironhyde
|
|-weather|Sandstorm|[upkeep]
|upkeep
|
|t:|1757785907
|switch|p1a: Iverson|Latios, M|16/100
|turn|20
|
|t:|1757785916
|switch|p2a: RockIce|Garganacl, M|100/100
|move|p1a: Iverson|Luster Purge|p2a: RockIce
|-damage|p2a: RockIce|76/100
|
|-weather|Sandstorm|[upkeep]
|-damage|p1a: Iverson|10/100|[from] Sandstorm
|-heal|p2a: RockIce|82/100|[from] item: Leftovers
|upkeep
|turn|21
|
|t:|1757785926
|switch|p1a: Pantheon|Arboliva, M|100/100
|move|p2a: RockIce|Protect||[still]
|-fail|p2a: RockIce
|
|-weather|none
|-heal|p2a: RockIce|88/100|[from] item: Leftovers
|upkeep
|turn|22
|
|t:|1757785934
|switch|p2a: Tornadus|Tornadus-Therian, M|100/100
|move|p1a: Pantheon|Tera Blast|p2a: Tornadus
|-damage|p2a: Tornadus|55/100
|
|upkeep
|turn|23
|
|t:|1757785942
|move|p2a: Tornadus|Bleakwind Storm|p1a: Pantheon|[miss]
|-miss|p2a: Tornadus|p1a: Pantheon
|move|p1a: Pantheon|Mirror Coat||[still]
|-fail|p1a: Pantheon
|
|upkeep
|turn|24
|
|t:|1757785946
|move|p2a: Tornadus|Nasty Plot|p2a: Tornadus
|-boost|p2a: Tornadus|spa|2
|move|p1a: Pantheon|Tera Blast|p2a: Tornadus
|-damage|p2a: Tornadus|1/100
|
|upkeep
|turn|25
|
|t:|1757785957
|switch|p2a: Broomhilda|Tyranitar, F, shiny|83/100
|-weather|Sandstorm|[from] ability: Sand Stream|[of] p2a: Broomhilda
|move|p1a: Pantheon|Earth Power|p2a: Broomhilda
|-supereffective|p2a: Broomhilda
|-crit|p2a: Broomhilda
|-damage|p2a: Broomhilda|49/100
|
|-weather|Sandstorm|[upkeep]
|-damage|p1a: Pantheon|94/100|[from] Sandstorm
|upkeep
|turn|26
|
|t:|1757785962
|move|p2a: Broomhilda|Stealth Rock|p1a: Pantheon
|-sidestart|p1: YumeKasumi76|move: Stealth Rock
|move|p1a: Pantheon|Giga Drain|p2a: Broomhilda
|-supereffective|p2a: Broomhilda
|-damage|p2a: Broomhilda|19/100
|-heal|p1a: Pantheon|100/100|[from] drain|[of] p2a: Broomhilda
|
|-weather|Sandstorm|[upkeep]
|-damage|p1a: Pantheon|94/100|[from] Sandstorm
|upkeep
|turn|27
|
|t:|1757785974
|switch|p1a: Iverson|Latios, M|10/100
|-damage|p1a: Iverson|0 fnt|[from] Stealth Rock
|faint|p1a: Iverson
|move|p2a: Broomhilda|Knock Off|p1: Iverson|[notarget]
|-fail|p2a: Broomhilda
|
|-weather|Sandstorm|[upkeep]
|upkeep
|
|t:|1757785979
|switch|p1a: Satsuki|Lokix, F, shiny|42/100
|-damage|p1a: Satsuki|17/100|[from] Stealth Rock
|turn|28
|
|t:|1757785996
|move|p1a: Satsuki|Knock Off|p2a: Broomhilda
|-resisted|p2a: Broomhilda
|-damage|p2a: Broomhilda|0 fnt
|-enditem|p2a: Broomhilda|Heavy-Duty Boots|[from] move: Knock Off|[of] p1a: Satsuki
|faint|p2a: Broomhilda
|
|-weather|Sandstorm|[upkeep]
|-damage|p1a: Satsuki|11/100|[from] Sandstorm
|upkeep
|
|t:|1757786005
|switch|p2a: Tornadus|Tornadus-Therian, M|34/100
|turn|29
|
|t:|1757786013
|switch|p1a: Pantheon|Arboliva, M|94/100
|-damage|p1a: Pantheon|82/100|[from] Stealth Rock
|move|p2a: Tornadus|Bleakwind Storm|p1a: Pantheon|[miss]
|-miss|p2a: Tornadus|p1a: Pantheon
|
|-weather|none
|upkeep
|turn|30
|c|☆takeyouout|like yk
|c|☆takeyouout|lol
|inactive|takeyouout has 120 seconds left.
|
|t:|1757786049
|move|p2a: Tornadus|Bleakwind Storm|p1a: Pantheon|[miss]
|-miss|p2a: Tornadus|p1a: Pantheon
|move|p1a: Pantheon|Tera Blast|p2a: Tornadus
|-damage|p2a: Tornadus|0 fnt
|faint|p2a: Tornadus
|
|upkeep
|c|☆takeyouout|u got it.
|c|☆YumeKasumi76|I'm av, dude.
|c|☆YumeKasumi76|I don't care if you hit.
|inactive|takeyouout has 90 seconds left.
|c|☆takeyouout|yk chip on switch in would be nice
|c|☆takeyouout|im literally life orb
|c|☆takeyouout|lol
|c|☆takeyouout|but instead i missed 3x
|-message|takeyouout forfeited.
|
|win|YumeKasumi76
|raw|YumeKasumi76's rating: 1472 &rarr; <strong>1493</strong><br />(+21 for winning)
|raw|takeyouout's rating: 1494 &rarr; <strong>1473</strong><br />(-21 for losing)
|c|☆YumeKasumi76|U turn or knock
|l|☆takeyouout
|player|p2|
|c|☆YumeKasumi76|Simple
|c|☆YumeKasumi76|Keep crying
|l|☆YumeKasumi76
|player|p1|
