|j|☆the.ramen.gang
|j|☆vitos86
|t:|1757872998
|gametype|singles
|player|p1|the.ramen.gang|101|1163
|player|p2|vitos86|biker|1110
|gen|9
|tier|[Gen 9] OU
|rated|
|rule|HP Percentage Mod: HP is shown in percentages
|rule|Endless Battle Clause: Forcing endless battles is banned
|rule|Species Clause: Limit one of each Pokémon
|rule|OHKO Clause: OHKO moves are banned
|rule|Evasion Items Clause: Evasion items are banned
|rule|Evasion Moves Clause: Evasion moves are banned
|rule|Evasion Abilities Clause: Evasion abilities are banned
|rule|Sleep Moves Clause: Sleep-inducing moves are banned
|clearpoke
|poke|p1|Squawkabilly, F|
|poke|p1|Conkeldurr, M|
|poke|p1|Scizor, M|
|poke|p1|Golurk|
|poke|p1|Alcremie, F|
|poke|p1|Dudunsparce-*, M|
|poke|p2|Mightyena, M|
|poke|p2|Jolteon, M|
|poke|p2|Honchkrow, M|
|poke|p2|Meganium, M|
|poke|p2|Lapras, M|
|poke|p2|Blastoise, M|
|teampreview
|inactive|Battle timer is ON: inactive players will automatically lose when time's up. (requested by vitos86)
|
|t:|1757873016
|teamsize|p1|6
|teamsize|p2|6
|start
|switch|p1a: Conkeldurr|Conkeldurr, M|100/100
|switch|p2a: Honchkrow|Honchkrow, M|100/100
|turn|1
|
|t:|1757873029
|switch|p1a: Scizor|Scizor, M|100/100
|move|p2a: Honchkrow|Brave Bird|p1a: Scizor
|-damage|p1a: Scizor|44/100
|-damage|p2a: Honchkrow|85/100|[from] Recoil
|
|upkeep
|turn|2
|
|t:|1757873038
|move|p1a: Scizor|Bullet Punch|p2a: Honchkrow
|-damage|p2a: Honchkrow|32/100
|move|p2a: Honchkrow|Brave Bird|p1a: Scizor
|-damage|p1a: Scizor|0 fnt
|faint|p1a: Scizor
|-damage|p2a: Honchkrow|20/100|[from] Recoil
|
|upkeep
|
|t:|1757873043
|switch|p1a: Squawkabilly|Squawkabilly, F|100/100
|turn|3
|
|t:|1757873049
|move|p1a: Squawkabilly|Aerial Ace|p2a: Honchkrow
|-damage|p2a: Honchkrow|0 fnt
|faint|p2a: Honchkrow
|
|upkeep
|
|t:|1757873054
|switch|p2a: Jolteon|Jolteon, M|100/100
|turn|4
|
|t:|1757873063
|move|p1a: Squawkabilly|Aerial Ace|p2a: Jolteon
|-resisted|p2a: Jolteon
|-damage|p2a: Jolteon|59/100
|move|p2a: Jolteon|Shadow Ball|p1a: Squawkabilly
|-immune|p1a: Squawkabilly
|
|upkeep
|turn|5
|
|t:|1757873070
|move|p1a: Squawkabilly|Aerial Ace|p2a: Jolteon
|-resisted|p2a: Jolteon
|-damage|p2a: Jolteon|19/100
|move|p2a: Jolteon|Discharge|p1a: Squawkabilly
|-supereffective|p1a: Squawkabilly
|-damage|p1a: Squawkabilly|0 fnt
|faint|p1a: Squawkabilly
|
|upkeep
|
|t:|1757873075
|switch|p1a: Dudunsparce|Dudunsparce-Three-Segment, M|100/100
|turn|6
|
|t:|1757873083
|move|p2a: Jolteon|Discharge|p1a: Dudunsparce
|-crit|p1a: Dudunsparce
|-damage|p1a: Dudunsparce|66/100
|move|p1a: Dudunsparce|Calm Mind|p1a: Dudunsparce
|-boost|p1a: Dudunsparce|spa|1
|-boost|p1a: Dudunsparce|spd|1
|
|-heal|p1a: Dudunsparce|72/100|[from] item: Leftovers
|upkeep
|turn|7
|
|t:|1757873093
|move|p2a: Jolteon|Discharge|p1a: Dudunsparce
|-damage|p1a: Dudunsparce|56/100
|move|p1a: Dudunsparce|Calm Mind|p1a: Dudunsparce
|-boost|p1a: Dudunsparce|spa|1
|-boost|p1a: Dudunsparce|spd|1
|
|-heal|p1a: Dudunsparce|63/100|[from] item: Leftovers
|upkeep
|turn|8
|
|t:|1757873103
|move|p2a: Jolteon|Discharge|p1a: Dudunsparce
|-damage|p1a: Dudunsparce|51/100
|move|p1a: Dudunsparce|Roost|p1a: Dudunsparce
|-heal|p1a: Dudunsparce|100/100
|-singleturn|p1a: Dudunsparce|move: Roost
|
|upkeep
|turn|9
|
|t:|1757873116
|move|p2a: Jolteon|Discharge|p1a: Dudunsparce
|-damage|p1a: Dudunsparce|89/100
|move|p1a: Dudunsparce|Boomburst|p2a: Jolteon
|-damage|p2a: Jolteon|0 fnt
|faint|p2a: Jolteon
|
|-heal|p1a: Dudunsparce|95/100|[from] item: Leftovers
|upkeep
|
|t:|1757873127
|switch|p2a: Meganium|Meganium, M|100/100
|turn|10
|
|t:|1757873131
|move|p2a: Meganium|Poison Powder|p1a: Dudunsparce
|-status|p1a: Dudunsparce|psn
|move|p1a: Dudunsparce|Boomburst|p2a: Meganium
|-damage|p2a: Meganium|36/100
|
|-heal|p1a: Dudunsparce|100/100 psn|[from] item: Leftovers
|-damage|p1a: Dudunsparce|88/100 psn|[from] psn
|upkeep
|turn|11
|
|t:|1757873141
|move|p2a: Meganium|Leech Seed|p1a: Dudunsparce
|-start|p1a: Dudunsparce|move: Leech Seed
|move|p1a: Dudunsparce|Boomburst|p2a: Meganium
|-damage|p2a: Meganium|0 fnt
|faint|p2a: Meganium
|
|-heal|p1a: Dudunsparce|94/100 psn|[from] item: Leftovers
|-damage|p1a: Dudunsparce|82/100 psn|[from] psn
|upkeep
|
|t:|1757873155
|switch|p2a: Lapras|Lapras, M|100/100
|turn|12
|
|t:|1757873162
|move|p2a: Lapras|Dragon Dance|p2a: Lapras
|-boost|p2a: Lapras|atk|1
|-boost|p2a: Lapras|spe|1
|move|p1a: Dudunsparce|Boomburst|p2a: Lapras
|-damage|p2a: Lapras|32/100
|
|-heal|p2a: Lapras|38/100|[from] item: Leftovers
|-heal|p1a: Dudunsparce|88/100 psn|[from] item: Leftovers
|-damage|p1a: Dudunsparce|76/100 psn|[from] Leech Seed|[of] p2a: Lapras
|-heal|p2a: Lapras|50/100|[silent]
|-damage|p1a: Dudunsparce|63/100 psn|[from] psn
|upkeep
|turn|13
|
|t:|1757873178
|move|p2a: Lapras|Liquidation|p1a: Dudunsparce
|-damage|p1a: Dudunsparce|28/100 psn
|move|p1a: Dudunsparce|Boomburst|p2a: Lapras
|-damage|p2a: Lapras|0 fnt
|faint|p2a: Lapras
|
|-heal|p1a: Dudunsparce|35/100 psn|[from] item: Leftovers
|-damage|p1a: Dudunsparce|22/100 psn|[from] psn
|upkeep
|
|t:|1757873190
|switch|p2a: Blastoise|Blastoise, M|100/100
|turn|14
|
|t:|1757873203
|move|p2a: Blastoise|Shell Smash|p2a: Blastoise
|-unboost|p2a: Blastoise|def|1
|-unboost|p2a: Blastoise|spd|1
|-boost|p2a: Blastoise|atk|2
|-boost|p2a: Blastoise|spa|2
|-boost|p2a: Blastoise|spe|2
|-enditem|p2a: Blastoise|White Herb
|-clearnegativeboost|p2a: Blastoise|[silent]
|move|p1a: Dudunsparce|Boomburst|p2a: Blastoise
|-damage|p2a: Blastoise|20/100
|
|-heal|p1a: Dudunsparce|28/100 psn|[from] item: Leftovers
|-damage|p1a: Dudunsparce|16/100 psn|[from] Leech Seed|[of] p2a: Blastoise
|-heal|p2a: Blastoise|35/100|[silent]
|-damage|p1a: Dudunsparce|4/100 psn|[from] psn
|upkeep
|turn|15
|
|t:|1757873222
|move|p2a: Blastoise|Aura Sphere|p1a: Dudunsparce
|-supereffective|p1a: Dudunsparce
|-damage|p1a: Dudunsparce|0 fnt
|faint|p1a: Dudunsparce
|
|upkeep
|
|t:|1757873232
|switch|p1a: Alcremie|Alcremie, F|100/100
|turn|16
|
|t:|1757873238
|move|p2a: Blastoise|Ice Beam|p1a: Alcremie
|-damage|p1a: Alcremie|70/100
|move|p1a: Alcremie|Alluring Voice|p2a: Blastoise
|-damage|p2a: Blastoise|6/100
|
|-heal|p1a: Alcremie|76/100|[from] item: Leftovers
|upkeep
|turn|17
|
|t:|1757873247
|move|p2a: Blastoise|Ice Beam|p1a: Alcremie
|-crit|p1a: Alcremie
|-damage|p1a: Alcremie|28/100
|move|p1a: Alcremie|Alluring Voice|p2a: Blastoise
|-damage|p2a: Blastoise|0 fnt
|faint|p2a: Blastoise
|
|-heal|p1a: Alcremie|34/100|[from] item: Leftovers
|upkeep
|
|t:|1757873257
|switch|p2a: Mightyena|Mightyena, M|100/100
|turn|18
|
|t:|1757873261
|move|p2a: Mightyena|Poison Fang|p1a: Alcremie
|-supereffective|p1a: Alcremie
|-damage|p1a: Alcremie|0 fnt
|faint|p1a: Alcremie
|-ability|p2a: Mightyena|Moxie|boost
|-boost|p2a: Mightyena|atk|1
|-damage|p2a: Mightyena|91/100|[from] item: Life Orb
|
|upkeep
|
|t:|1757873263
|switch|p1a: Golurk|Golurk|100/100
|turn|19
|
|t:|1757873281
|-terastallize|p2a: Mightyena|Dark
|-terastallize|p1a: Golurk|Ground
|move|p2a: Mightyena|Crunch|p1a: Golurk
|-damage|p1a: Golurk|1/100
|-enditem|p1a: Golurk|Sitrus Berry|[eat]
|-heal|p1a: Golurk|26/100|[from] item: Sitrus Berry
|-damage|p2a: Mightyena|81/100|[from] item: Life Orb
|move|p1a: Golurk|Earthquake|p2a: Mightyena
|-damage|p2a: Mightyena|0 fnt
|faint|p2a: Mightyena
|
|win|the.ramen.gang
|raw|the.ramen.gang's rating: 1163 &rarr; <strong>1184</strong><br />(+21 for winning)
|raw|vitos86's rating: 1110 &rarr; <strong>1089</strong><br />(-21 for losing)
|l|☆vitos86
|player|p2|
