|j|☆suprya
|j|☆modegobelin
|t:|1757902582
|gametype|singles
|player|p1|suprya|preschooler|1687
|player|p2|modegobelin|170|1657
|gen|9
|tier|[Gen 9] OU
|rated|
|rule|HP Percentage Mod: HP is shown in percentages
|rule|Endless Battle Clause: Forcing endless battles is banned
|rule|Species Clause: Limit one of each Pokémon
|rule|OHKO Clause: OHKO moves are banned
|rule|Evasion Items Clause: Evasion items are banned
|rule|Evasion Moves Clause: Evasion moves are banned
|rule|Evasion Abilities Clause: Evasion abilities are banned
|rule|Sleep Moves Clause: Sleep-inducing moves are banned
|clearpoke
|poke|p1|Araquanid, F|
|poke|p1|Great Tusk|
|poke|p1|Tinkaton, F|
|poke|p1|Skeledirge, F|
|poke|p1|Raging Bolt|
|poke|p1|Kingambit, M|
|poke|p2|Samurott-Hisui, F|
|poke|p2|Garganacl, M|
|poke|p2|Iron Treads|
|poke|p2|Moltres|
|poke|p2|Pecharunt|
|poke|p2|Hoopa-Unbound|
|teampreview
|inactive|Battle timer is ON: inactive players will automatically lose when time's up. (requested by suprya)
|
|t:|1757902609
|teamsize|p1|6
|teamsize|p2|6
|start
|switch|p1a: Raging Bolt|Raging Bolt|100/100
|switch|p2a: Samurott|Samurott-Hisui, F|100/100
|-enditem|p1a: Raging Bolt|Booster Energy
|-activate|p1a: Raging Bolt|ability: Protosynthesis|[fromitem]
|-start|p1a: Raging Bolt|protosynthesisspa
|turn|1
|
|t:|1757902617
|switch|p2a: Iron Treads|Iron Treads|100/100
|move|p1a: Raging Bolt|Dragon Pulse|p2a: Iron Treads
|-resisted|p2a: Iron Treads
|-damage|p2a: Iron Treads|70/100
|
|-heal|p2a: Iron Treads|76/100|[from] item: Leftovers
|upkeep
|turn|2
|j| nianling
|
|t:|1757902623
|move|p2a: Iron Treads|Earthquake|p1a: Raging Bolt
|-supereffective|p1a: Raging Bolt
|-damage|p1a: Raging Bolt|29/100
|move|p1a: Raging Bolt|Dragon Pulse|p2a: Iron Treads
|-resisted|p2a: Iron Treads
|-damage|p2a: Iron Treads|48/100
|
|-heal|p2a: Iron Treads|54/100|[from] item: Leftovers
|upkeep
|turn|3
|
|t:|1757902627
|-end|p1a: Raging Bolt|Protosynthesis|[silent]
|switch|p1a: Araquanid|Araquanid, F|100/100
|move|p2a: Iron Treads|Earthquake|p1a: Araquanid
|-resisted|p1a: Araquanid
|-damage|p1a: Araquanid|78/100
|
|-heal|p2a: Iron Treads|60/100|[from] item: Leftovers
|upkeep
|turn|4
|
|t:|1757902630
|-end|p2a: Iron Treads|Quark Drive|[silent]
|switch|p2a: Samurott|Samurott-Hisui, F|100/100
|move|p1a: Araquanid|Sticky Web|p2a: Samurott
|-sidestart|p2: modegobelin|move: Sticky Web
|
|upkeep
|turn|5
|
|t:|1757902635
|move|p2a: Samurott|Ceaseless Edge|p1a: Araquanid
|-damage|p1a: Araquanid|13/100
|-sidestart|p1: suprya|Spikes
|move|p1a: Araquanid|Endeavor|p2a: Samurott
|-damage|p2a: Samurott|13/100
|
|upkeep
|turn|6
|
|t:|1757902646
|move|p2a: Samurott|Ceaseless Edge|p1a: Araquanid
|-damage|p1a: Araquanid|0 fnt
|-sidestart|p1: suprya|Spikes
|faint|p1a: Araquanid
|
|upkeep
|
|t:|1757902650
|switch|p1a: Tinkaton|Tinkaton, F|100/100
|-damage|p1a: Tinkaton|84/100|[from] Spikes
|-ability|p1a: Tinkaton|Mold Breaker
|turn|7
|
|t:|1757902657
|switch|p2a: Iron Treads|Iron Treads|60/100
|-activate|p2a: Iron Treads|move: Sticky Web
|-unboost|p2a: Iron Treads|spe|1
|move|p1a: Tinkaton|Swords Dance|p1a: Tinkaton
|-boost|p1a: Tinkaton|atk|2
|
|-heal|p2a: Iron Treads|67/100|[from] item: Leftovers
|upkeep
|turn|8
|
|t:|1757902665
|switch|p1a: Skeledirge|Skeledirge, F|100/100
|-item|p1a: Skeledirge|Air Balloon
|move|p2a: Iron Treads|Earthquake|p1a: Skeledirge
|-immune|p1a: Skeledirge
|
|-heal|p2a: Iron Treads|73/100|[from] item: Leftovers
|upkeep
|turn|9
|
|t:|1757902672
|-end|p2a: Iron Treads|Quark Drive|[silent]
|switch|p2a: Garganacl|Garganacl, M|100/100
|-activate|p2a: Garganacl|move: Sticky Web
|-unboost|p2a: Garganacl|spe|1
|move|p1a: Skeledirge|Torch Song|p2a: Garganacl
|-resisted|p2a: Garganacl
|-damage|p2a: Garganacl|85/100
|-boost|p1a: Skeledirge|spa|1
|
|-heal|p2a: Garganacl|92/100|[from] item: Leftovers
|upkeep
|turn|10
|
|t:|1757902676
|move|p1a: Skeledirge|Torch Song|p2a: Garganacl
|-resisted|p2a: Garganacl
|-damage|p2a: Garganacl|72/100
|-boost|p1a: Skeledirge|spa|1
|move|p2a: Garganacl|Salt Cure|p1a: Skeledirge
|-supereffective|p1a: Skeledirge
|-damage|p1a: Skeledirge|75/100
|-start|p1a: Skeledirge|Salt Cure
|-enditem|p1a: Skeledirge|Air Balloon
|
|-heal|p2a: Garganacl|78/100|[from] item: Leftovers
|-damage|p1a: Skeledirge|63/100|[from] Salt Cure
|upkeep
|turn|11
|
|t:|1757902682
|move|p1a: Skeledirge|Earth Power|p2a: Garganacl
|-supereffective|p2a: Garganacl
|-damage|p2a: Garganacl|0 fnt
|faint|p2a: Garganacl
|
|-damage|p1a: Skeledirge|50/100|[from] Salt Cure
|upkeep
|
|t:|1757902688
|switch|p2a: Samurott|Samurott-Hisui, F|13/100
|-activate|p2a: Samurott|move: Sticky Web
|-unboost|p2a: Samurott|spe|1
|turn|12
|
|t:|1757902696
|-terastallize|p1a: Skeledirge|Water
|move|p2a: Samurott|Aqua Jet|p1a: Skeledirge
|-resisted|p1a: Skeledirge
|-damage|p1a: Skeledirge|39/100
|move|p1a: Skeledirge|Slack Off|p1a: Skeledirge
|-heal|p1a: Skeledirge|89/100
|
|-damage|p1a: Skeledirge|64/100|[from] Salt Cure
|upkeep
|turn|13
|
|t:|1757902703
|switch|p2a: Hoopa|Hoopa-Unbound|100/100
|-activate|p2a: Hoopa|move: Sticky Web
|-unboost|p2a: Hoopa|spe|1
|move|p1a: Skeledirge|Torch Song|p2a: Hoopa
|-damage|p2a: Hoopa|61/100
|-boost|p1a: Skeledirge|spa|1
|
|-damage|p1a: Skeledirge|39/100|[from] Salt Cure
|upkeep
|turn|14
|
|t:|1757902718
|switch|p1a: Tinkaton|Tinkaton, F|84/100
|-damage|p1a: Tinkaton|68/100|[from] Spikes
|-ability|p1a: Tinkaton|Mold Breaker
|move|p2a: Hoopa|Psychic Noise|p1a: Tinkaton
|-resisted|p1a: Tinkaton
|-damage|p1a: Tinkaton|44/100
|-start|p1a: Tinkaton|move: Heal Block
|
|upkeep
|turn|15
|
|t:|1757902721
|switch|p2a: Moltres|Moltres|100/100
|move|p1a: Tinkaton|Gigaton Hammer|p2a: Moltres
|-resisted|p2a: Moltres
|-damage|p2a: Moltres|72/100
|-damage|p1a: Tinkaton|35/100|[from] item: Life Orb
|
|-end|p1a: Tinkaton|move: Heal Block
|upkeep
|turn|16
|
|t:|1757902728
|switch|p1a: Raging Bolt|Raging Bolt|29/100
|-damage|p1a: Raging Bolt|13/100|[from] Spikes
|move|p2a: Moltres|Flamethrower|p1a: Raging Bolt
|-resisted|p1a: Raging Bolt
|-damage|p1a: Raging Bolt|0 fnt
|faint|p1a: Raging Bolt
|-end|p1a: Raging Bolt|Protosynthesis|[silent]
|
|upkeep
|
|t:|1757902733
|switch|p1a: Great Tusk|Great Tusk|100/100
|-damage|p1a: Great Tusk|84/100|[from] Spikes
|-enditem|p1a: Great Tusk|Booster Energy
|-activate|p1a: Great Tusk|ability: Protosynthesis|[fromitem]
|-start|p1a: Great Tusk|protosynthesisatk
|turn|17
|
|t:|1757902739
|move|p1a: Great Tusk|Rapid Spin|p2a: Moltres
|-damage|p2a: Moltres|56/100
|-boost|p1a: Great Tusk|spe|1
|-sideend|p1: suprya|Spikes|[from] move: Rapid Spin|[of] p1a: Great Tusk
|move|p2a: Moltres|Will-O-Wisp|p1a: Great Tusk
|-status|p1a: Great Tusk|brn
|
|-damage|p1a: Great Tusk|78/100 brn|[from] brn
|upkeep
|turn|18
|
|t:|1757902745
|-end|p1a: Great Tusk|Protosynthesis|[silent]
|switch|p1a: Skeledirge|Skeledirge, F, tera:Water|39/100
|move|p2a: Moltres|Roost|p2a: Moltres
|-heal|p2a: Moltres|100/100
|-singleturn|p2a: Moltres|move: Roost
|
|upkeep
|turn|19
|
|t:|1757902748
|move|p1a: Skeledirge|Slack Off|p1a: Skeledirge
|-heal|p1a: Skeledirge|89/100
|move|p2a: Moltres|Roar|p1a: Skeledirge
|drag|p1a: Great Tusk|Great Tusk|78/100 brn
|
|-damage|p1a: Great Tusk|72/100 brn|[from] brn
|upkeep
|turn|20
|
|t:|1757902756
|-end|p1a: Great Tusk|Protosynthesis|[silent]
|switch|p1a: Skeledirge|Skeledirge, F, tera:Water|89/100
|switch|p2a: Pecharunt|Pecharunt|100/100
|
|upkeep
|turn|21
|
|t:|1757902760
|switch|p1a: Kingambit|Kingambit, M|100/100
|move|p2a: Pecharunt|Malignant Chain|p1a: Kingambit
|-immune|p1a: Kingambit
|
|upkeep
|turn|22
|
|t:|1757902764
|move|p2a: Pecharunt|Parting Shot|p1a: Kingambit
|-unboost|p1a: Kingambit|atk|1
|-ability|p1a: Kingambit|Defiant|boost
|-boost|p1a: Kingambit|atk|2
|-unboost|p1a: Kingambit|spa|1
|-ability|p1a: Kingambit|Defiant|boost
|-boost|p1a: Kingambit|atk|2
|
|t:|1757902769
|switch|p2a: Samurott|Samurott-Hisui, F|13/100|[from] Parting Shot
|-activate|p2a: Samurott|move: Sticky Web
|-unboost|p2a: Samurott|spe|1
|move|p1a: Kingambit|Swords Dance|p1a: Kingambit
|-boost|p1a: Kingambit|atk|2
|
|upkeep
|turn|23
|
|t:|1757902774
|move|p1a: Kingambit|Sucker Punch|p2a: Samurott
|-resisted|p2a: Samurott
|-damage|p2a: Samurott|0 fnt
|faint|p2a: Samurott
|
|upkeep
|
|t:|1757902776
|switch|p2a: Moltres|Moltres|100/100
|turn|24
|
|t:|1757902780
|move|p2a: Moltres|Will-O-Wisp|p1a: Kingambit
|-status|p1a: Kingambit|brn
|move|p1a: Kingambit|Kowtow Cleave|p2a: Moltres
|-damage|p2a: Moltres|42/100
|
|-damage|p1a: Kingambit|94/100 brn|[from] brn
|upkeep
|turn|25
|
|t:|1757902786
|move|p2a: Moltres|Roost|p2a: Moltres
|-heal|p2a: Moltres|92/100
|-singleturn|p2a: Moltres|move: Roost
|move|p1a: Kingambit|Kowtow Cleave|p2a: Moltres
|-damage|p2a: Moltres|37/100
|
|-heal|p1a: Kingambit|100/100 brn|[from] item: Leftovers
|-damage|p1a: Kingambit|94/100 brn|[from] brn
|upkeep
|turn|26
|
|t:|1757902793
|move|p2a: Moltres|Roost|p2a: Moltres
|-heal|p2a: Moltres|87/100
|-singleturn|p2a: Moltres|move: Roost
|move|p1a: Kingambit|Kowtow Cleave|p2a: Moltres
|-damage|p2a: Moltres|32/100
|
|-heal|p1a: Kingambit|100/100 brn|[from] item: Leftovers
|-damage|p1a: Kingambit|94/100 brn|[from] brn
|upkeep
|turn|27
|
|t:|1757902795
|move|p2a: Moltres|Roost|p2a: Moltres
|-heal|p2a: Moltres|82/100
|-singleturn|p2a: Moltres|move: Roost
|move|p1a: Kingambit|Kowtow Cleave|p2a: Moltres
|-damage|p2a: Moltres|26/100
|
|-heal|p1a: Kingambit|100/100 brn|[from] item: Leftovers
|-damage|p1a: Kingambit|94/100 brn|[from] brn
|upkeep
|turn|28
|
|t:|1757902803
|move|p2a: Moltres|Roost|p2a: Moltres
|-heal|p2a: Moltres|76/100
|-singleturn|p2a: Moltres|move: Roost
|move|p1a: Kingambit|Kowtow Cleave|p2a: Moltres
|-damage|p2a: Moltres|14/100
|
|-heal|p1a: Kingambit|100/100 brn|[from] item: Leftovers
|-damage|p1a: Kingambit|94/100 brn|[from] brn
|upkeep
|turn|29
|
|t:|1757902806
|move|p2a: Moltres|Flamethrower|p1a: Kingambit
|-supereffective|p1a: Kingambit
|-damage|p1a: Kingambit|17/100 brn
|move|p1a: Kingambit|Kowtow Cleave|p2a: Moltres
|-damage|p2a: Moltres|0 fnt
|faint|p2a: Moltres
|
|-heal|p1a: Kingambit|23/100 brn|[from] item: Leftovers
|-damage|p1a: Kingambit|17/100 brn|[from] brn
|upkeep
|
|t:|1757902811
|switch|p2a: Iron Treads|Iron Treads|73/100
|-activate|p2a: Iron Treads|move: Sticky Web
|-unboost|p2a: Iron Treads|spe|1
|turn|30
|
|t:|1757902823
|move|p2a: Iron Treads|Earthquake|p1a: Kingambit
|-supereffective|p1a: Kingambit
|-damage|p1a: Kingambit|0 fnt
|faint|p1a: Kingambit
|
|-heal|p2a: Iron Treads|79/100|[from] item: Leftovers
|upkeep
|
|t:|1757902825
|switch|p1a: Great Tusk|Great Tusk|72/100 brn
|turn|31
|
|t:|1757902827
|-end|p2a: Iron Treads|Quark Drive|[silent]
|switch|p2a: Pecharunt|Pecharunt|100/100
|move|p1a: Great Tusk|Bulk Up|p1a: Great Tusk
|-boost|p1a: Great Tusk|atk|1
|-boost|p1a: Great Tusk|def|1
|
|-damage|p1a: Great Tusk|65/100 brn|[from] brn
|upkeep
|turn|32
|
|t:|1757902830
|move|p1a: Great Tusk|Headlong Rush|p2a: Pecharunt
|-supereffective|p2a: Pecharunt
|-damage|p2a: Pecharunt|54/100
|-unboost|p1a: Great Tusk|def|1
|-unboost|p1a: Great Tusk|spd|1
|move|p2a: Pecharunt|Hex|p1a: Great Tusk
|-damage|p1a: Great Tusk|0 fnt
|faint|p1a: Great Tusk
|-end|p1a: Great Tusk|Protosynthesis|[silent]
|
|upkeep
|
|t:|1757902835
|switch|p1a: Tinkaton|Tinkaton, F|35/100
|-ability|p1a: Tinkaton|Mold Breaker
|turn|33
|
|t:|1757902842
|switch|p2a: Iron Treads|Iron Treads|79/100
|-activate|p2a: Iron Treads|move: Sticky Web
|-unboost|p2a: Iron Treads|spe|1
|move|p1a: Tinkaton|Swords Dance|p1a: Tinkaton
|-boost|p1a: Tinkaton|atk|2
|
|-heal|p2a: Iron Treads|85/100|[from] item: Leftovers
|upkeep
|turn|34
|
|t:|1757902850
|-end|p2a: Iron Treads|Quark Drive|[silent]
|switch|p2a: Pecharunt|Pecharunt|54/100
|move|p1a: Tinkaton|Gigaton Hammer|p2a: Pecharunt
|-damage|p2a: Pecharunt|0 fnt
|faint|p2a: Pecharunt
|-damage|p1a: Tinkaton|25/100|[from] item: Life Orb
|
|upkeep
|
|t:|1757902853
|switch|p2a: Iron Treads|Iron Treads|85/100
|-activate|p2a: Iron Treads|move: Sticky Web
|-unboost|p2a: Iron Treads|spe|1
|turn|35
|
|t:|1757902859
|move|p1a: Tinkaton|Play Rough|p2a: Iron Treads
|-resisted|p2a: Iron Treads
|-damage|p2a: Iron Treads|52/100
|-damage|p1a: Tinkaton|15/100|[from] item: Life Orb
|move|p2a: Iron Treads|Earthquake|p1a: Tinkaton
|-supereffective|p1a: Tinkaton
|-damage|p1a: Tinkaton|0 fnt
|faint|p1a: Tinkaton
|
|-heal|p2a: Iron Treads|58/100|[from] item: Leftovers
|upkeep
|
|t:|1757902862
|switch|p1a: Skeledirge|Skeledirge, F, tera:Water|89/100
|turn|36
|
|t:|1757902865
|-end|p2a: Iron Treads|Quark Drive|[silent]
|switch|p2a: Hoopa|Hoopa-Unbound|61/100
|-activate|p2a: Hoopa|move: Sticky Web
|-unboost|p2a: Hoopa|spe|1
|move|p1a: Skeledirge|Torch Song|p2a: Hoopa
|-damage|p2a: Hoopa|42/100
|-boost|p1a: Skeledirge|spa|1
|
|upkeep
|turn|37
|
|t:|1757902868
|move|p1a: Skeledirge|Torch Song|p2a: Hoopa
|-damage|p2a: Hoopa|13/100
|-boost|p1a: Skeledirge|spa|1
|move|p2a: Hoopa|Thunderbolt|p1a: Skeledirge
|-supereffective|p1a: Skeledirge
|-damage|p1a: Skeledirge|6/100
|
|upkeep
|turn|38
|
|t:|1757902878
|move|p1a: Skeledirge|Torch Song|p2a: Hoopa
|-damage|p2a: Hoopa|0 fnt
|-boost|p1a: Skeledirge|spa|1
|faint|p2a: Hoopa
|
|upkeep
|
|t:|1757902880
|switch|p2a: Iron Treads|Iron Treads|58/100
|-activate|p2a: Iron Treads|move: Sticky Web
|-unboost|p2a: Iron Treads|spe|1
|turn|39
|
|t:|1757902886
|-terastallize|p2a: Iron Treads|Ghost
|move|p1a: Skeledirge|Earth Power|p2a: Iron Treads
|-damage|p2a: Iron Treads|0 fnt
|faint|p2a: Iron Treads
|-end|p2a: Iron Treads|Quark Drive|[silent]
|
|win|suprya
|raw|suprya's rating: 1687 &rarr; <strong>1705</strong><br />(+18 for winning)
|raw|modegobelin's rating: 1657 &rarr; <strong>1639</strong><br />(-18 for losing)
|l|☆modegobelin
|player|p2|
|l|☆suprya
|player|p1|
|l| nianling
