|j|☆kasage
|j|☆Noobshoe
|t:|1757871880
|gametype|singles
|player|p1|kasage|lorelei-gen1rb|1312
|player|p2|Noobshoe|drayden|1313
|gen|9
|tier|[Gen 9] OU
|rated|
|rule|HP Percentage Mod: HP is shown in percentages
|rule|Endless Battle Clause: Forcing endless battles is banned
|rule|Species Clause: Limit one of each Pokémon
|rule|OHKO Clause: OHKO moves are banned
|rule|Evasion Items Clause: Evasion items are banned
|rule|Evasion Moves Clause: Evasion moves are banned
|rule|Evasion Abilities Clause: Evasion abilities are banned
|rule|Sleep Moves Clause: Sleep-inducing moves are banned
|clearpoke
|poke|p1|Vikavolt, F|
|poke|p1|Landorus-Therian, M|
|poke|p1|Dragalge, M|
|poke|p1|Bisharp, M|
|poke|p1|Hitmontop, M|
|poke|p1|Volcanion|
|poke|p2|Pelipper, F|
|poke|p2|Barraskewda, M|
|poke|p2|Raging Bolt|
|poke|p2|Iron Treads|
|poke|p2|Iron Valiant|
|poke|p2|Hatterene, F|
|teampreview
|inactive|Battle timer is ON: inactive players will automatically lose when time's up. (requested by Noobshoe)
|
|t:|1757871900
|teamsize|p1|6
|teamsize|p2|6
|start
|switch|p1a: Vikavolt|Vikavolt, F, shiny|100/100
|switch|p2a: Pelipper|Pelipper, F|100/100
|-weather|RainDance|[from] ability: Drizzle|[of] p2a: Pelipper
|turn|1
|
|t:|1757871921
|switch|p2a: Iron Treads|Iron Treads|100/100
|move|p1a: Vikavolt|Energy Ball|p2a: Iron Treads
|-damage|p2a: Iron Treads|26/100
|
|-weather|RainDance|[upkeep]
|upkeep
|turn|2
|
|t:|1757871928
|switch|p1a: Landorus|Landorus-Therian, M|100/100
|-ability|p1a: Landorus|Intimidate|boost
|-unboost|p2a: Iron Treads|atk|1
|move|p2a: Iron Treads|Stealth Rock|p1a: Landorus
|-sidestart|p1: kasage|move: Stealth Rock
|
|-weather|RainDance|[upkeep]
|upkeep
|turn|3
|
|t:|1757871951
|-end|p2a: Iron Treads|Quark Drive|[silent]
|switch|p2a: Pelipper|Pelipper, F|100/100
|move|p1a: Landorus|U-turn|p2a: Pelipper
|-resisted|p2a: Pelipper
|-damage|p2a: Pelipper|90/100
|
|t:|1757871958
|switch|p1a: Dragalge|Dragalge, M|100/100|[from] U-turn
|-damage|p1a: Dragalge|88/100|[from] Stealth Rock
|
|-weather|RainDance|[upkeep]
|-heal|p1a: Dragalge|94/100|[from] item: Leftovers
|upkeep
|turn|4
|
|t:|1757871965
|move|p2a: Pelipper|U-turn|p1a: Dragalge
|-resisted|p1a: Dragalge
|-damage|p1a: Dragalge|90/100
|
|t:|1757871975
|switch|p2a: Raging Bolt|Raging Bolt|100/100|[from] U-turn
|-enditem|p2a: Raging Bolt|Booster Energy
|-activate|p2a: Raging Bolt|ability: Protosynthesis|[fromitem]
|-start|p2a: Raging Bolt|protosynthesisspa
|move|p1a: Dragalge|Draco Meteor|p2a: Raging Bolt
|-supereffective|p2a: Raging Bolt
|-damage|p2a: Raging Bolt|0 fnt
|-unboost|p1a: Dragalge|spa|2
|faint|p2a: Raging Bolt
|-end|p2a: Raging Bolt|Protosynthesis|[silent]
|
|-weather|RainDance|[upkeep]
|-heal|p1a: Dragalge|96/100|[from] item: Leftovers
|upkeep
|
|t:|1757871983
|switch|p2a: Barraskewda|Barraskewda, M|100/100
|turn|5
|
|t:|1757871995
|switch|p1a: Bisharp|Bisharp, M|100/100
|-damage|p1a: Bisharp|95/100|[from] Stealth Rock
|move|p2a: Barraskewda|Flip Turn|p1a: Bisharp
|-damage|p1a: Bisharp|50/100
|
|t:|1757871999
|switch|p2a: Iron Valiant|Iron Valiant|100/100|[from] Flip Turn
|-enditem|p2a: Iron Valiant|Booster Energy
|-activate|p2a: Iron Valiant|ability: Quark Drive|[fromitem]
|-start|p2a: Iron Valiant|quarkdrivespe
|
|-weather|RainDance|[upkeep]
|upkeep
|turn|6
|
|t:|1757872011
|move|p2a: Iron Valiant|Close Combat|p1a: Bisharp
|-supereffective|p1a: Bisharp
|-damage|p1a: Bisharp|0 fnt
|-unboost|p2a: Iron Valiant|def|1
|-unboost|p2a: Iron Valiant|spd|1
|faint|p1a: Bisharp
|
|-weather|RainDance|[upkeep]
|upkeep
|
|t:|1757872023
|switch|p1a: Dragalge|Dragalge, M|96/100
|-damage|p1a: Dragalge|84/100|[from] Stealth Rock
|turn|7
|
|t:|1757872029
|-end|p2a: Iron Valiant|Quark Drive|[silent]
|switch|p2a: Hatterene|Hatterene, F|100/100
|move|p1a: Dragalge|Flip Turn|p2a: Hatterene
|-damage|p2a: Hatterene|87/100
|
|t:|1757872042
|switch|p1a: Hitmontop|Hitmontop, M|100/100|[from] Flip Turn
|-damage|p1a: Hitmontop|95/100|[from] Stealth Rock
|-ability|p1a: Hitmontop|Intimidate|boost
|-unboost|p2a: Hatterene|atk|1
|
|-weather|RainDance|[upkeep]
|-heal|p2a: Hatterene|93/100|[from] item: Leftovers
|upkeep
|turn|8
|
|t:|1757872056
|move|p1a: Hitmontop|Rapid Spin|p2a: Hatterene
|-damage|p2a: Hatterene|80/100
|-boost|p1a: Hitmontop|spe|1
|-sideend|p1: kasage|Stealth Rock|[from] move: Rapid Spin|[of] p1a: Hitmontop
|move|p2a: Hatterene|Psychic Noise|p1a: Hitmontop
|-supereffective|p1a: Hitmontop
|-damage|p1a: Hitmontop|47/100
|-start|p1a: Hitmontop|move: Heal Block
|
|-weather|none
|-heal|p2a: Hatterene|86/100|[from] item: Leftovers
|upkeep
|turn|9
|
|t:|1757872064
|switch|p1a: Vikavolt|Vikavolt, F, shiny|100/100
|move|p2a: Hatterene|Draining Kiss|p1a: Vikavolt
|-damage|p1a: Vikavolt|70/100
|-heal|p2a: Hatterene|100/100|[from] drain|[of] p1a: Vikavolt
|
|upkeep
|turn|10
|
|t:|1757872074
|move|p1a: Vikavolt|Thunderbolt|p2a: Hatterene
|-damage|p2a: Hatterene|30/100
|move|p2a: Hatterene|Psychic Noise|p1a: Vikavolt
|-damage|p1a: Vikavolt|22/100
|-start|p1a: Vikavolt|move: Heal Block
|
|-heal|p2a: Hatterene|36/100|[from] item: Leftovers
|upkeep
|turn|11
|
|t:|1757872079
|switch|p2a: Iron Treads|Iron Treads|26/100
|move|p1a: Vikavolt|Thunderbolt|p2a: Iron Treads
|-immune|p2a: Iron Treads
|
|-end|p1a: Vikavolt|move: Heal Block
|upkeep
|turn|12
|
|t:|1757872087
|switch|p1a: Hitmontop|Hitmontop, M|47/100
|-ability|p1a: Hitmontop|Intimidate|boost
|-unboost|p2a: Iron Treads|atk|1
|move|p2a: Iron Treads|Rapid Spin|p1a: Hitmontop
|-damage|p1a: Hitmontop|35/100
|-boost|p2a: Iron Treads|spe|1
|
|upkeep
|turn|13
|
|t:|1757872094
|move|p2a: Iron Treads|Earthquake|p1a: Hitmontop
|-damage|p1a: Hitmontop|0 fnt
|faint|p1a: Hitmontop
|
|upkeep
|
|t:|1757872097
|switch|p1a: Landorus|Landorus-Therian, M|100/100
|-ability|p1a: Landorus|Intimidate|boost
|-unboost|p2a: Iron Treads|atk|1
|turn|14
|
|t:|1757872109
|-end|p2a: Iron Treads|Quark Drive|[silent]
|switch|p2a: Pelipper|Pelipper, F|90/100
|-weather|RainDance|[from] ability: Drizzle|[of] p2a: Pelipper
|move|p1a: Landorus|Stealth Rock|p2a: Pelipper
|-sidestart|p2: Noobshoe|move: Stealth Rock
|
|-weather|RainDance|[upkeep]
|upkeep
|turn|15
|
|t:|1757872119
|move|p1a: Landorus|U-turn|p2a: Pelipper
|-resisted|p2a: Pelipper
|-damage|p2a: Pelipper|81/100
|
|t:|1757872122
|switch|p1a: Dragalge|Dragalge, M|84/100|[from] U-turn
|move|p2a: Pelipper|U-turn|p1a: Dragalge
|-resisted|p1a: Dragalge
|-damage|p1a: Dragalge|79/100
|
|t:|1757872137
|switch|p2a: Iron Treads|Iron Treads|26/100|[from] U-turn
|
|-weather|RainDance|[upkeep]
|-heal|p1a: Dragalge|85/100|[from] item: Leftovers
|upkeep
|turn|16
|
|t:|1757872141
|switch|p1a: Landorus|Landorus-Therian, M|100/100
|-ability|p1a: Landorus|Intimidate|boost
|-unboost|p2a: Iron Treads|atk|1
|move|p2a: Iron Treads|Rapid Spin|p1a: Landorus
|-damage|p1a: Landorus|89/100
|-boost|p2a: Iron Treads|spe|1
|-damage|p2a: Iron Treads|9/100|[from] item: Rocky Helmet|[of] p1a: Landorus
|-sideend|p2: Noobshoe|Stealth Rock|[from] move: Rapid Spin|[of] p2a: Iron Treads
|
|-weather|RainDance|[upkeep]
|upkeep
|turn|17
|
|t:|1757872147
|move|p2a: Iron Treads|Ice Spinner|p1a: Landorus
|-supereffective|p1a: Landorus
|-damage|p1a: Landorus|9/100
|-damage|p2a: Iron Treads|0 fnt|[from] item: Rocky Helmet|[of] p1a: Landorus
|faint|p2a: Iron Treads
|-end|p2a: Iron Treads|Quark Drive|[silent]
|move|p1a: Landorus|Stealth Rock|p2: Iron Treads
|-sidestart|p2: Noobshoe|move: Stealth Rock
|
|-weather|RainDance|[upkeep]
|upkeep
|
|t:|1757872157
|switch|p2a: Barraskewda|Barraskewda, M|100/100
|-damage|p2a: Barraskewda|88/100|[from] Stealth Rock
|turn|18
|
|t:|1757872161
|switch|p1a: Volcanion|Volcanion|100/100
|move|p2a: Barraskewda|Aqua Jet|p1a: Volcanion
|-immune|p1a: Volcanion|[from] ability: Water Absorb
|
|-weather|RainDance|[upkeep]
|upkeep
|turn|19
|
|t:|1757872173
|switch|p2a: Iron Valiant|Iron Valiant|100/100
|-damage|p2a: Iron Valiant|94/100|[from] Stealth Rock
|move|p1a: Volcanion|Steam Eruption|p2a: Iron Valiant
|-damage|p2a: Iron Valiant|0 fnt
|faint|p2a: Iron Valiant
|-end|p2a: Iron Valiant|Quark Drive|[silent]
|
|-weather|RainDance|[upkeep]
|upkeep
|
|t:|1757872176
|switch|p2a: Hatterene|Hatterene, F|36/100
|-damage|p2a: Hatterene|23/100|[from] Stealth Rock
|turn|20
|
|t:|1757872180
|move|p1a: Volcanion|Steam Eruption|p2a: Hatterene
|-damage|p2a: Hatterene|0 fnt
|faint|p2a: Hatterene
|
|-weather|RainDance|[upkeep]
|upkeep
|-message|Noobshoe forfeited.
|
|win|kasage
|raw|kasage's rating: 1312 &rarr; <strong>1332</strong><br />(+20 for winning)
|raw|Noobshoe's rating: 1313 &rarr; <strong>1293</strong><br />(-20 for losing)
|l|☆Noobshoe
|player|p2|
|l|☆kasage
|player|p1|
