|j|☆reisszx
|j|☆weiweihu
|t:|1757843317
|gametype|singles
|player|p1|reisszx|red|1398
|player|p2|weiweihu|cynthia|1465
|gen|9
|tier|[Gen 9] OU
|rated|
|rule|HP Percentage Mod: HP is shown in percentages
|rule|Endless Battle Clause: Forcing endless battles is banned
|rule|Species Clause: Limit one of each Pokémon
|rule|OHKO Clause: OHKO moves are banned
|rule|Evasion Items Clause: Evasion items are banned
|rule|Evasion Moves Clause: Evasion moves are banned
|rule|Evasion Abilities Clause: Evasion abilities are banned
|rule|Sleep Moves Clause: Sleep-inducing moves are banned
|clearpoke
|poke|p1|Pecharunt|
|poke|p1|Thundurus, M|
|poke|p1|Kingambit, M|
|poke|p1|Slowking-Galar, M|
|poke|p1|Dragapult, F|
|poke|p1|Great Tusk|
|poke|p2|Toedscruel, F|
|poke|p2|Skeledirge, M|
|poke|p2|Tyranitar, M|
|poke|p2|Ninetales-Alola, F|
|poke|p2|Ogerpon, F|
|poke|p2|Hydreigon, M|
|teampreview
|inactive|Battle timer is ON: inactive players will automatically lose when time's up. (requested by reisszx)
|
|t:|1757843327
|teamsize|p1|6
|teamsize|p2|6
|start
|switch|p1a: Dragapult|Dragapult, F|100/100
|switch|p2a: Ogerpon|Ogerpon, F|100/100
|turn|1
|
|t:|1757843335
|-terastallize|p2a: Ogerpon|Grass
|detailschange|p2a: Ogerpon|Ogerpon-Teal-Tera, F, tera:Grass
|-ability|p2a: Ogerpon|Embody Aspect (Teal)|boost
|-boost|p2a: Ogerpon|spe|1
|move|p2a: Ogerpon|Knock Off|p1a: Dragapult
|-supereffective|p1a: Dragapult
|-damage|p1a: Dragapult|0 fnt
|-enditem|p1a: Dragapult|Choice Specs|[from] move: Knock Off|[of] p2a: Ogerpon
|faint|p1a: Dragapult
|
|upkeep
|inactive|reisszx has 120 seconds left.
|
|t:|1757843379
|switch|p1a: Pecharunt|Pecharunt|100/100
|turn|2
|
|t:|1757843392
|switch|p2a: Toedscruel|Toedscruel, F, shiny|100/100
|move|p1a: Pecharunt|Parting Shot|p2a: Toedscruel
|-unboost|p2a: Toedscruel|atk|1
|-unboost|p2a: Toedscruel|spa|1
|
|t:|1757843405
|switch|p1a: Great Tusk|Great Tusk|100/100|[from] Parting Shot
|
|upkeep
|turn|3
|
|t:|1757843416
|move|p2a: Toedscruel|Leaf Storm|p1a: Great Tusk
|-supereffective|p1a: Great Tusk
|-damage|p1a: Great Tusk|15/100
|-unboost|p2a: Toedscruel|spa|2
|move|p1a: Great Tusk|Ice Spinner|p2a: Toedscruel
|-supereffective|p2a: Toedscruel
|-enditem|p2a: Toedscruel|Focus Sash
|-damage|p2a: Toedscruel|1/100
|
|-heal|p1a: Great Tusk|21/100|[from] item: Leftovers
|upkeep
|turn|4
|inactive|reisszx has 120 seconds left.
|inactive|reisszx has 90 seconds left.
|
|t:|1757843465
|switch|p2a: Ninetales|Ninetales-Alola, F, shiny|100/100
|-weather|Snowscape|[from] ability: Snow Warning|[of] p2a: Ninetales
|-end|p1a: Great Tusk|Protosynthesis|[silent]
|switch|p1a: Slowking|Slowking-Galar, M|100/100
|
|-weather|Snowscape|[upkeep]
|upkeep
|turn|5
|inactive|reisszx has 90 seconds left.
|
|t:|1757843479
|move|p2a: Ninetales|Aurora Veil|p2a: Ninetales
|-sidestart|p2: weiweihu|move: Aurora Veil
|move|p1a: Slowking|Flamethrower|p2a: Ninetales
|-supereffective|p2a: Ninetales
|-damage|p2a: Ninetales|68/100
|
|-weather|Snowscape|[upkeep]
|upkeep
|turn|6
|inactive|reisszx has 90 seconds left.
|
|t:|1757843486
|switch|p2a: Tyranitar|Tyranitar, M, shiny|100/100
|-weather|Sandstorm|[from] ability: Sand Stream|[of] p2a: Tyranitar
|move|p1a: Slowking|Sludge Bomb|p2a: Tyranitar
|-resisted|p2a: Tyranitar
|-damage|p2a: Tyranitar|94/100
|
|-weather|Sandstorm|[upkeep]
|-damage|p1a: Slowking|94/100|[from] Sandstorm
|upkeep
|turn|7
|inactive|reisszx has 90 seconds left.
|
|t:|1757843498
|switch|p1a: Great Tusk|Great Tusk|21/100
|move|p2a: Tyranitar|Dragon Dance|p2a: Tyranitar
|-boost|p2a: Tyranitar|atk|1
|-boost|p2a: Tyranitar|spe|1
|
|-weather|Sandstorm|[upkeep]
|-heal|p1a: Great Tusk|27/100|[from] item: Leftovers
|upkeep
|turn|8
|
|t:|1757843506
|move|p2a: Tyranitar|Facade|p1a: Great Tusk
|-damage|p1a: Great Tusk|0 fnt
|faint|p1a: Great Tusk
|-end|p1a: Great Tusk|Protosynthesis|[silent]
|
|-weather|Sandstorm|[upkeep]
|upkeep
|
|t:|1757843510
|switch|p1a: Pecharunt|Pecharunt|100/100
|turn|9
|
|t:|1757843518
|move|p2a: Tyranitar|Knock Off|p1a: Pecharunt
|-supereffective|p1a: Pecharunt
|-damage|p1a: Pecharunt|29/100
|-enditem|p1a: Pecharunt|Heavy-Duty Boots|[from] move: Knock Off|[of] p2a: Tyranitar
|move|p1a: Pecharunt|Malignant Chain|p2a: Tyranitar
|-resisted|p2a: Tyranitar
|-crit|p2a: Tyranitar
|-damage|p2a: Tyranitar|80/100
|
|-weather|Sandstorm|[upkeep]
|-damage|p1a: Pecharunt|23/100|[from] Sandstorm
|upkeep
|turn|10
|inactive|reisszx has 90 seconds left.
|
|t:|1757843560
|move|p2a: Tyranitar|Knock Off|p1a: Pecharunt
|-supereffective|p1a: Pecharunt
|-damage|p1a: Pecharunt|0 fnt
|faint|p1a: Pecharunt
|
|-weather|none
|upkeep
|
|t:|1757843562
|switch|p1a: Thundurus|Thundurus, M|100/100
|turn|11
|
|t:|1757843569
|move|p1a: Thundurus|Thunder Wave|p2a: Tyranitar
|-hint|Since gen 7, Dark is immune to Prankster moves.
|-immune|p2a: Tyranitar
|move|p2a: Tyranitar|Stone Edge|p1a: Thundurus
|-supereffective|p1a: Thundurus
|-damage|p1a: Thundurus|0 fnt
|faint|p1a: Thundurus
|
|upkeep
|inactive|reisszx has 90 seconds left.
|-message|reisszx forfeited.
|
|win|weiweihu
|raw|reisszx's rating: 1398 &rarr; <strong>1382</strong><br />(-16 for losing)
|raw|weiweihu's rating: 1465 &rarr; <strong>1481</strong><br />(+16 for winning)
|l|☆reisszx
|player|p1|
|l|☆weiweihu
|player|p2|
