|j|☆Garchomp_roxx
|j|☆puissance du feu
|inactive|Battle timer is ON: inactive players will automatically lose when time's up.
|t:|1757921841
|gametype|singles
|player|p1|Garchomp_roxx|pokemonbreederf-gen4|
|player|p2|puissance du feu|teamrocket|
|gen|9
|tier|[Gen 9] OU
|rated|Tournament battle
|rule|HP Percentage Mod: HP is shown in percentages
|rule|Endless Battle Clause: Forcing endless battles is banned
|rule|Species Clause: Limit one of each Pokémon
|rule|OHKO Clause: OHKO moves are banned
|rule|Evasion Items Clause: Evasion items are banned
|rule|Evasion Moves Clause: Evasion moves are banned
|rule|Evasion Abilities Clause: Evasion abilities are banned
|rule|Sleep Moves Clause: Sleep-inducing moves are banned
|clearpoke
|poke|p1|Darkrai|
|poke|p1|Ninetales-Alola, F|
|poke|p1|Garchomp, F|
|poke|p1|Ceruledge, F|
|poke|p1|Kingambit, F|
|poke|p1|Araquanid, F|
|poke|p2|Hawlucha, F|
|poke|p2|Reuniclus, F|
|poke|p2|Ceruledge, M|
|poke|p2|Tyranitar, M|
|poke|p2|Great Tusk|
|poke|p2|Zapdos|
|teampreview
|j|*Lady Monita ☀
|inactive|puissance du feu also wants the timer to be on.
|inactive|Garchomp_roxx also wants the timer to be on.
|
|t:|1757921862
|teamsize|p1|6
|teamsize|p2|6
|start
|switch|p1a: Araquanid|Araquanid, F|100/100
|switch|p2a: Ponpon|Reuniclus, F|100/100
|turn|1
|
|t:|1757921877
|move|p1a: Araquanid|Lunge|p2a: Ponpon
|-supereffective|p2a: Ponpon
|-damage|p2a: Ponpon|41/100
|-unboost|p2a: Ponpon|atk|1
|move|p2a: Ponpon|Psychic Noise|p1a: Araquanid
|-damage|p1a: Araquanid|61/100
|-start|p1a: Araquanid|move: Heal Block
|
|upkeep
|turn|2
|
|t:|1757921885
|move|p1a: Araquanid|Lunge|p2a: Ponpon
|-supereffective|p2a: Ponpon
|-damage|p2a: Ponpon|0 fnt
|faint|p2a: Ponpon
|
|-end|p1a: Araquanid|move: Heal Block
|upkeep
|
|t:|1757921888
|switch|p2a: Bash taque|Hawlucha, F|100/100
|-ability|p2a: Bash taque|Mold Breaker
|turn|3
|
|t:|1757921903
|-terastallize|p1a: Araquanid|Water
|move|p2a: Bash taque|Brave Bird|p1a: Araquanid
|-damage|p1a: Araquanid|0 fnt
|faint|p1a: Araquanid
|-damage|p2a: Bash taque|78/100|[from] Recoil
|-damage|p2a: Bash taque|68/100|[from] item: Life Orb
|
|upkeep
|
|t:|1757921909
|switch|p1a: Ceruledge|Ceruledge, F|100/100
|turn|4
|
|t:|1757921917
|switch|p2a: Mine|Tyranitar, M|100/100
|-weather|Sandstorm|[from] ability: Sand Stream|[of] p2a: Mine
|move|p1a: Ceruledge|Swords Dance|p1a: Ceruledge
|-boost|p1a: Ceruledge|atk|2
|
|-weather|Sandstorm|[upkeep]
|-damage|p1a: Ceruledge|94/100|[from] Sandstorm
|upkeep
|turn|5
|
|t:|1757921922
|move|p1a: Ceruledge|Close Combat|p2a: Mine
|-supereffective|p2a: Mine
|-damage|p2a: Mine|0 fnt
|-unboost|p1a: Ceruledge|def|1
|-unboost|p1a: Ceruledge|spd|1
|faint|p2a: Mine
|
|-weather|Sandstorm|[upkeep]
|-damage|p1a: Ceruledge|88/100|[from] Sandstorm
|upkeep
|
|t:|1757921927
|switch|p2a: Bash taque|Hawlucha, F|68/100
|-ability|p2a: Bash taque|Mold Breaker
|turn|6
|
|t:|1757921930
|move|p1a: Ceruledge|Shadow Sneak|p2a: Bash taque
|-damage|p2a: Bash taque|13/100
|move|p2a: Bash taque|Brave Bird|p1a: Ceruledge
|-damage|p1a: Ceruledge|0 fnt
|faint|p1a: Ceruledge
|-damage|p2a: Bash taque|0 fnt|[from] Recoil
|faint|p2a: Bash taque
|
|-weather|Sandstorm|[upkeep]
|upkeep
|
|t:|1757921937
|switch|p2a: Leke|Ceruledge, M|100/100
|switch|p1a: Ninetales|Ninetales-Alola, F|100/100
|-weather|Snowscape|[from] ability: Snow Warning|[of] p1a: Ninetales
|-item|p2a: Leke|Air Balloon
|turn|7
|
|t:|1757921943
|move|p1a: Ninetales|Aurora Veil|p1a: Ninetales
|-sidestart|p1: Garchomp_roxx|move: Aurora Veil
|move|p2a: Leke|Swords Dance|p2a: Leke
|-boost|p2a: Leke|atk|2
|
|-weather|Snowscape|[upkeep]
|upkeep
|turn|8
|
|t:|1757921950
|switch|p1a: Garchomp|Garchomp, F|100/100
|move|p2a: Leke|Bitter Blade|p1a: Garchomp
|-resisted|p1a: Garchomp
|-crit|p1a: Garchomp
|-damage|p1a: Garchomp|28/100
|-damage|p2a: Leke|88/100|[from] ability: Rough Skin|[of] p1a: Garchomp
|
|-weather|Snowscape|[upkeep]
|upkeep
|turn|9
|
|t:|1757921963
|switch|p2a: Oaai|Great Tusk|100/100
|-enditem|p2a: Oaai|Booster Energy
|-activate|p2a: Oaai|ability: Protosynthesis|[fromitem]
|-start|p2a: Oaai|protosynthesisspe
|move|p1a: Garchomp|Scale Shot|p2a: Oaai
|-damage|p2a: Oaai|92/100
|-damage|p2a: Oaai|83/100
|-damage|p2a: Oaai|74/100
|-damage|p2a: Oaai|67/100
|-crit|p2a: Oaai
|-damage|p2a: Oaai|53/100
|-hitcount|p2a: Oaai|5
|-unboost|p1a: Garchomp|def|1
|-boost|p1a: Garchomp|spe|1
|
|-weather|Snowscape|[upkeep]
|upkeep
|turn|10
|
|t:|1757921973
|move|p1a: Garchomp|Scale Shot|p2a: Oaai
|-damage|p2a: Oaai|45/100
|-damage|p2a: Oaai|36/100
|-damage|p2a: Oaai|28/100
|-damage|p2a: Oaai|20/100
|-hitcount|p2a: Oaai|4
|-unboost|p1a: Garchomp|def|1
|-boost|p1a: Garchomp|spe|1
|move|p2a: Oaai|Bulk Up|p2a: Oaai
|-boost|p2a: Oaai|atk|1
|-boost|p2a: Oaai|def|1
|
|-weather|Snowscape|[upkeep]
|upkeep
|turn|11
|
|t:|1757921984
|move|p1a: Garchomp|Earthquake|p2a: Oaai
|-damage|p2a: Oaai|0 fnt
|faint|p2a: Oaai
|-end|p2a: Oaai|Protosynthesis|[silent]
|
|-weather|none
|upkeep
|
|t:|1757921988
|switch|p2a: Tone|Zapdos|100/100
|-ability|p2a: Tone|Pressure
|turn|12
|
|t:|1757922000
|move|p1a: Garchomp|Scale Shot|p2a: Tone
|-damage|p2a: Tone|88/100
|-damage|p2a: Tone|75/100
|-damage|p2a: Tone|62/100
|-damage|p2a: Tone|48/100
|-hitcount|p2a: Tone|4
|-unboost|p1a: Garchomp|def|1
|-boost|p1a: Garchomp|spe|1
|move|p2a: Tone|Brave Bird|p1a: Garchomp
|-damage|p1a: Garchomp|0 fnt
|-damage|p2a: Tone|35/100|[from] ability: Rough Skin|[of] p1a: Garchomp
|faint|p1a: Garchomp
|-damage|p2a: Tone|27/100|[from] Recoil
|
|-heal|p2a: Tone|33/100|[from] item: Leftovers
|upkeep
|
|t:|1757922008
|switch|p1a: Ninetales|Ninetales-Alola, F|100/100
|-weather|Snowscape|[from] ability: Snow Warning|[of] p1a: Ninetales
|turn|13
|
|t:|1757922012
|move|p1a: Ninetales|Blizzard|p2a: Tone
|-supereffective|p2a: Tone
|-damage|p2a: Tone|0 fnt
|faint|p2a: Tone
|
|-weather|Snowscape|[upkeep]
|upkeep
|
|t:|1757922014
|switch|p2a: Leke|Ceruledge, M|88/100
|-item|p2a: Leke|Air Balloon
|turn|14
|
|t:|1757922017
|move|p1a: Ninetales|Blizzard|p2a: Leke
|-resisted|p2a: Leke
|-damage|p2a: Leke|66/100
|-enditem|p2a: Leke|Air Balloon
|move|p2a: Leke|Swords Dance|p2a: Leke
|-boost|p2a: Leke|atk|2
|
|-weather|Snowscape|[upkeep]
|-sideend|p1: Garchomp_roxx|move: Aurora Veil
|upkeep
|turn|15
|
|t:|1757922021
|move|p1a: Ninetales|Aurora Veil|p1a: Ninetales
|-sidestart|p1: Garchomp_roxx|move: Aurora Veil
|move|p2a: Leke|Swords Dance|p2a: Leke
|-boost|p2a: Leke|atk|2
|
|-weather|Snowscape|[upkeep]
|upkeep
|turn|16
|
|t:|1757922030
|move|p1a: Ninetales|Blizzard|p2a: Leke
|-resisted|p2a: Leke
|-damage|p2a: Leke|44/100
|move|p2a: Leke|Swords Dance|p2a: Leke
|-boost|p2a: Leke|atk|2
|
|-weather|Snowscape|[upkeep]
|upkeep
|turn|17
|
|t:|1757922035
|move|p1a: Ninetales|Blizzard|p2a: Leke
|-resisted|p2a: Leke
|-damage|p2a: Leke|22/100
|move|p2a: Leke|Bitter Blade|p1a: Ninetales
|-supereffective|p1a: Ninetales
|-damage|p1a: Ninetales|0 fnt
|-heal|p2a: Leke|65/100|[from] drain|[of] p1a: Ninetales
|faint|p1a: Ninetales
|
|-weather|none
|upkeep
|
|t:|1757922044
|switch|p1a: Darkrai|Darkrai|100/100
|turn|18
|
|t:|1757922051
|-terastallize|p2a: Leke|Flying
|move|p1a: Darkrai|Substitute|p1a: Darkrai
|-start|p1a: Darkrai|Substitute
|-damage|p1a: Darkrai|76/100
|move|p2a: Leke|Bitter Blade|p1a: Darkrai
|-end|p1a: Darkrai|Substitute
|-heal|p2a: Leke|76/100|[from] drain|[of] p1a: Darkrai
|
|upkeep
|turn|19
|
|t:|1757922056
|move|p1a: Darkrai|Dark Pulse|p2a: Leke
|-damage|p2a: Leke|14/100
|-damage|p1a: Darkrai|66/100|[from] item: Life Orb
|move|p2a: Leke|Bitter Blade|p1a: Darkrai
|-damage|p1a: Darkrai|0 fnt
|-heal|p2a: Leke|42/100|[from] drain|[of] p1a: Darkrai
|faint|p1a: Darkrai
|
|upkeep
|
|t:|1757922063
|switch|p1a: Kingambit|Kingambit, F|100/100
|-activate|p1a: Kingambit|ability: Supreme Overlord
|-start|p1a: Kingambit|fallen5|[silent]
|turn|20
|
|t:|1757922067
|move|p2a: Leke|Shadow Sneak|p1a: Kingambit
|-resisted|p1a: Kingambit
|-crit|p1a: Kingambit
|-damage|p1a: Kingambit|53/100
|move|p1a: Kingambit|Sucker Punch||[still]
|-fail|p1a: Kingambit
|
|upkeep
|turn|21
|
|t:|1757922090
|move|p2a: Leke|Bitter Blade|p1a: Kingambit
|-supereffective|p1a: Kingambit
|-damage|p1a: Kingambit|0 fnt
|-heal|p2a: Leke|75/100|[from] drain|[of] p1a: Kingambit
|faint|p1a: Kingambit
|-end|p1a: Kingambit|fallen5|[silent]
|
|win|puissance du feu
|n|☆Garchomp_roxx|garchomproxx
|n|☆puissance du feu|puissancedufeu
|n|*Lady Monita ☀|ladymonita
|l|*Lady Monita ☀
|l|☆Garchomp_roxx
|player|p1|
