|j|☆itssree
|j|☆me destroy you 15
|t:|1757847386
|gametype|singles
|player|p1|itssree|unknown|1067
|player|p2|me destroy you 15|flint|1101
|gen|9
|tier|[Gen 9] OU
|rated|
|rule|HP Percentage Mod: HP is shown in percentages
|rule|Endless Battle Clause: Forcing endless battles is banned
|rule|Species Clause: Limit one of each Pokémon
|rule|OHKO Clause: OHKO moves are banned
|rule|Evasion Items Clause: Evasion items are banned
|rule|Evasion Moves Clause: Evasion moves are banned
|rule|Evasion Abilities Clause: Evasion abilities are banned
|rule|Sleep Moves Clause: Sleep-inducing moves are banned
|clearpoke
|poke|p1|Blaziken, M|
|poke|p1|Garchomp, F|
|poke|p1|Rotom-Wash|
|poke|p1|Corviknight, F|
|poke|p1|Dragapult, F|
|poke|p1|Slaking, F|
|poke|p2|Blastoise, M|
|poke|p2|Charizard, M|
|poke|p2|Vileplume, F|
|poke|p2|Forretress, M|
|poke|p2|Gengar, F|
|poke|p2|Electivire, M|
|teampreview
|inactive|Battle timer is ON: inactive players will automatically lose when time's up. (requested by me destroy you 15)
|inactive|itssree also wants the timer to be on.
|c|☆itssree|hurry it up noob
|
|t:|1757847435
|teamsize|p1|6
|teamsize|p2|6
|start
|switch|p1a: kfc|Blaziken, M|100/100
|switch|p2a: Charizard|Charizard, M|100/100
|turn|1
|-activate|p2a: Charizard|item: Quick Claw
|
|t:|1757847445
|switch|p1a: Garchomp|Garchomp, F|100/100
|move|p2a: Charizard|Air Slash|p1a: Garchomp
|-crit|p1a: Garchomp
|-damage|p1a: Garchomp|55/100
|
|upkeep
|turn|2
|
|t:|1757847455
|move|p2a: Charizard|Dragon Pulse|p1a: Garchomp
|-supereffective|p1a: Garchomp
|-damage|p1a: Garchomp|4/100
|move|p1a: Garchomp|Stone Edge|p2a: Charizard
|-supereffective|p2a: Charizard
|-damage|p2a: Charizard|0 fnt
|faint|p2a: Charizard
|
|upkeep
|
|t:|1757847469
|switch|p2a: Electivire|Electivire, M|100/100
|turn|3
|
|t:|1757847476
|move|p2a: Electivire|Ice Punch|p1a: Garchomp
|-supereffective|p1a: Garchomp
|-damage|p1a: Garchomp|0 fnt
|-damage|p2a: Electivire|88/100|[from] ability: Rough Skin|[of] p1a: Garchomp
|-damage|p2a: Electivire|72/100|[from] item: Rocky Helmet|[of] p1a: Garchomp
|faint|p1a: Garchomp
|-damage|p2a: Electivire|62/100|[from] item: Life Orb
|
|upkeep
|
|t:|1757847486
|switch|p1a: Dragapult|Dragapult, F|100/100
|turn|4
|
|t:|1757847491
|move|p1a: Dragapult|Draco Meteor|p2a: Electivire
|-damage|p2a: Electivire|0 fnt
|-unboost|p1a: Dragapult|spa|2
|faint|p2a: Electivire
|
|upkeep
|
|t:|1757847497
|switch|p2a: Gengar|Gengar, F|100/100
|turn|5
|
|t:|1757847503
|switch|p1a: nuke|Slaking, F, shiny|100/100
|move|p2a: Gengar|Sludge Bomb|p1a: nuke
|-damage|p1a: nuke|50/100
|
|upkeep
|turn|6
|
|t:|1757847511
|switch|p1a: Corviknight|Corviknight, F|100/100
|-ability|p1a: Corviknight|Pressure
|move|p2a: Gengar|Sludge Bomb|p1a: Corviknight
|-immune|p1a: Corviknight
|
|upkeep
|turn|7
|
|t:|1757847528
|switch|p2a: Vileplume|Vileplume, F|100/100
|move|p1a: Corviknight|Brave Bird|p2a: Vileplume
|-supereffective|p2a: Vileplume
|-damage|p2a: Vileplume|38/100
|-damage|p1a: Corviknight|85/100|[from] Recoil
|
|-heal|p1a: Corviknight|91/100|[from] item: Leftovers
|-heal|p2a: Vileplume|44/100|[from] item: Leftovers
|upkeep
|turn|8
|
|t:|1757847539
|move|p1a: Corviknight|Brave Bird|p2a: Vileplume
|-supereffective|p2a: Vileplume
|-damage|p2a: Vileplume|0 fnt
|faint|p2a: Vileplume
|-damage|p1a: Corviknight|80/100|[from] Recoil
|
|-heal|p1a: Corviknight|86/100|[from] item: Leftovers
|upkeep
|
|t:|1757847549
|switch|p2a: Gengar|Gengar, F|100/100
|turn|9
|
|t:|1757847557
|move|p2a: Gengar|Thunderbolt|p1a: Corviknight
|-supereffective|p1a: Corviknight
|-damage|p1a: Corviknight|30/100
|move|p1a: Corviknight|Roost|p1a: Corviknight
|-heal|p1a: Corviknight|80/100
|-singleturn|p1a: Corviknight|move: Roost
|
|-heal|p1a: Corviknight|86/100|[from] item: Leftovers
|upkeep
|turn|10
|
|t:|1757847571
|switch|p1a: Rotom|Rotom-Wash|100/100
|move|p2a: Gengar|Shadow Ball|p1a: Rotom
|-damage|p1a: Rotom|51/100
|
|-heal|p1a: Rotom|57/100|[from] item: Leftovers
|upkeep
|turn|11
|
|t:|1757847589
|move|p2a: Gengar|Shadow Ball|p1a: Rotom
|-damage|p1a: Rotom|10/100
|move|p1a: Rotom|Volt Switch|p2a: Gengar
|-damage|p2a: Gengar|50/100
|-start|p1a: Rotom|Disable|Volt Switch|[from] ability: Cursed Body|[of] p2a: Gengar
|
|t:|1757847597
|switch|p1a: Dragapult|Dragapult, F|100/100|[from] Volt Switch
|
|upkeep
|turn|12
|
|t:|1757847602
|switch|p2a: Forretress|Forretress, M|100/100
|move|p1a: Dragapult|Shadow Ball|p2a: Forretress
|-damage|p2a: Forretress|68/100
|
|-heal|p2a: Forretress|74/100|[from] item: Leftovers
|upkeep
|turn|13
|
|t:|1757847610
|move|p1a: Dragapult|Flamethrower|p2a: Forretress
|-supereffective|p2a: Forretress
|-damage|p2a: Forretress|0 fnt
|faint|p2a: Forretress
|
|upkeep
|
|t:|1757847616
|switch|p2a: Blastoise|Blastoise, M|100/100
|turn|14
|
|t:|1757847628
|move|p1a: Dragapult|Thunderbolt|p2a: Blastoise
|-supereffective|p2a: Blastoise
|-damage|p2a: Blastoise|59/100
|move|p2a: Blastoise|Shell Smash|p2a: Blastoise
|-unboost|p2a: Blastoise|def|1
|-unboost|p2a: Blastoise|spd|1
|-boost|p2a: Blastoise|atk|2
|-boost|p2a: Blastoise|spa|2
|-boost|p2a: Blastoise|spe|2
|-enditem|p2a: Blastoise|White Herb
|-clearnegativeboost|p2a: Blastoise|[silent]
|
|upkeep
|turn|15
|
|t:|1757847639
|move|p1a: Dragapult|Thunderbolt|p2a: Blastoise
|-supereffective|p2a: Blastoise
|-damage|p2a: Blastoise|17/100
|move|p2a: Blastoise|Ice Beam|p1a: Dragapult
|-supereffective|p1a: Dragapult
|-enditem|p1a: Dragapult|Focus Sash
|-damage|p1a: Dragapult|1/100
|
|upkeep
|turn|16
|
|t:|1757847647
|move|p1a: Dragapult|Thunderbolt|p2a: Blastoise
|-supereffective|p2a: Blastoise
|-damage|p2a: Blastoise|0 fnt
|faint|p2a: Blastoise
|
|upkeep
|
|t:|1757847652
|switch|p2a: Gengar|Gengar, F|50/100
|turn|17
|
|t:|1757847661
|move|p1a: Dragapult|Shadow Ball|p2a: Gengar
|-supereffective|p2a: Gengar
|-damage|p2a: Gengar|0 fnt
|faint|p2a: Gengar
|
|win|itssree
|raw|itssree's rating: 1067 &rarr; <strong>1100</strong><br />(+33 for winning)
|raw|me destroy you 15's rating: 1101 &rarr; <strong>1074</strong><br />(-27 for losing)
|c|☆me destroy you 15|Next time
|l|☆me destroy you 15
|player|p2|
|l|☆itssree
|player|p1|
