|j|☆capitolg
|j|☆ronpelano
|t:|1757915471
|gametype|singles
|player|p1|capitolg|bellelba|1201
|player|p2|ronpelano|battlegirl-gen4|1221
|gen|9
|tier|[Gen 9] OU
|rated|
|rule|HP Percentage Mod: HP is shown in percentages
|rule|Endless Battle Clause: Forcing endless battles is banned
|rule|Species Clause: Limit one of each Pokémon
|rule|OHKO Clause: OHKO moves are banned
|rule|Evasion Items Clause: Evasion items are banned
|rule|Evasion Moves Clause: Evasion moves are banned
|rule|Evasion Abilities Clause: Evasion abilities are banned
|rule|Sleep Moves Clause: Sleep-inducing moves are banned
|clearpoke
|poke|p1|Vikavolt, F|
|poke|p1|Articuno-Galar|
|poke|p1|Smeargle, M|
|poke|p1|Empoleon, F|
|poke|p1|Passimian, M|
|poke|p1|Dusknoir, M|
|poke|p2|Great Tusk|
|poke|p2|Kingambit, M|
|poke|p2|Raging Bolt|
|poke|p2|Walking Wake|
|poke|p2|Ninetales, F|
|poke|p2|Ceruledge, M|
|teampreview
|
|t:|1757915493
|teamsize|p1|6
|teamsize|p2|6
|start
|switch|p1a: Vikavolt|Vikavolt, F|100/100
|switch|p2a: Dj Mendez|Walking Wake|100/100
|turn|1
|
|t:|1757915502
|move|p2a: Dj Mendez|Flip Turn|p1a: Vikavolt
|-damage|p1a: Vikavolt|86/100
|
|t:|1757915509
|-end|p2a: Dj Mendez|Protosynthesis|[silent]
|switch|p2a: Don Francisco|Great Tusk|100/100|[from] Flip Turn
|move|p1a: Vikavolt|Sticky Web|p2a: Don Francisco
|-sidestart|p2: ronpelano|move: Sticky Web
|
|upkeep
|turn|2
|
|t:|1757915516
|switch|p1a: Dusknoir|Dusknoir, M|100/100
|-item|p2a: Don Francisco|Assault Vest|[from] ability: Frisk|[of] p1a: Dusknoir
|move|p2a: Don Francisco|Rapid Spin|p1a: Dusknoir
|-immune|p1a: Dusknoir
|
|upkeep
|turn|3
|
|t:|1757915526
|move|p2a: Don Francisco|Headlong Rush|p1a: Dusknoir
|-damage|p1a: Dusknoir|45/100
|-unboost|p2a: Don Francisco|def|1
|-unboost|p2a: Don Francisco|spd|1
|move|p1a: Dusknoir|Trick Room|p1a: Dusknoir
|-fieldstart|move: Trick Room|[of] p1a: Dusknoir
|
|upkeep
|turn|4
|
|t:|1757915543
|-end|p2a: Don Francisco|Protosynthesis|[silent]
|switch|p2a: Maicol Ñakson|Ceruledge, M|100/100
|move|p1a: Dusknoir|Poltergeist|p2a: Maicol Ñakson|[miss]
|-miss|p1a: Dusknoir|p2a: Maicol Ñakson
|
|upkeep
|turn|5
|
|t:|1757915556
|-terastallize|p2a: Maicol Ñakson|Fairy
|move|p2a: Maicol Ñakson|Shadow Sneak|p1a: Dusknoir
|-supereffective|p1a: Dusknoir
|-damage|p1a: Dusknoir|4/100
|-enditem|p1a: Dusknoir|Weakness Policy
|-boost|p1a: Dusknoir|atk|2|[from] item: Weakness Policy
|-boost|p1a: Dusknoir|spa|2|[from] item: Weakness Policy
|move|p1a: Dusknoir|Poltergeist|p2a: Maicol Ñakson
|-activate|p2a: Maicol Ñakson|move: Poltergeist|Heavy-Duty Boots
|-damage|p2a: Maicol Ñakson|0 fnt
|faint|p2a: Maicol Ñakson
|
|upkeep
|
|t:|1757915573
|switch|p2a: Shrek tercero|Kingambit, M|100/100
|-activate|p2a: Shrek tercero|ability: Supreme Overlord
|-start|p2a: Shrek tercero|fallen1|[silent]
|-item|p2a: Shrek tercero|Air Balloon
|turn|6
|
|t:|1757915580
|move|p2a: Shrek tercero|Sucker Punch|p1a: Dusknoir
|-supereffective|p1a: Dusknoir
|-damage|p1a: Dusknoir|0 fnt
|faint|p1a: Dusknoir
|
|upkeep
|
|t:|1757915584
|switch|p1a: Smeargle|Smeargle, M|100/100
|turn|7
|
|t:|1757915591
|move|p1a: Smeargle|Court Change|p1a: Smeargle
|-swapsideconditions
|-activate|p1a: Smeargle|move: Court Change
|move|p2a: Shrek tercero|Low Kick|p1a: Smeargle
|-supereffective|p1a: Smeargle
|-enditem|p1a: Smeargle|Focus Sash
|-damage|p1a: Smeargle|1/100
|
|-fieldend|move: Trick Room
|upkeep
|turn|8
|
|t:|1757915623
|-end|p2a: Shrek tercero|fallen1|[silent]
|switch|p2a: Don Francisco|Great Tusk|100/100
|move|p1a: Smeargle|Taunt|p2a: Don Francisco
|-start|p2a: Don Francisco|move: Taunt
|
|upkeep
|turn|9
|
|t:|1757915628
|move|p1a: Smeargle|Burning Bulwark|p1a: Smeargle
|-singleturn|p1a: Smeargle|move: Protect
|move|p2a: Don Francisco|Rapid Spin|p1a: Smeargle
|-activate|p1a: Smeargle|move: Protect
|-status|p2a: Don Francisco|brn
|
|-damage|p2a: Don Francisco|94/100 brn|[from] brn
|upkeep
|turn|10
|
|t:|1757915632
|move|p2a: Don Francisco|Rapid Spin|p1a: Smeargle
|-damage|p1a: Smeargle|0 fnt
|-boost|p2a: Don Francisco|spe|1
|faint|p1a: Smeargle
|
|-damage|p2a: Don Francisco|88/100 brn|[from] brn
|-end|p2a: Don Francisco|move: Taunt
|upkeep
|
|t:|1757915636
|switch|p1a: Vikavolt|Vikavolt, F|86/100
|turn|11
|
|t:|1757915647
|move|p2a: Don Francisco|Headlong Rush|p1a: Vikavolt
|-immune|p1a: Vikavolt|[from] ability: Levitate
|move|p1a: Vikavolt|Energy Ball|p2a: Don Francisco
|-supereffective|p2a: Don Francisco
|-damage|p2a: Don Francisco|27/100 brn
|
|-damage|p2a: Don Francisco|21/100 brn|[from] brn
|upkeep
|turn|12
|
|t:|1757915653
|move|p2a: Don Francisco|Temper Flare|p1a: Vikavolt
|-supereffective|p1a: Vikavolt
|-damage|p1a: Vikavolt|39/100
|move|p1a: Vikavolt|Discharge|p2a: Don Francisco
|-immune|p2a: Don Francisco
|
|-damage|p2a: Don Francisco|15/100 brn|[from] brn
|upkeep
|turn|13
|-message|capitolg forfeited.
|
|win|ronpelano
|raw|capitolg's rating: 1201 &rarr; <strong>1177</strong><br />(-24 for losing)
|raw|ronpelano's rating: 1221 &rarr; <strong>1245</strong><br />(+24 for winning)
|l|☆capitolg
|player|p1|
|l|☆ronpelano
|player|p2|
