|j|☆SvelteSnake
|j|☆PJpizza
|t:|1757946065
|gametype|singles
|player|p1|SvelteSnake|pokefanf-gen6xy|1394
|player|p2|PJpizza|ingo|1348
|gen|9
|tier|[Gen 9] OU
|rated|
|rule|HP Percentage Mod: HP is shown in percentages
|rule|Endless Battle Clause: Forcing endless battles is banned
|rule|Species Clause: Limit one of each Pokémon
|rule|OHKO Clause: OHKO moves are banned
|rule|Evasion Items Clause: Evasion items are banned
|rule|Evasion Moves Clause: Evasion moves are banned
|rule|Evasion Abilities Clause: Evasion abilities are banned
|rule|Sleep Moves Clause: Sleep-inducing moves are banned
|clearpoke
|poke|p1|Scizor, F|
|poke|p1|Alomomola, F|
|poke|p1|Iron Treads|
|poke|p1|Dragonite, F|
|poke|p1|Landorus-Therian, M|
|poke|p1|Zapdos|
|poke|p2|Samurott-Hisui, F|
|poke|p2|Great Tusk|
|poke|p2|Volcanion|
|poke|p2|Hydrapple, F|
|poke|p2|Gholdengo|
|poke|p2|Landorus-Therian, M|
|teampreview
|c|☆SvelteSnake|gl;hf hope you are having a nice day
|c|☆PJpizza|ty bro u 2
|
|t:|1757946103
|teamsize|p1|6
|teamsize|p2|6
|start
|switch|p1a: Zapdos|Zapdos|100/100
|switch|p2a: Samurott|Samurott-Hisui, F|100/100
|turn|1
|
|t:|1757946125
|switch|p2a: Landorus|Landorus-Therian, M|100/100
|-ability|p2a: Landorus|Intimidate|boost
|-unboost|p1a: Zapdos|atk|1
|move|p1a: Zapdos|Discharge|p2a: Landorus
|-immune|p2a: Landorus
|
|upkeep
|turn|2
|
|t:|1757946142
|switch|p1a: Alomomola|Alomomola, F|100/100
|move|p2a: Landorus|Stone Edge|p1a: Alomomola|[miss]
|-miss|p2a: Landorus|p1a: Alomomola
|
|upkeep
|turn|3
|
|t:|1757946152
|switch|p2a: Volcanion|Volcanion|100/100
|switch|p1a: Zapdos|Zapdos|100/100
|
|upkeep
|turn|4
|
|t:|1757946173
|move|p1a: Zapdos|U-turn|p2a: Volcanion
|-resisted|p2a: Volcanion
|-damage|p2a: Volcanion|96/100
|
|t:|1757946181
|switch|p1a: Iron Treads|Iron Treads|100/100|[from] U-turn
|move|p2a: Volcanion|Steam Eruption|p1a: Iron Treads
|-supereffective|p1a: Iron Treads
|-damage|p1a: Iron Treads|29/100
|
|upkeep
|turn|5
|
|t:|1757946195
|switch|p2a: Great Tusk|Great Tusk|100/100
|move|p1a: Iron Treads|Ice Spinner|p2a: Great Tusk
|-supereffective|p2a: Great Tusk
|-damage|p2a: Great Tusk|68/100
|
|upkeep
|turn|6
|
|t:|1757946226
|-end|p1a: Iron Treads|Quark Drive|[silent]
|switch|p1a: Alomomola|Alomomola, F|100/100
|move|p2a: Great Tusk|Stealth Rock|p1a: Alomomola
|-sidestart|p1: SvelteSnake|move: Stealth Rock
|
|upkeep
|turn|7
|
|t:|1757946249
|-end|p2a: Great Tusk|Protosynthesis|[silent]
|switch|p2a: Landorus|Landorus-Therian, M|100/100
|-ability|p2a: Landorus|Intimidate|boost
|-unboost|p1a: Alomomola|atk|1
|move|p1a: Alomomola|Wish|p1a: Alomomola
|
|upkeep
|turn|8
|
|t:|1757946262
|switch|p2a: Great Tusk|Great Tusk|68/100
|switch|p1a: Zapdos|Zapdos|100/100
|-damage|p1a: Zapdos|76/100|[from] Stealth Rock
|
|-heal|p1a: Zapdos|100/100|[from] move: Wish|[wisher] Alomomola
|upkeep
|turn|9
|
|t:|1757946287
|-end|p2a: Great Tusk|Protosynthesis|[silent]
|switch|p2a: Landorus|Landorus-Therian, M|100/100
|-ability|p2a: Landorus|Intimidate|boost
|-unboost|p1a: Zapdos|atk|1
|move|p1a: Zapdos|Hurricane|p2a: Landorus
|-damage|p2a: Landorus|24/100
|
|upkeep
|turn|10
|
|t:|1757946299
|move|p1a: Zapdos|Hurricane|p2a: Landorus
|-damage|p2a: Landorus|0 fnt
|faint|p2a: Landorus
|
|upkeep
|
|t:|1757946326
|switch|p2a: Samurott|Samurott-Hisui, F|100/100
|turn|11
|
|t:|1757946339
|switch|p1a: Scizor|Scizor, F|100/100
|-damage|p1a: Scizor|88/100|[from] Stealth Rock
|move|p2a: Samurott|Ceaseless Edge|p1a: Scizor
|-damage|p1a: Scizor|50/100
|-sidestart|p1: SvelteSnake|Spikes
|
|upkeep
|turn|12
|
|t:|1757946401
|switch|p2a: Hydrapple|Hydrapple, F|100/100
|move|p1a: Scizor|U-turn|p2a: Hydrapple
|-supereffective|p2a: Hydrapple
|-damage|p2a: Hydrapple|27/100
|-damage|p1a: Scizor|33/100|[from] item: Rocky Helmet|[of] p2a: Hydrapple
|
|t:|1757946430
|switch|p1a: Iron Treads|Iron Treads|29/100|[from] U-turn
|-damage|p1a: Iron Treads|26/100|[from] Stealth Rock
|-damage|p1a: Iron Treads|14/100|[from] Spikes
|
|upkeep
|turn|13
|
|t:|1757946447
|switch|p2a: Gholdengo|Gholdengo|100/100
|-item|p2a: Gholdengo|Air Balloon
|move|p1a: Iron Treads|Ice Spinner|p2a: Gholdengo
|-resisted|p2a: Gholdengo
|-damage|p2a: Gholdengo|91/100
|-enditem|p2a: Gholdengo|Air Balloon
|
|upkeep
|turn|14
|
|t:|1757946460
|move|p1a: Iron Treads|Earthquake|p2a: Gholdengo
|-supereffective|p2a: Gholdengo
|-damage|p2a: Gholdengo|14/100
|move|p2a: Gholdengo|Shadow Ball|p1a: Iron Treads
|-damage|p1a: Iron Treads|0 fnt
|faint|p1a: Iron Treads
|-end|p1a: Iron Treads|Quark Drive|[silent]
|
|upkeep
|
|t:|1757946478
|switch|p1a: Landorus|Landorus-Therian, M|100/100
|-damage|p1a: Landorus|88/100|[from] Stealth Rock
|-ability|p1a: Landorus|Intimidate|boost
|-unboost|p2a: Gholdengo|atk|1
|turn|15
|
|t:|1757946495
|switch|p2a: Samurott|Samurott-Hisui, F|100/100
|move|p1a: Landorus|Sandsear Storm|p2a: Samurott
|-damage|p2a: Samurott|46/100
|
|upkeep
|turn|16
|
|t:|1757946514
|move|p1a: Landorus|Sandsear Storm|p2a: Samurott
|-damage|p2a: Samurott|0 fnt
|faint|p2a: Samurott
|
|upkeep
|
|t:|1757946523
|switch|p2a: Volcanion|Volcanion|96/100
|turn|17
|
|t:|1757946537
|move|p1a: Landorus|Sandsear Storm|p2a: Volcanion
|-supereffective|p2a: Volcanion
|-damage|p2a: Volcanion|0 fnt
|faint|p2a: Volcanion
|
|upkeep
|
|t:|1757946556
|switch|p2a: Great Tusk|Great Tusk|68/100
|turn|18
|
|t:|1757946563
|move|p2a: Great Tusk|Ice Spinner|p1a: Landorus
|-supereffective|p1a: Landorus
|-damage|p1a: Landorus|0 fnt
|faint|p1a: Landorus
|
|upkeep
|
|t:|1757946567
|switch|p1a: Alomomola|Alomomola, F|100/100
|turn|19
|
|t:|1757946575
|-end|p2a: Great Tusk|Protosynthesis|[silent]
|switch|p2a: Hydrapple|Hydrapple, F|60/100
|move|p1a: Alomomola|Flip Turn|p2a: Hydrapple
|-resisted|p2a: Hydrapple
|-damage|p2a: Hydrapple|58/100
|-damage|p1a: Alomomola|84/100|[from] item: Rocky Helmet|[of] p2a: Hydrapple
|
|t:|1757946580
|switch|p1a: Zapdos|Zapdos|100/100|[from] Flip Turn
|-damage|p1a: Zapdos|76/100|[from] Stealth Rock
|
|upkeep
|turn|20
|
|t:|1757946608
|-terastallize|p2a: Hydrapple|Steel
|move|p1a: Zapdos|Heat Wave|p2a: Hydrapple
|-supereffective|p2a: Hydrapple
|-damage|p2a: Hydrapple|0 fnt
|faint|p2a: Hydrapple
|
|upkeep
|c|☆PJpizza|GG
|c|☆SvelteSnake|gg
|-message|PJpizza forfeited.
|
|win|SvelteSnake
|raw|SvelteSnake's rating: 1394 &rarr; <strong>1411</strong><br />(+17 for winning)
|raw|PJpizza's rating: 1348 &rarr; <strong>1331</strong><br />(-17 for losing)
|l|☆PJpizza
|player|p2|
