|j|☆weiixia
|j|☆sigma1232
|t:|1757907788
|gametype|singles
|player|p1|weiixia|170|1422
|player|p2|sigma1232|hilbert|1338
|gen|9
|tier|[Gen 9] OU
|rated|
|rule|HP Percentage Mod: HP is shown in percentages
|rule|Endless Battle Clause: Forcing endless battles is banned
|rule|Species Clause: Limit one of each Pokémon
|rule|OHKO Clause: OHKO moves are banned
|rule|Evasion Items Clause: Evasion items are banned
|rule|Evasion Moves Clause: Evasion moves are banned
|rule|Evasion Abilities Clause: Evasion abilities are banned
|rule|Sleep Moves Clause: Sleep-inducing moves are banned
|clearpoke
|poke|p1|Corviknight, M|
|poke|p1|Slowking-Galar, M|
|poke|p1|Kyurem|
|poke|p1|Great Tusk|
|poke|p1|Samurott-Hisui, M|
|poke|p1|Iron Moth|
|poke|p2|Zamazenta-*|
|poke|p2|Serperior, M|
|poke|p2|Cinderace, M|
|poke|p2|Gholdengo|
|poke|p2|Ursaluna, F|
|poke|p2|Garchomp, F|
|teampreview
|inactive|Battle timer is ON: inactive players will automatically lose when time's up. (requested by weiixia)
|
|t:|1757907796
|teamsize|p1|6
|teamsize|p2|6
|start
|switch|p1a: Kyurem|Kyurem|100/100
|switch|p2a: Serperior|Serperior, M|100/100
|-ability|p1a: Kyurem|Pressure
|turn|1
|
|t:|1757907804
|switch|p2a: Zamazenta|Zamazenta|100/100
|-ability|p2a: Zamazenta|Dauntless Shield|boost
|-boost|p2a: Zamazenta|def|1
|move|p1a: Kyurem|Freeze-Dry|p2a: Zamazenta
|-damage|p2a: Zamazenta|70/100
|-status|p2a: Zamazenta|frz
|
|-heal|p2a: Zamazenta|76/100 frz|[from] item: Leftovers
|upkeep
|turn|2
|
|t:|1757907814
|move|p1a: Kyurem|Freeze-Dry|p2a: Zamazenta
|-damage|p2a: Zamazenta|46/100 frz
|cant|p2a: Zamazenta|frz
|
|-heal|p2a: Zamazenta|52/100 frz|[from] item: Leftovers
|upkeep
|turn|3
|
|t:|1757907820
|move|p1a: Kyurem|Freeze-Dry|p2a: Zamazenta
|-crit|p2a: Zamazenta
|-damage|p2a: Zamazenta|4/100 frz
|-curestatus|p2a: Zamazenta|frz|[msg]
|move|p2a: Zamazenta|Light Screen|p2a: Zamazenta
|-sidestart|p2: sigma1232|move: Light Screen
|
|-heal|p2a: Zamazenta|10/100|[from] item: Leftovers
|upkeep
|turn|4
|
|t:|1757907827
|move|p1a: Kyurem|Freeze-Dry|p2a: Zamazenta
|-damage|p2a: Zamazenta|0 fnt
|faint|p2a: Zamazenta
|
|upkeep
|
|t:|1757907833
|switch|p2a: Cinderace|Cinderace, M|100/100
|turn|5
|
|t:|1757907838
|switch|p1a: Great Tusk|Great Tusk|100/100
|move|p2a: Cinderace|High Jump Kick|p1a: Great Tusk
|-start|p2a: Cinderace|typechange|Fighting|[from] ability: Libero
|-damage|p1a: Great Tusk|56/100
|
|-heal|p1a: Great Tusk|62/100|[from] item: Leftovers
|upkeep
|turn|6
|
|t:|1757907847
|move|p2a: Cinderace|High Jump Kick|p1a: Great Tusk
|-damage|p1a: Great Tusk|20/100
|move|p1a: Great Tusk|Earthquake|p2a: Cinderace
|-damage|p2a: Cinderace|25/100
|
|-heal|p1a: Great Tusk|26/100|[from] item: Leftovers
|upkeep
|turn|7
|
|t:|1757907855
|-end|p1a: Great Tusk|Protosynthesis|[silent]
|switch|p1a: Slowking|Slowking-Galar, M|100/100
|move|p2a: Cinderace|High Jump Kick|p1a: Slowking
|-resisted|p1a: Slowking
|-crit|p1a: Slowking
|-damage|p1a: Slowking|76/100
|
|-sideend|p2: sigma1232|move: Light Screen
|upkeep
|turn|8
|
|t:|1757907863
|switch|p1a: Great Tusk|Great Tusk|26/100
|move|p2a: Cinderace|U-turn|p1a: Great Tusk
|-resisted|p1a: Great Tusk
|-damage|p1a: Great Tusk|19/100
|
|t:|1757907868
|switch|p2a: Serperior|Serperior, M|100/100|[from] U-turn
|
|-heal|p1a: Great Tusk|25/100|[from] item: Leftovers
|upkeep
|turn|9
|
|t:|1757907879
|-end|p1a: Great Tusk|Protosynthesis|[silent]
|switch|p1a: Corviknight|Corviknight, M|100/100
|-ability|p1a: Corviknight|Pressure
|move|p2a: Serperior|Substitute|p2a: Serperior
|-start|p2a: Serperior|Substitute
|-damage|p2a: Serperior|75/100
|
|upkeep
|turn|10
|
|t:|1757907886
|move|p2a: Serperior|Glare|p1a: Corviknight
|-status|p1a: Corviknight|par
|move|p1a: Corviknight|U-turn|p2a: Serperior
|-supereffective|p2a: Serperior
|-end|p2a: Serperior|Substitute
|
|t:|1757907890
|switch|p1a: Kyurem|Kyurem|100/100|[from] U-turn
|-ability|p1a: Kyurem|Pressure
|
|upkeep
|turn|11
|
|t:|1757907907
|switch|p2a: Gholdengo|Gholdengo|100/100
|move|p1a: Kyurem|Freeze-Dry|p2a: Gholdengo
|-resisted|p2a: Gholdengo
|-damage|p2a: Gholdengo|76/100
|
|upkeep
|turn|12
|
|t:|1757907914
|switch|p1a: Samurott|Samurott-Hisui, M|100/100
|move|p2a: Gholdengo|Make It Rain|p1a: Samurott
|-resisted|p1a: Samurott
|-damage|p1a: Samurott|17/100
|-unboost|p2a: Gholdengo|spa|1
|
|upkeep
|turn|13
|
|t:|1757907925
|-terastallize|p2a: Gholdengo|Dragon
|move|p1a: Samurott|Ceaseless Edge|p2a: Gholdengo
|-damage|p2a: Gholdengo|0 fnt
|-sidestart|p2: sigma1232|Spikes
|faint|p2a: Gholdengo
|
|upkeep
|
|t:|1757907934
|switch|p2a: Serperior|Serperior, M|75/100
|-damage|p2a: Serperior|63/100|[from] Spikes
|turn|14
|
|t:|1757907938
|switch|p1a: Corviknight|Corviknight, M|100/100 par
|-ability|p1a: Corviknight|Pressure
|move|p2a: Serperior|Leaf Storm|p1a: Corviknight|[miss]
|-miss|p2a: Serperior|p1a: Corviknight
|
|upkeep
|turn|15
|
|t:|1757907951
|move|p2a: Serperior|Substitute|p2a: Serperior
|-start|p2a: Serperior|Substitute
|-damage|p2a: Serperior|38/100
|move|p1a: Corviknight|Brave Bird|p2a: Serperior
|-supereffective|p2a: Serperior
|-end|p2a: Serperior|Substitute
|-damage|p1a: Corviknight|94/100 par|[from] Recoil|[of] p2a: Serperior
|
|upkeep
|turn|16
|
|t:|1757907965
|switch|p2a: Garchomp|Garchomp, F|100/100
|-damage|p2a: Garchomp|88/100|[from] Spikes
|move|p1a: Corviknight|U-turn|p2a: Garchomp
|-damage|p2a: Garchomp|73/100
|-damage|p1a: Corviknight|82/100 par|[from] ability: Rough Skin|[of] p2a: Garchomp
|-damage|p1a: Corviknight|66/100 par|[from] item: Rocky Helmet|[of] p2a: Garchomp
|
|t:|1757907980
|switch|p1a: Kyurem|Kyurem|100/100|[from] U-turn
|-ability|p1a: Kyurem|Pressure
|
|upkeep
|turn|17
|
|t:|1757907991
|move|p1a: Kyurem|Freeze-Dry|p2a: Garchomp
|-supereffective|p2a: Garchomp
|-damage|p2a: Garchomp|0 fnt
|faint|p2a: Garchomp
|
|upkeep
|-message|sigma1232 forfeited.
|
|win|weiixia
|raw|weiixia's rating: 1422 &rarr; <strong>1437</strong><br />(+15 for winning)
|raw|sigma1232's rating: 1338 &rarr; <strong>1323</strong><br />(-15 for losing)
|l|☆sigma1232
|player|p2|
