|j|☆Yajityyy
|j|☆loscocainehermanos
|t:|1757940295
|gametype|singles
|player|p1|Yajityyy|burglar|1432
|player|p2|loscocainehermanos|102|1428
|gen|9
|tier|[Gen 9] OU
|rated|
|rule|HP Percentage Mod: HP is shown in percentages
|rule|Endless Battle Clause: Forcing endless battles is banned
|rule|Species Clause: Limit one of each Pokémon
|rule|OHKO Clause: OHKO moves are banned
|rule|Evasion Items Clause: Evasion items are banned
|rule|Evasion Moves Clause: Evasion moves are banned
|rule|Evasion Abilities Clause: Evasion abilities are banned
|rule|Sleep Moves Clause: Sleep-inducing moves are banned
|clearpoke
|poke|p1|Glimmora, F|
|poke|p1|Ogerpon-Wellspring, F|
|poke|p1|Hatterene, F|
|poke|p1|Iron Moth|
|poke|p1|Dragonite, F|
|poke|p1|Kingambit, F|
|poke|p2|Okidogi, M|
|poke|p2|Darkrai|
|poke|p2|Enamorus, F|
|poke|p2|Garchomp, M|
|poke|p2|Iron Treads|
|poke|p2|Slowking-Galar, F|
|teampreview
|inactive|Battle timer is ON: inactive players will automatically lose when time's up. (requested by Yajityyy)
|c|☆Yajityyy|Gl
|
|t:|1757940306
|teamsize|p1|6
|teamsize|p2|6
|start
|switch|p1a: The Advocate|Glimmora, F|100/100
|switch|p2a: Iron Treads|Iron Treads|100/100
|-item|p2a: Iron Treads|Air Balloon
|turn|1
|c|☆loscocainehermanos|gl hf!
|
|t:|1757940315
|move|p2a: Iron Treads|Earthquake|p1a: The Advocate
|-supereffective|p1a: The Advocate
|-enditem|p1a: The Advocate|Focus Sash
|-damage|p1a: The Advocate|1/100
|-activate|p1a: The Advocate|ability: Toxic Debris
|-sidestart|p2: loscocainehermanos|move: Toxic Spikes
|move|p1a: The Advocate|Stealth Rock|p2a: Iron Treads
|-sidestart|p2: loscocainehermanos|move: Stealth Rock
|
|upkeep
|turn|2
|
|t:|1757940322
|switch|p1a: Satan|Dragonite, F|100/100
|move|p2a: Iron Treads|Rapid Spin|p1a: Satan
|-damage|p1a: Satan|92/100
|-boost|p2a: Iron Treads|spe|1
|-sideend|p2: loscocainehermanos|Toxic Spikes|[from] move: Rapid Spin|[of] p2a: Iron Treads
|-sideend|p2: loscocainehermanos|Stealth Rock|[from] move: Rapid Spin|[of] p2a: Iron Treads
|
|upkeep
|turn|3
|
|t:|1757940330
|move|p2a: Iron Treads|Ice Spinner|p1a: Satan
|-supereffective|p1a: Satan
|-damage|p1a: Satan|0 fnt
|faint|p1a: Satan
|
|upkeep
|
|t:|1757940337
|switch|p1a: The Ogerponzi|Ogerpon-Wellspring, F|100/100
|turn|4
|
|t:|1757940344
|-end|p2a: Iron Treads|Quark Drive|[silent]
|switch|p2a: Garchomp|Garchomp, M|100/100
|move|p1a: The Ogerponzi|Ivy Cudgel|p2a: Garchomp|[anim] Ivy Cudgel Water
|-crit|p2a: Garchomp
|-damage|p2a: Garchomp|41/100
|
|upkeep
|turn|5
|
|t:|1757940356
|move|p1a: The Ogerponzi|Ivy Cudgel|p2a: Garchomp|[anim] Ivy Cudgel Water
|-damage|p2a: Garchomp|4/100
|move|p2a: Garchomp|Dragon Tail|p1a: The Ogerponzi
|-damage|p1a: The Ogerponzi|68/100
|drag|p1a: The Advocate|Glimmora, F|1/100
|
|upkeep
|turn|6
|
|t:|1757940368
|move|p1a: The Advocate|Energy Ball|p2a: Garchomp
|-damage|p2a: Garchomp|0 fnt
|faint|p2a: Garchomp
|
|upkeep
|
|t:|1757940382
|switch|p2a: Enamorus|Enamorus, F|100/100
|turn|7
|
|t:|1757940390
|move|p2a: Enamorus|Earth Power|p1a: The Advocate
|-supereffective|p1a: The Advocate
|-damage|p1a: The Advocate|0 fnt
|faint|p1a: The Advocate
|
|upkeep
|
|t:|1757940402
|switch|p1a: The Leader|Kingambit, F|100/100
|-activate|p1a: The Leader|ability: Supreme Overlord
|-start|p1a: The Leader|fallen2|[silent]
|turn|8
|
|t:|1757940409
|switch|p2a: Okidogi|Okidogi, M|100/100
|move|p1a: The Leader|Iron Head|p2a: Okidogi
|-damage|p2a: Okidogi|56/100
|
|upkeep
|turn|9
|
|t:|1757940427
|-end|p1a: The Leader|fallen2|[silent]
|switch|p1a: The Beast|Iron Moth|100/100
|-enditem|p1a: The Beast|Booster Energy
|-activate|p1a: The Beast|ability: Quark Drive|[fromitem]
|-start|p1a: The Beast|quarkdrivespe
|move|p2a: Okidogi|Drain Punch|p1a: The Beast
|-resisted|p1a: The Beast
|-damage|p1a: The Beast|70/100
|-heal|p2a: Okidogi|69/100|[from] drain|[of] p1a: The Beast
|
|upkeep
|turn|10
|
|t:|1757940454
|switch|p2a: Slowking|Slowking-Galar, F|100/100
|move|p1a: The Beast|Fiery Dance|p2a: Slowking
|-damage|p2a: Slowking|78/100
|-boost|p1a: The Beast|spa|1
|
|upkeep
|turn|11
|
|t:|1757940465
|-end|p1a: The Beast|Quark Drive|[silent]
|switch|p1a: The Witch|Hatterene, F|100/100
|move|p2a: Slowking|Psychic Noise|p1a: The Witch
|-resisted|p1a: The Witch
|-damage|p1a: The Witch|86/100
|-start|p1a: The Witch|move: Heal Block
|
|upkeep
|turn|12
|inactive|loscocainehermanos has 120 seconds left.
|
|t:|1757940494
|switch|p1a: The Leader|Kingambit, F|100/100
|-activate|p1a: The Leader|ability: Supreme Overlord
|-start|p1a: The Leader|fallen2|[silent]
|move|p2a: Slowking|Sludge Bomb|p1a: The Leader
|-immune|p1a: The Leader
|
|upkeep
|turn|13
|
|t:|1757940503
|move|p1a: The Leader|Swords Dance|p1a: The Leader
|-boost|p1a: The Leader|atk|2
|-prepare|p2a: Slowking|Chilly Reception|[premajor]
|move|p2a: Slowking|Chilly Reception|p2a: Slowking
|-weather|Snowscape
|
|t:|1757940506
|switch|p2a: Okidogi|Okidogi, M|69/100|[from] Chilly Reception
|
|-weather|Snowscape|[upkeep]
|upkeep
|turn|14
|
|t:|1757940521
|-end|p1a: The Leader|fallen2|[silent]
|switch|p1a: The Beast|Iron Moth|70/100
|move|p2a: Okidogi|Gunk Shot|p1a: The Beast
|-resisted|p1a: The Beast
|-damage|p1a: The Beast|19/100
|
|-weather|Snowscape|[upkeep]
|upkeep
|turn|15
|inactive|loscocainehermanos has 120 seconds left.
|
|t:|1757940552
|switch|p2a: Slowking|Slowking-Galar, F|100/100
|move|p1a: The Beast|Fiery Dance|p2a: Slowking
|-crit|p2a: Slowking
|-damage|p2a: Slowking|63/100
|
|-weather|Snowscape|[upkeep]
|upkeep
|turn|16
|
|t:|1757940569
|move|p1a: The Beast|Fiery Dance|p2a: Slowking
|-damage|p2a: Slowking|41/100
|-prepare|p2a: Slowking|Chilly Reception|[premajor]
|move|p2a: Slowking|Chilly Reception|p2a: Slowking
|
|t:|1757940586
|switch|p2a: Darkrai|Darkrai, shiny|100/100|[from] Chilly Reception
|
|-weather|Snowscape|[upkeep]
|upkeep
|turn|17
|
|t:|1757940600
|move|p2a: Darkrai|Dark Pulse|p1a: The Beast
|-damage|p1a: The Beast|0 fnt
|faint|p1a: The Beast
|-end|p1a: The Beast|Quark Drive|[silent]
|
|-weather|none
|upkeep
|
|t:|1757940616
|switch|p1a: The Witch|Hatterene, F|86/100
|turn|18
|inactive|loscocainehermanos has 120 seconds left.
|
|t:|1757940626
|switch|p2a: Iron Treads|Iron Treads|100/100
|-item|p2a: Iron Treads|Air Balloon
|move|p1a: The Witch|Draining Kiss|p2a: Iron Treads
|-resisted|p2a: Iron Treads
|-damage|p2a: Iron Treads|83/100
|-heal|p1a: The Witch|99/100|[from] drain|[of] p2a: Iron Treads
|-enditem|p2a: Iron Treads|Air Balloon
|
|-heal|p1a: The Witch|100/100|[from] item: Leftovers
|upkeep
|turn|19
|
|t:|1757940633
|move|p2a: Iron Treads|Rapid Spin|p1a: The Witch
|-damage|p1a: The Witch|87/100
|-boost|p2a: Iron Treads|spe|1
|move|p1a: The Witch|Mystical Fire|p2a: Iron Treads
|-supereffective|p2a: Iron Treads
|-damage|p2a: Iron Treads|21/100
|-unboost|p2a: Iron Treads|spa|1
|
|-heal|p1a: The Witch|93/100|[from] item: Leftovers
|upkeep
|turn|20
|
|t:|1757940641
|move|p2a: Iron Treads|Iron Head|p1a: The Witch
|-supereffective|p1a: The Witch
|-damage|p1a: The Witch|27/100
|move|p1a: The Witch|Calm Mind|p1a: The Witch
|-boost|p1a: The Witch|spa|1
|-boost|p1a: The Witch|spd|1
|
|-heal|p1a: The Witch|33/100|[from] item: Leftovers
|upkeep
|turn|21
|
|t:|1757940654
|switch|p1a: The Leader|Kingambit, F|100/100
|-activate|p1a: The Leader|ability: Supreme Overlord
|-start|p1a: The Leader|fallen3|[silent]
|move|p2a: Iron Treads|Earthquake|p1a: The Leader
|-supereffective|p1a: The Leader
|-damage|p1a: The Leader|25/100
|
|upkeep
|turn|22
|inactive|loscocainehermanos has 120 seconds left.
|
|t:|1757940691
|move|p2a: Iron Treads|Earthquake|p1a: The Leader
|-supereffective|p1a: The Leader
|-damage|p1a: The Leader|0 fnt
|faint|p1a: The Leader
|-end|p1a: The Leader|fallen3|[silent]
|
|upkeep
|
|t:|1757940695
|switch|p1a: The Ogerponzi|Ogerpon-Wellspring, F|68/100
|turn|23
|inactive|loscocainehermanos has 120 seconds left.
|
|t:|1757940701
|move|p2a: Iron Treads|Ice Spinner|p1a: The Ogerponzi
|-damage|p1a: The Ogerponzi|33/100
|move|p1a: The Ogerponzi|Ivy Cudgel|p2a: Iron Treads|[anim] Ivy Cudgel Water
|-supereffective|p2a: Iron Treads
|-damage|p2a: Iron Treads|0 fnt
|faint|p2a: Iron Treads
|-end|p2a: Iron Treads|Quark Drive|[silent]
|
|upkeep
|inactive|loscocainehermanos has 120 seconds left.
|
|t:|1757940724
|switch|p2a: Darkrai|Darkrai, shiny|100/100
|turn|24
|-message|Yajityyy forfeited.
|
|win|loscocainehermanos
|raw|Yajityyy's rating: 1432 &rarr; <strong>1412</strong><br />(-20 for losing)
|raw|loscocainehermanos's rating: 1428 &rarr; <strong>1448</strong><br />(+20 for winning)
|l|☆Yajityyy
|player|p1|
|l|☆loscocainehermanos
|player|p2|
