|j|☆kaisadadi
|j|☆Melzer
|t:|1757941763
|gametype|singles
|player|p1|kaisadadi|steven|1441
|player|p2|Melzer|riley|1409
|gen|9
|tier|[Gen 9] OU
|rated|
|rule|HP Percentage Mod: HP is shown in percentages
|rule|Endless Battle Clause: Forcing endless battles is banned
|rule|Species Clause: Limit one of each Pokémon
|rule|OHKO Clause: OHKO moves are banned
|rule|Evasion Items Clause: Evasion items are banned
|rule|Evasion Moves Clause: Evasion moves are banned
|rule|Evasion Abilities Clause: Evasion abilities are banned
|rule|Sleep Moves Clause: Sleep-inducing moves are banned
|clearpoke
|poke|p1|Tyranitar, M|
|poke|p1|Excadrill, F|
|poke|p1|Keldeo-Resolute|
|poke|p1|Tornadus-Therian, M|
|poke|p1|Heatran, F|
|poke|p1|Hydrapple, F|
|poke|p2|Lokix, M|
|poke|p2|Cinderace, F|
|poke|p2|Magnezone|
|poke|p2|Alomomola, M|
|poke|p2|Slowking-Galar, M|
|poke|p2|Mimikyu, M|
|teampreview
|
|t:|1757941812
|teamsize|p1|6
|teamsize|p2|6
|start
|switch|p1a: Tornadus|Tornadus-Therian, M|100/100
|switch|p2a: Lokix|Lokix, M|100/100
|turn|1
|
|t:|1757941823
|switch|p1a: Heatran|Heatran, F|100/100
|-terastallize|p2a: Lokix|Bug
|move|p2a: Lokix|First Impression|p1a: Heatran
|-resisted|p1a: Heatran
|-damage|p1a: Heatran|61/100
|-status|p2a: Lokix|brn|[from] ability: Flame Body|[of] p1a: Heatran
|
|-heal|p1a: Heatran|67/100|[from] item: Leftovers
|-damage|p2a: Lokix|94/100 brn|[from] brn
|upkeep
|turn|2
|
|t:|1757941834
|switch|p2a: Alomomola|Alomomola, M|100/100
|switch|p1a: Tornadus|Tornadus-Therian, M|100/100
|
|upkeep
|turn|3
|
|t:|1757941839
|move|p1a: Tornadus|Taunt|p2a: Alomomola
|-start|p2a: Alomomola|move: Taunt
|move|p2a: Alomomola|Flip Turn|p1a: Tornadus
|-damage|p1a: Tornadus|83/100
|
|t:|1757941847
|switch|p2a: Magnezone|Magnezone|100/100|[from] Flip Turn
|
|upkeep
|turn|4
|
|t:|1757941860
|switch|p1a: Excadrill|Excadrill, F|100/100
|-item|p1a: Excadrill|Air Balloon
|move|p2a: Magnezone|Body Press|p1a: Excadrill
|-supereffective|p1a: Excadrill
|-damage|p1a: Excadrill|15/100
|-enditem|p1a: Excadrill|Air Balloon
|
|upkeep
|turn|5
|
|t:|1757941868
|switch|p2a: Alomomola|Alomomola, M|100/100
|move|p1a: Excadrill|Earthquake|p2a: Alomomola
|-damage|p2a: Alomomola|65/100
|
|upkeep
|turn|6
|
|t:|1757941875
|switch|p1a: Hydrapple|Hydrapple, F|100/100
|move|p2a: Alomomola|Flip Turn|p1a: Hydrapple
|-resisted|p1a: Hydrapple
|-damage|p1a: Hydrapple|98/100
|-damage|p2a: Alomomola|48/100|[from] item: Rocky Helmet|[of] p1a: Hydrapple
|
|t:|1757941882
|switch|p2a: Slowking|Slowking-Galar, M|100/100|[from] Flip Turn
|
|upkeep
|turn|7
|
|t:|1757941903
|switch|p1a: Tyranitar|Tyranitar, M|100/100
|-weather|Sandstorm|[from] ability: Sand Stream|[of] p1a: Tyranitar
|move|p2a: Slowking|Toxic|p1a: Tyranitar
|-status|p1a: Tyranitar|tox
|
|-weather|Sandstorm|[upkeep]
|-damage|p2a: Slowking|95/100|[from] Sandstorm
|-damage|p1a: Tyranitar|94/100 tox|[from] psn
|upkeep
|turn|8
|
|t:|1757941913
|switch|p2a: Alomomola|Alomomola, M|81/100
|move|p1a: Tyranitar|Knock Off|p2a: Alomomola
|-damage|p2a: Alomomola|29/100
|-damage|p1a: Tyranitar|78/100 tox|[from] item: Rocky Helmet|[of] p2a: Alomomola
|-enditem|p2a: Alomomola|Rocky Helmet|[from] move: Knock Off|[of] p1a: Tyranitar
|
|-weather|Sandstorm|[upkeep]
|-damage|p2a: Alomomola|23/100|[from] Sandstorm
|-damage|p1a: Tyranitar|66/100 tox|[from] psn
|upkeep
|turn|9
|
|t:|1757941923
|move|p2a: Alomomola|Protect|p2a: Alomomola
|-singleturn|p2a: Alomomola|Protect
|move|p1a: Tyranitar|Knock Off|p2a: Alomomola
|-activate|p2a: Alomomola|move: Protect
|
|-weather|Sandstorm|[upkeep]
|-damage|p2a: Alomomola|17/100|[from] Sandstorm
|-damage|p1a: Tyranitar|47/100 tox|[from] psn
|upkeep
|turn|10
|
|t:|1757941934
|switch|p2a: Lokix|Lokix, M, tera:Bug|94/100 brn
|move|p1a: Tyranitar|Knock Off|p2a: Lokix
|-damage|p2a: Lokix|0 fnt
|-enditem|p2a: Lokix|Choice Band|[from] move: Knock Off|[of] p1a: Tyranitar
|faint|p2a: Lokix
|
|-weather|Sandstorm|[upkeep]
|-damage|p1a: Tyranitar|22/100 tox|[from] psn
|upkeep
|
|t:|1757941948
|switch|p2a: Cinderace|Cinderace, F|100/100
|turn|11
|
|t:|1757941957
|switch|p1a: Hydrapple|Hydrapple, F|100/100
|move|p2a: Cinderace|U-turn|p1a: Hydrapple
|-start|p2a: Cinderace|typechange|Bug|[from] ability: Libero
|-supereffective|p1a: Hydrapple
|-damage|p1a: Hydrapple|59/100
|-damage|p2a: Cinderace|84/100|[from] item: Rocky Helmet|[of] p1a: Hydrapple
|
|t:|1757941968
|switch|p2a: Slowking|Slowking-Galar, M|100/100|[from] U-turn
|
|-weather|none
|upkeep
|turn|12
|
|t:|1757941977
|switch|p1a: Tyranitar|Tyranitar, M|22/100 tox
|-weather|Sandstorm|[from] ability: Sand Stream|[of] p1a: Tyranitar
|-prepare|p2a: Slowking|Chilly Reception|[premajor]
|move|p2a: Slowking|Chilly Reception|p2a: Slowking
|-weather|Snowscape
|
|t:|1757941984
|switch|p2a: Cinderace|Cinderace, F|84/100|[from] Chilly Reception
|
|-weather|Snowscape|[upkeep]
|-damage|p1a: Tyranitar|16/100 tox|[from] psn
|upkeep
|turn|13
|
|t:|1757941990
|switch|p1a: Hydrapple|Hydrapple, F|93/100
|move|p2a: Cinderace|U-turn|p1a: Hydrapple
|-start|p2a: Cinderace|typechange|Bug|[from] ability: Libero
|-supereffective|p1a: Hydrapple
|-damage|p1a: Hydrapple|57/100
|-damage|p2a: Cinderace|67/100|[from] item: Rocky Helmet|[of] p1a: Hydrapple
|
|t:|1757942005
|switch|p2a: Slowking|Slowking-Galar, M|100/100|[from] U-turn
|
|-weather|Snowscape|[upkeep]
|upkeep
|turn|14
|
|t:|1757942009
|switch|p1a: Excadrill|Excadrill, F|15/100
|move|p2a: Slowking|Toxic|p1a: Excadrill
|-immune|p1a: Excadrill
|
|-weather|Snowscape|[upkeep]
|upkeep
|turn|15
|
|t:|1757942019
|switch|p2a: Alomomola|Alomomola, M|50/100
|move|p1a: Excadrill|Earthquake|p2a: Alomomola
|-damage|p2a: Alomomola|20/100
|
|-weather|Snowscape|[upkeep]
|upkeep
|turn|16
|
|t:|1757942030
|move|p1a: Excadrill|Swords Dance|p1a: Excadrill
|-boost|p1a: Excadrill|atk|2
|move|p2a: Alomomola|Flip Turn|p1a: Excadrill
|-supereffective|p1a: Excadrill
|-damage|p1a: Excadrill|0 fnt
|faint|p1a: Excadrill
|
|t:|1757942042
|switch|p2a: Cinderace|Cinderace, F|67/100|[from] Flip Turn
|
|-weather|none
|upkeep
|
|t:|1757942053
|switch|p1a: Tornadus|Tornadus-Therian, M|100/100
|turn|17
|
|t:|1757942059
|switch|p2a: Magnezone|Magnezone|100/100
|move|p1a: Tornadus|Bleakwind Storm|p2a: Magnezone
|-resisted|p2a: Magnezone
|-damage|p2a: Magnezone|92/100
|
|upkeep
|turn|18
|
|t:|1757942067
|move|p1a: Tornadus|Heat Wave|p2a: Magnezone
|-supereffective|p2a: Magnezone
|-damage|p2a: Magnezone|47/100
|move|p2a: Magnezone|Thunderbolt|p1a: Tornadus
|-supereffective|p1a: Tornadus
|-damage|p1a: Tornadus|14/100
|
|upkeep
|turn|19
|
|t:|1757942075
|move|p1a: Tornadus|U-turn|p2a: Magnezone
|-resisted|p2a: Magnezone
|-damage|p2a: Magnezone|41/100
|
|t:|1757942078
|switch|p1a: Hydrapple|Hydrapple, F|90/100|[from] U-turn
|move|p2a: Magnezone|Volt Switch|p1a: Hydrapple
|-resisted|p1a: Hydrapple
|-damage|p1a: Hydrapple|81/100
|
|t:|1757942086
|switch|p2a: Cinderace|Cinderace, F|67/100|[from] Volt Switch
|
|upkeep
|turn|20
|
|t:|1757942092
|move|p2a: Cinderace|Pyro Ball|p1a: Hydrapple
|-damage|p1a: Hydrapple|50/100
|-status|p1a: Hydrapple|brn
|move|p1a: Hydrapple|Fickle Beam|p2a: Cinderace|[anim] Fickle Beam All Out
|-activate|p1a: Hydrapple|move: Fickle Beam
|-damage|p2a: Cinderace|0 fnt
|faint|p2a: Cinderace
|
|-damage|p1a: Hydrapple|44/100 brn|[from] brn
|upkeep
|
|t:|1757942111
|switch|p2a: Magnezone|Magnezone|41/100
|turn|21
|
|t:|1757942137
|switch|p1a: Keldeo|Keldeo-Resolute|100/100
|move|p2a: Magnezone|Flash Cannon|p1a: Keldeo
|-resisted|p1a: Keldeo
|-damage|p1a: Keldeo|77/100
|
|upkeep
|turn|22
|
|t:|1757942144
|-terastallize|p1a: Keldeo|Water
|move|p1a: Keldeo|Surf|p2a: Magnezone
|-damage|p2a: Magnezone|0 fnt
|faint|p2a: Magnezone
|
|upkeep
|
|t:|1757942155
|switch|p2a: Slowking|Slowking-Galar, M|100/100
|turn|23
|
|t:|1757942158
|move|p1a: Keldeo|Surf|p2a: Slowking
|-damage|p2a: Slowking|37/100
|move|p2a: Slowking|Flamethrower|p1a: Keldeo
|-resisted|p1a: Keldeo
|-damage|p1a: Keldeo|63/100
|
|upkeep
|turn|24
|
|t:|1757942164
|move|p1a: Keldeo|Surf|p2a: Slowking
|-damage|p2a: Slowking|0 fnt
|faint|p2a: Slowking
|
|upkeep
|
|t:|1757942167
|switch|p2a: Mimikyu|Mimikyu, M|100/100
|turn|25
|
|t:|1757942171
|switch|p1a: Hydrapple|Hydrapple, F|77/100 brn
|move|p2a: Mimikyu|Swords Dance|p2a: Mimikyu
|-boost|p2a: Mimikyu|atk|2
|
|-damage|p1a: Hydrapple|71/100 brn|[from] brn
|upkeep
|turn|26
|
|t:|1757942182
|move|p2a: Mimikyu|Play Rough|p1a: Hydrapple
|-supereffective|p1a: Hydrapple
|-damage|p1a: Hydrapple|0 fnt
|-damage|p2a: Mimikyu|84/100|[from] item: Rocky Helmet|[of] p1a: Hydrapple
|faint|p1a: Hydrapple
|
|upkeep
|
|t:|1757942186
|switch|p1a: Tornadus|Tornadus-Therian, M|47/100
|turn|27
|
|t:|1757942194
|move|p2a: Mimikyu|Shadow Sneak|p1a: Tornadus
|-damage|p1a: Tornadus|9/100
|move|p1a: Tornadus|U-turn|p2a: Mimikyu
|-activate|p2a: Mimikyu|ability: Disguise
|-damage|p2a: Mimikyu|84/100
|detailschange|p2a: Mimikyu|Mimikyu-Busted, M
|-damage|p2a: Mimikyu|72/100|[from] pokemon: Mimikyu-Busted
|-enditem|p2a: Mimikyu|Red Card|[of] p1a: Tornadus
|drag|p1a: Keldeo|Keldeo-Resolute, tera:Water|63/100
|
|upkeep
|turn|28
|
|t:|1757942207
|switch|p1a: Heatran|Heatran, F|67/100
|move|p2a: Mimikyu|Shadow Sneak|p1a: Heatran
|-damage|p1a: Heatran|38/100
|
|-heal|p1a: Heatran|44/100|[from] item: Leftovers
|upkeep
|turn|29
|
|t:|1757942215
|move|p2a: Mimikyu|Shadow Claw|p1a: Heatran
|-damage|p1a: Heatran|0 fnt
|faint|p1a: Heatran
|
|upkeep
|
|t:|1757942222
|switch|p1a: Tornadus|Tornadus-Therian, M|43/100
|turn|30
|
|t:|1757942227
|switch|p1a: Tyranitar|Tyranitar, M|16/100 tox
|-weather|Sandstorm|[from] ability: Sand Stream|[of] p1a: Tyranitar
|move|p2a: Mimikyu|Shadow Claw|p1a: Tyranitar
|-resisted|p1a: Tyranitar
|-damage|p1a: Tyranitar|0 fnt
|faint|p1a: Tyranitar
|
|-weather|Sandstorm|[upkeep]
|-damage|p2a: Mimikyu|66/100|[from] Sandstorm
|upkeep
|
|t:|1757942235
|switch|p1a: Tornadus|Tornadus-Therian, M|76/100
|turn|31
|
|t:|1757942239
|move|p1a: Tornadus|Bleakwind Storm|p2a: Mimikyu|[miss]
|-miss|p1a: Tornadus|p2a: Mimikyu
|move|p2a: Mimikyu|Play Rough|p1a: Tornadus
|-damage|p1a: Tornadus|0 fnt
|faint|p1a: Tornadus
|
|-weather|Sandstorm|[upkeep]
|-damage|p2a: Mimikyu|60/100|[from] Sandstorm
|upkeep
|
|t:|1757942241
|switch|p1a: Keldeo|Keldeo-Resolute, tera:Water|63/100
|turn|32
|
|t:|1757942249
|move|p2a: Mimikyu|Shadow Sneak|p1a: Keldeo
|-damage|p1a: Keldeo|19/100
|move|p1a: Keldeo|Surf|p2a: Mimikyu
|-damage|p2a: Mimikyu|0 fnt
|faint|p2a: Mimikyu
|
|-weather|Sandstorm|[upkeep]
|-damage|p1a: Keldeo|13/100|[from] Sandstorm
|upkeep
|
|t:|1757942256
|switch|p2a: Alomomola|Alomomola, M|53/100
|turn|33
|
|t:|1757942259
|move|p2a: Alomomola|Protect|p2a: Alomomola
|-singleturn|p2a: Alomomola|Protect
|move|p1a: Keldeo|Surf|p2a: Alomomola
|-activate|p2a: Alomomola|move: Protect
|
|-weather|Sandstorm|[upkeep]
|-damage|p1a: Keldeo|7/100|[from] Sandstorm
|-damage|p2a: Alomomola|47/100|[from] Sandstorm
|upkeep
|turn|34
|
|t:|1757942267
|move|p1a: Keldeo|Surf|p2a: Alomomola
|-resisted|p2a: Alomomola
|-damage|p2a: Alomomola|0 fnt
|faint|p2a: Alomomola
|
|win|kaisadadi
|raw|kaisadadi's rating: 1441 &rarr; <strong>1459</strong><br />(+18 for winning)
|raw|Melzer's rating: 1409 &rarr; <strong>1391</strong><br />(-18 for losing)
|l|☆Melzer
|player|p2|
