|j|☆Loxxx777
|j|☆shinmyou
|t:|1757920727
|gametype|singles
|player|p1|Loxxx777|266|1133
|player|p2|shinmyou|dawn|1167
|gen|9
|tier|[Gen 9] OU
|rated|
|rule|HP Percentage Mod: HP is shown in percentages
|rule|Endless Battle Clause: Forcing endless battles is banned
|rule|Species Clause: Limit one of each Pokémon
|rule|OHKO Clause: OHKO moves are banned
|rule|Evasion Items Clause: Evasion items are banned
|rule|Evasion Moves Clause: Evasion moves are banned
|rule|Evasion Abilities Clause: Evasion abilities are banned
|rule|Sleep Moves Clause: Sleep-inducing moves are banned
|clearpoke
|poke|p1|Arcanine-Hisui, M|
|poke|p1|Gengar, M|
|poke|p1|Feraligatr, M|
|poke|p1|Hitmontop, M|
|poke|p1|Weavile, M|
|poke|p1|Landorus-Therian, M|
|poke|p2|Garganacl, M|
|poke|p2|Toxapex, M|
|poke|p2|Clodsire, F|
|poke|p2|Chansey, F|
|poke|p2|Gliscor, M|
|poke|p2|Walking Wake|
|teampreview
|
|t:|1757920731
|teamsize|p1|6
|teamsize|p2|6
|start
|switch|p1a: Landorus|Landorus-Therian, M, shiny|100/100
|switch|p2a: Gliscor|Gliscor, M|100/100
|-ability|p1a: Landorus|Intimidate|boost
|-unboost|p2a: Gliscor|atk|1
|turn|1
|inactive|Battle timer is ON: inactive players will automatically lose when time's up. (requested by Loxxx777)
|
|t:|1757920743
|move|p1a: Landorus|Stealth Rock|p2a: Gliscor
|-sidestart|p2: shinmyou|move: Stealth Rock
|move|p2a: Gliscor|Toxic|p1a: Landorus
|-status|p1a: Landorus|tox
|
|-damage|p1a: Landorus|95/100 tox|[from] psn
|-status|p2a: Gliscor|tox|[from] item: Toxic Orb
|upkeep
|turn|2
|
|t:|1757920761
|move|p1a: Landorus|U-turn|p2a: Gliscor
|-resisted|p2a: Gliscor
|-damage|p2a: Gliscor|90/100 tox
|
|t:|1757920764
|switch|p1a: Gengar|Gengar, M|100/100|[from] U-turn
|move|p2a: Gliscor|Facade|p1a: Gengar
|-immune|p1a: Gengar
|
|-heal|p2a: Gliscor|100/100 tox|[from] ability: Poison Heal
|upkeep
|turn|3
|
|t:|1757920777
|switch|p2a: Clodsire|Clodsire, F|100/100
|-damage|p2a: Clodsire|94/100|[from] Stealth Rock
|move|p1a: Gengar|Shadow Ball|p2a: Clodsire
|-damage|p2a: Clodsire|69/100
|
|-heal|p2a: Clodsire|75/100|[from] item: Black Sludge
|upkeep
|turn|4
|
|t:|1757920789
|switch|p1a: Weavile|Weavile, M|100/100
|-ability|p1a: Weavile|Pressure
|move|p2a: Clodsire|Earthquake|p1a: Weavile
|-damage|p1a: Weavile|61/100
|
|-heal|p2a: Clodsire|81/100|[from] item: Black Sludge
|upkeep
|turn|5
|
|t:|1757920801
|switch|p2a: Toxapex|Toxapex, M|100/100
|-damage|p2a: Toxapex|88/100|[from] Stealth Rock
|move|p1a: Weavile|Swords Dance|p1a: Weavile
|-boost|p1a: Weavile|atk|2
|
|upkeep
|turn|6
|
|t:|1757920812
|move|p1a: Weavile|Knock Off|p2a: Toxapex
|-damage|p2a: Toxapex|12/100
|-enditem|p2a: Toxapex|Mental Herb|[from] move: Knock Off|[of] p1a: Weavile
|move|p2a: Toxapex|Toxic|p1a: Weavile
|-status|p1a: Weavile|tox
|
|-damage|p1a: Weavile|55/100 tox|[from] psn
|upkeep
|turn|7
|
|t:|1757920828
|move|p1a: Weavile|Ice Shard|p2a: Toxapex
|-resisted|p2a: Toxapex
|-damage|p2a: Toxapex|0 fnt
|faint|p2a: Toxapex
|
|-damage|p1a: Weavile|42/100 tox|[from] psn
|upkeep
|
|t:|1757920836
|switch|p2a: Gliscor|Gliscor, M|100/100 tox
|-damage|p2a: Gliscor|88/100 tox|[from] Stealth Rock
|turn|8
|
|t:|1757920841
|move|p2a: Gliscor|Protect|p2a: Gliscor
|-singleturn|p2a: Gliscor|Protect
|move|p1a: Weavile|Triple Axel|p2a: Gliscor
|-activate|p2a: Gliscor|move: Protect
|
|-damage|p1a: Weavile|24/100 tox|[from] psn
|-heal|p2a: Gliscor|100/100 tox|[from] ability: Poison Heal
|upkeep
|turn|9
|
|t:|1757920852
|switch|p2a: Chansey|Chansey, F|100/100
|-damage|p2a: Chansey|88/100|[from] Stealth Rock
|move|p1a: Weavile|Triple Axel|p2a: Chansey|[miss]
|-miss|p1a: Weavile|p2a: Chansey
|
|-damage|p1a: Weavile|0 fnt|[from] psn
|faint|p1a: Weavile
|upkeep
|
|t:|1757920861
|switch|p1a: Hitmontop|Hitmontop, M|100/100
|-ability|p1a: Hitmontop|Intimidate|boost
|-unboost|p2a: Chansey|atk|1
|turn|10
|
|t:|1757920869
|switch|p2a: Gliscor|Gliscor, M|100/100 tox
|-damage|p2a: Gliscor|88/100 tox|[from] Stealth Rock
|move|p1a: Hitmontop|Rapid Spin|p2a: Gliscor
|-damage|p2a: Gliscor|77/100 tox
|-boost|p1a: Hitmontop|spe|1
|
|-heal|p2a: Gliscor|90/100 tox|[from] ability: Poison Heal
|upkeep
|turn|11
|
|t:|1757920886
|switch|p1a: Gengar|Gengar, M|100/100
|move|p2a: Gliscor|Toxic|p1a: Gengar|[miss]
|-miss|p2a: Gliscor|p1a: Gengar
|
|-heal|p2a: Gliscor|100/100 tox|[from] ability: Poison Heal
|upkeep
|turn|12
|
|t:|1757920895
|switch|p2a: Clodsire|Clodsire, F|81/100
|-damage|p2a: Clodsire|75/100|[from] Stealth Rock
|move|p1a: Gengar|Shadow Ball|p2a: Clodsire
|-damage|p2a: Clodsire|47/100
|
|-heal|p2a: Clodsire|53/100|[from] item: Black Sludge
|upkeep
|turn|13
|
|t:|1757920907
|switch|p1a: Feraligatr|Feraligatr, M|100/100
|move|p2a: Clodsire|Earthquake|p1a: Feraligatr
|-damage|p1a: Feraligatr|72/100
|
|-heal|p2a: Clodsire|59/100|[from] item: Black Sludge
|upkeep
|turn|14
|
|t:|1757920922
|switch|p2a: Walking Wake|Walking Wake|100/100
|-damage|p2a: Walking Wake|88/100|[from] Stealth Rock
|-enditem|p2a: Walking Wake|Booster Energy
|-activate|p2a: Walking Wake|ability: Protosynthesis|[fromitem]
|-start|p2a: Walking Wake|protosynthesisspa
|move|p1a: Feraligatr|Dragon Dance|p1a: Feraligatr
|-boost|p1a: Feraligatr|atk|1
|-boost|p1a: Feraligatr|spe|1
|
|upkeep
|turn|15
|
|t:|1757920932
|move|p1a: Feraligatr|Ice Punch|p2a: Walking Wake
|-damage|p2a: Walking Wake|20/100
|move|p2a: Walking Wake|Draco Meteor|p1a: Feraligatr
|-damage|p1a: Feraligatr|0 fnt
|-unboost|p2a: Walking Wake|spa|2
|faint|p1a: Feraligatr
|
|upkeep
|
|t:|1757920942
|switch|p1a: Hitmontop|Hitmontop, M|100/100
|-ability|p1a: Hitmontop|Intimidate|boost
|-unboost|p2a: Walking Wake|atk|1
|turn|16
|
|t:|1757920947
|-end|p2a: Walking Wake|Protosynthesis|[silent]
|switch|p2a: Gliscor|Gliscor, M|100/100 tox
|-damage|p2a: Gliscor|88/100 tox|[from] Stealth Rock
|move|p1a: Hitmontop|Mach Punch|p2a: Gliscor
|-resisted|p2a: Gliscor
|-damage|p2a: Gliscor|82/100 tox
|
|-heal|p2a: Gliscor|94/100 tox|[from] ability: Poison Heal
|upkeep
|turn|17
|
|t:|1757920959
|switch|p1a: Gengar|Gengar, M|100/100
|move|p2a: Gliscor|Toxic|p1a: Gengar|[miss]
|-miss|p2a: Gliscor|p1a: Gengar
|
|-heal|p2a: Gliscor|100/100 tox|[from] ability: Poison Heal
|upkeep
|turn|18
|
|t:|1757920968
|switch|p2a: Clodsire|Clodsire, F|59/100
|-damage|p2a: Clodsire|53/100|[from] Stealth Rock
|move|p1a: Gengar|Shadow Ball|p2a: Clodsire
|-damage|p2a: Clodsire|24/100
|
|-heal|p2a: Clodsire|30/100|[from] item: Black Sludge
|upkeep
|turn|19
|
|t:|1757920978
|move|p1a: Gengar|Shadow Ball|p2a: Clodsire
|-damage|p2a: Clodsire|2/100
|move|p2a: Clodsire|Recover|p2a: Clodsire
|-heal|p2a: Clodsire|52/100
|
|-heal|p2a: Clodsire|59/100|[from] item: Black Sludge
|upkeep
|turn|20
|
|t:|1757920987
|move|p1a: Gengar|Shadow Ball|p2a: Clodsire
|-damage|p2a: Clodsire|28/100
|move|p2a: Clodsire|Recover|p2a: Clodsire
|-heal|p2a: Clodsire|78/100
|
|-heal|p2a: Clodsire|84/100|[from] item: Black Sludge
|upkeep
|turn|21
|
|t:|1757920997
|switch|p1a: Landorus|Landorus-Therian, M, shiny|95/100 tox
|-ability|p1a: Landorus|Intimidate|boost
|-unboost|p2a: Clodsire|atk|1
|move|p2a: Clodsire|Earthquake|p1a: Landorus
|-immune|p1a: Landorus
|
|-heal|p1a: Landorus|100/100 tox|[from] item: Leftovers
|-heal|p2a: Clodsire|91/100|[from] item: Black Sludge
|-damage|p1a: Landorus|95/100 tox|[from] psn
|upkeep
|turn|22
|
|t:|1757921010
|move|p1a: Landorus|Earthquake|p2a: Clodsire
|-supereffective|p2a: Clodsire
|-damage|p2a: Clodsire|2/100
|move|p2a: Clodsire|Gunk Shot|p1a: Landorus|[miss]
|-miss|p2a: Clodsire|p1a: Landorus
|
|-heal|p1a: Landorus|100/100 tox|[from] item: Leftovers
|-heal|p2a: Clodsire|9/100|[from] item: Black Sludge
|-damage|p1a: Landorus|89/100 tox|[from] psn
|upkeep
|turn|23
|l|☆shinmyou
|inactive|shinmyou disconnected and has a minute to reconnect!
|player|p2|
|j|☆shinmyou
|inactive|shinmyou reconnected and has 125 seconds left.
|player|p2|shinmyou|dawn|
|inactive|shinmyou has 120 seconds left.
|
|t:|1757921051
|switch|p2a: Gliscor|Gliscor, M|100/100 tox
|-damage|p2a: Gliscor|88/100 tox|[from] Stealth Rock
|move|p1a: Landorus|U-turn|p2a: Gliscor
|-resisted|p2a: Gliscor
|-damage|p2a: Gliscor|79/100 tox
|
|t:|1757921058
|switch|p1a: Gengar|Gengar, M|100/100|[from] U-turn
|
|-heal|p2a: Gliscor|91/100 tox|[from] ability: Poison Heal
|upkeep
|turn|24
|inactive|shinmyou has 120 seconds left.
|
|t:|1757921067
|switch|p2a: Garganacl|Garganacl, M|100/100
|-damage|p2a: Garganacl|88/100|[from] Stealth Rock
|move|p1a: Gengar|Shadow Ball|p2a: Garganacl
|-damage|p2a: Garganacl|71/100
|
|-heal|p2a: Garganacl|77/100|[from] item: Leftovers
|upkeep
|turn|25
|inactive|shinmyou has 120 seconds left.
|
|t:|1757921082
|switch|p1a: Hitmontop|Hitmontop, M|100/100
|-ability|p1a: Hitmontop|Intimidate|boost
|-unboost|p2a: Garganacl|atk|1
|move|p2a: Garganacl|Salt Cure|p1a: Hitmontop
|-resisted|p1a: Hitmontop
|-damage|p1a: Hitmontop|96/100
|-start|p1a: Hitmontop|Salt Cure
|
|-heal|p1a: Hitmontop|100/100|[from] item: Leftovers
|-heal|p2a: Garganacl|83/100|[from] item: Leftovers
|-damage|p1a: Hitmontop|88/100|[from] Salt Cure
|upkeep
|turn|26
|inactive|shinmyou has 120 seconds left.
|
|t:|1757921095
|switch|p2a: Gliscor|Gliscor, M|91/100 tox
|-damage|p2a: Gliscor|79/100 tox|[from] Stealth Rock
|move|p1a: Hitmontop|Close Combat|p2a: Gliscor
|-resisted|p2a: Gliscor
|-damage|p2a: Gliscor|59/100 tox
|-unboost|p1a: Hitmontop|def|1
|-unboost|p1a: Hitmontop|spd|1
|
|-heal|p1a: Hitmontop|94/100|[from] item: Leftovers
|-heal|p2a: Gliscor|72/100 tox|[from] ability: Poison Heal
|-damage|p1a: Hitmontop|82/100|[from] Salt Cure
|upkeep
|turn|27
|inactive|shinmyou has 120 seconds left.
|
|t:|1757921116
|switch|p2a: Garganacl|Garganacl, M|83/100
|-damage|p2a: Garganacl|71/100|[from] Stealth Rock
|switch|p1a: Gengar|Gengar, M|100/100
|
|-heal|p2a: Garganacl|77/100|[from] item: Leftovers
|upkeep
|turn|28
|
|t:|1757921130
|move|p1a: Gengar|Focus Blast|p2a: Garganacl|[miss]
|-miss|p1a: Gengar|p2a: Garganacl
|move|p2a: Garganacl|Salt Cure|p1a: Gengar
|-damage|p1a: Gengar|78/100
|-start|p1a: Gengar|Salt Cure
|
|-heal|p2a: Garganacl|83/100|[from] item: Leftovers
|-damage|p1a: Gengar|66/100|[from] Salt Cure
|upkeep
|turn|29
|
|t:|1757921160
|move|p1a: Gengar|Focus Blast|p2a: Garganacl|[miss]
|-miss|p1a: Gengar|p2a: Garganacl
|move|p2a: Garganacl|Salt Cure|p1a: Gengar
|-damage|p1a: Gengar|41/100
|-start|p2a: Garganacl|Disable|Salt Cure|[from] ability: Cursed Body|[of] p1a: Gengar
|
|-heal|p2a: Garganacl|89/100|[from] item: Leftovers
|-damage|p1a: Gengar|29/100|[from] Salt Cure
|upkeep
|turn|30
|
|t:|1757921174
|move|p1a: Gengar|Focus Blast|p2a: Garganacl
|-supereffective|p2a: Garganacl
|-damage|p2a: Garganacl|14/100
|move|p2a: Garganacl|Earthquake|p1a: Gengar
|-supereffective|p1a: Gengar
|-damage|p1a: Gengar|0 fnt
|faint|p1a: Gengar
|
|-heal|p2a: Garganacl|20/100|[from] item: Leftovers
|upkeep
|
|t:|1757921183
|switch|p1a: Hitmontop|Hitmontop, M|82/100
|-ability|p1a: Hitmontop|Intimidate|boost
|-unboost|p2a: Garganacl|atk|1
|turn|31
|
|t:|1757921188
|switch|p2a: Gliscor|Gliscor, M|72/100 tox
|-damage|p2a: Gliscor|59/100 tox|[from] Stealth Rock
|move|p1a: Hitmontop|Mach Punch|p2a: Gliscor
|-resisted|p2a: Gliscor
|-damage|p2a: Gliscor|53/100 tox
|
|-heal|p1a: Hitmontop|88/100|[from] item: Leftovers
|-heal|p2a: Gliscor|65/100 tox|[from] ability: Poison Heal
|upkeep
|turn|32
|
|t:|1757921212
|move|p2a: Gliscor|Toxic|p1a: Hitmontop
|-status|p1a: Hitmontop|tox
|move|p1a: Hitmontop|Rapid Spin|p2a: Gliscor
|-damage|p2a: Gliscor|54/100 tox
|-boost|p1a: Hitmontop|spe|1
|
|-heal|p1a: Hitmontop|94/100 tox|[from] item: Leftovers
|-damage|p1a: Hitmontop|88/100 tox|[from] psn
|-heal|p2a: Gliscor|66/100 tox|[from] ability: Poison Heal
|upkeep
|turn|33
|inactive|shinmyou has 90 seconds left.
|
|t:|1757921246
|move|p1a: Hitmontop|Stone Edge|p2a: Gliscor
|-damage|p2a: Gliscor|44/100 tox
|move|p2a: Gliscor|Substitute|p2a: Gliscor
|-start|p2a: Gliscor|Substitute
|-damage|p2a: Gliscor|19/100 tox
|
|-heal|p1a: Hitmontop|94/100 tox|[from] item: Leftovers
|-damage|p1a: Hitmontop|82/100 tox|[from] psn
|-heal|p2a: Gliscor|32/100 tox|[from] ability: Poison Heal
|upkeep
|turn|34
|
|t:|1757921261
|move|p2a: Gliscor|Protect|p2a: Gliscor
|-singleturn|p2a: Gliscor|Protect
|move|p1a: Hitmontop|Stone Edge|p2a: Gliscor
|-activate|p2a: Gliscor|move: Protect
|
|-heal|p1a: Hitmontop|88/100 tox|[from] item: Leftovers
|-damage|p1a: Hitmontop|69/100 tox|[from] psn
|-heal|p2a: Gliscor|44/100 tox|[from] ability: Poison Heal
|upkeep
|turn|35
|
|t:|1757921273
|move|p2a: Gliscor|Protect||[still]
|-fail|p2a: Gliscor
|move|p1a: Hitmontop|Stone Edge|p2a: Gliscor
|-activate|p2a: Gliscor|move: Substitute|[damage]
|
|-heal|p1a: Hitmontop|75/100 tox|[from] item: Leftovers
|-damage|p1a: Hitmontop|50/100 tox|[from] psn
|-heal|p2a: Gliscor|56/100 tox|[from] ability: Poison Heal
|upkeep
|turn|36
|inactive|shinmyou has 60 seconds left.
|-message|Loxxx777 forfeited.
|
|win|shinmyou
|raw|Loxxx777's rating: 1133 &rarr; <strong>1110</strong><br />(-23 for losing)
|raw|shinmyou's rating: 1167 &rarr; <strong>1190</strong><br />(+23 for winning)
|l|☆Loxxx777
|player|p1|
|l|☆shinmyou
|player|p2|
