|j|☆jirurimi
|j|☆Eel56
|t:|1757826863
|gametype|singles
|player|p1|jirurimi|1|1646
|player|p2|Eel56|266|1731
|gen|9
|tier|[Gen 9] OU
|rated|
|rule|HP Percentage Mod: HP is shown in percentages
|rule|Endless Battle Clause: Forcing endless battles is banned
|rule|Species Clause: Limit one of each Pokémon
|rule|OHKO Clause: OHKO moves are banned
|rule|Evasion Items Clause: Evasion items are banned
|rule|Evasion Moves Clause: Evasion moves are banned
|rule|Evasion Abilities Clause: Evasion abilities are banned
|rule|Sleep Moves Clause: Sleep-inducing moves are banned
|clearpoke
|poke|p1|Ting-Lu|
|poke|p1|Zapdos|
|poke|p1|Alomomola, M|
|poke|p1|Kyurem|
|poke|p1|Weezing-Galar, M|
|poke|p1|Zamazenta-*|
|poke|p2|Gholdengo|
|poke|p2|Zamazenta-*|
|poke|p2|Ting-Lu|
|poke|p2|Clefable, F|
|poke|p2|Dragonite, M|
|poke|p2|Deoxys-Speed|
|teampreview
|
|t:|1757826887
|teamsize|p1|6
|teamsize|p2|6
|start
|switch|p1a: Ting-Lu|Ting-Lu|100/100
|switch|p2a: Moonrock 350|Clefable, F|100/100
|-ability|p1a: Ting-Lu|Vessel of Ruin
|turn|1
|
|t:|1757826911
|switch|p1a: Weezing|Weezing-Galar, M|100/100
|-ability|p1a: Weezing|Neutralizing Gas
|move|p2a: Moonrock 350|Knock Off|p1a: Weezing
|-resisted|p1a: Weezing
|-damage|p1a: Weezing|95/100
|-enditem|p1a: Weezing|Heavy-Duty Boots|[from] move: Knock Off|[of] p2a: Moonrock 350
|
|upkeep
|turn|2
|
|t:|1757826919
|switch|p2a: Djengo Unrained|Gholdengo|100/100
|move|p1a: Weezing|Will-O-Wisp|p2a: Djengo Unrained
|-status|p2a: Djengo Unrained|brn
|
|-damage|p2a: Djengo Unrained|94/100 brn|[from] brn
|upkeep
|turn|3
|
|t:|1757826927
|switch|p2a: Moonrock 350|Clefable, F|100/100
|-end|p1a: Weezing|ability: Neutralizing Gas
|switch|p1a: Ting-Lu|Ting-Lu|100/100
|-ability|p1a: Ting-Lu|Vessel of Ruin
|
|upkeep
|turn|4
|
|t:|1757826931
|switch|p1a: Weezing|Weezing-Galar, M|95/100
|-ability|p1a: Weezing|Neutralizing Gas
|move|p2a: Moonrock 350|Stealth Rock|p1a: Weezing
|-sidestart|p1: jirurimi|move: Stealth Rock
|
|upkeep
|turn|5
|
|t:|1757826934
|move|p2a: Moonrock 350|Moonblast|p1a: Weezing
|-resisted|p1a: Weezing
|-damage|p1a: Weezing|76/100
|move|p1a: Weezing|Defog|p2a: Moonrock 350
|-unboost|p2a: Moonrock 350|evasion|1
|-sideend|p1: jirurimi|Stealth Rock|[from] move: Defog|[of] p1a: Weezing
|
|upkeep
|turn|6
|
|t:|1757826941
|switch|p2a: Djengo Unrained|Gholdengo|94/100 brn
|move|p1a: Weezing|Sludge Bomb|p2a: Djengo Unrained
|-immune|p2a: Djengo Unrained
|
|-damage|p2a: Djengo Unrained|88/100 brn|[from] brn
|upkeep
|turn|7
|
|t:|1757826947
|switch|p2a: Moonrock 350|Clefable, F|100/100
|-end|p1a: Weezing|ability: Neutralizing Gas
|switch|p1a: Ting-Lu|Ting-Lu|100/100
|-ability|p1a: Ting-Lu|Vessel of Ruin
|
|upkeep
|turn|8
|
|t:|1757826953
|move|p2a: Moonrock 350|Stealth Rock|p1a: Ting-Lu
|-sidestart|p1: jirurimi|move: Stealth Rock
|move|p1a: Ting-Lu|Earthquake|p2a: Moonrock 350
|-damage|p2a: Moonrock 350|58/100
|
|upkeep
|turn|9
|
|t:|1757826964
|move|p2a: Moonrock 350|Moonblast|p1a: Ting-Lu
|-supereffective|p1a: Ting-Lu
|-damage|p1a: Ting-Lu|77/100
|-unboost|p1a: Ting-Lu|spa|1
|move|p1a: Ting-Lu|Rock Tomb|p2a: Moonrock 350
|-damage|p2a: Moonrock 350|43/100
|-unboost|p2a: Moonrock 350|spe|1
|
|upkeep
|turn|10
|
|t:|1757826980
|switch|p2a: CClifford|Zamazenta|100/100
|-ability|p2a: CClifford|Dauntless Shield|boost
|-boost|p2a: CClifford|def|1
|move|p1a: Ting-Lu|Earthquake|p2a: CClifford
|-damage|p2a: CClifford|71/100
|
|upkeep
|turn|11
|
|t:|1757826990
|switch|p1a: Alomomola|Alomomola, M|100/100
|-damage|p1a: Alomomola|88/100|[from] Stealth Rock
|move|p2a: CClifford|Stone Edge|p1a: Alomomola
|-damage|p1a: Alomomola|68/100
|-enditem|p1a: Alomomola|Eject Button
|
|t:|1757827003
|switch|p1a: Weezing|Weezing-Galar, M|76/100
|-ability|p1a: Weezing|Neutralizing Gas
|-damage|p1a: Weezing|63/100|[from] Stealth Rock
|
|upkeep
|turn|12
|
|t:|1757827008
|switch|p2a: Djengo Unrained|Gholdengo|88/100 brn
|move|p1a: Weezing|Pain Split|p2a: Djengo Unrained
|-sethp|p2a: Djengo Unrained|72/100 brn|[from] move: Pain Split|[silent]
|-sethp|p1a: Weezing|82/100|[from] move: Pain Split
|
|-damage|p2a: Djengo Unrained|66/100 brn|[from] brn
|upkeep
|turn|13
|
|t:|1757827016
|-end|p1a: Weezing|ability: Neutralizing Gas
|switch|p1a: Ting-Lu|Ting-Lu|77/100
|-damage|p1a: Ting-Lu|70/100|[from] Stealth Rock
|-ability|p1a: Ting-Lu|Vessel of Ruin
|move|p2a: Djengo Unrained|Make It Rain|p1a: Ting-Lu
|-damage|p1a: Ting-Lu|50/100
|-unboost|p2a: Djengo Unrained|spa|1
|
|-damage|p2a: Djengo Unrained|60/100 brn|[from] brn
|upkeep
|turn|14
|
|t:|1757827027
|switch|p2a: CClifford|Zamazenta|71/100
|move|p1a: Ting-Lu|Earthquake|p2a: CClifford
|-damage|p2a: CClifford|29/100
|
|upkeep
|turn|15
|
|t:|1757827035
|switch|p2a: Djengo Unrained|Gholdengo|60/100 brn
|switch|p1a: Alomomola|Alomomola, M|100/100
|-damage|p1a: Alomomola|88/100|[from] Stealth Rock
|
|-damage|p2a: Djengo Unrained|54/100 brn|[from] brn
|upkeep
|turn|16
|
|t:|1757827040
|move|p2a: Djengo Unrained|Recover|p2a: Djengo Unrained
|-heal|p2a: Djengo Unrained|100/100 brn
|move|p1a: Alomomola|Flip Turn|p2a: Djengo Unrained
|-damage|p2a: Djengo Unrained|89/100 brn
|inactive|Battle timer is ON: inactive players will automatically lose when time's up. (requested by Eel56)
|
|t:|1757827070
|switch|p1a: Ting-Lu|Ting-Lu|50/100|[from] Flip Turn
|-damage|p1a: Ting-Lu|44/100|[from] Stealth Rock
|-ability|p1a: Ting-Lu|Vessel of Ruin
|
|-damage|p2a: Djengo Unrained|83/100 brn|[from] brn
|upkeep
|turn|17
|
|t:|1757827085
|switch|p2a: Up Bowl On Em|Ting-Lu|100/100
|-ability|p2a: Up Bowl On Em|Vessel of Ruin
|move|p1a: Ting-Lu|Earthquake|p2a: Up Bowl On Em
|-damage|p2a: Up Bowl On Em|72/100
|
|-heal|p2a: Up Bowl On Em|78/100|[from] item: Leftovers
|upkeep
|turn|18
|
|t:|1757827100
|switch|p1a: Weezing|Weezing-Galar, M|82/100
|-ability|p1a: Weezing|Neutralizing Gas
|-damage|p1a: Weezing|69/100|[from] Stealth Rock
|move|p2a: Up Bowl On Em|Spikes|p1a: Weezing
|-sidestart|p1: jirurimi|Spikes
|
|-heal|p2a: Up Bowl On Em|84/100|[from] item: Leftovers
|upkeep
|turn|19
|
|t:|1757827106
|move|p1a: Weezing|Will-O-Wisp|p2a: Up Bowl On Em
|-status|p2a: Up Bowl On Em|brn
|move|p2a: Up Bowl On Em|Earthquake|p1a: Weezing
|-supereffective|p1a: Weezing
|-damage|p1a: Weezing|44/100
|
|-heal|p2a: Up Bowl On Em|91/100 brn|[from] item: Leftovers
|-damage|p2a: Up Bowl On Em|84/100 brn|[from] brn
|upkeep
|turn|20
|-message|Eel56 forfeited.
|
|win|jirurimi
|raw|jirurimi's rating: 1646 &rarr; <strong>1671</strong><br />(+25 for winning)
|raw|Eel56's rating: 1731 &rarr; <strong>1706</strong><br />(-25 for losing)
|l|☆Eel56
|player|p2|
