|j|☆blunts89
|j|☆DeathWindXxX
|t:|1757845144
|gametype|singles
|player|p1|blunts89|ghetsis|1425
|player|p2|DeathWindXxX|bede|1391
|gen|9
|tier|[Gen 9] OU
|rated|
|rule|HP Percentage Mod: HP is shown in percentages
|rule|Endless Battle Clause: Forcing endless battles is banned
|rule|Species Clause: Limit one of each Pokémon
|rule|OHKO Clause: OHKO moves are banned
|rule|Evasion Items Clause: Evasion items are banned
|rule|Evasion Moves Clause: Evasion moves are banned
|rule|Evasion Abilities Clause: Evasion abilities are banned
|rule|Sleep Moves Clause: Sleep-inducing moves are banned
|clearpoke
|poke|p1|Great Tusk|
|poke|p1|Kingambit, M|
|poke|p1|Dragonite, M|
|poke|p1|Ogerpon-Wellspring, F|
|poke|p1|Heatran, M|
|poke|p1|Iron Crown|
|poke|p2|Torkoal, M|
|poke|p2|Charizard, M|
|poke|p2|Great Tusk|
|poke|p2|Raging Bolt|
|poke|p2|Slither Wing|
|poke|p2|Walking Wake|
|teampreview
|inactive|Battle timer is ON: inactive players will automatically lose when time's up. (requested by DeathWindXxX)
|
|t:|1757845163
|teamsize|p1|6
|teamsize|p2|6
|start
|switch|p1a: Heatran|Heatran, M|100/100
|switch|p2a: Walking Wake|Walking Wake|100/100
|turn|1
|
|t:|1757845171
|-end|p2a: Walking Wake|Protosynthesis|[silent]
|switch|p2a: Will o 🔥|Torkoal, M|100/100
|-weather|SunnyDay|[from] ability: Drought|[of] p2a: Will o 🔥
|move|p1a: Heatran|Stealth Rock|p2a: Will o 🔥
|-sidestart|p2: DeathWindXxX|move: Stealth Rock
|
|-weather|SunnyDay|[upkeep]
|upkeep
|turn|2
|
|t:|1757845180
|switch|p2a: Walking Wake|Walking Wake|100/100
|-damage|p2a: Walking Wake|88/100|[from] Stealth Rock
|-activate|p2a: Walking Wake|ability: Protosynthesis
|-start|p2a: Walking Wake|protosynthesisspa
|move|p1a: Heatran|Magma Storm|p2a: Walking Wake
|-resisted|p2a: Walking Wake
|-damage|p2a: Walking Wake|68/100
|-activate|p2a: Walking Wake|move: Magma Storm|[of] p1a: Heatran
|
|-weather|SunnyDay|[upkeep]
|-damage|p2a: Walking Wake|56/100|[from] move: Magma Storm|[partiallytrapped]
|upkeep
|turn|3
|
|t:|1757845191
|move|p1a: Heatran|Protect|p1a: Heatran
|-singleturn|p1a: Heatran|Protect
|move|p2a: Walking Wake|Draco Meteor|p1a: Heatran
|-activate|p1a: Heatran|move: Protect
|
|-weather|SunnyDay|[upkeep]
|-damage|p2a: Walking Wake|44/100|[from] move: Magma Storm|[partiallytrapped]
|upkeep
|turn|4
|
|t:|1757845195
|switch|p1a: Ogerpon|Ogerpon-Wellspring, F|100/100
|move|p2a: Walking Wake|Draco Meteor|p1a: Ogerpon
|-damage|p1a: Ogerpon|8/100
|-unboost|p2a: Walking Wake|spa|2
|
|-weather|SunnyDay|[upkeep]
|-end|p2a: Walking Wake|Magma Storm|[partiallytrapped]|[silent]
|upkeep
|turn|5
|
|t:|1757845203
|move|p2a: Walking Wake|Draco Meteor|p1a: Ogerpon
|-damage|p1a: Ogerpon|0 fnt
|-unboost|p2a: Walking Wake|spa|2
|faint|p1a: Ogerpon
|
|-weather|SunnyDay|[upkeep]
|upkeep
|
|t:|1757845209
|switch|p1a: Iron Crown|Iron Crown|100/100
|-enditem|p1a: Iron Crown|Booster Energy
|-activate|p1a: Iron Crown|ability: Quark Drive|[fromitem]
|-start|p1a: Iron Crown|quarkdrivespe
|turn|6
|
|t:|1757845213
|-end|p2a: Walking Wake|Protosynthesis|[silent]
|switch|p2a: Rika|Raging Bolt|100/100
|-damage|p2a: Rika|88/100|[from] Stealth Rock
|-activate|p2a: Rika|ability: Protosynthesis
|-start|p2a: Rika|protosynthesisspa
|move|p1a: Iron Crown|Calm Mind|p1a: Iron Crown
|-boost|p1a: Iron Crown|spa|1
|-boost|p1a: Iron Crown|spd|1
|
|-weather|SunnyDay|[upkeep]
|-heal|p2a: Rika|94/100|[from] item: Leftovers
|upkeep
|turn|7
|
|t:|1757845219
|move|p1a: Iron Crown|Tachyon Cutter|p2a: Rika
|-resisted|p2a: Rika
|-damage|p2a: Rika|80/100
|-resisted|p2a: Rika
|-damage|p2a: Rika|67/100
|-hitcount|p2a: Rika|2
|move|p2a: Rika|Thunderbolt|p1a: Iron Crown
|-damage|p1a: Iron Crown|58/100
|
|-weather|SunnyDay|[upkeep]
|-heal|p2a: Rika|73/100|[from] item: Leftovers
|upkeep
|turn|8
|
|t:|1757845223
|move|p1a: Iron Crown|Psychic|p2a: Rika
|-damage|p2a: Rika|17/100
|move|p2a: Rika|Thunderbolt|p1a: Iron Crown
|-damage|p1a: Iron Crown|11/100
|
|-weather|none
|-end|p2a: Rika|Protosynthesis
|-heal|p2a: Rika|23/100|[from] item: Leftovers
|upkeep
|turn|9
|
|t:|1757845230
|move|p2a: Rika|Thunderclap|p1a: Iron Crown
|-damage|p1a: Iron Crown|0 fnt
|faint|p1a: Iron Crown
|-end|p1a: Iron Crown|Quark Drive|[silent]
|
|-heal|p2a: Rika|30/100|[from] item: Leftovers
|upkeep
|
|t:|1757845233
|switch|p1a: Great Tusk|Great Tusk, shiny|100/100
|turn|10
|
|t:|1757845237
|-end|p2a: Rika|Protosynthesis|[silent]
|switch|p2a: Ogre|Great Tusk|100/100
|-damage|p2a: Ogre|98/100|[from] Stealth Rock
|move|p1a: Great Tusk|Rapid Spin|p2a: Ogre
|-damage|p2a: Ogre|84/100
|-boost|p1a: Great Tusk|spe|1
|
|upkeep
|turn|11
|
|t:|1757845242
|move|p1a: Great Tusk|Ice Spinner|p2a: Ogre
|-supereffective|p2a: Ogre
|-damage|p2a: Ogre|40/100
|move|p2a: Ogre|Rapid Spin|p1a: Great Tusk
|-damage|p1a: Great Tusk|82/100
|-boost|p2a: Ogre|spe|1
|-sideend|p2: DeathWindXxX|Stealth Rock|[from] move: Rapid Spin|[of] p2a: Ogre
|
|upkeep
|turn|12
|
|t:|1757845249
|-end|p2a: Ogre|Protosynthesis|[silent]
|switch|p2a: Will o 🔥|Torkoal, M|100/100
|-weather|SunnyDay|[from] ability: Drought|[of] p2a: Will o 🔥
|-activate|p1a: Great Tusk|ability: Protosynthesis
|-start|p1a: Great Tusk|protosynthesisatk
|move|p1a: Great Tusk|Ice Spinner|p2a: Will o 🔥
|-resisted|p2a: Will o 🔥
|-damage|p2a: Will o 🔥|87/100
|
|-weather|SunnyDay|[upkeep]
|upkeep
|turn|13
|
|t:|1757845255
|switch|p2a: Fuga ■Open|Charizard, M, shiny|100/100
|move|p1a: Great Tusk|Headlong Rush|p2a: Fuga ■Open
|-immune|p2a: Fuga ■Open
|
|-weather|SunnyDay|[upkeep]
|-damage|p2a: Fuga ■Open|88/100|[from] ability: Solar Power|[of] p2a: Fuga ■Open
|upkeep
|turn|14
|
|t:|1757845263
|move|p2a: Fuga ■Open|Air Slash|p1a: Great Tusk
|-supereffective|p1a: Great Tusk
|-damage|p1a: Great Tusk|0 fnt
|faint|p1a: Great Tusk
|-end|p1a: Great Tusk|Protosynthesis|[silent]
|
|-weather|SunnyDay|[upkeep]
|-damage|p2a: Fuga ■Open|76/100|[from] ability: Solar Power|[of] p2a: Fuga ■Open
|upkeep
|
|t:|1757845271
|switch|p1a: Heatran|Heatran, M|100/100
|turn|15
|
|t:|1757845279
|switch|p2a: Rika|Raging Bolt|30/100
|-activate|p2a: Rika|ability: Protosynthesis
|-start|p2a: Rika|protosynthesisspa
|move|p1a: Heatran|Magma Storm|p2a: Rika
|-resisted|p2a: Rika
|-damage|p2a: Rika|4/100
|-activate|p2a: Rika|move: Magma Storm|[of] p1a: Heatran
|
|-weather|SunnyDay|[upkeep]
|-heal|p2a: Rika|10/100|[from] item: Leftovers
|-damage|p2a: Rika|0 fnt|[from] move: Magma Storm|[partiallytrapped]
|faint|p2a: Rika
|-end|p2a: Rika|Protosynthesis|[silent]
|upkeep
|
|t:|1757845286
|switch|p2a: Walking Wake|Walking Wake|44/100
|-activate|p2a: Walking Wake|ability: Protosynthesis
|-start|p2a: Walking Wake|protosynthesisspa
|turn|16
|l|☆DeathWindXxX
|inactive|DeathWindXxX disconnected and has a minute to reconnect!
|player|p2|
|inactive|blunts89 has 120 seconds left.
|j|☆DeathWindXxX
|inactive|DeathWindXxX reconnected and has 110 seconds left.
|player|p2|DeathWindXxX|bede|
|inactive|DeathWindXxX has 90 seconds left.
|l|☆DeathWindXxX
|inactive|DeathWindXxX disconnected and has a minute to reconnect!
|player|p2|
|inactive|DeathWindXxX has 30 seconds to reconnect!
|inactive|DeathWindXxX has 20 seconds to reconnect!
|inactive|DeathWindXxX has 15 seconds to reconnect!
|inactive|DeathWindXxX has 10 seconds to reconnect!
|inactive|DeathWindXxX has 5 seconds to reconnect!
|j|☆DeathWindXxX
|inactive|DeathWindXxX reconnected and has 25 seconds left.
|player|p2|DeathWindXxX|bede|
|inactive|DeathWindXxX has 20 seconds left.
|inactive|DeathWindXxX has 15 seconds left.
|inactive|DeathWindXxX has 10 seconds left.
|
|t:|1757845426
|move|p2a: Walking Wake|Hydro Steam|p1a: Heatran
|-supereffective|p1a: Heatran
|-damage|p1a: Heatran|0 fnt
|faint|p1a: Heatran
|
|-weather|SunnyDay|[upkeep]
|upkeep
|inactive|blunts89 has 120 seconds left.
|
|t:|1757845439
|switch|p1a: Dragonite|Dragonite, M|100/100
|turn|17
|inactive|DeathWindXxX has 25 seconds left this turn.
|
|t:|1757845443
|move|p2a: Walking Wake|Hydro Steam|p1a: Dragonite
|-resisted|p1a: Dragonite
|-damage|p1a: Dragonite|79/100
|move|p1a: Dragonite|Dragon Dance|p1a: Dragonite
|-boost|p1a: Dragonite|atk|1
|-boost|p1a: Dragonite|spe|1
|
|-weather|SunnyDay|[upkeep]
|upkeep
|turn|18
|
|t:|1757845452
|move|p1a: Dragonite|Extreme Speed|p2a: Walking Wake
|-damage|p2a: Walking Wake|0 fnt
|faint|p2a: Walking Wake
|-end|p2a: Walking Wake|Protosynthesis|[silent]
|
|-weather|SunnyDay|[upkeep]
|upkeep
|
|t:|1757845461
|switch|p2a: Glock|Slither Wing|100/100
|-activate|p2a: Glock|ability: Protosynthesis
|-start|p2a: Glock|protosynthesisatk
|turn|19
|
|t:|1757845468
|move|p2a: Glock|First Impression|p1a: Dragonite
|-resisted|p1a: Dragonite
|-damage|p1a: Dragonite|23/100
|move|p1a: Dragonite|Dragon Claw|p2a: Glock
|-damage|p2a: Glock|28/100
|
|-weather|none
|-end|p2a: Glock|Protosynthesis
|upkeep
|turn|20
|
|t:|1757845475
|-end|p2a: Glock|Protosynthesis|[silent]
|switch|p2a: Will o 🔥|Torkoal, M|87/100
|-weather|SunnyDay|[from] ability: Drought|[of] p2a: Will o 🔥
|move|p1a: Dragonite|Extreme Speed|p2a: Will o 🔥
|-damage|p2a: Will o 🔥|56/100
|
|-weather|SunnyDay|[upkeep]
|upkeep
|turn|21
|
|t:|1757845479
|move|p1a: Dragonite|Dragon Dance|p1a: Dragonite
|-boost|p1a: Dragonite|atk|1
|-boost|p1a: Dragonite|spe|1
|move|p2a: Will o 🔥|Lava Plume|p1a: Dragonite
|-resisted|p1a: Dragonite
|-damage|p1a: Dragonite|5/100
|
|-weather|SunnyDay|[upkeep]
|upkeep
|turn|22
|
|t:|1757845483
|move|p1a: Dragonite|Earthquake|p2a: Will o 🔥
|-supereffective|p2a: Will o 🔥
|-damage|p2a: Will o 🔥|0 fnt
|faint|p2a: Will o 🔥
|
|-weather|SunnyDay|[upkeep]
|upkeep
|
|t:|1757845488
|switch|p2a: Glock|Slither Wing|28/100
|-activate|p2a: Glock|ability: Protosynthesis
|-start|p2a: Glock|protosynthesisatk
|turn|23
|
|t:|1757845491
|move|p1a: Dragonite|Extreme Speed|p2a: Glock
|-damage|p2a: Glock|0 fnt
|faint|p2a: Glock
|-end|p2a: Glock|Protosynthesis|[silent]
|
|-weather|SunnyDay|[upkeep]
|upkeep
|-message|DeathWindXxX forfeited.
|
|win|blunts89
|raw|blunts89's rating: 1425 &rarr; <strong>1443</strong><br />(+18 for winning)
|raw|DeathWindXxX's rating: 1391 &rarr; <strong>1373</strong><br />(-18 for losing)
|l|☆DeathWindXxX
|player|p2|
|l|☆blunts89
|player|p1|
