|j|☆spamminq
|j|☆BigBadDragon98
|t:|1757839789
|gametype|singles
|player|p1|spamminq|shadowtriad|1233
|player|p2|BigBadDragon98|red|1166
|gen|9
|tier|[Gen 9] OU
|rated|
|rule|HP Percentage Mod: HP is shown in percentages
|rule|Endless Battle Clause: Forcing endless battles is banned
|rule|Species Clause: Limit one of each Pokémon
|rule|OHKO Clause: OHKO moves are banned
|rule|Evasion Items Clause: Evasion items are banned
|rule|Evasion Moves Clause: Evasion moves are banned
|rule|Evasion Abilities Clause: Evasion abilities are banned
|rule|Sleep Moves Clause: Sleep-inducing moves are banned
|clearpoke
|poke|p1|Slowking-Galar, M|
|poke|p1|Ogerpon-Wellspring, F|
|poke|p1|Raging Bolt|
|poke|p1|Landorus-Therian, M|
|poke|p1|Cinderace, F|
|poke|p1|Kingambit, M|
|poke|p2|Houndstone, M|
|poke|p2|Gengar, M|
|poke|p2|Tyranitar, M|
|poke|p2|Excadrill, M|
|poke|p2|Hydreigon, M|
|poke|p2|Mandibuzz, F|
|teampreview
|inactive|Battle timer is ON: inactive players will automatically lose when time's up. (requested by BigBadDragon98)
|
|t:|1757839803
|teamsize|p1|6
|teamsize|p2|6
|start
|switch|p1a: Landorus|Landorus-Therian, M, shiny|100/100
|switch|p2a: Houndstone|Houndstone, M|100/100
|-ability|p1a: Landorus|Intimidate|boost
|-unboost|p2a: Houndstone|atk|1
|turn|1
|
|t:|1757839811
|move|p1a: Landorus|U-turn|p2a: Houndstone
|-resisted|p2a: Houndstone
|-damage|p2a: Houndstone|96/100
|
|t:|1757839818
|switch|p1a: Raging Bolt|Raging Bolt|100/100|[from] U-turn
|move|p2a: Houndstone|Will-O-Wisp|p1a: Raging Bolt
|-status|p1a: Raging Bolt|brn
|
|-heal|p2a: Houndstone|100/100|[from] item: Leftovers
|-damage|p1a: Raging Bolt|94/100 brn|[from] brn
|upkeep
|turn|2
|
|t:|1757839829
|switch|p2a: Tyranitar|Tyranitar, M|100/100
|-weather|Sandstorm|[from] ability: Sand Stream|[of] p2a: Tyranitar
|move|p1a: Raging Bolt|Volt Switch|p2a: Tyranitar
|-damage|p2a: Tyranitar|72/100
|
|t:|1757839832
|-end|p1a: Raging Bolt|Protosynthesis|[silent]
|switch|p1a: Ogerpon|Ogerpon-Wellspring, F|100/100|[from] Volt Switch
|
|-weather|Sandstorm|[upkeep]
|-damage|p1a: Ogerpon|95/100|[from] Sandstorm
|-heal|p2a: Tyranitar|78/100|[from] item: Leftovers
|upkeep
|turn|3
|
|t:|1757839845
|switch|p2a: Houndstone|Houndstone, M|100/100
|move|p1a: Ogerpon|Ivy Cudgel|p2a: Houndstone|[anim] Ivy Cudgel Water
|-damage|p2a: Houndstone|61/100
|
|-weather|Sandstorm|[upkeep]
|-damage|p1a: Ogerpon|89/100|[from] Sandstorm
|-damage|p2a: Houndstone|55/100|[from] Sandstorm
|-heal|p2a: Houndstone|61/100|[from] item: Leftovers
|upkeep
|turn|4
|
|t:|1757839855
|move|p1a: Ogerpon|U-turn|p2a: Houndstone
|-resisted|p2a: Houndstone
|-damage|p2a: Houndstone|56/100
|
|t:|1757839860
|switch|p1a: Raging Bolt|Raging Bolt|94/100 brn|[from] U-turn
|move|p2a: Houndstone|Will-O-Wisp|p1a: Raging Bolt
|-fail|p1a: Raging Bolt|brn
|
|-weather|Sandstorm|[upkeep]
|-damage|p1a: Raging Bolt|88/100 brn|[from] Sandstorm
|-damage|p2a: Houndstone|50/100|[from] Sandstorm
|-heal|p2a: Houndstone|56/100|[from] item: Leftovers
|-damage|p1a: Raging Bolt|82/100 brn|[from] brn
|upkeep
|turn|5
|
|t:|1757839873
|-end|p1a: Raging Bolt|Protosynthesis|[silent]
|switch|p1a: Landorus|Landorus-Therian, M, shiny|100/100
|-ability|p1a: Landorus|Intimidate|boost
|-unboost|p2a: Houndstone|atk|1
|move|p2a: Houndstone|Protect||[still]
|-fail|p2a: Houndstone
|
|-weather|Sandstorm|[upkeep]
|-damage|p2a: Houndstone|50/100|[from] Sandstorm
|-heal|p2a: Houndstone|56/100|[from] item: Leftovers
|upkeep
|turn|6
|
|t:|1757839883
|move|p1a: Landorus|Earthquake|p2a: Houndstone
|-damage|p2a: Houndstone|16/100
|move|p2a: Houndstone|Will-O-Wisp|p1a: Landorus
|-status|p1a: Landorus|brn
|
|-weather|none
|-heal|p2a: Houndstone|22/100|[from] item: Leftovers
|-damage|p1a: Landorus|94/100 brn|[from] brn
|upkeep
|turn|7
|
|t:|1757839893
|switch|p1a: Raging Bolt|Raging Bolt|82/100 brn
|move|p2a: Houndstone|Protect||[still]
|-fail|p2a: Houndstone
|
|-heal|p2a: Houndstone|28/100|[from] item: Leftovers
|-damage|p1a: Raging Bolt|76/100 brn|[from] brn
|upkeep
|turn|8
|
|t:|1757839903
|move|p2a: Houndstone|Protect|p2a: Houndstone
|-singleturn|p2a: Houndstone|Protect
|move|p1a: Raging Bolt|Draco Meteor|p2a: Houndstone
|-activate|p2a: Houndstone|move: Protect
|
|-heal|p2a: Houndstone|34/100|[from] item: Leftovers
|-damage|p1a: Raging Bolt|70/100 brn|[from] brn
|upkeep
|turn|9
|
|t:|1757839913
|switch|p2a: Tyranitar|Tyranitar, M|78/100
|-weather|Sandstorm|[from] ability: Sand Stream|[of] p2a: Tyranitar
|move|p1a: Raging Bolt|Draco Meteor|p2a: Tyranitar|[miss]
|-miss|p1a: Raging Bolt|p2a: Tyranitar
|
|-weather|Sandstorm|[upkeep]
|-damage|p1a: Raging Bolt|64/100 brn|[from] Sandstorm
|-heal|p2a: Tyranitar|84/100|[from] item: Leftovers
|-damage|p1a: Raging Bolt|58/100 brn|[from] brn
|upkeep
|turn|10
|
|t:|1757839927
|move|p1a: Raging Bolt|Draco Meteor|p2a: Tyranitar
|-damage|p2a: Tyranitar|34/100
|-unboost|p1a: Raging Bolt|spa|2
|move|p2a: Tyranitar|Knock Off|p1a: Raging Bolt
|-damage|p1a: Raging Bolt|15/100 brn
|-enditem|p1a: Raging Bolt|Choice Specs|[from] move: Knock Off|[of] p2a: Tyranitar
|
|-weather|Sandstorm|[upkeep]
|-damage|p1a: Raging Bolt|8/100 brn|[from] Sandstorm
|-heal|p2a: Tyranitar|40/100|[from] item: Leftovers
|-damage|p1a: Raging Bolt|2/100 brn|[from] brn
|upkeep
|turn|11
|
|t:|1757839940
|move|p1a: Raging Bolt|Volt Switch|p2a: Tyranitar
|-damage|p2a: Tyranitar|31/100
|
|t:|1757839944
|-end|p1a: Raging Bolt|Protosynthesis|[silent]
|switch|p1a: Landorus|Landorus-Therian, M, shiny|94/100 brn|[from] Volt Switch
|-ability|p1a: Landorus|Intimidate|boost
|-unboost|p2a: Tyranitar|atk|1
|move|p2a: Tyranitar|Stealth Rock|p1a: Landorus
|-sidestart|p1: spamminq|move: Stealth Rock
|
|-weather|Sandstorm|[upkeep]
|-heal|p2a: Tyranitar|38/100|[from] item: Leftovers
|-damage|p1a: Landorus|88/100 brn|[from] brn
|upkeep
|turn|12
|
|t:|1757839956
|switch|p2a: Mandibuzz|Mandibuzz, F|100/100
|move|p1a: Landorus|U-turn|p2a: Mandibuzz
|-damage|p2a: Mandibuzz|92/100
|
|t:|1757839962
|switch|p1a: Cinderace|Cinderace, F|100/100|[from] U-turn
|
|-weather|Sandstorm|[upkeep]
|-damage|p1a: Cinderace|95/100|[from] Sandstorm
|upkeep
|turn|13
|
|t:|1757839970
|move|p1a: Cinderace|Court Change|p1a: Cinderace
|-start|p1a: Cinderace|typechange|Normal|[from] ability: Libero
|-swapsideconditions
|-activate|p1a: Cinderace|move: Court Change
|move|p2a: Mandibuzz|Toxic|p1a: Cinderace
|-status|p1a: Cinderace|tox
|
|-weather|none
|-damage|p1a: Cinderace|89/100 tox|[from] psn
|upkeep
|turn|14
|
|t:|1757839982
|switch|p1a: Slowking|Slowking-Galar, M|100/100
|move|p2a: Mandibuzz|Defog|p1a: Slowking
|-unboost|p1a: Slowking|evasion|1
|-sideend|p2: BigBadDragon98|Stealth Rock|[from] move: Defog|[of] p2a: Mandibuzz
|
|upkeep
|turn|15
|
|t:|1757839996
|switch|p1a: Cinderace|Cinderace, F|89/100 tox
|move|p2a: Mandibuzz|Foul Play|p1a: Cinderace
|-damage|p1a: Cinderace|20/100 tox
|
|-damage|p1a: Cinderace|14/100 tox|[from] psn
|upkeep
|turn|16
|
|t:|1757840005
|move|p1a: Cinderace|Pyro Ball|p2a: Mandibuzz
|-damage|p2a: Mandibuzz|61/100
|move|p2a: Mandibuzz|Foul Play|p1a: Cinderace
|-damage|p1a: Cinderace|0 fnt
|faint|p1a: Cinderace
|
|upkeep
|
|t:|1757840018
|switch|p1a: Landorus|Landorus-Therian, M, shiny|88/100 brn
|-ability|p1a: Landorus|Intimidate|boost
|-unboost|p2a: Mandibuzz|atk|1
|turn|17
|
|t:|1757840024
|move|p1a: Landorus|Stone Edge|p2a: Mandibuzz|[miss]
|-miss|p1a: Landorus|p2a: Mandibuzz
|move|p2a: Mandibuzz|Roost|p2a: Mandibuzz
|-heal|p2a: Mandibuzz|100/100
|-singleturn|p2a: Mandibuzz|move: Roost
|
|-damage|p1a: Landorus|82/100 brn|[from] brn
|upkeep
|turn|18
|
|t:|1757840034
|switch|p1a: Slowking|Slowking-Galar, M|100/100
|move|p2a: Mandibuzz|Foul Play|p1a: Slowking
|-supereffective|p1a: Slowking
|-damage|p1a: Slowking|74/100
|
|upkeep
|turn|19
|
|t:|1757840045
|switch|p2a: Tyranitar|Tyranitar, M|38/100
|-weather|Sandstorm|[from] ability: Sand Stream|[of] p2a: Tyranitar
|move|p1a: Slowking|Sludge Bomb|p2a: Tyranitar
|-resisted|p2a: Tyranitar
|-damage|p2a: Tyranitar|30/100
|
|-weather|Sandstorm|[upkeep]
|-damage|p1a: Slowking|68/100|[from] Sandstorm
|-heal|p2a: Tyranitar|36/100|[from] item: Leftovers
|upkeep
|turn|20
|
|t:|1757840058
|switch|p1a: Landorus|Landorus-Therian, M, shiny|82/100 brn
|-ability|p1a: Landorus|Intimidate|boost
|-unboost|p2a: Tyranitar|atk|1
|move|p2a: Tyranitar|Stealth Rock|p1a: Landorus
|-sidestart|p1: spamminq|move: Stealth Rock
|
|-weather|Sandstorm|[upkeep]
|-heal|p2a: Tyranitar|42/100|[from] item: Leftovers
|-damage|p1a: Landorus|76/100 brn|[from] brn
|upkeep
|turn|21
|
|t:|1757840069
|switch|p2a: Mandibuzz|Mandibuzz, F|100/100
|move|p1a: Landorus|Earthquake|p2a: Mandibuzz
|-immune|p2a: Mandibuzz
|
|-weather|Sandstorm|[upkeep]
|-damage|p1a: Landorus|70/100 brn|[from] brn
|upkeep
|turn|22
|
|t:|1757840078
|switch|p1a: Raging Bolt|Raging Bolt|2/100 brn
|-damage|p1a: Raging Bolt|0 fnt|[from] Stealth Rock
|faint|p1a: Raging Bolt
|-end|p1a: Raging Bolt|Protosynthesis|[silent]
|move|p2a: Mandibuzz|Foul Play|p1: Raging Bolt|[notarget]
|-fail|p2a: Mandibuzz
|
|-weather|Sandstorm|[upkeep]
|upkeep
|
|t:|1757840086
|switch|p1a: Ogerpon|Ogerpon-Wellspring, F|89/100
|-damage|p1a: Ogerpon|76/100|[from] Stealth Rock
|turn|23
|
|t:|1757840094
|move|p1a: Ogerpon|Ivy Cudgel|p2a: Mandibuzz|[anim] Ivy Cudgel Water
|-damage|p2a: Mandibuzz|69/100
|move|p2a: Mandibuzz|Toxic|p1a: Ogerpon
|-status|p1a: Ogerpon|tox
|
|-weather|none
|-damage|p1a: Ogerpon|70/100 tox|[from] psn
|upkeep
|turn|24
|
|t:|1757840103
|move|p1a: Ogerpon|Ivy Cudgel|p2a: Mandibuzz|[anim] Ivy Cudgel Water
|-damage|p2a: Mandibuzz|32/100
|move|p2a: Mandibuzz|Foul Play|p1a: Ogerpon
|-damage|p1a: Ogerpon|14/100 tox
|
|-damage|p1a: Ogerpon|2/100 tox|[from] psn
|upkeep
|turn|25
|
|t:|1757840124
|switch|p2a: Houndstone|Houndstone, M|34/100
|move|p1a: Ogerpon|Ivy Cudgel|p2a: Houndstone|[anim] Ivy Cudgel Water
|-damage|p2a: Houndstone|0 fnt
|faint|p2a: Houndstone
|
|-damage|p1a: Ogerpon|0 fnt|[from] psn
|faint|p1a: Ogerpon
|upkeep
|inactive|BigBadDragon98 has 120 seconds left.
|
|t:|1757840141
|switch|p1a: Landorus|Landorus-Therian, M, shiny|70/100 brn
|switch|p2a: Gengar|Gengar, M|100/100
|-damage|p1a: Landorus|57/100 brn|[from] Stealth Rock
|-ability|p1a: Landorus|Intimidate|boost
|-unboost|p2a: Gengar|atk|1
|turn|26
|
|t:|1757840150
|switch|p2a: Mandibuzz|Mandibuzz, F|32/100
|move|p1a: Landorus|Earthquake|p2a: Mandibuzz
|-immune|p2a: Mandibuzz
|
|-damage|p1a: Landorus|51/100 brn|[from] brn
|upkeep
|turn|27
|
|t:|1757840158
|switch|p1a: Slowking|Slowking-Galar, M|100/100
|-damage|p1a: Slowking|88/100|[from] Stealth Rock
|move|p2a: Mandibuzz|Roost|p2a: Mandibuzz
|-heal|p2a: Mandibuzz|83/100
|-singleturn|p2a: Mandibuzz|move: Roost
|
|upkeep
|turn|28
|
|t:|1757840168
|switch|p2a: Excadrill|Excadrill, M|100/100
|-item|p2a: Excadrill|Air Balloon
|move|p1a: Slowking|Sludge Bomb|p2a: Excadrill
|-immune|p2a: Excadrill
|
|upkeep
|turn|29
|
|t:|1757840180
|move|p2a: Excadrill|Swords Dance|p2a: Excadrill
|-boost|p2a: Excadrill|atk|2
|move|p1a: Slowking|Flamethrower|p2a: Excadrill
|-supereffective|p2a: Excadrill
|-damage|p2a: Excadrill|40/100
|-enditem|p2a: Excadrill|Air Balloon
|
|upkeep
|turn|30
|
|t:|1757840190
|switch|p1a: Landorus|Landorus-Therian, M, shiny|51/100 brn
|-damage|p1a: Landorus|39/100 brn|[from] Stealth Rock
|-ability|p1a: Landorus|Intimidate|boost
|-unboost|p2a: Excadrill|atk|1
|-terastallize|p2a: Excadrill|Ground
|move|p2a: Excadrill|Earthquake|p1a: Landorus
|-immune|p1a: Landorus
|
|-damage|p1a: Landorus|32/100 brn|[from] brn
|upkeep
|turn|31
|
|t:|1757840204
|move|p1a: Landorus|Earthquake|p2a: Excadrill
|-damage|p2a: Excadrill|0 fnt
|faint|p2a: Excadrill
|
|-damage|p1a: Landorus|26/100 brn|[from] brn
|upkeep
|
|t:|1757840212
|switch|p2a: Hydreigon|Hydreigon, M|100/100
|turn|32
|
|t:|1757840217
|move|p1a: Landorus|Earthquake|p2a: Hydreigon
|-immune|p2a: Hydreigon|[from] ability: Levitate
|move|p2a: Hydreigon|Nasty Plot|p2a: Hydreigon
|-boost|p2a: Hydreigon|spa|2
|
|-damage|p1a: Landorus|20/100 brn|[from] brn
|upkeep
|turn|33
|
|t:|1757840227
|move|p1a: Landorus|Earthquake|p2a: Hydreigon
|-immune|p2a: Hydreigon|[from] ability: Levitate
|move|p2a: Hydreigon|Nasty Plot|p2a: Hydreigon
|-boost|p2a: Hydreigon|spa|2
|
|-damage|p1a: Landorus|14/100 brn|[from] brn
|upkeep
|turn|34
|
|t:|1757840236
|switch|p1a: Slowking|Slowking-Galar, M|100/100
|-damage|p1a: Slowking|88/100|[from] Stealth Rock
|move|p2a: Hydreigon|Nasty Plot|p2a: Hydreigon
|-boost|p2a: Hydreigon|spa|2
|
|upkeep
|turn|35
|
|t:|1757840246
|-terastallize|p1a: Slowking|Water
|move|p2a: Hydreigon|Dark Pulse|p1a: Slowking
|-damage|p1a: Slowking|6/100
|cant|p1a: Slowking|flinch
|
|upkeep
|turn|36
|
|t:|1757840254
|move|p2a: Hydreigon|Dark Pulse|p1a: Slowking
|-damage|p1a: Slowking|0 fnt
|faint|p1a: Slowking
|
|upkeep
|-message|spamminq forfeited.
|
|win|BigBadDragon98
|raw|spamminq's rating: 1233 &rarr; <strong>1203</strong><br />(-30 for losing)
|raw|BigBadDragon98's rating: 1166 &rarr; <strong>1196</strong><br />(+30 for winning)
|l|☆spamminq
|player|p1|
|l|☆BigBadDragon98
|player|p2|
