|j|☆sakuya 2hu
|j|☆ninaf
|t:|1757857464
|gametype|singles
|player|p1|sakuya 2hu|sailor-gen1|1056
|player|p2|ninaf|preschooler|1015
|gen|9
|tier|[Gen 9] OU
|rated|
|rule|HP Percentage Mod: HP is shown in percentages
|rule|Endless Battle Clause: Forcing endless battles is banned
|rule|Species Clause: Limit one of each Pokémon
|rule|OHKO Clause: OHKO moves are banned
|rule|Evasion Items Clause: Evasion items are banned
|rule|Evasion Moves Clause: Evasion moves are banned
|rule|Evasion Abilities Clause: Evasion abilities are banned
|rule|Sleep Moves Clause: Sleep-inducing moves are banned
|clearpoke
|poke|p1|Latios, M|
|poke|p1|Electrode|
|poke|p1|Tyranitar, M|
|poke|p1|Glimmet, M|
|poke|p1|Drilbur, M|
|poke|p1|Blastoise, M|
|poke|p2|Mew|
|poke|p2|Latios, M|
|poke|p2|Pikachu-Hoenn, M|
|poke|p2|Kingambit, M|
|poke|p2|Dragonite, F|
|poke|p2|Deoxys-Defense|
|teampreview
|c|☆sakuya 2hu|heat
|
|t:|1757857472
|teamsize|p1|6
|teamsize|p2|6
|start
|switch|p1a: coochie|Glimmet, M|100/100
|switch|p2a: Deoxys|Deoxys-Defense, shiny|100/100
|-ability|p2a: Deoxys|Pressure
|turn|1
|
|t:|1757857486
|-terastallize|p2a: Deoxys|Fighting
|move|p2a: Deoxys|Superpower|p1a: coochie
|-enditem|p1a: coochie|Focus Sash
|-damage|p1a: coochie|1/100
|-unboost|p2a: Deoxys|atk|1
|-unboost|p2a: Deoxys|def|1
|-activate|p1a: coochie|ability: Toxic Debris
|-sidestart|p2: ninaf|move: Toxic Spikes
|move|p1a: coochie|Stealth Rock|p2a: Deoxys
|-sidestart|p2: ninaf|move: Stealth Rock
|
|upkeep
|turn|2
|c|☆sakuya 2hu|just spat out my cereal
|c|☆sakuya 2hu|holy cool deoxys
|
|t:|1757857511
|move|p2a: Deoxys|Superpower|p1a: coochie
|-damage|p1a: coochie|0 fnt
|-unboost|p2a: Deoxys|atk|1
|-unboost|p2a: Deoxys|def|1
|-activate|p1a: coochie|ability: Toxic Debris
|-sidestart|p2: ninaf|move: Toxic Spikes
|faint|p1a: coochie
|
|upkeep
|
|t:|1757857530
|switch|p1a: mayano top gun|Latios, M|100/100
|turn|3
|
|t:|1757857535
|move|p1a: mayano top gun|Draco Meteor|p2a: Deoxys
|-damage|p2a: Deoxys|51/100
|-unboost|p1a: mayano top gun|spa|2
|move|p2a: Deoxys|Superpower|p1a: mayano top gun
|-resisted|p1a: mayano top gun
|-damage|p1a: mayano top gun|85/100
|-unboost|p2a: Deoxys|atk|1
|-unboost|p2a: Deoxys|def|1
|
|upkeep
|turn|4
|
|t:|1757857549
|switch|p2a: Kingambit|Kingambit, M, shiny|100/100
|-damage|p2a: Kingambit|94/100|[from] Stealth Rock
|move|p1a: mayano top gun|Draco Meteor|p2a: Kingambit
|-resisted|p2a: Kingambit
|-damage|p2a: Kingambit|79/100
|-unboost|p1a: mayano top gun|spa|2
|
|upkeep
|turn|5
|
|t:|1757857561
|switch|p1a: they wont know|Tyranitar, M|100/100
|-weather|Sandstorm|[from] ability: Sand Stream|[of] p1a: they wont know
|move|p2a: Kingambit|Iron Head|p1a: they wont know
|-supereffective|p1a: they wont know
|-damage|p1a: they wont know|35/100
|
|-weather|Sandstorm|[upkeep]
|upkeep
|turn|6
|
|t:|1757857570
|switch|p1a: The king|Drilbur, M, shiny|100/100
|move|p2a: Kingambit|Iron Head|p1a: The king
|-damage|p1a: The king|0 fnt
|faint|p1a: The king
|
|-weather|Sandstorm|[upkeep]
|upkeep
|
|t:|1757857579
|switch|p1a: mayano top gun|Latios, M|85/100
|turn|7
|
|t:|1757857583
|move|p1a: mayano top gun|Aura Sphere|p2a: Kingambit
|-supereffective|p2a: Kingambit
|-damage|p2a: Kingambit|0 fnt
|faint|p2a: Kingambit
|
|-weather|Sandstorm|[upkeep]
|-damage|p1a: mayano top gun|79/100|[from] Sandstorm
|upkeep
|
|t:|1757857592
|switch|p2a: Deoxys|Deoxys-Defense, shiny, tera:Fighting|51/100
|-status|p2a: Deoxys|tox
|-damage|p2a: Deoxys|45/100 tox|[from] Stealth Rock
|-ability|p2a: Deoxys|Pressure
|turn|8
|
|t:|1757857600
|move|p1a: mayano top gun|Aura Sphere|p2a: Deoxys
|-damage|p2a: Deoxys|24/100 tox
|move|p2a: Deoxys|Iron Defense|p2a: Deoxys
|-boost|p2a: Deoxys|def|2
|
|-weather|Sandstorm|[upkeep]
|-damage|p1a: mayano top gun|73/100|[from] Sandstorm
|-damage|p2a: Deoxys|17/100 tox|[from] Sandstorm
|-damage|p2a: Deoxys|11/100 tox|[from] psn
|upkeep
|turn|9
|
|t:|1757857611
|move|p1a: mayano top gun|Aura Sphere|p2a: Deoxys
|-damage|p2a: Deoxys|0 fnt
|faint|p2a: Deoxys
|
|-weather|none
|upkeep
|
|t:|1757857618
|switch|p2a: Pikachu|Pikachu-Hoenn, M|100/100
|-status|p2a: Pikachu|tox
|-damage|p2a: Pikachu|88/100 tox|[from] Stealth Rock
|turn|10
|
|t:|1757857627
|switch|p1a: left testicle|Electrode|100/100
|move|p2a: Pikachu|Iron Tail|p1a: left testicle
|-resisted|p1a: left testicle
|-damage|p1a: left testicle|62/100
|-unboost|p1a: left testicle|def|1
|
|-damage|p2a: Pikachu|82/100 tox|[from] psn
|upkeep
|turn|11
|
|t:|1757857639
|move|p1a: left testicle|Hyper Beam|p2a: Pikachu
|-damage|p2a: Pikachu|0 fnt
|-mustrecharge|p1a: left testicle
|faint|p2a: Pikachu
|
|upkeep
|
|t:|1757857646
|switch|p2a: Latios|Latios, M|100/100
|-damage|p2a: Latios|88/100|[from] Stealth Rock
|turn|12
|
|t:|1757857652
|cant|p1a: left testicle|recharge
|move|p2a: Latios|Draco Meteor|p1a: left testicle
|-damage|p1a: left testicle|0 fnt
|-unboost|p2a: Latios|spa|2
|faint|p1a: left testicle
|
|upkeep
|
|t:|1757857658
|switch|p1a: they wont know|Tyranitar, M|35/100
|-weather|Sandstorm|[from] ability: Sand Stream|[of] p1a: they wont know
|turn|13
|
|t:|1757857668
|-terastallize|p1a: they wont know|Ice
|move|p2a: Latios|Draco Meteor|p1a: they wont know
|-damage|p1a: they wont know|23/100
|-unboost|p2a: Latios|spa|2
|move|p1a: they wont know|Ice Beam|p2a: Latios
|-supereffective|p2a: Latios
|-damage|p2a: Latios|35/100
|
|-weather|Sandstorm|[upkeep]
|-damage|p2a: Latios|29/100|[from] Sandstorm
|-damage|p1a: they wont know|17/100|[from] Sandstorm
|upkeep
|turn|14
|
|t:|1757857681
|switch|p2a: Dragonite|Dragonite, F|100/100
|-damage|p2a: Dragonite|76/100|[from] Stealth Rock
|move|p1a: they wont know|Ice Beam|p2a: Dragonite
|-supereffective|p2a: Dragonite
|-damage|p2a: Dragonite|0 fnt
|faint|p2a: Dragonite
|
|-weather|Sandstorm|[upkeep]
|-damage|p1a: they wont know|10/100|[from] Sandstorm
|upkeep
|
|t:|1757857693
|switch|p2a: Mew|Mew|100/100
|-status|p2a: Mew|tox
|-damage|p2a: Mew|88/100 tox|[from] Stealth Rock
|turn|15
|
|t:|1757857699
|move|p2a: Mew|Close Combat|p1a: they wont know
|-supereffective|p1a: they wont know
|-damage|p1a: they wont know|0 fnt
|-unboost|p2a: Mew|def|1
|-unboost|p2a: Mew|spd|1
|faint|p1a: they wont know
|
|-weather|Sandstorm|[upkeep]
|-damage|p2a: Mew|82/100 tox|[from] Sandstorm
|-damage|p2a: Mew|76/100 tox|[from] psn
|upkeep
|
|t:|1757857705
|switch|p1a: mayano top gun|Latios, M|73/100
|turn|16
|
|t:|1757857712
|move|p1a: mayano top gun|Draco Meteor|p2a: Mew
|-damage|p2a: Mew|0 fnt
|-unboost|p1a: mayano top gun|spa|2
|faint|p2a: Mew
|
|-weather|Sandstorm|[upkeep]
|-damage|p1a: mayano top gun|67/100|[from] Sandstorm
|upkeep
|
|t:|1757857722
|switch|p2a: Latios|Latios, M|29/100
|-damage|p2a: Latios|17/100|[from] Stealth Rock
|turn|17
|
|t:|1757857728
|move|p1a: mayano top gun|Draco Meteor|p2a: Latios
|-supereffective|p2a: Latios
|-damage|p2a: Latios|0 fnt
|-unboost|p1a: mayano top gun|spa|2
|faint|p2a: Latios
|
|win|sakuya 2hu
|raw|sakuya 2hu's rating: 1056 &rarr; <strong>1084</strong><br />(+28 for winning)
|raw|ninaf's rating: 1015 &rarr; <strong>1004</strong><br />(-11 for losing)
|c|☆sakuya 2hu|new age deoxys
|c|☆sakuya 2hu|gonna run that shi
|l|☆ninaf
|player|p2|
