|j|‽GROSFILOUUUU
|j|☆Fluffylucario
|t:|1757921453
|gametype|singles
|player|p1|GROSFILOUUUU|pokemaniac|1416
|player|p2|Fluffylucario|cynthia|1404
|gen|9
|tier|[Gen 9] OU
|rated|
|rule|HP Percentage Mod: HP is shown in percentages
|rule|Endless Battle Clause: Forcing endless battles is banned
|rule|Species Clause: Limit one of each Pokémon
|rule|OHKO Clause: OHKO moves are banned
|rule|Evasion Items Clause: Evasion items are banned
|rule|Evasion Moves Clause: Evasion moves are banned
|rule|Evasion Abilities Clause: Evasion abilities are banned
|rule|Sleep Moves Clause: Sleep-inducing moves are banned
|clearpoke
|poke|p1|Talonflame, M|
|poke|p1|Cetitan, F|
|poke|p1|Abomasnow, F|
|poke|p1|Rhyperior, F|
|poke|p1|Skeledirge, M|
|poke|p1|Torterra, M|
|poke|p2|Hoopa-Unbound|
|poke|p2|Raging Bolt|
|poke|p2|Alomomola, M|
|poke|p2|Corviknight, F|
|poke|p2|Landorus-Therian, M|
|poke|p2|Gurdurr, M|
|teampreview
|inactive|Battle timer is ON: inactive players will automatically lose when time's up. (requested by GROSFILOUUUU)
|
|t:|1757921462
|teamsize|p1|6
|teamsize|p2|6
|start
|switch|p1a: Abomasnow|Abomasnow, F|100/100
|switch|p2a: Landorus|Landorus-Therian, M|100/100
|-ability|p2a: Landorus|Intimidate|boost
|-unboost|p1a: Abomasnow|atk|1
|-weather|Snowscape|[from] ability: Snow Warning|[of] p1a: Abomasnow
|turn|1
|
|t:|1757921470
|move|p2a: Landorus|U-turn|p1a: Abomasnow
|-supereffective|p1a: Abomasnow
|-damage|p1a: Abomasnow|62/100
|
|t:|1757921477
|switch|p2a: Gurdurr|Gurdurr, M|100/100|[from] U-turn
|move|p1a: Abomasnow|Aurora Veil|p1a: Abomasnow
|-sidestart|p1: GROSFILOUUUU|move: Aurora Veil
|
|-weather|Snowscape|[upkeep]
|upkeep
|turn|2
|
|t:|1757921484
|move|p1a: Abomasnow|Blizzard|p2a: Gurdurr
|-damage|p2a: Gurdurr|70/100
|move|p2a: Gurdurr|Substitute|p2a: Gurdurr
|-start|p2a: Gurdurr|Substitute
|-damage|p2a: Gurdurr|45/100
|
|-weather|Snowscape|[upkeep]
|upkeep
|turn|3
|
|t:|1757921490
|move|p1a: Abomasnow|Blizzard|p2a: Gurdurr
|-end|p2a: Gurdurr|Substitute
|move|p2a: Gurdurr|Bulk Up|p2a: Gurdurr
|-boost|p2a: Gurdurr|atk|1
|-boost|p2a: Gurdurr|def|1
|
|-weather|Snowscape|[upkeep]
|upkeep
|turn|4
|
|t:|1757921495
|move|p1a: Abomasnow|Blizzard|p2a: Gurdurr
|-damage|p2a: Gurdurr|16/100
|move|p2a: Gurdurr|Drain Punch|p1a: Abomasnow
|-supereffective|p1a: Abomasnow
|-damage|p1a: Abomasnow|32/100
|-heal|p2a: Gurdurr|32/100|[from] drain|[of] p1a: Abomasnow
|
|-weather|Snowscape|[upkeep]
|upkeep
|turn|5
|
|t:|1757921503
|move|p1a: Abomasnow|Blizzard|p2a: Gurdurr
|-damage|p2a: Gurdurr|2/100
|move|p2a: Gurdurr|Drain Punch|p1a: Abomasnow
|-supereffective|p1a: Abomasnow
|-damage|p1a: Abomasnow|2/100
|-heal|p2a: Gurdurr|17/100|[from] drain|[of] p1a: Abomasnow
|
|-weather|none
|-sideend|p1: GROSFILOUUUU|move: Aurora Veil
|upkeep
|turn|6
|
|t:|1757921511
|move|p2a: Gurdurr|Mach Punch|p1a: Abomasnow
|-supereffective|p1a: Abomasnow
|-damage|p1a: Abomasnow|0 fnt
|faint|p1a: Abomasnow
|
|upkeep
|
|t:|1757921513
|switch|p1a: Torterra|Torterra, M, shiny|100/100
|turn|7
|
|t:|1757921522
|switch|p2a: Landorus|Landorus-Therian, M|100/100
|-ability|p2a: Landorus|Intimidate|boost
|-unboost|p1a: Torterra|atk|1
|move|p1a: Torterra|Shell Smash|p1a: Torterra
|-unboost|p1a: Torterra|def|1
|-unboost|p1a: Torterra|spd|1
|-boost|p1a: Torterra|atk|2
|-boost|p1a: Torterra|spa|2
|-boost|p1a: Torterra|spe|2
|
|upkeep
|turn|8
|
|t:|1757921534
|switch|p2a: Corviknight|Corviknight, F|100/100
|-ability|p2a: Corviknight|Pressure
|move|p1a: Torterra|Bullet Seed|p2a: Corviknight
|-resisted|p2a: Corviknight
|-damage|p2a: Corviknight|98/100
|-resisted|p2a: Corviknight
|-damage|p2a: Corviknight|95/100
|-resisted|p2a: Corviknight
|-damage|p2a: Corviknight|92/100
|-resisted|p2a: Corviknight
|-damage|p2a: Corviknight|90/100
|-resisted|p2a: Corviknight
|-damage|p2a: Corviknight|87/100
|-hitcount|p2a: Corviknight|5
|
|upkeep
|turn|9
|
|t:|1757921543
|move|p1a: Torterra|Rock Blast|p2a: Corviknight|[miss]
|-miss|p1a: Torterra|p2a: Corviknight
|move|p2a: Corviknight|U-turn|p1a: Torterra
|-supereffective|p1a: Torterra
|-damage|p1a: Torterra|57/100
|
|t:|1757921548
|switch|p2a: Landorus|Landorus-Therian, M|100/100|[from] U-turn
|-ability|p2a: Landorus|Intimidate|boost
|-unboost|p1a: Torterra|atk|1
|
|upkeep
|turn|10
|
|t:|1757921551
|switch|p2a: Corviknight|Corviknight, F|87/100
|-ability|p2a: Corviknight|Pressure
|move|p1a: Torterra|Shell Smash|p1a: Torterra
|-unboost|p1a: Torterra|def|1
|-unboost|p1a: Torterra|spd|1
|-boost|p1a: Torterra|atk|2
|-boost|p1a: Torterra|spa|2
|-boost|p1a: Torterra|spe|2
|
|upkeep
|turn|11
|
|t:|1757921561
|move|p1a: Torterra|Rock Blast|p2a: Corviknight
|-crit|p2a: Corviknight
|-damage|p2a: Corviknight|72/100
|-damage|p2a: Corviknight|64/100
|-damage|p2a: Corviknight|55/100
|-damage|p2a: Corviknight|46/100
|-hitcount|p2a: Corviknight|4
|move|p2a: Corviknight|Brave Bird|p1a: Torterra
|-supereffective|p1a: Torterra
|-damage|p1a: Torterra|0 fnt
|faint|p1a: Torterra
|-damage|p2a: Corviknight|31/100|[from] Recoil
|
|upkeep
|
|t:|1757921569
|switch|p1a: Talonflame|Talonflame, M|100/100
|turn|12
|
|t:|1757921576
|switch|p2a: Raging Bolt|Raging Bolt|100/100
|move|p1a: Talonflame|Tailwind|p1a: Talonflame
|-sidestart|p1: GROSFILOUUUU|move: Tailwind
|
|upkeep
|turn|13
|
|t:|1757921588
|switch|p1a: Skeledirge|Skeledirge, M|100/100
|move|p2a: Raging Bolt|Draco Meteor|p1a: Skeledirge
|-damage|p1a: Skeledirge|0 fnt
|-unboost|p2a: Raging Bolt|spa|2
|faint|p1a: Skeledirge
|
|upkeep
|
|t:|1757921608
|switch|p1a: Rhyperior|Rhyperior, F|100/100
|turn|14
|
|t:|1757921616
|-end|p2a: Raging Bolt|Protosynthesis|[silent]
|switch|p2a: Alomomola|Alomomola, M|100/100
|move|p1a: Rhyperior|Drill Run|p2a: Alomomola
|-crit|p2a: Alomomola
|-damage|p2a: Alomomola|71/100
|
|upkeep
|turn|15
|
|t:|1757921622
|move|p1a: Rhyperior|Shadow Claw|p2a: Alomomola
|-crit|p2a: Alomomola
|-damage|p2a: Alomomola|53/100
|move|p2a: Alomomola|Wish|p2a: Alomomola
|
|-sideend|p1: GROSFILOUUUU|move: Tailwind
|upkeep
|turn|16
|
|t:|1757921632
|switch|p1a: Talonflame|Talonflame, M|100/100
|move|p2a: Alomomola|Flip Turn|p1a: Talonflame
|-supereffective|p1a: Talonflame
|-damage|p1a: Talonflame|48/100
|
|t:|1757921639
|switch|p2a: Gurdurr|Gurdurr, M|17/100|[from] Flip Turn
|
|-heal|p2a: Gurdurr|89/100|[from] move: Wish|[wisher] Alomomola
|upkeep
|turn|17
|-message|GROSFILOUUUU forfeited.
|
|win|Fluffylucario
|raw|GROSFILOUUUU's rating: 1416 &rarr; <strong>1395</strong><br />(-21 for losing)
|raw|Fluffylucario's rating: 1404 &rarr; <strong>1425</strong><br />(+21 for winning)
|l|‽GROSFILOUUUU
|player|p1|
|l|☆Fluffylucario
|player|p2|
