|j|☆Dracorex_Craneus
|j|☆EddusEatzAlot
|t:|1757910107
|gametype|singles
|player|p1|Dracorex_Craneus|clay|1303
|player|p2|EddusEatzAlot|steven|1340
|gen|9
|tier|[Gen 9] OU
|rated|
|rule|HP Percentage Mod: HP is shown in percentages
|rule|Endless Battle Clause: Forcing endless battles is banned
|rule|Species Clause: Limit one of each Pokémon
|rule|OHKO Clause: OHKO moves are banned
|rule|Evasion Items Clause: Evasion items are banned
|rule|Evasion Moves Clause: Evasion moves are banned
|rule|Evasion Abilities Clause: Evasion abilities are banned
|rule|Sleep Moves Clause: Sleep-inducing moves are banned
|clearpoke
|poke|p1|Araquanid, M|
|poke|p1|Scizor, M|
|poke|p1|Yanmega, M|
|poke|p1|Slither Wing|
|poke|p1|Galvantula, M|
|poke|p1|Lokix, M|
|poke|p2|Rillaboom, M|
|poke|p2|Kyurem|
|poke|p2|Heatran, F|
|poke|p2|Hatterene, F|
|poke|p2|Dragapult, M|
|poke|p2|Slowking-Galar, F|
|teampreview
|inactive|Battle timer is ON: inactive players will automatically lose when time's up. (requested by Dracorex_Craneus)
|
|t:|1757910126
|teamsize|p1|6
|teamsize|p2|6
|start
|switch|p1a: Galvantula|Galvantula, M|100/100
|switch|p2a: Rillaboom|Rillaboom, M|100/100
|-fieldstart|move: Grassy Terrain|[from] ability: Grassy Surge|[of] p2a: Rillaboom
|turn|1
|
|t:|1757910131
|switch|p2a: Hatterene|Hatterene, F|100/100
|move|p1a: Galvantula|Thunder Wave|p2a: Hatterene
|move|p2a: Hatterene|Thunder Wave|p1a: Galvantula|[from] ability: Magic Bounce
|-immune|p1a: Galvantula
|
|upkeep
|turn|2
|
|t:|1757910144
|move|p1a: Galvantula|Thunder|p2a: Hatterene
|-crit|p2a: Hatterene
|-damage|p2a: Hatterene|61/100
|move|p2a: Hatterene|Mystical Fire|p1a: Galvantula
|-supereffective|p1a: Galvantula
|-enditem|p1a: Galvantula|Focus Sash
|-damage|p1a: Galvantula|1/100
|-unboost|p1a: Galvantula|spa|1
|
|-heal|p1a: Galvantula|7/100|[from] Grassy Terrain
|-heal|p2a: Hatterene|67/100|[from] Grassy Terrain
|upkeep
|turn|3
|
|t:|1757910152
|move|p1a: Galvantula|Thunder|p2a: Hatterene
|-damage|p2a: Hatterene|46/100
|-status|p2a: Hatterene|par
|move|p2a: Hatterene|Draining Kiss|p1a: Galvantula
|-damage|p1a: Galvantula|0 fnt
|-heal|p2a: Hatterene|50/100 par|[from] drain|[of] p1a: Galvantula
|faint|p1a: Galvantula
|
|-heal|p2a: Hatterene|56/100 par|[from] Grassy Terrain
|upkeep
|
|t:|1757910167
|switch|p1a: Araquanid|Araquanid, M|100/100
|turn|4
|
|t:|1757910171
|move|p1a: Araquanid|Liquidation|p2a: Hatterene
|-damage|p2a: Hatterene|9/100 par
|move|p2a: Hatterene|Psyshock|p1a: Araquanid
|-damage|p1a: Araquanid|60/100
|
|-heal|p1a: Araquanid|66/100|[from] Grassy Terrain
|-heal|p2a: Hatterene|15/100 par|[from] Grassy Terrain
|upkeep
|turn|5
|
|t:|1757910177
|move|p1a: Araquanid|Liquidation|p2a: Hatterene
|-damage|p2a: Hatterene|0 fnt
|faint|p2a: Hatterene
|
|-heal|p1a: Araquanid|72/100|[from] Grassy Terrain
|-fieldend|move: Grassy Terrain
|upkeep
|
|t:|1757910180
|switch|p2a: Rillaboom|Rillaboom, M|100/100
|-fieldstart|move: Grassy Terrain|[from] ability: Grassy Surge|[of] p2a: Rillaboom
|turn|6
|
|t:|1757910183
|move|p2a: Rillaboom|Grassy Glide|p1a: Araquanid
|-damage|p1a: Araquanid|14/100
|move|p1a: Araquanid|Sticky Web|p2a: Rillaboom
|-sidestart|p2: EddusEatzAlot|move: Sticky Web
|
|-heal|p1a: Araquanid|20/100|[from] Grassy Terrain
|upkeep
|turn|7
|-enditem|p1a: Araquanid|Custap Berry|[eat]
|-activate|p1a: Araquanid|item: Custap Berry|[consumed]
|
|t:|1757910187
|move|p2a: Rillaboom|Grassy Glide|p1a: Araquanid
|-damage|p1a: Araquanid|0 fnt
|faint|p1a: Araquanid
|
|upkeep
|
|t:|1757910193
|switch|p1a: Yanmega|Yanmega, M|100/100
|turn|8
|
|t:|1757910196
|switch|p2a: Slowking|Slowking-Galar, F|100/100
|move|p1a: Yanmega|Bug Buzz|p2a: Slowking
|-damage|p2a: Slowking|74/100
|-enditem|p1a: Yanmega|Throat Spray
|-boost|p1a: Yanmega|spa|1|[from] item: Throat Spray
|
|-heal|p2a: Slowking|80/100|[from] Grassy Terrain
|-ability|p1a: Yanmega|Speed Boost|boost
|-boost|p1a: Yanmega|spe|1
|upkeep
|turn|9
|
|t:|1757910201
|-terastallize|p1a: Yanmega|Ground
|move|p1a: Yanmega|Tera Blast|p2a: Slowking|[anim] Tera Blast Ground
|-supereffective|p2a: Slowking
|-crit|p2a: Slowking
|-damage|p2a: Slowking|0 fnt
|faint|p2a: Slowking
|
|-ability|p1a: Yanmega|Speed Boost|boost
|-boost|p1a: Yanmega|spe|1
|upkeep
|
|t:|1757910210
|switch|p2a: Kyurem|Kyurem|100/100
|-ability|p2a: Kyurem|Pressure
|turn|10
|
|t:|1757910218
|move|p1a: Yanmega|Protect|p1a: Yanmega
|-singleturn|p1a: Yanmega|Protect
|move|p2a: Kyurem|Freeze-Dry|p1a: Yanmega
|-activate|p1a: Yanmega|move: Protect
|
|-fieldend|move: Grassy Terrain
|-ability|p1a: Yanmega|Speed Boost|boost
|-boost|p1a: Yanmega|spe|1
|upkeep
|turn|11
|
|t:|1757910220
|move|p1a: Yanmega|Air Slash|p2a: Kyurem
|-damage|p2a: Kyurem|53/100
|move|p2a: Kyurem|Freeze-Dry|p1a: Yanmega
|-supereffective|p1a: Yanmega
|-damage|p1a: Yanmega|0 fnt
|faint|p1a: Yanmega
|
|upkeep
|
|t:|1757910225
|switch|p1a: Scizor|Scizor, M|100/100
|turn|12
|
|t:|1757910238
|move|p2a: Kyurem|Freeze-Dry|p1a: Scizor
|-resisted|p1a: Scizor
|-damage|p1a: Scizor|75/100
|-status|p1a: Scizor|frz
|cant|p1a: Scizor|frz
|
|upkeep
|turn|13
|
|t:|1757910242
|move|p2a: Kyurem|Earth Power|p1a: Scizor
|-damage|p1a: Scizor|32/100 frz
|cant|p1a: Scizor|frz
|
|upkeep
|turn|14
|
|t:|1757910244
|cant|p1a: Scizor|frz
|move|p2a: Kyurem|Earth Power|p1a: Scizor
|-damage|p1a: Scizor|0 fnt
|faint|p1a: Scizor
|
|upkeep
|
|t:|1757910249
|switch|p1a: Slither Wing|Slither Wing|100/100
|-enditem|p1a: Slither Wing|Booster Energy
|-activate|p1a: Slither Wing|ability: Protosynthesis|[fromitem]
|-start|p1a: Slither Wing|protosynthesisatk
|turn|15
|
|t:|1757910255
|switch|p2a: Rillaboom|Rillaboom, M|100/100
|-activate|p2a: Rillaboom|move: Sticky Web
|-unboost|p2a: Rillaboom|spe|1
|-fieldstart|move: Grassy Terrain|[from] ability: Grassy Surge|[of] p2a: Rillaboom
|move|p1a: Slither Wing|Bulk Up|p1a: Slither Wing
|-boost|p1a: Slither Wing|atk|1
|-boost|p1a: Slither Wing|def|1
|
|upkeep
|turn|16
|
|t:|1757910259
|move|p1a: Slither Wing|Leech Life|p2a: Rillaboom
|-supereffective|p2a: Rillaboom
|-damage|p2a: Rillaboom|0 fnt
|faint|p2a: Rillaboom
|
|upkeep
|
|t:|1757910262
|switch|p2a: Heatran|Heatran, F|100/100
|turn|17
|
|t:|1757910264
|-terastallize|p2a: Heatran|Bug
|move|p1a: Slither Wing|Earthquake|p2a: Heatran
|-resisted|p2a: Heatran
|-damage|p2a: Heatran|83/100
|move|p2a: Heatran|Lava Plume|p1a: Slither Wing
|-supereffective|p1a: Slither Wing
|-damage|p1a: Slither Wing|0 fnt
|faint|p1a: Slither Wing
|-end|p1a: Slither Wing|Protosynthesis|[silent]
|
|-heal|p2a: Heatran|90/100|[from] Grassy Terrain
|upkeep
|
|t:|1757910267
|switch|p1a: Lokix|Lokix, M|100/100
|turn|18
|
|t:|1757910274
|switch|p2a: Kyurem|Kyurem|53/100
|-ability|p2a: Kyurem|Pressure
|move|p1a: Lokix|Knock Off|p2a: Kyurem
|-damage|p2a: Kyurem|13/100
|-enditem|p2a: Kyurem|Heavy-Duty Boots|[from] move: Knock Off|[of] p1a: Lokix
|
|-heal|p2a: Kyurem|19/100|[from] Grassy Terrain
|upkeep
|turn|19
|
|t:|1757910279
|move|p2a: Kyurem|Freeze-Dry|p1a: Lokix
|-damage|p1a: Lokix|23/100
|-status|p1a: Lokix|frz
|cant|p1a: Lokix|frz
|
|-heal|p2a: Kyurem|25/100|[from] Grassy Terrain
|-heal|p1a: Lokix|29/100 frz|[from] Grassy Terrain
|-fieldend|move: Grassy Terrain
|upkeep
|turn|20
|
|t:|1757910284
|move|p2a: Kyurem|Freeze-Dry|p1a: Lokix
|-damage|p1a: Lokix|0 fnt
|faint|p1a: Lokix
|
|win|EddusEatzAlot
|raw|Dracorex_Craneus's rating: 1278 &rarr; <strong>1257</strong><br />(-21 for losing)
|raw|EddusEatzAlot's rating: 1340 &rarr; <strong>1356</strong><br />(+16 for winning)
|c|☆EddusEatzAlot|gg wp
|l|☆EddusEatzAlot
|player|p2|
|l|☆Dracorex_Craneus
|player|p1|
