|j|☆Rosey_Potati
|j|☆oehtwashere
|t:|1757863187
|gametype|singles
|player|p1|Rosey_Potati|erika|1619
|player|p2|oehtwashere|supernerd|1658
|gen|9
|tier|[Gen 9] OU
|rated|
|rule|HP Percentage Mod: HP is shown in percentages
|rule|Endless Battle Clause: Forcing endless battles is banned
|rule|Species Clause: Limit one of each Pokémon
|rule|OHKO Clause: OHKO moves are banned
|rule|Evasion Items Clause: Evasion items are banned
|rule|Evasion Moves Clause: Evasion moves are banned
|rule|Evasion Abilities Clause: Evasion abilities are banned
|rule|Sleep Moves Clause: Sleep-inducing moves are banned
|clearpoke
|poke|p1|Iron Treads|
|poke|p1|Raging Bolt|
|poke|p1|Pelipper, F|
|poke|p1|Barraskewda, M|
|poke|p1|Ogerpon-Wellspring, F|
|poke|p1|Tornadus-Therian, M|
|poke|p2|Araquanid, F|
|poke|p2|Gholdengo|
|poke|p2|Raging Bolt|
|poke|p2|Iron Valiant|
|poke|p2|Ceruledge, F|
|poke|p2|Deoxys-Speed|
|teampreview
|inactive|Battle timer is ON: inactive players will automatically lose when time's up. (requested by oehtwashere)
|j| moodrandom
|
|t:|1757863216
|teamsize|p1|6
|teamsize|p2|6
|start
|switch|p1a: Pelipper|Pelipper, F|100/100
|switch|p2a: Araquanid|Araquanid, F|100/100
|-weather|RainDance|[from] ability: Drizzle|[of] p1a: Pelipper
|turn|1
|
|t:|1757863224
|move|p1a: Pelipper|Knock Off|p2a: Araquanid
|-damage|p2a: Araquanid|88/100
|-enditem|p2a: Araquanid|Custap Berry|[from] move: Knock Off|[of] p1a: Pelipper
|move|p2a: Araquanid|Sticky Web|p1a: Pelipper
|-sidestart|p1: Rosey_Potati|move: Sticky Web
|
|-weather|RainDance|[upkeep]
|upkeep
|turn|2
|
|t:|1757863230
|move|p1a: Pelipper|Hurricane|p2a: Araquanid
|-supereffective|p2a: Araquanid
|-damage|p2a: Araquanid|46/100
|move|p2a: Araquanid|Surf|p1a: Pelipper
|-resisted|p1a: Pelipper
|-damage|p1a: Pelipper|61/100
|
|-weather|RainDance|[upkeep]
|upkeep
|turn|3
|
|t:|1757863242
|move|p1a: Pelipper|Roost|p1a: Pelipper
|-heal|p1a: Pelipper|100/100
|-singleturn|p1a: Pelipper|move: Roost
|move|p2a: Araquanid|Surf|p1a: Pelipper
|-resisted|p1a: Pelipper
|-damage|p1a: Pelipper|62/100
|
|-weather|RainDance|[upkeep]
|upkeep
|turn|4
|
|t:|1757863256
|move|p1a: Pelipper|Roost|p1a: Pelipper
|-heal|p1a: Pelipper|100/100
|-singleturn|p1a: Pelipper|move: Roost
|move|p2a: Araquanid|Surf|p1a: Pelipper
|-resisted|p1a: Pelipper
|-damage|p1a: Pelipper|62/100
|
|-weather|RainDance|[upkeep]
|upkeep
|turn|5
|
|t:|1757863268
|switch|p2a: Deoxys|Deoxys-Speed|100/100
|-ability|p2a: Deoxys|Pressure
|move|p1a: Pelipper|Hurricane|p2a: Deoxys
|-damage|p2a: Deoxys|55/100
|
|-weather|RainDance|[upkeep]
|upkeep
|turn|6
|
|t:|1757863274
|move|p2a: Deoxys|Psycho Boost|p1a: Pelipper|[miss]
|-miss|p2a: Deoxys|p1a: Pelipper
|move|p1a: Pelipper|U-turn|p2a: Deoxys
|-supereffective|p2a: Deoxys
|-damage|p2a: Deoxys|29/100
|
|t:|1757863277
|switch|p1a: Iron Treads|Iron Treads|100/100|[from] U-turn
|-item|p1a: Iron Treads|Air Balloon
|
|-weather|RainDance|[upkeep]
|upkeep
|turn|7
|
|t:|1757863284
|move|p2a: Deoxys|Focus Blast|p1a: Iron Treads
|-supereffective|p1a: Iron Treads
|-damage|p1a: Iron Treads|0 fnt
|-enditem|p1a: Iron Treads|Air Balloon
|faint|p1a: Iron Treads
|-end|p1a: Iron Treads|Quark Drive|[silent]
|-damage|p2a: Deoxys|20/100|[from] item: Life Orb
|
|-weather|RainDance|[upkeep]
|upkeep
|
|t:|1757863297
|switch|p1a: Barraskewda|Barraskewda, M|100/100
|-activate|p1a: Barraskewda|move: Sticky Web
|-unboost|p1a: Barraskewda|spe|1
|turn|8
|
|t:|1757863306
|switch|p2a: Araquanid|Araquanid, F|46/100
|move|p1a: Barraskewda|Aqua Jet|p2a: Araquanid
|-resisted|p2a: Araquanid
|-damage|p2a: Araquanid|22/100
|
|-weather|none
|upkeep
|turn|9
|
|t:|1757863311
|switch|p1a: Pelipper|Pelipper, F|62/100
|-weather|RainDance|[from] ability: Drizzle|[of] p1a: Pelipper
|move|p2a: Araquanid|Surf|p1a: Pelipper
|-resisted|p1a: Pelipper
|-damage|p1a: Pelipper|27/100
|
|-weather|RainDance|[upkeep]
|upkeep
|turn|10
|
|t:|1757863316
|switch|p2a: Deoxys|Deoxys-Speed|20/100
|-ability|p2a: Deoxys|Pressure
|move|p1a: Pelipper|Roost|p1a: Pelipper
|-heal|p1a: Pelipper|77/100
|-singleturn|p1a: Pelipper|move: Roost
|
|-weather|RainDance|[upkeep]
|upkeep
|turn|11
|
|t:|1757863337
|move|p2a: Deoxys|Psycho Boost|p1a: Pelipper
|-damage|p1a: Pelipper|0 fnt
|-unboost|p2a: Deoxys|spa|2
|faint|p1a: Pelipper
|-damage|p2a: Deoxys|10/100|[from] item: Life Orb
|
|-weather|RainDance|[upkeep]
|upkeep
|
|t:|1757863347
|switch|p1a: Tornadus|Tornadus-Therian, M|100/100
|turn|12
|
|t:|1757863357
|switch|p2a: Araquanid|Araquanid, F|22/100
|move|p1a: Tornadus|Hurricane|p2a: Araquanid
|-supereffective|p2a: Araquanid
|-damage|p2a: Araquanid|0 fnt
|faint|p2a: Araquanid
|
|-weather|RainDance|[upkeep]
|upkeep
|
|t:|1757863383
|switch|p2a: Deoxys|Deoxys-Speed|10/100
|-ability|p2a: Deoxys|Pressure
|turn|13
|
|t:|1757863391
|move|p2a: Deoxys|Psycho Boost|p1a: Tornadus
|-damage|p1a: Tornadus|4/100
|-unboost|p2a: Deoxys|spa|2
|-damage|p2a: Deoxys|0 fnt|[from] item: Life Orb
|faint|p2a: Deoxys
|move|p1a: Tornadus|Hurricane|p2: Deoxys|[notarget]
|-fail|p1a: Tornadus
|
|-weather|RainDance|[upkeep]
|upkeep
|j| RandyBDP
|
|t:|1757863403
|switch|p2a: Ceruledge|Ceruledge, F|100/100
|turn|14
|
|t:|1757863412
|switch|p1a: Barraskewda|Barraskewda, M|100/100
|-activate|p1a: Barraskewda|move: Sticky Web
|-unboost|p1a: Barraskewda|spe|1
|move|p2a: Ceruledge|Shadow Sneak|p1a: Barraskewda
|-damage|p1a: Barraskewda|56/100
|
|-weather|RainDance|[upkeep]
|upkeep
|turn|15
|
|t:|1757863428
|move|p1a: Barraskewda|Liquidation|p2a: Ceruledge
|-supereffective|p2a: Ceruledge
|-enditem|p2a: Ceruledge|Focus Sash
|-damage|p2a: Ceruledge|1/100
|-ability|p2a: Ceruledge|Weak Armor|boost
|-unboost|p2a: Ceruledge|def|1
|-boost|p2a: Ceruledge|spe|2
|move|p2a: Ceruledge|Close Combat|p1a: Barraskewda
|-damage|p1a: Barraskewda|0 fnt
|-unboost|p2a: Ceruledge|def|1
|-unboost|p2a: Ceruledge|spd|1
|faint|p1a: Barraskewda
|
|-weather|RainDance|[upkeep]
|upkeep
|
|t:|1757863437
|switch|p1a: Ogerpon|Ogerpon-Wellspring, F|100/100
|-activate|p1a: Ogerpon|move: Sticky Web
|-unboost|p1a: Ogerpon|spe|1
|turn|16
|
|t:|1757863443
|move|p2a: Ceruledge|Close Combat|p1a: Ogerpon
|-crit|p1a: Ogerpon
|-damage|p1a: Ogerpon|15/100
|-unboost|p2a: Ceruledge|def|1
|-unboost|p2a: Ceruledge|spd|1
|move|p1a: Ogerpon|Ivy Cudgel|p2a: Ceruledge|[anim] Ivy Cudgel Water
|-supereffective|p2a: Ceruledge
|-damage|p2a: Ceruledge|0 fnt
|faint|p2a: Ceruledge
|
|-weather|none
|upkeep
|
|t:|1757863449
|switch|p2a: Raging Bolt|Raging Bolt|100/100
|-enditem|p2a: Raging Bolt|Booster Energy
|-activate|p2a: Raging Bolt|ability: Protosynthesis|[fromitem]
|-start|p2a: Raging Bolt|protosynthesisspa
|turn|17
|l| moodrandom
|
|t:|1757863458
|move|p2a: Raging Bolt|Dragon Pulse|p1a: Ogerpon
|-damage|p1a: Ogerpon|0 fnt
|faint|p1a: Ogerpon
|
|upkeep
|
|t:|1757863464
|switch|p1a: Raging Bolt|Raging Bolt|100/100
|-activate|p1a: Raging Bolt|move: Sticky Web
|-unboost|p1a: Raging Bolt|spe|1
|-enditem|p1a: Raging Bolt|Booster Energy
|-activate|p1a: Raging Bolt|ability: Protosynthesis|[fromitem]
|-start|p1a: Raging Bolt|protosynthesisspa
|turn|18
|
|t:|1757863471
|-terastallize|p2a: Raging Bolt|Bug
|move|p2a: Raging Bolt|Dragon Pulse|p1a: Raging Bolt
|-supereffective|p1a: Raging Bolt
|-damage|p1a: Raging Bolt|0 fnt
|faint|p1a: Raging Bolt
|-end|p1a: Raging Bolt|Protosynthesis|[silent]
|
|upkeep
|-message|Rosey_Potati forfeited.
|
|win|oehtwashere
|raw|Rosey_Potati's rating: 1619 &rarr; <strong>1601</strong><br />(-18 for losing)
|raw|oehtwashere's rating: 1658 &rarr; <strong>1676</strong><br />(+18 for winning)
|l|☆Rosey_Potati
|player|p1|
|l|☆oehtwashere
|player|p2|
|l| RandyBDP
