|j|☆prakshep
|j|☆thraxxedout!
|t:|1757914394
|gametype|singles
|player|p1|prakshep|nate|1397
|player|p2|thraxxedout!|169|1358
|gen|9
|tier|[Gen 9] OU
|rated|
|rule|HP Percentage Mod: HP is shown in percentages
|rule|Endless Battle Clause: Forcing endless battles is banned
|rule|Species Clause: Limit one of each Pokémon
|rule|OHKO Clause: OHKO moves are banned
|rule|Evasion Items Clause: Evasion items are banned
|rule|Evasion Moves Clause: Evasion moves are banned
|rule|Evasion Abilities Clause: Evasion abilities are banned
|rule|Sleep Moves Clause: Sleep-inducing moves are banned
|clearpoke
|poke|p1|Iron Boulder|
|poke|p1|Zapdos|
|poke|p1|Hatterene, F|
|poke|p1|Dragonite, M|
|poke|p1|Zamazenta-*|
|poke|p1|Iron Moth|
|poke|p2|Iron Crown|
|poke|p2|Landorus-Therian, M|
|poke|p2|Thundurus, M|
|poke|p2|Kingambit, F|
|poke|p2|Primarina, F|
|poke|p2|Zamazenta-*|
|teampreview
|inactive|Battle timer is ON: inactive players will automatically lose when time's up. (requested by prakshep)
|j| ProfSheen
|
|t:|1757914404
|teamsize|p1|6
|teamsize|p2|6
|start
|switch|p1a: Zapdos|Zapdos|100/100
|switch|p2a: Jettas 🛩️|Landorus-Therian, M, shiny|100/100
|-ability|p2a: Jettas 🛩️|Intimidate|boost
|-unboost|p1a: Zapdos|atk|1
|turn|1
|
|t:|1757914408
|switch|p1a: Hatterene|Hatterene, F|100/100
|move|p2a: Jettas 🛩️|U-turn|p1a: Hatterene
|-damage|p1a: Hatterene|69/100
|
|t:|1757914411
|switch|p2a: Aegon 👑|Iron Crown|100/100|[from] U-turn
|
|-heal|p1a: Hatterene|75/100|[from] item: Leftovers
|upkeep
|turn|2
|
|t:|1757914430
|switch|p1a: Iron Boulder|Iron Boulder|100/100
|-enditem|p1a: Iron Boulder|Booster Energy
|-activate|p1a: Iron Boulder|ability: Quark Drive|[fromitem]
|-start|p1a: Iron Boulder|quarkdrivespe
|move|p2a: Aegon 👑|Future Sight|p1a: Iron Boulder
|-start|p2a: Aegon 👑|move: Future Sight
|
|upkeep
|turn|3
|
|t:|1757914444
|move|p1a: Iron Boulder|Sacred Sword|p2a: Aegon 👑
|-crit|p2a: Aegon 👑
|-damage|p2a: Aegon 👑|56/100
|move|p2a: Aegon 👑|Tachyon Cutter|p1a: Iron Boulder
|-supereffective|p1a: Iron Boulder
|-damage|p1a: Iron Boulder|55/100
|-supereffective|p1a: Iron Boulder
|-damage|p1a: Iron Boulder|3/100
|-hitcount|p1a: Iron Boulder|2
|
|upkeep
|turn|4
|
|t:|1757914453
|move|p1a: Iron Boulder|Sacred Sword|p2a: Aegon 👑
|-damage|p2a: Aegon 👑|25/100
|move|p2a: Aegon 👑|Volt Switch|p1a: Iron Boulder
|-damage|p1a: Iron Boulder|0 fnt
|faint|p1a: Iron Boulder
|-end|p1a: Iron Boulder|Quark Drive|[silent]
|
|t:|1757914463
|-end|p2a: Aegon 👑|Quark Drive|[silent]
|switch|p2a: Kirin ⚡️|Thundurus, M, shiny|100/100|[from] Volt Switch
|
|-hint|Future Sight did not hit because the target is fainted.
|upkeep
|l| ProfSheen
|
|t:|1757914472
|switch|p1a: Iron Moth|Iron Moth|100/100
|-enditem|p1a: Iron Moth|Booster Energy
|-activate|p1a: Iron Moth|ability: Quark Drive|[fromitem]
|-start|p1a: Iron Moth|quarkdrivespe
|turn|5
|
|t:|1757914475
|move|p2a: Kirin ⚡️|Thunder Wave|p1a: Iron Moth
|-status|p1a: Iron Moth|par
|cant|p1a: Iron Moth|par
|
|upkeep
|turn|6
|
|t:|1757914482
|move|p2a: Kirin ⚡️|Thunderbolt|p1a: Iron Moth
|-damage|p1a: Iron Moth|56/100 par
|move|p1a: Iron Moth|Fiery Dance|p2a: Kirin ⚡️
|-damage|p2a: Kirin ⚡️|50/100
|-boost|p1a: Iron Moth|spa|1
|
|upkeep
|turn|7
|
|t:|1757914489
|move|p2a: Kirin ⚡️|Thunderbolt|p1a: Iron Moth
|-damage|p1a: Iron Moth|9/100 par
|move|p1a: Iron Moth|Sludge Wave|p2a: Kirin ⚡️
|-damage|p2a: Kirin ⚡️|0 fnt
|faint|p2a: Kirin ⚡️
|
|upkeep
|j| ProfSheen
|
|t:|1757914513
|switch|p2a: Aegon 👑|Iron Crown|25/100
|turn|8
|
|t:|1757914517
|move|p2a: Aegon 👑|Tachyon Cutter|p1a: Iron Moth
|-resisted|p1a: Iron Moth
|-crit|p1a: Iron Moth
|-damage|p1a: Iron Moth|0 fnt
|faint|p1a: Iron Moth
|-end|p1a: Iron Moth|Quark Drive|[silent]
|-hitcount|p1: Iron Moth|1
|
|upkeep
|
|t:|1757914520
|switch|p1a: Zapdos|Zapdos|100/100
|turn|9
|
|t:|1757914524
|move|p1a: Zapdos|Hurricane|p2a: Aegon 👑|[miss]
|-miss|p1a: Zapdos|p2a: Aegon 👑
|move|p2a: Aegon 👑|Future Sight|p1a: Zapdos
|-start|p2a: Aegon 👑|move: Future Sight
|
|upkeep
|turn|10
|
|t:|1757914539
|move|p1a: Zapdos|Thunderbolt|p2a: Aegon 👑
|-damage|p2a: Aegon 👑|0 fnt
|faint|p2a: Aegon 👑
|-end|p2a: Aegon 👑|Quark Drive|[silent]
|-damage|p1a: Zapdos|91/100|[from] item: Life Orb
|
|upkeep
|l| ProfSheen
|
|t:|1757914549
|switch|p2a: Jettas 🛩️|Landorus-Therian, M, shiny|100/100
|-ability|p2a: Jettas 🛩️|Intimidate|boost
|-unboost|p1a: Zapdos|atk|1
|turn|11
|
|t:|1757914551
|move|p1a: Zapdos|Hurricane|p2a: Jettas 🛩️
|-damage|p2a: Jettas 🛩️|25/100
|-damage|p1a: Zapdos|81/100|[from] item: Life Orb
|move|p2a: Jettas 🛩️|Earthquake|p1a: Zapdos
|-immune|p1a: Zapdos
|
|-end|p1a: Zapdos|move: Future Sight
|-damage|p1a: Zapdos|11/100
|upkeep
|turn|12
|
|t:|1757914559
|move|p1a: Zapdos|Roost|p1a: Zapdos
|-heal|p1a: Zapdos|61/100
|-singleturn|p1a: Zapdos|move: Roost
|move|p2a: Jettas 🛩️|Stealth Rock|p1a: Zapdos
|-sidestart|p1: prakshep|move: Stealth Rock
|
|upkeep
|turn|13
|
|t:|1757914566
|move|p1a: Zapdos|Hurricane|p2a: Jettas 🛩️
|-damage|p2a: Jettas 🛩️|0 fnt
|faint|p2a: Jettas 🛩️
|-damage|p1a: Zapdos|51/100|[from] item: Life Orb
|
|upkeep
|
|t:|1757914571
|switch|p2a: Twilight ⚔️|Kingambit, F, shiny|100/100
|-activate|p2a: Twilight ⚔️|ability: Supreme Overlord
|-start|p2a: Twilight ⚔️|fallen3|[silent]
|turn|14
|
|t:|1757914575
|move|p1a: Zapdos|Thunder Wave|p2a: Twilight ⚔️
|-status|p2a: Twilight ⚔️|par
|move|p2a: Twilight ⚔️|Iron Head|p1a: Zapdos
|-resisted|p1a: Zapdos
|-damage|p1a: Zapdos|13/100
|
|upkeep
|turn|15
|
|t:|1757914580
|move|p1a: Zapdos|Roost|p1a: Zapdos
|-heal|p1a: Zapdos|63/100
|-singleturn|p1a: Zapdos|move: Roost
|move|p2a: Twilight ⚔️|Iron Head|p1a: Zapdos
|-resisted|p1a: Zapdos
|-damage|p1a: Zapdos|28/100
|
|upkeep
|turn|16
|
|t:|1757914583
|move|p1a: Zapdos|Roost|p1a: Zapdos
|-heal|p1a: Zapdos|78/100
|-singleturn|p1a: Zapdos|move: Roost
|cant|p2a: Twilight ⚔️|par
|
|upkeep
|turn|17
|
|t:|1757914588
|move|p1a: Zapdos|Thunderbolt|p2a: Twilight ⚔️
|-damage|p2a: Twilight ⚔️|38/100 par
|-damage|p1a: Zapdos|68/100|[from] item: Life Orb
|move|p2a: Twilight ⚔️|Swords Dance|p2a: Twilight ⚔️
|-boost|p2a: Twilight ⚔️|atk|2
|
|upkeep
|turn|18
|j| ProfSheen
|
|t:|1757914592
|move|p1a: Zapdos|Roost|p1a: Zapdos
|-heal|p1a: Zapdos|100/100
|-singleturn|p1a: Zapdos|move: Roost
|cant|p2a: Twilight ⚔️|par
|
|upkeep
|turn|19
|
|t:|1757914596
|move|p2a: Twilight ⚔️|Sucker Punch|p1a: Zapdos
|-damage|p1a: Zapdos|0 fnt
|faint|p1a: Zapdos
|
|upkeep
|
|t:|1757914599
|switch|p1a: Zamazenta|Zamazenta|100/100
|-damage|p1a: Zamazenta|94/100|[from] Stealth Rock
|-ability|p1a: Zamazenta|Dauntless Shield|boost
|-boost|p1a: Zamazenta|def|1
|turn|20
|
|t:|1757914604
|move|p1a: Zamazenta|Body Press|p2a: Twilight ⚔️
|-supereffective|p2a: Twilight ⚔️
|-damage|p2a: Twilight ⚔️|0 fnt
|faint|p2a: Twilight ⚔️
|-end|p2a: Twilight ⚔️|fallen3|[silent]
|
|-heal|p1a: Zamazenta|100/100|[from] item: Leftovers
|upkeep
|
|t:|1757914608
|switch|p2a: Siobhan 🪸|Primarina, F|100/100
|turn|21
|
|t:|1757914613
|-terastallize|p1a: Zamazenta|Steel
|move|p1a: Zamazenta|Heavy Slam|p2a: Siobhan 🪸
|-damage|p2a: Siobhan 🪸|39/100
|move|p2a: Siobhan 🪸|Moonblast|p1a: Zamazenta
|-resisted|p1a: Zamazenta
|-damage|p1a: Zamazenta|74/100
|
|-heal|p1a: Zamazenta|81/100|[from] item: Leftovers
|-heal|p2a: Siobhan 🪸|45/100|[from] item: Leftovers
|upkeep
|turn|22
|
|t:|1757914623
|move|p1a: Zamazenta|Heavy Slam|p2a: Siobhan 🪸
|-damage|p2a: Siobhan 🪸|0 fnt
|faint|p2a: Siobhan 🪸
|
|-heal|p1a: Zamazenta|87/100|[from] item: Leftovers
|upkeep
|
|t:|1757914625
|switch|p2a: Koromaru 🦴|Zamazenta, shiny|100/100
|-ability|p2a: Koromaru 🦴|Dauntless Shield|boost
|-boost|p2a: Koromaru 🦴|def|1
|turn|23
|
|t:|1757914630
|move|p1a: Zamazenta|Body Press|p2a: Koromaru 🦴
|-damage|p2a: Koromaru 🦴|77/100
|move|p2a: Koromaru 🦴|Iron Defense|p2a: Koromaru 🦴
|-boost|p2a: Koromaru 🦴|def|2
|
|-heal|p1a: Zamazenta|93/100|[from] item: Leftovers
|-heal|p2a: Koromaru 🦴|83/100|[from] item: Leftovers
|upkeep
|turn|24
|
|t:|1757914637
|move|p1a: Zamazenta|Iron Defense|p1a: Zamazenta
|-boost|p1a: Zamazenta|def|2
|move|p2a: Koromaru 🦴|Iron Defense|p2a: Koromaru 🦴
|-boost|p2a: Koromaru 🦴|def|2
|
|-heal|p1a: Zamazenta|99/100|[from] item: Leftovers
|-heal|p2a: Koromaru 🦴|89/100|[from] item: Leftovers
|upkeep
|turn|25
|
|t:|1757914642
|move|p1a: Zamazenta|Iron Defense|p1a: Zamazenta
|-boost|p1a: Zamazenta|def|2
|move|p2a: Koromaru 🦴|Roar|p1a: Zamazenta
|drag|p1a: Dragonite|Dragonite, M|100/100
|-damage|p1a: Dragonite|75/100|[from] Stealth Rock
|
|-heal|p2a: Koromaru 🦴|95/100|[from] item: Leftovers
|upkeep
|turn|26
|
|t:|1757914644
|move|p2a: Koromaru 🦴|Body Press|p1a: Dragonite
|-resisted|p1a: Dragonite
|-damage|p1a: Dragonite|6/100
|move|p1a: Dragonite|Dragon Claw|p2a: Koromaru 🦴
|-damage|p2a: Koromaru 🦴|87/100
|
|-heal|p2a: Koromaru 🦴|93/100|[from] item: Leftovers
|upkeep
|turn|27
|
|t:|1757914650
|move|p2a: Koromaru 🦴|Body Press|p1a: Dragonite
|-resisted|p1a: Dragonite
|-damage|p1a: Dragonite|0 fnt
|faint|p1a: Dragonite
|
|-heal|p2a: Koromaru 🦴|99/100|[from] item: Leftovers
|upkeep
|
|t:|1757914652
|switch|p1a: Hatterene|Hatterene, F|75/100
|-damage|p1a: Hatterene|63/100|[from] Stealth Rock
|turn|28
|
|t:|1757914656
|-terastallize|p2a: Koromaru 🦴|Steel
|move|p2a: Koromaru 🦴|Body Press|p1a: Hatterene
|-resisted|p1a: Hatterene
|-damage|p1a: Hatterene|15/100
|move|p1a: Hatterene|Draining Kiss|p2a: Koromaru 🦴
|-resisted|p2a: Koromaru 🦴
|-damage|p2a: Koromaru 🦴|87/100
|-heal|p1a: Hatterene|28/100|[from] drain|[of] p2a: Koromaru 🦴
|
|-heal|p2a: Koromaru 🦴|93/100|[from] item: Leftovers
|-heal|p1a: Hatterene|34/100|[from] item: Leftovers
|upkeep
|turn|29
|
|t:|1757914664
|move|p2a: Koromaru 🦴|Body Press|p1a: Hatterene
|-resisted|p1a: Hatterene
|-damage|p1a: Hatterene|0 fnt
|faint|p1a: Hatterene
|
|-heal|p2a: Koromaru 🦴|99/100|[from] item: Leftovers
|upkeep
|
|t:|1757914669
|switch|p1a: Zamazenta|Zamazenta, tera:Steel|99/100
|-damage|p1a: Zamazenta|93/100|[from] Stealth Rock
|turn|30
|l|☆prakshep
|inactive|prakshep disconnected and has a minute to reconnect!
|player|p1|
|l| ProfSheen
|inactive|prakshep has 30 seconds to reconnect!
|inactive|prakshep has 20 seconds to reconnect!
|inactive|prakshep has 15 seconds to reconnect!
|j| ProfSheen
|inactive|prakshep has 10 seconds to reconnect!
|inactive|prakshep has 5 seconds to reconnect!
|-message|prakshep lost due to inactivity.
|
|win|thraxxedout!
|raw|prakshep's rating: 1397 &rarr; <strong>1375</strong><br />(-22 for losing)
|raw|thraxxedout!'s rating: 1358 &rarr; <strong>1380</strong><br />(+22 for winning)
|l|☆thraxxedout!
|player|p2|
|l| ProfSheen
