|j|☆rebaar
|j|☆eviolitenumel
|t:|1757813186
|gametype|singles
|player|p1|rebaar|psychic-gen4|1340
|player|p2|eviolitenumel|pokefanf-gen2|1328
|gen|9
|tier|[Gen 9] OU
|rated|
|rule|HP Percentage Mod: HP is shown in percentages
|rule|Endless Battle Clause: Forcing endless battles is banned
|rule|Species Clause: Limit one of each Pokémon
|rule|OHKO Clause: OHKO moves are banned
|rule|Evasion Items Clause: Evasion items are banned
|rule|Evasion Moves Clause: Evasion moves are banned
|rule|Evasion Abilities Clause: Evasion abilities are banned
|rule|Sleep Moves Clause: Sleep-inducing moves are banned
|clearpoke
|poke|p1|Heatran, M|
|poke|p1|Ogerpon-Wellspring, F|
|poke|p1|Hatterene, F|
|poke|p1|Great Tusk|
|poke|p1|Dragonite, F|
|poke|p1|Dragapult, F|
|poke|p2|Mamoswine, F|
|poke|p2|Weezing-Galar, M|
|poke|p2|Great Tusk|
|poke|p2|Muk-Alola, M|
|poke|p2|Garchomp, M|
|poke|p2|Quagsire, F|
|teampreview
|inactive|Battle timer is ON: inactive players will automatically lose when time's up. (requested by eviolitenumel)
|c|☆rebaar|stall into stall into semistall
|c|☆rebaar|incredible ladder
|inactive|rebaar has 120 seconds left.
|
|t:|1757813222
|teamsize|p1|6
|teamsize|p2|6
|start
|switch|p1a: Hatterene|Hatterene, F|100/100
|switch|p2a: Mamoswine|Mamoswine, F|100/100
|turn|1
|
|t:|1757813231
|move|p2a: Mamoswine|Trailblaze|p1a: Hatterene
|-damage|p1a: Hatterene|80/100
|-boost|p2a: Mamoswine|spe|1
|move|p1a: Hatterene|Draining Kiss|p2a: Mamoswine
|-damage|p2a: Mamoswine|64/100
|-heal|p1a: Hatterene|100/100|[from] drain|[of] p2a: Mamoswine
|
|upkeep
|turn|2
|
|t:|1757813240
|move|p2a: Mamoswine|Icicle Spear|p1a: Hatterene
|-damage|p1a: Hatterene|84/100
|-damage|p1a: Hatterene|68/100
|-damage|p1a: Hatterene|51/100
|-damage|p1a: Hatterene|35/100
|-damage|p1a: Hatterene|19/100
|-hitcount|p1a: Hatterene|5
|move|p1a: Hatterene|Draining Kiss|p2a: Mamoswine
|-damage|p2a: Mamoswine|24/100
|-heal|p1a: Hatterene|53/100|[from] drain|[of] p2a: Mamoswine
|
|upkeep
|turn|3
|
|t:|1757813257
|-terastallize|p1a: Hatterene|Water
|move|p2a: Mamoswine|Icicle Spear|p1a: Hatterene
|-resisted|p1a: Hatterene
|-damage|p1a: Hatterene|45/100
|-resisted|p1a: Hatterene
|-damage|p1a: Hatterene|37/100
|-resisted|p1a: Hatterene
|-damage|p1a: Hatterene|28/100
|-resisted|p1a: Hatterene
|-crit|p1a: Hatterene
|-damage|p1a: Hatterene|17/100
|-hitcount|p1a: Hatterene|4
|move|p1a: Hatterene|Draining Kiss|p2a: Mamoswine
|-damage|p2a: Mamoswine|0 fnt
|-heal|p1a: Hatterene|37/100|[from] drain|[of] p2a: Mamoswine
|faint|p2a: Mamoswine
|
|upkeep
|
|t:|1757813274
|switch|p2a: Great Tusk|Great Tusk|100/100
|turn|4
|
|t:|1757813282
|switch|p1a: Ogerpon|Ogerpon-Wellspring, F|100/100
|move|p2a: Great Tusk|Headlong Rush|p1a: Ogerpon
|-resisted|p1a: Ogerpon
|-damage|p1a: Ogerpon|56/100
|-unboost|p2a: Great Tusk|def|1
|-unboost|p2a: Great Tusk|spd|1
|
|upkeep
|turn|5
|
|t:|1757813290
|-end|p2a: Great Tusk|Protosynthesis|[silent]
|switch|p2a: Quagsire|Quagsire, F|100/100
|move|p1a: Ogerpon|Spikes|p2a: Quagsire
|-sidestart|p2: eviolitenumel|Spikes
|
|upkeep
|turn|6
|
|t:|1757813298
|-terastallize|p2a: Quagsire|Poison
|move|p1a: Ogerpon|Power Whip|p2a: Quagsire
|-resisted|p2a: Quagsire
|-damage|p2a: Quagsire|75/100
|-damage|p1a: Ogerpon|40/100|[from] item: Rocky Helmet|[of] p2a: Quagsire
|move|p2a: Quagsire|Stealth Rock|p1a: Ogerpon
|-sidestart|p1: rebaar|move: Stealth Rock
|
|upkeep
|turn|7
|
|t:|1757813317
|switch|p1a: Dragonite|Dragonite, F|100/100
|-damage|p1a: Dragonite|76/100|[from] Stealth Rock
|move|p2a: Quagsire|Toxic|p1a: Dragonite
|-status|p1a: Dragonite|tox
|
|-damage|p1a: Dragonite|70/100 tox|[from] psn
|upkeep
|turn|8
|
|t:|1757813327
|switch|p1a: Great Tusk|Great Tusk|100/100
|-damage|p1a: Great Tusk|98/100|[from] Stealth Rock
|-enditem|p1a: Great Tusk|Booster Energy
|-activate|p1a: Great Tusk|ability: Protosynthesis|[fromitem]
|-start|p1a: Great Tusk|protosynthesisatk
|switch|p2a: Weezing|Weezing-Galar, M|100/100
|-ability|p2a: Weezing|Neutralizing Gas
|-damage|p2a: Weezing|88/100|[from] Spikes
|
|-heal|p2a: Weezing|94/100|[from] item: Leftovers
|upkeep
|turn|9
|
|t:|1757813355
|-end|p2a: Weezing|ability: Neutralizing Gas
|switch|p2a: Garchomp|Garchomp, M|100/100
|-damage|p2a: Garchomp|88/100|[from] Spikes
|move|p1a: Great Tusk|Headlong Rush|p2a: Garchomp
|-damage|p2a: Garchomp|37/100
|-unboost|p1a: Great Tusk|def|1
|-unboost|p1a: Great Tusk|spd|1
|-damage|p1a: Great Tusk|85/100|[from] ability: Rough Skin|[of] p2a: Garchomp
|-damage|p1a: Great Tusk|69/100|[from] item: Rocky Helmet|[of] p2a: Garchomp
|
|upkeep
|turn|10
|
|t:|1757813371
|move|p1a: Great Tusk|Ice Spinner|p2a: Garchomp
|-supereffective|p2a: Garchomp
|-damage|p2a: Garchomp|0 fnt
|-damage|p1a: Great Tusk|56/100|[from] ability: Rough Skin|[of] p2a: Garchomp
|-damage|p1a: Great Tusk|40/100|[from] item: Rocky Helmet|[of] p2a: Garchomp
|faint|p2a: Garchomp
|
|upkeep
|
|t:|1757813378
|switch|p2a: Great Tusk|Great Tusk|100/100
|turn|11
|
|t:|1757813392
|move|p1a: Great Tusk|Rapid Spin|p2a: Great Tusk
|-damage|p2a: Great Tusk|86/100
|-boost|p1a: Great Tusk|spe|1
|-sideend|p1: rebaar|Stealth Rock|[from] move: Rapid Spin|[of] p1a: Great Tusk
|move|p2a: Great Tusk|Headlong Rush|p1a: Great Tusk
|-damage|p1a: Great Tusk|0 fnt
|-unboost|p2a: Great Tusk|def|1
|-unboost|p2a: Great Tusk|spd|1
|faint|p1a: Great Tusk
|-end|p1a: Great Tusk|Protosynthesis|[silent]
|
|upkeep
|
|t:|1757813410
|switch|p1a: Ogerpon|Ogerpon-Wellspring, F|40/100
|turn|12
|
|t:|1757813413
|switch|p1a: Hatterene|Hatterene, F, tera:Water|37/100
|-end|p2a: Great Tusk|Protosynthesis|[silent]
|switch|p2a: Quagsire|Quagsire, F, tera:Poison|75/100
|-damage|p2a: Quagsire|62/100|[from] Spikes
|
|upkeep
|turn|13
|
|t:|1757813426
|move|p2a: Quagsire|Recover|p2a: Quagsire
|-heal|p2a: Quagsire|100/100
|move|p1a: Hatterene|Nuzzle|p2a: Quagsire
|-crit|p2a: Quagsire
|-damage|p2a: Quagsire|96/100
|-status|p2a: Quagsire|par
|-damage|p1a: Hatterene|20/100|[from] item: Rocky Helmet|[of] p2a: Quagsire
|
|upkeep
|turn|14
|
|t:|1757813435
|move|p1a: Hatterene|Psychic Noise|p2a: Quagsire
|-supereffective|p2a: Quagsire
|-crit|p2a: Quagsire
|-damage|p2a: Quagsire|0 fnt
|faint|p2a: Quagsire
|
|upkeep
|
|t:|1757813441
|switch|p2a: Great Tusk|Great Tusk|86/100
|turn|15
|
|t:|1757813446
|switch|p1a: Dragonite|Dragonite, F|70/100 tox
|move|p2a: Great Tusk|Rapid Spin|p1a: Dragonite
|-damage|p1a: Dragonite|50/100 tox
|-boost|p2a: Great Tusk|spe|1
|-sideend|p2: eviolitenumel|Spikes|[from] move: Rapid Spin|[of] p2a: Great Tusk
|
|-damage|p1a: Dragonite|44/100 tox|[from] psn
|upkeep
|turn|16
|
|t:|1757813461
|-end|p2a: Great Tusk|Protosynthesis|[silent]
|switch|p2a: Weezing|Weezing-Galar, M|94/100
|-ability|p2a: Weezing|Neutralizing Gas
|move|p1a: Dragonite|Extreme Speed|p2a: Weezing
|-damage|p2a: Weezing|69/100
|
|-heal|p2a: Weezing|75/100|[from] item: Leftovers
|-damage|p1a: Dragonite|31/100 tox|[from] psn
|upkeep
|turn|17
|
|t:|1757813473
|switch|p1a: Heatran|Heatran, M|100/100
|-end|p2a: Weezing|ability: Neutralizing Gas
|switch|p2a: Great Tusk|Great Tusk|86/100
|
|upkeep
|turn|18
|
|t:|1757813479
|switch|p1a: Hatterene|Hatterene, F, tera:Water|20/100
|move|p2a: Great Tusk|Rapid Spin|p1a: Hatterene
|-damage|p1a: Hatterene|0 fnt
|-boost|p2a: Great Tusk|spe|1
|faint|p1a: Hatterene
|
|upkeep
|
|t:|1757813485
|switch|p1a: Dragonite|Dragonite, F|31/100 tox
|turn|19
|
|t:|1757813491
|move|p1a: Dragonite|Extreme Speed|p2a: Great Tusk
|-damage|p2a: Great Tusk|63/100
|move|p2a: Great Tusk|Knock Off|p1a: Dragonite
|-damage|p1a: Dragonite|0 fnt
|-enditem|p1a: Dragonite|Silk Scarf|[from] move: Knock Off|[of] p2a: Great Tusk
|faint|p1a: Dragonite
|
|upkeep
|inactive|rebaar has 120 seconds left.
|
|t:|1757813530
|switch|p1a: Dragapult|Dragapult, F|100/100
|turn|20
|
|t:|1757813538
|-end|p2a: Great Tusk|Protosynthesis|[silent]
|switch|p2a: Muk|Muk-Alola, M|100/100
|move|p1a: Dragapult|Shadow Ball|p2a: Muk
|-resisted|p2a: Muk
|-damage|p2a: Muk|89/100
|
|upkeep
|turn|21
|inactive|rebaar has 120 seconds left.
|
|t:|1757813566
|switch|p1a: Heatran|Heatran, M|100/100
|move|p2a: Muk|Knock Off|p1a: Heatran
|-damage|p1a: Heatran|73/100
|-enditem|p1a: Heatran|Leftovers|[from] move: Knock Off|[of] p2a: Muk
|
|upkeep
|turn|22
|inactive|rebaar has 120 seconds left.
|
|t:|1757813582
|move|p1a: Heatran|Magma Storm|p2a: Muk
|-damage|p2a: Muk|73/100
|-activate|p2a: Muk|move: Magma Storm|[of] p1a: Heatran
|move|p2a: Muk|Drain Punch|p1a: Heatran
|-supereffective|p1a: Heatran
|-damage|p1a: Heatran|45/100
|-heal|p2a: Muk|86/100|[from] drain|[of] p1a: Heatran
|
|-damage|p2a: Muk|74/100|[from] move: Magma Storm|[partiallytrapped]
|upkeep
|turn|23
|
|t:|1757813602
|move|p1a: Heatran|Earth Power|p2a: Muk
|-supereffective|p2a: Muk
|-damage|p2a: Muk|54/100
|move|p2a: Muk|Drain Punch|p1a: Heatran
|-supereffective|p1a: Heatran
|-damage|p1a: Heatran|18/100
|-heal|p2a: Muk|66/100|[from] drain|[of] p1a: Heatran
|
|-damage|p2a: Muk|54/100|[from] move: Magma Storm|[partiallytrapped]
|upkeep
|turn|24
|
|t:|1757813614
|switch|p1a: Dragapult|Dragapult, F|100/100
|move|p2a: Muk|Drain Punch|p1a: Dragapult
|-immune|p1a: Dragapult
|
|-end|p2a: Muk|Magma Storm|[partiallytrapped]|[silent]
|upkeep
|turn|25
|
|t:|1757813620
|move|p1a: Dragapult|Draco Meteor|p2a: Muk
|-damage|p2a: Muk|21/100
|-unboost|p1a: Dragapult|spa|2
|move|p2a: Muk|Knock Off|p1a: Dragapult
|-supereffective|p1a: Dragapult
|-damage|p1a: Dragapult|17/100
|-enditem|p1a: Dragapult|Choice Specs|[from] move: Knock Off|[of] p2a: Muk
|
|upkeep
|turn|26
|
|t:|1757813637
|switch|p1a: Ogerpon|Ogerpon-Wellspring, F|40/100
|move|p2a: Muk|Knock Off|p1a: Ogerpon
|-damage|p1a: Ogerpon|14/100
|
|upkeep
|turn|27
|
|t:|1757813653
|switch|p2a: Weezing|Weezing-Galar, M|75/100
|-ability|p2a: Weezing|Neutralizing Gas
|move|p1a: Ogerpon|Ivy Cudgel|p2a: Weezing|[anim] Ivy Cudgel Water
|-damage|p2a: Weezing|37/100
|
|-heal|p2a: Weezing|43/100|[from] item: Leftovers
|upkeep
|turn|28
|
|t:|1757813667
|move|p1a: Ogerpon|Ivy Cudgel|p2a: Weezing|[anim] Ivy Cudgel Water
|-damage|p2a: Weezing|3/100
|move|p2a: Weezing|Sludge Bomb|p1a: Ogerpon
|-supereffective|p1a: Ogerpon
|-damage|p1a: Ogerpon|0 fnt
|faint|p1a: Ogerpon
|
|-heal|p2a: Weezing|9/100|[from] item: Leftovers
|upkeep
|
|t:|1757813680
|switch|p1a: Heatran|Heatran, M|18/100
|turn|29
|
|t:|1757813687
|move|p1a: Heatran|Earth Power|p2a: Weezing
|-supereffective|p2a: Weezing
|-damage|p2a: Weezing|0 fnt
|faint|p2a: Weezing
|-end|p2a: Weezing|ability: Neutralizing Gas
|
|upkeep
|
|t:|1757813698
|switch|p2a: Muk|Muk-Alola, M|21/100
|turn|30
|
|t:|1757813709
|move|p1a: Heatran|Earth Power|p2a: Muk
|-supereffective|p2a: Muk
|-damage|p2a: Muk|0 fnt
|faint|p2a: Muk
|
|upkeep
|
|t:|1757813715
|switch|p2a: Great Tusk|Great Tusk|63/100
|turn|31
|
|t:|1757813732
|switch|p1a: Dragapult|Dragapult, F|17/100
|move|p2a: Great Tusk|Rapid Spin|p1a: Dragapult
|-immune|p1a: Dragapult
|
|upkeep
|turn|32
|c|☆eviolitenumel|Ggwp! Semi stall is a stretch tbh this is bulky hazard at worst
|
|t:|1757813739
|move|p1a: Dragapult|Draco Meteor|p2a: Great Tusk|[miss]
|-miss|p1a: Dragapult|p2a: Great Tusk
|move|p2a: Great Tusk|Knock Off|p1a: Dragapult
|-supereffective|p1a: Dragapult
|-damage|p1a: Dragapult|0 fnt
|faint|p1a: Dragapult
|
|upkeep
|c|☆rebaar|ggs
|
|t:|1757813746
|switch|p1a: Heatran|Heatran, M|18/100
|turn|33
|c|☆eviolitenumel|Oh man that sucks sorry
|c|☆eviolitenumel|hax
|c|☆rebaar|yeah just part of the game unfortunately
|
|t:|1757813756
|move|p2a: Great Tusk|Headlong Rush|p1a: Heatran
|-supereffective|p1a: Heatran
|-crit|p1a: Heatran
|-damage|p1a: Heatran|0 fnt
|-unboost|p2a: Great Tusk|def|1
|-unboost|p2a: Great Tusk|spd|1
|faint|p1a: Heatran
|
|win|eviolitenumel
|raw|rebaar's rating: 1340 &rarr; <strong>1319</strong><br />(-21 for losing)
|raw|eviolitenumel's rating: 1328 &rarr; <strong>1349</strong><br />(+21 for winning)
|c|☆eviolitenumel|Gl next, wp
|c|☆rebaar|u2
|c|☆eviolitenumel|you had it for sure
