|j|☆zoro88h
|j|☆Midorinome
|t:|1757940678
|gametype|singles
|player|p1|zoro88h|blackbelt-gen4|1317
|player|p2|Midorinome|102|1324
|gen|9
|tier|[Gen 9] OU
|rated|
|rule|HP Percentage Mod: HP is shown in percentages
|rule|Endless Battle Clause: Forcing endless battles is banned
|rule|Species Clause: Limit one of each Pokémon
|rule|OHKO Clause: OHKO moves are banned
|rule|Evasion Items Clause: Evasion items are banned
|rule|Evasion Moves Clause: Evasion moves are banned
|rule|Evasion Abilities Clause: Evasion abilities are banned
|rule|Sleep Moves Clause: Sleep-inducing moves are banned
|clearpoke
|poke|p1|Gliscor, F|
|poke|p1|Breloom, F|
|poke|p1|Scizor, F|
|poke|p1|Weavile, M|
|poke|p1|Hatterene, F|
|poke|p1|Rotom-Wash|
|poke|p2|Ursaluna, M|
|poke|p2|Salamence, M|
|poke|p2|Umbreon, M|
|poke|p2|Avalugg, M|
|poke|p2|Farigiraf, M|
|poke|p2|Gengar, M|
|teampreview
|c|☆zoro88h|glhf
|inactive|Battle timer is ON: inactive players will automatically lose when time's up. (requested by zoro88h)
|
|t:|1757940701
|teamsize|p1|6
|teamsize|p2|6
|start
|switch|p1a: Rotom|Rotom-Wash|100/100
|switch|p2a: Gengar|Gengar, M|100/100
|turn|1
|
|t:|1757940710
|move|p2a: Gengar|Shadow Ball|p1a: Rotom
|-damage|p1a: Rotom|42/100
|-unboost|p1a: Rotom|spd|1
|move|p1a: Rotom|Volt Switch|p2a: Gengar
|-damage|p2a: Gengar|19/100
|
|t:|1757940717
|switch|p1a: Weavile|Weavile, M|100/100|[from] Volt Switch
|-ability|p1a: Weavile|Pressure
|
|upkeep
|turn|2
|
|t:|1757940724
|switch|p2a: Avalugg|Avalugg, M|100/100
|move|p1a: Weavile|Knock Off|p2a: Avalugg
|-damage|p2a: Avalugg|81/100
|-enditem|p2a: Avalugg|Heavy-Duty Boots|[from] move: Knock Off|[of] p1a: Weavile
|
|upkeep
|turn|3
|
|t:|1757940731
|switch|p1a: Gliscor|Gliscor, F, shiny|100/100
|move|p2a: Avalugg|Body Press|p1a: Gliscor
|-resisted|p1a: Gliscor
|-damage|p1a: Gliscor|89/100
|
|-status|p1a: Gliscor|tox|[from] item: Toxic Orb
|upkeep
|turn|4
|
|t:|1757940739
|move|p1a: Gliscor|Toxic|p2a: Avalugg
|-status|p2a: Avalugg|tox
|move|p2a: Avalugg|Ice Spinner|p1a: Gliscor
|-supereffective|p1a: Gliscor
|-damage|p1a: Gliscor|17/100 tox
|
|-heal|p1a: Gliscor|29/100 tox|[from] ability: Poison Heal
|-damage|p2a: Avalugg|75/100 tox|[from] psn
|upkeep
|turn|5
|
|t:|1757940752
|switch|p1a: Rotom|Rotom-Wash|42/100
|switch|p2a: Gengar|Gengar, M|19/100
|
|upkeep
|turn|6
|
|t:|1757940760
|switch|p1a: Weavile|Weavile, M|100/100
|-ability|p1a: Weavile|Pressure
|move|p2a: Gengar|Shadow Ball|p1a: Weavile
|-resisted|p1a: Weavile
|-damage|p1a: Weavile|71/100
|
|upkeep
|turn|7
|
|t:|1757940771
|switch|p2a: Avalugg|Avalugg, M|75/100 tox
|move|p1a: Weavile|Triple Axel|p2a: Avalugg
|-resisted|p2a: Avalugg
|-damage|p2a: Avalugg|73/100 tox
|-resisted|p2a: Avalugg
|-damage|p2a: Avalugg|69/100 tox
|-hitcount|p2a: Avalugg|2
|
|-damage|p2a: Avalugg|63/100 tox|[from] psn
|upkeep
|turn|8
|
|t:|1757940782
|switch|p1a: Rotom|Rotom-Wash|42/100
|move|p2a: Avalugg|Ice Spinner|p1a: Rotom
|-resisted|p1a: Rotom
|-damage|p1a: Rotom|20/100
|
|-damage|p2a: Avalugg|51/100 tox|[from] psn
|upkeep
|turn|9
|
|t:|1757940790
|switch|p2a: Ellie s Bear|Ursaluna, M|100/100
|move|p1a: Rotom|Hydro Pump|p2a: Ellie s Bear
|-supereffective|p2a: Ellie s Bear
|-damage|p2a: Ellie s Bear|0 fnt
|faint|p2a: Ellie s Bear
|
|upkeep
|
|t:|1757940794
|switch|p2a: Gengar|Gengar, M|19/100
|turn|10
|
|t:|1757940798
|move|p2a: Gengar|Sludge Bomb|p1a: Rotom
|-damage|p1a: Rotom|0 fnt
|faint|p1a: Rotom
|
|upkeep
|
|t:|1757940803
|switch|p1a: Scizor|Scizor, F|100/100
|turn|11
|
|t:|1757940810
|switch|p2a: Salamence|Salamence, M|100/100
|-ability|p2a: Salamence|Intimidate|boost
|-unboost|p1a: Scizor|atk|1
|move|p1a: Scizor|Swords Dance|p1a: Scizor
|-boost|p1a: Scizor|atk|2
|
|upkeep
|turn|12
|
|t:|1757940817
|switch|p1a: Gliscor|Gliscor, F, shiny|29/100 tox
|move|p2a: Salamence|Fire Blast|p1a: Gliscor
|-damage|p1a: Gliscor|0 fnt
|faint|p1a: Gliscor
|
|upkeep
|
|t:|1757940825
|switch|p1a: Weavile|Weavile, M|71/100
|-ability|p1a: Weavile|Pressure
|turn|13
|
|t:|1757940829
|switch|p1a: Scizor|Scizor, F|100/100
|switch|p2a: Avalugg|Avalugg, M|51/100 tox
|
|-damage|p2a: Avalugg|45/100 tox|[from] psn
|upkeep
|turn|14
|
|t:|1757940851
|switch|p2a: Salamence|Salamence, M|100/100
|-ability|p2a: Salamence|Intimidate|boost
|-unboost|p1a: Scizor|atk|1
|move|p1a: Scizor|Bullet Punch|p2a: Salamence
|-damage|p2a: Salamence|68/100
|
|upkeep
|turn|15
|
|t:|1757940859
|switch|p1a: Hatterene|Hatterene, F|100/100
|move|p2a: Salamence|Air Slash|p1a: Hatterene
|-damage|p1a: Hatterene|62/100
|
|-heal|p1a: Hatterene|67/100|[from] item: Leftovers
|upkeep
|turn|16
|
|t:|1757940866
|switch|p2a: Farigiraf|Farigiraf, M|100/100
|move|p1a: Hatterene|Calm Mind|p1a: Hatterene
|-boost|p1a: Hatterene|spa|1
|-boost|p1a: Hatterene|spd|1
|
|-heal|p1a: Hatterene|73/100|[from] item: Leftovers
|upkeep
|turn|17
|
|t:|1757940873
|move|p2a: Farigiraf|Shadow Ball|p1a: Hatterene
|-supereffective|p1a: Hatterene
|-damage|p1a: Hatterene|36/100
|-unboost|p1a: Hatterene|spd|1
|move|p1a: Hatterene|Calm Mind|p1a: Hatterene
|-boost|p1a: Hatterene|spa|1
|-boost|p1a: Hatterene|spd|1
|
|-heal|p1a: Hatterene|42/100|[from] item: Leftovers
|upkeep
|turn|18
|
|t:|1757940889
|move|p2a: Farigiraf|Endeavor|p1a: Hatterene
|-immune|p1a: Hatterene
|move|p1a: Hatterene|Draining Kiss|p2a: Farigiraf
|-damage|p2a: Farigiraf|39/100
|-heal|p1a: Hatterene|100/100|[from] drain|[of] p2a: Farigiraf
|
|upkeep
|turn|19
|c|☆Midorinome|U kiding
|c|☆Midorinome|same speed?
|
|t:|1757940915
|move|p2a: Farigiraf|Endeavor|p1a: Hatterene
|-damage|p1a: Hatterene|54/100
|move|p1a: Hatterene|Draining Kiss|p2a: Farigiraf
|-damage|p2a: Farigiraf|0 fnt
|-heal|p1a: Hatterene|95/100|[from] drain|[of] p2a: Farigiraf
|faint|p2a: Farigiraf
|
|-heal|p1a: Hatterene|100/100|[from] item: Leftovers
|upkeep
|c|☆zoro88h|i think im slower
|
|t:|1757940920
|switch|p2a: Gengar|Gengar, M|19/100
|turn|20
|
|t:|1757940933
|switch|p1a: Scizor|Scizor, F|100/100
|move|p2a: Gengar|Trick|p1a: Scizor
|-activate|p2a: Gengar|move: Trick|[of] p1a: Scizor
|-item|p1a: Scizor|Choice Scarf|[from] move: Trick
|-item|p2a: Gengar|Metal Coat|[from] move: Trick
|
|upkeep
|turn|21
|
|t:|1757940943
|switch|p2a: Salamence|Salamence, M|68/100
|-ability|p2a: Salamence|Intimidate|boost
|-unboost|p1a: Scizor|atk|1
|move|p1a: Scizor|Bullet Punch|p2a: Salamence
|-damage|p2a: Salamence|44/100
|
|upkeep
|turn|22
|
|t:|1757940949
|switch|p2a: Gengar|Gengar, M|19/100
|move|p1a: Scizor|Bullet Punch|p2a: Gengar
|-damage|p2a: Gengar|0 fnt
|-start|p1a: Scizor|Disable|Bullet Punch|[from] ability: Cursed Body|[of] p2a: Gengar
|faint|p2a: Gengar
|
|upkeep
|
|t:|1757940968
|switch|p2a: Lightie|Umbreon, M, shiny|100/100
|turn|23
|
|t:|1757940971
|switch|p1a: Hatterene|Hatterene, F|100/100
|move|p2a: Lightie|Calm Mind|p2a: Lightie
|-boost|p2a: Lightie|spa|1
|-boost|p2a: Lightie|spd|1
|
|upkeep
|turn|24
|
|t:|1757940976
|move|p2a: Lightie|Calm Mind|p2a: Lightie
|-boost|p2a: Lightie|spa|1
|-boost|p2a: Lightie|spd|1
|move|p1a: Hatterene|Calm Mind|p1a: Hatterene
|-boost|p1a: Hatterene|spa|1
|-boost|p1a: Hatterene|spd|1
|
|upkeep
|turn|25
|
|t:|1757940982
|move|p2a: Lightie|Calm Mind|p2a: Lightie
|-boost|p2a: Lightie|spa|1
|-boost|p2a: Lightie|spd|1
|move|p1a: Hatterene|Calm Mind|p1a: Hatterene
|-boost|p1a: Hatterene|spa|1
|-boost|p1a: Hatterene|spd|1
|
|upkeep
|turn|26
|
|t:|1757940987
|move|p2a: Lightie|Calm Mind|p2a: Lightie
|-boost|p2a: Lightie|spa|1
|-boost|p2a: Lightie|spd|1
|move|p1a: Hatterene|Calm Mind|p1a: Hatterene
|-boost|p1a: Hatterene|spa|1
|-boost|p1a: Hatterene|spd|1
|
|upkeep
|turn|27
|
|t:|1757940993
|move|p2a: Lightie|Calm Mind|p2a: Lightie
|-boost|p2a: Lightie|spa|1
|-boost|p2a: Lightie|spd|1
|move|p1a: Hatterene|Calm Mind|p1a: Hatterene
|-boost|p1a: Hatterene|spa|1
|-boost|p1a: Hatterene|spd|1
|
|upkeep
|turn|28
|
|t:|1757940998
|move|p2a: Lightie|Calm Mind|p2a: Lightie
|-boost|p2a: Lightie|spa|1
|-boost|p2a: Lightie|spd|1
|move|p1a: Hatterene|Draining Kiss|p2a: Lightie
|-supereffective|p2a: Lightie
|-damage|p2a: Lightie|72/100
|
|upkeep
|turn|29
|
|t:|1757941012
|-terastallize|p2a: Lightie|Fairy
|move|p2a: Lightie|Tera Blast|p1a: Hatterene|[anim] Tera Blast Fairy
|-damage|p1a: Hatterene|72/100
|move|p1a: Hatterene|Calm Mind|p1a: Hatterene
|-boost|p1a: Hatterene|spa|1
|-boost|p1a: Hatterene|spd|1
|
|-heal|p1a: Hatterene|78/100|[from] item: Leftovers
|upkeep
|turn|30
|
|t:|1757941020
|move|p2a: Lightie|Dark Pulse|p1a: Hatterene
|-damage|p1a: Hatterene|51/100
|move|p1a: Hatterene|Calm Mind|p1a: Hatterene
|-boost|p1a: Hatterene|spa|1
|-boost|p1a: Hatterene|spd|1
|
|-heal|p1a: Hatterene|57/100|[from] item: Leftovers
|upkeep
|turn|31
|
|t:|1757941028
|move|p2a: Lightie|Dark Pulse|p1a: Hatterene
|-damage|p1a: Hatterene|36/100
|move|p1a: Hatterene|Draining Kiss|p2a: Lightie
|-damage|p2a: Lightie|54/100
|-heal|p1a: Hatterene|53/100|[from] drain|[of] p2a: Lightie
|
|-heal|p1a: Hatterene|59/100|[from] item: Leftovers
|upkeep
|turn|32
|
|t:|1757941036
|move|p2a: Lightie|Dark Pulse|p1a: Hatterene
|-damage|p1a: Hatterene|36/100
|cant|p1a: Hatterene|flinch
|
|-heal|p1a: Hatterene|42/100|[from] item: Leftovers
|upkeep
|turn|33
|
|t:|1757941043
|move|p2a: Lightie|Dark Pulse|p1a: Hatterene
|-damage|p1a: Hatterene|21/100
|move|p1a: Hatterene|Draining Kiss|p2a: Lightie
|-damage|p2a: Lightie|34/100
|-heal|p1a: Hatterene|38/100|[from] drain|[of] p2a: Lightie
|
|-heal|p1a: Hatterene|44/100|[from] item: Leftovers
|upkeep
|turn|34
|
|t:|1757941051
|move|p2a: Lightie|Dark Pulse|p1a: Hatterene
|-damage|p1a: Hatterene|21/100
|cant|p1a: Hatterene|flinch
|
|-heal|p1a: Hatterene|27/100|[from] item: Leftovers
|upkeep
|turn|35
|
|t:|1757941075
|move|p2a: Lightie|Moonlight|p2a: Lightie
|-heal|p2a: Lightie|84/100
|move|p1a: Hatterene|Draining Kiss|p2a: Lightie
|-damage|p2a: Lightie|63/100
|-heal|p1a: Hatterene|45/100|[from] drain|[of] p2a: Lightie
|
|-heal|p1a: Hatterene|51/100|[from] item: Leftovers
|upkeep
|turn|36
|
|t:|1757941084
|move|p2a: Lightie|Dark Pulse|p1a: Hatterene
|-damage|p1a: Hatterene|31/100
|move|p1a: Hatterene|Mystical Fire|p2a: Lightie
|-damage|p2a: Lightie|45/100
|
|-heal|p1a: Hatterene|37/100|[from] item: Leftovers
|upkeep
|turn|37
|
|t:|1757941092
|move|p2a: Lightie|Dark Pulse|p1a: Hatterene
|-crit|p1a: Hatterene
|-damage|p1a: Hatterene|0 fnt
|faint|p1a: Hatterene
|
|upkeep
|
|t:|1757941098
|switch|p1a: Scizor|Scizor, F|100/100
|turn|38
|
|t:|1757941104
|switch|p2a: Salamence|Salamence, M|44/100
|-ability|p2a: Salamence|Intimidate|boost
|-unboost|p1a: Scizor|atk|1
|move|p1a: Scizor|Bullet Punch|p2a: Salamence
|-damage|p2a: Salamence|15/100
|
|upkeep
|turn|39
|
|t:|1757941110
|move|p1a: Scizor|Bullet Punch|p2a: Salamence
|-damage|p2a: Salamence|0 fnt
|faint|p2a: Salamence
|
|upkeep
|
|t:|1757941112
|switch|p2a: Avalugg|Avalugg, M|45/100 tox
|turn|40
|
|t:|1757941117
|move|p1a: Scizor|Bullet Punch|p2a: Avalugg
|-supereffective|p2a: Avalugg
|-damage|p2a: Avalugg|27/100 tox
|move|p2a: Avalugg|Recover|p2a: Avalugg
|-heal|p2a: Avalugg|77/100 tox
|
|-damage|p2a: Avalugg|71/100 tox|[from] psn
|upkeep
|turn|41
|
|t:|1757941124
|switch|p1a: Weavile|Weavile, M|71/100
|-ability|p1a: Weavile|Pressure
|move|p2a: Avalugg|Body Press|p1a: Weavile
|-supereffective|p1a: Weavile
|-damage|p1a: Weavile|0 fnt
|faint|p1a: Weavile
|
|-damage|p2a: Avalugg|58/100 tox|[from] psn
|upkeep
|
|t:|1757941135
|switch|p1a: Breloom|Breloom, F|100/100
|turn|42
|
|t:|1757941141
|-terastallize|p1a: Breloom|Steel
|move|p1a: Breloom|Swords Dance|p1a: Breloom
|-boost|p1a: Breloom|atk|2
|move|p2a: Avalugg|Ice Spinner|p1a: Breloom
|-resisted|p1a: Breloom
|-damage|p1a: Breloom|76/100
|
|-damage|p2a: Avalugg|40/100 tox|[from] psn
|upkeep
|turn|43
|c|☆Midorinome|Gg
|
|t:|1757941150
|move|p1a: Breloom|Mach Punch|p2a: Avalugg
|-supereffective|p2a: Avalugg
|-damage|p2a: Avalugg|0 fnt
|faint|p2a: Avalugg
|
|upkeep
|
|t:|1757941155
|switch|p2a: Lightie|Umbreon, M, shiny, tera:Fairy|45/100
|turn|44
|c|☆zoro88h|gg
|
|t:|1757941159
|move|p1a: Breloom|Bullet Seed|p2a: Lightie
|-damage|p2a: Lightie|16/100
|-crit|p2a: Lightie
|-damage|p2a: Lightie|0 fnt
|faint|p2a: Lightie
|-hitcount|p2: Lightie|2
|
|win|zoro88h
|raw|zoro88h's rating: 1317 &rarr; <strong>1337</strong><br />(+20 for winning)
|raw|Midorinome's rating: 1324 &rarr; <strong>1304</strong><br />(-20 for losing)
|l|☆Midorinome
|player|p2|
|l|☆zoro88h
|player|p1|
