|j|☆Gabking5458
|j|☆Dgnerado
|t:|1757825214
|gametype|singles
|player|p1|Gabking5458|101|1151
|player|p2|Dgnerado|265|1158
|gen|9
|tier|[Gen 9] OU
|rated|
|rule|HP Percentage Mod: HP is shown in percentages
|rule|Endless Battle Clause: Forcing endless battles is banned
|rule|Species Clause: Limit one of each Pokémon
|rule|OHKO Clause: OHKO moves are banned
|rule|Evasion Items Clause: Evasion items are banned
|rule|Evasion Moves Clause: Evasion moves are banned
|rule|Evasion Abilities Clause: Evasion abilities are banned
|rule|Sleep Moves Clause: Sleep-inducing moves are banned
|clearpoke
|poke|p1|Darkrai|
|poke|p1|Landorus-Therian, M|
|poke|p1|Rotom-Wash|
|poke|p1|Rillaboom, M|
|poke|p1|Heatran, F|
|poke|p1|Iron Valiant|
|poke|p2|Metagross|
|poke|p2|Gholdengo|
|poke|p2|Great Tusk|
|poke|p2|Dragapult, F|
|poke|p2|Volcanion|
|poke|p2|Whimsicott, F|
|teampreview
|inactive|Battle timer is ON: inactive players will automatically lose when time's up. (requested by Gabking5458)
|
|t:|1757825225
|teamsize|p1|6
|teamsize|p2|6
|start
|switch|p1a: Landorus|Landorus-Therian, M|100/100
|switch|p2a: Whimsicott|Whimsicott, F|100/100
|-ability|p1a: Landorus|Intimidate|boost
|-unboost|p2a: Whimsicott|atk|1
|turn|1
|
|t:|1757825234
|move|p2a: Whimsicott|Leech Seed|p1a: Landorus|[miss]
|-miss|p2a: Whimsicott|p1a: Landorus
|move|p1a: Landorus|Stealth Rock|p2a: Whimsicott
|-sidestart|p2: Dgnerado|move: Stealth Rock
|
|upkeep
|turn|2
|
|t:|1757825239
|switch|p1a: Heatran|Heatran, F|100/100
|-item|p1a: Heatran|Air Balloon
|move|p2a: Whimsicott|Leech Seed|p1a: Heatran
|-start|p1a: Heatran|move: Leech Seed
|
|-damage|p1a: Heatran|88/100|[from] Leech Seed|[of] p2a: Whimsicott
|upkeep
|turn|3
|
|t:|1757825253
|switch|p2a: Volcanion|Volcanion|100/100
|move|p1a: Heatran|Taunt|p2a: Volcanion
|-start|p2a: Volcanion|move: Taunt
|
|-damage|p1a: Heatran|76/100|[from] Leech Seed|[of] p2a: Volcanion
|upkeep
|turn|4
|
|t:|1757825269
|switch|p1a: Rotom|Rotom-Wash|100/100
|move|p2a: Volcanion|Steam Eruption|p1a: Rotom
|-resisted|p1a: Rotom
|-damage|p1a: Rotom|75/100
|
|-heal|p1a: Rotom|81/100|[from] item: Leftovers
|upkeep
|turn|5
|
|t:|1757825282
|switch|p2a: Whimsicott|Whimsicott, F|100/100
|-damage|p2a: Whimsicott|88/100|[from] Stealth Rock
|move|p1a: Rotom|Volt Switch|p2a: Whimsicott
|-resisted|p2a: Whimsicott
|-damage|p2a: Whimsicott|71/100
|
|t:|1757825288
|switch|p1a: Darkrai|Darkrai|100/100|[from] Volt Switch
|
|-heal|p2a: Whimsicott|78/100|[from] item: Leftovers
|upkeep
|turn|6
|
|t:|1757825295
|move|p2a: Whimsicott|Protect|p2a: Whimsicott
|-singleturn|p2a: Whimsicott|Protect
|move|p1a: Darkrai|Sludge Bomb|p2a: Whimsicott
|-activate|p2a: Whimsicott|move: Protect
|
|-heal|p2a: Whimsicott|84/100|[from] item: Leftovers
|upkeep
|turn|7
|
|t:|1757825304
|switch|p1a: Heatran|Heatran, F|76/100
|-item|p1a: Heatran|Air Balloon
|switch|p2a: Metagross|Metagross|100/100
|-damage|p2a: Metagross|94/100|[from] Stealth Rock
|
|upkeep
|turn|8
|
|t:|1757825316
|switch|p2a: Volcanion|Volcanion|100/100
|move|p1a: Heatran|Magma Storm|p2a: Volcanion
|-resisted|p2a: Volcanion
|-damage|p2a: Volcanion|90/100
|-activate|p2a: Volcanion|move: Magma Storm|[of] p1a: Heatran
|
|-damage|p2a: Volcanion|78/100|[from] move: Magma Storm|[partiallytrapped]
|upkeep
|turn|9
|
|t:|1757825325
|move|p1a: Heatran|Earth Power|p2a: Volcanion
|-supereffective|p2a: Volcanion
|-damage|p2a: Volcanion|25/100
|move|p2a: Volcanion|Steam Eruption|p1a: Heatran
|-supereffective|p1a: Heatran
|-damage|p1a: Heatran|0 fnt
|-enditem|p1a: Heatran|Air Balloon
|faint|p1a: Heatran
|
|-end|p2a: Volcanion|Magma Storm|[partiallytrapped]|[silent]
|upkeep
|
|t:|1757825335
|switch|p1a: Darkrai|Darkrai|100/100
|turn|10
|
|t:|1757825345
|move|p1a: Darkrai|Dark Pulse|p2a: Volcanion
|-damage|p2a: Volcanion|0 fnt
|faint|p2a: Volcanion
|
|upkeep
|inactive|Dgnerado has 120 seconds left.
|
|t:|1757825376
|switch|p2a: Dragapult|Dragapult, F|100/100
|-damage|p2a: Dragapult|88/100|[from] Stealth Rock
|turn|11
|
|t:|1757825390
|move|p2a: Dragapult|U-turn|p1a: Darkrai
|-supereffective|p1a: Darkrai
|-damage|p1a: Darkrai|52/100
|
|t:|1757825405
|switch|p2a: Great Tusk|Great Tusk|100/100|[from] U-turn
|-damage|p2a: Great Tusk|98/100|[from] Stealth Rock
|-enditem|p2a: Great Tusk|Booster Energy
|-activate|p2a: Great Tusk|ability: Protosynthesis|[fromitem]
|-start|p2a: Great Tusk|protosynthesisatk
|move|p1a: Darkrai|Dark Pulse|p2a: Great Tusk
|-resisted|p2a: Great Tusk
|-damage|p2a: Great Tusk|47/100
|
|upkeep
|turn|12
|inactive|Dgnerado has 120 seconds left.
|
|t:|1757825421
|-terastallize|p1a: Darkrai|Dark
|move|p1a: Darkrai|Dark Pulse|p2a: Great Tusk
|-resisted|p2a: Great Tusk
|-damage|p2a: Great Tusk|0 fnt
|faint|p2a: Great Tusk
|-end|p2a: Great Tusk|Protosynthesis|[silent]
|
|upkeep
|inactive|Dgnerado has 120 seconds left.
|
|t:|1757825436
|switch|p2a: Dragapult|Dragapult, F|88/100
|-damage|p2a: Dragapult|76/100|[from] Stealth Rock
|turn|13
|
|t:|1757825442
|switch|p1a: Rotom|Rotom-Wash|81/100
|move|p2a: Dragapult|Draco Meteor|p1a: Rotom
|-damage|p1a: Rotom|19/100
|-unboost|p2a: Dragapult|spa|2
|
|-heal|p1a: Rotom|25/100|[from] item: Leftovers
|upkeep
|turn|14
|inactive|Dgnerado has 120 seconds left.
|
|t:|1757825451
|move|p2a: Dragapult|Draco Meteor|p1a: Rotom
|-damage|p1a: Rotom|0 fnt
|-unboost|p2a: Dragapult|spa|2
|faint|p1a: Rotom
|
|upkeep
|
|t:|1757825459
|switch|p1a: Iron Valiant|Iron Valiant|100/100
|-enditem|p1a: Iron Valiant|Booster Energy
|-activate|p1a: Iron Valiant|ability: Quark Drive|[fromitem]
|-start|p1a: Iron Valiant|quarkdrivespe
|turn|15
|
|t:|1757825467
|switch|p2a: Metagross|Metagross|94/100
|-damage|p2a: Metagross|88/100|[from] Stealth Rock
|move|p1a: Iron Valiant|Spirit Break|p2a: Metagross
|-resisted|p2a: Metagross
|-damage|p2a: Metagross|73/100
|
|upkeep
|turn|16
|
|t:|1757825480
|move|p1a: Iron Valiant|Shadow Sneak|p2a: Metagross
|-supereffective|p2a: Metagross
|-damage|p2a: Metagross|52/100
|-enditem|p2a: Metagross|Weakness Policy
|-boost|p2a: Metagross|atk|2|[from] item: Weakness Policy
|-boost|p2a: Metagross|spa|2|[from] item: Weakness Policy
|move|p2a: Metagross|Psychic Fangs|p1a: Iron Valiant
|-supereffective|p1a: Iron Valiant
|-crit|p1a: Iron Valiant
|-damage|p1a: Iron Valiant|0 fnt
|faint|p1a: Iron Valiant
|-end|p1a: Iron Valiant|Quark Drive|[silent]
|
|upkeep
|
|t:|1757825490
|switch|p1a: Darkrai|Darkrai, tera:Dark|52/100
|turn|17
|
|t:|1757825496
|move|p2a: Metagross|Bullet Punch|p1a: Darkrai
|-damage|p1a: Darkrai|0 fnt
|faint|p1a: Darkrai
|
|upkeep
|
|t:|1757825500
|switch|p1a: Landorus|Landorus-Therian, M|100/100
|-ability|p1a: Landorus|Intimidate|boost
|-fail|p2a: Metagross|unboost|[from] ability: Clear Body|[of] p2a: Metagross
|turn|18
|
|t:|1757825507
|move|p1a: Landorus|Earthquake|p2a: Metagross
|-supereffective|p2a: Metagross
|-damage|p2a: Metagross|0 fnt
|faint|p2a: Metagross
|
|upkeep
|
|t:|1757825516
|switch|p2a: Whimsicott|Whimsicott, F|84/100
|-damage|p2a: Whimsicott|71/100|[from] Stealth Rock
|turn|19
|
|t:|1757825521
|move|p2a: Whimsicott|Leech Seed|p1a: Landorus
|-start|p1a: Landorus|move: Leech Seed
|move|p1a: Landorus|U-turn|p2a: Whimsicott
|-damage|p2a: Whimsicott|46/100
|
|t:|1757825525
|switch|p1a: Rillaboom|Rillaboom, M|100/100|[from] U-turn
|-fieldstart|move: Grassy Terrain|[from] ability: Grassy Surge|[of] p1a: Rillaboom
|
|-heal|p2a: Whimsicott|53/100|[from] Grassy Terrain
|-heal|p2a: Whimsicott|59/100|[from] item: Leftovers
|upkeep
|turn|20
|
|t:|1757825535
|move|p2a: Whimsicott|Leech Seed|p1a: Rillaboom
|-immune|p1a: Rillaboom
|move|p1a: Rillaboom|Knock Off|p2a: Whimsicott
|-resisted|p2a: Whimsicott
|-damage|p2a: Whimsicott|35/100
|-enditem|p2a: Whimsicott|Leftovers|[from] move: Knock Off|[of] p1a: Rillaboom
|
|-heal|p2a: Whimsicott|42/100|[from] Grassy Terrain
|upkeep
|turn|21
|
|t:|1757825545
|move|p2a: Whimsicott|Protect|p2a: Whimsicott
|-singleturn|p2a: Whimsicott|Protect
|move|p1a: Rillaboom|U-turn|p2a: Whimsicott
|-activate|p2a: Whimsicott|move: Protect
|
|-heal|p2a: Whimsicott|48/100|[from] Grassy Terrain
|upkeep
|turn|22
|
|t:|1757825555
|move|p2a: Whimsicott|Substitute|p2a: Whimsicott
|-start|p2a: Whimsicott|Substitute
|-damage|p2a: Whimsicott|23/100
|move|p1a: Rillaboom|U-turn|p2a: Whimsicott
|-end|p2a: Whimsicott|Substitute
|
|t:|1757825560
|switch|p1a: Landorus|Landorus-Therian, M|100/100|[from] U-turn
|-ability|p1a: Landorus|Intimidate|boost
|-unboost|p2a: Whimsicott|atk|1
|
|-heal|p2a: Whimsicott|29/100|[from] Grassy Terrain
|upkeep
|turn|23
|
|t:|1757825568
|move|p2a: Whimsicott|Protect|p2a: Whimsicott
|-singleturn|p2a: Whimsicott|Protect
|move|p1a: Landorus|U-turn|p2a: Whimsicott
|-activate|p2a: Whimsicott|move: Protect
|
|-heal|p2a: Whimsicott|35/100|[from] Grassy Terrain
|-fieldend|move: Grassy Terrain
|upkeep
|turn|24
|
|t:|1757825584
|switch|p2a: Dragapult|Dragapult, F|76/100
|-damage|p2a: Dragapult|64/100|[from] Stealth Rock
|move|p1a: Landorus|U-turn|p2a: Dragapult
|-resisted|p2a: Dragapult
|-damage|p2a: Dragapult|48/100
|
|t:|1757825590
|switch|p1a: Rillaboom|Rillaboom, M|100/100|[from] U-turn
|-fieldstart|move: Grassy Terrain|[from] ability: Grassy Surge|[of] p1a: Rillaboom
|
|-heal|p2a: Dragapult|54/100|[from] Grassy Terrain
|upkeep
|turn|25
|
|t:|1757825598
|move|p2a: Dragapult|Flamethrower|p1a: Rillaboom
|-supereffective|p1a: Rillaboom
|-damage|p1a: Rillaboom|42/100
|move|p1a: Rillaboom|Knock Off|p2a: Dragapult
|-supereffective|p2a: Dragapult
|-damage|p2a: Dragapult|0 fnt
|-enditem|p2a: Dragapult|Choice Specs|[from] move: Knock Off|[of] p1a: Rillaboom
|faint|p2a: Dragapult
|
|-heal|p1a: Rillaboom|48/100|[from] Grassy Terrain
|upkeep
|
|t:|1757825604
|switch|p2a: Gholdengo|Gholdengo|100/100
|-damage|p2a: Gholdengo|94/100|[from] Stealth Rock
|turn|26
|
|t:|1757825623
|move|p2a: Gholdengo|Make It Rain|p1a: Rillaboom
|-damage|p1a: Rillaboom|0 fnt
|-unboost|p2a: Gholdengo|spa|1
|faint|p1a: Rillaboom
|
|-heal|p2a: Gholdengo|100/100|[from] Grassy Terrain
|upkeep
|
|t:|1757825630
|switch|p1a: Landorus|Landorus-Therian, M|100/100
|-ability|p1a: Landorus|Intimidate|boost
|-unboost|p2a: Gholdengo|atk|1
|turn|27
|
|t:|1757825635
|move|p2a: Gholdengo|Make It Rain|p1a: Landorus
|-damage|p1a: Landorus|59/100
|-unboost|p2a: Gholdengo|spa|1
|move|p1a: Landorus|Earthquake|p2a: Gholdengo
|-supereffective|p2a: Gholdengo
|-damage|p2a: Gholdengo|45/100
|
|-heal|p2a: Gholdengo|51/100|[from] Grassy Terrain
|upkeep
|turn|28
|
|t:|1757825644
|move|p2a: Gholdengo|Make It Rain|p1a: Landorus
|-damage|p1a: Landorus|22/100
|-unboost|p2a: Gholdengo|spa|1
|move|p1a: Landorus|Earthquake|p2a: Gholdengo
|-supereffective|p2a: Gholdengo
|-damage|p2a: Gholdengo|0 fnt
|faint|p2a: Gholdengo
|
|-fieldend|move: Grassy Terrain
|upkeep
|
|t:|1757825648
|switch|p2a: Whimsicott|Whimsicott, F|35/100
|-damage|p2a: Whimsicott|23/100|[from] Stealth Rock
|turn|29
|
|t:|1757825663
|move|p2a: Whimsicott|Protect|p2a: Whimsicott
|-singleturn|p2a: Whimsicott|Protect
|move|p1a: Landorus|U-turn|p2a: Whimsicott
|-activate|p2a: Whimsicott|move: Protect
|
|upkeep
|turn|30
|
|t:|1757825671
|move|p2a: Whimsicott|Moonblast|p1a: Landorus
|-damage|p1a: Landorus|0 fnt
|faint|p1a: Landorus
|
|win|Dgnerado
|raw|Gabking5458's rating: 1151 &rarr; <strong>1127</strong><br />(-24 for losing)
|raw|Dgnerado's rating: 1158 &rarr; <strong>1182</strong><br />(+24 for winning)
|l|☆Gabking5458
|player|p1|
|l|☆Dgnerado
|player|p2|
