|j|☆iguana_droga
|j|☆Lazzypotato4
|t:|1757960982
|gametype|singles
|player|p1|iguana_droga|170|1199
|player|p2|Lazzypotato4|swimmerf-gen4|1137
|gen|9
|tier|[Gen 9] OU
|rated|
|rule|HP Percentage Mod: HP is shown in percentages
|rule|Endless Battle Clause: Forcing endless battles is banned
|rule|Species Clause: Limit one of each Pokémon
|rule|OHKO Clause: OHKO moves are banned
|rule|Evasion Items Clause: Evasion items are banned
|rule|Evasion Moves Clause: Evasion moves are banned
|rule|Evasion Abilities Clause: Evasion abilities are banned
|rule|Sleep Moves Clause: Sleep-inducing moves are banned
|clearpoke
|poke|p1|Great Tusk|
|poke|p1|Bisharp, M|
|poke|p1|Pelipper, F|
|poke|p1|Crawdaunt, M|
|poke|p1|Rotom-Wash|
|poke|p1|Ribombee, F|
|poke|p2|Ting-Lu|
|poke|p2|Corviknight, M|
|poke|p2|Heatran, F|
|poke|p2|Great Tusk|
|poke|p2|Walking Wake|
|poke|p2|Kingambit, F|
|teampreview
|
|t:|1757960994
|teamsize|p1|6
|teamsize|p2|6
|start
|switch|p1a: Ribombee|Ribombee, F|100/100
|switch|p2a: Heatran|Heatran, F|100/100
|-item|p2a: Heatran|Air Balloon
|turn|1
|
|t:|1757961002
|move|p1a: Ribombee|Sticky Web|p2a: Heatran
|-sidestart|p2: Lazzypotato4|move: Sticky Web
|move|p2a: Heatran|Magma Storm|p1a: Ribombee
|-supereffective|p1a: Ribombee
|-enditem|p1a: Ribombee|Focus Sash
|-damage|p1a: Ribombee|1/100
|-activate|p1a: Ribombee|move: Magma Storm|[of] p2a: Heatran
|
|-damage|p1a: Ribombee|0 fnt|[from] move: Magma Storm|[partiallytrapped]
|faint|p1a: Ribombee
|upkeep
|
|t:|1757961012
|switch|p1a: Crawdaunt|Crawdaunt, M|100/100
|turn|2
|
|t:|1757961018
|move|p1a: Crawdaunt|Dragon Dance|p1a: Crawdaunt
|-boost|p1a: Crawdaunt|atk|1
|-boost|p1a: Crawdaunt|spe|1
|move|p2a: Heatran|Magma Storm|p1a: Crawdaunt
|-resisted|p1a: Crawdaunt
|-damage|p1a: Crawdaunt|42/100
|-activate|p1a: Crawdaunt|move: Magma Storm|[of] p2a: Heatran
|
|-damage|p1a: Crawdaunt|30/100|[from] move: Magma Storm|[partiallytrapped]
|upkeep
|turn|3
|
|t:|1757961030
|move|p1a: Crawdaunt|Waterfall|p2a: Heatran
|-supereffective|p2a: Heatran
|-damage|p2a: Heatran|0 fnt
|-enditem|p2a: Heatran|Air Balloon
|faint|p2a: Heatran
|
|-end|p1a: Crawdaunt|Magma Storm|[partiallytrapped]|[silent]
|upkeep
|
|t:|1757961035
|switch|p2a: Walking Wake|Walking Wake|100/100
|-activate|p2a: Walking Wake|move: Sticky Web
|-unboost|p2a: Walking Wake|spe|1
|turn|4
|
|t:|1757961040
|move|p1a: Crawdaunt|Knock Off|p2a: Walking Wake
|-damage|p2a: Walking Wake|0 fnt
|-enditem|p2a: Walking Wake|Choice Specs|[from] move: Knock Off|[of] p1a: Crawdaunt
|faint|p2a: Walking Wake
|-end|p2a: Walking Wake|Protosynthesis|[silent]
|
|upkeep
|
|t:|1757961044
|switch|p2a: Corviknight|Corviknight, M|100/100
|-ability|p2a: Corviknight|Pressure
|turn|5
|
|t:|1757961051
|move|p1a: Crawdaunt|Waterfall|p2a: Corviknight
|-damage|p2a: Corviknight|49/100
|-damage|p1a: Crawdaunt|13/100|[from] item: Rocky Helmet|[of] p2a: Corviknight
|move|p2a: Corviknight|Brave Bird|p1a: Crawdaunt
|-damage|p1a: Crawdaunt|0 fnt
|faint|p1a: Crawdaunt
|-damage|p2a: Corviknight|47/100|[from] Recoil
|
|upkeep
|
|t:|1757961062
|switch|p1a: Rotom|Rotom-Wash|100/100
|turn|6
|
|t:|1757961066
|move|p1a: Rotom|Hydro Pump|p2a: Corviknight
|-damage|p2a: Corviknight|0 fnt
|faint|p2a: Corviknight
|
|upkeep
|
|t:|1757961073
|switch|p2a: Ting-Lu|Ting-Lu|100/100
|-activate|p2a: Ting-Lu|move: Sticky Web
|-unboost|p2a: Ting-Lu|spe|1
|-ability|p2a: Ting-Lu|Vessel of Ruin
|turn|7
|
|t:|1757961079
|move|p1a: Rotom|Hydro Pump|p2a: Ting-Lu
|-supereffective|p2a: Ting-Lu
|-damage|p2a: Ting-Lu|37/100
|move|p2a: Ting-Lu|Ruination|p1a: Rotom
|-damage|p1a: Rotom|51/100
|
|-heal|p2a: Ting-Lu|43/100|[from] item: Leftovers
|upkeep
|turn|8
|
|t:|1757961089
|switch|p1a: Great Tusk|Great Tusk|100/100
|move|p2a: Ting-Lu|Earthquake|p1a: Great Tusk
|-damage|p1a: Great Tusk|71/100
|
|-heal|p2a: Ting-Lu|50/100|[from] item: Leftovers
|upkeep
|turn|9
|
|t:|1757961100
|move|p1a: Great Tusk|Close Combat|p2a: Ting-Lu
|-supereffective|p2a: Ting-Lu
|-damage|p2a: Ting-Lu|0 fnt
|-unboost|p1a: Great Tusk|def|1
|-unboost|p1a: Great Tusk|spd|1
|faint|p2a: Ting-Lu
|
|upkeep
|
|t:|1757961104
|switch|p2a: Great Tusk|Great Tusk|100/100
|-activate|p2a: Great Tusk|move: Sticky Web
|-unboost|p2a: Great Tusk|spe|1
|turn|10
|
|t:|1757961119
|-terastallize|p2a: Great Tusk|Water
|move|p1a: Great Tusk|Close Combat|p2a: Great Tusk
|-damage|p2a: Great Tusk|73/100
|-unboost|p1a: Great Tusk|def|1
|-unboost|p1a: Great Tusk|spd|1
|move|p2a: Great Tusk|Knock Off|p1a: Great Tusk
|-resisted|p1a: Great Tusk
|-damage|p1a: Great Tusk|51/100
|-enditem|p1a: Great Tusk|Assault Vest|[from] move: Knock Off|[of] p2a: Great Tusk
|
|-heal|p2a: Great Tusk|79/100|[from] item: Leftovers
|upkeep
|turn|11
|
|t:|1757961135
|-end|p1a: Great Tusk|Protosynthesis|[silent]
|switch|p1a: Pelipper|Pelipper, F|100/100
|-weather|RainDance|[from] ability: Drizzle|[of] p1a: Pelipper
|move|p2a: Great Tusk|Earthquake|p1a: Pelipper
|-immune|p1a: Pelipper
|
|-weather|RainDance|[upkeep]
|-heal|p2a: Great Tusk|85/100|[from] item: Leftovers
|upkeep
|turn|12
|
|t:|1757961146
|move|p1a: Pelipper|Hurricane|p2a: Great Tusk
|-damage|p2a: Great Tusk|33/100
|move|p2a: Great Tusk|Rapid Spin|p1a: Pelipper
|-damage|p1a: Pelipper|88/100
|-boost|p2a: Great Tusk|spe|1
|-sideend|p2: Lazzypotato4|Sticky Web|[from] move: Rapid Spin|[of] p2a: Great Tusk
|
|-weather|RainDance|[upkeep]
|-heal|p2a: Great Tusk|39/100|[from] item: Leftovers
|upkeep
|turn|13
|
|t:|1757961159
|move|p2a: Great Tusk|Knock Off|p1a: Pelipper
|-damage|p1a: Pelipper|61/100
|-enditem|p1a: Pelipper|Damp Rock|[from] move: Knock Off|[of] p2a: Great Tusk
|move|p1a: Pelipper|Hurricane|p2a: Great Tusk
|-damage|p2a: Great Tusk|0 fnt
|faint|p2a: Great Tusk
|-end|p2a: Great Tusk|Protosynthesis|[silent]
|
|-weather|RainDance|[upkeep]
|upkeep
|
|t:|1757961164
|switch|p2a: Kingambit|Kingambit, F|100/100
|-activate|p2a: Kingambit|ability: Supreme Overlord
|-start|p2a: Kingambit|fallen5|[silent]
|turn|14
|
|t:|1757961173
|move|p1a: Pelipper|Chilling Water|p2a: Kingambit
|-damage|p2a: Kingambit|76/100
|-unboost|p2a: Kingambit|atk|1
|move|p2a: Kingambit|Kowtow Cleave|p1a: Pelipper
|-damage|p1a: Pelipper|5/100
|
|-weather|RainDance|[upkeep]
|upkeep
|turn|15
|
|t:|1757961181
|move|p2a: Kingambit|Sucker Punch|p1a: Pelipper
|-damage|p1a: Pelipper|0 fnt
|faint|p1a: Pelipper
|
|-weather|RainDance|[upkeep]
|upkeep
|
|t:|1757961188
|switch|p1a: Bisharp|Bisharp, M|100/100
|turn|16
|
|t:|1757961207
|move|p1a: Bisharp|Brick Break|p2a: Kingambit
|-supereffective|p2a: Kingambit
|-damage|p2a: Kingambit|1/100
|move|p2a: Kingambit|Swords Dance|p2a: Kingambit
|-boost|p2a: Kingambit|atk|2
|
|-weather|RainDance|[upkeep]
|upkeep
|turn|17
|
|t:|1757961215
|move|p1a: Bisharp|Sucker Punch|p2a: Kingambit
|-resisted|p2a: Kingambit
|-damage|p2a: Kingambit|0 fnt
|faint|p2a: Kingambit
|-end|p2a: Kingambit|fallen5|[silent]
|
|win|iguana_droga
|raw|iguana_droga's rating: 1199 &rarr; <strong>1220</strong><br />(+21 for winning)
|raw|Lazzypotato4's rating: 1137 &rarr; <strong>1116</strong><br />(-21 for losing)
|l|☆Lazzypotato4
|player|p2|
