|j|☆ntp69
|j|☆henry151th
|t:|1757945947
|gametype|singles
|player|p1|ntp69|265|1344
|player|p2|henry151th|wallace|1415
|gen|9
|tier|[Gen 9] OU
|rated|
|rule|HP Percentage Mod: HP is shown in percentages
|rule|Endless Battle Clause: Forcing endless battles is banned
|rule|Species Clause: Limit one of each Pokémon
|rule|OHKO Clause: OHKO moves are banned
|rule|Evasion Items Clause: Evasion items are banned
|rule|Evasion Moves Clause: Evasion moves are banned
|rule|Evasion Abilities Clause: Evasion abilities are banned
|rule|Sleep Moves Clause: Sleep-inducing moves are banned
|clearpoke
|poke|p1|Jolteon, M|
|poke|p1|Pelipper, F|
|poke|p1|Barraskewda, M|
|poke|p1|Sinistcha-Masterpiece|
|poke|p1|Kilowattrel, F|
|poke|p1|Great Tusk|
|poke|p2|Pelipper, M|
|poke|p2|Kingdra, M|
|poke|p2|Barraskewda, M|
|poke|p2|Iron Treads|
|poke|p2|Raging Bolt|
|poke|p2|Tornadus-Therian, M|
|teampreview
|
|t:|1757945953
|teamsize|p1|6
|teamsize|p2|6
|start
|switch|p1a: Jolteon|Jolteon, M|100/100
|switch|p2a: Pelipper|Pelipper, M|100/100
|-weather|RainDance|[from] ability: Drizzle|[of] p2a: Pelipper
|turn|1
|
|t:|1757945955
|switch|p2a: Iron Treads|Iron Treads|100/100
|move|p1a: Jolteon|Volt Switch|p2a: Iron Treads
|-immune|p2a: Iron Treads
|
|-weather|RainDance|[upkeep]
|upkeep
|turn|2
|
|t:|1757945960
|move|p1a: Jolteon|Weather Ball|p2a: Iron Treads
|-supereffective|p2a: Iron Treads
|-damage|p2a: Iron Treads|0 fnt
|faint|p2a: Iron Treads
|-end|p2a: Iron Treads|Quark Drive|[silent]
|-damage|p1a: Jolteon|91/100|[from] item: Life Orb
|
|-weather|RainDance|[upkeep]
|upkeep
|
|t:|1757945964
|switch|p2a: Barraskewda|Barraskewda, M|100/100
|turn|3
|
|t:|1757945968
|switch|p1a: Sinistcha|Sinistcha-Masterpiece|100/100
|move|p2a: Barraskewda|Liquidation|p1a: Sinistcha
|-resisted|p1a: Sinistcha
|-damage|p1a: Sinistcha|71/100
|-damage|p2a: Barraskewda|91/100|[from] item: Life Orb
|
|-weather|RainDance|[upkeep]
|-heal|p1a: Sinistcha|77/100|[from] item: Leftovers
|upkeep
|turn|4
|
|t:|1757945973
|move|p2a: Barraskewda|Flip Turn|p1a: Sinistcha
|-resisted|p1a: Sinistcha
|-damage|p1a: Sinistcha|54/100
|-damage|p2a: Barraskewda|81/100|[from] item: Life Orb
|
|t:|1757945976
|switch|p2a: Raging Bolt|Raging Bolt|100/100|[from] Flip Turn
|move|p1a: Sinistcha|Strength Sap|p2a: Raging Bolt
|-unboost|p2a: Raging Bolt|atk|1
|-heal|p1a: Sinistcha|98/100
|
|-weather|RainDance|[upkeep]
|-heal|p1a: Sinistcha|100/100|[from] item: Leftovers
|upkeep
|turn|5
|
|t:|1757945987
|move|p2a: Raging Bolt|Weather Ball|p1a: Sinistcha
|-resisted|p1a: Sinistcha
|-damage|p1a: Sinistcha|67/100
|move|p1a: Sinistcha|Calm Mind|p1a: Sinistcha
|-boost|p1a: Sinistcha|spa|1
|-boost|p1a: Sinistcha|spd|1
|
|-weather|RainDance|[upkeep]
|-heal|p1a: Sinistcha|73/100|[from] item: Leftovers
|upkeep
|turn|6
|
|t:|1757945991
|move|p2a: Raging Bolt|Volt Switch|p1a: Sinistcha
|-resisted|p1a: Sinistcha
|-damage|p1a: Sinistcha|56/100
|
|t:|1757945992
|-end|p2a: Raging Bolt|Protosynthesis|[silent]
|switch|p2a: Kingdra|Kingdra, M|100/100|[from] Volt Switch
|move|p1a: Sinistcha|Calm Mind|p1a: Sinistcha
|-boost|p1a: Sinistcha|spa|1
|-boost|p1a: Sinistcha|spd|1
|
|-weather|RainDance|[upkeep]
|-heal|p1a: Sinistcha|62/100|[from] item: Leftovers
|upkeep
|turn|7
|
|t:|1757945998
|-terastallize|p2a: Kingdra|Stellar
|move|p2a: Kingdra|Hurricane|p1a: Sinistcha
|-supereffective|p1a: Sinistcha
|-crit|p1a: Sinistcha
|-damage|p1a: Sinistcha|0 fnt
|faint|p1a: Sinistcha
|-damage|p2a: Kingdra|91/100|[from] item: Life Orb
|
|-weather|RainDance|[upkeep]
|upkeep
|
|t:|1757946003
|switch|p1a: Barraskewda|Barraskewda, M|100/100
|turn|8
|inactive|Battle timer is ON: inactive players will automatically lose when time's up. (requested by ntp69)
|
|t:|1757946015
|-terastallize|p1a: Barraskewda|Water
|move|p1a: Barraskewda|Flip Turn|p2a: Kingdra
|-resisted|p2a: Kingdra
|-damage|p2a: Kingdra|58/100
|
|t:|1757946022
|switch|p1a: Great Tusk|Great Tusk|100/100|[from] Flip Turn
|move|p2a: Kingdra|Weather Ball|p1a: Great Tusk
|-supereffective|p1a: Great Tusk
|-damage|p1a: Great Tusk|0 fnt
|faint|p1a: Great Tusk
|-end|p1a: Great Tusk|Protosynthesis|[silent]
|-damage|p2a: Kingdra|48/100|[from] item: Life Orb
|
|-weather|none
|upkeep
|
|t:|1757946024
|switch|p1a: Pelipper|Pelipper, F|100/100
|-weather|RainDance|[from] ability: Drizzle|[of] p1a: Pelipper
|turn|9
|
|t:|1757946029
|move|p2a: Kingdra|Draco Meteor|p1a: Pelipper|[miss]
|-miss|p2a: Kingdra|p1a: Pelipper
|move|p1a: Pelipper|Hurricane|p2a: Kingdra
|-damage|p2a: Kingdra|2/100
|-start|p2a: Kingdra|confusion
|
|-weather|RainDance|[upkeep]
|upkeep
|turn|10
|
|t:|1757946033
|-activate|p2a: Kingdra|confusion
|move|p2a: Kingdra|Draco Meteor|p1a: Pelipper
|-damage|p1a: Pelipper|0 fnt
|-unboost|p2a: Kingdra|spa|2
|faint|p1a: Pelipper
|-damage|p2a: Kingdra|0 fnt|[from] item: Life Orb
|faint|p2a: Kingdra
|
|-weather|RainDance|[upkeep]
|upkeep
|
|t:|1757946037
|switch|p2a: Barraskewda|Barraskewda, M|81/100
|switch|p1a: Barraskewda|Barraskewda, M, tera:Water|100/100
|turn|11
|
|t:|1757946040
|move|p1a: Barraskewda|Liquidation|p2a: Barraskewda
|-resisted|p2a: Barraskewda
|-damage|p2a: Barraskewda|0 fnt
|faint|p2a: Barraskewda
|
|-weather|RainDance|[upkeep]
|upkeep
|
|t:|1757946042
|switch|p2a: Raging Bolt|Raging Bolt|100/100
|turn|12
|
|t:|1757946045
|switch|p1a: Jolteon|Jolteon, M|91/100
|move|p2a: Raging Bolt|Weather Ball|p1a: Jolteon
|-damage|p1a: Jolteon|16/100
|
|-weather|RainDance|[upkeep]
|upkeep
|turn|13
|
|t:|1757946056
|move|p1a: Jolteon|Weather Ball|p2a: Raging Bolt
|-resisted|p2a: Raging Bolt
|-damage|p2a: Raging Bolt|82/100
|-damage|p1a: Jolteon|6/100|[from] item: Life Orb
|move|p2a: Raging Bolt|Weather Ball|p1a: Jolteon
|-damage|p1a: Jolteon|0 fnt
|faint|p1a: Jolteon
|
|-weather|RainDance|[upkeep]
|upkeep
|
|t:|1757946059
|switch|p1a: Kilowattrel|Kilowattrel, F|100/100
|turn|14
|
|t:|1757946061
|move|p1a: Kilowattrel|Hurricane|p2a: Raging Bolt
|-resisted|p2a: Raging Bolt
|-damage|p2a: Raging Bolt|69/100
|-start|p2a: Raging Bolt|confusion
|-activate|p2a: Raging Bolt|confusion
|move|p2a: Raging Bolt|Weather Ball|p1a: Kilowattrel
|-damage|p1a: Kilowattrel|0 fnt
|faint|p1a: Kilowattrel
|
|-weather|RainDance|[upkeep]
|upkeep
|
|t:|1757946063
|switch|p1a: Barraskewda|Barraskewda, M, tera:Water|100/100
|turn|15
|-message|ntp69 forfeited.
|
|win|henry151th
|raw|ntp69's rating: 1344 &rarr; <strong>1328</strong><br />(-16 for losing)
|raw|henry151th's rating: 1415 &rarr; <strong>1431</strong><br />(+16 for winning)
|l|☆ntp69
|player|p1|
|l|☆henry151th
|player|p2|
