|badge|p1|bronze|gen9ru|100-6
|uhtml|medal-msg|<div class="broadcast-blue">Curious what those medals under the avatar are? PS now has Ladder Seasons! For more information, check out the <a href="https://www.smogon.com/forums/threads/3740067/">thread on Smogon.</a></div>
|j|‽malk tyme
|j|‽thejay1224
|t:|1757942110
|gametype|singles
|player|p1|malk tyme|265|1475
|player|p2|thejay1224|169|1548
|gen|9
|tier|[Gen 9] OU
|rated|
|rule|HP Percentage Mod: HP is shown in percentages
|rule|Endless Battle Clause: Forcing endless battles is banned
|rule|Species Clause: Limit one of each Pokémon
|rule|OHKO Clause: OHKO moves are banned
|rule|Evasion Items Clause: Evasion items are banned
|rule|Evasion Moves Clause: Evasion moves are banned
|rule|Evasion Abilities Clause: Evasion abilities are banned
|rule|Sleep Moves Clause: Sleep-inducing moves are banned
|clearpoke
|poke|p1|Blaziken, F|
|poke|p1|Salamence, F|
|poke|p1|Dondozo, F|
|poke|p1|Meloetta|
|poke|p1|Iron Treads|
|poke|p1|Veluza, F|
|poke|p2|Dragonite, M|
|poke|p2|Kingambit, M|
|poke|p2|Deoxys-Speed|
|poke|p2|Great Tusk|
|poke|p2|Iron Valiant|
|poke|p2|Glimmora, M|
|teampreview
|
|t:|1757942135
|teamsize|p1|6
|teamsize|p2|6
|start
|switch|p1a: Meloetta|Meloetta|100/100
|switch|p2a: Iron Valiant|Iron Valiant|100/100
|-enditem|p2a: Iron Valiant|Booster Energy
|-activate|p2a: Iron Valiant|ability: Quark Drive|[fromitem]
|-start|p2a: Iron Valiant|quarkdrivespe
|turn|1
|
|t:|1757942144
|move|p2a: Iron Valiant|Knock Off|p1a: Meloetta
|-supereffective|p1a: Meloetta
|-crit|p1a: Meloetta
|-damage|p1a: Meloetta|4/100
|-enditem|p1a: Meloetta|Weakness Policy
|-boost|p1a: Meloetta|atk|2|[from] item: Weakness Policy
|-boost|p1a: Meloetta|spa|2|[from] item: Weakness Policy
|move|p1a: Meloetta|Psychic|p2a: Iron Valiant
|-supereffective|p2a: Iron Valiant
|-damage|p2a: Iron Valiant|0 fnt
|faint|p2a: Iron Valiant
|-end|p2a: Iron Valiant|Quark Drive|[silent]
|
|upkeep
|
|t:|1757942154
|switch|p2a: Deoxys|Deoxys-Speed|100/100
|-ability|p2a: Deoxys|Pressure
|turn|2
|inactive|Battle timer is ON: inactive players will automatically lose when time's up. (requested by thejay1224)
|
|t:|1757942184
|move|p2a: Deoxys|Psycho Boost|p1a: Meloetta
|-resisted|p1a: Meloetta
|-damage|p1a: Meloetta|0 fnt
|-unboost|p2a: Deoxys|spa|2
|faint|p1a: Meloetta
|
|upkeep
|
|t:|1757942190
|switch|p1a: Iron Treads|Iron Treads|100/100
|turn|3
|
|t:|1757942198
|move|p2a: Deoxys|Taunt|p1a: Iron Treads
|-start|p1a: Iron Treads|move: Taunt
|move|p1a: Iron Treads|Knock Off|p2a: Deoxys
|-supereffective|p2a: Deoxys
|-damage|p2a: Deoxys|34/100
|-enditem|p2a: Deoxys|Light Clay|[from] move: Knock Off|[of] p1a: Iron Treads
|
|upkeep
|turn|4
|inactive|malk tyme has 120 seconds left.
|
|t:|1757942235
|move|p2a: Deoxys|Reflect|p2a: Deoxys
|-sidestart|p2: thejay1224|Reflect
|move|p1a: Iron Treads|Rapid Spin|p2a: Deoxys
|-damage|p2a: Deoxys|27/100
|-boost|p1a: Iron Treads|spe|1
|
|upkeep
|turn|5
|
|t:|1757942239
|move|p1a: Iron Treads|Rapid Spin|p2a: Deoxys
|-damage|p2a: Deoxys|19/100
|-boost|p1a: Iron Treads|spe|1
|move|p2a: Deoxys|Light Screen|p2a: Deoxys
|-sidestart|p2: thejay1224|move: Light Screen
|
|-end|p1a: Iron Treads|move: Taunt
|upkeep
|turn|6
|
|t:|1757942246
|move|p1a: Iron Treads|Stealth Rock|p2a: Deoxys
|-sidestart|p2: thejay1224|move: Stealth Rock
|move|p2a: Deoxys|Taunt|p1a: Iron Treads
|-start|p1a: Iron Treads|move: Taunt
|
|upkeep
|turn|7
|
|t:|1757942256
|switch|p2a: Great Tusk|Great Tusk|100/100
|-damage|p2a: Great Tusk|98/100|[from] Stealth Rock
|-enditem|p2a: Great Tusk|Booster Energy
|-activate|p2a: Great Tusk|ability: Protosynthesis|[fromitem]
|-start|p2a: Great Tusk|protosynthesisspe
|move|p1a: Iron Treads|Knock Off|p2a: Great Tusk
|-resisted|p2a: Great Tusk
|-damage|p2a: Great Tusk|95/100
|
|upkeep
|turn|8
|
|t:|1757942262
|move|p1a: Iron Treads|Rapid Spin|p2a: Great Tusk
|-crit|p2a: Great Tusk
|-damage|p2a: Great Tusk|83/100
|-boost|p1a: Iron Treads|spe|1
|move|p2a: Great Tusk|Bulk Up|p2a: Great Tusk
|-boost|p2a: Great Tusk|atk|1
|-boost|p2a: Great Tusk|def|1
|
|-sideend|p2: thejay1224|Reflect
|upkeep
|turn|9
|
|t:|1757942265
|-end|p1a: Iron Treads|Quark Drive|[silent]
|switch|p1a: Dondozo|Dondozo, F|100/100
|move|p2a: Great Tusk|Headlong Rush|p1a: Dondozo
|-damage|p1a: Dondozo|68/100
|-unboost|p2a: Great Tusk|def|1
|-unboost|p2a: Great Tusk|spd|1
|
|-heal|p1a: Dondozo|74/100|[from] item: Leftovers
|-sideend|p2: thejay1224|move: Light Screen
|upkeep
|turn|10
|
|t:|1757942271
|move|p2a: Great Tusk|Taunt|p1a: Dondozo
|-start|p1a: Dondozo|move: Taunt
|cant|p1a: Dondozo|move: Taunt|Curse
|
|-heal|p1a: Dondozo|81/100|[from] item: Leftovers
|upkeep
|turn|11
|
|t:|1757942285
|move|p2a: Great Tusk|Headlong Rush|p1a: Dondozo
|-damage|p1a: Dondozo|49/100
|-unboost|p2a: Great Tusk|def|1
|-unboost|p2a: Great Tusk|spd|1
|move|p1a: Dondozo|Wave Crash|p2a: Great Tusk
|-supereffective|p2a: Great Tusk
|-damage|p2a: Great Tusk|32/100
|-damage|p1a: Dondozo|34/100|[from] Recoil
|
|-heal|p1a: Dondozo|41/100|[from] item: Leftovers
|upkeep
|turn|12
|
|t:|1757942289
|move|p2a: Great Tusk|Headlong Rush|p1a: Dondozo
|-damage|p1a: Dondozo|10/100
|-unboost|p2a: Great Tusk|def|1
|-unboost|p2a: Great Tusk|spd|1
|move|p1a: Dondozo|Wave Crash|p2a: Great Tusk
|-supereffective|p2a: Great Tusk
|-damage|p2a: Great Tusk|0 fnt
|faint|p2a: Great Tusk
|-end|p2a: Great Tusk|Protosynthesis|[silent]
|-damage|p1a: Dondozo|1/100|[from] Recoil
|
|-heal|p1a: Dondozo|7/100|[from] item: Leftovers
|-end|p1a: Dondozo|move: Taunt
|upkeep
|
|t:|1757942295
|switch|p2a: Deoxys|Deoxys-Speed|19/100
|-damage|p2a: Deoxys|6/100|[from] Stealth Rock
|-ability|p2a: Deoxys|Pressure
|turn|13
|
|t:|1757942300
|switch|p1a: Iron Treads|Iron Treads|100/100
|move|p2a: Deoxys|Light Screen|p2a: Deoxys
|-sidestart|p2: thejay1224|move: Light Screen
|
|upkeep
|turn|14
|
|t:|1757942306
|move|p2a: Deoxys|Reflect|p2a: Deoxys
|-sidestart|p2: thejay1224|Reflect
|move|p1a: Iron Treads|Rapid Spin|p2a: Deoxys
|-damage|p2a: Deoxys|0 fnt
|-boost|p1a: Iron Treads|spe|1
|faint|p2a: Deoxys
|
|upkeep
|
|t:|1757942327
|switch|p2a: Kingambit|Kingambit, M|100/100
|-damage|p2a: Kingambit|94/100|[from] Stealth Rock
|-activate|p2a: Kingambit|ability: Supreme Overlord
|-start|p2a: Kingambit|fallen3|[silent]
|turn|15
|
|t:|1757942336
|move|p1a: Iron Treads|Knock Off|p2a: Kingambit
|-resisted|p2a: Kingambit
|-damage|p2a: Kingambit|90/100
|-enditem|p2a: Kingambit|Lum Berry|[from] move: Knock Off|[of] p1a: Iron Treads
|move|p2a: Kingambit|Low Kick|p1a: Iron Treads
|-supereffective|p1a: Iron Treads
|-damage|p1a: Iron Treads|13/100
|
|upkeep
|turn|16
|
|t:|1757942342
|move|p1a: Iron Treads|Endeavor|p2a: Kingambit
|-damage|p2a: Kingambit|12/100
|move|p2a: Kingambit|Iron Head|p1a: Iron Treads
|-resisted|p1a: Iron Treads
|-damage|p1a: Iron Treads|0 fnt
|faint|p1a: Iron Treads
|-end|p1a: Iron Treads|Quark Drive|[silent]
|
|upkeep
|
|t:|1757942351
|switch|p1a: Veluza|Veluza, F|100/100
|turn|17
|
|t:|1757942357
|switch|p1a: Salamence|Salamence, F|100/100
|move|p2a: Kingambit|Iron Head|p1a: Salamence
|-damage|p1a: Salamence|11/100
|
|-sideend|p2: thejay1224|move: Light Screen
|upkeep
|turn|18
|
|t:|1757942363
|move|p1a: Salamence|Outrage|p2a: Kingambit
|-resisted|p2a: Kingambit
|-damage|p2a: Kingambit|1/100
|move|p2a: Kingambit|Iron Head|p1a: Salamence
|-damage|p1a: Salamence|0 fnt
|faint|p1a: Salamence
|
|-sideend|p2: thejay1224|Reflect
|upkeep
|
|t:|1757942367
|switch|p1a: Blaziken|Blaziken, F|100/100
|turn|19
|
|t:|1757942375
|move|p1a: Blaziken|Blaze Kick|p2a: Kingambit
|-supereffective|p2a: Kingambit
|-damage|p2a: Kingambit|0 fnt
|faint|p2a: Kingambit
|-end|p2a: Kingambit|fallen3|[silent]
|-damage|p1a: Blaziken|91/100|[from] item: Life Orb
|
|-ability|p1a: Blaziken|Speed Boost|boost
|-boost|p1a: Blaziken|spe|1
|upkeep
|
|t:|1757942377
|switch|p2a: Glimmora|Glimmora, M|100/100
|-damage|p2a: Glimmora|88/100|[from] Stealth Rock
|turn|20
|
|t:|1757942384
|move|p1a: Blaziken|Close Combat|p2a: Glimmora
|-damage|p2a: Glimmora|0 fnt
|-unboost|p1a: Blaziken|def|1
|-unboost|p1a: Blaziken|spd|1
|-activate|p2a: Glimmora|ability: Toxic Debris
|-sidestart|p1: malk tyme|move: Toxic Spikes
|faint|p2a: Glimmora
|-damage|p1a: Blaziken|81/100|[from] item: Life Orb
|
|-ability|p1a: Blaziken|Speed Boost|boost
|-boost|p1a: Blaziken|spe|1
|upkeep
|
|t:|1757942388
|switch|p2a: Dragonite|Dragonite, M|100/100
|-damage|p2a: Dragonite|75/100|[from] Stealth Rock
|turn|21
|
|t:|1757942403
|-terastallize|p1a: Blaziken|Ice
|move|p1a: Blaziken|Tera Blast|p2a: Dragonite|[anim] Tera Blast Ice
|-supereffective|p2a: Dragonite
|-damage|p2a: Dragonite|0 fnt
|faint|p2a: Dragonite
|-damage|p1a: Blaziken|71/100|[from] item: Life Orb
|
|win|malk tyme
|raw|malk tyme's rating: 1475 &rarr; <strong>1499</strong><br />(+24 for winning)
|raw|thejay1224's rating: 1548 &rarr; <strong>1524</strong><br />(-24 for losing)
|l|‽thejay1224
|player|p2|
|l|‽malk tyme
|player|p1|
