|j|☆CilenTreeco
|j|☆Tidk
|t:|1757837322
|gametype|singles
|player|p1|CilenTreeco|1|1199
|player|p2|Tidk|silver|1190
|gen|9
|tier|[Gen 9] OU
|rated|
|rule|HP Percentage Mod: HP is shown in percentages
|rule|Endless Battle Clause: Forcing endless battles is banned
|rule|Species Clause: Limit one of each Pokémon
|rule|OHKO Clause: OHKO moves are banned
|rule|Evasion Items Clause: Evasion items are banned
|rule|Evasion Moves Clause: Evasion moves are banned
|rule|Evasion Abilities Clause: Evasion abilities are banned
|rule|Sleep Moves Clause: Sleep-inducing moves are banned
|clearpoke
|poke|p1|Gholdengo|
|poke|p1|Quaquaval, F|
|poke|p1|Armarouge, M|
|poke|p1|Goodra-Hisui, M|
|poke|p1|Toxicroak, M|
|poke|p1|Mamoswine, M|
|poke|p2|Blissey, F|
|poke|p2|Forretress, F|
|poke|p2|Greedent, M|
|poke|p2|Dusclops, F|
|poke|p2|Salamence, M|
|poke|p2|Blaziken, M|
|teampreview
|inactive|Battle timer is ON: inactive players will automatically lose when time's up. (requested by Tidk)
|
|t:|1757837355
|teamsize|p1|6
|teamsize|p2|6
|start
|switch|p1a: Gholdengo|Gholdengo, shiny|100/100
|switch|p2a: Forretress|Forretress, F|100/100
|-item|p1a: Gholdengo|Air Balloon
|turn|1
|
|t:|1757837363
|switch|p2a: Blissey|Blissey, F|100/100
|move|p1a: Gholdengo|Nasty Plot|p1a: Gholdengo
|-boost|p1a: Gholdengo|spa|2
|
|upkeep
|turn|2
|
|t:|1757837371
|switch|p1a: Toxicroak|Toxicroak, M|100/100
|move|p2a: Blissey|Thunder Wave|p1a: Toxicroak
|-status|p1a: Toxicroak|par
|
|upkeep
|turn|3
|
|t:|1757837386
|move|p1a: Toxicroak|Swords Dance|p1a: Toxicroak
|-boost|p1a: Toxicroak|atk|2
|move|p2a: Blissey|Stealth Rock|p1a: Toxicroak
|-sidestart|p1: CilenTreeco|move: Stealth Rock
|
|upkeep
|turn|4
|
|t:|1757837412
|switch|p2a: Salamence|Salamence, M|100/100
|-ability|p2a: Salamence|Intimidate|boost
|-unboost|p1a: Toxicroak|atk|1
|move|p1a: Toxicroak|Swords Dance|p1a: Toxicroak
|-boost|p1a: Toxicroak|atk|2
|
|upkeep
|turn|5
|
|t:|1757837424
|move|p2a: Salamence|Air Slash|p1a: Toxicroak
|-supereffective|p1a: Toxicroak
|-enditem|p1a: Toxicroak|Focus Sash
|-damage|p1a: Toxicroak|1/100 par
|cant|p1a: Toxicroak|par
|
|upkeep
|turn|6
|c|☆CilenTreeco|gg
|
|t:|1757837435
|cant|p1a: Toxicroak|par
|move|p2a: Salamence|Flamethrower|p1a: Toxicroak
|-damage|p1a: Toxicroak|0 fnt
|faint|p1a: Toxicroak
|
|upkeep
|
|t:|1757837447
|switch|p1a: Mamoswine|Mamoswine, M|100/100
|-damage|p1a: Mamoswine|88/100|[from] Stealth Rock
|turn|7
|
|t:|1757837457
|switch|p2a: Greedent|Greedent, M|100/100
|move|p1a: Mamoswine|Icicle Crash|p2a: Greedent
|-damage|p2a: Greedent|66/100
|
|upkeep
|turn|8
|
|t:|1757837464
|move|p1a: Mamoswine|Icicle Crash|p2a: Greedent|[miss]
|-miss|p1a: Mamoswine|p2a: Greedent
|move|p2a: Greedent|Stuff Cheeks|p2a: Greedent
|-boost|p2a: Greedent|def|2
|-enditem|p2a: Greedent|Apicot Berry|[eat]
|-boost|p2a: Greedent|spd|1|[from] item: Apicot Berry
|-heal|p2a: Greedent|99/100|[from] ability: Cheek Pouch
|
|upkeep
|turn|9
|
|t:|1757837479
|switch|p1a: Quaquaval|Quaquaval, F|100/100
|-damage|p1a: Quaquaval|94/100|[from] Stealth Rock
|move|p2a: Greedent|Body Press|p1a: Quaquaval
|-damage|p1a: Quaquaval|46/100
|
|upkeep
|turn|10
|-message|CilenTreeco forfeited.
|
|win|Tidk
|raw|CilenTreeco's rating: 1199 &rarr; <strong>1173</strong><br />(-26 for losing)
|raw|Tidk's rating: 1190 &rarr; <strong>1216</strong><br />(+26 for winning)
|l|☆CilenTreeco
|player|p1|
|l|☆Tidk
|player|p2|
