|j|☆dlrow olleh
|j|☆musheng木生ovo
|t:|1757883284
|gametype|singles
|player|p1|dlrow olleh|hilda-wonderlauncher|
|player|p2|musheng木生ovo|n|
|gen|9
|tier|[Gen 9] OU
|rule|HP Percentage Mod: HP is shown in percentages
|rule|Endless Battle Clause: Forcing endless battles is banned
|rule|Species Clause: Limit one of each Pokémon
|rule|OHKO Clause: OHKO moves are banned
|rule|Evasion Items Clause: Evasion items are banned
|rule|Evasion Moves Clause: Evasion moves are banned
|rule|Evasion Abilities Clause: Evasion abilities are banned
|rule|Sleep Moves Clause: Sleep-inducing moves are banned
|clearpoke
|poke|p1|Great Tusk|
|poke|p1|Kingambit, M|
|poke|p1|Raging Bolt|
|poke|p1|Walking Wake|
|poke|p1|Ninetales, F|
|poke|p1|Ceruledge, M|
|poke|p2|Alomomola, F|
|poke|p2|Latias, F|
|poke|p2|Pelipper, M|
|poke|p2|Gliscor, M|
|poke|p2|Clodsire, M|
|poke|p2|Toxapex, M|
|teampreview
|c|☆dlrow olleh|欸
|c|☆dlrow olleh|你那个微信
|c|☆dlrow olleh|我加不了
|
|t:|1757883295
|teamsize|p1|6
|teamsize|p2|6
|start
|switch|p1a: Ninetales|Ninetales, F|100/100
|switch|p2a: Pelipper|Pelipper, M|100/100
|-weather|SunnyDay|[from] ability: Drought|[of] p1a: Ninetales
|-weather|RainDance|[from] ability: Drizzle|[of] p2a: Pelipper
|turn|1
|c|☆musheng木生ovo|啊
|c|☆dlrow olleh|我的太阳！
|c|☆dlrow olleh|你为什么
|c|☆musheng木生ovo|我加你吧
|c|☆dlrow olleh|能把我的太阳
|c|☆musheng木生ovo|我速度慢啊，
|c|☆dlrow olleh|等我找找
|c|☆dlrow olleh|eldenlordtranished
|c|☆dlrow olleh|加这个
|c|☆musheng木生ovo|微信号？
|c|☆dlrow olleh|可恶
|c|☆dlrow olleh|是的
|c|☆musheng木生ovo|ok
|c|☆dlrow olleh|居然是特制的下雨队
|c|☆musheng木生ovo|不算是
|c|☆musheng木生ovo|🤔
|c|☆dlrow olleh|加了吗
|c|☆dlrow olleh|没看到
|c|☆musheng木生ovo|我打完了加你
|c|☆musheng木生ovo|嘻嘻
|
|t:|1757883440
|move|p1a: Ninetales|Encore||[still]
|-fail|p1a: Ninetales
|move|p2a: Pelipper|Whirlpool|p1a: Ninetales
|-supereffective|p1a: Ninetales
|-damage|p1a: Ninetales|59/100
|-activate|p1a: Ninetales|move: Whirlpool|[of] p2a: Pelipper
|
|-weather|RainDance|[upkeep]
|-damage|p1a: Ninetales|47/100|[from] move: Whirlpool|[partiallytrapped]
|upkeep
|turn|2
|c|☆dlrow olleh|不豪
|c|☆musheng木生ovo|哇哦
|c|☆dlrow olleh|不豪
|c|☆dlrow olleh|真的不豪
|c|☆musheng木生ovo|不好我要去上学
|
|t:|1757883484
|move|p1a: Ninetales|Scorching Sands|p2a: Pelipper
|-immune|p2a: Pelipper
|move|p2a: Pelipper|Liquidation|p1a: Ninetales
|-supereffective|p1a: Ninetales
|-crit|p1a: Ninetales
|-damage|p1a: Ninetales|0 fnt
|faint|p1a: Ninetales
|
|-weather|RainDance|[upkeep]
|upkeep
|c|☆dlrow olleh|我的太阳！
|c|☆dlrow olleh|没了
|
|t:|1757883500
|switch|p1a: Raging Bolt|Raging Bolt|100/100
|turn|3
|c|☆musheng木生ovo|😰
|
|t:|1757883507
|switch|p2a: Clodsire|Clodsire, M|100/100
|move|p1a: Raging Bolt|Thunderclap||[still]
|-fail|p1a: Raging Bolt
|
|-weather|RainDance|[upkeep]
|upkeep
|turn|4
|
|t:|1757883518
|move|p1a: Raging Bolt|Weather Ball|p2a: Clodsire
|-immune|p2a: Clodsire|[from] ability: Water Absorb
|move|p2a: Clodsire|Stealth Rock|p1a: Raging Bolt
|-sidestart|p1: dlrow olleh|move: Stealth Rock
|
|-weather|RainDance|[upkeep]
|upkeep
|turn|5
|c|☆dlrow olleh|不豪
|c|☆dlrow olleh|这是什么能力
|c|☆musheng木生ovo|孩子们别怕是储水
|c|☆musheng木生ovo|土王特性储水
|c|☆musheng木生ovo|免疫水系伤害
|c|☆dlrow olleh|玩太阳队轮椅玩多了属于是
|
|t:|1757883558
|move|p1a: Raging Bolt|Dragon Pulse|p2a: Clodsire
|-damage|p2a: Clodsire|64/100
|-damage|p1a: Raging Bolt|91/100|[from] item: Life Orb
|move|p2a: Clodsire|Earthquake|p1a: Raging Bolt
|-supereffective|p1a: Raging Bolt
|-damage|p1a: Raging Bolt|43/100
|
|-weather|RainDance|[upkeep]
|-heal|p2a: Clodsire|70/100|[from] item: Black Sludge
|upkeep
|turn|6
|
|t:|1757883568
|move|p1a: Raging Bolt|Dragon Pulse|p2a: Clodsire
|-damage|p2a: Clodsire|36/100
|-damage|p1a: Raging Bolt|33/100|[from] item: Life Orb
|move|p2a: Clodsire|Earthquake|p1a: Raging Bolt
|-supereffective|p1a: Raging Bolt
|-damage|p1a: Raging Bolt|0 fnt
|faint|p1a: Raging Bolt
|-end|p1a: Raging Bolt|Protosynthesis|[silent]
|
|-weather|RainDance|[upkeep]
|-heal|p2a: Clodsire|42/100|[from] item: Black Sludge
|upkeep
|
|t:|1757883580
|switch|p1a: Ceruledge|Ceruledge, M|100/100
|turn|7
|
|t:|1757883586
|move|p1a: Ceruledge|Poltergeist|p2a: Clodsire
|-activate|p2a: Clodsire|move: Poltergeist|Black Sludge
|-damage|p2a: Clodsire|0 fnt
|faint|p2a: Clodsire
|
|-weather|RainDance|[upkeep]
|upkeep
|
|t:|1757883599
|switch|p2a: 鱼|Alomomola, F, shiny|100/100
|turn|8
|c|☆dlrow olleh|eldenlordtranished 快加我
|
|t:|1757883613
|move|p2a: 鱼|Aqua Jet|p1a: Ceruledge
|-supereffective|p1a: Ceruledge
|-damage|p1a: Ceruledge|64/100
|-ability|p1a: Ceruledge|Weak Armor|boost
|-unboost|p1a: Ceruledge|def|1
|-boost|p1a: Ceruledge|spe|2
|move|p1a: Ceruledge|Poltergeist|p2a: 鱼
|-activate|p2a: 鱼|move: Poltergeist|Rocky Helmet
|-damage|p2a: 鱼|70/100
|
|-weather|none
|upkeep
|turn|9
|c|☆musheng木生ovo|打我加
|c|☆musheng木生ovo|呸呸呸
|c|☆musheng木生ovo|打完
|
|t:|1757883632
|move|p1a: Ceruledge|Poltergeist|p2a: 鱼
|-activate|p2a: 鱼|move: Poltergeist|Rocky Helmet
|-damage|p2a: 鱼|36/100
|move|p2a: 鱼|Mirror Coat||[still]
|-fail|p2a: 鱼
|
|upkeep
|turn|10
|
|t:|1757883644
|move|p1a: Ceruledge|Poltergeist|p2a: 鱼
|-activate|p2a: 鱼|move: Poltergeist|Rocky Helmet
|-damage|p2a: 鱼|3/100
|move|p2a: 鱼|Flip Turn|p1a: Ceruledge
|-supereffective|p1a: Ceruledge
|-damage|p1a: Ceruledge|4/100
|-ability|p1a: Ceruledge|Weak Armor|boost
|-unboost|p1a: Ceruledge|def|1
|-boost|p1a: Ceruledge|spe|2
|c|☆dlrow olleh|我的将军没了
|c|☆dlrow olleh|太阳！
|
|t:|1757883657
|switch|p2a: Toxapex|Toxapex, M|100/100|[from] Flip Turn
|
|upkeep
|turn|11
|
|t:|1757883670
|move|p1a: Ceruledge|Poltergeist|p2a: Toxapex
|-activate|p2a: Toxapex|move: Poltergeist|Rocky Helmet
|-damage|p2a: Toxapex|52/100
|move|p2a: Toxapex|Gunk Shot|p1a: Ceruledge
|-resisted|p1a: Ceruledge
|-damage|p1a: Ceruledge|0 fnt
|faint|p1a: Ceruledge
|
|upkeep
|
|t:|1757883680
|switch|p1a: Great Tusk|Great Tusk|100/100
|-damage|p1a: Great Tusk|98/100|[from] Stealth Rock
|turn|12
|
|t:|1757883695
|switch|p2a: Pelipper|Pelipper, M|100/100
|-weather|RainDance|[from] ability: Drizzle|[of] p2a: Pelipper
|move|p1a: Great Tusk|Headlong Rush|p2a: Pelipper
|-immune|p2a: Pelipper
|
|-weather|RainDance|[upkeep]
|upkeep
|turn|13
|c|☆dlrow olleh|不豪
|c|☆musheng木生ovo|不豪
|
|t:|1757883735
|move|p1a: Great Tusk|Rapid Spin|p2a: Pelipper
|-crit|p2a: Pelipper
|-damage|p2a: Pelipper|79/100
|-boost|p1a: Great Tusk|spe|1
|-sideend|p1: dlrow olleh|Stealth Rock|[from] move: Rapid Spin|[of] p1a: Great Tusk
|move|p2a: Pelipper|Whirlpool|p1a: Great Tusk
|-supereffective|p1a: Great Tusk
|-damage|p1a: Great Tusk|65/100
|-activate|p1a: Great Tusk|move: Whirlpool|[of] p2a: Pelipper
|
|-weather|RainDance|[upkeep]
|-damage|p1a: Great Tusk|53/100|[from] move: Whirlpool|[partiallytrapped]
|upkeep
|turn|14
|
|t:|1757883746
|move|p1a: Great Tusk|Ice Spinner|p2a: Pelipper
|-damage|p2a: Pelipper|54/100
|move|p2a: Pelipper|Liquidation|p1a: Great Tusk
|-supereffective|p1a: Great Tusk
|-damage|p1a: Great Tusk|14/100
|
|-weather|RainDance|[upkeep]
|-damage|p1a: Great Tusk|2/100|[from] move: Whirlpool|[partiallytrapped]
|upkeep
|turn|15
|
|t:|1757883756
|move|p1a: Great Tusk|Ice Spinner|p2a: Pelipper
|-damage|p2a: Pelipper|31/100
|move|p2a: Pelipper|Roost|p2a: Pelipper
|-heal|p2a: Pelipper|81/100
|-singleturn|p2a: Pelipper|move: Roost
|
|-weather|RainDance|[upkeep]
|-damage|p1a: Great Tusk|0 fnt|[from] move: Whirlpool|[partiallytrapped]
|faint|p1a: Great Tusk
|-end|p1a: Great Tusk|Protosynthesis|[silent]
|upkeep
|
|t:|1757883768
|switch|p1a: Walking Wake|Walking Wake|100/100
|turn|16
|
|t:|1757883787
|move|p1a: Walking Wake|Draco Meteor|p2a: Pelipper
|-damage|p2a: Pelipper|0 fnt
|-unboost|p1a: Walking Wake|spa|2
|faint|p2a: Pelipper
|
|-weather|RainDance|[upkeep]
|upkeep
|
|t:|1757883794
|switch|p2a: Latias|Latias, F|100/100
|turn|17
|c|☆musheng木生ovo|你知道我要干什么
|c|☆dlrow olleh|不知道
|
|t:|1757883809
|-terastallize|p2a: Latias|Electric
|move|p2a: Latias|Thunder|p1a: Walking Wake
|-crit|p1a: Walking Wake
|-damage|p1a: Walking Wake|11/100
|move|p1a: Walking Wake|Draco Meteor|p2a: Latias
|-damage|p2a: Latias|70/100
|-unboost|p1a: Walking Wake|spa|2
|
|-weather|RainDance|[upkeep]
|-heal|p2a: Latias|76/100|[from] item: Leftovers
|upkeep
|turn|18
|c|☆dlrow olleh|原来是这个
|
|t:|1757883827
|move|p2a: Latias|Thunder|p1a: Walking Wake
|-damage|p1a: Walking Wake|0 fnt
|faint|p1a: Walking Wake
|-end|p1a: Walking Wake|Protosynthesis|[silent]
|
|-weather|RainDance|[upkeep]
|-heal|p2a: Latias|82/100|[from] item: Leftovers
|upkeep
|c|☆musheng木生ovo|😰
|
|t:|1757883833
|switch|p1a: Kingambit|Kingambit, M|100/100
|-activate|p1a: Kingambit|ability: Supreme Overlord
|-start|p1a: Kingambit|fallen5|[silent]
|-item|p1a: Kingambit|Air Balloon
|turn|19
|c|☆musheng木生ovo|原本雨天就是给她开的
|
|t:|1757883857
|-terastallize|p1a: Kingambit|Ghost
|move|p2a: Latias|Earthquake|p1a: Kingambit
|-immune|p1a: Kingambit
|move|p1a: Kingambit|Swords Dance|p1a: Kingambit
|-boost|p1a: Kingambit|atk|2
|
|-weather|none
|-heal|p2a: Latias|88/100|[from] item: Leftovers
|upkeep
|turn|20
|
|t:|1757883875
|move|p2a: Latias|Energy Ball|p1a: Kingambit
|-damage|p1a: Kingambit|72/100
|-unboost|p1a: Kingambit|spd|1
|-enditem|p1a: Kingambit|Air Balloon
|move|p1a: Kingambit|Kowtow Cleave|p2a: Latias
|-damage|p2a: Latias|0 fnt
|faint|p2a: Latias
|
|upkeep
|
|t:|1757883887
|switch|p2a: Gliscor|Gliscor, M|100/100
|turn|21
|
|t:|1757883893
|move|p2a: Gliscor|Substitute|p2a: Gliscor
|-start|p2a: Gliscor|Substitute
|-damage|p2a: Gliscor|76/100
|move|p1a: Kingambit|Kowtow Cleave|p2a: Gliscor
|-end|p2a: Gliscor|Substitute
|
|-status|p2a: Gliscor|tox|[from] item: Toxic Orb
|upkeep
|turn|22
|
|t:|1757883904
|move|p2a: Gliscor|Protect|p2a: Gliscor
|-singleturn|p2a: Gliscor|Protect
|move|p1a: Kingambit|Sucker Punch||[still]
|-fail|p1a: Kingambit
|
|-heal|p2a: Gliscor|88/100 tox|[from] ability: Poison Heal
|upkeep
|turn|23
|
|t:|1757883929
|move|p2a: Gliscor|Substitute|p2a: Gliscor
|-start|p2a: Gliscor|Substitute
|-damage|p2a: Gliscor|63/100 tox
|move|p1a: Kingambit|Kowtow Cleave|p2a: Gliscor
|-end|p2a: Gliscor|Substitute
|
|-heal|p2a: Gliscor|76/100 tox|[from] ability: Poison Heal
|upkeep
|turn|24
|
|t:|1757883941
|move|p2a: Gliscor|Protect|p2a: Gliscor
|-singleturn|p2a: Gliscor|Protect
|move|p1a: Kingambit|Kowtow Cleave|p2a: Gliscor
|-activate|p2a: Gliscor|move: Protect
|
|-heal|p2a: Gliscor|88/100 tox|[from] ability: Poison Heal
|upkeep
|turn|25
|
|t:|1757883950
|move|p2a: Gliscor|Substitute|p2a: Gliscor
|-start|p2a: Gliscor|Substitute
|-damage|p2a: Gliscor|63/100 tox
|move|p1a: Kingambit|Kowtow Cleave|p2a: Gliscor
|-end|p2a: Gliscor|Substitute
|
|-heal|p2a: Gliscor|76/100 tox|[from] ability: Poison Heal
|upkeep
|turn|26
|
|t:|1757883962
|move|p2a: Gliscor|Protect|p2a: Gliscor
|-singleturn|p2a: Gliscor|Protect
|move|p1a: Kingambit|Swords Dance|p1a: Kingambit
|-boost|p1a: Kingambit|atk|2
|
|-heal|p2a: Gliscor|88/100 tox|[from] ability: Poison Heal
|upkeep
|turn|27
|
|t:|1757883982
|move|p2a: Gliscor|Taunt|p1a: Kingambit
|-start|p1a: Kingambit|move: Taunt
|move|p1a: Kingambit|Kowtow Cleave|p2a: Gliscor
|-damage|p2a: Gliscor|0 fnt
|faint|p2a: Gliscor
|
|upkeep
|
|t:|1757883990
|switch|p2a: Toxapex|Toxapex, M|85/100
|turn|28
|c|☆musheng木生ovo|不豪
|
|t:|1757884001
|move|p1a: Kingambit|Kowtow Cleave|p2a: Toxapex
|-damage|p2a: Toxapex|0 fnt
|-damage|p1a: Kingambit|56/100|[from] item: Rocky Helmet|[of] p2a: Toxapex
|faint|p2a: Toxapex
|
|upkeep
|c|☆dlrow olleh|接下来
|
|t:|1757884004
|switch|p2a: 鱼|Alomomola, F, shiny|37/100
|turn|29
|c|☆dlrow olleh|说不好的
|c|☆dlrow olleh|是你
|
|t:|1757884017
|move|p1a: Kingambit|Sucker Punch|p2a: 鱼
|-damage|p2a: 鱼|0 fnt
|-damage|p1a: Kingambit|39/100|[from] item: Rocky Helmet|[of] p2a: 鱼
|faint|p2a: 鱼
|
|win|dlrow olleh
|c|☆dlrow olleh|极限！
|c|☆dlrow olleh|eldenlordtranished
|c|☆dlrow olleh|好了快加我
