|j|☆abdkkgja
|j|☆Spyro190 testing
|t:|1757887095
|gametype|singles
|player|p1|abdkkgja|lacey|1652
|player|p2|Spyro190 testing|bugcatcher-gen4dp|1641
|gen|9
|tier|[Gen 9] OU
|rated|
|rule|HP Percentage Mod: HP is shown in percentages
|rule|Endless Battle Clause: Forcing endless battles is banned
|rule|Species Clause: Limit one of each Pokémon
|rule|OHKO Clause: OHKO moves are banned
|rule|Evasion Items Clause: Evasion items are banned
|rule|Evasion Moves Clause: Evasion moves are banned
|rule|Evasion Abilities Clause: Evasion abilities are banned
|rule|Sleep Moves Clause: Sleep-inducing moves are banned
|clearpoke
|poke|p1|Toucannon, M|
|poke|p1|Dragonite, M|
|poke|p1|Zamazenta-*|
|poke|p1|Iron Treads|
|poke|p1|Zapdos|
|poke|p1|Primarina, M|
|poke|p2|Enamorus, F|
|poke|p2|Slowking-Galar, F|
|poke|p2|Cinderace, F|
|poke|p2|Alomomola, M|
|poke|p2|Lokix, M|
|poke|p2|Great Tusk|
|teampreview
|inactive|Battle timer is ON: inactive players will automatically lose when time's up. (requested by Spyro190 testing)
|
|t:|1757887117
|teamsize|p1|6
|teamsize|p2|6
|start
|switch|p1a: Franky|Toucannon, M|100/100
|switch|p2a: Alomomola|Alomomola, M|100/100
|turn|1
|
|t:|1757887125
|switch|p2a: Slowking|Slowking-Galar, F|100/100
|move|p1a: Franky|Knock Off|p2a: Slowking
|-supereffective|p2a: Slowking
|-damage|p2a: Slowking|50/100
|-enditem|p2a: Slowking|Shuca Berry|[from] move: Knock Off|[of] p1a: Franky
|
|upkeep
|turn|2
|
|t:|1757887135
|-singleturn|p1a: Franky|move: Beak Blast
|-prepare|p2a: Slowking|Chilly Reception|[premajor]
|move|p2a: Slowking|Chilly Reception|p2a: Slowking
|-weather|Snowscape
|
|t:|1757887140
|switch|p2a: Alomomola|Alomomola, M|100/100|[from] Chilly Reception
|move|p1a: Franky|Beak Blast|p2a: Alomomola
|-crit|p2a: Alomomola
|-damage|p2a: Alomomola|34/100
|
|-weather|Snowscape|[upkeep]
|upkeep
|turn|3
|
|t:|1757887147
|switch|p2a: Slowking|Slowking-Galar, F|83/100
|-singleturn|p1a: Franky|move: Beak Blast
|move|p1a: Franky|Beak Blast|p2a: Slowking
|-damage|p2a: Slowking|46/100
|
|-weather|Snowscape|[upkeep]
|upkeep
|turn|4
|inactive|abdkkgja has 120 seconds left.
|
|t:|1757887205
|switch|p1a: Enel|Zapdos|100/100
|-prepare|p2a: Slowking|Chilly Reception|[premajor]
|move|p2a: Slowking|Chilly Reception|p2a: Slowking
|
|t:|1757887214
|switch|p2a: Alomomola|Alomomola, M|67/100|[from] Chilly Reception
|
|-weather|Snowscape|[upkeep]
|upkeep
|turn|5
|
|t:|1757887222
|switch|p2a: Slowking|Slowking-Galar, F|80/100
|move|p1a: Enel|Hurricane|p2a: Slowking
|-damage|p2a: Slowking|11/100
|
|-weather|Snowscape|[upkeep]
|upkeep
|turn|6
|
|t:|1757887229
|switch|p2a: Alomomola|Alomomola, M|100/100
|move|p1a: Enel|Hurricane|p2a: Alomomola
|-damage|p2a: Alomomola|58/100
|
|-weather|none
|upkeep
|turn|7
|
|t:|1757887235
|switch|p1a: Franky|Toucannon, M|100/100
|move|p2a: Alomomola|Mirror Coat||[still]
|-fail|p2a: Alomomola
|
|upkeep
|turn|8
|
|t:|1757887241
|-singleturn|p1a: Franky|move: Beak Blast
|move|p2a: Alomomola|Flip Turn|p1a: Franky
|-damage|p1a: Franky|80/100
|-status|p2a: Alomomola|brn
|c|☆abdkkgja|Toucannon is broken
|c|☆abdkkgja|omg
|
|t:|1757887263
|switch|p2a: Slowking|Slowking-Galar, F|44/100|[from] Flip Turn
|move|p1a: Franky|Beak Blast|p2a: Slowking
|-damage|p2a: Slowking|3/100
|
|upkeep
|turn|9
|
|t:|1757887269
|switch|p2a: Alomomola|Alomomola, M|91/100 brn
|move|p1a: Franky|Knock Off|p2a: Alomomola
|-damage|p2a: Alomomola|62/100 brn
|-enditem|p2a: Alomomola|Assault Vest|[from] move: Knock Off|[of] p1a: Franky
|
|-damage|p2a: Alomomola|56/100 brn|[from] brn
|upkeep
|turn|10
|
|t:|1757887274
|move|p1a: Franky|Rock Blast|p2a: Alomomola
|-damage|p2a: Alomomola|49/100 brn
|-crit|p2a: Alomomola
|-damage|p2a: Alomomola|38/100 brn
|-damage|p2a: Alomomola|31/100 brn
|-damage|p2a: Alomomola|24/100 brn
|-damage|p2a: Alomomola|17/100 brn
|-hitcount|p2a: Alomomola|5
|move|p2a: Alomomola|Flip Turn|p1a: Franky
|-damage|p1a: Franky|70/100
|
|t:|1757887284
|switch|p2a: Lokix|Lokix, M|100/100|[from] Flip Turn
|
|upkeep
|turn|11
|
|t:|1757887288
|-singleturn|p1a: Franky|move: Beak Blast
|move|p2a: Lokix|U-turn|p1a: Franky
|-resisted|p1a: Franky
|-damage|p1a: Franky|8/100
|-status|p2a: Lokix|brn
|
|t:|1757887292
|switch|p2a: Alomomola|Alomomola, M|50/100 brn|[from] U-turn
|move|p1a: Franky|Beak Blast|p2a: Alomomola
|-damage|p2a: Alomomola|12/100 brn
|
|-damage|p2a: Alomomola|6/100 brn|[from] brn
|upkeep
|turn|12
|
|t:|1757887299
|move|p2a: Alomomola|Aqua Jet|p1a: Franky
|-damage|p1a: Franky|2/100
|move|p1a: Franky|Rock Blast|p2a: Alomomola
|-damage|p2a: Alomomola|0 fnt
|faint|p2a: Alomomola
|-hitcount|p2: Alomomola|1
|
|upkeep
|
|t:|1757887303
|switch|p2a: Cinderace|Cinderace, F|100/100
|turn|13
|
|t:|1757887307
|move|p2a: Cinderace|U-turn|p1a: Franky
|-resisted|p1a: Franky
|-damage|p1a: Franky|0 fnt
|faint|p1a: Franky
|
|t:|1757887315
|switch|p2a: Slowking|Slowking-Galar, F|36/100|[from] U-turn
|
|upkeep
|
|t:|1757887317
|switch|p1a: Enel|Zapdos|100/100
|turn|14
|
|t:|1757887326
|switch|p2a: Cinderace|Cinderace, F|100/100
|move|p1a: Enel|Hurricane|p2a: Cinderace
|-damage|p2a: Cinderace|0 fnt
|faint|p2a: Cinderace
|
|upkeep
|
|t:|1757887334
|switch|p2a: Enamorus|Enamorus, F|100/100
|turn|15
|
|t:|1757887336
|move|p2a: Enamorus|Moonblast|p1a: Enel
|-damage|p1a: Enel|41/100
|-unboost|p1a: Enel|spa|1
|move|p1a: Enel|Hurricane|p2a: Enamorus|[miss]
|-miss|p1a: Enel|p2a: Enamorus
|
|upkeep
|turn|16
|
|t:|1757887343
|switch|p1a: Shirahoshi|Primarina, M|100/100
|move|p2a: Enamorus|Moonblast|p1a: Shirahoshi
|-damage|p1a: Shirahoshi|70/100
|-unboost|p1a: Shirahoshi|spa|1
|
|upkeep
|turn|17
|
|t:|1757887346
|switch|p2a: Slowking|Slowking-Galar, F|69/100
|move|p1a: Shirahoshi|Flip Turn|p2a: Slowking
|-damage|p2a: Slowking|58/100
|
|t:|1757887352
|switch|p1a: Eustass Kid|Iron Treads|100/100|[from] Flip Turn
|-item|p1a: Eustass Kid|Air Balloon
|
|upkeep
|turn|18
|
|t:|1757887358
|switch|p2a: Great Tusk|Great Tusk|100/100
|move|p1a: Eustass Kid|Earthquake|p2a: Great Tusk
|-damage|p2a: Great Tusk|78/100
|
|-heal|p2a: Great Tusk|84/100|[from] item: Leftovers
|upkeep
|turn|19
|
|t:|1757887364
|-end|p1a: Eustass Kid|Quark Drive|[silent]
|switch|p1a: Enel|Zapdos|41/100
|move|p2a: Great Tusk|Rapid Spin|p1a: Enel
|-damage|p1a: Enel|22/100
|-boost|p2a: Great Tusk|spe|1
|
|-heal|p2a: Great Tusk|91/100|[from] item: Leftovers
|upkeep
|turn|20
|
|t:|1757887378
|-end|p2a: Great Tusk|Protosynthesis|[silent]
|switch|p2a: Slowking|Slowking-Galar, F|91/100
|move|p1a: Enel|Hurricane|p2a: Slowking|[miss]
|-miss|p1a: Enel|p2a: Slowking
|
|upkeep
|turn|21
|
|t:|1757887384
|move|p1a: Enel|Hurricane|p2a: Slowking|[miss]
|-miss|p1a: Enel|p2a: Slowking
|-prepare|p2a: Slowking|Chilly Reception|[premajor]
|move|p2a: Slowking|Chilly Reception|p2a: Slowking
|-weather|Snowscape
|
|t:|1757887392
|switch|p2a: Enamorus|Enamorus, F|100/100|[from] Chilly Reception
|
|-weather|Snowscape|[upkeep]
|upkeep
|turn|22
|
|t:|1757887396
|move|p2a: Enamorus|Moonblast|p1a: Enel
|-damage|p1a: Enel|0 fnt
|faint|p1a: Enel
|
|-weather|Snowscape|[upkeep]
|upkeep
|
|t:|1757887401
|switch|p1a: Shirahoshi|Primarina, M|70/100
|turn|23
|
|t:|1757887405
|switch|p2a: Slowking|Slowking-Galar, F|100/100
|move|p1a: Shirahoshi|Flip Turn|p2a: Slowking
|-damage|p2a: Slowking|90/100
|
|t:|1757887407
|switch|p1a: Eustass Kid|Iron Treads|100/100|[from] Flip Turn
|-item|p1a: Eustass Kid|Air Balloon
|
|-weather|Snowscape|[upkeep]
|upkeep
|turn|24
|
|t:|1757887415
|switch|p2a: Lokix|Lokix, M|100/100 brn
|move|p1a: Eustass Kid|Knock Off|p2a: Lokix
|-resisted|p2a: Lokix
|-damage|p2a: Lokix|80/100 brn
|-enditem|p2a: Lokix|Choice Band|[from] move: Knock Off|[of] p1a: Eustass Kid
|
|-weather|Snowscape|[upkeep]
|-damage|p2a: Lokix|74/100 brn|[from] brn
|upkeep
|turn|25
|
|t:|1757887421
|-end|p1a: Eustass Kid|Quark Drive|[silent]
|switch|p1a: Shirahoshi|Primarina, M|70/100
|move|p2a: Lokix|U-turn|p1a: Shirahoshi
|-resisted|p1a: Shirahoshi
|-damage|p1a: Shirahoshi|50/100
|
|t:|1757887425
|switch|p2a: Enamorus|Enamorus, F|100/100|[from] U-turn
|
|-weather|none
|upkeep
|turn|26
|
|t:|1757887428
|switch|p2a: Slowking|Slowking-Galar, F|100/100
|move|p1a: Shirahoshi|Moonblast|p2a: Slowking
|-resisted|p2a: Slowking
|-damage|p2a: Slowking|77/100
|
|upkeep
|turn|27
|
|t:|1757887434
|move|p1a: Shirahoshi|Shadow Ball|p2a: Slowking
|-supereffective|p2a: Slowking
|-damage|p2a: Slowking|30/100
|-prepare|p2a: Slowking|Chilly Reception|[premajor]
|move|p2a: Slowking|Chilly Reception|p2a: Slowking
|-weather|Snowscape
|
|t:|1757887448
|switch|p2a: Great Tusk|Great Tusk|91/100|[from] Chilly Reception
|
|-weather|Snowscape|[upkeep]
|-heal|p2a: Great Tusk|97/100|[from] item: Leftovers
|upkeep
|turn|28
|
|t:|1757887452
|-end|p2a: Great Tusk|Protosynthesis|[silent]
|switch|p2a: Slowking|Slowking-Galar, F|63/100
|switch|p1a: Shanks|Zamazenta|100/100
|-ability|p1a: Shanks|Dauntless Shield|boost
|-boost|p1a: Shanks|def|1
|
|-weather|Snowscape|[upkeep]
|upkeep
|turn|29
|
|t:|1757887462
|switch|p2a: Great Tusk|Great Tusk|97/100
|move|p1a: Shanks|Ice Fang|p2a: Great Tusk
|-supereffective|p2a: Great Tusk
|-damage|p2a: Great Tusk|62/100
|
|-weather|Snowscape|[upkeep]
|-heal|p2a: Great Tusk|68/100|[from] item: Leftovers
|upkeep
|turn|30
|
|t:|1757887470
|-end|p2a: Great Tusk|Protosynthesis|[silent]
|switch|p2a: Slowking|Slowking-Galar, F|97/100
|move|p1a: Shanks|Ice Fang|p2a: Slowking
|-damage|p2a: Slowking|72/100
|
|-weather|Snowscape|[upkeep]
|upkeep
|turn|31
|
|t:|1757887476
|switch|p1a: Eustass Kid|Iron Treads|100/100
|-item|p1a: Eustass Kid|Air Balloon
|move|p2a: Slowking|Future Sight|p1a: Eustass Kid
|-start|p2a: Slowking|move: Future Sight
|
|-weather|none
|upkeep
|turn|32
|
|t:|1757887481
|switch|p2a: Lokix|Lokix, M|74/100 brn
|move|p1a: Eustass Kid|Knock Off|p2a: Lokix
|-resisted|p2a: Lokix
|-damage|p2a: Lokix|61/100 brn
|
|-damage|p2a: Lokix|55/100 brn|[from] brn
|upkeep
|turn|33
|
|t:|1757887487
|move|p1a: Eustass Kid|Ice Spinner|p2a: Lokix
|-damage|p2a: Lokix|21/100 brn
|move|p2a: Lokix|U-turn|p1a: Eustass Kid
|-resisted|p1a: Eustass Kid
|-damage|p1a: Eustass Kid|86/100
|-enditem|p1a: Eustass Kid|Air Balloon
|
|t:|1757887492
|switch|p2a: Great Tusk|Great Tusk|68/100|[from] U-turn
|
|-end|p1a: Eustass Kid|move: Future Sight
|-resisted|p1a: Eustass Kid
|-damage|p1a: Eustass Kid|58/100
|-heal|p2a: Great Tusk|74/100|[from] item: Leftovers
|upkeep
|turn|34
|
|t:|1757887501
|-end|p1a: Eustass Kid|Quark Drive|[silent]
|switch|p1a: Shanks|Zamazenta|100/100
|move|p2a: Great Tusk|Earthquake|p1a: Shanks
|-damage|p1a: Shanks|64/100
|
|-heal|p2a: Great Tusk|80/100|[from] item: Leftovers
|upkeep
|turn|35
|
|t:|1757887504
|-end|p2a: Great Tusk|Protosynthesis|[silent]
|switch|p2a: Slowking|Slowking-Galar, F|100/100
|move|p1a: Shanks|Crunch|p2a: Slowking
|-supereffective|p2a: Slowking
|-damage|p2a: Slowking|41/100
|
|upkeep
|turn|36
|
|t:|1757887512
|switch|p1a: Monkey D. nite|Dragonite, M|100/100
|switch|p2a: Great Tusk|Great Tusk|80/100
|
|-heal|p2a: Great Tusk|87/100|[from] item: Leftovers
|upkeep
|turn|37
|
|t:|1757887518
|move|p1a: Monkey D. nite|Dragon Dance|p1a: Monkey D. nite
|-boost|p1a: Monkey D. nite|atk|1
|-boost|p1a: Monkey D. nite|spe|1
|move|p2a: Great Tusk|Knock Off|p1a: Monkey D. nite
|-damage|p1a: Monkey D. nite|85/100
|-enditem|p1a: Monkey D. nite|Loaded Dice|[from] move: Knock Off|[of] p2a: Great Tusk
|
|-heal|p2a: Great Tusk|93/100|[from] item: Leftovers
|upkeep
|turn|38
|j| Jey2
|
|t:|1757887533
|-end|p2a: Great Tusk|Protosynthesis|[silent]
|switch|p2a: Enamorus|Enamorus, F|100/100
|move|p1a: Monkey D. nite|Dragon Dance|p1a: Monkey D. nite
|-boost|p1a: Monkey D. nite|atk|1
|-boost|p1a: Monkey D. nite|spe|1
|
|upkeep
|turn|39
|
|t:|1757887558
|switch|p2a: Lokix|Lokix, M|21/100 brn
|move|p1a: Monkey D. nite|Extreme Speed|p2a: Lokix
|-damage|p2a: Lokix|0 fnt
|faint|p2a: Lokix
|
|upkeep
|inactive|Spyro190 testing has 120 seconds left.
|
|t:|1757887569
|switch|p2a: Enamorus|Enamorus, F|100/100
|turn|40
|
|t:|1757887575
|-terastallize|p1a: Monkey D. nite|Fire
|move|p1a: Monkey D. nite|Fire Punch|p2a: Enamorus
|-damage|p2a: Enamorus|0 fnt
|faint|p2a: Enamorus
|
|upkeep
|
|t:|1757887580
|switch|p2a: Great Tusk|Great Tusk|93/100
|turn|41
|
|t:|1757887582
|move|p1a: Monkey D. nite|Fire Punch|p2a: Great Tusk
|-damage|p2a: Great Tusk|45/100
|move|p2a: Great Tusk|Earthquake|p1a: Monkey D. nite
|-supereffective|p1a: Monkey D. nite
|-damage|p1a: Monkey D. nite|0 fnt
|faint|p1a: Monkey D. nite
|
|-heal|p2a: Great Tusk|51/100|[from] item: Leftovers
|upkeep
|
|t:|1757887588
|switch|p1a: Shanks|Zamazenta|64/100
|turn|42
|
|t:|1757887592
|-end|p2a: Great Tusk|Protosynthesis|[silent]
|switch|p2a: Slowking|Slowking-Galar, F|74/100
|move|p1a: Shanks|Ice Fang|p2a: Slowking
|-damage|p2a: Slowking|52/100
|
|upkeep
|turn|43
|
|t:|1757887598
|move|p1a: Shanks|Ice Fang|p2a: Slowking
|-damage|p2a: Slowking|28/100
|-prepare|p2a: Slowking|Chilly Reception|[premajor]
|move|p2a: Slowking|Chilly Reception|p2a: Slowking
|-weather|Snowscape
|
|t:|1757887603
|switch|p2a: Great Tusk|Great Tusk|51/100|[from] Chilly Reception
|
|-weather|Snowscape|[upkeep]
|-heal|p2a: Great Tusk|57/100|[from] item: Leftovers
|upkeep
|turn|44
|
|t:|1757887609
|-terastallize|p2a: Great Tusk|Poison
|move|p1a: Shanks|Ice Fang|p2a: Great Tusk
|-damage|p2a: Great Tusk|40/100
|cant|p2a: Great Tusk|flinch
|
|-weather|Snowscape|[upkeep]
|-heal|p2a: Great Tusk|46/100|[from] item: Leftovers
|upkeep
|turn|45
|
|t:|1757887614
|move|p1a: Shanks|Ice Fang|p2a: Great Tusk
|-damage|p2a: Great Tusk|30/100
|move|p2a: Great Tusk|Bulk Up|p2a: Great Tusk
|-boost|p2a: Great Tusk|atk|1
|-boost|p2a: Great Tusk|def|1
|
|-weather|Snowscape|[upkeep]
|-heal|p2a: Great Tusk|36/100|[from] item: Leftovers
|upkeep
|turn|46
|
|t:|1757887618
|move|p1a: Shanks|Ice Fang|p2a: Great Tusk
|-damage|p2a: Great Tusk|24/100
|move|p2a: Great Tusk|Rapid Spin|p1a: Shanks
|-damage|p1a: Shanks|45/100
|-boost|p2a: Great Tusk|spe|1
|
|-weather|Snowscape|[upkeep]
|-heal|p2a: Great Tusk|30/100|[from] item: Leftovers
|upkeep
|turn|47
|
|t:|1757887623
|move|p1a: Shanks|Ice Fang|p2a: Great Tusk
|-damage|p2a: Great Tusk|19/100
|-status|p2a: Great Tusk|frz
|cant|p2a: Great Tusk|frz
|
|-weather|none
|-heal|p2a: Great Tusk|25/100 frz|[from] item: Leftovers
|upkeep
|turn|48
|
|t:|1757887630
|move|p1a: Shanks|Ice Fang|p2a: Great Tusk
|-damage|p2a: Great Tusk|13/100 frz
|cant|p2a: Great Tusk|frz
|
|-heal|p2a: Great Tusk|19/100 frz|[from] item: Leftovers
|upkeep
|turn|49
|
|t:|1757887632
|move|p1a: Shanks|Ice Fang|p2a: Great Tusk
|-damage|p2a: Great Tusk|7/100 frz
|cant|p2a: Great Tusk|frz
|
|-heal|p2a: Great Tusk|14/100 frz|[from] item: Leftovers
|upkeep
|turn|50
|
|t:|1757887635
|move|p1a: Shanks|Ice Fang|p2a: Great Tusk|[miss]
|-miss|p1a: Shanks|p2a: Great Tusk
|cant|p2a: Great Tusk|frz
|
|-heal|p2a: Great Tusk|20/100 frz|[from] item: Leftovers
|upkeep
|turn|51
|
|t:|1757887637
|move|p1a: Shanks|Ice Fang|p2a: Great Tusk
|-damage|p2a: Great Tusk|7/100 frz
|-curestatus|p2a: Great Tusk|frz|[msg]
|move|p2a: Great Tusk|Rapid Spin|p1a: Shanks
|-crit|p1a: Shanks
|-damage|p1a: Shanks|16/100
|-boost|p2a: Great Tusk|spe|1
|
|-heal|p2a: Great Tusk|14/100|[from] item: Leftovers
|upkeep
|turn|52
|
|t:|1757887642
|move|p2a: Great Tusk|Earthquake|p1a: Shanks
|-damage|p1a: Shanks|0 fnt
|faint|p1a: Shanks
|
|-heal|p2a: Great Tusk|20/100|[from] item: Leftovers
|upkeep
|-message|abdkkgja forfeited.
|
|win|Spyro190 testing
|raw|abdkkgja's rating: 1652 &rarr; <strong>1631</strong><br />(-21 for losing)
|raw|Spyro190 testing's rating: 1641 &rarr; <strong>1662</strong><br />(+21 for winning)
|l|☆abdkkgja
|player|p1|
