|j|☆TestAccount619
|j|☆Niclsz
|t:|1757838123
|gametype|singles
|player|p1|TestAccount619|101|1217
|player|p2|Niclsz|266|1162
|gen|9
|tier|[Gen 9] OU
|rated|
|rule|HP Percentage Mod: HP is shown in percentages
|rule|Endless Battle Clause: Forcing endless battles is banned
|rule|Species Clause: Limit one of each Pokémon
|rule|OHKO Clause: OHKO moves are banned
|rule|Evasion Items Clause: Evasion items are banned
|rule|Evasion Moves Clause: Evasion moves are banned
|rule|Evasion Abilities Clause: Evasion abilities are banned
|rule|Sleep Moves Clause: Sleep-inducing moves are banned
|clearpoke
|poke|p1|Fezandipiti, M|
|poke|p1|Garganacl, M|
|poke|p1|Gliscor, M|
|poke|p1|Hydrapple, M|
|poke|p1|Slowking, M|
|poke|p1|Dragapult, M|
|poke|p2|Amoonguss, F|
|poke|p2|Gholdengo|
|poke|p2|Incineroar, M|
|poke|p2|Kingambit, M|
|poke|p2|Weezing-Galar, F|
|poke|p2|Ditto|
|teampreview
|inactive|Battle timer is ON: inactive players will automatically lose when time's up. (requested by Niclsz)
|
|t:|1757838139
|teamsize|p1|6
|teamsize|p2|6
|start
|switch|p1a: Gliscor|Gliscor, M|100/100
|switch|p2a: Ditto|Ditto|100/100
|-transform|p2a: Ditto|p1a: Gliscor|[from] ability: Imposter
|turn|1
|
|t:|1757838148
|move|p1a: Gliscor|Protect|p1a: Gliscor
|-singleturn|p1a: Gliscor|Protect
|move|p2a: Ditto|Knock Off|p1a: Gliscor
|-activate|p1a: Gliscor|move: Protect
|
|-status|p1a: Gliscor|tox|[from] item: Toxic Orb
|upkeep
|turn|2
|
|t:|1757838157
|move|p2a: Ditto|Knock Off|p1a: Gliscor
|-damage|p1a: Gliscor|88/100 tox
|-enditem|p1a: Gliscor|Toxic Orb|[from] move: Knock Off|[of] p2a: Ditto
|move|p1a: Gliscor|Knock Off|p2a: Ditto
|-damage|p2a: Ditto|85/100
|-enditem|p2a: Ditto|Choice Scarf|[from] move: Knock Off|[of] p1a: Gliscor
|
|-heal|p1a: Gliscor|99/100 tox|[from] ability: Poison Heal
|upkeep
|turn|3
|
|t:|1757838169
|switch|p1a: Hydrapple|Hydrapple, M|100/100
|move|p2a: Ditto|Spikes|p1a: Hydrapple
|-sidestart|p1: TestAccount619|Spikes
|
|upkeep
|turn|4
|
|t:|1757838181
|switch|p2a: Amoonguss|Amoonguss, F|100/100
|move|p1a: Hydrapple|Nasty Plot|p1a: Hydrapple
|-boost|p1a: Hydrapple|spa|2
|
|upkeep
|turn|5
|
|t:|1757838187
|-terastallize|p1a: Hydrapple|Steel
|move|p1a: Hydrapple|Nasty Plot|p1a: Hydrapple
|-boost|p1a: Hydrapple|spa|2
|move|p2a: Amoonguss|Toxic|p1a: Hydrapple
|-immune|p1a: Hydrapple
|
|upkeep
|turn|6
|
|t:|1757838192
|move|p1a: Hydrapple|Nasty Plot|p1a: Hydrapple
|-boost|p1a: Hydrapple|spa|2
|move|p2a: Amoonguss|Stun Spore|p1a: Hydrapple
|-status|p1a: Hydrapple|par
|
|upkeep
|turn|7
|
|t:|1757838201
|switch|p2a: Gholdengo|Gholdengo|100/100
|move|p1a: Hydrapple|Fickle Beam|p2a: Gholdengo
|-resisted|p2a: Gholdengo
|-damage|p2a: Gholdengo|42/100
|
|upkeep
|turn|8
|
|t:|1757838207
|move|p2a: Gholdengo|Dazzling Gleam|p1a: Hydrapple
|-resisted|p1a: Hydrapple
|-damage|p1a: Hydrapple|77/100 par
|cant|p1a: Hydrapple|par
|
|upkeep
|turn|9
|
|t:|1757838211
|move|p2a: Gholdengo|Dazzling Gleam|p1a: Hydrapple
|-resisted|p1a: Hydrapple
|-damage|p1a: Hydrapple|56/100 par
|move|p1a: Hydrapple|Earth Power|p2a: Gholdengo
|-supereffective|p2a: Gholdengo
|-damage|p2a: Gholdengo|0 fnt
|faint|p2a: Gholdengo
|
|upkeep
|
|t:|1757838214
|switch|p2a: Ditto|Ditto|85/100
|-transform|p2a: Ditto|p1a: Hydrapple|[from] ability: Imposter
|-start|p2a: Ditto|typechange|Grass/Dragon|[silent]
|turn|10
|
|t:|1757838228
|switch|p1a: Gliscor|Gliscor, M|99/100 tox
|move|p2a: Ditto|Earth Power|p1a: Gliscor
|-immune|p1a: Gliscor
|
|-heal|p1a: Gliscor|100/100 tox|[from] ability: Poison Heal
|upkeep
|turn|11
|
|t:|1757838240
|-terastallize|p2a: Ditto|Normal
|move|p1a: Gliscor|Knock Off|p2a: Ditto
|-damage|p2a: Ditto|73/100
|move|p2a: Ditto|Giga Drain|p1a: Gliscor
|-damage|p1a: Gliscor|0 fnt
|-heal|p2a: Ditto|100/100|[from] drain|[of] p1a: Gliscor
|faint|p1a: Gliscor
|
|upkeep
|
|t:|1757838245
|switch|p1a: Fezandipiti|Fezandipiti, M|100/100
|turn|12
|
|t:|1757838249
|move|p1a: Fezandipiti|Beat Up|p2a: Ditto
|-damage|p2a: Ditto|98/100
|-damage|p2a: Ditto|95/100
|-status|p2a: Ditto|tox|[from] ability: Toxic Chain|[of] p1a: Fezandipiti
|-crit|p2a: Ditto
|-damage|p2a: Ditto|92/100 tox
|-damage|p2a: Ditto|89/100 tox
|-hitcount|p2a: Ditto|4
|move|p2a: Ditto|Earth Power|p1a: Fezandipiti
|-supereffective|p1a: Fezandipiti
|-crit|p1a: Fezandipiti
|-damage|p1a: Fezandipiti|0 fnt
|faint|p1a: Fezandipiti
|
|-damage|p2a: Ditto|83/100 tox|[from] psn
|upkeep
|
|t:|1757838266
|switch|p1a: Dragapult|Dragapult, M|100/100
|turn|13
|
|t:|1757838275
|switch|p2a: Weezing|Weezing-Galar, F|100/100
|-ability|p2a: Weezing|Neutralizing Gas
|move|p1a: Dragapult|Draco Meteor|p2a: Weezing
|-immune|p2a: Weezing
|
|upkeep
|turn|14
|
|t:|1757838281
|move|p1a: Dragapult|U-turn|p2a: Weezing
|-resisted|p2a: Weezing
|-damage|p2a: Weezing|97/100
|
|t:|1757838285
|switch|p1a: Hydrapple|Hydrapple, M, tera:Steel|89/100 par|[from] U-turn
|move|p2a: Weezing|Toxic||[still]
|-fail|p2a: Weezing
|
|-heal|p2a: Weezing|100/100|[from] item: Leftovers
|upkeep
|turn|15
|
|t:|1757838294
|-end|p2a: Weezing|ability: Neutralizing Gas
|switch|p2a: Incineroar|Incineroar, M|100/100
|-ability|p2a: Incineroar|Intimidate|boost
|-unboost|p1a: Hydrapple|atk|1
|move|p1a: Hydrapple|Earth Power|p2a: Incineroar
|-supereffective|p2a: Incineroar
|-damage|p2a: Incineroar|69/100
|
|upkeep
|turn|16
|
|t:|1757838303
|switch|p1a: Garganacl|Garganacl, M, shiny|100/100
|-damage|p1a: Garganacl|88/100|[from] Spikes
|move|p2a: Incineroar|Close Combat|p1a: Garganacl
|-supereffective|p1a: Garganacl
|-damage|p1a: Garganacl|48/100
|-unboost|p2a: Incineroar|def|1
|-unboost|p2a: Incineroar|spd|1
|
|-heal|p1a: Garganacl|54/100|[from] item: Leftovers
|upkeep
|turn|17
|
|t:|1757838310
|switch|p2a: Amoonguss|Amoonguss, F|100/100
|move|p1a: Garganacl|Salt Cure|p2a: Amoonguss
|-damage|p2a: Amoonguss|85/100
|-start|p2a: Amoonguss|Salt Cure
|
|-heal|p1a: Garganacl|60/100|[from] item: Leftovers
|-heal|p2a: Amoonguss|91/100|[from] item: Leftovers
|-damage|p2a: Amoonguss|79/100|[from] Salt Cure
|upkeep
|turn|18
|
|t:|1757838319
|switch|p1a: Hydrapple|Hydrapple, M, tera:Steel|100/100 par
|move|p2a: Amoonguss|Giga Drain|p1a: Hydrapple
|-resisted|p1a: Hydrapple
|-damage|p1a: Hydrapple|89/100 par
|-heal|p2a: Amoonguss|85/100|[from] drain|[of] p1a: Hydrapple
|
|-heal|p2a: Amoonguss|91/100|[from] item: Leftovers
|-damage|p2a: Amoonguss|78/100|[from] Salt Cure
|upkeep
|turn|19
|
|t:|1757838331
|move|p2a: Amoonguss|Giga Drain|p1a: Hydrapple
|-resisted|p1a: Hydrapple
|-damage|p1a: Hydrapple|78/100 par
|-heal|p2a: Amoonguss|84/100|[from] drain|[of] p1a: Hydrapple
|move|p1a: Hydrapple|Earth Power|p2a: Amoonguss
|-damage|p2a: Amoonguss|68/100
|
|-heal|p2a: Amoonguss|74/100|[from] item: Leftovers
|-damage|p2a: Amoonguss|61/100|[from] Salt Cure
|upkeep
|turn|20
|
|t:|1757838342
|move|p2a: Amoonguss|Giga Drain|p1a: Hydrapple
|-resisted|p1a: Hydrapple
|-damage|p1a: Hydrapple|67/100 par
|-heal|p2a: Amoonguss|67/100|[from] drain|[of] p1a: Hydrapple
|move|p1a: Hydrapple|Fickle Beam|p2a: Amoonguss
|-damage|p2a: Amoonguss|45/100
|
|-heal|p2a: Amoonguss|51/100|[from] item: Leftovers
|-damage|p2a: Amoonguss|38/100|[from] Salt Cure
|upkeep
|turn|21
|
|t:|1757838356
|switch|p2a: Incineroar|Incineroar, M|69/100
|-ability|p2a: Incineroar|Intimidate|boost
|-unboost|p1a: Hydrapple|atk|1
|move|p1a: Hydrapple|Earth Power|p2a: Incineroar
|-supereffective|p2a: Incineroar
|-damage|p2a: Incineroar|38/100
|
|upkeep
|turn|22
|
|t:|1757838370
|switch|p1a: Garganacl|Garganacl, M, shiny|60/100
|-damage|p1a: Garganacl|48/100|[from] Spikes
|move|p2a: Incineroar|Darkest Lariat|p1a: Garganacl
|-damage|p1a: Garganacl|25/100
|
|-heal|p1a: Garganacl|31/100|[from] item: Leftovers
|upkeep
|turn|23
|
|t:|1757838378
|switch|p2a: Amoonguss|Amoonguss, F|72/100
|move|p1a: Garganacl|Protect||[still]
|-fail|p1a: Garganacl
|
|-heal|p1a: Garganacl|37/100|[from] item: Leftovers
|-heal|p2a: Amoonguss|78/100|[from] item: Leftovers
|upkeep
|turn|24
|
|t:|1757838388
|switch|p1a: Dragapult|Dragapult, M|100/100
|move|p2a: Amoonguss|Giga Drain|p1a: Dragapult
|-resisted|p1a: Dragapult
|-damage|p1a: Dragapult|84/100
|-heal|p2a: Amoonguss|84/100|[from] drain|[of] p1a: Dragapult
|
|-heal|p2a: Amoonguss|90/100|[from] item: Leftovers
|upkeep
|turn|25
|
|t:|1757838392
|move|p1a: Dragapult|Will-O-Wisp|p2a: Amoonguss
|-status|p2a: Amoonguss|brn
|move|p2a: Amoonguss|Toxic|p1a: Dragapult
|-status|p1a: Dragapult|tox
|
|-heal|p2a: Amoonguss|97/100 brn|[from] item: Leftovers
|-damage|p1a: Dragapult|78/100 tox|[from] psn
|-damage|p2a: Amoonguss|90/100 brn|[from] brn
|upkeep
|turn|26
|
|t:|1757838397
|move|p1a: Dragapult|Hex|p2a: Amoonguss
|-damage|p2a: Amoonguss|55/100 brn
|move|p2a: Amoonguss|Giga Drain|p1a: Dragapult
|-resisted|p1a: Dragapult
|-damage|p1a: Dragapult|64/100 tox
|-heal|p2a: Amoonguss|60/100 brn|[from] drain|[of] p1a: Dragapult
|
|-heal|p2a: Amoonguss|67/100 brn|[from] item: Leftovers
|-damage|p1a: Dragapult|52/100 tox|[from] psn
|-damage|p2a: Amoonguss|60/100 brn|[from] brn
|upkeep
|turn|27
|
|t:|1757838402
|switch|p2a: Kingambit|Kingambit, M|100/100
|-activate|p2a: Kingambit|ability: Supreme Overlord
|-start|p2a: Kingambit|fallen1|[silent]
|move|p1a: Dragapult|Hex|p2a: Kingambit
|-resisted|p2a: Kingambit
|-damage|p2a: Kingambit|87/100
|
|-damage|p1a: Dragapult|34/100 tox|[from] psn
|upkeep
|turn|28
|
|t:|1757838408
|move|p2a: Kingambit|Sucker Punch||[still]
|-fail|p2a: Kingambit
|move|p1a: Dragapult|Will-O-Wisp|p2a: Kingambit
|-status|p2a: Kingambit|brn
|
|-damage|p1a: Dragapult|10/100 tox|[from] psn
|-damage|p2a: Kingambit|81/100 brn|[from] brn
|upkeep
|turn|29
|
|t:|1757838416
|switch|p1a: Garganacl|Garganacl, M, shiny|37/100
|-damage|p1a: Garganacl|25/100|[from] Spikes
|-end|p2a: Kingambit|fallen1|[silent]
|switch|p2a: Weezing|Weezing-Galar, F|100/100
|-ability|p2a: Weezing|Neutralizing Gas
|
|-heal|p1a: Garganacl|31/100|[from] item: Leftovers
|upkeep
|turn|30
|
|t:|1757838422
|move|p2a: Weezing|Dazzling Gleam|p1a: Garganacl
|-damage|p1a: Garganacl|7/100
|move|p1a: Garganacl|Recover|p1a: Garganacl
|-heal|p1a: Garganacl|57/100
|
|-heal|p1a: Garganacl|64/100|[from] item: Leftovers
|upkeep
|turn|31
|
|t:|1757838428
|move|p2a: Weezing|Dazzling Gleam|p1a: Garganacl
|-damage|p1a: Garganacl|41/100
|move|p1a: Garganacl|Recover|p1a: Garganacl
|-heal|p1a: Garganacl|91/100
|
|-heal|p1a: Garganacl|97/100|[from] item: Leftovers
|upkeep
|turn|32
|
|t:|1757838436
|-end|p2a: Weezing|ability: Neutralizing Gas
|switch|p2a: Ditto|Ditto, tera:Normal|100/100 tox
|-transform|p2a: Ditto|p1a: Garganacl|[from] ability: Imposter
|move|p1a: Garganacl|Salt Cure|p2a: Ditto
|-damage|p2a: Ditto|90/100 tox
|-start|p2a: Ditto|Salt Cure
|
|-heal|p1a: Garganacl|100/100|[from] item: Leftovers
|-damage|p2a: Ditto|84/100 tox|[from] psn
|-damage|p2a: Ditto|72/100 tox|[from] Salt Cure
|upkeep
|turn|33
|
|t:|1757838447
|move|p1a: Garganacl|Stealth Rock|p2a: Ditto
|-sidestart|p2: Niclsz|move: Stealth Rock
|move|p2a: Ditto|Salt Cure|p1a: Garganacl
|-damage|p1a: Garganacl|93/100
|-start|p1a: Garganacl|Salt Cure
|
|-heal|p1a: Garganacl|99/100|[from] item: Leftovers
|-damage|p2a: Ditto|60/100 tox|[from] psn
|-damage|p2a: Ditto|48/100 tox|[from] Salt Cure
|-damage|p1a: Garganacl|87/100|[from] Salt Cure
|upkeep
|turn|34
|
|t:|1757838460
|switch|p2a: Weezing|Weezing-Galar, F|100/100
|-ability|p2a: Weezing|Neutralizing Gas
|-damage|p2a: Weezing|88/100|[from] Stealth Rock
|move|p1a: Garganacl|Salt Cure|p2a: Weezing
|-damage|p2a: Weezing|76/100
|-start|p2a: Weezing|Salt Cure
|
|-heal|p2a: Weezing|82/100|[from] item: Leftovers
|-heal|p1a: Garganacl|93/100|[from] item: Leftovers
|-damage|p2a: Weezing|70/100|[from] Salt Cure
|-damage|p1a: Garganacl|81/100|[from] Salt Cure
|upkeep
|turn|35
|
|t:|1757838471
|move|p2a: Weezing|Defog|p1a: Garganacl
|-unboost|p1a: Garganacl|evasion|1
|-sideend|p1: TestAccount619|Spikes|[from] move: Defog|[of] p2a: Weezing
|-sideend|p2: Niclsz|Stealth Rock|[from] move: Defog|[of] p2a: Weezing
|move|p1a: Garganacl|Salt Cure|p2a: Weezing
|-damage|p2a: Weezing|57/100
|
|-heal|p2a: Weezing|62/100|[from] item: Leftovers
|-heal|p1a: Garganacl|87/100|[from] item: Leftovers
|-damage|p2a: Weezing|50/100|[from] Salt Cure
|-damage|p1a: Garganacl|75/100|[from] Salt Cure
|upkeep
|turn|36
|
|t:|1757838481
|-end|p2a: Weezing|ability: Neutralizing Gas
|switch|p2a: Kingambit|Kingambit, M|81/100 brn
|-activate|p2a: Kingambit|ability: Supreme Overlord
|-start|p2a: Kingambit|fallen1|[silent]
|move|p1a: Garganacl|Stealth Rock|p2a: Kingambit
|-sidestart|p2: Niclsz|move: Stealth Rock
|
|-heal|p1a: Garganacl|81/100|[from] item: Leftovers
|-damage|p2a: Kingambit|75/100 brn|[from] brn
|-damage|p1a: Garganacl|68/100|[from] Salt Cure
|upkeep
|turn|37
|
|t:|1757838487
|move|p2a: Kingambit|Iron Head|p1a: Garganacl
|-supereffective|p1a: Garganacl
|-damage|p1a: Garganacl|32/100
|move|p1a: Garganacl|Salt Cure|p2a: Kingambit
|-resisted|p2a: Kingambit
|-damage|p2a: Kingambit|69/100 brn
|-start|p2a: Kingambit|Salt Cure
|
|-heal|p1a: Garganacl|39/100|[from] item: Leftovers
|-damage|p2a: Kingambit|62/100 brn|[from] brn
|-damage|p2a: Kingambit|37/100 brn|[from] Salt Cure
|-damage|p1a: Garganacl|26/100|[from] Salt Cure
|upkeep
|turn|38
|
|t:|1757838497
|move|p2a: Kingambit|Iron Head|p1a: Garganacl
|-supereffective|p1a: Garganacl
|-damage|p1a: Garganacl|0 fnt
|faint|p1a: Garganacl
|
|-damage|p2a: Kingambit|31/100 brn|[from] brn
|-damage|p2a: Kingambit|6/100 brn|[from] Salt Cure
|upkeep
|
|t:|1757838505
|switch|p1a: Hydrapple|Hydrapple, M, tera:Steel|99/100 par
|turn|39
|
|t:|1757838510
|move|p2a: Kingambit|Iron Head|p1a: Hydrapple
|-resisted|p1a: Hydrapple
|-damage|p1a: Hydrapple|90/100 par
|move|p1a: Hydrapple|Nasty Plot|p1a: Hydrapple
|-boost|p1a: Hydrapple|spa|2
|
|-damage|p2a: Kingambit|0 fnt|[from] brn
|faint|p2a: Kingambit
|-end|p2a: Kingambit|fallen1|[silent]
|upkeep
|
|t:|1757838515
|switch|p2a: Incineroar|Incineroar, M|38/100
|-damage|p2a: Incineroar|13/100|[from] Stealth Rock
|-ability|p2a: Incineroar|Intimidate|boost
|-unboost|p1a: Hydrapple|atk|1
|turn|40
|
|t:|1757838529
|move|p2a: Incineroar|Flare Blitz|p1a: Hydrapple
|-supereffective|p1a: Hydrapple
|-crit|p1a: Hydrapple
|-damage|p1a: Hydrapple|0 fnt
|faint|p1a: Hydrapple
|-damage|p2a: Incineroar|0 fnt|[from] Recoil
|faint|p2a: Incineroar
|
|upkeep
|
|t:|1757838544
|switch|p2a: Amoonguss|Amoonguss, F|94/100 brn
|switch|p1a: Slowking|Slowking, M|100/100
|-damage|p2a: Amoonguss|81/100 brn|[from] Stealth Rock
|turn|41
|
|t:|1757838549
|move|p2a: Amoonguss|Toxic|p1a: Slowking
|-status|p1a: Slowking|tox
|move|p1a: Slowking|Future Sight|p2a: Amoonguss
|-start|p1a: Slowking|move: Future Sight
|
|-heal|p2a: Amoonguss|88/100 brn|[from] item: Leftovers
|-damage|p1a: Slowking|94/100 tox|[from] psn
|-damage|p2a: Amoonguss|81/100 brn|[from] brn
|upkeep
|turn|42
|
|t:|1757838559
|move|p2a: Amoonguss|Giga Drain|p1a: Slowking
|-supereffective|p1a: Slowking
|-damage|p1a: Slowking|67/100 tox
|-heal|p2a: Amoonguss|94/100 brn|[from] drain|[of] p1a: Slowking
|-prepare|p1a: Slowking|Chilly Reception|[premajor]
|move|p1a: Slowking|Chilly Reception|p1a: Slowking
|-weather|Snowscape
|
|t:|1757838566
|switch|p1a: Dragapult|Dragapult, M|10/100 tox|[from] Chilly Reception
|
|-weather|Snowscape|[upkeep]
|-heal|p2a: Amoonguss|99/100 brn|[from] item: Leftovers
|-damage|p1a: Dragapult|4/100 tox|[from] psn
|-damage|p2a: Amoonguss|94/100 brn|[from] brn
|upkeep
|turn|43
|
|t:|1757838572
|move|p1a: Dragapult|Hex|p2a: Amoonguss
|-damage|p2a: Amoonguss|56/100 brn
|move|p2a: Amoonguss|Giga Drain|p1a: Dragapult
|-resisted|p1a: Dragapult
|-damage|p1a: Dragapult|0 fnt
|-heal|p2a: Amoonguss|57/100 brn|[from] drain|[of] p1a: Dragapult
|faint|p1a: Dragapult
|
|-weather|Snowscape|[upkeep]
|-end|p2a: Amoonguss|move: Future Sight
|-supereffective|p2a: Amoonguss
|-damage|p2a: Amoonguss|0 fnt
|faint|p2a: Amoonguss
|upkeep
|
|t:|1757838585
|switch|p1a: Slowking|Slowking, M|99/100 tox
|switch|p2a: Ditto|Ditto, tera:Normal|48/100 tox
|-damage|p2a: Ditto|35/100 tox|[from] Stealth Rock
|-transform|p2a: Ditto|p1a: Slowking|[from] ability: Imposter
|turn|44
|
|t:|1757838604
|switch|p2a: Weezing|Weezing-Galar, F|50/100
|-ability|p2a: Weezing|Neutralizing Gas
|-damage|p2a: Weezing|38/100|[from] Stealth Rock
|move|p1a: Slowking|Future Sight|p2a: Weezing
|-start|p1a: Slowking|move: Future Sight
|
|-weather|Snowscape|[upkeep]
|-heal|p2a: Weezing|44/100|[from] item: Leftovers
|-damage|p1a: Slowking|94/100 tox|[from] psn
|upkeep
|turn|45
|
|t:|1757838619
|move|p2a: Weezing|Defog|p1a: Slowking
|-unboost|p1a: Slowking|evasion|1
|-sideend|p2: Niclsz|Stealth Rock|[from] move: Defog|[of] p2a: Weezing
|move|p1a: Slowking|Scald|p2a: Weezing
|-damage|p2a: Weezing|8/100
|
|-weather|Snowscape|[upkeep]
|-heal|p2a: Weezing|13/100|[from] item: Leftovers
|-damage|p1a: Slowking|82/100 tox|[from] psn
|upkeep
|turn|46
|
|t:|1757838626
|move|p2a: Weezing|Dazzling Gleam|p1a: Slowking
|-damage|p1a: Slowking|65/100 tox
|move|p1a: Slowking|Scald|p2a: Weezing
|-damage|p2a: Weezing|0 fnt
|faint|p2a: Weezing
|-end|p2a: Weezing|ability: Neutralizing Gas
|
|-weather|none
|-hint|Future Sight did not hit because the target is fainted.
|-damage|p1a: Slowking|47/100 tox|[from] psn
|upkeep
|
|t:|1757838630
|switch|p2a: Ditto|Ditto, tera:Normal|69/100 tox
|-transform|p2a: Ditto|p1a: Slowking|[from] ability: Imposter
|turn|47
|
|t:|1757838637
|move|p1a: Slowking|Future Sight|p2a: Ditto
|-start|p1a: Slowking|move: Future Sight
|move|p2a: Ditto|Scald|p1a: Slowking
|-resisted|p1a: Slowking
|-damage|p1a: Slowking|39/100 tox
|
|-damage|p1a: Slowking|14/100 tox|[from] psn
|-damage|p2a: Ditto|63/100 tox|[from] psn
|upkeep
|turn|48
|
|t:|1757838644
|move|p1a: Slowking|Scald|p2a: Ditto
|-damage|p2a: Ditto|40/100 tox
|move|p2a: Ditto|Scald|p1a: Slowking
|-resisted|p1a: Slowking
|-damage|p1a: Slowking|6/100 tox
|
|-damage|p1a: Slowking|0 fnt|[from] psn
|faint|p1a: Slowking
|
|win|Niclsz
|raw|TestAccount619's rating: 1217 &rarr; <strong>1188</strong><br />(-29 for losing)
|raw|Niclsz's rating: 1162 &rarr; <strong>1191</strong><br />(+29 for winning)
|l|☆Niclsz
|player|p2|
|l|☆TestAccount619
|player|p1|
