|j|☆PHDeezNuts
|j|☆fghsdgdfgdfgs
|t:|1757895173
|gametype|singles
|player|p1|PHDeezNuts|169|1013
|player|p2|fghsdgdfgdfgs|101|1044
|gen|9
|tier|[Gen 9] OU
|rated|
|rule|HP Percentage Mod: HP is shown in percentages
|rule|Endless Battle Clause: Forcing endless battles is banned
|rule|Species Clause: Limit one of each Pokémon
|rule|OHKO Clause: OHKO moves are banned
|rule|Evasion Items Clause: Evasion items are banned
|rule|Evasion Moves Clause: Evasion moves are banned
|rule|Evasion Abilities Clause: Evasion abilities are banned
|rule|Sleep Moves Clause: Sleep-inducing moves are banned
|clearpoke
|poke|p1|Golurk|
|poke|p1|Heracross, M|
|poke|p1|Jirachi|
|poke|p1|Rotom-Wash|
|poke|p1|Galvantula, F|
|poke|p1|Hitmontop, M|
|poke|p2|Dragonite, M|
|poke|p2|Regice|
|poke|p2|Corviknight, M|
|poke|p2|Great Tusk|
|poke|p2|Serperior, F|
|poke|p2|Sableye, F|
|teampreview
|inactive|Battle timer is ON: inactive players will automatically lose when time's up. (requested by fghsdgdfgdfgs)
|
|t:|1757895180
|teamsize|p1|6
|teamsize|p2|6
|start
|switch|p1a: Galvantula|Galvantula, F|100/100
|switch|p2a: Sableye|Sableye, F, shiny|100/100
|turn|1
|
|t:|1757895188
|move|p2a: Sableye|Fake Out|p1a: Galvantula
|-damage|p1a: Galvantula|87/100
|cant|p1a: Galvantula|flinch
|
|upkeep
|turn|2
|
|t:|1757895196
|move|p2a: Sableye|Will-O-Wisp|p1a: Galvantula
|-status|p1a: Galvantula|brn
|move|p1a: Galvantula|Sticky Web|p2a: Sableye
|-sidestart|p2: fghsdgdfgdfgs|move: Sticky Web
|
|-damage|p1a: Galvantula|81/100 brn|[from] brn
|upkeep
|turn|3
|
|t:|1757895203
|move|p2a: Sableye|Encore|p1a: Galvantula
|-start|p1a: Galvantula|Encore
|move|p1a: Galvantula|Sticky Web||[still]
|-fail|p1a: Galvantula
|
|-damage|p1a: Galvantula|75/100 brn|[from] brn
|upkeep
|turn|4
|
|t:|1757895218
|switch|p1a: Yeetle|Heracross, M|100/100
|switch|p2a: Corviknight|Corviknight, M|100/100
|-ability|p2a: Corviknight|Pressure
|
|upkeep
|turn|5
|inactive|PHDeezNuts has 120 seconds left.
|
|t:|1757895255
|switch|p1a: Rotom|Rotom-Wash|100/100
|move|p2a: Corviknight|Defog|p1a: Rotom
|-unboost|p1a: Rotom|evasion|1
|-sideend|p2: fghsdgdfgdfgs|Sticky Web|[from] move: Defog|[of] p2a: Corviknight
|
|upkeep
|turn|6
|inactive|PHDeezNuts has 120 seconds left.
|inactive|fghsdgdfgdfgs has 120 seconds left.
|
|t:|1757895292
|switch|p2a: Serperior|Serperior, F|100/100
|move|p1a: Rotom|Volt Switch|p2a: Serperior
|-resisted|p2a: Serperior
|-damage|p2a: Serperior|88/100
|inactive|PHDeezNuts has 90 seconds left.
|
|t:|1757895305
|switch|p1a: Hitmontop|Hitmontop, M|100/100|[from] Volt Switch
|
|upkeep
|turn|7
|inactive|fghsdgdfgdfgs has 120 seconds left.
|
|t:|1757895319
|move|p2a: Serperior|Glare|p1a: Hitmontop
|-status|p1a: Hitmontop|par
|move|p1a: Hitmontop|Triple Axel|p2a: Serperior
|-supereffective|p2a: Serperior
|-damage|p2a: Serperior|71/100
|-supereffective|p2a: Serperior
|-damage|p2a: Serperior|36/100
|-supereffective|p2a: Serperior
|-damage|p2a: Serperior|0 fnt
|faint|p2a: Serperior
|-hitcount|p2: Serperior|3
|
|upkeep
|inactive|fghsdgdfgdfgs has 90 seconds left.
|
|t:|1757895349
|switch|p2a: Dragonite|Dragonite, M, shiny|100/100
|turn|8
|
|t:|1757895354
|move|p2a: Dragonite|Dragon Dance|p2a: Dragonite
|-boost|p2a: Dragonite|atk|1
|-boost|p2a: Dragonite|spe|1
|cant|p1a: Hitmontop|par
|
|upkeep
|turn|9
|
|t:|1757895359
|move|p2a: Dragonite|Dragon Dance|p2a: Dragonite
|-boost|p2a: Dragonite|atk|1
|-boost|p2a: Dragonite|spe|1
|cant|p1a: Hitmontop|par
|
|upkeep
|turn|10
|
|t:|1757895364
|move|p2a: Dragonite|Dragon Dance|p2a: Dragonite
|-boost|p2a: Dragonite|atk|1
|-boost|p2a: Dragonite|spe|1
|cant|p1a: Hitmontop|par
|
|upkeep
|turn|11
|
|t:|1757895369
|move|p2a: Dragonite|Dragon Dance|p2a: Dragonite
|-boost|p2a: Dragonite|atk|1
|-boost|p2a: Dragonite|spe|1
|move|p1a: Hitmontop|Triple Axel|p2a: Dragonite
|-supereffective|p2a: Dragonite
|-damage|p2a: Dragonite|84/100
|-enditem|p2a: Dragonite|Weakness Policy
|-boost|p2a: Dragonite|atk|2|[from] item: Weakness Policy
|-boost|p2a: Dragonite|spa|2|[from] item: Weakness Policy
|-supereffective|p2a: Dragonite
|-damage|p2a: Dragonite|24/100
|-supereffective|p2a: Dragonite
|-damage|p2a: Dragonite|0 fnt
|faint|p2a: Dragonite
|-hitcount|p2: Dragonite|3
|
|upkeep
|inactive|fghsdgdfgdfgs has 120 seconds left.
|-message|fghsdgdfgdfgs forfeited.
|
|win|PHDeezNuts
|raw|PHDeezNuts's rating: 1013 &rarr; <strong>1054</strong><br />(+41 for winning)
|raw|fghsdgdfgdfgs's rating: 1044 &rarr; <strong>1026</strong><br />(-18 for losing)
|l|☆fghsdgdfgdfgs
|player|p2|
