|badge|p1|bronze|gen9randombattle|100-6
|uhtml|medal-msg|<div class="broadcast-blue">Curious what those medals under the avatar are? PS now has Ladder Seasons! For more information, check out the <a href="https://www.smogon.com/forums/threads/3740067/">thread on Smogon.</a></div>
|j|☆larp legion
|j|‽Cherrybomb15
|t:|1757814228
|gametype|singles
|player|p1|larp legion|clown|1556
|player|p2|Cherrybomb15|1|1640
|gen|9
|tier|[Gen 9] OU
|rated|
|rule|HP Percentage Mod: HP is shown in percentages
|rule|Endless Battle Clause: Forcing endless battles is banned
|rule|Species Clause: Limit one of each Pokémon
|rule|OHKO Clause: OHKO moves are banned
|rule|Evasion Items Clause: Evasion items are banned
|rule|Evasion Moves Clause: Evasion moves are banned
|rule|Evasion Abilities Clause: Evasion abilities are banned
|rule|Sleep Moves Clause: Sleep-inducing moves are banned
|clearpoke
|poke|p1|Alomomola, M|
|poke|p1|Rillaboom, M|
|poke|p1|Great Tusk|
|poke|p1|Iron Crown|
|poke|p1|Moltres|
|poke|p1|Ting-Lu|
|poke|p2|Dondozo, F|
|poke|p2|Slowking-Galar, M|
|poke|p2|Cinderace, M|
|poke|p2|Gholdengo|
|poke|p2|Hatterene, F|
|poke|p2|Landorus-Therian, M|
|teampreview
|inactive|Battle timer is ON: inactive players will automatically lose when time's up. (requested by Cherrybomb15)
|
|t:|1757814252
|teamsize|p1|6
|teamsize|p2|6
|start
|switch|p1a: Alomomola|Alomomola, M|100/100
|switch|p2a: Slowking|Slowking-Galar, M|100/100
|turn|1
|inactive|Cherrybomb15 has 120 seconds left.
|j| heatraniac
|
|t:|1757814288
|move|p1a: Alomomola|Substitute|p1a: Alomomola
|-start|p1a: Alomomola|Substitute
|-damage|p1a: Alomomola|76/100
|move|p2a: Slowking|Future Sight|p1a: Alomomola
|-start|p2a: Slowking|move: Future Sight
|
|-heal|p1a: Alomomola|82/100|[from] item: Leftovers
|upkeep
|turn|2
|
|t:|1757814291
|move|p1a: Alomomola|Calm Mind|p1a: Alomomola
|-boost|p1a: Alomomola|spa|1
|-boost|p1a: Alomomola|spd|1
|move|p2a: Slowking|Sludge Bomb|p1a: Alomomola
|-activate|p1a: Alomomola|move: Substitute|[damage]
|
|-heal|p1a: Alomomola|88/100|[from] item: Leftovers
|upkeep
|turn|3
|
|t:|1757814293
|move|p1a: Alomomola|Calm Mind|p1a: Alomomola
|-boost|p1a: Alomomola|spa|1
|-boost|p1a: Alomomola|spd|1
|-prepare|p2a: Slowking|Chilly Reception|[premajor]
|move|p2a: Slowking|Chilly Reception|p2a: Slowking
|-weather|Snowscape
|
|t:|1757814295
|switch|p2a: Gholdengo|Gholdengo|100/100|[from] Chilly Reception
|
|-weather|Snowscape|[upkeep]
|-end|p1a: Alomomola|move: Future Sight
|-end|p1a: Alomomola|Substitute
|-heal|p1a: Alomomola|94/100|[from] item: Leftovers
|upkeep
|turn|4
|
|t:|1757814300
|move|p2a: Gholdengo|Trick|p1a: Alomomola
|-activate|p2a: Gholdengo|move: Trick|[of] p1a: Alomomola
|-item|p1a: Alomomola|Choice Scarf|[from] move: Trick
|-item|p2a: Gholdengo|Leftovers|[from] move: Trick
|move|p1a: Alomomola|Scald|p2a: Gholdengo
|-damage|p2a: Gholdengo|55/100
|
|-weather|Snowscape|[upkeep]
|-heal|p2a: Gholdengo|61/100|[from] item: Leftovers
|upkeep
|turn|5
|j| king of spycrabs
|j| Rootliff
|
|t:|1757814306
|switch|p2a: Dondozo|Dondozo, F|100/100
|move|p1a: Alomomola|Scald|p2a: Dondozo
|-resisted|p2a: Dondozo
|-damage|p2a: Dondozo|90/100
|
|-weather|Snowscape|[upkeep]
|-heal|p2a: Dondozo|97/100|[from] item: Leftovers
|upkeep
|turn|6
|
|t:|1757814311
|move|p1a: Alomomola|Scald|p2a: Dondozo
|-resisted|p2a: Dondozo
|-damage|p2a: Dondozo|87/100
|move|p2a: Dondozo|Body Press|p1a: Alomomola
|-damage|p1a: Alomomola|73/100
|
|-weather|Snowscape|[upkeep]
|-heal|p2a: Dondozo|94/100|[from] item: Leftovers
|upkeep
|turn|7
|inactive|Cherrybomb15 has 120 seconds left.
|
|t:|1757814345
|move|p1a: Alomomola|Scald|p2a: Dondozo
|-resisted|p2a: Dondozo
|-damage|p2a: Dondozo|83/100
|-status|p2a: Dondozo|brn
|move|p2a: Dondozo|Body Press|p1a: Alomomola
|-damage|p1a: Alomomola|63/100
|
|-weather|none
|-heal|p2a: Dondozo|89/100 brn|[from] item: Leftovers
|-damage|p2a: Dondozo|83/100 brn|[from] brn
|upkeep
|turn|8
|
|t:|1757814352
|move|p1a: Alomomola|Scald|p2a: Dondozo
|-resisted|p2a: Dondozo
|-damage|p2a: Dondozo|74/100 brn
|move|p2a: Dondozo|Body Press|p1a: Alomomola
|-damage|p1a: Alomomola|52/100
|
|-heal|p2a: Dondozo|80/100 brn|[from] item: Leftovers
|-damage|p2a: Dondozo|74/100 brn|[from] brn
|upkeep
|turn|9
|
|t:|1757814354
|switch|p1a: Iron Crown|Iron Crown|100/100
|move|p2a: Dondozo|Body Press|p1a: Iron Crown
|-damage|p1a: Iron Crown|86/100
|
|-heal|p2a: Dondozo|80/100 brn|[from] item: Leftovers
|-damage|p2a: Dondozo|74/100 brn|[from] brn
|upkeep
|turn|10
|
|t:|1757814357
|switch|p2a: Slowking|Slowking-Galar, M|100/100
|move|p1a: Iron Crown|Future Sight|p2a: Slowking
|-start|p1a: Iron Crown|move: Future Sight
|
|upkeep
|turn|11
|
|t:|1757814364
|move|p1a: Iron Crown|Volt Switch|p2a: Slowking
|-damage|p2a: Slowking|88/100
|
|t:|1757814366
|-end|p1a: Iron Crown|Quark Drive|[silent]
|switch|p1a: Ting-Lu|Ting-Lu|100/100|[from] Volt Switch
|-ability|p1a: Ting-Lu|Vessel of Ruin
|move|p2a: Slowking|Thunder Wave|p1a: Ting-Lu
|-immune|p1a: Ting-Lu
|
|upkeep
|turn|12
|
|t:|1757814371
|move|p1a: Ting-Lu|Earthquake|p2a: Slowking
|-supereffective|p2a: Slowking
|-damage|p2a: Slowking|18/100
|-prepare|p2a: Slowking|Chilly Reception|[premajor]
|move|p2a: Slowking|Chilly Reception|p2a: Slowking
|-weather|Snowscape
|
|t:|1757814378
|switch|p2a: Gholdengo|Gholdengo|61/100|[from] Chilly Reception
|
|-weather|Snowscape|[upkeep]
|-end|p2a: Gholdengo|move: Future Sight
|-resisted|p2a: Gholdengo
|-crit|p2a: Gholdengo
|-damage|p2a: Gholdengo|21/100
|-heal|p2a: Gholdengo|27/100|[from] item: Leftovers
|upkeep
|turn|13
|
|t:|1757814395
|switch|p2a: Hatterene|Hatterene, F|100/100
|move|p1a: Ting-Lu|Earthquake|p2a: Hatterene
|-damage|p2a: Hatterene|69/100
|
|-weather|Snowscape|[upkeep]
|-heal|p2a: Hatterene|75/100|[from] item: Leftovers
|upkeep
|turn|14
|inactive|Cherrybomb15 has 120 seconds left.
|
|t:|1757814427
|move|p1a: Ting-Lu|Earthquake|p2a: Hatterene
|-damage|p2a: Hatterene|47/100
|move|p2a: Hatterene|Calm Mind|p2a: Hatterene
|-boost|p2a: Hatterene|spa|1
|-boost|p2a: Hatterene|spd|1
|
|-weather|Snowscape|[upkeep]
|-heal|p2a: Hatterene|53/100|[from] item: Leftovers
|upkeep
|turn|15
|
|t:|1757814432
|switch|p1a: Iron Crown|Iron Crown|86/100
|move|p2a: Hatterene|Draining Kiss|p1a: Iron Crown
|-resisted|p1a: Iron Crown
|-damage|p1a: Iron Crown|74/100
|-heal|p2a: Hatterene|62/100|[from] drain|[of] p1a: Iron Crown
|
|-weather|Snowscape|[upkeep]
|-heal|p2a: Hatterene|68/100|[from] item: Leftovers
|upkeep
|turn|16
|l| Rootliff
|inactive|Cherrybomb15 has 120 seconds left.
|
|t:|1757814457
|move|p1a: Iron Crown|Tachyon Cutter|p2a: Hatterene
|-supereffective|p2a: Hatterene
|-damage|p2a: Hatterene|30/100
|-supereffective|p2a: Hatterene
|-damage|p2a: Hatterene|0 fnt
|faint|p2a: Hatterene
|-hitcount|p2: Hatterene|2
|
|-weather|none
|upkeep
|
|t:|1757814461
|switch|p2a: Cinderace|Cinderace, M|100/100
|turn|17
|
|t:|1757814466
|-end|p1a: Iron Crown|Quark Drive|[silent]
|switch|p1a: Alomomola|Alomomola, M|85/100
|-terastallize|p2a: Cinderace|Fire
|move|p2a: Cinderace|Pyro Ball|p1a: Alomomola
|-resisted|p1a: Alomomola
|-damage|p1a: Alomomola|54/100
|
|upkeep
|turn|18
|
|t:|1757814469
|move|p2a: Cinderace|U-turn|p1a: Alomomola
|-damage|p1a: Alomomola|37/100
|
|t:|1757814472
|switch|p2a: Slowking|Slowking-Galar, M|51/100|[from] U-turn
|move|p1a: Alomomola|Scald|p2a: Slowking
|-damage|p2a: Slowking|38/100
|
|upkeep
|turn|19
|
|t:|1757814480
|switch|p1a: Iron Crown|Iron Crown|74/100
|-prepare|p2a: Slowking|Chilly Reception|[premajor]
|move|p2a: Slowking|Chilly Reception|p2a: Slowking
|-weather|Snowscape
|inactive|larp legion also wants the timer to be on.
|
|t:|1757814483
|switch|p2a: Cinderace|Cinderace, M, tera:Fire|100/100|[from] Chilly Reception
|
|-weather|Snowscape|[upkeep]
|upkeep
|turn|20
|
|t:|1757814485
|-end|p1a: Iron Crown|Quark Drive|[silent]
|switch|p1a: Alomomola|Alomomola, M|70/100
|move|p2a: Cinderace|Pyro Ball|p1a: Alomomola
|-resisted|p1a: Alomomola
|-damage|p1a: Alomomola|40/100
|
|-weather|Snowscape|[upkeep]
|upkeep
|turn|21
|
|t:|1757814491
|switch|p2a: Gholdengo|Gholdengo|27/100
|move|p1a: Alomomola|Scald|p2a: Gholdengo
|-damage|p2a: Gholdengo|2/100
|
|-weather|Snowscape|[upkeep]
|-heal|p2a: Gholdengo|8/100|[from] item: Leftovers
|upkeep
|turn|22
|
|t:|1757814495
|move|p2a: Gholdengo|Shadow Ball|p1a: Alomomola
|-damage|p1a: Alomomola|1/100
|move|p1a: Alomomola|Scald|p2a: Gholdengo
|-damage|p2a: Gholdengo|0 fnt
|faint|p2a: Gholdengo
|
|-weather|Snowscape|[upkeep]
|upkeep
|inactive|Cherrybomb15 has 120 seconds left.
|
|t:|1757814527
|switch|p2a: Cinderace|Cinderace, M, tera:Fire|100/100
|turn|23
|
|t:|1757814528
|switch|p1a: Moltres|Moltres|100/100
|move|p2a: Cinderace|Pyro Ball|p1a: Moltres
|-resisted|p1a: Moltres
|-damage|p1a: Moltres|72/100
|
|-weather|none
|upkeep
|turn|24
|
|t:|1757814535
|switch|p2a: Slowking|Slowking-Galar, M|72/100
|move|p1a: Moltres|Roost|p1a: Moltres
|-heal|p1a: Moltres|100/100
|-singleturn|p1a: Moltres|move: Roost
|
|upkeep
|turn|25
|c|☆larp legion|omg the goat cm mola
|
|t:|1757814540
|switch|p2a: Cinderace|Cinderace, M, tera:Fire|100/100
|move|p1a: Moltres|U-turn|p2a: Cinderace
|-resisted|p2a: Cinderace
|-damage|p2a: Cinderace|90/100
|
|t:|1757814542
|switch|p1a: Alomomola|Alomomola, M|34/100|[from] U-turn
|
|upkeep
|turn|26
|c|☆larp legion|true
|
|t:|1757814558
|switch|p1a: Moltres|Moltres|100/100
|move|p2a: Cinderace|U-turn|p1a: Moltres
|-resisted|p1a: Moltres
|-damage|p1a: Moltres|97/100
|
|t:|1757814561
|switch|p2a: Slowking|Slowking-Galar, M|100/100|[from] U-turn
|
|upkeep
|turn|27
|
|t:|1757814563
|move|p1a: Moltres|U-turn|p2a: Slowking
|-damage|p2a: Slowking|86/100
|
|t:|1757814565
|switch|p1a: Ting-Lu|Ting-Lu|100/100|[from] U-turn
|-ability|p1a: Ting-Lu|Vessel of Ruin
|move|p2a: Slowking|Future Sight|p1a: Ting-Lu
|-start|p2a: Slowking|move: Future Sight
|
|upkeep
|turn|28
|
|t:|1757814573
|switch|p2a: Landorus|Landorus-Therian, M|100/100
|-ability|p2a: Landorus|Intimidate|boost
|-unboost|p1a: Ting-Lu|atk|1
|move|p1a: Ting-Lu|Spikes|p2a: Landorus
|-sidestart|p2: Cherrybomb15|Spikes
|
|upkeep
|turn|29
|
|t:|1757814580
|move|p2a: Landorus|U-turn|p1a: Ting-Lu
|-supereffective|p1a: Ting-Lu
|-damage|p1a: Ting-Lu|70/100
|inactive|Cherrybomb15 has 120 seconds left.
|inactive|Cherrybomb15 has 90 seconds left.
|
|t:|1757814645
|switch|p2a: Cinderace|Cinderace, M, tera:Fire|90/100|[from] U-turn
|move|p1a: Ting-Lu|Ruination|p2a: Cinderace
|-damage|p2a: Cinderace|45/100
|
|-end|p1a: Ting-Lu|move: Future Sight
|-immune|p1a: Ting-Lu
|-heal|p1a: Ting-Lu|76/100|[from] item: Leftovers
|upkeep
|turn|30
|
|t:|1757814653
|move|p2a: Cinderace|U-turn|p1a: Ting-Lu
|-supereffective|p1a: Ting-Lu
|-damage|p1a: Ting-Lu|53/100
|
|t:|1757814656
|switch|p2a: Landorus|Landorus-Therian, M|100/100|[from] U-turn
|-ability|p2a: Landorus|Intimidate|boost
|-unboost|p1a: Ting-Lu|atk|1
|move|p1a: Ting-Lu|Earthquake|p2a: Landorus
|-immune|p2a: Landorus
|
|-heal|p1a: Ting-Lu|59/100|[from] item: Leftovers
|upkeep
|turn|31
|
|t:|1757814658
|switch|p1a: Alomomola|Alomomola, M|68/100
|move|p2a: Landorus|Earthquake|p1a: Alomomola
|-damage|p1a: Alomomola|18/100
|
|upkeep
|turn|32
|inactive|Cherrybomb15 has 120 seconds left.
|
|t:|1757814678
|switch|p1a: Moltres|Moltres|97/100
|move|p2a: Landorus|Earthquake|p1a: Moltres
|-immune|p1a: Moltres
|
|upkeep
|turn|33
|
|t:|1757814698
|switch|p2a: Slowking|Slowking-Galar, M|100/100
|switch|p1a: Great Tusk|Great Tusk|100/100
|
|upkeep
|turn|34
|inactive|Cherrybomb15 has 120 seconds left.
|
|t:|1757814708
|move|p1a: Great Tusk|Headlong Rush|p2a: Slowking
|-supereffective|p2a: Slowking
|-damage|p2a: Slowking|0 fnt
|-unboost|p1a: Great Tusk|def|1
|-unboost|p1a: Great Tusk|spd|1
|faint|p2a: Slowking
|
|upkeep
|-message|Cherrybomb15 forfeited.
|
|win|larp legion
|raw|larp legion's rating: 1556 &rarr; <strong>1581</strong><br />(+25 for winning)
|raw|Cherrybomb15's rating: 1640 &rarr; <strong>1615</strong><br />(-25 for losing)
|l|‽Cherrybomb15
|player|p2|
