|j|☆ekengir
|j|☆cacomixtle
|t:|1757921326
|gametype|singles
|player|p1|ekengir|lucas|1061
|player|p2|cacomixtle|2|1055
|gen|9
|tier|[Gen 9] OU
|rated|
|rule|HP Percentage Mod: HP is shown in percentages
|rule|Endless Battle Clause: Forcing endless battles is banned
|rule|Species Clause: Limit one of each Pokémon
|rule|OHKO Clause: OHKO moves are banned
|rule|Evasion Items Clause: Evasion items are banned
|rule|Evasion Moves Clause: Evasion moves are banned
|rule|Evasion Abilities Clause: Evasion abilities are banned
|rule|Sleep Moves Clause: Sleep-inducing moves are banned
|clearpoke
|poke|p1|Kleavor, M|
|poke|p1|Samurott-Hisui, M|
|poke|p1|Muk-Alola, F|
|poke|p1|Rillaboom, M|
|poke|p1|Glimmora, F|
|poke|p1|Slowking-Galar, M|
|poke|p2|Excadrill, M|
|poke|p2|Whimsicott, F|
|poke|p2|Dragonite, M|
|poke|p2|Reuniclus, M|
|poke|p2|Hydreigon, M|
|poke|p2|Samurott, M|
|teampreview
|inactive|Battle timer is ON: inactive players will automatically lose when time's up. (requested by ekengir)
|
|t:|1757921331
|teamsize|p1|6
|teamsize|p2|6
|start
|switch|p1a: Kleavor|Kleavor, M|100/100
|switch|p2a: Reuniclus|Reuniclus, M|100/100
|turn|1
|
|t:|1757921339
|move|p1a: Kleavor|Stone Axe|p2a: Reuniclus
|-crit|p2a: Reuniclus
|-damage|p2a: Reuniclus|49/100
|-sidestart|p2: cacomixtle|move: Stealth Rock
|move|p2a: Reuniclus|Shadow Ball|p1a: Kleavor
|-damage|p1a: Kleavor|61/100
|
|-heal|p2a: Reuniclus|55/100|[from] item: Leftovers
|upkeep
|turn|2
|
|t:|1757921351
|switch|p1a: Muk|Muk-Alola, F|100/100
|switch|p2a: Dragonite|Dragonite, M|100/100
|-damage|p2a: Dragonite|76/100|[from] Stealth Rock
|
|-heal|p2a: Dragonite|82/100|[from] item: Leftovers
|upkeep
|turn|3
|
|t:|1757921366
|-terastallize|p2a: Dragonite|Dragon
|move|p2a: Dragonite|Outrage|p1a: Muk
|-damage|p1a: Muk|0 fnt
|faint|p1a: Muk
|
|-heal|p2a: Dragonite|88/100|[from] item: Leftovers
|upkeep
|
|t:|1757921376
|switch|p1a: Slowking|Slowking-Galar, M|100/100
|turn|4
|
|t:|1757921383
|move|p2a: Dragonite|Outrage|p1a: Slowking|[from] lockedmove
|-damage|p1a: Slowking|28/100
|-start|p2a: Dragonite|confusion|[fatigue]
|move|p1a: Slowking|Future Sight|p2a: Dragonite
|-start|p1a: Slowking|move: Future Sight
|
|-heal|p2a: Dragonite|94/100|[from] item: Leftovers
|-heal|p1a: Slowking|34/100|[from] item: Leftovers
|upkeep
|turn|5
|
|t:|1757921394
|switch|p1a: Kleavor|Kleavor, M|61/100
|-activate|p2a: Dragonite|confusion
|move|p2a: Dragonite|Extreme Speed|p1a: Kleavor
|-resisted|p1a: Kleavor
|-damage|p1a: Kleavor|41/100
|
|-heal|p2a: Dragonite|100/100|[from] item: Leftovers
|upkeep
|turn|6
|
|t:|1757921408
|move|p1a: Kleavor|Stone Axe|p2a: Dragonite
|-damage|p2a: Dragonite|72/100
|-activate|p2a: Dragonite|confusion
|move|p2a: Dragonite|Fire Punch|p1a: Kleavor
|-damage|p1a: Kleavor|2/100
|
|-end|p2a: Dragonite|move: Future Sight
|-damage|p2a: Dragonite|28/100
|-heal|p2a: Dragonite|34/100|[from] item: Leftovers
|upkeep
|turn|7
|
|t:|1757921419
|-end|p2a: Dragonite|confusion
|move|p2a: Dragonite|Extreme Speed|p1a: Kleavor
|-resisted|p1a: Kleavor
|-damage|p1a: Kleavor|0 fnt
|faint|p1a: Kleavor
|
|-heal|p2a: Dragonite|40/100|[from] item: Leftovers
|upkeep
|
|t:|1757921429
|switch|p1a: Glimmora|Glimmora, F|100/100
|turn|8
|
|t:|1757921434
|switch|p2a: Samurott|Samurott, M|100/100
|-damage|p2a: Samurott|88/100|[from] Stealth Rock
|move|p1a: Glimmora|Mortal Spin|p2a: Samurott
|-damage|p2a: Samurott|81/100
|-status|p2a: Samurott|psn
|
|-damage|p2a: Samurott|68/100 psn|[from] psn
|upkeep
|turn|9
|
|t:|1757921443
|move|p2a: Samurott|Razor Shell|p1a: Glimmora
|-supereffective|p1a: Glimmora
|-damage|p1a: Glimmora|31/100
|-unboost|p1a: Glimmora|def|1
|-activate|p1a: Glimmora|ability: Toxic Debris
|-sidestart|p2: cacomixtle|move: Toxic Spikes
|-damage|p2a: Samurott|58/100 psn|[from] item: Life Orb
|move|p1a: Glimmora|Energy Ball|p2a: Samurott
|-supereffective|p2a: Samurott
|-damage|p2a: Samurott|0 fnt
|faint|p2a: Samurott
|
|-heal|p1a: Glimmora|37/100|[from] item: Leftovers
|upkeep
|
|t:|1757921457
|switch|p2a: Excadrill|Excadrill, M|100/100
|-damage|p2a: Excadrill|97/100|[from] Stealth Rock
|-ability|p2a: Excadrill|Mold Breaker
|turn|10
|
|t:|1757921465
|switch|p1a: Rillaboom|Rillaboom, M|100/100
|-fieldstart|move: Grassy Terrain|[from] ability: Grassy Surge|[of] p1a: Rillaboom
|move|p2a: Excadrill|Brick Break|p1a: Rillaboom
|-damage|p1a: Rillaboom|70/100
|-damage|p2a: Excadrill|87/100|[from] item: Life Orb
|
|-heal|p2a: Excadrill|94/100|[from] Grassy Terrain
|-heal|p1a: Rillaboom|76/100|[from] Grassy Terrain
|-heal|p1a: Rillaboom|82/100|[from] item: Leftovers
|upkeep
|turn|11
|
|t:|1757921480
|switch|p2a: Hydreigon|Hydreigon, M|100/100
|-damage|p2a: Hydreigon|88/100|[from] Stealth Rock
|move|p1a: Rillaboom|Grassy Glide|p2a: Hydreigon
|-resisted|p2a: Hydreigon
|-damage|p2a: Hydreigon|67/100
|
|-heal|p1a: Rillaboom|89/100|[from] Grassy Terrain
|-heal|p1a: Rillaboom|95/100|[from] item: Leftovers
|upkeep
|turn|12
|
|t:|1757921490
|move|p2a: Hydreigon|Flamethrower|p1a: Rillaboom
|-supereffective|p1a: Rillaboom
|-damage|p1a: Rillaboom|0 fnt
|faint|p1a: Rillaboom
|
|upkeep
|
|t:|1757921495
|switch|p1a: Samurott|Samurott-Hisui, M|100/100
|turn|13
|
|t:|1757921502
|switch|p2a: Whimsicott|Whimsicott, F|100/100
|-damage|p2a: Whimsicott|88/100|[from] Stealth Rock
|-status|p2a: Whimsicott|psn
|move|p1a: Samurott|Ceaseless Edge|p2a: Whimsicott
|-resisted|p2a: Whimsicott
|-damage|p2a: Whimsicott|59/100 psn
|-sidestart|p2: cacomixtle|Spikes
|
|-heal|p2a: Whimsicott|66/100 psn|[from] Grassy Terrain
|-damage|p2a: Whimsicott|53/100 psn|[from] psn
|upkeep
|turn|14
|
|t:|1757921516
|switch|p1a: Glimmora|Glimmora, F|37/100
|move|p2a: Whimsicott|Energy Ball|p1a: Glimmora
|-damage|p1a: Glimmora|5/100
|
|-heal|p2a: Whimsicott|59/100 psn|[from] Grassy Terrain
|-heal|p1a: Glimmora|11/100|[from] Grassy Terrain
|-heal|p1a: Glimmora|17/100|[from] item: Leftovers
|-damage|p2a: Whimsicott|47/100 psn|[from] psn
|-fieldend|move: Grassy Terrain
|upkeep
|turn|15
|
|t:|1757921528
|move|p2a: Whimsicott|Tailwind|p2a: Whimsicott
|-sidestart|p2: cacomixtle|move: Tailwind
|move|p1a: Glimmora|Power Gem|p2a: Whimsicott
|-damage|p2a: Whimsicott|5/100 psn
|
|-heal|p1a: Glimmora|23/100|[from] item: Leftovers
|-damage|p2a: Whimsicott|0 fnt|[from] psn
|faint|p2a: Whimsicott
|upkeep
|
|t:|1757921537
|switch|p2a: Excadrill|Excadrill, M|94/100
|-damage|p2a: Excadrill|91/100|[from] Stealth Rock
|-damage|p2a: Excadrill|78/100|[from] Spikes
|-ability|p2a: Excadrill|Mold Breaker
|turn|16
|
|t:|1757921546
|move|p2a: Excadrill|Brick Break|p1a: Glimmora
|-damage|p1a: Glimmora|0 fnt
|-activate|p1a: Glimmora|ability: Toxic Debris
|-sidestart|p2: cacomixtle|move: Toxic Spikes
|faint|p1a: Glimmora
|-damage|p2a: Excadrill|68/100|[from] item: Life Orb
|
|upkeep
|
|t:|1757921552
|switch|p1a: Samurott|Samurott-Hisui, M|100/100
|turn|17
|
|t:|1757921556
|move|p2a: Excadrill|Brick Break|p1a: Samurott
|-supereffective|p1a: Samurott
|-damage|p1a: Samurott|19/100
|-damage|p2a: Excadrill|58/100|[from] item: Life Orb
|move|p1a: Samurott|Razor Shell|p2a: Excadrill
|-supereffective|p2a: Excadrill
|-damage|p2a: Excadrill|0 fnt
|faint|p2a: Excadrill
|
|-heal|p1a: Samurott|25/100|[from] item: Leftovers
|upkeep
|
|t:|1757921572
|switch|p2a: Hydreigon|Hydreigon, M|67/100
|-damage|p2a: Hydreigon|54/100|[from] Stealth Rock
|turn|18
|
|t:|1757921581
|switch|p1a: Slowking|Slowking-Galar, M|67/100
|move|p2a: Hydreigon|Dark Pulse|p1a: Slowking
|-supereffective|p1a: Slowking
|-damage|p1a: Slowking|0 fnt
|faint|p1a: Slowking
|
|-sideend|p2: cacomixtle|move: Tailwind
|upkeep
|
|t:|1757921588
|switch|p1a: Samurott|Samurott-Hisui, M|25/100
|turn|19
|c|☆cacomixtle|thnx
|
|t:|1757921600
|move|p1a: Samurott|Sucker Punch|p2a: Hydreigon
|-resisted|p2a: Hydreigon
|-damage|p2a: Hydreigon|35/100
|move|p2a: Hydreigon|Dark Pulse|p1a: Samurott
|-resisted|p1a: Samurott
|-damage|p1a: Samurott|0 fnt
|faint|p1a: Samurott
|
|win|cacomixtle
|raw|ekengir's rating: 1061 &rarr; <strong>1042</strong><br />(-19 for losing)
|raw|cacomixtle's rating: 1055 &rarr; <strong>1087</strong><br />(+32 for winning)
|l|☆ekengir
|player|p1|
|l|☆cacomixtle
|player|p2|
