|j|☆jushu
|j|☆SirLsalot
|t:|1757953870
|gametype|singles
|player|p1|jushu|dawn-gen4pt|1663
|player|p2|SirLsalot|265|1658
|gen|9
|tier|[Gen 9] OU
|rated|
|rule|HP Percentage Mod: HP is shown in percentages
|rule|Endless Battle Clause: Forcing endless battles is banned
|rule|Species Clause: Limit one of each Pokémon
|rule|OHKO Clause: OHKO moves are banned
|rule|Evasion Items Clause: Evasion items are banned
|rule|Evasion Moves Clause: Evasion moves are banned
|rule|Evasion Abilities Clause: Evasion abilities are banned
|rule|Sleep Moves Clause: Sleep-inducing moves are banned
|clearpoke
|poke|p1|Great Tusk|
|poke|p1|Kingambit, F|
|poke|p1|Raging Bolt|
|poke|p1|Walking Wake|
|poke|p1|Ninetales, F|
|poke|p1|Ceruledge, F|
|poke|p2|Ogerpon-Wellspring, F|
|poke|p2|Great Tusk|
|poke|p2|Moltres|
|poke|p2|Dragapult, F|
|poke|p2|Kingambit, F|
|poke|p2|Slowking-Galar, F|
|teampreview
|inactive|Battle timer is ON: inactive players will automatically lose when time's up. (requested by SirLsalot)
|
|t:|1757953897
|teamsize|p1|6
|teamsize|p2|6
|start
|switch|p1a: Ninetales|Ninetales, F|100/100
|switch|p2a: Moltres|Moltres|100/100
|-weather|SunnyDay|[from] ability: Drought|[of] p1a: Ninetales
|turn|1
|
|t:|1757953922
|switch|p1a: Walking Wake|Walking Wake|100/100
|-activate|p1a: Walking Wake|ability: Protosynthesis
|-start|p1a: Walking Wake|protosynthesisspe
|move|p2a: Moltres|Scorching Sands|p1a: Walking Wake
|-damage|p1a: Walking Wake|74/100
|-status|p1a: Walking Wake|brn
|
|-weather|SunnyDay|[upkeep]
|-damage|p1a: Walking Wake|68/100 brn|[from] brn
|upkeep
|turn|2
|
|t:|1757953927
|switch|p2a: Slowking|Slowking-Galar, F|100/100
|move|p1a: Walking Wake|Flip Turn|p2a: Slowking
|-damage|p2a: Slowking|96/100
|
|t:|1757953934
|-end|p1a: Walking Wake|Protosynthesis|[silent]
|switch|p1a: Ceruledge|Ceruledge, F|100/100|[from] Flip Turn
|
|-weather|SunnyDay|[upkeep]
|upkeep
|turn|3
|
|t:|1757953948
|switch|p2a: Great Tusk|Great Tusk|100/100
|-activate|p2a: Great Tusk|ability: Protosynthesis
|-start|p2a: Great Tusk|protosynthesisatk
|move|p1a: Ceruledge|Swords Dance|p1a: Ceruledge
|-boost|p1a: Ceruledge|atk|2
|
|-weather|SunnyDay|[upkeep]
|upkeep
|turn|4
|
|t:|1757953962
|-terastallize|p1a: Ceruledge|Fairy
|move|p2a: Great Tusk|Headlong Rush|p1a: Ceruledge
|-damage|p1a: Ceruledge|7/100
|-unboost|p2a: Great Tusk|def|1
|-unboost|p2a: Great Tusk|spd|1
|-ability|p1a: Ceruledge|Weak Armor|boost
|-unboost|p1a: Ceruledge|def|1
|-boost|p1a: Ceruledge|spe|2
|move|p1a: Ceruledge|Swords Dance|p1a: Ceruledge
|-boost|p1a: Ceruledge|atk|2
|
|-weather|SunnyDay|[upkeep]
|upkeep
|turn|5
|
|t:|1757953971
|move|p1a: Ceruledge|Bitter Blade|p2a: Great Tusk
|-damage|p2a: Great Tusk|0 fnt
|-heal|p1a: Ceruledge|60/100|[from] drain|[of] p2a: Great Tusk
|-damage|p1a: Ceruledge|43/100|[from] item: Rocky Helmet|[of] p2a: Great Tusk
|faint|p2a: Great Tusk
|-end|p2a: Great Tusk|Protosynthesis|[silent]
|
|-weather|SunnyDay|[upkeep]
|upkeep
|
|t:|1757953980
|switch|p2a: Kingambit|Kingambit, F|100/100
|-activate|p2a: Kingambit|ability: Supreme Overlord
|-start|p2a: Kingambit|fallen1|[silent]
|turn|6
|
|t:|1757953983
|-terastallize|p2a: Kingambit|Fighting
|move|p1a: Ceruledge|Bitter Blade|p2a: Kingambit
|-damage|p2a: Kingambit|0 fnt
|-heal|p1a: Ceruledge|99/100|[from] drain|[of] p2a: Kingambit
|faint|p2a: Kingambit
|-end|p2a: Kingambit|fallen1|[silent]
|
|-weather|SunnyDay|[upkeep]
|upkeep
|-message|SirLsalot forfeited.
|
|win|jushu
|raw|jushu's rating: 1663 &rarr; <strong>1683</strong><br />(+20 for winning)
|raw|SirLsalot's rating: 1658 &rarr; <strong>1638</strong><br />(-20 for losing)
|l|☆SirLsalot
|player|p2|
