|j|☆Lokart
|j|☆frifrifri
|t:|1757926627
|gametype|singles
|player|p1|Lokart|266|1376
|player|p2|frifrifri|blackbelt-gen4dp|1363
|gen|9
|tier|[Gen 9] OU
|rated|
|rule|HP Percentage Mod: HP is shown in percentages
|rule|Endless Battle Clause: Forcing endless battles is banned
|rule|Species Clause: Limit one of each Pokémon
|rule|OHKO Clause: OHKO moves are banned
|rule|Evasion Items Clause: Evasion items are banned
|rule|Evasion Moves Clause: Evasion moves are banned
|rule|Evasion Abilities Clause: Evasion abilities are banned
|rule|Sleep Moves Clause: Sleep-inducing moves are banned
|clearpoke
|poke|p1|Hatterene, F|
|poke|p1|Torkoal, M|
|poke|p1|Scizor, F|
|poke|p1|Venusaur, M|
|poke|p1|Gliscor, M|
|poke|p1|Slowbro, M|
|poke|p2|Heatran, M|
|poke|p2|Landorus-Therian, M|
|poke|p2|Zamazenta-*|
|poke|p2|Dragapult, F|
|poke|p2|Great Tusk|
|poke|p2|Slowking-Galar, F|
|teampreview
|inactive|Battle timer is ON: inactive players will automatically lose when time's up. (requested by Lokart)
|
|t:|1757926681
|teamsize|p1|6
|teamsize|p2|6
|start
|switch|p1a: Hatterene|Hatterene, F|100/100
|switch|p2a: Landorus|Landorus-Therian, M|100/100
|-ability|p2a: Landorus|Intimidate|boost
|-unboost|p1a: Hatterene|atk|1
|turn|1
|
|t:|1757926688
|move|p2a: Landorus|U-turn|p1a: Hatterene
|-damage|p1a: Hatterene|57/100
|
|t:|1757926690
|switch|p2a: Slowking|Slowking-Galar, F|100/100|[from] U-turn
|move|p1a: Hatterene|Trick Room|p1a: Hatterene
|-fieldstart|move: Trick Room|[of] p1a: Hatterene
|
|upkeep
|turn|2
|
|t:|1757926696
|-prepare|p2a: Slowking|Chilly Reception|[premajor]
|move|p2a: Slowking|Chilly Reception|p2a: Slowking
|-weather|Snowscape
|
|t:|1757926699
|switch|p2a: Heatran|Heatran, M|100/100|[from] Chilly Reception
|move|p1a: Hatterene|Psychic Noise|p2a: Heatran
|-resisted|p2a: Heatran
|-damage|p2a: Heatran|88/100
|-start|p2a: Heatran|move: Heal Block
|
|-weather|Snowscape|[upkeep]
|upkeep
|turn|3
|
|t:|1757926715
|switch|p1a: Slowbro|Slowbro, M|100/100
|move|p2a: Heatran|Magma Storm|p1a: Slowbro
|-resisted|p1a: Slowbro
|-damage|p1a: Slowbro|77/100
|-activate|p1a: Slowbro|move: Magma Storm|[of] p2a: Heatran
|
|-weather|Snowscape|[upkeep]
|-heal|p1a: Slowbro|83/100|[from] item: Leftovers
|-damage|p1a: Slowbro|71/100|[from] move: Magma Storm|[partiallytrapped]
|-end|p2a: Heatran|move: Heal Block
|upkeep
|turn|4
|
|t:|1757926726
|switch|p2a: Slowking|Slowking-Galar, F|100/100
|move|p1a: Slowbro|Calm Mind|p1a: Slowbro
|-boost|p1a: Slowbro|spa|1
|-boost|p1a: Slowbro|spd|1
|
|-weather|Snowscape|[upkeep]
|-heal|p1a: Slowbro|77/100|[from] item: Leftovers
|-end|p1a: Slowbro|Magma Storm|[partiallytrapped]|[silent]
|upkeep
|turn|5
|
|t:|1757926734
|move|p2a: Slowking|Sludge Bomb|p1a: Slowbro
|-damage|p1a: Slowbro|52/100
|move|p1a: Slowbro|Calm Mind|p1a: Slowbro
|-boost|p1a: Slowbro|spa|1
|-boost|p1a: Slowbro|spd|1
|
|-weather|Snowscape|[upkeep]
|-heal|p1a: Slowbro|58/100|[from] item: Leftovers
|-fieldend|move: Trick Room
|upkeep
|turn|6
|
|t:|1757926747
|move|p1a: Slowbro|Slack Off|p1a: Slowbro
|-heal|p1a: Slowbro|100/100
|move|p2a: Slowking|Sludge Bomb|p1a: Slowbro
|-damage|p1a: Slowbro|83/100
|
|-weather|none
|-heal|p1a: Slowbro|89/100|[from] item: Leftovers
|upkeep
|turn|7
|
|t:|1757926754
|move|p1a: Slowbro|Calm Mind|p1a: Slowbro
|-boost|p1a: Slowbro|spa|1
|-boost|p1a: Slowbro|spd|1
|move|p2a: Slowking|Sludge Bomb|p1a: Slowbro
|-damage|p1a: Slowbro|73/100
|-status|p1a: Slowbro|psn
|
|-heal|p1a: Slowbro|79/100 psn|[from] item: Leftovers
|-damage|p1a: Slowbro|67/100 psn|[from] psn
|upkeep
|turn|8
|
|t:|1757926764
|move|p1a: Slowbro|Slack Off|p1a: Slowbro
|-heal|p1a: Slowbro|100/100 psn
|move|p2a: Slowking|Future Sight|p1a: Slowbro
|-start|p2a: Slowking|move: Future Sight
|
|-damage|p1a: Slowbro|88/100 psn|[from] psn
|upkeep
|turn|9
|
|t:|1757926770
|move|p1a: Slowbro|Calm Mind|p1a: Slowbro
|-boost|p1a: Slowbro|spa|1
|-boost|p1a: Slowbro|spd|1
|-prepare|p2a: Slowking|Chilly Reception|[premajor]
|move|p2a: Slowking|Chilly Reception|p2a: Slowking
|-weather|Snowscape
|
|t:|1757926780
|switch|p2a: Landorus|Landorus-Therian, M|100/100|[from] Chilly Reception
|-ability|p2a: Landorus|Intimidate|boost
|-unboost|p1a: Slowbro|atk|1
|
|-weather|Snowscape|[upkeep]
|-heal|p1a: Slowbro|94/100 psn|[from] item: Leftovers
|-damage|p1a: Slowbro|82/100 psn|[from] psn
|upkeep
|turn|10
|
|t:|1757926789
|-terastallize|p1a: Slowbro|Water
|move|p2a: Landorus|U-turn|p1a: Slowbro
|-damage|p1a: Slowbro|58/100 psn
|
|t:|1757926797
|switch|p2a: Dragapult|Dragapult, F|100/100|[from] U-turn
|move|p1a: Slowbro|Psyshock|p2a: Dragapult
|-damage|p2a: Dragapult|0 fnt
|faint|p2a: Dragapult
|
|-weather|Snowscape|[upkeep]
|-end|p1a: Slowbro|move: Future Sight
|-damage|p1a: Slowbro|43/100 psn
|-heal|p1a: Slowbro|49/100 psn|[from] item: Leftovers
|-damage|p1a: Slowbro|37/100 psn|[from] psn
|upkeep
|
|t:|1757926803
|switch|p2a: Landorus|Landorus-Therian, M|100/100
|-ability|p2a: Landorus|Intimidate|boost
|-unboost|p1a: Slowbro|atk|1
|turn|11
|
|t:|1757926811
|move|p2a: Landorus|Earthquake|p1a: Slowbro
|-damage|p1a: Slowbro|0 fnt
|faint|p1a: Slowbro
|
|-weather|Snowscape|[upkeep]
|upkeep
|
|t:|1757926818
|switch|p1a: Gliscor|Gliscor, M|100/100
|turn|12
|
|t:|1757926823
|switch|p2a: Great Tusk|Great Tusk|100/100
|-enditem|p2a: Great Tusk|Booster Energy
|-activate|p2a: Great Tusk|ability: Protosynthesis|[fromitem]
|-start|p2a: Great Tusk|protosynthesisatk
|move|p1a: Gliscor|Substitute|p1a: Gliscor
|-start|p1a: Gliscor|Substitute
|-damage|p1a: Gliscor|76/100
|
|-weather|Snowscape|[upkeep]
|-status|p1a: Gliscor|tox|[from] item: Toxic Orb
|upkeep
|turn|13
|
|t:|1757926837
|move|p1a: Gliscor|Swords Dance|p1a: Gliscor
|-boost|p1a: Gliscor|atk|2
|move|p2a: Great Tusk|Rapid Spin|p1a: Gliscor
|-activate|p1a: Gliscor|move: Substitute|[damage]
|-boost|p2a: Great Tusk|spe|1
|
|-weather|none
|-heal|p1a: Gliscor|88/100 tox|[from] ability: Poison Heal
|upkeep
|turn|14
|
|t:|1757926846
|move|p2a: Great Tusk|Ice Spinner|p1a: Gliscor
|-supereffective|p1a: Gliscor
|-end|p1a: Gliscor|Substitute
|move|p1a: Gliscor|Facade|p2a: Great Tusk
|-damage|p2a: Great Tusk|47/100
|
|-heal|p1a: Gliscor|100/100 tox|[from] ability: Poison Heal
|upkeep
|turn|15
|
|t:|1757926862
|move|p2a: Great Tusk|Ice Spinner|p1a: Gliscor
|-supereffective|p1a: Gliscor
|-damage|p1a: Gliscor|0 fnt
|faint|p1a: Gliscor
|
|upkeep
|
|t:|1757926867
|switch|p1a: Hatterene|Hatterene, F|57/100
|turn|16
|
|t:|1757926874
|move|p2a: Great Tusk|Headlong Rush|p1a: Hatterene
|-damage|p1a: Hatterene|0 fnt
|-unboost|p2a: Great Tusk|def|1
|-unboost|p2a: Great Tusk|spd|1
|faint|p1a: Hatterene
|
|upkeep
|
|t:|1757926886
|switch|p1a: Scizor|Scizor, F|100/100
|turn|17
|
|t:|1757926889
|move|p1a: Scizor|Bullet Punch|p2a: Great Tusk
|-damage|p2a: Great Tusk|0 fnt
|faint|p2a: Great Tusk
|-end|p2a: Great Tusk|Protosynthesis|[silent]
|
|upkeep
|
|t:|1757926897
|switch|p2a: Heatran|Heatran, M|88/100
|turn|18
|
|t:|1757926901
|switch|p2a: Landorus|Landorus-Therian, M|100/100
|-ability|p2a: Landorus|Intimidate|boost
|-unboost|p1a: Scizor|atk|1
|switch|p1a: Torkoal|Torkoal, M|100/100
|-weather|SunnyDay|[from] ability: Drought|[of] p1a: Torkoal
|
|-weather|SunnyDay|[upkeep]
|upkeep
|turn|19
|
|t:|1757926912
|move|p2a: Landorus|Earthquake|p1a: Torkoal
|-supereffective|p1a: Torkoal
|-damage|p1a: Torkoal|0 fnt
|faint|p1a: Torkoal
|
|-weather|SunnyDay|[upkeep]
|upkeep
|
|t:|1757926918
|switch|p1a: Venusaur|Venusaur, M|100/100
|turn|20
|
|t:|1757926926
|switch|p2a: Slowking|Slowking-Galar, F|100/100
|move|p1a: Venusaur|Giga Drain|p2a: Slowking
|-resisted|p2a: Slowking
|-damage|p2a: Slowking|89/100
|
|-weather|SunnyDay|[upkeep]
|upkeep
|turn|21
|
|t:|1757926933
|move|p1a: Venusaur|Earth Power|p2a: Slowking
|-supereffective|p2a: Slowking
|-enditem|p2a: Slowking|Shuca Berry|[eat]
|-enditem|p2a: Slowking|Shuca Berry|[weaken]
|-damage|p2a: Slowking|70/100
|move|p2a: Slowking|Future Sight|p1a: Venusaur
|-start|p2a: Slowking|move: Future Sight
|
|-weather|SunnyDay|[upkeep]
|upkeep
|turn|22
|
|t:|1757926941
|switch|p1a: Scizor|Scizor, F|100/100
|move|p2a: Slowking|Psychic Noise|p1a: Scizor
|-resisted|p1a: Scizor
|-damage|p1a: Scizor|85/100
|-start|p1a: Scizor|move: Heal Block
|
|-weather|none
|upkeep
|turn|23
|
|t:|1757926955
|switch|p2a: Landorus|Landorus-Therian, M|100/100
|-ability|p2a: Landorus|Intimidate|boost
|-unboost|p1a: Scizor|atk|1
|move|p1a: Scizor|Knock Off|p2a: Landorus
|-damage|p2a: Landorus|55/100
|-enditem|p2a: Landorus|Choice Band|[from] move: Knock Off|[of] p1a: Scizor
|
|-end|p1a: Scizor|move: Future Sight
|-resisted|p1a: Scizor
|-damage|p1a: Scizor|60/100
|-end|p1a: Scizor|move: Heal Block
|upkeep
|turn|24
|
|t:|1757926967
|switch|p1a: Venusaur|Venusaur, M|100/100
|move|p2a: Landorus|Earthquake|p1a: Venusaur
|-damage|p1a: Venusaur|29/100
|
|upkeep
|turn|25
|-message|Lokart forfeited.
|
|win|frifrifri
|raw|Lokart's rating: 1376 &rarr; <strong>1355</strong><br />(-21 for losing)
|raw|frifrifri's rating: 1363 &rarr; <strong>1384</strong><br />(+21 for winning)
|l|☆Lokart
|player|p1|
|l|☆frifrifri
|player|p2|
