|j|☆bootywarrior360
|j|☆guiyas
|t:|1757830139
|gametype|singles
|player|p1|bootywarrior360|101|1305
|player|p2|guiyas|lucas|1362
|gen|9
|tier|[Gen 9] OU
|rated|
|rule|HP Percentage Mod: HP is shown in percentages
|rule|Endless Battle Clause: Forcing endless battles is banned
|rule|Species Clause: Limit one of each Pokémon
|rule|OHKO Clause: OHKO moves are banned
|rule|Evasion Items Clause: Evasion items are banned
|rule|Evasion Moves Clause: Evasion moves are banned
|rule|Evasion Abilities Clause: Evasion abilities are banned
|rule|Sleep Moves Clause: Sleep-inducing moves are banned
|clearpoke
|poke|p1|Scizor, M|
|poke|p1|Rillaboom, M|
|poke|p1|Blaziken, F|
|poke|p1|Great Tusk|
|poke|p1|Rotom-Wash|
|poke|p1|Jirachi|
|poke|p2|Charizard, M|
|poke|p2|Persian, M|
|poke|p2|Raichu, M|
|poke|p2|Dugtrio, M|
|poke|p2|Clefable, F|
|poke|p2|Arbok, M|
|teampreview
|inactive|Battle timer is ON: inactive players will automatically lose when time's up. (requested by bootywarrior360)
|
|t:|1757830148
|teamsize|p1|6
|teamsize|p2|6
|start
|switch|p1a: Rotom|Rotom-Wash|100/100
|switch|p2a: Arbok|Arbok, M|100/100
|-ability|p2a: Arbok|Intimidate|boost
|-unboost|p1a: Rotom|atk|1
|turn|1
|
|t:|1757830164
|move|p1a: Rotom|Discharge|p2a: Arbok
|-damage|p2a: Arbok|68/100
|move|p2a: Arbok|Gunk Shot|p1a: Rotom|[miss]
|-miss|p2a: Arbok|p1a: Rotom
|
|-heal|p2a: Arbok|74/100|[from] item: Black Sludge
|upkeep
|turn|2
|
|t:|1757830171
|move|p1a: Rotom|Discharge|p2a: Arbok
|-damage|p2a: Arbok|37/100
|move|p2a: Arbok|Gunk Shot|p1a: Rotom
|-damage|p1a: Rotom|61/100
|
|-heal|p1a: Rotom|67/100|[from] item: Leftovers
|-heal|p2a: Arbok|43/100|[from] item: Black Sludge
|upkeep
|turn|3
|
|t:|1757830181
|switch|p2a: Raichu|Raichu, M|100/100
|move|p1a: Rotom|Hydro Pump|p2a: Raichu
|-damage|p2a: Raichu|9/100
|
|-heal|p1a: Rotom|73/100|[from] item: Leftovers
|upkeep
|turn|4
|
|t:|1757830189
|move|p2a: Raichu|Thunderbolt|p1a: Rotom
|-damage|p1a: Rotom|26/100
|-damage|p2a: Raichu|0 fnt|[from] item: Life Orb
|faint|p2a: Raichu
|move|p1a: Rotom|Hydro Pump|p2: Raichu|[notarget]
|-fail|p1a: Rotom
|
|-heal|p1a: Rotom|33/100|[from] item: Leftovers
|upkeep
|
|t:|1757830193
|switch|p2a: Arbok|Arbok, M|43/100
|-ability|p2a: Arbok|Intimidate|boost
|-unboost|p1a: Rotom|atk|1
|turn|5
|
|t:|1757830197
|move|p1a: Rotom|Hydro Pump|p2a: Arbok
|-damage|p2a: Arbok|0 fnt
|faint|p2a: Arbok
|
|-heal|p1a: Rotom|39/100|[from] item: Leftovers
|upkeep
|
|t:|1757830200
|switch|p2a: Persian|Persian, M|100/100
|turn|6
|
|t:|1757830214
|move|p2a: Persian|Fake Out|p1a: Rotom
|-damage|p1a: Rotom|25/100
|cant|p1a: Rotom|flinch
|
|-heal|p1a: Rotom|31/100|[from] item: Leftovers
|upkeep
|turn|7
|
|t:|1757830222
|move|p2a: Persian|Knock Off|p1a: Rotom
|-damage|p1a: Rotom|16/100
|-enditem|p1a: Rotom|Leftovers|[from] move: Knock Off|[of] p2a: Persian
|move|p1a: Rotom|Discharge|p2a: Persian
|-damage|p2a: Persian|43/100
|-status|p2a: Persian|par
|
|upkeep
|turn|8
|
|t:|1757830234
|move|p1a: Rotom|Hydro Pump|p2a: Persian
|-damage|p2a: Persian|0 fnt
|faint|p2a: Persian
|
|upkeep
|
|t:|1757830240
|switch|p2a: Dugtrio|Dugtrio, M|100/100
|turn|9
|
|t:|1757830268
|move|p2a: Dugtrio|Stone Edge|p1a: Rotom
|-damage|p1a: Rotom|0 fnt
|faint|p1a: Rotom
|
|upkeep
|
|t:|1757830273
|switch|p1a: Rillaboom|Rillaboom, M|100/100
|-fieldstart|move: Grassy Terrain|[from] ability: Grassy Surge|[of] p1a: Rillaboom
|turn|10
|
|t:|1757830277
|move|p1a: Rillaboom|Grassy Glide|p2a: Dugtrio
|-supereffective|p2a: Dugtrio
|-enditem|p2a: Dugtrio|Focus Sash
|-damage|p2a: Dugtrio|1/100
|move|p2a: Dugtrio|Stealth Rock|p1a: Rillaboom
|-sidestart|p1: bootywarrior360|move: Stealth Rock
|
|-heal|p2a: Dugtrio|7/100|[from] Grassy Terrain
|upkeep
|turn|11
|
|t:|1757830290
|switch|p2a: Charizard|Charizard, M|100/100
|move|p1a: Rillaboom|Grassy Glide|p2a: Charizard
|-resisted|p2a: Charizard
|-damage|p2a: Charizard|86/100
|
|upkeep
|turn|12
|
|t:|1757830297
|move|p2a: Charizard|Flamethrower|p1a: Rillaboom
|-supereffective|p1a: Rillaboom
|-crit|p1a: Rillaboom
|-damage|p1a: Rillaboom|0 fnt
|faint|p1a: Rillaboom
|
|upkeep
|inactive|bootywarrior360 has 120 seconds left.
|
|t:|1757830334
|switch|p1a: Great Tusk|Great Tusk|100/100
|-damage|p1a: Great Tusk|98/100|[from] Stealth Rock
|turn|13
|
|t:|1757830337
|move|p2a: Charizard|Air Slash|p1a: Great Tusk
|-supereffective|p1a: Great Tusk
|-damage|p1a: Great Tusk|6/100
|move|p1a: Great Tusk|Rapid Spin|p2a: Charizard
|-damage|p2a: Charizard|64/100
|-boost|p1a: Great Tusk|spe|1
|-sideend|p1: bootywarrior360|Stealth Rock|[from] move: Rapid Spin|[of] p1a: Great Tusk
|
|-heal|p1a: Great Tusk|12/100|[from] Grassy Terrain
|upkeep
|turn|14
|
|t:|1757830350
|move|p2a: Charizard|Flamethrower|p1a: Great Tusk
|-damage|p1a: Great Tusk|0 fnt
|faint|p1a: Great Tusk
|-end|p1a: Great Tusk|Protosynthesis|[silent]
|
|-fieldend|move: Grassy Terrain
|upkeep
|inactive|bootywarrior360 has 120 seconds left.
|
|t:|1757830368
|switch|p1a: Jirachi|Jirachi|100/100
|-item|p1a: Jirachi|Air Balloon
|turn|15
|
|t:|1757830372
|-terastallize|p1a: Jirachi|Fairy
|move|p1a: Jirachi|Thunder Wave|p2a: Charizard
|-status|p2a: Charizard|par
|move|p2a: Charizard|Flamethrower|p1a: Jirachi
|-damage|p1a: Jirachi|60/100
|-enditem|p1a: Jirachi|Air Balloon
|
|upkeep
|turn|16
|inactive|bootywarrior360 has 120 seconds left.
|
|t:|1757830389
|move|p1a: Jirachi|Psychic Noise|p2a: Charizard
|-damage|p2a: Charizard|19/100 par
|-start|p2a: Charizard|move: Heal Block
|move|p2a: Charizard|Flamethrower|p1a: Jirachi
|-damage|p1a: Jirachi|0 fnt
|faint|p1a: Jirachi
|
|upkeep
|inactive|bootywarrior360 has 120 seconds left.
|
|t:|1757830394
|switch|p1a: Blaziken|Blaziken, F|100/100
|turn|17
|
|t:|1757830401
|move|p1a: Blaziken|Knock Off|p2a: Charizard
|-damage|p2a: Charizard|0 fnt
|-enditem|p2a: Charizard|Heavy-Duty Boots|[from] move: Knock Off|[of] p1a: Blaziken
|faint|p2a: Charizard
|-damage|p1a: Blaziken|91/100|[from] item: Life Orb
|
|-ability|p1a: Blaziken|Speed Boost|boost
|-boost|p1a: Blaziken|spe|1
|upkeep
|
|t:|1757830407
|switch|p2a: Clefable|Clefable, F|100/100
|turn|18
|
|t:|1757830414
|switch|p1a: Scizor|Scizor, M|100/100
|move|p2a: Clefable|Cosmic Power|p2a: Clefable
|-boost|p2a: Clefable|def|1
|-boost|p2a: Clefable|spd|1
|
|upkeep
|turn|19
|
|t:|1757830417
|-terastallize|p2a: Clefable|Steel
|move|p1a: Scizor|Swords Dance|p1a: Scizor
|-boost|p1a: Scizor|atk|2
|move|p2a: Clefable|Cosmic Power|p2a: Clefable
|-boost|p2a: Clefable|def|1
|-boost|p2a: Clefable|spd|1
|
|upkeep
|turn|20
|
|t:|1757830422
|move|p1a: Scizor|U-turn|p2a: Clefable
|-resisted|p2a: Clefable
|-damage|p2a: Clefable|93/100
|
|t:|1757830423
|switch|p1a: Blaziken|Blaziken, F|91/100|[from] U-turn
|move|p2a: Clefable|Cosmic Power|p2a: Clefable
|-boost|p2a: Clefable|def|1
|-boost|p2a: Clefable|spd|1
|
|-heal|p2a: Clefable|99/100|[from] item: Leftovers
|upkeep
|turn|21
|
|t:|1757830427
|move|p1a: Blaziken|Close Combat|p2a: Clefable
|-supereffective|p2a: Clefable
|-damage|p2a: Clefable|49/100
|-unboost|p1a: Blaziken|def|1
|-unboost|p1a: Blaziken|spd|1
|-damage|p1a: Blaziken|81/100|[from] item: Life Orb
|move|p2a: Clefable|Cosmic Power|p2a: Clefable
|-boost|p2a: Clefable|def|1
|-boost|p2a: Clefable|spd|1
|
|-heal|p2a: Clefable|56/100|[from] item: Leftovers
|-ability|p1a: Blaziken|Speed Boost|boost
|-boost|p1a: Blaziken|spe|1
|upkeep
|turn|22
|
|t:|1757830432
|move|p1a: Blaziken|Close Combat|p2a: Clefable
|-supereffective|p2a: Clefable
|-damage|p2a: Clefable|15/100
|-unboost|p1a: Blaziken|def|1
|-unboost|p1a: Blaziken|spd|1
|-damage|p1a: Blaziken|71/100|[from] item: Life Orb
|move|p2a: Clefable|Moonlight|p2a: Clefable
|-heal|p2a: Clefable|65/100
|
|-heal|p2a: Clefable|71/100|[from] item: Leftovers
|-ability|p1a: Blaziken|Speed Boost|boost
|-boost|p1a: Blaziken|spe|1
|upkeep
|turn|23
|
|t:|1757830436
|move|p1a: Blaziken|Fire Blast|p2a: Clefable|[miss]
|-miss|p1a: Blaziken|p2a: Clefable
|move|p2a: Clefable|Moonlight|p2a: Clefable
|-heal|p2a: Clefable|100/100
|
|-ability|p1a: Blaziken|Speed Boost|boost
|-boost|p1a: Blaziken|spe|1
|upkeep
|turn|24
|
|t:|1757830439
|move|p1a: Blaziken|Close Combat|p2a: Clefable
|-supereffective|p2a: Clefable
|-damage|p2a: Clefable|55/100
|-unboost|p1a: Blaziken|def|1
|-unboost|p1a: Blaziken|spd|1
|-damage|p1a: Blaziken|61/100|[from] item: Life Orb
|move|p2a: Clefable|Stored Power|p1a: Blaziken
|-supereffective|p1a: Blaziken
|-damage|p1a: Blaziken|0 fnt
|faint|p1a: Blaziken
|
|-heal|p2a: Clefable|61/100|[from] item: Leftovers
|upkeep
|-message|bootywarrior360 forfeited.
|
|win|guiyas
|raw|bootywarrior360's rating: 1305 &rarr; <strong>1288</strong><br />(-17 for losing)
|raw|guiyas's rating: 1362 &rarr; <strong>1379</strong><br />(+17 for winning)
|l|☆bootywarrior360
|player|p1|
|l|☆guiyas
|player|p2|
|j|☆guiyas
|player|p2|guiyas|lucas|
|l|☆guiyas
|player|p2|
