|j|☆latrel20
|j|☆mach95a113
|t:|1757825020
|gametype|singles
|player|p1|latrel20|veteran|1047
|player|p2|mach95a113|gardenia|1052
|gen|9
|tier|[Gen 9] OU
|rated|
|rule|HP Percentage Mod: HP is shown in percentages
|rule|Endless Battle Clause: Forcing endless battles is banned
|rule|Species Clause: Limit one of each Pokémon
|rule|OHKO Clause: OHKO moves are banned
|rule|Evasion Items Clause: Evasion items are banned
|rule|Evasion Moves Clause: Evasion moves are banned
|rule|Evasion Abilities Clause: Evasion abilities are banned
|rule|Sleep Moves Clause: Sleep-inducing moves are banned
|clearpoke
|poke|p1|Gengar, M|
|poke|p1|Pelipper, F|
|poke|p1|Zapdos|
|poke|p1|Umbreon, M|
|poke|p1|Gliscor, M|
|poke|p1|Garchomp, M|
|poke|p2|Cinderace, F|
|poke|p2|Dragapult, M|
|poke|p2|Zapdos|
|poke|p2|Landorus-Therian, M|
|poke|p2|Samurott-Hisui, M|
|poke|p2|Pecharunt|
|teampreview
|c|☆mach95a113|Good luck!
|
|t:|1757825045
|teamsize|p1|6
|teamsize|p2|6
|start
|switch|p1a: Chupa cabra|Garchomp, M|100/100
|switch|p2a: Samiroth|Samurott-Hisui, M, shiny|100/100
|turn|1
|
|t:|1757825056
|-terastallize|p1a: Chupa cabra|Steel
|move|p1a: Chupa cabra|Swords Dance|p1a: Chupa cabra
|-boost|p1a: Chupa cabra|atk|2
|move|p2a: Samiroth|Ceaseless Edge|p1a: Chupa cabra
|-damage|p1a: Chupa cabra|56/100
|-damage|p2a: Samiroth|88/100|[from] ability: Rough Skin|[of] p1a: Chupa cabra
|-sidestart|p1: latrel20|Spikes
|
|-heal|p1a: Chupa cabra|62/100|[from] item: Leftovers
|upkeep
|turn|2
|
|t:|1757825068
|move|p2a: Samiroth|Sucker Punch|p1a: Chupa cabra
|-damage|p1a: Chupa cabra|33/100
|-damage|p2a: Samiroth|76/100|[from] ability: Rough Skin|[of] p1a: Chupa cabra
|move|p1a: Chupa cabra|Iron Head|p2a: Samiroth
|-resisted|p2a: Samiroth
|-damage|p2a: Samiroth|20/100
|
|-heal|p1a: Chupa cabra|39/100|[from] item: Leftovers
|upkeep
|turn|3
|
|t:|1757825079
|move|p2a: Samiroth|Sucker Punch|p1a: Chupa cabra
|-damage|p1a: Chupa cabra|7/100
|-damage|p2a: Samiroth|7/100|[from] ability: Rough Skin|[of] p1a: Chupa cabra
|move|p1a: Chupa cabra|Scale Shot|p2a: Samiroth
|-damage|p2a: Samiroth|0 fnt
|faint|p2a: Samiroth
|-hitcount|p2: Samiroth|1
|-unboost|p1a: Chupa cabra|def|1
|-boost|p1a: Chupa cabra|spe|1
|
|-heal|p1a: Chupa cabra|13/100|[from] item: Leftovers
|upkeep
|
|t:|1757825089
|switch|p2a: Soul of Cinder|Cinderace, F|100/100
|turn|4
|
|t:|1757825096
|move|p2a: Soul of Cinder|Sucker Punch|p1a: Chupa cabra
|-start|p2a: Soul of Cinder|typechange|Dark|[from] ability: Libero
|-damage|p1a: Chupa cabra|0 fnt
|-damage|p2a: Soul of Cinder|88/100|[from] ability: Rough Skin|[of] p1a: Chupa cabra
|faint|p1a: Chupa cabra
|
|upkeep
|
|t:|1757825104
|switch|p1a: Buiu|Gliscor, M|100/100
|turn|5
|
|t:|1757825109
|move|p1a: Buiu|Protect|p1a: Buiu
|-singleturn|p1a: Buiu|Protect
|move|p2a: Soul of Cinder|U-turn|p1a: Buiu
|-activate|p1a: Buiu|move: Protect
|
|-status|p1a: Buiu|tox|[from] item: Toxic Orb
|upkeep
|turn|6
|
|t:|1757825120
|move|p2a: Soul of Cinder|U-turn|p1a: Buiu
|-resisted|p1a: Buiu
|-damage|p1a: Buiu|89/100 tox
|
|t:|1757825124
|switch|p2a: The Wingsmould|Pecharunt|100/100|[from] U-turn
|-item|p2a: The Wingsmould|Air Balloon
|move|p1a: Buiu|Poison Jab|p2a: The Wingsmould
|-resisted|p2a: The Wingsmould
|-damage|p2a: The Wingsmould|97/100
|-enditem|p2a: The Wingsmould|Air Balloon
|
|-heal|p1a: Buiu|100/100 tox|[from] ability: Poison Heal
|upkeep
|turn|7
|
|t:|1757825137
|move|p1a: Buiu|Knock Off|p2a: The Wingsmould
|-supereffective|p2a: The Wingsmould
|-damage|p2a: The Wingsmould|76/100
|move|p2a: The Wingsmould|Parting Shot|p1a: Buiu
|-unboost|p1a: Buiu|atk|1
|-unboost|p1a: Buiu|spa|1
|
|t:|1757825149
|switch|p2a: Soul of Cinder|Cinderace, F|88/100|[from] Parting Shot
|
|upkeep
|turn|8
|
|t:|1757825155
|move|p2a: Soul of Cinder|U-turn|p1a: Buiu
|-start|p2a: Soul of Cinder|typechange|Bug|[from] ability: Libero
|-resisted|p1a: Buiu
|-damage|p1a: Buiu|84/100 tox
|
|t:|1757825159
|switch|p2a: The Wingsmould|Pecharunt|76/100|[from] U-turn
|move|p1a: Buiu|Toxic|p2a: The Wingsmould
|-immune|p2a: The Wingsmould
|
|-heal|p1a: Buiu|97/100 tox|[from] ability: Poison Heal
|upkeep
|turn|9
|-message|latrel20 forfeited.
|
|win|mach95a113
|raw|latrel20's rating: 1047 &rarr; <strong>1030</strong><br />(-17 for losing)
|raw|mach95a113's rating: 1052 &rarr; <strong>1084</strong><br />(+32 for winning)
|l|☆latrel20
|player|p1|
