|j|☆adow
|j|‽Sacred Quill
|t:|1757834841
|gametype|singles
|player|p1|adow|veteran|1199
|player|p2|Sacred Quill|clerk|1269
|gen|9
|tier|[Gen 9] OU
|rated|
|rule|HP Percentage Mod: HP is shown in percentages
|rule|Endless Battle Clause: Forcing endless battles is banned
|rule|Species Clause: Limit one of each Pokémon
|rule|OHKO Clause: OHKO moves are banned
|rule|Evasion Items Clause: Evasion items are banned
|rule|Evasion Moves Clause: Evasion moves are banned
|rule|Evasion Abilities Clause: Evasion abilities are banned
|rule|Sleep Moves Clause: Sleep-inducing moves are banned
|clearpoke
|poke|p1|Ninetales-Alola, F|
|poke|p1|Skeledirge, F|
|poke|p1|Toucannon, F|
|poke|p1|Arboliva, M|
|poke|p1|Iron Hands|
|poke|p1|Araquanid, F|
|poke|p2|Araquanid, F|
|poke|p2|Weavile, F|
|poke|p2|Gliscor, F|
|poke|p2|Pecharunt|
|poke|p2|Rotom-Wash|
|poke|p2|Donphan, F|
|teampreview
|
|t:|1757834849
|teamsize|p1|6
|teamsize|p2|6
|start
|switch|p1a: Ninetales|Ninetales-Alola, F, shiny|100/100
|switch|p2a: Araquanid|Araquanid, F|100/100
|-weather|Snowscape|[from] ability: Snow Warning|[of] p1a: Ninetales
|turn|1
|
|t:|1757834854
|move|p1a: Ninetales|Aurora Veil|p1a: Ninetales
|-sidestart|p1: adow|move: Aurora Veil
|move|p2a: Araquanid|Sticky Web|p1a: Ninetales
|-sidestart|p1: adow|move: Sticky Web
|
|-weather|Snowscape|[upkeep]
|upkeep
|turn|2
|
|t:|1757834888
|switch|p1a: Araquanid|Araquanid, F|100/100
|-activate|p1a: Araquanid|move: Sticky Web
|-unboost|p1a: Araquanid|spe|1
|move|p2a: Araquanid|Surf|p1a: Araquanid
|-resisted|p1a: Araquanid
|-damage|p1a: Araquanid|89/100
|
|-weather|Snowscape|[upkeep]
|upkeep
|turn|3
|
|t:|1757834905
|switch|p2a: Rotom|Rotom-Wash, shiny|100/100
|move|p1a: Araquanid|Sticky Web|p2a: Rotom
|-sidestart|p2: Sacred Quill|move: Sticky Web
|
|-weather|Snowscape|[upkeep]
|upkeep
|turn|4
|
|t:|1757834921
|switch|p1a: Arboliva|Arboliva, M|100/100
|-activate|p1a: Arboliva|move: Sticky Web
|-unboost|p1a: Arboliva|spe|1
|move|p2a: Rotom|Volt Switch|p1a: Arboliva
|-resisted|p1a: Arboliva
|-damage|p1a: Arboliva|96/100
|-fieldstart|move: Grassy Terrain|[from] ability: Seed Sower|[of] p1a: Arboliva
|
|t:|1757834938
|switch|p2a: Pecharunt|Pecharunt|100/100|[from] Volt Switch
|
|-weather|Snowscape|[upkeep]
|-heal|p1a: Arboliva|100/100|[from] Grassy Terrain
|upkeep
|turn|5
|
|t:|1757834945
|move|p2a: Pecharunt|Malignant Chain|p1a: Arboliva
|-supereffective|p1a: Arboliva
|-damage|p1a: Arboliva|72/100
|-status|p1a: Arboliva|tox
|-start|p1a: Arboliva|confusion|[from] ability: Poison Puppeteer|[of] p2a: Pecharunt
|-activate|p1a: Arboliva|confusion
|-damage|p1a: Arboliva|67/100 tox|[from] confusion
|
|-weather|none
|-heal|p1a: Arboliva|73/100 tox|[from] Grassy Terrain
|-damage|p1a: Arboliva|67/100 tox|[from] psn
|upkeep
|turn|6
|
|t:|1757834951
|move|p2a: Pecharunt|Nasty Plot|p2a: Pecharunt
|-boost|p2a: Pecharunt|spa|2
|-activate|p1a: Arboliva|confusion
|move|p1a: Arboliva|Earth Power|p2a: Pecharunt
|-supereffective|p2a: Pecharunt
|-damage|p2a: Pecharunt|30/100
|
|-heal|p2a: Pecharunt|36/100|[from] Grassy Terrain
|-heal|p1a: Arboliva|73/100 tox|[from] Grassy Terrain
|-damage|p1a: Arboliva|61/100 tox|[from] psn
|upkeep
|turn|7
|
|t:|1757834966
|-terastallize|p2a: Pecharunt|Ghost
|move|p2a: Pecharunt|Recover|p2a: Pecharunt
|-heal|p2a: Pecharunt|87/100
|-activate|p1a: Arboliva|confusion
|-damage|p1a: Arboliva|56/100 tox|[from] confusion
|
|-heal|p2a: Pecharunt|93/100|[from] Grassy Terrain
|-heal|p1a: Arboliva|62/100 tox|[from] Grassy Terrain
|-damage|p1a: Arboliva|44/100 tox|[from] psn
|upkeep
|turn|8
|
|t:|1757834975
|switch|p1a: Skeledirge|Skeledirge, F|100/100
|-activate|p1a: Skeledirge|move: Sticky Web
|-unboost|p1a: Skeledirge|spe|1
|move|p2a: Pecharunt|Nasty Plot|p2a: Pecharunt
|-boost|p2a: Pecharunt|spa|2
|
|-heal|p2a: Pecharunt|99/100|[from] Grassy Terrain
|-sideend|p1: adow|move: Aurora Veil
|upkeep
|turn|9
|
|t:|1757834979
|move|p2a: Pecharunt|Hex|p1a: Skeledirge
|-supereffective|p1a: Skeledirge
|-damage|p1a: Skeledirge|34/100
|-enditem|p1a: Skeledirge|Red Card|[of] p2a: Pecharunt
|drag|p2a: Weavile|Weavile, F|100/100
|-ability|p2a: Weavile|Pressure
|move|p1a: Skeledirge|Will-O-Wisp|p2a: Weavile
|-status|p2a: Weavile|brn
|
|-heal|p1a: Skeledirge|41/100|[from] Grassy Terrain
|-damage|p2a: Weavile|94/100 brn|[from] brn
|upkeep
|turn|10
|
|t:|1757835012
|move|p2a: Weavile|Knock Off|p1a: Skeledirge
|-supereffective|p1a: Skeledirge
|-damage|p1a: Skeledirge|14/100
|move|p1a: Skeledirge|Slack Off|p1a: Skeledirge
|-heal|p1a: Skeledirge|64/100
|
|-heal|p2a: Weavile|100/100 brn|[from] Grassy Terrain
|-heal|p1a: Skeledirge|70/100|[from] Grassy Terrain
|-damage|p2a: Weavile|94/100 brn|[from] brn
|upkeep
|turn|11
|
|t:|1757835028
|move|p2a: Weavile|Swords Dance|p2a: Weavile
|-boost|p2a: Weavile|atk|2
|move|p1a: Skeledirge|Slack Off|p1a: Skeledirge
|-heal|p1a: Skeledirge|100/100
|
|-heal|p2a: Weavile|100/100 brn|[from] Grassy Terrain
|-damage|p2a: Weavile|94/100 brn|[from] brn
|-fieldend|move: Grassy Terrain
|upkeep
|turn|12
|
|t:|1757835038
|move|p2a: Weavile|Knock Off|p1a: Skeledirge
|-supereffective|p1a: Skeledirge
|-damage|p1a: Skeledirge|73/100
|move|p1a: Skeledirge|Torch Song|p2a: Weavile
|-supereffective|p2a: Weavile
|-damage|p2a: Weavile|9/100 brn
|-boost|p1a: Skeledirge|spa|1
|
|-damage|p2a: Weavile|3/100 brn|[from] brn
|upkeep
|turn|13
|
|t:|1757835074
|move|p2a: Weavile|Knock Off|p1a: Skeledirge
|-supereffective|p1a: Skeledirge
|-damage|p1a: Skeledirge|46/100
|move|p1a: Skeledirge|Torch Song|p2a: Weavile
|-supereffective|p2a: Weavile
|-damage|p2a: Weavile|0 fnt
|-boost|p1a: Skeledirge|spa|1
|faint|p2a: Weavile
|
|upkeep
|
|t:|1757835080
|switch|p2a: Rotom|Rotom-Wash, shiny|100/100
|turn|14
|
|t:|1757835099
|move|p2a: Rotom|Hydro Pump|p1a: Skeledirge
|-supereffective|p1a: Skeledirge
|-damage|p1a: Skeledirge|0 fnt
|faint|p1a: Skeledirge
|
|upkeep
|
|t:|1757835103
|switch|p1a: Ninetales|Ninetales-Alola, F, shiny|100/100
|-activate|p1a: Ninetales|move: Sticky Web
|-unboost|p1a: Ninetales|spe|1
|-weather|Snowscape|[from] ability: Snow Warning|[of] p1a: Ninetales
|turn|15
|
|t:|1757835117
|move|p2a: Rotom|Hydro Pump|p1a: Ninetales
|-damage|p1a: Ninetales|68/100
|move|p1a: Ninetales|Aurora Veil|p1a: Ninetales
|-sidestart|p1: adow|move: Aurora Veil
|
|-weather|Snowscape|[upkeep]
|upkeep
|turn|16
|
|t:|1757835140
|move|p2a: Rotom|Hydro Pump|p1a: Ninetales|[miss]
|-miss|p2a: Rotom|p1a: Ninetales
|move|p1a: Ninetales|Freeze-Dry|p2a: Rotom
|-supereffective|p2a: Rotom
|-damage|p2a: Rotom|50/100
|
|-weather|Snowscape|[upkeep]
|-heal|p2a: Rotom|57/100|[from] item: Leftovers
|upkeep
|turn|17
|
|t:|1757835160
|move|p2a: Rotom|Will-O-Wisp|p1a: Ninetales
|-status|p1a: Ninetales|brn
|move|p1a: Ninetales|Freeze-Dry|p2a: Rotom
|-supereffective|p2a: Rotom
|-damage|p2a: Rotom|7/100
|-status|p2a: Rotom|frz
|
|-weather|Snowscape|[upkeep]
|-heal|p2a: Rotom|14/100 frz|[from] item: Leftovers
|-damage|p1a: Ninetales|62/100 brn|[from] brn
|upkeep
|turn|18
|
|t:|1757835170
|-curestatus|p2a: Rotom|frz|[msg]
|move|p2a: Rotom|Pain Split|p1a: Ninetales
|-sethp|p1a: Ninetales|37/100 brn|[from] move: Pain Split|[silent]
|-sethp|p2a: Rotom|42/100|[from] move: Pain Split
|move|p1a: Ninetales|Freeze-Dry|p2a: Rotom
|-supereffective|p2a: Rotom
|-damage|p2a: Rotom|0 fnt
|faint|p2a: Rotom
|
|-weather|Snowscape|[upkeep]
|-damage|p1a: Ninetales|31/100 brn|[from] brn
|upkeep
|
|t:|1757835176
|switch|p2a: Donphan|Donphan, F, shiny|100/100
|-activate|p2a: Donphan|move: Sticky Web
|-unboost|p2a: Donphan|spe|1
|turn|19
|
|t:|1757835185
|move|p1a: Ninetales|Pain Split|p2a: Donphan
|-sethp|p2a: Donphan|64/100|[from] move: Pain Split|[silent]
|-sethp|p1a: Ninetales|70/100 brn|[from] move: Pain Split
|move|p2a: Donphan|Rapid Spin|p1a: Ninetales
|-damage|p1a: Ninetales|65/100 brn
|-boost|p2a: Donphan|spe|1
|-sideend|p2: Sacred Quill|Sticky Web|[from] move: Rapid Spin|[of] p2a: Donphan
|
|-weather|none
|-heal|p2a: Donphan|70/100|[from] item: Leftovers
|-damage|p1a: Ninetales|59/100 brn|[from] brn
|upkeep
|turn|20
|
|t:|1757835193
|move|p1a: Ninetales|Freeze-Dry|p2a: Donphan
|-supereffective|p2a: Donphan
|-damage|p2a: Donphan|1/100
|move|p2a: Donphan|Stealth Rock|p1a: Ninetales
|-sidestart|p1: adow|move: Stealth Rock
|
|-heal|p2a: Donphan|7/100|[from] item: Leftovers
|-damage|p1a: Ninetales|53/100 brn|[from] brn
|upkeep
|turn|21
|
|t:|1757835202
|move|p1a: Ninetales|Freeze-Dry|p2a: Donphan
|-supereffective|p2a: Donphan
|-damage|p2a: Donphan|0 fnt
|faint|p2a: Donphan
|
|-damage|p1a: Ninetales|47/100 brn|[from] brn
|upkeep
|
|t:|1757835204
|switch|p2a: Pecharunt|Pecharunt, tera:Ghost|99/100
|turn|22
|
|t:|1757835218
|move|p2a: Pecharunt|Nasty Plot|p2a: Pecharunt
|-boost|p2a: Pecharunt|spa|2
|move|p1a: Ninetales|Freeze-Dry|p2a: Pecharunt
|-damage|p2a: Pecharunt|68/100
|
|-damage|p1a: Ninetales|41/100 brn|[from] brn
|-sideend|p1: adow|move: Aurora Veil
|upkeep
|turn|23
|
|t:|1757835221
|move|p2a: Pecharunt|Nasty Plot|p2a: Pecharunt
|-boost|p2a: Pecharunt|spa|2
|move|p1a: Ninetales|Encore|p2a: Pecharunt
|-start|p2a: Pecharunt|Encore
|
|-damage|p1a: Ninetales|35/100 brn|[from] brn
|upkeep
|turn|24
|
|t:|1757835233
|switch|p2a: Gliscor|Gliscor, F|100/100
|switch|p1a: Araquanid|Araquanid, F|89/100
|-activate|p1a: Araquanid|move: Sticky Web
|-unboost|p1a: Araquanid|spe|1
|-damage|p1a: Araquanid|64/100|[from] Stealth Rock
|
|-status|p2a: Gliscor|tox|[from] item: Toxic Orb
|upkeep
|turn|25
|
|t:|1757835250
|move|p2a: Gliscor|Toxic|p1a: Araquanid
|-status|p1a: Araquanid|tox
|move|p1a: Araquanid|Surf|p2a: Gliscor
|-supereffective|p2a: Gliscor
|-damage|p2a: Gliscor|39/100 tox
|
|-heal|p2a: Gliscor|51/100 tox|[from] ability: Poison Heal
|-damage|p1a: Araquanid|58/100 tox|[from] psn
|upkeep
|turn|26
|
|t:|1757835261
|switch|p2a: Pecharunt|Pecharunt, tera:Ghost|68/100
|move|p1a: Araquanid|Sticky Web|p2a: Pecharunt
|-sidestart|p2: Sacred Quill|move: Sticky Web
|
|-damage|p1a: Araquanid|45/100 tox|[from] psn
|upkeep
|turn|27
|
|t:|1757835265
|move|p2a: Pecharunt|Nasty Plot|p2a: Pecharunt
|-boost|p2a: Pecharunt|spa|2
|move|p1a: Araquanid|Surf|p2a: Pecharunt
|-damage|p2a: Pecharunt|20/100
|
|-damage|p1a: Araquanid|27/100 tox|[from] psn
|upkeep
|turn|28
|
|t:|1757835269
|-terastallize|p1a: Araquanid|Water
|move|p2a: Pecharunt|Recover|p2a: Pecharunt
|-heal|p2a: Pecharunt|70/100
|move|p1a: Araquanid|Surf|p2a: Pecharunt
|-damage|p2a: Pecharunt|11/100
|
|-damage|p1a: Araquanid|2/100 tox|[from] psn
|upkeep
|turn|29
|
|t:|1757835274
|move|p2a: Pecharunt|Recover|p2a: Pecharunt
|-heal|p2a: Pecharunt|61/100
|move|p1a: Araquanid|Surf|p2a: Pecharunt
|-damage|p2a: Pecharunt|1/100
|
|-damage|p1a: Araquanid|0 fnt|[from] psn
|faint|p1a: Araquanid
|upkeep
|
|t:|1757835286
|switch|p1a: Iron Hands|Iron Hands|100/100
|-activate|p1a: Iron Hands|move: Sticky Web
|-unboost|p1a: Iron Hands|spe|1
|-damage|p1a: Iron Hands|94/100|[from] Stealth Rock
|-enditem|p1a: Iron Hands|Eject Pack
|
|t:|1757835302
|-end|p1a: Iron Hands|Quark Drive|[silent]
|switch|p1a: Toucannon|Toucannon, F|100/100
|-damage|p1a: Toucannon|75/100|[from] Stealth Rock
|turn|30
|
|t:|1757835312
|move|p2a: Pecharunt|Recover|p2a: Pecharunt
|-heal|p2a: Pecharunt|52/100
|move|p1a: Toucannon|Swords Dance|p1a: Toucannon
|-boost|p1a: Toucannon|atk|2
|
|upkeep
|turn|31
|
|t:|1757835316
|-singleturn|p1a: Toucannon|move: Beak Blast
|move|p2a: Pecharunt|Malignant Chain|p1a: Toucannon
|-damage|p1a: Toucannon|0 fnt
|faint|p1a: Toucannon
|
|upkeep
|-message|adow forfeited.
|
|win|Sacred Quill
|raw|adow's rating: 1199 &rarr; <strong>1179</strong><br />(-20 for losing)
|raw|Sacred Quill's rating: 1269 &rarr; <strong>1289</strong><br />(+20 for winning)
|l|☆adow
|player|p1|
|l|‽Sacred Quill
|player|p2|
