|j|☆zaywilder
|j|☆chise0713
|t:|1757913638
|gametype|singles
|player|p1|zaywilder|1|1115
|player|p2|chise0713|waitress-gen4|1086
|gen|9
|tier|[Gen 9] OU
|rated|
|rule|HP Percentage Mod: HP is shown in percentages
|rule|Endless Battle Clause: Forcing endless battles is banned
|rule|Species Clause: Limit one of each Pokémon
|rule|OHKO Clause: OHKO moves are banned
|rule|Evasion Items Clause: Evasion items are banned
|rule|Evasion Moves Clause: Evasion moves are banned
|rule|Evasion Abilities Clause: Evasion abilities are banned
|rule|Sleep Moves Clause: Sleep-inducing moves are banned
|clearpoke
|poke|p1|Darkrai|
|poke|p1|Iron Moth|
|poke|p1|Scizor, F|
|poke|p1|Great Tusk|
|poke|p1|Gholdengo|
|poke|p1|Dragonite, M|
|poke|p2|Ninetales-Alola, F|
|poke|p2|Frosmoth, M|
|poke|p2|Mew|
|poke|p2|Revavroom, F|
|poke|p2|Slither Wing|
|poke|p2|Feraligatr, M|
|teampreview
|inactive|Battle timer is ON: inactive players will automatically lose when time's up. (requested by chise0713)
|
|t:|1757913647
|teamsize|p1|6
|teamsize|p2|6
|start
|switch|p1a: Scizor|Scizor, F, shiny|100/100
|switch|p2a: Ninetales|Ninetales-Alola, F|100/100
|-weather|Snowscape|[from] ability: Snow Warning|[of] p2a: Ninetales
|turn|1
|
|t:|1757913655
|move|p1a: Scizor|Bullet Punch|p2a: Ninetales
|-supereffective|p2a: Ninetales
|-damage|p2a: Ninetales|0 fnt
|faint|p2a: Ninetales
|-damage|p1a: Scizor|91/100|[from] item: Life Orb
|
|-weather|Snowscape|[upkeep]
|upkeep
|
|t:|1757913667
|switch|p2a: Slither Wing|Slither Wing|100/100
|-enditem|p2a: Slither Wing|Booster Energy
|-activate|p2a: Slither Wing|ability: Protosynthesis|[fromitem]
|-start|p2a: Slither Wing|protosynthesisatk
|turn|2
|
|t:|1757913693
|switch|p1a: Great Tusk|Great Tusk|100/100
|move|p2a: Slither Wing|Flame Charge|p1a: Great Tusk
|-damage|p1a: Great Tusk|86/100
|-boost|p2a: Slither Wing|spe|1
|-damage|p2a: Slither Wing|84/100|[from] item: Rocky Helmet|[of] p1a: Great Tusk
|
|-weather|Snowscape|[upkeep]
|upkeep
|turn|3
|
|t:|1757913701
|move|p2a: Slither Wing|Bulk Up|p2a: Slither Wing
|-boost|p2a: Slither Wing|atk|1
|-boost|p2a: Slither Wing|def|1
|move|p1a: Great Tusk|Headlong Rush|p2a: Slither Wing
|-resisted|p2a: Slither Wing
|-damage|p2a: Slither Wing|60/100
|-unboost|p1a: Great Tusk|def|1
|-unboost|p1a: Great Tusk|spd|1
|
|-weather|Snowscape|[upkeep]
|upkeep
|turn|4
|
|t:|1757913709
|-end|p1a: Great Tusk|Protosynthesis|[silent]
|switch|p1a: Dragonite|Dragonite, M|100/100
|move|p2a: Slither Wing|Acrobatics|p1a: Dragonite
|-damage|p1a: Dragonite|59/100
|
|-weather|Snowscape|[upkeep]
|upkeep
|turn|5
|
|t:|1757913724
|move|p2a: Slither Wing|Bulk Up|p2a: Slither Wing
|-boost|p2a: Slither Wing|atk|1
|-boost|p2a: Slither Wing|def|1
|move|p1a: Dragonite|Earthquake|p2a: Slither Wing
|-resisted|p2a: Slither Wing
|-damage|p2a: Slither Wing|50/100
|
|-weather|none
|upkeep
|turn|6
|
|t:|1757913729
|move|p2a: Slither Wing|Acrobatics|p1a: Dragonite
|-damage|p1a: Dragonite|0 fnt
|faint|p1a: Dragonite
|
|upkeep
|
|t:|1757913734
|switch|p1a: Iron Moth|Iron Moth|100/100
|-enditem|p1a: Iron Moth|Booster Energy
|-activate|p1a: Iron Moth|ability: Quark Drive|[fromitem]
|-start|p1a: Iron Moth|quarkdrivespe
|turn|7
|
|t:|1757913741
|move|p1a: Iron Moth|Fiery Dance|p2a: Slither Wing
|-supereffective|p2a: Slither Wing
|-damage|p2a: Slither Wing|0 fnt
|faint|p2a: Slither Wing
|-end|p2a: Slither Wing|Protosynthesis|[silent]
|
|upkeep
|
|t:|1757913746
|switch|p2a: Feraligatr|Feraligatr, M|100/100
|turn|8
|
|t:|1757913751
|-terastallize|p1a: Iron Moth|Fairy
|move|p1a: Iron Moth|Toxic|p2a: Feraligatr
|-status|p2a: Feraligatr|tox
|move|p2a: Feraligatr|Dragon Dance|p2a: Feraligatr
|-boost|p2a: Feraligatr|atk|1
|-boost|p2a: Feraligatr|spe|1
|
|-damage|p2a: Feraligatr|94/100 tox|[from] psn
|upkeep
|turn|9
|
|t:|1757913760
|move|p1a: Iron Moth|Sludge Wave|p2a: Feraligatr
|-damage|p2a: Feraligatr|37/100 tox
|move|p2a: Feraligatr|Dragon Dance|p2a: Feraligatr
|-boost|p2a: Feraligatr|atk|1
|-boost|p2a: Feraligatr|spe|1
|
|-damage|p2a: Feraligatr|25/100 tox|[from] psn
|upkeep
|turn|10
|
|t:|1757913765
|move|p1a: Iron Moth|Sludge Wave|p2a: Feraligatr
|-damage|p2a: Feraligatr|0 fnt
|faint|p2a: Feraligatr
|
|upkeep
|
|t:|1757913770
|switch|p2a: Revavroom|Revavroom, F|100/100
|-item|p2a: Revavroom|Air Balloon
|turn|11
|
|t:|1757913775
|move|p1a: Iron Moth|Fiery Dance|p2a: Revavroom
|-supereffective|p2a: Revavroom
|-damage|p2a: Revavroom|35/100
|-boost|p1a: Iron Moth|spa|1
|-enditem|p2a: Revavroom|Air Balloon
|move|p2a: Revavroom|Shift Gear|p2a: Revavroom
|-boost|p2a: Revavroom|spe|2
|-boost|p2a: Revavroom|atk|1
|
|upkeep
|turn|12
|-message|chise0713 forfeited.
|
|win|zaywilder
|raw|zaywilder's rating: 1115 &rarr; <strong>1138</strong><br />(+23 for winning)
|raw|chise0713's rating: 1086 &rarr; <strong>1065</strong><br />(-21 for losing)
|l|☆chise0713
|player|p2|
|l|☆zaywilder
|player|p1|
