|j|☆sleep2501340442
|j|☆DirkDiggler420
|t:|1757832013
|gametype|singles
|player|p1|sleep2501340442|idol|1593
|player|p2|DirkDiggler420|linebacker|1583
|gen|9
|tier|[Gen 9] OU
|rated|
|rule|HP Percentage Mod: HP is shown in percentages
|rule|Endless Battle Clause: Forcing endless battles is banned
|rule|Species Clause: Limit one of each Pokémon
|rule|OHKO Clause: OHKO moves are banned
|rule|Evasion Items Clause: Evasion items are banned
|rule|Evasion Moves Clause: Evasion moves are banned
|rule|Evasion Abilities Clause: Evasion abilities are banned
|rule|Sleep Moves Clause: Sleep-inducing moves are banned
|clearpoke
|poke|p1|Ting-Lu|
|poke|p1|Pecharunt|
|poke|p1|Zamazenta-*|
|poke|p1|Dragonite, M|
|poke|p1|Kingambit, M|
|poke|p1|Raging Bolt|
|poke|p2|Darkrai|
|poke|p2|Ogerpon-Wellspring, F|
|poke|p2|Great Tusk|
|poke|p2|Slowking-Galar, M|
|poke|p2|Zapdos|
|poke|p2|Gholdengo|
|teampreview
|j| LegitimatePotato
|inactive|Battle timer is ON: inactive players will automatically lose when time's up. (requested by DirkDiggler420)
|
|t:|1757832027
|teamsize|p1|6
|teamsize|p2|6
|start
|switch|p1a: Zamazenta|Zamazenta|100/100
|switch|p2a: Ogerpon|Ogerpon-Wellspring, F|100/100
|-ability|p1a: Zamazenta|Dauntless Shield|boost
|-boost|p1a: Zamazenta|def|1
|turn|1
|
|t:|1757832034
|switch|p2a: Slowking|Slowking-Galar, M|100/100
|move|p1a: Zamazenta|Close Combat|p2a: Slowking
|-resisted|p2a: Slowking
|-damage|p2a: Slowking|79/100
|-unboost|p1a: Zamazenta|def|1
|-unboost|p1a: Zamazenta|spd|1
|-damage|p1a: Zamazenta|91/100|[from] item: Life Orb
|
|-heal|p2a: Slowking|86/100|[from] item: Black Sludge
|upkeep
|turn|2
|
|t:|1757832045
|move|p1a: Zamazenta|Crunch|p2a: Slowking
|-supereffective|p2a: Slowking
|-damage|p2a: Slowking|0 fnt
|faint|p2a: Slowking
|-damage|p1a: Zamazenta|81/100|[from] item: Life Orb
|
|upkeep
|
|t:|1757832054
|switch|p2a: Gholdengo|Gholdengo|100/100
|turn|3
|
|t:|1757832060
|switch|p1a: Ting-Lu|Ting-Lu|100/100
|-ability|p1a: Ting-Lu|Vessel of Ruin
|move|p2a: Gholdengo|Make It Rain|p1a: Ting-Lu
|-damage|p1a: Ting-Lu|74/100
|-unboost|p2a: Gholdengo|spa|1
|
|-heal|p1a: Ting-Lu|80/100|[from] item: Leftovers
|upkeep
|turn|4
|
|t:|1757832068
|switch|p2a: Ogerpon|Ogerpon-Wellspring, F|100/100
|move|p1a: Ting-Lu|Stealth Rock|p2a: Ogerpon
|-sidestart|p2: DirkDiggler420|move: Stealth Rock
|
|-heal|p1a: Ting-Lu|87/100|[from] item: Leftovers
|upkeep
|turn|5
|
|t:|1757832074
|switch|p1a: Pecharunt|Pecharunt|100/100
|move|p2a: Ogerpon|Ivy Cudgel|p1a: Pecharunt|[anim] Ivy Cudgel Water
|-damage|p1a: Pecharunt|74/100
|
|upkeep
|turn|6
|
|t:|1757832077
|move|p2a: Ogerpon|U-turn|p1a: Pecharunt
|-resisted|p1a: Pecharunt
|-damage|p1a: Pecharunt|71/100
|-damage|p2a: Ogerpon|84/100|[from] item: Rocky Helmet|[of] p1a: Pecharunt
|
|t:|1757832078
|switch|p2a: Gholdengo|Gholdengo|100/100|[from] U-turn
|-damage|p2a: Gholdengo|94/100|[from] Stealth Rock
|move|p1a: Pecharunt|Malignant Chain|p2a: Gholdengo
|-immune|p2a: Gholdengo
|
|upkeep
|turn|7
|
|t:|1757832086
|switch|p2a: Ogerpon|Ogerpon-Wellspring, F|84/100
|-damage|p2a: Ogerpon|72/100|[from] Stealth Rock
|switch|p1a: Ting-Lu|Ting-Lu|87/100
|-ability|p1a: Ting-Lu|Vessel of Ruin
|
|-heal|p1a: Ting-Lu|93/100|[from] item: Leftovers
|upkeep
|turn|8
|
|t:|1757832091
|switch|p1a: Pecharunt|Pecharunt|71/100
|move|p2a: Ogerpon|Ivy Cudgel|p1a: Pecharunt|[anim] Ivy Cudgel Water
|-damage|p1a: Pecharunt|42/100
|
|upkeep
|turn|9
|
|t:|1757832103
|switch|p2a: Darkrai|Darkrai|100/100
|-damage|p2a: Darkrai|88/100|[from] Stealth Rock
|move|p1a: Pecharunt|Recover|p1a: Pecharunt
|-heal|p1a: Pecharunt|92/100
|
|-heal|p2a: Darkrai|94/100|[from] item: Leftovers
|upkeep
|turn|10
|l| LegitimatePotato
|
|t:|1757832106
|switch|p1a: Ting-Lu|Ting-Lu|93/100
|-ability|p1a: Ting-Lu|Vessel of Ruin
|move|p2a: Darkrai|Nasty Plot|p2a: Darkrai
|-boost|p2a: Darkrai|spa|2
|
|-heal|p2a: Darkrai|100/100|[from] item: Leftovers
|-heal|p1a: Ting-Lu|99/100|[from] item: Leftovers
|upkeep
|turn|11
|
|t:|1757832111
|move|p2a: Darkrai|Ice Beam|p1a: Ting-Lu
|-supereffective|p1a: Ting-Lu
|-damage|p1a: Ting-Lu|56/100
|move|p1a: Ting-Lu|Earthquake|p2a: Darkrai
|-damage|p2a: Darkrai|63/100
|
|-heal|p2a: Darkrai|69/100|[from] item: Leftovers
|-heal|p1a: Ting-Lu|62/100|[from] item: Leftovers
|upkeep
|turn|12
|j| LegitimatePotato
|
|t:|1757832123
|move|p2a: Darkrai|Ice Beam|p1a: Ting-Lu
|-supereffective|p1a: Ting-Lu
|-damage|p1a: Ting-Lu|17/100
|move|p1a: Ting-Lu|Ruination|p2a: Darkrai
|-damage|p2a: Darkrai|35/100
|
|-heal|p2a: Darkrai|41/100|[from] item: Leftovers
|-heal|p1a: Ting-Lu|23/100|[from] item: Leftovers
|upkeep
|turn|13
|
|t:|1757832130
|move|p2a: Darkrai|Ice Beam|p1a: Ting-Lu
|-supereffective|p1a: Ting-Lu
|-damage|p1a: Ting-Lu|0 fnt
|faint|p1a: Ting-Lu
|
|-heal|p2a: Darkrai|47/100|[from] item: Leftovers
|upkeep
|
|t:|1757832134
|switch|p1a: Zamazenta|Zamazenta|81/100
|turn|14
|
|t:|1757832142
|switch|p2a: Zapdos|Zapdos|100/100
|-ability|p2a: Zapdos|Pressure
|move|p1a: Zamazenta|Close Combat|p2a: Zapdos
|-resisted|p2a: Zapdos
|-crit|p2a: Zapdos
|-damage|p2a: Zapdos|20/100
|-unboost|p1a: Zamazenta|def|1
|-unboost|p1a: Zamazenta|spd|1
|-damage|p1a: Zamazenta|71/100|[from] item: Life Orb
|
|upkeep
|turn|15
|
|t:|1757832150
|move|p1a: Zamazenta|Close Combat|p2a: Zapdos
|-resisted|p2a: Zapdos
|-damage|p2a: Zapdos|0 fnt
|-unboost|p1a: Zamazenta|def|1
|-unboost|p1a: Zamazenta|spd|1
|faint|p2a: Zapdos
|-damage|p1a: Zamazenta|61/100|[from] item: Life Orb
|
|upkeep
|
|t:|1757832152
|switch|p2a: Gholdengo|Gholdengo|94/100
|-damage|p2a: Gholdengo|88/100|[from] Stealth Rock
|turn|16
|
|t:|1757832154
|move|p2a: Gholdengo|Shadow Ball|p1a: Zamazenta
|-damage|p1a: Zamazenta|0 fnt
|faint|p1a: Zamazenta
|
|upkeep
|
|t:|1757832163
|switch|p1a: Kingambit|Kingambit, M|100/100
|-activate|p1a: Kingambit|ability: Supreme Overlord
|-start|p1a: Kingambit|fallen2|[silent]
|turn|17
|
|t:|1757832166
|switch|p2a: Great Tusk|Great Tusk|100/100
|move|p1a: Kingambit|Swords Dance|p1a: Kingambit
|-boost|p1a: Kingambit|atk|2
|
|upkeep
|turn|18
|
|t:|1757832173
|-terastallize|p1a: Kingambit|Ghost
|move|p2a: Great Tusk|Headlong Rush|p1a: Kingambit
|-damage|p1a: Kingambit|54/100
|-unboost|p2a: Great Tusk|def|1
|-unboost|p2a: Great Tusk|spd|1
|move|p1a: Kingambit|Iron Head|p2a: Great Tusk
|-damage|p2a: Great Tusk|0 fnt
|faint|p2a: Great Tusk
|-end|p2a: Great Tusk|Protosynthesis|[silent]
|
|-heal|p1a: Kingambit|60/100|[from] item: Leftovers
|upkeep
|
|t:|1757832180
|switch|p2a: Darkrai|Darkrai|47/100
|-damage|p2a: Darkrai|35/100|[from] Stealth Rock
|turn|19
|
|t:|1757832189
|move|p1a: Kingambit|Sucker Punch|p2a: Darkrai
|-resisted|p2a: Darkrai
|-damage|p2a: Darkrai|0 fnt
|faint|p2a: Darkrai
|
|-heal|p1a: Kingambit|67/100|[from] item: Leftovers
|upkeep
|-message|DirkDiggler420 forfeited.
|
|win|sleep2501340442
|raw|sleep2501340442's rating: 1593 &rarr; <strong>1612</strong><br />(+19 for winning)
|raw|DirkDiggler420's rating: 1583 &rarr; <strong>1564</strong><br />(-19 for losing)
|l|☆DirkDiggler420
|player|p2|
|l|☆sleep2501340442
|player|p1|
|l| LegitimatePotato
