|j|☆Nikator98
|j|☆swiscool
|t:|1757785951
|gametype|singles
|player|p1|Nikator98|giovanni|1631
|player|p2|swiscool|169|1624
|gen|9
|tier|[Gen 9] OU
|rated|
|rule|HP Percentage Mod: HP is shown in percentages
|rule|Endless Battle Clause: Forcing endless battles is banned
|rule|Species Clause: Limit one of each Pokémon
|rule|OHKO Clause: OHKO moves are banned
|rule|Evasion Items Clause: Evasion items are banned
|rule|Evasion Moves Clause: Evasion moves are banned
|rule|Evasion Abilities Clause: Evasion abilities are banned
|rule|Sleep Moves Clause: Sleep-inducing moves are banned
|clearpoke
|poke|p1|Metagross|
|poke|p1|Great Tusk|
|poke|p1|Haxorus, M|
|poke|p1|Iron Moth|
|poke|p1|Zoroark-Hisui, M|
|poke|p1|Ninetales-Alola, F|
|poke|p2|Kingambit, M|
|poke|p2|Ogerpon-Wellspring, F|
|poke|p2|Landorus-Therian, M|
|poke|p2|Hatterene, F|
|poke|p2|Weavile, F|
|poke|p2|Darkrai|
|teampreview
|inactive|Battle timer is ON: inactive players will automatically lose when time's up. (requested by swiscool)
|
|t:|1757785978
|teamsize|p1|6
|teamsize|p2|6
|start
|switch|p1a: Lacelle|Haxorus, M|100/100
|switch|p2a: Darkrai|Darkrai|100/100
|turn|1
|j| LifeIsALieee
|j| wgw2333
|
|t:|1757785999
|-terastallize|p1a: Lacelle|Fairy
|move|p2a: Darkrai|Dark Pulse|p1a: Lacelle
|-resisted|p1a: Lacelle
|-damage|p1a: Lacelle|60/100
|replace|p1a: Van Helsing|Zoroark-Hisui, M, shiny
|-end|p1a: Van Helsing|Illusion
|move|p1a: Van Helsing|Tera Blast|p2a: Darkrai|[anim] Tera Blast Fairy
|-supereffective|p2a: Darkrai
|-damage|p2a: Darkrai|0 fnt
|faint|p2a: Darkrai
|
|upkeep
|j| little cuack
|
|t:|1757786016
|switch|p2a: Landorus|Landorus-Therian, M|100/100
|-ability|p2a: Landorus|Intimidate|boost
|-unboost|p1a: Van Helsing|atk|1
|turn|2
|
|t:|1757786023
|switch|p1a: Asfaloth|Ninetales-Alola, F, shiny|100/100
|-weather|Snowscape|[from] ability: Snow Warning|[of] p1a: Asfaloth
|move|p2a: Landorus|Stealth Rock|p1a: Asfaloth
|-sidestart|p1: Nikator98|move: Stealth Rock
|
|-weather|Snowscape|[upkeep]
|upkeep
|turn|3
|
|t:|1757786032
|switch|p2a: Hatterene|Hatterene, F|100/100
|move|p1a: Asfaloth|Aurora Veil|p1a: Asfaloth
|-sidestart|p1: Nikator98|move: Aurora Veil
|
|-weather|Snowscape|[upkeep]
|upkeep
|turn|4
|
|t:|1757786038
|switch|p1a: Arquillian Sentry|Metagross|100/100
|-damage|p1a: Arquillian Sentry|94/100|[from] Stealth Rock
|move|p2a: Hatterene|Nuzzle|p1a: Arquillian Sentry
|-damage|p1a: Arquillian Sentry|93/100
|-status|p1a: Arquillian Sentry|par
|
|-weather|Snowscape|[upkeep]
|upkeep
|turn|5
|
|t:|1757786047
|switch|p2a: Landorus|Landorus-Therian, M|100/100
|-ability|p2a: Landorus|Intimidate|boost
|-fail|p1a: Arquillian Sentry|unboost|[from] ability: Clear Body|[of] p1a: Arquillian Sentry
|cant|p1a: Arquillian Sentry|par
|
|-weather|Snowscape|[upkeep]
|upkeep
|turn|6
|
|t:|1757786053
|move|p2a: Landorus|Taunt|p1a: Arquillian Sentry
|-start|p1a: Arquillian Sentry|move: Taunt
|cant|p1a: Arquillian Sentry|move: Taunt|Stealth Rock
|
|-weather|none
|upkeep
|turn|7
|
|t:|1757786059
|switch|p1a: Kumaryia|Great Tusk, shiny|100/100
|move|p2a: Landorus|Earth Power|p1a: Kumaryia
|-damage|p1a: Kumaryia|76/100
|
|upkeep
|turn|8
|
|t:|1757786072
|move|p1a: Kumaryia|Rapid Spin|p2a: Landorus
|-damage|p2a: Landorus|88/100
|-boost|p1a: Kumaryia|spe|1
|-damage|p1a: Kumaryia|59/100|[from] item: Rocky Helmet|[of] p2a: Landorus
|-sideend|p1: Nikator98|Stealth Rock|[from] move: Rapid Spin|[of] p1a: Kumaryia
|move|p2a: Landorus|U-turn|p1a: Kumaryia
|-resisted|p1a: Kumaryia
|-damage|p1a: Kumaryia|55/100
|
|t:|1757786079
|switch|p2a: Ogerpon|Ogerpon-Wellspring, F|100/100|[from] U-turn
|
|upkeep
|turn|9
|
|t:|1757786083
|-end|p1a: Kumaryia|Protosynthesis|[silent]
|switch|p1a: Arquillian Sentry|Metagross|93/100 par
|move|p2a: Ogerpon|Ivy Cudgel|p1a: Arquillian Sentry|[anim] Ivy Cudgel Water
|-damage|p1a: Arquillian Sentry|68/100 par
|
|upkeep
|turn|10
|
|t:|1757786090
|move|p2a: Ogerpon|Spikes|p1a: Arquillian Sentry
|-sidestart|p1: Nikator98|Spikes
|cant|p1a: Arquillian Sentry|par
|
|-sideend|p1: Nikator98|move: Aurora Veil
|upkeep
|turn|11
|
|t:|1757786095
|move|p2a: Ogerpon|Knock Off|p1a: Arquillian Sentry
|-supereffective|p1a: Arquillian Sentry
|-damage|p1a: Arquillian Sentry|5/100 par
|-enditem|p1a: Arquillian Sentry|Custap Berry|[from] move: Knock Off|[of] p2a: Ogerpon
|move|p1a: Arquillian Sentry|Psychic Fangs|p2a: Ogerpon
|-damage|p2a: Ogerpon|32/100
|
|upkeep
|turn|12
|
|t:|1757786107
|move|p2a: Ogerpon|Knock Off|p1a: Arquillian Sentry
|-supereffective|p1a: Arquillian Sentry
|-damage|p1a: Arquillian Sentry|0 fnt
|faint|p1a: Arquillian Sentry
|
|upkeep
|
|t:|1757786116
|switch|p1a: Gothmog|Iron Moth|100/100
|-damage|p1a: Gothmog|88/100|[from] Spikes
|-enditem|p1a: Gothmog|Booster Energy
|-activate|p1a: Gothmog|ability: Quark Drive|[fromitem]
|-start|p1a: Gothmog|quarkdrivespe
|turn|13
|
|t:|1757786131
|switch|p2a: Hatterene|Hatterene, F|100/100
|move|p1a: Gothmog|Substitute|p1a: Gothmog
|-start|p1a: Gothmog|Substitute
|-damage|p1a: Gothmog|64/100
|
|upkeep
|turn|14
|
|t:|1757786141
|-terastallize|p2a: Hatterene|Steel
|move|p1a: Gothmog|Sludge Wave|p2a: Hatterene
|-immune|p2a: Hatterene
|move|p2a: Hatterene|Psychic Noise|p1a: Gothmog
|-supereffective|p1a: Gothmog
|-damage|p1a: Gothmog|1/100
|-start|p1a: Gothmog|move: Heal Block
|
|upkeep
|turn|15
|
|t:|1757786154
|move|p1a: Gothmog|Fiery Dance|p2a: Hatterene
|-supereffective|p2a: Hatterene
|-damage|p2a: Hatterene|17/100
|-boost|p1a: Gothmog|spa|1
|move|p2a: Hatterene|Psychic Noise|p1a: Gothmog
|-supereffective|p1a: Gothmog
|-damage|p1a: Gothmog|0 fnt
|faint|p1a: Gothmog
|-end|p1a: Gothmog|Quark Drive|[silent]
|
|upkeep
|inactive|Nikator98 has 120 seconds left.
|
|t:|1757786202
|switch|p1a: Asfaloth|Ninetales-Alola, F, shiny|100/100
|-damage|p1a: Asfaloth|88/100|[from] Spikes
|-weather|Snowscape|[from] ability: Snow Warning|[of] p1a: Asfaloth
|turn|16
|j| roll&shoot
|
|t:|1757786219
|move|p1a: Asfaloth|Aurora Veil|p1a: Asfaloth
|-sidestart|p1: Nikator98|move: Aurora Veil
|move|p2a: Hatterene|Nuzzle|p1a: Asfaloth
|-damage|p1a: Asfaloth|86/100
|-status|p1a: Asfaloth|par
|
|-weather|Snowscape|[upkeep]
|upkeep
|turn|17
|
|t:|1757786226
|cant|p1a: Asfaloth|par
|move|p2a: Hatterene|Healing Wish|p2a: Hatterene
|faint|p2a: Hatterene
|
|-weather|Snowscape|[upkeep]
|upkeep
|
|t:|1757786234
|switch|p2a: Ogerpon|Ogerpon-Wellspring, F|32/100
|-heal|p2a: Ogerpon|100/100|[from] move: Healing Wish
|turn|18
|
|t:|1757786237
|move|p2a: Ogerpon|U-turn|p1a: Asfaloth
|-resisted|p1a: Asfaloth
|-damage|p1a: Asfaloth|80/100 par
|
|t:|1757786243
|switch|p2a: Weavile|Weavile, F|100/100|[from] U-turn
|-ability|p2a: Weavile|Pressure
|move|p1a: Asfaloth|Freeze-Dry|p2a: Weavile
|-resisted|p2a: Weavile
|-damage|p2a: Weavile|86/100
|
|-weather|Snowscape|[upkeep]
|upkeep
|turn|19
|
|t:|1757786251
|move|p2a: Weavile|Swords Dance|p2a: Weavile
|-boost|p2a: Weavile|atk|2
|move|p1a: Asfaloth|Moonblast|p2a: Weavile
|-supereffective|p2a: Weavile
|-damage|p2a: Weavile|4/100
|-unboost|p2a: Weavile|spa|1
|
|-weather|Snowscape|[upkeep]
|upkeep
|turn|20
|
|t:|1757786259
|move|p2a: Weavile|Knock Off|p1a: Asfaloth
|-resisted|p1a: Asfaloth
|-damage|p1a: Asfaloth|61/100 par
|-enditem|p1a: Asfaloth|Light Clay|[from] move: Knock Off|[of] p2a: Weavile
|move|p1a: Asfaloth|Freeze-Dry|p2a: Weavile
|-resisted|p2a: Weavile
|-damage|p2a: Weavile|0 fnt
|faint|p2a: Weavile
|
|-weather|none
|upkeep
|j| IM AT MY LIMIT
|
|t:|1757786266
|switch|p2a: Kingambit|Kingambit, M|100/100
|-activate|p2a: Kingambit|ability: Supreme Overlord
|-start|p2a: Kingambit|fallen3|[silent]
|turn|21
|
|t:|1757786276
|switch|p1a: Kumaryia|Great Tusk, shiny|55/100
|move|p2a: Kingambit|Swords Dance|p2a: Kingambit
|-boost|p2a: Kingambit|atk|2
|
|upkeep
|turn|22
|
|t:|1757786286
|-end|p2a: Kingambit|fallen3|[silent]
|switch|p2a: Landorus|Landorus-Therian, M|88/100
|-ability|p2a: Landorus|Intimidate|boost
|-unboost|p1a: Kumaryia|atk|1
|move|p1a: Kumaryia|Headlong Rush|p2a: Landorus
|-immune|p2a: Landorus
|
|upkeep
|turn|23
|
|t:|1757786295
|move|p1a: Kumaryia|Rapid Spin|p2a: Landorus
|-damage|p2a: Landorus|80/100
|-boost|p1a: Kumaryia|spe|1
|-damage|p1a: Kumaryia|39/100|[from] item: Rocky Helmet|[of] p2a: Landorus
|-sideend|p1: Nikator98|Spikes|[from] move: Rapid Spin|[of] p1a: Kumaryia
|move|p2a: Landorus|Stealth Rock|p1a: Kumaryia
|-sidestart|p1: Nikator98|move: Stealth Rock
|
|-sideend|p1: Nikator98|move: Aurora Veil
|upkeep
|turn|24
|
|t:|1757786308
|move|p1a: Kumaryia|Knock Off|p2a: Landorus
|-damage|p2a: Landorus|64/100
|-damage|p1a: Kumaryia|23/100|[from] item: Rocky Helmet|[of] p2a: Landorus
|-enditem|p2a: Landorus|Rocky Helmet|[from] move: Knock Off|[of] p1a: Kumaryia
|move|p2a: Landorus|Stealth Rock||[still]
|-fail|p2a: Landorus
|
|upkeep
|turn|25
|
|t:|1757786316
|move|p1a: Kumaryia|Rapid Spin|p2a: Landorus
|-damage|p2a: Landorus|56/100
|-boost|p1a: Kumaryia|spe|1
|-sideend|p1: Nikator98|Stealth Rock|[from] move: Rapid Spin|[of] p1a: Kumaryia
|move|p2a: Landorus|Earth Power|p1a: Kumaryia
|-damage|p1a: Kumaryia|0 fnt
|faint|p1a: Kumaryia
|-end|p1a: Kumaryia|Protosynthesis|[silent]
|
|upkeep
|
|t:|1757786341
|switch|p1a: Lacelle|Haxorus, M, tera:Fairy|60/100
|turn|26
|inactive|Nikator98 has 120 seconds left.
|
|t:|1757786371
|move|p1a: Lacelle|Tera Blast|p2a: Landorus|[anim] Tera Blast Fairy
|-damage|p2a: Landorus|0 fnt
|faint|p2a: Landorus
|
|upkeep
|
|t:|1757786375
|switch|p2a: Kingambit|Kingambit, M|100/100
|-activate|p2a: Kingambit|ability: Supreme Overlord
|-start|p2a: Kingambit|fallen4|[silent]
|turn|27
|inactive|Nikator98 has 120 seconds left.
|
|t:|1757786382
|move|p1a: Lacelle|Tera Blast|p2a: Kingambit|[anim] Tera Blast Fairy
|-damage|p2a: Kingambit|43/100
|move|p2a: Kingambit|Swords Dance|p2a: Kingambit
|-boost|p2a: Kingambit|atk|2
|
|-heal|p2a: Kingambit|49/100|[from] item: Leftovers
|upkeep
|turn|28
|
|t:|1757786390
|switch|p1a: Asfaloth|Ninetales-Alola, F, shiny|61/100 par
|-weather|Snowscape|[from] ability: Snow Warning|[of] p1a: Asfaloth
|move|p2a: Kingambit|Sucker Punch||[still]
|-fail|p2a: Kingambit
|
|-weather|Snowscape|[upkeep]
|-heal|p2a: Kingambit|55/100|[from] item: Leftovers
|upkeep
|turn|29
|
|t:|1757786403
|move|p1a: Asfaloth|Aurora Veil|p1a: Asfaloth
|-sidestart|p1: Nikator98|move: Aurora Veil
|move|p2a: Kingambit|Swords Dance|p2a: Kingambit
|-boost|p2a: Kingambit|atk|2
|
|-weather|Snowscape|[upkeep]
|-heal|p2a: Kingambit|61/100|[from] item: Leftovers
|upkeep
|turn|30
|
|t:|1757786413
|move|p1a: Asfaloth|Encore|p2a: Kingambit
|-start|p2a: Kingambit|Encore
|move|p2a: Kingambit|Swords Dance|p2a: Kingambit
|-boost|p2a: Kingambit|atk|2
|
|-weather|Snowscape|[upkeep]
|-heal|p2a: Kingambit|68/100|[from] item: Leftovers
|upkeep
|turn|31
|
|t:|1757786420
|switch|p1a: Lacelle|Haxorus, M|100/100
|-ability|p1a: Lacelle|Mold Breaker
|-end|p2a: Kingambit|fallen4|[silent]
|switch|p2a: Ogerpon|Ogerpon-Wellspring, F|100/100
|
|-weather|Snowscape|[upkeep]
|upkeep
|turn|32
|
|t:|1757786435
|move|p2a: Ogerpon|Knock Off|p1a: Lacelle
|-damage|p1a: Lacelle|76/100
|-enditem|p1a: Lacelle|Loaded Dice|[from] move: Knock Off|[of] p2a: Ogerpon
|move|p1a: Lacelle|Scale Shot|p2a: Ogerpon
|-damage|p2a: Ogerpon|81/100
|-damage|p2a: Ogerpon|63/100
|-hitcount|p2a: Ogerpon|2
|-unboost|p1a: Lacelle|def|1
|-boost|p1a: Lacelle|spe|1
|
|-weather|none
|upkeep
|turn|33
|l| IM AT MY LIMIT
|
|t:|1757786449
|move|p1a: Lacelle|Close Combat|p2a: Ogerpon
|-damage|p2a: Ogerpon|5/100
|-unboost|p1a: Lacelle|def|1
|-unboost|p1a: Lacelle|spd|1
|move|p2a: Ogerpon|Ivy Cudgel|p1a: Lacelle|[anim] Ivy Cudgel Water
|-resisted|p1a: Lacelle
|-damage|p1a: Lacelle|40/100
|
|-sideend|p1: Nikator98|move: Aurora Veil
|upkeep
|turn|34
|
|t:|1757786466
|move|p1a: Lacelle|Iron Head|p2a: Ogerpon
|-resisted|p2a: Ogerpon
|-damage|p2a: Ogerpon|0 fnt
|faint|p2a: Ogerpon
|
|upkeep
|
|t:|1757786469
|switch|p2a: Kingambit|Kingambit, M|68/100
|-activate|p2a: Kingambit|ability: Supreme Overlord
|-start|p2a: Kingambit|fallen5|[silent]
|turn|35
|
|t:|1757786478
|switch|p1a: Asfaloth|Ninetales-Alola, F, shiny|61/100 par
|-weather|Snowscape|[from] ability: Snow Warning|[of] p1a: Asfaloth
|move|p2a: Kingambit|Kowtow Cleave|p1a: Asfaloth
|-resisted|p1a: Asfaloth
|-damage|p1a: Asfaloth|26/100 par
|
|-weather|Snowscape|[upkeep]
|-heal|p2a: Kingambit|74/100|[from] item: Leftovers
|upkeep
|turn|36
|
|t:|1757786489
|cant|p1a: Asfaloth|par
|move|p2a: Kingambit|Kowtow Cleave|p1a: Asfaloth
|-resisted|p1a: Asfaloth
|-damage|p1a: Asfaloth|0 fnt
|faint|p1a: Asfaloth
|
|-weather|Snowscape|[upkeep]
|-heal|p2a: Kingambit|80/100|[from] item: Leftovers
|upkeep
|
|t:|1757786498
|switch|p1a: Lacelle|Haxorus, M, tera:Fairy|60/100
|turn|37
|
|t:|1757786503
|move|p1a: Lacelle|Trick|p2a: Kingambit
|-activate|p1a: Lacelle|move: Trick|[of] p2a: Kingambit
|-item|p2a: Kingambit|Choice Specs|[from] move: Trick
|-item|p1a: Lacelle|Leftovers|[from] move: Trick
|move|p2a: Kingambit|Kowtow Cleave|p1a: Lacelle
|-resisted|p1a: Lacelle
|-damage|p1a: Lacelle|0 fnt
|replace|p1a: Van Helsing|Zoroark-Hisui, M, shiny
|-end|p1a: Van Helsing|Illusion
|faint|p1a: Van Helsing
|
|-weather|Snowscape|[upkeep]
|upkeep
|c|☆Nikator98|gg
|
|t:|1757786514
|switch|p1a: Lacelle|Haxorus, M|40/100
|-ability|p1a: Lacelle|Mold Breaker
|turn|38
|
|t:|1757786519
|move|p1a: Lacelle|Close Combat|p2a: Kingambit
|-supereffective|p2a: Kingambit
|-damage|p2a: Kingambit|0 fnt
|-unboost|p1a: Lacelle|def|1
|-unboost|p1a: Lacelle|spd|1
|faint|p2a: Kingambit
|-end|p2a: Kingambit|fallen5|[silent]
|
|win|Nikator98
|raw|Nikator98's rating: 1631 &rarr; <strong>1651</strong><br />(+20 for winning)
|raw|swiscool's rating: 1624 &rarr; <strong>1604</strong><br />(-20 for losing)
|c|☆swiscool|gg
|l| roll&shoot
|l|☆swiscool
|player|p2|
|l| LifeIsALieee
