|j|☆Green38
|j|☆Rhysharp
|t:|1757916369
|gametype|singles
|player|p1|Green38|blue|1157
|player|p2|Rhysharp|elesa|1108
|gen|9
|tier|[Gen 9] OU
|rated|
|rule|HP Percentage Mod: HP is shown in percentages
|rule|Endless Battle Clause: Forcing endless battles is banned
|rule|Species Clause: Limit one of each Pokémon
|rule|OHKO Clause: OHKO moves are banned
|rule|Evasion Items Clause: Evasion items are banned
|rule|Evasion Moves Clause: Evasion moves are banned
|rule|Evasion Abilities Clause: Evasion abilities are banned
|rule|Sleep Moves Clause: Sleep-inducing moves are banned
|clearpoke
|poke|p1|Blastoise, M|
|poke|p1|Venusaur, F|
|poke|p1|Metagross|
|poke|p1|Dragonite, F|
|poke|p1|Tyranitar, M|
|poke|p1|Rotom-Heat|
|poke|p2|Kingambit, F|
|poke|p2|Espeon, M|
|poke|p2|Masquerain, F|
|poke|p2|Mienshao, F|
|poke|p2|Mimikyu, M|
|poke|p2|Tentacruel, F|
|teampreview
|inactive|Battle timer is ON: inactive players will automatically lose when time's up. (requested by Green38)
|inactive|Rhysharp also wants the timer to be on.
|
|t:|1757916388
|teamsize|p1|6
|teamsize|p2|6
|start
|switch|p1a: Rotom|Rotom-Heat|100/100
|switch|p2a: Masquerain|Masquerain, F|100/100
|-ability|p2a: Masquerain|Intimidate|boost
|-unboost|p1a: Rotom|atk|1
|turn|1
|
|t:|1757916399
|move|p1a: Rotom|Overheat|p2a: Masquerain
|-supereffective|p2a: Masquerain
|-enditem|p2a: Masquerain|Focus Sash
|-damage|p2a: Masquerain|1/100
|-unboost|p1a: Rotom|spa|2
|move|p2a: Masquerain|Sticky Web|p1a: Rotom
|-sidestart|p1: Green38|move: Sticky Web
|
|upkeep
|turn|2
|
|t:|1757916408
|move|p1a: Rotom|Overheat|p2a: Masquerain
|-supereffective|p2a: Masquerain
|-damage|p2a: Masquerain|0 fnt
|-unboost|p1a: Rotom|spa|2
|faint|p2a: Masquerain
|
|upkeep
|
|t:|1757916415
|switch|p2a: Tentacruel|Tentacruel, F|100/100
|turn|3
|
|t:|1757916422
|switch|p1a: Metagross|Metagross, shiny|100/100
|-activate|p1a: Metagross|move: Sticky Web
|-fail|p1a: Metagross|unboost|[from] ability: Clear Body|[of] p1a: Metagross
|move|p2a: Tentacruel|Hydro Pump|p1a: Metagross
|-damage|p1a: Metagross|70/100
|
|upkeep
|turn|4
|
|t:|1757916435
|switch|p2a: Mimikyu|Mimikyu, M|100/100
|move|p1a: Metagross|Stealth Rock|p2a: Mimikyu
|-sidestart|p2: Rhysharp|move: Stealth Rock
|
|upkeep
|turn|5
|
|t:|1757916445
|switch|p1a: Blastoise|Blastoise, M, shiny|100/100
|-activate|p1a: Blastoise|move: Sticky Web
|-unboost|p1a: Blastoise|spe|1
|move|p2a: Mimikyu|Phantom Force||[still]
|-prepare|p2a: Mimikyu|Phantom Force
|
|upkeep
|turn|6
|
|t:|1757916463
|switch|p1a: Tyranitar|Tyranitar, M|100/100
|-activate|p1a: Tyranitar|move: Sticky Web
|-unboost|p1a: Tyranitar|spe|1
|-weather|Sandstorm|[from] ability: Sand Stream|[of] p1a: Tyranitar
|move|p2a: Mimikyu|Phantom Force|p1a: Tyranitar|[from] lockedmove
|-resisted|p1a: Tyranitar
|-damage|p1a: Tyranitar|85/100
|
|-weather|Sandstorm|[upkeep]
|-damage|p2a: Mimikyu|95/100|[from] Sandstorm
|upkeep
|turn|7
|
|t:|1757916476
|move|p2a: Mimikyu|Play Rough|p1a: Tyranitar
|-supereffective|p1a: Tyranitar
|-damage|p1a: Tyranitar|26/100
|move|p1a: Tyranitar|Stone Edge|p2a: Mimikyu|[miss]
|-miss|p1a: Tyranitar|p2a: Mimikyu
|
|-weather|Sandstorm|[upkeep]
|-damage|p2a: Mimikyu|89/100|[from] Sandstorm
|upkeep
|turn|8
|
|t:|1757916486
|move|p2a: Mimikyu|Play Rough|p1a: Tyranitar
|-supereffective|p1a: Tyranitar
|-damage|p1a: Tyranitar|0 fnt
|faint|p1a: Tyranitar
|
|-weather|Sandstorm|[upkeep]
|-damage|p2a: Mimikyu|83/100|[from] Sandstorm
|upkeep
|
|t:|1757916497
|switch|p1a: Metagross|Metagross, shiny|70/100
|-activate|p1a: Metagross|move: Sticky Web
|-fail|p1a: Metagross|unboost|[from] ability: Clear Body|[of] p1a: Metagross
|turn|9
|
|t:|1757916503
|switch|p2a: Tentacruel|Tentacruel, F|100/100
|-damage|p2a: Tentacruel|88/100|[from] Stealth Rock
|move|p1a: Metagross|Heavy Slam|p2a: Tentacruel
|-resisted|p2a: Tentacruel
|-damage|p2a: Tentacruel|45/100
|
|-weather|Sandstorm|[upkeep]
|-damage|p2a: Tentacruel|39/100|[from] Sandstorm
|-heal|p2a: Tentacruel|45/100|[from] item: Black Sludge
|upkeep
|turn|10
|
|t:|1757916514
|move|p2a: Tentacruel|Rapid Spin|p1a: Metagross
|-resisted|p1a: Metagross
|-damage|p1a: Metagross|67/100
|-boost|p2a: Tentacruel|spe|1
|-damage|p2a: Tentacruel|29/100|[from] item: Rocky Helmet|[of] p1a: Metagross
|-sideend|p2: Rhysharp|Stealth Rock|[from] move: Rapid Spin|[of] p2a: Tentacruel
|move|p1a: Metagross|Psychic Fangs|p2a: Tentacruel
|-supereffective|p2a: Tentacruel
|-damage|p2a: Tentacruel|0 fnt
|faint|p2a: Tentacruel
|
|-weather|none
|upkeep
|
|t:|1757916519
|switch|p2a: Mienshao|Mienshao, F|100/100
|turn|11
|
|t:|1757916528
|move|p2a: Mienshao|Fake Out|p1a: Metagross
|-resisted|p1a: Metagross
|-damage|p1a: Metagross|60/100
|-damage|p2a: Mienshao|84/100|[from] item: Rocky Helmet|[of] p1a: Metagross
|-damage|p2a: Mienshao|74/100|[from] item: Life Orb
|cant|p1a: Metagross|flinch
|
|upkeep
|turn|12
|
|t:|1757916537
|switch|p2a: Espeon|Espeon, M|100/100
|move|p1a: Metagross|Stealth Rock|p2a: Espeon
|move|p2a: Espeon|Stealth Rock|p1a: Metagross|[from] ability: Magic Bounce
|-sidestart|p1: Green38|move: Stealth Rock
|
|upkeep
|turn|13
|
|t:|1757916550
|switch|p1a: Blastoise|Blastoise, M, shiny|100/100
|-activate|p1a: Blastoise|move: Sticky Web
|-unboost|p1a: Blastoise|spe|1
|-damage|p1a: Blastoise|88/100|[from] Stealth Rock
|move|p2a: Espeon|Shadow Ball|p1a: Blastoise
|-damage|p1a: Blastoise|63/100
|-unboost|p1a: Blastoise|spd|1
|
|-heal|p1a: Blastoise|69/100|[from] item: Leftovers
|upkeep
|turn|14
|
|t:|1757916562
|switch|p2a: Mimikyu|Mimikyu, M|83/100
|move|p1a: Blastoise|Rapid Spin|p2a: Mimikyu
|-immune|p2a: Mimikyu
|
|-heal|p1a: Blastoise|75/100|[from] item: Leftovers
|upkeep
|turn|15
|
|t:|1757916572
|move|p2a: Mimikyu|Phantom Force||[still]
|-prepare|p2a: Mimikyu|Phantom Force
|move|p1a: Blastoise|Surf|p2a: Mimikyu|[miss]
|-miss|p1a: Blastoise|p2a: Mimikyu
|
|-heal|p1a: Blastoise|81/100|[from] item: Leftovers
|upkeep
|turn|16
|
|t:|1757916579
|move|p2a: Mimikyu|Phantom Force|p1a: Blastoise|[from] lockedmove
|-damage|p1a: Blastoise|54/100
|move|p1a: Blastoise|Surf|p2a: Mimikyu
|-activate|p2a: Mimikyu|ability: Disguise
|-damage|p2a: Mimikyu|83/100
|detailschange|p2a: Mimikyu|Mimikyu-Busted, M
|-damage|p2a: Mimikyu|70/100|[from] pokemon: Mimikyu-Busted
|-enditem|p2a: Mimikyu|Red Card|[of] p1a: Blastoise
|drag|p1a: Rotom|Rotom-Heat|100/100
|-damage|p1a: Rotom|75/100|[from] Stealth Rock
|
|upkeep
|turn|17
|
|t:|1757916596
|move|p2a: Mimikyu|Shadow Sneak|p1a: Rotom
|-damage|p1a: Rotom|58/100
|move|p1a: Rotom|Thunder Wave|p2a: Mimikyu
|-status|p2a: Mimikyu|par
|
|upkeep
|turn|18
|
|t:|1757916607
|switch|p1a: Metagross|Metagross, shiny|60/100
|-activate|p1a: Metagross|move: Sticky Web
|-fail|p1a: Metagross|unboost|[from] ability: Clear Body|[of] p1a: Metagross
|-damage|p1a: Metagross|54/100|[from] Stealth Rock
|move|p2a: Mimikyu|Phantom Force||[still]
|-prepare|p2a: Mimikyu|Phantom Force
|
|upkeep
|turn|19
|
|t:|1757916615
|move|p1a: Metagross|Stealth Rock|p2a: Mimikyu
|-sidestart|p2: Rhysharp|move: Stealth Rock
|move|p2a: Mimikyu|Phantom Force|p1a: Metagross|[from] lockedmove
|-supereffective|p1a: Metagross
|-damage|p1a: Metagross|6/100
|-damage|p2a: Mimikyu|54/100 par|[from] item: Rocky Helmet|[of] p1a: Metagross
|
|upkeep
|turn|20
|
|t:|1757916624
|move|p2a: Mimikyu|Shadow Sneak|p1a: Metagross
|-supereffective|p1a: Metagross
|-damage|p1a: Metagross|0 fnt
|-damage|p2a: Mimikyu|37/100 par|[from] item: Rocky Helmet|[of] p1a: Metagross
|faint|p1a: Metagross
|
|upkeep
|
|t:|1757916630
|switch|p1a: Rotom|Rotom-Heat|58/100
|-damage|p1a: Rotom|33/100|[from] Stealth Rock
|turn|21
|
|t:|1757916639
|cant|p2a: Mimikyu|par
|move|p1a: Rotom|Trick|p2a: Mimikyu
|-activate|p1a: Rotom|move: Trick|[of] p2a: Mimikyu
|-item|p2a: Mimikyu|Choice Specs|[from] move: Trick
|-enditem|p1a: Rotom|Choice Specs|[silent]|[from] move: Trick
|
|upkeep
|turn|22
|
|t:|1757916649
|move|p1a: Rotom|Volt Switch|p2a: Mimikyu
|-damage|p2a: Mimikyu|2/100 par
|
|t:|1757916659
|switch|p1a: Venusaur|Venusaur, F|100/100|[from] Volt Switch
|-activate|p1a: Venusaur|move: Sticky Web
|-unboost|p1a: Venusaur|spe|1
|-damage|p1a: Venusaur|88/100|[from] Stealth Rock
|cant|p2a: Mimikyu|par
|
|-heal|p1a: Venusaur|94/100|[from] item: Black Sludge
|upkeep
|turn|23
|
|t:|1757916671
|move|p2a: Mimikyu|Phantom Force||[still]
|-prepare|p2a: Mimikyu|Phantom Force
|move|p1a: Venusaur|Giga Drain|p2a: Mimikyu|[miss]
|-miss|p1a: Venusaur|p2a: Mimikyu
|
|-heal|p1a: Venusaur|100/100|[from] item: Black Sludge
|upkeep
|turn|24
|
|t:|1757916678
|move|p2a: Mimikyu|Phantom Force|p1a: Venusaur|[from] lockedmove
|-damage|p1a: Venusaur|70/100
|move|p1a: Venusaur|Giga Drain|p2a: Mimikyu
|-damage|p2a: Mimikyu|0 fnt
|-heal|p1a: Venusaur|71/100|[from] drain|[of] p2a: Mimikyu
|faint|p2a: Mimikyu
|
|-heal|p1a: Venusaur|77/100|[from] item: Black Sludge
|upkeep
|
|t:|1757916681
|switch|p2a: Espeon|Espeon, M|100/100
|-damage|p2a: Espeon|88/100|[from] Stealth Rock
|turn|25
|
|t:|1757916692
|move|p2a: Espeon|Psychic|p1a: Venusaur
|-supereffective|p1a: Venusaur
|-damage|p1a: Venusaur|0 fnt
|faint|p1a: Venusaur
|
|upkeep
|
|t:|1757916698
|switch|p1a: Blastoise|Blastoise, M, shiny|54/100
|-activate|p1a: Blastoise|move: Sticky Web
|-unboost|p1a: Blastoise|spe|1
|-damage|p1a: Blastoise|42/100|[from] Stealth Rock
|turn|26
|
|t:|1757916706
|move|p2a: Espeon|Psychic|p1a: Blastoise
|-damage|p1a: Blastoise|0 fnt
|faint|p1a: Blastoise
|
|upkeep
|
|t:|1757916713
|switch|p1a: Rotom|Rotom-Heat|33/100
|-damage|p1a: Rotom|8/100|[from] Stealth Rock
|turn|27
|
|t:|1757916720
|move|p2a: Espeon|Alluring Voice|p1a: Rotom
|-resisted|p1a: Rotom
|-damage|p1a: Rotom|0 fnt
|faint|p1a: Rotom
|
|upkeep
|
|t:|1757916725
|switch|p1a: Dragonite|Dragonite, F|100/100
|-damage|p1a: Dragonite|76/100|[from] Stealth Rock
|turn|28
|c|☆Rhysharp|Gg
|
|t:|1757916730
|move|p2a: Espeon|Alluring Voice|p1a: Dragonite
|-supereffective|p1a: Dragonite
|-damage|p1a: Dragonite|20/100
|move|p1a: Dragonite|Dragon Dance|p1a: Dragonite
|-boost|p1a: Dragonite|atk|1
|-boost|p1a: Dragonite|spe|1
|
|upkeep
|turn|29
|
|t:|1757916740
|move|p1a: Dragonite|Dragon Claw|p2a: Espeon
|-damage|p2a: Espeon|0 fnt
|faint|p2a: Espeon
|
|upkeep
|
|t:|1757916746
|switch|p2a: Mienshao|Mienshao, F|100/100
|-damage|p2a: Mienshao|94/100|[from] Stealth Rock
|turn|30
|
|t:|1757916751
|move|p2a: Mienshao|Fake Out|p1a: Dragonite
|-damage|p1a: Dragonite|0 fnt
|faint|p1a: Dragonite
|-damage|p2a: Mienshao|84/100|[from] item: Life Orb
|
|win|Rhysharp
|raw|Green38's rating: 1157 &rarr; <strong>1128</strong><br />(-29 for losing)
|raw|Rhysharp's rating: 1108 &rarr; <strong>1137</strong><br />(+29 for winning)
|l|☆Rhysharp
|player|p2|
|l|☆Green38
|player|p1|
