|j|☆harc
|j|☆xinhuo666
|t:|1757822597
|gametype|singles
|player|p1|harc|lady|1305
|player|p2|xinhuo666|byron|1293
|gen|9
|tier|[Gen 9] OU
|rated|
|rule|HP Percentage Mod: HP is shown in percentages
|rule|Endless Battle Clause: Forcing endless battles is banned
|rule|Species Clause: Limit one of each Pokémon
|rule|OHKO Clause: OHKO moves are banned
|rule|Evasion Items Clause: Evasion items are banned
|rule|Evasion Moves Clause: Evasion moves are banned
|rule|Evasion Abilities Clause: Evasion abilities are banned
|rule|Sleep Moves Clause: Sleep-inducing moves are banned
|clearpoke
|poke|p1|Corviknight, F|
|poke|p1|Clefable, F|
|poke|p1|Tyranitar, F|
|poke|p1|Dondozo, M|
|poke|p1|Forretress, M|
|poke|p1|Eelektross, F|
|poke|p2|Walking Wake|
|poke|p2|Great Tusk|
|poke|p2|Torkoal, M|
|poke|p2|Hatterene, F|
|poke|p2|Corviknight, F|
|poke|p2|Ceruledge, M|
|teampreview
|inactive|Battle timer is ON: inactive players will automatically lose when time's up. (requested by xinhuo666)
|
|t:|1757822611
|teamsize|p1|6
|teamsize|p2|6
|start
|switch|p1a: Eelektross|Eelektross, F|100/100
|switch|p2a: Great Tusk|Great Tusk|100/100
|turn|1
|
|t:|1757822620
|move|p2a: Great Tusk|Bulk Up|p2a: Great Tusk
|-boost|p2a: Great Tusk|atk|1
|-boost|p2a: Great Tusk|def|1
|move|p1a: Eelektross|Knock Off|p2a: Great Tusk
|-resisted|p2a: Great Tusk
|-damage|p2a: Great Tusk|95/100
|-enditem|p2a: Great Tusk|Leftovers|[from] move: Knock Off|[of] p1a: Eelektross
|
|upkeep
|turn|2
|
|t:|1757822629
|move|p2a: Great Tusk|Rapid Spin|p1a: Eelektross
|-damage|p1a: Eelektross|78/100
|-boost|p2a: Great Tusk|spe|1
|move|p1a: Eelektross|Lunge|p2a: Great Tusk
|-resisted|p2a: Great Tusk
|-damage|p2a: Great Tusk|89/100
|-unboost|p2a: Great Tusk|atk|1
|
|upkeep
|turn|3
|
|t:|1757822637
|move|p2a: Great Tusk|Bulk Up|p2a: Great Tusk
|-boost|p2a: Great Tusk|atk|1
|-boost|p2a: Great Tusk|def|1
|move|p1a: Eelektross|Lunge|p2a: Great Tusk
|-resisted|p2a: Great Tusk
|-damage|p2a: Great Tusk|85/100
|-unboost|p2a: Great Tusk|atk|1
|
|upkeep
|turn|4
|
|t:|1757822646
|move|p2a: Great Tusk|Bulk Up|p2a: Great Tusk
|-boost|p2a: Great Tusk|atk|1
|-boost|p2a: Great Tusk|def|1
|move|p1a: Eelektross|Lunge|p2a: Great Tusk
|-resisted|p2a: Great Tusk
|-damage|p2a: Great Tusk|82/100
|-unboost|p2a: Great Tusk|atk|1
|
|upkeep
|turn|5
|
|t:|1757822654
|move|p2a: Great Tusk|Bulk Up|p2a: Great Tusk
|-boost|p2a: Great Tusk|atk|1
|-boost|p2a: Great Tusk|def|1
|move|p1a: Eelektross|Lunge|p2a: Great Tusk
|-resisted|p2a: Great Tusk
|-damage|p2a: Great Tusk|80/100
|-unboost|p2a: Great Tusk|atk|1
|
|upkeep
|turn|6
|
|t:|1757822667
|switch|p1a: Dondozo|Dondozo, M|100/100
|move|p2a: Great Tusk|Bulk Up|p2a: Great Tusk
|-boost|p2a: Great Tusk|atk|1
|-boost|p2a: Great Tusk|def|1
|
|upkeep
|turn|7
|
|t:|1757822675
|move|p2a: Great Tusk|Ice Spinner|p1a: Dondozo
|-resisted|p1a: Dondozo
|-damage|p1a: Dondozo|93/100
|move|p1a: Dondozo|Liquidation|p2a: Great Tusk
|-supereffective|p2a: Great Tusk
|-damage|p2a: Great Tusk|39/100
|
|-heal|p1a: Dondozo|99/100|[from] item: Leftovers
|upkeep
|turn|8
|
|t:|1757822685
|move|p2a: Great Tusk|Headlong Rush|p1a: Dondozo
|-damage|p1a: Dondozo|67/100
|-unboost|p2a: Great Tusk|def|1
|-unboost|p2a: Great Tusk|spd|1
|move|p1a: Dondozo|Liquidation|p2a: Great Tusk
|-supereffective|p2a: Great Tusk
|-damage|p2a: Great Tusk|0 fnt
|faint|p2a: Great Tusk
|-end|p2a: Great Tusk|Protosynthesis|[silent]
|
|-heal|p1a: Dondozo|73/100|[from] item: Leftovers
|upkeep
|
|t:|1757822689
|switch|p2a: Torkoal|Torkoal, M|100/100
|-weather|SunnyDay|[from] ability: Drought|[of] p2a: Torkoal
|turn|9
|
|t:|1757822700
|switch|p1a: Tyranitar|Tyranitar, F|100/100
|-weather|Sandstorm|[from] ability: Sand Stream|[of] p1a: Tyranitar
|move|p2a: Torkoal|Stealth Rock|p1a: Tyranitar
|-sidestart|p1: harc|move: Stealth Rock
|
|-weather|Sandstorm|[upkeep]
|-damage|p2a: Torkoal|94/100|[from] Sandstorm
|upkeep
|turn|10
|
|t:|1757822709
|switch|p2a: Hatterene|Hatterene, F|100/100
|move|p1a: Tyranitar|Knock Off|p2a: Hatterene
|-damage|p2a: Hatterene|61/100
|-enditem|p2a: Hatterene|Eject Button|[from] move: Knock Off|[of] p1a: Tyranitar
|
|-weather|Sandstorm|[upkeep]
|-damage|p2a: Hatterene|55/100|[from] Sandstorm
|upkeep
|turn|11
|
|t:|1757822719
|switch|p2a: Torkoal|Torkoal, M|94/100
|-weather|SunnyDay|[from] ability: Drought|[of] p2a: Torkoal
|move|p1a: Tyranitar|Stone Edge|p2a: Torkoal
|-supereffective|p2a: Torkoal
|-damage|p2a: Torkoal|34/100
|
|-weather|SunnyDay|[upkeep]
|upkeep
|turn|12
|
|t:|1757822733
|switch|p2a: Hatterene|Hatterene, F|55/100
|move|p1a: Tyranitar|Stone Edge|p2a: Hatterene
|-damage|p2a: Hatterene|10/100
|
|-weather|SunnyDay|[upkeep]
|upkeep
|turn|13
|
|t:|1757822741
|move|p1a: Tyranitar|Knock Off|p2a: Hatterene
|-crit|p2a: Hatterene
|-damage|p2a: Hatterene|0 fnt
|faint|p2a: Hatterene
|
|-weather|SunnyDay|[upkeep]
|upkeep
|
|t:|1757822745
|switch|p2a: Walking Wake|Walking Wake|100/100
|-activate|p2a: Walking Wake|ability: Protosynthesis
|-start|p2a: Walking Wake|protosynthesisspe
|turn|14
|
|t:|1757822753
|switch|p1a: Clefable|Clefable, F|100/100
|move|p2a: Walking Wake|Draco Meteor|p1a: Clefable
|-immune|p1a: Clefable
|
|-weather|SunnyDay|[upkeep]
|upkeep
|turn|15
|
|t:|1757822762
|-end|p2a: Walking Wake|Protosynthesis|[silent]
|switch|p2a: Ceruledge|Ceruledge, M|100/100
|move|p1a: Clefable|Alluring Voice|p2a: Ceruledge
|-resisted|p2a: Ceruledge
|-damage|p2a: Ceruledge|90/100
|
|-weather|SunnyDay|[upkeep]
|upkeep
|turn|16
|
|t:|1757822776
|switch|p1a: Tyranitar|Tyranitar, F|100/100
|-damage|p1a: Tyranitar|88/100|[from] Stealth Rock
|-weather|Sandstorm|[from] ability: Sand Stream|[of] p1a: Tyranitar
|move|p2a: Ceruledge|Swords Dance|p2a: Ceruledge
|-boost|p2a: Ceruledge|atk|2
|
|-weather|Sandstorm|[upkeep]
|-damage|p2a: Ceruledge|84/100|[from] Sandstorm
|upkeep
|turn|17
|
|t:|1757822792
|switch|p1a: Dondozo|Dondozo, M|73/100
|-damage|p1a: Dondozo|61/100|[from] Stealth Rock
|-terastallize|p2a: Ceruledge|Grass
|move|p2a: Ceruledge|Swords Dance|p2a: Ceruledge
|-boost|p2a: Ceruledge|atk|2
|
|-weather|Sandstorm|[upkeep]
|-damage|p2a: Ceruledge|77/100|[from] Sandstorm
|-damage|p1a: Dondozo|55/100|[from] Sandstorm
|-heal|p1a: Dondozo|61/100|[from] item: Leftovers
|upkeep
|turn|18
|
|t:|1757822807
|move|p2a: Ceruledge|Poltergeist|p1a: Dondozo
|-activate|p1a: Dondozo|move: Poltergeist|Leftovers
|-damage|p1a: Dondozo|31/100
|move|p1a: Dondozo|Body Press|p2a: Ceruledge
|-damage|p2a: Ceruledge|43/100
|
|-weather|Sandstorm|[upkeep]
|-damage|p2a: Ceruledge|37/100|[from] Sandstorm
|-damage|p1a: Dondozo|25/100|[from] Sandstorm
|-heal|p1a: Dondozo|31/100|[from] item: Leftovers
|upkeep
|turn|19
|
|t:|1757822818
|move|p2a: Ceruledge|Bitter Blade|p1a: Dondozo
|-resisted|p1a: Dondozo
|-damage|p1a: Dondozo|21/100
|-heal|p2a: Ceruledge|45/100|[from] drain|[of] p1a: Dondozo
|move|p1a: Dondozo|Rest|p1a: Dondozo
|-status|p1a: Dondozo|slp|[from] move: Rest
|-heal|p1a: Dondozo|100/100 slp|[silent]
|
|-weather|Sandstorm|[upkeep]
|-damage|p2a: Ceruledge|39/100|[from] Sandstorm
|-damage|p1a: Dondozo|94/100 slp|[from] Sandstorm
|-heal|p1a: Dondozo|100/100 slp|[from] item: Leftovers
|upkeep
|turn|20
|
|t:|1757822831
|move|p2a: Ceruledge|Swords Dance|p2a: Ceruledge
|-boost|p2a: Ceruledge|atk|2
|cant|p1a: Dondozo|slp
|
|-weather|none
|upkeep
|turn|21
|
|t:|1757822838
|move|p2a: Ceruledge|Bitter Blade|p1a: Dondozo
|-resisted|p1a: Dondozo
|-damage|p1a: Dondozo|90/100 slp
|-heal|p2a: Ceruledge|46/100|[from] drain|[of] p1a: Dondozo
|cant|p1a: Dondozo|slp
|
|-heal|p1a: Dondozo|96/100 slp|[from] item: Leftovers
|upkeep
|turn|22
|
|t:|1757822847
|move|p2a: Ceruledge|Bitter Blade|p1a: Dondozo
|-resisted|p1a: Dondozo
|-damage|p1a: Dondozo|84/100 slp
|-heal|p2a: Ceruledge|55/100|[from] drain|[of] p1a: Dondozo
|-curestatus|p1a: Dondozo|slp|[msg]
|move|p1a: Dondozo|Body Press|p2a: Ceruledge
|-damage|p2a: Ceruledge|20/100
|
|-heal|p1a: Dondozo|90/100|[from] item: Leftovers
|upkeep
|turn|23
|
|t:|1757822858
|move|p2a: Ceruledge|Poltergeist|p1a: Dondozo
|-activate|p1a: Dondozo|move: Poltergeist|Leftovers
|-damage|p1a: Dondozo|63/100
|move|p1a: Dondozo|Body Press|p2a: Ceruledge
|-damage|p2a: Ceruledge|0 fnt
|faint|p2a: Ceruledge
|
|-heal|p1a: Dondozo|69/100|[from] item: Leftovers
|upkeep
|
|t:|1757822865
|switch|p2a: Torkoal|Torkoal, M|34/100
|-weather|SunnyDay|[from] ability: Drought|[of] p2a: Torkoal
|turn|24
|
|t:|1757822873
|switch|p1a: Tyranitar|Tyranitar, F|88/100
|-damage|p1a: Tyranitar|76/100|[from] Stealth Rock
|-weather|Sandstorm|[from] ability: Sand Stream|[of] p1a: Tyranitar
|move|p2a: Torkoal|Lava Plume|p1a: Tyranitar
|-resisted|p1a: Tyranitar
|-damage|p1a: Tyranitar|72/100
|-status|p1a: Tyranitar|brn
|
|-weather|Sandstorm|[upkeep]
|-damage|p2a: Torkoal|28/100|[from] Sandstorm
|-damage|p1a: Tyranitar|66/100 brn|[from] brn
|upkeep
|turn|25
|
|t:|1757822887
|switch|p1a: Forretress|Forretress, M|100/100
|-damage|p1a: Forretress|88/100|[from] Stealth Rock
|switch|p2a: Corviknight|Corviknight, F|100/100
|-ability|p2a: Corviknight|Pressure
|
|-weather|Sandstorm|[upkeep]
|upkeep
|turn|26
|
|t:|1757822897
|move|p2a: Corviknight|Iron Defense|p2a: Corviknight
|-boost|p2a: Corviknight|def|2
|move|p1a: Forretress|Stealth Rock|p2a: Corviknight
|-sidestart|p2: xinhuo666|move: Stealth Rock
|
|-weather|Sandstorm|[upkeep]
|upkeep
|turn|27
|
|t:|1757822905
|move|p2a: Corviknight|Iron Defense|p2a: Corviknight
|-boost|p2a: Corviknight|def|2
|move|p1a: Forretress|Rapid Spin|p2a: Corviknight
|-resisted|p2a: Corviknight
|-damage|p2a: Corviknight|99/100
|-boost|p1a: Forretress|spe|1
|-damage|p1a: Forretress|71/100|[from] item: Rocky Helmet|[of] p2a: Corviknight
|-sideend|p1: harc|Stealth Rock|[from] move: Rapid Spin|[of] p1a: Forretress
|
|-weather|Sandstorm|[upkeep]
|upkeep
|turn|28
|
|t:|1757822916
|move|p1a: Forretress|Reflect|p1a: Forretress
|-sidestart|p1: harc|Reflect
|move|p2a: Corviknight|Iron Defense|p2a: Corviknight
|-boost|p2a: Corviknight|def|2
|
|-weather|none
|upkeep
|turn|29
|
|t:|1757822926
|switch|p1a: Clefable|Clefable, F|100/100
|move|p2a: Corviknight|Body Press|p1a: Clefable
|-resisted|p1a: Clefable
|-damage|p1a: Clefable|69/100
|
|-heal|p1a: Clefable|75/100|[from] item: Leftovers
|upkeep
|turn|30
|
|t:|1757822935
|move|p1a: Clefable|Flamethrower|p2a: Corviknight
|-supereffective|p2a: Corviknight
|-damage|p2a: Corviknight|68/100
|move|p2a: Corviknight|Body Press|p1a: Clefable
|-resisted|p1a: Clefable
|-damage|p1a: Clefable|48/100
|
|-heal|p1a: Clefable|54/100|[from] item: Leftovers
|upkeep
|turn|31
|
|t:|1757822944
|move|p1a: Clefable|Flamethrower|p2a: Corviknight
|-supereffective|p2a: Corviknight
|-damage|p2a: Corviknight|35/100
|move|p2a: Corviknight|Body Press|p1a: Clefable
|-resisted|p1a: Clefable
|-damage|p1a: Clefable|26/100
|
|-heal|p1a: Clefable|32/100|[from] item: Leftovers
|upkeep
|turn|32
|
|t:|1757822954
|move|p1a: Clefable|Flamethrower|p2a: Corviknight
|-supereffective|p2a: Corviknight
|-damage|p2a: Corviknight|3/100
|move|p2a: Corviknight|Roost|p2a: Corviknight
|-heal|p2a: Corviknight|53/100
|-singleturn|p2a: Corviknight|move: Roost
|
|-heal|p1a: Clefable|38/100|[from] item: Leftovers
|upkeep
|turn|33
|
|t:|1757822964
|move|p1a: Clefable|Wish|p1a: Clefable
|move|p2a: Corviknight|Roost|p2a: Corviknight
|-heal|p2a: Corviknight|100/100
|-singleturn|p2a: Corviknight|move: Roost
|
|-heal|p1a: Clefable|44/100|[from] item: Leftovers
|upkeep
|turn|34
|
|t:|1757822981
|switch|p1a: Dondozo|Dondozo, M|69/100
|move|p2a: Corviknight|Body Press|p1a: Dondozo
|-damage|p1a: Dondozo|64/100
|
|-heal|p1a: Dondozo|100/100|[from] move: Wish|[wisher] Clefable
|upkeep
|turn|35
|
|t:|1757822994
|move|p2a: Corviknight|Body Press|p1a: Dondozo
|-damage|p1a: Dondozo|95/100
|move|p1a: Dondozo|Body Press|p2a: Corviknight
|-damage|p2a: Corviknight|83/100
|-damage|p1a: Dondozo|78/100|[from] item: Rocky Helmet|[of] p2a: Corviknight
|
|-heal|p1a: Dondozo|84/100|[from] item: Leftovers
|-sideend|p1: harc|Reflect
|upkeep
|turn|36
|
|t:|1757823006
|move|p2a: Corviknight|Iron Defense|p2a: Corviknight
|-boost|p2a: Corviknight|def|0
|move|p1a: Dondozo|Liquidation|p2a: Corviknight
|-damage|p2a: Corviknight|66/100
|-damage|p1a: Dondozo|67/100|[from] item: Rocky Helmet|[of] p2a: Corviknight
|
|-heal|p1a: Dondozo|74/100|[from] item: Leftovers
|upkeep
|turn|37
|
|t:|1757823017
|switch|p1a: Clefable|Clefable, F|44/100
|move|p2a: Corviknight|Iron Defense|p2a: Corviknight
|-boost|p2a: Corviknight|def|0
|
|-heal|p1a: Clefable|50/100|[from] item: Leftovers
|upkeep
|turn|38
|
|t:|1757823025
|move|p1a: Clefable|Wish|p1a: Clefable
|move|p2a: Corviknight|Roost|p2a: Corviknight
|-heal|p2a: Corviknight|100/100
|-singleturn|p2a: Corviknight|move: Roost
|
|-heal|p1a: Clefable|57/100|[from] item: Leftovers
|upkeep
|turn|39
|
|t:|1757823033
|move|p1a: Clefable|Flamethrower|p2a: Corviknight
|-supereffective|p2a: Corviknight
|-crit|p2a: Corviknight
|-damage|p2a: Corviknight|47/100
|move|p2a: Corviknight|Iron Defense|p2a: Corviknight
|-boost|p2a: Corviknight|def|0
|
|-heal|p1a: Clefable|100/100|[from] move: Wish|[wisher] Clefable
|upkeep
|turn|40
|
|t:|1757823042
|move|p1a: Clefable|Flamethrower|p2a: Corviknight
|-supereffective|p2a: Corviknight
|-damage|p2a: Corviknight|15/100
|move|p2a: Corviknight|Roost|p2a: Corviknight
|-heal|p2a: Corviknight|65/100
|-singleturn|p2a: Corviknight|move: Roost
|
|upkeep
|turn|41
|
|t:|1757823050
|move|p1a: Clefable|Wish|p1a: Clefable
|move|p2a: Corviknight|Roost|p2a: Corviknight
|-heal|p2a: Corviknight|100/100
|-singleturn|p2a: Corviknight|move: Roost
|
|upkeep
|turn|42
|
|t:|1757823058
|switch|p1a: Eelektross|Eelektross, F|78/100
|move|p2a: Corviknight|Body Press|p1a: Eelektross
|-damage|p1a: Eelektross|0 fnt
|faint|p1a: Eelektross
|
|upkeep
|
|t:|1757823067
|switch|p1a: Forretress|Forretress, M|71/100
|turn|43
|
|t:|1757823071
|move|p2a: Corviknight|Body Press|p1a: Forretress
|-damage|p1a: Forretress|2/100
|move|p1a: Forretress|Reflect|p1a: Forretress
|-sidestart|p1: harc|Reflect
|
|upkeep
|turn|44
|
|t:|1757823078
|move|p2a: Corviknight|Body Press|p1a: Forretress
|-damage|p1a: Forretress|0 fnt
|faint|p1a: Forretress
|
|upkeep
|
|t:|1757823083
|switch|p1a: Clefable|Clefable, F|100/100
|turn|45
|
|t:|1757823089
|move|p1a: Clefable|Flamethrower|p2a: Corviknight
|-supereffective|p2a: Corviknight
|-damage|p2a: Corviknight|64/100
|move|p2a: Corviknight|Body Press|p1a: Clefable
|-resisted|p1a: Clefable
|-damage|p1a: Clefable|71/100
|
|-heal|p1a: Clefable|77/100|[from] item: Leftovers
|upkeep
|turn|46
|
|t:|1757823098
|move|p1a: Clefable|Flamethrower|p2a: Corviknight
|-supereffective|p2a: Corviknight
|-damage|p2a: Corviknight|27/100
|move|p2a: Corviknight|Body Press|p1a: Clefable
|-resisted|p1a: Clefable
|-damage|p1a: Clefable|48/100
|
|-heal|p1a: Clefable|54/100|[from] item: Leftovers
|upkeep
|turn|47
|
|t:|1757823108
|move|p1a: Clefable|Flamethrower|p2a: Corviknight
|-supereffective|p2a: Corviknight
|-damage|p2a: Corviknight|0 fnt
|faint|p2a: Corviknight
|
|-heal|p1a: Clefable|60/100|[from] item: Leftovers
|upkeep
|
|t:|1757823112
|switch|p2a: Torkoal|Torkoal, M|28/100
|-damage|p2a: Torkoal|3/100|[from] Stealth Rock
|-weather|SunnyDay|[from] ability: Drought|[of] p2a: Torkoal
|turn|48
|c|☆harc|See
|c|☆harc|There was no need t be such a tryhard
|
|t:|1757823133
|switch|p1a: Tyranitar|Tyranitar, F|66/100 brn
|-weather|Sandstorm|[from] ability: Sand Stream|[of] p1a: Tyranitar
|move|p2a: Torkoal|Rapid Spin|p1a: Tyranitar
|-resisted|p1a: Tyranitar
|-damage|p1a: Tyranitar|64/100 brn
|-boost|p2a: Torkoal|spe|1
|-sideend|p2: xinhuo666|Stealth Rock|[from] move: Rapid Spin|[of] p2a: Torkoal
|
|-weather|Sandstorm|[upkeep]
|-damage|p2a: Torkoal|0 fnt|[from] Sandstorm
|faint|p2a: Torkoal
|-damage|p1a: Tyranitar|58/100 brn|[from] brn
|upkeep
|
|t:|1757823143
|switch|p2a: Walking Wake|Walking Wake|100/100
|turn|49
|
|t:|1757823148
|move|p2a: Walking Wake|Hydro Steam|p1a: Tyranitar
|-supereffective|p1a: Tyranitar
|-damage|p1a: Tyranitar|25/100 brn
|move|p1a: Tyranitar|Knock Off|p2a: Walking Wake
|-damage|p2a: Walking Wake|77/100
|-enditem|p2a: Walking Wake|Choice Specs|[from] move: Knock Off|[of] p1a: Tyranitar
|
|-weather|Sandstorm|[upkeep]
|-damage|p2a: Walking Wake|71/100|[from] Sandstorm
|-damage|p1a: Tyranitar|19/100 brn|[from] brn
|upkeep
|turn|50
|
|t:|1757823160
|move|p2a: Walking Wake|Hydro Steam|p1a: Tyranitar
|-supereffective|p1a: Tyranitar
|-damage|p1a: Tyranitar|0 fnt
|faint|p1a: Tyranitar
|
|-weather|Sandstorm|[upkeep]
|-damage|p2a: Walking Wake|65/100|[from] Sandstorm
|-sideend|p1: harc|Reflect
|upkeep
|
|t:|1757823168
|switch|p1a: Corviknight|Corviknight, F|100/100
|turn|51
|
|t:|1757823172
|move|p2a: Walking Wake|Flamethrower|p1a: Corviknight
|-supereffective|p1a: Corviknight
|-damage|p1a: Corviknight|58/100
|move|p1a: Corviknight|Bulk Up|p1a: Corviknight
|-boost|p1a: Corviknight|atk|1
|-boost|p1a: Corviknight|def|1
|
|-weather|Sandstorm|[upkeep]
|-damage|p2a: Walking Wake|59/100|[from] Sandstorm
|-heal|p1a: Corviknight|65/100|[from] item: Leftovers
|upkeep
|turn|52
|
|t:|1757823183
|move|p2a: Walking Wake|Flamethrower|p1a: Corviknight
|-supereffective|p1a: Corviknight
|-crit|p1a: Corviknight
|-damage|p1a: Corviknight|0 fnt
|faint|p1a: Corviknight
|
|-weather|none
|upkeep
|
|t:|1757823190
|switch|p1a: Clefable|Clefable, F|60/100
|turn|53
|
|t:|1757823193
|move|p1a: Clefable|Protect|p1a: Clefable
|-singleturn|p1a: Clefable|Protect
|move|p2a: Walking Wake|Hydro Steam|p1a: Clefable
|-activate|p1a: Clefable|move: Protect
|
|-heal|p1a: Clefable|66/100|[from] item: Leftovers
|upkeep
|turn|54
|
|t:|1757823202
|move|p2a: Walking Wake|Hydro Steam|p1a: Clefable
|-damage|p1a: Clefable|39/100
|move|p1a: Clefable|Wish|p1a: Clefable
|
|-heal|p1a: Clefable|45/100|[from] item: Leftovers
|upkeep
|turn|55
|
|t:|1757823211
|move|p1a: Clefable|Protect|p1a: Clefable
|-singleturn|p1a: Clefable|Protect
|move|p2a: Walking Wake|Hydro Steam|p1a: Clefable
|-activate|p1a: Clefable|move: Protect
|
|-heal|p1a: Clefable|95/100|[from] move: Wish|[wisher] Clefable
|-heal|p1a: Clefable|100/100|[from] item: Leftovers
|upkeep
|turn|56
|
|t:|1757823221
|move|p2a: Walking Wake|Hydro Steam|p1a: Clefable
|-damage|p1a: Clefable|73/100
|move|p1a: Clefable|Alluring Voice|p2a: Walking Wake
|-supereffective|p2a: Walking Wake
|-damage|p2a: Walking Wake|5/100
|
|-heal|p1a: Clefable|79/100|[from] item: Leftovers
|upkeep
|turn|57
|
|t:|1757823231
|move|p2a: Walking Wake|Flamethrower|p1a: Clefable
|-damage|p1a: Clefable|57/100
|move|p1a: Clefable|Alluring Voice|p2a: Walking Wake
|-supereffective|p2a: Walking Wake
|-damage|p2a: Walking Wake|0 fnt
|faint|p2a: Walking Wake
|-end|p2a: Walking Wake|Protosynthesis|[silent]
|
|win|harc
|raw|harc's rating: 1305 &rarr; <strong>1324</strong><br />(+19 for winning)
|raw|xinhuo666's rating: 1293 &rarr; <strong>1269</strong><br />(-24 for losing)
|l|☆xinhuo666
|player|p2|
|l|☆harc
|player|p1|
