|j|☆ggzbroski
|j|☆BigBadDragon98
|t:|1757844969
|gametype|singles
|player|p1|ggzbroski|1|1232
|player|p2|BigBadDragon98|red|1244
|gen|9
|tier|[Gen 9] OU
|rated|
|rule|HP Percentage Mod: HP is shown in percentages
|rule|Endless Battle Clause: Forcing endless battles is banned
|rule|Species Clause: Limit one of each Pokémon
|rule|OHKO Clause: OHKO moves are banned
|rule|Evasion Items Clause: Evasion items are banned
|rule|Evasion Moves Clause: Evasion moves are banned
|rule|Evasion Abilities Clause: Evasion abilities are banned
|rule|Sleep Moves Clause: Sleep-inducing moves are banned
|clearpoke
|poke|p1|Dondozo, F|
|poke|p1|Cinderace, M|
|poke|p1|Great Tusk|
|poke|p1|Meowscarada, F|
|poke|p1|Dragapult, F|
|poke|p1|Ninetales-Alola, M|
|poke|p2|Houndstone, M|
|poke|p2|Gengar, M|
|poke|p2|Tyranitar, M|
|poke|p2|Excadrill, M|
|poke|p2|Hydreigon, M|
|poke|p2|Mandibuzz, F|
|teampreview
|inactive|Battle timer is ON: inactive players will automatically lose when time's up. (requested by BigBadDragon98)
|
|t:|1757844980
|teamsize|p1|6
|teamsize|p2|6
|start
|switch|p1a: Great Tusk|Great Tusk|100/100
|switch|p2a: Tyranitar|Tyranitar, M|100/100
|-weather|Sandstorm|[from] ability: Sand Stream|[of] p2a: Tyranitar
|turn|1
|
|t:|1757844989
|switch|p2a: Houndstone|Houndstone, M|100/100
|move|p1a: Great Tusk|Rapid Spin|p2a: Houndstone
|-immune|p2a: Houndstone
|
|-weather|Sandstorm|[upkeep]
|-damage|p2a: Houndstone|94/100|[from] Sandstorm
|-heal|p2a: Houndstone|100/100|[from] item: Leftovers
|upkeep
|turn|2
|
|t:|1757844999
|move|p1a: Great Tusk|Knock Off|p2a: Houndstone
|-supereffective|p2a: Houndstone
|-damage|p2a: Houndstone|76/100
|-enditem|p2a: Houndstone|Leftovers|[from] move: Knock Off|[of] p1a: Great Tusk
|move|p2a: Houndstone|Will-O-Wisp|p1a: Great Tusk
|-status|p1a: Great Tusk|brn
|
|-weather|Sandstorm|[upkeep]
|-damage|p2a: Houndstone|70/100|[from] Sandstorm
|-damage|p1a: Great Tusk|94/100 brn|[from] brn
|upkeep
|turn|3
|
|t:|1757845010
|-end|p1a: Great Tusk|Protosynthesis|[silent]
|switch|p1a: Ninetales|Ninetales-Alola, M|100/100
|-weather|Snowscape|[from] ability: Snow Warning|[of] p1a: Ninetales
|move|p2a: Houndstone|Night Shade|p1a: Ninetales
|-damage|p1a: Ninetales|66/100
|
|-weather|Snowscape|[upkeep]
|upkeep
|turn|4
|
|t:|1757845019
|switch|p2a: Tyranitar|Tyranitar, M|100/100
|-weather|Sandstorm|[from] ability: Sand Stream|[of] p2a: Tyranitar
|move|p1a: Ninetales|Draining Kiss|p2a: Tyranitar
|-supereffective|p2a: Tyranitar
|-damage|p2a: Tyranitar|84/100
|-heal|p1a: Ninetales|83/100|[from] drain|[of] p2a: Tyranitar
|
|-weather|Sandstorm|[upkeep]
|-damage|p1a: Ninetales|78/100|[from] Sandstorm
|-heal|p2a: Tyranitar|90/100|[from] item: Leftovers
|upkeep
|turn|5
|
|t:|1757845034
|switch|p1a: Great Tusk|Great Tusk|94/100 brn
|move|p2a: Tyranitar|Knock Off|p1a: Great Tusk
|-resisted|p1a: Great Tusk
|-damage|p1a: Great Tusk|81/100 brn
|-enditem|p1a: Great Tusk|Leftovers|[from] move: Knock Off|[of] p2a: Tyranitar
|
|-weather|Sandstorm|[upkeep]
|-heal|p2a: Tyranitar|96/100|[from] item: Leftovers
|-damage|p1a: Great Tusk|74/100 brn|[from] brn
|upkeep
|turn|6
|
|t:|1757845047
|move|p1a: Great Tusk|Knock Off|p2a: Tyranitar
|-resisted|p2a: Tyranitar
|-damage|p2a: Tyranitar|90/100
|-enditem|p2a: Tyranitar|Leftovers|[from] move: Knock Off|[of] p1a: Great Tusk
|move|p2a: Tyranitar|Stealth Rock|p1a: Great Tusk
|-sidestart|p1: ggzbroski|move: Stealth Rock
|
|-weather|Sandstorm|[upkeep]
|-damage|p1a: Great Tusk|68/100 brn|[from] brn
|upkeep
|turn|7
|
|t:|1757845056
|switch|p2a: Houndstone|Houndstone, M|70/100
|move|p1a: Great Tusk|Rapid Spin|p2a: Houndstone
|-immune|p2a: Houndstone
|
|-weather|Sandstorm|[upkeep]
|-damage|p2a: Houndstone|64/100|[from] Sandstorm
|-damage|p1a: Great Tusk|62/100 brn|[from] brn
|upkeep
|turn|8
|
|t:|1757845066
|move|p1a: Great Tusk|Headlong Rush|p2a: Houndstone
|-damage|p2a: Houndstone|53/100
|-unboost|p1a: Great Tusk|def|1
|-unboost|p1a: Great Tusk|spd|1
|move|p2a: Houndstone|Night Shade|p1a: Great Tusk
|-damage|p1a: Great Tusk|38/100 brn
|
|-weather|none
|-damage|p1a: Great Tusk|32/100 brn|[from] brn
|upkeep
|turn|9
|
|t:|1757845077
|move|p1a: Great Tusk|Headlong Rush|p2a: Houndstone
|-damage|p2a: Houndstone|43/100
|-unboost|p1a: Great Tusk|def|1
|-unboost|p1a: Great Tusk|spd|1
|move|p2a: Houndstone|Body Press|p1a: Great Tusk
|-damage|p1a: Great Tusk|0 fnt
|faint|p1a: Great Tusk
|-end|p1a: Great Tusk|Protosynthesis|[silent]
|
|upkeep
|
|t:|1757845085
|switch|p1a: Meowscarada|Meowscarada, F|100/100
|-damage|p1a: Meowscarada|88/100|[from] Stealth Rock
|turn|10
|
|t:|1757845093
|switch|p2a: Mandibuzz|Mandibuzz, F|100/100
|-terastallize|p1a: Meowscarada|Grass
|move|p1a: Meowscarada|Flower Trick|p2a: Mandibuzz
|-resisted|p2a: Mandibuzz
|-crit|p2a: Mandibuzz
|-damage|p2a: Mandibuzz|81/100
|
|upkeep
|turn|11
|
|t:|1757845103
|move|p1a: Meowscarada|Triple Axel|p2a: Mandibuzz|[miss]
|-miss|p1a: Meowscarada|p2a: Mandibuzz
|move|p2a: Mandibuzz|Toxic|p1a: Meowscarada
|-status|p1a: Meowscarada|tox
|
|-damage|p1a: Meowscarada|82/100 tox|[from] psn
|upkeep
|turn|12
|-message|ggzbroski forfeited.
|
|win|BigBadDragon98
|raw|ggzbroski's rating: 1232 &rarr; <strong>1208</strong><br />(-24 for losing)
|raw|BigBadDragon98's rating: 1244 &rarr; <strong>1268</strong><br />(+24 for winning)
|l|☆ggzbroski
|player|p1|
|l|☆BigBadDragon98
|player|p2|
