|j|☆mathismathin
|j|☆ABraviousTinkaton
|t:|1757897120
|gametype|singles
|player|p1|mathismathin|hilbert|1547
|player|p2|ABraviousTinkaton|miku-ice|1608
|gen|9
|tier|[Gen 9] OU
|rated|
|rule|HP Percentage Mod: HP is shown in percentages
|rule|Endless Battle Clause: Forcing endless battles is banned
|rule|Species Clause: Limit one of each Pokémon
|rule|OHKO Clause: OHKO moves are banned
|rule|Evasion Items Clause: Evasion items are banned
|rule|Evasion Moves Clause: Evasion moves are banned
|rule|Evasion Abilities Clause: Evasion abilities are banned
|rule|Sleep Moves Clause: Sleep-inducing moves are banned
|clearpoke
|poke|p1|Gyarados, M|
|poke|p1|Thundurus, M|
|poke|p1|Corviknight, F|
|poke|p1|Enamorus, F|
|poke|p1|Landorus-Therian, M|
|poke|p1|Articuno|
|poke|p2|Dragonite, F|
|poke|p2|Zamazenta-*|
|poke|p2|Landorus-Therian, M|
|poke|p2|Gholdengo|
|poke|p2|Darkrai|
|poke|p2|Hatterene, F|
|teampreview
|
|t:|1757897156
|teamsize|p1|6
|teamsize|p2|6
|start
|switch|p1a: Articuno|Articuno|100/100
|switch|p2a: Hatterene|Hatterene, F|100/100
|-ability|p1a: Articuno|Pressure
|turn|1
|
|t:|1757897164
|switch|p2a: Gholdengo|Gholdengo|100/100
|move|p1a: Articuno|U-turn|p2a: Gholdengo
|-resisted|p2a: Gholdengo
|-damage|p2a: Gholdengo|97/100
|
|t:|1757897173
|switch|p1a: Landorus|Landorus-Therian, M|100/100|[from] U-turn
|-ability|p1a: Landorus|Intimidate|boost
|-unboost|p2a: Gholdengo|atk|1
|
|upkeep
|turn|2
|
|t:|1757897177
|switch|p2a: Landorus|Landorus-Therian, M|100/100
|-ability|p2a: Landorus|Intimidate|boost
|-unboost|p1a: Landorus|atk|1
|move|p1a: Landorus|U-turn|p2a: Landorus
|-resisted|p2a: Landorus
|-damage|p2a: Landorus|88/100
|-damage|p1a: Landorus|84/100|[from] item: Rocky Helmet|[of] p2a: Landorus
|
|t:|1757897198
|switch|p1a: Gyarados|Gyarados, M|100/100|[from] U-turn
|
|upkeep
|turn|3
|
|t:|1757897201
|move|p1a: Gyarados|Dragon Dance|p1a: Gyarados
|-boost|p1a: Gyarados|atk|1
|-boost|p1a: Gyarados|spe|1
|move|p2a: Landorus|Taunt|p1a: Gyarados
|-start|p1a: Gyarados|move: Taunt
|
|upkeep
|turn|4
|
|t:|1757897206
|switch|p2a: Zamazenta|Zamazenta|100/100
|-ability|p2a: Zamazenta|Dauntless Shield|boost
|-boost|p2a: Zamazenta|def|1
|move|p1a: Gyarados|Waterfall|p2a: Zamazenta
|-damage|p2a: Zamazenta|67/100
|
|-heal|p2a: Zamazenta|74/100|[from] item: Leftovers
|upkeep
|turn|5
|
|t:|1757897208
|-terastallize|p1a: Gyarados|Flying
|move|p1a: Gyarados|Tera Blast|p2a: Zamazenta|[anim] Tera Blast Flying
|-supereffective|p2a: Zamazenta
|-damage|p2a: Zamazenta|0 fnt
|faint|p2a: Zamazenta
|-ability|p1a: Gyarados|Moxie|boost
|-boost|p1a: Gyarados|atk|1
|
|upkeep
|
|t:|1757897220
|switch|p2a: Dragonite|Dragonite, F|100/100
|turn|6
|
|t:|1757897230
|move|p1a: Gyarados|Tera Blast|p2a: Dragonite|[anim] Tera Blast Flying
|-damage|p2a: Dragonite|36/100
|move|p2a: Dragonite|Dragon Dance|p2a: Dragonite
|-boost|p2a: Dragonite|atk|1
|-boost|p2a: Dragonite|spe|1
|
|-end|p1a: Gyarados|move: Taunt
|upkeep
|turn|7
|-message|ABraviousTinkaton forfeited.
|
|win|mathismathin
|raw|mathismathin's rating: 1562 &rarr; <strong>1585</strong><br />(+23 for winning)
|raw|ABraviousTinkaton's rating: 1608 &rarr; <strong>1585</strong><br />(-23 for losing)
|l|☆ABraviousTinkaton
|player|p2|
