|j|☆Efrain.9
|j|☆BorderofSeal
|t:|1757789386
|gametype|singles
|player|p1|Efrain.9|hilbert-wonderlauncher|1591
|player|p2|BorderofSeal|1|1635
|gen|9
|tier|[Gen 9] OU
|rated|
|rule|HP Percentage Mod: HP is shown in percentages
|rule|Endless Battle Clause: Forcing endless battles is banned
|rule|Species Clause: Limit one of each Pokémon
|rule|OHKO Clause: OHKO moves are banned
|rule|Evasion Items Clause: Evasion items are banned
|rule|Evasion Moves Clause: Evasion moves are banned
|rule|Evasion Abilities Clause: Evasion abilities are banned
|rule|Sleep Moves Clause: Sleep-inducing moves are banned
|clearpoke
|poke|p1|Pelipper, F|
|poke|p1|Basculegion, M|
|poke|p1|Gholdengo|
|poke|p1|Scizor, F|
|poke|p1|Raging Bolt|
|poke|p1|Ogerpon-Wellspring, F|
|poke|p2|Tornadus-Therian, M|
|poke|p2|Slowking-Galar, F|
|poke|p2|Ogerpon-Wellspring, F|
|poke|p2|Kyurem|
|poke|p2|Kingambit, M|
|poke|p2|Iron Treads|
|teampreview
|inactive|Battle timer is ON: inactive players will automatically lose when time's up. (requested by BorderofSeal)
|
|t:|1757789397
|teamsize|p1|6
|teamsize|p2|6
|start
|switch|p1a: Gholdengo|Gholdengo, shiny|100/100
|switch|p2a: Slowking|Slowking-Galar, F|100/100
|turn|1
|
|t:|1757789402
|move|p1a: Gholdengo|Shadow Ball|p2a: Slowking
|-supereffective|p2a: Slowking
|-damage|p2a: Slowking|0 fnt
|faint|p2a: Slowking
|
|upkeep
|
|t:|1757789406
|switch|p2a: Kingambit|Kingambit, M|100/100
|-activate|p2a: Kingambit|ability: Supreme Overlord
|-start|p2a: Kingambit|fallen1|[silent]
|turn|2
|
|t:|1757789414
|switch|p1a: Pelipper|Pelipper, F|100/100
|-weather|RainDance|[from] ability: Drizzle|[of] p1a: Pelipper
|move|p2a: Kingambit|Swords Dance|p2a: Kingambit
|-boost|p2a: Kingambit|atk|2
|
|-weather|RainDance|[upkeep]
|upkeep
|turn|3
|
|t:|1757789422
|move|p1a: Pelipper|Weather Ball|p2a: Kingambit
|-damage|p2a: Kingambit|28/100
|move|p2a: Kingambit|Kowtow Cleave|p1a: Pelipper
|-damage|p1a: Pelipper|0 fnt
|faint|p1a: Pelipper
|
|-weather|RainDance|[upkeep]
|upkeep
|
|t:|1757789430
|switch|p1a: Basculegion|Basculegion, M|100/100
|turn|4
|
|t:|1757789432
|move|p1a: Basculegion|Aqua Jet|p2a: Kingambit
|-crit|p2a: Kingambit
|-damage|p2a: Kingambit|0 fnt
|faint|p2a: Kingambit
|-end|p2a: Kingambit|fallen1|[silent]
|-damage|p1a: Basculegion|91/100|[from] item: Life Orb
|
|-weather|RainDance|[upkeep]
|upkeep
|
|t:|1757789438
|switch|p2a: Kyurem|Kyurem|100/100
|-ability|p2a: Kyurem|Pressure
|turn|5
|
|t:|1757789443
|switch|p1a: Scizor|Scizor, F|100/100
|move|p2a: Kyurem|Freeze-Dry|p1a: Scizor
|-resisted|p1a: Scizor
|-damage|p1a: Scizor|79/100
|
|-weather|RainDance|[upkeep]
|upkeep
|turn|6
|
|t:|1757789450
|switch|p2a: Iron Tusk|Iron Treads|100/100
|-enditem|p2a: Iron Tusk|Booster Energy
|-activate|p2a: Iron Tusk|ability: Quark Drive|[fromitem]
|-start|p2a: Iron Tusk|quarkdrivespe
|move|p1a: Scizor|Dual Wingbeat|p2a: Iron Tusk
|-resisted|p2a: Iron Tusk
|-damage|p2a: Iron Tusk|90/100
|-resisted|p2a: Iron Tusk
|-damage|p2a: Iron Tusk|79/100
|-hitcount|p2a: Iron Tusk|2
|
|-weather|RainDance|[upkeep]
|upkeep
|turn|7
|
|t:|1757789460
|move|p2a: Iron Tusk|Stealth Rock|p1a: Scizor
|-sidestart|p1: Efrain.9|move: Stealth Rock
|move|p1a: Scizor|Knock Off|p2a: Iron Tusk
|-damage|p2a: Iron Tusk|57/100
|
|-weather|RainDance|[upkeep]
|upkeep
|turn|8
|
|t:|1757789471
|switch|p1a: Ogerpon|Ogerpon-Wellspring, F|100/100
|-damage|p1a: Ogerpon|88/100|[from] Stealth Rock
|move|p2a: Iron Tusk|Earthquake|p1a: Ogerpon
|-resisted|p1a: Ogerpon
|-damage|p1a: Ogerpon|56/100
|
|-weather|RainDance|[upkeep]
|upkeep
|turn|9
|
|t:|1757789479
|move|p2a: Iron Tusk|Ice Spinner|p1a: Ogerpon
|-damage|p1a: Ogerpon|26/100
|move|p1a: Ogerpon|Horn Leech|p2a: Iron Tusk
|-damage|p2a: Iron Tusk|18/100
|-heal|p1a: Ogerpon|47/100|[from] drain|[of] p2a: Iron Tusk
|
|-weather|none
|upkeep
|turn|10
|
|t:|1757789487
|move|p2a: Iron Tusk|Ice Spinner|p1a: Ogerpon
|-damage|p1a: Ogerpon|14/100
|move|p1a: Ogerpon|Ivy Cudgel|p2a: Iron Tusk|[anim] Ivy Cudgel Water
|-supereffective|p2a: Iron Tusk
|-damage|p2a: Iron Tusk|0 fnt
|faint|p2a: Iron Tusk
|-end|p2a: Iron Tusk|Quark Drive|[silent]
|
|upkeep
|
|t:|1757789493
|switch|p2a: Tornadus|Tornadus-Therian, M|100/100
|turn|11
|
|t:|1757789496
|switch|p1a: Raging Bolt|Raging Bolt|100/100
|-damage|p1a: Raging Bolt|88/100|[from] Stealth Rock
|move|p2a: Tornadus|U-turn|p1a: Raging Bolt
|-damage|p1a: Raging Bolt|75/100
|
|t:|1757789500
|switch|p2a: Kyurem|Kyurem|100/100|[from] U-turn
|-ability|p2a: Kyurem|Pressure
|
|upkeep
|turn|12
|
|t:|1757789505
|-terastallize|p2a: Kyurem|Ground
|-terastallize|p1a: Raging Bolt|Fairy
|move|p2a: Kyurem|Earth Power|p1a: Raging Bolt
|-damage|p1a: Raging Bolt|34/100
|move|p1a: Raging Bolt|Draco Meteor|p2a: Kyurem
|-damage|p2a: Kyurem|11/100
|-unboost|p1a: Raging Bolt|spa|2
|-damage|p1a: Raging Bolt|24/100|[from] item: Life Orb
|
|upkeep
|turn|13
|inactive|Efrain.9 has 120 seconds left.
|
|t:|1757789539
|-end|p1a: Raging Bolt|Protosynthesis|[silent]
|switch|p1a: Ogerpon|Ogerpon-Wellspring, F|14/100
|-damage|p1a: Ogerpon|2/100|[from] Stealth Rock
|move|p2a: Kyurem|Earth Power|p1a: Ogerpon
|-resisted|p1a: Ogerpon
|-damage|p1a: Ogerpon|0 fnt
|faint|p1a: Ogerpon
|
|upkeep
|inactive|Efrain.9 has 120 seconds left.
|
|t:|1757789552
|switch|p1a: Scizor|Scizor, F|79/100
|turn|14
|inactive|Efrain.9 has 120 seconds left.
|
|t:|1757789562
|move|p2a: Kyurem|Earth Power|p1a: Scizor
|-damage|p1a: Scizor|20/100
|move|p1a: Scizor|Dual Wingbeat|p2a: Kyurem
|-damage|p2a: Kyurem|0 fnt
|faint|p2a: Kyurem
|-hitcount|p2: Kyurem|1
|
|upkeep
|
|t:|1757789578
|switch|p2a: Tornadus|Tornadus-Therian, M|100/100
|turn|15
|
|t:|1757789591
|move|p1a: Scizor|Bullet Punch|p2a: Tornadus
|-damage|p2a: Tornadus|56/100
|move|p2a: Tornadus|Heat Wave|p1a: Scizor
|-supereffective|p1a: Scizor
|-damage|p1a: Scizor|0 fnt
|faint|p1a: Scizor
|
|upkeep
|
|t:|1757789598
|switch|p1a: Gholdengo|Gholdengo, shiny|100/100
|-damage|p1a: Gholdengo|94/100|[from] Stealth Rock
|turn|16
|
|t:|1757789604
|move|p2a: Tornadus|Heat Wave|p1a: Gholdengo
|-supereffective|p1a: Gholdengo
|-damage|p1a: Gholdengo|38/100
|move|p1a: Gholdengo|Shadow Ball|p2a: Tornadus
|-damage|p2a: Tornadus|0 fnt
|faint|p2a: Tornadus
|
|upkeep
|
|t:|1757789607
|switch|p2a: Ogerpon|Ogerpon-Wellspring, F|100/100
|turn|17
|
|t:|1757789613
|move|p2a: Ogerpon|Ivy Cudgel|p1a: Gholdengo|[anim] Ivy Cudgel Water
|-damage|p1a: Gholdengo|0 fnt
|faint|p1a: Gholdengo
|
|upkeep
|
|t:|1757789618
|switch|p1a: Raging Bolt|Raging Bolt, tera:Fairy|24/100
|-damage|p1a: Raging Bolt|12/100|[from] Stealth Rock
|turn|18
|
|t:|1757789625
|move|p1a: Raging Bolt|Thunderclap|p2a: Ogerpon
|-damage|p2a: Ogerpon|31/100
|-damage|p1a: Raging Bolt|2/100|[from] item: Life Orb
|move|p2a: Ogerpon|Horn Leech|p1a: Raging Bolt
|-damage|p1a: Raging Bolt|0 fnt
|-heal|p2a: Ogerpon|33/100|[from] drain|[of] p1a: Raging Bolt
|faint|p1a: Raging Bolt
|-end|p1a: Raging Bolt|Protosynthesis|[silent]
|
|upkeep
|
|t:|1757789633
|switch|p1a: Basculegion|Basculegion, M|91/100
|-damage|p1a: Basculegion|78/100|[from] Stealth Rock
|turn|19
|
|t:|1757789637
|move|p2a: Ogerpon|Horn Leech|p1a: Basculegion
|-supereffective|p1a: Basculegion
|-damage|p1a: Basculegion|0 fnt
|-heal|p2a: Ogerpon|82/100|[from] drain|[of] p1a: Basculegion
|faint|p1a: Basculegion
|
|win|BorderofSeal
|raw|Efrain.9's rating: 1591 &rarr; <strong>1574</strong><br />(-17 for losing)
|raw|BorderofSeal's rating: 1635 &rarr; <strong>1652</strong><br />(+17 for winning)
|l|☆Efrain.9
|player|p1|
|l|☆BorderofSeal
|player|p2|
