|j|☆wjksak
|j|☆GCSFDATG
|t:|1757956187
|gametype|singles
|player|p1|wjksak|blackbelt|1000
|player|p2|GCSFDATG|scientist-gen4dp|1000
|gen|9
|tier|[Gen 9] OU
|rated|
|rule|HP Percentage Mod: HP is shown in percentages
|rule|Endless Battle Clause: Forcing endless battles is banned
|rule|Species Clause: Limit one of each Pokémon
|rule|OHKO Clause: OHKO moves are banned
|rule|Evasion Items Clause: Evasion items are banned
|rule|Evasion Moves Clause: Evasion moves are banned
|rule|Evasion Abilities Clause: Evasion abilities are banned
|rule|Sleep Moves Clause: Sleep-inducing moves are banned
|clearpoke
|poke|p1|Metagross|
|poke|p1|Jumpluff, F|
|poke|p1|Venusaur, F|
|poke|p1|Charizard, F|
|poke|p1|Maushold-Four|
|poke|p1|Cinderace, F|
|poke|p2|Zapdos-Galar|
|poke|p2|Landorus-Therian, M|
|poke|p2|Dragapult, F|
|poke|p2|Slowking-Galar, F|
|poke|p2|Great Tusk|
|poke|p2|Alomomola, M|
|teampreview
|inactive|Battle timer is ON: inactive players will automatically lose when time's up. (requested by GCSFDATG)
|c|☆wjksak|hello
|
|t:|1757956200
|teamsize|p1|6
|teamsize|p2|6
|start
|switch|p1a: Maushold|Maushold-Four|100/100
|switch|p2a: Dragapult|Dragapult, F|100/100
|turn|1
|
|t:|1757956210
|move|p2a: Dragapult|U-turn|p1a: Maushold
|-damage|p1a: Maushold|76/100
|
|t:|1757956212
|switch|p2a: Landorus|Landorus-Therian, M|100/100|[from] U-turn
|-ability|p2a: Landorus|Intimidate|boost
|-unboost|p1a: Maushold|atk|1
|move|p1a: Maushold|Population Bomb|p2a: Landorus
|-damage|p2a: Landorus|96/100
|-damage|p1a: Maushold|59/100|[from] item: Rocky Helmet|[of] p2a: Landorus
|-damage|p2a: Landorus|92/100
|-damage|p1a: Maushold|42/100|[from] item: Rocky Helmet|[of] p2a: Landorus
|-damage|p2a: Landorus|89/100
|-damage|p1a: Maushold|26/100|[from] item: Rocky Helmet|[of] p2a: Landorus
|-damage|p2a: Landorus|85/100
|-damage|p1a: Maushold|9/100|[from] item: Rocky Helmet|[of] p2a: Landorus
|-damage|p2a: Landorus|81/100
|-damage|p1a: Maushold|0 fnt|[from] item: Rocky Helmet|[of] p2a: Landorus
|faint|p1a: Maushold
|-hitcount|p2a: Landorus|5
|
|upkeep
|inactive|wjksak has 120 seconds left.
|
|t:|1757956249
|switch|p1a: Jumpluff|Jumpluff, F|100/100
|turn|2
|inactive|wjksak has 120 seconds left.
|
|t:|1757956276
|switch|p2a: Slowking|Slowking-Galar, F|100/100
|move|p1a: Jumpluff|Strength Sap|p2a: Slowking
|-unboost|p2a: Slowking|atk|1
|
|upkeep
|turn|3
|
|t:|1757956286
|move|p1a: Jumpluff|Leech Seed|p2a: Slowking
|-start|p2a: Slowking|move: Leech Seed
|move|p2a: Slowking|Toxic|p1a: Jumpluff
|-status|p1a: Jumpluff|tox
|
|-damage|p2a: Slowking|88/100|[from] Leech Seed|[of] p1a: Jumpluff
|-damage|p1a: Jumpluff|94/100 tox|[from] psn
|upkeep
|turn|4
|
|t:|1757956299
|move|p1a: Jumpluff|Giga Drain|p2a: Slowking
|-resisted|p2a: Slowking
|-damage|p2a: Slowking|83/100
|-heal|p1a: Jumpluff|97/100 tox|[from] drain|[of] p2a: Slowking
|-prepare|p2a: Slowking|Chilly Reception|[premajor]
|move|p2a: Slowking|Chilly Reception|p2a: Slowking
|-weather|Snowscape
|inactive|GCSFDATG has 120 seconds left.
|
|t:|1757956329
|switch|p2a: Dragapult|Dragapult, F|100/100|[from] Chilly Reception
|
|-weather|Snowscape|[upkeep]
|-heal|p1a: Jumpluff|100/100 tox|[from] item: Leftovers
|-damage|p1a: Jumpluff|88/100 tox|[from] psn
|upkeep
|turn|5
|inactive|GCSFDATG has 120 seconds left.
|
|t:|1757956342
|move|p2a: Dragapult|U-turn|p1a: Jumpluff
|-damage|p1a: Jumpluff|65/100 tox
|
|t:|1757956345
|switch|p2a: Slowking|Slowking-Galar, F|100/100|[from] U-turn
|move|p1a: Jumpluff|Strength Sap|p2a: Slowking
|-unboost|p2a: Slowking|atk|1
|-heal|p1a: Jumpluff|100/100 tox
|
|-weather|Snowscape|[upkeep]
|-damage|p1a: Jumpluff|82/100 tox|[from] psn
|upkeep
|turn|6
|
|t:|1757956359
|move|p1a: Jumpluff|Solar Beam||[still]
|-prepare|p1a: Jumpluff|Solar Beam
|-prepare|p2a: Slowking|Chilly Reception|[premajor]
|move|p2a: Slowking|Chilly Reception|p2a: Slowking
|
|t:|1757956364
|switch|p2a: Dragapult|Dragapult, F|100/100|[from] Chilly Reception
|
|-weather|Snowscape|[upkeep]
|-heal|p1a: Jumpluff|88/100 tox|[from] item: Leftovers
|-damage|p1a: Jumpluff|63/100 tox|[from] psn
|upkeep
|turn|7
|
|t:|1757956372
|move|p2a: Dragapult|U-turn|p1a: Jumpluff
|-damage|p1a: Jumpluff|40/100 tox
|
|t:|1757956375
|switch|p2a: Slowking|Slowking-Galar, F|100/100|[from] U-turn
|move|p1a: Jumpluff|Solar Beam|p2a: Slowking|[from] lockedmove
|-resisted|p2a: Slowking
|-damage|p2a: Slowking|97/100
|
|-weather|Snowscape|[upkeep]
|-heal|p1a: Jumpluff|46/100 tox|[from] item: Leftovers
|-damage|p1a: Jumpluff|15/100 tox|[from] psn
|upkeep
|turn|8
|
|t:|1757956386
|move|p1a: Jumpluff|Leech Seed|p2a: Slowking
|-start|p2a: Slowking|move: Leech Seed
|-prepare|p2a: Slowking|Chilly Reception|[premajor]
|move|p2a: Slowking|Chilly Reception|p2a: Slowking
|
|t:|1757956391
|switch|p2a: Dragapult|Dragapult, F|100/100|[from] Chilly Reception
|
|-weather|none
|-heal|p1a: Jumpluff|21/100 tox|[from] item: Leftovers
|-damage|p1a: Jumpluff|0 fnt|[from] psn
|faint|p1a: Jumpluff
|upkeep
|
|t:|1757956400
|switch|p1a: Venusaur|Venusaur, F|100/100
|turn|9
|
|t:|1757956407
|-terastallize|p2a: Dragapult|Dragon
|move|p2a: Dragapult|Draco Meteor|p1a: Venusaur
|-damage|p1a: Venusaur|0 fnt
|-unboost|p2a: Dragapult|spa|2
|faint|p1a: Venusaur
|
|upkeep
|
|t:|1757956413
|switch|p1a: Charizard|Charizard, F|100/100
|turn|10
|
|t:|1757956418
|switch|p2a: Alomomola|Alomomola, M|100/100
|move|p1a: Charizard|Roar|p2a: Alomomola
|drag|p2a: Zapdos|Zapdos-Galar|100/100
|
|upkeep
|turn|11
|c|☆GCSFDATG|Gg
|
|t:|1757956431
|move|p2a: Zapdos|Brave Bird|p1a: Charizard
|-damage|p1a: Charizard|8/100
|-damage|p2a: Zapdos|68/100|[from] Recoil
|move|p1a: Charizard|Dragon Dance|p1a: Charizard
|-boost|p1a: Charizard|atk|1
|-boost|p1a: Charizard|spe|1
|
|-heal|p1a: Charizard|14/100|[from] item: Leftovers
|upkeep
|turn|12
|c|☆wjksak|DAYUM
|c|☆GCSFDATG|Huh?
|
|t:|1757956450
|switch|p2a: Landorus|Landorus-Therian, M|81/100
|-ability|p2a: Landorus|Intimidate|boost
|-unboost|p1a: Charizard|atk|1
|move|p1a: Charizard|Flamethrower|p2a: Landorus
|-damage|p2a: Landorus|23/100
|
|-heal|p1a: Charizard|20/100|[from] item: Leftovers
|upkeep
|turn|13
|c|☆GCSFDATG|Do you know the dofference between physical and special attscks?
|
|t:|1757956474
|switch|p2a: Alomomola|Alomomola, M|100/100
|move|p1a: Charizard|Flamethrower|p2a: Alomomola
|-resisted|p2a: Alomomola
|-damage|p2a: Alomomola|71/100
|
|-heal|p1a: Charizard|27/100|[from] item: Leftovers
|upkeep
|turn|14
|c|☆wjksak|no
|
|t:|1757956484
|move|p2a: Alomomola|Wish|p2a: Alomomola
|move|p1a: Charizard|Roar|p2a: Alomomola
|drag|p2a: Landorus|Landorus-Therian, M|23/100
|-ability|p2a: Landorus|Intimidate|boost
|-unboost|p1a: Charizard|atk|1
|
|-heal|p1a: Charizard|33/100|[from] item: Leftovers
|upkeep
|turn|15
|
|t:|1757956494
|switch|p2a: Alomomola|Alomomola, M|100/100
|move|p1a: Charizard|Flamethrower|p2a: Alomomola
|-resisted|p2a: Alomomola
|-damage|p2a: Alomomola|69/100
|
|-heal|p2a: Alomomola|100/100|[from] move: Wish|[wisher] Alomomola
|-heal|p1a: Charizard|39/100|[from] item: Leftovers
|upkeep
|turn|16
|c|☆GCSFDATG|Okay moves that make dorect contact are physical
|inactive|GCSFDATG has 120 seconds left.
|c|☆GCSFDATG|Those that dont are special
|c|☆GCSFDATG|When you use dragon dance it only boosts physical
|c|☆wjksak|ok thanks
|c|☆GCSFDATG|So your flamethrower stays the samw
|c|☆GCSFDATG|Np
|
|t:|1757956547
|move|p2a: Alomomola|Wish|p2a: Alomomola
|move|p1a: Charizard|Roar|p2a: Alomomola
|drag|p2a: Zapdos|Zapdos-Galar|68/100
|
|-heal|p1a: Charizard|45/100|[from] item: Leftovers
|upkeep
|turn|17
|
|t:|1757956555
|move|p2a: Zapdos|Knock Off|p1a: Charizard
|-damage|p1a: Charizard|0 fnt
|-enditem|p1a: Charizard|Leftovers|[from] move: Knock Off|[of] p2a: Zapdos
|faint|p1a: Charizard
|
|-heal|p2a: Zapdos|100/100|[from] move: Wish|[wisher] Alomomola
|upkeep
|
|t:|1757956567
|switch|p1a: Cinderace|Cinderace, F|100/100
|turn|18
|
|t:|1757956572
|switch|p2a: Alomomola|Alomomola, M|100/100
|move|p1a: Cinderace|Bulk Up|p1a: Cinderace
|-boost|p1a: Cinderace|atk|1
|-boost|p1a: Cinderace|def|1
|
|upkeep
|turn|19
|inactive|GCSFDATG has 120 seconds left.
|
|t:|1757956580
|move|p2a: Alomomola|Body Slam|p1a: Cinderace
|-damage|p1a: Cinderace|88/100
|move|p1a: Cinderace|Counter|p2a: Alomomola
|-damage|p2a: Alomomola|84/100
|
|-heal|p1a: Cinderace|94/100|[from] item: Leftovers
|upkeep
|turn|20
|
|t:|1757956589
|move|p1a: Cinderace|Protect|p1a: Cinderace
|-singleturn|p1a: Cinderace|Protect
|move|p2a: Alomomola|Body Slam|p1a: Cinderace
|-activate|p1a: Cinderace|move: Protect
|
|-heal|p1a: Cinderace|99/100|[from] item: Leftovers
|upkeep
|turn|21
|
|t:|1757956597
|move|p1a: Cinderace|Bulk Up|p1a: Cinderace
|-boost|p1a: Cinderace|atk|1
|-boost|p1a: Cinderace|def|1
|move|p2a: Alomomola|Body Slam|p1a: Cinderace
|-damage|p1a: Cinderace|92/100
|
|-heal|p1a: Cinderace|98/100|[from] item: Leftovers
|upkeep
|turn|22
|
|t:|1757956606
|move|p1a: Cinderace|Bulk Up|p1a: Cinderace
|-boost|p1a: Cinderace|atk|1
|-boost|p1a: Cinderace|def|1
|move|p2a: Alomomola|Flip Turn|p1a: Cinderace
|-supereffective|p1a: Cinderace
|-damage|p1a: Cinderace|81/100
|
|t:|1757956613
|switch|p2a: Dragapult|Dragapult, F, tera:Dragon|100/100|[from] Flip Turn
|
|-heal|p1a: Cinderace|87/100|[from] item: Leftovers
|upkeep
|turn|23
|
|t:|1757956620
|move|p2a: Dragapult|Draco Meteor|p1a: Cinderace
|-damage|p1a: Cinderace|0 fnt
|-unboost|p2a: Dragapult|spa|2
|faint|p1a: Cinderace
|
|upkeep
|
|t:|1757956623
|switch|p1a: Metagross|Metagross|100/100
|turn|24
|c|☆wjksak|how do you do that much damage
|
|t:|1757956643
|switch|p2a: Alomomola|Alomomola, M|100/100
|move|p1a: Metagross|Iron Defense|p1a: Metagross
|-boost|p1a: Metagross|def|2
|
|upkeep
|turn|25
|
|t:|1757956653
|move|p1a: Metagross|Earthquake|p2a: Alomomola
|-damage|p2a: Alomomola|82/100
|move|p2a: Alomomola|Scald|p1a: Metagross
|-damage|p1a: Metagross|83/100
|
|upkeep
|turn|26
|c|☆GCSFDATG|There are items called choice
|c|☆wjksak|ye?
|inactive|GCSFDATG has 120 seconds left.
|c|☆GCSFDATG|Where in exchange for being locked onto one move you can give a 1.5 times boost to eother your attack, special attack, or speed
|inactive|GCSFDATG has 90 seconds left.
|c|☆GCSFDATG|Mine is in special attack
|
|t:|1757956720
|move|p1a: Metagross|Iron Defense|p1a: Metagross
|-boost|p1a: Metagross|def|2
|move|p2a: Alomomola|Scald|p1a: Metagross
|-damage|p1a: Metagross|64/100
|-status|p1a: Metagross|brn
|
|-damage|p1a: Metagross|58/100 brn|[from] brn
|upkeep
|turn|27
|c|☆wjksak|is it worth it
|inactive|GCSFDATG has 90 seconds left.
|
|t:|1757956729
|move|p1a: Metagross|Facade|p2a: Alomomola
|-damage|p2a: Alomomola|56/100
|move|p2a: Alomomola|Wish|p2a: Alomomola
|
|-damage|p1a: Metagross|52/100 brn|[from] brn
|upkeep
|turn|28
|
|t:|1757956737
|move|p1a: Metagross|Facade|p2a: Alomomola
|-damage|p2a: Alomomola|32/100
|move|p2a: Alomomola|Flip Turn|p1a: Metagross
|-damage|p1a: Metagross|48/100 brn
|
|t:|1757956743
|switch|p2a: Landorus|Landorus-Therian, M|23/100|[from] Flip Turn
|-ability|p2a: Landorus|Intimidate|boost
|-fail|p1a: Metagross|unboost|[from] ability: Clear Body|[of] p1a: Metagross
|
|-heal|p2a: Landorus|95/100|[from] move: Wish|[wisher] Alomomola
|-damage|p1a: Metagross|42/100 brn|[from] brn
|upkeep
|turn|29
|inactive|GCSFDATG has 90 seconds left.
|c|☆GCSFDATG|Id say for the modt part it is
|inactiveoff|Battle timer is now OFF.
|c|☆wjksak|ok then
|c|☆GCSFDATG|Rapid spin or defog are alsp necessities as well
|c|☆wjksak|why?
|c|☆GCSFDATG|Sp that people dont spam hazards to beat you
|c|☆GCSFDATG|Like charizard takes 50 from stealth rocks
|c|☆wjksak|ok
|c|☆GCSFDATG|Actuslly you have a maushold that can work too if youre careful
|c|☆GCSFDATG|And cinderace woth court change
|c|☆wjksak|ok
|
|t:|1757956857
|move|p1a: Metagross|Earthquake|p2a: Landorus
|-immune|p2a: Landorus
|move|p2a: Landorus|Earthquake|p1a: Metagross
|-supereffective|p1a: Metagross
|-damage|p1a: Metagross|18/100 brn
|
|-damage|p1a: Metagross|12/100 brn|[from] brn
|upkeep
|turn|30
|
|t:|1757956869
|move|p1a: Metagross|Facade|p2a: Landorus
|-damage|p2a: Landorus|63/100
|-damage|p1a: Metagross|0 fnt|[from] item: Rocky Helmet|[of] p2a: Landorus
|faint|p1a: Metagross
|
|win|GCSFDATG
|raw|wjksak's rating: 1000 &rarr; <strong>1000</strong><br />(+0 for losing)
|raw|GCSFDATG's rating: 1041 &rarr; <strong>1071</strong><br />(+30 for winning)
|c|☆GCSFDATG|Gg
|c|☆wjksak|bye
|c|☆wjksak|gg
|c|☆GCSFDATG|Bye
