|j|☆Picasso_kun
|j|☆IviNooby
|html|<table width="100%"><tr><td align="left">Picasso_kun</td><td align="right">IviNooby</tr><tr><td align="left"><i class="fa fa-circle"></i> <i class="fa fa-circle-o"></i> </td><td align="right"><i class="fa fa-circle-o"></i> <i class="fa fa-circle"></i> </tr></table>
|uhtml|bestof|<h2><strong>Game 3</strong> of <a href="/game-bestof3-gen9ou-2442161866">a best-of-3</a></h2>
|t:|1757955427
|gametype|singles
|player|p1|Picasso_kun|ninjaboy|
|player|p2|IviNooby|ghetsis-gen5bw|
|gen|9
|tier|[Gen 9] OU
|rule|HP Percentage Mod: HP is shown in percentages
|rule|Endless Battle Clause: Forcing endless battles is banned
|rule|Species Clause: Limit one of each Pokémon
|rule|OHKO Clause: OHKO moves are banned
|rule|Evasion Items Clause: Evasion items are banned
|rule|Evasion Moves Clause: Evasion moves are banned
|rule|Evasion Abilities Clause: Evasion abilities are banned
|rule|Sleep Moves Clause: Sleep-inducing moves are banned
|raw|<div class="infobox"><details class="readmore"><summary><strong>6 custom rules:</strong></summary> Force Open Team Sheets, Anything Goes, maxteamsize=8, Picked Team Size = 6, Adjust Level = 100, bestof=3</details></div>
|clearpoke
|poke|p1|Ninetales-Alola, F|
|poke|p1|Azumarill, M|
|poke|p1|Dragapult, F|
|poke|p1|Slowking-Galar, F|
|poke|p1|Kingambit, F|
|poke|p1|Corviknight, M|
|poke|p1|Cinderace, M|
|poke|p1|Rotom-Wash|
|poke|p2|Corviknight, F|
|poke|p2|Clodsire, M|
|poke|p2|Cinderace, F|
|poke|p2|Dragapult, F|
|poke|p2|Quaquaval, M|
|poke|p2|Clefable, F|
|poke|p2|Mandibuzz, F|
|poke|p2|Gholdengo|
|teampreview|6
|showteam|p1|Ninetales-Alola||LightClay|SnowWarning|AuroraVeil,FreezeDry,Moonblast,Protect|||F||||,,,,,Poison]Azumarill||AssaultVest|HugePower|KnockOff,AquaJet,PlayRough,IceSpinner|||M||||,,,,,Dark]Dragapult||ChoiceSpecs|Infiltrator|DracoMeteor,ShadowBall,Flamethrower,Uturn|||F||||,,,,,Ghost]Slowking-Galar||BlackSludge|Regenerator|ChillyReception,ThunderWave,SludgeBomb,Psychic|||F||||,,,,,Water]Kingambit||BlackGlasses|SupremeOverlord|KowtowCleave,SuckerPunch,IronHead,SwordsDance|||F||||,,,,,Flying]Corviknight||RockyHelmet|Pressure|Defog,IronDefense,BodyPress,Roost|||M||||,,,,,Dragon]Cinderace||HeavyDutyBoots|Libero|PyroBall,HighJumpKick,Uturn,CourtChange|||M||||,,,,,Poison]Rotom-Wash||Leftovers|Levitate|HydroPump,WillOWisp,PainSplit,VoltSwitch|||||||,,,,,Grass
|showteam|p2|Corviknight||RockyHelmet|MirrorArmor|Roost,BulkUp,BodyPress,DrillPeck|||F||||,,,,,Flying]Clodsire||BlackSludge|WaterAbsorb|ChillingWater,Recover,Toxic,Earthquake|||M||||,,,,,Poison]Cinderace||ChoiceScarf|Libero|Uturn,PyroBall,ZenHeadbutt,GunkShot|||F||||,,,,,Fire]Dragapult||ChoiceSpecs|ClearBody|Uturn,ShadowBall,DracoMeteor,Thunderbolt|||F||||,,,,,Dragon]Quaquaval||AssaultVest|Moxie|AquaJet,AquaStep,CloseCombat,IceSpinner|||M||||,,,,,Water]Clefable||Leftovers|MagicGuard|StealthRock,Moonlight,CosmicPower,Moonblast|||F||||,,,,,Fairy]Mandibuzz||AbilityShield|Overcoat|Roost,FoulPlay,Toxic,Protect|||F||||,,,,,Dark]Gholdengo||FocusSash|GoodasGold|NastyPlot,MakeItRain,Psyshock,ShadowBall|||||||,,,,,Steel
|c|☆Picasso_kun|a y 19:00 baneamos?
|c|☆IviNooby|te lo iba a decir jajaja
|c|☆IviNooby|sip
|c|☆IviNooby|ban rotom
|c|☆Picasso_kun|clodisr
|c|☆IviNooby|dale pues suerte bro
|c|☆Picasso_kun|igualmente socio
|
|t:|1757955657
|teamsize|p1|6
|teamsize|p2|6
|start
|switch|p1a: Ninetales|Ninetales-Alola, F, shiny|100/100
|switch|p2a: Clefable|Clefable, F|100/100
|-weather|Snowscape|[from] ability: Snow Warning|[of] p1a: Ninetales
|turn|1
|c|☆Picasso_kun|fuera corvy
|c|☆IviNooby|yo igual
|
|t:|1757955685
|move|p1a: Ninetales|Aurora Veil|p1a: Ninetales
|-sidestart|p1: Picasso_kun|move: Aurora Veil
|move|p2a: Clefable|Stealth Rock|p1a: Ninetales
|-sidestart|p1: Picasso_kun|move: Stealth Rock
|
|-weather|Snowscape|[upkeep]
|upkeep
|turn|2
|
|t:|1757955704
|switch|p2a: Gholdengo|Gholdengo|100/100
|move|p1a: Ninetales|Moonblast|p2a: Gholdengo
|-resisted|p2a: Gholdengo
|-damage|p2a: Gholdengo|84/100
|-unboost|p2a: Gholdengo|spa|1
|
|-weather|Snowscape|[upkeep]
|upkeep
|turn|3
|
|t:|1757955718
|switch|p1a: Kingambit|Kingambit, F|100/100
|-damage|p1a: Kingambit|94/100|[from] Stealth Rock
|move|p2a: Gholdengo|Nasty Plot|p2a: Gholdengo
|-boost|p2a: Gholdengo|spa|2
|
|-weather|Snowscape|[upkeep]
|upkeep
|turn|4
|
|t:|1757955735
|switch|p2a: Quaquaval|Quaquaval, M|100/100
|move|p1a: Kingambit|Kowtow Cleave|p2a: Quaquaval
|-resisted|p2a: Quaquaval
|-damage|p2a: Quaquaval|59/100
|
|-weather|Snowscape|[upkeep]
|upkeep
|turn|5
|
|t:|1757955764
|-end|p1a: Kingambit|fallenundefined|[silent]
|switch|p1a: Dragapult|Dragapult, F|100/100
|-damage|p1a: Dragapult|88/100|[from] Stealth Rock
|move|p2a: Quaquaval|Ice Spinner|p1a: Dragapult
|-supereffective|p1a: Dragapult
|-damage|p1a: Dragapult|54/100
|
|-weather|none
|upkeep
|turn|6
|
|t:|1757955791
|switch|p2a: Clefable|Clefable, F|100/100
|move|p1a: Dragapult|Shadow Ball|p2a: Clefable
|-damage|p2a: Clefable|55/100
|
|-heal|p2a: Clefable|61/100|[from] item: Leftovers
|upkeep
|turn|7
|
|t:|1757955801
|switch|p1a: Slowking|Slowking-Galar, F|100/100
|-damage|p1a: Slowking|88/100|[from] Stealth Rock
|move|p2a: Clefable|Moonlight|p2a: Clefable
|-heal|p2a: Clefable|100/100
|
|-heal|p1a: Slowking|94/100|[from] item: Black Sludge
|upkeep
|turn|8
|
|t:|1757955812
|switch|p2a: Gholdengo|Gholdengo|84/100
|move|p1a: Slowking|Thunder Wave|p2a: Gholdengo
|-immune|p2a: Gholdengo|[from] ability: Good as Gold
|
|-heal|p1a: Slowking|99/100|[from] item: Black Sludge
|-sideend|p1: Picasso_kun|move: Aurora Veil
|upkeep
|turn|9
|
|t:|1757955837
|switch|p1a: Liberacy|Cinderace, M|100/100
|move|p2a: Gholdengo|Shadow Ball|p1a: Liberacy
|-damage|p1a: Liberacy|38/100
|
|upkeep
|turn|10
|
|t:|1757955852
|move|p1a: Liberacy|Pyro Ball|p2a: Gholdengo
|-supereffective|p2a: Gholdengo
|-damage|p2a: Gholdengo|0 fnt
|faint|p2a: Gholdengo
|
|upkeep
|
|t:|1757955866
|switch|p2a: Quaquaval|Quaquaval, M|59/100
|turn|11
|
|t:|1757955882
|move|p1a: Liberacy|Court Change|p1a: Liberacy
|-start|p1a: Liberacy|typechange|Normal|[from] ability: Libero
|-swapsideconditions
|-activate|p1a: Liberacy|move: Court Change
|move|p2a: Quaquaval|Aqua Step|p1a: Liberacy
|-damage|p1a: Liberacy|0 fnt
|-boost|p2a: Quaquaval|spe|1
|faint|p1a: Liberacy
|-ability|p2a: Quaquaval|Moxie|boost
|-boost|p2a: Quaquaval|atk|1
|
|upkeep
|
|t:|1757955894
|switch|p1a: Ninetales|Ninetales-Alola, F, shiny|100/100
|-weather|Snowscape|[from] ability: Snow Warning|[of] p1a: Ninetales
|turn|12
|
|t:|1757955901
|move|p2a: Quaquaval|Close Combat|p1a: Ninetales
|-damage|p1a: Ninetales|31/100
|-unboost|p2a: Quaquaval|def|1
|-unboost|p2a: Quaquaval|spd|1
|move|p1a: Ninetales|Moonblast|p2a: Quaquaval
|-supereffective|p2a: Quaquaval
|-damage|p2a: Quaquaval|0 fnt
|faint|p2a: Quaquaval
|
|-weather|Snowscape|[upkeep]
|upkeep
|
|t:|1757955927
|switch|p2a: Dragapult|Dragapult, F|100/100
|-damage|p2a: Dragapult|88/100|[from] Stealth Rock
|turn|13
|
|t:|1757955940
|move|p1a: Ninetales|Protect|p1a: Ninetales
|-singleturn|p1a: Ninetales|Protect
|move|p2a: Dragapult|Shadow Ball|p1a: Ninetales
|-activate|p1a: Ninetales|move: Protect
|
|-weather|Snowscape|[upkeep]
|upkeep
|turn|14
|
|t:|1757955957
|switch|p1a: Kingambit|Kingambit, F|94/100
|-activate|p1a: Kingambit|ability: Supreme Overlord
|-start|p1a: Kingambit|fallen1|[silent]
|move|p2a: Dragapult|Shadow Ball|p1a: Kingambit
|-resisted|p1a: Kingambit
|-damage|p1a: Kingambit|71/100
|
|-weather|Snowscape|[upkeep]
|upkeep
|turn|15
|
|t:|1757955978
|switch|p2a: Mandibuzz|Mandibuzz, F|100/100
|-damage|p2a: Mandibuzz|76/100|[from] Stealth Rock
|move|p1a: Kingambit|Swords Dance|p1a: Kingambit
|-boost|p1a: Kingambit|atk|2
|
|-weather|Snowscape|[upkeep]
|upkeep
|turn|16
|
|t:|1757955992
|move|p2a: Mandibuzz|Foul Play|p1a: Kingambit
|-resisted|p1a: Kingambit
|-crit|p1a: Kingambit
|-damage|p1a: Kingambit|12/100
|move|p1a: Kingambit|Iron Head|p2a: Mandibuzz
|-damage|p2a: Mandibuzz|0 fnt
|faint|p2a: Mandibuzz
|
|-weather|none
|upkeep
|
|t:|1757956005
|switch|p2a: Cinderace|Cinderace, F|100/100
|-damage|p2a: Cinderace|76/100|[from] Stealth Rock
|turn|17
|
|t:|1757956017
|move|p1a: Kingambit|Sucker Punch|p2a: Cinderace
|-damage|p2a: Cinderace|0 fnt
|faint|p2a: Cinderace
|
|upkeep
|
|t:|1757956027
|switch|p2a: Clefable|Clefable, F|100/100
|turn|18
|
|t:|1757956035
|-end|p1a: Kingambit|fallen1|[silent]
|switch|p1a: Slowking|Slowking-Galar, F|100/100
|move|p2a: Clefable|Moonblast|p1a: Slowking
|-resisted|p1a: Slowking
|-damage|p1a: Slowking|88/100
|
|-heal|p1a: Slowking|94/100|[from] item: Black Sludge
|upkeep
|turn|19
|
|t:|1757956047
|move|p2a: Clefable|Stealth Rock|p1a: Slowking
|-sidestart|p1: Picasso_kun|move: Stealth Rock
|move|p1a: Slowking|Thunder Wave|p2a: Clefable
|-status|p2a: Clefable|par
|
|-heal|p1a: Slowking|99/100|[from] item: Black Sludge
|upkeep
|turn|20
|
|t:|1757956055
|switch|p2a: Dragapult|Dragapult, F|88/100
|-damage|p2a: Dragapult|76/100|[from] Stealth Rock
|move|p1a: Slowking|Sludge Bomb|p2a: Dragapult
|-resisted|p2a: Dragapult
|-damage|p2a: Dragapult|55/100
|
|-heal|p1a: Slowking|100/100|[from] item: Black Sludge
|upkeep
|turn|21
|
|t:|1757956077
|switch|p1a: Azumarill|Azumarill, M|100/100
|-damage|p1a: Azumarill|88/100|[from] Stealth Rock
|move|p2a: Dragapult|Shadow Ball|p1a: Azumarill
|-damage|p1a: Azumarill|47/100
|
|upkeep
|turn|22
|
|t:|1757956089
|move|p2a: Dragapult|Shadow Ball|p1a: Azumarill
|-damage|p1a: Azumarill|5/100
|move|p1a: Azumarill|Knock Off|p2a: Dragapult
|-supereffective|p2a: Dragapult
|-damage|p2a: Dragapult|0 fnt
|-enditem|p2a: Dragapult|Choice Specs|[from] move: Knock Off|[of] p1a: Azumarill
|faint|p2a: Dragapult
|
|upkeep
|
|t:|1757956097
|switch|p2a: Clefable|Clefable, F|100/100 par
|turn|23
|
|t:|1757956108
|move|p1a: Azumarill|Knock Off|p2a: Clefable
|-resisted|p2a: Clefable
|-damage|p2a: Clefable|82/100 par
|-enditem|p2a: Clefable|Leftovers|[from] move: Knock Off|[of] p1a: Azumarill
|cant|p2a: Clefable|par
|
|upkeep
|turn|24
|
|t:|1757956120
|move|p1a: Azumarill|Play Rough|p2a: Clefable
|-damage|p2a: Clefable|35/100 par
|cant|p2a: Clefable|par
|
|upkeep
|turn|25
|c|☆IviNooby|ggs
|c|☆Picasso_kun|gg
|
|t:|1757956129
|move|p1a: Azumarill|Play Rough|p2a: Clefable
|-damage|p2a: Clefable|0 fnt
|faint|p2a: Clefable
|
|win|Picasso_kun
|c|☆Picasso_kun|bien jugado bro
|c|☆Picasso_kun|mira a ese etta yong ahora
|c|☆IviNooby|igualmenteee
|c|☆Picasso_kun|ya nos lo quitamos gg bro q buen equipo tienes
|c|☆IviNooby|na le queda 1 hora jajaja
|c|☆IviNooby|el tuyo tambien es bueno eh
|l|☆IviNooby
|player|p2|
