|j|☆animeprincess98
|j|☆cynthiafan#6769
|t:|1757827525
|gametype|singles
|player|p1|animeprincess98|harlequin|1290
|player|p2|cynthiafan#6769|2|1244
|gen|9
|tier|[Gen 9] OU
|rated|
|rule|HP Percentage Mod: HP is shown in percentages
|rule|Endless Battle Clause: Forcing endless battles is banned
|rule|Species Clause: Limit one of each Pokémon
|rule|OHKO Clause: OHKO moves are banned
|rule|Evasion Items Clause: Evasion items are banned
|rule|Evasion Moves Clause: Evasion moves are banned
|rule|Evasion Abilities Clause: Evasion abilities are banned
|rule|Sleep Moves Clause: Sleep-inducing moves are banned
|clearpoke
|poke|p1|Chesnaught, F|
|poke|p1|Araquanid, M|
|poke|p1|Rillaboom, M|
|poke|p1|Ditto|
|poke|p1|Iron Valiant|
|poke|p1|Coalossal, F|
|poke|p2|Kingambit, F|
|poke|p2|Ogerpon-Wellspring, F|
|poke|p2|Scizor, F|
|poke|p2|Great Tusk|
|poke|p2|Garganacl, F|
|poke|p2|Raging Bolt|
|teampreview
|inactive|Battle timer is ON: inactive players will automatically lose when time's up. (requested by animeprincess98)
|
|t:|1757827536
|teamsize|p1|6
|teamsize|p2|6
|start
|switch|p1a: Araquanid|Araquanid, M|100/100
|switch|p2a: Scizor|Scizor, F|100/100
|turn|1
|
|t:|1757827545
|move|p2a: Scizor|U-turn|p1a: Araquanid
|-damage|p1a: Araquanid|54/100
|
|t:|1757827549
|switch|p2a: Ogerpon|Ogerpon-Wellspring, F|100/100|[from] U-turn
|move|p1a: Araquanid|Reflect|p1a: Araquanid
|-sidestart|p1: animeprincess98|Reflect
|
|upkeep
|turn|2
|
|t:|1757827558
|move|p2a: Ogerpon|Horn Leech|p1a: Araquanid
|-damage|p1a: Araquanid|35/100
|move|p1a: Araquanid|Sticky Web|p2a: Ogerpon
|-sidestart|p2: cynthiafan#6769|move: Sticky Web
|
|upkeep
|turn|3
|
|t:|1757827571
|move|p2a: Ogerpon|Swords Dance|p2a: Ogerpon
|-boost|p2a: Ogerpon|atk|2
|move|p1a: Araquanid|Endeavor|p2a: Ogerpon
|-damage|p2a: Ogerpon|40/100
|
|upkeep
|turn|4
|
|t:|1757827584
|switch|p1a: Ditto|Ditto|100/100
|-transform|p1a: Ditto|p2a: Ogerpon|[from] ability: Imposter
|move|p2a: Ogerpon|Horn Leech|p1a: Ditto
|-damage|p1a: Ditto|45/100
|-heal|p2a: Ogerpon|67/100|[from] drain|[of] p1a: Ditto
|
|upkeep
|turn|5
|
|t:|1757827594
|move|p1a: Ditto|Knock Off|p2a: Ogerpon
|-damage|p2a: Ogerpon|16/100
|move|p2a: Ogerpon|Horn Leech|p1a: Ditto
|-damage|p1a: Ditto|0 fnt
|-heal|p2a: Ogerpon|38/100|[from] drain|[of] p1a: Ditto
|faint|p1a: Ditto
|
|-sideend|p1: animeprincess98|Reflect
|upkeep
|
|t:|1757827608
|switch|p1a: Rillaboom|Rillaboom, M|100/100
|-fieldstart|move: Grassy Terrain|[from] ability: Grassy Surge|[of] p1a: Rillaboom
|turn|6
|
|t:|1757827614
|move|p1a: Rillaboom|Grassy Glide|p2a: Ogerpon
|-damage|p2a: Ogerpon|0 fnt
|faint|p2a: Ogerpon
|
|upkeep
|
|t:|1757827619
|switch|p2a: Scizor|Scizor, F|100/100
|-activate|p2a: Scizor|move: Sticky Web
|-unboost|p2a: Scizor|spe|1
|turn|7
|
|t:|1757827626
|switch|p1a: Araquanid|Araquanid, M|35/100
|move|p2a: Scizor|Bullet Punch|p1a: Araquanid
|-resisted|p1a: Araquanid
|-damage|p1a: Araquanid|16/100
|
|-heal|p1a: Araquanid|22/100|[from] Grassy Terrain
|upkeep
|turn|8
|-enditem|p1a: Araquanid|Custap Berry|[eat]
|-activate|p1a: Araquanid|item: Custap Berry|[consumed]
|
|t:|1757827634
|move|p2a: Scizor|Bullet Punch|p1a: Araquanid
|-resisted|p1a: Araquanid
|-damage|p1a: Araquanid|2/100
|move|p1a: Araquanid|Reflect|p1a: Araquanid
|-sidestart|p1: animeprincess98|Reflect
|
|-heal|p1a: Araquanid|8/100|[from] Grassy Terrain
|upkeep
|turn|9
|
|t:|1757827648
|move|p2a: Scizor|Bullet Punch|p1a: Araquanid
|-resisted|p1a: Araquanid
|-damage|p1a: Araquanid|0 fnt
|faint|p1a: Araquanid
|
|upkeep
|
|t:|1757827651
|switch|p1a: Coalossal|Coalossal, F|100/100
|turn|10
|
|t:|1757827660
|switch|p2a: Garganacl|Garganacl, F|100/100
|-activate|p2a: Garganacl|move: Sticky Web
|-unboost|p2a: Garganacl|spe|1
|move|p1a: Coalossal|Iron Defense|p1a: Coalossal
|-boost|p1a: Coalossal|def|2
|
|-fieldend|move: Grassy Terrain
|upkeep
|turn|11
|
|t:|1757827671
|move|p1a: Coalossal|Iron Defense|p1a: Coalossal
|-boost|p1a: Coalossal|def|2
|move|p2a: Garganacl|Earthquake|p1a: Coalossal
|-supereffective|p1a: Coalossal
|-damage|p1a: Coalossal|89/100
|-enditem|p1a: Coalossal|Weakness Policy
|-boost|p1a: Coalossal|atk|2|[from] item: Weakness Policy
|-boost|p1a: Coalossal|spa|2|[from] item: Weakness Policy
|
|upkeep
|turn|12
|
|t:|1757827688
|move|p1a: Coalossal|Body Press|p2a: Garganacl
|-supereffective|p2a: Garganacl
|-damage|p2a: Garganacl|24/100
|move|p2a: Garganacl|Salt Cure|p1a: Coalossal
|-supereffective|p1a: Coalossal
|-damage|p1a: Coalossal|86/100
|-start|p1a: Coalossal|Salt Cure
|
|-heal|p2a: Garganacl|30/100|[from] item: Leftovers
|-damage|p1a: Coalossal|73/100|[from] Salt Cure
|-sideend|p1: animeprincess98|Reflect
|upkeep
|turn|13
|
|t:|1757827703
|move|p1a: Coalossal|Body Press|p2a: Garganacl
|-supereffective|p2a: Garganacl
|-damage|p2a: Garganacl|0 fnt
|faint|p2a: Garganacl
|
|-damage|p1a: Coalossal|61/100|[from] Salt Cure
|upkeep
|
|t:|1757827711
|switch|p2a: Raging Bolt|Raging Bolt|100/100
|-activate|p2a: Raging Bolt|move: Sticky Web
|-unboost|p2a: Raging Bolt|spe|1
|-enditem|p2a: Raging Bolt|Booster Energy
|-activate|p2a: Raging Bolt|ability: Protosynthesis|[fromitem]
|-start|p2a: Raging Bolt|protosynthesisspa
|turn|14
|
|t:|1757827726
|move|p2a: Raging Bolt|Thunderclap|p1a: Coalossal
|-damage|p1a: Coalossal|11/100
|move|p1a: Coalossal|Body Press|p2a: Raging Bolt
|-damage|p2a: Raging Bolt|44/100
|
|-damage|p1a: Coalossal|0 fnt|[from] Salt Cure
|faint|p1a: Coalossal
|upkeep
|
|t:|1757827733
|switch|p1a: Rillaboom|Rillaboom, M|100/100
|-fieldstart|move: Grassy Terrain|[from] ability: Grassy Surge|[of] p1a: Rillaboom
|turn|15
|
|t:|1757827739
|-terastallize|p2a: Raging Bolt|Flying
|move|p1a: Rillaboom|Grassy Glide|p2a: Raging Bolt
|-resisted|p2a: Raging Bolt
|-damage|p2a: Raging Bolt|20/100
|move|p2a: Raging Bolt|Dragon Pulse|p1a: Rillaboom
|-damage|p1a: Rillaboom|5/100
|
|-heal|p1a: Rillaboom|11/100|[from] Grassy Terrain
|upkeep
|turn|16
|
|t:|1757827750
|move|p1a: Rillaboom|Grassy Glide|p2a: Raging Bolt
|-resisted|p2a: Raging Bolt
|-damage|p2a: Raging Bolt|0 fnt
|faint|p2a: Raging Bolt
|-end|p2a: Raging Bolt|Protosynthesis|[silent]
|
|-heal|p1a: Rillaboom|18/100|[from] Grassy Terrain
|upkeep
|
|t:|1757827758
|switch|p2a: Great Tusk|Great Tusk|100/100
|turn|17
|
|t:|1757827764
|switch|p1a: Chesnaught|Chesnaught, F, shiny|100/100
|move|p2a: Great Tusk|Rapid Spin|p1a: Chesnaught
|-damage|p1a: Chesnaught|87/100
|-boost|p2a: Great Tusk|spe|1
|-sideend|p2: cynthiafan#6769|Sticky Web|[from] move: Rapid Spin|[of] p2a: Great Tusk
|
|-heal|p1a: Chesnaught|93/100|[from] Grassy Terrain
|upkeep
|turn|18
|
|t:|1757827774
|move|p2a: Great Tusk|Ice Spinner|p1a: Chesnaught
|-supereffective|p1a: Chesnaught
|-damage|p1a: Chesnaught|48/100
|-fieldend|move: Grassy Terrain
|-enditem|p1a: Chesnaught|Sitrus Berry|[eat]
|-heal|p1a: Chesnaught|73/100|[from] item: Sitrus Berry
|move|p1a: Chesnaught|Belly Drum|p1a: Chesnaught
|-damage|p1a: Chesnaught|23/100
|-setboost|p1a: Chesnaught|atk|6|[from] move: Belly Drum
|
|upkeep
|turn|19
|
|t:|1757827786
|move|p2a: Great Tusk|Ice Spinner|p1a: Chesnaught
|-supereffective|p1a: Chesnaught
|-damage|p1a: Chesnaught|0 fnt
|faint|p1a: Chesnaught
|
|upkeep
|
|t:|1757827799
|switch|p1a: Rillaboom|Rillaboom, M|18/100
|-fieldstart|move: Grassy Terrain|[from] ability: Grassy Surge|[of] p1a: Rillaboom
|turn|20
|
|t:|1757827804
|move|p1a: Rillaboom|Grassy Glide|p2a: Great Tusk
|-supereffective|p2a: Great Tusk
|-damage|p2a: Great Tusk|23/100
|move|p2a: Great Tusk|Ice Spinner|p1a: Rillaboom
|-supereffective|p1a: Rillaboom
|-damage|p1a: Rillaboom|0 fnt
|-fieldend|move: Grassy Terrain
|faint|p1a: Rillaboom
|
|upkeep
|
|t:|1757827806
|switch|p1a: Iron Valiant|Iron Valiant|100/100
|-enditem|p1a: Iron Valiant|Booster Energy
|-activate|p1a: Iron Valiant|ability: Quark Drive|[fromitem]
|-start|p1a: Iron Valiant|quarkdrivespa
|turn|21
|
|t:|1757827817
|move|p2a: Great Tusk|Headlong Rush|p1a: Iron Valiant
|-damage|p1a: Iron Valiant|17/100
|-unboost|p2a: Great Tusk|def|1
|-unboost|p2a: Great Tusk|spd|1
|move|p1a: Iron Valiant|Calm Mind|p1a: Iron Valiant
|-boost|p1a: Iron Valiant|spa|1
|-boost|p1a: Iron Valiant|spd|1
|
|upkeep
|turn|22
|
|t:|1757827825
|move|p2a: Great Tusk|Headlong Rush|p1a: Iron Valiant
|-damage|p1a: Iron Valiant|0 fnt
|-unboost|p2a: Great Tusk|def|1
|-unboost|p2a: Great Tusk|spd|1
|faint|p1a: Iron Valiant
|-end|p1a: Iron Valiant|Quark Drive|[silent]
|
|win|cynthiafan#6769
|raw|animeprincess98's rating: 1290 &rarr; <strong>1262</strong><br />(-28 for losing)
|raw|cynthiafan#6769's rating: 1244 &rarr; <strong>1272</strong><br />(+28 for winning)
|l|☆animeprincess98
|player|p1|
|l|☆cynthiafan#6769
|player|p2|
