|j|‽XIXINANA
|j|☆hennyhardaway1
|t:|1757826639
|gametype|singles
|player|p1|XIXINANA|nate|1335
|player|p2|hennyhardaway1|lucian|1312
|gen|9
|tier|[Gen 9] OU
|rated|
|rule|HP Percentage Mod: HP is shown in percentages
|rule|Endless Battle Clause: Forcing endless battles is banned
|rule|Species Clause: Limit one of each Pokémon
|rule|OHKO Clause: OHKO moves are banned
|rule|Evasion Items Clause: Evasion items are banned
|rule|Evasion Moves Clause: Evasion moves are banned
|rule|Evasion Abilities Clause: Evasion abilities are banned
|rule|Sleep Moves Clause: Sleep-inducing moves are banned
|clearpoke
|poke|p1|Dusknoir, M|
|poke|p1|Lycanroc-Midnight, M|
|poke|p1|Sinistcha-Masterpiece|
|poke|p1|Polteageist-Antique|
|poke|p1|Typhlosion-Hisui, F|
|poke|p1|Regidrago|
|poke|p2|Darkrai|
|poke|p2|Garganacl, M|
|poke|p2|Corviknight, F|
|poke|p2|Zamazenta-*|
|poke|p2|Dragapult, F|
|poke|p2|Ting-Lu|
|teampreview
|
|t:|1757826649
|teamsize|p1|6
|teamsize|p2|6
|start
|switch|p1a: Lycanroc|Lycanroc-Midnight, M|100/100
|switch|p2a: Ting-Lu|Ting-Lu|100/100
|-ability|p2a: Ting-Lu|Vessel of Ruin
|turn|1
|
|t:|1757826653
|move|p1a: Lycanroc|Close Combat|p2a: Ting-Lu
|-supereffective|p2a: Ting-Lu
|-damage|p2a: Ting-Lu|49/100
|-unboost|p1a: Lycanroc|def|1
|-unboost|p1a: Lycanroc|spd|1
|-damage|p1a: Lycanroc|91/100|[from] item: Life Orb
|move|p2a: Ting-Lu|Stealth Rock|p1a: Lycanroc
|-sidestart|p1: XIXINANA|move: Stealth Rock
|
|-heal|p2a: Ting-Lu|55/100|[from] item: Leftovers
|upkeep
|turn|2
|
|t:|1757826664
|switch|p2a: Dragapult|Dragapult, F, shiny|100/100
|move|p1a: Lycanroc|Close Combat|p2a: Dragapult
|-immune|p2a: Dragapult
|
|upkeep
|turn|3
|
|t:|1757826669
|move|p1a: Lycanroc|Sucker Punch|p2a: Dragapult
|-supereffective|p2a: Dragapult
|-damage|p2a: Dragapult|14/100
|-damage|p1a: Lycanroc|81/100|[from] item: Life Orb
|move|p2a: Dragapult|Shadow Ball|p1a: Lycanroc
|-damage|p1a: Lycanroc|0 fnt
|faint|p1a: Lycanroc
|
|upkeep
|
|t:|1757826691
|switch|p1a: Typhlosion|Typhlosion-Hisui, F|100/100
|-damage|p1a: Typhlosion|76/100|[from] Stealth Rock
|-item|p2a: Dragapult|Choice Specs|[from] ability: Frisk|[of] p1a: Typhlosion
|turn|4
|
|t:|1757826702
|switch|p2a: Garganacl|Garganacl, M|100/100
|move|p1a: Typhlosion|Eruption|p2a: Garganacl
|-resisted|p2a: Garganacl
|-damage|p2a: Garganacl|83/100
|
|-heal|p2a: Garganacl|89/100|[from] item: Leftovers
|upkeep
|turn|5
|
|t:|1757826708
|switch|p1a: Sinistcha|Sinistcha-Masterpiece|100/100
|-damage|p1a: Sinistcha|88/100|[from] Stealth Rock
|move|p2a: Garganacl|Salt Cure|p1a: Sinistcha
|-damage|p1a: Sinistcha|75/100
|-start|p1a: Sinistcha|Salt Cure
|
|-heal|p1a: Sinistcha|81/100|[from] item: Leftovers
|-heal|p2a: Garganacl|95/100|[from] item: Leftovers
|-damage|p1a: Sinistcha|69/100|[from] Salt Cure
|upkeep
|turn|6
|inactive|Battle timer is ON: inactive players will automatically lose when time's up. (requested by XIXINANA)
|
|t:|1757826727
|switch|p2a: Corviknight|Corviknight, F, shiny|100/100
|-ability|p2a: Corviknight|Pressure
|move|p1a: Sinistcha|Strength Sap|p2a: Corviknight
|-unboost|p2a: Corviknight|atk|1
|-heal|p1a: Sinistcha|100/100
|
|-damage|p1a: Sinistcha|88/100|[from] Salt Cure
|upkeep
|turn|7
|
|t:|1757826733
|move|p1a: Sinistcha|Shadow Ball|p2a: Corviknight
|-damage|p2a: Corviknight|55/100
|move|p2a: Corviknight|U-turn|p1a: Sinistcha
|-damage|p1a: Sinistcha|78/100
|
|t:|1757826736
|switch|p2a: Darkrai|Darkrai|100/100|[from] U-turn
|
|-heal|p1a: Sinistcha|84/100|[from] item: Leftovers
|-damage|p1a: Sinistcha|72/100|[from] Salt Cure
|upkeep
|turn|8
|
|t:|1757826741
|-terastallize|p1a: Sinistcha|Grass
|move|p2a: Darkrai|Substitute|p2a: Darkrai
|-start|p2a: Darkrai|Substitute
|-damage|p2a: Darkrai|76/100
|move|p1a: Sinistcha|Matcha Gotcha|p2a: Darkrai
|-end|p2a: Darkrai|Substitute
|-heal|p1a: Sinistcha|82/100|[from] drain|[of] p2a: Darkrai
|
|-heal|p2a: Darkrai|82/100|[from] item: Leftovers
|-heal|p1a: Sinistcha|88/100|[from] item: Leftovers
|-damage|p1a: Sinistcha|75/100|[from] Salt Cure
|upkeep
|turn|9
|
|t:|1757826748
|move|p2a: Darkrai|Dark Pulse|p1a: Sinistcha
|-damage|p1a: Sinistcha|21/100
|move|p1a: Sinistcha|Matcha Gotcha|p2a: Darkrai
|-damage|p2a: Darkrai|0 fnt
|-heal|p1a: Sinistcha|54/100|[from] drain|[of] p2a: Darkrai
|faint|p2a: Darkrai
|
|-heal|p1a: Sinistcha|60/100|[from] item: Leftovers
|-damage|p1a: Sinistcha|47/100|[from] Salt Cure
|upkeep
|
|t:|1757826756
|switch|p2a: Dragapult|Dragapult, F, shiny|14/100
|turn|10
|
|t:|1757826783
|switch|p1a: Dusknoir|Dusknoir, M|100/100
|-damage|p1a: Dusknoir|88/100|[from] Stealth Rock
|-item|p2a: Dragapult|Choice Specs|[from] ability: Frisk|[of] p1a: Dusknoir
|move|p2a: Dragapult|Shadow Ball|p1a: Dusknoir
|-supereffective|p1a: Dusknoir
|-damage|p1a: Dusknoir|0 fnt
|faint|p1a: Dusknoir
|
|upkeep
|inactive|XIXINANA has 120 seconds left.
|
|t:|1757826803
|switch|p1a: Regidrago|Regidrago|100/100
|-damage|p1a: Regidrago|88/100|[from] Stealth Rock
|turn|11
|inactive|XIXINANA has 120 seconds left.
|
|t:|1757826811
|move|p2a: Dragapult|Shadow Ball|p1a: Regidrago
|-damage|p1a: Regidrago|33/100
|move|p1a: Regidrago|Draco Meteor|p2a: Dragapult
|-supereffective|p2a: Dragapult
|-damage|p2a: Dragapult|0 fnt
|-unboost|p1a: Regidrago|spa|2
|faint|p2a: Dragapult
|
|upkeep
|
|t:|1757826837
|switch|p2a: Ting-Lu|Ting-Lu|55/100
|-ability|p2a: Ting-Lu|Vessel of Ruin
|turn|12
|
|t:|1757826841
|switch|p1a: Sinistcha|Sinistcha-Masterpiece, tera:Grass|47/100
|-damage|p1a: Sinistcha|35/100|[from] Stealth Rock
|move|p2a: Ting-Lu|Whirlwind|p1a: Sinistcha
|drag|p1a: Regidrago|Regidrago|33/100
|-damage|p1a: Regidrago|21/100|[from] Stealth Rock
|
|-heal|p2a: Ting-Lu|61/100|[from] item: Leftovers
|upkeep
|turn|13
|
|t:|1757826851
|move|p1a: Regidrago|Explosion|p2a: Ting-Lu
|-damage|p2a: Ting-Lu|34/100
|faint|p1a: Regidrago
|move|p2a: Ting-Lu|Spikes|p1: Regidrago
|-sidestart|p1: XIXINANA|Spikes
|
|-heal|p2a: Ting-Lu|41/100|[from] item: Leftovers
|upkeep
|
|t:|1757826857
|switch|p1a: Sinistcha|Sinistcha-Masterpiece, tera:Grass|35/100
|-damage|p1a: Sinistcha|22/100|[from] Stealth Rock
|-damage|p1a: Sinistcha|10/100|[from] Spikes
|turn|14
|
|t:|1757826861
|switch|p2a: Garganacl|Garganacl, M|95/100
|move|p1a: Sinistcha|Strength Sap|p2a: Garganacl
|-unboost|p2a: Garganacl|atk|1
|-heal|p1a: Sinistcha|79/100
|
|-heal|p1a: Sinistcha|85/100|[from] item: Leftovers
|-heal|p2a: Garganacl|100/100|[from] item: Leftovers
|upkeep
|turn|15
|
|t:|1757826869
|-terastallize|p2a: Garganacl|Poison
|move|p1a: Sinistcha|Matcha Gotcha|p2a: Garganacl
|-resisted|p2a: Garganacl
|-damage|p2a: Garganacl|83/100
|-heal|p1a: Sinistcha|95/100|[from] drain|[of] p2a: Garganacl
|move|p2a: Garganacl|Iron Defense|p2a: Garganacl
|-boost|p2a: Garganacl|def|2
|
|-heal|p1a: Sinistcha|100/100|[from] item: Leftovers
|-heal|p2a: Garganacl|89/100|[from] item: Leftovers
|upkeep
|turn|16
|
|t:|1757826880
|move|p1a: Sinistcha|Calm Mind|p1a: Sinistcha
|-boost|p1a: Sinistcha|spa|1
|-boost|p1a: Sinistcha|spd|1
|move|p2a: Garganacl|Salt Cure|p1a: Sinistcha
|-damage|p1a: Sinistcha|91/100
|-start|p1a: Sinistcha|Salt Cure
|
|-heal|p1a: Sinistcha|97/100|[from] item: Leftovers
|-heal|p2a: Garganacl|95/100|[from] item: Leftovers
|-damage|p1a: Sinistcha|85/100|[from] Salt Cure
|upkeep
|turn|17
|
|t:|1757826884
|move|p1a: Sinistcha|Shadow Ball|p2a: Garganacl
|-damage|p2a: Garganacl|75/100
|-unboost|p2a: Garganacl|spd|1
|move|p2a: Garganacl|Body Press|p1a: Sinistcha
|-damage|p1a: Sinistcha|44/100
|
|-heal|p1a: Sinistcha|50/100|[from] item: Leftovers
|-heal|p2a: Garganacl|81/100|[from] item: Leftovers
|-damage|p1a: Sinistcha|37/100|[from] Salt Cure
|upkeep
|turn|18
|
|t:|1757826900
|switch|p2a: Corviknight|Corviknight, F, shiny|55/100
|-ability|p2a: Corviknight|Pressure
|move|p1a: Sinistcha|Shadow Ball|p2a: Corviknight
|-damage|p2a: Corviknight|0 fnt
|faint|p2a: Corviknight
|
|-heal|p1a: Sinistcha|43/100|[from] item: Leftovers
|-damage|p1a: Sinistcha|31/100|[from] Salt Cure
|upkeep
|
|t:|1757826908
|switch|p2a: Zamazenta|Zamazenta|100/100
|-ability|p2a: Zamazenta|Dauntless Shield|boost
|-boost|p2a: Zamazenta|def|1
|turn|19
|
|t:|1757826916
|move|p2a: Zamazenta|Iron Head|p1a: Sinistcha
|-damage|p1a: Sinistcha|0 fnt
|faint|p1a: Sinistcha
|
|upkeep
|
|t:|1757826923
|switch|p1a: Typhlosion|Typhlosion-Hisui, F|76/100
|-damage|p1a: Typhlosion|51/100|[from] Stealth Rock
|-damage|p1a: Typhlosion|39/100|[from] Spikes
|-item|p2a: Zamazenta|Choice Band|[from] ability: Frisk|[of] p1a: Typhlosion
|turn|20
|
|t:|1757826929
|move|p1a: Typhlosion|Overheat|p2a: Zamazenta
|-damage|p2a: Zamazenta|39/100
|-unboost|p1a: Typhlosion|spa|2
|move|p2a: Zamazenta|Iron Head|p1a: Typhlosion
|-resisted|p1a: Typhlosion
|-damage|p1a: Typhlosion|9/100
|
|upkeep
|turn|21
|
|t:|1757826935
|switch|p2a: Ting-Lu|Ting-Lu|41/100
|-ability|p2a: Ting-Lu|Vessel of Ruin
|move|p1a: Typhlosion|Overheat|p2a: Ting-Lu
|-damage|p2a: Ting-Lu|20/100
|-unboost|p1a: Typhlosion|spa|2
|
|-heal|p2a: Ting-Lu|26/100|[from] item: Leftovers
|upkeep
|turn|22
|
|t:|1757826943
|move|p1a: Typhlosion|Overheat|p2a: Ting-Lu
|-crit|p2a: Ting-Lu
|-damage|p2a: Ting-Lu|0 fnt
|-unboost|p1a: Typhlosion|spa|2
|faint|p2a: Ting-Lu
|
|upkeep
|
|t:|1757826947
|switch|p2a: Garganacl|Garganacl, M, tera:Poison|81/100
|turn|23
|
|t:|1757826954
|move|p1a: Typhlosion|Overheat|p2a: Garganacl
|-damage|p2a: Garganacl|70/100
|move|p2a: Garganacl|Salt Cure|p1a: Typhlosion
|-supereffective|p1a: Typhlosion
|-damage|p1a: Typhlosion|0 fnt
|faint|p1a: Typhlosion
|
|-heal|p2a: Garganacl|76/100|[from] item: Leftovers
|upkeep
|
|t:|1757826957
|switch|p1a: Polteageist|Polteageist-Antique|100/100
|-damage|p1a: Polteageist|88/100|[from] Stealth Rock
|-damage|p1a: Polteageist|76/100|[from] Spikes
|turn|24
|
|t:|1757826960
|move|p1a: Polteageist|Shell Smash|p1a: Polteageist
|-unboost|p1a: Polteageist|def|1
|-unboost|p1a: Polteageist|spd|1
|-boost|p1a: Polteageist|atk|2
|-boost|p1a: Polteageist|spa|2
|-boost|p1a: Polteageist|spe|2
|move|p2a: Garganacl|Salt Cure|p1a: Polteageist
|-damage|p1a: Polteageist|37/100
|-start|p1a: Polteageist|Salt Cure
|-ability|p1a: Polteageist|Weak Armor|boost
|-unboost|p1a: Polteageist|def|1
|-boost|p1a: Polteageist|spe|2
|
|-heal|p2a: Garganacl|82/100|[from] item: Leftovers
|-damage|p1a: Polteageist|25/100|[from] Salt Cure
|upkeep
|turn|25
|
|t:|1757826973
|switch|p2a: Zamazenta|Zamazenta|39/100
|move|p1a: Polteageist|Stored Power|p2a: Zamazenta
|-supereffective|p2a: Zamazenta
|-damage|p2a: Zamazenta|0 fnt
|faint|p2a: Zamazenta
|
|-damage|p1a: Polteageist|12/100|[from] Salt Cure
|upkeep
|
|t:|1757826978
|switch|p2a: Garganacl|Garganacl, M, tera:Poison|82/100
|turn|26
|
|t:|1757826980
|move|p1a: Polteageist|Stored Power|p2a: Garganacl
|-supereffective|p2a: Garganacl
|-damage|p2a: Garganacl|0 fnt
|faint|p2a: Garganacl
|
|win|XIXINANA
|raw|XIXINANA's rating: 1335 &rarr; <strong>1354</strong><br />(+19 for winning)
|raw|hennyhardaway1's rating: 1312 &rarr; <strong>1293</strong><br />(-19 for losing)
|l|☆hennyhardaway1
|player|p2|
|l|‽XIXINANA
|player|p1|
