|j|☆Wejfwekfwekfekw
|j|☆Nameless Moron
|t:|1757843573
|gametype|singles
|player|p1|Wejfwekfwekfekw|burglar-gen1|1082
|player|p2|Nameless Moron|unknown|1085
|gen|9
|tier|[Gen 9] OU
|rated|
|rule|HP Percentage Mod: HP is shown in percentages
|rule|Endless Battle Clause: Forcing endless battles is banned
|rule|Species Clause: Limit one of each Pokémon
|rule|OHKO Clause: OHKO moves are banned
|rule|Evasion Items Clause: Evasion items are banned
|rule|Evasion Moves Clause: Evasion moves are banned
|rule|Evasion Abilities Clause: Evasion abilities are banned
|rule|Sleep Moves Clause: Sleep-inducing moves are banned
|clearpoke
|poke|p1|Raging Bolt|
|poke|p1|Zamazenta-*|
|poke|p1|Meowscarada, F|
|poke|p1|Zapdos|
|poke|p1|Slowking-Galar, F|
|poke|p1|Iron Treads|
|poke|p2|Rillaboom, F|
|poke|p2|Hatterene, F|
|poke|p2|Great Tusk|
|poke|p2|Ninetales, M|
|poke|p2|Venusaur, F|
|poke|p2|Raging Bolt|
|teampreview
|inactive|Battle timer is ON: inactive players will automatically lose when time's up. (requested by Nameless Moron)
|inactive|Nameless Moron has 120 seconds left.
|
|t:|1757843603
|teamsize|p1|6
|teamsize|p2|6
|start
|switch|p1a: Slowking|Slowking-Galar, F|100/100
|switch|p2a: Rillaboom|Rillaboom, F|100/100
|-fieldstart|move: Grassy Terrain|[from] ability: Grassy Surge|[of] p2a: Rillaboom
|turn|1
|
|t:|1757843622
|switch|p1a: Zapdos|Zapdos, shiny|100/100
|move|p2a: Rillaboom|Knock Off|p1a: Zapdos
|-damage|p1a: Zapdos|56/100
|-status|p2a: Rillaboom|par|[from] ability: Static|[of] p1a: Zapdos
|-enditem|p1a: Zapdos|Heavy-Duty Boots|[from] move: Knock Off|[of] p2a: Rillaboom
|
|upkeep
|turn|2
|inactive|Nameless Moron has 120 seconds left.
|
|t:|1757843662
|switch|p2a: Hatterene|Hatterene, F|100/100
|move|p1a: Zapdos|Volt Switch|p2a: Hatterene
|-damage|p2a: Hatterene|63/100
|
|t:|1757843667
|switch|p1a: Zamazenta|Zamazenta|100/100|[from] Volt Switch
|-ability|p1a: Zamazenta|Dauntless Shield|boost
|-boost|p1a: Zamazenta|def|1
|
|-heal|p2a: Hatterene|69/100|[from] Grassy Terrain
|-heal|p2a: Hatterene|75/100|[from] item: Leftovers
|upkeep
|turn|3
|inactive|Nameless Moron has 120 seconds left.
|
|t:|1757843678
|switch|p1a: Slowking|Slowking-Galar, F|100/100
|move|p2a: Hatterene|Calm Mind|p2a: Hatterene
|-boost|p2a: Hatterene|spa|1
|-boost|p2a: Hatterene|spd|1
|
|-heal|p2a: Hatterene|81/100|[from] Grassy Terrain
|-heal|p2a: Hatterene|87/100|[from] item: Leftovers
|upkeep
|turn|4
|inactive|Nameless Moron has 120 seconds left.
|
|t:|1757843691
|move|p2a: Hatterene|Nuzzle|p1a: Slowking
|-damage|p1a: Slowking|97/100
|-status|p1a: Slowking|par
|move|p1a: Slowking|Sludge Bomb|p2a: Hatterene
|-supereffective|p2a: Hatterene
|-damage|p2a: Hatterene|37/100
|
|-heal|p2a: Hatterene|43/100|[from] Grassy Terrain
|-heal|p2a: Hatterene|49/100|[from] item: Leftovers
|-heal|p1a: Slowking|100/100 par|[from] Grassy Terrain
|upkeep
|turn|5
|inactive|Nameless Moron has 120 seconds left.
|
|t:|1757843706
|move|p2a: Hatterene|Psychic Noise|p1a: Slowking
|-damage|p1a: Slowking|71/100 par
|-start|p1a: Slowking|move: Heal Block
|-prepare|p1a: Slowking|Chilly Reception|[premajor]
|move|p1a: Slowking|Chilly Reception|p1a: Slowking
|-weather|Snowscape
|
|t:|1757843712
|switch|p1a: Meowscarada|Meowscarada, F|100/100|[from] Chilly Reception
|
|-weather|Snowscape|[upkeep]
|-heal|p2a: Hatterene|55/100|[from] Grassy Terrain
|-heal|p2a: Hatterene|61/100|[from] item: Leftovers
|upkeep
|turn|6
|inactive|Nameless Moron has 120 seconds left.
|
|t:|1757843731
|switch|p2a: Ninetales|Ninetales, M|100/100
|-weather|SunnyDay|[from] ability: Drought|[of] p2a: Ninetales
|move|p1a: Meowscarada|Flower Trick|p2a: Ninetales
|-start|p1a: Meowscarada|typechange|Grass|[from] ability: Protean
|-resisted|p2a: Ninetales
|-crit|p2a: Ninetales
|-damage|p2a: Ninetales|38/100
|
|-weather|SunnyDay|[upkeep]
|-heal|p2a: Ninetales|44/100|[from] Grassy Terrain
|upkeep
|turn|7
|inactive|Nameless Moron has 120 seconds left.
|
|t:|1757843751
|move|p1a: Meowscarada|Flower Trick|p2a: Ninetales
|-resisted|p2a: Ninetales
|-crit|p2a: Ninetales
|-damage|p2a: Ninetales|0 fnt
|faint|p2a: Ninetales
|
|-weather|SunnyDay|[upkeep]
|upkeep
|
|t:|1757843758
|switch|p2a: Venusaur|Venusaur, F|100/100
|turn|8
|
|t:|1757843761
|switch|p1a: Slowking|Slowking-Galar, F|100/100 par
|move|p2a: Venusaur|Weather Ball|p1a: Slowking
|-damage|p1a: Slowking|63/100 par
|-damage|p2a: Venusaur|91/100|[from] item: Life Orb
|
|-weather|SunnyDay|[upkeep]
|-heal|p2a: Venusaur|97/100|[from] Grassy Terrain
|-heal|p1a: Slowking|69/100 par|[from] Grassy Terrain
|-fieldend|move: Grassy Terrain
|upkeep
|turn|9
|inactive|Nameless Moron has 120 seconds left.
|
|t:|1757843770
|move|p2a: Venusaur|Growth|p2a: Venusaur
|-boost|p2a: Venusaur|atk|2
|-boost|p2a: Venusaur|spa|2
|-prepare|p1a: Slowking|Chilly Reception|[premajor]
|move|p1a: Slowking|Chilly Reception|p1a: Slowking
|-weather|Snowscape
|
|t:|1757843777
|switch|p1a: Meowscarada|Meowscarada, F|100/100|[from] Chilly Reception
|
|-weather|Snowscape|[upkeep]
|upkeep
|turn|10
|
|t:|1757843782
|move|p1a: Meowscarada|Triple Axel|p2a: Venusaur
|-start|p1a: Meowscarada|typechange|Ice|[from] ability: Protean
|-supereffective|p2a: Venusaur
|-damage|p2a: Venusaur|63/100
|-supereffective|p2a: Venusaur
|-damage|p2a: Venusaur|0 fnt
|faint|p2a: Venusaur
|-hitcount|p2: Venusaur|2
|
|-weather|Snowscape|[upkeep]
|upkeep
|
|t:|1757843797
|switch|p2a: Hatterene|Hatterene, F|61/100
|turn|11
|
|t:|1757843801
|move|p1a: Meowscarada|Triple Axel|p2a: Hatterene
|-damage|p2a: Hatterene|49/100
|-damage|p2a: Hatterene|25/100
|-hitcount|p2a: Hatterene|2
|move|p2a: Hatterene|Draining Kiss|p1a: Meowscarada
|-damage|p1a: Meowscarada|65/100
|-heal|p2a: Hatterene|49/100|[from] drain|[of] p1a: Meowscarada
|
|-weather|Snowscape|[upkeep]
|-heal|p2a: Hatterene|55/100|[from] item: Leftovers
|upkeep
|turn|12
|
|t:|1757843811
|move|p1a: Meowscarada|Triple Axel|p2a: Hatterene
|-damage|p2a: Hatterene|43/100
|-damage|p2a: Hatterene|17/100
|-damage|p2a: Hatterene|0 fnt
|faint|p2a: Hatterene
|-hitcount|p2: Hatterene|3
|
|-weather|Snowscape|[upkeep]
|upkeep
|
|t:|1757843818
|switch|p2a: Rillaboom|Rillaboom, F|100/100 par
|-fieldstart|move: Grassy Terrain|[from] ability: Grassy Surge|[of] p2a: Rillaboom
|turn|13
|
|t:|1757843822
|switch|p1a: Zapdos|Zapdos, shiny|56/100
|move|p2a: Rillaboom|Grassy Glide|p1a: Zapdos
|-resisted|p1a: Zapdos
|-damage|p1a: Zapdos|31/100
|
|-weather|none
|upkeep
|turn|14
|
|t:|1757843829
|move|p2a: Rillaboom|Grassy Glide|p1a: Zapdos
|-resisted|p1a: Zapdos
|-damage|p1a: Zapdos|8/100
|move|p1a: Zapdos|Roost|p1a: Zapdos
|-heal|p1a: Zapdos|59/100
|-singleturn|p1a: Zapdos|move: Roost
|
|-heal|p1a: Zapdos|65/100|[from] Grassy Terrain
|upkeep
|turn|15
|-message|Nameless Moron forfeited.
|
|win|Wejfwekfwekfekw
|raw|Wejfwekfwekfekw's rating: 1082 &rarr; <strong>1110</strong><br />(+28 for winning)
|raw|Nameless Moron's rating: 1085 &rarr; <strong>1062</strong><br />(-23 for losing)
