|j|☆WoHdd
|j|‽Flocking glock
|t:|1757915211
|gametype|singles
|player|p1|WoHdd|red|1530
|player|p2|Flocking glock|266|1472
|gen|9
|tier|[Gen 9] OU
|rated|
|rule|HP Percentage Mod: HP is shown in percentages
|rule|Endless Battle Clause: Forcing endless battles is banned
|rule|Species Clause: Limit one of each Pokémon
|rule|OHKO Clause: OHKO moves are banned
|rule|Evasion Items Clause: Evasion items are banned
|rule|Evasion Moves Clause: Evasion moves are banned
|rule|Evasion Abilities Clause: Evasion abilities are banned
|rule|Sleep Moves Clause: Sleep-inducing moves are banned
|clearpoke
|poke|p1|Armarouge, M|
|poke|p1|Indeedee, M|
|poke|p1|Great Tusk|
|poke|p1|Hatterene, F|
|poke|p1|Polteageist|
|poke|p1|Iron Valiant|
|poke|p2|Tyranitar, M|
|poke|p2|Excadrill, M|
|poke|p2|Tornadus-Therian, M|
|poke|p2|Tinkaton, F|
|poke|p2|Sinistcha|
|poke|p2|Toxapex, M|
|teampreview
|inactive|Battle timer is ON: inactive players will automatically lose when time's up. (requested by WoHdd)
|
|t:|1757915234
|teamsize|p1|6
|teamsize|p2|6
|start
|switch|p1a: Great Tusk|Great Tusk|100/100
|switch|p2a: Tyranitar|Tyranitar, M, shiny|100/100
|-weather|Sandstorm|[from] ability: Sand Stream|[of] p2a: Tyranitar
|turn|1
|
|t:|1757915244
|switch|p2a: Tinkaton|Tinkaton, F, shiny|100/100
|-item|p2a: Tinkaton|Air Balloon
|move|p1a: Great Tusk|Knock Off|p2a: Tinkaton
|-resisted|p2a: Tinkaton
|-damage|p2a: Tinkaton|79/100
|-enditem|p2a: Tinkaton|Air Balloon
|-enditem|p1a: Great Tusk|Rocky Helmet|[silent]|[from] ability: Pickpocket|[of] p1a: Great Tusk
|-item|p2a: Tinkaton|Rocky Helmet|[from] ability: Pickpocket|[of] p1a: Great Tusk
|
|-weather|Sandstorm|[upkeep]
|upkeep
|turn|2
|
|t:|1757915257
|move|p2a: Tinkaton|Encore|p1a: Great Tusk
|-start|p1a: Great Tusk|Encore
|move|p1a: Great Tusk|Knock Off|p2a: Tinkaton
|-resisted|p2a: Tinkaton
|-damage|p2a: Tinkaton|57/100
|-damage|p1a: Great Tusk|84/100|[from] item: Rocky Helmet|[of] p2a: Tinkaton
|-enditem|p2a: Tinkaton|Rocky Helmet|[from] move: Knock Off|[of] p1a: Great Tusk
|
|-weather|Sandstorm|[upkeep]
|upkeep
|turn|3
|
|t:|1757915266
|-end|p1a: Great Tusk|Protosynthesis|[silent]
|switch|p1a: Hatterene|Hatterene, F, shiny|100/100
|move|p2a: Tinkaton|Gigaton Hammer|p1a: Hatterene
|-supereffective|p1a: Hatterene
|-damage|p1a: Hatterene|4/100
|-enditem|p1a: Hatterene|Eject Button
|
|t:|1757915277
|switch|p1a: Great Tusk|Great Tusk|84/100
|
|-weather|Sandstorm|[upkeep]
|upkeep
|turn|4
|
|t:|1757915290
|move|p2a: Tinkaton|Ice Hammer|p1a: Great Tusk
|-supereffective|p1a: Great Tusk
|-damage|p1a: Great Tusk|46/100
|-unboost|p2a: Tinkaton|spe|1
|move|p1a: Great Tusk|Headlong Rush|p2a: Tinkaton
|-supereffective|p2a: Tinkaton
|-damage|p2a: Tinkaton|0 fnt
|-unboost|p1a: Great Tusk|def|1
|-unboost|p1a: Great Tusk|spd|1
|faint|p2a: Tinkaton
|
|-weather|Sandstorm|[upkeep]
|upkeep
|
|t:|1757915304
|switch|p2a: Tornadus|Tornadus-Therian, M, shiny|100/100
|turn|5
|
|t:|1757915311
|-end|p1a: Great Tusk|Protosynthesis|[silent]
|switch|p1a: Indeedee|Indeedee, M|100/100
|-fieldstart|move: Psychic Terrain|[from] ability: Psychic Surge|[of] p1a: Indeedee
|move|p2a: Tornadus|Bleakwind Storm|p1a: Indeedee|[miss]
|-miss|p2a: Tornadus|p1a: Indeedee
|
|-weather|none
|upkeep
|turn|6
|
|t:|1757915334
|switch|p1a: Armarouge|Armarouge, M, shiny|100/100
|move|p2a: Tornadus|Bleakwind Storm|p1a: Armarouge
|-damage|p1a: Armarouge|16/100
|
|upkeep
|turn|7
|
|t:|1757915361
|switch|p2a: Tyranitar|Tyranitar, M, shiny|100/100
|-weather|Sandstorm|[from] ability: Sand Stream|[of] p2a: Tyranitar
|switch|p1a: Hatterene|Hatterene, F, shiny|4/100
|
|-weather|Sandstorm|[upkeep]
|-damage|p1a: Hatterene|0 fnt|[from] Sandstorm
|faint|p1a: Hatterene
|upkeep
|
|t:|1757915372
|switch|p1a: Great Tusk|Great Tusk|46/100
|turn|8
|
|t:|1757915377
|switch|p2a: Sinistcha|Sinistcha, shiny|100/100
|move|p1a: Great Tusk|Close Combat|p2a: Sinistcha
|-immune|p2a: Sinistcha
|
|-weather|Sandstorm|[upkeep]
|-damage|p2a: Sinistcha|94/100|[from] Sandstorm
|-heal|p2a: Sinistcha|100/100|[from] item: Leftovers
|upkeep
|turn|9
|
|t:|1757915391
|move|p1a: Great Tusk|Knock Off|p2a: Sinistcha
|-supereffective|p2a: Sinistcha
|-damage|p2a: Sinistcha|55/100
|-enditem|p2a: Sinistcha|Leftovers|[from] move: Knock Off|[of] p1a: Great Tusk
|move|p2a: Sinistcha|Calm Mind|p2a: Sinistcha
|-boost|p2a: Sinistcha|spa|1
|-boost|p2a: Sinistcha|spd|1
|
|-weather|Sandstorm|[upkeep]
|-damage|p2a: Sinistcha|49/100|[from] Sandstorm
|upkeep
|turn|10
|
|t:|1757915404
|-terastallize|p1a: Great Tusk|Steel
|move|p1a: Great Tusk|Knock Off|p2a: Sinistcha
|-supereffective|p2a: Sinistcha
|-damage|p2a: Sinistcha|16/100
|move|p2a: Sinistcha|Strength Sap|p1a: Great Tusk
|-unboost|p1a: Great Tusk|atk|1
|-heal|p2a: Sinistcha|100/100
|
|-weather|Sandstorm|[upkeep]
|-damage|p2a: Sinistcha|94/100|[from] Sandstorm
|upkeep
|turn|11
|
|t:|1757915420
|-end|p1a: Great Tusk|Protosynthesis|[silent]
|switch|p1a: Indeedee|Indeedee, M|100/100
|move|p2a: Sinistcha|Shadow Ball|p1a: Indeedee
|-immune|p1a: Indeedee
|
|-weather|none
|upkeep
|turn|12
|
|t:|1757915431
|switch|p2a: Tyranitar|Tyranitar, M, shiny|100/100
|-weather|Sandstorm|[from] ability: Sand Stream|[of] p2a: Tyranitar
|move|p1a: Indeedee|Encore||[still]
|-fail|p1a: Indeedee
|
|-weather|Sandstorm|[upkeep]
|-damage|p1a: Indeedee|94/100|[from] Sandstorm
|-fieldend|move: Psychic Terrain
|upkeep
|turn|13
|
|t:|1757915443
|switch|p1a: Great Tusk|Great Tusk, tera:Steel|46/100
|move|p2a: Tyranitar|Low Kick|p1a: Great Tusk
|-supereffective|p1a: Great Tusk
|-damage|p1a: Great Tusk|0 fnt
|faint|p1a: Great Tusk
|-end|p1a: Great Tusk|Protosynthesis|[silent]
|
|-weather|Sandstorm|[upkeep]
|upkeep
|
|t:|1757915455
|switch|p1a: Iron Valiant|Iron Valiant, shiny|100/100
|-enditem|p1a: Iron Valiant|Booster Energy
|-activate|p1a: Iron Valiant|ability: Quark Drive|[fromitem]
|-start|p1a: Iron Valiant|quarkdrivespe
|turn|14
|
|t:|1757915460
|switch|p2a: Toxapex|Toxapex, M, shiny|100/100
|move|p1a: Iron Valiant|Swords Dance|p1a: Iron Valiant
|-boost|p1a: Iron Valiant|atk|2
|
|-weather|Sandstorm|[upkeep]
|-damage|p1a: Iron Valiant|94/100|[from] Sandstorm
|-damage|p2a: Toxapex|95/100|[from] Sandstorm
|upkeep
|turn|15
|
|t:|1757915470
|move|p1a: Iron Valiant|Knock Off|p2a: Toxapex
|-damage|p2a: Toxapex|46/100
|-enditem|p2a: Toxapex|Eject Button|[from] move: Knock Off|[of] p1a: Iron Valiant
|move|p2a: Toxapex|Toxic|p1a: Iron Valiant
|-status|p1a: Iron Valiant|tox
|
|-weather|Sandstorm|[upkeep]
|-damage|p1a: Iron Valiant|88/100 tox|[from] Sandstorm
|-damage|p2a: Toxapex|40/100|[from] Sandstorm
|-damage|p1a: Iron Valiant|82/100 tox|[from] psn
|upkeep
|turn|16
|
|t:|1757915483
|move|p1a: Iron Valiant|Swords Dance|p1a: Iron Valiant
|-boost|p1a: Iron Valiant|atk|2
|move|p2a: Toxapex|Recover|p2a: Toxapex
|-heal|p2a: Toxapex|91/100
|
|-weather|none
|-damage|p1a: Iron Valiant|69/100 tox|[from] psn
|upkeep
|turn|17
|
|t:|1757915492
|move|p1a: Iron Valiant|Knock Off|p2a: Toxapex
|-damage|p2a: Toxapex|43/100
|move|p2a: Toxapex|Haze|p2a: Toxapex
|-clearallboost
|
|-damage|p1a: Iron Valiant|51/100 tox|[from] psn
|upkeep
|turn|18
|
|t:|1757915501
|-end|p1a: Iron Valiant|Quark Drive|[silent]
|switch|p1a: Indeedee|Indeedee, M|94/100
|-fieldstart|move: Psychic Terrain|[from] ability: Psychic Surge|[of] p1a: Indeedee
|move|p2a: Toxapex|Recover|p2a: Toxapex
|-heal|p2a: Toxapex|93/100
|
|upkeep
|turn|19
|
|t:|1757915509
|move|p1a: Indeedee|Encore|p2a: Toxapex
|-start|p2a: Toxapex|Encore
|move|p2a: Toxapex|Recover|p2a: Toxapex
|-heal|p2a: Toxapex|100/100
|
|upkeep
|turn|20
|
|t:|1757915517
|switch|p2a: Tyranitar|Tyranitar, M, shiny|100/100
|-weather|Sandstorm|[from] ability: Sand Stream|[of] p2a: Tyranitar
|move|p1a: Indeedee|Dazzling Gleam|p2a: Tyranitar
|-supereffective|p2a: Tyranitar
|-damage|p2a: Tyranitar|66/100
|
|-weather|Sandstorm|[upkeep]
|-damage|p1a: Indeedee|88/100|[from] Sandstorm
|upkeep
|turn|21
|
|t:|1757915533
|move|p1a: Indeedee|Dazzling Gleam|p2a: Tyranitar
|-supereffective|p2a: Tyranitar
|-damage|p2a: Tyranitar|33/100
|move|p2a: Tyranitar|Knock Off|p1a: Indeedee
|-supereffective|p1a: Indeedee
|-damage|p1a: Indeedee|0 fnt
|-enditem|p1a: Indeedee|Terrain Extender|[from] move: Knock Off|[of] p2a: Tyranitar
|faint|p1a: Indeedee
|
|-weather|Sandstorm|[upkeep]
|upkeep
|
|t:|1757915544
|switch|p1a: Armarouge|Armarouge, M, shiny|16/100
|turn|22
|inactive|Flocking glock has 120 seconds left.
|
|t:|1757915576
|switch|p2a: Tornadus|Tornadus-Therian, M, shiny|100/100
|move|p1a: Armarouge|Armor Cannon|p2a: Tornadus
|-damage|p2a: Tornadus|19/100
|-unboost|p1a: Armarouge|def|1
|-unboost|p1a: Armarouge|spd|1
|
|-weather|Sandstorm|[upkeep]
|-damage|p2a: Tornadus|13/100|[from] Sandstorm
|-damage|p1a: Armarouge|10/100|[from] Sandstorm
|upkeep
|turn|23
|
|t:|1757915588
|switch|p2a: Toxapex|Toxapex, M, shiny|100/100
|move|p1a: Armarouge|Armor Cannon|p2a: Toxapex
|-resisted|p2a: Toxapex
|-damage|p2a: Toxapex|79/100
|-unboost|p1a: Armarouge|def|1
|-unboost|p1a: Armarouge|spd|1
|
|-weather|Sandstorm|[upkeep]
|-damage|p1a: Armarouge|4/100|[from] Sandstorm
|-damage|p2a: Toxapex|73/100|[from] Sandstorm
|upkeep
|turn|24
|
|t:|1757915601
|switch|p2a: Tyranitar|Tyranitar, M, shiny|33/100
|move|p1a: Armarouge|Expanding Force|p2a: Tyranitar
|-immune|p2a: Tyranitar
|
|-weather|none
|upkeep
|turn|25
|
|t:|1757915614
|switch|p2a: Toxapex|Toxapex, M, shiny|100/100
|move|p1a: Armarouge|Endure||[still]
|-fail|p1a: Armarouge
|
|-fieldend|move: Psychic Terrain
|upkeep
|turn|26
|
|t:|1757915622
|move|p1a: Armarouge|Expanding Force|p2a: Toxapex
|-supereffective|p2a: Toxapex
|-damage|p2a: Toxapex|41/100
|move|p2a: Toxapex|Toxic|p1a: Armarouge
|-status|p1a: Armarouge|tox
|
|-damage|p1a: Armarouge|0 fnt|[from] psn
|faint|p1a: Armarouge
|upkeep
|
|t:|1757915626
|switch|p1a: Polteageist|Polteageist, shiny|100/100
|turn|27
|
|t:|1757915634
|move|p1a: Polteageist|Shell Smash|p1a: Polteageist
|-unboost|p1a: Polteageist|def|1
|-unboost|p1a: Polteageist|spd|1
|-boost|p1a: Polteageist|atk|2
|-boost|p1a: Polteageist|spa|2
|-boost|p1a: Polteageist|spe|2
|move|p2a: Toxapex|Toxic|p1a: Polteageist
|-status|p1a: Polteageist|tox
|
|-damage|p1a: Polteageist|94/100 tox|[from] psn
|upkeep
|turn|28
|
|t:|1757915644
|switch|p2a: Tyranitar|Tyranitar, M, shiny|33/100
|-weather|Sandstorm|[from] ability: Sand Stream|[of] p2a: Tyranitar
|move|p1a: Polteageist|Shadow Ball|p2a: Tyranitar
|-resisted|p2a: Tyranitar
|-damage|p2a: Tyranitar|4/100
|-unboost|p2a: Tyranitar|spd|1
|
|-weather|Sandstorm|[upkeep]
|-damage|p1a: Polteageist|88/100 tox|[from] Sandstorm
|-damage|p1a: Polteageist|76/100 tox|[from] psn
|upkeep
|turn|29
|
|t:|1757915657
|switch|p2a: Toxapex|Toxapex, M, shiny|74/100
|move|p1a: Polteageist|Shadow Ball|p2a: Toxapex
|-damage|p2a: Toxapex|13/100
|
|-weather|Sandstorm|[upkeep]
|-damage|p1a: Polteageist|70/100 tox|[from] Sandstorm
|-damage|p2a: Toxapex|7/100|[from] Sandstorm
|-damage|p1a: Polteageist|51/100 tox|[from] psn
|upkeep
|turn|30
|
|t:|1757915669
|switch|p2a: Tyranitar|Tyranitar, M, shiny|4/100
|move|p1a: Polteageist|Shadow Ball|p2a: Tyranitar
|-resisted|p2a: Tyranitar
|-damage|p2a: Tyranitar|0 fnt
|faint|p2a: Tyranitar
|
|-weather|Sandstorm|[upkeep]
|-damage|p1a: Polteageist|45/100 tox|[from] Sandstorm
|-damage|p1a: Polteageist|21/100 tox|[from] psn
|upkeep
|
|t:|1757915679
|switch|p2a: Excadrill|Excadrill, M, shiny|100/100
|turn|31
|
|t:|1757915686
|move|p2a: Excadrill|Earthquake|p1a: Polteageist
|-damage|p1a: Polteageist|0 fnt
|faint|p1a: Polteageist
|
|-weather|Sandstorm|[upkeep]
|upkeep
|inactive|WoHdd has 120 seconds left.
|inactive|WoHdd has 90 seconds left.
|inactive|WoHdd has 60 seconds left.
|inactive|WoHdd has 30 seconds left.
|inactive|WoHdd has 20 seconds left.
|inactive|WoHdd has 15 seconds left.
|inactive|WoHdd has 10 seconds left.
|inactive|WoHdd has 5 seconds left.
|-message|WoHdd lost due to inactivity.
|
|win|Flocking glock
|raw|WoHdd's rating: 1530 &rarr; <strong>1507</strong><br />(-23 for losing)
|raw|Flocking glock's rating: 1472 &rarr; <strong>1495</strong><br />(+23 for winning)
|l|☆WoHdd
|player|p1|
