|j|☆zxlwm
|j|☆paprika_parade
|t:|1757854843
|gametype|singles
|player|p1|zxlwm|170|1331
|player|p2|paprika_parade|harlequin|1347
|gen|9
|tier|[Gen 9] OU
|rated|
|rule|HP Percentage Mod: HP is shown in percentages
|rule|Endless Battle Clause: Forcing endless battles is banned
|rule|Species Clause: Limit one of each Pokémon
|rule|OHKO Clause: OHKO moves are banned
|rule|Evasion Items Clause: Evasion items are banned
|rule|Evasion Moves Clause: Evasion moves are banned
|rule|Evasion Abilities Clause: Evasion abilities are banned
|rule|Sleep Moves Clause: Sleep-inducing moves are banned
|clearpoke
|poke|p1|Gallade, M|
|poke|p1|Garchomp, F|
|poke|p1|Ninetales-Alola, F|
|poke|p1|Gyarados, F|
|poke|p1|Incineroar, M|
|poke|p1|Orthworm, F|
|poke|p2|Bronzong|
|poke|p2|Vileplume, M|
|poke|p2|Enamorus, F|
|poke|p2|Zoroark-Hisui, M|
|poke|p2|Hitmonlee, M|
|poke|p2|Dragonite, F|
|teampreview
|
|t:|1757854861
|teamsize|p1|6
|teamsize|p2|6
|start
|switch|p1a: Orthworm|Orthworm, F|100/100
|switch|p2a: Hitmonlee|Hitmonlee, M|100/100
|turn|1
|
|t:|1757854867
|move|p2a: Hitmonlee|Close Combat|p1a: Orthworm
|-supereffective|p1a: Orthworm
|-damage|p1a: Orthworm|13/100
|-unboost|p2a: Hitmonlee|def|1
|-unboost|p2a: Hitmonlee|spd|1
|move|p1a: Orthworm|Stealth Rock|p2a: Hitmonlee
|-sidestart|p2: paprika_parade|move: Stealth Rock
|
|-heal|p1a: Orthworm|19/100|[from] item: Leftovers
|upkeep
|turn|2
|
|t:|1757854873
|switch|p1a: Incineroar|Incineroar, M|100/100
|-ability|p1a: Incineroar|Intimidate|boost
|-unboost|p2a: Hitmonlee|atk|1
|move|p2a: Hitmonlee|Knock Off|p1a: Incineroar
|-resisted|p1a: Incineroar
|-damage|p1a: Incineroar|89/100
|-enditem|p1a: Incineroar|Assault Vest|[from] move: Knock Off|[of] p2a: Hitmonlee
|
|upkeep
|turn|3
|
|t:|1757854895
|switch|p2a: Enamorus|Enamorus, F|100/100
|-damage|p2a: Enamorus|76/100|[from] Stealth Rock
|move|p1a: Incineroar|U-turn|p2a: Enamorus
|-resisted|p2a: Enamorus
|-damage|p2a: Enamorus|67/100
|
|t:|1757854904
|switch|p1a: Ninetales|Ninetales-Alola, F|100/100|[from] U-turn
|-weather|Snowscape|[from] ability: Snow Warning|[of] p1a: Ninetales
|
|-weather|Snowscape|[upkeep]
|upkeep
|turn|4
|
|t:|1757854911
|switch|p2a: Bronzong|Bronzong|100/100
|-damage|p2a: Bronzong|94/100|[from] Stealth Rock
|move|p1a: Ninetales|Blizzard|p2a: Bronzong
|-resisted|p2a: Bronzong
|-damage|p2a: Bronzong|79/100
|
|-weather|Snowscape|[upkeep]
|upkeep
|turn|5
|
|t:|1757854915
|move|p1a: Ninetales|Aurora Veil|p1a: Ninetales
|-sidestart|p1: zxlwm|move: Aurora Veil
|move|p2a: Bronzong|Stealth Rock|p1a: Ninetales
|-sidestart|p1: zxlwm|move: Stealth Rock
|
|-weather|Snowscape|[upkeep]
|upkeep
|turn|6
|
|t:|1757854924
|switch|p1a: Gyarados|Gyarados, F|100/100
|move|p2a: Bronzong|Reflect|p2a: Bronzong
|-sidestart|p2: paprika_parade|Reflect
|
|-weather|Snowscape|[upkeep]
|upkeep
|turn|7
|
|t:|1757854928
|move|p1a: Gyarados|Dragon Dance|p1a: Gyarados
|-boost|p1a: Gyarados|atk|1
|-boost|p1a: Gyarados|spe|1
|move|p2a: Bronzong|Night Shade|p1a: Gyarados
|-damage|p1a: Gyarados|71/100
|
|-weather|none
|upkeep
|turn|8
|
|t:|1757854930
|move|p1a: Gyarados|Dragon Dance|p1a: Gyarados
|-boost|p1a: Gyarados|atk|1
|-boost|p1a: Gyarados|spe|1
|move|p2a: Bronzong|Night Shade|p1a: Gyarados
|-damage|p1a: Gyarados|41/100
|
|upkeep
|turn|9
|
|t:|1757854940
|move|p1a: Gyarados|Waterfall|p2a: Bronzong
|-damage|p2a: Bronzong|50/100
|move|p2a: Bronzong|Night Shade|p1a: Gyarados
|-damage|p1a: Gyarados|11/100
|
|upkeep
|turn|10
|
|t:|1757854946
|move|p1a: Gyarados|Waterfall|p2a: Bronzong
|-damage|p2a: Bronzong|20/100
|move|p2a: Bronzong|Night Shade|p1a: Gyarados
|-damage|p1a: Gyarados|0 fnt
|faint|p1a: Gyarados
|
|upkeep
|
|t:|1757854950
|switch|p1a: Garchomp|Garchomp, F|100/100
|-damage|p1a: Garchomp|94/100|[from] Stealth Rock
|turn|11
|
|t:|1757854954
|move|p1a: Garchomp|Swords Dance|p1a: Garchomp
|-boost|p1a: Garchomp|atk|2
|move|p2a: Bronzong|Night Shade|p1a: Garchomp
|-damage|p1a: Garchomp|66/100
|
|upkeep
|turn|12
|
|t:|1757854956
|move|p1a: Garchomp|Scale Shot|p2a: Bronzong
|-resisted|p2a: Bronzong
|-damage|p2a: Bronzong|15/100
|-resisted|p2a: Bronzong
|-damage|p2a: Bronzong|9/100
|-resisted|p2a: Bronzong
|-damage|p2a: Bronzong|4/100
|-resisted|p2a: Bronzong
|-damage|p2a: Bronzong|0 fnt
|faint|p2a: Bronzong
|-hitcount|p2: Bronzong|4
|-unboost|p1a: Garchomp|def|1
|-boost|p1a: Garchomp|spe|1
|
|-sideend|p1: zxlwm|move: Aurora Veil
|upkeep
|
|t:|1757854960
|switch|p2a: Hitmonlee|Hitmonlee, M|100/100
|-damage|p2a: Hitmonlee|94/100|[from] Stealth Rock
|turn|13
|
|t:|1757854969
|move|p2a: Hitmonlee|Fake Out|p1a: Garchomp
|-enditem|p2a: Hitmonlee|Normal Gem|[from] gem
|-damage|p1a: Garchomp|37/100
|-damage|p2a: Hitmonlee|82/100|[from] ability: Rough Skin|[of] p1a: Garchomp
|cant|p1a: Garchomp|flinch
|
|-sideend|p2: paprika_parade|Reflect
|upkeep
|turn|14
|
|t:|1757854975
|move|p2a: Hitmonlee|Knock Off|p1a: Garchomp
|-damage|p1a: Garchomp|0 fnt
|-damage|p2a: Hitmonlee|70/100|[from] ability: Rough Skin|[of] p1a: Garchomp
|-enditem|p1a: Garchomp|Loaded Dice|[from] move: Knock Off|[of] p2a: Hitmonlee
|faint|p1a: Garchomp
|
|upkeep
|
|t:|1757854990
|switch|p1a: Incineroar|Incineroar, M|89/100
|-damage|p1a: Incineroar|64/100|[from] Stealth Rock
|-ability|p1a: Incineroar|Intimidate|boost
|-unboost|p2a: Hitmonlee|atk|1
|turn|15
|
|t:|1757854993
|move|p1a: Incineroar|Fake Out|p2a: Hitmonlee
|-damage|p2a: Hitmonlee|35/100
|cant|p2a: Hitmonlee|flinch
|
|upkeep
|turn|16
|
|t:|1757854997
|move|p2a: Hitmonlee|Close Combat|p1a: Incineroar
|-supereffective|p1a: Incineroar
|-damage|p1a: Incineroar|0 fnt
|-unboost|p2a: Hitmonlee|def|1
|-unboost|p2a: Hitmonlee|spd|1
|faint|p1a: Incineroar
|
|upkeep
|
|t:|1757855007
|switch|p1a: Ninetales|Ninetales-Alola, F|100/100
|-damage|p1a: Ninetales|76/100|[from] Stealth Rock
|-weather|Snowscape|[from] ability: Snow Warning|[of] p1a: Ninetales
|turn|17
|
|t:|1757855016
|-terastallize|p1a: Ninetales|Fairy
|move|p2a: Hitmonlee|Knock Off|p1a: Ninetales
|-resisted|p1a: Ninetales
|-damage|p1a: Ninetales|59/100
|-enditem|p1a: Ninetales|Light Clay|[from] move: Knock Off|[of] p2a: Hitmonlee
|move|p1a: Ninetales|Aurora Veil|p1a: Ninetales
|-sidestart|p1: zxlwm|move: Aurora Veil
|
|-weather|Snowscape|[upkeep]
|upkeep
|turn|18
|
|t:|1757855027
|move|p2a: Hitmonlee|Stone Edge|p1a: Ninetales
|-damage|p1a: Ninetales|40/100
|move|p1a: Ninetales|Moonblast|p2a: Hitmonlee
|-supereffective|p2a: Hitmonlee
|-damage|p2a: Hitmonlee|0 fnt
|faint|p2a: Hitmonlee
|
|-weather|Snowscape|[upkeep]
|upkeep
|
|t:|1757855053
|switch|p2a: Dragonite|Dragonite, F|100/100
|turn|19
|
|t:|1757855065
|-terastallize|p2a: Dragonite|Normal
|move|p1a: Ninetales|Blizzard|p2a: Dragonite
|-damage|p2a: Dragonite|79/100
|move|p2a: Dragonite|Dragon Dance|p2a: Dragonite
|-boost|p2a: Dragonite|atk|1
|-boost|p2a: Dragonite|spe|1
|
|-weather|Snowscape|[upkeep]
|upkeep
|turn|20
|
|t:|1757855073
|switch|p1a: Orthworm|Orthworm, F|19/100
|-damage|p1a: Orthworm|13/100|[from] Stealth Rock
|move|p2a: Dragonite|Extreme Speed|p1a: Orthworm
|-resisted|p1a: Orthworm
|-damage|p1a: Orthworm|1/100
|
|-weather|Snowscape|[upkeep]
|-heal|p1a: Orthworm|7/100|[from] item: Leftovers
|upkeep
|turn|21
|
|t:|1757855078
|move|p2a: Dragonite|Extreme Speed|p1a: Orthworm
|-resisted|p1a: Orthworm
|-damage|p1a: Orthworm|0 fnt
|faint|p1a: Orthworm
|
|-weather|none
|-sideend|p1: zxlwm|move: Aurora Veil
|upkeep
|
|t:|1757855080
|switch|p1a: Gallade|Gallade, M|100/100
|-damage|p1a: Gallade|94/100|[from] Stealth Rock
|turn|22
|
|t:|1757855084
|move|p2a: Dragonite|Extreme Speed|p1a: Gallade
|-damage|p1a: Gallade|0 fnt
|faint|p1a: Gallade
|
|upkeep
|-message|zxlwm forfeited.
|
|win|paprika_parade
|raw|zxlwm's rating: 1331 &rarr; <strong>1312</strong><br />(-19 for losing)
|raw|paprika_parade's rating: 1347 &rarr; <strong>1366</strong><br />(+19 for winning)
|l|☆zxlwm
|player|p1|
|l|☆paprika_parade
|player|p2|
