|j|☆MediocreCook
|j|☆Driz0
|t:|1757789008
|gametype|singles
|player|p1|MediocreCook|lucas|1557
|player|p2|Driz0|265|1516
|gen|9
|tier|[Gen 9] OU
|rated|
|rule|HP Percentage Mod: HP is shown in percentages
|rule|Endless Battle Clause: Forcing endless battles is banned
|rule|Species Clause: Limit one of each Pokémon
|rule|OHKO Clause: OHKO moves are banned
|rule|Evasion Items Clause: Evasion items are banned
|rule|Evasion Moves Clause: Evasion moves are banned
|rule|Evasion Abilities Clause: Evasion abilities are banned
|rule|Sleep Moves Clause: Sleep-inducing moves are banned
|clearpoke
|poke|p1|Rotom-Wash|
|poke|p1|Moltres|
|poke|p1|Great Tusk|
|poke|p1|Scizor, F|
|poke|p1|Pecharunt|
|poke|p1|Ting-Lu|
|poke|p2|Bellibolt, M|
|poke|p2|Bisharp, M|
|poke|p2|Froslass, F|
|poke|p2|Great Tusk|
|poke|p2|Iron Valiant|
|poke|p2|Gholdengo|
|teampreview
|inactive|Battle timer is ON: inactive players will automatically lose when time's up. (requested by Driz0)
|inactive|MediocreCook also wants the timer to be on.
|
|t:|1757789029
|teamsize|p1|6
|teamsize|p2|6
|start
|switch|p1a: Moltres|Moltres|100/100
|switch|p2a: Froslass|Froslass, F|100/100
|turn|1
|
|t:|1757789034
|switch|p2a: Bellibolt|Bellibolt, M|100/100
|move|p1a: Moltres|Flamethrower|p2a: Bellibolt
|-damage|p2a: Bellibolt|64/100
|-start|p2a: Bellibolt|Charge|Flamethrower|[from] ability: Electromorphosis
|
|-heal|p2a: Bellibolt|70/100|[from] item: Leftovers
|upkeep
|turn|2
|
|t:|1757789043
|move|p1a: Moltres|U-turn|p2a: Bellibolt
|-damage|p2a: Bellibolt|57/100
|-start|p2a: Bellibolt|Charge|U-turn|[from] ability: Electromorphosis
|
|t:|1757789045
|switch|p1a: Ting-Lu|Ting-Lu|100/100|[from] U-turn
|-ability|p1a: Ting-Lu|Vessel of Ruin
|move|p2a: Bellibolt|Muddy Water|p1a: Ting-Lu
|-supereffective|p1a: Ting-Lu
|-damage|p1a: Ting-Lu|76/100
|
|-heal|p2a: Bellibolt|63/100|[from] item: Leftovers
|-heal|p1a: Ting-Lu|82/100|[from] item: Leftovers
|upkeep
|turn|3
|
|t:|1757789055
|move|p1a: Ting-Lu|Spikes|p2a: Bellibolt
|-sidestart|p2: Driz0|Spikes
|move|p2a: Bellibolt|Toxic|p1a: Ting-Lu
|-status|p1a: Ting-Lu|tox
|
|-heal|p1a: Ting-Lu|88/100 tox|[from] item: Leftovers
|-heal|p2a: Bellibolt|69/100|[from] item: Leftovers
|-damage|p1a: Ting-Lu|82/100 tox|[from] psn
|upkeep
|turn|4
|
|t:|1757789063
|switch|p2a: Great Tusk|Great Tusk|100/100
|-damage|p2a: Great Tusk|88/100|[from] Spikes
|move|p1a: Ting-Lu|Earthquake|p2a: Great Tusk
|-damage|p2a: Great Tusk|64/100
|
|-heal|p2a: Great Tusk|70/100|[from] item: Leftovers
|-heal|p1a: Ting-Lu|88/100 tox|[from] item: Leftovers
|-damage|p1a: Ting-Lu|76/100 tox|[from] psn
|upkeep
|turn|5
|
|t:|1757789071
|switch|p1a: Pecharunt|Pecharunt|100/100
|move|p2a: Great Tusk|Ice Spinner|p1a: Pecharunt
|-damage|p1a: Pecharunt|86/100
|
|-heal|p2a: Great Tusk|76/100|[from] item: Leftovers
|upkeep
|turn|6
|
|t:|1757789077
|move|p1a: Pecharunt|Parting Shot|p2a: Great Tusk
|-unboost|p2a: Great Tusk|atk|1
|-unboost|p2a: Great Tusk|spa|1
|
|t:|1757789081
|switch|p1a: Rotom|Rotom-Wash|100/100|[from] Parting Shot
|move|p2a: Great Tusk|Headlong Rush|p1a: Rotom
|-immune|p1a: Rotom|[from] ability: Levitate
|
|-heal|p2a: Great Tusk|82/100|[from] item: Leftovers
|upkeep
|turn|7
|
|t:|1757789088
|-end|p2a: Great Tusk|Protosynthesis|[silent]
|switch|p2a: Froslass|Froslass, F|100/100
|-damage|p2a: Froslass|88/100|[from] Spikes
|move|p1a: Rotom|Hydro Pump|p2a: Froslass
|-damage|p2a: Froslass|24/100
|
|upkeep
|turn|8
|
|t:|1757789101
|move|p2a: Froslass|Spikes|p1a: Rotom
|-sidestart|p1: MediocreCook|Spikes
|move|p1a: Rotom|Hydro Pump|p2a: Froslass
|-damage|p2a: Froslass|0 fnt
|-start|p1a: Rotom|Disable|Hydro Pump|[from] ability: Cursed Body|[of] p2a: Froslass
|faint|p2a: Froslass
|
|upkeep
|
|t:|1757789119
|switch|p2a: Bellibolt|Bellibolt, M|69/100
|-damage|p2a: Bellibolt|57/100|[from] Spikes
|turn|9
|
|t:|1757789123
|switch|p1a: Ting-Lu|Ting-Lu|76/100 tox
|-damage|p1a: Ting-Lu|64/100 tox|[from] Spikes
|-ability|p1a: Ting-Lu|Vessel of Ruin
|move|p2a: Bellibolt|Muddy Water|p1a: Ting-Lu
|-supereffective|p1a: Ting-Lu
|-damage|p1a: Ting-Lu|38/100 tox
|
|-heal|p1a: Ting-Lu|44/100 tox|[from] item: Leftovers
|-heal|p2a: Bellibolt|63/100|[from] item: Leftovers
|-damage|p1a: Ting-Lu|38/100 tox|[from] psn
|upkeep
|turn|10
|
|t:|1757789136
|move|p2a: Bellibolt|Muddy Water|p1a: Ting-Lu|[miss]
|-miss|p2a: Bellibolt|p1a: Ting-Lu
|move|p1a: Ting-Lu|Spikes|p2a: Bellibolt
|-sidestart|p2: Driz0|Spikes
|
|-heal|p1a: Ting-Lu|44/100 tox|[from] item: Leftovers
|-heal|p2a: Bellibolt|69/100|[from] item: Leftovers
|-damage|p1a: Ting-Lu|32/100 tox|[from] psn
|upkeep
|turn|11
|
|t:|1757789141
|move|p1a: Ting-Lu|Earthquake|p2a: Bellibolt
|-supereffective|p2a: Bellibolt
|-damage|p2a: Bellibolt|2/100
|-start|p2a: Bellibolt|Charge|Earthquake|[from] ability: Electromorphosis
|move|p2a: Bellibolt|Muddy Water|p1a: Ting-Lu|[miss]
|-miss|p2a: Bellibolt|p1a: Ting-Lu
|
|-heal|p2a: Bellibolt|8/100|[from] item: Leftovers
|-heal|p1a: Ting-Lu|38/100 tox|[from] item: Leftovers
|-damage|p1a: Ting-Lu|20/100 tox|[from] psn
|upkeep
|turn|12
|
|t:|1757789149
|move|p1a: Ting-Lu|Earthquake|p2a: Bellibolt
|-supereffective|p2a: Bellibolt
|-damage|p2a: Bellibolt|0 fnt
|faint|p2a: Bellibolt
|
|-heal|p1a: Ting-Lu|26/100 tox|[from] item: Leftovers
|-damage|p1a: Ting-Lu|1/100 tox|[from] psn
|upkeep
|
|t:|1757789152
|switch|p2a: Great Tusk|Great Tusk|82/100
|-damage|p2a: Great Tusk|66/100|[from] Spikes
|turn|13
|
|t:|1757789160
|switch|p1a: Pecharunt|Pecharunt|86/100
|move|p2a: Great Tusk|Rapid Spin|p1a: Pecharunt
|-immune|p1a: Pecharunt
|
|-heal|p2a: Great Tusk|72/100|[from] item: Leftovers
|upkeep
|turn|14
|
|t:|1757789168
|-end|p2a: Great Tusk|Protosynthesis|[silent]
|switch|p2a: Bisharp|Bisharp, M|100/100
|-damage|p2a: Bisharp|84/100|[from] Spikes
|move|p1a: Pecharunt|Malignant Chain|p2a: Bisharp
|-immune|p2a: Bisharp
|
|upkeep
|turn|15
|
|t:|1757789176
|switch|p1a: Great Tusk|Great Tusk|100/100
|move|p2a: Bisharp|Stealth Rock|p1a: Great Tusk
|-sidestart|p1: MediocreCook|move: Stealth Rock
|
|upkeep
|turn|16
|
|t:|1757789186
|switch|p2a: Gholdengo|Gholdengo|100/100
|-damage|p2a: Gholdengo|84/100|[from] Spikes
|move|p1a: Great Tusk|Ice Spinner|p2a: Gholdengo
|-resisted|p2a: Gholdengo
|-crit|p2a: Gholdengo
|-damage|p2a: Gholdengo|60/100
|
|upkeep
|turn|17
|
|t:|1757789191
|move|p2a: Gholdengo|Make It Rain|p1a: Great Tusk
|-damage|p1a: Great Tusk|0 fnt
|-unboost|p2a: Gholdengo|spa|1
|faint|p1a: Great Tusk
|-end|p1a: Great Tusk|Protosynthesis|[silent]
|
|upkeep
|
|t:|1757789197
|switch|p1a: Rotom|Rotom-Wash|100/100
|-damage|p1a: Rotom|88/100|[from] Stealth Rock
|turn|18
|
|t:|1757789202
|switch|p2a: Bisharp|Bisharp, M|84/100
|-damage|p2a: Bisharp|67/100|[from] Spikes
|move|p1a: Rotom|Hydro Pump|p2a: Bisharp
|-damage|p2a: Bisharp|21/100
|
|upkeep
|turn|19
|
|t:|1757789207
|move|p2a: Bisharp|Sucker Punch|p1a: Rotom
|-damage|p1a: Rotom|41/100
|move|p1a: Rotom|Hydro Pump|p2a: Bisharp|[miss]
|-miss|p1a: Rotom|p2a: Bisharp
|
|upkeep
|turn|20
|
|t:|1757789217
|switch|p1a: Ting-Lu|Ting-Lu|1/100 tox
|-damage|p1a: Ting-Lu|0 fnt|[from] Spikes
|faint|p1a: Ting-Lu
|move|p2a: Bisharp|Thunder Wave|p1: Ting-Lu|[notarget]
|-fail|p2a: Bisharp
|
|upkeep
|
|t:|1757789222
|switch|p1a: Moltres|Moltres|100/100
|turn|21
|
|t:|1757789226
|move|p2a: Bisharp|Sucker Punch|p1a: Moltres
|-damage|p1a: Moltres|66/100
|move|p1a: Moltres|Flamethrower|p2a: Bisharp
|-supereffective|p2a: Bisharp
|-damage|p2a: Bisharp|0 fnt
|faint|p2a: Bisharp
|
|upkeep
|
|t:|1757789234
|switch|p2a: Iron Valiant|Iron Valiant|100/100
|-damage|p2a: Iron Valiant|84/100|[from] Spikes
|-enditem|p2a: Iron Valiant|Booster Energy
|-activate|p2a: Iron Valiant|ability: Quark Drive|[fromitem]
|-start|p2a: Iron Valiant|quarkdrivespe
|turn|22
|
|t:|1757789244
|move|p2a: Iron Valiant|Calm Mind|p2a: Iron Valiant
|-boost|p2a: Iron Valiant|spa|1
|-boost|p2a: Iron Valiant|spd|1
|move|p1a: Moltres|Flamethrower|p2a: Iron Valiant
|-damage|p2a: Iron Valiant|39/100
|
|upkeep
|turn|23
|
|t:|1757789251
|move|p2a: Iron Valiant|Thunderbolt|p1a: Moltres
|-supereffective|p1a: Moltres
|-crit|p1a: Moltres
|-damage|p1a: Moltres|0 fnt
|faint|p1a: Moltres
|
|upkeep
|
|t:|1757789257
|switch|p1a: Scizor|Scizor, F|100/100
|-damage|p1a: Scizor|88/100|[from] Spikes
|-damage|p1a: Scizor|76/100|[from] Stealth Rock
|turn|24
|
|t:|1757789262
|-end|p2a: Iron Valiant|Quark Drive|[silent]
|switch|p2a: Great Tusk|Great Tusk|72/100
|-damage|p2a: Great Tusk|55/100|[from] Spikes
|-terastallize|p1a: Scizor|Steel
|move|p1a: Scizor|Bullet Punch|p2a: Great Tusk
|-damage|p2a: Great Tusk|11/100
|
|-heal|p2a: Great Tusk|17/100|[from] item: Leftovers
|upkeep
|turn|25
|
|t:|1757789270
|move|p1a: Scizor|Bullet Punch|p2a: Great Tusk
|-damage|p2a: Great Tusk|0 fnt
|faint|p2a: Great Tusk
|-end|p2a: Great Tusk|Protosynthesis|[silent]
|
|upkeep
|
|t:|1757789272
|switch|p2a: Gholdengo|Gholdengo|60/100
|-damage|p2a: Gholdengo|44/100|[from] Spikes
|turn|26
|
|t:|1757789278
|-terastallize|p2a: Gholdengo|Ground
|move|p1a: Scizor|Bullet Punch|p2a: Gholdengo
|-damage|p2a: Gholdengo|0 fnt
|faint|p2a: Gholdengo
|
|upkeep
|-message|Driz0 forfeited.
|
|win|MediocreCook
|raw|MediocreCook's rating: 1557 &rarr; <strong>1575</strong><br />(+18 for winning)
|raw|Driz0's rating: 1516 &rarr; <strong>1498</strong><br />(-18 for losing)
|l|☆Driz0
|player|p2|
|l|☆MediocreCook
|player|p1|
