|j|☆ibuilthtihs
|j|☆etude_suzuki
|t:|1757923325
|gametype|singles
|player|p1|ibuilthtihs|linebacker|1268
|player|p2|etude_suzuki|102|1224
|gen|9
|tier|[Gen 9] OU
|rated|
|rule|HP Percentage Mod: HP is shown in percentages
|rule|Endless Battle Clause: Forcing endless battles is banned
|rule|Species Clause: Limit one of each Pokémon
|rule|OHKO Clause: OHKO moves are banned
|rule|Evasion Items Clause: Evasion items are banned
|rule|Evasion Moves Clause: Evasion moves are banned
|rule|Evasion Abilities Clause: Evasion abilities are banned
|rule|Sleep Moves Clause: Sleep-inducing moves are banned
|clearpoke
|poke|p1|Enamorus, F|
|poke|p1|Great Tusk|
|poke|p1|Cinderace, F|
|poke|p1|Lokix, M|
|poke|p1|Alomomola, M|
|poke|p1|Slowking-Galar, M|
|poke|p2|Pikachu, M|
|poke|p2|Lucario, M|
|poke|p2|Zoroark, F|
|poke|p2|Gardevoir, F|
|poke|p2|Lapras, F|
|poke|p2|Charizard, M|
|teampreview
|inactive|Battle timer is ON: inactive players will automatically lose when time's up. (requested by ibuilthtihs)
|
|t:|1757923346
|teamsize|p1|6
|teamsize|p2|6
|start
|switch|p1a: Gin|Enamorus, F|100/100
|switch|p2a: Lucario|Lucario, M|100/100
|turn|1
|
|t:|1757923357
|switch|p2a: Charizard|Charizard, M|100/100
|move|p1a: Gin|Earth Power|p2a: Charizard
|-immune|p2a: Charizard
|
|upkeep
|turn|2
|
|t:|1757923376
|switch|p1a: Pisces|Alomomola, M|100/100
|move|p2a: Charizard|Air Slash|p1a: Pisces
|-damage|p1a: Pisces|83/100
|
|upkeep
|turn|3
|
|t:|1757923383
|switch|p2a: Lapras|Lapras, F|100/100
|move|p1a: Pisces|Flip Turn|p2a: Lapras
|-immune|p2a: Lapras|[from] ability: Water Absorb
|
|upkeep
|turn|4
|
|t:|1757923391
|switch|p2a: Pikachu|Pikachu, M|100/100
|switch|p1a: Slowking|Slowking-Galar, M|100/100
|
|upkeep
|turn|5
|
|t:|1757923401
|switch|p2a: Lucario|Lucario, M|100/100
|move|p1a: Slowking|Sludge Bomb|p2a: Lucario
|-immune|p2a: Lucario
|
|upkeep
|turn|6
|
|t:|1757923410
|switch|p2a: Pikachu|Pikachu, M|100/100
|-prepare|p1a: Slowking|Chilly Reception|[premajor]
|move|p1a: Slowking|Chilly Reception|p1a: Slowking
|-weather|Snowscape
|
|t:|1757923418
|switch|p1a: Gin|Enamorus, F|100/100|[from] Chilly Reception
|
|-weather|Snowscape|[upkeep]
|upkeep
|turn|7
|
|t:|1757923430
|switch|p2a: Charizard|Charizard, M|100/100
|move|p1a: Gin|Moonblast|p2a: Charizard
|-resisted|p2a: Charizard
|-crit|p2a: Charizard
|-damage|p2a: Charizard|45/100
|
|-weather|Snowscape|[upkeep]
|upkeep
|turn|8
|
|t:|1757923439
|switch|p1a: Pisces|Alomomola, M|100/100
|move|p2a: Charizard|Ancient Power|p1a: Pisces
|-damage|p1a: Pisces|91/100
|
|-weather|Snowscape|[upkeep]
|upkeep
|turn|9
|
|t:|1757923446
|switch|p2a: Pikachu|Pikachu, M|100/100
|switch|p1a: Slowking|Slowking-Galar, M|100/100
|
|-weather|Snowscape|[upkeep]
|upkeep
|turn|10
|
|t:|1757923460
|switch|p2a: Lucario|Lucario, M|100/100
|-prepare|p1a: Slowking|Chilly Reception|[premajor]
|move|p1a: Slowking|Chilly Reception|p1a: Slowking
|
|t:|1757923465
|switch|p1a: Cinderace|Cinderace, F|100/100|[from] Chilly Reception
|
|-weather|none
|upkeep
|turn|11
|
|t:|1757923481
|-terastallize|p2a: Lucario|Stellar
|move|p2a: Lucario|Close Combat|p1a: Cinderace
|-damage|p1a: Cinderace|7/100
|-unboost|p2a: Lucario|def|1
|-unboost|p2a: Lucario|spd|1
|move|p1a: Cinderace|Pyro Ball|p2a: Lucario
|-supereffective|p2a: Lucario
|-damage|p2a: Lucario|0 fnt
|faint|p2a: Lucario
|
|upkeep
|
|t:|1757923491
|switch|p2a: Pikachu|Pikachu, M|100/100
|turn|12
|
|t:|1757923496
|switch|p1a: Slowking|Slowking-Galar, M|100/100
|move|p2a: Pikachu|Quick Attack|p1a: Slowking
|-damage|p1a: Slowking|91/100
|
|upkeep
|turn|13
|
|t:|1757923502
|move|p2a: Pikachu|Thunderbolt|p1a: Slowking
|-damage|p1a: Slowking|57/100
|-prepare|p1a: Slowking|Chilly Reception|[premajor]
|move|p1a: Slowking|Chilly Reception|p1a: Slowking
|-weather|Snowscape
|
|t:|1757923506
|switch|p1a: Gin|Enamorus, F|100/100|[from] Chilly Reception
|
|-weather|Snowscape|[upkeep]
|upkeep
|turn|14
|
|t:|1757923514
|switch|p2a: Lapras|Lapras, F|100/100
|-terastallize|p1a: Gin|Stellar
|move|p1a: Gin|Tera Blast|p2a: Lapras|[anim] Tera Blast Stellar
|-damage|p2a: Lapras|79/100
|-boost|p1a: Gin|atk|1
|-boost|p1a: Gin|spa|1
|
|-weather|Snowscape|[upkeep]
|upkeep
|turn|15
|
|t:|1757923524
|switch|p1a: Slowking|Slowking-Galar, M|90/100
|move|p2a: Lapras|Freeze-Dry|p1a: Slowking
|-damage|p1a: Slowking|67/100
|-status|p1a: Slowking|frz
|
|-weather|Snowscape|[upkeep]
|upkeep
|turn|16
|
|t:|1757923532
|switch|p2a: Charizard|Charizard, M|100/100
|-prepare|p1a: Slowking|Chilly Reception|[premajor]
|cant|p1a: Slowking|frz
|
|-weather|Snowscape|[upkeep]
|upkeep
|turn|17
|
|t:|1757923537
|move|p2a: Charizard|Knock Off|p1a: Slowking
|-supereffective|p1a: Slowking
|-damage|p1a: Slowking|8/100 frz
|-enditem|p1a: Slowking|Shuca Berry|[from] move: Knock Off|[of] p2a: Charizard
|-prepare|p1a: Slowking|Chilly Reception|[premajor]
|cant|p1a: Slowking|frz
|
|-weather|none
|upkeep
|turn|18
|
|t:|1757923544
|switch|p1a: Pisces|Alomomola, M|100/100
|move|p2a: Charizard|Knock Off|p1a: Pisces
|-damage|p1a: Pisces|70/100
|-enditem|p1a: Pisces|Assault Vest|[from] move: Knock Off|[of] p2a: Charizard
|
|upkeep
|turn|19
|
|t:|1757923555
|switch|p2a: Lapras|Lapras, F|79/100
|move|p1a: Pisces|Flip Turn|p2a: Lapras
|-heal|p2a: Lapras|100/100|[from] ability: Water Absorb|[of] p1a: Pisces
|
|upkeep
|turn|20
|
|t:|1757923569
|move|p2a: Lapras|Freeze-Dry|p1a: Pisces
|-supereffective|p1a: Pisces
|-damage|p1a: Pisces|26/100
|move|p1a: Pisces|Mirror Coat|p2a: Lapras
|-damage|p2a: Lapras|0 fnt
|faint|p2a: Lapras
|
|upkeep
|
|t:|1757923576
|switch|p2a: Pikachu|Pikachu, M|100/100
|turn|21
|
|t:|1757923584
|switch|p1a: Slowking|Slowking-Galar, M|42/100 frz
|move|p2a: Pikachu|Thunderbolt|p1a: Slowking
|-damage|p1a: Slowking|8/100 frz
|
|upkeep
|turn|22
|
|t:|1757923589
|move|p2a: Pikachu|Thunderbolt|p1a: Slowking
|-damage|p1a: Slowking|0 fnt
|faint|p1a: Slowking
|
|upkeep
|
|t:|1757923594
|switch|p1a: Gin|Enamorus, F, tera:Stellar|100/100
|turn|23
|
|t:|1757923607
|switch|p2a: Gardevoir|Gardevoir, F|100/100
|-ability|p2a: Gardevoir|Contrary|Trace|[from] ability: Trace|[of] p1a: Gin
|move|p1a: Gin|Tera Blast|p2a: Gardevoir|[anim] Tera Blast Stellar
|-damage|p2a: Gardevoir|63/100
|-boost|p1a: Gin|atk|1
|-boost|p1a: Gin|spa|1
|
|-heal|p2a: Gardevoir|69/100|[from] item: Leftovers
|upkeep
|turn|24
|
|t:|1757923626
|move|p2a: Gardevoir|Protect|p2a: Gardevoir
|-singleturn|p2a: Gardevoir|Protect
|move|p1a: Gin|Tera Blast|p2a: Gardevoir|[anim] Tera Blast Stellar
|-activate|p2a: Gardevoir|move: Protect
|
|-heal|p2a: Gardevoir|75/100|[from] item: Leftovers
|upkeep
|turn|25
|
|t:|1757923638
|move|p1a: Gin|Tera Blast|p2a: Gardevoir|[anim] Tera Blast Stellar
|-damage|p2a: Gardevoir|18/100
|-boost|p1a: Gin|atk|1
|-boost|p1a: Gin|spa|1
|move|p2a: Gardevoir|Mystical Fire|p1a: Gin
|-damage|p1a: Gin|62/100
|-boost|p1a: Gin|spa|1
|
|-heal|p2a: Gardevoir|24/100|[from] item: Leftovers
|upkeep
|turn|26
|
|t:|1757923648
|move|p2a: Gardevoir|Protect|p2a: Gardevoir
|-singleturn|p2a: Gardevoir|Protect
|move|p1a: Gin|Tera Blast|p2a: Gardevoir|[anim] Tera Blast Stellar
|-activate|p2a: Gardevoir|move: Protect
|
|-heal|p2a: Gardevoir|31/100|[from] item: Leftovers
|upkeep
|turn|27
|
|t:|1757923672
|switch|p2a: Pikachu|Pikachu, M|100/100
|move|p1a: Gin|Tera Blast|p2a: Pikachu|[anim] Tera Blast Stellar
|-damage|p2a: Pikachu|0 fnt
|-boost|p1a: Gin|atk|1
|-boost|p1a: Gin|spa|1
|faint|p2a: Pikachu
|
|upkeep
|-message|etude_suzuki forfeited.
|
|win|ibuilthtihs
|raw|ibuilthtihs's rating: 1300 &rarr; <strong>1320</strong><br />(+20 for winning)
|raw|etude_suzuki's rating: 1224 &rarr; <strong>1204</strong><br />(-20 for losing)
|l|☆etude_suzuki
|player|p2|
|j|☆etude_suzuki
|player|p2|etude_suzuki|102|
|l|☆ibuilthtihs
|player|p1|
|l|☆etude_suzuki
|player|p2|
