|j|☆janeofalltrades
|j|☆leosyspu
|t:|1757943433
|gametype|singles
|player|p1|janeofalltrades|fennel|1474
|player|p2|leosyspu|cynthia|1436
|gen|9
|tier|[Gen 9] OU
|rated|
|rule|HP Percentage Mod: HP is shown in percentages
|rule|Endless Battle Clause: Forcing endless battles is banned
|rule|Species Clause: Limit one of each Pokémon
|rule|OHKO Clause: OHKO moves are banned
|rule|Evasion Items Clause: Evasion items are banned
|rule|Evasion Moves Clause: Evasion moves are banned
|rule|Evasion Abilities Clause: Evasion abilities are banned
|rule|Sleep Moves Clause: Sleep-inducing moves are banned
|clearpoke
|poke|p1|Dragonite, M|
|poke|p1|Sandy Shocks|
|poke|p1|Scizor, M|
|poke|p1|Hydrapple, M|
|poke|p1|Alomomola, M|
|poke|p1|Cinderace, M|
|poke|p2|Heracross, M|
|poke|p2|Pelipper, M|
|poke|p2|Gholdengo|
|poke|p2|Gliscor, F|
|poke|p2|Dragonite, F|
|poke|p2|Kingdra, M|
|teampreview
|inactive|Battle timer is ON: inactive players will automatically lose when time's up. (requested by janeofalltrades)
|inactive|leosyspu also wants the timer to be on.
|
|t:|1757943459
|teamsize|p1|6
|teamsize|p2|6
|start
|switch|p1a: Sandy Shocks|Sandy Shocks|100/100
|switch|p2a: 铁甲卡布达|Heracross, M|100/100
|-enditem|p1a: Sandy Shocks|Booster Energy
|-activate|p1a: Sandy Shocks|ability: Protosynthesis|[fromitem]
|-start|p1a: Sandy Shocks|protosynthesisspe
|turn|1
|
|t:|1757943479
|move|p1a: Sandy Shocks|Volt Switch|p2a: 铁甲卡布达
|-damage|p2a: 铁甲卡布达|61/100
|
|t:|1757943485
|-end|p1a: Sandy Shocks|Protosynthesis|[silent]
|switch|p1a: Cinderace|Cinderace, M|100/100|[from] Volt Switch
|move|p2a: 铁甲卡布达|Trailblaze|p1a: Cinderace
|-resisted|p1a: Cinderace
|-crit|p1a: Cinderace
|-damage|p1a: Cinderace|83/100
|-boost|p2a: 铁甲卡布达|spe|1
|
|-status|p2a: 铁甲卡布达|brn|[from] item: Flame Orb
|upkeep
|turn|2
|
|t:|1757943496
|move|p2a: 铁甲卡布达|Stone Edge|p1a: Cinderace|[miss]
|-miss|p2a: 铁甲卡布达|p1a: Cinderace
|move|p1a: Cinderace|Pyro Ball|p2a: 铁甲卡布达
|-supereffective|p2a: 铁甲卡布达
|-damage|p2a: 铁甲卡布达|0 fnt
|faint|p2a: 铁甲卡布达
|
|upkeep
|
|t:|1757943503
|switch|p2a: 强力高速炮|Dragonite, F|100/100
|turn|3
|
|t:|1757943507
|move|p1a: Cinderace|U-turn|p2a: 强力高速炮
|-start|p1a: Cinderace|typechange|Bug|[from] ability: Libero
|-resisted|p2a: 强力高速炮
|-damage|p2a: 强力高速炮|92/100
|
|t:|1757943510
|switch|p1a: Hydrapple|Hydrapple, M|100/100|[from] U-turn
|move|p2a: 强力高速炮|Dragon Dance|p2a: 强力高速炮
|-boost|p2a: 强力高速炮|atk|1
|-boost|p2a: 强力高速炮|spe|1
|
|-heal|p2a: 强力高速炮|98/100|[from] item: Leftovers
|upkeep
|turn|4
|
|t:|1757943520
|-terastallize|p2a: 强力高速炮|Normal
|move|p2a: 强力高速炮|Dragon Dance|p2a: 强力高速炮
|-boost|p2a: 强力高速炮|atk|1
|-boost|p2a: 强力高速炮|spe|1
|move|p1a: Hydrapple|Fickle Beam|p2a: 强力高速炮
|-damage|p2a: 强力高速炮|68/100
|
|-heal|p2a: 强力高速炮|74/100|[from] item: Leftovers
|upkeep
|turn|5
|
|t:|1757943531
|move|p2a: 强力高速炮|Dragon Dance|p2a: 强力高速炮
|-boost|p2a: 强力高速炮|atk|1
|-boost|p2a: 强力高速炮|spe|1
|move|p1a: Hydrapple|Giga Drain|p2a: 强力高速炮
|-damage|p2a: 强力高速炮|45/100
|
|-heal|p2a: 强力高速炮|52/100|[from] item: Leftovers
|upkeep
|turn|6
|
|t:|1757943539
|move|p2a: 强力高速炮|Extreme Speed|p1a: Hydrapple
|-damage|p1a: Hydrapple|42/100
|-damage|p2a: 强力高速炮|35/100|[from] item: Rocky Helmet|[of] p1a: Hydrapple
|move|p1a: Hydrapple|Nasty Plot|p1a: Hydrapple
|-boost|p1a: Hydrapple|spa|2
|
|-heal|p2a: 强力高速炮|41/100|[from] item: Leftovers
|upkeep
|turn|7
|
|t:|1757943549
|switch|p1a: Scizor|Scizor, M|100/100
|move|p2a: 强力高速炮|Extreme Speed|p1a: Scizor
|-resisted|p1a: Scizor
|-crit|p1a: Scizor
|-damage|p1a: Scizor|10/100
|
|-heal|p2a: 强力高速炮|47/100|[from] item: Leftovers
|upkeep
|turn|8
|
|t:|1757943558
|move|p2a: 强力高速炮|Extreme Speed|p1a: Scizor
|-resisted|p1a: Scizor
|-damage|p1a: Scizor|0 fnt
|faint|p1a: Scizor
|
|-heal|p2a: 强力高速炮|54/100|[from] item: Leftovers
|upkeep
|
|t:|1757943566
|switch|p1a: Hydrapple|Hydrapple, M|75/100
|turn|9
|
|t:|1757943570
|move|p2a: 强力高速炮|Scale Shot|p1a: Hydrapple
|-supereffective|p1a: Hydrapple
|-damage|p1a: Hydrapple|33/100
|-supereffective|p1a: Hydrapple
|-damage|p1a: Hydrapple|0 fnt
|faint|p1a: Hydrapple
|-hitcount|p1: Hydrapple|2
|-unboost|p2a: 强力高速炮|def|1
|-boost|p2a: 强力高速炮|spe|1
|
|-heal|p2a: 强力高速炮|60/100|[from] item: Leftovers
|upkeep
|
|t:|1757943573
|switch|p1a: Dragonite|Dragonite, M|100/100
|turn|10
|
|t:|1757943585
|move|p2a: 强力高速炮|Extreme Speed|p1a: Dragonite
|-damage|p1a: Dragonite|39/100
|move|p1a: Dragonite|Extreme Speed|p2a: 强力高速炮
|-damage|p2a: 强力高速炮|13/100
|
|-heal|p2a: 强力高速炮|19/100|[from] item: Leftovers
|upkeep
|turn|11
|
|t:|1757943594
|move|p2a: 强力高速炮|Extreme Speed|p1a: Dragonite
|-damage|p1a: Dragonite|0 fnt
|faint|p1a: Dragonite
|
|-heal|p2a: 强力高速炮|26/100|[from] item: Leftovers
|upkeep
|-message|janeofalltrades forfeited.
|
|win|leosyspu
|raw|janeofalltrades's rating: 1474 &rarr; <strong>1452</strong><br />(-22 for losing)
|raw|leosyspu's rating: 1436 &rarr; <strong>1458</strong><br />(+22 for winning)
|l|☆janeofalltrades
|player|p1|
|l|☆leosyspu
|player|p2|
