|j|☆BrownPangolin
|j|☆The Moz
|t:|1757960296
|gametype|singles
|player|p1|BrownPangolin|169|1073
|player|p2|The Moz|brock|1079
|gen|9
|tier|[Gen 9] OU
|rated|
|rule|HP Percentage Mod: HP is shown in percentages
|rule|Endless Battle Clause: Forcing endless battles is banned
|rule|Species Clause: Limit one of each Pokémon
|rule|OHKO Clause: OHKO moves are banned
|rule|Evasion Items Clause: Evasion items are banned
|rule|Evasion Moves Clause: Evasion moves are banned
|rule|Evasion Abilities Clause: Evasion abilities are banned
|rule|Sleep Moves Clause: Sleep-inducing moves are banned
|clearpoke
|poke|p1|Sandslash, F|
|poke|p1|Tyranitar, F|
|poke|p1|Garganacl, F|
|poke|p1|Skarmory, F|
|poke|p1|Dragapult, F|
|poke|p1|Alomomola, F|
|poke|p2|Glimmora, F|
|poke|p2|Kingambit, F|
|poke|p2|Darkrai|
|poke|p2|Zamazenta-*|
|poke|p2|Dragonite, F|
|poke|p2|Iron Valiant|
|teampreview
|inactive|Battle timer is ON: inactive players will automatically lose when time's up. (requested by BrownPangolin)
|
|t:|1757960314
|teamsize|p1|6
|teamsize|p2|6
|start
|switch|p1a: Alomomola|Alomomola, F|100/100
|switch|p2a: Darkrai|Darkrai|100/100
|turn|1
|
|t:|1757960335
|move|p1a: Alomomola|Protect|p1a: Alomomola
|-singleturn|p1a: Alomomola|Protect
|move|p2a: Darkrai|Dark Pulse|p1a: Alomomola
|-activate|p1a: Alomomola|move: Protect
|
|upkeep
|turn|2
|
|t:|1757960342
|switch|p1a: Tyranitar|Tyranitar, F|100/100
|-weather|Sandstorm|[from] ability: Sand Stream|[of] p1a: Tyranitar
|move|p2a: Darkrai|Dark Pulse|p1a: Tyranitar
|-resisted|p1a: Tyranitar
|-damage|p1a: Tyranitar|92/100
|
|-weather|Sandstorm|[upkeep]
|-damage|p2a: Darkrai|94/100|[from] Sandstorm
|upkeep
|turn|3
|
|t:|1757960354
|switch|p2a: Glimmora|Glimmora, F|100/100
|move|p1a: Tyranitar|Thunder Wave|p2a: Glimmora
|-status|p2a: Glimmora|par
|
|-weather|Sandstorm|[upkeep]
|upkeep
|turn|4
|
|t:|1757960365
|move|p1a: Tyranitar|Knock Off|p2a: Glimmora
|-damage|p2a: Glimmora|46/100 par
|-activate|p2a: Glimmora|ability: Toxic Debris
|-sidestart|p1: BrownPangolin|move: Toxic Spikes
|-enditem|p2a: Glimmora|Focus Sash|[from] move: Knock Off|[of] p1a: Tyranitar
|cant|p2a: Glimmora|par
|
|-weather|Sandstorm|[upkeep]
|upkeep
|turn|5
|
|t:|1757960374
|move|p1a: Tyranitar|Knock Off|p2a: Glimmora
|-damage|p2a: Glimmora|12/100 par
|-activate|p2a: Glimmora|ability: Toxic Debris
|-sidestart|p1: BrownPangolin|move: Toxic Spikes
|move|p2a: Glimmora|Stealth Rock|p1a: Tyranitar
|-sidestart|p1: BrownPangolin|move: Stealth Rock
|
|-weather|Sandstorm|[upkeep]
|upkeep
|turn|6
|
|t:|1757960387
|move|p1a: Tyranitar|Knock Off|p2a: Glimmora
|-damage|p2a: Glimmora|0 fnt
|faint|p2a: Glimmora
|
|-weather|none
|upkeep
|
|t:|1757960408
|switch|p2a: Zamazenta|Zamazenta|100/100
|-ability|p2a: Zamazenta|Dauntless Shield|boost
|-boost|p2a: Zamazenta|def|1
|turn|7
|
|t:|1757960416
|switch|p1a: Dragapult|Dragapult, F|100/100
|move|p2a: Zamazenta|Body Press|p1a: Dragapult
|-immune|p1a: Dragapult
|
|upkeep
|turn|8
|
|t:|1757960423
|move|p1a: Dragapult|Will-O-Wisp|p2a: Zamazenta
|-status|p2a: Zamazenta|brn
|move|p2a: Zamazenta|Crunch|p1a: Dragapult
|-supereffective|p1a: Dragapult
|-damage|p1a: Dragapult|70/100
|-unboost|p1a: Dragapult|def|1
|
|-damage|p2a: Zamazenta|94/100 brn|[from] brn
|upkeep
|turn|9
|
|t:|1757960434
|move|p1a: Dragapult|U-turn|p2a: Zamazenta
|-resisted|p2a: Zamazenta
|-crit|p2a: Zamazenta
|-damage|p2a: Zamazenta|83/100 brn
|
|t:|1757960438
|switch|p1a: Tyranitar|Tyranitar, F|92/100|[from] U-turn
|-weather|Sandstorm|[from] ability: Sand Stream|[of] p1a: Tyranitar
|move|p2a: Zamazenta|Crunch|p1a: Tyranitar
|-resisted|p1a: Tyranitar
|-damage|p1a: Tyranitar|87/100
|
|-weather|Sandstorm|[upkeep]
|-damage|p2a: Zamazenta|77/100 brn|[from] Sandstorm
|-heal|p2a: Zamazenta|83/100 brn|[from] item: Leftovers
|-damage|p2a: Zamazenta|77/100 brn|[from] brn
|upkeep
|turn|10
|
|t:|1757960450
|switch|p1a: Skarmory|Skarmory, F|100/100
|-damage|p1a: Skarmory|88/100|[from] Stealth Rock
|move|p2a: Zamazenta|Body Press|p1a: Skarmory
|-damage|p1a: Skarmory|74/100
|-damage|p2a: Zamazenta|60/100 brn|[from] item: Rocky Helmet|[of] p1a: Skarmory
|
|-weather|Sandstorm|[upkeep]
|-damage|p2a: Zamazenta|54/100 brn|[from] Sandstorm
|-heal|p2a: Zamazenta|60/100 brn|[from] item: Leftovers
|-damage|p2a: Zamazenta|54/100 brn|[from] brn
|upkeep
|turn|11
|
|t:|1757960472
|switch|p2a: Darkrai|Darkrai|94/100
|move|p1a: Skarmory|Spikes|p2a: Darkrai
|-sidestart|p2: The Moz|Spikes
|
|-weather|Sandstorm|[upkeep]
|-damage|p2a: Darkrai|88/100|[from] Sandstorm
|upkeep
|turn|12
|
|t:|1757960489
|switch|p1a: Tyranitar|Tyranitar, F|87/100
|move|p2a: Darkrai|Dark Pulse|p1a: Tyranitar
|-resisted|p1a: Tyranitar
|-damage|p1a: Tyranitar|79/100
|
|-weather|Sandstorm|[upkeep]
|-damage|p2a: Darkrai|82/100|[from] Sandstorm
|upkeep
|turn|13
|
|t:|1757960497
|switch|p2a: Zamazenta|Zamazenta|54/100 brn
|-damage|p2a: Zamazenta|41/100 brn|[from] Spikes
|move|p1a: Tyranitar|Knock Off|p2a: Zamazenta
|-resisted|p2a: Zamazenta
|-damage|p2a: Zamazenta|25/100 brn
|-enditem|p2a: Zamazenta|Leftovers|[from] move: Knock Off|[of] p1a: Tyranitar
|
|-weather|none
|-damage|p2a: Zamazenta|19/100 brn|[from] brn
|upkeep
|turn|14
|
|t:|1757960509
|switch|p1a: Skarmory|Skarmory, F|74/100
|-damage|p1a: Skarmory|62/100|[from] Stealth Rock
|move|p2a: Zamazenta|Crunch|p1a: Skarmory
|-damage|p1a: Skarmory|55/100
|-damage|p2a: Zamazenta|3/100 brn|[from] item: Rocky Helmet|[of] p1a: Skarmory
|
|-damage|p2a: Zamazenta|0 fnt|[from] brn
|faint|p2a: Zamazenta
|upkeep
|inactive|The Moz has 120 seconds left.
|
|t:|1757960534
|switch|p2a: Kingambit|Kingambit, F|100/100
|-damage|p2a: Kingambit|88/100|[from] Spikes
|-activate|p2a: Kingambit|ability: Supreme Overlord
|-start|p2a: Kingambit|fallen2|[silent]
|turn|15
|inactive|The Moz has 120 seconds left.
|
|t:|1757960542
|move|p1a: Skarmory|Roost|p1a: Skarmory
|-heal|p1a: Skarmory|100/100
|-singleturn|p1a: Skarmory|move: Roost
|move|p2a: Kingambit|Swords Dance|p2a: Kingambit
|-boost|p2a: Kingambit|atk|2
|
|upkeep
|turn|16
|
|t:|1757960548
|move|p1a: Skarmory|Iron Defense|p1a: Skarmory
|-boost|p1a: Skarmory|def|2
|move|p2a: Kingambit|Swords Dance|p2a: Kingambit
|-boost|p2a: Kingambit|atk|2
|
|upkeep
|turn|17
|
|t:|1757960557
|move|p1a: Skarmory|Body Press|p2a: Kingambit
|-supereffective|p2a: Kingambit
|-damage|p2a: Kingambit|0 fnt
|faint|p2a: Kingambit
|-end|p2a: Kingambit|fallen2|[silent]
|
|upkeep
|
|t:|1757960564
|switch|p2a: Dragonite|Dragonite, F|100/100
|turn|18
|
|t:|1757960567
|move|p2a: Dragonite|Dragon Dance|p2a: Dragonite
|-boost|p2a: Dragonite|atk|1
|-boost|p2a: Dragonite|spe|1
|move|p1a: Skarmory|Iron Defense|p1a: Skarmory
|-boost|p1a: Skarmory|def|2
|
|upkeep
|turn|19
|
|t:|1757960572
|move|p2a: Dragonite|Dragon Dance|p2a: Dragonite
|-boost|p2a: Dragonite|atk|1
|-boost|p2a: Dragonite|spe|1
|move|p1a: Skarmory|Iron Defense|p1a: Skarmory
|-boost|p1a: Skarmory|def|2
|
|upkeep
|turn|20
|
|t:|1757960579
|move|p2a: Dragonite|Dragon Dance|p2a: Dragonite
|-boost|p2a: Dragonite|atk|1
|-boost|p2a: Dragonite|spe|1
|move|p1a: Skarmory|Body Press|p2a: Dragonite
|-resisted|p2a: Dragonite
|-damage|p2a: Dragonite|67/100
|
|upkeep
|turn|21
|
|t:|1757960588
|move|p2a: Dragonite|Ice Spinner|p1a: Skarmory
|-damage|p1a: Skarmory|87/100
|-damage|p2a: Dragonite|51/100|[from] item: Rocky Helmet|[of] p1a: Skarmory
|move|p1a: Skarmory|Body Press|p2a: Dragonite
|-resisted|p2a: Dragonite
|-damage|p2a: Dragonite|0 fnt
|faint|p2a: Dragonite
|
|upkeep
|
|t:|1757960598
|switch|p2a: Iron Valiant|Iron Valiant|100/100
|-damage|p2a: Iron Valiant|88/100|[from] Spikes
|-enditem|p2a: Iron Valiant|Booster Energy
|-activate|p2a: Iron Valiant|ability: Quark Drive|[fromitem]
|-start|p2a: Iron Valiant|quarkdrivespe
|turn|22
|
|t:|1757960611
|move|p2a: Iron Valiant|Shadow Ball|p1a: Skarmory
|-damage|p1a: Skarmory|50/100
|move|p1a: Skarmory|Body Press|p2a: Iron Valiant
|-resisted|p2a: Iron Valiant
|-damage|p2a: Iron Valiant|12/100
|
|upkeep
|turn|23
|
|t:|1757960618
|move|p2a: Iron Valiant|Shadow Ball|p1a: Skarmory
|-damage|p1a: Skarmory|14/100
|-unboost|p1a: Skarmory|spd|1
|move|p1a: Skarmory|Roost|p1a: Skarmory
|-heal|p1a: Skarmory|64/100
|-singleturn|p1a: Skarmory|move: Roost
|
|upkeep
|turn|24
|
|t:|1757960627
|move|p2a: Iron Valiant|Shadow Ball|p1a: Skarmory
|-damage|p1a: Skarmory|14/100
|move|p1a: Skarmory|Body Press|p2a: Iron Valiant
|-resisted|p2a: Iron Valiant
|-damage|p2a: Iron Valiant|0 fnt
|faint|p2a: Iron Valiant
|-end|p2a: Iron Valiant|Quark Drive|[silent]
|
|upkeep
|
|t:|1757960634
|switch|p2a: Darkrai|Darkrai|82/100
|-damage|p2a: Darkrai|70/100|[from] Spikes
|turn|25
|
|t:|1757960648
|move|p2a: Darkrai|Dark Pulse|p1a: Skarmory
|-damage|p1a: Skarmory|0 fnt
|faint|p1a: Skarmory
|
|upkeep
|
|t:|1757960650
|switch|p1a: Dragapult|Dragapult, F|70/100
|turn|26
|
|t:|1757960653
|move|p2a: Darkrai|Dark Pulse|p1a: Dragapult
|-supereffective|p1a: Dragapult
|-damage|p1a: Dragapult|0 fnt
|faint|p1a: Dragapult
|
|upkeep
|
|t:|1757960658
|switch|p1a: Garganacl|Garganacl, F|100/100
|turn|27
|
|t:|1757960662
|move|p2a: Darkrai|Dark Pulse|p1a: Garganacl
|-damage|p1a: Garganacl|74/100
|cant|p1a: Garganacl|flinch
|
|upkeep
|turn|28
|
|t:|1757960667
|move|p2a: Darkrai|Dark Pulse|p1a: Garganacl
|-damage|p1a: Garganacl|46/100
|move|p1a: Garganacl|Salt Cure|p2a: Darkrai
|-crit|p2a: Darkrai
|-damage|p2a: Darkrai|41/100
|-start|p2a: Darkrai|Salt Cure
|
|-damage|p2a: Darkrai|29/100|[from] Salt Cure
|upkeep
|turn|29
|
|t:|1757960675
|move|p1a: Garganacl|Protect|p1a: Garganacl
|-singleturn|p1a: Garganacl|Protect
|move|p2a: Darkrai|Dark Pulse|p1a: Garganacl
|-activate|p1a: Garganacl|move: Protect
|
|-damage|p2a: Darkrai|16/100|[from] Salt Cure
|upkeep
|turn|30
|
|t:|1757960690
|move|p2a: Darkrai|Dark Pulse|p1a: Garganacl
|-damage|p1a: Garganacl|15/100
|cant|p1a: Garganacl|flinch
|
|-damage|p2a: Darkrai|4/100|[from] Salt Cure
|upkeep
|turn|31
|
|t:|1757960696
|move|p1a: Garganacl|Protect|p1a: Garganacl
|-singleturn|p1a: Garganacl|Protect
|move|p2a: Darkrai|Dark Pulse|p1a: Garganacl
|-activate|p1a: Garganacl|move: Protect
|
|-damage|p2a: Darkrai|0 fnt|[from] Salt Cure
|faint|p2a: Darkrai
|
|win|BrownPangolin
|raw|BrownPangolin's rating: 1073 &rarr; <strong>1103</strong><br />(+30 for winning)
|raw|The Moz's rating: 1079 &rarr; <strong>1057</strong><br />(-22 for losing)
