|j|☆0zack0
|j|☆harc
|t:|1757819406
|gametype|singles
|player|p1|0zack0|170|1334
|player|p2|harc|lady|1300
|gen|9
|tier|[Gen 9] OU
|rated|
|rule|HP Percentage Mod: HP is shown in percentages
|rule|Endless Battle Clause: Forcing endless battles is banned
|rule|Species Clause: Limit one of each Pokémon
|rule|OHKO Clause: OHKO moves are banned
|rule|Evasion Items Clause: Evasion items are banned
|rule|Evasion Moves Clause: Evasion moves are banned
|rule|Evasion Abilities Clause: Evasion abilities are banned
|rule|Sleep Moves Clause: Sleep-inducing moves are banned
|clearpoke
|poke|p1|Ogerpon-Wellspring, F|
|poke|p1|Kingambit, M|
|poke|p1|Landorus-Therian, M|
|poke|p1|Glimmora, F|
|poke|p1|Dragapult, F|
|poke|p1|Iron Valiant|
|poke|p2|Corviknight, F|
|poke|p2|Clefable, F|
|poke|p2|Tyranitar, M|
|poke|p2|Dondozo, M|
|poke|p2|Scrafty, M|
|poke|p2|Forretress, F|
|teampreview
|
|t:|1757819436
|teamsize|p1|6
|teamsize|p2|6
|start
|switch|p1a: Dragapult|Dragapult, F|100/100
|switch|p2a: Scrafty|Scrafty, M|100/100
|-ability|p2a: Scrafty|Intimidate|boost
|-fail|p1a: Dragapult|unboost|[from] ability: Clear Body|[of] p1a: Dragapult
|turn|1
|
|t:|1757819467
|move|p1a: Dragapult|U-turn|p2a: Scrafty
|-damage|p2a: Scrafty|88/100
|
|t:|1757819471
|switch|p1a: Landorus|Landorus-Therian, M|100/100|[from] U-turn
|-ability|p1a: Landorus|Intimidate|boost
|-unboost|p2a: Scrafty|atk|1
|move|p2a: Scrafty|Knock Off|p1a: Landorus
|-damage|p1a: Landorus|81/100
|-damage|p2a: Scrafty|72/100|[from] item: Rocky Helmet|[of] p1a: Landorus
|-enditem|p1a: Landorus|Rocky Helmet|[from] move: Knock Off|[of] p2a: Scrafty
|
|upkeep
|turn|2
|
|t:|1757819509
|switch|p2a: Forretress|Forretress, F|100/100
|move|p1a: Landorus|Stealth Rock|p2a: Forretress
|-sidestart|p2: harc|move: Stealth Rock
|
|upkeep
|turn|3
|
|t:|1757819515
|move|p1a: Landorus|U-turn|p2a: Forretress
|-resisted|p2a: Forretress
|-damage|p2a: Forretress|93/100
|
|t:|1757819519
|switch|p1a: Dragapult|Dragapult, F|100/100|[from] U-turn
|move|p2a: Forretress|Rapid Spin|p1a: Dragapult
|-immune|p1a: Dragapult
|
|upkeep
|turn|4
|inactive|Battle timer is ON: inactive players will automatically lose when time's up. (requested by harc)
|
|t:|1757819543
|move|p1a: Dragapult|Flamethrower|p2a: Forretress
|-supereffective|p2a: Forretress
|-damage|p2a: Forretress|0 fnt
|faint|p2a: Forretress
|
|upkeep
|
|t:|1757819549
|switch|p2a: Tyranitar|Tyranitar, M|100/100
|-damage|p2a: Tyranitar|88/100|[from] Stealth Rock
|-weather|Sandstorm|[from] ability: Sand Stream|[of] p2a: Tyranitar
|turn|5
|
|t:|1757819555
|switch|p1a: Landorus|Landorus-Therian, M|81/100
|-ability|p1a: Landorus|Intimidate|boost
|-unboost|p2a: Tyranitar|atk|1
|move|p2a: Tyranitar|Ice Punch|p1a: Landorus
|-supereffective|p1a: Landorus
|-damage|p1a: Landorus|24/100
|-status|p1a: Landorus|frz
|
|-weather|Sandstorm|[upkeep]
|upkeep
|turn|6
|inactive|0zack0 has 120 seconds left.
|
|t:|1757819586
|switch|p1a: Iron Valiant|Iron Valiant|100/100
|-enditem|p1a: Iron Valiant|Booster Energy
|-activate|p1a: Iron Valiant|ability: Quark Drive|[fromitem]
|-start|p1a: Iron Valiant|quarkdrivespe
|move|p2a: Tyranitar|Ice Punch|p1a: Iron Valiant
|-damage|p1a: Iron Valiant|81/100
|
|-weather|Sandstorm|[upkeep]
|-damage|p1a: Iron Valiant|75/100|[from] Sandstorm
|upkeep
|turn|7
|inactive|0zack0 has 120 seconds left.
|
|t:|1757819615
|move|p1a: Iron Valiant|Knock Off|p2a: Tyranitar
|-resisted|p2a: Tyranitar
|-damage|p2a: Tyranitar|76/100
|-enditem|p2a: Tyranitar|Assault Vest|[from] move: Knock Off|[of] p1a: Iron Valiant
|move|p2a: Tyranitar|Stone Edge|p1a: Iron Valiant
|-resisted|p1a: Iron Valiant
|-damage|p1a: Iron Valiant|55/100
|
|-weather|Sandstorm|[upkeep]
|-damage|p1a: Iron Valiant|49/100|[from] Sandstorm
|upkeep
|turn|8
|c|☆harc|Do you realle have to think 20 seconds every move
|c|☆harc|You are not in the olympica
|c|☆harc|Olympics
|c|☆0zack0|gg
|inactive|harc has 120 seconds left.
|
|t:|1757819646
|switch|p2a: Scrafty|Scrafty, M|72/100
|-damage|p2a: Scrafty|66/100|[from] Stealth Rock
|-ability|p2a: Scrafty|Intimidate|boost
|-unboost|p1a: Iron Valiant|atk|1
|move|p1a: Iron Valiant|Swords Dance|p1a: Iron Valiant
|-boost|p1a: Iron Valiant|atk|2
|
|-weather|Sandstorm|[upkeep]
|-damage|p1a: Iron Valiant|42/100|[from] Sandstorm
|-damage|p2a: Scrafty|60/100|[from] Sandstorm
|upkeep
|turn|9
|inactive|harc has 120 seconds left.
|c|☆harc|Yea yea
|inactive|0zack0 has 90 seconds left.
|
|t:|1757819678
|switch|p2a: Dondozo|Dondozo, M|100/100
|-damage|p2a: Dondozo|88/100|[from] Stealth Rock
|move|p1a: Iron Valiant|Spirit Break|p2a: Dondozo
|-damage|p2a: Dondozo|70/100
|-unboost|p2a: Dondozo|spa|1
|
|-weather|none
|-heal|p2a: Dondozo|76/100|[from] item: Leftovers
|upkeep
|turn|10
|inactive|0zack0 has 90 seconds left.
|inactive|harc has 120 seconds left.
|
|t:|1757819691
|move|p1a: Iron Valiant|Knock Off|p2a: Dondozo
|-damage|p2a: Dondozo|61/100
|-enditem|p2a: Dondozo|Leftovers|[from] move: Knock Off|[of] p1a: Iron Valiant
|move|p2a: Dondozo|Liquidation|p1a: Iron Valiant
|-damage|p1a: Iron Valiant|3/100
|-unboost|p1a: Iron Valiant|def|1
|
|upkeep
|turn|11
|inactive|0zack0 has 90 seconds left.
|inactive|harc has 120 seconds left.
|
|t:|1757819716
|move|p1a: Iron Valiant|Encore|p2a: Dondozo
|-start|p2a: Dondozo|Encore
|move|p2a: Dondozo|Liquidation|p1a: Iron Valiant
|-damage|p1a: Iron Valiant|0 fnt
|faint|p1a: Iron Valiant
|-end|p1a: Iron Valiant|Quark Drive|[silent]
|
|upkeep
|
|t:|1757819723
|switch|p1a: Ogerpon|Ogerpon-Wellspring, F|100/100
|turn|12
|inactive|harc has 120 seconds left.
|inactive|0zack0 has 60 seconds left.
|
|t:|1757819743
|-terastallize|p2a: Dondozo|Dragon
|move|p1a: Ogerpon|Ivy Cudgel|p2a: Dondozo|[anim] Ivy Cudgel Water
|-resisted|p2a: Dondozo
|-crit|p2a: Dondozo
|-damage|p2a: Dondozo|42/100
|move|p2a: Dondozo|Liquidation|p1a: Ogerpon
|-immune|p1a: Ogerpon|[from] ability: Water Absorb
|
|upkeep
|turn|13
|inactive|0zack0 has 60 seconds left.
|inactive|harc has 120 seconds left.
|
|t:|1757819757
|switch|p2a: Clefable|Clefable, F|100/100
|-damage|p2a: Clefable|88/100|[from] Stealth Rock
|move|p1a: Ogerpon|Play Rough|p2a: Clefable
|-damage|p2a: Clefable|63/100
|
|-heal|p2a: Clefable|69/100|[from] item: Leftovers
|upkeep
|turn|14
|inactive|0zack0 has 60 seconds left.
|inactive|harc has 120 seconds left.
|
|t:|1757819769
|-terastallize|p1a: Ogerpon|Water
|detailschange|p1a: Ogerpon|Ogerpon-Wellspring-Tera, F, tera:Water
|-ability|p1a: Ogerpon|Embody Aspect (Wellspring)|boost
|-boost|p1a: Ogerpon|spd|1
|move|p1a: Ogerpon|Ivy Cudgel|p2a: Clefable|[anim] Ivy Cudgel Water
|-crit|p2a: Clefable
|-damage|p2a: Clefable|0 fnt
|faint|p2a: Clefable
|
|upkeep
|inactive|harc has 120 seconds left.
|
|t:|1757819779
|switch|p2a: Scrafty|Scrafty, M|60/100
|-damage|p2a: Scrafty|54/100|[from] Stealth Rock
|-ability|p2a: Scrafty|Intimidate|boost
|-unboost|p1a: Ogerpon|atk|1
|turn|15
|inactive|0zack0 has 60 seconds left.
|inactive|harc has 120 seconds left.
|c|☆0zack0|you're really good
|c|☆0zack0|are you an olympian
|inactive|0zack0 has 30 seconds left.
|inactive|0zack0 has 20 seconds left.
|
|t:|1757819835
|move|p2a: Scrafty|Fake Out|p1a: Ogerpon
|-damage|p1a: Ogerpon|89/100
|cant|p1a: Ogerpon|flinch
|
|upkeep
|turn|16
|inactive|0zack0 has 30 seconds left this turn.
|c|☆harc|Yes are all your pokemon with the super luck ability
|inactive|0zack0 has 20 seconds left.
|
|t:|1757819845
|move|p1a: Ogerpon|Play Rough|p2a: Scrafty
|-supereffective|p2a: Scrafty
|-damage|p2a: Scrafty|0 fnt
|faint|p2a: Scrafty
|
|upkeep
|
|t:|1757819855
|switch|p2a: Corviknight|Corviknight, F|100/100
|-damage|p2a: Corviknight|88/100|[from] Stealth Rock
|turn|17
|c|☆0zack0|its a good ability
|inactive|0zack0 has 30 seconds left.
|inactive|0zack0 has 20 seconds left.
|c|☆harc|Yes it seems your ogreshit
|c|☆harc|Is using it
|inactive|0zack0 has 15 seconds left.
|
|t:|1757819879
|switch|p1a: Landorus|Landorus-Therian, M|24/100 frz
|-ability|p1a: Landorus|Intimidate|boost
|-ability|p2a: Corviknight|Mirror Armor
|-unboost|p1a: Landorus|atk|1
|move|p2a: Corviknight|Bulk Up|p2a: Corviknight
|-boost|p2a: Corviknight|atk|1
|-boost|p2a: Corviknight|def|1
|
|-heal|p2a: Corviknight|94/100|[from] item: Leftovers
|upkeep
|turn|18
|inactive|0zack0 has 25 seconds left this turn.
|inactive|0zack0 has 20 seconds left.
|inactive|0zack0 has 15 seconds left.
|inactive|0zack0 has 10 seconds left.
|
|t:|1757819895
|switch|p1a: Dragapult|Dragapult, F|100/100
|move|p2a: Corviknight|Bulk Up|p2a: Corviknight
|-boost|p2a: Corviknight|atk|1
|-boost|p2a: Corviknight|def|1
|
|-heal|p2a: Corviknight|100/100|[from] item: Leftovers
|upkeep
|turn|19
|inactive|0zack0 has 20 seconds left this turn.
|inactive|0zack0 has 15 seconds left.
|inactive|0zack0 has 10 seconds left.
|
|t:|1757819906
|move|p1a: Dragapult|Flamethrower|p2a: Corviknight
|-supereffective|p2a: Corviknight
|-crit|p2a: Corviknight
|-damage|p2a: Corviknight|17/100
|move|p2a: Corviknight|Power Trip|p1a: Dragapult
|-supereffective|p1a: Dragapult
|-damage|p1a: Dragapult|0 fnt
|faint|p1a: Dragapult
|
|-heal|p2a: Corviknight|23/100|[from] item: Leftovers
|upkeep
|inactive|0zack0 has 15 seconds left this turn.
|inactive|0zack0 has 10 seconds left.
|inactive|0zack0 has 5 seconds left.
|
|t:|1757819918
|switch|p1a: Kingambit|Kingambit, M|100/100
|-activate|p1a: Kingambit|ability: Supreme Overlord
|-start|p1a: Kingambit|fallen2|[silent]
|turn|20
|inactive|0zack0 has 15 seconds left this turn.
|inactive|0zack0 has 10 seconds left.
|
|t:|1757819924
|move|p2a: Corviknight|Roost|p2a: Corviknight
|-heal|p2a: Corviknight|73/100
|-singleturn|p2a: Corviknight|move: Roost
|move|p1a: Kingambit|Kowtow Cleave|p2a: Corviknight
|-damage|p2a: Corviknight|47/100
|
|-heal|p2a: Corviknight|54/100|[from] item: Leftovers
|upkeep
|turn|21
|inactive|0zack0 has 20 seconds left this turn.
|inactive|0zack0 has 15 seconds left.
|inactive|0zack0 has 10 seconds left.
|
|t:|1757819935
|move|p2a: Corviknight|Body Press|p1a: Kingambit
|-supereffective|p1a: Kingambit
|-damage|p1a: Kingambit|0 fnt
|faint|p1a: Kingambit
|-end|p1a: Kingambit|fallen2|[silent]
|
|-heal|p2a: Corviknight|60/100|[from] item: Leftovers
|upkeep
|inactive|0zack0 has 15 seconds left this turn.
|inactive|0zack0 has 10 seconds left.
|
|t:|1757819944
|switch|p1a: Ogerpon|Ogerpon-Wellspring-Tera, F, tera:Water|89/100
|-ability|p1a: Ogerpon|Embody Aspect (Wellspring)|boost
|-boost|p1a: Ogerpon|spd|1
|turn|22
|inactive|0zack0 has 20 seconds left this turn.
|inactive|0zack0 has 15 seconds left.
|
|t:|1757819950
|move|p1a: Ogerpon|Ivy Cudgel|p2a: Corviknight|[anim] Ivy Cudgel Water
|-damage|p2a: Corviknight|26/100
|move|p2a: Corviknight|Power Trip|p1a: Ogerpon
|-damage|p1a: Ogerpon|34/100
|
|-heal|p2a: Corviknight|32/100|[from] item: Leftovers
|upkeep
|turn|23
|inactive|0zack0 has 25 seconds left this turn.
|inactive|0zack0 has 20 seconds left.
|
|t:|1757819960
|move|p1a: Ogerpon|Ivy Cudgel|p2a: Corviknight|[anim] Ivy Cudgel Water
|-damage|p2a: Corviknight|1/100
|move|p2a: Corviknight|Roost|p2a: Corviknight
|-heal|p2a: Corviknight|51/100
|-singleturn|p2a: Corviknight|move: Roost
|
|-heal|p2a: Corviknight|57/100|[from] item: Leftovers
|upkeep
|turn|24
|inactive|0zack0 has 30 seconds left this turn.
|
|t:|1757819969
|move|p1a: Ogerpon|Ivy Cudgel|p2a: Corviknight|[anim] Ivy Cudgel Water
|-damage|p2a: Corviknight|26/100
|move|p2a: Corviknight|Roost|p2a: Corviknight
|-heal|p2a: Corviknight|76/100
|-singleturn|p2a: Corviknight|move: Roost
|
|-heal|p2a: Corviknight|82/100|[from] item: Leftovers
|upkeep
|turn|25
|inactive|0zack0 has 30 seconds left.
|
|t:|1757819979
|move|p1a: Ogerpon|Ivy Cudgel|p2a: Corviknight|[anim] Ivy Cudgel Water
|-damage|p2a: Corviknight|48/100
|move|p2a: Corviknight|Roost|p2a: Corviknight
|-heal|p2a: Corviknight|98/100
|-singleturn|p2a: Corviknight|move: Roost
|
|-heal|p2a: Corviknight|100/100|[from] item: Leftovers
|upkeep
|turn|26
|
|t:|1757819989
|move|p1a: Ogerpon|Ivy Cudgel|p2a: Corviknight|[anim] Ivy Cudgel Water
|-crit|p2a: Corviknight
|-damage|p2a: Corviknight|4/100
|move|p2a: Corviknight|Power Trip|p1a: Ogerpon
|-damage|p1a: Ogerpon|0 fnt
|faint|p1a: Ogerpon
|detailschange|p1: Ogerpon|Ogerpon-Wellspring, F|[silent]
|
|-heal|p2a: Corviknight|10/100|[from] item: Leftovers
|upkeep
|c|☆harc|Jajajaaj
|c|☆harc|What a joke
|inactive|0zack0 has 30 seconds left.
|
|t:|1757820000
|switch|p1a: Glimmora|Glimmora, F|100/100
|turn|27
|
|t:|1757820005
|move|p1a: Glimmora|Meteor Beam||[still]
|-prepare|p1a: Glimmora|Meteor Beam
|-boost|p1a: Glimmora|spa|1
|-enditem|p1a: Glimmora|Power Herb
|-anim|p1a: Glimmora|Meteor Beam|p2a: Corviknight
|-damage|p2a: Corviknight|0 fnt
|faint|p2a: Corviknight
|
|upkeep
|
|t:|1757820015
|switch|p2a: Dondozo|Dondozo, M, tera:Dragon|42/100
|-damage|p2a: Dondozo|29/100|[from] Stealth Rock
|turn|28
|
|t:|1757820022
|move|p1a: Glimmora|Mortal Spin|p2a: Dondozo
|-damage|p2a: Dondozo|26/100
|-status|p2a: Dondozo|psn
|move|p2a: Dondozo|Bulldoze|p1a: Glimmora
|-supereffective|p1a: Glimmora
|-damage|p1a: Glimmora|28/100
|-unboost|p1a: Glimmora|spe|1
|-activate|p1a: Glimmora|ability: Toxic Debris
|-sidestart|p2: harc|move: Toxic Spikes
|
|-damage|p2a: Dondozo|14/100 psn|[from] psn
|upkeep
|turn|29
|
|t:|1757820039
|move|p1a: Glimmora|Earth Power|p2a: Dondozo
|-damage|p2a: Dondozo|0 fnt
|faint|p2a: Dondozo
|
|upkeep
|c|☆harc|Ogresh super lucl
|c|☆harc|3 crits
|c|☆harc|Or 4
|c|☆harc|Idk
|c|☆harc|Lame
|
|t:|1757820056
|switch|p2a: Tyranitar|Tyranitar, M|76/100
|-damage|p2a: Tyranitar|64/100|[from] Stealth Rock
|-status|p2a: Tyranitar|psn
|-weather|Sandstorm|[from] ability: Sand Stream|[of] p2a: Tyranitar
|turn|30
|
|t:|1757820072
|move|p1a: Glimmora|Earth Power|p2a: Tyranitar
|-supereffective|p2a: Tyranitar
|-damage|p2a: Tyranitar|21/100 psn
|move|p2a: Tyranitar|Stone Edge|p1a: Glimmora
|-crit|p1a: Glimmora
|-damage|p1a: Glimmora|0 fnt
|-activate|p1a: Glimmora|ability: Toxic Debris
|-sidestart|p2: harc|move: Toxic Spikes
|faint|p1a: Glimmora
|
|-weather|Sandstorm|[upkeep]
|-damage|p2a: Tyranitar|8/100 psn|[from] psn
|upkeep
|
|t:|1757820084
|switch|p1a: Landorus|Landorus-Therian, M|24/100 frz
|-ability|p1a: Landorus|Intimidate|boost
|-unboost|p2a: Tyranitar|atk|1
|turn|31
|
|t:|1757820095
|cant|p1a: Landorus|frz
|move|p2a: Tyranitar|Ice Punch|p1a: Landorus
|-supereffective|p1a: Landorus
|-damage|p1a: Landorus|0 fnt
|faint|p1a: Landorus
|
|win|harc
|raw|0zack0's rating: 1334 &rarr; <strong>1312</strong><br />(-22 for losing)
|raw|harc's rating: 1300 &rarr; <strong>1327</strong><br />(+27 for winning)
|c|☆harc|Gg
|l|☆0zack0
|player|p1|
|l|☆harc
|player|p2|
