|j|☆LVL62Monoco
|j|☆OCD COD
|t:|1757794574
|gametype|singles
|player|p1|LVL62Monoco|265|1499
|player|p2|OCD COD|youngster-gen6xy|1548
|gen|9
|tier|[Gen 9] OU
|rated|
|rule|HP Percentage Mod: HP is shown in percentages
|rule|Endless Battle Clause: Forcing endless battles is banned
|rule|Species Clause: Limit one of each Pokémon
|rule|OHKO Clause: OHKO moves are banned
|rule|Evasion Items Clause: Evasion items are banned
|rule|Evasion Moves Clause: Evasion moves are banned
|rule|Evasion Abilities Clause: Evasion abilities are banned
|rule|Sleep Moves Clause: Sleep-inducing moves are banned
|clearpoke
|poke|p1|Grimmsnarl, M|
|poke|p1|Ursaluna, M|
|poke|p1|Slowbro-Galar, M|
|poke|p1|Iron Hands|
|poke|p1|Kingambit, F|
|poke|p1|Enamorus-Therian, F|
|poke|p2|Chesnaught, F|
|poke|p2|Darkrai|
|poke|p2|Araquanid, F|
|poke|p2|Gholdengo|
|poke|p2|Enamorus, F|
|poke|p2|Kleavor, F|
|teampreview
|
|t:|1757794585
|teamsize|p1|6
|teamsize|p2|6
|start
|switch|p1a: Grimmsnarl|Grimmsnarl, M|100/100
|switch|p2a: Kleavor|Kleavor, F|100/100
|turn|1
|
|t:|1757794592
|move|p1a: Grimmsnarl|Reflect|p1a: Grimmsnarl
|-sidestart|p1: LVL62Monoco|Reflect
|move|p2a: Kleavor|Swords Dance|p2a: Kleavor
|-boost|p2a: Kleavor|atk|2
|
|upkeep
|turn|2
|
|t:|1757794597
|move|p1a: Grimmsnarl|Parting Shot|p2a: Kleavor
|-unboost|p2a: Kleavor|atk|1
|-unboost|p2a: Kleavor|spa|1
|
|t:|1757794602
|switch|p1a: Iron Hands|Iron Hands|100/100|[from] Parting Shot
|move|p2a: Kleavor|Stone Axe|p1a: Iron Hands
|-resisted|p1a: Iron Hands
|-damage|p1a: Iron Hands|89/100
|-sidestart|p1: LVL62Monoco|move: Stealth Rock
|
|upkeep
|turn|3
|-activate|p1a: Iron Hands|item: Quick Claw
|
|t:|1757794621
|move|p1a: Iron Hands|Wild Charge|p2a: Kleavor
|-damage|p2a: Kleavor|30/100
|-damage|p1a: Iron Hands|79/100|[from] Recoil
|move|p2a: Kleavor|Swords Dance|p2a: Kleavor
|-boost|p2a: Kleavor|atk|2
|
|upkeep
|turn|4
|
|t:|1757794636
|move|p2a: Kleavor|X-Scissor|p1a: Iron Hands
|-resisted|p1a: Iron Hands
|-damage|p1a: Iron Hands|54/100
|move|p1a: Iron Hands|Close Combat|p2a: Kleavor
|-damage|p2a: Kleavor|0 fnt
|-unboost|p1a: Iron Hands|def|1
|-unboost|p1a: Iron Hands|spd|1
|faint|p2a: Kleavor
|
|upkeep
|
|t:|1757794646
|switch|p2a: Gholdengo|Gholdengo|100/100
|-item|p2a: Gholdengo|Air Balloon
|turn|5
|
|t:|1757794653
|-end|p1a: Iron Hands|Quark Drive|[silent]
|switch|p1a: Kingambit|Kingambit, F|100/100
|-damage|p1a: Kingambit|94/100|[from] Stealth Rock
|move|p2a: Gholdengo|Shadow Ball|p1a: Kingambit
|-resisted|p1a: Kingambit
|-damage|p1a: Kingambit|72/100
|-unboost|p1a: Kingambit|spd|1
|
|upkeep
|turn|6
|
|t:|1757794665
|-end|p1a: Kingambit|fallenundefined|[silent]
|switch|p1a: Grimmsnarl|Grimmsnarl, M|100/100
|-damage|p1a: Grimmsnarl|88/100|[from] Stealth Rock
|move|p2a: Gholdengo|Focus Blast|p1a: Grimmsnarl|[miss]
|-miss|p2a: Gholdengo|p1a: Grimmsnarl
|
|upkeep
|turn|7
|
|t:|1757794673
|move|p1a: Grimmsnarl|Light Screen|p1a: Grimmsnarl
|-sidestart|p1: LVL62Monoco|move: Light Screen
|move|p2a: Gholdengo|Nasty Plot|p2a: Gholdengo
|-boost|p2a: Gholdengo|spa|2
|
|upkeep
|turn|8
|
|t:|1757794680
|move|p1a: Grimmsnarl|Parting Shot|p2a: Gholdengo
|-immune|p2a: Gholdengo|[from] ability: Good as Gold
|move|p2a: Gholdengo|Make It Rain|p1a: Grimmsnarl
|-supereffective|p1a: Grimmsnarl
|-damage|p1a: Grimmsnarl|0 fnt
|-unboost|p2a: Gholdengo|spa|1
|faint|p1a: Grimmsnarl
|
|-sideend|p1: LVL62Monoco|Reflect
|upkeep
|
|t:|1757794698
|switch|p1a: Enamorus|Enamorus-Therian, F|100/100
|-damage|p1a: Enamorus|76/100|[from] Stealth Rock
|turn|9
|
|t:|1757794706
|-terastallize|p1a: Enamorus|Fire
|move|p2a: Gholdengo|Make It Rain|p1a: Enamorus
|-resisted|p1a: Enamorus
|-damage|p1a: Enamorus|52/100
|-unboost|p2a: Gholdengo|spa|1
|move|p1a: Enamorus|Calm Mind|p1a: Enamorus
|-boost|p1a: Enamorus|spa|1
|-boost|p1a: Enamorus|spd|1
|
|upkeep
|turn|10
|
|t:|1757794719
|move|p2a: Gholdengo|Shadow Ball|p1a: Enamorus
|-damage|p1a: Enamorus|39/100
|move|p1a: Enamorus|Mystical Fire|p2a: Gholdengo
|-supereffective|p2a: Gholdengo
|-damage|p2a: Gholdengo|0 fnt
|-enditem|p2a: Gholdengo|Air Balloon
|faint|p2a: Gholdengo
|
|upkeep
|
|t:|1757794727
|switch|p2a: Araquanid|Araquanid, F|100/100
|turn|11
|
|t:|1757794736
|move|p1a: Enamorus|Moonblast|p2a: Araquanid
|-damage|p2a: Araquanid|37/100
|move|p2a: Araquanid|Surf|p1a: Enamorus
|-supereffective|p1a: Enamorus
|-damage|p1a: Enamorus|2/100
|
|upkeep
|turn|12
|-activate|p1a: Enamorus|item: Quick Claw
|
|t:|1757794742
|move|p2a: Araquanid|Endure|p2a: Araquanid
|-singleturn|p2a: Araquanid|move: Endure
|move|p1a: Enamorus|Moonblast|p2a: Araquanid
|-activate|p2a: Araquanid|move: Endure
|-damage|p2a: Araquanid|1/100
|-unboost|p2a: Araquanid|spa|1
|
|upkeep
|turn|13
|-enditem|p2a: Araquanid|Custap Berry|[eat]
|-activate|p2a: Araquanid|item: Custap Berry|[consumed]
|
|t:|1757794750
|move|p2a: Araquanid|Surf|p1a: Enamorus
|-supereffective|p1a: Enamorus
|-damage|p1a: Enamorus|0 fnt
|faint|p1a: Enamorus
|
|upkeep
|
|t:|1757794759
|switch|p1a: Slowbro|Slowbro-Galar, M|100/100
|-damage|p1a: Slowbro|88/100|[from] Stealth Rock
|turn|14
|-activate|p1a: Slowbro|ability: Quick Draw
|
|t:|1757794767
|move|p1a: Slowbro|Sludge Bomb|p2a: Araquanid
|-damage|p2a: Araquanid|0 fnt
|faint|p2a: Araquanid
|
|-sideend|p1: LVL62Monoco|move: Light Screen
|upkeep
|
|t:|1757794770
|switch|p2a: Darkrai|Darkrai|100/100
|turn|15
|
|t:|1757794779
|move|p2a: Darkrai|Dark Pulse|p1a: Slowbro
|-supereffective|p1a: Slowbro
|-damage|p1a: Slowbro|0 fnt
|faint|p1a: Slowbro
|-damage|p2a: Darkrai|91/100|[from] item: Life Orb
|
|upkeep
|
|t:|1757794788
|switch|p1a: Kingambit|Kingambit, F|72/100
|-damage|p1a: Kingambit|66/100|[from] Stealth Rock
|-activate|p1a: Kingambit|ability: Supreme Overlord
|-start|p1a: Kingambit|fallen3|[silent]
|turn|16
|
|t:|1757794793
|move|p2a: Darkrai|Dark Pulse|p1a: Kingambit
|-resisted|p1a: Kingambit
|-damage|p1a: Kingambit|41/100
|-damage|p2a: Darkrai|81/100|[from] item: Life Orb
|move|p1a: Kingambit|Low Kick|p2a: Darkrai
|-supereffective|p2a: Darkrai
|-damage|p2a: Darkrai|0 fnt
|faint|p2a: Darkrai
|
|upkeep
|
|t:|1757794799
|switch|p2a: Chesnaught|Chesnaught, F|100/100
|turn|17
|
|t:|1757794805
|move|p2a: Chesnaught|Drain Punch|p1a: Kingambit
|-supereffective|p1a: Kingambit
|-damage|p1a: Kingambit|0 fnt
|faint|p1a: Kingambit
|-end|p1a: Kingambit|fallen3|[silent]
|
|upkeep
|
|t:|1757794817
|switch|p1a: Iron Hands|Iron Hands|54/100
|-damage|p1a: Iron Hands|48/100|[from] Stealth Rock
|turn|18
|
|t:|1757794828
|move|p2a: Chesnaught|Belly Drum|p2a: Chesnaught
|-damage|p2a: Chesnaught|50/100
|-setboost|p2a: Chesnaught|atk|6|[from] move: Belly Drum
|-enditem|p2a: Chesnaught|Sitrus Berry|[eat]
|-heal|p2a: Chesnaught|75/100|[from] item: Sitrus Berry
|move|p1a: Iron Hands|Swords Dance|p1a: Iron Hands
|-boost|p1a: Iron Hands|atk|2
|
|upkeep
|turn|19
|
|t:|1757794837
|move|p2a: Chesnaught|Drain Punch|p1a: Iron Hands
|-damage|p1a: Iron Hands|0 fnt
|-heal|p2a: Chesnaught|100/100|[from] drain|[of] p1a: Iron Hands
|faint|p1a: Iron Hands
|-end|p1a: Iron Hands|Quark Drive|[silent]
|
|upkeep
|-message|LVL62Monoco forfeited.
|
|win|OCD COD
|raw|LVL62Monoco's rating: 1499 &rarr; <strong>1482</strong><br />(-17 for losing)
|raw|OCD COD's rating: 1548 &rarr; <strong>1565</strong><br />(+17 for winning)
|l|☆LVL62Monoco
|player|p1|
