|j|☆Tre ballers
|j|☆Nem3sitalkr
|t:|1757825168
|gametype|singles
|player|p1|Tre ballers|red|1067
|player|p2|Nem3sitalkr|169|1115
|gen|9
|tier|[Gen 9] OU
|rated|
|rule|HP Percentage Mod: HP is shown in percentages
|rule|Endless Battle Clause: Forcing endless battles is banned
|rule|Species Clause: Limit one of each Pokémon
|rule|OHKO Clause: OHKO moves are banned
|rule|Evasion Items Clause: Evasion items are banned
|rule|Evasion Moves Clause: Evasion moves are banned
|rule|Evasion Abilities Clause: Evasion abilities are banned
|rule|Sleep Moves Clause: Sleep-inducing moves are banned
|clearpoke
|poke|p1|Iron Valiant|
|poke|p1|Tyranitar, M|
|poke|p1|Great Tusk|
|poke|p1|Dragapult, F|
|poke|p1|Clodsire, M|
|poke|p1|Salazzle, F|
|poke|p2|Clefable, F|
|poke|p2|Clodsire, M|
|poke|p2|Incineroar, F|
|poke|p2|Gholdengo|
|poke|p2|Dragapult, M|
|poke|p2|Zapdos-Galar|
|teampreview
|inactive|Battle timer is ON: inactive players will automatically lose when time's up. (requested by Tre ballers)
|
|t:|1757825175
|teamsize|p1|6
|teamsize|p2|6
|start
|switch|p1a: Clodsire|Clodsire, M, shiny|100/100
|switch|p2a: Incineroar|Incineroar, F|100/100
|-ability|p2a: Incineroar|Intimidate|boost
|-unboost|p1a: Clodsire|atk|1
|turn|1
|
|t:|1757825190
|move|p2a: Incineroar|Will-O-Wisp|p1a: Clodsire
|-status|p1a: Clodsire|brn
|move|p1a: Clodsire|Stealth Rock|p2a: Incineroar
|-sidestart|p2: Nem3sitalkr|move: Stealth Rock
|
|-damage|p1a: Clodsire|94/100 brn|[from] brn
|upkeep
|turn|2
|
|t:|1757825200
|move|p2a: Incineroar|U-turn|p1a: Clodsire
|-resisted|p1a: Clodsire
|-crit|p1a: Clodsire
|-damage|p1a: Clodsire|78/100 brn
|
|t:|1757825203
|switch|p2a: Clodsire|Clodsire, M|100/100|[from] U-turn
|-damage|p2a: Clodsire|94/100|[from] Stealth Rock
|move|p1a: Clodsire|Toxic|p2a: Clodsire
|-immune|p2a: Clodsire
|
|-heal|p1a: Clodsire|84/100 brn|[from] item: Leftovers
|-heal|p2a: Clodsire|100/100|[from] item: Black Sludge
|-damage|p1a: Clodsire|78/100 brn|[from] brn
|upkeep
|turn|3
|
|t:|1757825220
|move|p1a: Clodsire|Earthquake|p2a: Clodsire
|-supereffective|p2a: Clodsire
|-damage|p2a: Clodsire|81/100
|move|p2a: Clodsire|Earthquake|p1a: Clodsire
|-supereffective|p1a: Clodsire
|-damage|p1a: Clodsire|14/100 brn
|
|-heal|p1a: Clodsire|20/100 brn|[from] item: Leftovers
|-heal|p2a: Clodsire|87/100|[from] item: Black Sludge
|-damage|p1a: Clodsire|14/100 brn|[from] brn
|upkeep
|turn|4
|
|t:|1757825230
|switch|p1a: Great Tusk|Great Tusk, shiny|100/100
|move|p2a: Clodsire|Stealth Rock|p1a: Great Tusk
|-sidestart|p1: Tre ballers|move: Stealth Rock
|
|-heal|p2a: Clodsire|94/100|[from] item: Black Sludge
|upkeep
|turn|5
|
|t:|1757825246
|switch|p2a: Gholdengo|Gholdengo|100/100
|-damage|p2a: Gholdengo|94/100|[from] Stealth Rock
|-item|p2a: Gholdengo|Air Balloon
|move|p1a: Great Tusk|Rapid Spin|p2a: Gholdengo
|-immune|p2a: Gholdengo
|
|upkeep
|turn|6
|
|t:|1757825261
|-end|p1a: Great Tusk|Protosynthesis|[silent]
|switch|p1a: Salazzle|Salazzle, F, shiny|100/100
|move|p2a: Gholdengo|Shadow Ball|p1a: Salazzle
|-damage|p1a: Salazzle|23/100
|
|upkeep
|turn|7
|
|t:|1757825273
|switch|p2a: Incineroar|Incineroar, F|100/100
|-ability|p2a: Incineroar|Intimidate|boost
|-unboost|p1a: Salazzle|atk|1
|move|p1a: Salazzle|Flamethrower|p2a: Incineroar
|-resisted|p2a: Incineroar
|-damage|p2a: Incineroar|80/100
|
|upkeep
|turn|8
|
|t:|1757825280
|move|p1a: Salazzle|Sludge Wave|p2a: Incineroar
|-damage|p2a: Incineroar|34/100
|move|p2a: Incineroar|Knock Off|p1a: Salazzle
|-damage|p1a: Salazzle|0 fnt
|-enditem|p1a: Salazzle|Heavy-Duty Boots|[from] move: Knock Off|[of] p2a: Incineroar
|faint|p1a: Salazzle
|
|upkeep
|
|t:|1757825285
|switch|p1a: Tyranitar|Tyranitar, M, shiny|100/100
|-damage|p1a: Tyranitar|88/100|[from] Stealth Rock
|-weather|Sandstorm|[from] ability: Sand Stream|[of] p1a: Tyranitar
|turn|9
|
|t:|1757825302
|move|p1a: Tyranitar|Stone Edge|p2a: Incineroar
|-supereffective|p2a: Incineroar
|-damage|p2a: Incineroar|0 fnt
|faint|p2a: Incineroar
|
|-weather|Sandstorm|[upkeep]
|-heal|p1a: Tyranitar|94/100|[from] item: Leftovers
|upkeep
|
|t:|1757825314
|switch|p2a: Clodsire|Clodsire, M|94/100
|-damage|p2a: Clodsire|87/100|[from] Stealth Rock
|turn|10
|
|t:|1757825319
|move|p1a: Tyranitar|Crunch|p2a: Clodsire
|-damage|p2a: Clodsire|50/100
|-unboost|p2a: Clodsire|def|1
|move|p2a: Clodsire|Earthquake|p1a: Tyranitar
|-supereffective|p1a: Tyranitar
|-crit|p1a: Tyranitar
|-damage|p1a: Tyranitar|36/100
|
|-weather|Sandstorm|[upkeep]
|-heal|p1a: Tyranitar|42/100|[from] item: Leftovers
|-heal|p2a: Clodsire|57/100|[from] item: Black Sludge
|upkeep
|turn|11
|
|t:|1757825336
|switch|p1a: Great Tusk|Great Tusk, shiny|100/100
|switch|p2a: Clefable|Clefable, F, shiny|100/100
|-damage|p2a: Clefable|88/100|[from] Stealth Rock
|
|-weather|Sandstorm|[upkeep]
|-damage|p2a: Clefable|82/100|[from] Sandstorm
|-heal|p2a: Clefable|88/100|[from] item: Leftovers
|upkeep
|turn|12
|
|t:|1757825346
|-end|p1a: Great Tusk|Protosynthesis|[silent]
|switch|p1a: Dragapult|Dragapult, F, shiny|100/100
|-damage|p1a: Dragapult|88/100|[from] Stealth Rock
|move|p2a: Clefable|Protect||[still]
|-fail|p2a: Clefable
|
|-weather|Sandstorm|[upkeep]
|-damage|p1a: Dragapult|82/100|[from] Sandstorm
|-damage|p2a: Clefable|82/100|[from] Sandstorm
|-heal|p2a: Clefable|88/100|[from] item: Leftovers
|upkeep
|turn|13
|
|t:|1757825355
|move|p1a: Dragapult|Shadow Ball|p2a: Clefable
|-damage|p2a: Clefable|36/100
|move|p2a: Clefable|Wish|p2a: Clefable
|
|-weather|none
|-heal|p2a: Clefable|42/100|[from] item: Leftovers
|upkeep
|turn|14
|
|t:|1757825362
|-terastallize|p1a: Dragapult|Ghost
|move|p2a: Clefable|Protect|p2a: Clefable
|-singleturn|p2a: Clefable|Protect
|move|p1a: Dragapult|Shadow Ball|p2a: Clefable
|-activate|p2a: Clefable|move: Protect
|
|-heal|p2a: Clefable|92/100|[from] move: Wish|[wisher] Clefable
|-heal|p2a: Clefable|98/100|[from] item: Leftovers
|upkeep
|turn|15
|
|t:|1757825372
|move|p1a: Dragapult|Shadow Ball|p2a: Clefable
|-damage|p2a: Clefable|31/100
|-unboost|p2a: Clefable|spd|1
|move|p2a: Clefable|Calm Mind|p2a: Clefable
|-boost|p2a: Clefable|spa|1
|-boost|p2a: Clefable|spd|1
|
|-heal|p2a: Clefable|37/100|[from] item: Leftovers
|upkeep
|turn|16
|
|t:|1757825381
|move|p2a: Clefable|Protect|p2a: Clefable
|-singleturn|p2a: Clefable|Protect
|move|p1a: Dragapult|Shadow Ball|p2a: Clefable
|-activate|p2a: Clefable|move: Protect
|
|-heal|p2a: Clefable|43/100|[from] item: Leftovers
|upkeep
|turn|17
|inactive|Nem3sitalkr has 120 seconds left.
|
|t:|1757825417
|switch|p2a: Clodsire|Clodsire, M|57/100
|-damage|p2a: Clodsire|50/100|[from] Stealth Rock
|move|p1a: Dragapult|Shadow Ball|p2a: Clodsire
|-damage|p2a: Clodsire|11/100
|
|-heal|p2a: Clodsire|17/100|[from] item: Black Sludge
|upkeep
|turn|18
|inactive|Nem3sitalkr has 120 seconds left.
|-message|Nem3sitalkr forfeited.
|
|win|Tre ballers
|raw|Tre ballers's rating: 1067 &rarr; <strong>1101</strong><br />(+34 for winning)
|raw|Nem3sitalkr's rating: 1115 &rarr; <strong>1087</strong><br />(-28 for losing)
|l|☆Nem3sitalkr
|player|p2|
|l|☆Tre ballers
|player|p1|
