|j|☆castillo919
|j|☆SapphireRedux
|t:|1757826811
|gametype|singles
|player|p1|castillo919|169|1395
|player|p2|SapphireRedux|lacey|1498
|gen|9
|tier|[Gen 9] OU
|rated|
|rule|HP Percentage Mod: HP is shown in percentages
|rule|Endless Battle Clause: Forcing endless battles is banned
|rule|Species Clause: Limit one of each Pokémon
|rule|OHKO Clause: OHKO moves are banned
|rule|Evasion Items Clause: Evasion items are banned
|rule|Evasion Moves Clause: Evasion moves are banned
|rule|Evasion Abilities Clause: Evasion abilities are banned
|rule|Sleep Moves Clause: Sleep-inducing moves are banned
|clearpoke
|poke|p1|Samurott-Hisui, F|
|poke|p1|Clodsire, M|
|poke|p1|Sinistcha-Masterpiece|
|poke|p1|Moltres|
|poke|p1|Deoxys-Speed|
|poke|p1|Cyclizar, F|
|poke|p2|Zamazenta-*|
|poke|p2|Ninetales-Alola, F|
|poke|p2|Darkrai|
|poke|p2|Ceruledge, F|
|poke|p2|Empoleon, F|
|poke|p2|Hatterene, F|
|teampreview
|inactive|Battle timer is ON: inactive players will automatically lose when time's up. (requested by SapphireRedux)
|
|t:|1757826820
|teamsize|p1|6
|teamsize|p2|6
|start
|switch|p1a: Samurott|Samurott-Hisui, F|100/100
|switch|p2a: Ninetales|Ninetales-Alola, F|100/100
|-weather|Snowscape|[from] ability: Snow Warning|[of] p2a: Ninetales
|turn|1
|
|t:|1757826831
|move|p2a: Ninetales|Aurora Veil|p2a: Ninetales
|-sidestart|p2: SapphireRedux|move: Aurora Veil
|move|p1a: Samurott|Ceaseless Edge|p2a: Ninetales
|-resisted|p2a: Ninetales
|-damage|p2a: Ninetales|93/100
|-sidestart|p2: SapphireRedux|Spikes
|
|-weather|Snowscape|[upkeep]
|upkeep
|turn|2
|
|t:|1757826848
|-terastallize|p1a: Samurott|Fairy
|move|p2a: Ninetales|Freeze-Dry|p1a: Samurott
|-damage|p1a: Samurott|89/100
|-status|p1a: Samurott|frz
|cant|p1a: Samurott|frz
|
|-weather|Snowscape|[upkeep]
|upkeep
|turn|3
|
|t:|1757826859
|switch|p2a: Empoleon|Empoleon, F|100/100
|-damage|p2a: Empoleon|88/100|[from] Spikes
|cant|p1a: Samurott|frz
|
|-weather|Snowscape|[upkeep]
|upkeep
|turn|4
|
|t:|1757826873
|switch|p1a: Sinistcha|Sinistcha-Masterpiece|100/100
|move|p2a: Empoleon|Agility|p2a: Empoleon
|-boost|p2a: Empoleon|spe|2
|
|-weather|Snowscape|[upkeep]
|upkeep
|turn|5
|
|t:|1757826886
|switch|p1a: Samurott|Samurott-Hisui, F, tera:Fairy|89/100 frz
|move|p2a: Empoleon|Swords Dance|p2a: Empoleon
|-boost|p2a: Empoleon|atk|2
|
|-weather|none
|upkeep
|turn|6
|
|t:|1757826897
|move|p2a: Empoleon|Swords Dance|p2a: Empoleon
|-boost|p2a: Empoleon|atk|2
|cant|p1a: Samurott|frz
|
|upkeep
|turn|7
|
|t:|1757826903
|move|p2a: Empoleon|Liquidation|p1a: Samurott
|-damage|p1a: Samurott|0 fnt
|faint|p1a: Samurott
|
|upkeep
|
|t:|1757826909
|switch|p1a: Clodsire|Clodsire, M, shiny|100/100
|turn|8
|
|t:|1757826917
|move|p2a: Empoleon|Knock Off|p1a: Clodsire
|-damage|p1a: Clodsire|77/100
|-enditem|p1a: Clodsire|Black Sludge|[from] move: Knock Off|[of] p2a: Empoleon
|move|p1a: Clodsire|Earthquake|p2a: Empoleon
|-supereffective|p2a: Empoleon
|-damage|p2a: Empoleon|53/100
|
|-sideend|p2: SapphireRedux|move: Aurora Veil
|upkeep
|turn|9
|
|t:|1757826929
|move|p2a: Empoleon|Liquidation|p1a: Clodsire
|-supereffective|p1a: Clodsire
|-damage|p1a: Clodsire|0 fnt
|faint|p1a: Clodsire
|
|upkeep
|
|t:|1757826943
|switch|p1a: Sinistcha|Sinistcha-Masterpiece|100/100
|turn|10
|
|t:|1757826948
|switch|p1a: Moltres|Moltres|100/100
|move|p2a: Empoleon|Agility|p2a: Empoleon
|-boost|p2a: Empoleon|spe|2
|
|upkeep
|turn|11
|
|t:|1757826958
|move|p2a: Empoleon|Liquidation|p1a: Moltres
|-supereffective|p1a: Moltres
|-damage|p1a: Moltres|0 fnt
|-status|p2a: Empoleon|brn|[from] ability: Flame Body|[of] p1a: Moltres
|faint|p1a: Moltres
|
|-damage|p2a: Empoleon|47/100 brn|[from] brn
|upkeep
|
|t:|1757826979
|switch|p1a: Cyclizar|Cyclizar, F|100/100
|turn|12
|
|t:|1757826986
|move|p2a: Empoleon|Knock Off|p1a: Cyclizar
|-damage|p1a: Cyclizar|43/100
|-enditem|p1a: Cyclizar|Assault Vest|[from] move: Knock Off|[of] p2a: Empoleon
|move|p1a: Cyclizar|Dragon Tail|p2a: Empoleon|[miss]
|-miss|p1a: Cyclizar|p2a: Empoleon
|
|-damage|p2a: Empoleon|41/100 brn|[from] brn
|upkeep
|turn|13
|
|t:|1757826996
|move|p2a: Empoleon|Liquidation|p1a: Cyclizar
|-resisted|p1a: Cyclizar
|-damage|p1a: Cyclizar|0 fnt
|faint|p1a: Cyclizar
|
|-damage|p2a: Empoleon|35/100 brn|[from] brn
|upkeep
|
|t:|1757827005
|switch|p1a: Sinistcha|Sinistcha-Masterpiece|100/100
|turn|14
|
|t:|1757827010
|move|p2a: Empoleon|Swords Dance|p2a: Empoleon
|-boost|p2a: Empoleon|atk|2
|move|p1a: Sinistcha|Strength Sap|p2a: Empoleon
|-unboost|p2a: Empoleon|atk|1
|-ability|p2a: Empoleon|Competitive|boost
|-boost|p2a: Empoleon|spa|2
|
|-damage|p2a: Empoleon|29/100 brn|[from] brn
|upkeep
|turn|15
|
|t:|1757827023
|switch|p2a: Ninetales|Ninetales-Alola, F|93/100
|-damage|p2a: Ninetales|80/100|[from] Spikes
|-weather|Snowscape|[from] ability: Snow Warning|[of] p2a: Ninetales
|move|p1a: Sinistcha|Strength Sap|p2a: Ninetales
|-unboost|p2a: Ninetales|atk|1
|
|-weather|Snowscape|[upkeep]
|upkeep
|turn|16
|
|t:|1757827039
|move|p2a: Ninetales|Aurora Veil|p2a: Ninetales
|-sidestart|p2: SapphireRedux|move: Aurora Veil
|move|p1a: Sinistcha|Calm Mind|p1a: Sinistcha
|-boost|p1a: Sinistcha|spa|1
|-boost|p1a: Sinistcha|spd|1
|
|-weather|Snowscape|[upkeep]
|upkeep
|turn|17
|
|t:|1757827047
|move|p2a: Ninetales|Encore|p1a: Sinistcha
|-start|p1a: Sinistcha|Encore
|move|p1a: Sinistcha|Calm Mind|p1a: Sinistcha
|-boost|p1a: Sinistcha|spa|1
|-boost|p1a: Sinistcha|spd|1
|
|-weather|Snowscape|[upkeep]
|upkeep
|turn|18
|
|t:|1757827056
|switch|p2a: Ceruledge|Ceruledge, F|100/100
|-damage|p2a: Ceruledge|88/100|[from] Spikes
|move|p1a: Sinistcha|Calm Mind|p1a: Sinistcha
|-boost|p1a: Sinistcha|spa|1
|-boost|p1a: Sinistcha|spd|1
|
|-weather|Snowscape|[upkeep]
|upkeep
|turn|19
|
|t:|1757827065
|move|p2a: Ceruledge|Bulk Up|p2a: Ceruledge
|-boost|p2a: Ceruledge|atk|1
|-boost|p2a: Ceruledge|def|1
|move|p1a: Sinistcha|Calm Mind|p1a: Sinistcha
|-boost|p1a: Sinistcha|spa|1
|-boost|p1a: Sinistcha|spd|1
|
|-weather|none
|-end|p1a: Sinistcha|Encore
|upkeep
|turn|20
|
|t:|1757827075
|-terastallize|p2a: Ceruledge|Bug
|move|p2a: Ceruledge|Taunt|p1a: Sinistcha
|-start|p1a: Sinistcha|move: Taunt
|move|p1a: Sinistcha|Shadow Ball|p2a: Ceruledge
|-damage|p2a: Ceruledge|50/100
|
|upkeep
|turn|21
|
|t:|1757827084
|move|p2a: Ceruledge|Bitter Blade|p1a: Sinistcha
|-supereffective|p1a: Sinistcha
|-crit|p1a: Sinistcha
|-damage|p1a: Sinistcha|40/100
|-heal|p2a: Ceruledge|80/100|[from] drain|[of] p1a: Sinistcha
|move|p1a: Sinistcha|Shadow Ball|p2a: Ceruledge
|-damage|p2a: Ceruledge|44/100
|
|-heal|p1a: Sinistcha|46/100|[from] item: Leftovers
|upkeep
|turn|22
|
|t:|1757827096
|move|p2a: Ceruledge|Bitter Blade|p1a: Sinistcha
|-supereffective|p1a: Sinistcha
|-damage|p1a: Sinistcha|9/100
|-heal|p2a: Ceruledge|62/100|[from] drain|[of] p1a: Sinistcha
|move|p1a: Sinistcha|Shadow Ball|p2a: Ceruledge
|-damage|p2a: Ceruledge|25/100
|
|-heal|p1a: Sinistcha|15/100|[from] item: Leftovers
|-end|p1a: Sinistcha|move: Taunt
|upkeep
|turn|23
|
|t:|1757827108
|move|p2a: Ceruledge|Bitter Blade|p1a: Sinistcha
|-supereffective|p1a: Sinistcha
|-damage|p1a: Sinistcha|0 fnt
|-heal|p2a: Ceruledge|32/100|[from] drain|[of] p1a: Sinistcha
|faint|p1a: Sinistcha
|
|-sideend|p2: SapphireRedux|move: Aurora Veil
|upkeep
|
|t:|1757827118
|switch|p1a: Deoxys|Deoxys-Speed|100/100
|-ability|p1a: Deoxys|Pressure
|turn|24
|
|t:|1757827129
|move|p2a: Ceruledge|Shadow Sneak|p1a: Deoxys
|-supereffective|p1a: Deoxys
|-damage|p1a: Deoxys|22/100
|move|p1a: Deoxys|Ice Beam|p2a: Ceruledge
|-damage|p2a: Ceruledge|4/100
|-damage|p1a: Deoxys|13/100|[from] item: Life Orb
|
|upkeep
|turn|25
|l|☆castillo919
|inactive|castillo919 disconnected and has a minute to reconnect!
|player|p1|
|j|☆castillo919
|inactive|castillo919 reconnected and has 135 seconds left.
|player|p1|castillo919|169|
|inactive|castillo919 has 120 seconds left.
|inactive|castillo919 has 90 seconds left.
|inactive|castillo919 has 60 seconds left.
|inactive|castillo919 has 30 seconds left.
|inactive|castillo919 has 20 seconds left.
|inactive|castillo919 has 15 seconds left.
|inactive|castillo919 has 10 seconds left.
|inactive|castillo919 has 5 seconds left.
|-message|castillo919 lost due to inactivity.
|
|win|SapphireRedux
|raw|castillo919's rating: 1395 &rarr; <strong>1381</strong><br />(-14 for losing)
|raw|SapphireRedux's rating: 1498 &rarr; <strong>1512</strong><br />(+14 for winning)
