|j|☆C0nway
|j|☆SasoriVzla7
|t:|1757870582
|gametype|singles
|player|p1|C0nway|blaine|1405
|player|p2|SasoriVzla7|lucian|1423
|gen|9
|tier|[Gen 9] OU
|rated|
|rule|HP Percentage Mod: HP is shown in percentages
|rule|Endless Battle Clause: Forcing endless battles is banned
|rule|Species Clause: Limit one of each Pokémon
|rule|OHKO Clause: OHKO moves are banned
|rule|Evasion Items Clause: Evasion items are banned
|rule|Evasion Moves Clause: Evasion moves are banned
|rule|Evasion Abilities Clause: Evasion abilities are banned
|rule|Sleep Moves Clause: Sleep-inducing moves are banned
|clearpoke
|poke|p1|Indeedee, M|
|poke|p1|Hatterene, F|
|poke|p1|Ursaluna, F|
|poke|p1|Azumarill, F|
|poke|p1|Hoopa-Unbound|
|poke|p1|Mimikyu, F|
|poke|p2|Weezing-Galar, F|
|poke|p2|Heatran, M|
|poke|p2|Ting-Lu|
|poke|p2|Rillaboom, F|
|poke|p2|Dragapult, F|
|poke|p2|Iron Valiant|
|teampreview
|
|t:|1757870594
|teamsize|p1|6
|teamsize|p2|6
|start
|switch|p1a: Ball Girl|Azumarill, F|100/100
|switch|p2a: Rillaboom|Rillaboom, F|100/100
|-fieldstart|move: Grassy Terrain|[from] ability: Grassy Surge|[of] p2a: Rillaboom
|turn|1
|
|t:|1757870603
|switch|p1a: Mimi|Mimikyu, F, shiny|100/100
|move|p2a: Rillaboom|Grassy Glide|p1a: Mimi
|-activate|p1a: Mimi|ability: Disguise
|-damage|p1a: Mimi|100/100
|detailschange|p1a: Mimi|Mimikyu-Busted, F, shiny
|-damage|p1a: Mimi|88/100|[from] pokemon: Mimikyu-Busted
|-enditem|p1a: Mimi|Red Card|[of] p2a: Rillaboom
|drag|p2a: Heatran|Heatran, M|100/100
|
|-heal|p1a: Mimi|94/100|[from] Grassy Terrain
|upkeep
|turn|2
|
|t:|1757870615
|move|p2a: Heatran|Flash Cannon|p1a: Mimi
|-supereffective|p1a: Mimi
|-damage|p1a: Mimi|13/100
|move|p1a: Mimi|Trick Room|p1a: Mimi
|-fieldstart|move: Trick Room|[of] p1a: Mimi
|
|-heal|p1a: Mimi|19/100|[from] Grassy Terrain
|upkeep
|turn|3
|
|t:|1757870622
|switch|p2a: Weezing|Weezing-Galar, F|100/100
|-ability|p2a: Weezing|Neutralizing Gas
|move|p1a: Mimi|Destiny Bond|p1a: Mimi
|-singlemove|p1a: Mimi|Destiny Bond
|
|-heal|p1a: Mimi|25/100|[from] Grassy Terrain
|upkeep
|turn|4
|
|t:|1757870631
|move|p2a: Weezing|Toxic|p1a: Mimi
|-status|p1a: Mimi|tox
|move|p1a: Mimi|Curse|p2a: Weezing
|-start|p2a: Weezing|Curse|[of] p1a: Mimi
|-damage|p1a: Mimi|0 fnt
|faint|p1a: Mimi
|
|-damage|p2a: Weezing|76/100|[from] Curse
|upkeep
|
|t:|1757870658
|switch|p1a: Miss Kiss|Hatterene, F, shiny|100/100
|turn|5
|
|t:|1757870665
|-end|p2a: Weezing|ability: Neutralizing Gas
|switch|p2a: Ting-Lu|Ting-Lu|100/100
|-ability|p2a: Ting-Lu|Vessel of Ruin
|move|p1a: Miss Kiss|Expanding Force|p2a: Ting-Lu
|-immune|p2a: Ting-Lu
|
|-fieldend|move: Grassy Terrain
|upkeep
|turn|6
|
|t:|1757870674
|switch|p1a: Wild Bear|Ursaluna, F, shiny|100/100
|move|p2a: Ting-Lu|Ruination|p1a: Wild Bear
|-damage|p1a: Wild Bear|51/100
|
|-fieldend|move: Trick Room
|-status|p1a: Wild Bear|brn|[from] item: Flame Orb
|upkeep
|turn|7
|
|t:|1757870690
|switch|p1a: Ball Girl|Azumarill, F|100/100
|move|p2a: Ting-Lu|Stealth Rock|p1a: Ball Girl
|-sidestart|p1: C0nway|move: Stealth Rock
|
|upkeep
|turn|8
|
|t:|1757870702
|move|p1a: Ball Girl|Play Rough|p2a: Ting-Lu
|-supereffective|p2a: Ting-Lu
|-damage|p2a: Ting-Lu|38/100
|move|p2a: Ting-Lu|Whirlwind|p1a: Ball Girl
|drag|p1a: Miss Kiss|Hatterene, F, shiny|100/100
|-damage|p1a: Miss Kiss|88/100|[from] Stealth Rock
|
|-heal|p2a: Ting-Lu|44/100|[from] item: Leftovers
|-heal|p1a: Miss Kiss|94/100|[from] item: Leftovers
|upkeep
|turn|9
|
|t:|1757870715
|move|p2a: Ting-Lu|Ruination|p1a: Miss Kiss
|-damage|p1a: Miss Kiss|48/100
|move|p1a: Miss Kiss|Draining Kiss|p2a: Ting-Lu
|-supereffective|p2a: Ting-Lu
|-damage|p2a: Ting-Lu|19/100
|-heal|p1a: Miss Kiss|78/100|[from] drain|[of] p2a: Ting-Lu
|
|-heal|p2a: Ting-Lu|25/100|[from] item: Leftovers
|-heal|p1a: Miss Kiss|84/100|[from] item: Leftovers
|upkeep
|turn|10
|
|t:|1757870723
|move|p2a: Ting-Lu|Ruination|p1a: Miss Kiss
|-damage|p1a: Miss Kiss|42/100
|move|p1a: Miss Kiss|Trick Room|p1a: Miss Kiss
|-fieldstart|move: Trick Room|[of] p1a: Miss Kiss
|
|-heal|p1a: Miss Kiss|48/100|[from] item: Leftovers
|-heal|p2a: Ting-Lu|31/100|[from] item: Leftovers
|upkeep
|turn|11
|
|t:|1757870742
|switch|p2a: Heatran|Heatran, M|100/100
|move|p1a: Miss Kiss|Draining Kiss|p2a: Heatran
|-resisted|p2a: Heatran
|-damage|p2a: Heatran|93/100
|-heal|p1a: Miss Kiss|54/100|[from] drain|[of] p2a: Heatran
|
|-heal|p1a: Miss Kiss|60/100|[from] item: Leftovers
|upkeep
|turn|12
|
|t:|1757870753
|switch|p1a: Ball Girl|Azumarill, F|100/100
|-damage|p1a: Ball Girl|88/100|[from] Stealth Rock
|move|p2a: Heatran|Flash Cannon|p1a: Ball Girl
|-damage|p1a: Ball Girl|61/100
|
|upkeep
|turn|13
|
|t:|1757870762
|switch|p2a: Weezing|Weezing-Galar, F|76/100
|-ability|p2a: Weezing|Neutralizing Gas
|move|p1a: Ball Girl|Knock Off|p2a: Weezing
|-resisted|p2a: Weezing
|-damage|p2a: Weezing|68/100
|-damage|p1a: Ball Girl|44/100|[from] item: Rocky Helmet|[of] p2a: Weezing
|-enditem|p2a: Weezing|Rocky Helmet|[from] move: Knock Off|[of] p1a: Ball Girl
|
|upkeep
|turn|14
|
|t:|1757870771
|move|p1a: Ball Girl|Liquidation|p2a: Weezing
|-damage|p2a: Weezing|49/100
|move|p2a: Weezing|Toxic|p1a: Ball Girl
|-status|p1a: Ball Girl|tox
|
|-damage|p1a: Ball Girl|38/100 tox|[from] psn
|-fieldend|move: Trick Room
|upkeep
|turn|15
|
|t:|1757870780
|move|p2a: Weezing|Pain Split|p1a: Ball Girl
|-sethp|p1a: Ball Girl|39/100 tox|[from] move: Pain Split|[silent]
|-sethp|p2a: Weezing|48/100|[from] move: Pain Split
|move|p1a: Ball Girl|Liquidation|p2a: Weezing
|-crit|p2a: Weezing
|-damage|p2a: Weezing|19/100
|
|-damage|p1a: Ball Girl|26/100 tox|[from] psn
|upkeep
|turn|16
|
|t:|1757870790
|move|p2a: Weezing|Pain Split|p1a: Ball Girl
|-sethp|p1a: Ball Girl|21/100 tox|[from] move: Pain Split|[silent]
|-sethp|p2a: Weezing|26/100|[from] move: Pain Split
|move|p1a: Ball Girl|Liquidation|p2a: Weezing
|-damage|p2a: Weezing|5/100
|
|-damage|p1a: Ball Girl|2/100 tox|[from] psn
|upkeep
|turn|17
|
|t:|1757870800
|move|p2a: Weezing|Flamethrower|p1a: Ball Girl
|-resisted|p1a: Ball Girl
|-damage|p1a: Ball Girl|0 fnt
|faint|p1a: Ball Girl
|
|upkeep
|
|t:|1757870806
|switch|p1a: Pink Portal|Indeedee, M, shiny|100/100
|-damage|p1a: Pink Portal|88/100|[from] Stealth Rock
|turn|18
|
|t:|1757870823
|move|p1a: Pink Portal|Expanding Force|p2a: Weezing
|-supereffective|p2a: Weezing
|-damage|p2a: Weezing|0 fnt
|faint|p2a: Weezing
|-end|p2a: Weezing|ability: Neutralizing Gas
|-fieldstart|move: Psychic Terrain|[from] ability: Psychic Surge|[of] p1a: Pink Portal
|
|upkeep
|
|t:|1757870826
|switch|p2a: Rillaboom|Rillaboom, F|100/100
|-fieldstart|move: Grassy Terrain|[from] ability: Grassy Surge|[of] p2a: Rillaboom
|turn|19
|
|t:|1757870839
|-terastallize|p2a: Rillaboom|Grass
|move|p2a: Rillaboom|Grassy Glide|p1a: Pink Portal
|-crit|p1a: Pink Portal
|-damage|p1a: Pink Portal|0 fnt
|faint|p1a: Pink Portal
|
|upkeep
|
|t:|1757870850
|switch|p1a: Miss Kiss|Hatterene, F, shiny|60/100
|-damage|p1a: Miss Kiss|48/100|[from] Stealth Rock
|turn|20
|
|t:|1757870855
|-terastallize|p1a: Miss Kiss|Grass
|move|p2a: Rillaboom|Grassy Glide|p1a: Miss Kiss
|-resisted|p1a: Miss Kiss
|-crit|p1a: Miss Kiss
|-damage|p1a: Miss Kiss|0 fnt
|faint|p1a: Miss Kiss
|
|upkeep
|n|!C0nway|c0nway
|
|t:|1757870884
|switch|p1a: Twisted Magic|Hoopa-Unbound|100/100
|-damage|p1a: Twisted Magic|88/100|[from] Stealth Rock
|turn|21
|
|t:|1757870887
|move|p2a: Rillaboom|Grassy Glide|p1a: Twisted Magic
|-damage|p1a: Twisted Magic|1/100
|move|p1a: Twisted Magic|Trick Room|p1a: Twisted Magic
|-fieldstart|move: Trick Room|[of] p1a: Twisted Magic
|
|-heal|p1a: Twisted Magic|7/100|[from] Grassy Terrain
|upkeep
|turn|22
|
|t:|1757870897
|move|p2a: Rillaboom|Grassy Glide|p1a: Twisted Magic
|-damage|p1a: Twisted Magic|0 fnt
|faint|p1a: Twisted Magic
|
|upkeep
|
|t:|1757870898
|switch|p1a: Wild Bear|Ursaluna, F, shiny|51/100 brn
|-damage|p1a: Wild Bear|45/100 brn|[from] Stealth Rock
|turn|23
|
|t:|1757870901
|move|p2a: Rillaboom|Grassy Glide|p1a: Wild Bear
|-supereffective|p1a: Wild Bear
|-damage|p1a: Wild Bear|0 fnt
|faint|p1a: Wild Bear
|
|win|SasoriVzla7
