|j|☆Raptor Blaze
|j|☆AskGandalf
|t:|1757830844
|gametype|singles
|player|p1|Raptor Blaze|ghetsis-gen5bw|1141
|player|p2|AskGandalf|102|1114
|gen|9
|tier|[Gen 9] OU
|rated|
|rule|HP Percentage Mod: HP is shown in percentages
|rule|Endless Battle Clause: Forcing endless battles is banned
|rule|Species Clause: Limit one of each Pokémon
|rule|OHKO Clause: OHKO moves are banned
|rule|Evasion Items Clause: Evasion items are banned
|rule|Evasion Moves Clause: Evasion moves are banned
|rule|Evasion Abilities Clause: Evasion abilities are banned
|rule|Sleep Moves Clause: Sleep-inducing moves are banned
|clearpoke
|poke|p1|Hawlucha, M|
|poke|p1|Kleavor, M|
|poke|p1|Cinderace, M|
|poke|p1|Hydreigon, M|
|poke|p1|Clefable, F|
|poke|p1|Slowking-Galar, F|
|poke|p2|Suicune|
|poke|p2|Serperior, F|
|poke|p2|Ting-Lu|
|poke|p2|Ceruledge, M|
|poke|p2|Clefable, M|
|poke|p2|Honchkrow, F|
|teampreview
|j| Jbeztamer
|inactive|Battle timer is ON: inactive players will automatically lose when time's up. (requested by Raptor Blaze)
|inactive|AskGandalf has 120 seconds left.
|inactive|AskGandalf has 90 seconds left.
|inactive|AskGandalf has 60 seconds left.
|
|t:|1757830961
|teamsize|p1|6
|teamsize|p2|6
|start
|switch|p1a: Kleavor|Kleavor, M|100/100
|switch|p2a: Clefable|Clefable, M|100/100
|turn|1
|
|t:|1757830972
|switch|p2a: Suicune|Suicune|100/100
|-ability|p2a: Suicune|Pressure
|move|p1a: Kleavor|Stone Axe|p2a: Suicune|[miss]
|-miss|p1a: Kleavor|p2a: Suicune
|
|upkeep
|turn|2
|
|t:|1757830978
|move|p1a: Kleavor|Stone Axe|p2a: Suicune
|-damage|p2a: Suicune|70/100
|-sidestart|p2: AskGandalf|move: Stealth Rock
|move|p2a: Suicune|Scald|p1a: Kleavor
|-supereffective|p1a: Kleavor
|-damage|p1a: Kleavor|17/100
|
|-heal|p2a: Suicune|76/100|[from] item: Leftovers
|upkeep
|turn|3
|inactive|AskGandalf has 120 seconds left.
|
|t:|1757831015
|move|p2a: Suicune|Protect|p2a: Suicune
|-singleturn|p2a: Suicune|Protect
|move|p1a: Kleavor|X-Scissor|p2a: Suicune
|-activate|p2a: Suicune|move: Protect
|
|-heal|p2a: Suicune|82/100|[from] item: Leftovers
|upkeep
|turn|4
|
|t:|1757831028
|move|p1a: Kleavor|X-Scissor|p2a: Suicune
|-damage|p2a: Suicune|46/100
|move|p2a: Suicune|Scald|p1a: Kleavor
|-supereffective|p1a: Kleavor
|-damage|p1a: Kleavor|0 fnt
|faint|p1a: Kleavor
|
|-heal|p2a: Suicune|52/100|[from] item: Leftovers
|upkeep
|
|t:|1757831037
|switch|p1a: Hawlucha|Hawlucha, M, shiny|100/100
|turn|5
|inactive|AskGandalf has 120 seconds left.
|inactive|AskGandalf has 90 seconds left.
|
|t:|1757831093
|move|p1a: Hawlucha|Swords Dance|p1a: Hawlucha
|-boost|p1a: Hawlucha|atk|2
|move|p2a: Suicune|Scald|p1a: Hawlucha
|-damage|p1a: Hawlucha|61/100
|
|-heal|p2a: Suicune|58/100|[from] item: Leftovers
|upkeep
|turn|6
|
|t:|1757831109
|move|p1a: Hawlucha|Sky Attack||[still]
|-prepare|p1a: Hawlucha|Sky Attack
|-enditem|p1a: Hawlucha|Power Herb
|-anim|p1a: Hawlucha|Sky Attack|p2a: Suicune
|-damage|p2a: Suicune|0 fnt
|faint|p2a: Suicune
|
|upkeep
|
|t:|1757831122
|switch|p2a: Ting-Lu|Ting-Lu|100/100
|-damage|p2a: Ting-Lu|94/100|[from] Stealth Rock
|-ability|p2a: Ting-Lu|Vessel of Ruin
|turn|7
|
|t:|1757831129
|-terastallize|p2a: Ting-Lu|Grass
|move|p1a: Hawlucha|Drain Punch|p2a: Ting-Lu
|-damage|p2a: Ting-Lu|68/100
|-heal|p1a: Hawlucha|84/100|[from] drain|[of] p2a: Ting-Lu
|move|p2a: Ting-Lu|Whirlwind|p1a: Hawlucha
|drag|p1a: Cinderace|Cinderace, M|100/100
|
|-heal|p2a: Ting-Lu|74/100|[from] item: Leftovers
|upkeep
|turn|8
|c|☆AskGandalf|-.-
|
|t:|1757831139
|move|p1a: Cinderace|Pyro Ball|p2a: Ting-Lu
|-supereffective|p2a: Ting-Lu
|-damage|p2a: Ting-Lu|26/100
|move|p2a: Ting-Lu|Ruination|p1a: Cinderace
|-damage|p1a: Cinderace|51/100
|
|-heal|p2a: Ting-Lu|32/100|[from] item: Leftovers
|upkeep
|turn|9
|
|t:|1757831144
|move|p1a: Cinderace|Pyro Ball|p2a: Ting-Lu|[miss]
|-miss|p1a: Cinderace|p2a: Ting-Lu
|move|p2a: Ting-Lu|Earthquake|p1a: Cinderace
|-supereffective|p1a: Cinderace
|-damage|p1a: Cinderace|0 fnt
|faint|p1a: Cinderace
|
|-heal|p2a: Ting-Lu|38/100|[from] item: Leftovers
|upkeep
|c|☆AskGandalf|noice
|
|t:|1757831150
|switch|p1a: Hawlucha|Hawlucha, M, shiny|84/100
|turn|10
|
|t:|1757831160
|move|p1a: Hawlucha|Acrobatics|p2a: Ting-Lu
|-supereffective|p2a: Ting-Lu
|-damage|p2a: Ting-Lu|2/100
|move|p2a: Ting-Lu|Whirlwind|p1a: Hawlucha
|drag|p1a: Hydreigon|Hydreigon, M|100/100
|
|-heal|p2a: Ting-Lu|8/100|[from] item: Leftovers
|upkeep
|turn|11
|
|t:|1757831165
|move|p1a: Hydreigon|Dark Pulse|p2a: Ting-Lu
|-crit|p2a: Ting-Lu
|-damage|p2a: Ting-Lu|0 fnt
|faint|p2a: Ting-Lu
|
|upkeep
|inactive|AskGandalf has 90 seconds left.
|
|t:|1757831192
|switch|p2a: Honchkrow|Honchkrow, F|100/100
|-damage|p2a: Honchkrow|76/100|[from] Stealth Rock
|turn|12
|inactive|AskGandalf has 90 seconds left.
|
|t:|1757831207
|move|p1a: Hydreigon|Dark Pulse|p2a: Honchkrow
|-resisted|p2a: Honchkrow
|-damage|p2a: Honchkrow|50/100
|move|p2a: Honchkrow|Brave Bird|p1a: Hydreigon
|-damage|p1a: Hydreigon|0 fnt
|faint|p1a: Hydreigon
|-ability|p2a: Honchkrow|Moxie|boost
|-boost|p2a: Honchkrow|atk|1
|-damage|p2a: Honchkrow|23/100|[from] Recoil
|-damage|p2a: Honchkrow|13/100|[from] item: Life Orb
|
|upkeep
|
|t:|1757831219
|switch|p1a: Clefable|Clefable, F|100/100
|turn|13
|
|t:|1757831222
|move|p2a: Honchkrow|Brave Bird|p1a: Clefable
|-damage|p1a: Clefable|38/100
|-damage|p2a: Honchkrow|0 fnt|[from] Recoil
|faint|p2a: Honchkrow
|move|p1a: Clefable|Moonblast|p2: Honchkrow|[notarget]
|-fail|p1a: Clefable
|
|-heal|p1a: Clefable|44/100|[from] item: Leftovers
|upkeep
|
|t:|1757831226
|switch|p2a: Serperior|Serperior, F|100/100
|-damage|p2a: Serperior|88/100|[from] Stealth Rock
|turn|14
|
|t:|1757831231
|move|p2a: Serperior|Substitute|p2a: Serperior
|-start|p2a: Serperior|Substitute
|-damage|p2a: Serperior|63/100
|move|p1a: Clefable|Moonlight|p1a: Clefable
|-heal|p1a: Clefable|94/100
|
|-heal|p2a: Serperior|69/100|[from] item: Leftovers
|-heal|p1a: Clefable|99/100|[from] item: Leftovers
|upkeep
|turn|15
|inactive|AskGandalf has 120 seconds left.
|
|t:|1757831259
|move|p2a: Serperior|Leaf Storm|p1a: Clefable
|-damage|p1a: Clefable|60/100
|-boost|p2a: Serperior|spa|2
|move|p1a: Clefable|Calm Mind|p1a: Clefable
|-boost|p1a: Clefable|spa|1
|-boost|p1a: Clefable|spd|1
|
|-heal|p2a: Serperior|76/100|[from] item: Leftovers
|-heal|p1a: Clefable|66/100|[from] item: Leftovers
|upkeep
|turn|16
|
|t:|1757831267
|move|p2a: Serperior|Glare|p1a: Clefable
|-status|p1a: Clefable|par
|move|p1a: Clefable|Moonblast|p2a: Serperior
|-end|p2a: Serperior|Substitute
|
|-heal|p2a: Serperior|82/100|[from] item: Leftovers
|-heal|p1a: Clefable|72/100 par|[from] item: Leftovers
|upkeep
|turn|17
|inactive|AskGandalf has 90 seconds left.
|inactive|AskGandalf has 60 seconds left.
|
|t:|1757831350
|move|p2a: Serperior|Leaf Storm|p1a: Clefable
|-damage|p1a: Clefable|46/100 par
|-boost|p2a: Serperior|spa|2
|move|p1a: Clefable|Moonlight|p1a: Clefable
|-heal|p1a: Clefable|96/100 par
|
|-heal|p2a: Serperior|88/100|[from] item: Leftovers
|-heal|p1a: Clefable|100/100 par|[from] item: Leftovers
|upkeep
|turn|18
|
|t:|1757831353
|move|p2a: Serperior|Substitute|p2a: Serperior
|-start|p2a: Serperior|Substitute
|-damage|p2a: Serperior|63/100
|move|p1a: Clefable|Calm Mind|p1a: Clefable
|-boost|p1a: Clefable|spa|1
|-boost|p1a: Clefable|spd|1
|
|-heal|p2a: Serperior|69/100|[from] item: Leftovers
|upkeep
|turn|19
|
|t:|1757831356
|move|p2a: Serperior|Leaf Storm|p1a: Clefable
|-damage|p1a: Clefable|79/100 par
|-boost|p2a: Serperior|spa|2
|move|p1a: Clefable|Moonblast|p2a: Serperior
|-end|p2a: Serperior|Substitute
|
|-heal|p2a: Serperior|76/100|[from] item: Leftovers
|-heal|p1a: Clefable|85/100 par|[from] item: Leftovers
|upkeep
|turn|20
|
|t:|1757831362
|switch|p2a: Clefable|Clefable, M|100/100
|move|p1a: Clefable|Moonblast|p2a: Clefable
|-damage|p2a: Clefable|72/100
|
|-heal|p1a: Clefable|91/100 par|[from] item: Leftovers
|upkeep
|turn|21
|
|t:|1757831368
|move|p2a: Clefable|Moonblast|p1a: Clefable
|-damage|p1a: Clefable|75/100 par
|move|p1a: Clefable|Moonblast|p2a: Clefable
|-damage|p2a: Clefable|43/100
|-unboost|p2a: Clefable|spa|1
|
|-heal|p1a: Clefable|81/100 par|[from] item: Leftovers
|upkeep
|turn|22
|-message|AskGandalf forfeited.
|
|win|Raptor Blaze
|raw|Raptor Blaze's rating: 1141 &rarr; <strong>1164</strong><br />(+23 for winning)
|raw|AskGandalf's rating: 1114 &rarr; <strong>1091</strong><br />(-23 for losing)
|l|☆AskGandalf
|player|p2|
|l|☆Raptor Blaze
|player|p1|
