|j|☆JacezZ
|j|☆ekud
|t:|1757959237
|gametype|singles
|player|p1|JacezZ|blue|1372
|player|p2|ekud|266|1358
|gen|9
|tier|[Gen 9] OU
|rated|
|rule|HP Percentage Mod: HP is shown in percentages
|rule|Endless Battle Clause: Forcing endless battles is banned
|rule|Species Clause: Limit one of each Pokémon
|rule|OHKO Clause: OHKO moves are banned
|rule|Evasion Items Clause: Evasion items are banned
|rule|Evasion Moves Clause: Evasion moves are banned
|rule|Evasion Abilities Clause: Evasion abilities are banned
|rule|Sleep Moves Clause: Sleep-inducing moves are banned
|clearpoke
|poke|p1|Swampert, F|
|poke|p1|Lokix, M|
|poke|p1|Zapdos|
|poke|p1|Pecharunt|
|poke|p1|Ogerpon-Cornerstone, F|
|poke|p1|Iron Treads|
|poke|p2|Dragapult, F|
|poke|p2|Dragonite, F|
|poke|p2|Ting-Lu|
|poke|p2|Weezing-Galar, F|
|poke|p2|Iron Crown|
|poke|p2|Zapdos|
|teampreview
|
|t:|1757959249
|teamsize|p1|6
|teamsize|p2|6
|start
|switch|p1a: Swampert|Swampert, F|100/100
|switch|p2a: Weezing|Weezing-Galar, F|100/100
|-ability|p2a: Weezing|Neutralizing Gas
|turn|1
|inactive|Battle timer is ON: inactive players will automatically lose when time's up. (requested by ekud)
|
|t:|1757959264
|switch|p1a: Zapdos|Zapdos|100/100
|move|p2a: Weezing|Will-O-Wisp|p1a: Zapdos|[miss]
|-miss|p2a: Weezing|p1a: Zapdos
|
|upkeep
|turn|2
|
|t:|1757959270
|-end|p2a: Weezing|ability: Neutralizing Gas
|-ability|p1a: Zapdos|Pressure
|switch|p2a: Ting-Lu|Ting-Lu|100/100
|-ability|p2a: Ting-Lu|Vessel of Ruin
|move|p1a: Zapdos|Hurricane|p2a: Ting-Lu|[miss]
|-miss|p1a: Zapdos|p2a: Ting-Lu
|
|upkeep
|turn|3
|
|t:|1757959279
|switch|p1a: Lokix|Lokix, M, shiny|100/100
|move|p2a: Ting-Lu|Stealth Rock|p1a: Lokix
|-sidestart|p1: JacezZ|move: Stealth Rock
|
|upkeep
|turn|4
|
|t:|1757959284
|switch|p2a: Weezing|Weezing-Galar, F|100/100
|-ability|p2a: Weezing|Neutralizing Gas
|move|p1a: Lokix|Knock Off|p2a: Weezing
|-resisted|p2a: Weezing
|-damage|p2a: Weezing|80/100
|-enditem|p2a: Weezing|Heavy-Duty Boots|[from] move: Knock Off|[of] p1a: Lokix
|
|upkeep
|turn|5
|
|t:|1757959292
|switch|p1a: Zapdos|Zapdos|100/100
|move|p2a: Weezing|Will-O-Wisp|p1a: Zapdos
|-status|p1a: Zapdos|brn
|
|-damage|p1a: Zapdos|94/100 brn|[from] brn
|upkeep
|turn|6
|
|t:|1757959299
|-end|p2a: Weezing|ability: Neutralizing Gas
|-ability|p1a: Zapdos|Pressure
|switch|p2a: Ting-Lu|Ting-Lu|100/100
|-ability|p2a: Ting-Lu|Vessel of Ruin
|move|p1a: Zapdos|Hurricane|p2a: Ting-Lu
|-damage|p2a: Ting-Lu|81/100
|-start|p2a: Ting-Lu|confusion
|
|-heal|p2a: Ting-Lu|87/100|[from] item: Leftovers
|-damage|p1a: Zapdos|88/100 brn|[from] brn
|upkeep
|turn|7
|
|t:|1757959314
|move|p1a: Zapdos|Hurricane|p2a: Ting-Lu
|-damage|p2a: Ting-Lu|68/100
|-activate|p2a: Ting-Lu|confusion
|move|p2a: Ting-Lu|Whirlwind|p1a: Zapdos
|drag|p1a: Pecharunt|Pecharunt|100/100
|-damage|p1a: Pecharunt|88/100|[from] Stealth Rock
|
|-heal|p2a: Ting-Lu|74/100|[from] item: Leftovers
|upkeep
|turn|8
|
|t:|1757959323
|switch|p2a: Iron Crown|Iron Crown|100/100
|move|p1a: Pecharunt|Parting Shot|p2a: Iron Crown
|-unboost|p2a: Iron Crown|atk|1
|-unboost|p2a: Iron Crown|spa|1
|
|t:|1757959327
|switch|p1a: Iron Treads|Iron Treads|100/100|[from] Parting Shot
|
|upkeep
|turn|9
|
|t:|1757959334
|move|p1a: Iron Treads|Earthquake|p2a: Iron Crown
|-supereffective|p2a: Iron Crown
|-damage|p2a: Iron Crown|0 fnt
|faint|p2a: Iron Crown
|-end|p2a: Iron Crown|Quark Drive|[silent]
|
|upkeep
|
|t:|1757959341
|switch|p2a: Dragapult|Dragapult, F|100/100
|turn|10
|
|t:|1757959345
|move|p2a: Dragapult|Will-O-Wisp|p1a: Iron Treads
|-status|p1a: Iron Treads|brn
|move|p1a: Iron Treads|Volt Switch|p2a: Dragapult
|-resisted|p2a: Dragapult
|-damage|p2a: Dragapult|92/100
|
|t:|1757959353
|-end|p1a: Iron Treads|Quark Drive|[silent]
|switch|p1a: Zapdos|Zapdos|88/100 brn|[from] Volt Switch
|-ability|p1a: Zapdos|Pressure
|
|-damage|p1a: Zapdos|82/100 brn|[from] brn
|upkeep
|turn|11
|
|t:|1757959361
|move|p2a: Dragapult|Hex|p1a: Zapdos
|-damage|p1a: Zapdos|34/100 brn
|move|p1a: Zapdos|Thunder Wave|p2a: Dragapult
|-status|p2a: Dragapult|par
|
|-damage|p1a: Zapdos|28/100 brn|[from] brn
|upkeep
|turn|12
|
|t:|1757959370
|move|p1a: Zapdos|Volt Switch|p2a: Dragapult
|-resisted|p2a: Dragapult
|-damage|p2a: Dragapult|68/100 par
|-start|p1a: Zapdos|Disable|Volt Switch|[from] ability: Cursed Body|[of] p2a: Dragapult
|
|t:|1757959380
|switch|p1a: Swampert|Swampert, F|100/100|[from] Volt Switch
|-damage|p1a: Swampert|94/100|[from] Stealth Rock
|move|p2a: Dragapult|Hex|p1a: Swampert
|-damage|p1a: Swampert|77/100
|
|-heal|p1a: Swampert|83/100|[from] item: Leftovers
|upkeep
|turn|13
|
|t:|1757959395
|move|p2a: Dragapult|Will-O-Wisp|p1a: Swampert
|-status|p1a: Swampert|brn
|move|p1a: Swampert|Stealth Rock|p2a: Dragapult
|-sidestart|p2: ekud|move: Stealth Rock
|
|-heal|p1a: Swampert|90/100 brn|[from] item: Leftovers
|-damage|p1a: Swampert|83/100 brn|[from] brn
|upkeep
|turn|14
|
|t:|1757959403
|cant|p2a: Dragapult|par
|move|p1a: Swampert|Flip Turn|p2a: Dragapult
|-resisted|p2a: Dragapult
|-damage|p2a: Dragapult|60/100 par
|-start|p1a: Swampert|Disable|Flip Turn|[from] ability: Cursed Body|[of] p2a: Dragapult
|
|t:|1757959411
|switch|p1a: Zapdos|Zapdos|28/100 brn|[from] Flip Turn
|-ability|p1a: Zapdos|Pressure
|
|-damage|p1a: Zapdos|21/100 brn|[from] brn
|upkeep
|turn|15
|
|t:|1757959426
|move|p1a: Zapdos|Hurricane|p2a: Dragapult
|-damage|p2a: Dragapult|0 fnt
|faint|p2a: Dragapult
|
|-damage|p1a: Zapdos|15/100 brn|[from] brn
|upkeep
|
|t:|1757959431
|switch|p2a: Zapdos|Zapdos|100/100
|turn|16
|
|t:|1757959437
|switch|p1a: Iron Treads|Iron Treads|100/100 brn
|move|p2a: Zapdos|Hurricane|p1a: Iron Treads
|-resisted|p1a: Iron Treads
|-damage|p1a: Iron Treads|61/100 brn
|
|-damage|p1a: Iron Treads|54/100 brn|[from] brn
|upkeep
|turn|17
|
|t:|1757959446
|move|p1a: Iron Treads|Rapid Spin|p2a: Zapdos
|-damage|p2a: Zapdos|92/100
|-boost|p1a: Iron Treads|spe|1
|-sideend|p1: JacezZ|Stealth Rock|[from] move: Rapid Spin|[of] p1a: Iron Treads
|move|p2a: Zapdos|Heat Wave|p1a: Iron Treads
|-supereffective|p1a: Iron Treads
|-damage|p1a: Iron Treads|0 fnt
|faint|p1a: Iron Treads
|-end|p1a: Iron Treads|Quark Drive|[silent]
|
|upkeep
|
|t:|1757959449
|switch|p1a: Ogerpon|Ogerpon-Cornerstone, F|100/100
|turn|18
|
|t:|1757959458
|move|p1a: Ogerpon|Ivy Cudgel|p2a: Zapdos|[anim] Ivy Cudgel Rock
|-supereffective|p2a: Zapdos
|-damage|p2a: Zapdos|0 fnt
|faint|p2a: Zapdos
|
|upkeep
|
|t:|1757959462
|switch|p2a: Weezing|Weezing-Galar, F|80/100
|-ability|p2a: Weezing|Neutralizing Gas
|-damage|p2a: Weezing|68/100|[from] Stealth Rock
|turn|19
|
|t:|1757959468
|move|p1a: Ogerpon|U-turn|p2a: Weezing
|-resisted|p2a: Weezing
|-damage|p2a: Weezing|63/100
|
|t:|1757959470
|switch|p1a: Zapdos|Zapdos|15/100 brn|[from] U-turn
|move|p2a: Weezing|Will-O-Wisp|p1a: Zapdos
|-fail|p1a: Zapdos|brn
|
|-damage|p1a: Zapdos|9/100 brn|[from] brn
|upkeep
|turn|20
|
|t:|1757959477
|-end|p2a: Weezing|ability: Neutralizing Gas
|-ability|p1a: Zapdos|Pressure
|switch|p2a: Ting-Lu|Ting-Lu|74/100
|-damage|p2a: Ting-Lu|68/100|[from] Stealth Rock
|-ability|p2a: Ting-Lu|Vessel of Ruin
|move|p1a: Zapdos|Hurricane|p2a: Ting-Lu|[miss]
|-miss|p1a: Zapdos|p2a: Ting-Lu
|
|-heal|p2a: Ting-Lu|74/100|[from] item: Leftovers
|-damage|p1a: Zapdos|3/100 brn|[from] brn
|upkeep
|turn|21
|
|t:|1757959501
|switch|p1a: Lokix|Lokix, M, shiny|100/100
|move|p2a: Ting-Lu|Earthquake|p1a: Lokix
|-resisted|p1a: Lokix
|-damage|p1a: Lokix|74/100
|
|-heal|p2a: Ting-Lu|80/100|[from] item: Leftovers
|upkeep
|turn|22
|
|t:|1757959508
|move|p1a: Lokix|U-turn|p2a: Ting-Lu
|-supereffective|p2a: Ting-Lu
|-damage|p2a: Ting-Lu|27/100
|
|t:|1757959524
|switch|p1a: Ogerpon|Ogerpon-Cornerstone, F|100/100|[from] U-turn
|move|p2a: Ting-Lu|Stealth Rock|p1a: Ogerpon
|-sidestart|p1: JacezZ|move: Stealth Rock
|
|-heal|p2a: Ting-Lu|34/100|[from] item: Leftovers
|upkeep
|turn|23
|
|t:|1757959531
|move|p1a: Ogerpon|Power Whip|p2a: Ting-Lu
|-supereffective|p2a: Ting-Lu
|-damage|p2a: Ting-Lu|0 fnt
|faint|p2a: Ting-Lu
|
|upkeep
|
|t:|1757959536
|switch|p2a: Weezing|Weezing-Galar, F|63/100
|-ability|p2a: Weezing|Neutralizing Gas
|-damage|p2a: Weezing|51/100|[from] Stealth Rock
|turn|24
|
|t:|1757959544
|move|p1a: Ogerpon|U-turn|p2a: Weezing
|-resisted|p2a: Weezing
|-damage|p2a: Weezing|47/100
|
|t:|1757959551
|switch|p1a: Zapdos|Zapdos|3/100 brn|[from] U-turn
|move|p2a: Weezing|Toxic Spikes|p1a: Zapdos
|-sidestart|p1: JacezZ|move: Toxic Spikes
|
|-damage|p1a: Zapdos|0 fnt|[from] brn
|faint|p1a: Zapdos
|upkeep
|
|t:|1757959555
|switch|p1a: Pecharunt|Pecharunt|88/100
|-damage|p1a: Pecharunt|76/100|[from] Stealth Rock
|-sideend|p1: JacezZ|move: Toxic Spikes|[of] p1a: Pecharunt
|turn|25
|
|t:|1757959562
|move|p1a: Pecharunt|Malignant Chain|p2a: Weezing
|-damage|p2a: Weezing|2/100
|move|p2a: Weezing|Will-O-Wisp|p1a: Pecharunt
|-status|p1a: Pecharunt|brn
|
|-damage|p1a: Pecharunt|70/100 brn|[from] brn
|upkeep
|turn|26
|
|t:|1757959572
|move|p1a: Pecharunt|Parting Shot|p2a: Weezing
|-unboost|p2a: Weezing|atk|1
|-unboost|p2a: Weezing|spa|1
|
|t:|1757959574
|switch|p1a: Ogerpon|Ogerpon-Cornerstone, F|100/100|[from] Parting Shot
|-damage|p1a: Ogerpon|88/100|[from] Stealth Rock
|move|p2a: Weezing|Pain Split|p1a: Ogerpon
|-sethp|p1a: Ogerpon|45/100|[from] move: Pain Split|[silent]
|-sethp|p2a: Weezing|41/100|[from] move: Pain Split
|
|upkeep
|turn|27
|
|t:|1757959583
|-terastallize|p1a: Ogerpon|Rock
|detailschange|p1a: Ogerpon|Ogerpon-Cornerstone-Tera, F, tera:Rock
|move|p1a: Ogerpon|Ivy Cudgel|p2a: Weezing|[anim] Ivy Cudgel Rock
|-damage|p2a: Weezing|0 fnt
|faint|p2a: Weezing
|-end|p2a: Weezing|ability: Neutralizing Gas
|-ability|p1a: Ogerpon|Embody Aspect (Cornerstone)|boost
|-boost|p1a: Ogerpon|def|1
|
|upkeep
|
|t:|1757959591
|switch|p2a: Dragonite|Dragonite, F|100/100
|turn|28
|
|t:|1757959595
|-terastallize|p2a: Dragonite|Normal
|move|p1a: Ogerpon|Ivy Cudgel|p2a: Dragonite|[anim] Ivy Cudgel Rock
|-damage|p2a: Dragonite|58/100
|move|p2a: Dragonite|Dragon Dance|p2a: Dragonite
|-boost|p2a: Dragonite|atk|1
|-boost|p2a: Dragonite|spe|1
|
|upkeep
|turn|29
|
|t:|1757959610
|move|p2a: Dragonite|Earthquake|p1a: Ogerpon
|-supereffective|p1a: Ogerpon
|-damage|p1a: Ogerpon|0 fnt
|faint|p1a: Ogerpon
|detailschange|p1: Ogerpon|Ogerpon-Cornerstone, F|[silent]
|
|upkeep
|
|t:|1757959613
|switch|p1a: Pecharunt|Pecharunt|70/100 brn
|-damage|p1a: Pecharunt|57/100 brn|[from] Stealth Rock
|turn|30
|
|t:|1757959617
|move|p2a: Dragonite|Earthquake|p1a: Pecharunt
|-supereffective|p1a: Pecharunt
|-damage|p1a: Pecharunt|5/100 brn
|move|p1a: Pecharunt|Malignant Chain|p2a: Dragonite
|-damage|p2a: Dragonite|26/100
|
|-damage|p1a: Pecharunt|0 fnt|[from] brn
|faint|p1a: Pecharunt
|upkeep
|
|t:|1757959624
|switch|p1a: Swampert|Swampert, F|83/100 brn
|-damage|p1a: Swampert|77/100 brn|[from] Stealth Rock
|turn|31
|
|t:|1757959628
|move|p2a: Dragonite|Roost|p2a: Dragonite
|-heal|p2a: Dragonite|76/100
|move|p1a: Swampert|Earthquake|p2a: Dragonite
|-damage|p2a: Dragonite|58/100
|
|-heal|p1a: Swampert|83/100 brn|[from] item: Leftovers
|-damage|p1a: Swampert|77/100 brn|[from] brn
|upkeep
|turn|32
|
|t:|1757959638
|move|p2a: Dragonite|Roost|p2a: Dragonite
|-heal|p2a: Dragonite|100/100
|move|p1a: Swampert|Flip Turn|p2a: Dragonite
|-damage|p2a: Dragonite|94/100
|-message|JacezZ forfeited.
|
|win|ekud
|raw|JacezZ's rating: 1372 &rarr; <strong>1351</strong><br />(-21 for losing)
|raw|ekud's rating: 1358 &rarr; <strong>1379</strong><br />(+21 for winning)
|l|☆JacezZ
|player|p1|
