|j|☆Quiero mucho a Mar
|j|☆Forever1507
|t:|1757931276
|gametype|singles
|player|p1|Quiero mucho a Mar|firebreather-gen2|1644
|player|p2|Forever1507|1|1635
|gen|9
|tier|[Gen 9] OU
|rated|
|rule|HP Percentage Mod: HP is shown in percentages
|rule|Endless Battle Clause: Forcing endless battles is banned
|rule|Species Clause: Limit one of each Pokémon
|rule|OHKO Clause: OHKO moves are banned
|rule|Evasion Items Clause: Evasion items are banned
|rule|Evasion Moves Clause: Evasion moves are banned
|rule|Evasion Abilities Clause: Evasion abilities are banned
|rule|Sleep Moves Clause: Sleep-inducing moves are banned
|clearpoke
|poke|p1|Samurott-Hisui, F|
|poke|p1|Garganacl, F|
|poke|p1|Gholdengo|
|poke|p1|Iron Valiant|
|poke|p1|Kingambit, M|
|poke|p1|Dragonite, F|
|poke|p2|Rillaboom, F|
|poke|p2|Iron Treads|
|poke|p2|Rotom-Wash|
|poke|p2|Slowking-Galar, M|
|poke|p2|Kyurem|
|poke|p2|Moltres-Galar|
|teampreview
|j| argotheleaf
|inactive|Battle timer is ON: inactive players will automatically lose when time's up. (requested by Forever1507)
|j| Disscratch
|
|t:|1757931292
|teamsize|p1|6
|teamsize|p2|6
|start
|switch|p1a: Garganacl|Garganacl, F|100/100
|switch|p2a: Rillaboom|Rillaboom, F|100/100
|-fieldstart|move: Grassy Terrain|[from] ability: Grassy Surge|[of] p2a: Rillaboom
|turn|1
|
|t:|1757931300
|move|p2a: Rillaboom|Wood Hammer|p1a: Garganacl
|-supereffective|p1a: Garganacl
|-crit|p1a: Garganacl
|-ability|p1a: Garganacl|Sturdy
|-damage|p1a: Garganacl|1/100
|-damage|p2a: Rillaboom|68/100|[from] Recoil
|move|p1a: Garganacl|Stealth Rock|p2a: Rillaboom
|-sidestart|p2: Forever1507|move: Stealth Rock
|
|-heal|p2a: Rillaboom|74/100|[from] Grassy Terrain
|-heal|p1a: Garganacl|7/100|[from] Grassy Terrain
|upkeep
|turn|2
|c|☆Forever1507|？
|-enditem|p1a: Garganacl|Custap Berry|[eat]
|-activate|p1a: Garganacl|item: Custap Berry|[consumed]
|
|t:|1757931307
|move|p1a: Garganacl|Explosion|p2a: Rillaboom
|-damage|p2a: Rillaboom|0 fnt
|faint|p1a: Garganacl
|faint|p2a: Rillaboom
|
|upkeep
|c|☆Forever1507|Wow
|
|t:|1757931314
|switch|p2a: Iron Treads|Iron Treads|100/100
|switch|p1a: Samurott|Samurott-Hisui, F|100/100
|-damage|p2a: Iron Treads|98/100|[from] Stealth Rock
|turn|3
|inactive|Quiero mucho a Mar has 120 seconds left.
|j| Jey2
|
|t:|1757931360
|switch|p1a: Gholdengo|Gholdengo|100/100
|-item|p1a: Gholdengo|Air Balloon
|move|p2a: Iron Treads|Rapid Spin|p1a: Gholdengo
|-immune|p1a: Gholdengo
|
|-heal|p2a: Iron Treads|100/100|[from] Grassy Terrain
|upkeep
|turn|4
|
|t:|1757931368
|move|p2a: Iron Treads|Knock Off|p1a: Gholdengo
|-supereffective|p1a: Gholdengo
|-damage|p1a: Gholdengo|68/100
|-enditem|p1a: Gholdengo|Air Balloon
|move|p1a: Gholdengo|Focus Blast|p2a: Iron Treads|[miss]
|-miss|p1a: Gholdengo|p2a: Iron Treads
|
|-heal|p1a: Gholdengo|74/100|[from] Grassy Terrain
|upkeep
|turn|5
|inactive|Quiero mucho a Mar has 120 seconds left.
|
|t:|1757931381
|move|p2a: Iron Treads|High Horsepower|p1a: Gholdengo
|-supereffective|p1a: Gholdengo
|-damage|p1a: Gholdengo|23/100
|move|p1a: Gholdengo|Focus Blast|p2a: Iron Treads
|-supereffective|p2a: Iron Treads
|-damage|p2a: Iron Treads|44/100
|
|-heal|p2a: Iron Treads|50/100|[from] Grassy Terrain
|-heal|p2a: Iron Treads|56/100|[from] item: Leftovers
|-heal|p1a: Gholdengo|29/100|[from] Grassy Terrain
|-fieldend|move: Grassy Terrain
|upkeep
|turn|6
|inactive|Quiero mucho a Mar has 120 seconds left.
|
|t:|1757931387
|move|p2a: Iron Treads|High Horsepower|p1a: Gholdengo
|-supereffective|p1a: Gholdengo
|-damage|p1a: Gholdengo|0 fnt
|faint|p1a: Gholdengo
|
|-heal|p2a: Iron Treads|62/100|[from] item: Leftovers
|upkeep
|
|t:|1757931388
|switch|p1a: Samurott|Samurott-Hisui, F|100/100
|turn|7
|
|t:|1757931393
|-end|p2a: Iron Treads|Quark Drive|[silent]
|switch|p2a: Rotom|Rotom-Wash|100/100
|-damage|p2a: Rotom|88/100|[from] Stealth Rock
|move|p1a: Samurott|Aqua Cutter|p2a: Rotom
|-resisted|p2a: Rotom
|-damage|p2a: Rotom|67/100
|
|-heal|p2a: Rotom|74/100|[from] item: Leftovers
|upkeep
|turn|8
|
|t:|1757931402
|switch|p1a: Iron Valiant|Iron Valiant|100/100
|-enditem|p1a: Iron Valiant|Booster Energy
|-activate|p1a: Iron Valiant|ability: Quark Drive|[fromitem]
|-start|p1a: Iron Valiant|quarkdriveatk
|move|p2a: Rotom|Will-O-Wisp|p1a: Iron Valiant
|-status|p1a: Iron Valiant|brn
|
|-heal|p2a: Rotom|80/100|[from] item: Leftovers
|-damage|p1a: Iron Valiant|94/100 brn|[from] brn
|upkeep
|turn|9
|
|t:|1757931406
|move|p1a: Iron Valiant|Swords Dance|p1a: Iron Valiant
|-boost|p1a: Iron Valiant|atk|2
|move|p2a: Rotom|Hydro Pump|p1a: Iron Valiant
|-damage|p1a: Iron Valiant|22/100 brn
|
|-heal|p2a: Rotom|86/100|[from] item: Leftovers
|-damage|p1a: Iron Valiant|15/100 brn|[from] brn
|upkeep
|turn|10
|
|t:|1757931411
|move|p1a: Iron Valiant|Close Combat|p2a: Rotom
|-crit|p2a: Rotom
|-damage|p2a: Rotom|0 fnt
|-unboost|p1a: Iron Valiant|def|1
|-unboost|p1a: Iron Valiant|spd|1
|faint|p2a: Rotom
|
|-damage|p1a: Iron Valiant|9/100 brn|[from] brn
|upkeep
|
|t:|1757931418
|switch|p2a: Moltres|Moltres-Galar|100/100
|-damage|p2a: Moltres|76/100|[from] Stealth Rock
|turn|11
|
|t:|1757931440
|move|p2a: Moltres|Foul Play|p1a: Iron Valiant
|-resisted|p1a: Iron Valiant
|-damage|p1a: Iron Valiant|0 fnt
|faint|p1a: Iron Valiant
|-end|p1a: Iron Valiant|Quark Drive|[silent]
|
|upkeep
|j| cris peacock
|
|t:|1757931446
|switch|p1a: Kingambit|Kingambit, M|100/100
|-activate|p1a: Kingambit|ability: Supreme Overlord
|-start|p1a: Kingambit|fallen3|[silent]
|turn|12
|
|t:|1757931452
|move|p2a: Moltres|Foul Play|p1a: Kingambit
|-resisted|p1a: Kingambit
|-damage|p1a: Kingambit|78/100
|move|p1a: Kingambit|Kowtow Cleave|p2a: Moltres
|-resisted|p2a: Moltres
|-damage|p2a: Moltres|35/100
|-ability|p2a: Moltres|Berserk|boost
|-boost|p2a: Moltres|spa|1
|
|-heal|p1a: Kingambit|84/100|[from] item: Leftovers
|upkeep
|turn|13
|
|t:|1757931459
|move|p1a: Kingambit|Sucker Punch|p2a: Moltres
|-resisted|p2a: Moltres
|-damage|p2a: Moltres|6/100
|move|p2a: Moltres|Foul Play|p1a: Kingambit
|-resisted|p1a: Kingambit
|-damage|p1a: Kingambit|59/100
|
|-heal|p1a: Kingambit|65/100|[from] item: Leftovers
|upkeep
|turn|14
|
|t:|1757931464
|move|p1a: Kingambit|Sucker Punch|p2a: Moltres
|-resisted|p2a: Moltres
|-damage|p2a: Moltres|0 fnt
|faint|p2a: Moltres
|
|-heal|p1a: Kingambit|71/100|[from] item: Leftovers
|upkeep
|
|t:|1757931466
|switch|p2a: Iron Treads|Iron Treads|62/100
|-damage|p2a: Iron Treads|60/100|[from] Stealth Rock
|turn|15
|
|t:|1757931472
|move|p2a: Iron Treads|High Horsepower|p1a: Kingambit
|-supereffective|p1a: Kingambit
|-damage|p1a: Kingambit|9/100
|move|p1a: Kingambit|Kowtow Cleave|p2a: Iron Treads
|-damage|p2a: Iron Treads|7/100
|
|-heal|p2a: Iron Treads|13/100|[from] item: Leftovers
|-heal|p1a: Kingambit|15/100|[from] item: Leftovers
|upkeep
|turn|16
|
|t:|1757931476
|move|p1a: Kingambit|Sucker Punch||[still]
|-fail|p1a: Kingambit
|move|p2a: Iron Treads|Stealth Rock|p1a: Kingambit
|-sidestart|p1: Quiero mucho a Mar|move: Stealth Rock
|
|-heal|p2a: Iron Treads|19/100|[from] item: Leftovers
|-heal|p1a: Kingambit|22/100|[from] item: Leftovers
|upkeep
|turn|17
|
|t:|1757931478
|move|p1a: Kingambit|Sucker Punch|p2a: Iron Treads
|-damage|p2a: Iron Treads|0 fnt
|faint|p2a: Iron Treads
|-end|p2a: Iron Treads|Quark Drive|[silent]
|
|-heal|p1a: Kingambit|28/100|[from] item: Leftovers
|upkeep
|
|t:|1757931480
|switch|p2a: Kyurem|Kyurem|100/100
|-damage|p2a: Kyurem|76/100|[from] Stealth Rock
|-ability|p2a: Kyurem|Pressure
|turn|18
|
|t:|1757931484
|-terastallize|p2a: Kyurem|Ice
|move|p2a: Kyurem|Freeze-Dry|p1a: Kingambit
|-resisted|p1a: Kingambit
|-damage|p1a: Kingambit|0 fnt
|faint|p1a: Kingambit
|-end|p1a: Kingambit|fallen3|[silent]
|
|upkeep
|
|t:|1757931488
|switch|p1a: Samurott|Samurott-Hisui, F|100/100
|-damage|p1a: Samurott|88/100|[from] Stealth Rock
|turn|19
|
|t:|1757931493
|move|p1a: Samurott|Knock Off|p2a: Kyurem
|-damage|p2a: Kyurem|36/100
|-enditem|p2a: Kyurem|Choice Specs|[from] move: Knock Off|[of] p1a: Samurott
|move|p2a: Kyurem|Freeze-Dry|p1a: Samurott
|-supereffective|p1a: Samurott
|-damage|p1a: Samurott|0 fnt
|faint|p1a: Samurott
|
|upkeep
|
|t:|1757931495
|switch|p1a: Dragonite|Dragonite, F|100/100
|turn|20
|
|t:|1757931498
|-terastallize|p1a: Dragonite|Ghost
|move|p2a: Kyurem|Ice Beam|p1a: Dragonite
|-damage|p1a: Dragonite|68/100
|move|p1a: Dragonite|Dragon Dance|p1a: Dragonite
|-boost|p1a: Dragonite|atk|1
|-boost|p1a: Dragonite|spe|1
|
|upkeep
|turn|21
|
|t:|1757931502
|move|p1a: Dragonite|Tera Blast|p2a: Kyurem|[anim] Tera Blast Ghost
|-damage|p2a: Kyurem|0 fnt
|faint|p2a: Kyurem
|
|upkeep
|
|t:|1757931503
|switch|p2a: Slowking|Slowking-Galar, M|100/100
|turn|22
|
|t:|1757931527
|move|p1a: Dragonite|Tera Blast|p2a: Slowking|[anim] Tera Blast Ghost
|-supereffective|p2a: Slowking
|-damage|p2a: Slowking|0 fnt
|faint|p2a: Slowking
|
|win|Quiero mucho a Mar
|raw|Quiero mucho a Mar's rating: 1644 &rarr; <strong>1663</strong><br />(+19 for winning)
|raw|Forever1507's rating: 1635 &rarr; <strong>1616</strong><br />(-19 for losing)
|l|☆Quiero mucho a Mar
|player|p1|
|l| Jey2
|l|☆Forever1507
|player|p2|
|l| cris peacock
