|j|☆sleep2501340442
|j|☆flygonisdragon
|t:|1757829661
|gametype|singles
|player|p1|sleep2501340442|idol|1573
|player|p2|flygonisdragon|serena-masters|1475
|gen|9
|tier|[Gen 9] OU
|rated|
|rule|HP Percentage Mod: HP is shown in percentages
|rule|Endless Battle Clause: Forcing endless battles is banned
|rule|Species Clause: Limit one of each Pokémon
|rule|OHKO Clause: OHKO moves are banned
|rule|Evasion Items Clause: Evasion items are banned
|rule|Evasion Moves Clause: Evasion moves are banned
|rule|Evasion Abilities Clause: Evasion abilities are banned
|rule|Sleep Moves Clause: Sleep-inducing moves are banned
|clearpoke
|poke|p1|Slowking-Galar, M|
|poke|p1|Kyurem|
|poke|p1|Cinderace, M|
|poke|p1|Landorus-Therian, M|
|poke|p1|Kingambit, M|
|poke|p1|Iron Valiant|
|poke|p2|Volcanion|
|poke|p2|Metagross|
|poke|p2|Hatterene, F|
|poke|p2|Rillaboom, M|
|poke|p2|Fezandipiti, M|
|poke|p2|Regidrago|
|teampreview
|
|t:|1757829684
|teamsize|p1|6
|teamsize|p2|6
|start
|switch|p1a: Kyurem|Kyurem|100/100
|switch|p2a: Rillaboom|Rillaboom, M|100/100
|-ability|p1a: Kyurem|Pressure
|-fieldstart|move: Grassy Terrain|[from] ability: Grassy Surge|[of] p2a: Rillaboom
|turn|1
|
|t:|1757829695
|switch|p2a: Fezandipiti|Fezandipiti, M|100/100
|move|p1a: Kyurem|Freeze-Dry|p2a: Fezandipiti
|-damage|p2a: Fezandipiti|70/100
|-status|p2a: Fezandipiti|frz
|
|-heal|p2a: Fezandipiti|76/100 frz|[from] Grassy Terrain
|upkeep
|turn|2
|
|t:|1757829710
|switch|p1a: Slowking|Slowking-Galar, M|100/100
|cant|p2a: Fezandipiti|frz
|
|-heal|p2a: Fezandipiti|82/100 frz|[from] Grassy Terrain
|upkeep
|turn|3
|
|t:|1757829715
|cant|p2a: Fezandipiti|frz
|move|p1a: Slowking|Sludge Wave|p2a: Fezandipiti
|-damage|p2a: Fezandipiti|63/100 frz
|
|-heal|p2a: Fezandipiti|69/100 frz|[from] Grassy Terrain
|upkeep
|turn|4
|
|t:|1757829719
|cant|p2a: Fezandipiti|frz
|move|p1a: Slowking|Future Sight|p2a: Fezandipiti
|-start|p1a: Slowking|move: Future Sight
|
|-heal|p2a: Fezandipiti|75/100 frz|[from] Grassy Terrain
|upkeep
|turn|5
|
|t:|1757829722
|-curestatus|p2a: Fezandipiti|frz|[msg]
|move|p2a: Fezandipiti|Tailwind|p2a: Fezandipiti
|-sidestart|p2: flygonisdragon|move: Tailwind
|-prepare|p1a: Slowking|Chilly Reception|[premajor]
|move|p1a: Slowking|Chilly Reception|p1a: Slowking
|-weather|Snowscape
|
|t:|1757829732
|switch|p1a: Kingambit|Kingambit, M|100/100|[from] Chilly Reception
|
|-weather|Snowscape|[upkeep]
|-heal|p2a: Fezandipiti|81/100|[from] Grassy Terrain
|-fieldend|move: Grassy Terrain
|upkeep
|turn|6
|
|t:|1757829750
|switch|p2a: Volcanion|Volcanion|100/100
|move|p1a: Kingambit|Iron Head|p2a: Volcanion
|-resisted|p2a: Volcanion
|-damage|p2a: Volcanion|90/100
|
|-weather|Snowscape|[upkeep]
|-end|p2a: Volcanion|move: Future Sight
|-damage|p2a: Volcanion|31/100
|upkeep
|turn|7
|
|t:|1757829760
|move|p1a: Kingambit|Sucker Punch|p2a: Volcanion
|-damage|p2a: Volcanion|0 fnt
|faint|p2a: Volcanion
|
|-weather|Snowscape|[upkeep]
|upkeep
|
|t:|1757829772
|switch|p2a: Regidrago|Regidrago|100/100
|turn|8
|
|t:|1757829777
|-end|p1a: Kingambit|fallenundefined|[silent]
|switch|p1a: Slowking|Slowking-Galar, M|100/100
|move|p2a: Regidrago|Earth Power|p1a: Slowking
|-supereffective|p1a: Slowking
|-damage|p1a: Slowking|58/100
|
|-weather|Snowscape|[upkeep]
|-heal|p1a: Slowking|64/100|[from] item: Leftovers
|-sideend|p2: flygonisdragon|move: Tailwind
|upkeep
|turn|9
|
|t:|1757829786
|switch|p2a: Metagross|Metagross|100/100
|-prepare|p1a: Slowking|Chilly Reception|[premajor]
|move|p1a: Slowking|Chilly Reception|p1a: Slowking
|
|t:|1757829789
|switch|p1a: Kingambit|Kingambit, M|100/100|[from] Chilly Reception
|
|-weather|none
|upkeep
|turn|10
|
|t:|1757829793
|-end|p1a: Kingambit|fallenundefined|[silent]
|switch|p1a: Slowking|Slowking-Galar, M|98/100
|move|p2a: Metagross|Stealth Rock|p1a: Slowking
|-sidestart|p1: sleep2501340442|move: Stealth Rock
|
|-heal|p1a: Slowking|100/100|[from] item: Leftovers
|upkeep
|turn|11
|
|t:|1757829800
|move|p2a: Metagross|Psychic Fangs|p1a: Slowking
|-damage|p1a: Slowking|28/100
|-damage|p2a: Metagross|91/100|[from] item: Life Orb
|move|p1a: Slowking|Thunder Wave|p2a: Metagross
|-status|p2a: Metagross|par
|
|-heal|p1a: Slowking|34/100|[from] item: Leftovers
|upkeep
|turn|12
|
|t:|1757829807
|switch|p1a: Landorus|Landorus-Therian, M|100/100
|-damage|p1a: Landorus|88/100|[from] Stealth Rock
|-ability|p1a: Landorus|Intimidate|boost
|-fail|p2a: Metagross|unboost|[from] ability: Clear Body|[of] p2a: Metagross
|cant|p2a: Metagross|par
|
|upkeep
|turn|13
|
|t:|1757829815
|move|p1a: Landorus|Earthquake|p2a: Metagross
|-supereffective|p2a: Metagross
|-damage|p2a: Metagross|1/100 par
|move|p2a: Metagross|Explosion|p1a: Landorus
|-damage|p1a: Landorus|0 fnt
|faint|p2a: Metagross
|faint|p1a: Landorus
|
|upkeep
|
|t:|1757829831
|switch|p2a: Hatterene|Hatterene, F|100/100
|switch|p1a: Cinderace|Cinderace, M|100/100
|turn|14
|
|t:|1757829836
|move|p1a: Cinderace|Court Change|p1a: Cinderace
|-start|p1a: Cinderace|typechange|Normal|[from] ability: Libero
|-swapsideconditions
|-activate|p1a: Cinderace|move: Court Change
|move|p2a: Hatterene|Psychic Noise|p1a: Cinderace
|-damage|p1a: Cinderace|49/100
|-start|p1a: Cinderace|move: Heal Block
|
|upkeep
|turn|15
|
|t:|1757829877
|move|p1a: Cinderace|U-turn|p2a: Hatterene
|-damage|p2a: Hatterene|80/100
|
|t:|1757829885
|switch|p1a: Slowking|Slowking-Galar, M|68/100|[from] U-turn
|move|p2a: Hatterene|Psychic Noise|p1a: Slowking
|-damage|p1a: Slowking|47/100
|-start|p1a: Slowking|move: Heal Block
|
|-heal|p2a: Hatterene|86/100|[from] item: Leftovers
|upkeep
|turn|16
|
|t:|1757829891
|move|p2a: Hatterene|Calm Mind|p2a: Hatterene
|-boost|p2a: Hatterene|spa|1
|-boost|p2a: Hatterene|spd|1
|-prepare|p1a: Slowking|Chilly Reception|[premajor]
|move|p1a: Slowking|Chilly Reception|p1a: Slowking
|-weather|Snowscape
|
|t:|1757829894
|switch|p1a: Kingambit|Kingambit, M|100/100|[from] Chilly Reception
|-activate|p1a: Kingambit|ability: Supreme Overlord
|-start|p1a: Kingambit|fallen1|[silent]
|
|-weather|Snowscape|[upkeep]
|-heal|p2a: Hatterene|92/100|[from] item: Leftovers
|upkeep
|turn|17
|
|t:|1757829898
|-terastallize|p2a: Hatterene|Water
|move|p1a: Kingambit|Iron Head|p2a: Hatterene
|-resisted|p2a: Hatterene
|-damage|p2a: Hatterene|72/100
|move|p2a: Hatterene|Mystical Fire|p1a: Kingambit
|-supereffective|p1a: Kingambit
|-damage|p1a: Kingambit|34/100
|-unboost|p1a: Kingambit|spa|1
|
|-weather|Snowscape|[upkeep]
|-heal|p1a: Kingambit|40/100|[from] item: Leftovers
|-heal|p2a: Hatterene|78/100|[from] item: Leftovers
|upkeep
|turn|18
|
|t:|1757829915
|move|p1a: Kingambit|Kowtow Cleave|p2a: Hatterene
|-damage|p2a: Hatterene|28/100
|move|p2a: Hatterene|Mystical Fire|p1a: Kingambit
|-supereffective|p1a: Kingambit
|-damage|p1a: Kingambit|0 fnt
|faint|p1a: Kingambit
|-end|p1a: Kingambit|fallen1|[silent]
|
|-weather|Snowscape|[upkeep]
|-heal|p2a: Hatterene|34/100|[from] item: Leftovers
|upkeep
|
|t:|1757829920
|switch|p1a: Kyurem|Kyurem|100/100
|-ability|p1a: Kyurem|Pressure
|turn|19
|
|t:|1757829927
|move|p1a: Kyurem|Freeze-Dry|p2a: Hatterene
|-supereffective|p2a: Hatterene
|-damage|p2a: Hatterene|0 fnt
|faint|p2a: Hatterene
|
|-weather|Snowscape|[upkeep]
|upkeep
|
|t:|1757829928
|switch|p2a: Fezandipiti|Fezandipiti, M|81/100
|turn|20
|
|t:|1757829934
|switch|p1a: Slowking|Slowking-Galar, M|80/100
|move|p2a: Fezandipiti|Moonblast|p1a: Slowking
|-resisted|p1a: Slowking
|-damage|p1a: Slowking|73/100
|
|-weather|none
|-heal|p1a: Slowking|79/100|[from] item: Leftovers
|upkeep
|turn|21
|
|t:|1757829949
|move|p2a: Fezandipiti|U-turn|p1a: Slowking
|-damage|p1a: Slowking|65/100
|
|t:|1757829951
|switch|p2a: Regidrago|Regidrago|100/100|[from] U-turn
|-damage|p2a: Regidrago|88/100|[from] Stealth Rock
|move|p1a: Slowking|Future Sight|p2a: Regidrago
|-start|p1a: Slowking|move: Future Sight
|
|-heal|p1a: Slowking|71/100|[from] item: Leftovers
|upkeep
|turn|22
|
|t:|1757829961
|move|p2a: Regidrago|Draco Meteor|p1a: Slowking
|-damage|p1a: Slowking|0 fnt
|-unboost|p2a: Regidrago|spa|2
|faint|p1a: Slowking
|
|upkeep
|
|t:|1757829966
|switch|p1a: Kyurem|Kyurem|100/100
|-ability|p1a: Kyurem|Pressure
|turn|23
|
|t:|1757829972
|switch|p2a: Fezandipiti|Fezandipiti, M|81/100
|move|p1a: Kyurem|Blizzard|p2a: Fezandipiti|[miss]
|-miss|p1a: Kyurem|p2a: Fezandipiti
|
|-end|p2a: Fezandipiti|move: Future Sight
|-supereffective|p2a: Fezandipiti
|-damage|p2a: Fezandipiti|34/100
|upkeep
|turn|24
|
|t:|1757829977
|move|p1a: Kyurem|Blizzard|p2a: Fezandipiti
|-damage|p2a: Fezandipiti|0 fnt
|faint|p2a: Fezandipiti
|
|upkeep
|
|t:|1757829980
|switch|p2a: Regidrago|Regidrago|88/100
|-damage|p2a: Regidrago|76/100|[from] Stealth Rock
|turn|25
|
|t:|1757829985
|switch|p1a: Cinderace|Cinderace, M|49/100
|move|p2a: Regidrago|Draco Meteor|p1a: Cinderace
|-damage|p1a: Cinderace|0 fnt
|-unboost|p2a: Regidrago|spa|2
|faint|p1a: Cinderace
|
|upkeep
|
|t:|1757829990
|switch|p1a: Iron Valiant|Iron Valiant|100/100
|-enditem|p1a: Iron Valiant|Booster Energy
|-activate|p1a: Iron Valiant|ability: Quark Drive|[fromitem]
|-start|p1a: Iron Valiant|quarkdrivespe
|turn|26
|
|t:|1757829993
|move|p1a: Iron Valiant|Calm Mind|p1a: Iron Valiant
|-boost|p1a: Iron Valiant|spa|1
|-boost|p1a: Iron Valiant|spd|1
|move|p2a: Regidrago|Draco Meteor|p1a: Iron Valiant
|-immune|p1a: Iron Valiant
|
|upkeep
|turn|27
|
|t:|1757830000
|move|p1a: Iron Valiant|Moonblast|p2a: Regidrago
|-supereffective|p2a: Regidrago
|-damage|p2a: Regidrago|0 fnt
|faint|p2a: Regidrago
|
|upkeep
|
|t:|1757830002
|switch|p2a: Rillaboom|Rillaboom, M|100/100
|-damage|p2a: Rillaboom|88/100|[from] Stealth Rock
|-fieldstart|move: Grassy Terrain|[from] ability: Grassy Surge|[of] p2a: Rillaboom
|turn|28
|
|t:|1757830005
|move|p2a: Rillaboom|Grassy Glide|p1a: Iron Valiant
|-damage|p1a: Iron Valiant|24/100
|move|p1a: Iron Valiant|Moonblast|p2a: Rillaboom
|-damage|p2a: Rillaboom|0 fnt
|faint|p2a: Rillaboom
|
|win|sleep2501340442
|raw|sleep2501340442's rating: 1573 &rarr; <strong>1588</strong><br />(+15 for winning)
|raw|flygonisdragon's rating: 1475 &rarr; <strong>1460</strong><br />(-15 for losing)
|l|☆flygonisdragon
|player|p2|
|l|☆sleep2501340442
|player|p1|
