|j|☆mach95a113
|j|☆dl春日野穹ybz
|t:|1757812935
|gametype|singles
|player|p1|mach95a113|gardenia|1132
|player|p2|dl春日野穹ybz|swimmerf-gen4dp|1173
|gen|9
|tier|[Gen 9] OU
|rated|
|rule|HP Percentage Mod: HP is shown in percentages
|rule|Endless Battle Clause: Forcing endless battles is banned
|rule|Species Clause: Limit one of each Pokémon
|rule|OHKO Clause: OHKO moves are banned
|rule|Evasion Items Clause: Evasion items are banned
|rule|Evasion Moves Clause: Evasion moves are banned
|rule|Evasion Abilities Clause: Evasion abilities are banned
|rule|Sleep Moves Clause: Sleep-inducing moves are banned
|clearpoke
|poke|p1|Ninetales-Alola, M|
|poke|p1|Slowking-Galar, M|
|poke|p1|Primarina, F|
|poke|p1|Kyurem|
|poke|p1|Gastrodon, F|
|poke|p1|Cryogonal|
|poke|p2|Slowking-Galar, M|
|poke|p2|Dragapult, M|
|poke|p2|Great Tusk|
|poke|p2|Kingambit, M|
|poke|p2|Ogerpon-Wellspring, F|
|poke|p2|Gliscor, M|
|teampreview
|inactive|Battle timer is ON: inactive players will automatically lose when time's up. (requested by dl春日野穹ybz)
|c|☆mach95a113|Good luck!
|inactive|mach95a113 has 120 seconds left.
|
|t:|1757812968
|teamsize|p1|6
|teamsize|p2|6
|start
|switch|p1a: Slowking|Slowking-Galar, M|100/100
|switch|p2a: Slowking|Slowking-Galar, M, shiny|100/100
|turn|1
|
|t:|1757812974
|move|p1a: Slowking|Future Sight|p2a: Slowking
|-start|p1a: Slowking|move: Future Sight
|move|p2a: Slowking|Eerie Spell|p1a: Slowking
|-damage|p1a: Slowking|69/100
|-activate|p1a: Slowking|move: Eerie Spell|Future Sight|3
|
|upkeep
|turn|2
|
|t:|1757812983
|switch|p2a: Kingambit|Kingambit, M, shiny|100/100
|-prepare|p1a: Slowking|Chilly Reception|[premajor]
|move|p1a: Slowking|Chilly Reception|p1a: Slowking
|-weather|Snowscape
|
|t:|1757813004
|switch|p1a: Kyurem|Kyurem|100/100|[from] Chilly Reception
|-ability|p1a: Kyurem|Pressure
|
|-weather|Snowscape|[upkeep]
|upkeep
|turn|3
|
|t:|1757813023
|-end|p2a: Kingambit|fallenundefined|[silent]
|switch|p2a: Great Tusk|Great Tusk|100/100
|move|p1a: Kyurem|Earth Power|p2a: Great Tusk
|-damage|p2a: Great Tusk|49/100
|
|-weather|Snowscape|[upkeep]
|-end|p2a: Great Tusk|move: Future Sight
|-supereffective|p2a: Great Tusk
|-damage|p2a: Great Tusk|0 fnt
|faint|p2a: Great Tusk
|-end|p2a: Great Tusk|Protosynthesis|[silent]
|upkeep
|
|t:|1757813036
|switch|p2a: Dragapult|Dragapult, M, shiny|100/100
|turn|4
|
|t:|1757813062
|switch|p1a: Primarina|Primarina, F|100/100
|-terastallize|p2a: Dragapult|Fairy
|move|p2a: Dragapult|Flamethrower|p1a: Primarina
|-resisted|p1a: Primarina
|-crit|p1a: Primarina
|-damage|p1a: Primarina|73/100
|-damage|p2a: Dragapult|91/100|[from] item: Life Orb
|
|-weather|Snowscape|[upkeep]
|upkeep
|turn|5
|
|t:|1757813073
|move|p2a: Dragapult|Shadow Ball|p1a: Primarina
|-damage|p1a: Primarina|27/100
|-unboost|p1a: Primarina|spd|1
|-damage|p2a: Dragapult|81/100|[from] item: Life Orb
|move|p1a: Primarina|Blizzard|p2a: Dragapult
|-damage|p2a: Dragapult|19/100
|
|-weather|Snowscape|[upkeep]
|upkeep
|turn|6
|
|t:|1757813098
|move|p2a: Dragapult|Shadow Ball|p1a: Primarina
|-damage|p1a: Primarina|0 fnt
|faint|p1a: Primarina
|-damage|p2a: Dragapult|10/100|[from] item: Life Orb
|
|-weather|none
|upkeep
|
|t:|1757813106
|switch|p1a: Kyurem|Kyurem|100/100
|-ability|p1a: Kyurem|Pressure
|turn|7
|
|t:|1757813114
|switch|p1a: Ninetales|Ninetales-Alola, M|100/100
|-weather|Snowscape|[from] ability: Snow Warning|[of] p1a: Ninetales
|move|p2a: Dragapult|Flamethrower|p1a: Ninetales
|-supereffective|p1a: Ninetales
|-damage|p1a: Ninetales|18/100
|-status|p1a: Ninetales|brn
|-damage|p2a: Dragapult|0 fnt|[from] item: Life Orb
|faint|p2a: Dragapult
|
|-weather|Snowscape|[upkeep]
|-damage|p1a: Ninetales|12/100 brn|[from] brn
|upkeep
|
|t:|1757813133
|switch|p2a: Slowking|Slowking-Galar, M, shiny|100/100
|turn|8
|
|t:|1757813139
|move|p1a: Ninetales|Blizzard|p2a: Slowking
|-damage|p2a: Slowking|69/100
|move|p2a: Slowking|Flamethrower|p1a: Ninetales
|-supereffective|p1a: Ninetales
|-damage|p1a: Ninetales|0 fnt
|faint|p1a: Ninetales
|
|-weather|Snowscape|[upkeep]
|upkeep
|
|t:|1757813160
|switch|p1a: Kyurem|Kyurem|100/100
|-ability|p1a: Kyurem|Pressure
|turn|9
|
|t:|1757813167
|move|p1a: Kyurem|Blizzard|p2a: Slowking
|-damage|p2a: Slowking|10/100
|-status|p2a: Slowking|frz
|cant|p2a: Slowking|frz
|
|-weather|Snowscape|[upkeep]
|upkeep
|turn|10
|
|t:|1757813173
|move|p1a: Kyurem|Blizzard|p2a: Slowking
|-damage|p2a: Slowking|0 fnt
|faint|p2a: Slowking
|
|-weather|Snowscape|[upkeep]
|upkeep
|
|t:|1757813180
|switch|p2a: Ogerpon|Ogerpon-Wellspring, F|100/100
|turn|11
|
|t:|1757813185
|switch|p1a: Slowking|Slowking-Galar, M|100/100
|move|p2a: Ogerpon|Knock Off|p1a: Slowking
|-supereffective|p1a: Slowking
|-damage|p1a: Slowking|23/100
|-enditem|p1a: Slowking|Heavy-Duty Boots|[from] move: Knock Off|[of] p2a: Ogerpon
|
|-weather|Snowscape|[upkeep]
|upkeep
|turn|12
|
|t:|1757813192
|move|p2a: Ogerpon|Knock Off|p1a: Slowking
|-supereffective|p1a: Slowking
|-damage|p1a: Slowking|0 fnt
|faint|p1a: Slowking
|
|-weather|Snowscape|[upkeep]
|upkeep
|
|t:|1757813214
|switch|p1a: Gastrodon|Gastrodon, F|100/100
|turn|13
|
|t:|1757813221
|move|p2a: Ogerpon|Horn Leech|p1a: Gastrodon
|-supereffective|p1a: Gastrodon
|-crit|p1a: Gastrodon
|-damage|p1a: Gastrodon|0 fnt
|-damage|p2a: Ogerpon|84/100|[from] item: Rocky Helmet|[of] p1a: Gastrodon
|faint|p1a: Gastrodon
|
|-weather|Snowscape|[upkeep]
|upkeep
|
|t:|1757813227
|switch|p1a: Kyurem|Kyurem|100/100
|-ability|p1a: Kyurem|Pressure
|turn|14
|
|t:|1757813236
|move|p2a: Ogerpon|Knock Off|p1a: Kyurem
|-damage|p1a: Kyurem|75/100
|-enditem|p1a: Kyurem|Never-Melt Ice|[from] move: Knock Off|[of] p2a: Ogerpon
|move|p1a: Kyurem|Blizzard|p2a: Ogerpon
|-damage|p2a: Ogerpon|12/100
|
|-weather|none
|upkeep
|turn|15
|
|t:|1757813257
|switch|p1a: Cryogonal|Cryogonal|100/100
|move|p2a: Ogerpon|Ivy Cudgel|p1a: Cryogonal|[anim] Ivy Cudgel Water
|-damage|p1a: Cryogonal|0 fnt
|faint|p1a: Cryogonal
|
|upkeep
|
|t:|1757813260
|switch|p1a: Kyurem|Kyurem|75/100
|-ability|p1a: Kyurem|Pressure
|turn|16
|
|t:|1757813263
|move|p2a: Ogerpon|Ivy Cudgel|p1a: Kyurem|[anim] Ivy Cudgel Water
|-resisted|p1a: Kyurem
|-damage|p1a: Kyurem|45/100
|move|p1a: Kyurem|Blizzard|p2a: Ogerpon
|-damage|p2a: Ogerpon|0 fnt
|faint|p2a: Ogerpon
|
|upkeep
|
|t:|1757813267
|switch|p2a: Gliscor|Gliscor, M, shiny|100/100
|turn|17
|
|t:|1757813271
|move|p2a: Gliscor|Protect|p2a: Gliscor
|-singleturn|p2a: Gliscor|Protect
|move|p1a: Kyurem|Blizzard|p2a: Gliscor
|-activate|p2a: Gliscor|move: Protect
|
|-status|p2a: Gliscor|tox|[from] item: Toxic Orb
|upkeep
|turn|18
|
|t:|1757813281
|move|p1a: Kyurem|Earth Power|p2a: Gliscor
|-immune|p2a: Gliscor
|move|p2a: Gliscor|Facade|p1a: Kyurem
|-damage|p1a: Kyurem|5/100
|
|upkeep
|turn|19
|
|t:|1757813288
|move|p1a: Kyurem|Blizzard|p2a: Gliscor|[miss]
|-miss|p1a: Kyurem|p2a: Gliscor
|move|p2a: Gliscor|Facade|p1a: Kyurem
|-crit|p1a: Kyurem
|-damage|p1a: Kyurem|0 fnt
|faint|p1a: Kyurem
|
|win|dl春日野穹ybz
|raw|mach95a113's rating: 1132 &rarr; <strong>1110</strong><br />(-22 for losing)
|raw|dl春日野穹ybz's rating: 1173 &rarr; <strong>1195</strong><br />(+22 for winning)
|c|☆mach95a113|Gg
|l|☆mach95a113
|player|p1|
|l|☆dl春日野穹ybz
|player|p2|
|j|☆mach95a113
|player|p1|mach95a113|gardenia|
