|j|☆swiscool
|j|☆3idk
|t:|1757954500
|gametype|singles
|player|p1|swiscool|2|1711
|player|p2|3idk|lusamine-masters|1621
|gen|9
|tier|[Gen 9] OU
|rated|
|rule|HP Percentage Mod: HP is shown in percentages
|rule|Endless Battle Clause: Forcing endless battles is banned
|rule|Species Clause: Limit one of each Pokémon
|rule|OHKO Clause: OHKO moves are banned
|rule|Evasion Items Clause: Evasion items are banned
|rule|Evasion Moves Clause: Evasion moves are banned
|rule|Evasion Abilities Clause: Evasion abilities are banned
|rule|Sleep Moves Clause: Sleep-inducing moves are banned
|clearpoke
|poke|p1|Kingambit, M|
|poke|p1|Ogerpon-Wellspring, F|
|poke|p1|Landorus-Therian, M|
|poke|p1|Hatterene, F|
|poke|p1|Weavile, F|
|poke|p1|Darkrai|
|poke|p2|Indeedee, M|
|poke|p2|Hatterene, F|
|poke|p2|Ursaluna, F|
|poke|p2|Iron Hands|
|poke|p2|Hoopa-Unbound|
|poke|p2|Mimikyu, F|
|teampreview
|inactive|Battle timer is ON: inactive players will automatically lose when time's up. (requested by 3idk)
|inactive|swiscool has 120 seconds left.
|
|t:|1757954549
|teamsize|p1|6
|teamsize|p2|6
|start
|switch|p1a: Landorus|Landorus-Therian, M|100/100
|switch|p2a: LEBRON|Iron Hands, shiny|100/100
|-ability|p1a: Landorus|Intimidate|boost
|-unboost|p2a: LEBRON|atk|1
|-enditem|p2a: LEBRON|Booster Energy
|-activate|p2a: LEBRON|ability: Quark Drive|[fromitem]
|-start|p2a: LEBRON|quarkdriveatk
|turn|1
|
|t:|1757954570
|-terastallize|p2a: LEBRON|Flying
|move|p1a: Landorus|Earth Power|p2a: LEBRON
|-immune|p2a: LEBRON
|move|p2a: LEBRON|Ice Punch|p1a: Landorus
|-supereffective|p1a: Landorus
|-damage|p1a: Landorus|31/100
|-damage|p2a: LEBRON|84/100|[from] item: Rocky Helmet|[of] p1a: Landorus
|
|upkeep
|turn|2
|
|t:|1757954593
|move|p1a: Landorus|U-turn|p2a: LEBRON
|-resisted|p2a: LEBRON
|-damage|p2a: LEBRON|76/100
|
|t:|1757954597
|switch|p1a: Hatterene|Hatterene, F|100/100|[from] U-turn
|move|p2a: LEBRON|Ice Punch|p1a: Hatterene
|-damage|p1a: Hatterene|78/100
|
|upkeep
|turn|3
|
|t:|1757954609
|move|p2a: LEBRON|Heavy Slam|p1a: Hatterene
|-supereffective|p1a: Hatterene
|-damage|p1a: Hatterene|0 fnt
|faint|p1a: Hatterene
|
|upkeep
|
|t:|1757954615
|switch|p1a: Weavile|Weavile, F|100/100
|-ability|p1a: Weavile|Pressure
|turn|4
|
|t:|1757954623
|-terastallize|p1a: Weavile|Ghost
|move|p1a: Weavile|Swords Dance|p1a: Weavile
|-boost|p1a: Weavile|atk|2
|move|p2a: LEBRON|Close Combat|p1a: Weavile
|-immune|p1a: Weavile
|
|upkeep
|turn|5
|
|t:|1757954628
|move|p1a: Weavile|Triple Axel|p2a: LEBRON
|-supereffective|p2a: LEBRON
|-damage|p2a: LEBRON|47/100
|-hitcount|p2a: LEBRON|1
|move|p2a: LEBRON|Heavy Slam|p1a: Weavile
|-damage|p1a: Weavile|24/100
|
|upkeep
|turn|6
|
|t:|1757954637
|move|p1a: Weavile|Ice Shard|p2a: LEBRON
|-supereffective|p2a: LEBRON
|-damage|p2a: LEBRON|0 fnt
|faint|p2a: LEBRON
|-end|p2a: LEBRON|Quark Drive|[silent]
|
|upkeep
|
|t:|1757954643
|switch|p2a: Mimi|Mimikyu, F, shiny|100/100
|turn|7
|
|t:|1757954647
|move|p1a: Weavile|Triple Axel|p2a: Mimi
|-activate|p2a: Mimi|ability: Disguise
|-damage|p2a: Mimi|100/100
|detailschange|p2a: Mimi|Mimikyu-Busted, F, shiny
|-damage|p2a: Mimi|88/100|[from] pokemon: Mimikyu-Busted
|-damage|p2a: Mimi|52/100
|-hitcount|p2a: Mimi|2
|-enditem|p2a: Mimi|Red Card|[of] p1a: Weavile
|drag|p1a: Ogerpon|Ogerpon-Wellspring, F|100/100
|move|p2a: Mimi|Trick Room|p2a: Mimi
|-fieldstart|move: Trick Room|[of] p2a: Mimi
|
|upkeep
|turn|8
|
|t:|1757954658
|move|p2a: Mimi|Destiny Bond|p2a: Mimi
|-singlemove|p2a: Mimi|Destiny Bond
|move|p1a: Ogerpon|Spikes|p2a: Mimi
|-sidestart|p2: 3idk|Spikes
|
|upkeep
|turn|9
|
|t:|1757954663
|move|p2a: Mimi|Curse|p1a: Ogerpon
|-start|p1a: Ogerpon|Curse|[of] p2a: Mimi
|-damage|p2a: Mimi|2/100
|move|p1a: Ogerpon|Spikes|p2a: Mimi
|-sidestart|p2: 3idk|Spikes
|
|-damage|p1a: Ogerpon|76/100|[from] Curse
|upkeep
|turn|10
|
|t:|1757954669
|move|p2a: Mimi|Play Rough|p1a: Ogerpon
|-damage|p1a: Ogerpon|39/100
|-unboost|p1a: Ogerpon|atk|1
|move|p1a: Ogerpon|U-turn|p2a: Mimi
|-resisted|p2a: Mimi
|-damage|p2a: Mimi|0 fnt
|faint|p2a: Mimi
|
|t:|1757954676
|switch|p1a: Weavile|Weavile, F, tera:Ghost|24/100|[from] U-turn
|-ability|p1a: Weavile|Pressure
|
|upkeep
|
|t:|1757954682
|switch|p2a: Subaru|Indeedee, M, shiny|100/100
|-damage|p2a: Subaru|84/100|[from] Spikes
|-fieldstart|move: Psychic Terrain|[from] ability: Psychic Surge|[of] p2a: Subaru
|turn|11
|
|t:|1757954696
|move|p2a: Subaru|Expanding Force|p1a: Weavile
|-damage|p1a: Weavile|0 fnt
|faint|p1a: Weavile
|
|-fieldend|move: Trick Room
|upkeep
|
|t:|1757954699
|switch|p1a: Kingambit|Kingambit, M|100/100
|-activate|p1a: Kingambit|ability: Supreme Overlord
|-start|p1a: Kingambit|fallen2|[silent]
|turn|12
|
|t:|1757954703
|move|p2a: Subaru|Healing Wish|p2a: Subaru
|faint|p2a: Subaru
|move|p1a: Kingambit|Kowtow Cleave|p2: Subaru|[notarget]
|-fail|p1a: Kingambit
|
|upkeep
|
|t:|1757954709
|switch|p2a: King Von|Hoopa-Unbound|100/100
|-damage|p2a: King Von|84/100|[from] Spikes
|-enditem|p2a: King Von|Psychic Seed
|-boost|p2a: King Von|spd|1|[from] item: Psychic Seed
|turn|13
|
|t:|1757954715
|move|p1a: Kingambit|Kowtow Cleave|p2a: King Von
|-damage|p2a: King Von|10/100
|move|p2a: King Von|Trick Room|p2a: King Von
|-fieldstart|move: Trick Room|[of] p2a: King Von
|
|upkeep
|turn|14
|
|t:|1757954723
|-end|p1a: Kingambit|fallen2|[silent]
|switch|p1a: Landorus|Landorus-Therian, M|31/100
|-ability|p1a: Landorus|Intimidate|boost
|-unboost|p2a: King Von|atk|1
|move|p2a: King Von|Focus Blast|p1a: Landorus|[miss]
|-miss|p2a: King Von|p1a: Landorus
|
|upkeep
|turn|15
|
|t:|1757954732
|switch|p1a: Darkrai|Darkrai|100/100
|move|p2a: King Von|Expanding Force|p1a: Darkrai
|-immune|p1a: Darkrai
|
|upkeep
|turn|16
|
|t:|1757954739
|switch|p1a: Landorus|Landorus-Therian, M|31/100
|-ability|p1a: Landorus|Intimidate|boost
|-unboost|p2a: King Von|atk|1
|move|p2a: King Von|Focus Blast|p1a: Landorus|[miss]
|-miss|p2a: King Von|p1a: Landorus
|
|upkeep
|turn|17
|
|t:|1757954743
|move|p2a: King Von|Focus Blast|p1a: Landorus
|-resisted|p1a: Landorus
|-damage|p1a: Landorus|5/100
|-item|p2a: King Von|Rocky Helmet|[from] ability: Magician|[of] p1a: Landorus
|move|p1a: Landorus|U-turn|p2a: King Von
|-supereffective|p2a: King Von
|-damage|p2a: King Von|0 fnt
|-damage|p1a: Landorus|0 fnt|[from] item: Rocky Helmet|[of] p2a: King Von
|faint|p2a: King Von
|faint|p1a: Landorus
|
|-fieldend|move: Trick Room
|upkeep
|
|t:|1757954752
|switch|p1a: Darkrai|Darkrai|100/100
|switch|p2a: Crashout YN|Ursaluna, F, shiny|100/100
|-damage|p2a: Crashout YN|84/100|[from] Spikes
|turn|18
|
|t:|1757954756
|move|p1a: Darkrai|Ice Beam|p2a: Crashout YN
|-supereffective|p2a: Crashout YN
|-damage|p2a: Crashout YN|25/100
|move|p2a: Crashout YN|Headlong Rush|p1a: Darkrai
|-damage|p1a: Darkrai|0 fnt
|-unboost|p2a: Crashout YN|def|1
|-unboost|p2a: Crashout YN|spd|1
|faint|p1a: Darkrai
|
|-fieldend|move: Psychic Terrain
|-status|p2a: Crashout YN|brn|[from] item: Flame Orb
|upkeep
|
|t:|1757954762
|switch|p1a: Kingambit|Kingambit, M|100/100
|-activate|p1a: Kingambit|ability: Supreme Overlord
|-start|p1a: Kingambit|fallen4|[silent]
|turn|19
|
|t:|1757954765
|move|p1a: Kingambit|Kowtow Cleave|p2a: Crashout YN
|-damage|p2a: Crashout YN|0 fnt
|faint|p2a: Crashout YN
|
|upkeep
|
|t:|1757954768
|switch|p2a: Satella|Hatterene, F, shiny|100/100
|-damage|p2a: Satella|84/100|[from] Spikes
|turn|20
|
|t:|1757954771
|move|p1a: Kingambit|Kowtow Cleave|p2a: Satella
|-damage|p2a: Satella|3/100
|move|p2a: Satella|Trick Room|p2a: Satella
|-fieldstart|move: Trick Room|[of] p2a: Satella
|
|upkeep
|turn|21
|
|t:|1757954777
|move|p1a: Kingambit|Sucker Punch|p2a: Satella
|-damage|p2a: Satella|0 fnt
|faint|p2a: Satella
|
|win|swiscool
|raw|swiscool's rating: 1711 &rarr; <strong>1725</strong><br />(+14 for winning)
|raw|3idk's rating: 1596 &rarr; <strong>1582</strong><br />(-14 for losing)
|l|☆3idk
|player|p2|
