|j|☆lamp37
|j|☆Squallum2911
|t:|1757905924
|gametype|singles
|player|p1|lamp37|lucas-gen4pt|
|player|p2|Squallum2911|musician|
|gen|9
|tier|[Gen 9] OU
|rule|HP Percentage Mod: HP is shown in percentages
|rule|Endless Battle Clause: Forcing endless battles is banned
|rule|Species Clause: Limit one of each Pokémon
|rule|OHKO Clause: OHKO moves are banned
|rule|Evasion Items Clause: Evasion items are banned
|rule|Evasion Moves Clause: Evasion moves are banned
|rule|Evasion Abilities Clause: Evasion abilities are banned
|rule|Sleep Moves Clause: Sleep-inducing moves are banned
|clearpoke
|poke|p1|Skarmory, F|
|poke|p1|Bruxish, F|
|poke|p1|Iron Valiant|
|poke|p1|Slowking-Galar, F|
|poke|p1|Zoroark-Hisui, F|
|poke|p1|Umbreon, M|
|poke|p2|Ursaluna, M|
|poke|p2|Azumarill, F|
|poke|p2|Pecharunt|
|poke|p2|Weavile, F|
|poke|p2|Azelf|
|poke|p2|Thundurus-Therian, M|
|teampreview
|j| Hedgehog415
|j| ieatbreadstix
|
|t:|1757905969
|teamsize|p1|6
|teamsize|p2|6
|start
|switch|p1a: Goliath Doomship|Skarmory, F|100/100
|switch|p2a: Butt Bead Tail|Thundurus-Therian, M|100/100
|turn|1
|
|t:|1757906013
|move|p2a: Butt Bead Tail|Volt Switch|p1a: Goliath Doomship
|-supereffective|p1a: Goliath Doomship
|-crit|p1a: Goliath Doomship
|-damage|p1a: Goliath Doomship|0 fnt
|faint|p1a: Goliath Doomship
|
|t:|1757906035
|switch|p2a: Beer|Ursaluna, M|100/100|[from] Volt Switch
|
|-status|p2a: Beer|brn|[from] item: Flame Orb
|upkeep
|
|t:|1757906045
|switch|p1a: Fishlight Returns|Bruxish, F|100/100
|turn|2
|
|t:|1757906109
|-terastallize|p1a: Fishlight Returns|Water
|move|p1a: Fishlight Returns|Wave Crash|p2a: Beer
|-supereffective|p2a: Beer
|-damage|p2a: Beer|0 fnt
|faint|p2a: Beer
|-damage|p1a: Fishlight Returns|53/100|[from] Recoil
|
|upkeep
|
|t:|1757906132
|switch|p2a: Knows Explosion|Azelf|100/100
|turn|3
|
|t:|1757906143
|move|p2a: Knows Explosion|Thunderbolt|p1a: Fishlight Returns
|-supereffective|p1a: Fishlight Returns
|-damage|p1a: Fishlight Returns|0 fnt
|faint|p1a: Fishlight Returns
|
|upkeep
|
|t:|1757906151
|switch|p1a: Angry T Girl|Iron Valiant|100/100
|turn|4
|j| kosmicBAD
|
|t:|1757906268
|switch|p2a: Bounce on it|Azumarill, F, shiny|100/100
|switch|p1a: Robbie's Healsl*t|Umbreon, M|100/100
|
|upkeep
|turn|5
|
|t:|1757906302
|move|p2a: Bounce on it|Superpower|p1a: Robbie's Healsl*t
|-supereffective|p1a: Robbie's Healsl*t
|-damage|p1a: Robbie's Healsl*t|22/100
|-unboost|p2a: Bounce on it|atk|1
|-unboost|p2a: Bounce on it|def|1
|move|p1a: Robbie's Healsl*t|Toxic|p2a: Bounce on it
|-status|p2a: Bounce on it|tox
|
|-heal|p1a: Robbie's Healsl*t|28/100|[from] item: Leftovers
|-damage|p2a: Bounce on it|94/100 tox|[from] psn
|upkeep
|turn|6
|
|t:|1757906339
|move|p1a: Robbie's Healsl*t|Protect|p1a: Robbie's Healsl*t
|-singleturn|p1a: Robbie's Healsl*t|Protect
|move|p2a: Bounce on it|Aqua Jet|p1a: Robbie's Healsl*t
|-activate|p1a: Robbie's Healsl*t|move: Protect
|
|-heal|p1a: Robbie's Healsl*t|34/100|[from] item: Leftovers
|-damage|p2a: Bounce on it|82/100 tox|[from] psn
|upkeep
|turn|7
|
|t:|1757906366
|switch|p1a: 4Chan Enjoyer|Slowking-Galar, F|100/100
|move|p2a: Bounce on it|Play Rough|p1a: 4Chan Enjoyer
|-resisted|p1a: 4Chan Enjoyer
|-damage|p1a: 4Chan Enjoyer|81/100
|
|-heal|p1a: 4Chan Enjoyer|87/100|[from] item: Leftovers
|-damage|p2a: Bounce on it|64/100 tox|[from] psn
|upkeep
|turn|8
|c| ieatbreadstix|ran out of melatonin but thankfully i have you guys
|
|t:|1757906402
|switch|p2a: I am Knife Man|Weavile, F, shiny|100/100
|-ability|p2a: I am Knife Man|Pressure
|move|p1a: 4Chan Enjoyer|Future Sight|p2a: I am Knife Man
|-start|p1a: 4Chan Enjoyer|move: Future Sight
|
|-heal|p1a: 4Chan Enjoyer|93/100|[from] item: Leftovers
|upkeep
|turn|9
|
|t:|1757906421
|switch|p1a: Angry T Girl|Iron Valiant|100/100
|-enditem|p1a: Angry T Girl|Booster Energy
|-activate|p1a: Angry T Girl|ability: Quark Drive|[fromitem]
|-start|p1a: Angry T Girl|quarkdrivespe
|move|p2a: I am Knife Man|Fake Out|p1a: Angry T Girl
|-damage|p1a: Angry T Girl|82/100
|
|upkeep
|turn|10
|
|t:|1757906495
|switch|p2a: Bounce on it|Azumarill, F, shiny|64/100 tox
|move|p1a: Angry T Girl|Moonblast|p2a: Bounce on it
|-damage|p2a: Bounce on it|12/100 tox
|-enditem|p2a: Bounce on it|Sitrus Berry|[eat]
|-heal|p2a: Bounce on it|36/100 tox|[from] item: Sitrus Berry
|
|-end|p2a: Bounce on it|move: Future Sight
|-damage|p2a: Bounce on it|0 fnt
|faint|p2a: Bounce on it
|upkeep
|
|t:|1757906573
|switch|p2a: Strippers Ass|Pecharunt|100/100
|turn|11
|
|t:|1757906621
|move|p1a: Angry T Girl|Shadow Ball|p2a: Strippers Ass
|-supereffective|p2a: Strippers Ass
|-damage|p2a: Strippers Ass|52/100
|move|p2a: Strippers Ass|Malignant Chain|p1a: Angry T Girl
|-supereffective|p1a: Angry T Girl
|-damage|p1a: Angry T Girl|0 fnt
|faint|p1a: Angry T Girl
|-end|p1a: Angry T Girl|Quark Drive|[silent]
|-damage|p2a: Strippers Ass|42/100|[from] item: Life Orb
|
|upkeep
|
|t:|1757906630
|switch|p1a: 4Chan Enjoyer|Slowking-Galar, F|100/100
|turn|12
|c|☆Squallum2911|!weakness Slowking-Galar
|c| Squallum2911|/raw <div class="infobox">Slowking-Galar (ignoring abilities):<br /><span class="message-effect-weak">Weaknesses</span>: Dark, Ghost, Ground<br /><span class="message-effect-resist">Resistances</span>: Fairy, <b>Fighting</b>, Grass, Poison<br /><span class="message-effect-immune">Immunities</span>: Toxic</div>
|
|t:|1757906699
|move|p1a: 4Chan Enjoyer|Shadow Ball|p2a: Strippers Ass
|-supereffective|p2a: Strippers Ass
|-damage|p2a: Strippers Ass|0 fnt
|faint|p2a: Strippers Ass
|
|upkeep
|
|t:|1757906708
|switch|p2a: I am Knife Man|Weavile, F, shiny|100/100
|-ability|p2a: I am Knife Man|Pressure
|turn|13
|
|t:|1757906739
|move|p2a: I am Knife Man|Knock Off|p1a: 4Chan Enjoyer
|-supereffective|p1a: 4Chan Enjoyer
|-damage|p1a: 4Chan Enjoyer|0 fnt
|replace|p1a: 13 Year Old Emo|Zoroark-Hisui, F, shiny
|-end|p1a: 13 Year Old Emo|Illusion
|-enditem|p1a: 13 Year Old Emo|Expert Belt|[from] move: Knock Off|[of] p2a: I am Knife Man
|faint|p1a: 13 Year Old Emo
|
|upkeep
|
|t:|1757906745
|switch|p1a: 4Chan Enjoyer|Slowking-Galar, F|100/100
|turn|14
|
|t:|1757906760
|move|p2a: I am Knife Man|Knock Off|p1a: 4Chan Enjoyer
|-supereffective|p1a: 4Chan Enjoyer
|-damage|p1a: 4Chan Enjoyer|6/100
|-enditem|p1a: 4Chan Enjoyer|Leftovers|[from] move: Knock Off|[of] p2a: I am Knife Man
|move|p1a: 4Chan Enjoyer|Sludge Bomb|p2a: I am Knife Man
|-damage|p2a: I am Knife Man|55/100
|
|upkeep
|turn|15
|
|t:|1757906772
|switch|p1a: Robbie's Healsl*t|Umbreon, M|34/100
|move|p2a: I am Knife Man|Knock Off|p1a: Robbie's Healsl*t
|-resisted|p1a: Robbie's Healsl*t
|-damage|p1a: Robbie's Healsl*t|16/100
|-enditem|p1a: Robbie's Healsl*t|Leftovers|[from] move: Knock Off|[of] p2a: I am Knife Man
|
|upkeep
|turn|16
|
|t:|1757906808
|move|p2a: I am Knife Man|X-Scissor|p1a: Robbie's Healsl*t
|-supereffective|p1a: Robbie's Healsl*t
|-damage|p1a: Robbie's Healsl*t|0 fnt
|faint|p1a: Robbie's Healsl*t
|
|upkeep
|
|t:|1757906812
|switch|p1a: 4Chan Enjoyer|Slowking-Galar, F|39/100
|turn|17
|
|t:|1757906818
|move|p2a: I am Knife Man|Knock Off|p1a: 4Chan Enjoyer
|-supereffective|p1a: 4Chan Enjoyer
|-damage|p1a: 4Chan Enjoyer|0 fnt
|faint|p1a: 4Chan Enjoyer
|
|win|Squallum2911
|l|☆lamp37
|player|p1|
