|j|☆poukiewookie
|j|☆henry151th
|t:|1757823964
|gametype|singles
|player|p1|poukiewookie|richboy-gen4|1540
|player|p2|henry151th|wallace|1492
|gen|9
|tier|[Gen 9] OU
|rated|
|rule|HP Percentage Mod: HP is shown in percentages
|rule|Endless Battle Clause: Forcing endless battles is banned
|rule|Species Clause: Limit one of each Pokémon
|rule|OHKO Clause: OHKO moves are banned
|rule|Evasion Items Clause: Evasion items are banned
|rule|Evasion Moves Clause: Evasion moves are banned
|rule|Evasion Abilities Clause: Evasion abilities are banned
|rule|Sleep Moves Clause: Sleep-inducing moves are banned
|clearpoke
|poke|p1|Iron Valiant|
|poke|p1|Iron Treads|
|poke|p1|Pincurchin, F|
|poke|p1|Corviknight, M|
|poke|p1|Darkrai|
|poke|p1|Iron Moth|
|poke|p2|Dragapult, M|
|poke|p2|Glimmora, M|
|poke|p2|Comfey, M|
|poke|p2|Kingambit, M|
|poke|p2|Ogerpon-Wellspring, F|
|poke|p2|Blaziken, M|
|teampreview
|inactive|Battle timer is ON: inactive players will automatically lose when time's up. (requested by poukiewookie)
|
|t:|1757823992
|teamsize|p1|6
|teamsize|p2|6
|start
|switch|p1a: Spiky|Pincurchin, F|100/100
|switch|p2a: Glimmora|Glimmora, M, shiny|100/100
|-fieldstart|move: Electric Terrain|[from] ability: Electric Surge|[of] p1a: Spiky
|turn|1
|
|t:|1757823997
|move|p2a: Glimmora|Stealth Rock|p1a: Spiky
|-sidestart|p1: poukiewookie|move: Stealth Rock
|move|p1a: Spiky|Scald|p2a: Glimmora
|-supereffective|p2a: Glimmora
|-damage|p2a: Glimmora|52/100
|-status|p2a: Glimmora|brn
|-enditem|p2a: Glimmora|Red Card|[of] p1a: Spiky
|drag|p1a: Percy|Iron Valiant|100/100
|-damage|p1a: Percy|94/100|[from] Stealth Rock
|-activate|p1a: Percy|ability: Quark Drive
|-start|p1a: Percy|quarkdrivespe
|
|-damage|p2a: Glimmora|46/100 brn|[from] brn
|upkeep
|turn|2
|
|t:|1757824001
|move|p1a: Percy|Thunderbolt|p2a: Glimmora
|-damage|p2a: Glimmora|0 fnt
|faint|p2a: Glimmora
|
|upkeep
|
|t:|1757824005
|switch|p2a: Comfey|Comfey, M, shiny|100/100
|turn|3
|
|t:|1757824017
|-end|p1a: Percy|Quark Drive|[silent]
|switch|p1a: Lenore|Corviknight, M|100/100
|-damage|p1a: Lenore|88/100|[from] Stealth Rock
|-ability|p1a: Lenore|Pressure
|move|p2a: Comfey|Calm Mind|p2a: Comfey
|-boost|p2a: Comfey|spa|1
|-boost|p2a: Comfey|spd|1
|
|upkeep
|turn|4
|
|t:|1757824020
|move|p2a: Comfey|Substitute|p2a: Comfey
|-start|p2a: Comfey|Substitute
|-damage|p2a: Comfey|76/100
|move|p1a: Lenore|Brave Bird|p2a: Comfey
|-end|p2a: Comfey|Substitute
|-damage|p1a: Lenore|82/100|[from] Recoil|[of] p2a: Comfey
|
|upkeep
|turn|5
|
|t:|1757824025
|move|p2a: Comfey|Calm Mind|p2a: Comfey
|-boost|p2a: Comfey|spa|1
|-boost|p2a: Comfey|spd|1
|move|p1a: Lenore|Brave Bird|p2a: Comfey
|-damage|p2a: Comfey|32/100
|-damage|p1a: Lenore|71/100|[from] Recoil
|
|upkeep
|turn|6
|
|t:|1757824027
|move|p2a: Comfey|Draining Kiss|p1a: Lenore
|-resisted|p1a: Lenore
|-damage|p1a: Lenore|46/100
|-heal|p2a: Comfey|57/100|[from] drain|[of] p1a: Lenore
|-damage|p2a: Comfey|40/100|[from] item: Rocky Helmet|[of] p1a: Lenore
|-damage|p2a: Comfey|30/100|[from] item: Life Orb
|move|p1a: Lenore|Brave Bird|p2a: Comfey
|-damage|p2a: Comfey|0 fnt
|faint|p2a: Comfey
|-damage|p1a: Lenore|39/100|[from] Recoil
|
|upkeep
|
|t:|1757824035
|switch|p2a: Blaziken|Blaziken, M, shiny|100/100
|turn|7
|
|t:|1757824039
|move|p2a: Blaziken|Close Combat|p1a: Lenore
|-damage|p1a: Lenore|0 fnt
|-unboost|p2a: Blaziken|def|1
|-unboost|p2a: Blaziken|spd|1
|-damage|p2a: Blaziken|84/100|[from] item: Rocky Helmet|[of] p1a: Lenore
|faint|p1a: Lenore
|-damage|p2a: Blaziken|74/100|[from] item: Life Orb
|
|-ability|p2a: Blaziken|Speed Boost|boost
|-boost|p2a: Blaziken|spe|1
|upkeep
|
|t:|1757824043
|switch|p1a: Percy|Iron Valiant|94/100
|-damage|p1a: Percy|88/100|[from] Stealth Rock
|-activate|p1a: Percy|ability: Quark Drive
|-start|p1a: Percy|quarkdrivespe
|turn|8
|
|t:|1757824046
|move|p2a: Blaziken|Protect|p2a: Blaziken
|-singleturn|p2a: Blaziken|Protect
|move|p1a: Percy|Thunderbolt|p2a: Blaziken
|-activate|p2a: Blaziken|move: Protect
|
|-fieldend|move: Electric Terrain
|-end|p1a: Percy|Quark Drive
|-ability|p2a: Blaziken|Speed Boost|boost
|-boost|p2a: Blaziken|spe|1
|upkeep
|turn|9
|
|t:|1757824054
|-end|p1a: Percy|Quark Drive|[silent]
|switch|p1a: Spiky|Pincurchin, F|100/100
|-damage|p1a: Spiky|88/100|[from] Stealth Rock
|-fieldstart|move: Electric Terrain|[from] ability: Electric Surge|[of] p1a: Spiky
|move|p2a: Blaziken|Flare Blitz|p1a: Spiky
|-damage|p1a: Spiky|0 fnt
|faint|p1a: Spiky
|-damage|p2a: Blaziken|45/100|[from] Recoil
|-damage|p2a: Blaziken|35/100|[from] item: Life Orb
|
|-ability|p2a: Blaziken|Speed Boost|boost
|-boost|p2a: Blaziken|spe|1
|upkeep
|
|t:|1757824077
|switch|p1a: Trunky boy|Iron Treads|100/100
|-damage|p1a: Trunky boy|97/100|[from] Stealth Rock
|-item|p1a: Trunky boy|Air Balloon
|-activate|p1a: Trunky boy|ability: Quark Drive
|-start|p1a: Trunky boy|quarkdrivespe
|turn|10
|
|t:|1757824082
|-terastallize|p1a: Trunky boy|Flying
|move|p2a: Blaziken|Protect|p2a: Blaziken
|-singleturn|p2a: Blaziken|Protect
|move|p1a: Trunky boy|Rapid Spin|p2a: Blaziken
|-activate|p2a: Blaziken|move: Protect
|
|-ability|p2a: Blaziken|Speed Boost|boost
|-boost|p2a: Blaziken|spe|1
|upkeep
|turn|11
|
|t:|1757824087
|move|p2a: Blaziken|Flare Blitz|p1a: Trunky boy
|-damage|p1a: Trunky boy|20/100
|-enditem|p1a: Trunky boy|Air Balloon
|-damage|p2a: Blaziken|8/100|[from] Recoil
|-damage|p2a: Blaziken|0 fnt|[from] item: Life Orb
|faint|p2a: Blaziken
|move|p1a: Trunky boy|Rapid Spin|p2: Blaziken|[notarget]
|-fail|p1a: Trunky boy
|
|upkeep
|
|t:|1757824092
|switch|p2a: Dragapult|Dragapult, M, shiny|100/100
|turn|12
|
|t:|1757824095
|switch|p2a: Ogerpon|Ogerpon-Wellspring, F|100/100
|move|p1a: Trunky boy|Earthquake|p2a: Ogerpon
|-resisted|p2a: Ogerpon
|-crit|p2a: Ogerpon
|-damage|p2a: Ogerpon|55/100
|
|upkeep
|turn|13
|
|t:|1757824098
|switch|p2a: Dragapult|Dragapult, M, shiny|100/100
|move|p1a: Trunky boy|Earthquake|p2a: Dragapult
|-damage|p2a: Dragapult|32/100
|
|upkeep
|turn|14
|
|t:|1757824104
|move|p1a: Trunky boy|Earthquake|p2a: Dragapult
|-damage|p2a: Dragapult|0 fnt
|faint|p2a: Dragapult
|
|upkeep
|
|t:|1757824106
|switch|p2a: Kingambit|Kingambit, M, shiny|100/100
|-activate|p2a: Kingambit|ability: Supreme Overlord
|-start|p2a: Kingambit|fallen4|[silent]
|turn|15
|
|t:|1757824113
|move|p2a: Kingambit|Sucker Punch|p1a: Trunky boy
|-crit|p1a: Trunky boy
|-damage|p1a: Trunky boy|0 fnt
|faint|p1a: Trunky boy
|-end|p1a: Trunky boy|Quark Drive|[silent]
|
|upkeep
|
|t:|1757824115
|switch|p1a: Percy|Iron Valiant|88/100
|-damage|p1a: Percy|82/100|[from] Stealth Rock
|-activate|p1a: Percy|ability: Quark Drive
|-start|p1a: Percy|quarkdrivespe
|turn|16
|
|t:|1757824122
|-terastallize|p2a: Kingambit|Ghost
|move|p1a: Percy|Aura Sphere|p2a: Kingambit
|-immune|p2a: Kingambit
|move|p2a: Kingambit|Iron Head|p1a: Percy
|-supereffective|p1a: Percy
|-damage|p1a: Percy|0 fnt
|faint|p1a: Percy
|-end|p1a: Percy|Quark Drive|[silent]
|
|-fieldend|move: Electric Terrain
|upkeep
|
|t:|1757824126
|switch|p1a: Sha|Darkrai|100/100
|-damage|p1a: Sha|88/100|[from] Stealth Rock
|turn|17
|
|t:|1757824130
|move|p1a: Sha|Dark Pulse|p2a: Kingambit
|-supereffective|p2a: Kingambit
|-damage|p2a: Kingambit|0 fnt
|faint|p2a: Kingambit
|-end|p2a: Kingambit|fallen4|[silent]
|-damage|p1a: Sha|78/100|[from] item: Life Orb
|
|upkeep
|
|t:|1757824133
|switch|p2a: Ogerpon|Ogerpon-Wellspring, F|55/100
|turn|18
|
|t:|1757824135
|move|p1a: Sha|Sludge Bomb|p2a: Ogerpon
|-supereffective|p2a: Ogerpon
|-damage|p2a: Ogerpon|0 fnt
|faint|p2a: Ogerpon
|-damage|p1a: Sha|68/100|[from] item: Life Orb
|
|win|poukiewookie
|raw|poukiewookie's rating: 1540 &rarr; <strong>1557</strong><br />(+17 for winning)
|raw|henry151th's rating: 1492 &rarr; <strong>1475</strong><br />(-17 for losing)
|l|☆poukiewookie
|player|p1|
