|j|☆txgx7
|j|☆Jomar3023
|t:|1757807803
|gametype|singles
|player|p1|txgx7|lucas-gen4pt|1315
|player|p2|Jomar3023|teamrocket|1338
|gen|9
|tier|[Gen 9] OU
|rated|
|rule|HP Percentage Mod: HP is shown in percentages
|rule|Endless Battle Clause: Forcing endless battles is banned
|rule|Species Clause: Limit one of each Pokémon
|rule|OHKO Clause: OHKO moves are banned
|rule|Evasion Items Clause: Evasion items are banned
|rule|Evasion Moves Clause: Evasion moves are banned
|rule|Evasion Abilities Clause: Evasion abilities are banned
|rule|Sleep Moves Clause: Sleep-inducing moves are banned
|clearpoke
|poke|p1|Blaziken, F|
|poke|p1|Bellibolt, F|
|poke|p1|Weavile, M|
|poke|p1|Sinistcha|
|poke|p1|Empoleon, M|
|poke|p1|Landorus-Therian, M|
|poke|p2|Iron Crown|
|poke|p2|Meowscarada, M|
|poke|p2|Great Tusk|
|poke|p2|Pecharunt|
|poke|p2|Ting-Lu|
|poke|p2|Iron Valiant|
|teampreview
|inactive|Battle timer is ON: inactive players will automatically lose when time's up. (requested by Jomar3023)
|inactive|txgx7 has 120 seconds left.
|inactive|txgx7 has 90 seconds left.
|
|t:|1757807875
|teamsize|p1|6
|teamsize|p2|6
|start
|switch|p1a: Empoleon|Empoleon, M|100/100
|switch|p2a: The King of Kings|Iron Crown|100/100
|turn|1
|
|t:|1757807892
|move|p2a: The King of Kings|Volt Switch|p1a: Empoleon
|-supereffective|p1a: Empoleon
|-damage|p1a: Empoleon|57/100
|
|t:|1757807906
|-end|p2a: The King of Kings|Quark Drive|[silent]
|switch|p2a: The Showoff|Meowscarada, M, shiny|100/100|[from] Volt Switch
|move|p1a: Empoleon|Stealth Rock|p2a: The Showoff
|-sidestart|p2: Jomar3023|move: Stealth Rock
|
|-heal|p1a: Empoleon|63/100|[from] item: Leftovers
|upkeep
|turn|2
|
|t:|1757807936
|move|p2a: The Showoff|U-turn|p1a: Empoleon
|-start|p2a: The Showoff|typechange|Bug|[from] ability: Protean
|-resisted|p1a: Empoleon
|-damage|p1a: Empoleon|39/100
|
|t:|1757807949
|switch|p2a: The King of Kings|Iron Crown|100/100|[from] U-turn
|-damage|p2a: The King of Kings|94/100|[from] Stealth Rock
|move|p1a: Empoleon|Knock Off|p2a: The King of Kings
|-supereffective|p2a: The King of Kings
|-damage|p2a: The King of Kings|59/100
|-enditem|p2a: The King of Kings|Choice Specs|[from] move: Knock Off|[of] p1a: Empoleon
|
|-heal|p1a: Empoleon|45/100|[from] item: Leftovers
|upkeep
|turn|3
|inactive|txgx7 has 120 seconds left.
|
|t:|1757807978
|move|p2a: The King of Kings|Tachyon Cutter|p1a: Empoleon
|-resisted|p1a: Empoleon
|-crit|p1a: Empoleon
|-damage|p1a: Empoleon|39/100
|-resisted|p1a: Empoleon
|-damage|p1a: Empoleon|36/100
|-hitcount|p1a: Empoleon|2
|move|p1a: Empoleon|Roost|p1a: Empoleon
|-heal|p1a: Empoleon|86/100
|-singleturn|p1a: Empoleon|move: Roost
|
|-heal|p1a: Empoleon|92/100|[from] item: Leftovers
|upkeep
|turn|4
|inactive|txgx7 has 120 seconds left.
|
|t:|1757807986
|move|p2a: The King of Kings|Volt Switch|p1a: Empoleon
|-supereffective|p1a: Empoleon
|-damage|p1a: Empoleon|62/100
|
|t:|1757808002
|-end|p2a: The King of Kings|Quark Drive|[silent]
|switch|p2a: The Hitman|Iron Valiant|100/100|[from] Volt Switch
|-damage|p2a: The Hitman|94/100|[from] Stealth Rock
|-enditem|p2a: The Hitman|Booster Energy
|-activate|p2a: The Hitman|ability: Quark Drive|[fromitem]
|-start|p2a: The Hitman|quarkdrivespe
|move|p1a: Empoleon|Knock Off|p2a: The Hitman
|-resisted|p2a: The Hitman
|-crit|p2a: The Hitman
|-damage|p2a: The Hitman|89/100
|
|-heal|p1a: Empoleon|69/100|[from] item: Leftovers
|upkeep
|turn|5
|inactive|txgx7 has 120 seconds left.
|
|t:|1757808031
|switch|p1a: Bellibolt|Bellibolt, F|100/100
|move|p2a: The Hitman|Close Combat|p1a: Bellibolt
|-damage|p1a: Bellibolt|65/100
|-unboost|p2a: The Hitman|def|1
|-unboost|p2a: The Hitman|spd|1
|
|upkeep
|turn|6
|
|t:|1757808048
|-terastallize|p2a: The Hitman|Fairy
|move|p2a: The Hitman|Moonblast|p1a: Bellibolt
|-damage|p1a: Bellibolt|11/100
|move|p1a: Bellibolt|Slack Off|p1a: Bellibolt
|-heal|p1a: Bellibolt|61/100
|
|upkeep
|turn|7
|inactive|txgx7 has 90 seconds left.
|
|t:|1757808087
|move|p2a: The Hitman|Moonblast|p1a: Bellibolt
|-damage|p1a: Bellibolt|10/100
|move|p1a: Bellibolt|Volt Switch|p2a: The Hitman
|-damage|p2a: The Hitman|18/100
|
|t:|1757808092
|switch|p1a: Weavile|Weavile, M|100/100|[from] Volt Switch
|-ability|p1a: Weavile|Pressure
|
|upkeep
|turn|8
|
|t:|1757808101
|move|p1a: Weavile|Ice Shard|p2a: The Hitman
|-damage|p2a: The Hitman|0 fnt
|faint|p2a: The Hitman
|-end|p2a: The Hitman|Quark Drive|[silent]
|
|upkeep
|
|t:|1757808112
|switch|p2a: The King of Kings|Iron Crown|59/100
|-damage|p2a: The King of Kings|53/100|[from] Stealth Rock
|turn|9
|
|t:|1757808120
|move|p1a: Weavile|Knock Off|p2a: The King of Kings
|-supereffective|p2a: The King of Kings
|-damage|p2a: The King of Kings|0 fnt
|faint|p2a: The King of Kings
|-end|p2a: The King of Kings|Quark Drive|[silent]
|
|upkeep
|
|t:|1757808125
|switch|p2a: The Heartbreak Kid|Pecharunt|100/100
|turn|10
|inactive|txgx7 has 90 seconds left.
|
|t:|1757808158
|switch|p1a: Empoleon|Empoleon, M|69/100
|move|p2a: The Heartbreak Kid|Malignant Chain|p1a: Empoleon
|-immune|p1a: Empoleon
|
|-heal|p1a: Empoleon|75/100|[from] item: Leftovers
|upkeep
|turn|11
|inactive|txgx7 has 90 seconds left.
|
|t:|1757808168
|move|p2a: The Heartbreak Kid|Parting Shot|p1a: Empoleon
|-unboost|p1a: Empoleon|atk|1
|-ability|p1a: Empoleon|Competitive|boost
|-boost|p1a: Empoleon|spa|2
|-unboost|p1a: Empoleon|spa|1
|-ability|p1a: Empoleon|Competitive|boost
|-boost|p1a: Empoleon|spa|2
|
|t:|1757808182
|switch|p2a: The Showoff|Meowscarada, M, shiny|100/100|[from] Parting Shot
|-damage|p2a: The Showoff|88/100|[from] Stealth Rock
|move|p1a: Empoleon|Knock Off|p2a: The Showoff
|-resisted|p2a: The Showoff
|-damage|p2a: The Showoff|79/100
|-enditem|p2a: The Showoff|Choice Band|[from] move: Knock Off|[of] p1a: Empoleon
|
|-heal|p1a: Empoleon|81/100|[from] item: Leftovers
|upkeep
|turn|12
|inactive|txgx7 has 90 seconds left.
|
|t:|1757808208
|move|p2a: The Showoff|Flower Trick|p1a: Empoleon
|-start|p2a: The Showoff|typechange|Grass|[from] ability: Protean
|-crit|p1a: Empoleon
|-damage|p1a: Empoleon|27/100
|move|p1a: Empoleon|Surf|p2a: The Showoff
|-resisted|p2a: The Showoff
|-damage|p2a: The Showoff|9/100
|
|-heal|p1a: Empoleon|34/100|[from] item: Leftovers
|upkeep
|turn|13
|
|t:|1757808220
|-terastallize|p1a: Empoleon|Fairy
|move|p2a: The Showoff|Flower Trick|p1a: Empoleon
|-crit|p1a: Empoleon
|-damage|p1a: Empoleon|0 fnt
|faint|p1a: Empoleon
|
|upkeep
|c|☆txgx7|huh
|
|t:|1757808241
|switch|p1a: Weavile|Weavile, M|100/100
|-ability|p1a: Weavile|Pressure
|turn|14
|
|t:|1757808252
|switch|p2a: The Heartbreak Kid|Pecharunt|100/100
|move|p1a: Weavile|Knock Off|p2a: The Heartbreak Kid
|-supereffective|p2a: The Heartbreak Kid
|-damage|p2a: The Heartbreak Kid|58/100
|-enditem|p2a: The Heartbreak Kid|Heavy-Duty Boots|[from] move: Knock Off|[of] p1a: Weavile
|
|upkeep
|turn|15
|
|t:|1757808263
|switch|p1a: Bellibolt|Bellibolt, F|10/100
|move|p2a: The Heartbreak Kid|Malignant Chain|p1a: Bellibolt
|-damage|p1a: Bellibolt|0 fnt
|faint|p1a: Bellibolt
|
|upkeep
|inactive|txgx7 has 60 seconds left.
|
|t:|1757808280
|switch|p1a: Sinistcha|Sinistcha|100/100
|turn|16
|inactive|txgx7 has 60 seconds left.
|
|t:|1757808299
|move|p2a: The Heartbreak Kid|Malignant Chain|p1a: Sinistcha
|-damage|p1a: Sinistcha|63/100
|move|p1a: Sinistcha|Shadow Ball|p2a: The Heartbreak Kid
|-supereffective|p2a: The Heartbreak Kid
|-damage|p2a: The Heartbreak Kid|0 fnt
|faint|p2a: The Heartbreak Kid
|
|upkeep
|
|t:|1757808314
|switch|p2a: The Animal|Great Tusk, shiny|100/100
|-damage|p2a: The Animal|98/100|[from] Stealth Rock
|turn|17
|
|t:|1757808325
|move|p2a: The Animal|Ice Spinner|p1a: Sinistcha
|-supereffective|p1a: Sinistcha
|-damage|p1a: Sinistcha|31/100
|move|p1a: Sinistcha|Strength Sap|p2a: The Animal
|-unboost|p2a: The Animal|atk|1
|-heal|p1a: Sinistcha|100/100
|
|-heal|p2a: The Animal|100/100|[from] item: Leftovers
|upkeep
|turn|18
|
|t:|1757808346
|-end|p2a: The Animal|Protosynthesis|[silent]
|switch|p2a: Legend Killer|Ting-Lu, shiny|100/100
|-damage|p2a: Legend Killer|94/100|[from] Stealth Rock
|-ability|p2a: Legend Killer|Vessel of Ruin
|move|p1a: Sinistcha|Calm Mind|p1a: Sinistcha
|-boost|p1a: Sinistcha|spa|1
|-boost|p1a: Sinistcha|spd|1
|
|-heal|p2a: Legend Killer|100/100|[from] item: Leftovers
|upkeep
|turn|19
|
|t:|1757808358
|move|p1a: Sinistcha|Calm Mind|p1a: Sinistcha
|-boost|p1a: Sinistcha|spa|1
|-boost|p1a: Sinistcha|spd|1
|move|p2a: Legend Killer|Stealth Rock|p1a: Sinistcha
|-sidestart|p1: txgx7|move: Stealth Rock
|
|upkeep
|turn|20
|
|t:|1757808366
|move|p1a: Sinistcha|Matcha Gotcha|p2a: Legend Killer
|-supereffective|p2a: Legend Killer
|-damage|p2a: Legend Killer|44/100
|move|p2a: Legend Killer|Whirlwind|p1a: Sinistcha
|drag|p1a: Weavile|Weavile, M|100/100
|-ability|p1a: Weavile|Pressure
|
|-heal|p2a: Legend Killer|50/100|[from] item: Leftovers
|upkeep
|turn|21
|
|t:|1757808381
|move|p1a: Weavile|Triple Axel|p2a: Legend Killer
|-supereffective|p2a: Legend Killer
|-damage|p2a: Legend Killer|40/100
|-supereffective|p2a: Legend Killer
|-damage|p2a: Legend Killer|19/100
|-supereffective|p2a: Legend Killer
|-damage|p2a: Legend Killer|0 fnt
|faint|p2a: Legend Killer
|-hitcount|p2: Legend Killer|3
|
|upkeep
|
|t:|1757808388
|switch|p2a: The Animal|Great Tusk, shiny|100/100
|-damage|p2a: The Animal|98/100|[from] Stealth Rock
|turn|22
|inactive|txgx7 has 90 seconds left.
|
|t:|1757808399
|move|p1a: Weavile|Triple Axel|p2a: The Animal|[miss]
|-miss|p1a: Weavile|p2a: The Animal
|move|p2a: The Animal|Bulk Up|p2a: The Animal
|-boost|p2a: The Animal|atk|1
|-boost|p2a: The Animal|def|1
|
|-heal|p2a: The Animal|100/100|[from] item: Leftovers
|upkeep
|turn|23
|inactive|txgx7 has 90 seconds left.
|
|t:|1757808419
|switch|p1a: Sinistcha|Sinistcha|100/100
|move|p2a: The Animal|Bulk Up|p2a: The Animal
|-boost|p2a: The Animal|atk|1
|-boost|p2a: The Animal|def|1
|
|upkeep
|turn|24
|
|t:|1757808430
|move|p2a: The Animal|Ice Spinner|p1a: Sinistcha
|-supereffective|p1a: Sinistcha
|-damage|p1a: Sinistcha|39/100
|move|p1a: Sinistcha|Strength Sap|p2a: The Animal
|-unboost|p2a: The Animal|atk|1
|-heal|p1a: Sinistcha|100/100
|
|upkeep
|turn|25
|inactive|txgx7 has 90 seconds left.
|
|t:|1757808440
|move|p2a: The Animal|Ice Spinner|p1a: Sinistcha
|-supereffective|p1a: Sinistcha
|-damage|p1a: Sinistcha|54/100
|move|p1a: Sinistcha|Calm Mind|p1a: Sinistcha
|-boost|p1a: Sinistcha|spa|1
|-boost|p1a: Sinistcha|spd|1
|
|upkeep
|turn|26
|
|t:|1757808447
|move|p2a: The Animal|Ice Spinner|p1a: Sinistcha
|-supereffective|p1a: Sinistcha
|-damage|p1a: Sinistcha|2/100
|move|p1a: Sinistcha|Strength Sap|p2a: The Animal
|-unboost|p2a: The Animal|atk|1
|-heal|p1a: Sinistcha|100/100
|
|upkeep
|turn|27
|
|t:|1757808457
|move|p2a: The Animal|Ice Spinner|p1a: Sinistcha
|-supereffective|p1a: Sinistcha
|-damage|p1a: Sinistcha|68/100
|move|p1a: Sinistcha|Matcha Gotcha|p2a: The Animal
|-supereffective|p2a: The Animal
|-damage|p2a: The Animal|0 fnt
|-heal|p1a: Sinistcha|100/100|[from] drain|[of] p2a: The Animal
|faint|p2a: The Animal
|-end|p2a: The Animal|Protosynthesis|[silent]
|
|upkeep
|
|t:|1757808463
|switch|p2a: The Showoff|Meowscarada, M, shiny|9/100
|-damage|p2a: The Showoff|0 fnt|[from] Stealth Rock
|faint|p2a: The Showoff
|
|win|txgx7
|raw|txgx7's rating: 1315 &rarr; <strong>1336</strong><br />(+21 for winning)
|raw|Jomar3023's rating: 1338 &rarr; <strong>1317</strong><br />(-21 for losing)
