|j|☆BigBadDragon98
|j|☆Naked Plagiarist
|t:|1757848228
|gametype|singles
|player|p1|BigBadDragon98|red|1123
|player|p2|Naked Plagiarist|hiker-gen4|1077
|gen|9
|tier|[Gen 9] OU
|rated|
|rule|HP Percentage Mod: HP is shown in percentages
|rule|Endless Battle Clause: Forcing endless battles is banned
|rule|Species Clause: Limit one of each Pokémon
|rule|OHKO Clause: OHKO moves are banned
|rule|Evasion Items Clause: Evasion items are banned
|rule|Evasion Moves Clause: Evasion moves are banned
|rule|Evasion Abilities Clause: Evasion abilities are banned
|rule|Sleep Moves Clause: Sleep-inducing moves are banned
|clearpoke
|poke|p1|Houndstone, M|
|poke|p1|Gengar, M|
|poke|p1|Tyranitar, M|
|poke|p1|Excadrill, M|
|poke|p1|Hydreigon, M|
|poke|p1|Mandibuzz, F|
|poke|p2|Gengar, F|
|poke|p2|Quagsire, M|
|poke|p2|Tsareena, F|
|poke|p2|Dragonite, F|
|poke|p2|Hitmonchan, M|
|poke|p2|Bastiodon, F|
|teampreview
|inactive|Battle timer is ON: inactive players will automatically lose when time's up. (requested by BigBadDragon98)
|
|t:|1757848239
|teamsize|p1|6
|teamsize|p2|6
|start
|switch|p1a: Houndstone|Houndstone, M|100/100
|switch|p2a: Hitmonchan|Hitmonchan, M|100/100
|turn|1
|
|t:|1757848263
|move|p2a: Hitmonchan|Ice Punch|p1a: Houndstone
|-damage|p1a: Houndstone|89/100
|move|p1a: Houndstone|Will-O-Wisp|p2a: Hitmonchan
|-status|p2a: Hitmonchan|brn
|
|-heal|p1a: Houndstone|95/100|[from] item: Leftovers
|-damage|p2a: Hitmonchan|94/100 brn|[from] brn
|upkeep
|turn|2
|
|t:|1757848291
|move|p2a: Hitmonchan|Bullet Punch|p1a: Houndstone
|-damage|p1a: Houndstone|93/100
|move|p1a: Houndstone|Night Shade|p2a: Hitmonchan
|-damage|p2a: Hitmonchan|53/100 brn
|
|-heal|p1a: Houndstone|99/100|[from] item: Leftovers
|-damage|p2a: Hitmonchan|47/100 brn|[from] brn
|upkeep
|turn|3
|inactive|Naked Plagiarist has 120 seconds left.
|
|t:|1757848318
|switch|p2a: Tsareena|Tsareena, F|100/100
|move|p1a: Houndstone|Night Shade|p2a: Tsareena
|-damage|p2a: Tsareena|65/100
|
|-heal|p1a: Houndstone|100/100|[from] item: Leftovers
|upkeep
|turn|4
|inactive|Naked Plagiarist has 120 seconds left.
|
|t:|1757848328
|move|p2a: Tsareena|Knock Off|p1a: Houndstone
|-supereffective|p1a: Houndstone
|-damage|p1a: Houndstone|76/100
|-enditem|p1a: Houndstone|Leftovers|[from] move: Knock Off|[of] p2a: Tsareena
|move|p1a: Houndstone|Will-O-Wisp|p2a: Tsareena
|-status|p2a: Tsareena|brn
|
|-damage|p2a: Tsareena|59/100 brn|[from] brn
|upkeep
|turn|5
|inactive|Naked Plagiarist has 120 seconds left.
|inactive|BigBadDragon98 has 120 seconds left.
|inactive|BigBadDragon98 has 90 seconds left.
|
|t:|1757848386
|move|p2a: Tsareena|Knock Off|p1a: Houndstone
|-supereffective|p1a: Houndstone
|-damage|p1a: Houndstone|68/100
|move|p1a: Houndstone|Night Shade|p2a: Tsareena
|-damage|p2a: Tsareena|24/100 brn
|
|-damage|p2a: Tsareena|18/100 brn|[from] brn
|upkeep
|turn|6
|inactive|Naked Plagiarist has 120 seconds left.
|
|t:|1757848400
|move|p2a: Tsareena|Acrobatics|p1a: Houndstone
|-damage|p1a: Houndstone|65/100
|move|p1a: Houndstone|Night Shade|p2a: Tsareena
|-damage|p2a: Tsareena|0 fnt
|faint|p2a: Tsareena
|
|upkeep
|inactive|Naked Plagiarist has 120 seconds left.
|
|t:|1757848410
|switch|p2a: Gengar|Gengar, F|100/100
|turn|7
|
|t:|1757848414
|switch|p1a: Tyranitar|Tyranitar, M|100/100
|-weather|Sandstorm|[from] ability: Sand Stream|[of] p1a: Tyranitar
|move|p2a: Gengar|Shadow Ball|p1a: Tyranitar
|-resisted|p1a: Tyranitar
|-damage|p1a: Tyranitar|92/100
|
|-weather|Sandstorm|[upkeep]
|-damage|p2a: Gengar|94/100|[from] Sandstorm
|-heal|p2a: Gengar|100/100|[from] item: Black Sludge
|-heal|p1a: Tyranitar|98/100|[from] item: Leftovers
|upkeep
|turn|8
|
|t:|1757848427
|switch|p2a: Quagsire|Quagsire, M|100/100
|move|p1a: Tyranitar|Stealth Rock|p2a: Quagsire
|-sidestart|p2: Naked Plagiarist|move: Stealth Rock
|
|-weather|Sandstorm|[upkeep]
|-heal|p1a: Tyranitar|100/100|[from] item: Leftovers
|upkeep
|turn|9
|
|t:|1757848439
|switch|p1a: Mandibuzz|Mandibuzz, F|100/100
|move|p2a: Quagsire|Earthquake|p1a: Mandibuzz
|-immune|p1a: Mandibuzz
|
|-weather|Sandstorm|[upkeep]
|upkeep
|turn|10
|inactive|BigBadDragon98 has 120 seconds left.
|
|t:|1757848452
|switch|p2a: Bastiodon|Bastiodon, F|100/100
|-damage|p2a: Bastiodon|94/100|[from] Stealth Rock
|move|p1a: Mandibuzz|Toxic|p2a: Bastiodon
|-immune|p2a: Bastiodon
|
|-weather|Sandstorm|[upkeep]
|upkeep
|turn|11
|
|t:|1757848462
|switch|p1a: Houndstone|Houndstone, M|65/100
|move|p2a: Bastiodon|Stealth Rock|p1a: Houndstone
|-sidestart|p1: BigBadDragon98|move: Stealth Rock
|
|-weather|none
|upkeep
|turn|12
|
|t:|1757848474
|move|p1a: Houndstone|Will-O-Wisp|p2a: Bastiodon
|-status|p2a: Bastiodon|brn
|move|p2a: Bastiodon|Heavy Slam|p1a: Houndstone
|-damage|p1a: Houndstone|61/100
|
|-damage|p2a: Bastiodon|88/100 brn|[from] brn
|upkeep
|turn|13
|
|t:|1757848487
|switch|p2a: Dragonite|Dragonite, F|100/100
|-damage|p2a: Dragonite|76/100|[from] Stealth Rock
|move|p1a: Houndstone|Body Press|p2a: Dragonite
|-resisted|p2a: Dragonite
|-damage|p2a: Dragonite|63/100
|
|-heal|p2a: Dragonite|70/100|[from] item: Leftovers
|upkeep
|turn|14
|
|t:|1757848500
|move|p2a: Dragonite|Dragon Claw|p1a: Houndstone
|-damage|p1a: Houndstone|43/100
|move|p1a: Houndstone|Will-O-Wisp|p2a: Dragonite
|-status|p2a: Dragonite|brn
|
|-heal|p2a: Dragonite|76/100 brn|[from] item: Leftovers
|-damage|p2a: Dragonite|70/100 brn|[from] brn
|upkeep
|turn|15
|
|t:|1757848511
|move|p2a: Dragonite|Dragon Dance|p2a: Dragonite
|-boost|p2a: Dragonite|atk|1
|-boost|p2a: Dragonite|spe|1
|move|p1a: Houndstone|Night Shade|p2a: Dragonite
|-damage|p2a: Dragonite|39/100 brn
|
|-heal|p2a: Dragonite|45/100 brn|[from] item: Leftovers
|-damage|p2a: Dragonite|39/100 brn|[from] brn
|upkeep
|turn|16
|
|t:|1757848522
|move|p2a: Dragonite|Dragon Claw|p1a: Houndstone
|-damage|p1a: Houndstone|31/100
|move|p1a: Houndstone|Night Shade|p2a: Dragonite
|-damage|p2a: Dragonite|8/100 brn
|
|-heal|p2a: Dragonite|14/100 brn|[from] item: Leftovers
|-damage|p2a: Dragonite|8/100 brn|[from] brn
|upkeep
|turn|17
|
|t:|1757848533
|move|p2a: Dragonite|Waterfall|p1a: Houndstone
|-crit|p1a: Houndstone
|-damage|p1a: Houndstone|19/100
|cant|p1a: Houndstone|flinch
|
|-heal|p2a: Dragonite|14/100 brn|[from] item: Leftovers
|-damage|p2a: Dragonite|8/100 brn|[from] brn
|upkeep
|turn|18
|
|t:|1757848542
|move|p2a: Dragonite|Dragon Claw|p1a: Houndstone
|-damage|p1a: Houndstone|6/100
|move|p1a: Houndstone|Night Shade|p2a: Dragonite
|-damage|p2a: Dragonite|0 fnt
|faint|p2a: Dragonite
|
|upkeep
|
|t:|1757848551
|switch|p2a: Hitmonchan|Hitmonchan, M|47/100 brn
|-damage|p2a: Hitmonchan|41/100 brn|[from] Stealth Rock
|turn|19
|
|t:|1757848556
|move|p1a: Houndstone|Protect|p1a: Houndstone
|-singleturn|p1a: Houndstone|Protect
|move|p2a: Hitmonchan|Bullet Punch|p1a: Houndstone
|-activate|p1a: Houndstone|move: Protect
|
|-damage|p2a: Hitmonchan|34/100 brn|[from] brn
|upkeep
|turn|20
|
|t:|1757848565
|switch|p1a: Mandibuzz|Mandibuzz, F|100/100
|move|p2a: Hitmonchan|Bullet Punch|p1a: Mandibuzz
|-damage|p1a: Mandibuzz|96/100
|
|-damage|p2a: Hitmonchan|28/100 brn|[from] brn
|upkeep
|turn|21
|
|t:|1757848573
|move|p1a: Mandibuzz|Foul Play|p2a: Hitmonchan
|-resisted|p2a: Hitmonchan
|-damage|p2a: Hitmonchan|0 fnt
|faint|p2a: Hitmonchan
|
|upkeep
|
|t:|1757848581
|switch|p2a: Gengar|Gengar, F|100/100
|-damage|p2a: Gengar|88/100|[from] Stealth Rock
|turn|22
|
|t:|1757848588
|switch|p1a: Tyranitar|Tyranitar, M|100/100
|-damage|p1a: Tyranitar|88/100|[from] Stealth Rock
|-weather|Sandstorm|[from] ability: Sand Stream|[of] p1a: Tyranitar
|move|p2a: Gengar|Nasty Plot|p2a: Gengar
|-boost|p2a: Gengar|spa|2
|
|-weather|Sandstorm|[upkeep]
|-damage|p2a: Gengar|82/100|[from] Sandstorm
|-heal|p2a: Gengar|88/100|[from] item: Black Sludge
|-heal|p1a: Tyranitar|94/100|[from] item: Leftovers
|upkeep
|turn|23
|
|t:|1757848604
|switch|p2a: Bastiodon|Bastiodon, F|88/100 brn
|-damage|p2a: Bastiodon|82/100 brn|[from] Stealth Rock
|move|p1a: Tyranitar|Knock Off|p2a: Bastiodon
|-crit|p2a: Bastiodon
|-damage|p2a: Bastiodon|41/100 brn
|-damage|p1a: Tyranitar|78/100|[from] item: Rocky Helmet|[of] p2a: Bastiodon
|-enditem|p2a: Bastiodon|Rocky Helmet|[from] move: Knock Off|[of] p1a: Tyranitar
|
|-weather|Sandstorm|[upkeep]
|-heal|p1a: Tyranitar|84/100|[from] item: Leftovers
|-damage|p2a: Bastiodon|35/100 brn|[from] brn
|upkeep
|turn|24
|
|t:|1757848618
|switch|p1a: Mandibuzz|Mandibuzz, F|96/100
|move|p2a: Bastiodon|Heavy Slam|p1a: Mandibuzz
|-damage|p1a: Mandibuzz|92/100
|
|-weather|Sandstorm|[upkeep]
|-damage|p2a: Bastiodon|29/100 brn|[from] brn
|upkeep
|turn|25
|
|t:|1757848627
|switch|p2a: Quagsire|Quagsire, M|100/100
|-damage|p2a: Quagsire|94/100|[from] Stealth Rock
|move|p1a: Mandibuzz|Foul Play|p2a: Quagsire
|-damage|p2a: Quagsire|76/100
|
|-weather|Sandstorm|[upkeep]
|-heal|p2a: Quagsire|82/100|[from] item: Leftovers
|upkeep
|turn|26
|
|t:|1757848642
|move|p1a: Mandibuzz|Toxic|p2a: Quagsire
|-status|p2a: Quagsire|tox
|move|p2a: Quagsire|Surf|p1a: Mandibuzz
|-damage|p1a: Mandibuzz|77/100
|
|-weather|none
|-heal|p2a: Quagsire|88/100 tox|[from] item: Leftovers
|-damage|p2a: Quagsire|82/100 tox|[from] psn
|upkeep
|turn|27
|
|t:|1757848652
|switch|p2a: Gengar|Gengar, F|88/100
|-damage|p2a: Gengar|76/100|[from] Stealth Rock
|move|p1a: Mandibuzz|Foul Play|p2a: Gengar
|-supereffective|p2a: Gengar
|-damage|p2a: Gengar|6/100
|
|-heal|p2a: Gengar|12/100|[from] item: Black Sludge
|upkeep
|turn|28
|
|t:|1757848664
|switch|p1a: Tyranitar|Tyranitar, M|84/100
|-damage|p1a: Tyranitar|72/100|[from] Stealth Rock
|-weather|Sandstorm|[from] ability: Sand Stream|[of] p1a: Tyranitar
|move|p2a: Gengar|Sludge Bomb|p1a: Tyranitar
|-resisted|p1a: Tyranitar
|-damage|p1a: Tyranitar|61/100
|-status|p1a: Tyranitar|psn
|
|-weather|Sandstorm|[upkeep]
|-damage|p2a: Gengar|6/100|[from] Sandstorm
|-heal|p2a: Gengar|12/100|[from] item: Black Sludge
|-heal|p1a: Tyranitar|67/100 psn|[from] item: Leftovers
|-damage|p1a: Tyranitar|55/100 psn|[from] psn
|upkeep
|turn|29
|
|t:|1757848680
|switch|p2a: Bastiodon|Bastiodon, F|29/100 brn
|-damage|p2a: Bastiodon|23/100 brn|[from] Stealth Rock
|move|p1a: Tyranitar|Stealth Rock||[still]
|-fail|p1a: Tyranitar
|
|-weather|Sandstorm|[upkeep]
|-heal|p1a: Tyranitar|61/100 psn|[from] item: Leftovers
|-damage|p1a: Tyranitar|49/100 psn|[from] psn
|-damage|p2a: Bastiodon|17/100 brn|[from] brn
|upkeep
|turn|30
|
|t:|1757848691
|move|p1a: Tyranitar|Knock Off|p2a: Bastiodon
|-damage|p2a: Bastiodon|0 fnt
|faint|p2a: Bastiodon
|
|-weather|Sandstorm|[upkeep]
|-heal|p1a: Tyranitar|55/100 psn|[from] item: Leftovers
|-damage|p1a: Tyranitar|43/100 psn|[from] psn
|upkeep
|
|t:|1757848700
|switch|p2a: Quagsire|Quagsire, M|82/100 tox
|-damage|p2a: Quagsire|76/100 tox|[from] Stealth Rock
|turn|31
|
|t:|1757848706
|switch|p1a: Mandibuzz|Mandibuzz, F|77/100
|move|p2a: Quagsire|Surf|p1a: Mandibuzz
|-damage|p1a: Mandibuzz|59/100
|
|-weather|Sandstorm|[upkeep]
|-heal|p2a: Quagsire|82/100 tox|[from] item: Leftovers
|-damage|p2a: Quagsire|76/100 tox|[from] psn
|upkeep
|turn|32
|
|t:|1757848721
|switch|p2a: Gengar|Gengar, F|12/100
|-damage|p2a: Gengar|0 fnt|[from] Stealth Rock
|faint|p2a: Gengar
|move|p1a: Mandibuzz|Roost|p1a: Mandibuzz
|-heal|p1a: Mandibuzz|100/100
|-singleturn|p1a: Mandibuzz|move: Roost
|
|-weather|none
|upkeep
|
|t:|1757848727
|switch|p2a: Quagsire|Quagsire, M|76/100 tox
|-damage|p2a: Quagsire|70/100 tox|[from] Stealth Rock
|turn|33
|l|☆Naked Plagiarist
|inactive|Naked Plagiarist disconnected and has a minute to reconnect!
|player|p2|
|inactive|Naked Plagiarist has 30 seconds to reconnect!
|inactive|Naked Plagiarist has 20 seconds to reconnect!
|inactive|Naked Plagiarist has 15 seconds to reconnect!
|inactive|Naked Plagiarist has 10 seconds to reconnect!
|inactive|Naked Plagiarist has 5 seconds to reconnect!
|-message|Naked Plagiarist lost due to inactivity.
|
|win|BigBadDragon98
|raw|BigBadDragon98's rating: 1123 &rarr; <strong>1145</strong><br />(+22 for winning)
|raw|Naked Plagiarist's rating: 1077 &rarr; <strong>1058</strong><br />(-19 for losing)
