|j|☆dogdogdogdogddog
|j|☆Sdfhisdfjhi
|t:|1757915797
|gametype|singles
|player|p1|dogdogdogdogddog|102|1046
|player|p2|Sdfhisdfjhi|lucas|1000
|gen|9
|tier|[Gen 9] OU
|rated|
|rule|HP Percentage Mod: HP is shown in percentages
|rule|Endless Battle Clause: Forcing endless battles is banned
|rule|Species Clause: Limit one of each Pokémon
|rule|OHKO Clause: OHKO moves are banned
|rule|Evasion Items Clause: Evasion items are banned
|rule|Evasion Moves Clause: Evasion moves are banned
|rule|Evasion Abilities Clause: Evasion abilities are banned
|rule|Sleep Moves Clause: Sleep-inducing moves are banned
|clearpoke
|poke|p1|Gengar, F|
|poke|p1|Dondozo, M|
|poke|p1|Cinderace, F|
|poke|p1|Umbreon, M|
|poke|p1|Corviknight, M|
|poke|p1|Landorus-Therian, M|
|poke|p2|Ting-Lu|
|poke|p2|Blaziken, F|
|poke|p2|Gholdengo|
|poke|p2|Raging Bolt|
|poke|p2|Dragonite, M|
|poke|p2|Ogerpon-Wellspring, F|
|teampreview
|
|t:|1757915810
|teamsize|p1|6
|teamsize|p2|6
|start
|switch|p1a: Landorus|Landorus-Therian, M|100/100
|switch|p2a: Ting-Lu|Ting-Lu|100/100
|-ability|p1a: Landorus|Intimidate|boost
|-unboost|p2a: Ting-Lu|atk|1
|-ability|p2a: Ting-Lu|Vessel of Ruin
|turn|1
|
|t:|1757915818
|move|p1a: Landorus|Stealth Rock|p2a: Ting-Lu
|-sidestart|p2: Sdfhisdfjhi|move: Stealth Rock
|move|p2a: Ting-Lu|Ruination|p1a: Landorus
|-damage|p1a: Landorus|50/100
|
|upkeep
|turn|2
|
|t:|1757915824
|move|p1a: Landorus|U-turn|p2a: Ting-Lu
|-supereffective|p2a: Ting-Lu
|-damage|p2a: Ting-Lu|76/100
|-enditem|p2a: Ting-Lu|Red Card|[of] p1a: Landorus
|drag|p1a: Cinderace|Cinderace, F, shiny|100/100
|move|p2a: Ting-Lu|Ruination|p1a: Cinderace
|-damage|p1a: Cinderace|51/100
|
|upkeep
|turn|3
|
|t:|1757915840
|move|p1a: Cinderace|High Jump Kick|p2a: Ting-Lu
|-start|p1a: Cinderace|typechange|Fighting|[from] ability: Libero
|-supereffective|p2a: Ting-Lu
|-damage|p2a: Ting-Lu|4/100
|move|p2a: Ting-Lu|Stealth Rock|p1a: Cinderace
|-sidestart|p1: dogdogdogdogddog|move: Stealth Rock
|
|upkeep
|turn|4
|
|t:|1757915848
|move|p1a: Cinderace|U-turn|p2a: Ting-Lu
|-supereffective|p2a: Ting-Lu
|-crit|p2a: Ting-Lu
|-damage|p2a: Ting-Lu|0 fnt
|faint|p2a: Ting-Lu
|
|t:|1757915855
|switch|p1a: Corviknight|Corviknight, M|100/100|[from] U-turn
|-damage|p1a: Corviknight|88/100|[from] Stealth Rock
|
|-heal|p1a: Corviknight|94/100|[from] item: Leftovers
|upkeep
|
|t:|1757915859
|switch|p2a: Gholdengo|Gholdengo|100/100
|-damage|p2a: Gholdengo|94/100|[from] Stealth Rock
|turn|5
|
|t:|1757915864
|move|p2a: Gholdengo|Thunder Wave|p1a: Corviknight
|-status|p1a: Corviknight|par
|move|p1a: Corviknight|Defog|p2a: Gholdengo
|-immune|p2a: Gholdengo|[from] ability: Good as Gold
|
|-heal|p1a: Corviknight|99/100 par|[from] item: Leftovers
|upkeep
|turn|6
|inactive|Battle timer is ON: inactive players will automatically lose when time's up. (requested by Sdfhisdfjhi)
|
|t:|1757915915
|move|p2a: Gholdengo|Hex|p1a: Corviknight
|-damage|p1a: Corviknight|45/100 par
|cant|p1a: Corviknight|par
|
|-heal|p1a: Corviknight|51/100 par|[from] item: Leftovers
|upkeep
|turn|7
|
|t:|1757915928
|switch|p1a: Cinderace|Cinderace, F, shiny|51/100
|move|p2a: Gholdengo|Hex|p1a: Cinderace
|-damage|p1a: Cinderace|7/100
|
|upkeep
|turn|8
|
|t:|1757915950
|-terastallize|p2a: Gholdengo|Fairy
|move|p1a: Cinderace|Pyro Ball|p2a: Gholdengo
|-damage|p2a: Gholdengo|51/100
|move|p2a: Gholdengo|Hex|p1a: Cinderace
|-damage|p1a: Cinderace|0 fnt
|faint|p1a: Cinderace
|
|upkeep
|inactive|dogdogdogdogddog has 120 seconds left.
|
|t:|1757915991
|switch|p1a: Gengar|Gengar, F, shiny|100/100
|-damage|p1a: Gengar|88/100|[from] Stealth Rock
|turn|9
|
|t:|1757916002
|switch|p2a: Raging Bolt|Raging Bolt|100/100
|-damage|p2a: Raging Bolt|88/100|[from] Stealth Rock
|-enditem|p2a: Raging Bolt|Booster Energy
|-activate|p2a: Raging Bolt|ability: Protosynthesis|[fromitem]
|-start|p2a: Raging Bolt|protosynthesisspa
|move|p1a: Gengar|Sludge Bomb|p2a: Raging Bolt
|-damage|p2a: Raging Bolt|40/100
|
|upkeep
|turn|10
|
|t:|1757916012
|move|p1a: Gengar|Sludge Bomb|p2a: Raging Bolt
|-damage|p2a: Raging Bolt|0 fnt
|faint|p2a: Raging Bolt
|-end|p2a: Raging Bolt|Protosynthesis|[silent]
|
|upkeep
|
|t:|1757916019
|switch|p2a: Dragonite|Dragonite, M|100/100
|turn|11
|inactive|dogdogdogdogddog has 120 seconds left.
|
|t:|1757916028
|switch|p1a: Corviknight|Corviknight, M|51/100 par
|-damage|p1a: Corviknight|39/100 par|[from] Stealth Rock
|move|p2a: Dragonite|Dragon Dance|p2a: Dragonite
|-boost|p2a: Dragonite|atk|1
|-boost|p2a: Dragonite|spe|1
|
|-heal|p1a: Corviknight|45/100 par|[from] item: Leftovers
|upkeep
|turn|12
|
|t:|1757916038
|switch|p2a: Gholdengo|Gholdengo, tera:Fairy|51/100
|-damage|p2a: Gholdengo|38/100|[from] Stealth Rock
|move|p1a: Corviknight|Defog|p2a: Gholdengo
|-immune|p2a: Gholdengo|[from] ability: Good as Gold
|
|-heal|p1a: Corviknight|51/100 par|[from] item: Leftovers
|upkeep
|turn|13
|
|t:|1757916052
|move|p2a: Gholdengo|Recover|p2a: Gholdengo
|-heal|p2a: Gholdengo|88/100
|cant|p1a: Corviknight|par
|
|-heal|p1a: Corviknight|57/100 par|[from] item: Leftovers
|upkeep
|turn|14
|
|t:|1757916058
|move|p2a: Gholdengo|Hex|p1a: Corviknight
|-damage|p1a: Corviknight|0 fnt
|faint|p1a: Corviknight
|
|upkeep
|
|t:|1757916062
|switch|p1a: Gengar|Gengar, F, shiny|88/100
|-damage|p1a: Gengar|76/100|[from] Stealth Rock
|turn|15
|
|t:|1757916079
|switch|p2a: Dragonite|Dragonite, M|100/100
|move|p1a: Gengar|Sludge Bomb|p2a: Dragonite
|-damage|p2a: Dragonite|78/100
|
|upkeep
|turn|16
|
|t:|1757916104
|switch|p1a: Dondozo|Dondozo, M|100/100
|-damage|p1a: Dondozo|88/100|[from] Stealth Rock
|move|p2a: Dragonite|Dragon Dance|p2a: Dragonite
|-boost|p2a: Dragonite|atk|1
|-boost|p2a: Dragonite|spe|1
|
|-heal|p1a: Dondozo|94/100|[from] item: Leftovers
|upkeep
|turn|17
|
|t:|1757916114
|switch|p2a: Gholdengo|Gholdengo, tera:Fairy|88/100
|-damage|p2a: Gholdengo|76/100|[from] Stealth Rock
|move|p1a: Dondozo|Body Slam|p2a: Gholdengo
|-damage|p2a: Gholdengo|62/100
|
|-heal|p1a: Dondozo|99/100|[from] item: Leftovers
|upkeep
|turn|18
|
|t:|1757916124
|switch|p1a: Landorus|Landorus-Therian, M|50/100
|-damage|p1a: Landorus|38/100|[from] Stealth Rock
|-ability|p1a: Landorus|Intimidate|boost
|-unboost|p2a: Gholdengo|atk|1
|move|p2a: Gholdengo|Thunder Wave|p1a: Landorus
|-immune|p1a: Landorus
|
|upkeep
|turn|19
|
|t:|1757916141
|move|p2a: Gholdengo|Recover|p2a: Gholdengo
|-heal|p2a: Gholdengo|100/100
|move|p1a: Landorus|Earthquake|p2a: Gholdengo
|-damage|p2a: Gholdengo|67/100
|
|upkeep
|turn|20
|
|t:|1757916147
|move|p2a: Gholdengo|Make It Rain|p1a: Landorus
|-damage|p1a: Landorus|0 fnt
|-unboost|p2a: Gholdengo|spa|1
|faint|p1a: Landorus
|
|upkeep
|
|t:|1757916154
|switch|p1a: Gengar|Gengar, F, shiny|76/100
|-damage|p1a: Gengar|64/100|[from] Stealth Rock
|turn|21
|
|t:|1757916158
|switch|p2a: Blaziken|Blaziken, F|100/100
|-damage|p2a: Blaziken|88/100|[from] Stealth Rock
|-item|p2a: Blaziken|Air Balloon
|move|p1a: Gengar|Sludge Bomb|p2a: Blaziken
|-damage|p2a: Blaziken|23/100
|-enditem|p2a: Blaziken|Air Balloon
|
|upkeep
|turn|22
|
|t:|1757916166
|move|p2a: Blaziken|Protect|p2a: Blaziken
|-singleturn|p2a: Blaziken|Protect
|move|p1a: Gengar|Sludge Bomb|p2a: Blaziken
|-activate|p2a: Blaziken|move: Protect
|
|-ability|p2a: Blaziken|Speed Boost|boost
|-boost|p2a: Blaziken|spe|1
|upkeep
|turn|23
|inactive|Sdfhisdfjhi has 120 seconds left.
|
|t:|1757916197
|move|p1a: Gengar|Sludge Bomb|p2a: Blaziken
|-damage|p2a: Blaziken|0 fnt
|faint|p2a: Blaziken
|
|upkeep
|inactive|Sdfhisdfjhi has 120 seconds left.
|
|t:|1757916202
|switch|p2a: Dragonite|Dragonite, M|78/100
|turn|24
|
|t:|1757916210
|switch|p1a: Dondozo|Dondozo, M|99/100
|-damage|p1a: Dondozo|88/100|[from] Stealth Rock
|move|p2a: Dragonite|Earthquake|p1a: Dondozo
|-damage|p1a: Dondozo|73/100
|
|-heal|p1a: Dondozo|79/100|[from] item: Leftovers
|upkeep
|turn|25
|
|t:|1757916221
|switch|p2a: Gholdengo|Gholdengo, tera:Fairy|67/100
|-damage|p2a: Gholdengo|54/100|[from] Stealth Rock
|move|p1a: Dondozo|Body Slam|p2a: Gholdengo
|-damage|p2a: Gholdengo|41/100
|
|-heal|p1a: Dondozo|85/100|[from] item: Leftovers
|upkeep
|turn|26
|
|t:|1757916229
|switch|p1a: Umbreon|Umbreon, M|100/100
|-damage|p1a: Umbreon|88/100|[from] Stealth Rock
|move|p2a: Gholdengo|Thunder Wave|p1a: Umbreon
|-status|p1a: Umbreon|par
|-activate|p1a: Umbreon|ability: Synchronize
|-status|p2a: Gholdengo|par
|
|-heal|p1a: Umbreon|94/100 par|[from] item: Leftovers
|upkeep
|turn|27
|
|t:|1757916248
|cant|p2a: Gholdengo|par
|move|p1a: Umbreon|Wish|p1a: Umbreon
|
|-heal|p1a: Umbreon|99/100 par|[from] item: Leftovers
|upkeep
|turn|28
|
|t:|1757916254
|switch|p1a: Gengar|Gengar, F, shiny|64/100
|-damage|p1a: Gengar|52/100|[from] Stealth Rock
|move|p2a: Gholdengo|Thunder Wave|p1a: Gengar
|-status|p1a: Gengar|par
|
|-heal|p1a: Gengar|100/100 par|[from] move: Wish|[wisher] Umbreon
|upkeep
|turn|29
|
|t:|1757916266
|move|p1a: Gengar|Sludge Bomb|p2a: Gholdengo
|-supereffective|p2a: Gholdengo
|-damage|p2a: Gholdengo|0 fnt
|faint|p2a: Gholdengo
|
|upkeep
|
|t:|1757916269
|switch|p2a: Dragonite|Dragonite, M|78/100
|turn|30
|
|t:|1757916278
|switch|p2a: Ogerpon|Ogerpon-Wellspring, F|100/100
|-damage|p2a: Ogerpon|88/100|[from] Stealth Rock
|switch|p1a: Dondozo|Dondozo, M|85/100
|-damage|p1a: Dondozo|73/100|[from] Stealth Rock
|
|-heal|p1a: Dondozo|79/100|[from] item: Leftovers
|upkeep
|turn|31
|
|t:|1757916288
|switch|p1a: Umbreon|Umbreon, M|99/100 par
|-damage|p1a: Umbreon|88/100 par|[from] Stealth Rock
|move|p2a: Ogerpon|Swords Dance|p2a: Ogerpon
|-boost|p2a: Ogerpon|atk|2
|
|-heal|p1a: Umbreon|94/100 par|[from] item: Leftovers
|upkeep
|turn|32
|
|t:|1757916296
|switch|p1a: Dondozo|Dondozo, M|79/100
|-damage|p1a: Dondozo|67/100|[from] Stealth Rock
|move|p2a: Ogerpon|Play Rough|p1a: Dondozo
|-damage|p1a: Dondozo|50/100
|
|-heal|p1a: Dondozo|57/100|[from] item: Leftovers
|upkeep
|turn|33
|
|t:|1757916316
|-terastallize|p1a: Dondozo|Grass
|move|p2a: Ogerpon|Horn Leech|p1a: Dondozo
|-resisted|p1a: Dondozo
|-damage|p1a: Dondozo|46/100
|-heal|p2a: Ogerpon|97/100|[from] drain|[of] p1a: Dondozo
|move|p1a: Dondozo|Body Slam|p2a: Ogerpon
|-damage|p2a: Ogerpon|73/100
|
|-heal|p1a: Dondozo|52/100|[from] item: Leftovers
|upkeep
|turn|34
|inactive|Sdfhisdfjhi has 120 seconds left.
|l|☆Sdfhisdfjhi
|inactive|Sdfhisdfjhi disconnected and has a minute to reconnect!
|player|p2|
|inactive|Sdfhisdfjhi has 30 seconds to reconnect!
|inactive|Sdfhisdfjhi has 20 seconds to reconnect!
|inactive|Sdfhisdfjhi has 15 seconds to reconnect!
|inactive|Sdfhisdfjhi has 10 seconds to reconnect!
|j|☆Sdfhisdfjhi
|inactive|Sdfhisdfjhi reconnected and has 65 seconds left.
|player|p2|Sdfhisdfjhi|lucas|
|inactive|Sdfhisdfjhi has 60 seconds left.
|inactive|Sdfhisdfjhi has 30 seconds left.
|inactive|Sdfhisdfjhi has 20 seconds left.
|inactive|Sdfhisdfjhi has 15 seconds left.
|inactive|Sdfhisdfjhi has 10 seconds left.
|inactive|Sdfhisdfjhi has 5 seconds left.
|-message|Sdfhisdfjhi lost due to inactivity.
|
|win|dogdogdogdogddog
|raw|dogdogdogdogddog's rating: 1046 &rarr; <strong>1075</strong><br />(+29 for winning)
|raw|Sdfhisdfjhi's rating: 1000 &rarr; <strong>1000</strong><br />(+0 for losing)
|l|☆Sdfhisdfjhi
|player|p2|
