|j|☆vikscon
|j|☆outplayinq
|t:|1757920930
|gametype|singles
|player|p1|vikscon|supernerd|1252
|player|p2|outplayinq|shadowtriad|1258
|gen|9
|tier|[Gen 9] OU
|rated|
|rule|HP Percentage Mod: HP is shown in percentages
|rule|Endless Battle Clause: Forcing endless battles is banned
|rule|Species Clause: Limit one of each Pokémon
|rule|OHKO Clause: OHKO moves are banned
|rule|Evasion Items Clause: Evasion items are banned
|rule|Evasion Moves Clause: Evasion moves are banned
|rule|Evasion Abilities Clause: Evasion abilities are banned
|rule|Sleep Moves Clause: Sleep-inducing moves are banned
|clearpoke
|poke|p1|Ninetales-Alola, M|
|poke|p1|Cetitan, M|
|poke|p1|Clefable, M|
|poke|p1|Hatterene, F|
|poke|p1|Landorus-Therian, M|
|poke|p1|Manaphy|
|poke|p2|Garganacl, M|
|poke|p2|Landorus-Therian, M|
|poke|p2|Weezing-Galar, M|
|poke|p2|Corviknight, F|
|poke|p2|Hoopa-Unbound|
|poke|p2|Iron Valiant|
|teampreview
|inactive|Battle timer is ON: inactive players will automatically lose when time's up. (requested by vikscon)
|
|t:|1757920943
|teamsize|p1|6
|teamsize|p2|6
|start
|switch|p1a: Ninetales|Ninetales-Alola, M, shiny|100/100
|switch|p2a: Calamity|Iron Valiant, shiny|100/100
|-weather|Snowscape|[from] ability: Snow Warning|[of] p1a: Ninetales
|turn|1
|inactive|vikscon has 120 seconds left.
|
|t:|1757920976
|move|p2a: Calamity|Moonblast|p1a: Ninetales
|-damage|p1a: Ninetales|10/100
|move|p1a: Ninetales|Aurora Veil|p1a: Ninetales
|-sidestart|p1: vikscon|move: Aurora Veil
|
|-weather|Snowscape|[upkeep]
|upkeep
|turn|2
|inactive|vikscon has 120 seconds left.
|
|t:|1757921010
|-end|p2a: Calamity|Quark Drive|[silent]
|switch|p2a: Sentinel|Weezing-Galar, M, shiny|100/100
|-ability|p2a: Sentinel|Neutralizing Gas
|switch|p1a: Landorus|Landorus-Therian, M, shiny|100/100
|
|-weather|Snowscape|[upkeep]
|upkeep
|turn|3
|
|t:|1757921014
|move|p1a: Landorus|Earthquake|p2a: Sentinel
|-supereffective|p2a: Sentinel
|-damage|p2a: Sentinel|24/100
|move|p2a: Sentinel|Will-O-Wisp|p1a: Landorus
|-status|p1a: Landorus|brn
|
|-weather|Snowscape|[upkeep]
|-damage|p1a: Landorus|95/100 brn|[from] brn
|upkeep
|turn|4
|
|t:|1757921023
|-end|p2a: Sentinel|ability: Neutralizing Gas
|-ability|p1a: Landorus|Intimidate|boost
|-unboost|p2a: Sentinel|atk|1
|switch|p2a: Yami|Corviknight, F, shiny|100/100
|-ability|p2a: Yami|Pressure
|move|p1a: Landorus|U-turn|p2a: Yami
|-resisted|p2a: Yami
|-damage|p2a: Yami|98/100
|inactive|vikscon has 120 seconds left.
|
|t:|1757921031
|switch|p1a: Manaphy|Manaphy, shiny|100/100|[from] U-turn
|
|-weather|Snowscape|[upkeep]
|upkeep
|turn|5
|
|t:|1757921034
|move|p1a: Manaphy|Tail Glow|p1a: Manaphy
|-boost|p1a: Manaphy|spa|3
|move|p2a: Yami|U-turn|p1a: Manaphy
|-damage|p1a: Manaphy|94/100
|
|t:|1757921040
|switch|p2a: Temple|Garganacl, M, shiny|100/100|[from] U-turn
|
|-weather|Snowscape|[upkeep]
|-heal|p1a: Manaphy|100/100|[from] item: Leftovers
|-sideend|p1: vikscon|move: Aurora Veil
|upkeep
|turn|6
|
|t:|1757921042
|-terastallize|p2a: Temple|Water
|move|p1a: Manaphy|Scald|p2a: Temple
|-resisted|p2a: Temple
|-damage|p2a: Temple|67/100
|move|p2a: Temple|Salt Cure|p1a: Manaphy
|-damage|p1a: Manaphy|88/100
|-start|p1a: Manaphy|Salt Cure
|
|-weather|Snowscape|[upkeep]
|-heal|p1a: Manaphy|94/100|[from] item: Leftovers
|-heal|p2a: Temple|73/100|[from] item: Leftovers
|-damage|p1a: Manaphy|69/100|[from] Salt Cure
|upkeep
|turn|7
|
|t:|1757921048
|move|p2a: Temple|Protect|p2a: Temple
|-singleturn|p2a: Temple|Protect
|move|p1a: Manaphy|Energy Ball|p2a: Temple
|-activate|p2a: Temple|move: Protect
|
|-weather|Snowscape|[upkeep]
|-heal|p1a: Manaphy|75/100|[from] item: Leftovers
|-heal|p2a: Temple|80/100|[from] item: Leftovers
|-damage|p1a: Manaphy|50/100|[from] Salt Cure
|upkeep
|turn|8
|
|t:|1757921058
|switch|p2a: Yami|Corviknight, F, shiny|98/100
|-ability|p2a: Yami|Pressure
|move|p1a: Manaphy|Energy Ball|p2a: Yami
|-resisted|p2a: Yami
|-crit|p2a: Yami
|-damage|p2a: Yami|80/100
|
|-weather|none
|-heal|p1a: Manaphy|56/100|[from] item: Leftovers
|-damage|p1a: Manaphy|31/100|[from] Salt Cure
|upkeep
|turn|9
|
|t:|1757921065
|switch|p1a: Landorus|Landorus-Therian, M, shiny|95/100 brn
|-ability|p1a: Landorus|Intimidate|boost
|-unboost|p2a: Yami|atk|1
|switch|p2a: Temple|Garganacl, M, shiny, tera:Water|80/100
|
|-heal|p1a: Landorus|100/100 brn|[from] item: Leftovers
|-heal|p2a: Temple|86/100|[from] item: Leftovers
|-damage|p1a: Landorus|95/100 brn|[from] brn
|upkeep
|turn|10
|
|t:|1757921070
|move|p1a: Landorus|U-turn|p2a: Temple
|-damage|p2a: Temple|79/100
|
|t:|1757921074
|switch|p1a: Clefable|Clefable, M|100/100|[from] U-turn
|move|p2a: Temple|Salt Cure|p1a: Clefable
|-damage|p1a: Clefable|84/100
|-start|p1a: Clefable|Salt Cure
|
|-heal|p1a: Clefable|90/100|[from] item: Leftovers
|-heal|p2a: Temple|85/100|[from] item: Leftovers
|upkeep
|turn|11
|
|t:|1757921077
|move|p1a: Clefable|Knock Off|p2a: Temple
|-damage|p2a: Temple|76/100
|-enditem|p2a: Temple|Leftovers|[from] move: Knock Off|[of] p1a: Clefable
|move|p2a: Temple|Stealth Rock|p1a: Clefable
|-sidestart|p1: vikscon|move: Stealth Rock
|
|-heal|p1a: Clefable|96/100|[from] item: Leftovers
|upkeep
|turn|12
|
|t:|1757921083
|switch|p2a: Calamity|Iron Valiant, shiny|100/100
|move|p1a: Clefable|Stealth Rock|p2a: Calamity
|-sidestart|p2: outplayinq|move: Stealth Rock
|
|-heal|p1a: Clefable|100/100|[from] item: Leftovers
|upkeep
|turn|13
|
|t:|1757921091
|move|p2a: Calamity|Moonblast|p1a: Clefable
|-damage|p1a: Clefable|52/100
|move|p1a: Clefable|Moonblast|p2a: Calamity
|-supereffective|p2a: Calamity
|-damage|p2a: Calamity|0 fnt
|faint|p2a: Calamity
|-end|p2a: Calamity|Quark Drive|[silent]
|
|-heal|p1a: Clefable|58/100|[from] item: Leftovers
|upkeep
|
|t:|1757921100
|switch|p2a: Khaos|Hoopa-Unbound|100/100
|-damage|p2a: Khaos|88/100|[from] Stealth Rock
|turn|14
|
|t:|1757921103
|move|p2a: Khaos|Psychic Noise|p1a: Clefable
|-damage|p1a: Clefable|24/100
|-start|p1a: Clefable|move: Heal Block
|move|p1a: Clefable|Moonblast|p2a: Khaos
|-supereffective|p2a: Khaos
|-damage|p2a: Khaos|55/100
|-unboost|p2a: Khaos|spa|1
|
|upkeep
|turn|15
|
|t:|1757921108
|move|p2a: Khaos|Psychic Noise|p1a: Clefable
|-damage|p1a: Clefable|3/100
|move|p1a: Clefable|Moonblast|p2a: Khaos
|-supereffective|p2a: Khaos
|-crit|p2a: Khaos
|-damage|p2a: Khaos|9/100
|
|-end|p1a: Clefable|move: Heal Block
|upkeep
|turn|16
|
|t:|1757921113
|move|p2a: Khaos|Psychic Noise|p1a: Clefable
|-damage|p1a: Clefable|0 fnt
|faint|p1a: Clefable
|
|upkeep
|
|t:|1757921120
|switch|p1a: Landorus|Landorus-Therian, M, shiny|95/100 brn
|-damage|p1a: Landorus|82/100 brn|[from] Stealth Rock
|-ability|p1a: Landorus|Intimidate|boost
|-unboost|p2a: Khaos|atk|1
|turn|17
|
|t:|1757921128
|switch|p2a: Enten|Landorus-Therian, M, shiny|100/100
|-damage|p2a: Enten|88/100|[from] Stealth Rock
|-ability|p2a: Enten|Intimidate|boost
|-unboost|p1a: Landorus|atk|1
|move|p1a: Landorus|U-turn|p2a: Enten
|-resisted|p2a: Enten
|-damage|p2a: Enten|83/100
|
|t:|1757921138
|switch|p1a: Hatterene|Hatterene, F, shiny|100/100|[from] U-turn
|-damage|p1a: Hatterene|88/100|[from] Stealth Rock
|
|-heal|p1a: Hatterene|94/100|[from] item: Leftovers
|upkeep
|turn|18
|
|t:|1757921142
|move|p2a: Enten|Earthquake|p1a: Hatterene
|-damage|p1a: Hatterene|29/100
|move|p1a: Hatterene|Psychic Noise|p2a: Enten
|-damage|p2a: Enten|16/100
|-start|p2a: Enten|move: Heal Block
|
|-heal|p1a: Hatterene|35/100|[from] item: Leftovers
|upkeep
|turn|19
|
|t:|1757921145
|move|p2a: Enten|Earthquake|p1a: Hatterene
|-damage|p1a: Hatterene|0 fnt
|faint|p1a: Hatterene
|
|-end|p2a: Enten|move: Heal Block
|upkeep
|
|t:|1757921148
|switch|p1a: Landorus|Landorus-Therian, M, shiny|82/100 brn
|-damage|p1a: Landorus|70/100 brn|[from] Stealth Rock
|-ability|p1a: Landorus|Intimidate|boost
|-unboost|p2a: Enten|atk|1
|turn|20
|
|t:|1757921158
|switch|p2a: Temple|Garganacl, M, shiny, tera:Water|76/100
|-damage|p2a: Temple|63/100|[from] Stealth Rock
|move|p1a: Landorus|U-turn|p2a: Temple
|-crit|p2a: Temple
|-damage|p2a: Temple|52/100
|
|t:|1757921165
|switch|p1a: Manaphy|Manaphy, shiny|31/100|[from] U-turn
|-damage|p1a: Manaphy|19/100|[from] Stealth Rock
|
|-heal|p1a: Manaphy|25/100|[from] item: Leftovers
|upkeep
|turn|21
|
|t:|1757921169
|move|p1a: Manaphy|Energy Ball|p2a: Temple
|-supereffective|p2a: Temple
|-damage|p2a: Temple|12/100
|move|p2a: Temple|Recover|p2a: Temple
|-heal|p2a: Temple|62/100
|
|-heal|p1a: Manaphy|31/100|[from] item: Leftovers
|upkeep
|turn|22
|
|t:|1757921173
|move|p1a: Manaphy|Tail Glow|p1a: Manaphy
|-boost|p1a: Manaphy|spa|3
|move|p2a: Temple|Salt Cure|p1a: Manaphy
|-damage|p1a: Manaphy|21/100
|-start|p1a: Manaphy|Salt Cure
|
|-heal|p1a: Manaphy|27/100|[from] item: Leftovers
|-damage|p1a: Manaphy|2/100|[from] Salt Cure
|upkeep
|turn|23
|
|t:|1757921175
|move|p2a: Temple|Protect|p2a: Temple
|-singleturn|p2a: Temple|Protect
|move|p1a: Manaphy|Energy Ball|p2a: Temple
|-activate|p2a: Temple|move: Protect
|
|-heal|p1a: Manaphy|8/100|[from] item: Leftovers
|-damage|p1a: Manaphy|0 fnt|[from] Salt Cure
|faint|p1a: Manaphy
|upkeep
|
|t:|1757921179
|switch|p1a: Cetitan|Cetitan, M|100/100
|-damage|p1a: Cetitan|76/100|[from] Stealth Rock
|turn|24
|
|t:|1757921180
|move|p1a: Cetitan|Belly Drum|p1a: Cetitan
|-damage|p1a: Cetitan|26/100
|-setboost|p1a: Cetitan|atk|6|[from] move: Belly Drum
|-enditem|p1a: Cetitan|Sitrus Berry|[eat]
|-heal|p1a: Cetitan|50/100|[from] item: Sitrus Berry
|move|p2a: Temple|Salt Cure|p1a: Cetitan
|-supereffective|p1a: Cetitan
|-damage|p1a: Cetitan|24/100
|-start|p1a: Cetitan|Salt Cure
|
|-damage|p1a: Cetitan|12/100|[from] Salt Cure
|upkeep
|turn|25
|l|☆vikscon
|inactive|vikscon disconnected and has a minute to reconnect!
|player|p1|
|inactive|vikscon has 30 seconds to reconnect!
|inactive|vikscon has 20 seconds to reconnect!
|inactive|vikscon has 15 seconds to reconnect!
|inactive|vikscon has 10 seconds to reconnect!
|inactive|vikscon has 5 seconds to reconnect!
|-message|vikscon lost due to inactivity.
|
|win|outplayinq
|raw|vikscon's rating: 1252 &rarr; <strong>1227</strong><br />(-25 for losing)
|raw|outplayinq's rating: 1258 &rarr; <strong>1283</strong><br />(+25 for winning)
