|j|☆ay cheu
|j|☆alter
|t:|1757926287
|gametype|singles
|player|p1|ay cheu|riley|1501
|player|p2|alter|#labyrinthine|1510
|gen|9
|tier|[Gen 9] OU
|rated|
|rule|HP Percentage Mod: HP is shown in percentages
|rule|Endless Battle Clause: Forcing endless battles is banned
|rule|Species Clause: Limit one of each Pokémon
|rule|OHKO Clause: OHKO moves are banned
|rule|Evasion Items Clause: Evasion items are banned
|rule|Evasion Moves Clause: Evasion moves are banned
|rule|Evasion Abilities Clause: Evasion abilities are banned
|rule|Sleep Moves Clause: Sleep-inducing moves are banned
|clearpoke
|poke|p1|Gallade, M|
|poke|p1|Araquanid, M|
|poke|p1|Gholdengo|
|poke|p1|Muk-Alola, M|
|poke|p1|Talonflame, F|
|poke|p1|Garchomp, M|
|poke|p2|Volcanion|
|poke|p2|Iron Hands|
|poke|p2|Ursaluna, F|
|poke|p2|Cresselia, F|
|poke|p2|Hatterene, F|
|poke|p2|Porygon2|
|teampreview
|inactive|Battle timer is ON: inactive players will automatically lose when time's up. (requested by alter)
|
|t:|1757926296
|teamsize|p1|6
|teamsize|p2|6
|start
|switch|p1a: Araquanid|Araquanid, M|100/100
|switch|p2a: gen2 demon|Porygon2|100/100
|-ability|p2a: gen2 demon|Water Bubble|Trace|[from] ability: Trace|[of] p1a: Araquanid
|turn|1
|
|t:|1757926303
|move|p1a: Araquanid|Surf|p2a: gen2 demon
|-damage|p2a: gen2 demon|84/100
|move|p2a: gen2 demon|Trick Room|p2a: gen2 demon
|-fieldstart|move: Trick Room|[of] p2a: gen2 demon
|
|upkeep
|turn|2
|
|t:|1757926308
|move|p1a: Araquanid|Surf|p2a: gen2 demon
|-damage|p2a: gen2 demon|67/100
|move|p2a: gen2 demon|Thunderbolt|p1a: Araquanid
|-supereffective|p1a: Araquanid
|-damage|p1a: Araquanid|63/100
|
|upkeep
|turn|3
|
|t:|1757926314
|move|p1a: Araquanid|Surf|p2a: gen2 demon
|-damage|p2a: gen2 demon|51/100
|move|p2a: gen2 demon|Thunderbolt|p1a: Araquanid
|-supereffective|p1a: Araquanid
|-damage|p1a: Araquanid|32/100
|
|upkeep
|turn|4
|
|t:|1757926316
|move|p1a: Araquanid|Sticky Web|p2a: gen2 demon
|-sidestart|p2: alter|move: Sticky Web
|move|p2a: gen2 demon|Recover|p2a: gen2 demon
|-heal|p2a: gen2 demon|100/100
|
|upkeep
|turn|5
|
|t:|1757926323
|move|p2a: gen2 demon|Thunderbolt|p1a: Araquanid
|-supereffective|p1a: Araquanid
|-damage|p1a: Araquanid|0 fnt
|faint|p1a: Araquanid
|
|-fieldend|move: Trick Room
|upkeep
|
|t:|1757926326
|switch|p1a: Gallade|Gallade, M|100/100
|turn|6
|
|t:|1757926329
|move|p1a: Gallade|Sacred Sword|p2a: gen2 demon
|-supereffective|p2a: gen2 demon
|-damage|p2a: gen2 demon|0 fnt
|faint|p2a: gen2 demon
|-damage|p1a: Gallade|91/100|[from] item: Life Orb
|
|upkeep
|
|t:|1757926338
|switch|p2a: wall|Cresselia, F|100/100
|turn|7
|
|t:|1757926341
|move|p1a: Gallade|Knock Off|p2a: wall
|-supereffective|p2a: wall
|-damage|p2a: wall|53/100
|-enditem|p2a: wall|Mental Herb|[from] move: Knock Off|[of] p1a: Gallade
|-damage|p1a: Gallade|81/100|[from] item: Life Orb
|move|p2a: wall|Trick Room|p2a: wall
|-fieldstart|move: Trick Room|[of] p2a: wall
|
|upkeep
|turn|8
|
|t:|1757926345
|switch|p1a: Muk|Muk-Alola, M|100/100
|move|p2a: wall|Moonblast|p1a: Muk
|-damage|p1a: Muk|91/100
|
|-heal|p1a: Muk|97/100|[from] item: Leftovers
|upkeep
|turn|9
|
|t:|1757926350
|switch|p2a: no skill|Ursaluna, F|100/100
|-activate|p2a: no skill|move: Sticky Web
|-unboost|p2a: no skill|spe|1
|move|p1a: Muk|Knock Off|p2a: no skill
|-damage|p2a: no skill|75/100
|-enditem|p2a: no skill|Flame Orb|[from] move: Knock Off|[of] p1a: Muk
|
|-heal|p1a: Muk|100/100|[from] item: Leftovers
|upkeep
|turn|10
|
|t:|1757926358
|move|p1a: Muk|Protect|p1a: Muk
|-singleturn|p1a: Muk|Protect
|move|p2a: no skill|Swords Dance|p2a: no skill
|-boost|p2a: no skill|atk|2
|
|upkeep
|turn|11
|
|t:|1757926363
|switch|p1a: Gholdengo|Gholdengo|100/100
|move|p2a: no skill|Headlong Rush|p1a: Gholdengo
|-supereffective|p1a: Gholdengo
|-damage|p1a: Gholdengo|0 fnt
|-unboost|p2a: no skill|def|1
|-unboost|p2a: no skill|spd|1
|faint|p1a: Gholdengo
|
|-fieldend|move: Trick Room
|upkeep
|
|t:|1757926365
|switch|p1a: Garchomp|Garchomp, M|100/100
|turn|12
|
|t:|1757926372
|move|p1a: Garchomp|Earthquake|p2a: no skill
|-crit|p2a: no skill
|-damage|p2a: no skill|0 fnt
|faint|p2a: no skill
|
|upkeep
|
|t:|1757926378
|switch|p2a: wall|Cresselia, F|53/100
|turn|13
|
|t:|1757926381
|switch|p1a: Muk|Muk-Alola, M|100/100
|move|p2a: wall|Trick Room|p2a: wall
|-fieldstart|move: Trick Room|[of] p2a: wall
|
|upkeep
|turn|14
|
|t:|1757926387
|switch|p2a: wallbreak #1|Iron Hands|100/100
|-activate|p2a: wallbreak #1|move: Sticky Web
|-unboost|p2a: wallbreak #1|spe|1
|-enditem|p2a: wallbreak #1|Booster Energy
|-activate|p2a: wallbreak #1|ability: Quark Drive|[fromitem]
|-start|p2a: wallbreak #1|quarkdriveatk
|move|p1a: Muk|Gunk Shot|p2a: wallbreak #1
|-damage|p2a: wallbreak #1|74/100
|
|upkeep
|turn|15
|
|t:|1757926403
|move|p2a: wallbreak #1|Earthquake|p1a: Muk
|-supereffective|p1a: Muk
|-damage|p1a: Muk|0 fnt
|faint|p1a: Muk
|
|upkeep
|
|t:|1757926406
|switch|p1a: Talonflame|Talonflame, F|100/100
|turn|16
|
|t:|1757926412
|-terastallize|p1a: Talonflame|Fire
|move|p2a: wallbreak #1|Supercell Slam|p1a: Talonflame
|-damage|p1a: Talonflame|12/100
|-status|p2a: wallbreak #1|brn|[from] ability: Flame Body|[of] p1a: Talonflame
|move|p1a: Talonflame|Fire Blast|p2a: wallbreak #1
|-damage|p2a: wallbreak #1|40/100 brn
|
|-damage|p2a: wallbreak #1|34/100 brn|[from] brn
|upkeep
|turn|17
|
|t:|1757926422
|move|p2a: wallbreak #1|Ice Punch|p1a: Talonflame
|-resisted|p1a: Talonflame
|-damage|p1a: Talonflame|2/100
|move|p1a: Talonflame|Roost|p1a: Talonflame
|-heal|p1a: Talonflame|52/100
|
|-damage|p2a: wallbreak #1|28/100 brn|[from] brn
|-fieldend|move: Trick Room
|upkeep
|turn|18
|
|t:|1757926427
|move|p1a: Talonflame|Fire Blast|p2a: wallbreak #1
|-damage|p2a: wallbreak #1|0 fnt
|faint|p2a: wallbreak #1
|-end|p2a: wallbreak #1|Quark Drive|[silent]
|
|upkeep
|
|t:|1757926435
|switch|p2a: wall|Cresselia, F|53/100
|turn|19
|
|t:|1757926437
|move|p1a: Talonflame|Fire Blast|p2a: wall
|-damage|p2a: wall|27/100
|move|p2a: wall|Trick Room|p2a: wall
|-fieldstart|move: Trick Room|[of] p2a: wall
|
|upkeep
|turn|20
|
|t:|1757926441
|switch|p2a: basically wake|Volcanion|100/100
|-activate|p2a: basically wake|move: Sticky Web
|-unboost|p2a: basically wake|spe|1
|move|p1a: Talonflame|Roost|p1a: Talonflame
|-heal|p1a: Talonflame|100/100
|
|upkeep
|turn|21
|
|t:|1757926449
|move|p2a: basically wake|Steam Eruption|p1a: Talonflame
|-supereffective|p1a: Talonflame
|-damage|p1a: Talonflame|0 fnt
|faint|p1a: Talonflame
|
|upkeep
|
|t:|1757926453
|switch|p1a: Gallade|Gallade, M|81/100
|turn|22
|
|t:|1757926456
|move|p2a: basically wake|Steam Eruption|p1a: Gallade
|-damage|p1a: Gallade|0 fnt
|faint|p1a: Gallade
|
|upkeep
|-message|ay cheu forfeited.
|
|win|alter
|raw|ay cheu's rating: 1501 &rarr; <strong>1482</strong><br />(-19 for losing)
|raw|alter's rating: 1510 &rarr; <strong>1529</strong><br />(+19 for winning)
|l|☆ay cheu
|player|p1|
|l|☆alter
|player|p2|
