|j|☆Black Man Lover
|j|☆OmegaXC
|t:|1757906252
|gametype|singles
|player|p1|Black Man Lover|emmet|1527
|player|p2|OmegaXC|mars|1537
|gen|9
|tier|[Gen 9] OU
|rated|
|rule|HP Percentage Mod: HP is shown in percentages
|rule|Endless Battle Clause: Forcing endless battles is banned
|rule|Species Clause: Limit one of each Pokémon
|rule|OHKO Clause: OHKO moves are banned
|rule|Evasion Items Clause: Evasion items are banned
|rule|Evasion Moves Clause: Evasion moves are banned
|rule|Evasion Abilities Clause: Evasion abilities are banned
|rule|Sleep Moves Clause: Sleep-inducing moves are banned
|clearpoke
|poke|p1|Darkrai|
|poke|p1|Iron Jugulis|
|poke|p1|Iron Treads|
|poke|p1|Primarina, M|
|poke|p1|Cinderace, F|
|poke|p1|Raging Bolt|
|poke|p2|Gholdengo|
|poke|p2|Samurott-Hisui, F|
|poke|p2|Dragapult, F|
|poke|p2|Kingambit, F|
|poke|p2|Kyurem|
|poke|p2|Great Tusk|
|teampreview
|inactive|Battle timer is ON: inactive players will automatically lose when time's up. (requested by OmegaXC)
|
|t:|1757906275
|teamsize|p1|6
|teamsize|p2|6
|start
|switch|p1a: Primarina|Primarina, M|100/100
|switch|p2a: Dragapult|Dragapult, F|100/100
|turn|1
|inactive|OmegaXC has 120 seconds left.
|
|t:|1757906307
|move|p2a: Dragapult|U-turn|p1a: Primarina
|-resisted|p1a: Primarina
|-damage|p1a: Primarina|75/100
|inactive|OmegaXC has 120 seconds left.
|
|t:|1757906330
|switch|p2a: Samurott|Samurott-Hisui, F|100/100|[from] U-turn
|move|p1a: Primarina|Moonblast|p2a: Samurott
|-supereffective|p2a: Samurott
|-damage|p2a: Samurott|26/100
|-unboost|p2a: Samurott|spa|1
|
|upkeep
|turn|2
|
|t:|1757906347
|move|p2a: Samurott|Ceaseless Edge|p1a: Primarina
|-resisted|p1a: Primarina
|-damage|p1a: Primarina|47/100
|-sidestart|p1: Black Man Lover|Spikes
|move|p1a: Primarina|Surf|p2a: Samurott
|-resisted|p2a: Samurott
|-damage|p2a: Samurott|8/100
|
|upkeep
|turn|3
|inactive|OmegaXC has 120 seconds left.
|
|t:|1757906355
|move|p2a: Samurott|Ceaseless Edge|p1a: Primarina
|-resisted|p1a: Primarina
|-damage|p1a: Primarina|18/100
|-sidestart|p1: Black Man Lover|Spikes
|move|p1a: Primarina|Flip Turn|p2a: Samurott
|-resisted|p2a: Samurott
|-damage|p2a: Samurott|0 fnt
|faint|p2a: Samurott
|
|t:|1757906357
|switch|p1a: Cinderace|Cinderace, F|100/100|[from] Flip Turn
|
|upkeep
|
|t:|1757906361
|switch|p2a: Dragapult|Dragapult, F|100/100
|turn|4
|
|t:|1757906364
|move|p2a: Dragapult|Dragon Darts|p1a: Cinderace
|-damage|p1a: Cinderace|57/100
|-anim|p2a: Dragapult|Dragon Darts|p1a: Cinderace
|-damage|p1a: Cinderace|11/100
|move|p1a: Cinderace|Court Change|p1a: Cinderace
|-start|p1a: Cinderace|typechange|Normal|[from] ability: Libero
|-swapsideconditions
|-activate|p1a: Cinderace|move: Court Change
|
|upkeep
|turn|5
|
|t:|1757906370
|switch|p1a: Primarina|Primarina, M|18/100
|move|p2a: Dragapult|Dragon Darts|p1a: Primarina
|-immune|p1a: Primarina
|
|upkeep
|turn|6
|
|t:|1757906374
|switch|p2a: Great Tusk|Great Tusk|100/100
|move|p1a: Primarina|Flip Turn|p2a: Great Tusk
|-supereffective|p2a: Great Tusk
|-damage|p2a: Great Tusk|69/100
|
|t:|1757906380
|switch|p1a: Iron Jugulis|Iron Jugulis|100/100|[from] Flip Turn
|-enditem|p1a: Iron Jugulis|Booster Energy
|-activate|p1a: Iron Jugulis|ability: Quark Drive|[fromitem]
|-start|p1a: Iron Jugulis|quarkdrivespe
|
|upkeep
|turn|7
|
|t:|1757906392
|-end|p2a: Great Tusk|Protosynthesis|[silent]
|switch|p2a: Dragapult|Dragapult, F|100/100
|-damage|p2a: Dragapult|84/100|[from] Spikes
|move|p1a: Iron Jugulis|Hurricane|p2a: Dragapult
|-damage|p2a: Dragapult|8/100
|-start|p2a: Dragapult|confusion
|
|upkeep
|turn|8
|
|t:|1757906400
|move|p1a: Iron Jugulis|Dark Pulse|p2a: Dragapult
|-supereffective|p2a: Dragapult
|-damage|p2a: Dragapult|0 fnt
|faint|p2a: Dragapult
|
|upkeep
|
|t:|1757906412
|switch|p2a: Great Tusk|Great Tusk|69/100
|turn|9
|
|t:|1757906420
|-terastallize|p2a: Great Tusk|Water
|move|p1a: Iron Jugulis|Hurricane|p2a: Great Tusk
|-damage|p2a: Great Tusk|0 fnt
|faint|p2a: Great Tusk
|-end|p2a: Great Tusk|Protosynthesis|[silent]
|
|upkeep
|-message|OmegaXC forfeited.
|
|win|Black Man Lover
|raw|Black Man Lover's rating: 1527 &rarr; <strong>1548</strong><br />(+21 for winning)
|raw|OmegaXC's rating: 1537 &rarr; <strong>1516</strong><br />(-21 for losing)
|l|☆OmegaXC
|player|p2|
|l|☆Black Man Lover
|player|p1|
