|j|☆Gammamon
|j|☆malamarkus
|t:|1757940899
|gametype|singles
|player|p1|Gammamon|steven|1542
|player|p2|malamarkus|carmine-festival|1508
|gen|9
|tier|[Gen 9] OU
|rated|
|rule|HP Percentage Mod: HP is shown in percentages
|rule|Endless Battle Clause: Forcing endless battles is banned
|rule|Species Clause: Limit one of each Pokémon
|rule|OHKO Clause: OHKO moves are banned
|rule|Evasion Items Clause: Evasion items are banned
|rule|Evasion Moves Clause: Evasion moves are banned
|rule|Evasion Abilities Clause: Evasion abilities are banned
|rule|Sleep Moves Clause: Sleep-inducing moves are banned
|clearpoke
|poke|p1|Iron Moth|
|poke|p1|Ting-Lu|
|poke|p1|Torkoal, F|
|poke|p1|Walking Wake|
|poke|p1|Great Tusk|
|poke|p1|Slither Wing|
|poke|p2|Kingambit, M|
|poke|p2|Deoxys-Speed|
|poke|p2|Great Tusk|
|poke|p2|Dragonite, M|
|poke|p2|Iron Moth|
|poke|p2|Malamar, F|
|teampreview
|
|t:|1757940907
|teamsize|p1|6
|teamsize|p2|6
|start
|switch|p1a: Slither Wing|Slither Wing|100/100
|switch|p2a: Trick Room Support|Deoxys-Speed|100/100
|-ability|p2a: Trick Room Support|Pressure
|turn|1
|
|t:|1757940911
|switch|p2a: Great Thighs|Great Tusk|100/100
|-enditem|p2a: Great Thighs|Booster Energy
|-activate|p2a: Great Thighs|ability: Protosynthesis|[fromitem]
|-start|p2a: Great Thighs|protosynthesisatk
|-end|p1a: Slither Wing|Protosynthesis|[silent]
|switch|p1a: Ting-Lu|Ting-Lu|100/100
|-ability|p1a: Ting-Lu|Vessel of Ruin
|
|upkeep
|turn|2
|
|t:|1757940925
|-terastallize|p1a: Ting-Lu|Ghost
|move|p2a: Great Thighs|Close Combat|p1a: Ting-Lu
|-immune|p1a: Ting-Lu
|move|p1a: Ting-Lu|Spikes|p2a: Great Thighs
|-sidestart|p2: malamarkus|Spikes
|
|upkeep
|turn|3
|
|t:|1757940929
|move|p2a: Great Thighs|Headlong Rush|p1a: Ting-Lu
|-damage|p1a: Ting-Lu|56/100
|-unboost|p2a: Great Thighs|def|1
|-unboost|p2a: Great Thighs|spd|1
|-damage|p2a: Great Thighs|84/100|[from] item: Rocky Helmet|[of] p1a: Ting-Lu
|move|p1a: Ting-Lu|Ruination|p2a: Great Thighs
|-damage|p2a: Great Thighs|42/100
|
|upkeep
|turn|4
|
|t:|1757940940
|move|p2a: Great Thighs|Headlong Rush|p1a: Ting-Lu
|-damage|p1a: Ting-Lu|15/100
|-unboost|p2a: Great Thighs|def|1
|-unboost|p2a: Great Thighs|spd|1
|-damage|p2a: Great Thighs|26/100|[from] item: Rocky Helmet|[of] p1a: Ting-Lu
|move|p1a: Ting-Lu|Earthquake|p2a: Great Thighs
|-damage|p2a: Great Thighs|0 fnt
|faint|p2a: Great Thighs
|-end|p2a: Great Thighs|Protosynthesis|[silent]
|
|upkeep
|
|t:|1757940948
|switch|p2a: Helios|Iron Moth|100/100
|-damage|p2a: Helios|88/100|[from] Spikes
|-enditem|p2a: Helios|Booster Energy
|-activate|p2a: Helios|ability: Quark Drive|[fromitem]
|-start|p2a: Helios|quarkdrivespe
|turn|5
|
|t:|1757940951
|move|p2a: Helios|Fiery Dance|p1a: Ting-Lu
|-damage|p1a: Ting-Lu|0 fnt
|faint|p1a: Ting-Lu
|
|upkeep
|
|t:|1757940961
|switch|p1a: Walking Wake|Walking Wake|100/100
|turn|6
|
|t:|1757940966
|move|p2a: Helios|Sludge Wave|p1a: Walking Wake
|-damage|p1a: Walking Wake|45/100
|move|p1a: Walking Wake|Hydro Steam|p2a: Helios
|-supereffective|p2a: Helios
|-damage|p2a: Helios|0 fnt
|faint|p2a: Helios
|-end|p2a: Helios|Quark Drive|[silent]
|
|upkeep
|
|t:|1757940989
|switch|p2a: Trick Room Support|Deoxys-Speed|100/100
|-damage|p2a: Trick Room Support|88/100|[from] Spikes
|-ability|p2a: Trick Room Support|Pressure
|turn|7
|
|t:|1757940995
|-end|p1a: Walking Wake|Protosynthesis|[silent]
|switch|p1a: Slither Wing|Slither Wing|100/100
|move|p2a: Trick Room Support|Shadow Ball|p1a: Slither Wing
|-damage|p1a: Slither Wing|69/100
|-damage|p2a: Trick Room Support|78/100|[from] item: Life Orb
|
|upkeep
|turn|8
|
|t:|1757941006
|switch|p2a: Calamari|Malamar, F|100/100
|-damage|p2a: Calamari|88/100|[from] Spikes
|move|p1a: Slither Wing|U-turn|p2a: Calamari
|-supereffective|p2a: Calamari
|-damage|p2a: Calamari|0 fnt
|faint|p2a: Calamari
|
|t:|1757941009
|-end|p1a: Slither Wing|Protosynthesis|[silent]
|switch|p1a: Torkoal|Torkoal, F|100/100|[from] U-turn
|-weather|SunnyDay|[from] ability: Drought|[of] p1a: Torkoal
|
|-weather|SunnyDay|[upkeep]
|upkeep
|
|t:|1757941012
|switch|p2a: Trick Room Support|Deoxys-Speed|78/100
|-damage|p2a: Trick Room Support|66/100|[from] Spikes
|-ability|p2a: Trick Room Support|Pressure
|turn|9
|
|t:|1757941017
|move|p2a: Trick Room Support|Psycho Boost|p1a: Torkoal
|-damage|p1a: Torkoal|0 fnt
|-unboost|p2a: Trick Room Support|spa|2
|faint|p1a: Torkoal
|-damage|p2a: Trick Room Support|56/100|[from] item: Life Orb
|
|-weather|SunnyDay|[upkeep]
|upkeep
|
|t:|1757941021
|switch|p1a: Walking Wake|Walking Wake|45/100
|-activate|p1a: Walking Wake|ability: Protosynthesis
|-start|p1a: Walking Wake|protosynthesisspe
|turn|10
|
|t:|1757941024
|move|p1a: Walking Wake|Dragon Pulse|p2a: Trick Room Support
|-damage|p2a: Trick Room Support|0 fnt
|faint|p2a: Trick Room Support
|
|-weather|SunnyDay|[upkeep]
|upkeep
|
|t:|1757941027
|switch|p2a: Vienna|Kingambit, M|100/100
|-damage|p2a: Vienna|88/100|[from] Spikes
|-activate|p2a: Vienna|ability: Supreme Overlord
|-start|p2a: Vienna|fallen4|[silent]
|turn|11
|
|t:|1757941029
|-end|p1a: Walking Wake|Protosynthesis|[silent]
|switch|p1a: Great Tusk|Great Tusk|100/100
|-activate|p1a: Great Tusk|ability: Protosynthesis
|-start|p1a: Great Tusk|protosynthesisspe
|move|p2a: Vienna|Swords Dance|p2a: Vienna
|-boost|p2a: Vienna|atk|2
|
|-weather|SunnyDay|[upkeep]
|-heal|p2a: Vienna|94/100|[from] item: Leftovers
|upkeep
|turn|12
|
|t:|1757941035
|-terastallize|p2a: Vienna|Ghost
|move|p1a: Great Tusk|Bulk Up|p1a: Great Tusk
|-boost|p1a: Great Tusk|atk|1
|-boost|p1a: Great Tusk|def|1
|move|p2a: Vienna|Iron Head|p1a: Great Tusk
|-damage|p1a: Great Tusk|47/100
|
|-weather|SunnyDay|[upkeep]
|-heal|p2a: Vienna|99/100|[from] item: Leftovers
|upkeep
|turn|13
|
|t:|1757941039
|move|p1a: Great Tusk|Headlong Rush|p2a: Vienna
|-damage|p2a: Vienna|38/100
|-unboost|p1a: Great Tusk|def|1
|-unboost|p1a: Great Tusk|spd|1
|move|p2a: Vienna|Iron Head|p1a: Great Tusk
|-damage|p1a: Great Tusk|0 fnt
|faint|p1a: Great Tusk
|-end|p1a: Great Tusk|Protosynthesis|[silent]
|
|-weather|SunnyDay|[upkeep]
|-heal|p2a: Vienna|44/100|[from] item: Leftovers
|upkeep
|
|t:|1757941048
|switch|p1a: Slither Wing|Slither Wing|69/100
|-activate|p1a: Slither Wing|ability: Protosynthesis
|-start|p1a: Slither Wing|protosynthesisatk
|turn|14
|
|t:|1757941058
|move|p2a: Vienna|Sucker Punch|p1a: Slither Wing
|-resisted|p1a: Slither Wing
|-damage|p1a: Slither Wing|0 fnt
|faint|p1a: Slither Wing
|-end|p1a: Slither Wing|Protosynthesis|[silent]
|
|-weather|SunnyDay|[upkeep]
|-heal|p2a: Vienna|50/100|[from] item: Leftovers
|upkeep
|
|t:|1757941063
|switch|p1a: Walking Wake|Walking Wake|45/100
|-activate|p1a: Walking Wake|ability: Protosynthesis
|-start|p1a: Walking Wake|protosynthesisspe
|turn|15
|
|t:|1757941065
|-end|p1a: Walking Wake|Protosynthesis|[silent]
|switch|p1a: Iron Moth|Iron Moth|100/100
|move|p2a: Vienna|Sucker Punch||[still]
|-fail|p2a: Vienna
|
|-weather|none
|-heal|p2a: Vienna|56/100|[from] item: Leftovers
|upkeep
|turn|16
|
|t:|1757941068
|move|p2a: Vienna|Sucker Punch|p1a: Iron Moth
|-damage|p1a: Iron Moth|0 fnt
|faint|p1a: Iron Moth
|-end|p1a: Iron Moth|Quark Drive|[silent]
|
|-heal|p2a: Vienna|62/100|[from] item: Leftovers
|upkeep
|c|☆Gammamon|gg
|-message|Gammamon forfeited.
|
|win|malamarkus
|raw|Gammamon's rating: 1542 &rarr; <strong>1520</strong><br />(-22 for losing)
|raw|malamarkus's rating: 1508 &rarr; <strong>1530</strong><br />(+22 for winning)
|l|☆Gammamon
|player|p1|
|l|☆malamarkus
|player|p2|
