|j|☆menghuantianqi
|j|☆xw haha
|t:|1757849757
|gametype|singles
|player|p1|menghuantianqi|bellelba|1192
|player|p2|xw haha|volkner|1220
|gen|9
|tier|[Gen 9] OU
|rated|
|rule|HP Percentage Mod: HP is shown in percentages
|rule|Endless Battle Clause: Forcing endless battles is banned
|rule|Species Clause: Limit one of each Pokémon
|rule|OHKO Clause: OHKO moves are banned
|rule|Evasion Items Clause: Evasion items are banned
|rule|Evasion Moves Clause: Evasion moves are banned
|rule|Evasion Abilities Clause: Evasion abilities are banned
|rule|Sleep Moves Clause: Sleep-inducing moves are banned
|clearpoke
|poke|p1|Ninetales, F|
|poke|p1|Hatterene, F|
|poke|p1|Walking Wake|
|poke|p1|Great Tusk|
|poke|p1|Raging Bolt|
|poke|p1|Lilligant-Hisui, F|
|poke|p2|Hatterene, F|
|poke|p2|Farigiraf, M|
|poke|p2|Meowscarada, M|
|poke|p2|Great Tusk|
|poke|p2|Toxapex, F|
|poke|p2|Raging Bolt|
|teampreview
|inactive|Battle timer is ON: inactive players will automatically lose when time's up. (requested by xw haha)
|
|t:|1757849772
|teamsize|p1|6
|teamsize|p2|6
|start
|switch|p1a: Ninetales|Ninetales, F, shiny|100/100
|switch|p2a: Toxapex|Toxapex, F|100/100
|-weather|SunnyDay|[from] ability: Drought|[of] p1a: Ninetales
|turn|1
|
|t:|1757849781
|move|p1a: Ninetales|Will-O-Wisp|p2a: Toxapex|[miss]
|-miss|p1a: Ninetales|p2a: Toxapex
|move|p2a: Toxapex|Toxic|p1a: Ninetales
|-status|p1a: Ninetales|tox
|
|-weather|SunnyDay|[upkeep]
|-damage|p1a: Ninetales|94/100 tox|[from] psn
|upkeep
|turn|2
|
|t:|1757849801
|switch|p1a: Lilligant|Lilligant-Hisui, F|100/100
|move|p2a: Toxapex|Surf|p1a: Lilligant
|-resisted|p1a: Lilligant
|-damage|p1a: Lilligant|93/100
|
|-weather|SunnyDay|[upkeep]
|upkeep
|turn|3
|
|t:|1757849809
|move|p1a: Lilligant|Solar Blade||[still]
|-prepare|p1a: Lilligant|Solar Blade
|-anim|p1a: Lilligant|Solar Blade|p2a: Toxapex
|-damage|p2a: Toxapex|39/100
|-damage|p1a: Lilligant|83/100|[from] item: Life Orb
|move|p2a: Toxapex|Toxic|p1a: Lilligant
|-status|p1a: Lilligant|tox
|
|-weather|SunnyDay|[upkeep]
|-heal|p2a: Toxapex|45/100|[from] item: Black Sludge
|-damage|p1a: Lilligant|77/100 tox|[from] psn
|upkeep
|turn|4
|
|t:|1757849825
|switch|p2a: Meowscarada|Meowscarada, M|100/100
|move|p1a: Lilligant|Swords Dance|p1a: Lilligant
|-boost|p1a: Lilligant|atk|2
|
|-weather|SunnyDay|[upkeep]
|-damage|p1a: Lilligant|65/100 tox|[from] psn
|upkeep
|turn|5
|
|t:|1757849837
|move|p1a: Lilligant|Close Combat|p2a: Meowscarada
|-supereffective|p2a: Meowscarada
|-damage|p2a: Meowscarada|0 fnt
|-unboost|p1a: Lilligant|def|1
|-unboost|p1a: Lilligant|spd|1
|faint|p2a: Meowscarada
|-damage|p1a: Lilligant|55/100 tox|[from] item: Life Orb
|
|-weather|SunnyDay|[upkeep]
|-damage|p1a: Lilligant|37/100 tox|[from] psn
|upkeep
|
|t:|1757849847
|switch|p2a: Raging Bolt|Raging Bolt|100/100
|-activate|p2a: Raging Bolt|ability: Protosynthesis
|-start|p2a: Raging Bolt|protosynthesisspa
|turn|6
|
|t:|1757849852
|move|p2a: Raging Bolt|Thunderclap|p1a: Lilligant
|-resisted|p1a: Lilligant
|-damage|p1a: Lilligant|0 fnt
|faint|p1a: Lilligant
|
|-weather|SunnyDay|[upkeep]
|upkeep
|
|t:|1757849857
|switch|p1a: Hatterene|Hatterene, F|100/100
|turn|7
|
|t:|1757849862
|move|p2a: Raging Bolt|Volt Switch|p1a: Hatterene
|-damage|p1a: Hatterene|42/100
|
|t:|1757849873
|-end|p2a: Raging Bolt|Protosynthesis|[silent]
|switch|p2a: Toxapex|Toxapex, F|78/100|[from] Volt Switch
|move|p1a: Hatterene|Draining Kiss|p2a: Toxapex
|-resisted|p2a: Toxapex
|-damage|p2a: Toxapex|71/100
|-heal|p1a: Hatterene|47/100|[from] drain|[of] p2a: Toxapex
|
|-weather|SunnyDay|[upkeep]
|-heal|p2a: Toxapex|77/100|[from] item: Black Sludge
|upkeep
|turn|8
|
|t:|1757849885
|move|p1a: Hatterene|Calm Mind|p1a: Hatterene
|-boost|p1a: Hatterene|spa|1
|-boost|p1a: Hatterene|spd|1
|move|p2a: Toxapex|Surf|p1a: Hatterene
|-damage|p1a: Hatterene|41/100
|
|-weather|none
|-heal|p2a: Toxapex|83/100|[from] item: Black Sludge
|upkeep
|turn|9
|
|t:|1757849896
|move|p1a: Hatterene|Draining Kiss|p2a: Toxapex
|-resisted|p2a: Toxapex
|-damage|p2a: Toxapex|72/100
|-heal|p1a: Hatterene|49/100|[from] drain|[of] p2a: Toxapex
|move|p2a: Toxapex|Haze|p2a: Toxapex
|-clearallboost
|
|-heal|p2a: Toxapex|78/100|[from] item: Black Sludge
|upkeep
|turn|10
|
|t:|1757849911
|switch|p2a: Raging Bolt|Raging Bolt|100/100
|move|p1a: Hatterene|Calm Mind|p1a: Hatterene
|-boost|p1a: Hatterene|spa|1
|-boost|p1a: Hatterene|spd|1
|
|upkeep
|turn|11
|
|t:|1757849919
|move|p2a: Raging Bolt|Volt Switch|p1a: Hatterene
|-damage|p1a: Hatterene|19/100
|
|t:|1757849926
|-end|p2a: Raging Bolt|Protosynthesis|[silent]
|switch|p2a: Toxapex|Toxapex, F|100/100|[from] Volt Switch
|move|p1a: Hatterene|Draining Kiss|p2a: Toxapex
|-resisted|p2a: Toxapex
|-damage|p2a: Toxapex|90/100
|-heal|p1a: Hatterene|26/100|[from] drain|[of] p2a: Toxapex
|
|-heal|p2a: Toxapex|97/100|[from] item: Black Sludge
|upkeep
|turn|12
|
|t:|1757849937
|move|p1a: Hatterene|Psyshock|p2a: Toxapex
|-supereffective|p2a: Toxapex
|-damage|p2a: Toxapex|7/100
|move|p2a: Toxapex|Surf|p1a: Hatterene
|-damage|p1a: Hatterene|12/100
|
|-heal|p2a: Toxapex|13/100|[from] item: Black Sludge
|upkeep
|turn|13
|
|t:|1757849956
|switch|p2a: Hatterene|Hatterene, F|100/100
|move|p1a: Hatterene|Draining Kiss|p2a: Hatterene
|-damage|p2a: Hatterene|63/100
|-heal|p1a: Hatterene|40/100|[from] drain|[of] p2a: Hatterene
|
|upkeep
|turn|14
|
|t:|1757849964
|move|p1a: Hatterene|Draining Kiss|p2a: Hatterene
|-damage|p2a: Hatterene|28/100
|-heal|p1a: Hatterene|66/100|[from] drain|[of] p2a: Hatterene
|-enditem|p2a: Hatterene|Sitrus Berry|[eat]
|-heal|p2a: Hatterene|53/100|[from] item: Sitrus Berry
|move|p2a: Hatterene|Mystical Fire|p1a: Hatterene
|-damage|p1a: Hatterene|46/100
|
|upkeep
|turn|15
|
|t:|1757849974
|move|p1a: Hatterene|Draining Kiss|p2a: Hatterene
|-damage|p2a: Hatterene|18/100
|-heal|p1a: Hatterene|72/100|[from] drain|[of] p2a: Hatterene
|move|p2a: Hatterene|Mystical Fire|p1a: Hatterene
|-damage|p1a: Hatterene|49/100
|
|upkeep
|turn|16
|
|t:|1757849983
|move|p1a: Hatterene|Draining Kiss|p2a: Hatterene
|-damage|p2a: Hatterene|0 fnt
|-heal|p1a: Hatterene|63/100|[from] drain|[of] p2a: Hatterene
|faint|p2a: Hatterene
|
|upkeep
|
|t:|1757849989
|switch|p2a: Great Tusk|Great Tusk|100/100
|turn|17
|
|t:|1757849995
|move|p2a: Great Tusk|Headlong Rush|p1a: Hatterene
|-damage|p1a: Hatterene|7/100
|-unboost|p2a: Great Tusk|def|1
|-unboost|p2a: Great Tusk|spd|1
|move|p1a: Hatterene|Draining Kiss|p2a: Great Tusk
|-supereffective|p2a: Great Tusk
|-damage|p2a: Great Tusk|0 fnt
|-heal|p1a: Hatterene|100/100|[from] drain|[of] p2a: Great Tusk
|faint|p2a: Great Tusk
|-end|p2a: Great Tusk|Protosynthesis|[silent]
|
|upkeep
|-message|xw haha forfeited.
|
|win|menghuantianqi
|raw|menghuantianqi's rating: 1192 &rarr; <strong>1219</strong><br />(+27 for winning)
|raw|xw haha's rating: 1220 &rarr; <strong>1193</strong><br />(-27 for losing)
|l|☆xw haha
|player|p2|
