|j|☆guian_6
|j|‽Axj5869
|t:|1757830674
|gametype|singles
|player|p1|guian_6|101|1440
|player|p2|Axj5869|170|1415
|gen|9
|tier|[Gen 9] OU
|rated|
|rule|HP Percentage Mod: HP is shown in percentages
|rule|Endless Battle Clause: Forcing endless battles is banned
|rule|Species Clause: Limit one of each Pokémon
|rule|OHKO Clause: OHKO moves are banned
|rule|Evasion Items Clause: Evasion items are banned
|rule|Evasion Moves Clause: Evasion moves are banned
|rule|Evasion Abilities Clause: Evasion abilities are banned
|rule|Sleep Moves Clause: Sleep-inducing moves are banned
|clearpoke
|poke|p1|Great Tusk|
|poke|p1|Heatran, M|
|poke|p1|Weavile, M|
|poke|p1|Primarina, M|
|poke|p1|Ogerpon, F|
|poke|p1|Pecharunt|
|poke|p2|Glimmora, M|
|poke|p2|Hatterene, F|
|poke|p2|Ursaluna, F|
|poke|p2|Sinistcha|
|poke|p2|Kingambit, F|
|poke|p2|Blastoise, M|
|teampreview
|
|t:|1757830686
|teamsize|p1|6
|teamsize|p2|6
|start
|switch|p1a: Anonymous|Ogerpon, F|100/100
|switch|p2a: Hatterene|Hatterene, F|100/100
|turn|1
|
|t:|1757830693
|move|p1a: Anonymous|Knock Off|p2a: Hatterene
|-damage|p2a: Hatterene|44/100
|-enditem|p2a: Hatterene|Life Orb|[from] move: Knock Off|[of] p1a: Anonymous
|move|p2a: Hatterene|Trick Room|p2a: Hatterene
|-fieldstart|move: Trick Room|[of] p2a: Hatterene
|
|upkeep
|turn|2
|
|t:|1757830700
|switch|p1a: Overseer|Pecharunt|100/100
|move|p2a: Hatterene|Mystical Fire|p1a: Overseer
|-damage|p1a: Overseer|72/100
|-unboost|p1a: Overseer|spa|1
|
|upkeep
|turn|3
|
|t:|1757830709
|switch|p2a: Kingambit|Kingambit, F|100/100
|switch|p1a: Celestine|Primarina, M|100/100
|
|upkeep
|turn|4
|
|t:|1757830717
|move|p2a: Kingambit|Iron Head|p1a: Celestine
|-damage|p1a: Celestine|43/100
|move|p1a: Celestine|Whirlpool|p2a: Kingambit|[miss]
|-miss|p1a: Celestine|p2a: Kingambit
|
|upkeep
|turn|5
|
|t:|1757830724
|switch|p1a: Overseer|Pecharunt|72/100
|move|p2a: Kingambit|Iron Head|p1a: Overseer
|-damage|p1a: Overseer|51/100
|-damage|p2a: Kingambit|84/100|[from] item: Rocky Helmet|[of] p1a: Overseer
|
|-fieldend|move: Trick Room
|upkeep
|turn|6
|
|t:|1757830730
|move|p1a: Overseer|Recover|p1a: Overseer
|-heal|p1a: Overseer|100/100
|move|p2a: Kingambit|Kowtow Cleave|p1a: Overseer
|-supereffective|p1a: Overseer
|-damage|p1a: Overseer|48/100
|-damage|p2a: Kingambit|67/100|[from] item: Rocky Helmet|[of] p1a: Overseer
|
|upkeep
|turn|7
|
|t:|1757830736
|move|p1a: Overseer|Recover|p1a: Overseer
|-heal|p1a: Overseer|98/100
|move|p2a: Kingambit|Kowtow Cleave|p1a: Overseer
|-supereffective|p1a: Overseer
|-damage|p1a: Overseer|46/100
|-damage|p2a: Kingambit|51/100|[from] item: Rocky Helmet|[of] p1a: Overseer
|
|upkeep
|turn|8
|
|t:|1757830747
|-end|p2a: Kingambit|fallenundefined|[silent]
|switch|p2a: Glimmora|Glimmora, M|100/100
|move|p1a: Overseer|Recover|p1a: Overseer
|-heal|p1a: Overseer|96/100
|
|upkeep
|turn|9
|
|t:|1757830750
|move|p2a: Glimmora|Meteor Beam||[still]
|-prepare|p2a: Glimmora|Meteor Beam
|-boost|p2a: Glimmora|spa|1
|-enditem|p2a: Glimmora|Power Herb
|-anim|p2a: Glimmora|Meteor Beam|p1a: Overseer
|-damage|p1a: Overseer|0 fnt
|faint|p1a: Overseer
|
|upkeep
|
|t:|1757830759
|switch|p1a: Celestine|Primarina, M|43/100
|turn|10
|
|t:|1757830763
|move|p2a: Glimmora|Sludge Wave|p1a: Celestine
|-supereffective|p1a: Celestine
|-damage|p1a: Celestine|0 fnt
|faint|p1a: Celestine
|
|upkeep
|
|t:|1757830769
|switch|p1a: Chaos|Heatran, M|100/100
|-item|p1a: Chaos|Air Balloon
|turn|11
|
|t:|1757830777
|switch|p2a: Blastoise|Blastoise, M|100/100
|move|p1a: Chaos|Taunt|p2a: Blastoise
|-start|p2a: Blastoise|move: Taunt
|
|upkeep
|turn|12
|
|t:|1757830787
|switch|p1a: Anonymous|Ogerpon, F|100/100
|move|p2a: Blastoise|Ice Beam|p1a: Anonymous
|-supereffective|p1a: Anonymous
|-damage|p1a: Anonymous|39/100
|
|upkeep
|turn|13
|
|t:|1757830797
|switch|p2a: Hatterene|Hatterene, F|44/100
|move|p1a: Anonymous|Ivy Cudgel|p2a: Hatterene
|-damage|p2a: Hatterene|0 fnt
|faint|p2a: Hatterene
|
|upkeep
|
|t:|1757830800
|switch|p2a: Sinistcha|Sinistcha|100/100
|turn|14
|
|t:|1757830811
|switch|p1a: Chaos|Heatran, M|100/100
|-item|p1a: Chaos|Air Balloon
|move|p2a: Sinistcha|Trick Room|p2a: Sinistcha
|-fieldstart|move: Trick Room|[of] p2a: Sinistcha
|
|upkeep
|turn|15
|
|t:|1757830817
|move|p2a: Sinistcha|Shadow Ball|p1a: Chaos
|-damage|p1a: Chaos|57/100
|-unboost|p1a: Chaos|spd|1
|-enditem|p1a: Chaos|Air Balloon
|move|p1a: Chaos|Taunt|p2a: Sinistcha
|-start|p2a: Sinistcha|move: Taunt
|
|upkeep
|turn|16
|
|t:|1757830837
|switch|p1a: Bandit|Weavile, M|100/100
|-ability|p1a: Bandit|Pressure
|move|p2a: Sinistcha|Shadow Ball|p1a: Bandit
|-resisted|p1a: Bandit
|-damage|p1a: Bandit|70/100
|
|upkeep
|turn|17
|
|t:|1757830843
|-terastallize|p2a: Sinistcha|Fighting
|move|p2a: Sinistcha|Tera Blast|p1a: Bandit|[anim] Tera Blast Fighting
|-supereffective|p1a: Bandit
|-damage|p1a: Bandit|0 fnt
|faint|p1a: Bandit
|
|upkeep
|
|t:|1757830854
|switch|p1a: Behemoth|Great Tusk|100/100
|turn|18
|
|t:|1757830868
|move|p2a: Sinistcha|Shadow Ball|p1a: Behemoth
|-damage|p1a: Behemoth|38/100
|move|p1a: Behemoth|Headlong Rush|p2a: Sinistcha
|-damage|p2a: Sinistcha|39/100
|-unboost|p1a: Behemoth|def|1
|-unboost|p1a: Behemoth|spd|1
|
|-end|p2a: Sinistcha|move: Taunt
|-fieldend|move: Trick Room
|upkeep
|turn|19
|
|t:|1757830874
|move|p1a: Behemoth|Headlong Rush|p2a: Sinistcha
|-damage|p2a: Sinistcha|0 fnt
|-unboost|p1a: Behemoth|def|1
|-unboost|p1a: Behemoth|spd|1
|faint|p2a: Sinistcha
|
|upkeep
|
|t:|1757830879
|switch|p2a: Blastoise|Blastoise, M|100/100
|turn|20
|
|t:|1757830898
|move|p1a: Behemoth|Headlong Rush|p2a: Blastoise
|-damage|p2a: Blastoise|45/100
|-unboost|p1a: Behemoth|def|1
|-unboost|p1a: Behemoth|spd|1
|move|p2a: Blastoise|Shell Smash|p2a: Blastoise
|-unboost|p2a: Blastoise|def|1
|-unboost|p2a: Blastoise|spd|1
|-boost|p2a: Blastoise|atk|2
|-boost|p2a: Blastoise|spa|2
|-boost|p2a: Blastoise|spe|2
|
|upkeep
|turn|21
|
|t:|1757830902
|move|p2a: Blastoise|Surf|p1a: Behemoth
|-supereffective|p1a: Behemoth
|-damage|p1a: Behemoth|0 fnt
|faint|p1a: Behemoth
|-end|p1a: Behemoth|Protosynthesis|[silent]
|
|upkeep
|
|t:|1757830904
|switch|p1a: Anonymous|Ogerpon, F|39/100
|turn|22
|
|t:|1757830921
|-terastallize|p1a: Anonymous|Grass
|detailschange|p1a: Anonymous|Ogerpon-Teal-Tera, F, tera:Grass
|-ability|p1a: Anonymous|Embody Aspect (Teal)|boost
|-boost|p1a: Anonymous|spe|1
|move|p1a: Anonymous|Ivy Cudgel|p2a: Blastoise
|-supereffective|p2a: Blastoise
|-damage|p2a: Blastoise|0 fnt
|faint|p2a: Blastoise
|
|upkeep
|
|t:|1757830935
|switch|p2a: Glimmora|Glimmora, M|100/100
|turn|23
|
|t:|1757830940
|move|p1a: Anonymous|Ivy Cudgel|p2a: Glimmora
|-damage|p2a: Glimmora|0 fnt
|-activate|p2a: Glimmora|ability: Toxic Debris
|-sidestart|p1: guian_6|move: Toxic Spikes
|faint|p2a: Glimmora
|
|upkeep
|
|t:|1757830947
|switch|p2a: Kingambit|Kingambit, F|51/100
|-activate|p2a: Kingambit|ability: Supreme Overlord
|-start|p2a: Kingambit|fallen4|[silent]
|turn|24
|
|t:|1757830953
|switch|p1a: Chaos|Heatran, M|57/100
|move|p2a: Kingambit|Sucker Punch||[still]
|-fail|p2a: Kingambit
|
|upkeep
|turn|25
|
|t:|1757830963
|-end|p2a: Kingambit|fallen4|[silent]
|switch|p2a: Ursaluna|Ursaluna, F|100/100
|move|p1a: Chaos|Magma Storm|p2a: Ursaluna
|-damage|p2a: Ursaluna|55/100
|-activate|p2a: Ursaluna|move: Magma Storm|[of] p1a: Chaos
|
|-damage|p2a: Ursaluna|43/100|[from] move: Magma Storm|[partiallytrapped]
|-status|p2a: Ursaluna|brn|[from] item: Flame Orb
|upkeep
|turn|26
|
|t:|1757830972
|move|p1a: Chaos|Magma Storm|p2a: Ursaluna
|-damage|p2a: Ursaluna|0 fnt
|faint|p2a: Ursaluna
|
|upkeep
|
|t:|1757830978
|switch|p2a: Kingambit|Kingambit, F|51/100
|-activate|p2a: Kingambit|ability: Supreme Overlord
|-start|p2a: Kingambit|fallen5|[silent]
|turn|27
|
|t:|1757830983
|move|p2a: Kingambit|Sucker Punch|p1a: Chaos
|-damage|p1a: Chaos|0 fnt
|faint|p1a: Chaos
|
|upkeep
|
|t:|1757830986
|switch|p1a: Anonymous|Ogerpon-Teal-Tera, F, tera:Grass|39/100
|-status|p1a: Anonymous|psn
|-ability|p1a: Anonymous|Embody Aspect (Teal)|boost
|-boost|p1a: Anonymous|spe|1
|turn|28
|c|☆guian_6|gg
|
|t:|1757830991
|move|p2a: Kingambit|Sucker Punch|p1a: Anonymous
|-damage|p1a: Anonymous|0 fnt
|faint|p1a: Anonymous
|detailschange|p1: Anonymous|Ogerpon, F|[silent]
|
|win|Axj5869
|raw|guian_6's rating: 1440 &rarr; <strong>1419</strong><br />(-21 for losing)
|raw|Axj5869's rating: 1415 &rarr; <strong>1436</strong><br />(+21 for winning)
|l|‽Axj5869
|player|p2|
|l|☆guian_6
|player|p1|
