|j|☆xw haha
|j|☆ercival
|t:|1757917566
|gametype|singles
|player|p1|xw haha|volkner|1253
|player|p2|ercival|hilbert-wonderlauncher|1231
|gen|9
|tier|[Gen 9] OU
|rated|
|rule|HP Percentage Mod: HP is shown in percentages
|rule|Endless Battle Clause: Forcing endless battles is banned
|rule|Species Clause: Limit one of each Pokémon
|rule|OHKO Clause: OHKO moves are banned
|rule|Evasion Items Clause: Evasion items are banned
|rule|Evasion Moves Clause: Evasion moves are banned
|rule|Evasion Abilities Clause: Evasion abilities are banned
|rule|Sleep Moves Clause: Sleep-inducing moves are banned
|clearpoke
|poke|p1|Hatterene, F|
|poke|p1|Farigiraf, M|
|poke|p1|Meowscarada, M|
|poke|p1|Great Tusk|
|poke|p1|Clodsire, M|
|poke|p1|Raging Bolt|
|poke|p2|Cinderace, M|
|poke|p2|Meowscarada, F|
|poke|p2|Zamazenta-*|
|poke|p2|Vaporeon, F|
|poke|p2|Ursaluna, M|
|poke|p2|Dragapult, F|
|teampreview
|inactive|Battle timer is ON: inactive players will automatically lose when time's up. (requested by xw haha)
|j| wuqimahei
|
|t:|1757917580
|teamsize|p1|6
|teamsize|p2|6
|start
|switch|p1a: Meowscarada|Meowscarada, M|100/100
|switch|p2a: Egoist|Cinderace, M|100/100
|turn|1
|
|t:|1757917590
|move|p1a: Meowscarada|U-turn|p2a: Egoist
|-start|p1a: Meowscarada|typechange|Bug|[from] ability: Protean
|-resisted|p2a: Egoist
|-damage|p2a: Egoist|76/100
|l| wuqimahei
|
|t:|1757917598
|switch|p1a: Raging Bolt|Raging Bolt|100/100|[from] U-turn
|move|p2a: Egoist|Pyro Ball|p1a: Raging Bolt|[miss]
|-miss|p2a: Egoist|p1a: Raging Bolt
|
|upkeep
|turn|2
|
|t:|1757917609
|move|p2a: Egoist|High Jump Kick|p1a: Raging Bolt
|-start|p2a: Egoist|typechange|Fighting|[from] ability: Libero
|-damage|p1a: Raging Bolt|39/100
|move|p1a: Raging Bolt|Draco Meteor|p2a: Egoist|[miss]
|-miss|p1a: Raging Bolt|p2a: Egoist
|
|-heal|p1a: Raging Bolt|45/100|[from] item: Leftovers
|upkeep
|turn|3
|j| wuqimahei
|
|t:|1757917627
|-end|p1a: Raging Bolt|Protosynthesis|[silent]
|switch|p1a: Farigiraf|Farigiraf, M|100/100
|move|p2a: Egoist|High Jump Kick|p1a: Farigiraf
|-damage|p1a: Farigiraf|55/100
|-damage|p2a: Egoist|59/100|[from] item: Rocky Helmet|[of] p1a: Farigiraf
|
|upkeep
|turn|4
|j| wuqimahei
|
|t:|1757917640
|move|p2a: Egoist|U-turn|p1a: Farigiraf
|-supereffective|p1a: Farigiraf
|-damage|p1a: Farigiraf|18/100
|-damage|p2a: Egoist|43/100|[from] item: Rocky Helmet|[of] p1a: Farigiraf
|
|t:|1757917646
|switch|p2a: Gamma|Meowscarada, F|100/100|[from] U-turn
|move|p1a: Farigiraf|Trick Room|p1a: Farigiraf
|-fieldstart|move: Trick Room|[of] p1a: Farigiraf
|
|upkeep
|turn|5
|
|t:|1757917655
|move|p1a: Farigiraf|Endeavor|p2a: Gamma
|-damage|p2a: Gamma|27/100
|move|p2a: Gamma|U-turn|p1a: Farigiraf
|-start|p2a: Gamma|typechange|Bug|[from] ability: Protean
|-supereffective|p1a: Farigiraf
|-damage|p1a: Farigiraf|0 fnt
|-damage|p2a: Gamma|11/100|[from] item: Rocky Helmet|[of] p1a: Farigiraf
|faint|p1a: Farigiraf
|
|t:|1757917665
|switch|p2a: YN GawrGura|Ursaluna, M|100/100|[from] U-turn
|
|-status|p2a: YN GawrGura|brn|[from] item: Flame Orb
|upkeep
|
|t:|1757917674
|switch|p1a: Hatterene|Hatterene, F|100/100
|turn|6
|
|t:|1757917687
|move|p1a: Hatterene|Psychic|p2a: YN GawrGura
|-damage|p2a: YN GawrGura|46/100 brn
|-unboost|p2a: YN GawrGura|spd|1
|move|p2a: YN GawrGura|Facade|p1a: Hatterene
|-damage|p1a: Hatterene|0 fnt
|faint|p1a: Hatterene
|
|-damage|p2a: YN GawrGura|39/100 brn|[from] brn
|upkeep
|
|t:|1757917702
|switch|p1a: Great Tusk|Great Tusk|100/100
|turn|7
|
|t:|1757917719
|move|p2a: YN GawrGura|Ice Punch|p1a: Great Tusk
|-supereffective|p1a: Great Tusk
|-crit|p1a: Great Tusk
|-damage|p1a: Great Tusk|14/100
|move|p1a: Great Tusk|Close Combat|p2a: YN GawrGura
|-supereffective|p2a: YN GawrGura
|-damage|p2a: YN GawrGura|0 fnt
|-unboost|p1a: Great Tusk|def|1
|-unboost|p1a: Great Tusk|spd|1
|faint|p2a: YN GawrGura
|
|upkeep
|
|t:|1757917728
|switch|p2a: NoGoon|Vaporeon, F|100/100
|turn|8
|
|t:|1757917735
|-end|p1a: Great Tusk|Protosynthesis|[silent]
|switch|p1a: Clodsire|Clodsire, M|100/100
|move|p2a: NoGoon|Ice Beam|p1a: Clodsire
|-supereffective|p1a: Clodsire
|-damage|p1a: Clodsire|76/100
|
|-heal|p1a: Clodsire|82/100|[from] item: Black Sludge
|-fieldend|move: Trick Room
|upkeep
|turn|9
|
|t:|1757917754
|move|p2a: NoGoon|Flip Turn|p1a: Clodsire
|-heal|p1a: Clodsire|100/100|[from] ability: Water Absorb|[of] p2a: NoGoon
|move|p1a: Clodsire|Toxic|p2a: NoGoon
|-status|p2a: NoGoon|tox
|
|-damage|p2a: NoGoon|94/100 tox|[from] psn
|upkeep
|turn|10
|
|t:|1757917762
|move|p2a: NoGoon|Ice Beam|p1a: Clodsire
|-supereffective|p1a: Clodsire
|-damage|p1a: Clodsire|77/100
|move|p1a: Clodsire|Stealth Rock|p2a: NoGoon
|-sidestart|p2: ercival|move: Stealth Rock
|
|-heal|p2a: NoGoon|100/100 tox|[from] item: Leftovers
|-heal|p1a: Clodsire|83/100|[from] item: Black Sludge
|-damage|p2a: NoGoon|88/100 tox|[from] psn
|upkeep
|turn|11
|
|t:|1757917774
|move|p2a: NoGoon|Ice Beam|p1a: Clodsire
|-supereffective|p1a: Clodsire
|-damage|p1a: Clodsire|61/100
|move|p1a: Clodsire|Earth Power|p2a: NoGoon
|-damage|p2a: NoGoon|74/100 tox
|
|-heal|p2a: NoGoon|81/100 tox|[from] item: Leftovers
|-heal|p1a: Clodsire|67/100|[from] item: Black Sludge
|-damage|p2a: NoGoon|62/100 tox|[from] psn
|upkeep
|turn|12
|
|t:|1757917785
|move|p2a: NoGoon|Ice Beam|p1a: Clodsire
|-supereffective|p1a: Clodsire
|-crit|p1a: Clodsire
|-damage|p1a: Clodsire|31/100
|move|p1a: Clodsire|Recover|p1a: Clodsire
|-heal|p1a: Clodsire|81/100
|
|-heal|p2a: NoGoon|68/100 tox|[from] item: Leftovers
|-heal|p1a: Clodsire|87/100|[from] item: Black Sludge
|-damage|p2a: NoGoon|43/100 tox|[from] psn
|upkeep
|turn|13
|
|t:|1757917800
|move|p2a: NoGoon|Ice Beam|p1a: Clodsire
|-supereffective|p1a: Clodsire
|-damage|p1a: Clodsire|61/100
|-status|p1a: Clodsire|frz
|cant|p1a: Clodsire|frz
|
|-heal|p2a: NoGoon|49/100 tox|[from] item: Leftovers
|-heal|p1a: Clodsire|68/100 frz|[from] item: Black Sludge
|-damage|p2a: NoGoon|18/100 tox|[from] psn
|upkeep
|turn|14
|
|t:|1757917811
|switch|p2a: GoodBoy|Zamazenta|100/100
|-damage|p2a: GoodBoy|94/100|[from] Stealth Rock
|-ability|p2a: GoodBoy|Dauntless Shield|boost
|-boost|p2a: GoodBoy|def|1
|cant|p1a: Clodsire|frz
|
|-heal|p2a: GoodBoy|100/100|[from] item: Leftovers
|-heal|p1a: Clodsire|74/100 frz|[from] item: Black Sludge
|upkeep
|turn|15
|
|t:|1757917826
|switch|p1a: Meowscarada|Meowscarada, M|100/100
|move|p2a: GoodBoy|Iron Defense|p2a: GoodBoy
|-boost|p2a: GoodBoy|def|2
|
|upkeep
|turn|16
|
|t:|1757917844
|move|p1a: Meowscarada|Flower Trick|p2a: GoodBoy
|-start|p1a: Meowscarada|typechange|Grass|[from] ability: Protean
|-crit|p2a: GoodBoy
|-damage|p2a: GoodBoy|66/100
|move|p2a: GoodBoy|Body Press|p1a: Meowscarada
|-damage|p1a: Meowscarada|0 fnt
|faint|p1a: Meowscarada
|
|-heal|p2a: GoodBoy|72/100|[from] item: Leftovers
|upkeep
|
|t:|1757917857
|switch|p1a: Raging Bolt|Raging Bolt|45/100
|turn|17
|
|t:|1757917865
|-terastallize|p2a: GoodBoy|Steel
|-terastallize|p1a: Raging Bolt|Flying
|move|p2a: GoodBoy|Body Press|p1a: Raging Bolt
|-resisted|p1a: Raging Bolt
|-damage|p1a: Raging Bolt|0 fnt
|faint|p1a: Raging Bolt
|-end|p1a: Raging Bolt|Protosynthesis|[silent]
|
|-heal|p2a: GoodBoy|78/100|[from] item: Leftovers
|upkeep
|-message|xw haha forfeited.
|
|win|ercival
|raw|xw haha's rating: 1253 &rarr; <strong>1226</strong><br />(-27 for losing)
|raw|ercival's rating: 1231 &rarr; <strong>1258</strong><br />(+27 for winning)
|l|☆xw haha
|player|p1|
|l|☆ercival
|player|p2|
