|j|☆mayuhara
|j|☆NguyenKhoa1904
|t:|1757930855
|gametype|singles
|player|p1|mayuhara|ghetsis|1530
|player|p2|NguyenKhoa1904|nate|1559
|gen|9
|tier|[Gen 9] OU
|rated|
|rule|HP Percentage Mod: HP is shown in percentages
|rule|Endless Battle Clause: Forcing endless battles is banned
|rule|Species Clause: Limit one of each Pokémon
|rule|OHKO Clause: OHKO moves are banned
|rule|Evasion Items Clause: Evasion items are banned
|rule|Evasion Moves Clause: Evasion moves are banned
|rule|Evasion Abilities Clause: Evasion abilities are banned
|rule|Sleep Moves Clause: Sleep-inducing moves are banned
|clearpoke
|poke|p1|Skarmory, F|
|poke|p1|Ting-Lu|
|poke|p1|Zamazenta-*|
|poke|p1|Weavile, F|
|poke|p1|Kyurem|
|poke|p1|Slowking-Galar, M|
|poke|p2|Kingambit, M|
|poke|p2|Deoxys-Speed|
|poke|p2|Great Tusk|
|poke|p2|Dragonite, M|
|poke|p2|Iron Moth|
|poke|p2|Primarina, F|
|teampreview
|inactive|Battle timer is ON: inactive players will automatically lose when time's up. (requested by mayuhara)
|
|t:|1757930868
|teamsize|p1|6
|teamsize|p2|6
|start
|switch|p1a: Ting-Lu|Ting-Lu|100/100
|switch|p2a: CELESTINE|Primarina, F, shiny|100/100
|-ability|p1a: Ting-Lu|Vessel of Ruin
|turn|1
|
|t:|1757930878
|move|p2a: CELESTINE|Moonblast|p1a: Ting-Lu
|-supereffective|p1a: Ting-Lu
|-damage|p1a: Ting-Lu|55/100
|move|p1a: Ting-Lu|Spikes|p2a: CELESTINE
|-sidestart|p2: NguyenKhoa1904|Spikes
|
|upkeep
|turn|2
|
|t:|1757930883
|switch|p1a: Slowking|Slowking-Galar, M|100/100
|move|p2a: CELESTINE|Moonblast|p1a: Slowking
|-resisted|p1a: Slowking
|-damage|p1a: Slowking|86/100
|-unboost|p1a: Slowking|spa|1
|
|upkeep
|turn|3
|
|t:|1757930893
|move|p2a: CELESTINE|Surf|p1a: Slowking
|-damage|p1a: Slowking|59/100
|-prepare|p1a: Slowking|Chilly Reception|[premajor]
|move|p1a: Slowking|Chilly Reception|p1a: Slowking
|-weather|Snowscape
|
|t:|1757930896
|switch|p1a: Kyurem|Kyurem|100/100|[from] Chilly Reception
|-ability|p1a: Kyurem|Pressure
|
|-weather|Snowscape|[upkeep]
|upkeep
|turn|4
|
|t:|1757930899
|switch|p1a: Slowking|Slowking-Galar, M|92/100
|move|p2a: CELESTINE|Moonblast|p1a: Slowking
|-resisted|p1a: Slowking
|-damage|p1a: Slowking|77/100
|
|-weather|Snowscape|[upkeep]
|upkeep
|turn|5
|
|t:|1757930905
|move|p2a: CELESTINE|Whirlpool|p1a: Slowking
|-damage|p1a: Slowking|66/100
|-activate|p1a: Slowking|move: Whirlpool|[of] p2a: CELESTINE
|move|p1a: Slowking|Sludge Bomb|p2a: CELESTINE
|-supereffective|p2a: CELESTINE
|-damage|p2a: CELESTINE|55/100
|
|-weather|Snowscape|[upkeep]
|-damage|p1a: Slowking|53/100|[from] move: Whirlpool|[partiallytrapped]
|upkeep
|turn|6
|
|t:|1757930914
|move|p2a: CELESTINE|Surf|p1a: Slowking
|-damage|p1a: Slowking|23/100
|move|p1a: Slowking|Sludge Bomb|p2a: CELESTINE
|-supereffective|p2a: CELESTINE
|-crit|p2a: CELESTINE
|-damage|p2a: CELESTINE|0 fnt
|faint|p2a: CELESTINE
|
|-weather|Snowscape|[upkeep]
|-end|p1a: Slowking|Whirlpool|[partiallytrapped]|[silent]
|upkeep
|
|t:|1757930937
|switch|p2a: IRONHIDE|Kingambit, M|100/100
|-damage|p2a: IRONHIDE|88/100|[from] Spikes
|-activate|p2a: IRONHIDE|ability: Supreme Overlord
|-start|p2a: IRONHIDE|fallen1|[silent]
|turn|7
|
|t:|1757930946
|switch|p1a: Zamazenta|Zamazenta|100/100
|-ability|p1a: Zamazenta|Dauntless Shield|boost
|-boost|p1a: Zamazenta|def|1
|move|p2a: IRONHIDE|Swords Dance|p2a: IRONHIDE
|-boost|p2a: IRONHIDE|atk|2
|
|-weather|none
|-heal|p2a: IRONHIDE|94/100|[from] item: Leftovers
|upkeep
|turn|8
|
|t:|1757930954
|-terastallize|p2a: IRONHIDE|Ghost
|move|p1a: Zamazenta|Close Combat|p2a: IRONHIDE
|-immune|p2a: IRONHIDE
|move|p2a: IRONHIDE|Swords Dance|p2a: IRONHIDE
|-boost|p2a: IRONHIDE|atk|2
|
|-heal|p2a: IRONHIDE|99/100|[from] item: Leftovers
|upkeep
|turn|9
|
|t:|1757930959
|move|p1a: Zamazenta|Crunch|p2a: IRONHIDE
|-supereffective|p2a: IRONHIDE
|-damage|p2a: IRONHIDE|59/100
|move|p2a: IRONHIDE|Iron Head|p1a: Zamazenta
|-damage|p1a: Zamazenta|0 fnt
|faint|p1a: Zamazenta
|
|-heal|p2a: IRONHIDE|65/100|[from] item: Leftovers
|upkeep
|
|t:|1757930964
|switch|p1a: Weavile|Weavile, F|100/100
|turn|10
|
|t:|1757930970
|move|p2a: IRONHIDE|Sucker Punch|p1a: Weavile
|-resisted|p1a: Weavile
|-damage|p1a: Weavile|0 fnt
|faint|p1a: Weavile
|
|-heal|p2a: IRONHIDE|71/100|[from] item: Leftovers
|upkeep
|
|t:|1757930974
|switch|p1a: Skarmory|Skarmory, F|100/100
|turn|11
|
|t:|1757930979
|move|p2a: IRONHIDE|Kowtow Cleave|p1a: Skarmory
|-ability|p1a: Skarmory|Sturdy
|-damage|p1a: Skarmory|1/100
|-damage|p2a: IRONHIDE|55/100|[from] item: Rocky Helmet|[of] p1a: Skarmory
|move|p1a: Skarmory|Whirlwind|p2a: IRONHIDE
|-end|p2a: IRONHIDE|fallen1|[silent]
|drag|p2a: RAGNAROCK|Great Tusk|100/100
|-damage|p2a: RAGNAROCK|88/100|[from] Spikes
|-enditem|p2a: RAGNAROCK|Booster Energy
|-activate|p2a: RAGNAROCK|ability: Protosynthesis|[fromitem]
|-start|p2a: RAGNAROCK|protosynthesisatk
|
|upkeep
|turn|12
|
|t:|1757930983
|move|p2a: RAGNAROCK|Rapid Spin|p1a: Skarmory
|-resisted|p1a: Skarmory
|-damage|p1a: Skarmory|0 fnt
|-boost|p2a: RAGNAROCK|spe|1
|-damage|p2a: RAGNAROCK|72/100|[from] item: Rocky Helmet|[of] p1a: Skarmory
|-sideend|p2: NguyenKhoa1904|Spikes|[from] move: Rapid Spin|[of] p2a: RAGNAROCK
|faint|p1a: Skarmory
|
|upkeep
|
|t:|1757930987
|switch|p1a: Kyurem|Kyurem|100/100
|-ability|p1a: Kyurem|Pressure
|turn|13
|
|t:|1757930990
|move|p2a: RAGNAROCK|Close Combat|p1a: Kyurem
|-supereffective|p1a: Kyurem
|-damage|p1a: Kyurem|0 fnt
|-unboost|p2a: RAGNAROCK|def|1
|-unboost|p2a: RAGNAROCK|spd|1
|faint|p1a: Kyurem
|
|upkeep
|j| idonteatpets
|
|t:|1757931003
|switch|p1a: Ting-Lu|Ting-Lu|55/100
|-ability|p1a: Ting-Lu|Vessel of Ruin
|turn|14
|
|t:|1757931012
|move|p2a: RAGNAROCK|Close Combat|p1a: Ting-Lu
|-supereffective|p1a: Ting-Lu
|-damage|p1a: Ting-Lu|0 fnt
|-unboost|p2a: RAGNAROCK|def|1
|-unboost|p2a: RAGNAROCK|spd|1
|faint|p1a: Ting-Lu
|
|upkeep
|-message|mayuhara forfeited.
|
|win|NguyenKhoa1904
|raw|mayuhara's rating: 1530 &rarr; <strong>1512</strong><br />(-18 for losing)
|raw|NguyenKhoa1904's rating: 1559 &rarr; <strong>1577</strong><br />(+18 for winning)
|l|☆mayuhara
|player|p1|
|c| idonteatpets|hi
|l|☆NguyenKhoa1904
|player|p2|
