|j|☆Hunter_of_Keys
|j|☆ihategroundtypes
|t:|1757827082
|gametype|singles
|player|p1|Hunter_of_Keys|veteran|1544
|player|p2|ihategroundtypes|miku-flying|1554
|gen|9
|tier|[Gen 9] OU
|rated|
|rule|HP Percentage Mod: HP is shown in percentages
|rule|Endless Battle Clause: Forcing endless battles is banned
|rule|Species Clause: Limit one of each Pokémon
|rule|OHKO Clause: OHKO moves are banned
|rule|Evasion Items Clause: Evasion items are banned
|rule|Evasion Moves Clause: Evasion moves are banned
|rule|Evasion Abilities Clause: Evasion abilities are banned
|rule|Sleep Moves Clause: Sleep-inducing moves are banned
|clearpoke
|poke|p1|Indeedee, M|
|poke|p1|Espeon, F|
|poke|p1|Armarouge, F|
|poke|p1|Gallade, M|
|poke|p1|Cresselia, F|
|poke|p1|Iron Boulder|
|poke|p2|Samurott-Hisui, M|
|poke|p2|Rillaboom, F|
|poke|p2|Heatran, F|
|poke|p2|Weezing-Galar, F|
|poke|p2|Landorus-Therian, M|
|poke|p2|Primarina, M|
|teampreview
|inactive|Battle timer is ON: inactive players will automatically lose when time's up. (requested by Hunter_of_Keys)
|
|t:|1757827091
|teamsize|p1|6
|teamsize|p2|6
|start
|switch|p1a: Gallade|Gallade, M|100/100
|switch|p2a: Samurott|Samurott-Hisui, M|100/100
|turn|1
|
|t:|1757827096
|switch|p2a: Weezing|Weezing-Galar, F|100/100
|-ability|p2a: Weezing|Neutralizing Gas
|move|p1a: Gallade|Sacred Sword|p2a: Weezing
|-resisted|p2a: Weezing
|-damage|p2a: Weezing|92/100
|
|-heal|p2a: Weezing|98/100|[from] item: Leftovers
|upkeep
|turn|2
|
|t:|1757827101
|move|p1a: Gallade|Psycho Cut|p2a: Weezing
|-supereffective|p2a: Weezing
|-damage|p2a: Weezing|49/100
|move|p2a: Weezing|Toxic Spikes|p1a: Gallade
|-sidestart|p1: Hunter_of_Keys|move: Toxic Spikes
|
|-heal|p2a: Weezing|55/100|[from] item: Leftovers
|upkeep
|turn|3
|
|t:|1757827107
|move|p1a: Gallade|Psycho Cut|p2a: Weezing
|-supereffective|p2a: Weezing
|-crit|p2a: Weezing
|-damage|p2a: Weezing|0 fnt
|faint|p2a: Weezing
|-end|p2a: Weezing|ability: Neutralizing Gas
|
|upkeep
|
|t:|1757827115
|switch|p2a: Primarina|Primarina, M|100/100
|turn|4
|
|t:|1757827118
|move|p1a: Gallade|Psycho Cut|p2a: Primarina
|-damage|p2a: Primarina|30/100
|move|p2a: Primarina|Moonblast|p1a: Gallade
|-supereffective|p1a: Gallade
|-enditem|p1a: Gallade|Focus Sash
|-damage|p1a: Gallade|1/100
|
|upkeep
|turn|5
|
|t:|1757827123
|move|p1a: Gallade|Sacred Sword|p2a: Primarina
|-resisted|p2a: Primarina
|-damage|p2a: Primarina|0 fnt
|faint|p2a: Primarina
|
|upkeep
|
|t:|1757827125
|switch|p2a: Rillaboom|Rillaboom, F|100/100
|-fieldstart|move: Grassy Terrain|[from] ability: Grassy Surge|[of] p2a: Rillaboom
|turn|6
|
|t:|1757827137
|switch|p1a: Cresselia|Cresselia, F|100/100
|move|p2a: Rillaboom|Grassy Glide|p1a: Cresselia
|-damage|p1a: Cresselia|67/100
|-damage|p2a: Rillaboom|84/100|[from] item: Rocky Helmet|[of] p1a: Cresselia
|
|-heal|p2a: Rillaboom|90/100|[from] Grassy Terrain
|upkeep
|turn|7
|
|t:|1757827143
|switch|p2a: Heatran|Heatran, F|100/100
|move|p1a: Cresselia|Thunder Wave|p2a: Heatran
|-status|p2a: Heatran|par
|
|upkeep
|turn|8
|
|t:|1757827148
|move|p1a: Cresselia|Lunar Dance|p1a: Cresselia
|faint|p1a: Cresselia
|move|p2a: Heatran|Lunge|p1: Cresselia|[notarget]
|-fail|p2a: Heatran
|
|upkeep
|
|t:|1757827151
|switch|p1a: Gallade|Gallade, M|1/100
|-heal|p1a: Gallade|100/100|[from] move: Lunar Dance
|-status|p1a: Gallade|psn
|turn|9
|
|t:|1757827157
|-terastallize|p2a: Heatran|Bug
|move|p1a: Gallade|Ice Punch|p2a: Heatran
|-crit|p2a: Heatran
|-damage|p2a: Heatran|65/100 par
|move|p2a: Heatran|Heavy Slam|p1a: Gallade
|-damage|p1a: Gallade|10/100 psn
|
|-heal|p1a: Gallade|16/100 psn|[from] Grassy Terrain
|-heal|p2a: Heatran|71/100 par|[from] Grassy Terrain
|-damage|p1a: Gallade|4/100 psn|[from] psn
|upkeep
|turn|10
|
|t:|1757827163
|cant|p2a: Heatran|par
|move|p1a: Gallade|Psycho Cut|p2a: Heatran
|-damage|p2a: Heatran|23/100 par
|
|-heal|p1a: Gallade|10/100 psn|[from] Grassy Terrain
|-heal|p2a: Heatran|29/100 par|[from] Grassy Terrain
|-damage|p1a: Gallade|0 fnt|[from] psn
|faint|p1a: Gallade
|-fieldend|move: Grassy Terrain
|upkeep
|
|t:|1757827175
|switch|p1a: Espeon|Espeon, F|100/100
|-status|p1a: Espeon|psn
|turn|11
|
|t:|1757827178
|move|p1a: Espeon|Expanding Force|p2a: Heatran
|-damage|p2a: Heatran|3/100 par
|move|p2a: Heatran|Lunge|p1a: Espeon
|-supereffective|p1a: Espeon
|-damage|p1a: Espeon|14/100 psn
|-unboost|p1a: Espeon|atk|1
|
|-damage|p1a: Espeon|1/100 psn|[from] psn
|upkeep
|turn|12
|
|t:|1757827184
|move|p2a: Heatran|Protect|p2a: Heatran
|-singleturn|p2a: Heatran|Protect
|move|p1a: Espeon|Alluring Voice|p2a: Heatran
|-activate|p2a: Heatran|move: Protect
|
|-damage|p1a: Espeon|0 fnt|[from] psn
|faint|p1a: Espeon
|upkeep
|
|t:|1757827196
|switch|p1a: Iron Boulder|Iron Boulder|100/100
|-status|p1a: Iron Boulder|psn
|-enditem|p1a: Iron Boulder|Booster Energy
|-activate|p1a: Iron Boulder|ability: Quark Drive|[fromitem]
|-start|p1a: Iron Boulder|quarkdrivespe
|turn|13
|
|t:|1757827203
|move|p1a: Iron Boulder|Swords Dance|p1a: Iron Boulder
|-boost|p1a: Iron Boulder|atk|2
|move|p2a: Heatran|Lunge|p1a: Iron Boulder
|-supereffective|p1a: Iron Boulder
|-damage|p1a: Iron Boulder|4/100 psn
|-unboost|p1a: Iron Boulder|atk|1
|
|-damage|p1a: Iron Boulder|0 fnt|[from] psn
|faint|p1a: Iron Boulder
|-end|p1a: Iron Boulder|Quark Drive|[silent]
|upkeep
|
|t:|1757827210
|switch|p1a: Indeedee|Indeedee, M|100/100
|-status|p1a: Indeedee|psn
|-fieldstart|move: Psychic Terrain|[from] ability: Psychic Surge|[of] p1a: Indeedee
|turn|14
|
|t:|1757827213
|move|p1a: Indeedee|Dazzling Gleam|p2a: Heatran
|-damage|p2a: Heatran|0 fnt
|faint|p2a: Heatran
|
|-damage|p1a: Indeedee|88/100 psn|[from] psn
|upkeep
|
|t:|1757827232
|switch|p2a: Rillaboom|Rillaboom, F|90/100
|-fieldstart|move: Grassy Terrain|[from] ability: Grassy Surge|[of] p2a: Rillaboom
|turn|15
|
|t:|1757827242
|switch|p1a: Armarouge|Armarouge, F|100/100
|-status|p1a: Armarouge|psn
|move|p2a: Rillaboom|Grassy Glide|p1a: Armarouge
|-resisted|p1a: Armarouge
|-damage|p1a: Armarouge|68/100 psn
|-ability|p1a: Armarouge|Weak Armor|boost
|-unboost|p1a: Armarouge|def|1
|-boost|p1a: Armarouge|spe|2
|
|-heal|p1a: Armarouge|74/100 psn|[from] Grassy Terrain
|-heal|p2a: Rillaboom|96/100|[from] Grassy Terrain
|-damage|p1a: Armarouge|62/100 psn|[from] psn
|upkeep
|turn|16
|
|t:|1757827247
|move|p2a: Rillaboom|Grassy Glide|p1a: Armarouge
|-resisted|p1a: Armarouge
|-damage|p1a: Armarouge|16/100 psn
|-ability|p1a: Armarouge|Weak Armor|boost
|-unboost|p1a: Armarouge|def|1
|-boost|p1a: Armarouge|spe|2
|move|p1a: Armarouge|Armor Cannon|p2a: Rillaboom
|-supereffective|p2a: Rillaboom
|-damage|p2a: Rillaboom|0 fnt
|-unboost|p1a: Armarouge|def|1
|-unboost|p1a: Armarouge|spd|1
|faint|p2a: Rillaboom
|
|-heal|p1a: Armarouge|22/100 psn|[from] Grassy Terrain
|-damage|p1a: Armarouge|10/100 psn|[from] psn
|upkeep
|
|t:|1757827251
|switch|p2a: Samurott|Samurott-Hisui, M|100/100
|turn|17
|
|t:|1757827266
|-terastallize|p1a: Armarouge|Fighting
|move|p2a: Samurott|Sucker Punch|p1a: Armarouge
|-resisted|p1a: Armarouge
|-damage|p1a: Armarouge|0 fnt
|faint|p1a: Armarouge
|
|upkeep
|
|t:|1757827269
|switch|p1a: Indeedee|Indeedee, M|88/100 psn
|-fieldstart|move: Psychic Terrain|[from] ability: Psychic Surge|[of] p1a: Indeedee
|turn|18
|
|t:|1757827271
|move|p2a: Samurott|Sucker Punch|p1a: Indeedee
|-activate|p1a: Indeedee|move: Psychic Terrain
|move|p1a: Indeedee|Dazzling Gleam|p2a: Samurott
|-supereffective|p2a: Samurott
|-damage|p2a: Samurott|41/100
|
|-damage|p1a: Indeedee|76/100 psn|[from] psn
|upkeep
|turn|19
|
|t:|1757827275
|move|p2a: Samurott|Sucker Punch|p1a: Indeedee
|-activate|p1a: Indeedee|move: Psychic Terrain
|move|p1a: Indeedee|Dazzling Gleam|p2a: Samurott
|-supereffective|p2a: Samurott
|-damage|p2a: Samurott|0 fnt
|faint|p2a: Samurott
|
|-damage|p1a: Indeedee|64/100 psn|[from] psn
|upkeep
|
|t:|1757827276
|switch|p2a: Landorus|Landorus-Therian, M|100/100
|-ability|p2a: Landorus|Intimidate|boost
|-unboost|p1a: Indeedee|atk|1
|turn|20
|
|t:|1757827279
|move|p1a: Indeedee|Expanding Force|p2a: Landorus
|-damage|p2a: Landorus|30/100
|move|p2a: Landorus|Earthquake|p1a: Indeedee
|-damage|p1a: Indeedee|0 fnt
|faint|p1a: Indeedee
|
|win|ihategroundtypes
|raw|Hunter_of_Keys's rating: 1544 &rarr; <strong>1525</strong><br />(-19 for losing)
|raw|ihategroundtypes's rating: 1554 &rarr; <strong>1573</strong><br />(+19 for winning)
|c|☆ihategroundtypes|gg
|l|☆Hunter_of_Keys
|player|p1|
