|j|☆4DEF+4SPD=GG
|j|☆TreeOfStrength27
|t:|1757816760
|gametype|singles
|player|p1|4DEF+4SPD=GG|preschooler|1205
|player|p2|TreeOfStrength27|lucas|1224
|gen|9
|tier|[Gen 9] OU
|rated|
|rule|HP Percentage Mod: HP is shown in percentages
|rule|Endless Battle Clause: Forcing endless battles is banned
|rule|Species Clause: Limit one of each Pokémon
|rule|OHKO Clause: OHKO moves are banned
|rule|Evasion Items Clause: Evasion items are banned
|rule|Evasion Moves Clause: Evasion moves are banned
|rule|Evasion Abilities Clause: Evasion abilities are banned
|rule|Sleep Moves Clause: Sleep-inducing moves are banned
|clearpoke
|poke|p1|Tyranitar, M|
|poke|p1|Excadrill, M|
|poke|p1|Corviknight, M|
|poke|p1|Glimmora, M|
|poke|p1|Hippowdon, M|
|poke|p1|Scizor, M|
|poke|p2|Torkoal, M|
|poke|p2|Sandy Shocks|
|poke|p2|Walking Wake|
|poke|p2|Scream Tail|
|poke|p2|Great Tusk|
|poke|p2|Raging Bolt|
|teampreview
|inactive|Battle timer is ON: inactive players will automatically lose when time's up. (requested by 4DEF+4SPD=GG)
|l|☆TreeOfStrength27
|inactive|TreeOfStrength27 disconnected and has a minute to reconnect!
|player|p2|
|j|☆TreeOfStrength27
|inactive|TreeOfStrength27 reconnected and has 120 seconds left.
|player|p2|TreeOfStrength27|lucas|
|
|t:|1757816805
|teamsize|p1|6
|teamsize|p2|6
|start
|switch|p1a: Scizor|Scizor, M|100/100
|switch|p2a: Captain Smoky|Torkoal, M|100/100
|-weather|SunnyDay|[from] ability: Drought|[of] p2a: Captain Smoky
|turn|1
|
|t:|1757816816
|move|p1a: Scizor|U-turn|p2a: Captain Smoky
|-resisted|p2a: Captain Smoky
|-damage|p2a: Captain Smoky|79/100
|
|t:|1757816818
|switch|p1a: Hippowdon|Hippowdon, M|100/100|[from] U-turn
|-weather|Sandstorm|[from] ability: Sand Stream|[of] p1a: Hippowdon
|move|p2a: Captain Smoky|Weather Ball|p1a: Hippowdon
|-resisted|p1a: Hippowdon
|-damage|p1a: Hippowdon|89/100
|
|-weather|Sandstorm|[upkeep]
|-damage|p2a: Captain Smoky|73/100|[from] Sandstorm
|upkeep
|turn|2
|
|t:|1757816843
|move|p1a: Hippowdon|Bulldoze|p2a: Captain Smoky
|-supereffective|p2a: Captain Smoky
|-damage|p2a: Captain Smoky|40/100
|-unboost|p2a: Captain Smoky|spe|1
|move|p2a: Captain Smoky|Will-O-Wisp|p1a: Hippowdon
|-status|p1a: Hippowdon|brn
|
|-weather|Sandstorm|[upkeep]
|-damage|p2a: Captain Smoky|34/100|[from] Sandstorm
|-damage|p1a: Hippowdon|83/100 brn|[from] brn
|upkeep
|turn|3
|
|t:|1757816854
|switch|p2a: BubbleGum|Scream Tail|100/100
|move|p1a: Hippowdon|Stealth Rock|p2a: BubbleGum
|-sidestart|p2: TreeOfStrength27|move: Stealth Rock
|
|-weather|Sandstorm|[upkeep]
|-damage|p2a: BubbleGum|94/100|[from] Sandstorm
|-damage|p1a: Hippowdon|77/100 brn|[from] brn
|upkeep
|turn|4
|
|t:|1757816865
|switch|p1a: Corviknight|Corviknight, M|100/100
|move|p2a: BubbleGum|Stealth Rock|p1a: Corviknight
|-sidestart|p1: 4DEF+4SPD=GG|move: Stealth Rock
|
|-weather|Sandstorm|[upkeep]
|-damage|p2a: BubbleGum|88/100|[from] Sandstorm
|upkeep
|turn|5
|
|t:|1757816881
|move|p2a: BubbleGum|Thunder Wave|p1a: Corviknight
|-status|p1a: Corviknight|par
|move|p1a: Corviknight|U-turn|p2a: BubbleGum
|-damage|p2a: BubbleGum|77/100
|
|t:|1757816889
|switch|p1a: Excadrill|Excadrill, M|100/100|[from] U-turn
|-damage|p1a: Excadrill|97/100|[from] Stealth Rock
|
|-weather|Sandstorm|[upkeep]
|-damage|p2a: BubbleGum|71/100|[from] Sandstorm
|upkeep
|turn|6
|inactive|TreeOfStrength27 has 120 seconds left.
|
|t:|1757816916
|move|p1a: Excadrill|Iron Head|p2a: BubbleGum
|-supereffective|p2a: BubbleGum
|-damage|p2a: BubbleGum|2/100
|-enditem|p2a: BubbleGum|Sitrus Berry|[eat]
|-heal|p2a: BubbleGum|27/100|[from] item: Sitrus Berry
|move|p2a: BubbleGum|Wish|p2a: BubbleGum
|
|-weather|Sandstorm|[upkeep]
|-damage|p2a: BubbleGum|21/100|[from] Sandstorm
|upkeep
|turn|7
|inactive|TreeOfStrength27 has 120 seconds left.
|
|t:|1757816929
|-end|p2a: BubbleGum|Protosynthesis|[silent]
|switch|p2a: Captain Smoky|Torkoal, M|34/100
|-damage|p2a: Captain Smoky|9/100|[from] Stealth Rock
|-weather|SunnyDay|[from] ability: Drought|[of] p2a: Captain Smoky
|move|p1a: Excadrill|Iron Head|p2a: Captain Smoky
|-resisted|p2a: Captain Smoky
|-damage|p2a: Captain Smoky|0 fnt
|faint|p2a: Captain Smoky
|
|-weather|SunnyDay|[upkeep]
|upkeep
|inactive|TreeOfStrength27 has 120 seconds left.
|
|t:|1757816940
|switch|p2a: Triton|Walking Wake|100/100
|-damage|p2a: Triton|88/100|[from] Stealth Rock
|-activate|p2a: Triton|ability: Protosynthesis
|-start|p2a: Triton|protosynthesisspe
|turn|8
|inactive|TreeOfStrength27 has 120 seconds left.
|
|t:|1757816950
|switch|p1a: Hippowdon|Hippowdon, M|77/100 brn
|-damage|p1a: Hippowdon|71/100 brn|[from] Stealth Rock
|-weather|Sandstorm|[from] ability: Sand Stream|[of] p1a: Hippowdon
|-end|p2a: Triton|Protosynthesis
|move|p2a: Triton|Hydro Steam|p1a: Hippowdon
|-supereffective|p1a: Hippowdon
|-damage|p1a: Hippowdon|0 fnt
|faint|p1a: Hippowdon
|-damage|p2a: Triton|78/100|[from] item: Life Orb
|
|-weather|Sandstorm|[upkeep]
|-damage|p2a: Triton|72/100|[from] Sandstorm
|upkeep
|inactive|4DEF+4SPD=GG has 120 seconds left.
|
|t:|1757816980
|switch|p1a: Corviknight|Corviknight, M|100/100 par
|-damage|p1a: Corviknight|88/100 par|[from] Stealth Rock
|turn|9
|
|t:|1757816991
|-end|p2a: Triton|Protosynthesis|[silent]
|switch|p2a: BubbleGum|Scream Tail|21/100
|-damage|p2a: BubbleGum|8/100|[from] Stealth Rock
|move|p1a: Corviknight|U-turn|p2a: BubbleGum
|-damage|p2a: BubbleGum|0 fnt
|faint|p2a: BubbleGum
|-end|p2a: BubbleGum|Protosynthesis|[silent]
|
|t:|1757817000
|switch|p1a: Excadrill|Excadrill, M|97/100|[from] U-turn
|-damage|p1a: Excadrill|94/100|[from] Stealth Rock
|
|-weather|Sandstorm|[upkeep]
|upkeep
|
|t:|1757817009
|switch|p2a: Triton|Walking Wake|72/100
|-damage|p2a: Triton|60/100|[from] Stealth Rock
|turn|10
|
|t:|1757817013
|move|p1a: Excadrill|Earthquake|p2a: Triton
|-damage|p2a: Triton|0 fnt
|faint|p2a: Triton
|-end|p2a: Triton|Protosynthesis|[silent]
|
|-weather|Sandstorm|[upkeep]
|upkeep
|
|t:|1757817019
|switch|p2a: Titan|Great Tusk, shiny|100/100
|-damage|p2a: Titan|98/100|[from] Stealth Rock
|turn|11
|
|t:|1757817024
|switch|p1a: Corviknight|Corviknight, M|88/100 par
|-damage|p1a: Corviknight|75/100 par|[from] Stealth Rock
|move|p2a: Titan|Close Combat|p1a: Corviknight
|-damage|p1a: Corviknight|38/100 par
|-unboost|p2a: Titan|def|1
|-unboost|p2a: Titan|spd|1
|-damage|p2a: Titan|81/100|[from] item: Rocky Helmet|[of] p1a: Corviknight
|
|-weather|Sandstorm|[upkeep]
|upkeep
|turn|12
|
|t:|1757817036
|-end|p2a: Titan|Protosynthesis|[silent]
|switch|p2a: Triple Spike|Sandy Shocks|100/100
|-damage|p2a: Triple Spike|94/100|[from] Stealth Rock
|cant|p1a: Corviknight|par
|
|-weather|Sandstorm|[upkeep]
|upkeep
|turn|13
|
|t:|1757817058
|move|p2a: Triple Spike|Thunderbolt|p1a: Corviknight
|-supereffective|p1a: Corviknight
|-damage|p1a: Corviknight|0 fnt
|faint|p1a: Corviknight
|
|-weather|Sandstorm|[upkeep]
|upkeep
|
|t:|1757817060
|switch|p1a: Excadrill|Excadrill, M|94/100
|-damage|p1a: Excadrill|91/100|[from] Stealth Rock
|turn|14
|
|t:|1757817070
|-end|p2a: Triple Spike|Protosynthesis|[silent]
|switch|p2a: Electric Boogaloo|Raging Bolt|100/100
|-damage|p2a: Electric Boogaloo|88/100|[from] Stealth Rock
|move|p1a: Excadrill|Earthquake|p2a: Electric Boogaloo
|-supereffective|p2a: Electric Boogaloo
|-damage|p2a: Electric Boogaloo|0 fnt
|faint|p2a: Electric Boogaloo
|-end|p2a: Electric Boogaloo|Protosynthesis|[silent]
|
|-weather|Sandstorm|[upkeep]
|upkeep
|
|t:|1757817072
|switch|p2a: Titan|Great Tusk, shiny|81/100
|-damage|p2a: Titan|78/100|[from] Stealth Rock
|turn|15
|
|t:|1757817082
|switch|p1a: Scizor|Scizor, M|100/100
|-damage|p1a: Scizor|88/100|[from] Stealth Rock
|move|p2a: Titan|Close Combat|p1a: Scizor
|-damage|p1a: Scizor|29/100
|-unboost|p2a: Titan|def|1
|-unboost|p2a: Titan|spd|1
|
|-weather|none
|upkeep
|turn|16
|
|t:|1757817094
|move|p1a: Scizor|Bullet Punch|p2a: Titan
|-damage|p2a: Titan|31/100
|move|p2a: Titan|Close Combat|p1a: Scizor
|-damage|p1a: Scizor|0 fnt
|-unboost|p2a: Titan|def|1
|-unboost|p2a: Titan|spd|1
|faint|p1a: Scizor
|
|upkeep
|
|t:|1757817100
|switch|p1a: Tyranitar|Tyranitar, M|100/100
|-damage|p1a: Tyranitar|88/100|[from] Stealth Rock
|-weather|Sandstorm|[from] ability: Sand Stream|[of] p1a: Tyranitar
|turn|17
|
|t:|1757817109
|move|p2a: Titan|Close Combat|p1a: Tyranitar
|-supereffective|p1a: Tyranitar
|-damage|p1a: Tyranitar|0 fnt
|-unboost|p2a: Titan|def|1
|-unboost|p2a: Titan|spd|1
|faint|p1a: Tyranitar
|
|-weather|Sandstorm|[upkeep]
|upkeep
|
|t:|1757817112
|switch|p1a: Excadrill|Excadrill, M|91/100
|-damage|p1a: Excadrill|88/100|[from] Stealth Rock
|turn|18
|
|t:|1757817123
|-end|p2a: Titan|Protosynthesis|[silent]
|switch|p2a: Triple Spike|Sandy Shocks|94/100
|-damage|p2a: Triple Spike|88/100|[from] Stealth Rock
|move|p1a: Excadrill|Earthquake|p2a: Triple Spike
|-supereffective|p2a: Triple Spike
|-damage|p2a: Triple Spike|0 fnt
|faint|p2a: Triple Spike
|-end|p2a: Triple Spike|Protosynthesis|[silent]
|
|-weather|Sandstorm|[upkeep]
|upkeep
|
|t:|1757817133
|switch|p2a: Titan|Great Tusk, shiny|31/100
|-damage|p2a: Titan|29/100|[from] Stealth Rock
|turn|19
|
|t:|1757817138
|move|p1a: Excadrill|Earthquake|p2a: Titan
|-damage|p2a: Titan|0 fnt
|faint|p2a: Titan
|-end|p2a: Titan|Protosynthesis|[silent]
|
|win|4DEF+4SPD=GG
|raw|4DEF+4SPD=GG's rating: 1205 &rarr; <strong>1231</strong><br />(+26 for winning)
|raw|TreeOfStrength27's rating: 1224 &rarr; <strong>1198</strong><br />(-26 for losing)
