|badge|p2|bronze|gen9ou|100-6
|uhtml|medal-msg|<div class="broadcast-blue">Curious what those medals under the avatar are? PS now has Ladder Seasons! For more information, check out the <a href="https://www.smogon.com/forums/threads/3740067/">thread on Smogon.</a></div>
|j|☆BorderofSeal
|j|☆Prav33n
|t:|1757875149
|gametype|singles
|player|p1|BorderofSeal|265|1691
|player|p2|Prav33n|koga|1847
|gen|9
|tier|[Gen 9] OU
|rated|
|rule|HP Percentage Mod: HP is shown in percentages
|rule|Endless Battle Clause: Forcing endless battles is banned
|rule|Species Clause: Limit one of each Pokémon
|rule|OHKO Clause: OHKO moves are banned
|rule|Evasion Items Clause: Evasion items are banned
|rule|Evasion Moves Clause: Evasion moves are banned
|rule|Evasion Abilities Clause: Evasion abilities are banned
|rule|Sleep Moves Clause: Sleep-inducing moves are banned
|clearpoke
|poke|p1|Tornadus-Therian, M|
|poke|p1|Slowking-Galar, M|
|poke|p1|Ogerpon-Wellspring, F|
|poke|p1|Kyurem|
|poke|p1|Kingambit, F|
|poke|p1|Iron Treads|
|poke|p2|Deoxys-Speed|
|poke|p2|Kyurem|
|poke|p2|Gholdengo|
|poke|p2|Great Tusk|
|poke|p2|Primarina, F|
|poke|p2|Dragonite, M|
|teampreview
|inactive|Battle timer is ON: inactive players will automatically lose when time's up. (requested by BorderofSeal)
|j| firecharmander004
|
|t:|1757875165
|teamsize|p1|6
|teamsize|p2|6
|start
|switch|p1a: Tornadus|Tornadus-Therian, M|100/100
|switch|p2a: Deoxys|Deoxys-Speed|100/100
|-ability|p2a: Deoxys|Pressure
|turn|1
|
|t:|1757875177
|move|p2a: Deoxys|Spikes|p1a: Tornadus
|-sidestart|p1: BorderofSeal|Spikes
|move|p1a: Tornadus|Knock Off|p2a: Deoxys
|-supereffective|p2a: Deoxys
|-damage|p2a: Deoxys|58/100
|-enditem|p2a: Deoxys|Red Card|[from] move: Knock Off|[of] p1a: Tornadus
|
|upkeep
|turn|2
|
|t:|1757875189
|move|p2a: Deoxys|Knock Off|p1a: Tornadus
|-damage|p1a: Tornadus|72/100
|-enditem|p1a: Tornadus|Assault Vest|[from] move: Knock Off|[of] p2a: Deoxys
|move|p1a: Tornadus|U-turn|p2a: Deoxys
|-supereffective|p2a: Deoxys
|-damage|p2a: Deoxys|25/100
|inactive|BorderofSeal has 120 seconds left.
|
|t:|1757875236
|switch|p1a: Iron Tusk|Iron Treads|100/100|[from] U-turn
|-damage|p1a: Iron Tusk|88/100|[from] Spikes
|-enditem|p1a: Iron Tusk|Booster Energy
|-activate|p1a: Iron Tusk|ability: Quark Drive|[fromitem]
|-start|p1a: Iron Tusk|quarkdrivespe
|
|upkeep
|turn|3
|
|t:|1757875254
|switch|p2a: Great Tusk|Great Tusk|100/100
|move|p1a: Iron Tusk|Stealth Rock|p2a: Great Tusk
|-sidestart|p2: Prav33n|move: Stealth Rock
|
|upkeep
|turn|4
|
|t:|1757875259
|-terastallize|p1a: Iron Tusk|Ghost
|move|p1a: Iron Tusk|Rapid Spin|p2a: Great Tusk
|-damage|p2a: Great Tusk|90/100
|-boost|p1a: Iron Tusk|spe|1
|-damage|p1a: Iron Tusk|72/100|[from] item: Rocky Helmet|[of] p2a: Great Tusk
|-sideend|p1: BorderofSeal|Spikes|[from] move: Rapid Spin|[of] p1a: Iron Tusk
|move|p2a: Great Tusk|Rapid Spin|p1a: Iron Tusk
|-immune|p1a: Iron Tusk
|
|upkeep
|turn|5
|
|t:|1757875265
|move|p1a: Iron Tusk|Earthquake|p2a: Great Tusk
|-damage|p2a: Great Tusk|55/100
|move|p2a: Great Tusk|Stealth Rock|p1a: Iron Tusk
|-sidestart|p1: BorderofSeal|move: Stealth Rock
|
|upkeep
|turn|6
|
|t:|1757875277
|-end|p2a: Great Tusk|Protosynthesis|[silent]
|switch|p2a: Deoxys|Deoxys-Speed|25/100
|-damage|p2a: Deoxys|13/100|[from] Stealth Rock
|-ability|p2a: Deoxys|Pressure
|move|p1a: Iron Tusk|Earthquake|p2a: Deoxys
|-damage|p2a: Deoxys|0 fnt
|faint|p2a: Deoxys
|
|upkeep
|
|t:|1757875287
|switch|p2a: Dragonite|Dragonite, M, shiny|100/100
|turn|7
|
|t:|1757875298
|-terastallize|p2a: Dragonite|Fairy
|move|p1a: Iron Tusk|Rapid Spin|p2a: Dragonite
|-damage|p2a: Dragonite|93/100
|-boost|p1a: Iron Tusk|spe|1
|-sideend|p1: BorderofSeal|Stealth Rock|[from] move: Rapid Spin|[of] p1a: Iron Tusk
|move|p2a: Dragonite|Dragon Dance|p2a: Dragonite
|-boost|p2a: Dragonite|atk|1
|-boost|p2a: Dragonite|spe|1
|
|upkeep
|turn|8
|
|t:|1757875302
|move|p1a: Iron Tusk|Earthquake|p2a: Dragonite
|-damage|p2a: Dragonite|52/100
|move|p2a: Dragonite|Dragon Dance|p2a: Dragonite
|-boost|p2a: Dragonite|atk|1
|-boost|p2a: Dragonite|spe|1
|
|upkeep
|turn|9
|
|t:|1757875306
|move|p1a: Iron Tusk|Earthquake|p2a: Dragonite
|-damage|p2a: Dragonite|7/100
|move|p2a: Dragonite|Roost|p2a: Dragonite
|-heal|p2a: Dragonite|57/100
|
|upkeep
|turn|10
|
|t:|1757875313
|move|p1a: Iron Tusk|Earthquake|p2a: Dragonite
|-damage|p2a: Dragonite|15/100
|move|p2a: Dragonite|Roost|p2a: Dragonite
|-heal|p2a: Dragonite|65/100
|
|upkeep
|turn|11
|
|t:|1757875317
|move|p1a: Iron Tusk|Earthquake|p2a: Dragonite
|-damage|p2a: Dragonite|19/100
|move|p2a: Dragonite|Tera Blast|p1a: Iron Tusk|[anim] Tera Blast Fairy
|-damage|p1a: Iron Tusk|0 fnt
|faint|p1a: Iron Tusk
|-end|p1a: Iron Tusk|Quark Drive|[silent]
|
|upkeep
|
|t:|1757875337
|switch|p1a: Kingambit|Kingambit, F|100/100
|-activate|p1a: Kingambit|ability: Supreme Overlord
|-start|p1a: Kingambit|fallen1|[silent]
|turn|12
|
|t:|1757875347
|move|p2a: Dragonite|Earthquake|p1a: Kingambit
|-supereffective|p1a: Kingambit
|-damage|p1a: Kingambit|4/100
|move|p1a: Kingambit|Iron Head|p2a: Dragonite
|-supereffective|p2a: Dragonite
|-damage|p2a: Dragonite|0 fnt
|faint|p2a: Dragonite
|
|upkeep
|
|t:|1757875350
|switch|p2a: Great Tusk|Great Tusk|55/100
|-damage|p2a: Great Tusk|52/100|[from] Stealth Rock
|turn|13
|
|t:|1757875353
|move|p1a: Kingambit|Sucker Punch|p2a: Great Tusk
|-resisted|p2a: Great Tusk
|-damage|p2a: Great Tusk|33/100
|-damage|p1a: Kingambit|0 fnt|[from] item: Rocky Helmet|[of] p2a: Great Tusk
|faint|p1a: Kingambit
|-end|p1a: Kingambit|fallen1|[silent]
|move|p2a: Great Tusk|Rapid Spin|p1: Kingambit|[notarget]
|-fail|p2a: Great Tusk
|
|upkeep
|
|t:|1757875363
|switch|p1a: Kyurem|Kyurem|100/100
|-ability|p1a: Kyurem|Pressure
|turn|14
|
|t:|1757875367
|-end|p2a: Great Tusk|Protosynthesis|[silent]
|switch|p2a: Gholdengo|Gholdengo|100/100
|-damage|p2a: Gholdengo|94/100|[from] Stealth Rock
|move|p1a: Kyurem|Freeze-Dry|p2a: Gholdengo
|-resisted|p2a: Gholdengo
|-damage|p2a: Gholdengo|73/100
|
|upkeep
|turn|15
|
|t:|1757875374
|switch|p1a: Tornadus|Tornadus-Therian, M|100/100
|move|p2a: Gholdengo|Make It Rain|p1a: Tornadus
|-damage|p1a: Tornadus|27/100
|-unboost|p2a: Gholdengo|spa|1
|
|upkeep
|turn|16
|
|t:|1757875382
|move|p2a: Gholdengo|Make It Rain|p1a: Tornadus
|-damage|p1a: Tornadus|0 fnt
|-unboost|p2a: Gholdengo|spa|1
|faint|p1a: Tornadus
|
|upkeep
|
|t:|1757875389
|switch|p1a: Ogerpon|Ogerpon-Wellspring, F|100/100
|turn|17
|
|t:|1757875394
|switch|p2a: Great Tusk|Great Tusk|33/100
|-damage|p2a: Great Tusk|30/100|[from] Stealth Rock
|switch|p1a: Slowking|Slowking-Galar, M|100/100
|
|upkeep
|turn|18
|
|t:|1757875398
|move|p2a: Great Tusk|Stealth Rock|p1a: Slowking
|-sidestart|p1: BorderofSeal|move: Stealth Rock
|-prepare|p1a: Slowking|Chilly Reception|[premajor]
|move|p1a: Slowking|Chilly Reception|p1a: Slowking
|-weather|Snowscape
|
|t:|1757875400
|switch|p1a: Kyurem|Kyurem|100/100|[from] Chilly Reception
|-ability|p1a: Kyurem|Pressure
|
|-weather|Snowscape|[upkeep]
|upkeep
|turn|19
|j| traceyscetchit
|
|t:|1757875409
|move|p1a: Kyurem|Blizzard|p2a: Great Tusk
|-supereffective|p2a: Great Tusk
|-damage|p2a: Great Tusk|0 fnt
|faint|p2a: Great Tusk
|-end|p2a: Great Tusk|Protosynthesis|[silent]
|
|-weather|Snowscape|[upkeep]
|upkeep
|
|t:|1757875410
|switch|p2a: Gholdengo|Gholdengo|73/100
|-damage|p2a: Gholdengo|67/100|[from] Stealth Rock
|turn|20
|
|t:|1757875417
|move|p2a: Gholdengo|Make It Rain|p1a: Kyurem
|-supereffective|p1a: Kyurem
|-damage|p1a: Kyurem|0 fnt
|-unboost|p2a: Gholdengo|spa|1
|faint|p1a: Kyurem
|
|-weather|Snowscape|[upkeep]
|upkeep
|j| Partynparadise
|
|t:|1757875421
|switch|p1a: Ogerpon|Ogerpon-Wellspring, F|100/100
|-damage|p1a: Ogerpon|88/100|[from] Stealth Rock
|turn|21
|
|t:|1757875427
|switch|p2a: Primarina|Primarina, F|100/100
|-damage|p2a: Primarina|88/100|[from] Stealth Rock
|move|p1a: Ogerpon|Swords Dance|p1a: Ogerpon
|-boost|p1a: Ogerpon|atk|2
|
|-weather|Snowscape|[upkeep]
|upkeep
|turn|22
|
|t:|1757875434
|move|p1a: Ogerpon|Horn Leech|p2a: Primarina
|-supereffective|p2a: Primarina
|-damage|p2a: Primarina|0 fnt
|-heal|p1a: Ogerpon|100/100|[from] drain|[of] p2a: Primarina
|faint|p2a: Primarina
|
|-weather|none
|upkeep
|
|t:|1757875435
|switch|p2a: Kyurem|Kyurem, shiny|100/100
|-damage|p2a: Kyurem|76/100|[from] Stealth Rock
|-ability|p2a: Kyurem|Pressure
|turn|23
|
|t:|1757875440
|move|p1a: Ogerpon|Ivy Cudgel|p2a: Kyurem|[anim] Ivy Cudgel Water
|-resisted|p2a: Kyurem
|-damage|p2a: Kyurem|15/100
|move|p2a: Kyurem|Freeze-Dry|p1a: Ogerpon
|-supereffective|p1a: Ogerpon
|-damage|p1a: Ogerpon|0 fnt
|faint|p1a: Ogerpon
|
|upkeep
|
|t:|1757875445
|switch|p1a: Slowking|Slowking-Galar, M|100/100
|turn|24
|
|t:|1757875448
|move|p2a: Kyurem|Icicle Spear|p1a: Slowking
|-crit|p1a: Slowking
|-damage|p1a: Slowking|86/100
|-damage|p1a: Slowking|77/100
|-damage|p1a: Slowking|68/100
|-damage|p1a: Slowking|59/100
|-hitcount|p1a: Slowking|4
|move|p1a: Slowking|Future Sight|p2a: Kyurem
|-start|p1a: Slowking|move: Future Sight
|
|upkeep
|turn|25
|
|t:|1757875451
|move|p2a: Kyurem|Icicle Spear|p1a: Slowking
|-damage|p1a: Slowking|50/100
|-damage|p1a: Slowking|41/100
|-damage|p1a: Slowking|32/100
|-damage|p1a: Slowking|23/100
|-hitcount|p1a: Slowking|4
|move|p1a: Slowking|Sludge Bomb|p2a: Kyurem
|-damage|p2a: Kyurem|0 fnt
|faint|p2a: Kyurem
|
|upkeep
|
|t:|1757875452
|switch|p2a: Gholdengo|Gholdengo|67/100
|-damage|p2a: Gholdengo|60/100|[from] Stealth Rock
|turn|26
|
|t:|1757875455
|move|p2a: Gholdengo|Shadow Ball|p1a: Slowking
|-supereffective|p1a: Slowking
|-damage|p1a: Slowking|0 fnt
|faint|p1a: Slowking
|
|win|Prav33n
|raw|BorderofSeal's rating: 1691 &rarr; <strong>1679</strong><br />(-12 for losing)
|raw|Prav33n's rating: 1847 &rarr; <strong>1859</strong><br />(+12 for winning)
