|j|☆Jus4funsies
|j|☆Charle_phate
|t:|1757825330
|gametype|singles
|player|p1|Jus4funsies|teamrocket|1494
|player|p2|Charle_phate|blue|1418
|gen|9
|tier|[Gen 9] OU
|rated|
|rule|HP Percentage Mod: HP is shown in percentages
|rule|Endless Battle Clause: Forcing endless battles is banned
|rule|Species Clause: Limit one of each Pokémon
|rule|OHKO Clause: OHKO moves are banned
|rule|Evasion Items Clause: Evasion items are banned
|rule|Evasion Moves Clause: Evasion moves are banned
|rule|Evasion Abilities Clause: Evasion abilities are banned
|rule|Sleep Moves Clause: Sleep-inducing moves are banned
|clearpoke
|poke|p1|Samurott-Hisui, F|
|poke|p1|Gholdengo|
|poke|p1|Great Tusk|
|poke|p1|Raging Bolt|
|poke|p1|Dragonite, F|
|poke|p1|Kingambit, M|
|poke|p2|Serperior, F|
|poke|p2|Rotom-Wash|
|poke|p2|Zapdos|
|poke|p2|Heatran, F|
|poke|p2|Clefable, F|
|poke|p2|Landorus-Therian, M|
|teampreview
|
|t:|1757825361
|teamsize|p1|6
|teamsize|p2|6
|start
|switch|p1a: Samurott|Samurott-Hisui, F|100/100
|switch|p2a: Rotom|Rotom-Wash|100/100
|turn|1
|inactive|Battle timer is ON: inactive players will automatically lose when time's up. (requested by Charle_phate)
|
|t:|1757825372
|move|p1a: Samurott|Ceaseless Edge|p2a: Rotom
|-damage|p2a: Rotom|55/100
|-sidestart|p2: Charle_phate|Spikes
|move|p2a: Rotom|Thunder Wave|p1a: Samurott
|-status|p1a: Samurott|par
|
|-heal|p2a: Rotom|61/100|[from] item: Leftovers
|upkeep
|turn|2
|
|t:|1757825382
|move|p2a: Rotom|Charge Beam|p1a: Samurott
|-supereffective|p1a: Samurott
|-damage|p1a: Samurott|42/100 par
|move|p1a: Samurott|Ceaseless Edge|p2a: Rotom
|-damage|p2a: Rotom|12/100
|-sidestart|p2: Charle_phate|Spikes
|
|-heal|p2a: Rotom|18/100|[from] item: Leftovers
|upkeep
|turn|3
|
|t:|1757825402
|move|p1a: Samurott|Sucker Punch||[still]
|-fail|p1a: Samurott
|move|p2a: Rotom|Pain Split|p1a: Samurott
|-sethp|p1a: Samurott|28/100 par|[from] move: Pain Split|[silent]
|-sethp|p2a: Rotom|37/100|[from] move: Pain Split
|
|-heal|p2a: Rotom|43/100|[from] item: Leftovers
|upkeep
|turn|4
|
|t:|1757825417
|switch|p2a: Zapdos|Zapdos|100/100
|move|p1a: Samurott|Sucker Punch||[still]
|-fail|p1a: Samurott
|
|upkeep
|turn|5
|
|t:|1757825425
|cant|p1a: Samurott|par
|move|p2a: Zapdos|Ancient Power|p1a: Samurott
|-damage|p1a: Samurott|0 fnt
|faint|p1a: Samurott
|
|upkeep
|
|t:|1757825454
|switch|p1a: Raging Bolt|Raging Bolt|100/100
|-enditem|p1a: Raging Bolt|Booster Energy
|-activate|p1a: Raging Bolt|ability: Protosynthesis|[fromitem]
|-start|p1a: Raging Bolt|protosynthesisspa
|turn|6
|inactive|Jus4funsies has 120 seconds left.
|
|t:|1757825472
|switch|p2a: Landorus|Landorus-Therian, M|100/100
|-ability|p2a: Landorus|Intimidate|boost
|-unboost|p1a: Raging Bolt|atk|1
|move|p1a: Raging Bolt|Dragon Pulse|p2a: Landorus
|-damage|p2a: Landorus|10/100
|
|upkeep
|turn|7
|
|t:|1757825483
|-end|p1a: Raging Bolt|Protosynthesis|[silent]
|switch|p1a: Great Tusk|Great Tusk|100/100
|move|p2a: Landorus|Outrage|p1a: Great Tusk
|-damage|p1a: Great Tusk|61/100
|-damage|p2a: Landorus|0 fnt|[from] item: Life Orb
|faint|p2a: Landorus
|
|upkeep
|
|t:|1757825507
|switch|p2a: Zapdos|Zapdos|100/100
|turn|8
|inactive|Jus4funsies has 120 seconds left.
|
|t:|1757825538
|-end|p1a: Great Tusk|Protosynthesis|[silent]
|switch|p1a: Raging Bolt|Raging Bolt|100/100
|switch|p2a: Heatran|Heatran, F|100/100
|-damage|p2a: Heatran|84/100|[from] Spikes
|
|-heal|p2a: Heatran|90/100|[from] item: Leftovers
|upkeep
|turn|9
|inactive|Jus4funsies has 90 seconds left.
|
|t:|1757825574
|-end|p1a: Raging Bolt|Protosynthesis|[silent]
|switch|p1a: Great Tusk|Great Tusk|61/100
|move|p2a: Heatran|Magma Storm|p1a: Great Tusk|[miss]
|-miss|p2a: Heatran|p1a: Great Tusk
|
|-heal|p2a: Heatran|96/100|[from] item: Leftovers
|upkeep
|turn|10
|inactive|Jus4funsies has 90 seconds left.
|
|t:|1757825585
|switch|p2a: Rotom|Rotom-Wash|43/100
|move|p1a: Great Tusk|Headlong Rush|p2a: Rotom
|-immune|p2a: Rotom|[from] ability: Levitate
|
|-heal|p2a: Rotom|49/100|[from] item: Leftovers
|upkeep
|turn|11
|inactive|Jus4funsies has 90 seconds left.
|
|t:|1757825598
|-end|p1a: Great Tusk|Protosynthesis|[silent]
|switch|p1a: Raging Bolt|Raging Bolt|100/100
|move|p2a: Rotom|Pain Split|p1a: Raging Bolt
|-sethp|p1a: Raging Bolt|65/100|[from] move: Pain Split|[silent]
|-sethp|p2a: Rotom|100/100|[from] move: Pain Split
|
|upkeep
|turn|12
|inactive|Jus4funsies has 90 seconds left.
|
|t:|1757825608
|move|p1a: Raging Bolt|Thunderbolt|p2a: Rotom
|-damage|p2a: Rotom|43/100
|move|p2a: Rotom|Charge Beam|p1a: Raging Bolt
|-resisted|p1a: Raging Bolt
|-damage|p1a: Raging Bolt|60/100
|-boost|p2a: Rotom|spa|1
|
|-heal|p2a: Rotom|49/100|[from] item: Leftovers
|upkeep
|turn|13
|
|t:|1757825623
|move|p1a: Raging Bolt|Thunderbolt|p2a: Rotom
|-damage|p2a: Rotom|0 fnt
|faint|p2a: Rotom
|
|upkeep
|
|t:|1757825640
|switch|p2a: Heatran|Heatran, F|96/100
|-damage|p2a: Heatran|80/100|[from] Spikes
|turn|14
|
|t:|1757825646
|move|p1a: Raging Bolt|Thunderbolt|p2a: Heatran
|-damage|p2a: Heatran|48/100
|move|p2a: Heatran|Magma Storm|p1a: Raging Bolt
|-resisted|p1a: Raging Bolt
|-damage|p1a: Raging Bolt|41/100
|-activate|p1a: Raging Bolt|move: Magma Storm|[of] p2a: Heatran
|
|-heal|p2a: Heatran|54/100|[from] item: Leftovers
|-damage|p1a: Raging Bolt|29/100|[from] move: Magma Storm|[partiallytrapped]
|upkeep
|turn|15
|
|t:|1757825658
|move|p1a: Raging Bolt|Thunderbolt|p2a: Heatran
|-damage|p2a: Heatran|21/100
|move|p2a: Heatran|Ancient Power|p1a: Raging Bolt
|-damage|p1a: Raging Bolt|14/100
|
|-heal|p2a: Heatran|27/100|[from] item: Leftovers
|-damage|p1a: Raging Bolt|1/100|[from] move: Magma Storm|[partiallytrapped]
|upkeep
|turn|16
|inactive|Jus4funsies has 120 seconds left.
|
|t:|1757825668
|move|p1a: Raging Bolt|Thunderbolt|p2a: Heatran
|-damage|p2a: Heatran|0 fnt
|faint|p2a: Heatran
|
|-end|p1a: Raging Bolt|Magma Storm|[partiallytrapped]|[silent]
|upkeep
|inactive|Charle_phate has 120 seconds left.
|inactive|Charle_phate has 90 seconds left.
|
|t:|1757825719
|switch|p2a: Zapdos|Zapdos|100/100
|turn|17
|
|t:|1757825730
|move|p1a: Raging Bolt|Thunderclap|p2a: Zapdos
|-damage|p2a: Zapdos|64/100
|move|p2a: Zapdos|Ancient Power|p1a: Raging Bolt
|-damage|p1a: Raging Bolt|0 fnt
|faint|p1a: Raging Bolt
|-end|p1a: Raging Bolt|Protosynthesis|[silent]
|
|-heal|p2a: Zapdos|70/100|[from] item: Leftovers
|upkeep
|inactive|Jus4funsies has 120 seconds left.
|inactive|Jus4funsies has 90 seconds left.
|
|t:|1757825781
|switch|p1a: Dragonite|Dragonite, F|100/100
|turn|18
|
|t:|1757825788
|move|p1a: Dragonite|Dragon Dance|p1a: Dragonite
|-boost|p1a: Dragonite|atk|1
|-boost|p1a: Dragonite|spe|1
|move|p2a: Zapdos|Heat Wave|p1a: Dragonite
|-resisted|p1a: Dragonite
|-damage|p1a: Dragonite|93/100
|
|-heal|p2a: Zapdos|76/100|[from] item: Leftovers
|upkeep
|turn|19
|inactive|Jus4funsies has 90 seconds left.
|
|t:|1757825798
|move|p1a: Dragonite|Dragon Dance|p1a: Dragonite
|-boost|p1a: Dragonite|atk|1
|-boost|p1a: Dragonite|spe|1
|move|p2a: Zapdos|Heat Wave|p1a: Dragonite
|-resisted|p1a: Dragonite
|-damage|p1a: Dragonite|79/100
|
|-heal|p2a: Zapdos|82/100|[from] item: Leftovers
|upkeep
|turn|20
|
|t:|1757825808
|move|p1a: Dragonite|Dragon Dance|p1a: Dragonite
|-boost|p1a: Dragonite|atk|1
|-boost|p1a: Dragonite|spe|1
|move|p2a: Zapdos|Heat Wave|p1a: Dragonite|[miss]
|-miss|p2a: Zapdos|p1a: Dragonite
|
|-heal|p2a: Zapdos|89/100|[from] item: Leftovers
|upkeep
|turn|21
|
|t:|1757825817
|-terastallize|p1a: Dragonite|Normal
|move|p1a: Dragonite|Extreme Speed|p2a: Zapdos
|-damage|p2a: Zapdos|0 fnt
|-status|p1a: Dragonite|par|[from] ability: Static|[of] p2a: Zapdos
|faint|p2a: Zapdos
|
|upkeep
|
|t:|1757825828
|switch|p2a: Serperior|Serperior, F|100/100
|-damage|p2a: Serperior|84/100|[from] Spikes
|turn|22
|
|t:|1757825833
|cant|p1a: Dragonite|par
|move|p2a: Serperior|Leech Seed|p1a: Dragonite
|-start|p1a: Dragonite|move: Leech Seed
|
|-heal|p2a: Serperior|90/100|[from] item: Leftovers
|-damage|p1a: Dragonite|66/100 par|[from] Leech Seed|[of] p2a: Serperior
|-heal|p2a: Serperior|100/100|[silent]
|upkeep
|turn|23
|inactive|Charle_phate has 120 seconds left.
|c|☆Jus4funsies|Bro
|c|☆Jus4funsies|Dont be like that
|
|t:|1757825847
|cant|p1a: Dragonite|par
|move|p2a: Serperior|Leaf Storm|p1a: Dragonite
|-damage|p1a: Dragonite|14/100 par
|-boost|p2a: Serperior|spa|2
|
|-damage|p1a: Dragonite|2/100 par|[from] Leech Seed|[of] p2a: Serperior
|upkeep
|turn|24
|inactive|Charle_phate has 120 seconds left.
|c|☆Jus4funsies|Lock in drag
|
|t:|1757825859
|cant|p1a: Dragonite|par
|move|p2a: Serperior|Substitute|p2a: Serperior
|-start|p2a: Serperior|Substitute
|-damage|p2a: Serperior|75/100
|
|-heal|p2a: Serperior|82/100|[from] item: Leftovers
|-damage|p1a: Dragonite|0 fnt|[from] Leech Seed|[of] p2a: Serperior
|-heal|p2a: Serperior|83/100|[silent]
|faint|p1a: Dragonite
|upkeep
|c|☆Jus4funsies|Oh na
|inactive|Jus4funsies has 120 seconds left.
|
|t:|1757825882
|switch|p1a: Gholdengo|Gholdengo, shiny|100/100
|-item|p1a: Gholdengo|Air Balloon
|turn|25
|
|t:|1757825890
|move|p2a: Serperior|Leaf Storm|p1a: Gholdengo
|-resisted|p1a: Gholdengo
|-damage|p1a: Gholdengo|48/100
|-boost|p2a: Serperior|spa|2
|-enditem|p1a: Gholdengo|Air Balloon
|move|p1a: Gholdengo|Shadow Ball|p2a: Serperior
|-end|p2a: Serperior|Substitute
|
|-heal|p2a: Serperior|89/100|[from] item: Leftovers
|upkeep
|turn|26
|
|t:|1757825903
|move|p2a: Serperior|Leaf Storm|p1a: Gholdengo
|-resisted|p1a: Gholdengo
|-damage|p1a: Gholdengo|0 fnt
|-boost|p2a: Serperior|spa|2
|faint|p1a: Gholdengo
|
|-heal|p2a: Serperior|95/100|[from] item: Leftovers
|upkeep
|
|t:|1757825913
|switch|p1a: Great Tusk|Great Tusk|61/100
|turn|27
|
|t:|1757825930
|move|p2a: Serperior|Leaf Storm|p1a: Great Tusk
|-supereffective|p1a: Great Tusk
|-damage|p1a: Great Tusk|0 fnt
|faint|p1a: Great Tusk
|-end|p1a: Great Tusk|Protosynthesis|[silent]
|
|-heal|p2a: Serperior|100/100|[from] item: Leftovers
|upkeep
|
|t:|1757825933
|switch|p1a: Kingambit|Kingambit, M, shiny|100/100
|-activate|p1a: Kingambit|ability: Supreme Overlord
|-start|p1a: Kingambit|fallen5|[silent]
|turn|28
|
|t:|1757825942
|move|p2a: Serperior|Glare|p1a: Kingambit
|-status|p1a: Kingambit|par
|move|p1a: Kingambit|Kowtow Cleave|p2a: Serperior
|-damage|p2a: Serperior|0 fnt
|faint|p2a: Serperior
|
|upkeep
|c|☆Jus4funsies|?
|
|t:|1757825951
|switch|p2a: Clefable|Clefable, F|100/100
|turn|29
|
|t:|1757825956
|move|p2a: Clefable|Cosmic Power|p2a: Clefable
|-boost|p2a: Clefable|def|1
|-boost|p2a: Clefable|spd|1
|move|p1a: Kingambit|Iron Head|p2a: Clefable
|-supereffective|p2a: Clefable
|-damage|p2a: Clefable|24/100
|
|-heal|p2a: Clefable|30/100|[from] item: Leftovers
|upkeep
|turn|30
|
|t:|1757825968
|-terastallize|p2a: Clefable|Fire
|move|p2a: Clefable|Cosmic Power|p2a: Clefable
|-boost|p2a: Clefable|def|1
|-boost|p2a: Clefable|spd|1
|move|p1a: Kingambit|Iron Head|p2a: Clefable
|-resisted|p2a: Clefable
|-damage|p2a: Clefable|14/100
|
|-heal|p2a: Clefable|20/100|[from] item: Leftovers
|upkeep
|turn|31
|c|☆Jus4funsies|Cmon god please
|
|t:|1757825982
|move|p2a: Clefable|Cosmic Power|p2a: Clefable
|-boost|p2a: Clefable|def|1
|-boost|p2a: Clefable|spd|1
|cant|p1a: Kingambit|par
|
|-heal|p2a: Clefable|26/100|[from] item: Leftovers
|upkeep
|turn|32
|
|t:|1757825992
|move|p2a: Clefable|Cosmic Power|p2a: Clefable
|-boost|p2a: Clefable|def|1
|-boost|p2a: Clefable|spd|1
|move|p1a: Kingambit|Kowtow Cleave|p2a: Clefable
|-damage|p2a: Clefable|0 fnt
|faint|p2a: Clefable
|
|win|Jus4funsies
|raw|Jus4funsies's rating: 1494 &rarr; <strong>1510</strong><br />(+16 for winning)
|raw|Charle_phate's rating: 1418 &rarr; <strong>1402</strong><br />(-16 for losing)
|l|☆Charle_phate
|player|p2|
