|j|☆koroyev
|j|☆Black Man Lover
|t:|1757911925
|gametype|singles
|player|p1|koroyev|roxanne|1648
|player|p2|Black Man Lover|emmet|1632
|gen|9
|tier|[Gen 9] OU
|rated|
|rule|HP Percentage Mod: HP is shown in percentages
|rule|Endless Battle Clause: Forcing endless battles is banned
|rule|Species Clause: Limit one of each Pokémon
|rule|OHKO Clause: OHKO moves are banned
|rule|Evasion Items Clause: Evasion items are banned
|rule|Evasion Moves Clause: Evasion moves are banned
|rule|Evasion Abilities Clause: Evasion abilities are banned
|rule|Sleep Moves Clause: Sleep-inducing moves are banned
|clearpoke
|poke|p1|Hatterene, F|
|poke|p1|Great Tusk|
|poke|p1|Ceruledge, F|
|poke|p1|Ting-Lu|
|poke|p1|Dragonite, M|
|poke|p1|Kyurem|
|poke|p2|Darkrai|
|poke|p2|Iron Jugulis|
|poke|p2|Iron Treads|
|poke|p2|Primarina, M|
|poke|p2|Cinderace, M|
|poke|p2|Raging Bolt|
|teampreview
|inactive|Battle timer is ON: inactive players will automatically lose when time's up. (requested by koroyev)
|
|t:|1757911944
|teamsize|p1|6
|teamsize|p2|6
|start
|switch|p1a: Atelier|Hatterene, F|100/100
|switch|p2a: Primarina|Primarina, M|100/100
|turn|1
|
|t:|1757911951
|move|p2a: Primarina|Moonblast|p1a: Atelier
|-damage|p1a: Atelier|67/100
|move|p1a: Atelier|Nuzzle|p2a: Primarina
|-supereffective|p2a: Primarina
|-damage|p2a: Primarina|89/100
|-status|p2a: Primarina|par
|
|upkeep
|turn|2
|
|t:|1757911957
|move|p2a: Primarina|Psychic Noise|p1a: Atelier
|-resisted|p1a: Atelier
|-damage|p1a: Atelier|57/100
|-start|p1a: Atelier|move: Heal Block
|move|p1a: Atelier|Psyshock|p2a: Primarina
|-damage|p2a: Primarina|30/100 par
|
|upkeep
|turn|3
|
|t:|1757911968
|move|p2a: Primarina|Moonblast|p1a: Atelier
|-damage|p1a: Atelier|23/100
|-unboost|p1a: Atelier|spa|1
|move|p1a: Atelier|Psyshock|p2a: Primarina
|-damage|p2a: Primarina|0 fnt
|faint|p2a: Primarina
|
|-end|p1a: Atelier|move: Heal Block
|upkeep
|
|t:|1757911986
|switch|p2a: Cinderace|Cinderace, M|100/100
|turn|4
|
|t:|1757911990
|move|p2a: Cinderace|U-turn|p1a: Atelier
|-start|p2a: Cinderace|typechange|Bug|[from] ability: Libero
|-damage|p1a: Atelier|0 fnt
|faint|p1a: Atelier
|inactive|Black Man Lover has 120 seconds left.
|
|t:|1757912020
|switch|p2a: Iron Treads|Iron Treads|100/100|[from] U-turn
|-item|p2a: Iron Treads|Air Balloon
|
|upkeep
|
|t:|1757912022
|switch|p1a: Not Fun|Ting-Lu|100/100
|-ability|p1a: Not Fun|Vessel of Ruin
|turn|5
|
|t:|1757912026
|move|p2a: Iron Treads|Stealth Rock|p1a: Not Fun
|-sidestart|p1: koroyev|move: Stealth Rock
|move|p1a: Not Fun|Ruination|p2a: Iron Treads
|-damage|p2a: Iron Treads|51/100
|-enditem|p2a: Iron Treads|Air Balloon
|
|upkeep
|turn|6
|
|t:|1757912033
|move|p2a: Iron Treads|Earthquake|p1a: Not Fun
|-damage|p1a: Not Fun|77/100
|move|p1a: Not Fun|Stealth Rock|p2a: Iron Treads
|-sidestart|p2: Black Man Lover|move: Stealth Rock
|
|-heal|p1a: Not Fun|83/100|[from] item: Leftovers
|upkeep
|turn|7
|
|t:|1757912037
|move|p2a: Iron Treads|Rapid Spin|p1a: Not Fun
|-damage|p1a: Not Fun|75/100
|-boost|p2a: Iron Treads|spe|1
|-sideend|p2: Black Man Lover|Stealth Rock|[from] move: Rapid Spin|[of] p2a: Iron Treads
|move|p1a: Not Fun|Earthquake|p2a: Iron Treads
|-supereffective|p2a: Iron Treads
|-damage|p2a: Iron Treads|0 fnt
|faint|p2a: Iron Treads
|-end|p2a: Iron Treads|Quark Drive|[silent]
|
|-heal|p1a: Not Fun|81/100|[from] item: Leftovers
|upkeep
|
|t:|1757912053
|switch|p2a: Darkrai|Darkrai|100/100
|turn|8
|
|t:|1757912059
|move|p2a: Darkrai|Ice Beam|p1a: Not Fun
|-supereffective|p1a: Not Fun
|-damage|p1a: Not Fun|38/100
|move|p1a: Not Fun|Ruination|p2a: Darkrai
|-damage|p2a: Darkrai|51/100
|
|-heal|p1a: Not Fun|44/100|[from] item: Leftovers
|upkeep
|turn|9
|
|t:|1757912063
|move|p2a: Darkrai|Ice Beam|p1a: Not Fun
|-supereffective|p1a: Not Fun
|-damage|p1a: Not Fun|0 fnt
|faint|p1a: Not Fun
|
|upkeep
|
|t:|1757912070
|switch|p1a: Spin to Win|Great Tusk|100/100
|-damage|p1a: Spin to Win|98/100|[from] Stealth Rock
|turn|10
|
|t:|1757912077
|move|p2a: Darkrai|Ice Beam|p1a: Spin to Win
|-supereffective|p1a: Spin to Win
|-damage|p1a: Spin to Win|0 fnt
|faint|p1a: Spin to Win
|-end|p1a: Spin to Win|Protosynthesis|[silent]
|
|upkeep
|j| Shimeon91
|
|t:|1757912081
|switch|p1a: Tera Ghost|Dragonite, M|100/100
|-damage|p1a: Tera Ghost|76/100|[from] Stealth Rock
|turn|11
|
|t:|1757912087
|-terastallize|p1a: Tera Ghost|Fairy
|move|p2a: Darkrai|Ice Beam|p1a: Tera Ghost
|-damage|p1a: Tera Ghost|28/100
|move|p1a: Tera Ghost|Roost|p1a: Tera Ghost
|-heal|p1a: Tera Ghost|78/100
|
|-heal|p1a: Tera Ghost|84/100|[from] item: Leftovers
|upkeep
|turn|12
|l| Shimeon91
|
|t:|1757912105
|switch|p2a: Cinderace|Cinderace, M|100/100
|move|p1a: Tera Ghost|Roost|p1a: Tera Ghost
|-heal|p1a: Tera Ghost|100/100
|
|upkeep
|turn|13
|j| Shimeon91
|
|t:|1757912111
|move|p2a: Cinderace|Will-O-Wisp|p1a: Tera Ghost
|-status|p1a: Tera Ghost|brn
|move|p1a: Tera Ghost|Dragon Dance|p1a: Tera Ghost
|-boost|p1a: Tera Ghost|atk|1
|-boost|p1a: Tera Ghost|spe|1
|
|-damage|p1a: Tera Ghost|95/100 brn|[from] brn
|upkeep
|turn|14
|
|t:|1757912116
|move|p2a: Cinderace|Pyro Ball|p1a: Tera Ghost
|-damage|p1a: Tera Ghost|45/100 brn
|move|p1a: Tera Ghost|Dragon Dance|p1a: Tera Ghost
|-boost|p1a: Tera Ghost|atk|1
|-boost|p1a: Tera Ghost|spe|1
|
|-heal|p1a: Tera Ghost|51/100 brn|[from] item: Leftovers
|-damage|p1a: Tera Ghost|45/100 brn|[from] brn
|upkeep
|turn|15
|
|t:|1757912122
|move|p1a: Tera Ghost|Roost|p1a: Tera Ghost
|-heal|p1a: Tera Ghost|96/100 brn
|move|p2a: Cinderace|Pyro Ball|p1a: Tera Ghost
|-damage|p1a: Tera Ghost|49/100 brn
|
|-heal|p1a: Tera Ghost|55/100 brn|[from] item: Leftovers
|-damage|p1a: Tera Ghost|49/100 brn|[from] brn
|upkeep
|turn|16
|l| Shimeon91
|
|t:|1757912150
|move|p1a: Tera Ghost|Roost|p1a: Tera Ghost
|-heal|p1a: Tera Ghost|99/100 brn
|move|p2a: Cinderace|Pyro Ball|p1a: Tera Ghost
|-damage|p1a: Tera Ghost|56/100 brn
|
|-heal|p1a: Tera Ghost|62/100 brn|[from] item: Leftovers
|-damage|p1a: Tera Ghost|56/100 brn|[from] brn
|upkeep
|turn|17
|j| Shimeon91
|inactive|Black Man Lover has 120 seconds left.
|
|t:|1757912169
|move|p1a: Tera Ghost|Roost|p1a: Tera Ghost
|-heal|p1a: Tera Ghost|100/100 brn
|move|p2a: Cinderace|Pyro Ball|p1a: Tera Ghost
|-damage|p1a: Tera Ghost|78/100 brn
|
|-heal|p1a: Tera Ghost|84/100 brn|[from] item: Leftovers
|-damage|p1a: Tera Ghost|78/100 brn|[from] brn
|upkeep
|turn|18
|
|t:|1757912175
|move|p1a: Tera Ghost|Dragon Dance|p1a: Tera Ghost
|-boost|p1a: Tera Ghost|atk|1
|-boost|p1a: Tera Ghost|spe|1
|move|p2a: Cinderace|Pyro Ball|p1a: Tera Ghost
|-damage|p1a: Tera Ghost|31/100 brn
|
|-heal|p1a: Tera Ghost|37/100 brn|[from] item: Leftovers
|-damage|p1a: Tera Ghost|31/100 brn|[from] brn
|upkeep
|turn|19
|j| Nodragondanceinrb
|
|t:|1757912190
|-terastallize|p2a: Cinderace|Fire
|move|p1a: Tera Ghost|Roost|p1a: Tera Ghost
|-heal|p1a: Tera Ghost|81/100 brn
|move|p2a: Cinderace|Pyro Ball|p1a: Tera Ghost
|-damage|p1a: Tera Ghost|18/100 brn
|
|-heal|p1a: Tera Ghost|24/100 brn|[from] item: Leftovers
|-damage|p1a: Tera Ghost|18/100 brn|[from] brn
|upkeep
|turn|20
|
|t:|1757912196
|move|p1a: Tera Ghost|Roost|p1a: Tera Ghost
|-heal|p1a: Tera Ghost|69/100 brn
|move|p2a: Cinderace|Pyro Ball|p1a: Tera Ghost
|-damage|p1a: Tera Ghost|6/100 brn
|
|-heal|p1a: Tera Ghost|12/100 brn|[from] item: Leftovers
|-damage|p1a: Tera Ghost|6/100 brn|[from] brn
|upkeep
|turn|21
|
|t:|1757912202
|move|p1a: Tera Ghost|Roost|p1a: Tera Ghost
|-heal|p1a: Tera Ghost|56/100 brn
|move|p2a: Cinderace|Pyro Ball|p1a: Tera Ghost
|-damage|p1a: Tera Ghost|0 fnt
|faint|p1a: Tera Ghost
|
|upkeep
|-message|koroyev forfeited.
|
|win|Black Man Lover
|raw|koroyev's rating: 1648 &rarr; <strong>1627</strong><br />(-21 for losing)
|raw|Black Man Lover's rating: 1632 &rarr; <strong>1653</strong><br />(+21 for winning)
|l|☆koroyev
|player|p1|
|l| Shimeon91
