|j|☆blind gumbo
|j|☆suzysleep
|t:|1757897691
|gametype|singles
|player|p1|blind gumbo|2|1180
|player|p2|suzysleep|roxie|1195
|gen|9
|tier|[Gen 9] OU
|rated|
|rule|HP Percentage Mod: HP is shown in percentages
|rule|Endless Battle Clause: Forcing endless battles is banned
|rule|Species Clause: Limit one of each Pokémon
|rule|OHKO Clause: OHKO moves are banned
|rule|Evasion Items Clause: Evasion items are banned
|rule|Evasion Moves Clause: Evasion moves are banned
|rule|Evasion Abilities Clause: Evasion abilities are banned
|rule|Sleep Moves Clause: Sleep-inducing moves are banned
|clearpoke
|poke|p1|Glimmora, M|
|poke|p1|Scizor, M|
|poke|p1|Malamar, M|
|poke|p1|Smeargle, F|
|poke|p1|Gliscor, F|
|poke|p1|Talonflame, M|
|poke|p2|Zoroark-Hisui, F|
|poke|p2|Gliscor, F|
|poke|p2|Quaquaval, F|
|poke|p2|Zapdos|
|poke|p2|Dragapult, M|
|poke|p2|Kingambit, M|
|teampreview
|inactive|Battle timer is ON: inactive players will automatically lose when time's up. (requested by suzysleep)
|c|☆suzysleep|hf
|
|t:|1757897711
|teamsize|p1|6
|teamsize|p2|6
|start
|switch|p1a: Smeargle|Smeargle, F|100/100
|switch|p2a: Gliscor|Gliscor, F|100/100
|turn|1
|
|t:|1757897720
|move|p2a: Gliscor|Protect|p2a: Gliscor
|-singleturn|p2a: Gliscor|Protect
|move|p1a: Smeargle|Sticky Web|p2a: Gliscor
|-sidestart|p2: suzysleep|move: Sticky Web
|
|-status|p2a: Gliscor|tox|[from] item: Toxic Orb
|upkeep
|turn|2
|
|t:|1757897728
|move|p1a: Smeargle|Court Change|p1a: Smeargle
|-swapsideconditions
|-activate|p1a: Smeargle|move: Court Change
|move|p2a: Gliscor|Knock Off|p1a: Smeargle
|-damage|p1a: Smeargle|51/100
|-enditem|p1a: Smeargle|Leftovers|[from] move: Knock Off|[of] p2a: Gliscor
|
|upkeep
|turn|3
|
|t:|1757897749
|move|p1a: Smeargle|Sticky Web|p2a: Gliscor
|-sidestart|p2: suzysleep|move: Sticky Web
|move|p2a: Gliscor|Stealth Rock|p1a: Smeargle
|-sidestart|p1: blind gumbo|move: Stealth Rock
|
|upkeep
|turn|4
|
|t:|1757897759
|move|p1a: Smeargle|Disable|p2a: Gliscor
|-start|p2a: Gliscor|Disable|Stealth Rock
|move|p2a: Gliscor|Toxic|p1a: Smeargle
|-status|p1a: Smeargle|tox
|
|-damage|p1a: Smeargle|45/100 tox|[from] psn
|upkeep
|turn|5
|
|t:|1757897776
|switch|p2a: Quaquaval|Quaquaval, F|100/100
|-activate|p2a: Quaquaval|move: Sticky Web
|-unboost|p2a: Quaquaval|spe|1
|move|p1a: Smeargle|Court Change|p1a: Smeargle
|-swapsideconditions
|-activate|p1a: Smeargle|move: Court Change
|
|-damage|p1a: Smeargle|33/100 tox|[from] psn
|upkeep
|turn|6
|
|t:|1757897786
|move|p1a: Smeargle|Baneful Bunker|p1a: Smeargle
|-singleturn|p1a: Smeargle|move: Protect
|move|p2a: Quaquaval|Aqua Step|p1a: Smeargle
|-activate|p1a: Smeargle|move: Protect
|-status|p2a: Quaquaval|psn
|
|-damage|p1a: Smeargle|15/100 tox|[from] psn
|-damage|p2a: Quaquaval|88/100 psn|[from] psn
|upkeep
|turn|7
|
|t:|1757897798
|move|p1a: Smeargle|Disable|p2a: Quaquaval
|-start|p2a: Quaquaval|Disable|Aqua Step
|move|p2a: Quaquaval|Rapid Spin|p1a: Smeargle
|-damage|p1a: Smeargle|0 fnt
|-boost|p2a: Quaquaval|spe|1
|-sideend|p2: suzysleep|Stealth Rock|[from] move: Rapid Spin|[of] p2a: Quaquaval
|-sideend|p2: suzysleep|Sticky Web|[from] move: Rapid Spin|[of] p2a: Quaquaval
|faint|p1a: Smeargle
|-ability|p2a: Quaquaval|Moxie|boost
|-boost|p2a: Quaquaval|atk|1
|
|-damage|p2a: Quaquaval|76/100 psn|[from] psn
|upkeep
|
|t:|1757897813
|switch|p1a: Malamar|Malamar, M|100/100
|-activate|p1a: Malamar|move: Sticky Web
|-boost|p1a: Malamar|spe|1
|turn|8
|
|t:|1757897824
|switch|p2a: Zapdos|Zapdos|100/100
|move|p1a: Malamar|Superpower|p2a: Zapdos
|-resisted|p2a: Zapdos
|-damage|p2a: Zapdos|89/100
|-boost|p1a: Malamar|atk|1
|-boost|p1a: Malamar|def|1
|
|upkeep
|turn|9
|
|t:|1757897835
|move|p1a: Malamar|Knock Off|p2a: Zapdos
|-damage|p2a: Zapdos|43/100
|-enditem|p2a: Zapdos|Heavy-Duty Boots|[from] move: Knock Off|[of] p1a: Malamar
|move|p2a: Zapdos|Discharge|p1a: Malamar
|-damage|p1a: Malamar|64/100
|
|-heal|p1a: Malamar|70/100|[from] item: Leftovers
|upkeep
|turn|10
|
|t:|1757897848
|move|p1a: Malamar|Psycho Cut|p2a: Zapdos
|-damage|p2a: Zapdos|6/100
|move|p2a: Zapdos|Roost|p2a: Zapdos
|-heal|p2a: Zapdos|56/100
|-singleturn|p2a: Zapdos|move: Roost
|
|-heal|p1a: Malamar|77/100|[from] item: Leftovers
|upkeep
|turn|11
|
|t:|1757897864
|switch|p2a: Gliscor|Gliscor, F|100/100 tox
|move|p1a: Malamar|Superpower|p2a: Gliscor
|-resisted|p2a: Gliscor
|-damage|p2a: Gliscor|81/100 tox
|-boost|p1a: Malamar|atk|1
|-boost|p1a: Malamar|def|1
|
|-heal|p1a: Malamar|83/100|[from] item: Leftovers
|-heal|p2a: Gliscor|93/100 tox|[from] ability: Poison Heal
|upkeep
|turn|12
|
|t:|1757897881
|move|p1a: Malamar|Knock Off|p2a: Gliscor
|-damage|p2a: Gliscor|27/100 tox
|-enditem|p2a: Gliscor|Toxic Orb|[from] move: Knock Off|[of] p1a: Malamar
|move|p2a: Gliscor|Toxic|p1a: Malamar
|-status|p1a: Malamar|tox
|
|-heal|p1a: Malamar|89/100 tox|[from] item: Leftovers
|-damage|p1a: Malamar|83/100 tox|[from] psn
|-heal|p2a: Gliscor|40/100 tox|[from] ability: Poison Heal
|upkeep
|turn|13
|
|t:|1757897898
|move|p2a: Gliscor|Protect|p2a: Gliscor
|-singleturn|p2a: Gliscor|Protect
|move|p1a: Malamar|Psycho Cut|p2a: Gliscor
|-activate|p2a: Gliscor|move: Protect
|
|-heal|p1a: Malamar|89/100 tox|[from] item: Leftovers
|-damage|p1a: Malamar|77/100 tox|[from] psn
|-heal|p2a: Gliscor|52/100 tox|[from] ability: Poison Heal
|upkeep
|turn|14
|
|t:|1757897909
|switch|p2a: Kingambit|Kingambit, M|100/100
|move|p1a: Malamar|Psycho Cut|p2a: Kingambit
|-immune|p2a: Kingambit
|
|-heal|p1a: Malamar|83/100 tox|[from] item: Leftovers
|-damage|p1a: Malamar|64/100 tox|[from] psn
|upkeep
|turn|15
|
|t:|1757897919
|-end|p2a: Kingambit|fallenundefined|[silent]
|switch|p2a: Gliscor|Gliscor, F|100/100
|move|p1a: Malamar|Superpower|p2a: Gliscor
|-immune|p2a: Gliscor
|
|-heal|p1a: Malamar|70/100 tox|[from] item: Leftovers
|-damage|p1a: Malamar|46/100 tox|[from] psn
|upkeep
|turn|16
|
|t:|1757897935
|move|p2a: Gliscor|Hyper Voice|p1a: Malamar
|-damage|p1a: Malamar|0 fnt
|faint|p1a: Malamar
|
|upkeep
|inactive|blind gumbo has 120 seconds left.
|
|t:|1757897947
|switch|p1a: Talonflame|Talonflame, M|100/100
|turn|17
|
|t:|1757897960
|switch|p2a: Gliscor|Gliscor, F|52/100 tox
|move|p1a: Talonflame|Brave Bird|p2a: Gliscor
|-crit|p2a: Gliscor
|-damage|p2a: Gliscor|0 fnt
|faint|p2a: Gliscor
|-damage|p1a: Talonflame|80/100|[from] Recoil
|
|upkeep
|
|t:|1757897973
|switch|p2a: Quaquaval|Quaquaval, F|76/100 psn
|turn|18
|
|t:|1757897980
|-terastallize|p2a: Quaquaval|Steel
|move|p1a: Talonflame|Brave Bird|p2a: Quaquaval
|-resisted|p2a: Quaquaval
|-damage|p2a: Quaquaval|47/100 psn
|-damage|p1a: Talonflame|70/100|[from] Recoil
|move|p2a: Quaquaval|Aqua Step|p1a: Talonflame
|-supereffective|p1a: Talonflame
|-damage|p1a: Talonflame|0 fnt
|-boost|p2a: Quaquaval|spe|1
|faint|p1a: Talonflame
|-ability|p2a: Quaquaval|Moxie|boost
|-boost|p2a: Quaquaval|atk|1
|
|-damage|p2a: Quaquaval|35/100 psn|[from] psn
|upkeep
|
|t:|1757898003
|switch|p1a: Gliscor|Gliscor, F|100/100
|turn|19
|
|t:|1757898013
|-terastallize|p1a: Gliscor|Ice
|move|p2a: Quaquaval|Ice Spinner|p1a: Gliscor
|-resisted|p1a: Gliscor
|-damage|p1a: Gliscor|81/100
|move|p1a: Gliscor|Earthquake|p2a: Quaquaval
|-supereffective|p2a: Quaquaval
|-damage|p2a: Quaquaval|0 fnt
|faint|p2a: Quaquaval
|
|-status|p1a: Gliscor|tox|[from] item: Toxic Orb
|upkeep
|
|t:|1757898024
|switch|p2a: Dragapult|Dragapult, M|100/100
|turn|20
|
|t:|1757898031
|move|p2a: Dragapult|Substitute|p2a: Dragapult
|-start|p2a: Dragapult|Substitute
|-damage|p2a: Dragapult|76/100
|move|p1a: Gliscor|Ice Fang|p2a: Dragapult
|-supereffective|p2a: Dragapult
|-end|p2a: Dragapult|Substitute
|
|-heal|p2a: Dragapult|82/100|[from] item: Leftovers
|-heal|p1a: Gliscor|93/100 tox|[from] ability: Poison Heal
|upkeep
|turn|21
|
|t:|1757898042
|move|p2a: Dragapult|Disable|p1a: Gliscor
|-start|p1a: Gliscor|Disable|Ice Fang
|cant|p1a: Gliscor|Disable|Ice Fang
|
|-heal|p2a: Dragapult|88/100|[from] item: Leftovers
|-heal|p1a: Gliscor|100/100 tox|[from] ability: Poison Heal
|upkeep
|turn|22
|
|t:|1757898054
|move|p2a: Dragapult|Hex|p1a: Gliscor
|-damage|p1a: Gliscor|35/100 tox
|move|p1a: Gliscor|Earthquake|p2a: Dragapult
|-damage|p2a: Dragapult|40/100
|
|-heal|p2a: Dragapult|46/100|[from] item: Leftovers
|-heal|p1a: Gliscor|48/100 tox|[from] ability: Poison Heal
|upkeep
|turn|23
|
|t:|1757898065
|switch|p1a: Glimmora|Glimmora, M|100/100
|-activate|p1a: Glimmora|move: Sticky Web
|-unboost|p1a: Glimmora|spe|1
|move|p2a: Dragapult|Hex|p1a: Glimmora
|-damage|p1a: Glimmora|73/100
|
|-heal|p2a: Dragapult|52/100|[from] item: Leftovers
|upkeep
|turn|24
|
|t:|1757898083
|move|p2a: Dragapult|Thunder Wave|p1a: Glimmora
|-status|p1a: Glimmora|par
|move|p1a: Glimmora|Power Gem|p2a: Dragapult
|-damage|p2a: Dragapult|7/100
|
|-heal|p2a: Dragapult|13/100|[from] item: Leftovers
|upkeep
|turn|25
|
|t:|1757898094
|move|p2a: Dragapult|Hex|p1a: Glimmora
|-damage|p1a: Glimmora|12/100 par
|cant|p1a: Glimmora|par
|
|-heal|p2a: Dragapult|19/100|[from] item: Leftovers
|upkeep
|turn|26
|
|t:|1757898102
|move|p2a: Dragapult|Hex|p1a: Glimmora
|-damage|p1a: Glimmora|0 fnt
|faint|p1a: Glimmora
|
|-heal|p2a: Dragapult|26/100|[from] item: Leftovers
|upkeep
|
|t:|1757898114
|switch|p1a: Scizor|Scizor, M|100/100
|-activate|p1a: Scizor|move: Sticky Web
|-unboost|p1a: Scizor|spe|1
|turn|27
|
|t:|1757898126
|switch|p2a: Zapdos|Zapdos|56/100
|move|p1a: Scizor|Bullet Punch|p2a: Zapdos
|-resisted|p2a: Zapdos
|-damage|p2a: Zapdos|43/100
|-status|p1a: Scizor|par|[from] ability: Static|[of] p2a: Zapdos
|
|upkeep
|turn|28
|inactive|blind gumbo has 120 seconds left.
|
|t:|1757898152
|switch|p1a: Gliscor|Gliscor, F, tera:Ice|48/100 tox
|-activate|p1a: Gliscor|move: Sticky Web
|-unboost|p1a: Gliscor|spe|1
|move|p2a: Zapdos|Roost|p2a: Zapdos
|-heal|p2a: Zapdos|93/100
|-singleturn|p2a: Zapdos|move: Roost
|
|-heal|p1a: Gliscor|60/100 tox|[from] ability: Poison Heal
|upkeep
|turn|29
|inactive|blind gumbo has 120 seconds left.
|inactive|blind gumbo has 90 seconds left.
|-message|blind gumbo forfeited.
|
|win|suzysleep
|raw|blind gumbo's rating: 1180 &rarr; <strong>1156</strong><br />(-24 for losing)
|raw|suzysleep's rating: 1195 &rarr; <strong>1219</strong><br />(+24 for winning)
|l|☆blind gumbo
|player|p1|
