|j|☆jfkdidod
|j|☆chewfive
|t:|1757859404
|gametype|singles
|player|p1|jfkdidod|170|1268
|player|p2|chewfive|101|1227
|gen|9
|tier|[Gen 9] OU
|rated|
|rule|HP Percentage Mod: HP is shown in percentages
|rule|Endless Battle Clause: Forcing endless battles is banned
|rule|Species Clause: Limit one of each Pokémon
|rule|OHKO Clause: OHKO moves are banned
|rule|Evasion Items Clause: Evasion items are banned
|rule|Evasion Moves Clause: Evasion moves are banned
|rule|Evasion Abilities Clause: Evasion abilities are banned
|rule|Sleep Moves Clause: Sleep-inducing moves are banned
|clearpoke
|poke|p1|Scizor, F|
|poke|p1|Ceruledge, F|
|poke|p1|Ninetales-Alola, F|
|poke|p1|Samurott-Hisui, F|
|poke|p1|Iron Valiant|
|poke|p1|Great Tusk|
|poke|p2|Golurk|
|poke|p2|Houndoom, F|
|poke|p2|Dudunsparce-*, F|
|poke|p2|Scizor, M|
|poke|p2|Torterra, M|
|poke|p2|Deoxys-Defense|
|teampreview
|inactive|Battle timer is ON: inactive players will automatically lose when time's up. (requested by chewfive)
|
|t:|1757859410
|teamsize|p1|6
|teamsize|p2|6
|start
|switch|p1a: Samurott|Samurott-Hisui, F|100/100
|switch|p2a: the leader|Houndoom, F|100/100
|-ability|p2a: the leader|Unnerve
|turn|1
|
|t:|1757859416
|move|p1a: Samurott|Ceaseless Edge|p2a: the leader
|-resisted|p2a: the leader
|-damage|p2a: the leader|63/100
|-sidestart|p2: chewfive|Spikes
|move|p2a: the leader|Counter|p1a: Samurott
|-damage|p1a: Samurott|18/100
|
|upkeep
|turn|2
|
|t:|1757859425
|move|p2a: the leader|Dark Pulse|p1a: Samurott
|-resisted|p1a: Samurott
|-damage|p1a: Samurott|0 fnt
|faint|p1a: Samurott
|
|upkeep
|
|t:|1757859438
|switch|p1a: Ninetales|Ninetales-Alola, F|100/100
|-weather|Snowscape|[from] ability: Snow Warning|[of] p1a: Ninetales
|turn|3
|
|t:|1757859444
|move|p1a: Ninetales|Aurora Veil|p1a: Ninetales
|-sidestart|p1: jfkdidod|move: Aurora Veil
|move|p2a: the leader|Taunt|p1a: Ninetales
|-start|p1a: Ninetales|move: Taunt
|
|-weather|Snowscape|[upkeep]
|upkeep
|turn|4
|
|t:|1757859459
|switch|p1a: Great Tusk|Great Tusk|100/100
|move|p2a: the leader|Destiny Bond|p2a: the leader
|-singlemove|p2a: the leader|Destiny Bond
|
|-weather|Snowscape|[upkeep]
|upkeep
|turn|5
|
|t:|1757859465
|move|p1a: Great Tusk|Stealth Rock|p2a: the leader
|-sidestart|p2: chewfive|move: Stealth Rock
|move|p2a: the leader|Counter||[still]
|-fail|p2a: the leader
|
|-weather|Snowscape|[upkeep]
|upkeep
|turn|6
|
|t:|1757859470
|move|p2a: the leader|Destiny Bond|p2a: the leader
|-singlemove|p2a: the leader|Destiny Bond
|move|p1a: Great Tusk|Headlong Rush|p2a: the leader
|-supereffective|p2a: the leader
|-damage|p2a: the leader|0 fnt
|-unboost|p1a: Great Tusk|def|1
|-unboost|p1a: Great Tusk|spd|1
|faint|p2a: the leader
|-activate|p2a: the leader|move: Destiny Bond
|faint|p1a: Great Tusk
|-end|p1a: Great Tusk|Protosynthesis|[silent]
|
|-weather|Snowscape|[upkeep]
|upkeep
|
|t:|1757859484
|switch|p2a: GOD|Dudunsparce, F|100/100
|switch|p1a: Ceruledge|Ceruledge, F|100/100
|-damage|p2a: GOD|88/100|[from] Spikes
|-damage|p2a: GOD|76/100|[from] Stealth Rock
|turn|7
|
|t:|1757859491
|move|p1a: Ceruledge|Swords Dance|p1a: Ceruledge
|-boost|p1a: Ceruledge|atk|2
|move|p2a: GOD|Glare|p1a: Ceruledge
|-status|p1a: Ceruledge|par
|
|-weather|none
|-heal|p2a: GOD|82/100|[from] item: Leftovers
|upkeep
|turn|8
|
|t:|1757859499
|move|p1a: Ceruledge|Swords Dance|p1a: Ceruledge
|-boost|p1a: Ceruledge|atk|2
|move|p2a: GOD|Stealth Rock|p1a: Ceruledge
|-sidestart|p1: jfkdidod|move: Stealth Rock
|
|-heal|p2a: GOD|88/100|[from] item: Leftovers
|upkeep
|turn|9
|
|t:|1757859504
|move|p1a: Ceruledge|Bitter Blade|p2a: GOD
|-damage|p2a: GOD|2/100
|move|p2a: GOD|Dragon Tail|p1a: Ceruledge
|-damage|p1a: Ceruledge|93/100 par
|-ability|p1a: Ceruledge|Weak Armor|boost
|-unboost|p1a: Ceruledge|def|1
|-boost|p1a: Ceruledge|spe|2
|drag|p1a: Ninetales|Ninetales-Alola, F|100/100
|-damage|p1a: Ninetales|76/100|[from] Stealth Rock
|-weather|Snowscape|[from] ability: Snow Warning|[of] p1a: Ninetales
|
|-weather|Snowscape|[upkeep]
|-heal|p2a: GOD|8/100|[from] item: Leftovers
|upkeep
|turn|10
|
|t:|1757859521
|move|p1a: Ninetales|Moonblast|p2a: GOD
|-damage|p2a: GOD|0 fnt
|faint|p2a: GOD
|
|-weather|Snowscape|[upkeep]
|-sideend|p1: jfkdidod|move: Aurora Veil
|upkeep
|
|t:|1757859529
|switch|p2a: black metal|Scizor, M|100/100
|-damage|p2a: black metal|88/100|[from] Spikes
|-damage|p2a: black metal|76/100|[from] Stealth Rock
|turn|11
|
|t:|1757859545
|move|p1a: Ninetales|Aurora Veil|p1a: Ninetales
|-sidestart|p1: jfkdidod|move: Aurora Veil
|move|p2a: black metal|Focus Energy|p2a: black metal
|-start|p2a: black metal|move: Focus Energy
|
|-weather|Snowscape|[upkeep]
|upkeep
|turn|12
|
|t:|1757859551
|move|p2a: black metal|Bullet Punch|p1a: Ninetales
|-supereffective|p1a: Ninetales
|-crit|p1a: Ninetales
|-damage|p1a: Ninetales|0 fnt
|faint|p1a: Ninetales
|
|-weather|Snowscape|[upkeep]
|upkeep
|
|t:|1757859556
|switch|p1a: Scizor|Scizor, F|100/100
|-damage|p1a: Scizor|88/100|[from] Stealth Rock
|turn|13
|
|t:|1757859566
|move|p1a: Scizor|Close Combat|p2a: black metal
|-damage|p2a: black metal|19/100
|-unboost|p1a: Scizor|def|1
|-unboost|p1a: Scizor|spd|1
|-damage|p1a: Scizor|78/100|[from] item: Life Orb
|move|p2a: black metal|Dual Wingbeat|p1a: Scizor
|-crit|p1a: Scizor
|-damage|p1a: Scizor|19/100
|-crit|p1a: Scizor
|-damage|p1a: Scizor|0 fnt
|faint|p1a: Scizor
|-hitcount|p1: Scizor|2
|
|-weather|none
|upkeep
|
|t:|1757859569
|switch|p1a: Iron Valiant|Iron Valiant|100/100
|-damage|p1a: Iron Valiant|94/100|[from] Stealth Rock
|-enditem|p1a: Iron Valiant|Booster Energy
|-activate|p1a: Iron Valiant|ability: Quark Drive|[fromitem]
|-start|p1a: Iron Valiant|quarkdrivespe
|turn|14
|
|t:|1757859583
|-terastallize|p1a: Iron Valiant|Electric
|move|p2a: black metal|Bullet Punch|p1a: Iron Valiant
|-resisted|p1a: Iron Valiant
|-crit|p1a: Iron Valiant
|-damage|p1a: Iron Valiant|62/100
|move|p1a: Iron Valiant|Thunderbolt|p2a: black metal
|-damage|p2a: black metal|0 fnt
|faint|p2a: black metal
|
|upkeep
|
|t:|1757859599
|switch|p2a: big bad|Golurk|100/100
|-damage|p2a: big bad|88/100|[from] Spikes
|-damage|p2a: big bad|82/100|[from] Stealth Rock
|turn|15
|
|t:|1757859609
|move|p1a: Iron Valiant|Moonblast|p2a: big bad
|-damage|p2a: big bad|30/100
|move|p2a: big bad|Earthquake|p1a: Iron Valiant
|-supereffective|p1a: Iron Valiant
|-damage|p1a: Iron Valiant|0 fnt
|faint|p1a: Iron Valiant
|-end|p1a: Iron Valiant|Quark Drive|[silent]
|
|upkeep
|
|t:|1757859614
|switch|p1a: Ceruledge|Ceruledge, F|93/100 par
|-damage|p1a: Ceruledge|68/100 par|[from] Stealth Rock
|turn|16
|
|t:|1757859623
|move|p1a: Ceruledge|Swords Dance|p1a: Ceruledge
|-boost|p1a: Ceruledge|atk|2
|move|p2a: big bad|Earthquake|p1a: Ceruledge
|-supereffective|p1a: Ceruledge
|-damage|p1a: Ceruledge|0 fnt
|faint|p1a: Ceruledge
|
|win|chewfive
|raw|jfkdidod's rating: 1268 &rarr; <strong>1240</strong><br />(-28 for losing)
|raw|chewfive's rating: 1227 &rarr; <strong>1255</strong><br />(+28 for winning)
|l|☆jfkdidod
|player|p1|
