|j|☆Aizen 18800
|j|☆Mr important
|t:|1757944355
|gametype|singles
|player|p1|Aizen 18800|101|1250
|player|p2|Mr important|266|1293
|gen|9
|tier|[Gen 9] OU
|rated|
|rule|HP Percentage Mod: HP is shown in percentages
|rule|Endless Battle Clause: Forcing endless battles is banned
|rule|Species Clause: Limit one of each Pokémon
|rule|OHKO Clause: OHKO moves are banned
|rule|Evasion Items Clause: Evasion items are banned
|rule|Evasion Moves Clause: Evasion moves are banned
|rule|Evasion Abilities Clause: Evasion abilities are banned
|rule|Sleep Moves Clause: Sleep-inducing moves are banned
|clearpoke
|poke|p1|Torkoal, M|
|poke|p1|Arcanine-Hisui, F|
|poke|p1|Ribombee, M|
|poke|p1|Slither Wing|
|poke|p1|Great Tusk|
|poke|p1|Walking Wake|
|poke|p2|Alomomola, F|
|poke|p2|Dragalge, M|
|poke|p2|Lokix, F|
|poke|p2|Great Tusk|
|poke|p2|Gholdengo|
|poke|p2|Moltres|
|teampreview
|inactive|Battle timer is ON: inactive players will automatically lose when time's up. (requested by Aizen 18800)
|
|t:|1757944378
|teamsize|p1|6
|teamsize|p2|6
|start
|switch|p1a: Ribombee|Ribombee, M|100/100
|switch|p2a: Alomomola|Alomomola, F|100/100
|turn|1
|
|t:|1757944386
|move|p1a: Ribombee|Sticky Web|p2a: Alomomola
|-sidestart|p2: Mr important|move: Sticky Web
|move|p2a: Alomomola|Flip Turn|p1a: Ribombee
|-damage|p1a: Ribombee|66/100
|
|t:|1757944407
|switch|p2a: Lokix|Lokix, F|100/100|[from] Flip Turn
|-activate|p2a: Lokix|move: Sticky Web
|-unboost|p2a: Lokix|spe|1
|
|upkeep
|turn|2
|
|t:|1757944413
|move|p2a: Lokix|First Impression|p1a: Ribombee
|-resisted|p1a: Ribombee
|-crit|p1a: Ribombee
|-damage|p1a: Ribombee|0 fnt
|faint|p1a: Ribombee
|
|upkeep
|
|t:|1757944416
|switch|p1a: Torkoal|Torkoal, M|100/100
|-weather|SunnyDay|[from] ability: Drought|[of] p1a: Torkoal
|turn|3
|
|t:|1757944425
|switch|p2a: Alomomola|Alomomola, F|100/100
|-activate|p2a: Alomomola|move: Sticky Web
|-unboost|p2a: Alomomola|spe|1
|move|p1a: Torkoal|Stealth Rock|p2a: Alomomola
|-sidestart|p2: Mr important|move: Stealth Rock
|
|-weather|SunnyDay|[upkeep]
|upkeep
|turn|4
|
|t:|1757944433
|switch|p1a: Slither Wing|Slither Wing|100/100
|-activate|p1a: Slither Wing|ability: Protosynthesis
|-start|p1a: Slither Wing|protosynthesisatk
|move|p2a: Alomomola|Scald|p1a: Slither Wing
|-damage|p1a: Slither Wing|93/100
|-status|p1a: Slither Wing|brn
|
|-weather|SunnyDay|[upkeep]
|-damage|p1a: Slither Wing|87/100 brn|[from] brn
|upkeep
|turn|5
|
|t:|1757944444
|switch|p2a: Great Tusk|Great Tusk|100/100
|-activate|p2a: Great Tusk|ability: Protosynthesis
|-start|p2a: Great Tusk|protosynthesisatk
|move|p1a: Slither Wing|U-turn|p2a: Great Tusk
|-resisted|p2a: Great Tusk
|-damage|p2a: Great Tusk|92/100
|
|t:|1757944451
|-end|p1a: Slither Wing|Protosynthesis|[silent]
|switch|p1a: Walking Wake|Walking Wake|100/100|[from] U-turn
|-activate|p1a: Walking Wake|ability: Protosynthesis
|-start|p1a: Walking Wake|protosynthesisspe
|
|-weather|SunnyDay|[upkeep]
|upkeep
|turn|6
|
|t:|1757944465
|-terastallize|p2a: Great Tusk|Dragon
|move|p1a: Walking Wake|Hydro Steam|p2a: Great Tusk
|-resisted|p2a: Great Tusk
|-damage|p2a: Great Tusk|22/100
|move|p2a: Great Tusk|Rapid Spin|p1a: Walking Wake
|-damage|p1a: Walking Wake|74/100
|-boost|p2a: Great Tusk|spe|1
|-sideend|p2: Mr important|Stealth Rock|[from] move: Rapid Spin|[of] p2a: Great Tusk
|-sideend|p2: Mr important|Sticky Web|[from] move: Rapid Spin|[of] p2a: Great Tusk
|
|-weather|SunnyDay|[upkeep]
|upkeep
|turn|7
|
|t:|1757944472
|-end|p2a: Great Tusk|Protosynthesis|[silent]
|switch|p2a: Alomomola|Alomomola, F|100/100
|move|p1a: Walking Wake|Hydro Steam|p2a: Alomomola
|-resisted|p2a: Alomomola
|-damage|p2a: Alomomola|74/100
|
|-weather|SunnyDay|[upkeep]
|upkeep
|turn|8
|
|t:|1757944477
|-end|p1a: Walking Wake|Protosynthesis|[silent]
|switch|p1a: Slither Wing|Slither Wing|87/100 brn
|-activate|p1a: Slither Wing|ability: Protosynthesis
|-start|p1a: Slither Wing|protosynthesisatk
|move|p2a: Alomomola|Flip Turn|p1a: Slither Wing
|-damage|p1a: Slither Wing|76/100 brn
|
|t:|1757944493
|switch|p2a: Moltres|Moltres|100/100|[from] Flip Turn
|
|-weather|SunnyDay|[upkeep]
|-damage|p1a: Slither Wing|70/100 brn|[from] brn
|upkeep
|turn|9
|
|t:|1757944496
|move|p1a: Slither Wing|U-turn|p2a: Moltres
|-resisted|p2a: Moltres
|-damage|p2a: Moltres|95/100
|
|t:|1757944503
|-end|p1a: Slither Wing|Protosynthesis|[silent]
|switch|p1a: Walking Wake|Walking Wake|74/100|[from] U-turn
|-activate|p1a: Walking Wake|ability: Protosynthesis
|-start|p1a: Walking Wake|protosynthesisspe
|move|p2a: Moltres|Flamethrower|p1a: Walking Wake
|-resisted|p1a: Walking Wake
|-damage|p1a: Walking Wake|58/100
|
|-weather|SunnyDay|[upkeep]
|upkeep
|turn|10
|
|t:|1757944505
|switch|p2a: Alomomola|Alomomola, F|100/100
|move|p1a: Walking Wake|Hydro Steam|p2a: Alomomola
|-resisted|p2a: Alomomola
|-damage|p2a: Alomomola|77/100
|
|-weather|none
|-end|p1a: Walking Wake|Protosynthesis
|upkeep
|turn|11
|
|t:|1757944510
|-end|p1a: Walking Wake|Protosynthesis|[silent]
|switch|p1a: Torkoal|Torkoal, M|100/100
|-weather|SunnyDay|[from] ability: Drought|[of] p1a: Torkoal
|move|p2a: Alomomola|Flip Turn|p1a: Torkoal
|-supereffective|p1a: Torkoal
|-damage|p1a: Torkoal|88/100
|
|t:|1757944518
|switch|p2a: Dragalge|Dragalge, M|100/100|[from] Flip Turn
|
|-weather|SunnyDay|[upkeep]
|upkeep
|turn|12
|
|t:|1757944524
|switch|p1a: Slither Wing|Slither Wing|70/100 brn
|-activate|p1a: Slither Wing|ability: Protosynthesis
|-start|p1a: Slither Wing|protosynthesisatk
|move|p2a: Dragalge|Draco Meteor|p1a: Slither Wing
|-damage|p1a: Slither Wing|0 fnt
|-unboost|p2a: Dragalge|spa|2
|faint|p1a: Slither Wing
|-end|p1a: Slither Wing|Protosynthesis|[silent]
|
|-weather|SunnyDay|[upkeep]
|upkeep
|
|t:|1757944533
|switch|p1a: Great Tusk|Great Tusk|100/100
|-activate|p1a: Great Tusk|ability: Protosynthesis
|-start|p1a: Great Tusk|protosynthesisatk
|turn|13
|
|t:|1757944538
|switch|p2a: Moltres|Moltres|95/100
|move|p1a: Great Tusk|Bulk Up|p1a: Great Tusk
|-boost|p1a: Great Tusk|atk|1
|-boost|p1a: Great Tusk|def|1
|
|-weather|SunnyDay|[upkeep]
|upkeep
|turn|14
|
|t:|1757944544
|move|p1a: Great Tusk|Rapid Spin|p2a: Moltres
|-damage|p2a: Moltres|60/100
|-boost|p1a: Great Tusk|spe|1
|-status|p1a: Great Tusk|brn|[from] ability: Flame Body|[of] p2a: Moltres
|move|p2a: Moltres|Flamethrower|p1a: Great Tusk
|-damage|p1a: Great Tusk|10/100 brn
|
|-weather|SunnyDay|[upkeep]
|-damage|p1a: Great Tusk|4/100 brn|[from] brn
|upkeep
|turn|15
|l|☆Aizen 18800
|inactive|Aizen 18800 disconnected and has a minute to reconnect!
|player|p1|
|inactive|Aizen 18800 has 30 seconds to reconnect!
|inactive|Aizen 18800 has 20 seconds to reconnect!
|inactive|Aizen 18800 has 15 seconds to reconnect!
|inactive|Aizen 18800 has 10 seconds to reconnect!
|inactive|Aizen 18800 has 5 seconds to reconnect!
|-message|Aizen 18800 lost due to inactivity.
|
|win|Mr important
|raw|Aizen 18800's rating: 1250 &rarr; <strong>1226</strong><br />(-24 for losing)
|raw|Mr important's rating: 1270 &rarr; <strong>1294</strong><br />(+24 for winning)
|l|☆Mr important
|player|p2|
