|j|☆XDOOL
|j|☆5mg Femtanyl
|t:|1757867818
|gametype|singles
|player|p1|XDOOL|fisherman|1477
|player|p2|5mg Femtanyl|janitor|1455
|gen|9
|tier|[Gen 9] OU
|rated|
|rule|HP Percentage Mod: HP is shown in percentages
|rule|Endless Battle Clause: Forcing endless battles is banned
|rule|Species Clause: Limit one of each Pokémon
|rule|OHKO Clause: OHKO moves are banned
|rule|Evasion Items Clause: Evasion items are banned
|rule|Evasion Moves Clause: Evasion moves are banned
|rule|Evasion Abilities Clause: Evasion abilities are banned
|rule|Sleep Moves Clause: Sleep-inducing moves are banned
|clearpoke
|poke|p1|Torkoal, M|
|poke|p1|Sylveon, F|
|poke|p1|Blastoise, M|
|poke|p1|Espeon, F|
|poke|p1|Jolteon, M|
|poke|p1|Minior|
|poke|p2|Iron Valiant|
|poke|p2|Great Tusk|
|poke|p2|Zamazenta-*|
|poke|p2|Gholdengo|
|poke|p2|Glimmora, M|
|poke|p2|Ogerpon-Wellspring, F|
|teampreview
|
|t:|1757867836
|teamsize|p1|6
|teamsize|p2|6
|start
|switch|p1a: Blastoise|Blastoise, M|100/100
|switch|p2a: Glimmora|Glimmora, M|100/100
|turn|1
|
|t:|1757867843
|move|p2a: Glimmora|Meteor Beam||[still]
|-prepare|p2a: Glimmora|Meteor Beam
|-boost|p2a: Glimmora|spa|1
|-enditem|p2a: Glimmora|Power Herb
|-anim|p2a: Glimmora|Meteor Beam|p1a: Blastoise
|-damage|p1a: Blastoise|22/100
|move|p1a: Blastoise|Shell Smash|p1a: Blastoise
|-unboost|p1a: Blastoise|def|1
|-unboost|p1a: Blastoise|spd|1
|-boost|p1a: Blastoise|atk|2
|-boost|p1a: Blastoise|spa|2
|-boost|p1a: Blastoise|spe|2
|-enditem|p1a: Blastoise|Eject Pack
|
|t:|1757867857
|switch|p1a: Espeon|Espeon, F|100/100
|
|upkeep
|turn|2
|c|☆5mg Femtanyl|Wrong item?
|
|t:|1757867878
|switch|p2a: Gholdengo|Gholdengo|100/100
|move|p1a: Espeon|Copycat|p1a: Espeon
|move|p1a: Espeon|Shell Smash|p1a: Espeon|[from] move: Copycat
|-unboost|p1a: Espeon|def|1
|-unboost|p1a: Espeon|spd|1
|-boost|p1a: Espeon|atk|2
|-boost|p1a: Espeon|spa|2
|-boost|p1a: Espeon|spe|2
|-enditem|p1a: Espeon|White Herb
|-clearnegativeboost|p1a: Espeon|[silent]
|
|upkeep
|turn|3
|c|☆5mg Femtanyl|Oh LOL
|c|☆5mg Femtanyl|Thats cool
|c|☆5mg Femtanyl|I apologize
|
|t:|1757867907
|move|p1a: Espeon|Stored Power|p2a: Gholdengo
|-resisted|p2a: Gholdengo
|-damage|p2a: Gholdengo|13/100
|move|p2a: Gholdengo|Shadow Ball|p1a: Espeon
|-supereffective|p1a: Espeon
|-damage|p1a: Espeon|0 fnt
|faint|p1a: Espeon
|
|upkeep
|
|t:|1757867917
|switch|p1a: Minior|Minior|100/100
|-formechange|p1a: Minior|Minior-Meteor||[from] ability: Shields Down
|turn|4
|
|t:|1757867926
|switch|p2a: Glimmora|Glimmora, M|100/100
|move|p1a: Minior|Shell Smash|p1a: Minior
|-unboost|p1a: Minior|def|1
|-unboost|p1a: Minior|spd|1
|-boost|p1a: Minior|atk|2
|-boost|p1a: Minior|spa|2
|-boost|p1a: Minior|spe|2
|-enditem|p1a: Minior|Eject Pack
|
|t:|1757867934
|switch|p1a: Sylveon|Sylveon, F|100/100
|
|upkeep
|turn|5
|
|t:|1757867945
|switch|p2a: Gholdengo|Gholdengo|13/100
|move|p1a: Sylveon|Copycat|p1a: Sylveon
|move|p1a: Sylveon|Shell Smash|p1a: Sylveon|[from] move: Copycat
|-unboost|p1a: Sylveon|def|1
|-unboost|p1a: Sylveon|spd|1
|-boost|p1a: Sylveon|atk|2
|-boost|p1a: Sylveon|spa|2
|-boost|p1a: Sylveon|spe|2
|-enditem|p1a: Sylveon|White Herb
|-clearnegativeboost|p1a: Sylveon|[silent]
|
|upkeep
|turn|6
|
|t:|1757867950
|move|p1a: Sylveon|Hyper Voice|p2a: Gholdengo
|-resisted|p2a: Gholdengo
|-damage|p2a: Gholdengo|0 fnt
|faint|p2a: Gholdengo
|
|upkeep
|
|t:|1757867957
|switch|p2a: Ogerpon|Ogerpon-Wellspring, F|100/100
|turn|7
|
|t:|1757867962
|-terastallize|p2a: Ogerpon|Water
|detailschange|p2a: Ogerpon|Ogerpon-Wellspring-Tera, F, tera:Water
|-ability|p2a: Ogerpon|Embody Aspect (Wellspring)|boost
|-boost|p2a: Ogerpon|spd|1
|move|p1a: Sylveon|Hyper Voice|p2a: Ogerpon
|-damage|p2a: Ogerpon|27/100
|move|p2a: Ogerpon|Ivy Cudgel|p1a: Sylveon|[anim] Ivy Cudgel Water
|-damage|p1a: Sylveon|0 fnt
|faint|p1a: Sylveon
|
|upkeep
|
|t:|1757867972
|switch|p1a: Jolteon|Jolteon, M|100/100
|turn|8
|
|t:|1757868016
|switch|p2a: Glimmora|Glimmora, M|100/100
|move|p1a: Jolteon|Thunderbolt|p2a: Glimmora
|-damage|p2a: Glimmora|44/100
|
|upkeep
|turn|9
|
|t:|1757868028
|switch|p2a: Great Tusk|Great Tusk|100/100
|move|p1a: Jolteon|Thunderbolt|p2a: Great Tusk
|-immune|p2a: Great Tusk
|
|upkeep
|turn|10
|
|t:|1757868032
|switch|p1a: Blastoise|Blastoise, M|22/100
|move|p2a: Great Tusk|Headlong Rush|p1a: Blastoise
|-damage|p1a: Blastoise|0 fnt
|-unboost|p2a: Great Tusk|def|1
|-unboost|p2a: Great Tusk|spd|1
|faint|p1a: Blastoise
|
|upkeep
|
|t:|1757868040
|switch|p1a: Minior|Minior|100/100
|-formechange|p1a: Minior|Minior-Meteor||[from] ability: Shields Down
|turn|11
|
|t:|1757868061
|move|p2a: Great Tusk|Ice Spinner|p1a: Minior
|-supereffective|p1a: Minior
|-damage|p1a: Minior|39/100
|move|p1a: Minior|Shell Smash|p1a: Minior
|-unboost|p1a: Minior|def|1
|-unboost|p1a: Minior|spd|1
|-boost|p1a: Minior|atk|2
|-boost|p1a: Minior|spa|2
|-boost|p1a: Minior|spe|2
|
|-formechange|p1a: Minior|Minior||[from] ability: Shields Down
|upkeep
|turn|12
|
|t:|1757868080
|-end|p2a: Great Tusk|Protosynthesis|[silent]
|switch|p2a: Glimmora|Glimmora, M|44/100
|move|p1a: Minior|Acrobatics|p2a: Glimmora
|-resisted|p2a: Glimmora
|-damage|p2a: Glimmora|0 fnt
|-activate|p2a: Glimmora|ability: Toxic Debris
|-sidestart|p1: XDOOL|move: Toxic Spikes
|faint|p2a: Glimmora
|
|upkeep
|
|t:|1757868120
|switch|p2a: Zamazenta|Zamazenta|100/100
|-ability|p2a: Zamazenta|Dauntless Shield|boost
|-boost|p2a: Zamazenta|def|1
|turn|13
|
|t:|1757868130
|-terastallize|p1a: Minior|Flying
|move|p1a: Minior|Acrobatics|p2a: Zamazenta
|-supereffective|p2a: Zamazenta
|-damage|p2a: Zamazenta|0 fnt
|faint|p2a: Zamazenta
|
|upkeep
|
|t:|1757868139
|switch|p2a: Iron Valiant|Iron Valiant|100/100
|-enditem|p2a: Iron Valiant|Booster Energy
|-activate|p2a: Iron Valiant|ability: Quark Drive|[fromitem]
|-start|p2a: Iron Valiant|quarkdrivespe
|turn|14
|
|t:|1757868141
|move|p1a: Minior|Acrobatics|p2a: Iron Valiant
|-supereffective|p2a: Iron Valiant
|-damage|p2a: Iron Valiant|0 fnt
|faint|p2a: Iron Valiant
|-end|p2a: Iron Valiant|Quark Drive|[silent]
|
|upkeep
|
|t:|1757868148
|switch|p2a: Ogerpon|Ogerpon-Wellspring-Tera, F, tera:Water|27/100
|-ability|p2a: Ogerpon|Embody Aspect (Wellspring)|boost
|-boost|p2a: Ogerpon|spd|1
|turn|15
|
|t:|1757868151
|move|p1a: Minior|Acrobatics|p2a: Ogerpon
|-damage|p2a: Ogerpon|0 fnt
|faint|p2a: Ogerpon
|detailschange|p2: Ogerpon|Ogerpon-Wellspring, F|[silent]
|
|upkeep
|
|t:|1757868153
|switch|p2a: Great Tusk|Great Tusk|100/100
|turn|16
|
|t:|1757868156
|move|p1a: Minior|Acrobatics|p2a: Great Tusk
|-supereffective|p2a: Great Tusk
|-damage|p2a: Great Tusk|0 fnt
|faint|p2a: Great Tusk
|-end|p2a: Great Tusk|Protosynthesis|[silent]
|
|win|XDOOL
|raw|XDOOL's rating: 1477 &rarr; <strong>1496</strong><br />(+19 for winning)
|raw|5mg Femtanyl's rating: 1455 &rarr; <strong>1436</strong><br />(-19 for losing)
|l|☆XDOOL
|player|p1|
|l|☆5mg Femtanyl
|player|p2|
