|j|☆InotspeakEnglish
|j|☆deathclock666
|t:|1757828175
|gametype|singles
|player|p1|InotspeakEnglish|169|1260
|player|p2|deathclock666|roughneck-gen4|1295
|gen|9
|tier|[Gen 9] OU
|rated|
|rule|HP Percentage Mod: HP is shown in percentages
|rule|Endless Battle Clause: Forcing endless battles is banned
|rule|Species Clause: Limit one of each Pokémon
|rule|OHKO Clause: OHKO moves are banned
|rule|Evasion Items Clause: Evasion items are banned
|rule|Evasion Moves Clause: Evasion moves are banned
|rule|Evasion Abilities Clause: Evasion abilities are banned
|rule|Sleep Moves Clause: Sleep-inducing moves are banned
|clearpoke
|poke|p1|Maushold-Four|
|poke|p1|Great Tusk|
|poke|p1|Raging Bolt|
|poke|p1|Grafaiai, F|
|poke|p1|Moltres|
|poke|p1|Scizor, M|
|poke|p2|Dragonite, M|
|poke|p2|Garganacl, M|
|poke|p2|Hariyama, M|
|poke|p2|Scizor, M|
|poke|p2|Mandibuzz, F|
|poke|p2|Araquanid, M|
|teampreview
|
|t:|1757828183
|teamsize|p1|6
|teamsize|p2|6
|start
|switch|p1a: Raging Bolt|Raging Bolt|100/100
|switch|p2a: Dragonite|Dragonite, M|100/100
|turn|1
|
|t:|1757828186
|move|p2a: Dragonite|Ice Beam|p1a: Raging Bolt
|-supereffective|p1a: Raging Bolt
|-damage|p1a: Raging Bolt|54/100
|-status|p1a: Raging Bolt|frz
|cant|p1a: Raging Bolt|frz
|
|upkeep
|turn|2
|
|t:|1757828189
|move|p2a: Dragonite|Ice Beam|p1a: Raging Bolt
|-supereffective|p1a: Raging Bolt
|-damage|p1a: Raging Bolt|14/100 frz
|cant|p1a: Raging Bolt|frz
|
|upkeep
|turn|3
|
|t:|1757828192
|move|p2a: Dragonite|Ice Beam|p1a: Raging Bolt
|-supereffective|p1a: Raging Bolt
|-damage|p1a: Raging Bolt|0 fnt
|faint|p1a: Raging Bolt
|-end|p1a: Raging Bolt|Protosynthesis|[silent]
|
|upkeep
|
|t:|1757828196
|switch|p1a: Grafaiai|Grafaiai, F|100/100
|turn|4
|
|t:|1757828199
|switch|p2a: Garganacl|Garganacl, M|100/100
|move|p1a: Grafaiai|Knock Off|p2a: Garganacl
|-damage|p2a: Garganacl|88/100
|-enditem|p2a: Garganacl|Sitrus Berry|[from] move: Knock Off|[of] p1a: Grafaiai
|
|upkeep
|turn|5
|
|t:|1757828205
|move|p1a: Grafaiai|Parting Shot|p2a: Garganacl
|-unboost|p2a: Garganacl|atk|1
|-unboost|p2a: Garganacl|spa|1
|
|t:|1757828207
|switch|p1a: Great Tusk|Great Tusk|100/100|[from] Parting Shot
|move|p2a: Garganacl|Salt Cure|p1a: Great Tusk
|-resisted|p1a: Great Tusk
|-damage|p1a: Great Tusk|99/100
|-start|p1a: Great Tusk|Salt Cure
|
|-damage|p1a: Great Tusk|86/100|[from] Salt Cure
|upkeep
|turn|6
|
|t:|1757828211
|switch|p2a: Araquanid|Araquanid, M, shiny|100/100
|move|p1a: Great Tusk|Headlong Rush|p2a: Araquanid
|-resisted|p2a: Araquanid
|-damage|p2a: Araquanid|68/100
|-unboost|p1a: Great Tusk|def|1
|-unboost|p1a: Great Tusk|spd|1
|
|-damage|p1a: Great Tusk|74/100|[from] Salt Cure
|upkeep
|turn|7
|
|t:|1757828219
|move|p1a: Great Tusk|Supercell Slam|p2a: Araquanid
|-supereffective|p2a: Araquanid
|-damage|p2a: Araquanid|0 fnt
|faint|p2a: Araquanid
|
|-damage|p1a: Great Tusk|62/100|[from] Salt Cure
|upkeep
|
|t:|1757828224
|switch|p2a: Scizor|Scizor, M|100/100
|turn|8
|
|t:|1757828228
|-end|p1a: Great Tusk|Protosynthesis|[silent]
|switch|p1a: Grafaiai|Grafaiai, F|100/100
|move|p2a: Scizor|Acrobatics|p1a: Grafaiai
|-damage|p1a: Grafaiai|70/100
|-damage|p2a: Scizor|84/100|[from] item: Rocky Helmet|[of] p1a: Grafaiai
|
|upkeep
|turn|9
|
|t:|1757828233
|switch|p2a: Garganacl|Garganacl, M|88/100
|move|p1a: Grafaiai|Knock Off|p2a: Garganacl
|-damage|p2a: Garganacl|78/100
|
|upkeep
|turn|10
|
|t:|1757828238
|move|p1a: Grafaiai|Parting Shot|p2a: Garganacl
|-unboost|p2a: Garganacl|atk|1
|-unboost|p2a: Garganacl|spa|1
|
|t:|1757828240
|switch|p1a: Scizor|Scizor, M|100/100|[from] Parting Shot
|move|p2a: Garganacl|Salt Cure|p1a: Scizor
|-damage|p1a: Scizor|93/100
|-start|p1a: Scizor|Salt Cure
|
|-heal|p1a: Scizor|99/100|[from] item: Leftovers
|-damage|p1a: Scizor|74/100|[from] Salt Cure
|upkeep
|turn|11
|inactive|Battle timer is ON: inactive players will automatically lose when time's up. (requested by deathclock666)
|
|t:|1757828244
|switch|p2a: Dragonite|Dragonite, M|100/100
|move|p1a: Scizor|U-turn|p2a: Dragonite
|-resisted|p2a: Dragonite
|-damage|p2a: Dragonite|93/100
|
|t:|1757828248
|switch|p1a: Maushold|Maushold-Four|100/100|[from] U-turn
|
|upkeep
|turn|12
|
|t:|1757828253
|switch|p2a: Garganacl|Garganacl, M|78/100
|move|p1a: Maushold|Population Bomb|p2a: Garganacl
|-resisted|p2a: Garganacl
|-damage|p2a: Garganacl|75/100
|-resisted|p2a: Garganacl
|-damage|p2a: Garganacl|71/100
|-resisted|p2a: Garganacl
|-damage|p2a: Garganacl|67/100
|-resisted|p2a: Garganacl
|-crit|p2a: Garganacl
|-damage|p2a: Garganacl|62/100
|-resisted|p2a: Garganacl
|-damage|p2a: Garganacl|58/100
|-resisted|p2a: Garganacl
|-damage|p2a: Garganacl|54/100
|-resisted|p2a: Garganacl
|-damage|p2a: Garganacl|50/100
|-resisted|p2a: Garganacl
|-damage|p2a: Garganacl|47/100
|-resisted|p2a: Garganacl
|-damage|p2a: Garganacl|44/100
|-resisted|p2a: Garganacl
|-damage|p2a: Garganacl|40/100
|-hitcount|p2a: Garganacl|10
|
|upkeep
|turn|13
|
|t:|1757828257
|move|p1a: Maushold|Population Bomb|p2a: Garganacl
|-resisted|p2a: Garganacl
|-damage|p2a: Garganacl|37/100
|-resisted|p2a: Garganacl
|-damage|p2a: Garganacl|33/100
|-resisted|p2a: Garganacl
|-damage|p2a: Garganacl|29/100
|-resisted|p2a: Garganacl
|-damage|p2a: Garganacl|26/100
|-resisted|p2a: Garganacl
|-crit|p2a: Garganacl
|-damage|p2a: Garganacl|20/100
|-resisted|p2a: Garganacl
|-damage|p2a: Garganacl|17/100
|-resisted|p2a: Garganacl
|-damage|p2a: Garganacl|13/100
|-resisted|p2a: Garganacl
|-damage|p2a: Garganacl|10/100
|-resisted|p2a: Garganacl
|-damage|p2a: Garganacl|6/100
|-resisted|p2a: Garganacl
|-crit|p2a: Garganacl
|-damage|p2a: Garganacl|0 fnt
|faint|p2a: Garganacl
|-hitcount|p2: Garganacl|10
|
|upkeep
|
|t:|1757828265
|switch|p2a: Mandibuzz|Mandibuzz, F|100/100
|turn|14
|
|t:|1757828270
|switch|p1a: Grafaiai|Grafaiai, F|70/100
|move|p2a: Mandibuzz|Toxic|p1a: Grafaiai
|-immune|p1a: Grafaiai
|
|upkeep
|turn|15
|
|t:|1757828273
|switch|p2a: Scizor|Scizor, M|84/100
|move|p1a: Grafaiai|Knock Off|p2a: Scizor
|-damage|p2a: Scizor|64/100
|-enditem|p2a: Scizor|Sitrus Berry|[from] move: Knock Off|[of] p1a: Grafaiai
|
|upkeep
|turn|16
|
|t:|1757828278
|move|p1a: Grafaiai|Knock Off|p2a: Scizor
|-damage|p2a: Scizor|50/100
|move|p2a: Scizor|Acrobatics|p1a: Grafaiai
|-damage|p1a: Grafaiai|28/100
|-damage|p2a: Scizor|33/100|[from] item: Rocky Helmet|[of] p1a: Grafaiai
|
|upkeep
|turn|17
|
|t:|1757828282
|move|p1a: Grafaiai|Parting Shot|p2a: Scizor
|-unboost|p2a: Scizor|atk|1
|-unboost|p2a: Scizor|spa|1
|
|t:|1757828284
|switch|p1a: Moltres|Moltres|100/100|[from] Parting Shot
|move|p2a: Scizor|Acrobatics|p1a: Moltres
|-damage|p1a: Moltres|75/100
|
|upkeep
|turn|18
|
|t:|1757828288
|switch|p2a: Dragonite|Dragonite, M|93/100
|move|p1a: Moltres|Air Slash|p2a: Dragonite
|-damage|p2a: Dragonite|62/100
|
|upkeep
|turn|19
|
|t:|1757828291
|move|p2a: Dragonite|Surf|p1a: Moltres
|-supereffective|p1a: Moltres
|-damage|p1a: Moltres|28/100
|move|p1a: Moltres|U-turn|p2a: Dragonite
|-resisted|p2a: Dragonite
|-damage|p2a: Dragonite|54/100
|
|t:|1757828293
|switch|p1a: Maushold|Maushold-Four|100/100|[from] U-turn
|
|upkeep
|turn|20
|
|t:|1757828299
|move|p1a: Maushold|Population Bomb|p2a: Dragonite
|-crit|p2a: Dragonite
|-damage|p2a: Dragonite|40/100
|-damage|p2a: Dragonite|29/100
|-damage|p2a: Dragonite|19/100
|-damage|p2a: Dragonite|9/100
|-damage|p2a: Dragonite|0 fnt
|faint|p2a: Dragonite
|-hitcount|p2: Dragonite|5
|
|upkeep
|
|t:|1757828303
|switch|p2a: Mandibuzz|Mandibuzz, F|100/100
|turn|21
|
|t:|1757828308
|switch|p1a: Grafaiai|Grafaiai, F|28/100
|move|p2a: Mandibuzz|Foul Play|p1a: Grafaiai
|-damage|p1a: Grafaiai|0 fnt
|-damage|p2a: Mandibuzz|84/100|[from] item: Rocky Helmet|[of] p1a: Grafaiai
|faint|p1a: Grafaiai
|
|upkeep
|
|t:|1757828311
|switch|p1a: Scizor|Scizor, M|74/100
|turn|22
|
|t:|1757828315
|move|p2a: Mandibuzz|Foul Play|p1a: Scizor
|-damage|p1a: Scizor|39/100
|move|p1a: Scizor|U-turn|p2a: Mandibuzz
|-damage|p2a: Mandibuzz|60/100
|
|t:|1757828317
|switch|p1a: Maushold|Maushold-Four|100/100|[from] U-turn
|
|upkeep
|turn|23
|
|t:|1757828320
|-terastallize|p1a: Maushold|Normal
|move|p1a: Maushold|Population Bomb|p2a: Mandibuzz
|-damage|p2a: Mandibuzz|50/100
|-damage|p2a: Mandibuzz|40/100
|-damage|p2a: Mandibuzz|30/100
|-damage|p2a: Mandibuzz|20/100
|-damage|p2a: Mandibuzz|9/100
|-damage|p2a: Mandibuzz|0 fnt
|faint|p2a: Mandibuzz
|-hitcount|p2: Mandibuzz|6
|
|upkeep
|
|t:|1757828324
|switch|p2a: Hariyama|Hariyama, M|100/100
|turn|24
|
|t:|1757828325
|move|p1a: Maushold|Population Bomb|p2a: Hariyama
|-damage|p2a: Hariyama|89/100
|-damage|p2a: Hariyama|78/100
|-damage|p2a: Hariyama|68/100
|-damage|p2a: Hariyama|56/100
|-damage|p2a: Hariyama|44/100
|-damage|p2a: Hariyama|33/100
|-damage|p2a: Hariyama|21/100
|-damage|p2a: Hariyama|10/100
|-damage|p2a: Hariyama|0 fnt
|faint|p2a: Hariyama
|-hitcount|p2: Hariyama|9
|
|upkeep
|
|t:|1757828340
|switch|p2a: Scizor|Scizor, M|33/100
|turn|25
|
|t:|1757828343
|move|p2a: Scizor|Bullet Punch|p1a: Maushold
|-damage|p1a: Maushold|50/100
|move|p1a: Maushold|Population Bomb|p2a: Scizor
|-resisted|p2a: Scizor
|-damage|p2a: Scizor|26/100
|-resisted|p2a: Scizor
|-damage|p2a: Scizor|18/100
|-resisted|p2a: Scizor
|-damage|p2a: Scizor|11/100
|-resisted|p2a: Scizor
|-damage|p2a: Scizor|3/100
|-resisted|p2a: Scizor
|-damage|p2a: Scizor|0 fnt
|faint|p2a: Scizor
|-hitcount|p2: Scizor|5
|
|win|InotspeakEnglish
|raw|InotspeakEnglish's rating: 1260 &rarr; <strong>1288</strong><br />(+28 for winning)
|raw|deathclock666's rating: 1295 &rarr; <strong>1267</strong><br />(-28 for losing)
|l|☆InotspeakEnglish
|player|p1|
|l|☆deathclock666
|player|p2|
