|j|☆cute vn
|j|☆JP3011
|t:|1757807844
|gametype|singles
|player|p1|cute vn|twins-gen4dp|
|player|p2|JP3011|265|
|gen|9
|tier|[Gen 9] OU
|rule|HP Percentage Mod: HP is shown in percentages
|rule|Endless Battle Clause: Forcing endless battles is banned
|rule|Species Clause: Limit one of each Pokémon
|rule|OHKO Clause: OHKO moves are banned
|rule|Evasion Items Clause: Evasion items are banned
|rule|Evasion Moves Clause: Evasion moves are banned
|rule|Evasion Abilities Clause: Evasion abilities are banned
|rule|Sleep Moves Clause: Sleep-inducing moves are banned
|clearpoke
|poke|p1|Ninetales, M|
|poke|p1|Venusaur, M|
|poke|p1|Great Tusk|
|poke|p1|Walking Wake|
|poke|p1|Kingambit, F|
|poke|p1|Hatterene, F|
|poke|p2|Alomomola, F|
|poke|p2|Ting-Lu|
|poke|p2|Meowscarada, M|
|poke|p2|Cinderace, M|
|poke|p2|Dragonite, F|
|poke|p2|Iron Crown|
|teampreview
|
|t:|1757807858
|teamsize|p1|6
|teamsize|p2|6
|start
|switch|p1a: Ninetales|Ninetales, M|100/100
|switch|p2a: Iron Crown|Iron Crown|100/100
|-weather|SunnyDay|[from] ability: Drought|[of] p1a: Ninetales
|turn|1
|
|t:|1757807865
|-end|p2a: Iron Crown|Quark Drive|[silent]
|switch|p2a: Ting-Lu|Ting-Lu|100/100
|-ability|p2a: Ting-Lu|Vessel of Ruin
|move|p1a: Ninetales|Flamethrower|p2a: Ting-Lu
|-damage|p2a: Ting-Lu|78/100
|
|-weather|SunnyDay|[upkeep]
|-heal|p2a: Ting-Lu|84/100|[from] item: Leftovers
|upkeep
|turn|2
|
|t:|1757807869
|switch|p1a: Hatterene|Hatterene, F|100/100
|move|p2a: Ting-Lu|Earthquake|p1a: Hatterene
|-damage|p1a: Hatterene|58/100
|-enditem|p1a: Hatterene|Eject Button
|
|t:|1757807873
|switch|p1a: Venusaur|Venusaur, M|100/100
|
|-weather|SunnyDay|[upkeep]
|-heal|p2a: Ting-Lu|90/100|[from] item: Leftovers
|upkeep
|turn|3
|
|t:|1757807893
|move|p1a: Venusaur|Growth|p1a: Venusaur
|-boost|p1a: Venusaur|atk|2
|-boost|p1a: Venusaur|spa|2
|move|p2a: Ting-Lu|Earthquake|p1a: Venusaur
|-damage|p1a: Venusaur|53/100
|
|-weather|SunnyDay|[upkeep]
|-heal|p2a: Ting-Lu|96/100|[from] item: Leftovers
|upkeep
|turn|4
|inactive|Battle timer is ON: inactive players will automatically lose when time's up. (requested by cute vn)
|
|t:|1757807898
|switch|p2a: Meowscarada|Meowscarada, M|100/100
|move|p1a: Venusaur|Giga Drain|p2a: Meowscarada
|-resisted|p2a: Meowscarada
|-damage|p2a: Meowscarada|25/100
|-heal|p1a: Venusaur|90/100|[from] drain|[of] p2a: Meowscarada
|-damage|p1a: Venusaur|80/100|[from] item: Life Orb
|
|-weather|SunnyDay|[upkeep]
|upkeep
|turn|5
|
|t:|1757807918
|switch|p1a: Kingambit|Kingambit, F|100/100
|move|p2a: Meowscarada|Triple Axel|p1a: Kingambit
|-start|p2a: Meowscarada|typechange|Ice|[from] ability: Protean
|-resisted|p1a: Kingambit
|-damage|p1a: Kingambit|96/100
|-resisted|p1a: Kingambit
|-damage|p1a: Kingambit|89/100
|-resisted|p1a: Kingambit
|-damage|p1a: Kingambit|77/100
|-hitcount|p1a: Kingambit|3
|
|-weather|SunnyDay|[upkeep]
|upkeep
|turn|6
|
|t:|1757807928
|switch|p2a: Alomomola|Alomomola, F|100/100
|-end|p1a: Kingambit|fallenundefined|[silent]
|switch|p1a: Venusaur|Venusaur, M|80/100
|
|-weather|SunnyDay|[upkeep]
|upkeep
|turn|7
|
|t:|1757807936
|switch|p2a: Dragonite|Dragonite, F|100/100
|move|p1a: Venusaur|Giga Drain|p2a: Dragonite
|-resisted|p2a: Dragonite
|-damage|p2a: Dragonite|95/100
|-heal|p1a: Venusaur|83/100|[from] drain|[of] p2a: Dragonite
|-damage|p1a: Venusaur|73/100|[from] item: Life Orb
|
|-weather|SunnyDay|[upkeep]
|upkeep
|turn|8
|
|t:|1757807943
|move|p1a: Venusaur|Sludge Bomb|p2a: Dragonite
|-damage|p2a: Dragonite|35/100
|-damage|p1a: Venusaur|63/100|[from] item: Life Orb
|move|p2a: Dragonite|Earthquake|p1a: Venusaur
|-damage|p1a: Venusaur|9/100
|
|-weather|none
|upkeep
|turn|9
|
|t:|1757807951
|switch|p1a: Hatterene|Hatterene, F|58/100
|switch|p2a: Alomomola|Alomomola, F|100/100
|
|upkeep
|turn|10
|
|t:|1757807954
|move|p2a: Alomomola|Flip Turn|p1a: Hatterene
|-damage|p1a: Hatterene|38/100
|
|t:|1757807956
|switch|p2a: Iron Crown|Iron Crown|100/100|[from] Flip Turn
|move|p1a: Hatterene|Healing Wish|p1a: Hatterene
|faint|p1a: Hatterene
|
|upkeep
|
|t:|1757807961
|switch|p1a: Venusaur|Venusaur, M|9/100
|-heal|p1a: Venusaur|100/100|[from] move: Healing Wish
|turn|11
|
|t:|1757807968
|switch|p1a: Great Tusk|Great Tusk|100/100
|move|p2a: Iron Crown|Volt Switch|p1a: Great Tusk
|-immune|p1a: Great Tusk
|
|upkeep
|turn|12
|
|t:|1757807974
|-end|p2a: Iron Crown|Quark Drive|[silent]
|switch|p2a: Alomomola|Alomomola, F|100/100
|move|p1a: Great Tusk|Headlong Rush|p2a: Alomomola
|-damage|p2a: Alomomola|71/100
|-unboost|p1a: Great Tusk|def|1
|-unboost|p1a: Great Tusk|spd|1
|
|upkeep
|turn|13
|
|t:|1757807977
|-end|p1a: Great Tusk|Protosynthesis|[silent]
|switch|p1a: Ninetales|Ninetales, M|100/100
|-weather|SunnyDay|[from] ability: Drought|[of] p1a: Ninetales
|move|p2a: Alomomola|Flip Turn|p1a: Ninetales
|-supereffective|p1a: Ninetales
|-damage|p1a: Ninetales|75/100
|
|t:|1757807983
|switch|p2a: Ting-Lu|Ting-Lu|96/100|[from] Flip Turn
|-ability|p2a: Ting-Lu|Vessel of Ruin
|
|-weather|SunnyDay|[upkeep]
|-heal|p2a: Ting-Lu|100/100|[from] item: Leftovers
|upkeep
|turn|14
|
|t:|1757807988
|switch|p1a: Walking Wake|Walking Wake|100/100
|-activate|p1a: Walking Wake|ability: Protosynthesis
|-start|p1a: Walking Wake|protosynthesisspe
|move|p2a: Ting-Lu|Earthquake|p1a: Walking Wake
|-damage|p1a: Walking Wake|61/100
|
|-weather|SunnyDay|[upkeep]
|upkeep
|turn|15
|
|t:|1757808015
|-terastallize|p1a: Walking Wake|Water
|-terastallize|p2a: Ting-Lu|Water
|move|p1a: Walking Wake|Hydro Steam|p2a: Ting-Lu
|-resisted|p2a: Ting-Lu
|-damage|p2a: Ting-Lu|74/100
|move|p2a: Ting-Lu|Earthquake|p1a: Walking Wake
|-damage|p1a: Walking Wake|21/100
|
|-weather|SunnyDay|[upkeep]
|-heal|p2a: Ting-Lu|80/100|[from] item: Leftovers
|upkeep
|turn|16
|
|t:|1757808018
|-end|p1a: Walking Wake|Protosynthesis|[silent]
|switch|p1a: Venusaur|Venusaur, M|100/100
|move|p2a: Ting-Lu|Earthquake|p1a: Venusaur
|-damage|p1a: Venusaur|55/100
|
|-weather|SunnyDay|[upkeep]
|-heal|p2a: Ting-Lu|87/100|[from] item: Leftovers
|upkeep
|turn|17
|
|t:|1757808027
|switch|p2a: Meowscarada|Meowscarada, M|25/100
|move|p1a: Venusaur|Giga Drain|p2a: Meowscarada
|-resisted|p2a: Meowscarada
|-damage|p2a: Meowscarada|0 fnt
|-heal|p1a: Venusaur|67/100|[from] drain|[of] p2a: Meowscarada
|faint|p2a: Meowscarada
|-damage|p1a: Venusaur|57/100|[from] item: Life Orb
|
|-weather|SunnyDay|[upkeep]
|upkeep
|
|t:|1757808033
|switch|p2a: Cinderace|Cinderace, M|100/100
|turn|18
|
|t:|1757808036
|switch|p1a: Great Tusk|Great Tusk|100/100
|-activate|p1a: Great Tusk|ability: Protosynthesis
|-start|p1a: Great Tusk|protosynthesisspe
|move|p2a: Cinderace|Pyro Ball|p1a: Great Tusk
|-damage|p1a: Great Tusk|44/100
|
|-weather|SunnyDay|[upkeep]
|upkeep
|turn|19
|
|t:|1757808040
|-end|p1a: Great Tusk|Protosynthesis|[silent]
|switch|p1a: Venusaur|Venusaur, M|57/100
|switch|p2a: Alomomola|Alomomola, F|100/100
|
|-weather|SunnyDay|[upkeep]
|upkeep
|turn|20
|
|t:|1757808050
|switch|p2a: Iron Crown|Iron Crown|100/100
|move|p1a: Venusaur|Giga Drain|p2a: Iron Crown
|-resisted|p2a: Iron Crown
|-damage|p2a: Iron Crown|76/100
|-heal|p1a: Venusaur|70/100|[from] drain|[of] p2a: Iron Crown
|-damage|p1a: Venusaur|60/100|[from] item: Life Orb
|
|-weather|none
|upkeep
|turn|21
|
|t:|1757808056
|switch|p1a: Ninetales|Ninetales, M|75/100
|-weather|SunnyDay|[from] ability: Drought|[of] p1a: Ninetales
|move|p2a: Iron Crown|Psyshock|p1a: Ninetales
|-damage|p1a: Ninetales|0 fnt
|faint|p1a: Ninetales
|
|-weather|SunnyDay|[upkeep]
|upkeep
|
|t:|1757808060
|switch|p1a: Venusaur|Venusaur, M|60/100
|turn|22
|
|t:|1757808073
|-end|p2a: Iron Crown|Quark Drive|[silent]
|switch|p2a: Ting-Lu|Ting-Lu, tera:Water|87/100
|-ability|p2a: Ting-Lu|Vessel of Ruin
|move|p1a: Venusaur|Weather Ball|p2a: Ting-Lu
|-resisted|p2a: Ting-Lu
|-damage|p2a: Ting-Lu|73/100
|-damage|p1a: Venusaur|50/100|[from] item: Life Orb
|
|-weather|SunnyDay|[upkeep]
|-heal|p2a: Ting-Lu|79/100|[from] item: Leftovers
|upkeep
|turn|23
|
|t:|1757808083
|switch|p2a: Cinderace|Cinderace, M|100/100
|move|p1a: Venusaur|Giga Drain|p2a: Cinderace
|-resisted|p2a: Cinderace
|-damage|p2a: Cinderace|67/100
|-heal|p1a: Venusaur|67/100|[from] drain|[of] p2a: Cinderace
|-damage|p1a: Venusaur|57/100|[from] item: Life Orb
|
|-weather|SunnyDay|[upkeep]
|upkeep
|turn|24
|
|t:|1757808090
|move|p1a: Venusaur|Sludge Bomb|p2a: Cinderace
|-damage|p2a: Cinderace|0 fnt
|faint|p2a: Cinderace
|-damage|p1a: Venusaur|47/100|[from] item: Life Orb
|
|-weather|SunnyDay|[upkeep]
|upkeep
|
|t:|1757808105
|switch|p2a: Ting-Lu|Ting-Lu, tera:Water|79/100
|-ability|p2a: Ting-Lu|Vessel of Ruin
|turn|25
|
|t:|1757808111
|move|p1a: Venusaur|Giga Drain|p2a: Ting-Lu
|-supereffective|p2a: Ting-Lu
|-damage|p2a: Ting-Lu|41/100
|-heal|p1a: Venusaur|79/100|[from] drain|[of] p2a: Ting-Lu
|-damage|p1a: Venusaur|69/100|[from] item: Life Orb
|move|p2a: Ting-Lu|Earthquake|p1a: Venusaur
|-damage|p1a: Venusaur|23/100
|
|-weather|SunnyDay|[upkeep]
|-heal|p2a: Ting-Lu|48/100|[from] item: Leftovers
|upkeep
|turn|26
|
|t:|1757808117
|move|p1a: Venusaur|Giga Drain|p2a: Ting-Lu
|-supereffective|p2a: Ting-Lu
|-damage|p2a: Ting-Lu|9/100
|-heal|p1a: Venusaur|56/100|[from] drain|[of] p2a: Ting-Lu
|-damage|p1a: Venusaur|46/100|[from] item: Life Orb
|move|p2a: Ting-Lu|Earthquake|p1a: Venusaur
|-damage|p1a: Venusaur|0 fnt
|faint|p1a: Venusaur
|
|-weather|SunnyDay|[upkeep]
|-heal|p2a: Ting-Lu|15/100|[from] item: Leftovers
|upkeep
|
|t:|1757808124
|switch|p1a: Walking Wake|Walking Wake, tera:Water|21/100
|-activate|p1a: Walking Wake|ability: Protosynthesis
|-start|p1a: Walking Wake|protosynthesisspe
|turn|27
|
|t:|1757808130
|move|p1a: Walking Wake|Hydro Steam|p2a: Ting-Lu
|-resisted|p2a: Ting-Lu
|-damage|p2a: Ting-Lu|0 fnt
|faint|p2a: Ting-Lu
|
|-weather|SunnyDay|[upkeep]
|upkeep
|
|t:|1757808134
|switch|p2a: Dragonite|Dragonite, F|35/100
|turn|28
|
|t:|1757808136
|move|p2a: Dragonite|Extreme Speed|p1a: Walking Wake
|-damage|p1a: Walking Wake|0 fnt
|faint|p1a: Walking Wake
|-end|p1a: Walking Wake|Protosynthesis|[silent]
|
|-weather|none
|upkeep
|
|t:|1757808142
|switch|p1a: Great Tusk|Great Tusk|44/100
|turn|29
|
|t:|1757808148
|-end|p1a: Great Tusk|Protosynthesis|[silent]
|switch|p1a: Kingambit|Kingambit, F|77/100
|-activate|p1a: Kingambit|ability: Supreme Overlord
|-start|p1a: Kingambit|fallen4|[silent]
|switch|p2a: Alomomola|Alomomola, F|100/100
|
|upkeep
|turn|30
|
|t:|1757808152
|move|p1a: Kingambit|Swords Dance|p1a: Kingambit
|-boost|p1a: Kingambit|atk|2
|move|p2a: Alomomola|Flip Turn|p1a: Kingambit
|-damage|p1a: Kingambit|65/100
|
|t:|1757808154
|switch|p2a: Dragonite|Dragonite, F|35/100|[from] Flip Turn
|
|upkeep
|turn|31
|
|t:|1757808158
|move|p1a: Kingambit|Sucker Punch||[still]
|-fail|p1a: Kingambit
|move|p2a: Dragonite|Encore|p1a: Kingambit
|-start|p1a: Kingambit|Encore
|
|upkeep
|turn|32
|
|t:|1757808162
|switch|p2a: Alomomola|Alomomola, F|100/100
|-end|p1a: Kingambit|fallen4|[silent]
|switch|p1a: Great Tusk|Great Tusk|44/100
|
|upkeep
|turn|33
|
|t:|1757808165
|move|p1a: Great Tusk|Stealth Rock|p2a: Alomomola
|-sidestart|p2: JP3011|move: Stealth Rock
|move|p2a: Alomomola|Wish|p2a: Alomomola
|
|upkeep
|turn|34
|
|t:|1757808172
|move|p1a: Great Tusk|Rapid Spin|p2a: Alomomola
|-damage|p2a: Alomomola|93/100
|-boost|p1a: Great Tusk|spe|1
|move|p2a: Alomomola|Flip Turn|p1a: Great Tusk
|-supereffective|p1a: Great Tusk
|-damage|p1a: Great Tusk|25/100
|-damage|p2a: Alomomola|76/100|[from] item: Rocky Helmet|[of] p1a: Great Tusk
|
|t:|1757808175
|switch|p2a: Dragonite|Dragonite, F|35/100|[from] Flip Turn
|
|-heal|p2a: Dragonite|100/100|[from] move: Wish|[wisher] Alomomola
|upkeep
|turn|35
|
|t:|1757808181
|move|p1a: Great Tusk|Ice Spinner|p2a: Dragonite
|-supereffective|p2a: Dragonite
|-damage|p2a: Dragonite|45/100
|move|p2a: Dragonite|Earthquake|p1a: Great Tusk
|-damage|p1a: Great Tusk|0 fnt
|faint|p1a: Great Tusk
|-end|p1a: Great Tusk|Protosynthesis|[silent]
|
|upkeep
|
|t:|1757808184
|switch|p1a: Kingambit|Kingambit, F|65/100
|-activate|p1a: Kingambit|ability: Supreme Overlord
|-start|p1a: Kingambit|fallen5|[silent]
|turn|36
|
|t:|1757808201
|switch|p2a: Alomomola|Alomomola, F|100/100
|move|p1a: Kingambit|Swords Dance|p1a: Kingambit
|-boost|p1a: Kingambit|atk|2
|
|upkeep
|turn|37
|
|t:|1757808205
|move|p1a: Kingambit|Kowtow Cleave|p2a: Alomomola
|-damage|p2a: Alomomola|27/100
|move|p2a: Alomomola|Scald|p1a: Kingambit
|-damage|p1a: Kingambit|48/100
|
|upkeep
|turn|38
|
|t:|1757808209
|move|p1a: Kingambit|Kowtow Cleave|p2a: Alomomola
|-damage|p2a: Alomomola|0 fnt
|faint|p2a: Alomomola
|
|upkeep
|
|t:|1757808211
|switch|p2a: Iron Crown|Iron Crown|76/100
|-damage|p2a: Iron Crown|70/100|[from] Stealth Rock
|turn|39
|
|t:|1757808214
|move|p1a: Kingambit|Sucker Punch|p2a: Iron Crown
|-supereffective|p2a: Iron Crown
|-damage|p2a: Iron Crown|0 fnt
|faint|p2a: Iron Crown
|-end|p2a: Iron Crown|Quark Drive|[silent]
|
|upkeep
|
|t:|1757808218
|switch|p2a: Dragonite|Dragonite, F|45/100
|turn|40
|
|t:|1757808222
|move|p1a: Kingambit|Sucker Punch||[still]
|-fail|p1a: Kingambit
|move|p2a: Dragonite|Encore|p1a: Kingambit
|-start|p1a: Kingambit|Encore
|
|upkeep
|turn|41
|
|t:|1757808224
|move|p1a: Kingambit|Sucker Punch||[still]
|-fail|p1a: Kingambit
|move|p2a: Dragonite|Dragon Dance|p2a: Dragonite
|-boost|p2a: Dragonite|atk|1
|-boost|p2a: Dragonite|spe|1
|
|upkeep
|turn|42
|
|t:|1757808227
|move|p1a: Kingambit|Sucker Punch||[still]
|-fail|p1a: Kingambit
|move|p2a: Dragonite|Dragon Dance|p2a: Dragonite
|-boost|p2a: Dragonite|atk|1
|-boost|p2a: Dragonite|spe|1
|
|upkeep
|turn|43
|
|t:|1757808233
|move|p1a: Kingambit|Sucker Punch||[still]
|-fail|p1a: Kingambit
|move|p2a: Dragonite|Dragon Dance|p2a: Dragonite
|-boost|p2a: Dragonite|atk|1
|-boost|p2a: Dragonite|spe|1
|
|-end|p1a: Kingambit|Encore
|upkeep
|turn|44
|
|t:|1757808237
|move|p2a: Dragonite|Encore|p1a: Kingambit
|-start|p1a: Kingambit|Encore
|move|p1a: Kingambit|Sucker Punch||[still]
|-fail|p1a: Kingambit
|
|upkeep
|turn|45
|
|t:|1757808241
|move|p1a: Kingambit|Sucker Punch||[still]
|-fail|p1a: Kingambit
|move|p2a: Dragonite|Dragon Dance|p2a: Dragonite
|-boost|p2a: Dragonite|atk|1
|-boost|p2a: Dragonite|spe|1
|
|-end|p1a: Kingambit|Encore
|upkeep
|turn|46
|
|t:|1757808244
|move|p2a: Dragonite|Earthquake|p1a: Kingambit
|-supereffective|p1a: Kingambit
|-damage|p1a: Kingambit|0 fnt
|faint|p1a: Kingambit
|-end|p1a: Kingambit|fallen5|[silent]
|
|win|JP3011
|l|☆cute vn
|player|p1|
|c|☆JP3011|gg
