|j|☆spamtongspamtondr
|j|☆jjw12
|t:|1757788405
|gametype|singles
|player|p1|spamtongspamtondr|emmet|1156
|player|p2|jjw12|1|1188
|gen|9
|tier|[Gen 9] OU
|rated|
|rule|HP Percentage Mod: HP is shown in percentages
|rule|Endless Battle Clause: Forcing endless battles is banned
|rule|Species Clause: Limit one of each Pokémon
|rule|OHKO Clause: OHKO moves are banned
|rule|Evasion Items Clause: Evasion items are banned
|rule|Evasion Moves Clause: Evasion moves are banned
|rule|Evasion Abilities Clause: Evasion abilities are banned
|rule|Sleep Moves Clause: Sleep-inducing moves are banned
|clearpoke
|poke|p1|Magmortar, M|
|poke|p1|Tatsugiri, M|
|poke|p1|Hitmonlee, M|
|poke|p1|Froslass, F|
|poke|p1|Magneton|
|poke|p1|Uxie|
|poke|p2|Kingambit, F|
|poke|p2|Primarina, M|
|poke|p2|Pecharunt|
|poke|p2|Latias, F|
|poke|p2|Great Tusk|
|poke|p2|Zapdos|
|teampreview
|inactive|Battle timer is ON: inactive players will automatically lose when time's up. (requested by spamtongspamtondr)
|c|☆spamtongspamtondr|NOWS YOURE CHANCE TO BE A [big shot]!
|
|t:|1757788422
|teamsize|p1|6
|teamsize|p2|6
|start
|switch|p1a: snowgrave|Froslass, F|100/100
|switch|p2a: Pecharunt|Pecharunt|100/100
|turn|1
|
|t:|1757788442
|move|p1a: snowgrave|Poltergeist|p2a: Pecharunt
|-activate|p2a: Pecharunt|move: Poltergeist|Black Sludge
|-supereffective|p2a: Pecharunt
|-damage|p2a: Pecharunt|53/100
|-damage|p1a: snowgrave|91/100|[from] item: Life Orb
|move|p2a: Pecharunt|Toxic|p1a: snowgrave
|-status|p1a: snowgrave|tox
|-start|p1a: snowgrave|confusion|[from] ability: Poison Puppeteer|[of] p2a: Pecharunt
|
|-heal|p2a: Pecharunt|59/100|[from] item: Black Sludge
|-damage|p1a: snowgrave|84/100 tox|[from] psn
|upkeep
|turn|2
|
|t:|1757788462
|-activate|p1a: snowgrave|confusion
|move|p1a: snowgrave|Poltergeist|p2a: Pecharunt
|-activate|p2a: Pecharunt|move: Poltergeist|Black Sludge
|-supereffective|p2a: Pecharunt
|-damage|p2a: Pecharunt|5/100
|-damage|p1a: snowgrave|75/100 tox|[from] item: Life Orb
|move|p2a: Pecharunt|Malignant Chain|p1a: snowgrave
|-resisted|p1a: snowgrave
|-damage|p1a: snowgrave|50/100 tox
|
|-heal|p2a: Pecharunt|11/100|[from] item: Black Sludge
|-damage|p1a: snowgrave|38/100 tox|[from] psn
|upkeep
|turn|3
|
|t:|1757788478
|-activate|p1a: snowgrave|confusion
|-damage|p1a: snowgrave|21/100 tox|[from] confusion
|move|p2a: Pecharunt|Recover|p2a: Pecharunt
|-heal|p2a: Pecharunt|61/100
|
|-heal|p2a: Pecharunt|67/100|[from] item: Black Sludge
|-damage|p1a: snowgrave|3/100 tox|[from] psn
|upkeep
|turn|4
|
|t:|1757788493
|-activate|p1a: snowgrave|confusion
|-damage|p1a: snowgrave|0 fnt|[from] confusion
|faint|p1a: snowgrave
|move|p2a: Pecharunt|Recover|p2a: Pecharunt
|-heal|p2a: Pecharunt|100/100
|
|upkeep
|
|t:|1757788497
|switch|p1a: BIG SHOT|Magmortar, M|100/100
|turn|5
|
|t:|1757788514
|move|p1a: BIG SHOT|Thunderbolt|p2a: Pecharunt
|-damage|p2a: Pecharunt|68/100
|move|p2a: Pecharunt|Toxic|p1a: BIG SHOT
|-status|p1a: BIG SHOT|tox
|-start|p1a: BIG SHOT|confusion|[from] ability: Poison Puppeteer|[of] p2a: Pecharunt
|
|-heal|p2a: Pecharunt|74/100|[from] item: Black Sludge
|-damage|p1a: BIG SHOT|94/100 tox|[from] psn
|upkeep
|turn|6
|
|t:|1757788524
|switch|p1a: -> pipis|Magneton|100/100
|move|p2a: Pecharunt|Malignant Chain|p1a: -> pipis
|-immune|p1a: -> pipis
|
|-heal|p2a: Pecharunt|80/100|[from] item: Black Sludge
|upkeep
|turn|7
|
|t:|1757788531
|move|p2a: Pecharunt|Parting Shot|p1a: -> pipis
|-unboost|p1a: -> pipis|atk|1
|-unboost|p1a: -> pipis|spa|1
|
|t:|1757788536
|switch|p2a: Great Tusk|Great Tusk|100/100|[from] Parting Shot
|-enditem|p2a: Great Tusk|Booster Energy
|-activate|p2a: Great Tusk|ability: Protosynthesis|[fromitem]
|-start|p2a: Great Tusk|protosynthesisatk
|move|p1a: -> pipis|Flash Cannon|p2a: Great Tusk
|-damage|p2a: Great Tusk|47/100
|
|upkeep
|turn|8
|
|t:|1757788552
|-terastallize|p1a: -> pipis|Flying
|move|p2a: Great Tusk|Earthquake|p1a: -> pipis
|-immune|p1a: -> pipis
|move|p1a: -> pipis|Flash Cannon|p2a: Great Tusk
|-damage|p2a: Great Tusk|0 fnt
|faint|p2a: Great Tusk
|-end|p2a: Great Tusk|Protosynthesis|[silent]
|
|upkeep
|
|t:|1757788561
|switch|p2a: Kingambit|Kingambit, F|100/100
|-activate|p2a: Kingambit|ability: Supreme Overlord
|-start|p2a: Kingambit|fallen1|[silent]
|turn|9
|
|t:|1757788577
|-terastallize|p2a: Kingambit|Dark
|move|p1a: -> pipis|Thunder Wave|p2a: Kingambit
|-status|p2a: Kingambit|par
|move|p2a: Kingambit|Swords Dance|p2a: Kingambit
|-boost|p2a: Kingambit|atk|2
|
|upkeep
|turn|10
|
|t:|1757788589
|move|p1a: -> pipis|Volt Switch|p2a: Kingambit
|-damage|p2a: Kingambit|75/100 par
|
|t:|1757788593
|switch|p1a: BIG SHOT|Magmortar, M|94/100 tox|[from] Volt Switch
|move|p2a: Kingambit|Kowtow Cleave|p1a: BIG SHOT
|-damage|p1a: BIG SHOT|0 fnt
|faint|p1a: BIG SHOT
|
|upkeep
|
|t:|1757788595
|switch|p1a: Mike|Hitmonlee, M|100/100
|turn|11
|
|t:|1757788603
|move|p1a: Mike|Endure|p1a: Mike
|-singleturn|p1a: Mike|move: Endure
|move|p2a: Kingambit|Sucker Punch||[still]
|-fail|p2a: Kingambit
|
|upkeep
|turn|12
|
|t:|1757788611
|move|p1a: Mike|Mach Punch|p2a: Kingambit
|-supereffective|p2a: Kingambit
|-damage|p2a: Kingambit|45/100 par
|cant|p2a: Kingambit|par
|
|upkeep
|turn|13
|
|t:|1757788620
|move|p1a: Mike|Endure|p1a: Mike
|-singleturn|p1a: Mike|move: Endure
|move|p2a: Kingambit|Swords Dance|p2a: Kingambit
|-boost|p2a: Kingambit|atk|2
|
|upkeep
|turn|14
|
|t:|1757788627
|-end|p2a: Kingambit|fallen1|[silent]
|switch|p2a: Zapdos|Zapdos|100/100
|move|p1a: Mike|Mach Punch|p2a: Zapdos
|-resisted|p2a: Zapdos
|-damage|p2a: Zapdos|88/100
|-status|p1a: Mike|par|[from] ability: Static|[of] p2a: Zapdos
|
|upkeep
|turn|15
|
|t:|1757788636
|move|p1a: Mike|Endure|p1a: Mike
|-singleturn|p1a: Mike|move: Endure
|move|p2a: Zapdos|Hurricane|p1a: Mike|[miss]
|-miss|p2a: Zapdos|p1a: Mike
|
|upkeep
|turn|16
|
|t:|1757788649
|move|p1a: Mike|Endure||[still]
|-fail|p1a: Mike
|move|p2a: Zapdos|Hurricane|p1a: Mike
|-supereffective|p1a: Mike
|-damage|p1a: Mike|0 fnt
|faint|p1a: Mike
|
|upkeep
|
|t:|1757788652
|switch|p1a: NEO|Uxie|100/100
|turn|17
|
|t:|1757788656
|move|p2a: Zapdos|Hurricane|p1a: NEO|[miss]
|-miss|p2a: Zapdos|p1a: NEO
|move|p1a: NEO|Substitute|p1a: NEO
|-start|p1a: NEO|Substitute
|-damage|p1a: NEO|76/100
|
|-heal|p1a: NEO|82/100|[from] item: Leftovers
|upkeep
|turn|18
|
|t:|1757788664
|move|p2a: Zapdos|Hurricane|p1a: NEO|[miss]
|-miss|p2a: Zapdos|p1a: NEO
|move|p1a: NEO|Calm Mind|p1a: NEO
|-boost|p1a: NEO|spa|1
|-boost|p1a: NEO|spd|1
|
|-heal|p1a: NEO|88/100|[from] item: Leftovers
|upkeep
|turn|19
|
|t:|1757788671
|move|p2a: Zapdos|Hurricane|p1a: NEO
|-end|p1a: NEO|Substitute
|move|p1a: NEO|Calm Mind|p1a: NEO
|-boost|p1a: NEO|spa|1
|-boost|p1a: NEO|spd|1
|
|-heal|p1a: NEO|94/100|[from] item: Leftovers
|upkeep
|turn|20
|
|t:|1757788678
|move|p2a: Zapdos|Hurricane|p1a: NEO
|-damage|p1a: NEO|65/100
|move|p1a: NEO|Substitute|p1a: NEO
|-start|p1a: NEO|Substitute
|-damage|p1a: NEO|40/100
|
|-heal|p1a: NEO|46/100|[from] item: Leftovers
|upkeep
|turn|21
|
|t:|1757788685
|move|p2a: Zapdos|Hurricane|p1a: NEO
|-end|p1a: NEO|Substitute
|move|p1a: NEO|Draining Kiss|p2a: Zapdos
|-damage|p2a: Zapdos|66/100
|-heal|p1a: NEO|61/100|[from] drain|[of] p2a: Zapdos
|
|-heal|p1a: NEO|67/100|[from] item: Leftovers
|upkeep
|turn|22
|
|t:|1757788692
|move|p2a: Zapdos|Hurricane|p1a: NEO
|-damage|p1a: NEO|36/100
|-start|p1a: NEO|confusion
|-activate|p1a: NEO|confusion
|move|p1a: NEO|Calm Mind|p1a: NEO
|-boost|p1a: NEO|spa|1
|-boost|p1a: NEO|spd|1
|
|-heal|p1a: NEO|43/100|[from] item: Leftovers
|upkeep
|turn|23
|
|t:|1757788705
|move|p2a: Zapdos|Hurricane|p1a: NEO
|-damage|p1a: NEO|15/100
|-end|p1a: NEO|confusion
|move|p1a: NEO|Substitute|p1a: NEO
|-fail|p1a: NEO|move: Substitute|[weak]
|
|-heal|p1a: NEO|21/100|[from] item: Leftovers
|upkeep
|turn|24
|
|t:|1757788726
|move|p2a: Zapdos|Hurricane|p1a: NEO
|-damage|p1a: NEO|0 fnt
|faint|p1a: NEO
|
|upkeep
|
|t:|1757788730
|switch|p1a: Freedom|Tatsugiri, M|100/100
|turn|25
|
|t:|1757788734
|move|p2a: Zapdos|Hurricane|p1a: Freedom|[miss]
|-miss|p2a: Zapdos|p1a: Freedom
|move|p1a: Freedom|Nasty Plot|p1a: Freedom
|-boost|p1a: Freedom|spa|2
|
|upkeep
|turn|26
|
|t:|1757788739
|move|p2a: Zapdos|Hurricane|p1a: Freedom|[miss]
|-miss|p2a: Zapdos|p1a: Freedom
|move|p1a: Freedom|Rapid Spin|p2a: Zapdos
|-damage|p2a: Zapdos|59/100
|-boost|p1a: Freedom|spe|1
|-status|p1a: Freedom|par|[from] ability: Static|[of] p2a: Zapdos
|
|upkeep
|turn|27
|
|t:|1757788748
|move|p2a: Zapdos|Hurricane|p1a: Freedom
|-damage|p1a: Freedom|0 fnt
|faint|p1a: Freedom
|
|upkeep
|-message|spamtongspamtondr forfeited.
|
|win|jjw12
|raw|spamtongspamtondr's rating: 1156 &rarr; <strong>1133</strong><br />(-23 for losing)
|raw|jjw12's rating: 1188 &rarr; <strong>1211</strong><br />(+23 for winning)
|l|☆spamtongspamtondr
|player|p1|
|l|☆jjw12
|player|p2|
