|j|☆LX1987
|j|☆Ancia
|t:|1757866388
|gametype|singles
|player|p1|LX1987|169|1360
|player|p2|Ancia|169|1296
|gen|9
|tier|[Gen 9] OU
|rated|
|rule|HP Percentage Mod: HP is shown in percentages
|rule|Endless Battle Clause: Forcing endless battles is banned
|rule|Species Clause: Limit one of each Pokémon
|rule|OHKO Clause: OHKO moves are banned
|rule|Evasion Items Clause: Evasion items are banned
|rule|Evasion Moves Clause: Evasion moves are banned
|rule|Evasion Abilities Clause: Evasion abilities are banned
|rule|Sleep Moves Clause: Sleep-inducing moves are banned
|clearpoke
|poke|p1|Drifblim, F|
|poke|p1|Rillaboom, F|
|poke|p1|Tauros-Paldea-Blaze, M|
|poke|p1|Slowking, M|
|poke|p1|Muk-Alola, M|
|poke|p1|Garchomp, F|
|poke|p2|Hatterene, F|
|poke|p2|Ceruledge, F|
|poke|p2|Hydrapple, F|
|poke|p2|Milotic, M|
|poke|p2|Gallade, M|
|poke|p2|Glimmora, F|
|teampreview
|inactive|Battle timer is ON: inactive players will automatically lose when time's up. (requested by LX1987)
|
|t:|1757866402
|teamsize|p1|6
|teamsize|p2|6
|start
|switch|p1a: Garchomp|Garchomp, F|100/100
|switch|p2a: Hatterene|Hatterene, F|100/100
|turn|1
|
|t:|1757866411
|switch|p1a: Muk|Muk-Alola, M|100/100
|move|p2a: Hatterene|Calm Mind|p2a: Hatterene
|-boost|p2a: Hatterene|spa|1
|-boost|p2a: Hatterene|spd|1
|
|upkeep
|turn|2
|
|t:|1757866426
|move|p1a: Muk|Knock Off|p2a: Hatterene
|-damage|p2a: Hatterene|64/100
|-enditem|p2a: Hatterene|Leftovers|[from] move: Knock Off|[of] p1a: Muk
|move|p2a: Hatterene|Draining Kiss|p1a: Muk
|-damage|p1a: Muk|75/100
|-heal|p2a: Hatterene|86/100|[from] drain|[of] p1a: Muk
|
|-heal|p1a: Muk|81/100|[from] item: Black Sludge
|upkeep
|turn|3
|
|t:|1757866437
|switch|p2a: Ceruledge|Ceruledge, F|100/100
|move|p1a: Muk|Knock Off|p2a: Ceruledge
|-supereffective|p2a: Ceruledge
|-enditem|p2a: Ceruledge|Focus Sash
|-damage|p2a: Ceruledge|1/100
|-ability|p2a: Ceruledge|Weak Armor|boost
|-unboost|p2a: Ceruledge|def|1
|-boost|p2a: Ceruledge|spe|2
|-status|p2a: Ceruledge|psn|[from] ability: Poison Touch|[of] p1a: Muk
|
|-heal|p1a: Muk|88/100|[from] item: Black Sludge
|-damage|p2a: Ceruledge|0 fnt|[from] psn
|faint|p2a: Ceruledge
|upkeep
|
|t:|1757866460
|switch|p2a: Glimmora|Glimmora, F|100/100
|turn|4
|
|t:|1757866466
|switch|p1a: Garchomp|Garchomp, F|100/100
|move|p2a: Glimmora|Meteor Beam||[still]
|-prepare|p2a: Glimmora|Meteor Beam
|-boost|p2a: Glimmora|spa|1
|-enditem|p2a: Glimmora|Power Herb
|-anim|p2a: Glimmora|Meteor Beam|p1a: Garchomp
|-resisted|p1a: Garchomp
|-damage|p1a: Garchomp|51/100
|
|upkeep
|turn|5
|
|t:|1757866486
|-terastallize|p2a: Glimmora|Fairy
|move|p1a: Garchomp|Spikes|p2a: Glimmora
|-sidestart|p2: Ancia|Spikes
|move|p2a: Glimmora|Dazzling Gleam|p1a: Garchomp
|-supereffective|p1a: Garchomp
|-damage|p1a: Garchomp|0 fnt
|faint|p1a: Garchomp
|
|upkeep
|
|t:|1757866500
|switch|p1a: Slowking|Slowking, M|100/100
|turn|6
|
|t:|1757866508
|move|p2a: Glimmora|Sludge Wave|p1a: Slowking
|-damage|p1a: Slowking|61/100
|move|p1a: Slowking|Scald|p2a: Glimmora
|-damage|p2a: Glimmora|60/100
|
|upkeep
|turn|7
|
|t:|1757866515
|move|p2a: Glimmora|Dazzling Gleam|p1a: Slowking
|-damage|p1a: Slowking|30/100
|move|p1a: Slowking|Scald|p2a: Glimmora
|-damage|p2a: Glimmora|16/100
|-status|p2a: Glimmora|brn
|
|-damage|p2a: Glimmora|10/100 brn|[from] brn
|upkeep
|turn|8
|
|t:|1757866526
|switch|p1a: Muk|Muk-Alola, M|88/100
|move|p2a: Glimmora|Sludge Wave|p1a: Muk
|-resisted|p1a: Muk
|-damage|p1a: Muk|56/100
|
|-heal|p1a: Muk|63/100|[from] item: Black Sludge
|-damage|p2a: Glimmora|4/100 brn|[from] brn
|upkeep
|turn|9
|
|t:|1757866536
|move|p1a: Muk|Shadow Sneak|p2a: Glimmora
|-damage|p2a: Glimmora|0 fnt
|-activate|p2a: Glimmora|ability: Toxic Debris
|-sidestart|p1: LX1987|move: Toxic Spikes
|faint|p2a: Glimmora
|
|-heal|p1a: Muk|69/100|[from] item: Black Sludge
|upkeep
|
|t:|1757866544
|switch|p2a: Gallade|Gallade, M|100/100
|-damage|p2a: Gallade|88/100|[from] Spikes
|turn|10
|
|t:|1757866549
|switch|p1a: Tauros|Tauros-Paldea-Blaze, M|100/100
|-ability|p1a: Tauros|Intimidate|boost
|-unboost|p2a: Gallade|atk|1
|move|p2a: Gallade|Swords Dance|p2a: Gallade
|-boost|p2a: Gallade|atk|2
|
|upkeep
|turn|11
|inactive|Ancia has 120 seconds left.
|
|t:|1757866585
|move|p1a: Tauros|Will-O-Wisp|p2a: Gallade
|-status|p2a: Gallade|brn
|-enditem|p2a: Gallade|Lum Berry|[eat]
|-curestatus|p2a: Gallade|brn|[msg]
|move|p2a: Gallade|Psycho Cut|p1a: Tauros
|-supereffective|p1a: Tauros
|-damage|p1a: Tauros|0 fnt
|faint|p1a: Tauros
|
|upkeep
|inactive|LX1987 has 120 seconds left.
|
|t:|1757866644
|switch|p1a: Muk|Muk-Alola, M|69/100
|-sideend|p1: LX1987|move: Toxic Spikes|[of] p1a: Muk
|turn|12
|inactive|Ancia has 120 seconds left.
|
|t:|1757866666
|move|p1a: Muk|Shadow Sneak|p2a: Gallade
|-supereffective|p2a: Gallade
|-damage|p2a: Gallade|46/100
|-status|p2a: Gallade|psn|[from] ability: Poison Touch|[of] p1a: Muk
|move|p2a: Gallade|Sacred Sword|p1a: Muk
|-damage|p1a: Muk|0 fnt
|faint|p1a: Muk
|
|-damage|p2a: Gallade|33/100 psn|[from] psn
|upkeep
|
|t:|1757866678
|switch|p1a: Rillaboom|Rillaboom, F|100/100
|-fieldstart|move: Grassy Terrain|[from] ability: Grassy Surge|[of] p1a: Rillaboom
|turn|13
|inactive|Ancia has 120 seconds left.
|
|t:|1757866696
|move|p1a: Rillaboom|Grassy Glide|p2a: Gallade
|-damage|p2a: Gallade|0 fnt
|faint|p2a: Gallade
|
|upkeep
|
|t:|1757866700
|switch|p2a: Hydrapple|Hydrapple, F|100/100
|turn|14
|
|t:|1757866708
|switch|p1a: Slowking|Slowking, M|63/100
|move|p2a: Hydrapple|Nasty Plot|p2a: Hydrapple
|-boost|p2a: Hydrapple|spa|2
|
|-heal|p1a: Slowking|69/100|[from] Grassy Terrain
|upkeep
|turn|15
|inactive|LX1987 has 120 seconds left.
|inactive|Ancia has 120 seconds left.
|
|t:|1757866738
|move|p2a: Hydrapple|Giga Drain|p1a: Slowking
|-supereffective|p1a: Slowking
|-damage|p1a: Slowking|0 fnt
|faint|p1a: Slowking
|
|upkeep
|inactive|LX1987 has 120 seconds left.
|
|t:|1757866745
|switch|p1a: Drifblim|Drifblim, F|100/100
|-enditem|p1a: Drifblim|Grassy Seed
|-boost|p1a: Drifblim|def|1|[from] item: Grassy Seed
|turn|16
|
|t:|1757866756
|move|p1a: Drifblim|Calm Mind|p1a: Drifblim
|-boost|p1a: Drifblim|spa|1
|-boost|p1a: Drifblim|spd|1
|move|p2a: Hydrapple|Fickle Beam|p1a: Drifblim
|-damage|p1a: Drifblim|59/100
|
|upkeep
|turn|17
|
|t:|1757866763
|move|p1a: Drifblim|Calm Mind|p1a: Drifblim
|-boost|p1a: Drifblim|spa|1
|-boost|p1a: Drifblim|spd|1
|move|p2a: Hydrapple|Nasty Plot|p2a: Hydrapple
|-boost|p2a: Hydrapple|spa|2
|
|-fieldend|move: Grassy Terrain
|upkeep
|turn|18
|inactive|Ancia has 120 seconds left.
|
|t:|1757866777
|move|p1a: Drifblim|Shadow Ball|p2a: Hydrapple
|-damage|p2a: Hydrapple|48/100
|-unboost|p2a: Hydrapple|spd|1
|move|p2a: Hydrapple|Fickle Beam|p1a: Drifblim|[anim] Fickle Beam All Out
|-activate|p2a: Hydrapple|move: Fickle Beam
|-damage|p1a: Drifblim|0 fnt
|faint|p1a: Drifblim
|
|upkeep
|
|t:|1757866787
|switch|p1a: Rillaboom|Rillaboom, F|100/100
|-fieldstart|move: Grassy Terrain|[from] ability: Grassy Surge|[of] p1a: Rillaboom
|turn|19
|inactive|Ancia has 120 seconds left.
|
|t:|1757866798
|move|p1a: Rillaboom|U-turn|p2a: Hydrapple
|-supereffective|p2a: Hydrapple
|-damage|p2a: Hydrapple|6/100
|move|p2a: Hydrapple|Fickle Beam|p1a: Rillaboom|[anim] Fickle Beam All Out
|-activate|p2a: Hydrapple|move: Fickle Beam
|-damage|p1a: Rillaboom|0 fnt
|faint|p1a: Rillaboom
|
|win|Ancia
|raw|LX1987's rating: 1360 &rarr; <strong>1337</strong><br />(-23 for losing)
|raw|Ancia's rating: 1307 &rarr; <strong>1330</strong><br />(+23 for winning)
|l|☆Ancia
|player|p2|
|l|☆LX1987
|player|p1|
