|j|☆djgrooves213
|j|☆kikito2009
|t:|1757912144
|gametype|singles
|player|p1|djgrooves213|zinnia|1374
|player|p2|kikito2009|pokemaniac|1307
|gen|9
|tier|[Gen 9] OU
|rated|
|rule|HP Percentage Mod: HP is shown in percentages
|rule|Endless Battle Clause: Forcing endless battles is banned
|rule|Species Clause: Limit one of each Pokémon
|rule|OHKO Clause: OHKO moves are banned
|rule|Evasion Items Clause: Evasion items are banned
|rule|Evasion Moves Clause: Evasion moves are banned
|rule|Evasion Abilities Clause: Evasion abilities are banned
|rule|Sleep Moves Clause: Sleep-inducing moves are banned
|clearpoke
|poke|p1|Iron Crown|
|poke|p1|Samurott-Hisui, M|
|poke|p1|Okidogi, M|
|poke|p1|Great Tusk|
|poke|p1|Hydrapple, M|
|poke|p1|Kingambit, M|
|poke|p2|Ogerpon-Wellspring, F|
|poke|p2|Goodra-Hisui, F|
|poke|p2|Coalossal, F|
|poke|p2|Thundurus-Therian, M|
|poke|p2|Orthworm, F|
|poke|p2|Zoroark-Hisui, F|
|teampreview
|inactive|Battle timer is ON: inactive players will automatically lose when time's up. (requested by kikito2009)
|
|t:|1757912177
|teamsize|p1|6
|teamsize|p2|6
|start
|switch|p1a: Samurott|Samurott-Hisui, M, shiny|100/100
|switch|p2a: Orthworm|Orthworm, F|100/100
|turn|1
|
|t:|1757912182
|move|p1a: Samurott|Knock Off|p2a: Orthworm
|-damage|p2a: Orthworm|77/100
|-enditem|p2a: Orthworm|Leftovers|[from] move: Knock Off|[of] p1a: Samurott
|move|p2a: Orthworm|Stealth Rock|p1a: Samurott
|-sidestart|p1: djgrooves213|move: Stealth Rock
|
|upkeep
|turn|2
|
|t:|1757912189
|move|p1a: Samurott|Ceaseless Edge|p2a: Orthworm
|-damage|p2a: Orthworm|51/100
|-sidestart|p2: kikito2009|Spikes
|move|p2a: Orthworm|Iron Defense|p2a: Orthworm
|-boost|p2a: Orthworm|def|2
|
|upkeep
|turn|3
|
|t:|1757912204
|switch|p1a: Okidogi|Okidogi, M|100/100
|-damage|p1a: Okidogi|94/100|[from] Stealth Rock
|move|p2a: Orthworm|Body Press|p1a: Okidogi
|-resisted|p1a: Okidogi
|-damage|p1a: Okidogi|69/100
|
|-heal|p1a: Okidogi|75/100|[from] item: Leftovers
|upkeep
|turn|4
|
|t:|1757912213
|switch|p2a: Goodra|Goodra-Hisui, F|100/100
|-damage|p2a: Goodra|88/100|[from] Spikes
|move|p1a: Okidogi|Bulk Up|p1a: Okidogi
|-boost|p1a: Okidogi|atk|1
|-boost|p1a: Okidogi|def|1
|
|-heal|p1a: Okidogi|81/100|[from] item: Leftovers
|upkeep
|turn|5
|
|t:|1757912224
|move|p2a: Goodra|Bitter Malice|p1a: Okidogi
|-damage|p1a: Okidogi|44/100
|-unboost|p1a: Okidogi|atk|1
|move|p1a: Okidogi|Drain Punch|p2a: Goodra
|-immune|p2a: Goodra
|
|-heal|p1a: Okidogi|50/100|[from] item: Leftovers
|upkeep
|turn|6
|
|t:|1757912235
|switch|p2a: Goodra|Goodra-Hisui, F|100/100
|-damage|p2a: Goodra|88/100|[from] Spikes
|move|p1a: Okidogi|Knock Off|p2a: Goodra
|-damage|p2a: Goodra|59/100
|-enditem|p2a: Goodra|Assault Vest|[from] move: Knock Off|[of] p1a: Okidogi
|
|-heal|p1a: Okidogi|56/100|[from] item: Leftovers
|upkeep
|turn|7
|
|t:|1757912242
|move|p1a: Okidogi|Drain Punch|p2a: Goodra
|-supereffective|p2a: Goodra
|-damage|p2a: Goodra|0 fnt
|-heal|p1a: Okidogi|86/100|[from] drain|[of] p2a: Goodra
|faint|p2a: Goodra
|
|-heal|p1a: Okidogi|92/100|[from] item: Leftovers
|upkeep
|
|t:|1757912245
|switch|p2a: Coalossal|Coalossal, F|100/100
|turn|8
|
|t:|1757912252
|switch|p1a: Samurott|Samurott-Hisui, M, shiny|100/100
|-damage|p1a: Samurott|88/100|[from] Stealth Rock
|move|p2a: Coalossal|Rapid Spin|p1a: Samurott
|-damage|p1a: Samurott|77/100
|-boost|p2a: Coalossal|spe|1
|-sideend|p2: kikito2009|Spikes|[from] move: Rapid Spin|[of] p2a: Coalossal
|
|upkeep
|turn|9
|
|t:|1757912260
|switch|p2a: Ogerpon|Ogerpon-Wellspring, F|100/100
|move|p1a: Samurott|Razor Shell|p2a: Ogerpon
|-immune|p2a: Ogerpon|[from] ability: Water Absorb
|
|upkeep
|turn|10
|
|t:|1757912265
|switch|p1a: Hydrapple|Hydrapple, M, shiny|100/100
|move|p2a: Ogerpon|Trailblaze|p1a: Hydrapple
|-resisted|p1a: Hydrapple
|-damage|p1a: Hydrapple|95/100
|-boost|p2a: Ogerpon|spe|1
|
|upkeep
|turn|11
|
|t:|1757912271
|move|p2a: Ogerpon|Swords Dance|p2a: Ogerpon
|-boost|p2a: Ogerpon|atk|2
|move|p1a: Hydrapple|Nasty Plot|p1a: Hydrapple
|-boost|p1a: Hydrapple|spa|2
|
|upkeep
|turn|12
|
|t:|1757912277
|move|p2a: Ogerpon|Ivy Cudgel|p1a: Hydrapple|[anim] Ivy Cudgel Water
|-resisted|p1a: Hydrapple
|-damage|p1a: Hydrapple|75/100
|move|p1a: Hydrapple|Draco Meteor|p2a: Ogerpon
|-crit|p2a: Ogerpon
|-damage|p2a: Ogerpon|0 fnt
|-unboost|p1a: Hydrapple|spa|2
|faint|p2a: Ogerpon
|
|upkeep
|
|t:|1757912285
|switch|p2a: Orthworm|Orthworm, F|88/100
|turn|13
|-message|kikito2009 forfeited.
|
|win|djgrooves213
|raw|djgrooves213's rating: 1374 &rarr; <strong>1390</strong><br />(+16 for winning)
|raw|kikito2009's rating: 1307 &rarr; <strong>1291</strong><br />(-16 for losing)
|l|☆kikito2009
|player|p2|
|l|☆djgrooves213
|player|p1|
