|j|☆rishor
|j|☆LovingsBoringPupil
|t:|1757964640
|gametype|singles
|player|p1|rishor|102|1232
|player|p2|LovingsBoringPupil|170|1199
|gen|9
|tier|[Gen 9] OU
|rated|
|rule|HP Percentage Mod: HP is shown in percentages
|rule|Endless Battle Clause: Forcing endless battles is banned
|rule|Species Clause: Limit one of each Pokémon
|rule|OHKO Clause: OHKO moves are banned
|rule|Evasion Items Clause: Evasion items are banned
|rule|Evasion Moves Clause: Evasion moves are banned
|rule|Evasion Abilities Clause: Evasion abilities are banned
|rule|Sleep Moves Clause: Sleep-inducing moves are banned
|clearpoke
|poke|p1|Scizor, M|
|poke|p1|Zapdos|
|poke|p1|Araquanid, F|
|poke|p1|Gliscor, F|
|poke|p1|Iron Moth|
|poke|p1|Rillaboom, F|
|poke|p2|Dondozo, F|
|poke|p2|Blissey, F|
|poke|p2|Corviknight, M|
|poke|p2|Weezing-Galar, F|
|poke|p2|Gliscor, M|
|poke|p2|Toxapex, M|
|teampreview
|inactive|Battle timer is ON: inactive players will automatically lose when time's up. (requested by LovingsBoringPupil)
|c|☆rishor|why
|
|t:|1757964655
|teamsize|p1|6
|teamsize|p2|6
|start
|switch|p1a: Scizor|Scizor, M|100/100
|switch|p2a: Blissey|Blissey, F|100/100
|turn|1
|
|t:|1757964663
|switch|p2a: Corviknight|Corviknight, M|100/100
|-ability|p2a: Corviknight|Pressure
|move|p1a: Scizor|Dual Wingbeat|p2a: Corviknight
|-resisted|p2a: Corviknight
|-damage|p2a: Corviknight|90/100
|-resisted|p2a: Corviknight
|-damage|p2a: Corviknight|80/100
|-hitcount|p2a: Corviknight|2
|
|-heal|p2a: Corviknight|86/100|[from] item: Leftovers
|upkeep
|turn|2
|
|t:|1757964679
|switch|p2a: Blissey|Blissey, F|100/100
|switch|p1a: Zapdos|Zapdos|100/100
|-ability|p1a: Zapdos|Pressure
|
|upkeep
|turn|3
|
|t:|1757964689
|move|p1a: Zapdos|Volt Switch|p2a: Blissey
|-damage|p2a: Blissey|90/100
|
|t:|1757964692
|switch|p1a: Rillaboom|Rillaboom, F|100/100|[from] Volt Switch
|-fieldstart|move: Grassy Terrain|[from] ability: Grassy Surge|[of] p1a: Rillaboom
|move|p2a: Blissey|Calm Mind|p2a: Blissey
|-boost|p2a: Blissey|spa|1
|-boost|p2a: Blissey|spd|1
|
|-heal|p2a: Blissey|96/100|[from] Grassy Terrain
|-heal|p2a: Blissey|100/100|[from] item: Leftovers
|upkeep
|turn|4
|
|t:|1757964708
|switch|p2a: Corviknight|Corviknight, M|86/100
|-ability|p2a: Corviknight|Pressure
|move|p1a: Rillaboom|Wood Hammer|p2a: Corviknight
|-resisted|p2a: Corviknight
|-damage|p2a: Corviknight|72/100
|-damage|p1a: Rillaboom|96/100|[from] Recoil
|
|-heal|p1a: Rillaboom|100/100|[from] Grassy Terrain
|-heal|p2a: Corviknight|78/100|[from] item: Leftovers
|upkeep
|turn|5
|
|t:|1757964722
|move|p1a: Rillaboom|U-turn|p2a: Corviknight
|-resisted|p2a: Corviknight
|-damage|p2a: Corviknight|74/100
|
|t:|1757964726
|switch|p1a: Zapdos|Zapdos|100/100|[from] U-turn
|-ability|p1a: Zapdos|Pressure
|move|p2a: Corviknight|Body Press|p1a: Zapdos
|-resisted|p1a: Zapdos
|-damage|p1a: Zapdos|91/100
|
|-heal|p2a: Corviknight|81/100|[from] item: Leftovers
|upkeep
|turn|6
|
|t:|1757964739
|switch|p2a: Blissey|Blissey, F|100/100
|move|p1a: Zapdos|Volt Switch|p2a: Blissey
|-damage|p2a: Blissey|90/100
|
|t:|1757964744
|switch|p1a: Gliscor|Gliscor, F|100/100|[from] Volt Switch
|
|-heal|p2a: Blissey|97/100|[from] Grassy Terrain
|-heal|p2a: Blissey|100/100|[from] item: Leftovers
|-status|p1a: Gliscor|tox|[from] item: Toxic Orb
|upkeep
|turn|7
|
|t:|1757964754
|move|p1a: Gliscor|Taunt|p2a: Blissey
|-start|p2a: Blissey|move: Taunt
|cant|p2a: Blissey|move: Taunt|Stealth Rock
|
|-fieldend|move: Grassy Terrain
|upkeep
|turn|8
|
|t:|1757964764
|move|p1a: Gliscor|Spikes|p2a: Blissey
|-sidestart|p2: LovingsBoringPupil|Spikes
|move|p2a: Blissey|Seismic Toss|p1a: Gliscor
|-damage|p1a: Gliscor|72/100 tox
|
|-heal|p1a: Gliscor|85/100 tox|[from] ability: Poison Heal
|upkeep
|turn|9
|
|t:|1757964772
|switch|p2a: Corviknight|Corviknight, M|81/100
|-ability|p2a: Corviknight|Pressure
|move|p1a: Gliscor|Spikes|p2a: Corviknight
|-sidestart|p2: LovingsBoringPupil|Spikes
|
|-heal|p2a: Corviknight|87/100|[from] item: Leftovers
|-heal|p1a: Gliscor|97/100 tox|[from] ability: Poison Heal
|upkeep
|turn|10
|
|t:|1757964784
|move|p1a: Gliscor|Taunt|p2a: Corviknight
|-start|p2a: Corviknight|move: Taunt
|cant|p2a: Corviknight|move: Taunt|Defog
|
|-heal|p2a: Corviknight|93/100|[from] item: Leftovers
|-heal|p1a: Gliscor|100/100 tox|[from] ability: Poison Heal
|upkeep
|turn|11
|
|t:|1757964793
|switch|p1a: Iron Moth|Iron Moth|100/100
|-enditem|p1a: Iron Moth|Booster Energy
|-activate|p1a: Iron Moth|ability: Quark Drive|[fromitem]
|-start|p1a: Iron Moth|quarkdrivespa
|move|p2a: Corviknight|Body Press|p1a: Iron Moth
|-resisted|p1a: Iron Moth
|-crit|p1a: Iron Moth
|-damage|p1a: Iron Moth|68/100
|
|-heal|p2a: Corviknight|99/100|[from] item: Leftovers
|upkeep
|turn|12
|
|t:|1757964805
|switch|p2a: Blissey|Blissey, F|100/100
|-damage|p2a: Blissey|84/100|[from] Spikes
|move|p1a: Iron Moth|Fiery Dance|p2a: Blissey
|-damage|p2a: Blissey|65/100
|
|-heal|p2a: Blissey|71/100|[from] item: Leftovers
|upkeep
|turn|13
|
|t:|1757964818
|move|p1a: Iron Moth|Fiery Dance|p2a: Blissey
|-damage|p2a: Blissey|52/100
|move|p2a: Blissey|Stealth Rock|p1a: Iron Moth
|-sidestart|p1: rishor|move: Stealth Rock
|
|-heal|p2a: Blissey|59/100|[from] item: Leftovers
|upkeep
|turn|14
|
|t:|1757964827
|move|p1a: Iron Moth|Fiery Dance|p2a: Blissey
|-damage|p2a: Blissey|41/100
|-boost|p1a: Iron Moth|spa|1
|move|p2a: Blissey|Soft-Boiled|p2a: Blissey
|-heal|p2a: Blissey|91/100
|
|-heal|p2a: Blissey|98/100|[from] item: Leftovers
|upkeep
|turn|15
|
|t:|1757964837
|move|p1a: Iron Moth|Fiery Dance|p2a: Blissey
|-damage|p2a: Blissey|73/100
|move|p2a: Blissey|Seismic Toss|p1a: Iron Moth
|-damage|p1a: Iron Moth|34/100
|
|-heal|p2a: Blissey|79/100|[from] item: Leftovers
|upkeep
|turn|16
|
|t:|1757964846
|-end|p1a: Iron Moth|Quark Drive|[silent]
|switch|p1a: Scizor|Scizor, M|100/100
|-damage|p1a: Scizor|88/100|[from] Stealth Rock
|move|p2a: Blissey|Seismic Toss|p1a: Scizor
|-damage|p1a: Scizor|59/100
|
|-heal|p2a: Blissey|85/100|[from] item: Leftovers
|upkeep
|turn|17
|
|t:|1757964855
|switch|p2a: Corviknight|Corviknight, M|99/100
|-ability|p2a: Corviknight|Pressure
|move|p1a: Scizor|Knock Off|p2a: Corviknight
|-damage|p2a: Corviknight|63/100
|-enditem|p2a: Corviknight|Leftovers|[from] move: Knock Off|[of] p1a: Scizor
|
|upkeep
|turn|18
|
|t:|1757964867
|switch|p1a: Zapdos|Zapdos|91/100
|-ability|p1a: Zapdos|Pressure
|move|p2a: Corviknight|Roost|p2a: Corviknight
|-heal|p2a: Corviknight|100/100
|-singleturn|p2a: Corviknight|move: Roost
|
|upkeep
|turn|19
|
|t:|1757964877
|switch|p2a: Toxapex|Toxapex, M|100/100
|-damage|p2a: Toxapex|84/100|[from] Spikes
|move|p1a: Zapdos|Thunder Wave|p2a: Toxapex
|-status|p2a: Toxapex|par
|
|-heal|p2a: Toxapex|90/100 par|[from] item: Leftovers
|upkeep
|turn|20
|
|t:|1757964890
|move|p1a: Zapdos|Volt Switch|p2a: Toxapex
|-supereffective|p2a: Toxapex
|-damage|p2a: Toxapex|49/100 par
|
|t:|1757964896
|switch|p1a: Gliscor|Gliscor, F|100/100 tox|[from] Volt Switch
|-damage|p1a: Gliscor|88/100 tox|[from] Stealth Rock
|move|p2a: Toxapex|Toxic|p1a: Gliscor
|-fail|p1a: Gliscor|tox
|
|-heal|p2a: Toxapex|55/100 par|[from] item: Leftovers
|-heal|p1a: Gliscor|100/100 tox|[from] ability: Poison Heal
|upkeep
|turn|21
|
|t:|1757964908
|switch|p2a: Corviknight|Corviknight, M|100/100
|-ability|p2a: Corviknight|Pressure
|move|p1a: Gliscor|Earthquake|p2a: Corviknight
|-immune|p2a: Corviknight
|
|upkeep
|turn|22
|
|t:|1757964916
|move|p1a: Gliscor|Taunt|p2a: Corviknight
|-start|p2a: Corviknight|move: Taunt
|cant|p2a: Corviknight|move: Taunt|Iron Defense
|
|upkeep
|turn|23
|
|t:|1757964923
|move|p1a: Gliscor|Spikes|p2a: Corviknight
|-sidestart|p2: LovingsBoringPupil|Spikes
|move|p2a: Corviknight|Body Press|p1a: Gliscor
|-resisted|p1a: Gliscor
|-damage|p1a: Gliscor|93/100 tox
|
|-heal|p1a: Gliscor|100/100 tox|[from] ability: Poison Heal
|upkeep
|turn|24
|
|t:|1757964939
|switch|p2a: Weezing|Weezing-Galar, F|100/100
|-ability|p2a: Weezing|Neutralizing Gas
|move|p1a: Gliscor|Earthquake|p2a: Weezing
|-supereffective|p2a: Weezing
|-damage|p2a: Weezing|59/100
|
|-damage|p1a: Gliscor|69/100 tox|[from] psn
|upkeep
|turn|25
|
|t:|1757964952
|move|p1a: Gliscor|Earthquake|p2a: Weezing
|-supereffective|p2a: Weezing
|-damage|p2a: Weezing|15/100
|move|p2a: Weezing|Strange Steam|p1a: Gliscor
|-damage|p1a: Gliscor|34/100 tox
|
|-damage|p1a: Gliscor|0 fnt|[from] psn
|faint|p1a: Gliscor
|upkeep
|
|t:|1757964960
|switch|p1a: Zapdos|Zapdos|91/100
|turn|26
|
|t:|1757964967
|-end|p2a: Weezing|ability: Neutralizing Gas
|-ability|p1a: Zapdos|Pressure
|switch|p2a: Gliscor|Gliscor, M|100/100
|move|p1a: Zapdos|Volt Switch|p2a: Gliscor
|-immune|p2a: Gliscor
|
|-status|p2a: Gliscor|tox|[from] item: Toxic Orb
|upkeep
|turn|27
|
|t:|1757964980
|switch|p1a: Araquanid|Araquanid, F|100/100
|-damage|p1a: Araquanid|75/100|[from] Stealth Rock
|move|p2a: Gliscor|Spikes|p1a: Araquanid
|-sidestart|p1: rishor|Spikes
|
|-heal|p1a: Araquanid|82/100|[from] item: Leftovers
|upkeep
|turn|28
|
|t:|1757964995
|-terastallize|p2a: Gliscor|Water
|move|p2a: Gliscor|Spikes|p1a: Araquanid
|-sidestart|p1: rishor|Spikes
|move|p1a: Araquanid|Sticky Web|p2a: Gliscor
|-sidestart|p2: LovingsBoringPupil|move: Sticky Web
|
|-heal|p1a: Araquanid|88/100|[from] item: Leftovers
|upkeep
|turn|29
|
|t:|1757965004
|move|p2a: Gliscor|Spikes|p1a: Araquanid
|-sidestart|p1: rishor|Spikes
|move|p1a: Araquanid|Leech Life|p2a: Gliscor
|-damage|p2a: Gliscor|85/100 tox
|-heal|p1a: Araquanid|96/100|[from] drain|[of] p2a: Gliscor
|
|-heal|p1a: Araquanid|100/100|[from] item: Leftovers
|-heal|p2a: Gliscor|97/100 tox|[from] ability: Poison Heal
|upkeep
|turn|30
|
|t:|1757965019
|switch|p1a: Rillaboom|Rillaboom, F|100/100
|-damage|p1a: Rillaboom|88/100|[from] Stealth Rock
|-damage|p1a: Rillaboom|63/100|[from] Spikes
|-fieldstart|move: Grassy Terrain|[from] ability: Grassy Surge|[of] p1a: Rillaboom
|move|p2a: Gliscor|Knock Off|p1a: Rillaboom
|-damage|p1a: Rillaboom|44/100
|-enditem|p1a: Rillaboom|Assault Vest|[from] move: Knock Off|[of] p2a: Gliscor
|
|-heal|p2a: Gliscor|100/100 tox|[from] Grassy Terrain
|-heal|p1a: Rillaboom|50/100|[from] Grassy Terrain
|upkeep
|turn|31
|
|t:|1757965033
|switch|p2a: Corviknight|Corviknight, M|100/100
|-ability|p2a: Corviknight|Pressure
|move|p1a: Rillaboom|Wood Hammer|p2a: Corviknight
|-resisted|p2a: Corviknight
|-damage|p2a: Corviknight|88/100
|-damage|p1a: Rillaboom|46/100|[from] Recoil
|
|-heal|p1a: Rillaboom|52/100|[from] Grassy Terrain
|upkeep
|turn|32
|
|t:|1757965046
|move|p1a: Rillaboom|U-turn|p2a: Corviknight
|-resisted|p2a: Corviknight
|-damage|p2a: Corviknight|84/100
|-message|rishor forfeited.
|
|win|LovingsBoringPupil
|raw|rishor's rating: 1232 &rarr; <strong>1205</strong><br />(-27 for losing)
|raw|LovingsBoringPupil's rating: 1199 &rarr; <strong>1226</strong><br />(+27 for winning)
|l|☆rishor
|player|p1|
