|j|☆dbcool
|j|☆humunitzy
|t:|1757823556
|gametype|singles
|player|p1|dbcool|dahlia|1440
|player|p2|humunitzy|gentleman|1380
|gen|9
|tier|[Gen 9] OU
|rated|
|rule|HP Percentage Mod: HP is shown in percentages
|rule|Endless Battle Clause: Forcing endless battles is banned
|rule|Species Clause: Limit one of each Pokémon
|rule|OHKO Clause: OHKO moves are banned
|rule|Evasion Items Clause: Evasion items are banned
|rule|Evasion Moves Clause: Evasion moves are banned
|rule|Evasion Abilities Clause: Evasion abilities are banned
|rule|Sleep Moves Clause: Sleep-inducing moves are banned
|clearpoke
|poke|p1|Garchomp, M|
|poke|p1|Kingambit, F|
|poke|p1|Tornadus-Therian, M|
|poke|p1|Hoopa-Unbound|
|poke|p1|Iron Treads|
|poke|p1|Iron Valiant|
|poke|p2|Deoxys-Speed|
|poke|p2|Zamazenta-*|
|poke|p2|Pecharunt|
|poke|p2|Gliscor, M|
|poke|p2|Cinderace, M|
|poke|p2|Samurott-Hisui, F|
|teampreview
|
|t:|1757823620
|teamsize|p1|6
|teamsize|p2|6
|start
|switch|p1a: Garchomp|Garchomp, M, shiny|100/100
|switch|p2a: Deoxys|Deoxys-Speed|100/100
|-ability|p2a: Deoxys|Pressure
|turn|1
|inactive|Battle timer is ON: inactive players will automatically lose when time's up. (requested by dbcool)
|
|t:|1757823640
|switch|p2a: Gliscor|Gliscor, M|100/100
|move|p1a: Garchomp|Earthquake|p2a: Gliscor
|-immune|p2a: Gliscor
|
|-status|p2a: Gliscor|tox|[from] item: Toxic Orb
|upkeep
|turn|2
|
|t:|1757823654
|move|p1a: Garchomp|Surf|p2a: Gliscor
|-supereffective|p2a: Gliscor
|-damage|p2a: Gliscor|52/100 tox
|-damage|p1a: Garchomp|91/100|[from] item: Life Orb
|move|p2a: Gliscor|Stealth Rock|p1a: Garchomp
|-sidestart|p1: dbcool|move: Stealth Rock
|
|-heal|p2a: Gliscor|64/100 tox|[from] ability: Poison Heal
|upkeep
|turn|3
|
|t:|1757823667
|switch|p1a: Tornadus|Tornadus-Therian, M, shiny|100/100
|move|p2a: Gliscor|Protect||[still]
|-fail|p2a: Gliscor
|
|-heal|p2a: Gliscor|77/100 tox|[from] ability: Poison Heal
|upkeep
|turn|4
|
|t:|1757823684
|move|p1a: Tornadus|U-turn|p2a: Gliscor
|-resisted|p2a: Gliscor
|-damage|p2a: Gliscor|71/100 tox
|
|t:|1757823692
|switch|p1a: Hoopa|Hoopa-Unbound|100/100|[from] U-turn
|-damage|p1a: Hoopa|88/100|[from] Stealth Rock
|move|p2a: Gliscor|Knock Off|p1a: Hoopa
|-damage|p1a: Hoopa|64/100
|-enditem|p1a: Hoopa|Assault Vest|[from] move: Knock Off|[of] p2a: Gliscor
|
|-heal|p2a: Gliscor|83/100 tox|[from] ability: Poison Heal
|upkeep
|turn|5
|
|t:|1757823711
|move|p2a: Gliscor|Protect|p2a: Gliscor
|-singleturn|p2a: Gliscor|Protect
|move|p1a: Hoopa|Psychic Noise|p2a: Gliscor
|-activate|p2a: Gliscor|move: Protect
|
|-heal|p2a: Gliscor|96/100 tox|[from] ability: Poison Heal
|upkeep
|turn|6
|
|t:|1757823726
|move|p2a: Gliscor|Toxic|p1a: Hoopa
|-status|p1a: Hoopa|tox
|move|p1a: Hoopa|Drain Punch|p2a: Gliscor
|-resisted|p2a: Gliscor
|-damage|p2a: Gliscor|86/100 tox
|-heal|p1a: Hoopa|69/100 tox|[from] drain|[of] p2a: Gliscor
|-item|p1a: Hoopa|Toxic Orb|[from] ability: Magician|[of] p2a: Gliscor
|
|-heal|p2a: Gliscor|98/100 tox|[from] ability: Poison Heal
|-damage|p1a: Hoopa|63/100 tox|[from] psn
|upkeep
|turn|7
|
|t:|1757823743
|move|p2a: Gliscor|Knock Off|p1a: Hoopa
|-damage|p1a: Hoopa|38/100 tox
|-enditem|p1a: Hoopa|Toxic Orb|[from] move: Knock Off|[of] p2a: Gliscor
|move|p1a: Hoopa|Drain Punch|p2a: Gliscor
|-resisted|p2a: Gliscor
|-damage|p2a: Gliscor|88/100 tox
|-heal|p1a: Hoopa|43/100 tox|[from] drain|[of] p2a: Gliscor
|
|-heal|p2a: Gliscor|99/100 tox|[from] ability: Poison Heal
|-damage|p1a: Hoopa|31/100 tox|[from] psn
|upkeep
|turn|8
|
|t:|1757823761
|move|p2a: Gliscor|Knock Off|p1a: Hoopa
|-damage|p1a: Hoopa|16/100 tox
|move|p1a: Hoopa|Psychic Noise|p2a: Gliscor
|-damage|p2a: Gliscor|54/100 tox
|-start|p2a: Gliscor|move: Heal Block
|
|-damage|p1a: Hoopa|0 fnt|[from] psn
|faint|p1a: Hoopa
|upkeep
|
|t:|1757823776
|switch|p1a: Iron Treads|Iron Treads, shiny|100/100
|-damage|p1a: Iron Treads|97/100|[from] Stealth Rock
|-enditem|p1a: Iron Treads|Booster Energy
|-activate|p1a: Iron Treads|ability: Quark Drive|[fromitem]
|-start|p1a: Iron Treads|quarkdrivespe
|turn|9
|
|t:|1757823787
|move|p1a: Iron Treads|Stealth Rock|p2a: Gliscor
|-sidestart|p2: humunitzy|move: Stealth Rock
|move|p2a: Gliscor|Knock Off|p1a: Iron Treads
|-damage|p1a: Iron Treads|85/100
|
|-end|p2a: Gliscor|move: Heal Block
|upkeep
|turn|10
|
|t:|1757823799
|switch|p2a: Zamazenta|Zamazenta|100/100
|-damage|p2a: Zamazenta|94/100|[from] Stealth Rock
|-ability|p2a: Zamazenta|Dauntless Shield|boost
|-boost|p2a: Zamazenta|def|1
|move|p1a: Iron Treads|Rapid Spin|p2a: Zamazenta
|-damage|p2a: Zamazenta|89/100
|-boost|p1a: Iron Treads|spe|1
|-sideend|p1: dbcool|Stealth Rock|[from] move: Rapid Spin|[of] p1a: Iron Treads
|
|-heal|p2a: Zamazenta|95/100|[from] item: Leftovers
|upkeep
|turn|11
|
|t:|1757823825
|-terastallize|p1a: Iron Treads|Ghost
|move|p1a: Iron Treads|Earth Power|p2a: Zamazenta
|-damage|p2a: Zamazenta|65/100
|move|p2a: Zamazenta|Iron Defense|p2a: Zamazenta
|-boost|p2a: Zamazenta|def|2
|
|-heal|p2a: Zamazenta|71/100|[from] item: Leftovers
|upkeep
|turn|12
|inactive|humunitzy has 120 seconds left.
|
|t:|1757823850
|move|p1a: Iron Treads|Earth Power|p2a: Zamazenta
|-damage|p2a: Zamazenta|42/100
|move|p2a: Zamazenta|Body Press|p1a: Iron Treads
|-immune|p1a: Iron Treads
|
|-heal|p2a: Zamazenta|48/100|[from] item: Leftovers
|upkeep
|turn|13
|inactive|humunitzy has 120 seconds left.
|inactive|dbcool has 120 seconds left.
|
|t:|1757823865
|move|p1a: Iron Treads|Steel Beam|p2a: Zamazenta
|-damage|p2a: Zamazenta|0 fnt
|-damage|p1a: Iron Treads|34/100|[from] steelbeam
|faint|p2a: Zamazenta
|
|upkeep
|inactive|humunitzy has 120 seconds left.
|
|t:|1757823874
|switch|p2a: Samurott|Samurott-Hisui, F|100/100
|-damage|p2a: Samurott|88/100|[from] Stealth Rock
|turn|14
|
|t:|1757823883
|-end|p1a: Iron Treads|Quark Drive|[silent]
|switch|p1a: Garchomp|Garchomp, M, shiny|91/100
|move|p2a: Samurott|Knock Off|p1a: Garchomp
|-damage|p1a: Garchomp|48/100
|-damage|p2a: Samurott|76/100|[from] ability: Rough Skin|[of] p1a: Garchomp
|-enditem|p1a: Garchomp|Life Orb|[from] move: Knock Off|[of] p2a: Samurott
|
|upkeep
|turn|15
|inactive|humunitzy has 120 seconds left.
|
|t:|1757823902
|switch|p2a: Gliscor|Gliscor, M|54/100 tox
|-damage|p2a: Gliscor|42/100 tox|[from] Stealth Rock
|move|p1a: Garchomp|Earthquake|p2a: Gliscor
|-immune|p2a: Gliscor
|
|-heal|p2a: Gliscor|54/100 tox|[from] ability: Poison Heal
|upkeep
|turn|16
|inactive|humunitzy has 120 seconds left.
|
|t:|1757823921
|move|p2a: Gliscor|Protect|p2a: Gliscor
|-singleturn|p2a: Gliscor|Protect
|move|p1a: Garchomp|Surf|p2a: Gliscor
|-activate|p2a: Gliscor|move: Protect
|
|-heal|p2a: Gliscor|67/100 tox|[from] ability: Poison Heal
|upkeep
|turn|17
|inactive|humunitzy has 120 seconds left.
|
|t:|1757823940
|move|p1a: Garchomp|Surf|p2a: Gliscor
|-supereffective|p2a: Gliscor
|-crit|p2a: Gliscor
|-damage|p2a: Gliscor|6/100 tox
|move|p2a: Gliscor|Toxic|p1a: Garchomp
|-status|p1a: Garchomp|tox
|
|-damage|p1a: Garchomp|42/100 tox|[from] psn
|-heal|p2a: Gliscor|18/100 tox|[from] ability: Poison Heal
|upkeep
|turn|18
|
|t:|1757823954
|move|p2a: Gliscor|Protect|p2a: Gliscor
|-singleturn|p2a: Gliscor|Protect
|move|p1a: Garchomp|Surf|p2a: Gliscor
|-activate|p2a: Gliscor|move: Protect
|
|-damage|p1a: Garchomp|30/100 tox|[from] psn
|-heal|p2a: Gliscor|31/100 tox|[from] ability: Poison Heal
|upkeep
|turn|19
|
|t:|1757823970
|switch|p2a: Samurott|Samurott-Hisui, F|76/100
|-damage|p2a: Samurott|64/100|[from] Stealth Rock
|move|p1a: Garchomp|Surf|p2a: Samurott
|-resisted|p2a: Samurott
|-damage|p2a: Samurott|56/100
|
|-damage|p1a: Garchomp|11/100 tox|[from] psn
|upkeep
|turn|20
|
|t:|1757823983
|move|p2a: Samurott|Sucker Punch|p1a: Garchomp
|-damage|p1a: Garchomp|0 fnt
|-damage|p2a: Samurott|44/100|[from] ability: Rough Skin|[of] p1a: Garchomp
|faint|p1a: Garchomp
|
|upkeep
|
|t:|1757823992
|switch|p1a: Tornadus|Tornadus-Therian, M, shiny|100/100
|turn|21
|
|t:|1757824006
|move|p2a: Samurott|Sucker Punch|p1a: Tornadus
|-damage|p1a: Tornadus|65/100
|move|p1a: Tornadus|Bleakwind Storm|p2a: Samurott
|-damage|p2a: Samurott|18/100
|
|upkeep
|turn|22
|
|t:|1757824019
|move|p2a: Samurott|Sucker Punch|p1a: Tornadus
|-damage|p1a: Tornadus|31/100
|move|p1a: Tornadus|U-turn|p2a: Samurott
|-supereffective|p2a: Samurott
|-damage|p2a: Samurott|0 fnt
|faint|p2a: Samurott
|
|t:|1757824040
|switch|p1a: Kingambit|Kingambit, F, shiny|100/100|[from] U-turn
|-activate|p1a: Kingambit|ability: Supreme Overlord
|-start|p1a: Kingambit|fallen2|[silent]
|
|upkeep
|
|t:|1757824066
|switch|p2a: Cinderace|Cinderace, M|100/100
|turn|23
|inactive|humunitzy has 90 seconds left.
|
|t:|1757824081
|-end|p1a: Kingambit|fallen2|[silent]
|switch|p1a: Tornadus|Tornadus-Therian, M, shiny|65/100
|-terastallize|p2a: Cinderace|Fire
|move|p2a: Cinderace|Pyro Ball|p1a: Tornadus
|-damage|p1a: Tornadus|0 fnt
|faint|p1a: Tornadus
|
|upkeep
|
|t:|1757824099
|switch|p1a: Iron Valiant|Iron Valiant, shiny|100/100
|-enditem|p1a: Iron Valiant|Booster Energy
|-activate|p1a: Iron Valiant|ability: Quark Drive|[fromitem]
|-start|p1a: Iron Valiant|quarkdrivespe
|turn|24
|inactive|humunitzy has 90 seconds left.
|
|t:|1757824120
|move|p1a: Iron Valiant|Shadow Ball|p2a: Cinderace
|-damage|p2a: Cinderace|70/100
|-unboost|p2a: Cinderace|spd|1
|move|p2a: Cinderace|Pyro Ball|p1a: Iron Valiant
|-damage|p1a: Iron Valiant|21/100
|
|upkeep
|turn|25
|inactive|humunitzy has 90 seconds left.
|
|t:|1757824133
|move|p1a: Iron Valiant|Shadow Ball|p2a: Cinderace
|-damage|p2a: Cinderace|19/100
|move|p2a: Cinderace|Pyro Ball|p1a: Iron Valiant
|-damage|p1a: Iron Valiant|0 fnt
|faint|p1a: Iron Valiant
|-end|p1a: Iron Valiant|Quark Drive|[silent]
|
|upkeep
|
|t:|1757824140
|switch|p1a: Kingambit|Kingambit, F, shiny|100/100
|-activate|p1a: Kingambit|ability: Supreme Overlord
|-start|p1a: Kingambit|fallen4|[silent]
|turn|26
|
|t:|1757824149
|move|p1a: Kingambit|Sucker Punch||[still]
|-fail|p1a: Kingambit
|move|p2a: Cinderace|Will-O-Wisp|p1a: Kingambit
|-status|p1a: Kingambit|brn
|
|-damage|p1a: Kingambit|94/100 brn|[from] brn
|upkeep
|turn|27
|
|t:|1757824159
|move|p2a: Cinderace|Court Change|p2a: Cinderace
|-swapsideconditions
|-activate|p2a: Cinderace|move: Court Change
|move|p1a: Kingambit|Swords Dance|p1a: Kingambit
|-boost|p1a: Kingambit|atk|2
|
|-damage|p1a: Kingambit|88/100 brn|[from] brn
|upkeep
|turn|28
|
|t:|1757824173
|move|p1a: Kingambit|Sucker Punch|p2a: Cinderace
|-damage|p2a: Cinderace|0 fnt
|faint|p2a: Cinderace
|
|-damage|p1a: Kingambit|82/100 brn|[from] brn
|upkeep
|
|t:|1757824187
|switch|p2a: Pecharunt|Pecharunt|100/100
|turn|29
|
|t:|1757824195
|move|p2a: Pecharunt|Parting Shot|p1a: Kingambit
|-unboost|p1a: Kingambit|atk|1
|-unboost|p1a: Kingambit|spa|1
|
|t:|1757824203
|switch|p2a: Gliscor|Gliscor, M|31/100 tox|[from] Parting Shot
|move|p1a: Kingambit|Swords Dance|p1a: Kingambit
|-boost|p1a: Kingambit|atk|2
|
|-heal|p2a: Gliscor|43/100 tox|[from] ability: Poison Heal
|-damage|p1a: Kingambit|76/100 brn|[from] brn
|upkeep
|turn|30
|
|t:|1757824223
|move|p2a: Gliscor|Protect|p2a: Gliscor
|-singleturn|p2a: Gliscor|Protect
|move|p1a: Kingambit|Swords Dance|p1a: Kingambit
|-boost|p1a: Kingambit|atk|2
|
|-heal|p2a: Gliscor|56/100 tox|[from] ability: Poison Heal
|-damage|p1a: Kingambit|70/100 brn|[from] brn
|upkeep
|turn|31
|
|t:|1757824237
|move|p2a: Gliscor|Knock Off|p1a: Kingambit
|-resisted|p1a: Kingambit
|-damage|p1a: Kingambit|60/100 brn
|-enditem|p1a: Kingambit|Black Glasses|[from] move: Knock Off|[of] p2a: Gliscor
|move|p1a: Kingambit|Kowtow Cleave|p2a: Gliscor
|-damage|p2a: Gliscor|0 fnt
|faint|p2a: Gliscor
|
|-damage|p1a: Kingambit|54/100 brn|[from] brn
|upkeep
|inactive|humunitzy has 90 seconds left.
|
|t:|1757824254
|switch|p2a: Pecharunt|Pecharunt|100/100
|turn|32
|inactive|humunitzy has 90 seconds left.
|
|t:|1757824265
|move|p2a: Pecharunt|Shadow Ball|p1a: Kingambit
|-resisted|p1a: Kingambit
|-damage|p1a: Kingambit|40/100 brn
|move|p1a: Kingambit|Swords Dance|p1a: Kingambit
|-boost|p1a: Kingambit|atk|1
|
|-damage|p1a: Kingambit|34/100 brn|[from] brn
|upkeep
|turn|33
|inactive|humunitzy has 90 seconds left.
|
|t:|1757824283
|move|p2a: Pecharunt|Shadow Ball|p1a: Kingambit
|-resisted|p1a: Kingambit
|-damage|p1a: Kingambit|18/100 brn
|move|p1a: Kingambit|Kowtow Cleave|p2a: Pecharunt
|-supereffective|p2a: Pecharunt
|-damage|p2a: Pecharunt|0 fnt
|faint|p2a: Pecharunt
|
|-damage|p1a: Kingambit|12/100 brn|[from] brn
|upkeep
|
|t:|1757824292
|switch|p2a: Deoxys|Deoxys-Speed|100/100
|-ability|p2a: Deoxys|Pressure
|turn|34
|inactive|humunitzy has 90 seconds left.
|
|t:|1757824303
|move|p2a: Deoxys|Cosmic Power|p2a: Deoxys
|-boost|p2a: Deoxys|def|1
|-boost|p2a: Deoxys|spd|1
|move|p1a: Kingambit|Kowtow Cleave|p2a: Deoxys
|-supereffective|p2a: Deoxys
|-damage|p2a: Deoxys|0 fnt
|faint|p2a: Deoxys
|
|win|dbcool
|raw|dbcool's rating: 1440 &rarr; <strong>1457</strong><br />(+17 for winning)
|raw|humunitzy's rating: 1380 &rarr; <strong>1363</strong><br />(-17 for losing)
|c|☆dbcool|goobed
|c|☆humunitzy|GG
|c|☆dbcool|gG
|l|☆humunitzy
|player|p2|
