|j|☆ay cheu
|j|☆NEZK025
|t:|1757950664
|gametype|singles
|player|p1|ay cheu|riley|1468
|player|p2|NEZK025|nate|1528
|gen|9
|tier|[Gen 9] OU
|rated|
|rule|HP Percentage Mod: HP is shown in percentages
|rule|Endless Battle Clause: Forcing endless battles is banned
|rule|Species Clause: Limit one of each Pokémon
|rule|OHKO Clause: OHKO moves are banned
|rule|Evasion Items Clause: Evasion items are banned
|rule|Evasion Moves Clause: Evasion moves are banned
|rule|Evasion Abilities Clause: Evasion abilities are banned
|rule|Sleep Moves Clause: Sleep-inducing moves are banned
|clearpoke
|poke|p1|Arcanine-Hisui, M|
|poke|p1|Snorlax, M|
|poke|p1|Zoroark, M|
|poke|p1|Chesnaught, M|
|poke|p1|Gliscor, M|
|poke|p1|Fezandipiti, M|
|poke|p2|Landorus-Therian, M|
|poke|p2|Samurott-Hisui, F|
|poke|p2|Pecharunt|
|poke|p2|Scizor, M|
|poke|p2|Latios, M|
|poke|p2|Zamazenta-*|
|teampreview
|
|t:|1757950670
|teamsize|p1|6
|teamsize|p2|6
|start
|switch|p1a: Chesnaught|Chesnaught, M|100/100
|switch|p2a: Samurott|Samurott-Hisui, F|100/100
|turn|1
|inactive|Battle timer is ON: inactive players will automatically lose when time's up. (requested by ay cheu)
|
|t:|1757950679
|move|p1a: Chesnaught|U-turn|p2a: Samurott
|-supereffective|p2a: Samurott
|-damage|p2a: Samurott|62/100
|
|t:|1757950682
|switch|p1a: Chesnaught|Chesnaught, M|100/100|[from] U-turn
|move|p2a: Samurott|Ceaseless Edge|p1a: Chesnaught
|-resisted|p1a: Chesnaught
|-damage|p1a: Chesnaught|88/100
|-damage|p2a: Samurott|46/100|[from] item: Rocky Helmet|[of] p1a: Chesnaught
|-sidestart|p1: ay cheu|Spikes
|
|upkeep
|turn|2
|
|t:|1757950694
|switch|p2a: Pecharunt|Pecharunt|100/100
|move|p1a: Chesnaught|Spikes|p2a: Pecharunt
|-sidestart|p2: NEZK025|Spikes
|
|upkeep
|turn|3
|
|t:|1757950706
|switch|p1a: Gliscor|Gliscor, M|100/100
|move|p2a: Pecharunt|Parting Shot|p1a: Gliscor
|-unboost|p1a: Gliscor|atk|1
|-unboost|p1a: Gliscor|spa|1
|
|t:|1757950716
|switch|p2a: Latios|Latios, M|100/100|[from] Parting Shot
|
|-status|p1a: Gliscor|tox|[from] item: Toxic Orb
|upkeep
|turn|4
|
|t:|1757950723
|switch|p1a: 阿肥|Snorlax, M|100/100
|-damage|p1a: 阿肥|88/100|[from] Spikes
|-terastallize|p2a: Latios|Steel
|move|p2a: Latios|Calm Mind|p2a: Latios
|-boost|p2a: Latios|spa|1
|-boost|p2a: Latios|spd|1
|
|upkeep
|turn|5
|
|t:|1757950730
|move|p2a: Latios|Psychic Noise|p1a: 阿肥
|-crit|p1a: 阿肥
|-damage|p1a: 阿肥|50/100
|-start|p1a: 阿肥|move: Heal Block
|move|p1a: 阿肥|Heat Crash|p2a: Latios
|-supereffective|p2a: Latios
|-damage|p2a: Latios|19/100
|
|upkeep
|turn|6
|
|t:|1757950741
|move|p2a: Latios|Draco Meteor|p1a: 阿肥
|-damage|p1a: 阿肥|8/100
|-unboost|p2a: Latios|spa|2
|move|p1a: 阿肥|Heat Crash|p2a: Latios
|-supereffective|p2a: Latios
|-damage|p2a: Latios|0 fnt
|faint|p2a: Latios
|
|-end|p1a: 阿肥|move: Heal Block
|upkeep
|
|t:|1757950756
|switch|p2a: Landorus|Landorus-Therian, M|100/100
|-ability|p2a: Landorus|Intimidate|boost
|-unboost|p1a: 阿肥|atk|1
|turn|7
|
|t:|1757950759
|switch|p1a: Gliscor|Gliscor, M|100/100 tox
|move|p2a: Landorus|Stealth Rock|p1a: Gliscor
|-sidestart|p1: ay cheu|move: Stealth Rock
|
|upkeep
|turn|8
|
|t:|1757950767
|move|p2a: Landorus|Smack Down|p1a: Gliscor
|-damage|p1a: Gliscor|84/100 tox
|-start|p1a: Gliscor|Smack Down
|move|p1a: Gliscor|Stealth Rock|p2a: Landorus
|-sidestart|p2: NEZK025|move: Stealth Rock
|
|-heal|p1a: Gliscor|96/100 tox|[from] ability: Poison Heal
|upkeep
|turn|9
|
|t:|1757950774
|move|p2a: Landorus|Earthquake|p1a: Gliscor
|-damage|p1a: Gliscor|49/100 tox
|move|p1a: Gliscor|Swords Dance|p1a: Gliscor
|-boost|p1a: Gliscor|atk|2
|
|-heal|p1a: Gliscor|61/100 tox|[from] ability: Poison Heal
|upkeep
|turn|10
|
|t:|1757950778
|move|p2a: Landorus|Earthquake|p1a: Gliscor
|-damage|p1a: Gliscor|17/100 tox
|move|p1a: Gliscor|Facade|p2a: Landorus
|-damage|p2a: Landorus|18/100
|-damage|p1a: Gliscor|1/100 tox|[from] item: Rocky Helmet|[of] p2a: Landorus
|
|-heal|p1a: Gliscor|13/100 tox|[from] ability: Poison Heal
|upkeep
|turn|11
|
|t:|1757950790
|switch|p1a: 阿肥|Snorlax, M|8/100
|-damage|p1a: 阿肥|0 fnt|[from] Spikes
|faint|p1a: 阿肥
|move|p2a: Landorus|Earthquake|p1: 阿肥|[notarget]
|-fail|p2a: Landorus
|
|upkeep
|
|t:|1757950795
|switch|p1a: Chesnaught|Chesnaught, M|100/100
|-damage|p1a: Chesnaught|88/100|[from] Spikes
|-damage|p1a: Chesnaught|76/100|[from] Stealth Rock
|turn|12
|
|t:|1757950801
|move|p1a: Chesnaught|Dark Pulse|p2a: Landorus
|-damage|p2a: Landorus|0 fnt
|faint|p2a: Landorus
|
|upkeep
|
|t:|1757950808
|switch|p2a: Scizor|Scizor, M|100/100
|turn|13
|
|t:|1757950817
|switch|p1a: Chesnaught|Chesnaught, M|88/100
|-damage|p1a: Chesnaught|75/100|[from] Spikes
|-damage|p1a: Chesnaught|69/100|[from] Stealth Rock
|move|p2a: Scizor|Swords Dance|p2a: Scizor
|-boost|p2a: Scizor|atk|2
|
|upkeep
|turn|14
|
|t:|1757950822
|move|p2a: Scizor|Knock Off|p1a: Chesnaught
|-resisted|p1a: Chesnaught
|-crit|p1a: Chesnaught
|-damage|p1a: Chesnaught|39/100
|-damage|p2a: Scizor|84/100|[from] item: Rocky Helmet|[of] p1a: Chesnaught
|-enditem|p1a: Chesnaught|Rocky Helmet|[from] move: Knock Off|[of] p2a: Scizor
|move|p1a: Chesnaught|Synthesis|p1a: Chesnaught
|-heal|p1a: Chesnaught|89/100
|
|upkeep
|turn|15
|
|t:|1757950831
|switch|p2a: Pecharunt|Pecharunt|100/100
|move|p1a: Chesnaught|Iron Defense|p1a: Chesnaught
|-boost|p1a: Chesnaught|def|2
|
|upkeep
|turn|16
|
|t:|1757950841
|move|p2a: Pecharunt|Malignant Chain|p1a: Chesnaught
|-supereffective|p1a: Chesnaught
|-damage|p1a: Chesnaught|22/100
|-status|p1a: Chesnaught|tox
|-start|p1a: Chesnaught|confusion|[from] ability: Poison Puppeteer|[of] p2a: Pecharunt
|-activate|p1a: Chesnaught|confusion
|-damage|p1a: Chesnaught|20/100 tox|[from] confusion
|
|-damage|p1a: Chesnaught|14/100 tox|[from] psn
|upkeep
|turn|17
|
|t:|1757950852
|move|p2a: Pecharunt|Shadow Ball|p1a: Chesnaught
|-immune|p1a: Chesnaught|[from] ability: Bulletproof
|-activate|p1a: Chesnaught|confusion
|-damage|p1a: Chesnaught|12/100 tox|[from] confusion
|
|-damage|p1a: Chesnaught|0 fnt|[from] psn
|faint|p1a: Chesnaught
|upkeep
|
|t:|1757950855
|switch|p1a: Fezandipiti|Fezandipiti, M|76/100
|-damage|p1a: Fezandipiti|64/100|[from] Spikes
|-damage|p1a: Fezandipiti|51/100|[from] Stealth Rock
|turn|18
|
|t:|1757950865
|switch|p2a: Samurott|Samurott-Hisui, F|46/100
|-damage|p2a: Samurott|33/100|[from] Spikes
|-damage|p2a: Samurott|21/100|[from] Stealth Rock
|move|p1a: Fezandipiti|Dark Pulse|p2a: Samurott
|-resisted|p2a: Samurott
|-damage|p2a: Samurott|0 fnt
|faint|p2a: Samurott
|
|upkeep
|
|t:|1757950873
|switch|p2a: Scizor|Scizor, M|84/100
|turn|19
|
|t:|1757950877
|switch|p1a: Gliscor|Gliscor, M|13/100 tox
|-damage|p1a: Gliscor|1/100 tox|[from] Stealth Rock
|move|p2a: Scizor|Bullet Punch|p1a: Gliscor
|-damage|p1a: Gliscor|0 fnt
|faint|p1a: Gliscor
|
|upkeep
|
|t:|1757950881
|switch|p1a: 阿黄|Arcanine-Hisui, M|100/100
|-damage|p1a: 阿黄|88/100|[from] Spikes
|-damage|p1a: 阿黄|63/100|[from] Stealth Rock
|turn|20
|
|t:|1757950885
|move|p2a: Scizor|Bullet Punch|p1a: 阿黄
|-damage|p1a: 阿黄|24/100
|move|p1a: 阿黄|Flare Blitz|p2a: Scizor
|-supereffective|p2a: Scizor
|-damage|p2a: Scizor|0 fnt
|faint|p2a: Scizor
|
|upkeep
|
|t:|1757950895
|switch|p2a: Zamazenta|Zamazenta|100/100
|-damage|p2a: Zamazenta|88/100|[from] Spikes
|-damage|p2a: Zamazenta|82/100|[from] Stealth Rock
|-ability|p2a: Zamazenta|Dauntless Shield|boost
|-boost|p2a: Zamazenta|def|1
|turn|21
|
|t:|1757950901
|move|p2a: Zamazenta|Iron Defense|p2a: Zamazenta
|-boost|p2a: Zamazenta|def|2
|move|p1a: 阿黄|Flare Blitz|p2a: Zamazenta
|-damage|p2a: Zamazenta|59/100
|
|-heal|p2a: Zamazenta|65/100|[from] item: Leftovers
|upkeep
|turn|22
|
|t:|1757950909
|switch|p1a: Fezandipiti|Fezandipiti, M|100/100
|-damage|p1a: Fezandipiti|88/100|[from] Spikes
|-damage|p1a: Fezandipiti|76/100|[from] Stealth Rock
|move|p2a: Zamazenta|Crunch|p1a: Fezandipiti
|-resisted|p1a: Fezandipiti
|-damage|p1a: Fezandipiti|68/100
|
|-heal|p2a: Zamazenta|71/100|[from] item: Leftovers
|-heal|p1a: Fezandipiti|74/100|[from] item: Leftovers
|upkeep
|turn|23
|
|t:|1757950920
|move|p2a: Zamazenta|Body Press|p1a: Fezandipiti
|-resisted|p1a: Fezandipiti
|-damage|p1a: Fezandipiti|56/100
|move|p1a: Fezandipiti|Moonblast|p2a: Zamazenta
|-supereffective|p2a: Zamazenta
|-damage|p2a: Zamazenta|29/100
|
|-heal|p2a: Zamazenta|35/100|[from] item: Leftovers
|-heal|p1a: Fezandipiti|62/100|[from] item: Leftovers
|upkeep
|turn|24
|
|t:|1757950929
|switch|p2a: Pecharunt|Pecharunt|100/100
|move|p1a: Fezandipiti|Roost|p1a: Fezandipiti
|-heal|p1a: Fezandipiti|100/100
|-singleturn|p1a: Fezandipiti|move: Roost
|
|upkeep
|turn|25
|
|t:|1757950934
|move|p2a: Pecharunt|Shadow Ball|p1a: Fezandipiti
|-damage|p1a: Fezandipiti|83/100
|move|p1a: Fezandipiti|Calm Mind|p1a: Fezandipiti
|-boost|p1a: Fezandipiti|spa|1
|-boost|p1a: Fezandipiti|spd|1
|
|-heal|p1a: Fezandipiti|89/100|[from] item: Leftovers
|upkeep
|turn|26
|
|t:|1757950941
|move|p2a: Pecharunt|Shadow Ball|p1a: Fezandipiti
|-damage|p1a: Fezandipiti|76/100
|move|p1a: Fezandipiti|Calm Mind|p1a: Fezandipiti
|-boost|p1a: Fezandipiti|spa|1
|-boost|p1a: Fezandipiti|spd|1
|
|-heal|p1a: Fezandipiti|82/100|[from] item: Leftovers
|upkeep
|turn|27
|-message|NEZK025 forfeited.
|
|win|ay cheu
|raw|ay cheu's rating: 1468 &rarr; <strong>1491</strong><br />(+23 for winning)
|raw|NEZK025's rating: 1528 &rarr; <strong>1505</strong><br />(-23 for losing)
|l|☆NEZK025
|player|p2|
