|j|☆refind
|j|☆go b3yond
|t:|1757844919
|gametype|singles
|player|p1|refind|elesa|1535
|player|p2|go b3yond|bruno|1493
|gen|9
|tier|[Gen 9] OU
|rated|
|rule|HP Percentage Mod: HP is shown in percentages
|rule|Endless Battle Clause: Forcing endless battles is banned
|rule|Species Clause: Limit one of each Pokémon
|rule|OHKO Clause: OHKO moves are banned
|rule|Evasion Items Clause: Evasion items are banned
|rule|Evasion Moves Clause: Evasion moves are banned
|rule|Evasion Abilities Clause: Evasion abilities are banned
|rule|Sleep Moves Clause: Sleep-inducing moves are banned
|clearpoke
|poke|p1|Dragapult, M|
|poke|p1|Hatterene, F|
|poke|p1|Great Tusk|
|poke|p1|Kyurem|
|poke|p1|Iron Valiant|
|poke|p1|Slowking-Galar, M|
|poke|p2|Torkoal, M|
|poke|p2|Brute Bonnet|
|poke|p2|Hatterene, F|
|poke|p2|Walking Wake|
|poke|p2|Thundurus-Therian, M|
|poke|p2|Ceruledge, F|
|teampreview
|inactive|Battle timer is ON: inactive players will automatically lose when time's up. (requested by go b3yond)
|
|t:|1757844942
|teamsize|p1|6
|teamsize|p2|6
|start
|switch|p1a: Dragapult|Dragapult, M, shiny|100/100
|switch|p2a: GREAT Bait|Torkoal, M, shiny|100/100
|-weather|SunnyDay|[from] ability: Drought|[of] p2a: GREAT Bait
|turn|1
|
|t:|1757844952
|move|p1a: Dragapult|Shadow Ball|p2a: GREAT Bait
|-damage|p2a: GREAT Bait|40/100
|move|p2a: GREAT Bait|Overheat|p1a: Dragapult
|-resisted|p1a: Dragapult
|-damage|p1a: Dragapult|44/100
|-unboost|p2a: GREAT Bait|spa|2
|
|-weather|SunnyDay|[upkeep]
|upkeep
|turn|2
|
|t:|1757844958
|switch|p2a: Brute Bonnet|Brute Bonnet|100/100
|-activate|p2a: Brute Bonnet|ability: Protosynthesis
|-start|p2a: Brute Bonnet|protosynthesisatk
|move|p1a: Dragapult|Shadow Ball|p2a: Brute Bonnet
|-resisted|p2a: Brute Bonnet
|-damage|p2a: Brute Bonnet|79/100
|
|-weather|SunnyDay|[upkeep]
|upkeep
|turn|3
|
|t:|1757844965
|switch|p1a: Kyurem|Kyurem|100/100
|-ability|p1a: Kyurem|Pressure
|move|p2a: Brute Bonnet|Sucker Punch||[still]
|-fail|p2a: Brute Bonnet
|
|-weather|SunnyDay|[upkeep]
|upkeep
|turn|4
|
|t:|1757844973
|-terastallize|p2a: Brute Bonnet|Fire
|move|p1a: Kyurem|Substitute|p1a: Kyurem
|-start|p1a: Kyurem|Substitute
|-damage|p1a: Kyurem|75/100
|move|p2a: Brute Bonnet|Tera Blast|p1a: Kyurem|[anim] Tera Blast Fire
|-end|p1a: Kyurem|Substitute
|
|-weather|SunnyDay|[upkeep]
|-heal|p1a: Kyurem|82/100|[from] item: Leftovers
|upkeep
|turn|5
|
|t:|1757844981
|-end|p2a: Brute Bonnet|Protosynthesis|[silent]
|switch|p2a: Thundurus|Thundurus-Therian, M|100/100
|move|p1a: Kyurem|Protect||[still]
|-fail|p1a: Kyurem
|
|-weather|SunnyDay|[upkeep]
|-heal|p1a: Kyurem|88/100|[from] item: Leftovers
|upkeep
|turn|6
|
|t:|1757844984
|move|p1a: Kyurem|Protect|p1a: Kyurem
|-singleturn|p1a: Kyurem|Protect
|move|p2a: Thundurus|Weather Ball|p1a: Kyurem
|-activate|p1a: Kyurem|move: Protect
|
|-weather|SunnyDay|[upkeep]
|-heal|p1a: Kyurem|94/100|[from] item: Leftovers
|upkeep
|turn|7
|
|t:|1757844989
|switch|p1a: Slowking|Slowking-Galar, M|100/100
|move|p2a: Thundurus|Weather Ball|p1a: Slowking
|-damage|p1a: Slowking|49/100
|
|-weather|SunnyDay|[upkeep]
|upkeep
|turn|8
|
|t:|1757844995
|move|p2a: Thundurus|Weather Ball|p1a: Slowking
|-damage|p1a: Slowking|0 fnt
|faint|p1a: Slowking
|
|-weather|none
|upkeep
|
|t:|1757844998
|switch|p1a: Kyurem|Kyurem|94/100
|-ability|p1a: Kyurem|Pressure
|turn|9
|
|t:|1757845005
|switch|p2a: Hatterene|Hatterene, F|100/100
|move|p1a: Kyurem|Earth Power|p2a: Hatterene
|-damage|p2a: Hatterene|67/100
|-unboost|p2a: Hatterene|spd|1
|-enditem|p2a: Hatterene|Eject Button
|
|t:|1757845016
|switch|p2a: Ceruledge|Ceruledge, F|100/100
|
|-heal|p1a: Kyurem|99/100|[from] item: Leftovers
|upkeep
|turn|10
|
|t:|1757845022
|move|p1a: Kyurem|Earth Power|p2a: Ceruledge
|-supereffective|p2a: Ceruledge
|-damage|p2a: Ceruledge|26/100
|move|p2a: Ceruledge|Swords Dance|p2a: Ceruledge
|-boost|p2a: Ceruledge|atk|2
|
|-heal|p1a: Kyurem|100/100|[from] item: Leftovers
|upkeep
|turn|11
|
|t:|1757845024
|move|p1a: Kyurem|Earth Power|p2a: Ceruledge
|-supereffective|p2a: Ceruledge
|-damage|p2a: Ceruledge|0 fnt
|faint|p2a: Ceruledge
|
|upkeep
|
|t:|1757845029
|switch|p2a: Walking Wake|Walking Wake|100/100
|turn|12
|
|t:|1757845033
|move|p1a: Kyurem|Protect|p1a: Kyurem
|-singleturn|p1a: Kyurem|Protect
|move|p2a: Walking Wake|Draco Meteor|p1a: Kyurem
|-activate|p1a: Kyurem|move: Protect
|
|upkeep
|turn|13
|
|t:|1757845038
|move|p2a: Walking Wake|Flip Turn|p1a: Kyurem
|-resisted|p1a: Kyurem
|-damage|p1a: Kyurem|94/100
|-message|go b3yond forfeited.
|
|win|refind
|raw|refind's rating: 1535 &rarr; <strong>1553</strong><br />(+18 for winning)
|raw|go b3yond's rating: 1493 &rarr; <strong>1475</strong><br />(-18 for losing)
|l|☆go b3yond
|player|p2|
|l|☆refind
|player|p1|
