|j|☆xjwdsg
|j|☆Jon Mateo
|t:|1757925596
|gametype|singles
|player|p1|xjwdsg|170|1238
|player|p2|Jon Mateo|266|1235
|gen|9
|tier|[Gen 9] OU
|rated|
|rule|HP Percentage Mod: HP is shown in percentages
|rule|Endless Battle Clause: Forcing endless battles is banned
|rule|Species Clause: Limit one of each Pokémon
|rule|OHKO Clause: OHKO moves are banned
|rule|Evasion Items Clause: Evasion items are banned
|rule|Evasion Moves Clause: Evasion moves are banned
|rule|Evasion Abilities Clause: Evasion abilities are banned
|rule|Sleep Moves Clause: Sleep-inducing moves are banned
|clearpoke
|poke|p1|Torkoal, F|
|poke|p1|Hatterene, F|
|poke|p1|Raging Bolt|
|poke|p1|Slither Wing|
|poke|p1|Venusaur, F|
|poke|p1|Walking Wake|
|poke|p2|Ceruledge, F|
|poke|p2|Lokix, F|
|poke|p2|Ampharos, M|
|poke|p2|Quaquaval, M|
|poke|p2|Gardevoir, M|
|poke|p2|Garchomp, F|
|teampreview
|inactive|Battle timer is ON: inactive players will automatically lose when time's up. (requested by xjwdsg)
|inactive|Jon Mateo has 120 seconds left.
|
|t:|1757925648
|teamsize|p1|6
|teamsize|p2|6
|start
|switch|p1a: Torkoal|Torkoal, F|100/100
|switch|p2a: Lokix|Lokix, F|100/100
|-weather|SunnyDay|[from] ability: Drought|[of] p1a: Torkoal
|turn|1
|
|t:|1757925659
|move|p2a: Lokix|U-turn|p1a: Torkoal
|-resisted|p1a: Torkoal
|-damage|p1a: Torkoal|76/100
|
|t:|1757925667
|switch|p2a: Garchomp|Garchomp, F|100/100|[from] U-turn
|move|p1a: Torkoal|Stealth Rock|p2a: Garchomp
|-sidestart|p2: Jon Mateo|move: Stealth Rock
|
|-weather|SunnyDay|[upkeep]
|upkeep
|turn|2
|
|t:|1757925686
|switch|p1a: Hatterene|Hatterene, F|100/100
|-item|p1a: Hatterene|Air Balloon
|move|p2a: Garchomp|Scale Shot|p1a: Hatterene
|-immune|p1a: Hatterene
|
|-weather|SunnyDay|[upkeep]
|upkeep
|turn|3
|
|t:|1757925692
|move|p2a: Garchomp|Iron Head|p1a: Hatterene
|-supereffective|p1a: Hatterene
|-damage|p1a: Hatterene|53/100
|-enditem|p1a: Hatterene|Air Balloon
|move|p1a: Hatterene|Dazzling Gleam|p2a: Garchomp
|-supereffective|p2a: Garchomp
|-damage|p2a: Garchomp|37/100
|
|-weather|SunnyDay|[upkeep]
|upkeep
|turn|4
|
|t:|1757925700
|switch|p1a: Venusaur|Venusaur, F|100/100
|move|p2a: Garchomp|Iron Head|p1a: Venusaur
|-damage|p1a: Venusaur|58/100
|
|-weather|SunnyDay|[upkeep]
|upkeep
|turn|5
|
|t:|1757925704
|move|p1a: Venusaur|Giga Drain|p2a: Garchomp
|-damage|p2a: Garchomp|0 fnt
|-heal|p1a: Venusaur|79/100|[from] drain|[of] p2a: Garchomp
|faint|p2a: Garchomp
|-damage|p1a: Venusaur|69/100|[from] item: Life Orb
|
|-weather|SunnyDay|[upkeep]
|upkeep
|
|t:|1757925714
|switch|p2a: Ceruledge|Ceruledge, F|100/100
|-damage|p2a: Ceruledge|76/100|[from] Stealth Rock
|turn|6
|
|t:|1757925719
|move|p1a: Venusaur|Earthquake|p2a: Ceruledge
|-supereffective|p2a: Ceruledge
|-damage|p2a: Ceruledge|9/100
|-ability|p2a: Ceruledge|Weak Armor|boost
|-unboost|p2a: Ceruledge|def|1
|-boost|p2a: Ceruledge|spe|2
|-damage|p1a: Venusaur|59/100|[from] item: Life Orb
|move|p2a: Ceruledge|Swords Dance|p2a: Ceruledge
|-boost|p2a: Ceruledge|atk|2
|
|-weather|SunnyDay|[upkeep]
|upkeep
|turn|7
|
|t:|1757925727
|move|p1a: Venusaur|Earthquake|p2a: Ceruledge
|-supereffective|p2a: Ceruledge
|-damage|p2a: Ceruledge|0 fnt
|faint|p2a: Ceruledge
|-damage|p1a: Venusaur|49/100|[from] item: Life Orb
|
|-weather|SunnyDay|[upkeep]
|upkeep
|
|t:|1757925734
|switch|p2a: Lokix|Lokix, F|100/100
|-damage|p2a: Lokix|76/100|[from] Stealth Rock
|turn|8
|
|t:|1757925737
|move|p2a: Lokix|First Impression|p1a: Venusaur
|-damage|p1a: Venusaur|0 fnt
|faint|p1a: Venusaur
|
|-weather|none
|upkeep
|
|t:|1757925739
|switch|p1a: Torkoal|Torkoal, F|76/100
|-weather|SunnyDay|[from] ability: Drought|[of] p1a: Torkoal
|turn|9
|
|t:|1757925745
|switch|p1a: Slither Wing|Slither Wing|100/100
|-activate|p1a: Slither Wing|ability: Protosynthesis
|-start|p1a: Slither Wing|protosynthesisatk
|move|p2a: Lokix|Axe Kick|p1a: Slither Wing
|-resisted|p1a: Slither Wing
|-damage|p1a: Slither Wing|50/100
|
|-weather|SunnyDay|[upkeep]
|upkeep
|turn|10
|
|t:|1757925756
|move|p1a: Slither Wing|Temper Flare|p2a: Lokix
|-supereffective|p2a: Lokix
|-damage|p2a: Lokix|0 fnt
|faint|p2a: Lokix
|
|-weather|SunnyDay|[upkeep]
|upkeep
|
|t:|1757925762
|switch|p2a: Gardevoir|Gardevoir, M|100/100
|-damage|p2a: Gardevoir|88/100|[from] Stealth Rock
|turn|11
|
|t:|1757925765
|move|p2a: Gardevoir|Moonblast|p1a: Slither Wing
|-supereffective|p1a: Slither Wing
|-damage|p1a: Slither Wing|0 fnt
|faint|p1a: Slither Wing
|-end|p1a: Slither Wing|Protosynthesis|[silent]
|
|-weather|SunnyDay|[upkeep]
|upkeep
|
|t:|1757925779
|switch|p1a: Raging Bolt|Raging Bolt|100/100
|-activate|p1a: Raging Bolt|ability: Protosynthesis
|-start|p1a: Raging Bolt|protosynthesisspa
|turn|12
|
|t:|1757925789
|move|p2a: Gardevoir|Moonblast|p1a: Raging Bolt
|-supereffective|p1a: Raging Bolt
|-damage|p1a: Raging Bolt|5/100
|move|p1a: Raging Bolt|Weather Ball|p2a: Gardevoir
|-damage|p2a: Gardevoir|0 fnt
|faint|p2a: Gardevoir
|-damage|p1a: Raging Bolt|0 fnt|[from] item: Life Orb
|faint|p1a: Raging Bolt
|-end|p1a: Raging Bolt|Protosynthesis|[silent]
|
|-weather|SunnyDay|[upkeep]
|upkeep
|
|t:|1757925802
|switch|p1a: Walking Wake|Walking Wake|100/100
|switch|p2a: Ampharos|Ampharos, M|100/100
|-damage|p2a: Ampharos|88/100|[from] Stealth Rock
|-activate|p1a: Walking Wake|ability: Protosynthesis
|-start|p1a: Walking Wake|protosynthesisspe
|turn|13
|
|t:|1757925808
|move|p1a: Walking Wake|Hydro Steam|p2a: Ampharos
|-damage|p2a: Ampharos|25/100
|-enditem|p2a: Ampharos|Sitrus Berry|[eat]
|-heal|p2a: Ampharos|50/100|[from] item: Sitrus Berry
|move|p2a: Ampharos|Thunder Wave|p1a: Walking Wake
|-status|p1a: Walking Wake|par
|
|-weather|SunnyDay|[upkeep]
|upkeep
|turn|14
|
|t:|1757925817
|cant|p1a: Walking Wake|par
|move|p2a: Ampharos|Thunderbolt|p1a: Walking Wake
|-damage|p1a: Walking Wake|47/100 par
|
|-weather|SunnyDay|[upkeep]
|upkeep
|turn|15
|
|t:|1757925820
|move|p1a: Walking Wake|Hydro Steam|p2a: Ampharos
|-damage|p2a: Ampharos|0 fnt
|faint|p2a: Ampharos
|
|-weather|SunnyDay|[upkeep]
|upkeep
|
|t:|1757925823
|switch|p2a: Quaquaval|Quaquaval, M|100/100
|-damage|p2a: Quaquaval|94/100|[from] Stealth Rock
|turn|16
|
|t:|1757925831
|-end|p1a: Walking Wake|Protosynthesis|[silent]
|switch|p1a: Torkoal|Torkoal, F|76/100
|-terastallize|p2a: Quaquaval|Water
|move|p2a: Quaquaval|Aqua Step|p1a: Torkoal
|-supereffective|p1a: Torkoal
|-damage|p1a: Torkoal|3/100
|-boost|p2a: Quaquaval|spe|1
|
|-weather|none
|upkeep
|turn|17
|
|t:|1757925840
|move|p2a: Quaquaval|Aqua Step|p1a: Torkoal
|-supereffective|p1a: Torkoal
|-damage|p1a: Torkoal|0 fnt
|-boost|p2a: Quaquaval|spe|1
|faint|p1a: Torkoal
|-ability|p2a: Quaquaval|Moxie|boost
|-boost|p2a: Quaquaval|atk|1
|
|upkeep
|
|t:|1757925842
|switch|p1a: Hatterene|Hatterene, F|53/100
|turn|18
|
|t:|1757925844
|move|p2a: Quaquaval|Aqua Step|p1a: Hatterene
|-damage|p1a: Hatterene|0 fnt
|-boost|p2a: Quaquaval|spe|1
|faint|p1a: Hatterene
|-ability|p2a: Quaquaval|Moxie|boost
|-boost|p2a: Quaquaval|atk|1
|
|upkeep
|
|t:|1757925847
|switch|p1a: Walking Wake|Walking Wake|47/100 par
|turn|19
|
|t:|1757925857
|move|p2a: Quaquaval|Aqua Step|p1a: Walking Wake
|-resisted|p1a: Walking Wake
|-damage|p1a: Walking Wake|0 fnt
|-boost|p2a: Quaquaval|spe|1
|faint|p1a: Walking Wake
|-end|p1a: Walking Wake|Protosynthesis|[silent]
|
|win|Jon Mateo
|raw|xjwdsg's rating: 1238 &rarr; <strong>1213</strong><br />(-25 for losing)
|raw|Jon Mateo's rating: 1235 &rarr; <strong>1260</strong><br />(+25 for winning)
|l|☆xjwdsg
|player|p1|
