|j|‽Chahess03
|j|☆mbandz
|t:|1757826836
|gametype|singles
|player|p1|Chahess03|2|1143
|player|p2|mbandz|skierf|1109
|gen|9
|tier|[Gen 9] OU
|rated|
|rule|HP Percentage Mod: HP is shown in percentages
|rule|Endless Battle Clause: Forcing endless battles is banned
|rule|Species Clause: Limit one of each Pokémon
|rule|OHKO Clause: OHKO moves are banned
|rule|Evasion Items Clause: Evasion items are banned
|rule|Evasion Moves Clause: Evasion moves are banned
|rule|Evasion Abilities Clause: Evasion abilities are banned
|rule|Sleep Moves Clause: Sleep-inducing moves are banned
|clearpoke
|poke|p1|Leavanny, F|
|poke|p1|Lilligant-Hisui, F|
|poke|p1|Torkoal, F|
|poke|p1|Great Tusk|
|poke|p1|Ceruledge, M|
|poke|p1|Ninetales, M|
|poke|p2|Dragalge, F|
|poke|p2|Landorus-Therian, M|
|poke|p2|Primarina, F|
|poke|p2|Iron Crown|
|poke|p2|Dragapult, M|
|poke|p2|Corviknight, F|
|teampreview
|inactive|Battle timer is ON: inactive players will automatically lose when time's up. (requested by mbandz)
|
|t:|1757826849
|teamsize|p1|6
|teamsize|p2|6
|start
|switch|p1a: Torkoal|Torkoal, F|100/100
|switch|p2a: Landorus|Landorus-Therian, M|100/100
|-ability|p2a: Landorus|Intimidate|boost
|-unboost|p1a: Torkoal|atk|1
|-weather|SunnyDay|[from] ability: Drought|[of] p1a: Torkoal
|-enditem|p1a: Torkoal|Eject Pack
|
|t:|1757826862
|switch|p1a: Lilligant|Lilligant-Hisui, F|100/100
|turn|1
|
|t:|1757826876
|move|p1a: Lilligant|Triple Axel|p2a: Landorus
|-supereffective|p2a: Landorus
|-damage|p2a: Landorus|80/100
|-damage|p1a: Lilligant|84/100|[from] item: Rocky Helmet|[of] p2a: Landorus
|-supereffective|p2a: Landorus
|-damage|p2a: Landorus|39/100
|-damage|p1a: Lilligant|68/100|[from] item: Rocky Helmet|[of] p2a: Landorus
|-supereffective|p2a: Landorus
|-damage|p2a: Landorus|0 fnt
|-damage|p1a: Lilligant|51/100|[from] item: Rocky Helmet|[of] p2a: Landorus
|faint|p2a: Landorus
|-hitcount|p2: Landorus|3
|
|-weather|SunnyDay|[upkeep]
|upkeep
|
|t:|1757826886
|switch|p2a: Dragalge|Dragalge, F, shiny|100/100
|turn|2
|
|t:|1757826898
|switch|p1a: Great Tusk|Great Tusk|100/100
|-activate|p1a: Great Tusk|ability: Protosynthesis
|-start|p1a: Great Tusk|protosynthesisatk
|move|p2a: Dragalge|Toxic Spikes|p1a: Great Tusk
|-sidestart|p1: Chahess03|move: Toxic Spikes
|
|-weather|SunnyDay|[upkeep]
|upkeep
|turn|3
|
|t:|1757826907
|switch|p2a: Corviknight|Corviknight, F|100/100
|-ability|p2a: Corviknight|Pressure
|move|p1a: Great Tusk|Knock Off|p2a: Corviknight
|-damage|p2a: Corviknight|73/100
|-enditem|p2a: Corviknight|Leftovers|[from] move: Knock Off|[of] p1a: Great Tusk
|
|-weather|SunnyDay|[upkeep]
|upkeep
|turn|4
|
|t:|1757826915
|move|p1a: Great Tusk|Rapid Spin|p2a: Corviknight
|-resisted|p2a: Corviknight
|-damage|p2a: Corviknight|66/100
|-boost|p1a: Great Tusk|spe|1
|-sideend|p1: Chahess03|Toxic Spikes|[from] move: Rapid Spin|[of] p1a: Great Tusk
|move|p2a: Corviknight|U-turn|p1a: Great Tusk
|-resisted|p1a: Great Tusk
|-damage|p1a: Great Tusk|96/100
|
|t:|1757826922
|switch|p2a: Primarina|Primarina, F, shiny|100/100|[from] U-turn
|
|-weather|SunnyDay|[upkeep]
|upkeep
|turn|5
|
|t:|1757826931
|-terastallize|p1a: Great Tusk|Water
|move|p1a: Great Tusk|Headlong Rush|p2a: Primarina
|-damage|p2a: Primarina|4/100
|-unboost|p1a: Great Tusk|def|1
|-unboost|p1a: Great Tusk|spd|1
|move|p2a: Primarina|Moonblast|p1a: Great Tusk
|-damage|p1a: Great Tusk|0 fnt
|faint|p1a: Great Tusk
|-end|p1a: Great Tusk|Protosynthesis|[silent]
|
|-weather|none
|upkeep
|
|t:|1757826938
|switch|p1a: Ninetales|Ninetales, M|100/100
|-weather|SunnyDay|[from] ability: Drought|[of] p1a: Ninetales
|turn|6
|
|t:|1757826947
|switch|p2a: Dragalge|Dragalge, F, shiny|100/100
|move|p1a: Ninetales|Solar Beam||[still]
|-prepare|p1a: Ninetales|Solar Beam
|-anim|p1a: Ninetales|Solar Beam|p2a: Dragalge
|-resisted|p2a: Dragalge
|-damage|p2a: Dragalge|94/100
|
|-weather|SunnyDay|[upkeep]
|upkeep
|turn|7
|
|t:|1757826953
|move|p1a: Ninetales|Will-O-Wisp|p2a: Dragalge
|-status|p2a: Dragalge|brn
|move|p2a: Dragalge|Toxic Spikes|p1a: Ninetales
|-sidestart|p1: Chahess03|move: Toxic Spikes
|
|-weather|SunnyDay|[upkeep]
|-damage|p2a: Dragalge|88/100 brn|[from] brn
|upkeep
|turn|8
|
|t:|1757826959
|move|p1a: Ninetales|Encore|p2a: Dragalge
|-start|p2a: Dragalge|Encore
|move|p2a: Dragalge|Toxic Spikes|p1a: Ninetales
|-sidestart|p1: Chahess03|move: Toxic Spikes
|
|-weather|SunnyDay|[upkeep]
|-damage|p2a: Dragalge|82/100 brn|[from] brn
|upkeep
|turn|9
|
|t:|1757826981
|switch|p2a: Primarina|Primarina, F, shiny|4/100
|move|p1a: Ninetales|Fire Blast|p2a: Primarina|[miss]
|-miss|p1a: Ninetales|p2a: Primarina
|
|-weather|SunnyDay|[upkeep]
|upkeep
|turn|10
|
|t:|1757826990
|move|p1a: Ninetales|Fire Blast|p2a: Primarina
|-resisted|p2a: Primarina
|-damage|p2a: Primarina|0 fnt
|faint|p2a: Primarina
|
|-weather|SunnyDay|[upkeep]
|upkeep
|
|t:|1757826997
|switch|p2a: Dragapult|Dragapult, M, shiny|100/100
|turn|11
|
|t:|1757827010
|switch|p1a: Torkoal|Torkoal, F|100/100
|-status|p1a: Torkoal|tox
|move|p2a: Dragapult|Draco Meteor|p1a: Torkoal|[miss]
|-miss|p2a: Dragapult|p1a: Torkoal
|
|-weather|SunnyDay|[upkeep]
|-damage|p1a: Torkoal|94/100 tox|[from] psn
|upkeep
|turn|12
|
|t:|1757827015
|move|p2a: Dragapult|Hex|p1a: Torkoal
|-damage|p1a: Torkoal|41/100 tox
|move|p1a: Torkoal|Stealth Rock|p2a: Dragapult
|-sidestart|p2: mbandz|move: Stealth Rock
|
|-weather|SunnyDay|[upkeep]
|-damage|p1a: Torkoal|29/100 tox|[from] psn
|upkeep
|turn|13
|
|t:|1757827023
|-terastallize|p2a: Dragapult|Ghost
|move|p2a: Dragapult|Hex|p1a: Torkoal
|-damage|p1a: Torkoal|0 fnt
|faint|p1a: Torkoal
|
|-weather|none
|upkeep
|
|t:|1757827030
|switch|p1a: Ninetales|Ninetales, M|100/100
|-status|p1a: Ninetales|tox
|-weather|SunnyDay|[from] ability: Drought|[of] p1a: Ninetales
|turn|14
|
|t:|1757827035
|switch|p1a: Leavanny|Leavanny, F|100/100
|-status|p1a: Leavanny|tox
|move|p2a: Dragapult|Hex|p1a: Leavanny
|-damage|p1a: Leavanny|0 fnt
|faint|p1a: Leavanny
|
|-weather|SunnyDay|[upkeep]
|upkeep
|
|t:|1757827037
|switch|p1a: Lilligant|Lilligant-Hisui, F|51/100
|-status|p1a: Lilligant|tox
|turn|15
|
|t:|1757827041
|move|p1a: Lilligant|Solar Blade||[still]
|-prepare|p1a: Lilligant|Solar Blade
|-anim|p1a: Lilligant|Solar Blade|p2a: Dragapult
|-damage|p2a: Dragapult|12/100
|move|p2a: Dragapult|Hex|p1a: Lilligant
|-damage|p1a: Lilligant|0 fnt
|faint|p1a: Lilligant
|
|-weather|SunnyDay|[upkeep]
|upkeep
|
|t:|1757827046
|switch|p1a: Ceruledge|Ceruledge, M|100/100
|-status|p1a: Ceruledge|tox
|turn|16
|
|t:|1757827057
|switch|p2a: Dragalge|Dragalge, F, shiny|82/100 brn
|move|p1a: Ceruledge|Shadow Sneak|p2a: Dragalge
|-damage|p2a: Dragalge|66/100 brn
|
|-weather|SunnyDay|[upkeep]
|-damage|p1a: Ceruledge|94/100 tox|[from] psn
|-damage|p2a: Dragalge|60/100 brn|[from] brn
|upkeep
|turn|17
|
|t:|1757827064
|move|p1a: Ceruledge|Swords Dance|p1a: Ceruledge
|-boost|p1a: Ceruledge|atk|2
|move|p2a: Dragalge|Scald|p1a: Ceruledge
|-supereffective|p1a: Ceruledge
|-damage|p1a: Ceruledge|75/100 tox
|
|-weather|SunnyDay|[upkeep]
|-damage|p1a: Ceruledge|63/100 tox|[from] psn
|-damage|p2a: Dragalge|54/100 brn|[from] brn
|upkeep
|turn|18
|
|t:|1757827068
|move|p1a: Ceruledge|Bitter Blade|p2a: Dragalge
|-resisted|p2a: Dragalge
|-damage|p2a: Dragalge|0 fnt
|-heal|p1a: Ceruledge|93/100 tox|[from] drain|[of] p2a: Dragalge
|faint|p2a: Dragalge
|
|-weather|SunnyDay|[upkeep]
|-damage|p1a: Ceruledge|75/100 tox|[from] psn
|upkeep
|
|t:|1757827077
|switch|p2a: Iron Crown|Iron Crown|100/100
|-damage|p2a: Iron Crown|94/100|[from] Stealth Rock
|turn|19
|
|t:|1757827089
|move|p2a: Iron Crown|Psyshock|p1a: Ceruledge
|-damage|p1a: Ceruledge|0 fnt
|faint|p1a: Ceruledge
|
|-weather|SunnyDay|[upkeep]
|upkeep
|
|t:|1757827092
|switch|p1a: Ninetales|Ninetales, M|100/100 tox
|turn|20
|
|t:|1757827095
|move|p1a: Ninetales|Fire Blast|p2a: Iron Crown
|-supereffective|p2a: Iron Crown
|-damage|p2a: Iron Crown|0 fnt
|faint|p2a: Iron Crown
|-end|p2a: Iron Crown|Quark Drive|[silent]
|
|-weather|SunnyDay|[upkeep]
|-damage|p1a: Ninetales|95/100 tox|[from] psn
|upkeep
|
|t:|1757827099
|switch|p2a: Corviknight|Corviknight, F|66/100
|-damage|p2a: Corviknight|54/100|[from] Stealth Rock
|-ability|p2a: Corviknight|Pressure
|turn|21
|
|t:|1757827103
|move|p1a: Ninetales|Fire Blast|p2a: Corviknight
|-supereffective|p2a: Corviknight
|-damage|p2a: Corviknight|0 fnt
|faint|p2a: Corviknight
|
|-weather|none
|-damage|p1a: Ninetales|83/100 tox|[from] psn
|upkeep
|
|t:|1757827106
|switch|p2a: Dragapult|Dragapult, M, shiny, tera:Ghost|12/100
|turn|22
|
|t:|1757827111
|move|p2a: Dragapult|Hex|p1a: Ninetales
|-damage|p1a: Ninetales|0 fnt
|faint|p1a: Ninetales
|
|win|mbandz
|raw|Chahess03's rating: 1143 &rarr; <strong>1116</strong><br />(-27 for losing)
|raw|mbandz's rating: 1109 &rarr; <strong>1136</strong><br />(+27 for winning)
|l|‽Chahess03
|player|p1|
|l|☆mbandz
|player|p2|
