|j|☆tinkt0n
|j|☆STONE CHAI
|t:|1757924065
|gametype|singles
|player|p1|tinkt0n|shadowtriad|1641
|player|p2|STONE CHAI|1|1575
|gen|9
|tier|[Gen 9] OU
|rated|
|rule|HP Percentage Mod: HP is shown in percentages
|rule|Endless Battle Clause: Forcing endless battles is banned
|rule|Species Clause: Limit one of each Pokémon
|rule|OHKO Clause: OHKO moves are banned
|rule|Evasion Items Clause: Evasion items are banned
|rule|Evasion Moves Clause: Evasion moves are banned
|rule|Evasion Abilities Clause: Evasion abilities are banned
|rule|Sleep Moves Clause: Sleep-inducing moves are banned
|clearpoke
|poke|p1|Clefable, F|
|poke|p1|Cinderace, F|
|poke|p1|Mandibuzz, F|
|poke|p1|Clodsire, M|
|poke|p1|Corviknight, F|
|poke|p1|Ogerpon-Wellspring, F|
|poke|p2|Dragapult, M|
|poke|p2|Glimmora, M|
|poke|p2|Comfey, M|
|poke|p2|Kingambit, M|
|poke|p2|Ogerpon-Wellspring, F|
|poke|p2|Blaziken, M|
|teampreview
|
|t:|1757924097
|teamsize|p1|6
|teamsize|p2|6
|start
|switch|p1a: Clefable|Clefable, F|100/100
|switch|p2a: Dragapult|Dragapult, M, shiny|100/100
|turn|1
|j| heatraniac
|
|t:|1757924110
|switch|p2a: Glimmora|Glimmora, M, shiny|100/100
|move|p1a: Clefable|Calm Mind|p1a: Clefable
|-boost|p1a: Clefable|spa|1
|-boost|p1a: Clefable|spd|1
|
|upkeep
|turn|2
|
|t:|1757924116
|move|p2a: Glimmora|Mortal Spin|p1a: Clefable
|-supereffective|p1a: Clefable
|-damage|p1a: Clefable|90/100
|-status|p1a: Clefable|psn
|move|p1a: Clefable|Calm Mind|p1a: Clefable
|-boost|p1a: Clefable|spa|1
|-boost|p1a: Clefable|spd|1
|
|upkeep
|turn|3
|
|t:|1757924146
|switch|p2a: Kingambit|Kingambit, M, shiny|100/100
|move|p1a: Clefable|Calm Mind|p1a: Clefable
|-boost|p1a: Clefable|spa|1
|-boost|p1a: Clefable|spd|1
|
|upkeep
|turn|4
|
|t:|1757924154
|move|p1a: Clefable|Moonblast|p2a: Kingambit
|-damage|p2a: Kingambit|1/100
|move|p2a: Kingambit|Iron Head|p1a: Clefable
|-supereffective|p1a: Clefable
|-damage|p1a: Clefable|16/100 psn
|
|-heal|p2a: Kingambit|7/100|[from] item: Leftovers
|upkeep
|turn|5
|
|t:|1757924189
|-terastallize|p1a: Clefable|Water
|move|p1a: Clefable|Moonlight|p1a: Clefable
|-heal|p1a: Clefable|66/100 psn
|move|p2a: Kingambit|Iron Head|p1a: Clefable
|-resisted|p1a: Clefable
|-damage|p1a: Clefable|47/100 psn
|
|-heal|p2a: Kingambit|13/100|[from] item: Leftovers
|upkeep
|turn|6
|
|t:|1757924196
|move|p1a: Clefable|Moonlight|p1a: Clefable
|-heal|p1a: Clefable|97/100 psn
|move|p2a: Kingambit|Kowtow Cleave|p1a: Clefable
|-damage|p1a: Clefable|55/100 psn
|
|-heal|p2a: Kingambit|19/100|[from] item: Leftovers
|upkeep
|turn|7
|
|t:|1757924203
|move|p1a: Clefable|Moonblast|p2a: Kingambit
|-damage|p2a: Kingambit|0 fnt
|faint|p2a: Kingambit
|-end|p2a: Kingambit|fallenundefined|[silent]
|
|upkeep
|l| heatraniac
|inactive|Battle timer is ON: inactive players will automatically lose when time's up. (requested by tinkt0n)
|
|t:|1757924248
|switch|p2a: Blaziken|Blaziken, M, shiny|100/100
|turn|8
|
|t:|1757924261
|switch|p1a: Clodsire|Clodsire, M, shiny|100/100
|move|p2a: Blaziken|Close Combat|p1a: Clodsire
|-resisted|p1a: Clodsire
|-damage|p1a: Clodsire|64/100
|-unboost|p2a: Blaziken|def|1
|-unboost|p2a: Blaziken|spd|1
|-damage|p2a: Blaziken|91/100|[from] item: Life Orb
|
|-heal|p1a: Clodsire|71/100|[from] item: Leftovers
|-ability|p2a: Blaziken|Speed Boost|boost
|-boost|p2a: Blaziken|spe|1
|upkeep
|turn|9
|
|t:|1757924288
|move|p2a: Blaziken|Flare Blitz|p1a: Clodsire
|-damage|p1a: Clodsire|3/100
|-damage|p2a: Blaziken|56/100|[from] Recoil
|-damage|p2a: Blaziken|46/100|[from] item: Life Orb
|move|p1a: Clodsire|Recover|p1a: Clodsire
|-heal|p1a: Clodsire|53/100
|
|-heal|p1a: Clodsire|60/100|[from] item: Leftovers
|-ability|p2a: Blaziken|Speed Boost|boost
|-boost|p2a: Blaziken|spe|1
|upkeep
|turn|10
|
|t:|1757924296
|switch|p1a: Cinderace|Cinderace, F|100/100
|move|p2a: Blaziken|Flare Blitz|p1a: Cinderace
|-resisted|p1a: Cinderace
|-damage|p1a: Cinderace|37/100
|-damage|p2a: Blaziken|25/100|[from] Recoil
|-damage|p2a: Blaziken|15/100|[from] item: Life Orb
|
|-ability|p2a: Blaziken|Speed Boost|boost
|-boost|p2a: Blaziken|spe|1
|upkeep
|turn|11
|
|t:|1757924308
|switch|p2a: Glimmora|Glimmora, M, shiny|100/100
|move|p1a: Cinderace|Sucker Punch||[still]
|-fail|p1a: Cinderace
|
|upkeep
|turn|12
|
|t:|1757924329
|switch|p1a: Corviknight|Corviknight, F|100/100
|-ability|p1a: Corviknight|Pressure
|move|p2a: Glimmora|Stealth Rock|p1a: Corviknight
|-sidestart|p1: tinkt0n|move: Stealth Rock
|
|upkeep
|turn|13
|
|t:|1757924345
|move|p2a: Glimmora|Power Gem|p1a: Corviknight
|-damage|p1a: Corviknight|77/100
|move|p1a: Corviknight|Bulk Up|p1a: Corviknight
|-boost|p1a: Corviknight|atk|1
|-boost|p1a: Corviknight|def|1
|
|-heal|p1a: Corviknight|83/100|[from] item: Leftovers
|upkeep
|turn|14
|
|t:|1757924354
|move|p2a: Glimmora|Power Gem|p1a: Corviknight
|-damage|p1a: Corviknight|59/100
|move|p1a: Corviknight|Bulk Up|p1a: Corviknight
|-boost|p1a: Corviknight|atk|1
|-boost|p1a: Corviknight|def|1
|
|-heal|p1a: Corviknight|65/100|[from] item: Leftovers
|upkeep
|turn|15
|
|t:|1757924359
|switch|p2a: Dragapult|Dragapult, M, shiny|100/100
|move|p1a: Corviknight|Roost|p1a: Corviknight
|-heal|p1a: Corviknight|100/100
|-singleturn|p1a: Corviknight|move: Roost
|
|upkeep
|turn|16
|
|t:|1757924371
|move|p2a: Dragapult|Flamethrower|p1a: Corviknight
|-supereffective|p1a: Corviknight
|-damage|p1a: Corviknight|55/100
|-damage|p2a: Dragapult|91/100|[from] item: Life Orb
|move|p1a: Corviknight|Brave Bird|p2a: Dragapult
|-damage|p2a: Dragapult|0 fnt
|faint|p2a: Dragapult
|-damage|p1a: Corviknight|31/100|[from] Recoil
|
|-heal|p1a: Corviknight|37/100|[from] item: Leftovers
|upkeep
|inactive|STONE CHAI has 120 seconds left.
|
|t:|1757924408
|switch|p2a: Ogerpon|Ogerpon-Wellspring, F|100/100
|turn|17
|
|t:|1757924413
|move|p2a: Ogerpon|Taunt|p1a: Corviknight
|-start|p1a: Corviknight|move: Taunt
|cant|p1a: Corviknight|move: Taunt|Roost
|
|-heal|p1a: Corviknight|43/100|[from] item: Leftovers
|upkeep
|turn|18
|
|t:|1757924432
|switch|p2a: Glimmora|Glimmora, M, shiny|100/100
|switch|p1a: Mandibuzz|Mandibuzz, F|100/100
|
|upkeep
|turn|19
|
|t:|1757924447
|move|p2a: Glimmora|Mortal Spin|p1a: Mandibuzz
|-damage|p1a: Mandibuzz|97/100
|-status|p1a: Mandibuzz|psn
|move|p1a: Mandibuzz|Defog|p2a: Glimmora
|-unboost|p2a: Glimmora|evasion|1
|-sideend|p1: tinkt0n|Stealth Rock|[from] move: Defog|[of] p1a: Mandibuzz
|
|-damage|p1a: Mandibuzz|85/100 psn|[from] psn
|upkeep
|turn|20
|
|t:|1757924459
|switch|p1a: Clodsire|Clodsire, M, shiny|60/100
|move|p2a: Glimmora|Stealth Rock|p1a: Clodsire
|-sidestart|p1: tinkt0n|move: Stealth Rock
|
|-heal|p1a: Clodsire|66/100|[from] item: Leftovers
|upkeep
|turn|21
|
|t:|1757924472
|move|p2a: Glimmora|Earth Power|p1a: Clodsire
|-supereffective|p1a: Clodsire
|-damage|p1a: Clodsire|33/100
|move|p1a: Clodsire|Recover|p1a: Clodsire
|-heal|p1a: Clodsire|83/100
|
|-heal|p1a: Clodsire|89/100|[from] item: Leftovers
|upkeep
|turn|22
|
|t:|1757924488
|move|p2a: Glimmora|Earth Power|p1a: Clodsire
|-supereffective|p1a: Clodsire
|-damage|p1a: Clodsire|52/100
|move|p1a: Clodsire|Toxic|p2a: Glimmora
|-immune|p2a: Glimmora
|
|-heal|p1a: Clodsire|58/100|[from] item: Leftovers
|upkeep
|turn|23
|
|t:|1757924492
|move|p2a: Glimmora|Earth Power|p1a: Clodsire
|-supereffective|p1a: Clodsire
|-damage|p1a: Clodsire|26/100
|-unboost|p1a: Clodsire|spd|1
|move|p1a: Clodsire|Recover|p1a: Clodsire
|-heal|p1a: Clodsire|76/100
|
|-heal|p1a: Clodsire|82/100|[from] item: Leftovers
|upkeep
|turn|24
|
|t:|1757924500
|switch|p1a: Corviknight|Corviknight, F|43/100
|-damage|p1a: Corviknight|31/100|[from] Stealth Rock
|-ability|p1a: Corviknight|Pressure
|move|p2a: Glimmora|Power Gem|p1a: Corviknight
|-damage|p1a: Corviknight|5/100
|
|-heal|p1a: Corviknight|11/100|[from] item: Leftovers
|upkeep
|turn|25
|
|t:|1757924511
|move|p2a: Glimmora|Power Gem|p1a: Corviknight
|-damage|p1a: Corviknight|0 fnt
|faint|p1a: Corviknight
|
|upkeep
|
|t:|1757924518
|switch|p1a: Clodsire|Clodsire, M, shiny|82/100
|-damage|p1a: Clodsire|76/100|[from] Stealth Rock
|turn|26
|
|t:|1757924520
|move|p2a: Glimmora|Earth Power|p1a: Clodsire
|-supereffective|p1a: Clodsire
|-damage|p1a: Clodsire|44/100
|move|p1a: Clodsire|Curse|p1a: Clodsire
|-unboost|p1a: Clodsire|spe|1
|-boost|p1a: Clodsire|atk|1
|-boost|p1a: Clodsire|def|1
|
|-heal|p1a: Clodsire|50/100|[from] item: Leftovers
|upkeep
|turn|27
|
|t:|1757924524
|move|p2a: Glimmora|Earth Power|p1a: Clodsire
|-supereffective|p1a: Clodsire
|-damage|p1a: Clodsire|16/100
|move|p1a: Clodsire|Recover|p1a: Clodsire
|-heal|p1a: Clodsire|66/100
|
|-heal|p1a: Clodsire|72/100|[from] item: Leftovers
|upkeep
|turn|28
|
|t:|1757924528
|move|p2a: Glimmora|Earth Power|p1a: Clodsire
|-supereffective|p1a: Clodsire
|-damage|p1a: Clodsire|40/100
|move|p1a: Clodsire|Recover|p1a: Clodsire
|-heal|p1a: Clodsire|90/100
|
|-heal|p1a: Clodsire|96/100|[from] item: Leftovers
|upkeep
|turn|29
|j| nuzlockingpikachu
|
|t:|1757924535
|move|p2a: Glimmora|Earth Power|p1a: Clodsire
|-supereffective|p1a: Clodsire
|-damage|p1a: Clodsire|64/100
|move|p1a: Clodsire|Earthquake|p2a: Glimmora
|-supereffective|p2a: Glimmora
|-damage|p2a: Glimmora|0 fnt
|-activate|p2a: Glimmora|ability: Toxic Debris
|-sidestart|p1: tinkt0n|move: Toxic Spikes
|faint|p2a: Glimmora
|
|-heal|p1a: Clodsire|70/100|[from] item: Leftovers
|upkeep
|j| 40 crip
|c| 40 crip|ooh
|inactive|STONE CHAI has 120 seconds left.
|l| 40 crip
|
|t:|1757924594
|switch|p2a: Ogerpon|Ogerpon-Wellspring, F|100/100
|turn|30
|j| kopoxokop
|
|t:|1757924605
|switch|p1a: Mandibuzz|Mandibuzz, F|85/100 psn
|move|p2a: Ogerpon|Taunt|p1a: Mandibuzz
|-start|p1a: Mandibuzz|move: Taunt
|
|-damage|p1a: Mandibuzz|72/100 psn|[from] psn
|upkeep
|turn|31
|
|t:|1757924628
|move|p2a: Ogerpon|Spikes|p1a: Mandibuzz
|-sidestart|p1: tinkt0n|Spikes
|move|p1a: Mandibuzz|Foul Play|p2a: Ogerpon
|-damage|p2a: Ogerpon|43/100
|
|-damage|p1a: Mandibuzz|60/100 psn|[from] psn
|upkeep
|turn|32
|
|t:|1757924635
|switch|p1a: Clefable|Clefable, F, tera:Water|55/100 psn
|move|p2a: Ogerpon|Ivy Cudgel|p1a: Clefable|[anim] Ivy Cudgel Water
|-resisted|p1a: Clefable
|-damage|p1a: Clefable|30/100 psn
|
|upkeep
|turn|33
|
|t:|1757924641
|move|p2a: Ogerpon|Taunt|p1a: Clefable
|-start|p1a: Clefable|move: Taunt
|move|p1a: Clefable|Moonblast|p2a: Ogerpon
|-damage|p2a: Ogerpon|0 fnt
|faint|p2a: Ogerpon
|
|upkeep
|j| wgw2333
|
|t:|1757924644
|switch|p2a: Comfey|Comfey, M, shiny|100/100
|turn|34
|
|t:|1757924654
|switch|p1a: Clodsire|Clodsire, M, shiny|70/100
|-damage|p1a: Clodsire|64/100|[from] Stealth Rock
|-sideend|p1: tinkt0n|move: Toxic Spikes|[of] p1a: Clodsire
|-damage|p1a: Clodsire|51/100|[from] Spikes
|move|p2a: Comfey|Calm Mind|p2a: Comfey
|-boost|p2a: Comfey|spa|1
|-boost|p2a: Comfey|spd|1
|
|-heal|p1a: Clodsire|58/100|[from] item: Leftovers
|upkeep
|turn|35
|
|t:|1757924661
|move|p2a: Comfey|Substitute|p2a: Comfey
|-start|p2a: Comfey|Substitute
|-damage|p2a: Comfey|76/100
|move|p1a: Clodsire|Recover|p1a: Clodsire
|-heal|p1a: Clodsire|100/100
|
|upkeep
|turn|36
|
|t:|1757924671
|move|p2a: Comfey|Calm Mind|p2a: Comfey
|-boost|p2a: Comfey|spa|1
|-boost|p2a: Comfey|spd|1
|move|p1a: Clodsire|Earthquake|p2a: Comfey
|-end|p2a: Comfey|Substitute
|
|upkeep
|turn|37
|j| zama-bin-ladderin
|
|t:|1757924679
|move|p2a: Comfey|Substitute|p2a: Comfey
|-start|p2a: Comfey|Substitute
|-damage|p2a: Comfey|51/100
|move|p1a: Clodsire|Earthquake|p2a: Comfey
|-end|p2a: Comfey|Substitute
|
|upkeep
|turn|38
|
|t:|1757924683
|-terastallize|p2a: Comfey|Ground
|move|p2a: Comfey|Tera Blast|p1a: Clodsire|[anim] Tera Blast Ground
|-supereffective|p1a: Clodsire
|-damage|p1a: Clodsire|43/100
|-damage|p2a: Comfey|41/100|[from] item: Life Orb
|move|p1a: Clodsire|Earthquake|p2a: Comfey
|-crit|p2a: Comfey
|-damage|p2a: Comfey|0 fnt
|faint|p2a: Comfey
|
|-heal|p1a: Clodsire|49/100|[from] item: Leftovers
|upkeep
|c|☆tinkt0n|gg
|c|☆STONE CHAI|crit mattered
|c|☆STONE CHAI|for sure
|
|t:|1757924701
|switch|p2a: Blaziken|Blaziken, M, shiny|15/100
|turn|39
|
|t:|1757924720
|move|p2a: Blaziken|Flare Blitz|p1a: Clodsire
|-damage|p1a: Clodsire|0 fnt
|faint|p1a: Clodsire
|-damage|p2a: Blaziken|0 fnt|[from] Recoil
|faint|p2a: Blaziken
|
|win|tinkt0n
|raw|tinkt0n's rating: 1641 &rarr; <strong>1657</strong><br />(+16 for winning)
|raw|STONE CHAI's rating: 1575 &rarr; <strong>1559</strong><br />(-16 for losing)
|c|☆STONE CHAI|couldve swept with d kiss
|c|☆STONE CHAI|after
|l|☆STONE CHAI
|player|p2|
|c|☆tinkt0n|ez
|l|☆tinkt0n
|player|p1|
|l| nuzlockingpikachu
|l| wgw2333
