|j|☆leezee-yy
|j|☆henry151th
|t:|1757928540
|gametype|singles
|player|p1|leezee-yy|steven|1484
|player|p2|henry151th|wallace|1548
|gen|9
|tier|[Gen 9] OU
|rated|
|rule|HP Percentage Mod: HP is shown in percentages
|rule|Endless Battle Clause: Forcing endless battles is banned
|rule|Species Clause: Limit one of each Pokémon
|rule|OHKO Clause: OHKO moves are banned
|rule|Evasion Items Clause: Evasion items are banned
|rule|Evasion Moves Clause: Evasion moves are banned
|rule|Evasion Abilities Clause: Evasion abilities are banned
|rule|Sleep Moves Clause: Sleep-inducing moves are banned
|clearpoke
|poke|p1|Samurott-Hisui, M|
|poke|p1|Kommo-o, M|
|poke|p1|Blaziken, F|
|poke|p1|Rotom-Wash|
|poke|p1|Gengar, F|
|poke|p1|Maushold-Four|
|poke|p2|Raging Bolt|
|poke|p2|Iron Treads|
|poke|p2|Ting-Lu|
|poke|p2|Gholdengo|
|poke|p2|Zamazenta-*|
|poke|p2|Tornadus-Therian, M|
|teampreview
|inactive|Battle timer is ON: inactive players will automatically lose when time's up. (requested by leezee-yy)
|inactive|henry151th has 120 seconds left.
|inactive|henry151th has 90 seconds left.
|inactive|henry151th has 60 seconds left.
|
|t:|1757928637
|teamsize|p1|6
|teamsize|p2|6
|start
|switch|p1a: Rotom|Rotom-Wash|100/100
|switch|p2a: Tornadus|Tornadus-Therian, M|100/100
|turn|1
|
|t:|1757928650
|switch|p2a: Iron Treads|Iron Treads|100/100
|-enditem|p2a: Iron Treads|Booster Energy
|-activate|p2a: Iron Treads|ability: Quark Drive|[fromitem]
|-start|p2a: Iron Treads|quarkdrivespe
|move|p1a: Rotom|Trick|p2a: Iron Treads
|-activate|p1a: Rotom|move: Trick|[of] p2a: Iron Treads
|-item|p2a: Iron Treads|Choice Scarf|[from] move: Trick
|-enditem|p1a: Rotom|Choice Scarf|[silent]|[from] move: Trick
|
|upkeep
|turn|2
|
|t:|1757928655
|move|p2a: Iron Treads|Ice Spinner|p1a: Rotom
|-resisted|p1a: Rotom
|-damage|p1a: Rotom|86/100
|move|p1a: Rotom|Hydro Pump|p2a: Iron Treads
|-supereffective|p2a: Iron Treads
|-crit|p2a: Iron Treads
|-damage|p2a: Iron Treads|0 fnt
|faint|p2a: Iron Treads
|-end|p2a: Iron Treads|Quark Drive|[silent]
|
|upkeep
|
|t:|1757928660
|switch|p2a: Ting-Lu|Ting-Lu|100/100
|-ability|p2a: Ting-Lu|Vessel of Ruin
|turn|3
|
|t:|1757928664
|move|p1a: Rotom|Trick|p2a: Ting-Lu
|-activate|p1a: Rotom|move: Trick|[of] p2a: Ting-Lu
|-enditem|p2a: Ting-Lu|Weakness Policy|[silent]|[from] move: Trick
|-item|p1a: Rotom|Weakness Policy|[from] move: Trick
|move|p2a: Ting-Lu|Payback|p1a: Rotom
|-damage|p1a: Rotom|26/100
|
|upkeep
|turn|4
|
|t:|1757928669
|move|p1a: Rotom|Will-O-Wisp|p2a: Ting-Lu
|-status|p2a: Ting-Lu|brn
|move|p2a: Ting-Lu|Payback|p1a: Rotom
|-damage|p1a: Rotom|0 fnt
|faint|p1a: Rotom
|
|-damage|p2a: Ting-Lu|94/100 brn|[from] brn
|upkeep
|
|t:|1757928674
|switch|p1a: Samurott|Samurott-Hisui, M, shiny|100/100
|turn|5
|
|t:|1757928701
|move|p1a: Samurott|Ceaseless Edge|p2a: Ting-Lu
|-resisted|p2a: Ting-Lu
|-damage|p2a: Ting-Lu|78/100 brn
|-sidestart|p2: henry151th|Spikes
|move|p2a: Ting-Lu|Stealth Rock|p1a: Samurott
|-sidestart|p1: leezee-yy|move: Stealth Rock
|
|-damage|p2a: Ting-Lu|72/100 brn|[from] brn
|upkeep
|turn|6
|
|t:|1757928708
|move|p1a: Samurott|Ceaseless Edge|p2a: Ting-Lu
|-resisted|p2a: Ting-Lu
|-damage|p2a: Ting-Lu|58/100 brn
|-sidestart|p2: henry151th|Spikes
|move|p2a: Ting-Lu|Ruination|p1a: Samurott
|-damage|p1a: Samurott|50/100
|
|-damage|p2a: Ting-Lu|51/100 brn|[from] brn
|upkeep
|turn|7
|
|t:|1757928716
|move|p1a: Samurott|Aqua Cutter|p2a: Ting-Lu
|-supereffective|p2a: Ting-Lu
|-damage|p2a: Ting-Lu|1/100 brn
|move|p2a: Ting-Lu|Earthquake|p1a: Samurott
|-damage|p1a: Samurott|26/100
|
|-damage|p2a: Ting-Lu|0 fnt|[from] brn
|faint|p2a: Ting-Lu
|upkeep
|
|t:|1757928722
|switch|p2a: Tornadus|Tornadus-Therian, M|100/100
|turn|8
|
|t:|1757928732
|move|p2a: Tornadus|Nasty Plot|p2a: Tornadus
|-boost|p2a: Tornadus|spa|2
|move|p1a: Samurott|Ceaseless Edge|p2a: Tornadus
|-damage|p2a: Tornadus|15/100
|-sidestart|p2: henry151th|Spikes
|
|upkeep
|turn|9
|
|t:|1757928745
|move|p1a: Samurott|Sucker Punch|p2a: Tornadus
|-damage|p2a: Tornadus|0 fnt
|faint|p2a: Tornadus
|
|upkeep
|
|t:|1757928750
|switch|p2a: Raging Bolt|Raging Bolt|100/100
|-damage|p2a: Raging Bolt|76/100|[from] Spikes
|-enditem|p2a: Raging Bolt|Booster Energy
|-activate|p2a: Raging Bolt|ability: Protosynthesis|[fromitem]
|-start|p2a: Raging Bolt|protosynthesisspa
|turn|10
|
|t:|1757928769
|move|p1a: Samurott|Sucker Punch||[still]
|-fail|p1a: Samurott
|move|p2a: Raging Bolt|Calm Mind|p2a: Raging Bolt
|-boost|p2a: Raging Bolt|spa|1
|-boost|p2a: Raging Bolt|spd|1
|
|upkeep
|turn|11
|
|t:|1757928789
|switch|p1a: Gengar|Gengar, F|100/100
|-damage|p1a: Gengar|88/100|[from] Stealth Rock
|move|p2a: Raging Bolt|Thunderclap||[still]
|-fail|p2a: Raging Bolt
|
|upkeep
|turn|12
|
|t:|1757928794
|move|p1a: Gengar|Encore|p2a: Raging Bolt
|-start|p2a: Raging Bolt|Encore
|move|p2a: Raging Bolt|Thunderclap||[still]
|-fail|p2a: Raging Bolt
|
|upkeep
|turn|13
|
|t:|1757928808
|switch|p1a: Kommo-o|Kommo-o, M|100/100
|-damage|p1a: Kommo-o|94/100|[from] Stealth Rock
|move|p2a: Raging Bolt|Thunderclap||[still]
|-fail|p2a: Raging Bolt
|
|-heal|p1a: Kommo-o|100/100|[from] item: Leftovers
|upkeep
|turn|14
|
|t:|1757928813
|move|p2a: Raging Bolt|Thunderclap||[still]
|-fail|p2a: Raging Bolt
|move|p1a: Kommo-o|Clangorous Soul|p1a: Kommo-o
|-boost|p1a: Kommo-o|atk|1
|-boost|p1a: Kommo-o|def|1
|-boost|p1a: Kommo-o|spa|1
|-boost|p1a: Kommo-o|spd|1
|-boost|p1a: Kommo-o|spe|1
|-damage|p1a: Kommo-o|68/100
|
|-heal|p1a: Kommo-o|74/100|[from] item: Leftovers
|-end|p2a: Raging Bolt|Encore
|upkeep
|turn|15
|
|t:|1757928825
|-terastallize|p2a: Raging Bolt|Fairy
|move|p1a: Kommo-o|Ice Punch|p2a: Raging Bolt
|-damage|p2a: Raging Bolt|47/100
|move|p2a: Raging Bolt|Dragon Pulse|p1a: Kommo-o
|-supereffective|p1a: Kommo-o
|-damage|p1a: Kommo-o|0 fnt
|faint|p1a: Kommo-o
|
|upkeep
|
|t:|1757928836
|switch|p1a: Gengar|Gengar, F|88/100
|-damage|p1a: Gengar|76/100|[from] Stealth Rock
|turn|16
|
|t:|1757928848
|move|p1a: Gengar|Sludge Bomb|p2a: Raging Bolt
|-supereffective|p2a: Raging Bolt
|-damage|p2a: Raging Bolt|0 fnt
|faint|p2a: Raging Bolt
|-end|p2a: Raging Bolt|Protosynthesis|[silent]
|
|upkeep
|
|t:|1757928851
|switch|p2a: Zamazenta|Zamazenta|100/100
|-damage|p2a: Zamazenta|76/100|[from] Spikes
|-ability|p2a: Zamazenta|Dauntless Shield|boost
|-boost|p2a: Zamazenta|def|1
|turn|17
|
|t:|1757928864
|switch|p1a: Samurott|Samurott-Hisui, M, shiny|26/100
|-damage|p1a: Samurott|14/100|[from] Stealth Rock
|move|p2a: Zamazenta|Crunch|p1a: Samurott
|-resisted|p1a: Samurott
|-damage|p1a: Samurott|3/100
|
|-heal|p2a: Zamazenta|82/100|[from] item: Leftovers
|upkeep
|turn|18
|
|t:|1757928871
|move|p2a: Zamazenta|Iron Defense|p2a: Zamazenta
|-boost|p2a: Zamazenta|def|2
|move|p1a: Samurott|Ceaseless Edge|p2a: Zamazenta
|-resisted|p2a: Zamazenta
|-damage|p2a: Zamazenta|73/100
|
|-heal|p2a: Zamazenta|79/100|[from] item: Leftovers
|upkeep
|turn|19
|
|t:|1757928879
|switch|p1a: Maushold|Maushold-Four|100/100
|-damage|p1a: Maushold|88/100|[from] Stealth Rock
|move|p2a: Zamazenta|Crunch|p1a: Maushold
|-damage|p1a: Maushold|55/100
|
|-heal|p2a: Zamazenta|85/100|[from] item: Leftovers
|upkeep
|turn|20
|
|t:|1757928887
|move|p2a: Zamazenta|Body Press|p1a: Maushold
|-supereffective|p1a: Maushold
|-damage|p1a: Maushold|0 fnt
|faint|p1a: Maushold
|
|-heal|p2a: Zamazenta|91/100|[from] item: Leftovers
|upkeep
|-message|leezee-yy forfeited.
|
|win|henry151th
|raw|leezee-yy's rating: 1484 &rarr; <strong>1468</strong><br />(-16 for losing)
|raw|henry151th's rating: 1548 &rarr; <strong>1564</strong><br />(+16 for winning)
|l|☆leezee-yy
|player|p1|
