|j|☆10086qaz
|j|☆adow
|t:|1757833920
|gametype|singles
|player|p1|10086qaz|dawn-gen4pt|1307
|player|p2|adow|veteran|1246
|gen|9
|tier|[Gen 9] OU
|rated|
|rule|HP Percentage Mod: HP is shown in percentages
|rule|Endless Battle Clause: Forcing endless battles is banned
|rule|Species Clause: Limit one of each Pokémon
|rule|OHKO Clause: OHKO moves are banned
|rule|Evasion Items Clause: Evasion items are banned
|rule|Evasion Moves Clause: Evasion moves are banned
|rule|Evasion Abilities Clause: Evasion abilities are banned
|rule|Sleep Moves Clause: Sleep-inducing moves are banned
|clearpoke
|poke|p1|Scizor, F|
|poke|p1|Landorus-Therian, M|
|poke|p1|Raging Bolt|
|poke|p1|Ogerpon-Wellspring, F|
|poke|p1|Gholdengo|
|poke|p1|Cinderace, F|
|poke|p2|Toucannon, M|
|poke|p2|Incineroar, M|
|poke|p2|Komala, F|
|poke|p2|Ninetales-Alola, F|
|poke|p2|Electrode-Hisui|
|poke|p2|Kommo-o, F|
|teampreview
|inactive|Battle timer is ON: inactive players will automatically lose when time's up. (requested by 10086qaz)
|
|t:|1757833935
|teamsize|p1|6
|teamsize|p2|6
|start
|switch|p1a: Cinderace|Cinderace, F|100/100
|switch|p2a: Incineroar|Incineroar, M|100/100
|-ability|p2a: Incineroar|Intimidate|boost
|-unboost|p1a: Cinderace|atk|1
|turn|1
|
|t:|1757833940
|move|p1a: Cinderace|High Jump Kick|p2a: Incineroar
|-start|p1a: Cinderace|typechange|Fighting|[from] ability: Libero
|-supereffective|p2a: Incineroar
|-damage|p2a: Incineroar|47/100
|move|p2a: Incineroar|Knock Off|p1a: Cinderace
|-resisted|p1a: Cinderace
|-damage|p1a: Cinderace|74/100
|-enditem|p1a: Cinderace|Heavy-Duty Boots|[from] move: Knock Off|[of] p2a: Incineroar
|
|upkeep
|turn|2
|
|t:|1757833959
|switch|p2a: Electrode|Electrode-Hisui|100/100
|move|p1a: Cinderace|U-turn|p2a: Electrode
|-supereffective|p2a: Electrode
|-damage|p2a: Electrode|60/100
|-damage|p1a: Cinderace|57/100|[from] item: Rocky Helmet|[of] p2a: Electrode
|
|t:|1757833965
|switch|p1a: Landorus|Landorus-Therian, M|100/100|[from] U-turn
|-ability|p1a: Landorus|Intimidate|boost
|-unboost|p2a: Electrode|atk|1
|
|upkeep
|turn|3
|
|t:|1757833972
|move|p2a: Electrode|Giga Drain|p1a: Landorus
|-damage|p1a: Landorus|81/100
|-heal|p2a: Electrode|70/100|[from] drain|[of] p1a: Landorus
|move|p1a: Landorus|Earthquake|p2a: Electrode
|-crit|p2a: Electrode
|-damage|p2a: Electrode|0 fnt
|faint|p2a: Electrode
|
|upkeep
|
|t:|1757833986
|switch|p2a: Ninetales|Ninetales-Alola, F, shiny|100/100
|-weather|Snowscape|[from] ability: Snow Warning|[of] p2a: Ninetales
|turn|4
|
|t:|1757833989
|switch|p1a: Cinderace|Cinderace, F|57/100
|move|p2a: Ninetales|Aurora Veil|p2a: Ninetales
|-sidestart|p2: adow|move: Aurora Veil
|
|-weather|Snowscape|[upkeep]
|upkeep
|turn|5
|
|t:|1757833992
|move|p1a: Cinderace|Court Change|p1a: Cinderace
|-start|p1a: Cinderace|typechange|Normal|[from] ability: Libero
|-swapsideconditions
|-activate|p1a: Cinderace|move: Court Change
|move|p2a: Ninetales|Encore|p1a: Cinderace
|-start|p1a: Cinderace|Encore
|
|-weather|Snowscape|[upkeep]
|upkeep
|turn|6
|
|t:|1757833997
|switch|p1a: Scizor|Scizor, F|100/100
|move|p2a: Ninetales|Aurora Veil|p2a: Ninetales
|-sidestart|p2: adow|move: Aurora Veil
|
|-weather|Snowscape|[upkeep]
|upkeep
|turn|7
|
|t:|1757834001
|switch|p2a: Incineroar|Incineroar, M|47/100
|-ability|p2a: Incineroar|Intimidate|boost
|-unboost|p1a: Scizor|atk|1
|move|p1a: Scizor|U-turn|p2a: Incineroar
|-damage|p2a: Incineroar|32/100
|
|t:|1757834008
|switch|p1a: Landorus|Landorus-Therian, M|81/100|[from] U-turn
|-ability|p1a: Landorus|Intimidate|boost
|-unboost|p2a: Incineroar|atk|1
|
|-weather|Snowscape|[upkeep]
|upkeep
|turn|8
|
|t:|1757834017
|switch|p2a: Toucannon|Toucannon, M|100/100
|move|p1a: Landorus|Earthquake|p2a: Toucannon
|-immune|p2a: Toucannon
|
|-weather|none
|upkeep
|turn|9
|
|t:|1757834020
|-singleturn|p2a: Toucannon|move: Beak Blast
|move|p1a: Landorus|Stone Edge|p2a: Toucannon
|-supereffective|p2a: Toucannon
|-crit|p2a: Toucannon
|-damage|p2a: Toucannon|11/100
|move|p2a: Toucannon|Beak Blast|p1a: Landorus
|-damage|p1a: Landorus|56/100
|
|upkeep
|turn|10
|
|t:|1757834029
|move|p1a: Landorus|Stone Edge|p2a: Toucannon
|-supereffective|p2a: Toucannon
|-crit|p2a: Toucannon
|-damage|p2a: Toucannon|0 fnt
|faint|p2a: Toucannon
|
|upkeep
|
|t:|1757834032
|switch|p2a: Kommo-o|Kommo-o, F|100/100
|turn|11
|
|t:|1757834038
|-terastallize|p1a: Landorus|Flying
|move|p1a: Landorus|Tera Blast|p2a: Kommo-o|[anim] Tera Blast Flying
|-supereffective|p2a: Kommo-o
|-damage|p2a: Kommo-o|40/100
|move|p2a: Kommo-o|Clangorous Soul|p2a: Kommo-o
|-boost|p2a: Kommo-o|atk|1
|-boost|p2a: Kommo-o|def|1
|-boost|p2a: Kommo-o|spa|1
|-boost|p2a: Kommo-o|spd|1
|-boost|p2a: Kommo-o|spe|1
|-damage|p2a: Kommo-o|7/100
|
|-heal|p2a: Kommo-o|13/100|[from] item: Leftovers
|-sideend|p1: 10086qaz|move: Aurora Veil
|upkeep
|turn|12
|
|t:|1757834057
|-terastallize|p2a: Kommo-o|Steel
|move|p2a: Kommo-o|Flash Cannon|p1a: Landorus
|-damage|p1a: Landorus|13/100
|move|p1a: Landorus|Tera Blast|p2a: Kommo-o|[anim] Tera Blast Flying
|-resisted|p2a: Kommo-o
|-damage|p2a: Kommo-o|3/100
|
|-heal|p2a: Kommo-o|9/100|[from] item: Leftovers
|upkeep
|turn|13
|
|t:|1757834068
|move|p2a: Kommo-o|Drain Punch|p1a: Landorus
|-resisted|p1a: Landorus
|-damage|p1a: Landorus|0 fnt
|-heal|p2a: Kommo-o|16/100|[from] drain|[of] p1a: Landorus
|faint|p1a: Landorus
|
|-heal|p2a: Kommo-o|22/100|[from] item: Leftovers
|-sideend|p2: adow|move: Aurora Veil
|upkeep
|
|t:|1757834074
|switch|p1a: Raging Bolt|Raging Bolt|100/100
|-enditem|p1a: Raging Bolt|Booster Energy
|-activate|p1a: Raging Bolt|ability: Protosynthesis|[fromitem]
|-start|p1a: Raging Bolt|protosynthesisspa
|turn|14
|
|t:|1757834087
|move|p1a: Raging Bolt|Thunderclap||[still]
|-fail|p1a: Raging Bolt
|move|p2a: Kommo-o|Clangorous Soul||[still]
|-fail|p2a: Kommo-o
|
|-heal|p2a: Kommo-o|28/100|[from] item: Leftovers
|upkeep
|turn|15
|
|t:|1757834100
|move|p1a: Raging Bolt|Thunderclap|p2a: Kommo-o
|-damage|p2a: Kommo-o|0 fnt
|faint|p2a: Kommo-o
|
|upkeep
|
|t:|1757834104
|switch|p2a: Ninetales|Ninetales-Alola, F, shiny|100/100
|-weather|Snowscape|[from] ability: Snow Warning|[of] p2a: Ninetales
|turn|16
|
|t:|1757834106
|move|p2a: Ninetales|Aurora Veil|p2a: Ninetales
|-sidestart|p2: adow|move: Aurora Veil
|move|p1a: Raging Bolt|Thunderbolt|p2a: Ninetales
|-damage|p2a: Ninetales|70/100
|
|-weather|Snowscape|[upkeep]
|upkeep
|turn|17
|
|t:|1757834111
|-end|p1a: Raging Bolt|Protosynthesis|[silent]
|switch|p1a: Scizor|Scizor, F|100/100
|move|p2a: Ninetales|Freeze-Dry|p1a: Scizor
|-resisted|p1a: Scizor
|-damage|p1a: Scizor|85/100
|
|-weather|Snowscape|[upkeep]
|upkeep
|turn|18
|
|t:|1757834117
|switch|p2a: Incineroar|Incineroar, M|32/100
|-ability|p2a: Incineroar|Intimidate|boost
|-unboost|p1a: Scizor|atk|1
|move|p1a: Scizor|Bullet Punch|p2a: Incineroar
|-resisted|p2a: Incineroar
|-damage|p2a: Incineroar|26/100
|
|-weather|Snowscape|[upkeep]
|upkeep
|turn|19
|
|t:|1757834123
|switch|p1a: Cinderace|Cinderace, F|57/100
|move|p2a: Incineroar|Knock Off|p1a: Cinderace
|-damage|p1a: Cinderace|22/100
|
|-weather|Snowscape|[upkeep]
|upkeep
|turn|20
|
|t:|1757834128
|move|p1a: Cinderace|Court Change|p1a: Cinderace
|-start|p1a: Cinderace|typechange|Normal|[from] ability: Libero
|-swapsideconditions
|-activate|p1a: Cinderace|move: Court Change
|move|p2a: Incineroar|Will-O-Wisp|p1a: Cinderace
|-status|p1a: Cinderace|brn
|
|-weather|none
|-damage|p1a: Cinderace|16/100 brn|[from] brn
|upkeep
|turn|21
|
|t:|1757834134
|move|p1a: Cinderace|U-turn|p2a: Incineroar
|-damage|p2a: Incineroar|18/100
|
|t:|1757834139
|switch|p1a: Raging Bolt|Raging Bolt|100/100|[from] U-turn
|move|p2a: Incineroar|Parting Shot|p1a: Raging Bolt
|-unboost|p1a: Raging Bolt|atk|1
|-unboost|p1a: Raging Bolt|spa|1
|
|t:|1757834142
|switch|p2a: Ninetales|Ninetales-Alola, F, shiny|70/100|[from] Parting Shot
|-weather|Snowscape|[from] ability: Snow Warning|[of] p2a: Ninetales
|
|-weather|Snowscape|[upkeep]
|upkeep
|turn|22
|
|t:|1757834145
|-end|p1a: Raging Bolt|Protosynthesis|[silent]
|switch|p1a: Scizor|Scizor, F|85/100
|move|p2a: Ninetales|Aurora Veil|p2a: Ninetales
|-sidestart|p2: adow|move: Aurora Veil
|
|-weather|Snowscape|[upkeep]
|upkeep
|turn|23
|
|t:|1757834152
|move|p2a: Ninetales|Encore||[still]
|-fail|p2a: Ninetales
|move|p1a: Scizor|U-turn|p2a: Ninetales
|-resisted|p2a: Ninetales
|-damage|p2a: Ninetales|58/100
|
|t:|1757834159
|switch|p1a: Cinderace|Cinderace, F|16/100 brn|[from] U-turn
|
|-weather|Snowscape|[upkeep]
|-damage|p1a: Cinderace|10/100 brn|[from] brn
|-sideend|p1: 10086qaz|move: Aurora Veil
|upkeep
|turn|24
|
|t:|1757834163
|move|p1a: Cinderace|Pyro Ball|p2a: Ninetales
|-supereffective|p2a: Ninetales
|-damage|p2a: Ninetales|37/100
|move|p2a: Ninetales|Aurora Veil||[still]
|-fail|p2a: Ninetales
|
|-weather|Snowscape|[upkeep]
|-damage|p1a: Cinderace|4/100 brn|[from] brn
|upkeep
|turn|25
|
|t:|1757834171
|move|p1a: Cinderace|Court Change|p1a: Cinderace
|-start|p1a: Cinderace|typechange|Normal|[from] ability: Libero
|-swapsideconditions
|-activate|p1a: Cinderace|move: Court Change
|move|p2a: Ninetales|Aurora Veil|p2a: Ninetales
|-sidestart|p2: adow|move: Aurora Veil
|
|-weather|none
|-damage|p1a: Cinderace|0 fnt|[from] brn
|faint|p1a: Cinderace
|upkeep
|
|t:|1757834177
|switch|p1a: Scizor|Scizor, F|85/100
|turn|26
|
|t:|1757834184
|move|p1a: Scizor|Bullet Punch|p2a: Ninetales
|-supereffective|p2a: Ninetales
|-damage|p2a: Ninetales|0 fnt
|faint|p2a: Ninetales
|
|upkeep
|
|t:|1757834186
|switch|p2a: Komala|Komala, F|100/100
|-ability|p2a: Komala|Comatose
|turn|27
|
|t:|1757834189
|switch|p1a: Gholdengo|Gholdengo|100/100
|-item|p1a: Gholdengo|Air Balloon
|move|p2a: Komala|Wish|p2a: Komala
|
|upkeep
|turn|28
|
|t:|1757834199
|move|p1a: Gholdengo|Nasty Plot|p1a: Gholdengo
|-boost|p1a: Gholdengo|spa|2
|move|p2a: Komala|U-turn|p1a: Gholdengo
|-resisted|p1a: Gholdengo
|-damage|p1a: Gholdengo|99/100
|-enditem|p1a: Gholdengo|Air Balloon
|
|t:|1757834201
|switch|p2a: Incineroar|Incineroar, M|18/100|[from] U-turn
|-ability|p2a: Incineroar|Intimidate|boost
|-unboost|p1a: Gholdengo|atk|1
|
|-heal|p2a: Incineroar|61/100|[from] move: Wish|[wisher] Komala
|upkeep
|turn|29
|
|t:|1757834208
|move|p1a: Gholdengo|Shadow Ball|p2a: Incineroar
|-resisted|p2a: Incineroar
|-damage|p2a: Incineroar|38/100
|move|p2a: Incineroar|Flare Blitz|p1a: Gholdengo
|-supereffective|p1a: Gholdengo
|-crit|p1a: Gholdengo
|-damage|p1a: Gholdengo|0 fnt
|faint|p1a: Gholdengo
|-damage|p2a: Incineroar|7/100|[from] Recoil
|
|-sideend|p1: 10086qaz|move: Aurora Veil
|upkeep
|
|t:|1757834214
|switch|p1a: Raging Bolt|Raging Bolt|100/100
|turn|30
|
|t:|1757834221
|move|p1a: Raging Bolt|Thunderbolt|p2a: Incineroar
|-crit|p2a: Incineroar
|-damage|p2a: Incineroar|0 fnt
|faint|p2a: Incineroar
|
|upkeep
|
|t:|1757834223
|switch|p2a: Komala|Komala, F|100/100
|-ability|p2a: Komala|Comatose
|turn|31
|
|t:|1757834227
|move|p1a: Raging Bolt|Thunderbolt|p2a: Komala
|-damage|p2a: Komala|71/100
|move|p2a: Komala|Rapid Spin|p1a: Raging Bolt
|-damage|p1a: Raging Bolt|83/100
|-boost|p2a: Komala|spe|1
|
|-heal|p2a: Komala|77/100|[from] item: Leftovers
|upkeep
|turn|32
|
|t:|1757834230
|move|p2a: Komala|Rapid Spin|p1a: Raging Bolt
|-damage|p1a: Raging Bolt|68/100
|-boost|p2a: Komala|spe|1
|move|p1a: Raging Bolt|Thunderbolt|p2a: Komala
|-damage|p2a: Komala|50/100
|
|-heal|p2a: Komala|56/100|[from] item: Leftovers
|-sideend|p2: adow|move: Aurora Veil
|upkeep
|turn|33
|
|t:|1757834233
|move|p2a: Komala|Wish|p2a: Komala
|move|p1a: Raging Bolt|Calm Mind|p1a: Raging Bolt
|-boost|p1a: Raging Bolt|spa|1
|-boost|p1a: Raging Bolt|spd|1
|
|-heal|p2a: Komala|62/100|[from] item: Leftovers
|upkeep
|turn|34
|-message|adow forfeited.
|
|win|10086qaz
|raw|10086qaz's rating: 1307 &rarr; <strong>1324</strong><br />(+17 for winning)
|raw|adow's rating: 1246 &rarr; <strong>1225</strong><br />(-21 for losing)
|l|☆adow
|player|p2|
|l|☆10086qaz
|player|p1|
