|j|☆CarrotStix
|j|☆ccshifty
|t:|1757908824
|gametype|singles
|player|p1|CarrotStix|plasmagruntf-gen5bw|1260
|player|p2|ccshifty|2|1317
|gen|9
|tier|[Gen 9] OU
|rated|
|rule|HP Percentage Mod: HP is shown in percentages
|rule|Endless Battle Clause: Forcing endless battles is banned
|rule|Species Clause: Limit one of each Pokémon
|rule|OHKO Clause: OHKO moves are banned
|rule|Evasion Items Clause: Evasion items are banned
|rule|Evasion Moves Clause: Evasion moves are banned
|rule|Evasion Abilities Clause: Evasion abilities are banned
|rule|Sleep Moves Clause: Sleep-inducing moves are banned
|clearpoke
|poke|p1|Great Tusk|
|poke|p1|Lilligant, F|
|poke|p1|Walking Wake|
|poke|p1|Torkoal, F|
|poke|p1|Raging Bolt|
|poke|p1|Cinderace, M|
|poke|p2|Garchomp, M|
|poke|p2|Ogerpon-Wellspring, F|
|poke|p2|Iron Valiant|
|poke|p2|Slowking-Galar, M|
|poke|p2|Gholdengo|
|poke|p2|Great Tusk|
|teampreview
|
|t:|1757908914
|teamsize|p1|6
|teamsize|p2|6
|start
|switch|p1a: Rakwis|Torkoal, F, shiny|100/100
|switch|p2a: Garchomp|Garchomp, M|100/100
|-weather|SunnyDay|[from] ability: Drought|[of] p1a: Rakwis
|turn|1
|inactive|Battle timer is ON: inactive players will automatically lose when time's up. (requested by ccshifty)
|
|t:|1757909039
|move|p2a: Garchomp|Stealth Rock|p1a: Rakwis
|-sidestart|p1: CarrotStix|move: Stealth Rock
|move|p1a: Rakwis|Stealth Rock|p2a: Garchomp
|-sidestart|p2: ccshifty|move: Stealth Rock
|
|-weather|SunnyDay|[upkeep]
|upkeep
|turn|2
|
|t:|1757909064
|switch|p1a: U. ostrommaysi|Walking Wake|100/100
|-damage|p1a: U. ostrommaysi|88/100|[from] Stealth Rock
|-activate|p1a: U. ostrommaysi|ability: Protosynthesis
|-start|p1a: U. ostrommaysi|protosynthesisspa
|move|p2a: Garchomp|Spikes|p1a: U. ostrommaysi
|-sidestart|p1: CarrotStix|Spikes
|
|-weather|SunnyDay|[upkeep]
|upkeep
|turn|3
|inactive|ccshifty has 120 seconds left.
|
|t:|1757909108
|switch|p2a: Ogerpon|Ogerpon-Wellspring, F|100/100
|-damage|p2a: Ogerpon|88/100|[from] Stealth Rock
|move|p1a: U. ostrommaysi|Dragon Pulse|p2a: Ogerpon
|-damage|p2a: Ogerpon|21/100
|
|-weather|SunnyDay|[upkeep]
|upkeep
|turn|4
|inactive|ccshifty has 90 seconds left.
|inactive|CarrotStix has 120 seconds left.
|inactive|CarrotStix has 90 seconds left.
|
|t:|1757909186
|switch|p2a: Iron Valiant|Iron Valiant|100/100
|-damage|p2a: Iron Valiant|94/100|[from] Stealth Rock
|-enditem|p2a: Iron Valiant|Booster Energy
|-activate|p2a: Iron Valiant|ability: Quark Drive|[fromitem]
|-start|p2a: Iron Valiant|quarkdrivespe
|move|p1a: U. ostrommaysi|Dragon Pulse|p2a: Iron Valiant
|-immune|p2a: Iron Valiant
|
|-weather|SunnyDay|[upkeep]
|upkeep
|turn|5
|inactive|ccshifty has 60 seconds left.
|
|t:|1757909223
|-end|p1a: U. ostrommaysi|Protosynthesis|[silent]
|switch|p1a: The Fool|Cinderace, M|100/100
|-damage|p1a: The Fool|76/100|[from] Stealth Rock
|-damage|p1a: The Fool|63/100|[from] Spikes
|move|p2a: Iron Valiant|Close Combat|p1a: The Fool
|-damage|p1a: The Fool|0 fnt
|-unboost|p2a: Iron Valiant|def|1
|-unboost|p2a: Iron Valiant|spd|1
|faint|p1a: The Fool
|
|-weather|SunnyDay|[upkeep]
|upkeep
|inactive|CarrotStix has 60 seconds left.
|inactive|CarrotStix has 30 seconds left.
|inactive|CarrotStix has 20 seconds left.
|inactive|CarrotStix has 15 seconds left.
|inactive|CarrotStix has 10 seconds left.
|inactive|CarrotStix has 5 seconds left.
|
|t:|1757909302
|switch|p1a: Ichirin|Raging Bolt|100/100
|-damage|p1a: Ichirin|88/100|[from] Stealth Rock
|-damage|p1a: Ichirin|76/100|[from] Spikes
|-activate|p1a: Ichirin|ability: Protosynthesis
|-start|p1a: Ichirin|protosynthesisspa
|turn|6
|inactive|CarrotStix has 15 seconds left this turn.
|inactive|CarrotStix has 10 seconds left.
|inactive|ccshifty has 60 seconds left.
|
|t:|1757909321
|move|p1a: Ichirin|Thunderclap|p2a: Iron Valiant
|-crit|p2a: Iron Valiant
|-damage|p2a: Iron Valiant|0 fnt
|faint|p2a: Iron Valiant
|-end|p2a: Iron Valiant|Quark Drive|[silent]
|
|-weather|SunnyDay|[upkeep]
|-heal|p1a: Ichirin|82/100|[from] item: Leftovers
|upkeep
|
|t:|1757909346
|switch|p2a: Great Tusk|Great Tusk|100/100
|-activate|p2a: Great Tusk|ability: Protosynthesis
|-start|p2a: Great Tusk|protosynthesisatk
|turn|7
|inactive|CarrotStix has 25 seconds left this turn.
|inactive|CarrotStix has 20 seconds left.
|inactive|CarrotStix has 15 seconds left.
|inactive|CarrotStix has 10 seconds left.
|inactive|ccshifty has 30 seconds left.
|inactive|CarrotStix has 5 seconds left.
|
|t:|1757909367
|-end|p2a: Great Tusk|Protosynthesis|[silent]
|switch|p2a: Slowking|Slowking-Galar, M|100/100
|-terastallize|p1a: Ichirin|Grass
|move|p1a: Ichirin|Tera Blast|p2a: Slowking|[anim] Tera Blast Grass
|-resisted|p2a: Slowking
|-damage|p2a: Slowking|81/100
|
|-weather|SunnyDay|[upkeep]
|-heal|p1a: Ichirin|88/100|[from] item: Leftovers
|upkeep
|turn|8
|inactive|CarrotStix has 15 seconds left this turn.
|inactive|CarrotStix has 10 seconds left.
|inactive|ccshifty has 30 seconds left.
|
|t:|1757909378
|-end|p1a: Ichirin|Protosynthesis|[silent]
|switch|p1a: U. ostrommaysi|Walking Wake|88/100
|-damage|p1a: U. ostrommaysi|76/100|[from] Stealth Rock
|-damage|p1a: U. ostrommaysi|63/100|[from] Spikes
|-activate|p1a: U. ostrommaysi|ability: Protosynthesis
|-start|p1a: U. ostrommaysi|protosynthesisspa
|move|p2a: Slowking|Sludge Bomb|p1a: U. ostrommaysi
|-damage|p1a: U. ostrommaysi|24/100
|
|-weather|none
|-end|p1a: U. ostrommaysi|Protosynthesis
|upkeep
|turn|9
|inactive|CarrotStix has 20 seconds left this turn.
|inactive|CarrotStix has 15 seconds left.
|inactive|ccshifty has 30 seconds left.
|
|t:|1757909390
|move|p1a: U. ostrommaysi|Draco Meteor|p2a: Slowking|[miss]
|-miss|p1a: U. ostrommaysi|p2a: Slowking
|move|p2a: Slowking|Sludge Bomb|p1a: U. ostrommaysi
|-crit|p1a: U. ostrommaysi
|-damage|p1a: U. ostrommaysi|0 fnt
|faint|p1a: U. ostrommaysi
|-end|p1a: U. ostrommaysi|Protosynthesis|[silent]
|
|upkeep
|inactive|CarrotStix has 20 seconds left this turn.
|
|t:|1757909394
|switch|p1a: Rakwis|Torkoal, F, shiny|100/100
|-damage|p1a: Rakwis|76/100|[from] Stealth Rock
|-damage|p1a: Rakwis|63/100|[from] Spikes
|-weather|SunnyDay|[from] ability: Drought|[of] p1a: Rakwis
|turn|10
|inactive|CarrotStix has 30 seconds left this turn.
|
|t:|1757909402
|move|p1a: Rakwis|Rapid Spin|p2a: Slowking
|-damage|p2a: Slowking|73/100
|-boost|p1a: Rakwis|spe|1
|-sideend|p1: CarrotStix|Spikes|[from] move: Rapid Spin|[of] p1a: Rakwis
|-sideend|p1: CarrotStix|Stealth Rock|[from] move: Rapid Spin|[of] p1a: Rakwis
|-prepare|p2a: Slowking|Chilly Reception|[premajor]
|move|p2a: Slowking|Chilly Reception|p2a: Slowking
|-weather|Snowscape
|inactive|ccshifty has 30 seconds left.
|
|t:|1757909415
|switch|p2a: Garchomp|Garchomp, M|100/100|[from] Chilly Reception
|-damage|p2a: Garchomp|94/100|[from] Stealth Rock
|
|-weather|Snowscape|[upkeep]
|upkeep
|turn|11
|
|t:|1757909421
|switch|p1a: La Javelina|Great Tusk|100/100
|move|p2a: Garchomp|Earthquake|p1a: La Javelina
|-damage|p1a: La Javelina|70/100
|
|-weather|Snowscape|[upkeep]
|upkeep
|turn|12
|inactive|ccshifty has 30 seconds left.
|inactive|ccshifty has 20 seconds left.
|inactive|ccshifty has 15 seconds left.
|inactive|ccshifty has 10 seconds left.
|
|t:|1757909458
|switch|p2a: Ogerpon|Ogerpon-Wellspring, F|21/100
|-damage|p2a: Ogerpon|9/100|[from] Stealth Rock
|move|p1a: La Javelina|Rapid Spin|p2a: Ogerpon
|-damage|p2a: Ogerpon|0 fnt
|-boost|p1a: La Javelina|spe|1
|faint|p2a: Ogerpon
|
|-weather|Snowscape|[upkeep]
|upkeep
|inactive|ccshifty has 15 seconds left this turn.
|inactive|ccshifty has 10 seconds left.
|
|t:|1757909468
|switch|p2a: Gholdengo|Gholdengo|100/100
|-damage|p2a: Gholdengo|94/100|[from] Stealth Rock
|-item|p2a: Gholdengo|Air Balloon
|turn|13
|inactive|ccshifty has 20 seconds left this turn.
|inactive|ccshifty has 15 seconds left.
|
|t:|1757909487
|move|p1a: La Javelina|Ice Spinner|p2a: Gholdengo
|-resisted|p2a: Gholdengo
|-damage|p2a: Gholdengo|85/100
|-enditem|p2a: Gholdengo|Air Balloon
|move|p2a: Gholdengo|Make It Rain|p1a: La Javelina
|-damage|p1a: La Javelina|18/100
|-unboost|p2a: Gholdengo|spa|1
|
|-weather|Snowscape|[upkeep]
|upkeep
|turn|14
|inactive|ccshifty has 25 seconds left this turn.
|inactive|ccshifty has 20 seconds left.
|inactive|ccshifty has 15 seconds left.
|inactive|ccshifty has 10 seconds left.
|
|t:|1757909503
|move|p1a: La Javelina|Headlong Rush|p2a: Gholdengo
|-supereffective|p2a: Gholdengo
|-damage|p2a: Gholdengo|0 fnt
|-unboost|p1a: La Javelina|def|1
|-unboost|p1a: La Javelina|spd|1
|faint|p2a: Gholdengo
|
|-weather|none
|upkeep
|inactive|ccshifty has 15 seconds left this turn.
|inactive|ccshifty has 10 seconds left.
|
|t:|1757909512
|switch|p2a: Garchomp|Garchomp, M|94/100
|-damage|p2a: Garchomp|88/100|[from] Stealth Rock
|turn|15
|inactive|ccshifty has 20 seconds left this turn.
|inactive|ccshifty has 15 seconds left.
|inactive|ccshifty has 10 seconds left.
|
|t:|1757909523
|move|p1a: La Javelina|Ice Spinner|p2a: Garchomp
|-supereffective|p2a: Garchomp
|-damage|p2a: Garchomp|16/100
|-damage|p1a: La Javelina|5/100|[from] ability: Rough Skin|[of] p2a: Garchomp
|-damage|p1a: La Javelina|0 fnt|[from] item: Rocky Helmet|[of] p2a: Garchomp
|faint|p1a: La Javelina
|-end|p1a: La Javelina|Protosynthesis|[silent]
|move|p2a: Garchomp|Earthquake|p1: La Javelina|[notarget]
|-fail|p2a: Garchomp
|
|upkeep
|
|t:|1757909531
|switch|p1a: Rakwis|Torkoal, F, shiny|63/100
|-weather|SunnyDay|[from] ability: Drought|[of] p1a: Rakwis
|turn|16
|inactive|ccshifty has 25 seconds left this turn.
|
|t:|1757909545
|move|p2a: Garchomp|Earthquake|p1a: Rakwis
|-supereffective|p1a: Rakwis
|-damage|p1a: Rakwis|3/100
|move|p1a: Rakwis|Flamethrower|p2a: Garchomp
|-resisted|p2a: Garchomp
|-damage|p2a: Garchomp|0 fnt
|faint|p2a: Garchomp
|
|-weather|SunnyDay|[upkeep]
|upkeep
|inactive|ccshifty has 30 seconds left this turn.
|
|t:|1757909553
|switch|p2a: Great Tusk|Great Tusk|100/100
|-activate|p2a: Great Tusk|ability: Protosynthesis
|-start|p2a: Great Tusk|protosynthesisatk
|turn|17
|inactive|ccshifty has 30 seconds left.
|
|t:|1757909562
|move|p2a: Great Tusk|Rapid Spin|p1a: Rakwis
|-damage|p1a: Rakwis|0 fnt
|-boost|p2a: Great Tusk|spe|1
|-sideend|p2: ccshifty|Stealth Rock|[from] move: Rapid Spin|[of] p2a: Great Tusk
|faint|p1a: Rakwis
|
|-weather|SunnyDay|[upkeep]
|upkeep
|
|t:|1757909564
|switch|p1a: かぎやま ひな|Lilligant, F|100/100
|turn|18
|inactive|ccshifty has 30 seconds left.
|
|t:|1757909579
|move|p1a: かぎやま ひな|Solar Beam||[still]
|-prepare|p1a: かぎやま ひな|Solar Beam
|-anim|p1a: かぎやま ひな|Solar Beam|p2a: Great Tusk
|-supereffective|p2a: Great Tusk
|-damage|p2a: Great Tusk|0 fnt
|faint|p2a: Great Tusk
|-end|p2a: Great Tusk|Protosynthesis|[silent]
|-damage|p1a: かぎやま ひな|91/100|[from] item: Life Orb
|
|-weather|SunnyDay|[upkeep]
|upkeep
|inactive|ccshifty has 30 seconds left.
|-message|ccshifty forfeited.
|
|win|CarrotStix
|raw|CarrotStix's rating: 1260 &rarr; <strong>1289</strong><br />(+29 for winning)
|raw|ccshifty's rating: 1317 &rarr; <strong>1294</strong><br />(-23 for losing)
|l|☆ccshifty
|player|p2|
|l|☆CarrotStix
|player|p1|
