|j|☆isaac_lmaoo
|j|☆banjin
|t:|1757845105
|gametype|singles
|player|p1|isaac_lmaoo|lucas|1306
|player|p2|banjin|beauty-gen6xy|1353
|gen|9
|tier|[Gen 9] OU
|rated|
|rule|HP Percentage Mod: HP is shown in percentages
|rule|Endless Battle Clause: Forcing endless battles is banned
|rule|Species Clause: Limit one of each Pokémon
|rule|OHKO Clause: OHKO moves are banned
|rule|Evasion Items Clause: Evasion items are banned
|rule|Evasion Moves Clause: Evasion moves are banned
|rule|Evasion Abilities Clause: Evasion abilities are banned
|rule|Sleep Moves Clause: Sleep-inducing moves are banned
|clearpoke
|poke|p1|Yanmega, F|
|poke|p1|Ogerpon, F|
|poke|p1|Hydreigon, M|
|poke|p1|Magnezone|
|poke|p1|Conkeldurr, M|
|poke|p1|Minior|
|poke|p2|Minior-Blue|
|poke|p2|Lokix, F|
|poke|p2|Thundurus-Therian, M|
|poke|p2|Muk-Alola, M|
|poke|p2|Emboar, M|
|poke|p2|Ditto|
|teampreview
|inactive|Battle timer is ON: inactive players will automatically lose when time's up. (requested by banjin)
|inactive|isaac_lmaoo also wants the timer to be on.
|
|t:|1757845120
|teamsize|p1|6
|teamsize|p2|6
|start
|switch|p1a: Spectacles|Yanmega, F, shiny|100/100
|switch|p2a: Dragmire|Emboar, M, shiny|100/100
|turn|1
|
|t:|1757845123
|move|p1a: Spectacles|Air Slash|p2a: Dragmire
|-supereffective|p2a: Dragmire
|-enditem|p2a: Dragmire|Focus Sash
|-damage|p2a: Dragmire|1/100
|move|p2a: Dragmire|Flare Blitz|p1a: Spectacles
|-supereffective|p1a: Spectacles
|-damage|p1a: Spectacles|0 fnt
|faint|p1a: Spectacles
|-damage|p2a: Dragmire|0 fnt|[from] Recoil
|faint|p2a: Dragmire
|
|upkeep
|
|t:|1757845145
|switch|p1a: crying baby|Magnezone|100/100
|switch|p2a: Mr. Brightside|Minior-Blue|100/100
|-formechange|p2a: Mr. Brightside|Minior-Meteor||[from] ability: Shields Down
|turn|2
|
|t:|1757845162
|switch|p2a: Paws|Thundurus-Therian, M|100/100
|move|p1a: crying baby|Volt Switch|p2a: Paws
|-immune|p2a: Paws|[from] ability: Volt Absorb
|
|upkeep
|turn|3
|
|t:|1757845169
|switch|p1a: DefHydreigon|Hydreigon, M, shiny|100/100
|move|p2a: Paws|Nasty Plot|p2a: Paws
|-boost|p2a: Paws|spa|2
|
|upkeep
|turn|4
|
|t:|1757845174
|move|p2a: Paws|Thunderbolt|p1a: DefHydreigon
|-resisted|p1a: DefHydreigon
|-damage|p1a: DefHydreigon|41/100
|move|p1a: DefHydreigon|Scale Shot|p2a: Paws
|-damage|p2a: Paws|82/100
|-damage|p2a: Paws|64/100
|-damage|p2a: Paws|46/100
|-damage|p2a: Paws|26/100
|-hitcount|p2a: Paws|4
|-unboost|p1a: DefHydreigon|def|1
|-boost|p1a: DefHydreigon|spe|1
|
|upkeep
|turn|5
|inactive|banjin has 120 seconds left.
|
|t:|1757845208
|move|p1a: DefHydreigon|Scale Shot|p2a: Paws
|-damage|p2a: Paws|5/100
|-damage|p2a: Paws|0 fnt
|faint|p2a: Paws
|-hitcount|p2: Paws|2
|-unboost|p1a: DefHydreigon|def|1
|-boost|p1a: DefHydreigon|spe|1
|
|upkeep
|
|t:|1757845212
|switch|p2a: Katy|Lokix, F|100/100
|turn|6
|
|t:|1757845214
|switch|p1a: Conkeldurr|Conkeldurr, M|100/100
|move|p2a: Katy|First Impression|p1a: Conkeldurr
|-resisted|p1a: Conkeldurr
|-damage|p1a: Conkeldurr|72/100
|
|-status|p1a: Conkeldurr|brn|[from] item: Flame Orb
|upkeep
|turn|7
|
|t:|1757845221
|move|p2a: Katy|Lunge|p1a: Conkeldurr
|-resisted|p1a: Conkeldurr
|-damage|p1a: Conkeldurr|44/100 brn
|-unboost|p1a: Conkeldurr|atk|1
|move|p1a: Conkeldurr|Drain Punch|p2a: Katy
|-damage|p2a: Katy|40/100
|-heal|p1a: Conkeldurr|69/100 brn|[from] drain|[of] p2a: Katy
|
|-damage|p1a: Conkeldurr|63/100 brn|[from] brn
|upkeep
|turn|8
|
|t:|1757845243
|move|p2a: Katy|Lunge|p1a: Conkeldurr
|-resisted|p1a: Conkeldurr
|-damage|p1a: Conkeldurr|35/100 brn
|-unboost|p1a: Conkeldurr|atk|1
|move|p1a: Conkeldurr|Drain Punch|p2a: Katy
|-damage|p2a: Katy|0 fnt
|-heal|p1a: Conkeldurr|51/100 brn|[from] drain|[of] p2a: Katy
|faint|p2a: Katy
|
|-damage|p1a: Conkeldurr|45/100 brn|[from] brn
|upkeep
|
|t:|1757845250
|switch|p2a: Mr. Brightside|Minior-Blue|100/100
|-formechange|p2a: Mr. Brightside|Minior-Meteor||[from] ability: Shields Down
|turn|9
|
|t:|1757845267
|-terastallize|p2a: Mr. Brightside|Ghost
|move|p2a: Mr. Brightside|Shell Smash|p2a: Mr. Brightside
|-unboost|p2a: Mr. Brightside|def|1
|-unboost|p2a: Mr. Brightside|spd|1
|-boost|p2a: Mr. Brightside|atk|2
|-boost|p2a: Mr. Brightside|spa|2
|-boost|p2a: Mr. Brightside|spe|2
|-enditem|p2a: Mr. Brightside|White Herb
|-clearnegativeboost|p2a: Mr. Brightside|[silent]
|move|p1a: Conkeldurr|Knock Off|p2a: Mr. Brightside
|-supereffective|p2a: Mr. Brightside
|-damage|p2a: Mr. Brightside|59/100
|
|-damage|p1a: Conkeldurr|39/100 brn|[from] brn
|upkeep
|turn|10
|inactive|isaac_lmaoo has 120 seconds left.
|c|☆isaac_lmaoo|im hoping that u click the wrong move
|
|t:|1757845307
|switch|p1a: DefHydreigon|Hydreigon, M, shiny|41/100
|move|p2a: Mr. Brightside|Acrobatics|p1a: DefHydreigon
|-damage|p1a: DefHydreigon|0 fnt
|faint|p1a: DefHydreigon
|
|upkeep
|
|t:|1757845310
|switch|p1a: Tera|Ogerpon, F|100/100
|turn|11
|
|t:|1757845312
|-terastallize|p1a: Tera|Grass
|detailschange|p1a: Tera|Ogerpon-Teal-Tera, F, tera:Grass
|-ability|p1a: Tera|Embody Aspect (Teal)|boost
|-boost|p1a: Tera|spe|1
|move|p1a: Tera|Ivy Cudgel|p2a: Mr. Brightside
|-damage|p2a: Mr. Brightside|0 fnt
|faint|p2a: Mr. Brightside
|
|upkeep
|
|t:|1757845320
|switch|p2a: Beppo|Muk-Alola, M|100/100
|turn|12
|-activate|p2a: Beppo|item: Quick Claw
|
|t:|1757845323
|switch|p1a: Conkeldurr|Conkeldurr, M|39/100 brn
|move|p2a: Beppo|Poison Jab|p1a: Conkeldurr
|-damage|p1a: Conkeldurr|10/100 brn
|
|-damage|p1a: Conkeldurr|4/100 brn|[from] brn
|upkeep
|turn|13
|
|t:|1757845327
|move|p2a: Beppo|Shadow Sneak|p1a: Conkeldurr
|-damage|p1a: Conkeldurr|0 fnt
|faint|p1a: Conkeldurr
|
|upkeep
|
|t:|1757845340
|switch|p1a: crying baby|Magnezone|100/100
|turn|14
|
|t:|1757845348
|switch|p2a: 𒉎|Ditto|100/100
|-transform|p2a: 𒉎|p1a: crying baby|[from] ability: Imposter
|move|p1a: crying baby|Thunderbolt|p2a: 𒉎
|-resisted|p2a: 𒉎
|-damage|p2a: 𒉎|42/100
|
|upkeep
|turn|15
|
|t:|1757845372
|move|p2a: 𒉎|Steel Beam|p1a: crying baby
|-resisted|p1a: crying baby
|-damage|p1a: crying baby|78/100
|-damage|p2a: 𒉎|0 fnt|[from] steelbeam
|faint|p2a: 𒉎
|move|p1a: crying baby|Thunderbolt|p2: 𒉎|[notarget]
|-fail|p1a: crying baby
|
|upkeep
|
|t:|1757845376
|switch|p2a: Beppo|Muk-Alola, M|100/100
|turn|16
|
|t:|1757845379
|move|p2a: Beppo|Knock Off|p1a: crying baby
|-damage|p1a: crying baby|41/100
|-enditem|p1a: crying baby|Choice Specs|[from] move: Knock Off|[of] p2a: Beppo
|move|p1a: crying baby|Thunderbolt|p2a: Beppo
|-damage|p2a: Beppo|42/100
|
|upkeep
|turn|17
|
|t:|1757845383
|move|p2a: Beppo|Drain Punch|p1a: crying baby
|-supereffective|p1a: crying baby
|-damage|p1a: crying baby|0 fnt
|-heal|p2a: Beppo|58/100|[from] drain|[of] p1a: crying baby
|faint|p1a: crying baby
|
|upkeep
|
|t:|1757845388
|switch|p1a: Minior|Minior|100/100
|-formechange|p1a: Minior|Minior-Meteor||[from] ability: Shields Down
|turn|18
|
|t:|1757845392
|move|p1a: Minior|Earthquake|p2a: Beppo
|-supereffective|p2a: Beppo
|-damage|p2a: Beppo|13/100
|move|p2a: Beppo|Knock Off|p1a: Minior
|-damage|p1a: Minior|35/100
|-enditem|p1a: Minior|White Herb|[from] move: Knock Off|[of] p2a: Beppo
|
|-formechange|p1a: Minior|Minior||[from] ability: Shields Down
|upkeep
|turn|19
|
|t:|1757845394
|move|p2a: Beppo|Shadow Sneak|p1a: Minior
|-damage|p1a: Minior|9/100
|move|p1a: Minior|Earthquake|p2a: Beppo
|-supereffective|p2a: Beppo
|-damage|p2a: Beppo|0 fnt
|faint|p2a: Beppo
|
|win|isaac_lmaoo
|raw|isaac_lmaoo's rating: 1306 &rarr; <strong>1329</strong><br />(+23 for winning)
|raw|banjin's rating: 1353 &rarr; <strong>1330</strong><br />(-23 for losing)
|l|☆banjin
|player|p2|
|l|☆isaac_lmaoo
|player|p1|
