|j|☆Broadsword115
|j|☆Your Literal Dad
|t:|1757887096
|gametype|singles
|player|p1|Broadsword115|266|1113
|player|p2|Your Literal Dad|pokefan|1134
|gen|9
|tier|[Gen 9] OU
|rated|
|rule|HP Percentage Mod: HP is shown in percentages
|rule|Endless Battle Clause: Forcing endless battles is banned
|rule|Species Clause: Limit one of each Pokémon
|rule|OHKO Clause: OHKO moves are banned
|rule|Evasion Items Clause: Evasion items are banned
|rule|Evasion Moves Clause: Evasion moves are banned
|rule|Evasion Abilities Clause: Evasion abilities are banned
|rule|Sleep Moves Clause: Sleep-inducing moves are banned
|clearpoke
|poke|p1|Latios, M|
|poke|p1|Blaziken, M|
|poke|p1|Swampert, F|
|poke|p1|Zebstrika, M|
|poke|p1|Weezing, F|
|poke|p1|Brute Bonnet|
|poke|p2|Ting-Lu|
|poke|p2|Hatterene, F|
|poke|p2|Great Tusk|
|poke|p2|Ceruledge, M|
|poke|p2|Dragonite, F|
|poke|p2|Kyurem|
|teampreview
|
|t:|1757887110
|teamsize|p1|6
|teamsize|p2|6
|start
|switch|p1a: Weezing|Weezing, F|100/100
|switch|p2a: thing 1|Ting-Lu|100/100
|-ability|p2a: thing 1|Vessel of Ruin
|turn|1
|
|t:|1757887118
|move|p1a: Weezing|Toxic|p2a: thing 1
|-status|p2a: thing 1|tox
|move|p2a: thing 1|Stealth Rock|p1a: Weezing
|-sidestart|p1: Broadsword115|move: Stealth Rock
|
|-damage|p2a: thing 1|94/100 tox|[from] psn
|upkeep
|turn|2
|
|t:|1757887127
|switch|p1a: Brute Bonnet|Brute Bonnet|100/100
|-damage|p1a: Brute Bonnet|88/100|[from] Stealth Rock
|-enditem|p1a: Brute Bonnet|Booster Energy
|-activate|p1a: Brute Bonnet|ability: Protosynthesis|[fromitem]
|-start|p1a: Brute Bonnet|protosynthesisatk
|move|p2a: thing 1|Whirlwind|p1a: Brute Bonnet
|-end|p1a: Brute Bonnet|Protosynthesis|[silent]
|drag|p1a: Latios|Latios, M, shiny|100/100
|-damage|p1a: Latios|88/100|[from] Stealth Rock
|
|-heal|p2a: thing 1|100/100 tox|[from] item: Leftovers
|-damage|p2a: thing 1|88/100 tox|[from] psn
|upkeep
|turn|3
|
|t:|1757887140
|move|p1a: Latios|Dragon Dance|p1a: Latios
|-boost|p1a: Latios|atk|1
|-boost|p1a: Latios|spe|1
|move|p2a: thing 1|Ruination|p1a: Latios
|-damage|p1a: Latios|44/100
|
|-heal|p2a: thing 1|94/100 tox|[from] item: Leftovers
|-damage|p2a: thing 1|76/100 tox|[from] psn
|upkeep
|turn|4
|
|t:|1757887156
|switch|p2a: with no brim|Hatterene, F|100/100
|move|p1a: Latios|Dragon Claw|p2a: with no brim
|-immune|p2a: with no brim
|
|upkeep
|turn|5
|
|t:|1757887162
|move|p1a: Latios|Earthquake|p2a: with no brim
|-damage|p2a: with no brim|55/100
|move|p2a: with no brim|Nuzzle|p1a: Latios
|-resisted|p1a: Latios
|-damage|p1a: Latios|42/100
|-status|p1a: Latios|par
|
|upkeep
|turn|6
|
|t:|1757887169
|move|p1a: Latios|Earthquake|p2a: with no brim
|-damage|p2a: with no brim|12/100
|move|p2a: with no brim|Draining Kiss|p1a: Latios
|-supereffective|p1a: Latios
|-damage|p1a: Latios|0 fnt
|-heal|p2a: with no brim|42/100|[from] drain|[of] p1a: Latios
|faint|p1a: Latios
|
|upkeep
|
|t:|1757887187
|switch|p1a: Brute Bonnet|Brute Bonnet|88/100
|-damage|p1a: Brute Bonnet|76/100|[from] Stealth Rock
|turn|7
|
|t:|1757887193
|-terastallize|p1a: Brute Bonnet|Rock
|move|p1a: Brute Bonnet|Thief|p2a: with no brim
|-crit|p2a: with no brim
|-damage|p2a: with no brim|0 fnt
|-enditem|p2a: with no brim|Assault Vest|[silent]|[from] move: Thief|[of] p1a: Brute Bonnet
|-item|p1a: Brute Bonnet|Assault Vest|[from] move: Thief|[of] p2a: with no brim
|faint|p2a: with no brim
|
|upkeep
|
|t:|1757887206
|switch|p2a: thing 1|Ting-Lu|76/100 tox
|-ability|p2a: thing 1|Vessel of Ruin
|turn|8
|
|t:|1757887227
|move|p1a: Brute Bonnet|Close Combat|p2a: thing 1
|-supereffective|p2a: thing 1
|-damage|p2a: thing 1|31/100 tox
|-unboost|p1a: Brute Bonnet|def|1
|-unboost|p1a: Brute Bonnet|spd|1
|move|p2a: thing 1|Earthquake|p1a: Brute Bonnet
|-supereffective|p1a: Brute Bonnet
|-damage|p1a: Brute Bonnet|0 fnt
|faint|p1a: Brute Bonnet
|-end|p1a: Brute Bonnet|Protosynthesis|[silent]
|
|-heal|p2a: thing 1|37/100 tox|[from] item: Leftovers
|-damage|p2a: thing 1|31/100 tox|[from] psn
|upkeep
|
|t:|1757887233
|switch|p1a: Swampert|Swampert, F|100/100
|-damage|p1a: Swampert|94/100|[from] Stealth Rock
|turn|9
|
|t:|1757887241
|move|p1a: Swampert|Flip Turn|p2a: thing 1
|-supereffective|p2a: thing 1
|-damage|p2a: thing 1|2/100 tox
|
|t:|1757887246
|switch|p1a: Weezing|Weezing, F|100/100|[from] Flip Turn
|-damage|p1a: Weezing|88/100|[from] Stealth Rock
|move|p2a: thing 1|Ruination|p1a: Weezing
|-damage|p1a: Weezing|45/100
|
|-heal|p1a: Weezing|50/100|[from] item: Leftovers
|-heal|p2a: thing 1|8/100 tox|[from] item: Leftovers
|-damage|p2a: thing 1|0 fnt|[from] psn
|faint|p2a: thing 1
|upkeep
|
|t:|1757887265
|switch|p2a: edging|Ceruledge, M|100/100
|turn|10
|
|t:|1757887283
|move|p2a: edging|Swords Dance|p2a: edging
|-boost|p2a: edging|atk|2
|move|p1a: Weezing|Toxic|p2a: edging
|-status|p2a: edging|tox
|
|-heal|p1a: Weezing|56/100|[from] item: Leftovers
|-damage|p2a: edging|94/100 tox|[from] psn
|upkeep
|turn|11
|
|t:|1757887291
|move|p2a: edging|Swords Dance|p2a: edging
|-boost|p2a: edging|atk|2
|move|p1a: Weezing|Sludge Wave|p2a: edging
|-resisted|p2a: edging
|-damage|p2a: edging|77/100 tox
|
|-heal|p1a: Weezing|62/100|[from] item: Leftovers
|-damage|p2a: edging|64/100 tox|[from] psn
|upkeep
|turn|12
|
|t:|1757887299
|move|p2a: edging|Bitter Blade|p1a: Weezing
|-damage|p1a: Weezing|0 fnt
|-heal|p2a: edging|99/100 tox|[from] drain|[of] p1a: Weezing
|faint|p1a: Weezing
|
|-damage|p2a: edging|82/100 tox|[from] psn
|upkeep
|
|t:|1757887304
|switch|p1a: Zebstrika|Zebstrika, M|100/100
|-damage|p1a: Zebstrika|88/100|[from] Stealth Rock
|turn|13
|
|t:|1757887310
|move|p2a: edging|Shadow Sneak|p1a: Zebstrika
|-damage|p1a: Zebstrika|0 fnt
|faint|p1a: Zebstrika
|
|-damage|p2a: edging|57/100 tox|[from] psn
|upkeep
|
|t:|1757887312
|switch|p1a: Swampert|Swampert, F|94/100
|-damage|p1a: Swampert|88/100|[from] Stealth Rock
|turn|14
|
|t:|1757887317
|move|p2a: edging|Bitter Blade|p1a: Swampert
|-resisted|p1a: Swampert
|-damage|p1a: Swampert|23/100
|-heal|p2a: edging|100/100 tox|[from] drain|[of] p1a: Swampert
|move|p1a: Swampert|Earthquake|p2a: edging
|-supereffective|p2a: edging
|-enditem|p2a: edging|Focus Sash
|-damage|p2a: edging|1/100 tox
|-ability|p2a: edging|Weak Armor|boost
|-unboost|p2a: edging|def|1
|-boost|p2a: edging|spe|2
|
|-damage|p2a: edging|0 fnt|[from] psn
|faint|p2a: edging
|upkeep
|
|t:|1757887330
|switch|p2a: hi|Dragonite, F|100/100
|turn|15
|
|t:|1757887333
|move|p2a: hi|Dragon Dance|p2a: hi
|-boost|p2a: hi|atk|1
|-boost|p2a: hi|spe|1
|move|p1a: Swampert|Ice Punch|p2a: hi
|-supereffective|p2a: hi
|-damage|p2a: hi|54/100
|
|-heal|p2a: hi|60/100|[from] item: Leftovers
|upkeep
|turn|16
|
|t:|1757887342
|move|p2a: hi|Earthquake|p1a: Swampert
|-damage|p1a: Swampert|0 fnt
|faint|p1a: Swampert
|
|-heal|p2a: hi|66/100|[from] item: Leftovers
|upkeep
|
|t:|1757887344
|switch|p1a: Blaziken|Blaziken, M|100/100
|-damage|p1a: Blaziken|88/100|[from] Stealth Rock
|turn|17
|
|t:|1757887354
|move|p2a: hi|Earthquake|p1a: Blaziken
|-supereffective|p1a: Blaziken
|-damage|p1a: Blaziken|0 fnt
|faint|p1a: Blaziken
|
|win|Your Literal Dad
|raw|Broadsword115's rating: 1113 &rarr; <strong>1090</strong><br />(-23 for losing)
|raw|Your Literal Dad's rating: 1134 &rarr; <strong>1157</strong><br />(+23 for winning)
|c|☆Broadsword115|gg
|c|☆Your Literal Dad|gg
|c|☆Your Literal Dad|wp
|l|☆Broadsword115
|player|p1|
