|j|☆Kyommunism
|j|☆Lesqueegee
|t:|1757809597
|gametype|singles
|player|p1|Kyommunism|iris-gen5bw2|1460
|player|p2|Lesqueegee|bianca|1475
|gen|9
|tier|[Gen 9] OU
|rated|
|rule|HP Percentage Mod: HP is shown in percentages
|rule|Endless Battle Clause: Forcing endless battles is banned
|rule|Species Clause: Limit one of each Pokémon
|rule|OHKO Clause: OHKO moves are banned
|rule|Evasion Items Clause: Evasion items are banned
|rule|Evasion Moves Clause: Evasion moves are banned
|rule|Evasion Abilities Clause: Evasion abilities are banned
|rule|Sleep Moves Clause: Sleep-inducing moves are banned
|clearpoke
|poke|p1|Skeledirge, M|
|poke|p1|Ribombee, M|
|poke|p1|Goodra-Hisui, M|
|poke|p1|Raging Bolt|
|poke|p1|Trevenant, M|
|poke|p1|Corviknight, M|
|poke|p2|Great Tusk|
|poke|p2|Heatran, M|
|poke|p2|Weavile, M|
|poke|p2|Primarina, M|
|poke|p2|Ogerpon, F|
|poke|p2|Pecharunt|
|teampreview
|inactive|Battle timer is ON: inactive players will automatically lose when time's up. (requested by Lesqueegee)
|inactive|Kyommunism also wants the timer to be on.
|
|t:|1757809619
|teamsize|p1|6
|teamsize|p2|6
|start
|switch|p1a: Ribombee|Ribombee, M, shiny|100/100
|switch|p2a: Chaos|Heatran, M, shiny|100/100
|-item|p2a: Chaos|Air Balloon
|turn|1
|
|t:|1757809644
|switch|p1a: Goodra|Goodra-Hisui, M, shiny|100/100
|move|p2a: Chaos|Magma Storm|p1a: Goodra
|-damage|p1a: Goodra|73/100
|-activate|p1a: Goodra|move: Magma Storm|[of] p2a: Chaos
|
|-damage|p1a: Goodra|61/100|[from] move: Magma Storm|[partiallytrapped]
|upkeep
|turn|2
|
|t:|1757809668
|move|p2a: Chaos|Earth Power|p1a: Goodra
|-supereffective|p1a: Goodra
|-damage|p1a: Goodra|30/100
|move|p1a: Goodra|Gyro Ball|p2a: Chaos
|-resisted|p2a: Chaos
|-damage|p2a: Chaos|95/100
|-enditem|p2a: Chaos|Air Balloon
|
|-damage|p1a: Goodra|18/100|[from] move: Magma Storm|[partiallytrapped]
|upkeep
|turn|3
|
|t:|1757809676
|move|p2a: Chaos|Magma Storm|p1a: Goodra
|-damage|p1a: Goodra|0 fnt
|faint|p1a: Goodra
|
|upkeep
|
|t:|1757809683
|switch|p1a: Skeledirge|Skeledirge, M, shiny|100/100
|turn|4
|
|t:|1757809684
|move|p2a: Chaos|Taunt|p1a: Skeledirge
|-start|p1a: Skeledirge|move: Taunt
|move|p1a: Skeledirge|Earth Power|p2a: Chaos
|-supereffective|p2a: Chaos
|-damage|p2a: Chaos|7/100
|
|upkeep
|turn|5
|
|t:|1757809690
|move|p2a: Chaos|Stealth Rock|p1a: Skeledirge
|-sidestart|p1: Kyommunism|move: Stealth Rock
|move|p1a: Skeledirge|Earth Power|p2a: Chaos
|-supereffective|p2a: Chaos
|-damage|p2a: Chaos|0 fnt
|faint|p2a: Chaos
|
|upkeep
|
|t:|1757809698
|switch|p2a: Celestine|Primarina, M, shiny|100/100
|turn|6
|
|t:|1757809702
|switch|p1a: Corviknight|Corviknight, M, shiny|100/100
|-damage|p1a: Corviknight|88/100|[from] Stealth Rock
|-ability|p1a: Corviknight|Pressure
|move|p2a: Celestine|Psychic Noise|p1a: Corviknight
|-damage|p1a: Corviknight|60/100
|-start|p1a: Corviknight|move: Heal Block
|
|upkeep
|turn|7
|
|t:|1757809706
|move|p1a: Corviknight|Defog|p2a: Celestine
|-unboost|p2a: Celestine|evasion|1
|-sideend|p1: Kyommunism|Stealth Rock|[from] move: Defog|[of] p1a: Corviknight
|move|p2a: Celestine|Whirlpool|p1a: Corviknight
|-damage|p1a: Corviknight|48/100
|-activate|p1a: Corviknight|move: Whirlpool|[of] p2a: Celestine
|
|-damage|p1a: Corviknight|35/100|[from] move: Whirlpool|[partiallytrapped]
|-end|p1a: Corviknight|move: Heal Block
|upkeep
|turn|8
|
|t:|1757809713
|move|p1a: Corviknight|Roost|p1a: Corviknight
|-heal|p1a: Corviknight|85/100
|-singleturn|p1a: Corviknight|move: Roost
|move|p2a: Celestine|Psychic Noise|p1a: Corviknight
|-damage|p1a: Corviknight|56/100
|-start|p1a: Corviknight|move: Heal Block
|
|-damage|p1a: Corviknight|44/100|[from] move: Whirlpool|[partiallytrapped]
|upkeep
|turn|9
|
|t:|1757809719
|move|p1a: Corviknight|Body Press|p2a: Celestine
|-resisted|p2a: Celestine
|-damage|p2a: Celestine|89/100
|move|p2a: Celestine|Flip Turn|p1a: Corviknight
|-damage|p1a: Corviknight|31/100
|
|t:|1757809732
|switch|p2a: Bandit|Weavile, M, shiny|100/100|[from] Flip Turn
|-ability|p2a: Bandit|Pressure
|
|-end|p1a: Corviknight|Whirlpool|[partiallytrapped]|[silent]
|-end|p1a: Corviknight|move: Heal Block
|upkeep
|turn|10
|
|t:|1757809735
|move|p2a: Bandit|Triple Axel|p1a: Corviknight
|-damage|p1a: Corviknight|19/100
|-hitcount|p1a: Corviknight|1
|move|p1a: Corviknight|Roost|p1a: Corviknight
|-heal|p1a: Corviknight|69/100
|-singleturn|p1a: Corviknight|move: Roost
|
|-heal|p1a: Corviknight|75/100|[from] item: Leftovers
|upkeep
|turn|11
|
|t:|1757809738
|move|p2a: Bandit|Triple Axel|p1a: Corviknight
|-damage|p1a: Corviknight|63/100
|-damage|p1a: Corviknight|37/100
|-damage|p1a: Corviknight|0 fnt
|faint|p1a: Corviknight
|-hitcount|p1: Corviknight|3
|
|upkeep
|
|t:|1757809744
|switch|p1a: Ribombee|Ribombee, M, shiny|100/100
|turn|12
|
|t:|1757809748
|move|p2a: Bandit|Triple Axel|p1a: Ribombee|[miss]
|-miss|p2a: Bandit|p1a: Ribombee
|move|p1a: Ribombee|Quiver Dance|p1a: Ribombee
|-boost|p1a: Ribombee|spa|1
|-boost|p1a: Ribombee|spd|1
|-boost|p1a: Ribombee|spe|1
|
|upkeep
|turn|13
|
|t:|1757809753
|switch|p2a: Celestine|Primarina, M, shiny|89/100
|-terastallize|p1a: Ribombee|Fire
|move|p1a: Ribombee|Quiver Dance|p1a: Ribombee
|-boost|p1a: Ribombee|spa|1
|-boost|p1a: Ribombee|spd|1
|-boost|p1a: Ribombee|spe|1
|
|upkeep
|turn|14
|
|t:|1757809759
|move|p1a: Ribombee|Quiver Dance|p1a: Ribombee
|-boost|p1a: Ribombee|spa|1
|-boost|p1a: Ribombee|spd|1
|-boost|p1a: Ribombee|spe|1
|move|p2a: Celestine|Psychic Noise|p1a: Ribombee
|-supereffective|p1a: Ribombee
|-damage|p1a: Ribombee|52/100
|
|upkeep
|turn|15
|
|t:|1757809764
|move|p1a: Ribombee|Stored Power|p2a: Celestine
|-damage|p2a: Celestine|33/100
|move|p2a: Celestine|Psychic Noise|p1a: Ribombee
|-supereffective|p1a: Ribombee
|-damage|p1a: Ribombee|5/100
|
|upkeep
|turn|16
|
|t:|1757809769
|move|p1a: Ribombee|Draining Kiss|p2a: Celestine
|-damage|p2a: Celestine|11/100
|-heal|p1a: Ribombee|23/100|[from] drain|[of] p2a: Celestine
|move|p2a: Celestine|Psychic Noise|p1a: Ribombee
|-supereffective|p1a: Ribombee
|-damage|p1a: Ribombee|0 fnt
|faint|p1a: Ribombee
|
|upkeep
|
|t:|1757809774
|switch|p1a: Raging Bolt|Raging Bolt|100/100
|turn|17
|
|t:|1757809777
|switch|p2a: Behemoth|Great Tusk, shiny|100/100
|move|p1a: Raging Bolt|Substitute|p1a: Raging Bolt
|-start|p1a: Raging Bolt|Substitute
|-damage|p1a: Raging Bolt|76/100
|
|-heal|p1a: Raging Bolt|82/100|[from] item: Leftovers
|upkeep
|turn|18
|
|t:|1757809780
|move|p2a: Behemoth|Ice Spinner|p1a: Raging Bolt
|-supereffective|p1a: Raging Bolt
|-end|p1a: Raging Bolt|Substitute
|move|p1a: Raging Bolt|Dragon Pulse|p2a: Behemoth
|-crit|p2a: Behemoth
|-damage|p2a: Behemoth|19/100
|
|-heal|p1a: Raging Bolt|88/100|[from] item: Leftovers
|upkeep
|turn|19
|
|t:|1757809784
|-end|p1a: Raging Bolt|Protosynthesis|[silent]
|switch|p1a: MourningWood|Trevenant, M, shiny|100/100
|move|p2a: Behemoth|Headlong Rush|p1a: MourningWood
|-resisted|p1a: MourningWood
|-damage|p1a: MourningWood|64/100
|-unboost|p2a: Behemoth|def|1
|-unboost|p2a: Behemoth|spd|1
|
|upkeep
|turn|20
|
|t:|1757809787
|-end|p2a: Behemoth|Protosynthesis|[silent]
|switch|p2a: Bandit|Weavile, M, shiny|100/100
|-ability|p2a: Bandit|Pressure
|move|p1a: MourningWood|Endure||[still]
|-fail|p1a: MourningWood
|
|upkeep
|turn|21
|
|t:|1757809790
|switch|p1a: Skeledirge|Skeledirge, M, shiny|100/100
|move|p2a: Bandit|Triple Axel|p1a: Skeledirge
|-resisted|p1a: Skeledirge
|-damage|p1a: Skeledirge|94/100
|-resisted|p1a: Skeledirge
|-damage|p1a: Skeledirge|82/100
|-resisted|p1a: Skeledirge
|-damage|p1a: Skeledirge|64/100
|-hitcount|p1a: Skeledirge|3
|
|-heal|p1a: Skeledirge|71/100|[from] item: Leftovers
|upkeep
|turn|22
|
|t:|1757809805
|switch|p2a: Behemoth|Great Tusk, shiny|19/100
|move|p1a: Skeledirge|Torch Song|p2a: Behemoth
|-damage|p2a: Behemoth|0 fnt
|-boost|p1a: Skeledirge|spa|1
|faint|p2a: Behemoth
|-end|p2a: Behemoth|Protosynthesis|[silent]
|
|-heal|p1a: Skeledirge|77/100|[from] item: Leftovers
|upkeep
|
|t:|1757809810
|switch|p2a: Bandit|Weavile, M, shiny|100/100
|-ability|p2a: Bandit|Pressure
|turn|23
|
|t:|1757809812
|move|p2a: Bandit|Knock Off|p1a: Skeledirge
|-supereffective|p1a: Skeledirge
|-damage|p1a: Skeledirge|0 fnt
|-enditem|p1a: Skeledirge|Leftovers|[from] move: Knock Off|[of] p2a: Bandit
|faint|p1a: Skeledirge
|
|upkeep
|
|t:|1757809814
|switch|p1a: Raging Bolt|Raging Bolt|88/100
|turn|24
|
|t:|1757809819
|move|p2a: Bandit|Knock Off|p1a: Raging Bolt
|-damage|p1a: Raging Bolt|35/100
|-enditem|p1a: Raging Bolt|Leftovers|[from] move: Knock Off|[of] p2a: Bandit
|move|p1a: Raging Bolt|Calm Mind|p1a: Raging Bolt
|-boost|p1a: Raging Bolt|spa|1
|-boost|p1a: Raging Bolt|spd|1
|
|upkeep
|turn|25
|
|t:|1757809821
|move|p1a: Raging Bolt|Thunderclap|p2a: Bandit
|-damage|p2a: Bandit|36/100
|move|p2a: Bandit|Knock Off|p1a: Raging Bolt
|-damage|p1a: Raging Bolt|4/100
|
|upkeep
|turn|26
|
|t:|1757809827
|switch|p2a: Celestine|Primarina, M, shiny|11/100
|move|p1a: Raging Bolt|Dragon Pulse|p2a: Celestine
|-immune|p2a: Celestine
|
|upkeep
|turn|27
|
|t:|1757809830
|-terastallize|p2a: Celestine|Ground
|move|p1a: Raging Bolt|Thunderclap|p2a: Celestine
|-immune|p2a: Celestine
|move|p2a: Celestine|Moonblast|p1a: Raging Bolt
|-supereffective|p1a: Raging Bolt
|-damage|p1a: Raging Bolt|0 fnt
|faint|p1a: Raging Bolt
|-end|p1a: Raging Bolt|Protosynthesis|[silent]
|
|upkeep
|-message|Kyommunism forfeited.
|
|win|Lesqueegee
|raw|Kyommunism's rating: 1460 &rarr; <strong>1441</strong><br />(-19 for losing)
|raw|Lesqueegee's rating: 1475 &rarr; <strong>1494</strong><br />(+19 for winning)
|l|☆Kyommunism
|player|p1|
