|badge|p2|bronze|gen9ou|100-6
|uhtml|medal-msg|<div class="broadcast-blue">Curious what those medals under the avatar are? PS now has Ladder Seasons! For more information, check out the <a href="https://www.smogon.com/forums/threads/3740067/">thread on Smogon.</a></div>
|j|☆99steps_stuts
|j|☆peewee mcgee xxx
|t:|1757857216
|gametype|singles
|player|p1|99steps_stuts|brycenman|1663
|player|p2|peewee mcgee xxx|102|1823
|gen|9
|tier|[Gen 9] OU
|rated|
|rule|HP Percentage Mod: HP is shown in percentages
|rule|Endless Battle Clause: Forcing endless battles is banned
|rule|Species Clause: Limit one of each Pokémon
|rule|OHKO Clause: OHKO moves are banned
|rule|Evasion Items Clause: Evasion items are banned
|rule|Evasion Moves Clause: Evasion moves are banned
|rule|Evasion Abilities Clause: Evasion abilities are banned
|rule|Sleep Moves Clause: Sleep-inducing moves are banned
|clearpoke
|poke|p1|Clefable, M|
|poke|p1|Incineroar, F|
|poke|p1|Clodsire, M|
|poke|p1|Zapdos-Galar|
|poke|p1|Gholdengo|
|poke|p1|Dragapult, F|
|poke|p2|Alomomola, F|
|poke|p2|Sinistcha-Masterpiece|
|poke|p2|Scizor, M|
|poke|p2|Cinderace, M|
|poke|p2|Zamazenta-*|
|poke|p2|Kyurem|
|teampreview
|inactive|Battle timer is ON: inactive players will automatically lose when time's up. (requested by 99steps_stuts)
|j| cursemars
|
|t:|1757857243
|teamsize|p1|6
|teamsize|p2|6
|start
|switch|p1a: Incineroar|Incineroar, F, shiny|100/100
|switch|p2a: Scizor|Scizor, M|100/100
|-ability|p1a: Incineroar|Intimidate|boost
|-unboost|p2a: Scizor|atk|1
|turn|1
|
|t:|1757857258
|switch|p2a: Alomomola|Alomomola, F|100/100
|move|p1a: Incineroar|Knock Off|p2a: Alomomola
|-damage|p2a: Alomomola|62/100
|-enditem|p2a: Alomomola|Assault Vest|[from] move: Knock Off|[of] p1a: Incineroar
|
|upkeep
|turn|2
|
|t:|1757857265
|move|p1a: Incineroar|U-turn|p2a: Alomomola
|-damage|p2a: Alomomola|43/100
|
|t:|1757857267
|switch|p1a: Quaqsire|Clodsire, M, shiny|100/100|[from] U-turn
|move|p2a: Alomomola|Flip Turn|p1a: Quaqsire
|-immune|p1a: Quaqsire|[from] ability: Water Absorb
|
|upkeep
|turn|3
|
|t:|1757857278
|switch|p2a: Scizor|Scizor, M|100/100
|move|p1a: Quaqsire|Gunk Shot|p2a: Scizor
|-immune|p2a: Scizor
|
|upkeep
|turn|4
|
|t:|1757857284
|move|p2a: Scizor|Knock Off|p1a: Quaqsire
|-damage|p1a: Quaqsire|39/100
|-enditem|p1a: Quaqsire|Black Sludge|[from] move: Knock Off|[of] p2a: Scizor
|move|p1a: Quaqsire|Earthquake|p2a: Scizor
|-damage|p2a: Scizor|71/100
|
|upkeep
|turn|5
|
|t:|1757857291
|switch|p1a: Incineroar|Incineroar, F, shiny|100/100
|-ability|p1a: Incineroar|Intimidate|boost
|-unboost|p2a: Scizor|atk|1
|move|p2a: Scizor|Knock Off|p1a: Incineroar
|-resisted|p1a: Incineroar
|-damage|p1a: Incineroar|83/100
|-enditem|p1a: Incineroar|Heavy-Duty Boots|[from] move: Knock Off|[of] p2a: Scizor
|
|upkeep
|turn|6
|
|t:|1757857296
|switch|p2a: Alomomola|Alomomola, F|76/100
|move|p1a: Incineroar|U-turn|p2a: Alomomola
|-damage|p2a: Alomomola|59/100
|
|t:|1757857298
|switch|p1a: Quaqsire|Clodsire, M, shiny|39/100|[from] U-turn
|
|upkeep
|turn|7
|
|t:|1757857300
|switch|p2a: Kyurem|Kyurem|100/100
|-ability|p2a: Kyurem|Pressure
|move|p1a: Quaqsire|Recover|p1a: Quaqsire
|-heal|p1a: Quaqsire|89/100
|
|upkeep
|turn|8
|
|t:|1757857305
|switch|p1a: Gholdengo|Gholdengo, shiny|100/100
|-item|p1a: Gholdengo|Air Balloon
|move|p2a: Kyurem|Ice Beam|p1a: Gholdengo
|-resisted|p1a: Gholdengo
|-crit|p1a: Gholdengo
|-damage|p1a: Gholdengo|35/100
|-enditem|p1a: Gholdengo|Air Balloon
|
|upkeep
|turn|9
|
|t:|1757857312
|move|p2a: Kyurem|Ice Beam|p1a: Gholdengo
|-resisted|p1a: Gholdengo
|-damage|p1a: Gholdengo|0 fnt
|faint|p1a: Gholdengo
|
|upkeep
|
|t:|1757857325
|switch|p1a: Zapdos|Zapdos-Galar, shiny|100/100
|turn|10
|
|t:|1757857333
|switch|p2a: Alomomola|Alomomola, F|92/100
|move|p1a: Zapdos|Thunderous Kick|p2a: Alomomola
|-damage|p2a: Alomomola|56/100
|-unboost|p2a: Alomomola|def|1
|
|upkeep
|turn|11
|
|t:|1757857343
|switch|p2a: Sinistcha|Sinistcha-Masterpiece|100/100
|move|p1a: Zapdos|Bulk Up|p1a: Zapdos
|-boost|p1a: Zapdos|atk|1
|-boost|p1a: Zapdos|def|1
|
|upkeep
|turn|12
|
|t:|1757857347
|move|p1a: Zapdos|Knock Off|p2a: Sinistcha
|-supereffective|p2a: Sinistcha
|-damage|p2a: Sinistcha|32/100
|-enditem|p2a: Sinistcha|Leftovers|[from] move: Knock Off|[of] p1a: Zapdos
|move|p2a: Sinistcha|Shadow Ball|p1a: Zapdos
|-damage|p1a: Zapdos|63/100
|
|upkeep
|turn|13
|
|t:|1757857352
|move|p1a: Zapdos|Knock Off|p2a: Sinistcha
|-supereffective|p2a: Sinistcha
|-damage|p2a: Sinistcha|0 fnt
|faint|p2a: Sinistcha
|
|upkeep
|
|t:|1757857366
|switch|p2a: Cinderace|Cinderace, M|100/100
|turn|14
|
|t:|1757857369
|move|p2a: Cinderace|Pyro Ball|p1a: Zapdos
|-damage|p1a: Zapdos|17/100
|move|p1a: Zapdos|Thunderous Kick|p2a: Cinderace
|-damage|p2a: Cinderace|5/100
|-unboost|p2a: Cinderace|def|1
|
|upkeep
|turn|15
|
|t:|1757857377
|switch|p1a: Incineroar|Incineroar, F, shiny|83/100
|-ability|p1a: Incineroar|Intimidate|boost
|-unboost|p2a: Cinderace|atk|1
|move|p2a: Cinderace|Pyro Ball|p1a: Incineroar
|-resisted|p1a: Incineroar
|-damage|p1a: Incineroar|66/100
|
|upkeep
|turn|16
|
|t:|1757857383
|move|p2a: Cinderace|U-turn|p1a: Incineroar
|-start|p2a: Cinderace|typechange|Bug|[from] ability: Libero
|-damage|p1a: Incineroar|46/100
|
|t:|1757857385
|switch|p2a: Alomomola|Alomomola, F|89/100|[from] U-turn
|move|p1a: Incineroar|Will-O-Wisp|p2a: Alomomola
|-status|p2a: Alomomola|brn
|
|-damage|p2a: Alomomola|83/100 brn|[from] brn
|upkeep
|turn|17
|
|t:|1757857387
|move|p1a: Incineroar|U-turn|p2a: Alomomola
|-damage|p2a: Alomomola|64/100 brn
|
|t:|1757857391
|switch|p1a: Dragapult|Dragapult, F|100/100|[from] U-turn
|move|p2a: Alomomola|Flip Turn|p1a: Dragapult
|-resisted|p1a: Dragapult
|-damage|p1a: Dragapult|95/100
|
|t:|1757857396
|switch|p2a: Scizor|Scizor, M|71/100|[from] Flip Turn
|
|upkeep
|turn|18
|
|t:|1757857400
|-terastallize|p2a: Scizor|Steel
|move|p2a: Scizor|Bullet Punch|p1a: Dragapult
|-damage|p1a: Dragapult|7/100
|move|p1a: Dragapult|Will-O-Wisp|p2a: Scizor
|-status|p2a: Scizor|brn
|
|-damage|p2a: Scizor|65/100 brn|[from] brn
|upkeep
|turn|19
|
|t:|1757857408
|switch|p1a: Incineroar|Incineroar, F, shiny|46/100
|-ability|p1a: Incineroar|Intimidate|boost
|-unboost|p2a: Scizor|atk|1
|move|p2a: Scizor|Bullet Punch|p1a: Incineroar
|-resisted|p1a: Incineroar
|-damage|p1a: Incineroar|36/100
|
|-damage|p2a: Scizor|59/100 brn|[from] brn
|upkeep
|turn|20
|
|t:|1757857415
|move|p2a: Scizor|Bullet Punch|p1a: Incineroar
|-resisted|p1a: Incineroar
|-damage|p1a: Incineroar|24/100
|move|p1a: Incineroar|U-turn|p2a: Scizor
|-resisted|p2a: Scizor
|-damage|p2a: Scizor|46/100 brn
|
|t:|1757857418
|switch|p1a: Quaqsire|Clodsire, M, shiny|89/100|[from] U-turn
|
|-damage|p2a: Scizor|40/100 brn|[from] brn
|upkeep
|turn|21
|
|t:|1757857429
|switch|p2a: Kyurem|Kyurem|100/100
|-ability|p2a: Kyurem|Pressure
|move|p1a: Quaqsire|Earthquake|p2a: Kyurem
|-damage|p2a: Kyurem|74/100
|
|upkeep
|turn|22
|
|t:|1757857434
|move|p2a: Kyurem|Ice Beam|p1a: Quaqsire
|-supereffective|p1a: Quaqsire
|-damage|p1a: Quaqsire|8/100
|move|p1a: Quaqsire|Gunk Shot|p2a: Kyurem
|-damage|p2a: Kyurem|43/100
|
|upkeep
|turn|23
|
|t:|1757857441
|switch|p1a: Incineroar|Incineroar, F, shiny|24/100
|-ability|p1a: Incineroar|Intimidate|boost
|-unboost|p2a: Kyurem|atk|1
|move|p2a: Kyurem|Ice Beam|p1a: Incineroar
|-resisted|p1a: Incineroar
|-damage|p1a: Incineroar|0 fnt
|faint|p1a: Incineroar
|
|upkeep
|
|t:|1757857444
|switch|p1a: Dragapult|Dragapult, F|7/100
|turn|24
|
|t:|1757857448
|switch|p2a: Alomomola|Alomomola, F|98/100 brn
|move|p1a: Dragapult|Dragon Darts|p2a: Alomomola
|-damage|p2a: Alomomola|79/100 brn
|-anim|p1a: Dragapult|Dragon Darts|p2a: Alomomola
|-damage|p2a: Alomomola|59/100 brn
|
|-damage|p2a: Alomomola|53/100 brn|[from] brn
|upkeep
|turn|25
|
|t:|1757857456
|move|p1a: Dragapult|U-turn|p2a: Alomomola
|-damage|p2a: Alomomola|37/100 brn
|
|t:|1757857458
|switch|p1a: Quaqsire|Clodsire, M, shiny|8/100|[from] U-turn
|move|p2a: Alomomola|Play Rough|p1a: Quaqsire
|-resisted|p1a: Quaqsire
|-damage|p1a: Quaqsire|4/100
|-unboost|p1a: Quaqsire|atk|1
|
|-damage|p2a: Alomomola|31/100 brn|[from] brn
|upkeep
|turn|26
|
|t:|1757857465
|move|p2a: Alomomola|Play Rough|p1a: Quaqsire
|-resisted|p1a: Quaqsire
|-damage|p1a: Quaqsire|0 fnt
|faint|p1a: Quaqsire
|
|-damage|p2a: Alomomola|25/100 brn|[from] brn
|upkeep
|
|t:|1757857468
|switch|p1a: Dragapult|Dragapult, F|7/100
|turn|27
|
|t:|1757857470
|move|p2a: Alomomola|Aqua Jet|p1a: Dragapult
|-resisted|p1a: Dragapult
|-crit|p1a: Dragapult
|-damage|p1a: Dragapult|2/100
|move|p1a: Dragapult|Hex|p2a: Alomomola
|-damage|p2a: Alomomola|0 fnt
|faint|p2a: Alomomola
|
|upkeep
|
|t:|1757857477
|switch|p2a: Scizor|Scizor, M, tera:Steel|40/100 brn
|turn|28
|
|t:|1757857487
|move|p2a: Scizor|Bullet Punch|p1a: Dragapult
|-damage|p1a: Dragapult|0 fnt
|faint|p1a: Dragapult
|
|-damage|p2a: Scizor|34/100 brn|[from] brn
|upkeep
|
|t:|1757857489
|switch|p1a: Clefairie|Clefable, M, shiny|100/100
|turn|29
|
|t:|1757857490
|move|p1a: Clefairie|Protect|p1a: Clefairie
|-singleturn|p1a: Clefairie|Protect
|move|p2a: Scizor|Bullet Punch|p1a: Clefairie
|-activate|p1a: Clefairie|move: Protect
|
|-damage|p2a: Scizor|28/100 brn|[from] brn
|upkeep
|turn|30
|
|t:|1757857492
|move|p2a: Scizor|Bullet Punch|p1a: Clefairie
|-supereffective|p1a: Clefairie
|-damage|p1a: Clefairie|49/100
|move|p1a: Clefairie|Wish|p1a: Clefairie
|
|-heal|p1a: Clefairie|55/100|[from] item: Leftovers
|-damage|p2a: Scizor|22/100 brn|[from] brn
|upkeep
|turn|31
|
|t:|1757857497
|switch|p2a: Kyurem|Kyurem|43/100
|-ability|p2a: Kyurem|Pressure
|move|p1a: Clefairie|Protect||[still]
|-fail|p1a: Clefairie
|
|-heal|p1a: Clefairie|100/100|[from] move: Wish|[wisher] Clefairie
|upkeep
|turn|32
|
|t:|1757857499
|move|p1a: Clefairie|Protect|p1a: Clefairie
|-singleturn|p1a: Clefairie|Protect
|move|p2a: Kyurem|Ice Beam|p1a: Clefairie
|-activate|p1a: Clefairie|move: Protect
|
|upkeep
|turn|33
|
|t:|1757857508
|move|p2a: Kyurem|Ice Beam|p1a: Clefairie
|-damage|p1a: Clefairie|34/100
|move|p1a: Clefairie|Calm Mind|p1a: Clefairie
|-boost|p1a: Clefairie|spa|1
|-boost|p1a: Clefairie|spd|1
|
|-heal|p1a: Clefairie|40/100|[from] item: Leftovers
|upkeep
|turn|34
|
|t:|1757857513
|move|p1a: Clefairie|Protect|p1a: Clefairie
|-singleturn|p1a: Clefairie|Protect
|move|p2a: Kyurem|Ice Beam|p1a: Clefairie
|-activate|p1a: Clefairie|move: Protect
|
|-heal|p1a: Clefairie|46/100|[from] item: Leftovers
|upkeep
|turn|35
|
|t:|1757857515
|move|p2a: Kyurem|Ice Beam|p1a: Clefairie
|-damage|p1a: Clefairie|3/100
|move|p1a: Clefairie|Wish|p1a: Clefairie
|
|-heal|p1a: Clefairie|9/100|[from] item: Leftovers
|upkeep
|turn|36
|
|t:|1757857524
|switch|p2a: Cinderace|Cinderace, M|5/100
|move|p1a: Clefairie|Protect||[still]
|-fail|p1a: Clefairie
|
|-heal|p1a: Clefairie|59/100|[from] move: Wish|[wisher] Clefairie
|-heal|p1a: Clefairie|65/100|[from] item: Leftovers
|upkeep
|turn|37
|c|☆99steps_stuts|must be modest
|
|t:|1757857527
|move|p1a: Clefairie|Protect|p1a: Clefairie
|-singleturn|p1a: Clefairie|Protect
|move|p2a: Cinderace|Pyro Ball|p1a: Clefairie
|-activate|p1a: Clefairie|move: Protect
|
|-heal|p1a: Clefairie|71/100|[from] item: Leftovers
|upkeep
|turn|38
|
|t:|1757857529
|move|p2a: Cinderace|Pyro Ball|p1a: Clefairie
|-damage|p1a: Clefairie|25/100
|move|p1a: Clefairie|Wish|p1a: Clefairie
|
|-heal|p1a: Clefairie|31/100|[from] item: Leftovers
|upkeep
|turn|39
|
|t:|1757857535
|move|p1a: Clefairie|Protect|p1a: Clefairie
|-singleturn|p1a: Clefairie|Protect
|move|p2a: Cinderace|U-turn|p1a: Clefairie
|-start|p2a: Cinderace|typechange|Bug|[from] ability: Libero
|-activate|p1a: Clefairie|move: Protect
|
|-heal|p1a: Clefairie|81/100|[from] move: Wish|[wisher] Clefairie
|-heal|p1a: Clefairie|87/100|[from] item: Leftovers
|upkeep
|turn|40
|
|t:|1757857538
|move|p2a: Cinderace|U-turn|p1a: Clefairie
|-resisted|p1a: Clefairie
|-damage|p1a: Clefairie|75/100
|
|t:|1757857539
|switch|p2a: Scizor|Scizor, M, tera:Steel|22/100 brn|[from] U-turn
|move|p1a: Clefairie|Wish|p1a: Clefairie
|
|-heal|p1a: Clefairie|81/100|[from] item: Leftovers
|-damage|p2a: Scizor|16/100 brn|[from] brn
|upkeep
|turn|41
|
|t:|1757857544
|move|p2a: Scizor|Bullet Punch|p1a: Clefairie
|-supereffective|p1a: Clefairie
|-damage|p1a: Clefairie|25/100
|move|p1a: Clefairie|Calm Mind|p1a: Clefairie
|-boost|p1a: Clefairie|spa|1
|-boost|p1a: Clefairie|spd|1
|
|-heal|p1a: Clefairie|75/100|[from] move: Wish|[wisher] Clefairie
|-heal|p1a: Clefairie|81/100|[from] item: Leftovers
|-damage|p2a: Scizor|10/100 brn|[from] brn
|upkeep
|turn|42
|
|t:|1757857548
|move|p2a: Scizor|Bullet Punch|p1a: Clefairie
|-supereffective|p1a: Clefairie
|-damage|p1a: Clefairie|25/100
|move|p1a: Clefairie|Wish|p1a: Clefairie
|
|-heal|p1a: Clefairie|31/100|[from] item: Leftovers
|-damage|p2a: Scizor|3/100 brn|[from] brn
|upkeep
|turn|43
|
|t:|1757857559
|switch|p2a: Kyurem|Kyurem|43/100
|-ability|p2a: Kyurem|Pressure
|move|p1a: Clefairie|Protect||[still]
|-fail|p1a: Clefairie
|
|-heal|p1a: Clefairie|81/100|[from] move: Wish|[wisher] Clefairie
|-heal|p1a: Clefairie|87/100|[from] item: Leftovers
|upkeep
|turn|44
|
|t:|1757857561
|move|p1a: Clefairie|Protect|p1a: Clefairie
|-singleturn|p1a: Clefairie|Protect
|move|p2a: Kyurem|Ice Beam|p1a: Clefairie
|-activate|p1a: Clefairie|move: Protect
|
|-heal|p1a: Clefairie|93/100|[from] item: Leftovers
|upkeep
|turn|45
|
|t:|1757857567
|move|p2a: Kyurem|Ice Beam|p1a: Clefairie
|-damage|p1a: Clefairie|58/100
|move|p1a: Clefairie|Moonblast|p2a: Kyurem
|-supereffective|p2a: Kyurem
|-damage|p2a: Kyurem|0 fnt
|faint|p2a: Kyurem
|
|-heal|p1a: Clefairie|64/100|[from] item: Leftovers
|upkeep
|
|t:|1757857573
|switch|p2a: Cinderace|Cinderace, M|5/100
|turn|46
|
|t:|1757857576
|move|p1a: Clefairie|Protect|p1a: Clefairie
|-singleturn|p1a: Clefairie|Protect
|move|p2a: Cinderace|Pyro Ball|p1a: Clefairie
|-activate|p1a: Clefairie|move: Protect
|
|-heal|p1a: Clefairie|70/100|[from] item: Leftovers
|upkeep
|turn|47
|
|t:|1757857578
|move|p2a: Cinderace|Pyro Ball|p1a: Clefairie
|-damage|p1a: Clefairie|25/100
|move|p1a: Clefairie|Wish|p1a: Clefairie
|
|-heal|p1a: Clefairie|32/100|[from] item: Leftovers
|upkeep
|turn|48
|
|t:|1757857586
|move|p1a: Clefairie|Protect|p1a: Clefairie
|-singleturn|p1a: Clefairie|Protect
|move|p2a: Cinderace|Sucker Punch||[still]
|-fail|p2a: Cinderace
|
|-heal|p1a: Clefairie|81/100|[from] move: Wish|[wisher] Clefairie
|-heal|p1a: Clefairie|88/100|[from] item: Leftovers
|upkeep
|turn|49
|
|t:|1757857588
|move|p2a: Cinderace|Pyro Ball|p1a: Clefairie
|-damage|p1a: Clefairie|42/100
|move|p1a: Clefairie|Wish|p1a: Clefairie
|
|-heal|p1a: Clefairie|48/100|[from] item: Leftovers
|upkeep
|turn|50
|
|t:|1757857593
|move|p1a: Clefairie|Protect|p1a: Clefairie
|-singleturn|p1a: Clefairie|Protect
|move|p2a: Cinderace|Pyro Ball|p1a: Clefairie
|-activate|p1a: Clefairie|move: Protect
|
|-heal|p1a: Clefairie|98/100|[from] move: Wish|[wisher] Clefairie
|-heal|p1a: Clefairie|100/100|[from] item: Leftovers
|upkeep
|turn|51
|-message|peewee mcgee xxx forfeited.
|
|win|99steps_stuts
|raw|99steps_stuts's rating: 1663 &rarr; <strong>1692</strong><br />(+29 for winning)
|raw|peewee mcgee xxx's rating: 1823 &rarr; <strong>1794</strong><br />(-29 for losing)
|l|☆peewee mcgee xxx
|player|p2|
|l|☆99steps_stuts
|player|p1|
