|j|☆monkey ramen
|j|☆Playm4ker52
|t:|1757805812
|gametype|singles
|player|p1|monkey ramen|hilda-wonderlauncher|1518
|player|p2|Playm4ker52|lucas|1461
|gen|9
|tier|[Gen 9] OU
|rated|
|rule|HP Percentage Mod: HP is shown in percentages
|rule|Endless Battle Clause: Forcing endless battles is banned
|rule|Species Clause: Limit one of each Pokémon
|rule|OHKO Clause: OHKO moves are banned
|rule|Evasion Items Clause: Evasion items are banned
|rule|Evasion Moves Clause: Evasion moves are banned
|rule|Evasion Abilities Clause: Evasion abilities are banned
|rule|Sleep Moves Clause: Sleep-inducing moves are banned
|clearpoke
|poke|p1|Kyurem|
|poke|p1|Alomomola, F|
|poke|p1|Gliscor, M|
|poke|p1|Dragapult, M|
|poke|p1|Corviknight, F|
|poke|p1|Great Tusk|
|poke|p2|Dragapult, F|
|poke|p2|Sylveon, F|
|poke|p2|Swampert, M|
|poke|p2|Landorus-Therian, M|
|poke|p2|Meowscarada, F|
|poke|p2|Gholdengo|
|teampreview
|inactive|Battle timer is ON: inactive players will automatically lose when time's up. (requested by monkey ramen)
|
|t:|1757805836
|teamsize|p1|6
|teamsize|p2|6
|start
|switch|p1a: Kyurem|Kyurem|100/100
|switch|p2a: Meowscarada|Meowscarada, F|100/100
|-ability|p1a: Kyurem|Pressure
|turn|1
|
|t:|1757805844
|move|p2a: Meowscarada|Knock Off|p1a: Kyurem
|-start|p2a: Meowscarada|typechange|Dark|[from] ability: Protean
|-damage|p1a: Kyurem|54/100
|-enditem|p1a: Kyurem|Loaded Dice|[from] move: Knock Off|[of] p2a: Meowscarada
|move|p1a: Kyurem|Icicle Spear|p2a: Meowscarada
|-damage|p2a: Meowscarada|81/100
|-damage|p2a: Meowscarada|60/100
|-damage|p2a: Meowscarada|41/100
|-hitcount|p2a: Meowscarada|3
|
|upkeep
|turn|2
|
|t:|1757805855
|move|p2a: Meowscarada|U-turn|p1a: Kyurem
|-damage|p1a: Kyurem|34/100
|
|t:|1757805860
|switch|p2a: Gholdengo|Gholdengo|100/100|[from] U-turn
|-item|p2a: Gholdengo|Air Balloon
|move|p1a: Kyurem|Icicle Spear|p2a: Gholdengo
|-resisted|p2a: Gholdengo
|-damage|p2a: Gholdengo|95/100
|-enditem|p2a: Gholdengo|Air Balloon
|-resisted|p2a: Gholdengo
|-damage|p2a: Gholdengo|89/100
|-resisted|p2a: Gholdengo
|-damage|p2a: Gholdengo|83/100
|-resisted|p2a: Gholdengo
|-damage|p2a: Gholdengo|77/100
|-resisted|p2a: Gholdengo
|-damage|p2a: Gholdengo|72/100
|-hitcount|p2a: Gholdengo|5
|
|upkeep
|turn|3
|
|t:|1757805874
|switch|p1a: Alomomola|Alomomola, F|100/100
|move|p2a: Gholdengo|Shadow Ball|p1a: Alomomola
|-damage|p1a: Alomomola|51/100
|
|upkeep
|turn|4
|inactive|monkey ramen has 120 seconds left.
|
|t:|1757805918
|move|p2a: Gholdengo|Shadow Ball|p1a: Alomomola
|-damage|p1a: Alomomola|1/100
|move|p1a: Alomomola|Flip Turn|p2a: Gholdengo
|-damage|p2a: Gholdengo|57/100
|
|t:|1757805920
|switch|p1a: Dragapult|Dragapult, M|100/100|[from] Flip Turn
|
|upkeep
|turn|5
|
|t:|1757805929
|switch|p2a: Sylveon|Sylveon, F|100/100
|move|p1a: Dragapult|Shadow Ball|p2a: Sylveon
|-damage|p2a: Sylveon|72/100
|-unboost|p2a: Sylveon|spd|1
|
|-heal|p2a: Sylveon|78/100|[from] item: Leftovers
|upkeep
|turn|6
|
|t:|1757805939
|switch|p1a: Gliscor|Gliscor, M|100/100
|move|p2a: Sylveon|Draining Kiss|p1a: Gliscor
|-damage|p1a: Gliscor|80/100
|-heal|p2a: Sylveon|94/100|[from] drain|[of] p1a: Gliscor
|
|-heal|p2a: Sylveon|99/100|[from] item: Leftovers
|-status|p1a: Gliscor|tox|[from] item: Toxic Orb
|upkeep
|turn|7
|
|t:|1757805947
|switch|p2a: Landorus|Landorus-Therian, M, shiny|100/100
|-ability|p2a: Landorus|Intimidate|boost
|-unboost|p1a: Gliscor|atk|1
|move|p1a: Gliscor|Spikes|p2a: Landorus
|-sidestart|p2: Playm4ker52|Spikes
|
|-heal|p1a: Gliscor|93/100 tox|[from] ability: Poison Heal
|upkeep
|turn|8
|
|t:|1757805958
|switch|p1a: Great Tusk|Great Tusk|100/100
|move|p2a: Landorus|U-turn|p1a: Great Tusk
|-resisted|p1a: Great Tusk
|-damage|p1a: Great Tusk|91/100
|inactive|Playm4ker52 has 120 seconds left.
|
|t:|1757805987
|switch|p2a: Swampert|Swampert, M|100/100|[from] U-turn
|-damage|p2a: Swampert|88/100|[from] Spikes
|
|-heal|p2a: Swampert|94/100|[from] item: Leftovers
|upkeep
|turn|9
|
|t:|1757805990
|move|p1a: Great Tusk|Knock Off|p2a: Swampert
|-damage|p2a: Swampert|71/100
|-enditem|p2a: Swampert|Leftovers|[from] move: Knock Off|[of] p1a: Great Tusk
|move|p2a: Swampert|Stealth Rock|p1a: Great Tusk
|-sidestart|p1: monkey ramen|move: Stealth Rock
|
|upkeep
|turn|10
|
|t:|1757805996
|move|p1a: Great Tusk|Headlong Rush|p2a: Swampert
|-damage|p2a: Swampert|32/100
|-unboost|p1a: Great Tusk|def|1
|-unboost|p1a: Great Tusk|spd|1
|move|p2a: Swampert|Flip Turn|p1a: Great Tusk
|-supereffective|p1a: Great Tusk
|-damage|p1a: Great Tusk|17/100
|
|t:|1757806005
|switch|p2a: Meowscarada|Meowscarada, F|41/100|[from] Flip Turn
|
|upkeep
|turn|11
|
|t:|1757806011
|-end|p1a: Great Tusk|Protosynthesis|[silent]
|switch|p1a: Corviknight|Corviknight, F|100/100
|-damage|p1a: Corviknight|88/100|[from] Stealth Rock
|-ability|p1a: Corviknight|Pressure
|move|p2a: Meowscarada|U-turn|p1a: Corviknight
|-start|p2a: Meowscarada|typechange|Bug|[from] ability: Protean
|-resisted|p1a: Corviknight
|-damage|p1a: Corviknight|83/100
|
|t:|1757806018
|switch|p2a: Dragapult|Dragapult, F|100/100|[from] U-turn
|-damage|p2a: Dragapult|88/100|[from] Spikes
|
|-heal|p1a: Corviknight|89/100|[from] item: Leftovers
|upkeep
|turn|12
|
|t:|1757806022
|switch|p1a: Kyurem|Kyurem|34/100
|-damage|p1a: Kyurem|9/100|[from] Stealth Rock
|-ability|p1a: Kyurem|Pressure
|move|p2a: Dragapult|Flamethrower|p1a: Kyurem
|-damage|p1a: Kyurem|0 fnt
|faint|p1a: Kyurem
|
|upkeep
|
|t:|1757806027
|switch|p1a: Dragapult|Dragapult, M|100/100
|-damage|p1a: Dragapult|88/100|[from] Stealth Rock
|turn|13
|
|t:|1757806037
|switch|p2a: Swampert|Swampert, M|32/100
|-damage|p2a: Swampert|20/100|[from] Spikes
|move|p1a: Dragapult|U-turn|p2a: Swampert
|-damage|p2a: Swampert|7/100
|
|t:|1757806040
|switch|p1a: Great Tusk|Great Tusk|17/100|[from] U-turn
|
|upkeep
|turn|14
|
|t:|1757806047
|move|p1a: Great Tusk|Rapid Spin|p2a: Swampert
|-damage|p2a: Swampert|0 fnt
|-boost|p1a: Great Tusk|spe|1
|-sideend|p1: monkey ramen|Stealth Rock|[from] move: Rapid Spin|[of] p1a: Great Tusk
|faint|p2a: Swampert
|
|upkeep
|
|t:|1757806053
|switch|p2a: Landorus|Landorus-Therian, M, shiny|100/100
|-ability|p2a: Landorus|Intimidate|boost
|-unboost|p1a: Great Tusk|atk|1
|turn|15
|
|t:|1757806063
|-end|p1a: Great Tusk|Protosynthesis|[silent]
|switch|p1a: Corviknight|Corviknight, F|89/100
|-ability|p1a: Corviknight|Pressure
|move|p2a: Landorus|U-turn|p1a: Corviknight
|-resisted|p1a: Corviknight
|-damage|p1a: Corviknight|86/100
|
|t:|1757806068
|switch|p2a: Dragapult|Dragapult, F|88/100|[from] U-turn
|-damage|p2a: Dragapult|76/100|[from] Spikes
|
|-heal|p1a: Corviknight|92/100|[from] item: Leftovers
|upkeep
|turn|16
|
|t:|1757806074
|switch|p1a: Gliscor|Gliscor, M|93/100 tox
|move|p2a: Dragapult|Shadow Ball|p1a: Gliscor
|-damage|p1a: Gliscor|47/100 tox
|
|-heal|p1a: Gliscor|59/100 tox|[from] ability: Poison Heal
|upkeep
|turn|17
|
|t:|1757806081
|move|p1a: Gliscor|Protect|p1a: Gliscor
|-singleturn|p1a: Gliscor|Protect
|move|p2a: Dragapult|Shadow Ball|p1a: Gliscor
|-activate|p1a: Gliscor|move: Protect
|
|-heal|p1a: Gliscor|72/100 tox|[from] ability: Poison Heal
|upkeep
|turn|18
|
|t:|1757806083
|move|p2a: Dragapult|Shadow Ball|p1a: Gliscor
|-damage|p1a: Gliscor|26/100 tox
|-unboost|p1a: Gliscor|spd|1
|move|p1a: Gliscor|Toxic|p2a: Dragapult
|-status|p2a: Dragapult|tox
|
|-damage|p2a: Dragapult|70/100 tox|[from] psn
|-heal|p1a: Gliscor|39/100 tox|[from] ability: Poison Heal
|upkeep
|turn|19
|
|t:|1757806093
|move|p1a: Gliscor|Protect|p1a: Gliscor
|-singleturn|p1a: Gliscor|Protect
|move|p2a: Dragapult|Shadow Ball|p1a: Gliscor
|-activate|p1a: Gliscor|move: Protect
|
|-damage|p2a: Dragapult|58/100 tox|[from] psn
|-heal|p1a: Gliscor|51/100 tox|[from] ability: Poison Heal
|upkeep
|turn|20
|
|t:|1757806097
|switch|p1a: Great Tusk|Great Tusk|17/100
|move|p2a: Dragapult|Shadow Ball|p1a: Great Tusk
|-damage|p1a: Great Tusk|0 fnt
|faint|p1a: Great Tusk
|-end|p1a: Great Tusk|Protosynthesis|[silent]
|
|-damage|p2a: Dragapult|40/100 tox|[from] psn
|upkeep
|
|t:|1757806098
|switch|p1a: Gliscor|Gliscor, M|51/100 tox
|turn|21
|
|t:|1757806104
|switch|p2a: Meowscarada|Meowscarada, F|41/100
|move|p1a: Gliscor|Protect||[still]
|-fail|p1a: Gliscor
|
|-heal|p1a: Gliscor|64/100 tox|[from] ability: Poison Heal
|upkeep
|turn|22
|
|t:|1757806113
|move|p1a: Gliscor|Protect|p1a: Gliscor
|-singleturn|p1a: Gliscor|Protect
|move|p2a: Meowscarada|Triple Axel|p1a: Gliscor
|-start|p2a: Meowscarada|typechange|Ice|[from] ability: Protean
|-activate|p1a: Gliscor|move: Protect
|
|-heal|p1a: Gliscor|76/100 tox|[from] ability: Poison Heal
|upkeep
|turn|23
|
|t:|1757806118
|switch|p1a: Alomomola|Alomomola, F|35/100
|move|p2a: Meowscarada|U-turn|p1a: Alomomola
|-damage|p1a: Alomomola|22/100
|
|t:|1757806124
|switch|p2a: Gholdengo|Gholdengo|57/100|[from] U-turn
|-damage|p2a: Gholdengo|44/100|[from] Spikes
|
|upkeep
|turn|24
|
|t:|1757806129
|move|p2a: Gholdengo|Shadow Ball|p1a: Alomomola
|-damage|p1a: Alomomola|0 fnt
|faint|p1a: Alomomola
|
|upkeep
|
|t:|1757806131
|switch|p1a: Dragapult|Dragapult, M|88/100
|turn|25
|
|t:|1757806141
|switch|p2a: Sylveon|Sylveon, F|99/100
|-damage|p2a: Sylveon|87/100|[from] Spikes
|move|p1a: Dragapult|Shadow Ball|p2a: Sylveon
|-damage|p2a: Sylveon|58/100
|
|-heal|p2a: Sylveon|64/100|[from] item: Leftovers
|upkeep
|turn|26
|
|t:|1757806157
|switch|p1a: Gliscor|Gliscor, M|76/100 tox
|move|p2a: Sylveon|Calm Mind|p2a: Sylveon
|-boost|p2a: Sylveon|spa|1
|-boost|p2a: Sylveon|spd|1
|
|-heal|p2a: Sylveon|70/100|[from] item: Leftovers
|-heal|p1a: Gliscor|89/100 tox|[from] ability: Poison Heal
|upkeep
|turn|27
|
|t:|1757806166
|move|p1a: Gliscor|Toxic|p2a: Sylveon
|-status|p2a: Sylveon|tox
|move|p2a: Sylveon|Draining Kiss|p1a: Gliscor
|-damage|p1a: Gliscor|58/100 tox
|-heal|p2a: Sylveon|94/100 tox|[from] drain|[of] p1a: Gliscor
|
|-heal|p2a: Sylveon|99/100 tox|[from] item: Leftovers
|-heal|p1a: Gliscor|70/100 tox|[from] ability: Poison Heal
|-damage|p2a: Sylveon|94/100 tox|[from] psn
|upkeep
|turn|28
|
|t:|1757806177
|move|p1a: Gliscor|Spikes|p2a: Sylveon
|-sidestart|p2: Playm4ker52|Spikes
|move|p2a: Sylveon|Calm Mind|p2a: Sylveon
|-boost|p2a: Sylveon|spa|1
|-boost|p2a: Sylveon|spd|1
|
|-heal|p2a: Sylveon|99/100 tox|[from] item: Leftovers
|-heal|p1a: Gliscor|83/100 tox|[from] ability: Poison Heal
|-damage|p2a: Sylveon|88/100 tox|[from] psn
|upkeep
|turn|29
|
|t:|1757806182
|move|p1a: Gliscor|Protect|p1a: Gliscor
|-singleturn|p1a: Gliscor|Protect
|move|p2a: Sylveon|Calm Mind|p2a: Sylveon
|-boost|p2a: Sylveon|spa|1
|-boost|p2a: Sylveon|spd|1
|
|-heal|p2a: Sylveon|94/100 tox|[from] item: Leftovers
|-heal|p1a: Gliscor|95/100 tox|[from] ability: Poison Heal
|-damage|p2a: Sylveon|76/100 tox|[from] psn
|upkeep
|turn|30
|
|t:|1757806185
|move|p1a: Gliscor|Earthquake|p2a: Sylveon
|-damage|p2a: Sylveon|33/100 tox
|move|p2a: Sylveon|Draining Kiss|p1a: Gliscor
|-damage|p1a: Gliscor|47/100 tox
|-heal|p2a: Sylveon|70/100 tox|[from] drain|[of] p1a: Gliscor
|
|-heal|p2a: Sylveon|76/100 tox|[from] item: Leftovers
|-heal|p1a: Gliscor|60/100 tox|[from] ability: Poison Heal
|-damage|p2a: Sylveon|52/100 tox|[from] psn
|upkeep
|turn|31
|
|t:|1757806191
|move|p1a: Gliscor|Spikes|p2a: Sylveon
|-sidestart|p2: Playm4ker52|Spikes
|move|p2a: Sylveon|Draining Kiss|p1a: Gliscor
|-damage|p1a: Gliscor|15/100 tox
|-heal|p2a: Sylveon|85/100 tox|[from] drain|[of] p1a: Gliscor
|
|-heal|p2a: Sylveon|91/100 tox|[from] item: Leftovers
|-heal|p1a: Gliscor|28/100 tox|[from] ability: Poison Heal
|-damage|p2a: Sylveon|61/100 tox|[from] psn
|upkeep
|turn|32
|
|t:|1757806199
|move|p1a: Gliscor|Protect|p1a: Gliscor
|-singleturn|p1a: Gliscor|Protect
|move|p2a: Sylveon|Calm Mind|p2a: Sylveon
|-boost|p2a: Sylveon|spa|1
|-boost|p2a: Sylveon|spd|1
|
|-heal|p2a: Sylveon|67/100 tox|[from] item: Leftovers
|-heal|p1a: Gliscor|40/100 tox|[from] ability: Poison Heal
|-damage|p2a: Sylveon|31/100 tox|[from] psn
|upkeep
|turn|33
|
|t:|1757806202
|switch|p1a: Corviknight|Corviknight, F|92/100
|-ability|p1a: Corviknight|Pressure
|move|p2a: Sylveon|Draining Kiss|p1a: Corviknight
|-resisted|p1a: Corviknight
|-damage|p1a: Corviknight|58/100
|-heal|p2a: Sylveon|61/100 tox|[from] drain|[of] p1a: Corviknight
|
|-heal|p1a: Corviknight|64/100|[from] item: Leftovers
|-heal|p2a: Sylveon|67/100 tox|[from] item: Leftovers
|-damage|p2a: Sylveon|25/100 tox|[from] psn
|upkeep
|turn|34
|
|t:|1757806210
|move|p1a: Corviknight|Roost|p1a: Corviknight
|-heal|p1a: Corviknight|100/100
|-singleturn|p1a: Corviknight|move: Roost
|move|p2a: Sylveon|Shadow Ball|p1a: Corviknight
|-damage|p1a: Corviknight|28/100
|
|-heal|p1a: Corviknight|34/100|[from] item: Leftovers
|-heal|p2a: Sylveon|31/100 tox|[from] item: Leftovers
|-damage|p2a: Sylveon|0 fnt|[from] psn
|faint|p2a: Sylveon
|upkeep
|
|t:|1757806222
|switch|p2a: Dragapult|Dragapult, F|40/100 tox
|-damage|p2a: Dragapult|15/100 tox|[from] Spikes
|turn|35
|
|t:|1757806237
|move|p2a: Dragapult|Shadow Ball|p1a: Corviknight
|-damage|p1a: Corviknight|0 fnt
|faint|p1a: Corviknight
|
|-damage|p2a: Dragapult|9/100 tox|[from] psn
|upkeep
|
|t:|1757806239
|switch|p1a: Gliscor|Gliscor, M|40/100 tox
|turn|36
|
|t:|1757806245
|move|p1a: Gliscor|Protect|p1a: Gliscor
|-singleturn|p1a: Gliscor|Protect
|move|p2a: Dragapult|Shadow Ball|p1a: Gliscor
|-activate|p1a: Gliscor|move: Protect
|
|-damage|p2a: Dragapult|0 fnt|[from] psn
|faint|p2a: Dragapult
|-heal|p1a: Gliscor|53/100 tox|[from] ability: Poison Heal
|upkeep
|
|t:|1757806255
|switch|p2a: Meowscarada|Meowscarada, F|41/100
|turn|37
|
|t:|1757806267
|move|p1a: Gliscor|Protect||[still]
|-fail|p1a: Gliscor
|move|p2a: Meowscarada|Flower Trick|p1a: Gliscor
|-start|p2a: Meowscarada|typechange|Grass|[from] ability: Protean
|-crit|p1a: Gliscor
|-damage|p1a: Gliscor|13/100 tox
|
|-heal|p1a: Gliscor|26/100 tox|[from] ability: Poison Heal
|upkeep
|turn|38
|
|t:|1757806275
|move|p1a: Gliscor|Protect|p1a: Gliscor
|-singleturn|p1a: Gliscor|Protect
|move|p2a: Meowscarada|Flower Trick|p1a: Gliscor
|-activate|p1a: Gliscor|move: Protect
|
|-heal|p1a: Gliscor|38/100 tox|[from] ability: Poison Heal
|upkeep
|turn|39
|
|t:|1757806278
|move|p2a: Meowscarada|Triple Axel|p1a: Gliscor
|-supereffective|p1a: Gliscor
|-damage|p1a: Gliscor|18/100 tox
|-supereffective|p1a: Gliscor
|-damage|p1a: Gliscor|0 fnt
|faint|p1a: Gliscor
|-hitcount|p1: Gliscor|2
|
|upkeep
|
|t:|1757806284
|switch|p1a: Dragapult|Dragapult, M|88/100
|turn|40
|
|t:|1757806287
|-terastallize|p1a: Dragapult|Ghost
|move|p1a: Dragapult|Shadow Ball|p2a: Meowscarada
|-damage|p2a: Meowscarada|0 fnt
|faint|p2a: Meowscarada
|
|upkeep
|
|t:|1757806292
|switch|p2a: Landorus|Landorus-Therian, M, shiny|100/100
|-ability|p2a: Landorus|Intimidate|boost
|-unboost|p1a: Dragapult|atk|1
|turn|41
|
|t:|1757806295
|move|p2a: Landorus|Earthquake|p1a: Dragapult
|-damage|p1a: Dragapult|13/100
|move|p1a: Dragapult|Shadow Ball|p2a: Landorus
|-damage|p2a: Landorus|8/100
|
|upkeep
|turn|42
|
|t:|1757806300
|move|p2a: Landorus|Earthquake|p1a: Dragapult
|-damage|p1a: Dragapult|0 fnt
|faint|p1a: Dragapult
|
|win|Playm4ker52
|raw|monkey ramen's rating: 1518 &rarr; <strong>1495</strong><br />(-23 for losing)
|raw|Playm4ker52's rating: 1461 &rarr; <strong>1484</strong><br />(+23 for winning)
|l|☆monkey ramen
|player|p1|
