|j|☆trollface games
|j|☆ouku bakuza
|t:|1757834106
|gametype|singles
|player|p1|trollface games|psychic-gen4|1537
|player|p2|ouku bakuza|266|1595
|gen|9
|tier|[Gen 9] OU
|rated|
|rule|HP Percentage Mod: HP is shown in percentages
|rule|Endless Battle Clause: Forcing endless battles is banned
|rule|Species Clause: Limit one of each Pokémon
|rule|OHKO Clause: OHKO moves are banned
|rule|Evasion Items Clause: Evasion items are banned
|rule|Evasion Moves Clause: Evasion moves are banned
|rule|Evasion Abilities Clause: Evasion abilities are banned
|rule|Sleep Moves Clause: Sleep-inducing moves are banned
|clearpoke
|poke|p1|Enamorus, F|
|poke|p1|Araquanid, F|
|poke|p1|Gholdengo|
|poke|p1|Iron Valiant|
|poke|p1|Kingambit, M|
|poke|p1|Great Tusk|
|poke|p2|Great Tusk|
|poke|p2|Dragonite, F|
|poke|p2|Gholdengo|
|poke|p2|Iron Treads|
|poke|p2|Rotom-Wash|
|poke|p2|Iron Valiant|
|teampreview
|inactive|Battle timer is ON: inactive players will automatically lose when time's up. (requested by ouku bakuza)
|
|t:|1757834112
|teamsize|p1|6
|teamsize|p2|6
|start
|switch|p1a: Araquanid|Araquanid, F|100/100
|switch|p2a: Rotom|Rotom-Wash|100/100
|turn|1
|
|t:|1757834116
|move|p2a: Rotom|Trick|p1a: Araquanid
|-activate|p2a: Rotom|move: Trick|[of] p1a: Araquanid
|-item|p1a: Araquanid|Choice Scarf|[from] move: Trick
|-item|p2a: Rotom|Custap Berry|[from] move: Trick
|move|p1a: Araquanid|Sticky Web|p2a: Rotom
|-sidestart|p2: ouku bakuza|move: Sticky Web
|
|upkeep
|turn|2
|
|t:|1757834127
|switch|p1a: Great Tusk|Great Tusk|100/100
|-enditem|p1a: Great Tusk|Booster Energy
|-activate|p1a: Great Tusk|ability: Protosynthesis|[fromitem]
|-start|p1a: Great Tusk|protosynthesisspe
|move|p2a: Rotom|Will-O-Wisp|p1a: Great Tusk
|-status|p1a: Great Tusk|brn
|
|-damage|p1a: Great Tusk|94/100 brn|[from] brn
|upkeep
|turn|3
|j| HGalliumh
|l| HGalliumh
|
|t:|1757834142
|move|p1a: Great Tusk|Knock Off|p2a: Rotom
|-damage|p2a: Rotom|87/100
|-enditem|p2a: Rotom|Custap Berry|[from] move: Knock Off|[of] p1a: Great Tusk
|move|p2a: Rotom|Dark Pulse|p1a: Great Tusk
|-resisted|p1a: Great Tusk
|-damage|p1a: Great Tusk|81/100 brn
|
|-damage|p1a: Great Tusk|74/100 brn|[from] brn
|upkeep
|turn|4
|
|t:|1757834167
|move|p1a: Great Tusk|Knock Off|p2a: Rotom
|-damage|p2a: Rotom|76/100
|move|p2a: Rotom|Dark Pulse|p1a: Great Tusk
|-resisted|p1a: Great Tusk
|-damage|p1a: Great Tusk|61/100 brn
|
|-damage|p1a: Great Tusk|54/100 brn|[from] brn
|upkeep
|turn|5
|
|t:|1757834178
|-end|p1a: Great Tusk|Protosynthesis|[silent]
|switch|p1a: Iron Valiant|Iron Valiant|100/100
|-enditem|p1a: Iron Valiant|Booster Energy
|-activate|p1a: Iron Valiant|ability: Quark Drive|[fromitem]
|-start|p1a: Iron Valiant|quarkdrivespa
|move|p2a: Rotom|Dark Pulse|p1a: Iron Valiant
|-resisted|p1a: Iron Valiant
|-damage|p1a: Iron Valiant|92/100
|
|upkeep
|turn|6
|
|t:|1757834188
|move|p1a: Iron Valiant|Calm Mind|p1a: Iron Valiant
|-boost|p1a: Iron Valiant|spa|1
|-boost|p1a: Iron Valiant|spd|1
|move|p2a: Rotom|Volt Switch|p1a: Iron Valiant
|-damage|p1a: Iron Valiant|56/100
|j| Rizzofreko
|inactive|ouku bakuza has 120 seconds left.
|
|t:|1757834237
|switch|p2a: Iron Valiant|Iron Valiant|100/100|[from] Volt Switch
|-activate|p2a: Iron Valiant|move: Sticky Web
|-unboost|p2a: Iron Valiant|spe|1
|-enditem|p2a: Iron Valiant|Booster Energy
|-activate|p2a: Iron Valiant|ability: Quark Drive|[fromitem]
|-start|p2a: Iron Valiant|quarkdriveatk
|
|upkeep
|turn|7
|j| HGalliumh
|
|t:|1757834252
|move|p1a: Iron Valiant|Moonblast|p2a: Iron Valiant
|-supereffective|p2a: Iron Valiant
|-damage|p2a: Iron Valiant|0 fnt
|faint|p2a: Iron Valiant
|-end|p2a: Iron Valiant|Quark Drive|[silent]
|
|upkeep
|
|t:|1757834260
|switch|p2a: Iron Treads|Iron Treads|100/100
|-activate|p2a: Iron Treads|move: Sticky Web
|-unboost|p2a: Iron Treads|spe|1
|-enditem|p2a: Iron Treads|Booster Energy
|-activate|p2a: Iron Treads|ability: Quark Drive|[fromitem]
|-start|p2a: Iron Treads|quarkdriveatk
|turn|8
|
|t:|1757834268
|move|p1a: Iron Valiant|Vacuum Wave|p2a: Iron Treads
|-supereffective|p2a: Iron Treads
|-damage|p2a: Iron Treads|0 fnt
|faint|p2a: Iron Treads
|-end|p2a: Iron Treads|Quark Drive|[silent]
|
|upkeep
|
|t:|1757834273
|switch|p2a: van gho|Gholdengo|100/100
|-activate|p2a: van gho|move: Sticky Web
|-unboost|p2a: van gho|spe|1
|turn|9
|
|t:|1757834277
|-terastallize|p1a: Iron Valiant|Electric
|move|p1a: Iron Valiant|Thunderbolt|p2a: van gho
|-damage|p2a: van gho|9/100
|move|p2a: van gho|Make It Rain|p1a: Iron Valiant
|-resisted|p1a: Iron Valiant
|-damage|p1a: Iron Valiant|25/100
|-unboost|p2a: van gho|spa|1
|
|-heal|p2a: van gho|15/100|[from] item: Leftovers
|upkeep
|turn|10
|
|t:|1757834286
|move|p1a: Iron Valiant|Moonblast|p2a: van gho
|-resisted|p2a: van gho
|-crit|p2a: van gho
|-damage|p2a: van gho|0 fnt
|faint|p2a: van gho
|
|upkeep
|
|t:|1757834288
|switch|p2a: Dragonite|Dragonite, F|100/100
|turn|11
|
|t:|1757834297
|-end|p1a: Iron Valiant|Quark Drive|[silent]
|switch|p1a: Gholdengo|Gholdengo|100/100
|move|p2a: Dragonite|Extreme Speed|p1a: Gholdengo
|-immune|p1a: Gholdengo
|
|upkeep
|turn|12
|
|t:|1757834301
|switch|p2a: Rotom|Rotom-Wash|76/100
|move|p1a: Gholdengo|Shadow Ball|p2a: Rotom
|-damage|p2a: Rotom|31/100
|
|upkeep
|turn|13
|
|t:|1757834305
|move|p1a: Gholdengo|Shadow Ball|p2a: Rotom
|-damage|p2a: Rotom|0 fnt
|faint|p2a: Rotom
|
|upkeep
|
|t:|1757834308
|switch|p2a: good horns|Great Tusk|100/100
|-activate|p2a: good horns|move: Sticky Web
|-unboost|p2a: good horns|spe|1
|-enditem|p2a: good horns|Booster Energy
|-activate|p2a: good horns|ability: Protosynthesis|[fromitem]
|-start|p2a: good horns|protosynthesisatk
|turn|14
|
|t:|1757834313
|switch|p1a: Enamorus|Enamorus, F|100/100
|move|p2a: good horns|Earthquake|p1a: Enamorus
|-immune|p1a: Enamorus
|
|upkeep
|turn|15
|
|t:|1757834316
|move|p1a: Enamorus|Moonblast|p2a: good horns
|-supereffective|p2a: good horns
|-damage|p2a: good horns|0 fnt
|faint|p2a: good horns
|-end|p2a: good horns|Protosynthesis|[silent]
|
|upkeep
|
|t:|1757834319
|switch|p2a: Dragonite|Dragonite, F|100/100
|turn|16
|
|t:|1757834323
|-terastallize|p2a: Dragonite|Fire
|move|p1a: Enamorus|Moonblast|p2a: Dragonite
|-resisted|p2a: Dragonite
|-damage|p2a: Dragonite|90/100
|move|p2a: Dragonite|Dragon Dance|p2a: Dragonite
|-boost|p2a: Dragonite|atk|1
|-boost|p2a: Dragonite|spe|1
|
|-heal|p2a: Dragonite|96/100|[from] item: Leftovers
|upkeep
|turn|17
|
|t:|1757834327
|move|p2a: Dragonite|Dragon Dance|p2a: Dragonite
|-boost|p2a: Dragonite|atk|1
|-boost|p2a: Dragonite|spe|1
|move|p1a: Enamorus|Superpower|p2a: Dragonite
|-crit|p2a: Dragonite
|-damage|p2a: Dragonite|27/100
|-boost|p1a: Enamorus|atk|1
|-boost|p1a: Enamorus|def|1
|
|-heal|p2a: Dragonite|33/100|[from] item: Leftovers
|upkeep
|turn|18
|
|t:|1757834337
|move|p2a: Dragonite|Fire Punch|p1a: Enamorus
|-damage|p1a: Enamorus|0 fnt
|faint|p1a: Enamorus
|
|-heal|p2a: Dragonite|40/100|[from] item: Leftovers
|upkeep
|
|t:|1757834345
|switch|p1a: Araquanid|Araquanid, F|100/100
|turn|19
|
|t:|1757834348
|move|p2a: Dragonite|Dragon Claw|p1a: Araquanid
|-damage|p1a: Araquanid|0 fnt
|faint|p1a: Araquanid
|
|-heal|p2a: Dragonite|46/100|[from] item: Leftovers
|upkeep
|j| Squallskip
|
|t:|1757834353
|switch|p1a: Iron Valiant|Iron Valiant, tera:Electric|25/100
|turn|20
|
|t:|1757834359
|move|p2a: Dragonite|Extreme Speed|p1a: Iron Valiant
|-damage|p1a: Iron Valiant|0 fnt
|faint|p1a: Iron Valiant
|-end|p1a: Iron Valiant|Quark Drive|[silent]
|
|-heal|p2a: Dragonite|52/100|[from] item: Leftovers
|upkeep
|
|t:|1757834361
|switch|p1a: Kingambit|Kingambit, M|100/100
|-activate|p1a: Kingambit|ability: Supreme Overlord
|-start|p1a: Kingambit|fallen3|[silent]
|-item|p1a: Kingambit|Air Balloon
|turn|21
|
|t:|1757834365
|move|p1a: Kingambit|Sucker Punch|p2a: Dragonite
|-damage|p2a: Dragonite|0 fnt
|faint|p2a: Dragonite
|
|win|trollface games
|raw|trollface games's rating: 1537 &rarr; <strong>1560</strong><br />(+23 for winning)
|raw|ouku bakuza's rating: 1595 &rarr; <strong>1572</strong><br />(-23 for losing)
|l|☆trollface games
|player|p1|
|l| Rizzofreko
|l| Squallskip
|l|☆ouku bakuza
|player|p2|
