|j|☆ricboooy
|j|☆showdup
|t:|1757875615
|gametype|singles
|player|p1|ricboooy|170|1517
|player|p2|showdup|scientist|1479
|gen|9
|tier|[Gen 9] OU
|rated|
|rule|HP Percentage Mod: HP is shown in percentages
|rule|Endless Battle Clause: Forcing endless battles is banned
|rule|Species Clause: Limit one of each Pokémon
|rule|OHKO Clause: OHKO moves are banned
|rule|Evasion Items Clause: Evasion items are banned
|rule|Evasion Moves Clause: Evasion moves are banned
|rule|Evasion Abilities Clause: Evasion abilities are banned
|rule|Sleep Moves Clause: Sleep-inducing moves are banned
|clearpoke
|poke|p1|Dragonite, F|
|poke|p1|Goodra-Hisui, F|
|poke|p1|Zamazenta-*|
|poke|p1|Gholdengo|
|poke|p1|Orthworm, M|
|poke|p1|Zapdos|
|poke|p2|Rillaboom, F|
|poke|p2|Zapdos|
|poke|p2|Iron Boulder|
|poke|p2|Ursaluna, F|
|poke|p2|Dragapult, M|
|poke|p2|Cinderace, M|
|teampreview
|inactive|Battle timer is ON: inactive players will automatically lose when time's up. (requested by ricboooy)
|
|t:|1757875621
|teamsize|p1|6
|teamsize|p2|6
|start
|switch|p1a: Orthworm|Orthworm, M|100/100
|switch|p2a: Zapdos|Zapdos|100/100
|turn|1
|
|t:|1757875625
|move|p2a: Zapdos|Thunder Wave|p1a: Orthworm
|-status|p1a: Orthworm|par
|move|p1a: Orthworm|Coil|p1a: Orthworm
|-boost|p1a: Orthworm|atk|1
|-boost|p1a: Orthworm|def|1
|-boost|p1a: Orthworm|accuracy|1
|
|upkeep
|turn|2
|inactive|showdup has 120 seconds left.
|l|☆showdup
|inactive|showdup disconnected and has a minute to reconnect!
|player|p2|
|j|☆showdup
|inactive|showdup reconnected and has 90 seconds left.
|player|p2|showdup|scientist|
|
|t:|1757875701
|move|p2a: Zapdos|Volt Switch|p1a: Orthworm
|-damage|p1a: Orthworm|46/100 par
|
|t:|1757875705
|switch|p2a: Rillaboom|Rillaboom, F|100/100|[from] Volt Switch
|-fieldstart|move: Grassy Terrain|[from] ability: Grassy Surge|[of] p2a: Rillaboom
|move|p1a: Orthworm|Rock Blast|p2a: Rillaboom
|-damage|p2a: Rillaboom|92/100
|-damage|p2a: Rillaboom|84/100
|-hitcount|p2a: Rillaboom|2
|
|-heal|p2a: Rillaboom|90/100|[from] Grassy Terrain
|-heal|p1a: Orthworm|53/100 par|[from] Grassy Terrain
|-heal|p1a: Orthworm|59/100 par|[from] item: Leftovers
|upkeep
|turn|3
|l|☆ricboooy
|inactive|ricboooy disconnected and has a minute to reconnect!
|player|p1|
|inactive|ricboooy has 30 seconds to reconnect!
|inactive|ricboooy has 20 seconds to reconnect!
|j|☆ricboooy
|inactive|ricboooy reconnected and has 100 seconds left.
|player|p1|ricboooy|170|
|inactive|ricboooy has 90 seconds left.
|
|t:|1757875767
|move|p2a: Rillaboom|Knock Off|p1a: Orthworm
|-damage|p1a: Orthworm|45/100 par
|-enditem|p1a: Orthworm|Leftovers|[from] move: Knock Off|[of] p2a: Rillaboom
|move|p1a: Orthworm|Iron Tail|p2a: Rillaboom
|-damage|p2a: Rillaboom|40/100
|-unboost|p2a: Rillaboom|def|1
|
|-heal|p2a: Rillaboom|46/100|[from] Grassy Terrain
|-heal|p1a: Orthworm|51/100 par|[from] Grassy Terrain
|upkeep
|turn|4
|
|t:|1757875776
|move|p2a: Rillaboom|U-turn|p1a: Orthworm
|-resisted|p1a: Orthworm
|-damage|p1a: Orthworm|46/100 par
|
|t:|1757875785
|switch|p2a: Ursaluna|Ursaluna, F|100/100|[from] U-turn
|move|p1a: Orthworm|Body Press|p2a: Ursaluna
|-supereffective|p2a: Ursaluna
|-damage|p2a: Ursaluna|32/100
|
|-heal|p2a: Ursaluna|38/100|[from] Grassy Terrain
|-heal|p2a: Ursaluna|44/100|[from] item: Leftovers
|-heal|p1a: Orthworm|52/100 par|[from] Grassy Terrain
|upkeep
|turn|5
|
|t:|1757875790
|move|p2a: Ursaluna|Protect|p2a: Ursaluna
|-singleturn|p2a: Ursaluna|Protect
|move|p1a: Orthworm|Body Press|p2a: Ursaluna
|-activate|p2a: Ursaluna|move: Protect
|
|-heal|p2a: Ursaluna|50/100|[from] Grassy Terrain
|-heal|p2a: Ursaluna|57/100|[from] item: Leftovers
|-heal|p1a: Orthworm|58/100 par|[from] Grassy Terrain
|upkeep
|turn|6
|
|t:|1757875792
|-terastallize|p2a: Ursaluna|Poison
|move|p2a: Ursaluna|Bulk Up|p2a: Ursaluna
|-boost|p2a: Ursaluna|atk|1
|-boost|p2a: Ursaluna|def|1
|move|p1a: Orthworm|Body Press|p2a: Ursaluna
|-resisted|p2a: Ursaluna
|-damage|p2a: Ursaluna|44/100
|
|-heal|p2a: Ursaluna|50/100|[from] Grassy Terrain
|-heal|p2a: Ursaluna|57/100|[from] item: Leftovers
|-heal|p1a: Orthworm|64/100 par|[from] Grassy Terrain
|upkeep
|turn|7
|
|t:|1757875796
|move|p2a: Ursaluna|Bulk Up|p2a: Ursaluna
|-boost|p2a: Ursaluna|atk|1
|-boost|p2a: Ursaluna|def|1
|cant|p1a: Orthworm|par
|
|-heal|p2a: Ursaluna|63/100|[from] Grassy Terrain
|-heal|p2a: Ursaluna|69/100|[from] item: Leftovers
|-heal|p1a: Orthworm|71/100 par|[from] Grassy Terrain
|upkeep
|turn|8
|
|t:|1757875800
|move|p2a: Ursaluna|Bulk Up|p2a: Ursaluna
|-boost|p2a: Ursaluna|atk|1
|-boost|p2a: Ursaluna|def|1
|move|p1a: Orthworm|Coil|p1a: Orthworm
|-boost|p1a: Orthworm|atk|1
|-boost|p1a: Orthworm|def|1
|-boost|p1a: Orthworm|accuracy|1
|
|-heal|p2a: Ursaluna|75/100|[from] Grassy Terrain
|-heal|p2a: Ursaluna|82/100|[from] item: Leftovers
|-heal|p1a: Orthworm|77/100 par|[from] Grassy Terrain
|upkeep
|turn|9
|
|t:|1757875802
|move|p2a: Ursaluna|Bulk Up|p2a: Ursaluna
|-boost|p2a: Ursaluna|atk|1
|-boost|p2a: Ursaluna|def|1
|move|p1a: Orthworm|Coil|p1a: Orthworm
|-boost|p1a: Orthworm|atk|1
|-boost|p1a: Orthworm|def|1
|-boost|p1a: Orthworm|accuracy|1
|
|-heal|p2a: Ursaluna|88/100|[from] Grassy Terrain
|-heal|p2a: Ursaluna|94/100|[from] item: Leftovers
|-heal|p1a: Orthworm|83/100 par|[from] Grassy Terrain
|-fieldend|move: Grassy Terrain
|upkeep
|turn|10
|
|t:|1757875804
|move|p2a: Ursaluna|Body Slam|p1a: Orthworm
|-resisted|p1a: Orthworm
|-damage|p1a: Orthworm|69/100 par
|move|p1a: Orthworm|Coil|p1a: Orthworm
|-boost|p1a: Orthworm|atk|1
|-boost|p1a: Orthworm|def|1
|-boost|p1a: Orthworm|accuracy|1
|
|-heal|p2a: Ursaluna|100/100|[from] item: Leftovers
|upkeep
|turn|11
|
|t:|1757875809
|move|p2a: Ursaluna|Body Slam|p1a: Orthworm
|-resisted|p1a: Orthworm
|-damage|p1a: Orthworm|59/100 par
|cant|p1a: Orthworm|par
|
|upkeep
|turn|12
|
|t:|1757875811
|move|p2a: Ursaluna|Body Slam|p1a: Orthworm
|-resisted|p1a: Orthworm
|-damage|p1a: Orthworm|49/100 par
|move|p1a: Orthworm|Coil|p1a: Orthworm
|-boost|p1a: Orthworm|atk|1
|-boost|p1a: Orthworm|def|1
|-boost|p1a: Orthworm|accuracy|1
|
|upkeep
|turn|13
|
|t:|1757875817
|move|p2a: Ursaluna|Bulk Up|p2a: Ursaluna
|-boost|p2a: Ursaluna|atk|1
|-boost|p2a: Ursaluna|def|1
|cant|p1a: Orthworm|par
|
|upkeep
|turn|14
|
|t:|1757875822
|move|p2a: Ursaluna|Bulk Up|p2a: Ursaluna
|-boost|p2a: Ursaluna|atk|1
|-boost|p2a: Ursaluna|def|1
|move|p1a: Orthworm|Coil|p1a: Orthworm
|-boost|p1a: Orthworm|atk|1
|-boost|p1a: Orthworm|def|1
|-boost|p1a: Orthworm|accuracy|1
|
|upkeep
|turn|15
|
|t:|1757875825
|move|p2a: Ursaluna|Body Slam|p1a: Orthworm
|-resisted|p1a: Orthworm
|-damage|p1a: Orthworm|37/100 par
|cant|p1a: Orthworm|par
|
|upkeep
|turn|16
|
|t:|1757875829
|move|p2a: Ursaluna|Body Slam|p1a: Orthworm
|-resisted|p1a: Orthworm
|-damage|p1a: Orthworm|27/100 par
|move|p1a: Orthworm|Body Press|p2a: Ursaluna
|-resisted|p2a: Ursaluna
|-damage|p2a: Ursaluna|89/100
|
|-heal|p2a: Ursaluna|95/100|[from] item: Leftovers
|upkeep
|turn|17
|
|t:|1757875835
|-terastallize|p1a: Orthworm|Ghost
|move|p2a: Ursaluna|Body Slam|p1a: Orthworm
|-immune|p1a: Orthworm
|cant|p1a: Orthworm|par
|
|-heal|p2a: Ursaluna|100/100|[from] item: Leftovers
|upkeep
|turn|18
|
|t:|1757875842
|switch|p2a: Zapdos|Zapdos|100/100
|move|p1a: Orthworm|Body Press|p2a: Zapdos
|-resisted|p2a: Zapdos
|-damage|p2a: Zapdos|54/100
|
|upkeep
|turn|19
|
|t:|1757875849
|switch|p1a: Goodra|Goodra-Hisui, F|100/100
|move|p2a: Zapdos|Volt Switch|p1a: Goodra
|-resisted|p1a: Goodra
|-crit|p1a: Goodra
|-damage|p1a: Goodra|91/100
|
|t:|1757875852
|switch|p2a: Rillaboom|Rillaboom, F|46/100|[from] Volt Switch
|-fieldstart|move: Grassy Terrain|[from] ability: Grassy Surge|[of] p2a: Rillaboom
|
|-heal|p2a: Rillaboom|52/100|[from] Grassy Terrain
|-heal|p1a: Goodra|97/100|[from] Grassy Terrain
|upkeep
|turn|20
|
|t:|1757875856
|move|p2a: Rillaboom|Knock Off|p1a: Goodra
|-damage|p1a: Goodra|55/100
|-ability|p1a: Goodra|Gooey
|-unboost|p2a: Rillaboom|spe|1
|-enditem|p1a: Goodra|Assault Vest|[from] move: Knock Off|[of] p2a: Rillaboom
|move|p1a: Goodra|Sludge Bomb|p2a: Rillaboom
|-supereffective|p2a: Rillaboom
|-damage|p2a: Rillaboom|0 fnt
|faint|p2a: Rillaboom
|
|-heal|p1a: Goodra|61/100|[from] Grassy Terrain
|upkeep
|
|t:|1757875867
|switch|p2a: Ursaluna|Ursaluna, F, tera:Poison|100/100
|turn|21
|
|t:|1757875870
|switch|p1a: Gholdengo|Gholdengo|100/100
|switch|p2a: Zapdos|Zapdos|54/100
|
|upkeep
|turn|22
|
|t:|1757875873
|move|p1a: Gholdengo|Shadow Ball|p2a: Zapdos
|-damage|p2a: Zapdos|11/100
|move|p2a: Zapdos|Roost|p2a: Zapdos
|-heal|p2a: Zapdos|62/100
|-singleturn|p2a: Zapdos|move: Roost
|
|-heal|p2a: Zapdos|68/100|[from] Grassy Terrain
|upkeep
|turn|23
|
|t:|1757875875
|move|p1a: Gholdengo|Shadow Ball|p2a: Zapdos
|-damage|p2a: Zapdos|25/100
|move|p2a: Zapdos|Roost|p2a: Zapdos
|-heal|p2a: Zapdos|75/100
|-singleturn|p2a: Zapdos|move: Roost
|
|-heal|p2a: Zapdos|81/100|[from] Grassy Terrain
|upkeep
|turn|24
|
|t:|1757875884
|move|p1a: Gholdengo|Shadow Ball|p2a: Zapdos
|-damage|p2a: Zapdos|34/100
|-unboost|p2a: Zapdos|spd|1
|move|p2a: Zapdos|Roost|p2a: Zapdos
|-heal|p2a: Zapdos|85/100
|-singleturn|p2a: Zapdos|move: Roost
|
|-heal|p2a: Zapdos|91/100|[from] Grassy Terrain
|upkeep
|turn|25
|
|t:|1757875893
|switch|p2a: Ursaluna|Ursaluna, F, tera:Poison|100/100
|move|p1a: Gholdengo|Shadow Ball|p2a: Ursaluna
|-damage|p2a: Ursaluna|74/100
|
|-heal|p2a: Ursaluna|80/100|[from] Grassy Terrain
|-heal|p2a: Ursaluna|86/100|[from] item: Leftovers
|upkeep
|turn|26
|
|t:|1757875905
|switch|p1a: Zamazenta|Zamazenta|100/100
|-ability|p1a: Zamazenta|Dauntless Shield|boost
|-boost|p1a: Zamazenta|def|1
|switch|p2a: Zapdos|Zapdos|91/100
|
|-fieldend|move: Grassy Terrain
|upkeep
|turn|27
|
|t:|1757875908
|move|p1a: Zamazenta|Substitute|p1a: Zamazenta
|-start|p1a: Zamazenta|Substitute
|-damage|p1a: Zamazenta|76/100
|move|p2a: Zapdos|Volt Switch|p1a: Zamazenta
|-end|p1a: Zamazenta|Substitute
|
|t:|1757875913
|switch|p2a: Dragapult|Dragapult, M|100/100|[from] Volt Switch
|
|-heal|p1a: Zamazenta|82/100|[from] item: Leftovers
|upkeep
|turn|28
|
|t:|1757875917
|switch|p1a: Orthworm|Orthworm, M, tera:Ghost|27/100 par
|move|p2a: Dragapult|Thunder Wave|p1a: Orthworm
|-fail|p1a: Orthworm|par
|
|upkeep
|turn|29
|
|t:|1757875919
|move|p2a: Dragapult|Hex|p1a: Orthworm
|-supereffective|p1a: Orthworm
|-damage|p1a: Orthworm|0 fnt
|faint|p1a: Orthworm
|
|upkeep
|
|t:|1757875925
|switch|p1a: Gholdengo|Gholdengo|100/100
|turn|30
|
|t:|1757875928
|move|p2a: Dragapult|U-turn|p1a: Gholdengo
|-resisted|p1a: Gholdengo
|-damage|p1a: Gholdengo|95/100
|
|t:|1757875933
|switch|p2a: Ursaluna|Ursaluna, F, tera:Poison|86/100|[from] U-turn
|move|p1a: Gholdengo|Trick|p2a: Ursaluna
|-activate|p1a: Gholdengo|move: Trick|[of] p2a: Ursaluna
|-item|p2a: Ursaluna|Choice Scarf|[from] move: Trick
|-item|p1a: Gholdengo|Leftovers|[from] move: Trick
|
|-heal|p1a: Gholdengo|100/100|[from] item: Leftovers
|upkeep
|turn|31
|
|t:|1757875940
|switch|p1a: Zapdos|Zapdos|100/100
|move|p2a: Ursaluna|High Horsepower|p1a: Zapdos
|-immune|p1a: Zapdos
|
|upkeep
|turn|32
|
|t:|1757875944
|switch|p2a: Zapdos|Zapdos|91/100
|move|p1a: Zapdos|Thunder Wave|p2a: Zapdos
|-immune|p2a: Zapdos
|
|upkeep
|turn|33
|
|t:|1757875949
|move|p1a: Zapdos|Thunder|p2a: Zapdos
|-damage|p2a: Zapdos|40/100
|move|p2a: Zapdos|Volt Switch|p1a: Zapdos
|-damage|p1a: Zapdos|66/100
|
|t:|1757875964
|switch|p2a: Cinderace|Cinderace, M|100/100|[from] Volt Switch
|
|upkeep
|turn|34
|
|t:|1757875969
|move|p2a: Cinderace|Pyro Ball|p1a: Zapdos
|-damage|p1a: Zapdos|0 fnt
|faint|p1a: Zapdos
|
|upkeep
|
|t:|1757875972
|switch|p1a: Dragonite|Dragonite, F|100/100
|turn|35
|
|t:|1757875974
|move|p2a: Cinderace|U-turn|p1a: Dragonite
|-start|p2a: Cinderace|typechange|Bug|[from] ability: Libero
|-resisted|p1a: Dragonite
|-damage|p1a: Dragonite|91/100
|
|t:|1757875976
|switch|p2a: Zapdos|Zapdos|40/100|[from] U-turn
|move|p1a: Dragonite|Dragon Dance|p1a: Dragonite
|-boost|p1a: Dragonite|atk|1
|-boost|p1a: Dragonite|spe|1
|
|upkeep
|turn|36
|
|t:|1757875981
|move|p1a: Dragonite|Scale Shot|p2a: Zapdos
|-damage|p2a: Zapdos|25/100
|-damage|p2a: Zapdos|9/100
|-damage|p2a: Zapdos|0 fnt
|faint|p2a: Zapdos
|-hitcount|p2: Zapdos|3
|-unboost|p1a: Dragonite|def|1
|-boost|p1a: Dragonite|spe|1
|
|upkeep
|
|t:|1757875991
|switch|p2a: Ursaluna|Ursaluna, F, tera:Poison|86/100
|turn|37
|
|t:|1757875993
|move|p1a: Dragonite|Earthquake|p2a: Ursaluna
|-supereffective|p2a: Ursaluna
|-damage|p2a: Ursaluna|1/100
|move|p2a: Ursaluna|Body Slam|p1a: Dragonite
|-damage|p1a: Dragonite|32/100
|
|upkeep
|turn|38
|
|t:|1757876000
|move|p1a: Dragonite|Earthquake|p2a: Ursaluna
|-supereffective|p2a: Ursaluna
|-damage|p2a: Ursaluna|0 fnt
|faint|p2a: Ursaluna
|
|upkeep
|
|t:|1757876009
|switch|p2a: Cinderace|Cinderace, M|100/100
|turn|39
|
|t:|1757876011
|move|p1a: Dragonite|Extreme Speed|p2a: Cinderace
|-damage|p2a: Cinderace|30/100
|move|p2a: Cinderace|Sucker Punch||[still]
|-fail|p2a: Cinderace
|
|upkeep
|turn|40
|
|t:|1757876015
|switch|p2a: Dragapult|Dragapult, M|100/100
|move|p1a: Dragonite|Extreme Speed|p2a: Dragapult
|-immune|p2a: Dragapult
|
|upkeep
|turn|41
|
|t:|1757876020
|move|p1a: Dragonite|Scale Shot|p2a: Dragapult
|-supereffective|p2a: Dragapult
|-damage|p2a: Dragapult|34/100
|-supereffective|p2a: Dragapult
|-damage|p2a: Dragapult|0 fnt
|faint|p2a: Dragapult
|-hitcount|p2: Dragapult|2
|-unboost|p1a: Dragonite|def|1
|-boost|p1a: Dragonite|spe|1
|
|upkeep
|
|t:|1757876021
|switch|p2a: Cinderace|Cinderace, M|30/100
|turn|42
|c|☆showdup|Gg
|
|t:|1757876026
|move|p1a: Dragonite|Extreme Speed|p2a: Cinderace
|-damage|p2a: Cinderace|0 fnt
|faint|p2a: Cinderace
|
|upkeep
|
|t:|1757876030
|switch|p2a: Iron Boulder|Iron Boulder|100/100
|-enditem|p2a: Iron Boulder|Booster Energy
|-activate|p2a: Iron Boulder|ability: Quark Drive|[fromitem]
|-start|p2a: Iron Boulder|quarkdrivespe
|turn|43
|c|☆ricboooy|gg
|
|t:|1757876036
|move|p1a: Dragonite|Earthquake|p2a: Iron Boulder
|-supereffective|p2a: Iron Boulder
|-damage|p2a: Iron Boulder|0 fnt
|faint|p2a: Iron Boulder
|-end|p2a: Iron Boulder|Quark Drive|[silent]
|
|win|ricboooy
|raw|ricboooy's rating: 1517 &rarr; <strong>1536</strong><br />(+19 for winning)
|raw|showdup's rating: 1498 &rarr; <strong>1479</strong><br />(-19 for losing)
|l|☆showdup
|player|p2|
|l|☆ricboooy
|player|p1|
