|j|☆medicant
|j|☆SapphireRedux
|t:|1757819809
|gametype|singles
|player|p1|medicant|workerice|1584
|player|p2|SapphireRedux|lacey|1583
|gen|9
|tier|[Gen 9] OU
|rated|
|rule|HP Percentage Mod: HP is shown in percentages
|rule|Endless Battle Clause: Forcing endless battles is banned
|rule|Species Clause: Limit one of each Pokémon
|rule|OHKO Clause: OHKO moves are banned
|rule|Evasion Items Clause: Evasion items are banned
|rule|Evasion Moves Clause: Evasion moves are banned
|rule|Evasion Abilities Clause: Evasion abilities are banned
|rule|Sleep Moves Clause: Sleep-inducing moves are banned
|clearpoke
|poke|p1|Iron Crown|
|poke|p1|Meowscarada, F|
|poke|p1|Great Tusk|
|poke|p1|Pecharunt|
|poke|p1|Ting-Lu|
|poke|p1|Iron Valiant|
|poke|p2|Zamazenta-*|
|poke|p2|Ninetales-Alola, M|
|poke|p2|Darkrai|
|poke|p2|Ceruledge, F|
|poke|p2|Empoleon, F|
|poke|p2|Hatterene, F|
|teampreview
|inactive|Battle timer is ON: inactive players will automatically lose when time's up. (requested by SapphireRedux)
|
|t:|1757819822
|teamsize|p1|6
|teamsize|p2|6
|start
|switch|p1a: Iron Crown|Iron Crown|100/100
|switch|p2a: Ninetales|Ninetales-Alola, M|100/100
|-weather|Snowscape|[from] ability: Snow Warning|[of] p2a: Ninetales
|turn|1
|
|t:|1757819839
|switch|p2a: Ceruledge|Ceruledge, F|100/100
|move|p1a: Iron Crown|Tachyon Cutter|p2a: Ceruledge
|-resisted|p2a: Ceruledge
|-damage|p2a: Ceruledge|85/100
|-resisted|p2a: Ceruledge
|-damage|p2a: Ceruledge|70/100
|-hitcount|p2a: Ceruledge|2
|
|-weather|Snowscape|[upkeep]
|upkeep
|turn|2
|
|t:|1757819855
|-end|p1a: Iron Crown|Quark Drive|[silent]
|switch|p1a: Great Tusk|Great Tusk|100/100
|move|p2a: Ceruledge|Bulk Up|p2a: Ceruledge
|-boost|p2a: Ceruledge|atk|1
|-boost|p2a: Ceruledge|def|1
|
|-weather|Snowscape|[upkeep]
|upkeep
|turn|3
|
|t:|1757819868
|switch|p2a: Ninetales|Ninetales-Alola, M|100/100
|move|p1a: Great Tusk|Bulk Up|p1a: Great Tusk
|-boost|p1a: Great Tusk|atk|1
|-boost|p1a: Great Tusk|def|1
|
|-weather|Snowscape|[upkeep]
|upkeep
|turn|4
|
|t:|1757819874
|-end|p1a: Great Tusk|Protosynthesis|[silent]
|switch|p1a: Iron Crown|Iron Crown|100/100
|move|p2a: Ninetales|Aurora Veil|p2a: Ninetales
|-sidestart|p2: SapphireRedux|move: Aurora Veil
|
|-weather|Snowscape|[upkeep]
|upkeep
|turn|5
|
|t:|1757819878
|switch|p2a: Empoleon|Empoleon, F|100/100
|move|p1a: Iron Crown|Volt Switch|p2a: Empoleon
|-supereffective|p2a: Empoleon
|-damage|p2a: Empoleon|64/100
|-enditem|p2a: Empoleon|Weakness Policy
|-boost|p2a: Empoleon|atk|2|[from] item: Weakness Policy
|-boost|p2a: Empoleon|spa|2|[from] item: Weakness Policy
|
|t:|1757819887
|-end|p1a: Iron Crown|Quark Drive|[silent]
|switch|p1a: Meowscarada|Meowscarada, F|100/100|[from] Volt Switch
|
|-weather|none
|upkeep
|turn|6
|
|t:|1757819892
|move|p1a: Meowscarada|Flower Trick|p2a: Empoleon
|-start|p1a: Meowscarada|typechange|Grass|[from] ability: Protean
|-crit|p2a: Empoleon
|-damage|p2a: Empoleon|0 fnt
|faint|p2a: Empoleon
|
|upkeep
|
|t:|1757819899
|switch|p2a: Ceruledge|Ceruledge, F|70/100
|turn|7
|
|t:|1757819904
|switch|p1a: Great Tusk|Great Tusk|100/100
|move|p2a: Ceruledge|Bitter Blade|p1a: Great Tusk
|-damage|p1a: Great Tusk|78/100
|-heal|p2a: Ceruledge|84/100|[from] drain|[of] p1a: Great Tusk
|
|-heal|p1a: Great Tusk|85/100|[from] item: Leftovers
|upkeep
|turn|8
|
|t:|1757819910
|move|p1a: Great Tusk|Bulk Up|p1a: Great Tusk
|-boost|p1a: Great Tusk|atk|1
|-boost|p1a: Great Tusk|def|1
|move|p2a: Ceruledge|Taunt|p1a: Great Tusk
|-start|p1a: Great Tusk|move: Taunt
|
|-heal|p1a: Great Tusk|91/100|[from] item: Leftovers
|upkeep
|turn|9
|
|t:|1757819916
|-terastallize|p2a: Ceruledge|Bug
|move|p1a: Great Tusk|Ice Spinner|p2a: Ceruledge
|-damage|p2a: Ceruledge|65/100
|move|p2a: Ceruledge|Bulk Up|p2a: Ceruledge
|-boost|p2a: Ceruledge|atk|1
|-boost|p2a: Ceruledge|def|1
|
|-heal|p1a: Great Tusk|97/100|[from] item: Leftovers
|upkeep
|turn|10
|
|t:|1757819928
|move|p1a: Great Tusk|Rapid Spin|p2a: Ceruledge
|-damage|p2a: Ceruledge|57/100
|-boost|p1a: Great Tusk|spe|1
|move|p2a: Ceruledge|Bulk Up|p2a: Ceruledge
|-boost|p2a: Ceruledge|atk|1
|-boost|p2a: Ceruledge|def|1
|
|-heal|p1a: Great Tusk|100/100|[from] item: Leftovers
|upkeep
|turn|11
|
|t:|1757819940
|move|p1a: Great Tusk|Ice Spinner|p2a: Ceruledge
|-damage|p2a: Ceruledge|47/100
|move|p2a: Ceruledge|Bitter Blade|p1a: Great Tusk
|-damage|p1a: Great Tusk|67/100
|-heal|p2a: Ceruledge|68/100|[from] drain|[of] p1a: Great Tusk
|
|-heal|p1a: Great Tusk|73/100|[from] item: Leftovers
|-end|p1a: Great Tusk|move: Taunt
|-sideend|p2: SapphireRedux|move: Aurora Veil
|upkeep
|turn|12
|
|t:|1757819945
|move|p1a: Great Tusk|Bulk Up|p1a: Great Tusk
|-boost|p1a: Great Tusk|atk|1
|-boost|p1a: Great Tusk|def|1
|move|p2a: Ceruledge|Taunt|p1a: Great Tusk
|-start|p1a: Great Tusk|move: Taunt
|
|-heal|p1a: Great Tusk|79/100|[from] item: Leftovers
|upkeep
|turn|13
|
|t:|1757819962
|move|p1a: Great Tusk|Ice Spinner|p2a: Ceruledge
|-damage|p2a: Ceruledge|41/100
|move|p2a: Ceruledge|Bulk Up|p2a: Ceruledge
|-boost|p2a: Ceruledge|atk|1
|-boost|p2a: Ceruledge|def|1
|
|-heal|p1a: Great Tusk|85/100|[from] item: Leftovers
|upkeep
|turn|14
|
|t:|1757819968
|move|p1a: Great Tusk|Ice Spinner|p2a: Ceruledge
|-damage|p2a: Ceruledge|21/100
|move|p2a: Ceruledge|Bitter Blade|p1a: Great Tusk
|-damage|p1a: Great Tusk|56/100
|-heal|p2a: Ceruledge|39/100|[from] drain|[of] p1a: Great Tusk
|
|-heal|p1a: Great Tusk|62/100|[from] item: Leftovers
|upkeep
|turn|15
|
|t:|1757819972
|-terastallize|p1a: Great Tusk|Fire
|move|p1a: Great Tusk|Ice Spinner|p2a: Ceruledge
|-damage|p2a: Ceruledge|19/100
|move|p2a: Ceruledge|Bitter Blade|p1a: Great Tusk
|-resisted|p1a: Great Tusk
|-crit|p1a: Great Tusk
|-damage|p1a: Great Tusk|17/100
|-heal|p2a: Ceruledge|47/100|[from] drain|[of] p1a: Great Tusk
|
|-heal|p1a: Great Tusk|23/100|[from] item: Leftovers
|-end|p1a: Great Tusk|move: Taunt
|upkeep
|turn|16
|
|t:|1757819982
|move|p1a: Great Tusk|Bulk Up|p1a: Great Tusk
|-boost|p1a: Great Tusk|atk|1
|-boost|p1a: Great Tusk|def|1
|move|p2a: Ceruledge|Bitter Blade|p1a: Great Tusk
|-resisted|p1a: Great Tusk
|-damage|p1a: Great Tusk|12/100
|-heal|p2a: Ceruledge|54/100|[from] drain|[of] p1a: Great Tusk
|
|-heal|p1a: Great Tusk|18/100|[from] item: Leftovers
|upkeep
|turn|17
|
|t:|1757819989
|move|p1a: Great Tusk|Ice Spinner|p2a: Ceruledge
|-damage|p2a: Ceruledge|30/100
|move|p2a: Ceruledge|Bitter Blade|p1a: Great Tusk
|-resisted|p1a: Great Tusk
|-damage|p1a: Great Tusk|7/100
|-heal|p2a: Ceruledge|37/100|[from] drain|[of] p1a: Great Tusk
|
|-heal|p1a: Great Tusk|13/100|[from] item: Leftovers
|upkeep
|turn|18
|
|t:|1757819992
|move|p1a: Great Tusk|Ice Spinner|p2a: Ceruledge
|-damage|p2a: Ceruledge|12/100
|move|p2a: Ceruledge|Bitter Blade|p1a: Great Tusk
|-resisted|p1a: Great Tusk
|-crit|p1a: Great Tusk
|-damage|p1a: Great Tusk|0 fnt
|-heal|p2a: Ceruledge|19/100|[from] drain|[of] p1a: Great Tusk
|faint|p1a: Great Tusk
|-end|p1a: Great Tusk|Protosynthesis|[silent]
|
|upkeep
|
|t:|1757820001
|switch|p1a: Meowscarada|Meowscarada, F|100/100
|turn|19
|
|t:|1757820011
|move|p2a: Ceruledge|Shadow Sneak|p1a: Meowscarada
|-resisted|p1a: Meowscarada
|-damage|p1a: Meowscarada|66/100
|move|p1a: Meowscarada|U-turn|p2a: Ceruledge
|-start|p1a: Meowscarada|typechange|Bug|[from] ability: Protean
|-damage|p2a: Ceruledge|0 fnt
|faint|p2a: Ceruledge
|
|t:|1757820019
|switch|p1a: Iron Crown|Iron Crown|100/100|[from] U-turn
|
|upkeep
|
|t:|1757820025
|switch|p2a: Darkrai|Darkrai|100/100
|turn|20
|
|t:|1757820032
|-end|p1a: Iron Crown|Quark Drive|[silent]
|switch|p1a: Ting-Lu|Ting-Lu|100/100
|-ability|p1a: Ting-Lu|Vessel of Ruin
|move|p2a: Darkrai|Dark Pulse|p1a: Ting-Lu
|-resisted|p1a: Ting-Lu
|-damage|p1a: Ting-Lu|92/100
|
|-heal|p1a: Ting-Lu|98/100|[from] item: Leftovers
|upkeep
|turn|21
|
|t:|1757820040
|switch|p1a: Iron Crown|Iron Crown|100/100
|move|p2a: Darkrai|Nasty Plot|p2a: Darkrai
|-boost|p2a: Darkrai|spa|2
|
|upkeep
|turn|22
|
|t:|1757820045
|-end|p1a: Iron Crown|Quark Drive|[silent]
|switch|p1a: Ting-Lu|Ting-Lu|98/100
|-ability|p1a: Ting-Lu|Vessel of Ruin
|move|p2a: Darkrai|Dark Pulse|p1a: Ting-Lu
|-resisted|p1a: Ting-Lu
|-damage|p1a: Ting-Lu|79/100
|
|-heal|p1a: Ting-Lu|85/100|[from] item: Leftovers
|upkeep
|turn|23
|
|t:|1757820048
|move|p2a: Darkrai|Focus Blast|p1a: Ting-Lu|[miss]
|-miss|p2a: Darkrai|p1a: Ting-Lu
|move|p1a: Ting-Lu|Whirlwind|p2a: Darkrai
|drag|p2a: Hatterene|Hatterene, F|100/100
|
|-heal|p1a: Ting-Lu|91/100|[from] item: Leftovers
|upkeep
|turn|24
|
|t:|1757820051
|switch|p1a: Iron Crown|Iron Crown|100/100
|move|p2a: Hatterene|Calm Mind|p2a: Hatterene
|-boost|p2a: Hatterene|spa|1
|-boost|p2a: Hatterene|spd|1
|
|upkeep
|turn|25
|
|t:|1757820058
|move|p1a: Iron Crown|Tachyon Cutter|p2a: Hatterene
|-supereffective|p2a: Hatterene
|-damage|p2a: Hatterene|51/100
|-supereffective|p2a: Hatterene
|-damage|p2a: Hatterene|0 fnt
|faint|p2a: Hatterene
|-hitcount|p2: Hatterene|2
|
|upkeep
|
|t:|1757820064
|switch|p2a: Zamazenta|Zamazenta|100/100
|-ability|p2a: Zamazenta|Dauntless Shield|boost
|-boost|p2a: Zamazenta|def|1
|turn|26
|
|t:|1757820076
|move|p2a: Zamazenta|Body Press|p1a: Iron Crown
|-damage|p1a: Iron Crown|48/100
|move|p1a: Iron Crown|Tachyon Cutter|p2a: Zamazenta
|-damage|p2a: Zamazenta|64/100
|-damage|p2a: Zamazenta|30/100
|-hitcount|p2a: Zamazenta|2
|
|upkeep
|turn|27
|
|t:|1757820085
|-end|p1a: Iron Crown|Quark Drive|[silent]
|switch|p1a: Pecharunt|Pecharunt|100/100
|move|p2a: Zamazenta|Body Press|p1a: Pecharunt
|-immune|p1a: Pecharunt
|
|upkeep
|turn|28
|
|t:|1757820093
|switch|p2a: Ninetales|Ninetales-Alola, M|100/100
|-weather|Snowscape|[from] ability: Snow Warning|[of] p2a: Ninetales
|move|p1a: Pecharunt|Parting Shot|p2a: Ninetales
|-unboost|p2a: Ninetales|atk|1
|-unboost|p2a: Ninetales|spa|1
|
|t:|1757820106
|switch|p1a: Iron Crown|Iron Crown|48/100|[from] Parting Shot
|
|-weather|Snowscape|[upkeep]
|upkeep
|turn|29
|
|t:|1757820110
|move|p2a: Ninetales|Aurora Veil|p2a: Ninetales
|-sidestart|p2: SapphireRedux|move: Aurora Veil
|move|p1a: Iron Crown|Tachyon Cutter|p2a: Ninetales
|-supereffective|p2a: Ninetales
|-damage|p2a: Ninetales|23/100
|-supereffective|p2a: Ninetales
|-damage|p2a: Ninetales|0 fnt
|faint|p2a: Ninetales
|-hitcount|p2: Ninetales|2
|
|-weather|Snowscape|[upkeep]
|upkeep
|
|t:|1757820112
|switch|p2a: Darkrai|Darkrai|100/100
|turn|30
|
|t:|1757820117
|-end|p1a: Iron Crown|Quark Drive|[silent]
|switch|p1a: Ting-Lu|Ting-Lu|91/100
|-ability|p1a: Ting-Lu|Vessel of Ruin
|move|p2a: Darkrai|Focus Blast|p1a: Ting-Lu|[miss]
|-miss|p2a: Darkrai|p1a: Ting-Lu
|
|-weather|Snowscape|[upkeep]
|-heal|p1a: Ting-Lu|97/100|[from] item: Leftovers
|upkeep
|turn|31
|
|t:|1757820123
|move|p2a: Darkrai|Focus Blast|p1a: Ting-Lu
|-supereffective|p1a: Ting-Lu
|-damage|p1a: Ting-Lu|61/100
|move|p1a: Ting-Lu|Ruination|p2a: Darkrai
|-damage|p2a: Darkrai|51/100
|
|-weather|Snowscape|[upkeep]
|-heal|p2a: Darkrai|57/100|[from] item: Leftovers
|-heal|p1a: Ting-Lu|68/100|[from] item: Leftovers
|upkeep
|turn|32
|
|t:|1757820130
|move|p2a: Darkrai|Nasty Plot|p2a: Darkrai
|-boost|p2a: Darkrai|spa|2
|move|p1a: Ting-Lu|Whirlwind|p2a: Darkrai
|drag|p2a: Zamazenta|Zamazenta|30/100
|
|-weather|none
|-heal|p1a: Ting-Lu|74/100|[from] item: Leftovers
|upkeep
|turn|33
|
|t:|1757820135
|switch|p1a: Pecharunt|Pecharunt|100/100
|move|p2a: Zamazenta|Body Press|p1a: Pecharunt
|-immune|p1a: Pecharunt
|
|upkeep
|turn|34
|
|t:|1757820138
|move|p2a: Zamazenta|Iron Defense|p2a: Zamazenta
|-boost|p2a: Zamazenta|def|2
|move|p1a: Pecharunt|Parting Shot|p2a: Zamazenta
|-unboost|p2a: Zamazenta|atk|1
|-unboost|p2a: Zamazenta|spa|1
|
|t:|1757820141
|switch|p1a: Iron Valiant|Iron Valiant|100/100|[from] Parting Shot
|-enditem|p1a: Iron Valiant|Booster Energy
|-activate|p1a: Iron Valiant|ability: Quark Drive|[fromitem]
|-start|p1a: Iron Valiant|quarkdrivespe
|
|upkeep
|turn|35
|
|t:|1757820148
|move|p1a: Iron Valiant|Moonblast|p2a: Zamazenta
|-supereffective|p2a: Zamazenta
|-damage|p2a: Zamazenta|0 fnt
|faint|p2a: Zamazenta
|
|upkeep
|
|t:|1757820150
|switch|p2a: Darkrai|Darkrai|57/100
|turn|36
|
|t:|1757820153
|move|p1a: Iron Valiant|Moonblast|p2a: Darkrai
|-supereffective|p2a: Darkrai
|-damage|p2a: Darkrai|0 fnt
|faint|p2a: Darkrai
|
|win|medicant
|raw|medicant's rating: 1584 &rarr; <strong>1604</strong><br />(+20 for winning)
|raw|SapphireRedux's rating: 1583 &rarr; <strong>1563</strong><br />(-20 for losing)
|l|☆SapphireRedux
|player|p2|
|l|☆medicant
|player|p1|
