|j|☆Aimen92
|j|☆levi afla
|t:|1757872464
|gametype|singles
|player|p1|Aimen92|169|1161
|player|p2|levi afla|jogger|1217
|gen|9
|tier|[Gen 9] OU
|rated|
|rule|HP Percentage Mod: HP is shown in percentages
|rule|Endless Battle Clause: Forcing endless battles is banned
|rule|Species Clause: Limit one of each Pokémon
|rule|OHKO Clause: OHKO moves are banned
|rule|Evasion Items Clause: Evasion items are banned
|rule|Evasion Moves Clause: Evasion moves are banned
|rule|Evasion Abilities Clause: Evasion abilities are banned
|rule|Sleep Moves Clause: Sleep-inducing moves are banned
|clearpoke
|poke|p1|Araquanid, M|
|poke|p1|Ceruledge, M|
|poke|p1|Dragonite, M|
|poke|p1|Great Tusk|
|poke|p1|Kingambit, M|
|poke|p1|Garganacl, F|
|poke|p2|Tyranitar, M|
|poke|p2|Rillaboom, F|
|poke|p2|Great Tusk|
|poke|p2|Ogerpon-Wellspring, F|
|poke|p2|Iron Valiant|
|poke|p2|Slowbro-Galar, M|
|teampreview
|
|t:|1757872470
|teamsize|p1|6
|teamsize|p2|6
|start
|switch|p1a: Araquanid|Araquanid, M, shiny|100/100
|switch|p2a: Slowbro|Slowbro-Galar, M|100/100
|turn|1
|
|t:|1757872488
|move|p1a: Araquanid|Sticky Web|p2a: Slowbro
|-sidestart|p2: levi afla|move: Sticky Web
|move|p2a: Slowbro|Nasty Plot|p2a: Slowbro
|-boost|p2a: Slowbro|spa|2
|
|upkeep
|turn|2
|
|t:|1757872494
|move|p1a: Araquanid|Surf|p2a: Slowbro
|-damage|p2a: Slowbro|59/100
|move|p2a: Slowbro|Shell Side Arm|p1a: Araquanid|[anim] Shell Side Arm Special
|-damage|p1a: Araquanid|35/100
|-hint|Special Shell Side Arm
|
|upkeep
|turn|3
|-activate|p2a: Slowbro|ability: Quick Draw
|
|t:|1757872503
|move|p2a: Slowbro|Shell Side Arm|p1a: Araquanid|[anim] Shell Side Arm Special
|-damage|p1a: Araquanid|0 fnt
|-hint|Special Shell Side Arm
|faint|p1a: Araquanid
|
|upkeep
|
|t:|1757872536
|switch|p1a: Dragonite|Dragonite, M|100/100
|turn|4
|-activate|p2a: Slowbro|ability: Quick Draw
|
|t:|1757872546
|move|p2a: Slowbro|Shell Side Arm|p1a: Dragonite|[anim] Shell Side Arm Special
|-damage|p1a: Dragonite|53/100
|-hint|Special Shell Side Arm
|-status|p1a: Dragonite|psn
|move|p1a: Dragonite|Dragon Dance|p1a: Dragonite
|-boost|p1a: Dragonite|atk|1
|-boost|p1a: Dragonite|spe|1
|
|-damage|p1a: Dragonite|41/100 psn|[from] psn
|upkeep
|turn|5
|-activate|p2a: Slowbro|item: Quick Claw
|
|t:|1757872578
|move|p2a: Slowbro|Shell Side Arm|p1a: Dragonite|[anim] Shell Side Arm Special
|-damage|p1a: Dragonite|0 fnt
|-hint|Special Shell Side Arm
|faint|p1a: Dragonite
|
|upkeep
|
|t:|1757872585
|switch|p1a: Garganacl|Garganacl, F|100/100
|turn|6
|
|t:|1757872596
|move|p1a: Garganacl|Earthquake|p2a: Slowbro
|-supereffective|p2a: Slowbro
|-damage|p2a: Slowbro|16/100
|move|p2a: Slowbro|Grass Knot|p1a: Garganacl
|-supereffective|p1a: Garganacl
|-damage|p1a: Garganacl|0 fnt
|faint|p1a: Garganacl
|
|upkeep
|
|t:|1757872608
|switch|p1a: Great Tusk|Great Tusk|100/100
|-enditem|p1a: Great Tusk|Booster Energy
|-activate|p1a: Great Tusk|ability: Protosynthesis|[fromitem]
|-start|p1a: Great Tusk|protosynthesisatk
|turn|7
|-activate|p2a: Slowbro|ability: Quick Draw
|
|t:|1757872614
|move|p2a: Slowbro|Psychic|p1a: Great Tusk
|-supereffective|p1a: Great Tusk
|-damage|p1a: Great Tusk|0 fnt
|faint|p1a: Great Tusk
|-end|p1a: Great Tusk|Protosynthesis|[silent]
|
|upkeep
|
|t:|1757872621
|switch|p1a: Ceruledge|Ceruledge, M|100/100
|turn|8
|
|t:|1757872632
|move|p1a: Ceruledge|Shadow Sneak|p2a: Slowbro
|-supereffective|p2a: Slowbro
|-damage|p2a: Slowbro|0 fnt
|faint|p2a: Slowbro
|
|upkeep
|inactive|Battle timer is ON: inactive players will automatically lose when time's up. (requested by Aimen92)
|
|t:|1757872640
|switch|p2a: Great Tusk|Great Tusk|100/100
|-activate|p2a: Great Tusk|move: Sticky Web
|-unboost|p2a: Great Tusk|spe|1
|-enditem|p2a: Great Tusk|Booster Energy
|-activate|p2a: Great Tusk|ability: Protosynthesis|[fromitem]
|-start|p2a: Great Tusk|protosynthesisatk
|turn|9
|
|t:|1757872646
|move|p1a: Ceruledge|Swords Dance|p1a: Ceruledge
|-boost|p1a: Ceruledge|atk|2
|move|p2a: Great Tusk|Headlong Rush|p1a: Ceruledge
|-supereffective|p1a: Ceruledge
|-enditem|p1a: Ceruledge|Focus Sash
|-damage|p1a: Ceruledge|1/100
|-unboost|p2a: Great Tusk|def|1
|-unboost|p2a: Great Tusk|spd|1
|-ability|p1a: Ceruledge|Weak Armor|boost
|-unboost|p1a: Ceruledge|def|1
|-boost|p1a: Ceruledge|spe|2
|
|upkeep
|turn|10
|
|t:|1757872665
|-end|p2a: Great Tusk|Protosynthesis|[silent]
|switch|p2a: Tyranitar|Tyranitar, M, shiny|100/100
|-activate|p2a: Tyranitar|move: Sticky Web
|-unboost|p2a: Tyranitar|spe|1
|-weather|Sandstorm|[from] ability: Sand Stream|[of] p2a: Tyranitar
|move|p1a: Ceruledge|Poltergeist|p2a: Tyranitar
|-activate|p2a: Tyranitar|move: Poltergeist|Assault Vest
|-resisted|p2a: Tyranitar
|-damage|p2a: Tyranitar|55/100
|
|-weather|Sandstorm|[upkeep]
|-damage|p1a: Ceruledge|0 fnt|[from] Sandstorm
|faint|p1a: Ceruledge
|upkeep
|
|t:|1757872678
|switch|p1a: Kingambit|Kingambit, M, shiny|100/100
|-activate|p1a: Kingambit|ability: Supreme Overlord
|-start|p1a: Kingambit|fallen5|[silent]
|turn|11
|
|t:|1757872685
|move|p1a: Kingambit|Swords Dance|p1a: Kingambit
|-boost|p1a: Kingambit|atk|2
|move|p2a: Tyranitar|Earthquake|p1a: Kingambit
|-supereffective|p1a: Kingambit
|-damage|p1a: Kingambit|48/100
|
|-weather|Sandstorm|[upkeep]
|-heal|p1a: Kingambit|54/100|[from] item: Leftovers
|upkeep
|turn|12
|
|t:|1757872699
|move|p1a: Kingambit|Sucker Punch|p2a: Tyranitar
|-resisted|p2a: Tyranitar
|-damage|p2a: Tyranitar|11/100
|move|p2a: Tyranitar|Earthquake|p1a: Kingambit
|-supereffective|p1a: Kingambit
|-damage|p1a: Kingambit|0 fnt
|faint|p1a: Kingambit
|-end|p1a: Kingambit|fallen5|[silent]
|
|win|levi afla
|raw|Aimen92's rating: 1161 &rarr; <strong>1140</strong><br />(-21 for losing)
|raw|levi afla's rating: 1217 &rarr; <strong>1238</strong><br />(+21 for winning)
