|j|☆ju2508
|j|☆DDDWCNM
|t:|1757928751
|gametype|singles
|player|p1|ju2508|170|1153
|player|p2|DDDWCNM|169|1113
|gen|9
|tier|[Gen 9] OU
|rated|
|rule|HP Percentage Mod: HP is shown in percentages
|rule|Endless Battle Clause: Forcing endless battles is banned
|rule|Species Clause: Limit one of each Pokémon
|rule|OHKO Clause: OHKO moves are banned
|rule|Evasion Items Clause: Evasion items are banned
|rule|Evasion Moves Clause: Evasion moves are banned
|rule|Evasion Abilities Clause: Evasion abilities are banned
|rule|Sleep Moves Clause: Sleep-inducing moves are banned
|clearpoke
|poke|p1|Barraskewda, F|
|poke|p1|Kilowattrel, M|
|poke|p1|Ambipom, F|
|poke|p1|Grafaiai, M|
|poke|p1|Lycanroc, F|
|poke|p1|Cobalion|
|poke|p2|Alomomola, F|
|poke|p2|Scizor, F|
|poke|p2|Pelipper, F|
|poke|p2|Kingdra, M|
|poke|p2|Zapdos|
|poke|p2|Serperior, M|
|teampreview
|inactive|Battle timer is ON: inactive players will automatically lose when time's up. (requested by DDDWCNM)
|
|t:|1757928765
|teamsize|p1|6
|teamsize|p2|6
|start
|switch|p1a: Kilowattrel|Kilowattrel, M|100/100
|switch|p2a: Alomomola|Alomomola, F|100/100
|turn|1
|
|t:|1757928775
|move|p1a: Kilowattrel|Volt Switch|p2a: Alomomola
|-supereffective|p2a: Alomomola
|-damage|p2a: Alomomola|14/100
|
|t:|1757928780
|switch|p1a: Barraskewda|Barraskewda, F|100/100|[from] Volt Switch
|move|p2a: Alomomola|Flip Turn|p1a: Barraskewda
|-resisted|p1a: Barraskewda
|-damage|p1a: Barraskewda|85/100
|
|t:|1757928794
|switch|p2a: Serperior|Serperior, M|100/100|[from] Flip Turn
|
|upkeep
|turn|2
|
|t:|1757928800
|move|p1a: Barraskewda|Flip Turn|p2a: Serperior
|-resisted|p2a: Serperior
|-crit|p2a: Serperior
|-damage|p2a: Serperior|55/100
|
|t:|1757928806
|switch|p1a: Grafaiai|Grafaiai, M|100/100|[from] Flip Turn
|move|p2a: Serperior|Leaf Storm|p1a: Grafaiai|[miss]
|-miss|p2a: Serperior|p1a: Grafaiai
|
|-heal|p2a: Serperior|61/100|[from] item: Leftovers
|upkeep
|turn|3
|
|t:|1757928832
|switch|p2a: Scizor|Scizor, F|100/100
|move|p1a: Grafaiai|X-Scissor|p2a: Scizor
|-resisted|p2a: Scizor
|-damage|p2a: Scizor|80/100
|
|upkeep
|turn|4
|
|t:|1757928842
|switch|p1a: Cobalion|Cobalion|100/100
|move|p2a: Scizor|Knock Off|p1a: Cobalion
|-resisted|p1a: Cobalion
|-damage|p1a: Cobalion|84/100
|-ability|p1a: Cobalion|Justified|boost
|-boost|p1a: Cobalion|atk|1
|-enditem|p1a: Cobalion|Choice Specs|[from] move: Knock Off|[of] p2a: Scizor
|
|upkeep
|turn|5
|inactive|DDDWCNM has 120 seconds left.
|
|t:|1757928865
|switch|p2a: Pelipper|Pelipper, F|100/100
|-weather|RainDance|[from] ability: Drizzle|[of] p2a: Pelipper
|move|p1a: Cobalion|Aura Sphere|p2a: Pelipper
|-resisted|p2a: Pelipper
|-damage|p2a: Pelipper|79/100
|
|-weather|RainDance|[upkeep]
|upkeep
|turn|6
|inactive|DDDWCNM has 120 seconds left.
|
|t:|1757928876
|move|p1a: Cobalion|Volt Switch|p2a: Pelipper
|-supereffective|p2a: Pelipper
|-damage|p2a: Pelipper|0 fnt
|faint|p2a: Pelipper
|
|t:|1757928884
|switch|p1a: Ambipom|Ambipom, F|100/100|[from] Volt Switch
|
|-weather|RainDance|[upkeep]
|upkeep
|inactive|DDDWCNM has 120 seconds left.
|
|t:|1757928893
|switch|p2a: Alomomola|Alomomola, F|47/100
|turn|7
|
|t:|1757928902
|move|p2a: Alomomola|Protect|p2a: Alomomola
|-singleturn|p2a: Alomomola|Protect
|move|p1a: Ambipom|Fake Out|p2a: Alomomola
|-activate|p2a: Alomomola|move: Protect
|
|-weather|RainDance|[upkeep]
|upkeep
|turn|8
|
|t:|1757928912
|move|p1a: Ambipom|Knock Off|p2a: Alomomola
|-damage|p2a: Alomomola|30/100
|-damage|p1a: Ambipom|84/100|[from] item: Rocky Helmet|[of] p2a: Alomomola
|-enditem|p2a: Alomomola|Rocky Helmet|[from] move: Knock Off|[of] p1a: Ambipom
|move|p2a: Alomomola|Wish|p2a: Alomomola
|
|-weather|RainDance|[upkeep]
|upkeep
|turn|9
|
|t:|1757928920
|move|p2a: Alomomola|Protect|p2a: Alomomola
|-singleturn|p2a: Alomomola|Protect
|move|p1a: Ambipom|U-turn|p2a: Alomomola
|-activate|p2a: Alomomola|move: Protect
|
|-weather|none
|-heal|p2a: Alomomola|80/100|[from] move: Wish|[wisher] Alomomola
|upkeep
|turn|10
|
|t:|1757928937
|move|p1a: Ambipom|U-turn|p2a: Alomomola
|-damage|p2a: Alomomola|68/100
|
|t:|1757928940
|switch|p1a: Kilowattrel|Kilowattrel, M|100/100|[from] U-turn
|move|p2a: Alomomola|Flip Turn|p1a: Kilowattrel
|-damage|p1a: Kilowattrel|71/100
|
|t:|1757928951
|switch|p2a: Scizor|Scizor, F|80/100|[from] Flip Turn
|
|upkeep
|turn|11
|
|t:|1757928958
|move|p1a: Kilowattrel|Volt Switch|p2a: Scizor
|-damage|p2a: Scizor|35/100
|
|t:|1757928962
|switch|p1a: Cobalion|Cobalion|84/100|[from] Volt Switch
|move|p2a: Scizor|Knock Off|p1a: Cobalion
|-resisted|p1a: Cobalion
|-damage|p1a: Cobalion|74/100
|-ability|p1a: Cobalion|Justified|boost
|-boost|p1a: Cobalion|atk|1
|
|upkeep
|turn|12
|
|t:|1757928988
|switch|p2a: Alomomola|Alomomola, F|100/100
|move|p1a: Cobalion|Volt Switch|p2a: Alomomola
|-supereffective|p2a: Alomomola
|-damage|p2a: Alomomola|64/100
|
|t:|1757928994
|switch|p1a: Kilowattrel|Kilowattrel, M|71/100|[from] Volt Switch
|
|upkeep
|turn|13
|
|t:|1757929001
|move|p1a: Kilowattrel|Volt Switch|p2a: Alomomola
|-supereffective|p2a: Alomomola
|-damage|p2a: Alomomola|0 fnt
|faint|p2a: Alomomola
|
|t:|1757929009
|switch|p1a: Barraskewda|Barraskewda, F|85/100|[from] Volt Switch
|
|upkeep
|
|t:|1757929013
|switch|p2a: Serperior|Serperior, M|61/100
|turn|14
|
|t:|1757929019
|move|p1a: Barraskewda|Flip Turn|p2a: Serperior
|-resisted|p2a: Serperior
|-damage|p2a: Serperior|32/100
|
|t:|1757929028
|switch|p1a: Grafaiai|Grafaiai, M|100/100|[from] Flip Turn
|move|p2a: Serperior|Glare|p1a: Grafaiai
|-status|p1a: Grafaiai|par
|
|-heal|p2a: Serperior|39/100|[from] item: Leftovers
|upkeep
|turn|15
|
|t:|1757929041
|move|p2a: Serperior|Synthesis|p2a: Serperior
|-heal|p2a: Serperior|89/100
|move|p1a: Grafaiai|X-Scissor|p2a: Serperior
|-supereffective|p2a: Serperior
|-damage|p2a: Serperior|11/100
|
|-heal|p2a: Serperior|17/100|[from] item: Leftovers
|upkeep
|turn|16
|
|t:|1757929054
|switch|p2a: Zapdos|Zapdos|100/100
|move|p1a: Grafaiai|X-Scissor|p2a: Zapdos
|-resisted|p2a: Zapdos
|-damage|p2a: Zapdos|80/100
|
|upkeep
|turn|17
|
|t:|1757929069
|switch|p1a: Kilowattrel|Kilowattrel, M|71/100
|move|p2a: Zapdos|Hurricane|p1a: Kilowattrel
|-resisted|p1a: Kilowattrel
|-damage|p1a: Kilowattrel|20/100
|-start|p1a: Kilowattrel|confusion
|
|upkeep
|turn|18
|
|t:|1757929078
|move|p2a: Zapdos|Hurricane|p1a: Kilowattrel|[miss]
|-miss|p2a: Zapdos|p1a: Kilowattrel
|-activate|p1a: Kilowattrel|confusion
|-damage|p1a: Kilowattrel|8/100|[from] confusion
|
|upkeep
|turn|19
|
|t:|1757929085
|move|p2a: Zapdos|Hurricane|p1a: Kilowattrel|[miss]
|-miss|p2a: Zapdos|p1a: Kilowattrel
|-activate|p1a: Kilowattrel|confusion
|-damage|p1a: Kilowattrel|0 fnt|[from] confusion
|faint|p1a: Kilowattrel
|
|upkeep
|
|t:|1757929092
|switch|p1a: Lycanroc|Lycanroc, F|100/100
|turn|20
|
|t:|1757929102
|switch|p2a: Kingdra|Kingdra, M|100/100
|move|p1a: Lycanroc|Stone Edge|p2a: Kingdra
|-damage|p2a: Kingdra|11/100
|-damage|p1a: Lycanroc|91/100|[from] item: Life Orb
|
|upkeep
|turn|21
|
|t:|1757929120
|move|p1a: Lycanroc|Accelerock|p2a: Kingdra
|-damage|p2a: Kingdra|0 fnt
|faint|p2a: Kingdra
|-damage|p1a: Lycanroc|81/100|[from] item: Life Orb
|
|upkeep
|
|t:|1757929128
|switch|p2a: Scizor|Scizor, F|35/100
|turn|22
|
|t:|1757929133
|switch|p1a: Cobalion|Cobalion|74/100
|move|p2a: Scizor|Bullet Punch|p1a: Cobalion
|-resisted|p1a: Cobalion
|-damage|p1a: Cobalion|58/100
|
|upkeep
|turn|23
|
|t:|1757929142
|move|p1a: Cobalion|Volt Switch|p2a: Scizor
|-damage|p2a: Scizor|18/100
|
|t:|1757929149
|switch|p1a: Grafaiai|Grafaiai, M|100/100 par|[from] Volt Switch
|move|p2a: Scizor|U-turn|p1a: Grafaiai
|-resisted|p1a: Grafaiai
|-damage|p1a: Grafaiai|67/100 par
|
|t:|1757929156
|switch|p2a: Zapdos|Zapdos|80/100|[from] U-turn
|
|upkeep
|turn|24
|
|t:|1757929165
|cant|p1a: Grafaiai|par
|move|p2a: Zapdos|Volt Switch|p1a: Grafaiai
|-damage|p1a: Grafaiai|11/100 par
|
|t:|1757929173
|switch|p2a: Serperior|Serperior, M|17/100|[from] Volt Switch
|
|-heal|p2a: Serperior|23/100|[from] item: Leftovers
|upkeep
|turn|25
|
|t:|1757929180
|switch|p1a: Ambipom|Ambipom, F|84/100
|move|p2a: Serperior|Leaf Storm|p1a: Ambipom
|-damage|p1a: Ambipom|3/100
|-boost|p2a: Serperior|spa|2
|
|-heal|p2a: Serperior|30/100|[from] item: Leftovers
|upkeep
|turn|26
|
|t:|1757929190
|move|p1a: Ambipom|Fake Out|p2a: Serperior
|-damage|p2a: Serperior|0 fnt
|faint|p2a: Serperior
|
|upkeep
|-message|DDDWCNM forfeited.
|
|win|ju2508
|raw|ju2508's rating: 1153 &rarr; <strong>1175</strong><br />(+22 for winning)
|raw|DDDWCNM's rating: 1113 &rarr; <strong>1091</strong><br />(-22 for losing)
|l|☆DDDWCNM
|player|p2|
|l|☆ju2508
|player|p1|
