|j|☆ilovebillkaulitz
|j|☆Gym Leader Bert
|t:|1757828334
|gametype|singles
|player|p1|ilovebillkaulitz|flannery|1255
|player|p2|Gym Leader Bert|gentleman-gen4|1175
|gen|9
|tier|[Gen 9] OU
|rated|
|rule|HP Percentage Mod: HP is shown in percentages
|rule|Endless Battle Clause: Forcing endless battles is banned
|rule|Species Clause: Limit one of each Pokémon
|rule|OHKO Clause: OHKO moves are banned
|rule|Evasion Items Clause: Evasion items are banned
|rule|Evasion Moves Clause: Evasion moves are banned
|rule|Evasion Abilities Clause: Evasion abilities are banned
|rule|Sleep Moves Clause: Sleep-inducing moves are banned
|clearpoke
|poke|p1|Ceruledge, M|
|poke|p1|Garchomp, M|
|poke|p1|Staraptor, M|
|poke|p1|Gallade, M|
|poke|p1|Zoroark-Hisui, F|
|poke|p1|Weavile, M|
|poke|p2|Torkoal, M|
|poke|p2|Hatterene, F|
|poke|p2|Walking Wake|
|poke|p2|Dragapult, M|
|poke|p2|Cloyster, F|
|poke|p2|Corviknight, M|
|teampreview
|
|t:|1757828350
|teamsize|p1|6
|teamsize|p2|6
|start
|switch|p1a: Ceruledge|Ceruledge, M|100/100
|switch|p2a: Corviknight|Corviknight, M|100/100
|turn|1
|
|t:|1757828360
|switch|p1a: Garchomp|Garchomp, M|100/100
|move|p2a: Corviknight|U-turn|p1a: Garchomp
|-damage|p1a: Garchomp|82/100
|-damage|p2a: Corviknight|88/100|[from] ability: Rough Skin|[of] p1a: Garchomp
|
|t:|1757828368
|switch|p2a: Cloyster|Cloyster, F|100/100|[from] U-turn
|
|-heal|p1a: Garchomp|88/100|[from] item: Leftovers
|upkeep
|turn|2
|inactive|Battle timer is ON: inactive players will automatically lose when time's up. (requested by Gym Leader Bert)
|
|t:|1757828396
|move|p1a: Garchomp|Earthquake|p2a: Cloyster
|-damage|p2a: Cloyster|58/100
|move|p2a: Cloyster|Icicle Spear|p1a: Garchomp
|-supereffective|p1a: Garchomp
|-damage|p1a: Garchomp|47/100
|-supereffective|p1a: Garchomp
|-damage|p1a: Garchomp|7/100
|-supereffective|p1a: Garchomp
|-damage|p1a: Garchomp|0 fnt
|faint|p1a: Garchomp
|-hitcount|p1: Garchomp|3
|
|upkeep
|
|t:|1757828410
|switch|p1a: Ceruledge|Ceruledge, M|100/100
|turn|3
|
|t:|1757828414
|-terastallize|p2a: Cloyster|Water
|move|p1a: Ceruledge|Close Combat|p2a: Cloyster
|-damage|p2a: Cloyster|8/100
|-unboost|p1a: Ceruledge|def|1
|-unboost|p1a: Ceruledge|spd|1
|move|p2a: Cloyster|Shell Smash|p2a: Cloyster
|-unboost|p2a: Cloyster|def|1
|-unboost|p2a: Cloyster|spd|1
|-boost|p2a: Cloyster|atk|2
|-boost|p2a: Cloyster|spa|2
|-boost|p2a: Cloyster|spe|2
|
|upkeep
|turn|4
|
|t:|1757828425
|switch|p1a: Gallade|Gallade, M|100/100
|move|p2a: Cloyster|Rock Blast|p1a: Gallade
|-resisted|p1a: Gallade
|-damage|p1a: Gallade|89/100
|-resisted|p1a: Gallade
|-crit|p1a: Gallade
|-damage|p1a: Gallade|69/100
|-resisted|p1a: Gallade
|-damage|p1a: Gallade|57/100
|-resisted|p1a: Gallade
|-damage|p1a: Gallade|46/100
|-resisted|p1a: Gallade
|-damage|p1a: Gallade|33/100
|-hitcount|p1a: Gallade|5
|
|-heal|p1a: Gallade|39/100|[from] item: Leftovers
|upkeep
|turn|5
|
|t:|1757828439
|move|p2a: Cloyster|Rock Blast|p1a: Gallade
|-resisted|p1a: Gallade
|-damage|p1a: Gallade|26/100
|-resisted|p1a: Gallade
|-damage|p1a: Gallade|13/100
|-resisted|p1a: Gallade
|-damage|p1a: Gallade|1/100
|-resisted|p1a: Gallade
|-damage|p1a: Gallade|0 fnt
|faint|p1a: Gallade
|-hitcount|p1: Gallade|4
|
|upkeep
|
|t:|1757828449
|switch|p1a: Ceruledge|Ceruledge, M|100/100
|turn|6
|
|t:|1757828451
|move|p1a: Ceruledge|Shadow Sneak|p2a: Cloyster
|-damage|p2a: Cloyster|0 fnt
|faint|p2a: Cloyster
|
|upkeep
|
|t:|1757828455
|switch|p2a: Walking Wake|Walking Wake|100/100
|turn|7
|
|t:|1757828462
|switch|p1a: Staraptor|Staraptor, M|100/100
|move|p2a: Walking Wake|Hydro Steam|p1a: Staraptor
|-damage|p1a: Staraptor|0 fnt
|faint|p1a: Staraptor
|
|upkeep
|
|t:|1757828470
|switch|p1a: Weavile|Weavile, M|100/100
|-ability|p1a: Weavile|Pressure
|turn|8
|
|t:|1757828474
|-end|p2a: Walking Wake|Protosynthesis|[silent]
|switch|p2a: Sun God Koal|Torkoal, M|100/100
|-weather|SunnyDay|[from] ability: Drought|[of] p2a: Sun God Koal
|move|p1a: Weavile|Triple Axel|p2a: Sun God Koal
|-resisted|p2a: Sun God Koal
|-damage|p2a: Sun God Koal|96/100
|-resisted|p2a: Sun God Koal
|-damage|p2a: Sun God Koal|87/100
|-resisted|p2a: Sun God Koal
|-damage|p2a: Sun God Koal|73/100
|-hitcount|p2a: Sun God Koal|3
|-damage|p1a: Weavile|91/100|[from] item: Life Orb
|
|-weather|SunnyDay|[upkeep]
|upkeep
|turn|9
|
|t:|1757828486
|switch|p1a: Ceruledge|Ceruledge, M|100/100
|move|p2a: Sun God Koal|Stealth Rock|p1a: Ceruledge
|-sidestart|p1: ilovebillkaulitz|move: Stealth Rock
|
|-weather|SunnyDay|[upkeep]
|upkeep
|turn|10
|
|t:|1757828492
|switch|p2a: Walking Wake|Walking Wake|100/100
|-activate|p2a: Walking Wake|ability: Protosynthesis
|-start|p2a: Walking Wake|protosynthesisspe
|move|p1a: Ceruledge|Poltergeist|p2a: Walking Wake
|-activate|p2a: Walking Wake|move: Poltergeist|Choice Specs
|-damage|p2a: Walking Wake|14/100
|
|-weather|SunnyDay|[upkeep]
|upkeep
|turn|11
|
|t:|1757828502
|switch|p1a: Weavile|Weavile, M|100/100
|-damage|p1a: Weavile|88/100|[from] Stealth Rock
|move|p2a: Walking Wake|Hydro Steam|p1a: Weavile
|-damage|p1a: Weavile|0 fnt
|replace|p1a: Zoroark|Zoroark-Hisui, F
|-end|p1a: Zoroark|Illusion
|faint|p1a: Zoroark
|
|-weather|SunnyDay|[upkeep]
|upkeep
|
|t:|1757828511
|switch|p1a: Ceruledge|Ceruledge, M|100/100
|-damage|p1a: Ceruledge|75/100|[from] Stealth Rock
|turn|12
|
|t:|1757828515
|-end|p2a: Walking Wake|Protosynthesis|[silent]
|switch|p2a: Corviknight|Corviknight, M|88/100
|move|p1a: Ceruledge|Shadow Sneak|p2a: Corviknight
|-damage|p2a: Corviknight|63/100
|
|-weather|none
|-heal|p2a: Corviknight|69/100|[from] item: Leftovers
|upkeep
|turn|13
|-message|ilovebillkaulitz forfeited.
|
|win|Gym Leader Bert
|raw|ilovebillkaulitz's rating: 1255 &rarr; <strong>1224</strong><br />(-31 for losing)
|raw|Gym Leader Bert's rating: 1175 &rarr; <strong>1206</strong><br />(+31 for winning)
|l|☆ilovebillkaulitz
|player|p1|
|l|☆Gym Leader Bert
|player|p2|
