|j|☆ausmafeetfan
|j|☆takashi agiota
|t:|1757831044
|gametype|singles
|player|p1|ausmafeetfan|265|1095
|player|p2|takashi agiota|giovanni|1095
|gen|9
|tier|[Gen 9] OU
|rated|
|rule|HP Percentage Mod: HP is shown in percentages
|rule|Endless Battle Clause: Forcing endless battles is banned
|rule|Species Clause: Limit one of each Pokémon
|rule|OHKO Clause: OHKO moves are banned
|rule|Evasion Items Clause: Evasion items are banned
|rule|Evasion Moves Clause: Evasion moves are banned
|rule|Evasion Abilities Clause: Evasion abilities are banned
|rule|Sleep Moves Clause: Sleep-inducing moves are banned
|clearpoke
|poke|p1|Mismagius, M|
|poke|p1|Araquanid, F|
|poke|p1|Ceruledge, F|
|poke|p1|Rotom-Heat|
|poke|p1|Great Tusk|
|poke|p1|Meowscarada, M|
|poke|p2|Blaziken, F|
|poke|p2|Darkrai|
|poke|p2|Dragapult, F|
|poke|p2|Gliscor, F|
|poke|p2|Galvantula, M|
|poke|p2|Great Tusk|
|teampreview
|inactive|Battle timer is ON: inactive players will automatically lose when time's up. (requested by takashi agiota)
|inactive|ausmafeetfan has 120 seconds left.
|
|t:|1757831090
|teamsize|p1|6
|teamsize|p2|6
|start
|switch|p1a: Araquanid|Araquanid, F|100/100
|switch|p2a: Galvantula|Galvantula, M|100/100
|turn|1
|
|t:|1757831098
|move|p2a: Galvantula|Thunder|p1a: Araquanid
|-supereffective|p1a: Araquanid
|-damage|p1a: Araquanid|24/100
|move|p1a: Araquanid|Mirror Coat|p2a: Galvantula
|-enditem|p2a: Galvantula|Focus Sash
|-damage|p2a: Galvantula|1/100
|
|upkeep
|turn|2
|-enditem|p1a: Araquanid|Custap Berry|[eat]
|-activate|p1a: Araquanid|item: Custap Berry|[consumed]
|
|t:|1757831105
|move|p1a: Araquanid|Sticky Web|p2a: Galvantula
|-sidestart|p2: takashi agiota|move: Sticky Web
|move|p2a: Galvantula|Thunder|p1a: Araquanid
|-supereffective|p1a: Araquanid
|-damage|p1a: Araquanid|0 fnt
|faint|p1a: Araquanid
|
|upkeep
|
|t:|1757831110
|switch|p1a: Ceruledge|Ceruledge, F|100/100
|turn|3
|
|t:|1757831114
|move|p1a: Ceruledge|Shadow Sneak|p2a: Galvantula
|-damage|p2a: Galvantula|0 fnt
|faint|p2a: Galvantula
|
|upkeep
|
|t:|1757831116
|switch|p2a: Great Tusk|Great Tusk|100/100
|-activate|p2a: Great Tusk|move: Sticky Web
|-unboost|p2a: Great Tusk|spe|1
|turn|4
|
|t:|1757831129
|switch|p1a: Meowscarada|Meowscarada, M|100/100
|move|p2a: Great Tusk|Stealth Rock|p1a: Meowscarada
|-sidestart|p1: ausmafeetfan|move: Stealth Rock
|
|upkeep
|turn|5
|
|t:|1757831138
|move|p1a: Meowscarada|U-turn|p2a: Great Tusk
|-start|p1a: Meowscarada|typechange|Bug|[from] ability: Protean
|-resisted|p2a: Great Tusk
|-damage|p2a: Great Tusk|83/100
|-damage|p1a: Meowscarada|84/100|[from] item: Rocky Helmet|[of] p2a: Great Tusk
|
|t:|1757831144
|switch|p1a: Mismagius|Mismagius, M|100/100|[from] U-turn
|-damage|p1a: Mismagius|88/100|[from] Stealth Rock
|move|p2a: Great Tusk|Rapid Spin|p1a: Mismagius
|-immune|p1a: Mismagius
|
|upkeep
|turn|6
|
|t:|1757831154
|move|p1a: Mismagius|Substitute|p1a: Mismagius
|-start|p1a: Mismagius|Substitute
|-damage|p1a: Mismagius|63/100
|move|p2a: Great Tusk|Headlong Rush|p1a: Mismagius
|-immune|p1a: Mismagius|[from] ability: Levitate
|
|upkeep
|turn|7
|
|t:|1757831173
|-end|p2a: Great Tusk|Protosynthesis|[silent]
|switch|p2a: Gliscor|Gliscor, F|100/100
|move|p1a: Mismagius|Nasty Plot|p1a: Mismagius
|-boost|p1a: Mismagius|spa|2
|
|-status|p2a: Gliscor|tox|[from] item: Toxic Orb
|upkeep
|turn|8
|
|t:|1757831182
|move|p1a: Mismagius|Draining Kiss|p2a: Gliscor
|-damage|p2a: Gliscor|66/100 tox
|-heal|p1a: Mismagius|99/100|[from] drain|[of] p2a: Gliscor
|-damage|p1a: Mismagius|89/100|[from] item: Life Orb
|move|p2a: Gliscor|Swords Dance|p2a: Gliscor
|-boost|p2a: Gliscor|atk|2
|
|-heal|p2a: Gliscor|78/100 tox|[from] ability: Poison Heal
|upkeep
|turn|9
|
|t:|1757831186
|move|p1a: Mismagius|Shadow Ball|p2a: Gliscor
|-damage|p2a: Gliscor|0 fnt
|faint|p2a: Gliscor
|-damage|p1a: Mismagius|79/100|[from] item: Life Orb
|
|upkeep
|
|t:|1757831190
|switch|p2a: Darkrai|Darkrai|100/100
|turn|10
|
|t:|1757831193
|move|p2a: Darkrai|Nasty Plot|p2a: Darkrai
|-boost|p2a: Darkrai|spa|2
|move|p1a: Mismagius|Draining Kiss|p2a: Darkrai
|-supereffective|p2a: Darkrai
|-damage|p2a: Darkrai|0 fnt
|-heal|p1a: Mismagius|100/100|[from] drain|[of] p2a: Darkrai
|faint|p2a: Darkrai
|-damage|p1a: Mismagius|91/100|[from] item: Life Orb
|
|upkeep
|
|t:|1757831201
|switch|p2a: Great Tusk|Great Tusk|83/100
|-activate|p2a: Great Tusk|move: Sticky Web
|-unboost|p2a: Great Tusk|spe|1
|turn|11
|
|t:|1757831204
|move|p1a: Mismagius|Draining Kiss|p2a: Great Tusk
|-supereffective|p2a: Great Tusk
|-crit|p2a: Great Tusk
|-damage|p2a: Great Tusk|0 fnt
|-heal|p1a: Mismagius|100/100|[from] drain|[of] p2a: Great Tusk
|-damage|p1a: Mismagius|84/100|[from] item: Rocky Helmet|[of] p2a: Great Tusk
|faint|p2a: Great Tusk
|-end|p2a: Great Tusk|Protosynthesis|[silent]
|-damage|p1a: Mismagius|74/100|[from] item: Life Orb
|
|upkeep
|
|t:|1757831210
|switch|p2a: Dragapult|Dragapult, F|100/100
|-activate|p2a: Dragapult|move: Sticky Web
|-fail|p2a: Dragapult|unboost|[from] ability: Clear Body|[of] p2a: Dragapult
|turn|12
|
|t:|1757831227
|-terastallize|p2a: Dragapult|Steel
|move|p2a: Dragapult|Phantom Force||[still]
|-prepare|p2a: Dragapult|Phantom Force
|move|p1a: Mismagius|Shadow Ball|p2a: Dragapult|[miss]
|-miss|p1a: Mismagius|p2a: Dragapult
|
|upkeep
|turn|13
|
|t:|1757831251
|switch|p1a: Great Tusk|Great Tusk|100/100
|move|p2a: Dragapult|Phantom Force|p1a: Great Tusk|[from] lockedmove
|-damage|p1a: Great Tusk|58/100
|-damage|p2a: Dragapult|91/100|[from] item: Life Orb
|
|upkeep
|turn|14
|
|t:|1757831261
|move|p2a: Dragapult|Dragon Dance|p2a: Dragapult
|-boost|p2a: Dragapult|atk|1
|-boost|p2a: Dragapult|spe|1
|move|p1a: Great Tusk|Headlong Rush|p2a: Dragapult
|-supereffective|p2a: Dragapult
|-damage|p2a: Dragapult|0 fnt
|-unboost|p1a: Great Tusk|def|1
|-unboost|p1a: Great Tusk|spd|1
|faint|p2a: Dragapult
|
|upkeep
|
|t:|1757831263
|switch|p2a: Blaziken|Blaziken, F|100/100
|-activate|p2a: Blaziken|move: Sticky Web
|-unboost|p2a: Blaziken|spe|1
|turn|15
|
|t:|1757831270
|move|p1a: Great Tusk|Headlong Rush|p2a: Blaziken
|-supereffective|p2a: Blaziken
|-enditem|p2a: Blaziken|Focus Sash
|-damage|p2a: Blaziken|1/100
|-unboost|p1a: Great Tusk|def|1
|-unboost|p1a: Great Tusk|spd|1
|move|p2a: Blaziken|Acrobatics|p1a: Great Tusk
|-supereffective|p1a: Great Tusk
|-crit|p1a: Great Tusk
|-damage|p1a: Great Tusk|0 fnt
|faint|p1a: Great Tusk
|-end|p1a: Great Tusk|Protosynthesis|[silent]
|
|-ability|p2a: Blaziken|Speed Boost|boost
|-boost|p2a: Blaziken|spe|1
|upkeep
|
|t:|1757831274
|switch|p1a: Ceruledge|Ceruledge, F|100/100
|-damage|p1a: Ceruledge|76/100|[from] Stealth Rock
|turn|16
|
|t:|1757831283
|move|p1a: Ceruledge|Shadow Sneak|p2a: Blaziken
|-damage|p2a: Blaziken|0 fnt
|faint|p2a: Blaziken
|
|win|ausmafeetfan
|raw|ausmafeetfan's rating: 1095 &rarr; <strong>1121</strong><br />(+26 for winning)
|raw|takashi agiota's rating: 1095 &rarr; <strong>1071</strong><br />(-24 for losing)
