|j|☆BettyLaBonita
|j|☆epicgamer069420
|t:|1757828962
|gametype|singles
|player|p1|BettyLaBonita|2|1550
|player|p2|epicgamer069420|hilbert|1589
|gen|9
|tier|[Gen 9] OU
|rated|
|rule|HP Percentage Mod: HP is shown in percentages
|rule|Endless Battle Clause: Forcing endless battles is banned
|rule|Species Clause: Limit one of each Pokémon
|rule|OHKO Clause: OHKO moves are banned
|rule|Evasion Items Clause: Evasion items are banned
|rule|Evasion Moves Clause: Evasion moves are banned
|rule|Evasion Abilities Clause: Evasion abilities are banned
|rule|Sleep Moves Clause: Sleep-inducing moves are banned
|clearpoke
|poke|p1|Darkrai|
|poke|p1|Ogerpon-Cornerstone, F|
|poke|p1|Great Tusk|
|poke|p1|Kyurem|
|poke|p1|Primarina, M|
|poke|p1|Dragonite, M|
|poke|p2|Landorus-Therian, M|
|poke|p2|Ribombee, F|
|poke|p2|Gholdengo|
|poke|p2|Iron Moth|
|poke|p2|Raging Bolt|
|poke|p2|Kingambit, F|
|teampreview
|inactive|Battle timer is ON: inactive players will automatically lose when time's up. (requested by epicgamer069420)
|
|t:|1757828987
|teamsize|p1|6
|teamsize|p2|6
|start
|switch|p1a: Primarina|Primarina, M|100/100
|switch|p2a: ROBO-KY|Ribombee, F|100/100
|turn|1
|
|t:|1757828993
|move|p2a: ROBO-KY|Stun Spore|p1a: Primarina|[miss]
|-miss|p2a: ROBO-KY|p1a: Primarina
|move|p1a: Primarina|Moonblast|p2a: ROBO-KY
|-damage|p2a: ROBO-KY|10/100
|
|upkeep
|turn|2
|
|t:|1757828997
|move|p2a: ROBO-KY|Sticky Web|p1a: Primarina
|-sidestart|p1: BettyLaBonita|move: Sticky Web
|move|p1a: Primarina|Flip Turn|p2a: ROBO-KY
|-damage|p2a: ROBO-KY|0 fnt
|faint|p2a: ROBO-KY
|
|t:|1757829004
|switch|p1a: Great Tusk|Great Tusk|100/100|[from] Flip Turn
|
|upkeep
|
|t:|1757829008
|switch|p2a: Deep Blue Sea|Landorus-Therian, M|100/100
|-ability|p2a: Deep Blue Sea|Intimidate|boost
|-unboost|p1a: Great Tusk|atk|1
|turn|3
|
|t:|1757829013
|switch|p2a: 24th Avenue|Gholdengo|100/100
|-item|p2a: 24th Avenue|Air Balloon
|move|p1a: Great Tusk|Rapid Spin|p2a: 24th Avenue
|-immune|p2a: 24th Avenue
|
|upkeep
|turn|4
|
|t:|1757829022
|-end|p1a: Great Tusk|Protosynthesis|[silent]
|switch|p1a: Primarina|Primarina, M|100/100
|-activate|p1a: Primarina|move: Sticky Web
|-unboost|p1a: Primarina|spe|1
|move|p2a: 24th Avenue|Dazzling Gleam|p1a: Primarina
|-damage|p1a: Primarina|84/100
|
|upkeep
|turn|5
|
|t:|1757829030
|switch|p2a: Deep Blue Sea|Landorus-Therian, M|100/100
|-ability|p2a: Deep Blue Sea|Intimidate|boost
|-unboost|p1a: Primarina|atk|1
|move|p1a: Primarina|Flip Turn|p2a: Deep Blue Sea
|-supereffective|p2a: Deep Blue Sea
|-damage|p2a: Deep Blue Sea|79/100
|
|t:|1757829034
|switch|p1a: Great Tusk|Great Tusk|100/100|[from] Flip Turn
|
|upkeep
|turn|6
|j| LegitimatePotato
|l| LegitimatePotato
|
|t:|1757829039
|switch|p2a: 24th Avenue|Gholdengo|100/100
|-item|p2a: 24th Avenue|Air Balloon
|move|p1a: Great Tusk|Knock Off|p2a: 24th Avenue
|-supereffective|p2a: 24th Avenue
|-damage|p2a: 24th Avenue|26/100
|-enditem|p2a: 24th Avenue|Air Balloon
|
|upkeep
|turn|7
|
|t:|1757829044
|move|p1a: Great Tusk|Knock Off|p2a: 24th Avenue
|-supereffective|p2a: 24th Avenue
|-damage|p2a: 24th Avenue|0 fnt
|faint|p2a: 24th Avenue
|
|upkeep
|
|t:|1757829050
|switch|p2a: Last Surprise|Iron Moth|100/100
|turn|8
|
|t:|1757829063
|-terastallize|p1a: Great Tusk|Fire
|move|p2a: Last Surprise|Fiery Dance|p1a: Great Tusk
|-resisted|p1a: Great Tusk
|-damage|p1a: Great Tusk|62/100
|-boost|p2a: Last Surprise|spa|1
|move|p1a: Great Tusk|Headlong Rush|p2a: Last Surprise
|-supereffective|p2a: Last Surprise
|-damage|p2a: Last Surprise|0 fnt
|-unboost|p1a: Great Tusk|def|1
|-unboost|p1a: Great Tusk|spd|1
|faint|p2a: Last Surprise
|-end|p2a: Last Surprise|Quark Drive|[silent]
|
|upkeep
|
|t:|1757829067
|switch|p2a: Deep Blue Sea|Landorus-Therian, M|79/100
|-ability|p2a: Deep Blue Sea|Intimidate|boost
|-unboost|p1a: Great Tusk|atk|1
|turn|9
|
|t:|1757829073
|move|p2a: Deep Blue Sea|Earthquake|p1a: Great Tusk
|-supereffective|p1a: Great Tusk
|-damage|p1a: Great Tusk|0 fnt
|faint|p1a: Great Tusk
|-end|p1a: Great Tusk|Protosynthesis|[silent]
|
|upkeep
|
|t:|1757829084
|switch|p1a: Dragonite|Dragonite, M|100/100
|turn|10
|
|t:|1757829086
|-terastallize|p2a: Deep Blue Sea|Fairy
|move|p2a: Deep Blue Sea|Tera Blast|p1a: Dragonite|[anim] Tera Blast Fairy
|-supereffective|p1a: Dragonite
|-damage|p1a: Dragonite|38/100
|move|p1a: Dragonite|Dragon Dance|p1a: Dragonite
|-boost|p1a: Dragonite|atk|1
|-boost|p1a: Dragonite|spe|1
|
|upkeep
|turn|11
|
|t:|1757829093
|move|p1a: Dragonite|Extreme Speed|p2a: Deep Blue Sea
|-damage|p2a: Deep Blue Sea|22/100
|move|p2a: Deep Blue Sea|Tera Blast|p1a: Dragonite|[anim] Tera Blast Fairy
|-supereffective|p1a: Dragonite
|-damage|p1a: Dragonite|0 fnt
|faint|p1a: Dragonite
|
|upkeep
|
|t:|1757829103
|switch|p1a: Darkrai|Darkrai|100/100
|-activate|p1a: Darkrai|move: Sticky Web
|-unboost|p1a: Darkrai|spe|1
|turn|12
|
|t:|1757829109
|move|p1a: Darkrai|Ice Beam|p2a: Deep Blue Sea
|-damage|p2a: Deep Blue Sea|0 fnt
|faint|p2a: Deep Blue Sea
|
|upkeep
|
|t:|1757829113
|switch|p2a: Defiant t'il end|Kingambit, F|100/100
|-activate|p2a: Defiant t'il end|ability: Supreme Overlord
|-start|p2a: Defiant t'il end|fallen4|[silent]
|turn|13
|
|t:|1757829124
|move|p1a: Darkrai|Ice Beam|p2a: Defiant t'il end
|-resisted|p2a: Defiant t'il end
|-damage|p2a: Defiant t'il end|83/100
|move|p2a: Defiant t'il end|Iron Head|p1a: Darkrai
|-damage|p1a: Darkrai|7/100
|
|upkeep
|turn|14
|
|t:|1757829127
|move|p2a: Defiant t'il end|Sucker Punch|p1a: Darkrai
|-resisted|p1a: Darkrai
|-damage|p1a: Darkrai|0 fnt
|faint|p1a: Darkrai
|
|upkeep
|
|t:|1757829129
|switch|p1a: Ogerpon|Ogerpon-Cornerstone, F|100/100
|-activate|p1a: Ogerpon|move: Sticky Web
|-unboost|p1a: Ogerpon|spe|1
|turn|15
|
|t:|1757829132
|move|p1a: Ogerpon|Low Kick|p2a: Defiant t'il end
|-supereffective|p2a: Defiant t'il end
|-damage|p2a: Defiant t'il end|0 fnt
|faint|p2a: Defiant t'il end
|-end|p2a: Defiant t'il end|fallen4|[silent]
|
|upkeep
|
|t:|1757829135
|switch|p2a: Cleanup Celestial|Raging Bolt|100/100
|-enditem|p2a: Cleanup Celestial|Booster Energy
|-activate|p2a: Cleanup Celestial|ability: Protosynthesis|[fromitem]
|-start|p2a: Cleanup Celestial|protosynthesisspa
|turn|16
|
|t:|1757829138
|move|p2a: Cleanup Celestial|Dragon Pulse|p1a: Ogerpon
|-damage|p1a: Ogerpon|21/100
|move|p1a: Ogerpon|Ivy Cudgel|p2a: Cleanup Celestial|[anim] Ivy Cudgel Rock
|-damage|p2a: Cleanup Celestial|42/100
|
|upkeep
|turn|17
|
|t:|1757829147
|move|p2a: Cleanup Celestial|Dragon Pulse|p1a: Ogerpon
|-damage|p1a: Ogerpon|0 fnt
|faint|p1a: Ogerpon
|
|upkeep
|
|t:|1757829149
|switch|p1a: Primarina|Primarina, M|84/100
|-activate|p1a: Primarina|move: Sticky Web
|-unboost|p1a: Primarina|spe|1
|turn|18
|
|t:|1757829157
|move|p2a: Cleanup Celestial|Thunderbolt|p1a: Primarina
|-supereffective|p1a: Primarina
|-damage|p1a: Primarina|4/100
|move|p1a: Primarina|Moonblast|p2a: Cleanup Celestial
|-supereffective|p2a: Cleanup Celestial
|-damage|p2a: Cleanup Celestial|0 fnt
|faint|p2a: Cleanup Celestial
|-end|p2a: Cleanup Celestial|Protosynthesis|[silent]
|
|win|BettyLaBonita
|raw|BettyLaBonita's rating: 1530 &rarr; <strong>1553</strong><br />(+23 for winning)
|raw|epicgamer069420's rating: 1589 &rarr; <strong>1566</strong><br />(-23 for losing)
|l|☆epicgamer069420
|player|p2|
|l|☆BettyLaBonita
|player|p1|
