|j|☆Newt 2099
|j|☆tigercloud
|t:|1757947750
|gametype|singles
|player|p1|Newt 2099|lucas|1148
|player|p2|tigercloud|steven|1108
|gen|9
|tier|[Gen 9] OU
|rated|
|rule|HP Percentage Mod: HP is shown in percentages
|rule|Endless Battle Clause: Forcing endless battles is banned
|rule|Species Clause: Limit one of each Pokémon
|rule|OHKO Clause: OHKO moves are banned
|rule|Evasion Items Clause: Evasion items are banned
|rule|Evasion Moves Clause: Evasion moves are banned
|rule|Evasion Abilities Clause: Evasion abilities are banned
|rule|Sleep Moves Clause: Sleep-inducing moves are banned
|clearpoke
|poke|p1|Chesnaught, M|
|poke|p1|Sableye, M|
|poke|p1|Heatran, M|
|poke|p1|Clefable, F|
|poke|p1|Great Tusk|
|poke|p1|Gliscor, M|
|poke|p2|Eelektross, M|
|poke|p2|Overqwil, M|
|poke|p2|Pincurchin, M|
|poke|p2|Malamar, M|
|poke|p2|Dragonair, M|
|poke|p2|Dragalge, M|
|teampreview
|inactive|Battle timer is ON: inactive players will automatically lose when time's up. (requested by tigercloud)
|
|t:|1757947760
|teamsize|p1|6
|teamsize|p2|6
|start
|switch|p1a: Gliscor|Gliscor, M|100/100
|switch|p2a: Pincurchin|Pincurchin, M, shiny|100/100
|turn|1
|
|t:|1757947775
|move|p1a: Gliscor|Stealth Rock|p2a: Pincurchin
|-sidestart|p2: tigercloud|move: Stealth Rock
|move|p2a: Pincurchin|Toxic Spikes|p1a: Gliscor
|-sidestart|p1: Newt 2099|move: Toxic Spikes
|
|-status|p1a: Gliscor|tox|[from] item: Toxic Orb
|upkeep
|turn|2
|
|t:|1757947783
|move|p1a: Gliscor|Spikes|p2a: Pincurchin
|-sidestart|p2: tigercloud|Spikes
|move|p2a: Pincurchin|Toxic Spikes|p1a: Gliscor
|-sidestart|p1: Newt 2099|move: Toxic Spikes
|
|upkeep
|turn|3
|
|t:|1757947795
|switch|p1a: Great Tusk|Great Tusk|100/100
|switch|p2a: Dragonair|Dragonair, M, shiny|100/100
|-damage|p2a: Dragonair|88/100|[from] Stealth Rock
|-damage|p2a: Dragonair|76/100|[from] Spikes
|
|upkeep
|turn|4
|
|t:|1757947802
|move|p1a: Great Tusk|Rapid Spin|p2a: Dragonair
|-damage|p2a: Dragonair|53/100
|-boost|p1a: Great Tusk|spe|1
|-sideend|p1: Newt 2099|Toxic Spikes|[from] move: Rapid Spin|[of] p1a: Great Tusk
|move|p2a: Dragonair|Dragon Dance|p2a: Dragonair
|-boost|p2a: Dragonair|atk|1
|-boost|p2a: Dragonair|spe|1
|
|upkeep
|turn|5
|
|t:|1757947810
|move|p1a: Great Tusk|Ice Spinner|p2a: Dragonair
|-supereffective|p2a: Dragonair
|-damage|p2a: Dragonair|0 fnt
|faint|p2a: Dragonair
|
|upkeep
|
|t:|1757947815
|switch|p2a: Overqwil|Overqwil, M, shiny|100/100
|-damage|p2a: Overqwil|88/100|[from] Stealth Rock
|-damage|p2a: Overqwil|76/100|[from] Spikes
|-ability|p2a: Overqwil|Intimidate|boost
|-unboost|p1a: Great Tusk|atk|1
|turn|6
|
|t:|1757947820
|switch|p2a: Pincurchin|Pincurchin, M, shiny|100/100
|-damage|p2a: Pincurchin|88/100|[from] Stealth Rock
|-damage|p2a: Pincurchin|76/100|[from] Spikes
|move|p1a: Great Tusk|Headlong Rush|p2a: Pincurchin
|-supereffective|p2a: Pincurchin
|-damage|p2a: Pincurchin|0 fnt
|-unboost|p1a: Great Tusk|def|1
|-unboost|p1a: Great Tusk|spd|1
|faint|p2a: Pincurchin
|
|upkeep
|
|t:|1757947824
|switch|p2a: Malamar|Malamar, M, shiny|100/100
|-damage|p2a: Malamar|88/100|[from] Stealth Rock
|-damage|p2a: Malamar|76/100|[from] Spikes
|turn|7
|
|t:|1757947832
|-end|p1a: Great Tusk|Protosynthesis|[silent]
|switch|p1a: Sableye|Sableye, M|100/100
|move|p2a: Malamar|Superpower|p1a: Sableye
|-immune|p1a: Sableye
|
|upkeep
|turn|8
|
|t:|1757947836
|move|p1a: Sableye|Reflect|p1a: Sableye
|-sidestart|p1: Newt 2099|Reflect
|move|p2a: Malamar|Knock Off|p1a: Sableye
|-damage|p1a: Sableye|70/100
|-enditem|p1a: Sableye|Light Clay|[from] move: Knock Off|[of] p2a: Malamar
|
|upkeep
|turn|9
|
|t:|1757947843
|switch|p2a: Overqwil|Overqwil, M, shiny|76/100
|-damage|p2a: Overqwil|64/100|[from] Stealth Rock
|-damage|p2a: Overqwil|52/100|[from] Spikes
|-ability|p2a: Overqwil|Intimidate|boost
|-unboost|p1a: Sableye|atk|1
|switch|p1a: Chesnaught|Chesnaught, M|100/100
|
|upkeep
|turn|10
|
|t:|1757947848
|move|p1a: Chesnaught|Spiky Shield|p1a: Chesnaught
|-singleturn|p1a: Chesnaught|move: Protect
|move|p2a: Overqwil|Poison Jab|p1a: Chesnaught
|-activate|p1a: Chesnaught|move: Protect
|-damage|p2a: Overqwil|39/100|[from] Spiky Shield|[of] p1a: Chesnaught
|
|upkeep
|turn|11
|
|t:|1757947856
|switch|p1a: Gliscor|Gliscor, M|100/100 tox
|move|p2a: Overqwil|Poison Jab|p1a: Gliscor
|-resisted|p1a: Gliscor
|-damage|p1a: Gliscor|91/100 tox
|-damage|p2a: Overqwil|29/100|[from] item: Life Orb
|
|-heal|p1a: Gliscor|100/100 tox|[from] ability: Poison Heal
|upkeep
|turn|12
|
|t:|1757947860
|move|p2a: Overqwil|Swords Dance|p2a: Overqwil
|-boost|p2a: Overqwil|atk|2
|move|p1a: Gliscor|Spikes|p2a: Overqwil
|-sidestart|p2: tigercloud|Spikes
|
|upkeep
|turn|13
|
|t:|1757947866
|move|p2a: Overqwil|Liquidation|p1a: Gliscor
|-supereffective|p1a: Gliscor
|-damage|p1a: Gliscor|44/100 tox
|-damage|p2a: Overqwil|19/100|[from] item: Life Orb
|move|p1a: Gliscor|Earthquake|p2a: Overqwil
|-supereffective|p2a: Overqwil
|-damage|p2a: Overqwil|0 fnt
|faint|p2a: Overqwil
|
|-heal|p1a: Gliscor|57/100 tox|[from] ability: Poison Heal
|upkeep
|
|t:|1757947872
|switch|p2a: Eelektross|Eelektross, M, shiny|100/100
|-damage|p2a: Eelektross|88/100|[from] Stealth Rock
|turn|14
|
|t:|1757947886
|switch|p1a: Chesnaught|Chesnaught, M|100/100
|move|p2a: Eelektross|Coil|p2a: Eelektross
|-boost|p2a: Eelektross|atk|1
|-boost|p2a: Eelektross|def|1
|-boost|p2a: Eelektross|accuracy|1
|
|-heal|p2a: Eelektross|94/100|[from] item: Leftovers
|upkeep
|turn|15
|
|t:|1757947891
|move|p1a: Chesnaught|Leech Seed|p2a: Eelektross
|-start|p2a: Eelektross|move: Leech Seed
|move|p2a: Eelektross|Coil|p2a: Eelektross
|-boost|p2a: Eelektross|atk|1
|-boost|p2a: Eelektross|def|1
|-boost|p2a: Eelektross|accuracy|1
|
|-heal|p2a: Eelektross|100/100|[from] item: Leftovers
|-damage|p2a: Eelektross|88/100|[from] Leech Seed|[of] p1a: Chesnaught
|-sideend|p1: Newt 2099|Reflect
|upkeep
|turn|16
|
|t:|1757947898
|switch|p1a: Clefable|Clefable, F|100/100
|move|p2a: Eelektross|Supercell Slam|p1a: Clefable
|-damage|p1a: Clefable|42/100
|
|-heal|p2a: Eelektross|94/100|[from] item: Leftovers
|-damage|p2a: Eelektross|82/100|[from] Leech Seed|[of] p1a: Clefable
|-heal|p1a: Clefable|53/100|[silent]
|upkeep
|turn|17
|-message|tigercloud forfeited.
|
|win|Newt 2099
|raw|Newt 2099's rating: 1148 &rarr; <strong>1170</strong><br />(+22 for winning)
|raw|tigercloud's rating: 1108 &rarr; <strong>1086</strong><br />(-22 for losing)
|l|☆tigercloud
|player|p2|
|l|☆Newt 2099
|player|p1|
