|inactive|Battle timer is ON: inactive players will automatically lose when time's up.
|badge|p2|silver|gen9doublesou|30-6
|uhtml|medal-msg|<div class="broadcast-blue">Curious what those medals under the avatar are? PS now has Ladder Seasons! For more information, check out the <a href="https://www.smogon.com/forums/threads/3740067/">thread on Smogon.</a></div>
|t:|1757799307
|gametype|singles
|player|p1|longestbanana|#losjuegosdelazariv|
|player|p2|luisin|#luisin|
|gen|9
|tier|[Gen 9] OU
|rule|HP Percentage Mod: HP is shown in percentages
|rule|Endless Battle Clause: Forcing endless battles is banned
|rule|Species Clause: Limit one of each Pokémon
|rule|OHKO Clause: OHKO moves are banned
|rule|Evasion Items Clause: Evasion items are banned
|rule|Evasion Moves Clause: Evasion moves are banned
|rule|Evasion Abilities Clause: Evasion abilities are banned
|rule|Sleep Moves Clause: Sleep-inducing moves are banned
|clearpoke
|poke|p1|Kyurem|
|poke|p1|Cinderace, F|
|poke|p1|Tornadus-Therian, M|
|poke|p1|Hatterene, F|
|poke|p1|Great Tusk|
|poke|p1|Kingambit, F|
|poke|p2|Latios, M|
|poke|p2|Ting-Lu|
|poke|p2|Gholdengo|
|poke|p2|Rotom-Wash|
|poke|p2|Dragonite, M|
|poke|p2|Iron Valiant|
|teampreview
|c|☆luisin|hf
|inactive|longestbanana has 270 seconds left.
|inactive|luisin has 270 seconds left.
|c|+a daydream|Vamos luisin!!! Tu purdes!
|inactive|longestbanana has 240 seconds left.
|inactive|luisin has 240 seconds left.
|inactive|longestbanana has 210 seconds left.
|c|☆longestbanana|u2
|inactive|longestbanana has 180 seconds left.
|inactive|longestbanana has 150 seconds left.
|
|t:|1757799484
|teamsize|p1|6
|teamsize|p2|6
|start
|switch|p1a: agera 1|Kyurem|100/100
|switch|p2a: Latios|Latios, M|100/100
|-ability|p1a: agera 1|Pressure
|turn|1
|
|t:|1757799489
|move|p1a: agera 1|Protect|p1a: agera 1
|-singleturn|p1a: agera 1|Protect
|move|p2a: Latios|Draco Meteor|p1a: agera 1
|-activate|p1a: agera 1|move: Protect
|
|upkeep
|turn|2
|inactive|longestbanana has 180 seconds left.
|
|t:|1757799514
|switch|p2a: Gholdengo|Gholdengo|100/100
|-item|p2a: Gholdengo|Air Balloon
|switch|p1a: agera 3|Tornadus-Therian, M|100/100
|
|upkeep
|turn|3
|
|t:|1757799524
|move|p1a: agera 3|U-turn|p2a: Gholdengo
|-resisted|p2a: Gholdengo
|-damage|p2a: Gholdengo|98/100
|-enditem|p2a: Gholdengo|Air Balloon
|
|t:|1757799526
|switch|p1a: agera 4|Hatterene, F|100/100|[from] U-turn
|move|p2a: Gholdengo|Thunder Wave|p1a: agera 4
|move|p1a: agera 4|Thunder Wave|p2a: Gholdengo|[from] ability: Magic Bounce
|-immune|p2a: Gholdengo|[from] ability: Good as Gold
|
|upkeep
|turn|4
|inactive|longestbanana has 180 seconds left.
|inactive|longestbanana has 150 seconds left.
|
|t:|1757799580
|switch|p1a: agera 6|Kingambit, F|100/100
|move|p2a: Gholdengo|Thunder Wave|p1a: agera 6
|-status|p1a: agera 6|par
|
|upkeep
|turn|5
|inactive|longestbanana has 150 seconds left.
|inactive|longestbanana has 120 seconds left.
|
|t:|1757799627
|switch|p2a: Ting-Lu|Ting-Lu|100/100
|-ability|p2a: Ting-Lu|Vessel of Ruin
|-end|p1a: agera 6|fallenundefined|[silent]
|switch|p1a: agera 1|Kyurem|100/100
|-ability|p1a: agera 1|Pressure
|
|upkeep
|turn|6
|inactive|longestbanana has 120 seconds left.
|
|t:|1757799640
|move|p1a: agera 1|Freeze-Dry|p2a: Ting-Lu
|-supereffective|p2a: Ting-Lu
|-damage|p2a: Ting-Lu|57/100
|move|p2a: Ting-Lu|Earthquake|p1a: agera 1
|-damage|p1a: agera 1|53/100
|
|-heal|p1a: agera 1|59/100|[from] item: Leftovers
|-heal|p2a: Ting-Lu|64/100|[from] item: Leftovers
|upkeep
|turn|7
|
|t:|1757799658
|-terastallize|p2a: Ting-Lu|Poison
|move|p1a: agera 1|Freeze-Dry|p2a: Ting-Lu
|-damage|p2a: Ting-Lu|44/100
|move|p2a: Ting-Lu|Stealth Rock|p1a: agera 1
|-sidestart|p1: longestbanana|move: Stealth Rock
|
|-heal|p1a: agera 1|65/100|[from] item: Leftovers
|-heal|p2a: Ting-Lu|50/100|[from] item: Leftovers
|upkeep
|turn|8
|
|t:|1757799665
|move|p1a: agera 1|Earth Power|p2a: Ting-Lu
|-supereffective|p2a: Ting-Lu
|-damage|p2a: Ting-Lu|18/100
|move|p2a: Ting-Lu|Tera Blast|p1a: agera 1|[anim] Tera Blast Poison
|-damage|p1a: agera 1|29/100
|
|-heal|p1a: agera 1|35/100|[from] item: Leftovers
|-heal|p2a: Ting-Lu|24/100|[from] item: Leftovers
|upkeep
|turn|9
|
|t:|1757799676
|move|p1a: agera 1|Earth Power|p2a: Ting-Lu
|-supereffective|p2a: Ting-Lu
|-damage|p2a: Ting-Lu|0 fnt
|faint|p2a: Ting-Lu
|
|-heal|p1a: agera 1|42/100|[from] item: Leftovers
|upkeep
|
|t:|1757799680
|switch|p2a: Iron Valiant|Iron Valiant|100/100
|turn|10
|
|t:|1757799684
|move|p1a: agera 1|Protect|p1a: agera 1
|-singleturn|p1a: agera 1|Protect
|move|p2a: Iron Valiant|Moonblast|p1a: agera 1
|-activate|p1a: agera 1|move: Protect
|
|-heal|p1a: agera 1|48/100|[from] item: Leftovers
|upkeep
|turn|11
|inactive|longestbanana has 150 seconds left.
|
|t:|1757799696
|switch|p1a: agera 2|Cinderace, F|100/100
|move|p2a: Iron Valiant|Knock Off|p1a: agera 2
|-damage|p1a: agera 2|59/100
|-enditem|p1a: agera 2|Heavy-Duty Boots|[from] move: Knock Off|[of] p2a: Iron Valiant
|
|upkeep
|turn|12
|inactive|longestbanana has 150 seconds left.
|inactive|longestbanana has 120 seconds left.
|
|t:|1757799741
|move|p1a: agera 2|Pyro Ball|p2a: Iron Valiant
|-damage|p2a: Iron Valiant|28/100
|move|p2a: Iron Valiant|Close Combat|p1a: agera 2
|-damage|p1a: agera 2|0 fnt
|-unboost|p2a: Iron Valiant|def|1
|-unboost|p2a: Iron Valiant|spd|1
|faint|p1a: agera 2
|
|upkeep
|
|t:|1757799757
|switch|p1a: agera 3|Tornadus-Therian, M|100/100
|-damage|p1a: agera 3|76/100|[from] Stealth Rock
|turn|13
|
|t:|1757799765
|-end|p2a: Iron Valiant|Quark Drive|[silent]
|switch|p2a: Gholdengo|Gholdengo|98/100
|move|p1a: agera 3|U-turn|p2a: Gholdengo
|-resisted|p2a: Gholdengo
|-damage|p2a: Gholdengo|95/100
|
|t:|1757799771
|switch|p1a: agera 5|Great Tusk|100/100|[from] U-turn
|-damage|p1a: agera 5|98/100|[from] Stealth Rock
|
|upkeep
|turn|14
|
|t:|1757799800
|switch|p2a: Rotom|Rotom-Wash|100/100
|move|p1a: agera 5|Headlong Rush|p2a: Rotom
|-immune|p2a: Rotom|[from] ability: Levitate
|
|upkeep
|turn|15
|inactive|longestbanana has 90 seconds left.
|
|t:|1757799833
|move|p1a: agera 5|Rapid Spin|p2a: Rotom
|-damage|p2a: Rotom|86/100
|-boost|p1a: agera 5|spe|1
|-sideend|p1: longestbanana|Stealth Rock|[from] move: Rapid Spin|[of] p1a: agera 5
|move|p2a: Rotom|Hydro Pump|p1a: agera 5
|-supereffective|p1a: agera 5
|-damage|p1a: agera 5|0 fnt
|faint|p1a: agera 5
|-end|p1a: agera 5|Protosynthesis|[silent]
|
|-heal|p2a: Rotom|92/100|[from] item: Leftovers
|upkeep
|
|t:|1757799836
|switch|p1a: agera 1|Kyurem|48/100
|-ability|p1a: agera 1|Pressure
|turn|16
|
|t:|1757799846
|move|p1a: agera 1|Freeze-Dry|p2a: Rotom
|-supereffective|p2a: Rotom
|-damage|p2a: Rotom|17/100
|move|p2a: Rotom|Volt Switch|p1a: agera 1
|-resisted|p1a: agera 1
|-damage|p1a: agera 1|37/100
|
|t:|1757799849
|switch|p2a: Iron Valiant|Iron Valiant|28/100|[from] Volt Switch
|
|-heal|p1a: agera 1|43/100|[from] item: Leftovers
|upkeep
|turn|17
|
|t:|1757799854
|-end|p2a: Iron Valiant|Quark Drive|[silent]
|switch|p2a: Gholdengo|Gholdengo|95/100
|move|p1a: agera 1|Protect||[still]
|-fail|p1a: agera 1
|
|-heal|p1a: agera 1|49/100|[from] item: Leftovers
|upkeep
|turn|18
|
|t:|1757799861
|move|p1a: agera 1|Protect|p1a: agera 1
|-singleturn|p1a: agera 1|Protect
|move|p2a: Gholdengo|Make It Rain|p1a: agera 1
|-activate|p1a: agera 1|move: Protect
|
|-heal|p1a: agera 1|55/100|[from] item: Leftovers
|upkeep
|turn|19
|
|t:|1757799882
|switch|p1a: agera 6|Kingambit, F|100/100 par
|-activate|p1a: agera 6|ability: Supreme Overlord
|-start|p1a: agera 6|fallen2|[silent]
|switch|p2a: Iron Valiant|Iron Valiant|28/100
|
|upkeep
|turn|20
|
|t:|1757799886
|-end|p1a: agera 6|fallen2|[silent]
|switch|p1a: agera 3|Tornadus-Therian, M|100/100
|move|p2a: Iron Valiant|Knock Off|p1a: agera 3
|-damage|p1a: agera 3|68/100
|-enditem|p1a: agera 3|Assault Vest|[from] move: Knock Off|[of] p2a: Iron Valiant
|
|upkeep
|turn|21
|
|t:|1757799901
|-end|p2a: Iron Valiant|Quark Drive|[silent]
|switch|p2a: Gholdengo|Gholdengo|95/100
|move|p1a: agera 3|Bleakwind Storm|p2a: Gholdengo
|-resisted|p2a: Gholdengo
|-damage|p2a: Gholdengo|76/100
|
|upkeep
|turn|22
|
|t:|1757799910
|move|p1a: agera 3|U-turn|p2a: Gholdengo
|-resisted|p2a: Gholdengo
|-damage|p2a: Gholdengo|74/100
|
|t:|1757799913
|switch|p1a: agera 6|Kingambit, F|100/100 par|[from] U-turn
|-activate|p1a: agera 6|ability: Supreme Overlord
|-start|p1a: agera 6|fallen2|[silent]
|move|p2a: Gholdengo|Hex|p1a: agera 6
|-resisted|p1a: agera 6
|-damage|p1a: agera 6|70/100 par
|
|-heal|p1a: agera 6|77/100 par|[from] item: Leftovers
|upkeep
|turn|23
|
|t:|1757799917
|switch|p2a: Dragonite|Dragonite, M|100/100
|-end|p1a: agera 6|fallen2|[silent]
|switch|p1a: agera 3|Tornadus-Therian, M|100/100
|
|upkeep
|turn|24
|
|t:|1757799925
|switch|p2a: Gholdengo|Gholdengo|74/100
|move|p1a: agera 3|U-turn|p2a: Gholdengo
|-resisted|p2a: Gholdengo
|-damage|p2a: Gholdengo|71/100
|
|t:|1757799931
|switch|p1a: agera 1|Kyurem|55/100|[from] U-turn
|-ability|p1a: agera 1|Pressure
|
|-heal|p1a: agera 1|61/100|[from] item: Leftovers
|upkeep
|turn|25
|
|t:|1757799939
|switch|p2a: Latios|Latios, M|100/100
|move|p1a: agera 1|Protect||[still]
|-fail|p1a: agera 1
|
|-heal|p1a: agera 1|68/100|[from] item: Leftovers
|upkeep
|turn|26
|
|t:|1757799944
|switch|p2a: Iron Valiant|Iron Valiant|28/100
|move|p1a: agera 1|Protect||[still]
|-fail|p1a: agera 1
|
|-heal|p1a: agera 1|74/100|[from] item: Leftovers
|upkeep
|turn|27
|inactive|longestbanana has 150 seconds left.
|
|t:|1757799949
|move|p1a: agera 1|Protect|p1a: agera 1
|-singleturn|p1a: agera 1|Protect
|move|p2a: Iron Valiant|Moonblast|p1a: agera 1
|-activate|p1a: agera 1|move: Protect
|
|-heal|p1a: agera 1|80/100|[from] item: Leftovers
|upkeep
|turn|28
|
|t:|1757799956
|-end|p2a: Iron Valiant|Quark Drive|[silent]
|switch|p2a: Latios|Latios, M|100/100
|switch|p1a: agera 3|Tornadus-Therian, M|100/100
|
|upkeep
|turn|29
|
|t:|1757799969
|move|p2a: Latios|Trick|p1a: agera 3
|-activate|p2a: Latios|move: Trick|[of] p1a: agera 3
|-item|p1a: agera 3|Choice Scarf|[from] move: Trick
|-enditem|p2a: Latios|Choice Scarf|[silent]|[from] move: Trick
|move|p1a: agera 3|U-turn|p2a: Latios
|-supereffective|p2a: Latios
|-damage|p2a: Latios|61/100
|inactive|longestbanana has 150 seconds left.
|
|t:|1757799989
|switch|p1a: agera 6|Kingambit, F|77/100 par|[from] U-turn
|-activate|p1a: agera 6|ability: Supreme Overlord
|-start|p1a: agera 6|fallen2|[silent]
|
|-heal|p1a: agera 6|83/100 par|[from] item: Leftovers
|upkeep
|turn|30
|
|t:|1757799996
|move|p2a: Latios|Aura Sphere|p1a: agera 6
|-supereffective|p1a: agera 6
|-damage|p1a: agera 6|0 fnt
|faint|p1a: agera 6
|-end|p1a: agera 6|fallen2|[silent]
|
|upkeep
|inactive|longestbanana has 150 seconds left.
|
|t:|1757800017
|switch|p1a: agera 4|Hatterene, F|100/100
|turn|31
|inactive|longestbanana has 150 seconds left.
|
|t:|1757800035
|switch|p2a: Gholdengo|Gholdengo|71/100
|move|p1a: agera 4|Nuzzle|p2a: Gholdengo
|-damage|p2a: Gholdengo|68/100
|-status|p2a: Gholdengo|par
|
|upkeep
|turn|32
|
|t:|1757800043
|switch|p1a: agera 3|Tornadus-Therian, M|100/100
|cant|p2a: Gholdengo|par
|
|upkeep
|turn|33
|inactive|longestbanana has 150 seconds left.
|
|t:|1757800050
|move|p1a: agera 3|Heat Wave|p2a: Gholdengo
|-supereffective|p2a: Gholdengo
|-damage|p2a: Gholdengo|26/100 par
|move|p2a: Gholdengo|Make It Rain|p1a: agera 3
|-damage|p1a: agera 3|49/100
|-unboost|p2a: Gholdengo|spa|1
|
|upkeep
|turn|34
|inactive|longestbanana has 150 seconds left.
|
|t:|1757800073
|switch|p2a: Rotom|Rotom-Wash|17/100
|move|p1a: agera 3|Heat Wave|p2a: Rotom
|-resisted|p2a: Rotom
|-damage|p2a: Rotom|5/100
|
|-heal|p2a: Rotom|11/100|[from] item: Leftovers
|upkeep
|turn|35
|
|t:|1757800079
|switch|p2a: Latios|Latios, M|61/100
|move|p1a: agera 3|Heat Wave|p2a: Latios
|-resisted|p2a: Latios
|-damage|p2a: Latios|49/100
|
|upkeep
|turn|36
|inactive|longestbanana has 150 seconds left.
|
|t:|1757800094
|switch|p2a: Gholdengo|Gholdengo|26/100 par
|move|p1a: agera 3|Heat Wave|p2a: Gholdengo
|-supereffective|p2a: Gholdengo
|-damage|p2a: Gholdengo|0 fnt
|faint|p2a: Gholdengo
|
|upkeep
|
|t:|1757800100
|switch|p2a: Latios|Latios, M|49/100
|turn|37
|
|t:|1757800107
|switch|p1a: agera 4|Hatterene, F|100/100
|move|p2a: Latios|Luster Purge|p1a: agera 4
|-resisted|p1a: agera 4
|-damage|p1a: agera 4|73/100
|-unboost|p1a: agera 4|spd|1
|
|upkeep
|turn|38
|
|t:|1757800114
|switch|p2a: Rotom|Rotom-Wash|11/100
|move|p1a: agera 4|Draining Kiss|p2a: Rotom
|-damage|p2a: Rotom|0 fnt
|-heal|p1a: agera 4|81/100|[from] drain|[of] p2a: Rotom
|faint|p2a: Rotom
|
|upkeep
|
|t:|1757800119
|switch|p2a: Iron Valiant|Iron Valiant|28/100
|turn|39
|
|t:|1757800127
|switch|p1a: agera 3|Tornadus-Therian, M|83/100
|move|p2a: Iron Valiant|Moonblast|p1a: agera 3
|-damage|p1a: agera 3|36/100
|-unboost|p1a: agera 3|spa|1
|
|upkeep
|turn|40
|inactive|longestbanana has 180 seconds left.
|
|t:|1757800137
|-end|p2a: Iron Valiant|Quark Drive|[silent]
|switch|p2a: Dragonite|Dragonite, M|100/100
|move|p1a: agera 3|Bleakwind Storm|p2a: Dragonite
|-damage|p2a: Dragonite|90/100
|
|upkeep
|turn|41
|
|t:|1757800145
|switch|p1a: agera 4|Hatterene, F|81/100
|move|p2a: Dragonite|Earthquake|p1a: agera 4
|-damage|p1a: agera 4|49/100
|
|upkeep
|turn|42
|
|t:|1757800159
|move|p2a: Dragonite|Earthquake|p1a: agera 4
|-damage|p1a: agera 4|18/100
|move|p1a: agera 4|Draining Kiss|p2a: Dragonite
|-supereffective|p2a: Dragonite
|-damage|p2a: Dragonite|49/100
|-heal|p1a: agera 4|55/100|[from] drain|[of] p2a: Dragonite
|
|upkeep
|turn|43
|
|t:|1757800175
|switch|p1a: agera 1|Kyurem|80/100
|-ability|p1a: agera 1|Pressure
|move|p2a: Dragonite|Earthquake|p1a: agera 1
|-damage|p1a: agera 1|47/100
|
|-heal|p1a: agera 1|53/100|[from] item: Leftovers
|upkeep
|turn|44
|
|t:|1757800181
|switch|p2a: Latios|Latios, M|49/100
|move|p1a: agera 1|Freeze-Dry|p2a: Latios
|-supereffective|p2a: Latios
|-damage|p2a: Latios|0 fnt
|faint|p2a: Latios
|
|-heal|p1a: agera 1|59/100|[from] item: Leftovers
|upkeep
|
|t:|1757800183
|switch|p2a: Iron Valiant|Iron Valiant|28/100
|turn|45
|inactive|longestbanana has 180 seconds left.
|inactive|longestbanana has 150 seconds left.
|
|t:|1757800245
|move|p1a: agera 1|Protect|p1a: agera 1
|-singleturn|p1a: agera 1|Protect
|move|p2a: Iron Valiant|Knock Off|p1a: agera 1
|-activate|p1a: agera 1|move: Protect
|
|-heal|p1a: agera 1|66/100|[from] item: Leftovers
|upkeep
|turn|46
|
|t:|1757800251
|switch|p1a: agera 3|Tornadus-Therian, M|70/100
|move|p2a: Iron Valiant|Moonblast|p1a: agera 3
|-damage|p1a: agera 3|21/100
|
|upkeep
|turn|47
|inactive|longestbanana has 150 seconds left.
|
|t:|1757800268
|-end|p2a: Iron Valiant|Quark Drive|[silent]
|switch|p2a: Dragonite|Dragonite, M|49/100
|move|p1a: agera 3|Bleakwind Storm|p2a: Dragonite
|-damage|p2a: Dragonite|18/100
|
|upkeep
|turn|48
|inactive|longestbanana has 150 seconds left.
|inactive|longestbanana has 120 seconds left.
|
|t:|1757800324
|switch|p1a: agera 4|Hatterene, F|55/100
|switch|p2a: Iron Valiant|Iron Valiant|28/100
|
|upkeep
|turn|49
|
|t:|1757800333
|move|p2a: Iron Valiant|Moonblast|p1a: agera 4
|-damage|p1a: agera 4|10/100
|move|p1a: agera 4|Draining Kiss|p2a: Iron Valiant
|-supereffective|p2a: Iron Valiant
|-damage|p2a: Iron Valiant|0 fnt
|-heal|p1a: agera 4|28/100|[from] drain|[of] p2a: Iron Valiant
|faint|p2a: Iron Valiant
|-end|p2a: Iron Valiant|Quark Drive|[silent]
|
|upkeep
|
|t:|1757800336
|switch|p2a: Dragonite|Dragonite, M|18/100
|turn|50
|inactive|longestbanana has 120 seconds left.
|
|t:|1757800343
|move|p2a: Dragonite|Earthquake|p1a: agera 4
|-damage|p1a: agera 4|0 fnt
|faint|p1a: agera 4
|
|upkeep
|
|t:|1757800345
|switch|p1a: agera 1|Kyurem|66/100
|-ability|p1a: agera 1|Pressure
|turn|51
|
|t:|1757800349
|move|p2a: Dragonite|Extreme Speed|p1a: agera 1
|-damage|p1a: agera 1|37/100
|move|p1a: agera 1|Freeze-Dry|p2a: Dragonite
|-supereffective|p2a: Dragonite
|-damage|p2a: Dragonite|0 fnt
|faint|p2a: Dragonite
|
|win|longestbanana
|c|☆luisin|gg
|c|☆longestbanana|gg
|player|p2|
