|j|☆arriot
|j|☆weenux
|t:|1757842755
|gametype|singles
|player|p1|arriot|caitlin|1357
|player|p2|weenux|steven|1324
|gen|9
|tier|[Gen 9] OU
|rated|
|rule|HP Percentage Mod: HP is shown in percentages
|rule|Endless Battle Clause: Forcing endless battles is banned
|rule|Species Clause: Limit one of each Pokémon
|rule|OHKO Clause: OHKO moves are banned
|rule|Evasion Items Clause: Evasion items are banned
|rule|Evasion Moves Clause: Evasion moves are banned
|rule|Evasion Abilities Clause: Evasion abilities are banned
|rule|Sleep Moves Clause: Sleep-inducing moves are banned
|clearpoke
|poke|p1|Torkoal, F|
|poke|p1|Charizard, M|
|poke|p1|Scovillain, M|
|poke|p1|Whimsicott, M|
|poke|p1|Brute Bonnet|
|poke|p1|Hattrem, F|
|poke|p2|Cinderace, F|
|poke|p2|Gliscor, F|
|poke|p2|Gholdengo|
|poke|p2|Great Tusk|
|poke|p2|Ogerpon-Wellspring, F|
|poke|p2|Hydrapple, M|
|teampreview
|inactive|Battle timer is ON: inactive players will automatically lose when time's up. (requested by weenux)
|inactive|arriot has 120 seconds left.
|inactive|arriot has 90 seconds left.
|
|t:|1757842839
|teamsize|p1|6
|teamsize|p2|6
|start
|switch|p1a: Torkoal|Torkoal, F|100/100
|switch|p2a: Emperor|Gliscor, F|100/100
|-weather|SunnyDay|[from] ability: Drought|[of] p1a: Torkoal
|turn|1
|
|t:|1757842856
|switch|p1a: Hattrem|Hattrem, F|100/100
|move|p2a: Emperor|Earthquake|p1a: Hattrem
|-damage|p1a: Hattrem|54/100
|-enditem|p1a: Hattrem|Eject Button
|
|t:|1757842863
|switch|p1a: Charizard|Charizard, M|100/100
|
|-weather|SunnyDay|[upkeep]
|-damage|p1a: Charizard|88/100|[from] ability: Solar Power|[of] p1a: Charizard
|-status|p2a: Emperor|tox|[from] item: Toxic Orb
|upkeep
|turn|2
|
|t:|1757842873
|move|p1a: Charizard|Weather Ball|p2a: Emperor
|-damage|p2a: Emperor|0 fnt
|faint|p2a: Emperor
|
|-weather|SunnyDay|[upkeep]
|-damage|p1a: Charizard|76/100|[from] ability: Solar Power|[of] p1a: Charizard
|upkeep
|
|t:|1757842880
|switch|p2a: Slim Shady|Ogerpon-Wellspring, F|100/100
|turn|3
|
|t:|1757842888
|switch|p1a: Brute Bonnet|Brute Bonnet|100/100
|-activate|p1a: Brute Bonnet|ability: Protosynthesis
|-start|p1a: Brute Bonnet|protosynthesisatk
|move|p2a: Slim Shady|Knock Off|p1a: Brute Bonnet
|-resisted|p1a: Brute Bonnet
|-damage|p1a: Brute Bonnet|81/100
|-enditem|p1a: Brute Bonnet|Choice Band|[from] move: Knock Off|[of] p2a: Slim Shady
|
|-weather|SunnyDay|[upkeep]
|upkeep
|turn|4
|
|t:|1757842906
|move|p2a: Slim Shady|U-turn|p1a: Brute Bonnet
|-supereffective|p1a: Brute Bonnet
|-damage|p1a: Brute Bonnet|0 fnt
|faint|p1a: Brute Bonnet
|-end|p1a: Brute Bonnet|Protosynthesis|[silent]
|
|t:|1757842912
|switch|p2a: Egoist|Cinderace, F|100/100|[from] U-turn
|
|-weather|SunnyDay|[upkeep]
|upkeep
|
|t:|1757842918
|switch|p1a: Scovillain|Scovillain, M|100/100
|turn|5
|
|t:|1757842925
|move|p1a: Scovillain|Fire Blast|p2a: Egoist
|-resisted|p2a: Egoist
|-damage|p2a: Egoist|28/100
|-damage|p1a: Scovillain|91/100|[from] item: Life Orb
|move|p2a: Egoist|Pyro Ball|p1a: Scovillain
|-damage|p1a: Scovillain|0 fnt
|faint|p1a: Scovillain
|
|-weather|SunnyDay|[upkeep]
|upkeep
|-message|arriot forfeited.
|
|win|weenux
|raw|arriot's rating: 1357 &rarr; <strong>1335</strong><br />(-22 for losing)
|raw|weenux's rating: 1324 &rarr; <strong>1346</strong><br />(+22 for winning)
|l|☆weenux
|player|p2|
