|j|☆xcv 4
|j|☆burning showman
|t:|1757863113
|gametype|singles
|player|p1|xcv 4|acetrainer-gen4dp|
|player|p2|burning showman|falkner|
|gen|9
|tier|[Gen 9] OU
|rated|Tournament battle
|rule|HP Percentage Mod: HP is shown in percentages
|rule|Endless Battle Clause: Forcing endless battles is banned
|rule|Species Clause: Limit one of each Pokémon
|rule|OHKO Clause: OHKO moves are banned
|rule|Evasion Items Clause: Evasion items are banned
|rule|Evasion Moves Clause: Evasion moves are banned
|rule|Evasion Abilities Clause: Evasion abilities are banned
|rule|Sleep Moves Clause: Sleep-inducing moves are banned
|raw|<div class="infobox"><details class="readmore"><summary><strong>16 custom rules:</strong></summary> +nonexistent, !obtainable, +fluttermane, -zamazenta, +chienpao, +magearna, +annihilape, +archaludon, +chiyu, +gougingfire, +ironbundle, +roaringmoon, +sneasler, +ogerponhearthflame, +urshifu, +urshifurapidstrike</details></div>
|clearpoke
|poke|p1|Landorus-Therian|
|poke|p1|Great Tusk|
|poke|p1|Ogerpon-Wellspring, F|
|poke|p1|Kingambit|
|poke|p1|Slowking-Galar|
|poke|p1|Raging Bolt|
|poke|p2|Hoopa-Unbound|
|poke|p2|Moltres-Galar|
|poke|p2|Gouging Fire|
|poke|p2|Slowking-Galar|
|poke|p2|Iron Valiant|
|poke|p2|Alomomola|
|teampreview
|inactive|Battle timer is ON: inactive players will automatically lose when time's up. (requested by xcv 4)
|inactive|burning showman also wants the timer to be on.
|j| Uber45
|j|+Allan2004
|c|☆burning showman|Hf'
|j|+palapapop
|j| truc12345
|
|t:|1757863132
|teamsize|p1|6
|teamsize|p2|6
|start
|switch|p1a: Landorus|Landorus-Therian|100/100
|switch|p2a: Iron Valiant|Iron Valiant|100/100
|-ability|p2a: Iron Valiant|Sword of Ruin
|turn|1
|
|t:|1757863142
|switch|p1a: Slowking|Slowking-Galar|100/100
|move|p2a: Iron Valiant|Icicle Crash|p1a: Slowking
|-damage|p1a: Slowking|64/100
|
|upkeep
|turn|2
|j| Ykima
|
|t:|1757863152
|switch|p2a: Slowking|Slowking-Galar|100/100
|move|p1a: Slowking|Sludge Bomb|p2a: Slowking
|-resisted|p2a: Slowking
|-crit|p2a: Slowking
|-damage|p2a: Slowking|83/100
|
|upkeep
|turn|3
|l| Ykima
|c|☆burning showman|Je suis même pas sûr que lando ait le moindre talent qui ne se voie pas sur le switch
|c|☆burning showman|Mais admettons
|
|t:|1757863181
|switch|p1a: Landorus|Landorus-Therian|100/100
|move|p2a: Slowking|Ceaseless Edge|p1a: Landorus
|-damage|p1a: Landorus|90/100
|-damage|p2a: Slowking|67/100|[from] item: Rocky Helmet|[of] p1a: Landorus
|-sidestart|p1: xcv 4|Spikes
|
|upkeep
|turn|4
|
|t:|1757863188
|switch|p2a: Alomomola|Alomomola|100/100
|move|p1a: Landorus|Earth Power|p2a: Alomomola
|-damage|p2a: Alomomola|65/100
|
|upkeep
|turn|5
|
|t:|1757863196
|move|p1a: Landorus|Stealth Rock|p2a: Alomomola
|-sidestart|p2: burning showman|move: Stealth Rock
|move|p2a: Alomomola|Flip Turn|p1a: Landorus
|-supereffective|p1a: Landorus
|-damage|p1a: Landorus|56/100
|-damage|p2a: Alomomola|48/100|[from] item: Rocky Helmet|[of] p1a: Landorus
|c|+palapapop|supreme overlord
|
|t:|1757863205
|switch|p2a: Iron Valiant|Iron Valiant|100/100|[from] Flip Turn
|-damage|p2a: Iron Valiant|94/100|[from] Stealth Rock
|-ability|p2a: Iron Valiant|Sword of Ruin
|
|upkeep
|turn|6
|
|t:|1757863229
|switch|p1a: Slowking|Slowking-Galar|98/100
|-damage|p1a: Slowking|85/100|[from] Spikes
|move|p2a: Iron Valiant|Icicle Crash|p1a: Slowking
|-damage|p1a: Slowking|49/100
|
|upkeep
|turn|7
|c|+palapapop|après faut dire aussi que intimidate est un très bon talent qui fait une grande partie de lando
|
|t:|1757863241
|switch|p2a: Slowking|Slowking-Galar|99/100
|move|p1a: Slowking|Future Sight|p2a: Slowking
|-start|p1a: Slowking|move: Future Sight
|
|upkeep
|turn|8
|
|t:|1757863251
|switch|p1a: Great Tusk|Great Tusk|100/100
|-damage|p1a: Great Tusk|88/100|[from] Spikes
|-prepare|p2a: Slowking|Chilly Reception|[premajor]
|move|p2a: Slowking|Chilly Reception|p2a: Slowking
|-weather|Snowscape
|c|☆burning showman|Ouais c'est ça ou NGas normalement
|
|t:|1757863273
|switch|p2a: Alomomola|Alomomola|81/100|[from] Chilly Reception
|-damage|p2a: Alomomola|69/100|[from] Stealth Rock
|
|-weather|Snowscape|[upkeep]
|upkeep
|turn|9
|
|t:|1757863278
|move|p1a: Great Tusk|Headlong Rush|p2a: Alomomola
|-damage|p2a: Alomomola|43/100
|-unboost|p1a: Great Tusk|def|1
|-unboost|p1a: Great Tusk|spd|1
|move|p2a: Alomomola|Wish|p2a: Alomomola
|
|-weather|Snowscape|[upkeep]
|-end|p2a: Alomomola|move: Future Sight
|-damage|p2a: Alomomola|0 fnt
|faint|p2a: Alomomola
|upkeep
|
|t:|1757863287
|switch|p2a: Iron Valiant|Iron Valiant|94/100
|-damage|p2a: Iron Valiant|88/100|[from] Stealth Rock
|-ability|p2a: Iron Valiant|Sword of Ruin
|turn|10
|
|t:|1757863295
|-end|p1a: Great Tusk|Protosynthesis|[silent]
|switch|p1a: Slowking|Slowking-Galar|82/100
|-damage|p1a: Slowking|70/100|[from] Spikes
|move|p2a: Iron Valiant|Spirit Break|p1a: Slowking
|-resisted|p1a: Slowking
|-damage|p1a: Slowking|47/100
|-unboost|p1a: Slowking|spa|1
|
|-weather|Snowscape|[upkeep]
|-heal|p2a: Iron Valiant|100/100|[from] move: Wish|[wisher] Alomomola
|upkeep
|turn|11
|
|t:|1757863303
|switch|p2a: Slowking|Slowking-Galar|100/100
|move|p1a: Slowking|Future Sight|p2a: Slowking
|-start|p1a: Slowking|move: Future Sight
|
|-weather|Snowscape|[upkeep]
|upkeep
|turn|12
|
|t:|1757863308
|switch|p1a: Landorus|Landorus-Therian|89/100
|move|p2a: Slowking|Ceaseless Edge|p1a: Landorus
|-damage|p1a: Landorus|79/100
|-damage|p2a: Slowking|84/100|[from] item: Rocky Helmet|[of] p1a: Landorus
|-sidestart|p1: xcv 4|Spikes
|
|-weather|none
|upkeep
|turn|13
|
|t:|1757863313
|switch|p2a: Moltres|Moltres-Galar|100/100
|-damage|p2a: Moltres|76/100|[from] Stealth Rock
|move|p1a: Landorus|Earth Power|p2a: Moltres
|-immune|p2a: Moltres
|
|-end|p2a: Moltres|move: Future Sight
|-immune|p2a: Moltres
|upkeep
|turn|14
|
|t:|1757863318
|move|p1a: Landorus|U-turn|p2a: Moltres
|-damage|p2a: Moltres|55/100
|
|t:|1757863320
|switch|p1a: Great Tusk|Great Tusk|88/100|[from] U-turn
|-damage|p1a: Great Tusk|71/100|[from] Spikes
|move|p2a: Moltres|Oblivion Wing|p1a: Great Tusk
|-supereffective|p1a: Great Tusk
|-damage|p1a: Great Tusk|0 fnt
|-heal|p2a: Moltres|100/100|[from] drain|[of] p1a: Great Tusk
|faint|p1a: Great Tusk
|-end|p1a: Great Tusk|Protosynthesis|[silent]
|
|upkeep
|
|t:|1757863322
|switch|p1a: Raging Bolt|Raging Bolt|100/100
|-damage|p1a: Raging Bolt|84/100|[from] Spikes
|-enditem|p1a: Raging Bolt|Booster Energy
|-activate|p1a: Raging Bolt|ability: Protosynthesis|[fromitem]
|-start|p1a: Raging Bolt|protosynthesisspa
|turn|15
|
|t:|1757863331
|move|p1a: Raging Bolt|Thunderbolt|p2a: Moltres
|-ability|p2a: Moltres|Lightning Rod|boost
|-boost|p2a: Moltres|spa|1
|move|p2a: Moltres|Core Enforcer|p1a: Raging Bolt
|-supereffective|p1a: Raging Bolt
|-damage|p1a: Raging Bolt|22/100
|-endability|p1a: Raging Bolt
|-end|p1a: Raging Bolt|Protosynthesis|[silent]
|
|upkeep
|turn|16
|j|@Giga㋛Chandelure-☂
|
|t:|1757863357
|move|p1a: Raging Bolt|Dragon Pulse|p2a: Moltres
|-damage|p2a: Moltres|82/100
|move|p2a: Moltres|Core Enforcer|p1a: Raging Bolt
|-supereffective|p1a: Raging Bolt
|-damage|p1a: Raging Bolt|0 fnt
|faint|p1a: Raging Bolt
|-end|p1a: Raging Bolt|Protosynthesis|[silent]
|
|upkeep
|
|t:|1757863362
|switch|p1a: Kingambit|Kingambit|100/100
|-damage|p1a: Kingambit|84/100|[from] Spikes
|-activate|p1a: Kingambit|ability: Supreme Overlord
|-start|p1a: Kingambit|fallen2|[silent]
|turn|17
|
|t:|1757863367
|switch|p2a: Gouging Fire|Gouging Fire|100/100
|move|p1a: Kingambit|Swords Dance|p1a: Kingambit
|-boost|p1a: Kingambit|atk|2
|
|-heal|p1a: Kingambit|90/100|[from] item: Leftovers
|upkeep
|turn|18
|
|t:|1757863375
|-terastallize|p1a: Kingambit|Dark
|move|p2a: Gouging Fire|Bitter Blade|p1a: Kingambit
|-damage|p1a: Kingambit|56/100
|move|p1a: Kingambit|Kowtow Cleave|p2a: Gouging Fire
|-damage|p2a: Gouging Fire|0 fnt
|faint|p2a: Gouging Fire
|
|-heal|p1a: Kingambit|62/100|[from] item: Leftovers
|upkeep
|
|t:|1757863384
|switch|p2a: Iron Valiant|Iron Valiant|100/100
|-damage|p2a: Iron Valiant|94/100|[from] Stealth Rock
|-ability|p2a: Iron Valiant|Sword of Ruin
|turn|19
|
|t:|1757863390
|-end|p1a: Kingambit|fallen2|[silent]
|switch|p1a: Landorus|Landorus-Therian|100/100
|move|p2a: Iron Valiant|Spirit Break|p1a: Landorus
|-damage|p1a: Landorus|47/100
|-unboost|p1a: Landorus|spa|1
|-damage|p2a: Iron Valiant|78/100|[from] item: Rocky Helmet|[of] p1a: Landorus
|
|upkeep
|turn|20
|
|t:|1757863399
|move|p2a: Iron Valiant|Spirit Break|p1a: Landorus
|-damage|p1a: Landorus|0 fnt
|-damage|p2a: Iron Valiant|61/100|[from] item: Rocky Helmet|[of] p1a: Landorus
|faint|p1a: Landorus
|
|upkeep
|
|t:|1757863403
|switch|p1a: Ogerpon|Ogerpon-Wellspring, F|100/100
|-damage|p1a: Ogerpon|84/100|[from] Spikes
|turn|21
|
|t:|1757863406
|move|p2a: Iron Valiant|Spirit Break|p1a: Ogerpon
|-damage|p1a: Ogerpon|14/100
|-unboost|p1a: Ogerpon|spa|1
|move|p1a: Ogerpon|Ivy Cudgel|p2a: Iron Valiant|[anim] Ivy Cudgel Water
|-damage|p2a: Iron Valiant|0 fnt
|faint|p2a: Iron Valiant
|
|upkeep
|
|t:|1757863414
|switch|p2a: Slowking|Slowking-Galar|100/100
|turn|22
|
|t:|1757863427
|switch|p1a: Slowking|Slowking-Galar|80/100
|-damage|p1a: Slowking|64/100|[from] Spikes
|move|p2a: Slowking|Spectral Thief|p1a: Slowking
|-supereffective|p1a: Slowking
|-damage|p1a: Slowking|36/100
|
|upkeep
|turn|23
|
|t:|1757863435
|move|p1a: Slowking|Future Sight|p2a: Slowking
|-start|p1a: Slowking|move: Future Sight
|move|p2a: Slowking|Ceaseless Edge|p1a: Slowking
|-supereffective|p1a: Slowking
|-damage|p1a: Slowking|18/100
|-sidestart|p1: xcv 4|Spikes
|
|upkeep
|turn|24
|
|t:|1757863443
|-prepare|p2a: Slowking|Chilly Reception|[premajor]
|move|p2a: Slowking|Chilly Reception|p2a: Slowking
|-weather|Snowscape
|
|t:|1757863446
|switch|p2a: Moltres|Moltres-Galar|82/100|[from] Chilly Reception
|-damage|p2a: Moltres|57/100|[from] Stealth Rock
|move|p1a: Slowking|Psyshock|p2a: Moltres
|-immune|p2a: Moltres
|
|-weather|Snowscape|[upkeep]
|upkeep
|turn|25
|
|t:|1757863455
|move|p2a: Moltres|Oblivion Wing|p1a: Slowking
|-damage|p1a: Slowking|3/100
|-heal|p2a: Moltres|68/100|[from] drain|[of] p1a: Slowking
|move|p1a: Slowking|Sludge Bomb|p2a: Moltres
|-damage|p2a: Moltres|52/100
|-status|p2a: Moltres|psn
|
|-weather|Snowscape|[upkeep]
|-end|p2a: Moltres|move: Future Sight
|-immune|p2a: Moltres
|-damage|p2a: Moltres|40/100 psn|[from] psn
|upkeep
|turn|26
|inactive|xcv 4 has 120 seconds left.
|
|t:|1757863488
|switch|p1a: Ogerpon|Ogerpon-Wellspring, F|14/100
|-damage|p1a: Ogerpon|0 fnt|[from] Spikes
|faint|p1a: Ogerpon
|move|p2a: Moltres|Sparkly Swirl|p1: Ogerpon|[notarget]
|-fail|p2a: Moltres
|
|-weather|Snowscape|[upkeep]
|-damage|p2a: Moltres|28/100 psn|[from] psn
|upkeep
|
|t:|1757863491
|switch|p1a: Kingambit|Kingambit, tera:Dark|62/100
|-damage|p1a: Kingambit|37/100|[from] Spikes
|-activate|p1a: Kingambit|ability: Supreme Overlord
|-start|p1a: Kingambit|fallen4|[silent]
|turn|27
|
|t:|1757863496
|move|p1a: Kingambit|Sucker Punch|p2a: Moltres
|-resisted|p2a: Moltres
|-damage|p2a: Moltres|0 fnt
|faint|p2a: Moltres
|
|-weather|Snowscape|[upkeep]
|-heal|p1a: Kingambit|43/100|[from] item: Leftovers
|upkeep
|
|t:|1757863498
|switch|p2a: Hoopa|Hoopa-Unbound|100/100
|-damage|p2a: Hoopa|88/100|[from] Stealth Rock
|-fieldstart|move: Psychic Terrain|[from] ability: Psychic Surge|[of] p2a: Hoopa
|turn|28
|
|t:|1757863507
|move|p2a: Hoopa|Thunderbolt|p1a: Kingambit
|-damage|p1a: Kingambit|0 fnt
|faint|p1a: Kingambit
|-end|p1a: Kingambit|fallen4|[silent]
|
|-weather|none
|upkeep
|
|t:|1757863509
|switch|p1a: Slowking|Slowking-Galar|36/100
|-damage|p1a: Slowking|11/100|[from] Spikes
|turn|29
|
|t:|1757863511
|move|p2a: Hoopa|Thunderbolt|p1a: Slowking
|-damage|p1a: Slowking|0 fnt
|faint|p1a: Slowking
|
|win|burning showman
|n|☆xcv 4|xcv4
|n|☆burning showman|burningshowman
|n| Uber45|uber45
|n| Allan2004|allan2004
|n|+palapapop|palapapop
|n| truc12345|truc12345
|n| Giga㋛Chandelure-☂|gigachandelure
|l|+palapapop
|c|☆burning showman|gg
|l|☆xcv 4
|player|p1|
|l|☆burning showman
|player|p2|
|j| sulfura152
|l| sulfura152
|l| Allan2004
|l| Uber45
|l| truc12345
