|j|☆LEITDOLONG
|j|☆callooee
|t:|1757808715
|gametype|singles
|player|p1|LEITDOLONG|ethan|1254
|player|p2|callooee|elesa|1249
|gen|9
|tier|[Gen 9] OU
|rated|
|rule|HP Percentage Mod: HP is shown in percentages
|rule|Endless Battle Clause: Forcing endless battles is banned
|rule|Species Clause: Limit one of each Pokémon
|rule|OHKO Clause: OHKO moves are banned
|rule|Evasion Items Clause: Evasion items are banned
|rule|Evasion Moves Clause: Evasion moves are banned
|rule|Evasion Abilities Clause: Evasion abilities are banned
|rule|Sleep Moves Clause: Sleep-inducing moves are banned
|clearpoke
|poke|p1|Araquanid, M|
|poke|p1|Lokix, M|
|poke|p1|Great Tusk|
|poke|p1|Raging Bolt|
|poke|p1|Alomomola, M|
|poke|p1|Iron Crown|
|poke|p2|Alomomola, F|
|poke|p2|Kyurem|
|poke|p2|Landorus-Therian, M|
|poke|p2|Samurott-Hisui, F|
|poke|p2|Iron Crown|
|poke|p2|Iron Moth|
|teampreview
|inactive|Battle timer is ON: inactive players will automatically lose when time's up. (requested by LEITDOLONG)
|
|t:|1757808738
|teamsize|p1|6
|teamsize|p2|6
|start
|switch|p1a: Araquanid|Araquanid, M|100/100
|switch|p2a: Kyurem|Kyurem|100/100
|-ability|p2a: Kyurem|Pressure
|turn|1
|
|t:|1757808746
|move|p2a: Kyurem|Freeze-Dry|p1a: Araquanid
|-supereffective|p1a: Araquanid
|-damage|p1a: Araquanid|46/100
|move|p1a: Araquanid|Mirror Coat|p2a: Kyurem
|-damage|p2a: Kyurem|5/100
|
|upkeep
|turn|2
|
|t:|1757808753
|move|p2a: Kyurem|Freeze-Dry|p1a: Araquanid
|-supereffective|p1a: Araquanid
|-damage|p1a: Araquanid|0 fnt
|faint|p1a: Araquanid
|
|upkeep
|
|t:|1757808755
|switch|p1a: Iron Crown|Iron Crown|100/100
|turn|3
|
|t:|1757808763
|move|p2a: Kyurem|Draco Meteor|p1a: Iron Crown
|-resisted|p1a: Iron Crown
|-damage|p1a: Iron Crown|69/100
|-unboost|p2a: Kyurem|spa|2
|move|p1a: Iron Crown|Calm Mind|p1a: Iron Crown
|-boost|p1a: Iron Crown|spa|1
|-boost|p1a: Iron Crown|spd|1
|
|-heal|p1a: Iron Crown|75/100|[from] item: Leftovers
|upkeep
|turn|4
|
|t:|1757808769
|move|p2a: Kyurem|Earth Power|p1a: Iron Crown
|-supereffective|p1a: Iron Crown
|-damage|p1a: Iron Crown|53/100
|move|p1a: Iron Crown|Calm Mind|p1a: Iron Crown
|-boost|p1a: Iron Crown|spa|1
|-boost|p1a: Iron Crown|spd|1
|
|-heal|p1a: Iron Crown|59/100|[from] item: Leftovers
|upkeep
|turn|5
|c|☆callooee|uh oh
|
|t:|1757808777
|move|p2a: Kyurem|Ice Beam|p1a: Iron Crown
|-resisted|p1a: Iron Crown
|-damage|p1a: Iron Crown|53/100
|move|p1a: Iron Crown|Agility|p1a: Iron Crown
|-boost|p1a: Iron Crown|spe|2
|
|-heal|p1a: Iron Crown|59/100|[from] item: Leftovers
|upkeep
|turn|6
|
|t:|1757808783
|move|p1a: Iron Crown|Calm Mind|p1a: Iron Crown
|-boost|p1a: Iron Crown|spa|1
|-boost|p1a: Iron Crown|spd|1
|move|p2a: Kyurem|Earth Power|p1a: Iron Crown
|-supereffective|p1a: Iron Crown
|-damage|p1a: Iron Crown|46/100
|
|-heal|p1a: Iron Crown|53/100|[from] item: Leftovers
|upkeep
|turn|7
|
|t:|1757808786
|move|p1a: Iron Crown|Calm Mind|p1a: Iron Crown
|-boost|p1a: Iron Crown|spa|1
|-boost|p1a: Iron Crown|spd|1
|move|p2a: Kyurem|Ice Beam|p1a: Iron Crown
|-resisted|p1a: Iron Crown
|-damage|p1a: Iron Crown|49/100
|
|-heal|p1a: Iron Crown|55/100|[from] item: Leftovers
|upkeep
|turn|8
|
|t:|1757808788
|move|p1a: Iron Crown|Calm Mind|p1a: Iron Crown
|-boost|p1a: Iron Crown|spa|1
|-boost|p1a: Iron Crown|spd|1
|move|p2a: Kyurem|Ice Beam|p1a: Iron Crown
|-resisted|p1a: Iron Crown
|-damage|p1a: Iron Crown|52/100
|
|-heal|p1a: Iron Crown|58/100|[from] item: Leftovers
|upkeep
|turn|9
|
|t:|1757808791
|move|p1a: Iron Crown|Calm Mind|p1a: Iron Crown
|-boost|p1a: Iron Crown|spa|1
|-boost|p1a: Iron Crown|spd|1
|move|p2a: Kyurem|Ice Beam|p1a: Iron Crown
|-resisted|p1a: Iron Crown
|-damage|p1a: Iron Crown|55/100
|
|-heal|p1a: Iron Crown|61/100|[from] item: Leftovers
|upkeep
|turn|10
|
|t:|1757808794
|move|p1a: Iron Crown|Agility|p1a: Iron Crown
|-boost|p1a: Iron Crown|spe|2
|move|p2a: Kyurem|Ice Beam|p1a: Iron Crown
|-resisted|p1a: Iron Crown
|-damage|p1a: Iron Crown|58/100
|
|-heal|p1a: Iron Crown|64/100|[from] item: Leftovers
|upkeep
|turn|11
|
|t:|1757808797
|move|p1a: Iron Crown|Agility|p1a: Iron Crown
|-boost|p1a: Iron Crown|spe|2
|move|p2a: Kyurem|Ice Beam|p1a: Iron Crown
|-resisted|p1a: Iron Crown
|-damage|p1a: Iron Crown|61/100
|
|-heal|p1a: Iron Crown|67/100|[from] item: Leftovers
|upkeep
|turn|12
|
|t:|1757808801
|move|p1a: Iron Crown|Tachyon Cutter|p2a: Kyurem
|-supereffective|p2a: Kyurem
|-damage|p2a: Kyurem|0 fnt
|faint|p2a: Kyurem
|-hitcount|p2: Kyurem|1
|
|-heal|p1a: Iron Crown|73/100|[from] item: Leftovers
|upkeep
|
|t:|1757808804
|switch|p2a: Samurott|Samurott-Hisui, F|100/100
|turn|13
|
|t:|1757808807
|-terastallize|p1a: Iron Crown|Fighting
|move|p1a: Iron Crown|Tachyon Cutter|p2a: Samurott
|-resisted|p2a: Samurott
|-damage|p2a: Samurott|20/100
|-resisted|p2a: Samurott
|-damage|p2a: Samurott|0 fnt
|faint|p2a: Samurott
|-hitcount|p2: Samurott|2
|
|-heal|p1a: Iron Crown|80/100|[from] item: Leftovers
|upkeep
|
|t:|1757808816
|switch|p2a: Iron Crown|Iron Crown|100/100
|turn|14
|
|t:|1757808819
|move|p1a: Iron Crown|Stored Power|p2a: Iron Crown
|-resisted|p2a: Iron Crown
|-crit|p2a: Iron Crown
|-damage|p2a: Iron Crown|0 fnt
|faint|p2a: Iron Crown
|-end|p2a: Iron Crown|Quark Drive|[silent]
|
|-heal|p1a: Iron Crown|86/100|[from] item: Leftovers
|upkeep
|-message|callooee forfeited.
|
|win|LEITDOLONG
|raw|LEITDOLONG's rating: 1254 &rarr; <strong>1279</strong><br />(+25 for winning)
|raw|callooee's rating: 1249 &rarr; <strong>1224</strong><br />(-25 for losing)
|l|☆callooee
|player|p2|
