|j|☆CLARO_C7E818
|j|☆davidipro08
|t:|1757846181
|gametype|singles
|player|p1|CLARO_C7E818|266|1118
|player|p2|davidipro08|red|1205
|gen|9
|tier|[Gen 9] OU
|rated|
|rule|HP Percentage Mod: HP is shown in percentages
|rule|Endless Battle Clause: Forcing endless battles is banned
|rule|Species Clause: Limit one of each Pokémon
|rule|OHKO Clause: OHKO moves are banned
|rule|Evasion Items Clause: Evasion items are banned
|rule|Evasion Moves Clause: Evasion moves are banned
|rule|Evasion Abilities Clause: Evasion abilities are banned
|rule|Sleep Moves Clause: Sleep-inducing moves are banned
|clearpoke
|poke|p1|Ditto|
|poke|p1|Arcanine, M|
|poke|p1|Skarmory, M|
|poke|p1|Whimsicott, M|
|poke|p1|Breloom, F|
|poke|p1|Hydreigon, M|
|poke|p2|Great Tusk|
|poke|p2|Gholdengo|
|poke|p2|Kingambit, F|
|poke|p2|Ogerpon-Wellspring, F|
|poke|p2|Clefable, F|
|poke|p2|Maushold-Four|
|teampreview
|
|t:|1757846189
|teamsize|p1|6
|teamsize|p2|6
|start
|switch|p1a: Breloom|Breloom, F, shiny|100/100
|switch|p2a: Maushold|Maushold-Four|100/100
|turn|1
|inactive|Battle timer is ON: inactive players will automatically lose when time's up. (requested by davidipro08)
|
|t:|1757846193
|move|p1a: Breloom|Mach Punch|p2a: Maushold
|-supereffective|p2a: Maushold
|-damage|p2a: Maushold|0 fnt
|faint|p2a: Maushold
|
|upkeep
|
|t:|1757846199
|switch|p2a: Gholdengo|Gholdengo, shiny|100/100
|turn|2
|
|t:|1757846206
|switch|p1a: Arcanine|Arcanine, M|100/100
|-ability|p1a: Arcanine|Intimidate|boost
|-unboost|p2a: Gholdengo|atk|1
|move|p2a: Gholdengo|Nasty Plot|p2a: Gholdengo
|-boost|p2a: Gholdengo|spa|2
|
|upkeep
|turn|3
|
|t:|1757846212
|move|p1a: Arcanine|Flare Blitz|p2a: Gholdengo
|-supereffective|p2a: Gholdengo
|-damage|p2a: Gholdengo|8/100
|-damage|p1a: Arcanine|71/100|[from] Recoil
|move|p2a: Gholdengo|Shadow Ball|p1a: Arcanine
|-damage|p1a: Arcanine|24/100
|
|upkeep
|turn|4
|
|t:|1757846219
|move|p1a: Arcanine|Snarl|p2a: Gholdengo
|-supereffective|p2a: Gholdengo
|-damage|p2a: Gholdengo|0 fnt
|faint|p2a: Gholdengo
|
|upkeep
|
|t:|1757846226
|switch|p2a: Great Tusk|Great Tusk, shiny|100/100
|-enditem|p2a: Great Tusk|Booster Energy
|-activate|p2a: Great Tusk|ability: Protosynthesis|[fromitem]
|-start|p2a: Great Tusk|protosynthesisatk
|turn|5
|
|t:|1757846233
|switch|p1a: Skarmory|Skarmory, M, shiny|100/100
|move|p2a: Great Tusk|Rapid Spin|p1a: Skarmory
|-resisted|p1a: Skarmory
|-damage|p1a: Skarmory|94/100
|-boost|p2a: Great Tusk|spe|1
|-damage|p2a: Great Tusk|84/100|[from] item: Rocky Helmet|[of] p1a: Skarmory
|
|upkeep
|turn|6
|c|☆davidipro08|!weakness skarmory
|c| davidipro08|/raw <div class="infobox">Skarmory (ignoring abilities):<br /><span class="message-effect-weak">Weaknesses</span>: Electric, Fire<br /><span class="message-effect-resist">Resistances</span>: <b>Bug</b>, Dragon, Fairy, Flying, <b>Grass</b>, Normal, Psychic, Steel<br /><span class="message-effect-immune">Immunities</span>: Ground, Poison, Sandstorm damage, Toxic</div>
|
|t:|1757846253
|move|p2a: Great Tusk|Stealth Rock|p1a: Skarmory
|-sidestart|p1: CLARO_C7E818|move: Stealth Rock
|move|p1a: Skarmory|Iron Defense|p1a: Skarmory
|-boost|p1a: Skarmory|def|2
|
|upkeep
|turn|7
|
|t:|1757846257
|move|p2a: Great Tusk|Ice Spinner|p1a: Skarmory
|-damage|p1a: Skarmory|84/100
|-damage|p2a: Great Tusk|68/100|[from] item: Rocky Helmet|[of] p1a: Skarmory
|move|p1a: Skarmory|Iron Defense|p1a: Skarmory
|-boost|p1a: Skarmory|def|2
|
|upkeep
|turn|8
|
|t:|1757846261
|move|p2a: Great Tusk|Ice Spinner|p1a: Skarmory
|-damage|p1a: Skarmory|77/100
|-damage|p2a: Great Tusk|51/100|[from] item: Rocky Helmet|[of] p1a: Skarmory
|move|p1a: Skarmory|Body Press|p2a: Great Tusk
|-damage|p2a: Great Tusk|0 fnt
|faint|p2a: Great Tusk
|-end|p2a: Great Tusk|Protosynthesis|[silent]
|
|upkeep
|
|t:|1757846269
|switch|p2a: Clefable|Clefable, F|100/100
|turn|9
|
|t:|1757846273
|move|p1a: Skarmory|Body Press|p2a: Clefable
|-resisted|p2a: Clefable
|-damage|p2a: Clefable|43/100
|move|p2a: Clefable|Thunderbolt|p1a: Skarmory
|-supereffective|p1a: Skarmory
|-damage|p1a: Skarmory|4/100
|
|-heal|p2a: Clefable|49/100|[from] item: Leftovers
|upkeep
|turn|10
|
|t:|1757846280
|move|p1a: Skarmory|Body Press|p2a: Clefable
|-resisted|p2a: Clefable
|-damage|p2a: Clefable|0 fnt
|-start|p1a: Skarmory|Attract|[from] ability: Cute Charm|[of] p2a: Clefable
|faint|p2a: Clefable
|-end|p1a: Skarmory|Attract|[silent]
|
|upkeep
|
|t:|1757846283
|switch|p2a: Ogerpon|Ogerpon-Wellspring, F|100/100
|turn|11
|
|t:|1757846290
|move|p2a: Ogerpon|Brick Break|p1a: Skarmory
|-damage|p1a: Skarmory|0 fnt
|-damage|p2a: Ogerpon|84/100|[from] item: Rocky Helmet|[of] p1a: Skarmory
|faint|p1a: Skarmory
|
|upkeep
|
|t:|1757846297
|switch|p1a: Ditto|Ditto|100/100
|-damage|p1a: Ditto|88/100|[from] Stealth Rock
|-transform|p1a: Ditto|p2a: Ogerpon|[from] ability: Imposter
|turn|12
|
|t:|1757846303
|move|p1a: Ditto|Wood Hammer|p2a: Ogerpon
|-crit|p2a: Ogerpon
|-damage|p2a: Ogerpon|0 fnt
|faint|p2a: Ogerpon
|-damage|p1a: Ditto|60/100|[from] Recoil
|
|upkeep
|
|t:|1757846308
|switch|p2a: Kingambit|Kingambit, F, shiny|100/100
|-activate|p2a: Kingambit|ability: Supreme Overlord
|-start|p2a: Kingambit|fallen5|[silent]
|turn|13
|
|t:|1757846316
|-terastallize|p2a: Kingambit|Dark
|move|p1a: Ditto|Wood Hammer|p2a: Kingambit
|-damage|p2a: Kingambit|54/100
|-damage|p1a: Ditto|40/100|[from] Recoil
|move|p2a: Kingambit|Swords Dance|p2a: Kingambit
|-boost|p2a: Kingambit|atk|2
|
|upkeep
|turn|14
|
|t:|1757846323
|move|p2a: Kingambit|Sucker Punch|p1a: Ditto
|-damage|p1a: Ditto|0 fnt
|faint|p1a: Ditto
|
|upkeep
|
|t:|1757846327
|switch|p1a: Breloom|Breloom, F, shiny|100/100
|-damage|p1a: Breloom|94/100|[from] Stealth Rock
|turn|15
|
|t:|1757846332
|move|p1a: Breloom|Mach Punch|p2a: Kingambit
|-supereffective|p2a: Kingambit
|-damage|p2a: Kingambit|2/100
|move|p2a: Kingambit|Sucker Punch||[still]
|-fail|p2a: Kingambit
|
|upkeep
|turn|16
|
|t:|1757846337
|move|p1a: Breloom|Mach Punch|p2a: Kingambit
|-supereffective|p2a: Kingambit
|-damage|p2a: Kingambit|0 fnt
|faint|p2a: Kingambit
|-end|p2a: Kingambit|fallen5|[silent]
|
|win|CLARO_C7E818
|raw|CLARO_C7E818's rating: 1118 &rarr; <strong>1149</strong><br />(+31 for winning)
|raw|davidipro08's rating: 1205 &rarr; <strong>1174</strong><br />(-31 for losing)
|l|☆davidipro08
|player|p2|
|l|☆CLARO_C7E818
|player|p1|
