|j|☆cloud29
|j|☆MFWCritmattered62
|t:|1757865899
|gametype|singles
|player|p1|cloud29|169|1081
|player|p2|MFWCritmattered62|2|1106
|gen|9
|tier|[Gen 9] OU
|rated|
|rule|HP Percentage Mod: HP is shown in percentages
|rule|Endless Battle Clause: Forcing endless battles is banned
|rule|Species Clause: Limit one of each Pokémon
|rule|OHKO Clause: OHKO moves are banned
|rule|Evasion Items Clause: Evasion items are banned
|rule|Evasion Moves Clause: Evasion moves are banned
|rule|Evasion Abilities Clause: Evasion abilities are banned
|rule|Sleep Moves Clause: Sleep-inducing moves are banned
|clearpoke
|poke|p1|Dragonite, F|
|poke|p1|Clefable, F|
|poke|p1|Araquanid, F|
|poke|p1|Polteageist-Antique|
|poke|p1|Goodra-Hisui, M|
|poke|p1|Magcargo, M|
|poke|p2|Quaquaval, F|
|poke|p2|Ninetales-Alola, M|
|poke|p2|Zapdos|
|poke|p2|Ceruledge, F|
|poke|p2|Meowscarada, M|
|poke|p2|Gengar, M|
|teampreview
|inactive|Battle timer is ON: inactive players will automatically lose when time's up. (requested by MFWCritmattered62)
|
|t:|1757865909
|teamsize|p1|6
|teamsize|p2|6
|start
|switch|p1a: Goodra|Goodra-Hisui, M|100/100
|switch|p2a: Karen|Quaquaval, F|100/100
|turn|1
|
|t:|1757865919
|move|p2a: Karen|Aqua Step|p1a: Goodra
|-resisted|p1a: Goodra
|-damage|p1a: Goodra|83/100
|-boost|p2a: Karen|spe|1
|-ability|p1a: Goodra|Gooey
|-unboost|p2a: Karen|spe|1
|move|p1a: Goodra|Thunderbolt|p2a: Karen
|-supereffective|p2a: Karen
|-damage|p2a: Karen|46/100
|
|upkeep
|turn|2
|
|t:|1757865931
|switch|p2a: Bad Dragon|Ninetales-Alola, M|100/100
|-weather|Snowscape|[from] ability: Snow Warning|[of] p2a: Bad Dragon
|switch|p1a: Araquanid|Araquanid, F|100/100
|
|-weather|Snowscape|[upkeep]
|upkeep
|turn|3
|
|t:|1757865942
|switch|p2a: Karen|Quaquaval, F|46/100
|move|p1a: Araquanid|Sticky Web|p2a: Karen
|-sidestart|p2: MFWCritmattered62|move: Sticky Web
|
|-weather|Snowscape|[upkeep]
|upkeep
|turn|4
|
|t:|1757865952
|move|p2a: Karen|Rapid Spin|p1a: Araquanid
|-damage|p1a: Araquanid|83/100
|-boost|p2a: Karen|spe|1
|-sideend|p2: MFWCritmattered62|Sticky Web|[from] move: Rapid Spin|[of] p2a: Karen
|move|p1a: Araquanid|Trailblaze|p2a: Karen
|-supereffective|p2a: Karen
|-damage|p2a: Karen|13/100
|-boost|p1a: Araquanid|spe|1
|
|-weather|Snowscape|[upkeep]
|upkeep
|turn|5
|
|t:|1757865967
|switch|p2a: Gengar|Gengar, M|100/100
|move|p1a: Araquanid|Trailblaze|p2a: Gengar
|-resisted|p2a: Gengar
|-damage|p2a: Gengar|87/100
|-boost|p1a: Araquanid|spe|1
|
|-weather|Snowscape|[upkeep]
|upkeep
|turn|6
|
|t:|1757865981
|move|p2a: Gengar|Clear Smog|p1a: Araquanid
|-damage|p1a: Araquanid|62/100
|-clearboost|p1a: Araquanid
|move|p1a: Araquanid|Liquidation|p2a: Gengar
|-damage|p2a: Gengar|0 fnt
|faint|p2a: Gengar
|
|-weather|none
|upkeep
|
|t:|1757865987
|switch|p2a: Duck better|Meowscarada, M|100/100
|turn|7
|
|t:|1757865992
|move|p2a: Duck better|Flower Trick|p1a: Araquanid
|-crit|p1a: Araquanid
|-damage|p1a: Araquanid|0 fnt
|faint|p1a: Araquanid
|
|upkeep
|
|t:|1757866004
|switch|p1a: Goodra|Goodra-Hisui, M|83/100
|turn|8
|
|t:|1757866009
|move|p2a: Duck better|Flower Trick|p1a: Goodra
|-resisted|p1a: Goodra
|-crit|p1a: Goodra
|-damage|p1a: Goodra|65/100
|move|p1a: Goodra|Flamethrower|p2a: Duck better
|-supereffective|p2a: Duck better
|-damage|p2a: Duck better|21/100
|-status|p2a: Duck better|brn
|
|-damage|p2a: Duck better|14/100 brn|[from] brn
|upkeep
|turn|9
|
|t:|1757866018
|move|p2a: Duck better|Flower Trick|p1a: Goodra
|-resisted|p1a: Goodra
|-crit|p1a: Goodra
|-damage|p1a: Goodra|54/100
|move|p1a: Goodra|Thunderbolt|p2a: Duck better
|-resisted|p2a: Duck better
|-damage|p2a: Duck better|0 fnt
|faint|p2a: Duck better
|
|upkeep
|
|t:|1757866021
|switch|p2a: Bad Dragon|Ninetales-Alola, M|100/100
|-weather|Snowscape|[from] ability: Snow Warning|[of] p2a: Bad Dragon
|turn|10
|
|t:|1757866028
|move|p2a: Bad Dragon|Blizzard|p1a: Goodra
|-damage|p1a: Goodra|36/100
|-status|p1a: Goodra|frz
|cant|p1a: Goodra|frz
|
|-weather|Snowscape|[upkeep]
|upkeep
|turn|11
|
|t:|1757866035
|move|p2a: Bad Dragon|Blizzard|p1a: Goodra
|-damage|p1a: Goodra|16/100 frz
|-curestatus|p1a: Goodra|frz|[msg]
|move|p1a: Goodra|Flamethrower|p2a: Bad Dragon
|-supereffective|p2a: Bad Dragon
|-damage|p2a: Bad Dragon|38/100
|-status|p2a: Bad Dragon|brn
|
|-weather|Snowscape|[upkeep]
|-damage|p2a: Bad Dragon|33/100 brn|[from] brn
|upkeep
|turn|12
|
|t:|1757866050
|-terastallize|p1a: Goodra|Steel
|move|p2a: Bad Dragon|Blizzard|p1a: Goodra
|-resisted|p1a: Goodra
|-damage|p1a: Goodra|7/100
|move|p1a: Goodra|Flash Cannon|p2a: Bad Dragon
|-supereffective|p2a: Bad Dragon
|-damage|p2a: Bad Dragon|0 fnt
|faint|p2a: Bad Dragon
|
|-weather|Snowscape|[upkeep]
|upkeep
|
|t:|1757866056
|switch|p2a: Uncle Ruckus|Zapdos|100/100
|-ability|p2a: Uncle Ruckus|Pressure
|-item|p2a: Uncle Ruckus|Air Balloon
|turn|13
|
|t:|1757866063
|move|p2a: Uncle Ruckus|Thunderbolt|p1a: Goodra
|-damage|p1a: Goodra|0 fnt
|faint|p1a: Goodra
|
|-weather|Snowscape|[upkeep]
|upkeep
|
|t:|1757866070
|switch|p1a: Clefable|Clefable, F|100/100
|turn|14
|
|t:|1757866082
|move|p2a: Uncle Ruckus|Volt Switch|p1a: Clefable
|-damage|p1a: Clefable|68/100
|
|t:|1757866088
|switch|p2a: Peakruledge|Ceruledge, F|100/100|[from] Volt Switch
|move|p1a: Clefable|Calm Mind|p1a: Clefable
|-boost|p1a: Clefable|spa|1
|-boost|p1a: Clefable|spd|1
|
|-weather|none
|upkeep
|turn|15
|
|t:|1757866115
|-terastallize|p2a: Peakruledge|Fire
|move|p2a: Peakruledge|Taunt|p1a: Clefable
|-start|p1a: Clefable|move: Taunt
|move|p1a: Clefable|Alluring Voice|p2a: Peakruledge
|-resisted|p2a: Peakruledge
|-damage|p2a: Peakruledge|60/100
|
|upkeep
|turn|16
|
|t:|1757866130
|move|p2a: Peakruledge|Flame Charge|p1a: Clefable
|-damage|p1a: Clefable|24/100
|-boost|p2a: Peakruledge|spe|1
|move|p1a: Clefable|Alluring Voice|p2a: Peakruledge
|-resisted|p2a: Peakruledge
|-damage|p2a: Peakruledge|17/100
|-start|p2a: Peakruledge|confusion
|
|upkeep
|turn|17
|
|t:|1757866139
|-activate|p2a: Peakruledge|confusion
|move|p2a: Peakruledge|Flame Charge|p1a: Clefable
|-damage|p1a: Clefable|0 fnt
|-boost|p2a: Peakruledge|spe|1
|faint|p1a: Clefable
|
|upkeep
|inactive|cloud29 has 120 seconds left.
|inactive|cloud29 has 90 seconds left.
|
|t:|1757866213
|switch|p1a: Polteageist|Polteageist-Antique|100/100
|turn|18
|inactive|MFWCritmattered62 has 120 seconds left.
|
|t:|1757866254
|switch|p1a: Magcargo|Magcargo, M|100/100
|-item|p1a: Magcargo|Air Balloon
|-activate|p2a: Peakruledge|confusion
|move|p2a: Peakruledge|Brick Break|p1a: Magcargo
|-supereffective|p1a: Magcargo
|-damage|p1a: Magcargo|41/100
|-ability|p1a: Magcargo|Weak Armor|boost
|-unboost|p1a: Magcargo|def|1
|-boost|p1a: Magcargo|spe|2
|-enditem|p1a: Magcargo|Air Balloon
|
|upkeep
|turn|19
|
|t:|1757866270
|-activate|p2a: Peakruledge|confusion
|move|p2a: Peakruledge|Brick Break|p1a: Magcargo
|-supereffective|p1a: Magcargo
|-damage|p1a: Magcargo|0 fnt
|faint|p1a: Magcargo
|
|upkeep
|
|t:|1757866275
|switch|p1a: Dragonite|Dragonite, F|100/100
|turn|20
|c|☆MFWCritmattered62|holy read
|
|t:|1757866282
|move|p1a: Dragonite|Extreme Speed|p2a: Peakruledge
|-damage|p2a: Peakruledge|0 fnt
|faint|p2a: Peakruledge
|
|upkeep
|
|t:|1757866287
|switch|p2a: Uncle Ruckus|Zapdos|100/100
|-ability|p2a: Uncle Ruckus|Pressure
|-item|p2a: Uncle Ruckus|Air Balloon
|turn|21
|inactive|cloud29 has 90 seconds left.
|
|t:|1757866298
|move|p2a: Uncle Ruckus|Thunderbolt|p1a: Dragonite
|-damage|p1a: Dragonite|75/100
|move|p1a: Dragonite|Dragon Dance|p1a: Dragonite
|-boost|p1a: Dragonite|atk|1
|-boost|p1a: Dragonite|spe|1
|
|upkeep
|turn|22
|
|t:|1757866303
|move|p1a: Dragonite|Ice Punch|p2a: Uncle Ruckus
|-supereffective|p2a: Uncle Ruckus
|-damage|p2a: Uncle Ruckus|10/100
|-enditem|p2a: Uncle Ruckus|Air Balloon
|move|p2a: Uncle Ruckus|Discharge|p1a: Dragonite
|-damage|p1a: Dragonite|35/100
|-status|p1a: Dragonite|par
|
|upkeep
|turn|23
|
|t:|1757866315
|move|p1a: Dragonite|Extreme Speed|p2a: Uncle Ruckus
|-damage|p2a: Uncle Ruckus|0 fnt
|faint|p2a: Uncle Ruckus
|
|upkeep
|
|t:|1757866318
|switch|p2a: Karen|Quaquaval, F|13/100
|turn|24
|c|☆MFWCritmattered62|gg
|
|t:|1757866326
|move|p1a: Dragonite|Extreme Speed|p2a: Karen
|-damage|p2a: Karen|0 fnt
|faint|p2a: Karen
|
|win|cloud29
|raw|cloud29's rating: 1081 &rarr; <strong>1111</strong><br />(+30 for winning)
|raw|MFWCritmattered62's rating: 1106 &rarr; <strong>1079</strong><br />(-27 for losing)
|l|☆MFWCritmattered62
|player|p2|
|c|☆cloud29|gg
|l|☆cloud29
|player|p1|
