|badge|p2|bronze|gen9randombattle|100-6
|uhtml|medal-msg|<div class="broadcast-blue">Curious what those medals under the avatar are? PS now has Ladder Seasons! For more information, check out the <a href="https://www.smogon.com/forums/threads/3740067/">thread on Smogon.</a></div>
|j|☆shoebat
|j|☆O1V7O2X9O
|t:|1757925081
|gametype|singles
|player|p1|shoebat|sage|1441
|player|p2|O1V7O2X9O|#rbtt8teamzeraora2|1462
|gen|9
|tier|[Gen 9] OU
|rated|
|rule|HP Percentage Mod: HP is shown in percentages
|rule|Endless Battle Clause: Forcing endless battles is banned
|rule|Species Clause: Limit one of each Pokémon
|rule|OHKO Clause: OHKO moves are banned
|rule|Evasion Items Clause: Evasion items are banned
|rule|Evasion Moves Clause: Evasion moves are banned
|rule|Evasion Abilities Clause: Evasion abilities are banned
|rule|Sleep Moves Clause: Sleep-inducing moves are banned
|clearpoke
|poke|p1|Skarmory, M|
|poke|p1|Ting-Lu|
|poke|p1|Zamazenta-*|
|poke|p1|Pecharunt|
|poke|p1|Clefable, M|
|poke|p1|Walking Wake|
|poke|p2|Dondozo, M|
|poke|p2|Blissey, F|
|poke|p2|Corviknight, F|
|poke|p2|Weezing-Galar, F|
|poke|p2|Gliscor, F|
|poke|p2|Toxapex, M|
|teampreview
|inactive|Battle timer is ON: inactive players will automatically lose when time's up. (requested by shoebat)
|
|t:|1757925097
|teamsize|p1|6
|teamsize|p2|6
|start
|switch|p1a: Clefable|Clefable, M|100/100
|switch|p2a: Gliscor|Gliscor, F|100/100
|turn|1
|
|t:|1757925108
|move|p2a: Gliscor|Protect|p2a: Gliscor
|-singleturn|p2a: Gliscor|Protect
|move|p1a: Clefable|Knock Off|p2a: Gliscor
|-activate|p2a: Gliscor|move: Protect
|
|-status|p2a: Gliscor|tox|[from] item: Toxic Orb
|upkeep
|turn|2
|
|t:|1757925113
|move|p2a: Gliscor|Knock Off|p1a: Clefable
|-resisted|p1a: Clefable
|-damage|p1a: Clefable|92/100
|-enditem|p1a: Clefable|Leftovers|[from] move: Knock Off|[of] p2a: Gliscor
|move|p1a: Clefable|Calm Mind|p1a: Clefable
|-boost|p1a: Clefable|spa|1
|-boost|p1a: Clefable|spd|1
|
|upkeep
|turn|3
|
|t:|1757925125
|move|p2a: Gliscor|Spikes|p1a: Clefable
|-sidestart|p1: shoebat|Spikes
|move|p1a: Clefable|Knock Off|p2a: Gliscor
|-damage|p2a: Gliscor|89/100 tox
|-enditem|p2a: Gliscor|Toxic Orb|[from] move: Knock Off|[of] p1a: Clefable
|
|-heal|p2a: Gliscor|100/100 tox|[from] ability: Poison Heal
|upkeep
|turn|4
|
|t:|1757925140
|switch|p2a: Blissey|Blissey, F|100/100
|move|p1a: Clefable|Calm Mind|p1a: Clefable
|-boost|p1a: Clefable|spa|1
|-boost|p1a: Clefable|spd|1
|
|upkeep
|turn|5
|
|t:|1757925154
|move|p1a: Clefable|Knock Off|p2a: Blissey
|-damage|p2a: Blissey|84/100
|-enditem|p2a: Blissey|Leftovers|[from] move: Knock Off|[of] p1a: Clefable
|move|p2a: Blissey|Seismic Toss|p1a: Clefable
|-damage|p1a: Clefable|67/100
|
|upkeep
|turn|6
|
|t:|1757925165
|switch|p1a: Pecharunt|Pecharunt|100/100
|move|p2a: Blissey|Stealth Rock|p1a: Pecharunt
|-sidestart|p1: shoebat|move: Stealth Rock
|
|upkeep
|turn|7
|
|t:|1757925178
|switch|p2a: Gliscor|Gliscor, F|100/100 tox
|move|p1a: Pecharunt|Malignant Chain|p2a: Gliscor
|-resisted|p2a: Gliscor
|-damage|p2a: Gliscor|88/100 tox
|
|-heal|p2a: Gliscor|100/100 tox|[from] ability: Poison Heal
|upkeep
|turn|8
|inactive|shoebat has 120 seconds left.
|
|t:|1757925225
|move|p1a: Pecharunt|Parting Shot|p2a: Gliscor
|-unboost|p2a: Gliscor|atk|1
|-unboost|p2a: Gliscor|spa|1
|
|t:|1757925228
|switch|p1a: Skarmory|Skarmory, M|100/100|[from] Parting Shot
|-damage|p1a: Skarmory|88/100|[from] Stealth Rock
|move|p2a: Gliscor|Knock Off|p1a: Skarmory
|-damage|p1a: Skarmory|79/100
|-damage|p2a: Gliscor|84/100 tox|[from] item: Rocky Helmet|[of] p1a: Skarmory
|-enditem|p1a: Skarmory|Rocky Helmet|[from] move: Knock Off|[of] p2a: Gliscor
|
|-heal|p2a: Gliscor|97/100 tox|[from] ability: Poison Heal
|upkeep
|turn|9
|inactive|shoebat has 90 seconds left.
|
|t:|1757925268
|switch|p2a: Weezing|Weezing-Galar, F|100/100
|-ability|p2a: Weezing|Neutralizing Gas
|move|p1a: Skarmory|Spikes|p2a: Weezing
|-sidestart|p2: O1V7O2X9O|Spikes
|
|upkeep
|turn|10
|
|t:|1757925276
|switch|p1a: Walking Wake|Walking Wake|100/100
|move|p2a: Weezing|Will-O-Wisp|p1a: Walking Wake|[miss]
|-miss|p2a: Weezing|p1a: Walking Wake
|
|upkeep
|turn|11
|
|t:|1757925295
|-end|p2a: Weezing|ability: Neutralizing Gas
|switch|p2a: Blissey|Blissey, F|84/100
|-damage|p2a: Blissey|71/100|[from] Spikes
|move|p1a: Walking Wake|Knock Off|p2a: Blissey
|-damage|p2a: Blissey|60/100
|
|upkeep
|turn|12
|
|t:|1757925311
|move|p1a: Walking Wake|Flip Turn|p2a: Blissey
|-damage|p2a: Blissey|44/100
|
|t:|1757925316
|-end|p1a: Walking Wake|Protosynthesis|[silent]
|switch|p1a: Pecharunt|Pecharunt|100/100|[from] Flip Turn
|move|p2a: Blissey|Soft-Boiled|p2a: Blissey
|-heal|p2a: Blissey|94/100
|
|upkeep
|turn|13
|
|t:|1757925322
|switch|p2a: Gliscor|Gliscor, F|97/100 tox
|move|p1a: Pecharunt|Malignant Chain|p2a: Gliscor
|-resisted|p2a: Gliscor
|-damage|p2a: Gliscor|84/100 tox
|
|-heal|p2a: Gliscor|97/100 tox|[from] ability: Poison Heal
|upkeep
|turn|14
|inactive|shoebat has 90 seconds left.
|
|t:|1757925363
|move|p1a: Pecharunt|Parting Shot|p2a: Gliscor
|-unboost|p2a: Gliscor|atk|1
|-unboost|p2a: Gliscor|spa|1
|
|t:|1757925367
|switch|p1a: Clefable|Clefable, M|67/100|[from] Parting Shot
|move|p2a: Gliscor|Knock Off|p1a: Clefable
|-resisted|p1a: Clefable
|-damage|p1a: Clefable|63/100
|
|-heal|p2a: Gliscor|100/100 tox|[from] ability: Poison Heal
|upkeep
|turn|15
|inactive|shoebat has 90 seconds left.
|
|t:|1757925386
|switch|p2a: Toxapex|Toxapex, M|100/100
|-damage|p2a: Toxapex|88/100|[from] Spikes
|move|p1a: Clefable|Moonblast|p2a: Toxapex
|-resisted|p2a: Toxapex
|-crit|p2a: Toxapex
|-damage|p2a: Toxapex|73/100
|
|-heal|p2a: Toxapex|79/100|[from] item: Leftovers
|upkeep
|turn|16
|
|t:|1757925404
|switch|p2a: Gliscor|Gliscor, F|100/100 tox
|move|p1a: Clefable|Knock Off|p2a: Gliscor
|-damage|p2a: Gliscor|92/100 tox
|
|-heal|p2a: Gliscor|100/100 tox|[from] ability: Poison Heal
|upkeep
|turn|17
|inactive|shoebat has 90 seconds left.
|inactive|O1V7O2X9O has 120 seconds left.
|
|t:|1757925432
|switch|p2a: Toxapex|Toxapex, M|100/100
|-damage|p2a: Toxapex|88/100|[from] Spikes
|move|p1a: Clefable|Calm Mind|p1a: Clefable
|-boost|p1a: Clefable|spa|1
|-boost|p1a: Clefable|spd|1
|
|-heal|p2a: Toxapex|94/100|[from] item: Leftovers
|upkeep
|turn|18
|inactive|O1V7O2X9O has 120 seconds left.
|
|t:|1757925447
|move|p1a: Clefable|Knock Off|p2a: Toxapex
|-damage|p2a: Toxapex|82/100
|-enditem|p2a: Toxapex|Leftovers|[from] move: Knock Off|[of] p1a: Clefable
|move|p2a: Toxapex|Toxic Spikes|p1a: Clefable
|-sidestart|p1: shoebat|move: Toxic Spikes
|
|upkeep
|turn|19
|inactive|shoebat has 90 seconds left.
|inactive|O1V7O2X9O has 120 seconds left.
|inactive|shoebat has 60 seconds left.
|
|t:|1757925492
|move|p1a: Clefable|Moonblast|p2a: Toxapex
|-resisted|p2a: Toxapex
|-damage|p2a: Toxapex|66/100
|-unboost|p2a: Toxapex|spa|1
|move|p2a: Toxapex|Toxic|p1a: Clefable
|-status|p1a: Clefable|tox
|
|upkeep
|turn|20
|inactive|O1V7O2X9O has 120 seconds left.
|
|t:|1757925505
|move|p1a: Clefable|Moonblast|p2a: Toxapex
|-resisted|p2a: Toxapex
|-damage|p2a: Toxapex|51/100
|-unboost|p2a: Toxapex|spa|1
|move|p2a: Toxapex|Haze|p2a: Toxapex
|-clearallboost
|
|upkeep
|turn|21
|inactive|shoebat has 60 seconds left.
|inactive|O1V7O2X9O has 120 seconds left.
|
|t:|1757925515
|move|p1a: Clefable|Calm Mind|p1a: Clefable
|-boost|p1a: Clefable|spa|1
|-boost|p1a: Clefable|spd|1
|move|p2a: Toxapex|Toxic Spikes|p1a: Clefable
|-sidestart|p1: shoebat|move: Toxic Spikes
|
|upkeep
|turn|22
|
|t:|1757925521
|move|p1a: Clefable|Moonblast|p2a: Toxapex
|-resisted|p2a: Toxapex
|-damage|p2a: Toxapex|35/100
|move|p2a: Toxapex|Haze|p2a: Toxapex
|-clearallboost
|
|upkeep
|turn|23
|
|t:|1757925534
|switch|p2a: Gliscor|Gliscor, F|100/100 tox
|move|p1a: Clefable|Knock Off|p2a: Gliscor
|-damage|p2a: Gliscor|93/100 tox
|
|-heal|p2a: Gliscor|100/100 tox|[from] ability: Poison Heal
|upkeep
|turn|24
|
|t:|1757925546
|move|p2a: Gliscor|Earthquake|p1a: Clefable
|-damage|p1a: Clefable|38/100 tox
|move|p1a: Clefable|Calm Mind|p1a: Clefable
|-boost|p1a: Clefable|spa|1
|-boost|p1a: Clefable|spd|1
|
|upkeep
|turn|25
|inactive|shoebat has 60 seconds left.
|
|t:|1757925590
|move|p2a: Gliscor|Earthquake|p1a: Clefable
|-damage|p1a: Clefable|13/100 tox
|move|p1a: Clefable|Moonlight|p1a: Clefable
|-heal|p1a: Clefable|63/100 tox
|
|upkeep
|turn|26
|
|t:|1757925602
|switch|p2a: Toxapex|Toxapex, M|68/100
|-damage|p2a: Toxapex|56/100|[from] Spikes
|switch|p1a: Skarmory|Skarmory, M|79/100
|-damage|p1a: Skarmory|67/100|[from] Stealth Rock
|
|upkeep
|turn|27
|
|t:|1757925611
|switch|p2a: Weezing|Weezing-Galar, F|100/100
|-ability|p2a: Weezing|Neutralizing Gas
|move|p1a: Skarmory|Whirlwind|p2a: Weezing
|-end|p2a: Weezing|ability: Neutralizing Gas
|drag|p2a: Blissey|Blissey, F|94/100
|-damage|p2a: Blissey|81/100|[from] Spikes
|
|upkeep
|turn|28
|
|t:|1757925621
|switch|p2a: Weezing|Weezing-Galar, F|100/100
|-ability|p2a: Weezing|Neutralizing Gas
|move|p1a: Skarmory|Spikes|p2a: Weezing
|-sidestart|p2: O1V7O2X9O|Spikes
|
|upkeep
|turn|29
|inactive|shoebat has 60 seconds left.
|
|t:|1757925630
|switch|p1a: Walking Wake|Walking Wake|100/100
|move|p2a: Weezing|Will-O-Wisp|p1a: Walking Wake
|-status|p1a: Walking Wake|brn
|
|-damage|p1a: Walking Wake|94/100 brn|[from] brn
|upkeep
|turn|30
|
|t:|1757925639
|-end|p2a: Weezing|ability: Neutralizing Gas
|switch|p2a: Toxapex|Toxapex, M|89/100
|-damage|p2a: Toxapex|73/100|[from] Spikes
|move|p1a: Walking Wake|Surf|p2a: Toxapex
|-resisted|p2a: Toxapex
|-damage|p2a: Toxapex|59/100
|
|-damage|p1a: Walking Wake|88/100 brn|[from] brn
|upkeep
|turn|31
|
|t:|1757925659
|switch|p2a: Weezing|Weezing-Galar, F|100/100
|-ability|p2a: Weezing|Neutralizing Gas
|move|p1a: Walking Wake|Draco Meteor|p2a: Weezing
|-immune|p2a: Weezing
|
|-damage|p1a: Walking Wake|82/100 brn|[from] brn
|upkeep
|turn|32
|
|t:|1757925668
|-end|p2a: Weezing|ability: Neutralizing Gas
|switch|p2a: Toxapex|Toxapex, M|92/100
|-damage|p2a: Toxapex|75/100|[from] Spikes
|move|p1a: Walking Wake|Flip Turn|p2a: Toxapex
|-resisted|p2a: Toxapex
|-damage|p2a: Toxapex|73/100
|
|t:|1757925686
|-end|p1a: Walking Wake|Protosynthesis|[silent]
|switch|p1a: Pecharunt|Pecharunt|100/100|[from] Flip Turn
|-sideend|p1: shoebat|move: Toxic Spikes|[of] p1a: Pecharunt
|
|upkeep
|turn|33
|
|t:|1757925695
|switch|p2a: Gliscor|Gliscor, F|100/100 tox
|move|p1a: Pecharunt|Parting Shot|p2a: Gliscor
|-unboost|p2a: Gliscor|atk|1
|-unboost|p2a: Gliscor|spa|1
|
|t:|1757925704
|switch|p1a: Walking Wake|Walking Wake|82/100 brn|[from] Parting Shot
|
|-damage|p1a: Walking Wake|76/100 brn|[from] brn
|upkeep
|turn|34
|
|t:|1757925710
|move|p2a: Gliscor|Protect|p2a: Gliscor
|-singleturn|p2a: Gliscor|Protect
|move|p1a: Walking Wake|Draco Meteor|p2a: Gliscor
|-activate|p2a: Gliscor|move: Protect
|
|-damage|p1a: Walking Wake|70/100 brn|[from] brn
|upkeep
|turn|35
|
|t:|1757925715
|switch|p2a: Toxapex|Toxapex, M|100/100
|-damage|p2a: Toxapex|84/100|[from] Spikes
|move|p1a: Walking Wake|Surf|p2a: Toxapex
|-resisted|p2a: Toxapex
|-damage|p2a: Toxapex|71/100
|
|-damage|p1a: Walking Wake|63/100 brn|[from] brn
|upkeep
|turn|36
|inactive|shoebat has 90 seconds left.
|
|t:|1757925726
|move|p1a: Walking Wake|Flip Turn|p2a: Toxapex
|-resisted|p2a: Toxapex
|-damage|p2a: Toxapex|67/100
|
|t:|1757925730
|-end|p1a: Walking Wake|Protosynthesis|[silent]
|switch|p1a: Ting-Lu|Ting-Lu|100/100|[from] Flip Turn
|-damage|p1a: Ting-Lu|88/100|[from] Spikes
|-damage|p1a: Ting-Lu|82/100|[from] Stealth Rock
|-ability|p1a: Ting-Lu|Vessel of Ruin
|move|p2a: Toxapex|Toxic Spikes|p1a: Ting-Lu
|-sidestart|p1: shoebat|move: Toxic Spikes
|
|-heal|p1a: Ting-Lu|88/100|[from] item: Leftovers
|upkeep
|turn|37
|
|t:|1757925740
|move|p1a: Ting-Lu|Earthquake|p2a: Toxapex
|-supereffective|p2a: Toxapex
|-damage|p2a: Toxapex|7/100
|move|p2a: Toxapex|Toxic|p1a: Ting-Lu
|-status|p1a: Ting-Lu|tox
|
|-heal|p1a: Ting-Lu|94/100 tox|[from] item: Leftovers
|-damage|p1a: Ting-Lu|88/100 tox|[from] psn
|upkeep
|turn|38
|c|☆O1V7O2X9O|oh that does a lot oops
|
|t:|1757925753
|switch|p2a: Corviknight|Corviknight, F|100/100
|-ability|p2a: Corviknight|Pressure
|move|p1a: Ting-Lu|Stealth Rock|p2a: Corviknight
|-sidestart|p2: O1V7O2X9O|move: Stealth Rock
|
|-heal|p1a: Ting-Lu|94/100 tox|[from] item: Leftovers
|-damage|p1a: Ting-Lu|82/100 tox|[from] psn
|upkeep
|turn|39
|
|t:|1757925760
|move|p2a: Corviknight|Defog|p1a: Ting-Lu
|-unboost|p1a: Ting-Lu|evasion|1
|-sideend|p1: shoebat|Spikes|[from] move: Defog|[of] p2a: Corviknight
|-sideend|p1: shoebat|Toxic Spikes|[from] move: Defog|[of] p2a: Corviknight
|-sideend|p1: shoebat|Stealth Rock|[from] move: Defog|[of] p2a: Corviknight
|-sideend|p2: O1V7O2X9O|Spikes|[from] move: Defog|[of] p2a: Corviknight
|-sideend|p2: O1V7O2X9O|Stealth Rock|[from] move: Defog|[of] p2a: Corviknight
|move|p1a: Ting-Lu|Ruination|p2a: Corviknight
|-damage|p2a: Corviknight|50/100
|
|-heal|p2a: Corviknight|57/100|[from] item: Leftovers
|-heal|p1a: Ting-Lu|88/100 tox|[from] item: Leftovers
|-damage|p1a: Ting-Lu|69/100 tox|[from] psn
|upkeep
|turn|40
|
|t:|1757925769
|move|p2a: Corviknight|Body Press|p1a: Ting-Lu
|-supereffective|p1a: Ting-Lu
|-damage|p1a: Ting-Lu|40/100 tox
|move|p1a: Ting-Lu|Earthquake|p2a: Corviknight
|-immune|p2a: Corviknight
|
|-heal|p2a: Corviknight|63/100|[from] item: Leftovers
|-heal|p1a: Ting-Lu|46/100 tox|[from] item: Leftovers
|-damage|p1a: Ting-Lu|22/100 tox|[from] psn
|upkeep
|turn|41
|-message|shoebat forfeited.
|
|win|O1V7O2X9O
|raw|shoebat's rating: 1441 &rarr; <strong>1422</strong><br />(-19 for losing)
|raw|O1V7O2X9O's rating: 1462 &rarr; <strong>1481</strong><br />(+19 for winning)
|l|☆shoebat
|player|p1|
|l|☆O1V7O2X9O
|player|p2|
