|j|☆zticma
|j|☆kwame
|t:|1757913373
|gametype|singles
|player|p1|zticma|101|1281
|player|p2|kwame|unknown|1319
|gen|9
|tier|[Gen 9] OU
|rated|
|rule|HP Percentage Mod: HP is shown in percentages
|rule|Endless Battle Clause: Forcing endless battles is banned
|rule|Species Clause: Limit one of each Pokémon
|rule|OHKO Clause: OHKO moves are banned
|rule|Evasion Items Clause: Evasion items are banned
|rule|Evasion Moves Clause: Evasion moves are banned
|rule|Evasion Abilities Clause: Evasion abilities are banned
|rule|Sleep Moves Clause: Sleep-inducing moves are banned
|clearpoke
|poke|p1|Slowking, F|
|poke|p1|Great Tusk|
|poke|p1|Raging Bolt|
|poke|p1|Rillaboom, M|
|poke|p1|Enamorus, F|
|poke|p1|Pecharunt|
|poke|p2|Wo-Chien|
|poke|p2|Iron Treads|
|poke|p2|Hawlucha, F|
|poke|p2|Slowking-Galar, M|
|poke|p2|Polteageist-Antique|
|poke|p2|Skeledirge, M|
|teampreview
|inactive|Battle timer is ON: inactive players will automatically lose when time's up. (requested by zticma)
|
|t:|1757913386
|teamsize|p1|6
|teamsize|p2|6
|start
|switch|p1a: Slowking|Slowking, F, shiny|100/100
|switch|p2a: CRWN|Slowking-Galar, M|100/100
|turn|1
|
|t:|1757913389
|move|p2a: CRWN|Future Sight|p1a: Slowking
|-start|p2a: CRWN|move: Future Sight
|move|p1a: Slowking|Future Sight|p2a: CRWN
|-start|p1a: Slowking|move: Future Sight
|
|upkeep
|turn|2
|
|t:|1757913394
|move|p2a: CRWN|Sludge Wave|p1a: Slowking
|-damage|p1a: Slowking|78/100
|-prepare|p1a: Slowking|Chilly Reception|[premajor]
|move|p1a: Slowking|Chilly Reception|p1a: Slowking
|-weather|Snowscape
|
|t:|1757913399
|switch|p1a: Great Tusk|Great Tusk|100/100|[from] Chilly Reception
|
|-weather|Snowscape|[upkeep]
|upkeep
|turn|3
|
|t:|1757913404
|move|p1a: Great Tusk|Headlong Rush|p2a: CRWN
|-supereffective|p2a: CRWN
|-damage|p2a: CRWN|0 fnt
|-unboost|p1a: Great Tusk|def|1
|-unboost|p1a: Great Tusk|spd|1
|faint|p2a: CRWN
|
|-weather|Snowscape|[upkeep]
|-end|p1a: Great Tusk|move: Future Sight
|-supereffective|p1a: Great Tusk
|-damage|p1a: Great Tusk|0 fnt
|faint|p1a: Great Tusk
|-end|p1a: Great Tusk|Protosynthesis|[silent]
|-hint|Future Sight did not hit because the target is fainted.
|upkeep
|
|t:|1757913414
|switch|p1a: Raging Bolt|Raging Bolt|100/100
|switch|p2a: Roberto|Wo-Chien|100/100
|-ability|p2a: Roberto|Tablets of Ruin
|turn|4
|
|t:|1757913418
|move|p1a: Raging Bolt|Weather Ball|p2a: Roberto
|-supereffective|p2a: Roberto
|-damage|p2a: Roberto|41/100
|move|p2a: Roberto|Knock Off|p1a: Raging Bolt
|-damage|p1a: Raging Bolt|77/100
|-enditem|p1a: Raging Bolt|Choice Specs|[from] move: Knock Off|[of] p2a: Roberto
|
|-weather|Snowscape|[upkeep]
|-heal|p2a: Roberto|47/100|[from] item: Leftovers
|upkeep
|turn|5
|
|t:|1757913430
|move|p2a: Roberto|Protect|p2a: Roberto
|-singleturn|p2a: Roberto|Protect
|move|p1a: Raging Bolt|Weather Ball|p2a: Roberto
|-activate|p2a: Roberto|move: Protect
|
|-weather|Snowscape|[upkeep]
|-heal|p2a: Roberto|53/100|[from] item: Leftovers
|upkeep
|turn|6
|
|t:|1757913435
|switch|p2a: Lyle|Skeledirge, M|100/100
|move|p1a: Raging Bolt|Volt Switch|p2a: Lyle
|-damage|p2a: Lyle|59/100
|
|t:|1757913440
|-end|p1a: Raging Bolt|Protosynthesis|[silent]
|switch|p1a: Pecharunt|Pecharunt|100/100|[from] Volt Switch
|
|-weather|none
|upkeep
|turn|7
|
|t:|1757913448
|move|p1a: Pecharunt|Malignant Chain|p2a: Lyle
|-resisted|p2a: Lyle
|-damage|p2a: Lyle|40/100
|-status|p2a: Lyle|tox
|-start|p2a: Lyle|confusion|[from] ability: Poison Puppeteer|[of] p1a: Pecharunt
|-activate|p2a: Lyle|confusion
|-damage|p2a: Lyle|37/100 tox|[from] confusion
|
|-damage|p2a: Lyle|30/100 tox|[from] psn
|upkeep
|turn|8
|
|t:|1757913457
|move|p1a: Pecharunt|Hex|p2a: Lyle
|-supereffective|p2a: Lyle
|-damage|p2a: Lyle|0 fnt
|faint|p2a: Lyle
|
|upkeep
|l|☆zticma
|inactive|zticma disconnected and has a minute to reconnect!
|player|p1|
|
|t:|1757913466
|switch|p2a: Bot|Iron Treads|100/100
|-enditem|p2a: Bot|Booster Energy
|-activate|p2a: Bot|ability: Quark Drive|[fromitem]
|-start|p2a: Bot|quarkdriveatk
|turn|9
|inactive|zticma has 30 seconds to reconnect!
|j|☆zticma
|inactive|zticma reconnected and has 120 seconds left.
|player|p1|zticma|101|
|
|t:|1757913503
|move|p2a: Bot|Earthquake|p1a: Pecharunt
|-supereffective|p1a: Pecharunt
|-damage|p1a: Pecharunt|29/100
|move|p1a: Pecharunt|Parting Shot|p2a: Bot
|-unboost|p2a: Bot|atk|1
|-unboost|p2a: Bot|spa|1
|
|t:|1757913510
|switch|p1a: Rillaboom|Rillaboom, M|100/100|[from] Parting Shot
|-fieldstart|move: Grassy Terrain|[from] ability: Grassy Surge|[of] p1a: Rillaboom
|
|upkeep
|turn|10
|
|t:|1757913516
|move|p2a: Bot|Iron Head|p1a: Rillaboom
|-damage|p1a: Rillaboom|61/100
|move|p1a: Rillaboom|Knock Off|p2a: Bot
|-damage|p2a: Bot|73/100
|
|-heal|p2a: Bot|79/100|[from] Grassy Terrain
|-heal|p1a: Rillaboom|67/100|[from] Grassy Terrain
|upkeep
|turn|11
|
|t:|1757913521
|switch|p1a: Slowking|Slowking, F, shiny|100/100
|move|p2a: Bot|Iron Head|p1a: Slowking
|-resisted|p1a: Slowking
|-damage|p1a: Slowking|82/100
|
|-heal|p2a: Bot|85/100|[from] Grassy Terrain
|-heal|p1a: Slowking|88/100|[from] Grassy Terrain
|upkeep
|turn|12
|
|t:|1757913524
|move|p2a: Bot|Supercell Slam|p1a: Slowking
|-supereffective|p1a: Slowking
|-damage|p1a: Slowking|24/100
|move|p1a: Slowking|Future Sight|p2a: Bot
|-start|p1a: Slowking|move: Future Sight
|
|-heal|p2a: Bot|91/100|[from] Grassy Terrain
|-heal|p1a: Slowking|30/100|[from] Grassy Terrain
|upkeep
|turn|13
|
|t:|1757913529
|move|p2a: Bot|Iron Head|p1a: Slowking
|-resisted|p1a: Slowking
|-damage|p1a: Slowking|10/100
|move|p1a: Slowking|Scald|p2a: Bot
|-supereffective|p2a: Bot
|-damage|p2a: Bot|12/100
|
|-heal|p2a: Bot|19/100|[from] Grassy Terrain
|-heal|p1a: Slowking|16/100|[from] Grassy Terrain
|-fieldend|move: Grassy Terrain
|upkeep
|turn|14
|
|t:|1757913540
|move|p2a: Bot|Earthquake|p1a: Slowking
|-damage|p1a: Slowking|0 fnt
|faint|p1a: Slowking
|
|-end|p2a: Bot|move: Future Sight
|-resisted|p2a: Bot
|-damage|p2a: Bot|0 fnt
|faint|p2a: Bot
|-end|p2a: Bot|Quark Drive|[silent]
|upkeep
|
|t:|1757913555
|switch|p2a: Roberto|Wo-Chien|53/100
|switch|p1a: Enamorus|Enamorus, F|100/100
|-ability|p2a: Roberto|Tablets of Ruin
|turn|15
|
|t:|1757913562
|switch|p1a: Pecharunt|Pecharunt|29/100
|move|p2a: Roberto|Leech Seed|p1a: Pecharunt
|-start|p1a: Pecharunt|move: Leech Seed
|
|-heal|p2a: Roberto|59/100|[from] item: Leftovers
|-damage|p1a: Pecharunt|17/100|[from] Leech Seed|[of] p2a: Roberto
|-heal|p2a: Roberto|71/100|[silent]
|upkeep
|turn|16
|
|t:|1757913577
|move|p1a: Pecharunt|Malignant Chain|p2a: Roberto
|-supereffective|p2a: Roberto
|-damage|p2a: Roberto|36/100
|move|p2a: Roberto|Knock Off|p1a: Pecharunt
|-supereffective|p1a: Pecharunt
|-damage|p1a: Pecharunt|0 fnt
|-damage|p2a: Roberto|19/100|[from] item: Rocky Helmet|[of] p1a: Pecharunt
|-enditem|p1a: Pecharunt|Rocky Helmet|[from] move: Knock Off|[of] p2a: Roberto
|faint|p1a: Pecharunt
|
|-heal|p2a: Roberto|25/100|[from] item: Leftovers
|upkeep
|
|t:|1757913585
|switch|p1a: Enamorus|Enamorus, F|100/100
|turn|17
|
|t:|1757913604
|move|p1a: Enamorus|Moonblast|p2a: Roberto
|-supereffective|p2a: Roberto
|-damage|p2a: Roberto|0 fnt
|faint|p2a: Roberto
|
|upkeep
|
|t:|1757913607
|switch|p2a: lil'|Polteageist-Antique|100/100
|turn|18
|
|t:|1757913612
|move|p1a: Enamorus|Moonblast|p2a: lil'
|-damage|p2a: lil'|44/100
|-unboost|p2a: lil'|spa|1
|move|p2a: lil'|Shell Smash|p2a: lil'
|-unboost|p2a: lil'|def|1
|-unboost|p2a: lil'|spd|1
|-boost|p2a: lil'|atk|2
|-boost|p2a: lil'|spa|2
|-boost|p2a: lil'|spe|2
|
|upkeep
|turn|19
|
|t:|1757913618
|move|p1a: Enamorus|Moonblast|p2a: lil'
|-damage|p2a: lil'|0 fnt
|-start|p1a: Enamorus|Disable|Moonblast|[from] ability: Cursed Body|[of] p2a: lil'
|faint|p2a: lil'
|
|upkeep
|
|t:|1757913622
|switch|p2a: Rey|Hawlucha, F|100/100
|-ability|p2a: Rey|Mold Breaker
|turn|20
|
|t:|1757913626
|switch|p1a: Rillaboom|Rillaboom, M|67/100
|-fieldstart|move: Grassy Terrain|[from] ability: Grassy Surge|[of] p1a: Rillaboom
|move|p2a: Rey|Swords Dance|p2a: Rey
|-boost|p2a: Rey|atk|2
|
|-heal|p1a: Rillaboom|73/100|[from] Grassy Terrain
|upkeep
|turn|21
|
|t:|1757913629
|move|p1a: Rillaboom|Grassy Glide|p2a: Rey
|-resisted|p2a: Rey
|-damage|p2a: Rey|63/100
|move|p2a: Rey|Acrobatics|p1a: Rillaboom
|-supereffective|p1a: Rillaboom
|-damage|p1a: Rillaboom|0 fnt
|faint|p1a: Rillaboom
|
|upkeep
|
|t:|1757913635
|switch|p1a: Raging Bolt|Raging Bolt|77/100
|turn|22
|
|t:|1757913638
|move|p1a: Raging Bolt|Thunderclap||[still]
|-fail|p1a: Raging Bolt
|move|p2a: Rey|Substitute|p2a: Rey
|-start|p2a: Rey|Substitute
|-damage|p2a: Rey|39/100
|
|-heal|p1a: Raging Bolt|83/100|[from] Grassy Terrain
|upkeep
|turn|23
|
|t:|1757913645
|move|p2a: Rey|Close Combat|p1a: Raging Bolt
|-damage|p1a: Raging Bolt|1/100
|-unboost|p2a: Rey|def|1
|-unboost|p2a: Rey|spd|1
|move|p1a: Raging Bolt|Volt Switch|p2a: Rey
|-supereffective|p2a: Rey
|-end|p2a: Rey|Substitute
|
|t:|1757913652
|-end|p1a: Raging Bolt|Protosynthesis|[silent]
|switch|p1a: Enamorus|Enamorus, F|100/100|[from] Volt Switch
|
|upkeep
|turn|24
|
|t:|1757913655
|-terastallize|p1a: Enamorus|Fairy
|-terastallize|p2a: Rey|Steel
|move|p1a: Enamorus|Moonblast|p2a: Rey
|-resisted|p2a: Rey
|-damage|p2a: Rey|0 fnt
|faint|p2a: Rey
|
|win|zticma
|raw|zticma's rating: 1281 &rarr; <strong>1309</strong><br />(+28 for winning)
|raw|kwame's rating: 1319 &rarr; <strong>1297</strong><br />(-22 for losing)
|l|☆zticma
|player|p1|
|l|☆kwame
|player|p2|
