|j|☆IN Champion
|j|☆Scoobert995
|t:|1757912394
|gametype|singles
|player|p1|IN Champion|1|1058
|player|p2|Scoobert995|pokemaniac|1073
|gen|9
|tier|[Gen 9] OU
|rated|
|rule|HP Percentage Mod: HP is shown in percentages
|rule|Endless Battle Clause: Forcing endless battles is banned
|rule|Species Clause: Limit one of each Pokémon
|rule|OHKO Clause: OHKO moves are banned
|rule|Evasion Items Clause: Evasion items are banned
|rule|Evasion Moves Clause: Evasion moves are banned
|rule|Evasion Abilities Clause: Evasion abilities are banned
|rule|Sleep Moves Clause: Sleep-inducing moves are banned
|clearpoke
|poke|p1|Zoroark-Hisui, M|
|poke|p1|Gengar, M|
|poke|p1|Gliscor, M|
|poke|p1|Decidueye, M|
|poke|p1|Inteleon, M|
|poke|p1|Umbreon, M|
|poke|p2|Zapdos-Galar|
|poke|p2|Hoopa-Unbound|
|poke|p2|Garchomp, M|
|poke|p2|Pecharunt|
|poke|p2|Heatran, M|
|poke|p2|Mew|
|teampreview
|
|t:|1757912411
|teamsize|p1|6
|teamsize|p2|6
|start
|switch|p1a: Gliscor|Gliscor, M|100/100
|switch|p2a: Choso|Pecharunt|100/100
|turn|1
|inactive|Battle timer is ON: inactive players will automatically lose when time's up. (requested by Scoobert995)
|
|t:|1757912424
|move|p2a: Choso|Curse|p1a: Gliscor
|-start|p1a: Gliscor|Curse|[of] p2a: Choso
|-damage|p2a: Choso|50/100
|move|p1a: Gliscor|Stealth Rock|p2a: Choso
|-sidestart|p2: Scoobert995|move: Stealth Rock
|
|-damage|p1a: Gliscor|76/100|[from] Curse
|-status|p1a: Gliscor|tox|[from] item: Toxic Orb
|upkeep
|turn|2
|
|t:|1757912437
|move|p1a: Gliscor|Protect|p1a: Gliscor
|-singleturn|p1a: Gliscor|Protect
|move|p2a: Choso|Recover|p2a: Choso
|-heal|p2a: Choso|100/100
|
|-heal|p1a: Gliscor|88/100 tox|[from] ability: Poison Heal
|-damage|p1a: Gliscor|63/100 tox|[from] Curse
|upkeep
|turn|3
|
|t:|1757912448
|move|p2a: Choso|Parting Shot|p1a: Gliscor
|-unboost|p1a: Gliscor|atk|1
|-unboost|p1a: Gliscor|spa|1
|
|t:|1757912451
|switch|p2a: Rika|Mew|100/100|[from] Parting Shot
|move|p1a: Gliscor|Earthquake|p2a: Rika
|-damage|p2a: Rika|83/100
|
|-heal|p1a: Gliscor|76/100 tox|[from] ability: Poison Heal
|-damage|p1a: Gliscor|51/100 tox|[from] Curse
|upkeep
|turn|4
|
|t:|1757912466
|move|p2a: Rika|Draining Kiss|p1a: Gliscor
|-damage|p1a: Gliscor|42/100 tox
|-heal|p2a: Rika|89/100|[from] drain|[of] p1a: Gliscor
|move|p1a: Gliscor|Substitute|p1a: Gliscor
|-start|p1a: Gliscor|Substitute
|-damage|p1a: Gliscor|17/100 tox
|
|-heal|p1a: Gliscor|29/100 tox|[from] ability: Poison Heal
|-damage|p1a: Gliscor|4/100 tox|[from] Curse
|upkeep
|turn|5
|
|t:|1757912482
|move|p1a: Gliscor|Protect|p1a: Gliscor
|-singleturn|p1a: Gliscor|Protect
|move|p2a: Rika|Draining Kiss|p1a: Gliscor
|-activate|p1a: Gliscor|move: Protect
|
|-heal|p1a: Gliscor|17/100 tox|[from] ability: Poison Heal
|-damage|p1a: Gliscor|0 fnt|[from] Curse
|faint|p1a: Gliscor
|upkeep
|
|t:|1757912496
|switch|p1a: Gengar|Gengar, M|100/100
|-item|p1a: Gengar|Air Balloon
|turn|6
|
|t:|1757912508
|move|p1a: Gengar|Sludge Wave|p2a: Rika
|-damage|p2a: Rika|59/100
|move|p2a: Rika|Transform|p1a: Gengar
|-transform|p2a: Rika|p1a: Gengar
|
|upkeep
|turn|7
|
|t:|1757912518
|switch|p1a: Umbreon|Umbreon, M|100/100
|move|p2a: Rika|Perish Song|p2a: Rika
|-start|p1a: Umbreon|perish3|[silent]
|-start|p2a: Rika|perish3|[silent]
|-fieldactivate|move: Perish Song
|
|-start|p2a: Rika|perish3
|-start|p1a: Umbreon|perish3
|upkeep
|turn|8
|
|t:|1757912536
|move|p2a: Rika|Dazzling Gleam|p1a: Umbreon
|-supereffective|p1a: Umbreon
|-damage|p1a: Umbreon|61/100
|move|p1a: Umbreon|Thunder Wave|p2a: Rika
|-status|p2a: Rika|par
|
|-heal|p1a: Umbreon|68/100|[from] item: Leftovers
|-start|p2a: Rika|perish2
|-start|p1a: Umbreon|perish2
|upkeep
|turn|9
|
|t:|1757912550
|switch|p2a: Choso|Pecharunt|100/100
|-damage|p2a: Choso|88/100|[from] Stealth Rock
|move|p1a: Umbreon|Moonlight|p1a: Umbreon
|-heal|p1a: Umbreon|100/100
|
|-start|p1a: Umbreon|perish1
|upkeep
|turn|10
|
|t:|1757912563
|switch|p1a: Gengar|Gengar, M|100/100
|move|p2a: Choso|Toxic|p1a: Gengar
|-status|p1a: Gengar|tox
|-start|p1a: Gengar|confusion|[from] ability: Poison Puppeteer|[of] p2a: Choso
|
|-damage|p1a: Gengar|95/100 tox|[from] psn
|upkeep
|turn|11
|inactive|IN Champion has 120 seconds left.
|
|t:|1757912584
|switch|p2a: Yuta|Hoopa-Unbound|100/100
|-damage|p2a: Yuta|88/100|[from] Stealth Rock
|-activate|p1a: Gengar|confusion
|move|p1a: Gengar|Bitter Malice|p2a: Yuta
|-damage|p2a: Yuta|48/100
|-unboost|p2a: Yuta|atk|1
|-enditem|p2a: Yuta|Red Card|[of] p1a: Gengar
|drag|p1a: Inteleon|Inteleon, M|100/100
|
|upkeep
|turn|12
|inactive|IN Champion has 120 seconds left.
|
|t:|1757912598
|move|p1a: Inteleon|Snipe Shot|p2a: Yuta
|-damage|p2a: Yuta|17/100
|move|p2a: Yuta|Future Sight|p1a: Inteleon
|-start|p2a: Yuta|move: Future Sight
|
|upkeep
|turn|13
|inactive|IN Champion has 120 seconds left.
|
|t:|1757912612
|move|p2a: Yuta|Protect|p2a: Yuta
|-singleturn|p2a: Yuta|Protect
|move|p1a: Inteleon|Snipe Shot|p2a: Yuta
|-activate|p2a: Yuta|move: Protect
|
|upkeep
|turn|14
|
|t:|1757912619
|switch|p1a: Umbreon|Umbreon, M|100/100
|move|p2a: Yuta|Protect||[still]
|-fail|p2a: Yuta
|
|-end|p1a: Umbreon|move: Future Sight
|-immune|p1a: Umbreon
|upkeep
|turn|15
|
|t:|1757912630
|move|p2a: Yuta|Hyperspace Fury|p1a: Umbreon
|-resisted|p1a: Umbreon
|-damage|p1a: Umbreon|91/100
|-unboost|p2a: Yuta|def|1
|-item|p2a: Yuta|Leftovers|[from] ability: Magician|[of] p1a: Umbreon
|move|p1a: Umbreon|Foul Play|p2a: Yuta
|-crit|p2a: Yuta
|-damage|p2a: Yuta|0 fnt
|faint|p2a: Yuta
|
|upkeep
|
|t:|1757912640
|switch|p2a: Yuji|Zapdos-Galar|100/100
|-damage|p2a: Yuji|88/100|[from] Stealth Rock
|turn|16
|
|t:|1757912651
|-terastallize|p1a: Umbreon|Poison
|move|p2a: Yuji|Trailblaze|p1a: Umbreon
|-resisted|p1a: Umbreon
|-damage|p1a: Umbreon|86/100
|-boost|p2a: Yuji|spe|1
|move|p1a: Umbreon|Substitute|p1a: Umbreon
|-start|p1a: Umbreon|Substitute
|-damage|p1a: Umbreon|61/100
|
|upkeep
|turn|17
|
|t:|1757912662
|move|p2a: Yuji|Thunderous Kick|p1a: Umbreon
|-resisted|p1a: Umbreon
|-activate|p1a: Umbreon|move: Substitute|[damage]
|move|p1a: Umbreon|Thunder Wave|p2a: Yuji
|-status|p2a: Yuji|par
|
|upkeep
|turn|18
|
|t:|1757912671
|move|p2a: Yuji|Trailblaze|p1a: Umbreon
|-resisted|p1a: Umbreon
|-activate|p1a: Umbreon|move: Substitute|[damage]
|-boost|p2a: Yuji|spe|1
|move|p1a: Umbreon|Foul Play|p2a: Yuji
|-resisted|p2a: Yuji
|-damage|p2a: Yuji|65/100 par
|
|upkeep
|turn|19
|
|t:|1757912682
|move|p2a: Yuji|Trailblaze|p1a: Umbreon
|-resisted|p1a: Umbreon
|-end|p1a: Umbreon|Substitute
|-boost|p2a: Yuji|spe|1
|move|p1a: Umbreon|Moonlight|p1a: Umbreon
|-heal|p1a: Umbreon|100/100
|
|upkeep
|turn|20
|
|t:|1757912691
|cant|p2a: Yuji|par
|move|p1a: Umbreon|Substitute|p1a: Umbreon
|-start|p1a: Umbreon|Substitute
|-damage|p1a: Umbreon|76/100
|
|upkeep
|turn|21
|
|t:|1757912698
|cant|p2a: Yuji|par
|move|p1a: Umbreon|Foul Play|p2a: Yuji
|-resisted|p2a: Yuji
|-damage|p2a: Yuji|40/100 par
|
|upkeep
|turn|22
|
|t:|1757912706
|move|p2a: Yuji|Brave Bird|p1a: Umbreon
|-end|p1a: Umbreon|Substitute
|-damage|p2a: Yuji|31/100 par|[from] Recoil|[of] p1a: Umbreon
|move|p1a: Umbreon|Foul Play|p2a: Yuji
|-resisted|p2a: Yuji
|-damage|p2a: Yuji|8/100 par
|
|upkeep
|turn|23
|
|t:|1757912716
|cant|p2a: Yuji|par
|move|p1a: Umbreon|Foul Play|p2a: Yuji
|-resisted|p2a: Yuji
|-damage|p2a: Yuji|0 fnt
|faint|p2a: Yuji
|
|upkeep
|
|t:|1757912722
|switch|p2a: Hakari|Heatran, M|100/100
|-damage|p2a: Hakari|88/100|[from] Stealth Rock
|turn|24
|
|t:|1757912732
|move|p2a: Hakari|Magma Storm|p1a: Umbreon
|-damage|p1a: Umbreon|38/100
|-activate|p1a: Umbreon|move: Magma Storm|[of] p2a: Hakari
|move|p1a: Umbreon|Thunder Wave|p2a: Hakari
|-status|p2a: Hakari|par
|
|-damage|p1a: Umbreon|26/100|[from] move: Magma Storm|[partiallytrapped]
|upkeep
|turn|25
|
|t:|1757912745
|move|p1a: Umbreon|Foul Play|p2a: Hakari
|-crit|p2a: Hakari
|-damage|p2a: Hakari|54/100 par
|-status|p1a: Umbreon|brn|[from] ability: Flame Body|[of] p2a: Hakari
|move|p2a: Hakari|Will-O-Wisp|p1a: Umbreon
|-fail|p1a: Umbreon|brn
|
|-damage|p1a: Umbreon|20/100 brn|[from] brn
|-damage|p1a: Umbreon|7/100 brn|[from] move: Magma Storm|[partiallytrapped]
|upkeep
|turn|26
|
|t:|1757912758
|move|p2a: Hakari|Protect|p2a: Hakari
|-singleturn|p2a: Hakari|Protect
|move|p1a: Umbreon|Foul Play|p2a: Hakari
|-activate|p2a: Hakari|move: Protect
|
|-damage|p1a: Umbreon|1/100 brn|[from] brn
|-damage|p1a: Umbreon|0 fnt|[from] move: Magma Storm|[partiallytrapped]
|faint|p1a: Umbreon
|upkeep
|
|t:|1757912774
|switch|p1a: Inteleon|Inteleon, M|100/100
|turn|27
|
|t:|1757912781
|-terastallize|p2a: Hakari|Grass
|move|p1a: Inteleon|Snipe Shot|p2a: Hakari
|-resisted|p2a: Hakari
|-damage|p2a: Hakari|39/100 par
|cant|p2a: Hakari|par
|
|upkeep
|turn|28
|
|t:|1757912795
|move|p1a: Inteleon|Ice Beam|p2a: Hakari
|-supereffective|p2a: Hakari
|-damage|p2a: Hakari|0 fnt
|faint|p2a: Hakari
|
|upkeep
|
|t:|1757912800
|switch|p2a: Choso|Pecharunt|88/100
|-damage|p2a: Choso|76/100|[from] Stealth Rock
|turn|29
|
|t:|1757912810
|switch|p1a: Gengar|Gengar, M|95/100 tox
|move|p2a: Choso|Toxic|p1a: Gengar
|-fail|p1a: Gengar|tox
|
|-damage|p1a: Gengar|89/100 tox|[from] psn
|upkeep
|turn|30
|
|t:|1757912825
|move|p1a: Gengar|Bitter Malice|p2a: Choso
|-supereffective|p2a: Choso
|-crit|p2a: Choso
|-damage|p2a: Choso|0 fnt
|faint|p2a: Choso
|
|-damage|p1a: Gengar|77/100 tox|[from] psn
|upkeep
|
|t:|1757912832
|switch|p2a: Maki|Garchomp, M|100/100
|-damage|p2a: Maki|94/100|[from] Stealth Rock
|turn|31
|
|t:|1757912838
|move|p1a: Gengar|Bitter Malice|p2a: Maki
|-damage|p2a: Maki|40/100
|-unboost|p2a: Maki|atk|1
|move|p2a: Maki|Swords Dance|p2a: Maki
|-boost|p2a: Maki|atk|2
|
|-damage|p1a: Gengar|59/100 tox|[from] psn
|upkeep
|turn|32
|
|t:|1757912851
|move|p1a: Gengar|Bitter Malice|p2a: Maki
|-damage|p2a: Maki|0 fnt
|faint|p2a: Maki
|
|-damage|p1a: Gengar|35/100 tox|[from] psn
|upkeep
|
|t:|1757912858
|switch|p2a: Rika|Mew|59/100 par
|turn|33
|-message|Scoobert995 forfeited.
|
|win|IN Champion
|raw|IN Champion's rating: 1058 &rarr; <strong>1091</strong><br />(+33 for winning)
|raw|Scoobert995's rating: 1073 &rarr; <strong>1051</strong><br />(-22 for losing)
|l|☆Scoobert995
|player|p2|
|l|☆IN Champion
|player|p1|
