|j|☆aaaaaaaa2345
|j|☆567crazy
|t:|1757918071
|gametype|singles
|player|p1|aaaaaaaa2345|may-rs|1054
|player|p2|567crazy|101|1063
|gen|9
|tier|[Gen 9] OU
|rated|
|rule|HP Percentage Mod: HP is shown in percentages
|rule|Endless Battle Clause: Forcing endless battles is banned
|rule|Species Clause: Limit one of each Pokémon
|rule|OHKO Clause: OHKO moves are banned
|rule|Evasion Items Clause: Evasion items are banned
|rule|Evasion Moves Clause: Evasion moves are banned
|rule|Evasion Abilities Clause: Evasion abilities are banned
|rule|Sleep Moves Clause: Sleep-inducing moves are banned
|clearpoke
|poke|p1|Shuppet, M|
|poke|p1|Zorua-Hisui, F|
|poke|p1|Espeon, F|
|poke|p1|Garchomp, M|
|poke|p1|Metagross|
|poke|p1|Zoroark, F|
|poke|p2|Zoroark-Hisui, F|
|poke|p2|Blissey, F|
|poke|p2|Pineco, L1, M|
|poke|p2|Kingambit, M|
|poke|p2|Toxapex, M|
|poke|p2|Excadrill, F|
|teampreview
|inactive|Battle timer is ON: inactive players will automatically lose when time's up. (requested by aaaaaaaa2345)
|
|t:|1757918098
|teamsize|p1|6
|teamsize|p2|6
|start
|switch|p1a: bleh|Shuppet, M|100/100
|switch|p2a: Toxapex|Toxapex, M|100/100
|turn|1
|
|t:|1757918116
|move|p1a: bleh|Taunt|p2a: Toxapex
|-start|p2a: Toxapex|move: Taunt
|cant|p2a: Toxapex|move: Taunt|Toxic Spikes
|
|upkeep
|turn|2
|
|t:|1757918122
|move|p1a: bleh|Encore||[still]
|-fail|p1a: bleh
|move|p2a: Toxapex|Sludge Bomb|p1a: bleh
|-resisted|p1a: bleh
|-damage|p1a: bleh|87/100
|-status|p1a: bleh|psn
|
|-damage|p1a: bleh|75/100 psn|[from] psn
|upkeep
|turn|3
|
|t:|1757918130
|move|p1a: bleh|Will-O-Wisp|p2a: Toxapex
|-status|p2a: Toxapex|brn
|move|p2a: Toxapex|Sludge Bomb|p1a: bleh
|-resisted|p1a: bleh
|-damage|p1a: bleh|62/100 psn
|
|-damage|p1a: bleh|50/100 psn|[from] psn
|-damage|p2a: Toxapex|95/100 brn|[from] brn
|-end|p2a: Toxapex|move: Taunt
|upkeep
|turn|4
|
|t:|1757918144
|move|p1a: bleh|Taunt|p2a: Toxapex
|-start|p2a: Toxapex|move: Taunt
|cant|p2a: Toxapex|move: Taunt|Recover
|
|-damage|p1a: bleh|38/100 psn|[from] psn
|-damage|p2a: Toxapex|89/100 brn|[from] brn
|upkeep
|turn|5
|
|t:|1757918151
|switch|p1a: Metagross|Metagross|100/100
|move|p2a: Toxapex|Sludge Bomb|p1a: Metagross
|-immune|p1a: Metagross
|
|-damage|p2a: Toxapex|83/100 brn|[from] brn
|upkeep
|turn|6
|
|t:|1757918168
|switch|p2a: Kingambit|Kingambit, M|100/100
|move|p1a: Metagross|Stealth Rock|p2a: Kingambit
|-sidestart|p2: 567crazy|move: Stealth Rock
|
|upkeep
|turn|7
|
|t:|1757918181
|move|p2a: Kingambit|Sucker Punch|p1a: Metagross
|-supereffective|p1a: Metagross
|-damage|p1a: Metagross|42/100
|move|p1a: Metagross|Knock Off|p2a: Kingambit
|-resisted|p2a: Kingambit
|-damage|p2a: Kingambit|88/100
|-enditem|p2a: Kingambit|Focus Sash|[from] move: Knock Off|[of] p1a: Metagross
|
|upkeep
|turn|8
|
|t:|1757918198
|switch|p1a: Metagross|Metagross|100/100
|move|p2a: Kingambit|Kowtow Cleave|p1a: Metagross
|-resisted|p1a: Metagross
|-damage|p1a: Metagross|43/100
|replace|p1a: again??|Zoroark, F
|-end|p1a: again??|Illusion
|
|upkeep
|turn|9
|
|t:|1757918220
|move|p1a: again??|U-turn|p2a: Kingambit
|-damage|p2a: Kingambit|71/100
|
|t:|1757918225
|switch|p1a: Metagross|Metagross|100/100|[from] U-turn
|move|p2a: Kingambit|Iron Head|p1a: Metagross
|-enditem|p1a: Metagross|Focus Sash
|-damage|p1a: Metagross|1/100
|replace|p1a: those who know|Zorua-Hisui, F
|-end|p1a: those who know|Illusion
|
|upkeep
|turn|10
|
|t:|1757918235
|move|p2a: Kingambit|Sucker Punch||[still]
|-fail|p2a: Kingambit
|move|p1a: those who know|Pain Split|p2a: Kingambit
|-sethp|p2a: Kingambit|36/100|[from] move: Pain Split|[silent]
|-sethp|p1a: those who know|52/100|[from] move: Pain Split
|
|upkeep
|turn|11
|
|t:|1757918245
|move|p1a: those who know|Will-O-Wisp|p2a: Kingambit
|-status|p2a: Kingambit|brn
|move|p2a: Kingambit|Kowtow Cleave|p1a: those who know
|-supereffective|p1a: those who know
|-damage|p1a: those who know|0 fnt
|faint|p1a: those who know
|
|-damage|p2a: Kingambit|29/100 brn|[from] brn
|upkeep
|
|t:|1757918254
|switch|p1a: bleh|Shuppet, M|38/100 psn
|turn|12
|
|t:|1757918262
|move|p2a: Kingambit|Sucker Punch||[still]
|-fail|p2a: Kingambit
|move|p1a: bleh|Encore|p2a: Kingambit
|-start|p2a: Kingambit|Encore
|
|-damage|p1a: bleh|26/100 psn|[from] psn
|-damage|p2a: Kingambit|23/100 brn|[from] brn
|upkeep
|turn|13
|
|t:|1757918274
|-end|p2a: Kingambit|fallenundefined|[silent]
|switch|p2a: Toxapex|Toxapex, M|100/100 brn
|-damage|p2a: Toxapex|88/100 brn|[from] Stealth Rock
|move|p1a: bleh|Encore||[still]
|-fail|p1a: bleh
|
|-damage|p1a: bleh|14/100 psn|[from] psn
|-damage|p2a: Toxapex|82/100 brn|[from] brn
|upkeep
|turn|14
|
|t:|1757918286
|move|p1a: bleh|Taunt|p2a: Toxapex
|-start|p2a: Toxapex|move: Taunt
|cant|p2a: Toxapex|move: Taunt|Toxic Spikes
|
|-damage|p1a: bleh|1/100 psn|[from] psn
|-damage|p2a: Toxapex|76/100 brn|[from] brn
|upkeep
|turn|15
|
|t:|1757918294
|move|p1a: bleh|Will-O-Wisp|p2a: Toxapex
|-fail|p2a: Toxapex|brn
|move|p2a: Toxapex|Sludge Bomb|p1a: bleh
|-resisted|p1a: bleh
|-damage|p1a: bleh|0 fnt
|faint|p1a: bleh
|
|-damage|p2a: Toxapex|70/100 brn|[from] brn
|upkeep
|
|t:|1757918305
|switch|p1a: Espeon|Espeon, F|100/100
|turn|16
|
|t:|1757918310
|move|p1a: Espeon|Psychic|p2a: Toxapex
|-supereffective|p2a: Toxapex
|-damage|p2a: Toxapex|0 fnt
|faint|p2a: Toxapex
|
|upkeep
|
|t:|1757918320
|switch|p2a: Kingambit|Kingambit, M|23/100 brn
|-damage|p2a: Kingambit|17/100 brn|[from] Stealth Rock
|-activate|p2a: Kingambit|ability: Supreme Overlord
|-start|p2a: Kingambit|fallen1|[silent]
|turn|17
|
|t:|1757918326
|move|p2a: Kingambit|Sucker Punch|p1a: Espeon
|-supereffective|p1a: Espeon
|-damage|p1a: Espeon|19/100
|move|p1a: Espeon|Psychic|p2a: Kingambit
|-immune|p2a: Kingambit
|
|-damage|p2a: Kingambit|11/100 brn|[from] brn
|upkeep
|turn|18
|
|t:|1757918334
|move|p2a: Kingambit|Sucker Punch|p1a: Espeon
|-supereffective|p1a: Espeon
|-damage|p1a: Espeon|0 fnt
|faint|p1a: Espeon
|
|-damage|p2a: Kingambit|5/100 brn|[from] brn
|upkeep
|
|t:|1757918350
|switch|p1a: Garchomp|Garchomp, M|100/100
|turn|19
|
|t:|1757918357
|move|p1a: Garchomp|Protect|p1a: Garchomp
|-singleturn|p1a: Garchomp|Protect
|move|p2a: Kingambit|Sucker Punch||[still]
|-fail|p2a: Kingambit
|
|-damage|p2a: Kingambit|0 fnt|[from] brn
|faint|p2a: Kingambit
|-end|p2a: Kingambit|fallen1|[silent]
|upkeep
|
|t:|1757918366
|switch|p2a: Excadrill|Excadrill, F|100/100
|-damage|p2a: Excadrill|97/100|[from] Stealth Rock
|-ability|p2a: Excadrill|Mold Breaker
|-item|p2a: Excadrill|Air Balloon
|turn|20
|
|t:|1757918376
|move|p2a: Excadrill|Rapid Spin|p1a: Garchomp
|-damage|p1a: Garchomp|90/100
|-boost|p2a: Excadrill|spe|1
|-damage|p2a: Excadrill|85/100|[from] ability: Rough Skin|[of] p1a: Garchomp
|-damage|p2a: Excadrill|68/100|[from] item: Rocky Helmet|[of] p1a: Garchomp
|-sideend|p2: 567crazy|Stealth Rock|[from] move: Rapid Spin|[of] p2a: Excadrill
|move|p1a: Garchomp|Draco Meteor|p2a: Excadrill
|-resisted|p2a: Excadrill
|-damage|p2a: Excadrill|43/100
|-unboost|p1a: Garchomp|spa|2
|-enditem|p2a: Excadrill|Air Balloon
|
|upkeep
|turn|21
|inactive|567crazy has 120 seconds left.
|
|t:|1757918428
|move|p2a: Excadrill|Earthquake|p1a: Garchomp
|-damage|p1a: Garchomp|51/100
|move|p1a: Garchomp|Earthquake|p2a: Excadrill
|-supereffective|p2a: Excadrill
|-damage|p2a: Excadrill|0 fnt
|faint|p2a: Excadrill
|
|upkeep
|inactive|567crazy has 90 seconds left.
|
|t:|1757918446
|switch|p2a: Pineco|Pineco, L1, M|100/100
|turn|22
|
|t:|1757918455
|move|p1a: Garchomp|Earthquake|p2a: Pineco
|-resisted|p2a: Pineco
|-ability|p2a: Pineco|Sturdy
|-damage|p2a: Pineco|9/100
|move|p2a: Pineco|Pain Split|p1a: Garchomp
|-sethp|p1a: Garchomp|26/100|[from] move: Pain Split|[silent]
|-sethp|p2a: Pineco|100/100|[from] move: Pain Split
|
|upkeep
|turn|23
|
|t:|1757918464
|move|p1a: Garchomp|Earthquake|p2a: Pineco
|-resisted|p2a: Pineco
|-ability|p2a: Pineco|Sturdy
|-damage|p2a: Pineco|9/100
|move|p2a: Pineco|Pain Split|p1a: Garchomp
|-sethp|p1a: Garchomp|13/100|[from] move: Pain Split|[silent]
|-sethp|p2a: Pineco|100/100|[from] move: Pain Split
|
|upkeep
|turn|24
|
|t:|1757918473
|move|p1a: Garchomp|Earthquake|p2a: Pineco
|-resisted|p2a: Pineco
|-ability|p2a: Pineco|Sturdy
|-damage|p2a: Pineco|9/100
|move|p2a: Pineco|Pain Split|p1a: Garchomp
|-sethp|p1a: Garchomp|7/100|[from] move: Pain Split|[silent]
|-sethp|p2a: Pineco|100/100|[from] move: Pain Split
|
|upkeep
|turn|25
|
|t:|1757918485
|move|p1a: Garchomp|Earthquake|p2a: Pineco
|-resisted|p2a: Pineco
|-ability|p2a: Pineco|Sturdy
|-damage|p2a: Pineco|9/100
|move|p2a: Pineco|Counter|p1a: Garchomp
|-damage|p1a: Garchomp|2/100
|-damage|p2a: Pineco|0 fnt|[from] ability: Rough Skin|[of] p1a: Garchomp
|faint|p2a: Pineco
|
|upkeep
|
|t:|1757918503
|switch|p2a: Blissey|Blissey, F|100/100
|turn|26
|
|t:|1757918515
|move|p2a: Blissey|Shadow Ball|p1a: Garchomp
|-damage|p1a: Garchomp|0 fnt
|faint|p1a: Garchomp
|
|upkeep
|
|t:|1757918532
|switch|p1a: Metagross|Metagross|42/100
|turn|27
|inactive|567crazy has 90 seconds left.
|
|t:|1757918568
|move|p2a: Blissey|Shadow Ball|p1a: Metagross
|-supereffective|p1a: Metagross
|-crit|p1a: Metagross
|-damage|p1a: Metagross|0 fnt
|faint|p1a: Metagross
|
|upkeep
|
|t:|1757918572
|switch|p1a: again??|Zoroark, F|43/100
|turn|28
|inactive|567crazy has 90 seconds left.
|
|t:|1757918580
|-terastallize|p1a: again??|Poison
|move|p2a: Blissey|Focus Blast|p1a: again??
|-resisted|p1a: again??
|-damage|p1a: again??|0 fnt
|faint|p1a: again??
|
|win|567crazy
|raw|aaaaaaaa2345's rating: 1054 &rarr; <strong>1036</strong><br />(-18 for losing)
|raw|567crazy's rating: 1063 &rarr; <strong>1093</strong><br />(+30 for winning)
|c|☆aaaaaaaa2345|gg
|l|☆aaaaaaaa2345
|player|p1|
|l|☆567crazy
|player|p2|
