|j|☆roxty
|j|☆Max-Elie
|t:|1757921546
|gametype|singles
|player|p1|roxty|102|1531
|player|p2|Max-Elie|colress|1573
|gen|9
|tier|[Gen 9] OU
|rated|
|rule|HP Percentage Mod: HP is shown in percentages
|rule|Endless Battle Clause: Forcing endless battles is banned
|rule|Species Clause: Limit one of each Pokémon
|rule|OHKO Clause: OHKO moves are banned
|rule|Evasion Items Clause: Evasion items are banned
|rule|Evasion Moves Clause: Evasion moves are banned
|rule|Evasion Abilities Clause: Evasion abilities are banned
|rule|Sleep Moves Clause: Sleep-inducing moves are banned
|clearpoke
|poke|p1|Gliscor, F|
|poke|p1|Blissey, F|
|poke|p1|Clefable, F|
|poke|p1|Toxapex, F|
|poke|p1|Dondozo, F|
|poke|p1|Corviknight, M|
|poke|p2|Torkoal, F|
|poke|p2|Raging Bolt|
|poke|p2|Great Tusk|
|poke|p2|Walking Wake|
|poke|p2|Cinderace, M|
|poke|p2|Moltres|
|teampreview
|
|t:|1757921554
|teamsize|p1|6
|teamsize|p2|6
|start
|switch|p1a: Gliscor|Gliscor, F, shiny|100/100
|switch|p2a: Torkoal|Torkoal, F|100/100
|-weather|SunnyDay|[from] ability: Drought|[of] p2a: Torkoal
|turn|1
|
|t:|1757921558
|move|p1a: Gliscor|Protect|p1a: Gliscor
|-singleturn|p1a: Gliscor|Protect
|move|p2a: Torkoal|Will-O-Wisp|p1a: Gliscor
|-activate|p1a: Gliscor|move: Protect
|
|-weather|SunnyDay|[upkeep]
|-status|p1a: Gliscor|tox|[from] item: Toxic Orb
|upkeep
|turn|2
|inactive|Battle timer is ON: inactive players will automatically lose when time's up. (requested by Max-Elie)
|
|t:|1757921565
|move|p1a: Gliscor|Knock Off|p2a: Torkoal
|-damage|p2a: Torkoal|86/100
|-enditem|p2a: Torkoal|Heat Rock|[from] move: Knock Off|[of] p1a: Gliscor
|move|p2a: Torkoal|Stealth Rock|p1a: Gliscor
|-sidestart|p1: roxty|move: Stealth Rock
|
|-weather|SunnyDay|[upkeep]
|upkeep
|turn|3
|
|t:|1757921573
|switch|p2a: Walking Wake|Walking Wake|100/100
|-activate|p2a: Walking Wake|ability: Protosynthesis
|-start|p2a: Walking Wake|protosynthesisspe
|move|p1a: Gliscor|Knock Off|p2a: Walking Wake
|-crit|p2a: Walking Wake
|-damage|p2a: Walking Wake|67/100
|-enditem|p2a: Walking Wake|Choice Specs|[from] move: Knock Off|[of] p1a: Gliscor
|
|-weather|SunnyDay|[upkeep]
|upkeep
|turn|4
|
|t:|1757921580
|-end|p2a: Walking Wake|Protosynthesis|[silent]
|switch|p2a: Cinderace|Cinderace, M|100/100
|move|p1a: Gliscor|Protect||[still]
|-fail|p1a: Gliscor
|
|-weather|SunnyDay|[upkeep]
|upkeep
|turn|5
|
|t:|1757921591
|switch|p2a: Moltres|Moltres|100/100
|move|p1a: Gliscor|Knock Off|p2a: Moltres
|-damage|p2a: Moltres|81/100
|-enditem|p2a: Moltres|Heavy-Duty Boots|[from] move: Knock Off|[of] p1a: Gliscor
|
|-weather|SunnyDay|[upkeep]
|upkeep
|turn|6
|
|t:|1757921596
|move|p1a: Gliscor|Toxic|p2a: Moltres
|-status|p2a: Moltres|tox
|move|p2a: Moltres|Flamethrower|p1a: Gliscor
|-damage|p1a: Gliscor|47/100 tox
|
|-weather|SunnyDay|[upkeep]
|-heal|p1a: Gliscor|59/100 tox|[from] ability: Poison Heal
|-damage|p2a: Moltres|75/100 tox|[from] psn
|upkeep
|turn|7
|
|t:|1757921600
|switch|p2a: Raging Bolt|Raging Bolt|100/100
|-activate|p2a: Raging Bolt|ability: Protosynthesis
|-start|p2a: Raging Bolt|protosynthesisspa
|move|p1a: Gliscor|Protect||[still]
|-fail|p1a: Gliscor
|
|-weather|SunnyDay|[upkeep]
|-heal|p1a: Gliscor|72/100 tox|[from] ability: Poison Heal
|upkeep
|turn|8
|
|t:|1757921605
|move|p1a: Gliscor|Toxic|p2a: Raging Bolt
|-status|p2a: Raging Bolt|tox
|move|p2a: Raging Bolt|Draco Meteor|p1a: Gliscor
|-damage|p1a: Gliscor|0 fnt
|-unboost|p2a: Raging Bolt|spa|2
|faint|p1a: Gliscor
|
|-weather|none
|-end|p2a: Raging Bolt|Protosynthesis
|-damage|p2a: Raging Bolt|94/100 tox|[from] psn
|upkeep
|
|t:|1757921611
|switch|p1a: Clefable|Clefable, F|100/100
|turn|9
|
|t:|1757921615
|-end|p2a: Raging Bolt|Protosynthesis|[silent]
|switch|p2a: Torkoal|Torkoal, F|86/100
|-weather|SunnyDay|[from] ability: Drought|[of] p2a: Torkoal
|move|p1a: Clefable|Stealth Rock|p2a: Torkoal
|-sidestart|p2: Max-Elie|move: Stealth Rock
|
|-weather|SunnyDay|[upkeep]
|upkeep
|turn|10
|
|t:|1757921618
|switch|p1a: Toxapex|Toxapex, F, shiny|100/100
|move|p2a: Torkoal|Rapid Spin|p1a: Toxapex
|-damage|p1a: Toxapex|94/100
|-boost|p2a: Torkoal|spe|1
|-sideend|p2: Max-Elie|Stealth Rock|[from] move: Rapid Spin|[of] p2a: Torkoal
|
|-weather|SunnyDay|[upkeep]
|upkeep
|turn|11
|
|t:|1757921627
|switch|p2a: Raging Bolt|Raging Bolt|94/100 tox
|-activate|p2a: Raging Bolt|ability: Protosynthesis
|-start|p2a: Raging Bolt|protosynthesisspa
|move|p1a: Toxapex|Toxic|p2a: Raging Bolt
|-fail|p2a: Raging Bolt|tox
|
|-weather|SunnyDay|[upkeep]
|-damage|p2a: Raging Bolt|88/100 tox|[from] psn
|upkeep
|turn|12
|
|t:|1757921634
|switch|p1a: Blissey|Blissey, F|100/100
|move|p2a: Raging Bolt|Volt Switch|p1a: Blissey
|-damage|p1a: Blissey|76/100
|
|t:|1757921639
|-end|p2a: Raging Bolt|Protosynthesis|[silent]
|switch|p2a: Cinderace|Cinderace, M|100/100|[from] Volt Switch
|
|-weather|SunnyDay|[upkeep]
|upkeep
|turn|13
|
|t:|1757921642
|switch|p1a: Toxapex|Toxapex, F, shiny|100/100
|move|p2a: Cinderace|Pyro Ball|p1a: Toxapex
|-resisted|p1a: Toxapex
|-damage|p1a: Toxapex|68/100
|
|-weather|none
|upkeep
|turn|14
|
|t:|1757921647
|move|p2a: Cinderace|U-turn|p1a: Toxapex
|-start|p2a: Cinderace|typechange|Bug|[from] ability: Libero
|-resisted|p1a: Toxapex
|-damage|p1a: Toxapex|54/100
|
|t:|1757921649
|switch|p2a: Torkoal|Torkoal, F|86/100|[from] U-turn
|-weather|SunnyDay|[from] ability: Drought|[of] p2a: Torkoal
|move|p1a: Toxapex|Infestation|p2a: Torkoal
|-resisted|p2a: Torkoal
|-damage|p2a: Torkoal|84/100
|-activate|p2a: Torkoal|move: Infestation|[of] p1a: Toxapex
|
|-weather|SunnyDay|[upkeep]
|-damage|p2a: Torkoal|72/100|[from] move: Infestation|[partiallytrapped]
|upkeep
|turn|15
|
|t:|1757921653
|move|p1a: Toxapex|Recover|p1a: Toxapex
|-heal|p1a: Toxapex|100/100
|move|p2a: Torkoal|Will-O-Wisp|p1a: Toxapex
|-status|p1a: Toxapex|brn
|
|-weather|SunnyDay|[upkeep]
|-damage|p1a: Toxapex|95/100 brn|[from] brn
|-damage|p2a: Torkoal|60/100|[from] move: Infestation|[partiallytrapped]
|upkeep
|turn|16
|
|t:|1757921656
|move|p1a: Toxapex|Toxic|p2a: Torkoal
|-status|p2a: Torkoal|tox
|move|p2a: Torkoal|Lava Plume|p1a: Toxapex
|-resisted|p1a: Toxapex
|-damage|p1a: Toxapex|83/100 brn
|
|-weather|SunnyDay|[upkeep]
|-damage|p2a: Torkoal|54/100 tox|[from] psn
|-damage|p1a: Toxapex|77/100 brn|[from] brn
|-damage|p2a: Torkoal|42/100 tox|[from] move: Infestation|[partiallytrapped]
|upkeep
|turn|17
|
|t:|1757921660
|move|p1a: Toxapex|Haze|p1a: Toxapex
|-clearallboost
|move|p2a: Torkoal|Will-O-Wisp|p1a: Toxapex|[miss]
|-miss|p2a: Torkoal|p1a: Toxapex
|
|-weather|SunnyDay|[upkeep]
|-damage|p2a: Torkoal|29/100 tox|[from] psn
|-damage|p1a: Toxapex|71/100 brn|[from] brn
|-damage|p2a: Torkoal|17/100 tox|[from] move: Infestation|[partiallytrapped]
|upkeep
|turn|18
|
|t:|1757921665
|move|p1a: Toxapex|Haze|p1a: Toxapex
|-clearallboost
|move|p2a: Torkoal|Rapid Spin|p1a: Toxapex
|-damage|p1a: Toxapex|64/100 brn
|-boost|p2a: Torkoal|spe|1
|-end|p2a: Torkoal|Infestation|[partiallytrapped]
|
|-weather|none
|-damage|p2a: Torkoal|0 fnt|[from] psn
|faint|p2a: Torkoal
|-damage|p1a: Toxapex|58/100 brn|[from] brn
|upkeep
|
|t:|1757921668
|switch|p2a: Great Tusk|Great Tusk|100/100
|turn|19
|
|t:|1757921672
|switch|p1a: Clefable|Clefable, F|100/100
|move|p2a: Great Tusk|Bulk Up|p2a: Great Tusk
|-boost|p2a: Great Tusk|atk|1
|-boost|p2a: Great Tusk|def|1
|
|upkeep
|turn|20
|
|t:|1757921676
|move|p2a: Great Tusk|Headlong Rush|p1a: Clefable
|-damage|p1a: Clefable|28/100
|-unboost|p2a: Great Tusk|def|1
|-unboost|p2a: Great Tusk|spd|1
|move|p1a: Clefable|Knock Off|p2a: Great Tusk
|-resisted|p2a: Great Tusk
|-damage|p2a: Great Tusk|96/100
|-enditem|p2a: Great Tusk|Leftovers|[from] move: Knock Off|[of] p1a: Clefable
|
|upkeep
|turn|21
|
|t:|1757921683
|move|p2a: Great Tusk|Stone Edge|p1a: Clefable
|-crit|p1a: Clefable
|-damage|p1a: Clefable|0 fnt
|faint|p1a: Clefable
|
|upkeep
|
|t:|1757921688
|switch|p1a: Dondozo|Dondozo, F, shiny|100/100
|turn|22
|
|t:|1757921691
|-end|p2a: Great Tusk|Protosynthesis|[silent]
|switch|p2a: Raging Bolt|Raging Bolt|88/100 tox
|move|p1a: Dondozo|Body Press|p2a: Raging Bolt
|-damage|p2a: Raging Bolt|63/100 tox
|
|-damage|p2a: Raging Bolt|57/100 tox|[from] psn
|upkeep
|turn|23
|
|t:|1757921693
|switch|p1a: Blissey|Blissey, F|76/100
|move|p2a: Raging Bolt|Volt Switch|p1a: Blissey
|-damage|p1a: Blissey|56/100
|
|t:|1757921696
|-end|p2a: Raging Bolt|Protosynthesis|[silent]
|switch|p2a: Great Tusk|Great Tusk|96/100|[from] Volt Switch
|
|upkeep
|turn|24
|
|t:|1757921705
|switch|p1a: Dondozo|Dondozo, F, shiny|100/100
|move|p2a: Great Tusk|Headlong Rush|p1a: Dondozo
|-damage|p1a: Dondozo|74/100
|-unboost|p2a: Great Tusk|def|1
|-unboost|p2a: Great Tusk|spd|1
|
|upkeep
|turn|25
|
|t:|1757921710
|-end|p2a: Great Tusk|Protosynthesis|[silent]
|switch|p2a: Raging Bolt|Raging Bolt|57/100 tox
|move|p1a: Dondozo|Body Press|p2a: Raging Bolt
|-damage|p2a: Raging Bolt|33/100 tox
|
|-damage|p2a: Raging Bolt|27/100 tox|[from] psn
|upkeep
|turn|26
|
|t:|1757921716
|switch|p1a: Toxapex|Toxapex, F, shiny|91/100 brn
|move|p2a: Raging Bolt|Volt Switch|p1a: Toxapex
|-supereffective|p1a: Toxapex
|-damage|p1a: Toxapex|11/100 brn
|
|t:|1757921723
|-end|p2a: Raging Bolt|Protosynthesis|[silent]
|switch|p2a: Cinderace|Cinderace, M|100/100|[from] Volt Switch
|
|-damage|p1a: Toxapex|5/100 brn|[from] brn
|upkeep
|turn|27
|
|t:|1757921725
|switch|p1a: Dondozo|Dondozo, F, shiny|74/100
|move|p2a: Cinderace|U-turn|p1a: Dondozo
|-start|p2a: Cinderace|typechange|Bug|[from] ability: Libero
|-damage|p1a: Dondozo|59/100
|
|t:|1757921733
|switch|p2a: Moltres|Moltres|75/100 tox|[from] U-turn
|
|-damage|p2a: Moltres|69/100 tox|[from] psn
|upkeep
|turn|28
|
|t:|1757921738
|switch|p1a: Toxapex|Toxapex, F, shiny|38/100 brn
|move|p2a: Moltres|Will-O-Wisp|p1a: Toxapex
|-fail|p1a: Toxapex|brn
|
|-damage|p2a: Moltres|57/100 tox|[from] psn
|-damage|p1a: Toxapex|33/100 brn|[from] brn
|upkeep
|turn|29
|
|t:|1757921743
|switch|p1a: Blissey|Blissey, F|56/100
|move|p2a: Moltres|U-turn|p1a: Blissey
|-damage|p1a: Blissey|39/100
|
|t:|1757921747
|switch|p2a: Great Tusk|Great Tusk|96/100|[from] U-turn
|
|upkeep
|turn|30
|
|t:|1757921756
|switch|p1a: Corviknight|Corviknight, M, shiny|100/100
|-damage|p1a: Corviknight|88/100|[from] Stealth Rock
|-ability|p1a: Corviknight|Pressure
|move|p2a: Great Tusk|Stone Edge|p1a: Corviknight
|-damage|p1a: Corviknight|60/100
|
|-heal|p1a: Corviknight|66/100|[from] item: Leftovers
|upkeep
|turn|31
|
|t:|1757921761
|-end|p2a: Great Tusk|Protosynthesis|[silent]
|switch|p2a: Cinderace|Cinderace, M|100/100
|move|p1a: Corviknight|Roost|p1a: Corviknight
|-heal|p1a: Corviknight|100/100
|-singleturn|p1a: Corviknight|move: Roost
|
|upkeep
|turn|32
|
|t:|1757921764
|move|p1a: Corviknight|Protect|p1a: Corviknight
|-singleturn|p1a: Corviknight|Protect
|move|p2a: Cinderace|Pyro Ball|p1a: Corviknight
|-activate|p1a: Corviknight|move: Protect
|
|upkeep
|turn|33
|
|t:|1757921769
|switch|p1a: Toxapex|Toxapex, F, shiny|66/100 brn
|move|p2a: Cinderace|Pyro Ball|p1a: Toxapex
|-resisted|p1a: Toxapex
|-damage|p1a: Toxapex|43/100 brn
|
|-damage|p1a: Toxapex|37/100 brn|[from] brn
|upkeep
|turn|34
|
|t:|1757921779
|switch|p2a: Walking Wake|Walking Wake|67/100
|switch|p1a: Corviknight|Corviknight, M, shiny|100/100
|-damage|p1a: Corviknight|88/100|[from] Stealth Rock
|-ability|p1a: Corviknight|Pressure
|
|-heal|p1a: Corviknight|94/100|[from] item: Leftovers
|upkeep
|turn|35
|
|t:|1757921784
|move|p1a: Corviknight|Protect|p1a: Corviknight
|-singleturn|p1a: Corviknight|Protect
|move|p2a: Walking Wake|Flamethrower|p1a: Corviknight
|-activate|p1a: Corviknight|move: Protect
|
|-heal|p1a: Corviknight|99/100|[from] item: Leftovers
|upkeep
|turn|36
|
|t:|1757921789
|-end|p2a: Walking Wake|Protosynthesis|[silent]
|switch|p2a: Moltres|Moltres|57/100 tox
|switch|p1a: Toxapex|Toxapex, F, shiny|70/100 brn
|
|-damage|p2a: Moltres|51/100 tox|[from] psn
|-damage|p1a: Toxapex|64/100 brn|[from] brn
|upkeep
|turn|37
|
|t:|1757921795
|switch|p2a: Great Tusk|Great Tusk|96/100
|move|p1a: Toxapex|Recover|p1a: Toxapex
|-heal|p1a: Toxapex|100/100 brn
|
|-damage|p1a: Toxapex|95/100 brn|[from] brn
|upkeep
|turn|38
|
|t:|1757921799
|move|p2a: Great Tusk|Bulk Up|p2a: Great Tusk
|-boost|p2a: Great Tusk|atk|1
|-boost|p2a: Great Tusk|def|1
|move|p1a: Toxapex|Toxic|p2a: Great Tusk
|-status|p2a: Great Tusk|tox
|
|-damage|p2a: Great Tusk|90/100 tox|[from] psn
|-damage|p1a: Toxapex|89/100 brn|[from] brn
|upkeep
|turn|39
|
|t:|1757921803
|switch|p1a: Dondozo|Dondozo, F, shiny|59/100
|move|p2a: Great Tusk|Bulk Up|p2a: Great Tusk
|-boost|p2a: Great Tusk|atk|1
|-boost|p2a: Great Tusk|def|1
|
|-damage|p2a: Great Tusk|77/100 tox|[from] psn
|upkeep
|turn|40
|
|t:|1757921808
|-end|p2a: Great Tusk|Protosynthesis|[silent]
|switch|p2a: Raging Bolt|Raging Bolt|27/100 tox
|move|p1a: Dondozo|Rest|p1a: Dondozo
|-status|p1a: Dondozo|slp|[from] move: Rest
|-heal|p1a: Dondozo|100/100 slp|[silent]
|
|-damage|p2a: Raging Bolt|21/100 tox|[from] psn
|upkeep
|turn|41
|
|t:|1757921814
|switch|p1a: Blissey|Blissey, F|39/100
|move|p2a: Raging Bolt|Volt Switch|p1a: Blissey
|-crit|p1a: Blissey
|-damage|p1a: Blissey|11/100
|
|t:|1757921817
|-end|p2a: Raging Bolt|Protosynthesis|[silent]
|switch|p2a: Walking Wake|Walking Wake|67/100|[from] Volt Switch
|
|upkeep
|turn|42
|
|t:|1757921821
|switch|p1a: Toxapex|Toxapex, F, shiny|100/100 brn
|move|p2a: Walking Wake|Dragon Pulse|p1a: Toxapex
|-damage|p1a: Toxapex|71/100 brn
|
|-damage|p1a: Toxapex|65/100 brn|[from] brn
|upkeep
|turn|43
|
|t:|1757921824
|move|p2a: Walking Wake|Dragon Pulse|p1a: Toxapex
|-damage|p1a: Toxapex|39/100 brn
|move|p1a: Toxapex|Toxic|p2a: Walking Wake
|-status|p2a: Walking Wake|tox
|
|-damage|p2a: Walking Wake|60/100 tox|[from] psn
|-damage|p1a: Toxapex|33/100 brn|[from] brn
|upkeep
|turn|44
|
|t:|1757921831
|switch|p1a: Blissey|Blissey, F|11/100
|move|p2a: Walking Wake|Flamethrower|p1a: Blissey
|-damage|p1a: Blissey|2/100
|
|-damage|p2a: Walking Wake|48/100 tox|[from] psn
|upkeep
|turn|45
|
|t:|1757921838
|switch|p1a: Toxapex|Toxapex, F, shiny|66/100 brn
|move|p2a: Walking Wake|Dragon Pulse|p1a: Toxapex
|-damage|p1a: Toxapex|41/100 brn
|
|-damage|p2a: Walking Wake|29/100 tox|[from] psn
|-damage|p1a: Toxapex|35/100 brn|[from] brn
|upkeep
|turn|46
|
|t:|1757921841
|switch|p1a: Blissey|Blissey, F|2/100
|move|p2a: Walking Wake|Draco Meteor|p1a: Blissey|[miss]
|-miss|p2a: Walking Wake|p1a: Blissey
|
|-damage|p2a: Walking Wake|5/100 tox|[from] psn
|upkeep
|turn|47
|
|t:|1757921848
|move|p2a: Walking Wake|Dragon Pulse|p1a: Blissey
|-damage|p1a: Blissey|0 fnt
|faint|p1a: Blissey
|
|-damage|p2a: Walking Wake|0 fnt|[from] psn
|faint|p2a: Walking Wake
|-end|p2a: Walking Wake|Protosynthesis|[silent]
|upkeep
|
|t:|1757921854
|switch|p2a: Raging Bolt|Raging Bolt|21/100 tox
|switch|p1a: Corviknight|Corviknight, M, shiny|99/100
|-damage|p1a: Corviknight|88/100|[from] Stealth Rock
|-ability|p1a: Corviknight|Pressure
|turn|48
|
|t:|1757921860
|-end|p2a: Raging Bolt|Protosynthesis|[silent]
|switch|p2a: Moltres|Moltres|51/100 tox
|move|p1a: Corviknight|Substitute|p1a: Corviknight
|-start|p1a: Corviknight|Substitute
|-damage|p1a: Corviknight|63/100
|
|-heal|p1a: Corviknight|69/100|[from] item: Leftovers
|-damage|p2a: Moltres|45/100 tox|[from] psn
|upkeep
|turn|49
|inactive|roxty has 120 seconds left.
|inactive|roxty has 90 seconds left.
|j| diav
|inactive|roxty has 60 seconds left.
|j| Magibullet Shooter
|l| Magibullet Shooter
|inactive|roxty has 30 seconds left.
|inactive|roxty has 20 seconds left.
|inactive|roxty has 15 seconds left.
|inactive|roxty has 10 seconds left.
|inactive|roxty has 5 seconds left.
|-message|roxty lost due to inactivity.
|
|win|Max-Elie
|raw|roxty's rating: 1531 &rarr; <strong>1513</strong><br />(-18 for losing)
|raw|Max-Elie's rating: 1573 &rarr; <strong>1591</strong><br />(+18 for winning)
