|j|☆Jajouj
|j|☆The Outclassies
|t:|1757790545
|gametype|singles
|player|p1|Jajouj|ghetsis|1268
|player|p2|The Outclassies|265|1255
|gen|9
|tier|[Gen 9] OU
|rated|
|rule|HP Percentage Mod: HP is shown in percentages
|rule|Endless Battle Clause: Forcing endless battles is banned
|rule|Species Clause: Limit one of each Pokémon
|rule|OHKO Clause: OHKO moves are banned
|rule|Evasion Items Clause: Evasion items are banned
|rule|Evasion Moves Clause: Evasion moves are banned
|rule|Evasion Abilities Clause: Evasion abilities are banned
|rule|Sleep Moves Clause: Sleep-inducing moves are banned
|clearpoke
|poke|p1|Staraptor, F|
|poke|p1|Hydreigon, M|
|poke|p1|Ribombee, F|
|poke|p1|Excadrill, F|
|poke|p1|Rotom-Wash|
|poke|p1|Enamorus, F|
|poke|p2|Glimmora, F|
|poke|p2|Ogerpon-Wellspring, F|
|poke|p2|Hatterene, F|
|poke|p2|Iron Moth|
|poke|p2|Dragonite, F|
|poke|p2|Kingambit, F|
|teampreview
|
|t:|1757790572
|teamsize|p1|6
|teamsize|p2|6
|start
|switch|p1a: Staraptor|Staraptor, F|100/100
|switch|p2a: Glimmora|Glimmora, F|100/100
|-ability|p1a: Staraptor|Intimidate|boost
|-unboost|p2a: Glimmora|atk|1
|turn|1
|
|t:|1757790589
|switch|p1a: Rotom|Rotom-Wash|100/100
|move|p2a: Glimmora|Power Gem|p1a: Rotom
|-damage|p1a: Rotom|49/100
|
|upkeep
|turn|2
|
|t:|1757790610
|move|p2a: Glimmora|Energy Ball|p1a: Rotom
|-supereffective|p1a: Rotom
|-damage|p1a: Rotom|0 fnt
|faint|p1a: Rotom
|
|upkeep
|
|t:|1757790626
|switch|p1a: Ribombee|Ribombee, F|100/100
|turn|3
|
|t:|1757790631
|switch|p2a: Hatterene|Hatterene, F|100/100
|move|p1a: Ribombee|Sticky Web|p2a: Hatterene
|move|p2a: Hatterene|Sticky Web|p1a: Ribombee|[from] ability: Magic Bounce
|-sidestart|p1: Jajouj|move: Sticky Web
|
|upkeep
|turn|4
|
|t:|1757790640
|move|p1a: Ribombee|U-turn|p2a: Hatterene
|-damage|p2a: Hatterene|89/100
|
|t:|1757790645
|switch|p1a: Excadrill|Excadrill, F|100/100|[from] U-turn
|-ability|p1a: Excadrill|Mold Breaker
|-item|p1a: Excadrill|Air Balloon
|move|p2a: Hatterene|Calm Mind|p2a: Hatterene
|-boost|p2a: Hatterene|spa|1
|-boost|p2a: Hatterene|spd|1
|
|-heal|p2a: Hatterene|95/100|[from] item: Leftovers
|upkeep
|turn|5
|
|t:|1757790655
|move|p1a: Excadrill|Swords Dance|p1a: Excadrill
|-boost|p1a: Excadrill|atk|2
|move|p2a: Hatterene|Mystical Fire|p1a: Excadrill
|-supereffective|p1a: Excadrill
|-damage|p1a: Excadrill|9/100
|-unboost|p1a: Excadrill|spa|1
|-enditem|p1a: Excadrill|Air Balloon
|
|-heal|p2a: Hatterene|100/100|[from] item: Leftovers
|upkeep
|turn|6
|
|t:|1757790664
|switch|p2a: Ogerpon|Ogerpon-Wellspring, F|100/100
|move|p1a: Excadrill|Rapid Spin|p2a: Ogerpon
|-damage|p2a: Ogerpon|55/100
|-boost|p1a: Excadrill|spe|1
|-sideend|p1: Jajouj|Sticky Web|[from] move: Rapid Spin|[of] p1a: Excadrill
|
|upkeep
|turn|7
|
|t:|1757790696
|switch|p2a: Glimmora|Glimmora, F|100/100
|move|p1a: Excadrill|Earthquake|p2a: Glimmora
|-supereffective|p2a: Glimmora
|-enditem|p2a: Glimmora|Focus Sash
|-damage|p2a: Glimmora|1/100
|-activate|p2a: Glimmora|ability: Toxic Debris
|-sidestart|p1: Jajouj|move: Toxic Spikes
|
|upkeep
|turn|8
|
|t:|1757790723
|-terastallize|p2a: Glimmora|Ghost
|move|p1a: Excadrill|Rapid Spin|p2a: Glimmora
|-immune|p2a: Glimmora
|move|p2a: Glimmora|Energy Ball|p1a: Excadrill
|-damage|p1a: Excadrill|0 fnt
|faint|p1a: Excadrill
|
|upkeep
|
|t:|1757790765
|switch|p1a: Hydreigon|Hydreigon, M|100/100
|turn|9
|
|t:|1757790771
|move|p1a: Hydreigon|Dark Pulse|p2a: Glimmora
|-supereffective|p2a: Glimmora
|-damage|p2a: Glimmora|0 fnt
|faint|p2a: Glimmora
|
|upkeep
|
|t:|1757790777
|switch|p2a: Hatterene|Hatterene, F|100/100
|turn|10
|
|t:|1757790792
|-terastallize|p1a: Hydreigon|Fire
|move|p1a: Hydreigon|Focus Energy|p1a: Hydreigon
|-start|p1a: Hydreigon|move: Focus Energy
|move|p2a: Hatterene|Draining Kiss|p1a: Hydreigon
|-resisted|p1a: Hydreigon
|-damage|p1a: Hydreigon|88/100
|
|upkeep
|turn|11
|
|t:|1757790799
|move|p1a: Hydreigon|Flamethrower|p2a: Hatterene
|-crit|p2a: Hatterene
|-damage|p2a: Hatterene|30/100
|move|p2a: Hatterene|Psychic Noise|p1a: Hydreigon
|-damage|p1a: Hydreigon|46/100
|-start|p1a: Hydreigon|move: Heal Block
|
|-heal|p2a: Hatterene|36/100|[from] item: Leftovers
|upkeep
|turn|12
|
|t:|1757790808
|move|p1a: Hydreigon|Flamethrower|p2a: Hatterene
|-crit|p2a: Hatterene
|-damage|p2a: Hatterene|0 fnt
|faint|p2a: Hatterene
|
|-end|p1a: Hydreigon|move: Heal Block
|upkeep
|
|t:|1757790813
|switch|p2a: Dragonite|Dragonite, F|100/100
|turn|13
|
|t:|1757790817
|move|p1a: Hydreigon|Draco Meteor|p2a: Dragonite
|-supereffective|p2a: Dragonite
|-crit|p2a: Dragonite
|-damage|p2a: Dragonite|0 fnt
|-unboost|p1a: Hydreigon|spa|2
|faint|p2a: Dragonite
|
|upkeep
|
|t:|1757790823
|switch|p2a: Kingambit|Kingambit, F|100/100
|-activate|p2a: Kingambit|ability: Supreme Overlord
|-start|p2a: Kingambit|fallen3|[silent]
|turn|14
|
|t:|1757790828
|move|p1a: Hydreigon|Focus Energy||[still]
|-fail|p1a: Hydreigon
|move|p2a: Kingambit|Swords Dance|p2a: Kingambit
|-boost|p2a: Kingambit|atk|2
|
|upkeep
|turn|15
|
|t:|1757790833
|move|p2a: Kingambit|Sucker Punch||[still]
|-fail|p2a: Kingambit
|move|p1a: Hydreigon|Focus Energy||[still]
|-fail|p1a: Hydreigon
|
|upkeep
|turn|16
|
|t:|1757790837
|move|p2a: Kingambit|Sucker Punch||[still]
|-fail|p2a: Kingambit
|move|p1a: Hydreigon|Focus Energy||[still]
|-fail|p1a: Hydreigon
|
|upkeep
|turn|17
|
|t:|1757790845
|move|p1a: Hydreigon|Dark Pulse|p2a: Kingambit
|-resisted|p2a: Kingambit
|-crit|p2a: Kingambit
|-damage|p2a: Kingambit|65/100
|move|p2a: Kingambit|Kowtow Cleave|p1a: Hydreigon
|-damage|p1a: Hydreigon|0 fnt
|faint|p1a: Hydreigon
|
|upkeep
|
|t:|1757790863
|switch|p1a: Staraptor|Staraptor, F|100/100
|-ability|p1a: Staraptor|Intimidate|boost
|-unboost|p2a: Kingambit|atk|1
|turn|18
|
|t:|1757790881
|move|p2a: Kingambit|Sucker Punch|p1a: Staraptor
|-damage|p1a: Staraptor|0 fnt
|faint|p1a: Staraptor
|
|upkeep
|
|t:|1757790889
|switch|p1a: Ribombee|Ribombee, F|100/100
|-status|p1a: Ribombee|psn
|turn|19
|
|t:|1757790901
|move|p1a: Ribombee|Light Screen|p1a: Ribombee
|-sidestart|p1: Jajouj|move: Light Screen
|move|p2a: Kingambit|Iron Head|p1a: Ribombee
|-supereffective|p1a: Ribombee
|-enditem|p1a: Ribombee|Focus Sash
|-damage|p1a: Ribombee|1/100 psn
|
|-damage|p1a: Ribombee|0 fnt|[from] psn
|faint|p1a: Ribombee
|upkeep
|
|t:|1757790908
|switch|p1a: Enamorus|Enamorus, F|100/100
|turn|20
|
|t:|1757790914
|move|p1a: Enamorus|Superpower|p2a: Kingambit
|-supereffective|p2a: Kingambit
|-damage|p2a: Kingambit|0 fnt
|-boost|p1a: Enamorus|atk|1
|-boost|p1a: Enamorus|def|1
|faint|p2a: Kingambit
|-end|p2a: Kingambit|fallen3|[silent]
|
|upkeep
|
|t:|1757790916
|switch|p2a: Iron Moth|Iron Moth|100/100
|-enditem|p2a: Iron Moth|Booster Energy
|-activate|p2a: Iron Moth|ability: Quark Drive|[fromitem]
|-start|p2a: Iron Moth|quarkdrivespe
|turn|21
|
|t:|1757790929
|move|p2a: Iron Moth|Sludge Wave|p1a: Enamorus
|-supereffective|p1a: Enamorus
|-damage|p1a: Enamorus|18/100
|move|p1a: Enamorus|Superpower|p2a: Iron Moth
|-resisted|p2a: Iron Moth
|-damage|p2a: Iron Moth|65/100
|-boost|p1a: Enamorus|atk|1
|-boost|p1a: Enamorus|def|1
|
|upkeep
|turn|22
|
|t:|1757790948
|move|p2a: Iron Moth|Sludge Wave|p1a: Enamorus
|-supereffective|p1a: Enamorus
|-damage|p1a: Enamorus|0 fnt
|faint|p1a: Enamorus
|
|win|The Outclassies
|raw|Jajouj's rating: 1268 &rarr; <strong>1242</strong><br />(-26 for losing)
|raw|The Outclassies's rating: 1255 &rarr; <strong>1281</strong><br />(+26 for winning)
|l|☆Jajouj
|player|p1|
|l|☆The Outclassies
|player|p2|
