|j|☆OR1IIII
|j|☆Ancient Tito
|t:|1757922739
|gametype|singles
|player|p1|OR1IIII|hilbert|1312
|player|p2|Ancient Tito|rood|1318
|gen|9
|tier|[Gen 9] OU
|rated|
|rule|HP Percentage Mod: HP is shown in percentages
|rule|Endless Battle Clause: Forcing endless battles is banned
|rule|Species Clause: Limit one of each Pokémon
|rule|OHKO Clause: OHKO moves are banned
|rule|Evasion Items Clause: Evasion items are banned
|rule|Evasion Moves Clause: Evasion moves are banned
|rule|Evasion Abilities Clause: Evasion abilities are banned
|rule|Sleep Moves Clause: Sleep-inducing moves are banned
|clearpoke
|poke|p1|Toxtricity, M|
|poke|p1|Brambleghast, F|
|poke|p1|Tornadus, M|
|poke|p1|Iron Valiant|
|poke|p1|Hydreigon, M|
|poke|p1|Arcanine-Hisui, F|
|poke|p2|Corviknight, M|
|poke|p2|Cinderace, F|
|poke|p2|Dondozo, F|
|poke|p2|Raging Bolt|
|poke|p2|Iron Treads|
|poke|p2|Ogerpon-Wellspring, F|
|teampreview
|
|t:|1757922760
|teamsize|p1|6
|teamsize|p2|6
|start
|switch|p1a: Tornadus|Tornadus, M|100/100
|switch|p2a: Raging Bolt|Raging Bolt|100/100
|turn|1
|
|t:|1757922768
|move|p1a: Tornadus|Tailwind|p1a: Tornadus
|-sidestart|p1: OR1IIII|move: Tailwind
|move|p2a: Raging Bolt|Calm Mind|p2a: Raging Bolt
|-boost|p2a: Raging Bolt|spa|1
|-boost|p2a: Raging Bolt|spd|1
|
|upkeep
|turn|2
|
|t:|1757922775
|move|p1a: Tornadus|Taunt|p2a: Raging Bolt
|-start|p2a: Raging Bolt|move: Taunt
|move|p2a: Raging Bolt|Thunderbolt|p1a: Tornadus
|-supereffective|p1a: Tornadus
|-damage|p1a: Tornadus|0 fnt
|faint|p1a: Tornadus
|
|upkeep
|
|t:|1757922787
|switch|p1a: Brambleghast|Brambleghast, F|100/100
|-ability|p1a: Brambleghast|Wind Rider|boost
|-boost|p1a: Brambleghast|atk|1
|turn|3
|
|t:|1757922795
|move|p1a: Brambleghast|Poltergeist|p2a: Raging Bolt
|-activate|p2a: Raging Bolt|move: Poltergeist|Leftovers
|-damage|p2a: Raging Bolt|48/100
|move|p2a: Raging Bolt|Dragon Pulse|p1a: Brambleghast
|-damage|p1a: Brambleghast|0 fnt
|faint|p1a: Brambleghast
|
|-heal|p2a: Raging Bolt|55/100|[from] item: Leftovers
|upkeep
|
|t:|1757922820
|switch|p1a: Hydreigon|Hydreigon, M|100/100
|turn|4
|
|t:|1757922824
|-terastallize|p2a: Raging Bolt|Fairy
|move|p1a: Hydreigon|Draco Meteor|p2a: Raging Bolt
|-immune|p2a: Raging Bolt
|move|p2a: Raging Bolt|Dragon Pulse|p1a: Hydreigon
|-supereffective|p1a: Hydreigon
|-damage|p1a: Hydreigon|15/100
|
|-heal|p2a: Raging Bolt|61/100|[from] item: Leftovers
|-end|p2a: Raging Bolt|move: Taunt
|-sideend|p1: OR1IIII|move: Tailwind
|upkeep
|turn|5
|
|t:|1757922838
|move|p1a: Hydreigon|Tailwind|p1a: Hydreigon
|-sidestart|p1: OR1IIII|move: Tailwind
|move|p2a: Raging Bolt|Thunderbolt|p1a: Hydreigon
|-resisted|p1a: Hydreigon
|-damage|p1a: Hydreigon|0 fnt
|faint|p1a: Hydreigon
|
|-heal|p2a: Raging Bolt|67/100|[from] item: Leftovers
|upkeep
|
|t:|1757922844
|switch|p1a: Arcanine|Arcanine-Hisui, F|100/100
|-ability|p1a: Arcanine|Intimidate|boost
|-unboost|p2a: Raging Bolt|atk|1
|turn|6
|
|t:|1757922854
|move|p2a: Raging Bolt|Thunderclap|p1a: Arcanine
|-damage|p1a: Arcanine|32/100
|move|p1a: Arcanine|Double-Edge|p2a: Raging Bolt
|-damage|p2a: Raging Bolt|28/100
|-damage|p1a: Arcanine|17/100|[from] Recoil
|
|-heal|p2a: Raging Bolt|34/100|[from] item: Leftovers
|upkeep
|turn|7
|
|t:|1757922863
|switch|p1a: Iron Valiant|Iron Valiant|100/100
|move|p2a: Raging Bolt|Thunderbolt|p1a: Iron Valiant
|-damage|p1a: Iron Valiant|0 fnt
|faint|p1a: Iron Valiant
|-end|p1a: Iron Valiant|Quark Drive|[silent]
|
|-heal|p2a: Raging Bolt|41/100|[from] item: Leftovers
|upkeep
|
|t:|1757922869
|switch|p1a: Arcanine|Arcanine-Hisui, F|17/100
|-ability|p1a: Arcanine|Intimidate|boost
|-unboost|p2a: Raging Bolt|atk|1
|turn|8
|
|t:|1757922875
|move|p1a: Arcanine|Extreme Speed|p2a: Raging Bolt
|-damage|p2a: Raging Bolt|15/100
|move|p2a: Raging Bolt|Thunderbolt|p1a: Arcanine
|-damage|p1a: Arcanine|0 fnt
|faint|p1a: Arcanine
|
|-heal|p2a: Raging Bolt|21/100|[from] item: Leftovers
|-sideend|p1: OR1IIII|move: Tailwind
|upkeep
|
|t:|1757922879
|switch|p1a: Toxtricity|Toxtricity, M|100/100
|turn|9
|-message|OR1IIII forfeited.
|
|win|Ancient Tito
|raw|OR1IIII's rating: 1312 &rarr; <strong>1292</strong><br />(-20 for losing)
|raw|Ancient Tito's rating: 1318 &rarr; <strong>1338</strong><br />(+20 for winning)
|l|☆OR1IIII
|player|p1|
