|j|☆AskGandalf
|j|☆babajeje
|t:|1757863929
|gametype|singles
|player|p1|AskGandalf|102|1094
|player|p2|babajeje|101|1149
|gen|9
|tier|[Gen 9] OU
|rated|
|rule|HP Percentage Mod: HP is shown in percentages
|rule|Endless Battle Clause: Forcing endless battles is banned
|rule|Species Clause: Limit one of each Pokémon
|rule|OHKO Clause: OHKO moves are banned
|rule|Evasion Items Clause: Evasion items are banned
|rule|Evasion Moves Clause: Evasion moves are banned
|rule|Evasion Abilities Clause: Evasion abilities are banned
|rule|Sleep Moves Clause: Sleep-inducing moves are banned
|clearpoke
|poke|p1|Talonflame, F|
|poke|p1|Clodsire, F|
|poke|p1|Hoopa-Unbound|
|poke|p1|Registeel|
|poke|p1|Clefable, F|
|poke|p1|Raging Bolt|
|poke|p2|Meowth, F|
|poke|p2|Inkay, M|
|poke|p2|Toxapex, M|
|poke|p2|Weezing, M|
|poke|p2|Arbok, M|
|poke|p2|Ursaring, F|
|teampreview
|inactive|Battle timer is ON: inactive players will automatically lose when time's up. (requested by AskGandalf)
|
|t:|1757863959
|teamsize|p1|6
|teamsize|p2|6
|start
|switch|p1a: Clefable|Clefable, F|100/100
|switch|p2a: Meowth|Meowth, F|100/100
|turn|1
|
|t:|1757863968
|move|p2a: Meowth|Fake Out|p1a: Clefable
|-damage|p1a: Clefable|76/100
|cant|p1a: Clefable|flinch
|
|upkeep
|turn|2
|
|t:|1757863975
|move|p1a: Clefable|Alluring Voice|p2a: Meowth
|-damage|p2a: Meowth|0 fnt
|faint|p2a: Meowth
|
|upkeep
|
|t:|1757863987
|switch|p2a: The Bear|Ursaring, F|100/100
|turn|3
|
|t:|1757863991
|move|p1a: Clefable|Alluring Voice|p2a: The Bear
|-damage|p2a: The Bear|75/100
|move|p2a: The Bear|Trailblaze|p1a: Clefable
|-damage|p1a: Clefable|51/100
|-boost|p2a: The Bear|spe|1
|
|upkeep
|turn|4
|
|t:|1757863993
|switch|p1a: Talonflame|Talonflame, F|100/100
|move|p2a: The Bear|Trailblaze|p1a: Talonflame
|-resisted|p1a: Talonflame
|-damage|p1a: Talonflame|95/100
|-boost|p2a: The Bear|spe|1
|
|upkeep
|turn|5
|
|t:|1757863995
|move|p1a: Talonflame|Will-O-Wisp|p2a: The Bear
|-status|p2a: The Bear|brn
|move|p2a: The Bear|Thunder Punch|p1a: Talonflame
|-supereffective|p1a: Talonflame
|-damage|p1a: Talonflame|0 fnt
|faint|p1a: Talonflame
|
|-damage|p2a: The Bear|69/100 brn|[from] brn
|upkeep
|
|t:|1757864009
|switch|p1a: Raging Bolt|Raging Bolt|100/100
|turn|6
|c|☆babajeje|bro i have guts
|
|t:|1757864013
|move|p2a: The Bear|Earthquake|p1a: Raging Bolt
|-supereffective|p1a: Raging Bolt
|-damage|p1a: Raging Bolt|15/100
|move|p1a: Raging Bolt|Draco Meteor|p2a: The Bear
|-damage|p2a: The Bear|0 fnt
|-unboost|p1a: Raging Bolt|spa|2
|faint|p2a: The Bear
|
|upkeep
|
|t:|1757864020
|switch|p2a: Arbok|Arbok, M|100/100
|turn|7
|
|t:|1757864024
|-end|p1a: Raging Bolt|Protosynthesis|[silent]
|switch|p1a: Clodsire|Clodsire, F|100/100
|move|p2a: Arbok|Coil|p2a: Arbok
|-boost|p2a: Arbok|atk|1
|-boost|p2a: Arbok|def|1
|-boost|p2a: Arbok|accuracy|1
|
|upkeep
|turn|8
|
|t:|1757864029
|move|p2a: Arbok|Earthquake|p1a: Clodsire
|-supereffective|p1a: Clodsire
|-damage|p1a: Clodsire|3/100
|move|p1a: Clodsire|Spikes|p2a: Arbok
|-sidestart|p2: babajeje|Spikes
|
|upkeep
|turn|9
|
|t:|1757864032
|move|p2a: Arbok|Earthquake|p1a: Clodsire
|-supereffective|p1a: Clodsire
|-damage|p1a: Clodsire|0 fnt
|faint|p1a: Clodsire
|
|upkeep
|
|t:|1757864046
|switch|p1a: Raging Bolt|Raging Bolt|15/100
|turn|10
|
|t:|1757864063
|move|p2a: Arbok|Earthquake|p1a: Raging Bolt
|-supereffective|p1a: Raging Bolt
|-damage|p1a: Raging Bolt|0 fnt
|faint|p1a: Raging Bolt
|-end|p1a: Raging Bolt|Protosynthesis|[silent]
|
|upkeep
|
|t:|1757864065
|switch|p1a: Registeel|Registeel|100/100
|turn|11
|
|t:|1757864072
|-terastallize|p1a: Registeel|Water
|move|p2a: Arbok|Coil|p2a: Arbok
|-boost|p2a: Arbok|atk|1
|-boost|p2a: Arbok|def|1
|-boost|p2a: Arbok|accuracy|1
|move|p1a: Registeel|Iron Defense|p1a: Registeel
|-boost|p1a: Registeel|def|2
|
|upkeep
|turn|12
|
|t:|1757864075
|move|p2a: Arbok|Coil|p2a: Arbok
|-boost|p2a: Arbok|atk|1
|-boost|p2a: Arbok|def|1
|-boost|p2a: Arbok|accuracy|1
|move|p1a: Registeel|Iron Defense|p1a: Registeel
|-boost|p1a: Registeel|def|2
|
|upkeep
|turn|13
|
|t:|1757864079
|move|p2a: Arbok|Coil|p2a: Arbok
|-boost|p2a: Arbok|atk|1
|-boost|p2a: Arbok|def|1
|-boost|p2a: Arbok|accuracy|1
|move|p1a: Registeel|Iron Defense|p1a: Registeel
|-boost|p1a: Registeel|def|2
|
|upkeep
|turn|14
|
|t:|1757864084
|move|p2a: Arbok|Coil|p2a: Arbok
|-boost|p2a: Arbok|atk|1
|-boost|p2a: Arbok|def|1
|-boost|p2a: Arbok|accuracy|1
|move|p1a: Registeel|Iron Defense|p1a: Registeel
|-boost|p1a: Registeel|def|0
|
|upkeep
|turn|15
|
|t:|1757864086
|move|p2a: Arbok|Coil|p2a: Arbok
|-boost|p2a: Arbok|atk|1
|-boost|p2a: Arbok|def|1
|-boost|p2a: Arbok|accuracy|1
|move|p1a: Registeel|Body Press|p2a: Arbok
|-resisted|p2a: Arbok
|-damage|p2a: Arbok|79/100
|
|-heal|p2a: Arbok|85/100|[from] item: Leftovers
|upkeep
|turn|16
|
|t:|1757864092
|move|p2a: Arbok|Poison Jab|p1a: Registeel
|-damage|p1a: Registeel|82/100
|move|p1a: Registeel|Body Press|p2a: Arbok
|-resisted|p2a: Arbok
|-damage|p2a: Arbok|65/100
|
|-heal|p2a: Arbok|71/100|[from] item: Leftovers
|-heal|p1a: Registeel|88/100|[from] item: Leftovers
|upkeep
|turn|17
|
|t:|1757864099
|move|p2a: Arbok|Poison Jab|p1a: Registeel
|-damage|p1a: Registeel|71/100
|-status|p1a: Registeel|psn
|move|p1a: Registeel|Body Press|p2a: Arbok
|-resisted|p2a: Arbok
|-damage|p2a: Arbok|50/100
|
|-heal|p2a: Arbok|56/100|[from] item: Leftovers
|-heal|p1a: Registeel|77/100 psn|[from] item: Leftovers
|-damage|p1a: Registeel|64/100 psn|[from] psn
|upkeep
|turn|18
|
|t:|1757864126
|move|p2a: Arbok|Poison Jab|p1a: Registeel
|-damage|p1a: Registeel|44/100 psn
|move|p1a: Registeel|Body Press|p2a: Arbok
|-resisted|p2a: Arbok
|-damage|p2a: Arbok|36/100
|
|-heal|p2a: Arbok|42/100|[from] item: Leftovers
|-heal|p1a: Registeel|50/100 psn|[from] item: Leftovers
|-damage|p1a: Registeel|38/100 psn|[from] psn
|upkeep
|turn|19
|
|t:|1757864131
|move|p2a: Arbok|Rest|p2a: Arbok
|-status|p2a: Arbok|slp|[from] move: Rest
|-heal|p2a: Arbok|100/100 slp|[silent]
|move|p1a: Registeel|Body Press|p2a: Arbok
|-resisted|p2a: Arbok
|-damage|p2a: Arbok|77/100 slp
|
|-heal|p2a: Arbok|83/100 slp|[from] item: Leftovers
|-heal|p1a: Registeel|44/100 psn|[from] item: Leftovers
|-damage|p1a: Registeel|32/100 psn|[from] psn
|upkeep
|turn|20
|
|t:|1757864139
|cant|p2a: Arbok|slp
|move|p1a: Registeel|Body Press|p2a: Arbok
|-resisted|p2a: Arbok
|-damage|p2a: Arbok|61/100 slp
|
|-heal|p2a: Arbok|67/100 slp|[from] item: Leftovers
|-heal|p1a: Registeel|38/100 psn|[from] item: Leftovers
|-damage|p1a: Registeel|25/100 psn|[from] psn
|upkeep
|turn|21
|
|t:|1757864142
|cant|p2a: Arbok|slp
|move|p1a: Registeel|Body Press|p2a: Arbok
|-resisted|p2a: Arbok
|-damage|p2a: Arbok|46/100 slp
|
|-heal|p2a: Arbok|52/100 slp|[from] item: Leftovers
|-heal|p1a: Registeel|32/100 psn|[from] item: Leftovers
|-damage|p1a: Registeel|19/100 psn|[from] psn
|upkeep
|turn|22
|
|t:|1757864147
|-curestatus|p2a: Arbok|slp|[msg]
|move|p2a: Arbok|Rest|p2a: Arbok
|-status|p2a: Arbok|slp|[from] move: Rest
|-heal|p2a: Arbok|100/100 slp|[silent]
|move|p1a: Registeel|Body Press|p2a: Arbok
|-resisted|p2a: Arbok
|-damage|p2a: Arbok|77/100 slp
|
|-heal|p2a: Arbok|83/100 slp|[from] item: Leftovers
|-heal|p1a: Registeel|25/100 psn|[from] item: Leftovers
|-damage|p1a: Registeel|13/100 psn|[from] psn
|upkeep
|turn|23
|
|t:|1757864170
|cant|p2a: Arbok|slp
|move|p1a: Registeel|Body Press|p2a: Arbok
|-resisted|p2a: Arbok
|-damage|p2a: Arbok|61/100 slp
|
|-heal|p2a: Arbok|67/100 slp|[from] item: Leftovers
|-heal|p1a: Registeel|19/100 psn|[from] item: Leftovers
|-damage|p1a: Registeel|7/100 psn|[from] psn
|upkeep
|turn|24
|
|t:|1757864175
|cant|p2a: Arbok|slp
|move|p1a: Registeel|Body Press|p2a: Arbok
|-resisted|p2a: Arbok
|-damage|p2a: Arbok|45/100 slp
|
|-heal|p2a: Arbok|51/100 slp|[from] item: Leftovers
|-heal|p1a: Registeel|13/100 psn|[from] item: Leftovers
|-damage|p1a: Registeel|0 fnt|[from] psn
|faint|p1a: Registeel
|upkeep
|
|t:|1757864179
|switch|p1a: Clefable|Clefable, F|51/100
|turn|25
|
|t:|1757864183
|move|p1a: Clefable|Thunderbolt|p2a: Arbok
|-damage|p2a: Arbok|18/100 slp
|-curestatus|p2a: Arbok|slp|[msg]
|move|p2a: Arbok|Poison Jab|p1a: Clefable
|-supereffective|p1a: Clefable
|-damage|p1a: Clefable|0 fnt
|faint|p1a: Clefable
|
|-heal|p2a: Arbok|24/100|[from] item: Leftovers
|upkeep
|-message|AskGandalf forfeited.
|
|win|babajeje
|raw|AskGandalf's rating: 1094 &rarr; <strong>1074</strong><br />(-20 for losing)
|raw|babajeje's rating: 1149 &rarr; <strong>1170</strong><br />(+21 for winning)
|l|☆AskGandalf
|player|p1|
|l|☆babajeje
|player|p2|
