|j|☆Patole
|j|☆Araciel
|t:|1757883412
|gametype|singles
|player|p1|Patole|fantina|1370
|player|p2|Araciel|102|1328
|gen|9
|tier|[Gen 9] OU
|rated|
|rule|HP Percentage Mod: HP is shown in percentages
|rule|Endless Battle Clause: Forcing endless battles is banned
|rule|Species Clause: Limit one of each Pokémon
|rule|OHKO Clause: OHKO moves are banned
|rule|Evasion Items Clause: Evasion items are banned
|rule|Evasion Moves Clause: Evasion moves are banned
|rule|Evasion Abilities Clause: Evasion abilities are banned
|rule|Sleep Moves Clause: Sleep-inducing moves are banned
|clearpoke
|poke|p1|Darkrai|
|poke|p1|Cinderace, M|
|poke|p1|Walking Wake|
|poke|p1|Iron Hands|
|poke|p1|Landorus-Therian, M|
|poke|p1|Dragapult, F|
|poke|p2|Muk-Alola, F|
|poke|p2|Scizor, F|
|poke|p2|Dragonite, F|
|poke|p2|Araquanid, F|
|poke|p2|Primarina, F|
|poke|p2|Gliscor, F|
|teampreview
|
|t:|1757883422
|teamsize|p1|6
|teamsize|p2|6
|start
|switch|p1a: Dragapult|Dragapult, F|100/100
|switch|p2a: Primarina|Primarina, F|100/100
|turn|1
|inactive|Battle timer is ON: inactive players will automatically lose when time's up. (requested by Araciel)
|
|t:|1757883442
|move|p1a: Dragapult|U-turn|p2a: Primarina
|-resisted|p2a: Primarina
|-crit|p2a: Primarina
|-damage|p2a: Primarina|77/100
|
|t:|1757883449
|switch|p1a: Cinderace|Cinderace, M|100/100|[from] U-turn
|move|p2a: Primarina|Calm Mind|p2a: Primarina
|-boost|p2a: Primarina|spa|1
|-boost|p2a: Primarina|spd|1
|
|-heal|p2a: Primarina|83/100|[from] item: Leftovers
|upkeep
|turn|2
|
|t:|1757883458
|move|p1a: Cinderace|Pyro Ball|p2a: Primarina
|-resisted|p2a: Primarina
|-damage|p2a: Primarina|54/100
|move|p2a: Primarina|Sparkling Aria|p1a: Cinderace
|-supereffective|p1a: Cinderace
|-enditem|p1a: Cinderace|Focus Sash
|-damage|p1a: Cinderace|1/100
|
|-heal|p2a: Primarina|60/100|[from] item: Leftovers
|upkeep
|turn|3
|
|t:|1757883472
|switch|p1a: Walking Wake|Walking Wake|100/100
|-enditem|p1a: Walking Wake|Booster Energy
|-activate|p1a: Walking Wake|ability: Protosynthesis|[fromitem]
|-start|p1a: Walking Wake|protosynthesisspa
|switch|p2a: Araquanid|Araquanid, F|100/100
|
|upkeep
|turn|4
|
|t:|1757883485
|move|p1a: Walking Wake|Dragon Pulse|p2a: Araquanid
|-damage|p2a: Araquanid|55/100
|move|p2a: Araquanid|Sticky Web|p1a: Walking Wake
|-sidestart|p1: Patole|move: Sticky Web
|
|upkeep
|turn|5
|
|t:|1757883492
|move|p1a: Walking Wake|Draco Meteor|p2a: Araquanid
|-damage|p2a: Araquanid|0 fnt
|-unboost|p1a: Walking Wake|spa|2
|faint|p2a: Araquanid
|
|upkeep
|
|t:|1757883499
|switch|p2a: Primarina|Primarina, F|60/100
|turn|6
|
|t:|1757883505
|-end|p1a: Walking Wake|Protosynthesis|[silent]
|switch|p1a: Landorus|Landorus-Therian, M|100/100
|-ability|p1a: Landorus|Intimidate|boost
|-unboost|p2a: Primarina|atk|1
|move|p2a: Primarina|Draining Kiss|p1a: Landorus
|-damage|p1a: Landorus|71/100
|-heal|p2a: Primarina|81/100|[from] drain|[of] p1a: Landorus
|
|-heal|p2a: Primarina|87/100|[from] item: Leftovers
|upkeep
|turn|7
|
|t:|1757883516
|move|p1a: Landorus|Rock Slide|p2a: Primarina
|-crit|p2a: Primarina
|-damage|p2a: Primarina|44/100
|cant|p2a: Primarina|flinch
|
|-heal|p2a: Primarina|50/100|[from] item: Leftovers
|upkeep
|turn|8
|
|t:|1757883525
|move|p1a: Landorus|Rock Slide|p2a: Primarina
|-damage|p2a: Primarina|25/100
|move|p2a: Primarina|Draining Kiss|p1a: Landorus
|-damage|p1a: Landorus|39/100
|-heal|p2a: Primarina|48/100|[from] drain|[of] p1a: Landorus
|
|-heal|p2a: Primarina|54/100|[from] item: Leftovers
|upkeep
|turn|9
|
|t:|1757883540
|switch|p2a: Scizor|Scizor, F, shiny|100/100
|move|p1a: Landorus|Rock Slide|p2a: Scizor
|-damage|p2a: Scizor|70/100
|
|upkeep
|turn|10
|
|t:|1757883547
|move|p1a: Landorus|Rock Slide|p2a: Scizor
|-damage|p2a: Scizor|39/100
|move|p2a: Scizor|Swords Dance|p2a: Scizor
|-boost|p2a: Scizor|atk|2
|
|upkeep
|turn|11
|
|t:|1757883554
|move|p2a: Scizor|Bullet Punch|p1a: Landorus
|-damage|p1a: Landorus|0 fnt
|faint|p1a: Landorus
|
|upkeep
|
|t:|1757883557
|switch|p1a: Iron Hands|Iron Hands|100/100
|-activate|p1a: Iron Hands|move: Sticky Web
|-unboost|p1a: Iron Hands|spe|1
|turn|12
|
|t:|1757883565
|move|p2a: Scizor|U-turn|p1a: Iron Hands
|-resisted|p1a: Iron Hands
|-damage|p1a: Iron Hands|76/100
|
|t:|1757883570
|switch|p2a: Gliscor|Gliscor, F|100/100|[from] U-turn
|move|p1a: Iron Hands|Supercell Slam|p2a: Gliscor
|-immune|p2a: Gliscor
|-damage|p1a: Iron Hands|26/100|[from] supercellslam
|
|-status|p2a: Gliscor|tox|[from] item: Toxic Orb
|upkeep
|turn|13
|
|t:|1757883582
|move|p2a: Gliscor|Earthquake|p1a: Iron Hands
|-supereffective|p1a: Iron Hands
|-damage|p1a: Iron Hands|0 fnt
|faint|p1a: Iron Hands
|-end|p1a: Iron Hands|Quark Drive|[silent]
|
|upkeep
|
|t:|1757883591
|switch|p1a: Cinderace|Cinderace, M|1/100
|-activate|p1a: Cinderace|move: Sticky Web
|-unboost|p1a: Cinderace|spe|1
|turn|14
|
|t:|1757883597
|move|p2a: Gliscor|Facade|p1a: Cinderace
|-damage|p1a: Cinderace|0 fnt
|faint|p1a: Cinderace
|
|upkeep
|
|t:|1757883600
|switch|p1a: Walking Wake|Walking Wake|100/100
|-activate|p1a: Walking Wake|move: Sticky Web
|-unboost|p1a: Walking Wake|spe|1
|turn|15
|
|t:|1757883607
|-terastallize|p2a: Gliscor|Normal
|move|p2a: Gliscor|Facade|p1a: Walking Wake
|-damage|p1a: Walking Wake|46/100
|move|p1a: Walking Wake|Hydro Steam|p2a: Gliscor
|-damage|p2a: Gliscor|45/100 tox
|
|-heal|p2a: Gliscor|58/100 tox|[from] ability: Poison Heal
|upkeep
|turn|16
|-message|Patole forfeited.
|
|win|Araciel
|raw|Patole's rating: 1370 &rarr; <strong>1348</strong><br />(-22 for losing)
|raw|Araciel's rating: 1328 &rarr; <strong>1350</strong><br />(+22 for winning)
|l|☆Patole
|player|p1|
