|j|☆Jus4funsies
|j|☆ihaveroaches
|t:|1757872927
|gametype|singles
|player|p1|Jus4funsies|teamrocket|1471
|player|p2|ihaveroaches|biker|1479
|gen|9
|tier|[Gen 9] OU
|rated|
|rule|HP Percentage Mod: HP is shown in percentages
|rule|Endless Battle Clause: Forcing endless battles is banned
|rule|Species Clause: Limit one of each Pokémon
|rule|OHKO Clause: OHKO moves are banned
|rule|Evasion Items Clause: Evasion items are banned
|rule|Evasion Moves Clause: Evasion moves are banned
|rule|Evasion Abilities Clause: Evasion abilities are banned
|rule|Sleep Moves Clause: Sleep-inducing moves are banned
|clearpoke
|poke|p1|Samurott-Hisui, F|
|poke|p1|Gholdengo|
|poke|p1|Great Tusk|
|poke|p1|Raging Bolt|
|poke|p1|Dragonite, F|
|poke|p1|Kingambit, M|
|poke|p2|Araquanid, F|
|poke|p2|Cinderace, F|
|poke|p2|Milotic, F|
|poke|p2|Kingambit, F|
|poke|p2|Mimikyu, F|
|poke|p2|Landorus-Therian, M|
|teampreview
|inactive|Battle timer is ON: inactive players will automatically lose when time's up. (requested by ihaveroaches)
|
|t:|1757872930
|teamsize|p1|6
|teamsize|p2|6
|start
|switch|p1a: Samurott|Samurott-Hisui, F|100/100
|switch|p2a: Araquanid|Araquanid, F, shiny|100/100
|turn|1
|
|t:|1757872936
|move|p1a: Samurott|Taunt|p2a: Araquanid
|-start|p2a: Araquanid|move: Taunt
|cant|p2a: Araquanid|move: Taunt|Sticky Web
|
|upkeep
|turn|2
|
|t:|1757872948
|switch|p2a: Landorus|Landorus-Therian, M, shiny|100/100
|-ability|p2a: Landorus|Intimidate|boost
|-unboost|p1a: Samurott|atk|1
|move|p1a: Samurott|Ceaseless Edge|p2a: Landorus|[miss]
|-miss|p1a: Samurott|p2a: Landorus
|
|upkeep
|turn|3
|
|t:|1757872956
|move|p1a: Samurott|Ceaseless Edge|p2a: Landorus
|-damage|p2a: Landorus|68/100
|-damage|p1a: Samurott|84/100|[from] item: Rocky Helmet|[of] p2a: Landorus
|-sidestart|p2: ihaveroaches|Spikes
|move|p2a: Landorus|U-turn|p1a: Samurott
|-supereffective|p1a: Samurott
|-damage|p1a: Samurott|18/100
|
|t:|1757872967
|switch|p2a: Mimikyu|Mimikyu, F|100/100|[from] U-turn
|-damage|p2a: Mimikyu|88/100|[from] Spikes
|
|upkeep
|turn|4
|
|t:|1757872973
|switch|p2a: Landorus|Landorus-Therian, M, shiny|68/100
|-ability|p2a: Landorus|Intimidate|boost
|-unboost|p1a: Samurott|atk|1
|move|p1a: Samurott|Sucker Punch||[still]
|-fail|p1a: Samurott
|
|upkeep
|turn|5
|
|t:|1757872987
|move|p1a: Samurott|Ceaseless Edge|p2a: Landorus
|-damage|p2a: Landorus|43/100
|-damage|p1a: Samurott|1/100|[from] item: Rocky Helmet|[of] p2a: Landorus
|-sidestart|p2: ihaveroaches|Spikes
|move|p2a: Landorus|Earthquake|p1a: Samurott
|-damage|p1a: Samurott|0 fnt
|faint|p1a: Samurott
|
|upkeep
|
|t:|1757872994
|switch|p1a: Great Tusk|Great Tusk|100/100
|turn|6
|
|t:|1757872999
|move|p1a: Great Tusk|Ice Spinner|p2a: Landorus
|-supereffective|p2a: Landorus
|-crit|p2a: Landorus
|-damage|p2a: Landorus|0 fnt
|-damage|p1a: Great Tusk|84/100|[from] item: Rocky Helmet|[of] p2a: Landorus
|faint|p2a: Landorus
|
|upkeep
|
|t:|1757873007
|switch|p2a: Araquanid|Araquanid, F, shiny|100/100
|-damage|p2a: Araquanid|84/100|[from] Spikes
|turn|7
|inactive|Jus4funsies has 120 seconds left.
|
|t:|1757873065
|move|p1a: Great Tusk|Knock Off|p2a: Araquanid
|-damage|p2a: Araquanid|44/100
|-enditem|p2a: Araquanid|Focus Sash|[from] move: Knock Off|[of] p1a: Great Tusk
|move|p2a: Araquanid|Sticky Web|p1a: Great Tusk
|-sidestart|p1: Jus4funsies|move: Sticky Web
|
|upkeep
|turn|8
|
|t:|1757873080
|-end|p1a: Great Tusk|Protosynthesis|[silent]
|switch|p1a: Raging Bolt|Raging Bolt|100/100
|-activate|p1a: Raging Bolt|move: Sticky Web
|-unboost|p1a: Raging Bolt|spe|1
|-enditem|p1a: Raging Bolt|Booster Energy
|-activate|p1a: Raging Bolt|ability: Protosynthesis|[fromitem]
|-start|p1a: Raging Bolt|protosynthesisspa
|switch|p2a: Mimikyu|Mimikyu, F|88/100
|-damage|p2a: Mimikyu|72/100|[from] Spikes
|
|upkeep
|turn|9
|inactive|Jus4funsies has 90 seconds left.
|
|t:|1757873095
|move|p1a: Raging Bolt|Thunderbolt|p2a: Mimikyu
|-activate|p2a: Mimikyu|ability: Disguise
|-damage|p2a: Mimikyu|72/100
|detailschange|p2a: Mimikyu|Mimikyu-Busted, F
|-damage|p2a: Mimikyu|59/100|[from] pokemon: Mimikyu-Busted
|move|p2a: Mimikyu|Trick Room|p2a: Mimikyu
|-fieldstart|move: Trick Room|[of] p2a: Mimikyu
|
|upkeep
|turn|10
|inactive|Jus4funsies has 90 seconds left.
|
|t:|1757873113
|move|p1a: Raging Bolt|Thunderclap||[still]
|-fail|p1a: Raging Bolt
|move|p2a: Mimikyu|Destiny Bond|p2a: Mimikyu
|-singlemove|p2a: Mimikyu|Destiny Bond
|
|upkeep
|turn|11
|inactive|Jus4funsies has 90 seconds left.
|inactive|Jus4funsies has 60 seconds left.
|
|t:|1757873148
|move|p1a: Raging Bolt|Thunderclap|p2a: Mimikyu
|-damage|p2a: Mimikyu|0 fnt
|faint|p2a: Mimikyu
|-activate|p2a: Mimikyu|move: Destiny Bond
|faint|p1a: Raging Bolt
|-end|p1a: Raging Bolt|Protosynthesis|[silent]
|
|upkeep
|inactive|Jus4funsies has 60 seconds left.
|
|t:|1757873159
|switch|p2a: Araquanid|Araquanid, F, shiny|44/100
|switch|p1a: Gholdengo|Gholdengo, shiny|100/100
|-damage|p2a: Araquanid|28/100|[from] Spikes
|-item|p1a: Gholdengo|Air Balloon
|turn|12
|
|t:|1757873168
|move|p2a: Araquanid|Liquidation|p1a: Gholdengo
|-damage|p1a: Gholdengo|29/100
|-unboost|p1a: Gholdengo|def|1
|-enditem|p1a: Gholdengo|Air Balloon
|move|p1a: Gholdengo|Shadow Ball|p2a: Araquanid
|-damage|p2a: Araquanid|0 fnt
|faint|p2a: Araquanid
|
|upkeep
|
|t:|1757873178
|switch|p2a: Cinderace|Cinderace, F|100/100
|-damage|p2a: Cinderace|84/100|[from] Spikes
|turn|13
|
|t:|1757873186
|switch|p1a: Great Tusk|Great Tusk|84/100
|move|p2a: Cinderace|Court Change|p2a: Cinderace
|-start|p2a: Cinderace|typechange|Normal|[from] ability: Libero
|-swapsideconditions
|-activate|p2a: Cinderace|move: Court Change
|
|-fieldend|move: Trick Room
|upkeep
|turn|14
|
|t:|1757873210
|move|p2a: Cinderace|High Jump Kick|p1a: Great Tusk
|-damage|p1a: Great Tusk|58/100
|move|p1a: Great Tusk|Rapid Spin|p2a: Cinderace
|-damage|p2a: Cinderace|61/100
|-boost|p1a: Great Tusk|spe|1
|-sideend|p1: Jus4funsies|Spikes|[from] move: Rapid Spin|[of] p1a: Great Tusk
|
|upkeep
|turn|15
|
|t:|1757873219
|move|p1a: Great Tusk|Headlong Rush|p2a: Cinderace
|-damage|p2a: Cinderace|0 fnt
|-unboost|p1a: Great Tusk|def|1
|-unboost|p1a: Great Tusk|spd|1
|faint|p2a: Cinderace
|
|upkeep
|
|t:|1757873226
|switch|p2a: Kingambit|Kingambit, F, shiny|100/100
|-activate|p2a: Kingambit|move: Sticky Web
|-unboost|p2a: Kingambit|spe|1
|-ability|p2a: Kingambit|Defiant|boost
|-boost|p2a: Kingambit|atk|2
|turn|16
|
|t:|1757873238
|-terastallize|p2a: Kingambit|Dark
|move|p1a: Great Tusk|Headlong Rush|p2a: Kingambit
|-damage|p2a: Kingambit|62/100
|-unboost|p1a: Great Tusk|def|1
|-unboost|p1a: Great Tusk|spd|1
|move|p2a: Kingambit|Kowtow Cleave|p1a: Great Tusk
|-resisted|p1a: Great Tusk
|-damage|p1a: Great Tusk|0 fnt
|faint|p1a: Great Tusk
|-end|p1a: Great Tusk|Protosynthesis|[silent]
|
|upkeep
|inactive|Jus4funsies has 90 seconds left.
|
|t:|1757873255
|switch|p1a: Dragonite|Dragonite, F|100/100
|turn|17
|
|t:|1757873259
|move|p1a: Dragonite|Dragon Dance|p1a: Dragonite
|-boost|p1a: Dragonite|atk|1
|-boost|p1a: Dragonite|spe|1
|move|p2a: Kingambit|Kowtow Cleave|p1a: Dragonite
|-damage|p1a: Dragonite|0 fnt
|faint|p1a: Dragonite
|
|upkeep
|
|t:|1757873267
|switch|p1a: Kingambit|Kingambit, M, shiny|100/100
|-activate|p1a: Kingambit|ability: Supreme Overlord
|-start|p1a: Kingambit|fallen4|[silent]
|turn|18
|
|t:|1757873271
|-terastallize|p1a: Kingambit|Fairy
|move|p1a: Kingambit|Iron Head|p2a: Kingambit
|-damage|p2a: Kingambit|14/100
|move|p2a: Kingambit|Kowtow Cleave|p1a: Kingambit
|-resisted|p1a: Kingambit
|-damage|p1a: Kingambit|22/100
|
|upkeep
|turn|19
|
|t:|1757873283
|switch|p2a: Milotic|Milotic, F|100/100
|-activate|p2a: Milotic|move: Sticky Web
|-unboost|p2a: Milotic|spe|1
|-ability|p2a: Milotic|Competitive|boost
|-boost|p2a: Milotic|spa|2
|move|p1a: Kingambit|Sucker Punch||[still]
|-fail|p1a: Kingambit
|
|upkeep
|turn|20
|
|t:|1757873293
|move|p1a: Kingambit|Kowtow Cleave|p2a: Milotic
|-damage|p2a: Milotic|0 fnt
|faint|p2a: Milotic
|
|upkeep
|
|t:|1757873298
|switch|p2a: Kingambit|Kingambit, F, shiny, tera:Dark|14/100
|-activate|p2a: Kingambit|move: Sticky Web
|-unboost|p2a: Kingambit|spe|1
|-ability|p2a: Kingambit|Defiant|boost
|-boost|p2a: Kingambit|atk|2
|turn|21
|
|t:|1757873308
|move|p1a: Kingambit|Sucker Punch|p2a: Kingambit
|-resisted|p2a: Kingambit
|-damage|p2a: Kingambit|0 fnt
|faint|p2a: Kingambit
|
|win|Jus4funsies
|raw|Jus4funsies's rating: 1471 &rarr; <strong>1491</strong><br />(+20 for winning)
|raw|ihaveroaches's rating: 1479 &rarr; <strong>1459</strong><br />(-20 for losing)
|l|☆ihaveroaches
|player|p2|
|l|☆Jus4funsies
|player|p1|
