|j|☆BeachLeak
|j|☆triplemence
|t:|1757791164
|gametype|singles
|player|p1|BeachLeak|archer|1621
|player|p2|triplemence|265|1612
|gen|9
|tier|[Gen 9] OU
|rated|
|rule|HP Percentage Mod: HP is shown in percentages
|rule|Endless Battle Clause: Forcing endless battles is banned
|rule|Species Clause: Limit one of each Pokémon
|rule|OHKO Clause: OHKO moves are banned
|rule|Evasion Items Clause: Evasion items are banned
|rule|Evasion Moves Clause: Evasion moves are banned
|rule|Evasion Abilities Clause: Evasion abilities are banned
|rule|Sleep Moves Clause: Sleep-inducing moves are banned
|clearpoke
|poke|p1|Salamence, M|
|poke|p1|Tyranitar, M|
|poke|p1|Excadrill, F|
|poke|p1|Iron Crown|
|poke|p1|Azumarill, M|
|poke|p1|Zamazenta-*|
|poke|p2|Deoxys-Speed|
|poke|p2|Dragonite, F|
|poke|p2|Glimmora, F|
|poke|p2|Iron Valiant|
|poke|p2|Great Tusk|
|poke|p2|Kingambit, M|
|teampreview
|
|t:|1757791167
|teamsize|p1|6
|teamsize|p2|6
|start
|switch|p1a: Iron Crown|Iron Crown|100/100
|switch|p2a: Deoxys|Deoxys-Speed|100/100
|-ability|p2a: Deoxys|Pressure
|turn|1
|inactive|Battle timer is ON: inactive players will automatically lose when time's up. (requested by BeachLeak)
|
|t:|1757791174
|move|p2a: Deoxys|Light Screen|p2a: Deoxys
|-sidestart|p2: triplemence|move: Light Screen
|move|p1a: Iron Crown|Tachyon Cutter|p2a: Deoxys
|-damage|p2a: Deoxys|83/100
|-damage|p2a: Deoxys|63/100
|-hitcount|p2a: Deoxys|2
|
|upkeep
|turn|2
|
|t:|1757791179
|move|p2a: Deoxys|Reflect|p2a: Deoxys
|-sidestart|p2: triplemence|Reflect
|move|p1a: Iron Crown|Tachyon Cutter|p2a: Deoxys
|-damage|p2a: Deoxys|42/100
|-damage|p2a: Deoxys|23/100
|-hitcount|p2a: Deoxys|2
|
|upkeep
|turn|3
|
|t:|1757791189
|move|p2a: Deoxys|Taunt|p1a: Iron Crown
|-start|p1a: Iron Crown|move: Taunt
|move|p1a: Iron Crown|Tachyon Cutter|p2a: Deoxys
|-damage|p2a: Deoxys|3/100
|-damage|p2a: Deoxys|0 fnt
|faint|p2a: Deoxys
|-hitcount|p2: Deoxys|2
|
|upkeep
|
|t:|1757791204
|switch|p2a: Kingambit|Kingambit, M|100/100
|-activate|p2a: Kingambit|ability: Supreme Overlord
|-start|p2a: Kingambit|fallen1|[silent]
|turn|4
|
|t:|1757791225
|-end|p1a: Iron Crown|Quark Drive|[silent]
|switch|p1a: Sherbet|Salamence, M, shiny|100/100
|-ability|p1a: Sherbet|Intimidate|boost
|-unboost|p2a: Kingambit|atk|1
|move|p2a: Kingambit|Swords Dance|p2a: Kingambit
|-boost|p2a: Kingambit|atk|2
|
|upkeep
|turn|5
|inactive|triplemence has 120 seconds left.
|
|t:|1757791247
|switch|p1a: Zamazenta|Zamazenta|100/100
|-ability|p1a: Zamazenta|Dauntless Shield|boost
|-boost|p1a: Zamazenta|def|1
|move|p2a: Kingambit|Iron Head|p1a: Zamazenta
|-damage|p1a: Zamazenta|55/100
|
|upkeep
|turn|6
|inactive|triplemence has 120 seconds left.
|
|t:|1757791268
|switch|p1a: Sherbet|Salamence, M, shiny|100/100
|-ability|p1a: Sherbet|Intimidate|boost
|-unboost|p2a: Kingambit|atk|1
|-terastallize|p2a: Kingambit|Fighting
|move|p2a: Kingambit|Low Kick|p1a: Sherbet
|-resisted|p1a: Sherbet
|-damage|p1a: Sherbet|62/100
|
|upkeep
|turn|7
|
|t:|1757791277
|move|p1a: Sherbet|Air Slash|p2a: Kingambit
|-supereffective|p2a: Kingambit
|-damage|p2a: Kingambit|44/100
|move|p2a: Kingambit|Swords Dance|p2a: Kingambit
|-boost|p2a: Kingambit|atk|2
|
|upkeep
|turn|8
|inactive|triplemence has 120 seconds left.
|
|t:|1757791283
|move|p2a: Kingambit|Sucker Punch|p1a: Sherbet
|-damage|p1a: Sherbet|0 fnt
|faint|p1a: Sherbet
|
|-sideend|p2: triplemence|move: Light Screen
|upkeep
|
|t:|1757791291
|switch|p1a: Zamazenta|Zamazenta|55/100
|turn|9
|
|t:|1757791295
|move|p1a: Zamazenta|Close Combat|p2a: Kingambit
|-damage|p2a: Kingambit|13/100
|-unboost|p1a: Zamazenta|def|1
|-unboost|p1a: Zamazenta|spd|1
|-damage|p1a: Zamazenta|45/100|[from] item: Life Orb
|move|p2a: Kingambit|Low Kick|p1a: Zamazenta
|-damage|p1a: Zamazenta|0 fnt
|faint|p1a: Zamazenta
|
|-sideend|p2: triplemence|Reflect
|upkeep
|
|t:|1757791300
|switch|p1a: Azumarill|Azumarill, M, shiny|100/100
|turn|10
|
|t:|1757791302
|move|p2a: Kingambit|Sucker Punch|p1a: Azumarill
|-resisted|p1a: Azumarill
|-damage|p1a: Azumarill|55/100
|move|p1a: Azumarill|Aqua Jet|p2a: Kingambit
|-damage|p2a: Kingambit|0 fnt
|faint|p2a: Kingambit
|-end|p2a: Kingambit|fallen1|[silent]
|
|upkeep
|
|t:|1757791324
|switch|p2a: Glimmora|Glimmora, F|100/100
|turn|11
|
|t:|1757791332
|move|p2a: Glimmora|Meteor Beam||[still]
|-prepare|p2a: Glimmora|Meteor Beam
|-boost|p2a: Glimmora|spa|1
|-enditem|p2a: Glimmora|Power Herb
|-anim|p2a: Glimmora|Meteor Beam|p1a: Azumarill|[miss]
|-miss|p2a: Glimmora|p1a: Azumarill
|move|p1a: Azumarill|Liquidation|p2a: Glimmora
|-supereffective|p2a: Glimmora
|-damage|p2a: Glimmora|0 fnt
|-activate|p2a: Glimmora|ability: Toxic Debris
|-sidestart|p1: BeachLeak|move: Toxic Spikes
|faint|p2a: Glimmora
|
|upkeep
|
|t:|1757791349
|switch|p2a: Iron Valiant|Iron Valiant|100/100
|-enditem|p2a: Iron Valiant|Booster Energy
|-activate|p2a: Iron Valiant|ability: Quark Drive|[fromitem]
|-start|p2a: Iron Valiant|quarkdrivespe
|turn|12
|
|t:|1757791351
|move|p2a: Iron Valiant|Moonblast|p1a: Azumarill
|-damage|p1a: Azumarill|1/100
|-enditem|p1a: Azumarill|Sitrus Berry|[eat]
|-heal|p1a: Azumarill|26/100|[from] item: Sitrus Berry
|move|p1a: Azumarill|Play Rough|p2a: Iron Valiant
|-supereffective|p2a: Iron Valiant
|-damage|p2a: Iron Valiant|0 fnt
|faint|p2a: Iron Valiant
|-end|p2a: Iron Valiant|Quark Drive|[silent]
|
|upkeep
|
|t:|1757791354
|switch|p2a: Great Tusk|Great Tusk|100/100
|-enditem|p2a: Great Tusk|Booster Energy
|-activate|p2a: Great Tusk|ability: Protosynthesis|[fromitem]
|-start|p2a: Great Tusk|protosynthesisspe
|turn|13
|
|t:|1757791363
|move|p2a: Great Tusk|Close Combat|p1a: Azumarill
|-resisted|p1a: Azumarill
|-damage|p1a: Azumarill|0 fnt
|-unboost|p2a: Great Tusk|def|1
|-unboost|p2a: Great Tusk|spd|1
|faint|p1a: Azumarill
|
|upkeep
|
|t:|1757791366
|switch|p1a: Iron Crown|Iron Crown|100/100
|turn|14
|
|t:|1757791377
|move|p1a: Iron Crown|Tachyon Cutter|p2a: Great Tusk
|-damage|p2a: Great Tusk|53/100
|-damage|p2a: Great Tusk|2/100
|-hitcount|p2a: Great Tusk|2
|move|p2a: Great Tusk|Close Combat|p1a: Iron Crown
|-crit|p1a: Iron Crown
|-damage|p1a: Iron Crown|14/100
|-unboost|p2a: Great Tusk|def|1
|-unboost|p2a: Great Tusk|spd|1
|
|upkeep
|turn|15
|
|t:|1757791387
|move|p1a: Iron Crown|Tachyon Cutter|p2a: Great Tusk
|-damage|p2a: Great Tusk|0 fnt
|faint|p2a: Great Tusk
|-end|p2a: Great Tusk|Protosynthesis|[silent]
|-hitcount|p2: Great Tusk|1
|
|upkeep
|
|t:|1757791388
|switch|p2a: Dragonite|Dragonite, F|100/100
|turn|16
|
|t:|1757791396
|-end|p1a: Iron Crown|Quark Drive|[silent]
|switch|p1a: Tyranitar|Tyranitar, M, shiny|100/100
|-status|p1a: Tyranitar|psn
|-weather|Sandstorm|[from] ability: Sand Stream|[of] p1a: Tyranitar
|move|p2a: Dragonite|Earthquake|p1a: Tyranitar
|-supereffective|p1a: Tyranitar
|-damage|p1a: Tyranitar|26/100 psn
|
|-weather|Sandstorm|[upkeep]
|-damage|p2a: Dragonite|94/100|[from] Sandstorm
|-damage|p1a: Tyranitar|13/100 psn|[from] psn
|upkeep
|turn|17
|
|t:|1757791414
|move|p2a: Dragonite|Earthquake|p1a: Tyranitar
|-supereffective|p1a: Tyranitar
|-crit|p1a: Tyranitar
|-damage|p1a: Tyranitar|0 fnt
|faint|p1a: Tyranitar
|
|-weather|Sandstorm|[upkeep]
|-damage|p2a: Dragonite|88/100|[from] Sandstorm
|upkeep
|
|t:|1757791421
|switch|p1a: Excadrill|Excadrill, F|100/100
|-item|p1a: Excadrill|Air Balloon
|turn|18
|
|t:|1757791427
|move|p1a: Excadrill|Iron Head|p2a: Dragonite
|-damage|p2a: Dragonite|35/100
|move|p2a: Dragonite|Tera Blast|p1a: Excadrill
|-resisted|p1a: Excadrill
|-damage|p1a: Excadrill|88/100
|-enditem|p1a: Excadrill|Air Balloon
|
|-weather|Sandstorm|[upkeep]
|-damage|p2a: Dragonite|29/100|[from] Sandstorm
|upkeep
|turn|19
|
|t:|1757791432
|move|p1a: Excadrill|Iron Head|p2a: Dragonite
|-damage|p2a: Dragonite|0 fnt
|faint|p2a: Dragonite
|
|win|BeachLeak
|raw|BeachLeak's rating: 1621 &rarr; <strong>1640</strong><br />(+19 for winning)
|raw|triplemence's rating: 1612 &rarr; <strong>1593</strong><br />(-19 for losing)
|l|☆BeachLeak
|player|p1|
|l|☆triplemence
|player|p2|
|j| lilianoleg
|l| lilianoleg
