|j|☆LuluLePetitLu
|j|☆99steps_stuts
|t:|1757920772
|gametype|singles
|player|p1|LuluLePetitLu|youngster-gen4dp|1512
|player|p2|99steps_stuts|brycenman|1660
|gen|9
|tier|[Gen 9] OU
|rated|
|rule|HP Percentage Mod: HP is shown in percentages
|rule|Endless Battle Clause: Forcing endless battles is banned
|rule|Species Clause: Limit one of each Pokémon
|rule|OHKO Clause: OHKO moves are banned
|rule|Evasion Items Clause: Evasion items are banned
|rule|Evasion Moves Clause: Evasion moves are banned
|rule|Evasion Abilities Clause: Evasion abilities are banned
|rule|Sleep Moves Clause: Sleep-inducing moves are banned
|clearpoke
|poke|p1|Garganacl, M|
|poke|p1|Kingambit, M|
|poke|p1|Slowking-Galar, M|
|poke|p1|Dragapult, M|
|poke|p1|Corviknight, F|
|poke|p1|Ting-Lu|
|poke|p2|Clefable, M|
|poke|p2|Incineroar, M|
|poke|p2|Clodsire, M|
|poke|p2|Zapdos-Galar|
|poke|p2|Gholdengo|
|poke|p2|Dragapult, F|
|teampreview
|inactive|Battle timer is ON: inactive players will automatically lose when time's up. (requested by 99steps_stuts)
|inactive|LuluLePetitLu has 120 seconds left.
|inactive|99steps_stuts has 120 seconds left.
|
|t:|1757920832
|teamsize|p1|6
|teamsize|p2|6
|start
|switch|p1a: Ting-Lu|Ting-Lu|100/100
|switch|p2a: Zapdos|Zapdos-Galar, shiny|100/100
|-ability|p1a: Ting-Lu|Vessel of Ruin
|turn|1
|j| wgw2333
|
|t:|1757920855
|switch|p1a: Le mage|Slowking-Galar, M|100/100
|move|p2a: Zapdos|Thunderous Kick|p1a: Le mage
|-resisted|p1a: Le mage
|-crit|p1a: Le mage
|-damage|p1a: Le mage|83/100
|-unboost|p1a: Le mage|def|1
|
|upkeep
|turn|2
|
|t:|1757920865
|move|p2a: Zapdos|Knock Off|p1a: Le mage
|-supereffective|p1a: Le mage
|-damage|p1a: Le mage|0 fnt
|-enditem|p1a: Le mage|Heavy-Duty Boots|[from] move: Knock Off|[of] p2a: Zapdos
|faint|p1a: Le mage
|
|upkeep
|
|t:|1757920868
|switch|p1a: Le Roi|Dragapult, M|100/100
|turn|3
|
|t:|1757920894
|move|p1a: Le Roi|Draco Meteor|p2a: Zapdos
|-damage|p2a: Zapdos|0 fnt
|-unboost|p1a: Le Roi|spa|2
|faint|p2a: Zapdos
|
|upkeep
|inactive|99steps_stuts has 120 seconds left.
|
|t:|1757920909
|switch|p2a: Incineroar|Incineroar, M, shiny|100/100
|-ability|p2a: Incineroar|Intimidate|boost
|-unboost|p1a: Le Roi|atk|1
|turn|4
|inactive|LuluLePetitLu has 120 seconds left.
|
|t:|1757920954
|switch|p1a: L'Héro en armure|Garganacl, M|100/100
|move|p2a: Incineroar|Knock Off|p1a: L'Héro en armure
|-damage|p1a: L'Héro en armure|68/100
|-enditem|p1a: L'Héro en armure|Leftovers|[from] move: Knock Off|[of] p2a: Incineroar
|
|upkeep
|turn|5
|
|t:|1757920965
|move|p2a: Incineroar|U-turn|p1a: L'Héro en armure
|-damage|p1a: L'Héro en armure|50/100
|
|t:|1757920968
|switch|p2a: Gholdengo|Gholdengo, shiny|100/100|[from] U-turn
|-item|p2a: Gholdengo|Air Balloon
|move|p1a: L'Héro en armure|Salt Cure|p2a: Gholdengo
|-resisted|p2a: Gholdengo
|-damage|p2a: Gholdengo|93/100
|-start|p2a: Gholdengo|Salt Cure
|-enditem|p2a: Gholdengo|Air Balloon
|
|-damage|p2a: Gholdengo|68/100|[from] Salt Cure
|upkeep
|turn|6
|
|t:|1757920984
|switch|p1a: Ting-Lu|Ting-Lu|100/100
|-ability|p1a: Ting-Lu|Vessel of Ruin
|move|p2a: Gholdengo|Focus Blast|p1a: Ting-Lu
|-supereffective|p1a: Ting-Lu
|-damage|p1a: Ting-Lu|62/100
|
|-heal|p1a: Ting-Lu|69/100|[from] item: Leftovers
|-damage|p2a: Gholdengo|43/100|[from] Salt Cure
|upkeep
|turn|7
|
|t:|1757921004
|switch|p2a: Dragapult|Dragapult, F|100/100
|move|p1a: Ting-Lu|Stealth Rock|p2a: Dragapult
|-sidestart|p2: 99steps_stuts|move: Stealth Rock
|
|-heal|p1a: Ting-Lu|75/100|[from] item: Leftovers
|upkeep
|turn|8
|inactive|99steps_stuts has 120 seconds left.
|
|t:|1757921049
|move|p2a: Dragapult|Will-O-Wisp|p1a: Ting-Lu|[miss]
|-miss|p2a: Dragapult|p1a: Ting-Lu
|move|p1a: Ting-Lu|Ruination|p2a: Dragapult
|-damage|p2a: Dragapult|51/100
|
|-heal|p1a: Ting-Lu|81/100|[from] item: Leftovers
|upkeep
|turn|9
|-message|99steps_stuts forfeited.
|
|win|LuluLePetitLu
|raw|LuluLePetitLu's rating: 1512 &rarr; <strong>1540</strong><br />(+28 for winning)
|raw|99steps_stuts's rating: 1660 &rarr; <strong>1632</strong><br />(-28 for losing)
|l|☆99steps_stuts
|player|p2|
|l|☆LuluLePetitLu
|player|p1|
