|j|☆Alcopark
|j|☆AerosmithJR
|html|<table width="100%"><tr><td align="left">Alcopark</td><td align="right">AerosmithJR</tr><tr><td align="left"><i class="fa fa-circle-o"></i> <i class="fa fa-circle-o"></i> </td><td align="right"><i class="fa fa-circle-o"></i> <i class="fa fa-circle"></i> </tr></table>
|uhtml|bestof|<h2><strong>Game 2</strong> of <a href="/game-bestof3-gen9ou-2441519158">a best-of-3</a></h2>
|t:|1757864836
|gametype|singles
|player|p1|Alcopark|fisherman-gen4|
|player|p2|AerosmithJR|roxie|
|gen|9
|tier|[Gen 9] OU
|rule|HP Percentage Mod: HP is shown in percentages
|rule|Endless Battle Clause: Forcing endless battles is banned
|rule|Species Clause: Limit one of each Pokémon
|rule|OHKO Clause: OHKO moves are banned
|rule|Evasion Items Clause: Evasion items are banned
|rule|Evasion Moves Clause: Evasion moves are banned
|rule|Evasion Abilities Clause: Evasion abilities are banned
|rule|Sleep Moves Clause: Sleep-inducing moves are banned
|raw|<div class="infobox"><details class="readmore"><summary><strong>7 custom rules:</strong></summary> Force Open Team Sheets, Anything Goes, * Restricted Legendary, maxteamsize=8, Picked Team Size = 6, Adjust Level = 100, bestof=3</details></div>
|clearpoke
|poke|p1|Rillaboom, M|
|poke|p1|Greninja-*, F|
|poke|p1|Slowking-Galar, F|
|poke|p1|Garganacl, M|
|poke|p1|Conkeldurr, M|
|poke|p1|Arcanine-Hisui, F|
|poke|p1|Dragapult, F|
|poke|p1|Corviknight, F|
|poke|p2|Dragonite, F|
|poke|p2|Gliscor, F|
|poke|p2|Clefable, F|
|poke|p2|Corviknight, F|
|poke|p2|Kingambit, F|
|poke|p2|Glimmora, F|
|poke|p2|Meowscarada, F|
|poke|p2|Primarina, F|
|teampreview|6
|showteam|p1|Rillaboom||AssaultVest|GrassySurge|GrassyGlide,Uturn,DrainPunch,KnockOff|||M||||,,,,,Grass]Greninja||ChoiceSpecs|Protean|IceBeam,WaterShuriken,DarkPulse,SludgeWave|||F||||,,,,,Water]Slowking-Galar||BlackSludge|Regenerator|SludgeBomb,ChillyReception,ThunderWave,FutureSight|||F||||,,,,,Poison]Garganacl||MarangaBerry|PurifyingSalt|SaltCure,Earthquake,Curse,Recover|||M||||,,,,,Rock]Conkeldurr||FlameOrb|Guts|MachPunch,DrainPunch,IcePunch,KnockOff|||M||||,,,,,Fighting]Arcanine-Hisui||LifeOrb|RockHead|HeadSmash,StealthRock,FlareBlitz,ExtremeSpeed|||F||||,,,,,Fire]Dragapult||HeavyDutyBoots|Infiltrator|DracoMeteor,WillOWisp,Uturn,Hex|||F||||,,,,,Dragon]Corviknight||Leftovers|Pressure|Defog,IronDefense,Roost,BodyPress|||F||||,,,,,Fighting
|showteam|p2|Dragonite||HeavyDutyBoots|Multiscale|ExtremeSpeed,Earthquake,DragonDance,Roost|||F||||,,,,,Normal]Gliscor||ToxicOrb|PoisonHeal|SwordsDance,Facade,KnockOff,Protect|||F||||,,,,,Normal]Clefable||Leftovers|Unaware|ThunderWave,CalmMind,Moonblast,Moonlight|||F||||,,,,,Poison]Corviknight||RockyHelmet|Pressure|IronDefense,BodyPress,BraveBird,Roost|||F||||,,,,,Water]Kingambit||LumBerry|SupremeOverlord|SwordsDance,SuckerPunch,IronHead,BrickBreak|||F||||,,,,,Dark]Glimmora||FocusSash|ToxicDebris|StealthRock,MortalSpin,SludgeWave,EarthPower|||F||||,,,,,Rock]Meowscarada||ChoiceBand|Protean|FlowerTrick,KnockOff,Uturn,TripleAxel|||F||||,,,,,Grass]Primarina||AssaultVest|Torrent|Surf,Moonblast,FlipTurn,PsychicNoise|||F||||,,,,,Steel
|c|☆Alcopark|GG
|c|☆Alcopark|esta bien
|c|☆AerosmithJR|Cual baneas?
|c|☆Alcopark|Ban clefable
|c|☆AerosmithJR|Okok
|c|☆Alcopark|jajaja
|c|☆AerosmithJR|Ban corvi
|c|☆Alcopark|perfe buena suertee
|c|☆AerosmithJR|Igual
|
|t:|1757864933
|teamsize|p1|6
|teamsize|p2|6
|start
|switch|p1a: Conkeldurr|Conkeldurr, M|100/100
|switch|p2a: Glimmora|Glimmora, F|100/100
|turn|1
|c|☆Alcopark|dejo fuera a garganacl otra vez
|
|t:|1757864963
|move|p2a: Glimmora|Stealth Rock|p1a: Conkeldurr
|-sidestart|p1: Alcopark|move: Stealth Rock
|move|p1a: Conkeldurr|Drain Punch|p2a: Glimmora
|-damage|p2a: Glimmora|44/100
|-activate|p2a: Glimmora|ability: Toxic Debris
|-sidestart|p1: Alcopark|move: Toxic Spikes
|
|-status|p1a: Conkeldurr|brn|[from] item: Flame Orb
|upkeep
|turn|2
|
|t:|1757864977
|move|p1a: Conkeldurr|Mach Punch|p2a: Glimmora
|-damage|p2a: Glimmora|0 fnt
|-activate|p2a: Glimmora|ability: Toxic Debris
|-sidestart|p1: Alcopark|move: Toxic Spikes
|faint|p2a: Glimmora
|
|-damage|p1a: Conkeldurr|94/100 brn|[from] brn
|upkeep
|
|t:|1757864982
|switch|p2a: Primarina|Primarina, F|100/100
|turn|3
|
|t:|1757864990
|switch|p1a: Slowking|Slowking-Galar, F|100/100
|-damage|p1a: Slowking|88/100|[from] Stealth Rock
|-sideend|p1: Alcopark|move: Toxic Spikes|[of] p1a: Slowking
|move|p2a: Primarina|Flip Turn|p1a: Slowking
|-damage|p1a: Slowking|72/100
|
|t:|1757864998
|switch|p2a: Meowscarada|Meowscarada, F|100/100|[from] Flip Turn
|
|-heal|p1a: Slowking|78/100|[from] item: Black Sludge
|upkeep
|turn|4
|
|t:|1757865072
|move|p2a: Meowscarada|U-turn|p1a: Slowking
|-start|p2a: Meowscarada|typechange|Bug|[from] ability: Protean
|-damage|p1a: Slowking|31/100
|
|t:|1757865083
|switch|p2a: Kingambit|Kingambit, F|100/100|[from] U-turn
|-activate|p2a: Kingambit|ability: Supreme Overlord
|-start|p2a: Kingambit|fallen1|[silent]
|-prepare|p1a: Slowking|Chilly Reception|[premajor]
|move|p1a: Slowking|Chilly Reception|p1a: Slowking
|-weather|Snowscape
|
|t:|1757865090
|switch|p1a: Conkeldurr|Conkeldurr, M|94/100 brn|[from] Chilly Reception
|-damage|p1a: Conkeldurr|88/100 brn|[from] Stealth Rock
|
|-weather|Snowscape|[upkeep]
|-damage|p1a: Conkeldurr|82/100 brn|[from] brn
|upkeep
|turn|5
|
|t:|1757865106
|-end|p2a: Kingambit|fallen1|[silent]
|switch|p2a: Primarina|Primarina, F|100/100
|move|p1a: Conkeldurr|Drain Punch|p2a: Primarina
|-resisted|p2a: Primarina
|-damage|p2a: Primarina|53/100
|-heal|p1a: Conkeldurr|100/100 brn|[from] drain|[of] p2a: Primarina
|
|-weather|Snowscape|[upkeep]
|-damage|p1a: Conkeldurr|94/100 brn|[from] brn
|upkeep
|turn|6
|
|t:|1757865126
|switch|p1a: Rillaboom|Rillaboom, M|100/100
|-damage|p1a: Rillaboom|88/100|[from] Stealth Rock
|-fieldstart|move: Grassy Terrain|[from] ability: Grassy Surge|[of] p1a: Rillaboom
|move|p2a: Primarina|Moonblast|p1a: Rillaboom
|-damage|p1a: Rillaboom|62/100
|-unboost|p1a: Rillaboom|spa|1
|
|-weather|Snowscape|[upkeep]
|-heal|p1a: Rillaboom|68/100|[from] Grassy Terrain
|-heal|p2a: Primarina|59/100|[from] Grassy Terrain
|upkeep
|turn|7
|
|t:|1757865159
|switch|p2a: Corviknight|Corviknight, F|100/100
|-ability|p2a: Corviknight|Pressure
|move|p1a: Rillaboom|U-turn|p2a: Corviknight
|-resisted|p2a: Corviknight
|-damage|p2a: Corviknight|97/100
|-damage|p1a: Rillaboom|52/100|[from] item: Rocky Helmet|[of] p2a: Corviknight
|
|t:|1757865211
|switch|p1a: Arcanine|Arcanine-Hisui, F|100/100|[from] U-turn
|-damage|p1a: Arcanine|76/100|[from] Stealth Rock
|
|-weather|Snowscape|[upkeep]
|-heal|p1a: Arcanine|82/100|[from] Grassy Terrain
|upkeep
|turn|8
|
|t:|1757865240
|move|p1a: Arcanine|Flare Blitz|p2a: Corviknight
|-supereffective|p2a: Corviknight
|-damage|p2a: Corviknight|9/100
|-status|p2a: Corviknight|brn
|-damage|p1a: Arcanine|65/100|[from] item: Rocky Helmet|[of] p2a: Corviknight
|-damage|p1a: Arcanine|55/100|[from] item: Life Orb
|move|p2a: Corviknight|Body Press|p1a: Arcanine
|-supereffective|p1a: Arcanine
|-damage|p1a: Arcanine|23/100
|
|-weather|none
|-heal|p1a: Arcanine|30/100|[from] Grassy Terrain
|-damage|p2a: Corviknight|3/100 brn|[from] brn
|upkeep
|turn|9
|c|☆AerosmithJR|F
|c|☆Alcopark|como aguanta ese loco
|c|☆AerosmithJR|Ni yo sé
|c|☆Alcopark|jajaja
|
|t:|1757865300
|move|p1a: Arcanine|Stealth Rock|p2a: Corviknight
|-sidestart|p2: AerosmithJR|move: Stealth Rock
|move|p2a: Corviknight|Roost|p2a: Corviknight
|-heal|p2a: Corviknight|53/100 brn
|-singleturn|p2a: Corviknight|move: Roost
|
|-heal|p1a: Arcanine|36/100|[from] Grassy Terrain
|-heal|p2a: Corviknight|59/100 brn|[from] Grassy Terrain
|-damage|p2a: Corviknight|53/100 brn|[from] brn
|upkeep
|turn|10
|
|t:|1757865308
|move|p1a: Arcanine|Flare Blitz|p2a: Corviknight
|-supereffective|p2a: Corviknight
|-damage|p2a: Corviknight|0 fnt
|-damage|p1a: Arcanine|19/100|[from] item: Rocky Helmet|[of] p2a: Corviknight
|faint|p2a: Corviknight
|-damage|p1a: Arcanine|9/100|[from] item: Life Orb
|
|-heal|p1a: Arcanine|15/100|[from] Grassy Terrain
|-fieldend|move: Grassy Terrain
|upkeep
|
|t:|1757865320
|switch|p2a: Meowscarada|Meowscarada, F|100/100
|-damage|p2a: Meowscarada|88/100|[from] Stealth Rock
|turn|11
|
|t:|1757865326
|move|p1a: Arcanine|Extreme Speed|p2a: Meowscarada
|-damage|p2a: Meowscarada|33/100
|-damage|p1a: Arcanine|5/100|[from] item: Life Orb
|move|p2a: Meowscarada|Flower Trick|p1a: Arcanine
|-start|p2a: Meowscarada|typechange|Grass|[from] ability: Protean
|-crit|p1a: Arcanine
|-damage|p1a: Arcanine|0 fnt
|faint|p1a: Arcanine
|
|upkeep
|
|t:|1757865380
|switch|p1a: Conkeldurr|Conkeldurr, M|94/100 brn
|-damage|p1a: Conkeldurr|88/100 brn|[from] Stealth Rock
|turn|12
|
|t:|1757865394
|switch|p2a: Primarina|Primarina, F|59/100
|-damage|p2a: Primarina|47/100|[from] Stealth Rock
|move|p1a: Conkeldurr|Drain Punch|p2a: Primarina
|-resisted|p2a: Primarina
|-damage|p2a: Primarina|0 fnt
|-heal|p1a: Conkeldurr|100/100 brn|[from] drain|[of] p2a: Primarina
|faint|p2a: Primarina
|
|-damage|p1a: Conkeldurr|94/100 brn|[from] brn
|upkeep
|
|t:|1757865400
|switch|p2a: Dragonite|Dragonite, F|100/100
|turn|13
|
|t:|1757865411
|move|p2a: Dragonite|Dragon Dance|p2a: Dragonite
|-boost|p2a: Dragonite|atk|1
|-boost|p2a: Dragonite|spe|1
|move|p1a: Conkeldurr|Ice Punch|p2a: Dragonite
|-supereffective|p2a: Dragonite
|-damage|p2a: Dragonite|22/100
|
|-damage|p1a: Conkeldurr|88/100 brn|[from] brn
|upkeep
|turn|14
|
|t:|1757865445
|move|p2a: Dragonite|Extreme Speed|p1a: Conkeldurr
|-damage|p1a: Conkeldurr|54/100 brn
|move|p1a: Conkeldurr|Mach Punch|p2a: Dragonite
|-resisted|p2a: Dragonite
|-damage|p2a: Dragonite|5/100
|
|-damage|p1a: Conkeldurr|48/100 brn|[from] brn
|upkeep
|turn|15
|
|t:|1757865455
|move|p2a: Dragonite|Extreme Speed|p1a: Conkeldurr
|-damage|p1a: Conkeldurr|9/100 brn
|move|p1a: Conkeldurr|Mach Punch|p2a: Dragonite
|-resisted|p2a: Dragonite
|-damage|p2a: Dragonite|0 fnt
|faint|p2a: Dragonite
|
|-damage|p1a: Conkeldurr|3/100 brn|[from] brn
|upkeep
|
|t:|1757865466
|switch|p2a: Meowscarada|Meowscarada, F|33/100
|-damage|p2a: Meowscarada|21/100|[from] Stealth Rock
|turn|16
|l|☆AerosmithJR
|player|p2|
|
|t:|1757865491
|move|p1a: Conkeldurr|Mach Punch|p2a: Meowscarada
|-supereffective|p2a: Meowscarada
|-damage|p2a: Meowscarada|0 fnt
|faint|p2a: Meowscarada
|
|-damage|p1a: Conkeldurr|0 fnt|[from] brn
|faint|p1a: Conkeldurr
|upkeep
|j|☆AerosmithJR
|player|p2|AerosmithJR|roxie|
|c|☆AerosmithJR|Aquí ando
|c|☆AerosmithJR|Te digo el internet es feo
|c|☆Alcopark|bienn
|
|t:|1757865662
|switch|p2a: Kingambit|Kingambit, F|100/100
|switch|p1a: Dragapult|Dragapult, F|100/100
|-damage|p2a: Kingambit|94/100|[from] Stealth Rock
|-activate|p2a: Kingambit|ability: Supreme Overlord
|-start|p2a: Kingambit|fallen5|[silent]
|turn|17
|
|t:|1757865694
|move|p1a: Dragapult|U-turn|p2a: Kingambit
|-damage|p2a: Kingambit|81/100
|
|t:|1757865703
|switch|p1a: Greninja|Greninja, F|100/100|[from] U-turn
|-damage|p1a: Greninja|88/100|[from] Stealth Rock
|move|p2a: Kingambit|Swords Dance|p2a: Kingambit
|-boost|p2a: Kingambit|atk|2
|
|upkeep
|turn|18
|
|t:|1757865714
|move|p2a: Kingambit|Sucker Punch|p1a: Greninja
|-resisted|p1a: Greninja
|-damage|p1a: Greninja|0 fnt
|faint|p1a: Greninja
|
|upkeep
|c|☆AerosmithJR|Alm
|c|☆Alcopark|creia que no mataba
|
|t:|1757865728
|switch|p1a: Dragapult|Dragapult, F|100/100
|turn|19
|
|t:|1757865733
|move|p1a: Dragapult|Will-O-Wisp|p2a: Kingambit
|-status|p2a: Kingambit|brn
|-enditem|p2a: Kingambit|Lum Berry|[eat]
|-curestatus|p2a: Kingambit|brn|[msg]
|move|p2a: Kingambit|Iron Head|p1a: Dragapult
|-damage|p1a: Dragapult|0 fnt
|faint|p1a: Dragapult
|
|upkeep
|
|t:|1757865743
|switch|p1a: Rillaboom|Rillaboom, M|52/100
|-damage|p1a: Rillaboom|39/100|[from] Stealth Rock
|-fieldstart|move: Grassy Terrain|[from] ability: Grassy Surge|[of] p1a: Rillaboom
|turn|20
|
|t:|1757865750
|move|p1a: Rillaboom|Grassy Glide|p2a: Kingambit
|-resisted|p2a: Kingambit
|-damage|p2a: Kingambit|70/100
|move|p2a: Kingambit|Sucker Punch||[still]
|-fail|p2a: Kingambit
|
|-heal|p1a: Rillaboom|45/100|[from] Grassy Terrain
|-heal|p2a: Kingambit|76/100|[from] Grassy Terrain
|upkeep
|turn|21
|
|t:|1757865759
|move|p2a: Kingambit|Sucker Punch|p1a: Rillaboom
|-damage|p1a: Rillaboom|0 fnt
|faint|p1a: Rillaboom
|
|-heal|p2a: Kingambit|82/100|[from] Grassy Terrain
|upkeep
|
|t:|1757865764
|switch|p1a: Slowking|Slowking-Galar, F|64/100
|-damage|p1a: Slowking|52/100|[from] Stealth Rock
|turn|22
|
|t:|1757865767
|move|p2a: Kingambit|Iron Head|p1a: Slowking
|-damage|p1a: Slowking|0 fnt
|faint|p1a: Slowking
|
|win|AerosmithJR
|c|☆Alcopark|GGs
|c|☆AerosmithJR|Gg
|c|☆AerosmithJR|Ni yo sé cómo gane xD
|l|☆Alcopark
|player|p1|
|j|☆Alcopark
|player|p1|Alcopark|fisherman-gen4|
|l|☆AerosmithJR
|player|p2|
|j|☆AerosmithJR
|player|p2|AerosmithJR|roxie|
