|j|☆m3n_in_black
|j|☆sparrrringer
|t:|1757792327
|gametype|singles
|player|p1|m3n_in_black|unknown|1077
|player|p2|sparrrringer|170|1042
|gen|9
|tier|[Gen 9] OU
|rated|
|rule|HP Percentage Mod: HP is shown in percentages
|rule|Endless Battle Clause: Forcing endless battles is banned
|rule|Species Clause: Limit one of each Pokémon
|rule|OHKO Clause: OHKO moves are banned
|rule|Evasion Items Clause: Evasion items are banned
|rule|Evasion Moves Clause: Evasion moves are banned
|rule|Evasion Abilities Clause: Evasion abilities are banned
|rule|Sleep Moves Clause: Sleep-inducing moves are banned
|clearpoke
|poke|p1|Pawmot, M|
|poke|p1|Kingambit, M|
|poke|p1|Dragapult, F|
|poke|p1|Ursaluna, M|
|poke|p1|Ninetales-Alola, F|
|poke|p1|Skeledirge, M|
|poke|p2|Zamazenta-*|
|poke|p2|Landorus-Therian, M|
|poke|p2|Hatterene, F|
|poke|p2|Darkrai|
|poke|p2|Gholdengo|
|poke|p2|Dragonite, F|
|teampreview
|inactive|Battle timer is ON: inactive players will automatically lose when time's up. (requested by sparrrringer)
|
|t:|1757792344
|teamsize|p1|6
|teamsize|p2|6
|start
|switch|p1a: Ninetales|Ninetales-Alola, F, shiny|100/100
|switch|p2a: Darkrai|Darkrai|100/100
|-weather|Snowscape|[from] ability: Snow Warning|[of] p1a: Ninetales
|turn|1
|
|t:|1757792363
|move|p2a: Darkrai|Knock Off|p1a: Ninetales
|-resisted|p1a: Ninetales
|-damage|p1a: Ninetales|82/100
|-enditem|p1a: Ninetales|Focus Sash|[from] move: Knock Off|[of] p2a: Darkrai
|move|p1a: Ninetales|Moonblast|p2a: Darkrai
|-supereffective|p2a: Darkrai
|-damage|p2a: Darkrai|0 fnt
|faint|p2a: Darkrai
|
|-weather|Snowscape|[upkeep]
|upkeep
|
|t:|1757792384
|switch|p2a: Gholdengo|Gholdengo|100/100
|turn|2
|
|t:|1757792408
|move|p1a: Ninetales|Aurora Veil|p1a: Ninetales
|-sidestart|p1: m3n_in_black|move: Aurora Veil
|move|p2a: Gholdengo|Make It Rain|p1a: Ninetales
|-supereffective|p1a: Ninetales
|-damage|p1a: Ninetales|0 fnt
|-unboost|p2a: Gholdengo|spa|1
|faint|p1a: Ninetales
|
|-weather|Snowscape|[upkeep]
|upkeep
|
|t:|1757792419
|switch|p1a: Skeledirge|Skeledirge, M, shiny|100/100
|turn|3
|inactive|m3n_in_black has 120 seconds left.
|
|t:|1757792436
|switch|p2a: Landorus|Landorus-Therian, M|100/100
|-ability|p2a: Landorus|Intimidate|boost
|-unboost|p1a: Skeledirge|atk|1
|move|p1a: Skeledirge|Torch Song|p2a: Landorus
|-damage|p2a: Landorus|58/100
|-boost|p1a: Skeledirge|spa|1
|-enditem|p1a: Skeledirge|Throat Spray
|-boost|p1a: Skeledirge|spa|1|[from] item: Throat Spray
|
|-weather|Snowscape|[upkeep]
|upkeep
|turn|4
|inactive|m3n_in_black has 120 seconds left.
|
|t:|1757792453
|move|p2a: Landorus|Earthquake|p1a: Skeledirge
|-supereffective|p1a: Skeledirge
|-damage|p1a: Skeledirge|60/100
|move|p1a: Skeledirge|Torch Song|p2a: Landorus
|-damage|p2a: Landorus|0 fnt
|-boost|p1a: Skeledirge|spa|1
|faint|p2a: Landorus
|
|-weather|Snowscape|[upkeep]
|upkeep
|inactive|sparrrringer has 120 seconds left.
|
|t:|1757792474
|switch|p2a: Zamazenta|Zamazenta|100/100
|-ability|p2a: Zamazenta|Dauntless Shield|boost
|-boost|p2a: Zamazenta|def|1
|turn|5
|inactive|m3n_in_black has 120 seconds left.
|
|t:|1757792493
|-terastallize|p2a: Zamazenta|Fire
|move|p1a: Skeledirge|Hex|p2a: Zamazenta
|-damage|p2a: Zamazenta|28/100
|move|p2a: Zamazenta|Roar|p1a: Skeledirge
|drag|p1a: Ursaluna|Ursaluna, M, shiny|100/100
|
|-weather|none
|-heal|p2a: Zamazenta|34/100|[from] item: Leftovers
|-status|p1a: Ursaluna|brn|[from] item: Flame Orb
|upkeep
|turn|6
|inactive|m3n_in_black has 120 seconds left.
|
|t:|1757792509
|move|p2a: Zamazenta|Body Press|p1a: Ursaluna
|-supereffective|p1a: Ursaluna
|-damage|p1a: Ursaluna|59/100 brn
|move|p1a: Ursaluna|Drain Punch|p2a: Zamazenta
|-damage|p2a: Zamazenta|10/100
|-heal|p1a: Ursaluna|68/100 brn|[from] drain|[of] p2a: Zamazenta
|
|-heal|p2a: Zamazenta|16/100|[from] item: Leftovers
|-damage|p1a: Ursaluna|62/100 brn|[from] brn
|-sideend|p1: m3n_in_black|move: Aurora Veil
|upkeep
|turn|7
|
|t:|1757792517
|move|p2a: Zamazenta|Body Press|p1a: Ursaluna
|-supereffective|p1a: Ursaluna
|-damage|p1a: Ursaluna|0 fnt
|faint|p1a: Ursaluna
|
|-heal|p2a: Zamazenta|23/100|[from] item: Leftovers
|upkeep
|
|t:|1757792523
|switch|p1a: Dragapult|Dragapult, F, shiny|100/100
|turn|8
|inactive|m3n_in_black has 120 seconds left.
|
|t:|1757792533
|move|p1a: Dragapult|Shadow Ball|p2a: Zamazenta
|-damage|p2a: Zamazenta|0 fnt
|faint|p2a: Zamazenta
|
|upkeep
|
|t:|1757792538
|switch|p2a: Dragonite|Dragonite, F|100/100
|turn|9
|
|t:|1757792544
|move|p1a: Dragapult|Draco Meteor|p2a: Dragonite
|-supereffective|p2a: Dragonite
|-damage|p2a: Dragonite|38/100
|-unboost|p1a: Dragapult|spa|2
|move|p2a: Dragonite|Dragon Dance|p2a: Dragonite
|-boost|p2a: Dragonite|atk|1
|-boost|p2a: Dragonite|spe|1
|
|upkeep
|turn|10
|
|t:|1757792554
|move|p2a: Dragonite|Roost|p2a: Dragonite
|-heal|p2a: Dragonite|88/100
|-singleturn|p2a: Dragonite|move: Roost
|move|p1a: Dragapult|Draco Meteor|p2a: Dragonite
|-supereffective|p2a: Dragonite
|-damage|p2a: Dragonite|25/100
|-unboost|p1a: Dragapult|spa|2
|
|upkeep
|turn|11
|
|t:|1757792559
|move|p2a: Dragonite|Roost|p2a: Dragonite
|-heal|p2a: Dragonite|75/100
|-singleturn|p2a: Dragonite|move: Roost
|move|p1a: Dragapult|Will-O-Wisp|p2a: Dragonite
|-status|p2a: Dragonite|brn
|-enditem|p2a: Dragonite|Lum Berry|[eat]
|-curestatus|p2a: Dragonite|brn|[msg]
|
|upkeep
|turn|12
|
|t:|1757792568
|move|p2a: Dragonite|Earthquake|p1a: Dragapult
|-crit|p1a: Dragapult
|-damage|p1a: Dragapult|0 fnt
|faint|p1a: Dragapult
|
|upkeep
|
|t:|1757792573
|switch|p1a: Pawmot|Pawmot, M, shiny|100/100
|turn|13
|
|t:|1757792588
|move|p2a: Dragonite|Earthquake|p1a: Pawmot
|-supereffective|p1a: Pawmot
|-damage|p1a: Pawmot|0 fnt
|faint|p1a: Pawmot
|
|upkeep
|
|t:|1757792591
|switch|p1a: Skeledirge|Skeledirge, M, shiny|60/100
|turn|14
|
|t:|1757792599
|move|p2a: Dragonite|Earthquake|p1a: Skeledirge
|-supereffective|p1a: Skeledirge
|-damage|p1a: Skeledirge|0 fnt
|faint|p1a: Skeledirge
|
|upkeep
|
|t:|1757792601
|switch|p1a: king|Kingambit, M, shiny|100/100
|-activate|p1a: king|ability: Supreme Overlord
|-start|p1a: king|fallen5|[silent]
|turn|15
|
|t:|1757792609
|-terastallize|p1a: king|Fairy
|move|p2a: Dragonite|Roost|p2a: Dragonite
|-heal|p2a: Dragonite|100/100
|-singleturn|p2a: Dragonite|move: Roost
|move|p1a: king|Tera Blast|p2a: Dragonite|[anim] Tera Blast Fairy
|-supereffective|p2a: Dragonite
|-damage|p2a: Dragonite|22/100
|
|upkeep
|turn|16
|
|t:|1757792619
|move|p2a: Dragonite|Earthquake|p1a: king
|-damage|p1a: king|51/100
|move|p1a: king|Tera Blast|p2a: Dragonite|[anim] Tera Blast Fairy
|-supereffective|p2a: Dragonite
|-crit|p2a: Dragonite
|-damage|p2a: Dragonite|0 fnt
|faint|p2a: Dragonite
|
|-heal|p1a: king|57/100|[from] item: Leftovers
|upkeep
|
|t:|1757792627
|switch|p2a: Hatterene|Hatterene, F|100/100
|turn|17
|
|t:|1757792634
|move|p1a: king|Swords Dance|p1a: king
|-boost|p1a: king|atk|2
|move|p2a: Hatterene|Psychic Noise|p1a: king
|-damage|p1a: king|12/100
|-start|p1a: king|move: Heal Block
|
|upkeep
|turn|18
|
|t:|1757792643
|move|p1a: king|Iron Head|p2a: Hatterene
|-supereffective|p2a: Hatterene
|-damage|p2a: Hatterene|0 fnt
|faint|p2a: Hatterene
|
|-end|p1a: king|move: Heal Block
|upkeep
|
|t:|1757792650
|switch|p2a: Gholdengo|Gholdengo|100/100
|turn|19
|
|t:|1757792657
|move|p1a: king|Sucker Punch||[still]
|-fail|p1a: king
|move|p2a: Gholdengo|Nasty Plot|p2a: Gholdengo
|-boost|p2a: Gholdengo|spa|2
|
|-heal|p1a: king|18/100|[from] item: Leftovers
|upkeep
|turn|20
|
|t:|1757792660
|move|p1a: king|Sucker Punch||[still]
|-fail|p1a: king
|move|p2a: Gholdengo|Nasty Plot|p2a: Gholdengo
|-boost|p2a: Gholdengo|spa|2
|
|-heal|p1a: king|24/100|[from] item: Leftovers
|upkeep
|turn|21
|
|t:|1757792663
|move|p1a: king|Sucker Punch||[still]
|-fail|p1a: king
|move|p2a: Gholdengo|Nasty Plot|p2a: Gholdengo
|-boost|p2a: Gholdengo|spa|2
|
|-heal|p1a: king|30/100|[from] item: Leftovers
|upkeep
|turn|22
|
|t:|1757792665
|move|p1a: king|Sucker Punch||[still]
|-fail|p1a: king
|move|p2a: Gholdengo|Nasty Plot|p2a: Gholdengo
|-boost|p2a: Gholdengo|spa|0
|
|-heal|p1a: king|37/100|[from] item: Leftovers
|upkeep
|turn|23
|
|t:|1757792667
|move|p2a: Gholdengo|Nasty Plot|p2a: Gholdengo
|-boost|p2a: Gholdengo|spa|0
|move|p1a: king|Iron Head|p2a: Gholdengo
|-resisted|p2a: Gholdengo
|-damage|p2a: Gholdengo|23/100
|
|-heal|p1a: king|43/100|[from] item: Leftovers
|upkeep
|turn|24
|
|t:|1757792673
|move|p1a: king|Sucker Punch||[still]
|-fail|p1a: king
|move|p2a: Gholdengo|Recover|p2a: Gholdengo
|-heal|p2a: Gholdengo|73/100
|
|-heal|p1a: king|49/100|[from] item: Leftovers
|upkeep
|turn|25
|
|t:|1757792677
|move|p2a: Gholdengo|Make It Rain|p1a: king
|-supereffective|p1a: king
|-damage|p1a: king|0 fnt
|-unboost|p2a: Gholdengo|spa|1
|faint|p1a: king
|-end|p1a: king|fallen5|[silent]
|
|win|sparrrringer
|raw|m3n_in_black's rating: 1077 &rarr; <strong>1055</strong><br />(-22 for losing)
|raw|sparrrringer's rating: 1073 &rarr; <strong>1102</strong><br />(+29 for winning)
|l|☆m3n_in_black
|player|p1|
|c|☆sparrrringer|/log sparrrringer made this room public.
