|j|☆Hyjack
|j|☆Rathei
|t:|1757914003
|gametype|singles
|player|p1|Hyjack|cynthia-gen4|1287
|player|p2|Rathei|richboy|1330
|gen|9
|tier|[Gen 9] OU
|rated|
|rule|HP Percentage Mod: HP is shown in percentages
|rule|Endless Battle Clause: Forcing endless battles is banned
|rule|Species Clause: Limit one of each Pokémon
|rule|OHKO Clause: OHKO moves are banned
|rule|Evasion Items Clause: Evasion items are banned
|rule|Evasion Moves Clause: Evasion moves are banned
|rule|Evasion Abilities Clause: Evasion abilities are banned
|rule|Sleep Moves Clause: Sleep-inducing moves are banned
|clearpoke
|poke|p1|Hydrapple, F|
|poke|p1|Primarina, F|
|poke|p1|Heatran, M|
|poke|p1|Thundurus, M|
|poke|p1|Great Tusk|
|poke|p1|Scizor, F|
|poke|p2|Iron Treads|
|poke|p2|Samurott-Hisui, M|
|poke|p2|Mimikyu, M|
|poke|p2|Deoxys-Speed|
|poke|p2|Zapdos|
|poke|p2|Iron Moth|
|teampreview
|inactive|Battle timer is ON: inactive players will automatically lose when time's up. (requested by Hyjack)
|
|t:|1757914048
|teamsize|p1|6
|teamsize|p2|6
|start
|switch|p1a: Great Tusk|Great Tusk|100/100
|switch|p2a: Deoxys|Deoxys-Speed, shiny|100/100
|-ability|p2a: Deoxys|Pressure
|turn|1
|
|t:|1757914056
|move|p2a: Deoxys|Taunt|p1a: Great Tusk
|-start|p1a: Great Tusk|move: Taunt
|move|p1a: Great Tusk|Rapid Spin|p2a: Deoxys
|-damage|p2a: Deoxys|84/100
|-boost|p1a: Great Tusk|spe|1
|
|upkeep
|turn|2
|
|t:|1757914063
|move|p2a: Deoxys|Stealth Rock|p1a: Great Tusk
|-sidestart|p1: Hyjack|move: Stealth Rock
|move|p1a: Great Tusk|Headlong Rush|p2a: Deoxys
|-damage|p2a: Deoxys|21/100
|-unboost|p1a: Great Tusk|def|1
|-unboost|p1a: Great Tusk|spd|1
|
|upkeep
|turn|3
|
|t:|1757914068
|switch|p2a: Mimikyu|Mimikyu, M, shiny|100/100
|move|p1a: Great Tusk|Rapid Spin|p2a: Mimikyu
|-immune|p2a: Mimikyu
|
|-end|p1a: Great Tusk|move: Taunt
|upkeep
|turn|4
|
|t:|1757914079
|-end|p1a: Great Tusk|Protosynthesis|[silent]
|switch|p1a: Scizor|Scizor, F|100/100
|-damage|p1a: Scizor|88/100|[from] Stealth Rock
|move|p2a: Mimikyu|Swords Dance|p2a: Mimikyu
|-boost|p2a: Mimikyu|atk|2
|
|upkeep
|turn|5
|
|t:|1757914093
|move|p2a: Mimikyu|Drain Punch|p1a: Scizor
|-damage|p1a: Scizor|29/100
|-damage|p2a: Mimikyu|91/100|[from] item: Life Orb
|move|p1a: Scizor|Dual Wingbeat|p2a: Mimikyu|[miss]
|-miss|p1a: Scizor|p2a: Mimikyu
|
|upkeep
|turn|6
|
|t:|1757914106
|move|p2a: Mimikyu|Shadow Sneak|p1a: Scizor
|-damage|p1a: Scizor|0 fnt
|faint|p1a: Scizor
|-damage|p2a: Mimikyu|81/100|[from] item: Life Orb
|
|upkeep
|
|t:|1757914113
|switch|p1a: Thundurus|Thundurus, M|100/100
|-damage|p1a: Thundurus|75/100|[from] Stealth Rock
|turn|7
|
|t:|1757914127
|move|p1a: Thundurus|Volt Switch|p2a: Mimikyu
|-activate|p2a: Mimikyu|ability: Disguise
|-damage|p2a: Mimikyu|81/100
|detailschange|p2a: Mimikyu|Mimikyu-Busted, M, shiny
|-damage|p2a: Mimikyu|68/100|[from] pokemon: Mimikyu-Busted
|
|t:|1757914133
|switch|p1a: Great Tusk|Great Tusk|100/100|[from] Volt Switch
|move|p2a: Mimikyu|Play Rough|p1a: Great Tusk
|-supereffective|p1a: Great Tusk
|-damage|p1a: Great Tusk|0 fnt
|faint|p1a: Great Tusk
|-end|p1a: Great Tusk|Protosynthesis|[silent]
|-damage|p2a: Mimikyu|58/100|[from] item: Life Orb
|
|upkeep
|
|t:|1757914145
|switch|p1a: Hydrapple|Hydrapple, F|100/100
|-damage|p1a: Hydrapple|88/100|[from] Stealth Rock
|turn|8
|
|t:|1757914149
|-terastallize|p1a: Hydrapple|Steel
|move|p2a: Mimikyu|Drain Punch|p1a: Hydrapple
|-supereffective|p1a: Hydrapple
|-damage|p1a: Hydrapple|12/100
|-heal|p2a: Mimikyu|100/100|[from] drain|[of] p1a: Hydrapple
|-damage|p2a: Mimikyu|91/100|[from] item: Life Orb
|move|p1a: Hydrapple|Gyro Ball|p2a: Mimikyu
|-supereffective|p2a: Mimikyu
|-damage|p2a: Mimikyu|1/100
|
|upkeep
|turn|9
|
|t:|1757914175
|move|p2a: Mimikyu|Drain Punch|p1a: Hydrapple
|-supereffective|p1a: Hydrapple
|-damage|p1a: Hydrapple|0 fnt
|-heal|p2a: Mimikyu|10/100|[from] drain|[of] p1a: Hydrapple
|faint|p1a: Hydrapple
|-damage|p2a: Mimikyu|0 fnt|[from] item: Life Orb
|faint|p2a: Mimikyu
|
|upkeep
|
|t:|1757914185
|switch|p2a: Deoxys|Deoxys-Speed, shiny|21/100
|switch|p1a: Thundurus|Thundurus, M|75/100
|-ability|p2a: Deoxys|Pressure
|-damage|p1a: Thundurus|50/100|[from] Stealth Rock
|turn|10
|
|t:|1757914191
|move|p2a: Deoxys|Knock Off|p1a: Thundurus
|-damage|p1a: Thundurus|18/100
|-enditem|p1a: Thundurus|Liechi Berry|[from] move: Knock Off|[of] p2a: Deoxys
|move|p1a: Thundurus|Volt Switch|p2a: Deoxys
|-damage|p2a: Deoxys|0 fnt
|faint|p2a: Deoxys
|
|t:|1757914196
|switch|p1a: Primarina|Primarina, F|100/100|[from] Volt Switch
|-damage|p1a: Primarina|88/100|[from] Stealth Rock
|
|upkeep
|
|t:|1757914201
|switch|p2a: Iron Moth|Iron Moth, shiny|100/100
|-enditem|p2a: Iron Moth|Booster Energy
|-activate|p2a: Iron Moth|ability: Quark Drive|[fromitem]
|-start|p2a: Iron Moth|quarkdrivespe
|turn|11
|
|t:|1757914206
|move|p2a: Iron Moth|Sludge Wave|p1a: Primarina
|-supereffective|p1a: Primarina
|-crit|p1a: Primarina
|-damage|p1a: Primarina|0 fnt
|faint|p1a: Primarina
|
|upkeep
|
|t:|1757914209
|switch|p1a: Heatran|Heatran, M|100/100
|-damage|p1a: Heatran|88/100|[from] Stealth Rock
|turn|12
|
|t:|1757914214
|-end|p2a: Iron Moth|Quark Drive|[silent]
|switch|p2a: Samurott|Samurott-Hisui, M, shiny|100/100
|move|p1a: Heatran|Earth Power|p2a: Samurott
|-damage|p2a: Samurott|53/100
|-unboost|p2a: Samurott|spd|1
|
|-heal|p1a: Heatran|94/100|[from] item: Leftovers
|upkeep
|turn|13
|
|t:|1757914219
|move|p2a: Samurott|Razor Shell|p1a: Heatran
|-supereffective|p1a: Heatran
|-damage|p1a: Heatran|0 fnt
|faint|p1a: Heatran
|
|upkeep
|-message|Hyjack forfeited.
|
|win|Rathei
|raw|Hyjack's rating: 1287 &rarr; <strong>1265</strong><br />(-22 for losing)
|raw|Rathei's rating: 1330 &rarr; <strong>1348</strong><br />(+18 for winning)
|l|☆Hyjack
|player|p1|
|l|☆Rathei
|player|p2|
