|uhtml|medal-msg|<div class="broadcast-blue">Curious what those medals under the avatar are? PS now has Ladder Seasons! For more information, check out the <a href="https://www.smogon.com/forums/threads/3740067/">thread on Smogon.</a></div>
|uhtml|medal-msg|<div class="broadcast-blue">Curious what those medals under the avatar are? PS now has Ladder Seasons! For more information, check out the <a href="https://www.smogon.com/forums/threads/3740067/">thread on Smogon.</a></div>
|j|☆Voltage Gaming101
|j|☆these shenanigans
|t:|1757886001
|gametype|singles
|player|p1|Voltage Gaming101|rr-koraidon|
|player|p2|these shenanigans|101|
|teamsize|p1|6
|teamsize|p2|6
|gen|9
|tier|[Gen 9] OU
|rule|Sleep Clause Mod: Limit one foe put to sleep
|rule|Species Clause: Limit one of each Pokémon
|rule|OHKO Clause: OHKO moves are banned
|rule|Evasion Abilities Clause: Evasion abilities are banned
|rule|Evasion Items Clause: Evasion items are banned
|rule|Evasion Moves Clause: Evasion moves are banned
|rule|Endless Battle Clause: Forcing endless battles is banned
|rule|HP Percentage Mod: HP is shown in percentages
|rule|Dynamax Clause: You cannot dynamax
|clearpoke
|poke|p1|Milotic-Sevii, F|
|poke|p1|Corviknight, M|
|poke|p1|Centiskorch, F|
|poke|p1|Palafin, M|
|poke|p1|Dragapult, F|
|poke|p1|Ogerpon-Cornerstone, F|
|poke|p2|Hippowdon, M|
|poke|p2|Dracozolt|
|poke|p2|Cacturne, M|
|poke|p2|Tyranitar, M|
|poke|p2|Mawile, M|
|poke|p2|Milotic-Sevii, F|
|teampreview
|c|☆Voltage Gaming101|hf
|
|t:|1757886059
|start
|switch|p1a: The Sizzler|Centiskorch, F, shiny|100/100
|switch|p2a: Mawile|Mawile, M|100/100
|-ability|p2a: Mawile|Intimidate|boost
|-unboost|p1a: The Sizzler|atk|1
|turn|1
|
|t:|1757886070
|switch|p2a: Dracozolt|Dracozolt|100/100
|detailschange|p1a: The Sizzler|Centiskorch-Mega, F, shiny
|-mega|p1a: The Sizzler|Centiskorch|Centiskite
|move|p1a: The Sizzler|Fire Lash|p2a: Dracozolt
|-resisted|p2a: Dracozolt
|-damage|p2a: Dracozolt|82/100
|-unboost|p2a: Dracozolt|def|1
|
|upkeep
|turn|2
|
|t:|1757886082
|switch|p1a: Monica|Milotic-Sevii, F, shiny|100/100
|move|p2a: Dracozolt|Draco Barrage|p1a: Monica
|-damage|p1a: Monica|42/100
|-damage|p2a: Dracozolt|58/100|[from] Recoil
|-damage|p2a: Dracozolt|48/100|[from] item: Life Orb
|
|-heal|p1a: Monica|48/100|[from] item: Leftovers
|upkeep
|turn|3
|
|t:|1757886095
|switch|p2a: Hippowdon|Hippowdon, M|100/100
|-weather|Sandstorm|[from] ability: Sand Stream|[of] p2a: Hippowdon
|switch|p1a: Meta Knight|Corviknight, M, shiny|100/100
|-ability|p1a: Meta Knight|Pressure
|
|-weather|Sandstorm|[upkeep]
|upkeep
|turn|4
|
|t:|1757886105
|move|p1a: Meta Knight|U-turn|p2a: Hippowdon
|-damage|p2a: Hippowdon|91/100
|
|t:|1757886108
|switch|p1a: Donut the Dolphin|Palafin, M, shiny|100/100|[from] U-turn
|move|p2a: Hippowdon|Stone Edge|p1a: Donut the Dolphin
|-damage|p1a: Donut the Dolphin|53/100
|
|-weather|Sandstorm|[upkeep]
|-damage|p1a: Donut the Dolphin|47/100|[from] Sandstorm
|upkeep
|turn|5
|
|t:|1757886116
|move|p1a: Donut the Dolphin|Flip Turn|p2a: Hippowdon
|-supereffective|p2a: Hippowdon
|-damage|p2a: Hippowdon|56/100
|
|t:|1757886119
|detailschange|p1a: Donut the Dolphin|Palafin-Hero, M, shiny
|switch|p1a: The Sizzler|Centiskorch-Mega, F, shiny|100/100|[from] Flip Turn
|move|p2a: Hippowdon|Stone Edge|p1a: The Sizzler
|-immune|p1a: The Sizzler|[from] ability: Mountaineer
|
|-weather|Sandstorm|[upkeep]
|-damage|p1a: The Sizzler|94/100|[from] Sandstorm
|upkeep
|turn|6
|
|t:|1757886128
|move|p1a: The Sizzler|Fire Lash|p2a: Hippowdon
|-damage|p2a: Hippowdon|20/100
|-unboost|p2a: Hippowdon|def|1
|move|p2a: Hippowdon|Earthquake|p1a: The Sizzler
|-damage|p1a: The Sizzler|34/100
|
|-weather|Sandstorm|[upkeep]
|-damage|p1a: The Sizzler|28/100|[from] Sandstorm
|upkeep
|turn|7
|c|☆Voltage Gaming101|Dang. Thought you'd switch.
|
|t:|1757886147
|switch|p2a: Tyranitar|Tyranitar, M|100/100
|move|p1a: The Sizzler|Fire Lash|p2a: Tyranitar
|-resisted|p2a: Tyranitar
|-damage|p2a: Tyranitar|79/100
|-unboost|p2a: Tyranitar|def|1
|
|-weather|Sandstorm|[upkeep]
|-damage|p1a: The Sizzler|22/100|[from] Sandstorm
|upkeep
|turn|8
|
|t:|1757886162
|move|p1a: The Sizzler|Lunge|p2a: Tyranitar
|-supereffective|p2a: Tyranitar
|-damage|p2a: Tyranitar|0 fnt
|faint|p2a: Tyranitar
|
|-weather|Sandstorm|[upkeep]
|-damage|p1a: The Sizzler|16/100|[from] Sandstorm
|upkeep
|
|t:|1757886170
|switch|p2a: Dracozolt|Dracozolt|48/100
|turn|9
|
|t:|1757886179
|switch|p1a: Monica|Milotic-Sevii, F, shiny|48/100
|move|p2a: Dracozolt|Draco Barrage|p1a: Monica
|-damage|p1a: Monica|0 fnt
|faint|p1a: Monica
|-damage|p2a: Dracozolt|29/100|[from] Recoil
|-damage|p2a: Dracozolt|19/100|[from] item: Life Orb
|
|-weather|Sandstorm|[upkeep]
|upkeep
|
|t:|1757886183
|switch|p1a: Donut the Dolphin|Palafin-Hero, M, shiny|47/100
|-activate|p1a: Donut the Dolphin|ability: Zero to Hero
|turn|10
|
|t:|1757886189
|move|p1a: Donut the Dolphin|Jet Punch|p2a: Dracozolt
|-resisted|p2a: Dracozolt
|-damage|p2a: Dracozolt|0 fnt
|faint|p2a: Dracozolt
|
|-weather|none
|upkeep
|
|t:|1757886198
|switch|p2a: Cacturne|Cacturne, M|100/100
|turn|11
|
|t:|1757886211
|switch|p1a: Meta Knight|Corviknight, M, shiny|100/100
|-ability|p1a: Meta Knight|Pressure
|move|p2a: Cacturne|Sucker Punch||[still]
|-fail|p2a: Cacturne
|
|upkeep
|turn|12
|
|t:|1757886217
|switch|p2a: Hippowdon|Hippowdon, M|20/100
|-weather|Sandstorm|[from] ability: Sand Stream|[of] p2a: Hippowdon
|move|p1a: Meta Knight|U-turn|p2a: Hippowdon
|-damage|p2a: Hippowdon|10/100
|
|t:|1757886225
|switch|p1a: Putting Ur Mom|Dragapult, F, shiny|100/100|[from] U-turn
|
|-weather|Sandstorm|[upkeep]
|-damage|p1a: Putting Ur Mom|95/100|[from] Sandstorm
|upkeep
|turn|13
|
|t:|1757886229
|move|p1a: Putting Ur Mom|U-turn|p2a: Hippowdon
|-damage|p2a: Hippowdon|0 fnt
|faint|p2a: Hippowdon
|-damage|p1a: Putting Ur Mom|85/100|[from] item: Life Orb
|
|t:|1757886235
|switch|p1a: The Sizzler|Centiskorch-Mega, F, shiny|16/100|[from] U-turn
|
|-weather|Sandstorm|[upkeep]
|-damage|p1a: The Sizzler|10/100|[from] Sandstorm
|upkeep
|
|t:|1757886240
|switch|p2a: Cacturne|Cacturne, M|100/100
|turn|14
|
|t:|1757886245
|switch|p1a: Meta Knight|Corviknight, M, shiny|100/100
|-ability|p1a: Meta Knight|Pressure
|move|p2a: Cacturne|Knock Off|p1a: Meta Knight
|-damage|p1a: Meta Knight|58/100
|-enditem|p1a: Meta Knight|Leftovers|[from] move: Knock Off|[of] p2a: Cacturne
|-damage|p2a: Cacturne|91/100|[from] item: Life Orb
|
|-weather|Sandstorm|[upkeep]
|upkeep
|turn|15
|
|t:|1757886257
|move|p2a: Cacturne|Thunder Punch|p1a: Meta Knight
|-supereffective|p1a: Meta Knight
|-damage|p1a: Meta Knight|15/100
|-damage|p2a: Cacturne|81/100|[from] item: Life Orb
|move|p1a: Meta Knight|U-turn|p2a: Cacturne
|-supereffective|p2a: Cacturne
|-damage|p2a: Cacturne|0 fnt
|faint|p2a: Cacturne
|
|t:|1757886262
|switch|p1a: Shrek|Ogerpon-Cornerstone, F, shiny|100/100|[from] U-turn
|
|-weather|Sandstorm|[upkeep]
|upkeep
|
|t:|1757886266
|switch|p2a: Mawile|Mawile, M|100/100
|-ability|p2a: Mawile|Intimidate|boost
|-unboost|p1a: Shrek|atk|1
|turn|16
|
|t:|1757886280
|detailschange|p2a: Mawile|Mawile-Mega, M
|-mega|p2a: Mawile|Mawile|Mawilite
|move|p1a: Shrek|Superpower|p2a: Mawile
|-damage|p2a: Mawile|69/100
|-unboost|p1a: Shrek|atk|1
|-unboost|p1a: Shrek|def|1
|move|p2a: Mawile|Double Iron Bash|p1a: Shrek
|-supereffective|p1a: Shrek
|-ability|p1a: Shrek|Sturdy
|-damage|p1a: Shrek|1/100
|-supereffective|p1a: Shrek
|-damage|p1a: Shrek|0 fnt
|faint|p1a: Shrek
|-hitcount|p1: Shrek|2
|
|-weather|Sandstorm|[upkeep]
|upkeep
|
|t:|1757886297
|switch|p1a: Meta Knight|Corviknight, M, shiny|15/100
|-ability|p1a: Meta Knight|Pressure
|turn|17
|
|t:|1757886304
|move|p1a: Meta Knight|Roost|p1a: Meta Knight
|-heal|p1a: Meta Knight|65/100
|-singleturn|p1a: Meta Knight|move: Roost
|move|p2a: Mawile|Double Iron Bash|p1a: Meta Knight
|-resisted|p1a: Meta Knight
|-damage|p1a: Meta Knight|49/100
|-resisted|p1a: Meta Knight
|-damage|p1a: Meta Knight|31/100
|-hitcount|p1a: Meta Knight|2
|
|-weather|Sandstorm|[upkeep]
|upkeep
|turn|18
|
|t:|1757886311
|move|p1a: Meta Knight|Roost|p1a: Meta Knight
|-heal|p1a: Meta Knight|81/100
|-singleturn|p1a: Meta Knight|move: Roost
|move|p2a: Mawile|Swords Dance|p2a: Mawile
|-boost|p2a: Mawile|atk|2
|
|-weather|Sandstorm|[upkeep]
|upkeep
|turn|19
|
|t:|1757886316
|move|p1a: Meta Knight|Brave Bird|p2a: Mawile
|-resisted|p2a: Mawile
|-damage|p2a: Mawile|51/100
|-damage|p1a: Meta Knight|77/100|[from] Recoil
|move|p2a: Mawile|Double Iron Bash|p1a: Meta Knight
|-resisted|p1a: Meta Knight
|-damage|p1a: Meta Knight|40/100
|-resisted|p1a: Meta Knight
|-damage|p1a: Meta Knight|5/100
|-hitcount|p1a: Meta Knight|2
|
|-weather|none
|upkeep
|turn|20
|
|t:|1757886329
|move|p2a: Mawile|Sucker Punch||[still]
|-fail|p2a: Mawile
|move|p1a: Meta Knight|Roost|p1a: Meta Knight
|-heal|p1a: Meta Knight|55/100
|-singleturn|p1a: Meta Knight|move: Roost
|
|upkeep
|turn|21
|
|t:|1757886336
|move|p1a: Meta Knight|Roost|p1a: Meta Knight
|-heal|p1a: Meta Knight|100/100
|-singleturn|p1a: Meta Knight|move: Roost
|move|p2a: Mawile|Swords Dance|p2a: Mawile
|-boost|p2a: Mawile|atk|2
|
|upkeep
|turn|22
|
|t:|1757886341
|move|p1a: Meta Knight|Brave Bird|p2a: Mawile
|-resisted|p2a: Mawile
|-damage|p2a: Mawile|35/100
|-damage|p1a: Meta Knight|96/100|[from] Recoil
|move|p2a: Mawile|Double Iron Bash|p1a: Meta Knight
|-resisted|p1a: Meta Knight
|-damage|p1a: Meta Knight|43/100
|-resisted|p1a: Meta Knight
|-damage|p1a: Meta Knight|0 fnt
|faint|p1a: Meta Knight
|-hitcount|p1: Meta Knight|2
|
|upkeep
|
|t:|1757886344
|switch|p1a: Donut the Dolphin|Palafin-Hero, M, shiny|47/100
|turn|23
|
|t:|1757886352
|move|p1a: Donut the Dolphin|Jet Punch|p2a: Mawile
|-damage|p2a: Mawile|0 fnt
|faint|p2a: Mawile
|
|upkeep
|
|t:|1757886354
|switch|p2a: Milotic|Milotic-Sevii, F|100/100
|turn|24
|
|t:|1757886358
|move|p1a: Donut the Dolphin|Flip Turn|p2a: Milotic
|-supereffective|p2a: Milotic
|-damage|p2a: Milotic|5/100
|
|t:|1757886362
|switch|p1a: The Sizzler|Centiskorch-Mega, F, shiny|10/100|[from] Flip Turn
|move|p2a: Milotic|Earth Power|p1a: The Sizzler
|-damage|p1a: The Sizzler|0 fnt
|faint|p1a: The Sizzler
|
|-heal|p2a: Milotic|11/100|[from] item: Leftovers
|upkeep
|
|t:|1757886364
|switch|p1a: Putting Ur Mom|Dragapult, F, shiny|85/100
|turn|25
|
|t:|1757886367
|move|p1a: Putting Ur Mom|Shadow Ball|p2a: Milotic
|-damage|p2a: Milotic|0 fnt
|faint|p2a: Milotic
|-damage|p1a: Putting Ur Mom|75/100|[from] item: Life Orb
|
|win|Voltage Gaming101
|c|☆Voltage Gaming101|ggs
|c|☆these shenanigans|ggs
