|j|☆browoo42
|j|☆Jack0lantern89
|t:|1757813186
|gametype|singles
|player|p1|browoo42|102|1398
|player|p2|Jack0lantern89|miku-ground|1427
|gen|9
|tier|[Gen 9] OU
|rated|
|rule|HP Percentage Mod: HP is shown in percentages
|rule|Endless Battle Clause: Forcing endless battles is banned
|rule|Species Clause: Limit one of each Pokémon
|rule|OHKO Clause: OHKO moves are banned
|rule|Evasion Items Clause: Evasion items are banned
|rule|Evasion Moves Clause: Evasion moves are banned
|rule|Evasion Abilities Clause: Evasion abilities are banned
|rule|Sleep Moves Clause: Sleep-inducing moves are banned
|clearpoke
|poke|p1|Jirachi|
|poke|p1|Dragonite, M|
|poke|p1|Crawdaunt, F|
|poke|p1|Mew|
|poke|p1|Corviknight, F|
|poke|p1|Dragapult, M|
|poke|p2|Dragonite, F|
|poke|p2|Zamazenta-*|
|poke|p2|Landorus-Therian, M|
|poke|p2|Gholdengo|
|poke|p2|Darkrai|
|poke|p2|Hatterene, F|
|teampreview
|inactive|Battle timer is ON: inactive players will automatically lose when time's up. (requested by Jack0lantern89)
|
|t:|1757813202
|teamsize|p1|6
|teamsize|p2|6
|start
|switch|p1a: Dragapult|Dragapult, M|100/100
|switch|p2a: Darkrai|Darkrai|100/100
|turn|1
|
|t:|1757813217
|switch|p2a: Landorus|Landorus-Therian, M|100/100
|-ability|p2a: Landorus|Intimidate|boost
|-unboost|p1a: Dragapult|atk|1
|move|p1a: Dragapult|U-turn|p2a: Landorus
|-resisted|p2a: Landorus
|-damage|p2a: Landorus|96/100
|-damage|p1a: Dragapult|84/100|[from] item: Rocky Helmet|[of] p2a: Landorus
|
|t:|1757813232
|switch|p1a: Mew|Mew|100/100|[from] U-turn
|
|upkeep
|turn|2
|
|t:|1757813235
|move|p1a: Mew|Ice Beam|p2a: Landorus
|-supereffective|p2a: Landorus
|-damage|p2a: Landorus|0 fnt
|faint|p2a: Landorus
|-damage|p1a: Mew|91/100|[from] item: Life Orb
|
|upkeep
|
|t:|1757813239
|switch|p2a: Darkrai|Darkrai|100/100
|turn|3
|
|t:|1757813262
|switch|p1a: Corviknight|Corviknight, F|100/100
|move|p2a: Darkrai|Dark Pulse|p1a: Corviknight
|-damage|p1a: Corviknight|62/100
|
|upkeep
|turn|4
|
|t:|1757813268
|move|p2a: Darkrai|Will-O-Wisp|p1a: Corviknight
|-status|p1a: Corviknight|brn
|move|p1a: Corviknight|U-turn|p2a: Darkrai
|-supereffective|p2a: Darkrai
|-damage|p2a: Darkrai|84/100
|
|t:|1757813278
|switch|p1a: Dragapult|Dragapult, M|84/100|[from] U-turn
|
|upkeep
|turn|5
|
|t:|1757813284
|switch|p2a: Gholdengo|Gholdengo|100/100
|move|p1a: Dragapult|U-turn|p2a: Gholdengo
|-resisted|p2a: Gholdengo
|-damage|p2a: Gholdengo|96/100
|
|t:|1757813290
|switch|p1a: Mew|Mew|91/100|[from] U-turn
|
|upkeep
|turn|6
|
|t:|1757813296
|-terastallize|p1a: Mew|Ground
|-terastallize|p2a: Gholdengo|Steel
|move|p1a: Mew|Earth Power|p2a: Gholdengo
|-supereffective|p2a: Gholdengo
|-damage|p2a: Gholdengo|0 fnt
|faint|p2a: Gholdengo
|-damage|p1a: Mew|81/100|[from] item: Life Orb
|
|upkeep
|
|t:|1757813303
|switch|p2a: Dragonite|Dragonite, F|100/100
|turn|7
|
|t:|1757813309
|move|p1a: Mew|Ice Beam|p2a: Dragonite
|-supereffective|p2a: Dragonite
|-damage|p2a: Dragonite|27/100
|-damage|p1a: Mew|71/100|[from] item: Life Orb
|move|p2a: Dragonite|Dragon Dance|p2a: Dragonite
|-boost|p2a: Dragonite|atk|1
|-boost|p2a: Dragonite|spe|1
|
|upkeep
|turn|8
|
|t:|1757813317
|switch|p1a: Corviknight|Corviknight, F|62/100 brn
|move|p2a: Dragonite|Earthquake|p1a: Corviknight
|-immune|p1a: Corviknight
|
|-damage|p1a: Corviknight|56/100 brn|[from] brn
|upkeep
|turn|9
|
|t:|1757813323
|move|p2a: Dragonite|Dragon Dance|p2a: Dragonite
|-boost|p2a: Dragonite|atk|1
|-boost|p2a: Dragonite|spe|1
|move|p1a: Corviknight|U-turn|p2a: Dragonite
|-resisted|p2a: Dragonite
|-damage|p2a: Dragonite|22/100
|
|t:|1757813329
|switch|p1a: Dragapult|Dragapult, M|84/100|[from] U-turn
|
|upkeep
|turn|10
|
|t:|1757813333
|move|p1a: Dragapult|Shadow Ball|p2a: Dragonite
|-damage|p2a: Dragonite|0 fnt
|faint|p2a: Dragonite
|
|upkeep
|
|t:|1757813338
|switch|p2a: Darkrai|Darkrai|84/100
|turn|11
|
|t:|1757813354
|switch|p1a: Corviknight|Corviknight, F|56/100 brn
|move|p2a: Darkrai|Dark Pulse|p1a: Corviknight
|-damage|p1a: Corviknight|16/100 brn
|
|-damage|p1a: Corviknight|10/100 brn|[from] brn
|upkeep
|turn|12
|
|t:|1757813362
|move|p2a: Darkrai|Dark Pulse|p1a: Corviknight
|-damage|p1a: Corviknight|0 fnt
|faint|p1a: Corviknight
|
|upkeep
|inactive|browoo42 has 120 seconds left.
|
|t:|1757813389
|switch|p1a: Crawdaunt|Crawdaunt, F|100/100
|turn|13
|
|t:|1757813401
|move|p2a: Darkrai|Will-O-Wisp|p1a: Crawdaunt
|-status|p1a: Crawdaunt|brn
|move|p1a: Crawdaunt|Crabhammer|p2a: Darkrai
|-damage|p2a: Darkrai|41/100
|
|-damage|p1a: Crawdaunt|95/100 brn|[from] brn
|upkeep
|turn|14
|
|t:|1757813409
|switch|p2a: Zamazenta|Zamazenta|100/100
|-ability|p2a: Zamazenta|Dauntless Shield|boost
|-boost|p2a: Zamazenta|def|1
|move|p1a: Crawdaunt|Crabhammer|p2a: Zamazenta|[miss]
|-miss|p1a: Crawdaunt|p2a: Zamazenta
|
|-damage|p1a: Crawdaunt|89/100 brn|[from] brn
|upkeep
|turn|15
|
|t:|1757813417
|switch|p1a: Jirachi|Jirachi|100/100
|move|p2a: Zamazenta|Iron Defense|p2a: Zamazenta
|-boost|p2a: Zamazenta|def|2
|
|upkeep
|turn|16
|
|t:|1757813422
|move|p1a: Jirachi|Trick|p2a: Zamazenta
|-activate|p1a: Jirachi|move: Trick|[of] p2a: Zamazenta
|-item|p2a: Zamazenta|Choice Scarf|[from] move: Trick
|-item|p1a: Jirachi|Leftovers|[from] move: Trick
|move|p2a: Zamazenta|Body Press|p1a: Jirachi
|-damage|p1a: Jirachi|3/100
|
|-heal|p1a: Jirachi|9/100|[from] item: Leftovers
|upkeep
|turn|17
|
|t:|1757813431
|switch|p2a: Hatterene|Hatterene, F|100/100
|switch|p1a: Dragapult|Dragapult, M|84/100
|
|upkeep
|turn|18
|
|t:|1757813437
|move|p1a: Dragapult|U-turn|p2a: Hatterene
|-damage|p2a: Hatterene|83/100
|
|t:|1757813440
|switch|p1a: Crawdaunt|Crawdaunt, F|89/100 brn|[from] U-turn
|move|p2a: Hatterene|Draining Kiss|p1a: Crawdaunt
|-supereffective|p1a: Crawdaunt
|-damage|p1a: Crawdaunt|0 fnt
|-heal|p2a: Hatterene|100/100|[from] drain|[of] p1a: Crawdaunt
|faint|p1a: Crawdaunt
|
|upkeep
|
|t:|1757813451
|switch|p1a: Jirachi|Jirachi|9/100
|turn|19
|
|t:|1757813462
|switch|p2a: Zamazenta|Zamazenta|100/100
|move|p1a: Jirachi|Iron Head|p2a: Zamazenta
|-damage|p2a: Zamazenta|74/100
|
|-heal|p1a: Jirachi|15/100|[from] item: Leftovers
|upkeep
|turn|20
|
|t:|1757813478
|switch|p1a: Dragonite|Dragonite, M|100/100
|move|p2a: Zamazenta|Crunch|p1a: Dragonite
|-crit|p1a: Dragonite
|-damage|p1a: Dragonite|83/100
|
|upkeep
|turn|21
|
|t:|1757813484
|switch|p2a: Hatterene|Hatterene, F|100/100
|move|p1a: Dragonite|Earthquake|p2a: Hatterene
|-damage|p2a: Hatterene|39/100
|
|upkeep
|turn|22
|
|t:|1757813495
|switch|p2a: Zamazenta|Zamazenta|74/100
|move|p1a: Dragonite|Earthquake|p2a: Zamazenta
|-damage|p2a: Zamazenta|33/100
|
|upkeep
|turn|23
|
|t:|1757813503
|move|p2a: Zamazenta|Body Press|p1a: Dragonite
|-resisted|p1a: Dragonite
|-damage|p1a: Dragonite|61/100
|move|p1a: Dragonite|Earthquake|p2a: Zamazenta
|-damage|p2a: Zamazenta|0 fnt
|faint|p2a: Zamazenta
|
|upkeep
|
|t:|1757813507
|switch|p2a: Darkrai|Darkrai|41/100
|turn|24
|
|t:|1757813512
|switch|p1a: Mew|Mew, tera:Ground|71/100
|move|p2a: Darkrai|Ice Beam|p1a: Mew
|-supereffective|p1a: Mew
|-damage|p1a: Mew|7/100
|
|upkeep
|turn|25
|
|t:|1757813518
|move|p2a: Darkrai|Ice Beam|p1a: Mew
|-supereffective|p1a: Mew
|-damage|p1a: Mew|0 fnt
|faint|p1a: Mew
|
|upkeep
|
|t:|1757813522
|switch|p1a: Dragonite|Dragonite, M|61/100
|turn|26
|
|t:|1757813526
|move|p1a: Dragonite|Extreme Speed|p2a: Darkrai
|-damage|p2a: Darkrai|0 fnt
|faint|p2a: Darkrai
|
|upkeep
|
|t:|1757813528
|switch|p2a: Hatterene|Hatterene, F|39/100
|turn|27
|
|t:|1757813531
|move|p1a: Dragonite|Extreme Speed|p2a: Hatterene
|-damage|p2a: Hatterene|0 fnt
|faint|p2a: Hatterene
|
|win|browoo42
|raw|browoo42's rating: 1398 &rarr; <strong>1420</strong><br />(+22 for winning)
|raw|Jack0lantern89's rating: 1427 &rarr; <strong>1405</strong><br />(-22 for losing)
|l|☆Jack0lantern89
|player|p2|
|c|☆browoo42|gg
|l|☆browoo42
|player|p1|
