|j|☆ju2508
|j|☆msksherlock
|t:|1757926395
|gametype|singles
|player|p1|ju2508|170|1250
|player|p2|msksherlock|2|1287
|gen|9
|tier|[Gen 9] OU
|rated|
|rule|HP Percentage Mod: HP is shown in percentages
|rule|Endless Battle Clause: Forcing endless battles is banned
|rule|Species Clause: Limit one of each Pokémon
|rule|OHKO Clause: OHKO moves are banned
|rule|Evasion Items Clause: Evasion items are banned
|rule|Evasion Moves Clause: Evasion moves are banned
|rule|Evasion Abilities Clause: Evasion abilities are banned
|rule|Sleep Moves Clause: Sleep-inducing moves are banned
|clearpoke
|poke|p1|Galvantula, M|
|poke|p1|Heracross, M|
|poke|p1|Forretress, F|
|poke|p1|Araquanid, F|
|poke|p1|Lokix, F|
|poke|p1|Venomoth, F|
|poke|p2|Scizor, M|
|poke|p2|Meowscarada, F|
|poke|p2|Latias, F|
|poke|p2|Kingambit, M|
|poke|p2|Raging Bolt|
|poke|p2|Drifblim, M|
|teampreview
|inactive|Battle timer is ON: inactive players will automatically lose when time's up. (requested by msksherlock)
|
|t:|1757926412
|teamsize|p1|6
|teamsize|p2|6
|start
|switch|p1a: Lokix|Lokix, F|100/100
|switch|p2a: Drifblim|Drifblim, M|100/100
|turn|1
|
|t:|1757926421
|move|p2a: Drifblim|Trick|p1a: Lokix
|-activate|p2a: Drifblim|move: Trick|[of] p1a: Lokix
|-item|p1a: Lokix|Choice Scarf|[from] move: Trick
|-item|p2a: Drifblim|Choice Band|[from] move: Trick
|move|p1a: Lokix|U-turn|p2a: Drifblim
|-resisted|p2a: Drifblim
|-damage|p2a: Drifblim|81/100
|
|t:|1757926428
|switch|p1a: Galvantula|Galvantula, M|100/100|[from] U-turn
|
|upkeep
|turn|2
|
|t:|1757926433
|move|p1a: Galvantula|Sticky Web|p2a: Drifblim
|-sidestart|p2: msksherlock|move: Sticky Web
|move|p2a: Drifblim|Trick|p1a: Galvantula
|-activate|p2a: Drifblim|move: Trick|[of] p1a: Galvantula
|-item|p1a: Galvantula|Choice Band|[from] move: Trick
|-item|p2a: Drifblim|Focus Sash|[from] move: Trick
|
|upkeep
|turn|3
|
|t:|1757926441
|move|p1a: Galvantula|Volt Switch|p2a: Drifblim
|-supereffective|p2a: Drifblim
|-damage|p2a: Drifblim|12/100
|
|t:|1757926445
|switch|p1a: Lokix|Lokix, F|100/100|[from] Volt Switch
|move|p2a: Drifblim|Defog|p1a: Lokix
|-unboost|p1a: Lokix|evasion|1
|-sideend|p2: msksherlock|Sticky Web|[from] move: Defog|[of] p2a: Drifblim
|
|upkeep
|turn|4
|
|t:|1757926453
|move|p1a: Lokix|First Impression|p2a: Drifblim
|-resisted|p2a: Drifblim
|-damage|p2a: Drifblim|0 fnt
|-damage|p1a: Lokix|76/100|[from] ability: Aftermath|[of] p2a: Drifblim
|faint|p2a: Drifblim
|
|upkeep
|
|t:|1757926467
|switch|p2a: Scizor|Scizor, M, shiny|100/100
|turn|5
|
|t:|1757926470
|switch|p1a: Forretress|Forretress, F|100/100
|move|p2a: Scizor|Swords Dance|p2a: Scizor
|-boost|p2a: Scizor|atk|2
|
|upkeep
|turn|6
|
|t:|1757926477
|move|p2a: Scizor|Dual Wingbeat|p1a: Forretress
|-damage|p1a: Forretress|75/100
|-damage|p1a: Forretress|50/100
|-hitcount|p1a: Forretress|2
|move|p1a: Forretress|Thunder Wave|p2a: Scizor
|-status|p2a: Scizor|par
|
|-heal|p1a: Forretress|56/100|[from] item: Leftovers
|upkeep
|turn|7
|
|t:|1757926487
|move|p1a: Forretress|Stealth Rock|p2a: Scizor
|-sidestart|p2: msksherlock|move: Stealth Rock
|move|p2a: Scizor|Dual Wingbeat|p1a: Forretress|[miss]
|-miss|p2a: Scizor|p1a: Forretress
|
|-heal|p1a: Forretress|63/100|[from] item: Leftovers
|upkeep
|turn|8
|
|t:|1757926497
|move|p1a: Forretress|Rapid Spin|p2a: Scizor
|-resisted|p2a: Scizor
|-damage|p2a: Scizor|96/100 par
|-boost|p1a: Forretress|spe|1
|move|p2a: Scizor|Dual Wingbeat|p1a: Forretress
|-damage|p1a: Forretress|38/100
|-damage|p1a: Forretress|11/100
|-hitcount|p1a: Forretress|2
|
|-heal|p1a: Forretress|17/100|[from] item: Leftovers
|-heal|p2a: Scizor|100/100 par|[from] item: Leftovers
|upkeep
|turn|9
|
|t:|1757926508
|move|p1a: Forretress|Spikes|p2a: Scizor
|-sidestart|p2: msksherlock|Spikes
|move|p2a: Scizor|Dual Wingbeat|p1a: Forretress
|-damage|p1a: Forretress|0 fnt
|faint|p1a: Forretress
|-hitcount|p1: Forretress|1
|
|upkeep
|
|t:|1757926522
|switch|p1a: Galvantula|Galvantula, M|100/100
|turn|10
|
|t:|1757926528
|move|p1a: Galvantula|Thunder|p2a: Scizor
|-damage|p2a: Scizor|43/100 par
|move|p2a: Scizor|Dual Wingbeat|p1a: Galvantula
|-damage|p1a: Galvantula|10/100
|-damage|p1a: Galvantula|0 fnt
|faint|p1a: Galvantula
|-hitcount|p1: Galvantula|2
|
|-heal|p2a: Scizor|49/100 par|[from] item: Leftovers
|upkeep
|
|t:|1757926541
|switch|p1a: Heracross|Heracross, M|100/100
|turn|11
|
|t:|1757926544
|move|p1a: Heracross|Close Combat|p2a: Scizor
|-damage|p2a: Scizor|0 fnt
|-unboost|p1a: Heracross|def|1
|-unboost|p1a: Heracross|spd|1
|faint|p2a: Scizor
|-ability|p1a: Heracross|Moxie|boost
|-boost|p1a: Heracross|atk|1
|
|upkeep
|
|t:|1757926554
|switch|p2a: Raging Bolt|Raging Bolt|100/100
|-damage|p2a: Raging Bolt|88/100|[from] Stealth Rock
|-damage|p2a: Raging Bolt|76/100|[from] Spikes
|turn|12
|
|t:|1757926559
|move|p2a: Raging Bolt|Thunderclap|p1a: Heracross
|-damage|p1a: Heracross|25/100
|move|p1a: Heracross|Close Combat|p2a: Raging Bolt
|-damage|p2a: Raging Bolt|6/100
|-unboost|p1a: Heracross|def|1
|-unboost|p1a: Heracross|spd|1
|
|-heal|p2a: Raging Bolt|12/100|[from] item: Leftovers
|upkeep
|turn|13
|
|t:|1757926569
|switch|p1a: Venomoth|Venomoth, F|100/100
|move|p2a: Raging Bolt|Thunderclap||[still]
|-fail|p2a: Raging Bolt
|
|-heal|p2a: Raging Bolt|18/100|[from] item: Leftovers
|upkeep
|turn|14
|
|t:|1757926578
|-terastallize|p1a: Venomoth|Ground
|move|p1a: Venomoth|Quiver Dance|p1a: Venomoth
|-boost|p1a: Venomoth|spa|1
|-boost|p1a: Venomoth|spd|1
|-boost|p1a: Venomoth|spe|1
|move|p2a: Raging Bolt|Thunderbolt|p1a: Venomoth
|-immune|p1a: Venomoth
|
|-heal|p2a: Raging Bolt|24/100|[from] item: Leftovers
|upkeep
|turn|15
|
|t:|1757926588
|move|p1a: Venomoth|Quiver Dance|p1a: Venomoth
|-boost|p1a: Venomoth|spa|1
|-boost|p1a: Venomoth|spd|1
|-boost|p1a: Venomoth|spe|1
|move|p2a: Raging Bolt|Dragon Pulse|p1a: Venomoth
|-damage|p1a: Venomoth|59/100
|
|-heal|p2a: Raging Bolt|30/100|[from] item: Leftovers
|upkeep
|turn|16
|
|t:|1757926597
|move|p1a: Venomoth|Quiver Dance|p1a: Venomoth
|-boost|p1a: Venomoth|spa|1
|-boost|p1a: Venomoth|spd|1
|-boost|p1a: Venomoth|spe|1
|move|p2a: Raging Bolt|Dragon Pulse|p1a: Venomoth
|-damage|p1a: Venomoth|29/100
|
|-heal|p2a: Raging Bolt|36/100|[from] item: Leftovers
|upkeep
|turn|17
|
|t:|1757926606
|move|p1a: Venomoth|Giga Drain|p2a: Raging Bolt
|-resisted|p2a: Raging Bolt
|-crit|p2a: Raging Bolt
|-damage|p2a: Raging Bolt|0 fnt
|-heal|p1a: Venomoth|58/100|[from] drain|[of] p2a: Raging Bolt
|faint|p2a: Raging Bolt
|-end|p2a: Raging Bolt|Protosynthesis|[silent]
|
|upkeep
|
|t:|1757926611
|switch|p2a: Meowscarada|Meowscarada, F, shiny|100/100
|-damage|p2a: Meowscarada|88/100|[from] Stealth Rock
|-damage|p2a: Meowscarada|76/100|[from] Spikes
|turn|18
|
|t:|1757926618
|move|p1a: Venomoth|Sludge Bomb|p2a: Meowscarada
|-supereffective|p2a: Meowscarada
|-damage|p2a: Meowscarada|0 fnt
|faint|p2a: Meowscarada
|
|upkeep
|
|t:|1757926623
|switch|p2a: Kingambit|Kingambit, M, shiny|100/100
|-damage|p2a: Kingambit|94/100|[from] Stealth Rock
|-damage|p2a: Kingambit|82/100|[from] Spikes
|-activate|p2a: Kingambit|ability: Supreme Overlord
|-start|p2a: Kingambit|fallen4|[silent]
|turn|19
|
|t:|1757926629
|move|p2a: Kingambit|Sucker Punch|p1a: Venomoth
|-damage|p1a: Venomoth|0 fnt
|faint|p1a: Venomoth
|
|upkeep
|
|t:|1757926635
|switch|p1a: Lokix|Lokix, F|76/100
|turn|20
|
|t:|1757926643
|move|p1a: Lokix|First Impression|p2a: Kingambit
|-damage|p2a: Kingambit|51/100
|move|p2a: Kingambit|Iron Head|p1a: Lokix
|-damage|p1a: Lokix|0 fnt
|faint|p1a: Lokix
|
|upkeep
|
|t:|1757926650
|switch|p1a: Araquanid|Araquanid, F|100/100
|turn|21
|
|t:|1757926656
|move|p2a: Kingambit|Kowtow Cleave|p1a: Araquanid
|-damage|p1a: Araquanid|9/100
|move|p1a: Araquanid|Infestation|p2a: Kingambit
|-damage|p2a: Kingambit|48/100
|-activate|p2a: Kingambit|move: Infestation|[of] p1a: Araquanid
|
|-heal|p1a: Araquanid|15/100|[from] item: Leftovers
|-damage|p2a: Kingambit|36/100|[from] move: Infestation|[partiallytrapped]
|upkeep
|turn|22
|
|t:|1757926667
|move|p2a: Kingambit|Sucker Punch|p1a: Araquanid
|-damage|p1a: Araquanid|0 fnt
|faint|p1a: Araquanid
|
|-end|p2a: Kingambit|Infestation|[partiallytrapped]|[silent]
|upkeep
|
|t:|1757926672
|switch|p1a: Heracross|Heracross, M|25/100
|turn|23
|
|t:|1757926680
|move|p2a: Kingambit|Sucker Punch|p1a: Heracross
|-resisted|p1a: Heracross
|-damage|p1a: Heracross|0 fnt
|faint|p1a: Heracross
|
|win|msksherlock
|raw|ju2508's rating: 1250 &rarr; <strong>1228</strong><br />(-22 for losing)
|raw|msksherlock's rating: 1287 &rarr; <strong>1309</strong><br />(+22 for winning)
|l|☆ju2508
|player|p1|
|l|☆msksherlock
|player|p2|
