|j|☆mResss
|j|☆Mr.X&Y97
|t:|1757796354
|gametype|singles
|player|p1|mResss|veteran|1535
|player|p2|Mr.X&Y97|ingo|1539
|gen|9
|tier|[Gen 9] OU
|rated|
|rule|HP Percentage Mod: HP is shown in percentages
|rule|Endless Battle Clause: Forcing endless battles is banned
|rule|Species Clause: Limit one of each Pokémon
|rule|OHKO Clause: OHKO moves are banned
|rule|Evasion Items Clause: Evasion items are banned
|rule|Evasion Moves Clause: Evasion moves are banned
|rule|Evasion Abilities Clause: Evasion abilities are banned
|rule|Sleep Moves Clause: Sleep-inducing moves are banned
|clearpoke
|poke|p1|Golurk|
|poke|p1|Alomomola, M|
|poke|p1|Kyurem|
|poke|p1|Iron Treads|
|poke|p1|Zapdos|
|poke|p1|Zamazenta-*|
|poke|p2|Samurott-Hisui, M|
|poke|p2|Gholdengo|
|poke|p2|Great Tusk|
|poke|p2|Raging Bolt|
|poke|p2|Dragonite, F|
|poke|p2|Kingambit, F|
|teampreview
|inactive|Battle timer is ON: inactive players will automatically lose when time's up. (requested by Mr.X&Y97)
|inactive|mResss also wants the timer to be on.
|
|t:|1757796370
|teamsize|p1|6
|teamsize|p2|6
|start
|switch|p1a: Zapdos|Zapdos|100/100
|switch|p2a: Gholdengo|Gholdengo|100/100
|-item|p2a: Gholdengo|Air Balloon
|turn|1
|
|t:|1757796380
|move|p2a: Gholdengo|Shadow Ball|p1a: Zapdos
|-damage|p1a: Zapdos|58/100
|-unboost|p1a: Zapdos|spd|1
|move|p1a: Zapdos|Volt Switch|p2a: Gholdengo
|-damage|p2a: Gholdengo|67/100
|-enditem|p2a: Gholdengo|Air Balloon
|
|t:|1757796396
|switch|p1a: Iron Treads|Iron Treads|100/100|[from] Volt Switch
|
|upkeep
|turn|2
|
|t:|1757796410
|switch|p2a: Great Tusk|Great Tusk|100/100
|move|p1a: Iron Treads|Earthquake|p2a: Great Tusk
|-damage|p2a: Great Tusk|71/100
|
|upkeep
|turn|3
|
|t:|1757796417
|-end|p1a: Iron Treads|Quark Drive|[silent]
|switch|p1a: Alomomola|Alomomola, M|100/100
|move|p2a: Great Tusk|Knock Off|p1a: Alomomola
|-damage|p1a: Alomomola|85/100
|-enditem|p1a: Alomomola|Heavy-Duty Boots|[from] move: Knock Off|[of] p2a: Great Tusk
|
|upkeep
|turn|4
|
|t:|1757796426
|move|p2a: Great Tusk|Stealth Rock|p1a: Alomomola
|-sidestart|p1: mResss|move: Stealth Rock
|move|p1a: Alomomola|Wish|p1a: Alomomola
|
|upkeep
|turn|5
|
|t:|1757796440
|move|p2a: Great Tusk|Rapid Spin|p1a: Alomomola
|-damage|p1a: Alomomola|75/100
|-boost|p2a: Great Tusk|spe|1
|move|p1a: Alomomola|Flip Turn|p2a: Great Tusk
|-supereffective|p2a: Great Tusk
|-damage|p2a: Great Tusk|49/100
|
|t:|1757796442
|switch|p1a: Zapdos|Zapdos|58/100|[from] Flip Turn
|
|-heal|p1a: Zapdos|100/100|[from] move: Wish|[wisher] Alomomola
|upkeep
|turn|6
|
|t:|1757796451
|move|p2a: Great Tusk|Knock Off|p1a: Zapdos
|-damage|p1a: Zapdos|81/100
|-enditem|p1a: Zapdos|Heavy-Duty Boots|[from] move: Knock Off|[of] p2a: Great Tusk
|move|p1a: Zapdos|Hurricane|p2a: Great Tusk|[miss]
|-miss|p1a: Zapdos|p2a: Great Tusk
|
|upkeep
|turn|7
|
|t:|1757796477
|-end|p2a: Great Tusk|Protosynthesis|[silent]
|switch|p2a: Raging Bolt|Raging Bolt|100/100
|-enditem|p2a: Raging Bolt|Booster Energy
|-activate|p2a: Raging Bolt|ability: Protosynthesis|[fromitem]
|-start|p2a: Raging Bolt|protosynthesisspa
|move|p1a: Zapdos|Hurricane|p2a: Raging Bolt|[miss]
|-miss|p1a: Zapdos|p2a: Raging Bolt
|
|upkeep
|turn|8
|
|t:|1757796489
|move|p2a: Raging Bolt|Dragon Pulse|p1a: Zapdos
|-damage|p1a: Zapdos|22/100
|move|p1a: Zapdos|Volt Switch|p2a: Raging Bolt
|-resisted|p2a: Raging Bolt
|-crit|p2a: Raging Bolt
|-damage|p2a: Raging Bolt|91/100
|
|t:|1757796495
|switch|p1a: Iron Treads|Iron Treads|100/100|[from] Volt Switch
|-damage|p1a: Iron Treads|97/100|[from] Stealth Rock
|
|-heal|p1a: Iron Treads|100/100|[from] item: Leftovers
|upkeep
|turn|9
|
|t:|1757796504
|move|p1a: Iron Treads|Earthquake|p2a: Raging Bolt
|-supereffective|p2a: Raging Bolt
|-damage|p2a: Raging Bolt|9/100
|move|p2a: Raging Bolt|Dragon Pulse|p1a: Iron Treads
|-resisted|p1a: Iron Treads
|-damage|p1a: Iron Treads|55/100
|
|-heal|p1a: Iron Treads|61/100|[from] item: Leftovers
|upkeep
|turn|10
|
|t:|1757796511
|-end|p2a: Raging Bolt|Protosynthesis|[silent]
|switch|p2a: Gholdengo|Gholdengo|67/100
|move|p1a: Iron Treads|Rapid Spin|p2a: Gholdengo
|-immune|p2a: Gholdengo
|
|-heal|p1a: Iron Treads|67/100|[from] item: Leftovers
|upkeep
|turn|11
|
|t:|1757796517
|-terastallize|p2a: Gholdengo|Flying
|move|p1a: Iron Treads|Rapid Spin|p2a: Gholdengo
|-damage|p2a: Gholdengo|49/100
|-boost|p1a: Iron Treads|spe|1
|-sideend|p1: mResss|Stealth Rock|[from] move: Rapid Spin|[of] p1a: Iron Treads
|move|p2a: Gholdengo|Focus Blast|p1a: Iron Treads
|-supereffective|p1a: Iron Treads
|-damage|p1a: Iron Treads|0 fnt
|faint|p1a: Iron Treads
|-end|p1a: Iron Treads|Quark Drive|[silent]
|
|upkeep
|
|t:|1757796539
|switch|p1a: Kyurem|Kyurem|100/100
|-ability|p1a: Kyurem|Pressure
|turn|12
|
|t:|1757796555
|switch|p2a: Raging Bolt|Raging Bolt|9/100
|move|p1a: Kyurem|Freeze-Dry|p2a: Raging Bolt
|-supereffective|p2a: Raging Bolt
|-damage|p2a: Raging Bolt|0 fnt
|faint|p2a: Raging Bolt
|-end|p2a: Raging Bolt|Protosynthesis|[silent]
|
|upkeep
|
|t:|1757796572
|switch|p2a: Kingambit|Kingambit, F|100/100
|-activate|p2a: Kingambit|ability: Supreme Overlord
|-start|p2a: Kingambit|fallen1|[silent]
|turn|13
|
|t:|1757796587
|switch|p1a: Zamazenta|Zamazenta|100/100
|-ability|p1a: Zamazenta|Dauntless Shield|boost
|-boost|p1a: Zamazenta|def|1
|move|p2a: Kingambit|Swords Dance|p2a: Kingambit
|-boost|p2a: Kingambit|atk|2
|
|upkeep
|turn|14
|
|t:|1757796598
|-end|p2a: Kingambit|fallen1|[silent]
|switch|p2a: Gholdengo|Gholdengo, tera:Flying|49/100
|move|p1a: Zamazenta|Close Combat|p2a: Gholdengo
|-resisted|p2a: Gholdengo
|-damage|p2a: Gholdengo|15/100
|-unboost|p1a: Zamazenta|def|1
|-unboost|p1a: Zamazenta|spd|1
|
|upkeep
|turn|15
|
|t:|1757796606
|move|p1a: Zamazenta|Close Combat|p2a: Gholdengo
|-resisted|p2a: Gholdengo
|-damage|p2a: Gholdengo|0 fnt
|-unboost|p1a: Zamazenta|def|1
|-unboost|p1a: Zamazenta|spd|1
|faint|p2a: Gholdengo
|
|upkeep
|
|t:|1757796609
|switch|p2a: Dragonite|Dragonite, F|100/100
|turn|16
|
|t:|1757796615
|switch|p1a: Golurk|Golurk|100/100
|move|p2a: Dragonite|Dragon Dance|p2a: Dragonite
|-boost|p2a: Dragonite|atk|1
|-boost|p2a: Dragonite|spe|1
|
|upkeep
|turn|17
|
|t:|1757796619
|move|p2a: Dragonite|Dragon Dance|p2a: Dragonite
|-boost|p2a: Dragonite|atk|1
|-boost|p2a: Dragonite|spe|1
|move|p1a: Golurk|Dynamic Punch|p2a: Dragonite
|-resisted|p2a: Dragonite
|-damage|p2a: Dragonite|93/100
|-start|p2a: Dragonite|confusion
|
|upkeep
|turn|18
|
|t:|1757796622
|-activate|p2a: Dragonite|confusion
|move|p2a: Dragonite|Ice Spinner|p1a: Golurk
|-supereffective|p1a: Golurk
|-damage|p1a: Golurk|0 fnt
|faint|p1a: Golurk
|
|upkeep
|
|t:|1757796639
|switch|p1a: Kyurem|Kyurem|100/100
|-ability|p1a: Kyurem|Pressure
|turn|19
|
|t:|1757796645
|-end|p2a: Dragonite|confusion
|move|p2a: Dragonite|Earthquake|p1a: Kyurem
|-damage|p1a: Kyurem|31/100
|move|p1a: Kyurem|Freeze-Dry|p2a: Dragonite
|-supereffective|p2a: Dragonite
|-crit|p2a: Dragonite
|-damage|p2a: Dragonite|0 fnt
|faint|p2a: Dragonite
|
|upkeep
|
|t:|1757796650
|switch|p2a: Samurott|Samurott-Hisui, M|100/100
|turn|20
|
|t:|1757796657
|switch|p1a: Zamazenta|Zamazenta|100/100
|move|p2a: Samurott|Ceaseless Edge|p1a: Zamazenta|[miss]
|-miss|p2a: Samurott|p1a: Zamazenta
|
|upkeep
|turn|21
|
|t:|1757796662
|switch|p2a: Great Tusk|Great Tusk|49/100
|move|p1a: Zamazenta|Close Combat|p2a: Great Tusk
|-damage|p2a: Great Tusk|11/100
|-unboost|p1a: Zamazenta|def|1
|-unboost|p1a: Zamazenta|spd|1
|
|upkeep
|turn|22
|
|t:|1757796668
|move|p1a: Zamazenta|Close Combat|p2a: Great Tusk
|-damage|p2a: Great Tusk|0 fnt
|-unboost|p1a: Zamazenta|def|1
|-unboost|p1a: Zamazenta|spd|1
|faint|p2a: Great Tusk
|-end|p2a: Great Tusk|Protosynthesis|[silent]
|
|upkeep
|
|t:|1757796669
|switch|p2a: Samurott|Samurott-Hisui, M|100/100
|turn|23
|
|t:|1757796677
|switch|p1a: Alomomola|Alomomola, M|100/100
|move|p2a: Samurott|Flip Turn|p1a: Alomomola
|-resisted|p1a: Alomomola
|-damage|p1a: Alomomola|92/100
|
|t:|1757796678
|switch|p2a: Kingambit|Kingambit, F|100/100|[from] Flip Turn
|-activate|p2a: Kingambit|ability: Supreme Overlord
|-start|p2a: Kingambit|fallen4|[silent]
|
|upkeep
|turn|24
|
|t:|1757796682
|move|p2a: Kingambit|Swords Dance|p2a: Kingambit
|-boost|p2a: Kingambit|atk|2
|move|p1a: Alomomola|Flip Turn|p2a: Kingambit
|-damage|p2a: Kingambit|87/100
|
|t:|1757796683
|switch|p1a: Zamazenta|Zamazenta|100/100|[from] Flip Turn
|
|upkeep
|turn|25
|
|t:|1757796693
|move|p2a: Kingambit|Sucker Punch|p1a: Zamazenta
|-resisted|p1a: Zamazenta
|-crit|p1a: Zamazenta
|-damage|p1a: Zamazenta|7/100
|move|p1a: Zamazenta|Close Combat|p2a: Kingambit
|-supereffective|p2a: Kingambit
|-damage|p2a: Kingambit|0 fnt
|-unboost|p1a: Zamazenta|def|1
|-unboost|p1a: Zamazenta|spd|1
|faint|p2a: Kingambit
|-end|p2a: Kingambit|fallen4|[silent]
|
|upkeep
|
|t:|1757796695
|switch|p2a: Samurott|Samurott-Hisui, M|100/100
|turn|26
|
|t:|1757796699
|switch|p1a: Alomomola|Alomomola, M|100/100
|move|p2a: Samurott|Ceaseless Edge|p1a: Alomomola
|-damage|p1a: Alomomola|71/100
|-sidestart|p1: mResss|Spikes
|
|upkeep
|turn|27
|
|t:|1757796701
|move|p2a: Samurott|Ceaseless Edge|p1a: Alomomola
|-damage|p1a: Alomomola|42/100
|-sidestart|p1: mResss|Spikes
|move|p1a: Alomomola|Wish|p1a: Alomomola
|
|upkeep
|turn|28
|
|t:|1757796708
|move|p2a: Samurott|Ceaseless Edge|p1a: Alomomola
|-damage|p1a: Alomomola|14/100
|-sidestart|p1: mResss|Spikes
|move|p1a: Alomomola|Flip Turn|p2a: Samurott
|-resisted|p2a: Samurott
|-damage|p2a: Samurott|90/100
|
|t:|1757796711
|switch|p1a: Kyurem|Kyurem|31/100|[from] Flip Turn
|-damage|p1a: Kyurem|7/100|[from] Spikes
|-ability|p1a: Kyurem|Pressure
|
|-heal|p1a: Kyurem|67/100|[from] move: Wish|[wisher] Alomomola
|upkeep
|turn|29
|
|t:|1757796723
|-terastallize|p1a: Kyurem|Fairy
|move|p2a: Samurott|Ceaseless Edge|p1a: Kyurem
|-resisted|p1a: Kyurem
|-damage|p1a: Kyurem|46/100
|move|p1a: Kyurem|Freeze-Dry|p2a: Samurott
|-supereffective|p2a: Samurott
|-damage|p2a: Samurott|0 fnt
|faint|p2a: Samurott
|
|win|mResss
|raw|mResss's rating: 1535 &rarr; <strong>1555</strong><br />(+20 for winning)
|raw|Mr.X&amp;Y97's rating: 1539 &rarr; <strong>1519</strong><br />(-20 for losing)
|l|☆mResss
|player|p1|
|l|☆Mr.X&Y97
|player|p2|
