|j|☆zeugmaster
|j|☆evilmassacre
|t:|1757948563
|gametype|singles
|player|p1|zeugmaster|169|1198
|player|p2|evilmassacre|clown|1244
|gen|9
|tier|[Gen 9] OU
|rated|
|rule|HP Percentage Mod: HP is shown in percentages
|rule|Endless Battle Clause: Forcing endless battles is banned
|rule|Species Clause: Limit one of each Pokémon
|rule|OHKO Clause: OHKO moves are banned
|rule|Evasion Items Clause: Evasion items are banned
|rule|Evasion Moves Clause: Evasion moves are banned
|rule|Evasion Abilities Clause: Evasion abilities are banned
|rule|Sleep Moves Clause: Sleep-inducing moves are banned
|clearpoke
|poke|p1|Ceruledge, F|
|poke|p1|Froslass, F|
|poke|p1|Gliscor, F|
|poke|p1|Heatran, M|
|poke|p1|Greninja-*, M|
|poke|p1|Serperior, F|
|poke|p2|Rillaboom, M|
|poke|p2|Hawlucha, F|
|poke|p2|Iron Treads|
|poke|p2|Toxapex, M|
|poke|p2|Iron Crown|
|poke|p2|Garganacl, M|
|teampreview
|inactive|Battle timer is ON: inactive players will automatically lose when time's up. (requested by evilmassacre)
|
|t:|1757948581
|teamsize|p1|6
|teamsize|p2|6
|start
|switch|p1a: Frososse|Froslass, F, shiny|100/100
|switch|p2a: Toxapex|Toxapex, M|100/100
|turn|1
|
|t:|1757948594
|move|p1a: Frososse|Will-O-Wisp|p2a: Toxapex
|-status|p2a: Toxapex|brn
|move|p2a: Toxapex|Toxic Spikes|p1a: Frososse
|-sidestart|p1: zeugmaster|move: Toxic Spikes
|
|-damage|p2a: Toxapex|94/100 brn|[from] brn
|upkeep
|turn|2
|
|t:|1757948601
|move|p1a: Frososse|Spikes|p2a: Toxapex
|-sidestart|p2: evilmassacre|Spikes
|move|p2a: Toxapex|Toxic|p1a: Frososse
|-status|p1a: Frososse|tox
|
|-heal|p2a: Toxapex|100/100 brn|[from] item: Black Sludge
|-damage|p1a: Frososse|94/100 tox|[from] psn
|-damage|p2a: Toxapex|94/100 brn|[from] brn
|upkeep
|turn|3
|
|t:|1757948617
|move|p1a: Frososse|Spikes|p2a: Toxapex
|-sidestart|p2: evilmassacre|Spikes
|move|p2a: Toxapex|Toxic Spikes|p1a: Frososse
|-sidestart|p1: zeugmaster|move: Toxic Spikes
|
|-heal|p2a: Toxapex|100/100 brn|[from] item: Black Sludge
|-damage|p1a: Frososse|82/100 tox|[from] psn
|-damage|p2a: Toxapex|94/100 brn|[from] brn
|upkeep
|turn|4
|
|t:|1757948629
|switch|p2a: Iron Treads|Iron Treads|100/100
|-damage|p2a: Iron Treads|84/100|[from] Spikes
|-enditem|p2a: Iron Treads|Booster Energy
|-activate|p2a: Iron Treads|ability: Quark Drive|[fromitem]
|-start|p2a: Iron Treads|quarkdrivespe
|move|p1a: Frososse|Spikes|p2a: Iron Treads
|-sidestart|p2: evilmassacre|Spikes
|
|-damage|p1a: Frososse|64/100 tox|[from] psn
|upkeep
|turn|5
|
|t:|1757948640
|move|p2a: Iron Treads|Iron Head|p1a: Frososse
|-supereffective|p1a: Frososse
|-damage|p1a: Frososse|0 fnt
|faint|p1a: Frososse
|
|upkeep
|
|t:|1757948661
|switch|p1a: Sauce Tartare|Greninja, M|100/100
|-status|p1a: Sauce Tartare|tox
|turn|6
|
|t:|1757948671
|-end|p2a: Iron Treads|Quark Drive|[silent]
|switch|p2a: Rillaboom|Rillaboom, M|100/100
|-damage|p2a: Rillaboom|75/100|[from] Spikes
|-fieldstart|move: Grassy Terrain|[from] ability: Grassy Surge|[of] p2a: Rillaboom
|move|p1a: Sauce Tartare|Water Shuriken|p2a: Rillaboom
|-resisted|p2a: Rillaboom
|-damage|p2a: Rillaboom|70/100
|-resisted|p2a: Rillaboom
|-damage|p2a: Rillaboom|65/100
|-resisted|p2a: Rillaboom
|-damage|p2a: Rillaboom|59/100
|-resisted|p2a: Rillaboom
|-damage|p2a: Rillaboom|53/100
|-hitcount|p2a: Rillaboom|4
|
|-heal|p2a: Rillaboom|59/100|[from] Grassy Terrain
|-heal|p2a: Rillaboom|66/100|[from] item: Leftovers
|-damage|p1a: Sauce Tartare|95/100 tox|[from] psn
|upkeep
|turn|7
|inactive|zeugmaster has 120 seconds left.
|
|t:|1757948695
|switch|p1a: Sosperior|Serperior, F|100/100
|-status|p1a: Sosperior|tox
|move|p2a: Rillaboom|Grassy Glide|p1a: Sosperior
|-resisted|p1a: Sosperior
|-damage|p1a: Sosperior|77/100 tox
|
|-heal|p1a: Sosperior|83/100 tox|[from] Grassy Terrain
|-heal|p2a: Rillaboom|72/100|[from] Grassy Terrain
|-heal|p2a: Rillaboom|78/100|[from] item: Leftovers
|-damage|p1a: Sosperior|77/100 tox|[from] psn
|upkeep
|turn|8
|inactive|zeugmaster has 120 seconds left.
|
|t:|1757948709
|move|p1a: Sosperior|Glare|p2a: Rillaboom
|-status|p2a: Rillaboom|par
|move|p2a: Rillaboom|High Horsepower|p1a: Sosperior
|-resisted|p1a: Sosperior
|-damage|p1a: Sosperior|55/100 tox
|
|-heal|p1a: Sosperior|61/100 tox|[from] Grassy Terrain
|-heal|p2a: Rillaboom|84/100 par|[from] Grassy Terrain
|-heal|p2a: Rillaboom|90/100 par|[from] item: Leftovers
|-damage|p1a: Sosperior|49/100 tox|[from] psn
|upkeep
|turn|9
|inactive|zeugmaster has 120 seconds left.
|
|t:|1757948723
|move|p1a: Sosperior|Dragon Pulse|p2a: Rillaboom
|-damage|p2a: Rillaboom|61/100 par
|-damage|p1a: Sosperior|39/100 tox|[from] item: Life Orb
|cant|p2a: Rillaboom|par
|
|-heal|p1a: Sosperior|45/100 tox|[from] Grassy Terrain
|-heal|p2a: Rillaboom|68/100 par|[from] Grassy Terrain
|-heal|p2a: Rillaboom|74/100 par|[from] item: Leftovers
|-damage|p1a: Sosperior|26/100 tox|[from] psn
|upkeep
|turn|10
|inactive|zeugmaster has 120 seconds left.
|
|t:|1757948737
|move|p1a: Sosperior|Leaf Storm|p2a: Rillaboom
|-resisted|p2a: Rillaboom
|-damage|p2a: Rillaboom|30/100 par
|-boost|p1a: Sosperior|spa|2
|-damage|p1a: Sosperior|16/100 tox|[from] item: Life Orb
|cant|p2a: Rillaboom|par
|
|-heal|p1a: Sosperior|22/100 tox|[from] Grassy Terrain
|-heal|p2a: Rillaboom|36/100 par|[from] Grassy Terrain
|-heal|p2a: Rillaboom|42/100 par|[from] item: Leftovers
|-damage|p1a: Sosperior|0 fnt|[from] psn
|faint|p1a: Sosperior
|-fieldend|move: Grassy Terrain
|upkeep
|inactive|zeugmaster has 90 seconds left.
|
|t:|1757948782
|switch|p1a: Glisosse|Gliscor, F|100/100
|turn|11
|
|t:|1757948788
|switch|p2a: Iron Treads|Iron Treads|84/100
|-damage|p2a: Iron Treads|59/100|[from] Spikes
|move|p1a: Glisosse|U-turn|p2a: Iron Treads
|-resisted|p2a: Iron Treads
|-damage|p2a: Iron Treads|53/100
|
|t:|1757948799
|switch|p1a: Sauce Tartare|Greninja, M|95/100 tox|[from] U-turn
|
|-damage|p1a: Sauce Tartare|89/100 tox|[from] psn
|upkeep
|turn|12
|inactive|zeugmaster has 60 seconds left.
|
|t:|1757948829
|-end|p2a: Iron Treads|Quark Drive|[silent]
|switch|p2a: Rillaboom|Rillaboom, M|42/100 par
|-damage|p2a: Rillaboom|17/100 par|[from] Spikes
|-fieldstart|move: Grassy Terrain|[from] ability: Grassy Surge|[of] p2a: Rillaboom
|move|p1a: Sauce Tartare|Dark Pulse|p2a: Rillaboom
|-damage|p2a: Rillaboom|0 fnt
|faint|p2a: Rillaboom
|-ability|p1a: Sauce Tartare|Battle Bond|boost
|-boost|p1a: Sauce Tartare|atk|1
|-boost|p1a: Sauce Tartare|spa|1
|-boost|p1a: Sauce Tartare|spe|1
|-activate|p1a: Sauce Tartare|ability: Battle Bond
|
|-heal|p1a: Sauce Tartare|95/100 tox|[from] Grassy Terrain
|-damage|p1a: Sauce Tartare|83/100 tox|[from] psn
|upkeep
|
|t:|1757948844
|switch|p2a: Hawlucha|Hawlucha, F|100/100
|-enditem|p2a: Hawlucha|Grassy Seed
|-boost|p2a: Hawlucha|def|1|[from] item: Grassy Seed
|turn|13
|inactive|zeugmaster has 60 seconds left.
|
|t:|1757948871
|move|p2a: Hawlucha|Close Combat|p1a: Sauce Tartare
|-supereffective|p1a: Sauce Tartare
|-damage|p1a: Sauce Tartare|0 fnt
|-unboost|p2a: Hawlucha|def|1
|-unboost|p2a: Hawlucha|spd|1
|faint|p1a: Sauce Tartare
|
|upkeep
|
|t:|1757948887
|switch|p1a: Glisosse|Gliscor, F|100/100
|turn|14
|
|t:|1757948897
|move|p2a: Hawlucha|Substitute|p2a: Hawlucha
|-start|p2a: Hawlucha|Substitute
|-damage|p2a: Hawlucha|76/100
|move|p1a: Glisosse|Substitute|p1a: Glisosse
|-start|p1a: Glisosse|Substitute
|-damage|p1a: Glisosse|76/100
|
|-status|p1a: Glisosse|tox|[from] item: Toxic Orb
|upkeep
|turn|15
|
|t:|1757948911
|move|p2a: Hawlucha|Swords Dance|p2a: Hawlucha
|-boost|p2a: Hawlucha|atk|2
|move|p1a: Glisosse|U-turn|p2a: Hawlucha
|-resisted|p2a: Hawlucha
|-activate|p2a: Hawlucha|move: Substitute|[damage]
|inactive|zeugmaster has 30 seconds left.
|
|t:|1757948927
|switch|p1a: Dark Sauce|Ceruledge, F|100/100|[from] U-turn
|-status|p1a: Dark Sauce|tox
|
|-damage|p1a: Dark Sauce|94/100 tox|[from] psn
|upkeep
|turn|16
|inactive|zeugmaster has 30 seconds left.
|
|t:|1757948939
|move|p1a: Dark Sauce|Shadow Sneak|p2a: Hawlucha
|-end|p2a: Hawlucha|Substitute
|move|p2a: Hawlucha|Acrobatics|p1a: Dark Sauce
|-damage|p1a: Dark Sauce|0 fnt
|faint|p1a: Dark Sauce
|
|-fieldend|move: Grassy Terrain
|upkeep
|inactive|zeugmaster has 30 seconds left.
|inactive|zeugmaster has 20 seconds left.
|
|t:|1757948954
|switch|p1a: Sauce Piquante|Heatran, M|100/100
|turn|17
|inactive|zeugmaster has 30 seconds left this turn.
|inactive|zeugmaster has 20 seconds left.
|
|t:|1757948965
|-terastallize|p1a: Sauce Piquante|Grass
|move|p2a: Hawlucha|Close Combat|p1a: Sauce Piquante
|-damage|p1a: Sauce Piquante|40/100
|-unboost|p2a: Hawlucha|def|1
|-unboost|p2a: Hawlucha|spd|1
|move|p1a: Sauce Piquante|Magma Storm|p2a: Hawlucha
|-damage|p2a: Hawlucha|0 fnt
|faint|p2a: Hawlucha
|
|-heal|p1a: Sauce Piquante|46/100|[from] item: Leftovers
|upkeep
|
|t:|1757948983
|switch|p2a: Iron Treads|Iron Treads|53/100
|-damage|p2a: Iron Treads|28/100|[from] Spikes
|turn|18
|inactive|zeugmaster has 30 seconds left.
|
|t:|1757948990
|move|p1a: Sauce Piquante|Protect|p1a: Sauce Piquante
|-singleturn|p1a: Sauce Piquante|Protect
|move|p2a: Iron Treads|Rapid Spin|p1a: Sauce Piquante
|-activate|p1a: Sauce Piquante|move: Protect
|
|-heal|p1a: Sauce Piquante|52/100|[from] item: Leftovers
|upkeep
|turn|19
|
|t:|1757949000
|move|p2a: Iron Treads|Rapid Spin|p1a: Sauce Piquante
|-damage|p1a: Sauce Piquante|42/100
|-boost|p2a: Iron Treads|spe|1
|-sideend|p2: evilmassacre|Spikes|[from] move: Rapid Spin|[of] p2a: Iron Treads
|move|p1a: Sauce Piquante|Substitute|p1a: Sauce Piquante
|-start|p1a: Sauce Piquante|Substitute
|-damage|p1a: Sauce Piquante|17/100
|
|-heal|p1a: Sauce Piquante|23/100|[from] item: Leftovers
|upkeep
|turn|20
|
|t:|1757949010
|move|p1a: Sauce Piquante|Protect|p1a: Sauce Piquante
|-singleturn|p1a: Sauce Piquante|Protect
|move|p2a: Iron Treads|Iron Head|p1a: Sauce Piquante
|-activate|p1a: Sauce Piquante|move: Protect
|
|-heal|p1a: Sauce Piquante|29/100|[from] item: Leftovers
|upkeep
|turn|21
|
|t:|1757949018
|move|p2a: Iron Treads|Iron Head|p1a: Sauce Piquante
|-activate|p1a: Sauce Piquante|move: Substitute|[damage]
|move|p1a: Sauce Piquante|Scorching Sands|p2a: Iron Treads
|-supereffective|p2a: Iron Treads
|-damage|p2a: Iron Treads|0 fnt
|faint|p2a: Iron Treads
|-end|p2a: Iron Treads|Quark Drive|[silent]
|
|-heal|p1a: Sauce Piquante|35/100|[from] item: Leftovers
|upkeep
|
|t:|1757949030
|switch|p2a: Iron Crown|Iron Crown|100/100
|-enditem|p2a: Iron Crown|Booster Energy
|-activate|p2a: Iron Crown|ability: Quark Drive|[fromitem]
|-start|p2a: Iron Crown|quarkdrivespa
|turn|22
|
|t:|1757949042
|move|p1a: Sauce Piquante|Protect|p1a: Sauce Piquante
|-singleturn|p1a: Sauce Piquante|Protect
|move|p2a: Iron Crown|Tachyon Cutter|p1a: Sauce Piquante
|-activate|p1a: Sauce Piquante|move: Protect
|
|-heal|p1a: Sauce Piquante|42/100|[from] item: Leftovers
|upkeep
|turn|23
|
|t:|1757949066
|move|p2a: Iron Crown|Tachyon Cutter|p1a: Sauce Piquante
|-end|p1a: Sauce Piquante|Substitute
|-damage|p1a: Sauce Piquante|13/100
|-hitcount|p1a: Sauce Piquante|2
|move|p1a: Sauce Piquante|Magma Storm|p2a: Iron Crown|[miss]
|-miss|p1a: Sauce Piquante|p2a: Iron Crown
|
|-heal|p1a: Sauce Piquante|19/100|[from] item: Leftovers
|upkeep
|turn|24
|
|t:|1757949076
|move|p1a: Sauce Piquante|Protect|p1a: Sauce Piquante
|-singleturn|p1a: Sauce Piquante|Protect
|move|p2a: Iron Crown|Tachyon Cutter|p1a: Sauce Piquante
|-activate|p1a: Sauce Piquante|move: Protect
|
|-heal|p1a: Sauce Piquante|25/100|[from] item: Leftovers
|upkeep
|turn|25
|
|t:|1757949083
|switch|p1a: Glisosse|Gliscor, F|76/100 tox
|move|p2a: Iron Crown|Tachyon Cutter|p1a: Glisosse
|-damage|p1a: Glisosse|36/100 tox
|-damage|p1a: Glisosse|0 fnt
|faint|p1a: Glisosse
|-hitcount|p1: Glisosse|2
|
|upkeep
|
|t:|1757949089
|switch|p1a: Sauce Piquante|Heatran, M, tera:Grass|25/100
|-status|p1a: Sauce Piquante|tox
|turn|26
|
|t:|1757949094
|move|p1a: Sauce Piquante|Protect|p1a: Sauce Piquante
|-singleturn|p1a: Sauce Piquante|Protect
|move|p2a: Iron Crown|Agility|p2a: Iron Crown
|-boost|p2a: Iron Crown|spe|2
|
|-heal|p1a: Sauce Piquante|31/100 tox|[from] item: Leftovers
|-damage|p1a: Sauce Piquante|25/100 tox|[from] psn
|upkeep
|turn|27
|c|☆evilmassacre|gg
|c|☆zeugmaster|gg
|
|t:|1757949107
|move|p2a: Iron Crown|Psychic Noise|p1a: Sauce Piquante
|-damage|p1a: Sauce Piquante|0 fnt
|faint|p1a: Sauce Piquante
|
|win|evilmassacre
|raw|zeugmaster's rating: 1198 &rarr; <strong>1176</strong><br />(-22 for losing)
|raw|evilmassacre's rating: 1244 &rarr; <strong>1266</strong><br />(+22 for winning)
|c|☆zeugmaster|wow you're very good
|c|☆evilmassacre|nah
|c|☆zeugmaster|yeah ik you're 1200 elo
|c|☆evilmassacre|you r not bad either
|c|☆zeugmaster|lmao
|l|☆zeugmaster
|player|p1|
|l|☆evilmassacre
|player|p2|
