|j|☆ABraviousTinkaton
|j|☆mathismathin
|t:|1757897779
|gametype|singles
|player|p1|ABraviousTinkaton|miku-ice|1576
|player|p2|mathismathin|hilbert|1626
|gen|9
|tier|[Gen 9] OU
|rated|
|rule|HP Percentage Mod: HP is shown in percentages
|rule|Endless Battle Clause: Forcing endless battles is banned
|rule|Species Clause: Limit one of each Pokémon
|rule|OHKO Clause: OHKO moves are banned
|rule|Evasion Items Clause: Evasion items are banned
|rule|Evasion Moves Clause: Evasion moves are banned
|rule|Evasion Abilities Clause: Evasion abilities are banned
|rule|Sleep Moves Clause: Sleep-inducing moves are banned
|clearpoke
|poke|p1|Raging Bolt|
|poke|p1|Iron Treads|
|poke|p1|Ting-Lu|
|poke|p1|Gholdengo|
|poke|p1|Zamazenta-*|
|poke|p1|Tornadus-Therian, M|
|poke|p2|Dusclops, F|
|poke|p2|Blissey, F|
|poke|p2|Infernape, F|
|poke|p2|Tornadus-Therian, M|
|poke|p2|Slowbro, F|
|poke|p2|Lilligant-Hisui, F|
|teampreview
|
|t:|1757897786
|teamsize|p1|6
|teamsize|p2|6
|start
|switch|p1a: Tornadus|Tornadus-Therian, M|100/100
|switch|p2a: Tornadus|Tornadus-Therian, M|100/100
|turn|1
|
|t:|1757897788
|move|p1a: Tornadus|Nasty Plot|p1a: Tornadus
|-boost|p1a: Tornadus|spa|2
|move|p2a: Tornadus|Knock Off|p1a: Tornadus
|-damage|p1a: Tornadus|75/100
|-enditem|p1a: Tornadus|Life Orb|[from] move: Knock Off|[of] p2a: Tornadus
|
|upkeep
|turn|2
|
|t:|1757897790
|move|p2a: Tornadus|U-turn|p1a: Tornadus
|-resisted|p1a: Tornadus
|-crit|p1a: Tornadus
|-damage|p1a: Tornadus|59/100
|
|t:|1757897792
|switch|p2a: Blissey|Blissey, F|100/100|[from] U-turn
|move|p1a: Tornadus|Bleakwind Storm|p2a: Blissey|[miss]
|-miss|p1a: Tornadus|p2a: Blissey
|
|upkeep
|turn|3
|
|t:|1757897795
|move|p1a: Tornadus|Focus Blast|p2a: Blissey
|-supereffective|p2a: Blissey
|-damage|p2a: Blissey|53/100
|move|p2a: Blissey|Calm Mind|p2a: Blissey
|-boost|p2a: Blissey|spa|1
|-boost|p2a: Blissey|spd|1
|
|upkeep
|turn|4
|
|t:|1757897833
|move|p1a: Tornadus|Nasty Plot|p1a: Tornadus
|-boost|p1a: Tornadus|spa|2
|move|p2a: Blissey|Soft-Boiled|p2a: Blissey
|-heal|p2a: Blissey|100/100
|
|upkeep
|turn|5
|
|t:|1757897838
|move|p1a: Tornadus|Focus Blast|p2a: Blissey
|-supereffective|p2a: Blissey
|-damage|p2a: Blissey|54/100
|move|p2a: Blissey|Calm Mind|p2a: Blissey
|-boost|p2a: Blissey|spa|1
|-boost|p2a: Blissey|spd|1
|
|upkeep
|turn|6
|
|t:|1757897851
|switch|p1a: Ting-Lu|Ting-Lu|100/100
|-ability|p1a: Ting-Lu|Vessel of Ruin
|move|p2a: Blissey|Soft-Boiled|p2a: Blissey
|-heal|p2a: Blissey|100/100
|
|upkeep
|turn|7
|
|t:|1757897855
|switch|p2a: Slowbro|Slowbro, F|100/100
|move|p1a: Ting-Lu|Stealth Rock|p2a: Slowbro
|-sidestart|p2: mathismathin|move: Stealth Rock
|
|upkeep
|turn|8
|
|t:|1757897859
|move|p1a: Ting-Lu|Ruination|p2a: Slowbro
|-damage|p2a: Slowbro|50/100
|move|p2a: Slowbro|Scald|p1a: Ting-Lu
|-supereffective|p1a: Ting-Lu
|-damage|p1a: Ting-Lu|71/100
|-enditem|p1a: Ting-Lu|Weakness Policy
|-boost|p1a: Ting-Lu|atk|2|[from] item: Weakness Policy
|-boost|p1a: Ting-Lu|spa|2|[from] item: Weakness Policy
|
|upkeep
|turn|9
|
|t:|1757897896
|switch|p2a: Lilligant|Lilligant-Hisui, F|100/100
|move|p1a: Ting-Lu|Payback|p2a: Lilligant
|-resisted|p2a: Lilligant
|-damage|p2a: Lilligant|73/100
|
|upkeep
|turn|10
|
|t:|1757897920
|move|p2a: Lilligant|Low Kick|p1a: Ting-Lu|[miss]
|-miss|p2a: Lilligant|p1a: Ting-Lu
|move|p1a: Ting-Lu|Payback|p2a: Lilligant
|-resisted|p2a: Lilligant
|-damage|p2a: Lilligant|11/100
|
|upkeep
|turn|11
|
|t:|1757897927
|switch|p1a: Tornadus|Tornadus-Therian, M|92/100
|move|p2a: Lilligant|Low Kick|p1a: Tornadus
|-resisted|p1a: Tornadus
|-damage|p1a: Tornadus|62/100
|
|upkeep
|turn|12
|
|t:|1757897930
|switch|p2a: Blissey|Blissey, F|100/100
|move|p1a: Tornadus|Dark Pulse|p2a: Blissey
|-damage|p2a: Blissey|93/100
|
|upkeep
|turn|13
|
|t:|1757897935
|switch|p1a: Iron Treads|Iron Treads|100/100
|-enditem|p1a: Iron Treads|Booster Energy
|-activate|p1a: Iron Treads|ability: Quark Drive|[fromitem]
|-start|p1a: Iron Treads|quarkdrivespe
|move|p2a: Blissey|Calm Mind|p2a: Blissey
|-boost|p2a: Blissey|spa|1
|-boost|p2a: Blissey|spd|1
|
|upkeep
|turn|14
|
|t:|1757897938
|switch|p2a: Slowbro|Slowbro, F|84/100
|-damage|p2a: Slowbro|71/100|[from] Stealth Rock
|move|p1a: Iron Treads|Earthquake|p2a: Slowbro
|-damage|p2a: Slowbro|46/100
|
|upkeep
|turn|15
|
|t:|1757897949
|-end|p1a: Iron Treads|Quark Drive|[silent]
|switch|p1a: Gholdengo|Gholdengo|100/100
|-item|p1a: Gholdengo|Air Balloon
|move|p2a: Slowbro|Slack Off|p2a: Slowbro
|-heal|p2a: Slowbro|96/100
|
|upkeep
|turn|16
|
|t:|1757897959
|switch|p2a: Blissey|Blissey, F|93/100
|move|p1a: Gholdengo|Nasty Plot|p1a: Gholdengo
|-boost|p1a: Gholdengo|spa|2
|
|upkeep
|turn|17
|
|t:|1757897965
|move|p1a: Gholdengo|Make It Rain|p2a: Blissey
|-damage|p2a: Blissey|55/100
|-unboost|p1a: Gholdengo|spa|1
|move|p2a: Blissey|Calm Mind|p2a: Blissey
|-boost|p2a: Blissey|spa|1
|-boost|p2a: Blissey|spd|1
|
|upkeep
|turn|18
|
|t:|1757897970
|switch|p1a: Zamazenta|Zamazenta|100/100
|-ability|p1a: Zamazenta|Dauntless Shield|boost
|-boost|p1a: Zamazenta|def|1
|move|p2a: Blissey|Soft-Boiled|p2a: Blissey
|-heal|p2a: Blissey|100/100
|
|upkeep
|turn|19
|
|t:|1757897985
|switch|p2a: Slowbro|Slowbro, F|100/100
|-damage|p2a: Slowbro|88/100|[from] Stealth Rock
|move|p1a: Zamazenta|Iron Defense|p1a: Zamazenta
|-boost|p1a: Zamazenta|def|2
|
|upkeep
|turn|20
|
|t:|1757898007
|switch|p1a: Tornadus|Tornadus-Therian, M|95/100
|move|p2a: Slowbro|Scald|p1a: Tornadus
|-damage|p1a: Tornadus|63/100
|
|upkeep
|turn|21
|
|t:|1757898015
|switch|p2a: Blissey|Blissey, F|100/100
|move|p1a: Tornadus|Nasty Plot|p1a: Tornadus
|-boost|p1a: Tornadus|spa|2
|
|upkeep
|turn|22
|
|t:|1757898023
|move|p1a: Tornadus|Nasty Plot|p1a: Tornadus
|-boost|p1a: Tornadus|spa|2
|move|p2a: Blissey|Calm Mind|p2a: Blissey
|-boost|p2a: Blissey|spa|1
|-boost|p2a: Blissey|spd|1
|
|upkeep
|turn|23
|
|t:|1757898033
|move|p1a: Tornadus|Nasty Plot|p1a: Tornadus
|-boost|p1a: Tornadus|spa|2
|move|p2a: Blissey|Calm Mind|p2a: Blissey
|-boost|p2a: Blissey|spa|1
|-boost|p2a: Blissey|spd|1
|
|upkeep
|turn|24
|
|t:|1757898035
|move|p1a: Tornadus|Focus Blast|p2a: Blissey
|-supereffective|p2a: Blissey
|-damage|p2a: Blissey|58/100
|move|p2a: Blissey|Calm Mind|p2a: Blissey
|-boost|p2a: Blissey|spa|1
|-boost|p2a: Blissey|spd|1
|
|upkeep
|turn|25
|
|t:|1757898038
|move|p1a: Tornadus|Focus Blast|p2a: Blissey|[miss]
|-miss|p1a: Tornadus|p2a: Blissey
|move|p2a: Blissey|Soft-Boiled|p2a: Blissey
|-heal|p2a: Blissey|100/100
|
|upkeep
|turn|26
|
|t:|1757898041
|move|p1a: Tornadus|Focus Blast|p2a: Blissey
|-supereffective|p2a: Blissey
|-damage|p2a: Blissey|66/100
|move|p2a: Blissey|Shadow Ball|p1a: Tornadus
|-damage|p1a: Tornadus|21/100
|
|upkeep
|turn|27
|
|t:|1757898045
|switch|p1a: Zamazenta|Zamazenta|100/100
|move|p2a: Blissey|Soft-Boiled|p2a: Blissey
|-heal|p2a: Blissey|100/100
|
|upkeep
|turn|28
|
|t:|1757898048
|switch|p1a: Tornadus|Tornadus-Therian, M|54/100
|switch|p2a: Tornadus|Tornadus-Therian, M|100/100
|
|upkeep
|turn|29
|
|t:|1757898053
|move|p2a: Tornadus|Bleakwind Storm|p1a: Tornadus
|-damage|p1a: Tornadus|12/100
|move|p1a: Tornadus|Nasty Plot|p1a: Tornadus
|-boost|p1a: Tornadus|spa|2
|
|upkeep
|turn|30
|
|t:|1757898056
|move|p1a: Tornadus|Bleakwind Storm|p2a: Tornadus|[miss]
|-miss|p1a: Tornadus|p2a: Tornadus
|move|p2a: Tornadus|Knock Off|p1a: Tornadus
|-damage|p1a: Tornadus|0 fnt
|faint|p1a: Tornadus
|
|upkeep
|
|t:|1757898058
|switch|p1a: Raging Bolt|Raging Bolt|100/100
|-enditem|p1a: Raging Bolt|Booster Energy
|-activate|p1a: Raging Bolt|ability: Protosynthesis|[fromitem]
|-start|p1a: Raging Bolt|protosynthesisspa
|turn|31
|
|t:|1757898070
|switch|p2a: Blissey|Blissey, F|100/100
|move|p1a: Raging Bolt|Calm Mind|p1a: Raging Bolt
|-boost|p1a: Raging Bolt|spa|1
|-boost|p1a: Raging Bolt|spd|1
|
|upkeep
|turn|32
|
|t:|1757898073
|move|p1a: Raging Bolt|Thunderbolt|p2a: Blissey
|-damage|p2a: Blissey|71/100
|move|p2a: Blissey|Calm Mind|p2a: Blissey
|-boost|p2a: Blissey|spa|1
|-boost|p2a: Blissey|spd|1
|
|upkeep
|turn|33
|
|t:|1757898078
|move|p1a: Raging Bolt|Thunderbolt|p2a: Blissey
|-damage|p2a: Blissey|50/100
|move|p2a: Blissey|Calm Mind|p2a: Blissey
|-boost|p2a: Blissey|spa|1
|-boost|p2a: Blissey|spd|1
|
|upkeep
|turn|34
|
|t:|1757898088
|-end|p1a: Raging Bolt|Protosynthesis|[silent]
|switch|p1a: Zamazenta|Zamazenta|100/100
|move|p2a: Blissey|Soft-Boiled|p2a: Blissey
|-heal|p2a: Blissey|99/100
|
|upkeep
|turn|35
|
|t:|1757898136
|switch|p2a: Physical Trapper|Dusclops, F, shiny|100/100
|-damage|p2a: Physical Trapper|88/100|[from] Stealth Rock
|-ability|p2a: Physical Trapper|Pressure
|move|p1a: Zamazenta|Crunch|p2a: Physical Trapper
|-supereffective|p2a: Physical Trapper
|-damage|p2a: Physical Trapper|68/100
|
|upkeep
|turn|36
|
|t:|1757898144
|switch|p1a: Gholdengo|Gholdengo|100/100
|-item|p1a: Gholdengo|Air Balloon
|move|p2a: Physical Trapper|Curse|p1a: Gholdengo
|-immune|p1a: Gholdengo|[from] ability: Good as Gold
|
|upkeep
|turn|37
|
|t:|1757898160
|switch|p2a: Blissey|Blissey, F|99/100
|move|p1a: Gholdengo|Nasty Plot|p1a: Gholdengo
|-boost|p1a: Gholdengo|spa|2
|
|upkeep
|turn|38
|
|t:|1757898167
|move|p1a: Gholdengo|Make It Rain|p2a: Blissey
|-damage|p2a: Blissey|61/100
|-unboost|p1a: Gholdengo|spa|1
|move|p2a: Blissey|Calm Mind|p2a: Blissey
|-boost|p2a: Blissey|spa|1
|-boost|p2a: Blissey|spd|1
|
|upkeep
|turn|39
|
|t:|1757898203
|move|p1a: Gholdengo|Shadow Ball|p2a: Blissey
|-immune|p2a: Blissey
|move|p2a: Blissey|Metronome|p2a: Blissey
|move|p2a: Blissey|Dragon Dance|p2a: Blissey|[from] move: Metronome
|-boost|p2a: Blissey|atk|1
|-boost|p2a: Blissey|spe|1
|
|upkeep
|turn|40
|
|t:|1757898224
|move|p1a: Gholdengo|Nasty Plot|p1a: Gholdengo
|-boost|p1a: Gholdengo|spa|2
|move|p2a: Blissey|Metronome|p2a: Blissey
|move|p2a: Blissey|Roar of Time|p1a: Gholdengo|[from] move: Metronome
|-resisted|p1a: Gholdengo
|-damage|p1a: Gholdengo|82/100
|-mustrecharge|p2a: Blissey
|-enditem|p1a: Gholdengo|Air Balloon
|
|upkeep
|turn|41
|inactive|Battle timer is ON: inactive players will automatically lose when time's up. (requested by mathismathin)
|
|t:|1757898266
|move|p1a: Gholdengo|Nasty Plot|p1a: Gholdengo
|-boost|p1a: Gholdengo|spa|2
|cant|p2a: Blissey|recharge
|
|upkeep
|turn|42
|inactive|mathismathin has 120 seconds left.
|j| sniper20657
|
|t:|1757898305
|move|p1a: Gholdengo|Make It Rain|p2a: Blissey
|-damage|p2a: Blissey|19/100
|-unboost|p1a: Gholdengo|spa|1
|move|p2a: Blissey|Soft-Boiled|p2a: Blissey
|-heal|p2a: Blissey|69/100
|
|upkeep
|turn|43
|
|t:|1757898310
|move|p1a: Gholdengo|Make It Rain|p2a: Blissey
|-damage|p2a: Blissey|33/100
|-unboost|p1a: Gholdengo|spa|1
|move|p2a: Blissey|Shadow Ball|p1a: Gholdengo
|-supereffective|p1a: Gholdengo
|-damage|p1a: Gholdengo|36/100
|
|upkeep
|turn|44
|
|t:|1757898314
|move|p1a: Gholdengo|Nasty Plot|p1a: Gholdengo
|-boost|p1a: Gholdengo|spa|2
|move|p2a: Blissey|Soft-Boiled|p2a: Blissey
|-heal|p2a: Blissey|83/100
|
|upkeep
|turn|45
|
|t:|1757898315
|move|p1a: Gholdengo|Recover|p1a: Gholdengo
|-heal|p1a: Gholdengo|86/100
|move|p2a: Blissey|Shadow Ball|p1a: Gholdengo
|-supereffective|p1a: Gholdengo
|-damage|p1a: Gholdengo|42/100
|
|upkeep
|turn|46
|
|t:|1757898317
|move|p1a: Gholdengo|Recover|p1a: Gholdengo
|-heal|p1a: Gholdengo|93/100
|move|p2a: Blissey|Shadow Ball|p1a: Gholdengo
|-supereffective|p1a: Gholdengo
|-damage|p1a: Gholdengo|52/100
|
|upkeep
|turn|47
|
|t:|1757898327
|switch|p1a: Ting-Lu|Ting-Lu|71/100
|-ability|p1a: Ting-Lu|Vessel of Ruin
|move|p2a: Blissey|Shadow Ball|p1a: Ting-Lu
|-resisted|p1a: Ting-Lu
|-damage|p1a: Ting-Lu|66/100
|
|upkeep
|turn|48
|
|t:|1757898337
|switch|p2a: Slowbro|Slowbro, F|100/100
|-damage|p2a: Slowbro|88/100|[from] Stealth Rock
|move|p1a: Ting-Lu|Ruination|p2a: Slowbro|[miss]
|-miss|p1a: Ting-Lu|p2a: Slowbro
|
|upkeep
|turn|49
|
|t:|1757898353
|move|p1a: Ting-Lu|Ruination|p2a: Slowbro
|-damage|p2a: Slowbro|44/100
|move|p2a: Slowbro|Scald|p1a: Ting-Lu
|-supereffective|p1a: Ting-Lu
|-damage|p1a: Ting-Lu|35/100
|
|upkeep
|turn|50
|
|t:|1757898362
|move|p1a: Ting-Lu|Payback|p2a: Slowbro
|-supereffective|p2a: Slowbro
|-damage|p2a: Slowbro|20/100
|-damage|p1a: Ting-Lu|18/100|[from] item: Rocky Helmet|[of] p2a: Slowbro
|move|p2a: Slowbro|Scald|p1a: Ting-Lu
|-supereffective|p1a: Ting-Lu
|-damage|p1a: Ting-Lu|0 fnt
|faint|p1a: Ting-Lu
|
|upkeep
|
|t:|1757898370
|switch|p1a: Raging Bolt|Raging Bolt|100/100
|turn|51
|
|t:|1757898391
|switch|p2a: Infernape|Infernape, F|100/100
|-damage|p2a: Infernape|88/100|[from] Stealth Rock
|move|p1a: Raging Bolt|Thunderbolt|p2a: Infernape
|-damage|p2a: Infernape|20/100
|
|upkeep
|turn|52
|
|t:|1757898398
|move|p1a: Raging Bolt|Thunderclap||[still]
|-fail|p1a: Raging Bolt
|move|p2a: Infernape|Slack Off|p2a: Infernape
|-heal|p2a: Infernape|70/100
|
|upkeep
|turn|53
|
|t:|1757898424
|move|p2a: Infernape|Encore|p1a: Raging Bolt
|-start|p1a: Raging Bolt|Encore
|move|p1a: Raging Bolt|Thunderclap||[still]
|-fail|p1a: Raging Bolt
|
|upkeep
|turn|54
|
|t:|1757898429
|-end|p1a: Raging Bolt|Protosynthesis|[silent]
|switch|p1a: Zamazenta|Zamazenta|100/100
|move|p2a: Infernape|Flamethrower|p1a: Zamazenta
|-damage|p1a: Zamazenta|73/100
|
|-heal|p1a: Zamazenta|79/100|[from] item: Leftovers
|upkeep
|turn|55
|
|t:|1757898433
|move|p1a: Zamazenta|Crunch|p2a: Infernape
|-resisted|p2a: Infernape
|-damage|p2a: Infernape|61/100
|-damage|p1a: Zamazenta|62/100|[from] item: Rocky Helmet|[of] p2a: Infernape
|move|p2a: Infernape|Slack Off|p2a: Infernape
|-heal|p2a: Infernape|100/100
|
|-heal|p1a: Zamazenta|68/100|[from] item: Leftovers
|upkeep
|turn|56
|
|t:|1757898441
|switch|p1a: Raging Bolt|Raging Bolt|100/100
|switch|p2a: Tornadus|Tornadus-Therian, M|100/100
|
|upkeep
|turn|57
|
|t:|1757898445
|-end|p1a: Raging Bolt|Protosynthesis|[silent]
|switch|p1a: Iron Treads|Iron Treads|100/100
|move|p2a: Tornadus|U-turn|p1a: Iron Treads
|-resisted|p1a: Iron Treads
|-damage|p1a: Iron Treads|94/100
|
|t:|1757898450
|switch|p2a: Slowbro|Slowbro, F|53/100|[from] U-turn
|-damage|p2a: Slowbro|40/100|[from] Stealth Rock
|
|upkeep
|turn|58
|
|t:|1757898452
|-end|p1a: Iron Treads|Quark Drive|[silent]
|switch|p1a: Raging Bolt|Raging Bolt|100/100
|move|p2a: Slowbro|Scald|p1a: Raging Bolt
|-resisted|p1a: Raging Bolt
|-damage|p1a: Raging Bolt|90/100
|-status|p1a: Raging Bolt|brn
|
|-damage|p1a: Raging Bolt|84/100 brn|[from] brn
|upkeep
|turn|59
|
|t:|1757898465
|switch|p2a: Blissey|Blissey, F|83/100
|move|p1a: Raging Bolt|Thunderbolt|p2a: Blissey
|-damage|p2a: Blissey|67/100
|
|-damage|p1a: Raging Bolt|78/100 brn|[from] brn
|upkeep
|turn|60
|
|t:|1757898469
|-end|p1a: Raging Bolt|Protosynthesis|[silent]
|switch|p1a: Gholdengo|Gholdengo|52/100
|move|p2a: Blissey|Metronome|p2a: Blissey
|move|p2a: Blissey|Burn Up||[from] move: Metronome|[still]
|-fail|p2a: Blissey|move: Burn Up
|
|upkeep
|turn|61
|
|t:|1757898473
|move|p1a: Gholdengo|Nasty Plot|p1a: Gholdengo
|-boost|p1a: Gholdengo|spa|2
|move|p2a: Blissey|Calm Mind|p2a: Blissey
|-boost|p2a: Blissey|spa|1
|-boost|p2a: Blissey|spd|1
|
|upkeep
|turn|62
|
|t:|1757898475
|move|p1a: Gholdengo|Nasty Plot|p1a: Gholdengo
|-boost|p1a: Gholdengo|spa|2
|move|p2a: Blissey|Shadow Ball|p1a: Gholdengo
|-supereffective|p1a: Gholdengo
|-damage|p1a: Gholdengo|12/100
|
|upkeep
|turn|63
|
|t:|1757898478
|move|p1a: Gholdengo|Recover|p1a: Gholdengo
|-heal|p1a: Gholdengo|62/100
|move|p2a: Blissey|Shadow Ball|p1a: Gholdengo
|-supereffective|p1a: Gholdengo
|-damage|p1a: Gholdengo|16/100
|-unboost|p1a: Gholdengo|spd|1
|
|upkeep
|turn|64
|
|t:|1757898482
|switch|p1a: Zamazenta|Zamazenta|68/100
|move|p2a: Blissey|Shadow Ball|p1a: Zamazenta
|-damage|p1a: Zamazenta|50/100
|
|-heal|p1a: Zamazenta|56/100|[from] item: Leftovers
|upkeep
|turn|65
|
|t:|1757898487
|switch|p1a: Gholdengo|Gholdengo|16/100
|switch|p2a: Tornadus|Tornadus-Therian, M|100/100
|
|upkeep
|turn|66
|
|t:|1757898491
|move|p2a: Tornadus|Knock Off|p1a: Gholdengo
|-supereffective|p1a: Gholdengo
|-damage|p1a: Gholdengo|0 fnt
|faint|p1a: Gholdengo
|
|upkeep
|-message|ABraviousTinkaton forfeited.
|
|win|mathismathin
|raw|ABraviousTinkaton's rating: 1558 &rarr; <strong>1541</strong><br />(-17 for losing)
|raw|mathismathin's rating: 1604 &rarr; <strong>1621</strong><br />(+17 for winning)
|l|☆ABraviousTinkaton
|player|p1|
|l|☆mathismathin
|player|p2|
|l| sniper20657
