|j|☆lv0ry
|j|☆player jack
|t:|1757934490
|gametype|singles
|player|p1|lv0ry|1|1307
|player|p2|player jack|roxie|1300
|gen|9
|tier|[Gen 9] OU
|rated|
|rule|HP Percentage Mod: HP is shown in percentages
|rule|Endless Battle Clause: Forcing endless battles is banned
|rule|Species Clause: Limit one of each Pokémon
|rule|OHKO Clause: OHKO moves are banned
|rule|Evasion Items Clause: Evasion items are banned
|rule|Evasion Moves Clause: Evasion moves are banned
|rule|Evasion Abilities Clause: Evasion abilities are banned
|rule|Sleep Moves Clause: Sleep-inducing moves are banned
|clearpoke
|poke|p1|Eelektross, F|
|poke|p1|Deoxys-Speed|
|poke|p1|Iron Valiant|
|poke|p1|Pecharunt|
|poke|p1|Dragonite, F|
|poke|p1|Kingambit, F|
|poke|p2|Araquanid, F|
|poke|p2|Rillaboom, F|
|poke|p2|Pikachu, F|
|poke|p2|Scream Tail|
|poke|p2|Zoroark-Hisui, F|
|poke|p2|Corviknight, F|
|teampreview
|inactive|Battle timer is ON: inactive players will automatically lose when time's up. (requested by lv0ry)
|
|t:|1757934516
|teamsize|p1|6
|teamsize|p2|6
|start
|switch|p1a: Deoxys|Deoxys-Speed|100/100
|switch|p2a: Rillaboom|Rillaboom, F, shiny|100/100
|-ability|p1a: Deoxys|Pressure
|-fieldstart|move: Grassy Terrain|[from] ability: Grassy Surge|[of] p2a: Rillaboom
|turn|1
|
|t:|1757934527
|move|p2a: Rillaboom|Grassy Glide|p1a: Deoxys
|-damage|p1a: Deoxys|63/100
|move|p1a: Deoxys|Reflect|p1a: Deoxys
|-sidestart|p1: lv0ry|Reflect
|
|-heal|p1a: Deoxys|68/100|[from] Grassy Terrain
|upkeep
|turn|2
|
|t:|1757934535
|move|p1a: Deoxys|Light Screen|p1a: Deoxys
|-sidestart|p1: lv0ry|move: Light Screen
|move|p2a: Rillaboom|U-turn|p1a: Deoxys
|-supereffective|p1a: Deoxys
|-damage|p1a: Deoxys|43/100
|
|t:|1757934544
|switch|p2a: Araquanid|Araquanid, F, shiny|100/100|[from] U-turn
|
|-heal|p1a: Deoxys|49/100|[from] Grassy Terrain
|upkeep
|turn|3
|
|t:|1757934550
|move|p1a: Deoxys|Taunt|p2a: Araquanid
|-start|p2a: Araquanid|move: Taunt
|cant|p2a: Araquanid|move: Taunt|Sticky Web
|
|-heal|p1a: Deoxys|55/100|[from] Grassy Terrain
|upkeep
|turn|4
|
|t:|1757934557
|move|p1a: Deoxys|Stealth Rock|p2a: Araquanid
|-sidestart|p2: player jack|move: Stealth Rock
|move|p2a: Araquanid|Liquidation|p1a: Deoxys
|-damage|p1a: Deoxys|15/100
|
|-heal|p1a: Deoxys|21/100|[from] Grassy Terrain
|upkeep
|turn|5
|
|t:|1757934566
|switch|p1a: Eelektross|Eelektross, F|100/100
|move|p2a: Araquanid|Liquidation|p1a: Eelektross
|-damage|p1a: Eelektross|62/100
|
|-heal|p1a: Eelektross|68/100|[from] item: Leftovers
|-end|p2a: Araquanid|move: Taunt
|upkeep
|turn|6
|
|t:|1757934575
|move|p2a: Araquanid|Endure|p2a: Araquanid
|-singleturn|p2a: Araquanid|move: Endure
|move|p1a: Eelektross|Coil|p1a: Eelektross
|-boost|p1a: Eelektross|atk|1
|-boost|p1a: Eelektross|def|1
|-boost|p1a: Eelektross|accuracy|1
|
|-heal|p1a: Eelektross|74/100|[from] item: Leftovers
|upkeep
|turn|7
|
|t:|1757934586
|switch|p2a: Pikachu|Pikachu, F, shiny|100/100
|-damage|p2a: Pikachu|88/100|[from] Stealth Rock
|move|p1a: Eelektross|Coil|p1a: Eelektross
|-boost|p1a: Eelektross|atk|1
|-boost|p1a: Eelektross|def|1
|-boost|p1a: Eelektross|accuracy|1
|
|-heal|p2a: Pikachu|94/100|[from] Grassy Terrain
|-heal|p1a: Eelektross|80/100|[from] item: Leftovers
|upkeep
|turn|8
|
|t:|1757934596
|move|p2a: Pikachu|Knock Off|p1a: Eelektross
|-crit|p1a: Eelektross
|-damage|p1a: Eelektross|17/100
|-enditem|p1a: Eelektross|Leftovers|[from] move: Knock Off|[of] p2a: Pikachu
|move|p1a: Eelektross|Dragon Tail|p2a: Pikachu
|-damage|p2a: Pikachu|0 fnt
|faint|p2a: Pikachu
|
|-sideend|p1: lv0ry|Reflect
|-fieldend|move: Grassy Terrain
|upkeep
|
|t:|1757934608
|switch|p2a: Araquanid|Araquanid, F, shiny|100/100
|-damage|p2a: Araquanid|88/100|[from] Stealth Rock
|turn|9
|
|t:|1757934612
|move|p2a: Araquanid|Shadow Ball|p1a: Eelektross
|-damage|p1a: Eelektross|0 fnt
|faint|p1a: Eelektross
|
|-sideend|p1: lv0ry|move: Light Screen
|upkeep
|
|t:|1757934624
|switch|p1a: Deoxys|Deoxys-Speed|21/100
|-ability|p1a: Deoxys|Pressure
|turn|10
|
|t:|1757934634
|move|p1a: Deoxys|Light Screen|p1a: Deoxys
|-sidestart|p1: lv0ry|move: Light Screen
|move|p2a: Araquanid|Shadow Ball|p1a: Deoxys
|-supereffective|p1a: Deoxys
|-damage|p1a: Deoxys|0 fnt
|faint|p1a: Deoxys
|
|upkeep
|
|t:|1757934651
|switch|p1a: Kingambit|Kingambit, F|100/100
|-activate|p1a: Kingambit|ability: Supreme Overlord
|-start|p1a: Kingambit|fallen2|[silent]
|turn|11
|
|t:|1757934658
|move|p2a: Araquanid|Substitute|p2a: Araquanid
|-start|p2a: Araquanid|Substitute
|-damage|p2a: Araquanid|63/100
|move|p1a: Kingambit|Kowtow Cleave|p2a: Araquanid
|-supereffective|p2a: Araquanid
|-end|p2a: Araquanid|Substitute
|
|upkeep
|turn|12
|
|t:|1757934666
|switch|p2a: Araquanid|Araquanid, F, shiny|100/100
|-damage|p2a: Araquanid|75/100|[from] Stealth Rock
|move|p1a: Kingambit|Kowtow Cleave|p2a: Araquanid
|-damage|p2a: Araquanid|9/100
|
|upkeep
|turn|13
|-enditem|p2a: Araquanid|Custap Berry|[eat]
|-activate|p2a: Araquanid|item: Custap Berry|[consumed]
|
|t:|1757934676
|move|p2a: Araquanid|Sticky Web|p1a: Kingambit
|-sidestart|p1: lv0ry|move: Sticky Web
|move|p1a: Kingambit|Kowtow Cleave|p2a: Araquanid
|-damage|p2a: Araquanid|0 fnt
|faint|p2a: Araquanid
|
|upkeep
|
|t:|1757934686
|switch|p2a: Scream Tail|Scream Tail, shiny|100/100
|-damage|p2a: Scream Tail|88/100|[from] Stealth Rock
|-enditem|p2a: Scream Tail|Booster Energy
|-activate|p2a: Scream Tail|ability: Protosynthesis|[fromitem]
|-start|p2a: Scream Tail|protosynthesisatk
|turn|14
|
|t:|1757934692
|-terastallize|p2a: Scream Tail|Fighting
|move|p2a: Scream Tail|Bulk Up|p2a: Scream Tail
|-boost|p2a: Scream Tail|atk|1
|-boost|p2a: Scream Tail|def|1
|move|p1a: Kingambit|Iron Head|p2a: Scream Tail
|-damage|p2a: Scream Tail|58/100
|
|upkeep
|turn|15
|
|t:|1757934703
|-end|p1a: Kingambit|fallen2|[silent]
|switch|p1a: Iron Valiant|Iron Valiant|100/100
|-activate|p1a: Iron Valiant|move: Sticky Web
|-unboost|p1a: Iron Valiant|spe|1
|-enditem|p1a: Iron Valiant|Booster Energy
|-activate|p1a: Iron Valiant|ability: Quark Drive|[fromitem]
|-start|p1a: Iron Valiant|quarkdrivespa
|move|p2a: Scream Tail|Drain Punch|p1a: Iron Valiant
|-resisted|p1a: Iron Valiant
|-damage|p1a: Iron Valiant|67/100
|-heal|p2a: Scream Tail|69/100|[from] drain|[of] p1a: Iron Valiant
|
|upkeep
|turn|16
|
|t:|1757934714
|move|p2a: Scream Tail|Play Rough|p1a: Iron Valiant
|-supereffective|p1a: Iron Valiant
|-damage|p1a: Iron Valiant|0 fnt
|faint|p1a: Iron Valiant
|-end|p1a: Iron Valiant|Quark Drive|[silent]
|
|upkeep
|
|t:|1757934728
|switch|p1a: Pecharunt|Pecharunt|100/100
|turn|17
|
|t:|1757934734
|-end|p2a: Scream Tail|Protosynthesis|[silent]
|switch|p2a: Corviknight|Corviknight, F, shiny|100/100
|-damage|p2a: Corviknight|88/100|[from] Stealth Rock
|move|p1a: Pecharunt|Malignant Chain|p2a: Corviknight
|-immune|p2a: Corviknight
|
|-heal|p2a: Corviknight|94/100|[from] item: Leftovers
|-sideend|p1: lv0ry|move: Light Screen
|upkeep
|turn|18
|
|t:|1757934744
|move|p1a: Pecharunt|Nasty Plot|p1a: Pecharunt
|-boost|p1a: Pecharunt|spa|2
|move|p2a: Corviknight|U-turn|p1a: Pecharunt
|-resisted|p1a: Pecharunt
|-damage|p1a: Pecharunt|98/100
|
|t:|1757934748
|switch|p2a: Corviknight|Corviknight, F, shiny|63/100|[from] U-turn
|-damage|p2a: Corviknight|51/100|[from] Stealth Rock
|
|upkeep
|turn|19
|
|t:|1757934771
|move|p2a: Corviknight|Shadow Ball|p1a: Pecharunt
|-supereffective|p1a: Pecharunt
|-damage|p1a: Pecharunt|10/100
|move|p1a: Pecharunt|Shadow Ball|p2a: Corviknight
|-immune|p2a: Corviknight
|
|upkeep
|turn|20
|
|t:|1757934783
|move|p2a: Corviknight|Shadow Ball|p1a: Pecharunt
|-supereffective|p1a: Pecharunt
|-damage|p1a: Pecharunt|0 fnt
|faint|p1a: Pecharunt
|
|upkeep
|
|t:|1757934790
|switch|p1a: Kingambit|Kingambit, F|100/100
|-activate|p1a: Kingambit|move: Sticky Web
|-unboost|p1a: Kingambit|spe|1
|-activate|p1a: Kingambit|ability: Supreme Overlord
|-start|p1a: Kingambit|fallen4|[silent]
|turn|21
|
|t:|1757934802
|switch|p2a: Corviknight|Corviknight, F, shiny|94/100
|-damage|p2a: Corviknight|82/100|[from] Stealth Rock
|move|p1a: Kingambit|Kowtow Cleave|p2a: Corviknight
|-damage|p2a: Corviknight|36/100
|
|-heal|p2a: Corviknight|42/100|[from] item: Leftovers
|upkeep
|turn|22
|
|t:|1757934812
|-terastallize|p1a: Kingambit|Ghost
|move|p2a: Corviknight|Roost|p2a: Corviknight
|-heal|p2a: Corviknight|92/100
|-singleturn|p2a: Corviknight|move: Roost
|move|p1a: Kingambit|Kowtow Cleave|p2a: Corviknight
|-damage|p2a: Corviknight|49/100
|
|-heal|p2a: Corviknight|55/100|[from] item: Leftovers
|upkeep
|turn|23
|
|t:|1757934823
|move|p2a: Corviknight|U-turn|p1a: Kingambit
|-resisted|p1a: Kingambit
|-damage|p1a: Kingambit|95/100
|
|t:|1757934830
|switch|p2a: Rillaboom|Rillaboom, F, shiny|100/100|[from] U-turn
|-damage|p2a: Rillaboom|88/100|[from] Stealth Rock
|-fieldstart|move: Grassy Terrain|[from] ability: Grassy Surge|[of] p2a: Rillaboom
|move|p1a: Kingambit|Swords Dance|p1a: Kingambit
|-boost|p1a: Kingambit|atk|2
|
|-heal|p2a: Rillaboom|94/100|[from] Grassy Terrain
|-heal|p1a: Kingambit|100/100|[from] Grassy Terrain
|upkeep
|turn|24
|
|t:|1757934842
|move|p2a: Rillaboom|Swords Dance|p2a: Rillaboom
|-boost|p2a: Rillaboom|atk|2
|move|p1a: Kingambit|Kowtow Cleave|p2a: Rillaboom
|-damage|p2a: Rillaboom|0 fnt
|faint|p2a: Rillaboom
|
|upkeep
|
|t:|1757934853
|switch|p2a: Scream Tail|Scream Tail, shiny|51/100
|-damage|p2a: Scream Tail|39/100|[from] Stealth Rock
|-start|p2a: Scream Tail|typechange|Fighting|[silent]
|turn|25
|
|t:|1757934860
|move|p2a: Scream Tail|Shadow Ball|p1a: Kingambit
|-supereffective|p1a: Kingambit
|-damage|p1a: Kingambit|22/100
|move|p1a: Kingambit|Kowtow Cleave|p2a: Scream Tail
|-supereffective|p2a: Scream Tail
|-damage|p2a: Scream Tail|0 fnt
|replace|p2a: Zoroark|Zoroark-Hisui, F, shiny
|-end|p2a: Zoroark|Illusion
|faint|p2a: Zoroark
|
|-heal|p1a: Kingambit|28/100|[from] Grassy Terrain
|upkeep
|
|t:|1757934866
|switch|p2a: Scream Tail|Scream Tail, shiny, tera:Fighting|69/100
|-damage|p2a: Scream Tail|63/100|[from] Stealth Rock
|turn|26
|
|t:|1757934876
|move|p2a: Scream Tail|Crunch|p1a: Kingambit
|-supereffective|p1a: Kingambit
|-damage|p1a: Kingambit|0 fnt
|faint|p1a: Kingambit
|-end|p1a: Kingambit|fallen4|[silent]
|
|-heal|p2a: Scream Tail|69/100|[from] Grassy Terrain
|upkeep
|
|t:|1757934885
|switch|p1a: Dragonite|Dragonite, F|100/100
|turn|27
|
|t:|1757934891
|move|p1a: Dragonite|Earthquake|p2a: Scream Tail
|-damage|p2a: Scream Tail|53/100
|move|p2a: Scream Tail|Play Rough|p1a: Dragonite
|-supereffective|p1a: Dragonite
|-damage|p1a: Dragonite|65/100
|-unboost|p1a: Dragonite|atk|1
|
|-heal|p2a: Scream Tail|59/100|[from] Grassy Terrain
|upkeep
|turn|28
|l|☆lv0ry
|inactive|lv0ry disconnected and has a minute to reconnect!
|player|p1|
|inactive|lv0ry has 30 seconds to reconnect!
|inactive|lv0ry has 20 seconds to reconnect!
|inactive|lv0ry has 15 seconds to reconnect!
|inactive|lv0ry has 10 seconds to reconnect!
|inactive|lv0ry has 5 seconds to reconnect!
|-message|lv0ry lost due to inactivity.
|
|win|player jack
|raw|lv0ry's rating: 1307 &rarr; <strong>1287</strong><br />(-20 for losing)
|raw|player jack's rating: 1300 &rarr; <strong>1326</strong><br />(+26 for winning)
|l|☆player jack
|player|p2|
