|j|☆almighty shiest
|j|☆tscher
|t:|1757833594
|gametype|singles
|player|p1|almighty shiest|guzma|1263
|player|p2|tscher|102|1333
|gen|9
|tier|[Gen 9] OU
|rated|
|rule|HP Percentage Mod: HP is shown in percentages
|rule|Endless Battle Clause: Forcing endless battles is banned
|rule|Species Clause: Limit one of each Pokémon
|rule|OHKO Clause: OHKO moves are banned
|rule|Evasion Items Clause: Evasion items are banned
|rule|Evasion Moves Clause: Evasion moves are banned
|rule|Evasion Abilities Clause: Evasion abilities are banned
|rule|Sleep Moves Clause: Sleep-inducing moves are banned
|clearpoke
|poke|p1|Dragapult, M|
|poke|p1|Glimmora, M|
|poke|p1|Comfey, M|
|poke|p1|Kingambit, M|
|poke|p1|Ogerpon-Wellspring, F|
|poke|p1|Blaziken, M|
|poke|p2|Appletun, M|
|poke|p2|Ogerpon, F|
|poke|p2|Slowking-Galar, F|
|poke|p2|Oricorio-Sensu, F|
|poke|p2|Primarina, F|
|poke|p2|Kingambit, F|
|teampreview
|inactive|Battle timer is ON: inactive players will automatically lose when time's up. (requested by almighty shiest)
|
|t:|1757833603
|teamsize|p1|6
|teamsize|p2|6
|start
|switch|p1a: Ogerpon|Ogerpon-Wellspring, F|100/100
|switch|p2a: Ogerpon|Ogerpon, F|100/100
|turn|1
|
|t:|1757833619
|move|p2a: Ogerpon|Ivy Cudgel|p1a: Ogerpon
|-damage|p1a: Ogerpon|33/100
|move|p1a: Ogerpon|U-turn|p2a: Ogerpon
|-supereffective|p2a: Ogerpon
|-damage|p2a: Ogerpon|32/100
|
|t:|1757833631
|switch|p1a: Comfey|Comfey, M|100/100|[from] U-turn
|
|upkeep
|turn|2
|
|t:|1757833644
|switch|p2a: Slowking|Slowking-Galar, F|100/100
|move|p1a: Comfey|Calm Mind|p1a: Comfey
|-boost|p1a: Comfey|spa|1
|-boost|p1a: Comfey|spd|1
|
|upkeep
|turn|3
|j| DontTryMelol
|
|t:|1757833659
|move|p1a: Comfey|Calm Mind|p1a: Comfey
|-boost|p1a: Comfey|spa|1
|-boost|p1a: Comfey|spd|1
|move|p2a: Slowking|Sludge Bomb|p1a: Comfey
|-supereffective|p1a: Comfey
|-damage|p1a: Comfey|43/100
|-status|p1a: Comfey|psn
|
|-damage|p1a: Comfey|31/100 psn|[from] psn
|upkeep
|turn|4
|
|t:|1757833668
|-terastallize|p1a: Comfey|Ground
|move|p1a: Comfey|Tera Blast|p2a: Slowking|[anim] Tera Blast Ground
|-supereffective|p2a: Slowking
|-damage|p2a: Slowking|0 fnt
|faint|p2a: Slowking
|-damage|p1a: Comfey|21/100 psn|[from] item: Life Orb
|
|-damage|p1a: Comfey|8/100 psn|[from] psn
|upkeep
|
|t:|1757833683
|switch|p2a: Oricorio|Oricorio-Sensu, F|100/100
|turn|5
|
|t:|1757833687
|move|p1a: Comfey|Draining Kiss|p2a: Oricorio
|-damage|p2a: Oricorio|27/100
|-heal|p1a: Comfey|88/100 psn|[from] drain|[of] p2a: Oricorio
|-damage|p1a: Comfey|78/100 psn|[from] item: Life Orb
|move|p2a: Oricorio|Quiver Dance|p2a: Oricorio
|-boost|p2a: Oricorio|spa|1
|-boost|p2a: Oricorio|spd|1
|-boost|p2a: Oricorio|spe|1
|
|-damage|p1a: Comfey|66/100 psn|[from] psn
|upkeep
|turn|6
|
|t:|1757833700
|move|p1a: Comfey|Draining Kiss|p2a: Oricorio
|-damage|p2a: Oricorio|0 fnt
|-heal|p1a: Comfey|95/100 psn|[from] drain|[of] p2a: Oricorio
|faint|p2a: Oricorio
|-damage|p1a: Comfey|85/100 psn|[from] item: Life Orb
|
|-damage|p1a: Comfey|73/100 psn|[from] psn
|upkeep
|
|t:|1757833708
|switch|p2a: Primarina|Primarina, F|100/100
|turn|7
|
|t:|1757833713
|move|p1a: Comfey|Giga Drain|p2a: Primarina
|-supereffective|p2a: Primarina
|-damage|p2a: Primarina|1/100
|-heal|p1a: Comfey|100/100 psn|[from] drain|[of] p2a: Primarina
|-damage|p1a: Comfey|91/100 psn|[from] item: Life Orb
|move|p2a: Primarina|Psychic Noise|p1a: Comfey
|-supereffective|p1a: Comfey
|-damage|p1a: Comfey|34/100 psn
|-start|p1a: Comfey|move: Heal Block
|
|-heal|p2a: Primarina|7/100|[from] item: Leftovers
|-damage|p1a: Comfey|21/100 psn|[from] psn
|upkeep
|turn|8
|
|t:|1757833734
|move|p1a: Comfey|Tera Blast|p2a: Primarina|[anim] Tera Blast Ground
|-damage|p2a: Primarina|0 fnt
|faint|p2a: Primarina
|-damage|p1a: Comfey|12/100 psn|[from] item: Life Orb
|
|-damage|p1a: Comfey|0 fnt|[from] psn
|faint|p1a: Comfey
|upkeep
|
|t:|1757833743
|switch|p1a: Dragapult|Dragapult, M|100/100
|switch|p2a: Ogerpon|Ogerpon, F|32/100
|turn|9
|
|t:|1757833756
|move|p1a: Dragapult|Flamethrower|p2a: Ogerpon
|-supereffective|p2a: Ogerpon
|-damage|p2a: Ogerpon|0 fnt
|faint|p2a: Ogerpon
|-damage|p1a: Dragapult|91/100|[from] item: Life Orb
|
|upkeep
|
|t:|1757833758
|switch|p2a: Appletun|Appletun, M|100/100
|turn|10
|
|t:|1757833764
|move|p1a: Dragapult|Dragon Darts|p2a: Appletun
|-supereffective|p2a: Appletun
|-damage|p2a: Appletun|63/100
|-anim|p1a: Dragapult|Dragon Darts|p2a: Appletun
|-supereffective|p2a: Appletun
|-damage|p2a: Appletun|24/100
|-damage|p1a: Dragapult|81/100|[from] item: Life Orb
|move|p2a: Appletun|Iron Defense|p2a: Appletun
|-boost|p2a: Appletun|def|2
|
|-heal|p2a: Appletun|30/100|[from] item: Leftovers
|upkeep
|turn|11
|c|☆almighty shiest|ez
|
|t:|1757833789
|move|p1a: Dragapult|Dragon Darts|p2a: Appletun
|-supereffective|p2a: Appletun
|-damage|p2a: Appletun|11/100
|-anim|p1a: Dragapult|Dragon Darts|p2a: Appletun
|-supereffective|p2a: Appletun
|-damage|p2a: Appletun|0 fnt
|faint|p2a: Appletun
|-damage|p1a: Dragapult|71/100|[from] item: Life Orb
|
|upkeep
|
|t:|1757833792
|switch|p2a: Kingambit|Kingambit, F|100/100
|-activate|p2a: Kingambit|ability: Supreme Overlord
|-start|p2a: Kingambit|fallen5|[silent]
|-item|p2a: Kingambit|Air Balloon
|turn|12
|
|t:|1757833800
|move|p1a: Dragapult|Flamethrower|p2a: Kingambit
|-supereffective|p2a: Kingambit
|-damage|p2a: Kingambit|34/100
|-status|p2a: Kingambit|brn
|-enditem|p2a: Kingambit|Air Balloon
|-damage|p1a: Dragapult|61/100|[from] item: Life Orb
|move|p2a: Kingambit|Kowtow Cleave|p1a: Dragapult
|-supereffective|p1a: Dragapult
|-damage|p1a: Dragapult|0 fnt
|faint|p1a: Dragapult
|
|-damage|p2a: Kingambit|27/100 brn|[from] brn
|upkeep
|-message|tscher forfeited.
|
|win|almighty shiest
|raw|almighty shiest's rating: 1263 &rarr; <strong>1293</strong><br />(+30 for winning)
|raw|tscher's rating: 1333 &rarr; <strong>1309</strong><br />(-24 for losing)
|l|☆tscher
|player|p2|
|c|☆almighty shiest|lol
|l|☆almighty shiest
|player|p1|
|l| DontTryMelol
