|j|☆jacksonjsr
|j|☆chessmaster 2000
|t:|1757909169
|gametype|singles
|player|p1|jacksonjsr|102|1199
|player|p2|chessmaster 2000|scientist-gen4|1227
|gen|9
|tier|[Gen 9] OU
|rated|
|rule|HP Percentage Mod: HP is shown in percentages
|rule|Endless Battle Clause: Forcing endless battles is banned
|rule|Species Clause: Limit one of each Pokémon
|rule|OHKO Clause: OHKO moves are banned
|rule|Evasion Items Clause: Evasion items are banned
|rule|Evasion Moves Clause: Evasion moves are banned
|rule|Evasion Abilities Clause: Evasion abilities are banned
|rule|Sleep Moves Clause: Sleep-inducing moves are banned
|clearpoke
|poke|p1|Garchomp, M|
|poke|p1|Ninetales-Alola, F|
|poke|p1|Volcanion|
|poke|p1|Corviknight, M|
|poke|p1|Iron Hands|
|poke|p1|Mimikyu, M|
|poke|p2|Barraskewda, F|
|poke|p2|Raging Bolt|
|poke|p2|Pelipper, F|
|poke|p2|Tornadus-Therian, M|
|poke|p2|Ogerpon-Wellspring, F|
|poke|p2|Iron Treads|
|teampreview
|inactive|Battle timer is ON: inactive players will automatically lose when time's up. (requested by chessmaster 2000)
|
|t:|1757909180
|teamsize|p1|6
|teamsize|p2|6
|start
|switch|p1a: Ninetales|Ninetales-Alola, F|100/100
|switch|p2a: Iron Treads|Iron Treads|100/100
|-weather|Snowscape|[from] ability: Snow Warning|[of] p1a: Ninetales
|turn|1
|
|t:|1757909187
|move|p1a: Ninetales|Aurora Veil|p1a: Ninetales
|-sidestart|p1: jacksonjsr|move: Aurora Veil
|move|p2a: Iron Treads|Knock Off|p1a: Ninetales
|-resisted|p1a: Ninetales
|-damage|p1a: Ninetales|95/100
|-enditem|p1a: Ninetales|Light Clay|[from] move: Knock Off|[of] p2a: Iron Treads
|
|-weather|Snowscape|[upkeep]
|upkeep
|turn|2
|
|t:|1757909195
|move|p1a: Ninetales|Freeze-Dry|p2a: Iron Treads
|-damage|p2a: Iron Treads|81/100
|move|p2a: Iron Treads|Stealth Rock|p1a: Ninetales
|-sidestart|p1: jacksonjsr|move: Stealth Rock
|
|-weather|Snowscape|[upkeep]
|-heal|p2a: Iron Treads|87/100|[from] item: Leftovers
|upkeep
|turn|3
|
|t:|1757909205
|move|p1a: Ninetales|Encore|p2a: Iron Treads
|-start|p2a: Iron Treads|Encore
|move|p2a: Iron Treads|Stealth Rock||[still]
|-fail|p2a: Iron Treads
|
|-weather|Snowscape|[upkeep]
|-heal|p2a: Iron Treads|93/100|[from] item: Leftovers
|upkeep
|turn|4
|
|t:|1757909222
|switch|p1a: Corviknight|Corviknight, M, shiny|100/100
|-damage|p1a: Corviknight|88/100|[from] Stealth Rock
|-end|p2a: Iron Treads|Quark Drive|[silent]
|switch|p2a: Tornadus|Tornadus-Therian, M|100/100
|
|-weather|Snowscape|[upkeep]
|-heal|p1a: Corviknight|94/100|[from] item: Leftovers
|upkeep
|turn|5
|
|t:|1757909232
|move|p2a: Tornadus|U-turn|p1a: Corviknight
|-resisted|p1a: Corviknight
|-damage|p1a: Corviknight|93/100
|
|t:|1757909238
|switch|p2a: Raging Bolt|Raging Bolt|100/100|[from] U-turn
|move|p1a: Corviknight|Defog|p2a: Raging Bolt
|-unboost|p2a: Raging Bolt|evasion|1
|-sideend|p1: jacksonjsr|Stealth Rock|[from] move: Defog|[of] p1a: Corviknight
|
|-weather|none
|-heal|p1a: Corviknight|99/100|[from] item: Leftovers
|upkeep
|turn|6
|
|t:|1757909262
|move|p2a: Raging Bolt|Dragon Pulse|p1a: Corviknight
|-resisted|p1a: Corviknight
|-damage|p1a: Corviknight|86/100
|move|p1a: Corviknight|Body Press|p2a: Raging Bolt
|-damage|p2a: Raging Bolt|79/100
|
|-heal|p2a: Raging Bolt|85/100|[from] item: Leftovers
|-heal|p1a: Corviknight|92/100|[from] item: Leftovers
|upkeep
|turn|7
|
|t:|1757909270
|move|p2a: Raging Bolt|Dragon Pulse|p1a: Corviknight
|-resisted|p1a: Corviknight
|-damage|p1a: Corviknight|80/100
|move|p1a: Corviknight|Iron Defense|p1a: Corviknight
|-boost|p1a: Corviknight|def|2
|
|-heal|p2a: Raging Bolt|91/100|[from] item: Leftovers
|-heal|p1a: Corviknight|86/100|[from] item: Leftovers
|upkeep
|turn|8
|
|t:|1757909277
|move|p2a: Raging Bolt|Volt Switch|p1a: Corviknight
|-supereffective|p1a: Corviknight
|-damage|p1a: Corviknight|41/100
|
|t:|1757909281
|-end|p2a: Raging Bolt|Protosynthesis|[silent]
|switch|p2a: Pelipper|Pelipper, F|100/100|[from] Volt Switch
|-weather|RainDance|[from] ability: Drizzle|[of] p2a: Pelipper
|move|p1a: Corviknight|Iron Defense|p1a: Corviknight
|-boost|p1a: Corviknight|def|2
|
|-weather|RainDance|[upkeep]
|-heal|p1a: Corviknight|48/100|[from] item: Leftovers
|-sideend|p1: jacksonjsr|move: Aurora Veil
|upkeep
|turn|9
|
|t:|1757909291
|move|p1a: Corviknight|Body Press|p2a: Pelipper
|-resisted|p2a: Pelipper
|-damage|p2a: Pelipper|62/100
|move|p2a: Pelipper|U-turn|p1a: Corviknight
|-resisted|p1a: Corviknight
|-damage|p1a: Corviknight|47/100
|
|t:|1757909296
|switch|p2a: Raging Bolt|Raging Bolt|91/100|[from] U-turn
|
|-weather|RainDance|[upkeep]
|-heal|p2a: Raging Bolt|97/100|[from] item: Leftovers
|-heal|p1a: Corviknight|53/100|[from] item: Leftovers
|upkeep
|turn|10
|
|t:|1757909303
|switch|p1a: Ninetales|Ninetales-Alola, F|95/100
|-weather|Snowscape|[from] ability: Snow Warning|[of] p1a: Ninetales
|move|p2a: Raging Bolt|Volt Switch|p1a: Ninetales
|-damage|p1a: Ninetales|55/100
|
|t:|1757909307
|-end|p2a: Raging Bolt|Protosynthesis|[silent]
|switch|p2a: Pelipper|Pelipper, F|62/100|[from] Volt Switch
|-weather|RainDance|[from] ability: Drizzle|[of] p2a: Pelipper
|
|-weather|RainDance|[upkeep]
|upkeep
|turn|11
|
|t:|1757909313
|switch|p2a: Iron Treads|Iron Treads|93/100
|move|p1a: Ninetales|Aurora Veil||[still]
|-fail|p1a: Ninetales
|
|-weather|RainDance|[upkeep]
|-heal|p2a: Iron Treads|99/100|[from] item: Leftovers
|upkeep
|turn|12
|
|t:|1757909334
|switch|p1a: Corviknight|Corviknight, M, shiny|53/100
|move|p2a: Iron Treads|Earthquake|p1a: Corviknight
|-immune|p1a: Corviknight
|
|-weather|RainDance|[upkeep]
|-heal|p2a: Iron Treads|100/100|[from] item: Leftovers
|-heal|p1a: Corviknight|60/100|[from] item: Leftovers
|upkeep
|turn|13
|
|t:|1757909342
|move|p2a: Iron Treads|Knock Off|p1a: Corviknight
|-damage|p1a: Corviknight|43/100
|-enditem|p1a: Corviknight|Leftovers|[from] move: Knock Off|[of] p2a: Iron Treads
|move|p1a: Corviknight|Body Press|p2a: Iron Treads
|-supereffective|p2a: Iron Treads
|-damage|p2a: Iron Treads|62/100
|
|-weather|RainDance|[upkeep]
|-heal|p2a: Iron Treads|69/100|[from] item: Leftovers
|upkeep
|turn|14
|
|t:|1757909355
|-end|p2a: Iron Treads|Quark Drive|[silent]
|switch|p2a: Raging Bolt|Raging Bolt|97/100
|switch|p1a: Iron Hands|Iron Hands|100/100
|-enditem|p1a: Iron Hands|Booster Energy
|-activate|p1a: Iron Hands|ability: Quark Drive|[fromitem]
|-start|p1a: Iron Hands|quarkdriveatk
|
|-weather|RainDance|[upkeep]
|-heal|p2a: Raging Bolt|100/100|[from] item: Leftovers
|upkeep
|turn|15
|
|t:|1757909366
|move|p2a: Raging Bolt|Weather Ball|p1a: Iron Hands
|-damage|p1a: Iron Hands|51/100
|move|p1a: Iron Hands|Ice Punch|p2a: Raging Bolt
|-supereffective|p2a: Raging Bolt
|-damage|p2a: Raging Bolt|40/100
|
|-weather|RainDance|[upkeep]
|-heal|p2a: Raging Bolt|46/100|[from] item: Leftovers
|upkeep
|turn|16
|
|t:|1757909374
|move|p2a: Raging Bolt|Weather Ball|p1a: Iron Hands
|-crit|p1a: Iron Hands
|-damage|p1a: Iron Hands|0 fnt
|faint|p1a: Iron Hands
|-end|p1a: Iron Hands|Quark Drive|[silent]
|
|-weather|RainDance|[upkeep]
|-heal|p2a: Raging Bolt|52/100|[from] item: Leftovers
|upkeep
|
|t:|1757909380
|switch|p1a: Mimikyu|Mimikyu, M|100/100
|turn|17
|
|t:|1757909383
|move|p1a: Mimikyu|Swords Dance|p1a: Mimikyu
|-boost|p1a: Mimikyu|atk|2
|move|p2a: Raging Bolt|Volt Switch|p1a: Mimikyu
|-activate|p1a: Mimikyu|ability: Disguise
|-damage|p1a: Mimikyu|100/100
|detailschange|p1a: Mimikyu|Mimikyu-Busted, M
|-damage|p1a: Mimikyu|88/100|[from] pokemon: Mimikyu-Busted
|
|t:|1757909388
|-end|p2a: Raging Bolt|Protosynthesis|[silent]
|switch|p2a: Ogerpon|Ogerpon-Wellspring, F|100/100|[from] Volt Switch
|
|-weather|none
|upkeep
|turn|18
|
|t:|1757909403
|move|p1a: Mimikyu|Shadow Sneak|p2a: Ogerpon
|-damage|p2a: Ogerpon|43/100
|-damage|p1a: Mimikyu|78/100|[from] item: Life Orb
|move|p2a: Ogerpon|Ivy Cudgel|p1a: Mimikyu|[anim] Ivy Cudgel Water
|-damage|p1a: Mimikyu|0 fnt
|faint|p1a: Mimikyu
|
|upkeep
|
|t:|1757909410
|switch|p1a: Ninetales|Ninetales-Alola, F|55/100
|-weather|Snowscape|[from] ability: Snow Warning|[of] p1a: Ninetales
|turn|19
|
|t:|1757909418
|move|p1a: Ninetales|Freeze-Dry|p2a: Ogerpon
|-supereffective|p2a: Ogerpon
|-crit|p2a: Ogerpon
|-damage|p2a: Ogerpon|0 fnt
|faint|p2a: Ogerpon
|
|-weather|Snowscape|[upkeep]
|upkeep
|
|t:|1757909421
|switch|p2a: Pelipper|Pelipper, F|62/100
|-weather|RainDance|[from] ability: Drizzle|[of] p2a: Pelipper
|turn|20
|
|t:|1757909426
|switch|p2a: Iron Treads|Iron Treads|69/100
|move|p1a: Ninetales|Freeze-Dry|p2a: Iron Treads
|-damage|p2a: Iron Treads|47/100
|
|-weather|RainDance|[upkeep]
|-heal|p2a: Iron Treads|53/100|[from] item: Leftovers
|upkeep
|turn|21
|
|t:|1757909438
|switch|p1a: Corviknight|Corviknight, M, shiny|43/100
|move|p2a: Iron Treads|Stealth Rock|p1a: Corviknight
|-sidestart|p1: jacksonjsr|move: Stealth Rock
|
|-weather|RainDance|[upkeep]
|-heal|p2a: Iron Treads|59/100|[from] item: Leftovers
|upkeep
|turn|22
|
|t:|1757909444
|-end|p2a: Iron Treads|Quark Drive|[silent]
|switch|p2a: Tornadus|Tornadus-Therian, M|100/100
|move|p1a: Corviknight|Iron Defense|p1a: Corviknight
|-boost|p1a: Corviknight|def|2
|
|-weather|RainDance|[upkeep]
|upkeep
|turn|23
|
|t:|1757909451
|move|p2a: Tornadus|Weather Ball|p1a: Corviknight
|-damage|p1a: Corviknight|0 fnt
|faint|p1a: Corviknight
|
|-weather|RainDance|[upkeep]
|upkeep
|
|t:|1757909457
|switch|p1a: Volcanion|Volcanion|100/100
|-damage|p1a: Volcanion|75/100|[from] Stealth Rock
|turn|24
|
|t:|1757909467
|switch|p2a: Raging Bolt|Raging Bolt|52/100
|move|p1a: Volcanion|Steam Eruption|p2a: Raging Bolt
|-resisted|p2a: Raging Bolt
|-damage|p2a: Raging Bolt|10/100
|
|-weather|RainDance|[upkeep]
|-heal|p2a: Raging Bolt|16/100|[from] item: Leftovers
|-heal|p1a: Volcanion|82/100|[from] item: Leftovers
|upkeep
|turn|25
|
|t:|1757909483
|-terastallize|p1a: Volcanion|Ground
|move|p2a: Raging Bolt|Thunderclap|p1a: Volcanion
|-immune|p1a: Volcanion
|move|p1a: Volcanion|Tera Blast|p2a: Raging Bolt|[anim] Tera Blast Ground
|-supereffective|p2a: Raging Bolt
|-damage|p2a: Raging Bolt|0 fnt
|faint|p2a: Raging Bolt
|-end|p2a: Raging Bolt|Protosynthesis|[silent]
|
|-weather|RainDance|[upkeep]
|-heal|p1a: Volcanion|88/100|[from] item: Leftovers
|upkeep
|
|t:|1757909495
|switch|p2a: Tornadus|Tornadus-Therian, M|100/100
|turn|26
|
|t:|1757909500
|move|p2a: Tornadus|Hurricane|p1a: Volcanion
|-damage|p1a: Volcanion|7/100
|-start|p1a: Volcanion|confusion
|-activate|p1a: Volcanion|confusion
|move|p1a: Volcanion|Steam Eruption|p2a: Tornadus
|-damage|p2a: Tornadus|0 fnt
|faint|p2a: Tornadus
|
|-weather|RainDance|[upkeep]
|-heal|p1a: Volcanion|13/100|[from] item: Leftovers
|upkeep
|
|t:|1757909510
|switch|p2a: Iron Treads|Iron Treads|59/100
|turn|27
|
|t:|1757909523
|move|p2a: Iron Treads|Earthquake|p1a: Volcanion
|-damage|p1a: Volcanion|0 fnt
|faint|p1a: Volcanion
|
|-weather|none
|-heal|p2a: Iron Treads|66/100|[from] item: Leftovers
|upkeep
|
|t:|1757909529
|switch|p1a: Ninetales|Ninetales-Alola, F|55/100
|-damage|p1a: Ninetales|30/100|[from] Stealth Rock
|-weather|Snowscape|[from] ability: Snow Warning|[of] p1a: Ninetales
|turn|28
|
|t:|1757909537
|-end|p2a: Iron Treads|Quark Drive|[silent]
|switch|p2a: Pelipper|Pelipper, F|62/100
|-weather|RainDance|[from] ability: Drizzle|[of] p2a: Pelipper
|move|p1a: Ninetales|Freeze-Dry|p2a: Pelipper
|-supereffective|p2a: Pelipper
|-damage|p2a: Pelipper|0 fnt
|faint|p2a: Pelipper
|
|-weather|RainDance|[upkeep]
|upkeep
|
|t:|1757909543
|switch|p2a: Barraskewda|Barraskewda, F|100/100
|turn|29
|
|t:|1757909550
|move|p2a: Barraskewda|Flip Turn|p1a: Ninetales
|-damage|p1a: Ninetales|0 fnt
|faint|p1a: Ninetales
|
|t:|1757909553
|switch|p2a: Iron Treads|Iron Treads|66/100|[from] Flip Turn
|
|-weather|RainDance|[upkeep]
|-heal|p2a: Iron Treads|72/100|[from] item: Leftovers
|upkeep
|
|t:|1757909557
|switch|p1a: Garchomp|Garchomp, M|100/100
|-damage|p1a: Garchomp|94/100|[from] Stealth Rock
|turn|30
|
|t:|1757909565
|move|p2a: Iron Treads|Knock Off|p1a: Garchomp
|-damage|p1a: Garchomp|78/100
|-damage|p2a: Iron Treads|59/100|[from] ability: Rough Skin|[of] p1a: Garchomp
|-damage|p2a: Iron Treads|43/100|[from] item: Rocky Helmet|[of] p1a: Garchomp
|-enditem|p1a: Garchomp|Rocky Helmet|[from] move: Knock Off|[of] p2a: Iron Treads
|move|p1a: Garchomp|Earthquake|p2a: Iron Treads
|-supereffective|p2a: Iron Treads
|-damage|p2a: Iron Treads|0 fnt
|faint|p2a: Iron Treads
|-end|p2a: Iron Treads|Quark Drive|[silent]
|
|-weather|RainDance|[upkeep]
|upkeep
|
|t:|1757909572
|switch|p2a: Barraskewda|Barraskewda, F|100/100
|turn|31
|
|t:|1757909597
|-terastallize|p2a: Barraskewda|Water
|move|p2a: Barraskewda|Liquidation|p1a: Garchomp
|-damage|p1a: Garchomp|4/100
|-damage|p2a: Barraskewda|88/100|[from] ability: Rough Skin|[of] p1a: Garchomp
|move|p1a: Garchomp|Earthquake|p2a: Barraskewda
|-crit|p2a: Barraskewda
|-damage|p2a: Barraskewda|0 fnt
|faint|p2a: Barraskewda
|
|win|jacksonjsr
|raw|jacksonjsr's rating: 1199 &rarr; <strong>1226</strong><br />(+27 for winning)
|raw|chessmaster 2000's rating: 1227 &rarr; <strong>1200</strong><br />(-27 for losing)
|l|☆chessmaster 2000
|player|p2|
|l|☆jacksonjsr
|player|p1|
