|j|☆Johnnytravs1
|j|☆King_of_Blood_88
|t:|1757905808
|gametype|singles
|player|p1|Johnnytravs1|101|1134
|player|p2|King_of_Blood_88|wallace|1108
|gen|9
|tier|[Gen 9] OU
|rated|
|rule|HP Percentage Mod: HP is shown in percentages
|rule|Endless Battle Clause: Forcing endless battles is banned
|rule|Species Clause: Limit one of each Pokémon
|rule|OHKO Clause: OHKO moves are banned
|rule|Evasion Items Clause: Evasion items are banned
|rule|Evasion Moves Clause: Evasion moves are banned
|rule|Evasion Abilities Clause: Evasion abilities are banned
|rule|Sleep Moves Clause: Sleep-inducing moves are banned
|clearpoke
|poke|p1|Misdreavus, F|
|poke|p1|Primarina, F|
|poke|p1|Weavile, F|
|poke|p1|Corviknight, M|
|poke|p1|Weezing-Galar, F|
|poke|p1|Cinderace, F|
|poke|p2|Alcremie-Mint-Cream, F|
|poke|p2|Oricorio-Pom-Pom, M|
|poke|p2|Medicham, F|
|poke|p2|Furret, M|
|poke|p2|Heracross, M|
|poke|p2|Regirock|
|teampreview
|inactive|Battle timer is ON: inactive players will automatically lose when time's up. (requested by King_of_Blood_88)
|
|t:|1757905817
|teamsize|p1|6
|teamsize|p2|6
|start
|switch|p1a: Weavile|Weavile, F|100/100
|switch|p2a: Regirock|Regirock|100/100
|-ability|p1a: Weavile|Pressure
|turn|1
|
|t:|1757905833
|move|p1a: Weavile|Fake Out|p2a: Regirock
|-resisted|p2a: Regirock
|-damage|p2a: Regirock|97/100
|-damage|p1a: Weavile|91/100|[from] item: Life Orb
|cant|p2a: Regirock|flinch
|
|upkeep
|turn|2
|
|t:|1757905846
|switch|p1a: Primarina|Primarina, F|100/100
|move|p2a: Regirock|Thunder Wave|p1a: Primarina
|-status|p1a: Primarina|par
|
|upkeep
|turn|3
|
|t:|1757905854
|move|p2a: Regirock|Stealth Rock|p1a: Primarina
|-sidestart|p1: Johnnytravs1|move: Stealth Rock
|move|p1a: Primarina|Calm Mind|p1a: Primarina
|-boost|p1a: Primarina|spa|1
|-boost|p1a: Primarina|spd|1
|
|upkeep
|turn|4
|
|t:|1757905868
|move|p2a: Regirock|Explosion|p1a: Primarina
|-damage|p1a: Primarina|1/100 par
|faint|p2a: Regirock
|move|p1a: Primarina|Hyper Voice|p2: Regirock|[notarget]
|-fail|p1a: Primarina
|
|-heal|p1a: Primarina|7/100 par|[from] item: Leftovers
|upkeep
|
|t:|1757905887
|switch|p2a: Heracross|Heracross, M|100/100
|turn|5
|
|t:|1757905892
|move|p2a: Heracross|Trailblaze|p1a: Primarina
|-supereffective|p1a: Primarina
|-damage|p1a: Primarina|0 fnt
|-boost|p2a: Heracross|spe|1
|faint|p1a: Primarina
|-ability|p2a: Heracross|Moxie|boost
|-boost|p2a: Heracross|atk|1
|
|upkeep
|
|t:|1757905911
|switch|p1a: Weezing|Weezing-Galar, F|100/100
|-ability|p1a: Weezing|Neutralizing Gas
|-damage|p1a: Weezing|88/100|[from] Stealth Rock
|-item|p1a: Weezing|Air Balloon
|turn|6
|
|t:|1757905927
|move|p2a: Heracross|Rock Blast|p1a: Weezing|[miss]
|-miss|p2a: Heracross|p1a: Weezing
|move|p1a: Weezing|Clear Smog|p2a: Heracross
|-damage|p2a: Heracross|84/100
|-clearboost|p2a: Heracross
|
|upkeep
|turn|7
|
|t:|1757905937
|move|p2a: Heracross|Rock Blast|p1a: Weezing
|-damage|p1a: Weezing|80/100
|-enditem|p1a: Weezing|Air Balloon
|-damage|p1a: Weezing|72/100
|-damage|p1a: Weezing|65/100
|-damage|p1a: Weezing|57/100
|-damage|p1a: Weezing|50/100
|-hitcount|p1a: Weezing|5
|move|p1a: Weezing|Toxic Spikes|p2a: Heracross
|-sidestart|p2: King_of_Blood_88|move: Toxic Spikes
|
|upkeep
|turn|8
|
|t:|1757905951
|move|p2a: Heracross|Rock Blast|p1a: Weezing
|-damage|p1a: Weezing|43/100
|-damage|p1a: Weezing|36/100
|-damage|p1a: Weezing|28/100
|-damage|p1a: Weezing|21/100
|-damage|p1a: Weezing|13/100
|-hitcount|p1a: Weezing|5
|move|p1a: Weezing|Dazzling Gleam|p2a: Heracross
|-supereffective|p2a: Heracross
|-damage|p2a: Heracross|26/100
|
|upkeep
|turn|9
|
|t:|1757905963
|move|p2a: Heracross|Rock Blast|p1a: Weezing
|-damage|p1a: Weezing|5/100
|-damage|p1a: Weezing|0 fnt
|faint|p1a: Weezing
|-end|p1a: Weezing|ability: Neutralizing Gas
|-ability|p2a: Heracross|Moxie|boost
|-boost|p2a: Heracross|atk|1
|-hitcount|p1: Weezing|2
|
|upkeep
|
|t:|1757905968
|switch|p1a: Weavile|Weavile, F|91/100
|-damage|p1a: Weavile|66/100|[from] Stealth Rock
|-ability|p1a: Weavile|Pressure
|turn|10
|
|t:|1757905976
|move|p1a: Weavile|Fake Out|p2a: Heracross
|-damage|p2a: Heracross|2/100
|-damage|p1a: Weavile|56/100|[from] item: Life Orb
|cant|p2a: Heracross|flinch
|
|upkeep
|turn|11
|
|t:|1757905985
|move|p1a: Weavile|Ice Shard|p2a: Heracross
|-damage|p2a: Heracross|0 fnt
|faint|p2a: Heracross
|-damage|p1a: Weavile|46/100|[from] item: Life Orb
|
|upkeep
|
|t:|1757905997
|switch|p2a: Medicham|Medicham, F, shiny|100/100
|-status|p2a: Medicham|psn
|turn|12
|
|t:|1757906014
|move|p2a: Medicham|Close Combat|p1a: Weavile
|-supereffective|p1a: Weavile
|-damage|p1a: Weavile|0 fnt
|-unboost|p2a: Medicham|def|1
|-unboost|p2a: Medicham|spd|1
|faint|p1a: Weavile
|
|-damage|p2a: Medicham|88/100 psn|[from] psn
|upkeep
|
|t:|1757906028
|switch|p1a: Corviknight|Corviknight, M|100/100
|-damage|p1a: Corviknight|88/100|[from] Stealth Rock
|turn|13
|
|t:|1757906033
|move|p2a: Medicham|Close Combat|p1a: Corviknight
|-damage|p1a: Corviknight|36/100
|-unboost|p2a: Medicham|def|1
|-unboost|p2a: Medicham|spd|1
|move|p1a: Corviknight|Bulk Up|p1a: Corviknight
|-boost|p1a: Corviknight|atk|1
|-boost|p1a: Corviknight|def|1
|
|-heal|p1a: Corviknight|42/100|[from] item: Leftovers
|-damage|p2a: Medicham|76/100 psn|[from] psn
|upkeep
|turn|14
|
|t:|1757906044
|move|p2a: Medicham|Close Combat|p1a: Corviknight
|-damage|p1a: Corviknight|8/100
|-unboost|p2a: Medicham|def|1
|-unboost|p2a: Medicham|spd|1
|move|p1a: Corviknight|Roost|p1a: Corviknight
|-heal|p1a: Corviknight|58/100
|-singleturn|p1a: Corviknight|move: Roost
|
|-heal|p1a: Corviknight|64/100|[from] item: Leftovers
|-damage|p2a: Medicham|64/100 psn|[from] psn
|upkeep
|turn|15
|
|t:|1757906058
|move|p2a: Medicham|Close Combat|p1a: Corviknight
|-damage|p1a: Corviknight|27/100
|-unboost|p2a: Medicham|def|1
|-unboost|p2a: Medicham|spd|1
|move|p1a: Corviknight|Bulk Up|p1a: Corviknight
|-boost|p1a: Corviknight|atk|1
|-boost|p1a: Corviknight|def|1
|
|-heal|p1a: Corviknight|33/100|[from] item: Leftovers
|-damage|p2a: Medicham|51/100 psn|[from] psn
|upkeep
|turn|16
|
|t:|1757906078
|-terastallize|p2a: Medicham|Fighting
|move|p2a: Medicham|Close Combat|p1a: Corviknight
|-damage|p1a: Corviknight|0 fnt
|-unboost|p2a: Medicham|def|1
|-unboost|p2a: Medicham|spd|1
|faint|p1a: Corviknight
|
|-damage|p2a: Medicham|39/100 psn|[from] psn
|upkeep
|
|t:|1757906099
|switch|p1a: Misdreavus|Misdreavus, F|100/100
|-damage|p1a: Misdreavus|88/100|[from] Stealth Rock
|turn|17
|
|t:|1757906106
|switch|p2a: Furret|Furret, M, shiny|100/100
|-status|p2a: Furret|psn
|-item|p1a: Misdreavus|Eviolite|[from] ability: Frisk|[of] p2a: Furret
|-terastallize|p1a: Misdreavus|Fairy
|move|p1a: Misdreavus|Calm Mind|p1a: Misdreavus
|-boost|p1a: Misdreavus|spa|1
|-boost|p1a: Misdreavus|spd|1
|
|-damage|p2a: Furret|88/100 psn|[from] psn
|upkeep
|turn|18
|
|t:|1757906118
|move|p2a: Furret|Tidy Up|p2a: Furret
|-sideend|p2: King_of_Blood_88|Toxic Spikes
|-sideend|p1: Johnnytravs1|Stealth Rock
|-activate|p2a: Furret|move: Tidy Up
|-boost|p2a: Furret|atk|1
|-boost|p2a: Furret|spe|1
|move|p1a: Misdreavus|Calm Mind|p1a: Misdreavus
|-boost|p1a: Misdreavus|spa|1
|-boost|p1a: Misdreavus|spd|1
|
|-damage|p2a: Furret|76/100 psn|[from] psn
|upkeep
|turn|19
|
|t:|1757906145
|move|p2a: Furret|Last Resort|p1a: Misdreavus
|-damage|p1a: Misdreavus|0 fnt
|faint|p1a: Misdreavus
|
|-damage|p2a: Furret|64/100 psn|[from] psn
|upkeep
|
|t:|1757906148
|switch|p1a: Cinderace|Cinderace, F|100/100
|turn|20
|
|t:|1757906156
|move|p2a: Furret|Last Resort|p1a: Cinderace
|-damage|p1a: Cinderace|0 fnt
|faint|p1a: Cinderace
|
|win|King_of_Blood_88
|raw|Johnnytravs1's rating: 1134 &rarr; <strong>1107</strong><br />(-27 for losing)
|raw|King_of_Blood_88's rating: 1108 &rarr; <strong>1135</strong><br />(+27 for winning)
|l|☆Johnnytravs1
|player|p1|
|l|☆King_of_Blood_88
|player|p2|
