|j|☆ABraviousTinkaton
|j|☆frazybalkany
|t:|1757853040
|gametype|singles
|player|p1|ABraviousTinkaton|miku-ice|1598
|player|p2|frazybalkany|1|1570
|gen|9
|tier|[Gen 9] OU
|rated|
|rule|HP Percentage Mod: HP is shown in percentages
|rule|Endless Battle Clause: Forcing endless battles is banned
|rule|Species Clause: Limit one of each Pokémon
|rule|OHKO Clause: OHKO moves are banned
|rule|Evasion Items Clause: Evasion items are banned
|rule|Evasion Moves Clause: Evasion moves are banned
|rule|Evasion Abilities Clause: Evasion abilities are banned
|rule|Sleep Moves Clause: Sleep-inducing moves are banned
|clearpoke
|poke|p1|Zamazenta-*|
|poke|p1|Kyurem|
|poke|p1|Slowking-Galar, M|
|poke|p1|Kingambit, M|
|poke|p1|Alomomola, M|
|poke|p1|Great Tusk|
|poke|p2|Torkoal, F|
|poke|p2|Dragapult, F|
|poke|p2|Iron Moth|
|poke|p2|Kingambit, M|
|poke|p2|Ceruledge, F|
|poke|p2|Staraptor, F|
|teampreview
|inactive|Battle timer is ON: inactive players will automatically lose when time's up. (requested by frazybalkany)
|
|t:|1757853061
|teamsize|p1|6
|teamsize|p2|6
|start
|switch|p1a: Zamazenta|Zamazenta|100/100
|switch|p2a: Staraptor|Staraptor, F|100/100
|-ability|p1a: Zamazenta|Dauntless Shield|boost
|-boost|p1a: Zamazenta|def|1
|turn|1
|
|t:|1757853070
|switch|p1a: Alomomola|Alomomola, M|100/100
|move|p2a: Staraptor|Final Gambit|p1a: Alomomola
|-damage|p1a: Alomomola|30/100
|faint|p2a: Staraptor
|
|upkeep
|
|t:|1757853073
|switch|p2a: Ceruledge|Ceruledge, F|100/100
|turn|2
|
|t:|1757853083
|move|p2a: Ceruledge|Swords Dance|p2a: Ceruledge
|-boost|p2a: Ceruledge|atk|2
|move|p1a: Alomomola|Scald|p2a: Ceruledge
|-supereffective|p2a: Ceruledge
|-damage|p2a: Ceruledge|65/100
|
|upkeep
|turn|3
|
|t:|1757853091
|move|p2a: Ceruledge|Bitter Blade|p1a: Alomomola
|-resisted|p1a: Alomomola
|-damage|p1a: Alomomola|7/100
|-heal|p2a: Ceruledge|87/100|[from] drain|[of] p1a: Alomomola
|move|p1a: Alomomola|Scald|p2a: Ceruledge
|-supereffective|p2a: Ceruledge
|-damage|p2a: Ceruledge|55/100
|
|upkeep
|turn|4
|
|t:|1757853094
|move|p2a: Ceruledge|Bitter Blade|p1a: Alomomola
|-resisted|p1a: Alomomola
|-damage|p1a: Alomomola|0 fnt
|-heal|p2a: Ceruledge|62/100|[from] drain|[of] p1a: Alomomola
|faint|p1a: Alomomola
|
|upkeep
|
|t:|1757853096
|switch|p1a: Kyurem|Kyurem|100/100
|-ability|p1a: Kyurem|Pressure
|turn|5
|
|t:|1757853101
|-terastallize|p2a: Ceruledge|Grass
|move|p1a: Kyurem|Earth Power|p2a: Ceruledge
|-resisted|p2a: Ceruledge
|-damage|p2a: Ceruledge|34/100
|move|p2a: Ceruledge|Bitter Blade|p1a: Kyurem
|-damage|p1a: Kyurem|16/100
|-heal|p2a: Ceruledge|91/100|[from] drain|[of] p1a: Kyurem
|
|upkeep
|turn|6
|
|t:|1757853111
|switch|p1a: Great Tusk|Great Tusk|100/100
|switch|p2a: Torkoal|Torkoal, F|100/100
|-weather|SunnyDay|[from] ability: Drought|[of] p2a: Torkoal
|-activate|p1a: Great Tusk|ability: Protosynthesis
|-start|p1a: Great Tusk|protosynthesisspe
|
|-weather|SunnyDay|[upkeep]
|upkeep
|turn|7
|
|t:|1757853116
|move|p1a: Great Tusk|Stealth Rock|p2a: Torkoal
|-sidestart|p2: frazybalkany|move: Stealth Rock
|move|p2a: Torkoal|Lava Plume|p1a: Great Tusk
|-damage|p1a: Great Tusk|49/100
|-status|p1a: Great Tusk|brn
|
|-weather|SunnyDay|[upkeep]
|-damage|p1a: Great Tusk|42/100 brn|[from] brn
|upkeep
|turn|8
|
|t:|1757853129
|-end|p1a: Great Tusk|Protosynthesis|[silent]
|switch|p1a: Slowking|Slowking-Galar, M|100/100
|move|p2a: Torkoal|Rapid Spin|p1a: Slowking
|-damage|p1a: Slowking|92/100
|-boost|p2a: Torkoal|spe|1
|-sideend|p2: frazybalkany|Stealth Rock|[from] move: Rapid Spin|[of] p2a: Torkoal
|
|-weather|SunnyDay|[upkeep]
|upkeep
|turn|9
|
|t:|1757853132
|move|p2a: Torkoal|Lava Plume|p1a: Slowking
|-damage|p1a: Slowking|70/100
|move|p1a: Slowking|Flamethrower|p2a: Torkoal
|-resisted|p2a: Torkoal
|-damage|p2a: Torkoal|80/100
|
|-weather|SunnyDay|[upkeep]
|upkeep
|turn|10
|
|t:|1757853136
|switch|p2a: Ceruledge|Ceruledge, F, tera:Grass|91/100
|move|p1a: Slowking|Sludge Bomb|p2a: Ceruledge
|-supereffective|p2a: Ceruledge
|-damage|p2a: Ceruledge|0 fnt
|faint|p2a: Ceruledge
|
|-weather|none
|upkeep
|
|t:|1757853145
|switch|p2a: Dragapult|Dragapult, F|100/100
|turn|11
|
|t:|1757853147
|move|p2a: Dragapult|Substitute|p2a: Dragapult
|-start|p2a: Dragapult|Substitute
|-damage|p2a: Dragapult|76/100
|move|p1a: Slowking|Ice Beam|p2a: Dragapult
|-supereffective|p2a: Dragapult
|-end|p2a: Dragapult|Substitute
|
|-heal|p2a: Dragapult|82/100|[from] item: Leftovers
|upkeep
|turn|12
|
|t:|1757853151
|move|p2a: Dragapult|Phantom Force||[still]
|-prepare|p2a: Dragapult|Phantom Force
|move|p1a: Slowking|Ice Beam|p2a: Dragapult|[miss]
|-miss|p1a: Slowking|p2a: Dragapult
|
|-heal|p2a: Dragapult|88/100|[from] item: Leftovers
|upkeep
|turn|13
|
|t:|1757853155
|switch|p1a: Kingambit|Kingambit, M|100/100
|-activate|p1a: Kingambit|ability: Supreme Overlord
|-start|p1a: Kingambit|fallen1|[silent]
|move|p2a: Dragapult|Phantom Force|p1a: Kingambit|[from] lockedmove
|-resisted|p1a: Kingambit
|-damage|p1a: Kingambit|80/100
|
|-heal|p2a: Dragapult|94/100|[from] item: Leftovers
|-heal|p1a: Kingambit|86/100|[from] item: Leftovers
|upkeep
|turn|14
|
|t:|1757853158
|switch|p2a: Torkoal|Torkoal, F|80/100
|-weather|SunnyDay|[from] ability: Drought|[of] p2a: Torkoal
|move|p1a: Kingambit|Kowtow Cleave|p2a: Torkoal
|-damage|p2a: Torkoal|34/100
|
|-weather|SunnyDay|[upkeep]
|-heal|p1a: Kingambit|92/100|[from] item: Leftovers
|upkeep
|turn|15
|
|t:|1757853163
|move|p1a: Kingambit|Kowtow Cleave|p2a: Torkoal
|-damage|p2a: Torkoal|0 fnt
|faint|p2a: Torkoal
|
|-weather|SunnyDay|[upkeep]
|-heal|p1a: Kingambit|98/100|[from] item: Leftovers
|upkeep
|
|t:|1757853175
|switch|p2a: Iron Moth|Iron Moth|100/100
|-enditem|p2a: Iron Moth|Booster Energy
|-activate|p2a: Iron Moth|ability: Quark Drive|[fromitem]
|-start|p2a: Iron Moth|quarkdrivespe
|turn|16
|
|t:|1757853179
|-end|p1a: Kingambit|fallen1|[silent]
|switch|p1a: Slowking|Slowking-Galar, M|100/100
|move|p2a: Iron Moth|Fiery Dance|p1a: Slowking
|-damage|p1a: Slowking|68/100
|
|-weather|SunnyDay|[upkeep]
|upkeep
|turn|17
|
|t:|1757853186
|move|p2a: Iron Moth|Fiery Dance|p1a: Slowking
|-damage|p1a: Slowking|38/100
|-boost|p2a: Iron Moth|spa|1
|move|p1a: Slowking|Psyshock|p2a: Iron Moth
|-supereffective|p2a: Iron Moth
|-damage|p2a: Iron Moth|0 fnt
|faint|p2a: Iron Moth
|-end|p2a: Iron Moth|Quark Drive|[silent]
|
|-weather|SunnyDay|[upkeep]
|upkeep
|
|t:|1757853192
|switch|p2a: Kingambit|Kingambit, M|100/100
|-activate|p2a: Kingambit|ability: Supreme Overlord
|-start|p2a: Kingambit|fallen4|[silent]
|turn|18
|
|t:|1757853197
|switch|p1a: Kyurem|Kyurem|16/100
|-ability|p1a: Kyurem|Pressure
|move|p2a: Kingambit|Iron Head|p1a: Kyurem
|-supereffective|p1a: Kyurem
|-damage|p1a: Kyurem|0 fnt
|faint|p1a: Kyurem
|
|-weather|none
|upkeep
|
|t:|1757853199
|switch|p1a: Zamazenta|Zamazenta|100/100
|turn|19
|
|t:|1757853201
|-end|p2a: Kingambit|fallen4|[silent]
|switch|p2a: Dragapult|Dragapult, F|94/100
|move|p1a: Zamazenta|Close Combat|p2a: Dragapult
|-immune|p2a: Dragapult
|
|-heal|p2a: Dragapult|99/100|[from] item: Leftovers
|upkeep
|turn|20
|
|t:|1757853205
|switch|p1a: Kingambit|Kingambit, M|98/100
|-activate|p1a: Kingambit|ability: Supreme Overlord
|-start|p1a: Kingambit|fallen2|[silent]
|move|p2a: Dragapult|Dragon Darts|p1a: Kingambit
|-resisted|p1a: Kingambit
|-damage|p1a: Kingambit|87/100
|-anim|p2a: Dragapult|Dragon Darts|p1a: Kingambit
|-resisted|p1a: Kingambit
|-damage|p1a: Kingambit|75/100
|
|-heal|p2a: Dragapult|100/100|[from] item: Leftovers
|-heal|p1a: Kingambit|81/100|[from] item: Leftovers
|upkeep
|turn|21
|
|t:|1757853209
|switch|p2a: Kingambit|Kingambit, M|100/100
|-activate|p2a: Kingambit|ability: Supreme Overlord
|-start|p2a: Kingambit|fallen4|[silent]
|move|p1a: Kingambit|Kowtow Cleave|p2a: Kingambit
|-resisted|p2a: Kingambit
|-damage|p2a: Kingambit|74/100
|
|-heal|p1a: Kingambit|87/100|[from] item: Leftovers
|upkeep
|turn|22
|
|t:|1757853215
|-end|p1a: Kingambit|fallen2|[silent]
|switch|p1a: Great Tusk|Great Tusk|42/100 brn
|move|p2a: Kingambit|Low Kick|p1a: Great Tusk
|-damage|p1a: Great Tusk|6/100 brn
|-damage|p2a: Kingambit|57/100|[from] item: Rocky Helmet|[of] p1a: Great Tusk
|
|-damage|p1a: Great Tusk|0 fnt|[from] brn
|faint|p1a: Great Tusk
|-end|p1a: Great Tusk|Protosynthesis|[silent]
|upkeep
|
|t:|1757853220
|switch|p1a: Slowking|Slowking-Galar, M|72/100
|turn|23
|
|t:|1757853222
|-terastallize|p1a: Slowking|Water
|move|p2a: Kingambit|Iron Head|p1a: Slowking
|-resisted|p1a: Slowking
|-damage|p1a: Slowking|42/100
|cant|p1a: Slowking|flinch
|
|upkeep
|turn|24
|
|t:|1757853239
|switch|p1a: Zamazenta|Zamazenta|100/100
|move|p2a: Kingambit|Iron Head|p1a: Zamazenta
|-damage|p1a: Zamazenta|48/100
|
|upkeep
|turn|25
|
|t:|1757853244
|-end|p2a: Kingambit|fallen4|[silent]
|switch|p2a: Dragapult|Dragapult, F|100/100
|move|p1a: Zamazenta|Crunch|p2a: Dragapult
|-supereffective|p2a: Dragapult
|-damage|p2a: Dragapult|0 fnt
|faint|p2a: Dragapult
|
|upkeep
|
|t:|1757853247
|switch|p2a: Kingambit|Kingambit, M|57/100
|-activate|p2a: Kingambit|ability: Supreme Overlord
|-start|p2a: Kingambit|fallen5|[silent]
|turn|26
|
|t:|1757853249
|switch|p1a: Slowking|Slowking-Galar, M, tera:Water|75/100
|move|p2a: Kingambit|Iron Head|p1a: Slowking
|-resisted|p1a: Slowking
|-damage|p1a: Slowking|39/100
|
|upkeep
|turn|27
|
|t:|1757853258
|move|p2a: Kingambit|Iron Head|p1a: Slowking
|-resisted|p1a: Slowking
|-damage|p1a: Slowking|4/100
|move|p1a: Slowking|Flamethrower|p2a: Kingambit
|-supereffective|p2a: Kingambit
|-damage|p2a: Kingambit|0 fnt
|faint|p2a: Kingambit
|-end|p2a: Kingambit|fallen5|[silent]
|
|win|ABraviousTinkaton
|raw|ABraviousTinkaton's rating: 1598 &rarr; <strong>1616</strong><br />(+18 for winning)
|raw|frazybalkany's rating: 1570 &rarr; <strong>1552</strong><br />(-18 for losing)
|l|☆ABraviousTinkaton
|player|p1|
|l|☆frazybalkany
|player|p2|
