|j|☆Yunumilli
|j|☆potayo
|t:|1757898066
|gametype|singles
|player|p1|Yunumilli|liza|1556
|player|p2|potayo|1|1650
|gen|9
|tier|[Gen 9] OU
|rated|
|rule|HP Percentage Mod: HP is shown in percentages
|rule|Endless Battle Clause: Forcing endless battles is banned
|rule|Species Clause: Limit one of each Pokémon
|rule|OHKO Clause: OHKO moves are banned
|rule|Evasion Items Clause: Evasion items are banned
|rule|Evasion Moves Clause: Evasion moves are banned
|rule|Evasion Abilities Clause: Evasion abilities are banned
|rule|Sleep Moves Clause: Sleep-inducing moves are banned
|clearpoke
|poke|p1|Kleavor, M|
|poke|p1|Glimmora, M|
|poke|p1|Kingambit, M|
|poke|p1|Samurott-Hisui, F|
|poke|p1|Gholdengo|
|poke|p1|Zamazenta-*|
|poke|p2|Hatterene, F|
|poke|p2|Cresselia, F|
|poke|p2|Hoopa-Unbound|
|poke|p2|Rabsca, F|
|poke|p2|Mimikyu, F|
|poke|p2|Kingambit, M|
|teampreview
|
|t:|1757898076
|teamsize|p1|6
|teamsize|p2|6
|start
|switch|p1a: Kleavor|Kleavor, M|100/100
|switch|p2a: Kingambit|Kingambit, M|100/100
|turn|1
|
|t:|1757898082
|move|p1a: Kleavor|Stone Axe|p2a: Kingambit
|-resisted|p2a: Kingambit
|-damage|p2a: Kingambit|82/100
|-sidestart|p2: potayo|move: Stealth Rock
|move|p2a: Kingambit|Iron Head|p1a: Kleavor
|-supereffective|p1a: Kleavor
|-enditem|p1a: Kleavor|Focus Sash
|-damage|p1a: Kleavor|1/100
|
|upkeep
|turn|2
|
|t:|1757898089
|-end|p2a: Kingambit|fallenundefined|[silent]
|switch|p2a: Hatterene|Hatterene, F|100/100
|-damage|p2a: Hatterene|88/100|[from] Stealth Rock
|move|p1a: Kleavor|Close Combat|p2a: Hatterene
|-resisted|p2a: Hatterene
|-damage|p2a: Hatterene|80/100
|-unboost|p1a: Kleavor|def|1
|-unboost|p1a: Kleavor|spd|1
|-damage|p1a: Kleavor|0 fnt|[from] item: Rocky Helmet|[of] p2a: Hatterene
|faint|p1a: Kleavor
|
|upkeep
|
|t:|1757898095
|switch|p1a: Glimmora|Glimmora, M|100/100
|turn|3
|
|t:|1757898106
|move|p1a: Glimmora|Earth Power|p2a: Hatterene
|-damage|p2a: Hatterene|50/100
|move|p2a: Hatterene|Trick Room|p2a: Hatterene
|-fieldstart|move: Trick Room|[of] p2a: Hatterene
|
|upkeep
|turn|4
|
|t:|1757898112
|switch|p1a: Samurott|Samurott-Hisui, F|100/100
|move|p2a: Hatterene|Psychic Noise|p1a: Samurott
|-immune|p1a: Samurott
|
|upkeep
|turn|5
|
|t:|1757898116
|move|p2a: Hatterene|Draining Kiss|p1a: Samurott
|-supereffective|p1a: Samurott
|-damage|p1a: Samurott|66/100
|-heal|p2a: Hatterene|76/100|[from] drain|[of] p1a: Samurott
|move|p1a: Samurott|Ceaseless Edge|p2a: Hatterene
|-damage|p2a: Hatterene|39/100
|-damage|p1a: Samurott|50/100|[from] item: Rocky Helmet|[of] p2a: Hatterene
|-sidestart|p2: potayo|Spikes
|
|upkeep
|turn|6
|
|t:|1757898120
|switch|p1a: Glimmora|Glimmora, M|100/100
|move|p2a: Hatterene|Draining Kiss|p1a: Glimmora
|-resisted|p1a: Glimmora
|-damage|p1a: Glimmora|85/100
|-heal|p2a: Hatterene|50/100|[from] drain|[of] p1a: Glimmora
|
|upkeep
|turn|7
|
|t:|1757898124
|move|p2a: Hatterene|Draining Kiss|p1a: Glimmora
|-resisted|p1a: Glimmora
|-damage|p1a: Glimmora|69/100
|-heal|p2a: Hatterene|62/100|[from] drain|[of] p1a: Glimmora
|move|p1a: Glimmora|Sludge Bomb|p2a: Hatterene
|-supereffective|p2a: Hatterene
|-damage|p2a: Hatterene|0 fnt
|faint|p2a: Hatterene
|
|-fieldend|move: Trick Room
|upkeep
|
|t:|1757898135
|switch|p2a: Hoopa|Hoopa-Unbound|100/100
|-damage|p2a: Hoopa|88/100|[from] Stealth Rock
|-damage|p2a: Hoopa|76/100|[from] Spikes
|turn|8
|
|t:|1757898148
|switch|p1a: Samurott|Samurott-Hisui, F|50/100
|move|p2a: Hoopa|Trick Room|p2a: Hoopa
|-fieldstart|move: Trick Room|[of] p2a: Hoopa
|
|upkeep
|turn|9
|
|t:|1757898171
|switch|p2a: Kingambit|Kingambit, M|82/100
|-damage|p2a: Kingambit|76/100|[from] Stealth Rock
|-damage|p2a: Kingambit|63/100|[from] Spikes
|-activate|p2a: Kingambit|ability: Supreme Overlord
|-start|p2a: Kingambit|fallen1|[silent]
|move|p1a: Samurott|Aqua Cutter|p2a: Kingambit
|-damage|p2a: Kingambit|27/100
|
|upkeep
|turn|10
|
|t:|1757898250
|move|p2a: Kingambit|Iron Head|p1a: Samurott
|-resisted|p1a: Samurott
|-damage|p1a: Samurott|7/100
|move|p1a: Samurott|Sacred Sword|p2a: Kingambit
|-supereffective|p2a: Kingambit
|-damage|p2a: Kingambit|0 fnt
|faint|p2a: Kingambit
|-end|p2a: Kingambit|fallen1|[silent]
|
|upkeep
|inactive|Battle timer is ON: inactive players will automatically lose when time's up. (requested by Yunumilli)
|
|t:|1757898293
|switch|p2a: Hoopa|Hoopa-Unbound|76/100
|-damage|p2a: Hoopa|63/100|[from] Stealth Rock
|-damage|p2a: Hoopa|51/100|[from] Spikes
|turn|11
|inactive|Yunumilli has 120 seconds left.
|
|t:|1757898327
|move|p1a: Samurott|Sucker Punch|p2a: Hoopa
|-damage|p2a: Hoopa|2/100
|-enditem|p2a: Hoopa|Sitrus Berry|[eat]
|-heal|p2a: Hoopa|27/100|[from] item: Sitrus Berry
|move|p2a: Hoopa|Hyperspace Fury|p1a: Samurott
|-resisted|p1a: Samurott
|-damage|p1a: Samurott|0 fnt
|-unboost|p2a: Hoopa|def|1
|faint|p1a: Samurott
|-item|p2a: Hoopa|Assault Vest|[from] ability: Magician|[of] p1: Samurott
|
|upkeep
|inactive|Yunumilli has 120 seconds left.
|inactive|Yunumilli has 90 seconds left.
|
|t:|1757898368
|switch|p1a: Kingambit|Kingambit, M|100/100
|-activate|p1a: Kingambit|ability: Supreme Overlord
|-start|p1a: Kingambit|fallen2|[silent]
|turn|12
|inactive|Yunumilli has 90 seconds left.
|l|☆Yunumilli
|inactive|Yunumilli disconnected and has a minute to reconnect!
|player|p1|
|j|☆Yunumilli
|inactive|Yunumilli reconnected and has 60 seconds left.
|player|p1|Yunumilli|liza|
|
|t:|1757898411
|switch|p2a: Mimikyu|Mimikyu, F|100/100
|-damage|p2a: Mimikyu|88/100|[from] Stealth Rock
|-damage|p2a: Mimikyu|76/100|[from] Spikes
|move|p1a: Kingambit|Sucker Punch||[still]
|-fail|p1a: Kingambit
|
|-fieldend|move: Trick Room
|upkeep
|turn|13
|inactive|Yunumilli has 60 seconds left.
|
|t:|1757898421
|move|p2a: Mimikyu|Will-O-Wisp|p1a: Kingambit
|-status|p1a: Kingambit|brn
|move|p1a: Kingambit|Iron Head|p2a: Mimikyu
|-activate|p2a: Mimikyu|ability: Disguise
|-damage|p2a: Mimikyu|76/100
|detailschange|p2a: Mimikyu|Mimikyu-Busted, F
|-damage|p2a: Mimikyu|63/100|[from] pokemon: Mimikyu-Busted
|-enditem|p2a: Mimikyu|Red Card|[of] p1a: Kingambit
|-end|p1a: Kingambit|fallen2|[silent]
|drag|p1a: Glimmora|Glimmora, M|69/100
|
|upkeep
|turn|14
|inactive|Yunumilli has 60 seconds left.
|inactive|potayo has 120 seconds left.
|
|t:|1757898453
|move|p1a: Glimmora|Sludge Bomb|p2a: Mimikyu
|-damage|p2a: Mimikyu|18/100
|move|p2a: Mimikyu|Trick Room|p2a: Mimikyu
|-fieldstart|move: Trick Room|[of] p2a: Mimikyu
|
|upkeep
|turn|15
|inactive|Yunumilli has 60 seconds left.
|
|t:|1757898463
|move|p2a: Mimikyu|Destiny Bond|p2a: Mimikyu
|-singlemove|p2a: Mimikyu|Destiny Bond
|move|p1a: Glimmora|Sludge Bomb|p2a: Mimikyu
|-damage|p2a: Mimikyu|0 fnt
|faint|p2a: Mimikyu
|-activate|p2a: Mimikyu|move: Destiny Bond
|faint|p1a: Glimmora
|
|upkeep
|inactive|potayo has 120 seconds left.
|inactive|potayo has 90 seconds left.
|
|t:|1757898509
|switch|p2a: Rabsca|Rabsca, F|100/100
|switch|p1a: Kingambit|Kingambit, M|100/100 brn
|-damage|p2a: Rabsca|76/100|[from] Stealth Rock
|-damage|p2a: Rabsca|63/100|[from] Spikes
|-activate|p1a: Kingambit|ability: Supreme Overlord
|-start|p1a: Kingambit|fallen3|[silent]
|turn|16
|inactive|Yunumilli has 60 seconds left.
|inactive|potayo has 90 seconds left.
|
|t:|1757898536
|move|p1a: Kingambit|Sucker Punch||[still]
|-fail|p1a: Kingambit
|move|p2a: Rabsca|Revival Blessing|p2a: Rabsca
|-enditem|p2a: Rabsca|Leppa Berry|[eat]
|-activate|p2a: Rabsca|item: Leppa Berry|Revival Blessing|[consumed]
|
|t:|1757898541
|-heal|p2: Kingambit|50/100|[from] move: Revival Blessing
|
|-damage|p1a: Kingambit|94/100 brn|[from] brn
|upkeep
|turn|17
|
|t:|1757898548
|move|p2a: Rabsca|Revival Blessing|p2a: Rabsca
|
|t:|1757898554
|-heal|p2: Mimikyu|50/100|[from] move: Revival Blessing
|move|p1a: Kingambit|Swords Dance|p1a: Kingambit
|-boost|p1a: Kingambit|atk|2
|
|-heal|p1a: Kingambit|100/100 brn|[from] item: Leftovers
|-damage|p1a: Kingambit|94/100 brn|[from] brn
|upkeep
|turn|18
|inactive|Yunumilli has 60 seconds left.
|inactive|Yunumilli has 30 seconds left.
|
|t:|1757898590
|move|p2a: Rabsca|Memento|p1a: Kingambit
|-unboost|p1a: Kingambit|atk|2
|-unboost|p1a: Kingambit|spa|2
|faint|p2a: Rabsca
|move|p1a: Kingambit|Kowtow Cleave|p2: Rabsca|[notarget]
|-fail|p1a: Kingambit
|
|-heal|p1a: Kingambit|100/100 brn|[from] item: Leftovers
|-damage|p1a: Kingambit|94/100 brn|[from] brn
|-fieldend|move: Trick Room
|upkeep
|inactive|potayo has 90 seconds left.
|inactive|potayo has 60 seconds left.
|
|t:|1757898637
|switch|p2a: Mimikyu|Mimikyu-Busted, F|50/100
|-damage|p2a: Mimikyu|38/100|[from] Stealth Rock
|-damage|p2a: Mimikyu|26/100|[from] Spikes
|turn|19
|
|t:|1757898645
|move|p2a: Mimikyu|Destiny Bond|p2a: Mimikyu
|-singlemove|p2a: Mimikyu|Destiny Bond
|move|p1a: Kingambit|Kowtow Cleave|p2a: Mimikyu
|-damage|p2a: Mimikyu|0 fnt
|faint|p2a: Mimikyu
|-activate|p2a: Mimikyu|move: Destiny Bond
|faint|p1a: Kingambit
|-end|p1a: Kingambit|fallen3|[silent]
|
|upkeep
|inactive|potayo has 60 seconds left.
|inactive|Yunumilli has 30 seconds left.
|inactive|Yunumilli has 20 seconds left.
|inactive|Yunumilli has 15 seconds left.
|
|t:|1757898676
|switch|p2a: Cresselia|Cresselia, F|100/100
|switch|p1a: Gholdengo|Gholdengo|100/100
|-item|p1a: Gholdengo|Air Balloon
|-damage|p2a: Cresselia|88/100|[from] Stealth Rock
|turn|20
|inactive|Yunumilli has 25 seconds left this turn.
|inactive|potayo has 60 seconds left.
|
|t:|1757898703
|move|p1a: Gholdengo|Shadow Ball|p2a: Cresselia
|-supereffective|p2a: Cresselia
|-damage|p2a: Cresselia|29/100
|move|p2a: Cresselia|Trick Room|p2a: Cresselia
|-fieldstart|move: Trick Room|[of] p2a: Cresselia
|
|upkeep
|turn|21
|inactive|Yunumilli has 30 seconds left.
|
|t:|1757898718
|move|p2a: Cresselia|Lunar Dance|p2a: Cresselia
|faint|p2a: Cresselia
|move|p1a: Gholdengo|Shadow Ball|p2: Cresselia|[notarget]
|-fail|p1a: Gholdengo
|
|upkeep
|
|t:|1757898730
|switch|p2a: Hoopa|Hoopa-Unbound|27/100
|-heal|p2a: Hoopa|100/100|[from] move: Lunar Dance
|-damage|p2a: Hoopa|88/100|[from] Stealth Rock
|-damage|p2a: Hoopa|76/100|[from] Spikes
|turn|22
|inactive|Yunumilli has 30 seconds left.
|inactive|Yunumilli has 20 seconds left.
|inactive|Yunumilli has 15 seconds left.
|inactive|Yunumilli has 10 seconds left.
|inactive|Yunumilli has 5 seconds left.
|-message|Yunumilli lost due to inactivity.
|
|win|potayo
|raw|Yunumilli's rating: 1556 &rarr; <strong>1541</strong><br />(-15 for losing)
|raw|potayo's rating: 1650 &rarr; <strong>1665</strong><br />(+15 for winning)
|l|☆potayo
|player|p2|
|l|☆Yunumilli
|player|p1|
