|j|☆teamcrystalrocket
|j|☆Denvertzzz
|t:|1757825154
|gametype|singles
|player|p1|teamcrystalrocket|266|1164
|player|p2|Denvertzzz|266|1194
|gen|9
|tier|[Gen 9] OU
|rated|
|rule|HP Percentage Mod: HP is shown in percentages
|rule|Endless Battle Clause: Forcing endless battles is banned
|rule|Species Clause: Limit one of each Pokémon
|rule|OHKO Clause: OHKO moves are banned
|rule|Evasion Items Clause: Evasion items are banned
|rule|Evasion Moves Clause: Evasion moves are banned
|rule|Evasion Abilities Clause: Evasion abilities are banned
|rule|Sleep Moves Clause: Sleep-inducing moves are banned
|clearpoke
|poke|p1|Skeledirge, M|
|poke|p1|Glimmora, M|
|poke|p1|Meowscarada, M|
|poke|p1|Great Tusk|
|poke|p1|Kingambit, F|
|poke|p1|Quagsire, M|
|poke|p2|Grimmsnarl, M|
|poke|p2|Pincurchin, M|
|poke|p2|Raichu-Alola, M|
|poke|p2|Drifblim, M|
|poke|p2|Corviknight, M|
|poke|p2|Rhyperior, M|
|teampreview
|inactive|Battle timer is ON: inactive players will automatically lose when time's up. (requested by teamcrystalrocket)
|
|t:|1757825167
|teamsize|p1|6
|teamsize|p2|6
|start
|switch|p1a: Glimmora|Glimmora, M, shiny|100/100
|switch|p2a: Coolie|Rhyperior, M, shiny|100/100
|turn|1
|
|t:|1757825176
|move|p1a: Glimmora|Mortal Spin|p2a: Coolie
|-resisted|p2a: Coolie
|-damage|p2a: Coolie|99/100
|-status|p2a: Coolie|psn
|move|p2a: Coolie|Rock Polish|p2a: Coolie
|-boost|p2a: Coolie|spe|2
|
|-damage|p2a: Coolie|87/100 psn|[from] psn
|upkeep
|turn|2
|
|t:|1757825187
|move|p2a: Coolie|Earthquake|p1a: Glimmora
|-supereffective|p1a: Glimmora
|-enditem|p1a: Glimmora|Focus Sash
|-damage|p1a: Glimmora|1/100
|-activate|p1a: Glimmora|ability: Toxic Debris
|-sidestart|p2: Denvertzzz|move: Toxic Spikes
|move|p1a: Glimmora|Earth Power|p2a: Coolie
|-supereffective|p2a: Coolie
|-damage|p2a: Coolie|17/100 psn
|-enditem|p2a: Coolie|Weakness Policy
|-boost|p2a: Coolie|atk|2|[from] item: Weakness Policy
|-boost|p2a: Coolie|spa|2|[from] item: Weakness Policy
|
|-damage|p2a: Coolie|5/100 psn|[from] psn
|upkeep
|turn|3
|
|t:|1757825216
|move|p2a: Coolie|Megahorn|p1a: Glimmora
|-resisted|p1a: Glimmora
|-crit|p1a: Glimmora
|-damage|p1a: Glimmora|0 fnt
|-activate|p1a: Glimmora|ability: Toxic Debris
|-sidestart|p2: Denvertzzz|move: Toxic Spikes
|faint|p1a: Glimmora
|
|-damage|p2a: Coolie|0 fnt|[from] psn
|faint|p2a: Coolie
|upkeep
|inactive|Denvertzzz has 120 seconds left.
|
|t:|1757825237
|switch|p1a: Skeledirge|Skeledirge, M|100/100
|switch|p2a: Fuzzie|Pincurchin, M, shiny|100/100
|-status|p2a: Fuzzie|tox
|-fieldstart|move: Electric Terrain|[from] ability: Electric Surge|[of] p2a: Fuzzie
|turn|4
|
|t:|1757825248
|move|p1a: Skeledirge|Hex|p2a: Fuzzie
|-damage|p2a: Fuzzie|25/100 tox
|move|p2a: Fuzzie|Liquidation|p1a: Skeledirge
|-supereffective|p1a: Skeledirge
|-damage|p1a: Skeledirge|67/100
|
|-heal|p1a: Skeledirge|73/100|[from] item: Leftovers
|-damage|p2a: Fuzzie|19/100 tox|[from] psn
|upkeep
|turn|5
|
|t:|1757825257
|move|p2a: Fuzzie|Sucker Punch|p1a: Skeledirge
|-supereffective|p1a: Skeledirge
|-damage|p1a: Skeledirge|47/100
|move|p1a: Skeledirge|Hex|p2a: Fuzzie
|-damage|p2a: Fuzzie|0 fnt
|faint|p2a: Fuzzie
|
|-heal|p1a: Skeledirge|53/100|[from] item: Leftovers
|upkeep
|
|t:|1757825270
|switch|p2a: Glowie|Drifblim, M, shiny|100/100
|-enditem|p2a: Glowie|Electric Seed
|-boost|p2a: Glowie|def|1|[from] item: Electric Seed
|turn|6
|
|t:|1757825276
|-terastallize|p1a: Skeledirge|Fairy
|move|p2a: Glowie|Shadow Ball|p1a: Skeledirge
|-damage|p1a: Skeledirge|13/100
|-unboost|p1a: Skeledirge|spd|1
|move|p1a: Skeledirge|Will-O-Wisp|p2a: Glowie
|-status|p2a: Glowie|brn
|
|-heal|p1a: Skeledirge|19/100|[from] item: Leftovers
|-damage|p2a: Glowie|94/100 brn|[from] brn
|upkeep
|turn|7
|inactive|Denvertzzz has 120 seconds left.
|
|t:|1757825288
|switch|p1a: Meowscarada|Meowscarada, M|100/100
|move|p2a: Glowie|Shadow Ball|p1a: Meowscarada
|-resisted|p1a: Meowscarada
|-damage|p1a: Meowscarada|79/100
|-unboost|p1a: Meowscarada|spd|1
|
|-damage|p2a: Glowie|88/100 brn|[from] brn
|upkeep
|turn|8
|inactive|Denvertzzz has 120 seconds left.
|
|t:|1757825307
|-terastallize|p2a: Glowie|Electric
|move|p1a: Meowscarada|Triple Axel|p2a: Glowie
|-start|p1a: Meowscarada|typechange|Ice|[from] ability: Protean
|-damage|p2a: Glowie|81/100 brn
|-damage|p2a: Glowie|68/100 brn
|-damage|p2a: Glowie|48/100 brn
|-hitcount|p2a: Glowie|3
|move|p2a: Glowie|Calm Mind|p2a: Glowie
|-boost|p2a: Glowie|spa|1
|-boost|p2a: Glowie|spd|1
|
|-damage|p2a: Glowie|42/100 brn|[from] brn
|upkeep
|turn|9
|
|t:|1757825320
|move|p1a: Meowscarada|Triple Axel|p2a: Glowie
|-damage|p2a: Glowie|36/100 brn
|-damage|p2a: Glowie|22/100 brn
|-hitcount|p2a: Glowie|2
|move|p2a: Glowie|Strength Sap|p1a: Meowscarada
|-unboost|p1a: Meowscarada|atk|1
|-heal|p2a: Glowie|73/100 brn
|
|-damage|p2a: Glowie|67/100 brn|[from] brn
|upkeep
|turn|10
|
|t:|1757825340
|switch|p1a: Great Tusk|Great Tusk, shiny|100/100
|move|p2a: Glowie|Strength Sap|p1a: Great Tusk
|-unboost|p1a: Great Tusk|atk|1
|-heal|p2a: Glowie|100/100 brn
|
|-damage|p2a: Glowie|94/100 brn|[from] brn
|upkeep
|turn|11
|
|t:|1757825350
|move|p2a: Glowie|Shadow Ball|p1a: Great Tusk
|-damage|p1a: Great Tusk|33/100
|move|p1a: Great Tusk|Stealth Rock|p2a: Glowie
|-sidestart|p2: Denvertzzz|move: Stealth Rock
|
|-damage|p2a: Glowie|88/100 brn|[from] brn
|-fieldend|move: Electric Terrain
|upkeep
|turn|12
|
|t:|1757825362
|-end|p1a: Great Tusk|Protosynthesis|[silent]
|switch|p1a: Quagsire|Quagsire, M, shiny|100/100
|move|p2a: Glowie|Shadow Ball|p1a: Quagsire
|-damage|p1a: Quagsire|56/100
|
|-damage|p2a: Glowie|82/100 brn|[from] brn
|upkeep
|turn|13
|inactive|Denvertzzz has 120 seconds left.
|
|t:|1757825375
|move|p2a: Glowie|Calm Mind|p2a: Glowie
|-boost|p2a: Glowie|spa|1
|-boost|p2a: Glowie|spd|1
|move|p1a: Quagsire|Stockpile|p1a: Quagsire
|-start|p1a: Quagsire|stockpile1
|-boost|p1a: Quagsire|def|1
|-boost|p1a: Quagsire|spd|1
|
|-damage|p2a: Glowie|76/100 brn|[from] brn
|upkeep
|turn|14
|inactive|Denvertzzz has 120 seconds left.
|
|t:|1757825384
|move|p2a: Glowie|Shadow Ball|p1a: Quagsire
|-damage|p1a: Quagsire|25/100
|-unboost|p1a: Quagsire|spd|1
|move|p1a: Quagsire|Recover|p1a: Quagsire
|-heal|p1a: Quagsire|75/100
|
|-damage|p2a: Glowie|70/100 brn|[from] brn
|upkeep
|turn|15
|
|t:|1757825393
|move|p2a: Glowie|Calm Mind|p2a: Glowie
|-boost|p2a: Glowie|spa|1
|-boost|p2a: Glowie|spd|1
|move|p1a: Quagsire|Stockpile|p1a: Quagsire
|-start|p1a: Quagsire|stockpile2
|-boost|p1a: Quagsire|def|1
|-boost|p1a: Quagsire|spd|1
|
|-damage|p2a: Glowie|64/100 brn|[from] brn
|upkeep
|turn|16
|
|t:|1757825402
|move|p2a: Glowie|Shadow Ball|p1a: Quagsire
|-damage|p1a: Quagsire|48/100
|move|p1a: Quagsire|Stockpile|p1a: Quagsire
|-start|p1a: Quagsire|stockpile3
|-boost|p1a: Quagsire|def|1
|-boost|p1a: Quagsire|spd|1
|
|-damage|p2a: Glowie|57/100 brn|[from] brn
|upkeep
|turn|17
|
|t:|1757825410
|move|p2a: Glowie|Shadow Ball|p1a: Quagsire
|-damage|p1a: Quagsire|26/100
|move|p1a: Quagsire|Recover|p1a: Quagsire
|-heal|p1a: Quagsire|76/100
|
|-damage|p2a: Glowie|51/100 brn|[from] brn
|upkeep
|turn|18
|
|t:|1757825418
|move|p2a: Glowie|Calm Mind|p2a: Glowie
|-boost|p2a: Glowie|spa|1
|-boost|p2a: Glowie|spd|1
|move|p1a: Quagsire|Stockpile||[still]
|-fail|p1a: Quagsire
|
|-damage|p2a: Glowie|45/100 brn|[from] brn
|upkeep
|turn|19
|
|t:|1757825425
|move|p2a: Glowie|Strength Sap|p1a: Quagsire
|-unboost|p1a: Quagsire|atk|1
|-heal|p2a: Glowie|86/100 brn
|move|p1a: Quagsire|Liquidation|p2a: Glowie
|-damage|p2a: Glowie|63/100 brn
|
|-damage|p2a: Glowie|57/100 brn|[from] brn
|upkeep
|turn|20
|
|t:|1757825435
|move|p2a: Glowie|Shadow Ball|p1a: Quagsire
|-damage|p1a: Quagsire|56/100
|move|p1a: Quagsire|Liquidation|p2a: Glowie
|-damage|p2a: Glowie|34/100 brn
|
|-damage|p2a: Glowie|28/100 brn|[from] brn
|upkeep
|turn|21
|
|t:|1757825443
|move|p2a: Glowie|Strength Sap|p1a: Quagsire
|-unboost|p1a: Quagsire|atk|1
|-heal|p2a: Glowie|56/100 brn
|move|p1a: Quagsire|Recover|p1a: Quagsire
|-heal|p1a: Quagsire|100/100
|
|-damage|p2a: Glowie|50/100 brn|[from] brn
|upkeep
|turn|22
|
|t:|1757825461
|move|p2a: Glowie|Calm Mind|p2a: Glowie
|-boost|p2a: Glowie|spa|1
|-boost|p2a: Glowie|spd|1
|move|p1a: Quagsire|Liquidation|p2a: Glowie
|-damage|p2a: Glowie|32/100 brn
|-unboost|p2a: Glowie|def|1
|
|-damage|p2a: Glowie|26/100 brn|[from] brn
|upkeep
|turn|23
|
|t:|1757825471
|move|p2a: Glowie|Strength Sap|p1a: Quagsire
|-unboost|p1a: Quagsire|atk|1
|-heal|p2a: Glowie|46/100 brn
|move|p1a: Quagsire|Liquidation|p2a: Glowie
|-crit|p2a: Glowie
|-damage|p2a: Glowie|0 fnt
|faint|p2a: Glowie
|
|upkeep
|
|t:|1757825493
|switch|p2a: Boogie|Corviknight, M, shiny|100/100
|-damage|p2a: Boogie|88/100|[from] Stealth Rock
|turn|24
|
|t:|1757825498
|switch|p1a: Skeledirge|Skeledirge, M, tera:Fairy|19/100
|move|p2a: Boogie|Iron Defense|p2a: Boogie
|-boost|p2a: Boogie|def|2
|
|-heal|p1a: Skeledirge|25/100|[from] item: Leftovers
|upkeep
|turn|25
|
|t:|1757825506
|move|p2a: Boogie|Brave Bird|p1a: Skeledirge
|-damage|p1a: Skeledirge|0 fnt
|faint|p1a: Skeledirge
|-damage|p2a: Boogie|78/100|[from] Recoil
|
|upkeep
|
|t:|1757825515
|switch|p1a: Meowscarada|Meowscarada, M|79/100
|turn|26
|
|t:|1757825521
|move|p1a: Meowscarada|Knock Off|p2a: Boogie
|-start|p1a: Meowscarada|typechange|Dark|[from] ability: Protean
|-damage|p2a: Boogie|65/100
|-damage|p1a: Meowscarada|63/100|[from] item: Rocky Helmet|[of] p2a: Boogie
|-enditem|p2a: Boogie|Rocky Helmet|[from] move: Knock Off|[of] p1a: Meowscarada
|move|p2a: Boogie|Brave Bird|p1a: Meowscarada
|-damage|p1a: Meowscarada|4/100
|-damage|p2a: Boogie|44/100|[from] Recoil
|
|upkeep
|turn|27
|
|t:|1757825531
|move|p1a: Meowscarada|Knock Off|p2a: Boogie
|-damage|p2a: Boogie|35/100
|move|p2a: Boogie|Roost|p2a: Boogie
|-heal|p2a: Boogie|85/100
|-singleturn|p2a: Boogie|move: Roost
|
|upkeep
|turn|28
|
|t:|1757825539
|move|p1a: Meowscarada|Knock Off|p2a: Boogie
|-damage|p2a: Boogie|76/100
|move|p2a: Boogie|Iron Defense|p2a: Boogie
|-boost|p2a: Boogie|def|2
|
|upkeep
|turn|29
|-message|teamcrystalrocket forfeited.
|
|win|Denvertzzz
|raw|teamcrystalrocket's rating: 1164 &rarr; <strong>1141</strong><br />(-23 for losing)
|raw|Denvertzzz's rating: 1194 &rarr; <strong>1217</strong><br />(+23 for winning)
|l|☆teamcrystalrocket
|player|p1|
|l|☆Denvertzzz
|player|p2|
