|j|☆SrZalex
|j|☆ItsDaFlaminLlama
|t:|1757805005
|gametype|singles
|player|p1|SrZalex|steven|1236
|player|p2|ItsDaFlaminLlama|102|1272
|gen|9
|tier|[Gen 9] OU
|rated|
|rule|HP Percentage Mod: HP is shown in percentages
|rule|Endless Battle Clause: Forcing endless battles is banned
|rule|Species Clause: Limit one of each Pokémon
|rule|OHKO Clause: OHKO moves are banned
|rule|Evasion Items Clause: Evasion items are banned
|rule|Evasion Moves Clause: Evasion moves are banned
|rule|Evasion Abilities Clause: Evasion abilities are banned
|rule|Sleep Moves Clause: Sleep-inducing moves are banned
|clearpoke
|poke|p1|Ceruledge, F|
|poke|p1|Corviknight, M|
|poke|p1|Pecharunt|
|poke|p1|Torkoal, F|
|poke|p1|Lilligant, F|
|poke|p1|Blissey, F|
|poke|p2|Dragonite, F|
|poke|p2|Great Tusk|
|poke|p2|Iron Crown|
|poke|p2|Moltres|
|poke|p2|Latias, F|
|poke|p2|Araquanid, M|
|teampreview
|
|t:|1757805015
|teamsize|p1|6
|teamsize|p2|6
|start
|switch|p1a: Torkoal|Torkoal, F|100/100
|switch|p2a: Araquanid|Araquanid, M|100/100
|-weather|SunnyDay|[from] ability: Drought|[of] p1a: Torkoal
|turn|1
|
|t:|1757805028
|move|p1a: Torkoal|Stealth Rock|p2a: Araquanid
|-sidestart|p2: ItsDaFlaminLlama|move: Stealth Rock
|move|p2a: Araquanid|Mirror Coat||[still]
|-fail|p2a: Araquanid
|
|-weather|SunnyDay|[upkeep]
|upkeep
|turn|2
|
|t:|1757805036
|switch|p1a: Lilligant|Lilligant, F, shiny|100/100
|move|p2a: Araquanid|Sticky Web|p1a: Lilligant
|-sidestart|p1: SrZalex|move: Sticky Web
|
|-weather|SunnyDay|[upkeep]
|upkeep
|turn|3
|inactive|Battle timer is ON: inactive players will automatically lose when time's up. (requested by ItsDaFlaminLlama)
|
|t:|1757805053
|-terastallize|p1a: Lilligant|Water
|move|p1a: Lilligant|Quiver Dance|p1a: Lilligant
|-boost|p1a: Lilligant|spa|1
|-boost|p1a: Lilligant|spd|1
|-boost|p1a: Lilligant|spe|1
|move|p2a: Araquanid|Reflect|p2a: Araquanid
|-sidestart|p2: ItsDaFlaminLlama|Reflect
|
|-weather|SunnyDay|[upkeep]
|upkeep
|turn|4
|inactive|ItsDaFlaminLlama has 120 seconds left.
|
|t:|1757805099
|switch|p2a: Latias|Latias, F|100/100
|-damage|p2a: Latias|88/100|[from] Stealth Rock
|move|p1a: Lilligant|Quiver Dance|p1a: Lilligant
|-boost|p1a: Lilligant|spa|1
|-boost|p1a: Lilligant|spd|1
|-boost|p1a: Lilligant|spe|1
|
|-weather|SunnyDay|[upkeep]
|upkeep
|turn|5
|
|t:|1757805111
|move|p1a: Lilligant|Quiver Dance|p1a: Lilligant
|-boost|p1a: Lilligant|spa|1
|-boost|p1a: Lilligant|spd|1
|-boost|p1a: Lilligant|spe|1
|move|p2a: Latias|Dragon Pulse|p1a: Lilligant
|-crit|p1a: Lilligant
|-damage|p1a: Lilligant|26/100
|
|-weather|SunnyDay|[upkeep]
|-heal|p1a: Lilligant|32/100|[from] item: Leftovers
|upkeep
|turn|6
|
|t:|1757805123
|move|p1a: Lilligant|Giga Drain|p2a: Latias
|-resisted|p2a: Latias
|-damage|p2a: Latias|65/100
|-heal|p1a: Lilligant|44/100|[from] drain|[of] p2a: Latias
|move|p2a: Latias|Dragon Pulse|p1a: Lilligant
|-damage|p1a: Lilligant|25/100
|
|-weather|SunnyDay|[upkeep]
|-heal|p1a: Lilligant|31/100|[from] item: Leftovers
|upkeep
|turn|7
|inactive|ItsDaFlaminLlama has 90 seconds left.
|
|t:|1757805154
|move|p1a: Lilligant|Weather Ball|p2a: Latias
|-resisted|p2a: Latias
|-damage|p2a: Latias|35/100
|move|p2a: Latias|Dragon Pulse|p1a: Lilligant
|-damage|p1a: Lilligant|11/100
|
|-weather|SunnyDay|[upkeep]
|-heal|p1a: Lilligant|17/100|[from] item: Leftovers
|-sideend|p2: ItsDaFlaminLlama|Reflect
|upkeep
|turn|8
|inactive|ItsDaFlaminLlama has 90 seconds left.
|
|t:|1757805166
|move|p1a: Lilligant|Giga Drain|p2a: Latias
|-resisted|p2a: Latias
|-damage|p2a: Latias|13/100
|-heal|p1a: Lilligant|29/100|[from] drain|[of] p2a: Latias
|move|p2a: Latias|Dragon Pulse|p1a: Lilligant
|-damage|p1a: Lilligant|10/100
|
|-weather|none
|-heal|p1a: Lilligant|16/100|[from] item: Leftovers
|upkeep
|turn|9
|inactive|ItsDaFlaminLlama has 90 seconds left.
|
|t:|1757805178
|move|p1a: Lilligant|Giga Drain|p2a: Latias
|-resisted|p2a: Latias
|-damage|p2a: Latias|0 fnt
|-heal|p1a: Lilligant|23/100|[from] drain|[of] p2a: Latias
|faint|p2a: Latias
|
|-heal|p1a: Lilligant|29/100|[from] item: Leftovers
|upkeep
|inactive|ItsDaFlaminLlama has 90 seconds left.
|
|t:|1757805193
|switch|p2a: Iron Crown|Iron Crown|100/100
|-damage|p2a: Iron Crown|94/100|[from] Stealth Rock
|-enditem|p2a: Iron Crown|Booster Energy
|-activate|p2a: Iron Crown|ability: Quark Drive|[fromitem]
|-start|p2a: Iron Crown|quarkdrivespa
|turn|10
|inactive|ItsDaFlaminLlama has 90 seconds left.
|
|t:|1757805203
|move|p1a: Lilligant|Giga Drain|p2a: Iron Crown
|-resisted|p2a: Iron Crown
|-damage|p2a: Iron Crown|49/100
|-heal|p1a: Lilligant|50/100|[from] drain|[of] p2a: Iron Crown
|move|p2a: Iron Crown|Psyshock|p1a: Lilligant
|-damage|p1a: Lilligant|0 fnt
|faint|p1a: Lilligant
|
|upkeep
|
|t:|1757805212
|switch|p1a: Torkoal|Torkoal, F|100/100
|-activate|p1a: Torkoal|move: Sticky Web
|-unboost|p1a: Torkoal|spe|1
|-weather|SunnyDay|[from] ability: Drought|[of] p1a: Torkoal
|turn|11
|inactive|ItsDaFlaminLlama has 90 seconds left.
|
|t:|1757805229
|-end|p2a: Iron Crown|Quark Drive|[silent]
|switch|p2a: Great Tusk|Great Tusk|100/100
|-damage|p2a: Great Tusk|98/100|[from] Stealth Rock
|-activate|p2a: Great Tusk|ability: Protosynthesis
|-start|p2a: Great Tusk|protosynthesisspe
|move|p1a: Torkoal|Rapid Spin|p2a: Great Tusk
|-damage|p2a: Great Tusk|92/100
|-boost|p1a: Torkoal|spe|1
|-sideend|p1: SrZalex|Sticky Web|[from] move: Rapid Spin|[of] p1a: Torkoal
|
|-weather|SunnyDay|[upkeep]
|upkeep
|turn|12
|inactive|ItsDaFlaminLlama has 90 seconds left.
|
|t:|1757805246
|switch|p1a: Corviknight|Corviknight, M|100/100
|-ability|p1a: Corviknight|Unnerve
|move|p2a: Great Tusk|Headlong Rush|p1a: Corviknight
|-immune|p1a: Corviknight
|
|-weather|SunnyDay|[upkeep]
|upkeep
|turn|13
|inactive|ItsDaFlaminLlama has 90 seconds left.
|
|t:|1757805256
|move|p2a: Great Tusk|Rapid Spin|p1a: Corviknight
|-resisted|p1a: Corviknight
|-damage|p1a: Corviknight|96/100
|-boost|p2a: Great Tusk|spe|1
|-sideend|p2: ItsDaFlaminLlama|Stealth Rock|[from] move: Rapid Spin|[of] p2a: Great Tusk
|move|p1a: Corviknight|Brave Bird|p2a: Great Tusk
|-supereffective|p2a: Great Tusk
|-damage|p2a: Great Tusk|49/100
|-damage|p1a: Corviknight|81/100|[from] Recoil
|
|-weather|SunnyDay|[upkeep]
|-heal|p1a: Corviknight|87/100|[from] item: Leftovers
|upkeep
|turn|14
|inactive|ItsDaFlaminLlama has 90 seconds left.
|
|t:|1757805270
|-end|p2a: Great Tusk|Protosynthesis|[silent]
|switch|p2a: Moltres|Moltres|100/100
|move|p1a: Corviknight|Brave Bird|p2a: Moltres
|-damage|p2a: Moltres|74/100
|-status|p1a: Corviknight|brn|[from] ability: Flame Body|[of] p2a: Moltres
|-damage|p1a: Corviknight|79/100 brn|[from] Recoil
|
|-weather|SunnyDay|[upkeep]
|-heal|p1a: Corviknight|85/100 brn|[from] item: Leftovers
|-damage|p1a: Corviknight|79/100 brn|[from] brn
|upkeep
|turn|15
|inactive|ItsDaFlaminLlama has 90 seconds left.
|
|t:|1757805285
|switch|p1a: Blissey|Blissey, F|100/100
|move|p2a: Moltres|Flamethrower|p1a: Blissey
|-damage|p1a: Blissey|84/100
|
|-weather|SunnyDay|[upkeep]
|-heal|p1a: Blissey|91/100|[from] item: Leftovers
|upkeep
|turn|16
|inactive|ItsDaFlaminLlama has 90 seconds left.
|
|t:|1757805297
|switch|p2a: Great Tusk|Great Tusk|49/100
|-activate|p2a: Great Tusk|ability: Protosynthesis
|-start|p2a: Great Tusk|protosynthesisspe
|move|p1a: Blissey|Heal Bell|p1a: Blissey
|-activate|p1a: Blissey|move: Heal Bell
|-curestatus|p1: Corviknight|brn|[msg]
|
|-weather|SunnyDay|[upkeep]
|-heal|p1a: Blissey|97/100|[from] item: Leftovers
|upkeep
|turn|17
|inactive|ItsDaFlaminLlama has 90 seconds left.
|
|t:|1757805313
|switch|p1a: Corviknight|Corviknight, M|79/100
|-ability|p1a: Corviknight|Unnerve
|move|p2a: Great Tusk|Knock Off|p1a: Corviknight
|-damage|p1a: Corviknight|61/100
|-enditem|p1a: Corviknight|Leftovers|[from] move: Knock Off|[of] p2a: Great Tusk
|
|-weather|SunnyDay|[upkeep]
|upkeep
|turn|18
|
|t:|1757805332
|-end|p2a: Great Tusk|Protosynthesis|[silent]
|switch|p2a: Moltres|Moltres|74/100
|move|p1a: Corviknight|Roost|p1a: Corviknight
|-heal|p1a: Corviknight|100/100
|-singleturn|p1a: Corviknight|move: Roost
|
|-weather|none
|upkeep
|turn|19
|
|t:|1757805344
|switch|p1a: Ceruledge|Ceruledge, F|100/100
|move|p2a: Moltres|Flamethrower|p1a: Ceruledge
|-resisted|p1a: Ceruledge
|-damage|p1a: Ceruledge|80/100
|
|upkeep
|turn|20
|
|t:|1757805355
|move|p1a: Ceruledge|Swords Dance|p1a: Ceruledge
|-boost|p1a: Ceruledge|atk|2
|move|p2a: Moltres|Hurricane|p1a: Ceruledge
|-damage|p1a: Ceruledge|29/100
|
|upkeep
|turn|21
|
|t:|1757805380
|move|p1a: Ceruledge|Bitter Blade|p2a: Moltres
|-resisted|p2a: Moltres
|-damage|p2a: Moltres|29/100
|-heal|p1a: Ceruledge|58/100|[from] drain|[of] p2a: Moltres
|-damage|p1a: Ceruledge|48/100|[from] item: Life Orb
|move|p2a: Moltres|Hurricane|p1a: Ceruledge
|-damage|p1a: Ceruledge|0 fnt
|faint|p1a: Ceruledge
|
|upkeep
|inactive|SrZalex has 120 seconds left.
|
|t:|1757805391
|switch|p1a: Blissey|Blissey, F|97/100
|turn|22
|
|t:|1757805397
|move|p2a: Moltres|Rest|p2a: Moltres
|-status|p2a: Moltres|slp|[from] move: Rest
|-heal|p2a: Moltres|100/100 slp|[silent]
|move|p1a: Blissey|Thunder Wave||[still]
|-fail|p1a: Blissey
|
|-heal|p1a: Blissey|100/100|[from] item: Leftovers
|upkeep
|turn|23
|
|t:|1757805412
|switch|p2a: Great Tusk|Great Tusk|49/100
|-enditem|p2a: Great Tusk|Booster Energy
|-activate|p2a: Great Tusk|ability: Protosynthesis|[fromitem]
|-start|p2a: Great Tusk|protosynthesisspe
|switch|p1a: Pecharunt|Pecharunt|100/100
|
|upkeep
|turn|24
|
|t:|1757805430
|switch|p1a: Corviknight|Corviknight, M|100/100
|-ability|p1a: Corviknight|Unnerve
|-terastallize|p2a: Great Tusk|Dark
|move|p2a: Great Tusk|Knock Off|p1a: Corviknight
|-damage|p1a: Corviknight|83/100
|
|upkeep
|turn|25
|
|t:|1757805440
|-end|p2a: Great Tusk|Protosynthesis|[silent]
|switch|p2a: Moltres|Moltres|100/100 slp
|move|p1a: Corviknight|Bulk Up|p1a: Corviknight
|-boost|p1a: Corviknight|atk|1
|-boost|p1a: Corviknight|def|1
|
|upkeep
|turn|26
|
|t:|1757805449
|cant|p2a: Moltres|slp
|move|p2a: Moltres|Sleep Talk|p2a: Moltres
|move|p2a: Moltres|Flamethrower|p1a: Corviknight|[from] move: Sleep Talk
|-supereffective|p1a: Corviknight
|-damage|p1a: Corviknight|13/100
|move|p1a: Corviknight|Brave Bird|p2a: Moltres
|-damage|p2a: Moltres|64/100 slp
|-status|p1a: Corviknight|brn|[from] ability: Flame Body|[of] p2a: Moltres
|-damage|p1a: Corviknight|1/100 brn|[from] Recoil
|
|-damage|p1a: Corviknight|0 fnt|[from] brn
|faint|p1a: Corviknight
|upkeep
|
|t:|1757805464
|switch|p1a: Pecharunt|Pecharunt|100/100
|turn|27
|
|t:|1757805475
|cant|p2a: Moltres|slp
|move|p2a: Moltres|Sleep Talk|p2a: Moltres
|move|p2a: Moltres|Hurricane|p1a: Pecharunt|[from] move: Sleep Talk
|-damage|p1a: Pecharunt|58/100
|-start|p1a: Pecharunt|confusion
|-activate|p1a: Pecharunt|confusion
|move|p1a: Pecharunt|Parting Shot|p2a: Moltres
|-unboost|p2a: Moltres|atk|1
|-unboost|p2a: Moltres|spa|1
|
|t:|1757805487
|switch|p1a: Blissey|Blissey, F|100/100|[from] Parting Shot
|
|upkeep
|turn|28
|
|t:|1757805497
|-curestatus|p2a: Moltres|slp|[msg]
|move|p2a: Moltres|Sleep Talk||[still]
|-fail|p2a: Moltres
|move|p1a: Blissey|Seismic Toss|p2a: Moltres
|-damage|p2a: Moltres|38/100
|
|upkeep
|turn|29
|
|t:|1757805510
|switch|p2a: Great Tusk|Great Tusk, tera:Dark|49/100
|move|p1a: Blissey|Thunder Wave|p2a: Great Tusk
|-status|p2a: Great Tusk|par
|
|upkeep
|turn|30
|
|t:|1757805522
|switch|p1a: Torkoal|Torkoal, F|100/100
|-weather|SunnyDay|[from] ability: Drought|[of] p1a: Torkoal
|-activate|p2a: Great Tusk|ability: Protosynthesis
|-start|p2a: Great Tusk|protosynthesisspe
|move|p2a: Great Tusk|Knock Off|p1a: Torkoal
|-damage|p1a: Torkoal|76/100
|-enditem|p1a: Torkoal|Heat Rock|[from] move: Knock Off|[of] p2a: Great Tusk
|
|-weather|SunnyDay|[upkeep]
|upkeep
|turn|31
|
|t:|1757805536
|cant|p2a: Great Tusk|par
|move|p1a: Torkoal|Stealth Rock|p2a: Great Tusk
|-sidestart|p2: ItsDaFlaminLlama|move: Stealth Rock
|
|-weather|SunnyDay|[upkeep]
|upkeep
|turn|32
|
|t:|1757805542
|cant|p2a: Great Tusk|par
|move|p1a: Torkoal|Lava Plume|p2a: Great Tusk
|-damage|p2a: Great Tusk|2/100 par
|
|-weather|SunnyDay|[upkeep]
|upkeep
|turn|33
|
|t:|1757805554
|move|p2a: Great Tusk|Headlong Rush|p1a: Torkoal
|-supereffective|p1a: Torkoal
|-crit|p1a: Torkoal
|-damage|p1a: Torkoal|0 fnt
|-unboost|p2a: Great Tusk|def|1
|-unboost|p2a: Great Tusk|spd|1
|faint|p1a: Torkoal
|
|-weather|SunnyDay|[upkeep]
|upkeep
|
|t:|1757805563
|switch|p1a: Pecharunt|Pecharunt|58/100
|turn|34
|
|t:|1757805568
|cant|p2a: Great Tusk|par
|move|p1a: Pecharunt|Hex|p2a: Great Tusk
|-resisted|p2a: Great Tusk
|-damage|p2a: Great Tusk|0 fnt
|faint|p2a: Great Tusk
|-end|p2a: Great Tusk|Protosynthesis|[silent]
|
|-weather|SunnyDay|[upkeep]
|-heal|p1a: Pecharunt|64/100|[from] item: Black Sludge
|upkeep
|
|t:|1757805582
|switch|p2a: Araquanid|Araquanid, M|100/100
|turn|35
|
|t:|1757805591
|move|p1a: Pecharunt|Malignant Chain|p2a: Araquanid
|-damage|p2a: Araquanid|83/100
|-status|p2a: Araquanid|tox
|-start|p2a: Araquanid|confusion|[from] ability: Poison Puppeteer|[of] p1a: Pecharunt
|-activate|p2a: Araquanid|confusion
|move|p2a: Araquanid|Liquidation|p1a: Pecharunt
|-damage|p1a: Pecharunt|52/100
|-unboost|p1a: Pecharunt|def|1
|
|-weather|SunnyDay|[upkeep]
|-heal|p1a: Pecharunt|58/100|[from] item: Black Sludge
|-damage|p2a: Araquanid|77/100 tox|[from] psn
|upkeep
|turn|36
|
|t:|1757805607
|move|p1a: Pecharunt|Recover|p1a: Pecharunt
|-heal|p1a: Pecharunt|100/100
|-activate|p2a: Araquanid|confusion
|move|p2a: Araquanid|Mirror Coat||[still]
|-fail|p2a: Araquanid
|
|-weather|SunnyDay|[upkeep]
|-damage|p2a: Araquanid|65/100 tox|[from] psn
|upkeep
|turn|37
|
|t:|1757805617
|switch|p1a: Blissey|Blissey, F|100/100
|switch|p2a: Iron Crown|Iron Crown|49/100
|-damage|p2a: Iron Crown|43/100|[from] Stealth Rock
|
|-weather|none
|upkeep
|turn|38
|
|t:|1757805628
|move|p2a: Iron Crown|Psyshock|p1a: Blissey
|-damage|p1a: Blissey|26/100
|move|p1a: Blissey|Thunder Wave|p2a: Iron Crown
|-status|p2a: Iron Crown|par
|
|-heal|p1a: Blissey|32/100|[from] item: Leftovers
|upkeep
|turn|39
|
|t:|1757805648
|move|p2a: Iron Crown|Psyshock|p1a: Blissey
|-damage|p1a: Blissey|0 fnt
|faint|p1a: Blissey
|
|upkeep
|
|t:|1757805653
|switch|p1a: Pecharunt|Pecharunt|100/100
|turn|40
|
|t:|1757805660
|move|p1a: Pecharunt|Hex|p2a: Iron Crown
|-supereffective|p2a: Iron Crown
|-damage|p2a: Iron Crown|0 fnt
|faint|p2a: Iron Crown
|-end|p2a: Iron Crown|Quark Drive|[silent]
|
|upkeep
|
|t:|1757805670
|switch|p2a: Araquanid|Araquanid, M|65/100 tox
|turn|41
|
|t:|1757805677
|move|p1a: Pecharunt|Hex|p2a: Araquanid
|-damage|p2a: Araquanid|42/100 tox
|move|p2a: Araquanid|Mirror Coat|p1a: Pecharunt
|-damage|p1a: Pecharunt|59/100
|
|-heal|p1a: Pecharunt|65/100|[from] item: Black Sludge
|-damage|p2a: Araquanid|36/100 tox|[from] psn
|upkeep
|turn|42
|
|t:|1757805688
|move|p1a: Pecharunt|Parting Shot|p2a: Araquanid
|-unboost|p2a: Araquanid|atk|1
|-unboost|p2a: Araquanid|spa|1
|move|p2a: Araquanid|Liquidation|p1a: Pecharunt
|-damage|p1a: Pecharunt|50/100
|
|-heal|p1a: Pecharunt|57/100|[from] item: Black Sludge
|-damage|p2a: Araquanid|23/100 tox|[from] psn
|upkeep
|turn|43
|
|t:|1757805698
|move|p1a: Pecharunt|Recover|p1a: Pecharunt
|-heal|p1a: Pecharunt|100/100
|move|p2a: Araquanid|Liquidation|p1a: Pecharunt
|-damage|p1a: Pecharunt|84/100
|
|-heal|p1a: Pecharunt|90/100|[from] item: Black Sludge
|-damage|p2a: Araquanid|5/100 tox|[from] psn
|upkeep
|turn|44
|
|t:|1757805716
|move|p1a: Pecharunt|Hex|p2a: Araquanid
|-damage|p2a: Araquanid|0 fnt
|faint|p2a: Araquanid
|
|-heal|p1a: Pecharunt|97/100|[from] item: Black Sludge
|upkeep
|
|t:|1757805723
|switch|p2a: Dragonite|Dragonite, F|100/100
|-damage|p2a: Dragonite|76/100|[from] Stealth Rock
|turn|45
|
|t:|1757805730
|move|p2a: Dragonite|Dragon Dance|p2a: Dragonite
|-boost|p2a: Dragonite|atk|1
|-boost|p2a: Dragonite|spe|1
|move|p1a: Pecharunt|Malignant Chain|p2a: Dragonite
|-damage|p2a: Dragonite|41/100
|
|-heal|p2a: Dragonite|48/100|[from] item: Leftovers
|-heal|p1a: Pecharunt|100/100|[from] item: Black Sludge
|upkeep
|turn|46
|
|t:|1757805743
|move|p2a: Dragonite|Earthquake|p1a: Pecharunt
|-supereffective|p1a: Pecharunt
|-damage|p1a: Pecharunt|40/100
|move|p1a: Pecharunt|Parting Shot|p2a: Dragonite
|-unboost|p2a: Dragonite|atk|1
|-unboost|p2a: Dragonite|spa|1
|
|-heal|p2a: Dragonite|54/100|[from] item: Leftovers
|-heal|p1a: Pecharunt|46/100|[from] item: Black Sludge
|upkeep
|turn|47
|
|t:|1757805754
|move|p2a: Dragonite|Earthquake|p1a: Pecharunt
|-supereffective|p1a: Pecharunt
|-damage|p1a: Pecharunt|4/100
|move|p1a: Pecharunt|Recover|p1a: Pecharunt
|-heal|p1a: Pecharunt|54/100
|
|-heal|p2a: Dragonite|60/100|[from] item: Leftovers
|-heal|p1a: Pecharunt|60/100|[from] item: Black Sludge
|upkeep
|turn|48
|
|t:|1757805765
|move|p2a: Dragonite|Dragon Dance|p2a: Dragonite
|-boost|p2a: Dragonite|atk|1
|-boost|p2a: Dragonite|spe|1
|move|p1a: Pecharunt|Parting Shot|p2a: Dragonite
|-unboost|p2a: Dragonite|atk|1
|-unboost|p2a: Dragonite|spa|1
|
|-heal|p2a: Dragonite|66/100|[from] item: Leftovers
|-heal|p1a: Pecharunt|66/100|[from] item: Black Sludge
|upkeep
|turn|49
|
|t:|1757805778
|move|p2a: Dragonite|Earthquake|p1a: Pecharunt
|-supereffective|p1a: Pecharunt
|-damage|p1a: Pecharunt|29/100
|move|p1a: Pecharunt|Malignant Chain|p2a: Dragonite
|-damage|p2a: Dragonite|35/100
|-status|p2a: Dragonite|tox
|-start|p2a: Dragonite|confusion|[from] ability: Poison Puppeteer|[of] p1a: Pecharunt
|
|-heal|p2a: Dragonite|41/100 tox|[from] item: Leftovers
|-heal|p1a: Pecharunt|35/100|[from] item: Black Sludge
|-damage|p2a: Dragonite|35/100 tox|[from] psn
|upkeep
|turn|50
|
|t:|1757805793
|-activate|p2a: Dragonite|confusion
|-damage|p2a: Dragonite|19/100 tox|[from] confusion
|move|p1a: Pecharunt|Recover|p1a: Pecharunt
|-heal|p1a: Pecharunt|85/100
|
|-heal|p2a: Dragonite|25/100 tox|[from] item: Leftovers
|-heal|p1a: Pecharunt|91/100|[from] item: Black Sludge
|-damage|p2a: Dragonite|13/100 tox|[from] psn
|upkeep
|turn|51
|
|t:|1757805805
|-end|p2a: Dragonite|confusion
|move|p2a: Dragonite|Earthquake|p1a: Pecharunt
|-supereffective|p1a: Pecharunt
|-damage|p1a: Pecharunt|53/100
|move|p1a: Pecharunt|Recover|p1a: Pecharunt
|-heal|p1a: Pecharunt|100/100
|
|-heal|p2a: Dragonite|19/100 tox|[from] item: Leftovers
|-damage|p2a: Dragonite|0 fnt|[from] psn
|faint|p2a: Dragonite
|upkeep
|
|t:|1757805817
|switch|p2a: Moltres|Moltres|38/100
|turn|52
|
|t:|1757805824
|move|p2a: Moltres|Rest|p2a: Moltres
|-status|p2a: Moltres|slp|[from] move: Rest
|-heal|p2a: Moltres|100/100 slp|[silent]
|move|p1a: Pecharunt|Malignant Chain|p2a: Moltres
|-crit|p2a: Moltres
|-damage|p2a: Moltres|49/100 slp
|
|upkeep
|turn|53
|
|t:|1757805833
|cant|p2a: Moltres|slp
|move|p2a: Moltres|Sleep Talk|p2a: Moltres
|move|p2a: Moltres|Flamethrower|p1a: Pecharunt|[from] move: Sleep Talk
|-damage|p1a: Pecharunt|65/100
|move|p1a: Pecharunt|Parting Shot|p2a: Moltres
|-unboost|p2a: Moltres|atk|1
|-unboost|p2a: Moltres|spa|1
|
|-heal|p1a: Pecharunt|72/100|[from] item: Black Sludge
|upkeep
|turn|54
|
|t:|1757805845
|cant|p2a: Moltres|slp
|move|p2a: Moltres|Sleep Talk|p2a: Moltres
|move|p2a: Moltres|Rest||[from] move: Sleep Talk|[still]
|-fail|p2a: Moltres
|move|p1a: Pecharunt|Hex|p2a: Moltres
|-damage|p2a: Moltres|9/100 slp
|
|-heal|p1a: Pecharunt|78/100|[from] item: Black Sludge
|upkeep
|turn|55
|
|t:|1757805856
|-curestatus|p2a: Moltres|slp|[msg]
|move|p2a: Moltres|Rest|p2a: Moltres
|-status|p2a: Moltres|slp|[from] move: Rest
|-heal|p2a: Moltres|100/100 slp|[silent]
|move|p1a: Pecharunt|Hex|p2a: Moltres
|-damage|p2a: Moltres|61/100 slp
|
|-heal|p1a: Pecharunt|84/100|[from] item: Black Sludge
|upkeep
|turn|56
|
|t:|1757805870
|cant|p2a: Moltres|slp
|move|p2a: Moltres|Sleep Talk|p2a: Moltres
|move|p2a: Moltres|Rest||[from] move: Sleep Talk|[still]
|-fail|p2a: Moltres
|move|p1a: Pecharunt|Parting Shot|p2a: Moltres
|-unboost|p2a: Moltres|atk|1
|-unboost|p2a: Moltres|spa|1
|
|-heal|p1a: Pecharunt|90/100|[from] item: Black Sludge
|upkeep
|turn|57
|-message|ItsDaFlaminLlama forfeited.
|
|win|SrZalex
|raw|SrZalex's rating: 1236 &rarr; <strong>1264</strong><br />(+28 for winning)
|raw|ItsDaFlaminLlama's rating: 1272 &rarr; <strong>1244</strong><br />(-28 for losing)
|l|☆ItsDaFlaminLlama
|player|p2|
