|j|☆crunk juice34
|j|☆Rob Rancid
|t:|1757831473
|gametype|singles
|player|p1|crunk juice34|gambler|1511
|player|p2|Rob Rancid|marlon|1472
|gen|9
|tier|[Gen 9] OU
|rated|
|rule|HP Percentage Mod: HP is shown in percentages
|rule|Endless Battle Clause: Forcing endless battles is banned
|rule|Species Clause: Limit one of each Pokémon
|rule|OHKO Clause: OHKO moves are banned
|rule|Evasion Items Clause: Evasion items are banned
|rule|Evasion Moves Clause: Evasion moves are banned
|rule|Evasion Abilities Clause: Evasion abilities are banned
|rule|Sleep Moves Clause: Sleep-inducing moves are banned
|clearpoke
|poke|p1|Araquanid, M|
|poke|p1|Gholdengo|
|poke|p1|Landorus-Therian, M|
|poke|p1|Iron Moth|
|poke|p1|Ogerpon-Wellspring, F|
|poke|p1|Great Tusk|
|poke|p2|Ribombee, M|
|poke|p2|Haxorus, M|
|poke|p2|Skeledirge, M|
|poke|p2|Tornadus-Therian, M|
|poke|p2|Great Tusk|
|poke|p2|Samurott-Hisui, F|
|teampreview
|inactive|Battle timer is ON: inactive players will automatically lose when time's up. (requested by crunk juice34)
|
|t:|1757831492
|teamsize|p1|6
|teamsize|p2|6
|start
|switch|p1a: Agua|Araquanid, M|100/100
|switch|p2a: Samurott|Samurott-Hisui, F|100/100
|turn|1
|
|t:|1757831500
|move|p2a: Samurott|Ceaseless Edge|p1a: Agua
|-damage|p1a: Agua|59/100
|-sidestart|p1: crunk juice34|Spikes
|move|p1a: Agua|Lunge|p2a: Samurott
|-supereffective|p2a: Samurott
|-crit|p2a: Samurott
|-damage|p2a: Samurott|18/100
|-unboost|p2a: Samurott|atk|1
|
|upkeep
|turn|2
|
|t:|1757831511
|move|p2a: Samurott|Ceaseless Edge|p1a: Agua
|-damage|p1a: Agua|32/100
|-sidestart|p1: crunk juice34|Spikes
|move|p1a: Agua|Lunge|p2a: Samurott
|-supereffective|p2a: Samurott
|-damage|p2a: Samurott|0 fnt
|faint|p2a: Samurott
|
|upkeep
|
|t:|1757831528
|switch|p2a: Ribombee|Ribombee, M|100/100
|turn|3
|
|t:|1757831535
|move|p2a: Ribombee|Moonblast|p1a: Agua
|-damage|p1a: Agua|2/100
|move|p1a: Agua|Sticky Web|p2a: Ribombee
|-sidestart|p2: Rob Rancid|move: Sticky Web
|
|upkeep
|turn|4
|-enditem|p1a: Agua|Custap Berry|[eat]
|-activate|p1a: Agua|item: Custap Berry|[consumed]
|
|t:|1757831543
|move|p1a: Agua|Endeavor|p2a: Ribombee
|-damage|p2a: Ribombee|3/100
|move|p2a: Ribombee|Sticky Web|p1a: Agua
|-sidestart|p1: crunk juice34|move: Sticky Web
|
|upkeep
|turn|5
|
|t:|1757831557
|move|p2a: Ribombee|Moonblast|p1a: Agua
|-damage|p1a: Agua|0 fnt
|faint|p1a: Agua
|
|upkeep
|
|t:|1757831563
|switch|p1a: Elefante|Great Tusk|100/100
|-damage|p1a: Elefante|84/100|[from] Spikes
|-activate|p1a: Elefante|move: Sticky Web
|-unboost|p1a: Elefante|spe|1
|-enditem|p1a: Elefante|Booster Energy
|-activate|p1a: Elefante|ability: Protosynthesis|[fromitem]
|-start|p1a: Elefante|protosynthesisatk
|turn|6
|
|t:|1757831577
|-terastallize|p2a: Ribombee|Ghost
|-terastallize|p1a: Elefante|Steel
|move|p2a: Ribombee|Quiver Dance|p2a: Ribombee
|-boost|p2a: Ribombee|spa|1
|-boost|p2a: Ribombee|spd|1
|-boost|p2a: Ribombee|spe|1
|move|p1a: Elefante|Rapid Spin|p2a: Ribombee
|-immune|p2a: Ribombee
|
|upkeep
|turn|7
|
|t:|1757831590
|move|p2a: Ribombee|Moonblast|p1a: Elefante
|-resisted|p1a: Elefante
|-damage|p1a: Elefante|37/100
|move|p1a: Elefante|Ice Spinner|p2a: Ribombee
|-damage|p2a: Ribombee|0 fnt
|faint|p2a: Ribombee
|
|upkeep
|
|t:|1757831603
|switch|p2a: Tornadus|Tornadus-Therian, M|100/100
|turn|8
|
|t:|1757831610
|-end|p1a: Elefante|Protosynthesis|[silent]
|switch|p1a: Tortilla|Iron Moth|100/100
|-damage|p1a: Tortilla|84/100|[from] Spikes
|-activate|p1a: Tortilla|move: Sticky Web
|-unboost|p1a: Tortilla|spe|1
|-enditem|p1a: Tortilla|Booster Energy
|-activate|p1a: Tortilla|ability: Quark Drive|[fromitem]
|-start|p1a: Tortilla|quarkdrivespa
|move|p2a: Tornadus|Heat Wave|p1a: Tortilla
|-resisted|p1a: Tortilla
|-damage|p1a: Tortilla|67/100
|
|upkeep
|turn|9
|
|t:|1757831624
|move|p2a: Tornadus|Air Slash|p1a: Tortilla
|-damage|p1a: Tortilla|31/100
|move|p1a: Tortilla|Sludge Wave|p2a: Tornadus
|-damage|p2a: Tornadus|40/100
|
|upkeep
|turn|10
|
|t:|1757831631
|move|p2a: Tornadus|Air Slash|p1a: Tortilla
|-damage|p1a: Tortilla|0 fnt
|faint|p1a: Tortilla
|-end|p1a: Tortilla|Quark Drive|[silent]
|
|upkeep
|
|t:|1757831645
|switch|p1a: Queso|Gholdengo|100/100
|-item|p1a: Queso|Air Balloon
|turn|11
|
|t:|1757831654
|move|p2a: Tornadus|U-turn|p1a: Queso
|-resisted|p1a: Queso
|-damage|p1a: Queso|98/100
|-enditem|p1a: Queso|Air Balloon
|
|t:|1757831665
|switch|p2a: Haxorus|Haxorus, M|100/100|[from] U-turn
|-activate|p2a: Haxorus|move: Sticky Web
|-unboost|p2a: Haxorus|spe|1
|-ability|p2a: Haxorus|Mold Breaker
|move|p1a: Queso|Shadow Ball|p2a: Haxorus
|-damage|p2a: Haxorus|47/100
|
|upkeep
|turn|12
|
|t:|1757831678
|move|p1a: Queso|Shadow Ball|p2a: Haxorus
|-damage|p2a: Haxorus|0 fnt
|faint|p2a: Haxorus
|
|upkeep
|
|t:|1757831689
|switch|p2a: Tornadus|Tornadus-Therian, M|73/100
|turn|13
|
|t:|1757831695
|move|p2a: Tornadus|Heat Wave|p1a: Queso
|-supereffective|p1a: Queso
|-damage|p1a: Queso|40/100
|move|p1a: Queso|Nasty Plot|p1a: Queso
|-boost|p1a: Queso|spa|2
|
|upkeep
|turn|14
|
|t:|1757831704
|move|p2a: Tornadus|Heat Wave|p1a: Queso
|-supereffective|p1a: Queso
|-damage|p1a: Queso|0 fnt
|faint|p1a: Queso
|
|upkeep
|
|t:|1757831720
|switch|p1a: Mascara|Ogerpon-Wellspring, F|100/100
|-damage|p1a: Mascara|84/100|[from] Spikes
|-activate|p1a: Mascara|move: Sticky Web
|-unboost|p1a: Mascara|spe|1
|turn|15
|
|t:|1757831740
|move|p2a: Tornadus|U-turn|p1a: Mascara
|-supereffective|p1a: Mascara
|-damage|p1a: Mascara|48/100
|
|t:|1757831754
|switch|p2a: Skeledirge|Skeledirge, M|100/100|[from] U-turn
|move|p1a: Mascara|Ivy Cudgel|p2a: Skeledirge|[anim] Ivy Cudgel Water
|-supereffective|p2a: Skeledirge
|-damage|p2a: Skeledirge|28/100
|
|upkeep
|turn|16
|
|t:|1757831764
|move|p1a: Mascara|Knock Off|p2a: Skeledirge
|-supereffective|p2a: Skeledirge
|-damage|p2a: Skeledirge|0 fnt
|-enditem|p2a: Skeledirge|Heavy-Duty Boots|[from] move: Knock Off|[of] p1a: Mascara
|faint|p2a: Skeledirge
|
|upkeep
|
|t:|1757831773
|switch|p2a: Tornadus|Tornadus-Therian, M|100/100
|turn|17
|
|t:|1757831779
|move|p2a: Tornadus|Air Slash|p1a: Mascara
|-supereffective|p1a: Mascara
|-damage|p1a: Mascara|0 fnt
|faint|p1a: Mascara
|
|upkeep
|
|t:|1757831783
|switch|p1a: Tigre|Landorus-Therian, M|100/100
|-ability|p1a: Tigre|Intimidate|boost
|-unboost|p2a: Tornadus|atk|1
|turn|18
|
|t:|1757831801
|move|p2a: Tornadus|Air Slash|p1a: Tigre
|-damage|p1a: Tigre|64/100
|move|p1a: Tigre|U-turn|p2a: Tornadus
|-resisted|p2a: Tornadus
|-damage|p2a: Tornadus|87/100
|
|t:|1757831803
|switch|p1a: Elefante|Great Tusk, tera:Steel|37/100|[from] U-turn
|-damage|p1a: Elefante|20/100|[from] Spikes
|-activate|p1a: Elefante|move: Sticky Web
|-unboost|p1a: Elefante|spe|1
|
|upkeep
|turn|19
|
|t:|1757831817
|move|p2a: Tornadus|Air Slash|p1a: Elefante
|-resisted|p1a: Elefante
|-damage|p1a: Elefante|0 fnt
|faint|p1a: Elefante
|-end|p1a: Elefante|Protosynthesis|[silent]
|
|upkeep
|
|t:|1757831819
|switch|p1a: Tigre|Landorus-Therian, M|64/100
|-ability|p1a: Tigre|Intimidate|boost
|-unboost|p2a: Tornadus|atk|1
|turn|20
|-message|crunk juice34 forfeited.
|
|win|Rob Rancid
|raw|crunk juice34's rating: 1511 &rarr; <strong>1489</strong><br />(-22 for losing)
|raw|Rob Rancid's rating: 1472 &rarr; <strong>1494</strong><br />(+22 for winning)
|l|☆crunk juice34
|player|p1|
|l|☆Rob Rancid
|player|p2|
