|j|☆Passerby bye
|j|☆ouku bakuza
|t:|1757828391
|gametype|singles
|player|p1|Passerby bye|cyclist|1490
|player|p2|ouku bakuza|266|1520
|gen|9
|tier|[Gen 9] OU
|rated|
|rule|HP Percentage Mod: HP is shown in percentages
|rule|Endless Battle Clause: Forcing endless battles is banned
|rule|Species Clause: Limit one of each Pokémon
|rule|OHKO Clause: OHKO moves are banned
|rule|Evasion Items Clause: Evasion items are banned
|rule|Evasion Moves Clause: Evasion moves are banned
|rule|Evasion Abilities Clause: Evasion abilities are banned
|rule|Sleep Moves Clause: Sleep-inducing moves are banned
|clearpoke
|poke|p1|Magnezone|
|poke|p1|Vileplume, M|
|poke|p1|Gyarados, F|
|poke|p1|Houndoom, M|
|poke|p1|Mamoswine, F|
|poke|p1|Azumarill, M|
|poke|p2|Great Tusk|
|poke|p2|Dragonite, M|
|poke|p2|Gholdengo|
|poke|p2|Iron Treads|
|poke|p2|Rotom-Wash|
|poke|p2|Iron Valiant|
|teampreview
|inactive|Battle timer is ON: inactive players will automatically lose when time's up. (requested by ouku bakuza)
|
|t:|1757828401
|teamsize|p1|6
|teamsize|p2|6
|start
|switch|p1a: Ordinary Pkmn only|Vileplume, M|100/100
|switch|p2a: Iron Treads|Iron Treads|100/100
|-enditem|p2a: Iron Treads|Booster Energy
|-activate|p2a: Iron Treads|ability: Quark Drive|[fromitem]
|-start|p2a: Iron Treads|quarkdrivespe
|turn|1
|
|t:|1757828408
|move|p2a: Iron Treads|Stealth Rock|p1a: Ordinary Pkmn only
|-sidestart|p1: Passerby bye|move: Stealth Rock
|move|p1a: Ordinary Pkmn only|Leech Seed|p2a: Iron Treads
|-start|p2a: Iron Treads|move: Leech Seed
|
|-damage|p2a: Iron Treads|88/100|[from] Leech Seed|[of] p1a: Ordinary Pkmn only
|upkeep
|turn|2
|
|t:|1757828425
|move|p2a: Iron Treads|Rapid Spin|p1a: Ordinary Pkmn only
|-damage|p1a: Ordinary Pkmn only|88/100
|-boost|p2a: Iron Treads|spe|1
|-damage|p2a: Iron Treads|72/100|[from] item: Rocky Helmet|[of] p1a: Ordinary Pkmn only
|-status|p2a: Iron Treads|par|[from] ability: Effect Spore|[of] p1a: Ordinary Pkmn only
|-end|p2a: Iron Treads|Leech Seed|[from] move: Rapid Spin|[of] p2a: Iron Treads
|move|p1a: Ordinary Pkmn only|Giga Drain|p2a: Iron Treads
|-crit|p2a: Iron Treads
|-damage|p2a: Iron Treads|8/100 par
|-heal|p1a: Ordinary Pkmn only|100/100|[from] drain|[of] p2a: Iron Treads
|
|upkeep
|turn|3
|
|t:|1757828437
|-end|p2a: Iron Treads|Quark Drive|[silent]
|switch|p2a: van gho|Gholdengo|100/100
|move|p1a: Ordinary Pkmn only|Giga Drain|p2a: van gho
|-resisted|p2a: van gho
|-damage|p2a: van gho|87/100
|
|-heal|p2a: van gho|93/100|[from] item: Leftovers
|upkeep
|turn|4
|
|t:|1757828452
|switch|p1a: Weather Team sucks|Houndoom, M|100/100
|move|p2a: van gho|Nasty Plot|p2a: van gho
|-boost|p2a: van gho|spa|2
|
|-heal|p2a: van gho|99/100|[from] item: Leftovers
|upkeep
|turn|5
|
|t:|1757828461
|switch|p2a: Iron Treads|Iron Treads|8/100 par
|move|p1a: Weather Team sucks|Dark Pulse|p2a: Iron Treads
|-damage|p2a: Iron Treads|0 fnt
|faint|p2a: Iron Treads
|-end|p2a: Iron Treads|Quark Drive|[silent]
|
|upkeep
|
|t:|1757828467
|switch|p2a: Iron Valiant|Iron Valiant|100/100
|-enditem|p2a: Iron Valiant|Booster Energy
|-activate|p2a: Iron Valiant|ability: Quark Drive|[fromitem]
|-start|p2a: Iron Valiant|quarkdrivespe
|turn|6
|
|t:|1757828473
|switch|p1a: Ordinary Pkmn only|Vileplume, M|100/100
|-damage|p1a: Ordinary Pkmn only|88/100|[from] Stealth Rock
|move|p2a: Iron Valiant|Close Combat|p1a: Ordinary Pkmn only
|-resisted|p1a: Ordinary Pkmn only
|-damage|p1a: Ordinary Pkmn only|66/100
|-unboost|p2a: Iron Valiant|def|1
|-unboost|p2a: Iron Valiant|spd|1
|-damage|p2a: Iron Valiant|84/100|[from] item: Rocky Helmet|[of] p1a: Ordinary Pkmn only
|
|upkeep
|turn|7
|
|t:|1757828486
|move|p2a: Iron Valiant|Ice Punch|p1a: Ordinary Pkmn only
|-supereffective|p1a: Ordinary Pkmn only
|-damage|p1a: Ordinary Pkmn only|26/100
|-damage|p2a: Iron Valiant|67/100|[from] item: Rocky Helmet|[of] p1a: Ordinary Pkmn only
|move|p1a: Ordinary Pkmn only|Giga Drain|p2a: Iron Valiant
|-damage|p2a: Iron Valiant|0 fnt
|-heal|p1a: Ordinary Pkmn only|54/100|[from] drain|[of] p2a: Iron Valiant
|faint|p2a: Iron Valiant
|-end|p2a: Iron Valiant|Quark Drive|[silent]
|
|upkeep
|
|t:|1757828495
|switch|p2a: good horns|Great Tusk|100/100
|-enditem|p2a: good horns|Booster Energy
|-activate|p2a: good horns|ability: Protosynthesis|[fromitem]
|-start|p2a: good horns|protosynthesisatk
|turn|8
|
|t:|1757828502
|move|p2a: good horns|Ice Spinner|p1a: Ordinary Pkmn only
|-supereffective|p1a: Ordinary Pkmn only
|-damage|p1a: Ordinary Pkmn only|0 fnt
|-damage|p2a: good horns|84/100|[from] item: Rocky Helmet|[of] p1a: Ordinary Pkmn only
|-status|p2a: good horns|psn|[from] ability: Effect Spore|[of] p1a: Ordinary Pkmn only
|faint|p1a: Ordinary Pkmn only
|
|-damage|p2a: good horns|72/100 psn|[from] psn
|upkeep
|
|t:|1757828507
|switch|p1a: BST＞540 Pkmn sucks|Gyarados, F, shiny|100/100
|-ability|p1a: BST＞540 Pkmn sucks|Intimidate|boost
|-unboost|p2a: good horns|atk|1
|turn|9
|
|t:|1757828514
|-end|p2a: good horns|Protosynthesis|[silent]
|switch|p2a: Rotom|Rotom-Wash|100/100
|move|p1a: BST＞540 Pkmn sucks|Waterfall|p2a: Rotom
|-resisted|p2a: Rotom
|-damage|p2a: Rotom|78/100
|
|upkeep
|turn|10
|
|t:|1757828529
|switch|p1a: Legend Pkmn sucks|Magnezone|100/100
|-damage|p1a: Legend Pkmn sucks|94/100|[from] Stealth Rock
|move|p2a: Rotom|Trick|p1a: Legend Pkmn sucks
|-activate|p2a: Rotom|move: Trick|[of] p1a: Legend Pkmn sucks
|-item|p1a: Legend Pkmn sucks|Choice Scarf|[from] move: Trick
|-item|p2a: Rotom|Choice Specs|[from] move: Trick
|
|upkeep
|turn|11
|
|t:|1757828537
|move|p2a: Rotom|Volt Switch|p1a: Legend Pkmn sucks
|-resisted|p1a: Legend Pkmn sucks
|-damage|p1a: Legend Pkmn sucks|73/100
|
|t:|1757828540
|switch|p2a: good horns|Great Tusk|72/100 psn|[from] Volt Switch
|move|p1a: Legend Pkmn sucks|Flash Cannon|p2a: good horns
|-damage|p2a: good horns|0 fnt
|faint|p2a: good horns
|-end|p2a: good horns|Protosynthesis|[silent]
|
|upkeep
|
|t:|1757828562
|switch|p2a: van gho|Gholdengo|99/100
|turn|12
|
|t:|1757828567
|switch|p1a: Weather Team sucks|Houndoom, M|100/100
|move|p2a: van gho|Nasty Plot|p2a: van gho
|-boost|p2a: van gho|spa|2
|
|-heal|p2a: van gho|100/100|[from] item: Leftovers
|upkeep
|turn|13
|
|t:|1757828571
|move|p1a: Weather Team sucks|Fire Blast|p2a: van gho|[miss]
|-miss|p1a: Weather Team sucks|p2a: van gho
|move|p2a: van gho|Make It Rain|p1a: Weather Team sucks
|-resisted|p1a: Weather Team sucks
|-damage|p1a: Weather Team sucks|24/100
|-unboost|p2a: van gho|spa|1
|
|upkeep
|turn|14
|
|t:|1757828579
|switch|p2a: Rotom|Rotom-Wash|78/100
|move|p1a: Weather Team sucks|Fire Blast|p2a: Rotom
|-resisted|p2a: Rotom
|-damage|p2a: Rotom|53/100
|
|upkeep
|turn|15
|
|t:|1757828585
|move|p1a: Weather Team sucks|Destiny Bond|p1a: Weather Team sucks
|-singlemove|p1a: Weather Team sucks|Destiny Bond
|move|p2a: Rotom|Volt Switch|p1a: Weather Team sucks
|-damage|p1a: Weather Team sucks|0 fnt
|faint|p1a: Weather Team sucks
|-activate|p1a: Weather Team sucks|move: Destiny Bond
|faint|p2a: Rotom
|
|upkeep
|
|t:|1757828595
|switch|p1a: Sample Team sucks|Azumarill, M|100/100
|switch|p2a: van gho|Gholdengo|100/100
|-damage|p1a: Sample Team sucks|88/100|[from] Stealth Rock
|turn|16
|
|t:|1757828606
|move|p2a: van gho|Make It Rain|p1a: Sample Team sucks
|-damage|p1a: Sample Team sucks|51/100
|-unboost|p2a: van gho|spa|1
|move|p1a: Sample Team sucks|Knock Off|p2a: van gho
|-supereffective|p2a: van gho
|-damage|p2a: van gho|46/100
|-enditem|p2a: van gho|Leftovers|[from] move: Knock Off|[of] p1a: Sample Team sucks
|
|upkeep
|turn|17
|
|t:|1757828613
|move|p2a: van gho|Recover|p2a: van gho
|-heal|p2a: van gho|96/100
|move|p1a: Sample Team sucks|Liquidation|p2a: van gho
|-damage|p2a: van gho|57/100
|
|upkeep
|turn|18
|
|t:|1757828635
|move|p2a: van gho|Recover|p2a: van gho
|-heal|p2a: van gho|100/100
|move|p1a: Sample Team sucks|Liquidation|p2a: van gho
|-damage|p2a: van gho|61/100
|-unboost|p2a: van gho|def|1
|
|upkeep
|turn|19
|
|t:|1757828644
|move|p2a: van gho|Make It Rain|p1a: Sample Team sucks
|-damage|p1a: Sample Team sucks|27/100
|-unboost|p2a: van gho|spa|1
|move|p1a: Sample Team sucks|Liquidation|p2a: van gho
|-crit|p2a: van gho
|-damage|p2a: van gho|0 fnt
|faint|p2a: van gho
|
|upkeep
|
|t:|1757828656
|switch|p2a: Dragonite|Dragonite, M|100/100
|turn|20
|inactive|ouku bakuza has 120 seconds left.
|
|t:|1757828687
|move|p2a: Dragonite|Extreme Speed|p1a: Sample Team sucks
|-crit|p1a: Sample Team sucks
|-damage|p1a: Sample Team sucks|0 fnt
|faint|p1a: Sample Team sucks
|
|upkeep
|
|t:|1757828697
|switch|p1a: Terrain Team sucks|Mamoswine, F|100/100
|-damage|p1a: Terrain Team sucks|88/100|[from] Stealth Rock
|turn|21
|inactive|ouku bakuza has 120 seconds left.
|
|t:|1757828716
|-terastallize|p2a: Dragonite|Fire
|move|p2a: Dragonite|Dragon Dance|p2a: Dragonite
|-boost|p2a: Dragonite|atk|1
|-boost|p2a: Dragonite|spe|1
|move|p1a: Terrain Team sucks|Avalanche|p2a: Dragonite
|-resisted|p2a: Dragonite
|-damage|p2a: Dragonite|91/100
|
|-heal|p2a: Dragonite|97/100|[from] item: Leftovers
|upkeep
|turn|22
|inactive|ouku bakuza has 120 seconds left.
|
|t:|1757828726
|move|p2a: Dragonite|Fire Punch|p1a: Terrain Team sucks
|-supereffective|p1a: Terrain Team sucks
|-damage|p1a: Terrain Team sucks|19/100
|-status|p1a: Terrain Team sucks|brn
|move|p1a: Terrain Team sucks|High Horsepower|p2a: Dragonite
|-supereffective|p2a: Dragonite
|-damage|p2a: Dragonite|33/100
|
|-heal|p2a: Dragonite|39/100|[from] item: Leftovers
|-damage|p1a: Terrain Team sucks|13/100 brn|[from] brn
|upkeep
|turn|23
|inactive|ouku bakuza has 120 seconds left.
|
|t:|1757828738
|move|p2a: Dragonite|Fire Punch|p1a: Terrain Team sucks
|-supereffective|p1a: Terrain Team sucks
|-damage|p1a: Terrain Team sucks|0 fnt
|faint|p1a: Terrain Team sucks
|
|-heal|p2a: Dragonite|45/100|[from] item: Leftovers
|upkeep
|
|t:|1757828741
|switch|p1a: BST＞540 Pkmn sucks|Gyarados, F, shiny|100/100
|-ability|p1a: BST＞540 Pkmn sucks|Intimidate|boost
|-unboost|p2a: Dragonite|atk|1
|turn|24
|
|t:|1757828744
|move|p2a: Dragonite|Dragon Claw|p1a: BST＞540 Pkmn sucks
|-damage|p1a: BST＞540 Pkmn sucks|56/100
|move|p1a: BST＞540 Pkmn sucks|Waterfall|p2a: Dragonite
|-supereffective|p2a: Dragonite
|-damage|p2a: Dragonite|0 fnt
|faint|p2a: Dragonite
|
|win|Passerby bye
|raw|Passerby bye's rating: 1490 &rarr; <strong>1512</strong><br />(+22 for winning)
|raw|ouku bakuza's rating: 1520 &rarr; <strong>1498</strong><br />(-22 for losing)
|l|☆ouku bakuza
|player|p2|
|l|☆Passerby bye
|player|p1|
