|j|☆Loolaman
|j|☆Rezok90321
|t:|1757940919
|gametype|singles
|player|p1|Loolaman|101|1293
|player|p2|Rezok90321|n|1304
|gen|9
|tier|[Gen 9] OU
|rated|
|rule|HP Percentage Mod: HP is shown in percentages
|rule|Endless Battle Clause: Forcing endless battles is banned
|rule|Species Clause: Limit one of each Pokémon
|rule|OHKO Clause: OHKO moves are banned
|rule|Evasion Items Clause: Evasion items are banned
|rule|Evasion Moves Clause: Evasion moves are banned
|rule|Evasion Abilities Clause: Evasion abilities are banned
|rule|Sleep Moves Clause: Sleep-inducing moves are banned
|clearpoke
|poke|p1|Skarmory, F|
|poke|p1|Pelipper, F|
|poke|p1|Ludicolo, F|
|poke|p1|Great Tusk|
|poke|p1|Goodra-Hisui, M|
|poke|p1|Zapdos|
|poke|p2|Darkrai|
|poke|p2|Samurott-Hisui, F|
|poke|p2|Latios, M|
|poke|p2|Pecharunt|
|poke|p2|Zamazenta-*|
|poke|p2|Landorus-Therian, M|
|teampreview
|inactive|Battle timer is ON: inactive players will automatically lose when time's up. (requested by Loolaman)
|
|t:|1757940927
|teamsize|p1|6
|teamsize|p2|6
|start
|switch|p1a: Zapdos|Zapdos|100/100
|switch|p2a: Samurott|Samurott-Hisui, F|100/100
|turn|1
|
|t:|1757940935
|move|p1a: Zapdos|Volt Switch|p2a: Samurott
|-supereffective|p2a: Samurott
|-damage|p2a: Samurott|56/100
|
|t:|1757940948
|switch|p1a: Skarmory|Skarmory, F|100/100|[from] Volt Switch
|move|p2a: Samurott|Knock Off|p1a: Skarmory
|-damage|p1a: Skarmory|76/100
|-enditem|p1a: Skarmory|Heavy-Duty Boots|[from] move: Knock Off|[of] p2a: Samurott
|
|upkeep
|turn|2
|
|t:|1757940956
|move|p2a: Samurott|Ceaseless Edge|p1a: Skarmory
|-damage|p1a: Skarmory|52/100
|-sidestart|p1: Loolaman|Spikes
|move|p1a: Skarmory|Stealth Rock|p2a: Samurott
|-sidestart|p2: Rezok90321|move: Stealth Rock
|
|upkeep
|turn|3
|
|t:|1757940961
|move|p2a: Samurott|Ceaseless Edge|p1a: Skarmory
|-damage|p1a: Skarmory|27/100
|-sidestart|p1: Loolaman|Spikes
|move|p1a: Skarmory|Spikes|p2a: Samurott
|-sidestart|p2: Rezok90321|Spikes
|
|upkeep
|turn|4
|
|t:|1757940970
|move|p2a: Samurott|Razor Shell|p1a: Skarmory|[miss]
|-miss|p2a: Samurott|p1a: Skarmory
|move|p1a: Skarmory|Spikes|p2a: Samurott
|-sidestart|p2: Rezok90321|Spikes
|
|upkeep
|turn|5
|
|t:|1757940974
|move|p2a: Samurott|Ceaseless Edge|p1a: Skarmory
|-damage|p1a: Skarmory|4/100
|-sidestart|p1: Loolaman|Spikes
|move|p1a: Skarmory|Spikes|p2a: Samurott
|-sidestart|p2: Rezok90321|Spikes
|
|upkeep
|turn|6
|
|t:|1757940978
|move|p2a: Samurott|Aqua Jet|p1a: Skarmory
|-damage|p1a: Skarmory|0 fnt
|faint|p1a: Skarmory
|
|upkeep
|
|t:|1757940986
|switch|p1a: Pelipper|Pelipper, F|100/100
|-weather|RainDance|[from] ability: Drizzle|[of] p1a: Pelipper
|turn|7
|
|t:|1757940992
|move|p2a: Samurott|Knock Off|p1a: Pelipper
|-damage|p1a: Pelipper|46/100
|-enditem|p1a: Pelipper|Damp Rock|[from] move: Knock Off|[of] p2a: Samurott
|move|p1a: Pelipper|Hurricane|p2a: Samurott
|-damage|p2a: Samurott|18/100
|-start|p2a: Samurott|confusion
|
|-weather|RainDance|[upkeep]
|upkeep
|turn|8
|
|t:|1757941005
|-activate|p2a: Samurott|confusion
|-damage|p2a: Samurott|6/100|[from] confusion
|move|p1a: Pelipper|Surf|p2a: Samurott
|-resisted|p2a: Samurott
|-damage|p2a: Samurott|0 fnt
|faint|p2a: Samurott
|
|-weather|RainDance|[upkeep]
|upkeep
|
|t:|1757941018
|switch|p2a: Latios|Latios, M|100/100
|-damage|p2a: Latios|88/100|[from] Stealth Rock
|turn|9
|
|t:|1757941022
|move|p2a: Latios|Calm Mind|p2a: Latios
|-boost|p2a: Latios|spa|1
|-boost|p2a: Latios|spd|1
|move|p1a: Pelipper|Ice Beam|p2a: Latios
|-supereffective|p2a: Latios
|-damage|p2a: Latios|47/100
|
|-weather|RainDance|[upkeep]
|upkeep
|turn|10
|
|t:|1757941028
|-terastallize|p2a: Latios|Steel
|move|p2a: Latios|Recover|p2a: Latios
|-heal|p2a: Latios|97/100
|move|p1a: Pelipper|Hurricane|p2a: Latios
|-resisted|p2a: Latios
|-damage|p2a: Latios|81/100
|-start|p2a: Latios|confusion
|
|-weather|RainDance|[upkeep]
|upkeep
|turn|11
|
|t:|1757941041
|switch|p1a: Goodra|Goodra-Hisui, M|100/100
|-damage|p1a: Goodra|75/100|[from] Spikes
|-activate|p2a: Latios|confusion
|move|p2a: Latios|Calm Mind|p2a: Latios
|-boost|p2a: Latios|spa|1
|-boost|p2a: Latios|spd|1
|
|-weather|RainDance|[upkeep]
|upkeep
|turn|12
|
|t:|1757941048
|-end|p2a: Latios|confusion
|move|p2a: Latios|Draco Meteor|p1a: Goodra
|-damage|p1a: Goodra|10/100
|-unboost|p2a: Latios|spa|2
|move|p1a: Goodra|Dragon Tail|p2a: Latios
|-resisted|p2a: Latios
|-damage|p2a: Latios|61/100
|drag|p2a: Landorus|Landorus-Therian, M|100/100
|-damage|p2a: Landorus|88/100|[from] Stealth Rock
|-ability|p2a: Landorus|Intimidate|boost
|-unboost|p1a: Goodra|atk|1
|
|-weather|RainDance|[upkeep]
|upkeep
|turn|13
|
|t:|1757941057
|move|p2a: Landorus|Earthquake|p1a: Goodra
|-supereffective|p1a: Goodra
|-damage|p1a: Goodra|0 fnt
|faint|p1a: Goodra
|
|-weather|RainDance|[upkeep]
|upkeep
|
|t:|1757941059
|switch|p1a: Great Tusk|Great Tusk|100/100
|-damage|p1a: Great Tusk|76/100|[from] Spikes
|turn|14
|
|t:|1757941062
|move|p2a: Landorus|Stealth Rock|p1a: Great Tusk
|-sidestart|p1: Loolaman|move: Stealth Rock
|move|p1a: Great Tusk|Rapid Spin|p2a: Landorus
|-damage|p2a: Landorus|75/100
|-boost|p1a: Great Tusk|spe|1
|-damage|p1a: Great Tusk|59/100|[from] item: Rocky Helmet|[of] p2a: Landorus
|-sideend|p1: Loolaman|Spikes|[from] move: Rapid Spin|[of] p1a: Great Tusk
|-sideend|p1: Loolaman|Stealth Rock|[from] move: Rapid Spin|[of] p1a: Great Tusk
|
|-weather|none
|-heal|p1a: Great Tusk|65/100|[from] item: Leftovers
|upkeep
|turn|15
|
|t:|1757941071
|switch|p2a: Zamazenta|Zamazenta|100/100
|-ability|p2a: Zamazenta|Dauntless Shield|boost
|-boost|p2a: Zamazenta|def|1
|move|p1a: Great Tusk|Knock Off|p2a: Zamazenta
|-resisted|p2a: Zamazenta
|-damage|p2a: Zamazenta|93/100
|-enditem|p2a: Zamazenta|Heavy-Duty Boots|[from] move: Knock Off|[of] p1a: Great Tusk
|
|-heal|p1a: Great Tusk|71/100|[from] item: Leftovers
|upkeep
|turn|16
|
|t:|1757941085
|-end|p1a: Great Tusk|Protosynthesis|[silent]
|switch|p1a: Zapdos|Zapdos|100/100
|move|p2a: Zamazenta|Ice Fang|p1a: Zapdos
|-supereffective|p1a: Zapdos
|-damage|p1a: Zapdos|57/100
|
|upkeep
|turn|17
|
|t:|1757941091
|move|p2a: Zamazenta|Ice Fang|p1a: Zapdos
|-supereffective|p1a: Zapdos
|-damage|p1a: Zapdos|16/100
|-status|p2a: Zamazenta|par|[from] ability: Static|[of] p1a: Zapdos
|cant|p1a: Zapdos|flinch
|
|upkeep
|turn|18
|
|t:|1757941096
|move|p1a: Zapdos|Roost|p1a: Zapdos
|-heal|p1a: Zapdos|67/100
|-singleturn|p1a: Zapdos|move: Roost
|move|p2a: Zamazenta|Ice Fang|p1a: Zapdos
|-damage|p1a: Zapdos|46/100
|
|upkeep
|turn|19
|
|t:|1757941104
|move|p1a: Zapdos|Roost|p1a: Zapdos
|-heal|p1a: Zapdos|96/100
|-singleturn|p1a: Zapdos|move: Roost
|cant|p2a: Zamazenta|par
|
|upkeep
|turn|20
|
|t:|1757941109
|move|p1a: Zapdos|Rain Dance|p1a: Zapdos
|-weather|RainDance
|move|p2a: Zamazenta|Ice Fang|p1a: Zapdos
|-supereffective|p1a: Zapdos
|-damage|p1a: Zapdos|58/100
|
|-weather|RainDance|[upkeep]
|upkeep
|turn|21
|
|t:|1757941115
|move|p1a: Zapdos|Weather Ball|p2a: Zamazenta
|-damage|p2a: Zamazenta|56/100 par
|move|p2a: Zamazenta|Close Combat|p1a: Zapdos
|-resisted|p1a: Zapdos
|-damage|p1a: Zapdos|32/100
|-unboost|p2a: Zamazenta|def|1
|-unboost|p2a: Zamazenta|spd|1
|
|-weather|RainDance|[upkeep]
|upkeep
|turn|22
|
|t:|1757941125
|switch|p2a: Darkrai|Darkrai|100/100
|move|p1a: Zapdos|Roost|p1a: Zapdos
|-heal|p1a: Zapdos|82/100
|-singleturn|p1a: Zapdos|move: Roost
|
|-weather|RainDance|[upkeep]
|upkeep
|turn|23
|
|t:|1757941133
|move|p2a: Darkrai|Ice Beam|p1a: Zapdos
|-supereffective|p1a: Zapdos
|-damage|p1a: Zapdos|37/100
|move|p1a: Zapdos|Weather Ball|p2a: Darkrai
|-damage|p2a: Darkrai|50/100
|
|-weather|RainDance|[upkeep]
|upkeep
|turn|24
|
|t:|1757941141
|move|p2a: Darkrai|Ice Beam|p1a: Zapdos
|-supereffective|p1a: Zapdos
|-damage|p1a: Zapdos|0 fnt
|faint|p1a: Zapdos
|
|-weather|none
|upkeep
|
|t:|1757941143
|switch|p1a: Pelipper|Pelipper, F|46/100
|-weather|RainDance|[from] ability: Drizzle|[of] p1a: Pelipper
|turn|25
|
|t:|1757941152
|switch|p1a: Great Tusk|Great Tusk|71/100
|move|p2a: Darkrai|Ice Beam|p1a: Great Tusk
|-supereffective|p1a: Great Tusk
|-crit|p1a: Great Tusk
|-damage|p1a: Great Tusk|0 fnt
|faint|p1a: Great Tusk
|-end|p1a: Great Tusk|Protosynthesis|[silent]
|
|-weather|RainDance|[upkeep]
|upkeep
|
|t:|1757941154
|switch|p1a: Ludicolo|Ludicolo, F|100/100
|turn|26
|
|t:|1757941162
|-terastallize|p1a: Ludicolo|Water
|move|p1a: Ludicolo|Surf|p2a: Darkrai
|-damage|p2a: Darkrai|0 fnt
|faint|p2a: Darkrai
|
|-weather|RainDance|[upkeep]
|upkeep
|
|t:|1757941172
|switch|p2a: Zamazenta|Zamazenta|56/100 par
|-damage|p2a: Zamazenta|50/100 par|[from] Stealth Rock
|-damage|p2a: Zamazenta|25/100 par|[from] Spikes
|turn|27
|
|t:|1757941175
|move|p1a: Ludicolo|Surf|p2a: Zamazenta
|-damage|p2a: Zamazenta|0 fnt
|faint|p2a: Zamazenta
|
|-weather|RainDance|[upkeep]
|upkeep
|
|t:|1757941179
|switch|p2a: Pecharunt|Pecharunt|100/100
|turn|28
|
|t:|1757941183
|move|p1a: Ludicolo|Surf|p2a: Pecharunt
|-damage|p2a: Pecharunt|0 fnt
|faint|p2a: Pecharunt
|
|-weather|RainDance|[upkeep]
|upkeep
|
|t:|1757941187
|switch|p2a: Landorus|Landorus-Therian, M|75/100
|-damage|p2a: Landorus|62/100|[from] Stealth Rock
|-ability|p2a: Landorus|Intimidate|boost
|-unboost|p1a: Ludicolo|atk|1
|turn|29
|
|t:|1757941192
|move|p1a: Ludicolo|Surf|p2a: Landorus
|-supereffective|p2a: Landorus
|-damage|p2a: Landorus|0 fnt
|faint|p2a: Landorus
|
|-weather|none
|upkeep
|
|t:|1757941195
|switch|p2a: Latios|Latios, M, tera:Steel|61/100
|-damage|p2a: Latios|55/100|[from] Stealth Rock
|turn|30
|
|t:|1757941198
|switch|p1a: Pelipper|Pelipper, F|46/100
|-weather|RainDance|[from] ability: Drizzle|[of] p1a: Pelipper
|move|p2a: Latios|Recover|p2a: Latios
|-heal|p2a: Latios|100/100
|
|-weather|RainDance|[upkeep]
|upkeep
|turn|31
|
|t:|1757941203
|move|p2a: Latios|Calm Mind|p2a: Latios
|-boost|p2a: Latios|spa|1
|-boost|p2a: Latios|spd|1
|move|p1a: Pelipper|Surf|p2a: Latios
|-damage|p2a: Latios|54/100
|
|-weather|RainDance|[upkeep]
|upkeep
|turn|32
|
|t:|1757941209
|switch|p1a: Ludicolo|Ludicolo, F, tera:Water|100/100
|move|p2a: Latios|Calm Mind|p2a: Latios
|-boost|p2a: Latios|spa|1
|-boost|p2a: Latios|spd|1
|
|-weather|RainDance|[upkeep]
|upkeep
|turn|33
|
|t:|1757941213
|move|p1a: Ludicolo|Surf|p2a: Latios
|-damage|p2a: Latios|0 fnt
|faint|p2a: Latios
|
|win|Loolaman
|raw|Loolaman's rating: 1293 &rarr; <strong>1319</strong><br />(+26 for winning)
|raw|Rezok90321's rating: 1304 &rarr; <strong>1283</strong><br />(-21 for losing)
|l|☆Rezok90321
|player|p2|
|l|☆Loolaman
|player|p1|
