|j|☆sheility_elite
|j|☆Tultrastar
|t:|1757914333
|gametype|singles
|player|p1|sheility_elite|steven|1218
|player|p2|Tultrastar|265|1265
|gen|9
|tier|[Gen 9] OU
|rated|
|rule|HP Percentage Mod: HP is shown in percentages
|rule|Endless Battle Clause: Forcing endless battles is banned
|rule|Species Clause: Limit one of each Pokémon
|rule|OHKO Clause: OHKO moves are banned
|rule|Evasion Items Clause: Evasion items are banned
|rule|Evasion Moves Clause: Evasion moves are banned
|rule|Evasion Abilities Clause: Evasion abilities are banned
|rule|Sleep Moves Clause: Sleep-inducing moves are banned
|clearpoke
|poke|p1|Araquanid, F|
|poke|p1|Magmortar, F|
|poke|p1|Conkeldurr, M|
|poke|p1|Porygon2|
|poke|p1|Persian-Alola, F|
|poke|p1|Scream Tail|
|poke|p2|Zapdos|
|poke|p2|Cinderace, M|
|poke|p2|Dragonite, M|
|poke|p2|Kingambit, F|
|poke|p2|Glimmora, M|
|poke|p2|Weavile, F|
|teampreview
|inactive|Battle timer is ON: inactive players will automatically lose when time's up. (requested by sheility_elite)
|
|t:|1757914340
|teamsize|p1|6
|teamsize|p2|6
|start
|switch|p1a: Persian|Persian-Alola, F|100/100
|switch|p2a: Glimmora|Glimmora, M|100/100
|-item|p2a: Glimmora|Air Balloon
|turn|1
|
|t:|1757914345
|move|p1a: Persian|Taunt|p2a: Glimmora
|-start|p2a: Glimmora|move: Taunt
|cant|p2a: Glimmora|move: Taunt|Stealth Rock
|
|upkeep
|turn|2
|
|t:|1757914351
|switch|p2a: Cinderace|Cinderace, M|100/100
|move|p1a: Persian|Parting Shot|p2a: Cinderace
|-unboost|p2a: Cinderace|atk|1
|-unboost|p2a: Cinderace|spa|1
|
|t:|1757914357
|switch|p1a: Araquanid|Araquanid, F|100/100|[from] Parting Shot
|
|upkeep
|turn|3
|l|☆Tultrastar
|inactive|Tultrastar disconnected and has a minute to reconnect!
|player|p2|
|j|☆Tultrastar
|inactive|Tultrastar reconnected and has 125 seconds left.
|player|p2|Tultrastar|265|
|
|t:|1757914386
|move|p2a: Cinderace|Gunk Shot|p1a: Araquanid|[miss]
|-start|p2a: Cinderace|typechange|Poison|[from] ability: Libero
|-miss|p2a: Cinderace|p1a: Araquanid
|move|p1a: Araquanid|Liquidation|p2a: Cinderace
|-damage|p2a: Cinderace|10/100
|
|upkeep
|turn|4
|
|t:|1757914394
|move|p2a: Cinderace|Gunk Shot|p1a: Araquanid|[miss]
|-miss|p2a: Cinderace|p1a: Araquanid
|move|p1a: Araquanid|Sticky Web|p2a: Cinderace
|-sidestart|p2: Tultrastar|move: Sticky Web
|
|upkeep
|turn|5
|
|t:|1757914397
|move|p2a: Cinderace|Gunk Shot|p1a: Araquanid
|-damage|p1a: Araquanid|62/100
|move|p1a: Araquanid|Liquidation|p2a: Cinderace
|-damage|p2a: Cinderace|0 fnt
|faint|p2a: Cinderace
|
|upkeep
|
|t:|1757914401
|switch|p2a: Glimmora|Glimmora, M|100/100
|-item|p2a: Glimmora|Air Balloon
|turn|6
|
|t:|1757914410
|switch|p1a: Porygon2|Porygon2|100/100
|-ability|p1a: Porygon2|Download|boost
|-boost|p1a: Porygon2|spa|1
|move|p2a: Glimmora|Power Gem|p1a: Porygon2
|-damage|p1a: Porygon2|72/100
|
|upkeep
|turn|7
|
|t:|1757914417
|move|p2a: Glimmora|Stealth Rock|p1a: Porygon2
|-sidestart|p1: sheility_elite|move: Stealth Rock
|move|p1a: Porygon2|Charge Beam|p2a: Glimmora
|-damage|p2a: Glimmora|71/100
|-boost|p1a: Porygon2|spa|1
|-enditem|p2a: Glimmora|Air Balloon
|
|upkeep
|turn|8
|
|t:|1757914422
|move|p2a: Glimmora|Power Gem|p1a: Porygon2
|-damage|p1a: Porygon2|45/100
|move|p1a: Porygon2|Charge Beam|p2a: Glimmora
|-damage|p2a: Glimmora|30/100
|-boost|p1a: Porygon2|spa|1
|
|upkeep
|turn|9
|
|t:|1757914429
|move|p2a: Glimmora|Mortal Spin|p1a: Porygon2
|-damage|p1a: Porygon2|40/100
|-status|p1a: Porygon2|psn
|-sideend|p2: Tultrastar|Sticky Web|[from] move: Mortal Spin|[of] p2a: Glimmora
|move|p1a: Porygon2|Recover|p1a: Porygon2
|-heal|p1a: Porygon2|90/100 psn
|
|-damage|p1a: Porygon2|78/100 psn|[from] psn
|upkeep
|turn|10
|
|t:|1757914435
|move|p2a: Glimmora|Power Gem|p1a: Porygon2
|-damage|p1a: Porygon2|49/100 psn
|move|p1a: Porygon2|Charge Beam|p2a: Glimmora
|-damage|p2a: Glimmora|0 fnt
|faint|p2a: Glimmora
|
|-damage|p1a: Porygon2|37/100 psn|[from] psn
|upkeep
|
|t:|1757914440
|switch|p2a: Weavile|Weavile, F|100/100
|turn|11
|
|t:|1757914446
|move|p2a: Weavile|Knock Off|p1a: Porygon2
|-damage|p1a: Porygon2|0 fnt
|-enditem|p1a: Porygon2|Eviolite|[from] move: Knock Off|[of] p2a: Weavile
|faint|p1a: Porygon2
|-damage|p2a: Weavile|91/100|[from] item: Life Orb
|
|upkeep
|
|t:|1757914451
|switch|p1a: Persian|Persian-Alola, F|100/100
|-damage|p1a: Persian|88/100|[from] Stealth Rock
|turn|12
|
|t:|1757914461
|switch|p2a: Zapdos|Zapdos|100/100
|move|p1a: Persian|Knock Off|p2a: Zapdos
|-damage|p2a: Zapdos|83/100
|-enditem|p2a: Zapdos|Heavy-Duty Boots|[from] move: Knock Off|[of] p1a: Persian
|
|upkeep
|turn|13
|
|t:|1757914467
|move|p1a: Persian|Parting Shot|p2a: Zapdos
|-unboost|p2a: Zapdos|atk|1
|-unboost|p2a: Zapdos|spa|1
|
|t:|1757914471
|switch|p1a: Araquanid|Araquanid, F|62/100|[from] Parting Shot
|-damage|p1a: Araquanid|37/100|[from] Stealth Rock
|move|p2a: Zapdos|Thunderbolt|p1a: Araquanid
|-supereffective|p1a: Araquanid
|-damage|p1a: Araquanid|0 fnt
|faint|p1a: Araquanid
|
|upkeep
|
|t:|1757914479
|switch|p1a: Magmortar|Magmortar, F|100/100
|-damage|p1a: Magmortar|75/100|[from] Stealth Rock
|turn|14
|
|t:|1757914501
|move|p1a: Magmortar|Belly Drum|p1a: Magmortar
|-damage|p1a: Magmortar|25/100
|-setboost|p1a: Magmortar|atk|6|[from] move: Belly Drum
|-enditem|p1a: Magmortar|Sitrus Berry|[eat]
|-heal|p1a: Magmortar|50/100|[from] item: Sitrus Berry
|move|p2a: Zapdos|Volt Switch|p1a: Magmortar
|-damage|p1a: Magmortar|24/100
|
|t:|1757914506
|switch|p2a: Weavile|Weavile, F|91/100|[from] Volt Switch
|
|upkeep
|turn|15
|
|t:|1757914510
|move|p1a: Magmortar|Mach Punch|p2a: Weavile
|-supereffective|p2a: Weavile
|-damage|p2a: Weavile|0 fnt
|faint|p2a: Weavile
|
|upkeep
|
|t:|1757914515
|switch|p2a: Dragonite|Dragonite, M|100/100
|turn|16
|
|t:|1757914521
|move|p2a: Dragonite|Extreme Speed|p1a: Magmortar
|-damage|p1a: Magmortar|0 fnt
|faint|p1a: Magmortar
|
|upkeep
|
|t:|1757914525
|switch|p1a: Conkeldurr|Conkeldurr, M|100/100
|-damage|p1a: Conkeldurr|94/100|[from] Stealth Rock
|turn|17
|
|t:|1757914530
|switch|p2a: Zapdos|Zapdos|83/100
|move|p1a: Conkeldurr|Bulk Up|p1a: Conkeldurr
|-boost|p1a: Conkeldurr|atk|1
|-boost|p1a: Conkeldurr|def|1
|
|upkeep
|turn|18
|
|t:|1757914535
|-terastallize|p1a: Conkeldurr|Ground
|move|p2a: Zapdos|Hurricane|p1a: Conkeldurr
|-damage|p1a: Conkeldurr|22/100
|move|p1a: Conkeldurr|Dynamic Punch|p2a: Zapdos|[miss]
|-miss|p1a: Conkeldurr|p2a: Zapdos
|-enditem|p1a: Conkeldurr|Blunder Policy
|-boost|p1a: Conkeldurr|spe|2
|
|upkeep
|turn|19
|
|t:|1757914542
|move|p1a: Conkeldurr|Ice Punch|p2a: Zapdos
|-supereffective|p2a: Zapdos
|-damage|p2a: Zapdos|0 fnt
|faint|p2a: Zapdos
|
|upkeep
|
|t:|1757914547
|switch|p2a: Dragonite|Dragonite, M|100/100
|turn|20
|
|t:|1757914551
|-terastallize|p2a: Dragonite|Normal
|move|p2a: Dragonite|Extreme Speed|p1a: Conkeldurr
|-damage|p1a: Conkeldurr|0 fnt
|faint|p1a: Conkeldurr
|
|upkeep
|
|t:|1757914554
|switch|p1a: Persian|Persian-Alola, F|88/100
|-damage|p1a: Persian|75/100|[from] Stealth Rock
|turn|21
|
|t:|1757914559
|move|p1a: Persian|Foul Play|p2a: Dragonite
|-damage|p2a: Dragonite|41/100
|move|p2a: Dragonite|Dragon Dance|p2a: Dragonite
|-boost|p2a: Dragonite|atk|1
|-boost|p2a: Dragonite|spe|1
|
|upkeep
|turn|22
|
|t:|1757914564
|move|p2a: Dragonite|Extreme Speed|p1a: Persian
|-crit|p1a: Persian
|-damage|p1a: Persian|0 fnt
|-damage|p2a: Dragonite|25/100|[from] item: Rocky Helmet|[of] p1a: Persian
|faint|p1a: Persian
|
|upkeep
|
|t:|1757914566
|switch|p1a: Scream Tail|Scream Tail|100/100
|-damage|p1a: Scream Tail|88/100|[from] Stealth Rock
|-enditem|p1a: Scream Tail|Booster Energy
|-activate|p1a: Scream Tail|ability: Protosynthesis|[fromitem]
|-start|p1a: Scream Tail|protosynthesisspe
|turn|23
|
|t:|1757914570
|move|p2a: Dragonite|Extreme Speed|p1a: Scream Tail
|-damage|p1a: Scream Tail|28/100
|move|p1a: Scream Tail|Dazzling Gleam|p2a: Dragonite
|-damage|p2a: Dragonite|0 fnt
|faint|p2a: Dragonite
|
|upkeep
|
|t:|1757914572
|switch|p2a: The King|Kingambit, F|100/100
|-activate|p2a: The King|ability: Supreme Overlord
|-start|p2a: The King|fallen5|[silent]
|turn|24
|
|t:|1757914575
|move|p1a: Scream Tail|Dazzling Gleam|p2a: The King
|-damage|p2a: The King|72/100
|move|p2a: The King|Kowtow Cleave|p1a: Scream Tail
|-damage|p1a: Scream Tail|0 fnt
|faint|p1a: Scream Tail
|-end|p1a: Scream Tail|Protosynthesis|[silent]
|
|win|Tultrastar
|raw|sheility_elite's rating: 1218 &rarr; <strong>1196</strong><br />(-22 for losing)
|raw|Tultrastar's rating: 1265 &rarr; <strong>1287</strong><br />(+22 for winning)
|l|☆sheility_elite
|player|p1|
