|j|☆ybg mihan
|j|☆Jimme5
|t:|1757944075
|gametype|singles
|player|p1|ybg mihan|265|1687
|player|p2|Jimme5|bruno|1601
|gen|9
|tier|[Gen 9] OU
|rated|
|rule|HP Percentage Mod: HP is shown in percentages
|rule|Endless Battle Clause: Forcing endless battles is banned
|rule|Species Clause: Limit one of each Pokémon
|rule|OHKO Clause: OHKO moves are banned
|rule|Evasion Items Clause: Evasion items are banned
|rule|Evasion Moves Clause: Evasion moves are banned
|rule|Evasion Abilities Clause: Evasion abilities are banned
|rule|Sleep Moves Clause: Sleep-inducing moves are banned
|clearpoke
|poke|p1|Hatterene, F|
|poke|p1|Ogerpon-Wellspring, F|
|poke|p1|Slowking-Galar, M|
|poke|p1|Gholdengo|
|poke|p1|Dragonite, F|
|poke|p1|Great Tusk|
|poke|p2|Blissey, F|
|poke|p2|Clefable, M|
|poke|p2|Clodsire, F|
|poke|p2|Corviknight, M|
|poke|p2|Gliscor, F|
|poke|p2|Dondozo, F|
|teampreview
|inactive|Battle timer is ON: inactive players will automatically lose when time's up. (requested by Jimme5)
|
|t:|1757944089
|teamsize|p1|6
|teamsize|p2|6
|start
|switch|p1a: Slowking|Slowking-Galar, M|100/100
|switch|p2a: Gliscor|Gliscor, F, shiny|100/100
|turn|1
|
|t:|1757944092
|move|p2a: Gliscor|Protect|p2a: Gliscor
|-singleturn|p2a: Gliscor|Protect
|move|p1a: Slowking|Future Sight|p2a: Gliscor
|-start|p1a: Slowking|move: Future Sight
|
|-status|p2a: Gliscor|tox|[from] item: Toxic Orb
|upkeep
|turn|2
|
|t:|1757944096
|switch|p2a: Corviknight|Corviknight, M|100/100
|-ability|p2a: Corviknight|Pressure
|move|p1a: Slowking|Ice Beam|p2a: Corviknight
|-damage|p2a: Corviknight|78/100
|
|upkeep
|turn|3
|
|t:|1757944104
|move|p2a: Corviknight|Iron Defense|p2a: Corviknight
|-boost|p2a: Corviknight|def|2
|-prepare|p1a: Slowking|Chilly Reception|[premajor]
|move|p1a: Slowking|Chilly Reception|p1a: Slowking
|-weather|Snowscape
|
|t:|1757944107
|switch|p1a: Ogerpon|Ogerpon-Wellspring, F|100/100|[from] Chilly Reception
|
|-weather|Snowscape|[upkeep]
|-end|p2a: Corviknight|move: Future Sight
|-resisted|p2a: Corviknight
|-damage|p2a: Corviknight|58/100
|upkeep
|turn|4
|j| Lukeow
|
|t:|1757944123
|move|p1a: Ogerpon|Encore|p2a: Corviknight
|-start|p2a: Corviknight|Encore
|move|p2a: Corviknight|Iron Defense|p2a: Corviknight
|-boost|p2a: Corviknight|def|2
|
|-weather|Snowscape|[upkeep]
|upkeep
|turn|5
|
|t:|1757944134
|switch|p2a: Dondozo|Dondozo, F|100/100
|move|p1a: Ogerpon|Swords Dance|p1a: Ogerpon
|-boost|p1a: Ogerpon|atk|2
|
|-weather|Snowscape|[upkeep]
|upkeep
|turn|6
|
|t:|1757944141
|-terastallize|p2a: Dondozo|Fighting
|move|p1a: Ogerpon|Ivy Cudgel|p2a: Dondozo|[anim] Ivy Cudgel Water
|-damage|p2a: Dondozo|75/100
|move|p2a: Dondozo|Body Press|p1a: Ogerpon
|-damage|p1a: Ogerpon|48/100
|
|-weather|Snowscape|[upkeep]
|upkeep
|turn|7
|
|t:|1757944152
|switch|p1a: Slowking|Slowking-Galar, M|100/100
|move|p2a: Dondozo|Body Press|p1a: Slowking
|-resisted|p1a: Slowking
|-damage|p1a: Slowking|94/100
|
|-weather|none
|upkeep
|turn|8
|
|t:|1757944155
|switch|p2a: Clefable|Clefable, M|100/100
|move|p1a: Slowking|Future Sight|p2a: Clefable
|-start|p1a: Slowking|move: Future Sight
|
|upkeep
|turn|9
|
|t:|1757944159
|switch|p1a: Hatterene|Hatterene, F|100/100
|move|p2a: Clefable|Knock Off|p1a: Hatterene
|-crit|p1a: Hatterene
|-damage|p1a: Hatterene|75/100
|-enditem|p1a: Hatterene|Assault Vest|[from] move: Knock Off|[of] p2a: Clefable
|
|upkeep
|turn|10
|
|t:|1757944167
|move|p2a: Clefable|Moonblast|p1a: Hatterene
|-damage|p1a: Hatterene|43/100
|move|p1a: Hatterene|Draining Kiss|p2a: Clefable
|-crit|p2a: Clefable
|-damage|p2a: Clefable|59/100
|-heal|p1a: Hatterene|82/100|[from] drain|[of] p2a: Clefable
|
|-end|p2a: Clefable|move: Future Sight
|-damage|p2a: Clefable|14/100
|-heal|p2a: Clefable|20/100|[from] item: Leftovers
|upkeep
|turn|11
|
|t:|1757944173
|move|p2a: Clefable|Moonlight|p2a: Clefable
|-heal|p2a: Clefable|70/100
|move|p1a: Hatterene|Nuzzle|p2a: Clefable
|-damage|p2a: Clefable|66/100
|-status|p2a: Clefable|par
|
|-heal|p2a: Clefable|72/100 par|[from] item: Leftovers
|upkeep
|turn|12
|
|t:|1757944183
|switch|p2a: Clodsire|Clodsire, F, shiny|100/100
|move|p1a: Hatterene|Draining Kiss|p2a: Clodsire
|-resisted|p2a: Clodsire
|-damage|p2a: Clodsire|93/100
|-heal|p1a: Hatterene|90/100|[from] drain|[of] p2a: Clodsire
|
|upkeep
|turn|13
|
|t:|1757944188
|move|p1a: Hatterene|Psyshock|p2a: Clodsire
|-supereffective|p2a: Clodsire
|-damage|p2a: Clodsire|0 fnt
|faint|p2a: Clodsire
|
|upkeep
|
|t:|1757944193
|switch|p2a: Corviknight|Corviknight, M|58/100
|-ability|p2a: Corviknight|Pressure
|turn|14
|
|t:|1757944197
|move|p2a: Corviknight|Brave Bird|p1a: Hatterene
|-damage|p1a: Hatterene|52/100
|-damage|p2a: Corviknight|48/100|[from] Recoil
|move|p1a: Hatterene|Nuzzle|p2a: Corviknight
|-supereffective|p2a: Corviknight
|-damage|p2a: Corviknight|42/100
|-status|p2a: Corviknight|par
|-damage|p1a: Hatterene|35/100|[from] item: Rocky Helmet|[of] p2a: Corviknight
|
|upkeep
|turn|15
|
|t:|1757944202
|switch|p1a: Slowking|Slowking-Galar, M|100/100
|move|p2a: Corviknight|Roost|p2a: Corviknight
|-heal|p2a: Corviknight|92/100 par
|-singleturn|p2a: Corviknight|move: Roost
|
|upkeep
|turn|16
|
|t:|1757944211
|switch|p2a: Clefable|Clefable, M|72/100 par
|-prepare|p1a: Slowking|Chilly Reception|[premajor]
|move|p1a: Slowking|Chilly Reception|p1a: Slowking
|-weather|Snowscape
|
|t:|1757944217
|switch|p1a: Gholdengo|Gholdengo|100/100|[from] Chilly Reception
|
|-weather|Snowscape|[upkeep]
|-heal|p2a: Clefable|78/100 par|[from] item: Leftovers
|upkeep
|turn|17
|
|t:|1757944223
|switch|p2a: Blissey|Blissey, F|100/100
|move|p1a: Gholdengo|Nasty Plot|p1a: Gholdengo
|-boost|p1a: Gholdengo|spa|2
|
|-weather|Snowscape|[upkeep]
|upkeep
|turn|18
|
|t:|1757944227
|move|p1a: Gholdengo|Psyshock|p2a: Blissey
|-damage|p2a: Blissey|41/100
|move|p2a: Blissey|Calm Mind|p2a: Blissey
|-boost|p2a: Blissey|spa|1
|-boost|p2a: Blissey|spd|1
|
|-weather|Snowscape|[upkeep]
|upkeep
|turn|19
|
|t:|1757944235
|move|p1a: Gholdengo|Nasty Plot|p1a: Gholdengo
|-boost|p1a: Gholdengo|spa|2
|move|p2a: Blissey|Shadow Ball|p1a: Gholdengo
|-supereffective|p1a: Gholdengo
|-damage|p1a: Gholdengo|58/100
|
|-weather|Snowscape|[upkeep]
|upkeep
|turn|20
|
|t:|1757944241
|move|p1a: Gholdengo|Make It Rain|p2a: Blissey
|-damage|p2a: Blissey|0 fnt
|-unboost|p1a: Gholdengo|spa|1
|faint|p2a: Blissey
|
|-weather|none
|upkeep
|
|t:|1757944245
|switch|p2a: Gliscor|Gliscor, F, shiny|100/100 tox
|turn|21
|
|t:|1757944247
|move|p1a: Gholdengo|Make It Rain|p2a: Gliscor
|-damage|p2a: Gliscor|0 fnt
|-unboost|p1a: Gholdengo|spa|1
|faint|p2a: Gliscor
|
|upkeep
|l|☆Jimme5
|inactive|Jimme5 disconnected and has a minute to reconnect!
|player|p2|
|inactive|Jimme5 has 30 seconds to reconnect!
|inactive|Jimme5 has 20 seconds to reconnect!
|inactive|Jimme5 has 15 seconds to reconnect!
|inactive|Jimme5 has 10 seconds to reconnect!
|inactive|Jimme5 has 5 seconds to reconnect!
|-message|Jimme5 lost due to inactivity.
|
|win|ybg mihan
|raw|ybg mihan's rating: 1687 &rarr; <strong>1702</strong><br />(+15 for winning)
|raw|Jimme5's rating: 1601 &rarr; <strong>1586</strong><br />(-15 for losing)
|l|☆ybg mihan
|player|p1|
|l| Lukeow
