|j|☆Imnottoxic55
|j|☆Monettique
|t:|1757869369
|gametype|singles
|player|p1|Imnottoxic55|benga|1108
|player|p2|Monettique|artist-gen4|1056
|gen|9
|tier|[Gen 9] OU
|rated|
|rule|HP Percentage Mod: HP is shown in percentages
|rule|Endless Battle Clause: Forcing endless battles is banned
|rule|Species Clause: Limit one of each Pokémon
|rule|OHKO Clause: OHKO moves are banned
|rule|Evasion Items Clause: Evasion items are banned
|rule|Evasion Moves Clause: Evasion moves are banned
|rule|Evasion Abilities Clause: Evasion abilities are banned
|rule|Sleep Moves Clause: Sleep-inducing moves are banned
|clearpoke
|poke|p1|Venusaur, F|
|poke|p1|Samurott-Hisui, M|
|poke|p1|Cinderace, F|
|poke|p1|Raichu-Alola, M|
|poke|p1|Dragapult, F|
|poke|p1|Cinccino, F|
|poke|p2|Dunsparce, F|
|poke|p2|Espeon, F|
|poke|p2|Sandaconda, F|
|poke|p2|Glimmora, F|
|poke|p2|Corviknight, M|
|poke|p2|Gholdengo|
|teampreview
|
|t:|1757869383
|teamsize|p1|6
|teamsize|p2|6
|start
|switch|p1a: Cinderace|Cinderace, F, shiny|100/100
|switch|p2a: Sandaconda|Sandaconda, F|100/100
|turn|1
|
|t:|1757869397
|move|p1a: Cinderace|High Jump Kick|p2a: Sandaconda
|-start|p1a: Cinderace|typechange|Fighting|[from] ability: Libero
|-damage|p2a: Sandaconda|53/100
|move|p2a: Sandaconda|Stealth Rock|p1a: Cinderace
|-sidestart|p1: Imnottoxic55|move: Stealth Rock
|
|-heal|p2a: Sandaconda|59/100|[from] item: Leftovers
|upkeep
|turn|2
|
|t:|1757869404
|move|p1a: Cinderace|High Jump Kick|p2a: Sandaconda
|-damage|p2a: Sandaconda|7/100
|move|p2a: Sandaconda|Glare|p1a: Cinderace
|-status|p1a: Cinderace|par
|
|-heal|p2a: Sandaconda|13/100|[from] item: Leftovers
|upkeep
|turn|3
|
|t:|1757869413
|move|p2a: Sandaconda|Earthquake|p1a: Cinderace
|-damage|p1a: Cinderace|35/100 par
|cant|p1a: Cinderace|par
|
|-heal|p2a: Sandaconda|19/100|[from] item: Leftovers
|upkeep
|turn|4
|
|t:|1757869419
|move|p2a: Sandaconda|Earthquake|p1a: Cinderace
|-damage|p1a: Cinderace|0 fnt
|faint|p1a: Cinderace
|
|-heal|p2a: Sandaconda|25/100|[from] item: Leftovers
|upkeep
|
|t:|1757869432
|switch|p1a: Cinccino|Cinccino, F, shiny|100/100
|-damage|p1a: Cinccino|88/100|[from] Stealth Rock
|turn|5
|
|t:|1757869438
|move|p1a: Cinccino|Tidy Up|p1a: Cinccino
|-sideend|p1: Imnottoxic55|Stealth Rock
|-activate|p1a: Cinccino|move: Tidy Up
|-boost|p1a: Cinccino|atk|1
|-boost|p1a: Cinccino|spe|1
|move|p2a: Sandaconda|Earthquake|p1a: Cinccino
|-damage|p1a: Cinccino|27/100
|
|-heal|p2a: Sandaconda|31/100|[from] item: Leftovers
|upkeep
|turn|6
|
|t:|1757869446
|move|p1a: Cinccino|Triple Axel|p2a: Sandaconda
|-supereffective|p2a: Sandaconda
|-damage|p2a: Sandaconda|12/100
|-supereffective|p2a: Sandaconda
|-damage|p2a: Sandaconda|0 fnt
|faint|p2a: Sandaconda
|-hitcount|p2: Sandaconda|2
|
|upkeep
|
|t:|1757869453
|switch|p2a: Glimmora|Glimmora, F|100/100
|turn|7
|
|t:|1757869460
|move|p1a: Cinccino|Triple Axel|p2a: Glimmora
|-damage|p2a: Glimmora|90/100
|-damage|p2a: Glimmora|72/100
|-damage|p2a: Glimmora|42/100
|-hitcount|p2a: Glimmora|3
|move|p2a: Glimmora|Substitute|p2a: Glimmora
|-start|p2a: Glimmora|Substitute
|-damage|p2a: Glimmora|18/100
|
|-heal|p2a: Glimmora|24/100|[from] item: Leftovers
|upkeep
|turn|8
|
|t:|1757869469
|move|p2a: Glimmora|Spiky Shield|p2a: Glimmora
|-singleturn|p2a: Glimmora|move: Protect
|move|p1a: Cinccino|Triple Axel|p2a: Glimmora
|-activate|p2a: Glimmora|move: Protect
|-damage|p1a: Cinccino|15/100|[from] Spiky Shield|[of] p2a: Glimmora
|
|-heal|p2a: Glimmora|30/100|[from] item: Leftovers
|upkeep
|turn|9
|
|t:|1757869480
|move|p1a: Cinccino|Triple Axel|p2a: Glimmora|[miss]
|-miss|p1a: Cinccino|p2a: Glimmora
|move|p2a: Glimmora|Toxic|p1a: Cinccino
|-status|p1a: Cinccino|tox
|
|-heal|p2a: Glimmora|36/100|[from] item: Leftovers
|-damage|p1a: Cinccino|9/100 tox|[from] psn
|upkeep
|turn|10
|
|t:|1757869488
|move|p2a: Glimmora|Spiky Shield|p2a: Glimmora
|-singleturn|p2a: Glimmora|move: Protect
|move|p1a: Cinccino|Tidy Up|p1a: Cinccino
|-end|p2a: Glimmora|Substitute
|-activate|p1a: Cinccino|move: Tidy Up
|-boost|p1a: Cinccino|atk|1
|-boost|p1a: Cinccino|spe|1
|
|-heal|p2a: Glimmora|42/100|[from] item: Leftovers
|-damage|p1a: Cinccino|0 fnt|[from] psn
|faint|p1a: Cinccino
|upkeep
|
|t:|1757869503
|switch|p1a: Samurott|Samurott-Hisui, M, shiny|100/100
|turn|11
|
|t:|1757869513
|move|p1a: Samurott|Aqua Cutter|p2a: Glimmora
|-supereffective|p2a: Glimmora
|-damage|p2a: Glimmora|0 fnt
|faint|p2a: Glimmora
|-damage|p1a: Samurott|91/100|[from] item: Life Orb
|
|upkeep
|
|t:|1757869528
|switch|p2a: Dunsparce|Dunsparce, F|100/100
|turn|12
|
|t:|1757869532
|move|p1a: Samurott|Ceaseless Edge|p2a: Dunsparce
|-damage|p2a: Dunsparce|62/100
|-sidestart|p2: Monettique|Spikes
|-damage|p1a: Samurott|81/100|[from] item: Life Orb
|move|p2a: Dunsparce|Coil|p2a: Dunsparce
|-boost|p2a: Dunsparce|atk|1
|-boost|p2a: Dunsparce|def|1
|-boost|p2a: Dunsparce|accuracy|1
|
|upkeep
|turn|13
|
|t:|1757869544
|move|p1a: Samurott|Swords Dance|p1a: Samurott
|-boost|p1a: Samurott|atk|2
|move|p2a: Dunsparce|Coil|p2a: Dunsparce
|-boost|p2a: Dunsparce|atk|1
|-boost|p2a: Dunsparce|def|1
|-boost|p2a: Dunsparce|accuracy|1
|
|upkeep
|turn|14
|
|t:|1757869552
|move|p1a: Samurott|Air Slash|p2a: Dunsparce
|-damage|p2a: Dunsparce|41/100
|-damage|p1a: Samurott|71/100|[from] item: Life Orb
|move|p2a: Dunsparce|Body Slam|p1a: Samurott
|-damage|p1a: Samurott|21/100
|-status|p1a: Samurott|par
|
|upkeep
|turn|15
|
|t:|1757869561
|move|p1a: Samurott|Aqua Cutter|p2a: Dunsparce
|-damage|p2a: Dunsparce|0 fnt
|faint|p2a: Dunsparce
|-damage|p1a: Samurott|12/100 par|[from] item: Life Orb
|
|upkeep
|
|t:|1757869566
|switch|p2a: Corviknight|Corviknight, M|100/100
|turn|16
|
|t:|1757869573
|move|p2a: Corviknight|Defog|p1a: Samurott
|-unboost|p1a: Samurott|evasion|1
|-sideend|p2: Monettique|Spikes|[from] move: Defog|[of] p2a: Corviknight
|cant|p1a: Samurott|par
|
|upkeep
|turn|17
|
|t:|1757869578
|move|p2a: Corviknight|Body Press|p1a: Samurott
|-supereffective|p1a: Samurott
|-damage|p1a: Samurott|0 fnt
|faint|p1a: Samurott
|
|upkeep
|
|t:|1757869581
|switch|p1a: Raichu|Raichu-Alola, M, shiny|100/100
|-item|p1a: Raichu|Air Balloon
|turn|18
|
|t:|1757869589
|move|p1a: Raichu|Electric Terrain|p1a: Raichu
|-fieldstart|move: Electric Terrain
|move|p2a: Corviknight|Body Press|p1a: Raichu
|-resisted|p1a: Raichu
|-damage|p1a: Raichu|72/100
|-enditem|p1a: Raichu|Air Balloon
|
|upkeep
|turn|19
|
|t:|1757869596
|move|p1a: Raichu|Electro Ball|p2a: Corviknight
|-supereffective|p2a: Corviknight
|-damage|p2a: Corviknight|0 fnt
|faint|p2a: Corviknight
|
|upkeep
|
|t:|1757869600
|switch|p2a: Gholdengo|Gholdengo|100/100
|turn|20
|
|t:|1757869614
|move|p1a: Raichu|Electro Ball|p2a: Gholdengo
|-damage|p2a: Gholdengo|65/100
|move|p2a: Gholdengo|Shadow Ball|p1a: Raichu
|-supereffective|p1a: Raichu
|-damage|p1a: Raichu|0 fnt
|faint|p1a: Raichu
|
|upkeep
|
|t:|1757869626
|switch|p1a: Venusaur|Venusaur, F, shiny|100/100
|turn|21
|
|t:|1757869629
|move|p2a: Gholdengo|Shadow Ball|p1a: Venusaur
|-damage|p1a: Venusaur|45/100
|-unboost|p1a: Venusaur|spd|1
|move|p1a: Venusaur|Sunny Day|p1a: Venusaur
|-weather|SunnyDay
|
|-weather|SunnyDay|[upkeep]
|upkeep
|turn|22
|
|t:|1757869635
|move|p1a: Venusaur|Earth Power|p2a: Gholdengo
|-supereffective|p2a: Gholdengo
|-damage|p2a: Gholdengo|11/100
|move|p2a: Gholdengo|Shadow Ball|p1a: Venusaur
|-damage|p1a: Venusaur|0 fnt
|faint|p1a: Venusaur
|
|-weather|SunnyDay|[upkeep]
|-fieldend|move: Electric Terrain
|upkeep
|
|t:|1757869638
|switch|p1a: Dragapult|Dragapult, F, shiny|100/100
|turn|23
|
|t:|1757869648
|-terastallize|p1a: Dragapult|Steel
|-terastallize|p2a: Gholdengo|Steel
|move|p1a: Dragapult|Dragon Dance|p1a: Dragapult
|-boost|p1a: Dragapult|atk|1
|-boost|p1a: Dragapult|spe|1
|move|p2a: Gholdengo|Shadow Ball|p1a: Dragapult
|-damage|p1a: Dragapult|3/100
|
|-weather|SunnyDay|[upkeep]
|upkeep
|turn|24
|
|t:|1757869662
|move|p1a: Dragapult|Dragon Darts|p2a: Gholdengo
|-resisted|p2a: Gholdengo
|-damage|p2a: Gholdengo|0 fnt
|faint|p2a: Gholdengo
|
|-weather|SunnyDay|[upkeep]
|upkeep
|
|t:|1757869668
|switch|p2a: Espeon|Espeon, F|100/100
|turn|25
|
|t:|1757869674
|move|p1a: Dragapult|Sucker Punch|p2a: Espeon
|-supereffective|p2a: Espeon
|-damage|p2a: Espeon|0 fnt
|faint|p2a: Espeon
|
|win|Imnottoxic55
|raw|Imnottoxic55's rating: 1108 &rarr; <strong>1129</strong><br />(+21 for winning)
|raw|Monettique's rating: 1056 &rarr; <strong>1040</strong><br />(-16 for losing)
|l|☆Imnottoxic55
|player|p1|
|l|☆Monettique
|player|p2|
