|j|☆Swagachu125
|j|‽v1n001
|t:|1757882396
|gametype|singles
|player|p1|Swagachu125|will|1662
|player|p2|v1n001|170|1649
|gen|9
|tier|[Gen 9] OU
|rated|
|rule|HP Percentage Mod: HP is shown in percentages
|rule|Endless Battle Clause: Forcing endless battles is banned
|rule|Species Clause: Limit one of each Pokémon
|rule|OHKO Clause: OHKO moves are banned
|rule|Evasion Items Clause: Evasion items are banned
|rule|Evasion Moves Clause: Evasion moves are banned
|rule|Evasion Abilities Clause: Evasion abilities are banned
|rule|Sleep Moves Clause: Sleep-inducing moves are banned
|clearpoke
|poke|p1|Gallade, M|
|poke|p1|Landorus-Therian, M|
|poke|p1|Dragapult, F|
|poke|p1|Samurott-Hisui, F|
|poke|p1|Corviknight, F|
|poke|p1|Slowking-Galar, M|
|poke|p2|Raging Bolt|
|poke|p2|Alomomola, F|
|poke|p2|Ting-Lu|
|poke|p2|Weezing-Galar, F|
|poke|p2|Landorus-Therian, M|
|poke|p2|Ogerpon-Wellspring, F|
|teampreview
|inactive|Battle timer is ON: inactive players will automatically lose when time's up. (requested by v1n001)
|inactive|Swagachu125 also wants the timer to be on.
|
|t:|1757882414
|teamsize|p1|6
|teamsize|p2|6
|start
|switch|p1a: Landorus|Landorus-Therian, M|100/100
|switch|p2a: Landorus|Landorus-Therian, M, shiny|100/100
|-ability|p2a: Landorus|Intimidate|boost
|-unboost|p1a: Landorus|atk|1
|-ability|p1a: Landorus|Intimidate|boost
|-unboost|p2a: Landorus|atk|1
|turn|1
|
|t:|1757882421
|switch|p2a: Alomomola|Alomomola, F, shiny|100/100
|move|p1a: Landorus|Stealth Rock|p2a: Alomomola
|-sidestart|p2: v1n001|move: Stealth Rock
|
|upkeep
|turn|2
|
|t:|1757882427
|move|p1a: Landorus|U-turn|p2a: Alomomola
|-damage|p2a: Alomomola|90/100
|
|t:|1757882430
|switch|p1a: Slowking|Slowking-Galar, M|100/100|[from] U-turn
|move|p2a: Alomomola|Scald|p1a: Slowking
|-damage|p1a: Slowking|92/100
|-status|p1a: Slowking|brn
|
|-damage|p1a: Slowking|86/100 brn|[from] brn
|upkeep
|turn|3
|
|t:|1757882440
|move|p2a: Alomomola|Flip Turn|p1a: Slowking
|-damage|p1a: Slowking|68/100 brn
|
|t:|1757882443
|switch|p2a: Ting-Lu|Ting-Lu|100/100|[from] Flip Turn
|-damage|p2a: Ting-Lu|94/100|[from] Stealth Rock
|-ability|p2a: Ting-Lu|Vessel of Ruin
|-prepare|p1a: Slowking|Chilly Reception|[premajor]
|move|p1a: Slowking|Chilly Reception|p1a: Slowking
|-weather|Snowscape
|
|t:|1757882450
|switch|p1a: Gallade|Gallade, M|100/100|[from] Chilly Reception
|
|-weather|Snowscape|[upkeep]
|-heal|p2a: Ting-Lu|100/100|[from] item: Leftovers
|upkeep
|turn|4
|
|t:|1757882478
|-terastallize|p2a: Ting-Lu|Poison
|move|p1a: Gallade|Trick|p2a: Ting-Lu
|-activate|p1a: Gallade|move: Trick|[of] p2a: Ting-Lu
|-item|p2a: Ting-Lu|Choice Scarf|[from] move: Trick
|-item|p1a: Gallade|Leftovers|[from] move: Trick
|move|p2a: Ting-Lu|Earthquake|p1a: Gallade
|-damage|p1a: Gallade|33/100
|
|-weather|Snowscape|[upkeep]
|-heal|p1a: Gallade|39/100|[from] item: Leftovers
|upkeep
|turn|5
|
|t:|1757882485
|switch|p1a: Corviknight|Corviknight, F|100/100
|-ability|p1a: Corviknight|Pressure
|move|p2a: Ting-Lu|Earthquake|p1a: Corviknight
|-immune|p1a: Corviknight
|
|-weather|Snowscape|[upkeep]
|upkeep
|turn|6
|
|t:|1757882493
|switch|p2a: Weezing|Weezing-Galar, F, shiny|100/100
|-ability|p2a: Weezing|Neutralizing Gas
|move|p1a: Corviknight|U-turn|p2a: Weezing
|-resisted|p2a: Weezing
|-damage|p2a: Weezing|98/100
|
|t:|1757882501
|switch|p1a: Slowking|Slowking-Galar, M|100/100 brn|[from] U-turn
|
|-weather|Snowscape|[upkeep]
|-damage|p1a: Slowking|94/100 brn|[from] brn
|upkeep
|turn|7
|
|t:|1757882510
|move|p2a: Weezing|Defog|p1a: Slowking
|-unboost|p1a: Slowking|evasion|1
|-sideend|p2: v1n001|Stealth Rock|[from] move: Defog|[of] p2a: Weezing
|move|p1a: Slowking|Psychic Noise|p2a: Weezing
|-supereffective|p2a: Weezing
|-damage|p2a: Weezing|17/100
|-start|p2a: Weezing|move: Heal Block
|
|-weather|none
|-damage|p1a: Slowking|88/100 brn|[from] brn
|upkeep
|turn|8
|
|t:|1757882512
|-end|p2a: Weezing|ability: Neutralizing Gas
|switch|p2a: Ting-Lu|Ting-Lu, tera:Poison|100/100
|-ability|p2a: Ting-Lu|Vessel of Ruin
|-prepare|p1a: Slowking|Chilly Reception|[premajor]
|move|p1a: Slowking|Chilly Reception|p1a: Slowking
|-weather|Snowscape
|
|t:|1757882516
|switch|p1a: Landorus|Landorus-Therian, M|100/100|[from] Chilly Reception
|-ability|p1a: Landorus|Intimidate|boost
|-unboost|p2a: Ting-Lu|atk|1
|
|-weather|Snowscape|[upkeep]
|upkeep
|turn|9
|
|t:|1757882518
|move|p1a: Landorus|Earthquake|p2a: Ting-Lu
|-supereffective|p2a: Ting-Lu
|-crit|p2a: Ting-Lu
|-damage|p2a: Ting-Lu|0 fnt
|faint|p2a: Ting-Lu
|
|-weather|Snowscape|[upkeep]
|upkeep
|
|t:|1757882520
|switch|p2a: Ogerpon|Ogerpon-Wellspring, F|100/100
|turn|10
|
|t:|1757882535
|switch|p1a: Gallade|Gallade, M|39/100
|move|p2a: Ogerpon|Ivy Cudgel|p1a: Gallade|[anim] Ivy Cudgel Water
|-damage|p1a: Gallade|0 fnt
|faint|p1a: Gallade
|
|-weather|Snowscape|[upkeep]
|upkeep
|
|t:|1757882537
|switch|p1a: Corviknight|Corviknight, F|100/100
|-ability|p1a: Corviknight|Pressure
|turn|11
|
|t:|1757882544
|move|p2a: Ogerpon|Spikes|p1a: Corviknight
|-sidestart|p1: Swagachu125|Spikes
|move|p1a: Corviknight|Brave Bird|p2a: Ogerpon
|-supereffective|p2a: Ogerpon
|-damage|p2a: Ogerpon|11/100
|-damage|p1a: Corviknight|78/100|[from] Recoil
|
|-weather|Snowscape|[upkeep]
|-heal|p1a: Corviknight|84/100|[from] item: Leftovers
|upkeep
|turn|12
|
|t:|1757882551
|switch|p2a: Raging Bolt|Raging Bolt|100/100
|move|p1a: Corviknight|U-turn|p2a: Raging Bolt
|-damage|p2a: Raging Bolt|87/100
|
|t:|1757882555
|switch|p1a: Landorus|Landorus-Therian, M|100/100|[from] U-turn
|-ability|p1a: Landorus|Intimidate|boost
|-unboost|p2a: Raging Bolt|atk|1
|
|-weather|none
|upkeep
|turn|13
|
|t:|1757882564
|switch|p1a: Slowking|Slowking-Galar, M|100/100 brn
|-end|p2a: Raging Bolt|Protosynthesis|[silent]
|switch|p2a: Alomomola|Alomomola, F, shiny|100/100
|
|-damage|p1a: Slowking|94/100 brn|[from] brn
|upkeep
|turn|14
|
|t:|1757882580
|move|p2a: Alomomola|Flip Turn|p1a: Slowking
|-damage|p1a: Slowking|78/100 brn
|
|t:|1757882583
|switch|p2a: Landorus|Landorus-Therian, M, shiny|100/100|[from] Flip Turn
|-ability|p2a: Landorus|Intimidate|boost
|-unboost|p1a: Slowking|atk|1
|move|p1a: Slowking|Psychic Noise|p2a: Landorus
|-damage|p2a: Landorus|62/100
|-start|p2a: Landorus|move: Heal Block
|
|-damage|p1a: Slowking|72/100 brn|[from] brn
|upkeep
|turn|15
|
|t:|1757882588
|switch|p1a: Corviknight|Corviknight, F|84/100
|-ability|p1a: Corviknight|Pressure
|move|p2a: Landorus|U-turn|p1a: Corviknight
|-resisted|p1a: Corviknight
|-damage|p1a: Corviknight|81/100
|
|t:|1757882590
|switch|p2a: Raging Bolt|Raging Bolt|87/100|[from] U-turn
|
|-heal|p1a: Corviknight|87/100|[from] item: Leftovers
|upkeep
|turn|16
|
|t:|1757882593
|switch|p1a: Slowking|Slowking-Galar, M|100/100 brn
|move|p2a: Raging Bolt|Draco Meteor|p1a: Slowking
|-damage|p1a: Slowking|33/100 brn
|-unboost|p2a: Raging Bolt|spa|2
|
|-damage|p1a: Slowking|27/100 brn|[from] brn
|upkeep
|turn|17
|
|t:|1757882598
|-end|p2a: Raging Bolt|Protosynthesis|[silent]
|switch|p2a: Ogerpon|Ogerpon-Wellspring, F|11/100
|switch|p1a: Corviknight|Corviknight, F|87/100
|-ability|p1a: Corviknight|Pressure
|
|-heal|p1a: Corviknight|93/100|[from] item: Leftovers
|upkeep
|turn|18
|
|t:|1757882603
|switch|p2a: Raging Bolt|Raging Bolt|87/100
|move|p1a: Corviknight|U-turn|p2a: Raging Bolt
|-damage|p2a: Raging Bolt|72/100
|
|t:|1757882604
|switch|p1a: Landorus|Landorus-Therian, M|100/100|[from] U-turn
|-ability|p1a: Landorus|Intimidate|boost
|-unboost|p2a: Raging Bolt|atk|1
|
|upkeep
|turn|19
|
|t:|1757882606
|move|p1a: Landorus|Earthquake|p2a: Raging Bolt
|-supereffective|p2a: Raging Bolt
|-damage|p2a: Raging Bolt|0 fnt
|faint|p2a: Raging Bolt
|-end|p2a: Raging Bolt|Protosynthesis|[silent]
|
|upkeep
|-message|v1n001 forfeited.
|
|win|Swagachu125
|raw|Swagachu125's rating: 1662 &rarr; <strong>1681</strong><br />(+19 for winning)
|raw|v1n001's rating: 1649 &rarr; <strong>1630</strong><br />(-19 for losing)
|l|‽v1n001
|player|p2|
