|j|☆zhr061104
|j|☆karivaar
|t:|1757933376
|gametype|singles
|player|p1|zhr061104|2|1335
|player|p2|karivaar|102|1296
|gen|9
|tier|[Gen 9] OU
|rated|
|rule|HP Percentage Mod: HP is shown in percentages
|rule|Endless Battle Clause: Forcing endless battles is banned
|rule|Species Clause: Limit one of each Pokémon
|rule|OHKO Clause: OHKO moves are banned
|rule|Evasion Items Clause: Evasion items are banned
|rule|Evasion Moves Clause: Evasion moves are banned
|rule|Evasion Abilities Clause: Evasion abilities are banned
|rule|Sleep Moves Clause: Sleep-inducing moves are banned
|clearpoke
|poke|p1|Dragonite, M|
|poke|p1|Cinderace, F|
|poke|p1|Corviknight, M|
|poke|p1|Ogerpon-Wellspring, F|
|poke|p1|Iron Jugulis|
|poke|p1|Glimmora, M|
|poke|p2|Garchomp, M|
|poke|p2|Arcanine-Hisui, F|
|poke|p2|Araquanid, F|
|poke|p2|Gholdengo|
|poke|p2|Cryogonal|
|poke|p2|Zapdos|
|teampreview
|inactive|Battle timer is ON: inactive players will automatically lose when time's up. (requested by zhr061104)
|
|t:|1757933385
|teamsize|p1|6
|teamsize|p2|6
|start
|switch|p1a: Glimmora|Glimmora, M|100/100
|switch|p2a: Araquanid|Araquanid, F|100/100
|turn|1
|
|t:|1757933401
|move|p1a: Glimmora|Meteor Beam||[still]
|-prepare|p1a: Glimmora|Meteor Beam
|-boost|p1a: Glimmora|spa|1
|-enditem|p1a: Glimmora|Power Herb
|-anim|p1a: Glimmora|Meteor Beam|p2a: Araquanid
|-supereffective|p2a: Araquanid
|-damage|p2a: Araquanid|0 fnt
|faint|p2a: Araquanid
|
|upkeep
|
|t:|1757933419
|switch|p2a: Garchomp|Garchomp, M|100/100
|turn|2
|
|t:|1757933430
|switch|p1a: Corviknight|Corviknight, M|100/100
|move|p2a: Garchomp|Scale Shot|p1a: Corviknight
|-resisted|p1a: Corviknight
|-damage|p1a: Corviknight|96/100
|-resisted|p1a: Corviknight
|-damage|p1a: Corviknight|93/100
|-resisted|p1a: Corviknight
|-damage|p1a: Corviknight|89/100
|-resisted|p1a: Corviknight
|-damage|p1a: Corviknight|85/100
|-hitcount|p1a: Corviknight|4
|-unboost|p2a: Garchomp|def|1
|-boost|p2a: Garchomp|spe|1
|
|upkeep
|turn|3
|
|t:|1757933443
|switch|p2a: Zapdos|Zapdos|100/100
|move|p1a: Corviknight|Brave Bird|p2a: Zapdos
|-resisted|p2a: Zapdos
|-damage|p2a: Zapdos|79/100
|-damage|p1a: Corviknight|79/100|[from] Recoil
|
|upkeep
|turn|4
|
|t:|1757933460
|switch|p1a: Cinderace|Cinderace, F|100/100
|move|p2a: Zapdos|Volt Switch|p1a: Cinderace
|-damage|p1a: Cinderace|49/100
|
|t:|1757933470
|switch|p2a: Garchomp|Garchomp, M|100/100|[from] Volt Switch
|
|upkeep
|turn|5
|
|t:|1757933476
|switch|p1a: Corviknight|Corviknight, M|79/100
|move|p2a: Garchomp|Scale Shot|p1a: Corviknight
|-resisted|p1a: Corviknight
|-damage|p1a: Corviknight|75/100
|-resisted|p1a: Corviknight
|-damage|p1a: Corviknight|71/100
|-resisted|p1a: Corviknight
|-damage|p1a: Corviknight|67/100
|-resisted|p1a: Corviknight
|-damage|p1a: Corviknight|63/100
|-resisted|p1a: Corviknight
|-damage|p1a: Corviknight|59/100
|-hitcount|p1a: Corviknight|5
|-unboost|p2a: Garchomp|def|1
|-boost|p2a: Garchomp|spe|1
|
|upkeep
|turn|6
|
|t:|1757933488
|switch|p2a: Arcanine|Arcanine-Hisui, F|100/100
|switch|p1a: Cinderace|Cinderace, F|49/100
|
|upkeep
|turn|7
|
|t:|1757933496
|move|p2a: Arcanine|Extreme Speed|p1a: Cinderace
|-damage|p1a: Cinderace|0 fnt
|faint|p1a: Cinderace
|
|upkeep
|
|t:|1757933501
|switch|p1a: Glimmora|Glimmora, M|100/100
|turn|8
|
|t:|1757933507
|switch|p2a: Garchomp|Garchomp, M|100/100
|move|p1a: Glimmora|Meteor Beam||[still]
|-prepare|p1a: Glimmora|Meteor Beam
|-boost|p1a: Glimmora|spa|1
|
|upkeep
|turn|9
|
|t:|1757933517
|move|p2a: Garchomp|Scale Shot|p1a: Glimmora
|-damage|p1a: Glimmora|86/100
|-activate|p1a: Glimmora|ability: Toxic Debris
|-sidestart|p2: karivaar|move: Toxic Spikes
|-damage|p1a: Glimmora|70/100
|-activate|p1a: Glimmora|ability: Toxic Debris
|-sidestart|p2: karivaar|move: Toxic Spikes
|-damage|p1a: Glimmora|53/100
|-damage|p1a: Glimmora|37/100
|-hitcount|p1a: Glimmora|4
|-unboost|p2a: Garchomp|def|1
|-boost|p2a: Garchomp|spe|1
|move|p1a: Glimmora|Meteor Beam|p2a: Garchomp|[from] lockedmove
|-resisted|p2a: Garchomp
|-damage|p2a: Garchomp|48/100
|
|upkeep
|turn|10
|
|t:|1757933531
|switch|p1a: Corviknight|Corviknight, M|59/100
|move|p2a: Garchomp|Scale Shot|p1a: Corviknight
|-resisted|p1a: Corviknight
|-damage|p1a: Corviknight|55/100
|-resisted|p1a: Corviknight
|-damage|p1a: Corviknight|51/100
|-resisted|p1a: Corviknight
|-crit|p1a: Corviknight
|-damage|p1a: Corviknight|45/100
|-resisted|p1a: Corviknight
|-damage|p1a: Corviknight|40/100
|-resisted|p1a: Corviknight
|-damage|p1a: Corviknight|37/100
|-hitcount|p1a: Corviknight|5
|-unboost|p2a: Garchomp|def|1
|-boost|p2a: Garchomp|spe|1
|
|upkeep
|turn|11
|
|t:|1757933547
|-terastallize|p2a: Garchomp|Steel
|move|p2a: Garchomp|Iron Head|p1a: Corviknight
|-resisted|p1a: Corviknight
|-damage|p1a: Corviknight|24/100
|-damage|p2a: Garchomp|32/100|[from] item: Rocky Helmet|[of] p1a: Corviknight
|move|p1a: Corviknight|Roost|p1a: Corviknight
|-heal|p1a: Corviknight|74/100
|-singleturn|p1a: Corviknight|move: Roost
|
|upkeep
|turn|12
|
|t:|1757933558
|switch|p2a: Zapdos|Zapdos|79/100
|move|p1a: Corviknight|Body Press|p2a: Zapdos
|-resisted|p2a: Zapdos
|-damage|p2a: Zapdos|63/100
|-status|p1a: Corviknight|par|[from] ability: Static|[of] p2a: Zapdos
|
|upkeep
|turn|13
|inactive|karivaar has 120 seconds left.
|
|t:|1757933588
|switch|p1a: Ogerpon|Ogerpon-Wellspring, F|100/100
|move|p2a: Zapdos|Roost|p2a: Zapdos
|-heal|p2a: Zapdos|100/100
|-singleturn|p2a: Zapdos|move: Roost
|
|upkeep
|turn|14
|
|t:|1757933604
|move|p1a: Ogerpon|U-turn|p2a: Zapdos
|-resisted|p2a: Zapdos
|-damage|p2a: Zapdos|82/100
|
|t:|1757933608
|switch|p1a: Glimmora|Glimmora, M|37/100|[from] U-turn
|move|p2a: Zapdos|Hurricane|p1a: Glimmora
|-resisted|p1a: Glimmora
|-damage|p1a: Glimmora|1/100
|-start|p1a: Glimmora|confusion
|
|upkeep
|turn|15
|
|t:|1757933617
|move|p2a: Zapdos|Volt Switch|p1a: Glimmora
|-damage|p1a: Glimmora|0 fnt
|faint|p1a: Glimmora
|
|t:|1757933622
|switch|p2a: Cryogonal|Cryogonal|100/100|[from] Volt Switch
|
|upkeep
|
|t:|1757933638
|switch|p1a: Dragonite|Dragonite, M|100/100
|turn|16
|
|t:|1757933649
|move|p2a: Cryogonal|Rapid Spin|p1a: Dragonite
|-damage|p1a: Dragonite|97/100
|-boost|p2a: Cryogonal|spe|1
|-sideend|p2: karivaar|Toxic Spikes|[from] move: Rapid Spin|[of] p2a: Cryogonal
|move|p1a: Dragonite|Iron Head|p2a: Cryogonal
|-supereffective|p2a: Cryogonal
|-damage|p2a: Cryogonal|0 fnt
|faint|p2a: Cryogonal
|
|upkeep
|
|t:|1757933660
|switch|p2a: Arcanine|Arcanine-Hisui, F|100/100
|turn|17
|
|t:|1757933668
|switch|p1a: Corviknight|Corviknight, M|74/100 par
|move|p2a: Arcanine|Head Smash|p1a: Corviknight
|-damage|p1a: Corviknight|14/100 par
|-damage|p2a: Arcanine|84/100|[from] item: Rocky Helmet|[of] p1a: Corviknight
|
|upkeep
|turn|18
|
|t:|1757933676
|move|p2a: Arcanine|Head Smash|p1a: Corviknight
|-damage|p1a: Corviknight|0 fnt
|-damage|p2a: Arcanine|67/100|[from] item: Rocky Helmet|[of] p1a: Corviknight
|faint|p1a: Corviknight
|
|upkeep
|
|t:|1757933678
|switch|p1a: Iron Jugulis|Iron Jugulis|100/100
|turn|19
|
|t:|1757933687
|switch|p2a: Garchomp|Garchomp, M, tera:Steel|32/100
|move|p1a: Iron Jugulis|Earth Power|p2a: Garchomp
|-supereffective|p2a: Garchomp
|-damage|p2a: Garchomp|0 fnt
|faint|p2a: Garchomp
|
|upkeep
|
|t:|1757933697
|switch|p2a: Zapdos|Zapdos|82/100
|turn|20
|
|t:|1757933712
|-end|p1a: Iron Jugulis|Quark Drive|[silent]
|switch|p1a: Ogerpon|Ogerpon-Wellspring, F|100/100
|move|p2a: Zapdos|Volt Switch|p1a: Ogerpon
|-damage|p1a: Ogerpon|55/100
|
|t:|1757933728
|switch|p2a: Arcanine|Arcanine-Hisui, F|67/100|[from] Volt Switch
|
|upkeep
|turn|21
|
|t:|1757933753
|move|p2a: Arcanine|Extreme Speed|p1a: Ogerpon
|-damage|p1a: Ogerpon|4/100
|move|p1a: Ogerpon|Ivy Cudgel|p2a: Arcanine|[anim] Ivy Cudgel Water
|-supereffective|p2a: Arcanine
|-damage|p2a: Arcanine|0 fnt
|faint|p2a: Arcanine
|
|upkeep
|
|t:|1757933764
|switch|p2a: Zapdos|Zapdos|82/100
|turn|22
|
|t:|1757933768
|move|p1a: Ogerpon|Ivy Cudgel|p2a: Zapdos|[anim] Ivy Cudgel Water
|-damage|p2a: Zapdos|5/100
|move|p2a: Zapdos|Roost|p2a: Zapdos
|-heal|p2a: Zapdos|56/100
|-singleturn|p2a: Zapdos|move: Roost
|
|upkeep
|turn|23
|
|t:|1757933775
|move|p1a: Ogerpon|Ivy Cudgel|p2a: Zapdos|[anim] Ivy Cudgel Water
|-crit|p2a: Zapdos
|-damage|p2a: Zapdos|0 fnt
|faint|p2a: Zapdos
|
|upkeep
|
|t:|1757933778
|switch|p2a: Gholdengo|Gholdengo|100/100
|-item|p2a: Gholdengo|Air Balloon
|turn|24
|
|t:|1757933783
|move|p1a: Ogerpon|Ivy Cudgel|p2a: Gholdengo|[anim] Ivy Cudgel Water
|-damage|p2a: Gholdengo|29/100
|-enditem|p2a: Gholdengo|Air Balloon
|move|p2a: Gholdengo|Shadow Ball|p1a: Ogerpon
|-damage|p1a: Ogerpon|0 fnt
|faint|p1a: Ogerpon
|
|upkeep
|
|t:|1757933789
|switch|p1a: Dragonite|Dragonite, M|97/100
|turn|25
|
|t:|1757933799
|move|p2a: Gholdengo|Make It Rain|p1a: Dragonite
|-damage|p1a: Dragonite|33/100
|-unboost|p2a: Gholdengo|spa|1
|move|p1a: Dragonite|Dragon Claw|p2a: Gholdengo
|-resisted|p2a: Gholdengo
|-damage|p2a: Gholdengo|0 fnt
|faint|p2a: Gholdengo
|
|win|zhr061104
|raw|zhr061104's rating: 1335 &rarr; <strong>1353</strong><br />(+18 for winning)
|raw|karivaar's rating: 1296 &rarr; <strong>1274</strong><br />(-22 for losing)
|l|☆zhr061104
|player|p1|
|l|☆karivaar
|player|p2|
