|j|☆lynx1240
|j|☆potayo
|t:|1757904551
|gametype|singles
|player|p1|lynx1240|102|1580
|player|p2|potayo|1|1674
|gen|9
|tier|[Gen 9] OU
|rated|
|rule|HP Percentage Mod: HP is shown in percentages
|rule|Endless Battle Clause: Forcing endless battles is banned
|rule|Species Clause: Limit one of each Pokémon
|rule|OHKO Clause: OHKO moves are banned
|rule|Evasion Items Clause: Evasion items are banned
|rule|Evasion Moves Clause: Evasion moves are banned
|rule|Evasion Abilities Clause: Evasion abilities are banned
|rule|Sleep Moves Clause: Sleep-inducing moves are banned
|clearpoke
|poke|p1|Iron Crown|
|poke|p1|Alomomola, M|
|poke|p1|Scizor, F|
|poke|p1|Corviknight, M|
|poke|p1|Iron Treads|
|poke|p1|Darkrai|
|poke|p2|Volcanion|
|poke|p2|Conkeldurr, M|
|poke|p2|Mimikyu, F|
|poke|p2|Hoopa-Unbound|
|poke|p2|Hatterene, F|
|poke|p2|Cresselia, F|
|teampreview
|
|t:|1757904561
|teamsize|p1|6
|teamsize|p2|6
|start
|switch|p1a: Scizor|Scizor, F|100/100
|switch|p2a: Volcanion|Volcanion|100/100
|turn|1
|
|t:|1757904569
|switch|p1a: Alomomola|Alomomola, M|100/100
|move|p2a: Volcanion|Overheat|p1a: Alomomola
|-resisted|p1a: Alomomola
|-damage|p1a: Alomomola|30/100
|-unboost|p2a: Volcanion|spa|2
|
|upkeep
|turn|2
|
|t:|1757904582
|switch|p1a: Darkrai|Darkrai|100/100
|move|p2a: Volcanion|Overheat|p1a: Darkrai
|-damage|p1a: Darkrai|40/100
|-unboost|p2a: Volcanion|spa|2
|
|upkeep
|turn|3
|
|t:|1757904588
|move|p1a: Darkrai|Knock Off|p2a: Volcanion
|-damage|p2a: Volcanion|80/100
|-enditem|p2a: Volcanion|Choice Specs|[from] move: Knock Off|[of] p1a: Darkrai
|move|p2a: Volcanion|Overheat|p1a: Darkrai
|-damage|p1a: Darkrai|14/100
|-unboost|p2a: Volcanion|spa|2
|
|upkeep
|turn|4
|
|t:|1757904592
|move|p1a: Darkrai|Will-O-Wisp|p2a: Volcanion
|-immune|p2a: Volcanion
|move|p2a: Volcanion|Steam Eruption|p1a: Darkrai
|-damage|p1a: Darkrai|0 fnt
|faint|p1a: Darkrai
|
|upkeep
|
|t:|1757904595
|switch|p1a: Iron Crown|Iron Crown|100/100
|turn|5
|
|t:|1757904602
|switch|p2a: Hoopa|Hoopa-Unbound|100/100
|move|p1a: Iron Crown|Volt Switch|p2a: Hoopa
|-damage|p2a: Hoopa|88/100
|
|t:|1757904604
|-end|p1a: Iron Crown|Quark Drive|[silent]
|switch|p1a: Scizor|Scizor, F|100/100|[from] Volt Switch
|
|upkeep
|turn|6
|
|t:|1757904607
|move|p2a: Hoopa|Destiny Bond|p2a: Hoopa
|-singlemove|p2a: Hoopa|Destiny Bond
|move|p1a: Scizor|U-turn|p2a: Hoopa
|-supereffective|p2a: Hoopa
|-damage|p2a: Hoopa|0 fnt
|faint|p2a: Hoopa
|-activate|p2a: Hoopa|move: Destiny Bond
|faint|p1a: Scizor
|
|upkeep
|
|t:|1757904615
|switch|p2a: Volcanion|Volcanion|80/100
|switch|p1a: Iron Crown|Iron Crown|100/100
|turn|7
|
|t:|1757904622
|-terastallize|p2a: Volcanion|Fire
|move|p1a: Iron Crown|Future Sight|p2a: Volcanion
|-start|p1a: Iron Crown|move: Future Sight
|move|p2a: Volcanion|Flamethrower|p1a: Iron Crown
|-supereffective|p1a: Iron Crown
|-damage|p1a: Iron Crown|13/100
|
|upkeep
|turn|8
|
|t:|1757904626
|move|p1a: Iron Crown|Volt Switch|p2a: Volcanion
|-damage|p2a: Volcanion|58/100
|
|t:|1757904630
|-end|p1a: Iron Crown|Quark Drive|[silent]
|switch|p1a: Alomomola|Alomomola, M|63/100|[from] Volt Switch
|move|p2a: Volcanion|Flamethrower|p1a: Alomomola
|-resisted|p1a: Alomomola
|-damage|p1a: Alomomola|24/100
|
|upkeep
|turn|9
|
|t:|1757904635
|move|p2a: Volcanion|Flamethrower|p1a: Alomomola
|-resisted|p1a: Alomomola
|-damage|p1a: Alomomola|0 fnt
|faint|p1a: Alomomola
|
|-end|p2a: Volcanion|move: Future Sight
|-damage|p2a: Volcanion|0 fnt
|faint|p2a: Volcanion
|upkeep
|
|t:|1757904648
|switch|p2a: Conkeldurr|Conkeldurr, M|100/100
|switch|p1a: Iron Crown|Iron Crown|13/100
|turn|10
|
|t:|1757904653
|switch|p2a: Cresselia|Cresselia, F|100/100
|move|p1a: Iron Crown|Psychic Noise|p2a: Cresselia
|-resisted|p2a: Cresselia
|-damage|p2a: Cresselia|89/100
|-start|p2a: Cresselia|move: Heal Block
|
|upkeep
|turn|11
|
|t:|1757904657
|move|p1a: Iron Crown|Volt Switch|p2a: Cresselia
|-damage|p2a: Cresselia|73/100
|
|t:|1757904658
|-end|p1a: Iron Crown|Quark Drive|[silent]
|switch|p1a: Corviknight|Corviknight, M|100/100|[from] Volt Switch
|-ability|p1a: Corviknight|Pressure
|move|p2a: Cresselia|Trick Room|p2a: Cresselia
|-fieldstart|move: Trick Room|[of] p2a: Cresselia
|
|-end|p2a: Cresselia|move: Heal Block
|upkeep
|turn|12
|
|t:|1757904662
|switch|p2a: Conkeldurr|Conkeldurr, M|100/100
|move|p1a: Corviknight|Bulk Up|p1a: Corviknight
|-boost|p1a: Corviknight|atk|1
|-boost|p1a: Corviknight|def|1
|
|-status|p2a: Conkeldurr|brn|[from] item: Flame Orb
|upkeep
|turn|13
|
|t:|1757904671
|move|p2a: Conkeldurr|Knock Off|p1a: Corviknight
|-damage|p1a: Corviknight|67/100
|-enditem|p1a: Corviknight|Leftovers|[from] move: Knock Off|[of] p2a: Conkeldurr
|move|p1a: Corviknight|Bulk Up|p1a: Corviknight
|-boost|p1a: Corviknight|atk|1
|-boost|p1a: Corviknight|def|1
|
|-damage|p2a: Conkeldurr|95/100 brn|[from] brn
|upkeep
|turn|14
|
|t:|1757904675
|move|p2a: Conkeldurr|Drain Punch|p1a: Corviknight
|-damage|p1a: Corviknight|39/100
|-heal|p2a: Conkeldurr|100/100 brn|[from] drain|[of] p1a: Corviknight
|move|p1a: Corviknight|Bulk Up|p1a: Corviknight
|-boost|p1a: Corviknight|atk|1
|-boost|p1a: Corviknight|def|1
|
|-damage|p2a: Conkeldurr|95/100 brn|[from] brn
|upkeep
|turn|15
|
|t:|1757904680
|switch|p2a: Mimikyu|Mimikyu, F|100/100
|move|p1a: Corviknight|Roost|p1a: Corviknight
|-heal|p1a: Corviknight|89/100
|-singleturn|p1a: Corviknight|move: Roost
|
|-fieldend|move: Trick Room
|upkeep
|turn|16
|
|t:|1757904683
|move|p2a: Mimikyu|Will-O-Wisp|p1a: Corviknight
|-status|p1a: Corviknight|brn
|move|p1a: Corviknight|Brave Bird|p2a: Mimikyu
|-activate|p2a: Mimikyu|ability: Disguise
|-damage|p2a: Mimikyu|100/100
|detailschange|p2a: Mimikyu|Mimikyu-Busted, F
|-damage|p2a: Mimikyu|88/100|[from] pokemon: Mimikyu-Busted
|-enditem|p2a: Mimikyu|Red Card|[of] p1a: Corviknight
|drag|p1a: Iron Treads|Iron Treads|100/100
|
|upkeep
|turn|17
|
|t:|1757904690
|move|p1a: Iron Treads|Stealth Rock|p2a: Mimikyu
|-sidestart|p2: potayo|move: Stealth Rock
|move|p2a: Mimikyu|Will-O-Wisp|p1a: Iron Treads
|-status|p1a: Iron Treads|brn
|
|-damage|p1a: Iron Treads|94/100 brn|[from] brn
|upkeep
|turn|18
|
|t:|1757904694
|move|p1a: Iron Treads|Earthquake|p2a: Mimikyu
|-damage|p2a: Mimikyu|69/100
|move|p2a: Mimikyu|Trick Room|p2a: Mimikyu
|-fieldstart|move: Trick Room|[of] p2a: Mimikyu
|
|-damage|p1a: Iron Treads|88/100 brn|[from] brn
|upkeep
|turn|19
|
|t:|1757904701
|switch|p2a: Conkeldurr|Conkeldurr, M|95/100 brn
|-damage|p2a: Conkeldurr|89/100 brn|[from] Stealth Rock
|move|p1a: Iron Treads|Volt Switch|p2a: Conkeldurr
|-damage|p2a: Conkeldurr|78/100 brn
|
|t:|1757904706
|-end|p1a: Iron Treads|Quark Drive|[silent]
|switch|p1a: Corviknight|Corviknight, M|89/100 brn|[from] Volt Switch
|-ability|p1a: Corviknight|Pressure
|
|-damage|p2a: Conkeldurr|72/100 brn|[from] brn
|-damage|p1a: Corviknight|83/100 brn|[from] brn
|upkeep
|turn|20
|
|t:|1757904710
|move|p2a: Conkeldurr|Drain Punch|p1a: Corviknight
|-damage|p1a: Corviknight|30/100 brn
|-heal|p2a: Conkeldurr|100/100 brn|[from] drain|[of] p1a: Corviknight
|move|p1a: Corviknight|Roost|p1a: Corviknight
|-heal|p1a: Corviknight|80/100 brn
|-singleturn|p1a: Corviknight|move: Roost
|
|-damage|p2a: Conkeldurr|95/100 brn|[from] brn
|-damage|p1a: Corviknight|73/100 brn|[from] brn
|upkeep
|turn|21
|
|t:|1757904716
|move|p2a: Conkeldurr|Drain Punch|p1a: Corviknight
|-damage|p1a: Corviknight|13/100 brn
|-heal|p2a: Conkeldurr|100/100 brn|[from] drain|[of] p1a: Corviknight
|move|p1a: Corviknight|Roost|p1a: Corviknight
|-heal|p1a: Corviknight|63/100 brn
|-singleturn|p1a: Corviknight|move: Roost
|
|-damage|p2a: Conkeldurr|95/100 brn|[from] brn
|-damage|p1a: Corviknight|57/100 brn|[from] brn
|upkeep
|turn|22
|
|t:|1757904719
|move|p2a: Conkeldurr|Drain Punch|p1a: Corviknight
|-damage|p1a: Corviknight|0 fnt
|-heal|p2a: Conkeldurr|100/100 brn|[from] drain|[of] p1a: Corviknight
|faint|p1a: Corviknight
|
|-damage|p2a: Conkeldurr|95/100 brn|[from] brn
|-fieldend|move: Trick Room
|upkeep
|
|t:|1757904722
|switch|p1a: Iron Crown|Iron Crown|13/100
|turn|23
|
|t:|1757904729
|switch|p2a: Mimikyu|Mimikyu-Busted, F|69/100
|-damage|p2a: Mimikyu|57/100|[from] Stealth Rock
|move|p1a: Iron Crown|Psychic Noise|p2a: Mimikyu
|-damage|p2a: Mimikyu|16/100
|-start|p2a: Mimikyu|move: Heal Block
|
|upkeep
|turn|24
|
|t:|1757904738
|-end|p1a: Iron Crown|Quark Drive|[silent]
|switch|p1a: Iron Treads|Iron Treads|88/100 brn
|move|p2a: Mimikyu|Trick Room|p2a: Mimikyu
|-fieldstart|move: Trick Room|[of] p2a: Mimikyu
|
|-damage|p1a: Iron Treads|82/100 brn|[from] brn
|-end|p2a: Mimikyu|move: Heal Block
|upkeep
|turn|25
|
|t:|1757904742
|move|p2a: Mimikyu|Curse|p1a: Iron Treads
|-start|p1a: Iron Treads|Curse|[of] p2a: Mimikyu
|-damage|p2a: Mimikyu|0 fnt
|faint|p2a: Mimikyu
|move|p1a: Iron Treads|Volt Switch|p2: Mimikyu|[notarget]
|-fail|p1a: Iron Treads
|
|-damage|p1a: Iron Treads|76/100 brn|[from] brn
|-damage|p1a: Iron Treads|52/100 brn|[from] Curse
|upkeep
|-message|lynx1240 forfeited.
|
|win|potayo
|raw|lynx1240's rating: 1580 &rarr; <strong>1565</strong><br />(-15 for losing)
|raw|potayo's rating: 1674 &rarr; <strong>1689</strong><br />(+15 for winning)
|l|☆lynx1240
|player|p1|
|l|☆potayo
|player|p2|
