|j|☆n1hplod
|j|☆tuigjughj
|t:|1757955498
|gametype|singles
|player|p1|n1hplod|musician|1012
|player|p2|tuigjughj|102|1000
|gen|9
|tier|[Gen 9] OU
|rated|
|rule|HP Percentage Mod: HP is shown in percentages
|rule|Endless Battle Clause: Forcing endless battles is banned
|rule|Species Clause: Limit one of each Pokémon
|rule|OHKO Clause: OHKO moves are banned
|rule|Evasion Items Clause: Evasion items are banned
|rule|Evasion Moves Clause: Evasion moves are banned
|rule|Evasion Abilities Clause: Evasion abilities are banned
|rule|Sleep Moves Clause: Sleep-inducing moves are banned
|clearpoke
|poke|p1|Dragapult, M|
|poke|p1|Garchomp, F|
|poke|p1|Primarina, M|
|poke|p1|Glimmora, M|
|poke|p1|Dragonite, F|
|poke|p1|Kingambit, F|
|poke|p2|Hoopa-Unbound|
|poke|p2|Mimikyu, F|
|poke|p2|Hatterene, F|
|poke|p2|Ursaluna, F|
|poke|p2|Iron Hands|
|poke|p2|Indeedee, M|
|teampreview
|inactive|Battle timer is ON: inactive players will automatically lose when time's up. (requested by tuigjughj)
|
|t:|1757955518
|teamsize|p1|6
|teamsize|p2|6
|start
|switch|p1a: Dragapult|Dragapult, M|100/100
|switch|p2a: Indeedee|Indeedee, M, shiny|100/100
|-fieldstart|move: Psychic Terrain|[from] ability: Psychic Surge|[of] p2a: Indeedee
|turn|1
|
|t:|1757955527
|move|p1a: Dragapult|Will-O-Wisp|p2a: Indeedee
|-status|p2a: Indeedee|brn
|move|p2a: Indeedee|Trick Room|p2a: Indeedee
|-fieldstart|move: Trick Room|[of] p2a: Indeedee
|
|-damage|p2a: Indeedee|94/100 brn|[from] brn
|upkeep
|turn|2
|
|t:|1757955535
|switch|p2a: Ursaluna|Ursaluna, F, shiny|100/100
|move|p1a: Dragapult|Substitute|p1a: Dragapult
|-start|p1a: Dragapult|Substitute
|-damage|p1a: Dragapult|75/100
|
|-heal|p1a: Dragapult|82/100|[from] item: Leftovers
|-status|p2a: Ursaluna|brn|[from] item: Flame Orb
|upkeep
|turn|3
|
|t:|1757955543
|move|p2a: Ursaluna|Ice Punch|p1a: Dragapult
|-supereffective|p1a: Dragapult
|-crit|p1a: Dragapult
|-end|p1a: Dragapult|Substitute
|move|p1a: Dragapult|Hex|p2a: Ursaluna
|-immune|p2a: Ursaluna
|
|-heal|p1a: Dragapult|88/100|[from] item: Leftovers
|-damage|p2a: Ursaluna|94/100 brn|[from] brn
|upkeep
|turn|4
|
|t:|1757955554
|move|p2a: Ursaluna|Headlong Rush|p1a: Dragapult
|-damage|p1a: Dragapult|0 fnt
|-unboost|p2a: Ursaluna|def|1
|-unboost|p2a: Ursaluna|spd|1
|faint|p1a: Dragapult
|
|-damage|p2a: Ursaluna|88/100 brn|[from] brn
|upkeep
|
|t:|1757955569
|switch|p1a: Glimmora|Glimmora, M|100/100
|turn|5
|
|t:|1757955577
|move|p2a: Ursaluna|Headlong Rush|p1a: Glimmora
|-supereffective|p1a: Glimmora
|-enditem|p1a: Glimmora|Focus Sash
|-damage|p1a: Glimmora|1/100
|-unboost|p2a: Ursaluna|def|1
|-unboost|p2a: Ursaluna|spd|1
|-activate|p1a: Glimmora|ability: Toxic Debris
|-sidestart|p2: tuigjughj|move: Toxic Spikes
|move|p1a: Glimmora|Energy Ball|p2a: Ursaluna
|-supereffective|p2a: Ursaluna
|-damage|p2a: Ursaluna|0 fnt
|faint|p2a: Ursaluna
|
|-fieldend|move: Trick Room
|upkeep
|
|t:|1757955598
|switch|p2a: Indeedee|Indeedee, M, shiny|94/100 brn
|turn|6
|
|t:|1757955618
|move|p1a: Glimmora|Earth Power|p2a: Indeedee
|-damage|p2a: Indeedee|57/100 brn
|move|p2a: Indeedee|Expanding Force|p1a: Glimmora
|-supereffective|p1a: Glimmora
|-damage|p1a: Glimmora|0 fnt
|faint|p1a: Glimmora
|
|-damage|p2a: Indeedee|51/100 brn|[from] brn
|upkeep
|
|t:|1757955633
|switch|p1a: Garchomp|Garchomp, F|100/100
|turn|7
|inactive|n1hplod has 120 seconds left.
|
|t:|1757955654
|move|p1a: Garchomp|Outrage|p2a: Indeedee
|-damage|p2a: Indeedee|0 fnt
|faint|p2a: Indeedee
|
|upkeep
|
|t:|1757955659
|switch|p2a: Hatterene|Hatterene, F, shiny|100/100
|-status|p2a: Hatterene|psn
|turn|8
|
|t:|1757955667
|move|p1a: Garchomp|Outrage|p2a: Hatterene|[from] lockedmove
|-immune|p2a: Hatterene
|move|p2a: Hatterene|Trick Room|p2a: Hatterene
|-fieldstart|move: Trick Room|[of] p2a: Hatterene
|
|-damage|p2a: Hatterene|88/100 psn|[from] psn
|-fieldend|move: Psychic Terrain
|upkeep
|turn|9
|
|t:|1757955677
|switch|p1a: Primarina|Primarina, M, shiny|100/100
|-terastallize|p2a: Hatterene|Stellar
|move|p2a: Hatterene|Draining Kiss|p1a: Primarina
|-damage|p1a: Primarina|59/100
|-heal|p2a: Hatterene|100/100 psn|[from] drain|[of] p1a: Primarina
|-damage|p2a: Hatterene|91/100 psn|[from] item: Life Orb
|
|-damage|p2a: Hatterene|78/100 psn|[from] psn
|upkeep
|turn|10
|inactive|n1hplod has 120 seconds left.
|
|t:|1757955696
|-terastallize|p1a: Primarina|Steel
|move|p2a: Hatterene|Expanding Force|p1a: Primarina
|-resisted|p1a: Primarina
|-damage|p1a: Primarina|32/100
|-damage|p2a: Hatterene|69/100 psn|[from] item: Life Orb
|move|p1a: Primarina|Sparkling Aria|p2a: Hatterene
|-damage|p2a: Hatterene|0 fnt
|faint|p2a: Hatterene
|
|upkeep
|
|t:|1757955708
|switch|p2a: Iron Hands|Iron Hands, shiny|100/100
|-status|p2a: Iron Hands|psn
|-enditem|p2a: Iron Hands|Booster Energy
|-activate|p2a: Iron Hands|ability: Quark Drive|[fromitem]
|-start|p2a: Iron Hands|quarkdriveatk
|turn|11
|
|t:|1757955717
|move|p2a: Iron Hands|Supercell Slam|p1a: Primarina
|-damage|p1a: Primarina|0 fnt
|faint|p1a: Primarina
|
|-damage|p2a: Iron Hands|88/100 psn|[from] psn
|upkeep
|
|t:|1757955727
|switch|p1a: Garchomp|Garchomp, F|100/100
|turn|12
|
|t:|1757955733
|move|p2a: Iron Hands|Ice Punch|p1a: Garchomp
|-supereffective|p1a: Garchomp
|-damage|p1a: Garchomp|0 fnt
|-damage|p2a: Iron Hands|76/100 psn|[from] ability: Rough Skin|[of] p1a: Garchomp
|faint|p1a: Garchomp
|
|-damage|p2a: Iron Hands|63/100 psn|[from] psn
|-fieldend|move: Trick Room
|upkeep
|
|t:|1757955750
|switch|p1a: Dragonite|Dragonite, F, shiny|100/100
|turn|13
|
|t:|1757955757
|move|p1a: Dragonite|Earthquake|p2a: Iron Hands
|-supereffective|p2a: Iron Hands
|-damage|p2a: Iron Hands|5/100 psn
|move|p2a: Iron Hands|Ice Punch|p1a: Dragonite
|-supereffective|p1a: Dragonite
|-damage|p1a: Dragonite|14/100
|
|-damage|p2a: Iron Hands|0 fnt|[from] psn
|faint|p2a: Iron Hands
|-end|p2a: Iron Hands|Quark Drive|[silent]
|upkeep
|
|t:|1757955766
|switch|p2a: Mimikyu|Mimikyu, F, shiny|100/100
|-status|p2a: Mimikyu|psn
|turn|14
|
|t:|1757955771
|move|p1a: Dragonite|Dragon Dance|p1a: Dragonite
|-boost|p1a: Dragonite|atk|1
|-boost|p1a: Dragonite|spe|1
|move|p2a: Mimikyu|Trick Room|p2a: Mimikyu
|-fieldstart|move: Trick Room|[of] p2a: Mimikyu
|
|-damage|p2a: Mimikyu|88/100 psn|[from] psn
|upkeep
|turn|15
|
|t:|1757955800
|move|p2a: Mimikyu|Play Rough|p1a: Dragonite
|-supereffective|p1a: Dragonite
|-damage|p1a: Dragonite|0 fnt
|faint|p1a: Dragonite
|
|-damage|p2a: Mimikyu|76/100 psn|[from] psn
|upkeep
|
|t:|1757955806
|switch|p1a: Kingambit|Kingambit, F|100/100
|-activate|p1a: Kingambit|ability: Supreme Overlord
|-start|p1a: Kingambit|fallen5|[silent]
|turn|16
|
|t:|1757955812
|move|p1a: Kingambit|Sucker Punch||[still]
|-fail|p1a: Kingambit
|move|p2a: Mimikyu|Curse|p1a: Kingambit
|-start|p1a: Kingambit|Curse|[of] p2a: Mimikyu
|-damage|p2a: Mimikyu|26/100 psn
|
|-damage|p2a: Mimikyu|13/100 psn|[from] psn
|-damage|p1a: Kingambit|76/100|[from] Curse
|upkeep
|turn|17
|
|t:|1757955822
|move|p1a: Kingambit|Kowtow Cleave|p2a: Mimikyu
|-activate|p2a: Mimikyu|ability: Disguise
|-damage|p2a: Mimikyu|13/100 psn
|detailschange|p2a: Mimikyu|Mimikyu-Busted, F, shiny
|-damage|p2a: Mimikyu|1/100 psn|[from] pokemon: Mimikyu-Busted
|move|p2a: Mimikyu|Play Rough|p1a: Kingambit
|-damage|p1a: Kingambit|53/100
|
|-damage|p2a: Mimikyu|0 fnt|[from] psn
|faint|p2a: Mimikyu
|-damage|p1a: Kingambit|28/100|[from] Curse
|upkeep
|
|t:|1757955835
|switch|p2a: Hoopa|Hoopa-Unbound|100/100
|-status|p2a: Hoopa|psn
|turn|18
|
|t:|1757955848
|move|p1a: Kingambit|Kowtow Cleave|p2a: Hoopa
|-damage|p2a: Hoopa|4/100 psn
|move|p2a: Hoopa|Trick Room|p2a: Hoopa
|-fieldend|move: Trick Room
|
|-damage|p2a: Hoopa|0 fnt|[from] psn
|faint|p2a: Hoopa
|
|win|n1hplod
|raw|n1hplod's rating: 1012 &rarr; <strong>1049</strong><br />(+37 for winning)
|raw|tuigjughj's rating: 1000 &rarr; <strong>1000</strong><br />(+0 for losing)
|l|☆tuigjughj
|player|p2|
|c|☆n1hplod|ggs
