|t:|1757885066
|gametype|singles
|player|p1|ayrmario09|palmer|
|player|p2|danbta|1|
|gen|9
|tier|[Gen 9] OU
|rule|HP Percentage Mod: HP is shown in percentages
|rule|Endless Battle Clause: Forcing endless battles is banned
|rule|Species Clause: Limit one of each Pokémon
|rule|OHKO Clause: OHKO moves are banned
|rule|Evasion Items Clause: Evasion items are banned
|rule|Evasion Moves Clause: Evasion moves are banned
|rule|Evasion Abilities Clause: Evasion abilities are banned
|rule|Sleep Moves Clause: Sleep-inducing moves are banned
|raw|<div class="infobox"><details class="readmore"><summary><strong>6 custom rules:</strong></summary> Force Open Team Sheets, Anything Goes, maxteamsize=8, Picked Team Size = 6, Adjust Level = 100, bestof=3</details></div>
|clearpoke
|poke|p1|Weavile, F|
|poke|p1|Gholdengo|
|poke|p1|Gliscor, M|
|poke|p1|Blissey, F|
|poke|p1|Ceruledge, M|
|poke|p1|Corviknight, F|
|poke|p1|Kingambit, M|
|poke|p1|Alomomola, F|
|poke|p2|Gholdengo|
|poke|p2|Mimikyu, F|
|poke|p2|Dragapult, F|
|poke|p2|Meowscarada, M|
|poke|p2|Toxapex, F|
|poke|p2|Galvantula, M|
|poke|p2|Gliscor, F|
|poke|p2|Ursaluna, F|
|teampreview|6
|showteam|p1|Weavile||ChoiceBand|Pressure|TripleAxel,KnockOff,IceShard,LowKick|||F||||,,,,,Ice]Gholdengo||ChoiceSpecs|GoodasGold|ShadowBall,MakeItRain,Thunderbolt,Trick|||||||,,,,,Fighting]Gliscor||ToxicOrb|PoisonHeal|Earthquake,Spikes,Toxic,Protect|||M||||,,,,,Water]Blissey||HeavyDutyBoots|NaturalCure|SeismicToss,StealthRock,ThunderWave,SoftBoiled|||F||||,,,,,Ground]Ceruledge||FocusSash|WeakArmor|SwordsDance,BitterBlade,ShadowSneak,Poltergeist|||M||||,,,,,Ghost]Corviknight||Leftovers|Pressure|BodyPress,Defog,BraveBird,Roost|||F||||,,,,,Dragon]Kingambit||AirBalloon|SupremeOverlord|SwordsDance,SuckerPunch,KowtowCleave,IronHead|||M||||,,,,,Ghost]Alomomola||RockyHelmet|Regenerator|FlipTurn,Wish,Protect,Scald|||F||||,,,,,Ghost
|showteam|p2|Gholdengo||ChoiceScarf|GoodasGold|ShadowBall,MakeItRain,Thunderbolt,Trick|||||||,,,,,Steel]Mimikyu||LifeOrb|Disguise|PlayRough,ShadowClaw,SwordsDance,ShadowSneak|||F||||,,,,,Ghost]Dragapult||ChoiceSpecs|Infiltrator|DracoMeteor,ShadowBall,Uturn,Thunderbolt|||F||||,,,,,Dragon]Meowscarada||FocusSash|Protean|FlowerTrick,KnockOff,SuckerPunch,Uturn|||M||||,,,,,Grass]Toxapex||BlackSludge|Regenerator|Toxic,Haze,Recover,Surf|||F||||,,,,,Poison]Galvantula||HeavyDutyBoots|CompoundEyes|Thunder,BugBuzz,StickyWeb,VoltSwitch|||M||||,,,,,Bug]Gliscor||ToxicOrb|PoisonHeal|Protect,Earthquake,KnockOff,StealthRock|||F||||,,,,,Ground]Ursaluna||FlameOrb|Guts|Facade,HeadlongRush,FirePunch,Protect|||F||||,,,,,Ground
|chat|☆danbta|lo teng
|chat|☆ayrmario09|yo igual
|chat|☆danbta|1
|chat|☆danbta|2
|chat|☆danbta|3
|chat|☆ayrmario09|galvantula
|chat|☆danbta|glisc
|
|t:|1757885066
|teamsize|p1|6
|teamsize|p2|6
|start
|switch|p1a: Weavile|Weavile, F|100/100
|switch|p2a: Mimikyu|Mimikyu, F|100/100
|-ability|p1a: Weavile|Pressure
|turn|1
|chat|☆ayrmario09|deje a Gholdengo
|chat|☆danbta|ursaç
|
|t:|1757885066
|move|p1a: Weavile|Triple Axel|p2a: Mimikyu
|-activate|p2a: Mimikyu|ability: Disguise
|-damage|p2a: Mimikyu|100/100
|detailschange|p2a: Mimikyu|Mimikyu-Busted, F
|-damage|p2a: Mimikyu|88/100|[from] pokemon: Mimikyu-Busted
|-damage|p2a: Mimikyu|41/100
|-damage|p2a: Mimikyu|0 fnt
|faint|p2a: Mimikyu
|-hitcount|p2: Mimikyu|3
|
|upkeep
|
|t:|1757885066
|switch|p2a: Gholdengo|Gholdengo|100/100
|turn|2
|
|t:|1757885066
|switch|p1a: Blissey|Blissey, F|100/100
|move|p2a: Gholdengo|Make It Rain|p1a: Blissey
|-damage|p1a: Blissey|79/100
|-unboost|p2a: Gholdengo|spa|1
|
|upkeep
|turn|3
|
|t:|1757885066
|switch|p2a: Gliscor|Gliscor, F|100/100
|move|p1a: Blissey|Stealth Rock|p2a: Gliscor
|-sidestart|p2: danbta|move: Stealth Rock
|
|-status|p2a: Gliscor|tox|[from] item: Toxic Orb
|upkeep
|turn|4
|
|t:|1757885066
|switch|p1a: Weavile|Weavile, F|100/100
|-ability|p1a: Weavile|Pressure
|move|p2a: Gliscor|Stealth Rock|p1a: Weavile
|-sidestart|p1: ayrmario09|move: Stealth Rock
|
|upkeep
|turn|5
|
|t:|1757885066
|move|p2a: Gliscor|Protect|p2a: Gliscor
|-singleturn|p2a: Gliscor|Protect
|move|p1a: Weavile|Knock Off|p2a: Gliscor
|-activate|p2a: Gliscor|move: Protect
|
|upkeep
|turn|6
|
|t:|1757885066
|switch|p1a: Corviknight|Corviknight, F|100/100
|-damage|p1a: Corviknight|88/100|[from] Stealth Rock
|-ability|p1a: Corviknight|Pressure
|move|p2a: Gliscor|Knock Off|p1a: Corviknight
|-damage|p1a: Corviknight|76/100
|-enditem|p1a: Corviknight|Leftovers|[from] move: Knock Off|[of] p2a: Gliscor
|
|upkeep
|turn|7
|
|t:|1757885066
|move|p2a: Gliscor|Knock Off|p1a: Corviknight
|-damage|p1a: Corviknight|68/100
|move|p1a: Corviknight|Brave Bird|p2a: Gliscor
|-damage|p2a: Gliscor|71/100 tox
|-damage|p1a: Corviknight|59/100|[from] Recoil
|
|-heal|p2a: Gliscor|83/100 tox|[from] ability: Poison Heal
|upkeep
|turn|8
|
|t:|1757885066
|move|p2a: Gliscor|Knock Off|p1a: Corviknight
|-damage|p1a: Corviknight|51/100
|move|p1a: Corviknight|Brave Bird|p2a: Gliscor
|-damage|p2a: Gliscor|57/100 tox
|-damage|p1a: Corviknight|43/100|[from] Recoil
|
|-heal|p2a: Gliscor|70/100 tox|[from] ability: Poison Heal
|upkeep
|turn|9
|
|t:|1757885066
|move|p2a: Gliscor|Earthquake|p1a: Corviknight
|-immune|p1a: Corviknight
|move|p1a: Corviknight|Roost|p1a: Corviknight
|-heal|p1a: Corviknight|93/100
|-singleturn|p1a: Corviknight|move: Roost
|
|-heal|p2a: Gliscor|82/100 tox|[from] ability: Poison Heal
|upkeep
|turn|10
|
|t:|1757885066
|move|p2a: Gliscor|Knock Off|p1a: Corviknight
|-damage|p1a: Corviknight|85/100
|move|p1a: Corviknight|Brave Bird|p2a: Gliscor
|-damage|p2a: Gliscor|56/100 tox
|-damage|p1a: Corviknight|77/100|[from] Recoil
|
|-heal|p2a: Gliscor|68/100 tox|[from] ability: Poison Heal
|upkeep
|turn|11
|
|t:|1757885066
|switch|p1a: Weavile|Weavile, F|100/100
|-damage|p1a: Weavile|76/100|[from] Stealth Rock
|-ability|p1a: Weavile|Pressure
|move|p2a: Gliscor|Protect||[still]
|-fail|p2a: Gliscor
|
|-heal|p2a: Gliscor|81/100 tox|[from] ability: Poison Heal
|upkeep
|turn|12
|
|t:|1757885066
|switch|p2a: Toxapex|Toxapex, F|100/100
|-damage|p2a: Toxapex|88/100|[from] Stealth Rock
|move|p1a: Weavile|Triple Axel|p2a: Toxapex
|-resisted|p2a: Toxapex
|-damage|p2a: Toxapex|82/100
|-resisted|p2a: Toxapex
|-damage|p2a: Toxapex|70/100
|-resisted|p2a: Toxapex
|-damage|p2a: Toxapex|52/100
|-hitcount|p2a: Toxapex|3
|
|-heal|p2a: Toxapex|58/100|[from] item: Black Sludge
|upkeep
|turn|13
|
|t:|1757885066
|switch|p1a: Corviknight|Corviknight, F|77/100
|-damage|p1a: Corviknight|65/100|[from] Stealth Rock
|-ability|p1a: Corviknight|Pressure
|move|p2a: Toxapex|Recover|p2a: Toxapex
|-heal|p2a: Toxapex|100/100
|
|upkeep
|turn|14
|
|t:|1757885066
|move|p1a: Corviknight|Brave Bird|p2a: Toxapex
|-damage|p2a: Toxapex|74/100
|-damage|p1a: Corviknight|58/100|[from] Recoil
|move|p2a: Toxapex|Surf|p1a: Corviknight
|-damage|p1a: Corviknight|39/100
|
|-heal|p2a: Toxapex|80/100|[from] item: Black Sludge
|upkeep
|turn|15
|
|t:|1757885066
|move|p1a: Corviknight|Roost|p1a: Corviknight
|-heal|p1a: Corviknight|89/100
|-singleturn|p1a: Corviknight|move: Roost
|move|p2a: Toxapex|Surf|p1a: Corviknight
|-damage|p1a: Corviknight|72/100
|
|-heal|p2a: Toxapex|86/100|[from] item: Black Sludge
|upkeep
|turn|16
|
|t:|1757885066
|move|p1a: Corviknight|Brave Bird|p2a: Toxapex
|-damage|p2a: Toxapex|58/100
|-damage|p1a: Corviknight|65/100|[from] Recoil
|move|p2a: Toxapex|Surf|p1a: Corviknight
|-damage|p1a: Corviknight|48/100
|
|-heal|p2a: Toxapex|65/100|[from] item: Black Sludge
|upkeep
|turn|17
|
|t:|1757885066
|move|p1a: Corviknight|Roost|p1a: Corviknight
|-heal|p1a: Corviknight|98/100
|-singleturn|p1a: Corviknight|move: Roost
|move|p2a: Toxapex|Surf|p1a: Corviknight
|-damage|p1a: Corviknight|81/100
|
|-heal|p2a: Toxapex|71/100|[from] item: Black Sludge
|upkeep
|turn|18
|
|t:|1757885066
|move|p1a: Corviknight|Brave Bird|p2a: Toxapex
|-damage|p2a: Toxapex|44/100
|-damage|p1a: Corviknight|74/100|[from] Recoil
|move|p2a: Toxapex|Surf|p1a: Corviknight
|-damage|p1a: Corviknight|56/100
|
|-heal|p2a: Toxapex|50/100|[from] item: Black Sludge
|upkeep
|turn|19
|
|t:|1757885066
|move|p1a: Corviknight|Brave Bird|p2a: Toxapex
|-damage|p2a: Toxapex|22/100
|-damage|p1a: Corviknight|49/100|[from] Recoil
|move|p2a: Toxapex|Recover|p2a: Toxapex
|-heal|p2a: Toxapex|72/100
|
|-heal|p2a: Toxapex|78/100|[from] item: Black Sludge
|upkeep
|turn|20
|
|t:|1757885066
|move|p1a: Corviknight|Brave Bird|p2a: Toxapex
|-damage|p2a: Toxapex|49/100
|-damage|p1a: Corviknight|42/100|[from] Recoil
|move|p2a: Toxapex|Surf|p1a: Corviknight
|-damage|p1a: Corviknight|22/100
|
|-heal|p2a: Toxapex|55/100|[from] item: Black Sludge
|upkeep
|turn|21
|
|t:|1757885066
|move|p1a: Corviknight|Roost|p1a: Corviknight
|-heal|p1a: Corviknight|72/100
|-singleturn|p1a: Corviknight|move: Roost
|move|p2a: Toxapex|Surf|p1a: Corviknight
|-damage|p1a: Corviknight|55/100
|
|-heal|p2a: Toxapex|62/100|[from] item: Black Sludge
|upkeep
|turn|22
|
|t:|1757885066
|move|p1a: Corviknight|Roost|p1a: Corviknight
|-heal|p1a: Corviknight|100/100
|-singleturn|p1a: Corviknight|move: Roost
|move|p2a: Toxapex|Haze|p2a: Toxapex
|-clearallboost
|
|-heal|p2a: Toxapex|68/100|[from] item: Black Sludge
|upkeep
|turn|23
|
|t:|1757885066
|switch|p1a: Blissey|Blissey, F|79/100
|move|p2a: Toxapex|Toxic|p1a: Blissey
|-status|p1a: Blissey|tox
|
|-heal|p2a: Toxapex|74/100|[from] item: Black Sludge
|-damage|p1a: Blissey|73/100 tox|[from] psn
|upkeep
|turn|24
|
|t:|1757885066
|-curestatus|p1a: Blissey|tox|[from] ability: Natural Cure
|switch|p1a: Corviknight|Corviknight, F|100/100
|-damage|p1a: Corviknight|88/100|[from] Stealth Rock
|-ability|p1a: Corviknight|Pressure
|switch|p2a: Gliscor|Gliscor, F|81/100 tox
|-damage|p2a: Gliscor|68/100 tox|[from] Stealth Rock
|
|-heal|p2a: Gliscor|81/100 tox|[from] ability: Poison Heal
|upkeep
|turn|25
|j| danbta10
|j|☆ayrmario09
|player|p1|ayrmario09|palmer|
|c| danbta10|?
|n|☆ayrmario09|ayrmario09
|c| danbta10|te deja?
|c|☆ayrmario09|Han reiniciado el server creo
|c| danbta10|si
|c| danbta10|que hacemos xd
|c|☆ayrmario09|Hacemos los mismos turnos cuando vuelva a funcionar?? O podemos volver a empezar el segundo set
|c| danbta10|yo empezaria el segundo set porq son muchos turnos
|c|☆ayrmario09|vale
|l| danbta10
|l|☆ayrmario09
|player|p1|
|j|☆ayrmario09
|player|p1|ayrmario09|palmer|
|l|☆ayrmario09
|player|p1|
|j|☆danbta
|player|p2|danbta|266|
|n|☆danbta|danbta
|j|☆ayrmario09
|player|p1|ayrmario09|palmer|
|n|☆danbta|danbta
|n|☆ayrmario09|ayrmario09
|inactive|Battle timer is ON: inactive players will automatically lose when time's up. (requested by ayrmario09)
|inactiveoff|Battle timer is now OFF.
|c|☆ayrmario09|Te deja?
|c|☆danbta|a ti te va?
|c|☆ayrmario09|Yo le he dado pero no carga
|c|☆danbta|mm no
|c|☆danbta|fucking showdown
|c|☆ayrmario09|Se supone que ya ha vuelto
|l|☆ayrmario09
|player|p1|
|j|☆ayrmario09
|player|p1|ayrmario09|palmer|
|c|☆ayrmario09|carga la página
|l|☆ayrmario09
|player|p1|
|j|☆ayrmario09
|player|p1|ayrmario09|palmer|
|c|☆danbta|me sale como pa verlo
|c|☆danbta|no pa pelearlo
|c|☆ayrmario09|que raro
|c|☆ayrmario09|Has cargado la página?
|c|☆danbta|si xd
|c|☆danbta|has hecho algo mas tu oq
|c|☆ayrmario09|Yo cuando recargo la página se me sale de la partida y vuelvo a entrar, no te pasa a ti?
|l|☆ayrmario09
|player|p1|
|j|☆ayrmario09
|player|p1|ayrmario09|palmer|
|l|☆ayrmario09
|player|p1|
|c|☆danbta|uy coño
|c|☆danbta|ahora
|inactive|Battle timer is ON: inactive players will automatically lose when time's up. (requested by danbta)
|c|☆danbta|ya
|j|☆ayrmario09
|inactive|ayrmario09 reconnected and has 300 seconds left.
|player|p1|ayrmario09|palmer|
|
|t:|1757885796
|move|p2a: Gliscor|Knock Off|p1a: Corviknight
|-damage|p1a: Corviknight|80/100
|move|p1a: Corviknight|Brave Bird|p2a: Gliscor
|-damage|p2a: Gliscor|55/100 tox
|-damage|p1a: Corviknight|72/100|[from] Recoil
|
|-heal|p2a: Gliscor|68/100 tox|[from] ability: Poison Heal
|upkeep
|turn|26
|c|☆ayrmario09|Bien
|
|t:|1757885819
|move|p2a: Gliscor|Earthquake|p1a: Corviknight
|-immune|p1a: Corviknight
|move|p1a: Corviknight|Brave Bird|p2a: Gliscor
|-damage|p2a: Gliscor|38/100 tox
|-damage|p1a: Corviknight|64/100|[from] Recoil
|
|-heal|p2a: Gliscor|50/100 tox|[from] ability: Poison Heal
|upkeep
|turn|27
|
|t:|1757885828
|move|p2a: Gliscor|Protect|p2a: Gliscor
|-singleturn|p2a: Gliscor|Protect
|move|p1a: Corviknight|Brave Bird|p2a: Gliscor
|-activate|p2a: Gliscor|move: Protect
|
|-heal|p2a: Gliscor|63/100 tox|[from] ability: Poison Heal
|upkeep
|turn|28
|
|t:|1757885844
|move|p2a: Gliscor|Knock Off|p1a: Corviknight
|-damage|p1a: Corviknight|55/100
|move|p1a: Corviknight|Brave Bird|p2a: Gliscor
|-damage|p2a: Gliscor|34/100 tox
|-damage|p1a: Corviknight|47/100|[from] Recoil
|
|-heal|p2a: Gliscor|47/100 tox|[from] ability: Poison Heal
|upkeep
|turn|29
|
|t:|1757885853
|move|p2a: Gliscor|Protect|p2a: Gliscor
|-singleturn|p2a: Gliscor|Protect
|move|p1a: Corviknight|Roost|p1a: Corviknight
|-heal|p1a: Corviknight|97/100
|-singleturn|p1a: Corviknight|move: Roost
|
|-heal|p2a: Gliscor|59/100 tox|[from] ability: Poison Heal
|upkeep
|turn|30
|inactive|ayrmario09 has 270 seconds left.
|
|t:|1757885888
|switch|p2a: Toxapex|Toxapex, F|100/100
|-damage|p2a: Toxapex|88/100|[from] Stealth Rock
|move|p1a: Corviknight|Body Press|p2a: Toxapex
|-resisted|p2a: Toxapex
|-damage|p2a: Toxapex|79/100
|
|-heal|p2a: Toxapex|85/100|[from] item: Black Sludge
|upkeep
|turn|31
|
|t:|1757885902
|switch|p1a: Blissey|Blissey, F|73/100
|move|p2a: Toxapex|Toxic|p1a: Blissey
|-status|p1a: Blissey|tox
|
|-heal|p2a: Toxapex|91/100|[from] item: Black Sludge
|-damage|p1a: Blissey|66/100 tox|[from] psn
|upkeep
|turn|32
|
|t:|1757885913
|-curestatus|p1a: Blissey|tox|[from] ability: Natural Cure
|switch|p1a: Corviknight|Corviknight, F|97/100
|-damage|p1a: Corviknight|85/100|[from] Stealth Rock
|-ability|p1a: Corviknight|Pressure
|switch|p2a: Gliscor|Gliscor, F|59/100 tox
|-damage|p2a: Gliscor|47/100 tox|[from] Stealth Rock
|
|-heal|p2a: Gliscor|59/100 tox|[from] ability: Poison Heal
|upkeep
|turn|33
|
|t:|1757885926
|move|p2a: Gliscor|Protect|p2a: Gliscor
|-singleturn|p2a: Gliscor|Protect
|move|p1a: Corviknight|Brave Bird|p2a: Gliscor
|-activate|p2a: Gliscor|move: Protect
|
|-heal|p2a: Gliscor|72/100 tox|[from] ability: Poison Heal
|upkeep
|turn|34
|
|t:|1757885936
|switch|p2a: Toxapex|Toxapex, F|100/100
|-damage|p2a: Toxapex|88/100|[from] Stealth Rock
|move|p1a: Corviknight|Body Press|p2a: Toxapex
|-resisted|p2a: Toxapex
|-damage|p2a: Toxapex|78/100
|
|-heal|p2a: Toxapex|84/100|[from] item: Black Sludge
|upkeep
|turn|35
|c|☆ayrmario09|Esto va para rato
|
|t:|1757885958
|move|p1a: Corviknight|Body Press|p2a: Toxapex
|-resisted|p2a: Toxapex
|-damage|p2a: Toxapex|75/100
|move|p2a: Toxapex|Toxic|p1a: Corviknight
|-immune|p1a: Corviknight
|
|-heal|p2a: Toxapex|81/100|[from] item: Black Sludge
|upkeep
|turn|36
|
|t:|1757885967
|switch|p1a: Blissey|Blissey, F|66/100
|move|p2a: Toxapex|Haze|p2a: Toxapex
|-clearallboost
|
|-heal|p2a: Toxapex|87/100|[from] item: Black Sludge
|upkeep
|turn|37
|
|t:|1757885980
|switch|p2a: Gholdengo|Gholdengo|100/100
|-damage|p2a: Gholdengo|94/100|[from] Stealth Rock
|move|p1a: Blissey|Seismic Toss|p2a: Gholdengo
|-immune|p2a: Gholdengo
|
|upkeep
|turn|38
|
|t:|1757886004
|move|p2a: Gholdengo|Trick|p1a: Blissey
|-activate|p2a: Gholdengo|move: Trick|[of] p1a: Blissey
|-item|p1a: Blissey|Choice Scarf|[from] move: Trick
|-item|p2a: Gholdengo|Heavy-Duty Boots|[from] move: Trick
|move|p1a: Blissey|Soft-Boiled|p1a: Blissey
|-heal|p1a: Blissey|100/100
|
|upkeep
|turn|39
|inactive|danbta has 270 seconds left.
|
|t:|1757886028
|switch|p1a: Kingambit|Kingambit, M|100/100
|-damage|p1a: Kingambit|94/100|[from] Stealth Rock
|-item|p1a: Kingambit|Air Balloon
|move|p2a: Gholdengo|Shadow Ball|p1a: Kingambit
|-resisted|p1a: Kingambit
|-damage|p1a: Kingambit|73/100
|-unboost|p1a: Kingambit|spd|1
|-enditem|p1a: Kingambit|Air Balloon
|
|upkeep
|turn|40
|inactive|danbta has 270 seconds left.
|inactive|danbta has 240 seconds left.
|
|t:|1757886068
|switch|p2a: Toxapex|Toxapex, F|100/100
|-damage|p2a: Toxapex|88/100|[from] Stealth Rock
|move|p1a: Kingambit|Kowtow Cleave|p2a: Toxapex
|-damage|p2a: Toxapex|52/100
|
|-heal|p2a: Toxapex|58/100|[from] item: Black Sludge
|upkeep
|turn|41
|inactive|danbta has 240 seconds left.
|
|t:|1757886078
|-end|p1a: Kingambit|fallenundefined|[silent]
|switch|p1a: Blissey|Blissey, F|100/100
|-damage|p1a: Blissey|88/100|[from] Stealth Rock
|move|p2a: Toxapex|Surf|p1a: Blissey
|-damage|p1a: Blissey|82/100
|
|-heal|p2a: Toxapex|65/100|[from] item: Black Sludge
|upkeep
|turn|42
|inactive|danbta has 240 seconds left.
|
|t:|1757886095
|switch|p1a: Kingambit|Kingambit, M|73/100
|-damage|p1a: Kingambit|67/100|[from] Stealth Rock
|switch|p2a: Gliscor|Gliscor, F|72/100 tox
|-damage|p2a: Gliscor|59/100 tox|[from] Stealth Rock
|
|-heal|p2a: Gliscor|72/100 tox|[from] ability: Poison Heal
|upkeep
|turn|43
|inactive|danbta has 240 seconds left.
|
|t:|1757886115
|-end|p1a: Kingambit|fallenundefined|[silent]
|switch|p1a: Corviknight|Corviknight, F|85/100
|-damage|p1a: Corviknight|73/100|[from] Stealth Rock
|-ability|p1a: Corviknight|Pressure
|move|p2a: Gliscor|Knock Off|p1a: Corviknight
|-damage|p1a: Corviknight|64/100
|
|-heal|p2a: Gliscor|84/100 tox|[from] ability: Poison Heal
|upkeep
|turn|44
|
|t:|1757886139
|move|p2a: Gliscor|Knock Off|p1a: Corviknight
|-damage|p1a: Corviknight|55/100
|move|p1a: Corviknight|Brave Bird|p2a: Gliscor
|-damage|p2a: Gliscor|57/100 tox
|-damage|p1a: Corviknight|47/100|[from] Recoil
|
|-heal|p2a: Gliscor|69/100 tox|[from] ability: Poison Heal
|upkeep
|turn|45
|
|t:|1757886156
|move|p2a: Gliscor|Protect|p2a: Gliscor
|-singleturn|p2a: Gliscor|Protect
|move|p1a: Corviknight|Roost|p1a: Corviknight
|-heal|p1a: Corviknight|97/100
|-singleturn|p1a: Corviknight|move: Roost
|
|-heal|p2a: Gliscor|82/100 tox|[from] ability: Poison Heal
|upkeep
|turn|46
|
|t:|1757886166
|move|p2a: Gliscor|Knock Off|p1a: Corviknight
|-crit|p1a: Corviknight
|-damage|p1a: Corviknight|83/100
|move|p1a: Corviknight|Brave Bird|p2a: Gliscor
|-damage|p2a: Gliscor|53/100 tox
|-damage|p1a: Corviknight|75/100|[from] Recoil
|
|-heal|p2a: Gliscor|65/100 tox|[from] ability: Poison Heal
|upkeep
|turn|47
|inactive|danbta has 240 seconds left.
|
|t:|1757886178
|move|p2a: Gliscor|Protect|p2a: Gliscor
|-singleturn|p2a: Gliscor|Protect
|move|p1a: Corviknight|Brave Bird|p2a: Gliscor
|-activate|p2a: Gliscor|move: Protect
|
|-heal|p2a: Gliscor|78/100 tox|[from] ability: Poison Heal
|upkeep
|turn|48
|inactive|danbta has 240 seconds left.
|
|t:|1757886192
|switch|p2a: Toxapex|Toxapex, F|98/100
|-damage|p2a: Toxapex|85/100|[from] Stealth Rock
|move|p1a: Corviknight|Brave Bird|p2a: Toxapex
|-damage|p2a: Toxapex|59/100
|-damage|p1a: Corviknight|68/100|[from] Recoil
|
|-heal|p2a: Toxapex|66/100|[from] item: Black Sludge
|upkeep
|turn|49
|inactive|danbta has 240 seconds left.
|
|t:|1757886211
|switch|p1a: Blissey|Blissey, F|82/100
|-damage|p1a: Blissey|70/100|[from] Stealth Rock
|move|p2a: Toxapex|Recover|p2a: Toxapex
|-heal|p2a: Toxapex|100/100
|
|upkeep
|turn|50
|
|t:|1757886225
|switch|p2a: Gholdengo|Gholdengo|94/100
|move|p1a: Blissey|Seismic Toss|p2a: Gholdengo
|-immune|p2a: Gholdengo
|
|upkeep
|turn|51
|
|t:|1757886238
|switch|p1a: Kingambit|Kingambit, M|67/100
|-damage|p1a: Kingambit|61/100|[from] Stealth Rock
|move|p2a: Gholdengo|Shadow Ball|p1a: Kingambit
|-resisted|p1a: Kingambit
|-damage|p1a: Kingambit|37/100
|
|upkeep
|turn|52
|
|t:|1757886249
|switch|p2a: Toxapex|Toxapex, F|100/100
|-damage|p2a: Toxapex|88/100|[from] Stealth Rock
|move|p1a: Kingambit|Kowtow Cleave|p2a: Toxapex
|-damage|p2a: Toxapex|50/100
|
|-heal|p2a: Toxapex|56/100|[from] item: Black Sludge
|upkeep
|turn|53
|inactive|ayrmario09 has 270 seconds left.
|
|t:|1757886286
|move|p1a: Kingambit|Kowtow Cleave|p2a: Toxapex
|-damage|p2a: Toxapex|17/100
|move|p2a: Toxapex|Recover|p2a: Toxapex
|-heal|p2a: Toxapex|67/100
|
|-heal|p2a: Toxapex|73/100|[from] item: Black Sludge
|upkeep
|turn|54
|inactive|ayrmario09 has 270 seconds left.
|
|t:|1757886304
|-end|p1a: Kingambit|fallenundefined|[silent]
|switch|p1a: Blissey|Blissey, F|70/100
|-damage|p1a: Blissey|57/100|[from] Stealth Rock
|move|p2a: Toxapex|Surf|p1a: Blissey
|-damage|p1a: Blissey|52/100
|
|-heal|p2a: Toxapex|79/100|[from] item: Black Sludge
|upkeep
|turn|55
|inactive|ayrmario09 has 270 seconds left.
|
|t:|1757886330
|switch|p2a: Gliscor|Gliscor, F|78/100 tox
|-damage|p2a: Gliscor|65/100 tox|[from] Stealth Rock
|move|p1a: Blissey|Soft-Boiled|p1a: Blissey
|-heal|p1a: Blissey|100/100
|
|-heal|p2a: Gliscor|78/100 tox|[from] ability: Poison Heal
|upkeep
|turn|56
|inactive|danbta has 210 seconds left.
|
|t:|1757886357
|move|p2a: Gliscor|Earthquake|p1a: Blissey
|-damage|p1a: Blissey|66/100
|move|p1a: Blissey|Soft-Boiled|p1a: Blissey
|-heal|p1a: Blissey|100/100
|
|-heal|p2a: Gliscor|90/100 tox|[from] ability: Poison Heal
|upkeep
|turn|57
|
|t:|1757886366
|move|p2a: Gliscor|Earthquake|p1a: Blissey
|-damage|p1a: Blissey|69/100
|move|p1a: Blissey|Soft-Boiled|p1a: Blissey
|-heal|p1a: Blissey|100/100
|
|-heal|p2a: Gliscor|100/100 tox|[from] ability: Poison Heal
|upkeep
|turn|58
|inactive|danbta has 210 seconds left.
|
|t:|1757886376
|switch|p1a: Alomomola|Alomomola, F|100/100
|-damage|p1a: Alomomola|88/100|[from] Stealth Rock
|move|p2a: Gliscor|Stealth Rock||[still]
|-fail|p2a: Gliscor
|
|upkeep
|turn|59
|inactive|danbta has 210 seconds left.
|inactive|danbta has 180 seconds left.
|
|t:|1757886417
|switch|p2a: Meowscarada|Meowscarada, M|100/100
|-damage|p2a: Meowscarada|88/100|[from] Stealth Rock
|move|p1a: Alomomola|Wish|p1a: Alomomola
|
|upkeep
|turn|60
|inactive|danbta has 180 seconds left.
|inactive|ayrmario09 has 270 seconds left.
|
|t:|1757886435
|switch|p1a: Kingambit|Kingambit, M|37/100
|-damage|p1a: Kingambit|31/100|[from] Stealth Rock
|move|p2a: Meowscarada|U-turn|p1a: Kingambit
|-start|p2a: Meowscarada|typechange|Bug|[from] ability: Protean
|-damage|p1a: Kingambit|6/100
|
|t:|1757886455
|switch|p2a: Gliscor|Gliscor, F|100/100 tox|[from] U-turn
|-damage|p2a: Gliscor|88/100 tox|[from] Stealth Rock
|
|-heal|p1a: Kingambit|73/100|[from] move: Wish|[wisher] Alomomola
|-heal|p2a: Gliscor|100/100 tox|[from] ability: Poison Heal
|upkeep
|turn|61
|
|t:|1757886464
|-end|p1a: Kingambit|fallenundefined|[silent]
|switch|p1a: Alomomola|Alomomola, F|100/100
|-damage|p1a: Alomomola|88/100|[from] Stealth Rock
|move|p2a: Gliscor|Earthquake|p1a: Alomomola
|-damage|p1a: Alomomola|71/100
|
|upkeep
|turn|62
|
|t:|1757886475
|switch|p2a: Toxapex|Toxapex, F|100/100
|-damage|p2a: Toxapex|88/100|[from] Stealth Rock
|move|p1a: Alomomola|Wish|p1a: Alomomola
|
|-heal|p2a: Toxapex|94/100|[from] item: Black Sludge
|upkeep
|turn|63
|inactive|danbta has 150 seconds left.
|
|t:|1757886525
|switch|p1a: Corviknight|Corviknight, F|68/100
|-damage|p1a: Corviknight|56/100|[from] Stealth Rock
|-ability|p1a: Corviknight|Pressure
|move|p2a: Toxapex|Surf|p1a: Corviknight
|-damage|p1a: Corviknight|39/100
|
|-heal|p1a: Corviknight|100/100|[from] move: Wish|[wisher] Alomomola
|-heal|p2a: Toxapex|100/100|[from] item: Black Sludge
|upkeep
|turn|64
|
|t:|1757886542
|move|p1a: Corviknight|Body Press|p2a: Toxapex
|-resisted|p2a: Toxapex
|-damage|p2a: Toxapex|91/100
|move|p2a: Toxapex|Haze|p2a: Toxapex
|-clearallboost
|
|-heal|p2a: Toxapex|97/100|[from] item: Black Sludge
|upkeep
|turn|65
|inactive|ayrmario09 has 270 seconds left.
|
|t:|1757886564
|move|p1a: Corviknight|Brave Bird|p2a: Toxapex
|-damage|p2a: Toxapex|68/100
|-damage|p1a: Corviknight|93/100|[from] Recoil
|move|p2a: Toxapex|Haze|p2a: Toxapex
|-clearallboost
|
|-heal|p2a: Toxapex|75/100|[from] item: Black Sludge
|upkeep
|turn|66
|inactive|ayrmario09 has 270 seconds left.
|
|t:|1757886574
|switch|p1a: Blissey|Blissey, F|100/100
|-damage|p1a: Blissey|88/100|[from] Stealth Rock
|move|p2a: Toxapex|Toxic|p1a: Blissey
|-status|p1a: Blissey|tox
|
|-heal|p2a: Toxapex|81/100|[from] item: Black Sludge
|-damage|p1a: Blissey|82/100 tox|[from] psn
|upkeep
|turn|67
|
|t:|1757886589
|-curestatus|p1a: Blissey|tox|[from] ability: Natural Cure
|switch|p1a: Corviknight|Corviknight, F|93/100
|-damage|p1a: Corviknight|81/100|[from] Stealth Rock
|-ability|p1a: Corviknight|Pressure
|switch|p2a: Gholdengo|Gholdengo|94/100
|
|upkeep
|turn|68
|inactive|danbta has 120 seconds left.
|
|t:|1757886611
|switch|p1a: Blissey|Blissey, F|82/100
|-damage|p1a: Blissey|70/100|[from] Stealth Rock
|move|p2a: Gholdengo|Thunderbolt|p1a: Blissey
|-damage|p1a: Blissey|58/100
|
|upkeep
|turn|69
|inactive|danbta has 120 seconds left.
|
|t:|1757886622
|move|p2a: Gholdengo|Thunderbolt|p1a: Blissey
|-damage|p1a: Blissey|48/100
|move|p1a: Blissey|Soft-Boiled|p1a: Blissey
|-heal|p1a: Blissey|98/100
|
|upkeep
|turn|70
|inactive|danbta has 120 seconds left.
|
|t:|1757886643
|switch|p1a: Kingambit|Kingambit, M|73/100
|-damage|p1a: Kingambit|67/100|[from] Stealth Rock
|move|p2a: Gholdengo|Shadow Ball|p1a: Kingambit
|-resisted|p1a: Kingambit
|-damage|p1a: Kingambit|46/100
|
|upkeep
|turn|71
|inactive|danbta has 120 seconds left.
|
|t:|1757886659
|switch|p2a: Gliscor|Gliscor, F|100/100 tox
|-damage|p2a: Gliscor|88/100 tox|[from] Stealth Rock
|move|p1a: Kingambit|Kowtow Cleave|p2a: Gliscor
|-damage|p2a: Gliscor|49/100 tox
|
|-heal|p2a: Gliscor|61/100 tox|[from] ability: Poison Heal
|upkeep
|turn|72
|inactive|danbta has 120 seconds left.
|
|t:|1757886677
|-end|p1a: Kingambit|fallenundefined|[silent]
|switch|p1a: Corviknight|Corviknight, F|81/100
|-damage|p1a: Corviknight|69/100|[from] Stealth Rock
|-ability|p1a: Corviknight|Pressure
|move|p2a: Gliscor|Earthquake|p1a: Corviknight
|-immune|p1a: Corviknight
|
|-heal|p2a: Gliscor|74/100 tox|[from] ability: Poison Heal
|upkeep
|turn|73
|
|t:|1757886687
|move|p2a: Gliscor|Protect|p2a: Gliscor
|-singleturn|p2a: Gliscor|Protect
|move|p1a: Corviknight|Brave Bird|p2a: Gliscor
|-activate|p2a: Gliscor|move: Protect
|
|-heal|p2a: Gliscor|86/100 tox|[from] ability: Poison Heal
|upkeep
|turn|74
|
|t:|1757886699
|move|p2a: Gliscor|Knock Off|p1a: Corviknight
|-damage|p1a: Corviknight|60/100
|move|p1a: Corviknight|Body Press|p2a: Gliscor
|-resisted|p2a: Gliscor
|-damage|p2a: Gliscor|77/100 tox
|
|-heal|p2a: Gliscor|89/100 tox|[from] ability: Poison Heal
|upkeep
|turn|75
|
|t:|1757886707
|switch|p1a: Blissey|Blissey, F|98/100
|-damage|p1a: Blissey|86/100|[from] Stealth Rock
|move|p2a: Gliscor|Stealth Rock||[still]
|-fail|p2a: Gliscor
|
|-heal|p2a: Gliscor|100/100 tox|[from] ability: Poison Heal
|upkeep
|turn|76
|inactive|danbta has 120 seconds left.
|inactive|ayrmario09 has 270 seconds left.
|
|t:|1757886743
|switch|p1a: Weavile|Weavile, F|76/100
|-damage|p1a: Weavile|51/100|[from] Stealth Rock
|-ability|p1a: Weavile|Pressure
|move|p2a: Gliscor|Stealth Rock||[still]
|-fail|p2a: Gliscor
|
|upkeep
|turn|77
|inactive|ayrmario09 has 270 seconds left.
|inactive|danbta has 120 seconds left.
|
|t:|1757886755
|move|p2a: Gliscor|Protect|p2a: Gliscor
|-singleturn|p2a: Gliscor|Protect
|move|p1a: Weavile|Triple Axel|p2a: Gliscor
|-activate|p2a: Gliscor|move: Protect
|
|upkeep
|turn|78
|
|t:|1757886763
|switch|p2a: Toxapex|Toxapex, F|100/100
|-damage|p2a: Toxapex|88/100|[from] Stealth Rock
|move|p1a: Weavile|Triple Axel|p2a: Toxapex
|-resisted|p2a: Toxapex
|-damage|p2a: Toxapex|82/100
|-resisted|p2a: Toxapex
|-damage|p2a: Toxapex|72/100
|-resisted|p2a: Toxapex
|-damage|p2a: Toxapex|55/100
|-hitcount|p2a: Toxapex|3
|
|-heal|p2a: Toxapex|61/100|[from] item: Black Sludge
|upkeep
|turn|79
|inactive|ayrmario09 has 270 seconds left.
|inactive|danbta has 120 seconds left.
|
|t:|1757886784
|switch|p1a: Alomomola|Alomomola, F|100/100
|-damage|p1a: Alomomola|88/100|[from] Stealth Rock
|move|p2a: Toxapex|Toxic|p1a: Alomomola
|-status|p1a: Alomomola|tox
|
|-heal|p2a: Toxapex|68/100|[from] item: Black Sludge
|-damage|p1a: Alomomola|82/100 tox|[from] psn
|upkeep
|turn|80
|inactive|danbta has 120 seconds left.
|
|t:|1757886801
|switch|p2a: Meowscarada|Meowscarada, M|88/100
|-damage|p2a: Meowscarada|76/100|[from] Stealth Rock
|move|p1a: Alomomola|Wish|p1a: Alomomola
|
|-damage|p1a: Alomomola|70/100 tox|[from] psn
|upkeep
|turn|81
|inactive|danbta has 120 seconds left.
|
|t:|1757886814
|switch|p1a: Kingambit|Kingambit, M|46/100
|-damage|p1a: Kingambit|40/100|[from] Stealth Rock
|move|p2a: Meowscarada|U-turn|p1a: Kingambit
|-start|p2a: Meowscarada|typechange|Bug|[from] ability: Protean
|-damage|p1a: Kingambit|17/100
|
|t:|1757886822
|switch|p2a: Gliscor|Gliscor, F|100/100 tox|[from] U-turn
|-damage|p2a: Gliscor|88/100 tox|[from] Stealth Rock
|
|-heal|p1a: Kingambit|85/100|[from] move: Wish|[wisher] Alomomola
|-heal|p2a: Gliscor|100/100 tox|[from] ability: Poison Heal
|upkeep
|turn|82
|inactive|danbta has 120 seconds left.
|
|t:|1757886831
|-end|p1a: Kingambit|fallenundefined|[silent]
|switch|p1a: Corviknight|Corviknight, F|60/100
|-damage|p1a: Corviknight|48/100|[from] Stealth Rock
|-ability|p1a: Corviknight|Pressure
|move|p2a: Gliscor|Earthquake|p1a: Corviknight
|-immune|p1a: Corviknight
|
|upkeep
|turn|83
|
|t:|1757886840
|move|p2a: Gliscor|Stealth Rock||[still]
|-fail|p2a: Gliscor
|move|p1a: Corviknight|Defog|p2a: Gliscor
|-unboost|p2a: Gliscor|evasion|1
|-sideend|p2: danbta|Stealth Rock|[from] move: Defog|[of] p1a: Corviknight
|-sideend|p1: ayrmario09|Stealth Rock|[from] move: Defog|[of] p1a: Corviknight
|
|upkeep
|turn|84
|
|t:|1757886847
|switch|p1a: Alomomola|Alomomola, F|100/100 tox
|move|p2a: Gliscor|Stealth Rock|p1a: Alomomola
|-sidestart|p1: ayrmario09|move: Stealth Rock
|
|-damage|p1a: Alomomola|94/100 tox|[from] psn
|upkeep
|turn|85
|inactive|danbta has 120 seconds left.
|
|t:|1757886872
|switch|p2a: Meowscarada|Meowscarada, M|76/100
|move|p1a: Alomomola|Wish|p1a: Alomomola
|
|-damage|p1a: Alomomola|82/100 tox|[from] psn
|upkeep
|turn|86
|
|t:|1757886881
|switch|p1a: Corviknight|Corviknight, F|48/100
|-damage|p1a: Corviknight|36/100|[from] Stealth Rock
|-ability|p1a: Corviknight|Pressure
|move|p2a: Meowscarada|U-turn|p1a: Corviknight
|-start|p2a: Meowscarada|typechange|Bug|[from] ability: Protean
|-resisted|p1a: Corviknight
|-damage|p1a: Corviknight|31/100
|inactive|danbta has 120 seconds left.
|
|t:|1757886908
|switch|p2a: Gholdengo|Gholdengo|94/100|[from] U-turn
|
|-heal|p1a: Corviknight|98/100|[from] move: Wish|[wisher] Alomomola
|upkeep
|turn|87
|
|t:|1757886916
|switch|p1a: Blissey|Blissey, F|86/100
|-damage|p1a: Blissey|73/100|[from] Stealth Rock
|move|p2a: Gholdengo|Thunderbolt|p1a: Blissey
|-damage|p1a: Blissey|62/100
|
|upkeep
|turn|88
|
|t:|1757886925
|move|p2a: Gholdengo|Thunderbolt|p1a: Blissey
|-damage|p1a: Blissey|52/100
|move|p1a: Blissey|Stealth Rock|p2a: Gholdengo
|-sidestart|p2: danbta|move: Stealth Rock
|
|upkeep
|turn|89
|inactive|danbta has 120 seconds left.
|
|t:|1757886936
|switch|p1a: Kingambit|Kingambit, M|85/100
|-damage|p1a: Kingambit|79/100|[from] Stealth Rock
|move|p2a: Gholdengo|Shadow Ball|p1a: Kingambit
|-resisted|p1a: Kingambit
|-damage|p1a: Kingambit|57/100
|
|upkeep
|turn|90
|inactive|danbta has 120 seconds left.
|
|t:|1757886945
|switch|p2a: Gliscor|Gliscor, F|100/100 tox
|-damage|p2a: Gliscor|88/100 tox|[from] Stealth Rock
|move|p1a: Kingambit|Kowtow Cleave|p2a: Gliscor
|-damage|p2a: Gliscor|53/100 tox
|
|-heal|p2a: Gliscor|66/100 tox|[from] ability: Poison Heal
|upkeep
|turn|91
|inactive|danbta has 120 seconds left.
|
|t:|1757886955
|-end|p1a: Kingambit|fallenundefined|[silent]
|switch|p1a: Corviknight|Corviknight, F|98/100
|-damage|p1a: Corviknight|86/100|[from] Stealth Rock
|-ability|p1a: Corviknight|Pressure
|move|p2a: Gliscor|Earthquake|p1a: Corviknight
|-immune|p1a: Corviknight
|
|-heal|p2a: Gliscor|78/100 tox|[from] ability: Poison Heal
|upkeep
|turn|92
|inactive|danbta has 120 seconds left.
|
|t:|1757886977
|switch|p1a: Alomomola|Alomomola, F|100/100 tox
|-damage|p1a: Alomomola|88/100 tox|[from] Stealth Rock
|move|p2a: Gliscor|Stealth Rock||[still]
|-fail|p2a: Gliscor
|
|-heal|p2a: Gliscor|91/100 tox|[from] ability: Poison Heal
|-damage|p1a: Alomomola|82/100 tox|[from] psn
|upkeep
|turn|93
|inactive|danbta has 120 seconds left.
|
|t:|1757887000
|switch|p2a: Gholdengo|Gholdengo|94/100
|move|p1a: Alomomola|Flip Turn|p2a: Gholdengo
|-damage|p2a: Gholdengo|74/100
|inactive|ayrmario09 has 270 seconds left.
|
|t:|1757887032
|switch|p1a: Kingambit|Kingambit, M|57/100|[from] Flip Turn
|-damage|p1a: Kingambit|51/100|[from] Stealth Rock
|
|upkeep
|turn|94
|
|t:|1757887046
|switch|p2a: Gliscor|Gliscor, F|91/100 tox
|-damage|p2a: Gliscor|78/100 tox|[from] Stealth Rock
|move|p1a: Kingambit|Kowtow Cleave|p2a: Gliscor
|-damage|p2a: Gliscor|40/100 tox
|
|-heal|p2a: Gliscor|52/100 tox|[from] ability: Poison Heal
|upkeep
|turn|95
|inactive|ayrmario09 has 270 seconds left.
|
|t:|1757887059
|-end|p1a: Kingambit|fallenundefined|[silent]
|switch|p1a: Corviknight|Corviknight, F|86/100
|-damage|p1a: Corviknight|73/100|[from] Stealth Rock
|-ability|p1a: Corviknight|Pressure
|move|p2a: Gliscor|Protect||[still]
|-fail|p2a: Gliscor
|
|-heal|p2a: Gliscor|65/100 tox|[from] ability: Poison Heal
|upkeep
|turn|96
|inactive|ayrmario09 has 270 seconds left.
|
|t:|1757887076
|switch|p1a: Alomomola|Alomomola, F|100/100 tox
|-damage|p1a: Alomomola|88/100 tox|[from] Stealth Rock
|move|p2a: Gliscor|Stealth Rock||[still]
|-fail|p2a: Gliscor
|
|-heal|p2a: Gliscor|77/100 tox|[from] ability: Poison Heal
|-damage|p1a: Alomomola|82/100 tox|[from] psn
|upkeep
|turn|97
|
|t:|1757887088
|move|p2a: Gliscor|Protect|p2a: Gliscor
|-singleturn|p2a: Gliscor|Protect
|move|p1a: Alomomola|Wish|p1a: Alomomola
|
|-heal|p2a: Gliscor|89/100 tox|[from] ability: Poison Heal
|-damage|p1a: Alomomola|70/100 tox|[from] psn
|upkeep
|turn|98
|inactive|danbta has 90 seconds left.
|
|t:|1757887121
|switch|p2a: Gholdengo|Gholdengo|74/100
|move|p1a: Alomomola|Flip Turn|p2a: Gholdengo
|-damage|p2a: Gholdengo|56/100
|
|t:|1757887128
|switch|p1a: Kingambit|Kingambit, M|51/100|[from] Flip Turn
|-damage|p1a: Kingambit|45/100|[from] Stealth Rock
|
|-heal|p1a: Kingambit|100/100|[from] move: Wish|[wisher] Alomomola
|upkeep
|turn|99
|
|t:|1757887136
|switch|p2a: Gliscor|Gliscor, F|89/100 tox
|-damage|p2a: Gliscor|77/100 tox|[from] Stealth Rock
|move|p1a: Kingambit|Kowtow Cleave|p2a: Gliscor
|-damage|p2a: Gliscor|38/100 tox
|
|-heal|p2a: Gliscor|50/100 tox|[from] ability: Poison Heal
|upkeep
|turn|100
|inactive|danbta has 90 seconds left.
|
|t:|1757887158
|-end|p1a: Kingambit|fallenundefined|[silent]
|switch|p1a: Corviknight|Corviknight, F|73/100
|-damage|p1a: Corviknight|61/100|[from] Stealth Rock
|-ability|p1a: Corviknight|Pressure
|move|p2a: Gliscor|Earthquake|p1a: Corviknight
|-immune|p1a: Corviknight
|
|-heal|p2a: Gliscor|63/100 tox|[from] ability: Poison Heal
|upkeep
|turn|101
|inactive|danbta has 90 seconds left.
|
|t:|1757887177
|move|p2a: Gliscor|Stealth Rock||[still]
|-fail|p2a: Gliscor
|move|p1a: Corviknight|Body Press|p2a: Gliscor
|-resisted|p2a: Gliscor
|-damage|p2a: Gliscor|53/100 tox
|
|-heal|p2a: Gliscor|65/100 tox|[from] ability: Poison Heal
|upkeep
|turn|102
|inactive|danbta has 90 seconds left.
|
|t:|1757887187
|switch|p2a: Toxapex|Toxapex, F|100/100
|-damage|p2a: Toxapex|88/100|[from] Stealth Rock
|move|p1a: Corviknight|Brave Bird|p2a: Toxapex
|-damage|p2a: Toxapex|59/100
|-damage|p1a: Corviknight|54/100|[from] Recoil
|
|-heal|p2a: Toxapex|66/100|[from] item: Black Sludge
|upkeep
|turn|103
|inactive|danbta has 90 seconds left.
|
|t:|1757887204
|move|p1a: Corviknight|Roost|p1a: Corviknight
|-heal|p1a: Corviknight|100/100
|-singleturn|p1a: Corviknight|move: Roost
|move|p2a: Toxapex|Surf|p1a: Corviknight
|-damage|p1a: Corviknight|82/100
|
|-heal|p2a: Toxapex|72/100|[from] item: Black Sludge
|upkeep
|turn|104
|inactive|danbta has 90 seconds left.
|
|t:|1757887217
|move|p1a: Corviknight|Defog|p2a: Toxapex
|-unboost|p2a: Toxapex|evasion|1
|-sideend|p2: danbta|Stealth Rock|[from] move: Defog|[of] p1a: Corviknight
|-sideend|p1: ayrmario09|Stealth Rock|[from] move: Defog|[of] p1a: Corviknight
|move|p2a: Toxapex|Haze|p2a: Toxapex
|-clearallboost
|
|-heal|p2a: Toxapex|78/100|[from] item: Black Sludge
|upkeep
|turn|105
|inactive|danbta has 90 seconds left.
|
|t:|1757887229
|switch|p1a: Blissey|Blissey, F|52/100
|move|p2a: Toxapex|Haze|p2a: Toxapex
|-clearallboost
|
|-heal|p2a: Toxapex|84/100|[from] item: Black Sludge
|upkeep
|turn|106
|inactive|danbta has 90 seconds left.
|
|t:|1757887244
|switch|p1a: Weavile|Weavile, F|51/100
|-ability|p1a: Weavile|Pressure
|switch|p2a: Meowscarada|Meowscarada, M|76/100
|
|upkeep
|turn|107
|inactive|danbta has 90 seconds left.
|
|t:|1757887284
|switch|p2a: Toxapex|Toxapex, F|100/100
|move|p1a: Weavile|Triple Axel|p2a: Toxapex
|-resisted|p2a: Toxapex
|-damage|p2a: Toxapex|95/100
|-resisted|p2a: Toxapex
|-damage|p2a: Toxapex|84/100
|-resisted|p2a: Toxapex
|-damage|p2a: Toxapex|68/100
|-hitcount|p2a: Toxapex|3
|
|-heal|p2a: Toxapex|74/100|[from] item: Black Sludge
|upkeep
|turn|108
|inactive|danbta has 60 seconds left.
|
|t:|1757887299
|switch|p1a: Blissey|Blissey, F|52/100
|switch|p2a: Gholdengo|Gholdengo|56/100
|
|upkeep
|turn|109
|inactive|danbta has 60 seconds left.
|
|t:|1757887321
|move|p2a: Gholdengo|Shadow Ball|p1a: Blissey
|-immune|p1a: Blissey
|move|p1a: Blissey|Soft-Boiled|p1a: Blissey
|-heal|p1a: Blissey|100/100
|
|upkeep
|turn|110
|
|t:|1757887328
|switch|p1a: Kingambit|Kingambit, M|100/100
|move|p2a: Gholdengo|Shadow Ball|p1a: Kingambit
|-resisted|p1a: Kingambit
|-damage|p1a: Kingambit|77/100
|
|upkeep
|turn|111
|inactive|danbta has 60 seconds left.
|
|t:|1757887349
|switch|p2a: Meowscarada|Meowscarada, M|76/100
|move|p1a: Kingambit|Kowtow Cleave|p2a: Meowscarada
|-resisted|p2a: Meowscarada
|-damage|p2a: Meowscarada|37/100
|
|upkeep
|turn|112
|
|t:|1757887360
|-end|p1a: Kingambit|fallenundefined|[silent]
|switch|p1a: Corviknight|Corviknight, F|82/100
|-ability|p1a: Corviknight|Pressure
|move|p2a: Meowscarada|U-turn|p1a: Corviknight
|-start|p2a: Meowscarada|typechange|Bug|[from] ability: Protean
|-resisted|p1a: Corviknight
|-damage|p1a: Corviknight|78/100
|
|t:|1757887368
|switch|p2a: Dragapult|Dragapult, F|100/100|[from] U-turn
|
|upkeep
|turn|113
|
|t:|1757887380
|switch|p1a: Blissey|Blissey, F|100/100
|move|p2a: Dragapult|Shadow Ball|p1a: Blissey
|-immune|p1a: Blissey
|
|upkeep
|turn|114
|
|t:|1757887399
|switch|p2a: Gliscor|Gliscor, F|65/100 tox
|switch|p1a: Kingambit|Kingambit, M|77/100
|
|-heal|p2a: Gliscor|78/100 tox|[from] ability: Poison Heal
|upkeep
|turn|115
|
|t:|1757887413
|switch|p2a: Toxapex|Toxapex, F|100/100
|-end|p1a: Kingambit|fallenundefined|[silent]
|switch|p1a: Corviknight|Corviknight, F|78/100
|-ability|p1a: Corviknight|Pressure
|
|upkeep
|turn|116
|
|t:|1757887426
|switch|p1a: Alomomola|Alomomola, F|100/100 tox
|switch|p2a: Gholdengo|Gholdengo|56/100
|
|-damage|p1a: Alomomola|94/100 tox|[from] psn
|upkeep
|turn|117
|
|t:|1757887442
|switch|p1a: Blissey|Blissey, F|100/100
|move|p2a: Gholdengo|Thunderbolt|p1a: Blissey
|-damage|p1a: Blissey|89/100
|
|upkeep
|turn|118
|
|t:|1757887448
|move|p2a: Gholdengo|Thunderbolt|p1a: Blissey
|-crit|p1a: Blissey
|-damage|p1a: Blissey|72/100
|move|p1a: Blissey|Stealth Rock|p2a: Gholdengo
|-sidestart|p2: danbta|move: Stealth Rock
|
|upkeep
|turn|119
|
|t:|1757887455
|switch|p1a: Kingambit|Kingambit, M|77/100
|move|p2a: Gholdengo|Shadow Ball|p1a: Kingambit
|-resisted|p1a: Kingambit
|-damage|p1a: Kingambit|55/100
|
|upkeep
|turn|120
|
|t:|1757887464
|switch|p2a: Gliscor|Gliscor, F|78/100 tox
|-damage|p2a: Gliscor|65/100 tox|[from] Stealth Rock
|move|p1a: Kingambit|Kowtow Cleave|p2a: Gliscor
|-damage|p2a: Gliscor|24/100 tox
|
|-heal|p2a: Gliscor|36/100 tox|[from] ability: Poison Heal
|upkeep
|turn|121
|
|t:|1757887475
|-end|p1a: Kingambit|fallenundefined|[silent]
|switch|p1a: Corviknight|Corviknight, F|78/100
|-ability|p1a: Corviknight|Pressure
|move|p2a: Gliscor|Protect||[still]
|-fail|p2a: Gliscor
|
|-heal|p2a: Gliscor|49/100 tox|[from] ability: Poison Heal
|upkeep
|turn|122
|
|t:|1757887484
|switch|p1a: Alomomola|Alomomola, F|100/100 tox
|move|p2a: Gliscor|Stealth Rock|p1a: Alomomola
|-sidestart|p1: ayrmario09|move: Stealth Rock
|
|-heal|p2a: Gliscor|61/100 tox|[from] ability: Poison Heal
|-damage|p1a: Alomomola|94/100 tox|[from] psn
|upkeep
|turn|123
|
|t:|1757887492
|move|p2a: Gliscor|Protect|p2a: Gliscor
|-singleturn|p2a: Gliscor|Protect
|move|p1a: Alomomola|Wish|p1a: Alomomola
|
|-heal|p2a: Gliscor|74/100 tox|[from] ability: Poison Heal
|-damage|p1a: Alomomola|82/100 tox|[from] psn
|upkeep
|turn|124
|inactive|danbta has 90 seconds left.
|
|t:|1757887501
|move|p2a: Gliscor|Knock Off|p1a: Alomomola
|-damage|p1a: Alomomola|70/100 tox
|-damage|p2a: Gliscor|57/100 tox|[from] item: Rocky Helmet|[of] p1a: Alomomola
|-enditem|p1a: Alomomola|Rocky Helmet|[from] move: Knock Off|[of] p2a: Gliscor
|move|p1a: Alomomola|Flip Turn|p2a: Gliscor
|-supereffective|p2a: Gliscor
|-damage|p2a: Gliscor|33/100 tox
|inactive|ayrmario09 has 270 seconds left.
|
|t:|1757887541
|switch|p1a: Weavile|Weavile, F|51/100|[from] Flip Turn
|-damage|p1a: Weavile|26/100|[from] Stealth Rock
|-ability|p1a: Weavile|Pressure
|
|-heal|p1a: Weavile|100/100|[from] move: Wish|[wisher] Alomomola
|-heal|p2a: Gliscor|46/100 tox|[from] ability: Poison Heal
|upkeep
|turn|125
|inactive|ayrmario09 has 270 seconds left.
|inactive|danbta has 90 seconds left.
|
|t:|1757887557
|move|p2a: Gliscor|Protect|p2a: Gliscor
|-singleturn|p2a: Gliscor|Protect
|move|p1a: Weavile|Knock Off|p2a: Gliscor
|-activate|p2a: Gliscor|move: Protect
|
|-heal|p2a: Gliscor|58/100 tox|[from] ability: Poison Heal
|upkeep
|turn|126
|inactive|danbta has 90 seconds left.
|
|t:|1757887577
|switch|p2a: Meowscarada|Meowscarada, M|37/100
|-damage|p2a: Meowscarada|25/100|[from] Stealth Rock
|move|p1a: Weavile|Knock Off|p2a: Meowscarada
|-resisted|p2a: Meowscarada
|-damage|p2a: Meowscarada|0 fnt
|-enditem|p2a: Meowscarada|Focus Sash|[from] move: Knock Off|[of] p1a: Weavile
|faint|p2a: Meowscarada
|
|upkeep
|
|t:|1757887588
|switch|p2a: Toxapex|Toxapex, F|100/100
|-damage|p2a: Toxapex|88/100|[from] Stealth Rock
|turn|127
|
|t:|1757887597
|move|p1a: Weavile|Knock Off|p2a: Toxapex
|-damage|p2a: Toxapex|37/100
|-enditem|p2a: Toxapex|Black Sludge|[from] move: Knock Off|[of] p1a: Weavile
|move|p2a: Toxapex|Toxic|p1a: Weavile
|-status|p1a: Weavile|tox
|
|-damage|p1a: Weavile|94/100 tox|[from] psn
|upkeep
|turn|128
|inactive|danbta has 90 seconds left.
|
|t:|1757887610
|move|p1a: Weavile|Knock Off|p2a: Toxapex
|-damage|p2a: Toxapex|0 fnt
|faint|p2a: Toxapex
|
|-damage|p1a: Weavile|82/100 tox|[from] psn
|upkeep
|inactive|danbta has 90 seconds left.
|
|t:|1757887618
|switch|p2a: Gliscor|Gliscor, F|58/100 tox
|-damage|p2a: Gliscor|46/100 tox|[from] Stealth Rock
|turn|129
|
|t:|1757887628
|switch|p1a: Alomomola|Alomomola, F|100/100 tox
|-damage|p1a: Alomomola|88/100 tox|[from] Stealth Rock
|move|p2a: Gliscor|Earthquake|p1a: Alomomola
|-damage|p1a: Alomomola|72/100 tox
|
|-heal|p2a: Gliscor|58/100 tox|[from] ability: Poison Heal
|-damage|p1a: Alomomola|66/100 tox|[from] psn
|upkeep
|turn|130
|inactive|danbta has 90 seconds left.
|
|t:|1757887644
|switch|p2a: Dragapult|Dragapult, F|100/100
|-damage|p2a: Dragapult|88/100|[from] Stealth Rock
|move|p1a: Alomomola|Wish|p1a: Alomomola
|
|-damage|p1a: Alomomola|54/100 tox|[from] psn
|upkeep
|turn|131
|inactive|danbta has 90 seconds left.
|
|t:|1757887656
|switch|p1a: Kingambit|Kingambit, M|55/100
|-damage|p1a: Kingambit|49/100|[from] Stealth Rock
|move|p2a: Dragapult|Draco Meteor|p1a: Kingambit
|-resisted|p1a: Kingambit
|-damage|p1a: Kingambit|8/100
|-unboost|p2a: Dragapult|spa|2
|
|-heal|p1a: Kingambit|76/100|[from] move: Wish|[wisher] Alomomola
|upkeep
|turn|132
|inactive|danbta has 90 seconds left.
|
|t:|1757887675
|switch|p2a: Gholdengo|Gholdengo|56/100
|move|p1a: Kingambit|Kowtow Cleave|p2a: Gholdengo
|-supereffective|p2a: Gholdengo
|-damage|p2a: Gholdengo|0 fnt
|faint|p2a: Gholdengo
|
|upkeep
|
|t:|1757887682
|switch|p2a: Gliscor|Gliscor, F|58/100 tox
|-damage|p2a: Gliscor|46/100 tox|[from] Stealth Rock
|turn|133
|c|☆danbta|gg
|
|t:|1757887690
|move|p2a: Gliscor|Knock Off|p1a: Kingambit
|-resisted|p1a: Kingambit
|-damage|p1a: Kingambit|71/100
|move|p1a: Kingambit|Swords Dance|p1a: Kingambit
|-boost|p1a: Kingambit|atk|2
|
|-heal|p2a: Gliscor|58/100 tox|[from] ability: Poison Heal
|upkeep
|turn|134
|
|t:|1757887699
|move|p2a: Gliscor|Knock Off|p1a: Kingambit
|-resisted|p1a: Kingambit
|-damage|p1a: Kingambit|66/100
|move|p1a: Kingambit|Kowtow Cleave|p2a: Gliscor
|-damage|p2a: Gliscor|0 fnt
|faint|p2a: Gliscor
|
|upkeep
|
|t:|1757887705
|switch|p2a: Dragapult|Dragapult, F|88/100
|-damage|p2a: Dragapult|76/100|[from] Stealth Rock
|turn|135
|c|☆ayrmario09|gg
|
|t:|1757887710
|move|p1a: Kingambit|Sucker Punch|p2a: Dragapult
|-supereffective|p2a: Dragapult
|-damage|p2a: Dragapult|0 fnt
|faint|p2a: Dragapult
|
|win|ayrmario09
