|j|☆frost_kun27
|j|☆Wooper2988
|t:|1757847899
|gametype|singles
|player|p1|frost_kun27|silver|1336
|player|p2|Wooper2988|sage|1293
|gen|9
|tier|[Gen 9] OU
|rated|
|rule|HP Percentage Mod: HP is shown in percentages
|rule|Endless Battle Clause: Forcing endless battles is banned
|rule|Species Clause: Limit one of each Pokémon
|rule|OHKO Clause: OHKO moves are banned
|rule|Evasion Items Clause: Evasion items are banned
|rule|Evasion Moves Clause: Evasion moves are banned
|rule|Evasion Abilities Clause: Evasion abilities are banned
|rule|Sleep Moves Clause: Sleep-inducing moves are banned
|clearpoke
|poke|p1|Rhyperior, F|
|poke|p1|Articuno|
|poke|p1|Suicune|
|poke|p1|Heatran, M|
|poke|p1|Decidueye-Hisui, F|
|poke|p1|Latios, M|
|poke|p2|Zamazenta-*|
|poke|p2|Tinkaton, F|
|poke|p2|Great Tusk|
|poke|p2|Slowking-Galar, M|
|poke|p2|Dragapult, M|
|poke|p2|Ogerpon-Wellspring, F|
|teampreview
|inactive|Battle timer is ON: inactive players will automatically lose when time's up. (requested by frost_kun27)
|
|t:|1757847911
|teamsize|p1|6
|teamsize|p2|6
|start
|switch|p1a: Rhyperior|Rhyperior, F|100/100
|switch|p2a: Tinkaton|Tinkaton, F, shiny|100/100
|-ability|p2a: Tinkaton|Mold Breaker
|-item|p2a: Tinkaton|Air Balloon
|turn|1
|
|t:|1757847919
|move|p2a: Tinkaton|Thunder Wave|p1a: Rhyperior
|-immune|p1a: Rhyperior
|move|p1a: Rhyperior|Temper Flare|p2a: Tinkaton
|-supereffective|p2a: Tinkaton
|-damage|p2a: Tinkaton|30/100
|-enditem|p2a: Tinkaton|Air Balloon
|
|upkeep
|turn|2
|
|t:|1757847923
|move|p2a: Tinkaton|Stealth Rock|p1a: Rhyperior
|-sidestart|p1: frost_kun27|move: Stealth Rock
|move|p1a: Rhyperior|Earthquake|p2a: Tinkaton
|-supereffective|p2a: Tinkaton
|-damage|p2a: Tinkaton|0 fnt
|faint|p2a: Tinkaton
|
|upkeep
|
|t:|1757847934
|switch|p2a: Ogerpon|Ogerpon-Wellspring, F|100/100
|turn|3
|
|t:|1757847941
|switch|p1a: Decidueye|Decidueye-Hisui, F, shiny|100/100
|-damage|p1a: Decidueye|94/100|[from] Stealth Rock
|move|p2a: Ogerpon|Swords Dance|p2a: Ogerpon
|-boost|p2a: Ogerpon|atk|2
|
|upkeep
|turn|4
|
|t:|1757847952
|move|p2a: Ogerpon|Play Rough|p1a: Decidueye
|-supereffective|p1a: Decidueye
|-damage|p1a: Decidueye|0 fnt
|-damage|p2a: Ogerpon|84/100|[from] item: Rocky Helmet|[of] p1a: Decidueye
|faint|p1a: Decidueye
|
|upkeep
|
|t:|1757847961
|switch|p1a: Articuno|Articuno, shiny|100/100
|-ability|p1a: Articuno|Pressure
|turn|5
|
|t:|1757847964
|-terastallize|p2a: Ogerpon|Water
|detailschange|p2a: Ogerpon|Ogerpon-Wellspring-Tera, F, tera:Water
|-ability|p2a: Ogerpon|Embody Aspect (Wellspring)|boost
|-boost|p2a: Ogerpon|spd|1
|move|p2a: Ogerpon|Ivy Cudgel|p1a: Articuno|[anim] Ivy Cudgel Water
|-damage|p1a: Articuno|0 fnt
|faint|p1a: Articuno
|
|upkeep
|
|t:|1757847977
|switch|p1a: Latios|Latios, M, shiny|100/100
|-damage|p1a: Latios|88/100|[from] Stealth Rock
|turn|6
|
|t:|1757847993
|move|p1a: Latios|Luster Purge|p2a: Ogerpon
|-damage|p2a: Ogerpon|47/100
|-unboost|p2a: Ogerpon|spd|1
|move|p2a: Ogerpon|Play Rough|p1a: Latios
|-supereffective|p1a: Latios
|-damage|p1a: Latios|0 fnt
|faint|p1a: Latios
|
|upkeep
|-message|frost_kun27 forfeited.
|
|win|Wooper2988
|raw|frost_kun27's rating: 1336 &rarr; <strong>1314</strong><br />(-22 for losing)
|raw|Wooper2988's rating: 1293 &rarr; <strong>1321</strong><br />(+28 for winning)
|l|☆frost_kun27
|player|p1|
|l|☆Wooper2988
|player|p2|
