|j|☆olimar90
|j|☆hsysbsbs
|t:|1757873318
|gametype|singles
|player|p1|olimar90|preschooler|1134
|player|p2|hsysbsbs|266|1088
|gen|9
|tier|[Gen 9] OU
|rated|
|rule|HP Percentage Mod: HP is shown in percentages
|rule|Endless Battle Clause: Forcing endless battles is banned
|rule|Species Clause: Limit one of each Pokémon
|rule|OHKO Clause: OHKO moves are banned
|rule|Evasion Items Clause: Evasion items are banned
|rule|Evasion Moves Clause: Evasion moves are banned
|rule|Evasion Abilities Clause: Evasion abilities are banned
|rule|Sleep Moves Clause: Sleep-inducing moves are banned
|clearpoke
|poke|p1|Leavanny, F|
|poke|p1|Landorus-Therian, M|
|poke|p1|Primarina, F|
|poke|p1|Cloyster, M|
|poke|p1|Kommo-o, M|
|poke|p1|Clodsire, F|
|poke|p2|Goodra-Hisui, F|
|poke|p2|Arcanine-Hisui, F|
|poke|p2|Comfey, F|
|poke|p2|Cinderace, M|
|poke|p2|Araquanid, M|
|poke|p2|Lurantis, M|
|teampreview
|inactive|Battle timer is ON: inactive players will automatically lose when time's up. (requested by olimar90)
|
|t:|1757873329
|teamsize|p1|6
|teamsize|p2|6
|start
|switch|p1a: Leavanny|Leavanny, F|100/100
|switch|p2a: Araquanid|Araquanid, M|100/100
|turn|1
|
|t:|1757873336
|move|p1a: Leavanny|Sticky Web|p2a: Araquanid
|-sidestart|p2: hsysbsbs|move: Sticky Web
|move|p2a: Araquanid|Lunge|p1a: Leavanny
|-supereffective|p1a: Leavanny
|-damage|p1a: Leavanny|30/100
|-unboost|p1a: Leavanny|atk|1
|
|upkeep
|turn|2
|
|t:|1757873344
|switch|p1a: Kommo-o|Kommo-o, M|100/100
|move|p2a: Araquanid|Lunge|p1a: Kommo-o
|-resisted|p1a: Kommo-o
|-damage|p1a: Kommo-o|90/100
|-unboost|p1a: Kommo-o|atk|1
|
|upkeep
|turn|3
|
|t:|1757873353
|move|p1a: Kommo-o|Taunt|p2a: Araquanid
|-start|p2a: Araquanid|move: Taunt
|move|p2a: Araquanid|Liquidation|p1a: Kommo-o
|-resisted|p1a: Kommo-o
|-damage|p1a: Kommo-o|65/100
|-unboost|p1a: Kommo-o|def|1
|
|upkeep
|turn|4
|
|t:|1757873362
|switch|p1a: Clodsire|Clodsire, F|100/100
|move|p2a: Araquanid|Liquidation|p1a: Clodsire
|-immune|p1a: Clodsire|[from] ability: Water Absorb
|
|upkeep
|turn|5
|
|t:|1757873371
|move|p2a: Araquanid|Lunge|p1a: Clodsire
|-resisted|p1a: Clodsire
|-damage|p1a: Clodsire|91/100
|-unboost|p1a: Clodsire|atk|1
|move|p1a: Clodsire|Stealth Rock|p2a: Araquanid
|-sidestart|p2: hsysbsbs|move: Stealth Rock
|
|-heal|p1a: Clodsire|97/100|[from] item: Leftovers
|-end|p2a: Araquanid|move: Taunt
|upkeep
|turn|6
|
|t:|1757873396
|switch|p2a: Cinderace|Cinderace, M|100/100
|switch|p1a: Cloyster|Cloyster, M|100/100
|
|upkeep
|turn|7
|
|t:|1757873403
|move|p2a: Cinderace|Court Change|p2a: Cinderace
|-start|p2a: Cinderace|typechange|Normal|[from] ability: Libero
|-swapsideconditions
|-activate|p2a: Cinderace|move: Court Change
|move|p1a: Cloyster|Shell Smash|p1a: Cloyster
|-unboost|p1a: Cloyster|def|1
|-unboost|p1a: Cloyster|spd|1
|-boost|p1a: Cloyster|atk|2
|-boost|p1a: Cloyster|spa|2
|-boost|p1a: Cloyster|spe|2
|
|upkeep
|turn|8
|
|t:|1757873417
|move|p2a: Cinderace|Sucker Punch|p1a: Cloyster
|-damage|p1a: Cloyster|71/100
|move|p1a: Cloyster|Icicle Spear|p2a: Cinderace
|-damage|p2a: Cinderace|67/100
|-damage|p2a: Cinderace|31/100
|-damage|p2a: Cinderace|0 fnt
|faint|p2a: Cinderace
|-hitcount|p2: Cinderace|3
|
|upkeep
|
|t:|1757873432
|switch|p2a: Goodra|Goodra-Hisui, F|100/100
|turn|9
|
|t:|1757873436
|move|p1a: Cloyster|Icicle Spear|p2a: Goodra
|-damage|p2a: Goodra|80/100
|-damage|p2a: Goodra|58/100
|-damage|p2a: Goodra|37/100
|-enditem|p2a: Goodra|Sitrus Berry|[eat]
|-heal|p2a: Goodra|62/100|[from] item: Sitrus Berry
|-damage|p2a: Goodra|43/100
|-damage|p2a: Goodra|22/100
|-hitcount|p2a: Goodra|5
|move|p2a: Goodra|Gyro Ball|p1a: Cloyster
|-damage|p1a: Cloyster|23/100
|
|upkeep
|turn|10
|
|t:|1757873449
|move|p1a: Cloyster|Icicle Spear|p2a: Goodra
|-damage|p2a: Goodra|3/100
|-damage|p2a: Goodra|0 fnt
|faint|p2a: Goodra
|-hitcount|p2: Goodra|2
|
|upkeep
|
|t:|1757873455
|switch|p2a: Comfey|Comfey, F|100/100
|turn|11
|
|t:|1757873461
|move|p2a: Comfey|Giga Drain|p1a: Cloyster
|-supereffective|p1a: Cloyster
|-damage|p1a: Cloyster|0 fnt
|faint|p1a: Cloyster
|
|upkeep
|
|t:|1757873467
|switch|p1a: Leavanny|Leavanny, F|30/100
|-activate|p1a: Leavanny|move: Sticky Web
|-unboost|p1a: Leavanny|spe|1
|-damage|p1a: Leavanny|5/100|[from] Stealth Rock
|turn|12
|
|t:|1757873479
|move|p2a: Comfey|Calm Mind|p2a: Comfey
|-boost|p2a: Comfey|spa|1
|-boost|p2a: Comfey|spd|1
|move|p1a: Leavanny|Knock Off|p2a: Comfey
|-resisted|p2a: Comfey
|-damage|p2a: Comfey|84/100
|-enditem|p2a: Comfey|Leftovers|[from] move: Knock Off|[of] p1a: Leavanny
|
|upkeep
|turn|13
|
|t:|1757873491
|move|p2a: Comfey|Draining Kiss|p1a: Leavanny
|-damage|p1a: Leavanny|0 fnt
|-heal|p2a: Comfey|88/100|[from] drain|[of] p1a: Leavanny
|faint|p1a: Leavanny
|
|upkeep
|
|t:|1757873496
|switch|p1a: Clodsire|Clodsire, F|97/100
|-activate|p1a: Clodsire|move: Sticky Web
|-unboost|p1a: Clodsire|spe|1
|-damage|p1a: Clodsire|91/100|[from] Stealth Rock
|turn|14
|
|t:|1757873505
|move|p2a: Comfey|Giga Drain|p1a: Clodsire
|-damage|p1a: Clodsire|72/100
|-heal|p2a: Comfey|100/100|[from] drain|[of] p1a: Clodsire
|move|p1a: Clodsire|Gunk Shot|p2a: Comfey
|-supereffective|p2a: Comfey
|-damage|p2a: Comfey|20/100
|
|-heal|p1a: Clodsire|78/100|[from] item: Leftovers
|upkeep
|turn|15
|
|t:|1757873525
|switch|p2a: Arcanine|Arcanine-Hisui, F|100/100
|-ability|p2a: Arcanine|Intimidate|boost
|-unboost|p1a: Clodsire|atk|1
|move|p1a: Clodsire|Earthquake|p2a: Arcanine
|-supereffective|p2a: Arcanine
|-damage|p2a: Arcanine|23/100
|
|-heal|p2a: Arcanine|29/100|[from] item: Leftovers
|-heal|p1a: Clodsire|84/100|[from] item: Leftovers
|upkeep
|turn|16
|
|t:|1757873537
|move|p1a: Clodsire|Earthquake|p2a: Arcanine
|-supereffective|p2a: Arcanine
|-damage|p2a: Arcanine|0 fnt
|faint|p2a: Arcanine
|
|-heal|p1a: Clodsire|90/100|[from] item: Leftovers
|upkeep
|
|t:|1757873546
|switch|p2a: Lurantis|Lurantis, M|100/100
|turn|17
|
|t:|1757873563
|-terastallize|p2a: Lurantis|Dark
|move|p2a: Lurantis|Leaf Storm|p1a: Clodsire
|-damage|p1a: Clodsire|64/100
|-boost|p2a: Lurantis|spa|2
|move|p1a: Clodsire|Gunk Shot|p2a: Lurantis
|-damage|p2a: Lurantis|76/100
|
|-heal|p1a: Clodsire|70/100|[from] item: Leftovers
|upkeep
|turn|18
|
|t:|1757873574
|move|p2a: Lurantis|Leaf Storm|p1a: Clodsire
|-damage|p1a: Clodsire|18/100
|-boost|p2a: Lurantis|spa|2
|move|p1a: Clodsire|Earthquake|p2a: Lurantis
|-damage|p2a: Lurantis|55/100
|
|-heal|p1a: Clodsire|24/100|[from] item: Leftovers
|upkeep
|turn|19
|
|t:|1757873584
|move|p2a: Lurantis|Leaf Storm|p1a: Clodsire
|-damage|p1a: Clodsire|0 fnt
|-boost|p2a: Lurantis|spa|2
|faint|p1a: Clodsire
|
|upkeep
|
|t:|1757873588
|switch|p1a: Landorus|Landorus-Therian, M|100/100
|-damage|p1a: Landorus|88/100|[from] Stealth Rock
|-ability|p1a: Landorus|Intimidate|boost
|-boost|p2a: Lurantis|atk|1
|turn|20
|
|t:|1757873604
|-terastallize|p1a: Landorus|Grass
|move|p1a: Landorus|U-turn|p2a: Lurantis
|-supereffective|p2a: Lurantis
|-damage|p2a: Lurantis|0 fnt
|faint|p2a: Lurantis
|
|t:|1757873611
|switch|p1a: Primarina|Primarina, F|100/100|[from] U-turn
|-activate|p1a: Primarina|move: Sticky Web
|-unboost|p1a: Primarina|spe|1
|-damage|p1a: Primarina|88/100|[from] Stealth Rock
|
|upkeep
|
|t:|1757873621
|switch|p2a: Comfey|Comfey, F|20/100
|turn|21
|
|t:|1757873624
|move|p2a: Comfey|Giga Drain|p1a: Primarina
|-supereffective|p1a: Primarina
|-damage|p1a: Primarina|63/100
|-heal|p2a: Comfey|34/100|[from] drain|[of] p1a: Primarina
|move|p1a: Primarina|Hyper Voice|p2a: Comfey
|-damage|p2a: Comfey|0 fnt
|faint|p2a: Comfey
|
|upkeep
|
|t:|1757873633
|switch|p2a: Araquanid|Araquanid, M|100/100
|turn|22
|
|t:|1757873637
|move|p2a: Araquanid|Trailblaze|p1a: Primarina
|-supereffective|p1a: Primarina
|-damage|p1a: Primarina|41/100
|-boost|p2a: Araquanid|spe|1
|move|p1a: Primarina|Moonblast|p2a: Araquanid
|-damage|p2a: Araquanid|67/100
|
|-heal|p2a: Araquanid|73/100|[from] item: Leftovers
|upkeep
|turn|23
|
|t:|1757873647
|move|p2a: Araquanid|Trailblaze|p1a: Primarina
|-supereffective|p1a: Primarina
|-damage|p1a: Primarina|21/100
|-boost|p2a: Araquanid|spe|1
|move|p1a: Primarina|Moonblast|p2a: Araquanid
|-damage|p2a: Araquanid|36/100
|
|-heal|p2a: Araquanid|42/100|[from] item: Leftovers
|upkeep
|turn|24
|
|t:|1757873659
|move|p2a: Araquanid|Trailblaze|p1a: Primarina
|-supereffective|p1a: Primarina
|-damage|p1a: Primarina|0 fnt
|-boost|p2a: Araquanid|spe|1
|faint|p1a: Primarina
|
|-heal|p2a: Araquanid|48/100|[from] item: Leftovers
|upkeep
|
|t:|1757873664
|switch|p1a: Landorus|Landorus-Therian, M, tera:Grass|88/100
|-activate|p1a: Landorus|move: Sticky Web
|-unboost|p1a: Landorus|spe|1
|-damage|p1a: Landorus|76/100|[from] Stealth Rock
|-ability|p1a: Landorus|Intimidate|boost
|-unboost|p2a: Araquanid|atk|1
|turn|25
|
|t:|1757873674
|move|p2a: Araquanid|Lunge|p1a: Landorus
|-supereffective|p1a: Landorus
|-damage|p1a: Landorus|40/100
|-unboost|p1a: Landorus|atk|1
|move|p1a: Landorus|U-turn|p2a: Araquanid
|-damage|p2a: Araquanid|32/100
|
|t:|1757873677
|switch|p1a: Kommo-o|Kommo-o, M|65/100|[from] U-turn
|-activate|p1a: Kommo-o|move: Sticky Web
|-unboost|p1a: Kommo-o|spe|1
|-damage|p1a: Kommo-o|59/100|[from] Stealth Rock
|
|-heal|p2a: Araquanid|39/100|[from] item: Leftovers
|upkeep
|turn|26
|
|t:|1757873689
|move|p2a: Araquanid|Liquidation|p1a: Kommo-o
|-resisted|p1a: Kommo-o
|-damage|p1a: Kommo-o|42/100
|move|p1a: Kommo-o|Clanging Scales|p2a: Araquanid
|-damage|p2a: Araquanid|1/100
|-unboost|p1a: Kommo-o|def|1
|
|-heal|p2a: Araquanid|7/100|[from] item: Leftovers
|upkeep
|turn|27
|
|t:|1757873698
|move|p1a: Kommo-o|Vacuum Wave|p2a: Araquanid
|-resisted|p2a: Araquanid
|-damage|p2a: Araquanid|1/100
|move|p2a: Araquanid|Liquidation|p1a: Kommo-o
|-resisted|p1a: Kommo-o
|-damage|p1a: Kommo-o|17/100
|
|-heal|p2a: Araquanid|7/100|[from] item: Leftovers
|upkeep
|turn|28
|
|t:|1757873707
|move|p1a: Kommo-o|Vacuum Wave|p2a: Araquanid
|-resisted|p2a: Araquanid
|-damage|p2a: Araquanid|1/100
|move|p2a: Araquanid|Liquidation|p1a: Kommo-o
|-resisted|p1a: Kommo-o
|-damage|p1a: Kommo-o|0 fnt
|faint|p1a: Kommo-o
|
|-heal|p2a: Araquanid|8/100|[from] item: Leftovers
|upkeep
|
|t:|1757873713
|switch|p1a: Landorus|Landorus-Therian, M, tera:Grass|40/100
|-activate|p1a: Landorus|move: Sticky Web
|-unboost|p1a: Landorus|spe|1
|-damage|p1a: Landorus|28/100|[from] Stealth Rock
|-ability|p1a: Landorus|Intimidate|boost
|-unboost|p2a: Araquanid|atk|1
|turn|29
|
|t:|1757873723
|move|p2a: Araquanid|Lunge|p1a: Landorus
|-supereffective|p1a: Landorus
|-damage|p1a: Landorus|0 fnt
|faint|p1a: Landorus
|
|win|hsysbsbs
|raw|olimar90's rating: 1134 &rarr; <strong>1106</strong><br />(-28 for losing)
|raw|hsysbsbs's rating: 1088 &rarr; <strong>1118</strong><br />(+30 for winning)
|l|☆olimar90
|player|p1|
|l|☆hsysbsbs
|player|p2|
