|j|☆Quackstorm
|j|☆der grosse z
|t:|1757785857
|gametype|singles
|player|p1|Quackstorm|burglar-gen2|1489
|player|p2|der grosse z|gambler|1465
|gen|9
|tier|[Gen 9] OU
|rated|
|rule|HP Percentage Mod: HP is shown in percentages
|rule|Endless Battle Clause: Forcing endless battles is banned
|rule|Species Clause: Limit one of each Pokémon
|rule|OHKO Clause: OHKO moves are banned
|rule|Evasion Items Clause: Evasion items are banned
|rule|Evasion Moves Clause: Evasion moves are banned
|rule|Evasion Abilities Clause: Evasion abilities are banned
|rule|Sleep Moves Clause: Sleep-inducing moves are banned
|clearpoke
|poke|p1|Rillaboom, M|
|poke|p1|Electrode-Hisui|
|poke|p1|Garganacl, F|
|poke|p1|Iron Crown|
|poke|p1|Alomomola, F|
|poke|p1|Great Tusk|
|poke|p2|Dragonite, M|
|poke|p2|Darkrai|
|poke|p2|Ogerpon-Wellspring, F|
|poke|p2|Ting-Lu|
|poke|p2|Great Tusk|
|poke|p2|Slowking-Galar, L99, F|
|teampreview
|inactive|Battle timer is ON: inactive players will automatically lose when time's up. (requested by der grosse z)
|inactive|Quackstorm has 120 seconds left.
|inactive|Quackstorm has 90 seconds left.
|inactive|Quackstorm has 60 seconds left.
|inactive|Quackstorm has 30 seconds left.
|inactive|Quackstorm has 20 seconds left.
|
|t:|1757786061
|teamsize|p1|6
|teamsize|p2|6
|start
|switch|p1a: Electrode|Electrode-Hisui|100/100
|switch|p2a: Ogerpon|Ogerpon-Wellspring, F|100/100
|turn|1
|
|t:|1757786076
|switch|p2a: Ting-Lu|Ting-Lu|100/100
|-ability|p2a: Ting-Lu|Vessel of Ruin
|move|p1a: Electrode|Chloroblast|p2a: Ting-Lu
|-supereffective|p2a: Ting-Lu
|-damage|p2a: Ting-Lu|28/100
|-damage|p1a: Electrode|50/100|[from] Recoil
|
|-heal|p2a: Ting-Lu|34/100|[from] item: Leftovers
|upkeep
|turn|2
|inactive|Quackstorm has 90 seconds left.
|
|t:|1757786090
|switch|p1a: Rillaboom|Rillaboom, M|100/100
|-fieldstart|move: Grassy Terrain|[from] ability: Grassy Surge|[of] p1a: Rillaboom
|switch|p2a: Slowking|Slowking-Galar, L99, F|100/100
|
|upkeep
|turn|3
|
|t:|1757786096
|move|p1a: Rillaboom|Knock Off|p2a: Slowking
|-supereffective|p2a: Slowking
|-damage|p2a: Slowking|0 fnt
|-enditem|p2a: Slowking|Heavy-Duty Boots|[from] move: Knock Off|[of] p1a: Rillaboom
|faint|p2a: Slowking
|
|upkeep
|
|t:|1757786103
|switch|p2a: Darkrai|Darkrai|100/100
|turn|4
|
|t:|1757786108
|switch|p1a: Garganacl|Garganacl, F|100/100
|move|p2a: Darkrai|Dark Pulse|p1a: Garganacl
|-damage|p1a: Garganacl|73/100
|
|-heal|p1a: Garganacl|79/100|[from] Grassy Terrain
|-heal|p1a: Garganacl|85/100|[from] item: Leftovers
|upkeep
|turn|5
|
|t:|1757786117
|switch|p2a: Ting-Lu|Ting-Lu|34/100
|-ability|p2a: Ting-Lu|Vessel of Ruin
|move|p1a: Garganacl|Stealth Rock|p2a: Ting-Lu
|-sidestart|p2: der grosse z|move: Stealth Rock
|
|-heal|p2a: Ting-Lu|40/100|[from] Grassy Terrain
|-heal|p2a: Ting-Lu|46/100|[from] item: Leftovers
|-heal|p1a: Garganacl|92/100|[from] Grassy Terrain
|-heal|p1a: Garganacl|98/100|[from] item: Leftovers
|upkeep
|turn|6
|
|t:|1757786127
|switch|p1a: Rillaboom|Rillaboom, M|100/100
|move|p2a: Ting-Lu|Ruination|p1a: Rillaboom
|-damage|p1a: Rillaboom|51/100
|
|-heal|p1a: Rillaboom|57/100|[from] Grassy Terrain
|-heal|p2a: Ting-Lu|53/100|[from] Grassy Terrain
|-heal|p2a: Ting-Lu|59/100|[from] item: Leftovers
|-fieldend|move: Grassy Terrain
|upkeep
|turn|7
|
|t:|1757786132
|move|p1a: Rillaboom|Wood Hammer|p2a: Ting-Lu
|-supereffective|p2a: Ting-Lu
|-damage|p2a: Ting-Lu|0 fnt
|faint|p2a: Ting-Lu
|-damage|p1a: Rillaboom|28/100|[from] Recoil
|
|upkeep
|
|t:|1757786138
|switch|p2a: Dragonite|Dragonite, M|100/100
|turn|8
|
|t:|1757786143
|switch|p1a: Alomomola|Alomomola, F|100/100
|move|p2a: Dragonite|Dragon Dance|p2a: Dragonite
|-boost|p2a: Dragonite|atk|1
|-boost|p2a: Dragonite|spe|1
|
|upkeep
|turn|9
|
|t:|1757786147
|move|p2a: Dragonite|Dragon Dance|p2a: Dragonite
|-boost|p2a: Dragonite|atk|1
|-boost|p2a: Dragonite|spe|1
|move|p1a: Alomomola|Tickle|p2a: Dragonite
|-unboost|p2a: Dragonite|atk|1
|-unboost|p2a: Dragonite|def|1
|
|upkeep
|turn|10
|
|t:|1757786154
|switch|p2a: Great Tusk|Great Tusk|100/100
|move|p1a: Alomomola|Tickle|p2a: Great Tusk
|-unboost|p2a: Great Tusk|atk|1
|-unboost|p2a: Great Tusk|def|1
|
|upkeep
|turn|11
|
|t:|1757786159
|move|p2a: Great Tusk|Rapid Spin|p1a: Alomomola
|-damage|p1a: Alomomola|93/100
|-boost|p2a: Great Tusk|spe|1
|-sideend|p2: der grosse z|Stealth Rock|[from] move: Rapid Spin|[of] p2a: Great Tusk
|move|p1a: Alomomola|Wish|p1a: Alomomola
|
|upkeep
|turn|12
|
|t:|1757786166
|-end|p2a: Great Tusk|Protosynthesis|[silent]
|switch|p2a: Ogerpon|Ogerpon-Wellspring, F|100/100
|switch|p1a: Rillaboom|Rillaboom, M|28/100
|-fieldstart|move: Grassy Terrain|[from] ability: Grassy Surge|[of] p1a: Rillaboom
|
|-heal|p1a: Rillaboom|100/100|[from] move: Wish|[wisher] Alomomola
|upkeep
|turn|13
|
|t:|1757786172
|move|p2a: Ogerpon|Knock Off|p1a: Rillaboom
|-damage|p1a: Rillaboom|58/100
|-enditem|p1a: Rillaboom|Choice Band|[from] move: Knock Off|[of] p2a: Ogerpon
|move|p1a: Rillaboom|U-turn|p2a: Ogerpon
|-supereffective|p2a: Ogerpon
|-damage|p2a: Ogerpon|35/100
|
|t:|1757786177
|switch|p1a: Electrode|Electrode-Hisui|50/100|[from] U-turn
|
|-heal|p1a: Electrode|56/100|[from] Grassy Terrain
|-heal|p2a: Ogerpon|41/100|[from] Grassy Terrain
|upkeep
|turn|14
|
|t:|1757786191
|switch|p2a: Darkrai|Darkrai|100/100
|move|p1a: Electrode|Leaf Storm|p2a: Darkrai
|-damage|p2a: Darkrai|0 fnt
|-unboost|p1a: Electrode|spa|2
|faint|p2a: Darkrai
|
|-heal|p1a: Electrode|63/100|[from] Grassy Terrain
|upkeep
|
|t:|1757786197
|switch|p2a: Dragonite|Dragonite, M|100/100
|turn|15
|
|t:|1757786201
|switch|p1a: Alomomola|Alomomola, F|100/100
|move|p2a: Dragonite|Dragon Dance|p2a: Dragonite
|-boost|p2a: Dragonite|atk|1
|-boost|p2a: Dragonite|spe|1
|
|upkeep
|turn|16
|
|t:|1757786206
|move|p2a: Dragonite|Extreme Speed|p1a: Alomomola
|-damage|p1a: Alomomola|74/100
|move|p1a: Alomomola|Tickle|p2a: Dragonite
|-unboost|p2a: Dragonite|atk|1
|-unboost|p2a: Dragonite|def|1
|
|-heal|p1a: Alomomola|80/100|[from] Grassy Terrain
|-fieldend|move: Grassy Terrain
|upkeep
|turn|17
|
|t:|1757786211
|switch|p2a: Ogerpon|Ogerpon-Wellspring, F|41/100
|move|p1a: Alomomola|Flip Turn|p2a: Ogerpon
|-heal|p2a: Ogerpon|66/100|[from] ability: Water Absorb|[of] p1a: Alomomola
|
|upkeep
|turn|18
|
|t:|1757786217
|switch|p1a: Rillaboom|Rillaboom, M|58/100
|-fieldstart|move: Grassy Terrain|[from] ability: Grassy Surge|[of] p1a: Rillaboom
|move|p2a: Ogerpon|Power Whip|p1a: Rillaboom|[miss]
|-miss|p2a: Ogerpon|p1a: Rillaboom
|
|-heal|p2a: Ogerpon|72/100|[from] Grassy Terrain
|-heal|p1a: Rillaboom|64/100|[from] Grassy Terrain
|upkeep
|turn|19
|
|t:|1757786226
|move|p2a: Ogerpon|Play Rough|p1a: Rillaboom
|-damage|p1a: Rillaboom|24/100
|move|p1a: Rillaboom|U-turn|p2a: Ogerpon
|-supereffective|p2a: Ogerpon
|-damage|p2a: Ogerpon|1/100
|
|t:|1757786229
|switch|p1a: Electrode|Electrode-Hisui|63/100|[from] U-turn
|
|-heal|p1a: Electrode|69/100|[from] Grassy Terrain
|-heal|p2a: Ogerpon|7/100|[from] Grassy Terrain
|upkeep
|turn|20
|
|t:|1757786234
|move|p1a: Electrode|Volt Switch|p2a: Ogerpon
|-damage|p2a: Ogerpon|0 fnt
|faint|p2a: Ogerpon
|
|t:|1757786244
|switch|p1a: Alomomola|Alomomola, F|100/100|[from] Volt Switch
|
|upkeep
|-message|der grosse z forfeited.
|
|win|Quackstorm
|raw|Quackstorm's rating: 1489 &rarr; <strong>1508</strong><br />(+19 for winning)
|raw|der grosse z's rating: 1465 &rarr; <strong>1446</strong><br />(-19 for losing)
|l|☆der grosse z
|player|p2|
|l|☆Quackstorm
|player|p1|
