|j|‽1shy9
|j|☆High Mighty Weasel
|t:|1757869822
|gametype|singles
|player|p1|1shy9|acetrainerf-gen4|1660
|player|p2|High Mighty Weasel|cheryl|1609
|gen|9
|tier|[Gen 9] OU
|rated|
|rule|HP Percentage Mod: HP is shown in percentages
|rule|Endless Battle Clause: Forcing endless battles is banned
|rule|Species Clause: Limit one of each Pokémon
|rule|OHKO Clause: OHKO moves are banned
|rule|Evasion Items Clause: Evasion items are banned
|rule|Evasion Moves Clause: Evasion moves are banned
|rule|Evasion Abilities Clause: Evasion abilities are banned
|rule|Sleep Moves Clause: Sleep-inducing moves are banned
|clearpoke
|poke|p1|Iron Moth|
|poke|p1|Gholdengo|
|poke|p1|Great Tusk|
|poke|p1|Kyurem|
|poke|p1|Zamazenta-*|
|poke|p1|Dragonite, F|
|poke|p2|Jolteon, M|
|poke|p2|Slowking-Galar, F|
|poke|p2|Great Tusk|
|poke|p2|Moltres|
|poke|p2|Kingambit, F|
|poke|p2|Hydrapple, F|
|teampreview
|
|t:|1757869854
|teamsize|p1|6
|teamsize|p2|6
|start
|switch|p1a: Kyurem|Kyurem|100/100
|switch|p2a: Moltres|Moltres|100/100
|-ability|p1a: Kyurem|Pressure
|turn|1
|
|t:|1757869870
|switch|p1a: Iron Moth|Iron Moth|100/100
|-enditem|p1a: Iron Moth|Booster Energy
|-activate|p1a: Iron Moth|ability: Quark Drive|[fromitem]
|-start|p1a: Iron Moth|quarkdrivespe
|move|p2a: Moltres|Flamethrower|p1a: Iron Moth
|-resisted|p1a: Iron Moth
|-damage|p1a: Iron Moth|84/100
|
|upkeep
|turn|2
|
|t:|1757869879
|move|p1a: Iron Moth|Fiery Dance|p2a: Moltres
|-resisted|p2a: Moltres
|-damage|p2a: Moltres|83/100
|move|p2a: Moltres|Scorching Sands|p1a: Iron Moth
|-supereffective|p1a: Iron Moth
|-damage|p1a: Iron Moth|14/100
|
|upkeep
|turn|3
|
|t:|1757869883
|move|p1a: Iron Moth|Sludge Wave|p2a: Moltres
|-damage|p2a: Moltres|41/100
|move|p2a: Moltres|Flamethrower|p1a: Iron Moth
|-resisted|p1a: Iron Moth
|-damage|p1a: Iron Moth|0 fnt
|faint|p1a: Iron Moth
|-end|p1a: Iron Moth|Quark Drive|[silent]
|
|upkeep
|
|t:|1757869895
|switch|p1a: Gholdengo|Gholdengo|100/100
|-item|p1a: Gholdengo|Air Balloon
|turn|4
|
|t:|1757869901
|switch|p2a: Kingambit|Kingambit, F|100/100
|move|p1a: Gholdengo|Shadow Ball|p2a: Kingambit
|-resisted|p2a: Kingambit
|-damage|p2a: Kingambit|74/100
|
|-heal|p2a: Kingambit|80/100|[from] item: Leftovers
|upkeep
|turn|5
|
|t:|1757869907
|switch|p1a: Great Tusk|Great Tusk|100/100
|move|p2a: Kingambit|Iron Head|p1a: Great Tusk
|-damage|p1a: Great Tusk|67/100
|
|-heal|p2a: Kingambit|86/100|[from] item: Leftovers
|upkeep
|turn|6
|
|t:|1757869918
|-end|p2a: Kingambit|fallenundefined|[silent]
|switch|p2a: Great Tusk|Great Tusk|100/100
|move|p1a: Great Tusk|Stealth Rock|p2a: Great Tusk
|-sidestart|p2: High Mighty Weasel|move: Stealth Rock
|
|upkeep
|turn|7
|
|t:|1757869922
|move|p1a: Great Tusk|Ice Spinner|p2a: Great Tusk
|-supereffective|p2a: Great Tusk
|-damage|p2a: Great Tusk|76/100
|-damage|p1a: Great Tusk|50/100|[from] item: Rocky Helmet|[of] p2a: Great Tusk
|move|p2a: Great Tusk|Stealth Rock|p1a: Great Tusk
|-sidestart|p1: 1shy9|move: Stealth Rock
|
|upkeep
|turn|8
|
|t:|1757869925
|move|p1a: Great Tusk|Rapid Spin|p2a: Great Tusk
|-damage|p2a: Great Tusk|66/100
|-boost|p1a: Great Tusk|spe|1
|-damage|p1a: Great Tusk|34/100|[from] item: Rocky Helmet|[of] p2a: Great Tusk
|-sideend|p1: 1shy9|Stealth Rock|[from] move: Rapid Spin|[of] p1a: Great Tusk
|move|p2a: Great Tusk|Rapid Spin|p1a: Great Tusk
|-damage|p1a: Great Tusk|22/100
|-boost|p2a: Great Tusk|spe|1
|-sideend|p2: High Mighty Weasel|Stealth Rock|[from] move: Rapid Spin|[of] p2a: Great Tusk
|
|upkeep
|turn|9
|
|t:|1757869935
|move|p1a: Great Tusk|Stealth Rock|p2a: Great Tusk
|-sidestart|p2: High Mighty Weasel|move: Stealth Rock
|move|p2a: Great Tusk|Stealth Rock|p1a: Great Tusk
|-sidestart|p1: 1shy9|move: Stealth Rock
|
|upkeep
|turn|10
|
|t:|1757869941
|-end|p1a: Great Tusk|Protosynthesis|[silent]
|switch|p1a: Gholdengo|Gholdengo|100/100
|-damage|p1a: Gholdengo|94/100|[from] Stealth Rock
|-item|p1a: Gholdengo|Air Balloon
|move|p2a: Great Tusk|Rapid Spin|p1a: Gholdengo
|-immune|p1a: Gholdengo
|
|upkeep
|turn|11
|
|t:|1757869948
|-end|p2a: Great Tusk|Protosynthesis|[silent]
|switch|p2a: Kingambit|Kingambit, F|86/100
|-damage|p2a: Kingambit|80/100|[from] Stealth Rock
|move|p1a: Gholdengo|Make It Rain|p2a: Kingambit
|-resisted|p2a: Kingambit
|-damage|p2a: Kingambit|42/100
|-unboost|p1a: Gholdengo|spa|1
|
|-heal|p2a: Kingambit|49/100|[from] item: Leftovers
|upkeep
|turn|12
|
|t:|1757869955
|switch|p1a: Zamazenta|Zamazenta|100/100
|-damage|p1a: Zamazenta|94/100|[from] Stealth Rock
|-ability|p1a: Zamazenta|Dauntless Shield|boost
|-boost|p1a: Zamazenta|def|1
|move|p2a: Kingambit|Kowtow Cleave|p1a: Zamazenta
|-resisted|p1a: Zamazenta
|-damage|p1a: Zamazenta|80/100
|
|-heal|p1a: Zamazenta|86/100|[from] item: Leftovers
|-heal|p2a: Kingambit|55/100|[from] item: Leftovers
|upkeep
|turn|13
|
|t:|1757869963
|-end|p2a: Kingambit|fallenundefined|[silent]
|switch|p2a: Slowking|Slowking-Galar, F|100/100
|-damage|p2a: Slowking|88/100|[from] Stealth Rock
|move|p1a: Zamazenta|Stone Edge|p2a: Slowking
|-damage|p2a: Slowking|57/100
|
|-heal|p1a: Zamazenta|92/100|[from] item: Leftovers
|upkeep
|turn|14
|
|t:|1757869971
|move|p1a: Zamazenta|Crunch|p2a: Slowking
|-supereffective|p2a: Slowking
|-damage|p2a: Slowking|6/100
|move|p2a: Slowking|Flamethrower|p1a: Zamazenta
|-damage|p1a: Zamazenta|66/100
|
|-heal|p1a: Zamazenta|72/100|[from] item: Leftovers
|upkeep
|turn|15
|
|t:|1757869975
|switch|p2a: Hydrapple|Hydrapple, F|100/100
|move|p1a: Zamazenta|Stone Edge|p2a: Hydrapple
|-damage|p2a: Hydrapple|85/100
|
|-heal|p1a: Zamazenta|78/100|[from] item: Leftovers
|upkeep
|turn|16
|
|t:|1757869979
|switch|p1a: Great Tusk|Great Tusk|22/100
|move|p2a: Hydrapple|Nasty Plot|p2a: Hydrapple
|-boost|p2a: Hydrapple|spa|2
|
|upkeep
|turn|17
|
|t:|1757869987
|switch|p2a: Great Tusk|Great Tusk|66/100
|-damage|p2a: Great Tusk|63/100|[from] Stealth Rock
|move|p1a: Great Tusk|Rapid Spin|p2a: Great Tusk
|-damage|p2a: Great Tusk|55/100
|-boost|p1a: Great Tusk|spe|1
|-damage|p1a: Great Tusk|5/100|[from] item: Rocky Helmet|[of] p2a: Great Tusk
|-sideend|p1: 1shy9|Stealth Rock|[from] move: Rapid Spin|[of] p1a: Great Tusk
|
|upkeep
|turn|18
|
|t:|1757869990
|-end|p1a: Great Tusk|Protosynthesis|[silent]
|switch|p1a: Gholdengo|Gholdengo|94/100
|-item|p1a: Gholdengo|Air Balloon
|move|p2a: Great Tusk|Stealth Rock|p1a: Gholdengo
|-sidestart|p1: 1shy9|move: Stealth Rock
|
|upkeep
|turn|19
|
|t:|1757869993
|-end|p2a: Great Tusk|Protosynthesis|[silent]
|switch|p2a: Kingambit|Kingambit, F|55/100
|-damage|p2a: Kingambit|49/100|[from] Stealth Rock
|move|p1a: Gholdengo|Make It Rain|p2a: Kingambit
|-resisted|p2a: Kingambit
|-damage|p2a: Kingambit|6/100
|-unboost|p1a: Gholdengo|spa|1
|
|-heal|p2a: Kingambit|13/100|[from] item: Leftovers
|upkeep
|turn|20
|
|t:|1757870000
|switch|p1a: Zamazenta|Zamazenta|78/100
|-damage|p1a: Zamazenta|72/100|[from] Stealth Rock
|move|p2a: Kingambit|Kowtow Cleave|p1a: Zamazenta
|-resisted|p1a: Zamazenta
|-damage|p1a: Zamazenta|52/100
|
|-heal|p1a: Zamazenta|58/100|[from] item: Leftovers
|-heal|p2a: Kingambit|19/100|[from] item: Leftovers
|upkeep
|turn|21
|
|t:|1757870004
|-end|p2a: Kingambit|fallenundefined|[silent]
|switch|p2a: Hydrapple|Hydrapple, F|100/100
|move|p1a: Zamazenta|Body Press|p2a: Hydrapple
|-damage|p2a: Hydrapple|82/100
|
|-heal|p1a: Zamazenta|64/100|[from] item: Leftovers
|upkeep
|turn|22
|
|t:|1757870008
|switch|p1a: Great Tusk|Great Tusk|5/100
|move|p2a: Hydrapple|Earth Power|p1a: Great Tusk
|-damage|p1a: Great Tusk|0 fnt
|faint|p1a: Great Tusk
|-end|p1a: Great Tusk|Protosynthesis|[silent]
|
|upkeep
|
|t:|1757870010
|switch|p1a: Kyurem|Kyurem|100/100
|-damage|p1a: Kyurem|76/100|[from] Stealth Rock
|-ability|p1a: Kyurem|Pressure
|turn|23
|
|t:|1757870022
|-terastallize|p2a: Hydrapple|Poison
|move|p1a: Kyurem|Icicle Spear|p2a: Hydrapple
|-damage|p2a: Hydrapple|74/100
|-damage|p2a: Hydrapple|67/100
|-damage|p2a: Hydrapple|59/100
|-damage|p2a: Hydrapple|50/100
|-hitcount|p2a: Hydrapple|4
|move|p2a: Hydrapple|Fickle Beam|p1a: Kyurem
|-supereffective|p1a: Kyurem
|-damage|p1a: Kyurem|8/100
|
|upkeep
|turn|24
|
|t:|1757870049
|switch|p2a: Slowking|Slowking-Galar, F|39/100
|-damage|p2a: Slowking|27/100|[from] Stealth Rock
|move|p1a: Kyurem|Icicle Spear|p2a: Slowking
|-damage|p2a: Slowking|13/100
|-damage|p2a: Slowking|0 fnt
|faint|p2a: Slowking
|-hitcount|p2: Slowking|2
|
|upkeep
|
|t:|1757870053
|switch|p2a: Jolteon|Jolteon, M|100/100
|turn|25
|
|t:|1757870058
|move|p2a: Jolteon|Thunderbolt|p1a: Kyurem
|-resisted|p1a: Kyurem
|-damage|p1a: Kyurem|0 fnt
|faint|p1a: Kyurem
|
|upkeep
|
|t:|1757870078
|switch|p1a: Dragonite|Dragonite, F|100/100
|turn|26
|
|t:|1757870088
|move|p2a: Jolteon|Volt Switch|p1a: Dragonite
|-crit|p1a: Dragonite
|-damage|p1a: Dragonite|75/100
|
|t:|1757870091
|switch|p2a: Great Tusk|Great Tusk|55/100|[from] Volt Switch
|-damage|p2a: Great Tusk|52/100|[from] Stealth Rock
|move|p1a: Dragonite|Dragon Dance|p1a: Dragonite
|-boost|p1a: Dragonite|atk|1
|-boost|p1a: Dragonite|spe|1
|
|upkeep
|turn|27
|
|t:|1757870109
|-terastallize|p1a: Dragonite|Flying
|move|p1a: Dragonite|Tera Blast|p2a: Great Tusk|[anim] Tera Blast Flying
|-supereffective|p2a: Great Tusk
|-damage|p2a: Great Tusk|0 fnt
|faint|p2a: Great Tusk
|-end|p2a: Great Tusk|Protosynthesis|[silent]
|
|upkeep
|
|t:|1757870120
|switch|p2a: Hydrapple|Hydrapple, F, tera:Poison|84/100
|turn|28
|
|t:|1757870127
|move|p1a: Dragonite|Roost|p1a: Dragonite
|-heal|p1a: Dragonite|100/100
|-hint|If a Terastallized Pokemon uses Roost, it remains Flying-type.
|move|p2a: Hydrapple|Fickle Beam|p1a: Dragonite
|-damage|p1a: Dragonite|84/100
|
|upkeep
|turn|29
|
|t:|1757870133
|move|p1a: Dragonite|Dragon Dance|p1a: Dragonite
|-boost|p1a: Dragonite|atk|1
|-boost|p1a: Dragonite|spe|1
|move|p2a: Hydrapple|Nasty Plot|p2a: Hydrapple
|-boost|p2a: Hydrapple|spa|2
|
|upkeep
|turn|30
|
|t:|1757870137
|move|p1a: Dragonite|Earthquake|p2a: Hydrapple
|-supereffective|p2a: Hydrapple
|-damage|p2a: Hydrapple|0 fnt
|faint|p2a: Hydrapple
|
|upkeep
|
|t:|1757870140
|switch|p2a: Moltres|Moltres|41/100
|turn|31
|
|t:|1757870143
|move|p1a: Dragonite|Tera Blast|p2a: Moltres|[anim] Tera Blast Flying
|-damage|p2a: Moltres|0 fnt
|faint|p2a: Moltres
|
|upkeep
|
|t:|1757870144
|switch|p2a: Kingambit|Kingambit, F|19/100
|-damage|p2a: Kingambit|13/100|[from] Stealth Rock
|-activate|p2a: Kingambit|ability: Supreme Overlord
|-start|p2a: Kingambit|fallen4|[silent]
|turn|32
|
|t:|1757870148
|move|p2a: Kingambit|Sucker Punch|p1a: Dragonite
|-damage|p1a: Dragonite|17/100
|move|p1a: Dragonite|Earthquake|p2a: Kingambit
|-supereffective|p2a: Kingambit
|-damage|p2a: Kingambit|0 fnt
|faint|p2a: Kingambit
|-end|p2a: Kingambit|fallen4|[silent]
|
|upkeep
|
|t:|1757870150
|switch|p2a: Jolteon|Jolteon, M|100/100
|turn|33
|
|t:|1757870153
|move|p1a: Dragonite|Earthquake|p2a: Jolteon
|-supereffective|p2a: Jolteon
|-damage|p2a: Jolteon|0 fnt
|faint|p2a: Jolteon
|
|win|1shy9
|raw|1shy9's rating: 1660 &rarr; <strong>1677</strong><br />(+17 for winning)
|raw|High Mighty Weasel's rating: 1609 &rarr; <strong>1592</strong><br />(-17 for losing)
|l|☆High Mighty Weasel
|player|p2|
|l|‽1shy9
|player|p1|
