|j|☆Holy Miasma
|j|☆Shad0x YT
|t:|1757920752
|gametype|singles
|player|p1|Holy Miasma|policeman-gen4|1257
|player|p2|Shad0x YT|elesa|1269
|gen|9
|tier|[Gen 9] OU
|rated|
|rule|HP Percentage Mod: HP is shown in percentages
|rule|Endless Battle Clause: Forcing endless battles is banned
|rule|Species Clause: Limit one of each Pokémon
|rule|OHKO Clause: OHKO moves are banned
|rule|Evasion Items Clause: Evasion items are banned
|rule|Evasion Moves Clause: Evasion moves are banned
|rule|Evasion Abilities Clause: Evasion abilities are banned
|rule|Sleep Moves Clause: Sleep-inducing moves are banned
|clearpoke
|poke|p1|Bellibolt, F|
|poke|p1|Hatterene, F|
|poke|p1|Latias, F|
|poke|p1|Meowscarada, F|
|poke|p1|Grimmsnarl, M|
|poke|p1|Kingambit, F|
|poke|p2|Ribombee, F|
|poke|p2|Great Tusk|
|poke|p2|Landorus-Therian, M|
|poke|p2|Kingambit, F|
|poke|p2|Ogerpon-Wellspring, F|
|poke|p2|Dragapult, F|
|teampreview
|inactive|Battle timer is ON: inactive players will automatically lose when time's up. (requested by Holy Miasma)
|
|t:|1757920773
|teamsize|p1|6
|teamsize|p2|6
|start
|switch|p1a: Grimmsnarl|Grimmsnarl, M|100/100
|switch|p2a: Great Tusk|Great Tusk|100/100
|turn|1
|
|t:|1757920779
|move|p1a: Grimmsnarl|Reflect|p1a: Grimmsnarl
|-sidestart|p1: Holy Miasma|Reflect
|move|p2a: Great Tusk|Stealth Rock|p1a: Grimmsnarl
|-sidestart|p1: Holy Miasma|move: Stealth Rock
|
|upkeep
|turn|2
|
|t:|1757920799
|-end|p2a: Great Tusk|Protosynthesis|[silent]
|switch|p2a: Ribombee|Ribombee, F, shiny|100/100
|move|p1a: Grimmsnarl|Light Screen|p1a: Grimmsnarl
|-sidestart|p1: Holy Miasma|move: Light Screen
|
|upkeep
|turn|3
|
|t:|1757920803
|move|p1a: Grimmsnarl|Parting Shot|p2a: Ribombee
|-unboost|p2a: Ribombee|atk|1
|-unboost|p2a: Ribombee|spa|1
|
|t:|1757920807
|switch|p1a: Latias|Latias, F|100/100|[from] Parting Shot
|-damage|p1a: Latias|88/100|[from] Stealth Rock
|move|p2a: Ribombee|Sticky Web|p1a: Latias
|-sidestart|p1: Holy Miasma|move: Sticky Web
|
|upkeep
|turn|4
|
|t:|1757920812
|move|p2a: Ribombee|Moonblast|p1a: Latias
|-supereffective|p1a: Latias
|-damage|p1a: Latias|63/100
|-enditem|p1a: Latias|Weakness Policy
|-boost|p1a: Latias|atk|2|[from] item: Weakness Policy
|-boost|p1a: Latias|spa|2|[from] item: Weakness Policy
|move|p1a: Latias|Agility|p1a: Latias
|-boost|p1a: Latias|spe|2
|
|upkeep
|turn|5
|
|t:|1757920825
|-terastallize|p1a: Latias|Fairy
|move|p1a: Latias|Calm Mind|p1a: Latias
|-boost|p1a: Latias|spa|1
|-boost|p1a: Latias|spd|1
|move|p2a: Ribombee|Stun Spore|p1a: Latias|[miss]
|-miss|p2a: Ribombee|p1a: Latias
|
|upkeep
|turn|6
|
|t:|1757920832
|move|p1a: Latias|Stored Power|p2a: Ribombee
|-enditem|p2a: Ribombee|Focus Sash
|-damage|p2a: Ribombee|1/100
|move|p2a: Ribombee|Stun Spore|p1a: Latias
|-status|p1a: Latias|par
|
|upkeep
|turn|7
|
|t:|1757920840
|move|p2a: Ribombee|Psychic Noise|p1a: Latias
|-damage|p1a: Latias|59/100 par
|-start|p1a: Latias|move: Heal Block
|cant|p1a: Latias|par
|
|upkeep
|turn|8
|
|t:|1757920855
|switch|p2a: Kingambit|Kingambit, F|100/100
|cant|p1a: Latias|par
|
|-end|p1a: Latias|move: Heal Block
|-sideend|p1: Holy Miasma|Reflect
|upkeep
|turn|9
|
|t:|1757920862
|move|p1a: Latias|Agility|p1a: Latias
|-boost|p1a: Latias|spe|2
|move|p2a: Kingambit|Iron Head|p1a: Latias
|-supereffective|p1a: Latias
|-damage|p1a: Latias|0 fnt
|faint|p1a: Latias
|
|-sideend|p1: Holy Miasma|move: Light Screen
|upkeep
|
|t:|1757920870
|switch|p1a: Hatterene|Hatterene, F|100/100
|-damage|p1a: Hatterene|88/100|[from] Stealth Rock
|-activate|p1a: Hatterene|move: Sticky Web
|-unboost|p1a: Hatterene|spe|1
|turn|10
|
|t:|1757920883
|-end|p2a: Kingambit|fallenundefined|[silent]
|switch|p2a: Ribombee|Ribombee, F, shiny|1/100
|move|p1a: Hatterene|Trick Room|p1a: Hatterene
|-fieldstart|move: Trick Room|[of] p1a: Hatterene
|
|upkeep
|turn|11
|
|t:|1757920889
|move|p1a: Hatterene|Mystical Fire|p2a: Ribombee
|-supereffective|p2a: Ribombee
|-damage|p2a: Ribombee|0 fnt
|faint|p2a: Ribombee
|
|upkeep
|
|t:|1757920918
|switch|p2a: Landorus|Landorus-Therian, M, shiny|100/100
|-ability|p2a: Landorus|Intimidate|boost
|-unboost|p1a: Hatterene|atk|1
|turn|12
|
|t:|1757920925
|move|p1a: Hatterene|Psychic|p2a: Landorus
|-damage|p2a: Landorus|36/100
|move|p2a: Landorus|Earthquake|p1a: Hatterene
|-damage|p1a: Hatterene|30/100
|
|upkeep
|turn|13
|
|t:|1757920932
|move|p1a: Hatterene|Psychic|p2a: Landorus
|-damage|p2a: Landorus|0 fnt
|faint|p2a: Landorus
|
|upkeep
|inactive|Shad0x YT has 120 seconds left.
|
|t:|1757920958
|switch|p2a: Great Tusk|Great Tusk|100/100
|turn|14
|
|t:|1757920961
|-end|p2a: Great Tusk|Protosynthesis|[silent]
|switch|p2a: Kingambit|Kingambit, F|100/100
|-activate|p2a: Kingambit|ability: Supreme Overlord
|-start|p2a: Kingambit|fallen2|[silent]
|move|p1a: Hatterene|Psychic|p2a: Kingambit
|-immune|p2a: Kingambit
|
|-fieldend|move: Trick Room
|upkeep
|turn|15
|
|t:|1757920980
|move|p2a: Kingambit|Iron Head|p1a: Hatterene
|-supereffective|p1a: Hatterene
|-damage|p1a: Hatterene|0 fnt
|faint|p1a: Hatterene
|
|upkeep
|
|t:|1757920985
|switch|p1a: Kingambit|Kingambit, F|100/100
|-damage|p1a: Kingambit|94/100|[from] Stealth Rock
|-activate|p1a: Kingambit|move: Sticky Web
|-unboost|p1a: Kingambit|spe|1
|-ability|p1a: Kingambit|Defiant|boost
|-boost|p1a: Kingambit|atk|2
|turn|16
|inactive|Shad0x YT has 120 seconds left.
|
|t:|1757921016
|move|p2a: Kingambit|Iron Head|p1a: Kingambit
|-resisted|p1a: Kingambit
|-damage|p1a: Kingambit|73/100
|cant|p1a: Kingambit|flinch
|
|upkeep
|turn|17
|
|t:|1757921022
|move|p2a: Kingambit|Iron Head|p1a: Kingambit
|-resisted|p1a: Kingambit
|-damage|p1a: Kingambit|52/100
|move|p1a: Kingambit|Low Kick|p2a: Kingambit
|-supereffective|p2a: Kingambit
|-damage|p2a: Kingambit|0 fnt
|faint|p2a: Kingambit
|-end|p2a: Kingambit|fallen2|[silent]
|
|upkeep
|inactive|Shad0x YT has 120 seconds left.
|
|t:|1757921029
|switch|p2a: Great Tusk|Great Tusk|100/100
|turn|18
|
|t:|1757921039
|move|p2a: Great Tusk|Headlong Rush|p1a: Kingambit
|-supereffective|p1a: Kingambit
|-damage|p1a: Kingambit|0 fnt
|-unboost|p2a: Great Tusk|def|1
|-unboost|p2a: Great Tusk|spd|1
|faint|p1a: Kingambit
|
|upkeep
|
|t:|1757921045
|switch|p1a: Grimmsnarl|Grimmsnarl, M|100/100
|-damage|p1a: Grimmsnarl|88/100|[from] Stealth Rock
|-activate|p1a: Grimmsnarl|move: Sticky Web
|-unboost|p1a: Grimmsnarl|spe|1
|turn|19
|
|t:|1757921064
|move|p1a: Grimmsnarl|Reflect|p1a: Grimmsnarl
|-sidestart|p1: Holy Miasma|Reflect
|move|p2a: Great Tusk|Rapid Spin|p1a: Grimmsnarl
|-damage|p1a: Grimmsnarl|81/100
|-boost|p2a: Great Tusk|spe|1
|
|upkeep
|turn|20
|
|t:|1757921076
|move|p2a: Great Tusk|Headlong Rush|p1a: Grimmsnarl
|-damage|p1a: Grimmsnarl|57/100
|-unboost|p2a: Great Tusk|def|1
|-unboost|p2a: Great Tusk|spd|1
|move|p1a: Grimmsnarl|Spirit Break|p2a: Great Tusk
|-supereffective|p2a: Great Tusk
|-damage|p2a: Great Tusk|31/100
|-unboost|p2a: Great Tusk|spa|1
|-damage|p1a: Grimmsnarl|41/100|[from] item: Rocky Helmet|[of] p2a: Great Tusk
|
|upkeep
|turn|21
|
|t:|1757921097
|move|p1a: Grimmsnarl|Parting Shot|p2a: Great Tusk
|-unboost|p2a: Great Tusk|atk|1
|-unboost|p2a: Great Tusk|spa|1
|
|t:|1757921105
|switch|p1a: Bellibolt|Bellibolt, F|100/100|[from] Parting Shot
|-damage|p1a: Bellibolt|88/100|[from] Stealth Rock
|-activate|p1a: Bellibolt|move: Sticky Web
|-unboost|p1a: Bellibolt|spe|1
|move|p2a: Great Tusk|Headlong Rush|p1a: Bellibolt
|-supereffective|p1a: Bellibolt
|-damage|p1a: Bellibolt|59/100
|-unboost|p2a: Great Tusk|def|1
|-unboost|p2a: Great Tusk|spd|1
|-start|p1a: Bellibolt|Charge|Headlong Rush|[from] ability: Electromorphosis
|
|upkeep
|turn|22
|
|t:|1757921118
|move|p2a: Great Tusk|Headlong Rush|p1a: Bellibolt
|-supereffective|p1a: Bellibolt
|-damage|p1a: Bellibolt|31/100
|-unboost|p2a: Great Tusk|def|1
|-unboost|p2a: Great Tusk|spd|1
|-start|p1a: Bellibolt|Charge|Headlong Rush|[from] ability: Electromorphosis
|move|p1a: Bellibolt|Toxic|p2a: Great Tusk
|-status|p2a: Great Tusk|tox
|
|-damage|p2a: Great Tusk|25/100 tox|[from] psn
|upkeep
|turn|23
|
|t:|1757921128
|switch|p1a: Grimmsnarl|Grimmsnarl, M|41/100
|-damage|p1a: Grimmsnarl|28/100|[from] Stealth Rock
|-activate|p1a: Grimmsnarl|move: Sticky Web
|-unboost|p1a: Grimmsnarl|spe|1
|move|p2a: Great Tusk|Headlong Rush|p1a: Grimmsnarl
|-damage|p1a: Grimmsnarl|10/100
|-unboost|p2a: Great Tusk|def|1
|-unboost|p2a: Great Tusk|spd|1
|
|-damage|p2a: Great Tusk|12/100 tox|[from] psn
|upkeep
|turn|24
|
|t:|1757921140
|move|p2a: Great Tusk|Headlong Rush|p1a: Grimmsnarl
|-damage|p1a: Grimmsnarl|0 fnt
|-unboost|p2a: Great Tusk|def|1
|-unboost|p2a: Great Tusk|spd|1
|faint|p1a: Grimmsnarl
|
|-damage|p2a: Great Tusk|0 fnt|[from] psn
|faint|p2a: Great Tusk
|-end|p2a: Great Tusk|Protosynthesis|[silent]
|upkeep
|
|t:|1757921161
|switch|p2a: Ogerpon|Ogerpon-Wellspring, F|100/100
|switch|p1a: Bellibolt|Bellibolt, F|31/100
|-damage|p1a: Bellibolt|18/100|[from] Stealth Rock
|-activate|p1a: Bellibolt|move: Sticky Web
|-unboost|p1a: Bellibolt|spe|1
|turn|25
|
|t:|1757921169
|move|p2a: Ogerpon|Ivy Cudgel|p1a: Bellibolt|[anim] Ivy Cudgel Water
|-damage|p1a: Bellibolt|0 fnt
|faint|p1a: Bellibolt
|
|upkeep
|
|t:|1757921173
|switch|p1a: Meowscarada|Meowscarada, F|100/100
|-damage|p1a: Meowscarada|88/100|[from] Stealth Rock
|-activate|p1a: Meowscarada|move: Sticky Web
|-unboost|p1a: Meowscarada|spe|1
|turn|26
|
|t:|1757921182
|move|p2a: Ogerpon|Knock Off|p1a: Meowscarada
|-resisted|p1a: Meowscarada
|-crit|p1a: Meowscarada
|-damage|p1a: Meowscarada|47/100
|-enditem|p1a: Meowscarada|Choice Band|[from] move: Knock Off|[of] p2a: Ogerpon
|move|p1a: Meowscarada|Flower Trick|p2a: Ogerpon
|-start|p1a: Meowscarada|typechange|Grass|[from] ability: Protean
|-crit|p2a: Ogerpon
|-damage|p2a: Ogerpon|35/100
|
|-sideend|p1: Holy Miasma|Reflect
|upkeep
|turn|27
|
|t:|1757921193
|move|p2a: Ogerpon|Knock Off|p1a: Meowscarada
|-damage|p1a: Meowscarada|5/100
|move|p1a: Meowscarada|Flower Trick|p2a: Ogerpon
|-crit|p2a: Ogerpon
|-damage|p2a: Ogerpon|0 fnt
|faint|p2a: Ogerpon
|
|upkeep
|
|t:|1757921197
|switch|p2a: Dragapult|Dragapult, F, shiny|100/100
|turn|28
|
|t:|1757921204
|move|p2a: Dragapult|Shadow Ball|p1a: Meowscarada
|-damage|p1a: Meowscarada|0 fnt
|faint|p1a: Meowscarada
|
|win|Shad0x YT
|raw|Holy Miasma's rating: 1257 &rarr; <strong>1233</strong><br />(-24 for losing)
|raw|Shad0x YT's rating: 1269 &rarr; <strong>1293</strong><br />(+24 for winning)
|l|☆Shad0x YT
|player|p2|
|l|☆Holy Miasma
|player|p1|
