|j|☆jushu
|j|☆drop a baby
|t:|1757797305
|gametype|singles
|player|p1|jushu|dawn-gen4pt|1681
|player|p2|drop a baby|chase|1779
|gen|9
|tier|[Gen 9] OU
|rated|
|rule|HP Percentage Mod: HP is shown in percentages
|rule|Endless Battle Clause: Forcing endless battles is banned
|rule|Species Clause: Limit one of each Pokémon
|rule|OHKO Clause: OHKO moves are banned
|rule|Evasion Items Clause: Evasion items are banned
|rule|Evasion Moves Clause: Evasion moves are banned
|rule|Evasion Abilities Clause: Evasion abilities are banned
|rule|Sleep Moves Clause: Sleep-inducing moves are banned
|clearpoke
|poke|p1|Indeedee, M|
|poke|p1|Hatterene, F|
|poke|p1|Ursaluna, F|
|poke|p1|Iron Hands|
|poke|p1|Hoopa-Unbound|
|poke|p1|Mimikyu, F|
|poke|p2|Iron Moth|
|poke|p2|Kingambit, M|
|poke|p2|Dragonite, F|
|poke|p2|Ogerpon-Cornerstone, F|
|poke|p2|Iron Valiant|
|poke|p2|Raging Bolt|
|teampreview
|inactive|Battle timer is ON: inactive players will automatically lose when time's up. (requested by jushu)
|
|t:|1757797321
|teamsize|p1|6
|teamsize|p2|6
|start
|switch|p1a: Subaru|Indeedee, M|100/100
|switch|p2a: Iron Valiant|Iron Valiant|100/100
|-fieldstart|move: Psychic Terrain|[from] ability: Psychic Surge|[of] p1a: Subaru
|-enditem|p2a: Iron Valiant|Booster Energy
|-activate|p2a: Iron Valiant|ability: Quark Drive|[fromitem]
|-start|p2a: Iron Valiant|quarkdrivespe
|turn|1
|j| hdgsudndgs
|
|t:|1757797325
|move|p2a: Iron Valiant|Knock Off|p1a: Subaru
|-supereffective|p1a: Subaru
|-damage|p1a: Subaru|27/100
|-enditem|p1a: Subaru|Terrain Extender|[from] move: Knock Off|[of] p2a: Iron Valiant
|move|p1a: Subaru|Trick Room|p1a: Subaru
|-fieldstart|move: Trick Room|[of] p1a: Subaru
|
|upkeep
|turn|2
|
|t:|1757797330
|-end|p2a: Iron Valiant|Quark Drive|[silent]
|switch|p2a: Kingambit|Kingambit, M|100/100
|move|p1a: Subaru|Healing Wish|p1a: Subaru
|faint|p1a: Subaru
|
|upkeep
|
|t:|1757797334
|switch|p1a: King Von|Hoopa-Unbound|100/100
|-enditem|p1a: King Von|Psychic Seed
|-boost|p1a: King Von|spd|1|[from] item: Psychic Seed
|turn|3
|
|t:|1757797338
|-end|p2a: Kingambit|fallenundefined|[silent]
|switch|p2a: Iron Valiant|Iron Valiant|100/100
|move|p1a: King Von|Focus Blast|p2a: Iron Valiant
|-resisted|p2a: Iron Valiant
|-damage|p2a: Iron Valiant|49/100
|
|upkeep
|turn|4
|
|t:|1757797350
|-end|p2a: Iron Valiant|Quark Drive|[silent]
|switch|p2a: Iron Moth|Iron Moth|100/100
|-enditem|p2a: Iron Moth|Booster Energy
|-activate|p2a: Iron Moth|ability: Quark Drive|[fromitem]
|-start|p2a: Iron Moth|quarkdrivespe
|move|p1a: King Von|Expanding Force|p2a: Iron Moth
|-supereffective|p2a: Iron Moth
|-damage|p2a: Iron Moth|0 fnt
|faint|p2a: Iron Moth
|-end|p2a: Iron Moth|Quark Drive|[silent]
|
|upkeep
|
|t:|1757797358
|switch|p2a: Iron Valiant|Iron Valiant|49/100
|turn|5
|
|t:|1757797363
|move|p1a: King Von|Expanding Force|p2a: Iron Valiant
|-supereffective|p2a: Iron Valiant
|-damage|p2a: Iron Valiant|0 fnt
|faint|p2a: Iron Valiant
|-end|p2a: Iron Valiant|Quark Drive|[silent]
|
|-fieldend|move: Trick Room
|upkeep
|
|t:|1757797365
|switch|p2a: Ogerpon|Ogerpon-Cornerstone, F|100/100
|turn|6
|
|t:|1757797368
|move|p2a: Ogerpon|Power Whip|p1a: King Von
|-damage|p1a: King Von|0 fnt
|faint|p1a: King Von
|
|upkeep
|j| Little Cuack
|
|t:|1757797375
|switch|p1a: Mimi|Mimikyu, F, shiny|100/100
|turn|7
|
|t:|1757797378
|move|p2a: Ogerpon|Ivy Cudgel|p1a: Mimi|[anim] Ivy Cudgel Rock
|-activate|p1a: Mimi|ability: Disguise
|-damage|p1a: Mimi|100/100
|detailschange|p1a: Mimi|Mimikyu-Busted, F, shiny
|-damage|p1a: Mimi|88/100|[from] pokemon: Mimikyu-Busted
|-enditem|p1a: Mimi|Red Card|[of] p2a: Ogerpon
|drag|p2a: Raging Bolt|Raging Bolt|100/100
|-enditem|p2a: Raging Bolt|Booster Energy
|-activate|p2a: Raging Bolt|ability: Protosynthesis|[fromitem]
|-start|p2a: Raging Bolt|protosynthesisspa
|move|p1a: Mimi|Trick Room|p1a: Mimi
|-fieldstart|move: Trick Room|[of] p1a: Mimi
|
|upkeep
|turn|8
|
|t:|1757797382
|move|p1a: Mimi|Curse|p2a: Raging Bolt
|-start|p2a: Raging Bolt|Curse|[of] p1a: Mimi
|-damage|p1a: Mimi|38/100
|move|p2a: Raging Bolt|Thunderbolt|p1a: Mimi
|-damage|p1a: Mimi|0 fnt
|faint|p1a: Mimi
|
|-damage|p2a: Raging Bolt|76/100|[from] Curse
|-fieldend|move: Psychic Terrain
|upkeep
|
|t:|1757797386
|switch|p1a: Crashout YN|Ursaluna, F, shiny|100/100
|turn|9
|
|t:|1757797389
|move|p1a: Crashout YN|Headlong Rush|p2a: Raging Bolt
|-supereffective|p2a: Raging Bolt
|-damage|p2a: Raging Bolt|0 fnt
|-unboost|p1a: Crashout YN|def|1
|-unboost|p1a: Crashout YN|spd|1
|faint|p2a: Raging Bolt
|-end|p2a: Raging Bolt|Protosynthesis|[silent]
|
|-status|p1a: Crashout YN|brn|[from] item: Flame Orb
|upkeep
|
|t:|1757797392
|switch|p2a: Ogerpon|Ogerpon-Cornerstone, F|100/100
|turn|10
|
|t:|1757797397
|move|p1a: Crashout YN|Ice Punch|p2a: Ogerpon
|-supereffective|p2a: Ogerpon
|-ability|p2a: Ogerpon|Sturdy
|-damage|p2a: Ogerpon|1/100
|move|p2a: Ogerpon|Power Whip|p1a: Crashout YN
|-supereffective|p1a: Crashout YN
|-damage|p1a: Crashout YN|0 fnt
|faint|p1a: Crashout YN
|
|upkeep
|
|t:|1757797409
|switch|p1a: Satella|Hatterene, F, shiny|100/100
|turn|11
|
|t:|1757797415
|move|p1a: Satella|Draining Kiss|p2a: Ogerpon
|-damage|p2a: Ogerpon|0 fnt
|faint|p2a: Ogerpon
|-damage|p1a: Satella|91/100|[from] item: Life Orb
|
|-fieldend|move: Trick Room
|upkeep
|
|t:|1757797421
|switch|p2a: Kingambit|Kingambit, M|100/100
|-activate|p2a: Kingambit|ability: Supreme Overlord
|-start|p2a: Kingambit|fallen4|[silent]
|turn|12
|
|t:|1757797425
|switch|p1a: LEBRON|Iron Hands, shiny|100/100
|-enditem|p1a: LEBRON|Booster Energy
|-activate|p1a: LEBRON|ability: Quark Drive|[fromitem]
|-start|p1a: LEBRON|quarkdriveatk
|-terastallize|p2a: Kingambit|Fairy
|move|p2a: Kingambit|Swords Dance|p2a: Kingambit
|-boost|p2a: Kingambit|atk|2
|
|upkeep
|turn|13
|
|t:|1757797430
|move|p2a: Kingambit|Tera Blast|p1a: LEBRON|[anim] Tera Blast Fairy
|-supereffective|p1a: LEBRON
|-damage|p1a: LEBRON|0 fnt
|faint|p1a: LEBRON
|-end|p1a: LEBRON|Quark Drive|[silent]
|
|upkeep
|-message|jushu forfeited.
|
|win|drop a baby
|raw|jushu's rating: 1681 &rarr; <strong>1666</strong><br />(-15 for losing)
|raw|drop a baby's rating: 1779 &rarr; <strong>1794</strong><br />(+15 for winning)
|l|☆jushu
|player|p1|
|l| Little Cuack
|l|☆drop a baby
|player|p2|
