|j|☆rustyaftergen4
|j|☆Us sad
|t:|1757863080
|gametype|singles
|player|p1|rustyaftergen4|benga|1397
|player|p2|Us sad|102|1369
|gen|9
|tier|[Gen 9] OU
|rated|
|rule|HP Percentage Mod: HP is shown in percentages
|rule|Endless Battle Clause: Forcing endless battles is banned
|rule|Species Clause: Limit one of each Pokémon
|rule|OHKO Clause: OHKO moves are banned
|rule|Evasion Items Clause: Evasion items are banned
|rule|Evasion Moves Clause: Evasion moves are banned
|rule|Evasion Abilities Clause: Evasion abilities are banned
|rule|Sleep Moves Clause: Sleep-inducing moves are banned
|clearpoke
|poke|p1|Dragonite, M|
|poke|p1|Heatran, M|
|poke|p1|Landorus-Therian, M|
|poke|p1|Manaphy|
|poke|p1|Kyurem|
|poke|p1|Breloom, F|
|poke|p2|Iron Treads|
|poke|p2|Walking Wake|
|poke|p2|Clefable, F|
|poke|p2|Meowscarada, F|
|poke|p2|Moltres|
|poke|p2|Pecharunt|
|teampreview
|
|t:|1757863088
|teamsize|p1|6
|teamsize|p2|6
|start
|switch|p1a: Kyurem|Kyurem|100/100
|switch|p2a: Walking Wake|Walking Wake|100/100
|-ability|p1a: Kyurem|Pressure
|turn|1
|inactive|Battle timer is ON: inactive players will automatically lose when time's up. (requested by Us sad)
|
|t:|1757863106
|-terastallize|p1a: Kyurem|Electric
|move|p2a: Walking Wake|Draco Meteor|p1a: Kyurem
|-damage|p1a: Kyurem|7/100
|-unboost|p2a: Walking Wake|spa|2
|move|p1a: Kyurem|Dragon Dance|p1a: Kyurem
|-boost|p1a: Kyurem|atk|1
|-boost|p1a: Kyurem|spe|1
|
|upkeep
|turn|2
|
|t:|1757863124
|-end|p2a: Walking Wake|Protosynthesis|[silent]
|switch|p2a: Iron Treads|Iron Treads|100/100
|move|p1a: Kyurem|Scale Shot|p2a: Iron Treads
|-resisted|p2a: Iron Treads
|-damage|p2a: Iron Treads|90/100
|-resisted|p2a: Iron Treads
|-damage|p2a: Iron Treads|81/100
|-resisted|p2a: Iron Treads
|-damage|p2a: Iron Treads|71/100
|-resisted|p2a: Iron Treads
|-damage|p2a: Iron Treads|62/100
|-hitcount|p2a: Iron Treads|4
|-unboost|p1a: Kyurem|def|1
|-boost|p1a: Kyurem|spe|1
|
|-heal|p2a: Iron Treads|68/100|[from] item: Leftovers
|upkeep
|turn|3
|
|t:|1757863141
|-terastallize|p2a: Iron Treads|Ghost
|move|p1a: Kyurem|Icicle Spear|p2a: Iron Treads
|-damage|p2a: Iron Treads|50/100
|-damage|p2a: Iron Treads|31/100
|-damage|p2a: Iron Treads|12/100
|-damage|p2a: Iron Treads|0 fnt
|faint|p2a: Iron Treads
|-end|p2a: Iron Treads|Quark Drive|[silent]
|-hitcount|p2: Iron Treads|4
|
|upkeep
|
|t:|1757863146
|switch|p2a: Moltres|Moltres|100/100
|turn|4
|
|t:|1757863154
|move|p1a: Kyurem|Icicle Spear|p2a: Moltres
|-crit|p2a: Moltres
|-damage|p2a: Moltres|75/100
|-damage|p2a: Moltres|60/100
|-damage|p2a: Moltres|42/100
|-damage|p2a: Moltres|25/100
|-hitcount|p2a: Moltres|4
|move|p2a: Moltres|Flamethrower|p1a: Kyurem
|-damage|p1a: Kyurem|0 fnt
|faint|p1a: Kyurem
|
|upkeep
|
|t:|1757863164
|switch|p1a: Heatran|Heatran, M|100/100
|turn|5
|
|t:|1757863169
|move|p2a: Moltres|Roost|p2a: Moltres
|-heal|p2a: Moltres|75/100
|-singleturn|p2a: Moltres|move: Roost
|move|p1a: Heatran|Magma Storm|p2a: Moltres
|-resisted|p2a: Moltres
|-damage|p2a: Moltres|58/100
|-activate|p2a: Moltres|move: Magma Storm|[of] p1a: Heatran
|
|-damage|p2a: Moltres|45/100|[from] move: Magma Storm|[partiallytrapped]
|upkeep
|turn|6
|
|t:|1757863180
|move|p1a: Heatran|Earth Power|p2a: Moltres
|-immune|p2a: Moltres
|move|p2a: Moltres|Roar|p1a: Heatran
|drag|p1a: Landorus|Landorus-Therian, M|100/100
|-ability|p1a: Landorus|Intimidate|boost
|-unboost|p2a: Moltres|atk|1
|
|-end|p2a: Moltres|Magma Storm|[partiallytrapped]|[silent]
|upkeep
|turn|7
|
|t:|1757863189
|move|p1a: Landorus|Rock Tomb|p2a: Moltres
|-supereffective|p2a: Moltres
|-damage|p2a: Moltres|0 fnt
|faint|p2a: Moltres
|
|upkeep
|
|t:|1757863194
|switch|p2a: Meowscarada|Meowscarada, F|100/100
|turn|8
|inactive|rustyaftergen4 has 120 seconds left.
|
|t:|1757863249
|switch|p1a: Heatran|Heatran, M|100/100
|move|p2a: Meowscarada|Knock Off|p1a: Heatran
|-start|p2a: Meowscarada|typechange|Dark|[from] ability: Protean
|-damage|p1a: Heatran|65/100
|-enditem|p1a: Heatran|Heavy-Duty Boots|[from] move: Knock Off|[of] p2a: Meowscarada
|
|upkeep
|turn|9
|
|t:|1757863261
|move|p2a: Meowscarada|U-turn|p1a: Heatran
|-resisted|p1a: Heatran
|-damage|p1a: Heatran|60/100
|
|t:|1757863263
|switch|p2a: Walking Wake|Walking Wake|100/100|[from] U-turn
|move|p1a: Heatran|Magma Storm|p2a: Walking Wake
|-resisted|p2a: Walking Wake
|-damage|p2a: Walking Wake|87/100
|-activate|p2a: Walking Wake|move: Magma Storm|[of] p1a: Heatran
|
|-damage|p2a: Walking Wake|75/100|[from] move: Magma Storm|[partiallytrapped]
|upkeep
|turn|10
|
|t:|1757863272
|move|p1a: Heatran|Protect|p1a: Heatran
|-singleturn|p1a: Heatran|Protect
|move|p2a: Walking Wake|Hydro Steam|p1a: Heatran
|-activate|p1a: Heatran|move: Protect
|
|-damage|p2a: Walking Wake|63/100|[from] move: Magma Storm|[partiallytrapped]
|upkeep
|turn|11
|inactive|rustyaftergen4 has 120 seconds left.
|
|t:|1757863284
|switch|p1a: Breloom|Breloom, F|100/100
|move|p2a: Walking Wake|Hydro Steam|p1a: Breloom
|-resisted|p1a: Breloom
|-damage|p1a: Breloom|56/100
|
|-end|p2a: Walking Wake|Magma Storm|[partiallytrapped]|[silent]
|-status|p1a: Breloom|tox|[from] item: Toxic Orb
|upkeep
|turn|12
|inactive|rustyaftergen4 has 120 seconds left.
|
|t:|1757863303
|-end|p2a: Walking Wake|Protosynthesis|[silent]
|switch|p2a: Meowscarada|Meowscarada, F|100/100
|move|p1a: Breloom|Rock Tomb|p2a: Meowscarada
|-damage|p2a: Meowscarada|62/100
|-unboost|p2a: Meowscarada|spe|1
|
|-heal|p1a: Breloom|68/100 tox|[from] ability: Poison Heal
|upkeep
|turn|13
|
|t:|1757863311
|switch|p2a: Pecharunt|Pecharunt|100/100
|move|p1a: Breloom|Mach Punch|p2a: Pecharunt
|-immune|p2a: Pecharunt
|
|-heal|p1a: Breloom|80/100 tox|[from] ability: Poison Heal
|upkeep
|turn|14
|inactive|rustyaftergen4 has 120 seconds left.
|
|t:|1757863319
|move|p2a: Pecharunt|Malignant Chain|p1a: Breloom
|-supereffective|p1a: Breloom
|-damage|p1a: Breloom|0 fnt
|faint|p1a: Breloom
|
|upkeep
|inactive|rustyaftergen4 has 120 seconds left.
|
|t:|1757863327
|switch|p1a: Heatran|Heatran, M|60/100
|turn|15
|
|t:|1757863332
|move|p2a: Pecharunt|Parting Shot|p1a: Heatran
|-unboost|p1a: Heatran|atk|1
|-unboost|p1a: Heatran|spa|1
|
|t:|1757863334
|switch|p2a: Walking Wake|Walking Wake|63/100|[from] Parting Shot
|move|p1a: Heatran|Magma Storm|p2a: Walking Wake
|-resisted|p2a: Walking Wake
|-damage|p2a: Walking Wake|54/100
|-activate|p2a: Walking Wake|move: Magma Storm|[of] p1a: Heatran
|
|-damage|p2a: Walking Wake|42/100|[from] move: Magma Storm|[partiallytrapped]
|upkeep
|turn|16
|
|t:|1757863343
|move|p1a: Heatran|Protect|p1a: Heatran
|-singleturn|p1a: Heatran|Protect
|move|p2a: Walking Wake|Hydro Steam|p1a: Heatran
|-activate|p1a: Heatran|move: Protect
|
|-damage|p2a: Walking Wake|30/100|[from] move: Magma Storm|[partiallytrapped]
|upkeep
|turn|17
|
|t:|1757863350
|move|p1a: Heatran|Protect||[still]
|-fail|p1a: Heatran
|move|p2a: Walking Wake|Hydro Steam|p1a: Heatran
|-supereffective|p1a: Heatran
|-damage|p1a: Heatran|0 fnt
|faint|p1a: Heatran
|
|-end|p2a: Walking Wake|Magma Storm|[partiallytrapped]|[silent]
|upkeep
|
|t:|1757863360
|switch|p1a: Manaphy|Manaphy|100/100
|turn|18
|
|t:|1757863367
|-end|p2a: Walking Wake|Protosynthesis|[silent]
|switch|p2a: Pecharunt|Pecharunt|100/100
|move|p1a: Manaphy|Ice Beam|p2a: Pecharunt
|-damage|p2a: Pecharunt|80/100
|
|upkeep
|turn|19
|inactive|Us sad has 120 seconds left.
|
|t:|1757863413
|move|p2a: Pecharunt|Malignant Chain|p1a: Manaphy
|-damage|p1a: Manaphy|75/100
|-status|p1a: Manaphy|tox
|-start|p1a: Manaphy|confusion|[from] ability: Poison Puppeteer|[of] p2a: Pecharunt
|-activate|p1a: Manaphy|confusion
|move|p1a: Manaphy|Scald|p2a: Pecharunt
|-damage|p2a: Pecharunt|53/100
|
|-heal|p1a: Manaphy|81/100 tox|[from] item: Leftovers
|-damage|p1a: Manaphy|75/100 tox|[from] psn
|upkeep
|turn|20
|
|t:|1757863429
|move|p2a: Pecharunt|Recover|p2a: Pecharunt
|-heal|p2a: Pecharunt|100/100
|-activate|p1a: Manaphy|confusion
|move|p1a: Manaphy|Calm Mind|p1a: Manaphy
|-boost|p1a: Manaphy|spa|1
|-boost|p1a: Manaphy|spd|1
|
|-heal|p1a: Manaphy|81/100 tox|[from] item: Leftovers
|-damage|p1a: Manaphy|68/100 tox|[from] psn
|upkeep
|turn|21
|inactive|Us sad has 120 seconds left.
|
|t:|1757863437
|move|p2a: Pecharunt|Parting Shot|p1a: Manaphy
|-unboost|p1a: Manaphy|atk|1
|-unboost|p1a: Manaphy|spa|1
|
|t:|1757863441
|switch|p2a: Meowscarada|Meowscarada, F|62/100|[from] Parting Shot
|-activate|p1a: Manaphy|confusion
|move|p1a: Manaphy|Scald|p2a: Meowscarada
|-resisted|p2a: Meowscarada
|-crit|p2a: Meowscarada
|-damage|p2a: Meowscarada|32/100
|-status|p2a: Meowscarada|brn
|
|-heal|p1a: Manaphy|75/100 tox|[from] item: Leftovers
|-damage|p1a: Manaphy|56/100 tox|[from] psn
|-damage|p2a: Meowscarada|25/100 brn|[from] brn
|upkeep
|turn|22
|
|t:|1757863457
|move|p2a: Meowscarada|U-turn|p1a: Manaphy
|-start|p2a: Meowscarada|typechange|Bug|[from] ability: Protean
|-damage|p1a: Manaphy|46/100 tox
|
|t:|1757863470
|switch|p2a: Pecharunt|Pecharunt|100/100|[from] U-turn
|-activate|p1a: Manaphy|confusion
|move|p1a: Manaphy|Scald|p2a: Pecharunt
|-damage|p2a: Pecharunt|74/100
|
|-heal|p1a: Manaphy|52/100 tox|[from] item: Leftovers
|-damage|p1a: Manaphy|27/100 tox|[from] psn
|upkeep
|turn|23
|
|t:|1757863487
|move|p2a: Pecharunt|Malignant Chain|p1a: Manaphy
|-damage|p1a: Manaphy|10/100 tox
|-end|p1a: Manaphy|confusion
|move|p1a: Manaphy|Scald|p2a: Pecharunt
|-damage|p2a: Pecharunt|48/100
|
|-heal|p1a: Manaphy|16/100 tox|[from] item: Leftovers
|-damage|p1a: Manaphy|0 fnt|[from] psn
|faint|p1a: Manaphy
|upkeep
|
|t:|1757863500
|switch|p1a: Landorus|Landorus-Therian, M|100/100
|-ability|p1a: Landorus|Intimidate|boost
|-unboost|p2a: Pecharunt|atk|1
|turn|24
|
|t:|1757863509
|switch|p2a: Clefable|Clefable, F|100/100
|move|p1a: Landorus|Earthquake|p2a: Clefable
|-damage|p2a: Clefable|54/100
|
|-heal|p2a: Clefable|60/100|[from] item: Leftovers
|upkeep
|turn|25
|
|t:|1757863518
|switch|p1a: Dragonite|Dragonite, M|100/100
|move|p2a: Clefable|Moonlight|p2a: Clefable
|-heal|p2a: Clefable|100/100
|
|upkeep
|turn|26
|
|t:|1757863529
|move|p1a: Dragonite|Dragon Dance|p1a: Dragonite
|-boost|p1a: Dragonite|atk|1
|-boost|p1a: Dragonite|spe|1
|move|p2a: Clefable|Moonblast|p1a: Dragonite
|-supereffective|p1a: Dragonite
|-damage|p1a: Dragonite|67/100
|-enditem|p1a: Dragonite|Weakness Policy
|-boost|p1a: Dragonite|atk|2|[from] item: Weakness Policy
|-boost|p1a: Dragonite|spa|2|[from] item: Weakness Policy
|
|upkeep
|turn|27
|
|t:|1757863539
|move|p1a: Dragonite|Extreme Speed|p2a: Clefable
|-damage|p2a: Clefable|41/100
|move|p2a: Clefable|Moonblast|p1a: Dragonite
|-supereffective|p1a: Dragonite
|-damage|p1a: Dragonite|3/100
|
|-heal|p2a: Clefable|47/100|[from] item: Leftovers
|upkeep
|turn|28
|
|t:|1757863550
|move|p1a: Dragonite|Earthquake|p2a: Clefable
|-damage|p2a: Clefable|0 fnt
|faint|p2a: Clefable
|
|upkeep
|
|t:|1757863553
|switch|p2a: Meowscarada|Meowscarada, F|25/100 brn
|turn|29
|-message|Us sad forfeited.
|
|win|rustyaftergen4
|raw|rustyaftergen4's rating: 1397 &rarr; <strong>1413</strong><br />(+16 for winning)
|raw|Us sad's rating: 1334 &rarr; <strong>1318</strong><br />(-16 for losing)
|l|☆Us sad
|player|p2|
|l|☆rustyaftergen4
|player|p1|
