|j|☆Caniel
|j|☆mulinhan
|t:|1757895064
|gametype|singles
|player|p1|Caniel|266|1291
|player|p2|mulinhan|265|1309
|gen|9
|tier|[Gen 9] OU
|rated|
|rule|HP Percentage Mod: HP is shown in percentages
|rule|Endless Battle Clause: Forcing endless battles is banned
|rule|Species Clause: Limit one of each Pokémon
|rule|OHKO Clause: OHKO moves are banned
|rule|Evasion Items Clause: Evasion items are banned
|rule|Evasion Moves Clause: Evasion moves are banned
|rule|Evasion Abilities Clause: Evasion abilities are banned
|rule|Sleep Moves Clause: Sleep-inducing moves are banned
|clearpoke
|poke|p1|Ceruledge, F|
|poke|p1|Ninetales, F|
|poke|p1|Leavanny, F|
|poke|p1|Walking Wake|
|poke|p1|Great Tusk|
|poke|p1|Kingambit, M|
|poke|p2|Dragapult, F|
|poke|p2|Meowscarada, F|
|poke|p2|Iron Treads|
|poke|p2|Gardevoir, F|
|poke|p2|Zoroark-Hisui, M|
|poke|p2|Kingambit, M|
|teampreview
|inactive|Battle timer is ON: inactive players will automatically lose when time's up. (requested by Caniel)
|
|t:|1757895090
|teamsize|p1|6
|teamsize|p2|6
|start
|switch|p1a: Kingambit|Kingambit, M|100/100
|switch|p2a: Dragapult|Dragapult, F|100/100
|turn|1
|
|t:|1757895098
|move|p1a: Kingambit|Sucker Punch|p2a: Dragapult
|-supereffective|p2a: Dragapult
|-damage|p2a: Dragapult|0 fnt
|replace|p2a: Zoroark|Zoroark-Hisui, M
|-end|p2a: Zoroark|Illusion
|faint|p2a: Zoroark
|
|upkeep
|
|t:|1757895103
|switch|p2a: Kingambit|Kingambit, M|100/100
|-activate|p2a: Kingambit|ability: Supreme Overlord
|-start|p2a: Kingambit|fallen1|[silent]
|turn|2
|
|t:|1757895116
|-end|p1a: Kingambit|fallenundefined|[silent]
|switch|p1a: Ninetales|Ninetales, F|100/100
|-weather|SunnyDay|[from] ability: Drought|[of] p1a: Ninetales
|move|p2a: Kingambit|Low Kick|p1a: Ninetales
|-damage|p1a: Ninetales|78/100
|
|-weather|SunnyDay|[upkeep]
|upkeep
|turn|3
|
|t:|1757895132
|-end|p2a: Kingambit|fallen1|[silent]
|switch|p2a: Iron Treads|Iron Treads|100/100
|move|p1a: Ninetales|Weather Ball|p2a: Iron Treads
|-supereffective|p2a: Iron Treads
|-damage|p2a: Iron Treads|54/100
|
|-weather|SunnyDay|[upkeep]
|upkeep
|turn|4
|
|t:|1757895140
|-terastallize|p1a: Ninetales|Ground
|move|p1a: Ninetales|Scorching Sands|p2a: Iron Treads
|-supereffective|p2a: Iron Treads
|-damage|p2a: Iron Treads|31/100
|-status|p2a: Iron Treads|brn
|move|p2a: Iron Treads|Earthquake|p1a: Ninetales
|-damage|p1a: Ninetales|54/100
|
|-weather|SunnyDay|[upkeep]
|-damage|p2a: Iron Treads|25/100 brn|[from] brn
|upkeep
|turn|5
|
|t:|1757895149
|move|p1a: Ninetales|Scorching Sands|p2a: Iron Treads
|-supereffective|p2a: Iron Treads
|-damage|p2a: Iron Treads|3/100 brn
|move|p2a: Iron Treads|Knock Off|p1a: Ninetales
|-damage|p1a: Ninetales|39/100
|-enditem|p1a: Ninetales|Heat Rock|[from] move: Knock Off|[of] p2a: Iron Treads
|
|-weather|SunnyDay|[upkeep]
|-damage|p2a: Iron Treads|0 fnt|[from] brn
|faint|p2a: Iron Treads
|-end|p2a: Iron Treads|Quark Drive|[silent]
|upkeep
|
|t:|1757895161
|switch|p2a: Meowscarada|Meowscarada, F|100/100
|turn|6
|
|t:|1757895169
|switch|p1a: Leavanny|Leavanny, F|100/100
|move|p2a: Meowscarada|Flower Trick|p1a: Leavanny
|-start|p2a: Meowscarada|typechange|Grass|[from] ability: Protean
|-resisted|p1a: Leavanny
|-crit|p1a: Leavanny
|-damage|p1a: Leavanny|76/100
|
|-weather|SunnyDay|[upkeep]
|upkeep
|turn|7
|
|t:|1757895181
|switch|p2a: Gardevoir|Gardevoir, F|100/100
|-ability|p2a: Gardevoir|Chlorophyll|Trace|[from] ability: Trace|[of] p1a: Leavanny
|move|p1a: Leavanny|Sticky Web|p2a: Gardevoir
|-sidestart|p2: mulinhan|move: Sticky Web
|
|-weather|SunnyDay|[upkeep]
|upkeep
|turn|8
|
|t:|1757895203
|move|p2a: Gardevoir|Moonblast|p1a: Leavanny
|-damage|p1a: Leavanny|0 fnt
|faint|p1a: Leavanny
|
|-weather|SunnyDay|[upkeep]
|upkeep
|
|t:|1757895211
|switch|p1a: Ceruledge|Ceruledge, F|100/100
|turn|9
|
|t:|1757895218
|-terastallize|p2a: Gardevoir|Fairy
|move|p2a: Gardevoir|Moonblast|p1a: Ceruledge
|-resisted|p1a: Ceruledge
|-crit|p1a: Ceruledge
|-damage|p1a: Ceruledge|43/100
|-unboost|p1a: Ceruledge|spa|1
|move|p1a: Ceruledge|Swords Dance|p1a: Ceruledge
|-boost|p1a: Ceruledge|atk|2
|
|-weather|none
|upkeep
|turn|10
|
|t:|1757895230
|move|p1a: Ceruledge|Shadow Sneak|p2a: Gardevoir
|-damage|p2a: Gardevoir|17/100
|move|p2a: Gardevoir|Moonblast|p1a: Ceruledge
|-resisted|p1a: Ceruledge
|-damage|p1a: Ceruledge|3/100
|-unboost|p1a: Ceruledge|spa|1
|
|upkeep
|turn|11
|
|t:|1757895247
|switch|p2a: Kingambit|Kingambit, M|100/100
|-activate|p2a: Kingambit|move: Sticky Web
|-unboost|p2a: Kingambit|spe|1
|-activate|p2a: Kingambit|ability: Supreme Overlord
|-start|p2a: Kingambit|fallen2|[silent]
|move|p1a: Ceruledge|Bitter Blade|p2a: Kingambit
|-supereffective|p2a: Kingambit
|-damage|p2a: Kingambit|0 fnt
|-heal|p1a: Ceruledge|68/100|[from] drain|[of] p2a: Kingambit
|faint|p2a: Kingambit
|-end|p2a: Kingambit|fallen2|[silent]
|
|upkeep
|c|☆Caniel|xd
|
|t:|1757895260
|switch|p2a: Dragapult|Dragapult, F|100/100
|-activate|p2a: Dragapult|move: Sticky Web
|-unboost|p2a: Dragapult|spe|1
|turn|12
|
|t:|1757895266
|move|p1a: Ceruledge|Shadow Sneak|p2a: Dragapult
|-supereffective|p2a: Dragapult
|-damage|p2a: Dragapult|0 fnt
|faint|p2a: Dragapult
|
|upkeep
|-message|mulinhan forfeited.
|
|win|Caniel
|raw|Caniel's rating: 1291 &rarr; <strong>1317</strong><br />(+26 for winning)
|raw|mulinhan's rating: 1309 &rarr; <strong>1288</strong><br />(-21 for losing)
|l|☆mulinhan
|player|p2|
|l|☆Caniel
|player|p1|
