|j|☆haricane
|j|☆ahmijahh
|t:|1757845293
|gametype|singles
|player|p1|haricane|hilbert|1188
|player|p2|ahmijahh|101|1198
|gen|9
|tier|[Gen 9] OU
|rated|
|rule|HP Percentage Mod: HP is shown in percentages
|rule|Endless Battle Clause: Forcing endless battles is banned
|rule|Species Clause: Limit one of each Pokémon
|rule|OHKO Clause: OHKO moves are banned
|rule|Evasion Items Clause: Evasion items are banned
|rule|Evasion Moves Clause: Evasion moves are banned
|rule|Evasion Abilities Clause: Evasion abilities are banned
|rule|Sleep Moves Clause: Sleep-inducing moves are banned
|clearpoke
|poke|p1|Iron Thorns|
|poke|p1|Dragapult, M|
|poke|p1|Pawmot, M|
|poke|p1|Greninja-*, M|
|poke|p1|Cinderace, M|
|poke|p1|Armarouge, F|
|poke|p2|Hydrapple, F|
|poke|p2|Tornadus-Therian, M|
|poke|p2|Slowking-Galar, M|
|poke|p2|Alomomola, F|
|poke|p2|Cyclizar, F|
|poke|p2|Mienshao, F|
|teampreview
|inactive|Battle timer is ON: inactive players will automatically lose when time's up. (requested by haricane)
|inactive|ahmijahh has 120 seconds left.
|
|t:|1757845360
|teamsize|p1|6
|teamsize|p2|6
|start
|switch|p1a: Greninja|Greninja, M|100/100
|switch|p2a: Tornadus|Tornadus-Therian, M|100/100
|turn|1
|
|t:|1757845370
|switch|p2a: Slowking|Slowking-Galar, M|100/100
|move|p1a: Greninja|Switcheroo|p2a: Slowking
|-activate|p1a: Greninja|move: Trick|[of] p2a: Slowking
|-item|p2a: Slowking|Choice Band|[from] move: Switcheroo
|-item|p1a: Greninja|Assault Vest|[from] move: Switcheroo
|
|upkeep
|turn|2
|inactive|haricane has 120 seconds left.
|
|t:|1757845414
|switch|p2a: Alomomola|Alomomola, F|100/100
|move|p1a: Greninja|Dark Pulse|p2a: Alomomola
|-damage|p2a: Alomomola|71/100
|
|upkeep
|turn|3
|
|t:|1757845424
|move|p1a: Greninja|Dark Pulse|p2a: Alomomola
|-damage|p2a: Alomomola|42/100
|cant|p2a: Alomomola|flinch
|
|upkeep
|turn|4
|
|t:|1757845429
|move|p1a: Greninja|Dark Pulse|p2a: Alomomola
|-damage|p2a: Alomomola|15/100
|move|p2a: Alomomola|Flip Turn|p1a: Greninja
|-resisted|p1a: Greninja
|-damage|p1a: Greninja|88/100
|
|t:|1757845432
|switch|p2a: Mienshao|Mienshao, F|100/100|[from] Flip Turn
|
|upkeep
|turn|5
|
|t:|1757845438
|move|p2a: Mienshao|Close Combat|p1a: Greninja
|-supereffective|p1a: Greninja
|-damage|p1a: Greninja|0 fnt
|-unboost|p2a: Mienshao|def|1
|-unboost|p2a: Mienshao|spd|1
|faint|p1a: Greninja
|
|upkeep
|inactive|haricane has 120 seconds left.
|
|t:|1757845468
|switch|p1a: Dragapult|Dragapult, M|100/100
|turn|6
|
|t:|1757845493
|switch|p2a: Slowking|Slowking-Galar, M|100/100
|move|p1a: Dragapult|Dragon Dance|p1a: Dragapult
|-boost|p1a: Dragapult|atk|1
|-boost|p1a: Dragapult|spe|1
|
|upkeep
|turn|7
|
|t:|1757845500
|switch|p2a: Alomomola|Alomomola, F|48/100
|move|p1a: Dragapult|Substitute|p1a: Dragapult
|-start|p1a: Dragapult|Substitute
|-damage|p1a: Dragapult|76/100
|
|upkeep
|turn|8
|
|t:|1757845506
|move|p1a: Dragapult|Dragon Darts|p2a: Alomomola
|-damage|p2a: Alomomola|21/100
|-anim|p1a: Dragapult|Dragon Darts|p2a: Alomomola
|-damage|p2a: Alomomola|0 fnt
|faint|p2a: Alomomola
|
|upkeep
|
|t:|1757845513
|switch|p2a: Hydrapple|Hydrapple, F|100/100
|turn|9
|
|t:|1757845519
|-terastallize|p2a: Hydrapple|Fairy
|move|p1a: Dragapult|Dragon Darts|p2a: Hydrapple
|-immune|p2a: Hydrapple
|move|p2a: Hydrapple|Fickle Beam|p1a: Dragapult
|-supereffective|p1a: Dragapult
|-end|p1a: Dragapult|Substitute
|
|upkeep
|turn|10
|
|t:|1757845531
|-terastallize|p1a: Dragapult|Fairy
|move|p1a: Dragapult|Phantom Force||[still]
|-prepare|p1a: Dragapult|Phantom Force
|move|p2a: Hydrapple|Fickle Beam|p1a: Dragapult|[miss]
|-miss|p2a: Hydrapple|p1a: Dragapult
|
|upkeep
|turn|11
|
|t:|1757845536
|switch|p2a: Cyclizar|Cyclizar, F|100/100
|move|p1a: Dragapult|Phantom Force|p2a: Cyclizar|[from] lockedmove
|-immune|p2a: Cyclizar
|
|upkeep
|turn|12
|
|t:|1757845543
|switch|p2a: Hydrapple|Hydrapple, F, tera:Fairy|100/100
|move|p1a: Dragapult|Substitute|p1a: Dragapult
|-start|p1a: Dragapult|Substitute
|-damage|p1a: Dragapult|51/100
|
|upkeep
|turn|13
|
|t:|1757845559
|move|p1a: Dragapult|Phantom Force||[still]
|-prepare|p1a: Dragapult|Phantom Force
|move|p2a: Hydrapple|Earth Power|p1a: Dragapult|[miss]
|-miss|p2a: Hydrapple|p1a: Dragapult
|
|upkeep
|turn|14
|
|t:|1757845565
|move|p1a: Dragapult|Phantom Force|p2a: Hydrapple|[from] lockedmove
|-damage|p2a: Hydrapple|61/100
|move|p2a: Hydrapple|Earth Power|p1a: Dragapult
|-end|p1a: Dragapult|Substitute
|
|upkeep
|turn|15
|
|t:|1757845573
|move|p1a: Dragapult|Dragon Dance|p1a: Dragapult
|-boost|p1a: Dragapult|atk|1
|-boost|p1a: Dragapult|spe|1
|move|p2a: Hydrapple|Earth Power|p1a: Dragapult
|-damage|p1a: Dragapult|20/100
|-enditem|p1a: Dragapult|Red Card|[of] p2a: Hydrapple
|drag|p2a: Cyclizar|Cyclizar, F|100/100
|
|upkeep
|turn|16
|
|t:|1757845584
|switch|p2a: Hydrapple|Hydrapple, F, tera:Fairy|95/100
|move|p1a: Dragapult|Dragon Darts|p2a: Hydrapple
|-immune|p2a: Hydrapple
|
|upkeep
|turn|17
|
|t:|1757845600
|move|p1a: Dragapult|Dragon Darts|p2a: Hydrapple
|-immune|p2a: Hydrapple
|move|p2a: Hydrapple|Earth Power|p1a: Dragapult
|-damage|p1a: Dragapult|0 fnt
|faint|p1a: Dragapult
|
|upkeep
|
|t:|1757845627
|switch|p1a: Cinderace|Cinderace, M|100/100
|turn|18
|
|t:|1757845641
|move|p1a: Cinderace|Gunk Shot|p2a: Hydrapple|[miss]
|-start|p1a: Cinderace|typechange|Poison|[from] ability: Libero
|-miss|p1a: Cinderace|p2a: Hydrapple
|move|p2a: Hydrapple|Earth Power|p1a: Cinderace
|-supereffective|p1a: Cinderace
|-damage|p1a: Cinderace|29/100
|
|upkeep
|turn|19
|
|t:|1757845662
|switch|p2a: Slowking|Slowking-Galar, M|100/100
|move|p1a: Cinderace|Gunk Shot|p2a: Slowking
|-resisted|p2a: Slowking
|-damage|p2a: Slowking|69/100
|
|upkeep
|turn|20
|
|t:|1757845670
|move|p1a: Cinderace|Pyro Ball|p2a: Slowking
|-damage|p2a: Slowking|26/100
|move|p2a: Slowking|Psyshock|p1a: Cinderace
|-supereffective|p1a: Cinderace
|-damage|p1a: Cinderace|0 fnt
|faint|p1a: Cinderace
|
|upkeep
|inactive|haricane has 120 seconds left.
|
|t:|1757845693
|switch|p1a: Iron Thorns|Iron Thorns, shiny|100/100
|-enditem|p1a: Iron Thorns|Booster Energy
|-activate|p1a: Iron Thorns|ability: Quark Drive|[fromitem]
|-start|p1a: Iron Thorns|quarkdriveatk
|turn|21
|inactive|haricane has 120 seconds left.
|
|t:|1757845719
|switch|p2a: Hydrapple|Hydrapple, F, tera:Fairy|100/100
|move|p1a: Iron Thorns|Dragon Dance|p1a: Iron Thorns
|-boost|p1a: Iron Thorns|atk|1
|-boost|p1a: Iron Thorns|spe|1
|
|upkeep
|turn|22
|
|t:|1757845726
|move|p1a: Iron Thorns|Supercell Slam|p2a: Hydrapple
|-damage|p2a: Hydrapple|38/100
|move|p2a: Hydrapple|Earth Power|p1a: Iron Thorns
|-supereffective|p1a: Iron Thorns
|-damage|p1a: Iron Thorns|0 fnt
|faint|p1a: Iron Thorns
|-end|p1a: Iron Thorns|Quark Drive|[silent]
|
|upkeep
|
|t:|1757845734
|switch|p1a: Pawmot|Pawmot, M|100/100
|turn|23
|
|t:|1757845739
|switch|p2a: Cyclizar|Cyclizar, F|100/100
|move|p1a: Pawmot|Revival Blessing|p1a: Pawmot
|-enditem|p1a: Pawmot|Leppa Berry|[eat]
|-activate|p1a: Pawmot|item: Leppa Berry|Revival Blessing|[consumed]
|
|t:|1757845747
|-heal|p1: Cinderace|50/100|[from] move: Revival Blessing
|
|upkeep
|turn|24
|
|t:|1757845757
|move|p2a: Cyclizar|Draco Meteor|p1a: Pawmot
|-damage|p1a: Pawmot|14/100
|-unboost|p2a: Cyclizar|spa|2
|move|p1a: Pawmot|Ice Punch|p2a: Cyclizar
|-supereffective|p2a: Cyclizar
|-damage|p2a: Cyclizar|0 fnt
|faint|p2a: Cyclizar
|
|upkeep
|
|t:|1757845763
|switch|p2a: Mienshao|Mienshao, F|100/100
|turn|25
|
|t:|1757845768
|switch|p1a: Armarouge|Armarouge, F|100/100
|move|p2a: Mienshao|U-turn|p1a: Armarouge
|-damage|p1a: Armarouge|78/100
|-ability|p1a: Armarouge|Weak Armor|boost
|-unboost|p1a: Armarouge|def|1
|-boost|p1a: Armarouge|spe|2
|
|t:|1757845774
|switch|p2a: Slowking|Slowking-Galar, M|59/100|[from] U-turn
|
|upkeep
|turn|26
|
|t:|1757845785
|switch|p2a: Tornadus|Tornadus-Therian, M|100/100
|move|p1a: Armarouge|Stored Power|p2a: Tornadus
|-damage|p2a: Tornadus|61/100
|
|upkeep
|turn|27
|
|t:|1757845793
|move|p2a: Tornadus|Bleakwind Storm|p1a: Armarouge
|-damage|p1a: Armarouge|25/100
|move|p1a: Armarouge|Stored Power|p2a: Tornadus
|-damage|p2a: Tornadus|20/100
|
|upkeep
|turn|28
|-enditem|p1a: Armarouge|Custap Berry|[eat]
|-activate|p1a: Armarouge|item: Custap Berry|[consumed]
|
|t:|1757845807
|move|p1a: Armarouge|Stored Power|p2a: Tornadus
|-damage|p2a: Tornadus|0 fnt
|faint|p2a: Tornadus
|
|upkeep
|
|t:|1757845817
|switch|p2a: Mienshao|Mienshao, F|100/100
|turn|29
|
|t:|1757845821
|move|p1a: Armarouge|Endure|p1a: Armarouge
|-singleturn|p1a: Armarouge|move: Endure
|move|p2a: Mienshao|Knock Off|p1a: Armarouge
|-supereffective|p1a: Armarouge
|-activate|p1a: Armarouge|move: Endure
|-damage|p1a: Armarouge|1/100
|-ability|p1a: Armarouge|Weak Armor|boost
|-unboost|p1a: Armarouge|def|1
|-boost|p1a: Armarouge|spe|2
|
|upkeep
|turn|30
|
|t:|1757845831
|move|p1a: Armarouge|Stored Power|p2a: Mienshao
|-supereffective|p2a: Mienshao
|-damage|p2a: Mienshao|0 fnt
|faint|p2a: Mienshao
|
|upkeep
|
|t:|1757845841
|switch|p2a: Slowking|Slowking-Galar, M|92/100
|turn|31
|
|t:|1757845853
|move|p1a: Armarouge|Destiny Bond|p1a: Armarouge
|-singlemove|p1a: Armarouge|Destiny Bond
|move|p2a: Slowking|Psyshock|p1a: Armarouge
|-resisted|p1a: Armarouge
|-damage|p1a: Armarouge|0 fnt
|faint|p1a: Armarouge
|-activate|p1a: Armarouge|move: Destiny Bond
|faint|p2a: Slowking
|
|upkeep
|
|t:|1757845862
|switch|p1a: Cinderace|Cinderace, M|50/100
|switch|p2a: Hydrapple|Hydrapple, F, tera:Fairy|72/100
|turn|32
|
|t:|1757845867
|move|p1a: Cinderace|Gunk Shot|p2a: Hydrapple
|-start|p1a: Cinderace|typechange|Poison|[from] ability: Libero
|-supereffective|p2a: Hydrapple
|-damage|p2a: Hydrapple|0 fnt
|faint|p2a: Hydrapple
|
|win|haricane
|raw|haricane's rating: 1188 &rarr; <strong>1216</strong><br />(+28 for winning)
|raw|ahmijahh's rating: 1226 &rarr; <strong>1198</strong><br />(-28 for losing)
|l|☆ahmijahh
|player|p2|
|c|☆haricane|gg
|l|☆haricane
|player|p1|
