|j|☆PlumRedGlow
|j|☆ausmafeetfan
|t:|1757826157
|gametype|singles
|player|p1|PlumRedGlow|bellelba|1062
|player|p2|ausmafeetfan|265|1087
|gen|9
|tier|[Gen 9] OU
|rated|
|rule|HP Percentage Mod: HP is shown in percentages
|rule|Endless Battle Clause: Forcing endless battles is banned
|rule|Species Clause: Limit one of each Pokémon
|rule|OHKO Clause: OHKO moves are banned
|rule|Evasion Items Clause: Evasion items are banned
|rule|Evasion Moves Clause: Evasion moves are banned
|rule|Evasion Abilities Clause: Evasion abilities are banned
|rule|Sleep Moves Clause: Sleep-inducing moves are banned
|clearpoke
|poke|p1|Misdreavus, F|
|poke|p1|Dragapult, M|
|poke|p1|Mimikyu, M|
|poke|p1|Banette, M|
|poke|p1|Mismagius, F|
|poke|p1|Ceruledge, M|
|poke|p2|Mismagius, M|
|poke|p2|Araquanid, M|
|poke|p2|Ceruledge, M|
|poke|p2|Rotom-Heat|
|poke|p2|Great Tusk|
|poke|p2|Meowscarada, F|
|teampreview
|
|t:|1757826205
|teamsize|p1|6
|teamsize|p2|6
|start
|switch|p1a: Gold Eater|Ceruledge, M|100/100
|switch|p2a: Araquanid|Araquanid, M|100/100
|turn|1
|
|t:|1757826212
|move|p1a: Gold Eater|Overheat|p2a: Araquanid
|-damage|p2a: Araquanid|90/100
|-unboost|p1a: Gold Eater|spa|2
|move|p2a: Araquanid|Surf|p1a: Gold Eater
|-supereffective|p1a: Gold Eater
|-damage|p1a: Gold Eater|36/100
|
|upkeep
|turn|2
|
|t:|1757826223
|move|p1a: Gold Eater|Bitter Blade|p2a: Araquanid
|-damage|p2a: Araquanid|61/100
|-heal|p1a: Gold Eater|50/100|[from] drain|[of] p2a: Araquanid
|move|p2a: Araquanid|Surf|p1a: Gold Eater
|-supereffective|p1a: Gold Eater
|-damage|p1a: Gold Eater|0 fnt
|faint|p1a: Gold Eater
|
|upkeep
|
|t:|1757826232
|switch|p1a: Memento|Mimikyu, M, shiny|100/100
|turn|3
|
|t:|1757826238
|move|p1a: Memento|Curse|p2a: Araquanid
|-start|p2a: Araquanid|Curse|[of] p1a: Memento
|-damage|p1a: Memento|50/100
|-enditem|p1a: Memento|Sitrus Berry|[eat]
|-heal|p1a: Memento|75/100|[from] item: Sitrus Berry
|move|p2a: Araquanid|Surf|p1a: Memento
|-activate|p1a: Memento|ability: Disguise
|-damage|p1a: Memento|75/100
|detailschange|p1a: Memento|Mimikyu-Busted, M, shiny
|-damage|p1a: Memento|63/100|[from] pokemon: Mimikyu-Busted
|
|-damage|p2a: Araquanid|36/100|[from] Curse
|upkeep
|turn|4
|
|t:|1757826250
|move|p1a: Memento|Protect|p1a: Memento
|-singleturn|p1a: Memento|Protect
|move|p2a: Araquanid|Sticky Web|p1a: Memento
|-sidestart|p1: PlumRedGlow|move: Sticky Web
|
|-damage|p2a: Araquanid|12/100|[from] Curse
|upkeep
|turn|5
|-enditem|p2a: Araquanid|Custap Berry|[eat]
|-activate|p2a: Araquanid|item: Custap Berry|[consumed]
|
|t:|1757826258
|move|p1a: Memento|Shadow Sneak|p2a: Araquanid
|-damage|p2a: Araquanid|0 fnt
|faint|p2a: Araquanid
|
|upkeep
|
|t:|1757826269
|switch|p2a: Meowscarada|Meowscarada, F|100/100
|turn|6
|
|t:|1757826291
|move|p2a: Meowscarada|Triple Axel|p1a: Memento
|-start|p2a: Meowscarada|typechange|Ice|[from] ability: Protean
|-damage|p1a: Memento|50/100
|-damage|p1a: Memento|24/100
|-damage|p1a: Memento|0 fnt
|faint|p1a: Memento
|-hitcount|p1: Memento|3
|
|upkeep
|
|t:|1757826303
|switch|p1a: Mori|Banette, M|100/100
|-activate|p1a: Mori|move: Sticky Web
|-unboost|p1a: Mori|spe|1
|turn|7
|
|t:|1757826362
|switch|p2a: Great Tusk|Great Tusk|100/100
|move|p1a: Mori|Swords Dance|p1a: Mori
|-boost|p1a: Mori|atk|2
|
|upkeep
|turn|8
|l|☆PlumRedGlow
|player|p1|
|j|☆PlumRedGlow
|player|p1|PlumRedGlow|bellelba|
|
|t:|1757826390
|move|p1a: Mori|Endure|p1a: Mori
|-singleturn|p1a: Mori|move: Endure
|move|p2a: Great Tusk|Headlong Rush|p1a: Mori
|-damage|p1a: Mori|19/100
|-unboost|p2a: Great Tusk|def|1
|-unboost|p2a: Great Tusk|spd|1
|-start|p2a: Great Tusk|Disable|Headlong Rush|[from] ability: Cursed Body|[of] p1a: Mori
|
|upkeep
|turn|9
|
|t:|1757826406
|move|p1a: Mori|Shadow Sneak|p2a: Great Tusk
|-damage|p2a: Great Tusk|57/100
|move|p2a: Great Tusk|Knock Off|p1a: Mori
|-supereffective|p1a: Mori
|-damage|p1a: Mori|0 fnt
|-enditem|p1a: Mori|Weakness Policy|[from] move: Knock Off|[of] p2a: Great Tusk
|faint|p1a: Mori
|
|upkeep
|
|t:|1757826413
|switch|p1a: Missy|Mismagius, F|100/100
|turn|10
|
|t:|1757826464
|-terastallize|p1a: Missy|Fairy
|move|p1a: Missy|Dazzling Gleam|p2a: Great Tusk
|-supereffective|p2a: Great Tusk
|-damage|p2a: Great Tusk|0 fnt
|faint|p2a: Great Tusk
|-end|p2a: Great Tusk|Protosynthesis|[silent]
|-damage|p1a: Missy|91/100|[from] item: Life Orb
|
|upkeep
|
|t:|1757826477
|switch|p2a: Ceruledge|Ceruledge, M|100/100
|turn|11
|
|t:|1757826493
|move|p1a: Missy|Hex|p2a: Ceruledge
|-supereffective|p2a: Ceruledge
|-damage|p2a: Ceruledge|11/100
|-damage|p1a: Missy|81/100|[from] item: Life Orb
|move|p2a: Ceruledge|Swords Dance|p2a: Ceruledge
|-boost|p2a: Ceruledge|atk|2
|
|upkeep
|turn|12
|
|t:|1757826501
|move|p2a: Ceruledge|Shadow Sneak|p1a: Missy
|-damage|p1a: Missy|4/100
|move|p1a: Missy|Hex|p2a: Ceruledge
|-supereffective|p2a: Ceruledge
|-crit|p2a: Ceruledge
|-damage|p2a: Ceruledge|0 fnt
|faint|p2a: Ceruledge
|-damage|p1a: Missy|0 fnt|[from] item: Life Orb
|faint|p1a: Missy
|
|upkeep
|
|t:|1757826517
|switch|p1a: Omen|Misdreavus, F|100/100
|switch|p2a: Mismagius|Mismagius, M|100/100
|turn|13
|
|t:|1757826523
|move|p2a: Mismagius|Substitute|p2a: Mismagius
|-start|p2a: Mismagius|Substitute
|-damage|p2a: Mismagius|76/100
|move|p1a: Omen|Perish Song|p1a: Omen
|-start|p1a: Omen|perish3|[silent]
|-start|p2a: Mismagius|perish3|[silent]
|-fieldactivate|move: Perish Song
|
|-start|p2a: Mismagius|perish3
|-start|p1a: Omen|perish3
|upkeep
|turn|14
|
|t:|1757826535
|switch|p2a: Rotom|Rotom-Heat|100/100
|move|p1a: Omen|Phantom Force||[still]
|-prepare|p1a: Omen|Phantom Force
|
|-start|p1a: Omen|perish2
|upkeep
|turn|15
|
|t:|1757826543
|switch|p2a: Meowscarada|Meowscarada, F|100/100
|move|p1a: Omen|Phantom Force|p2a: Meowscarada|[from] lockedmove
|-resisted|p2a: Meowscarada
|-damage|p2a: Meowscarada|87/100
|
|-start|p1a: Omen|perish1
|upkeep
|turn|16
|
|t:|1757826556
|move|p2a: Meowscarada|Knock Off|p1a: Omen
|-start|p2a: Meowscarada|typechange|Dark|[from] ability: Protean
|-supereffective|p1a: Omen
|-damage|p1a: Omen|5/100
|-enditem|p1a: Omen|Eviolite|[from] move: Knock Off|[of] p2a: Meowscarada
|move|p1a: Omen|Perish Song|p1a: Omen
|-start|p2a: Meowscarada|perish3|[silent]
|-fieldactivate|move: Perish Song
|
|-start|p2a: Meowscarada|perish3
|-start|p1a: Omen|perish0
|upkeep
|faint|p1a: Omen
|
|t:|1757826565
|switch|p1a: Barrel|Dragapult, M|100/100
|-activate|p1a: Barrel|move: Sticky Web
|-unboost|p1a: Barrel|spe|1
|turn|17
|
|t:|1757826606
|move|p1a: Barrel|Protect|p1a: Barrel
|-singleturn|p1a: Barrel|Protect
|move|p2a: Meowscarada|Knock Off|p1a: Barrel
|-activate|p1a: Barrel|move: Protect
|
|-start|p2a: Meowscarada|perish2
|upkeep
|turn|18
|
|t:|1757826613
|move|p2a: Meowscarada|Knock Off|p1a: Barrel
|-supereffective|p1a: Barrel
|-damage|p1a: Barrel|0 fnt
|-enditem|p1a: Barrel|Dragon Fang|[from] move: Knock Off|[of] p2a: Meowscarada
|faint|p1a: Barrel
|
|win|ausmafeetfan
|raw|PlumRedGlow's rating: 1062 &rarr; <strong>1044</strong><br />(-18 for losing)
|raw|ausmafeetfan's rating: 1087 &rarr; <strong>1112</strong><br />(+25 for winning)
|l|☆PlumRedGlow
|player|p1|
