|j|☆tscher
|j|‽Pitoune901
|t:|1757834209
|gametype|singles
|player|p1|tscher|102|1211
|player|p2|Pitoune901|lucas|1194
|gen|9
|tier|[Gen 9] OU
|rated|
|rule|HP Percentage Mod: HP is shown in percentages
|rule|Endless Battle Clause: Forcing endless battles is banned
|rule|Species Clause: Limit one of each Pokémon
|rule|OHKO Clause: OHKO moves are banned
|rule|Evasion Items Clause: Evasion items are banned
|rule|Evasion Moves Clause: Evasion moves are banned
|rule|Evasion Abilities Clause: Evasion abilities are banned
|rule|Sleep Moves Clause: Sleep-inducing moves are banned
|clearpoke
|poke|p1|Froslass, F|
|poke|p1|Darkrai|
|poke|p1|Heatran, M|
|poke|p1|Great Tusk|
|poke|p1|Kyurem|
|poke|p1|Scizor, F|
|poke|p2|Iron Crown|
|poke|p2|Samurott-Hisui, F|
|poke|p2|Zapdos|
|poke|p2|Dragapult, F|
|poke|p2|Great Tusk|
|poke|p2|Iron Boulder|
|teampreview
|
|t:|1757834212
|teamsize|p1|6
|teamsize|p2|6
|start
|switch|p1a: Froslass|Froslass, F|100/100
|switch|p2a: Great Tusk|Great Tusk|100/100
|turn|1
|
|t:|1757834217
|move|p1a: Froslass|Ice Beam|p2a: Great Tusk
|-supereffective|p2a: Great Tusk
|-damage|p2a: Great Tusk|3/100
|move|p2a: Great Tusk|Stealth Rock|p1a: Froslass
|-sidestart|p1: tscher|move: Stealth Rock
|
|upkeep
|turn|2
|
|t:|1757834228
|move|p1a: Froslass|Ice Beam|p2a: Great Tusk
|-supereffective|p2a: Great Tusk
|-damage|p2a: Great Tusk|0 fnt
|faint|p2a: Great Tusk
|-end|p2a: Great Tusk|Protosynthesis|[silent]
|
|upkeep
|
|t:|1757834244
|switch|p2a: Dragapult|Dragapult, F|100/100
|turn|3
|
|t:|1757834249
|move|p1a: Froslass|Endure|p1a: Froslass
|-singleturn|p1a: Froslass|move: Endure
|move|p2a: Dragapult|Dragon Darts|p1a: Froslass
|-damage|p1a: Froslass|43/100
|-anim|p2a: Dragapult|Dragon Darts|p1a: Froslass
|-activate|p1a: Froslass|move: Endure
|-damage|p1a: Froslass|1/100
|
|upkeep
|turn|4
|-enditem|p1a: Froslass|Custap Berry|[eat]
|-activate|p1a: Froslass|item: Custap Berry|[consumed]
|
|t:|1757834260
|switch|p2a: Samurott|Samurott-Hisui, F, shiny|100/100
|move|p1a: Froslass|Destiny Bond|p1a: Froslass
|-singlemove|p1a: Froslass|Destiny Bond
|
|upkeep
|turn|5
|
|t:|1757834269
|move|p2a: Samurott|Ceaseless Edge|p1a: Froslass
|-supereffective|p1a: Froslass
|-damage|p1a: Froslass|0 fnt
|-start|p2a: Samurott|Disable|Ceaseless Edge|[from] ability: Cursed Body|[of] p1a: Froslass
|-sidestart|p1: tscher|Spikes
|faint|p1a: Froslass
|-activate|p1a: Froslass|move: Destiny Bond
|faint|p2a: Samurott
|
|upkeep
|
|t:|1757834280
|switch|p1a: Scizor|Scizor, F|100/100
|switch|p2a: Iron Boulder|Iron Boulder|100/100
|-enditem|p2a: Iron Boulder|Booster Energy
|-activate|p2a: Iron Boulder|ability: Quark Drive|[fromitem]
|-start|p2a: Iron Boulder|quarkdrivespe
|turn|6
|inactive|Battle timer is ON: inactive players will automatically lose when time's up. (requested by Pitoune901)
|
|t:|1757834298
|-terastallize|p1a: Scizor|Steel
|move|p1a: Scizor|Bullet Punch|p2a: Iron Boulder
|-supereffective|p2a: Iron Boulder
|-damage|p2a: Iron Boulder|0 fnt
|faint|p2a: Iron Boulder
|-end|p2a: Iron Boulder|Quark Drive|[silent]
|
|upkeep
|
|t:|1757834305
|switch|p2a: Iron Crown|Iron Crown|100/100
|turn|7
|
|t:|1757834307
|move|p2a: Iron Crown|Focus Blast|p1a: Scizor
|-supereffective|p1a: Scizor
|-damage|p1a: Scizor|0 fnt
|faint|p1a: Scizor
|
|upkeep
|
|t:|1757834310
|switch|p1a: Great Tusk|Great Tusk|100/100
|turn|8
|
|t:|1757834321
|move|p2a: Iron Crown|Focus Blast|p1a: Great Tusk
|-damage|p1a: Great Tusk|16/100
|-unboost|p1a: Great Tusk|spd|1
|move|p1a: Great Tusk|Headlong Rush|p2a: Iron Crown
|-supereffective|p2a: Iron Crown
|-damage|p2a: Iron Crown|0 fnt
|-unboost|p1a: Great Tusk|def|1
|-unboost|p1a: Great Tusk|spd|1
|faint|p2a: Iron Crown
|-end|p2a: Iron Crown|Quark Drive|[silent]
|
|upkeep
|
|t:|1757834327
|switch|p2a: Dragapult|Dragapult, F|100/100
|turn|9
|
|t:|1757834332
|move|p2a: Dragapult|Dragon Darts|p1a: Great Tusk
|-damage|p1a: Great Tusk|0 fnt
|faint|p1a: Great Tusk
|-end|p1a: Great Tusk|Protosynthesis|[silent]
|
|upkeep
|
|t:|1757834343
|switch|p1a: Heatran|Heatran, M|100/100
|-damage|p1a: Heatran|88/100|[from] Stealth Rock
|-damage|p1a: Heatran|76/100|[from] Spikes
|turn|10
|
|t:|1757834348
|move|p2a: Dragapult|Dragon Darts|p1a: Heatran
|-resisted|p1a: Heatran
|-damage|p1a: Heatran|56/100
|-anim|p2a: Dragapult|Dragon Darts|p1a: Heatran
|-resisted|p1a: Heatran
|-damage|p1a: Heatran|36/100
|move|p1a: Heatran|Magma Storm|p2a: Dragapult
|-resisted|p2a: Dragapult
|-damage|p2a: Dragapult|61/100
|-activate|p2a: Dragapult|move: Magma Storm|[of] p1a: Heatran
|
|-heal|p1a: Heatran|42/100|[from] item: Leftovers
|-damage|p2a: Dragapult|48/100|[from] move: Magma Storm|[partiallytrapped]
|upkeep
|turn|11
|
|t:|1757834357
|move|p2a: Dragapult|Dragon Darts|p1a: Heatran
|-resisted|p1a: Heatran
|-damage|p1a: Heatran|23/100
|-anim|p2a: Dragapult|Dragon Darts|p1a: Heatran
|-resisted|p1a: Heatran
|-damage|p1a: Heatran|4/100
|move|p1a: Heatran|Earth Power|p2a: Dragapult
|-damage|p2a: Dragapult|3/100
|
|-heal|p1a: Heatran|10/100|[from] item: Leftovers
|-damage|p2a: Dragapult|0 fnt|[from] move: Magma Storm|[partiallytrapped]
|faint|p2a: Dragapult
|upkeep
|
|t:|1757834364
|switch|p2a: Zapdos|Zapdos, shiny|100/100
|turn|12
|
|t:|1757834370
|move|p1a: Heatran|Magma Storm|p2a: Zapdos
|-crit|p2a: Zapdos
|-damage|p2a: Zapdos|13/100
|-activate|p2a: Zapdos|move: Magma Storm|[of] p1a: Heatran
|move|p2a: Zapdos|Discharge|p1a: Heatran
|-damage|p1a: Heatran|0 fnt
|faint|p1a: Heatran
|
|-end|p2a: Zapdos|Magma Storm|[partiallytrapped]|[silent]
|upkeep
|-message|Pitoune901 forfeited.
|
|win|tscher
|raw|tscher's rating: 1211 &rarr; <strong>1235</strong><br />(+24 for winning)
|raw|Pitoune901's rating: 1194 &rarr; <strong>1170</strong><br />(-24 for losing)
|l|‽Pitoune901
|player|p2|
