|j|☆frozenmoon77
|j|☆damorush
|t:|1757915915
|gametype|singles
|player|p1|frozenmoon77|1|1431
|player|p2|damorush|169|1448
|gen|9
|tier|[Gen 9] OU
|rated|
|rule|HP Percentage Mod: HP is shown in percentages
|rule|Endless Battle Clause: Forcing endless battles is banned
|rule|Species Clause: Limit one of each Pokémon
|rule|OHKO Clause: OHKO moves are banned
|rule|Evasion Items Clause: Evasion items are banned
|rule|Evasion Moves Clause: Evasion moves are banned
|rule|Evasion Abilities Clause: Evasion abilities are banned
|rule|Sleep Moves Clause: Sleep-inducing moves are banned
|clearpoke
|poke|p1|Hoopa-Unbound|
|poke|p1|Kommo-o, M|
|poke|p1|Moltres|
|poke|p1|Landorus-Therian, M|
|poke|p1|Walking Wake|
|poke|p1|Comfey, F|
|poke|p2|Glimmora, M|
|poke|p2|Zamazenta-*|
|poke|p2|Gholdengo|
|poke|p2|Iron Valiant|
|poke|p2|Dragonite, F|
|poke|p2|Ogerpon-Wellspring, F|
|teampreview
|inactive|Battle timer is ON: inactive players will automatically lose when time's up. (requested by frozenmoon77)
|inactive|damorush has 120 seconds left.
|
|t:|1757915951
|teamsize|p1|6
|teamsize|p2|6
|start
|switch|p1a: Walking Wake|Walking Wake|100/100
|switch|p2a: Glimmora|Glimmora, M|100/100
|turn|1
|
|t:|1757915958
|move|p1a: Walking Wake|Hydro Steam|p2a: Glimmora
|-supereffective|p2a: Glimmora
|-enditem|p2a: Glimmora|Focus Sash
|-damage|p2a: Glimmora|1/100
|move|p2a: Glimmora|Stealth Rock|p1a: Walking Wake
|-sidestart|p1: frozenmoon77|move: Stealth Rock
|
|upkeep
|turn|2
|
|t:|1757915964
|move|p1a: Walking Wake|Hydro Steam|p2a: Glimmora
|-supereffective|p2a: Glimmora
|-crit|p2a: Glimmora
|-damage|p2a: Glimmora|0 fnt
|faint|p2a: Glimmora
|
|upkeep
|
|t:|1757915966
|switch|p2a: Dragonite|Dragonite, F|100/100
|turn|3
|
|t:|1757915972
|-end|p1a: Walking Wake|Protosynthesis|[silent]
|switch|p1a: Moltres|Moltres|100/100
|move|p2a: Dragonite|Dragon Dance|p2a: Dragonite
|-boost|p2a: Dragonite|atk|1
|-boost|p2a: Dragonite|spe|1
|
|upkeep
|turn|4
|
|t:|1757915982
|-terastallize|p2a: Dragonite|Flying
|move|p2a: Dragonite|Tera Blast|p1a: Moltres|[anim] Tera Blast Flying
|-damage|p1a: Moltres|40/100
|move|p1a: Moltres|Roar|p2a: Dragonite
|drag|p2a: Zamazenta|Zamazenta|100/100
|-ability|p2a: Zamazenta|Dauntless Shield|boost
|-boost|p2a: Zamazenta|def|1
|
|upkeep
|turn|5
|
|t:|1757915991
|switch|p2a: Ogerpon|Ogerpon-Wellspring, F|100/100
|move|p1a: Moltres|Roost|p1a: Moltres
|-heal|p1a: Moltres|91/100
|-singleturn|p1a: Moltres|move: Roost
|
|upkeep
|turn|6
|
|t:|1757916000
|switch|p1a: Kommo-o|Kommo-o, M|100/100
|-damage|p1a: Kommo-o|94/100|[from] Stealth Rock
|move|p2a: Ogerpon|Ivy Cudgel|p1a: Kommo-o|[anim] Ivy Cudgel Water
|-resisted|p1a: Kommo-o
|-damage|p1a: Kommo-o|71/100
|
|-heal|p1a: Kommo-o|78/100|[from] item: Leftovers
|upkeep
|turn|7
|
|t:|1757916009
|move|p2a: Ogerpon|Play Rough|p1a: Kommo-o
|-supereffective|p1a: Kommo-o
|-damage|p1a: Kommo-o|0 fnt
|faint|p1a: Kommo-o
|
|upkeep
|
|t:|1757916016
|switch|p1a: Landorus|Landorus-Therian, M|100/100
|-damage|p1a: Landorus|88/100|[from] Stealth Rock
|-ability|p1a: Landorus|Intimidate|boost
|-unboost|p2a: Ogerpon|atk|1
|turn|8
|
|t:|1757916028
|move|p2a: Ogerpon|Ivy Cudgel|p1a: Landorus|[anim] Ivy Cudgel Water
|-supereffective|p1a: Landorus
|-damage|p1a: Landorus|7/100
|move|p1a: Landorus|Earthquake|p2a: Ogerpon
|-resisted|p2a: Ogerpon
|-damage|p2a: Ogerpon|68/100
|
|upkeep
|turn|9
|
|t:|1757916037
|move|p2a: Ogerpon|Ivy Cudgel|p1a: Landorus|[anim] Ivy Cudgel Water
|-supereffective|p1a: Landorus
|-damage|p1a: Landorus|0 fnt
|faint|p1a: Landorus
|
|upkeep
|
|t:|1757916045
|switch|p1a: Comfey|Comfey, F|100/100
|-damage|p1a: Comfey|88/100|[from] Stealth Rock
|turn|10
|
|t:|1757916055
|move|p1a: Comfey|Draining Kiss|p2a: Ogerpon
|-damage|p2a: Ogerpon|34/100
|-heal|p1a: Comfey|100/100|[from] drain|[of] p2a: Ogerpon
|-damage|p1a: Comfey|91/100|[from] item: Life Orb
|move|p2a: Ogerpon|Swords Dance|p2a: Ogerpon
|-boost|p2a: Ogerpon|atk|2
|
|upkeep
|turn|11
|
|t:|1757916064
|move|p1a: Comfey|Draining Kiss|p2a: Ogerpon
|-damage|p2a: Ogerpon|0 fnt
|-heal|p1a: Comfey|100/100|[from] drain|[of] p2a: Ogerpon
|faint|p2a: Ogerpon
|-damage|p1a: Comfey|91/100|[from] item: Life Orb
|
|upkeep
|
|t:|1757916093
|switch|p2a: Gholdengo|Gholdengo|100/100
|-item|p2a: Gholdengo|Air Balloon
|turn|12
|
|t:|1757916098
|switch|p1a: Hoopa|Hoopa-Unbound|100/100
|-damage|p1a: Hoopa|88/100|[from] Stealth Rock
|move|p2a: Gholdengo|Nasty Plot|p2a: Gholdengo
|-boost|p2a: Gholdengo|spa|2
|
|upkeep
|turn|13
|
|t:|1757916122
|move|p2a: Gholdengo|Make It Rain|p1a: Hoopa
|-damage|p1a: Hoopa|30/100
|-unboost|p2a: Gholdengo|spa|1
|move|p1a: Hoopa|Hyperspace Fury|p2a: Gholdengo
|-supereffective|p2a: Gholdengo
|-crit|p2a: Gholdengo
|-damage|p2a: Gholdengo|0 fnt
|-unboost|p1a: Hoopa|def|1
|-enditem|p2a: Gholdengo|Air Balloon
|faint|p2a: Gholdengo
|
|upkeep
|inactive|damorush has 120 seconds left.
|
|t:|1757916143
|switch|p2a: Iron Valiant|Iron Valiant|100/100
|-enditem|p2a: Iron Valiant|Booster Energy
|-activate|p2a: Iron Valiant|ability: Quark Drive|[fromitem]
|-start|p2a: Iron Valiant|quarkdrivespe
|turn|14
|
|t:|1757916147
|move|p2a: Iron Valiant|Moonblast|p1a: Hoopa
|-supereffective|p1a: Hoopa
|-damage|p1a: Hoopa|0 fnt
|faint|p1a: Hoopa
|
|upkeep
|
|t:|1757916161
|switch|p1a: Comfey|Comfey, F|91/100
|-damage|p1a: Comfey|78/100|[from] Stealth Rock
|turn|15
|
|t:|1757916167
|move|p2a: Iron Valiant|Moonblast|p1a: Comfey
|-damage|p1a: Comfey|33/100
|move|p1a: Comfey|Calm Mind|p1a: Comfey
|-boost|p1a: Comfey|spa|1
|-boost|p1a: Comfey|spd|1
|
|upkeep
|turn|16
|
|t:|1757916173
|move|p1a: Comfey|Draining Kiss|p2a: Iron Valiant
|-supereffective|p2a: Iron Valiant
|-crit|p2a: Iron Valiant
|-damage|p2a: Iron Valiant|0 fnt
|-heal|p1a: Comfey|100/100|[from] drain|[of] p2a: Iron Valiant
|faint|p2a: Iron Valiant
|-end|p2a: Iron Valiant|Quark Drive|[silent]
|-damage|p1a: Comfey|91/100|[from] item: Life Orb
|
|upkeep
|
|t:|1757916177
|switch|p2a: Dragonite|Dragonite, F, tera:Flying|100/100
|turn|17
|
|t:|1757916186
|move|p1a: Comfey|Draining Kiss|p2a: Dragonite
|-damage|p2a: Dragonite|79/100
|-heal|p1a: Comfey|100/100|[from] drain|[of] p2a: Dragonite
|-damage|p1a: Comfey|91/100|[from] item: Life Orb
|move|p2a: Dragonite|Dragon Dance|p2a: Dragonite
|-boost|p2a: Dragonite|atk|1
|-boost|p2a: Dragonite|spe|1
|
|upkeep
|turn|18
|
|t:|1757916197
|move|p1a: Comfey|Draining Kiss|p2a: Dragonite
|-damage|p2a: Dragonite|37/100
|-heal|p1a: Comfey|100/100|[from] drain|[of] p2a: Dragonite
|-damage|p1a: Comfey|91/100|[from] item: Life Orb
|move|p2a: Dragonite|Tera Blast|p1a: Comfey|[anim] Tera Blast Flying
|-damage|p1a: Comfey|0 fnt
|faint|p1a: Comfey
|
|upkeep
|
|t:|1757916209
|switch|p1a: Moltres|Moltres|91/100
|turn|19
|
|t:|1757916216
|move|p2a: Dragonite|Tera Blast|p1a: Moltres|[anim] Tera Blast Flying
|-damage|p1a: Moltres|27/100
|move|p1a: Moltres|Roar|p2a: Dragonite
|drag|p2a: Zamazenta|Zamazenta|100/100
|
|upkeep
|turn|20
|
|t:|1757916222
|move|p2a: Zamazenta|Iron Defense|p2a: Zamazenta
|-boost|p2a: Zamazenta|def|2
|move|p1a: Moltres|Roost|p1a: Moltres
|-heal|p1a: Moltres|78/100
|-singleturn|p1a: Moltres|move: Roost
|
|upkeep
|turn|21
|
|t:|1757916229
|move|p1a: Moltres|Scorching Sands|p2a: Zamazenta
|-damage|p2a: Zamazenta|86/100
|move|p2a: Zamazenta|Roar|p1a: Moltres
|drag|p1a: Walking Wake|Walking Wake|100/100
|-damage|p1a: Walking Wake|88/100|[from] Stealth Rock
|
|-heal|p2a: Zamazenta|92/100|[from] item: Leftovers
|upkeep
|turn|22
|
|t:|1757916238
|-terastallize|p1a: Walking Wake|Water
|move|p2a: Zamazenta|Iron Defense|p2a: Zamazenta
|-boost|p2a: Zamazenta|def|2
|move|p1a: Walking Wake|Hydro Steam|p2a: Zamazenta
|-damage|p2a: Zamazenta|29/100
|
|-heal|p2a: Zamazenta|35/100|[from] item: Leftovers
|upkeep
|turn|23
|
|t:|1757916247
|-end|p1a: Walking Wake|Protosynthesis|[silent]
|switch|p1a: Moltres|Moltres|78/100
|move|p2a: Zamazenta|Body Press|p1a: Moltres
|-resisted|p1a: Moltres
|-damage|p1a: Moltres|43/100
|
|-heal|p2a: Zamazenta|41/100|[from] item: Leftovers
|upkeep
|turn|24
|
|t:|1757916255
|move|p2a: Zamazenta|Iron Defense|p2a: Zamazenta
|-boost|p2a: Zamazenta|def|2
|move|p1a: Moltres|Roost|p1a: Moltres
|-heal|p1a: Moltres|93/100
|-singleturn|p1a: Moltres|move: Roost
|
|-heal|p2a: Zamazenta|47/100|[from] item: Leftovers
|upkeep
|turn|25
|
|t:|1757916265
|move|p2a: Zamazenta|Body Press|p1a: Moltres
|-resisted|p1a: Moltres
|-damage|p1a: Moltres|47/100
|move|p1a: Moltres|Roar|p2a: Zamazenta
|drag|p2a: Dragonite|Dragonite, F, tera:Flying|37/100
|
|upkeep
|turn|26
|
|t:|1757916273
|move|p2a: Dragonite|Encore|p1a: Moltres
|-start|p1a: Moltres|Encore
|move|p1a: Moltres|Roar|p2a: Dragonite
|drag|p2a: Zamazenta|Zamazenta|47/100
|
|-heal|p2a: Zamazenta|54/100|[from] item: Leftovers
|upkeep
|turn|27
|
|t:|1757916280
|move|p2a: Zamazenta|Roar|p1a: Moltres
|drag|p1a: Walking Wake|Walking Wake, tera:Water|88/100
|-damage|p1a: Walking Wake|76/100|[from] Stealth Rock
|
|-heal|p2a: Zamazenta|60/100|[from] item: Leftovers
|upkeep
|turn|28
|
|t:|1757916286
|move|p2a: Zamazenta|Body Press|p1a: Walking Wake
|-damage|p1a: Walking Wake|36/100
|move|p1a: Walking Wake|Hydro Steam|p2a: Zamazenta
|-damage|p2a: Zamazenta|0 fnt
|faint|p2a: Zamazenta
|
|upkeep
|
|t:|1757916291
|switch|p2a: Dragonite|Dragonite, F, tera:Flying|37/100
|turn|29
|
|t:|1757916294
|move|p1a: Walking Wake|Hydro Steam|p2a: Dragonite
|-damage|p2a: Dragonite|0 fnt
|faint|p2a: Dragonite
|
|win|frozenmoon77
|raw|frozenmoon77's rating: 1431 &rarr; <strong>1453</strong><br />(+22 for winning)
|raw|damorush's rating: 1461 &rarr; <strong>1439</strong><br />(-22 for losing)
|c|☆frozenmoon77|gg
|l|☆damorush
|player|p2|
