|j|☆Luisao
|j|☆never_win_true
|t:|1757918082
|gametype|singles
|player|p1|Luisao|1|1355
|player|p2|never_win_true|unknown|1383
|gen|9
|tier|[Gen 9] OU
|rated|
|rule|HP Percentage Mod: HP is shown in percentages
|rule|Endless Battle Clause: Forcing endless battles is banned
|rule|Species Clause: Limit one of each Pokémon
|rule|OHKO Clause: OHKO moves are banned
|rule|Evasion Items Clause: Evasion items are banned
|rule|Evasion Moves Clause: Evasion moves are banned
|rule|Evasion Abilities Clause: Evasion abilities are banned
|rule|Sleep Moves Clause: Sleep-inducing moves are banned
|clearpoke
|poke|p1|Dragonite, M|
|poke|p1|Serperior, F|
|poke|p1|Donphan, M|
|poke|p1|Medicham, M|
|poke|p1|Scizor, M|
|poke|p1|Gengar, M|
|poke|p2|Kingambit, M|
|poke|p2|Hatterene, F|
|poke|p2|Rillaboom, F|
|poke|p2|Raging Bolt|
|poke|p2|Enamorus, F|
|poke|p2|Iron Moth|
|teampreview
|inactive|Battle timer is ON: inactive players will automatically lose when time's up. (requested by Luisao)
|
|t:|1757918100
|teamsize|p1|6
|teamsize|p2|6
|start
|switch|p1a: Medicham|Medicham, M, shiny|100/100
|switch|p2a: Rillaboom|Rillaboom, F|100/100
|-fieldstart|move: Grassy Terrain|[from] ability: Grassy Surge|[of] p2a: Rillaboom
|turn|1
|
|t:|1757918125
|move|p1a: Medicham|Fake Out|p2a: Rillaboom
|-damage|p2a: Rillaboom|74/100
|-damage|p1a: Medicham|91/100|[from] item: Life Orb
|cant|p2a: Rillaboom|flinch
|
|-heal|p2a: Rillaboom|80/100|[from] Grassy Terrain
|-heal|p1a: Medicham|97/100|[from] Grassy Terrain
|upkeep
|turn|2
|
|t:|1757918136
|move|p2a: Rillaboom|Wood Hammer|p1a: Medicham
|-damage|p1a: Medicham|0 fnt
|faint|p1a: Medicham
|-damage|p2a: Rillaboom|56/100|[from] Recoil
|
|-heal|p2a: Rillaboom|62/100|[from] Grassy Terrain
|upkeep
|inactive|Luisao has 120 seconds left.
|
|t:|1757918147
|switch|p1a: Scizor|Scizor, M|100/100
|turn|3
|
|t:|1757918154
|switch|p2a: Iron Moth|Iron Moth|100/100
|-enditem|p2a: Iron Moth|Booster Energy
|-activate|p2a: Iron Moth|ability: Quark Drive|[fromitem]
|-start|p2a: Iron Moth|quarkdrivespe
|move|p1a: Scizor|Pounce|p2a: Iron Moth
|-resisted|p2a: Iron Moth
|-damage|p2a: Iron Moth|80/100
|-unboost|p2a: Iron Moth|spe|1
|-damage|p1a: Scizor|91/100|[from] item: Life Orb
|
|-heal|p2a: Iron Moth|86/100|[from] Grassy Terrain
|-heal|p1a: Scizor|97/100|[from] Grassy Terrain
|upkeep
|turn|4
|
|t:|1757918168
|move|p2a: Iron Moth|Fiery Dance|p1a: Scizor
|-supereffective|p1a: Scizor
|-damage|p1a: Scizor|0 fnt
|-boost|p2a: Iron Moth|spa|1
|faint|p1a: Scizor
|
|-heal|p2a: Iron Moth|92/100|[from] Grassy Terrain
|upkeep
|
|t:|1757918177
|switch|p1a: Dragonite|Dragonite, M|100/100
|turn|5
|
|t:|1757918180
|move|p2a: Iron Moth|Fiery Dance|p1a: Dragonite
|-resisted|p1a: Dragonite
|-damage|p1a: Dragonite|85/100
|-boost|p2a: Iron Moth|spa|1
|move|p1a: Dragonite|Dragon Dance|p1a: Dragonite
|-boost|p1a: Dragonite|atk|1
|-boost|p1a: Dragonite|spe|1
|
|-heal|p1a: Dragonite|91/100|[from] item: Leftovers
|-heal|p2a: Iron Moth|98/100|[from] Grassy Terrain
|-fieldend|move: Grassy Terrain
|upkeep
|turn|6
|
|t:|1757918196
|-terastallize|p2a: Iron Moth|Grass
|move|p1a: Dragonite|Extreme Speed|p2a: Iron Moth
|-damage|p2a: Iron Moth|33/100
|move|p2a: Iron Moth|Dazzling Gleam|p1a: Dragonite
|-supereffective|p1a: Dragonite
|-damage|p1a: Dragonite|0 fnt
|faint|p1a: Dragonite
|
|upkeep
|inactive|Luisao has 120 seconds left.
|
|t:|1757918212
|switch|p1a: Gengar|Gengar, M, shiny|100/100
|turn|7
|
|t:|1757918231
|move|p1a: Gengar|Sludge Wave|p2a: Iron Moth
|-supereffective|p2a: Iron Moth
|-damage|p2a: Iron Moth|0 fnt
|faint|p2a: Iron Moth
|-end|p2a: Iron Moth|Quark Drive|[silent]
|
|upkeep
|
|t:|1757918237
|switch|p2a: Enamorus|Enamorus, F|100/100
|turn|8
|
|t:|1757918240
|move|p2a: Enamorus|Earth Power|p1a: Gengar
|-supereffective|p1a: Gengar
|-enditem|p1a: Gengar|Focus Sash
|-damage|p1a: Gengar|1/100
|move|p1a: Gengar|Sludge Wave|p2a: Enamorus
|-supereffective|p2a: Enamorus
|-damage|p2a: Enamorus|0 fnt
|faint|p2a: Enamorus
|
|upkeep
|
|t:|1757918248
|switch|p2a: Rillaboom|Rillaboom, F|62/100
|-fieldstart|move: Grassy Terrain|[from] ability: Grassy Surge|[of] p2a: Rillaboom
|turn|9
|
|t:|1757918257
|switch|p1a: Serperior|Serperior, F, shiny|100/100
|move|p2a: Rillaboom|Grassy Glide|p1a: Serperior
|-resisted|p1a: Serperior
|-damage|p1a: Serperior|69/100
|
|-heal|p1a: Serperior|75/100|[from] Grassy Terrain
|-heal|p2a: Rillaboom|68/100|[from] Grassy Terrain
|upkeep
|turn|10
|
|t:|1757918270
|switch|p2a: Raging Bolt|Raging Bolt|100/100
|-enditem|p2a: Raging Bolt|Booster Energy
|-activate|p2a: Raging Bolt|ability: Protosynthesis|[fromitem]
|-start|p2a: Raging Bolt|protosynthesisspa
|move|p1a: Serperior|Leaf Storm|p2a: Raging Bolt
|-resisted|p2a: Raging Bolt
|-damage|p2a: Raging Bolt|75/100
|-boost|p1a: Serperior|spa|2
|
|-heal|p1a: Serperior|81/100|[from] Grassy Terrain
|-heal|p2a: Raging Bolt|81/100|[from] Grassy Terrain
|upkeep
|turn|11
|
|t:|1757918282
|move|p1a: Serperior|Leaf Storm|p2a: Raging Bolt
|-resisted|p2a: Raging Bolt
|-damage|p2a: Raging Bolt|30/100
|-boost|p1a: Serperior|spa|2
|move|p2a: Raging Bolt|Dragon Pulse|p1a: Serperior
|-damage|p1a: Serperior|7/100
|
|-heal|p1a: Serperior|13/100|[from] Grassy Terrain
|-heal|p2a: Raging Bolt|37/100|[from] Grassy Terrain
|upkeep
|turn|12
|
|t:|1757918303
|switch|p1a: Gengar|Gengar, M, shiny|1/100
|move|p2a: Raging Bolt|Thunderclap||[still]
|-fail|p2a: Raging Bolt
|
|-heal|p1a: Gengar|7/100|[from] Grassy Terrain
|-heal|p2a: Raging Bolt|43/100|[from] Grassy Terrain
|upkeep
|turn|13
|
|t:|1757918314
|move|p1a: Gengar|Destiny Bond|p1a: Gengar
|-singlemove|p1a: Gengar|Destiny Bond
|move|p2a: Raging Bolt|Thunderbolt|p1a: Gengar
|-damage|p1a: Gengar|0 fnt
|faint|p1a: Gengar
|-activate|p1a: Gengar|move: Destiny Bond
|faint|p2a: Raging Bolt
|-end|p2a: Raging Bolt|Protosynthesis|[silent]
|
|-fieldend|move: Grassy Terrain
|upkeep
|
|t:|1757918327
|switch|p1a: Serperior|Serperior, F, shiny|13/100
|switch|p2a: Rillaboom|Rillaboom, F|68/100
|-fieldstart|move: Grassy Terrain|[from] ability: Grassy Surge|[of] p2a: Rillaboom
|turn|14
|
|t:|1757918334
|move|p1a: Serperior|Leaf Storm|p2a: Rillaboom
|-resisted|p2a: Rillaboom
|-damage|p2a: Rillaboom|28/100
|-boost|p1a: Serperior|spa|2
|move|p2a: Rillaboom|U-turn|p1a: Serperior
|-supereffective|p1a: Serperior
|-damage|p1a: Serperior|0 fnt
|faint|p1a: Serperior
|
|t:|1757918342
|switch|p2a: Hatterene|Hatterene, F|100/100|[from] U-turn
|-enditem|p2a: Hatterene|Grassy Seed
|-boost|p2a: Hatterene|def|1|[from] item: Grassy Seed
|
|upkeep
|
|t:|1757918348
|switch|p1a: Donphan|Donphan, M|100/100
|turn|15
|
|t:|1757918362
|move|p1a: Donphan|Earthquake|p2a: Hatterene
|-damage|p2a: Hatterene|85/100
|move|p2a: Hatterene|Calm Mind|p2a: Hatterene
|-boost|p2a: Hatterene|spa|1
|-boost|p2a: Hatterene|spd|1
|
|-heal|p2a: Hatterene|91/100|[from] Grassy Terrain
|upkeep
|turn|16
|
|t:|1757918370
|move|p1a: Donphan|Earthquake|p2a: Hatterene
|-damage|p2a: Hatterene|76/100
|move|p2a: Hatterene|Calm Mind|p2a: Hatterene
|-boost|p2a: Hatterene|spa|1
|-boost|p2a: Hatterene|spd|1
|
|-heal|p2a: Hatterene|82/100|[from] Grassy Terrain
|upkeep
|turn|17
|
|t:|1757918379
|move|p1a: Donphan|Earthquake|p2a: Hatterene
|-damage|p2a: Hatterene|67/100
|move|p2a: Hatterene|Trick Room|p2a: Hatterene
|-fieldstart|move: Trick Room|[of] p2a: Hatterene
|
|-heal|p2a: Hatterene|73/100|[from] Grassy Terrain
|upkeep
|turn|18
|
|t:|1757918387
|move|p2a: Hatterene|Draining Kiss|p1a: Donphan
|-damage|p1a: Donphan|44/100
|-heal|p2a: Hatterene|100/100|[from] drain|[of] p1a: Donphan
|move|p1a: Donphan|Earthquake|p2a: Hatterene
|-damage|p2a: Hatterene|86/100
|
|-heal|p2a: Hatterene|92/100|[from] Grassy Terrain
|-heal|p1a: Donphan|50/100|[from] Grassy Terrain
|-heal|p1a: Donphan|57/100|[from] item: Leftovers
|-fieldend|move: Grassy Terrain
|upkeep
|turn|19
|-message|Luisao forfeited.
|
|win|never_win_true
|raw|Luisao's rating: 1355 &rarr; <strong>1337</strong><br />(-18 for losing)
|raw|never_win_true's rating: 1383 &rarr; <strong>1401</strong><br />(+18 for winning)
|l|☆Luisao
|player|p1|
|l|☆never_win_true
|player|p2|
