|j|☆Nolpac
|j|☆Danxsh17
|t:|1757829049
|gametype|singles
|player|p1|Nolpac|yancy|1539
|player|p2|Danxsh17|blue|1562
|gen|9
|tier|[Gen 9] OU
|rated|
|rule|HP Percentage Mod: HP is shown in percentages
|rule|Endless Battle Clause: Forcing endless battles is banned
|rule|Species Clause: Limit one of each Pokémon
|rule|OHKO Clause: OHKO moves are banned
|rule|Evasion Items Clause: Evasion items are banned
|rule|Evasion Moves Clause: Evasion moves are banned
|rule|Evasion Abilities Clause: Evasion abilities are banned
|rule|Sleep Moves Clause: Sleep-inducing moves are banned
|clearpoke
|poke|p1|Toxapex, F|
|poke|p1|Corviknight, M|
|poke|p1|Weezing-Galar, M|
|poke|p1|Dondozo, F|
|poke|p1|Deoxys-Defense|
|poke|p1|Blissey, F|
|poke|p2|Zapdos|
|poke|p2|Raging Bolt|
|poke|p2|Walking Wake|
|poke|p2|Hatterene, F|
|poke|p2|Ogerpon-Wellspring, F|
|poke|p2|Moltres|
|teampreview
|inactive|Battle timer is ON: inactive players will automatically lose when time's up. (requested by Danxsh17)
|inactive|Nolpac also wants the timer to be on.
|
|t:|1757829055
|teamsize|p1|6
|teamsize|p2|6
|start
|switch|p1a: Weezing|Weezing-Galar, M|100/100
|switch|p2a: Zapdos|Zapdos|100/100
|-ability|p1a: Weezing|Neutralizing Gas
|turn|1
|
|t:|1757829060
|move|p2a: Zapdos|Hurricane|p1a: Weezing
|-damage|p1a: Weezing|25/100
|move|p1a: Weezing|Toxic Spikes|p2a: Zapdos
|-sidestart|p2: Danxsh17|move: Toxic Spikes
|
|-heal|p1a: Weezing|31/100|[from] item: Leftovers
|upkeep
|turn|2
|
|t:|1757829066
|-end|p1a: Weezing|ability: Neutralizing Gas
|switch|p1a: Blissey|Blissey, F|100/100
|move|p2a: Zapdos|Volt Switch|p1a: Blissey
|-damage|p1a: Blissey|90/100
|
|t:|1757829079
|switch|p2a: Moltres|Moltres|100/100|[from] Volt Switch
|
|-heal|p1a: Blissey|96/100|[from] item: Leftovers
|upkeep
|turn|3
|
|t:|1757829085
|move|p2a: Moltres|Flamethrower|p1a: Blissey
|-damage|p1a: Blissey|84/100
|move|p1a: Blissey|Calm Mind|p1a: Blissey
|-boost|p1a: Blissey|spa|1
|-boost|p1a: Blissey|spd|1
|
|-heal|p1a: Blissey|91/100|[from] item: Leftovers
|upkeep
|turn|4
|
|t:|1757829089
|move|p2a: Moltres|U-turn|p1a: Blissey
|-damage|p1a: Blissey|75/100
|
|t:|1757829092
|switch|p2a: Ogerpon|Ogerpon-Wellspring, F|100/100|[from] U-turn
|-status|p2a: Ogerpon|psn
|move|p1a: Blissey|Stealth Rock|p2a: Ogerpon
|-sidestart|p2: Danxsh17|move: Stealth Rock
|
|-heal|p1a: Blissey|81/100|[from] item: Leftovers
|-damage|p2a: Ogerpon|88/100 psn|[from] psn
|upkeep
|turn|5
|
|t:|1757829103
|switch|p1a: Corviknight|Corviknight, M|100/100
|-ability|p1a: Corviknight|Pressure
|move|p2a: Ogerpon|Swords Dance|p2a: Ogerpon
|-boost|p2a: Ogerpon|atk|2
|
|-damage|p2a: Ogerpon|76/100 psn|[from] psn
|upkeep
|turn|6
|
|t:|1757829107
|move|p2a: Ogerpon|Ivy Cudgel|p1a: Corviknight|[anim] Ivy Cudgel Water
|-damage|p1a: Corviknight|31/100
|move|p1a: Corviknight|Brave Bird|p2a: Ogerpon
|-supereffective|p2a: Ogerpon
|-damage|p2a: Ogerpon|0 fnt
|faint|p2a: Ogerpon
|-damage|p1a: Corviknight|12/100|[from] Recoil
|
|upkeep
|
|t:|1757829111
|switch|p2a: Zapdos|Zapdos|100/100
|turn|7
|
|t:|1757829116
|switch|p1a: Deoxys|Deoxys-Defense|100/100
|-ability|p1a: Deoxys|Pressure
|move|p2a: Zapdos|Volt Switch|p1a: Deoxys
|-damage|p1a: Deoxys|78/100
|
|t:|1757829121
|switch|p2a: Moltres|Moltres|100/100|[from] Volt Switch
|
|-heal|p1a: Deoxys|85/100|[from] item: Leftovers
|upkeep
|turn|8
|-message|Danxsh17 forfeited.
|
|win|Nolpac
|raw|Nolpac's rating: 1539 &rarr; <strong>1560</strong><br />(+21 for winning)
|raw|Danxsh17's rating: 1562 &rarr; <strong>1541</strong><br />(-21 for losing)
|l|☆Danxsh17
|player|p2|
|l|☆Nolpac
|player|p1|
