|j|☆Wausch
|j|☆dadadadaxiji
|t:|1757930517
|gametype|singles
|player|p1|Wausch|170|1466
|player|p2|dadadadaxiji|dawn|1483
|gen|9
|tier|[Gen 9] OU
|rated|
|rule|HP Percentage Mod: HP is shown in percentages
|rule|Endless Battle Clause: Forcing endless battles is banned
|rule|Species Clause: Limit one of each Pokémon
|rule|OHKO Clause: OHKO moves are banned
|rule|Evasion Items Clause: Evasion items are banned
|rule|Evasion Moves Clause: Evasion moves are banned
|rule|Evasion Abilities Clause: Evasion abilities are banned
|rule|Sleep Moves Clause: Sleep-inducing moves are banned
|clearpoke
|poke|p1|Dudunsparce-*, M|
|poke|p1|Iron Valiant|
|poke|p1|Great Tusk|
|poke|p1|Cinderace, M|
|poke|p1|Glimmora, M|
|poke|p1|Dragonite, F|
|poke|p2|Zamazenta-*|
|poke|p2|Iron Valiant|
|poke|p2|Great Tusk|
|poke|p2|Blaziken, M|
|poke|p2|Keldeo-Resolute|
|poke|p2|Zapdos-Galar|
|teampreview
|inactive|Battle timer is ON: inactive players will automatically lose when time's up. (requested by dadadadaxiji)
|inactive|Wausch has 120 seconds left.
|
|t:|1757930555
|teamsize|p1|6
|teamsize|p2|6
|start
|switch|p1a: Dudunsparce|Dudunsparce, M, shiny|100/100
|switch|p2a: Keldeo|Keldeo-Resolute|100/100
|turn|1
|
|t:|1757930563
|-terastallize|p2a: Keldeo|Water
|move|p2a: Keldeo|Surf|p1a: Dudunsparce
|-damage|p1a: Dudunsparce|17/100
|move|p1a: Dudunsparce|Boomburst|p2a: Keldeo
|-damage|p2a: Keldeo|0 fnt
|faint|p2a: Keldeo
|
|upkeep
|
|t:|1757930576
|switch|p2a: Zapdos|Zapdos-Galar|100/100
|turn|2
|
|t:|1757930580
|-terastallize|p1a: Dudunsparce|Ghost
|move|p2a: Zapdos|U-turn|p1a: Dudunsparce
|-resisted|p1a: Dudunsparce
|-damage|p1a: Dudunsparce|7/100
|-ability|p1a: Dudunsparce|Rattled|boost
|-boost|p1a: Dudunsparce|spe|1
|
|t:|1757930588
|switch|p2a: Iron Valiant|Iron Valiant|100/100|[from] U-turn
|-enditem|p2a: Iron Valiant|Booster Energy
|-activate|p2a: Iron Valiant|ability: Quark Drive|[fromitem]
|-start|p2a: Iron Valiant|quarkdrivespe
|move|p1a: Dudunsparce|Boomburst|p2a: Iron Valiant
|-damage|p2a: Iron Valiant|0 fnt
|faint|p2a: Iron Valiant
|-end|p2a: Iron Valiant|Quark Drive|[silent]
|
|upkeep
|
|t:|1757930592
|switch|p2a: Zapdos|Zapdos-Galar|100/100
|turn|3
|
|t:|1757930595
|move|p2a: Zapdos|U-turn|p1a: Dudunsparce
|-resisted|p1a: Dudunsparce
|-crit|p1a: Dudunsparce
|-damage|p1a: Dudunsparce|0 fnt
|faint|p1a: Dudunsparce
|
|t:|1757930601
|switch|p2a: Great Tusk|Great Tusk|100/100|[from] U-turn
|
|upkeep
|inactive|Wausch has 120 seconds left.
|
|t:|1757930633
|switch|p1a: Iron Valiant|Iron Valiant|100/100
|-enditem|p1a: Iron Valiant|Booster Energy
|-activate|p1a: Iron Valiant|ability: Quark Drive|[fromitem]
|-start|p1a: Iron Valiant|quarkdrivespe
|turn|4
|
|t:|1757930643
|move|p1a: Iron Valiant|Moonblast|p2a: Great Tusk
|-supereffective|p2a: Great Tusk
|-damage|p2a: Great Tusk|0 fnt
|faint|p2a: Great Tusk
|-end|p2a: Great Tusk|Protosynthesis|[silent]
|
|upkeep
|
|t:|1757930647
|switch|p2a: Blaziken|Blaziken, M|100/100
|turn|5
|
|t:|1757930650
|move|p2a: Blaziken|Protect|p2a: Blaziken
|-singleturn|p2a: Blaziken|Protect
|move|p1a: Iron Valiant|Moonblast|p2a: Blaziken
|-activate|p2a: Blaziken|move: Protect
|
|-ability|p2a: Blaziken|Speed Boost|boost
|-boost|p2a: Blaziken|spe|1
|upkeep
|turn|6
|
|t:|1757930655
|move|p1a: Iron Valiant|Moonblast|p2a: Blaziken
|-damage|p2a: Blaziken|29/100
|-unboost|p2a: Blaziken|spa|1
|move|p2a: Blaziken|Flare Blitz|p1a: Iron Valiant
|-damage|p1a: Iron Valiant|13/100
|-damage|p2a: Blaziken|1/100|[from] Recoil
|
|-ability|p2a: Blaziken|Speed Boost|boost
|-boost|p2a: Blaziken|spe|1
|upkeep
|turn|7
|
|t:|1757930659
|move|p2a: Blaziken|Protect|p2a: Blaziken
|-singleturn|p2a: Blaziken|Protect
|move|p1a: Iron Valiant|Moonblast|p2a: Blaziken
|-activate|p2a: Blaziken|move: Protect
|
|-ability|p2a: Blaziken|Speed Boost|boost
|-boost|p2a: Blaziken|spe|1
|upkeep
|turn|8
|
|t:|1757930661
|move|p2a: Blaziken|Close Combat|p1a: Iron Valiant
|-resisted|p1a: Iron Valiant
|-damage|p1a: Iron Valiant|0 fnt
|-unboost|p2a: Blaziken|def|1
|-unboost|p2a: Blaziken|spd|1
|faint|p1a: Iron Valiant
|-end|p1a: Iron Valiant|Quark Drive|[silent]
|
|-ability|p2a: Blaziken|Speed Boost|boost
|-boost|p2a: Blaziken|spe|1
|upkeep
|
|t:|1757930663
|switch|p1a: Dragonite|Dragonite, F|100/100
|turn|9
|
|t:|1757930667
|move|p1a: Dragonite|Extreme Speed|p2a: Blaziken
|-damage|p2a: Blaziken|0 fnt
|faint|p2a: Blaziken
|
|upkeep
|
|t:|1757930669
|switch|p2a: Zamazenta|Zamazenta|100/100
|-ability|p2a: Zamazenta|Dauntless Shield|boost
|-boost|p2a: Zamazenta|def|1
|turn|10
|
|t:|1757930673
|move|p2a: Zamazenta|Iron Defense|p2a: Zamazenta
|-boost|p2a: Zamazenta|def|2
|move|p1a: Dragonite|Dragon Dance|p1a: Dragonite
|-boost|p1a: Dragonite|atk|1
|-boost|p1a: Dragonite|spe|1
|
|upkeep
|turn|11
|
|t:|1757930675
|move|p1a: Dragonite|Dragon Dance|p1a: Dragonite
|-boost|p1a: Dragonite|atk|1
|-boost|p1a: Dragonite|spe|1
|move|p2a: Zamazenta|Iron Defense|p2a: Zamazenta
|-boost|p2a: Zamazenta|def|2
|
|upkeep
|turn|12
|
|t:|1757930679
|move|p1a: Dragonite|Dragon Dance|p1a: Dragonite
|-boost|p1a: Dragonite|atk|1
|-boost|p1a: Dragonite|spe|1
|move|p2a: Zamazenta|Roar|p1a: Dragonite
|drag|p1a: Great Tusk|Great Tusk|100/100
|-enditem|p1a: Great Tusk|Booster Energy
|-activate|p1a: Great Tusk|ability: Protosynthesis|[fromitem]
|-start|p1a: Great Tusk|protosynthesisspe
|
|upkeep
|turn|13
|
|t:|1757930686
|move|p1a: Great Tusk|Heavy Slam|p2a: Zamazenta
|-damage|p2a: Zamazenta|98/100
|move|p2a: Zamazenta|Iron Defense|p2a: Zamazenta
|-boost|p2a: Zamazenta|def|1
|
|-heal|p2a: Zamazenta|100/100|[from] item: Leftovers
|upkeep
|turn|14
|
|t:|1757930692
|move|p1a: Great Tusk|Earthquake|p2a: Zamazenta
|-damage|p2a: Zamazenta|92/100
|move|p2a: Zamazenta|Body Press|p1a: Great Tusk
|-damage|p1a: Great Tusk|28/100
|
|-heal|p2a: Zamazenta|98/100|[from] item: Leftovers
|upkeep
|turn|15
|
|t:|1757930696
|move|p1a: Great Tusk|Earthquake|p2a: Zamazenta
|-damage|p2a: Zamazenta|89/100
|move|p2a: Zamazenta|Body Press|p1a: Great Tusk
|-damage|p1a: Great Tusk|0 fnt
|faint|p1a: Great Tusk
|-end|p1a: Great Tusk|Protosynthesis|[silent]
|
|-heal|p2a: Zamazenta|96/100|[from] item: Leftovers
|upkeep
|
|t:|1757930699
|switch|p1a: Glimmora|Glimmora, M|100/100
|turn|16
|
|t:|1757930702
|move|p2a: Zamazenta|Body Press|p1a: Glimmora
|-enditem|p1a: Glimmora|Focus Sash
|-damage|p1a: Glimmora|1/100
|-activate|p1a: Glimmora|ability: Toxic Debris
|-sidestart|p2: dadadadaxiji|move: Toxic Spikes
|move|p1a: Glimmora|Dazzling Gleam|p2a: Zamazenta
|-supereffective|p2a: Zamazenta
|-damage|p2a: Zamazenta|56/100
|
|-heal|p2a: Zamazenta|62/100|[from] item: Leftovers
|upkeep
|turn|17
|
|t:|1757930706
|move|p2a: Zamazenta|Body Press|p1a: Glimmora
|-damage|p1a: Glimmora|0 fnt
|-activate|p1a: Glimmora|ability: Toxic Debris
|-sidestart|p2: dadadadaxiji|move: Toxic Spikes
|faint|p1a: Glimmora
|
|-heal|p2a: Zamazenta|68/100|[from] item: Leftovers
|upkeep
|
|t:|1757930708
|switch|p1a: Cinderace|Cinderace, M|100/100
|turn|18
|
|t:|1757930715
|move|p2a: Zamazenta|Body Press|p1a: Cinderace
|-damage|p1a: Cinderace|0 fnt
|faint|p1a: Cinderace
|
|-heal|p2a: Zamazenta|74/100|[from] item: Leftovers
|upkeep
|
|t:|1757930718
|switch|p1a: Dragonite|Dragonite, F|100/100
|turn|19
|
|t:|1757930724
|move|p2a: Zamazenta|Body Press|p1a: Dragonite
|-resisted|p1a: Dragonite
|-damage|p1a: Dragonite|69/100
|move|p1a: Dragonite|Dragon Claw|p2a: Zamazenta
|-damage|p2a: Zamazenta|65/100
|
|-heal|p2a: Zamazenta|71/100|[from] item: Leftovers
|-heal|p1a: Dragonite|75/100|[from] item: Leftovers
|upkeep
|turn|20
|
|t:|1757930727
|move|p2a: Zamazenta|Body Press|p1a: Dragonite
|-resisted|p1a: Dragonite
|-damage|p1a: Dragonite|8/100
|move|p1a: Dragonite|Dragon Claw|p2a: Zamazenta
|-damage|p2a: Zamazenta|61/100
|
|-heal|p2a: Zamazenta|67/100|[from] item: Leftovers
|-heal|p1a: Dragonite|14/100|[from] item: Leftovers
|upkeep
|turn|21
|
|t:|1757930730
|move|p2a: Zamazenta|Body Press|p1a: Dragonite
|-resisted|p1a: Dragonite
|-damage|p1a: Dragonite|0 fnt
|faint|p1a: Dragonite
|
|win|dadadadaxiji
|raw|Wausch's rating: 1466 &rarr; <strong>1447</strong><br />(-19 for losing)
|raw|dadadadaxiji's rating: 1483 &rarr; <strong>1502</strong><br />(+19 for winning)
