|badge|p2|bronze|gen9ru|100-6
|uhtml|medal-msg|<div class="broadcast-blue">Curious what those medals under the avatar are? PS now has Ladder Seasons! For more information, check out the <a href="https://www.smogon.com/forums/threads/3740067/">thread on Smogon.</a></div>
|j|☆CJKchen
|j|☆malk tyme
|t:|1757834642
|gametype|singles
|player|p1|CJKchen|pokemaniac|1436
|player|p2|malk tyme|102|1422
|gen|9
|tier|[Gen 9] OU
|rated|
|rule|HP Percentage Mod: HP is shown in percentages
|rule|Endless Battle Clause: Forcing endless battles is banned
|rule|Species Clause: Limit one of each Pokémon
|rule|OHKO Clause: OHKO moves are banned
|rule|Evasion Items Clause: Evasion items are banned
|rule|Evasion Moves Clause: Evasion moves are banned
|rule|Evasion Abilities Clause: Evasion abilities are banned
|rule|Sleep Moves Clause: Sleep-inducing moves are banned
|clearpoke
|poke|p1|Chesnaught, M|
|poke|p1|Gholdengo|
|poke|p1|Kyurem|
|poke|p1|Ting-Lu|
|poke|p1|Walking Wake|
|poke|p1|Metagross|
|poke|p2|Blaziken, M|
|poke|p2|Salamence, F|
|poke|p2|Dondozo, M|
|poke|p2|Meloetta|
|poke|p2|Iron Treads|
|poke|p2|Veluza, M|
|teampreview
|inactive|Battle timer is ON: inactive players will automatically lose when time's up. (requested by CJKchen)
|
|t:|1757834670
|teamsize|p1|6
|teamsize|p2|6
|start
|switch|p1a: Walking Wake|Walking Wake|100/100
|switch|p2a: Veluza|Veluza, M|100/100
|turn|1
|
|t:|1757834683
|move|p2a: Veluza|Final Gambit|p1a: Walking Wake
|-damage|p1a: Walking Wake|0 fnt
|faint|p2a: Veluza
|faint|p1a: Walking Wake
|-end|p1a: Walking Wake|Protosynthesis|[silent]
|
|upkeep
|
|t:|1757834692
|switch|p1a: Ting-Lu|Ting-Lu|100/100
|switch|p2a: Blaziken|Blaziken, M|100/100
|-ability|p1a: Ting-Lu|Vessel of Ruin
|turn|2
|
|t:|1757834699
|move|p2a: Blaziken|Close Combat|p1a: Ting-Lu
|-supereffective|p1a: Ting-Lu
|-damage|p1a: Ting-Lu|31/100
|-unboost|p2a: Blaziken|def|1
|-unboost|p2a: Blaziken|spd|1
|-damage|p2a: Blaziken|84/100|[from] item: Rocky Helmet|[of] p1a: Ting-Lu
|-damage|p2a: Blaziken|74/100|[from] item: Life Orb
|move|p1a: Ting-Lu|Whirlwind|p2a: Blaziken
|drag|p2a: Iron Treads|Iron Treads|100/100
|
|upkeep
|turn|3
|
|t:|1757834717
|-end|p2a: Iron Treads|Quark Drive|[silent]
|switch|p2a: Salamence|Salamence, F|100/100
|switch|p1a: Chesnaught|Chesnaught, M|100/100
|
|upkeep
|turn|4
|
|t:|1757834732
|-terastallize|p2a: Salamence|Fairy
|move|p2a: Salamence|Tera Blast|p1a: Chesnaught|[anim] Tera Blast Fairy
|-supereffective|p1a: Chesnaught
|-damage|p1a: Chesnaught|51/100
|move|p1a: Chesnaught|Spikes|p2a: Salamence
|-sidestart|p2: malk tyme|Spikes
|
|upkeep
|turn|5
|
|t:|1757834746
|switch|p1a: Ting-Lu|Ting-Lu|31/100
|-ability|p1a: Ting-Lu|Vessel of Ruin
|move|p2a: Salamence|Tera Blast|p1a: Ting-Lu|[anim] Tera Blast Fairy
|-supereffective|p1a: Ting-Lu
|-damage|p1a: Ting-Lu|0 fnt
|faint|p1a: Ting-Lu
|-ability|p2a: Salamence|Moxie|boost
|-boost|p2a: Salamence|atk|1
|
|upkeep
|
|t:|1757834754
|switch|p1a: Metagross|Metagross|100/100
|turn|6
|
|t:|1757834759
|switch|p2a: Iron Treads|Iron Treads|100/100
|move|p1a: Metagross|Agility|p1a: Metagross
|-boost|p1a: Metagross|spe|2
|
|upkeep
|turn|7
|
|t:|1757834769
|move|p1a: Metagross|Earthquake|p2a: Iron Treads
|-supereffective|p2a: Iron Treads
|-damage|p2a: Iron Treads|41/100
|move|p2a: Iron Treads|Rapid Spin|p1a: Metagross
|-resisted|p1a: Metagross
|-damage|p1a: Metagross|96/100
|-boost|p2a: Iron Treads|spe|1
|-sideend|p2: malk tyme|Spikes|[from] move: Rapid Spin|[of] p2a: Iron Treads
|
|upkeep
|turn|8
|
|t:|1757834776
|move|p2a: Iron Treads|Endeavor|p1a: Metagross
|-damage|p1a: Metagross|45/100
|move|p1a: Metagross|Earthquake|p2a: Iron Treads
|-supereffective|p2a: Iron Treads
|-crit|p2a: Iron Treads
|-damage|p2a: Iron Treads|0 fnt
|faint|p2a: Iron Treads
|-end|p2a: Iron Treads|Quark Drive|[silent]
|
|upkeep
|
|t:|1757834787
|switch|p2a: Salamence|Salamence, F, tera:Fairy|100/100
|turn|9
|
|t:|1757834791
|move|p2a: Salamence|Earthquake|p1a: Metagross
|-supereffective|p1a: Metagross
|-damage|p1a: Metagross|0 fnt
|faint|p1a: Metagross
|-ability|p2a: Salamence|Moxie|boost
|-boost|p2a: Salamence|atk|1
|
|upkeep
|
|t:|1757834803
|switch|p1a: Kyurem|Kyurem|100/100
|-ability|p1a: Kyurem|Pressure
|turn|10
|
|t:|1757834832
|move|p2a: Salamence|Earthquake|p1a: Kyurem
|-damage|p1a: Kyurem|45/100
|move|p1a: Kyurem|Substitute|p1a: Kyurem
|-start|p1a: Kyurem|Substitute
|-damage|p1a: Kyurem|20/100
|
|-heal|p1a: Kyurem|27/100|[from] item: Leftovers
|upkeep
|turn|11
|
|t:|1757834840
|move|p2a: Salamence|Earthquake|p1a: Kyurem
|-end|p1a: Kyurem|Substitute
|move|p1a: Kyurem|Ice Beam|p2a: Salamence
|-damage|p2a: Salamence|41/100
|-status|p2a: Salamence|frz
|
|-heal|p1a: Kyurem|33/100|[from] item: Leftovers
|upkeep
|turn|12
|
|t:|1757834848
|cant|p2a: Salamence|frz
|move|p1a: Kyurem|Substitute|p1a: Kyurem
|-start|p1a: Kyurem|Substitute
|-damage|p1a: Kyurem|8/100
|
|-heal|p1a: Kyurem|14/100|[from] item: Leftovers
|upkeep
|turn|13
|
|t:|1757834854
|cant|p2a: Salamence|frz
|move|p1a: Kyurem|Ice Beam|p2a: Salamence
|-damage|p2a: Salamence|0 fnt
|faint|p2a: Salamence
|
|-heal|p1a: Kyurem|20/100|[from] item: Leftovers
|upkeep
|
|t:|1757834858
|switch|p2a: Meloetta|Meloetta|100/100
|turn|14
|
|t:|1757834866
|move|p1a: Kyurem|Ice Beam|p2a: Meloetta
|-damage|p2a: Meloetta|70/100
|move|p2a: Meloetta|Tera Blast|p1a: Kyurem
|-end|p1a: Kyurem|Substitute
|
|-heal|p1a: Kyurem|26/100|[from] item: Leftovers
|upkeep
|turn|15
|
|t:|1757834874
|switch|p1a: Gholdengo|Gholdengo|100/100
|move|p2a: Meloetta|Psychic|p1a: Gholdengo
|-resisted|p1a: Gholdengo
|-damage|p1a: Gholdengo|68/100
|
|upkeep
|turn|16
|
|t:|1757834891
|switch|p2a: Dondozo|Dondozo, M|100/100
|move|p1a: Gholdengo|Trick|p2a: Dondozo
|-activate|p1a: Gholdengo|move: Trick|[of] p2a: Dondozo
|-item|p2a: Dondozo|Choice Scarf|[from] move: Trick
|-item|p1a: Gholdengo|Leftovers|[from] move: Trick
|
|-heal|p1a: Gholdengo|74/100|[from] item: Leftovers
|upkeep
|turn|17
|
|t:|1757834898
|switch|p1a: Chesnaught|Chesnaught, M|51/100
|switch|p2a: Blaziken|Blaziken, M|74/100
|
|upkeep
|turn|18
|
|t:|1757834905
|move|p2a: Blaziken|Blaze Kick|p1a: Chesnaught
|-supereffective|p1a: Chesnaught
|-damage|p1a: Chesnaught|0 fnt
|-damage|p2a: Blaziken|57/100|[from] item: Rocky Helmet|[of] p1a: Chesnaught
|faint|p1a: Chesnaught
|-damage|p2a: Blaziken|47/100|[from] item: Life Orb
|
|-ability|p2a: Blaziken|Speed Boost|boost
|-boost|p2a: Blaziken|spe|1
|upkeep
|
|t:|1757834915
|switch|p1a: Gholdengo|Gholdengo|74/100
|turn|19
|
|t:|1757834924
|-terastallize|p1a: Gholdengo|Steel
|move|p2a: Blaziken|Blaze Kick|p1a: Gholdengo
|-supereffective|p1a: Gholdengo
|-damage|p1a: Gholdengo|0 fnt
|faint|p1a: Gholdengo
|-damage|p2a: Blaziken|37/100|[from] item: Life Orb
|
|-ability|p2a: Blaziken|Speed Boost|boost
|-boost|p2a: Blaziken|spe|1
|upkeep
|-message|CJKchen forfeited.
|
|win|malk tyme
|raw|CJKchen's rating: 1436 &rarr; <strong>1415</strong><br />(-21 for losing)
|raw|malk tyme's rating: 1422 &rarr; <strong>1443</strong><br />(+21 for winning)
|l|☆CJKchen
|player|p1|
|l|☆malk tyme
|player|p2|
