|j|☆kiriyo381
|j|☆will114
|t:|1757959220
|gametype|singles
|player|p1|kiriyo381|dragontamer|1311
|player|p2|will114|shadowtriad|1314
|gen|9
|tier|[Gen 9] OU
|rated|
|rule|HP Percentage Mod: HP is shown in percentages
|rule|Endless Battle Clause: Forcing endless battles is banned
|rule|Species Clause: Limit one of each Pokémon
|rule|OHKO Clause: OHKO moves are banned
|rule|Evasion Items Clause: Evasion items are banned
|rule|Evasion Moves Clause: Evasion moves are banned
|rule|Evasion Abilities Clause: Evasion abilities are banned
|rule|Sleep Moves Clause: Sleep-inducing moves are banned
|clearpoke
|poke|p1|Dragonite, F|
|poke|p1|Ninetales, F|
|poke|p1|Venusaur, M|
|poke|p1|Blaziken, M|
|poke|p1|Forretress, M|
|poke|p1|Goodra-Hisui, F|
|poke|p2|Zamazenta-*|
|poke|p2|Ninetales-Alola, F|
|poke|p2|Darkrai|
|poke|p2|Ceruledge, F|
|poke|p2|Hatterene, F|
|poke|p2|Gliscor, M|
|teampreview
|inactive|Battle timer is ON: inactive players will automatically lose when time's up. (requested by kiriyo381)
|j| SrZalex
|
|t:|1757959229
|teamsize|p1|6
|teamsize|p2|6
|start
|switch|p1a: Ball|Forretress, M|100/100
|switch|p2a: Gliscor|Gliscor, M|100/100
|turn|1
|
|t:|1757959255
|switch|p2a: Hatterene|Hatterene, F|100/100
|move|p1a: Ball|Stealth Rock|p2a: Hatterene
|move|p2a: Hatterene|Stealth Rock|p1a: Ball|[from] ability: Magic Bounce
|-sidestart|p1: kiriyo381|move: Stealth Rock
|
|upkeep
|turn|2
|
|t:|1757959269
|move|p1a: Ball|Rapid Spin|p2a: Hatterene
|-crit|p2a: Hatterene
|-damage|p2a: Hatterene|88/100
|-boost|p1a: Ball|spe|1
|-sideend|p1: kiriyo381|Stealth Rock|[from] move: Rapid Spin|[of] p1a: Ball
|move|p2a: Hatterene|Nuzzle|p1a: Ball
|-crit|p1a: Ball
|-damage|p1a: Ball|97/100
|-status|p1a: Ball|par
|
|-heal|p2a: Hatterene|94/100|[from] item: Leftovers
|-heal|p1a: Ball|100/100 par|[from] item: Leftovers
|upkeep
|turn|3
|l| SrZalex
|inactive|will114 has 120 seconds left.
|
|t:|1757959300
|switch|p2a: Ceruledge|Ceruledge, F|100/100
|switch|p1a: Moodra|Goodra-Hisui, F|100/100
|
|upkeep
|turn|4
|
|t:|1757959308
|switch|p1a: Tails|Ninetales, F|100/100
|-weather|SunnyDay|[from] ability: Drought|[of] p1a: Tails
|move|p2a: Ceruledge|Bitter Blade|p1a: Tails
|-resisted|p1a: Tails
|-damage|p1a: Tails|56/100
|
|-weather|SunnyDay|[upkeep]
|upkeep
|turn|5
|inactive|will114 has 120 seconds left.
|
|t:|1757959318
|move|p1a: Tails|Memento|p2a: Ceruledge
|-unboost|p2a: Ceruledge|atk|2
|-unboost|p2a: Ceruledge|spa|2
|faint|p1a: Tails
|move|p2a: Ceruledge|Poltergeist|p1: Tails|[notarget]
|-fail|p2a: Ceruledge
|
|-weather|SunnyDay|[upkeep]
|upkeep
|
|t:|1757959326
|switch|p1a: Bulba|Venusaur, M|100/100
|turn|6
|
|t:|1757959331
|switch|p2a: Hatterene|Hatterene, F|94/100
|move|p1a: Bulba|Growth|p1a: Bulba
|-boost|p1a: Bulba|atk|2
|-boost|p1a: Bulba|spa|2
|
|-weather|SunnyDay|[upkeep]
|-heal|p2a: Hatterene|99/100|[from] item: Leftovers
|upkeep
|turn|7
|inactive|will114 has 120 seconds left.
|
|t:|1757959363
|move|p1a: Bulba|Solar Beam||[still]
|-prepare|p1a: Bulba|Solar Beam
|-anim|p1a: Bulba|Solar Beam|p2a: Hatterene
|-damage|p2a: Hatterene|0 fnt
|faint|p2a: Hatterene
|-damage|p1a: Bulba|91/100|[from] item: Life Orb
|
|-weather|SunnyDay|[upkeep]
|upkeep
|
|t:|1757959387
|switch|p2a: Ceruledge|Ceruledge, F|100/100
|turn|8
|
|t:|1757959398
|-terastallize|p1a: Bulba|Fire
|move|p1a: Bulba|Earth Power|p2a: Ceruledge
|-supereffective|p2a: Ceruledge
|-enditem|p2a: Ceruledge|Focus Sash
|-damage|p2a: Ceruledge|1/100
|-damage|p1a: Bulba|81/100|[from] item: Life Orb
|move|p2a: Ceruledge|Bitter Blade|p1a: Bulba
|-resisted|p1a: Bulba
|-damage|p1a: Bulba|41/100
|-heal|p2a: Ceruledge|18/100|[from] drain|[of] p1a: Bulba
|
|-weather|SunnyDay|[upkeep]
|upkeep
|turn|9
|
|t:|1757959414
|move|p1a: Bulba|Weather Ball|p2a: Ceruledge
|-resisted|p2a: Ceruledge
|-crit|p2a: Ceruledge
|-damage|p2a: Ceruledge|0 fnt
|faint|p2a: Ceruledge
|-damage|p1a: Bulba|31/100|[from] item: Life Orb
|
|-weather|SunnyDay|[upkeep]
|upkeep
|
|t:|1757959421
|switch|p2a: Ninetales|Ninetales-Alola, F|100/100
|-weather|Snowscape|[from] ability: Snow Warning|[of] p2a: Ninetales
|turn|10
|
|t:|1757959428
|move|p2a: Ninetales|Aurora Veil|p2a: Ninetales
|-sidestart|p2: will114|move: Aurora Veil
|move|p1a: Bulba|Earth Power|p2a: Ninetales
|-damage|p2a: Ninetales|63/100
|-damage|p1a: Bulba|21/100|[from] item: Life Orb
|
|-weather|Snowscape|[upkeep]
|upkeep
|turn|11
|
|t:|1757959448
|switch|p2a: Gliscor|Gliscor, M|100/100
|move|p1a: Bulba|Earth Power|p2a: Gliscor
|-immune|p2a: Gliscor
|
|-weather|Snowscape|[upkeep]
|-status|p2a: Gliscor|tox|[from] item: Toxic Orb
|upkeep
|turn|12
|inactive|will114 has 120 seconds left.
|
|t:|1757959457
|switch|p2a: Ninetales|Ninetales-Alola, F|63/100
|move|p1a: Bulba|Weather Ball|p2a: Ninetales
|-resisted|p2a: Ninetales
|-damage|p2a: Ninetales|42/100
|-damage|p1a: Bulba|11/100|[from] item: Life Orb
|
|-weather|Snowscape|[upkeep]
|upkeep
|turn|13
|
|t:|1757959465
|move|p2a: Ninetales|Moonblast|p1a: Bulba
|-resisted|p1a: Bulba
|-damage|p1a: Bulba|0 fnt
|faint|p1a: Bulba
|
|-weather|Snowscape|[upkeep]
|upkeep
|
|t:|1757959469
|switch|p1a: Dracy|Dragonite, F, shiny|100/100
|turn|14
|
|t:|1757959474
|move|p2a: Ninetales|Aurora Veil||[still]
|-fail|p2a: Ninetales
|move|p1a: Dracy|Dragon Dance|p1a: Dracy
|-boost|p1a: Dracy|atk|1
|-boost|p1a: Dracy|spe|1
|
|-weather|none
|upkeep
|turn|15
|
|t:|1757959489
|move|p1a: Dracy|Dragon Dance|p1a: Dracy
|-boost|p1a: Dracy|atk|1
|-boost|p1a: Dracy|spe|1
|move|p2a: Ninetales|Freeze-Dry|p1a: Dracy
|-supereffective|p1a: Dracy
|-damage|p1a: Dracy|55/100
|-enditem|p1a: Dracy|Weakness Policy
|-boost|p1a: Dracy|atk|2|[from] item: Weakness Policy
|-boost|p1a: Dracy|spa|2|[from] item: Weakness Policy
|
|upkeep
|turn|16
|
|t:|1757959501
|move|p1a: Dracy|Earthquake|p2a: Ninetales
|-damage|p2a: Ninetales|0 fnt
|faint|p2a: Ninetales
|
|upkeep
|
|t:|1757959507
|switch|p2a: Darkrai|Darkrai|100/100
|turn|17
|
|t:|1757959515
|move|p1a: Dracy|Dragon Claw|p2a: Darkrai
|-damage|p2a: Darkrai|5/100
|move|p2a: Darkrai|Dark Pulse|p1a: Dracy
|-crit|p1a: Dracy
|-damage|p1a: Dracy|0 fnt
|faint|p1a: Dracy
|-damage|p2a: Darkrai|0 fnt|[from] item: Life Orb
|faint|p2a: Darkrai
|
|-sideend|p2: will114|move: Aurora Veil
|upkeep
|
|t:|1757959529
|switch|p2a: Gliscor|Gliscor, M|100/100 tox
|switch|p1a: Ball|Forretress, M|100/100 par
|turn|18
|
|t:|1757959534
|move|p2a: Gliscor|Swords Dance|p2a: Gliscor
|-boost|p2a: Gliscor|atk|2
|move|p1a: Ball|Toxic Spikes|p2a: Gliscor
|-sidestart|p2: will114|move: Toxic Spikes
|
|upkeep
|turn|19
|
|t:|1757959540
|move|p2a: Gliscor|Swords Dance|p2a: Gliscor
|-boost|p2a: Gliscor|atk|2
|cant|p1a: Ball|par
|
|upkeep
|turn|20
|
|t:|1757959547
|move|p2a: Gliscor|Earthquake|p1a: Ball
|-crit|p1a: Ball
|-damage|p1a: Ball|11/100 par
|move|p1a: Ball|Toxic Spikes|p2a: Gliscor
|-sidestart|p2: will114|move: Toxic Spikes
|
|-heal|p1a: Ball|17/100 par|[from] item: Leftovers
|upkeep
|turn|21
|
|t:|1757959562
|move|p2a: Gliscor|Earthquake|p1a: Ball
|-damage|p1a: Ball|0 fnt
|faint|p1a: Ball
|
|upkeep
|
|t:|1757959564
|switch|p1a: Nugget|Blaziken, M|100/100
|turn|22
|
|t:|1757959569
|move|p2a: Gliscor|Earthquake|p1a: Nugget
|-supereffective|p1a: Nugget
|-enditem|p1a: Nugget|Focus Sash
|-damage|p1a: Nugget|1/100
|move|p1a: Nugget|Swords Dance|p1a: Nugget
|-boost|p1a: Nugget|atk|2
|
|-ability|p1a: Nugget|Speed Boost|boost
|-boost|p1a: Nugget|spe|1
|upkeep
|turn|23
|
|t:|1757959578
|move|p1a: Nugget|Reversal|p2a: Gliscor
|-resisted|p2a: Gliscor
|-crit|p2a: Gliscor
|-damage|p2a: Gliscor|0 fnt
|faint|p2a: Gliscor
|
|-ability|p1a: Nugget|Speed Boost|boost
|-boost|p1a: Nugget|spe|1
|upkeep
|
|t:|1757959584
|switch|p2a: Zamazenta|Zamazenta|100/100
|-status|p2a: Zamazenta|tox
|-ability|p2a: Zamazenta|Dauntless Shield|boost
|-boost|p2a: Zamazenta|def|1
|turn|24
|
|t:|1757959591
|move|p1a: Nugget|Reversal|p2a: Zamazenta
|-damage|p2a: Zamazenta|0 fnt
|faint|p2a: Zamazenta
|
|win|kiriyo381
|raw|kiriyo381's rating: 1311 &rarr; <strong>1331</strong><br />(+20 for winning)
|raw|will114's rating: 1314 &rarr; <strong>1294</strong><br />(-20 for losing)
|l|☆will114
|player|p2|
