|j|☆leblondejames21
|j|☆TheSinXer
|t:|1757953238
|gametype|singles
|player|p1|leblondejames21|1|1221
|player|p2|TheSinXer|169|1263
|gen|9
|tier|[Gen 9] OU
|rated|
|rule|HP Percentage Mod: HP is shown in percentages
|rule|Endless Battle Clause: Forcing endless battles is banned
|rule|Species Clause: Limit one of each Pokémon
|rule|OHKO Clause: OHKO moves are banned
|rule|Evasion Items Clause: Evasion items are banned
|rule|Evasion Moves Clause: Evasion moves are banned
|rule|Evasion Abilities Clause: Evasion abilities are banned
|rule|Sleep Moves Clause: Sleep-inducing moves are banned
|clearpoke
|poke|p1|Araquanid, F|
|poke|p1|Gholdengo|
|poke|p1|Muk-Alola, F|
|poke|p1|Comfey, F|
|poke|p1|Iron Jugulis|
|poke|p1|Great Tusk|
|poke|p2|Munkidori, M|
|poke|p2|Dragapult, M|
|poke|p2|Tinkaton, F|
|poke|p2|Manaphy|
|poke|p2|Conkeldurr, M|
|poke|p2|Talonflame, M|
|teampreview
|inactive|Battle timer is ON: inactive players will automatically lose when time's up. (requested by TheSinXer)
|
|t:|1757953270
|teamsize|p1|6
|teamsize|p2|6
|start
|switch|p1a: Araquanid|Araquanid, F|100/100
|switch|p2a: *Bonk*|Tinkaton, F|100/100
|-item|p2a: *Bonk*|Air Balloon
|turn|1
|
|t:|1757953293
|move|p2a: *Bonk*|Thunder Wave|p1a: Araquanid
|-status|p1a: Araquanid|par
|move|p1a: Araquanid|Sticky Web|p2a: *Bonk*
|-sidestart|p2: TheSinXer|move: Sticky Web
|
|upkeep
|turn|2
|
|t:|1757953311
|move|p2a: *Bonk*|Encore|p1a: Araquanid
|-start|p1a: Araquanid|Encore
|cant|p1a: Araquanid|par
|
|upkeep
|turn|3
|
|t:|1757953323
|switch|p1a: Gholdengo|Gholdengo|100/100
|move|p2a: *Bonk*|Gigaton Hammer|p1a: Gholdengo
|-resisted|p1a: Gholdengo
|-damage|p1a: Gholdengo|62/100
|
|upkeep
|turn|4
|
|t:|1757953352
|move|p1a: Gholdengo|Recover|p1a: Gholdengo
|-heal|p1a: Gholdengo|100/100
|move|p2a: *Bonk*|Play Rough|p1a: Gholdengo
|-resisted|p1a: Gholdengo
|-damage|p1a: Gholdengo|82/100
|
|upkeep
|turn|5
|
|t:|1757953360
|move|p1a: Gholdengo|Nasty Plot|p1a: Gholdengo
|-boost|p1a: Gholdengo|spa|2
|move|p2a: *Bonk*|Gigaton Hammer|p1a: Gholdengo
|-resisted|p1a: Gholdengo
|-damage|p1a: Gholdengo|47/100
|
|upkeep
|turn|6
|
|t:|1757953366
|move|p1a: Gholdengo|Recover|p1a: Gholdengo
|-heal|p1a: Gholdengo|97/100
|move|p2a: *Bonk*|Play Rough|p1a: Gholdengo
|-resisted|p1a: Gholdengo
|-damage|p1a: Gholdengo|76/100
|
|upkeep
|turn|7
|
|t:|1757953377
|move|p1a: Gholdengo|Recover|p1a: Gholdengo
|-heal|p1a: Gholdengo|100/100
|move|p2a: *Bonk*|Gigaton Hammer|p1a: Gholdengo
|-resisted|p1a: Gholdengo
|-damage|p1a: Gholdengo|66/100
|
|upkeep
|turn|8
|
|t:|1757953383
|move|p1a: Gholdengo|Nasty Plot|p1a: Gholdengo
|-boost|p1a: Gholdengo|spa|2
|move|p2a: *Bonk*|Encore|p1a: Gholdengo
|-immune|p1a: Gholdengo|[from] ability: Good as Gold
|
|upkeep
|turn|9
|
|t:|1757953395
|move|p1a: Gholdengo|Recover|p1a: Gholdengo
|-heal|p1a: Gholdengo|100/100
|move|p2a: *Bonk*|Gigaton Hammer|p1a: Gholdengo
|-resisted|p1a: Gholdengo
|-damage|p1a: Gholdengo|66/100
|
|upkeep
|turn|10
|
|t:|1757953406
|move|p1a: Gholdengo|Recover|p1a: Gholdengo
|-heal|p1a: Gholdengo|100/100
|move|p2a: *Bonk*|Play Rough|p1a: Gholdengo
|-resisted|p1a: Gholdengo
|-damage|p1a: Gholdengo|82/100
|
|upkeep
|turn|11
|inactive|TheSinXer has 120 seconds left.
|
|t:|1757953438
|move|p1a: Gholdengo|Shadow Ball|p2a: *Bonk*
|-damage|p2a: *Bonk*|0 fnt
|-enditem|p2a: *Bonk*|Air Balloon
|faint|p2a: *Bonk*
|
|upkeep
|
|t:|1757953441
|switch|p2a: Air Jordan's|Talonflame, M, shiny|100/100
|turn|12
|
|t:|1757953449
|move|p2a: Air Jordan's|Flare Blitz|p1a: Gholdengo
|-supereffective|p1a: Gholdengo
|-damage|p1a: Gholdengo|0 fnt
|faint|p1a: Gholdengo
|-damage|p2a: Air Jordan's|72/100|[from] Recoil
|
|upkeep
|
|t:|1757953461
|switch|p1a: Araquanid|Araquanid, F|100/100 par
|turn|13
|inactive|TheSinXer has 120 seconds left.
|
|t:|1757953497
|move|p2a: Air Jordan's|Brave Bird|p1a: Araquanid
|-supereffective|p1a: Araquanid
|-damage|p1a: Araquanid|11/100 par
|-damage|p2a: Air Jordan's|45/100|[from] Recoil
|-enditem|p1a: Araquanid|Red Card|[of] p2a: Air Jordan's
|drag|p2a: Bo'oh'o'wa'ah|Manaphy|100/100
|-activate|p2a: Bo'oh'o'wa'ah|move: Sticky Web
|-unboost|p2a: Bo'oh'o'wa'ah|spe|1
|move|p1a: Araquanid|Liquidation|p2a: Bo'oh'o'wa'ah
|-resisted|p2a: Bo'oh'o'wa'ah
|-damage|p2a: Bo'oh'o'wa'ah|75/100
|
|upkeep
|turn|14
|inactive|TheSinXer has 120 seconds left.
|
|t:|1757953521
|move|p2a: Bo'oh'o'wa'ah|Ice Beam|p1a: Araquanid
|-resisted|p1a: Araquanid
|-damage|p1a: Araquanid|0 fnt
|faint|p1a: Araquanid
|
|upkeep
|
|t:|1757953530
|switch|p1a: Comfey|Comfey, F|100/100
|turn|15
|inactive|TheSinXer has 120 seconds left.
|
|t:|1757953538
|move|p1a: Comfey|Calm Mind|p1a: Comfey
|-boost|p1a: Comfey|spa|1
|-boost|p1a: Comfey|spd|1
|move|p2a: Bo'oh'o'wa'ah|Hydro Pump|p1a: Comfey
|-damage|p1a: Comfey|62/100
|
|upkeep
|turn|16
|
|t:|1757953546
|move|p1a: Comfey|Giga Drain|p2a: Bo'oh'o'wa'ah
|-supereffective|p2a: Bo'oh'o'wa'ah
|-damage|p2a: Bo'oh'o'wa'ah|0 fnt
|-heal|p1a: Comfey|100/100|[from] drain|[of] p2a: Bo'oh'o'wa'ah
|faint|p2a: Bo'oh'o'wa'ah
|-damage|p1a: Comfey|90/100|[from] item: Life Orb
|
|upkeep
|inactive|TheSinXer has 120 seconds left.
|
|t:|1757953562
|switch|p2a: Air Jordan's|Talonflame, M, shiny|45/100
|turn|17
|
|t:|1757953587
|switch|p1a: Muk|Muk-Alola, F|100/100
|move|p2a: Air Jordan's|Defog|p1a: Muk
|-unboost|p1a: Muk|evasion|1
|-sideend|p2: TheSinXer|Sticky Web|[from] move: Defog|[of] p2a: Air Jordan's
|
|upkeep
|turn|18
|inactive|TheSinXer has 120 seconds left.
|
|t:|1757953603
|move|p2a: Air Jordan's|Will-O-Wisp|p1a: Muk
|-status|p1a: Muk|brn
|move|p1a: Muk|Knock Off|p2a: Air Jordan's
|-damage|p2a: Air Jordan's|9/100
|-enditem|p2a: Air Jordan's|Heavy-Duty Boots|[from] move: Knock Off|[of] p1a: Muk
|
|-damage|p1a: Muk|94/100 brn|[from] brn
|upkeep
|turn|19
|inactive|TheSinXer has 120 seconds left.
|inactive|leblondejames21 has 120 seconds left.
|
|t:|1757953630
|move|p2a: Air Jordan's|Flare Blitz|p1a: Muk
|-damage|p1a: Muk|48/100 brn
|-damage|p2a: Air Jordan's|0 fnt|[from] Recoil
|faint|p2a: Air Jordan's
|move|p1a: Muk|Poison Jab|p2: Air Jordan's|[notarget]
|-fail|p1a: Muk
|
|-heal|p1a: Muk|54/100 brn|[from] item: Leftovers
|-damage|p1a: Muk|48/100 brn|[from] brn
|upkeep
|inactive|TheSinXer has 120 seconds left.
|
|t:|1757953652
|switch|p2a: Juan Punch|Conkeldurr, M|100/100
|turn|20
|
|t:|1757953661
|switch|p1a: Great Tusk|Great Tusk|100/100
|move|p2a: Juan Punch|Bulk Up|p2a: Juan Punch
|-boost|p2a: Juan Punch|atk|1
|-boost|p2a: Juan Punch|def|1
|
|upkeep
|turn|21
|inactive|leblondejames21 has 120 seconds left.
|
|t:|1757953682
|move|p1a: Great Tusk|Rapid Spin|p2a: Juan Punch
|-damage|p2a: Juan Punch|90/100
|-boost|p1a: Great Tusk|spe|1
|move|p2a: Juan Punch|Dynamic Punch|p1a: Great Tusk
|-damage|p1a: Great Tusk|30/100
|-start|p1a: Great Tusk|confusion
|
|upkeep
|turn|22
|inactive|leblondejames21 has 120 seconds left.
|
|t:|1757953690
|-activate|p1a: Great Tusk|confusion
|-damage|p1a: Great Tusk|22/100|[from] confusion
|move|p2a: Juan Punch|Dynamic Punch|p1a: Great Tusk|[miss]
|-miss|p2a: Juan Punch|p1a: Great Tusk
|-enditem|p2a: Juan Punch|Blunder Policy
|-boost|p2a: Juan Punch|spe|2
|
|upkeep
|turn|23
|
|t:|1757953698
|move|p2a: Juan Punch|Drain Punch|p1a: Great Tusk
|-damage|p1a: Great Tusk|0 fnt
|-heal|p2a: Juan Punch|100/100|[from] drain|[of] p1a: Great Tusk
|faint|p1a: Great Tusk
|-end|p1a: Great Tusk|Protosynthesis|[silent]
|
|upkeep
|
|t:|1757953703
|switch|p1a: Comfey|Comfey, F|90/100
|turn|24
|
|t:|1757953708
|-terastallize|p2a: Juan Punch|Ground
|move|p1a: Comfey|Draining Kiss|p2a: Juan Punch
|-damage|p2a: Juan Punch|64/100
|-heal|p1a: Comfey|100/100|[from] drain|[of] p2a: Juan Punch
|-damage|p1a: Comfey|90/100|[from] item: Life Orb
|move|p2a: Juan Punch|Stomping Tantrum|p1a: Comfey
|-damage|p1a: Comfey|7/100
|
|upkeep
|turn|25
|
|t:|1757953718
|move|p1a: Comfey|Giga Drain|p2a: Juan Punch
|-supereffective|p2a: Juan Punch
|-damage|p2a: Juan Punch|0 fnt
|-heal|p1a: Comfey|48/100|[from] drain|[of] p2a: Juan Punch
|faint|p2a: Juan Punch
|-damage|p1a: Comfey|38/100|[from] item: Life Orb
|
|upkeep
|
|t:|1757953722
|switch|p2a: Monke|Munkidori, M|100/100
|turn|26
|
|t:|1757953733
|switch|p1a: Muk|Muk-Alola, F|48/100 brn
|move|p2a: Monke|Sludge Wave|p1a: Muk
|-resisted|p1a: Muk
|-damage|p1a: Muk|22/100 brn
|-damage|p2a: Monke|91/100|[from] item: Life Orb
|
|-heal|p1a: Muk|28/100 brn|[from] item: Leftovers
|-damage|p1a: Muk|22/100 brn|[from] brn
|upkeep
|turn|27
|
|t:|1757953746
|move|p2a: Monke|Tera Blast|p1a: Muk
|-damage|p1a: Muk|0 fnt
|faint|p1a: Muk
|-damage|p2a: Monke|81/100|[from] item: Life Orb
|
|upkeep
|
|t:|1757953752
|switch|p1a: Iron Jugulis|Iron Jugulis|100/100
|turn|28
|
|t:|1757953761
|move|p1a: Iron Jugulis|Dark Pulse|p2a: Monke
|-supereffective|p2a: Monke
|-damage|p2a: Monke|0 fnt
|faint|p2a: Monke
|
|upkeep
|
|t:|1757953765
|switch|p2a: Kachow|Dragapult, M, shiny|100/100
|turn|29
|-message|TheSinXer forfeited.
|
|win|leblondejames21
|raw|leblondejames21's rating: 1221 &rarr; <strong>1249</strong><br />(+28 for winning)
|raw|TheSinXer's rating: 1263 &rarr; <strong>1235</strong><br />(-28 for losing)
|l|☆TheSinXer
|player|p2|
|c|☆leblondejames21|gg
