|j|☆Swagachu125
|j|☆Vitoran
|t:|1757874603
|gametype|singles
|player|p1|Swagachu125|will|1661
|player|p2|Vitoran|#rbyplvmightymagmars|1714
|gen|9
|tier|[Gen 9] OU
|rated|
|rule|HP Percentage Mod: HP is shown in percentages
|rule|Endless Battle Clause: Forcing endless battles is banned
|rule|Species Clause: Limit one of each Pokémon
|rule|OHKO Clause: OHKO moves are banned
|rule|Evasion Items Clause: Evasion items are banned
|rule|Evasion Moves Clause: Evasion moves are banned
|rule|Evasion Abilities Clause: Evasion abilities are banned
|rule|Sleep Moves Clause: Sleep-inducing moves are banned
|clearpoke
|poke|p1|Gallade, M|
|poke|p1|Landorus-Therian, M|
|poke|p1|Dragapult, M|
|poke|p1|Samurott-Hisui, F|
|poke|p1|Corviknight, F|
|poke|p1|Slowking-Galar, F|
|poke|p2|Weavile, F|
|poke|p2|Samurott-Hisui, F|
|poke|p2|Gholdengo|
|poke|p2|Great Tusk|
|poke|p2|Pecharunt|
|poke|p2|Kingambit, F|
|teampreview
|inactive|Battle timer is ON: inactive players will automatically lose when time's up. (requested by Vitoran)
|inactive|Swagachu125 also wants the timer to be on.
|c|☆Vitoran|glhf
|
|t:|1757874619
|teamsize|p1|6
|teamsize|p2|6
|start
|switch|p1a: Gallade|Gallade, M|100/100
|switch|p2a: Great Tusk|Great Tusk|100/100
|-enditem|p2a: Great Tusk|Booster Energy
|-activate|p2a: Great Tusk|ability: Protosynthesis|[fromitem]
|-start|p2a: Great Tusk|protosynthesisspe
|turn|1
|
|t:|1757874632
|switch|p1a: Corviknight|Corviknight, F|100/100
|-ability|p1a: Corviknight|Pressure
|move|p2a: Great Tusk|Stealth Rock|p1a: Corviknight
|-sidestart|p1: Swagachu125|move: Stealth Rock
|
|upkeep
|turn|2
|
|t:|1757874635
|-end|p2a: Great Tusk|Protosynthesis|[silent]
|switch|p2a: Gholdengo|Gholdengo|100/100
|move|p1a: Corviknight|U-turn|p2a: Gholdengo
|-resisted|p2a: Gholdengo
|-damage|p2a: Gholdengo|97/100
|
|t:|1757874637
|switch|p1a: Landorus|Landorus-Therian, M|100/100|[from] U-turn
|-damage|p1a: Landorus|88/100|[from] Stealth Rock
|-ability|p1a: Landorus|Intimidate|boost
|-unboost|p2a: Gholdengo|atk|1
|
|upkeep
|turn|3
|
|t:|1757874644
|switch|p2a: Great Tusk|Great Tusk|100/100
|switch|p1a: Samurott|Samurott-Hisui, F|100/100
|-damage|p1a: Samurott|88/100|[from] Stealth Rock
|
|upkeep
|turn|4
|
|t:|1757874651
|switch|p1a: Corviknight|Corviknight, F|100/100
|-damage|p1a: Corviknight|88/100|[from] Stealth Rock
|-ability|p1a: Corviknight|Pressure
|move|p2a: Great Tusk|Headlong Rush|p1a: Corviknight
|-immune|p1a: Corviknight
|
|-heal|p1a: Corviknight|94/100|[from] item: Leftovers
|upkeep
|turn|5
|
|t:|1757874656
|-end|p2a: Great Tusk|Protosynthesis|[silent]
|switch|p2a: Gholdengo|Gholdengo|97/100
|move|p1a: Corviknight|U-turn|p2a: Gholdengo
|-resisted|p2a: Gholdengo
|-damage|p2a: Gholdengo|93/100
|
|t:|1757874662
|switch|p1a: Samurott|Samurott-Hisui, F|88/100|[from] U-turn
|-damage|p1a: Samurott|75/100|[from] Stealth Rock
|
|upkeep
|turn|6
|
|t:|1757874669
|switch|p2a: Samurott|Samurott-Hisui, F|100/100
|move|p1a: Samurott|Razor Shell|p2a: Samurott
|-resisted|p2a: Samurott
|-damage|p2a: Samurott|67/100
|
|upkeep
|turn|7
|
|t:|1757874677
|switch|p1a: Corviknight|Corviknight, F|94/100
|-damage|p1a: Corviknight|82/100|[from] Stealth Rock
|-ability|p1a: Corviknight|Pressure
|move|p2a: Samurott|Ceaseless Edge|p1a: Corviknight
|-damage|p1a: Corviknight|54/100
|-sidestart|p1: Swagachu125|Spikes
|
|-heal|p1a: Corviknight|61/100|[from] item: Leftovers
|upkeep
|turn|8
|
|t:|1757874683
|switch|p2a: Gholdengo|Gholdengo|93/100
|move|p1a: Corviknight|U-turn|p2a: Gholdengo
|-resisted|p2a: Gholdengo
|-damage|p2a: Gholdengo|89/100
|
|t:|1757874704
|switch|p1a: Samurott|Samurott-Hisui, F|75/100|[from] U-turn
|-damage|p1a: Samurott|63/100|[from] Stealth Rock
|-damage|p1a: Samurott|50/100|[from] Spikes
|
|upkeep
|turn|9
|
|t:|1757874709
|switch|p2a: Great Tusk|Great Tusk|100/100
|move|p1a: Samurott|Ceaseless Edge|p2a: Great Tusk
|-resisted|p2a: Great Tusk
|-damage|p2a: Great Tusk|86/100
|-sidestart|p2: Vitoran|Spikes
|
|upkeep
|turn|10
|
|t:|1757874716
|move|p2a: Great Tusk|Ice Spinner|p1a: Samurott
|-resisted|p1a: Samurott
|-damage|p1a: Samurott|37/100
|move|p1a: Samurott|Razor Shell|p2a: Great Tusk
|-supereffective|p2a: Great Tusk
|-damage|p2a: Great Tusk|18/100
|
|upkeep
|turn|11
|
|t:|1757874733
|move|p1a: Samurott|Sucker Punch|p2a: Great Tusk
|-resisted|p2a: Great Tusk
|-damage|p2a: Great Tusk|6/100
|move|p2a: Great Tusk|Headlong Rush|p1a: Samurott
|-damage|p1a: Samurott|0 fnt
|-unboost|p2a: Great Tusk|def|1
|-unboost|p2a: Great Tusk|spd|1
|faint|p1a: Samurott
|
|upkeep
|
|t:|1757874741
|switch|p1a: Dragapult|Dragapult, M|100/100
|turn|12
|
|t:|1757874746
|move|p1a: Dragapult|Hex|p2a: Great Tusk
|-crit|p2a: Great Tusk
|-damage|p2a: Great Tusk|0 fnt
|faint|p2a: Great Tusk
|-end|p2a: Great Tusk|Protosynthesis|[silent]
|
|upkeep
|
|t:|1757874760
|switch|p2a: Gholdengo|Gholdengo|89/100
|-damage|p2a: Gholdengo|77/100|[from] Spikes
|turn|13
|
|t:|1757874764
|switch|p1a: Slowking|Slowking-Galar, F|100/100
|move|p2a: Gholdengo|Shadow Ball|p1a: Slowking
|-supereffective|p1a: Slowking
|-damage|p1a: Slowking|50/100
|
|upkeep
|turn|14
|
|t:|1757874780
|switch|p2a: Samurott|Samurott-Hisui, F|67/100
|-damage|p2a: Samurott|54/100|[from] Spikes
|-terastallize|p1a: Slowking|Water
|-prepare|p1a: Slowking|Chilly Reception|[premajor]
|move|p1a: Slowking|Chilly Reception|p1a: Slowking
|-weather|Snowscape
|
|t:|1757874785
|switch|p1a: Gallade|Gallade, M|100/100|[from] Chilly Reception
|-damage|p1a: Gallade|94/100|[from] Stealth Rock
|-damage|p1a: Gallade|82/100|[from] Spikes
|
|-weather|Snowscape|[upkeep]
|upkeep
|turn|15
|
|t:|1757874793
|switch|p2a: Pecharunt|Pecharunt|100/100
|-item|p2a: Pecharunt|Air Balloon
|move|p1a: Gallade|Sacred Sword|p2a: Pecharunt
|-immune|p2a: Pecharunt
|
|-weather|Snowscape|[upkeep]
|upkeep
|turn|16
|
|t:|1757874813
|switch|p1a: Corviknight|Corviknight, F|61/100
|-damage|p1a: Corviknight|48/100|[from] Stealth Rock
|-ability|p1a: Corviknight|Pressure
|move|p2a: Pecharunt|Malignant Chain|p1a: Corviknight
|-immune|p1a: Corviknight
|
|-weather|Snowscape|[upkeep]
|-heal|p1a: Corviknight|54/100|[from] item: Leftovers
|upkeep
|turn|17
|
|t:|1757874825
|switch|p2a: Gholdengo|Gholdengo|77/100
|-damage|p2a: Gholdengo|64/100|[from] Spikes
|move|p1a: Corviknight|Roost|p1a: Corviknight
|-heal|p1a: Corviknight|100/100
|-singleturn|p1a: Corviknight|move: Roost
|
|-weather|Snowscape|[upkeep]
|upkeep
|turn|18
|
|t:|1757874832
|switch|p1a: Slowking|Slowking-Galar, F, tera:Water|83/100
|move|p2a: Gholdengo|Trick|p1a: Slowking
|-activate|p2a: Gholdengo|move: Trick|[of] p1a: Slowking
|-item|p1a: Slowking|Choice Scarf|[from] move: Trick
|-item|p2a: Gholdengo|Heavy-Duty Boots|[from] move: Trick
|
|-weather|none
|upkeep
|turn|19
|
|t:|1757874842
|switch|p2a: Samurott|Samurott-Hisui, F|54/100
|-damage|p2a: Samurott|42/100|[from] Spikes
|-prepare|p1a: Slowking|Chilly Reception|[premajor]
|move|p1a: Slowking|Chilly Reception|p1a: Slowking
|-weather|Snowscape
|
|t:|1757874856
|switch|p1a: Corviknight|Corviknight, F|100/100|[from] Chilly Reception
|-damage|p1a: Corviknight|88/100|[from] Stealth Rock
|-ability|p1a: Corviknight|Pressure
|
|-weather|Snowscape|[upkeep]
|-heal|p1a: Corviknight|94/100|[from] item: Leftovers
|upkeep
|turn|20
|
|t:|1757874864
|switch|p2a: Gholdengo|Gholdengo|64/100
|move|p1a: Corviknight|Defog|p2a: Gholdengo
|-immune|p2a: Gholdengo|[from] ability: Good as Gold
|
|-weather|Snowscape|[upkeep]
|-heal|p1a: Corviknight|100/100|[from] item: Leftovers
|upkeep
|turn|21
|
|t:|1757874871
|move|p2a: Gholdengo|Recover|p2a: Gholdengo
|-heal|p2a: Gholdengo|100/100
|move|p1a: Corviknight|U-turn|p2a: Gholdengo
|-resisted|p2a: Gholdengo
|-damage|p2a: Gholdengo|97/100
|
|t:|1757874873
|switch|p1a: Landorus|Landorus-Therian, M|88/100|[from] U-turn
|-damage|p1a: Landorus|76/100|[from] Stealth Rock
|-ability|p1a: Landorus|Intimidate|boost
|-unboost|p2a: Gholdengo|atk|1
|
|-weather|Snowscape|[upkeep]
|upkeep
|turn|22
|
|t:|1757874886
|switch|p2a: Samurott|Samurott-Hisui, F|42/100
|-damage|p2a: Samurott|29/100|[from] Spikes
|move|p1a: Landorus|U-turn|p2a: Samurott
|-supereffective|p2a: Samurott
|-damage|p2a: Samurott|0 fnt
|faint|p2a: Samurott
|
|t:|1757874890
|switch|p1a: Gallade|Gallade, M|82/100|[from] U-turn
|-damage|p1a: Gallade|76/100|[from] Stealth Rock
|-damage|p1a: Gallade|64/100|[from] Spikes
|
|-weather|Snowscape|[upkeep]
|upkeep
|
|t:|1757874899
|switch|p2a: Pecharunt|Pecharunt|100/100
|-item|p2a: Pecharunt|Air Balloon
|turn|23
|
|t:|1757874924
|switch|p2a: Weavile|Weavile, F|100/100
|-damage|p2a: Weavile|88/100|[from] Spikes
|-ability|p2a: Weavile|Pressure
|move|p1a: Gallade|Psycho Cut|p2a: Weavile
|-immune|p2a: Weavile
|
|-weather|none
|upkeep
|turn|24
|
|t:|1757874939
|switch|p1a: Corviknight|Corviknight, F|100/100
|-damage|p1a: Corviknight|88/100|[from] Stealth Rock
|-ability|p1a: Corviknight|Pressure
|move|p2a: Weavile|Triple Axel|p1a: Corviknight
|-damage|p1a: Corviknight|79/100
|-crit|p1a: Corviknight
|-damage|p1a: Corviknight|54/100
|-damage|p1a: Corviknight|27/100
|-hitcount|p1a: Corviknight|3
|
|-heal|p1a: Corviknight|33/100|[from] item: Leftovers
|upkeep
|turn|25
|
|t:|1757874947
|move|p2a: Weavile|Triple Axel|p1a: Corviknight
|-damage|p1a: Corviknight|24/100
|-damage|p1a: Corviknight|6/100
|-damage|p1a: Corviknight|0 fnt
|faint|p1a: Corviknight
|-hitcount|p1: Corviknight|3
|
|upkeep
|
|t:|1757874948
|switch|p1a: Gallade|Gallade, M|64/100
|-damage|p1a: Gallade|58/100|[from] Stealth Rock
|-damage|p1a: Gallade|45/100|[from] Spikes
|turn|26
|inactive|Vitoran has 120 seconds left.
|
|t:|1757874978
|switch|p2a: Gholdengo|Gholdengo|97/100
|move|p1a: Gallade|Sacred Sword|p2a: Gholdengo
|-immune|p2a: Gholdengo
|
|upkeep
|turn|27
|
|t:|1757874989
|switch|p1a: Slowking|Slowking-Galar, F, tera:Water|100/100
|-damage|p1a: Slowking|88/100|[from] Stealth Rock
|-damage|p1a: Slowking|76/100|[from] Spikes
|move|p2a: Gholdengo|Shadow Ball|p1a: Slowking
|-damage|p1a: Slowking|49/100
|
|upkeep
|turn|28
|inactive|Vitoran has 120 seconds left.
|
|t:|1757875006
|move|p2a: Gholdengo|Trick|p1a: Slowking
|-activate|p2a: Gholdengo|move: Trick|[of] p1a: Slowking
|-item|p1a: Slowking|Heavy-Duty Boots|[from] move: Trick
|-item|p2a: Gholdengo|Choice Scarf|[from] move: Trick
|-prepare|p1a: Slowking|Chilly Reception|[premajor]
|move|p1a: Slowking|Chilly Reception|p1a: Slowking
|-weather|Snowscape
|
|t:|1757875016
|switch|p1a: Dragapult|Dragapult, M|100/100|[from] Chilly Reception
|
|-weather|Snowscape|[upkeep]
|upkeep
|turn|29
|
|t:|1757875018
|switch|p1a: Slowking|Slowking-Galar, F, tera:Water|82/100
|move|p2a: Gholdengo|Shadow Ball|p1a: Slowking
|-damage|p1a: Slowking|57/100
|
|-weather|Snowscape|[upkeep]
|upkeep
|turn|30
|
|t:|1757875024
|move|p2a: Gholdengo|Shadow Ball|p1a: Slowking
|-damage|p1a: Slowking|31/100
|-prepare|p1a: Slowking|Chilly Reception|[premajor]
|move|p1a: Slowking|Chilly Reception|p1a: Slowking
|
|t:|1757875033
|switch|p1a: Landorus|Landorus-Therian, M|76/100|[from] Chilly Reception
|-damage|p1a: Landorus|64/100|[from] Stealth Rock
|-ability|p1a: Landorus|Intimidate|boost
|-unboost|p2a: Gholdengo|atk|1
|
|-weather|Snowscape|[upkeep]
|upkeep
|turn|31
|
|t:|1757875045
|switch|p2a: Pecharunt|Pecharunt|100/100
|-item|p2a: Pecharunt|Air Balloon
|move|p1a: Landorus|U-turn|p2a: Pecharunt
|-resisted|p2a: Pecharunt
|-damage|p2a: Pecharunt|98/100
|-enditem|p2a: Pecharunt|Air Balloon
|
|t:|1757875048
|switch|p1a: Slowking|Slowking-Galar, F, tera:Water|64/100|[from] U-turn
|
|-weather|Snowscape|[upkeep]
|upkeep
|turn|32
|
|t:|1757875056
|move|p2a: Pecharunt|Malignant Chain|p1a: Slowking
|-damage|p1a: Slowking|48/100
|-status|p1a: Slowking|tox
|-start|p1a: Slowking|confusion|[from] ability: Poison Puppeteer|[of] p2a: Pecharunt
|-prepare|p1a: Slowking|Chilly Reception|[premajor]
|-activate|p1a: Slowking|confusion
|-damage|p1a: Slowking|41/100 tox|[from] confusion
|
|-weather|none
|-damage|p1a: Slowking|35/100 tox|[from] psn
|upkeep
|turn|33
|
|t:|1757875068
|move|p2a: Pecharunt|Malignant Chain|p1a: Slowking
|-damage|p1a: Slowking|19/100 tox
|-prepare|p1a: Slowking|Chilly Reception|[premajor]
|-activate|p1a: Slowking|confusion
|move|p1a: Slowking|Chilly Reception|p1a: Slowking
|-weather|Snowscape
|
|t:|1757875077
|switch|p1a: Gallade|Gallade, M|45/100|[from] Chilly Reception
|-damage|p1a: Gallade|39/100|[from] Stealth Rock
|-damage|p1a: Gallade|27/100|[from] Spikes
|
|-weather|Snowscape|[upkeep]
|upkeep
|turn|34
|
|t:|1757875096
|move|p1a: Gallade|Trick|p2a: Pecharunt
|-activate|p1a: Gallade|move: Trick|[of] p2a: Pecharunt
|-item|p2a: Pecharunt|Choice Scarf|[from] move: Trick
|-enditem|p1a: Gallade|Choice Scarf|[silent]|[from] move: Trick
|move|p2a: Pecharunt|Foul Play|p1a: Gallade
|-damage|p1a: Gallade|0 fnt
|faint|p1a: Gallade
|
|-weather|Snowscape|[upkeep]
|upkeep
|
|t:|1757875106
|switch|p1a: Slowking|Slowking-Galar, F, tera:Water|52/100 tox
|turn|35
|
|t:|1757875109
|move|p2a: Pecharunt|Foul Play|p1a: Slowking
|-damage|p1a: Slowking|40/100 tox
|-prepare|p1a: Slowking|Chilly Reception|[premajor]
|move|p1a: Slowking|Chilly Reception|p1a: Slowking
|
|t:|1757875113
|switch|p1a: Dragapult|Dragapult, M|100/100|[from] Chilly Reception
|
|-weather|Snowscape|[upkeep]
|upkeep
|turn|36
|
|t:|1757875120
|switch|p1a: Slowking|Slowking-Galar, F, tera:Water|73/100 tox
|move|p2a: Pecharunt|Foul Play|p1a: Slowking
|-damage|p1a: Slowking|59/100 tox
|
|-weather|Snowscape|[upkeep]
|-damage|p1a: Slowking|53/100 tox|[from] psn
|upkeep
|turn|37
|
|t:|1757875123
|move|p2a: Pecharunt|Foul Play|p1a: Slowking
|-damage|p1a: Slowking|40/100 tox
|move|p1a: Slowking|Psychic Noise|p2a: Pecharunt
|-supereffective|p2a: Pecharunt
|-damage|p2a: Pecharunt|43/100
|-start|p2a: Pecharunt|move: Heal Block
|
|-weather|none
|-damage|p1a: Slowking|28/100 tox|[from] psn
|upkeep
|turn|38
|
|t:|1757875127
|move|p2a: Pecharunt|Foul Play|p1a: Slowking
|-damage|p1a: Slowking|14/100 tox
|-prepare|p1a: Slowking|Chilly Reception|[premajor]
|move|p1a: Slowking|Chilly Reception|p1a: Slowking
|-weather|Snowscape
|
|t:|1757875137
|switch|p1a: Dragapult|Dragapult, M|100/100|[from] Chilly Reception
|
|-weather|Snowscape|[upkeep]
|-end|p2a: Pecharunt|move: Heal Block
|upkeep
|turn|39
|
|t:|1757875145
|move|p1a: Dragapult|Hex|p2a: Pecharunt
|-supereffective|p2a: Pecharunt
|-damage|p2a: Pecharunt|0 fnt
|faint|p2a: Pecharunt
|
|-weather|Snowscape|[upkeep]
|upkeep
|
|t:|1757875147
|switch|p2a: Gholdengo|Gholdengo|97/100
|-damage|p2a: Gholdengo|84/100|[from] Spikes
|turn|40
|
|t:|1757875156
|switch|p1a: Slowking|Slowking-Galar, F, tera:Water|47/100 tox
|move|p2a: Gholdengo|Shadow Ball|p1a: Slowking
|-damage|p1a: Slowking|22/100 tox
|
|-weather|Snowscape|[upkeep]
|-damage|p1a: Slowking|15/100 tox|[from] psn
|upkeep
|turn|41
|
|t:|1757875161
|move|p2a: Gholdengo|Shadow Ball|p1a: Slowking
|-damage|p1a: Slowking|0 fnt
|faint|p1a: Slowking
|
|-weather|Snowscape|[upkeep]
|upkeep
|
|t:|1757875163
|switch|p1a: Landorus|Landorus-Therian, M|64/100
|-damage|p1a: Landorus|52/100|[from] Stealth Rock
|-ability|p1a: Landorus|Intimidate|boost
|-unboost|p2a: Gholdengo|atk|1
|turn|42
|
|t:|1757875169
|switch|p2a: Kingambit|Kingambit, F|100/100
|-damage|p2a: Kingambit|88/100|[from] Spikes
|-activate|p2a: Kingambit|ability: Supreme Overlord
|-start|p2a: Kingambit|fallen3|[silent]
|move|p1a: Landorus|Earthquake|p2a: Kingambit
|-supereffective|p2a: Kingambit
|-damage|p2a: Kingambit|0 fnt
|faint|p2a: Kingambit
|-end|p2a: Kingambit|fallen3|[silent]
|
|-weather|none
|upkeep
|
|t:|1757875175
|switch|p2a: Weavile|Weavile, F|88/100
|-damage|p2a: Weavile|76/100|[from] Spikes
|-ability|p2a: Weavile|Pressure
|turn|43
|c|☆Swagachu125|Gg
|c|☆Vitoran|gg
|c|☆Swagachu125|Wp
|c|☆Vitoran|ty u2
|
|t:|1757875190
|move|p2a: Weavile|Ice Shard|p1a: Landorus
|-supereffective|p1a: Landorus
|-damage|p1a: Landorus|0 fnt
|faint|p1a: Landorus
|
|upkeep
|
|t:|1757875191
|switch|p1a: Dragapult|Dragapult, M|100/100
|turn|44
|
|t:|1757875194
|move|p2a: Weavile|Ice Shard|p1a: Dragapult
|-supereffective|p1a: Dragapult
|-damage|p1a: Dragapult|15/100
|move|p1a: Dragapult|Draco Meteor|p2a: Weavile
|-damage|p2a: Weavile|0 fnt
|-unboost|p1a: Dragapult|spa|2
|faint|p2a: Weavile
|
|upkeep
|
|t:|1757875196
|switch|p2a: Gholdengo|Gholdengo|84/100
|-damage|p2a: Gholdengo|72/100|[from] Spikes
|turn|45
|
|t:|1757875200
|move|p2a: Gholdengo|Shadow Ball|p1a: Dragapult
|-supereffective|p1a: Dragapult
|-damage|p1a: Dragapult|0 fnt
|faint|p1a: Dragapult
|
|win|Vitoran
|raw|Swagachu125's rating: 1661 &rarr; <strong>1644</strong><br />(-17 for losing)
|raw|Vitoran's rating: 1714 &rarr; <strong>1731</strong><br />(+17 for winning)
|l|☆Swagachu125
|player|p1|
|l|☆Vitoran
|player|p2|
