|j|☆Leader Alastor
|j|☆manafion !
|t:|1757851254
|gametype|singles
|player|p1|Leader Alastor|blue|1205
|player|p2|manafion !|waiter-gen4|1231
|gen|9
|tier|[Gen 9] OU
|rated|
|rule|HP Percentage Mod: HP is shown in percentages
|rule|Endless Battle Clause: Forcing endless battles is banned
|rule|Species Clause: Limit one of each Pokémon
|rule|OHKO Clause: OHKO moves are banned
|rule|Evasion Items Clause: Evasion items are banned
|rule|Evasion Moves Clause: Evasion moves are banned
|rule|Evasion Abilities Clause: Evasion abilities are banned
|rule|Sleep Moves Clause: Sleep-inducing moves are banned
|clearpoke
|poke|p1|Ceruledge, F|
|poke|p1|Iron Valiant|
|poke|p1|Lilligant, F|
|poke|p1|Cloyster, M|
|poke|p1|Noivern, F|
|poke|p1|Malamar, F|
|poke|p2|Samurott-Hisui, F|
|poke|p2|Great Tusk|
|poke|p2|Volcanion|
|poke|p2|Hydrapple, M|
|poke|p2|Gholdengo|
|poke|p2|Landorus-Therian, M|
|teampreview
|inactive|Battle timer is ON: inactive players will automatically lose when time's up. (requested by Leader Alastor)
|
|t:|1757851280
|teamsize|p1|6
|teamsize|p2|6
|start
|switch|p1a: Trident|Cloyster, M|100/100
|switch|p2a: The Last Ronin|Samurott-Hisui, F|100/100
|turn|1
|
|t:|1757851290
|move|p1a: Trident|Shell Smash|p1a: Trident
|-unboost|p1a: Trident|def|1
|-unboost|p1a: Trident|spd|1
|-boost|p1a: Trident|atk|2
|-boost|p1a: Trident|spa|2
|-boost|p1a: Trident|spe|2
|move|p2a: The Last Ronin|Ceaseless Edge|p1a: Trident
|-damage|p1a: Trident|48/100
|-sidestart|p1: Leader Alastor|Spikes
|
|upkeep
|turn|2
|
|t:|1757851299
|move|p1a: Trident|Rock Blast|p2a: The Last Ronin|[miss]
|-miss|p1a: Trident|p2a: The Last Ronin
|move|p2a: The Last Ronin|Ceaseless Edge|p1a: Trident
|-damage|p1a: Trident|0 fnt
|-sidestart|p1: Leader Alastor|Spikes
|faint|p1a: Trident
|
|upkeep
|
|t:|1757851302
|switch|p1a: Scimitar|Noivern, F|100/100
|turn|3
|
|t:|1757851312
|move|p1a: Scimitar|Boomburst|p2a: The Last Ronin
|-damage|p2a: The Last Ronin|73/100
|-enditem|p1a: Scimitar|Throat Spray
|-boost|p1a: Scimitar|spa|1|[from] item: Throat Spray
|move|p2a: The Last Ronin|Ceaseless Edge|p1a: Scimitar
|-damage|p1a: Scimitar|44/100
|-sidestart|p1: Leader Alastor|Spikes
|
|upkeep
|turn|4
|
|t:|1757851324
|move|p2a: The Last Ronin|Sucker Punch|p1a: Scimitar
|-damage|p1a: Scimitar|5/100
|move|p1a: Scimitar|Air Slash|p2a: The Last Ronin
|-damage|p2a: The Last Ronin|37/100
|
|upkeep
|turn|5
|
|t:|1757851329
|move|p2a: The Last Ronin|Sucker Punch||[still]
|-fail|p2a: The Last Ronin
|move|p1a: Scimitar|Defog|p2a: The Last Ronin
|-unboost|p2a: The Last Ronin|evasion|1
|-sideend|p1: Leader Alastor|Spikes|[from] move: Defog|[of] p1a: Scimitar
|
|upkeep
|turn|6
|
|t:|1757851334
|move|p2a: The Last Ronin|Sucker Punch|p1a: Scimitar
|-damage|p1a: Scimitar|0 fnt
|faint|p1a: Scimitar
|
|upkeep
|
|t:|1757851336
|switch|p1a: Partisan|Malamar, F|100/100
|turn|7
|-activate|p1a: Partisan|item: Quick Claw
|
|t:|1757851341
|move|p1a: Partisan|Superpower|p2a: The Last Ronin
|-supereffective|p2a: The Last Ronin
|-damage|p2a: The Last Ronin|0 fnt
|-boost|p1a: Partisan|atk|1
|-boost|p1a: Partisan|def|1
|faint|p2a: The Last Ronin
|
|upkeep
|
|t:|1757851356
|switch|p2a: Erupting Star|Volcanion|100/100
|turn|8
|-activate|p1a: Partisan|item: Quick Claw
|
|t:|1757851360
|move|p1a: Partisan|Superpower|p2a: Erupting Star
|-damage|p2a: Erupting Star|60/100
|-boost|p1a: Partisan|atk|1
|-boost|p1a: Partisan|def|1
|move|p2a: Erupting Star|Will-O-Wisp|p1a: Partisan
|-status|p1a: Partisan|brn
|
|-damage|p1a: Partisan|94/100 brn|[from] brn
|upkeep
|turn|9
|
|t:|1757851370
|move|p2a: Erupting Star|Steam Eruption|p1a: Partisan
|-damage|p1a: Partisan|33/100 brn
|move|p1a: Partisan|Superpower|p2a: Erupting Star
|-damage|p2a: Erupting Star|31/100
|-boost|p1a: Partisan|atk|1
|-boost|p1a: Partisan|def|1
|
|-damage|p1a: Partisan|27/100 brn|[from] brn
|upkeep
|turn|10
|
|t:|1757851382
|move|p2a: Erupting Star|Flamethrower|p1a: Partisan
|-damage|p1a: Partisan|0 fnt
|faint|p1a: Partisan
|
|upkeep
|
|t:|1757851388
|switch|p1a: Glaive|Iron Valiant|100/100
|-enditem|p1a: Glaive|Booster Energy
|-activate|p1a: Glaive|ability: Quark Drive|[fromitem]
|-start|p1a: Glaive|quarkdrivespe
|turn|11
|
|t:|1757851393
|move|p1a: Glaive|Knock Off|p2a: Erupting Star
|-damage|p2a: Erupting Star|2/100
|-enditem|p2a: Erupting Star|Heavy-Duty Boots|[from] move: Knock Off|[of] p1a: Glaive
|move|p2a: Erupting Star|Sludge Bomb|p1a: Glaive
|-supereffective|p1a: Glaive
|-damage|p1a: Glaive|0 fnt
|faint|p1a: Glaive
|-end|p1a: Glaive|Quark Drive|[silent]
|
|upkeep
|
|t:|1757851399
|switch|p1a: Flamberge|Ceruledge, F|100/100
|turn|12
|
|t:|1757851405
|move|p1a: Flamberge|Bitter Blade|p2a: Erupting Star
|-resisted|p2a: Erupting Star
|-damage|p2a: Erupting Star|0 fnt
|faint|p2a: Erupting Star
|
|upkeep
|
|t:|1757851409
|switch|p2a: Great Mustache|Landorus-Therian, M|100/100
|-ability|p2a: Great Mustache|Intimidate|boost
|-unboost|p1a: Flamberge|atk|1
|turn|13
|
|t:|1757851419
|move|p2a: Great Mustache|Earthquake|p1a: Flamberge
|-supereffective|p1a: Flamberge
|-enditem|p1a: Flamberge|Focus Sash
|-damage|p1a: Flamberge|1/100
|-ability|p1a: Flamberge|Weak Armor|boost
|-unboost|p1a: Flamberge|def|1
|-boost|p1a: Flamberge|spe|2
|move|p1a: Flamberge|Bulk Up|p1a: Flamberge
|-boost|p1a: Flamberge|atk|1
|-boost|p1a: Flamberge|def|1
|
|upkeep
|turn|14
|
|t:|1757851427
|move|p1a: Flamberge|Bitter Blade|p2a: Great Mustache
|-damage|p2a: Great Mustache|49/100
|-heal|p1a: Flamberge|29/100|[from] drain|[of] p2a: Great Mustache
|move|p2a: Great Mustache|Earthquake|p1a: Flamberge
|-supereffective|p1a: Flamberge
|-damage|p1a: Flamberge|0 fnt
|faint|p1a: Flamberge
|
|upkeep
|
|t:|1757851431
|switch|p1a: Gladius|Lilligant, F|100/100
|turn|15
|
|t:|1757851443
|switch|p2a: The Fickle Heart|Hydrapple, M|100/100
|-terastallize|p1a: Gladius|Poison
|move|p1a: Gladius|Quiver Dance|p1a: Gladius
|-boost|p1a: Gladius|spa|1
|-boost|p1a: Gladius|spd|1
|-boost|p1a: Gladius|spe|1
|
|upkeep
|turn|16
|
|t:|1757851451
|move|p1a: Gladius|Quiver Dance|p1a: Gladius
|-boost|p1a: Gladius|spa|1
|-boost|p1a: Gladius|spd|1
|-boost|p1a: Gladius|spe|1
|move|p2a: The Fickle Heart|Earth Power|p1a: Gladius
|-supereffective|p1a: Gladius
|-damage|p1a: Gladius|66/100
|-enditem|p1a: Gladius|Weakness Policy
|-boost|p1a: Gladius|atk|2|[from] item: Weakness Policy
|-boost|p1a: Gladius|spa|2|[from] item: Weakness Policy
|
|upkeep
|turn|17
|
|t:|1757851460
|move|p1a: Gladius|Tera Blast|p2a: The Fickle Heart|[anim] Tera Blast Poison
|-supereffective|p2a: The Fickle Heart
|-damage|p2a: The Fickle Heart|0 fnt
|faint|p2a: The Fickle Heart
|
|upkeep
|
|t:|1757851463
|switch|p2a: Heart of Ghold|Gholdengo|100/100
|-item|p2a: Heart of Ghold|Air Balloon
|turn|18
|
|t:|1757851465
|move|p1a: Gladius|Giga Drain|p2a: Heart of Ghold
|-resisted|p2a: Heart of Ghold
|-damage|p2a: Heart of Ghold|51/100
|-heal|p1a: Gladius|99/100|[from] drain|[of] p2a: Heart of Ghold
|-enditem|p2a: Heart of Ghold|Air Balloon
|move|p2a: Heart of Ghold|Nasty Plot|p2a: Heart of Ghold
|-boost|p2a: Heart of Ghold|spa|2
|
|upkeep
|turn|19
|
|t:|1757851472
|move|p1a: Gladius|Giga Drain|p2a: Heart of Ghold
|-resisted|p2a: Heart of Ghold
|-damage|p2a: Heart of Ghold|0 fnt
|-heal|p1a: Gladius|100/100|[from] drain|[of] p2a: Heart of Ghold
|faint|p2a: Heart of Ghold
|
|upkeep
|
|t:|1757851476
|switch|p2a: King Tusk|Great Tusk|100/100
|turn|20
|c|☆Leader Alastor|gg
|
|t:|1757851479
|move|p1a: Gladius|Giga Drain|p2a: King Tusk
|-supereffective|p2a: King Tusk
|-damage|p2a: King Tusk|0 fnt
|faint|p2a: King Tusk
|-end|p2a: King Tusk|Protosynthesis|[silent]
|
|upkeep
|
|t:|1757851481
|switch|p2a: Great Mustache|Landorus-Therian, M|49/100
|-ability|p2a: Great Mustache|Intimidate|boost
|-unboost|p1a: Gladius|atk|1
|turn|21
|
|t:|1757851483
|-terastallize|p2a: Great Mustache|Flying
|move|p1a: Gladius|Giga Drain|p2a: Great Mustache
|-resisted|p2a: Great Mustache
|-damage|p2a: Great Mustache|0 fnt
|faint|p2a: Great Mustache
|
|win|Leader Alastor
|raw|Leader Alastor's rating: 1182 &rarr; <strong>1211</strong><br />(+29 for winning)
|raw|manafion !'s rating: 1231 &rarr; <strong>1202</strong><br />(-29 for losing)
|l|☆Leader Alastor
|player|p1|
|l|☆manafion !
|player|p2|
