|j|☆end64
|j|☆omari p
|t:|1757813452
|gametype|singles
|player|p1|end64|1|1791
|player|p2|omari p|pokemonrangerf|1701
|gen|9
|tier|[Gen 9] OU
|rated|
|rule|HP Percentage Mod: HP is shown in percentages
|rule|Endless Battle Clause: Forcing endless battles is banned
|rule|Species Clause: Limit one of each Pokémon
|rule|OHKO Clause: OHKO moves are banned
|rule|Evasion Items Clause: Evasion items are banned
|rule|Evasion Moves Clause: Evasion moves are banned
|rule|Evasion Abilities Clause: Evasion abilities are banned
|rule|Sleep Moves Clause: Sleep-inducing moves are banned
|clearpoke
|poke|p1|Kyurem|
|poke|p1|Corviknight, F|
|poke|p1|Ting-Lu|
|poke|p1|Dondozo, M|
|poke|p1|Slowking-Galar, L99, F|
|poke|p1|Cinderace, F|
|poke|p2|Ting-Lu|
|poke|p2|Glastrier|
|poke|p2|Thundurus-Therian, M|
|poke|p2|Cinderace, F|
|poke|p2|Latios, M|
|poke|p2|Corviknight, F|
|teampreview
|j| king of spycrabs
|j| Rootliff
|c|☆end64|glhf
|inactive|Battle timer is ON: inactive players will automatically lose when time's up. (requested by omari p)
|
|t:|1757813478
|teamsize|p1|6
|teamsize|p2|6
|start
|switch|p1a: Slowking|Slowking-Galar, L99, F|100/100
|switch|p2a: Ting-Lu|Ting-Lu|100/100
|-ability|p2a: Ting-Lu|Vessel of Ruin
|turn|1
|
|t:|1757813481
|switch|p1a: Corviknight|Corviknight, F|100/100
|-ability|p1a: Corviknight|Pressure
|move|p2a: Ting-Lu|Earthquake|p1a: Corviknight
|-immune|p1a: Corviknight
|
|upkeep
|turn|2
|
|t:|1757813487
|move|p1a: Corviknight|U-turn|p2a: Ting-Lu
|-supereffective|p2a: Ting-Lu
|-damage|p2a: Ting-Lu|84/100
|-enditem|p2a: Ting-Lu|Weakness Policy
|-boost|p2a: Ting-Lu|atk|2|[from] item: Weakness Policy
|-boost|p2a: Ting-Lu|spa|2|[from] item: Weakness Policy
|
|t:|1757813491
|switch|p1a: Kyurem|Kyurem|100/100|[from] U-turn
|-ability|p1a: Kyurem|Pressure
|move|p2a: Ting-Lu|Earthquake|p1a: Kyurem
|-damage|p1a: Kyurem|2/100
|
|-heal|p1a: Kyurem|8/100|[from] item: Leftovers
|upkeep
|turn|3
|
|t:|1757813499
|switch|p1a: Corviknight|Corviknight, F|100/100
|-ability|p1a: Corviknight|Pressure
|move|p2a: Ting-Lu|Earthquake|p1a: Corviknight
|-immune|p1a: Corviknight
|
|upkeep
|turn|4
|j| heatraniac
|
|t:|1757813503
|move|p1a: Corviknight|Brave Bird|p2a: Ting-Lu
|-damage|p2a: Ting-Lu|62/100
|-damage|p1a: Corviknight|92/100|[from] Recoil
|move|p2a: Ting-Lu|Stealth Rock|p1a: Corviknight
|-sidestart|p1: end64|move: Stealth Rock
|
|upkeep
|turn|5
|
|t:|1757813505
|move|p1a: Corviknight|Defog|p2a: Ting-Lu
|-unboost|p2a: Ting-Lu|evasion|1
|-sideend|p1: end64|Stealth Rock|[from] move: Defog|[of] p1a: Corviknight
|move|p2a: Ting-Lu|Stone Edge|p1a: Corviknight
|-crit|p1a: Corviknight
|-damage|p1a: Corviknight|28/100
|
|upkeep
|turn|6
|
|t:|1757813510
|move|p1a: Corviknight|Roost|p1a: Corviknight
|-heal|p1a: Corviknight|78/100
|-singleturn|p1a: Corviknight|move: Roost
|move|p2a: Ting-Lu|Earthquake|p1a: Corviknight
|-supereffective|p1a: Corviknight
|-damage|p1a: Corviknight|0 fnt
|faint|p1a: Corviknight
|
|upkeep
|
|t:|1757813516
|switch|p1a: Dondozo|Dondozo, M|100/100
|turn|7
|
|t:|1757813518
|move|p2a: Ting-Lu|Stealth Rock|p1a: Dondozo
|-sidestart|p1: end64|move: Stealth Rock
|move|p1a: Dondozo|Curse|p1a: Dondozo
|-unboost|p1a: Dondozo|spe|1
|-boost|p1a: Dondozo|atk|1
|-boost|p1a: Dondozo|def|1
|
|upkeep
|turn|8
|
|t:|1757813523
|switch|p2a: Latios|Latios, M|100/100
|move|p1a: Dondozo|Waterfall|p2a: Latios
|-resisted|p2a: Latios
|-damage|p2a: Latios|71/100
|
|upkeep
|turn|9
|
|t:|1757813527
|switch|p1a: Ting-Lu|Ting-Lu|100/100
|-damage|p1a: Ting-Lu|94/100|[from] Stealth Rock
|-ability|p1a: Ting-Lu|Vessel of Ruin
|move|p2a: Latios|Ice Beam|p1a: Ting-Lu
|-supereffective|p1a: Ting-Lu
|-damage|p1a: Ting-Lu|67/100
|
|-heal|p1a: Ting-Lu|73/100|[from] item: Leftovers
|upkeep
|turn|10
|
|t:|1757813536
|switch|p2a: Ting-Lu|Ting-Lu|62/100
|-ability|p2a: Ting-Lu|Vessel of Ruin
|move|p1a: Ting-Lu|Earthquake|p2a: Ting-Lu
|-damage|p2a: Ting-Lu|41/100
|
|-heal|p1a: Ting-Lu|79/100|[from] item: Leftovers
|upkeep
|turn|11
|
|t:|1757813545
|move|p2a: Ting-Lu|Earthquake|p1a: Ting-Lu
|-damage|p1a: Ting-Lu|51/100
|move|p1a: Ting-Lu|Earthquake|p2a: Ting-Lu
|-damage|p2a: Ting-Lu|20/100
|
|-heal|p1a: Ting-Lu|58/100|[from] item: Leftovers
|upkeep
|turn|12
|
|t:|1757813551
|move|p2a: Ting-Lu|Earthquake|p1a: Ting-Lu
|-damage|p1a: Ting-Lu|32/100
|move|p1a: Ting-Lu|Rest|p1a: Ting-Lu
|-status|p1a: Ting-Lu|slp|[from] move: Rest
|-heal|p1a: Ting-Lu|100/100 slp|[silent]
|
|upkeep
|turn|13
|
|t:|1757813556
|move|p2a: Ting-Lu|Earthquake|p1a: Ting-Lu
|-damage|p1a: Ting-Lu|73/100 slp
|cant|p1a: Ting-Lu|slp
|move|p1a: Ting-Lu|Sleep Talk|p1a: Ting-Lu
|move|p1a: Ting-Lu|Payback|p2a: Ting-Lu|[from] move: Sleep Talk
|-resisted|p2a: Ting-Lu
|-damage|p2a: Ting-Lu|9/100
|
|-heal|p1a: Ting-Lu|80/100 slp|[from] item: Leftovers
|upkeep
|turn|14
|
|t:|1757813558
|move|p2a: Ting-Lu|Earthquake|p1a: Ting-Lu
|-damage|p1a: Ting-Lu|54/100 slp
|cant|p1a: Ting-Lu|slp
|move|p1a: Ting-Lu|Sleep Talk|p1a: Ting-Lu
|move|p1a: Ting-Lu|Payback|p2a: Ting-Lu|[from] move: Sleep Talk
|-resisted|p2a: Ting-Lu
|-damage|p2a: Ting-Lu|0 fnt
|faint|p2a: Ting-Lu
|
|-heal|p1a: Ting-Lu|60/100 slp|[from] item: Leftovers
|upkeep
|
|t:|1757813561
|switch|p2a: Cinderace|Cinderace, F|100/100
|turn|15
|
|t:|1757813564
|switch|p1a: Slowking|Slowking-Galar, L99, F|100/100
|move|p2a: Cinderace|High Jump Kick|p1a: Slowking
|-start|p2a: Cinderace|typechange|Fighting|[from] ability: Libero
|-resisted|p1a: Slowking
|-damage|p1a: Slowking|83/100
|
|upkeep
|turn|16
|
|t:|1757813570
|switch|p2a: Glastrier|Glastrier|100/100
|-prepare|p1a: Slowking|Chilly Reception|[premajor]
|move|p1a: Slowking|Chilly Reception|p1a: Slowking
|-weather|Snowscape
|
|t:|1757813572
|switch|p1a: Cinderace|Cinderace, F|100/100|[from] Chilly Reception
|
|-weather|Snowscape|[upkeep]
|upkeep
|turn|17
|
|t:|1757813575
|move|p1a: Cinderace|Will-O-Wisp|p2a: Glastrier
|-status|p2a: Glastrier|brn
|move|p2a: Glastrier|Swords Dance|p2a: Glastrier
|-boost|p2a: Glastrier|atk|2
|
|-weather|Snowscape|[upkeep]
|-damage|p2a: Glastrier|94/100 brn|[from] brn
|upkeep
|turn|18
|
|t:|1757813578
|move|p1a: Cinderace|Court Change|p1a: Cinderace
|-swapsideconditions
|-activate|p1a: Cinderace|move: Court Change
|move|p2a: Glastrier|High Horsepower|p1a: Cinderace
|-supereffective|p1a: Cinderace
|-damage|p1a: Cinderace|10/100
|
|-weather|Snowscape|[upkeep]
|-heal|p2a: Glastrier|100/100 brn|[from] item: Leftovers
|-damage|p2a: Glastrier|94/100 brn|[from] brn
|upkeep
|turn|19
|
|t:|1757813582
|move|p1a: Cinderace|U-turn|p2a: Glastrier
|-damage|p2a: Glastrier|86/100 brn
|
|t:|1757813585
|switch|p1a: Dondozo|Dondozo, M|100/100|[from] U-turn
|move|p2a: Glastrier|High Horsepower|p1a: Dondozo
|-damage|p1a: Dondozo|92/100
|
|-weather|Snowscape|[upkeep]
|-heal|p1a: Dondozo|98/100|[from] item: Leftovers
|-heal|p2a: Glastrier|92/100 brn|[from] item: Leftovers
|-damage|p2a: Glastrier|86/100 brn|[from] brn
|upkeep
|turn|20
|
|t:|1757813590
|switch|p2a: Cinderace|Cinderace, F|100/100
|-damage|p2a: Cinderace|76/100|[from] Stealth Rock
|move|p1a: Dondozo|Curse|p1a: Dondozo
|-unboost|p1a: Dondozo|spe|1
|-boost|p1a: Dondozo|atk|1
|-boost|p1a: Dondozo|def|1
|
|-weather|none
|-heal|p1a: Dondozo|100/100|[from] item: Leftovers
|upkeep
|turn|21
|
|t:|1757813593
|move|p2a: Cinderace|Court Change|p2a: Cinderace
|-start|p2a: Cinderace|typechange|Normal|[from] ability: Libero
|-swapsideconditions
|-activate|p2a: Cinderace|move: Court Change
|move|p1a: Dondozo|Waterfall|p2a: Cinderace
|-damage|p2a: Cinderace|13/100
|
|upkeep
|turn|22
|
|t:|1757813597
|switch|p2a: Latios|Latios, M|71/100
|move|p1a: Dondozo|Waterfall|p2a: Latios
|-resisted|p2a: Latios
|-damage|p2a: Latios|44/100
|
|upkeep
|turn|23
|
|t:|1757813603
|switch|p1a: Slowking|Slowking-Galar, L99, F|100/100
|move|p2a: Latios|Trick|p1a: Slowking
|-activate|p2a: Latios|move: Trick|[of] p1a: Slowking
|-item|p1a: Slowking|Choice Scarf|[from] move: Trick
|-item|p2a: Latios|Heavy-Duty Boots|[from] move: Trick
|
|upkeep
|turn|24
|
|t:|1757813610
|switch|p2a: Cinderace|Cinderace, F|13/100
|move|p1a: Slowking|Toxic|p2a: Cinderace
|-status|p2a: Cinderace|tox
|
|-damage|p2a: Cinderace|7/100 tox|[from] psn
|upkeep
|turn|25
|
|t:|1757813617
|switch|p1a: Dondozo|Dondozo, M|100/100
|-damage|p1a: Dondozo|88/100|[from] Stealth Rock
|move|p2a: Cinderace|Pyro Ball|p1a: Dondozo
|-resisted|p1a: Dondozo
|-damage|p1a: Dondozo|72/100
|
|-heal|p1a: Dondozo|78/100|[from] item: Leftovers
|-damage|p2a: Cinderace|0 fnt|[from] psn
|faint|p2a: Cinderace
|upkeep
|
|t:|1757813619
|switch|p2a: Thundurus|Thundurus-Therian, M|100/100
|turn|26
|
|t:|1757813622
|switch|p1a: Ting-Lu|Ting-Lu|60/100 slp
|-damage|p1a: Ting-Lu|54/100 slp|[from] Stealth Rock
|-ability|p1a: Ting-Lu|Vessel of Ruin
|move|p2a: Thundurus|Nasty Plot|p2a: Thundurus
|-boost|p2a: Thundurus|spa|2
|
|-heal|p1a: Ting-Lu|60/100 slp|[from] item: Leftovers
|upkeep
|turn|27
|
|t:|1757813626
|move|p2a: Thundurus|Focus Blast|p1a: Ting-Lu
|-supereffective|p1a: Ting-Lu
|-damage|p1a: Ting-Lu|0 fnt
|faint|p1a: Ting-Lu
|
|upkeep
|
|t:|1757813631
|switch|p1a: Slowking|Slowking-Galar, L99, F|100/100
|-damage|p1a: Slowking|88/100|[from] Stealth Rock
|turn|28
|
|t:|1757813634
|move|p2a: Thundurus|Thunderbolt|p1a: Slowking
|-damage|p1a: Slowking|21/100
|move|p1a: Slowking|Toxic|p2a: Thundurus
|-status|p2a: Thundurus|tox
|
|-damage|p2a: Thundurus|94/100 tox|[from] psn
|upkeep
|turn|29
|
|t:|1757813646
|move|p2a: Thundurus|Agility|p2a: Thundurus
|-boost|p2a: Thundurus|spe|2
|move|p1a: Slowking|Toxic|p2a: Thundurus
|-fail|p2a: Thundurus|tox
|
|-heal|p2a: Thundurus|100/100 tox|[from] item: Leftovers
|-damage|p2a: Thundurus|88/100 tox|[from] psn
|upkeep
|turn|30
|
|t:|1757813648
|move|p2a: Thundurus|Thunderbolt|p1a: Slowking
|-damage|p1a: Slowking|0 fnt
|faint|p1a: Slowking
|
|-heal|p2a: Thundurus|94/100 tox|[from] item: Leftovers
|-damage|p2a: Thundurus|76/100 tox|[from] psn
|upkeep
|
|t:|1757813652
|switch|p1a: Dondozo|Dondozo, M|78/100
|-damage|p1a: Dondozo|66/100|[from] Stealth Rock
|turn|31
|
|t:|1757813667
|-terastallize|p1a: Dondozo|Dark
|move|p2a: Thundurus|Thunderbolt|p1a: Dondozo
|-damage|p1a: Dondozo|18/100
|move|p1a: Dondozo|Waterfall|p2a: Thundurus
|-damage|p2a: Thundurus|39/100 tox
|
|-heal|p2a: Thundurus|45/100 tox|[from] item: Leftovers
|-heal|p1a: Dondozo|24/100|[from] item: Leftovers
|-damage|p2a: Thundurus|20/100 tox|[from] psn
|upkeep
|turn|32
|
|t:|1757813672
|move|p2a: Thundurus|Thunderbolt|p1a: Dondozo
|-damage|p1a: Dondozo|0 fnt
|faint|p1a: Dondozo
|
|-heal|p2a: Thundurus|27/100 tox|[from] item: Leftovers
|-damage|p2a: Thundurus|0 fnt|[from] psn
|faint|p2a: Thundurus
|upkeep
|
|t:|1757813675
|switch|p2a: Latios|Latios, M|44/100
|switch|p1a: Cinderace|Cinderace, F|10/100
|turn|33
|
|t:|1757813689
|-terastallize|p2a: Latios|Steel
|move|p1a: Cinderace|U-turn|p2a: Latios
|-resisted|p2a: Latios
|-damage|p2a: Latios|31/100
|
|t:|1757813691
|switch|p1a: Kyurem|Kyurem|8/100|[from] U-turn
|-damage|p1a: Kyurem|0 fnt|[from] Stealth Rock
|faint|p1a: Kyurem
|move|p2a: Latios|Luster Purge|p1: Kyurem|[notarget]
|-fail|p2a: Latios
|
|upkeep
|
|t:|1757813692
|switch|p1a: Cinderace|Cinderace, F|10/100
|turn|34
|
|t:|1757813696
|move|p1a: Cinderace|Pyro Ball|p2a: Latios
|-supereffective|p2a: Latios
|-damage|p2a: Latios|0 fnt
|faint|p2a: Latios
|
|upkeep
|
|t:|1757813698
|switch|p2a: Corviknight|Corviknight, F|100/100
|-ability|p2a: Corviknight|Pressure
|turn|35
|
|t:|1757813701
|move|p1a: Cinderace|Pyro Ball|p2a: Corviknight
|-supereffective|p2a: Corviknight
|-damage|p2a: Corviknight|0 fnt
|faint|p2a: Corviknight
|
|upkeep
|
|t:|1757813703
|switch|p2a: Glastrier|Glastrier|86/100 brn
|turn|36
|c|☆end64|gg
|
|t:|1757813710
|move|p1a: Cinderace|Pyro Ball|p2a: Glastrier
|-supereffective|p2a: Glastrier
|-damage|p2a: Glastrier|0 fnt
|faint|p2a: Glastrier
|
|win|end64
|raw|end64's rating: 1791 &rarr; <strong>1806</strong><br />(+15 for winning)
|raw|omari p's rating: 1701 &rarr; <strong>1686</strong><br />(-15 for losing)
|l| king of spycrabs
|l| Rootliff
