|j|☆KnightKnaveSpy
|j|☆LT91BB incelman
|t:|1757816205
|gametype|singles
|player|p1|KnightKnaveSpy|2|1471
|player|p2|LT91BB incelman|miku-ice|1533
|gen|9
|tier|[Gen 9] OU
|rated|
|rule|HP Percentage Mod: HP is shown in percentages
|rule|Endless Battle Clause: Forcing endless battles is banned
|rule|Species Clause: Limit one of each Pokémon
|rule|OHKO Clause: OHKO moves are banned
|rule|Evasion Items Clause: Evasion items are banned
|rule|Evasion Moves Clause: Evasion moves are banned
|rule|Evasion Abilities Clause: Evasion abilities are banned
|rule|Sleep Moves Clause: Sleep-inducing moves are banned
|clearpoke
|poke|p1|Samurott-Hisui, F|
|poke|p1|Blaziken, M|
|poke|p1|Kingambit, F|
|poke|p1|Raging Bolt|
|poke|p1|Ogerpon-Wellspring, F|
|poke|p1|Greninja-*, M|
|poke|p2|Ting-Lu|
|poke|p2|Zamazenta-*|
|poke|p2|Kyurem|
|poke|p2|Dondozo, F|
|poke|p2|Sinistcha|
|poke|p2|Ogerpon-Wellspring, F|
|teampreview
|inactive|Battle timer is ON: inactive players will automatically lose when time's up. (requested by KnightKnaveSpy)
|
|t:|1757816211
|teamsize|p1|6
|teamsize|p2|6
|start
|switch|p1a: Samurott|Samurott-Hisui, F|100/100
|switch|p2a: Ogerpon|Ogerpon-Wellspring, F|100/100
|turn|1
|
|t:|1757816214
|move|p2a: Ogerpon|U-turn|p1a: Samurott
|-supereffective|p1a: Samurott
|-damage|p1a: Samurott|31/100
|
|t:|1757816223
|switch|p2a: Dondozo|Dondozo, F|100/100|[from] U-turn
|move|p1a: Samurott|Ceaseless Edge|p2a: Dondozo
|-damage|p2a: Dondozo|73/100
|-sidestart|p2: LT91BB incelman|Spikes
|
|-heal|p2a: Dondozo|79/100|[from] item: Leftovers
|upkeep
|turn|2
|
|t:|1757816234
|switch|p1a: Raging Bolt|Raging Bolt|100/100
|move|p2a: Dondozo|Body Press|p1a: Raging Bolt
|-damage|p1a: Raging Bolt|83/100
|
|-heal|p1a: Raging Bolt|89/100|[from] item: Leftovers
|-heal|p2a: Dondozo|85/100|[from] item: Leftovers
|upkeep
|turn|3
|
|t:|1757816241
|-end|p1a: Raging Bolt|Protosynthesis|[silent]
|switch|p1a: Ogerpon|Ogerpon-Wellspring, F|100/100
|switch|p2a: Ting-Lu|Ting-Lu|100/100
|-damage|p2a: Ting-Lu|88/100|[from] Spikes
|-ability|p2a: Ting-Lu|Vessel of Ruin
|
|-heal|p2a: Ting-Lu|94/100|[from] item: Leftovers
|upkeep
|turn|4
|
|t:|1757816247
|switch|p2a: Sinistcha|Sinistcha|100/100
|-damage|p2a: Sinistcha|88/100|[from] Spikes
|move|p1a: Ogerpon|Horn Leech|p2a: Sinistcha
|-resisted|p2a: Sinistcha
|-damage|p2a: Sinistcha|73/100
|
|-heal|p2a: Sinistcha|79/100|[from] item: Leftovers
|upkeep
|turn|5
|
|t:|1757816271
|move|p1a: Ogerpon|U-turn|p2a: Sinistcha
|-damage|p2a: Sinistcha|59/100
|
|t:|1757816274
|switch|p1a: Raging Bolt|Raging Bolt|89/100|[from] U-turn
|move|p2a: Sinistcha|Strength Sap|p1a: Raging Bolt
|-unboost|p1a: Raging Bolt|atk|1
|-heal|p2a: Sinistcha|100/100
|
|-heal|p1a: Raging Bolt|95/100|[from] item: Leftovers
|upkeep
|turn|6
|inactive|LT91BB incelman has 120 seconds left.
|
|t:|1757816313
|move|p1a: Raging Bolt|Draco Meteor|p2a: Sinistcha
|-damage|p2a: Sinistcha|16/100
|-unboost|p1a: Raging Bolt|spa|2
|move|p2a: Sinistcha|Shadow Ball|p1a: Raging Bolt
|-damage|p1a: Raging Bolt|66/100
|
|-heal|p1a: Raging Bolt|72/100|[from] item: Leftovers
|-heal|p2a: Sinistcha|22/100|[from] item: Leftovers
|upkeep
|turn|7
|
|t:|1757816318
|switch|p2a: Ting-Lu|Ting-Lu|94/100
|-damage|p2a: Ting-Lu|82/100|[from] Spikes
|-ability|p2a: Ting-Lu|Vessel of Ruin
|move|p1a: Raging Bolt|Draco Meteor|p2a: Ting-Lu
|-damage|p2a: Ting-Lu|60/100
|-unboost|p1a: Raging Bolt|spa|2
|
|-heal|p1a: Raging Bolt|78/100|[from] item: Leftovers
|-heal|p2a: Ting-Lu|66/100|[from] item: Leftovers
|upkeep
|turn|8
|
|t:|1757816320
|-end|p1a: Raging Bolt|Protosynthesis|[silent]
|switch|p1a: Ogerpon|Ogerpon-Wellspring, F|100/100
|move|p2a: Ting-Lu|Spikes|p1a: Ogerpon
|-sidestart|p1: KnightKnaveSpy|Spikes
|
|-heal|p2a: Ting-Lu|73/100|[from] item: Leftovers
|upkeep
|turn|9
|
|t:|1757816328
|switch|p2a: Dondozo|Dondozo, F|85/100
|-damage|p2a: Dondozo|72/100|[from] Spikes
|move|p1a: Ogerpon|Horn Leech|p2a: Dondozo
|-supereffective|p2a: Dondozo
|-damage|p2a: Dondozo|23/100
|
|-heal|p2a: Dondozo|29/100|[from] item: Leftovers
|upkeep
|turn|10
|inactive|LT91BB incelman has 120 seconds left.
|
|t:|1757816360
|-terastallize|p2a: Dondozo|Steel
|move|p1a: Ogerpon|Horn Leech|p2a: Dondozo
|-resisted|p2a: Dondozo
|-damage|p2a: Dondozo|16/100
|move|p2a: Dondozo|Rest|p2a: Dondozo
|-status|p2a: Dondozo|slp|[from] move: Rest
|-heal|p2a: Dondozo|100/100 slp|[silent]
|
|upkeep
|turn|11
|
|t:|1757816368
|move|p1a: Ogerpon|U-turn|p2a: Dondozo
|-resisted|p2a: Dondozo
|-damage|p2a: Dondozo|92/100 slp
|
|t:|1757816377
|switch|p1a: Raging Bolt|Raging Bolt|78/100|[from] U-turn
|-damage|p1a: Raging Bolt|66/100|[from] Spikes
|cant|p2a: Dondozo|slp
|move|p2a: Dondozo|Sleep Talk|p2a: Dondozo
|move|p2a: Dondozo|Rest||[from] move: Sleep Talk|[still]
|-fail|p2a: Dondozo
|
|-heal|p1a: Raging Bolt|72/100|[from] item: Leftovers
|-heal|p2a: Dondozo|98/100 slp|[from] item: Leftovers
|upkeep
|turn|12
|
|t:|1757816386
|switch|p2a: Ting-Lu|Ting-Lu|73/100
|-damage|p2a: Ting-Lu|60/100|[from] Spikes
|-ability|p2a: Ting-Lu|Vessel of Ruin
|move|p1a: Raging Bolt|Thunderbolt|p2a: Ting-Lu
|-immune|p2a: Ting-Lu
|
|-heal|p1a: Raging Bolt|78/100|[from] item: Leftovers
|-heal|p2a: Ting-Lu|66/100|[from] item: Leftovers
|upkeep
|turn|13
|
|t:|1757816394
|-end|p1a: Raging Bolt|Protosynthesis|[silent]
|switch|p1a: Ogerpon|Ogerpon-Wellspring, F|100/100
|-damage|p1a: Ogerpon|88/100|[from] Spikes
|move|p2a: Ting-Lu|Spikes|p1a: Ogerpon
|-sidestart|p1: KnightKnaveSpy|Spikes
|
|-heal|p2a: Ting-Lu|73/100|[from] item: Leftovers
|upkeep
|turn|14
|
|t:|1757816398
|switch|p2a: Dondozo|Dondozo, F, tera:Steel|98/100 slp
|-damage|p2a: Dondozo|86/100 slp|[from] Spikes
|move|p1a: Ogerpon|Horn Leech|p2a: Dondozo
|-resisted|p2a: Dondozo
|-damage|p2a: Dondozo|74/100 slp
|-heal|p1a: Ogerpon|99/100|[from] drain|[of] p2a: Dondozo
|
|-heal|p2a: Dondozo|80/100 slp|[from] item: Leftovers
|upkeep
|turn|15
|
|t:|1757816404
|move|p1a: Ogerpon|Ivy Cudgel|p2a: Dondozo|[anim] Ivy Cudgel Water
|-damage|p2a: Dondozo|46/100 slp
|cant|p2a: Dondozo|slp
|move|p2a: Dondozo|Sleep Talk|p2a: Dondozo
|move|p2a: Dondozo|Body Press|p1a: Ogerpon|[from] move: Sleep Talk
|-damage|p1a: Ogerpon|73/100
|
|-heal|p2a: Dondozo|52/100 slp|[from] item: Leftovers
|upkeep
|turn|16
|
|t:|1757816412
|move|p1a: Ogerpon|Ivy Cudgel|p2a: Dondozo|[anim] Ivy Cudgel Water
|-damage|p2a: Dondozo|19/100 slp
|-curestatus|p2a: Dondozo|slp|[msg]
|move|p2a: Dondozo|Rest|p2a: Dondozo
|-status|p2a: Dondozo|slp|[from] move: Rest
|-heal|p2a: Dondozo|100/100 slp|[silent]
|
|upkeep
|turn|17
|
|t:|1757816416
|move|p1a: Ogerpon|U-turn|p2a: Dondozo
|-resisted|p2a: Dondozo
|-damage|p2a: Dondozo|93/100 slp
|
|t:|1757816418
|switch|p1a: Blaziken|Blaziken, M|100/100|[from] U-turn
|-damage|p1a: Blaziken|84/100|[from] Spikes
|cant|p2a: Dondozo|slp
|move|p2a: Dondozo|Sleep Talk|p2a: Dondozo
|move|p2a: Dondozo|Curse|p2a: Dondozo|[from] move: Sleep Talk
|-unboost|p2a: Dondozo|spe|1
|-boost|p2a: Dondozo|atk|1
|-boost|p2a: Dondozo|def|1
|
|-heal|p1a: Blaziken|90/100|[from] item: Leftovers
|-heal|p2a: Dondozo|99/100 slp|[from] item: Leftovers
|upkeep
|turn|18
|
|t:|1757816429
|switch|p2a: Sinistcha|Sinistcha|22/100
|-damage|p2a: Sinistcha|10/100|[from] Spikes
|move|p1a: Blaziken|Close Combat|p2a: Sinistcha
|-immune|p2a: Sinistcha
|
|-heal|p1a: Blaziken|96/100|[from] item: Leftovers
|-heal|p2a: Sinistcha|16/100|[from] item: Leftovers
|-ability|p1a: Blaziken|Speed Boost|boost
|-boost|p1a: Blaziken|spe|1
|upkeep
|turn|19
|
|t:|1757816432
|move|p1a: Blaziken|Flare Blitz|p2a: Sinistcha
|-supereffective|p2a: Sinistcha
|-damage|p2a: Sinistcha|0 fnt
|faint|p2a: Sinistcha
|-damage|p1a: Blaziken|90/100|[from] Recoil
|
|-heal|p1a: Blaziken|96/100|[from] item: Leftovers
|-ability|p1a: Blaziken|Speed Boost|boost
|-boost|p1a: Blaziken|spe|1
|upkeep
|
|t:|1757816439
|switch|p2a: Zamazenta|Zamazenta|100/100
|-damage|p2a: Zamazenta|88/100|[from] Spikes
|-ability|p2a: Zamazenta|Dauntless Shield|boost
|-boost|p2a: Zamazenta|def|1
|turn|20
|
|t:|1757816444
|switch|p1a: Samurott|Samurott-Hisui, F|31/100
|-damage|p1a: Samurott|15/100|[from] Spikes
|move|p2a: Zamazenta|Iron Defense|p2a: Zamazenta
|-boost|p2a: Zamazenta|def|2
|
|-heal|p2a: Zamazenta|94/100|[from] item: Leftovers
|upkeep
|turn|21
|
|t:|1757816454
|move|p2a: Zamazenta|Iron Defense|p2a: Zamazenta
|-boost|p2a: Zamazenta|def|2
|move|p1a: Samurott|Ceaseless Edge|p2a: Zamazenta
|-resisted|p2a: Zamazenta
|-damage|p2a: Zamazenta|90/100
|-sidestart|p2: LT91BB incelman|Spikes
|
|-heal|p2a: Zamazenta|97/100|[from] item: Leftovers
|upkeep
|turn|22
|
|t:|1757816458
|move|p2a: Zamazenta|Body Press|p1a: Samurott
|-supereffective|p1a: Samurott
|-damage|p1a: Samurott|0 fnt
|faint|p1a: Samurott
|
|-heal|p2a: Zamazenta|100/100|[from] item: Leftovers
|upkeep
|
|t:|1757816459
|switch|p1a: Raging Bolt|Raging Bolt|78/100
|-damage|p1a: Raging Bolt|62/100|[from] Spikes
|turn|23
|
|t:|1757816462
|-terastallize|p1a: Raging Bolt|Fairy
|move|p2a: Zamazenta|Body Press|p1a: Raging Bolt
|-resisted|p1a: Raging Bolt
|-damage|p1a: Raging Bolt|2/100
|move|p1a: Raging Bolt|Draco Meteor|p2a: Zamazenta
|-damage|p2a: Zamazenta|38/100
|-unboost|p1a: Raging Bolt|spa|2
|
|-heal|p2a: Zamazenta|44/100|[from] item: Leftovers
|-heal|p1a: Raging Bolt|9/100|[from] item: Leftovers
|upkeep
|turn|24
|
|t:|1757816474
|move|p1a: Raging Bolt|Draco Meteor|p2a: Zamazenta
|-damage|p2a: Zamazenta|12/100
|-unboost|p1a: Raging Bolt|spa|2
|move|p2a: Zamazenta|Roar|p1a: Raging Bolt
|-end|p1a: Raging Bolt|Protosynthesis|[silent]
|drag|p1a: Blaziken|Blaziken, M|96/100
|-damage|p1a: Blaziken|79/100|[from] Spikes
|
|-heal|p2a: Zamazenta|19/100|[from] item: Leftovers
|-heal|p1a: Blaziken|85/100|[from] item: Leftovers
|upkeep
|turn|25
|
|t:|1757816482
|move|p2a: Zamazenta|Body Press|p1a: Blaziken
|-damage|p1a: Blaziken|0 fnt
|faint|p1a: Blaziken
|
|-heal|p2a: Zamazenta|25/100|[from] item: Leftovers
|upkeep
|-message|KnightKnaveSpy forfeited.
|
|win|LT91BB incelman
|raw|KnightKnaveSpy's rating: 1471 &rarr; <strong>1455</strong><br />(-16 for losing)
|raw|LT91BB incelman's rating: 1533 &rarr; <strong>1549</strong><br />(+16 for winning)
|l|☆KnightKnaveSpy
|player|p1|
