|j|☆JustJjb
|j|☆jessies boyfriend
|t:|1757902376
|gametype|singles
|player|p1|JustJjb|170|1389
|player|p2|jessies boyfriend|brock|1433
|gen|9
|tier|[Gen 9] OU
|rated|
|rule|HP Percentage Mod: HP is shown in percentages
|rule|Endless Battle Clause: Forcing endless battles is banned
|rule|Species Clause: Limit one of each Pokémon
|rule|OHKO Clause: OHKO moves are banned
|rule|Evasion Items Clause: Evasion items are banned
|rule|Evasion Moves Clause: Evasion moves are banned
|rule|Evasion Abilities Clause: Evasion abilities are banned
|rule|Sleep Moves Clause: Sleep-inducing moves are banned
|clearpoke
|poke|p1|Medicham, M|
|poke|p1|Glimmora, F|
|poke|p1|Ogerpon-Wellspring, F|
|poke|p1|Kingambit, F|
|poke|p1|Landorus-Therian, M|
|poke|p1|Raging Bolt|
|poke|p2|Munkidori, M|
|poke|p2|Fezandipiti, M|
|poke|p2|Okidogi, M|
|poke|p2|Corviknight, F|
|poke|p2|Porygon-Z|
|poke|p2|Incineroar, F|
|teampreview
|inactive|Battle timer is ON: inactive players will automatically lose when time's up. (requested by jessies boyfriend)
|
|t:|1757902390
|teamsize|p1|6
|teamsize|p2|6
|start
|switch|p1a: Glimmora|Glimmora, F|100/100
|switch|p2a: Munkidori|Munkidori, M|100/100
|turn|1
|
|t:|1757902412
|move|p2a: Munkidori|Psychic|p1a: Glimmora
|-supereffective|p1a: Glimmora
|-enditem|p1a: Glimmora|Focus Sash
|-damage|p1a: Glimmora|1/100
|move|p1a: Glimmora|Earth Power|p2a: Munkidori
|-supereffective|p2a: Munkidori
|-damage|p2a: Munkidori|25/100
|
|upkeep
|turn|2
|
|t:|1757902426
|move|p2a: Munkidori|Psychic|p1a: Glimmora
|-supereffective|p1a: Glimmora
|-damage|p1a: Glimmora|0 fnt
|faint|p1a: Glimmora
|
|upkeep
|
|t:|1757902431
|switch|p1a: Ogerpon|Ogerpon-Wellspring, F|100/100
|turn|3
|
|t:|1757902438
|move|p2a: Munkidori|Psychic|p1a: Ogerpon
|-damage|p1a: Ogerpon|43/100
|move|p1a: Ogerpon|Ivy Cudgel|p2a: Munkidori|[anim] Ivy Cudgel Water
|-damage|p2a: Munkidori|0 fnt
|faint|p2a: Munkidori
|
|upkeep
|
|t:|1757902448
|switch|p2a: Incineroar|Incineroar, F|100/100
|-ability|p2a: Incineroar|Intimidate|boost
|-unboost|p1a: Ogerpon|atk|1
|turn|4
|
|t:|1757902454
|switch|p2a: Corviknight|Corviknight, F|100/100
|-ability|p2a: Corviknight|Pressure
|move|p1a: Ogerpon|Ivy Cudgel|p2a: Corviknight|[anim] Ivy Cudgel Water
|-damage|p2a: Corviknight|76/100
|
|upkeep
|turn|5
|
|t:|1757902462
|switch|p1a: Raging Bolt|Raging Bolt|100/100
|-enditem|p1a: Raging Bolt|Booster Energy
|-activate|p1a: Raging Bolt|ability: Protosynthesis|[fromitem]
|-start|p1a: Raging Bolt|protosynthesisspa
|move|p2a: Corviknight|U-turn|p1a: Raging Bolt
|-damage|p1a: Raging Bolt|86/100
|
|t:|1757902466
|switch|p2a: Fezandipiti|Fezandipiti, M|100/100|[from] U-turn
|
|upkeep
|turn|6
|
|t:|1757902477
|move|p1a: Raging Bolt|Thunderbolt|p2a: Fezandipiti
|-damage|p2a: Fezandipiti|58/100
|move|p2a: Fezandipiti|Beat Up|p1a: Raging Bolt
|-damage|p1a: Raging Bolt|83/100
|-damage|p1a: Raging Bolt|81/100
|-damage|p1a: Raging Bolt|77/100
|-damage|p1a: Raging Bolt|74/100
|-status|p1a: Raging Bolt|tox|[from] ability: Toxic Chain|[of] p2a: Fezandipiti
|-damage|p1a: Raging Bolt|71/100 tox
|-hitcount|p1a: Raging Bolt|5
|
|-damage|p1a: Raging Bolt|65/100 tox|[from] psn
|upkeep
|turn|7
|
|t:|1757902493
|move|p1a: Raging Bolt|Thunderbolt|p2a: Fezandipiti
|-damage|p2a: Fezandipiti|17/100
|move|p2a: Fezandipiti|Roost|p2a: Fezandipiti
|-heal|p2a: Fezandipiti|67/100
|-singleturn|p2a: Fezandipiti|move: Roost
|
|-damage|p1a: Raging Bolt|53/100 tox|[from] psn
|upkeep
|turn|8
|
|t:|1757902501
|move|p1a: Raging Bolt|Calm Mind|p1a: Raging Bolt
|-boost|p1a: Raging Bolt|spa|1
|-boost|p1a: Raging Bolt|spd|1
|move|p2a: Fezandipiti|Roost|p2a: Fezandipiti
|-heal|p2a: Fezandipiti|100/100
|-singleturn|p2a: Fezandipiti|move: Roost
|
|-damage|p1a: Raging Bolt|34/100 tox|[from] psn
|upkeep
|turn|9
|
|t:|1757902515
|move|p1a: Raging Bolt|Thunderbolt|p2a: Fezandipiti
|-damage|p2a: Fezandipiti|39/100
|move|p2a: Fezandipiti|U-turn|p1a: Raging Bolt
|-damage|p1a: Raging Bolt|19/100 tox
|
|t:|1757902528
|switch|p2a: Corviknight|Corviknight, F|76/100|[from] U-turn
|-ability|p2a: Corviknight|Pressure
|
|-damage|p1a: Raging Bolt|0 fnt|[from] psn
|faint|p1a: Raging Bolt
|-end|p1a: Raging Bolt|Protosynthesis|[silent]
|upkeep
|
|t:|1757902540
|switch|p1a: Ogerpon|Ogerpon-Wellspring, F|43/100
|turn|10
|
|t:|1757902545
|move|p1a: Ogerpon|Ivy Cudgel|p2a: Corviknight|[anim] Ivy Cudgel Water
|-damage|p2a: Corviknight|43/100
|move|p2a: Corviknight|U-turn|p1a: Ogerpon
|-supereffective|p1a: Ogerpon
|-damage|p1a: Ogerpon|7/100
|
|t:|1757902554
|switch|p2a: Incineroar|Incineroar, F|100/100|[from] U-turn
|-ability|p2a: Incineroar|Intimidate|boost
|-unboost|p1a: Ogerpon|atk|1
|
|upkeep
|turn|11
|
|t:|1757902562
|switch|p2a: Fezandipiti|Fezandipiti, M|39/100
|move|p1a: Ogerpon|Swords Dance|p1a: Ogerpon
|-boost|p1a: Ogerpon|atk|2
|
|upkeep
|turn|12
|
|t:|1757902570
|move|p1a: Ogerpon|Ivy Cudgel|p2a: Fezandipiti|[anim] Ivy Cudgel Water
|-crit|p2a: Fezandipiti
|-damage|p2a: Fezandipiti|0 fnt
|faint|p2a: Fezandipiti
|
|upkeep
|
|t:|1757902572
|switch|p2a: Incineroar|Incineroar, F|100/100
|-ability|p2a: Incineroar|Intimidate|boost
|-unboost|p1a: Ogerpon|atk|1
|turn|13
|
|t:|1757902579
|-terastallize|p2a: Incineroar|Fighting
|move|p1a: Ogerpon|Ivy Cudgel|p2a: Incineroar|[anim] Ivy Cudgel Water
|-damage|p2a: Incineroar|43/100
|move|p2a: Incineroar|Flame Charge|p1a: Ogerpon
|-damage|p1a: Ogerpon|0 fnt
|-boost|p2a: Incineroar|spe|1
|faint|p1a: Ogerpon
|
|-heal|p2a: Incineroar|49/100|[from] item: Leftovers
|upkeep
|
|t:|1757902592
|switch|p1a: Medicham|Medicham, M|100/100
|turn|14
|
|t:|1757902602
|move|p1a: Medicham|Close Combat|p2a: Incineroar
|-damage|p2a: Incineroar|0 fnt
|-unboost|p1a: Medicham|def|1
|-unboost|p1a: Medicham|spd|1
|faint|p2a: Incineroar
|
|upkeep
|
|t:|1757902609
|switch|p2a: Okidogi|Okidogi, M|100/100
|turn|15
|
|t:|1757902624
|switch|p1a: Landorus|Landorus-Therian, M|100/100
|-ability|p1a: Landorus|Intimidate|boost
|-unboost|p2a: Okidogi|atk|1
|move|p2a: Okidogi|Rock Tomb|p1a: Landorus|[miss]
|-miss|p2a: Okidogi|p1a: Landorus
|
|upkeep
|turn|16
|
|t:|1757902633
|switch|p2a: Corviknight|Corviknight, F|43/100
|-ability|p2a: Corviknight|Pressure
|move|p1a: Landorus|U-turn|p2a: Corviknight
|-resisted|p2a: Corviknight
|-crit|p2a: Corviknight
|-damage|p2a: Corviknight|37/100
|-damage|p1a: Landorus|84/100|[from] item: Rocky Helmet|[of] p2a: Corviknight
|
|t:|1757902642
|switch|p1a: Medicham|Medicham, M|100/100|[from] U-turn
|
|upkeep
|turn|17
|
|t:|1757902654
|move|p1a: Medicham|Close Combat|p2a: Corviknight
|-damage|p2a: Corviknight|0 fnt
|-unboost|p1a: Medicham|def|1
|-unboost|p1a: Medicham|spd|1
|-damage|p1a: Medicham|84/100|[from] item: Rocky Helmet|[of] p2a: Corviknight
|faint|p2a: Corviknight
|
|upkeep
|
|t:|1757902658
|switch|p2a: Okidogi|Okidogi, M|100/100
|turn|18
|
|t:|1757902664
|switch|p1a: Landorus|Landorus-Therian, M|84/100
|-ability|p1a: Landorus|Intimidate|boost
|-unboost|p2a: Okidogi|atk|1
|move|p2a: Okidogi|Rock Tomb|p1a: Landorus
|-damage|p1a: Landorus|70/100
|-unboost|p1a: Landorus|spe|1
|
|upkeep
|turn|19
|
|t:|1757902674
|move|p1a: Landorus|Earthquake|p2a: Okidogi
|-supereffective|p2a: Okidogi
|-crit|p2a: Okidogi
|-damage|p2a: Okidogi|0 fnt
|faint|p2a: Okidogi
|
|upkeep
|
|t:|1757902678
|switch|p2a: ♾️|Porygon-Z, shiny|100/100
|-ability|p2a: ♾️|Download|boost
|-boost|p2a: ♾️|spa|1
|turn|20
|
|t:|1757902684
|move|p1a: Landorus|Earthquake|p2a: ♾️
|-damage|p2a: ♾️|15/100
|move|p2a: ♾️|Ice Beam|p1a: Landorus
|-supereffective|p1a: Landorus
|-damage|p1a: Landorus|0 fnt
|faint|p1a: Landorus
|
|upkeep
|
|t:|1757902693
|switch|p1a: Medicham|Medicham, M|84/100
|turn|21
|-enditem|p2a: ♾️|Custap Berry|[eat]
|-activate|p2a: ♾️|item: Custap Berry|[consumed]
|
|t:|1757902697
|move|p2a: ♾️|Tri Attack|p1a: Medicham
|-damage|p1a: Medicham|0 fnt
|faint|p1a: Medicham
|
|upkeep
|
|t:|1757902704
|switch|p1a: Kingambit|Kingambit, F|100/100
|-activate|p1a: Kingambit|ability: Supreme Overlord
|-start|p1a: Kingambit|fallen5|[silent]
|turn|22
|
|t:|1757902713
|move|p2a: ♾️|Endure|p2a: ♾️
|-singleturn|p2a: ♾️|move: Endure
|move|p1a: Kingambit|Kowtow Cleave|p2a: ♾️
|-activate|p2a: ♾️|move: Endure
|-damage|p2a: ♾️|1/100
|
|upkeep
|turn|23
|
|t:|1757902720
|move|p2a: ♾️|Endure||[still]
|-fail|p2a: ♾️
|move|p1a: Kingambit|Kowtow Cleave|p2a: ♾️
|-damage|p2a: ♾️|0 fnt
|faint|p2a: ♾️
|
|win|JustJjb
|raw|JustJjb's rating: 1389 &rarr; <strong>1412</strong><br />(+23 for winning)
|raw|jessies boyfriend's rating: 1433 &rarr; <strong>1410</strong><br />(-23 for losing)
|l|☆jessies boyfriend
|player|p2|
|l|☆JustJjb
|player|p1|
