|j|☆underperfo
|j|☆SpectralStorm
|t:|1757830293
|gametype|singles
|player|p1|underperfo|265|1398
|player|p2|SpectralStorm|1|1345
|gen|9
|tier|[Gen 9] OU
|rated|
|rule|HP Percentage Mod: HP is shown in percentages
|rule|Endless Battle Clause: Forcing endless battles is banned
|rule|Species Clause: Limit one of each Pokémon
|rule|OHKO Clause: OHKO moves are banned
|rule|Evasion Items Clause: Evasion items are banned
|rule|Evasion Moves Clause: Evasion moves are banned
|rule|Evasion Abilities Clause: Evasion abilities are banned
|rule|Sleep Moves Clause: Sleep-inducing moves are banned
|clearpoke
|poke|p1|Zamazenta-*|
|poke|p1|Landorus-Therian, M|
|poke|p1|Gholdengo|
|poke|p1|Primarina, M|
|poke|p1|Dragapult, F|
|poke|p1|Darkrai|
|poke|p2|Bellibolt, M|
|poke|p2|Basculegion, M|
|poke|p2|Dragonite, M|
|poke|p2|Iron Treads|
|poke|p2|Barraskewda, F|
|poke|p2|Pelipper, M|
|teampreview
|
|t:|1757830314
|teamsize|p1|6
|teamsize|p2|6
|start
|switch|p1a: Landorus|Landorus-Therian, M|100/100
|switch|p2a: Pelipper|Pelipper, M|100/100
|-ability|p1a: Landorus|Intimidate|boost
|-unboost|p2a: Pelipper|atk|1
|-weather|RainDance|[from] ability: Drizzle|[of] p2a: Pelipper
|turn|1
|
|t:|1757830320
|move|p1a: Landorus|Stealth Rock|p2a: Pelipper
|-sidestart|p2: SpectralStorm|move: Stealth Rock
|move|p2a: Pelipper|Surf|p1a: Landorus
|-supereffective|p1a: Landorus
|-damage|p1a: Landorus|0 fnt
|faint|p1a: Landorus
|
|-weather|RainDance|[upkeep]
|upkeep
|
|t:|1757830344
|switch|p1a: Primarina|Primarina, M|100/100
|turn|2
|inactive|Battle timer is ON: inactive players will automatically lose when time's up. (requested by SpectralStorm)
|
|t:|1757830354
|move|p1a: Primarina|Moonblast|p2a: Pelipper
|-damage|p2a: Pelipper|32/100
|-unboost|p2a: Pelipper|spa|1
|move|p2a: Pelipper|U-turn|p1a: Primarina
|-resisted|p1a: Primarina
|-damage|p1a: Primarina|97/100
|
|t:|1757830360
|switch|p2a: Basculegion|Basculegion, M|100/100|[from] U-turn
|-damage|p2a: Basculegion|88/100|[from] Stealth Rock
|
|-weather|RainDance|[upkeep]
|upkeep
|turn|3
|
|t:|1757830369
|-terastallize|p2a: Basculegion|Water
|move|p2a: Basculegion|Wave Crash|p1a: Primarina
|-resisted|p1a: Primarina
|-damage|p1a: Primarina|0 fnt
|faint|p1a: Primarina
|-damage|p2a: Basculegion|61/100|[from] Recoil
|
|-weather|RainDance|[upkeep]
|upkeep
|
|t:|1757830375
|switch|p1a: Zamazenta|Zamazenta|100/100
|-ability|p1a: Zamazenta|Dauntless Shield|boost
|-boost|p1a: Zamazenta|def|1
|turn|4
|
|t:|1757830378
|move|p1a: Zamazenta|Body Press|p2a: Basculegion
|-damage|p2a: Basculegion|1/100
|move|p2a: Basculegion|Wave Crash|p1a: Zamazenta
|-damage|p1a: Zamazenta|0 fnt
|faint|p1a: Zamazenta
|-damage|p2a: Basculegion|0 fnt|[from] Recoil
|faint|p2a: Basculegion
|
|-weather|RainDance|[upkeep]
|upkeep
|
|t:|1757830397
|switch|p1a: Gholdengo|Gholdengo|100/100
|switch|p2a: Barraskewda|Barraskewda, F|100/100
|-damage|p2a: Barraskewda|88/100|[from] Stealth Rock
|-item|p1a: Gholdengo|Air Balloon
|turn|5
|
|t:|1757830401
|move|p2a: Barraskewda|Liquidation|p1a: Gholdengo
|-damage|p1a: Gholdengo|22/100
|-enditem|p1a: Gholdengo|Air Balloon
|move|p1a: Gholdengo|Thunder Wave|p2a: Barraskewda
|-status|p2a: Barraskewda|par
|
|-weather|RainDance|[upkeep]
|upkeep
|turn|6
|
|t:|1757830423
|move|p2a: Barraskewda|Liquidation|p1a: Gholdengo
|-damage|p1a: Gholdengo|0 fnt
|faint|p1a: Gholdengo
|
|-weather|RainDance|[upkeep]
|upkeep
|
|t:|1757830425
|switch|p1a: Dragapult|Dragapult, F|100/100
|turn|7
|
|t:|1757830432
|switch|p2a: Iron Treads|Iron Treads|100/100
|-damage|p2a: Iron Treads|98/100|[from] Stealth Rock
|move|p1a: Dragapult|Hex|p2a: Iron Treads
|-damage|p2a: Iron Treads|62/100
|-enditem|p2a: Iron Treads|Eject Button
|
|t:|1757830437
|-end|p2a: Iron Treads|Quark Drive|[silent]
|switch|p2a: Bellibolt|Bellibolt, M|100/100
|-damage|p2a: Bellibolt|88/100|[from] Stealth Rock
|
|-weather|RainDance|[upkeep]
|upkeep
|turn|8
|
|t:|1757830446
|move|p1a: Dragapult|Dragon Darts|p2a: Bellibolt
|-damage|p2a: Bellibolt|71/100
|-start|p2a: Bellibolt|Charge|Dragon Darts|[from] ability: Electromorphosis
|-anim|p1a: Dragapult|Dragon Darts|p2a: Bellibolt
|-damage|p2a: Bellibolt|51/100
|-start|p2a: Bellibolt|Charge|Dragon Darts|[from] ability: Electromorphosis
|move|p2a: Bellibolt|Thunder|p1a: Dragapult
|-resisted|p1a: Dragapult
|-damage|p1a: Dragapult|20/100
|-end|p2a: Bellibolt|Charge|[silent]
|
|-weather|none
|upkeep
|turn|9
|
|t:|1757830458
|switch|p2a: Pelipper|Pelipper, M|32/100
|-damage|p2a: Pelipper|7/100|[from] Stealth Rock
|-weather|RainDance|[from] ability: Drizzle|[of] p2a: Pelipper
|move|p1a: Dragapult|Hex|p2a: Pelipper
|-damage|p2a: Pelipper|0 fnt
|faint|p2a: Pelipper
|
|-weather|RainDance|[upkeep]
|upkeep
|
|t:|1757830473
|switch|p2a: Barraskewda|Barraskewda, F|88/100 par
|-damage|p2a: Barraskewda|76/100 par|[from] Stealth Rock
|turn|10
|
|t:|1757830475
|cant|p2a: Barraskewda|par
|move|p1a: Dragapult|Hex|p2a: Barraskewda
|-damage|p2a: Barraskewda|0 fnt
|faint|p2a: Barraskewda
|
|-weather|RainDance|[upkeep]
|upkeep
|
|t:|1757830480
|switch|p2a: Bellibolt|Bellibolt, M|51/100
|-damage|p2a: Bellibolt|39/100|[from] Stealth Rock
|turn|11
|
|t:|1757830489
|move|p1a: Dragapult|Dragon Darts|p2a: Bellibolt
|-damage|p2a: Bellibolt|19/100
|-start|p2a: Bellibolt|Charge|Dragon Darts|[from] ability: Electromorphosis
|-anim|p1a: Dragapult|Dragon Darts|p2a: Bellibolt
|-damage|p2a: Bellibolt|0 fnt
|faint|p2a: Bellibolt
|
|-weather|RainDance|[upkeep]
|upkeep
|
|t:|1757830498
|switch|p2a: Iron Treads|Iron Treads|62/100
|-damage|p2a: Iron Treads|60/100|[from] Stealth Rock
|turn|12
|
|t:|1757830506
|move|p1a: Dragapult|Hex|p2a: Iron Treads
|-damage|p2a: Iron Treads|25/100
|move|p2a: Iron Treads|Earth Power|p1a: Dragapult
|-damage|p1a: Dragapult|0 fnt
|faint|p1a: Dragapult
|
|-weather|RainDance|[upkeep]
|upkeep
|
|t:|1757830510
|switch|p1a: Darkrai|Darkrai|100/100
|turn|13
|
|t:|1757830515
|move|p1a: Darkrai|Dark Pulse|p2a: Iron Treads
|-damage|p2a: Iron Treads|0 fnt
|faint|p2a: Iron Treads
|-end|p2a: Iron Treads|Quark Drive|[silent]
|
|-weather|RainDance|[upkeep]
|upkeep
|
|t:|1757830517
|switch|p2a: Dragonite|Dragonite, M|100/100
|-damage|p2a: Dragonite|76/100|[from] Stealth Rock
|turn|14
|
|t:|1757830526
|move|p1a: Darkrai|Ice Beam|p2a: Dragonite
|-supereffective|p2a: Dragonite
|-damage|p2a: Dragonite|0 fnt
|faint|p2a: Dragonite
|
|win|underperfo
|raw|underperfo's rating: 1398 &rarr; <strong>1415</strong><br />(+17 for winning)
|raw|SpectralStorm's rating: 1345 &rarr; <strong>1328</strong><br />(-17 for losing)
|c|☆SpectralStorm|Damn that para lol
|c|☆SpectralStorm|and rolls
|c|☆SpectralStorm|gg
|l|☆SpectralStorm
|player|p2|
