|j|☆KingKaido107
|j|☆disco 2003
|t:|1757911102
|gametype|singles
|player|p1|KingKaido107|dragontamer-gen6|1774
|player|p2|disco 2003|policeman-gen4|1719
|gen|9
|tier|[Gen 9] OU
|rated|
|rule|HP Percentage Mod: HP is shown in percentages
|rule|Endless Battle Clause: Forcing endless battles is banned
|rule|Species Clause: Limit one of each Pokémon
|rule|OHKO Clause: OHKO moves are banned
|rule|Evasion Items Clause: Evasion items are banned
|rule|Evasion Moves Clause: Evasion moves are banned
|rule|Evasion Abilities Clause: Evasion abilities are banned
|rule|Sleep Moves Clause: Sleep-inducing moves are banned
|clearpoke
|poke|p1|Slowking-Galar, F|
|poke|p1|Kyurem|
|poke|p1|Cinderace, F|
|poke|p1|Tornadus-Therian, M|
|poke|p1|Hydrapple, F|
|poke|p1|Kingambit, F|
|poke|p2|Ceruledge, F|
|poke|p2|Raging Bolt|
|poke|p2|Latias, F|
|poke|p2|Kyurem|
|poke|p2|Ninetales-Alola, F|
|poke|p2|Iron Moth|
|teampreview
|inactive|Battle timer is ON: inactive players will automatically lose when time's up. (requested by KingKaido107)
|
|t:|1757911121
|teamsize|p1|6
|teamsize|p2|6
|start
|switch|p1a: Thieving Drunk|Tornadus-Therian, M|100/100
|switch|p2a: rng my ahh|Kyurem|100/100
|-ability|p2a: rng my ahh|Pressure
|turn|1
|
|t:|1757911143
|move|p1a: Thieving Drunk|Knock Off|p2a: rng my ahh
|-damage|p2a: rng my ahh|81/100
|-enditem|p2a: rng my ahh|Loaded Dice|[from] move: Knock Off|[of] p1a: Thieving Drunk
|move|p2a: rng my ahh|Icicle Spear|p1a: Thieving Drunk
|-supereffective|p1a: Thieving Drunk
|-damage|p1a: Thieving Drunk|68/100
|-supereffective|p1a: Thieving Drunk
|-damage|p1a: Thieving Drunk|34/100
|-hitcount|p1a: Thieving Drunk|2
|
|upkeep
|turn|2
|
|t:|1757911153
|move|p1a: Thieving Drunk|U-turn|p2a: rng my ahh
|-damage|p2a: rng my ahh|64/100
|
|t:|1757911155
|switch|p1a: Depressed Drunk|Slowking-Galar, F|100/100|[from] U-turn
|move|p2a: rng my ahh|Icicle Spear|p1a: Depressed Drunk
|-damage|p1a: Depressed Drunk|90/100
|-damage|p1a: Depressed Drunk|78/100
|-hitcount|p1a: Depressed Drunk|2
|
|upkeep
|turn|3
|
|t:|1757911162
|move|p2a: rng my ahh|Scale Shot|p1a: Depressed Drunk
|-damage|p1a: Depressed Drunk|67/100
|-damage|p1a: Depressed Drunk|57/100
|-damage|p1a: Depressed Drunk|45/100
|-damage|p1a: Depressed Drunk|34/100
|-hitcount|p1a: Depressed Drunk|4
|-unboost|p2a: rng my ahh|def|1
|-boost|p2a: rng my ahh|spe|1
|move|p1a: Depressed Drunk|Sludge Bomb|p2a: rng my ahh
|-damage|p2a: rng my ahh|29/100
|
|upkeep
|turn|4
|
|t:|1757911175
|move|p2a: rng my ahh|Icicle Spear|p1a: Depressed Drunk
|-damage|p1a: Depressed Drunk|23/100
|-damage|p1a: Depressed Drunk|11/100
|-damage|p1a: Depressed Drunk|0 fnt
|faint|p1a: Depressed Drunk
|-hitcount|p1: Depressed Drunk|3
|
|upkeep
|
|t:|1757911180
|switch|p1a: Raging Drunk|Kingambit, F|100/100
|-activate|p1a: Raging Drunk|ability: Supreme Overlord
|-start|p1a: Raging Drunk|fallen1|[silent]
|turn|5
|
|t:|1757911183
|move|p1a: Raging Drunk|Sucker Punch|p2a: rng my ahh
|-damage|p2a: rng my ahh|0 fnt
|faint|p2a: rng my ahh
|
|upkeep
|
|t:|1757911186
|switch|p2a: snow bunny|Ninetales-Alola, F|100/100
|-weather|Snowscape|[from] ability: Snow Warning|[of] p2a: snow bunny
|turn|6
|
|t:|1757911197
|switch|p2a: 50/50|Raging Bolt|100/100
|-enditem|p2a: 50/50|Booster Energy
|-activate|p2a: 50/50|ability: Protosynthesis|[fromitem]
|-start|p2a: 50/50|protosynthesisspa
|-end|p1a: Raging Drunk|fallen1|[silent]
|switch|p1a: Boro Breath|Cinderace, F|100/100
|
|-weather|Snowscape|[upkeep]
|upkeep
|turn|7
|
|t:|1757911203
|move|p1a: Boro Breath|U-turn|p2a: 50/50
|-start|p1a: Boro Breath|typechange|Bug|[from] ability: Libero
|-damage|p2a: 50/50|72/100
|j| isaac_gam3r
|
|t:|1757911205
|switch|p1a: Ragnaraku|Kyurem|100/100|[from] U-turn
|-ability|p1a: Ragnaraku|Pressure
|move|p2a: 50/50|Thunderbolt|p1a: Ragnaraku
|-resisted|p1a: Ragnaraku
|-damage|p1a: Ragnaraku|68/100
|
|-weather|Snowscape|[upkeep]
|upkeep
|turn|8
|
|t:|1757911219
|-end|p2a: 50/50|Protosynthesis|[silent]
|switch|p2a: snow bunny|Ninetales-Alola, F|100/100
|move|p1a: Ragnaraku|Blizzard|p2a: snow bunny
|-resisted|p2a: snow bunny
|-damage|p2a: snow bunny|41/100
|
|-weather|Snowscape|[upkeep]
|upkeep
|turn|9
|j| corpsefire
|l| corpsefire
|
|t:|1757911227
|switch|p1a: Boro Breath|Cinderace, F|100/100
|move|p2a: snow bunny|Aurora Veil|p2a: snow bunny
|-sidestart|p2: disco 2003|move: Aurora Veil
|
|-weather|Snowscape|[upkeep]
|upkeep
|turn|10
|
|t:|1757911232
|move|p1a: Boro Breath|Pyro Ball|p2a: snow bunny
|-supereffective|p2a: snow bunny
|-damage|p2a: snow bunny|0 fnt
|faint|p2a: snow bunny
|
|-weather|none
|upkeep
|
|t:|1757911243
|switch|p2a: realpsyspam|Latias, F|100/100
|turn|11
|
|t:|1757911250
|move|p1a: Boro Breath|Court Change|p1a: Boro Breath
|-start|p1a: Boro Breath|typechange|Normal|[from] ability: Libero
|-swapsideconditions
|-activate|p1a: Boro Breath|move: Court Change
|move|p2a: realpsyspam|Agility|p2a: realpsyspam
|-boost|p2a: realpsyspam|spe|2
|
|upkeep
|turn|12
|
|t:|1757911254
|switch|p1a: Thieving Drunk|Tornadus-Therian, M|68/100
|move|p2a: realpsyspam|Calm Mind|p2a: realpsyspam
|-boost|p2a: realpsyspam|spa|1
|-boost|p2a: realpsyspam|spd|1
|
|upkeep
|turn|13
|
|t:|1757911259
|move|p2a: realpsyspam|Calm Mind|p2a: realpsyspam
|-boost|p2a: realpsyspam|spa|1
|-boost|p2a: realpsyspam|spd|1
|move|p1a: Thieving Drunk|Taunt|p2a: realpsyspam
|-start|p2a: realpsyspam|move: Taunt
|
|upkeep
|turn|14
|
|t:|1757911264
|switch|p1a: Raging Drunk|Kingambit, F|100/100
|-activate|p1a: Raging Drunk|ability: Supreme Overlord
|-start|p1a: Raging Drunk|fallen1|[silent]
|move|p2a: realpsyspam|Stored Power|p1a: Raging Drunk
|-immune|p1a: Raging Drunk
|
|upkeep
|turn|15
|
|t:|1757911270
|-terastallize|p2a: realpsyspam|Steel
|move|p2a: realpsyspam|Aura Sphere|p1a: Raging Drunk
|-supereffective|p1a: Raging Drunk
|-damage|p1a: Raging Drunk|0 fnt
|faint|p1a: Raging Drunk
|-end|p1a: Raging Drunk|fallen1|[silent]
|
|upkeep
|
|t:|1757911275
|switch|p1a: Boro Breath|Cinderace, F|100/100
|turn|16
|
|t:|1757911278
|move|p2a: realpsyspam|Stored Power|p1a: Boro Breath
|-damage|p1a: Boro Breath|0 fnt
|faint|p1a: Boro Breath
|
|-end|p2a: realpsyspam|move: Taunt
|-sideend|p1: KingKaido107|move: Aurora Veil
|upkeep
|-message|KingKaido107 forfeited.
|
|win|disco 2003
|raw|KingKaido107's rating: 1774 &rarr; <strong>1751</strong><br />(-23 for losing)
|raw|disco 2003's rating: 1719 &rarr; <strong>1742</strong><br />(+23 for winning)
|l|☆KingKaido107
|player|p1|
|l|☆disco 2003
|player|p2|
|l| isaac_gam3r
