|j|☆St0rm_Blad3
|j|☆Mimo69
|t:|1757899263
|gametype|singles
|player|p1|St0rm_Blad3|lance|1112
|player|p2|Mimo69|hilbert-wonderlauncher|1127
|gen|9
|tier|[Gen 9] OU
|rated|
|rule|HP Percentage Mod: HP is shown in percentages
|rule|Endless Battle Clause: Forcing endless battles is banned
|rule|Species Clause: Limit one of each Pokémon
|rule|OHKO Clause: OHKO moves are banned
|rule|Evasion Items Clause: Evasion items are banned
|rule|Evasion Moves Clause: Evasion moves are banned
|rule|Evasion Abilities Clause: Evasion abilities are banned
|rule|Sleep Moves Clause: Sleep-inducing moves are banned
|clearpoke
|poke|p1|Cinderace, F|
|poke|p1|Kingambit, F|
|poke|p1|Hatterene, F|
|poke|p1|Hawlucha, F|
|poke|p1|Garganacl, F|
|poke|p1|Toxapex, F|
|poke|p2|Decidueye, M|
|poke|p2|Arcanine-Hisui, M|
|poke|p2|Metagross|
|poke|p2|Zoroark-Hisui, M|
|poke|p2|Garganacl, M|
|poke|p2|Dragapult, M|
|teampreview
|inactive|Battle timer is ON: inactive players will automatically lose when time's up. (requested by St0rm_Blad3)
|
|t:|1757899279
|teamsize|p1|6
|teamsize|p2|6
|start
|switch|p1a: Hatterene|Hatterene, F|100/100
|switch|p2a: salt|Garganacl, M|100/100
|turn|1
|
|t:|1757899285
|move|p2a: salt|Stone Edge|p1a: Hatterene|[miss]
|-miss|p2a: salt|p1a: Hatterene
|move|p1a: Hatterene|Calm Mind|p1a: Hatterene
|-boost|p1a: Hatterene|spa|1
|-boost|p1a: Hatterene|spd|1
|
|upkeep
|turn|2
|
|t:|1757899299
|move|p2a: salt|Stone Edge|p1a: Hatterene|[miss]
|-miss|p2a: salt|p1a: Hatterene
|move|p1a: Hatterene|Psychic Noise|p2a: salt
|-crit|p2a: salt
|-damage|p2a: salt|27/100
|-start|p2a: salt|move: Heal Block
|
|upkeep
|turn|3
|
|t:|1757899315
|move|p2a: salt|Stone Edge|p1a: Hatterene
|-damage|p1a: Hatterene|59/100
|move|p1a: Hatterene|Psychic Noise|p2a: salt
|-damage|p2a: salt|0 fnt
|faint|p2a: salt
|
|upkeep
|
|t:|1757899327
|switch|p2a: fire dog|Arcanine-Hisui, M|100/100
|-ability|p2a: fire dog|Intimidate|boost
|-unboost|p1a: Hatterene|atk|1
|turn|4
|
|t:|1757899334
|move|p1a: Hatterene|Draining Kiss|p2a: fire dog
|-resisted|p2a: fire dog
|-damage|p2a: fire dog|80/100
|-heal|p1a: Hatterene|76/100|[from] drain|[of] p2a: fire dog
|-damage|p1a: Hatterene|60/100|[from] item: Rocky Helmet|[of] p2a: fire dog
|move|p2a: fire dog|Roar|p1a: Hatterene
|move|p1a: Hatterene|Roar|p2a: fire dog|[from] ability: Magic Bounce
|drag|p2a: big steel man|Metagross, shiny|100/100
|
|upkeep
|turn|5
|
|t:|1757899345
|move|p2a: big steel man|Knock Off|p1a: Hatterene
|-damage|p1a: Hatterene|27/100
|-damage|p2a: big steel man|84/100|[from] item: Rocky Helmet|[of] p1a: Hatterene
|-enditem|p1a: Hatterene|Rocky Helmet|[from] move: Knock Off|[of] p2a: big steel man
|move|p1a: Hatterene|Mystical Fire|p2a: big steel man
|-supereffective|p2a: big steel man
|-damage|p2a: big steel man|38/100
|
|upkeep
|turn|6
|
|t:|1757899356
|move|p2a: big steel man|Bullet Punch|p1a: Hatterene
|-supereffective|p1a: Hatterene
|-damage|p1a: Hatterene|0 fnt
|faint|p1a: Hatterene
|
|upkeep
|
|t:|1757899370
|switch|p1a: Cinderace|Cinderace, F|100/100
|turn|7
|
|t:|1757899380
|move|p1a: Cinderace|Sucker Punch|p2a: big steel man
|-start|p1a: Cinderace|typechange|Dark|[from] ability: Libero
|-supereffective|p2a: big steel man
|-crit|p2a: big steel man
|-damage|p2a: big steel man|0 fnt
|faint|p2a: big steel man
|
|upkeep
|
|t:|1757899390
|switch|p2a: fire dog|Arcanine-Hisui, M|80/100
|-ability|p2a: fire dog|Intimidate|boost
|-unboost|p1a: Cinderace|atk|1
|turn|8
|
|t:|1757899399
|move|p1a: Cinderace|High Jump Kick|p2a: fire dog|[miss]
|-miss|p1a: Cinderace|p2a: fire dog
|-damage|p1a: Cinderace|50/100|[from] highjumpkick
|move|p2a: fire dog|Flare Blitz|p1a: Cinderace
|-damage|p1a: Cinderace|0 fnt
|faint|p1a: Cinderace
|-damage|p2a: fire dog|65/100|[from] Recoil
|
|upkeep
|
|t:|1757899416
|switch|p1a: Toxapex|Toxapex, F|100/100
|turn|9
|
|t:|1757899425
|-terastallize|p2a: fire dog|Water
|move|p2a: fire dog|Crunch|p1a: Toxapex
|-damage|p1a: Toxapex|79/100
|-unboost|p1a: Toxapex|def|1
|move|p1a: Toxapex|Liquidation|p2a: fire dog
|-resisted|p2a: fire dog
|-damage|p2a: fire dog|53/100
|-damage|p1a: Toxapex|62/100|[from] item: Rocky Helmet|[of] p2a: fire dog
|
|-heal|p1a: Toxapex|68/100|[from] item: Black Sludge
|upkeep
|turn|10
|
|t:|1757899436
|move|p1a: Toxapex|Baneful Bunker|p1a: Toxapex
|-singleturn|p1a: Toxapex|move: Protect
|move|p2a: fire dog|Crunch|p1a: Toxapex
|-activate|p1a: Toxapex|move: Protect
|-status|p2a: fire dog|psn
|
|-heal|p1a: Toxapex|74/100|[from] item: Black Sludge
|-damage|p2a: fire dog|40/100 psn|[from] psn
|upkeep
|turn|11
|
|t:|1757899445
|move|p2a: fire dog|Crunch|p1a: Toxapex
|-damage|p1a: Toxapex|44/100
|move|p1a: Toxapex|Recover|p1a: Toxapex
|-heal|p1a: Toxapex|94/100
|
|-heal|p1a: Toxapex|99/100|[from] item: Black Sludge
|-damage|p2a: fire dog|28/100 psn|[from] psn
|upkeep
|turn|12
|
|t:|1757899454
|move|p1a: Toxapex|Baneful Bunker|p1a: Toxapex
|-singleturn|p1a: Toxapex|move: Protect
|move|p2a: fire dog|Extreme Speed|p1a: Toxapex
|-activate|p1a: Toxapex|move: Protect
|
|-heal|p1a: Toxapex|100/100|[from] item: Black Sludge
|-damage|p2a: fire dog|16/100 psn|[from] psn
|upkeep
|turn|13
|
|t:|1757899472
|switch|p1a: Garganacl|Garganacl, F|100/100
|move|p2a: fire dog|Roar|p1a: Garganacl
|drag|p1a: Hawlucha|Hawlucha, F|100/100
|
|-damage|p2a: fire dog|3/100 psn|[from] psn
|upkeep
|turn|14
|
|t:|1757899481
|move|p2a: fire dog|Extreme Speed|p1a: Hawlucha
|-damage|p1a: Hawlucha|65/100
|move|p1a: Hawlucha|Close Combat|p2a: fire dog
|-damage|p2a: fire dog|0 fnt
|-unboost|p1a: Hawlucha|def|1
|-unboost|p1a: Hawlucha|spd|1
|-damage|p1a: Hawlucha|48/100|[from] item: Rocky Helmet|[of] p2a: fire dog
|faint|p2a: fire dog
|
|upkeep
|
|t:|1757899492
|switch|p2a: dragon ak47|Dragapult, M|100/100
|turn|15
|inactive|St0rm_Blad3 has 120 seconds left.
|
|t:|1757899533
|move|p2a: dragon ak47|Dragon Darts|p1a: Hawlucha
|-damage|p1a: Hawlucha|0 fnt
|faint|p1a: Hawlucha
|
|upkeep
|
|t:|1757899537
|switch|p1a: Toxapex|Toxapex, F|100/100
|turn|16
|inactive|St0rm_Blad3 has 120 seconds left.
|
|t:|1757899543
|move|p2a: dragon ak47|Phantom Force||[still]
|-prepare|p2a: dragon ak47|Phantom Force
|move|p1a: Toxapex|Toxic|p2a: dragon ak47
|-status|p2a: dragon ak47|tox
|
|-damage|p2a: dragon ak47|95/100 tox|[from] psn
|upkeep
|turn|17
|
|t:|1757899553
|move|p1a: Toxapex|Baneful Bunker|p1a: Toxapex
|-singleturn|p1a: Toxapex|move: Protect
|move|p2a: dragon ak47|Phantom Force|p1a: Toxapex|[from] lockedmove
|-activate|p1a: Toxapex|move: Phantom Force|[broken]
|-damage|p1a: Toxapex|65/100
|
|-heal|p1a: Toxapex|71/100|[from] item: Black Sludge
|-damage|p2a: dragon ak47|83/100 tox|[from] psn
|upkeep
|turn|18
|
|t:|1757899563
|move|p2a: dragon ak47|Dragon Darts|p1a: Toxapex
|-damage|p1a: Toxapex|49/100
|-anim|p2a: dragon ak47|Dragon Darts|p1a: Toxapex
|-damage|p1a: Toxapex|28/100
|move|p1a: Toxapex|Liquidation|p2a: dragon ak47
|-resisted|p2a: dragon ak47
|-damage|p2a: dragon ak47|70/100 tox
|-damage|p1a: Toxapex|11/100|[from] item: Rocky Helmet|[of] p2a: dragon ak47
|
|-heal|p1a: Toxapex|17/100|[from] item: Black Sludge
|-damage|p2a: dragon ak47|52/100 tox|[from] psn
|upkeep
|turn|19
|
|t:|1757899575
|move|p2a: dragon ak47|Dragon Darts|p1a: Toxapex
|-damage|p1a: Toxapex|0 fnt
|faint|p1a: Toxapex
|
|-damage|p2a: dragon ak47|28/100 tox|[from] psn
|upkeep
|
|t:|1757899579
|switch|p1a: Garganacl|Garganacl, F|100/100
|turn|20
|
|t:|1757899588
|move|p2a: dragon ak47|Dragon Darts|p1a: Garganacl
|-damage|p1a: Garganacl|85/100
|-anim|p2a: dragon ak47|Dragon Darts|p1a: Garganacl
|-damage|p1a: Garganacl|71/100
|move|p1a: Garganacl|Stealth Rock|p2a: dragon ak47
|-sidestart|p2: Mimo69|move: Stealth Rock
|
|-heal|p1a: Garganacl|78/100|[from] item: Leftovers
|-damage|p2a: dragon ak47|0 fnt|[from] psn
|faint|p2a: dragon ak47
|upkeep
|
|t:|1757899598
|switch|p2a: DeciDude|Decidueye, M, shiny|100/100
|-damage|p2a: DeciDude|88/100|[from] Stealth Rock
|turn|21
|
|t:|1757899609
|move|p2a: DeciDude|Nasty Plot|p2a: DeciDude
|-boost|p2a: DeciDude|spa|2
|move|p1a: Garganacl|Salt Cure|p2a: DeciDude
|-damage|p2a: DeciDude|64/100
|-start|p2a: DeciDude|Salt Cure
|replace|p2a: YOU FOOL|Zoroark-Hisui, M, shiny
|-end|p2a: YOU FOOL|Illusion
|
|-heal|p2a: YOU FOOL|70/100|[from] item: Leftovers
|-heal|p1a: Garganacl|84/100|[from] item: Leftovers
|-damage|p2a: YOU FOOL|58/100|[from] Salt Cure
|upkeep
|turn|22
|
|t:|1757899619
|move|p1a: Garganacl|Protect|p1a: Garganacl
|-singleturn|p1a: Garganacl|Protect
|move|p2a: YOU FOOL|Substitute|p2a: YOU FOOL
|-start|p2a: YOU FOOL|Substitute
|-damage|p2a: YOU FOOL|33/100
|
|-heal|p2a: YOU FOOL|39/100|[from] item: Leftovers
|-heal|p1a: Garganacl|90/100|[from] item: Leftovers
|-damage|p2a: YOU FOOL|27/100|[from] Salt Cure
|upkeep
|turn|23
|
|t:|1757899629
|move|p2a: YOU FOOL|Bitter Malice|p1a: Garganacl
|-damage|p1a: Garganacl|64/100
|-unboost|p1a: Garganacl|atk|1
|move|p1a: Garganacl|Salt Cure|p2a: YOU FOOL
|-activate|p2a: YOU FOOL|move: Substitute|[damage]
|
|-heal|p2a: YOU FOOL|33/100|[from] item: Leftovers
|-heal|p1a: Garganacl|71/100|[from] item: Leftovers
|-damage|p2a: YOU FOOL|20/100|[from] Salt Cure
|upkeep
|turn|24
|
|t:|1757899640
|move|p1a: Garganacl|Protect|p1a: Garganacl
|-singleturn|p1a: Garganacl|Protect
|move|p2a: YOU FOOL|Nasty Plot|p2a: YOU FOOL
|-boost|p2a: YOU FOOL|spa|2
|
|-heal|p2a: YOU FOOL|26/100|[from] item: Leftovers
|-heal|p1a: Garganacl|77/100|[from] item: Leftovers
|-damage|p2a: YOU FOOL|14/100|[from] Salt Cure
|upkeep
|turn|25
|
|t:|1757899649
|move|p2a: YOU FOOL|Bitter Malice|p1a: Garganacl
|-damage|p1a: Garganacl|39/100
|-unboost|p1a: Garganacl|atk|1
|move|p1a: Garganacl|Salt Cure|p2a: YOU FOOL
|-end|p2a: YOU FOOL|Substitute
|
|-heal|p2a: YOU FOOL|20/100|[from] item: Leftovers
|-heal|p1a: Garganacl|45/100|[from] item: Leftovers
|-damage|p2a: YOU FOOL|8/100|[from] Salt Cure
|upkeep
|turn|26
|
|t:|1757899660
|move|p2a: YOU FOOL|Bitter Malice|p1a: Garganacl
|-damage|p1a: Garganacl|6/100
|-unboost|p1a: Garganacl|atk|1
|move|p1a: Garganacl|Recover|p1a: Garganacl
|-heal|p1a: Garganacl|56/100
|
|-heal|p2a: YOU FOOL|14/100|[from] item: Leftovers
|-heal|p1a: Garganacl|62/100|[from] item: Leftovers
|-damage|p2a: YOU FOOL|1/100|[from] Salt Cure
|upkeep
|turn|27
|
|t:|1757899673
|move|p2a: YOU FOOL|Bitter Malice|p1a: Garganacl
|-damage|p1a: Garganacl|24/100
|-unboost|p1a: Garganacl|atk|1
|move|p1a: Garganacl|Recover|p1a: Garganacl
|-heal|p1a: Garganacl|74/100
|
|-heal|p2a: YOU FOOL|7/100|[from] item: Leftovers
|-heal|p1a: Garganacl|80/100|[from] item: Leftovers
|-damage|p2a: YOU FOOL|0 fnt|[from] Salt Cure
|faint|p2a: YOU FOOL
|upkeep
|
|t:|1757899684
|switch|p2a: DeciDude|Decidueye, M, shiny|100/100
|-damage|p2a: DeciDude|88/100|[from] Stealth Rock
|turn|28
|
|t:|1757899690
|move|p2a: DeciDude|Leaf Blade|p1a: Garganacl
|-supereffective|p1a: Garganacl
|-damage|p1a: Garganacl|30/100
|move|p1a: Garganacl|Salt Cure|p2a: DeciDude
|-damage|p2a: DeciDude|81/100
|-start|p2a: DeciDude|Salt Cure
|
|-heal|p1a: Garganacl|37/100|[from] item: Leftovers
|-damage|p2a: DeciDude|69/100|[from] Salt Cure
|upkeep
|turn|29
|
|t:|1757899700
|move|p1a: Garganacl|Protect|p1a: Garganacl
|-singleturn|p1a: Garganacl|Protect
|move|p2a: DeciDude|Leaf Blade|p1a: Garganacl
|-activate|p1a: Garganacl|move: Protect
|
|-heal|p1a: Garganacl|43/100|[from] item: Leftovers
|-damage|p2a: DeciDude|56/100|[from] Salt Cure
|upkeep
|turn|30
|
|t:|1757899709
|move|p2a: DeciDude|Leaf Blade|p1a: Garganacl
|-supereffective|p1a: Garganacl
|-damage|p1a: Garganacl|0 fnt
|faint|p1a: Garganacl
|
|-damage|p2a: DeciDude|44/100|[from] Salt Cure
|upkeep
|
|t:|1757899712
|switch|p1a: Kingambit|Kingambit, F|100/100
|-activate|p1a: Kingambit|ability: Supreme Overlord
|-start|p1a: Kingambit|fallen5|[silent]
|turn|31
|
|t:|1757899721
|-terastallize|p1a: Kingambit|Dark
|move|p1a: Kingambit|Sucker Punch||[still]
|-fail|p1a: Kingambit
|move|p2a: DeciDude|Swords Dance|p2a: DeciDude
|-boost|p2a: DeciDude|atk|2
|
|-damage|p2a: DeciDude|31/100|[from] Salt Cure
|upkeep
|turn|32
|
|t:|1757899728
|move|p1a: Kingambit|Sucker Punch||[still]
|-fail|p1a: Kingambit
|move|p2a: DeciDude|Swords Dance|p2a: DeciDude
|-boost|p2a: DeciDude|atk|2
|
|-damage|p2a: DeciDude|19/100|[from] Salt Cure
|upkeep
|turn|33
|
|t:|1757899735
|move|p1a: Kingambit|Sucker Punch||[still]
|-fail|p1a: Kingambit
|move|p2a: DeciDude|Swords Dance|p2a: DeciDude
|-boost|p2a: DeciDude|atk|2
|
|-damage|p2a: DeciDude|6/100|[from] Salt Cure
|upkeep
|turn|34
|
|t:|1757899742
|move|p2a: DeciDude|Shadow Sneak|p1a: Kingambit
|-resisted|p1a: Kingambit
|-damage|p1a: Kingambit|65/100
|move|p1a: Kingambit|Sucker Punch||[still]
|-fail|p1a: Kingambit
|
|-damage|p2a: DeciDude|0 fnt|[from] Salt Cure
|faint|p2a: DeciDude
|
|win|St0rm_Blad3
|raw|St0rm_Blad3's rating: 1112 &rarr; <strong>1138</strong><br />(+26 for winning)
|raw|Mimo69's rating: 1127 &rarr; <strong>1101</strong><br />(-26 for losing)
|c|☆Mimo69|gg
|c|☆St0rm_Blad3|gg
|l|☆Mimo69
|player|p2|
|l|☆St0rm_Blad3
|player|p1|
