|badge|p1|silver|gen9uu|30-6
|uhtml|medal-msg|<div class="broadcast-blue">Curious what those medals under the avatar are? PS now has Ladder Seasons! For more information, check out the <a href="https://www.smogon.com/forums/threads/3740067/">thread on Smogon.</a></div>
|j|☆FP.//06
|j|☆mala☆huju
|t:|1757824686
|gametype|singles
|player|p1|FP.//06|swimmerf2-gen6|1602
|player|p2|mala☆huju|#malahuju|1573
|gen|9
|tier|[Gen 9] OU
|rated|
|rule|HP Percentage Mod: HP is shown in percentages
|rule|Endless Battle Clause: Forcing endless battles is banned
|rule|Species Clause: Limit one of each Pokémon
|rule|OHKO Clause: OHKO moves are banned
|rule|Evasion Items Clause: Evasion items are banned
|rule|Evasion Moves Clause: Evasion moves are banned
|rule|Evasion Abilities Clause: Evasion abilities are banned
|rule|Sleep Moves Clause: Sleep-inducing moves are banned
|clearpoke
|poke|p1|Ting-Lu|
|poke|p1|Weezing-Galar, F|
|poke|p1|Alomomola, M|
|poke|p1|Tornadus-Therian, M|
|poke|p1|Gholdengo|
|poke|p1|Zamazenta-*|
|poke|p2|Weezing-Galar, M|
|poke|p2|Alomomola, F|
|poke|p2|Ting-Lu|
|poke|p2|Zamazenta-*|
|poke|p2|Iron Crown|
|poke|p2|Ogerpon-Wellspring, F|
|teampreview
|c|☆mala☆huju|hf
|c|☆FP.//06|u2
|
|t:|1757824730
|teamsize|p1|6
|teamsize|p2|6
|start
|switch|p1a: Djengo Unrained|Gholdengo|100/100
|switch|p2a: Ogerpon|Ogerpon-Wellspring, F|100/100
|turn|1
|
|t:|1757824734
|move|p1a: Djengo Unrained|Shadow Ball|p2a: Ogerpon
|-damage|p2a: Ogerpon|63/100
|-unboost|p2a: Ogerpon|spd|1
|move|p2a: Ogerpon|Ivy Cudgel|p1a: Djengo Unrained|[anim] Ivy Cudgel Water
|-damage|p1a: Djengo Unrained|27/100
|
|upkeep
|turn|2
|
|t:|1757824741
|switch|p1a: HP Hoe|Alomomola, M, shiny|100/100
|switch|p2a: Ting-Lu|Ting-Lu|100/100
|-ability|p2a: Ting-Lu|Vessel of Ruin
|
|upkeep
|turn|3
|
|t:|1757824744
|move|p2a: Ting-Lu|Stealth Rock|p1a: HP Hoe
|-sidestart|p1: FP.//06|move: Stealth Rock
|move|p1a: HP Hoe|Wish|p1a: HP Hoe
|
|upkeep
|turn|4
|
|t:|1757824783
|switch|p1a: Djengo Unrained|Gholdengo|27/100
|-damage|p1a: Djengo Unrained|21/100|[from] Stealth Rock
|move|p2a: Ting-Lu|Whirlwind|p1a: Djengo Unrained
|-immune|p1a: Djengo Unrained|[from] ability: Good as Gold
|
|-heal|p1a: Djengo Unrained|96/100|[from] move: Wish|[wisher] HP Hoe
|upkeep
|turn|5
|
|t:|1757824791
|move|p1a: Djengo Unrained|Trick|p2a: Ting-Lu
|-activate|p1a: Djengo Unrained|move: Trick|[of] p2a: Ting-Lu
|-item|p2a: Ting-Lu|Choice Scarf|[from] move: Trick
|-item|p1a: Djengo Unrained|Leftovers|[from] move: Trick
|move|p2a: Ting-Lu|Earthquake|p1a: Djengo Unrained
|-supereffective|p1a: Djengo Unrained
|-damage|p1a: Djengo Unrained|16/100
|
|-heal|p1a: Djengo Unrained|22/100|[from] item: Leftovers
|upkeep
|turn|6
|
|t:|1757824796
|switch|p1a: Therry Christmas|Tornadus-Therian, M, shiny|100/100
|switch|p2a: Iron Crown|Iron Crown|100/100
|
|upkeep
|turn|7
|
|t:|1757824802
|switch|p1a: Lus-Lus Situation|Ting-Lu, shiny|100/100
|-damage|p1a: Lus-Lus Situation|94/100|[from] Stealth Rock
|-ability|p1a: Lus-Lus Situation|Vessel of Ruin
|move|p2a: Iron Crown|Volt Switch|p1a: Lus-Lus Situation
|-immune|p1a: Lus-Lus Situation
|
|-heal|p1a: Lus-Lus Situation|100/100|[from] item: Leftovers
|upkeep
|turn|8
|
|t:|1757824809
|-end|p2a: Iron Crown|Quark Drive|[silent]
|switch|p2a: Ogerpon|Ogerpon-Wellspring, F|63/100
|move|p1a: Lus-Lus Situation|Stealth Rock|p2a: Ogerpon
|-sidestart|p2: mala☆huju|move: Stealth Rock
|
|upkeep
|turn|9
|
|t:|1757824816
|switch|p1a: Dog in this Biatch|Zamazenta|100/100
|-ability|p1a: Dog in this Biatch|Dauntless Shield|boost
|-boost|p1a: Dog in this Biatch|def|1
|move|p2a: Ogerpon|Trailblaze|p1a: Dog in this Biatch
|-damage|p1a: Dog in this Biatch|81/100
|-boost|p2a: Ogerpon|spe|1
|
|upkeep
|turn|10
|
|t:|1757824830
|switch|p2a: Ting-Lu|Ting-Lu|100/100
|-damage|p2a: Ting-Lu|94/100|[from] Stealth Rock
|-ability|p2a: Ting-Lu|Vessel of Ruin
|move|p1a: Dog in this Biatch|Close Combat|p2a: Ting-Lu
|-supereffective|p2a: Ting-Lu
|-damage|p2a: Ting-Lu|32/100
|-unboost|p1a: Dog in this Biatch|def|1
|-unboost|p1a: Dog in this Biatch|spd|1
|
|upkeep
|turn|11
|inactive|Battle timer is ON: inactive players will automatically lose when time's up. (requested by FP.//06)
|
|t:|1757824893
|move|p1a: Dog in this Biatch|Close Combat|p2a: Ting-Lu
|-supereffective|p2a: Ting-Lu
|-damage|p2a: Ting-Lu|0 fnt
|-unboost|p1a: Dog in this Biatch|def|1
|-unboost|p1a: Dog in this Biatch|spd|1
|faint|p2a: Ting-Lu
|
|upkeep
|
|t:|1757824902
|switch|p2a: Weezing|Weezing-Galar, M|100/100
|-ability|p2a: Weezing|Neutralizing Gas
|turn|12
|
|t:|1757824913
|switch|p1a: Djengo Unrained|Gholdengo|22/100
|-damage|p1a: Djengo Unrained|16/100|[from] Stealth Rock
|move|p2a: Weezing|Will-O-Wisp|p1a: Djengo Unrained
|-status|p1a: Djengo Unrained|brn
|
|-heal|p1a: Djengo Unrained|22/100 brn|[from] item: Leftovers
|-damage|p1a: Djengo Unrained|16/100 brn|[from] brn
|upkeep
|turn|13
|j| wgw2333
|
|t:|1757824922
|-end|p2a: Weezing|ability: Neutralizing Gas
|switch|p2a: Iron Crown|Iron Crown|100/100
|-damage|p2a: Iron Crown|94/100|[from] Stealth Rock
|move|p1a: Djengo Unrained|Recover|p1a: Djengo Unrained
|-heal|p1a: Djengo Unrained|66/100 brn
|
|-heal|p1a: Djengo Unrained|72/100 brn|[from] item: Leftovers
|-damage|p1a: Djengo Unrained|66/100 brn|[from] brn
|upkeep
|turn|14
|
|t:|1757824929
|move|p2a: Iron Crown|Tachyon Cutter|p1a: Djengo Unrained
|-resisted|p1a: Djengo Unrained
|-damage|p1a: Djengo Unrained|51/100 brn
|-resisted|p1a: Djengo Unrained
|-damage|p1a: Djengo Unrained|37/100 brn
|-hitcount|p1a: Djengo Unrained|2
|move|p1a: Djengo Unrained|Shadow Ball|p2a: Iron Crown
|-supereffective|p2a: Iron Crown
|-damage|p2a: Iron Crown|36/100
|-unboost|p2a: Iron Crown|spd|1
|
|-heal|p1a: Djengo Unrained|43/100 brn|[from] item: Leftovers
|-damage|p1a: Djengo Unrained|37/100 brn|[from] brn
|upkeep
|turn|15
|
|t:|1757824938
|move|p2a: Iron Crown|Psychic Noise|p1a: Djengo Unrained
|-resisted|p1a: Djengo Unrained
|-crit|p1a: Djengo Unrained
|-damage|p1a: Djengo Unrained|4/100 brn
|-start|p1a: Djengo Unrained|move: Heal Block
|cant|p1a: Djengo Unrained|move: Heal Block|Recover
|
|-damage|p1a: Djengo Unrained|0 fnt|[from] brn
|faint|p1a: Djengo Unrained
|upkeep
|
|t:|1757824944
|switch|p1a: Therry Christmas|Tornadus-Therian, M, shiny|100/100
|turn|16
|j| HGalliumh
|
|t:|1757824970
|move|p1a: Therry Christmas|Heat Wave|p2a: Iron Crown
|-supereffective|p2a: Iron Crown
|-damage|p2a: Iron Crown|0 fnt
|faint|p2a: Iron Crown
|-end|p2a: Iron Crown|Quark Drive|[silent]
|
|upkeep
|inactive|mala☆huju has 120 seconds left.
|j| snoopz24
|
|t:|1757824992
|switch|p2a: Zamazenta|Zamazenta|100/100
|-ability|p2a: Zamazenta|Dauntless Shield|boost
|-boost|p2a: Zamazenta|def|1
|turn|17
|
|t:|1757825002
|switch|p1a: G-Wheezy|Weezing-Galar, F, shiny|100/100
|-ability|p1a: G-Wheezy|Neutralizing Gas
|move|p2a: Zamazenta|Stone Edge|p1a: G-Wheezy
|-damage|p1a: G-Wheezy|79/100
|
|upkeep
|turn|18
|j| GoldmanNumber2
|inactive|mala☆huju has 120 seconds left.
|
|t:|1757825013
|move|p2a: Zamazenta|Heavy Slam|p1a: G-Wheezy
|-supereffective|p1a: G-Wheezy
|-damage|p1a: G-Wheezy|30/100
|move|p1a: G-Wheezy|Defog|p2a: Zamazenta
|-unboost|p2a: Zamazenta|evasion|1
|-sideend|p2: mala☆huju|Stealth Rock|[from] move: Defog|[of] p1a: G-Wheezy
|-sideend|p1: FP.//06|Stealth Rock|[from] move: Defog|[of] p1a: G-Wheezy
|
|upkeep
|turn|19
|
|t:|1757825018
|-end|p1a: G-Wheezy|ability: Neutralizing Gas
|switch|p1a: HP Hoe|Alomomola, M, shiny|100/100
|move|p2a: Zamazenta|Heavy Slam|p1a: HP Hoe
|-resisted|p1a: HP Hoe
|-damage|p1a: HP Hoe|89/100
|-damage|p2a: Zamazenta|84/100|[from] item: Rocky Helmet|[of] p1a: HP Hoe
|
|upkeep
|turn|20
|
|t:|1757825022
|switch|p2a: Ogerpon|Ogerpon-Wellspring, F|63/100
|move|p1a: HP Hoe|Wish|p1a: HP Hoe
|
|upkeep
|turn|21
|
|t:|1757825030
|move|p2a: Ogerpon|Ivy Cudgel|p1a: HP Hoe|[anim] Ivy Cudgel Water
|-resisted|p1a: HP Hoe
|-damage|p1a: HP Hoe|72/100
|move|p1a: HP Hoe|Tickle|p2a: Ogerpon
|-unboost|p2a: Ogerpon|atk|1
|-unboost|p2a: Ogerpon|def|1
|
|-heal|p1a: HP Hoe|100/100|[from] move: Wish|[wisher] HP Hoe
|upkeep
|turn|22
|
|t:|1757825035
|move|p2a: Ogerpon|Swords Dance|p2a: Ogerpon
|-boost|p2a: Ogerpon|atk|2
|move|p1a: HP Hoe|Wish|p1a: HP Hoe
|
|upkeep
|turn|23
|
|t:|1757825043
|switch|p1a: Dog in this Biatch|Zamazenta|81/100
|move|p2a: Ogerpon|Trailblaze|p1a: Dog in this Biatch
|-damage|p1a: Dog in this Biatch|38/100
|-boost|p2a: Ogerpon|spe|1
|
|-heal|p1a: Dog in this Biatch|100/100|[from] move: Wish|[wisher] HP Hoe
|upkeep
|turn|24
|
|t:|1757825052
|-terastallize|p2a: Ogerpon|Water
|detailschange|p2a: Ogerpon|Ogerpon-Wellspring-Tera, F, tera:Water
|-ability|p2a: Ogerpon|Embody Aspect (Wellspring)|boost
|-boost|p2a: Ogerpon|spd|1
|move|p2a: Ogerpon|Ivy Cudgel|p1a: Dog in this Biatch|[anim] Ivy Cudgel Water
|-crit|p1a: Dog in this Biatch
|-damage|p1a: Dog in this Biatch|0 fnt
|faint|p1a: Dog in this Biatch
|
|upkeep
|l| snoopz24
|
|t:|1757825061
|switch|p1a: HP Hoe|Alomomola, M, shiny|100/100
|turn|25
|
|t:|1757825068
|move|p2a: Ogerpon|Swords Dance|p2a: Ogerpon
|-boost|p2a: Ogerpon|atk|2
|move|p1a: HP Hoe|Wish|p1a: HP Hoe
|
|upkeep
|turn|26
|
|t:|1757825078
|move|p2a: Ogerpon|Synthesis|p2a: Ogerpon
|-heal|p2a: Ogerpon|100/100
|move|p1a: HP Hoe|Flip Turn|p2a: Ogerpon
|-resisted|p2a: Ogerpon
|-damage|p2a: Ogerpon|88/100
|
|t:|1757825080
|switch|p1a: G-Wheezy|Weezing-Galar, F, shiny|30/100|[from] Flip Turn
|-ability|p1a: G-Wheezy|Neutralizing Gas
|
|-heal|p1a: G-Wheezy|100/100|[from] move: Wish|[wisher] HP Hoe
|upkeep
|turn|27
|
|t:|1757825090
|-terastallize|p1a: G-Wheezy|Grass
|move|p2a: Ogerpon|Ivy Cudgel|p1a: G-Wheezy|[anim] Ivy Cudgel Water
|-resisted|p1a: G-Wheezy
|-damage|p1a: G-Wheezy|39/100
|move|p1a: G-Wheezy|Will-O-Wisp|p2a: Ogerpon
|-status|p2a: Ogerpon|brn
|
|-damage|p2a: Ogerpon|82/100 brn|[from] brn
|upkeep
|turn|28
|
|t:|1757825095
|move|p2a: Ogerpon|Ivy Cudgel|p1a: G-Wheezy|[anim] Ivy Cudgel Water
|-resisted|p1a: G-Wheezy
|-damage|p1a: G-Wheezy|8/100
|move|p1a: G-Wheezy|Pain Split|p2a: Ogerpon
|-sethp|p2a: Ogerpon|44/100 brn|[from] move: Pain Split|[silent]
|-sethp|p1a: G-Wheezy|49/100|[from] move: Pain Split
|
|-damage|p2a: Ogerpon|38/100 brn|[from] brn
|upkeep
|turn|29
|
|t:|1757825108
|-end|p1a: G-Wheezy|ability: Neutralizing Gas
|switch|p1a: HP Hoe|Alomomola, M, shiny|100/100
|move|p2a: Ogerpon|Swords Dance|p2a: Ogerpon
|-boost|p2a: Ogerpon|atk|2
|
|-damage|p2a: Ogerpon|32/100 brn|[from] brn
|upkeep
|turn|30
|
|t:|1757825111
|move|p2a: Ogerpon|Synthesis|p2a: Ogerpon
|-heal|p2a: Ogerpon|82/100 brn
|move|p1a: HP Hoe|Wish|p1a: HP Hoe
|
|-damage|p2a: Ogerpon|76/100 brn|[from] brn
|upkeep
|turn|31
|
|t:|1757825119
|move|p2a: Ogerpon|Trailblaze|p1a: HP Hoe
|-supereffective|p1a: HP Hoe
|-damage|p1a: HP Hoe|40/100
|-boost|p2a: Ogerpon|spe|1
|-damage|p2a: Ogerpon|60/100 brn|[from] item: Rocky Helmet|[of] p1a: HP Hoe
|move|p1a: HP Hoe|Flip Turn|p2a: Ogerpon
|-resisted|p2a: Ogerpon
|-damage|p2a: Ogerpon|47/100 brn
|j| gamebattle$
|l| gamebattle$
|
|t:|1757825123
|switch|p1a: G-Wheezy|Weezing-Galar, F, shiny, tera:Grass|49/100|[from] Flip Turn
|-ability|p1a: G-Wheezy|Neutralizing Gas
|
|-heal|p1a: G-Wheezy|100/100|[from] move: Wish|[wisher] HP Hoe
|-damage|p2a: Ogerpon|41/100 brn|[from] brn
|upkeep
|turn|32
|
|t:|1757825127
|move|p2a: Ogerpon|Synthesis|p2a: Ogerpon
|-heal|p2a: Ogerpon|91/100 brn
|move|p1a: G-Wheezy|Sludge Bomb|p2a: Ogerpon
|-damage|p2a: Ogerpon|75/100 brn
|
|-damage|p2a: Ogerpon|69/100 brn|[from] brn
|upkeep
|turn|33
|
|t:|1757825133
|move|p2a: Ogerpon|Synthesis|p2a: Ogerpon
|-heal|p2a: Ogerpon|100/100 brn
|move|p1a: G-Wheezy|Sludge Bomb|p2a: Ogerpon
|-damage|p2a: Ogerpon|82/100 brn
|
|-damage|p2a: Ogerpon|75/100 brn|[from] brn
|upkeep
|turn|34
|
|t:|1757825136
|move|p2a: Ogerpon|Swords Dance|p2a: Ogerpon
|-boost|p2a: Ogerpon|atk|1
|move|p1a: G-Wheezy|Sludge Bomb|p2a: Ogerpon
|-damage|p2a: Ogerpon|59/100 brn
|
|-damage|p2a: Ogerpon|53/100 brn|[from] brn
|upkeep
|turn|35
|
|t:|1757825139
|move|p2a: Ogerpon|Synthesis|p2a: Ogerpon
|-heal|p2a: Ogerpon|100/100 brn
|move|p1a: G-Wheezy|Sludge Bomb|p2a: Ogerpon
|-damage|p2a: Ogerpon|83/100 brn
|
|-damage|p2a: Ogerpon|77/100 brn|[from] brn
|upkeep
|turn|36
|
|t:|1757825142
|move|p2a: Ogerpon|Ivy Cudgel|p1a: G-Wheezy|[anim] Ivy Cudgel Water
|-resisted|p1a: G-Wheezy
|-damage|p1a: G-Wheezy|51/100
|move|p1a: G-Wheezy|Sludge Bomb|p2a: Ogerpon
|-damage|p2a: Ogerpon|58/100 brn
|
|-damage|p2a: Ogerpon|52/100 brn|[from] brn
|upkeep
|turn|37
|
|t:|1757825147
|move|p2a: Ogerpon|Ivy Cudgel|p1a: G-Wheezy|[anim] Ivy Cudgel Water
|-resisted|p1a: G-Wheezy
|-damage|p1a: G-Wheezy|3/100
|move|p1a: G-Wheezy|Pain Split|p2a: Ogerpon
|-sethp|p2a: Ogerpon|27/100 brn|[from] move: Pain Split|[silent]
|-sethp|p1a: G-Wheezy|30/100|[from] move: Pain Split
|
|-damage|p2a: Ogerpon|21/100 brn|[from] brn
|upkeep
|turn|38
|
|t:|1757825153
|-end|p1a: G-Wheezy|ability: Neutralizing Gas
|switch|p1a: HP Hoe|Alomomola, M, shiny|74/100
|move|p2a: Ogerpon|Ivy Cudgel|p1a: HP Hoe|[anim] Ivy Cudgel Water
|-resisted|p1a: HP Hoe
|-damage|p1a: HP Hoe|23/100
|
|-damage|p2a: Ogerpon|15/100 brn|[from] brn
|upkeep
|turn|39
|j| Davis080498
|
|t:|1757825159
|move|p1a: HP Hoe|Protect|p1a: HP Hoe
|-singleturn|p1a: HP Hoe|Protect
|move|p2a: Ogerpon|Ivy Cudgel|p1a: HP Hoe|[anim] Ivy Cudgel Water
|-activate|p1a: HP Hoe|move: Protect
|
|-damage|p2a: Ogerpon|9/100 brn|[from] brn
|upkeep
|turn|40
|
|t:|1757825167
|move|p2a: Ogerpon|Synthesis|p2a: Ogerpon
|-heal|p2a: Ogerpon|59/100 brn
|move|p1a: HP Hoe|Wish|p1a: HP Hoe
|
|-damage|p2a: Ogerpon|53/100 brn|[from] brn
|upkeep
|turn|41
|
|t:|1757825173
|move|p1a: HP Hoe|Protect|p1a: HP Hoe
|-singleturn|p1a: HP Hoe|Protect
|move|p2a: Ogerpon|Ivy Cudgel|p1a: HP Hoe|[anim] Ivy Cudgel Water
|-activate|p1a: HP Hoe|move: Protect
|
|-heal|p1a: HP Hoe|73/100|[from] move: Wish|[wisher] HP Hoe
|-damage|p2a: Ogerpon|47/100 brn|[from] brn
|upkeep
|turn|42
|
|t:|1757825176
|move|p2a: Ogerpon|Synthesis|p2a: Ogerpon
|-heal|p2a: Ogerpon|97/100 brn
|move|p1a: HP Hoe|Wish|p1a: HP Hoe
|
|-damage|p2a: Ogerpon|91/100 brn|[from] brn
|upkeep
|turn|43
|
|t:|1757825179
|move|p2a: Ogerpon|Trailblaze|p1a: HP Hoe
|-supereffective|p1a: HP Hoe
|-damage|p1a: HP Hoe|3/100
|-boost|p2a: Ogerpon|spe|1
|-damage|p2a: Ogerpon|74/100 brn|[from] item: Rocky Helmet|[of] p1a: HP Hoe
|move|p1a: HP Hoe|Flip Turn|p2a: Ogerpon
|-resisted|p2a: Ogerpon
|-damage|p2a: Ogerpon|61/100 brn
|
|t:|1757825182
|switch|p1a: G-Wheezy|Weezing-Galar, F, shiny, tera:Grass|30/100|[from] Flip Turn
|-ability|p1a: G-Wheezy|Neutralizing Gas
|
|-heal|p1a: G-Wheezy|100/100|[from] move: Wish|[wisher] HP Hoe
|-damage|p2a: Ogerpon|55/100 brn|[from] brn
|upkeep
|turn|44
|
|t:|1757825189
|-end|p1a: G-Wheezy|ability: Neutralizing Gas
|switch|p1a: HP Hoe|Alomomola, M, shiny|36/100
|move|p2a: Ogerpon|Ivy Cudgel|p1a: HP Hoe|[anim] Ivy Cudgel Water
|-resisted|p1a: HP Hoe
|-crit|p1a: HP Hoe
|-damage|p1a: HP Hoe|0 fnt
|faint|p1a: HP Hoe
|
|-damage|p2a: Ogerpon|49/100 brn|[from] brn
|upkeep
|c|☆FP.//06|damn that crit
|c|☆FP.//06|sucked
|
|t:|1757825201
|switch|p1a: G-Wheezy|Weezing-Galar, F, shiny, tera:Grass|100/100
|-ability|p1a: G-Wheezy|Neutralizing Gas
|turn|45
|
|t:|1757825208
|move|p2a: Ogerpon|Ivy Cudgel|p1a: G-Wheezy|[anim] Ivy Cudgel Water
|-resisted|p1a: G-Wheezy
|-damage|p1a: G-Wheezy|46/100
|move|p1a: G-Wheezy|Sludge Bomb|p2a: Ogerpon
|-damage|p2a: Ogerpon|31/100 brn
|
|-damage|p2a: Ogerpon|25/100 brn|[from] brn
|upkeep
|turn|46
|
|t:|1757825215
|move|p2a: Ogerpon|Ivy Cudgel|p1a: G-Wheezy|[anim] Ivy Cudgel Water
|-resisted|p1a: G-Wheezy
|-crit|p1a: G-Wheezy
|-damage|p1a: G-Wheezy|0 fnt
|faint|p1a: G-Wheezy
|-end|p1a: G-Wheezy|ability: Neutralizing Gas
|
|-damage|p2a: Ogerpon|19/100 brn|[from] brn
|upkeep
|
|t:|1757825217
|switch|p1a: Therry Christmas|Tornadus-Therian, M, shiny|100/100
|turn|47
|c|☆FP.//06|gg
|j| firemaniac
|
|t:|1757825220
|move|p2a: Ogerpon|Ivy Cudgel|p1a: Therry Christmas|[anim] Ivy Cudgel Water
|-damage|p1a: Therry Christmas|0 fnt
|faint|p1a: Therry Christmas
|
|-damage|p2a: Ogerpon|13/100 brn|[from] brn
|upkeep
|c|☆mala☆huju|gg
|-message|FP.//06 forfeited.
|
|win|mala☆huju
|raw|FP.&#x2f;&#x2f;06's rating: 1602 &rarr; <strong>1580</strong><br />(-22 for losing)
|raw|mala☆huju's rating: 1573 &rarr; <strong>1595</strong><br />(+22 for winning)
|l|☆FP.//06
|player|p1|
|l|☆mala☆huju
|player|p2|
|l| HGalliumh
|j| snoopz24
|l| snoopz24
|l| Davis080498
|j| Davis080498
