|j|☆Ancient Tito
|j|☆yamashita mizuki
|t:|1757929006
|gametype|singles
|player|p1|Ancient Tito|rood|1525
|player|p2|yamashita mizuki|serena-masters2|1425
|gen|9
|tier|[Gen 9] OU
|rated|
|rule|HP Percentage Mod: HP is shown in percentages
|rule|Endless Battle Clause: Forcing endless battles is banned
|rule|Species Clause: Limit one of each Pokémon
|rule|OHKO Clause: OHKO moves are banned
|rule|Evasion Items Clause: Evasion items are banned
|rule|Evasion Moves Clause: Evasion moves are banned
|rule|Evasion Abilities Clause: Evasion abilities are banned
|rule|Sleep Moves Clause: Sleep-inducing moves are banned
|clearpoke
|poke|p1|Corviknight, F|
|poke|p1|Cinderace, F|
|poke|p1|Dondozo, M|
|poke|p1|Raging Bolt|
|poke|p1|Iron Treads|
|poke|p1|Ogerpon-Wellspring, F|
|poke|p2|Torkoal, M|
|poke|p2|Brute Bonnet|
|poke|p2|Walking Wake|
|poke|p2|Hatterene, F|
|poke|p2|Thundurus-Therian, M|
|poke|p2|Ceruledge, M|
|teampreview
|inactive|Battle timer is ON: inactive players will automatically lose when time's up. (requested by Ancient Tito)
|
|t:|1757929030
|teamsize|p1|6
|teamsize|p2|6
|start
|switch|p1a: Raging Bolt|Raging Bolt|100/100
|switch|p2a: BRUTE FORCE|Brute Bonnet|100/100
|turn|1
|
|t:|1757929040
|-end|p1a: Raging Bolt|Protosynthesis|[silent]
|switch|p1a: Corviknight|Corviknight, F|100/100
|move|p2a: BRUTE FORCE|Growth|p2a: BRUTE FORCE
|-boost|p2a: BRUTE FORCE|atk|1
|-boost|p2a: BRUTE FORCE|spa|1
|
|upkeep
|turn|2
|
|t:|1757929058
|-end|p2a: BRUTE FORCE|Protosynthesis|[silent]
|switch|p2a: Storm|Thundurus-Therian, M|100/100
|move|p1a: Corviknight|U-turn|p2a: Storm
|-resisted|p2a: Storm
|-damage|p2a: Storm|89/100
|
|t:|1757929073
|switch|p1a: Iron Treads|Iron Treads|100/100|[from] U-turn
|
|upkeep
|turn|3
|
|t:|1757929082
|move|p2a: Storm|Grass Knot|p1a: Iron Treads
|-damage|p1a: Iron Treads|43/100
|move|p1a: Iron Treads|Knock Off|p2a: Storm
|-damage|p2a: Storm|40/100
|-enditem|p2a: Storm|Choice Specs|[from] move: Knock Off|[of] p1a: Iron Treads
|
|upkeep
|turn|4
|
|t:|1757929093
|-end|p1a: Iron Treads|Quark Drive|[silent]
|switch|p1a: Raging Bolt|Raging Bolt|100/100
|move|p2a: Storm|Grass Knot|p1a: Raging Bolt
|-resisted|p1a: Raging Bolt
|-damage|p1a: Raging Bolt|81/100
|
|-heal|p1a: Raging Bolt|87/100|[from] item: Leftovers
|upkeep
|turn|5
|
|t:|1757929116
|switch|p2a: Witch|Hatterene, F, shiny|100/100
|move|p1a: Raging Bolt|Calm Mind|p1a: Raging Bolt
|-boost|p1a: Raging Bolt|spa|1
|-boost|p1a: Raging Bolt|spd|1
|
|-heal|p1a: Raging Bolt|93/100|[from] item: Leftovers
|upkeep
|turn|6
|
|t:|1757929136
|-end|p1a: Raging Bolt|Protosynthesis|[silent]
|switch|p1a: Cinderace|Cinderace, F|100/100
|move|p2a: Witch|Nuzzle|p1a: Cinderace
|-damage|p1a: Cinderace|95/100
|-status|p1a: Cinderace|par
|
|upkeep
|turn|7
|
|t:|1757929146
|switch|p2a: Shark|Walking Wake|100/100
|cant|p1a: Cinderace|par
|
|upkeep
|turn|8
|
|t:|1757929152
|switch|p1a: Dondozo|Dondozo, M|100/100
|move|p2a: Shark|Draco Meteor|p1a: Dondozo
|-damage|p1a: Dondozo|34/100
|-unboost|p2a: Shark|spa|2
|
|-heal|p1a: Dondozo|40/100|[from] item: Leftovers
|upkeep
|turn|9
|
|t:|1757929160
|move|p2a: Shark|Draco Meteor|p1a: Dondozo
|-damage|p1a: Dondozo|0 fnt
|-unboost|p2a: Shark|spa|2
|faint|p1a: Dondozo
|
|upkeep
|
|t:|1757929166
|switch|p1a: Raging Bolt|Raging Bolt|93/100
|turn|10
|
|t:|1757929177
|-end|p2a: Shark|Protosynthesis|[silent]
|switch|p2a: Storm|Thundurus-Therian, M|40/100
|-terastallize|p1a: Raging Bolt|Fairy
|move|p1a: Raging Bolt|Calm Mind|p1a: Raging Bolt
|-boost|p1a: Raging Bolt|spa|1
|-boost|p1a: Raging Bolt|spd|1
|
|-heal|p1a: Raging Bolt|99/100|[from] item: Leftovers
|upkeep
|turn|11
|
|t:|1757929187
|-terastallize|p2a: Storm|Fairy
|move|p2a: Storm|Thunderbolt|p1a: Raging Bolt
|-damage|p1a: Raging Bolt|70/100
|move|p1a: Raging Bolt|Calm Mind|p1a: Raging Bolt
|-boost|p1a: Raging Bolt|spa|1
|-boost|p1a: Raging Bolt|spd|1
|
|-heal|p1a: Raging Bolt|76/100|[from] item: Leftovers
|upkeep
|turn|12
|
|t:|1757929202
|move|p2a: Storm|Thunderbolt|p1a: Raging Bolt
|-damage|p1a: Raging Bolt|52/100
|-status|p1a: Raging Bolt|par
|cant|p1a: Raging Bolt|par
|
|-heal|p1a: Raging Bolt|58/100 par|[from] item: Leftovers
|upkeep
|turn|13
|c|☆Ancient Tito|oh no
|c|☆Ancient Tito|the haaax
|c|☆Ancient Tito|that was gg
|c|☆Ancient Tito|tera blast
|inactive|Ancient Tito has 120 seconds left.
|c|☆Ancient Tito|fairy
|c|☆Ancient Tito|ftw
|c|☆Ancient Tito|anyway gg
|
|t:|1757929253
|-end|p1a: Raging Bolt|Protosynthesis|[silent]
|switch|p1a: Iron Treads|Iron Treads|43/100
|move|p2a: Storm|Thunderbolt|p1a: Iron Treads
|-immune|p1a: Iron Treads
|
|upkeep
|turn|14
|
|t:|1757929267
|move|p2a: Storm|Grass Knot|p1a: Iron Treads
|-crit|p1a: Iron Treads
|-damage|p1a: Iron Treads|0 fnt
|faint|p1a: Iron Treads
|-end|p1a: Iron Treads|Quark Drive|[silent]
|
|upkeep
|c|☆Ancient Tito|crit mattered too
|c|☆Ancient Tito|I was assault vested dang
|
|t:|1757929287
|switch|p1a: Cinderace|Cinderace, F|95/100 par
|turn|15
|
|t:|1757929298
|move|p2a: Storm|Thunderbolt|p1a: Cinderace
|-damage|p1a: Cinderace|24/100 par
|move|p1a: Cinderace|Pyro Ball|p2a: Storm|[miss]
|-miss|p1a: Cinderace|p2a: Storm
|
|upkeep
|turn|16
|c|☆Ancient Tito|oh wow HAHAHAHA
|c|☆Ancient Tito|aight bro
|c|☆yamashita mizuki|emm
|c|☆Ancient Tito|gg
|c|☆yamashita mizuki|you need some luck
|c|☆Ancient Tito|all goods
|c|☆Ancient Tito|AHHAHAHAHHAHAHA
|inactive|Ancient Tito has 90 seconds left.
|c|☆Ancient Tito|you got this win
|c|☆Ancient Tito|gg mah friend
|
|t:|1757929333
|move|p2a: Storm|Thunderbolt|p1a: Cinderace
|-damage|p1a: Cinderace|0 fnt
|faint|p1a: Cinderace
|
|upkeep
|
|t:|1757929339
|switch|p1a: Ogerpon|Ogerpon-Wellspring, F|100/100
|turn|17
|
|t:|1757929353
|switch|p2a: Witch|Hatterene, F, shiny|100/100
|move|p1a: Ogerpon|Swords Dance|p1a: Ogerpon
|-boost|p1a: Ogerpon|atk|2
|
|upkeep
|turn|18
|
|t:|1757929364
|move|p1a: Ogerpon|Ivy Cudgel|p2a: Witch|[anim] Ivy Cudgel Water
|-damage|p2a: Witch|0 fnt
|faint|p2a: Witch
|
|upkeep
|
|t:|1757929372
|switch|p2a: Great Bait|Torkoal, M, shiny|100/100
|-weather|SunnyDay|[from] ability: Drought|[of] p2a: Great Bait
|turn|19
|
|t:|1757929377
|move|p1a: Ogerpon|Swords Dance|p1a: Ogerpon
|-boost|p1a: Ogerpon|atk|2
|move|p2a: Great Bait|Eruption|p1a: Ogerpon
|-damage|p1a: Ogerpon|0 fnt
|faint|p1a: Ogerpon
|
|-weather|SunnyDay|[upkeep]
|upkeep
|-message|Ancient Tito forfeited.
|
|win|yamashita mizuki
|raw|Ancient Tito's rating: 1525 &rarr; <strong>1499</strong><br />(-26 for losing)
|raw|yamashita mizuki's rating: 1425 &rarr; <strong>1451</strong><br />(+26 for winning)
|l|☆Ancient Tito
|player|p1|
|l|☆yamashita mizuki
|player|p2|
