|j|☆Husk1903
|j|☆Exeltel
|t:|1757899514
|gametype|singles
|player|p1|Husk1903|ingo|1113
|player|p2|Exeltel|n|1117
|gen|9
|tier|[Gen 9] OU
|rated|
|rule|HP Percentage Mod: HP is shown in percentages
|rule|Endless Battle Clause: Forcing endless battles is banned
|rule|Species Clause: Limit one of each Pokémon
|rule|OHKO Clause: OHKO moves are banned
|rule|Evasion Items Clause: Evasion items are banned
|rule|Evasion Moves Clause: Evasion moves are banned
|rule|Evasion Abilities Clause: Evasion abilities are banned
|rule|Sleep Moves Clause: Sleep-inducing moves are banned
|clearpoke
|poke|p1|Haxorus, M|
|poke|p1|Iron Hands|
|poke|p1|Blaziken, M|
|poke|p1|Polteageist|
|poke|p1|Toxapex, F|
|poke|p1|Cottonee, L1, M|
|poke|p2|Politoed, M|
|poke|p2|Basculegion, M|
|poke|p2|Greninja-*, M|
|poke|p2|Tornadus-Therian, M|
|poke|p2|Sandy Shocks|
|poke|p2|Lokix, F|
|teampreview
|inactive|Battle timer is ON: inactive players will automatically lose when time's up. (requested by Husk1903)
|
|t:|1757899518
|teamsize|p1|6
|teamsize|p2|6
|start
|switch|p1a: Polteageist|Polteageist|100/100
|switch|p2a: Politoed|Politoed, M|100/100
|-weather|RainDance|[from] ability: Drizzle|[of] p2a: Politoed
|turn|1
|
|t:|1757899525
|move|p1a: Polteageist|Shell Smash|p1a: Polteageist
|-unboost|p1a: Polteageist|def|1
|-unboost|p1a: Polteageist|spd|1
|-boost|p1a: Polteageist|atk|2
|-boost|p1a: Polteageist|spa|2
|-boost|p1a: Polteageist|spe|2
|move|p2a: Politoed|Weather Ball|p1a: Polteageist
|-enditem|p1a: Polteageist|Focus Sash
|-damage|p1a: Polteageist|1/100
|
|-weather|RainDance|[upkeep]
|upkeep
|turn|2
|
|t:|1757899544
|switch|p2a: Lokix|Lokix, F|100/100
|move|p1a: Polteageist|Giga Drain|p2a: Lokix
|-resisted|p2a: Lokix
|-damage|p2a: Lokix|48/100
|-heal|p1a: Polteageist|30/100|[from] drain|[of] p2a: Lokix
|
|-weather|RainDance|[upkeep]
|upkeep
|turn|3
|
|t:|1757899554
|move|p2a: Lokix|First Impression|p1a: Polteageist
|-resisted|p1a: Polteageist
|-damage|p1a: Polteageist|0 fnt
|faint|p1a: Polteageist
|
|-weather|RainDance|[upkeep]
|upkeep
|
|t:|1757899564
|switch|p1a: Toxapex|Toxapex, F|100/100
|turn|4
|
|t:|1757899571
|move|p2a: Lokix|U-turn|p1a: Toxapex
|-resisted|p1a: Toxapex
|-damage|p1a: Toxapex|67/100
|
|t:|1757899574
|switch|p2a: Basculegion|Basculegion, M|100/100|[from] U-turn
|move|p1a: Toxapex|Toxic|p2a: Basculegion
|-status|p2a: Basculegion|tox
|
|-weather|RainDance|[upkeep]
|-damage|p2a: Basculegion|94/100 tox|[from] psn
|upkeep
|turn|5
|
|t:|1757899581
|move|p1a: Toxapex|Baneful Bunker|p1a: Toxapex
|-singleturn|p1a: Toxapex|move: Protect
|move|p2a: Basculegion|Psychic Fangs|p1a: Toxapex
|-activate|p1a: Toxapex|move: Protect
|
|-weather|RainDance|[upkeep]
|-damage|p2a: Basculegion|82/100 tox|[from] psn
|upkeep
|turn|6
|
|t:|1757899604
|move|p2a: Basculegion|Psychic Fangs|p1a: Toxapex
|-supereffective|p1a: Toxapex
|-damage|p1a: Toxapex|1/100
|move|p1a: Toxapex|Recover|p1a: Toxapex
|-heal|p1a: Toxapex|51/100
|
|-weather|RainDance|[upkeep]
|-damage|p2a: Basculegion|64/100 tox|[from] psn
|upkeep
|turn|7
|
|t:|1757899634
|move|p1a: Toxapex|Baneful Bunker|p1a: Toxapex
|-singleturn|p1a: Toxapex|move: Protect
|move|p2a: Basculegion|Psychic Fangs|p1a: Toxapex
|-activate|p1a: Toxapex|move: Protect
|
|-weather|RainDance|[upkeep]
|-damage|p2a: Basculegion|40/100 tox|[from] psn
|upkeep
|turn|8
|
|t:|1757899642
|switch|p1a: Cottonee|Cottonee, L1, M|100/100
|move|p2a: Basculegion|Psychic Fangs|p1a: Cottonee
|-enditem|p1a: Cottonee|Focus Sash
|-damage|p1a: Cottonee|9/100
|
|-weather|none
|-damage|p2a: Basculegion|10/100 tox|[from] psn
|upkeep
|turn|9
|
|t:|1757899651
|switch|p2a: Lokix|Lokix, F|48/100
|move|p1a: Cottonee|Protect||[still]
|-fail|p1a: Cottonee
|
|upkeep
|turn|10
|
|t:|1757899657
|move|p2a: Lokix|First Impression|p1a: Cottonee
|-damage|p1a: Cottonee|0 fnt
|faint|p1a: Cottonee
|
|upkeep
|
|t:|1757899662
|switch|p1a: Iron Hands|Iron Hands|100/100
|turn|11
|
|t:|1757899673
|move|p2a: Lokix|U-turn|p1a: Iron Hands
|-resisted|p1a: Iron Hands
|-damage|p1a: Iron Hands|76/100
|
|t:|1757899677
|switch|p2a: Sandy Shocks|Sandy Shocks|100/100|[from] U-turn
|-enditem|p2a: Sandy Shocks|Booster Energy
|-activate|p2a: Sandy Shocks|ability: Protosynthesis|[fromitem]
|-start|p2a: Sandy Shocks|protosynthesisspe
|move|p1a: Iron Hands|Thunder Punch|p2a: Sandy Shocks
|-immune|p2a: Sandy Shocks
|
|upkeep
|turn|12
|
|t:|1757899693
|move|p2a: Sandy Shocks|Earth Power|p1a: Iron Hands
|-supereffective|p1a: Iron Hands
|-damage|p1a: Iron Hands|21/100
|move|p1a: Iron Hands|Drain Punch|p2a: Sandy Shocks
|-damage|p2a: Sandy Shocks|47/100
|-heal|p1a: Iron Hands|38/100|[from] drain|[of] p2a: Sandy Shocks
|
|upkeep
|turn|13
|
|t:|1757899702
|-terastallize|p1a: Iron Hands|Flying
|move|p2a: Sandy Shocks|Earth Power|p1a: Iron Hands
|-immune|p1a: Iron Hands
|move|p1a: Iron Hands|Drain Punch|p2a: Sandy Shocks
|-damage|p2a: Sandy Shocks|0 fnt
|-heal|p1a: Iron Hands|53/100|[from] drain|[of] p2a: Sandy Shocks
|faint|p2a: Sandy Shocks
|-end|p2a: Sandy Shocks|Protosynthesis|[silent]
|
|upkeep
|
|t:|1757899718
|switch|p2a: Politoed|Politoed, M|100/100
|-weather|RainDance|[from] ability: Drizzle|[of] p2a: Politoed
|turn|14
|
|t:|1757899724
|move|p2a: Politoed|Ice Beam|p1a: Iron Hands
|-supereffective|p1a: Iron Hands
|-damage|p1a: Iron Hands|23/100
|move|p1a: Iron Hands|Thunder Punch|p2a: Politoed
|-supereffective|p2a: Politoed
|-damage|p2a: Politoed|0 fnt
|faint|p2a: Politoed
|
|-weather|RainDance|[upkeep]
|upkeep
|
|t:|1757899729
|switch|p2a: Basculegion|Basculegion, M|10/100 tox
|turn|15
|
|t:|1757899738
|move|p2a: Basculegion|Flip Turn|p1a: Iron Hands
|-damage|p1a: Iron Hands|0 fnt
|faint|p1a: Iron Hands
|-end|p1a: Iron Hands|Quark Drive|[silent]
|
|t:|1757899743
|switch|p2a: Lokix|Lokix, F|48/100|[from] Flip Turn
|
|-weather|RainDance|[upkeep]
|upkeep
|
|t:|1757899747
|switch|p1a: Toxapex|Toxapex, F|84/100
|turn|16
|
|t:|1757899752
|move|p2a: Lokix|First Impression|p1a: Toxapex
|-resisted|p1a: Toxapex
|-damage|p1a: Toxapex|47/100
|move|p1a: Toxapex|Toxic|p2a: Lokix
|-status|p2a: Lokix|tox
|
|-weather|RainDance|[upkeep]
|-damage|p2a: Lokix|42/100 tox|[from] psn
|upkeep
|turn|17
|
|t:|1757899761
|move|p2a: Lokix|U-turn|p1a: Toxapex
|-resisted|p1a: Toxapex
|-damage|p1a: Toxapex|17/100
|
|t:|1757899769
|switch|p2a: Basculegion|Basculegion, M|10/100 tox|[from] U-turn
|move|p1a: Toxapex|Recover|p1a: Toxapex
|-heal|p1a: Toxapex|67/100
|
|-weather|RainDance|[upkeep]
|-damage|p2a: Basculegion|4/100 tox|[from] psn
|upkeep
|turn|18
|
|t:|1757899776
|move|p1a: Toxapex|Baneful Bunker|p1a: Toxapex
|-singleturn|p1a: Toxapex|move: Protect
|move|p2a: Basculegion|Psychic Fangs|p1a: Toxapex
|-activate|p1a: Toxapex|move: Protect
|
|-weather|RainDance|[upkeep]
|-damage|p2a: Basculegion|0 fnt|[from] psn
|faint|p2a: Basculegion
|upkeep
|
|t:|1757899781
|switch|p2a: Lokix|Lokix, F|42/100 tox
|turn|19
|
|t:|1757899790
|move|p2a: Lokix|Leech Life|p1a: Toxapex
|-resisted|p1a: Toxapex
|-damage|p1a: Toxapex|29/100
|-heal|p2a: Lokix|58/100 tox|[from] drain|[of] p1a: Toxapex
|move|p1a: Toxapex|Recover|p1a: Toxapex
|-heal|p1a: Toxapex|79/100
|
|-weather|RainDance|[upkeep]
|-damage|p2a: Lokix|52/100 tox|[from] psn
|upkeep
|turn|20
|
|t:|1757899806
|switch|p2a: Tornadus|Tornadus-Therian, M|100/100
|move|p1a: Toxapex|Baneful Bunker||[still]
|-fail|p1a: Toxapex
|
|-weather|RainDance|[upkeep]
|upkeep
|turn|21
|
|t:|1757899813
|move|p2a: Tornadus|Hurricane|p1a: Toxapex
|-damage|p1a: Toxapex|8/100
|move|p1a: Toxapex|Toxic|p2a: Tornadus
|-status|p2a: Tornadus|tox
|
|-weather|none
|-damage|p2a: Tornadus|94/100 tox|[from] psn
|upkeep
|turn|22
|
|t:|1757899822
|move|p1a: Toxapex|Baneful Bunker|p1a: Toxapex
|-singleturn|p1a: Toxapex|move: Protect
|move|p2a: Tornadus|Hurricane|p1a: Toxapex
|-activate|p1a: Toxapex|move: Protect
|
|-damage|p2a: Tornadus|82/100 tox|[from] psn
|upkeep
|turn|23
|
|t:|1757899829
|move|p2a: Tornadus|Hurricane|p1a: Toxapex
|-damage|p1a: Toxapex|0 fnt
|faint|p1a: Toxapex
|
|-damage|p2a: Tornadus|64/100 tox|[from] psn
|upkeep
|
|t:|1757899840
|switch|p1a: Blaziken|Blaziken, M|100/100
|turn|24
|
|t:|1757899849
|switch|p2a: Greninja|Greninja, M|100/100
|move|p1a: Blaziken|Protect||[still]
|-fail|p1a: Blaziken
|
|-ability|p1a: Blaziken|Speed Boost|boost
|-boost|p1a: Blaziken|spe|1
|upkeep
|turn|25
|
|t:|1757899859
|move|p1a: Blaziken|Close Combat|p2a: Greninja
|-supereffective|p2a: Greninja
|-damage|p2a: Greninja|0 fnt
|-unboost|p1a: Blaziken|def|1
|-unboost|p1a: Blaziken|spd|1
|faint|p2a: Greninja
|
|-ability|p1a: Blaziken|Speed Boost|boost
|-boost|p1a: Blaziken|spe|1
|upkeep
|
|t:|1757899864
|switch|p2a: Lokix|Lokix, F|52/100 tox
|turn|26
|
|t:|1757899869
|move|p1a: Blaziken|Protect|p1a: Blaziken
|-singleturn|p1a: Blaziken|Protect
|move|p2a: Lokix|First Impression|p1a: Blaziken
|-activate|p1a: Blaziken|move: Protect
|
|-damage|p2a: Lokix|46/100 tox|[from] psn
|-ability|p1a: Blaziken|Speed Boost|boost
|-boost|p1a: Blaziken|spe|1
|upkeep
|turn|27
|
|t:|1757899879
|move|p2a: Lokix|Sucker Punch|p1a: Blaziken
|-resisted|p1a: Blaziken
|-damage|p1a: Blaziken|21/100
|move|p1a: Blaziken|Close Combat|p2a: Lokix
|-damage|p2a: Lokix|0 fnt
|-unboost|p1a: Blaziken|def|1
|-unboost|p1a: Blaziken|spd|1
|faint|p2a: Lokix
|
|-ability|p1a: Blaziken|Speed Boost|boost
|-boost|p1a: Blaziken|spe|1
|upkeep
|
|t:|1757899883
|switch|p2a: Tornadus|Tornadus-Therian, M|97/100 tox
|turn|28
|
|t:|1757899907
|-terastallize|p2a: Tornadus|Ground
|move|p1a: Blaziken|Fire Punch|p2a: Tornadus
|-damage|p2a: Tornadus|39/100 tox
|move|p2a: Tornadus|Hurricane|p1a: Blaziken
|-supereffective|p1a: Blaziken
|-damage|p1a: Blaziken|0 fnt
|faint|p1a: Blaziken
|
|-damage|p2a: Tornadus|33/100 tox|[from] psn
|upkeep
|
|t:|1757899916
|switch|p1a: Haxorus|Haxorus, M|100/100
|-ability|p1a: Haxorus|Mold Breaker
|turn|29
|
|t:|1757899924
|move|p2a: Tornadus|Hurricane|p1a: Haxorus|[miss]
|-miss|p2a: Tornadus|p1a: Haxorus
|move|p1a: Haxorus|Outrage|p2a: Tornadus
|-damage|p2a: Tornadus|0 fnt
|faint|p2a: Tornadus
|
|win|Husk1903
|raw|Husk1903's rating: 1113 &rarr; <strong>1138</strong><br />(+25 for winning)
|raw|Exeltel's rating: 1117 &rarr; <strong>1092</strong><br />(-25 for losing)
|c|☆Exeltel|gg
|l|☆Exeltel
|player|p2|
|c|☆Husk1903|Gg
|l|☆Husk1903
|player|p1|
