|j|☆venbailaquinceaner
|j|☆Geb123
|t:|1757826623
|gametype|singles
|player|p1|venbailaquinceaner|265|1165
|player|p2|Geb123|170|1193
|gen|9
|tier|[Gen 9] OU
|rated|
|rule|HP Percentage Mod: HP is shown in percentages
|rule|Endless Battle Clause: Forcing endless battles is banned
|rule|Species Clause: Limit one of each Pokémon
|rule|OHKO Clause: OHKO moves are banned
|rule|Evasion Items Clause: Evasion items are banned
|rule|Evasion Moves Clause: Evasion moves are banned
|rule|Evasion Abilities Clause: Evasion abilities are banned
|rule|Sleep Moves Clause: Sleep-inducing moves are banned
|clearpoke
|poke|p1|Ogerpon-Wellspring, F|
|poke|p1|Gholdengo|
|poke|p1|Ninetales-Alola, M|
|poke|p1|Rillaboom, M|
|poke|p1|Great Tusk|
|poke|p1|Iron Moth|
|poke|p2|Ceruledge, F|
|poke|p2|Araquanid, M|
|poke|p2|Raging Bolt|
|poke|p2|Zapdos-Galar|
|poke|p2|Mew|
|poke|p2|Ninetales, F|
|teampreview
|inactive|Battle timer is ON: inactive players will automatically lose when time's up. (requested by Geb123)
|
|t:|1757826635
|teamsize|p1|6
|teamsize|p2|6
|start
|switch|p1a: Ninetales|Ninetales-Alola, M|100/100
|switch|p2a: Araquanid|Araquanid, M|100/100
|-weather|Snowscape|[from] ability: Snow Warning|[of] p1a: Ninetales
|turn|1
|
|t:|1757826643
|move|p1a: Ninetales|Aurora Veil|p1a: Ninetales
|-sidestart|p1: venbailaquinceaner|move: Aurora Veil
|move|p2a: Araquanid|Sticky Web|p1a: Ninetales
|-sidestart|p1: venbailaquinceaner|move: Sticky Web
|
|-weather|Snowscape|[upkeep]
|upkeep
|turn|2
|
|t:|1757826651
|switch|p2a: Ninetales|Ninetales, F|100/100
|-weather|SunnyDay|[from] ability: Drought|[of] p2a: Ninetales
|-item|p2a: Ninetales|Air Balloon
|move|p1a: Ninetales|Encore||[still]
|-fail|p1a: Ninetales
|
|-weather|SunnyDay|[upkeep]
|upkeep
|turn|3
|
|t:|1757826662
|move|p1a: Ninetales|Moonblast|p2a: Ninetales
|-resisted|p2a: Ninetales
|-damage|p2a: Ninetales|84/100
|-enditem|p2a: Ninetales|Air Balloon
|move|p2a: Ninetales|Substitute|p2a: Ninetales
|-start|p2a: Ninetales|Substitute
|-damage|p2a: Ninetales|59/100
|
|-weather|SunnyDay|[upkeep]
|upkeep
|turn|4
|
|t:|1757826674
|move|p1a: Ninetales|Encore|p2a: Ninetales
|-start|p2a: Ninetales|Encore
|move|p2a: Ninetales|Substitute|p2a: Ninetales
|-fail|p2a: Ninetales|move: Substitute
|
|-weather|SunnyDay|[upkeep]
|upkeep
|turn|5
|
|t:|1757826681
|move|p1a: Ninetales|Freeze-Dry|p2a: Ninetales
|-resisted|p2a: Ninetales
|-activate|p2a: Ninetales|move: Substitute|[damage]
|move|p2a: Ninetales|Substitute|p2a: Ninetales
|-fail|p2a: Ninetales|move: Substitute
|
|-weather|SunnyDay|[upkeep]
|upkeep
|turn|6
|
|t:|1757826689
|move|p1a: Ninetales|Freeze-Dry|p2a: Ninetales
|-resisted|p2a: Ninetales
|-end|p2a: Ninetales|Substitute
|move|p2a: Ninetales|Substitute|p2a: Ninetales
|-start|p2a: Ninetales|Substitute
|-damage|p2a: Ninetales|34/100
|
|-weather|none
|-end|p2a: Ninetales|Encore
|upkeep
|turn|7
|inactive|Geb123 has 120 seconds left.
|
|t:|1757826730
|move|p1a: Ninetales|Encore|p2a: Ninetales
|-start|p2a: Ninetales|Encore
|move|p2a: Ninetales|Substitute|p2a: Ninetales
|-fail|p2a: Ninetales|move: Substitute
|
|upkeep
|turn|8
|
|t:|1757826736
|move|p1a: Ninetales|Freeze-Dry|p2a: Ninetales
|-resisted|p2a: Ninetales
|-activate|p2a: Ninetales|move: Substitute|[damage]
|move|p2a: Ninetales|Substitute|p2a: Ninetales
|-fail|p2a: Ninetales|move: Substitute
|
|-sideend|p1: venbailaquinceaner|move: Aurora Veil
|upkeep
|turn|9
|inactive|Geb123 has 120 seconds left.
|
|t:|1757826744
|move|p1a: Ninetales|Freeze-Dry|p2a: Ninetales
|-resisted|p2a: Ninetales
|-end|p2a: Ninetales|Substitute
|move|p2a: Ninetales|Substitute|p2a: Ninetales
|-start|p2a: Ninetales|Substitute
|-damage|p2a: Ninetales|10/100
|
|-end|p2a: Ninetales|Encore
|upkeep
|turn|10
|inactive|Geb123 has 120 seconds left.
|
|t:|1757826764
|switch|p2a: Ceruledge|Ceruledge, F|100/100
|move|p1a: Ninetales|Encore||[still]
|-fail|p1a: Ninetales
|
|upkeep
|turn|11
|inactive|Geb123 has 120 seconds left.
|
|t:|1757826772
|switch|p1a: Great Tusk|Great Tusk|100/100
|-activate|p1a: Great Tusk|move: Sticky Web
|-unboost|p1a: Great Tusk|spe|1
|-enditem|p1a: Great Tusk|Booster Energy
|-activate|p1a: Great Tusk|ability: Protosynthesis|[fromitem]
|-start|p1a: Great Tusk|protosynthesisatk
|move|p2a: Ceruledge|Bitter Blade|p1a: Great Tusk
|-damage|p1a: Great Tusk|73/100
|
|upkeep
|turn|12
|inactive|Geb123 has 120 seconds left.
|
|t:|1757826791
|-terastallize|p2a: Ceruledge|Fighting
|move|p2a: Ceruledge|Bulk Up|p2a: Ceruledge
|-boost|p2a: Ceruledge|atk|1
|-boost|p2a: Ceruledge|def|1
|move|p1a: Great Tusk|Headlong Rush|p2a: Ceruledge
|-damage|p2a: Ceruledge|37/100
|-unboost|p1a: Great Tusk|def|1
|-unboost|p1a: Great Tusk|spd|1
|-ability|p2a: Ceruledge|Weak Armor|boost
|-unboost|p2a: Ceruledge|def|1
|-boost|p2a: Ceruledge|spe|2
|
|-heal|p2a: Ceruledge|43/100|[from] item: Leftovers
|upkeep
|turn|13
|inactive|Geb123 has 120 seconds left.
|
|t:|1757826806
|move|p2a: Ceruledge|Bitter Blade|p1a: Great Tusk
|-damage|p1a: Great Tusk|5/100
|-heal|p2a: Ceruledge|94/100|[from] drain|[of] p1a: Great Tusk
|move|p1a: Great Tusk|Headlong Rush|p2a: Ceruledge
|-damage|p2a: Ceruledge|6/100
|-unboost|p1a: Great Tusk|def|1
|-unboost|p1a: Great Tusk|spd|1
|-ability|p2a: Ceruledge|Weak Armor|boost
|-unboost|p2a: Ceruledge|def|1
|-boost|p2a: Ceruledge|spe|2
|
|-heal|p2a: Ceruledge|12/100|[from] item: Leftovers
|upkeep
|turn|14
|
|t:|1757826820
|move|p2a: Ceruledge|Bitter Blade|p1a: Great Tusk
|-damage|p1a: Great Tusk|0 fnt
|-heal|p2a: Ceruledge|16/100|[from] drain|[of] p1a: Great Tusk
|faint|p1a: Great Tusk
|-end|p1a: Great Tusk|Protosynthesis|[silent]
|
|-heal|p2a: Ceruledge|22/100|[from] item: Leftovers
|upkeep
|
|t:|1757826825
|switch|p1a: Rillaboom|Rillaboom, M|100/100
|-activate|p1a: Rillaboom|move: Sticky Web
|-unboost|p1a: Rillaboom|spe|1
|-fieldstart|move: Grassy Terrain|[from] ability: Grassy Surge|[of] p1a: Rillaboom
|turn|15
|inactive|Geb123 has 120 seconds left.
|
|t:|1757826834
|move|p1a: Rillaboom|Grassy Glide|p2a: Ceruledge
|-damage|p2a: Ceruledge|0 fnt
|faint|p2a: Ceruledge
|
|upkeep
|inactive|Geb123 has 120 seconds left.
|
|t:|1757826841
|switch|p2a: Ninetales|Ninetales, F|10/100
|-weather|SunnyDay|[from] ability: Drought|[of] p2a: Ninetales
|turn|16
|
|t:|1757826846
|move|p1a: Rillaboom|Grassy Glide|p2a: Ninetales
|-resisted|p2a: Ninetales
|-damage|p2a: Ninetales|0 fnt
|faint|p2a: Ninetales
|
|-weather|SunnyDay|[upkeep]
|upkeep
|
|t:|1757826853
|switch|p2a: Zapdos|Zapdos-Galar|100/100
|turn|17
|
|t:|1757826863
|move|p2a: Zapdos|Bulk Up|p2a: Zapdos
|-boost|p2a: Zapdos|atk|1
|-boost|p2a: Zapdos|def|1
|move|p1a: Rillaboom|Knock Off|p2a: Zapdos
|-resisted|p2a: Zapdos
|-damage|p2a: Zapdos|86/100
|-enditem|p2a: Zapdos|Life Orb|[from] move: Knock Off|[of] p1a: Rillaboom
|
|-weather|SunnyDay|[upkeep]
|upkeep
|turn|18
|
|t:|1757826890
|switch|p1a: Ninetales|Ninetales-Alola, M|100/100
|-activate|p1a: Ninetales|move: Sticky Web
|-unboost|p1a: Ninetales|spe|1
|-weather|Snowscape|[from] ability: Snow Warning|[of] p1a: Ninetales
|move|p2a: Zapdos|Drill Peck|p1a: Ninetales
|-damage|p1a: Ninetales|53/100
|
|-weather|Snowscape|[upkeep]
|-heal|p1a: Ninetales|59/100|[from] Grassy Terrain
|upkeep
|turn|19
|
|t:|1757826901
|move|p2a: Zapdos|Thunderous Kick|p1a: Ninetales
|-damage|p1a: Ninetales|5/100
|-unboost|p1a: Ninetales|def|1
|move|p1a: Ninetales|Freeze-Dry|p2a: Zapdos
|-supereffective|p2a: Zapdos
|-damage|p2a: Zapdos|43/100
|
|-weather|Snowscape|[upkeep]
|-heal|p1a: Ninetales|11/100|[from] Grassy Terrain
|upkeep
|turn|20
|
|t:|1757826912
|move|p2a: Zapdos|Thunderous Kick|p1a: Ninetales
|-damage|p1a: Ninetales|0 fnt
|faint|p1a: Ninetales
|
|-weather|Snowscape|[upkeep]
|upkeep
|
|t:|1757826931
|switch|p1a: Iron Moth|Iron Moth|100/100
|-activate|p1a: Iron Moth|move: Sticky Web
|-unboost|p1a: Iron Moth|spe|1
|-enditem|p1a: Iron Moth|Booster Energy
|-activate|p1a: Iron Moth|ability: Quark Drive|[fromitem]
|-start|p1a: Iron Moth|quarkdrivespa
|turn|21
|
|t:|1757826947
|move|p2a: Zapdos|Drill Peck|p1a: Iron Moth
|-damage|p1a: Iron Moth|21/100
|move|p1a: Iron Moth|Sludge Wave|p2a: Zapdos
|-damage|p2a: Zapdos|0 fnt
|faint|p2a: Zapdos
|
|-weather|Snowscape|[upkeep]
|-heal|p1a: Iron Moth|27/100|[from] Grassy Terrain
|upkeep
|
|t:|1757826960
|switch|p2a: Mew|Mew|100/100
|turn|22
|
|t:|1757826969
|move|p2a: Mew|Psychic|p1a: Iron Moth
|-supereffective|p1a: Iron Moth
|-damage|p1a: Iron Moth|0 fnt
|faint|p1a: Iron Moth
|-end|p1a: Iron Moth|Quark Drive|[silent]
|
|-weather|none
|-fieldend|move: Grassy Terrain
|upkeep
|
|t:|1757826977
|switch|p1a: Gholdengo|Gholdengo|100/100
|-activate|p1a: Gholdengo|move: Sticky Web
|-unboost|p1a: Gholdengo|spe|1
|turn|23
|
|t:|1757826989
|move|p2a: Mew|Nasty Plot|p2a: Mew
|-boost|p2a: Mew|spa|2
|move|p1a: Gholdengo|Shadow Ball|p2a: Mew
|-supereffective|p2a: Mew
|-damage|p2a: Mew|14/100
|
|-heal|p2a: Mew|20/100|[from] item: Leftovers
|upkeep
|turn|24
|
|t:|1757826999
|move|p2a: Mew|Psychic|p1a: Gholdengo
|-resisted|p1a: Gholdengo
|-damage|p1a: Gholdengo|53/100
|move|p1a: Gholdengo|Shadow Ball|p2a: Mew
|-supereffective|p2a: Mew
|-damage|p2a: Mew|0 fnt
|faint|p2a: Mew
|
|upkeep
|
|t:|1757827010
|switch|p2a: Raging Bolt|Raging Bolt|100/100
|-enditem|p2a: Raging Bolt|Booster Energy
|-activate|p2a: Raging Bolt|ability: Protosynthesis|[fromitem]
|-start|p2a: Raging Bolt|protosynthesisspa
|turn|25
|
|t:|1757827016
|move|p2a: Raging Bolt|Calm Mind|p2a: Raging Bolt
|-boost|p2a: Raging Bolt|spa|1
|-boost|p2a: Raging Bolt|spd|1
|move|p1a: Gholdengo|Recover|p1a: Gholdengo
|-heal|p1a: Gholdengo|100/100
|
|upkeep
|turn|26
|
|t:|1757827045
|move|p2a: Raging Bolt|Calm Mind|p2a: Raging Bolt
|-boost|p2a: Raging Bolt|spa|1
|-boost|p2a: Raging Bolt|spd|1
|move|p1a: Gholdengo|Shadow Ball|p2a: Raging Bolt
|-damage|p2a: Raging Bolt|80/100
|-unboost|p2a: Raging Bolt|spd|1
|
|upkeep
|turn|27
|
|t:|1757827055
|move|p2a: Raging Bolt|Thunderclap|p1a: Gholdengo
|-damage|p1a: Gholdengo|0 fnt
|faint|p1a: Gholdengo
|
|upkeep
|
|t:|1757827060
|switch|p1a: Ogerpon|Ogerpon-Wellspring, F|100/100
|-activate|p1a: Ogerpon|move: Sticky Web
|-unboost|p1a: Ogerpon|spe|1
|turn|28
|
|t:|1757827069
|move|p1a: Ogerpon|Substitute|p1a: Ogerpon
|-start|p1a: Ogerpon|Substitute
|-damage|p1a: Ogerpon|76/100
|move|p2a: Raging Bolt|Hyper Voice|p1a: Ogerpon
|-damage|p1a: Ogerpon|0 fnt
|faint|p1a: Ogerpon
|
|upkeep
|
|t:|1757827075
|switch|p1a: Rillaboom|Rillaboom, M|100/100
|-activate|p1a: Rillaboom|move: Sticky Web
|-unboost|p1a: Rillaboom|spe|1
|-fieldstart|move: Grassy Terrain|[from] ability: Grassy Surge|[of] p1a: Rillaboom
|turn|29
|
|t:|1757827082
|-terastallize|p1a: Rillaboom|Fire
|move|p2a: Raging Bolt|Draco Meteor|p1a: Rillaboom
|-damage|p1a: Rillaboom|0 fnt
|-unboost|p2a: Raging Bolt|spa|2
|faint|p1a: Rillaboom
|
|win|Geb123
|raw|venbailaquinceaner's rating: 1165 &rarr; <strong>1142</strong><br />(-23 for losing)
|raw|Geb123's rating: 1193 &rarr; <strong>1216</strong><br />(+23 for winning)
|l|☆venbailaquinceaner
|player|p1|
|c|☆Geb123|Gg
