|j|☆fluffyp
|j|☆sophiebrouwer
|t:|1757912946
|gametype|singles
|player|p1|fluffyp|2|1437
|player|p2|sophiebrouwer|2|1498
|gen|9
|tier|[Gen 9] OU
|rated|
|rule|HP Percentage Mod: HP is shown in percentages
|rule|Endless Battle Clause: Forcing endless battles is banned
|rule|Species Clause: Limit one of each Pokémon
|rule|OHKO Clause: OHKO moves are banned
|rule|Evasion Items Clause: Evasion items are banned
|rule|Evasion Moves Clause: Evasion moves are banned
|rule|Evasion Abilities Clause: Evasion abilities are banned
|rule|Sleep Moves Clause: Sleep-inducing moves are banned
|clearpoke
|poke|p1|Indeedee, M|
|poke|p1|Hatterene, F|
|poke|p1|Ursaluna, F|
|poke|p1|Iron Hands|
|poke|p1|Hoopa-Unbound|
|poke|p1|Mimikyu, F|
|poke|p2|Dragonite, F|
|poke|p2|Zamazenta-*|
|poke|p2|Landorus-Therian, M|
|poke|p2|Gholdengo|
|poke|p2|Darkrai|
|poke|p2|Hatterene, F|
|teampreview
|inactive|Battle timer is ON: inactive players will automatically lose when time's up. (requested by sophiebrouwer)
|
|t:|1757912972
|teamsize|p1|6
|teamsize|p2|6
|start
|switch|p1a: Iron Hands|Iron Hands, shiny|100/100
|switch|p2a: Gholdengo|Gholdengo|100/100
|-enditem|p1a: Iron Hands|Booster Energy
|-activate|p1a: Iron Hands|ability: Quark Drive|[fromitem]
|-start|p1a: Iron Hands|quarkdriveatk
|turn|1
|
|t:|1757913001
|move|p2a: Gholdengo|Nasty Plot|p2a: Gholdengo
|-boost|p2a: Gholdengo|spa|2
|move|p1a: Iron Hands|Ice Punch|p2a: Gholdengo
|-resisted|p2a: Gholdengo
|-damage|p2a: Gholdengo|80/100
|
|upkeep
|turn|2
|
|t:|1757913010
|move|p2a: Gholdengo|Make It Rain|p1a: Iron Hands
|-resisted|p1a: Iron Hands
|-damage|p1a: Iron Hands|34/100
|-unboost|p2a: Gholdengo|spa|1
|move|p1a: Iron Hands|Supercell Slam|p2a: Gholdengo
|-damage|p2a: Gholdengo|6/100
|
|upkeep
|turn|3
|
|t:|1757913019
|move|p2a: Gholdengo|Make It Rain|p1a: Iron Hands
|-resisted|p1a: Iron Hands
|-damage|p1a: Iron Hands|0 fnt
|-unboost|p2a: Gholdengo|spa|1
|faint|p1a: Iron Hands
|-end|p1a: Iron Hands|Quark Drive|[silent]
|
|upkeep
|
|t:|1757913025
|switch|p1a: Mimikyu|Mimikyu, F, shiny|100/100
|turn|4
|
|t:|1757913040
|switch|p2a: Landorus|Landorus-Therian, M|100/100
|-ability|p2a: Landorus|Intimidate|boost
|-unboost|p1a: Mimikyu|atk|1
|move|p1a: Mimikyu|Play Rough|p2a: Landorus
|-damage|p2a: Landorus|85/100
|-damage|p1a: Mimikyu|84/100|[from] item: Rocky Helmet|[of] p2a: Landorus
|
|upkeep
|turn|5
|
|t:|1757913049
|move|p2a: Landorus|Earthquake|p1a: Mimikyu
|-activate|p1a: Mimikyu|ability: Disguise
|-damage|p1a: Mimikyu|84/100
|detailschange|p1a: Mimikyu|Mimikyu-Busted, F, shiny
|-damage|p1a: Mimikyu|72/100|[from] pokemon: Mimikyu-Busted
|-enditem|p1a: Mimikyu|Red Card|[of] p2a: Landorus
|drag|p2a: Gholdengo|Gholdengo|6/100
|move|p1a: Mimikyu|Trick Room|p1a: Mimikyu
|-fieldstart|move: Trick Room|[of] p1a: Mimikyu
|
|upkeep
|turn|6
|
|t:|1757913073
|switch|p2a: Hatterene|Hatterene, F|100/100
|move|p1a: Mimikyu|Curse|p2a: Hatterene
|-start|p2a: Hatterene|Curse|[of] p1a: Mimikyu
|-damage|p1a: Mimikyu|22/100
|
|-damage|p2a: Hatterene|76/100|[from] Curse
|upkeep
|turn|7
|inactive|sophiebrouwer has 120 seconds left.
|
|t:|1757913104
|move|p2a: Hatterene|Mystical Fire|p1a: Mimikyu
|-damage|p1a: Mimikyu|0 fnt
|faint|p1a: Mimikyu
|
|-damage|p2a: Hatterene|51/100|[from] Curse
|upkeep
|
|t:|1757913120
|switch|p1a: Indeedee|Indeedee, M, shiny|100/100
|-fieldstart|move: Psychic Terrain|[from] ability: Psychic Surge|[of] p1a: Indeedee
|turn|8
|inactive|sophiebrouwer has 120 seconds left.
|
|t:|1757913136
|switch|p2a: Darkrai|Darkrai|100/100
|move|p1a: Indeedee|Expanding Force|p2a: Darkrai
|-immune|p2a: Darkrai
|
|upkeep
|turn|9
|
|t:|1757913146
|switch|p1a: Hoopa|Hoopa-Unbound|100/100
|-enditem|p1a: Hoopa|Psychic Seed
|-boost|p1a: Hoopa|spd|1|[from] item: Psychic Seed
|move|p2a: Darkrai|Dark Pulse|p1a: Hoopa
|-damage|p1a: Hoopa|82/100
|
|-fieldend|move: Trick Room
|upkeep
|turn|10
|inactive|sophiebrouwer has 90 seconds left.
|
|t:|1757913186
|switch|p2a: Hatterene|Hatterene, F|51/100
|move|p1a: Hoopa|Trick Room|p1a: Hoopa
|-fieldstart|move: Trick Room|[of] p1a: Hoopa
|
|upkeep
|turn|11
|
|t:|1757913200
|move|p2a: Hatterene|Draining Kiss|p1a: Hoopa
|-supereffective|p1a: Hoopa
|-damage|p1a: Hoopa|55/100
|-heal|p2a: Hatterene|74/100|[from] drain|[of] p1a: Hoopa
|move|p1a: Hoopa|Expanding Force|p2a: Hatterene
|-resisted|p2a: Hatterene
|-damage|p2a: Hatterene|45/100
|-item|p1a: Hoopa|Assault Vest|[from] ability: Magician|[of] p2a: Hatterene
|
|upkeep
|turn|12
|
|t:|1757913206
|move|p2a: Hatterene|Draining Kiss|p1a: Hoopa
|-supereffective|p1a: Hoopa
|-damage|p1a: Hoopa|35/100
|-heal|p2a: Hatterene|62/100|[from] drain|[of] p1a: Hoopa
|move|p1a: Hoopa|Hyperspace Fury|p2a: Hatterene
|-damage|p2a: Hatterene|0 fnt
|-unboost|p1a: Hoopa|def|1
|faint|p2a: Hatterene
|
|upkeep
|inactive|sophiebrouwer has 60 seconds left.
|inactive|sophiebrouwer has 30 seconds left.
|
|t:|1757913275
|switch|p2a: Gholdengo|Gholdengo|6/100
|turn|13
|
|t:|1757913279
|move|p1a: Hoopa|Hyperspace Fury|p2a: Gholdengo
|-supereffective|p2a: Gholdengo
|-damage|p2a: Gholdengo|0 fnt
|-unboost|p1a: Hoopa|def|1
|faint|p2a: Gholdengo
|
|upkeep
|inactive|sophiebrouwer has 30 seconds left.
|
|t:|1757913293
|switch|p2a: Zamazenta|Zamazenta|100/100
|-ability|p2a: Zamazenta|Dauntless Shield|boost
|-boost|p2a: Zamazenta|def|1
|turn|14
|
|t:|1757913299
|switch|p2a: Darkrai|Darkrai|100/100
|move|p1a: Hoopa|Focus Blast|p2a: Darkrai|[miss]
|-miss|p1a: Hoopa|p2a: Darkrai
|
|-fieldend|move: Trick Room
|upkeep
|turn|15
|
|t:|1757913308
|switch|p2a: Landorus|Landorus-Therian, M|85/100
|-ability|p2a: Landorus|Intimidate|boost
|-unboost|p1a: Hoopa|atk|1
|move|p1a: Hoopa|Hyperspace Fury|p2a: Landorus
|-damage|p2a: Landorus|55/100
|-unboost|p1a: Hoopa|def|1
|
|-fieldend|move: Psychic Terrain
|upkeep
|turn|16
|
|t:|1757913312
|move|p2a: Landorus|Earthquake|p1a: Hoopa
|-crit|p1a: Hoopa
|-damage|p1a: Hoopa|0 fnt
|faint|p1a: Hoopa
|
|upkeep
|
|t:|1757913315
|switch|p1a: Indeedee|Indeedee, M, shiny|100/100
|-fieldstart|move: Psychic Terrain|[from] ability: Psychic Surge|[of] p1a: Indeedee
|turn|17
|
|t:|1757913328
|move|p2a: Landorus|U-turn|p1a: Indeedee
|-supereffective|p1a: Indeedee
|-damage|p1a: Indeedee|49/100
|
|t:|1757913333
|switch|p2a: Darkrai|Darkrai|100/100|[from] U-turn
|move|p1a: Indeedee|Trick Room|p1a: Indeedee
|-fieldstart|move: Trick Room|[of] p1a: Indeedee
|
|upkeep
|turn|18
|
|t:|1757913346
|switch|p1a: Hatterene|Hatterene, F, shiny|100/100
|move|p2a: Darkrai|Dark Pulse|p1a: Hatterene
|-damage|p1a: Hatterene|62/100
|
|upkeep
|turn|19
|inactive|sophiebrouwer has 60 seconds left.
|
|t:|1757913394
|switch|p2a: Landorus|Landorus-Therian, M|55/100
|-ability|p2a: Landorus|Intimidate|boost
|-unboost|p1a: Hatterene|atk|1
|move|p1a: Hatterene|Draining Kiss|p2a: Landorus
|-damage|p2a: Landorus|19/100
|-heal|p1a: Hatterene|95/100|[from] drain|[of] p2a: Landorus
|-damage|p1a: Hatterene|78/100|[from] item: Rocky Helmet|[of] p2a: Landorus
|-damage|p1a: Hatterene|68/100|[from] item: Life Orb
|
|upkeep
|turn|20
|
|t:|1757913404
|move|p1a: Hatterene|Draining Kiss|p2a: Landorus
|-damage|p2a: Landorus|0 fnt
|-heal|p1a: Hatterene|85/100|[from] drain|[of] p2a: Landorus
|-damage|p1a: Hatterene|69/100|[from] item: Rocky Helmet|[of] p2a: Landorus
|faint|p2a: Landorus
|-damage|p1a: Hatterene|59/100|[from] item: Life Orb
|
|upkeep
|inactive|sophiebrouwer has 30 seconds left.
|inactive|sophiebrouwer has 20 seconds left.
|inactive|sophiebrouwer has 15 seconds left.
|inactive|sophiebrouwer has 10 seconds left.
|
|t:|1757913440
|switch|p2a: Zamazenta|Zamazenta|100/100
|turn|21
|inactive|sophiebrouwer has 20 seconds left this turn.
|inactive|sophiebrouwer has 15 seconds left.
|
|t:|1757913448
|move|p1a: Hatterene|Expanding Force|p2a: Zamazenta
|-supereffective|p2a: Zamazenta
|-damage|p2a: Zamazenta|0 fnt
|faint|p2a: Zamazenta
|-damage|p1a: Hatterene|49/100|[from] item: Life Orb
|
|-fieldend|move: Trick Room
|upkeep
|inactive|sophiebrouwer has 20 seconds left this turn.
|inactive|sophiebrouwer has 15 seconds left.
|
|t:|1757913456
|switch|p2a: Dragonite|Dragonite, F|100/100
|turn|22
|inactive|sophiebrouwer has 25 seconds left this turn.
|
|t:|1757913459
|move|p2a: Dragonite|Dragon Dance|p2a: Dragonite
|-boost|p2a: Dragonite|atk|1
|-boost|p2a: Dragonite|spe|1
|move|p1a: Hatterene|Draining Kiss|p2a: Dragonite
|-supereffective|p2a: Dragonite
|-damage|p2a: Dragonite|59/100
|-heal|p1a: Hatterene|81/100|[from] drain|[of] p2a: Dragonite
|-damage|p1a: Hatterene|71/100|[from] item: Life Orb
|
|upkeep
|turn|23
|inactive|sophiebrouwer has 30 seconds left.
|inactive|sophiebrouwer has 20 seconds left.
|inactive|sophiebrouwer has 15 seconds left.
|
|t:|1757913485
|-terastallize|p2a: Dragonite|Flying
|move|p2a: Dragonite|Tera Blast|p1a: Hatterene|[anim] Tera Blast Flying
|-damage|p1a: Hatterene|0 fnt
|faint|p1a: Hatterene
|
|upkeep
|
|t:|1757913490
|switch|p1a: Ursaluna|Ursaluna, F, shiny|100/100
|turn|24
|inactive|sophiebrouwer has 30 seconds left this turn.
|inactive|sophiebrouwer has 20 seconds left.
|
|t:|1757913500
|move|p2a: Dragonite|Roost|p2a: Dragonite
|-heal|p2a: Dragonite|100/100
|-hint|If a Terastallized Pokemon uses Roost, it remains Flying-type.
|move|p1a: Ursaluna|Supercell Slam|p2a: Dragonite
|-supereffective|p2a: Dragonite
|-damage|p2a: Dragonite|52/100
|
|-fieldend|move: Psychic Terrain
|-status|p1a: Ursaluna|brn|[from] item: Flame Orb
|upkeep
|turn|25
|inactive|sophiebrouwer has 30 seconds left this turn.
|
|t:|1757913510
|move|p2a: Dragonite|Tera Blast|p1a: Ursaluna|[anim] Tera Blast Flying
|-damage|p1a: Ursaluna|36/100 brn
|move|p1a: Ursaluna|Facade|p2a: Dragonite
|-damage|p2a: Dragonite|0 fnt
|faint|p2a: Dragonite
|
|-damage|p1a: Ursaluna|30/100 brn|[from] brn
|upkeep
|inactive|sophiebrouwer has 30 seconds left this turn.
|c|☆fluffyp|bro just win
|
|t:|1757913515
|switch|p2a: Darkrai|Darkrai|100/100
|turn|26
|c|☆fluffyp|gg
|
|t:|1757913524
|move|p2a: Darkrai|Ice Beam|p1a: Ursaluna
|-supereffective|p1a: Ursaluna
|-damage|p1a: Ursaluna|0 fnt
|faint|p1a: Ursaluna
|
|upkeep
|
|t:|1757913527
|switch|p1a: Indeedee|Indeedee, M, shiny|49/100
|-fieldstart|move: Psychic Terrain|[from] ability: Psychic Surge|[of] p1a: Indeedee
|turn|27
|
|t:|1757913533
|move|p2a: Darkrai|Dark Pulse|p1a: Indeedee
|-supereffective|p1a: Indeedee
|-damage|p1a: Indeedee|0 fnt
|faint|p1a: Indeedee
|
|win|sophiebrouwer
|raw|fluffyp's rating: 1437 &rarr; <strong>1420</strong><br />(-17 for losing)
|raw|sophiebrouwer's rating: 1498 &rarr; <strong>1515</strong><br />(+17 for winning)
|l|☆fluffyp
|player|p1|
|c|☆sophiebrouwer|no tera
|l|☆sophiebrouwer
|player|p2|
