|j|☆sdgkjshdkf
|j|☆Superhjkdetective
|t:|1757848646
|gametype|singles
|player|p1|sdgkjshdkf|101|1722
|player|p2|Superhjkdetective|brock|1680
|gen|9
|tier|[Gen 9] OU
|rated|
|rule|HP Percentage Mod: HP is shown in percentages
|rule|Endless Battle Clause: Forcing endless battles is banned
|rule|Species Clause: Limit one of each Pokémon
|rule|OHKO Clause: OHKO moves are banned
|rule|Evasion Items Clause: Evasion items are banned
|rule|Evasion Moves Clause: Evasion moves are banned
|rule|Evasion Abilities Clause: Evasion abilities are banned
|rule|Sleep Moves Clause: Sleep-inducing moves are banned
|clearpoke
|poke|p1|Ribombee, M|
|poke|p1|Gholdengo|
|poke|p1|Dragonite, M|
|poke|p1|Ceruledge, F|
|poke|p1|Great Tusk|
|poke|p1|Kingambit, M|
|poke|p2|Darkrai|
|poke|p2|Landorus-Therian, M|
|poke|p2|Dragonite, M|
|poke|p2|Gholdengo|
|poke|p2|Samurott-Hisui, F|
|poke|p2|Scizor, F|
|teampreview
|inactive|Battle timer is ON: inactive players will automatically lose when time's up. (requested by Superhjkdetective)
|j| Heropontiki
|
|t:|1757848660
|teamsize|p1|6
|teamsize|p2|6
|start
|switch|p1a: Ribombee|Ribombee, M|100/100
|switch|p2a: Scizor|Scizor, F|100/100
|turn|1
|
|t:|1757848662
|move|p1a: Ribombee|Sticky Web|p2a: Scizor
|-sidestart|p2: Superhjkdetective|move: Sticky Web
|move|p2a: Scizor|Dual Wingbeat|p1a: Ribombee
|-supereffective|p1a: Ribombee
|-enditem|p1a: Ribombee|Focus Sash
|-damage|p1a: Ribombee|1/100
|-supereffective|p1a: Ribombee
|-damage|p1a: Ribombee|0 fnt
|faint|p1a: Ribombee
|-hitcount|p1: Ribombee|2
|
|upkeep
|
|t:|1757848669
|switch|p1a: Great Tusk|Great Tusk|100/100
|-enditem|p1a: Great Tusk|Booster Energy
|-activate|p1a: Great Tusk|ability: Protosynthesis|[fromitem]
|-start|p1a: Great Tusk|protosynthesisspe
|turn|2
|
|t:|1757848674
|move|p1a: Great Tusk|Bulk Up|p1a: Great Tusk
|-boost|p1a: Great Tusk|atk|1
|-boost|p1a: Great Tusk|def|1
|move|p2a: Scizor|Dual Wingbeat|p1a: Great Tusk
|-supereffective|p1a: Great Tusk
|-damage|p1a: Great Tusk|73/100
|-supereffective|p1a: Great Tusk
|-damage|p1a: Great Tusk|45/100
|-hitcount|p1a: Great Tusk|2
|
|upkeep
|turn|3
|
|t:|1757848685
|-terastallize|p1a: Great Tusk|Steel
|move|p1a: Great Tusk|Bulk Up|p1a: Great Tusk
|-boost|p1a: Great Tusk|atk|1
|-boost|p1a: Great Tusk|def|1
|move|p2a: Scizor|Dual Wingbeat|p1a: Great Tusk
|-resisted|p1a: Great Tusk
|-damage|p1a: Great Tusk|40/100
|-resisted|p1a: Great Tusk
|-damage|p1a: Great Tusk|35/100
|-hitcount|p1a: Great Tusk|2
|
|upkeep
|turn|4
|
|t:|1757848698
|switch|p2a: Landorus|Landorus-Therian, M|100/100
|-ability|p2a: Landorus|Intimidate|boost
|-unboost|p1a: Great Tusk|atk|1
|move|p1a: Great Tusk|Headlong Rush|p2a: Landorus
|-immune|p2a: Landorus
|
|upkeep
|turn|5
|inactive|Superhjkdetective has 120 seconds left.
|
|t:|1757848745
|switch|p2a: Scizor|Scizor, F|100/100
|-activate|p2a: Scizor|move: Sticky Web
|-unboost|p2a: Scizor|spe|1
|move|p1a: Great Tusk|Bulk Up|p1a: Great Tusk
|-boost|p1a: Great Tusk|atk|1
|-boost|p1a: Great Tusk|def|1
|
|upkeep
|turn|6
|
|t:|1757848759
|switch|p2a: Landorus|Landorus-Therian, M|100/100
|-ability|p2a: Landorus|Intimidate|boost
|-unboost|p1a: Great Tusk|atk|1
|move|p1a: Great Tusk|Headlong Rush|p2a: Landorus
|-immune|p2a: Landorus
|
|upkeep
|turn|7
|
|t:|1757848769
|move|p1a: Great Tusk|Ice Spinner|p2a: Landorus
|-supereffective|p2a: Landorus
|-damage|p2a: Landorus|0 fnt
|-damage|p1a: Great Tusk|18/100|[from] item: Rocky Helmet|[of] p2a: Landorus
|faint|p2a: Landorus
|
|upkeep
|
|t:|1757848779
|switch|p2a: Dragonite|Dragonite, M|100/100
|turn|8
|
|t:|1757848782
|move|p1a: Great Tusk|Ice Spinner|p2a: Dragonite
|-supereffective|p2a: Dragonite
|-damage|p2a: Dragonite|21/100
|move|p2a: Dragonite|Earthquake|p1a: Great Tusk
|-supereffective|p1a: Great Tusk
|-damage|p1a: Great Tusk|0 fnt
|faint|p1a: Great Tusk
|-end|p1a: Great Tusk|Protosynthesis|[silent]
|
|upkeep
|
|t:|1757848788
|switch|p1a: Ceruledge|Ceruledge, F|100/100
|turn|9
|
|t:|1757848795
|move|p1a: Ceruledge|Close Combat|p2a: Dragonite
|-resisted|p2a: Dragonite
|-damage|p2a: Dragonite|0 fnt
|-unboost|p1a: Ceruledge|def|1
|-unboost|p1a: Ceruledge|spd|1
|faint|p2a: Dragonite
|
|upkeep
|inactive|Superhjkdetective has 120 seconds left.
|c|☆sdgkjshdkf|dude why do you need ages for every turn
|inactive|Superhjkdetective has 90 seconds left.
|
|t:|1757848841
|switch|p2a: Samurott|Samurott-Hisui, F|100/100
|-activate|p2a: Samurott|move: Sticky Web
|-unboost|p2a: Samurott|spe|1
|turn|10
|
|t:|1757848847
|move|p2a: Samurott|Flip Turn|p1a: Ceruledge
|-supereffective|p1a: Ceruledge
|-enditem|p1a: Ceruledge|Focus Sash
|-damage|p1a: Ceruledge|1/100
|-ability|p1a: Ceruledge|Weak Armor|boost
|-unboost|p1a: Ceruledge|def|1
|-boost|p1a: Ceruledge|spe|2
|
|t:|1757848851
|switch|p2a: Scizor|Scizor, F|100/100|[from] Flip Turn
|-activate|p2a: Scizor|move: Sticky Web
|-unboost|p2a: Scizor|spe|1
|move|p1a: Ceruledge|Close Combat|p2a: Scizor
|-damage|p2a: Scizor|53/100
|-unboost|p1a: Ceruledge|def|1
|-unboost|p1a: Ceruledge|spd|1
|
|upkeep
|turn|11
|
|t:|1757848855
|move|p2a: Scizor|Bullet Punch|p1a: Ceruledge
|-resisted|p1a: Ceruledge
|-damage|p1a: Ceruledge|0 fnt
|faint|p1a: Ceruledge
|
|upkeep
|
|t:|1757848864
|switch|p1a: Dragonite|Dragonite, M|100/100
|turn|12
|
|t:|1757848869
|move|p2a: Scizor|Bullet Punch|p1a: Dragonite
|-damage|p1a: Dragonite|74/100
|move|p1a: Dragonite|Dragon Dance|p1a: Dragonite
|-boost|p1a: Dragonite|atk|1
|-boost|p1a: Dragonite|spe|1
|
|upkeep
|turn|13
|inactive|Superhjkdetective has 120 seconds left.
|j| dadarkgreyninja
|
|t:|1757848910
|-terastallize|p2a: Scizor|Steel
|move|p2a: Scizor|Bullet Punch|p1a: Dragonite
|-damage|p1a: Dragonite|11/100
|move|p1a: Dragonite|Roost|p1a: Dragonite
|-heal|p1a: Dragonite|62/100
|-singleturn|p1a: Dragonite|move: Roost
|
|upkeep
|turn|14
|l| dadarkgreyninja
|inactive|sdgkjshdkf has 120 seconds left.
|
|t:|1757848954
|move|p2a: Scizor|Bullet Punch|p1a: Dragonite
|-damage|p1a: Dragonite|0 fnt
|faint|p1a: Dragonite
|
|upkeep
|
|t:|1757848957
|switch|p1a: Kingambit|Kingambit, M|100/100
|turn|15
|
|t:|1757848969
|switch|p2a: Samurott|Samurott-Hisui, F|100/100
|-activate|p2a: Samurott|move: Sticky Web
|-unboost|p2a: Samurott|spe|1
|move|p1a: Kingambit|Swords Dance|p1a: Kingambit
|-boost|p1a: Kingambit|atk|2
|
|upkeep
|turn|16
|inactive|sdgkjshdkf has 120 seconds left.
|
|t:|1757848995
|move|p2a: Samurott|Flip Turn|p1a: Kingambit
|-damage|p1a: Kingambit|76/100
|
|t:|1757848997
|switch|p2a: Gholdengo|Gholdengo|100/100|[from] Flip Turn
|-activate|p2a: Gholdengo|move: Sticky Web
|-unboost|p2a: Gholdengo|spe|1
|move|p1a: Kingambit|Iron Head|p2a: Gholdengo
|-resisted|p2a: Gholdengo
|-damage|p2a: Gholdengo|69/100
|
|-heal|p1a: Kingambit|82/100|[from] item: Leftovers
|upkeep
|turn|17
|
|t:|1757849002
|move|p1a: Kingambit|Sucker Punch|p2a: Gholdengo
|-supereffective|p2a: Gholdengo
|-damage|p2a: Gholdengo|0 fnt
|faint|p2a: Gholdengo
|
|-heal|p1a: Kingambit|88/100|[from] item: Leftovers
|upkeep
|
|t:|1757849005
|switch|p2a: Samurott|Samurott-Hisui, F|100/100
|-activate|p2a: Samurott|move: Sticky Web
|-unboost|p2a: Samurott|spe|1
|turn|18
|inactive|sdgkjshdkf has 120 seconds left.
|
|t:|1757849036
|move|p2a: Samurott|Aqua Cutter|p1a: Kingambit
|-damage|p1a: Kingambit|49/100
|move|p1a: Kingambit|Iron Head|p2a: Samurott
|-resisted|p2a: Samurott
|-damage|p2a: Samurott|40/100
|
|-heal|p1a: Kingambit|56/100|[from] item: Leftovers
|upkeep
|turn|19
|inactive|Superhjkdetective has 120 seconds left.
|
|t:|1757849057
|switch|p2a: Scizor|Scizor, F, tera:Steel|53/100
|-activate|p2a: Scizor|move: Sticky Web
|-unboost|p2a: Scizor|spe|1
|move|p1a: Kingambit|Sucker Punch||[still]
|-fail|p1a: Kingambit
|
|-heal|p1a: Kingambit|62/100|[from] item: Leftovers
|upkeep
|turn|20
|inactive|sdgkjshdkf has 120 seconds left.
|
|t:|1757849072
|move|p1a: Kingambit|Sucker Punch|p2a: Scizor
|-damage|p2a: Scizor|0 fnt
|faint|p2a: Scizor
|
|-heal|p1a: Kingambit|68/100|[from] item: Leftovers
|upkeep
|j| 54 Insane Rats
|
|t:|1757849077
|switch|p2a: Darkrai|Darkrai|100/100
|-activate|p2a: Darkrai|move: Sticky Web
|-unboost|p2a: Darkrai|spe|1
|turn|21
|
|t:|1757849089
|move|p2a: Darkrai|Focus Blast|p1a: Kingambit|[miss]
|-miss|p2a: Darkrai|p1a: Kingambit
|move|p1a: Kingambit|Iron Head|p2a: Darkrai
|-damage|p2a: Darkrai|0 fnt
|faint|p2a: Darkrai
|
|-heal|p1a: Kingambit|74/100|[from] item: Leftovers
|upkeep
|inactive|Superhjkdetective has 120 seconds left.
|-message|Superhjkdetective forfeited.
|
|win|sdgkjshdkf
|raw|sdgkjshdkf's rating: 1722 &rarr; <strong>1740</strong><br />(+18 for winning)
|raw|Superhjkdetective's rating: 1680 &rarr; <strong>1662</strong><br />(-18 for losing)
|l|☆Superhjkdetective
|player|p2|
|l| 54 Insane Rats
|l|☆sdgkjshdkf
|player|p1|
