|j|☆Loudog589
|j|☆hexagram 69
|t:|1757863301
|gametype|singles
|player|p1|Loudog589|brycenman|1422
|player|p2|hexagram 69|102|1384
|gen|9
|tier|[Gen 9] OU
|rated|
|rule|HP Percentage Mod: HP is shown in percentages
|rule|Endless Battle Clause: Forcing endless battles is banned
|rule|Species Clause: Limit one of each Pokémon
|rule|OHKO Clause: OHKO moves are banned
|rule|Evasion Items Clause: Evasion items are banned
|rule|Evasion Moves Clause: Evasion moves are banned
|rule|Evasion Abilities Clause: Evasion abilities are banned
|rule|Sleep Moves Clause: Sleep-inducing moves are banned
|clearpoke
|poke|p1|Dragapult, M|
|poke|p1|Glimmora, M|
|poke|p1|Comfey, M|
|poke|p1|Kingambit, M|
|poke|p1|Ogerpon-Wellspring, F|
|poke|p1|Blaziken, M|
|poke|p2|Pincurchin, F|
|poke|p2|Iron Boulder|
|poke|p2|Tinkaton, F|
|poke|p2|Iron Jugulis|
|poke|p2|Gholdengo|
|poke|p2|Volcanion|
|teampreview
|inactive|Battle timer is ON: inactive players will automatically lose when time's up. (requested by hexagram 69)
|
|t:|1757863311
|teamsize|p1|6
|teamsize|p2|6
|start
|switch|p1a: Glimmora|Glimmora, M, shiny|100/100
|switch|p2a: Pincurchin|Pincurchin, F|100/100
|-fieldstart|move: Electric Terrain|[from] ability: Electric Surge|[of] p2a: Pincurchin
|turn|1
|
|t:|1757863340
|move|p1a: Glimmora|Stealth Rock|p2a: Pincurchin
|-sidestart|p2: hexagram 69|move: Stealth Rock
|move|p2a: Pincurchin|Spikes|p1a: Glimmora
|-sidestart|p1: Loudog589|Spikes
|
|upkeep
|turn|2
|
|t:|1757863346
|move|p1a: Glimmora|Earth Power|p2a: Pincurchin
|-supereffective|p2a: Pincurchin
|-damage|p2a: Pincurchin|43/100
|move|p2a: Pincurchin|Spikes|p1a: Glimmora
|-sidestart|p1: Loudog589|Spikes
|
|upkeep
|turn|3
|
|t:|1757863349
|switch|p2a: Gholdengo|Gholdengo|100/100
|-damage|p2a: Gholdengo|94/100|[from] Stealth Rock
|move|p1a: Glimmora|Mortal Spin|p2a: Gholdengo
|-immune|p2a: Gholdengo
|
|upkeep
|turn|4
|
|t:|1757863357
|move|p2a: Gholdengo|Make It Rain|p1a: Glimmora
|-supereffective|p1a: Glimmora
|-damage|p1a: Glimmora|0 fnt
|-unboost|p2a: Gholdengo|spa|1
|faint|p1a: Glimmora
|
|upkeep
|
|t:|1757863364
|switch|p1a: Blaziken|Blaziken, M, shiny|100/100
|-damage|p1a: Blaziken|84/100|[from] Spikes
|turn|5
|
|t:|1757863383
|switch|p2a: Volcanion|Volcanion|100/100
|move|p1a: Blaziken|Protect||[still]
|-fail|p1a: Blaziken
|
|-ability|p1a: Blaziken|Speed Boost|boost
|-boost|p1a: Blaziken|spe|1
|upkeep
|turn|6
|
|t:|1757863396
|-terastallize|p1a: Blaziken|Fighting
|move|p1a: Blaziken|Close Combat|p2a: Volcanion
|-damage|p2a: Volcanion|16/100
|-unboost|p1a: Blaziken|def|1
|-unboost|p1a: Blaziken|spd|1
|-damage|p1a: Blaziken|74/100|[from] item: Life Orb
|move|p2a: Volcanion|Steam Eruption|p1a: Blaziken
|-damage|p1a: Blaziken|0 fnt
|faint|p1a: Blaziken
|
|upkeep
|
|t:|1757863404
|switch|p1a: Comfey|Comfey, M, shiny|100/100
|-damage|p1a: Comfey|84/100|[from] Spikes
|turn|7
|
|t:|1757863407
|move|p1a: Comfey|Calm Mind|p1a: Comfey
|-boost|p1a: Comfey|spa|1
|-boost|p1a: Comfey|spd|1
|move|p2a: Volcanion|Sludge Wave|p1a: Comfey
|-supereffective|p1a: Comfey
|-damage|p1a: Comfey|33/100
|
|upkeep
|turn|8
|
|t:|1757863413
|move|p1a: Comfey|Draining Kiss|p2a: Volcanion
|-resisted|p2a: Volcanion
|-damage|p2a: Volcanion|0 fnt
|-heal|p1a: Comfey|46/100|[from] drain|[of] p2a: Volcanion
|faint|p2a: Volcanion
|-damage|p1a: Comfey|37/100|[from] item: Life Orb
|
|-fieldend|move: Electric Terrain
|upkeep
|
|t:|1757863428
|switch|p2a: Tinkaton|Tinkaton, F|100/100
|-damage|p2a: Tinkaton|94/100|[from] Stealth Rock
|-ability|p2a: Tinkaton|Mold Breaker
|-item|p2a: Tinkaton|Air Balloon
|turn|9
|
|t:|1757863446
|move|p2a: Tinkaton|Stealth Rock|p1a: Comfey
|-sidestart|p1: Loudog589|move: Stealth Rock
|move|p1a: Comfey|Tera Blast|p2a: Tinkaton
|-resisted|p2a: Tinkaton
|-damage|p2a: Tinkaton|74/100
|-enditem|p2a: Tinkaton|Air Balloon
|-damage|p1a: Comfey|27/100|[from] item: Life Orb
|
|upkeep
|turn|10
|
|t:|1757863452
|move|p1a: Comfey|Draining Kiss|p2a: Tinkaton
|-resisted|p2a: Tinkaton
|-damage|p2a: Tinkaton|55/100
|-heal|p1a: Comfey|44/100|[from] drain|[of] p2a: Tinkaton
|-damage|p1a: Comfey|34/100|[from] item: Life Orb
|move|p2a: Tinkaton|Gigaton Hammer|p1a: Comfey
|-supereffective|p1a: Comfey
|-damage|p1a: Comfey|0 fnt
|faint|p1a: Comfey
|
|upkeep
|
|t:|1757863455
|switch|p1a: Ogerpon|Ogerpon-Wellspring, F|100/100
|-damage|p1a: Ogerpon|84/100|[from] Spikes
|-damage|p1a: Ogerpon|72/100|[from] Stealth Rock
|turn|11
|
|t:|1757863460
|move|p1a: Ogerpon|Ivy Cudgel|p2a: Tinkaton|[anim] Ivy Cudgel Water
|-damage|p2a: Tinkaton|0 fnt
|faint|p2a: Tinkaton
|
|upkeep
|
|t:|1757863470
|switch|p2a: Pincurchin|Pincurchin, F|43/100
|-damage|p2a: Pincurchin|31/100|[from] Stealth Rock
|-fieldstart|move: Electric Terrain|[from] ability: Electric Surge|[of] p2a: Pincurchin
|turn|12
|
|t:|1757863483
|move|p1a: Ogerpon|Ivy Cudgel|p2a: Pincurchin|[anim] Ivy Cudgel Water
|-damage|p2a: Pincurchin|0 fnt
|faint|p2a: Pincurchin
|
|upkeep
|
|t:|1757863490
|switch|p2a: Iron Boulder|Iron Boulder|100/100
|-damage|p2a: Iron Boulder|88/100|[from] Stealth Rock
|-activate|p2a: Iron Boulder|ability: Quark Drive
|-start|p2a: Iron Boulder|quarkdrivespe
|turn|13
|
|t:|1757863502
|-terastallize|p2a: Iron Boulder|Rock
|move|p2a: Iron Boulder|Mighty Cleave|p1a: Ogerpon
|-damage|p1a: Ogerpon|0 fnt
|faint|p1a: Ogerpon
|
|upkeep
|
|t:|1757863508
|switch|p1a: Dragapult|Dragapult, M, shiny|100/100
|-damage|p1a: Dragapult|84/100|[from] Spikes
|-damage|p1a: Dragapult|72/100|[from] Stealth Rock
|turn|14
|
|t:|1757863513
|move|p2a: Iron Boulder|Mighty Cleave|p1a: Dragapult
|-damage|p1a: Dragapult|0 fnt
|faint|p1a: Dragapult
|
|upkeep
|
|t:|1757863516
|switch|p1a: Kingambit|Kingambit, M, shiny|100/100
|-damage|p1a: Kingambit|84/100|[from] Spikes
|-damage|p1a: Kingambit|78/100|[from] Stealth Rock
|-activate|p1a: Kingambit|ability: Supreme Overlord
|-start|p1a: Kingambit|fallen5|[silent]
|turn|15
|
|t:|1757863523
|-end|p2a: Iron Boulder|Quark Drive|[silent]
|switch|p2a: Iron Jugulis|Iron Jugulis, shiny|100/100
|-damage|p2a: Iron Jugulis|75/100|[from] Stealth Rock
|-activate|p2a: Iron Jugulis|ability: Quark Drive
|-start|p2a: Iron Jugulis|quarkdrivespa
|move|p1a: Kingambit|Iron Head|p2a: Iron Jugulis
|-damage|p2a: Iron Jugulis|0 fnt
|faint|p2a: Iron Jugulis
|-end|p2a: Iron Jugulis|Quark Drive|[silent]
|
|-heal|p1a: Kingambit|84/100|[from] item: Leftovers
|upkeep
|
|t:|1757863527
|switch|p2a: Gholdengo|Gholdengo|94/100
|-damage|p2a: Gholdengo|88/100|[from] Stealth Rock
|turn|16
|
|t:|1757863530
|move|p2a: Gholdengo|Focus Blast|p1a: Kingambit
|-supereffective|p1a: Kingambit
|-damage|p1a: Kingambit|0 fnt
|faint|p1a: Kingambit
|-end|p1a: Kingambit|fallen5|[silent]
|
|win|hexagram 69
|raw|Loudog589's rating: 1422 &rarr; <strong>1400</strong><br />(-22 for losing)
|raw|hexagram 69's rating: 1384 &rarr; <strong>1406</strong><br />(+22 for winning)
|l|☆Loudog589
|player|p1|
|l|☆hexagram 69
|player|p2|
