|j|☆Archualudon☆▪︎¤°
|j|☆Thornlebg
|t:|1757931708
|gametype|singles
|player|p1|Archualudon☆▪︎¤°|drayton|1313
|player|p2|Thornlebg|266|1370
|gen|9
|tier|[Gen 9] OU
|rated|
|rule|HP Percentage Mod: HP is shown in percentages
|rule|Endless Battle Clause: Forcing endless battles is banned
|rule|Species Clause: Limit one of each Pokémon
|rule|OHKO Clause: OHKO moves are banned
|rule|Evasion Items Clause: Evasion items are banned
|rule|Evasion Moves Clause: Evasion moves are banned
|rule|Evasion Abilities Clause: Evasion abilities are banned
|rule|Sleep Moves Clause: Sleep-inducing moves are banned
|clearpoke
|poke|p1|Kyurem|
|poke|p1|Corviknight, F|
|poke|p1|Ting-Lu|
|poke|p1|Dondozo, M|
|poke|p1|Slowking-Galar, L99, M|
|poke|p1|Cinderace, F|
|poke|p2|Moltres|
|poke|p2|Zamazenta-*|
|poke|p2|Darkrai|
|poke|p2|Hydrapple, M|
|poke|p2|Ting-Lu|
|poke|p2|Tinkaton, F|
|teampreview
|inactive|Battle timer is ON: inactive players will automatically lose when time's up. (requested by Thornlebg)
|
|t:|1757931736
|teamsize|p1|6
|teamsize|p2|6
|start
|switch|p1a: Kyurem|Kyurem|100/100
|switch|p2a: Darkrai|Darkrai, shiny|100/100
|-ability|p1a: Kyurem|Pressure
|turn|1
|
|t:|1757931755
|move|p1a: Kyurem|Protect|p1a: Kyurem
|-singleturn|p1a: Kyurem|Protect
|move|p2a: Darkrai|Knock Off|p1a: Kyurem
|-activate|p1a: Kyurem|move: Protect
|
|upkeep
|turn|2
|
|t:|1757931762
|switch|p1a: Corviknight|Corviknight, F|100/100
|-ability|p1a: Corviknight|Pressure
|move|p2a: Darkrai|Dark Pulse|p1a: Corviknight
|-damage|p1a: Corviknight|58/100
|
|upkeep
|turn|3
|
|t:|1757931769
|move|p2a: Darkrai|Knock Off|p1a: Corviknight
|-damage|p1a: Corviknight|43/100
|-damage|p2a: Darkrai|84/100|[from] item: Rocky Helmet|[of] p1a: Corviknight
|-enditem|p1a: Corviknight|Rocky Helmet|[from] move: Knock Off|[of] p2a: Darkrai
|move|p1a: Corviknight|Roost|p1a: Corviknight
|-heal|p1a: Corviknight|93/100
|-singleturn|p1a: Corviknight|move: Roost
|
|upkeep
|turn|4
|
|t:|1757931778
|move|p2a: Darkrai|Dark Pulse|p1a: Corviknight
|-damage|p1a: Corviknight|49/100
|move|p1a: Corviknight|U-turn|p2a: Darkrai
|-supereffective|p2a: Darkrai
|-damage|p2a: Darkrai|47/100
|
|t:|1757931786
|switch|p1a: Ting-Lu|Ting-Lu|100/100|[from] U-turn
|-ability|p1a: Ting-Lu|Vessel of Ruin
|
|upkeep
|turn|5
|
|t:|1757931794
|move|p2a: Darkrai|Knock Off|p1a: Ting-Lu
|-resisted|p1a: Ting-Lu
|-damage|p1a: Ting-Lu|93/100
|-enditem|p1a: Ting-Lu|Leftovers|[from] move: Knock Off|[of] p2a: Darkrai
|move|p1a: Ting-Lu|Earthquake|p2a: Darkrai
|-damage|p2a: Darkrai|0 fnt
|faint|p2a: Darkrai
|
|upkeep
|
|t:|1757931803
|switch|p2a: Hydrapple|Hydrapple, M|100/100
|turn|6
|
|t:|1757931809
|switch|p1a: Slowking|Slowking-Galar, L99, M|100/100
|move|p2a: Hydrapple|Giga Drain|p1a: Slowking
|-resisted|p1a: Slowking
|-damage|p1a: Slowking|90/100
|
|upkeep
|turn|7
|
|t:|1757931817
|-terastallize|p2a: Hydrapple|Poison
|move|p2a: Hydrapple|Nasty Plot|p2a: Hydrapple
|-boost|p2a: Hydrapple|spa|2
|move|p1a: Slowking|Toxic|p2a: Hydrapple
|-immune|p2a: Hydrapple
|
|upkeep
|turn|8
|
|t:|1757931830
|move|p2a: Hydrapple|Fickle Beam|p1a: Slowking
|-damage|p1a: Slowking|51/100
|move|p1a: Slowking|Future Sight|p2a: Hydrapple
|-start|p1a: Slowking|move: Future Sight
|
|upkeep
|turn|9
|
|t:|1757931836
|switch|p1a: Corviknight|Corviknight, F|49/100
|-ability|p1a: Corviknight|Pressure
|move|p2a: Hydrapple|Earth Power|p1a: Corviknight
|-immune|p1a: Corviknight
|
|upkeep
|turn|10
|
|t:|1757931841
|switch|p2a: Ting-Lu|Ting-Lu|100/100
|-ability|p2a: Ting-Lu|Vessel of Ruin
|move|p1a: Corviknight|U-turn|p2a: Ting-Lu
|-supereffective|p2a: Ting-Lu
|-damage|p2a: Ting-Lu|85/100
|
|t:|1757931868
|switch|p1a: Dondozo|Dondozo, M|100/100|[from] U-turn
|
|-end|p2a: Ting-Lu|move: Future Sight
|-immune|p2a: Ting-Lu
|-heal|p2a: Ting-Lu|92/100|[from] item: Leftovers
|upkeep
|turn|11
|
|t:|1757931884
|switch|p2a: Tinkaton|Tinkaton, F|100/100
|-item|p2a: Tinkaton|Air Balloon
|move|p1a: Dondozo|Waterfall|p2a: Tinkaton
|-damage|p2a: Tinkaton|71/100
|-enditem|p2a: Tinkaton|Air Balloon
|-enditem|p1a: Dondozo|Leftovers|[silent]|[from] ability: Pickpocket|[of] p1a: Dondozo
|-item|p2a: Tinkaton|Leftovers|[from] ability: Pickpocket|[of] p1a: Dondozo
|
|-heal|p2a: Tinkaton|77/100|[from] item: Leftovers
|upkeep
|turn|12
|
|t:|1757931899
|switch|p1a: Corviknight|Corviknight, F|49/100
|-ability|p1a: Corviknight|Pressure
|move|p2a: Tinkaton|Thunder Wave|p1a: Corviknight
|-status|p1a: Corviknight|par
|
|-heal|p2a: Tinkaton|84/100|[from] item: Leftovers
|upkeep
|turn|13
|
|t:|1757931912
|move|p2a: Tinkaton|Stealth Rock|p1a: Corviknight
|-sidestart|p1: Archualudon☆▪︎¤°|move: Stealth Rock
|cant|p1a: Corviknight|par
|
|-heal|p2a: Tinkaton|90/100|[from] item: Leftovers
|upkeep
|turn|14
|
|t:|1757931919
|move|p2a: Tinkaton|Gigaton Hammer|p1a: Corviknight
|-resisted|p1a: Corviknight
|-damage|p1a: Corviknight|35/100 par
|move|p1a: Corviknight|Defog|p2a: Tinkaton
|-unboost|p2a: Tinkaton|evasion|1
|-sideend|p1: Archualudon☆▪︎¤°|Stealth Rock|[from] move: Defog|[of] p1a: Corviknight
|
|-heal|p2a: Tinkaton|96/100|[from] item: Leftovers
|upkeep
|turn|15
|
|t:|1757931926
|move|p2a: Tinkaton|Encore|p1a: Corviknight
|-start|p1a: Corviknight|Encore
|cant|p1a: Corviknight|par
|
|-heal|p2a: Tinkaton|100/100|[from] item: Leftovers
|upkeep
|turn|16
|
|t:|1757931933
|switch|p2a: Moltres|Moltres|100/100
|switch|p1a: Dondozo|Dondozo, M|100/100
|
|upkeep
|turn|17
|
|t:|1757931945
|move|p2a: Moltres|U-turn|p1a: Dondozo
|-crit|p1a: Dondozo
|-damage|p1a: Dondozo|90/100
|
|t:|1757931949
|switch|p2a: Hydrapple|Hydrapple, M, tera:Poison|100/100|[from] U-turn
|move|p1a: Dondozo|Waterfall|p2a: Hydrapple
|-damage|p2a: Hydrapple|84/100
|
|upkeep
|turn|18
|
|t:|1757931979
|switch|p1a: Kyurem|Kyurem|100/100
|-ability|p1a: Kyurem|Pressure
|move|p2a: Hydrapple|Fickle Beam|p1a: Kyurem|[anim] Fickle Beam All Out
|-activate|p2a: Hydrapple|move: Fickle Beam
|-supereffective|p1a: Kyurem
|-damage|p1a: Kyurem|0 fnt
|faint|p1a: Kyurem
|
|upkeep
|
|t:|1757931985
|switch|p1a: Corviknight|Corviknight, F|35/100 par
|-ability|p1a: Corviknight|Pressure
|turn|19
|
|t:|1757931990
|move|p2a: Hydrapple|Fickle Beam|p1a: Corviknight
|-resisted|p1a: Corviknight
|-damage|p1a: Corviknight|17/100 par
|cant|p1a: Corviknight|par
|
|upkeep
|turn|20
|
|t:|1757932002
|switch|p1a: Slowking|Slowking-Galar, L99, M|85/100
|move|p2a: Hydrapple|Fickle Beam|p1a: Slowking
|-damage|p1a: Slowking|65/100
|
|upkeep
|turn|21
|
|t:|1757932008
|move|p2a: Hydrapple|Earth Power|p1a: Slowking
|-supereffective|p1a: Slowking
|-damage|p1a: Slowking|31/100
|move|p1a: Slowking|Future Sight|p2a: Hydrapple
|-start|p1a: Slowking|move: Future Sight
|
|upkeep
|turn|22
|
|t:|1757932018
|switch|p1a: Ting-Lu|Ting-Lu|93/100
|-ability|p1a: Ting-Lu|Vessel of Ruin
|move|p2a: Hydrapple|Nasty Plot|p2a: Hydrapple
|-boost|p2a: Hydrapple|spa|2
|
|upkeep
|turn|23
|
|t:|1757932031
|move|p1a: Ting-Lu|Rest|p1a: Ting-Lu
|-status|p1a: Ting-Lu|slp|[from] move: Rest
|-heal|p1a: Ting-Lu|100/100 slp|[silent]
|move|p2a: Hydrapple|Giga Drain|p1a: Ting-Lu
|-supereffective|p1a: Ting-Lu
|-damage|p1a: Ting-Lu|48/100 slp
|-heal|p2a: Hydrapple|100/100|[from] drain|[of] p1a: Ting-Lu
|
|-end|p2a: Hydrapple|move: Future Sight
|-supereffective|p2a: Hydrapple
|-damage|p2a: Hydrapple|38/100
|upkeep
|turn|24
|
|t:|1757932040
|cant|p1a: Ting-Lu|slp
|move|p1a: Ting-Lu|Sleep Talk|p1a: Ting-Lu
|move|p1a: Ting-Lu|Rest||[from] move: Sleep Talk|[still]
|-fail|p1a: Ting-Lu
|move|p2a: Hydrapple|Giga Drain|p1a: Ting-Lu
|-supereffective|p1a: Ting-Lu
|-damage|p1a: Ting-Lu|0 fnt
|-heal|p2a: Hydrapple|68/100|[from] drain|[of] p1a: Ting-Lu
|faint|p1a: Ting-Lu
|
|upkeep
|
|t:|1757932043
|switch|p1a: Slowking|Slowking-Galar, L99, M|65/100
|turn|25
|
|t:|1757932052
|move|p2a: Hydrapple|Earth Power|p1a: Slowking
|-supereffective|p1a: Slowking
|-damage|p1a: Slowking|3/100
|move|p1a: Slowking|Future Sight|p2a: Hydrapple
|-start|p1a: Slowking|move: Future Sight
|
|upkeep
|turn|26
|
|t:|1757932060
|switch|p1a: Corviknight|Corviknight, F|17/100 par
|-ability|p1a: Corviknight|Pressure
|move|p2a: Hydrapple|Earth Power|p1a: Corviknight
|-immune|p1a: Corviknight
|
|upkeep
|turn|27
|
|t:|1757932075
|switch|p2a: Ting-Lu|Ting-Lu|92/100
|-ability|p2a: Ting-Lu|Vessel of Ruin
|move|p1a: Corviknight|Roost|p1a: Corviknight
|-heal|p1a: Corviknight|67/100 par
|-singleturn|p1a: Corviknight|move: Roost
|
|-end|p2a: Ting-Lu|move: Future Sight
|-immune|p2a: Ting-Lu
|-heal|p2a: Ting-Lu|98/100|[from] item: Leftovers
|upkeep
|turn|28
|
|t:|1757932089
|move|p2a: Ting-Lu|Ruination|p1a: Corviknight
|-damage|p1a: Corviknight|34/100 par
|move|p1a: Corviknight|U-turn|p2a: Ting-Lu
|-supereffective|p2a: Ting-Lu
|-damage|p2a: Ting-Lu|83/100
|
|t:|1757932092
|switch|p1a: Slowking|Slowking-Galar, L99, M|36/100|[from] U-turn
|
|-heal|p2a: Ting-Lu|90/100|[from] item: Leftovers
|upkeep
|turn|29
|
|t:|1757932102
|switch|p1a: Corviknight|Corviknight, F|34/100 par
|-ability|p1a: Corviknight|Pressure
|move|p2a: Ting-Lu|Earthquake|p1a: Corviknight
|-immune|p1a: Corviknight
|
|-heal|p2a: Ting-Lu|96/100|[from] item: Leftovers
|upkeep
|turn|30
|
|t:|1757932110
|move|p2a: Ting-Lu|Earthquake|p1a: Corviknight
|-immune|p1a: Corviknight
|cant|p1a: Corviknight|par
|
|-heal|p2a: Ting-Lu|100/100|[from] item: Leftovers
|upkeep
|turn|31
|
|t:|1757932118
|switch|p2a: Moltres|Moltres|100/100
|cant|p1a: Corviknight|par
|
|upkeep
|turn|32
|
|t:|1757932124
|switch|p1a: Dondozo|Dondozo, M|90/100
|move|p2a: Moltres|Flamethrower|p1a: Dondozo
|-resisted|p1a: Dondozo
|-damage|p1a: Dondozo|73/100
|-status|p1a: Dondozo|brn
|
|-damage|p1a: Dondozo|67/100 brn|[from] brn
|upkeep
|turn|33
|
|t:|1757932136
|move|p2a: Moltres|U-turn|p1a: Dondozo
|-damage|p1a: Dondozo|60/100 brn
|
|t:|1757932139
|switch|p2a: Hydrapple|Hydrapple, M, tera:Poison|100/100|[from] U-turn
|move|p1a: Dondozo|Rest|p1a: Dondozo
|-status|p1a: Dondozo|slp|[from] move: Rest
|-heal|p1a: Dondozo|100/100 slp|[silent]
|
|upkeep
|turn|34
|
|t:|1757932154
|switch|p1a: Corviknight|Corviknight, F|34/100 par
|-ability|p1a: Corviknight|Pressure
|move|p2a: Hydrapple|Giga Drain|p1a: Corviknight
|-resisted|p1a: Corviknight
|-damage|p1a: Corviknight|26/100 par
|
|upkeep
|turn|35
|
|t:|1757932168
|move|p2a: Hydrapple|Fickle Beam|p1a: Corviknight
|-resisted|p1a: Corviknight
|-damage|p1a: Corviknight|9/100 par
|move|p1a: Corviknight|Roost|p1a: Corviknight
|-heal|p1a: Corviknight|59/100 par
|-singleturn|p1a: Corviknight|move: Roost
|
|upkeep
|turn|36
|
|t:|1757932180
|move|p2a: Hydrapple|Nasty Plot|p2a: Hydrapple
|-boost|p2a: Hydrapple|spa|2
|move|p1a: Corviknight|U-turn|p2a: Hydrapple
|-resisted|p2a: Hydrapple
|-damage|p2a: Hydrapple|96/100
|
|t:|1757932184
|switch|p1a: Slowking|Slowking-Galar, L99, M|69/100|[from] U-turn
|
|upkeep
|turn|37
|
|t:|1757932195
|switch|p1a: Corviknight|Corviknight, F|59/100 par
|-ability|p1a: Corviknight|Pressure
|move|p2a: Hydrapple|Earth Power|p1a: Corviknight
|-immune|p1a: Corviknight
|
|upkeep
|turn|38
|
|t:|1757932211
|move|p2a: Hydrapple|Nasty Plot|p2a: Hydrapple
|-boost|p2a: Hydrapple|spa|2
|move|p1a: Corviknight|U-turn|p2a: Hydrapple
|-resisted|p2a: Hydrapple
|-damage|p2a: Hydrapple|92/100
|
|t:|1757932213
|switch|p1a: Cinderace|Cinderace, F|100/100|[from] U-turn
|
|upkeep
|turn|39
|
|t:|1757932220
|move|p1a: Cinderace|U-turn|p2a: Hydrapple
|-resisted|p2a: Hydrapple
|-damage|p2a: Hydrapple|87/100
|
|t:|1757932223
|switch|p1a: Corviknight|Corviknight, F|59/100 par|[from] U-turn
|-ability|p1a: Corviknight|Pressure
|move|p2a: Hydrapple|Earth Power|p1a: Corviknight
|-immune|p1a: Corviknight
|
|upkeep
|turn|40
|
|t:|1757932243
|move|p2a: Hydrapple|Nasty Plot|p2a: Hydrapple
|-boost|p2a: Hydrapple|spa|2
|move|p1a: Corviknight|Roost|p1a: Corviknight
|-heal|p1a: Corviknight|100/100 par
|-singleturn|p1a: Corviknight|move: Roost
|
|upkeep
|turn|41
|
|t:|1757932249
|move|p2a: Hydrapple|Giga Drain|p1a: Corviknight
|-resisted|p1a: Corviknight
|-damage|p1a: Corviknight|68/100 par
|-heal|p2a: Hydrapple|100/100|[from] drain|[of] p1a: Corviknight
|cant|p1a: Corviknight|par
|
|upkeep
|turn|42
|
|t:|1757932257
|move|p2a: Hydrapple|Giga Drain|p1a: Corviknight
|-resisted|p1a: Corviknight
|-damage|p1a: Corviknight|38/100 par
|move|p1a: Corviknight|Roost|p1a: Corviknight
|-heal|p1a: Corviknight|88/100 par
|-singleturn|p1a: Corviknight|move: Roost
|
|upkeep
|turn|43
|
|t:|1757932278
|move|p2a: Hydrapple|Giga Drain|p1a: Corviknight
|-resisted|p1a: Corviknight
|-damage|p1a: Corviknight|56/100 par
|move|p1a: Corviknight|Defog|p2a: Hydrapple
|-unboost|p2a: Hydrapple|evasion|1
|
|upkeep
|turn|44
|
|t:|1757932288
|move|p2a: Hydrapple|Giga Drain|p1a: Corviknight
|-resisted|p1a: Corviknight
|-damage|p1a: Corviknight|26/100 par
|cant|p1a: Corviknight|par
|
|upkeep
|turn|45
|
|t:|1757932296
|switch|p1a: Slowking|Slowking-Galar, L99, M|100/100
|move|p2a: Hydrapple|Giga Drain|p1a: Slowking
|-resisted|p1a: Slowking
|-damage|p1a: Slowking|61/100
|
|upkeep
|turn|46
|
|t:|1757932308
|switch|p1a: Corviknight|Corviknight, F|26/100 par
|-ability|p1a: Corviknight|Pressure
|move|p2a: Hydrapple|Giga Drain|p1a: Corviknight
|-resisted|p1a: Corviknight
|-damage|p1a: Corviknight|0 fnt
|faint|p1a: Corviknight
|
|upkeep
|j| guess my avatar
|
|t:|1757932312
|switch|p1a: Dondozo|Dondozo, M|100/100 slp
|turn|47
|
|t:|1757932320
|move|p2a: Hydrapple|Earth Power|p1a: Dondozo
|-damage|p1a: Dondozo|74/100 slp
|cant|p1a: Dondozo|slp
|
|upkeep
|turn|48
|l| guess my avatar
|
|t:|1757932328
|move|p2a: Hydrapple|Earth Power|p1a: Dondozo
|-damage|p1a: Dondozo|51/100 slp
|cant|p1a: Dondozo|slp
|
|upkeep
|turn|49
|
|t:|1757932349
|switch|p2a: Tinkaton|Tinkaton, F|100/100
|-curestatus|p1a: Dondozo|slp|[msg]
|move|p1a: Dondozo|Rest|p1a: Dondozo
|-status|p1a: Dondozo|slp|[from] move: Rest
|-heal|p1a: Dondozo|100/100 slp|[silent]
|
|upkeep
|turn|50
|
|t:|1757932368
|switch|p1a: Slowking|Slowking-Galar, L99, M|95/100
|move|p2a: Tinkaton|Encore||[still]
|-fail|p2a: Tinkaton
|
|upkeep
|turn|51
|
|t:|1757932374
|switch|p1a: Dondozo|Dondozo, M|100/100 slp
|move|p2a: Tinkaton|Thunder Wave||[still]
|-fail|p2a: Tinkaton
|
|upkeep
|turn|52
|
|t:|1757932381
|move|p2a: Tinkaton|Stealth Rock|p1a: Dondozo
|-sidestart|p1: Archualudon☆▪︎¤°|move: Stealth Rock
|cant|p1a: Dondozo|slp
|
|upkeep
|turn|53
|
|t:|1757932390
|move|p2a: Tinkaton|Gigaton Hammer|p1a: Dondozo
|-resisted|p1a: Dondozo
|-damage|p1a: Dondozo|91/100 slp
|cant|p1a: Dondozo|slp
|
|upkeep
|turn|54
|
|t:|1757932396
|move|p2a: Tinkaton|Thunder Wave||[still]
|-fail|p2a: Tinkaton
|-curestatus|p1a: Dondozo|slp|[msg]
|move|p1a: Dondozo|Waterfall|p2a: Tinkaton
|-damage|p2a: Tinkaton|68/100
|
|-heal|p2a: Tinkaton|74/100|[from] item: Leftovers
|upkeep
|turn|55
|
|t:|1757932405
|move|p2a: Tinkaton|Thunder Wave|p1a: Dondozo
|-status|p1a: Dondozo|par
|move|p1a: Dondozo|Waterfall|p2a: Tinkaton
|-damage|p2a: Tinkaton|45/100
|
|-heal|p2a: Tinkaton|51/100|[from] item: Leftovers
|upkeep
|turn|56
|
|t:|1757932414
|switch|p2a: Hydrapple|Hydrapple, M, tera:Poison|100/100
|move|p1a: Dondozo|Waterfall|p2a: Hydrapple
|-damage|p2a: Hydrapple|84/100
|
|upkeep
|turn|57
|inactive|Archualudon☆▪︎¤° has 120 seconds left.
|
|t:|1757932446
|move|p2a: Hydrapple|Nasty Plot|p2a: Hydrapple
|-boost|p2a: Hydrapple|spa|2
|cant|p1a: Dondozo|par
|
|upkeep
|turn|58
|
|t:|1757932452
|move|p2a: Hydrapple|Nasty Plot|p2a: Hydrapple
|-boost|p2a: Hydrapple|spa|2
|move|p1a: Dondozo|Curse|p1a: Dondozo
|-unboost|p1a: Dondozo|spe|1
|-boost|p1a: Dondozo|atk|1
|-boost|p1a: Dondozo|def|1
|
|upkeep
|turn|59
|
|t:|1757932476
|switch|p2a: Moltres|Moltres|100/100
|move|p1a: Dondozo|Curse|p1a: Dondozo
|-unboost|p1a: Dondozo|spe|1
|-boost|p1a: Dondozo|atk|1
|-boost|p1a: Dondozo|def|1
|
|upkeep
|turn|60
|
|t:|1757932483
|move|p1a: Dondozo|Waterfall|p2a: Moltres
|-supereffective|p2a: Moltres
|-damage|p2a: Moltres|25/100
|move|p2a: Moltres|Roar|p1a: Dondozo
|drag|p1a: Cinderace|Cinderace, F|100/100
|
|upkeep
|turn|61
|
|t:|1757932491
|move|p1a: Cinderace|Court Change|p1a: Cinderace
|-swapsideconditions
|-activate|p1a: Cinderace|move: Court Change
|move|p2a: Moltres|Roost|p2a: Moltres
|-heal|p2a: Moltres|75/100
|-singleturn|p2a: Moltres|move: Roost
|
|upkeep
|turn|62
|
|t:|1757932501
|move|p1a: Cinderace|U-turn|p2a: Moltres
|-resisted|p2a: Moltres
|-damage|p2a: Moltres|72/100
|
|t:|1757932504
|switch|p1a: Dondozo|Dondozo, M|91/100 par|[from] U-turn
|move|p2a: Moltres|U-turn|p1a: Dondozo
|-damage|p1a: Dondozo|85/100 par
|
|t:|1757932511
|switch|p2a: Tinkaton|Tinkaton, F|51/100|[from] U-turn
|-damage|p2a: Tinkaton|45/100|[from] Stealth Rock
|
|-heal|p2a: Tinkaton|51/100|[from] item: Leftovers
|upkeep
|turn|63
|
|t:|1757932514
|move|p2a: Tinkaton|Stealth Rock|p1a: Dondozo
|-sidestart|p1: Archualudon☆▪︎¤°|move: Stealth Rock
|cant|p1a: Dondozo|par
|
|-heal|p2a: Tinkaton|58/100|[from] item: Leftovers
|upkeep
|turn|64
|
|t:|1757932518
|move|p2a: Tinkaton|Thunder Wave|p1a: Dondozo
|-fail|p1a: Dondozo|par
|move|p1a: Dondozo|Waterfall|p2a: Tinkaton
|-damage|p2a: Tinkaton|28/100
|
|-heal|p2a: Tinkaton|34/100|[from] item: Leftovers
|upkeep
|turn|65
|
|t:|1757932532
|switch|p2a: Hydrapple|Hydrapple, M, tera:Poison|100/100
|move|p1a: Dondozo|Waterfall|p2a: Hydrapple
|-damage|p2a: Hydrapple|85/100
|
|upkeep
|turn|66
|
|t:|1757932544
|switch|p2a: Ting-Lu|Ting-Lu|100/100
|-damage|p2a: Ting-Lu|94/100|[from] Stealth Rock
|-ability|p2a: Ting-Lu|Vessel of Ruin
|move|p1a: Dondozo|Curse|p1a: Dondozo
|-unboost|p1a: Dondozo|spe|1
|-boost|p1a: Dondozo|atk|1
|-boost|p1a: Dondozo|def|1
|
|-heal|p2a: Ting-Lu|100/100|[from] item: Leftovers
|upkeep
|turn|67
|
|t:|1757932557
|move|p1a: Dondozo|Waterfall|p2a: Ting-Lu
|-supereffective|p2a: Ting-Lu
|-damage|p2a: Ting-Lu|55/100
|move|p2a: Ting-Lu|Whirlwind|p1a: Dondozo
|drag|p1a: Slowking|Slowking-Galar, L99, M|100/100
|
|-heal|p2a: Ting-Lu|61/100|[from] item: Leftovers
|upkeep
|turn|68
|
|t:|1757932569
|move|p2a: Ting-Lu|Spikes|p1a: Slowking
|-sidestart|p1: Archualudon☆▪︎¤°|Spikes
|move|p1a: Slowking|Toxic|p2a: Ting-Lu
|-status|p2a: Ting-Lu|tox
|
|-heal|p2a: Ting-Lu|67/100 tox|[from] item: Leftovers
|-damage|p2a: Ting-Lu|61/100 tox|[from] psn
|upkeep
|turn|69
|
|t:|1757932575
|switch|p1a: Dondozo|Dondozo, M|85/100 par
|-damage|p1a: Dondozo|73/100 par|[from] Stealth Rock
|-damage|p1a: Dondozo|60/100 par|[from] Spikes
|move|p2a: Ting-Lu|Spikes|p1a: Dondozo
|-sidestart|p1: Archualudon☆▪︎¤°|Spikes
|
|-heal|p2a: Ting-Lu|67/100 tox|[from] item: Leftovers
|-damage|p2a: Ting-Lu|55/100 tox|[from] psn
|upkeep
|turn|70
|
|t:|1757932583
|move|p1a: Dondozo|Waterfall|p2a: Ting-Lu
|-supereffective|p2a: Ting-Lu
|-damage|p2a: Ting-Lu|22/100 tox
|move|p2a: Ting-Lu|Whirlwind|p1a: Dondozo
|drag|p1a: Cinderace|Cinderace, F|100/100
|
|-heal|p2a: Ting-Lu|28/100 tox|[from] item: Leftovers
|-damage|p2a: Ting-Lu|10/100 tox|[from] psn
|upkeep
|turn|71
|
|t:|1757932592
|move|p1a: Cinderace|U-turn|p2a: Ting-Lu
|-supereffective|p2a: Ting-Lu
|-damage|p2a: Ting-Lu|0 fnt
|faint|p2a: Ting-Lu
|
|t:|1757932594
|switch|p1a: Slowking|Slowking-Galar, L99, M|100/100|[from] U-turn
|
|upkeep
|
|t:|1757932599
|switch|p2a: Tinkaton|Tinkaton, F|34/100
|-damage|p2a: Tinkaton|28/100|[from] Stealth Rock
|turn|72
|
|t:|1757932606
|switch|p1a: Dondozo|Dondozo, M|60/100 par
|-damage|p1a: Dondozo|48/100 par|[from] Stealth Rock
|-damage|p1a: Dondozo|32/100 par|[from] Spikes
|move|p2a: Tinkaton|Thunder Wave|p1a: Dondozo
|-fail|p1a: Dondozo|par
|
|-heal|p2a: Tinkaton|34/100|[from] item: Leftovers
|upkeep
|turn|73
|
|t:|1757932615
|move|p2a: Tinkaton|Gigaton Hammer|p1a: Dondozo
|-resisted|p1a: Dondozo
|-damage|p1a: Dondozo|22/100 par
|move|p1a: Dondozo|Rest|p1a: Dondozo
|-status|p1a: Dondozo|slp|[from] move: Rest
|-heal|p1a: Dondozo|100/100 slp|[silent]
|
|-heal|p2a: Tinkaton|41/100|[from] item: Leftovers
|upkeep
|turn|74
|
|t:|1757932619
|move|p2a: Tinkaton|Encore|p1a: Dondozo
|-start|p1a: Dondozo|Encore
|cant|p1a: Dondozo|slp
|
|-heal|p2a: Tinkaton|47/100|[from] item: Leftovers
|upkeep
|turn|75
|
|t:|1757932625
|switch|p2a: Moltres|Moltres|72/100
|cant|p1a: Dondozo|slp
|
|upkeep
|turn|76
|
|t:|1757932630
|switch|p1a: Slowking|Slowking-Galar, L99, M|100/100
|move|p2a: Moltres|Roar|p1a: Slowking
|drag|p1a: Dondozo|Dondozo, M|100/100 slp
|-damage|p1a: Dondozo|88/100 slp|[from] Stealth Rock
|-damage|p1a: Dondozo|72/100 slp|[from] Spikes
|
|upkeep
|turn|77
|
|t:|1757932638
|-curestatus|p1a: Dondozo|slp|[msg]
|move|p1a: Dondozo|Waterfall|p2a: Moltres
|-supereffective|p2a: Moltres
|-damage|p2a: Moltres|33/100
|move|p2a: Moltres|Roar|p1a: Dondozo
|drag|p1a: Slowking|Slowking-Galar, L99, M|100/100
|
|upkeep
|turn|78
|
|t:|1757932650
|move|p2a: Moltres|U-turn|p1a: Slowking
|-damage|p1a: Slowking|84/100
|
|t:|1757932653
|switch|p2a: Tinkaton|Tinkaton, F|47/100|[from] U-turn
|-damage|p2a: Tinkaton|41/100|[from] Stealth Rock
|move|p1a: Slowking|Future Sight|p2a: Tinkaton
|-start|p1a: Slowking|move: Future Sight
|
|-heal|p2a: Tinkaton|47/100|[from] item: Leftovers
|upkeep
|turn|79
|
|t:|1757932662
|switch|p1a: Dondozo|Dondozo, M|72/100
|-damage|p1a: Dondozo|59/100|[from] Stealth Rock
|-damage|p1a: Dondozo|43/100|[from] Spikes
|move|p2a: Tinkaton|Gigaton Hammer|p1a: Dondozo
|-resisted|p1a: Dondozo
|-damage|p1a: Dondozo|32/100
|
|-heal|p2a: Tinkaton|53/100|[from] item: Leftovers
|upkeep
|turn|80
|
|t:|1757932672
|move|p2a: Tinkaton|Thunder Wave|p1a: Dondozo
|-status|p1a: Dondozo|par
|move|p1a: Dondozo|Rest|p1a: Dondozo
|-status|p1a: Dondozo|slp|[from] move: Rest
|-heal|p1a: Dondozo|100/100 slp|[silent]
|
|-end|p2a: Tinkaton|move: Future Sight
|-resisted|p2a: Tinkaton
|-damage|p2a: Tinkaton|34/100
|-heal|p2a: Tinkaton|40/100|[from] item: Leftovers
|upkeep
|turn|81
|
|t:|1757932680
|switch|p2a: Moltres|Moltres|33/100
|cant|p1a: Dondozo|slp
|
|upkeep
|turn|82
|
|t:|1757932683
|cant|p1a: Dondozo|slp
|move|p2a: Moltres|Roar|p1a: Dondozo
|drag|p1a: Cinderace|Cinderace, F|100/100
|
|upkeep
|turn|83
|
|t:|1757932688
|move|p1a: Cinderace|Court Change|p1a: Cinderace
|-swapsideconditions
|-activate|p1a: Cinderace|move: Court Change
|move|p2a: Moltres|Roost|p2a: Moltres
|-heal|p2a: Moltres|84/100
|-singleturn|p2a: Moltres|move: Roost
|
|upkeep
|turn|84
|
|t:|1757932695
|move|p1a: Cinderace|U-turn|p2a: Moltres
|-resisted|p2a: Moltres
|-damage|p2a: Moltres|81/100
|
|t:|1757932696
|switch|p1a: Dondozo|Dondozo, M|100/100 slp|[from] U-turn
|-damage|p1a: Dondozo|88/100 slp|[from] Stealth Rock
|move|p2a: Moltres|Flamethrower|p1a: Dondozo
|-resisted|p1a: Dondozo
|-damage|p1a: Dondozo|70/100 slp
|
|upkeep
|turn|85
|
|t:|1757932704
|-curestatus|p1a: Dondozo|slp|[msg]
|move|p1a: Dondozo|Curse|p1a: Dondozo
|-unboost|p1a: Dondozo|spe|1
|-boost|p1a: Dondozo|atk|1
|-boost|p1a: Dondozo|def|1
|move|p2a: Moltres|Roar|p1a: Dondozo
|drag|p1a: Cinderace|Cinderace, F|100/100
|
|upkeep
|turn|86
|
|t:|1757932713
|move|p1a: Cinderace|U-turn|p2a: Moltres
|-resisted|p2a: Moltres
|-damage|p2a: Moltres|78/100
|
|t:|1757932716
|switch|p1a: Dondozo|Dondozo, M|70/100|[from] U-turn
|-damage|p1a: Dondozo|57/100|[from] Stealth Rock
|move|p2a: Moltres|Flamethrower|p1a: Dondozo
|-resisted|p1a: Dondozo
|-damage|p1a: Dondozo|39/100
|
|upkeep
|turn|87
|
|t:|1757932725
|move|p2a: Moltres|Flamethrower|p1a: Dondozo
|-resisted|p1a: Dondozo
|-damage|p1a: Dondozo|23/100
|move|p1a: Dondozo|Rest|p1a: Dondozo
|-status|p1a: Dondozo|slp|[from] move: Rest
|-heal|p1a: Dondozo|100/100 slp|[silent]
|
|upkeep
|turn|88
|
|t:|1757932735
|move|p2a: Moltres|Flamethrower|p1a: Dondozo
|-resisted|p1a: Dondozo
|-damage|p1a: Dondozo|81/100 slp
|cant|p1a: Dondozo|slp
|
|upkeep
|turn|89
|
|t:|1757932738
|cant|p1a: Dondozo|slp
|move|p2a: Moltres|Roar|p1a: Dondozo
|drag|p1a: Cinderace|Cinderace, F|100/100
|
|upkeep
|turn|90
|
|t:|1757932744
|move|p1a: Cinderace|U-turn|p2a: Moltres
|-resisted|p2a: Moltres
|-damage|p2a: Moltres|74/100
|
|t:|1757932745
|switch|p1a: Dondozo|Dondozo, M|81/100 slp|[from] U-turn
|-damage|p1a: Dondozo|69/100 slp|[from] Stealth Rock
|move|p2a: Moltres|Flamethrower|p1a: Dondozo
|-resisted|p1a: Dondozo
|-damage|p1a: Dondozo|52/100 slp
|
|upkeep
|turn|91
|
|t:|1757932755
|-curestatus|p1a: Dondozo|slp|[msg]
|move|p1a: Dondozo|Waterfall|p2a: Moltres
|-supereffective|p2a: Moltres
|-damage|p2a: Moltres|38/100
|move|p2a: Moltres|Roar|p1a: Dondozo
|drag|p1a: Cinderace|Cinderace, F|100/100
|
|upkeep
|turn|92
|
|t:|1757932779
|move|p1a: Cinderace|U-turn|p2a: Moltres
|-resisted|p2a: Moltres
|-damage|p2a: Moltres|35/100
|
|t:|1757932780
|switch|p1a: Slowking|Slowking-Galar, L99, M|100/100|[from] U-turn
|move|p2a: Moltres|Roost|p2a: Moltres
|-heal|p2a: Moltres|85/100
|-singleturn|p2a: Moltres|move: Roost
|
|upkeep
|turn|93
|
|t:|1757932788
|move|p2a: Moltres|U-turn|p1a: Slowking
|-damage|p1a: Slowking|86/100
|
|t:|1757932790
|switch|p2a: Tinkaton|Tinkaton, F|40/100|[from] U-turn
|-damage|p2a: Tinkaton|34/100|[from] Stealth Rock
|-damage|p2a: Tinkaton|17/100|[from] Spikes
|move|p1a: Slowking|Future Sight|p2a: Tinkaton
|-start|p1a: Slowking|move: Future Sight
|
|-heal|p2a: Tinkaton|24/100|[from] item: Leftovers
|upkeep
|turn|94
|
|t:|1757932806
|switch|p1a: Dondozo|Dondozo, M|52/100
|-damage|p1a: Dondozo|39/100|[from] Stealth Rock
|move|p2a: Tinkaton|Thunder Wave|p1a: Dondozo
|-status|p1a: Dondozo|par
|
|-heal|p2a: Tinkaton|30/100|[from] item: Leftovers
|upkeep
|turn|95
|
|t:|1757932817
|move|p2a: Tinkaton|Gigaton Hammer|p1a: Dondozo
|-resisted|p1a: Dondozo
|-damage|p1a: Dondozo|30/100 par
|cant|p1a: Dondozo|par
|
|-end|p2a: Tinkaton|move: Future Sight
|-resisted|p2a: Tinkaton
|-damage|p2a: Tinkaton|11/100
|-heal|p2a: Tinkaton|17/100|[from] item: Leftovers
|upkeep
|turn|96
|
|t:|1757932832
|move|p2a: Tinkaton|Encore||[still]
|-fail|p2a: Tinkaton
|move|p1a: Dondozo|Waterfall|p2a: Tinkaton
|-damage|p2a: Tinkaton|0 fnt
|faint|p2a: Tinkaton
|
|upkeep
|
|t:|1757932839
|switch|p2a: Zamazenta|Zamazenta|100/100
|-ability|p2a: Zamazenta|Dauntless Shield|boost
|-boost|p2a: Zamazenta|def|1
|turn|97
|
|t:|1757932845
|move|p2a: Zamazenta|Close Combat|p1a: Dondozo
|-damage|p1a: Dondozo|2/100 par
|-unboost|p2a: Zamazenta|def|1
|-unboost|p2a: Zamazenta|spd|1
|move|p1a: Dondozo|Rest|p1a: Dondozo
|-status|p1a: Dondozo|slp|[from] move: Rest
|-heal|p1a: Dondozo|100/100 slp|[silent]
|
|upkeep
|turn|98
|
|t:|1757932858
|move|p2a: Zamazenta|Crunch|p1a: Dondozo
|-damage|p1a: Dondozo|88/100 slp
|cant|p1a: Dondozo|slp
|
|upkeep
|turn|99
|
|t:|1757932863
|move|p2a: Zamazenta|Crunch|p1a: Dondozo
|-damage|p1a: Dondozo|77/100 slp
|cant|p1a: Dondozo|slp
|
|upkeep
|turn|100
|
|t:|1757932876
|move|p2a: Zamazenta|Crunch|p1a: Dondozo
|-damage|p1a: Dondozo|64/100 slp
|-unboost|p1a: Dondozo|def|1
|-curestatus|p1a: Dondozo|slp|[msg]
|move|p1a: Dondozo|Curse|p1a: Dondozo
|-unboost|p1a: Dondozo|spe|1
|-boost|p1a: Dondozo|atk|1
|-boost|p1a: Dondozo|def|1
|
|upkeep
|turn|101
|
|t:|1757932889
|move|p2a: Zamazenta|Ice Fang|p1a: Dondozo
|-resisted|p1a: Dondozo
|-damage|p1a: Dondozo|59/100
|move|p1a: Dondozo|Curse|p1a: Dondozo
|-unboost|p1a: Dondozo|spe|1
|-boost|p1a: Dondozo|atk|1
|-boost|p1a: Dondozo|def|1
|
|upkeep
|turn|102
|
|t:|1757932894
|move|p2a: Zamazenta|Ice Fang|p1a: Dondozo
|-resisted|p1a: Dondozo
|-damage|p1a: Dondozo|56/100
|move|p1a: Dondozo|Curse|p1a: Dondozo
|-unboost|p1a: Dondozo|spe|1
|-boost|p1a: Dondozo|atk|1
|-boost|p1a: Dondozo|def|1
|
|upkeep
|turn|103
|
|t:|1757932902
|move|p2a: Zamazenta|Ice Fang|p1a: Dondozo
|-resisted|p1a: Dondozo
|-damage|p1a: Dondozo|53/100
|cant|p1a: Dondozo|flinch
|
|upkeep
|turn|104
|
|t:|1757932907
|move|p2a: Zamazenta|Ice Fang|p1a: Dondozo
|-resisted|p1a: Dondozo
|-crit|p1a: Dondozo
|-damage|p1a: Dondozo|47/100
|move|p1a: Dondozo|Body Press|p2a: Zamazenta
|-damage|p2a: Zamazenta|52/100
|
|upkeep
|turn|105
|
|t:|1757932916
|move|p2a: Zamazenta|Ice Fang|p1a: Dondozo
|-resisted|p1a: Dondozo
|-damage|p1a: Dondozo|44/100
|move|p1a: Dondozo|Body Press|p2a: Zamazenta
|-damage|p2a: Zamazenta|0 fnt
|faint|p2a: Zamazenta
|
|upkeep
|
|t:|1757932928
|switch|p2a: Moltres|Moltres|85/100
|turn|106
|
|t:|1757932934
|move|p2a: Moltres|Flamethrower|p1a: Dondozo
|-resisted|p1a: Dondozo
|-damage|p1a: Dondozo|25/100
|move|p1a: Dondozo|Waterfall|p2a: Moltres
|-supereffective|p2a: Moltres
|-crit|p2a: Moltres
|-damage|p2a: Moltres|0 fnt
|-status|p1a: Dondozo|brn|[from] ability: Flame Body|[of] p2a: Moltres
|faint|p2a: Moltres
|
|-damage|p1a: Dondozo|19/100 brn|[from] brn
|upkeep
|-message|Thornlebg forfeited.
|
|win|Archualudon☆▪︎¤°
|raw|Archualudon☆▪︎¤°'s rating: 1313 &rarr; <strong>1336</strong><br />(+23 for winning)
|raw|Thornlebg's rating: 1370 &rarr; <strong>1347</strong><br />(-23 for losing)
|l|☆Thornlebg
|player|p2|
|j| xenoplex©
|l| xenoplex©
|c|☆Archualudon☆▪︎¤°|I think I used rest at least thrice
