|j|☆cielolebogoss
|j|☆sptea
|t:|1757946251
|gametype|singles
|player|p1|cielolebogoss|169|1183
|player|p2|sptea|265|1268
|gen|9
|tier|[Gen 9] OU
|rated|
|rule|HP Percentage Mod: HP is shown in percentages
|rule|Endless Battle Clause: Forcing endless battles is banned
|rule|Species Clause: Limit one of each Pokémon
|rule|OHKO Clause: OHKO moves are banned
|rule|Evasion Items Clause: Evasion items are banned
|rule|Evasion Moves Clause: Evasion moves are banned
|rule|Evasion Abilities Clause: Evasion abilities are banned
|rule|Sleep Moves Clause: Sleep-inducing moves are banned
|clearpoke
|poke|p1|Gliscor, M|
|poke|p1|Ninetales-Alola, F|
|poke|p1|Cinderace, F|
|poke|p1|Iron Crown|
|poke|p1|Walking Wake|
|poke|p1|Toxapex, M|
|poke|p2|Leavanny, F|
|poke|p2|Torkoal, M|
|poke|p2|Great Tusk|
|poke|p2|Raging Bolt|
|poke|p2|Walking Wake|
|poke|p2|Clefable, F|
|teampreview
|inactive|Battle timer is ON: inactive players will automatically lose when time's up. (requested by sptea)
|
|t:|1757946259
|teamsize|p1|6
|teamsize|p2|6
|start
|switch|p1a: Walking Wake|Walking Wake|100/100
|switch|p2a: Torkoal|Torkoal, M|100/100
|-weather|SunnyDay|[from] ability: Drought|[of] p2a: Torkoal
|-activate|p1a: Walking Wake|ability: Protosynthesis
|-start|p1a: Walking Wake|protosynthesisspa
|turn|1
|
|t:|1757946268
|switch|p2a: Leavanny|Leavanny, F|100/100
|move|p1a: Walking Wake|Hydro Steam|p2a: Leavanny
|-resisted|p2a: Leavanny
|-damage|p2a: Leavanny|56/100
|
|-weather|SunnyDay|[upkeep]
|upkeep
|turn|2
|
|t:|1757946287
|move|p2a: Leavanny|Light Screen|p2a: Leavanny
|-sidestart|p2: sptea|move: Light Screen
|move|p1a: Walking Wake|Flamethrower|p2a: Leavanny
|-supereffective|p2a: Leavanny
|-damage|p2a: Leavanny|0 fnt
|faint|p2a: Leavanny
|
|-weather|SunnyDay|[upkeep]
|upkeep
|
|t:|1757946298
|switch|p2a: Great Tusk|Great Tusk|100/100
|-activate|p2a: Great Tusk|ability: Protosynthesis
|-start|p2a: Great Tusk|protosynthesisatk
|turn|3
|
|t:|1757946309
|-end|p2a: Great Tusk|Protosynthesis|[silent]
|switch|p2a: Walking Wake|Walking Wake|100/100
|-activate|p2a: Walking Wake|ability: Protosynthesis
|-start|p2a: Walking Wake|protosynthesisspa
|move|p1a: Walking Wake|Hydro Steam|p2a: Walking Wake
|-resisted|p2a: Walking Wake
|-damage|p2a: Walking Wake|90/100
|
|-weather|SunnyDay|[upkeep]
|upkeep
|turn|4
|inactive|cielolebogoss has 120 seconds left.
|
|t:|1757946343
|-end|p1a: Walking Wake|Protosynthesis|[silent]
|switch|p1a: Iron Crown|Iron Crown|100/100
|-end|p2a: Walking Wake|Protosynthesis|[silent]
|switch|p2a: Clefable|Clefable, F|100/100
|
|-weather|SunnyDay|[upkeep]
|upkeep
|turn|5
|
|t:|1757946350
|move|p1a: Iron Crown|Brick Break|p2a: Clefable
|-sideend|p2: sptea|move: Light Screen
|-resisted|p2a: Clefable
|-damage|p2a: Clefable|93/100
|move|p2a: Clefable|Flamethrower|p1a: Iron Crown
|-supereffective|p1a: Iron Crown
|-damage|p1a: Iron Crown|43/100
|
|-weather|none
|-heal|p2a: Clefable|99/100|[from] item: Leftovers
|upkeep
|turn|6
|
|t:|1757946359
|-end|p1a: Iron Crown|Quark Drive|[silent]
|switch|p1a: Walking Wake|Walking Wake|100/100
|switch|p2a: Torkoal|Torkoal, M|100/100
|-weather|SunnyDay|[from] ability: Drought|[of] p2a: Torkoal
|-activate|p1a: Walking Wake|ability: Protosynthesis
|-start|p1a: Walking Wake|protosynthesisspa
|
|-weather|SunnyDay|[upkeep]
|upkeep
|turn|7
|inactive|cielolebogoss has 120 seconds left.
|
|t:|1757946399
|switch|p2a: Clefable|Clefable, F|99/100
|move|p1a: Walking Wake|Hydro Steam|p2a: Clefable
|-crit|p2a: Clefable
|-damage|p2a: Clefable|26/100
|
|-weather|SunnyDay|[upkeep]
|-heal|p2a: Clefable|32/100|[from] item: Leftovers
|upkeep
|turn|8
|
|t:|1757946409
|switch|p2a: Raging Bolt|Raging Bolt|100/100
|-activate|p2a: Raging Bolt|ability: Protosynthesis
|-start|p2a: Raging Bolt|protosynthesisspa
|move|p1a: Walking Wake|Hydro Steam|p2a: Raging Bolt
|-resisted|p2a: Raging Bolt
|-damage|p2a: Raging Bolt|65/100
|
|-weather|SunnyDay|[upkeep]
|-heal|p2a: Raging Bolt|71/100|[from] item: Leftovers
|upkeep
|turn|9
|
|t:|1757946422
|-end|p2a: Raging Bolt|Protosynthesis|[silent]
|switch|p2a: Clefable|Clefable, F|32/100
|move|p1a: Walking Wake|Draco Meteor|p2a: Clefable
|-immune|p2a: Clefable
|
|-weather|SunnyDay|[upkeep]
|-heal|p2a: Clefable|38/100|[from] item: Leftovers
|upkeep
|turn|10
|
|t:|1757946431
|move|p1a: Walking Wake|Hydro Steam|p2a: Clefable
|-damage|p2a: Clefable|0 fnt
|faint|p2a: Clefable
|
|-weather|none
|-end|p1a: Walking Wake|Protosynthesis
|upkeep
|
|t:|1757946435
|switch|p2a: Walking Wake|Walking Wake|90/100
|turn|11
|
|t:|1757946438
|move|p1a: Walking Wake|Draco Meteor|p2a: Walking Wake
|-supereffective|p2a: Walking Wake
|-damage|p2a: Walking Wake|0 fnt
|-unboost|p1a: Walking Wake|spa|2
|faint|p2a: Walking Wake
|-end|p2a: Walking Wake|Protosynthesis|[silent]
|
|upkeep
|-message|sptea forfeited.
|
|win|cielolebogoss
|raw|cielolebogoss's rating: 1206 &rarr; <strong>1235</strong><br />(+29 for winning)
|raw|sptea's rating: 1268 &rarr; <strong>1239</strong><br />(-29 for losing)
|l|☆sptea
|player|p2|
|l|☆cielolebogoss
|player|p1|
