|j|☆disco 2003
|j|☆modegobelin
|t:|1757885456
|gametype|singles
|player|p1|disco 2003|policeman-gen4|1730
|player|p2|modegobelin|2|1660
|gen|9
|tier|[Gen 9] OU
|rated|
|rule|HP Percentage Mod: HP is shown in percentages
|rule|Endless Battle Clause: Forcing endless battles is banned
|rule|Species Clause: Limit one of each Pokémon
|rule|OHKO Clause: OHKO moves are banned
|rule|Evasion Items Clause: Evasion items are banned
|rule|Evasion Moves Clause: Evasion moves are banned
|rule|Evasion Abilities Clause: Evasion abilities are banned
|rule|Sleep Moves Clause: Sleep-inducing moves are banned
|clearpoke
|poke|p1|Ceruledge, M|
|poke|p1|Raging Bolt|
|poke|p1|Latias, F|
|poke|p1|Kyurem|
|poke|p1|Ninetales-Alola, F|
|poke|p1|Iron Moth|
|poke|p2|Serperior, M|
|poke|p2|Rillaboom, M|
|poke|p2|Hawlucha, M|
|poke|p2|Moltres|
|poke|p2|Ting-Lu|
|poke|p2|Pecharunt|
|teampreview
|
|t:|1757885471
|teamsize|p1|6
|teamsize|p2|6
|start
|switch|p1a: snow bunny|Ninetales-Alola, F|100/100
|switch|p2a: Ting-Lu|Ting-Lu|100/100
|-weather|Snowscape|[from] ability: Snow Warning|[of] p1a: snow bunny
|-ability|p2a: Ting-Lu|Vessel of Ruin
|turn|1
|
|t:|1757885494
|move|p1a: snow bunny|Aurora Veil|p1a: snow bunny
|-sidestart|p1: disco 2003|move: Aurora Veil
|move|p2a: Ting-Lu|Spikes|p1a: snow bunny
|-sidestart|p1: disco 2003|Spikes
|
|-weather|Snowscape|[upkeep]
|upkeep
|turn|2
|
|t:|1757885498
|move|p1a: snow bunny|Moonblast|p2a: Ting-Lu
|-supereffective|p2a: Ting-Lu
|-damage|p2a: Ting-Lu|69/100
|move|p2a: Ting-Lu|Spikes|p1a: snow bunny
|-sidestart|p1: disco 2003|Spikes
|
|-weather|Snowscape|[upkeep]
|-heal|p2a: Ting-Lu|75/100|[from] item: Leftovers
|upkeep
|turn|3
|
|t:|1757885504
|switch|p2a: Moltres|Moltres|100/100
|move|p1a: snow bunny|Moonblast|p2a: Moltres
|-resisted|p2a: Moltres
|-damage|p2a: Moltres|82/100
|-unboost|p2a: Moltres|spa|1
|
|-weather|Snowscape|[upkeep]
|upkeep
|turn|4
|inactive|Battle timer is ON: inactive players will automatically lose when time's up. (requested by modegobelin)
|inactive|disco 2003 has 120 seconds left.
|
|t:|1757885585
|switch|p1a: bury the light|Ceruledge, M|100/100
|-damage|p1a: bury the light|84/100|[from] Spikes
|move|p2a: Moltres|Roar|p1a: bury the light
|drag|p1a: 50/50|Raging Bolt|100/100
|-damage|p1a: 50/50|84/100|[from] Spikes
|-enditem|p1a: 50/50|Booster Energy
|-activate|p1a: 50/50|ability: Protosynthesis|[fromitem]
|-start|p1a: 50/50|protosynthesisspa
|
|-weather|Snowscape|[upkeep]
|upkeep
|turn|5
|inactive|disco 2003 has 120 seconds left.
|
|t:|1757885623
|switch|p2a: Ting-Lu|Ting-Lu|75/100
|-ability|p2a: Ting-Lu|Vessel of Ruin
|move|p1a: 50/50|Calm Mind|p1a: 50/50
|-boost|p1a: 50/50|spa|1
|-boost|p1a: 50/50|spd|1
|
|-weather|none
|-heal|p2a: Ting-Lu|81/100|[from] item: Leftovers
|upkeep
|turn|6
|
|t:|1757885628
|move|p1a: 50/50|Dragon Pulse|p2a: Ting-Lu
|-damage|p2a: Ting-Lu|44/100
|move|p2a: Ting-Lu|Earthquake|p1a: 50/50
|-supereffective|p1a: 50/50
|-damage|p1a: 50/50|56/100
|
|-heal|p2a: Ting-Lu|50/100|[from] item: Leftovers
|upkeep
|turn|7
|
|t:|1757885637
|move|p1a: 50/50|Dragon Pulse|p2a: Ting-Lu
|-damage|p2a: Ting-Lu|10/100
|move|p2a: Ting-Lu|Earthquake|p1a: 50/50
|-supereffective|p1a: 50/50
|-damage|p1a: 50/50|27/100
|
|-heal|p2a: Ting-Lu|16/100|[from] item: Leftovers
|upkeep
|turn|8
|
|t:|1757885647
|move|p1a: 50/50|Dragon Pulse|p2a: Ting-Lu
|-damage|p2a: Ting-Lu|0 fnt
|faint|p2a: Ting-Lu
|
|-sideend|p1: disco 2003|move: Aurora Veil
|upkeep
|
|t:|1757885654
|switch|p2a: Rillaboom|Rillaboom, M|100/100
|-fieldstart|move: Grassy Terrain|[from] ability: Grassy Surge|[of] p2a: Rillaboom
|turn|9
|
|t:|1757885674
|move|p2a: Rillaboom|Low Kick|p1a: 50/50
|-damage|p1a: 50/50|0 fnt
|faint|p1a: 50/50
|-end|p1a: 50/50|Protosynthesis|[silent]
|
|upkeep
|
|t:|1757885677
|switch|p1a: MoveMerchant|Iron Moth|100/100
|-damage|p1a: MoveMerchant|84/100|[from] Spikes
|-enditem|p1a: MoveMerchant|Booster Energy
|-activate|p1a: MoveMerchant|ability: Quark Drive|[fromitem]
|-start|p1a: MoveMerchant|quarkdrivespe
|turn|10
|
|t:|1757885682
|move|p1a: MoveMerchant|Fiery Dance|p2a: Rillaboom
|-supereffective|p2a: Rillaboom
|-damage|p2a: Rillaboom|0 fnt
|faint|p2a: Rillaboom
|
|-heal|p1a: MoveMerchant|90/100|[from] Grassy Terrain
|upkeep
|
|t:|1757885699
|switch|p2a: Moltres|Moltres|82/100
|turn|11
|
|t:|1757885709
|move|p1a: MoveMerchant|Sludge Wave|p2a: Moltres
|-damage|p2a: Moltres|28/100
|move|p2a: Moltres|Roar|p1a: MoveMerchant
|-end|p1a: MoveMerchant|Quark Drive|[silent]
|drag|p1a: rng my ahh|Kyurem|100/100
|-damage|p1a: rng my ahh|84/100|[from] Spikes
|-ability|p1a: rng my ahh|Pressure
|
|-heal|p1a: rng my ahh|90/100|[from] Grassy Terrain
|upkeep
|turn|12
|
|t:|1757885722
|-terastallize|p1a: rng my ahh|Fire
|move|p1a: rng my ahh|Dragon Dance|p1a: rng my ahh
|-boost|p1a: rng my ahh|atk|1
|-boost|p1a: rng my ahh|spe|1
|move|p2a: Moltres|Roar|p1a: rng my ahh
|drag|p1a: snow bunny|Ninetales-Alola, F|100/100
|-damage|p1a: snow bunny|84/100|[from] Spikes
|-weather|Snowscape|[from] ability: Snow Warning|[of] p1a: snow bunny
|
|-weather|Snowscape|[upkeep]
|-heal|p1a: snow bunny|90/100|[from] Grassy Terrain
|upkeep
|turn|13
|
|t:|1757885730
|move|p1a: snow bunny|Moonblast|p2a: Moltres
|-resisted|p2a: Moltres
|-damage|p2a: Moltres|9/100
|move|p2a: Moltres|U-turn|p1a: snow bunny
|-resisted|p1a: snow bunny
|-damage|p1a: snow bunny|83/100
|
|t:|1757885733
|switch|p2a: Pecharunt|Pecharunt|100/100|[from] U-turn
|
|-weather|Snowscape|[upkeep]
|-heal|p1a: snow bunny|89/100|[from] Grassy Terrain
|upkeep
|turn|14
|
|t:|1757885737
|move|p1a: snow bunny|Aurora Veil|p1a: snow bunny
|-sidestart|p1: disco 2003|move: Aurora Veil
|move|p2a: Pecharunt|Malignant Chain|p1a: snow bunny
|-supereffective|p1a: snow bunny
|-damage|p1a: snow bunny|40/100
|
|-weather|Snowscape|[upkeep]
|-heal|p1a: snow bunny|45/100|[from] Grassy Terrain
|upkeep
|turn|15
|
|t:|1757885743
|move|p1a: snow bunny|Encore|p2a: Pecharunt
|-start|p2a: Pecharunt|Encore
|move|p2a: Pecharunt|Malignant Chain|p1a: snow bunny
|-supereffective|p1a: snow bunny
|-damage|p1a: snow bunny|0 fnt
|faint|p1a: snow bunny
|
|-weather|Snowscape|[upkeep]
|upkeep
|
|t:|1757885749
|switch|p1a: MoveMerchant|Iron Moth|90/100
|-damage|p1a: MoveMerchant|73/100|[from] Spikes
|turn|16
|
|t:|1757885773
|switch|p2a: Hawlucha|Hawlucha, M|100/100
|-enditem|p2a: Hawlucha|Grassy Seed
|-boost|p2a: Hawlucha|def|1|[from] item: Grassy Seed
|move|p1a: MoveMerchant|Fiery Dance|p2a: Hawlucha
|-damage|p2a: Hawlucha|43/100
|
|-weather|none
|-heal|p1a: MoveMerchant|79/100|[from] Grassy Terrain
|-fieldend|move: Grassy Terrain
|upkeep
|turn|17
|
|t:|1757885788
|move|p2a: Hawlucha|Acrobatics|p1a: MoveMerchant
|-crit|p1a: MoveMerchant
|-damage|p1a: MoveMerchant|0 fnt
|faint|p1a: MoveMerchant
|-end|p1a: MoveMerchant|Quark Drive|[silent]
|
|upkeep
|
|t:|1757885795
|switch|p1a: bury the light|Ceruledge, M|84/100
|-damage|p1a: bury the light|68/100|[from] Spikes
|turn|18
|
|t:|1757885803
|move|p2a: Hawlucha|Acrobatics|p1a: bury the light
|-damage|p1a: bury the light|31/100
|-ability|p1a: bury the light|Weak Armor|boost
|-unboost|p1a: bury the light|def|1
|-boost|p1a: bury the light|spe|2
|move|p1a: bury the light|Bitter Blade|p2a: Hawlucha
|-damage|p2a: Hawlucha|0 fnt
|-heal|p1a: bury the light|54/100|[from] drain|[of] p2a: Hawlucha
|faint|p2a: Hawlucha
|
|upkeep
|
|t:|1757885809
|switch|p2a: Pecharunt|Pecharunt|100/100
|turn|19
|
|t:|1757885821
|-terastallize|p2a: Pecharunt|Fairy
|move|p1a: bury the light|Poltergeist|p2a: Pecharunt
|-activate|p2a: Pecharunt|move: Poltergeist|Heavy-Duty Boots
|-damage|p2a: Pecharunt|58/100
|move|p2a: Pecharunt|Shadow Ball|p1a: bury the light
|-supereffective|p1a: bury the light
|-damage|p1a: bury the light|16/100
|
|upkeep
|turn|20
|
|t:|1757885830
|move|p1a: bury the light|Swords Dance|p1a: bury the light
|-boost|p1a: bury the light|atk|2
|move|p2a: Pecharunt|Recover|p2a: Pecharunt
|-heal|p2a: Pecharunt|100/100
|
|upkeep
|turn|21
|
|t:|1757885834
|switch|p2a: Moltres|Moltres|9/100
|move|p1a: bury the light|Poltergeist|p2a: Moltres
|-activate|p2a: Moltres|move: Poltergeist|Heavy-Duty Boots
|-crit|p2a: Moltres
|-damage|p2a: Moltres|0 fnt
|faint|p2a: Moltres
|
|-sideend|p1: disco 2003|move: Aurora Veil
|upkeep
|
|t:|1757885837
|switch|p2a: Serperior|Serperior, M|100/100
|turn|22
|
|t:|1757885842
|move|p1a: bury the light|Bitter Blade|p2a: Serperior
|-supereffective|p2a: Serperior
|-damage|p2a: Serperior|0 fnt
|-heal|p1a: bury the light|66/100|[from] drain|[of] p2a: Serperior
|faint|p2a: Serperior
|
|upkeep
|-message|modegobelin forfeited.
|
|win|disco 2003
|raw|disco 2003's rating: 1730 &rarr; <strong>1746</strong><br />(+16 for winning)
|raw|modegobelin's rating: 1660 &rarr; <strong>1644</strong><br />(-16 for losing)
|l|☆modegobelin
|player|p2|
|l|☆disco 2003
|player|p1|
