|inactive|Battle timer is ON: inactive players will automatically lose when time's up.
|t:|1757887817
|gametype|singles
|player|p1|hellom|#splxviscooters|
|player|p2|Fusien|#scl5platoon2|
|gen|9
|tier|[Gen 9] OU
|rule|HP Percentage Mod: HP is shown in percentages
|rule|Endless Battle Clause: Forcing endless battles is banned
|rule|Species Clause: Limit one of each Pokémon
|rule|OHKO Clause: OHKO moves are banned
|rule|Evasion Items Clause: Evasion items are banned
|rule|Evasion Moves Clause: Evasion moves are banned
|rule|Evasion Abilities Clause: Evasion abilities are banned
|rule|Sleep Moves Clause: Sleep-inducing moves are banned
|clearpoke
|poke|p1|Gliscor, F|
|poke|p1|Zamazenta-*|
|poke|p1|Kingambit, F|
|poke|p1|Rillaboom, F|
|poke|p1|Heatran, F|
|poke|p1|Zapdos|
|poke|p2|Cinderace, F|
|poke|p2|Dragonite, F|
|poke|p2|Iron Valiant|
|poke|p2|Kingambit, M|
|poke|p2|Great Tusk|
|poke|p2|Kyurem|
|teampreview
|c|☆Fusien|hf
|c|☆hellom|hf
|rated|Smogon Champions League
|inactive|hellom has 270 seconds left.
|inactive|Fusien has 270 seconds left.
|inactive|hellom has 240 seconds left.
|inactive|Fusien has 240 seconds left.
|
|t:|1757887899
|teamsize|p1|6
|teamsize|p2|6
|start
|switch|p1a: Zamazenta|Zamazenta|100/100
|switch|p2a: Great Tusk|Great Tusk|100/100
|-ability|p1a: Zamazenta|Dauntless Shield|boost
|-boost|p1a: Zamazenta|def|1
|turn|1
|
|t:|1757887901
|move|p1a: Zamazenta|Iron Defense|p1a: Zamazenta
|-boost|p1a: Zamazenta|def|2
|move|p2a: Great Tusk|Stealth Rock|p1a: Zamazenta
|-sidestart|p1: hellom|move: Stealth Rock
|
|upkeep
|turn|2
|
|t:|1757887906
|move|p1a: Zamazenta|Body Press|p2a: Great Tusk
|-damage|p2a: Great Tusk|37/100
|-damage|p1a: Zamazenta|84/100|[from] item: Rocky Helmet|[of] p2a: Great Tusk
|move|p2a: Great Tusk|Headlong Rush|p1a: Zamazenta
|-damage|p1a: Zamazenta|64/100
|-unboost|p2a: Great Tusk|def|1
|-unboost|p2a: Great Tusk|spd|1
|
|-heal|p1a: Zamazenta|70/100|[from] item: Leftovers
|upkeep
|turn|3
|
|t:|1757887912
|move|p1a: Zamazenta|Body Press|p2a: Great Tusk
|-damage|p2a: Great Tusk|0 fnt
|-damage|p1a: Zamazenta|54/100|[from] item: Rocky Helmet|[of] p2a: Great Tusk
|faint|p2a: Great Tusk
|-end|p2a: Great Tusk|Protosynthesis|[silent]
|
|-heal|p1a: Zamazenta|60/100|[from] item: Leftovers
|upkeep
|
|t:|1757887921
|switch|p2a: Iron Valiant|Iron Valiant|100/100
|-enditem|p2a: Iron Valiant|Booster Energy
|-activate|p2a: Iron Valiant|ability: Quark Drive|[fromitem]
|-start|p2a: Iron Valiant|quarkdrivespe
|turn|4
|inactive|hellom has 270 seconds left.
|inactive|hellom has 240 seconds left.
|
|t:|1757888005
|switch|p1a: Rillaboom|Rillaboom, F|100/100
|-damage|p1a: Rillaboom|88/100|[from] Stealth Rock
|-fieldstart|move: Grassy Terrain|[from] ability: Grassy Surge|[of] p1a: Rillaboom
|move|p2a: Iron Valiant|Moonblast|p1a: Rillaboom
|-damage|p1a: Rillaboom|30/100
|
|-heal|p1a: Rillaboom|36/100|[from] Grassy Terrain
|upkeep
|turn|5
|
|t:|1757888011
|move|p1a: Rillaboom|Grassy Glide|p2a: Iron Valiant
|-damage|p2a: Iron Valiant|31/100
|-damage|p1a: Rillaboom|26/100|[from] item: Life Orb
|move|p2a: Iron Valiant|Moonblast|p1a: Rillaboom
|-damage|p1a: Rillaboom|0 fnt
|faint|p1a: Rillaboom
|
|-heal|p2a: Iron Valiant|38/100|[from] Grassy Terrain
|upkeep
|
|t:|1757888013
|switch|p1a: Zapdos|Zapdos|100/100
|turn|6
|
|t:|1757888031
|move|p2a: Iron Valiant|Moonblast|p1a: Zapdos
|-damage|p1a: Zapdos|51/100
|move|p1a: Zapdos|Volt Switch|p2a: Iron Valiant
|-damage|p2a: Iron Valiant|0 fnt
|faint|p2a: Iron Valiant
|-end|p2a: Iron Valiant|Quark Drive|[silent]
|inactive|hellom has 240 seconds left.
|
|t:|1757888063
|switch|p1a: Zamazenta|Zamazenta|60/100|[from] Volt Switch
|-damage|p1a: Zamazenta|54/100|[from] Stealth Rock
|
|-heal|p1a: Zamazenta|60/100|[from] Grassy Terrain
|-heal|p1a: Zamazenta|66/100|[from] item: Leftovers
|upkeep
|inactive|Fusien has 270 seconds left.
|inactive|Fusien has 240 seconds left.
|
|t:|1757888133
|switch|p2a: Kyurem|Kyurem|100/100
|-ability|p2a: Kyurem|Pressure
|turn|7
|
|t:|1757888137
|-terastallize|p2a: Kyurem|Fairy
|move|p1a: Zamazenta|Iron Defense|p1a: Zamazenta
|-boost|p1a: Zamazenta|def|2
|move|p2a: Kyurem|Ice Beam|p1a: Zamazenta
|-damage|p1a: Zamazenta|20/100
|-status|p1a: Zamazenta|frz
|
|-heal|p1a: Zamazenta|26/100 frz|[from] Grassy Terrain
|-heal|p1a: Zamazenta|32/100 frz|[from] item: Leftovers
|upkeep
|turn|8
|
|t:|1757888141
|cant|p1a: Zamazenta|frz
|move|p2a: Kyurem|Ice Beam|p1a: Zamazenta
|-damage|p1a: Zamazenta|0 fnt
|faint|p1a: Zamazenta
|
|-fieldend|move: Grassy Terrain
|upkeep
|inactive|hellom has 240 seconds left.
|
|t:|1757888165
|switch|p1a: Gliscor|Gliscor, F|100/100
|-damage|p1a: Gliscor|88/100|[from] Stealth Rock
|turn|9
|
|t:|1757888172
|move|p1a: Gliscor|Protect|p1a: Gliscor
|-singleturn|p1a: Gliscor|Protect
|move|p2a: Kyurem|Ice Beam|p1a: Gliscor
|-activate|p1a: Gliscor|move: Protect
|
|-status|p1a: Gliscor|tox|[from] item: Toxic Orb
|upkeep
|turn|10
|
|t:|1757888178
|-terastallize|p1a: Gliscor|Fairy
|move|p2a: Kyurem|Ice Beam|p1a: Gliscor
|-damage|p1a: Gliscor|45/100 tox
|move|p1a: Gliscor|Toxic|p2a: Kyurem
|-status|p2a: Kyurem|tox
|
|-damage|p2a: Kyurem|94/100 tox|[from] psn
|-heal|p1a: Gliscor|58/100 tox|[from] ability: Poison Heal
|upkeep
|turn|11
|inactive|Fusien has 270 seconds left.
|
|t:|1757888186
|switch|p2a: Kingambit|Kingambit, M|100/100
|-activate|p2a: Kingambit|ability: Supreme Overlord
|-start|p2a: Kingambit|fallen2|[silent]
|-item|p2a: Kingambit|Air Balloon
|move|p1a: Gliscor|Protect||[still]
|-fail|p1a: Gliscor
|
|-heal|p1a: Gliscor|70/100 tox|[from] ability: Poison Heal
|upkeep
|turn|12
|inactive|Fusien has 270 seconds left.
|
|t:|1757888198
|move|p1a: Gliscor|U-turn|p2a: Kingambit
|-damage|p2a: Kingambit|90/100
|-enditem|p2a: Kingambit|Air Balloon
|
|t:|1757888199
|switch|p1a: Heatran|Heatran, F|100/100|[from] U-turn
|move|p2a: Kingambit|Kowtow Cleave|p1a: Heatran
|-damage|p1a: Heatran|62/100
|
|upkeep
|turn|13
|inactive|hellom has 270 seconds left.
|inactive|Fusien has 270 seconds left.
|
|t:|1757888244
|switch|p1a: Gliscor|Gliscor, F, tera:Fairy|70/100 tox
|-damage|p1a: Gliscor|58/100 tox|[from] Stealth Rock
|-end|p2a: Kingambit|fallen2|[silent]
|switch|p2a: Kyurem|Kyurem, tera:Fairy|94/100 tox
|-ability|p2a: Kyurem|Pressure
|
|-damage|p2a: Kyurem|88/100 tox|[from] psn
|-heal|p1a: Gliscor|70/100 tox|[from] ability: Poison Heal
|upkeep
|turn|14
|inactive|Fusien has 240 seconds left.
|
|t:|1757888261
|move|p1a: Gliscor|Protect|p1a: Gliscor
|-singleturn|p1a: Gliscor|Protect
|move|p2a: Kyurem|Ice Beam|p1a: Gliscor
|-activate|p1a: Gliscor|move: Protect
|
|-damage|p2a: Kyurem|76/100 tox|[from] psn
|-heal|p1a: Gliscor|83/100 tox|[from] ability: Poison Heal
|upkeep
|turn|15
|
|t:|1757888263
|move|p2a: Kyurem|Ice Beam|p1a: Gliscor
|-damage|p1a: Gliscor|39/100 tox
|move|p1a: Gliscor|Earthquake|p2a: Kyurem
|-damage|p2a: Kyurem|46/100 tox
|
|-damage|p2a: Kyurem|27/100 tox|[from] psn
|-heal|p1a: Gliscor|51/100 tox|[from] ability: Poison Heal
|upkeep
|turn|16
|
|t:|1757888274
|move|p1a: Gliscor|Protect|p1a: Gliscor
|-singleturn|p1a: Gliscor|Protect
|move|p2a: Kyurem|Ice Beam|p1a: Gliscor
|-activate|p1a: Gliscor|move: Protect
|
|-damage|p2a: Kyurem|2/100 tox|[from] psn
|-heal|p1a: Gliscor|64/100 tox|[from] ability: Poison Heal
|upkeep
|turn|17
|
|t:|1757888286
|switch|p1a: Zapdos|Zapdos|51/100
|move|p2a: Kyurem|Ice Beam|p1a: Zapdos
|-supereffective|p1a: Zapdos
|-damage|p1a: Zapdos|0 fnt
|faint|p1a: Zapdos
|
|-damage|p2a: Kyurem|0 fnt|[from] psn
|faint|p2a: Kyurem
|upkeep
|
|t:|1757888292
|switch|p1a: Gliscor|Gliscor, F, tera:Fairy|64/100 tox
|switch|p2a: Cinderace|Cinderace, F|100/100
|-damage|p1a: Gliscor|51/100 tox|[from] Stealth Rock
|turn|18
|inactive|Fusien has 270 seconds left.
|
|t:|1757888300
|move|p1a: Gliscor|Protect|p1a: Gliscor
|-singleturn|p1a: Gliscor|Protect
|move|p2a: Cinderace|Swords Dance|p2a: Cinderace
|-boost|p2a: Cinderace|atk|2
|
|-heal|p1a: Gliscor|64/100 tox|[from] ability: Poison Heal
|upkeep
|turn|19
|inactive|Fusien has 270 seconds left.
|inactive|hellom has 270 seconds left.
|
|t:|1757888341
|switch|p1a: Heatran|Heatran, F|62/100
|move|p2a: Cinderace|Pyro Ball|p1a: Heatran
|-damage|p1a: Heatran|0 fnt
|faint|p1a: Heatran
|
|upkeep
|
|t:|1757888343
|switch|p1a: Kingambit|Kingambit, F|100/100
|-damage|p1a: Kingambit|94/100|[from] Stealth Rock
|-activate|p1a: Kingambit|ability: Supreme Overlord
|-start|p1a: Kingambit|fallen4|[silent]
|turn|20
|inactive|hellom has 270 seconds left.
|
|t:|1757888363
|move|p1a: Kingambit|Sucker Punch|p2a: Cinderace
|-damage|p2a: Cinderace|15/100
|move|p2a: Cinderace|Pyro Ball|p1a: Kingambit
|-supereffective|p1a: Kingambit
|-damage|p1a: Kingambit|0 fnt
|faint|p1a: Kingambit
|-end|p1a: Kingambit|fallen4|[silent]
|
|upkeep
|
|t:|1757888366
|switch|p1a: Gliscor|Gliscor, F, tera:Fairy|64/100 tox
|-damage|p1a: Gliscor|51/100 tox|[from] Stealth Rock
|turn|21
|
|t:|1757888368
|move|p1a: Gliscor|Protect|p1a: Gliscor
|-singleturn|p1a: Gliscor|Protect
|move|p2a: Cinderace|Pyro Ball|p1a: Gliscor
|-activate|p1a: Gliscor|move: Protect
|
|-heal|p1a: Gliscor|64/100 tox|[from] ability: Poison Heal
|upkeep
|turn|22
|
|t:|1757888374
|move|p2a: Cinderace|Pyro Ball|p1a: Gliscor
|-damage|p1a: Gliscor|0 fnt
|faint|p1a: Gliscor
|
|win|Fusien
|c|☆hellom|gg
|c|☆Fusien|gg
