|j|☆Unknown.png
|j|☆KNsx77
|t:|1757809988
|gametype|singles
|player|p1|Unknown.png|preschoolerf|1025
|player|p2|KNsx77|lucas-gen4pt|1108
|gen|9
|tier|[Gen 9] OU
|rated|
|rule|HP Percentage Mod: HP is shown in percentages
|rule|Endless Battle Clause: Forcing endless battles is banned
|rule|Species Clause: Limit one of each Pokémon
|rule|OHKO Clause: OHKO moves are banned
|rule|Evasion Items Clause: Evasion items are banned
|rule|Evasion Moves Clause: Evasion moves are banned
|rule|Evasion Abilities Clause: Evasion abilities are banned
|rule|Sleep Moves Clause: Sleep-inducing moves are banned
|clearpoke
|poke|p1|Slowking-Galar, M|
|poke|p1|Great Tusk|
|poke|p1|Kingambit, M|
|poke|p1|Zapdos|
|poke|p1|Malamar, F|
|poke|p1|Hatterene, F|
|poke|p2|Clodsire, M|
|poke|p2|Corviknight, M|
|poke|p2|Toxapex, M|
|poke|p2|Blissey, F|
|poke|p2|Garganacl, M|
|poke|p2|Ting-Lu|
|teampreview
|
|t:|1757810007
|teamsize|p1|6
|teamsize|p2|6
|start
|switch|p1a: Hatterene|Hatterene, F|100/100
|switch|p2a: Ting-Lu|Ting-Lu|100/100
|-ability|p2a: Ting-Lu|Vessel of Ruin
|turn|1
|
|t:|1757810033
|move|p2a: Ting-Lu|Spikes|p1a: Hatterene
|move|p1a: Hatterene|Spikes|p2a: Ting-Lu|[from] ability: Magic Bounce
|-sidestart|p2: KNsx77|Spikes
|move|p1a: Hatterene|Draining Kiss|p2a: Ting-Lu
|-supereffective|p2a: Ting-Lu
|-damage|p2a: Ting-Lu|70/100
|-damage|p1a: Hatterene|91/100|[from] item: Life Orb
|
|-heal|p2a: Ting-Lu|76/100|[from] item: Leftovers
|upkeep
|turn|2
|
|t:|1757810055
|move|p2a: Ting-Lu|Earthquake|p1a: Hatterene
|-damage|p1a: Hatterene|51/100
|move|p1a: Hatterene|Draining Kiss|p2a: Ting-Lu
|-supereffective|p2a: Ting-Lu
|-damage|p2a: Ting-Lu|44/100
|-heal|p1a: Hatterene|89/100|[from] drain|[of] p2a: Ting-Lu
|-damage|p1a: Hatterene|80/100|[from] item: Life Orb
|
|-heal|p2a: Ting-Lu|50/100|[from] item: Leftovers
|upkeep
|turn|3
|
|t:|1757810064
|move|p2a: Ting-Lu|Earthquake|p1a: Hatterene
|-damage|p1a: Hatterene|35/100
|move|p1a: Hatterene|Draining Kiss|p2a: Ting-Lu
|-supereffective|p2a: Ting-Lu
|-damage|p2a: Ting-Lu|21/100
|-heal|p1a: Hatterene|71/100|[from] drain|[of] p2a: Ting-Lu
|-damage|p1a: Hatterene|61/100|[from] item: Life Orb
|
|-heal|p2a: Ting-Lu|27/100|[from] item: Leftovers
|upkeep
|turn|4
|
|t:|1757810074
|move|p2a: Ting-Lu|Earthquake|p1a: Hatterene
|-damage|p1a: Hatterene|22/100
|move|p1a: Hatterene|Draining Kiss|p2a: Ting-Lu
|-supereffective|p2a: Ting-Lu
|-damage|p2a: Ting-Lu|0 fnt
|-heal|p1a: Hatterene|54/100|[from] drain|[of] p2a: Ting-Lu
|faint|p2a: Ting-Lu
|-damage|p1a: Hatterene|44/100|[from] item: Life Orb
|
|upkeep
|
|t:|1757810088
|switch|p2a: Corviknight|Corviknight, M|100/100
|-ability|p2a: Corviknight|Pressure
|turn|5
|
|t:|1757810095
|switch|p1a: Malamar|Malamar, F, shiny|100/100
|move|p2a: Corviknight|U-turn|p1a: Malamar
|-supereffective|p1a: Malamar
|-damage|p1a: Malamar|41/100
|
|t:|1757810109
|switch|p2a: Clodsire|Clodsire, M|100/100|[from] U-turn
|-damage|p2a: Clodsire|88/100|[from] Spikes
|
|-heal|p1a: Malamar|47/100|[from] item: Leftovers
|-heal|p2a: Clodsire|94/100|[from] item: Black Sludge
|upkeep
|turn|6
|
|t:|1757810142
|move|p1a: Malamar|Rest|p1a: Malamar
|-status|p1a: Malamar|slp|[from] move: Rest
|-heal|p1a: Malamar|100/100 slp|[silent]
|move|p2a: Clodsire|Earthquake|p1a: Malamar
|-damage|p1a: Malamar|71/100 slp
|
|-heal|p1a: Malamar|77/100 slp|[from] item: Leftovers
|-heal|p2a: Clodsire|100/100|[from] item: Black Sludge
|upkeep
|turn|7
|
|t:|1757810153
|cant|p1a: Malamar|slp
|move|p1a: Malamar|Sleep Talk|p1a: Malamar
|move|p1a: Malamar|Rest||[from] move: Sleep Talk|[still]
|-fail|p1a: Malamar
|move|p2a: Clodsire|Toxic||[still]
|-fail|p2a: Clodsire
|
|-heal|p1a: Malamar|83/100 slp|[from] item: Leftovers
|upkeep
|turn|8
|
|t:|1757810169
|cant|p1a: Malamar|slp
|move|p1a: Malamar|Sleep Talk|p1a: Malamar
|move|p1a: Malamar|Superpower|p2a: Clodsire|[from] move: Sleep Talk
|-resisted|p2a: Clodsire
|-damage|p2a: Clodsire|80/100
|-boost|p1a: Malamar|atk|1
|-boost|p1a: Malamar|def|1
|move|p2a: Clodsire|Toxic||[still]
|-fail|p2a: Clodsire
|
|-heal|p1a: Malamar|89/100 slp|[from] item: Leftovers
|-heal|p2a: Clodsire|86/100|[from] item: Black Sludge
|upkeep
|turn|9
|
|t:|1757810185
|-curestatus|p1a: Malamar|slp|[msg]
|move|p1a: Malamar|Knock Off|p2a: Clodsire
|-damage|p2a: Clodsire|36/100
|-enditem|p2a: Clodsire|Black Sludge|[from] move: Knock Off|[of] p1a: Malamar
|move|p2a: Clodsire|Toxic|p1a: Malamar
|-status|p1a: Malamar|tox
|
|-heal|p1a: Malamar|95/100 tox|[from] item: Leftovers
|-damage|p1a: Malamar|89/100 tox|[from] psn
|upkeep
|turn|10
|
|t:|1757810204
|move|p1a: Malamar|Rest|p1a: Malamar
|-status|p1a: Malamar|slp|[from] move: Rest
|-heal|p1a: Malamar|100/100 slp|[silent]
|move|p2a: Clodsire|Recover|p2a: Clodsire
|-heal|p2a: Clodsire|86/100
|
|upkeep
|turn|11
|
|t:|1757810211
|cant|p1a: Malamar|slp
|move|p1a: Malamar|Sleep Talk|p1a: Malamar
|move|p1a: Malamar|Superpower|p2a: Clodsire|[from] move: Sleep Talk
|-resisted|p2a: Clodsire
|-damage|p2a: Clodsire|68/100
|-boost|p1a: Malamar|atk|1
|-boost|p1a: Malamar|def|1
|move|p2a: Clodsire|Toxic Spikes|p1a: Malamar
|-sidestart|p1: Unknown.png|move: Toxic Spikes
|
|upkeep
|turn|12
|
|t:|1757810220
|cant|p1a: Malamar|slp
|move|p1a: Malamar|Sleep Talk|p1a: Malamar
|move|p1a: Malamar|Knock Off|p2a: Clodsire|[from] move: Sleep Talk
|-damage|p2a: Clodsire|34/100
|move|p2a: Clodsire|Toxic Spikes|p1a: Malamar
|-sidestart|p1: Unknown.png|move: Toxic Spikes
|
|upkeep
|turn|13
|
|t:|1757810227
|-curestatus|p1a: Malamar|slp|[msg]
|move|p1a: Malamar|Superpower|p2a: Clodsire
|-resisted|p2a: Clodsire
|-damage|p2a: Clodsire|15/100
|-boost|p1a: Malamar|atk|1
|-boost|p1a: Malamar|def|1
|move|p2a: Clodsire|Recover|p2a: Clodsire
|-heal|p2a: Clodsire|65/100
|
|upkeep
|turn|14
|
|t:|1757810246
|switch|p2a: Toxapex|Toxapex, M|100/100
|move|p1a: Malamar|Superpower|p2a: Toxapex
|-resisted|p2a: Toxapex
|-damage|p2a: Toxapex|72/100
|-boost|p1a: Malamar|atk|1
|-boost|p1a: Malamar|def|1
|
|upkeep
|turn|15
|
|t:|1757810257
|move|p1a: Malamar|Superpower|p2a: Toxapex
|-resisted|p2a: Toxapex
|-damage|p2a: Toxapex|38/100
|-boost|p1a: Malamar|atk|1
|-boost|p1a: Malamar|def|1
|move|p2a: Toxapex|Haze|p2a: Toxapex
|-clearallboost
|
|upkeep
|turn|16
|
|t:|1757810267
|move|p1a: Malamar|Knock Off|p2a: Toxapex
|-damage|p2a: Toxapex|12/100
|-enditem|p2a: Toxapex|Heavy-Duty Boots|[from] move: Knock Off|[of] p1a: Malamar
|move|p2a: Toxapex|Recover|p2a: Toxapex
|-heal|p2a: Toxapex|62/100
|
|upkeep
|turn|17
|
|t:|1757810277
|move|p1a: Malamar|Superpower|p2a: Toxapex
|-resisted|p2a: Toxapex
|-crit|p2a: Toxapex
|-damage|p2a: Toxapex|45/100
|-boost|p1a: Malamar|atk|1
|-boost|p1a: Malamar|def|1
|move|p2a: Toxapex|Recover|p2a: Toxapex
|-heal|p2a: Toxapex|95/100
|
|upkeep
|turn|18
|
|t:|1757810286
|move|p2a: Toxapex|Baneful Bunker|p2a: Toxapex
|-singleturn|p2a: Toxapex|move: Protect
|move|p1a: Malamar|Superpower|p2a: Toxapex
|-activate|p2a: Toxapex|move: Protect
|-status|p1a: Malamar|psn
|
|-damage|p1a: Malamar|88/100 psn|[from] psn
|upkeep
|turn|19
|
|t:|1757810296
|move|p1a: Malamar|Rest|p1a: Malamar
|-status|p1a: Malamar|slp|[from] move: Rest
|-heal|p1a: Malamar|100/100 slp|[silent]
|move|p2a: Toxapex|Haze|p2a: Toxapex
|-clearallboost
|
|upkeep
|turn|20
|
|t:|1757810310
|cant|p1a: Malamar|slp
|move|p1a: Malamar|Sleep Talk|p1a: Malamar
|move|p1a: Malamar|Rest||[from] move: Sleep Talk|[still]
|-fail|p1a: Malamar
|move|p2a: Toxapex|Toxic||[still]
|-fail|p2a: Toxapex
|
|upkeep
|turn|21
|
|t:|1757810322
|move|p2a: Toxapex|Baneful Bunker|p2a: Toxapex
|-singleturn|p2a: Toxapex|move: Protect
|cant|p1a: Malamar|slp
|move|p1a: Malamar|Sleep Talk|p1a: Malamar
|move|p1a: Malamar|Rest||[from] move: Sleep Talk|[still]
|-fail|p1a: Malamar
|
|upkeep
|turn|22
|
|t:|1757810334
|-curestatus|p1a: Malamar|slp|[msg]
|move|p1a: Malamar|Sleep Talk||[still]
|-fail|p1a: Malamar
|move|p2a: Toxapex|Toxic|p1a: Malamar
|-status|p1a: Malamar|tox
|
|-damage|p1a: Malamar|95/100 tox|[from] psn
|upkeep
|turn|23
|
|t:|1757810362
|switch|p2a: Garganacl|Garganacl, M|100/100
|-damage|p2a: Garganacl|88/100|[from] Spikes
|move|p1a: Malamar|Sleep Talk||[still]
|-fail|p1a: Malamar
|
|-heal|p1a: Malamar|100/100 tox|[from] item: Leftovers
|-heal|p2a: Garganacl|94/100|[from] item: Leftovers
|-damage|p1a: Malamar|89/100 tox|[from] psn
|upkeep
|turn|24
|
|t:|1757810375
|move|p1a: Malamar|Superpower|p2a: Garganacl
|-supereffective|p2a: Garganacl
|-damage|p2a: Garganacl|46/100
|-boost|p1a: Malamar|atk|1
|-boost|p1a: Malamar|def|1
|move|p2a: Garganacl|Salt Cure|p1a: Malamar
|-damage|p1a: Malamar|78/100 tox
|-start|p1a: Malamar|Salt Cure
|
|-heal|p1a: Malamar|84/100 tox|[from] item: Leftovers
|-heal|p2a: Garganacl|52/100|[from] item: Leftovers
|-damage|p1a: Malamar|66/100 tox|[from] psn
|-damage|p1a: Malamar|54/100 tox|[from] Salt Cure
|upkeep
|turn|25
|
|t:|1757810387
|move|p2a: Garganacl|Protect|p2a: Garganacl
|-singleturn|p2a: Garganacl|Protect
|move|p1a: Malamar|Rest|p1a: Malamar
|-status|p1a: Malamar|slp|[from] move: Rest
|-heal|p1a: Malamar|100/100 slp|[silent]
|
|-heal|p2a: Garganacl|58/100|[from] item: Leftovers
|-damage|p1a: Malamar|88/100 slp|[from] Salt Cure
|upkeep
|turn|26
|l|☆Unknown.png
|player|p1|
|c|☆KNsx77|monkey quit game bitch
|inactive|Battle timer is ON: inactive players will automatically lose when time's up. (requested by KNsx77)
|inactive|Unknown.png has 30 seconds to reconnect!
|inactive|Unknown.png has 20 seconds to reconnect!
|inactive|Unknown.png has 15 seconds to reconnect!
|inactive|Unknown.png has 10 seconds to reconnect!
|inactive|Unknown.png has 5 seconds to reconnect!
|-message|Unknown.png lost due to inactivity.
|
|win|KNsx77
