|j|☆lolimdabeast
|j|☆Jirachi75
|t:|1757934619
|gametype|singles
|player|p1|lolimdabeast|lady-gen4|1395
|player|p2|Jirachi75|169|1401
|gen|9
|tier|[Gen 9] OU
|rated|
|rule|HP Percentage Mod: HP is shown in percentages
|rule|Endless Battle Clause: Forcing endless battles is banned
|rule|Species Clause: Limit one of each Pokémon
|rule|OHKO Clause: OHKO moves are banned
|rule|Evasion Items Clause: Evasion items are banned
|rule|Evasion Moves Clause: Evasion moves are banned
|rule|Evasion Abilities Clause: Evasion abilities are banned
|rule|Sleep Moves Clause: Sleep-inducing moves are banned
|clearpoke
|poke|p1|Landorus-Therian, M|
|poke|p1|Ogerpon-Wellspring, F|
|poke|p1|Ribombee, F|
|poke|p1|Serperior, F|
|poke|p1|Weavile, F|
|poke|p1|Iron Moth|
|poke|p2|Whimsicott, F|
|poke|p2|Alomomola, M|
|poke|p2|Kyurem|
|poke|p2|Great Tusk|
|poke|p2|Slowking-Galar, M|
|poke|p2|Arcanine-Hisui, F|
|teampreview
|inactive|Battle timer is ON: inactive players will automatically lose when time's up. (requested by lolimdabeast)
|
|t:|1757934633
|teamsize|p1|6
|teamsize|p2|6
|start
|switch|p1a: Ribombee|Ribombee, F|100/100
|switch|p2a: Great Tusk|Great Tusk|100/100
|turn|1
|
|t:|1757934638
|-end|p2a: Great Tusk|Protosynthesis|[silent]
|switch|p2a: Slowking|Slowking-Galar, M|100/100
|move|p1a: Ribombee|Moonblast|p2a: Slowking
|-resisted|p2a: Slowking
|-damage|p2a: Slowking|88/100
|-unboost|p2a: Slowking|spa|1
|
|upkeep
|turn|2
|
|t:|1757934646
|move|p1a: Ribombee|Sticky Web|p2a: Slowking
|-sidestart|p2: Jirachi75|move: Sticky Web
|move|p2a: Slowking|Sludge Bomb|p1a: Ribombee
|-supereffective|p1a: Ribombee
|-damage|p1a: Ribombee|15/100
|
|upkeep
|turn|3
|
|t:|1757934653
|switch|p1a: Landorus|Landorus-Therian, M|100/100
|-ability|p1a: Landorus|Intimidate|boost
|-unboost|p2a: Slowking|atk|1
|move|p2a: Slowking|Future Sight|p1a: Landorus
|-start|p2a: Slowking|move: Future Sight
|
|upkeep
|turn|4
|
|t:|1757934659
|switch|p2a: Alomomola|Alomomola, M|100/100
|-activate|p2a: Alomomola|move: Sticky Web
|-unboost|p2a: Alomomola|spe|1
|move|p1a: Landorus|Earthquake|p2a: Alomomola
|-damage|p2a: Alomomola|63/100
|
|upkeep
|turn|5
|
|t:|1757934669
|move|p1a: Landorus|Earthquake|p2a: Alomomola
|-damage|p2a: Alomomola|24/100
|move|p2a: Alomomola|Flip Turn|p1a: Landorus
|-supereffective|p1a: Landorus
|-damage|p1a: Landorus|59/100
|
|t:|1757934676
|switch|p2a: Great Tusk|Great Tusk|100/100|[from] Flip Turn
|-activate|p2a: Great Tusk|move: Sticky Web
|-unboost|p2a: Great Tusk|spe|1
|
|-end|p1a: Landorus|move: Future Sight
|-damage|p1a: Landorus|5/100
|upkeep
|turn|6
|
|t:|1757934684
|move|p1a: Landorus|Fly||[still]
|-prepare|p1a: Landorus|Fly
|-enditem|p1a: Landorus|Power Herb
|-anim|p1a: Landorus|Fly|p2a: Great Tusk
|-supereffective|p2a: Great Tusk
|-crit|p2a: Great Tusk
|-damage|p2a: Great Tusk|31/100
|-damage|p1a: Landorus|0 fnt|[from] item: Rocky Helmet|[of] p2a: Great Tusk
|faint|p1a: Landorus
|move|p2a: Great Tusk|Rapid Spin|p1: Landorus|[notarget]
|-fail|p2a: Great Tusk
|
|upkeep
|
|t:|1757934689
|switch|p1a: Ribombee|Ribombee, F|15/100
|turn|7
|
|t:|1757934702
|switch|p1a: Weavile|Weavile, F|100/100
|-ability|p1a: Weavile|Pressure
|-end|p2a: Great Tusk|Protosynthesis|[silent]
|switch|p2a: Slowking|Slowking-Galar, M|100/100
|
|upkeep
|turn|8
|
|t:|1757934721
|move|p1a: Weavile|Swords Dance|p1a: Weavile
|-boost|p1a: Weavile|atk|2
|move|p2a: Slowking|Sludge Bomb|p1a: Weavile
|-damage|p1a: Weavile|57/100
|
|upkeep
|turn|9
|
|t:|1757934729
|switch|p2a: Great Tusk|Great Tusk|31/100
|-activate|p2a: Great Tusk|move: Sticky Web
|-unboost|p2a: Great Tusk|spe|1
|move|p1a: Weavile|Knock Off|p2a: Great Tusk
|-resisted|p2a: Great Tusk
|-damage|p2a: Great Tusk|1/100
|-damage|p1a: Weavile|40/100|[from] item: Rocky Helmet|[of] p2a: Great Tusk
|-enditem|p2a: Great Tusk|Rocky Helmet|[from] move: Knock Off|[of] p1a: Weavile
|-damage|p1a: Weavile|30/100|[from] item: Life Orb
|
|upkeep
|turn|10
|
|t:|1757934745
|move|p1a: Weavile|Knock Off|p2a: Great Tusk
|-resisted|p2a: Great Tusk
|-crit|p2a: Great Tusk
|-damage|p2a: Great Tusk|0 fnt
|faint|p2a: Great Tusk
|-end|p2a: Great Tusk|Protosynthesis|[silent]
|-damage|p1a: Weavile|20/100|[from] item: Life Orb
|
|upkeep
|inactive|Jirachi75 has 120 seconds left.
|
|t:|1757934781
|switch|p2a: Alomomola|Alomomola, M|57/100
|-activate|p2a: Alomomola|move: Sticky Web
|-unboost|p2a: Alomomola|spe|1
|turn|11
|
|t:|1757934793
|move|p1a: Weavile|Knock Off|p2a: Alomomola
|-damage|p2a: Alomomola|0 fnt
|-damage|p1a: Weavile|4/100|[from] item: Rocky Helmet|[of] p2a: Alomomola
|-enditem|p2a: Alomomola|Rocky Helmet|[from] move: Knock Off|[of] p1a: Weavile
|faint|p2a: Alomomola
|-damage|p1a: Weavile|0 fnt|[from] item: Life Orb
|faint|p1a: Weavile
|
|upkeep
|
|t:|1757934809
|switch|p1a: Serperior|Serperior, F|100/100
|switch|p2a: Slowking|Slowking-Galar, M|100/100
|turn|12
|
|t:|1757934816
|move|p1a: Serperior|Glare|p2a: Slowking
|-status|p2a: Slowking|par
|move|p2a: Slowking|Sludge Bomb|p1a: Serperior
|-supereffective|p1a: Serperior
|-damage|p1a: Serperior|11/100
|
|-heal|p1a: Serperior|18/100|[from] item: Leftovers
|upkeep
|turn|13
|
|t:|1757934824
|switch|p1a: Ribombee|Ribombee, F|15/100
|move|p2a: Slowking|Sludge Bomb|p1a: Ribombee
|-supereffective|p1a: Ribombee
|-damage|p1a: Ribombee|0 fnt
|faint|p1a: Ribombee
|
|upkeep
|
|t:|1757934827
|switch|p1a: Iron Moth|Iron Moth|100/100
|-enditem|p1a: Iron Moth|Booster Energy
|-activate|p1a: Iron Moth|ability: Quark Drive|[fromitem]
|-start|p1a: Iron Moth|quarkdrivespa
|turn|14
|inactive|Jirachi75 has 120 seconds left.
|
|t:|1757934835
|move|p1a: Iron Moth|Fiery Dance|p2a: Slowking
|-damage|p2a: Slowking|68/100 par
|move|p2a: Slowking|Future Sight|p1a: Iron Moth
|-start|p2a: Slowking|move: Future Sight
|
|upkeep
|turn|15
|
|t:|1757934843
|switch|p2a: Arcanine|Arcanine-Hisui, F|100/100
|-activate|p2a: Arcanine|move: Sticky Web
|-unboost|p2a: Arcanine|spe|1
|move|p1a: Iron Moth|Fiery Dance|p2a: Arcanine
|-resisted|p2a: Arcanine
|-damage|p2a: Arcanine|83/100
|
|upkeep
|turn|16
|
|t:|1757934860
|-end|p1a: Iron Moth|Quark Drive|[silent]
|switch|p1a: Serperior|Serperior, F|18/100
|move|p2a: Arcanine|Flare Blitz|p1a: Serperior
|-supereffective|p1a: Serperior
|-damage|p1a: Serperior|0 fnt
|faint|p1a: Serperior
|
|-hint|Future Sight did not hit because the target is fainted.
|upkeep
|
|t:|1757934862
|switch|p1a: Ogerpon|Ogerpon-Wellspring, F|100/100
|turn|17
|
|t:|1757934872
|switch|p2a: Farfi|Whimsicott, F|100/100
|-activate|p2a: Farfi|move: Sticky Web
|-unboost|p2a: Farfi|spe|1
|move|p1a: Ogerpon|Ivy Cudgel|p2a: Farfi|[anim] Ivy Cudgel Water
|-resisted|p2a: Farfi
|-crit|p2a: Farfi
|-damage|p2a: Farfi|32/100
|
|upkeep
|turn|18
|
|t:|1757934882
|move|p2a: Farfi|Sunny Day|p2a: Farfi
|-weather|SunnyDay
|move|p1a: Ogerpon|Power Whip|p2a: Farfi
|-resisted|p2a: Farfi
|-damage|p2a: Farfi|0 fnt
|faint|p2a: Farfi
|
|-weather|SunnyDay|[upkeep]
|upkeep
|
|t:|1757934890
|switch|p2a: Kyurem|Kyurem|100/100
|-ability|p2a: Kyurem|Pressure
|turn|19
|
|t:|1757934903
|move|p1a: Ogerpon|Power Whip|p2a: Kyurem
|-resisted|p2a: Kyurem
|-crit|p2a: Kyurem
|-damage|p2a: Kyurem|50/100
|move|p2a: Kyurem|Freeze-Dry|p1a: Ogerpon
|-supereffective|p1a: Ogerpon
|-damage|p1a: Ogerpon|0 fnt
|faint|p1a: Ogerpon
|
|-weather|SunnyDay|[upkeep]
|upkeep
|
|t:|1757934905
|switch|p1a: Iron Moth|Iron Moth|100/100
|turn|20
|
|t:|1757934918
|move|p1a: Iron Moth|Fiery Dance|p2a: Kyurem
|-damage|p2a: Kyurem|0 fnt
|faint|p2a: Kyurem
|
|-weather|SunnyDay|[upkeep]
|upkeep
|
|t:|1757934923
|switch|p2a: Arcanine|Arcanine-Hisui, F|83/100
|-activate|p2a: Arcanine|move: Sticky Web
|-unboost|p2a: Arcanine|spe|1
|turn|21
|
|t:|1757934928
|move|p1a: Iron Moth|Substitute|p1a: Iron Moth
|-start|p1a: Iron Moth|Substitute
|-damage|p1a: Iron Moth|76/100
|move|p2a: Arcanine|Head Smash|p1a: Iron Moth
|-supereffective|p1a: Iron Moth
|-end|p1a: Iron Moth|Substitute
|
|-weather|SunnyDay|[upkeep]
|upkeep
|turn|22
|
|t:|1757934935
|move|p1a: Iron Moth|Substitute|p1a: Iron Moth
|-start|p1a: Iron Moth|Substitute
|-damage|p1a: Iron Moth|51/100
|move|p2a: Arcanine|Head Smash|p1a: Iron Moth
|-supereffective|p1a: Iron Moth
|-end|p1a: Iron Moth|Substitute
|
|-weather|SunnyDay|[upkeep]
|upkeep
|turn|23
|
|t:|1757934941
|move|p1a: Iron Moth|Substitute|p1a: Iron Moth
|-start|p1a: Iron Moth|Substitute
|-damage|p1a: Iron Moth|26/100
|move|p2a: Arcanine|Head Smash|p1a: Iron Moth
|-supereffective|p1a: Iron Moth
|-end|p1a: Iron Moth|Substitute
|
|-weather|SunnyDay|[upkeep]
|upkeep
|turn|24
|
|t:|1757934947
|move|p1a: Iron Moth|Substitute|p1a: Iron Moth
|-start|p1a: Iron Moth|Substitute
|-damage|p1a: Iron Moth|1/100
|move|p2a: Arcanine|Head Smash|p1a: Iron Moth|[miss]
|-miss|p2a: Arcanine|p1a: Iron Moth
|
|-weather|SunnyDay|[upkeep]
|upkeep
|turn|25
|
|t:|1757934953
|move|p1a: Iron Moth|Fiery Dance|p2a: Arcanine
|-resisted|p2a: Arcanine
|-damage|p2a: Arcanine|63/100
|move|p2a: Arcanine|Head Smash|p1a: Iron Moth|[miss]
|-miss|p2a: Arcanine|p1a: Iron Moth
|
|-weather|none
|upkeep
|turn|26
|
|t:|1757934960
|move|p1a: Iron Moth|Sludge Wave|p2a: Arcanine
|-resisted|p2a: Arcanine
|-damage|p2a: Arcanine|30/100
|move|p2a: Arcanine|Head Smash|p1a: Iron Moth
|-supereffective|p1a: Iron Moth
|-end|p1a: Iron Moth|Substitute
|
|upkeep
|turn|27
|
|t:|1757934967
|move|p1a: Iron Moth|Fiery Dance|p2a: Arcanine
|-resisted|p2a: Arcanine
|-damage|p2a: Arcanine|17/100
|move|p2a: Arcanine|Head Smash|p1a: Iron Moth
|-supereffective|p1a: Iron Moth
|-damage|p1a: Iron Moth|0 fnt
|faint|p1a: Iron Moth
|-end|p1a: Iron Moth|Quark Drive|[silent]
|
|win|Jirachi75
|raw|lolimdabeast's rating: 1395 &rarr; <strong>1375</strong><br />(-20 for losing)
|raw|Jirachi75's rating: 1401 &rarr; <strong>1421</strong><br />(+20 for winning)
|l|☆lolimdabeast
|player|p1|
|l|☆Jirachi75
|player|p2|
