|j|☆Salocin99
|j|☆millertrap.
|t:|1757795495
|gametype|singles
|player|p1|Salocin99|102|1149
|player|p2|millertrap.|emmet|1162
|gen|9
|tier|[Gen 9] OU
|rated|
|rule|HP Percentage Mod: HP is shown in percentages
|rule|Endless Battle Clause: Forcing endless battles is banned
|rule|Species Clause: Limit one of each Pokémon
|rule|OHKO Clause: OHKO moves are banned
|rule|Evasion Items Clause: Evasion items are banned
|rule|Evasion Moves Clause: Evasion moves are banned
|rule|Evasion Abilities Clause: Evasion abilities are banned
|rule|Sleep Moves Clause: Sleep-inducing moves are banned
|clearpoke
|poke|p1|Dusknoir, M|
|poke|p1|Hariyama, F|
|poke|p1|Haxorus, M|
|poke|p1|Bronzong|
|poke|p1|Avalugg, M|
|poke|p1|Noctowl, M|
|poke|p2|Great Tusk|
|poke|p2|Dragapult, F|
|poke|p2|Kingambit, M|
|poke|p2|Iron Valiant|
|poke|p2|Heatran, F|
|poke|p2|Rillaboom, M|
|teampreview
|
|t:|1757795503
|teamsize|p1|6
|teamsize|p2|6
|start
|switch|p1a: Hariyama|Hariyama, F|100/100
|switch|p2a: Rillaboom|Rillaboom, M, shiny|100/100
|-fieldstart|move: Grassy Terrain|[from] ability: Grassy Surge|[of] p2a: Rillaboom
|turn|1
|
|t:|1757795518
|move|p2a: Rillaboom|Grassy Glide|p1a: Hariyama
|-damage|p1a: Hariyama|38/100
|move|p1a: Hariyama|Ice Punch|p2a: Rillaboom
|-supereffective|p2a: Rillaboom
|-damage|p2a: Rillaboom|0 fnt
|faint|p2a: Rillaboom
|
|-heal|p1a: Hariyama|44/100|[from] Grassy Terrain
|upkeep
|
|t:|1757795526
|switch|p2a: Iron Valiant|Iron Valiant, shiny|100/100
|-enditem|p2a: Iron Valiant|Booster Energy
|-activate|p2a: Iron Valiant|ability: Quark Drive|[fromitem]
|-start|p2a: Iron Valiant|quarkdrivespe
|turn|2
|
|t:|1757795529
|move|p2a: Iron Valiant|Spirit Break|p1a: Hariyama
|-supereffective|p1a: Hariyama
|-damage|p1a: Hariyama|0 fnt
|faint|p1a: Hariyama
|
|upkeep
|
|t:|1757795534
|switch|p1a: Bronzong|Bronzong|100/100
|turn|3
|
|t:|1757795544
|move|p2a: Iron Valiant|Knock Off|p1a: Bronzong
|-supereffective|p1a: Bronzong
|-damage|p1a: Bronzong|58/100
|-enditem|p1a: Bronzong|Chesto Berry|[from] move: Knock Off|[of] p2a: Iron Valiant
|move|p1a: Bronzong|Iron Defense|p1a: Bronzong
|-boost|p1a: Bronzong|def|2
|
|upkeep
|turn|4
|
|t:|1757795547
|move|p2a: Iron Valiant|Encore|p1a: Bronzong
|-start|p1a: Bronzong|Encore
|move|p1a: Bronzong|Iron Defense|p1a: Bronzong
|-boost|p1a: Bronzong|def|2
|
|upkeep
|turn|5
|
|t:|1757795552
|switch|p1a: Dusknoir|Dusknoir, M, shiny|100/100
|move|p2a: Iron Valiant|Knock Off|p1a: Dusknoir
|-supereffective|p1a: Dusknoir
|-damage|p1a: Dusknoir|35/100
|-enditem|p1a: Dusknoir|Assault Vest|[from] move: Knock Off|[of] p2a: Iron Valiant
|
|-heal|p1a: Dusknoir|41/100|[from] Grassy Terrain
|-fieldend|move: Grassy Terrain
|upkeep
|turn|6
|
|t:|1757795559
|move|p2a: Iron Valiant|Knock Off|p1a: Dusknoir
|-supereffective|p1a: Dusknoir
|-damage|p1a: Dusknoir|0 fnt
|faint|p1a: Dusknoir
|
|upkeep
|
|t:|1757795564
|switch|p1a: Noctowl|Noctowl, M, shiny|100/100
|turn|7
|
|t:|1757795569
|move|p2a: Iron Valiant|Knock Off|p1a: Noctowl
|-damage|p1a: Noctowl|42/100
|-enditem|p1a: Noctowl|Throat Spray|[from] move: Knock Off|[of] p2a: Iron Valiant
|move|p1a: Noctowl|Psychic|p2a: Iron Valiant
|-supereffective|p2a: Iron Valiant
|-damage|p2a: Iron Valiant|0 fnt
|faint|p2a: Iron Valiant
|-end|p2a: Iron Valiant|Quark Drive|[silent]
|
|upkeep
|
|t:|1757795581
|switch|p2a: Great Tusk|Great Tusk, shiny|100/100
|turn|8
|inactive|Battle timer is ON: inactive players will automatically lose when time's up. (requested by millertrap.)
|inactive|Salocin99 has 120 seconds left.
|inactive|Salocin99 has 90 seconds left.
|
|t:|1757795694
|-end|p2a: Great Tusk|Protosynthesis|[silent]
|switch|p2a: Kingambit|Kingambit, M, shiny|100/100
|-activate|p2a: Kingambit|ability: Supreme Overlord
|-start|p2a: Kingambit|fallen2|[silent]
|move|p1a: Noctowl|Psychic|p2a: Kingambit
|-immune|p2a: Kingambit
|
|upkeep
|turn|9
|
|t:|1757795701
|move|p1a: Noctowl|Hyper Voice|p2a: Kingambit
|-resisted|p2a: Kingambit
|-damage|p2a: Kingambit|60/100
|move|p2a: Kingambit|Swords Dance|p2a: Kingambit
|-boost|p2a: Kingambit|atk|2
|
|upkeep
|turn|10
|
|t:|1757795730
|move|p2a: Kingambit|Sucker Punch|p1a: Noctowl
|-damage|p1a: Noctowl|0 fnt
|faint|p1a: Noctowl
|
|upkeep
|
|t:|1757795732
|switch|p1a: Avalugg|Avalugg, M|100/100
|turn|11
|
|t:|1757795741
|move|p2a: Kingambit|Iron Head|p1a: Avalugg
|-supereffective|p1a: Avalugg
|-damage|p1a: Avalugg|9/100
|move|p1a: Avalugg|Body Press|p2a: Kingambit
|-supereffective|p2a: Kingambit
|-damage|p2a: Kingambit|0 fnt
|faint|p2a: Kingambit
|-end|p2a: Kingambit|fallen2|[silent]
|
|upkeep
|
|t:|1757795744
|switch|p2a: Heatran|Heatran, F, shiny|100/100
|turn|12
|
|t:|1757795751
|move|p2a: Heatran|Stealth Rock|p1a: Avalugg
|-sidestart|p1: Salocin99|move: Stealth Rock
|move|p1a: Avalugg|Body Press|p2a: Heatran
|-supereffective|p2a: Heatran
|-damage|p2a: Heatran|38/100
|
|-heal|p2a: Heatran|44/100|[from] item: Leftovers
|upkeep
|turn|13
|
|t:|1757795755
|move|p2a: Heatran|Magma Storm|p1a: Avalugg
|-supereffective|p1a: Avalugg
|-damage|p1a: Avalugg|0 fnt
|faint|p1a: Avalugg
|
|-heal|p2a: Heatran|50/100|[from] item: Leftovers
|upkeep
|
|t:|1757795761
|switch|p1a: Haxorus|Haxorus, M, shiny|100/100
|-damage|p1a: Haxorus|88/100|[from] Stealth Rock
|-ability|p1a: Haxorus|Mold Breaker
|turn|14
|
|t:|1757795768
|move|p1a: Haxorus|Dragon Dance|p1a: Haxorus
|-boost|p1a: Haxorus|atk|1
|-boost|p1a: Haxorus|spe|1
|move|p2a: Heatran|Taunt|p1a: Haxorus
|-start|p1a: Haxorus|move: Taunt
|
|-heal|p2a: Heatran|56/100|[from] item: Leftovers
|upkeep
|turn|15
|
|t:|1757795771
|move|p1a: Haxorus|Earthquake|p2a: Heatran
|-supereffective|p2a: Heatran
|-damage|p2a: Heatran|0 fnt
|faint|p2a: Heatran
|
|upkeep
|
|t:|1757795774
|switch|p2a: Dragapult|Dragapult, F, shiny|100/100
|turn|16
|
|t:|1757795778
|-terastallize|p1a: Haxorus|Dragon
|move|p1a: Haxorus|Outrage|p2a: Dragapult
|-supereffective|p2a: Dragapult
|-damage|p2a: Dragapult|0 fnt
|faint|p2a: Dragapult
|
|upkeep
|
|t:|1757795782
|switch|p2a: Great Tusk|Great Tusk, shiny|100/100
|turn|17
|
|t:|1757795790
|-terastallize|p2a: Great Tusk|Water
|move|p1a: Haxorus|Outrage|p2a: Great Tusk|[from] lockedmove
|-damage|p2a: Great Tusk|16/100
|move|p2a: Great Tusk|Earthquake|p1a: Haxorus
|-damage|p1a: Haxorus|32/100
|
|-heal|p2a: Great Tusk|22/100|[from] item: Leftovers
|-end|p1a: Haxorus|move: Taunt
|upkeep
|turn|18
|
|t:|1757795796
|move|p1a: Haxorus|Outrage|p2a: Great Tusk|[from] lockedmove
|-damage|p2a: Great Tusk|0 fnt
|faint|p2a: Great Tusk
|-end|p2a: Great Tusk|Protosynthesis|[silent]
|-start|p1a: Haxorus|confusion|[fatigue]
|
|win|Salocin99
|raw|Salocin99's rating: 1149 &rarr; <strong>1175</strong><br />(+26 for winning)
|raw|millertrap.'s rating: 1162 &rarr; <strong>1136</strong><br />(-26 for losing)
|l|☆millertrap.
|player|p2|
|l|☆Salocin99
|player|p1|
