|j|☆HGalliumh
|j|☆ProfSheen
|t:|1757914818
|gametype|singles
|player|p1|HGalliumh|dawn|1579
|player|p2|ProfSheen|169|1533
|gen|9
|tier|[Gen 9] OU
|rated|
|rule|HP Percentage Mod: HP is shown in percentages
|rule|Endless Battle Clause: Forcing endless battles is banned
|rule|Species Clause: Limit one of each Pokémon
|rule|OHKO Clause: OHKO moves are banned
|rule|Evasion Items Clause: Evasion items are banned
|rule|Evasion Moves Clause: Evasion moves are banned
|rule|Evasion Abilities Clause: Evasion abilities are banned
|rule|Sleep Moves Clause: Sleep-inducing moves are banned
|clearpoke
|poke|p1|Primarina, M|
|poke|p1|Alomomola, F|
|poke|p1|Hydrapple, F|
|poke|p1|Great Tusk|
|poke|p1|Gholdengo|
|poke|p1|Moltres|
|poke|p2|Ursaluna, M|
|poke|p2|Cresselia, F|
|poke|p2|Grimmsnarl, M|
|poke|p2|Zamazenta-*|
|poke|p2|Sinistcha-Masterpiece|
|poke|p2|Tentacruel, F|
|teampreview
|inactive|Battle timer is ON: inactive players will automatically lose when time's up. (requested by HGalliumh)
|
|t:|1757914847
|teamsize|p1|6
|teamsize|p2|6
|start
|switch|p1a: Gholdengo|Gholdengo|100/100
|switch|p2a: Grimmsnarl|Grimmsnarl, M, shiny|100/100
|turn|1
|
|t:|1757914857
|-terastallize|p2a: Grimmsnarl|Dark
|move|p2a: Grimmsnarl|Sucker Punch||[still]
|-fail|p2a: Grimmsnarl
|move|p1a: Gholdengo|Trick|p2a: Grimmsnarl
|-activate|p1a: Gholdengo|move: Trick|[of] p2a: Grimmsnarl
|-item|p2a: Grimmsnarl|Choice Scarf|[from] move: Trick
|-item|p1a: Gholdengo|Lagging Tail|[from] move: Trick
|
|upkeep
|turn|2
|inactive|ProfSheen has 120 seconds left.
|
|t:|1757914900
|switch|p1a: Primarina|Primarina, M|100/100
|switch|p2a: Tentacruel|Tentacruel, F|100/100
|
|upkeep
|turn|3
|
|t:|1757914909
|switch|p1a: Gholdengo|Gholdengo|100/100
|move|p2a: Tentacruel|Acid Spray|p1a: Gholdengo
|-immune|p1a: Gholdengo
|
|upkeep
|turn|4
|inactive|ProfSheen has 120 seconds left.
|
|t:|1757914940
|switch|p2a: Grimmsnarl|Grimmsnarl, M, shiny, tera:Dark|100/100
|move|p1a: Gholdengo|Trick|p2a: Grimmsnarl
|-activate|p1a: Gholdengo|move: Trick|[of] p2a: Grimmsnarl
|-item|p2a: Grimmsnarl|Lagging Tail|[from] move: Trick
|-item|p1a: Gholdengo|Choice Scarf|[from] move: Trick
|
|upkeep
|turn|5
|
|t:|1757914950
|switch|p1a: Alomomola|Alomomola, F|100/100
|move|p2a: Grimmsnarl|Sucker Punch||[still]
|-fail|p2a: Grimmsnarl
|
|upkeep
|turn|6
|
|t:|1757914953
|move|p2a: Grimmsnarl|Parting Shot|p1a: Alomomola
|-unboost|p1a: Alomomola|atk|1
|-unboost|p1a: Alomomola|spa|1
|inactive|ProfSheen has 120 seconds left.
|
|t:|1757914982
|switch|p2a: Tentacruel|Tentacruel, F|100/100|[from] Parting Shot
|move|p1a: Alomomola|Flip Turn|p2a: Tentacruel
|-resisted|p2a: Tentacruel
|-damage|p2a: Tentacruel|93/100
|
|t:|1757914999
|switch|p1a: Great Tusk|Great Tusk|100/100|[from] Flip Turn
|
|upkeep
|turn|7
|
|t:|1757915011
|move|p2a: Tentacruel|Flip Turn|p1a: Great Tusk
|-supereffective|p1a: Great Tusk
|-damage|p1a: Great Tusk|80/100
|
|t:|1757915016
|switch|p2a: Sinistcha|Sinistcha-Masterpiece, shiny|100/100|[from] Flip Turn
|move|p1a: Great Tusk|Headlong Rush|p2a: Sinistcha
|-resisted|p2a: Sinistcha
|-damage|p2a: Sinistcha|76/100
|-unboost|p1a: Great Tusk|def|1
|-unboost|p1a: Great Tusk|spd|1
|
|upkeep
|turn|8
|
|t:|1757915040
|-end|p1a: Great Tusk|Protosynthesis|[silent]
|switch|p1a: Moltres|Moltres|100/100
|move|p2a: Sinistcha|Shadow Ball|p1a: Moltres
|-crit|p1a: Moltres
|-damage|p1a: Moltres|51/100
|
|upkeep
|turn|9
|
|t:|1757915046
|switch|p2a: Tentacruel|Tentacruel, F|93/100
|move|p1a: Moltres|Hurricane|p2a: Tentacruel|[miss]
|-miss|p1a: Moltres|p2a: Tentacruel
|
|upkeep
|turn|10
|
|t:|1757915053
|move|p2a: Tentacruel|Flip Turn|p1a: Moltres
|-supereffective|p1a: Moltres
|-damage|p1a: Moltres|23/100
|
|t:|1757915058
|switch|p2a: Ursaluna|Ursaluna, M, shiny|100/100|[from] Flip Turn
|move|p1a: Moltres|Roost|p1a: Moltres
|-heal|p1a: Moltres|73/100
|-singleturn|p1a: Moltres|move: Roost
|
|-status|p2a: Ursaluna|brn|[from] item: Flame Orb
|upkeep
|turn|11
|j| Shucklepilled
|
|t:|1757915068
|move|p1a: Moltres|U-turn|p2a: Ursaluna
|-damage|p2a: Ursaluna|90/100 brn
|
|t:|1757915070
|switch|p1a: Hydrapple|Hydrapple, F|100/100|[from] U-turn
|move|p2a: Ursaluna|Facade|p1a: Hydrapple
|-damage|p1a: Hydrapple|31/100
|-damage|p2a: Ursaluna|74/100 brn|[from] item: Rocky Helmet|[of] p1a: Hydrapple
|
|-damage|p2a: Ursaluna|68/100 brn|[from] brn
|upkeep
|turn|12
|
|t:|1757915078
|move|p2a: Ursaluna|Facade|p1a: Hydrapple
|-damage|p1a: Hydrapple|0 fnt
|-damage|p2a: Ursaluna|51/100 brn|[from] item: Rocky Helmet|[of] p1a: Hydrapple
|faint|p1a: Hydrapple
|
|-damage|p2a: Ursaluna|45/100 brn|[from] brn
|upkeep
|
|t:|1757915089
|switch|p1a: Primarina|Primarina, M|100/100
|turn|13
|
|t:|1757915092
|move|p1a: Primarina|Substitute|p1a: Primarina
|-start|p1a: Primarina|Substitute
|-damage|p1a: Primarina|76/100
|move|p2a: Ursaluna|Facade|p1a: Primarina
|-end|p1a: Primarina|Substitute
|
|-heal|p1a: Primarina|82/100|[from] item: Leftovers
|-damage|p2a: Ursaluna|39/100 brn|[from] brn
|upkeep
|turn|14
|
|t:|1757915108
|switch|p2a: Tentacruel|Tentacruel, F|93/100
|move|p1a: Primarina|Surf|p2a: Tentacruel
|-resisted|p2a: Tentacruel
|-damage|p2a: Tentacruel|81/100
|
|-heal|p1a: Primarina|88/100|[from] item: Leftovers
|upkeep
|turn|15
|
|t:|1757915113
|move|p2a: Tentacruel|Acid Spray|p1a: Primarina
|-supereffective|p1a: Primarina
|-damage|p1a: Primarina|65/100
|-unboost|p1a: Primarina|spd|2
|move|p1a: Primarina|Substitute|p1a: Primarina
|-start|p1a: Primarina|Substitute
|-damage|p1a: Primarina|40/100
|
|-heal|p1a: Primarina|46/100|[from] item: Leftovers
|upkeep
|turn|16
|
|t:|1757915118
|-terastallize|p1a: Primarina|Steel
|move|p2a: Tentacruel|Acid Spray|p1a: Primarina
|-immune|p1a: Primarina
|move|p1a: Primarina|Calm Mind|p1a: Primarina
|-boost|p1a: Primarina|spa|1
|-boost|p1a: Primarina|spd|1
|
|-heal|p1a: Primarina|52/100|[from] item: Leftovers
|upkeep
|turn|17
|
|t:|1757915128
|move|p2a: Tentacruel|Hydro Pump|p1a: Primarina
|-end|p1a: Primarina|Substitute
|move|p1a: Primarina|Calm Mind|p1a: Primarina
|-boost|p1a: Primarina|spa|1
|-boost|p1a: Primarina|spd|1
|
|-heal|p1a: Primarina|58/100|[from] item: Leftovers
|upkeep
|turn|18
|
|t:|1757915143
|move|p2a: Tentacruel|Hydro Pump|p1a: Primarina
|-damage|p1a: Primarina|28/100
|move|p1a: Primarina|Draining Kiss|p2a: Tentacruel
|-resisted|p2a: Tentacruel
|-damage|p2a: Tentacruel|68/100
|-damage|p1a: Primarina|17/100|[from] ability: Liquid Ooze|[of] p2a: Tentacruel
|
|-heal|p1a: Primarina|23/100|[from] item: Leftovers
|upkeep
|turn|19
|-message|HGalliumh forfeited.
|
|win|ProfSheen
|raw|HGalliumh's rating: 1579 &rarr; <strong>1556</strong><br />(-23 for losing)
|raw|ProfSheen's rating: 1533 &rarr; <strong>1556</strong><br />(+23 for winning)
|l|☆HGalliumh
|player|p1|
|l| Shucklepilled
|j| thraxxedout!
|l| thraxxedout!
|l|☆ProfSheen
|player|p2|
|j| thraxxedout!
|l| thraxxedout!
