|j|☆TheDeivi9
|j|☆epicwashcloth69
|t:|1757948797
|gametype|singles
|player|p1|TheDeivi9|2|1366
|player|p2|epicwashcloth69|smasher|1377
|gen|9
|tier|[Gen 9] OU
|rated|
|rule|HP Percentage Mod: HP is shown in percentages
|rule|Endless Battle Clause: Forcing endless battles is banned
|rule|Species Clause: Limit one of each Pokémon
|rule|OHKO Clause: OHKO moves are banned
|rule|Evasion Items Clause: Evasion items are banned
|rule|Evasion Moves Clause: Evasion moves are banned
|rule|Evasion Abilities Clause: Evasion abilities are banned
|rule|Sleep Moves Clause: Sleep-inducing moves are banned
|clearpoke
|poke|p1|Gliscor, M|
|poke|p1|Politoed, M|
|poke|p1|Darkrai|
|poke|p1|Infernape, M|
|poke|p1|Forretress, M|
|poke|p1|Cresselia, F|
|poke|p2|Araquanid, F|
|poke|p2|Garganacl, F|
|poke|p2|Corviknight, F|
|poke|p2|Great Tusk|
|poke|p2|Zapdos|
|poke|p2|Chandelure, M|
|teampreview
|inactive|Battle timer is ON: inactive players will automatically lose when time's up. (requested by TheDeivi9)
|
|t:|1757948806
|teamsize|p1|6
|teamsize|p2|6
|start
|switch|p1a: Darkrai|Darkrai|100/100
|switch|p2a: Great Tusk|Great Tusk|100/100
|turn|1
|inactive|TheDeivi9 has 120 seconds left.
|
|t:|1757948850
|switch|p1a: Forretress|Forretress, M, shiny|100/100
|-end|p2a: Great Tusk|Protosynthesis|[silent]
|switch|p2a: Araquanid|Araquanid, F|100/100
|
|upkeep
|turn|2
|
|t:|1757948858
|switch|p2a: Chandelure|Chandelure, M|100/100
|move|p1a: Forretress|Stone Edge|p2a: Chandelure
|-supereffective|p2a: Chandelure
|-crit|p2a: Chandelure
|-damage|p2a: Chandelure|0 fnt
|faint|p2a: Chandelure
|
|upkeep
|c|☆epicwashcloth69|OOOO
|c|☆epicwashcloth69|nice
|
|t:|1757948871
|switch|p2a: Garganacl|Garganacl, F|100/100
|turn|3
|c|☆TheDeivi9|unexpected
|c|☆epicwashcloth69|i love it
|
|t:|1757948879
|switch|p1a: Politoed|Politoed, M|100/100
|-weather|RainDance|[from] ability: Drizzle|[of] p1a: Politoed
|move|p2a: Garganacl|Salt Cure|p1a: Politoed
|-damage|p1a: Politoed|81/100
|-start|p1a: Politoed|Salt Cure
|
|-weather|RainDance|[upkeep]
|-damage|p1a: Politoed|56/100|[from] Salt Cure
|upkeep
|turn|4
|
|t:|1757948887
|-terastallize|p2a: Garganacl|Fairy
|move|p1a: Politoed|Surf|p2a: Garganacl
|-damage|p2a: Garganacl|49/100
|move|p2a: Garganacl|Stealth Rock|p1a: Politoed
|-sidestart|p1: TheDeivi9|move: Stealth Rock
|
|-weather|RainDance|[upkeep]
|-heal|p2a: Garganacl|55/100|[from] item: Leftovers
|-damage|p1a: Politoed|31/100|[from] Salt Cure
|upkeep
|turn|5
|
|t:|1757948895
|move|p2a: Garganacl|Protect|p2a: Garganacl
|-singleturn|p2a: Garganacl|Protect
|move|p1a: Politoed|Surf|p2a: Garganacl
|-activate|p2a: Garganacl|move: Protect
|
|-weather|RainDance|[upkeep]
|-heal|p2a: Garganacl|62/100|[from] item: Leftovers
|-damage|p1a: Politoed|6/100|[from] Salt Cure
|upkeep
|turn|6
|
|t:|1757948898
|move|p1a: Politoed|Surf|p2a: Garganacl
|-damage|p2a: Garganacl|9/100
|move|p2a: Garganacl|Recover|p2a: Garganacl
|-heal|p2a: Garganacl|59/100
|
|-weather|RainDance|[upkeep]
|-heal|p2a: Garganacl|66/100|[from] item: Leftovers
|-damage|p1a: Politoed|0 fnt|[from] Salt Cure
|faint|p1a: Politoed
|upkeep
|
|t:|1757948903
|switch|p1a: Forretress|Forretress, M, shiny|100/100
|-damage|p1a: Forretress|88/100|[from] Stealth Rock
|turn|7
|
|t:|1757948907
|move|p2a: Garganacl|Protect|p2a: Garganacl
|-singleturn|p2a: Garganacl|Protect
|move|p1a: Forretress|Rapid Spin|p2a: Garganacl
|-activate|p2a: Garganacl|move: Protect
|
|-weather|none
|-heal|p2a: Garganacl|72/100|[from] item: Leftovers
|upkeep
|turn|8
|
|t:|1757948911
|move|p1a: Forretress|Rapid Spin|p2a: Garganacl
|-damage|p2a: Garganacl|62/100
|-boost|p1a: Forretress|spe|1
|-sideend|p1: TheDeivi9|Stealth Rock|[from] move: Rapid Spin|[of] p1a: Forretress
|move|p2a: Garganacl|Salt Cure|p1a: Forretress
|-damage|p1a: Forretress|78/100
|-start|p1a: Forretress|Salt Cure
|
|-heal|p2a: Garganacl|68/100|[from] item: Leftovers
|-damage|p1a: Forretress|53/100|[from] Salt Cure
|upkeep
|turn|9
|
|t:|1757948921
|switch|p1a: Darkrai|Darkrai|100/100
|move|p2a: Garganacl|Stealth Rock|p1a: Darkrai
|-sidestart|p1: TheDeivi9|move: Stealth Rock
|
|-heal|p2a: Garganacl|75/100|[from] item: Leftovers
|upkeep
|turn|10
|
|t:|1757948924
|-terastallize|p1a: Darkrai|Poison
|move|p1a: Darkrai|Sludge Bomb|p2a: Garganacl
|-supereffective|p2a: Garganacl
|-damage|p2a: Garganacl|0 fnt
|faint|p2a: Garganacl
|
|upkeep
|
|t:|1757948935
|switch|p2a: Zapdos|Zapdos|100/100
|turn|11
|
|t:|1757948940
|move|p1a: Darkrai|Sludge Bomb|p2a: Zapdos
|-damage|p2a: Zapdos|41/100
|move|p2a: Zapdos|Hurricane|p1a: Darkrai
|-damage|p1a: Darkrai|25/100
|-start|p1a: Darkrai|confusion
|
|upkeep
|turn|12
|
|t:|1757948946
|-activate|p1a: Darkrai|confusion
|move|p1a: Darkrai|Sludge Bomb|p2a: Zapdos
|-damage|p2a: Zapdos|0 fnt
|faint|p2a: Zapdos
|
|upkeep
|
|t:|1757948951
|switch|p2a: Great Tusk|Great Tusk|100/100
|turn|13
|
|t:|1757948954
|-end|p1a: Darkrai|confusion
|move|p1a: Darkrai|Sludge Bomb|p2a: Great Tusk
|-resisted|p2a: Great Tusk
|-damage|p2a: Great Tusk|62/100
|-status|p2a: Great Tusk|psn
|move|p2a: Great Tusk|Knock Off|p1a: Darkrai
|-damage|p1a: Darkrai|0 fnt
|-enditem|p1a: Darkrai|Expert Belt|[from] move: Knock Off|[of] p2a: Great Tusk
|faint|p1a: Darkrai
|
|-damage|p2a: Great Tusk|50/100 psn|[from] psn
|upkeep
|
|t:|1757948960
|switch|p1a: Gliscor|Gliscor, M|100/100
|-damage|p1a: Gliscor|88/100|[from] Stealth Rock
|turn|14
|c|☆epicwashcloth69|GG i have to get back to work
|c|☆epicwashcloth69|love u
|c|☆TheDeivi9|gg
|-message|epicwashcloth69 forfeited.
|
|win|TheDeivi9
|raw|TheDeivi9's rating: 1366 &rarr; <strong>1387</strong><br />(+21 for winning)
|raw|epicwashcloth69's rating: 1377 &rarr; <strong>1356</strong><br />(-21 for losing)
|l|☆epicwashcloth69
|player|p2|
|c|☆TheDeivi9|love u too
|l|☆TheDeivi9
|player|p1|
