|j|☆SSStyl1sh
|j|☆dolphinc10
|t:|1757896228
|gametype|singles
|player|p1|SSStyl1sh|giovanni|1188
|player|p2|dolphinc10|101|1177
|gen|9
|tier|[Gen 9] OU
|rated|
|rule|HP Percentage Mod: HP is shown in percentages
|rule|Endless Battle Clause: Forcing endless battles is banned
|rule|Species Clause: Limit one of each Pokémon
|rule|OHKO Clause: OHKO moves are banned
|rule|Evasion Items Clause: Evasion items are banned
|rule|Evasion Moves Clause: Evasion moves are banned
|rule|Evasion Abilities Clause: Evasion abilities are banned
|rule|Sleep Moves Clause: Sleep-inducing moves are banned
|clearpoke
|poke|p1|Araquanid, M|
|poke|p1|Crawdaunt, M|
|poke|p1|Tornadus-Therian, M|
|poke|p1|Ting-Lu|
|poke|p1|Gholdengo|
|poke|p1|Registeel|
|poke|p2|Torkoal, F|
|poke|p2|Shiftry, M|
|poke|p2|Cinderace, F|
|poke|p2|Walking Wake|
|poke|p2|Great Tusk|
|poke|p2|Tornadus-Therian, M|
|teampreview
|
|t:|1757896235
|teamsize|p1|6
|teamsize|p2|6
|start
|switch|p1a: Araquanid|Araquanid, M|100/100
|switch|p2a: Torkoal|Torkoal, F|100/100
|-weather|SunnyDay|[from] ability: Drought|[of] p2a: Torkoal
|turn|1
|
|t:|1757896260
|switch|p2a: Great Tusk|Great Tusk|100/100
|-activate|p2a: Great Tusk|ability: Protosynthesis
|-start|p2a: Great Tusk|protosynthesisdef
|move|p1a: Araquanid|Sticky Web|p2a: Great Tusk
|-sidestart|p2: dolphinc10|move: Sticky Web
|
|-weather|SunnyDay|[upkeep]
|upkeep
|turn|2
|
|t:|1757896272
|switch|p1a: Gholdengo|Gholdengo|100/100
|-item|p1a: Gholdengo|Air Balloon
|move|p2a: Great Tusk|Stealth Rock|p1a: Gholdengo
|-sidestart|p1: SSStyl1sh|move: Stealth Rock
|
|-weather|SunnyDay|[upkeep]
|upkeep
|turn|3
|inactive|Battle timer is ON: inactive players will automatically lose when time's up. (requested by SSStyl1sh)
|
|t:|1757896321
|-end|p2a: Great Tusk|Protosynthesis|[silent]
|switch|p2a: Tornadus|Tornadus-Therian, M|100/100
|move|p1a: Gholdengo|Shadow Ball|p2a: Tornadus
|-damage|p2a: Tornadus|59/100
|
|-weather|SunnyDay|[upkeep]
|upkeep
|turn|4
|
|t:|1757896330
|move|p1a: Gholdengo|Make It Rain|p2a: Tornadus
|-damage|p2a: Tornadus|3/100
|-unboost|p1a: Gholdengo|spa|1
|move|p2a: Tornadus|U-turn|p1a: Gholdengo
|-resisted|p1a: Gholdengo
|-damage|p1a: Gholdengo|96/100
|-enditem|p1a: Gholdengo|Air Balloon
|
|t:|1757896335
|switch|p2a: Great Tusk|Great Tusk|100/100|[from] U-turn
|-activate|p2a: Great Tusk|move: Sticky Web
|-unboost|p2a: Great Tusk|spe|1
|-activate|p2a: Great Tusk|ability: Protosynthesis
|-start|p2a: Great Tusk|protosynthesisdef
|
|-weather|SunnyDay|[upkeep]
|upkeep
|turn|5
|
|t:|1757896344
|switch|p1a: Araquanid|Araquanid, M|100/100
|-damage|p1a: Araquanid|75/100|[from] Stealth Rock
|move|p2a: Great Tusk|Headlong Rush|p1a: Araquanid
|-resisted|p1a: Araquanid
|-damage|p1a: Araquanid|44/100
|-unboost|p2a: Great Tusk|def|1
|-unboost|p2a: Great Tusk|spd|1
|
|-weather|SunnyDay|[upkeep]
|upkeep
|turn|6
|
|t:|1757896358
|move|p2a: Great Tusk|Rapid Spin|p1a: Araquanid
|-damage|p1a: Araquanid|25/100
|-boost|p2a: Great Tusk|spe|1
|-sideend|p2: dolphinc10|Sticky Web|[from] move: Rapid Spin|[of] p2a: Great Tusk
|move|p1a: Araquanid|Surf|p2a: Great Tusk
|-supereffective|p2a: Great Tusk
|-damage|p2a: Great Tusk|0 fnt
|faint|p2a: Great Tusk
|-end|p2a: Great Tusk|Protosynthesis|[silent]
|
|-weather|SunnyDay|[upkeep]
|upkeep
|
|t:|1757896370
|switch|p2a: Walking Wake|Walking Wake|100/100
|-activate|p2a: Walking Wake|ability: Protosynthesis
|-start|p2a: Walking Wake|protosynthesisspe
|turn|7
|-enditem|p1a: Araquanid|Custap Berry|[eat]
|-activate|p1a: Araquanid|item: Custap Berry|[consumed]
|
|t:|1757896393
|move|p1a: Araquanid|Endeavor|p2a: Walking Wake
|-damage|p2a: Walking Wake|26/100
|move|p2a: Walking Wake|Draco Meteor|p1a: Araquanid
|-damage|p1a: Araquanid|0 fnt
|-unboost|p2a: Walking Wake|spa|2
|faint|p1a: Araquanid
|
|-weather|SunnyDay|[upkeep]
|upkeep
|
|t:|1757896408
|switch|p1a: Crawdaunt|Crawdaunt, M|100/100
|-damage|p1a: Crawdaunt|88/100|[from] Stealth Rock
|turn|8
|
|t:|1757896414
|move|p2a: Walking Wake|Draco Meteor|p1a: Crawdaunt
|-damage|p1a: Crawdaunt|0 fnt
|-unboost|p2a: Walking Wake|spa|2
|faint|p1a: Crawdaunt
|
|-weather|none
|-end|p2a: Walking Wake|Protosynthesis
|upkeep
|
|t:|1757896426
|switch|p1a: Ting-Lu|Ting-Lu|100/100
|-damage|p1a: Ting-Lu|94/100|[from] Stealth Rock
|-ability|p1a: Ting-Lu|Vessel of Ruin
|turn|9
|
|t:|1757896431
|-end|p2a: Walking Wake|Protosynthesis|[silent]
|switch|p2a: Torkoal|Torkoal, F|100/100
|-weather|SunnyDay|[from] ability: Drought|[of] p2a: Torkoal
|move|p1a: Ting-Lu|Stealth Rock|p2a: Torkoal
|-sidestart|p2: dolphinc10|move: Stealth Rock
|
|-weather|SunnyDay|[upkeep]
|-heal|p1a: Ting-Lu|100/100|[from] item: Leftovers
|upkeep
|turn|10
|
|t:|1757896450
|move|p1a: Ting-Lu|Ruination|p2a: Torkoal
|-damage|p2a: Torkoal|51/100
|move|p2a: Torkoal|Eruption|p1a: Ting-Lu
|-damage|p1a: Ting-Lu|80/100
|
|-weather|SunnyDay|[upkeep]
|-heal|p1a: Ting-Lu|87/100|[from] item: Leftovers
|upkeep
|turn|11
|
|t:|1757896459
|switch|p2a: Tornadus|Tornadus-Therian, M|37/100
|move|p1a: Ting-Lu|Spikes|p2a: Tornadus
|-sidestart|p2: dolphinc10|Spikes
|
|-weather|SunnyDay|[upkeep]
|-heal|p1a: Ting-Lu|93/100|[from] item: Leftovers
|upkeep
|turn|12
|
|t:|1757896470
|move|p2a: Tornadus|U-turn|p1a: Ting-Lu
|-supereffective|p1a: Ting-Lu
|-damage|p1a: Ting-Lu|77/100
|
|t:|1757896473
|switch|p2a: Cinderace|Cinderace, F|100/100|[from] U-turn
|-damage|p2a: Cinderace|76/100|[from] Stealth Rock
|-damage|p2a: Cinderace|63/100|[from] Spikes
|move|p1a: Ting-Lu|Spikes|p2a: Cinderace
|-sidestart|p2: dolphinc10|Spikes
|
|-weather|SunnyDay|[upkeep]
|-heal|p1a: Ting-Lu|84/100|[from] item: Leftovers
|upkeep
|turn|13
|
|t:|1757896483
|move|p2a: Cinderace|Pyro Ball|p1a: Ting-Lu
|-damage|p1a: Ting-Lu|10/100
|move|p1a: Ting-Lu|Earthquake|p2a: Cinderace
|-supereffective|p2a: Cinderace
|-damage|p2a: Cinderace|0 fnt
|faint|p2a: Cinderace
|
|-weather|SunnyDay|[upkeep]
|-heal|p1a: Ting-Lu|16/100|[from] item: Leftovers
|upkeep
|
|t:|1757896489
|switch|p2a: Walking Wake|Walking Wake|26/100
|-damage|p2a: Walking Wake|13/100|[from] Stealth Rock
|-damage|p2a: Walking Wake|0 fnt|[from] Spikes
|faint|p2a: Walking Wake
|-end|p2a: Walking Wake|Protosynthesis|[silent]
|
|t:|1757896491
|switch|p2a: Shiftry|Shiftry, M|100/100
|-damage|p2a: Shiftry|88/100|[from] Stealth Rock
|-damage|p2a: Shiftry|72/100|[from] Spikes
|turn|14
|inactive|dolphinc10 has 120 seconds left.
|
|t:|1757896523
|move|p2a: Shiftry|Throat Chop|p1a: Ting-Lu
|-resisted|p1a: Ting-Lu
|-damage|p1a: Ting-Lu|6/100
|-start|p1a: Ting-Lu|Throat Chop|[silent]
|move|p1a: Ting-Lu|Ruination|p2a: Shiftry
|-damage|p2a: Shiftry|36/100
|
|-weather|SunnyDay|[upkeep]
|-heal|p1a: Ting-Lu|12/100|[from] item: Leftovers
|upkeep
|turn|15
|
|t:|1757896538
|move|p2a: Shiftry|Swords Dance|p2a: Shiftry
|-boost|p2a: Shiftry|atk|2
|move|p1a: Ting-Lu|Spikes|p2a: Shiftry
|-sidestart|p2: dolphinc10|Spikes
|
|-weather|SunnyDay|[upkeep]
|-heal|p1a: Ting-Lu|18/100|[from] item: Leftovers
|-end|p1a: Ting-Lu|Throat Chop|[silent]
|upkeep
|turn|16
|
|t:|1757896544
|move|p2a: Shiftry|Throat Chop|p1a: Ting-Lu
|-resisted|p1a: Ting-Lu
|-damage|p1a: Ting-Lu|0 fnt
|faint|p1a: Ting-Lu
|
|-weather|none
|upkeep
|
|t:|1757896556
|switch|p1a: Tornadus|Tornadus-Therian, M|100/100
|turn|17
|
|t:|1757896562
|move|p1a: Tornadus|U-turn|p2a: Shiftry
|-supereffective|p2a: Shiftry
|-damage|p2a: Shiftry|0 fnt
|faint|p2a: Shiftry
|
|t:|1757896572
|switch|p1a: Registeel|Registeel|100/100|[from] U-turn
|-damage|p1a: Registeel|94/100|[from] Stealth Rock
|
|upkeep
|
|t:|1757896577
|switch|p2a: Torkoal|Torkoal, F|51/100
|-damage|p2a: Torkoal|26/100|[from] Stealth Rock
|-damage|p2a: Torkoal|1/100|[from] Spikes
|-weather|SunnyDay|[from] ability: Drought|[of] p2a: Torkoal
|turn|18
|
|t:|1757896588
|move|p1a: Registeel|Body Press|p2a: Torkoal
|-damage|p2a: Torkoal|0 fnt
|faint|p2a: Torkoal
|
|-weather|SunnyDay|[upkeep]
|upkeep
|
|t:|1757896590
|switch|p2a: Tornadus|Tornadus-Therian, M|70/100
|turn|19
|
|t:|1757896598
|move|p2a: Tornadus|Grass Knot|p1a: Registeel
|-resisted|p1a: Registeel
|-damage|p1a: Registeel|82/100
|move|p1a: Registeel|Heavy Slam|p2a: Tornadus
|-damage|p2a: Tornadus|41/100
|
|-weather|SunnyDay|[upkeep]
|upkeep
|turn|20
|
|t:|1757896604
|move|p2a: Tornadus|Grass Knot|p1a: Registeel
|-resisted|p1a: Registeel
|-damage|p1a: Registeel|71/100
|move|p1a: Registeel|Heavy Slam|p2a: Tornadus
|-damage|p2a: Tornadus|11/100
|
|-weather|SunnyDay|[upkeep]
|upkeep
|turn|21
|
|t:|1757896607
|move|p2a: Tornadus|Taunt|p1a: Registeel
|-start|p1a: Registeel|move: Taunt
|move|p1a: Registeel|Heavy Slam|p2a: Tornadus
|-damage|p2a: Tornadus|0 fnt
|faint|p2a: Tornadus
|
|win|SSStyl1sh
|raw|SSStyl1sh's rating: 1188 &rarr; <strong>1212</strong><br />(+24 for winning)
|raw|dolphinc10's rating: 1177 &rarr; <strong>1153</strong><br />(-24 for losing)
|l|☆dolphinc10
|player|p2|
