|j|☆hungrymane
|j|‽Lucid Coffee
|t:|1757856140
|gametype|singles
|player|p1|hungrymane|101|1576
|player|p2|Lucid Coffee|blue|1711
|gen|9
|tier|[Gen 9] OU
|rated|
|rule|HP Percentage Mod: HP is shown in percentages
|rule|Endless Battle Clause: Forcing endless battles is banned
|rule|Species Clause: Limit one of each Pokémon
|rule|OHKO Clause: OHKO moves are banned
|rule|Evasion Items Clause: Evasion items are banned
|rule|Evasion Moves Clause: Evasion moves are banned
|rule|Evasion Abilities Clause: Evasion abilities are banned
|rule|Sleep Moves Clause: Sleep-inducing moves are banned
|clearpoke
|poke|p1|Regidrago|
|poke|p1|Drifblim, F|
|poke|p1|Azelf|
|poke|p1|Samurott-Hisui, F|
|poke|p1|Mimikyu, F|
|poke|p1|Kingambit, M|
|poke|p2|Dragapult, M|
|poke|p2|Glimmora, M|
|poke|p2|Comfey, M|
|poke|p2|Kingambit, M|
|poke|p2|Ogerpon-Wellspring, F|
|poke|p2|Blaziken, M|
|teampreview
|j| MidushenXD
|
|t:|1757856169
|teamsize|p1|6
|teamsize|p2|6
|start
|switch|p1a: Azelf|Azelf|100/100
|switch|p2a: Kingambit|Kingambit, M, shiny|100/100
|turn|1
|
|t:|1757856186
|switch|p1a: Samurott|Samurott-Hisui, F|100/100
|move|p2a: Kingambit|Kowtow Cleave|p1a: Samurott
|-resisted|p1a: Samurott
|-damage|p1a: Samurott|67/100
|
|upkeep
|turn|2
|
|t:|1757856197
|-end|p2a: Kingambit|fallenundefined|[silent]
|switch|p2a: Glimmora|Glimmora, M, shiny|100/100
|move|p1a: Samurott|Ceaseless Edge|p2a: Glimmora|[miss]
|-miss|p1a: Samurott|p2a: Glimmora
|
|upkeep
|turn|3
|
|t:|1757856206
|move|p1a: Samurott|Ceaseless Edge|p2a: Glimmora|[miss]
|-miss|p1a: Samurott|p2a: Glimmora
|move|p2a: Glimmora|Stealth Rock|p1a: Samurott
|-sidestart|p1: hungrymane|move: Stealth Rock
|
|upkeep
|turn|4
|
|t:|1757856213
|move|p1a: Samurott|Ceaseless Edge|p2a: Glimmora
|-damage|p2a: Glimmora|54/100
|-activate|p2a: Glimmora|ability: Toxic Debris
|-sidestart|p1: hungrymane|move: Toxic Spikes
|-sidestart|p2: Lucid Coffee|Spikes
|-enditem|p2a: Glimmora|Red Card|[of] p1a: Samurott
|drag|p1a: Azelf|Azelf|100/100
|-damage|p1a: Azelf|88/100|[from] Stealth Rock
|move|p2a: Glimmora|Mortal Spin|p1a: Azelf
|-damage|p1a: Azelf|79/100
|-status|p1a: Azelf|psn
|-sideend|p2: Lucid Coffee|Spikes|[from] move: Mortal Spin|[of] p2a: Glimmora
|
|-damage|p1a: Azelf|66/100 psn|[from] psn
|upkeep
|turn|5
|l| MidushenXD
|
|t:|1757856233
|move|p1a: Azelf|Trick|p2a: Glimmora
|-activate|p1a: Azelf|move: Trick|[of] p2a: Glimmora
|-item|p2a: Glimmora|Choice Scarf|[from] move: Trick
|-enditem|p1a: Azelf|Choice Scarf|[silent]|[from] move: Trick
|move|p2a: Glimmora|Mortal Spin|p1a: Azelf
|-damage|p1a: Azelf|58/100 psn
|
|-damage|p1a: Azelf|46/100 psn|[from] psn
|upkeep
|turn|6
|
|t:|1757856240
|switch|p1a: Kingambit|Kingambit, M|100/100
|-damage|p1a: Kingambit|94/100|[from] Stealth Rock
|move|p2a: Glimmora|Mortal Spin|p1a: Kingambit
|-immune|p1a: Kingambit
|
|upkeep
|turn|7
|
|t:|1757856245
|switch|p2a: Blaziken|Blaziken, M, shiny|100/100
|-end|p1a: Kingambit|fallenundefined|[silent]
|switch|p1a: Samurott|Samurott-Hisui, F|67/100
|-damage|p1a: Samurott|54/100|[from] Stealth Rock
|-status|p1a: Samurott|psn
|
|-damage|p1a: Samurott|42/100 psn|[from] psn
|upkeep
|turn|8
|
|t:|1757856254
|switch|p2a: Glimmora|Glimmora, M, shiny|54/100
|move|p1a: Samurott|Aqua Jet|p2a: Glimmora
|-supereffective|p2a: Glimmora
|-damage|p2a: Glimmora|15/100
|-activate|p2a: Glimmora|ability: Toxic Debris
|-sidestart|p1: hungrymane|move: Toxic Spikes
|
|-damage|p1a: Samurott|29/100 psn|[from] psn
|upkeep
|turn|9
|
|t:|1757856266
|switch|p1a: Azelf|Azelf|46/100 psn
|-damage|p1a: Azelf|33/100 psn|[from] Stealth Rock
|move|p2a: Glimmora|Power Gem|p1a: Azelf
|-damage|p1a: Azelf|0 fnt
|faint|p1a: Azelf
|
|upkeep
|
|t:|1757856275
|switch|p1a: Kingambit|Kingambit, M|94/100
|-damage|p1a: Kingambit|88/100|[from] Stealth Rock
|-activate|p1a: Kingambit|ability: Supreme Overlord
|-start|p1a: Kingambit|fallen1|[silent]
|turn|10
|
|t:|1757856283
|move|p2a: Glimmora|Power Gem|p1a: Kingambit
|-resisted|p1a: Kingambit
|-damage|p1a: Kingambit|72/100
|move|p1a: Kingambit|Swords Dance|p1a: Kingambit
|-boost|p1a: Kingambit|atk|2
|
|upkeep
|turn|11
|
|t:|1757856299
|switch|p2a: Kingambit|Kingambit, M, shiny|100/100
|move|p1a: Kingambit|Kowtow Cleave|p2a: Kingambit
|-resisted|p2a: Kingambit
|-damage|p2a: Kingambit|53/100
|
|-heal|p2a: Kingambit|59/100|[from] item: Leftovers
|upkeep
|turn|12
|
|t:|1757856315
|-end|p2a: Kingambit|fallenundefined|[silent]
|switch|p2a: Glimmora|Glimmora, M, shiny|15/100
|move|p1a: Kingambit|Swords Dance|p1a: Kingambit
|-boost|p1a: Kingambit|atk|2
|
|upkeep
|turn|13
|
|t:|1757856324
|move|p1a: Kingambit|Sucker Punch|p2a: Glimmora
|-damage|p2a: Glimmora|0 fnt
|faint|p2a: Glimmora
|
|upkeep
|
|t:|1757856329
|switch|p2a: Blaziken|Blaziken, M, shiny|100/100
|turn|14
|
|t:|1757856339
|move|p1a: Kingambit|Sucker Punch|p2a: Blaziken
|-resisted|p2a: Blaziken
|-damage|p2a: Blaziken|0 fnt
|faint|p2a: Blaziken
|
|upkeep
|
|t:|1757856344
|switch|p2a: Comfey|Comfey, M, shiny|100/100
|turn|15
|
|t:|1757856368
|-terastallize|p2a: Comfey|Ground
|move|p1a: Kingambit|Sucker Punch|p2a: Comfey
|-damage|p2a: Comfey|0 fnt
|faint|p2a: Comfey
|
|upkeep
|-message|Lucid Coffee forfeited.
|
|win|hungrymane
|raw|hungrymane's rating: 1576 &rarr; <strong>1603</strong><br />(+27 for winning)
|raw|Lucid Coffee's rating: 1711 &rarr; <strong>1684</strong><br />(-27 for losing)
|l|‽Lucid Coffee
|player|p2|
|l|☆hungrymane
|player|p1|
|j| huejack
|l| huejack
