|j|☆HatedWitch
|j|☆ScarfyX_X
|t:|1757951873
|gametype|singles
|player|p1|HatedWitch|lass|1343
|player|p2|ScarfyX_X|miku-psychic|1346
|gen|9
|tier|[Gen 9] OU
|rated|
|rule|HP Percentage Mod: HP is shown in percentages
|rule|Endless Battle Clause: Forcing endless battles is banned
|rule|Species Clause: Limit one of each Pokémon
|rule|OHKO Clause: OHKO moves are banned
|rule|Evasion Items Clause: Evasion items are banned
|rule|Evasion Moves Clause: Evasion moves are banned
|rule|Evasion Abilities Clause: Evasion abilities are banned
|rule|Sleep Moves Clause: Sleep-inducing moves are banned
|clearpoke
|poke|p1|Sandy Shocks|
|poke|p1|Clefable, F|
|poke|p1|Rillaboom, M|
|poke|p1|Zamazenta-*|
|poke|p1|Slowking, F|
|poke|p1|Pecharunt|
|poke|p2|Samurott-Hisui, F|
|poke|p2|Indeedee, M|
|poke|p2|Corviknight, M|
|poke|p2|Ninetales-Alola, F|
|poke|p2|Cinderace, M|
|poke|p2|Iron Hands|
|teampreview
|inactive|Battle timer is ON: inactive players will automatically lose when time's up. (requested by ScarfyX_X)
|
|t:|1757951883
|teamsize|p1|6
|teamsize|p2|6
|start
|switch|p1a: Zamazenta|Zamazenta|100/100
|switch|p2a: Cinderace|Cinderace, M|100/100
|-ability|p1a: Zamazenta|Dauntless Shield|boost
|-boost|p1a: Zamazenta|def|1
|turn|1
|
|t:|1757951890
|switch|p1a: Slowking|Slowking, F|100/100
|move|p2a: Cinderace|Super Fang|p1a: Slowking
|-start|p2a: Cinderace|typechange|Normal|[from] ability: Libero
|-damage|p1a: Slowking|50/100
|
|upkeep
|turn|2
|
|t:|1757951895
|move|p2a: Cinderace|U-turn|p1a: Slowking
|-supereffective|p1a: Slowking
|-damage|p1a: Slowking|6/100
|
|t:|1757951899
|switch|p2a: Samurott|Samurott-Hisui, F|100/100|[from] U-turn
|-prepare|p1a: Slowking|Chilly Reception|[premajor]
|move|p1a: Slowking|Chilly Reception|p1a: Slowking
|-weather|Snowscape
|
|t:|1757951904
|switch|p1a: Rillaboom|Rillaboom, M|100/100|[from] Chilly Reception
|-fieldstart|move: Grassy Terrain|[from] ability: Grassy Surge|[of] p1a: Rillaboom
|
|-weather|Snowscape|[upkeep]
|upkeep
|turn|3
|
|t:|1757951907
|switch|p2a: Corviknight|Corviknight, M|100/100
|move|p1a: Rillaboom|Grassy Glide|p2a: Corviknight
|-resisted|p2a: Corviknight
|-crit|p2a: Corviknight
|-damage|p2a: Corviknight|89/100
|-damage|p1a: Rillaboom|84/100|[from] item: Rocky Helmet|[of] p2a: Corviknight
|
|-weather|Snowscape|[upkeep]
|-heal|p1a: Rillaboom|90/100|[from] Grassy Terrain
|upkeep
|turn|4
|
|t:|1757951914
|move|p1a: Rillaboom|Knock Off|p2a: Corviknight
|-damage|p2a: Corviknight|63/100
|-damage|p1a: Rillaboom|73/100|[from] item: Rocky Helmet|[of] p2a: Corviknight
|-enditem|p2a: Corviknight|Rocky Helmet|[from] move: Knock Off|[of] p1a: Rillaboom
|move|p2a: Corviknight|Bulk Up|p2a: Corviknight
|-boost|p2a: Corviknight|atk|1
|-boost|p2a: Corviknight|def|1
|
|-weather|Snowscape|[upkeep]
|-heal|p1a: Rillaboom|80/100|[from] Grassy Terrain
|upkeep
|turn|5
|
|t:|1757951927
|move|p1a: Rillaboom|U-turn|p2a: Corviknight
|-resisted|p2a: Corviknight
|-crit|p2a: Corviknight
|-damage|p2a: Corviknight|55/100
|
|t:|1757951931
|switch|p1a: Sandy Shocks|Sandy Shocks, shiny|100/100|[from] U-turn
|move|p2a: Corviknight|Brave Bird|p1a: Sandy Shocks
|-resisted|p1a: Sandy Shocks
|-damage|p1a: Sandy Shocks|66/100
|-damage|p2a: Corviknight|44/100|[from] Recoil
|
|-weather|Snowscape|[upkeep]
|-heal|p1a: Sandy Shocks|72/100|[from] Grassy Terrain
|upkeep
|turn|6
|
|t:|1757951943
|-terastallize|p2a: Corviknight|Dragon
|move|p1a: Sandy Shocks|Volt Switch|p2a: Corviknight
|-resisted|p2a: Corviknight
|-damage|p2a: Corviknight|28/100
|
|t:|1757951951
|-end|p1a: Sandy Shocks|Protosynthesis|[silent]
|switch|p1a: Slowking|Slowking, F|39/100|[from] Volt Switch
|move|p2a: Corviknight|Roost|p2a: Corviknight
|-heal|p2a: Corviknight|78/100
|
|-weather|none
|-heal|p2a: Corviknight|84/100|[from] Grassy Terrain
|-heal|p1a: Slowking|45/100|[from] Grassy Terrain
|-fieldend|move: Grassy Terrain
|upkeep
|turn|7
|
|t:|1757951955
|move|p2a: Corviknight|Brave Bird|p1a: Slowking
|-damage|p1a: Slowking|0 fnt
|faint|p1a: Slowking
|-damage|p2a: Corviknight|67/100|[from] Recoil
|
|upkeep
|
|t:|1757951962
|switch|p1a: Clefable|Clefable, F|100/100
|turn|8
|
|t:|1757951965
|move|p2a: Corviknight|Brave Bird|p1a: Clefable
|-damage|p1a: Clefable|52/100
|-damage|p2a: Corviknight|49/100|[from] Recoil
|move|p1a: Clefable|Moonblast|p2a: Corviknight
|-supereffective|p2a: Corviknight
|-damage|p2a: Corviknight|0 fnt
|faint|p2a: Corviknight
|
|upkeep
|
|t:|1757951975
|switch|p2a: Cinderace|Cinderace, M|100/100
|turn|9
|
|t:|1757951978
|move|p2a: Cinderace|Flare Blitz|p1a: Clefable
|-damage|p1a: Clefable|10/100
|-damage|p2a: Cinderace|83/100|[from] Recoil
|move|p1a: Clefable|Stealth Rock|p2a: Cinderace
|-sidestart|p2: ScarfyX_X|move: Stealth Rock
|
|upkeep
|turn|10
|
|t:|1757951987
|move|p2a: Cinderace|Court Change|p2a: Cinderace
|-start|p2a: Cinderace|typechange|Normal|[from] ability: Libero
|-swapsideconditions
|-activate|p2a: Cinderace|move: Court Change
|move|p1a: Clefable|Knock Off|p2a: Cinderace
|-damage|p2a: Cinderace|60/100
|-enditem|p2a: Cinderace|Heavy-Duty Boots|[from] move: Knock Off|[of] p1a: Clefable
|
|upkeep
|turn|11
|
|t:|1757951993
|move|p2a: Cinderace|U-turn|p1a: Clefable
|-resisted|p1a: Clefable
|-damage|p1a: Clefable|2/100
|
|t:|1757951996
|switch|p2a: Ninetales|Ninetales-Alola, F|100/100|[from] U-turn
|-weather|Snowscape|[from] ability: Snow Warning|[of] p2a: Ninetales
|move|p1a: Clefable|Stealth Rock|p2a: Ninetales
|-sidestart|p2: ScarfyX_X|move: Stealth Rock
|
|-weather|Snowscape|[upkeep]
|upkeep
|turn|12
|inactive|HatedWitch has 120 seconds left.
|inactive|HatedWitch has 90 seconds left.
|
|t:|1757952059
|move|p2a: Ninetales|Aurora Veil|p2a: Ninetales
|-sidestart|p2: ScarfyX_X|move: Aurora Veil
|move|p1a: Clefable|Moonlight|p1a: Clefable
|-heal|p1a: Clefable|27/100
|
|-weather|Snowscape|[upkeep]
|upkeep
|turn|13
|
|t:|1757952067
|move|p2a: Ninetales|Blizzard|p1a: Clefable
|-damage|p1a: Clefable|0 fnt
|faint|p1a: Clefable
|
|-weather|Snowscape|[upkeep]
|upkeep
|inactive|HatedWitch has 90 seconds left.
|
|t:|1757952086
|switch|p1a: Zamazenta|Zamazenta|100/100
|turn|14
|
|t:|1757952091
|move|p1a: Zamazenta|Stone Edge|p2a: Ninetales
|-supereffective|p2a: Ninetales
|-crit|p2a: Ninetales
|-damage|p2a: Ninetales|9/100
|move|p2a: Ninetales|Moonblast|p1a: Zamazenta
|-supereffective|p1a: Zamazenta
|-damage|p1a: Zamazenta|36/100
|-unboost|p1a: Zamazenta|spa|1
|
|-weather|Snowscape|[upkeep]
|upkeep
|turn|15
|
|t:|1757952098
|move|p1a: Zamazenta|Heavy Slam|p2a: Ninetales
|-supereffective|p2a: Ninetales
|-damage|p2a: Ninetales|0 fnt
|faint|p2a: Ninetales
|
|-weather|none
|upkeep
|
|t:|1757952104
|switch|p2a: Indeedee|Indeedee, M|100/100
|-damage|p2a: Indeedee|88/100|[from] Stealth Rock
|-fieldstart|move: Psychic Terrain|[from] ability: Psychic Surge|[of] p2a: Indeedee
|turn|16
|
|t:|1757952109
|move|p2a: Indeedee|Expanding Force|p1a: Zamazenta
|-supereffective|p1a: Zamazenta
|-damage|p1a: Zamazenta|0 fnt
|faint|p1a: Zamazenta
|
|upkeep
|
|t:|1757952116
|switch|p1a: Rillaboom|Rillaboom, M|80/100
|-fieldstart|move: Grassy Terrain|[from] ability: Grassy Surge|[of] p1a: Rillaboom
|turn|17
|
|t:|1757952121
|switch|p2a: Iron Hands|Iron Hands|100/100
|-damage|p2a: Iron Hands|94/100|[from] Stealth Rock
|move|p1a: Rillaboom|Knock Off|p2a: Iron Hands
|-resisted|p2a: Iron Hands
|-damage|p2a: Iron Hands|89/100
|-enditem|p2a: Iron Hands|Assault Vest|[from] move: Knock Off|[of] p1a: Rillaboom
|
|-heal|p1a: Rillaboom|86/100|[from] Grassy Terrain
|-heal|p2a: Iron Hands|95/100|[from] Grassy Terrain
|upkeep
|turn|18
|
|t:|1757952132
|move|p1a: Rillaboom|U-turn|p2a: Iron Hands
|-resisted|p2a: Iron Hands
|-damage|p2a: Iron Hands|92/100
|
|t:|1757952135
|switch|p1a: Pecharunt|Pecharunt|100/100|[from] U-turn
|move|p2a: Iron Hands|Ice Punch|p1a: Pecharunt
|-damage|p1a: Pecharunt|87/100
|
|-heal|p1a: Pecharunt|93/100|[from] Grassy Terrain
|-heal|p2a: Iron Hands|98/100|[from] Grassy Terrain
|upkeep
|turn|19
|
|t:|1757952139
|move|p1a: Pecharunt|Toxic|p2a: Iron Hands
|-status|p2a: Iron Hands|tox
|-start|p2a: Iron Hands|confusion|[from] ability: Poison Puppeteer|[of] p1a: Pecharunt
|-activate|p2a: Iron Hands|confusion
|move|p2a: Iron Hands|Fire Punch|p1a: Pecharunt
|-damage|p1a: Pecharunt|79/100
|
|-heal|p1a: Pecharunt|85/100|[from] Grassy Terrain
|-heal|p2a: Iron Hands|100/100 tox|[from] Grassy Terrain
|-damage|p2a: Iron Hands|94/100 tox|[from] psn
|-sideend|p2: ScarfyX_X|move: Aurora Veil
|upkeep
|turn|20
|
|t:|1757952151
|-end|p2a: Iron Hands|Quark Drive|[silent]
|switch|p2a: Cinderace|Cinderace, M|60/100
|-damage|p2a: Cinderace|35/100|[from] Stealth Rock
|move|p1a: Pecharunt|Toxic|p2a: Cinderace
|-status|p2a: Cinderace|tox
|-start|p2a: Cinderace|confusion|[from] ability: Poison Puppeteer|[of] p1a: Pecharunt
|
|-heal|p2a: Cinderace|41/100 tox|[from] Grassy Terrain
|-heal|p1a: Pecharunt|91/100|[from] Grassy Terrain
|-damage|p2a: Cinderace|35/100 tox|[from] psn
|upkeep
|turn|21
|inactive|HatedWitch has 120 seconds left.
|inactive|HatedWitch has 90 seconds left.
|
|t:|1757952228
|-activate|p2a: Cinderace|confusion
|move|p2a: Cinderace|Flare Blitz|p1a: Pecharunt
|-damage|p1a: Pecharunt|64/100
|-damage|p2a: Cinderace|23/100 tox|[from] Recoil
|move|p1a: Pecharunt|Recover|p1a: Pecharunt
|-heal|p1a: Pecharunt|100/100
|
|-heal|p2a: Cinderace|29/100 tox|[from] Grassy Terrain
|-damage|p2a: Cinderace|17/100 tox|[from] psn
|-fieldend|move: Grassy Terrain
|upkeep
|turn|22
|
|t:|1757952234
|-activate|p2a: Cinderace|confusion
|move|p2a: Cinderace|Flare Blitz|p1a: Pecharunt
|-damage|p1a: Pecharunt|73/100
|-damage|p2a: Cinderace|6/100 tox|[from] Recoil
|move|p1a: Pecharunt|Shadow Ball|p2a: Cinderace
|-damage|p2a: Cinderace|0 fnt
|faint|p2a: Cinderace
|
|upkeep
|
|t:|1757952237
|switch|p2a: Indeedee|Indeedee, M|88/100
|-damage|p2a: Indeedee|76/100|[from] Stealth Rock
|-fieldstart|move: Psychic Terrain|[from] ability: Psychic Surge|[of] p2a: Indeedee
|turn|23
|
|t:|1757952240
|move|p2a: Indeedee|Expanding Force|p1a: Pecharunt
|-supereffective|p1a: Pecharunt
|-damage|p1a: Pecharunt|0 fnt
|faint|p1a: Pecharunt
|
|upkeep
|
|t:|1757952244
|switch|p1a: Rillaboom|Rillaboom, M|86/100
|-fieldstart|move: Grassy Terrain|[from] ability: Grassy Surge|[of] p1a: Rillaboom
|turn|24
|
|t:|1757952254
|switch|p2a: Iron Hands|Iron Hands|94/100 tox
|-damage|p2a: Iron Hands|88/100 tox|[from] Stealth Rock
|-terastallize|p1a: Rillaboom|Grass
|move|p1a: Rillaboom|Grassy Glide|p2a: Iron Hands
|-damage|p2a: Iron Hands|56/100 tox
|
|-heal|p1a: Rillaboom|92/100|[from] Grassy Terrain
|-heal|p2a: Iron Hands|63/100 tox|[from] Grassy Terrain
|-damage|p2a: Iron Hands|56/100 tox|[from] psn
|upkeep
|turn|25
|inactive|HatedWitch has 90 seconds left.
|
|t:|1757952279
|switch|p1a: Sandy Shocks|Sandy Shocks, shiny|72/100
|move|p2a: Iron Hands|Ice Punch|p1a: Sandy Shocks
|-supereffective|p1a: Sandy Shocks
|-damage|p1a: Sandy Shocks|3/100
|
|-heal|p1a: Sandy Shocks|9/100|[from] Grassy Terrain
|-heal|p2a: Iron Hands|63/100 tox|[from] Grassy Terrain
|-damage|p2a: Iron Hands|50/100 tox|[from] psn
|upkeep
|turn|26
|
|t:|1757952284
|move|p1a: Sandy Shocks|Earth Power|p2a: Iron Hands
|-supereffective|p2a: Iron Hands
|-damage|p2a: Iron Hands|0 fnt
|faint|p2a: Iron Hands
|-end|p2a: Iron Hands|Quark Drive|[silent]
|
|-heal|p1a: Sandy Shocks|15/100|[from] Grassy Terrain
|upkeep
|
|t:|1757952288
|switch|p2a: Samurott|Samurott-Hisui, F|100/100
|-damage|p2a: Samurott|88/100|[from] Stealth Rock
|turn|27
|
|t:|1757952295
|move|p2a: Samurott|Aqua Cutter|p1a: Sandy Shocks
|-supereffective|p1a: Sandy Shocks
|-damage|p1a: Sandy Shocks|0 fnt
|faint|p1a: Sandy Shocks
|-end|p1a: Sandy Shocks|Protosynthesis|[silent]
|
|-heal|p2a: Samurott|94/100|[from] Grassy Terrain
|upkeep
|
|t:|1757952299
|switch|p1a: Rillaboom|Rillaboom, M, tera:Grass|92/100
|turn|28
|inactive|HatedWitch has 120 seconds left.
|
|t:|1757952304
|move|p1a: Rillaboom|Grassy Glide|p2a: Samurott
|-supereffective|p2a: Samurott
|-damage|p2a: Samurott|0 fnt
|faint|p2a: Samurott
|
|-heal|p1a: Rillaboom|98/100|[from] Grassy Terrain
|-fieldend|move: Grassy Terrain
|upkeep
|
|t:|1757952306
|switch|p2a: Indeedee|Indeedee, M|76/100
|-damage|p2a: Indeedee|64/100|[from] Stealth Rock
|-fieldstart|move: Psychic Terrain|[from] ability: Psychic Surge|[of] p2a: Indeedee
|turn|29
|
|t:|1757952310
|move|p2a: Indeedee|Expanding Force|p1a: Rillaboom
|-damage|p1a: Rillaboom|9/100
|move|p1a: Rillaboom|Knock Off|p2a: Indeedee
|-supereffective|p2a: Indeedee
|-damage|p2a: Indeedee|0 fnt
|-enditem|p2a: Indeedee|Choice Scarf|[from] move: Knock Off|[of] p1a: Rillaboom
|faint|p2a: Indeedee
|
|win|HatedWitch
|raw|HatedWitch's rating: 1343 &rarr; <strong>1363</strong><br />(+20 for winning)
|raw|ScarfyX_X's rating: 1346 &rarr; <strong>1326</strong><br />(-20 for losing)
|l|☆HatedWitch
|player|p1|
|l|☆ScarfyX_X
|player|p2|
|j| Honourial
