|j|☆Najih__
|j|☆Rob Rancid
|t:|1757830784
|gametype|singles
|player|p1|Najih__|blue|1434
|player|p2|Rob Rancid|marlon|1453
|gen|9
|tier|[Gen 9] OU
|rated|
|rule|HP Percentage Mod: HP is shown in percentages
|rule|Endless Battle Clause: Forcing endless battles is banned
|rule|Species Clause: Limit one of each Pokémon
|rule|OHKO Clause: OHKO moves are banned
|rule|Evasion Items Clause: Evasion items are banned
|rule|Evasion Moves Clause: Evasion moves are banned
|rule|Evasion Abilities Clause: Evasion abilities are banned
|rule|Sleep Moves Clause: Sleep-inducing moves are banned
|clearpoke
|poke|p1|Enamorus, F|
|poke|p1|Landorus-Therian, M|
|poke|p1|Zamazenta-*|
|poke|p1|Dragapult, M|
|poke|p1|Great Tusk|
|poke|p1|Slowking-Galar, F|
|poke|p2|Ribombee, M|
|poke|p2|Haxorus, F|
|poke|p2|Skeledirge, F|
|poke|p2|Tornadus-Therian, M|
|poke|p2|Great Tusk|
|poke|p2|Samurott-Hisui, M|
|teampreview
|
|t:|1757830811
|teamsize|p1|6
|teamsize|p2|6
|start
|switch|p1a: Slowking|Slowking-Galar, F|100/100
|switch|p2a: Ribombee|Ribombee, M|100/100
|turn|1
|
|t:|1757830826
|move|p2a: Ribombee|Sticky Web|p1a: Slowking
|-sidestart|p1: Najih__|move: Sticky Web
|move|p1a: Slowking|Sludge Bomb|p2a: Ribombee
|-supereffective|p2a: Ribombee
|-enditem|p2a: Ribombee|Focus Sash
|-damage|p2a: Ribombee|1/100
|
|upkeep
|turn|2
|
|t:|1757830847
|move|p2a: Ribombee|Moonblast|p1a: Slowking
|-resisted|p1a: Slowking
|-damage|p1a: Slowking|84/100
|move|p1a: Slowking|Future Sight|p2a: Ribombee
|-start|p1a: Slowking|move: Future Sight
|
|upkeep
|turn|3
|
|t:|1757830859
|move|p2a: Ribombee|Skill Swap|p1a: Slowking
|-activate|p2a: Ribombee|move: Skill Swap|Regenerator|Shield Dust|[of] p1a: Slowking
|-prepare|p1a: Slowking|Chilly Reception|[premajor]
|move|p1a: Slowking|Chilly Reception|p1a: Slowking
|-weather|Snowscape
|
|t:|1757830870
|switch|p1a: Dragapult|Dragapult, M|100/100|[from] Chilly Reception
|
|-weather|Snowscape|[upkeep]
|upkeep
|turn|4
|
|t:|1757830877
|move|p1a: Dragapult|U-turn|p2a: Ribombee
|-resisted|p2a: Ribombee
|-damage|p2a: Ribombee|0 fnt
|faint|p2a: Ribombee
|
|t:|1757830881
|switch|p1a: Great Tusk|Great Tusk|100/100|[from] U-turn
|-activate|p1a: Great Tusk|move: Sticky Web
|-unboost|p1a: Great Tusk|spe|1
|-enditem|p1a: Great Tusk|Booster Energy
|-activate|p1a: Great Tusk|ability: Protosynthesis|[fromitem]
|-start|p1a: Great Tusk|protosynthesisatk
|
|-weather|Snowscape|[upkeep]
|-hint|Future Sight did not hit because the target is fainted.
|upkeep
|inactive|Battle timer is ON: inactive players will automatically lose when time's up. (requested by Najih__)
|
|t:|1757830903
|switch|p2a: Skeledirge|Skeledirge, F|100/100
|turn|5
|
|t:|1757830912
|move|p1a: Great Tusk|Stealth Rock|p2a: Skeledirge
|-sidestart|p2: Rob Rancid|move: Stealth Rock
|move|p2a: Skeledirge|Will-O-Wisp|p1a: Great Tusk
|-status|p1a: Great Tusk|brn
|
|-weather|Snowscape|[upkeep]
|-damage|p1a: Great Tusk|94/100 brn|[from] brn
|upkeep
|turn|6
|
|t:|1757830922
|move|p1a: Great Tusk|Headlong Rush|p2a: Skeledirge
|-supereffective|p2a: Skeledirge
|-damage|p2a: Skeledirge|51/100
|-unboost|p1a: Great Tusk|def|1
|-unboost|p1a: Great Tusk|spd|1
|move|p2a: Skeledirge|Torch Song|p1a: Great Tusk
|-damage|p1a: Great Tusk|52/100 brn
|-boost|p2a: Skeledirge|spa|1
|
|-weather|Snowscape|[upkeep]
|-damage|p1a: Great Tusk|46/100 brn|[from] brn
|upkeep
|turn|7
|
|t:|1757830940
|move|p1a: Great Tusk|Headlong Rush|p2a: Skeledirge
|-supereffective|p2a: Skeledirge
|-damage|p2a: Skeledirge|1/100
|-unboost|p1a: Great Tusk|def|1
|-unboost|p1a: Great Tusk|spd|1
|move|p2a: Skeledirge|Slack Off|p2a: Skeledirge
|-heal|p2a: Skeledirge|52/100
|
|-weather|none
|-damage|p1a: Great Tusk|40/100 brn|[from] brn
|upkeep
|turn|8
|
|t:|1757830962
|switch|p2a: Tornadus|Tornadus-Therian, M|100/100
|-damage|p2a: Tornadus|76/100|[from] Stealth Rock
|move|p1a: Great Tusk|Headlong Rush|p2a: Tornadus
|-immune|p2a: Tornadus
|
|-damage|p1a: Great Tusk|34/100 brn|[from] brn
|upkeep
|turn|9
|inactive|Rob Rancid has 120 seconds left.
|
|t:|1757830979
|-end|p1a: Great Tusk|Protosynthesis|[silent]
|switch|p1a: Landorus|Landorus-Therian, M|100/100
|-ability|p1a: Landorus|Intimidate|boost
|-unboost|p2a: Tornadus|atk|1
|move|p2a: Tornadus|Air Slash|p1a: Landorus
|-damage|p1a: Landorus|53/100
|
|upkeep
|turn|10
|inactive|Rob Rancid has 120 seconds left.
|
|t:|1757830998
|move|p2a: Tornadus|Air Slash|p1a: Landorus
|-crit|p1a: Landorus
|-damage|p1a: Landorus|0 fnt
|faint|p1a: Landorus
|
|upkeep
|
|t:|1757831007
|switch|p1a: Enamorus|Enamorus, F|100/100
|turn|11
|inactive|Rob Rancid has 120 seconds left.
|
|t:|1757831019
|move|p1a: Enamorus|Moonblast|p2a: Tornadus
|-damage|p2a: Tornadus|35/100
|move|p2a: Tornadus|Air Slash|p1a: Enamorus
|-damage|p1a: Enamorus|54/100
|
|upkeep
|turn|12
|inactive|Rob Rancid has 120 seconds left.
|inactive|Rob Rancid has 90 seconds left.
|
|t:|1757831060
|switch|p2a: Skeledirge|Skeledirge, F|52/100
|move|p1a: Enamorus|Moonblast|p2a: Skeledirge
|-resisted|p2a: Skeledirge
|-damage|p2a: Skeledirge|22/100
|
|upkeep
|turn|13
|inactive|Rob Rancid has 90 seconds left.
|
|t:|1757831086
|move|p1a: Enamorus|Moonblast|p2a: Skeledirge
|-resisted|p2a: Skeledirge
|-damage|p2a: Skeledirge|0 fnt
|faint|p2a: Skeledirge
|
|upkeep
|inactive|Rob Rancid has 60 seconds left.
|
|t:|1757831121
|switch|p2a: Haxorus|Haxorus, F|100/100
|-damage|p2a: Haxorus|88/100|[from] Stealth Rock
|-ability|p2a: Haxorus|Mold Breaker
|turn|14
|
|t:|1757831138
|-terastallize|p2a: Haxorus|Fire
|move|p1a: Enamorus|Moonblast|p2a: Haxorus
|-resisted|p2a: Haxorus
|-damage|p2a: Haxorus|42/100
|move|p2a: Haxorus|Dragon Dance|p2a: Haxorus
|-boost|p2a: Haxorus|atk|1
|-boost|p2a: Haxorus|spe|1
|
|upkeep
|turn|15
|
|t:|1757831150
|move|p2a: Haxorus|Iron Head|p1a: Enamorus
|-supereffective|p1a: Enamorus
|-crit|p1a: Enamorus
|-damage|p1a: Enamorus|0 fnt
|faint|p1a: Enamorus
|
|upkeep
|
|t:|1757831156
|switch|p1a: Dragapult|Dragapult, M|100/100
|turn|16
|
|t:|1757831164
|-terastallize|p1a: Dragapult|Fairy
|move|p2a: Haxorus|Earthquake|p1a: Dragapult
|-damage|p1a: Dragapult|20/100
|move|p1a: Dragapult|Dragon Darts|p2a: Haxorus
|-damage|p2a: Haxorus|10/100
|-anim|p1a: Dragapult|Dragon Darts|p2a: Haxorus
|-damage|p2a: Haxorus|0 fnt
|faint|p2a: Haxorus
|
|upkeep
|
|t:|1757831181
|switch|p2a: Great Tusk|Great Tusk|100/100
|-damage|p2a: Great Tusk|98/100|[from] Stealth Rock
|turn|17
|
|t:|1757831195
|move|p1a: Dragapult|Will-O-Wisp|p2a: Great Tusk
|-status|p2a: Great Tusk|brn
|move|p2a: Great Tusk|Rapid Spin|p1a: Dragapult
|-damage|p1a: Dragapult|6/100
|-boost|p2a: Great Tusk|spe|1
|-sideend|p2: Rob Rancid|Stealth Rock|[from] move: Rapid Spin|[of] p2a: Great Tusk
|
|-heal|p2a: Great Tusk|100/100 brn|[from] item: Leftovers
|-damage|p2a: Great Tusk|94/100 brn|[from] brn
|upkeep
|turn|18
|
|t:|1757831214
|switch|p1a: Great Tusk|Great Tusk|34/100 brn
|-activate|p1a: Great Tusk|move: Sticky Web
|-unboost|p1a: Great Tusk|spe|1
|move|p2a: Great Tusk|Rapid Spin|p1a: Great Tusk
|-damage|p1a: Great Tusk|26/100 brn
|-boost|p2a: Great Tusk|spe|1
|
|-heal|p2a: Great Tusk|100/100 brn|[from] item: Leftovers
|-damage|p2a: Great Tusk|94/100 brn|[from] brn
|-damage|p1a: Great Tusk|20/100 brn|[from] brn
|upkeep
|turn|19
|
|t:|1757831232
|move|p2a: Great Tusk|Ice Spinner|p1a: Great Tusk
|-supereffective|p1a: Great Tusk
|-damage|p1a: Great Tusk|0 fnt
|faint|p1a: Great Tusk
|-end|p1a: Great Tusk|Protosynthesis|[silent]
|
|-heal|p2a: Great Tusk|100/100 brn|[from] item: Leftovers
|-damage|p2a: Great Tusk|94/100 brn|[from] brn
|upkeep
|
|t:|1757831244
|switch|p1a: Zamazenta|Zamazenta|100/100
|-activate|p1a: Zamazenta|move: Sticky Web
|-unboost|p1a: Zamazenta|spe|1
|-ability|p1a: Zamazenta|Dauntless Shield|boost
|-boost|p1a: Zamazenta|def|1
|turn|20
|
|t:|1757831259
|-end|p2a: Great Tusk|Protosynthesis|[silent]
|switch|p2a: Tornadus|Tornadus-Therian, M|68/100
|move|p1a: Zamazenta|Iron Defense|p1a: Zamazenta
|-boost|p1a: Zamazenta|def|2
|
|upkeep
|turn|21
|
|t:|1757831269
|move|p2a: Tornadus|Air Slash|p1a: Zamazenta
|-supereffective|p1a: Zamazenta
|-damage|p1a: Zamazenta|41/100
|cant|p1a: Zamazenta|flinch
|
|-heal|p1a: Zamazenta|47/100|[from] item: Leftovers
|upkeep
|turn|22
|
|t:|1757831280
|switch|p1a: Slowking|Slowking-Galar, F|84/100
|-activate|p1a: Slowking|move: Sticky Web
|-unboost|p1a: Slowking|spe|1
|move|p2a: Tornadus|Air Slash|p1a: Slowking
|-damage|p1a: Slowking|56/100
|
|upkeep
|turn|23
|
|t:|1757831294
|move|p2a: Tornadus|U-turn|p1a: Slowking
|-damage|p1a: Slowking|44/100
|
|t:|1757831300
|switch|p2a: Samurott|Samurott-Hisui, M|100/100|[from] U-turn
|move|p1a: Slowking|Future Sight|p2a: Samurott
|-start|p1a: Slowking|move: Future Sight
|
|upkeep
|turn|24
|
|t:|1757831309
|move|p2a: Samurott|Ceaseless Edge|p1a: Slowking
|-supereffective|p1a: Slowking
|-damage|p1a: Slowking|0 fnt
|-sidestart|p1: Najih__|Spikes
|faint|p1a: Slowking
|
|upkeep
|
|t:|1757831316
|switch|p1a: Dragapult|Dragapult, M, tera:Fairy|6/100
|turn|25
|
|t:|1757831322
|move|p1a: Dragapult|U-turn|p2a: Samurott
|-supereffective|p2a: Samurott
|-damage|p2a: Samurott|39/100
|
|t:|1757831325
|switch|p1a: Zamazenta|Zamazenta|47/100|[from] U-turn
|-activate|p1a: Zamazenta|move: Sticky Web
|-unboost|p1a: Zamazenta|spe|1
|-damage|p1a: Zamazenta|35/100|[from] Spikes
|move|p2a: Samurott|Ceaseless Edge|p1a: Zamazenta
|-resisted|p1a: Zamazenta
|-damage|p1a: Zamazenta|21/100
|-sidestart|p1: Najih__|Spikes
|
|-end|p2a: Samurott|move: Future Sight
|-immune|p2a: Samurott
|-heal|p1a: Zamazenta|27/100|[from] item: Leftovers
|upkeep
|turn|26
|inactive|Rob Rancid has 60 seconds left.
|
|t:|1757831343
|move|p2a: Samurott|Razor Shell|p1a: Zamazenta
|-damage|p1a: Zamazenta|0 fnt
|faint|p1a: Zamazenta
|
|upkeep
|
|t:|1757831352
|switch|p1a: Dragapult|Dragapult, M, tera:Fairy|6/100
|turn|27
|
|t:|1757831367
|move|p1a: Dragapult|Dragon Darts|p2a: Samurott
|-damage|p2a: Samurott|7/100
|-anim|p1a: Dragapult|Dragon Darts|p2a: Samurott
|-damage|p2a: Samurott|0 fnt
|faint|p2a: Samurott
|
|upkeep
|
|t:|1757831375
|switch|p2a: Great Tusk|Great Tusk|94/100 brn
|turn|28
|
|t:|1757831380
|move|p1a: Dragapult|Dragon Darts|p2a: Great Tusk
|-damage|p2a: Great Tusk|78/100 brn
|-anim|p1a: Dragapult|Dragon Darts|p2a: Great Tusk
|-damage|p2a: Great Tusk|62/100 brn
|move|p2a: Great Tusk|Earthquake|p1a: Dragapult
|-damage|p1a: Dragapult|0 fnt
|faint|p1a: Dragapult
|
|win|Rob Rancid
|raw|Najih__'s rating: 1434 &rarr; <strong>1415</strong><br />(-19 for losing)
|raw|Rob Rancid's rating: 1453 &rarr; <strong>1472</strong><br />(+19 for winning)
|l|☆Najih__
|player|p1|
|l|☆Rob Rancid
|player|p2|
