|j|☆Kidday
|j|☆TJ13_SSB
|t:|1757900597
|gametype|singles
|player|p1|Kidday|101|1270
|player|p2|TJ13_SSB|102|1227
|gen|9
|tier|[Gen 9] OU
|rated|
|rule|HP Percentage Mod: HP is shown in percentages
|rule|Endless Battle Clause: Forcing endless battles is banned
|rule|Species Clause: Limit one of each Pokémon
|rule|OHKO Clause: OHKO moves are banned
|rule|Evasion Items Clause: Evasion items are banned
|rule|Evasion Moves Clause: Evasion moves are banned
|rule|Evasion Abilities Clause: Evasion abilities are banned
|rule|Sleep Moves Clause: Sleep-inducing moves are banned
|clearpoke
|poke|p1|Blastoise, M|
|poke|p1|Toxtricity-Low-Key, M|
|poke|p1|Golurk|
|poke|p1|Kingambit, M|
|poke|p1|Magmortar, M|
|poke|p1|Grimmsnarl, M|
|poke|p2|Great Tusk|
|poke|p2|Landorus-Therian, M|
|poke|p2|Heatran, M|
|poke|p2|Darkrai|
|poke|p2|Araquanid, M|
|poke|p2|Weezing-Galar, F|
|teampreview
|
|t:|1757900604
|teamsize|p1|6
|teamsize|p2|6
|start
|switch|p1a: Grimmi|Grimmsnarl, M, shiny|100/100
|switch|p2a: Weezing|Weezing-Galar, F|100/100
|turn|1
|
|t:|1757900614
|move|p1a: Grimmi|Light Screen|p1a: Grimmi
|-sidestart|p1: Kidday|move: Light Screen
|move|p2a: Weezing|Toxic|p1a: Grimmi
|-status|p1a: Grimmi|tox
|
|-damage|p1a: Grimmi|94/100 tox|[from] psn
|upkeep
|turn|2
|
|t:|1757900647
|switch|p2a: Landorus|Landorus-Therian, M|100/100
|-ability|p2a: Landorus|Intimidate|boost
|-unboost|p1a: Grimmi|atk|1
|move|p1a: Grimmi|Reflect|p1a: Grimmi
|-sidestart|p1: Kidday|Reflect
|
|-damage|p1a: Grimmi|82/100 tox|[from] psn
|upkeep
|turn|3
|
|t:|1757900655
|move|p1a: Grimmi|Parting Shot|p2a: Landorus
|-unboost|p2a: Landorus|atk|1
|-unboost|p2a: Landorus|spa|1
|
|t:|1757900670
|switch|p1a: Saitama|Golurk, shiny|100/100|[from] Parting Shot
|move|p2a: Landorus|Brick Break|p1a: Saitama
|-immune|p1a: Saitama
|
|upkeep
|turn|4
|
|t:|1757900691
|switch|p2a: Weezing|Weezing-Galar, F|100/100
|move|p1a: Saitama|Poltergeist|p2a: Weezing
|-activate|p2a: Weezing|move: Poltergeist|Black Sludge
|-damage|p2a: Weezing|39/100
|
|-heal|p2a: Weezing|45/100|[from] item: Black Sludge
|upkeep
|turn|5
|
|t:|1757900722
|switch|p2a: Landorus|Landorus-Therian, M|100/100
|-ability|p2a: Landorus|Intimidate|boost
|-unboost|p1a: Saitama|atk|1
|move|p1a: Saitama|Poltergeist|p2a: Landorus
|-activate|p2a: Landorus|move: Poltergeist|Rocky Helmet
|-damage|p2a: Landorus|32/100
|
|upkeep
|turn|6
|
|t:|1757900742
|move|p2a: Landorus|Stealth Rock|p1a: Saitama
|-sidestart|p1: Kidday|move: Stealth Rock
|move|p1a: Saitama|Poltergeist|p2a: Landorus
|-activate|p2a: Landorus|move: Poltergeist|Rocky Helmet
|-damage|p2a: Landorus|0 fnt
|faint|p2a: Landorus
|
|upkeep
|
|t:|1757900760
|switch|p2a: Great Tusk|Great Tusk|100/100
|turn|7
|
|t:|1757900775
|move|p2a: Great Tusk|Knock Off|p1a: Saitama
|-supereffective|p1a: Saitama
|-crit|p1a: Saitama
|-damage|p1a: Saitama|0 fnt
|-enditem|p1a: Saitama|Choice Band|[from] move: Knock Off|[of] p2a: Great Tusk
|faint|p1a: Saitama
|
|upkeep
|
|t:|1757900803
|switch|p1a: Ruby|Magmortar, M, shiny|100/100
|-damage|p1a: Ruby|76/100|[from] Stealth Rock
|turn|8
|
|t:|1757900809
|move|p2a: Great Tusk|Earthquake|p1a: Ruby
|-supereffective|p1a: Ruby
|-damage|p1a: Ruby|6/100
|move|p1a: Ruby|Psychic|p2a: Great Tusk
|-supereffective|p2a: Great Tusk
|-damage|p2a: Great Tusk|3/100
|
|-heal|p2a: Great Tusk|9/100|[from] item: Leftovers
|-sideend|p1: Kidday|move: Light Screen
|upkeep
|turn|9
|l|☆Kidday
|player|p1|
|j|☆Kidday
|player|p1|Kidday|101|
|
|t:|1757900844
|move|p2a: Great Tusk|Rapid Spin|p1a: Ruby
|-damage|p1a: Ruby|0 fnt
|-boost|p2a: Great Tusk|spe|1
|faint|p1a: Ruby
|
|-heal|p2a: Great Tusk|15/100|[from] item: Leftovers
|-sideend|p1: Kidday|Reflect
|upkeep
|
|t:|1757900865
|switch|p1a: Grimmi|Grimmsnarl, M, shiny|82/100 tox
|-damage|p1a: Grimmi|70/100 tox|[from] Stealth Rock
|turn|10
|
|t:|1757900889
|move|p1a: Grimmi|Reflect|p1a: Grimmi
|-sidestart|p1: Kidday|Reflect
|move|p2a: Great Tusk|Knock Off|p1a: Grimmi
|-resisted|p1a: Grimmi
|-damage|p1a: Grimmi|66/100 tox
|-enditem|p1a: Grimmi|Light Clay|[from] move: Knock Off|[of] p2a: Great Tusk
|
|-heal|p2a: Great Tusk|22/100|[from] item: Leftovers
|-damage|p1a: Grimmi|60/100 tox|[from] psn
|upkeep
|turn|11
|
|t:|1757900903
|move|p1a: Grimmi|Light Screen|p1a: Grimmi
|-sidestart|p1: Kidday|move: Light Screen
|move|p2a: Great Tusk|Earthquake|p1a: Grimmi
|-damage|p1a: Grimmi|38/100 tox
|
|-heal|p2a: Great Tusk|28/100|[from] item: Leftovers
|-damage|p1a: Grimmi|26/100 tox|[from] psn
|upkeep
|turn|12
|
|t:|1757900915
|move|p2a: Great Tusk|Ice Spinner|p1a: Grimmi
|-damage|p1a: Grimmi|12/100 tox
|move|p1a: Grimmi|Spirit Break|p2a: Great Tusk
|-supereffective|p2a: Great Tusk
|-damage|p2a: Great Tusk|0 fnt
|faint|p2a: Great Tusk
|-end|p2a: Great Tusk|Protosynthesis|[silent]
|
|-damage|p1a: Grimmi|0 fnt|[from] psn
|faint|p1a: Grimmi
|upkeep
|
|t:|1757900973
|switch|p2a: Araquanid|Araquanid, M|100/100
|switch|p1a: Toxic💜|Toxtricity-Low-Key, M|100/100
|-damage|p1a: Toxic💜|88/100|[from] Stealth Rock
|turn|13
|
|t:|1757900994
|switch|p2a: Heatran|Heatran, M|100/100
|move|p1a: Toxic💜|Overdrive|p2a: Heatran
|-damage|p2a: Heatran|72/100
|-enditem|p1a: Toxic💜|Throat Spray
|-boost|p1a: Toxic💜|spa|1|[from] item: Throat Spray
|
|upkeep
|turn|14
|
|t:|1757901004
|move|p2a: Heatran|Earth Power|p1a: Toxic💜
|-supereffective|p1a: Toxic💜
|-crit|p1a: Toxic💜
|-damage|p1a: Toxic💜|0 fnt
|faint|p1a: Toxic💜
|
|upkeep
|
|t:|1757901034
|switch|p1a: DisBiSharp|Kingambit, M, shiny|100/100
|-damage|p1a: DisBiSharp|94/100|[from] Stealth Rock
|-activate|p1a: DisBiSharp|ability: Supreme Overlord
|-start|p1a: DisBiSharp|fallen4|[silent]
|turn|15
|
|t:|1757901046
|move|p2a: Heatran|Flamethrower|p1a: DisBiSharp
|-supereffective|p1a: DisBiSharp
|-damage|p1a: DisBiSharp|52/100
|-enditem|p1a: DisBiSharp|Weakness Policy
|-boost|p1a: DisBiSharp|atk|2|[from] item: Weakness Policy
|-boost|p1a: DisBiSharp|spa|2|[from] item: Weakness Policy
|move|p1a: DisBiSharp|Brick Break|p2a: Heatran
|-supereffective|p2a: Heatran
|-damage|p2a: Heatran|0 fnt
|faint|p2a: Heatran
|
|-sideend|p1: Kidday|move: Light Screen
|upkeep
|
|t:|1757901074
|switch|p2a: Weezing|Weezing-Galar, F|45/100
|turn|16
|
|t:|1757901084
|move|p2a: Weezing|Will-O-Wisp|p1a: DisBiSharp
|-status|p1a: DisBiSharp|brn
|move|p1a: DisBiSharp|Iron Head|p2a: Weezing
|-supereffective|p2a: Weezing
|-damage|p2a: Weezing|0 fnt
|faint|p2a: Weezing
|
|-damage|p1a: DisBiSharp|46/100 brn|[from] brn
|upkeep
|
|t:|1757901101
|switch|p2a: Araquanid|Araquanid, M|100/100
|turn|17
|
|t:|1757901119
|move|p1a: DisBiSharp|Kowtow Cleave|p2a: Araquanid
|-damage|p2a: Araquanid|22/100
|move|p2a: Araquanid|Leech Life|p1a: DisBiSharp
|-damage|p1a: DisBiSharp|35/100 brn
|-heal|p2a: Araquanid|28/100|[from] drain|[of] p1a: DisBiSharp
|
|-damage|p1a: DisBiSharp|29/100 brn|[from] brn
|-sideend|p1: Kidday|Reflect
|upkeep
|turn|18
|
|t:|1757901129
|move|p1a: DisBiSharp|Kowtow Cleave|p2a: Araquanid
|-damage|p2a: Araquanid|0 fnt
|faint|p2a: Araquanid
|
|-damage|p1a: DisBiSharp|23/100 brn|[from] brn
|upkeep
|
|t:|1757901135
|switch|p2a: Darkrai|Darkrai|100/100
|turn|19
|
|t:|1757901146
|-terastallize|p2a: Darkrai|Ghost
|move|p1a: DisBiSharp|Sucker Punch||[still]
|-fail|p1a: DisBiSharp
|move|p2a: Darkrai|Nasty Plot|p2a: Darkrai
|-boost|p2a: Darkrai|spa|2
|
|-damage|p1a: DisBiSharp|17/100 brn|[from] brn
|upkeep
|turn|20
|
|t:|1757901157
|move|p2a: Darkrai|Shadow Ball|p1a: DisBiSharp
|-resisted|p1a: DisBiSharp
|-damage|p1a: DisBiSharp|0 fnt
|faint|p1a: DisBiSharp
|-end|p1a: DisBiSharp|fallen4|[silent]
|
|upkeep
|
|t:|1757901160
|switch|p1a: BigBlue 💙|Blastoise, M, shiny|100/100
|-damage|p1a: BigBlue 💙|88/100|[from] Stealth Rock
|turn|21
|
|t:|1757901168
|-terastallize|p1a: BigBlue 💙|Water
|move|p2a: Darkrai|Shadow Ball|p1a: BigBlue 💙
|-damage|p1a: BigBlue 💙|4/100
|move|p1a: BigBlue 💙|Shell Smash|p1a: BigBlue 💙
|-unboost|p1a: BigBlue 💙|def|1
|-unboost|p1a: BigBlue 💙|spd|1
|-boost|p1a: BigBlue 💙|atk|2
|-boost|p1a: BigBlue 💙|spa|2
|-boost|p1a: BigBlue 💙|spe|2
|-enditem|p1a: BigBlue 💙|White Herb
|-clearnegativeboost|p1a: BigBlue 💙|[silent]
|
|upkeep
|turn|22
|
|t:|1757901183
|move|p1a: BigBlue 💙|Surf|p2a: Darkrai
|-enditem|p2a: Darkrai|Focus Sash
|-damage|p2a: Darkrai|1/100
|move|p2a: Darkrai|Shadow Ball|p1a: BigBlue 💙
|-damage|p1a: BigBlue 💙|0 fnt
|faint|p1a: BigBlue 💙
|
|win|TJ13_SSB
|raw|Kidday's rating: 1270 &rarr; <strong>1242</strong><br />(-28 for losing)
|raw|TJ13_SSB's rating: 1227 &rarr; <strong>1255</strong><br />(+28 for winning)
|c|☆TJ13_SSB|gg
|c|☆Kidday|I gues
|c|☆TJ13_SSB|lol
