|j|☆kinsword
|j|☆kurogite
|t:|1757851747
|gametype|singles
|player|p1|kinsword|170|1318
|player|p2|kurogite|flint|1367
|gen|9
|tier|[Gen 9] OU
|rated|
|rule|HP Percentage Mod: HP is shown in percentages
|rule|Endless Battle Clause: Forcing endless battles is banned
|rule|Species Clause: Limit one of each Pokémon
|rule|OHKO Clause: OHKO moves are banned
|rule|Evasion Items Clause: Evasion items are banned
|rule|Evasion Moves Clause: Evasion moves are banned
|rule|Evasion Abilities Clause: Evasion abilities are banned
|rule|Sleep Moves Clause: Sleep-inducing moves are banned
|clearpoke
|poke|p1|Tyranitar, M|
|poke|p1|Samurott, M|
|poke|p1|Zapdos-Galar|
|poke|p1|Excadrill, M|
|poke|p1|Enamorus-Therian, F|
|poke|p1|Overqwil, M|
|poke|p2|Primarina, F|
|poke|p2|Ting-Lu|
|poke|p2|Sinistcha|
|poke|p2|Skeledirge, F|
|poke|p2|Samurott-Hisui, F|
|poke|p2|Slowking-Galar, F|
|teampreview
|inactive|Battle timer is ON: inactive players will automatically lose when time's up. (requested by kinsword)
|
|t:|1757851774
|teamsize|p1|6
|teamsize|p2|6
|start
|switch|p1a: Zapdos|Zapdos-Galar|100/100
|switch|p2a: Primarina|Primarina, F|100/100
|turn|1
|
|t:|1757851782
|move|p1a: Zapdos|U-turn|p2a: Primarina
|-resisted|p2a: Primarina
|-damage|p2a: Primarina|87/100
|
|t:|1757851787
|switch|p1a: Overqwil|Overqwil, M|100/100|[from] U-turn
|-ability|p1a: Overqwil|Intimidate|boost
|-unboost|p2a: Primarina|atk|1
|move|p2a: Primarina|Flip Turn|p1a: Overqwil
|-damage|p1a: Overqwil|92/100
|
|t:|1757851808
|switch|p2a: Ting-Lu|Ting-Lu|100/100|[from] Flip Turn
|-ability|p2a: Ting-Lu|Vessel of Ruin
|
|-heal|p1a: Overqwil|98/100|[from] item: Leftovers
|upkeep
|turn|2
|
|t:|1757851816
|move|p1a: Overqwil|Toxic|p2a: Ting-Lu
|-status|p2a: Ting-Lu|tox
|move|p2a: Ting-Lu|Stealth Rock|p1a: Overqwil
|-sidestart|p1: kinsword|move: Stealth Rock
|
|-heal|p1a: Overqwil|100/100|[from] item: Leftovers
|-damage|p2a: Ting-Lu|94/100 tox|[from] psn
|upkeep
|turn|3
|
|t:|1757851831
|switch|p1a: Zapdos|Zapdos-Galar|100/100
|-damage|p1a: Zapdos|88/100|[from] Stealth Rock
|move|p2a: Ting-Lu|Earthquake|p1a: Zapdos
|-immune|p1a: Zapdos
|
|-heal|p2a: Ting-Lu|100/100 tox|[from] item: Leftovers
|-damage|p2a: Ting-Lu|88/100 tox|[from] psn
|upkeep
|turn|4
|
|t:|1757851842
|switch|p2a: Skeledirge|Skeledirge, F|100/100
|move|p1a: Zapdos|Knock Off|p2a: Skeledirge
|-supereffective|p2a: Skeledirge
|-damage|p2a: Skeledirge|64/100
|-enditem|p2a: Skeledirge|Heavy-Duty Boots|[from] move: Knock Off|[of] p1a: Zapdos
|
|upkeep
|turn|5
|
|t:|1757851855
|switch|p1a: Samurott|Samurott, M|100/100
|-damage|p1a: Samurott|88/100|[from] Stealth Rock
|switch|p2a: Samurott|Samurott-Hisui, F|100/100
|
|upkeep
|turn|6
|
|t:|1757851863
|move|p2a: Samurott|Ceaseless Edge|p1a: Samurott
|-damage|p1a: Samurott|35/100
|-sidestart|p1: kinsword|Spikes
|move|p1a: Samurott|Megahorn|p2a: Samurott
|-supereffective|p2a: Samurott
|-damage|p2a: Samurott|29/100
|
|upkeep
|turn|7
|
|t:|1757851879
|move|p2a: Samurott|Ceaseless Edge|p1a: Samurott
|-damage|p1a: Samurott|0 fnt
|-sidestart|p1: kinsword|Spikes
|faint|p1a: Samurott
|
|upkeep
|
|t:|1757851890
|switch|p1a: Excadrill|Excadrill, M|100/100
|-damage|p1a: Excadrill|97/100|[from] Stealth Rock
|-damage|p1a: Excadrill|81/100|[from] Spikes
|-ability|p1a: Excadrill|Mold Breaker
|turn|8
|
|t:|1757851897
|switch|p2a: Sinistcha|Sinistcha|100/100
|move|p1a: Excadrill|Earthquake|p2a: Sinistcha
|-resisted|p2a: Sinistcha
|-damage|p2a: Sinistcha|83/100
|
|upkeep
|turn|9
|
|t:|1757851909
|switch|p1a: Overqwil|Overqwil, M|100/100
|-damage|p1a: Overqwil|88/100|[from] Stealth Rock
|-damage|p1a: Overqwil|72/100|[from] Spikes
|-ability|p1a: Overqwil|Intimidate|boost
|-unboost|p2a: Sinistcha|atk|1
|move|p2a: Sinistcha|Matcha Gotcha|p1a: Overqwil
|-resisted|p1a: Overqwil
|-damage|p1a: Overqwil|52/100
|-heal|p2a: Sinistcha|94/100|[from] drain|[of] p1a: Overqwil
|
|-heal|p1a: Overqwil|58/100|[from] item: Leftovers
|upkeep
|turn|10
|
|t:|1757851927
|switch|p2a: Ting-Lu|Ting-Lu|88/100 tox
|-ability|p2a: Ting-Lu|Vessel of Ruin
|move|p1a: Overqwil|Liquidation|p2a: Ting-Lu
|-supereffective|p2a: Ting-Lu
|-damage|p2a: Ting-Lu|60/100 tox
|
|-heal|p1a: Overqwil|64/100|[from] item: Leftovers
|-heal|p2a: Ting-Lu|66/100 tox|[from] item: Leftovers
|-damage|p2a: Ting-Lu|60/100 tox|[from] psn
|upkeep
|turn|11
|
|t:|1757851940
|move|p1a: Overqwil|Liquidation|p2a: Ting-Lu
|-supereffective|p2a: Ting-Lu
|-damage|p2a: Ting-Lu|31/100 tox
|move|p2a: Ting-Lu|Whirlwind|p1a: Overqwil
|drag|p1a: Excadrill|Excadrill, M|81/100
|-damage|p1a: Excadrill|78/100|[from] Stealth Rock
|-damage|p1a: Excadrill|61/100|[from] Spikes
|-ability|p1a: Excadrill|Mold Breaker
|
|-heal|p2a: Ting-Lu|37/100 tox|[from] item: Leftovers
|-damage|p2a: Ting-Lu|25/100 tox|[from] psn
|upkeep
|turn|12
|
|t:|1757851954
|switch|p2a: Sinistcha|Sinistcha|94/100
|move|p1a: Excadrill|Rapid Spin|p2a: Sinistcha
|-immune|p2a: Sinistcha
|
|upkeep
|turn|13
|
|t:|1757851961
|move|p1a: Excadrill|Iron Head|p2a: Sinistcha
|-damage|p2a: Sinistcha|63/100
|cant|p2a: Sinistcha|flinch
|
|upkeep
|turn|14
|
|t:|1757851966
|move|p1a: Excadrill|Iron Head|p2a: Sinistcha
|-damage|p2a: Sinistcha|36/100
|move|p2a: Sinistcha|Strength Sap|p1a: Excadrill
|-unboost|p1a: Excadrill|atk|1
|-heal|p2a: Sinistcha|100/100
|
|upkeep
|turn|15
|
|t:|1757851975
|switch|p1a: Zapdos|Zapdos-Galar|88/100
|-damage|p1a: Zapdos|76/100|[from] Stealth Rock
|move|p2a: Sinistcha|Matcha Gotcha|p1a: Zapdos
|-resisted|p1a: Zapdos
|-damage|p1a: Zapdos|57/100
|
|upkeep
|turn|16
|
|t:|1757851984
|switch|p2a: Skeledirge|Skeledirge, F|64/100
|move|p1a: Zapdos|Brave Bird|p2a: Skeledirge
|-damage|p2a: Skeledirge|28/100
|-damage|p1a: Zapdos|42/100|[from] Recoil
|
|upkeep
|turn|17
|
|t:|1757851996
|move|p1a: Zapdos|Brave Bird|p2a: Skeledirge
|-damage|p2a: Skeledirge|0 fnt
|faint|p2a: Skeledirge
|-damage|p1a: Zapdos|30/100|[from] Recoil
|
|upkeep
|
|t:|1757852001
|switch|p2a: Samurott|Samurott-Hisui, F|29/100
|turn|18
|
|t:|1757852010
|switch|p1a: Tyranitar|Tyranitar, M|100/100
|-damage|p1a: Tyranitar|88/100|[from] Stealth Rock
|-damage|p1a: Tyranitar|72/100|[from] Spikes
|-weather|Sandstorm|[from] ability: Sand Stream|[of] p1a: Tyranitar
|move|p2a: Samurott|Aqua Cutter|p1a: Tyranitar
|-supereffective|p1a: Tyranitar
|-damage|p1a: Tyranitar|0 fnt
|faint|p1a: Tyranitar
|
|-weather|Sandstorm|[upkeep]
|-damage|p2a: Samurott|23/100|[from] Sandstorm
|upkeep
|
|t:|1757852024
|switch|p1a: Excadrill|Excadrill, M|61/100
|-damage|p1a: Excadrill|58/100|[from] Stealth Rock
|-damage|p1a: Excadrill|41/100|[from] Spikes
|-ability|p1a: Excadrill|Mold Breaker
|turn|19
|l|☆kinsword
|inactive|kinsword disconnected and has a minute to reconnect!
|player|p1|
|inactive|kinsword has 30 seconds to reconnect!
|inactive|kinsword has 20 seconds to reconnect!
|j|☆kinsword
|inactive|kinsword reconnected and has 90 seconds left.
|player|p1|kinsword|170|
|
|t:|1757852091
|move|p2a: Samurott|Aqua Cutter|p1a: Excadrill
|-supereffective|p1a: Excadrill
|-crit|p1a: Excadrill
|-damage|p1a: Excadrill|0 fnt
|faint|p1a: Excadrill
|
|-weather|Sandstorm|[upkeep]
|-damage|p2a: Samurott|16/100|[from] Sandstorm
|upkeep
|
|t:|1757852099
|switch|p1a: Zapdos|Zapdos-Galar|30/100
|-damage|p1a: Zapdos|18/100|[from] Stealth Rock
|turn|20
|
|t:|1757852103
|move|p1a: Zapdos|Brave Bird|p2a: Samurott
|-damage|p2a: Samurott|0 fnt
|faint|p2a: Samurott
|-damage|p1a: Zapdos|12/100|[from] Recoil
|
|-weather|Sandstorm|[upkeep]
|-damage|p1a: Zapdos|6/100|[from] Sandstorm
|upkeep
|
|t:|1757852118
|switch|p2a: Slowking|Slowking-Galar, F|100/100
|turn|21
|
|t:|1757852122
|switch|p2a: Ting-Lu|Ting-Lu|25/100 tox
|-ability|p2a: Ting-Lu|Vessel of Ruin
|move|p1a: Zapdos|Brave Bird|p2a: Ting-Lu
|-damage|p2a: Ting-Lu|0 fnt
|faint|p2a: Ting-Lu
|-damage|p1a: Zapdos|0 fnt|[from] Recoil
|faint|p1a: Zapdos
|
|-weather|Sandstorm|[upkeep]
|upkeep
|inactive|kurogite has 120 seconds left.
|
|t:|1757852152
|switch|p1a: Overqwil|Overqwil, M|64/100
|switch|p2a: Primarina|Primarina, F|87/100
|-damage|p1a: Overqwil|52/100|[from] Stealth Rock
|-damage|p1a: Overqwil|35/100|[from] Spikes
|-ability|p1a: Overqwil|Intimidate|boost
|-unboost|p2a: Primarina|atk|1
|turn|22
|inactive|kurogite has 120 seconds left.
|
|t:|1757852169
|-terastallize|p2a: Primarina|Water
|move|p1a: Overqwil|Gunk Shot|p2a: Primarina|[miss]
|-miss|p1a: Overqwil|p2a: Primarina
|move|p2a: Primarina|Hydro Pump|p1a: Overqwil
|-damage|p1a: Overqwil|0 fnt
|faint|p1a: Overqwil
|
|-weather|none
|upkeep
|-message|kinsword forfeited.
|
|win|kurogite
|raw|kinsword's rating: 1318 &rarr; <strong>1301</strong><br />(-17 for losing)
|raw|kurogite's rating: 1367 &rarr; <strong>1384</strong><br />(+17 for winning)
|l|☆kinsword
|player|p1|
|l|☆kurogite
|player|p2|
