|j|☆mustang Dijon
|j|☆Alphalegacy
|t:|1757806969
|gametype|singles
|player|p1|mustang Dijon|blue|1263
|player|p2|Alphalegacy|266|1220
|gen|9
|tier|[Gen 9] OU
|rated|
|rule|HP Percentage Mod: HP is shown in percentages
|rule|Endless Battle Clause: Forcing endless battles is banned
|rule|Species Clause: Limit one of each Pokémon
|rule|OHKO Clause: OHKO moves are banned
|rule|Evasion Items Clause: Evasion items are banned
|rule|Evasion Moves Clause: Evasion moves are banned
|rule|Evasion Abilities Clause: Evasion abilities are banned
|rule|Sleep Moves Clause: Sleep-inducing moves are banned
|clearpoke
|poke|p1|Weavile, M|
|poke|p1|Sinistcha|
|poke|p1|Cinderace, M|
|poke|p1|Ursaluna, F|
|poke|p1|Zapdos|
|poke|p1|Azumarill, M|
|poke|p2|Ting-Lu|
|poke|p2|Darkrai|
|poke|p2|Iron Moth|
|poke|p2|Tornadus-Therian, M|
|poke|p2|Cinderace, F|
|poke|p2|Slowking, M|
|teampreview
|inactive|Battle timer is ON: inactive players will automatically lose when time's up. (requested by mustang Dijon)
|
|t:|1757806975
|teamsize|p1|6
|teamsize|p2|6
|start
|switch|p1a: Azuzu|Zapdos|100/100
|switch|p2a: Ting-Lu|Ting-Lu|100/100
|-ability|p2a: Ting-Lu|Vessel of Ruin
|turn|1
|
|t:|1757806978
|move|p1a: Azuzu|U-turn|p2a: Ting-Lu
|-supereffective|p2a: Ting-Lu
|-damage|p2a: Ting-Lu|90/100
|-damage|p1a: Azuzu|84/100|[from] item: Rocky Helmet|[of] p2a: Ting-Lu
|
|t:|1757806980
|switch|p1a: Chief|Weavile, M|100/100|[from] U-turn
|-ability|p1a: Chief|Pressure
|move|p2a: Ting-Lu|Stealth Rock|p1a: Chief
|-sidestart|p1: mustang Dijon|move: Stealth Rock
|
|upkeep
|turn|2
|
|t:|1757806984
|-terastallize|p2a: Ting-Lu|Ghost
|move|p1a: Chief|Swords Dance|p1a: Chief
|-boost|p1a: Chief|atk|2
|move|p2a: Ting-Lu|Spikes|p1a: Chief
|-sidestart|p1: mustang Dijon|Spikes
|
|upkeep
|turn|3
|
|t:|1757806990
|move|p1a: Chief|Knock Off|p2a: Ting-Lu
|-supereffective|p2a: Ting-Lu
|-damage|p2a: Ting-Lu|8/100
|-damage|p1a: Chief|84/100|[from] item: Rocky Helmet|[of] p2a: Ting-Lu
|-enditem|p2a: Ting-Lu|Rocky Helmet|[from] move: Knock Off|[of] p1a: Chief
|move|p2a: Ting-Lu|Whirlwind|p1a: Chief
|drag|p1a: Evil one|Cinderace, M|100/100
|
|upkeep
|turn|4
|
|t:|1757807000
|move|p1a: Evil one|Court Change|p1a: Evil one
|-start|p1a: Evil one|typechange|Normal|[from] ability: Libero
|-swapsideconditions
|-activate|p1a: Evil one|move: Court Change
|move|p2a: Ting-Lu|Spikes|p1a: Evil one
|-sidestart|p1: mustang Dijon|Spikes
|
|upkeep
|turn|5
|
|t:|1757807006
|move|p1a: Evil one|Pyro Ball|p2a: Ting-Lu
|-damage|p2a: Ting-Lu|0 fnt
|faint|p2a: Ting-Lu
|
|upkeep
|
|t:|1757807011
|switch|p2a: Cinderace|Cinderace, F|100/100
|turn|6
|
|t:|1757807016
|switch|p1a: SumTing|Azumarill, M|100/100
|-damage|p1a: SumTing|88/100|[from] Spikes
|move|p2a: Cinderace|Court Change|p2a: Cinderace
|-start|p2a: Cinderace|typechange|Normal|[from] ability: Libero
|-swapsideconditions
|-activate|p2a: Cinderace|move: Court Change
|
|-heal|p1a: SumTing|94/100|[from] item: Leftovers
|upkeep
|turn|7
|
|t:|1757807021
|move|p2a: Cinderace|U-turn|p1a: SumTing
|-resisted|p1a: SumTing
|-damage|p1a: SumTing|83/100
|
|t:|1757807025
|switch|p2a: Slowking|Slowking, M|100/100|[from] U-turn
|-damage|p2a: Slowking|88/100|[from] Spikes
|move|p1a: SumTing|Liquidation|p2a: Slowking
|-resisted|p2a: Slowking
|-damage|p2a: Slowking|60/100
|-unboost|p2a: Slowking|def|1
|
|-heal|p1a: SumTing|89/100|[from] item: Leftovers
|upkeep
|turn|8
|
|t:|1757807029
|move|p1a: SumTing|Play Rough|p2a: Slowking
|-damage|p2a: Slowking|0 fnt
|faint|p2a: Slowking
|
|-heal|p1a: SumTing|95/100|[from] item: Leftovers
|upkeep
|
|t:|1757807033
|switch|p2a: Darkrai|Darkrai|100/100
|turn|9
|
|t:|1757807036
|-terastallize|p1a: SumTing|Water
|move|p2a: Darkrai|Nasty Plot|p2a: Darkrai
|-boost|p2a: Darkrai|spa|2
|move|p1a: SumTing|Liquidation|p2a: Darkrai
|-damage|p2a: Darkrai|4/100
|-unboost|p2a: Darkrai|def|1
|
|-heal|p1a: SumTing|100/100|[from] item: Leftovers
|upkeep
|turn|10
|
|t:|1757807043
|move|p1a: SumTing|Aqua Jet|p2a: Darkrai
|-damage|p2a: Darkrai|0 fnt
|faint|p2a: Darkrai
|
|upkeep
|
|t:|1757807047
|switch|p2a: Tornadus|Tornadus-Therian, M|100/100
|turn|11
|
|t:|1757807054
|move|p2a: Tornadus|Bleakwind Storm|p1a: SumTing|[miss]
|-miss|p2a: Tornadus|p1a: SumTing
|move|p1a: SumTing|Liquidation|p2a: Tornadus
|-damage|p2a: Tornadus|0 fnt
|faint|p2a: Tornadus
|
|upkeep
|
|t:|1757807056
|switch|p2a: Iron Moth|Iron Moth|100/100
|-damage|p2a: Iron Moth|88/100|[from] Spikes
|-enditem|p2a: Iron Moth|Booster Energy
|-activate|p2a: Iron Moth|ability: Quark Drive|[fromitem]
|-start|p2a: Iron Moth|quarkdrivespa
|turn|12
|
|t:|1757807058
|move|p1a: SumTing|Aqua Jet|p2a: Iron Moth
|-supereffective|p2a: Iron Moth
|-damage|p2a: Iron Moth|0 fnt
|faint|p2a: Iron Moth
|-end|p2a: Iron Moth|Quark Drive|[silent]
|
|upkeep
|
|t:|1757807061
|switch|p2a: Cinderace|Cinderace, F|100/100
|turn|13
|
|t:|1757807063
|move|p2a: Cinderace|Pyro Ball|p1a: SumTing
|-resisted|p1a: SumTing
|-damage|p1a: SumTing|71/100
|move|p1a: SumTing|Liquidation|p2a: Cinderace
|-supereffective|p2a: Cinderace
|-damage|p2a: Cinderace|0 fnt
|faint|p2a: Cinderace
|
|win|mustang Dijon
|raw|mustang Dijon's rating: 1263 &rarr; <strong>1285</strong><br />(+22 for winning)
|raw|Alphalegacy's rating: 1220 &rarr; <strong>1198</strong><br />(-22 for losing)
|l|☆Alphalegacy
|player|p2|
