|j|☆nmx123
|j|☆LVL62Monoco
|t:|1757952811
|gametype|singles
|player|p1|nmx123|1|1526
|player|p2|LVL62Monoco|265|1493
|gen|9
|tier|[Gen 9] OU
|rated|
|rule|HP Percentage Mod: HP is shown in percentages
|rule|Endless Battle Clause: Forcing endless battles is banned
|rule|Species Clause: Limit one of each Pokémon
|rule|OHKO Clause: OHKO moves are banned
|rule|Evasion Items Clause: Evasion items are banned
|rule|Evasion Moves Clause: Evasion moves are banned
|rule|Evasion Abilities Clause: Evasion abilities are banned
|rule|Sleep Moves Clause: Sleep-inducing moves are banned
|clearpoke
|poke|p1|Dragonite, F|
|poke|p1|Zamazenta-*|
|poke|p1|Ting-Lu|
|poke|p1|Gholdengo|
|poke|p1|Raging Bolt|
|poke|p1|Cinderace, F|
|poke|p2|Rillaboom, M|
|poke|p2|Hawlucha, M|
|poke|p2|Feraligatr, M|
|poke|p2|Slowbro-Galar, M|
|poke|p2|Glimmora, F|
|poke|p2|Mew|
|teampreview
|inactive|Battle timer is ON: inactive players will automatically lose when time's up. (requested by nmx123)
|
|t:|1757952819
|teamsize|p1|6
|teamsize|p2|6
|start
|switch|p1a: Ting-Lu|Ting-Lu|100/100
|switch|p2a: Glimmora|Glimmora, F|100/100
|-ability|p1a: Ting-Lu|Vessel of Ruin
|turn|1
|inactive|LVL62Monoco has 120 seconds left.
|inactive|LVL62Monoco has 90 seconds left.
|inactive|LVL62Monoco has 60 seconds left.
|
|t:|1757952938
|switch|p2a: Rillaboom|Rillaboom, M, shiny|100/100
|-fieldstart|move: Grassy Terrain|[from] ability: Grassy Surge|[of] p2a: Rillaboom
|move|p1a: Ting-Lu|Earthquake|p2a: Rillaboom
|-resisted|p2a: Rillaboom
|-damage|p2a: Rillaboom|89/100
|
|-heal|p2a: Rillaboom|95/100|[from] Grassy Terrain
|upkeep
|turn|2
|
|t:|1757952951
|switch|p1a: Zamazenta|Zamazenta|100/100
|-ability|p1a: Zamazenta|Dauntless Shield|boost
|-boost|p1a: Zamazenta|def|1
|move|p2a: Rillaboom|Knock Off|p1a: Zamazenta
|-resisted|p1a: Zamazenta
|-damage|p1a: Zamazenta|93/100
|-enditem|p1a: Zamazenta|Leftovers|[from] move: Knock Off|[of] p2a: Rillaboom
|
|-heal|p1a: Zamazenta|99/100|[from] Grassy Terrain
|-heal|p2a: Rillaboom|100/100|[from] Grassy Terrain
|upkeep
|turn|3
|
|t:|1757952963
|move|p1a: Zamazenta|Iron Defense|p1a: Zamazenta
|-boost|p1a: Zamazenta|def|2
|move|p2a: Rillaboom|U-turn|p1a: Zamazenta
|-resisted|p1a: Zamazenta
|-damage|p1a: Zamazenta|95/100
|inactive|LVL62Monoco has 30 seconds left.
|
|t:|1757952985
|switch|p2a: Glimmora|Glimmora, F|100/100|[from] U-turn
|
|-heal|p1a: Zamazenta|100/100|[from] Grassy Terrain
|upkeep
|turn|4
|inactive|LVL62Monoco has 30 seconds left.
|
|t:|1757953014
|move|p1a: Zamazenta|Body Press|p2a: Glimmora
|-damage|p2a: Glimmora|0 fnt
|-activate|p2a: Glimmora|ability: Toxic Debris
|-sidestart|p1: nmx123|move: Toxic Spikes
|faint|p2a: Glimmora
|
|upkeep
|inactive|LVL62Monoco has 30 seconds left.
|
|t:|1757953028
|switch|p2a: Slowbro|Slowbro-Galar, M, shiny|100/100
|turn|5
|inactive|LVL62Monoco has 30 seconds left.
|
|t:|1757953041
|move|p1a: Zamazenta|Crunch|p2a: Slowbro
|-supereffective|p2a: Slowbro
|-damage|p2a: Slowbro|51/100
|move|p2a: Slowbro|Psychic|p1a: Zamazenta
|-supereffective|p1a: Zamazenta
|-crit|p1a: Zamazenta
|-damage|p1a: Zamazenta|0 fnt
|faint|p1a: Zamazenta
|
|-heal|p2a: Slowbro|57/100|[from] Grassy Terrain
|-fieldend|move: Grassy Terrain
|upkeep
|
|t:|1757953049
|switch|p1a: Gholdengo|Gholdengo|100/100
|turn|6
|-activate|p2a: Slowbro|item: Quick Claw
|
|t:|1757953058
|-terastallize|p2a: Slowbro|Fire
|move|p2a: Slowbro|Flamethrower|p1a: Gholdengo
|-supereffective|p1a: Gholdengo
|-damage|p1a: Gholdengo|3/100
|move|p1a: Gholdengo|Nasty Plot|p1a: Gholdengo
|-boost|p1a: Gholdengo|spa|2
|
|upkeep
|turn|7
|-activate|p2a: Slowbro|ability: Quick Draw
|
|t:|1757953067
|move|p2a: Slowbro|Ice Beam|p1a: Gholdengo
|-resisted|p1a: Gholdengo
|-damage|p1a: Gholdengo|0 fnt
|faint|p1a: Gholdengo
|
|upkeep
|
|t:|1757953072
|switch|p1a: Dragonite|Dragonite, F|100/100
|turn|8
|-activate|p2a: Slowbro|ability: Quick Draw
|
|t:|1757953086
|move|p1a: Dragonite|Extreme Speed|p2a: Slowbro
|-damage|p2a: Slowbro|6/100
|move|p2a: Slowbro|Ice Beam|p1a: Dragonite
|-supereffective|p1a: Dragonite
|-damage|p1a: Dragonite|48/100
|
|upkeep
|turn|9
|
|t:|1757953105
|move|p1a: Dragonite|Extreme Speed|p2a: Slowbro
|-damage|p2a: Slowbro|0 fnt
|faint|p2a: Slowbro
|
|upkeep
|
|t:|1757953122
|switch|p2a: Feraligatr|Feraligatr, M|100/100
|turn|10
|
|t:|1757953131
|-terastallize|p1a: Dragonite|Normal
|move|p1a: Dragonite|Extreme Speed|p2a: Feraligatr
|-damage|p2a: Feraligatr|22/100
|move|p2a: Feraligatr|Ice Punch|p1a: Dragonite
|-damage|p1a: Dragonite|11/100
|
|upkeep
|turn|11
|
|t:|1757953138
|move|p1a: Dragonite|Extreme Speed|p2a: Feraligatr
|-damage|p2a: Feraligatr|0 fnt
|faint|p2a: Feraligatr
|
|upkeep
|
|t:|1757953148
|switch|p2a: Rillaboom|Rillaboom, M, shiny|100/100
|-fieldstart|move: Grassy Terrain|[from] ability: Grassy Surge|[of] p2a: Rillaboom
|turn|12
|
|t:|1757953154
|move|p2a: Rillaboom|Fake Out|p1a: Dragonite
|-damage|p1a: Dragonite|0 fnt
|faint|p1a: Dragonite
|
|upkeep
|
|t:|1757953157
|switch|p1a: Cinderace|Cinderace, F|100/100
|turn|13
|
|t:|1757953162
|move|p1a: Cinderace|Pyro Ball|p2a: Rillaboom
|-supereffective|p2a: Rillaboom
|-damage|p2a: Rillaboom|0 fnt
|faint|p2a: Rillaboom
|
|upkeep
|
|t:|1757953167
|switch|p2a: Hawlucha|Hawlucha, M, shiny|100/100
|-enditem|p2a: Hawlucha|Grassy Seed
|-boost|p2a: Hawlucha|def|1|[from] item: Grassy Seed
|turn|14
|
|t:|1757953194
|move|p2a: Hawlucha|Substitute|p2a: Hawlucha
|-start|p2a: Hawlucha|Substitute
|-damage|p2a: Hawlucha|76/100
|move|p1a: Cinderace|Will-O-Wisp||[still]
|-fail|p1a: Cinderace
|
|upkeep
|turn|15
|
|t:|1757953200
|move|p2a: Hawlucha|Swords Dance|p2a: Hawlucha
|-boost|p2a: Hawlucha|atk|2
|move|p1a: Cinderace|Pyro Ball|p2a: Hawlucha
|-end|p2a: Hawlucha|Substitute
|
|upkeep
|turn|16
|
|t:|1757953207
|move|p2a: Hawlucha|Substitute|p2a: Hawlucha
|-start|p2a: Hawlucha|Substitute
|-damage|p2a: Hawlucha|51/100
|move|p1a: Cinderace|Pyro Ball|p2a: Hawlucha
|-end|p2a: Hawlucha|Substitute
|
|-fieldend|move: Grassy Terrain
|upkeep
|turn|17
|
|t:|1757953213
|move|p2a: Hawlucha|Substitute|p2a: Hawlucha
|-start|p2a: Hawlucha|Substitute
|-damage|p2a: Hawlucha|26/100
|move|p1a: Cinderace|U-turn|p2a: Hawlucha
|-start|p1a: Cinderace|typechange|Bug|[from] ability: Libero
|-resisted|p2a: Hawlucha
|-activate|p2a: Hawlucha|move: Substitute|[damage]
|
|t:|1757953221
|switch|p1a: Raging Bolt|Raging Bolt|100/100|[from] U-turn
|-status|p1a: Raging Bolt|psn
|
|-damage|p1a: Raging Bolt|88/100 psn|[from] psn
|upkeep
|turn|18
|
|t:|1757953227
|move|p2a: Hawlucha|Close Combat|p1a: Raging Bolt
|-damage|p1a: Raging Bolt|0 fnt
|-unboost|p2a: Hawlucha|def|1
|-unboost|p2a: Hawlucha|spd|1
|faint|p1a: Raging Bolt
|-end|p1a: Raging Bolt|Protosynthesis|[silent]
|
|upkeep
|inactive|nmx123 has 120 seconds left.
|
|t:|1757953261
|switch|p1a: Cinderace|Cinderace, F|100/100
|turn|19
|inactive|LVL62Monoco has 120 seconds left.
|
|t:|1757953277
|move|p2a: Hawlucha|Acrobatics|p1a: Cinderace
|-damage|p1a: Cinderace|0 fnt
|faint|p1a: Cinderace
|
|upkeep
|
|t:|1757953282
|switch|p1a: Ting-Lu|Ting-Lu|100/100
|-status|p1a: Ting-Lu|psn
|-ability|p1a: Ting-Lu|Vessel of Ruin
|turn|20
|
|t:|1757953288
|move|p2a: Hawlucha|Close Combat|p1a: Ting-Lu
|-supereffective|p1a: Ting-Lu
|-damage|p1a: Ting-Lu|0 fnt
|-unboost|p2a: Hawlucha|def|1
|-unboost|p2a: Hawlucha|spd|1
|faint|p1a: Ting-Lu
|
|win|LVL62Monoco
|raw|nmx123's rating: 1526 &rarr; <strong>1504</strong><br />(-22 for losing)
|raw|LVL62Monoco's rating: 1493 &rarr; <strong>1515</strong><br />(+22 for winning)
|l|☆LVL62Monoco
|player|p2|
