|j|☆nestlillo
|j|☆ILoveAdaWong22
|t:|1757870831
|gametype|singles
|player|p1|nestlillo|shadowtriad|1229
|player|p2|ILoveAdaWong22|volkner|1183
|gen|9
|tier|[Gen 9] OU
|rated|
|rule|HP Percentage Mod: HP is shown in percentages
|rule|Endless Battle Clause: Forcing endless battles is banned
|rule|Species Clause: Limit one of each Pokémon
|rule|OHKO Clause: OHKO moves are banned
|rule|Evasion Items Clause: Evasion items are banned
|rule|Evasion Moves Clause: Evasion moves are banned
|rule|Evasion Abilities Clause: Evasion abilities are banned
|rule|Sleep Moves Clause: Sleep-inducing moves are banned
|clearpoke
|poke|p1|Hatterene, F|
|poke|p1|Iron Moth|
|poke|p1|Grimmsnarl, M|
|poke|p1|Corviknight, M|
|poke|p1|Great Tusk|
|poke|p1|Ogerpon-Wellspring, F|
|poke|p2|Blaziken, F|
|poke|p2|Indeedee-F, F|
|poke|p2|Iron Crown|
|poke|p2|Barraskewda, M|
|poke|p2|Corviknight, M|
|poke|p2|Shaymin|
|teampreview
|inactive|Battle timer is ON: inactive players will automatically lose when time's up. (requested by ILoveAdaWong22)
|inactive|nestlillo also wants the timer to be on.
|l|☆nestlillo
|inactive|nestlillo disconnected and has a minute to reconnect!
|player|p1|
|j|☆nestlillo
|inactive|nestlillo reconnected and has 120 seconds left.
|player|p1|nestlillo|shadowtriad|
|
|t:|1757870870
|teamsize|p1|6
|teamsize|p2|6
|start
|switch|p1a: Grimmsnarl|Grimmsnarl, M, shiny|100/100
|switch|p2a: Indeedee|Indeedee-F, F|100/100
|-fieldstart|move: Psychic Terrain|[from] ability: Psychic Surge|[of] p2a: Indeedee
|turn|1
|
|t:|1757870880
|move|p1a: Grimmsnarl|Light Screen|p1a: Grimmsnarl
|-sidestart|p1: nestlillo|move: Light Screen
|move|p2a: Indeedee|Alluring Voice|p1a: Grimmsnarl
|-supereffective|p1a: Grimmsnarl
|-damage|p1a: Grimmsnarl|83/100
|
|upkeep
|turn|2
|
|t:|1757870887
|switch|p2a: Iron Crown|Iron Crown|100/100
|move|p1a: Grimmsnarl|Reflect|p1a: Grimmsnarl
|-sidestart|p1: nestlillo|Reflect
|
|upkeep
|turn|3
|
|t:|1757870894
|move|p1a: Grimmsnarl|Parting Shot|p2a: Iron Crown
|-activate|p2a: Iron Crown|move: Psychic Terrain
|move|p2a: Iron Crown|Calm Mind|p2a: Iron Crown
|-boost|p2a: Iron Crown|spa|1
|-boost|p2a: Iron Crown|spd|1
|
|upkeep
|turn|4
|
|t:|1757870915
|switch|p1a: Iron Moth|Iron Moth|100/100
|-enditem|p1a: Iron Moth|Booster Energy
|-activate|p1a: Iron Moth|ability: Quark Drive|[fromitem]
|-start|p1a: Iron Moth|quarkdrivespa
|move|p2a: Iron Crown|Calm Mind|p2a: Iron Crown
|-boost|p2a: Iron Crown|spa|1
|-boost|p2a: Iron Crown|spd|1
|
|upkeep
|turn|5
|
|t:|1757870924
|move|p1a: Iron Moth|Fiery Dance|p2a: Iron Crown
|-supereffective|p2a: Iron Crown
|-damage|p2a: Iron Crown|56/100
|-boost|p1a: Iron Moth|spa|1
|move|p2a: Iron Crown|Expanding Force|p1a: Iron Moth
|-supereffective|p1a: Iron Moth
|-damage|p1a: Iron Moth|0 fnt
|faint|p1a: Iron Moth
|-end|p1a: Iron Moth|Quark Drive|[silent]
|
|-heal|p2a: Iron Crown|62/100|[from] item: Leftovers
|upkeep
|
|t:|1757870941
|switch|p1a: Great Tusk|Great Tusk|100/100
|-enditem|p1a: Great Tusk|Booster Energy
|-activate|p1a: Great Tusk|ability: Protosynthesis|[fromitem]
|-start|p1a: Great Tusk|protosynthesisatk
|turn|6
|
|t:|1757870950
|-terastallize|p2a: Iron Crown|Flying
|move|p1a: Great Tusk|Rapid Spin|p2a: Iron Crown
|-damage|p2a: Iron Crown|40/100
|-boost|p1a: Great Tusk|spe|1
|move|p2a: Iron Crown|Expanding Force|p1a: Great Tusk
|-supereffective|p1a: Great Tusk
|-damage|p1a: Great Tusk|0 fnt
|faint|p1a: Great Tusk
|-end|p1a: Great Tusk|Protosynthesis|[silent]
|
|-heal|p2a: Iron Crown|46/100|[from] item: Leftovers
|upkeep
|
|t:|1757870963
|switch|p1a: Ogerpon|Ogerpon-Wellspring, F|100/100
|turn|7
|
|t:|1757870966
|move|p1a: Ogerpon|Ivy Cudgel|p2a: Iron Crown|[anim] Ivy Cudgel Water
|-damage|p2a: Iron Crown|0 fnt
|faint|p2a: Iron Crown
|-end|p2a: Iron Crown|Quark Drive|[silent]
|
|upkeep
|
|t:|1757870977
|switch|p2a: Corviknight|Corviknight, M|100/100
|-ability|p2a: Corviknight|Pressure
|turn|8
|
|t:|1757870983
|-terastallize|p1a: Ogerpon|Water
|detailschange|p1a: Ogerpon|Ogerpon-Wellspring-Tera, F, tera:Water
|-ability|p1a: Ogerpon|Embody Aspect (Wellspring)|boost
|-boost|p1a: Ogerpon|spd|1
|move|p1a: Ogerpon|Swords Dance|p1a: Ogerpon
|-boost|p1a: Ogerpon|atk|2
|move|p2a: Corviknight|Bulk Up|p2a: Corviknight
|-boost|p2a: Corviknight|atk|1
|-boost|p2a: Corviknight|def|1
|
|-sideend|p1: nestlillo|move: Light Screen
|-fieldend|move: Psychic Terrain
|upkeep
|turn|9
|
|t:|1757870992
|move|p1a: Ogerpon|Swords Dance|p1a: Ogerpon
|-boost|p1a: Ogerpon|atk|2
|move|p2a: Corviknight|Body Press|p1a: Ogerpon
|-damage|p1a: Ogerpon|79/100
|
|-sideend|p1: nestlillo|Reflect
|upkeep
|turn|10
|
|t:|1757871000
|move|p1a: Ogerpon|Swords Dance|p1a: Ogerpon
|-boost|p1a: Ogerpon|atk|2
|move|p2a: Corviknight|Body Press|p1a: Ogerpon
|-damage|p1a: Ogerpon|32/100
|
|upkeep
|turn|11
|
|t:|1757871007
|move|p1a: Ogerpon|Horn Leech|p2a: Corviknight
|-resisted|p2a: Corviknight
|-damage|p2a: Corviknight|81/100
|-heal|p1a: Ogerpon|44/100|[from] drain|[of] p2a: Corviknight
|move|p2a: Corviknight|Body Press|p1a: Ogerpon
|-damage|p1a: Ogerpon|0 fnt
|faint|p1a: Ogerpon
|detailschange|p1: Ogerpon|Ogerpon-Wellspring, F|[silent]
|
|-heal|p2a: Corviknight|87/100|[from] item: Leftovers
|upkeep
|-message|nestlillo forfeited.
|
|win|ILoveAdaWong22
|raw|nestlillo's rating: 1229 &rarr; <strong>1201</strong><br />(-28 for losing)
|raw|ILoveAdaWong22's rating: 1183 &rarr; <strong>1211</strong><br />(+28 for winning)
|l|☆nestlillo
|player|p1|
|l|☆ILoveAdaWong22
|player|p2|
