|j|☆Redoranges101
|j|☆malamarkus
|t:|1757937732
|gametype|singles
|player|p1|Redoranges101|170|1436
|player|p2|malamarkus|carmine-festival|1469
|gen|9
|tier|[Gen 9] OU
|rated|
|rule|HP Percentage Mod: HP is shown in percentages
|rule|Endless Battle Clause: Forcing endless battles is banned
|rule|Species Clause: Limit one of each Pokémon
|rule|OHKO Clause: OHKO moves are banned
|rule|Evasion Items Clause: Evasion items are banned
|rule|Evasion Moves Clause: Evasion moves are banned
|rule|Evasion Abilities Clause: Evasion abilities are banned
|rule|Sleep Moves Clause: Sleep-inducing moves are banned
|clearpoke
|poke|p1|Raging Bolt|
|poke|p1|Ogerpon-Wellspring, F|
|poke|p1|Sinistcha|
|poke|p1|Cinderace, F|
|poke|p1|Tyranitar, M|
|poke|p1|Moltres|
|poke|p2|Kingambit, F|
|poke|p2|Deoxys-Speed|
|poke|p2|Great Tusk|
|poke|p2|Dragonite, F|
|poke|p2|Iron Moth|
|poke|p2|Malamar, M|
|teampreview
|inactive|Battle timer is ON: inactive players will automatically lose when time's up. (requested by Redoranges101)
|inactive|malamarkus has 120 seconds left.
|
|t:|1757937775
|teamsize|p1|6
|teamsize|p2|6
|start
|switch|p1a: Cinderace|Cinderace, F|100/100
|switch|p2a: Calamari|Malamar, M|100/100
|turn|1
|
|t:|1757937779
|move|p2a: Calamari|Destiny Bond|p2a: Calamari
|-singlemove|p2a: Calamari|Destiny Bond
|move|p1a: Cinderace|U-turn|p2a: Calamari
|-start|p1a: Cinderace|typechange|Bug|[from] ability: Libero
|-supereffective|p2a: Calamari
|-damage|p2a: Calamari|0 fnt
|faint|p2a: Calamari
|-activate|p2a: Calamari|move: Destiny Bond
|faint|p1a: Cinderace
|
|upkeep
|
|t:|1757937792
|switch|p1a: Tyranitar|Tyranitar, M|100/100
|switch|p2a: Trick Room Support|Deoxys-Speed|100/100
|-ability|p2a: Trick Room Support|Pressure
|-weather|Sandstorm|[from] ability: Sand Stream|[of] p1a: Tyranitar
|turn|2
|
|t:|1757937794
|move|p2a: Trick Room Support|Focus Blast|p1a: Tyranitar
|-supereffective|p1a: Tyranitar
|-damage|p1a: Tyranitar|28/100
|-unboost|p1a: Tyranitar|spd|1
|-damage|p2a: Trick Room Support|91/100|[from] item: Life Orb
|move|p1a: Tyranitar|Knock Off|p2a: Trick Room Support
|-supereffective|p2a: Trick Room Support
|-damage|p2a: Trick Room Support|0 fnt
|-enditem|p2a: Trick Room Support|Life Orb|[from] move: Knock Off|[of] p1a: Tyranitar
|faint|p2a: Trick Room Support
|
|-weather|Sandstorm|[upkeep]
|-heal|p1a: Tyranitar|35/100|[from] item: Leftovers
|upkeep
|
|t:|1757937802
|switch|p2a: Great Thighs|Great Tusk|100/100
|-enditem|p2a: Great Thighs|Booster Energy
|-activate|p2a: Great Thighs|ability: Protosynthesis|[fromitem]
|-start|p2a: Great Thighs|protosynthesisatk
|turn|3
|
|t:|1757937807
|move|p2a: Great Thighs|Ice Spinner|p1a: Tyranitar
|-crit|p1a: Tyranitar
|-damage|p1a: Tyranitar|0 fnt
|faint|p1a: Tyranitar
|
|-weather|Sandstorm|[upkeep]
|upkeep
|
|t:|1757937817
|switch|p1a: Sinistcha|Sinistcha|100/100
|turn|4
|
|t:|1757937820
|move|p2a: Great Thighs|Ice Spinner|p1a: Sinistcha
|-supereffective|p1a: Sinistcha
|-damage|p1a: Sinistcha|54/100
|move|p1a: Sinistcha|Strength Sap|p2a: Great Thighs
|-unboost|p2a: Great Thighs|atk|1
|-heal|p1a: Sinistcha|100/100
|
|-weather|Sandstorm|[upkeep]
|-damage|p1a: Sinistcha|94/100|[from] Sandstorm
|upkeep
|turn|5
|
|t:|1757937828
|-end|p2a: Great Thighs|Protosynthesis|[silent]
|switch|p2a: Helios|Iron Moth|100/100
|-enditem|p2a: Helios|Booster Energy
|-activate|p2a: Helios|ability: Quark Drive|[fromitem]
|-start|p2a: Helios|quarkdrivespe
|move|p1a: Sinistcha|Calm Mind|p1a: Sinistcha
|-boost|p1a: Sinistcha|spa|1
|-boost|p1a: Sinistcha|spd|1
|
|-weather|Sandstorm|[upkeep]
|-damage|p2a: Helios|95/100|[from] Sandstorm
|-damage|p1a: Sinistcha|88/100|[from] Sandstorm
|upkeep
|turn|6
|
|t:|1757937833
|-terastallize|p1a: Sinistcha|Poison
|move|p2a: Helios|Fiery Dance|p1a: Sinistcha
|-damage|p1a: Sinistcha|72/100
|-boost|p2a: Helios|spa|1
|move|p1a: Sinistcha|Shadow Ball|p2a: Helios
|-damage|p2a: Helios|42/100
|
|-weather|none
|upkeep
|turn|7
|
|t:|1757937855
|move|p2a: Helios|Toxic Spikes|p1a: Sinistcha
|-sidestart|p1: Redoranges101|move: Toxic Spikes
|move|p1a: Sinistcha|Shadow Ball|p2a: Helios
|-damage|p2a: Helios|0 fnt
|faint|p2a: Helios
|-end|p2a: Helios|Quark Drive|[silent]
|
|upkeep
|
|t:|1757937858
|switch|p2a: Great Thighs|Great Tusk|100/100
|turn|8
|
|t:|1757937865
|switch|p1a: Moltres|Moltres|100/100
|move|p2a: Great Thighs|Headlong Rush|p1a: Moltres
|-immune|p1a: Moltres
|
|upkeep
|turn|9
|
|t:|1757937870
|move|p2a: Great Thighs|Ice Spinner|p1a: Moltres
|-damage|p1a: Moltres|81/100
|move|p1a: Moltres|Flamethrower|p2a: Great Thighs
|-damage|p2a: Great Thighs|38/100
|
|upkeep
|turn|10
|
|t:|1757937877
|move|p2a: Great Thighs|Ice Spinner|p1a: Moltres
|-damage|p1a: Moltres|62/100
|move|p1a: Moltres|Flamethrower|p2a: Great Thighs
|-damage|p2a: Great Thighs|0 fnt
|faint|p2a: Great Thighs
|-end|p2a: Great Thighs|Protosynthesis|[silent]
|
|upkeep
|
|t:|1757937880
|switch|p2a: Niteinshiningarmor|Dragonite, F, shiny|100/100
|turn|11
|
|t:|1757937905
|-terastallize|p2a: Niteinshiningarmor|Normal
|move|p2a: Niteinshiningarmor|Extreme Speed|p1a: Moltres
|-damage|p1a: Moltres|16/100
|move|p1a: Moltres|Roar|p2a: Niteinshiningarmor
|drag|p2a: Vienna|Kingambit, F|100/100
|-activate|p2a: Vienna|ability: Supreme Overlord
|-start|p2a: Vienna|fallen4|[silent]
|
|upkeep
|turn|12
|
|t:|1757937916
|-end|p2a: Vienna|fallen4|[silent]
|switch|p2a: Niteinshiningarmor|Dragonite, F, shiny, tera:Normal|100/100
|move|p1a: Moltres|Flamethrower|p2a: Niteinshiningarmor
|-damage|p2a: Niteinshiningarmor|82/100
|-status|p2a: Niteinshiningarmor|brn
|
|-damage|p2a: Niteinshiningarmor|76/100 brn|[from] brn
|upkeep
|turn|13
|
|t:|1757937924
|switch|p1a: Sinistcha|Sinistcha, tera:Poison|72/100
|-sideend|p1: Redoranges101|move: Toxic Spikes|[of] p1a: Sinistcha
|move|p2a: Niteinshiningarmor|Extreme Speed|p1a: Sinistcha
|-damage|p1a: Sinistcha|48/100
|
|-damage|p2a: Niteinshiningarmor|70/100 brn|[from] brn
|upkeep
|turn|14
|
|t:|1757937927
|move|p2a: Niteinshiningarmor|Extreme Speed|p1a: Sinistcha
|-damage|p1a: Sinistcha|26/100
|move|p1a: Sinistcha|Matcha Gotcha|p2a: Niteinshiningarmor
|-damage|p2a: Niteinshiningarmor|34/100 brn
|-heal|p1a: Sinistcha|43/100|[from] drain|[of] p2a: Niteinshiningarmor
|
|-damage|p2a: Niteinshiningarmor|28/100 brn|[from] brn
|upkeep
|turn|15
|
|t:|1757937933
|move|p2a: Niteinshiningarmor|Extreme Speed|p1a: Sinistcha
|-damage|p1a: Sinistcha|19/100
|move|p1a: Sinistcha|Strength Sap|p2a: Niteinshiningarmor
|-unboost|p2a: Niteinshiningarmor|atk|1
|-heal|p1a: Sinistcha|100/100
|
|-damage|p2a: Niteinshiningarmor|22/100 brn|[from] brn
|upkeep
|turn|16
|
|t:|1757937939
|move|p2a: Niteinshiningarmor|Extreme Speed|p1a: Sinistcha
|-damage|p1a: Sinistcha|85/100
|move|p1a: Sinistcha|Calm Mind|p1a: Sinistcha
|-boost|p1a: Sinistcha|spa|1
|-boost|p1a: Sinistcha|spd|1
|
|-damage|p2a: Niteinshiningarmor|16/100 brn|[from] brn
|upkeep
|turn|17
|
|t:|1757937943
|switch|p2a: Vienna|Kingambit, F|100/100
|-activate|p2a: Vienna|ability: Supreme Overlord
|-start|p2a: Vienna|fallen4|[silent]
|move|p1a: Sinistcha|Calm Mind|p1a: Sinistcha
|-boost|p1a: Sinistcha|spa|1
|-boost|p1a: Sinistcha|spd|1
|
|upkeep
|turn|18
|
|t:|1757937946
|move|p1a: Sinistcha|Strength Sap|p2a: Vienna
|-unboost|p2a: Vienna|atk|1
|-heal|p1a: Sinistcha|100/100
|move|p2a: Vienna|Swords Dance|p2a: Vienna
|-boost|p2a: Vienna|atk|2
|
|upkeep
|turn|19
|
|t:|1757937958
|move|p1a: Sinistcha|Matcha Gotcha|p2a: Vienna
|-resisted|p2a: Vienna
|-damage|p2a: Vienna|69/100
|move|p2a: Vienna|Swords Dance|p2a: Vienna
|-boost|p2a: Vienna|atk|2
|
|-heal|p2a: Vienna|75/100|[from] item: Leftovers
|upkeep
|turn|20
|
|t:|1757937966
|move|p2a: Vienna|Sucker Punch||[still]
|-fail|p2a: Vienna
|move|p1a: Sinistcha|Strength Sap|p2a: Vienna
|-unboost|p2a: Vienna|atk|1
|
|-heal|p2a: Vienna|81/100|[from] item: Leftovers
|upkeep
|turn|21
|
|t:|1757937970
|move|p1a: Sinistcha|Matcha Gotcha|p2a: Vienna
|-resisted|p2a: Vienna
|-damage|p2a: Vienna|47/100
|move|p2a: Vienna|Swords Dance|p2a: Vienna
|-boost|p2a: Vienna|atk|2
|
|-heal|p2a: Vienna|53/100|[from] item: Leftovers
|upkeep
|turn|22
|
|t:|1757937977
|move|p1a: Sinistcha|Matcha Gotcha|p2a: Vienna
|-resisted|p2a: Vienna
|-damage|p2a: Vienna|20/100
|move|p2a: Vienna|Kowtow Cleave|p1a: Sinistcha
|-damage|p1a: Sinistcha|0 fnt
|faint|p1a: Sinistcha
|
|-heal|p2a: Vienna|26/100|[from] item: Leftovers
|upkeep
|
|t:|1757937985
|switch|p1a: Moltres|Moltres|16/100
|turn|23
|
|t:|1757937987
|move|p1a: Moltres|Roost|p1a: Moltres
|-heal|p1a: Moltres|66/100
|-singleturn|p1a: Moltres|move: Roost
|move|p2a: Vienna|Kowtow Cleave|p1a: Moltres
|-damage|p1a: Moltres|0 fnt
|-status|p2a: Vienna|brn|[from] ability: Flame Body|[of] p1a: Moltres
|faint|p1a: Moltres
|
|-heal|p2a: Vienna|32/100 brn|[from] item: Leftovers
|-damage|p2a: Vienna|26/100 brn|[from] brn
|upkeep
|
|t:|1757937997
|switch|p1a: Ogerpon|Ogerpon-Wellspring, F|100/100
|turn|24
|
|t:|1757938002
|move|p2a: Vienna|Sucker Punch|p1a: Ogerpon
|-damage|p1a: Ogerpon|0 fnt
|faint|p1a: Ogerpon
|
|-heal|p2a: Vienna|32/100 brn|[from] item: Leftovers
|-damage|p2a: Vienna|26/100 brn|[from] brn
|upkeep
|
|t:|1757938004
|switch|p1a: Raging Bolt|Raging Bolt|100/100
|turn|25
|
|t:|1757938010
|move|p1a: Raging Bolt|Thunderclap|p2a: Vienna
|-crit|p2a: Vienna
|-damage|p2a: Vienna|0 fnt
|faint|p2a: Vienna
|-end|p2a: Vienna|fallen4|[silent]
|
|upkeep
|
|t:|1757938012
|switch|p2a: Niteinshiningarmor|Dragonite, F, shiny, tera:Normal|16/100 brn
|turn|26
|
|t:|1757938015
|move|p2a: Niteinshiningarmor|Extreme Speed|p1a: Raging Bolt
|-damage|p1a: Raging Bolt|70/100
|move|p1a: Raging Bolt|Thunderbolt|p2a: Niteinshiningarmor
|-damage|p2a: Niteinshiningarmor|0 fnt
|faint|p2a: Niteinshiningarmor
|
|win|Redoranges101
|raw|Redoranges101's rating: 1436 &rarr; <strong>1458</strong><br />(+22 for winning)
|raw|malamarkus's rating: 1469 &rarr; <strong>1447</strong><br />(-22 for losing)
|l|☆Redoranges101
|player|p1|
|l|☆malamarkus
|player|p2|
