|j|☆kopoxokop
|j|☆The GOATple
|t:|1757828626
|gametype|singles
|player|p1|kopoxokop|266|1411
|player|p2|The GOATple|giovanni|1513
|gen|9
|tier|[Gen 9] OU
|rated|
|rule|HP Percentage Mod: HP is shown in percentages
|rule|Endless Battle Clause: Forcing endless battles is banned
|rule|Species Clause: Limit one of each Pokémon
|rule|OHKO Clause: OHKO moves are banned
|rule|Evasion Items Clause: Evasion items are banned
|rule|Evasion Moves Clause: Evasion moves are banned
|rule|Evasion Abilities Clause: Evasion abilities are banned
|rule|Sleep Moves Clause: Sleep-inducing moves are banned
|clearpoke
|poke|p1|Dragonite, F|
|poke|p1|Serperior, M|
|poke|p1|Dragapult, F|
|poke|p1|Greninja-*, M|
|poke|p1|Iron Treads|
|poke|p1|Iron Moth|
|poke|p2|Hydrapple, M|
|poke|p2|Iron Treads|
|poke|p2|Zapdos|
|poke|p2|Darkrai|
|poke|p2|Muk-Alola, M|
|poke|p2|Cinderace, M|
|teampreview
|inactive|Battle timer is ON: inactive players will automatically lose when time's up. (requested by The GOATple)
|inactive|kopoxokop has 120 seconds left.
|inactive|The GOATple has 120 seconds left.
|
|t:|1757828674
|teamsize|p1|6
|teamsize|p2|6
|start
|switch|p1a: Serperior|Serperior, M|100/100
|switch|p2a: Darkrai|Darkrai|100/100
|turn|1
|inactive|kopoxokop has 120 seconds left.
|
|t:|1757828709
|move|p2a: Darkrai|Ice Beam|p1a: Serperior
|-supereffective|p1a: Serperior
|-damage|p1a: Serperior|0 fnt
|faint|p1a: Serperior
|
|upkeep
|inactive|kopoxokop has 120 seconds left.
|
|t:|1757828720
|switch|p1a: Iron Moth|Iron Moth|100/100
|-enditem|p1a: Iron Moth|Booster Energy
|-activate|p1a: Iron Moth|ability: Quark Drive|[fromitem]
|-start|p1a: Iron Moth|quarkdrivespe
|turn|2
|inactive|kopoxokop has 120 seconds left.
|
|t:|1757828726
|switch|p2a: Muk|Muk-Alola, M|100/100
|move|p1a: Iron Moth|Substitute|p1a: Iron Moth
|-start|p1a: Iron Moth|Substitute
|-damage|p1a: Iron Moth|76/100
|
|upkeep
|turn|3
|inactive|kopoxokop has 120 seconds left.
|
|t:|1757828738
|move|p1a: Iron Moth|Fiery Dance|p2a: Muk
|-damage|p2a: Muk|83/100
|-boost|p1a: Iron Moth|spa|1
|move|p2a: Muk|Knock Off|p1a: Iron Moth
|-end|p1a: Iron Moth|Substitute
|
|upkeep
|turn|4
|inactive|kopoxokop has 120 seconds left.
|
|t:|1757828759
|move|p1a: Iron Moth|Fiery Dance|p2a: Muk
|-damage|p2a: Muk|58/100
|-boost|p1a: Iron Moth|spa|1
|move|p2a: Muk|Knock Off|p1a: Iron Moth
|-damage|p1a: Iron Moth|36/100
|
|upkeep
|turn|5
|inactive|kopoxokop has 90 seconds left.
|
|t:|1757828800
|-terastallize|p1a: Iron Moth|Fairy
|move|p1a: Iron Moth|Dazzling Gleam|p2a: Muk
|-damage|p2a: Muk|19/100
|move|p2a: Muk|Knock Off|p1a: Iron Moth
|-resisted|p1a: Iron Moth
|-damage|p1a: Iron Moth|17/100
|-status|p1a: Iron Moth|psn|[from] ability: Poison Touch|[of] p2a: Muk
|
|-damage|p1a: Iron Moth|5/100 psn|[from] psn
|upkeep
|turn|6
|
|t:|1757828812
|move|p2a: Muk|Shadow Sneak|p1a: Iron Moth
|-damage|p1a: Iron Moth|0 fnt
|faint|p1a: Iron Moth
|-end|p1a: Iron Moth|Quark Drive|[silent]
|
|upkeep
|
|t:|1757828820
|switch|p1a: Iron Treads|Iron Treads|100/100
|-enditem|p1a: Iron Treads|Booster Energy
|-activate|p1a: Iron Treads|ability: Quark Drive|[fromitem]
|-start|p1a: Iron Treads|quarkdriveatk
|turn|7
|
|t:|1757828834
|switch|p2a: Zapdos|Zapdos|100/100
|move|p1a: Iron Treads|Stealth Rock|p2a: Zapdos
|-sidestart|p2: The GOATple|move: Stealth Rock
|
|upkeep
|turn|8
|
|t:|1757828838
|move|p1a: Iron Treads|Ice Spinner|p2a: Zapdos
|-supereffective|p2a: Zapdos
|-crit|p2a: Zapdos
|-damage|p2a: Zapdos|32/100
|-status|p1a: Iron Treads|par|[from] ability: Static|[of] p2a: Zapdos
|move|p2a: Zapdos|Hurricane|p1a: Iron Treads
|-resisted|p1a: Iron Treads
|-damage|p1a: Iron Treads|69/100 par
|
|upkeep
|turn|9
|
|t:|1757828842
|move|p2a: Zapdos|Roost|p2a: Zapdos
|-heal|p2a: Zapdos|82/100
|-singleturn|p2a: Zapdos|move: Roost
|move|p1a: Iron Treads|Ice Spinner|p2a: Zapdos
|-damage|p2a: Zapdos|57/100
|
|upkeep
|turn|10
|
|t:|1757828848
|move|p2a: Zapdos|Roost|p2a: Zapdos
|-heal|p2a: Zapdos|100/100
|-singleturn|p2a: Zapdos|move: Roost
|move|p1a: Iron Treads|Earthquake|p2a: Zapdos
|-supereffective|p2a: Zapdos
|-damage|p2a: Zapdos|12/100
|
|upkeep
|turn|11
|
|t:|1757828866
|move|p2a: Zapdos|Hurricane|p1a: Iron Treads
|-resisted|p1a: Iron Treads
|-damage|p1a: Iron Treads|39/100 par
|move|p1a: Iron Treads|Ice Spinner|p2a: Zapdos
|-supereffective|p2a: Zapdos
|-damage|p2a: Zapdos|0 fnt
|faint|p2a: Zapdos
|
|upkeep
|
|t:|1757828877
|switch|p2a: Iron Treads|Iron Treads|100/100
|-damage|p2a: Iron Treads|97/100|[from] Stealth Rock
|turn|12
|inactive|kopoxokop has 90 seconds left.
|
|t:|1757828925
|-end|p1a: Iron Treads|Quark Drive|[silent]
|switch|p1a: Dragonite|Dragonite, F|100/100
|move|p2a: Iron Treads|Earthquake|p1a: Dragonite
|-immune|p1a: Dragonite
|
|-heal|p2a: Iron Treads|100/100|[from] item: Leftovers
|upkeep
|turn|13
|
|t:|1757828939
|switch|p1a: Greninja|Greninja, M|100/100
|move|p2a: Iron Treads|Rapid Spin|p1a: Greninja
|-damage|p1a: Greninja|81/100
|-boost|p2a: Iron Treads|spe|1
|-sideend|p2: The GOATple|Stealth Rock|[from] move: Rapid Spin|[of] p2a: Iron Treads
|
|upkeep
|turn|14
|
|t:|1757828949
|move|p2a: Iron Treads|Stealth Rock|p1a: Greninja
|-sidestart|p1: kopoxokop|move: Stealth Rock
|move|p1a: Greninja|Hydro Pump|p2a: Iron Treads
|-supereffective|p2a: Iron Treads
|-damage|p2a: Iron Treads|0 fnt
|faint|p2a: Iron Treads
|-end|p2a: Iron Treads|Quark Drive|[silent]
|-ability|p1a: Greninja|Battle Bond|boost
|-boost|p1a: Greninja|atk|1
|-boost|p1a: Greninja|spa|1
|-boost|p1a: Greninja|spe|1
|-activate|p1a: Greninja|ability: Battle Bond
|-damage|p1a: Greninja|71/100|[from] item: Life Orb
|
|upkeep
|
|t:|1757828959
|switch|p2a: Cinderace|Cinderace, M|100/100
|turn|15
|
|t:|1757828963
|move|p1a: Greninja|Hydro Pump|p2a: Cinderace
|-supereffective|p2a: Cinderace
|-enditem|p2a: Cinderace|Focus Sash
|-damage|p2a: Cinderace|1/100
|-damage|p1a: Greninja|61/100|[from] item: Life Orb
|move|p2a: Cinderace|High Jump Kick|p1a: Greninja
|-start|p2a: Cinderace|typechange|Fighting|[from] ability: Libero
|-supereffective|p1a: Greninja
|-damage|p1a: Greninja|0 fnt
|faint|p1a: Greninja
|
|upkeep
|inactive|kopoxokop has 90 seconds left.
|
|t:|1757828974
|switch|p1a: Dragonite|Dragonite, F|100/100
|-damage|p1a: Dragonite|76/100|[from] Stealth Rock
|turn|16
|
|t:|1757828981
|move|p2a: Cinderace|Sucker Punch||[still]
|-fail|p2a: Cinderace
|move|p1a: Dragonite|Dragon Dance|p1a: Dragonite
|-boost|p1a: Dragonite|atk|1
|-boost|p1a: Dragonite|spe|1
|
|upkeep
|turn|17
|
|t:|1757828986
|move|p1a: Dragonite|Encore|p2a: Cinderace
|-start|p2a: Cinderace|Encore
|move|p2a: Cinderace|Sucker Punch||[still]
|-fail|p2a: Cinderace
|
|upkeep
|turn|18
|
|t:|1757828995
|switch|p2a: Muk|Muk-Alola, M|19/100
|move|p1a: Dragonite|Dragon Dance|p1a: Dragonite
|-boost|p1a: Dragonite|atk|1
|-boost|p1a: Dragonite|spe|1
|
|upkeep
|turn|19
|
|t:|1757829010
|-terastallize|p2a: Muk|Flying
|move|p1a: Dragonite|Fire Punch|p2a: Muk
|-damage|p2a: Muk|0 fnt
|faint|p2a: Muk
|
|upkeep
|
|t:|1757829017
|switch|p2a: Hydrapple|Hydrapple, M|100/100
|turn|20
|inactive|kopoxokop has 120 seconds left.
|
|t:|1757829035
|move|p1a: Dragonite|Scale Shot|p2a: Hydrapple
|-supereffective|p2a: Hydrapple
|-damage|p2a: Hydrapple|63/100
|-supereffective|p2a: Hydrapple
|-damage|p2a: Hydrapple|24/100
|-supereffective|p2a: Hydrapple
|-damage|p2a: Hydrapple|0 fnt
|faint|p2a: Hydrapple
|-hitcount|p2: Hydrapple|3
|-unboost|p1a: Dragonite|def|1
|-boost|p1a: Dragonite|spe|1
|
|upkeep
|
|t:|1757829041
|switch|p2a: Cinderace|Cinderace, M|1/100
|turn|21
|inactive|kopoxokop has 120 seconds left.
|
|t:|1757829053
|move|p1a: Dragonite|Fire Punch|p2a: Cinderace
|-resisted|p2a: Cinderace
|-damage|p2a: Cinderace|0 fnt
|faint|p2a: Cinderace
|
|upkeep
|
|t:|1757829056
|switch|p2a: Darkrai|Darkrai|100/100
|turn|22
|
|t:|1757829060
|move|p1a: Dragonite|Scale Shot|p2a: Darkrai
|-damage|p2a: Darkrai|61/100
|-damage|p2a: Darkrai|24/100
|-damage|p2a: Darkrai|0 fnt
|faint|p2a: Darkrai
|-hitcount|p2: Darkrai|3
|
|win|kopoxokop
|raw|kopoxokop's rating: 1411 &rarr; <strong>1437</strong><br />(+26 for winning)
|raw|The GOATple's rating: 1513 &rarr; <strong>1487</strong><br />(-26 for losing)
|l|☆The GOATple
|player|p2|
|l|☆kopoxokop
|player|p1|
