|j|☆TaviPM
|j|☆Hevy597
|t:|1757812498
|gametype|singles
|player|p1|TaviPM|102|
|player|p2|Hevy597|policeman|
|gen|9
|tier|[Gen 9] OU
|rule|HP Percentage Mod: HP is shown in percentages
|rule|Endless Battle Clause: Forcing endless battles is banned
|rule|Species Clause: Limit one of each Pokémon
|rule|OHKO Clause: OHKO moves are banned
|rule|Evasion Items Clause: Evasion items are banned
|rule|Evasion Moves Clause: Evasion moves are banned
|rule|Evasion Abilities Clause: Evasion abilities are banned
|rule|Sleep Moves Clause: Sleep-inducing moves are banned
|clearpoke
|poke|p1|Great Tusk|
|poke|p1|Kingambit, M|
|poke|p1|Clodsire, M|
|poke|p1|Skeledirge, M|
|poke|p1|Thundurus, M|
|poke|p1|Goodra-Hisui, F|
|poke|p2|Moltres|
|poke|p2|Primarina, F|
|poke|p2|Metagross|
|poke|p2|Tauros-Paldea-Blaze, M|
|poke|p2|Galvantula, M|
|poke|p2|Salamence, F|
|teampreview
|
|t:|1757812508
|teamsize|p1|6
|teamsize|p2|6
|start
|switch|p1a: Clodsire|Clodsire, M|100/100
|switch|p2a: Moltres|Moltres|100/100
|turn|1
|
|t:|1757812517
|move|p2a: Moltres|Rain Dance|p2a: Moltres
|-weather|RainDance
|move|p1a: Clodsire|Stealth Rock|p2a: Moltres
|-sidestart|p2: Hevy597|move: Stealth Rock
|
|-weather|RainDance|[upkeep]
|upkeep
|turn|2
|
|t:|1757812523
|move|p2a: Moltres|Weather Ball|p1a: Clodsire
|-immune|p1a: Clodsire|[from] ability: Water Absorb
|move|p1a: Clodsire|Spikes|p2a: Moltres
|-sidestart|p2: Hevy597|Spikes
|
|-weather|RainDance|[upkeep]
|upkeep
|turn|3
|
|t:|1757812534
|switch|p1a: Goodra|Goodra-Hisui, F|100/100
|move|p2a: Moltres|Flamethrower|p1a: Goodra
|-damage|p1a: Goodra|90/100
|
|-weather|RainDance|[upkeep]
|upkeep
|turn|4
|
|t:|1757812545
|move|p2a: Moltres|Tailwind|p2a: Moltres
|-sidestart|p2: Hevy597|move: Tailwind
|move|p1a: Goodra|Knock Off|p2a: Moltres
|-damage|p2a: Moltres|66/100
|-enditem|p2a: Moltres|Heavy-Duty Boots|[from] move: Knock Off|[of] p1a: Goodra
|
|-weather|RainDance|[upkeep]
|upkeep
|turn|5
|
|t:|1757812554
|switch|p2a: Tauros|Tauros-Paldea-Blaze, M|100/100
|-damage|p2a: Tauros|88/100|[from] Stealth Rock
|-damage|p2a: Tauros|76/100|[from] Spikes
|move|p1a: Goodra|Dragon Tail|p2a: Tauros
|-damage|p2a: Tauros|47/100
|drag|p2a: Primarina|Primarina, F|100/100
|-damage|p2a: Primarina|88/100|[from] Stealth Rock
|-damage|p2a: Primarina|76/100|[from] Spikes
|
|-weather|none
|upkeep
|turn|6
|
|t:|1757812570
|switch|p1a: Clodsire|Clodsire, M|100/100
|move|p2a: Primarina|Moonblast|p1a: Clodsire
|-resisted|p1a: Clodsire
|-damage|p1a: Clodsire|90/100
|-unboost|p1a: Clodsire|spa|1
|
|-heal|p1a: Clodsire|96/100|[from] item: Black Sludge
|upkeep
|turn|7
|
|t:|1757812590
|switch|p2a: Galvantula|Galvantula, M|100/100
|-damage|p2a: Galvantula|76/100|[from] Stealth Rock
|-damage|p2a: Galvantula|63/100|[from] Spikes
|move|p1a: Clodsire|Spikes|p2a: Galvantula
|-sidestart|p2: Hevy597|Spikes
|
|-heal|p1a: Clodsire|100/100|[from] item: Black Sludge
|-sideend|p2: Hevy597|move: Tailwind
|upkeep
|turn|8
|
|t:|1757812599
|switch|p1a: Great Tusk|Great Tusk|100/100
|-enditem|p1a: Great Tusk|Booster Energy
|-activate|p1a: Great Tusk|ability: Protosynthesis|[fromitem]
|-start|p1a: Great Tusk|protosynthesisatk
|move|p2a: Galvantula|Sticky Web|p1a: Great Tusk
|-sidestart|p1: TaviPM|move: Sticky Web
|
|upkeep
|turn|9
|
|t:|1757812620
|move|p2a: Galvantula|Throat Chop|p1a: Great Tusk
|-resisted|p1a: Great Tusk
|-damage|p1a: Great Tusk|95/100
|-start|p1a: Great Tusk|Throat Chop|[silent]
|move|p1a: Great Tusk|Rapid Spin|p2a: Galvantula
|-damage|p2a: Galvantula|17/100
|-boost|p1a: Great Tusk|spe|1
|-sideend|p1: TaviPM|Sticky Web|[from] move: Rapid Spin|[of] p1a: Great Tusk
|
|upkeep
|turn|10
|
|t:|1757812634
|move|p1a: Great Tusk|Rapid Spin|p2a: Galvantula
|-damage|p2a: Galvantula|0 fnt
|-boost|p1a: Great Tusk|spe|1
|faint|p2a: Galvantula
|
|-end|p1a: Great Tusk|Throat Chop|[silent]
|upkeep
|
|t:|1757812640
|switch|p2a: Primarina|Primarina, F|76/100
|-damage|p2a: Primarina|64/100|[from] Stealth Rock
|-damage|p2a: Primarina|47/100|[from] Spikes
|turn|11
|
|t:|1757812650
|-terastallize|p2a: Primarina|Flying
|move|p1a: Great Tusk|Stone Edge|p2a: Primarina
|-supereffective|p2a: Primarina
|-damage|p2a: Primarina|0 fnt
|faint|p2a: Primarina
|
|upkeep
|
|t:|1757812657
|switch|p2a: Salamence|Salamence, F|100/100
|-damage|p2a: Salamence|76/100|[from] Stealth Rock
|-ability|p2a: Salamence|Intimidate|boost
|-unboost|p1a: Great Tusk|atk|1
|turn|12
|
|t:|1757812664
|move|p1a: Great Tusk|Ice Spinner|p2a: Salamence
|-supereffective|p2a: Salamence
|-damage|p2a: Salamence|0 fnt
|faint|p2a: Salamence
|
|upkeep
|
|t:|1757812671
|switch|p2a: Moltres|Moltres|66/100
|-damage|p2a: Moltres|16/100|[from] Stealth Rock
|turn|13
|
|t:|1757812678
|move|p1a: Great Tusk|Ice Spinner|p2a: Moltres
|-damage|p2a: Moltres|0 fnt
|faint|p2a: Moltres
|
|upkeep
|
|t:|1757812683
|switch|p2a: Tauros|Tauros-Paldea-Blaze, M|47/100
|-damage|p2a: Tauros|35/100|[from] Stealth Rock
|-damage|p2a: Tauros|18/100|[from] Spikes
|turn|14
|-enditem|p2a: Tauros|Custap Berry|[eat]
|-activate|p2a: Tauros|item: Custap Berry|[consumed]
|
|t:|1757812689
|move|p2a: Tauros|Endure|p2a: Tauros
|-singleturn|p2a: Tauros|move: Endure
|move|p1a: Great Tusk|Rapid Spin|p2a: Tauros
|-damage|p2a: Tauros|2/100
|-boost|p1a: Great Tusk|spe|1
|
|upkeep
|turn|15
|
|t:|1757812701
|move|p1a: Great Tusk|Headlong Rush|p2a: Tauros
|-supereffective|p2a: Tauros
|-damage|p2a: Tauros|0 fnt
|-unboost|p1a: Great Tusk|def|1
|-unboost|p1a: Great Tusk|spd|1
|faint|p2a: Tauros
|
|upkeep
|
|t:|1757812707
|switch|p2a: Metagross|Metagross|100/100
|-damage|p2a: Metagross|94/100|[from] Stealth Rock
|-damage|p2a: Metagross|78/100|[from] Spikes
|turn|16
|
|t:|1757812714
|move|p1a: Great Tusk|Headlong Rush|p2a: Metagross
|-supereffective|p2a: Metagross
|-damage|p2a: Metagross|2/100
|-unboost|p1a: Great Tusk|def|1
|-unboost|p1a: Great Tusk|spd|1
|move|p2a: Metagross|Psychic Fangs|p1a: Great Tusk
|-supereffective|p1a: Great Tusk
|-damage|p1a: Great Tusk|0 fnt
|faint|p1a: Great Tusk
|-end|p1a: Great Tusk|Protosynthesis|[silent]
|
|upkeep
|
|t:|1757812730
|switch|p1a: Kingambit|Kingambit, M|100/100
|-activate|p1a: Kingambit|ability: Supreme Overlord
|-start|p1a: Kingambit|fallen1|[silent]
|turn|17
|
|t:|1757812736
|move|p2a: Metagross|Psychic Fangs|p1a: Kingambit
|-immune|p1a: Kingambit
|move|p1a: Kingambit|Kowtow Cleave|p2a: Metagross
|-supereffective|p2a: Metagross
|-damage|p2a: Metagross|0 fnt
|faint|p2a: Metagross
|
|win|TaviPM
|l|☆Hevy597
|player|p2|
