|j|☆hongbong
|j|☆Kyommunism
|t:|1757909556
|gametype|singles
|player|p1|hongbong|n|1510
|player|p2|Kyommunism|iris-gen5bw2|1478
|gen|9
|tier|[Gen 9] OU
|rated|
|rule|HP Percentage Mod: HP is shown in percentages
|rule|Endless Battle Clause: Forcing endless battles is banned
|rule|Species Clause: Limit one of each Pokémon
|rule|OHKO Clause: OHKO moves are banned
|rule|Evasion Items Clause: Evasion items are banned
|rule|Evasion Moves Clause: Evasion moves are banned
|rule|Evasion Abilities Clause: Evasion abilities are banned
|rule|Sleep Moves Clause: Sleep-inducing moves are banned
|clearpoke
|poke|p1|Blaziken, M|
|poke|p1|Tentacruel, F|
|poke|p1|Zoroark-Hisui, F|
|poke|p1|Lycanroc-Dusk, M|
|poke|p1|Ogerpon, F|
|poke|p1|Hoopa-Unbound|
|poke|p2|Skeledirge, M|
|poke|p2|Ribombee, M|
|poke|p2|Goodra-Hisui, M|
|poke|p2|Raging Bolt|
|poke|p2|Trevenant, M|
|poke|p2|Corviknight, M|
|teampreview
|inactive|Battle timer is ON: inactive players will automatically lose when time's up. (requested by Kyommunism)
|
|t:|1757909568
|teamsize|p1|6
|teamsize|p2|6
|start
|switch|p1a: Tentacruel|Tentacruel, F|100/100
|switch|p2a: MourningWood|Trevenant, M, shiny|100/100
|turn|1
|
|t:|1757909572
|move|p1a: Tentacruel|Flip Turn|p2a: MourningWood
|-resisted|p2a: MourningWood
|-damage|p2a: MourningWood|92/100
|
|t:|1757909577
|switch|p1a: Blaziken|Blaziken, M|100/100|[from] Flip Turn
|move|p2a: MourningWood|Earthquake|p1a: Blaziken
|-supereffective|p1a: Blaziken
|-damage|p1a: Blaziken|0 fnt
|faint|p1a: Blaziken
|
|upkeep
|
|t:|1757909580
|switch|p1a: Tentacruel|Tentacruel, F|100/100
|turn|2
|
|t:|1757909583
|move|p1a: Tentacruel|Shadow Ball|p2a: MourningWood
|-supereffective|p2a: MourningWood
|-damage|p2a: MourningWood|0 fnt
|faint|p2a: MourningWood
|
|upkeep
|
|t:|1757909593
|switch|p2a: Goodra|Goodra-Hisui, M, shiny|100/100
|turn|3
|
|t:|1757909596
|switch|p1a: Tentacruel|Tentacruel, F|100/100
|move|p2a: Goodra|Curse|p2a: Goodra
|-unboost|p2a: Goodra|spe|1
|-boost|p2a: Goodra|atk|1
|-boost|p2a: Goodra|def|1
|
|upkeep
|turn|4
|
|t:|1757909599
|move|p1a: Tentacruel|Flip Turn|p2a: Goodra
|-resisted|p2a: Goodra
|-damage|p2a: Goodra|96/100
|
|t:|1757909601
|switch|p1a: Ogerpon|Ogerpon, F|100/100|[from] Flip Turn
|move|p2a: Goodra|Curse|p2a: Goodra
|-unboost|p2a: Goodra|spe|1
|-boost|p2a: Goodra|atk|1
|-boost|p2a: Goodra|def|1
|
|upkeep
|turn|5
|
|t:|1757909606
|move|p1a: Ogerpon|Knock Off|p2a: Goodra
|-damage|p2a: Goodra|75/100
|-enditem|p2a: Goodra|Chesto Berry|[from] move: Knock Off|[of] p1a: Ogerpon
|move|p2a: Goodra|Gyro Ball|p1a: Ogerpon
|-damage|p1a: Ogerpon|0 fnt
|faint|p1a: Ogerpon
|
|upkeep
|
|t:|1757909612
|switch|p1a: Lycanroc|Lycanroc-Dusk, M|100/100
|turn|6
|
|t:|1757909615
|-terastallize|p2a: Goodra|Water
|move|p1a: Lycanroc|Focus Blast|p2a: Goodra|[miss]
|-miss|p1a: Lycanroc|p2a: Goodra
|move|p2a: Goodra|Curse|p2a: Goodra
|-unboost|p2a: Goodra|spe|1
|-boost|p2a: Goodra|atk|1
|-boost|p2a: Goodra|def|1
|
|upkeep
|turn|7
|
|t:|1757909620
|switch|p1a: Tentacruel|Tentacruel, F|100/100
|move|p2a: Goodra|Gyro Ball|p1a: Tentacruel
|-resisted|p1a: Tentacruel
|-damage|p1a: Tentacruel|45/100
|
|upkeep
|turn|8
|
|t:|1757909623
|move|p1a: Tentacruel|Sludge Bomb|p2a: Goodra
|-damage|p2a: Goodra|61/100
|move|p2a: Goodra|Earthquake|p1a: Tentacruel
|-supereffective|p1a: Tentacruel
|-damage|p1a: Tentacruel|0 fnt
|faint|p1a: Tentacruel
|
|upkeep
|
|t:|1757909639
|switch|p1a: Lycanroc|Lycanroc-Dusk, M|100/100
|turn|9
|
|t:|1757909641
|move|p1a: Lycanroc|Hyper Voice|p2a: Goodra
|-damage|p2a: Goodra|28/100
|move|p2a: Goodra|Gyro Ball|p1a: Lycanroc
|-damage|p1a: Lycanroc|0 fnt
|replace|p1a: Zoroark|Zoroark-Hisui, F
|-end|p1a: Zoroark|Illusion
|faint|p1a: Zoroark
|
|upkeep
|
|t:|1757909645
|switch|p1a: Hoopa|Hoopa-Unbound|100/100
|turn|10
|
|t:|1757909647
|move|p1a: Hoopa|Dark Pulse|p2a: Goodra
|-damage|p2a: Goodra|4/100
|move|p2a: Goodra|Gyro Ball|p1a: Hoopa
|-damage|p1a: Hoopa|0 fnt
|faint|p1a: Hoopa
|
|upkeep
|
|t:|1757909650
|switch|p1a: Lycanroc|Lycanroc-Dusk, M|100/100
|turn|11
|
|t:|1757909651
|move|p1a: Lycanroc|Stone Edge|p2a: Goodra
|-damage|p2a: Goodra|0 fnt
|faint|p2a: Goodra
|
|upkeep
|
|t:|1757909655
|switch|p2a: Corviknight|Corviknight, M, shiny|100/100
|-ability|p2a: Corviknight|Pressure
|turn|12
|
|t:|1757909658
|-terastallize|p1a: Lycanroc|Rock
|move|p1a: Lycanroc|Stone Edge|p2a: Corviknight
|-crit|p2a: Corviknight
|-damage|p2a: Corviknight|15/100
|move|p2a: Corviknight|Iron Defense|p2a: Corviknight
|-boost|p2a: Corviknight|def|2
|
|-heal|p2a: Corviknight|22/100|[from] item: Leftovers
|upkeep
|turn|13
|
|t:|1757909662
|move|p1a: Lycanroc|Stone Edge|p2a: Corviknight
|-damage|p2a: Corviknight|0 fnt
|faint|p2a: Corviknight
|
|upkeep
|
|t:|1757909665
|switch|p2a: Raging Bolt|Raging Bolt|100/100
|turn|14
|
|t:|1757909668
|move|p1a: Lycanroc|Stone Edge|p2a: Raging Bolt
|-damage|p2a: Raging Bolt|53/100
|move|p2a: Raging Bolt|Dragon Pulse|p1a: Lycanroc
|-damage|p1a: Lycanroc|37/100
|
|-heal|p2a: Raging Bolt|60/100|[from] item: Leftovers
|upkeep
|turn|15
|
|t:|1757909671
|move|p1a: Lycanroc|Accelerock|p2a: Raging Bolt
|-damage|p2a: Raging Bolt|38/100
|move|p2a: Raging Bolt|Thunderclap||[still]
|-fail|p2a: Raging Bolt
|
|-heal|p2a: Raging Bolt|45/100|[from] item: Leftovers
|upkeep
|turn|16
|
|t:|1757909675
|move|p1a: Lycanroc|Stone Edge|p2a: Raging Bolt
|-damage|p2a: Raging Bolt|0 fnt
|faint|p2a: Raging Bolt
|-end|p2a: Raging Bolt|Protosynthesis|[silent]
|
|upkeep
|
|t:|1757909676
|switch|p2a: Ribombee|Ribombee, M, shiny|100/100
|turn|17
|
|t:|1757909678
|move|p1a: Lycanroc|Accelerock|p2a: Ribombee
|-supereffective|p2a: Ribombee
|-damage|p2a: Ribombee|25/100
|-enditem|p2a: Ribombee|Kee Berry|[eat]
|-boost|p2a: Ribombee|def|1|[from] item: Kee Berry
|move|p2a: Ribombee|Draining Kiss|p1a: Lycanroc
|-damage|p1a: Lycanroc|7/100
|-heal|p2a: Ribombee|45/100|[from] drain|[of] p1a: Lycanroc
|
|upkeep
|turn|18
|
|t:|1757909681
|move|p1a: Lycanroc|Accelerock|p2a: Ribombee
|-supereffective|p2a: Ribombee
|-damage|p2a: Ribombee|0 fnt
|faint|p2a: Ribombee
|
|upkeep
|
|t:|1757909682
|switch|p2a: Skeledirge|Skeledirge, M, shiny|100/100
|turn|19
|
|t:|1757909685
|move|p1a: Lycanroc|Stone Edge|p2a: Skeledirge
|-supereffective|p2a: Skeledirge
|-damage|p2a: Skeledirge|0 fnt
|faint|p2a: Skeledirge
|
|win|hongbong
|raw|hongbong's rating: 1510 &rarr; <strong>1528</strong><br />(+18 for winning)
|raw|Kyommunism's rating: 1478 &rarr; <strong>1460</strong><br />(-18 for losing)
|c|☆hongbong|nah
|l|☆Kyommunism
|player|p2|
|c|☆hongbong|thats wild
|l|☆hongbong
|player|p1|
