|badge|p1|bronze|gen9ou|100-6
|uhtml|medal-msg|<div class="broadcast-blue">Curious what those medals under the avatar are? PS now has Ladder Seasons! For more information, check out the <a href="https://www.smogon.com/forums/threads/3740067/">thread on Smogon.</a></div>
|j|☆Ctannn
|j|☆Tigerballs
|t:|1757842868
|gametype|singles
|player|p1|Ctannn|102|1859
|player|p2|Tigerballs|swimmer-gen4dp|1780
|gen|9
|tier|[Gen 9] OU
|rated|
|rule|HP Percentage Mod: HP is shown in percentages
|rule|Endless Battle Clause: Forcing endless battles is banned
|rule|Species Clause: Limit one of each Pokémon
|rule|OHKO Clause: OHKO moves are banned
|rule|Evasion Items Clause: Evasion items are banned
|rule|Evasion Moves Clause: Evasion moves are banned
|rule|Evasion Abilities Clause: Evasion abilities are banned
|rule|Sleep Moves Clause: Sleep-inducing moves are banned
|clearpoke
|poke|p1|Rillaboom, F|
|poke|p1|Gholdengo|
|poke|p1|Cinderace, F|
|poke|p1|Raging Bolt|
|poke|p1|Slowking-Galar, F|
|poke|p1|Landorus-Therian, M|
|poke|p2|Ninetales-Alola, M|
|poke|p2|Skeledirge, F|
|poke|p2|Okidogi, M|
|poke|p2|Vaporeon, F|
|poke|p2|Cresselia, F|
|poke|p2|Porygon2|
|teampreview
|inactive|Battle timer is ON: inactive players will automatically lose when time's up. (requested by Ctannn)
|j| amimec
|
|t:|1757842878
|teamsize|p1|6
|teamsize|p2|6
|start
|switch|p1a: Raging Bolt|Raging Bolt|100/100
|switch|p2a: Ninetales|Ninetales-Alola, M, shiny|100/100
|-weather|Snowscape|[from] ability: Snow Warning|[of] p2a: Ninetales
|turn|1
|
|t:|1757842885
|move|p2a: Ninetales|Blizzard|p1a: Raging Bolt
|-supereffective|p1a: Raging Bolt
|-damage|p1a: Raging Bolt|0 fnt
|faint|p1a: Raging Bolt
|-end|p1a: Raging Bolt|Protosynthesis|[silent]
|
|-weather|Snowscape|[upkeep]
|upkeep
|
|t:|1757842892
|switch|p1a: Gholdengo|Gholdengo|100/100
|turn|2
|
|t:|1757842899
|switch|p2a: Mermaid cat|Vaporeon, F|100/100
|move|p1a: Gholdengo|Trick|p2a: Mermaid cat
|-activate|p1a: Gholdengo|move: Trick|[of] p2a: Mermaid cat
|-item|p2a: Mermaid cat|Choice Scarf|[from] move: Trick
|-item|p1a: Gholdengo|Leftovers|[from] move: Trick
|
|-weather|Snowscape|[upkeep]
|upkeep
|turn|3
|j| GavilarKholin
|
|t:|1757842907
|move|p1a: Gholdengo|Nasty Plot|p1a: Gholdengo
|-boost|p1a: Gholdengo|spa|2
|move|p2a: Mermaid cat|Scald|p1a: Gholdengo
|-damage|p1a: Gholdengo|62/100
|
|-weather|Snowscape|[upkeep]
|-heal|p1a: Gholdengo|68/100|[from] item: Leftovers
|upkeep
|turn|4
|
|t:|1757842917
|move|p1a: Gholdengo|Shadow Ball|p2a: Mermaid cat
|-damage|p2a: Mermaid cat|53/100
|-unboost|p2a: Mermaid cat|spd|1
|move|p2a: Mermaid cat|Scald|p1a: Gholdengo
|-damage|p1a: Gholdengo|31/100
|
|-weather|Snowscape|[upkeep]
|-heal|p1a: Gholdengo|37/100|[from] item: Leftovers
|upkeep
|turn|5
|
|t:|1757842928
|move|p1a: Gholdengo|Shadow Ball|p2a: Mermaid cat
|-damage|p2a: Mermaid cat|0 fnt
|faint|p2a: Mermaid cat
|
|-weather|none
|-heal|p1a: Gholdengo|43/100|[from] item: Leftovers
|upkeep
|
|t:|1757842937
|switch|p2a: Ninetales|Ninetales-Alola, M, shiny|100/100
|-weather|Snowscape|[from] ability: Snow Warning|[of] p2a: Ninetales
|turn|6
|
|t:|1757842943
|-terastallize|p2a: Ninetales|Dark
|move|p2a: Ninetales|Dark Pulse|p1a: Gholdengo
|-supereffective|p1a: Gholdengo
|-damage|p1a: Gholdengo|0 fnt
|faint|p1a: Gholdengo
|
|-weather|Snowscape|[upkeep]
|upkeep
|
|t:|1757842953
|switch|p1a: Cinderace|Cinderace, F|100/100
|turn|7
|
|t:|1757842956
|switch|p2a: Skeledirge|Skeledirge, F|100/100
|move|p1a: Cinderace|U-turn|p2a: Skeledirge
|-start|p1a: Cinderace|typechange|Bug|[from] ability: Libero
|-resisted|p2a: Skeledirge
|-damage|p2a: Skeledirge|96/100
|
|t:|1757842959
|switch|p1a: Landorus|Landorus-Therian, M|100/100|[from] U-turn
|-ability|p1a: Landorus|Intimidate|boost
|-unboost|p2a: Skeledirge|atk|1
|
|-weather|Snowscape|[upkeep]
|-heal|p2a: Skeledirge|100/100|[from] item: Leftovers
|upkeep
|turn|8
|
|t:|1757842970
|move|p1a: Landorus|U-turn|p2a: Skeledirge
|-resisted|p2a: Skeledirge
|-damage|p2a: Skeledirge|97/100
|
|t:|1757842974
|switch|p1a: Slowking|Slowking-Galar, F|100/100|[from] U-turn
|move|p2a: Skeledirge|Will-O-Wisp|p1a: Slowking|[miss]
|-miss|p2a: Skeledirge|p1a: Slowking
|
|-weather|Snowscape|[upkeep]
|-heal|p2a: Skeledirge|100/100|[from] item: Leftovers
|upkeep
|turn|9
|
|t:|1757842984
|move|p2a: Skeledirge|Will-O-Wisp|p1a: Slowking
|-status|p1a: Slowking|brn
|move|p1a: Slowking|Future Sight|p2a: Skeledirge
|-start|p1a: Slowking|move: Future Sight
|
|-weather|Snowscape|[upkeep]
|-damage|p1a: Slowking|94/100 brn|[from] brn
|upkeep
|turn|10
|
|t:|1757842993
|switch|p2a: Cresselia|Cresselia, F|100/100
|-prepare|p1a: Slowking|Chilly Reception|[premajor]
|move|p1a: Slowking|Chilly Reception|p1a: Slowking
|
|t:|1757842998
|switch|p1a: Cinderace|Cinderace, F|100/100|[from] Chilly Reception
|
|-weather|none
|upkeep
|turn|11
|
|t:|1757843005
|move|p2a: Cresselia|Psychic|p1a: Cinderace
|-damage|p1a: Cinderace|52/100
|move|p1a: Cinderace|U-turn|p2a: Cresselia
|-start|p1a: Cinderace|typechange|Bug|[from] ability: Libero
|-supereffective|p2a: Cresselia
|-damage|p2a: Cresselia|54/100
|
|t:|1757843008
|switch|p1a: Slowking|Slowking-Galar, F|100/100 brn|[from] U-turn
|
|-end|p2a: Cresselia|move: Future Sight
|-resisted|p2a: Cresselia
|-damage|p2a: Cresselia|40/100
|-damage|p1a: Slowking|94/100 brn|[from] brn
|upkeep
|turn|12
|
|t:|1757843028
|switch|p2a: Skeledirge|Skeledirge, F|100/100
|move|p1a: Slowking|Future Sight|p2a: Skeledirge
|-start|p1a: Slowking|move: Future Sight
|
|-damage|p1a: Slowking|88/100 brn|[from] brn
|upkeep
|turn|13
|
|t:|1757843035
|move|p2a: Skeledirge|Torch Song|p1a: Slowking
|-damage|p1a: Slowking|64/100 brn
|-boost|p2a: Skeledirge|spa|1
|move|p1a: Slowking|Psychic|p2a: Skeledirge
|-damage|p2a: Skeledirge|65/100
|
|-heal|p2a: Skeledirge|71/100|[from] item: Leftovers
|-damage|p1a: Slowking|58/100 brn|[from] brn
|upkeep
|turn|14
|
|t:|1757843045
|move|p2a: Skeledirge|Hex|p1a: Slowking
|-supereffective|p1a: Slowking
|-damage|p1a: Slowking|0 fnt
|faint|p1a: Slowking
|
|-end|p2a: Skeledirge|move: Future Sight
|-damage|p2a: Skeledirge|27/100
|-heal|p2a: Skeledirge|34/100|[from] item: Leftovers
|upkeep
|
|t:|1757843051
|switch|p1a: Rillaboom|Rillaboom, F|100/100
|-fieldstart|move: Grassy Terrain|[from] ability: Grassy Surge|[of] p1a: Rillaboom
|turn|15
|
|t:|1757843060
|switch|p2a: Grrrr|Okidogi, M|100/100
|-terastallize|p1a: Rillaboom|Grass
|move|p1a: Rillaboom|Wood Hammer|p2a: Grrrr
|-resisted|p2a: Grrrr
|-damage|p2a: Grrrr|44/100
|-damage|p1a: Rillaboom|80/100|[from] Recoil
|
|-heal|p1a: Rillaboom|86/100|[from] Grassy Terrain
|-heal|p2a: Grrrr|50/100|[from] Grassy Terrain
|-heal|p2a: Grrrr|56/100|[from] item: Leftovers
|upkeep
|turn|16
|l| GavilarKholin
|
|t:|1757843083
|switch|p1a: Landorus|Landorus-Therian, M|100/100
|-ability|p1a: Landorus|Intimidate|boost
|-unboost|p2a: Grrrr|atk|1
|move|p2a: Grrrr|Poison Jab|p1a: Landorus
|-resisted|p1a: Landorus
|-damage|p1a: Landorus|93/100
|-status|p1a: Landorus|psn
|-damage|p2a: Grrrr|39/100|[from] item: Rocky Helmet|[of] p1a: Landorus
|
|-heal|p2a: Grrrr|45/100|[from] Grassy Terrain
|-heal|p2a: Grrrr|51/100|[from] item: Leftovers
|-damage|p1a: Landorus|80/100 psn|[from] psn
|upkeep
|turn|17
|
|t:|1757843097
|move|p2a: Grrrr|Poison Jab|p1a: Landorus
|-resisted|p1a: Landorus
|-damage|p1a: Landorus|73/100 psn
|-damage|p2a: Grrrr|35/100|[from] item: Rocky Helmet|[of] p1a: Landorus
|move|p1a: Landorus|Stealth Rock|p2a: Grrrr
|-sidestart|p2: Tigerballs|move: Stealth Rock
|
|-heal|p2a: Grrrr|41/100|[from] Grassy Terrain
|-heal|p2a: Grrrr|47/100|[from] item: Leftovers
|-damage|p1a: Landorus|60/100 psn|[from] psn
|upkeep
|turn|18
|l| amimec
|l|☆Ctannn
|inactive|Ctannn disconnected and has a minute to reconnect!
|player|p1|
|j|☆Ctannn
|inactive|Ctannn reconnected and has 125 seconds left.
|player|p1|Ctannn|102|
|inactive|Ctannn has 120 seconds left.
|
|t:|1757843136
|move|p2a: Grrrr|Poison Jab|p1a: Landorus
|-resisted|p1a: Landorus
|-damage|p1a: Landorus|52/100 psn
|-damage|p2a: Grrrr|30/100|[from] item: Rocky Helmet|[of] p1a: Landorus
|move|p1a: Landorus|U-turn|p2a: Grrrr
|-resisted|p2a: Grrrr
|-damage|p2a: Grrrr|25/100
|
|t:|1757843144
|switch|p1a: Cinderace|Cinderace, F|52/100|[from] U-turn
|
|-heal|p1a: Cinderace|58/100|[from] Grassy Terrain
|-heal|p2a: Grrrr|32/100|[from] Grassy Terrain
|-heal|p2a: Grrrr|38/100|[from] item: Leftovers
|upkeep
|turn|19
|
|t:|1757843152
|move|p1a: Cinderace|Pyro Ball|p2a: Grrrr
|-damage|p2a: Grrrr|0 fnt
|faint|p2a: Grrrr
|
|-heal|p1a: Cinderace|64/100|[from] Grassy Terrain
|-fieldend|move: Grassy Terrain
|upkeep
|
|t:|1757843163
|switch|p2a: Cresselia|Cresselia, F|40/100
|-damage|p2a: Cresselia|27/100|[from] Stealth Rock
|turn|20
|j| GavilarKholin
|
|t:|1757843175
|switch|p1a: Landorus|Landorus-Therian, M|52/100 psn
|-ability|p1a: Landorus|Intimidate|boost
|-unboost|p2a: Cresselia|atk|1
|move|p2a: Cresselia|Lunar Dance|p2a: Cresselia
|faint|p2a: Cresselia
|
|-damage|p1a: Landorus|40/100 psn|[from] psn
|upkeep
|l| GavilarKholin
|
|t:|1757843185
|switch|p2a: Skeledirge|Skeledirge, F|34/100
|-heal|p2a: Skeledirge|100/100|[from] move: Lunar Dance
|-damage|p2a: Skeledirge|75/100|[from] Stealth Rock
|turn|21
|
|t:|1757843196
|move|p1a: Landorus|Earthquake|p2a: Skeledirge
|-supereffective|p2a: Skeledirge
|-damage|p2a: Skeledirge|19/100
|move|p2a: Skeledirge|Slack Off|p2a: Skeledirge
|-heal|p2a: Skeledirge|69/100
|
|-heal|p2a: Skeledirge|75/100|[from] item: Leftovers
|-damage|p1a: Landorus|27/100 psn|[from] psn
|upkeep
|turn|22
|
|t:|1757843205
|move|p1a: Landorus|Earthquake|p2a: Skeledirge
|-supereffective|p2a: Skeledirge
|-damage|p2a: Skeledirge|18/100
|move|p2a: Skeledirge|Slack Off|p2a: Skeledirge
|-heal|p2a: Skeledirge|68/100
|
|-heal|p2a: Skeledirge|74/100|[from] item: Leftovers
|-damage|p1a: Landorus|15/100 psn|[from] psn
|upkeep
|turn|23
|
|t:|1757843216
|move|p1a: Landorus|U-turn|p2a: Skeledirge
|-resisted|p2a: Skeledirge
|-crit|p2a: Skeledirge
|-damage|p2a: Skeledirge|69/100
|
|t:|1757843220
|switch|p1a: Cinderace|Cinderace, F|64/100|[from] U-turn
|move|p2a: Skeledirge|Slack Off|p2a: Skeledirge
|-heal|p2a: Skeledirge|100/100
|
|upkeep
|turn|24
|
|t:|1757843227
|move|p1a: Cinderace|Pyro Ball|p2a: Skeledirge
|-resisted|p2a: Skeledirge
|-crit|p2a: Skeledirge
|-damage|p2a: Skeledirge|76/100
|move|p2a: Skeledirge|Torch Song|p1a: Cinderace
|-resisted|p1a: Cinderace
|-damage|p1a: Cinderace|41/100
|-boost|p2a: Skeledirge|spa|1
|
|-heal|p2a: Skeledirge|82/100|[from] item: Leftovers
|upkeep
|turn|25
|
|t:|1757843237
|move|p1a: Cinderace|Pyro Ball|p2a: Skeledirge
|-resisted|p2a: Skeledirge
|-damage|p2a: Skeledirge|65/100
|move|p2a: Skeledirge|Torch Song|p1a: Cinderace
|-resisted|p1a: Cinderace
|-damage|p1a: Cinderace|12/100
|-boost|p2a: Skeledirge|spa|1
|
|-heal|p2a: Skeledirge|71/100|[from] item: Leftovers
|upkeep
|turn|26
|
|t:|1757843247
|move|p1a: Cinderace|Pyro Ball|p2a: Skeledirge|[miss]
|-miss|p1a: Cinderace|p2a: Skeledirge
|move|p2a: Skeledirge|Slack Off|p2a: Skeledirge
|-heal|p2a: Skeledirge|100/100
|
|upkeep
|turn|27
|
|t:|1757843253
|move|p1a: Cinderace|Pyro Ball|p2a: Skeledirge
|-resisted|p2a: Skeledirge
|-damage|p2a: Skeledirge|83/100
|move|p2a: Skeledirge|Torch Song|p1a: Cinderace
|-resisted|p1a: Cinderace
|-damage|p1a: Cinderace|0 fnt
|-boost|p2a: Skeledirge|spa|1
|faint|p1a: Cinderace
|
|-heal|p2a: Skeledirge|89/100|[from] item: Leftovers
|upkeep
|
|t:|1757843256
|switch|p1a: Landorus|Landorus-Therian, M|15/100 psn
|-ability|p1a: Landorus|Intimidate|boost
|-unboost|p2a: Skeledirge|atk|1
|turn|28
|
|t:|1757843268
|move|p1a: Landorus|Earthquake|p2a: Skeledirge
|-supereffective|p2a: Skeledirge
|-damage|p2a: Skeledirge|28/100
|move|p2a: Skeledirge|Slack Off|p2a: Skeledirge
|-heal|p2a: Skeledirge|78/100
|
|-heal|p2a: Skeledirge|84/100|[from] item: Leftovers
|-damage|p1a: Landorus|3/100 psn|[from] psn
|upkeep
|turn|29
|
|t:|1757843277
|move|p1a: Landorus|Earthquake|p2a: Skeledirge
|-supereffective|p2a: Skeledirge
|-damage|p2a: Skeledirge|29/100
|move|p2a: Skeledirge|Slack Off|p2a: Skeledirge
|-heal|p2a: Skeledirge|79/100
|
|-heal|p2a: Skeledirge|85/100|[from] item: Leftovers
|-damage|p1a: Landorus|0 fnt|[from] psn
|faint|p1a: Landorus
|upkeep
|
|t:|1757843280
|switch|p1a: Rillaboom|Rillaboom, F, tera:Grass|86/100
|-fieldstart|move: Grassy Terrain|[from] ability: Grassy Surge|[of] p1a: Rillaboom
|turn|30
|j| GavilarKholin
|
|t:|1757843291
|move|p1a: Rillaboom|Wood Hammer|p2a: Skeledirge
|-resisted|p2a: Skeledirge
|-damage|p2a: Skeledirge|46/100
|-damage|p1a: Rillaboom|70/100|[from] Recoil
|move|p2a: Skeledirge|Torch Song|p1a: Rillaboom
|-supereffective|p1a: Rillaboom
|-damage|p1a: Rillaboom|0 fnt
|-boost|p2a: Skeledirge|spa|1
|faint|p1a: Rillaboom
|
|win|Tigerballs
|raw|Ctannn's rating: 1859 &rarr; <strong>1835</strong><br />(-24 for losing)
|raw|Tigerballs's rating: 1780 &rarr; <strong>1804</strong><br />(+24 for winning)
|l|☆Ctannn
|player|p1|
|c|☆Tigerballs|Gg
|l| GavilarKholin
