|j|☆Brewers_Pizza
|j|☆YourFriendSanti
|t:|1757913613
|gametype|singles
|player|p1|Brewers_Pizza|sabrina|1161
|player|p2|YourFriendSanti|hilbert-wonderlauncher|1117
|gen|9
|tier|[Gen 9] OU
|rated|
|rule|HP Percentage Mod: HP is shown in percentages
|rule|Endless Battle Clause: Forcing endless battles is banned
|rule|Species Clause: Limit one of each Pokémon
|rule|OHKO Clause: OHKO moves are banned
|rule|Evasion Items Clause: Evasion items are banned
|rule|Evasion Moves Clause: Evasion moves are banned
|rule|Evasion Abilities Clause: Evasion abilities are banned
|rule|Sleep Moves Clause: Sleep-inducing moves are banned
|clearpoke
|poke|p1|Glimmora, F|
|poke|p1|Darkrai|
|poke|p1|Delphox, M|
|poke|p1|Indeedee, M|
|poke|p1|Arcanine-Hisui, F|
|poke|p1|Breloom, F|
|poke|p2|Revavroom, M|
|poke|p2|Lokix, M|
|poke|p2|Ninetales-Alola, F|
|poke|p2|Skeledirge, F|
|poke|p2|Great Tusk|
|poke|p2|Iron Hands|
|teampreview
|
|t:|1757913628
|teamsize|p1|6
|teamsize|p2|6
|start
|switch|p1a: Glimmora|Glimmora, F|100/100
|switch|p2a: Asgore's Truck|Revavroom, M|100/100
|-item|p1a: Glimmora|Air Balloon
|-item|p2a: Asgore's Truck|Air Balloon
|turn|1
|c|☆Brewers_Pizza|LMAOOO I LOVE THE NAME
|
|t:|1757913645
|move|p1a: Glimmora|Toxic|p2a: Asgore's Truck
|-status|p2a: Asgore's Truck|tox
|move|p2a: Asgore's Truck|Iron Head|p1a: Glimmora
|-supereffective|p1a: Glimmora
|-damage|p1a: Glimmora|0 fnt
|-enditem|p1a: Glimmora|Air Balloon
|faint|p1a: Glimmora
|
|-damage|p2a: Asgore's Truck|95/100 tox|[from] psn
|upkeep
|c|☆YourFriendSanti|lolz thanks
|
|t:|1757913657
|switch|p1a: Indeedee|Indeedee, M|100/100
|-fieldstart|move: Psychic Terrain|[from] ability: Psychic Surge|[of] p1a: Indeedee
|turn|2
|
|t:|1757913672
|move|p1a: Indeedee|Expanding Force|p2a: Asgore's Truck
|-damage|p2a: Asgore's Truck|0 fnt
|-enditem|p2a: Asgore's Truck|Air Balloon
|faint|p2a: Asgore's Truck
|
|upkeep
|
|t:|1757913679
|switch|p2a: Lokix|Lokix, M|100/100
|turn|3
|
|t:|1757913685
|switch|p1a: Arcanine|Arcanine-Hisui, F|100/100
|-ability|p1a: Arcanine|Intimidate|boost
|-unboost|p2a: Lokix|atk|1
|move|p2a: Lokix|Knock Off|p1a: Arcanine
|-damage|p1a: Arcanine|56/100
|-enditem|p1a: Arcanine|Heavy-Duty Boots|[from] move: Knock Off|[of] p2a: Lokix
|
|upkeep
|turn|4
|
|t:|1757913694
|switch|p2a: Skeledirge|Skeledirge, F|100/100
|move|p1a: Arcanine|Will-O-Wisp|p2a: Skeledirge
|-immune|p2a: Skeledirge
|
|upkeep
|turn|5
|
|t:|1757913701
|move|p1a: Arcanine|Stone Edge|p2a: Skeledirge
|-supereffective|p2a: Skeledirge
|-damage|p2a: Skeledirge|31/100
|move|p2a: Skeledirge|Hex|p1a: Arcanine
|-damage|p1a: Arcanine|28/100
|
|upkeep
|turn|6
|
|t:|1757913712
|switch|p2a: Great Tusk|Great Tusk|100/100
|move|p1a: Arcanine|Morning Sun|p1a: Arcanine
|-heal|p1a: Arcanine|78/100
|
|-fieldend|move: Psychic Terrain
|upkeep
|turn|7
|
|t:|1757913720
|move|p1a: Arcanine|Will-O-Wisp|p2a: Great Tusk
|-status|p2a: Great Tusk|brn
|move|p2a: Great Tusk|Body Press|p1a: Arcanine
|-supereffective|p1a: Arcanine
|-damage|p1a: Arcanine|30/100
|
|-damage|p2a: Great Tusk|94/100 brn|[from] brn
|upkeep
|turn|8
|
|t:|1757913732
|switch|p1a: Breloom|Breloom, F|100/100
|move|p2a: Great Tusk|Earthquake|p1a: Breloom
|-resisted|p1a: Breloom
|-damage|p1a: Breloom|88/100
|
|-damage|p2a: Great Tusk|88/100 brn|[from] brn
|upkeep
|turn|9
|
|t:|1757913744
|move|p2a: Great Tusk|Ice Spinner|p1a: Breloom
|-supereffective|p1a: Breloom
|-damage|p1a: Breloom|58/100
|move|p1a: Breloom|Bullet Seed|p2a: Great Tusk
|-supereffective|p2a: Great Tusk
|-damage|p2a: Great Tusk|57/100 brn
|-supereffective|p2a: Great Tusk
|-damage|p2a: Great Tusk|27/100 brn
|-hitcount|p2a: Great Tusk|2
|
|-damage|p2a: Great Tusk|21/100 brn|[from] brn
|upkeep
|turn|10
|
|t:|1757913752
|-end|p2a: Great Tusk|Protosynthesis|[silent]
|switch|p2a: Lokix|Lokix, M|100/100
|move|p1a: Breloom|Bullet Seed|p2a: Lokix
|-resisted|p2a: Lokix
|-damage|p2a: Lokix|78/100
|-resisted|p2a: Lokix
|-damage|p2a: Lokix|57/100
|-hitcount|p2a: Lokix|2
|
|upkeep
|turn|11
|
|t:|1757913770
|switch|p1a: Arcanine|Arcanine-Hisui, F|30/100
|-ability|p1a: Arcanine|Intimidate|boost
|-unboost|p2a: Lokix|atk|1
|move|p2a: Lokix|Knock Off|p1a: Arcanine
|-damage|p1a: Arcanine|0 fnt
|faint|p1a: Arcanine
|
|upkeep
|
|t:|1757913783
|switch|p1a: Delphox|Delphox, M|100/100
|turn|12
|
|t:|1757913788
|move|p2a: Lokix|Sucker Punch|p1a: Delphox
|-supereffective|p1a: Delphox
|-damage|p1a: Delphox|16/100
|move|p1a: Delphox|Flamethrower|p2a: Lokix
|-supereffective|p2a: Lokix
|-damage|p2a: Lokix|0 fnt
|faint|p2a: Lokix
|
|upkeep
|
|t:|1757913798
|switch|p2a: Ninetales|Ninetales-Alola, F|100/100
|-weather|Snowscape|[from] ability: Snow Warning|[of] p2a: Ninetales
|turn|13
|
|t:|1757913808
|move|p2a: Ninetales|Blizzard|p1a: Delphox
|-resisted|p1a: Delphox
|-damage|p1a: Delphox|0 fnt
|faint|p1a: Delphox
|
|-weather|Snowscape|[upkeep]
|upkeep
|
|t:|1757913814
|switch|p1a: Indeedee|Indeedee, M|100/100
|-fieldstart|move: Psychic Terrain|[from] ability: Psychic Surge|[of] p1a: Indeedee
|turn|14
|
|t:|1757913820
|-terastallize|p1a: Indeedee|Psychic
|move|p2a: Ninetales|Aurora Veil|p2a: Ninetales
|-sidestart|p2: YourFriendSanti|move: Aurora Veil
|move|p1a: Indeedee|Expanding Force|p2a: Ninetales
|-damage|p2a: Ninetales|24/100
|
|-weather|Snowscape|[upkeep]
|upkeep
|turn|15
|
|t:|1757913827
|move|p2a: Ninetales|Blizzard|p1a: Indeedee
|-damage|p1a: Indeedee|40/100
|move|p1a: Indeedee|Expanding Force|p2a: Ninetales
|-damage|p2a: Ninetales|0 fnt
|faint|p2a: Ninetales
|
|-weather|Snowscape|[upkeep]
|upkeep
|
|t:|1757913835
|switch|p2a: Skeledirge|Skeledirge, F|31/100
|turn|16
|
|t:|1757913839
|move|p1a: Indeedee|Expanding Force|p2a: Skeledirge
|-damage|p2a: Skeledirge|0 fnt
|faint|p2a: Skeledirge
|
|-weather|Snowscape|[upkeep]
|upkeep
|
|t:|1757913844
|switch|p2a: Iron Hands|Iron Hands|100/100
|turn|17
|
|t:|1757913866
|switch|p1a: Breloom|Breloom, F|58/100
|move|p2a: Iron Hands|Supercell Slam|p1a: Breloom
|-resisted|p1a: Breloom
|-damage|p1a: Breloom|31/100
|
|-weather|none
|upkeep
|turn|18
|
|t:|1757913874
|move|p1a: Breloom|Bullet Seed|p2a: Iron Hands
|-damage|p2a: Iron Hands|92/100
|-damage|p2a: Iron Hands|84/100
|-hitcount|p2a: Iron Hands|2
|move|p2a: Iron Hands|Ice Punch|p1a: Breloom
|-supereffective|p1a: Breloom
|-damage|p1a: Breloom|0 fnt
|faint|p1a: Breloom
|
|-fieldend|move: Psychic Terrain
|upkeep
|
|t:|1757913888
|switch|p1a: Indeedee|Indeedee, M, tera:Psychic|40/100
|-fieldstart|move: Psychic Terrain|[from] ability: Psychic Surge|[of] p1a: Indeedee
|turn|19
|
|t:|1757913897
|move|p1a: Indeedee|Expanding Force|p2a: Iron Hands
|-supereffective|p2a: Iron Hands
|-damage|p2a: Iron Hands|0 fnt
|faint|p2a: Iron Hands
|-end|p2a: Iron Hands|Quark Drive|[silent]
|
|upkeep
|
|t:|1757913900
|switch|p2a: Great Tusk|Great Tusk|21/100 brn
|turn|20
|-message|YourFriendSanti forfeited.
|
|win|Brewers_Pizza
|raw|Brewers_Pizza's rating: 1161 &rarr; <strong>1183</strong><br />(+22 for winning)
|raw|YourFriendSanti's rating: 1117 &rarr; <strong>1095</strong><br />(-22 for losing)
|l|☆YourFriendSanti
|player|p2|
|l|☆Brewers_Pizza
|player|p1|
