|j|☆fadingstrawberry
|j|☆XDOOL
|t:|1757872227
|gametype|singles
|player|p1|fadingstrawberry|swimmerf-gen4|1473
|player|p2|XDOOL|fisherman|1475
|gen|9
|tier|[Gen 9] OU
|rated|
|rule|HP Percentage Mod: HP is shown in percentages
|rule|Endless Battle Clause: Forcing endless battles is banned
|rule|Species Clause: Limit one of each Pokémon
|rule|OHKO Clause: OHKO moves are banned
|rule|Evasion Items Clause: Evasion items are banned
|rule|Evasion Moves Clause: Evasion moves are banned
|rule|Evasion Abilities Clause: Evasion abilities are banned
|rule|Sleep Moves Clause: Sleep-inducing moves are banned
|clearpoke
|poke|p1|Torkoal, M|
|poke|p1|Great Tusk|
|poke|p1|Hatterene, F|
|poke|p1|Walking Wake|
|poke|p1|Slither Wing|
|poke|p1|Weavile, M|
|poke|p2|Meowscarada, M|
|poke|p2|Ursaluna, F|
|poke|p2|Conkeldurr, M|
|poke|p2|Heracross, F|
|poke|p2|Cinderace, M|
|poke|p2|Kingambit, F|
|teampreview
|
|t:|1757872236
|teamsize|p1|6
|teamsize|p2|6
|start
|switch|p1a: Torkoal|Torkoal, M|100/100
|switch|p2a: Meowscarada|Meowscarada, M|100/100
|-weather|SunnyDay|[from] ability: Drought|[of] p1a: Torkoal
|turn|1
|
|t:|1757872245
|move|p2a: Meowscarada|Toxic Spikes|p1a: Torkoal
|-sidestart|p1: fadingstrawberry|move: Toxic Spikes
|move|p1a: Torkoal|Stealth Rock|p2a: Meowscarada
|-sidestart|p2: XDOOL|move: Stealth Rock
|
|-weather|SunnyDay|[upkeep]
|upkeep
|turn|2
|
|t:|1757872250
|move|p2a: Meowscarada|Knock Off|p1a: Torkoal
|-damage|p1a: Torkoal|75/100
|-enditem|p1a: Torkoal|Heat Rock|[from] move: Knock Off|[of] p2a: Meowscarada
|move|p1a: Torkoal|Rapid Spin|p2a: Meowscarada
|-damage|p2a: Meowscarada|88/100
|-boost|p1a: Torkoal|spe|1
|-sideend|p1: fadingstrawberry|Toxic Spikes|[from] move: Rapid Spin|[of] p1a: Torkoal
|
|-weather|SunnyDay|[upkeep]
|upkeep
|turn|3
|
|t:|1757872254
|move|p2a: Meowscarada|Toxic Spikes|p1a: Torkoal
|-sidestart|p1: fadingstrawberry|move: Toxic Spikes
|move|p1a: Torkoal|Will-O-Wisp|p2a: Meowscarada
|-status|p2a: Meowscarada|brn
|
|-weather|SunnyDay|[upkeep]
|-damage|p2a: Meowscarada|82/100 brn|[from] brn
|upkeep
|turn|4
|
|t:|1757872268
|move|p2a: Meowscarada|Knock Off|p1a: Torkoal
|-damage|p1a: Torkoal|66/100
|move|p1a: Torkoal|Rapid Spin|p2a: Meowscarada
|-damage|p2a: Meowscarada|69/100 brn
|-boost|p1a: Torkoal|spe|1
|-sideend|p1: fadingstrawberry|Toxic Spikes|[from] move: Rapid Spin|[of] p1a: Torkoal
|
|-weather|SunnyDay|[upkeep]
|-damage|p2a: Meowscarada|63/100 brn|[from] brn
|upkeep
|turn|5
|
|t:|1757872271
|move|p2a: Meowscarada|Toxic Spikes|p1a: Torkoal
|-sidestart|p1: fadingstrawberry|move: Toxic Spikes
|move|p1a: Torkoal|Lava Plume|p2a: Meowscarada
|-supereffective|p2a: Meowscarada
|-damage|p2a: Meowscarada|0 fnt
|faint|p2a: Meowscarada
|
|-weather|SunnyDay|[upkeep]
|upkeep
|
|t:|1757872282
|switch|p2a: Cinderace|Cinderace, M|100/100
|turn|6
|
|t:|1757872285
|move|p2a: Cinderace|Court Change|p2a: Cinderace
|-swapsideconditions
|-activate|p2a: Cinderace|move: Court Change
|move|p1a: Torkoal|Rapid Spin|p2a: Cinderace
|-damage|p2a: Cinderace|89/100
|-boost|p1a: Torkoal|spe|1
|-sideend|p1: fadingstrawberry|Stealth Rock|[from] move: Rapid Spin|[of] p1a: Torkoal
|
|-weather|SunnyDay|[upkeep]
|upkeep
|turn|7
|
|t:|1757872293
|move|p2a: Cinderace|Pyro Ball|p1a: Torkoal
|-resisted|p1a: Torkoal
|-damage|p1a: Torkoal|43/100
|move|p1a: Torkoal|Stealth Rock|p2a: Cinderace
|-sidestart|p2: XDOOL|move: Stealth Rock
|
|-weather|SunnyDay|[upkeep]
|upkeep
|turn|8
|
|t:|1757872299
|switch|p1a: Walking Wake|Walking Wake|100/100
|-activate|p1a: Walking Wake|ability: Protosynthesis
|-start|p1a: Walking Wake|protosynthesisspe
|move|p2a: Cinderace|Pyro Ball|p1a: Walking Wake
|-resisted|p1a: Walking Wake
|-damage|p1a: Walking Wake|77/100
|
|-weather|none
|-end|p1a: Walking Wake|Protosynthesis
|upkeep
|turn|9
|
|t:|1757872305
|move|p2a: Cinderace|Will-O-Wisp|p1a: Walking Wake
|-status|p1a: Walking Wake|brn
|move|p1a: Walking Wake|Draco Meteor|p2a: Cinderace
|-damage|p2a: Cinderace|0 fnt
|-unboost|p1a: Walking Wake|spa|2
|faint|p2a: Cinderace
|
|-damage|p1a: Walking Wake|71/100 brn|[from] brn
|upkeep
|
|t:|1757872312
|switch|p2a: Heracross|Heracross, F|100/100
|-status|p2a: Heracross|psn
|-damage|p2a: Heracross|88/100 psn|[from] Stealth Rock
|turn|10
|
|t:|1757872318
|-end|p1a: Walking Wake|Protosynthesis|[silent]
|switch|p1a: Torkoal|Torkoal, M|43/100
|-weather|SunnyDay|[from] ability: Drought|[of] p1a: Torkoal
|-terastallize|p2a: Heracross|Fighting
|move|p2a: Heracross|Close Combat|p1a: Torkoal
|-damage|p1a: Torkoal|0 fnt
|-unboost|p2a: Heracross|def|1
|-unboost|p2a: Heracross|spd|1
|faint|p1a: Torkoal
|
|-weather|SunnyDay|[upkeep]
|-damage|p2a: Heracross|76/100 psn|[from] psn
|upkeep
|
|t:|1757872323
|switch|p1a: Weavile|Weavile, M|100/100
|-ability|p1a: Weavile|Pressure
|turn|11
|
|t:|1757872327
|move|p2a: Heracross|Close Combat|p1a: Weavile
|-supereffective|p1a: Weavile
|-damage|p1a: Weavile|0 fnt
|-unboost|p2a: Heracross|def|1
|-unboost|p2a: Heracross|spd|1
|faint|p1a: Weavile
|
|-weather|SunnyDay|[upkeep]
|-damage|p2a: Heracross|64/100 psn|[from] psn
|upkeep
|
|t:|1757872333
|switch|p1a: Hatterene|Hatterene, F|100/100
|turn|12
|
|t:|1757872353
|switch|p2a: Kingambit|Kingambit, F|100/100
|-damage|p2a: Kingambit|94/100|[from] Stealth Rock
|-activate|p2a: Kingambit|ability: Supreme Overlord
|-start|p2a: Kingambit|fallen2|[silent]
|switch|p1a: Walking Wake|Walking Wake|71/100 brn
|-activate|p1a: Walking Wake|ability: Protosynthesis
|-start|p1a: Walking Wake|protosynthesisspe
|
|-weather|SunnyDay|[upkeep]
|-heal|p2a: Kingambit|100/100|[from] item: Leftovers
|-damage|p1a: Walking Wake|65/100 brn|[from] brn
|upkeep
|turn|13
|
|t:|1757872359
|move|p2a: Kingambit|Sucker Punch|p1a: Walking Wake
|-damage|p1a: Walking Wake|7/100 brn
|move|p1a: Walking Wake|Flamethrower|p2a: Kingambit
|-supereffective|p2a: Kingambit
|-damage|p2a: Kingambit|0 fnt
|faint|p2a: Kingambit
|-end|p2a: Kingambit|fallen2|[silent]
|
|-weather|SunnyDay|[upkeep]
|-damage|p1a: Walking Wake|1/100 brn|[from] brn
|upkeep
|
|t:|1757872363
|switch|p2a: Conkeldurr|Conkeldurr, M|100/100
|-status|p2a: Conkeldurr|psn
|-damage|p2a: Conkeldurr|94/100 psn|[from] Stealth Rock
|turn|14
|
|t:|1757872368
|-end|p1a: Walking Wake|Protosynthesis|[silent]
|switch|p1a: Hatterene|Hatterene, F|100/100
|move|p2a: Conkeldurr|Mach Punch|p1a: Hatterene
|-resisted|p1a: Hatterene
|-damage|p1a: Hatterene|90/100
|
|-weather|none
|-heal|p1a: Hatterene|96/100|[from] item: Leftovers
|-damage|p2a: Conkeldurr|82/100 psn|[from] psn
|upkeep
|turn|15
|
|t:|1757872375
|switch|p2a: Ursaluna|Ursaluna, F|100/100
|-status|p2a: Ursaluna|psn
|-damage|p2a: Ursaluna|94/100 psn|[from] Stealth Rock
|move|p1a: Hatterene|Calm Mind|p1a: Hatterene
|-boost|p1a: Hatterene|spa|1
|-boost|p1a: Hatterene|spd|1
|
|-heal|p1a: Hatterene|100/100|[from] item: Leftovers
|-damage|p2a: Ursaluna|82/100 psn|[from] psn
|upkeep
|turn|16
|
|t:|1757872380
|move|p2a: Ursaluna|Facade|p1a: Hatterene
|-damage|p1a: Hatterene|0 fnt
|faint|p1a: Hatterene
|
|-damage|p2a: Ursaluna|69/100 psn|[from] psn
|upkeep
|
|t:|1757872385
|switch|p1a: Slither Wing|Slither Wing|100/100
|turn|17
|
|t:|1757872397
|move|p2a: Ursaluna|Facade|p1a: Slither Wing
|-damage|p1a: Slither Wing|0 fnt
|faint|p1a: Slither Wing
|-end|p1a: Slither Wing|Protosynthesis|[silent]
|
|-damage|p2a: Ursaluna|57/100 psn|[from] psn
|upkeep
|inactive|Battle timer is ON: inactive players will automatically lose when time's up. (requested by fadingstrawberry)
|
|t:|1757872401
|switch|p1a: Great Tusk|Great Tusk|100/100
|turn|18
|
|t:|1757872404
|move|p1a: Great Tusk|Body Press|p2a: Ursaluna
|-supereffective|p2a: Ursaluna
|-damage|p2a: Ursaluna|0 fnt
|faint|p2a: Ursaluna
|
|upkeep
|
|t:|1757872417
|switch|p2a: Heracross|Heracross, F, tera:Fighting|64/100 psn
|-damage|p2a: Heracross|58/100 psn|[from] Stealth Rock
|turn|19
|
|t:|1757872421
|move|p2a: Heracross|Close Combat|p1a: Great Tusk
|-damage|p1a: Great Tusk|38/100
|-unboost|p2a: Heracross|def|1
|-unboost|p2a: Heracross|spd|1
|-damage|p2a: Heracross|41/100 psn|[from] item: Rocky Helmet|[of] p1a: Great Tusk
|move|p1a: Great Tusk|Body Press|p2a: Heracross
|-damage|p2a: Heracross|0 fnt
|faint|p2a: Heracross
|
|upkeep
|
|t:|1757872424
|switch|p2a: Conkeldurr|Conkeldurr, M|82/100 psn
|-damage|p2a: Conkeldurr|76/100 psn|[from] Stealth Rock
|turn|20
|
|t:|1757872432
|move|p2a: Conkeldurr|Mach Punch|p1a: Great Tusk
|-damage|p1a: Great Tusk|14/100
|-damage|p2a: Conkeldurr|59/100 psn|[from] item: Rocky Helmet|[of] p1a: Great Tusk
|move|p1a: Great Tusk|Body Press|p2a: Conkeldurr
|-damage|p2a: Conkeldurr|22/100 psn
|
|-damage|p2a: Conkeldurr|10/100 psn|[from] psn
|upkeep
|turn|21
|
|t:|1757872445
|-end|p1a: Great Tusk|Protosynthesis|[silent]
|switch|p1a: Walking Wake|Walking Wake|1/100 brn
|move|p2a: Conkeldurr|Mach Punch|p1a: Walking Wake
|-damage|p1a: Walking Wake|0 fnt
|faint|p1a: Walking Wake
|-end|p1a: Walking Wake|Protosynthesis|[silent]
|
|-damage|p2a: Conkeldurr|0 fnt|[from] psn
|faint|p2a: Conkeldurr
|
|win|fadingstrawberry
|raw|fadingstrawberry's rating: 1473 &rarr; <strong>1493</strong><br />(+20 for winning)
|raw|XDOOL's rating: 1475 &rarr; <strong>1455</strong><br />(-20 for losing)
|l|☆XDOOL
|player|p2|
