|j|☆Arcane Brain
|j|☆MayatazKJ
|t:|1757863881
|gametype|singles
|player|p1|Arcane Brain|169|1390
|player|p2|MayatazKJ|2|1436
|gen|9
|tier|[Gen 9] OU
|rated|
|rule|HP Percentage Mod: HP is shown in percentages
|rule|Endless Battle Clause: Forcing endless battles is banned
|rule|Species Clause: Limit one of each Pokémon
|rule|OHKO Clause: OHKO moves are banned
|rule|Evasion Items Clause: Evasion items are banned
|rule|Evasion Moves Clause: Evasion moves are banned
|rule|Evasion Abilities Clause: Evasion abilities are banned
|rule|Sleep Moves Clause: Sleep-inducing moves are banned
|clearpoke
|poke|p1|Kyurem|
|poke|p1|Necrozma|
|poke|p1|Landorus-Therian, M|
|poke|p1|Iron Hands|
|poke|p1|Diancie|
|poke|p1|Hatterene, F|
|poke|p2|Hatterene, F|
|poke|p2|Great Tusk|
|poke|p2|Ceruledge, M|
|poke|p2|Ting-Lu|
|poke|p2|Dragonite, F|
|poke|p2|Kyurem|
|teampreview
|
|t:|1757863916
|teamsize|p1|6
|teamsize|p2|6
|start
|switch|p1a: Landorus|Landorus-Therian, M|100/100
|switch|p2a: Kyurem|Kyurem|100/100
|-ability|p2a: Kyurem|Pressure
|-ability|p1a: Landorus|Intimidate|boost
|-unboost|p2a: Kyurem|atk|1
|turn|1
|
|t:|1757863960
|switch|p1a: Necrozma|Necrozma|100/100
|move|p2a: Kyurem|Ice Beam|p1a: Necrozma
|-damage|p1a: Necrozma|39/100
|
|upkeep
|turn|2
|
|t:|1757863977
|move|p2a: Kyurem|Ice Beam|p1a: Necrozma
|-crit|p1a: Necrozma
|-damage|p1a: Necrozma|0 fnt
|faint|p1a: Necrozma
|
|upkeep
|
|t:|1757863984
|switch|p1a: Kyurem|Kyurem|100/100
|-ability|p1a: Kyurem|Pressure
|turn|3
|
|t:|1757863991
|-terastallize|p1a: Kyurem|Fire
|move|p2a: Kyurem|Ice Beam|p1a: Kyurem
|-resisted|p1a: Kyurem
|-damage|p1a: Kyurem|69/100
|move|p1a: Kyurem|Dragon Dance|p1a: Kyurem
|-boost|p1a: Kyurem|atk|1
|-boost|p1a: Kyurem|spe|1
|
|upkeep
|turn|4
|
|t:|1757864016
|switch|p2a: Hatterene|Hatterene, F, shiny|100/100
|move|p1a: Kyurem|Dragon Dance|p1a: Kyurem
|-boost|p1a: Kyurem|atk|1
|-boost|p1a: Kyurem|spe|1
|
|upkeep
|turn|5
|
|t:|1757864026
|-terastallize|p2a: Hatterene|Steel
|move|p1a: Kyurem|Icicle Spear|p2a: Hatterene
|-resisted|p2a: Hatterene
|-damage|p2a: Hatterene|87/100
|-resisted|p2a: Hatterene
|-damage|p2a: Hatterene|74/100
|-resisted|p2a: Hatterene
|-damage|p2a: Hatterene|62/100
|-resisted|p2a: Hatterene
|-damage|p2a: Hatterene|47/100
|-resisted|p2a: Hatterene
|-damage|p2a: Hatterene|34/100
|-hitcount|p2a: Hatterene|5
|move|p2a: Hatterene|Nuzzle|p1a: Kyurem
|-damage|p1a: Kyurem|65/100
|-status|p1a: Kyurem|par
|
|upkeep
|turn|6
|
|t:|1757864032
|cant|p1a: Kyurem|par
|move|p2a: Hatterene|Psychic Noise|p1a: Kyurem
|-damage|p1a: Kyurem|29/100 par
|-start|p1a: Kyurem|move: Heal Block
|
|upkeep
|turn|7
|
|t:|1757864038
|cant|p1a: Kyurem|par
|move|p2a: Hatterene|Psychic Noise|p1a: Kyurem
|-damage|p1a: Kyurem|0 fnt
|faint|p1a: Kyurem
|
|upkeep
|-message|Arcane Brain forfeited.
|
|win|MayatazKJ
|raw|Arcane Brain's rating: 1390 &rarr; <strong>1373</strong><br />(-17 for losing)
|raw|MayatazKJ's rating: 1436 &rarr; <strong>1453</strong><br />(+17 for winning)
|l|☆Arcane Brain
|player|p1|
|l|☆MayatazKJ
|player|p2|
