|j|☆fungize
|j|☆B/CFan
|t:|1757948419
|gametype|singles
|player|p1|fungize|hugh|1465
|player|p2|B/CFan|266|1405
|gen|9
|tier|[Gen 9] OU
|rated|
|rule|HP Percentage Mod: HP is shown in percentages
|rule|Endless Battle Clause: Forcing endless battles is banned
|rule|Species Clause: Limit one of each Pokémon
|rule|OHKO Clause: OHKO moves are banned
|rule|Evasion Items Clause: Evasion items are banned
|rule|Evasion Moves Clause: Evasion moves are banned
|rule|Evasion Abilities Clause: Evasion abilities are banned
|rule|Sleep Moves Clause: Sleep-inducing moves are banned
|clearpoke
|poke|p1|Moltres-Galar|
|poke|p1|Great Tusk|
|poke|p1|Iron Moth|
|poke|p1|Araquanid, F|
|poke|p1|Landorus-Therian, M|
|poke|p1|Honchkrow, M|
|poke|p2|Dragapult, M|
|poke|p2|Moltres|
|poke|p2|Great Tusk|
|poke|p2|Ogerpon-Wellspring, F|
|poke|p2|Slowking-Galar, M|
|poke|p2|Kingambit, M|
|teampreview
|
|t:|1757948432
|teamsize|p1|6
|teamsize|p2|6
|start
|switch|p1a: Araquanid|Araquanid, F|100/100
|switch|p2a: Great Tusk|Great Tusk|100/100
|turn|1
|
|t:|1757948450
|move|p2a: Great Tusk|Stealth Rock|p1a: Araquanid
|-sidestart|p1: fungize|move: Stealth Rock
|move|p1a: Araquanid|Surf|p2a: Great Tusk
|-supereffective|p2a: Great Tusk
|-damage|p2a: Great Tusk|0 fnt
|faint|p2a: Great Tusk
|-end|p2a: Great Tusk|Protosynthesis|[silent]
|
|upkeep
|
|t:|1757948464
|switch|p2a: Dragapult|Dragapult, M|100/100
|turn|2
|
|t:|1757948471
|move|p2a: Dragapult|Draco Meteor|p1a: Araquanid
|-damage|p1a: Araquanid|34/100
|-unboost|p2a: Dragapult|spa|2
|move|p1a: Araquanid|Sticky Web|p2a: Dragapult
|-sidestart|p2: B/CFan|move: Sticky Web
|
|upkeep
|turn|3
|
|t:|1757948477
|move|p2a: Dragapult|Draco Meteor|p1a: Araquanid
|-damage|p1a: Araquanid|0 fnt
|-unboost|p2a: Dragapult|spa|2
|faint|p1a: Araquanid
|
|upkeep
|
|t:|1757948493
|switch|p1a: Iron Moth|Iron Moth|100/100
|-damage|p1a: Iron Moth|76/100|[from] Stealth Rock
|-enditem|p1a: Iron Moth|Booster Energy
|-activate|p1a: Iron Moth|ability: Quark Drive|[fromitem]
|-start|p1a: Iron Moth|quarkdrivespe
|turn|4
|
|t:|1757948498
|switch|p2a: Moltres|Moltres|100/100
|move|p1a: Iron Moth|Fiery Dance|p2a: Moltres
|-resisted|p2a: Moltres
|-damage|p2a: Moltres|78/100
|
|upkeep
|turn|5
|
|t:|1757948505
|move|p1a: Iron Moth|Sludge Wave|p2a: Moltres
|-damage|p2a: Moltres|21/100
|move|p2a: Moltres|Scorching Sands|p1a: Iron Moth
|-supereffective|p1a: Iron Moth
|-damage|p1a: Iron Moth|0 fnt
|faint|p1a: Iron Moth
|-end|p1a: Iron Moth|Quark Drive|[silent]
|
|upkeep
|
|t:|1757948518
|switch|p1a: Great Tusk|Great Tusk|100/100
|-damage|p1a: Great Tusk|98/100|[from] Stealth Rock
|-enditem|p1a: Great Tusk|Booster Energy
|-activate|p1a: Great Tusk|ability: Protosynthesis|[fromitem]
|-start|p1a: Great Tusk|protosynthesisspe
|turn|6
|
|t:|1757948528
|move|p1a: Great Tusk|Rapid Spin|p2a: Moltres
|-damage|p2a: Moltres|5/100
|-boost|p1a: Great Tusk|spe|1
|-sideend|p1: fungize|Stealth Rock|[from] move: Rapid Spin|[of] p1a: Great Tusk
|move|p2a: Moltres|Air Slash|p1a: Great Tusk
|-supereffective|p1a: Great Tusk
|-damage|p1a: Great Tusk|0 fnt
|faint|p1a: Great Tusk
|-end|p1a: Great Tusk|Protosynthesis|[silent]
|
|upkeep
|
|t:|1757948539
|switch|p1a: Honchkrow|Honchkrow, M|100/100
|turn|7
|
|t:|1757948549
|move|p2a: Moltres|U-turn|p1a: Honchkrow
|-damage|p1a: Honchkrow|76/100
|
|t:|1757948555
|switch|p2a: Slowking|Slowking-Galar, M|100/100|[from] U-turn
|-activate|p2a: Slowking|move: Sticky Web
|-unboost|p2a: Slowking|spe|1
|move|p1a: Honchkrow|Night Slash|p2a: Slowking
|-supereffective|p2a: Slowking
|-crit|p2a: Slowking
|-damage|p2a: Slowking|0 fnt
|faint|p2a: Slowking
|
|upkeep
|
|t:|1757948559
|switch|p2a: Dragapult|Dragapult, M|100/100
|-activate|p2a: Dragapult|move: Sticky Web
|-fail|p2a: Dragapult|unboost|[from] ability: Clear Body|[of] p2a: Dragapult
|turn|8
|
|t:|1757948569
|-terastallize|p2a: Dragapult|Dragon
|-terastallize|p1a: Honchkrow|Dark
|move|p1a: Honchkrow|Sucker Punch|p2a: Dragapult
|-crit|p2a: Dragapult
|-damage|p2a: Dragapult|2/100
|move|p2a: Dragapult|Draco Meteor|p1a: Honchkrow
|-damage|p1a: Honchkrow|0 fnt
|-unboost|p2a: Dragapult|spa|2
|faint|p1a: Honchkrow
|
|upkeep
|
|t:|1757948582
|switch|p1a: Moltres|Moltres-Galar|100/100
|turn|9
|
|t:|1757948590
|switch|p2a: Moltres|Moltres|5/100
|move|p1a: Moltres|Fiery Wrath|p2a: Moltres
|-damage|p2a: Moltres|0 fnt
|faint|p2a: Moltres
|
|upkeep
|
|t:|1757948595
|switch|p2a: Dragapult|Dragapult, M, tera:Dragon|2/100
|-activate|p2a: Dragapult|move: Sticky Web
|-fail|p2a: Dragapult|unboost|[from] ability: Clear Body|[of] p2a: Dragapult
|turn|10
|
|t:|1757948603
|move|p2a: Dragapult|Draco Meteor|p1a: Moltres|[miss]
|-miss|p2a: Dragapult|p1a: Moltres
|move|p1a: Moltres|Fiery Wrath|p2a: Dragapult
|-damage|p2a: Dragapult|0 fnt
|faint|p2a: Dragapult
|
|upkeep
|
|t:|1757948606
|switch|p2a: Ogerpon|Ogerpon-Wellspring, F|100/100
|-activate|p2a: Ogerpon|move: Sticky Web
|-unboost|p2a: Ogerpon|spe|1
|turn|11
|
|t:|1757948611
|move|p2a: Ogerpon|Ivy Cudgel|p1a: Moltres|[anim] Ivy Cudgel Water
|-damage|p1a: Moltres|39/100
|-ability|p1a: Moltres|Berserk|boost
|-boost|p1a: Moltres|spa|1
|-enditem|p1a: Moltres|Sitrus Berry|[eat]
|-heal|p1a: Moltres|64/100|[from] item: Sitrus Berry
|move|p1a: Moltres|Hurricane|p2a: Ogerpon
|-supereffective|p2a: Ogerpon
|-damage|p2a: Ogerpon|0 fnt
|faint|p2a: Ogerpon
|
|upkeep
|
|t:|1757948619
|switch|p2a: Kingambit|Kingambit, M|100/100
|-activate|p2a: Kingambit|move: Sticky Web
|-unboost|p2a: Kingambit|spe|1
|-activate|p2a: Kingambit|ability: Supreme Overlord
|-start|p2a: Kingambit|fallen5|[silent]
|turn|12
|
|t:|1757948623
|move|p1a: Moltres|Taunt|p2a: Kingambit
|-start|p2a: Kingambit|move: Taunt
|cant|p2a: Kingambit|move: Taunt|Swords Dance
|
|upkeep
|turn|13
|
|t:|1757948629
|move|p1a: Moltres|Fiery Wrath|p2a: Kingambit
|-resisted|p2a: Kingambit
|-damage|p2a: Kingambit|72/100
|cant|p2a: Kingambit|flinch
|
|upkeep
|turn|14
|
|t:|1757948635
|move|p1a: Moltres|Fiery Wrath|p2a: Kingambit
|-resisted|p2a: Kingambit
|-damage|p2a: Kingambit|42/100
|move|p2a: Kingambit|Iron Head|p1a: Moltres
|-damage|p1a: Moltres|0 fnt
|faint|p1a: Moltres
|
|-end|p2a: Kingambit|move: Taunt
|upkeep
|
|t:|1757948639
|switch|p1a: Landorus|Landorus-Therian, M|100/100
|-ability|p1a: Landorus|Intimidate|boost
|-unboost|p2a: Kingambit|atk|1
|turn|15
|
|t:|1757948644
|move|p2a: Kingambit|Sucker Punch|p1a: Landorus
|-damage|p1a: Landorus|48/100
|move|p1a: Landorus|Earthquake|p2a: Kingambit
|-supereffective|p2a: Kingambit
|-damage|p2a: Kingambit|0 fnt
|faint|p2a: Kingambit
|-end|p2a: Kingambit|fallen5|[silent]
|
|win|fungize
|raw|fungize's rating: 1465 &rarr; <strong>1482</strong><br />(+17 for winning)
|raw|B&#x2f;CFan's rating: 1405 &rarr; <strong>1388</strong><br />(-17 for losing)
|l|☆B/CFan
|player|p2|
