|j|☆ILOVEPECHARUNTRAH
|j|☆suprya
|t:|1757951923
|gametype|singles
|player|p1|ILOVEPECHARUNTRAH|265|1695
|player|p2|suprya|preschooler|1704
|gen|9
|tier|[Gen 9] OU
|rated|
|rule|HP Percentage Mod: HP is shown in percentages
|rule|Endless Battle Clause: Forcing endless battles is banned
|rule|Species Clause: Limit one of each Pokémon
|rule|OHKO Clause: OHKO moves are banned
|rule|Evasion Items Clause: Evasion items are banned
|rule|Evasion Moves Clause: Evasion moves are banned
|rule|Evasion Abilities Clause: Evasion abilities are banned
|rule|Sleep Moves Clause: Sleep-inducing moves are banned
|clearpoke
|poke|p1|Deoxys-Speed|
|poke|p1|Dragonite, F|
|poke|p1|Iron Valiant|
|poke|p1|Kingambit, F|
|poke|p1|Glimmora, F|
|poke|p1|Great Tusk|
|poke|p2|Samurott-Hisui, M|
|poke|p2|Fezandipiti, M|
|poke|p2|Zamazenta-*|
|poke|p2|Weavile, F|
|poke|p2|Corviknight, M|
|poke|p2|Palossand, F|
|teampreview
|inactive|Battle timer is ON: inactive players will automatically lose when time's up. (requested by suprya)
|c|☆ILOVEPECHARUNTRAH|glhf
|inactive|ILOVEPECHARUNTRAH has 120 seconds left.
|inactive|suprya has 120 seconds left.
|j| TrynToLearnThisVGC
|
|t:|1757951970
|teamsize|p1|6
|teamsize|p2|6
|start
|switch|p1a: Deoxys|Deoxys-Speed|100/100
|switch|p2a: Samurott|Samurott-Hisui, M|100/100
|-ability|p1a: Deoxys|Pressure
|turn|1
|
|t:|1757951974
|move|p1a: Deoxys|Reflect|p1a: Deoxys
|-sidestart|p1: ILOVEPECHARUNTRAH|Reflect
|move|p2a: Samurott|Ceaseless Edge|p1a: Deoxys
|-supereffective|p1a: Deoxys
|-damage|p1a: Deoxys|53/100
|-sidestart|p1: ILOVEPECHARUNTRAH|Spikes
|
|upkeep
|turn|2
|
|t:|1757951981
|switch|p1a: Glimmora|Glimmora, F|100/100
|-damage|p1a: Glimmora|88/100|[from] Spikes
|move|p2a: Samurott|Ceaseless Edge|p1a: Glimmora
|-damage|p1a: Glimmora|59/100
|-activate|p1a: Glimmora|ability: Toxic Debris
|-sidestart|p2: suprya|move: Toxic Spikes
|-sidestart|p1: ILOVEPECHARUNTRAH|Spikes
|
|upkeep
|turn|3
|
|t:|1757951991
|move|p1a: Glimmora|Meteor Beam||[still]
|-prepare|p1a: Glimmora|Meteor Beam
|-boost|p1a: Glimmora|spa|1
|-enditem|p1a: Glimmora|Power Herb
|-anim|p1a: Glimmora|Meteor Beam|p2a: Samurott
|-damage|p2a: Samurott|0 fnt
|faint|p2a: Samurott
|
|upkeep
|
|t:|1757952014
|switch|p2a: Fezandipiti|Fezandipiti, M|100/100
|-sideend|p2: suprya|move: Toxic Spikes|[of] p2a: Fezandipiti
|turn|4
|inactive|suprya has 120 seconds left.
|
|t:|1757952040
|-terastallize|p2a: Fezandipiti|Dark
|move|p2a: Fezandipiti|Nasty Plot|p2a: Fezandipiti
|-boost|p2a: Fezandipiti|spa|2
|move|p1a: Glimmora|Mortal Spin|p2a: Fezandipiti
|-damage|p2a: Fezandipiti|94/100
|-status|p2a: Fezandipiti|psn
|-sideend|p1: ILOVEPECHARUNTRAH|Spikes|[from] move: Mortal Spin|[of] p1a: Glimmora
|
|-heal|p2a: Fezandipiti|99/100 psn|[from] item: Leftovers
|-damage|p2a: Fezandipiti|87/100 psn|[from] psn
|upkeep
|turn|5
|
|t:|1757952051
|move|p2a: Fezandipiti|Dark Pulse|p1a: Glimmora
|-damage|p1a: Glimmora|0 fnt
|faint|p1a: Glimmora
|
|-heal|p2a: Fezandipiti|93/100 psn|[from] item: Leftovers
|-damage|p2a: Fezandipiti|81/100 psn|[from] psn
|upkeep
|inactive|ILOVEPECHARUNTRAH has 120 seconds left.
|
|t:|1757952063
|switch|p1a: Deoxys|Deoxys-Speed|53/100
|-ability|p1a: Deoxys|Pressure
|turn|6
|
|t:|1757952066
|move|p1a: Deoxys|Light Screen|p1a: Deoxys
|-sidestart|p1: ILOVEPECHARUNTRAH|move: Light Screen
|move|p2a: Fezandipiti|Moonblast|p1a: Deoxys
|-damage|p1a: Deoxys|8/100
|
|-heal|p2a: Fezandipiti|87/100 psn|[from] item: Leftovers
|-damage|p2a: Fezandipiti|75/100 psn|[from] psn
|upkeep
|turn|7
|
|t:|1757952071
|move|p1a: Deoxys|Taunt|p2a: Fezandipiti
|-start|p2a: Fezandipiti|move: Taunt
|move|p2a: Fezandipiti|Moonblast|p1a: Deoxys
|-damage|p1a: Deoxys|0 fnt
|faint|p1a: Deoxys
|
|-heal|p2a: Fezandipiti|81/100 psn|[from] item: Leftovers
|-damage|p2a: Fezandipiti|68/100 psn|[from] psn
|upkeep
|
|t:|1757952083
|switch|p1a: Kingambit|Kingambit, F|100/100
|-activate|p1a: Kingambit|ability: Supreme Overlord
|-start|p1a: Kingambit|fallen2|[silent]
|turn|8
|
|t:|1757952086
|move|p2a: Fezandipiti|Moonblast|p1a: Kingambit
|-damage|p1a: Kingambit|60/100
|move|p1a: Kingambit|Low Kick|p2a: Fezandipiti
|-supereffective|p2a: Fezandipiti
|-damage|p2a: Fezandipiti|1/100 psn
|
|-heal|p2a: Fezandipiti|7/100 psn|[from] item: Leftovers
|-damage|p2a: Fezandipiti|0 fnt|[from] psn
|faint|p2a: Fezandipiti
|-sideend|p1: ILOVEPECHARUNTRAH|Reflect
|upkeep
|
|t:|1757952090
|switch|p2a: Zamazenta|Zamazenta|100/100
|-ability|p2a: Zamazenta|Dauntless Shield|boost
|-boost|p2a: Zamazenta|def|1
|turn|9
|inactive|ILOVEPECHARUNTRAH has 120 seconds left.
|
|t:|1757952136
|-end|p1a: Kingambit|fallen2|[silent]
|switch|p1a: Iron Valiant|Iron Valiant|100/100
|-enditem|p1a: Iron Valiant|Booster Energy
|-activate|p1a: Iron Valiant|ability: Quark Drive|[fromitem]
|-start|p1a: Iron Valiant|quarkdrivespe
|move|p2a: Zamazenta|Iron Defense|p2a: Zamazenta
|-boost|p2a: Zamazenta|def|2
|
|upkeep
|turn|10
|
|t:|1757952143
|move|p1a: Iron Valiant|Moonblast|p2a: Zamazenta
|-supereffective|p2a: Zamazenta
|-damage|p2a: Zamazenta|33/100
|move|p2a: Zamazenta|Heavy Slam|p1a: Iron Valiant
|-supereffective|p1a: Iron Valiant
|-damage|p1a: Iron Valiant|17/100
|
|-heal|p2a: Zamazenta|40/100|[from] item: Leftovers
|upkeep
|turn|11
|
|t:|1757952151
|switch|p2a: Corviknight|Corviknight, M|100/100
|-ability|p2a: Corviknight|Pressure
|move|p1a: Iron Valiant|Moonblast|p2a: Corviknight
|-resisted|p2a: Corviknight
|-damage|p2a: Corviknight|79/100
|
|upkeep
|turn|12
|inactive|ILOVEPECHARUNTRAH has 120 seconds left.
|
|t:|1757952165
|move|p1a: Iron Valiant|Knock Off|p2a: Corviknight
|-damage|p2a: Corviknight|61/100
|-damage|p1a: Iron Valiant|1/100|[from] item: Rocky Helmet|[of] p2a: Corviknight
|-enditem|p2a: Corviknight|Rocky Helmet|[from] move: Knock Off|[of] p1a: Iron Valiant
|move|p2a: Corviknight|Brave Bird|p1a: Iron Valiant
|-supereffective|p1a: Iron Valiant
|-damage|p1a: Iron Valiant|0 fnt
|faint|p1a: Iron Valiant
|-end|p1a: Iron Valiant|Quark Drive|[silent]
|-damage|p2a: Corviknight|60/100|[from] Recoil
|
|upkeep
|inactive|ILOVEPECHARUNTRAH has 90 seconds left.
|
|t:|1757952198
|switch|p1a: Great Tusk|Great Tusk|100/100
|-enditem|p1a: Great Tusk|Booster Energy
|-activate|p1a: Great Tusk|ability: Protosynthesis|[fromitem]
|-start|p1a: Great Tusk|protosynthesisspe
|turn|13
|
|t:|1757952206
|move|p1a: Great Tusk|Taunt|p2a: Corviknight
|-start|p2a: Corviknight|move: Taunt
|cant|p2a: Corviknight|move: Taunt|Roost
|
|-sideend|p1: ILOVEPECHARUNTRAH|move: Light Screen
|upkeep
|turn|14
|
|t:|1757952210
|move|p1a: Great Tusk|Bulk Up|p1a: Great Tusk
|-boost|p1a: Great Tusk|atk|1
|-boost|p1a: Great Tusk|def|1
|move|p2a: Corviknight|U-turn|p1a: Great Tusk
|-resisted|p1a: Great Tusk
|-damage|p1a: Great Tusk|98/100
|
|t:|1757952211
|switch|p2a: Palossand|Palossand, F|100/100|[from] U-turn
|
|upkeep
|turn|15
|
|t:|1757952221
|move|p1a: Great Tusk|Headlong Rush|p2a: Palossand
|-damage|p2a: Palossand|50/100
|-unboost|p1a: Great Tusk|def|1
|-unboost|p1a: Great Tusk|spd|1
|-damage|p1a: Great Tusk|81/100|[from] item: Rocky Helmet|[of] p2a: Palossand
|move|p2a: Palossand|Earth Power|p1a: Great Tusk
|-damage|p1a: Great Tusk|24/100
|
|upkeep
|turn|16
|
|t:|1757952232
|switch|p2a: Corviknight|Corviknight, M|60/100
|-ability|p2a: Corviknight|Pressure
|move|p1a: Great Tusk|Headlong Rush|p2a: Corviknight
|-immune|p2a: Corviknight
|
|upkeep
|turn|17
|
|t:|1757952234
|move|p1a: Great Tusk|Head Smash|p2a: Corviknight
|-damage|p2a: Corviknight|21/100
|-damage|p1a: Great Tusk|6/100|[from] Recoil
|move|p2a: Corviknight|Brave Bird|p1a: Great Tusk
|-supereffective|p1a: Great Tusk
|-damage|p1a: Great Tusk|0 fnt
|faint|p1a: Great Tusk
|-end|p1a: Great Tusk|Protosynthesis|[silent]
|-damage|p2a: Corviknight|19/100|[from] Recoil
|
|upkeep
|inactive|ILOVEPECHARUNTRAH has 120 seconds left.
|
|t:|1757952252
|switch|p1a: Kingambit|Kingambit, F|60/100
|-activate|p1a: Kingambit|ability: Supreme Overlord
|-start|p1a: Kingambit|fallen4|[silent]
|turn|18
|
|t:|1757952260
|move|p1a: Kingambit|Low Kick|p2a: Corviknight
|-damage|p2a: Corviknight|0 fnt
|faint|p2a: Corviknight
|
|upkeep
|
|t:|1757952263
|switch|p2a: Weavile|Weavile, F|100/100
|-ability|p2a: Weavile|Pressure
|turn|19
|inactive|ILOVEPECHARUNTRAH has 120 seconds left.
|
|t:|1757952300
|-terastallize|p1a: Kingambit|Fighting
|move|p2a: Weavile|Low Kick|p1a: Kingambit
|-damage|p1a: Kingambit|32/100
|move|p1a: Kingambit|Low Kick|p2a: Weavile
|-supereffective|p2a: Weavile
|-damage|p2a: Weavile|0 fnt
|faint|p2a: Weavile
|
|upkeep
|
|t:|1757952305
|switch|p2a: Zamazenta|Zamazenta|40/100
|turn|20
|
|t:|1757952309
|move|p2a: Zamazenta|Body Press|p1a: Kingambit
|-damage|p1a: Kingambit|1/100
|move|p1a: Kingambit|Low Kick|p2a: Zamazenta
|-crit|p2a: Zamazenta
|-damage|p2a: Zamazenta|0 fnt
|faint|p2a: Zamazenta
|
|upkeep
|
|t:|1757952313
|switch|p2a: Palossand|Palossand, F|50/100
|turn|21
|-message|suprya forfeited.
|
|win|ILOVEPECHARUNTRAH
|raw|ILOVEPECHARUNTRAH's rating: 1695 &rarr; <strong>1716</strong><br />(+21 for winning)
|raw|suprya's rating: 1704 &rarr; <strong>1683</strong><br />(-21 for losing)
|l|☆suprya
|player|p2|
|c|☆ILOVEPECHARUNTRAH|gg
|l| TrynToLearnThisVGC
|j| wgw2333
|l| wgw2333
