|j|☆popswrong4laughing
|j|☆kournikovax
|t:|1757806649
|gametype|singles
|player|p1|popswrong4laughing|galacticgrunt|1486
|player|p2|kournikovax|skierf-gen4dp|1575
|gen|9
|tier|[Gen 9] OU
|rated|
|rule|HP Percentage Mod: HP is shown in percentages
|rule|Endless Battle Clause: Forcing endless battles is banned
|rule|Species Clause: Limit one of each Pokémon
|rule|OHKO Clause: OHKO moves are banned
|rule|Evasion Items Clause: Evasion items are banned
|rule|Evasion Moves Clause: Evasion moves are banned
|rule|Evasion Abilities Clause: Evasion abilities are banned
|rule|Sleep Moves Clause: Sleep-inducing moves are banned
|clearpoke
|poke|p1|Tornadus-Therian, M|
|poke|p1|Thundurus, M|
|poke|p1|Landorus-Therian, M|
|poke|p1|Entei|
|poke|p1|Suicune|
|poke|p1|Raging Bolt|
|poke|p2|Dragapult, M|
|poke|p2|Iron Crown|
|poke|p2|Great Tusk|
|poke|p2|Garganacl, F|
|poke|p2|Dragonite, F|
|poke|p2|Hoopa-Unbound|
|teampreview
|inactive|Battle timer is ON: inactive players will automatically lose when time's up. (requested by kournikovax)
|c|☆kournikovax|cool team
|
|t:|1757806662
|teamsize|p1|6
|teamsize|p2|6
|start
|switch|p1a: Thundurus|Thundurus, M|100/100
|switch|p2a: Dragapult|Dragapult, M|100/100
|turn|1
|c|☆popswrong4laughing|ty
|
|t:|1757806666
|move|p1a: Thundurus|Thunder Wave|p2a: Dragapult
|-status|p2a: Dragapult|par
|cant|p2a: Dragapult|par
|
|upkeep
|turn|2
|
|t:|1757806674
|switch|p2a: Great Tusk|Great Tusk|100/100
|move|p1a: Thundurus|Nasty Plot|p1a: Thundurus
|-boost|p1a: Thundurus|spa|2
|
|upkeep
|turn|3
|
|t:|1757806677
|move|p1a: Thundurus|Focus Blast|p2a: Great Tusk
|-damage|p2a: Great Tusk|0 fnt
|faint|p2a: Great Tusk
|-end|p2a: Great Tusk|Protosynthesis|[silent]
|
|upkeep
|
|t:|1757806680
|switch|p2a: Hoopa|Hoopa-Unbound|100/100
|turn|4
|
|t:|1757806687
|switch|p1a: Entei|Entei|100/100
|move|p2a: Hoopa|Knock Off|p1a: Entei
|-damage|p1a: Entei|57/100
|-enditem|p1a: Entei|Heavy-Duty Boots|[from] move: Knock Off|[of] p2a: Hoopa
|
|upkeep
|turn|5
|
|t:|1757806692
|switch|p1a: Landorus|Landorus-Therian, M|100/100
|-ability|p1a: Landorus|Intimidate|boost
|-unboost|p2a: Hoopa|atk|1
|switch|p2a: Garganacl|Garganacl, F|100/100
|
|upkeep
|turn|6
|
|t:|1757806698
|move|p1a: Landorus|Taunt|p2a: Garganacl
|-start|p2a: Garganacl|move: Taunt
|move|p2a: Garganacl|Salt Cure|p1a: Landorus
|-damage|p1a: Landorus|88/100
|-start|p1a: Landorus|Salt Cure
|
|-damage|p1a: Landorus|75/100|[from] Salt Cure
|upkeep
|turn|7
|
|t:|1757806701
|switch|p2a: Dragapult|Dragapult, M|100/100 par
|move|p1a: Landorus|Stealth Rock|p2a: Dragapult
|-sidestart|p2: kournikovax|move: Stealth Rock
|
|-damage|p1a: Landorus|63/100|[from] Salt Cure
|upkeep
|turn|8
|
|t:|1757806704
|move|p1a: Landorus|U-turn|p2a: Dragapult
|-resisted|p2a: Dragapult
|-damage|p2a: Dragapult|85/100 par
|
|t:|1757806707
|switch|p1a: Suicune|Suicune|100/100|[from] U-turn
|-ability|p1a: Suicune|Pressure
|move|p2a: Dragapult|Will-O-Wisp|p1a: Suicune|[miss]
|-miss|p2a: Dragapult|p1a: Suicune
|
|upkeep
|turn|9
|
|t:|1757806710
|switch|p2a: Hoopa|Hoopa-Unbound|100/100
|-damage|p2a: Hoopa|88/100|[from] Stealth Rock
|move|p1a: Suicune|Calm Mind|p1a: Suicune
|-boost|p1a: Suicune|spa|1
|-boost|p1a: Suicune|spd|1
|
|upkeep
|turn|10
|
|t:|1757806716
|switch|p1a: Entei|Entei|57/100
|move|p2a: Hoopa|Psychic Noise|p1a: Entei
|-damage|p1a: Entei|15/100
|-start|p1a: Entei|move: Heal Block
|
|upkeep
|turn|11
|
|t:|1757806719
|move|p1a: Entei|Sacred Fire|p2a: Hoopa
|-damage|p2a: Hoopa|10/100
|-status|p2a: Hoopa|brn
|move|p2a: Hoopa|Drain Punch|p1a: Entei
|-damage|p1a: Entei|3/100
|-heal|p2a: Hoopa|16/100 brn|[from] drain|[of] p1a: Entei
|
|-damage|p2a: Hoopa|10/100 brn|[from] brn
|-end|p1a: Entei|move: Heal Block
|upkeep
|turn|12
|
|t:|1757806723
|move|p1a: Entei|Extreme Speed|p2a: Hoopa
|-damage|p2a: Hoopa|0 fnt
|faint|p2a: Hoopa
|
|upkeep
|
|t:|1757806725
|switch|p2a: Garganacl|Garganacl, F|100/100
|-damage|p2a: Garganacl|88/100|[from] Stealth Rock
|turn|13
|
|t:|1757806736
|switch|p1a: Tornadus|Tornadus-Therian, M|100/100
|move|p2a: Garganacl|Salt Cure|p1a: Tornadus
|-supereffective|p1a: Tornadus
|-damage|p1a: Tornadus|66/100
|-start|p1a: Tornadus|Salt Cure
|
|-heal|p2a: Garganacl|94/100|[from] item: Leftovers
|-damage|p1a: Tornadus|53/100|[from] Salt Cure
|upkeep
|turn|14
|
|t:|1757806741
|move|p1a: Tornadus|Grass Knot|p2a: Garganacl
|-supereffective|p2a: Garganacl
|-damage|p2a: Garganacl|32/100
|-damage|p1a: Tornadus|44/100|[from] item: Life Orb
|move|p2a: Garganacl|Curse|p2a: Garganacl
|-unboost|p2a: Garganacl|spe|1
|-boost|p2a: Garganacl|atk|1
|-boost|p2a: Garganacl|def|1
|
|-heal|p2a: Garganacl|39/100|[from] item: Leftovers
|-damage|p1a: Tornadus|31/100|[from] Salt Cure
|upkeep
|turn|15
|
|t:|1757806744
|switch|p2a: Iron Crown|Iron Crown|100/100
|-damage|p2a: Iron Crown|94/100|[from] Stealth Rock
|move|p1a: Tornadus|Grass Knot|p2a: Iron Crown
|-resisted|p2a: Iron Crown
|-damage|p2a: Iron Crown|76/100
|-damage|p1a: Tornadus|22/100|[from] item: Life Orb
|
|-damage|p1a: Tornadus|9/100|[from] Salt Cure
|upkeep
|turn|16
|
|t:|1757806749
|switch|p1a: Entei|Entei|3/100
|move|p2a: Iron Crown|Volt Switch|p1a: Entei
|-damage|p1a: Entei|0 fnt
|faint|p1a: Entei
|
|t:|1757806751
|-end|p2a: Iron Crown|Quark Drive|[silent]
|switch|p2a: Dragapult|Dragapult, M|85/100 par|[from] Volt Switch
|
|upkeep
|
|t:|1757806758
|switch|p1a: Sneaky Bolt|Raging Bolt|100/100
|-enditem|p1a: Sneaky Bolt|Booster Energy
|-activate|p1a: Sneaky Bolt|ability: Protosynthesis|[fromitem]
|-start|p1a: Sneaky Bolt|protosynthesisspa
|turn|17
|
|t:|1757806761
|move|p1a: Sneaky Bolt|Dragon Pulse|p2a: Dragapult
|-supereffective|p2a: Dragapult
|-damage|p2a: Dragapult|0 fnt
|faint|p2a: Dragapult
|
|upkeep
|
|t:|1757806765
|switch|p2a: Garganacl|Garganacl, F|39/100
|-damage|p2a: Garganacl|26/100|[from] Stealth Rock
|turn|18
|
|t:|1757806767
|move|p1a: Sneaky Bolt|Thunderbolt|p2a: Garganacl
|-damage|p2a: Garganacl|0 fnt
|faint|p2a: Garganacl
|
|upkeep
|
|t:|1757806769
|switch|p2a: Iron Crown|Iron Crown|76/100
|-damage|p2a: Iron Crown|70/100|[from] Stealth Rock
|turn|19
|
|t:|1757806771
|move|p2a: Iron Crown|Psyshock|p1a: Sneaky Bolt
|-crit|p1a: Sneaky Bolt
|-damage|p1a: Sneaky Bolt|14/100
|move|p1a: Sneaky Bolt|Thunderbolt|p2a: Iron Crown
|-damage|p2a: Iron Crown|4/100
|-status|p2a: Iron Crown|par
|
|upkeep
|turn|20
|
|t:|1757806773
|move|p1a: Sneaky Bolt|Thunderbolt|p2a: Iron Crown
|-damage|p2a: Iron Crown|0 fnt
|faint|p2a: Iron Crown
|-end|p2a: Iron Crown|Quark Drive|[silent]
|
|upkeep
|
|t:|1757806775
|switch|p2a: Dragonite|Dragonite, F|100/100
|-damage|p2a: Dragonite|76/100|[from] Stealth Rock
|turn|21
|
|t:|1757806778
|-terastallize|p2a: Dragonite|Normal
|move|p2a: Dragonite|Extreme Speed|p1a: Sneaky Bolt
|-damage|p1a: Sneaky Bolt|0 fnt
|faint|p1a: Sneaky Bolt
|-end|p1a: Sneaky Bolt|Protosynthesis|[silent]
|
|upkeep
|
|t:|1757806782
|switch|p1a: Landorus|Landorus-Therian, M|63/100
|-ability|p1a: Landorus|Intimidate|boost
|-unboost|p2a: Dragonite|atk|1
|turn|22
|
|t:|1757806784
|move|p2a: Dragonite|Extreme Speed|p1a: Landorus
|-damage|p1a: Landorus|19/100
|-damage|p2a: Dragonite|59/100|[from] item: Rocky Helmet|[of] p1a: Landorus
|move|p1a: Landorus|Taunt|p2a: Dragonite
|-start|p2a: Dragonite|move: Taunt
|
|upkeep
|turn|23
|
|t:|1757806786
|move|p2a: Dragonite|Extreme Speed|p1a: Landorus
|-damage|p1a: Landorus|0 fnt
|-damage|p2a: Dragonite|43/100|[from] item: Rocky Helmet|[of] p1a: Landorus
|faint|p1a: Landorus
|
|upkeep
|
|t:|1757806789
|switch|p1a: Thundurus|Thundurus, M|100/100
|turn|24
|
|t:|1757806791
|move|p2a: Dragonite|Extreme Speed|p1a: Thundurus
|-damage|p1a: Thundurus|32/100
|move|p1a: Thundurus|Thunderbolt|p2a: Dragonite
|-damage|p2a: Dragonite|0 fnt
|faint|p2a: Dragonite
|
|win|popswrong4laughing
|raw|popswrong4laughing's rating: 1486 &rarr; <strong>1511</strong><br />(+25 for winning)
|raw|kournikovax's rating: 1575 &rarr; <strong>1550</strong><br />(-25 for losing)
|l|☆kournikovax
|player|p2|
