|j|☆Newt 2099
|j|☆ssjtrent1
|t:|1757867409
|gametype|singles
|player|p1|Newt 2099|lucas|1228
|player|p2|ssjtrent1|265|1248
|gen|9
|tier|[Gen 9] OU
|rated|
|rule|HP Percentage Mod: HP is shown in percentages
|rule|Endless Battle Clause: Forcing endless battles is banned
|rule|Species Clause: Limit one of each Pokémon
|rule|OHKO Clause: OHKO moves are banned
|rule|Evasion Items Clause: Evasion items are banned
|rule|Evasion Moves Clause: Evasion moves are banned
|rule|Evasion Abilities Clause: Evasion abilities are banned
|rule|Sleep Moves Clause: Sleep-inducing moves are banned
|clearpoke
|poke|p1|Chesnaught, M|
|poke|p1|Sableye, M|
|poke|p1|Great Tusk|
|poke|p1|Chansey, F|
|poke|p1|Alomomola, F|
|poke|p1|Luxray, M|
|poke|p2|Hatterene, F|
|poke|p2|Dragonite, F|
|poke|p2|Dondozo, M|
|poke|p2|Clodsire, M|
|poke|p2|Iron Moth|
|poke|p2|Rotom-Wash|
|teampreview
|inactive|Battle timer is ON: inactive players will automatically lose when time's up. (requested by Newt 2099)
|
|t:|1757867427
|teamsize|p1|6
|teamsize|p2|6
|start
|switch|p1a: Luxray|Luxray, M|100/100
|switch|p2a: Hatterene|Hatterene, F|100/100
|turn|1
|
|t:|1757867435
|move|p1a: Luxray|Protect|p1a: Luxray
|-singleturn|p1a: Luxray|Protect
|move|p2a: Hatterene|Trick Room|p2a: Hatterene
|-fieldstart|move: Trick Room|[of] p2a: Hatterene
|
|-status|p1a: Luxray|brn|[from] item: Flame Orb
|upkeep
|turn|2
|
|t:|1757867444
|switch|p1a: Alomomola|Alomomola, F, shiny|100/100
|move|p2a: Hatterene|Calm Mind|p2a: Hatterene
|-boost|p2a: Hatterene|spa|1
|-boost|p2a: Hatterene|spd|1
|
|upkeep
|turn|3
|
|t:|1757867452
|move|p2a: Hatterene|Calm Mind|p2a: Hatterene
|-boost|p2a: Hatterene|spa|1
|-boost|p2a: Hatterene|spd|1
|move|p1a: Alomomola|Mirror Coat||[still]
|-fail|p1a: Alomomola
|
|upkeep
|turn|4
|
|t:|1757867459
|move|p2a: Hatterene|Draining Kiss|p1a: Alomomola
|-damage|p1a: Alomomola|55/100
|move|p1a: Alomomola|Flip Turn|p2a: Hatterene
|-damage|p2a: Hatterene|81/100
|
|t:|1757867462
|switch|p1a: Chansey|Chansey, F|100/100|[from] Flip Turn
|
|-heal|p2a: Hatterene|87/100|[from] item: Leftovers
|upkeep
|turn|5
|
|t:|1757867470
|move|p2a: Hatterene|Calm Mind|p2a: Hatterene
|-boost|p2a: Hatterene|spa|1
|-boost|p2a: Hatterene|spd|1
|move|p1a: Chansey|Seismic Toss|p2a: Hatterene
|-damage|p2a: Hatterene|56/100
|
|-heal|p2a: Hatterene|62/100|[from] item: Leftovers
|-fieldend|move: Trick Room
|upkeep
|turn|6
|
|t:|1757867479
|move|p1a: Chansey|Seismic Toss|p2a: Hatterene
|-damage|p2a: Hatterene|30/100
|move|p2a: Hatterene|Trick Room|p2a: Hatterene
|-fieldstart|move: Trick Room|[of] p2a: Hatterene
|
|-heal|p2a: Hatterene|36/100|[from] item: Leftovers
|upkeep
|turn|7
|
|t:|1757867486
|move|p2a: Hatterene|Draining Kiss|p1a: Chansey
|-damage|p1a: Chansey|82/100
|-heal|p2a: Hatterene|66/100|[from] drain|[of] p1a: Chansey
|move|p1a: Chansey|Seismic Toss|p2a: Hatterene
|-damage|p2a: Hatterene|35/100
|
|-heal|p2a: Hatterene|41/100|[from] item: Leftovers
|upkeep
|turn|8
|
|t:|1757867497
|move|p2a: Hatterene|Calm Mind|p2a: Hatterene
|-boost|p2a: Hatterene|spa|1
|-boost|p2a: Hatterene|spd|1
|move|p1a: Chansey|Seismic Toss|p2a: Hatterene
|-damage|p2a: Hatterene|9/100
|
|-heal|p2a: Hatterene|15/100|[from] item: Leftovers
|upkeep
|turn|9
|
|t:|1757867506
|move|p2a: Hatterene|Draining Kiss|p1a: Chansey
|-damage|p1a: Chansey|64/100
|-heal|p2a: Hatterene|47/100|[from] drain|[of] p1a: Chansey
|move|p1a: Chansey|Seismic Toss|p2a: Hatterene
|-damage|p2a: Hatterene|15/100
|
|-heal|p2a: Hatterene|21/100|[from] item: Leftovers
|upkeep
|turn|10
|
|t:|1757867517
|move|p2a: Hatterene|Draining Kiss|p1a: Chansey
|-damage|p1a: Chansey|45/100
|-heal|p2a: Hatterene|52/100|[from] drain|[of] p1a: Chansey
|move|p1a: Chansey|Seismic Toss|p2a: Hatterene
|-damage|p2a: Hatterene|21/100
|
|-heal|p2a: Hatterene|27/100|[from] item: Leftovers
|-fieldend|move: Trick Room
|upkeep
|turn|11
|
|t:|1757867527
|move|p1a: Chansey|Seismic Toss|p2a: Hatterene
|-damage|p2a: Hatterene|0 fnt
|faint|p2a: Hatterene
|
|upkeep
|
|t:|1757867533
|switch|p2a: Dragonite|Dragonite, F|100/100
|turn|12
|
|t:|1757867541
|switch|p1a: Sableye|Sableye, M|100/100
|move|p2a: Dragonite|Iron Head|p1a: Sableye
|-damage|p1a: Sableye|55/100
|
|upkeep
|turn|13
|
|t:|1757867547
|move|p1a: Sableye|Will-O-Wisp|p2a: Dragonite
|-status|p2a: Dragonite|brn
|move|p2a: Dragonite|Iron Head|p1a: Sableye
|-damage|p1a: Sableye|32/100
|
|-damage|p2a: Dragonite|94/100 brn|[from] brn
|upkeep
|turn|14
|
|t:|1757867556
|move|p1a: Sableye|Reflect|p1a: Sableye
|-sidestart|p1: Newt 2099|Reflect
|move|p2a: Dragonite|Dragon Dance|p2a: Dragonite
|-boost|p2a: Dragonite|atk|1
|-boost|p2a: Dragonite|spe|1
|
|-damage|p2a: Dragonite|88/100 brn|[from] brn
|upkeep
|turn|15
|
|t:|1757867563
|move|p1a: Sableye|Recover|p1a: Sableye
|-heal|p1a: Sableye|82/100
|move|p2a: Dragonite|Dragon Dance|p2a: Dragonite
|-boost|p2a: Dragonite|atk|1
|-boost|p2a: Dragonite|spe|1
|
|-damage|p2a: Dragonite|82/100 brn|[from] brn
|upkeep
|turn|16
|
|t:|1757867571
|switch|p1a: Chesnaught|Chesnaught, M|100/100
|move|p2a: Dragonite|Dragon Dance|p2a: Dragonite
|-boost|p2a: Dragonite|atk|1
|-boost|p2a: Dragonite|spe|1
|
|-damage|p2a: Dragonite|76/100 brn|[from] brn
|upkeep
|turn|17
|
|t:|1757867585
|move|p2a: Dragonite|Extreme Speed|p1a: Chesnaught
|-damage|p1a: Chesnaught|89/100
|move|p1a: Chesnaught|Leech Seed|p2a: Dragonite|[miss]
|-miss|p1a: Chesnaught|p2a: Dragonite
|
|-heal|p1a: Chesnaught|95/100|[from] item: Leftovers
|-damage|p2a: Dragonite|70/100 brn|[from] brn
|upkeep
|turn|18
|
|t:|1757867600
|move|p2a: Dragonite|Dragon Dance|p2a: Dragonite
|-boost|p2a: Dragonite|atk|1
|-boost|p2a: Dragonite|spe|1
|move|p1a: Chesnaught|Leech Seed|p2a: Dragonite
|-start|p2a: Dragonite|move: Leech Seed
|
|-heal|p1a: Chesnaught|100/100|[from] item: Leftovers
|-damage|p2a: Dragonite|57/100 brn|[from] Leech Seed|[of] p1a: Chesnaught
|-damage|p2a: Dragonite|51/100 brn|[from] brn
|upkeep
|turn|19
|
|t:|1757867609
|move|p1a: Chesnaught|Spiky Shield|p1a: Chesnaught
|-singleturn|p1a: Chesnaught|move: Protect
|move|p2a: Dragonite|Dragon Dance|p2a: Dragonite
|-boost|p2a: Dragonite|atk|1
|-boost|p2a: Dragonite|spe|1
|
|-damage|p2a: Dragonite|39/100 brn|[from] Leech Seed|[of] p1a: Chesnaught
|-damage|p2a: Dragonite|32/100 brn|[from] brn
|upkeep
|turn|20
|
|t:|1757867619
|move|p2a: Dragonite|Extreme Speed|p1a: Chesnaught
|-damage|p1a: Chesnaught|86/100
|move|p1a: Chesnaught|Iron Defense|p1a: Chesnaught
|-boost|p1a: Chesnaught|def|2
|
|-heal|p1a: Chesnaught|92/100|[from] item: Leftovers
|-damage|p2a: Dragonite|20/100 brn|[from] Leech Seed|[of] p1a: Chesnaught
|-heal|p1a: Chesnaught|100/100|[silent]
|-damage|p2a: Dragonite|14/100 brn|[from] brn
|upkeep
|turn|21
|
|t:|1757867631
|move|p2a: Dragonite|Iron Head|p1a: Chesnaught
|-damage|p1a: Chesnaught|92/100
|move|p1a: Chesnaught|Body Press|p2a: Dragonite
|-resisted|p2a: Dragonite
|-damage|p2a: Dragonite|0 fnt
|faint|p2a: Dragonite
|
|-heal|p1a: Chesnaught|98/100|[from] item: Leftovers
|-sideend|p1: Newt 2099|Reflect
|upkeep
|
|t:|1757867642
|switch|p2a: Iron Moth|Iron Moth|100/100
|-enditem|p2a: Iron Moth|Booster Energy
|-activate|p2a: Iron Moth|ability: Quark Drive|[fromitem]
|-start|p2a: Iron Moth|quarkdrivespa
|turn|22
|
|t:|1757867649
|move|p1a: Chesnaught|Spiky Shield|p1a: Chesnaught
|-singleturn|p1a: Chesnaught|move: Protect
|move|p2a: Iron Moth|Fiery Dance|p1a: Chesnaught
|-activate|p1a: Chesnaught|move: Protect
|
|-heal|p1a: Chesnaught|100/100|[from] item: Leftovers
|upkeep
|turn|23
|
|t:|1757867660
|switch|p1a: Alomomola|Alomomola, F, shiny|88/100
|move|p2a: Iron Moth|Fiery Dance|p1a: Alomomola
|-resisted|p1a: Alomomola
|-damage|p1a: Alomomola|67/100
|
|-heal|p1a: Alomomola|73/100|[from] item: Leftovers
|upkeep
|turn|24
|
|t:|1757867669
|move|p2a: Iron Moth|Energy Ball|p1a: Alomomola
|-supereffective|p1a: Alomomola
|-damage|p1a: Alomomola|15/100
|move|p1a: Alomomola|Mirror Coat|p2a: Iron Moth
|-damage|p2a: Iron Moth|0 fnt
|faint|p2a: Iron Moth
|-end|p2a: Iron Moth|Quark Drive|[silent]
|
|-heal|p1a: Alomomola|21/100|[from] item: Leftovers
|upkeep
|-message|ssjtrent1 forfeited.
|
|win|Newt 2099
|raw|Newt 2099's rating: 1228 &rarr; <strong>1254</strong><br />(+26 for winning)
|raw|ssjtrent1's rating: 1248 &rarr; <strong>1222</strong><br />(-26 for losing)
|l|☆ssjtrent1
|player|p2|
|l|☆Newt 2099
|player|p1|
