|j|☆SpectralStorm
|j|☆jessieenjoyerez
|t:|1757861028
|gametype|singles
|player|p1|SpectralStorm|169|1271
|player|p2|jessieenjoyerez|cynthia|1295
|gen|9
|tier|[Gen 9] OU
|rated|
|rule|HP Percentage Mod: HP is shown in percentages
|rule|Endless Battle Clause: Forcing endless battles is banned
|rule|Species Clause: Limit one of each Pokémon
|rule|OHKO Clause: OHKO moves are banned
|rule|Evasion Items Clause: Evasion items are banned
|rule|Evasion Moves Clause: Evasion moves are banned
|rule|Evasion Abilities Clause: Evasion abilities are banned
|rule|Sleep Moves Clause: Sleep-inducing moves are banned
|clearpoke
|poke|p1|Bellibolt, F|
|poke|p1|Basculegion, M|
|poke|p1|Dragonite, M|
|poke|p1|Iron Treads|
|poke|p1|Barraskewda, M|
|poke|p1|Pelipper, M|
|poke|p2|Ogerpon-Wellspring, F|
|poke|p2|Garchomp, F|
|poke|p2|Thundurus-Therian, M|
|poke|p2|Kingambit, F|
|poke|p2|Iron Valiant|
|poke|p2|Amoonguss, M|
|teampreview
|inactive|Battle timer is ON: inactive players will automatically lose when time's up. (requested by jessieenjoyerez)
|inactive|SpectralStorm has 120 seconds left.
|
|t:|1757861072
|teamsize|p1|6
|teamsize|p2|6
|start
|switch|p1a: Pelipper|Pelipper, M|100/100
|switch|p2a: Thundurus|Thundurus-Therian, M, shiny|100/100
|-weather|RainDance|[from] ability: Drizzle|[of] p1a: Pelipper
|turn|1
|inactive|jessieenjoyerez has 120 seconds left.
|
|t:|1757861108
|switch|p1a: Bellibolt|Bellibolt, F|100/100
|move|p2a: Thundurus|Thunderbolt|p1a: Bellibolt
|-resisted|p1a: Bellibolt
|-damage|p1a: Bellibolt|78/100
|-start|p1a: Bellibolt|Charge|Thunderbolt|[from] ability: Electromorphosis
|-damage|p2a: Thundurus|91/100|[from] item: Life Orb
|
|-weather|RainDance|[upkeep]
|upkeep
|turn|2
|
|t:|1757861136
|move|p2a: Thundurus|Volt Switch|p1a: Bellibolt
|-resisted|p1a: Bellibolt
|-damage|p1a: Bellibolt|61/100
|-start|p1a: Bellibolt|Charge|Volt Switch|[from] ability: Electromorphosis
|-damage|p2a: Thundurus|81/100|[from] item: Life Orb
|
|t:|1757861142
|switch|p2a: Garchomp|Garchomp, F, shiny|100/100|[from] Volt Switch
|move|p1a: Bellibolt|Weather Ball|p2a: Garchomp
|-damage|p2a: Garchomp|50/100
|
|-weather|RainDance|[upkeep]
|upkeep
|turn|3
|
|t:|1757861161
|switch|p1a: Basculegion|Basculegion, M|100/100
|move|p2a: Garchomp|Dragon Claw|p1a: Basculegion
|-damage|p1a: Basculegion|37/100
|
|-weather|RainDance|[upkeep]
|upkeep
|turn|4
|
|t:|1757861167
|move|p2a: Garchomp|Dragon Claw|p1a: Basculegion
|-damage|p1a: Basculegion|0 fnt
|faint|p1a: Basculegion
|
|-weather|RainDance|[upkeep]
|upkeep
|
|t:|1757861169
|switch|p1a: Dragonite|Dragonite, M|100/100
|turn|5
|
|t:|1757861176
|move|p2a: Garchomp|Dragon Claw|p1a: Dragonite
|-supereffective|p1a: Dragonite
|-damage|p1a: Dragonite|47/100
|move|p1a: Dragonite|Hurricane|p2a: Garchomp
|-damage|p2a: Garchomp|0 fnt
|faint|p2a: Garchomp
|
|-weather|RainDance|[upkeep]
|upkeep
|
|t:|1757861182
|switch|p2a: Thundurus|Thundurus-Therian, M, shiny|81/100
|turn|6
|
|t:|1757861186
|switch|p1a: Iron Treads|Iron Treads|100/100
|move|p2a: Thundurus|Volt Switch|p1a: Iron Treads
|-immune|p1a: Iron Treads
|
|-weather|RainDance|[upkeep]
|upkeep
|turn|7
|
|t:|1757861196
|move|p2a: Thundurus|Grass Knot|p1a: Iron Treads
|-damage|p1a: Iron Treads|30/100
|-enditem|p1a: Iron Treads|Eject Button
|-damage|p2a: Thundurus|71/100|[from] item: Life Orb
|
|t:|1757861203
|-end|p1a: Iron Treads|Quark Drive|[silent]
|switch|p1a: Barraskewda|Barraskewda, M|100/100
|
|-weather|RainDance|[upkeep]
|upkeep
|turn|8
|
|t:|1757861210
|switch|p1a: Dragonite|Dragonite, M|47/100
|switch|p2a: Ogerpon|Ogerpon-Wellspring, F|100/100
|
|-weather|none
|upkeep
|turn|9
|
|t:|1757861216
|-terastallize|p2a: Ogerpon|Water
|detailschange|p2a: Ogerpon|Ogerpon-Wellspring-Tera, F, tera:Water
|-ability|p2a: Ogerpon|Embody Aspect (Wellspring)|boost
|-boost|p2a: Ogerpon|spd|1
|move|p2a: Ogerpon|Ivy Cudgel|p1a: Dragonite|[anim] Ivy Cudgel Water
|-resisted|p1a: Dragonite
|-damage|p1a: Dragonite|0 fnt
|faint|p1a: Dragonite
|
|upkeep
|
|t:|1757861225
|switch|p1a: Pelipper|Pelipper, M|100/100
|-weather|RainDance|[from] ability: Drizzle|[of] p1a: Pelipper
|turn|10
|
|t:|1757861240
|move|p2a: Ogerpon|Swords Dance|p2a: Ogerpon
|-boost|p2a: Ogerpon|atk|2
|move|p1a: Pelipper|U-turn|p2a: Ogerpon
|-damage|p2a: Ogerpon|90/100
|
|t:|1757861244
|switch|p1a: Barraskewda|Barraskewda, M|100/100|[from] U-turn
|
|-weather|RainDance|[upkeep]
|upkeep
|turn|11
|
|t:|1757861248
|move|p1a: Barraskewda|Flip Turn|p2a: Ogerpon
|-resisted|p2a: Ogerpon
|-damage|p2a: Ogerpon|44/100
|
|t:|1757861250
|switch|p1a: Iron Treads|Iron Treads|30/100|[from] Flip Turn
|move|p2a: Ogerpon|Horn Leech|p1a: Iron Treads
|-damage|p1a: Iron Treads|0 fnt
|-heal|p2a: Ogerpon|63/100|[from] drain|[of] p1a: Iron Treads
|faint|p1a: Iron Treads
|-end|p1a: Iron Treads|Quark Drive|[silent]
|
|-weather|RainDance|[upkeep]
|upkeep
|
|t:|1757861252
|switch|p1a: Barraskewda|Barraskewda, M|100/100
|turn|12
|
|t:|1757861261
|-terastallize|p1a: Barraskewda|Water
|move|p1a: Barraskewda|Liquidation|p2a: Ogerpon
|-resisted|p2a: Ogerpon
|-damage|p2a: Ogerpon|0 fnt
|faint|p2a: Ogerpon
|detailschange|p2: Ogerpon|Ogerpon-Wellspring, F|[silent]
|
|-weather|RainDance|[upkeep]
|upkeep
|
|t:|1757861269
|switch|p2a: Amoonguss|Amoonguss, M|100/100
|turn|13
|
|t:|1757861273
|switch|p1a: Pelipper|Pelipper, M|100/100
|move|p2a: Amoonguss|Toxic|p1a: Pelipper
|-status|p1a: Pelipper|tox
|
|-weather|RainDance|[upkeep]
|-damage|p1a: Pelipper|94/100 tox|[from] psn
|upkeep
|turn|14
|
|t:|1757861285
|switch|p2a: Kingambit|Kingambit, F|100/100
|-activate|p2a: Kingambit|ability: Supreme Overlord
|-start|p2a: Kingambit|fallen2|[silent]
|move|p1a: Pelipper|U-turn|p2a: Kingambit
|-damage|p2a: Kingambit|95/100
|
|t:|1757861289
|switch|p1a: Bellibolt|Bellibolt, F|61/100|[from] U-turn
|
|-weather|RainDance|[upkeep]
|upkeep
|turn|15
|
|t:|1757861294
|move|p2a: Kingambit|Swords Dance|p2a: Kingambit
|-boost|p2a: Kingambit|atk|2
|move|p1a: Bellibolt|Thunder|p2a: Kingambit
|-damage|p2a: Kingambit|45/100
|-status|p2a: Kingambit|par
|
|-weather|RainDance|[upkeep]
|upkeep
|turn|16
|
|t:|1757861306
|move|p2a: Kingambit|Sucker Punch|p1a: Bellibolt
|-damage|p1a: Bellibolt|0 fnt
|faint|p1a: Bellibolt
|
|-weather|RainDance|[upkeep]
|upkeep
|
|t:|1757861308
|switch|p1a: Barraskewda|Barraskewda, M, tera:Water|100/100
|turn|17
|
|t:|1757861313
|move|p1a: Barraskewda|Aqua Jet|p2a: Kingambit
|-damage|p2a: Kingambit|3/100 par
|cant|p2a: Kingambit|par
|
|-weather|none
|upkeep
|turn|18
|
|t:|1757861320
|move|p1a: Barraskewda|Aqua Jet|p2a: Kingambit
|-damage|p2a: Kingambit|0 fnt
|faint|p2a: Kingambit
|-end|p2a: Kingambit|fallen2|[silent]
|
|upkeep
|
|t:|1757861323
|switch|p2a: Iron Valiant|Iron Valiant|100/100
|turn|19
|
|t:|1757861338
|switch|p1a: Pelipper|Pelipper, M|94/100 tox
|-weather|RainDance|[from] ability: Drizzle|[of] p1a: Pelipper
|move|p2a: Iron Valiant|Knock Off|p1a: Pelipper
|-damage|p1a: Pelipper|58/100 tox
|-enditem|p1a: Pelipper|Damp Rock|[from] move: Knock Off|[of] p2a: Iron Valiant
|
|-weather|RainDance|[upkeep]
|-damage|p1a: Pelipper|52/100 tox|[from] psn
|upkeep
|turn|20
|
|t:|1757861345
|move|p2a: Iron Valiant|Knock Off|p1a: Pelipper
|-damage|p1a: Pelipper|27/100 tox
|move|p1a: Pelipper|U-turn|p2a: Iron Valiant
|-resisted|p2a: Iron Valiant
|-damage|p2a: Iron Valiant|98/100
|
|t:|1757861347
|switch|p1a: Barraskewda|Barraskewda, M, tera:Water|100/100|[from] U-turn
|
|-weather|RainDance|[upkeep]
|upkeep
|turn|21
|
|t:|1757861349
|move|p1a: Barraskewda|Liquidation|p2a: Iron Valiant
|-damage|p2a: Iron Valiant|0 fnt
|faint|p2a: Iron Valiant
|-end|p2a: Iron Valiant|Quark Drive|[silent]
|
|-weather|RainDance|[upkeep]
|upkeep
|
|t:|1757861352
|switch|p2a: Thundurus|Thundurus-Therian, M, shiny|71/100
|turn|22
|
|t:|1757861356
|move|p1a: Barraskewda|Liquidation|p2a: Thundurus
|-damage|p2a: Thundurus|0 fnt
|faint|p2a: Thundurus
|
|-weather|RainDance|[upkeep]
|upkeep
|
|t:|1757861359
|switch|p2a: Amoonguss|Amoonguss, M|100/100
|turn|23
|
|t:|1757861365
|move|p1a: Barraskewda|Liquidation|p2a: Amoonguss
|-resisted|p2a: Amoonguss
|-crit|p2a: Amoonguss
|-damage|p2a: Amoonguss|30/100
|move|p2a: Amoonguss|Foul Play|p1a: Barraskewda
|-damage|p1a: Barraskewda|38/100
|
|-weather|RainDance|[upkeep]
|upkeep
|turn|24
|
|t:|1757861372
|move|p1a: Barraskewda|Liquidation|p2a: Amoonguss
|-resisted|p2a: Amoonguss
|-damage|p2a: Amoonguss|0 fnt
|faint|p2a: Amoonguss
|
|win|SpectralStorm
|raw|SpectralStorm's rating: 1271 &rarr; <strong>1298</strong><br />(+27 for winning)
|raw|jessieenjoyerez's rating: 1295 &rarr; <strong>1268</strong><br />(-27 for losing)
|l|☆jessieenjoyerez
|player|p2|
|l|☆SpectralStorm
|player|p1|
