|j|☆rookie22
|j|☆hungrymane
|t:|1757855089
|gametype|singles
|player|p1|rookie22|iris-gen5bw2|1623
|player|p2|hungrymane|101|1640
|gen|9
|tier|[Gen 9] OU
|rated|
|rule|HP Percentage Mod: HP is shown in percentages
|rule|Endless Battle Clause: Forcing endless battles is banned
|rule|Species Clause: Limit one of each Pokémon
|rule|OHKO Clause: OHKO moves are banned
|rule|Evasion Items Clause: Evasion items are banned
|rule|Evasion Moves Clause: Evasion moves are banned
|rule|Evasion Abilities Clause: Evasion abilities are banned
|rule|Sleep Moves Clause: Sleep-inducing moves are banned
|clearpoke
|poke|p1|Dragonite, F|
|poke|p1|Meowscarada, M|
|poke|p1|Keldeo|
|poke|p1|Iron Crown|
|poke|p1|Raging Bolt|
|poke|p1|Great Tusk|
|poke|p2|Regidrago|
|poke|p2|Drifblim, M|
|poke|p2|Azelf|
|poke|p2|Samurott-Hisui, M|
|poke|p2|Mimikyu, F|
|poke|p2|Kingambit, M|
|teampreview
|inactive|Battle timer is ON: inactive players will automatically lose when time's up. (requested by rookie22)
|
|t:|1757855114
|teamsize|p1|6
|teamsize|p2|6
|start
|switch|p1a: Meowscarada|Meowscarada, M|100/100
|switch|p2a: Samurott|Samurott-Hisui, M|100/100
|turn|1
|
|t:|1757855118
|move|p1a: Meowscarada|Flower Trick|p2a: Samurott
|-start|p1a: Meowscarada|typechange|Grass|[from] ability: Protean
|-supereffective|p2a: Samurott
|-crit|p2a: Samurott
|-damage|p2a: Samurott|0 fnt
|faint|p2a: Samurott
|
|upkeep
|
|t:|1757855121
|switch|p2a: Azelf|Azelf|100/100
|turn|2
|
|t:|1757855124
|move|p2a: Azelf|Stealth Rock|p1a: Meowscarada
|-sidestart|p1: rookie22|move: Stealth Rock
|move|p1a: Meowscarada|Knock Off|p2a: Azelf
|-supereffective|p2a: Azelf
|-damage|p2a: Azelf|1/100
|-enditem|p2a: Azelf|Choice Scarf|[from] move: Knock Off|[of] p1a: Meowscarada
|
|upkeep
|turn|3
|
|t:|1757855131
|switch|p2a: Drifblim|Drifblim, M|100/100
|move|p1a: Meowscarada|Knock Off|p2a: Drifblim
|-supereffective|p2a: Drifblim
|-damage|p2a: Drifblim|35/100
|-enditem|p2a: Drifblim|Red Card|[from] move: Knock Off|[of] p1a: Meowscarada
|
|upkeep
|turn|4
|
|t:|1757855139
|move|p2a: Drifblim|Acrobatics|p1a: Meowscarada
|-supereffective|p1a: Meowscarada
|-damage|p1a: Meowscarada|0 fnt
|faint|p1a: Meowscarada
|
|upkeep
|
|t:|1757855153
|switch|p1a: Bene Gesserit|Iron Crown|100/100
|-damage|p1a: Bene Gesserit|94/100|[from] Stealth Rock
|turn|5
|
|t:|1757855160
|move|p2a: Drifblim|Curse|p1a: Bene Gesserit
|-start|p1a: Bene Gesserit|Curse|[of] p2a: Drifblim
|-damage|p2a: Drifblim|0 fnt
|faint|p2a: Drifblim
|move|p1a: Bene Gesserit|Tachyon Cutter|p2: Drifblim|[notarget]
|-fail|p1a: Bene Gesserit
|
|-damage|p1a: Bene Gesserit|69/100|[from] Curse
|upkeep
|
|t:|1757855163
|switch|p2a: Regidrago|Regidrago|100/100
|turn|6
|
|t:|1757855168
|move|p1a: Bene Gesserit|Tachyon Cutter|p2a: Regidrago
|-damage|p2a: Regidrago|74/100
|-damage|p2a: Regidrago|46/100
|-hitcount|p2a: Regidrago|2
|move|p2a: Regidrago|Dragon Dance|p2a: Regidrago
|-boost|p2a: Regidrago|atk|1
|-boost|p2a: Regidrago|spe|1
|
|-damage|p1a: Bene Gesserit|44/100|[from] Curse
|upkeep
|turn|7
|
|t:|1757855175
|move|p2a: Regidrago|Fire Fang|p1a: Bene Gesserit
|-supereffective|p1a: Bene Gesserit
|-damage|p1a: Bene Gesserit|0 fnt
|faint|p1a: Bene Gesserit
|-end|p1a: Bene Gesserit|Quark Drive|[silent]
|
|upkeep
|
|t:|1757855187
|switch|p1a: Great Tusk|Great Tusk|100/100
|-damage|p1a: Great Tusk|97/100|[from] Stealth Rock
|turn|8
|
|t:|1757855192
|move|p2a: Regidrago|Explosion|p1a: Great Tusk
|-damage|p1a: Great Tusk|26/100
|faint|p2a: Regidrago
|move|p1a: Great Tusk|Earthquake|p2: Regidrago|[notarget]
|-fail|p1a: Great Tusk
|
|-heal|p1a: Great Tusk|32/100|[from] item: Leftovers
|upkeep
|
|t:|1757855195
|switch|p2a: Mimikyu|Mimikyu, F|100/100
|turn|9
|j| Nikator98
|
|t:|1757855213
|-terastallize|p1a: Great Tusk|Steel
|move|p1a: Great Tusk|Earthquake|p2a: Mimikyu
|-activate|p2a: Mimikyu|ability: Disguise
|-damage|p2a: Mimikyu|100/100
|detailschange|p2a: Mimikyu|Mimikyu-Busted, F
|-damage|p2a: Mimikyu|88/100|[from] pokemon: Mimikyu-Busted
|-enditem|p2a: Mimikyu|Red Card|[of] p1a: Great Tusk
|-end|p1a: Great Tusk|Protosynthesis|[silent]
|drag|p1a: MEGA DRAGONITE|Dragonite, F|100/100
|move|p2a: Mimikyu|Will-O-Wisp|p1a: MEGA DRAGONITE
|-status|p1a: MEGA DRAGONITE|brn
|
|-damage|p1a: MEGA DRAGONITE|94/100 brn|[from] brn
|upkeep
|turn|10
|
|t:|1757855226
|switch|p1a: Great Tusk|Great Tusk, tera:Steel|32/100
|-damage|p1a: Great Tusk|26/100|[from] Stealth Rock
|move|p2a: Mimikyu|Trick Room|p2a: Mimikyu
|-fieldstart|move: Trick Room|[of] p2a: Mimikyu
|
|-heal|p1a: Great Tusk|32/100|[from] item: Leftovers
|upkeep
|turn|11
|
|t:|1757855239
|move|p2a: Mimikyu|Will-O-Wisp|p1a: Great Tusk
|-status|p1a: Great Tusk|brn
|move|p1a: Great Tusk|Earthquake|p2a: Mimikyu
|-damage|p2a: Mimikyu|62/100
|
|-heal|p1a: Great Tusk|38/100 brn|[from] item: Leftovers
|-damage|p1a: Great Tusk|32/100 brn|[from] brn
|upkeep
|turn|12
|
|t:|1757855248
|move|p2a: Mimikyu|Curse|p1a: Great Tusk
|-start|p1a: Great Tusk|Curse|[of] p2a: Mimikyu
|-damage|p2a: Mimikyu|12/100
|move|p1a: Great Tusk|Stealth Rock|p2a: Mimikyu
|-sidestart|p2: hungrymane|move: Stealth Rock
|
|-heal|p1a: Great Tusk|38/100 brn|[from] item: Leftovers
|-damage|p1a: Great Tusk|32/100 brn|[from] brn
|-damage|p1a: Great Tusk|8/100 brn|[from] Curse
|upkeep
|turn|13
|
|t:|1757855253
|switch|p2a: Azelf|Azelf|1/100
|-damage|p2a: Azelf|0 fnt|[from] Stealth Rock
|faint|p2a: Azelf
|move|p1a: Great Tusk|Earthquake|p2: Azelf|[notarget]
|-fail|p1a: Great Tusk
|
|-heal|p1a: Great Tusk|14/100 brn|[from] item: Leftovers
|-damage|p1a: Great Tusk|8/100 brn|[from] brn
|-damage|p1a: Great Tusk|0 fnt|[from] Curse
|faint|p1a: Great Tusk
|-end|p1a: Great Tusk|Protosynthesis|[silent]
|upkeep
|
|t:|1757855279
|switch|p1a: Raging Bolt|Raging Bolt|100/100
|switch|p2a: Kingambit|Kingambit, M|100/100
|-damage|p2a: Kingambit|94/100|[from] Stealth Rock
|-activate|p2a: Kingambit|ability: Supreme Overlord
|-start|p2a: Kingambit|fallen4|[silent]
|-damage|p1a: Raging Bolt|88/100|[from] Stealth Rock
|turn|14
|
|t:|1757855285
|move|p2a: Kingambit|Kowtow Cleave|p1a: Raging Bolt
|-damage|p1a: Raging Bolt|20/100
|move|p1a: Raging Bolt|Thunderbolt|p2a: Kingambit
|-damage|p2a: Kingambit|41/100
|
|-heal|p1a: Raging Bolt|26/100|[from] item: Leftovers
|-fieldend|move: Trick Room
|upkeep
|turn|15
|
|t:|1757855302
|move|p1a: Raging Bolt|Thunderbolt|p2a: Kingambit
|-damage|p2a: Kingambit|0 fnt
|faint|p2a: Kingambit
|-end|p2a: Kingambit|fallen4|[silent]
|
|-heal|p1a: Raging Bolt|32/100|[from] item: Leftovers
|upkeep
|-message|hungrymane forfeited.
|
|win|rookie22
|raw|rookie22's rating: 1623 &rarr; <strong>1644</strong><br />(+21 for winning)
|raw|hungrymane's rating: 1640 &rarr; <strong>1619</strong><br />(-21 for losing)
|l|☆hungrymane
|player|p2|
|l|☆rookie22
|player|p1|
