|j|‽Axj5869
|j|☆KnightKnaveSpy
|t:|1757825791
|gametype|singles
|player|p1|Axj5869|170|1361
|player|p2|KnightKnaveSpy|1|1441
|gen|9
|tier|[Gen 9] OU
|rated|
|rule|HP Percentage Mod: HP is shown in percentages
|rule|Endless Battle Clause: Forcing endless battles is banned
|rule|Species Clause: Limit one of each Pokémon
|rule|OHKO Clause: OHKO moves are banned
|rule|Evasion Items Clause: Evasion items are banned
|rule|Evasion Moves Clause: Evasion moves are banned
|rule|Evasion Abilities Clause: Evasion abilities are banned
|rule|Sleep Moves Clause: Sleep-inducing moves are banned
|clearpoke
|poke|p1|Glimmora, F|
|poke|p1|Corviknight, F|
|poke|p1|Ninetales-Alola, F|
|poke|p1|Iron Hands|
|poke|p1|Slither Wing|
|poke|p1|Darkrai|
|poke|p2|Samurott-Hisui, F|
|poke|p2|Blaziken, F|
|poke|p2|Kingambit, F|
|poke|p2|Raging Bolt|
|poke|p2|Ogerpon-Wellspring, F|
|poke|p2|Greninja-*, M|
|teampreview
|inactive|Battle timer is ON: inactive players will automatically lose when time's up. (requested by KnightKnaveSpy)
|
|t:|1757825808
|teamsize|p1|6
|teamsize|p2|6
|start
|switch|p1a: Glimmora|Glimmora, F|100/100
|switch|p2a: Samurott|Samurott-Hisui, F|100/100
|turn|1
|
|t:|1757825814
|move|p1a: Glimmora|Meteor Beam||[still]
|-prepare|p1a: Glimmora|Meteor Beam
|-boost|p1a: Glimmora|spa|1
|-enditem|p1a: Glimmora|Power Herb
|-anim|p1a: Glimmora|Meteor Beam|p2a: Samurott
|-enditem|p2a: Samurott|Focus Sash
|-damage|p2a: Samurott|1/100
|move|p2a: Samurott|Ceaseless Edge|p1a: Glimmora
|-damage|p1a: Glimmora|47/100
|-activate|p1a: Glimmora|ability: Toxic Debris
|-sidestart|p2: KnightKnaveSpy|move: Toxic Spikes
|-sidestart|p1: Axj5869|Spikes
|
|upkeep
|turn|2
|
|t:|1757825824
|move|p1a: Glimmora|Mortal Spin|p2a: Samurott
|-damage|p2a: Samurott|0 fnt
|-sideend|p1: Axj5869|Spikes|[from] move: Mortal Spin|[of] p1a: Glimmora
|faint|p2a: Samurott
|
|upkeep
|
|t:|1757825828
|switch|p2a: Greninja|Greninja, M|100/100
|-status|p2a: Greninja|psn
|turn|3
|
|t:|1757825831
|move|p2a: Greninja|Hydro Pump|p1a: Glimmora
|-supereffective|p1a: Glimmora
|-damage|p1a: Glimmora|0 fnt
|faint|p1a: Glimmora
|-ability|p2a: Greninja|Battle Bond|boost
|-boost|p2a: Greninja|atk|1
|-boost|p2a: Greninja|spa|1
|-boost|p2a: Greninja|spe|1
|-activate|p2a: Greninja|ability: Battle Bond
|
|-damage|p2a: Greninja|88/100 psn|[from] psn
|upkeep
|
|t:|1757825836
|switch|p1a: Slither Wing|Slither Wing|100/100
|-enditem|p1a: Slither Wing|Booster Energy
|-activate|p1a: Slither Wing|ability: Protosynthesis|[fromitem]
|-start|p1a: Slither Wing|protosynthesisatk
|turn|4
|
|t:|1757825842
|switch|p2a: Blaziken|Blaziken, F|100/100
|-status|p2a: Blaziken|psn
|move|p1a: Slither Wing|First Impression|p2a: Blaziken
|-resisted|p2a: Blaziken
|-damage|p2a: Blaziken|77/100 psn
|
|-heal|p2a: Blaziken|83/100 psn|[from] item: Leftovers
|-damage|p2a: Blaziken|71/100 psn|[from] psn
|upkeep
|turn|5
|
|t:|1757825847
|move|p1a: Slither Wing|Close Combat|p2a: Blaziken
|-damage|p2a: Blaziken|0 fnt
|-unboost|p1a: Slither Wing|def|1
|-unboost|p1a: Slither Wing|spd|1
|faint|p2a: Blaziken
|
|upkeep
|-message|KnightKnaveSpy forfeited.
|
|win|Axj5869
|raw|Axj5869's rating: 1361 &rarr; <strong>1386</strong><br />(+25 for winning)
|raw|KnightKnaveSpy's rating: 1441 &rarr; <strong>1416</strong><br />(-25 for losing)
|l|☆KnightKnaveSpy
|player|p2|
|l|‽Axj5869
|player|p1|
