|j|☆chefcapuchin
|j|☆BettyLaBonita
|t:|1757828664
|gametype|singles
|player|p1|chefcapuchin|266|1552
|player|p2|BettyLaBonita|2|1550
|gen|9
|tier|[Gen 9] OU
|rated|
|rule|HP Percentage Mod: HP is shown in percentages
|rule|Endless Battle Clause: Forcing endless battles is banned
|rule|Species Clause: Limit one of each Pokémon
|rule|OHKO Clause: OHKO moves are banned
|rule|Evasion Items Clause: Evasion items are banned
|rule|Evasion Moves Clause: Evasion moves are banned
|rule|Evasion Abilities Clause: Evasion abilities are banned
|rule|Sleep Moves Clause: Sleep-inducing moves are banned
|clearpoke
|poke|p1|Dondozo, F|
|poke|p1|Cinderace, F|
|poke|p1|Slowking-Galar, F|
|poke|p1|Corviknight, F|
|poke|p1|Ting-Lu|
|poke|p1|Kyurem|
|poke|p2|Darkrai|
|poke|p2|Ogerpon-Cornerstone, F|
|poke|p2|Great Tusk|
|poke|p2|Kyurem|
|poke|p2|Primarina, F|
|poke|p2|Dragonite, F|
|teampreview
|inactive|Battle timer is ON: inactive players will automatically lose when time's up. (requested by chefcapuchin)
|inactive|BettyLaBonita has 120 seconds left.
|j| LuLuNaNaRaRa
|l| LuLuNaNaRaRa
|
|t:|1757828720
|teamsize|p1|6
|teamsize|p2|6
|start
|switch|p1a: Cinderace|Cinderace, F|100/100
|switch|p2a: Ogerpon|Ogerpon-Cornerstone, F|100/100
|turn|1
|
|t:|1757828728
|move|p1a: Cinderace|U-turn|p2a: Ogerpon
|-supereffective|p2a: Ogerpon
|-damage|p2a: Ogerpon|53/100
|
|t:|1757828745
|switch|p1a: Corviknight|Corviknight, F|100/100|[from] U-turn
|-ability|p1a: Corviknight|Pressure
|move|p2a: Ogerpon|Ivy Cudgel|p1a: Corviknight|[anim] Ivy Cudgel Rock
|-damage|p1a: Corviknight|67/100
|
|upkeep
|turn|2
|
|t:|1757828748
|move|p2a: Ogerpon|Spikes|p1a: Corviknight
|-sidestart|p1: chefcapuchin|Spikes
|move|p1a: Corviknight|Roost|p1a: Corviknight
|-heal|p1a: Corviknight|100/100
|-singleturn|p1a: Corviknight|move: Roost
|
|upkeep
|turn|3
|
|t:|1757828752
|move|p2a: Ogerpon|Taunt|p1a: Corviknight
|-start|p1a: Corviknight|move: Taunt
|cant|p1a: Corviknight|move: Taunt|Iron Defense
|
|upkeep
|turn|4
|
|t:|1757828755
|move|p2a: Ogerpon|Ivy Cudgel|p1a: Corviknight|[anim] Ivy Cudgel Rock
|-damage|p1a: Corviknight|68/100
|move|p1a: Corviknight|Body Press|p2a: Ogerpon
|-supereffective|p2a: Ogerpon
|-damage|p2a: Ogerpon|0 fnt
|faint|p2a: Ogerpon
|
|upkeep
|
|t:|1757828760
|switch|p2a: Kyurem|Kyurem|100/100
|-ability|p2a: Kyurem|Pressure
|turn|5
|
|t:|1757828765
|switch|p1a: Slowking|Slowking-Galar, F|100/100
|-damage|p1a: Slowking|88/100|[from] Spikes
|move|p2a: Kyurem|Ice Beam|p1a: Slowking
|-damage|p1a: Slowking|47/100
|
|upkeep
|turn|6
|
|t:|1757828775
|switch|p2a: Great Tusk|Great Tusk|100/100
|switch|p1a: Cinderace|Cinderace, F|100/100
|
|upkeep
|turn|7
|
|t:|1757828781
|move|p1a: Cinderace|Will-O-Wisp|p2a: Great Tusk
|-status|p2a: Great Tusk|brn
|move|p2a: Great Tusk|Rapid Spin|p1a: Cinderace
|-damage|p1a: Cinderace|90/100
|-boost|p2a: Great Tusk|spe|1
|
|-damage|p2a: Great Tusk|94/100 brn|[from] brn
|upkeep
|turn|8
|
|t:|1757828787
|switch|p1a: Corviknight|Corviknight, F|68/100
|-ability|p1a: Corviknight|Pressure
|move|p2a: Great Tusk|Knock Off|p1a: Corviknight
|-damage|p1a: Corviknight|58/100
|-damage|p2a: Great Tusk|78/100 brn|[from] item: Rocky Helmet|[of] p1a: Corviknight
|-enditem|p1a: Corviknight|Rocky Helmet|[from] move: Knock Off|[of] p2a: Great Tusk
|
|-damage|p2a: Great Tusk|72/100 brn|[from] brn
|upkeep
|turn|9
|
|t:|1757828792
|-end|p2a: Great Tusk|Protosynthesis|[silent]
|switch|p2a: Kyurem|Kyurem|100/100
|-ability|p2a: Kyurem|Pressure
|move|p1a: Corviknight|Roost|p1a: Corviknight
|-heal|p1a: Corviknight|100/100
|-singleturn|p1a: Corviknight|move: Roost
|
|upkeep
|turn|10
|
|t:|1757828806
|switch|p1a: Slowking|Slowking-Galar, F|81/100
|-damage|p1a: Slowking|68/100|[from] Spikes
|move|p2a: Kyurem|Ice Beam|p1a: Slowking
|-damage|p1a: Slowking|29/100
|
|upkeep
|turn|11
|
|t:|1757828813
|switch|p1a: Cinderace|Cinderace, F|90/100
|move|p2a: Kyurem|Ice Beam|p1a: Cinderace
|-resisted|p1a: Cinderace
|-damage|p1a: Cinderace|46/100
|
|upkeep
|turn|12
|
|t:|1757828819
|switch|p2a: Great Tusk|Great Tusk|72/100 brn
|move|p1a: Cinderace|Pyro Ball|p2a: Great Tusk
|-damage|p2a: Great Tusk|35/100 brn
|
|-damage|p2a: Great Tusk|29/100 brn|[from] brn
|upkeep
|turn|13
|
|t:|1757828825
|move|p1a: Cinderace|Pyro Ball|p2a: Great Tusk|[miss]
|-miss|p1a: Cinderace|p2a: Great Tusk
|move|p2a: Great Tusk|Knock Off|p1a: Cinderace
|-damage|p1a: Cinderace|27/100
|-enditem|p1a: Cinderace|Heavy-Duty Boots|[from] move: Knock Off|[of] p2a: Great Tusk
|
|-damage|p2a: Great Tusk|23/100 brn|[from] brn
|upkeep
|turn|14
|
|t:|1757828832
|move|p1a: Cinderace|Court Change|p1a: Cinderace
|-swapsideconditions
|-activate|p1a: Cinderace|move: Court Change
|move|p2a: Great Tusk|Stealth Rock|p1a: Cinderace
|-sidestart|p1: chefcapuchin|move: Stealth Rock
|
|-damage|p2a: Great Tusk|16/100 brn|[from] brn
|upkeep
|turn|15
|
|t:|1757828835
|move|p1a: Cinderace|Pyro Ball|p2a: Great Tusk
|-damage|p2a: Great Tusk|0 fnt
|faint|p2a: Great Tusk
|-end|p2a: Great Tusk|Protosynthesis|[silent]
|
|upkeep
|
|t:|1757828841
|switch|p2a: Darkrai|Darkrai|100/100
|-damage|p2a: Darkrai|88/100|[from] Spikes
|turn|16
|
|t:|1757828846
|switch|p1a: Ting-Lu|Ting-Lu|100/100
|-damage|p1a: Ting-Lu|94/100|[from] Stealth Rock
|-ability|p1a: Ting-Lu|Vessel of Ruin
|move|p2a: Darkrai|Dark Pulse|p1a: Ting-Lu
|-resisted|p1a: Ting-Lu
|-damage|p1a: Ting-Lu|85/100
|
|-heal|p1a: Ting-Lu|91/100|[from] item: Leftovers
|upkeep
|turn|17
|
|t:|1757828853
|switch|p2a: Kyurem|Kyurem|100/100
|-damage|p2a: Kyurem|88/100|[from] Spikes
|-ability|p2a: Kyurem|Pressure
|move|p1a: Ting-Lu|Earthquake|p2a: Kyurem
|-damage|p2a: Kyurem|50/100
|
|-heal|p1a: Ting-Lu|97/100|[from] item: Leftovers
|upkeep
|turn|18
|
|t:|1757828863
|switch|p1a: Dondozo|Dondozo, F|100/100
|move|p2a: Kyurem|Ice Beam|p1a: Dondozo
|-resisted|p1a: Dondozo
|-damage|p1a: Dondozo|77/100
|
|upkeep
|turn|19
|
|t:|1757828880
|switch|p2a: Primarina|Primarina, F|100/100
|-damage|p2a: Primarina|88/100|[from] Spikes
|switch|p1a: Cinderace|Cinderace, F|27/100
|-damage|p1a: Cinderace|2/100|[from] Stealth Rock
|
|upkeep
|turn|20
|
|t:|1757828886
|switch|p2a: Darkrai|Darkrai|88/100
|-damage|p2a: Darkrai|76/100|[from] Spikes
|move|p1a: Cinderace|Pyro Ball|p2a: Darkrai
|-damage|p2a: Darkrai|0 fnt
|faint|p2a: Darkrai
|
|upkeep
|
|t:|1757828889
|switch|p2a: Dragonite|Dragonite, F|100/100
|turn|21
|
|t:|1757828892
|move|p2a: Dragonite|Extreme Speed|p1a: Cinderace
|-damage|p1a: Cinderace|0 fnt
|faint|p1a: Cinderace
|
|upkeep
|
|t:|1757828899
|switch|p1a: Kyurem|Kyurem|100/100
|-damage|p1a: Kyurem|76/100|[from] Stealth Rock
|-ability|p1a: Kyurem|Pressure
|turn|22
|
|t:|1757828912
|-terastallize|p2a: Dragonite|Normal
|move|p1a: Kyurem|Freeze-Dry|p2a: Dragonite
|-damage|p2a: Dragonite|71/100
|move|p2a: Dragonite|Scale Shot|p1a: Kyurem
|-supereffective|p1a: Kyurem
|-damage|p1a: Kyurem|48/100
|-supereffective|p1a: Kyurem
|-damage|p1a: Kyurem|18/100
|-supereffective|p1a: Kyurem
|-damage|p1a: Kyurem|0 fnt
|faint|p1a: Kyurem
|-hitcount|p1: Kyurem|3
|-unboost|p2a: Dragonite|def|1
|-boost|p2a: Dragonite|spe|1
|
|upkeep
|
|t:|1757828927
|switch|p1a: Ting-Lu|Ting-Lu|97/100
|-damage|p1a: Ting-Lu|91/100|[from] Stealth Rock
|-ability|p1a: Ting-Lu|Vessel of Ruin
|turn|23
|
|t:|1757828940
|move|p2a: Dragonite|Scale Shot|p1a: Ting-Lu
|-damage|p1a: Ting-Lu|84/100
|-damage|p1a: Ting-Lu|76/100
|-damage|p1a: Ting-Lu|68/100
|-damage|p1a: Ting-Lu|60/100
|-damage|p1a: Ting-Lu|52/100
|-hitcount|p1a: Ting-Lu|5
|-unboost|p2a: Dragonite|def|1
|-boost|p2a: Dragonite|spe|1
|move|p1a: Ting-Lu|Earthquake|p2a: Dragonite
|-damage|p2a: Dragonite|0 fnt
|faint|p2a: Dragonite
|
|-heal|p1a: Ting-Lu|58/100|[from] item: Leftovers
|upkeep
|
|t:|1757828943
|switch|p2a: Kyurem|Kyurem|50/100
|-damage|p2a: Kyurem|37/100|[from] Spikes
|-ability|p2a: Kyurem|Pressure
|turn|24
|
|t:|1757828960
|-terastallize|p1a: Ting-Lu|Poison
|move|p2a: Kyurem|Freeze-Dry|p1a: Ting-Lu
|-damage|p1a: Ting-Lu|36/100
|move|p1a: Ting-Lu|Earthquake|p2a: Kyurem
|-crit|p2a: Kyurem
|-damage|p2a: Kyurem|0 fnt
|faint|p2a: Kyurem
|
|-heal|p1a: Ting-Lu|42/100|[from] item: Leftovers
|upkeep
|-message|BettyLaBonita forfeited.
|
|win|chefcapuchin
|raw|chefcapuchin's rating: 1552 &rarr; <strong>1572</strong><br />(+20 for winning)
|raw|BettyLaBonita's rating: 1550 &rarr; <strong>1530</strong><br />(-20 for losing)
|l|☆BettyLaBonita
|player|p2|
|l|☆chefcapuchin
|player|p1|
