|j|☆Ribow
|j|☆LinusTouchTips
|t:|1757795116
|gametype|singles
|player|p1|Ribow|170|1268
|player|p2|LinusTouchTips|sailor|1312
|gen|9
|tier|[Gen 9] OU
|rated|
|rule|HP Percentage Mod: HP is shown in percentages
|rule|Endless Battle Clause: Forcing endless battles is banned
|rule|Species Clause: Limit one of each Pokémon
|rule|OHKO Clause: OHKO moves are banned
|rule|Evasion Items Clause: Evasion items are banned
|rule|Evasion Moves Clause: Evasion moves are banned
|rule|Evasion Abilities Clause: Evasion abilities are banned
|rule|Sleep Moves Clause: Sleep-inducing moves are banned
|clearpoke
|poke|p1|Ceruledge, M|
|poke|p1|Skeledirge, F|
|poke|p1|Dachsbun, M|
|poke|p1|Mabosstiff, F|
|poke|p1|Iron Valiant|
|poke|p1|Houndstone, F|
|poke|p2|Clefable, M|
|poke|p2|Dondozo, F|
|poke|p2|Blissey, F|
|poke|p2|Clodsire, F|
|poke|p2|Corviknight, M|
|poke|p2|Gliscor, F|
|teampreview
|inactive|Battle timer is ON: inactive players will automatically lose when time's up. (requested by LinusTouchTips)
|
|t:|1757795128
|teamsize|p1|6
|teamsize|p2|6
|start
|switch|p1a: Mabosstiff|Mabosstiff, F|100/100
|switch|p2a: Gliscor|Gliscor, F|100/100
|turn|1
|
|t:|1757795135
|move|p2a: Gliscor|Protect|p2a: Gliscor
|-singleturn|p2a: Gliscor|Protect
|move|p1a: Mabosstiff|Taunt|p2a: Gliscor
|-activate|p2a: Gliscor|move: Protect
|
|-status|p2a: Gliscor|tox|[from] item: Toxic Orb
|upkeep
|turn|2
|
|t:|1757795149
|move|p1a: Mabosstiff|Taunt|p2a: Gliscor
|-start|p2a: Gliscor|move: Taunt
|cant|p2a: Gliscor|move: Taunt|Toxic
|
|upkeep
|turn|3
|
|t:|1757795154
|move|p1a: Mabosstiff|Jaw Lock|p2a: Gliscor
|-damage|p2a: Gliscor|75/100 tox
|-activate|p1a: Mabosstiff|trapped
|-activate|p2a: Gliscor|trapped
|move|p2a: Gliscor|Earthquake|p1a: Mabosstiff
|-damage|p1a: Mabosstiff|59/100
|
|-heal|p2a: Gliscor|88/100 tox|[from] ability: Poison Heal
|upkeep
|turn|4
|
|t:|1757795162
|move|p1a: Mabosstiff|Trailblaze|p2a: Gliscor
|-damage|p2a: Gliscor|77/100 tox
|-boost|p1a: Mabosstiff|spe|1
|move|p2a: Gliscor|Earthquake|p1a: Mabosstiff
|-damage|p1a: Mabosstiff|19/100
|
|-heal|p2a: Gliscor|89/100 tox|[from] ability: Poison Heal
|-end|p2a: Gliscor|move: Taunt
|upkeep
|turn|5
|
|t:|1757795172
|move|p1a: Mabosstiff|Taunt|p2a: Gliscor
|-start|p2a: Gliscor|move: Taunt
|move|p2a: Gliscor|Earthquake|p1a: Mabosstiff
|-damage|p1a: Mabosstiff|0 fnt
|faint|p1a: Mabosstiff
|
|-heal|p2a: Gliscor|100/100 tox|[from] ability: Poison Heal
|upkeep
|
|t:|1757795181
|switch|p1a: Houndstone|Houndstone, F|100/100
|turn|6
|inactive|LinusTouchTips has 120 seconds left.
|
|t:|1757795212
|move|p2a: Gliscor|Earthquake|p1a: Houndstone
|-damage|p1a: Houndstone|76/100
|move|p1a: Houndstone|Poltergeist|p2a: Gliscor
|-activate|p2a: Gliscor|move: Poltergeist|Toxic Orb
|-damage|p2a: Gliscor|77/100 tox
|
|-heal|p1a: Houndstone|82/100|[from] item: Leftovers
|-heal|p2a: Gliscor|89/100 tox|[from] ability: Poison Heal
|upkeep
|turn|7
|
|t:|1757795227
|switch|p1a: Iron Valiant|Iron Valiant|100/100
|move|p2a: Gliscor|Earthquake|p1a: Iron Valiant
|-damage|p1a: Iron Valiant|61/100
|
|-heal|p2a: Gliscor|100/100 tox|[from] ability: Poison Heal
|-end|p2a: Gliscor|move: Taunt
|upkeep
|turn|8
|
|t:|1757795236
|move|p2a: Gliscor|Protect|p2a: Gliscor
|-singleturn|p2a: Gliscor|Protect
|move|p1a: Iron Valiant|Moonblast|p2a: Gliscor
|-activate|p2a: Gliscor|move: Protect
|
|upkeep
|turn|9
|
|t:|1757795244
|-end|p1a: Iron Valiant|Quark Drive|[silent]
|switch|p1a: Dachsbun|Dachsbun, M|100/100
|move|p2a: Gliscor|Toxic|p1a: Dachsbun
|-status|p1a: Dachsbun|tox
|
|-damage|p1a: Dachsbun|95/100 tox|[from] psn
|upkeep
|turn|10
|-message|Ribow forfeited.
|
|win|LinusTouchTips
|raw|Ribow's rating: 1268 &rarr; <strong>1246</strong><br />(-22 for losing)
|raw|LinusTouchTips's rating: 1312 &rarr; <strong>1329</strong><br />(+17 for winning)
|l|☆Ribow
|player|p1|
|l|☆LinusTouchTips
|player|p2|
