|inactive|Battle timer is ON: inactive players will automatically lose when time's up.
|t:|1757878521
|gametype|singles
|player|p1|Coach Jones 6fifth|lusamine-nihilego|
|player|p2|crying|lucas|
|gen|9
|tier|[Gen 9] OU
|rule|HP Percentage Mod: HP is shown in percentages
|rule|Endless Battle Clause: Forcing endless battles is banned
|rule|Species Clause: Limit one of each Pokémon
|rule|OHKO Clause: OHKO moves are banned
|rule|Evasion Items Clause: Evasion items are banned
|rule|Evasion Moves Clause: Evasion moves are banned
|rule|Evasion Abilities Clause: Evasion abilities are banned
|rule|Sleep Moves Clause: Sleep-inducing moves are banned
|clearpoke
|poke|p1|Ogerpon-Wellspring, F|
|poke|p1|Landorus-Therian, M|
|poke|p1|Rillaboom, M|
|poke|p1|Hatterene, F|
|poke|p1|Gholdengo|
|poke|p1|Zamazenta-*|
|poke|p2|Gliscor, M|
|poke|p2|Zamazenta-*|
|poke|p2|Pecharunt|
|poke|p2|Alomomola, M|
|poke|p2|Iron Treads|
|poke|p2|Corviknight, M|
|teampreview
|inactive|Coach Jones 6fifth has 270 seconds left.
|inactive|crying has 270 seconds left.
|inactive|crying has 240 seconds left.
|inactive|crying has 210 seconds left.
|inactive|crying has 180 seconds left.
|
|t:|1757878669
|teamsize|p1|6
|teamsize|p2|6
|start
|switch|p1a: Rillaboom|Rillaboom, M|100/100
|switch|p2a: Alomomola|Alomomola, M|100/100
|-fieldstart|move: Grassy Terrain|[from] ability: Grassy Surge|[of] p1a: Rillaboom
|turn|1
|inactive|crying has 210 seconds left.
|inactive|crying has 180 seconds left.
|
|t:|1757878715
|move|p2a: Alomomola|Protect|p2a: Alomomola
|-singleturn|p2a: Alomomola|Protect
|move|p1a: Rillaboom|Knock Off|p2a: Alomomola
|-activate|p2a: Alomomola|move: Protect
|
|upkeep
|turn|2
|inactive|crying has 180 seconds left.
|
|t:|1757878738
|switch|p2a: Corviknight|Corviknight, M|100/100
|-ability|p2a: Corviknight|Pressure
|move|p1a: Rillaboom|Knock Off|p2a: Corviknight
|-damage|p2a: Corviknight|70/100
|-damage|p1a: Rillaboom|84/100|[from] item: Rocky Helmet|[of] p2a: Corviknight
|-enditem|p2a: Corviknight|Rocky Helmet|[from] move: Knock Off|[of] p1a: Rillaboom
|
|-heal|p1a: Rillaboom|90/100|[from] Grassy Terrain
|upkeep
|turn|3
|
|t:|1757878749
|switch|p1a: Landorus|Landorus-Therian, M|100/100
|-ability|p1a: Landorus|Intimidate|boost
|-unboost|p2a: Corviknight|atk|1
|switch|p2a: Gliscor|Gliscor, M|100/100
|
|-status|p2a: Gliscor|tox|[from] item: Toxic Orb
|upkeep
|turn|4
|inactive|crying has 150 seconds left.
|
|t:|1757878791
|move|p1a: Landorus|Taunt|p2a: Gliscor
|-start|p2a: Gliscor|move: Taunt
|cant|p2a: Gliscor|move: Taunt|Toxic
|
|upkeep
|turn|5
|
|t:|1757878813
|switch|p2a: Alomomola|Alomomola, M|100/100
|move|p1a: Landorus|Stealth Rock|p2a: Alomomola
|-sidestart|p2: crying|move: Stealth Rock
|
|-fieldend|move: Grassy Terrain
|upkeep
|turn|6
|
|t:|1757878821
|move|p1a: Landorus|U-turn|p2a: Alomomola
|-damage|p2a: Alomomola|88/100
|-damage|p1a: Landorus|84/100|[from] item: Rocky Helmet|[of] p2a: Alomomola
|
|t:|1757878824
|switch|p1a: Ogerpon|Ogerpon-Wellspring, F|100/100|[from] U-turn
|move|p2a: Alomomola|Wish|p2a: Alomomola
|
|upkeep
|turn|7
|inactive|crying has 150 seconds left.
|
|t:|1757878834
|switch|p1a: Landorus|Landorus-Therian, M|84/100
|-ability|p1a: Landorus|Intimidate|boost
|-unboost|p2a: Alomomola|atk|1
|switch|p2a: Pecharunt|Pecharunt|100/100
|
|upkeep
|turn|8
|inactive|crying has 150 seconds left.
|
|t:|1757878847
|switch|p1a: Rillaboom|Rillaboom, M|90/100
|-fieldstart|move: Grassy Terrain|[from] ability: Grassy Surge|[of] p1a: Rillaboom
|switch|p2a: Gliscor|Gliscor, M|100/100 tox
|-damage|p2a: Gliscor|88/100 tox|[from] Stealth Rock
|
|-heal|p1a: Rillaboom|96/100|[from] Grassy Terrain
|-heal|p2a: Gliscor|100/100 tox|[from] ability: Poison Heal
|upkeep
|turn|9
|inactive|crying has 150 seconds left.
|
|t:|1757878865
|switch|p1a: Hatterene|Hatterene, F, shiny|100/100
|switch|p2a: Pecharunt|Pecharunt|100/100
|
|upkeep
|turn|10
|inactive|crying has 150 seconds left.
|
|t:|1757878885
|move|p2a: Pecharunt|Parting Shot|p1a: Hatterene
|move|p1a: Hatterene|Parting Shot|p2a: Pecharunt|[from] ability: Magic Bounce
|-unboost|p2a: Pecharunt|atk|1
|-unboost|p2a: Pecharunt|spa|1
|
|t:|1757878897
|switch|p1a: Rillaboom|Rillaboom, M|96/100|[from] Parting Shot
|
|-heal|p1a: Rillaboom|100/100|[from] Grassy Terrain
|upkeep
|turn|11
|inactive|crying has 150 seconds left.
|
|t:|1757878922
|switch|p2a: Alomomola|Alomomola, M|100/100
|-damage|p2a: Alomomola|88/100|[from] Stealth Rock
|move|p1a: Rillaboom|Knock Off|p2a: Alomomola
|-damage|p2a: Alomomola|55/100
|-damage|p1a: Rillaboom|84/100|[from] item: Rocky Helmet|[of] p2a: Alomomola
|-enditem|p2a: Alomomola|Rocky Helmet|[from] move: Knock Off|[of] p1a: Rillaboom
|
|-heal|p1a: Rillaboom|90/100|[from] Grassy Terrain
|-heal|p2a: Alomomola|61/100|[from] Grassy Terrain
|upkeep
|turn|12
|
|t:|1757878936
|switch|p1a: Ogerpon|Ogerpon-Wellspring, F|100/100
|move|p2a: Alomomola|Wish|p2a: Alomomola
|
|-heal|p2a: Alomomola|67/100|[from] Grassy Terrain
|-fieldend|move: Grassy Terrain
|upkeep
|turn|13
|
|t:|1757878955
|switch|p1a: Rillaboom|Rillaboom, M|90/100
|-fieldstart|move: Grassy Terrain|[from] ability: Grassy Surge|[of] p1a: Rillaboom
|switch|p2a: Pecharunt|Pecharunt|100/100
|
|-heal|p1a: Rillaboom|96/100|[from] Grassy Terrain
|upkeep
|turn|14
|
|t:|1757878971
|switch|p2a: Alomomola|Alomomola, M|100/100
|-damage|p2a: Alomomola|88/100|[from] Stealth Rock
|move|p1a: Rillaboom|Knock Off|p2a: Alomomola
|-damage|p2a: Alomomola|65/100
|
|-heal|p1a: Rillaboom|100/100|[from] Grassy Terrain
|-heal|p2a: Alomomola|71/100|[from] Grassy Terrain
|upkeep
|turn|15
|inactive|crying has 120 seconds left.
|
|t:|1757878989
|switch|p1a: Ogerpon|Ogerpon-Wellspring, F|100/100
|move|p2a: Alomomola|Wish|p2a: Alomomola
|
|-heal|p2a: Alomomola|77/100|[from] Grassy Terrain
|upkeep
|turn|16
|
|t:|1757878993
|switch|p1a: Landorus|Landorus-Therian, M|84/100
|-ability|p1a: Landorus|Intimidate|boost
|-unboost|p2a: Alomomola|atk|1
|switch|p2a: Pecharunt|Pecharunt|100/100
|
|upkeep
|turn|17
|
|t:|1757879004
|move|p1a: Landorus|Earth Power|p2a: Pecharunt
|-supereffective|p2a: Pecharunt
|-damage|p2a: Pecharunt|37/100
|move|p2a: Pecharunt|Malignant Chain|p1a: Landorus
|-resisted|p1a: Landorus
|-damage|p1a: Landorus|66/100
|
|-heal|p2a: Pecharunt|43/100|[from] Grassy Terrain
|-fieldend|move: Grassy Terrain
|upkeep
|turn|18
|inactive|crying has 120 seconds left.
|
|t:|1757879024
|switch|p2a: Gliscor|Gliscor, M|100/100 tox
|-damage|p2a: Gliscor|88/100 tox|[from] Stealth Rock
|move|p1a: Landorus|Earth Power|p2a: Gliscor
|-immune|p2a: Gliscor
|
|-heal|p2a: Gliscor|100/100 tox|[from] ability: Poison Heal
|upkeep
|turn|19
|
|t:|1757879031
|switch|p2a: Alomomola|Alomomola, M|100/100
|-damage|p2a: Alomomola|88/100|[from] Stealth Rock
|move|p1a: Landorus|Taunt|p2a: Alomomola
|-start|p2a: Alomomola|move: Taunt
|
|upkeep
|turn|20
|inactive|crying has 120 seconds left.
|
|t:|1757879049
|switch|p2a: Gliscor|Gliscor, M|100/100 tox
|-damage|p2a: Gliscor|88/100 tox|[from] Stealth Rock
|move|p1a: Landorus|U-turn|p2a: Gliscor
|-resisted|p2a: Gliscor
|-damage|p2a: Gliscor|80/100 tox
|
|t:|1757879055
|switch|p1a: Hatterene|Hatterene, F, shiny|100/100|[from] U-turn
|
|-heal|p2a: Gliscor|92/100 tox|[from] ability: Poison Heal
|upkeep
|turn|21
|
|t:|1757879061
|switch|p2a: Iron Treads|Iron Treads|100/100
|-damage|p2a: Iron Treads|97/100|[from] Stealth Rock
|move|p1a: Hatterene|Mystical Fire|p2a: Iron Treads
|-supereffective|p2a: Iron Treads
|-damage|p2a: Iron Treads|54/100
|-unboost|p2a: Iron Treads|spa|1
|
|-heal|p2a: Iron Treads|60/100|[from] item: Leftovers
|upkeep
|turn|22
|inactive|crying has 120 seconds left.
|
|t:|1757879082
|move|p2a: Iron Treads|Knock Off|p1a: Hatterene
|-damage|p1a: Hatterene|71/100
|-enditem|p1a: Hatterene|Assault Vest|[from] move: Knock Off|[of] p2a: Iron Treads
|move|p1a: Hatterene|Mystical Fire|p2a: Iron Treads
|-supereffective|p2a: Iron Treads
|-damage|p2a: Iron Treads|14/100
|-unboost|p2a: Iron Treads|spa|1
|
|-heal|p2a: Iron Treads|20/100|[from] item: Leftovers
|upkeep
|turn|23
|
|t:|1757879091
|move|p2a: Iron Treads|Rapid Spin|p1a: Hatterene
|-damage|p1a: Hatterene|57/100
|-boost|p2a: Iron Treads|spe|1
|-sideend|p2: crying|Stealth Rock|[from] move: Rapid Spin|[of] p2a: Iron Treads
|move|p1a: Hatterene|Psychic Noise|p2a: Iron Treads
|-resisted|p2a: Iron Treads
|-damage|p2a: Iron Treads|3/100
|-start|p2a: Iron Treads|move: Heal Block
|
|upkeep
|turn|24
|
|t:|1757879100
|-end|p2a: Iron Treads|Quark Drive|[silent]
|switch|p2a: Alomomola|Alomomola, M|100/100
|switch|p1a: Landorus|Landorus-Therian, M|66/100
|-ability|p1a: Landorus|Intimidate|boost
|-unboost|p2a: Alomomola|atk|1
|
|upkeep
|turn|25
|
|t:|1757879104
|move|p1a: Landorus|Stealth Rock|p2a: Alomomola
|-sidestart|p2: crying|move: Stealth Rock
|move|p2a: Alomomola|Ice Beam|p1a: Landorus
|-supereffective|p1a: Landorus
|-damage|p1a: Landorus|24/100
|
|upkeep
|turn|26
|
|t:|1757879109
|move|p1a: Landorus|U-turn|p2a: Alomomola
|-damage|p2a: Alomomola|88/100
|
|t:|1757879115
|switch|p1a: Hatterene|Hatterene, F, shiny|57/100|[from] U-turn
|move|p2a: Alomomola|Ice Beam|p1a: Hatterene
|-crit|p1a: Hatterene
|-damage|p1a: Hatterene|44/100
|
|upkeep
|turn|27
|inactive|crying has 150 seconds left.
|
|t:|1757879130
|move|p2a: Alomomola|Flip Turn|p1a: Hatterene
|-damage|p1a: Hatterene|31/100
|
|t:|1757879140
|switch|p2a: Corviknight|Corviknight, M|70/100|[from] Flip Turn
|-damage|p2a: Corviknight|57/100|[from] Stealth Rock
|-ability|p2a: Corviknight|Pressure
|move|p1a: Hatterene|Draining Kiss|p2a: Corviknight
|-resisted|p2a: Corviknight
|-damage|p2a: Corviknight|44/100
|-heal|p1a: Hatterene|44/100|[from] drain|[of] p2a: Corviknight
|
|upkeep
|turn|28
|inactive|crying has 150 seconds left.
|
|t:|1757879149
|switch|p1a: Gholdengo|Gholdengo|100/100
|move|p2a: Corviknight|Defog|p1a: Gholdengo
|-immune|p1a: Gholdengo|[from] ability: Good as Gold
|
|upkeep
|turn|29
|
|t:|1757879158
|switch|p2a: Alomomola|Alomomola, M|100/100
|-damage|p2a: Alomomola|88/100|[from] Stealth Rock
|move|p1a: Gholdengo|Shadow Ball|p2a: Alomomola
|-damage|p2a: Alomomola|55/100
|
|upkeep
|turn|30
|
|t:|1757879166
|move|p1a: Gholdengo|Nasty Plot|p1a: Gholdengo
|-boost|p1a: Gholdengo|spa|2
|move|p2a: Alomomola|Flip Turn|p1a: Gholdengo
|-damage|p1a: Gholdengo|86/100
|inactive|crying has 150 seconds left.
|
|t:|1757879207
|switch|p2a: Gliscor|Gliscor, M|92/100 tox|[from] Flip Turn
|-damage|p2a: Gliscor|80/100 tox|[from] Stealth Rock
|
|-heal|p2a: Gliscor|92/100 tox|[from] ability: Poison Heal
|upkeep
|turn|31
|inactive|crying has 120 seconds left.
|
|t:|1757879232
|switch|p1a: Rillaboom|Rillaboom, M|100/100
|-fieldstart|move: Grassy Terrain|[from] ability: Grassy Surge|[of] p1a: Rillaboom
|move|p2a: Gliscor|Stealth Rock|p1a: Rillaboom
|-sidestart|p1: Coach Jones 6fifth|move: Stealth Rock
|
|-heal|p2a: Gliscor|100/100 tox|[from] ability: Poison Heal
|upkeep
|turn|32
|inactive|crying has 120 seconds left.
|inactive|Coach Jones 6fifth has 270 seconds left.
|
|t:|1757879266
|move|p1a: Rillaboom|U-turn|p2a: Gliscor
|-resisted|p2a: Gliscor
|-damage|p2a: Gliscor|87/100 tox
|
|t:|1757879269
|switch|p1a: Gholdengo|Gholdengo|86/100|[from] U-turn
|-damage|p1a: Gholdengo|80/100|[from] Stealth Rock
|-enditem|p1a: Gholdengo|Grassy Seed
|-boost|p1a: Gholdengo|def|1|[from] item: Grassy Seed
|move|p2a: Gliscor|Earthquake|p1a: Gholdengo
|-supereffective|p1a: Gholdengo
|-damage|p1a: Gholdengo|57/100
|
|-heal|p1a: Gholdengo|63/100|[from] Grassy Terrain
|-heal|p2a: Gliscor|99/100 tox|[from] ability: Poison Heal
|upkeep
|turn|33
|
|t:|1757879276
|switch|p2a: Zamazenta|Zamazenta|100/100
|-damage|p2a: Zamazenta|94/100|[from] Stealth Rock
|-ability|p2a: Zamazenta|Dauntless Shield|boost
|-boost|p2a: Zamazenta|def|1
|move|p1a: Gholdengo|Nasty Plot|p1a: Gholdengo
|-boost|p1a: Gholdengo|spa|2
|
|-heal|p2a: Zamazenta|100/100|[from] Grassy Terrain
|-heal|p1a: Gholdengo|70/100|[from] Grassy Terrain
|upkeep
|turn|34
|inactive|crying has 120 seconds left.
|
|t:|1757879319
|-terastallize|p2a: Zamazenta|Dark
|move|p2a: Zamazenta|Tera Blast|p1a: Gholdengo|[anim] Tera Blast Dark
|-supereffective|p1a: Gholdengo
|-damage|p1a: Gholdengo|0 fnt
|faint|p1a: Gholdengo
|
|upkeep
|
|t:|1757879342
|switch|p1a: Zamazenta|Zamazenta, shiny|100/100
|-damage|p1a: Zamazenta|94/100|[from] Stealth Rock
|-ability|p1a: Zamazenta|Dauntless Shield|boost
|-boost|p1a: Zamazenta|def|1
|turn|35
|
|t:|1757879358
|switch|p1a: Ogerpon|Ogerpon-Wellspring, F|100/100
|-damage|p1a: Ogerpon|88/100|[from] Stealth Rock
|switch|p2a: Alomomola|Alomomola, M|89/100
|-damage|p2a: Alomomola|76/100|[from] Stealth Rock
|
|-heal|p1a: Ogerpon|94/100|[from] Grassy Terrain
|-heal|p2a: Alomomola|82/100|[from] Grassy Terrain
|-fieldend|move: Grassy Terrain
|upkeep
|turn|36
|inactive|crying has 90 seconds left.
|inactive|crying has 60 seconds left.
|inactive|crying has 30 seconds left.
|
|t:|1757879440
|move|p1a: Ogerpon|Swords Dance|p1a: Ogerpon
|-boost|p1a: Ogerpon|atk|2
|move|p2a: Alomomola|Ice Beam|p1a: Ogerpon
|-damage|p1a: Ogerpon|82/100
|
|upkeep
|turn|37
|inactive|crying has 30 seconds left.
|inactive|crying has 20 seconds left.
|
|t:|1757879459
|move|p1a: Ogerpon|Grassy Glide|p2a: Alomomola
|-supereffective|p2a: Alomomola
|-damage|p2a: Alomomola|0 fnt
|faint|p2a: Alomomola
|
|upkeep
|inactive|crying has 25 seconds left this turn.
|
|t:|1757879462
|switch|p2a: Zamazenta|Zamazenta, tera:Dark|100/100
|-damage|p2a: Zamazenta|88/100|[from] Stealth Rock
|turn|38
|
|t:|1757879466
|-terastallize|p1a: Ogerpon|Water
|detailschange|p1a: Ogerpon|Ogerpon-Wellspring-Tera, F, tera:Water
|-ability|p1a: Ogerpon|Embody Aspect (Wellspring)|boost
|-boost|p1a: Ogerpon|spd|1
|move|p2a: Zamazenta|Focus Blast|p1a: Ogerpon|[miss]
|-miss|p2a: Zamazenta|p1a: Ogerpon
|move|p1a: Ogerpon|Ivy Cudgel|p2a: Zamazenta|[anim] Ivy Cudgel Water
|-damage|p2a: Zamazenta|0 fnt
|faint|p2a: Zamazenta
|
|upkeep
|inactive|crying has 30 seconds left.
|-message|crying forfeited.
|
|win|Coach Jones 6fifth
|player|p1|
