|j|☆Cyrozen
|j|☆boyboy0410
|t:|1757873197
|gametype|singles
|player|p1|Cyrozen|102|1197
|player|p2|boyboy0410|1|1151
|gen|9
|tier|[Gen 9] OU
|rated|
|rule|HP Percentage Mod: HP is shown in percentages
|rule|Endless Battle Clause: Forcing endless battles is banned
|rule|Species Clause: Limit one of each Pokémon
|rule|OHKO Clause: OHKO moves are banned
|rule|Evasion Items Clause: Evasion items are banned
|rule|Evasion Moves Clause: Evasion moves are banned
|rule|Evasion Abilities Clause: Evasion abilities are banned
|rule|Sleep Moves Clause: Sleep-inducing moves are banned
|clearpoke
|poke|p1|Cinderace, F|
|poke|p1|Kingambit, M|
|poke|p1|Dragapult, M|
|poke|p1|Iron Valiant|
|poke|p1|Kyurem|
|poke|p1|Okidogi, M|
|poke|p2|Hippowdon, M|
|poke|p2|Lycanroc, M|
|poke|p2|Gholdengo|
|poke|p2|Ceruledge, F|
|poke|p2|Ogerpon-Wellspring, F|
|poke|p2|Walking Wake|
|teampreview
|inactive|Battle timer is ON: inactive players will automatically lose when time's up. (requested by Cyrozen)
|
|t:|1757873216
|teamsize|p1|6
|teamsize|p2|6
|start
|switch|p1a: Cinderace|Cinderace, F|100/100
|switch|p2a: Hippowdon|Hippowdon, M|100/100
|-weather|Sandstorm|[from] ability: Sand Stream|[of] p2a: Hippowdon
|turn|1
|
|t:|1757873244
|-terastallize|p1a: Cinderace|Dark
|move|p1a: Cinderace|Swords Dance|p1a: Cinderace
|-boost|p1a: Cinderace|atk|2
|move|p2a: Hippowdon|Stealth Rock|p1a: Cinderace
|-sidestart|p1: Cyrozen|move: Stealth Rock
|
|-weather|Sandstorm|[upkeep]
|-damage|p1a: Cinderace|95/100|[from] Sandstorm
|upkeep
|turn|2
|inactive|Cyrozen has 120 seconds left.
|
|t:|1757873263
|move|p1a: Cinderace|Sucker Punch||[still]
|-fail|p1a: Cinderace
|move|p2a: Hippowdon|Roar|p1a: Cinderace
|drag|p1a: Okidogi|Okidogi, M|100/100
|-damage|p1a: Okidogi|95/100|[from] Stealth Rock
|
|-weather|Sandstorm|[upkeep]
|-damage|p1a: Okidogi|89/100|[from] Sandstorm
|upkeep
|turn|3
|inactive|Cyrozen has 120 seconds left.
|
|t:|1757873285
|switch|p1a: Cinderace|Cinderace, F, tera:Dark|95/100
|-damage|p1a: Cinderace|82/100|[from] Stealth Rock
|move|p2a: Hippowdon|Earthquake|p1a: Cinderace
|-damage|p1a: Cinderace|26/100
|
|-weather|Sandstorm|[upkeep]
|-damage|p1a: Cinderace|20/100|[from] Sandstorm
|upkeep
|turn|4
|inactive|boyboy0410 has 120 seconds left.
|
|t:|1757873310
|move|p1a: Cinderace|Pyro Ball|p2a: Hippowdon
|-damage|p2a: Hippowdon|72/100
|move|p2a: Hippowdon|Earthquake|p1a: Cinderace
|-damage|p1a: Cinderace|0 fnt
|faint|p1a: Cinderace
|
|-weather|Sandstorm|[upkeep]
|upkeep
|inactive|Cyrozen has 90 seconds left.
|
|t:|1757873342
|switch|p1a: Kyurem|Kyurem|100/100
|-damage|p1a: Kyurem|76/100|[from] Stealth Rock
|-ability|p1a: Kyurem|Pressure
|turn|5
|
|t:|1757873354
|move|p1a: Kyurem|Icicle Spear|p2a: Hippowdon
|-supereffective|p2a: Hippowdon
|-damage|p2a: Hippowdon|59/100
|-supereffective|p2a: Hippowdon
|-damage|p2a: Hippowdon|46/100
|-supereffective|p2a: Hippowdon
|-damage|p2a: Hippowdon|33/100
|-supereffective|p2a: Hippowdon
|-damage|p2a: Hippowdon|19/100
|-hitcount|p2a: Hippowdon|4
|move|p2a: Hippowdon|Roar|p1a: Kyurem
|drag|p1a: Okidogi|Okidogi, M|89/100
|-damage|p1a: Okidogi|83/100|[from] Stealth Rock
|
|-weather|Sandstorm|[upkeep]
|-damage|p1a: Okidogi|77/100|[from] Sandstorm
|upkeep
|turn|6
|
|t:|1757873366
|move|p1a: Okidogi|Outrage|p2a: Hippowdon
|-damage|p2a: Hippowdon|0 fnt
|faint|p2a: Hippowdon
|
|-weather|Sandstorm|[upkeep]
|-damage|p1a: Okidogi|71/100|[from] Sandstorm
|upkeep
|
|t:|1757873378
|switch|p2a: Gholdengo|Gholdengo|100/100
|turn|7
|c|☆Cyrozen|Hippodowns a tank!
|
|t:|1757873390
|move|p2a: Gholdengo|Shadow Ball|p1a: Okidogi
|-damage|p1a: Okidogi|48/100
|move|p1a: Okidogi|Outrage|p2a: Gholdengo|[from] lockedmove
|-resisted|p2a: Gholdengo
|-damage|p2a: Gholdengo|85/100
|-start|p1a: Okidogi|confusion|[fatigue]
|
|-weather|Sandstorm|[upkeep]
|-damage|p1a: Okidogi|42/100|[from] Sandstorm
|upkeep
|turn|8
|
|t:|1757873401
|move|p2a: Gholdengo|Shadow Ball|p1a: Okidogi
|-damage|p1a: Okidogi|18/100
|-unboost|p1a: Okidogi|spd|1
|-activate|p1a: Okidogi|confusion
|-damage|p1a: Okidogi|5/100|[from] confusion
|
|-weather|none
|upkeep
|turn|9
|
|t:|1757873408
|move|p2a: Gholdengo|Shadow Ball|p1a: Okidogi
|-damage|p1a: Okidogi|0 fnt
|faint|p1a: Okidogi
|
|upkeep
|
|t:|1757873412
|switch|p1a: Dragapult|Dragapult, M|100/100
|-damage|p1a: Dragapult|88/100|[from] Stealth Rock
|turn|10
|inactive|Cyrozen has 120 seconds left.
|inactive|boyboy0410 has 120 seconds left.
|
|t:|1757873446
|move|p1a: Dragapult|Shadow Ball|p2a: Gholdengo
|-supereffective|p2a: Gholdengo
|-damage|p2a: Gholdengo|0 fnt
|faint|p2a: Gholdengo
|
|upkeep
|inactive|boyboy0410 has 120 seconds left.
|
|t:|1757873471
|switch|p2a: Ogerpon|Ogerpon-Wellspring, F|100/100
|turn|11
|inactive|Cyrozen has 120 seconds left.
|
|t:|1757873496
|move|p1a: Dragapult|Shadow Ball|p2a: Ogerpon
|-damage|p2a: Ogerpon|44/100
|move|p2a: Ogerpon|Play Rough|p1a: Dragapult
|-supereffective|p1a: Dragapult
|-damage|p1a: Dragapult|0 fnt
|faint|p1a: Dragapult
|
|upkeep
|
|t:|1757873506
|switch|p1a: Iron Valiant|Iron Valiant|100/100
|-damage|p1a: Iron Valiant|94/100|[from] Stealth Rock
|-enditem|p1a: Iron Valiant|Booster Energy
|-activate|p1a: Iron Valiant|ability: Quark Drive|[fromitem]
|-start|p1a: Iron Valiant|quarkdrivespe
|turn|12
|inactive|boyboy0410 has 120 seconds left.
|
|t:|1757873521
|move|p1a: Iron Valiant|Moonblast|p2a: Ogerpon
|-crit|p2a: Ogerpon
|-damage|p2a: Ogerpon|0 fnt
|faint|p2a: Ogerpon
|
|upkeep
|
|t:|1757873532
|switch|p2a: Walking Wake|Walking Wake|100/100
|-enditem|p2a: Walking Wake|Booster Energy
|-activate|p2a: Walking Wake|ability: Protosynthesis|[fromitem]
|-start|p2a: Walking Wake|protosynthesisspe
|turn|13
|
|t:|1757873542
|-terastallize|p2a: Walking Wake|Fairy
|move|p1a: Iron Valiant|Moonblast|p2a: Walking Wake
|-crit|p2a: Walking Wake
|-damage|p2a: Walking Wake|25/100
|-unboost|p2a: Walking Wake|spa|1
|move|p2a: Walking Wake|Tera Blast|p1a: Iron Valiant|[anim] Tera Blast Fairy
|-supereffective|p1a: Iron Valiant
|-damage|p1a: Iron Valiant|0 fnt
|faint|p1a: Iron Valiant
|-end|p1a: Iron Valiant|Quark Drive|[silent]
|
|upkeep
|
|t:|1757873552
|switch|p1a: Kingambit|Kingambit, M|100/100
|-damage|p1a: Kingambit|94/100|[from] Stealth Rock
|-activate|p1a: Kingambit|ability: Supreme Overlord
|-start|p1a: Kingambit|fallen4|[silent]
|-item|p1a: Kingambit|Air Balloon
|turn|14
|inactive|boyboy0410 has 120 seconds left.
|
|t:|1757873565
|move|p2a: Walking Wake|Flamethrower|p1a: Kingambit
|-supereffective|p1a: Kingambit
|-damage|p1a: Kingambit|56/100
|-enditem|p1a: Kingambit|Air Balloon
|move|p1a: Kingambit|Iron Head|p2a: Walking Wake
|-supereffective|p2a: Walking Wake
|-damage|p2a: Walking Wake|0 fnt
|faint|p2a: Walking Wake
|-end|p2a: Walking Wake|Protosynthesis|[silent]
|
|upkeep
|inactive|boyboy0410 has 120 seconds left.
|
|t:|1757873571
|switch|p2a: Lycanroc|Lycanroc, M|100/100
|turn|15
|
|t:|1757873587
|move|p1a: Kingambit|Sucker Punch|p2a: Lycanroc
|-damage|p2a: Lycanroc|4/100
|move|p2a: Lycanroc|Drill Run|p1a: Kingambit
|-supereffective|p1a: Kingambit
|-damage|p1a: Kingambit|4/100
|-damage|p2a: Lycanroc|0 fnt|[from] item: Life Orb
|faint|p2a: Lycanroc
|
|upkeep
|
|t:|1757873591
|switch|p2a: Ceruledge|Ceruledge, F|100/100
|turn|16
|
|t:|1757873595
|move|p2a: Ceruledge|Shadow Sneak|p1a: Kingambit
|-resisted|p1a: Kingambit
|-damage|p1a: Kingambit|0 fnt
|faint|p1a: Kingambit
|-end|p1a: Kingambit|fallen4|[silent]
|
|upkeep
|
|t:|1757873597
|switch|p1a: Kyurem|Kyurem|76/100
|-damage|p1a: Kyurem|51/100|[from] Stealth Rock
|-ability|p1a: Kyurem|Pressure
|turn|17
|
|t:|1757873605
|move|p1a: Kyurem|Shadow Ball|p2a: Ceruledge
|-supereffective|p2a: Ceruledge
|-damage|p2a: Ceruledge|52/100
|move|p2a: Ceruledge|Close Combat|p1a: Kyurem
|-supereffective|p1a: Kyurem
|-damage|p1a: Kyurem|0 fnt
|-unboost|p2a: Ceruledge|def|1
|-unboost|p2a: Ceruledge|spd|1
|faint|p1a: Kyurem
|
|win|boyboy0410
|raw|Cyrozen's rating: 1197 &rarr; <strong>1170</strong><br />(-27 for losing)
|raw|boyboy0410's rating: 1173 &rarr; <strong>1200</strong><br />(+27 for winning)
|c|☆Cyrozen|Gg
|l|☆Cyrozen
|player|p1|
|l|☆boyboy0410
|player|p2|
