|j|☆doomfletch
|j|☆Lukasdbvl
|t:|1757948316
|gametype|singles
|player|p1|doomfletch|101|1292
|player|p2|Lukasdbvl|102|1289
|gen|9
|tier|[Gen 9] OU
|rated|
|rule|HP Percentage Mod: HP is shown in percentages
|rule|Endless Battle Clause: Forcing endless battles is banned
|rule|Species Clause: Limit one of each Pokémon
|rule|OHKO Clause: OHKO moves are banned
|rule|Evasion Items Clause: Evasion items are banned
|rule|Evasion Moves Clause: Evasion moves are banned
|rule|Evasion Abilities Clause: Evasion abilities are banned
|rule|Sleep Moves Clause: Sleep-inducing moves are banned
|clearpoke
|poke|p1|Hydreigon, M|
|poke|p1|Slowking-Galar, M|
|poke|p1|Great Tusk|
|poke|p1|Corviknight, M|
|poke|p1|Crawdaunt, F|
|poke|p1|Raikou|
|poke|p2|Gholdengo|
|poke|p2|Ceruledge, F|
|poke|p2|Enamorus, F|
|poke|p2|Ribombee, M|
|poke|p2|Quaquaval, M|
|poke|p2|Iron Treads|
|teampreview
|inactive|Battle timer is ON: inactive players will automatically lose when time's up. (requested by Lukasdbvl)
|
|t:|1757948342
|teamsize|p1|6
|teamsize|p2|6
|start
|switch|p1a: Raikou|Raikou|100/100
|switch|p2a: Ribombee|Ribombee, M|100/100
|turn|1
|
|t:|1757948349
|move|p2a: Ribombee|Sticky Web|p1a: Raikou
|-sidestart|p1: doomfletch|move: Sticky Web
|move|p1a: Raikou|Thunderbolt|p2a: Ribombee
|-damage|p2a: Ribombee|20/100
|
|upkeep
|turn|2
|
|t:|1757948355
|move|p2a: Ribombee|Stun Spore|p1a: Raikou|[miss]
|-miss|p2a: Ribombee|p1a: Raikou
|move|p1a: Raikou|Scald|p2a: Ribombee
|-damage|p2a: Ribombee|0 fnt
|faint|p2a: Ribombee
|
|upkeep
|
|t:|1757948362
|switch|p2a: Iron Treads|Iron Treads, shiny|100/100
|-enditem|p2a: Iron Treads|Booster Energy
|-activate|p2a: Iron Treads|ability: Quark Drive|[fromitem]
|-start|p2a: Iron Treads|quarkdriveatk
|turn|3
|
|t:|1757948371
|switch|p1a: Corviknight|Corviknight, M|100/100
|-ability|p1a: Corviknight|Pressure
|move|p2a: Iron Treads|Rapid Spin|p1a: Corviknight
|-resisted|p1a: Corviknight
|-damage|p1a: Corviknight|94/100
|-boost|p2a: Iron Treads|spe|1
|-damage|p2a: Iron Treads|84/100|[from] item: Rocky Helmet|[of] p1a: Corviknight
|
|upkeep
|turn|4
|
|t:|1757948381
|move|p2a: Iron Treads|Supercell Slam|p1a: Corviknight
|-supereffective|p1a: Corviknight
|-damage|p1a: Corviknight|45/100
|-damage|p2a: Iron Treads|68/100|[from] item: Rocky Helmet|[of] p1a: Corviknight
|move|p1a: Corviknight|Iron Defense|p1a: Corviknight
|-boost|p1a: Corviknight|def|2
|
|upkeep
|turn|5
|
|t:|1757948387
|move|p2a: Iron Treads|Supercell Slam|p1a: Corviknight
|-supereffective|p1a: Corviknight
|-damage|p1a: Corviknight|16/100
|-damage|p2a: Iron Treads|51/100|[from] item: Rocky Helmet|[of] p1a: Corviknight
|move|p1a: Corviknight|Roost|p1a: Corviknight
|-heal|p1a: Corviknight|66/100
|-singleturn|p1a: Corviknight|move: Roost
|
|upkeep
|turn|6
|
|t:|1757948395
|move|p2a: Iron Treads|Earthquake|p1a: Corviknight
|-immune|p1a: Corviknight
|move|p1a: Corviknight|Roost|p1a: Corviknight
|-heal|p1a: Corviknight|100/100
|-singleturn|p1a: Corviknight|move: Roost
|
|upkeep
|turn|7
|c|☆doomfletch|how are you 1289
|
|t:|1757948409
|move|p2a: Iron Treads|Supercell Slam|p1a: Corviknight
|-supereffective|p1a: Corviknight
|-damage|p1a: Corviknight|73/100
|-damage|p2a: Iron Treads|35/100|[from] item: Rocky Helmet|[of] p1a: Corviknight
|move|p1a: Corviknight|Body Press|p2a: Iron Treads
|-supereffective|p2a: Iron Treads
|-damage|p2a: Iron Treads|0 fnt
|faint|p2a: Iron Treads
|-end|p2a: Iron Treads|Quark Drive|[silent]
|
|upkeep
|
|t:|1757948426
|switch|p2a: Gholdengo|Gholdengo|100/100
|-item|p2a: Gholdengo|Air Balloon
|turn|8
|
|t:|1757948438
|switch|p1a: Raikou|Raikou|100/100
|move|p2a: Gholdengo|Shadow Ball|p1a: Raikou
|-damage|p1a: Raikou|53/100
|
|upkeep
|turn|9
|
|t:|1757948446
|move|p1a: Raikou|Thunderbolt|p2a: Gholdengo
|-damage|p2a: Gholdengo|50/100
|-enditem|p2a: Gholdengo|Air Balloon
|move|p2a: Gholdengo|Shadow Ball|p1a: Raikou
|-damage|p1a: Raikou|2/100
|-unboost|p1a: Raikou|spd|1
|
|upkeep
|turn|10
|
|t:|1757948460
|move|p1a: Raikou|Thunderbolt|p2a: Gholdengo
|-damage|p2a: Gholdengo|0 fnt
|faint|p2a: Gholdengo
|
|upkeep
|
|t:|1757948469
|switch|p2a: Ceruledge|Ceruledge, F|100/100
|turn|11
|
|t:|1757948487
|switch|p1a: Hydreigon|Hydreigon, M|100/100
|move|p2a: Ceruledge|Swords Dance|p2a: Ceruledge
|-boost|p2a: Ceruledge|atk|2
|
|upkeep
|turn|12
|
|t:|1757948497
|move|p1a: Hydreigon|Dark Pulse|p2a: Ceruledge
|-supereffective|p2a: Ceruledge
|-enditem|p2a: Ceruledge|Focus Sash
|-damage|p2a: Ceruledge|1/100
|move|p2a: Ceruledge|Bitter Blade|p1a: Hydreigon
|-resisted|p1a: Hydreigon
|-damage|p1a: Hydreigon|39/100
|-heal|p2a: Ceruledge|35/100|[from] drain|[of] p1a: Hydreigon
|
|-heal|p1a: Hydreigon|45/100|[from] item: Leftovers
|upkeep
|turn|13
|
|t:|1757948509
|switch|p1a: Raikou|Raikou|2/100
|move|p2a: Ceruledge|Shadow Sneak|p1a: Raikou
|-damage|p1a: Raikou|0 fnt
|faint|p1a: Raikou
|
|upkeep
|
|t:|1757948515
|switch|p1a: Hydreigon|Hydreigon, M|45/100
|turn|14
|
|t:|1757948518
|move|p2a: Ceruledge|Shadow Sneak|p1a: Hydreigon
|-resisted|p1a: Hydreigon
|-damage|p1a: Hydreigon|20/100
|move|p1a: Hydreigon|Dark Pulse|p2a: Ceruledge
|-supereffective|p2a: Ceruledge
|-damage|p2a: Ceruledge|0 fnt
|faint|p2a: Ceruledge
|
|-heal|p1a: Hydreigon|26/100|[from] item: Leftovers
|upkeep
|
|t:|1757948521
|switch|p2a: Enamorus|Enamorus, F|100/100
|turn|15
|
|t:|1757948534
|switch|p1a: Slowking|Slowking-Galar, M|100/100
|-activate|p1a: Slowking|move: Sticky Web
|-unboost|p1a: Slowking|spe|1
|-terastallize|p2a: Enamorus|Stellar
|move|p2a: Enamorus|Tera Blast|p1a: Slowking|[anim] Tera Blast Stellar
|-damage|p1a: Slowking|70/100
|-boost|p2a: Enamorus|atk|1
|-boost|p2a: Enamorus|spa|1
|-damage|p2a: Enamorus|91/100|[from] item: Life Orb
|
|upkeep
|turn|16
|
|t:|1757948549
|move|p2a: Enamorus|Tera Blast|p1a: Slowking|[anim] Tera Blast Stellar
|-damage|p1a: Slowking|30/100
|-boost|p2a: Enamorus|atk|1
|-boost|p2a: Enamorus|spa|1
|-damage|p2a: Enamorus|81/100|[from] item: Life Orb
|move|p1a: Slowking|Sludge Bomb|p2a: Enamorus
|-supereffective|p2a: Enamorus
|-damage|p2a: Enamorus|0 fnt
|faint|p2a: Enamorus
|
|upkeep
|
|t:|1757948554
|switch|p2a: Quaquaval|Quaquaval, M|100/100
|turn|17
|
|t:|1757948561
|switch|p1a: Corviknight|Corviknight, M|73/100
|-ability|p1a: Corviknight|Pressure
|move|p2a: Quaquaval|Knock Off|p1a: Corviknight
|-damage|p1a: Corviknight|53/100
|-damage|p2a: Quaquaval|84/100|[from] item: Rocky Helmet|[of] p1a: Corviknight
|-enditem|p1a: Corviknight|Rocky Helmet|[from] move: Knock Off|[of] p2a: Quaquaval
|
|upkeep
|turn|18
|
|t:|1757948570
|move|p2a: Quaquaval|Close Combat|p1a: Corviknight
|-damage|p1a: Corviknight|16/100
|-unboost|p2a: Quaquaval|def|1
|-unboost|p2a: Quaquaval|spd|1
|move|p1a: Corviknight|Iron Defense|p1a: Corviknight
|-boost|p1a: Corviknight|def|2
|
|upkeep
|turn|19
|
|t:|1757948584
|-terastallize|p1a: Corviknight|Ghost
|move|p2a: Quaquaval|Close Combat|p1a: Corviknight
|-immune|p1a: Corviknight
|move|p1a: Corviknight|Roost|p1a: Corviknight
|-heal|p1a: Corviknight|66/100
|
|upkeep
|turn|20
|
|t:|1757948591
|move|p2a: Quaquaval|Aqua Step|p1a: Corviknight
|-damage|p1a: Corviknight|54/100
|-boost|p2a: Quaquaval|spe|1
|move|p1a: Corviknight|Iron Defense|p1a: Corviknight
|-boost|p1a: Corviknight|def|2
|
|upkeep
|turn|21
|-message|Lukasdbvl forfeited.
|
|win|doomfletch
|raw|doomfletch's rating: 1292 &rarr; <strong>1317</strong><br />(+25 for winning)
|raw|Lukasdbvl's rating: 1289 &rarr; <strong>1264</strong><br />(-25 for losing)
|l|☆Lukasdbvl
|player|p2|
|l|☆doomfletch
|player|p1|
