|j|☆zast3133
|j|☆Lisia of Lillycove
|t:|1757813913
|gametype|singles
|player|p1|zast3133|nate|1299
|player|p2|Lisia of Lillycove|lisia|1329
|gen|9
|tier|[Gen 9] OU
|rated|
|rule|HP Percentage Mod: HP is shown in percentages
|rule|Endless Battle Clause: Forcing endless battles is banned
|rule|Species Clause: Limit one of each Pokémon
|rule|OHKO Clause: OHKO moves are banned
|rule|Evasion Items Clause: Evasion items are banned
|rule|Evasion Moves Clause: Evasion moves are banned
|rule|Evasion Abilities Clause: Evasion abilities are banned
|rule|Sleep Moves Clause: Sleep-inducing moves are banned
|clearpoke
|poke|p1|Raging Bolt|
|poke|p1|Dondozo, M|
|poke|p1|Scizor, M|
|poke|p1|Iron Crown|
|poke|p1|Revavroom, M|
|poke|p1|Clefable, F|
|poke|p2|Gumshoos, F|
|poke|p2|Polteageist|
|poke|p2|Slowking-Galar, F|
|poke|p2|Glaceon, F|
|poke|p2|Mew|
|poke|p2|Hatterene, F|
|teampreview
|c|☆Lisia of Lillycove|hf
|inactive|Battle timer is ON: inactive players will automatically lose when time's up. (requested by zast3133)
|
|t:|1757813928
|teamsize|p1|6
|teamsize|p2|6
|start
|switch|p1a: Clefable|Clefable, F, shiny|100/100
|switch|p2a: Mew|Mew|100/100
|turn|1
|
|t:|1757813936
|move|p1a: Clefable|Stealth Rock|p2a: Mew
|-sidestart|p2: Lisia of Lillycove|move: Stealth Rock
|move|p2a: Mew|Stealth Rock|p1a: Clefable
|-sidestart|p1: zast3133|move: Stealth Rock
|
|upkeep
|turn|2
|
|t:|1757813949
|move|p1a: Clefable|Moonblast|p2a: Mew
|-damage|p2a: Mew|74/100
|move|p2a: Mew|Trick Room|p2a: Mew
|-fieldstart|move: Trick Room|[of] p2a: Mew
|
|upkeep
|turn|3
|
|t:|1757813959
|switch|p1a: Scizor|Scizor, M, shiny|100/100
|-damage|p1a: Scizor|88/100|[from] Stealth Rock
|move|p2a: Mew|Flip Turn|p1a: Scizor
|-damage|p1a: Scizor|75/100
|
|t:|1757813976
|switch|p2a: Polteageist|Polteageist|100/100|[from] Flip Turn
|-damage|p2a: Polteageist|88/100|[from] Stealth Rock
|
|upkeep
|turn|4
|
|t:|1757813983
|move|p2a: Polteageist|Shadow Ball|p1a: Scizor
|-damage|p1a: Scizor|22/100
|move|p1a: Scizor|Knock Off|p2a: Polteageist
|-supereffective|p2a: Polteageist
|-damage|p2a: Polteageist|0 fnt
|-enditem|p2a: Polteageist|Weakness Policy|[from] move: Knock Off|[of] p1a: Scizor
|faint|p2a: Polteageist
|
|upkeep
|
|t:|1757813989
|switch|p2a: Mew|Mew|74/100
|-damage|p2a: Mew|61/100|[from] Stealth Rock
|turn|5
|
|t:|1757813995
|move|p1a: Scizor|Knock Off|p2a: Mew
|-supereffective|p2a: Mew
|-damage|p2a: Mew|0 fnt
|-enditem|p2a: Mew|Lagging Tail|[from] move: Knock Off|[of] p1a: Scizor
|faint|p2a: Mew
|
|upkeep
|
|t:|1757813998
|switch|p2a: Yuki|Glaceon, F, shiny|100/100
|-damage|p2a: Yuki|76/100|[from] Stealth Rock
|turn|6
|
|t:|1757814005
|move|p2a: Yuki|Freeze-Dry|p1a: Scizor
|-resisted|p1a: Scizor
|-damage|p1a: Scizor|0 fnt
|faint|p1a: Scizor
|
|-fieldend|move: Trick Room
|upkeep
|
|t:|1757814014
|switch|p1a: Revavroom|Revavroom, M|100/100
|-damage|p1a: Revavroom|95/100|[from] Stealth Rock
|-item|p1a: Revavroom|Air Balloon
|turn|7
|
|t:|1757814022
|switch|p2a: Slowking|Slowking-Galar, F|100/100
|-damage|p2a: Slowking|88/100|[from] Stealth Rock
|move|p1a: Revavroom|Shift Gear|p1a: Revavroom
|-boost|p1a: Revavroom|spe|2
|-boost|p1a: Revavroom|atk|1
|
|upkeep
|turn|8
|
|t:|1757814034
|-terastallize|p2a: Slowking|Dark
|move|p1a: Revavroom|High Horsepower|p2a: Slowking
|-damage|p2a: Slowking|36/100
|move|p2a: Slowking|Trick Room|p2a: Slowking
|-fieldstart|move: Trick Room|[of] p2a: Slowking
|
|upkeep
|turn|9
|
|t:|1757814053
|move|p1a: Revavroom|Temper Flare|p2a: Slowking
|-damage|p2a: Slowking|0 fnt
|faint|p2a: Slowking
|
|upkeep
|
|t:|1757814059
|switch|p2a: Hatterene|Hatterene, F|100/100
|-damage|p2a: Hatterene|88/100|[from] Stealth Rock
|turn|10
|
|t:|1757814066
|move|p2a: Hatterene|Psyshock|p1a: Revavroom
|-damage|p1a: Revavroom|10/100
|-enditem|p1a: Revavroom|Air Balloon
|move|p1a: Revavroom|Gunk Shot|p2a: Hatterene|[miss]
|-miss|p1a: Revavroom|p2a: Hatterene
|
|upkeep
|turn|11
|
|t:|1757814075
|move|p2a: Hatterene|Psyshock|p1a: Revavroom
|-damage|p1a: Revavroom|0 fnt
|faint|p1a: Revavroom
|
|upkeep
|
|t:|1757814083
|switch|p1a: Iron Crown|Iron Crown|100/100
|-damage|p1a: Iron Crown|94/100|[from] Stealth Rock
|-item|p1a: Iron Crown|Air Balloon
|turn|12
|
|t:|1757814089
|move|p2a: Hatterene|Psyshock|p1a: Iron Crown
|-resisted|p1a: Iron Crown
|-damage|p1a: Iron Crown|75/100
|-enditem|p1a: Iron Crown|Air Balloon
|move|p1a: Iron Crown|Tachyon Cutter|p2a: Hatterene
|-supereffective|p2a: Hatterene
|-damage|p2a: Hatterene|33/100
|-supereffective|p2a: Hatterene
|-crit|p2a: Hatterene
|-damage|p2a: Hatterene|0 fnt
|faint|p2a: Hatterene
|-hitcount|p2: Hatterene|2
|
|-fieldend|move: Trick Room
|upkeep
|
|t:|1757814092
|switch|p2a: Gumshoos|Gumshoos, F, shiny|100/100
|-damage|p2a: Gumshoos|88/100|[from] Stealth Rock
|turn|13
|
|t:|1757814110
|move|p1a: Iron Crown|Tachyon Cutter|p2a: Gumshoos
|-damage|p2a: Gumshoos|55/100
|-damage|p2a: Gumshoos|23/100
|-hitcount|p2a: Gumshoos|2
|move|p2a: Gumshoos|Knock Off|p1a: Iron Crown
|-supereffective|p1a: Iron Crown
|-damage|p1a: Iron Crown|0 fnt
|faint|p1a: Iron Crown
|-end|p1a: Iron Crown|Quark Drive|[silent]
|
|upkeep
|
|t:|1757814120
|switch|p1a: Raging Bolt|Raging Bolt|100/100
|-damage|p1a: Raging Bolt|88/100|[from] Stealth Rock
|-enditem|p1a: Raging Bolt|Booster Energy
|-activate|p1a: Raging Bolt|ability: Protosynthesis|[fromitem]
|-start|p1a: Raging Bolt|protosynthesisspa
|turn|14
|
|t:|1757814126
|move|p1a: Raging Bolt|Thunderbolt|p2a: Gumshoos
|-damage|p2a: Gumshoos|0 fnt
|faint|p2a: Gumshoos
|
|upkeep
|
|t:|1757814128
|switch|p2a: Yuki|Glaceon, F, shiny|76/100
|-damage|p2a: Yuki|51/100|[from] Stealth Rock
|turn|15
|
|t:|1757814136
|move|p1a: Raging Bolt|Thunderbolt|p2a: Yuki
|-damage|p2a: Yuki|0 fnt
|faint|p2a: Yuki
|
|win|zast3133
|raw|zast3133's rating: 1299 &rarr; <strong>1326</strong><br />(+27 for winning)
|raw|Lisia of Lillycove's rating: 1329 &rarr; <strong>1307</strong><br />(-22 for losing)
|l|☆Lisia of Lillycove
|player|p2|
|l|☆zast3133
|player|p1|
