|j|☆Sin IU 雨
|j|☆luni saki
|t:|1757851426
|gametype|singles
|player|p1|Sin IU 雨|169|
|player|p2|luni saki|courtney|
|gen|9
|tier|[Gen 9] OU
|rule|HP Percentage Mod: HP is shown in percentages
|rule|Endless Battle Clause: Forcing endless battles is banned
|rule|Species Clause: Limit one of each Pokémon
|rule|OHKO Clause: OHKO moves are banned
|rule|Evasion Items Clause: Evasion items are banned
|rule|Evasion Moves Clause: Evasion moves are banned
|rule|Evasion Abilities Clause: Evasion abilities are banned
|rule|Sleep Moves Clause: Sleep-inducing moves are banned
|clearpoke
|poke|p1|Landorus-Therian, M|
|poke|p1|Heatran, M|
|poke|p1|Slowking-Galar, F|
|poke|p1|Corviknight, M|
|poke|p1|Dragapult, M|
|poke|p1|Ogerpon-Wellspring, F|
|poke|p2|Latios, M|
|poke|p2|Clefable, F|
|poke|p2|Skarmory, F|
|poke|p2|Ting-Lu|
|poke|p2|Walking Wake|
|poke|p2|Pecharunt|
|teampreview
|inactive|Battle timer is ON: inactive players will automatically lose when time's up. (requested by Sin IU 雨)
|
|t:|1757851460
|teamsize|p1|6
|teamsize|p2|6
|start
|switch|p1a: Ogerpon|Ogerpon-Wellspring, F|100/100
|switch|p2a: Walking Wake|Walking Wake|100/100
|turn|1
|
|t:|1757851467
|switch|p1a: Slowking|Slowking-Galar, F|100/100
|move|p2a: Walking Wake|Draco Meteor|p1a: Slowking
|-damage|p1a: Slowking|65/100
|-unboost|p2a: Walking Wake|spa|2
|
|upkeep
|turn|2
|
|t:|1757851472
|move|p2a: Walking Wake|Knock Off|p1a: Slowking
|-supereffective|p1a: Slowking
|-damage|p1a: Slowking|29/100
|-enditem|p1a: Slowking|Shuca Berry|[from] move: Knock Off|[of] p2a: Walking Wake
|-prepare|p1a: Slowking|Chilly Reception|[premajor]
|move|p1a: Slowking|Chilly Reception|p1a: Slowking
|-weather|Snowscape
|j| chansey and lulu
|
|t:|1757851484
|switch|p1a: Ogerpon|Ogerpon-Wellspring, F|100/100|[from] Chilly Reception
|
|-weather|Snowscape|[upkeep]
|upkeep
|turn|3
|j| xuanxuanp
|
|t:|1757851508
|-end|p2a: Walking Wake|Protosynthesis|[silent]
|switch|p2a: Skarmory|Skarmory, F|100/100
|move|p1a: Ogerpon|Knock Off|p2a: Skarmory
|-damage|p2a: Skarmory|78/100
|-damage|p1a: Ogerpon|84/100|[from] item: Rocky Helmet|[of] p2a: Skarmory
|-enditem|p2a: Skarmory|Rocky Helmet|[from] move: Knock Off|[of] p1a: Ogerpon
|
|-weather|Snowscape|[upkeep]
|upkeep
|turn|4
|
|t:|1757851514
|move|p1a: Ogerpon|Taunt|p2a: Skarmory
|-start|p2a: Skarmory|move: Taunt
|cant|p2a: Skarmory|move: Taunt|Stealth Rock
|
|-weather|Snowscape|[upkeep]
|upkeep
|turn|5
|
|t:|1757851519
|switch|p1a: Heatran|Heatran, M|100/100
|switch|p2a: Latios|Latios, M|100/100
|
|-weather|Snowscape|[upkeep]
|upkeep
|turn|6
|j| Swordsman.N
|
|t:|1757851526
|switch|p2a: Ting-Lu|Ting-Lu|100/100
|-ability|p2a: Ting-Lu|Vessel of Ruin
|move|p1a: Heatran|Stealth Rock|p2a: Ting-Lu
|-sidestart|p2: luni saki|move: Stealth Rock
|
|-weather|none
|upkeep
|turn|7
|
|t:|1757851530
|move|p1a: Heatran|Taunt|p2a: Ting-Lu
|-start|p2a: Ting-Lu|move: Taunt
|move|p2a: Ting-Lu|Ruination|p1a: Heatran
|-damage|p1a: Heatran|50/100
|
|-heal|p1a: Heatran|57/100|[from] item: Leftovers
|upkeep
|turn|8
|
|t:|1757851536
|switch|p1a: Landorus|Landorus-Therian, M|100/100
|-ability|p1a: Landorus|Intimidate|boost
|-unboost|p2a: Ting-Lu|atk|1
|move|p2a: Ting-Lu|Ruination|p1a: Landorus
|-damage|p1a: Landorus|51/100
|
|upkeep
|turn|9
|
|t:|1757851549
|move|p1a: Landorus|U-turn|p2a: Ting-Lu
|-supereffective|p2a: Ting-Lu
|-damage|p2a: Ting-Lu|55/100
|
|t:|1757851555
|switch|p1a: Ogerpon|Ogerpon-Wellspring, F|84/100|[from] U-turn
|move|p2a: Ting-Lu|Ruination|p1a: Ogerpon
|-damage|p1a: Ogerpon|42/100
|
|-heal|p2a: Ting-Lu|62/100|[from] item: Leftovers
|-end|p2a: Ting-Lu|move: Taunt
|upkeep
|turn|10
|
|t:|1757851564
|switch|p2a: Walking Wake|Walking Wake|100/100
|move|p1a: Ogerpon|Synthesis|p1a: Ogerpon
|-heal|p1a: Ogerpon|92/100
|
|upkeep
|turn|11
|
|t:|1757851571
|switch|p1a: Heatran|Heatran, M|57/100
|move|p2a: Walking Wake|Flip Turn|p1a: Heatran
|-supereffective|p1a: Heatran
|-damage|p1a: Heatran|28/100
|
|t:|1757851581
|-end|p2a: Walking Wake|Protosynthesis|[silent]
|switch|p2a: Ting-Lu|Ting-Lu|62/100|[from] Flip Turn
|-damage|p2a: Ting-Lu|55/100|[from] Stealth Rock
|-ability|p2a: Ting-Lu|Vessel of Ruin
|
|-heal|p1a: Heatran|34/100|[from] item: Leftovers
|-heal|p2a: Ting-Lu|62/100|[from] item: Leftovers
|upkeep
|turn|12
|
|t:|1757851587
|switch|p1a: Landorus|Landorus-Therian, M|51/100
|-ability|p1a: Landorus|Intimidate|boost
|-unboost|p2a: Ting-Lu|atk|1
|move|p2a: Ting-Lu|Spikes|p1a: Landorus
|-sidestart|p1: Sin IU 雨|Spikes
|
|-heal|p2a: Ting-Lu|68/100|[from] item: Leftovers
|upkeep
|turn|13
|
|t:|1757851592
|switch|p2a: Skarmory|Skarmory, F|78/100
|-damage|p2a: Skarmory|65/100|[from] Stealth Rock
|move|p1a: Landorus|U-turn|p2a: Skarmory
|-resisted|p2a: Skarmory
|-damage|p2a: Skarmory|59/100
|
|t:|1757851602
|switch|p1a: Heatran|Heatran, M|34/100|[from] U-turn
|-damage|p1a: Heatran|22/100|[from] Spikes
|
|-heal|p1a: Heatran|28/100|[from] item: Leftovers
|upkeep
|turn|14
|
|t:|1757851606
|switch|p2a: Ting-Lu|Ting-Lu|68/100
|-damage|p2a: Ting-Lu|62/100|[from] Stealth Rock
|-ability|p2a: Ting-Lu|Vessel of Ruin
|move|p1a: Heatran|Magma Storm|p2a: Ting-Lu
|-damage|p2a: Ting-Lu|42/100
|-activate|p2a: Ting-Lu|move: Magma Storm|[of] p1a: Heatran
|
|-heal|p1a: Heatran|34/100|[from] item: Leftovers
|-heal|p2a: Ting-Lu|48/100|[from] item: Leftovers
|-damage|p2a: Ting-Lu|36/100|[from] move: Magma Storm|[partiallytrapped]
|upkeep
|turn|15
|
|t:|1757851618
|switch|p1a: Landorus|Landorus-Therian, M|51/100
|-ability|p1a: Landorus|Intimidate|boost
|-unboost|p2a: Ting-Lu|atk|1
|move|p2a: Ting-Lu|Earthquake|p1a: Landorus
|-immune|p1a: Landorus
|
|-heal|p2a: Ting-Lu|42/100|[from] item: Leftovers
|-end|p2a: Ting-Lu|Magma Storm|[partiallytrapped]|[silent]
|upkeep
|turn|16
|
|t:|1757851625
|switch|p2a: Skarmory|Skarmory, F|59/100
|-damage|p2a: Skarmory|47/100|[from] Stealth Rock
|move|p1a: Landorus|U-turn|p2a: Skarmory
|-resisted|p2a: Skarmory
|-damage|p2a: Skarmory|41/100
|
|t:|1757851631
|switch|p1a: Heatran|Heatran, M|34/100|[from] U-turn
|-damage|p1a: Heatran|22/100|[from] Spikes
|
|-heal|p1a: Heatran|28/100|[from] item: Leftovers
|upkeep
|turn|17
|
|t:|1757851644
|move|p1a: Heatran|Magma Storm|p2a: Skarmory
|-supereffective|p2a: Skarmory
|-damage|p2a: Skarmory|0 fnt
|faint|p2a: Skarmory
|
|-heal|p1a: Heatran|34/100|[from] item: Leftovers
|upkeep
|
|t:|1757851647
|switch|p2a: Latios|Latios, M|100/100
|-damage|p2a: Latios|88/100|[from] Stealth Rock
|turn|18
|
|t:|1757851658
|switch|p1a: Slowking|Slowking-Galar, F|62/100
|-damage|p1a: Slowking|50/100|[from] Spikes
|move|p2a: Latios|Calm Mind|p2a: Latios
|-boost|p2a: Latios|spa|1
|-boost|p2a: Latios|spd|1
|
|upkeep
|turn|19
|
|t:|1757851680
|move|p2a: Latios|Psychic Noise|p1a: Slowking
|-damage|p1a: Slowking|8/100
|-start|p1a: Slowking|move: Heal Block
|move|p1a: Slowking|Sludge Bomb|p2a: Latios
|-damage|p2a: Latios|66/100
|-status|p2a: Latios|psn
|
|-damage|p2a: Latios|54/100 psn|[from] psn
|upkeep
|turn|20
|
|t:|1757851691
|move|p2a: Latios|Recover|p2a: Latios
|-heal|p2a: Latios|100/100 psn
|-prepare|p1a: Slowking|Chilly Reception|[premajor]
|move|p1a: Slowking|Chilly Reception|p1a: Slowking
|-weather|Snowscape
|
|t:|1757851697
|switch|p1a: Dragapult|Dragapult, M|100/100|[from] Chilly Reception
|
|-weather|Snowscape|[upkeep]
|-damage|p2a: Latios|88/100 psn|[from] psn
|upkeep
|turn|21
|
|t:|1757851706
|switch|p2a: Clefable|Clefable, F|100/100
|move|p1a: Dragapult|U-turn|p2a: Clefable
|-resisted|p2a: Clefable
|-damage|p2a: Clefable|90/100
|
|t:|1757851719
|switch|p1a: Landorus|Landorus-Therian, M|51/100|[from] U-turn
|-ability|p1a: Landorus|Intimidate|boost
|-unboost|p2a: Clefable|atk|1
|
|-weather|Snowscape|[upkeep]
|-heal|p2a: Clefable|96/100|[from] item: Leftovers
|upkeep
|turn|22
|j| BTG likepkm
|
|t:|1757851726
|-terastallize|p1a: Landorus|Flying
|move|p1a: Landorus|Tera Blast|p2a: Clefable|[anim] Tera Blast Flying
|-damage|p2a: Clefable|0 fnt
|faint|p2a: Clefable
|
|-weather|Snowscape|[upkeep]
|upkeep
|l| BTG likepkm
|
|t:|1757851738
|switch|p2a: Pecharunt|Pecharunt|100/100
|turn|23
|
|t:|1757851745
|move|p1a: Landorus|Tera Blast|p2a: Pecharunt|[anim] Tera Blast Flying
|-damage|p2a: Pecharunt|56/100
|move|p2a: Pecharunt|Foul Play|p1a: Landorus
|-damage|p1a: Landorus|9/100
|
|-weather|Snowscape|[upkeep]
|upkeep
|turn|24
|
|t:|1757851752
|switch|p1a: Heatran|Heatran, M|34/100
|-damage|p1a: Heatran|22/100|[from] Spikes
|move|p2a: Pecharunt|Recover|p2a: Pecharunt
|-heal|p2a: Pecharunt|100/100
|
|-weather|none
|-heal|p1a: Heatran|28/100|[from] item: Leftovers
|upkeep
|turn|25
|
|t:|1757851758
|move|p2a: Pecharunt|Foul Play|p1a: Heatran
|-damage|p1a: Heatran|15/100
|move|p1a: Heatran|Magma Storm|p2a: Pecharunt
|-damage|p2a: Pecharunt|60/100
|-activate|p2a: Pecharunt|move: Magma Storm|[of] p1a: Heatran
|
|-heal|p1a: Heatran|21/100|[from] item: Leftovers
|-damage|p2a: Pecharunt|47/100|[from] move: Magma Storm|[partiallytrapped]
|upkeep
|turn|26
|
|t:|1757851767
|move|p2a: Pecharunt|Recover|p2a: Pecharunt
|-heal|p2a: Pecharunt|98/100
|move|p1a: Heatran|Earth Power|p2a: Pecharunt
|-supereffective|p2a: Pecharunt
|-damage|p2a: Pecharunt|44/100
|
|-heal|p1a: Heatran|27/100|[from] item: Leftovers
|-damage|p2a: Pecharunt|32/100|[from] move: Magma Storm|[partiallytrapped]
|upkeep
|turn|27
|
|t:|1757851771
|move|p2a: Pecharunt|Parting Shot|p1a: Heatran
|-unboost|p1a: Heatran|atk|1
|-unboost|p1a: Heatran|spa|1
|
|t:|1757851775
|switch|p2a: Latios|Latios, M|88/100 psn|[from] Parting Shot
|-damage|p2a: Latios|76/100 psn|[from] Stealth Rock
|move|p1a: Heatran|Taunt|p2a: Latios
|-start|p2a: Latios|move: Taunt
|
|-heal|p1a: Heatran|34/100|[from] item: Leftovers
|-damage|p2a: Latios|64/100 psn|[from] psn
|upkeep
|turn|28
|l| chansey and lulu
|
|t:|1757851785
|switch|p2a: Walking Wake|Walking Wake|100/100
|switch|p1a: Slowking|Slowking-Galar, F|41/100
|-damage|p1a: Slowking|29/100|[from] Spikes
|
|upkeep
|turn|29
|
|t:|1757851805
|switch|p1a: Corviknight|Corviknight, M|100/100
|-ability|p1a: Corviknight|Pressure
|move|p2a: Walking Wake|Draco Meteor|p1a: Corviknight
|-resisted|p1a: Corviknight
|-damage|p1a: Corviknight|70/100
|-unboost|p2a: Walking Wake|spa|2
|
|upkeep
|turn|30
|
|t:|1757851814
|switch|p1a: Slowking|Slowking-Galar, F|62/100
|-damage|p1a: Slowking|50/100|[from] Spikes
|move|p2a: Walking Wake|Knock Off|p1a: Slowking
|-supereffective|p1a: Slowking
|-damage|p1a: Slowking|24/100
|
|upkeep
|turn|31
|
|t:|1757851829
|-end|p2a: Walking Wake|Protosynthesis|[silent]
|switch|p2a: Ting-Lu|Ting-Lu|42/100
|-damage|p2a: Ting-Lu|36/100|[from] Stealth Rock
|-ability|p2a: Ting-Lu|Vessel of Ruin
|switch|p1a: Heatran|Heatran, M|34/100
|-damage|p1a: Heatran|21/100|[from] Spikes
|
|-heal|p1a: Heatran|27/100|[from] item: Leftovers
|-heal|p2a: Ting-Lu|42/100|[from] item: Leftovers
|upkeep
|turn|32
|
|t:|1757851841
|switch|p2a: Walking Wake|Walking Wake|100/100
|move|p1a: Heatran|Taunt|p2a: Walking Wake
|-start|p2a: Walking Wake|move: Taunt
|
|-heal|p1a: Heatran|34/100|[from] item: Leftovers
|upkeep
|turn|33
|
|t:|1757851852
|switch|p1a: Slowking|Slowking-Galar, F|58/100
|-damage|p1a: Slowking|45/100|[from] Spikes
|move|p2a: Walking Wake|Knock Off|p1a: Slowking
|-supereffective|p1a: Slowking
|-damage|p1a: Slowking|20/100
|
|upkeep
|turn|34
|
|t:|1757851869
|switch|p1a: Corviknight|Corviknight, M|70/100
|-ability|p1a: Corviknight|Pressure
|move|p2a: Walking Wake|Knock Off|p1a: Corviknight
|-damage|p1a: Corviknight|59/100
|-damage|p2a: Walking Wake|84/100|[from] item: Rocky Helmet|[of] p1a: Corviknight
|-enditem|p1a: Corviknight|Rocky Helmet|[from] move: Knock Off|[of] p2a: Walking Wake
|
|-end|p2a: Walking Wake|move: Taunt
|upkeep
|turn|35
|
|t:|1757851878
|move|p2a: Walking Wake|Scald|p1a: Corviknight
|-damage|p1a: Corviknight|23/100
|-status|p1a: Corviknight|brn
|move|p1a: Corviknight|Roost|p1a: Corviknight
|-heal|p1a: Corviknight|73/100 brn
|-singleturn|p1a: Corviknight|move: Roost
|
|-damage|p1a: Corviknight|67/100 brn|[from] brn
|upkeep
|turn|36
|
|t:|1757851889
|move|p2a: Walking Wake|Draco Meteor|p1a: Corviknight
|-resisted|p1a: Corviknight
|-damage|p1a: Corviknight|32/100 brn
|-unboost|p2a: Walking Wake|spa|2
|move|p1a: Corviknight|Roost|p1a: Corviknight
|-heal|p1a: Corviknight|82/100 brn
|-singleturn|p1a: Corviknight|move: Roost
|
|-damage|p1a: Corviknight|76/100 brn|[from] brn
|upkeep
|turn|37
|
|t:|1757851901
|move|p2a: Walking Wake|Flip Turn|p1a: Corviknight
|-damage|p1a: Corviknight|67/100 brn
|
|t:|1757851905
|-end|p2a: Walking Wake|Protosynthesis|[silent]
|switch|p2a: Pecharunt|Pecharunt|32/100|[from] Flip Turn
|move|p1a: Corviknight|Roost|p1a: Corviknight
|-heal|p1a: Corviknight|100/100 brn
|-singleturn|p1a: Corviknight|move: Roost
|
|-damage|p1a: Corviknight|94/100 brn|[from] brn
|upkeep
|turn|38
|
|t:|1757851909
|switch|p1a: Heatran|Heatran, M|34/100
|-damage|p1a: Heatran|21/100|[from] Spikes
|move|p2a: Pecharunt|Recover|p2a: Pecharunt
|-heal|p2a: Pecharunt|82/100
|
|-heal|p1a: Heatran|27/100|[from] item: Leftovers
|upkeep
|turn|39
|
|t:|1757851918
|move|p2a: Pecharunt|Parting Shot|p1a: Heatran
|-unboost|p1a: Heatran|atk|1
|-unboost|p1a: Heatran|spa|1
|
|t:|1757851921
|switch|p2a: Walking Wake|Walking Wake|84/100|[from] Parting Shot
|move|p1a: Heatran|Magma Storm|p2a: Walking Wake|[miss]
|-miss|p1a: Heatran|p2a: Walking Wake
|
|-heal|p1a: Heatran|34/100|[from] item: Leftovers
|upkeep
|turn|40
|
|t:|1757851927
|switch|p1a: Corviknight|Corviknight, M|94/100 brn
|-ability|p1a: Corviknight|Pressure
|move|p2a: Walking Wake|Knock Off|p1a: Corviknight
|-damage|p1a: Corviknight|87/100 brn
|
|-damage|p1a: Corviknight|81/100 brn|[from] brn
|upkeep
|turn|41
|
|t:|1757851939
|-end|p2a: Walking Wake|Protosynthesis|[silent]
|switch|p2a: Pecharunt|Pecharunt|82/100
|switch|p1a: Slowking|Slowking-Galar, F|53/100
|-damage|p1a: Slowking|41/100|[from] Spikes
|
|upkeep
|turn|42
|
|t:|1757851946
|move|p2a: Pecharunt|Malignant Chain|p1a: Slowking
|-resisted|p1a: Slowking
|-damage|p1a: Slowking|32/100
|move|p1a: Slowking|Psychic Noise|p2a: Pecharunt
|-supereffective|p2a: Pecharunt
|-damage|p2a: Pecharunt|31/100
|-start|p2a: Pecharunt|move: Heal Block
|
|upkeep
|turn|43
|
|t:|1757851954
|move|p2a: Pecharunt|Parting Shot|p1a: Slowking
|-unboost|p1a: Slowking|atk|1
|-unboost|p1a: Slowking|spa|1
|
|t:|1757851958
|switch|p2a: Ting-Lu|Ting-Lu|42/100|[from] Parting Shot
|-damage|p2a: Ting-Lu|36/100|[from] Stealth Rock
|-ability|p2a: Ting-Lu|Vessel of Ruin
|-prepare|p1a: Slowking|Chilly Reception|[premajor]
|move|p1a: Slowking|Chilly Reception|p1a: Slowking
|-weather|Snowscape
|
|t:|1757851962
|switch|p1a: Ogerpon|Ogerpon-Wellspring, F|92/100|[from] Chilly Reception
|-damage|p1a: Ogerpon|80/100|[from] Spikes
|
|-weather|Snowscape|[upkeep]
|-heal|p2a: Ting-Lu|42/100|[from] item: Leftovers
|upkeep
|turn|44
|
|t:|1757851988
|move|p1a: Ogerpon|Ivy Cudgel|p2a: Ting-Lu|[anim] Ivy Cudgel Water
|-supereffective|p2a: Ting-Lu
|-damage|p2a: Ting-Lu|0 fnt
|faint|p2a: Ting-Lu
|
|-weather|Snowscape|[upkeep]
|upkeep
|
|t:|1757851992
|switch|p2a: Latios|Latios, M|64/100 psn
|-damage|p2a: Latios|51/100 psn|[from] Stealth Rock
|turn|45
|
|t:|1757852004
|move|p2a: Latios|Draco Meteor|p1a: Ogerpon|[miss]
|-miss|p2a: Latios|p1a: Ogerpon
|move|p1a: Ogerpon|Knock Off|p2a: Latios
|-supereffective|p2a: Latios
|-damage|p2a: Latios|0 fnt
|-enditem|p2a: Latios|Soul Dew|[from] move: Knock Off|[of] p1a: Ogerpon
|faint|p2a: Latios
|
|-weather|Snowscape|[upkeep]
|upkeep
|-message|luni saki forfeited.
|
|win|Sin IU 雨
|l| xuanxuanp
|l|☆Sin IU 雨
|player|p1|
