|j|☆txgx7
|j|☆Qwilfishler
|t:|1757787870
|gametype|singles
|player|p1|txgx7|lucas-gen4pt|1333
|player|p2|Qwilfishler|fisherman-gen4|1375
|gen|9
|tier|[Gen 9] OU
|rated|
|rule|HP Percentage Mod: HP is shown in percentages
|rule|Endless Battle Clause: Forcing endless battles is banned
|rule|Species Clause: Limit one of each Pokémon
|rule|OHKO Clause: OHKO moves are banned
|rule|Evasion Items Clause: Evasion items are banned
|rule|Evasion Moves Clause: Evasion moves are banned
|rule|Evasion Abilities Clause: Evasion abilities are banned
|rule|Sleep Moves Clause: Sleep-inducing moves are banned
|clearpoke
|poke|p1|Weavile, F|
|poke|p1|Tinkaton, F|
|poke|p1|Enamorus, F|
|poke|p1|Great Tusk|
|poke|p1|Bellibolt, M|
|poke|p1|Moltres|
|poke|p2|Iron Valiant|
|poke|p2|Slowking-Galar, M|
|poke|p2|Alomomola, M|
|poke|p2|Scizor, F|
|poke|p2|Mandibuzz, F|
|poke|p2|Tyranitar, M|
|teampreview
|
|t:|1757787906
|teamsize|p1|6
|teamsize|p2|6
|start
|switch|p1a: Tinkaton|Tinkaton, F|100/100
|switch|p2a: Slowking|Slowking-Galar, M|100/100
|-item|p1a: Tinkaton|Air Balloon
|turn|1
|
|t:|1757787922
|move|p1a: Tinkaton|Stealth Rock|p2a: Slowking
|-sidestart|p2: Qwilfishler|move: Stealth Rock
|move|p2a: Slowking|Flamethrower|p1a: Tinkaton
|-supereffective|p1a: Tinkaton
|-damage|p1a: Tinkaton|50/100
|-enditem|p1a: Tinkaton|Air Balloon
|
|upkeep
|turn|2
|
|t:|1757787937
|switch|p1a: Bellibolt|Bellibolt, M|100/100
|switch|p2a: Mandibuzz|Mandibuzz, F|100/100
|
|upkeep
|turn|3
|
|t:|1757787954
|switch|p2a: Tyranitar|Tyranitar, M|100/100
|-damage|p2a: Tyranitar|88/100|[from] Stealth Rock
|-weather|Sandstorm|[from] ability: Sand Stream|[of] p2a: Tyranitar
|move|p1a: Bellibolt|Toxic|p2a: Tyranitar
|-status|p2a: Tyranitar|tox
|
|-weather|Sandstorm|[upkeep]
|-damage|p1a: Bellibolt|94/100|[from] Sandstorm
|-heal|p2a: Tyranitar|94/100 tox|[from] item: Leftovers
|-heal|p1a: Bellibolt|100/100|[from] item: Leftovers
|-damage|p2a: Tyranitar|88/100 tox|[from] psn
|upkeep
|turn|4
|
|t:|1757787972
|switch|p1a: Great Tusk|Great Tusk|100/100
|move|p2a: Tyranitar|Knock Off|p1a: Great Tusk
|-resisted|p1a: Great Tusk
|-damage|p1a: Great Tusk|85/100
|-enditem|p1a: Great Tusk|Heavy-Duty Boots|[from] move: Knock Off|[of] p2a: Tyranitar
|
|-weather|Sandstorm|[upkeep]
|-heal|p2a: Tyranitar|94/100 tox|[from] item: Leftovers
|-damage|p2a: Tyranitar|82/100 tox|[from] psn
|upkeep
|turn|5
|
|t:|1757787987
|switch|p2a: Mandibuzz|Mandibuzz, F|100/100
|move|p1a: Great Tusk|Close Combat|p2a: Mandibuzz
|-damage|p2a: Mandibuzz|65/100
|-unboost|p1a: Great Tusk|def|1
|-unboost|p1a: Great Tusk|spd|1
|
|-weather|Sandstorm|[upkeep]
|upkeep
|turn|6
|
|t:|1757788004
|-end|p1a: Great Tusk|Protosynthesis|[silent]
|switch|p1a: Tinkaton|Tinkaton, F|50/100
|move|p2a: Mandibuzz|Defog|p1a: Tinkaton
|-unboost|p1a: Tinkaton|evasion|1
|-sideend|p2: Qwilfishler|Stealth Rock|[from] move: Defog|[of] p2a: Mandibuzz
|
|-weather|Sandstorm|[upkeep]
|upkeep
|turn|7
|
|t:|1757788021
|switch|p2a: Slowking|Slowking-Galar, M|100/100
|move|p1a: Tinkaton|Thunder Wave|p2a: Slowking
|-status|p2a: Slowking|par
|
|-weather|none
|upkeep
|turn|8
|
|t:|1757788028
|switch|p1a: Bellibolt|Bellibolt, M|100/100
|move|p2a: Slowking|Flamethrower|p1a: Bellibolt
|-damage|p1a: Bellibolt|80/100
|-start|p1a: Bellibolt|Charge|Flamethrower|[from] ability: Electromorphosis
|
|-heal|p1a: Bellibolt|86/100|[from] item: Leftovers
|upkeep
|turn|9
|
|t:|1757788037
|move|p1a: Bellibolt|Soak|p2a: Slowking
|-start|p2a: Slowking|typechange|Water
|move|p2a: Slowking|Sludge Bomb|p1a: Bellibolt
|-damage|p1a: Bellibolt|67/100
|-start|p1a: Bellibolt|Charge|Sludge Bomb|[from] ability: Electromorphosis
|
|-heal|p1a: Bellibolt|73/100|[from] item: Leftovers
|upkeep
|turn|10
|
|t:|1757788046
|switch|p2a: Tyranitar|Tyranitar, M|82/100 tox
|-weather|Sandstorm|[from] ability: Sand Stream|[of] p2a: Tyranitar
|move|p1a: Bellibolt|Parabolic Charge|p2a: Tyranitar
|-damage|p2a: Tyranitar|62/100 tox
|-heal|p1a: Bellibolt|83/100|[from] drain|[of] p2a: Tyranitar
|-end|p1a: Bellibolt|Charge|[silent]
|
|-weather|Sandstorm|[upkeep]
|-damage|p1a: Bellibolt|77/100|[from] Sandstorm
|-heal|p2a: Tyranitar|68/100 tox|[from] item: Leftovers
|-heal|p1a: Bellibolt|83/100|[from] item: Leftovers
|-damage|p2a: Tyranitar|62/100 tox|[from] psn
|upkeep
|turn|11
|
|t:|1757788059
|switch|p1a: Tinkaton|Tinkaton, F|50/100
|move|p2a: Tyranitar|Ice Beam|p1a: Tinkaton
|-resisted|p1a: Tinkaton
|-damage|p1a: Tinkaton|41/100
|
|-weather|Sandstorm|[upkeep]
|-heal|p2a: Tyranitar|68/100 tox|[from] item: Leftovers
|-damage|p2a: Tyranitar|55/100 tox|[from] psn
|upkeep
|turn|12
|
|t:|1757788077
|switch|p2a: Slowking|Slowking-Galar, M|100/100 par
|move|p1a: Tinkaton|Thunder Wave|p2a: Slowking
|-fail|p2a: Slowking|par
|
|-weather|Sandstorm|[upkeep]
|-damage|p2a: Slowking|94/100 par|[from] Sandstorm
|upkeep
|turn|13
|
|t:|1757788089
|switch|p1a: Bellibolt|Bellibolt, M|83/100
|move|p2a: Slowking|Sludge Bomb|p1a: Bellibolt
|-damage|p1a: Bellibolt|53/100
|-start|p1a: Bellibolt|Charge|Sludge Bomb|[from] ability: Electromorphosis
|
|-weather|Sandstorm|[upkeep]
|-damage|p1a: Bellibolt|46/100|[from] Sandstorm
|-damage|p2a: Slowking|88/100 par|[from] Sandstorm
|-heal|p1a: Bellibolt|53/100|[from] item: Leftovers
|upkeep
|turn|14
|
|t:|1757788111
|move|p1a: Bellibolt|Slack Off|p1a: Bellibolt
|-heal|p1a: Bellibolt|100/100
|move|p2a: Slowking|Sludge Bomb|p1a: Bellibolt
|-damage|p1a: Bellibolt|69/100
|-start|p1a: Bellibolt|Charge|Sludge Bomb|[from] ability: Electromorphosis
|
|-weather|none
|-heal|p1a: Bellibolt|75/100|[from] item: Leftovers
|upkeep
|turn|15
|
|t:|1757788123
|switch|p1a: Weavile|Weavile, F|100/100
|-ability|p1a: Weavile|Pressure
|move|p2a: Slowking|Sludge Bomb|p1a: Weavile
|-damage|p1a: Weavile|39/100
|-status|p1a: Weavile|psn
|
|-damage|p1a: Weavile|26/100 psn|[from] psn
|upkeep
|turn|16
|
|t:|1757788142
|switch|p2a: Alomomola|Alomomola, M|100/100
|move|p1a: Weavile|Knock Off|p2a: Alomomola
|-damage|p2a: Alomomola|74/100
|-enditem|p2a: Alomomola|Heavy-Duty Boots|[from] move: Knock Off|[of] p1a: Weavile
|
|-damage|p1a: Weavile|14/100 psn|[from] psn
|upkeep
|turn|17
|
|t:|1757788159
|switch|p1a: Enamorus|Enamorus, F|100/100
|move|p2a: Alomomola|Flip Turn|p1a: Enamorus
|-damage|p1a: Enamorus|76/100
|
|t:|1757788177
|switch|p2a: Scizor|Scizor, F|100/100|[from] Flip Turn
|
|upkeep
|turn|18
|
|t:|1757788188
|-terastallize|p1a: Enamorus|Ground
|move|p1a: Enamorus|Mystical Fire|p2a: Scizor
|-supereffective|p2a: Scizor
|-damage|p2a: Scizor|0 fnt
|faint|p2a: Scizor
|
|upkeep
|
|t:|1757788205
|switch|p2a: Iron Valiant|Iron Valiant|100/100
|turn|19
|
|t:|1757788233
|switch|p1a: Bellibolt|Bellibolt, M|75/100
|-terastallize|p2a: Iron Valiant|Fairy
|move|p2a: Iron Valiant|Moonblast|p1a: Bellibolt
|-crit|p1a: Bellibolt
|-damage|p1a: Bellibolt|0 fnt
|faint|p1a: Bellibolt
|
|upkeep
|
|t:|1757788302
|switch|p1a: Tinkaton|Tinkaton, F|41/100
|turn|20
|
|t:|1757788318
|-end|p2a: Iron Valiant|Quark Drive|[silent]
|switch|p2a: Slowking|Slowking-Galar, M|100/100 par
|move|p1a: Tinkaton|Gigaton Hammer|p2a: Slowking
|-damage|p2a: Slowking|55/100 par
|
|upkeep
|turn|21
|
|t:|1757788327
|move|p1a: Tinkaton|Stealth Rock|p2a: Slowking
|-sidestart|p2: Qwilfishler|move: Stealth Rock
|cant|p2a: Slowking|par
|
|upkeep
|turn|22
|
|t:|1757788345
|switch|p1a: Great Tusk|Great Tusk|85/100
|move|p2a: Slowking|Ice Beam|p1a: Great Tusk
|-supereffective|p1a: Great Tusk
|-damage|p1a: Great Tusk|0 fnt
|faint|p1a: Great Tusk
|-end|p1a: Great Tusk|Protosynthesis|[silent]
|
|upkeep
|
|t:|1757788354
|switch|p1a: Weavile|Weavile, F|14/100 psn
|-ability|p1a: Weavile|Pressure
|turn|23
|
|t:|1757788360
|switch|p1a: Enamorus|Enamorus, F, tera:Ground|76/100
|switch|p2a: Tyranitar|Tyranitar, M|55/100 tox
|-damage|p2a: Tyranitar|43/100 tox|[from] Stealth Rock
|-weather|Sandstorm|[from] ability: Sand Stream|[of] p2a: Tyranitar
|
|-weather|Sandstorm|[upkeep]
|-heal|p2a: Tyranitar|49/100 tox|[from] item: Leftovers
|-damage|p2a: Tyranitar|43/100 tox|[from] psn
|upkeep
|turn|24
|
|t:|1757788376
|switch|p2a: Mandibuzz|Mandibuzz, F|65/100
|move|p1a: Enamorus|Moonblast|p2a: Mandibuzz
|-supereffective|p2a: Mandibuzz
|-damage|p2a: Mandibuzz|0 fnt
|faint|p2a: Mandibuzz
|
|-weather|Sandstorm|[upkeep]
|upkeep
|
|t:|1757788391
|switch|p2a: Slowking|Slowking-Galar, M|88/100 par
|-damage|p2a: Slowking|75/100 par|[from] Stealth Rock
|turn|25
|
|t:|1757788407
|switch|p1a: Tinkaton|Tinkaton, F|41/100
|move|p2a: Slowking|Ice Beam|p1a: Tinkaton
|-resisted|p1a: Tinkaton
|-damage|p1a: Tinkaton|28/100
|
|-weather|Sandstorm|[upkeep]
|-damage|p2a: Slowking|69/100 par|[from] Sandstorm
|upkeep
|turn|26
|
|t:|1757788423
|switch|p2a: Alomomola|Alomomola, M|100/100
|-damage|p2a: Alomomola|88/100|[from] Stealth Rock
|move|p1a: Tinkaton|Gigaton Hammer|p2a: Alomomola
|-resisted|p2a: Alomomola
|-damage|p2a: Alomomola|76/100
|
|-weather|Sandstorm|[upkeep]
|-damage|p2a: Alomomola|69/100|[from] Sandstorm
|upkeep
|turn|27
|
|t:|1757788433
|move|p1a: Tinkaton|Thunder Wave|p2a: Alomomola
|-status|p2a: Alomomola|par
|move|p2a: Alomomola|Wish|p2a: Alomomola
|
|-weather|none
|upkeep
|turn|28
|
|t:|1757788444
|move|p1a: Tinkaton|Encore|p2a: Alomomola
|-start|p2a: Alomomola|Encore
|cant|p2a: Alomomola|par
|
|-heal|p2a: Alomomola|100/100 par|[from] move: Wish|[wisher] Alomomola
|upkeep
|turn|29
|
|t:|1757788456
|switch|p1a: Enamorus|Enamorus, F, tera:Ground|76/100
|move|p2a: Alomomola|Wish|p2a: Alomomola
|
|upkeep
|turn|30
|
|t:|1757788464
|switch|p2a: Slowking|Slowking-Galar, M|100/100 par
|-damage|p2a: Slowking|88/100 par|[from] Stealth Rock
|move|p1a: Enamorus|Earth Power|p2a: Slowking
|-supereffective|p2a: Slowking
|-damage|p2a: Slowking|28/100 par
|
|-heal|p2a: Slowking|96/100 par|[from] move: Wish|[wisher] Alomomola
|upkeep
|turn|31
|
|t:|1757788494
|move|p1a: Enamorus|Earth Power|p2a: Slowking
|-supereffective|p2a: Slowking
|-damage|p2a: Slowking|44/100 par
|move|p2a: Slowking|Ice Beam|p1a: Enamorus
|-supereffective|p1a: Enamorus
|-damage|p1a: Enamorus|0 fnt
|faint|p1a: Enamorus
|
|upkeep
|
|t:|1757788507
|switch|p1a: Weavile|Weavile, F|14/100 psn
|-ability|p1a: Weavile|Pressure
|turn|32
|
|t:|1757788513
|switch|p2a: Tyranitar|Tyranitar, M|43/100 tox
|-damage|p2a: Tyranitar|31/100 tox|[from] Stealth Rock
|-weather|Sandstorm|[from] ability: Sand Stream|[of] p2a: Tyranitar
|move|p1a: Weavile|Knock Off|p2a: Tyranitar
|-resisted|p2a: Tyranitar
|-damage|p2a: Tyranitar|11/100 tox
|-enditem|p2a: Tyranitar|Leftovers|[from] move: Knock Off|[of] p1a: Weavile
|
|-weather|Sandstorm|[upkeep]
|-damage|p1a: Weavile|8/100 psn|[from] Sandstorm
|-damage|p1a: Weavile|0 fnt|[from] psn
|faint|p1a: Weavile
|-damage|p2a: Tyranitar|5/100 tox|[from] psn
|upkeep
|
|t:|1757788533
|switch|p1a: Moltres|Moltres|100/100
|turn|33
|
|t:|1757788537
|move|p1a: Moltres|Flamethrower|p2a: Tyranitar
|-resisted|p2a: Tyranitar
|-damage|p2a: Tyranitar|0 fnt
|faint|p2a: Tyranitar
|
|-weather|Sandstorm|[upkeep]
|-damage|p1a: Moltres|94/100|[from] Sandstorm
|upkeep
|
|t:|1757788547
|switch|p2a: Alomomola|Alomomola, M|100/100 par
|-damage|p2a: Alomomola|88/100 par|[from] Stealth Rock
|turn|34
|
|t:|1757788560
|move|p1a: Moltres|Flamethrower|p2a: Alomomola
|-resisted|p2a: Alomomola
|-damage|p2a: Alomomola|66/100 par
|move|p2a: Alomomola|Flip Turn|p1a: Moltres
|-supereffective|p1a: Moltres
|-damage|p1a: Moltres|74/100
|
|t:|1757788567
|switch|p2a: Slowking|Slowking-Galar, M|77/100 par|[from] Flip Turn
|-damage|p2a: Slowking|64/100 par|[from] Stealth Rock
|
|-weather|Sandstorm|[upkeep]
|-damage|p1a: Moltres|68/100|[from] Sandstorm
|-damage|p2a: Slowking|58/100 par|[from] Sandstorm
|upkeep
|turn|35
|
|t:|1757788577
|switch|p2a: Alomomola|Alomomola, M|99/100 par
|-damage|p2a: Alomomola|87/100 par|[from] Stealth Rock
|move|p1a: Moltres|U-turn|p2a: Alomomola
|-damage|p2a: Alomomola|79/100 par
|
|t:|1757788582
|switch|p1a: Tinkaton|Tinkaton, F|28/100|[from] U-turn
|
|-weather|Sandstorm|[upkeep]
|-damage|p2a: Alomomola|73/100 par|[from] Sandstorm
|upkeep
|turn|36
|
|t:|1757788589
|move|p1a: Tinkaton|Gigaton Hammer|p2a: Alomomola
|-resisted|p2a: Alomomola
|-damage|p2a: Alomomola|60/100 par
|move|p2a: Alomomola|Flip Turn|p1a: Tinkaton
|-damage|p1a: Tinkaton|9/100
|
|t:|1757788598
|switch|p2a: Iron Valiant|Iron Valiant, tera:Fairy|100/100|[from] Flip Turn
|-damage|p2a: Iron Valiant|88/100|[from] Stealth Rock
|
|-weather|none
|upkeep
|turn|37
|
|t:|1757788606
|move|p2a: Iron Valiant|Thunderbolt|p1a: Tinkaton
|-damage|p1a: Tinkaton|0 fnt
|faint|p1a: Tinkaton
|
|upkeep
|-message|txgx7 forfeited.
|
|win|Qwilfishler
|raw|txgx7's rating: 1333 &rarr; <strong>1315</strong><br />(-18 for losing)
|raw|Qwilfishler's rating: 1375 &rarr; <strong>1393</strong><br />(+18 for winning)
|l|☆txgx7
|player|p1|
