|j|☆ILFangzor
|j|☆mathismathin
|t:|1757908560
|gametype|singles
|player|p1|ILFangzor|hilbert-masters|1372
|player|p2|mathismathin|hilbert|1452
|gen|9
|tier|[Gen 9] OU
|rated|
|rule|HP Percentage Mod: HP is shown in percentages
|rule|Endless Battle Clause: Forcing endless battles is banned
|rule|Species Clause: Limit one of each Pokémon
|rule|OHKO Clause: OHKO moves are banned
|rule|Evasion Items Clause: Evasion items are banned
|rule|Evasion Moves Clause: Evasion moves are banned
|rule|Evasion Abilities Clause: Evasion abilities are banned
|rule|Sleep Moves Clause: Sleep-inducing moves are banned
|clearpoke
|poke|p1|Lycanroc-Dusk, F|
|poke|p1|Sinistcha|
|poke|p1|Alomomola, F|
|poke|p1|Clodsire, F|
|poke|p1|Mandibuzz, F|
|poke|p1|Iron Crown|
|poke|p2|Mew|
|poke|p2|Primarina, F|
|poke|p2|Moltres|
|poke|p2|Chesnaught, F|
|poke|p2|Great Tusk|
|poke|p2|Dragapult, M|
|teampreview
|inactive|Battle timer is ON: inactive players will automatically lose when time's up. (requested by ILFangzor)
|
|t:|1757908574
|teamsize|p1|6
|teamsize|p2|6
|start
|switch|p1a: Iron Crown|Iron Crown|100/100
|switch|p2a: Dragapult|Dragapult, M|100/100
|turn|1
|
|t:|1757908580
|-end|p1a: Iron Crown|Quark Drive|[silent]
|switch|p1a: Mandibuzz|Mandibuzz, F|100/100
|move|p2a: Dragapult|U-turn|p1a: Mandibuzz
|-damage|p1a: Mandibuzz|76/100
|
|t:|1757908601
|switch|p2a: Primarina|Primarina, F|100/100|[from] U-turn
|
|upkeep
|turn|2
|
|t:|1757908608
|switch|p1a: Iron Crown|Iron Crown|100/100
|move|p2a: Primarina|Surf|p1a: Iron Crown
|-damage|p1a: Iron Crown|49/100
|
|upkeep
|turn|3
|
|t:|1757908618
|move|p1a: Iron Crown|Volt Switch|p2a: Primarina
|-supereffective|p2a: Primarina
|-damage|p2a: Primarina|53/100
|
|t:|1757908627
|-end|p1a: Iron Crown|Quark Drive|[silent]
|switch|p1a: Alomomola|Alomomola, F|100/100|[from] Volt Switch
|move|p2a: Primarina|Surf|p1a: Alomomola
|-resisted|p1a: Alomomola
|-damage|p1a: Alomomola|71/100
|
|-heal|p1a: Alomomola|77/100|[from] item: Leftovers
|upkeep
|turn|4
|inactive|mathismathin has 120 seconds left.
|
|t:|1757908668
|move|p2a: Primarina|Moonblast|p1a: Alomomola
|-damage|p1a: Alomomola|12/100
|move|p1a: Alomomola|Flip Turn|p2a: Primarina
|-resisted|p2a: Primarina
|-damage|p2a: Primarina|42/100
|
|t:|1757908677
|switch|p1a: Iron Crown|Iron Crown|49/100|[from] Flip Turn
|
|upkeep
|turn|5
|inactive|mathismathin has 120 seconds left.
|
|t:|1757908682
|move|p1a: Iron Crown|Psyshock|p2a: Primarina
|-damage|p2a: Primarina|0 fnt
|faint|p2a: Primarina
|
|upkeep
|inactive|mathismathin has 120 seconds left.
|
|t:|1757908688
|switch|p2a: Dragapult|Dragapult, M|100/100
|turn|6
|
|t:|1757908693
|-end|p1a: Iron Crown|Quark Drive|[silent]
|switch|p1a: Clodsire|Clodsire, F|100/100
|move|p2a: Dragapult|Dragon Darts|p1a: Clodsire
|-damage|p1a: Clodsire|58/100
|-anim|p2a: Dragapult|Dragon Darts|p1a: Clodsire
|-damage|p1a: Clodsire|20/100
|
|-heal|p1a: Clodsire|26/100|[from] item: Leftovers
|upkeep
|turn|7
|
|t:|1757908707
|switch|p1a: Sinistcha|Sinistcha|100/100
|move|p2a: Dragapult|Dragon Darts|p1a: Sinistcha
|-damage|p1a: Sinistcha|73/100
|-anim|p2a: Dragapult|Dragon Darts|p1a: Sinistcha
|-damage|p1a: Sinistcha|48/100
|
|-heal|p1a: Sinistcha|55/100|[from] item: Leftovers
|upkeep
|turn|8
|
|t:|1757908720
|switch|p2a: Moltres|Moltres|100/100
|move|p1a: Sinistcha|Strength Sap|p2a: Moltres
|-unboost|p2a: Moltres|atk|1
|-heal|p1a: Sinistcha|100/100
|
|upkeep
|turn|9
|
|t:|1757908729
|switch|p1a: Mandibuzz|Mandibuzz, F|76/100
|move|p2a: Moltres|Hurricane|p1a: Mandibuzz
|-damage|p1a: Mandibuzz|43/100
|-start|p1a: Mandibuzz|confusion
|
|upkeep
|turn|10
|
|t:|1757908738
|move|p2a: Moltres|Fire Blast|p1a: Mandibuzz
|-damage|p1a: Mandibuzz|6/100
|-activate|p1a: Mandibuzz|confusion
|-damage|p1a: Mandibuzz|1/100|[from] confusion
|
|upkeep
|turn|11
|
|t:|1757908755
|switch|p1a: Alomomola|Alomomola, F|45/100
|move|p2a: Moltres|Fire Blast|p1a: Alomomola
|-resisted|p1a: Alomomola
|-damage|p1a: Alomomola|10/100
|
|-heal|p1a: Alomomola|16/100|[from] item: Leftovers
|upkeep
|turn|12
|
|t:|1757908759
|move|p1a: Alomomola|Protect|p1a: Alomomola
|-singleturn|p1a: Alomomola|Protect
|move|p2a: Moltres|Scorching Sands|p1a: Alomomola
|-activate|p1a: Alomomola|move: Protect
|
|-heal|p1a: Alomomola|22/100|[from] item: Leftovers
|upkeep
|turn|13
|inactive|mathismathin has 120 seconds left.
|
|t:|1757908789
|switch|p1a: Lycanroc|Lycanroc-Dusk, F|100/100
|move|p2a: Moltres|Scorching Sands|p1a: Lycanroc
|-supereffective|p1a: Lycanroc
|-damage|p1a: Lycanroc|17/100
|-status|p1a: Lycanroc|brn
|
|-damage|p1a: Lycanroc|10/100 brn|[from] brn
|upkeep
|turn|14
|
|t:|1757908797
|switch|p2a: Chesnaught|Chesnaught, F|100/100
|move|p1a: Lycanroc|Accelerock|p2a: Chesnaught
|-resisted|p2a: Chesnaught
|-damage|p2a: Chesnaught|95/100
|-damage|p1a: Lycanroc|0 fnt|[from] item: Rocky Helmet|[of] p2a: Chesnaught
|faint|p1a: Lycanroc
|
|upkeep
|
|t:|1757908801
|switch|p1a: Sinistcha|Sinistcha|100/100
|turn|15
|inactive|mathismathin has 120 seconds left.
|
|t:|1757908852
|switch|p2a: Moltres|Moltres|100/100
|move|p1a: Sinistcha|Calm Mind|p1a: Sinistcha
|-boost|p1a: Sinistcha|spa|1
|-boost|p1a: Sinistcha|spd|1
|
|upkeep
|turn|16
|
|t:|1757908859
|move|p2a: Moltres|Hurricane|p1a: Sinistcha|[miss]
|-miss|p2a: Moltres|p1a: Sinistcha
|move|p1a: Sinistcha|Calm Mind|p1a: Sinistcha
|-boost|p1a: Sinistcha|spa|1
|-boost|p1a: Sinistcha|spd|1
|
|upkeep
|turn|17
|
|t:|1757908873
|move|p2a: Moltres|Hurricane|p1a: Sinistcha
|-supereffective|p1a: Sinistcha
|-damage|p1a: Sinistcha|33/100
|-start|p1a: Sinistcha|confusion
|-activate|p1a: Sinistcha|confusion
|move|p1a: Sinistcha|Calm Mind|p1a: Sinistcha
|-boost|p1a: Sinistcha|spa|1
|-boost|p1a: Sinistcha|spd|1
|
|-heal|p1a: Sinistcha|39/100|[from] item: Leftovers
|upkeep
|turn|18
|
|t:|1757908881
|-terastallize|p1a: Sinistcha|Dark
|move|p2a: Moltres|Hurricane|p1a: Sinistcha
|-damage|p1a: Sinistcha|10/100
|-activate|p1a: Sinistcha|confusion
|move|p1a: Sinistcha|Strength Sap|p2a: Moltres
|-unboost|p2a: Moltres|atk|1
|-heal|p1a: Sinistcha|64/100
|
|-heal|p1a: Sinistcha|70/100|[from] item: Leftovers
|upkeep
|turn|19
|inactive|mathismathin has 120 seconds left.
|
|t:|1757908911
|move|p2a: Moltres|Hurricane|p1a: Sinistcha|[miss]
|-miss|p2a: Moltres|p1a: Sinistcha
|-end|p1a: Sinistcha|confusion
|move|p1a: Sinistcha|Strength Sap|p2a: Moltres
|-unboost|p2a: Moltres|atk|1
|-heal|p1a: Sinistcha|100/100
|
|upkeep
|turn|20
|
|t:|1757908918
|switch|p2a: Mew|Mew|100/100
|move|p1a: Sinistcha|Calm Mind|p1a: Sinistcha
|-boost|p1a: Sinistcha|spa|1
|-boost|p1a: Sinistcha|spd|1
|
|upkeep
|turn|21
|
|t:|1757908923
|move|p2a: Mew|Trick|p1a: Sinistcha
|-activate|p2a: Mew|move: Trick|[of] p1a: Sinistcha
|-item|p1a: Sinistcha|Choice Scarf|[from] move: Trick
|-item|p2a: Mew|Leftovers|[from] move: Trick
|move|p1a: Sinistcha|Shadow Ball|p2a: Mew
|-supereffective|p2a: Mew
|-crit|p2a: Mew
|-damage|p2a: Mew|0 fnt
|faint|p2a: Mew
|
|upkeep
|
|t:|1757908925
|switch|p2a: Chesnaught|Chesnaught, F|95/100
|turn|22
|
|t:|1757908928
|move|p1a: Sinistcha|Shadow Ball|p2a: Chesnaught
|-immune|p2a: Chesnaught|[from] ability: Bulletproof
|move|p2a: Chesnaught|Spikes|p1a: Sinistcha
|-sidestart|p1: ILFangzor|Spikes
|
|upkeep
|turn|23
|
|t:|1757908939
|switch|p1a: Iron Crown|Iron Crown|49/100
|-damage|p1a: Iron Crown|37/100|[from] Spikes
|move|p2a: Chesnaught|Spikes|p1a: Iron Crown
|-sidestart|p1: ILFangzor|Spikes
|
|upkeep
|turn|24
|
|t:|1757908947
|switch|p2a: Moltres|Moltres|100/100
|move|p1a: Iron Crown|Psyshock|p2a: Moltres
|-damage|p2a: Moltres|37/100
|
|upkeep
|turn|25
|l|☆ILFangzor
|inactive|ILFangzor disconnected and has a minute to reconnect!
|player|p1|
|j|☆ILFangzor
|inactive|ILFangzor reconnected and has 115 seconds left.
|player|p1|ILFangzor|hilbert-masters|
|
|t:|1757908986
|move|p1a: Iron Crown|Psyshock|p2a: Moltres
|-damage|p2a: Moltres|0 fnt
|faint|p2a: Moltres
|
|upkeep
|
|t:|1757908998
|switch|p2a: Dragapult|Dragapult, M|100/100
|turn|26
|
|t:|1757909004
|-terastallize|p2a: Dragapult|Ghost
|move|p2a: Dragapult|Tera Blast|p1a: Iron Crown|[anim] Tera Blast Ghost
|-supereffective|p1a: Iron Crown
|-damage|p1a: Iron Crown|0 fnt
|faint|p1a: Iron Crown
|-end|p1a: Iron Crown|Quark Drive|[silent]
|
|upkeep
|
|t:|1757909010
|switch|p1a: Sinistcha|Sinistcha, tera:Dark|100/100
|-damage|p1a: Sinistcha|84/100|[from] Spikes
|turn|27
|
|t:|1757909014
|switch|p2a: Chesnaught|Chesnaught, F|95/100
|switch|p1a: Alomomola|Alomomola, F|56/100
|-damage|p1a: Alomomola|39/100|[from] Spikes
|
|-heal|p1a: Alomomola|45/100|[from] item: Leftovers
|upkeep
|turn|28
|
|t:|1757909019
|move|p2a: Chesnaught|Iron Defense|p2a: Chesnaught
|-boost|p2a: Chesnaught|def|2
|move|p1a: Alomomola|Wish|p1a: Alomomola
|
|-heal|p1a: Alomomola|51/100|[from] item: Leftovers
|upkeep
|turn|29
|
|t:|1757909023
|move|p2a: Chesnaught|Body Press|p1a: Alomomola
|-damage|p1a: Alomomola|4/100
|move|p1a: Alomomola|Flip Turn|p2a: Chesnaught
|-resisted|p2a: Chesnaught
|-damage|p2a: Chesnaught|93/100
|-damage|p1a: Alomomola|0 fnt|[from] item: Rocky Helmet|[of] p2a: Chesnaught
|faint|p1a: Alomomola
|
|upkeep
|
|t:|1757909027
|switch|p1a: Mandibuzz|Mandibuzz, F|1/100
|turn|30
|
|t:|1757909050
|move|p1a: Mandibuzz|Defog|p2a: Chesnaught
|-unboost|p2a: Chesnaught|evasion|1
|-sideend|p1: ILFangzor|Spikes|[from] move: Defog|[of] p1a: Mandibuzz
|move|p2a: Chesnaught|Body Press|p1a: Mandibuzz
|-damage|p1a: Mandibuzz|0 fnt
|faint|p1a: Mandibuzz
|
|upkeep
|
|t:|1757909057
|switch|p1a: Clodsire|Clodsire, F|26/100
|turn|31
|
|t:|1757909065
|move|p2a: Chesnaught|Body Press|p1a: Clodsire
|-resisted|p1a: Clodsire
|-damage|p1a: Clodsire|3/100
|move|p1a: Clodsire|Recover|p1a: Clodsire
|-heal|p1a: Clodsire|53/100
|
|-heal|p1a: Clodsire|59/100|[from] item: Leftovers
|upkeep
|turn|32
|
|t:|1757909069
|switch|p2a: Great Tusk|Great Tusk|100/100
|move|p1a: Clodsire|Toxic|p2a: Great Tusk
|-status|p2a: Great Tusk|tox
|
|-heal|p1a: Clodsire|66/100|[from] item: Leftovers
|-damage|p2a: Great Tusk|94/100 tox|[from] psn
|upkeep
|turn|33
|
|t:|1757909073
|switch|p1a: Sinistcha|Sinistcha, tera:Dark|84/100
|move|p2a: Great Tusk|Headlong Rush|p1a: Sinistcha
|-damage|p1a: Sinistcha|43/100
|-unboost|p2a: Great Tusk|def|1
|-unboost|p2a: Great Tusk|spd|1
|
|-damage|p2a: Great Tusk|82/100 tox|[from] psn
|upkeep
|turn|34
|
|t:|1757909081
|-end|p2a: Great Tusk|Protosynthesis|[silent]
|switch|p2a: Chesnaught|Chesnaught, F|93/100
|move|p1a: Sinistcha|Matcha Gotcha|p2a: Chesnaught
|-resisted|p2a: Chesnaught
|-damage|p2a: Chesnaught|76/100
|-heal|p1a: Sinistcha|53/100|[from] drain|[of] p2a: Chesnaught
|
|upkeep
|turn|35
|
|t:|1757909104
|move|p1a: Sinistcha|Matcha Gotcha|p2a: Chesnaught|[miss]
|-miss|p1a: Sinistcha|p2a: Chesnaught
|move|p2a: Chesnaught|Spikes|p1a: Sinistcha
|-sidestart|p1: ILFangzor|Spikes
|
|upkeep
|turn|36
|
|t:|1757909108
|switch|p1a: Clodsire|Clodsire, F|66/100
|-damage|p1a: Clodsire|53/100|[from] Spikes
|move|p2a: Chesnaught|Body Press|p1a: Clodsire
|-resisted|p1a: Clodsire
|-damage|p1a: Clodsire|28/100
|
|-heal|p1a: Clodsire|35/100|[from] item: Leftovers
|upkeep
|turn|37
|
|t:|1757909113
|switch|p2a: Great Tusk|Great Tusk|82/100 tox
|move|p1a: Clodsire|Recover|p1a: Clodsire
|-heal|p1a: Clodsire|85/100
|
|-heal|p1a: Clodsire|91/100|[from] item: Leftovers
|-damage|p2a: Great Tusk|76/100 tox|[from] psn
|upkeep
|turn|38
|-message|ILFangzor forfeited.
|
|win|mathismathin
|raw|ILFangzor's rating: 1372 &rarr; <strong>1360</strong><br />(-12 for losing)
|raw|mathismathin's rating: 1511 &rarr; <strong>1523</strong><br />(+12 for winning)
|l|☆ILFangzor
|player|p1|
|l|☆mathismathin
|player|p2|
