|j|☆zinc182000
|j|☆will-i-am2
|t:|1757788681
|gametype|singles
|player|p1|zinc182000|1|1555
|player|p2|will-i-am2|169|1506
|gen|9
|tier|[Gen 9] OU
|rated|
|rule|HP Percentage Mod: HP is shown in percentages
|rule|Endless Battle Clause: Forcing endless battles is banned
|rule|Species Clause: Limit one of each Pokémon
|rule|OHKO Clause: OHKO moves are banned
|rule|Evasion Items Clause: Evasion items are banned
|rule|Evasion Moves Clause: Evasion moves are banned
|rule|Evasion Abilities Clause: Evasion abilities are banned
|rule|Sleep Moves Clause: Sleep-inducing moves are banned
|clearpoke
|poke|p1|Landorus-Therian, M|
|poke|p1|Samurott-Hisui, F|
|poke|p1|Pecharunt|
|poke|p1|Scizor, F|
|poke|p1|Latios, M|
|poke|p1|Zamazenta-*|
|poke|p2|Registeel|
|poke|p2|Mamoswine, F|
|poke|p2|Eelektross, M|
|poke|p2|Hydreigon, M|
|poke|p2|Slowbro, F|
|poke|p2|Mandibuzz, F|
|teampreview
|inactive|Battle timer is ON: inactive players will automatically lose when time's up. (requested by zinc182000)
|j| Dragonowl678
|inactive|will-i-am2 has 120 seconds left.
|
|t:|1757788731
|teamsize|p1|6
|teamsize|p2|6
|start
|switch|p1a: Samurott|Samurott-Hisui, F|100/100
|switch|p2a: Mamoswine|Mamoswine, F|100/100
|turn|1
|
|t:|1757788735
|switch|p2a: Mandibuzz|Mandibuzz, F|100/100
|move|p1a: Samurott|Ceaseless Edge|p2a: Mandibuzz
|-resisted|p2a: Mandibuzz
|-damage|p2a: Mandibuzz|86/100
|-damage|p1a: Samurott|84/100|[from] item: Rocky Helmet|[of] p2a: Mandibuzz
|-sidestart|p2: will-i-am2|Spikes
|
|upkeep
|turn|2
|
|t:|1757788748
|move|p1a: Samurott|Knock Off|p2a: Mandibuzz
|-resisted|p2a: Mandibuzz
|-damage|p2a: Mandibuzz|73/100
|-damage|p1a: Samurott|67/100|[from] item: Rocky Helmet|[of] p2a: Mandibuzz
|-enditem|p2a: Mandibuzz|Rocky Helmet|[from] move: Knock Off|[of] p1a: Samurott
|move|p2a: Mandibuzz|Foul Play|p1a: Samurott
|-resisted|p1a: Samurott
|-damage|p1a: Samurott|36/100
|
|upkeep
|turn|3
|
|t:|1757788755
|switch|p1a: Landorus|Landorus-Therian, M|100/100
|-ability|p1a: Landorus|Intimidate|boost
|-unboost|p2a: Mandibuzz|atk|1
|move|p2a: Mandibuzz|Defog|p1a: Landorus
|-unboost|p1a: Landorus|evasion|1
|-sideend|p2: will-i-am2|Spikes|[from] move: Defog|[of] p2a: Mandibuzz
|
|upkeep
|turn|4
|
|t:|1757788760
|move|p1a: Landorus|Smack Down|p2a: Mandibuzz
|-supereffective|p2a: Mandibuzz
|-damage|p2a: Mandibuzz|56/100
|-start|p2a: Mandibuzz|Smack Down
|move|p2a: Mandibuzz|Foul Play|p1a: Landorus
|-damage|p1a: Landorus|58/100
|-damage|p2a: Mandibuzz|39/100|[from] item: Rocky Helmet|[of] p1a: Landorus
|
|upkeep
|turn|5
|
|t:|1757788764
|switch|p2a: Slowbro|Slowbro, F|100/100
|move|p1a: Landorus|Stealth Rock|p2a: Slowbro
|-sidestart|p2: will-i-am2|move: Stealth Rock
|
|upkeep
|turn|6
|
|t:|1757788767
|move|p1a: Landorus|U-turn|p2a: Slowbro
|-supereffective|p2a: Slowbro
|-damage|p2a: Slowbro|68/100
|
|t:|1757788770
|switch|p1a: Samurott|Samurott-Hisui, F|36/100|[from] U-turn
|move|p2a: Slowbro|Scald|p1a: Samurott
|-resisted|p1a: Samurott
|-damage|p1a: Samurott|18/100
|-status|p1a: Samurott|brn
|
|-heal|p2a: Slowbro|74/100|[from] item: Leftovers
|-damage|p1a: Samurott|11/100 brn|[from] brn
|upkeep
|turn|7
|
|t:|1757788777
|move|p1a: Samurott|Ceaseless Edge|p2a: Slowbro
|-supereffective|p2a: Slowbro
|-damage|p2a: Slowbro|38/100
|-sidestart|p2: will-i-am2|Spikes
|move|p2a: Slowbro|Scald|p1a: Samurott
|-resisted|p1a: Samurott
|-damage|p1a: Samurott|0 fnt
|faint|p1a: Samurott
|
|-heal|p2a: Slowbro|44/100|[from] item: Leftovers
|upkeep
|l|☆zinc182000
|inactive|zinc182000 disconnected and has a minute to reconnect!
|player|p1|
|inactive|zinc182000 has 30 seconds to reconnect!
|inactive|zinc182000 has 20 seconds to reconnect!
|inactive|zinc182000 has 15 seconds to reconnect!
|inactive|zinc182000 has 10 seconds to reconnect!
|inactive|zinc182000 has 5 seconds to reconnect!
|-message|zinc182000 lost due to inactivity.
|
|win|will-i-am2
|raw|zinc182000's rating: 1555 &rarr; <strong>1532</strong><br />(-23 for losing)
|raw|will-i-am2's rating: 1506 &rarr; <strong>1529</strong><br />(+23 for winning)
|j|☆zinc182000
|player|p1|zinc182000|1|
|l|☆will-i-am2
|player|p2|
|l|☆zinc182000
|player|p1|
