|j|☆rbonjalemes
|j|☆fadingstrawberry
|t:|1757869351
|gametype|singles
|player|p1|rbonjalemes|dawn|1450
|player|p2|fadingstrawberry|swimmerf-gen4|1462
|gen|9
|tier|[Gen 9] OU
|rated|
|rule|HP Percentage Mod: HP is shown in percentages
|rule|Endless Battle Clause: Forcing endless battles is banned
|rule|Species Clause: Limit one of each Pokémon
|rule|OHKO Clause: OHKO moves are banned
|rule|Evasion Items Clause: Evasion items are banned
|rule|Evasion Moves Clause: Evasion moves are banned
|rule|Evasion Abilities Clause: Evasion abilities are banned
|rule|Sleep Moves Clause: Sleep-inducing moves are banned
|clearpoke
|poke|p1|Necrozma|
|poke|p1|Raging Bolt|
|poke|p1|Dragapult, F|
|poke|p1|Ninetales-Alola, M|
|poke|p1|Quaquaval, M|
|poke|p1|Iron Treads|
|poke|p2|Torkoal, F|
|poke|p2|Great Tusk|
|poke|p2|Hatterene, F|
|poke|p2|Walking Wake|
|poke|p2|Slither Wing|
|poke|p2|Alomomola, F|
|teampreview
|
|t:|1757869363
|teamsize|p1|6
|teamsize|p2|6
|start
|switch|p1a: Raging Bolt|Raging Bolt|100/100
|switch|p2a: Slither Wing|Slither Wing|100/100
|turn|1
|
|t:|1757869368
|move|p1a: Raging Bolt|Thunderbolt|p2a: Slither Wing
|-damage|p2a: Slither Wing|66/100
|move|p2a: Slither Wing|Earthquake|p1a: Raging Bolt
|-supereffective|p1a: Raging Bolt
|-damage|p1a: Raging Bolt|33/100
|
|upkeep
|turn|2
|
|t:|1757869379
|-end|p1a: Raging Bolt|Protosynthesis|[silent]
|switch|p1a: Necrozma|Necrozma|100/100
|move|p2a: Slither Wing|U-turn|p1a: Necrozma
|-supereffective|p1a: Necrozma
|-damage|p1a: Necrozma|43/100
|
|t:|1757869386
|-end|p2a: Slither Wing|Protosynthesis|[silent]
|switch|p2a: Walking Wake|Walking Wake|100/100|[from] U-turn
|
|-heal|p1a: Necrozma|49/100|[from] item: Leftovers
|upkeep
|turn|3
|
|t:|1757869393
|switch|p1a: Ninetales|Ninetales-Alola, M|100/100
|-weather|Snowscape|[from] ability: Snow Warning|[of] p1a: Ninetales
|move|p2a: Walking Wake|Hydro Steam|p1a: Ninetales
|-damage|p1a: Ninetales|34/100
|
|-weather|Snowscape|[upkeep]
|upkeep
|turn|4
|
|t:|1757869405
|switch|p1a: Raging Bolt|Raging Bolt|33/100
|move|p2a: Walking Wake|Hydro Steam|p1a: Raging Bolt
|-resisted|p1a: Raging Bolt
|-damage|p1a: Raging Bolt|5/100
|
|-weather|Snowscape|[upkeep]
|upkeep
|turn|5
|
|t:|1757869417
|move|p1a: Raging Bolt|Thunderclap|p2a: Walking Wake
|-damage|p2a: Walking Wake|45/100
|move|p2a: Walking Wake|Hydro Steam|p1a: Raging Bolt
|-resisted|p1a: Raging Bolt
|-damage|p1a: Raging Bolt|0 fnt
|faint|p1a: Raging Bolt
|-end|p1a: Raging Bolt|Protosynthesis|[silent]
|
|-weather|Snowscape|[upkeep]
|upkeep
|
|t:|1757869420
|switch|p1a: Ninetales|Ninetales-Alola, M|34/100
|turn|6
|
|t:|1757869424
|move|p2a: Walking Wake|Hydro Steam|p1a: Ninetales
|-damage|p1a: Ninetales|0 fnt
|faint|p1a: Ninetales
|
|-weather|Snowscape|[upkeep]
|upkeep
|
|t:|1757869430
|switch|p1a: Dragapult|Dragapult, F|100/100
|turn|7
|
|t:|1757869434
|-end|p2a: Walking Wake|Protosynthesis|[silent]
|switch|p2a: Torkoal|Torkoal, F|100/100
|-weather|SunnyDay|[from] ability: Drought|[of] p2a: Torkoal
|move|p1a: Dragapult|U-turn|p2a: Torkoal
|-resisted|p2a: Torkoal
|-damage|p2a: Torkoal|90/100
|
|t:|1757869438
|switch|p1a: Iron Treads|Iron Treads|100/100|[from] U-turn
|-enditem|p1a: Iron Treads|Booster Energy
|-activate|p1a: Iron Treads|ability: Quark Drive|[fromitem]
|-start|p1a: Iron Treads|quarkdriveatk
|
|-weather|SunnyDay|[upkeep]
|upkeep
|turn|8
|
|t:|1757869448
|switch|p2a: Great Tusk|Great Tusk|100/100
|-activate|p2a: Great Tusk|ability: Protosynthesis
|-start|p2a: Great Tusk|protosynthesisdef
|move|p1a: Iron Treads|Earthquake|p2a: Great Tusk
|-damage|p2a: Great Tusk|75/100
|
|-weather|SunnyDay|[upkeep]
|upkeep
|turn|9
|
|t:|1757869459
|move|p1a: Iron Treads|Ice Spinner|p2a: Great Tusk
|-supereffective|p2a: Great Tusk
|-damage|p2a: Great Tusk|50/100
|-damage|p1a: Iron Treads|84/100|[from] item: Rocky Helmet|[of] p2a: Great Tusk
|move|p2a: Great Tusk|Knock Off|p1a: Iron Treads
|-damage|p1a: Iron Treads|68/100
|
|-weather|SunnyDay|[upkeep]
|upkeep
|turn|10
|
|t:|1757869465
|move|p1a: Iron Treads|Ice Spinner|p2a: Great Tusk
|-supereffective|p2a: Great Tusk
|-damage|p2a: Great Tusk|24/100
|-damage|p1a: Iron Treads|52/100|[from] item: Rocky Helmet|[of] p2a: Great Tusk
|move|p2a: Great Tusk|Body Press|p1a: Iron Treads
|-supereffective|p1a: Iron Treads
|-damage|p1a: Iron Treads|0 fnt
|faint|p1a: Iron Treads
|-end|p1a: Iron Treads|Quark Drive|[silent]
|
|-weather|SunnyDay|[upkeep]
|upkeep
|
|t:|1757869469
|switch|p1a: Quaquaval|Quaquaval, M|100/100
|turn|11
|
|t:|1757869474
|move|p1a: Quaquaval|Close Combat|p2a: Great Tusk
|-damage|p2a: Great Tusk|6/100
|-unboost|p1a: Quaquaval|def|1
|-unboost|p1a: Quaquaval|spd|1
|-damage|p1a: Quaquaval|84/100|[from] item: Rocky Helmet|[of] p2a: Great Tusk
|move|p2a: Great Tusk|Body Press|p1a: Quaquaval
|-damage|p1a: Quaquaval|10/100
|
|-weather|SunnyDay|[upkeep]
|upkeep
|turn|12
|
|t:|1757869479
|-end|p2a: Great Tusk|Protosynthesis|[silent]
|switch|p2a: Hatterene|Hatterene, F|100/100
|move|p1a: Quaquaval|Aqua Step|p2a: Hatterene
|-damage|p2a: Hatterene|87/100
|-boost|p1a: Quaquaval|spe|1
|
|-weather|SunnyDay|[upkeep]
|-heal|p2a: Hatterene|93/100|[from] item: Leftovers
|upkeep
|turn|13
|
|t:|1757869484
|move|p1a: Quaquaval|Knock Off|p2a: Hatterene
|-crit|p2a: Hatterene
|-damage|p2a: Hatterene|62/100
|-enditem|p2a: Hatterene|Leftovers|[from] move: Knock Off|[of] p1a: Quaquaval
|move|p2a: Hatterene|Draining Kiss|p1a: Quaquaval
|-supereffective|p1a: Quaquaval
|-damage|p1a: Quaquaval|0 fnt
|-heal|p2a: Hatterene|70/100|[from] drain|[of] p1a: Quaquaval
|faint|p1a: Quaquaval
|
|-weather|SunnyDay|[upkeep]
|upkeep
|
|t:|1757869487
|switch|p1a: Dragapult|Dragapult, F|100/100
|turn|14
|
|t:|1757869489
|-terastallize|p1a: Dragapult|Ghost
|move|p1a: Dragapult|Tera Blast|p2a: Hatterene|[anim] Tera Blast Ghost
|-supereffective|p2a: Hatterene
|-damage|p2a: Hatterene|0 fnt
|faint|p2a: Hatterene
|
|-weather|none
|upkeep
|
|t:|1757869493
|switch|p2a: Torkoal|Torkoal, F|90/100
|-weather|SunnyDay|[from] ability: Drought|[of] p2a: Torkoal
|turn|15
|
|t:|1757869496
|move|p1a: Dragapult|Tera Blast|p2a: Torkoal|[anim] Tera Blast Ghost
|-damage|p2a: Torkoal|44/100
|move|p2a: Torkoal|Will-O-Wisp|p1a: Dragapult
|-status|p1a: Dragapult|brn
|
|-weather|SunnyDay|[upkeep]
|-damage|p1a: Dragapult|95/100 brn|[from] brn
|upkeep
|turn|16
|
|t:|1757869503
|move|p1a: Dragapult|Tera Blast|p2a: Torkoal|[anim] Tera Blast Ghost
|-damage|p2a: Torkoal|20/100
|move|p2a: Torkoal|Stealth Rock|p1a: Dragapult
|-sidestart|p1: rbonjalemes|move: Stealth Rock
|
|-weather|SunnyDay|[upkeep]
|-damage|p1a: Dragapult|89/100 brn|[from] brn
|upkeep
|turn|17
|
|t:|1757869508
|switch|p2a: Great Tusk|Great Tusk|6/100
|-activate|p2a: Great Tusk|ability: Protosynthesis
|-start|p2a: Great Tusk|protosynthesisdef
|move|p1a: Dragapult|Tera Blast|p2a: Great Tusk|[anim] Tera Blast Ghost
|-damage|p2a: Great Tusk|0 fnt
|faint|p2a: Great Tusk
|-end|p2a: Great Tusk|Protosynthesis|[silent]
|
|-weather|SunnyDay|[upkeep]
|-damage|p1a: Dragapult|83/100 brn|[from] brn
|upkeep
|
|t:|1757869511
|switch|p2a: Walking Wake|Walking Wake|45/100
|-activate|p2a: Walking Wake|ability: Protosynthesis
|-start|p2a: Walking Wake|protosynthesisspe
|turn|18
|
|t:|1757869515
|move|p2a: Walking Wake|Hydro Steam|p1a: Dragapult
|-damage|p1a: Dragapult|0 fnt
|faint|p1a: Dragapult
|
|-weather|SunnyDay|[upkeep]
|upkeep
|
|t:|1757869517
|switch|p1a: Necrozma|Necrozma|49/100
|-damage|p1a: Necrozma|37/100|[from] Stealth Rock
|turn|19
|
|t:|1757869519
|move|p2a: Walking Wake|Hydro Steam|p1a: Necrozma
|-damage|p1a: Necrozma|0 fnt
|faint|p1a: Necrozma
|
|win|fadingstrawberry
|raw|rbonjalemes's rating: 1450 &rarr; <strong>1431</strong><br />(-19 for losing)
|raw|fadingstrawberry's rating: 1462 &rarr; <strong>1481</strong><br />(+19 for winning)
|l|☆rbonjalemes
|player|p1|
