|j|☆MiaoOoo
|j|☆kirasai
|t:|1757903240
|gametype|singles
|player|p1|MiaoOoo|twins-gen4|1119
|player|p2|kirasai|jasmine|1144
|gen|9
|tier|[Gen 9] OU
|rated|
|rule|HP Percentage Mod: HP is shown in percentages
|rule|Endless Battle Clause: Forcing endless battles is banned
|rule|Species Clause: Limit one of each Pokémon
|rule|OHKO Clause: OHKO moves are banned
|rule|Evasion Items Clause: Evasion items are banned
|rule|Evasion Moves Clause: Evasion moves are banned
|rule|Evasion Abilities Clause: Evasion abilities are banned
|rule|Sleep Moves Clause: Sleep-inducing moves are banned
|clearpoke
|poke|p1|Pikachu-Partner, M|
|poke|p1|Dragonite, F|
|poke|p1|Grimmsnarl, M|
|poke|p1|Serperior, F|
|poke|p1|Clefable, M|
|poke|p1|Corviknight, M|
|poke|p2|Lokix, F|
|poke|p2|Hatterene, F|
|poke|p2|Indeedee-F, F|
|poke|p2|Iron Treads|
|poke|p2|Raging Bolt|
|poke|p2|Vikavolt, M|
|teampreview
|inactive|Battle timer is ON: inactive players will automatically lose when time's up. (requested by MiaoOoo)
|
|t:|1757903248
|teamsize|p1|6
|teamsize|p2|6
|start
|switch|p1a: 屌炸天|Pikachu-Partner, M, shiny|100/100
|switch|p2a: Lokix|Lokix, F|100/100
|turn|1
|l|☆MiaoOoo
|inactive|MiaoOoo disconnected and has a minute to reconnect!
|player|p1|
|j|☆MiaoOoo
|inactive|MiaoOoo reconnected and has 130 seconds left.
|player|p1|MiaoOoo|twins-gen4|
|
|t:|1757903273
|move|p2a: Lokix|U-turn|p1a: 屌炸天
|-enditem|p1a: 屌炸天|Focus Sash
|-damage|p1a: 屌炸天|1/100
|
|t:|1757903279
|switch|p2a: Iron Treads|Iron Treads|100/100|[from] U-turn
|move|p1a: 屌炸天|Endeavor|p2a: Iron Treads
|-damage|p2a: Iron Treads|1/100
|
|upkeep
|turn|2
|
|t:|1757903287
|move|p1a: 屌炸天|Quick Attack|p2a: Iron Treads
|-resisted|p2a: Iron Treads
|-damage|p2a: Iron Treads|0 fnt
|faint|p2a: Iron Treads
|-end|p2a: Iron Treads|Quark Drive|[silent]
|
|upkeep
|
|t:|1757903290
|switch|p2a: Indeedee|Indeedee-F, F|100/100
|-fieldstart|move: Psychic Terrain|[from] ability: Psychic Surge|[of] p2a: Indeedee
|turn|3
|
|t:|1757903298
|switch|p1a: Corviknight|Corviknight, M|100/100
|move|p2a: Indeedee|Hyper Voice|p1a: Corviknight
|-resisted|p1a: Corviknight
|-damage|p1a: Corviknight|81/100
|
|upkeep
|turn|4
|
|t:|1757903307
|switch|p2a: Vikavolt|Vikavolt, M|100/100
|move|p1a: Corviknight|Body Press|p2a: Vikavolt
|-resisted|p2a: Vikavolt
|-damage|p2a: Vikavolt|86/100
|
|-heal|p2a: Vikavolt|92/100|[from] item: Leftovers
|upkeep
|turn|5
|
|t:|1757903319
|switch|p1a: 屌炸天|Pikachu-Partner, M, shiny|1/100
|move|p2a: Vikavolt|Discharge|p1a: 屌炸天
|-ability|p1a: 屌炸天|Lightning Rod|boost
|-boost|p1a: 屌炸天|spa|1
|
|-heal|p2a: Vikavolt|99/100|[from] item: Leftovers
|upkeep
|turn|6
|
|t:|1757903328
|move|p1a: 屌炸天|Endeavor|p2a: Vikavolt
|-damage|p2a: Vikavolt|1/100
|move|p2a: Vikavolt|Energy Ball|p1a: 屌炸天
|-damage|p1a: 屌炸天|0 fnt
|faint|p1a: 屌炸天
|
|-heal|p2a: Vikavolt|7/100|[from] item: Leftovers
|upkeep
|
|t:|1757903338
|switch|p1a: 白色恶魔超帅|Grimmsnarl, M, shiny|100/100
|turn|7
|c|☆kirasai|that is something i dont see alot of
|
|t:|1757903349
|move|p1a: 白色恶魔超帅|Light Screen|p1a: 白色恶魔超帅
|-sidestart|p1: MiaoOoo|move: Light Screen
|move|p2a: Vikavolt|Sticky Web|p1a: 白色恶魔超帅
|-sidestart|p1: MiaoOoo|move: Sticky Web
|
|-heal|p2a: Vikavolt|13/100|[from] item: Leftovers
|-fieldend|move: Psychic Terrain
|upkeep
|turn|8
|
|t:|1757903363
|switch|p2a: Indeedee|Indeedee-F, F|100/100
|-fieldstart|move: Psychic Terrain|[from] ability: Psychic Surge|[of] p2a: Indeedee
|move|p1a: 白色恶魔超帅|Reflect|p1a: 白色恶魔超帅
|-sidestart|p1: MiaoOoo|Reflect
|
|upkeep
|turn|9
|
|t:|1757903369
|move|p1a: 白色恶魔超帅|Parting Shot|p2a: Indeedee
|-activate|p2a: Indeedee|move: Psychic Terrain
|move|p2a: Indeedee|Trick|p1a: 白色恶魔超帅
|-activate|p2a: Indeedee|move: Trick|[of] p1a: 白色恶魔超帅
|-item|p1a: 白色恶魔超帅|Choice Scarf|[from] move: Trick
|-item|p2a: Indeedee|Light Clay|[from] move: Trick
|
|upkeep
|turn|10
|
|t:|1757903377
|switch|p1a: 眼镜蛇王|Serperior, F, shiny|100/100
|-activate|p1a: 眼镜蛇王|move: Sticky Web
|-boost|p1a: 眼镜蛇王|spe|1
|move|p2a: Indeedee|Dazzling Gleam|p1a: 眼镜蛇王
|-damage|p1a: 眼镜蛇王|91/100
|
|upkeep
|turn|11
|
|t:|1757903389
|switch|p2a: Vikavolt|Vikavolt, M|13/100
|move|p1a: 眼镜蛇王|Leaf Storm|p2a: Vikavolt
|-resisted|p2a: Vikavolt
|-damage|p2a: Vikavolt|0 fnt
|-boost|p1a: 眼镜蛇王|spa|2
|faint|p2a: Vikavolt
|
|upkeep
|
|t:|1757903397
|switch|p2a: Hatterene|Hatterene, F|100/100
|turn|12
|
|t:|1757903408
|move|p1a: 眼镜蛇王|Leaf Storm|p2a: Hatterene|[miss]
|-miss|p1a: 眼镜蛇王|p2a: Hatterene
|move|p2a: Hatterene|Nuzzle|p1a: 眼镜蛇王
|-resisted|p1a: 眼镜蛇王
|-damage|p1a: 眼镜蛇王|89/100
|-status|p1a: 眼镜蛇王|par
|
|-fieldend|move: Psychic Terrain
|upkeep
|turn|13
|
|t:|1757903426
|switch|p2a: Raging Bolt|Raging Bolt|100/100
|cant|p1a: 眼镜蛇王|par
|
|upkeep
|turn|14
|
|t:|1757903432
|move|p1a: 眼镜蛇王|Leaf Storm|p2a: Raging Bolt
|-resisted|p2a: Raging Bolt
|-damage|p2a: Raging Bolt|65/100
|-boost|p1a: 眼镜蛇王|spa|2
|move|p2a: Raging Bolt|Dragon Pulse|p1a: 眼镜蛇王
|-damage|p1a: 眼镜蛇王|68/100 par
|
|-sideend|p1: MiaoOoo|move: Light Screen
|upkeep
|turn|15
|
|t:|1757903441
|move|p1a: 眼镜蛇王|Dragon Pulse|p2a: Raging Bolt
|-supereffective|p2a: Raging Bolt
|-damage|p2a: Raging Bolt|0 fnt
|faint|p2a: Raging Bolt
|-end|p2a: Raging Bolt|Protosynthesis|[silent]
|
|-sideend|p1: MiaoOoo|Reflect
|upkeep
|
|t:|1757903444
|switch|p2a: Lokix|Lokix, F|100/100
|turn|16
|
|t:|1757903452
|-terastallize|p2a: Lokix|Bug
|-terastallize|p1a: 眼镜蛇王|Steel
|move|p2a: Lokix|U-turn|p1a: 眼镜蛇王
|-resisted|p1a: 眼镜蛇王
|-damage|p1a: 眼镜蛇王|0 fnt
|faint|p1a: 眼镜蛇王
|
|t:|1757903462
|switch|p2a: Hatterene|Hatterene, F|100/100|[from] U-turn
|
|upkeep
|l|☆MiaoOoo
|inactive|MiaoOoo disconnected and has a minute to reconnect!
|player|p1|
|j|☆MiaoOoo
|inactive|MiaoOoo reconnected and has 135 seconds left.
|player|p1|MiaoOoo|twins-gen4|
|
|t:|1757903483
|switch|p1a: 土肥圆|Dragonite, F, shiny|100/100
|turn|17
|
|t:|1757903487
|move|p1a: 土肥圆|Dragon Dance|p1a: 土肥圆
|-boost|p1a: 土肥圆|atk|1
|-boost|p1a: 土肥圆|spe|1
|move|p2a: Hatterene|Dazzling Gleam|p1a: 土肥圆
|-supereffective|p1a: 土肥圆
|-damage|p1a: 土肥圆|36/100
|-enditem|p1a: 土肥圆|Weakness Policy
|-boost|p1a: 土肥圆|atk|2|[from] item: Weakness Policy
|-boost|p1a: 土肥圆|spa|2|[from] item: Weakness Policy
|
|upkeep
|turn|18
|
|t:|1757903496
|switch|p2a: Indeedee|Indeedee-F, F|100/100
|-fieldstart|move: Psychic Terrain|[from] ability: Psychic Surge|[of] p2a: Indeedee
|move|p1a: 土肥圆|Extreme Speed|p2a: Indeedee
|-activate|p2a: Indeedee|move: Psychic Terrain
|
|upkeep
|turn|19
|
|t:|1757903506
|move|p2a: Indeedee|Dazzling Gleam|p1a: 土肥圆
|-supereffective|p1a: 土肥圆
|-damage|p1a: 土肥圆|0 fnt
|faint|p1a: 土肥圆
|
|upkeep
|
|t:|1757903516
|switch|p1a: 白色恶魔超帅|Grimmsnarl, M, shiny|100/100
|-activate|p1a: 白色恶魔超帅|move: Sticky Web
|-unboost|p1a: 白色恶魔超帅|spe|1
|turn|20
|
|t:|1757903521
|move|p1a: 白色恶魔超帅|Light Screen|p1a: 白色恶魔超帅
|-sidestart|p1: MiaoOoo|move: Light Screen
|move|p2a: Indeedee|Dazzling Gleam|p1a: 白色恶魔超帅
|-supereffective|p1a: 白色恶魔超帅
|-damage|p1a: 白色恶魔超帅|85/100
|
|upkeep
|turn|21
|
|t:|1757903529
|switch|p2a: Lokix|Lokix, F, tera:Bug|100/100
|switch|p1a: Corviknight|Corviknight, M|81/100
|
|upkeep
|turn|22
|
|t:|1757903537
|move|p2a: Lokix|U-turn|p1a: Corviknight
|-resisted|p1a: Corviknight
|-damage|p1a: Corviknight|59/100
|-damage|p2a: Lokix|84/100|[from] item: Rocky Helmet|[of] p1a: Corviknight
|
|t:|1757903542
|switch|p2a: Hatterene|Hatterene, F|100/100|[from] U-turn
|move|p1a: Corviknight|U-turn|p2a: Hatterene
|-damage|p2a: Hatterene|84/100
|
|t:|1757903549
|switch|p1a: 胖可皮|Clefable, M, shiny|100/100|[from] U-turn
|-activate|p1a: 胖可皮|move: Sticky Web
|-unboost|p1a: 胖可皮|spe|1
|
|-fieldend|move: Psychic Terrain
|upkeep
|turn|23
|
|t:|1757903557
|move|p1a: 胖可皮|Cosmic Power|p1a: 胖可皮
|-boost|p1a: 胖可皮|def|1
|-boost|p1a: 胖可皮|spd|1
|move|p2a: Hatterene|Nuzzle|p1a: 胖可皮
|-damage|p1a: 胖可皮|98/100
|-status|p1a: 胖可皮|par
|
|-heal|p1a: 胖可皮|100/100 par|[from] item: Leftovers
|upkeep
|turn|24
|
|t:|1757903567
|switch|p2a: Lokix|Lokix, F, tera:Bug|84/100
|move|p1a: 胖可皮|Cosmic Power|p1a: 胖可皮
|-boost|p1a: 胖可皮|def|1
|-boost|p1a: 胖可皮|spd|1
|
|-sideend|p1: MiaoOoo|move: Light Screen
|upkeep
|turn|25
|
|t:|1757903576
|move|p2a: Lokix|Knock Off|p1a: 胖可皮
|-resisted|p1a: 胖可皮
|-damage|p1a: 胖可皮|65/100 par
|-enditem|p1a: 胖可皮|Leftovers|[from] move: Knock Off|[of] p2a: Lokix
|move|p1a: 胖可皮|Cosmic Power|p1a: 胖可皮
|-boost|p1a: 胖可皮|def|1
|-boost|p1a: 胖可皮|spd|1
|
|upkeep
|turn|26
|
|t:|1757903584
|move|p2a: Lokix|Knock Off|p1a: 胖可皮
|-resisted|p1a: 胖可皮
|-damage|p1a: 胖可皮|47/100 par
|cant|p1a: 胖可皮|par
|
|upkeep
|turn|27
|
|t:|1757903592
|switch|p2a: Hatterene|Hatterene, F|84/100
|move|p1a: 胖可皮|Moonlight|p1a: 胖可皮
|-heal|p1a: 胖可皮|97/100 par
|
|upkeep
|turn|28
|
|t:|1757903600
|move|p2a: Hatterene|Mystical Fire|p1a: 胖可皮
|-damage|p1a: 胖可皮|84/100 par
|-unboost|p1a: 胖可皮|spa|1
|move|p1a: 胖可皮|Stored Power|p2a: Hatterene
|-resisted|p2a: Hatterene
|-damage|p2a: Hatterene|73/100
|
|upkeep
|turn|29
|
|t:|1757903609
|move|p2a: Hatterene|Mystical Fire|p1a: 胖可皮
|-damage|p1a: 胖可皮|71/100 par
|-unboost|p1a: 胖可皮|spa|1
|cant|p1a: 胖可皮|par
|
|upkeep
|turn|30
|
|t:|1757903616
|move|p2a: Hatterene|Mystical Fire|p1a: 胖可皮
|-damage|p1a: 胖可皮|55/100 par
|-unboost|p1a: 胖可皮|spa|1
|move|p1a: 胖可皮|Cosmic Power|p1a: 胖可皮
|-boost|p1a: 胖可皮|def|1
|-boost|p1a: 胖可皮|spd|1
|
|upkeep
|turn|31
|
|t:|1757903624
|move|p2a: Hatterene|Mystical Fire|p1a: 胖可皮
|-damage|p1a: 胖可皮|43/100 par
|-unboost|p1a: 胖可皮|spa|1
|cant|p1a: 胖可皮|par
|
|upkeep
|turn|32
|
|t:|1757903631
|move|p2a: Hatterene|Mystical Fire|p1a: 胖可皮
|-damage|p1a: 胖可皮|32/100 par
|-unboost|p1a: 胖可皮|spa|1
|move|p1a: 胖可皮|Cosmic Power|p1a: 胖可皮
|-boost|p1a: 胖可皮|def|1
|-boost|p1a: 胖可皮|spd|1
|
|upkeep
|turn|33
|
|t:|1757903639
|move|p2a: Hatterene|Mystical Fire|p1a: 胖可皮
|-damage|p1a: 胖可皮|22/100 par
|-unboost|p1a: 胖可皮|spa|1
|move|p1a: 胖可皮|Moonlight|p1a: 胖可皮
|-heal|p1a: 胖可皮|72/100 par
|
|upkeep
|turn|34
|
|t:|1757903647
|move|p2a: Hatterene|Mystical Fire|p1a: 胖可皮
|-damage|p1a: 胖可皮|61/100 par
|move|p1a: 胖可皮|Cosmic Power|p1a: 胖可皮
|-boost|p1a: 胖可皮|def|1
|-boost|p1a: 胖可皮|spd|1
|
|upkeep
|turn|35
|
|t:|1757903654
|switch|p2a: Indeedee|Indeedee-F, F|100/100
|-fieldstart|move: Psychic Terrain|[from] ability: Psychic Surge|[of] p2a: Indeedee
|cant|p1a: 胖可皮|par
|
|upkeep
|turn|36
|
|t:|1757903661
|move|p2a: Indeedee|Hyper Voice|p1a: 胖可皮
|-damage|p1a: 胖可皮|54/100 par
|cant|p1a: 胖可皮|par
|
|upkeep
|turn|37
|
|t:|1757903666
|move|p2a: Indeedee|Hyper Voice|p1a: 胖可皮
|-damage|p1a: 胖可皮|46/100 par
|move|p1a: 胖可皮|Moonlight|p1a: 胖可皮
|-heal|p1a: 胖可皮|96/100 par
|
|upkeep
|turn|38
|
|t:|1757903673
|move|p2a: Indeedee|Hyper Voice|p1a: 胖可皮
|-damage|p1a: 胖可皮|89/100 par
|move|p1a: 胖可皮|Night Shade|p2a: Indeedee
|-immune|p2a: Indeedee
|
|upkeep
|turn|39
|
|t:|1757903681
|move|p2a: Indeedee|Energy Ball|p1a: 胖可皮
|-damage|p1a: 胖可皮|84/100 par
|cant|p1a: 胖可皮|par
|
|-fieldend|move: Psychic Terrain
|upkeep
|turn|40
|l|☆MiaoOoo
|inactive|MiaoOoo disconnected and has a minute to reconnect!
|player|p1|
|j|☆MiaoOoo
|inactive|MiaoOoo reconnected and has 135 seconds left.
|player|p1|MiaoOoo|twins-gen4|
|
|t:|1757903703
|move|p2a: Indeedee|Energy Ball|p1a: 胖可皮
|-damage|p1a: 胖可皮|79/100 par
|move|p1a: 胖可皮|Night Shade|p2a: Indeedee
|-immune|p2a: Indeedee
|
|upkeep
|turn|41
|
|t:|1757903713
|move|p2a: Indeedee|Energy Ball|p1a: 胖可皮
|-damage|p1a: 胖可皮|74/100 par
|move|p1a: 胖可皮|Stored Power|p2a: Indeedee
|-resisted|p2a: Indeedee
|-damage|p2a: Indeedee|92/100
|
|upkeep
|turn|42
|
|t:|1757903721
|switch|p2a: Hatterene|Hatterene, F|73/100
|move|p1a: 胖可皮|Stored Power|p2a: Hatterene
|-resisted|p2a: Hatterene
|-damage|p2a: Hatterene|66/100
|
|upkeep
|turn|43
|
|t:|1757903727
|move|p2a: Hatterene|Giga Drain|p1a: 胖可皮
|-damage|p1a: 胖可皮|65/100 par
|-heal|p2a: Hatterene|70/100|[from] drain|[of] p1a: 胖可皮
|move|p1a: 胖可皮|Night Shade|p2a: Hatterene
|-damage|p2a: Hatterene|39/100
|
|upkeep
|turn|44
|
|t:|1757903734
|switch|p2a: Indeedee|Indeedee-F, F|92/100
|-fieldstart|move: Psychic Terrain|[from] ability: Psychic Surge|[of] p2a: Indeedee
|move|p1a: 胖可皮|Night Shade|p2a: Indeedee
|-immune|p2a: Indeedee
|
|upkeep
|turn|45
|
|t:|1757903743
|move|p2a: Indeedee|Energy Ball|p1a: 胖可皮
|-damage|p1a: 胖可皮|60/100 par
|move|p1a: 胖可皮|Stored Power|p2a: Indeedee
|-resisted|p2a: Indeedee
|-damage|p2a: Indeedee|81/100
|
|upkeep
|turn|46
|
|t:|1757903751
|move|p2a: Indeedee|Energy Ball|p1a: 胖可皮
|-damage|p1a: 胖可皮|54/100 par
|move|p1a: 胖可皮|Stored Power|p2a: Indeedee
|-resisted|p2a: Indeedee
|-damage|p2a: Indeedee|71/100
|
|upkeep
|turn|47
|
|t:|1757903759
|move|p2a: Indeedee|Energy Ball|p1a: 胖可皮
|-damage|p1a: 胖可皮|50/100 par
|move|p1a: 胖可皮|Stored Power|p2a: Indeedee
|-resisted|p2a: Indeedee
|-damage|p2a: Indeedee|61/100
|
|upkeep
|turn|48
|
|t:|1757903766
|move|p2a: Indeedee|Energy Ball|p1a: 胖可皮
|-damage|p1a: 胖可皮|44/100 par
|move|p1a: 胖可皮|Moonlight|p1a: 胖可皮
|-heal|p1a: 胖可皮|94/100 par
|
|-fieldend|move: Psychic Terrain
|upkeep
|turn|49
|
|t:|1757903775
|move|p2a: Indeedee|Energy Ball|p1a: 胖可皮
|-damage|p1a: 胖可皮|89/100 par
|move|p1a: 胖可皮|Stored Power|p2a: Indeedee
|-resisted|p2a: Indeedee
|-damage|p2a: Indeedee|52/100
|
|upkeep
|turn|50
|
|t:|1757903782
|move|p2a: Indeedee|Energy Ball|p1a: 胖可皮
|-crit|p1a: 胖可皮
|-damage|p1a: 胖可皮|58/100 par
|move|p1a: 胖可皮|Stored Power|p2a: Indeedee
|-resisted|p2a: Indeedee
|-damage|p2a: Indeedee|43/100
|
|upkeep
|turn|51
|
|t:|1757903791
|move|p2a: Indeedee|Energy Ball|p1a: 胖可皮
|-crit|p1a: 胖可皮
|-damage|p1a: 胖可皮|26/100 par
|-unboost|p1a: 胖可皮|spd|1
|cant|p1a: 胖可皮|par
|
|upkeep
|turn|52
|
|t:|1757903798
|move|p2a: Indeedee|Energy Ball|p1a: 胖可皮
|-damage|p1a: 胖可皮|20/100 par
|move|p1a: 胖可皮|Moonlight|p1a: 胖可皮
|-heal|p1a: 胖可皮|70/100 par
|
|upkeep
|turn|53
|
|t:|1757903805
|move|p2a: Indeedee|Energy Ball|p1a: 胖可皮
|-damage|p1a: 胖可皮|65/100 par
|cant|p1a: 胖可皮|par
|
|upkeep
|turn|54
|
|t:|1757903811
|move|p2a: Indeedee|Energy Ball|p1a: 胖可皮
|-damage|p1a: 胖可皮|59/100 par
|cant|p1a: 胖可皮|par
|
|upkeep
|turn|55
|
|t:|1757903817
|move|p2a: Indeedee|Energy Ball|p1a: 胖可皮
|-damage|p1a: 胖可皮|53/100 par
|cant|p1a: 胖可皮|par
|
|upkeep
|turn|56
|
|t:|1757903822
|move|p2a: Indeedee|Energy Ball|p1a: 胖可皮
|-damage|p1a: 胖可皮|47/100 par
|cant|p1a: 胖可皮|par
|
|upkeep
|turn|57
|
|t:|1757903828
|switch|p2a: Lokix|Lokix, F, tera:Bug|84/100
|move|p1a: 胖可皮|Cosmic Power|p1a: 胖可皮
|-boost|p1a: 胖可皮|def|0
|-boost|p1a: 胖可皮|spd|1
|
|upkeep
|turn|58
|
|t:|1757903835
|move|p2a: Lokix|U-turn|p1a: 胖可皮
|-resisted|p1a: 胖可皮
|-damage|p1a: 胖可皮|30/100 par
|
|t:|1757903838
|switch|p2a: Hatterene|Hatterene, F|39/100|[from] U-turn
|cant|p1a: 胖可皮|par
|
|upkeep
|turn|59
|
|t:|1757903847
|move|p2a: Hatterene|Dazzling Gleam|p1a: 胖可皮
|-damage|p1a: 胖可皮|15/100 par
|move|p1a: 胖可皮|Moonlight|p1a: 胖可皮
|-heal|p1a: 胖可皮|65/100 par
|
|upkeep
|turn|60
|
|t:|1757903855
|switch|p2a: Indeedee|Indeedee-F, F|43/100
|-fieldstart|move: Psychic Terrain|[from] ability: Psychic Surge|[of] p2a: Indeedee
|move|p1a: 胖可皮|Night Shade|p2a: Indeedee
|-immune|p2a: Indeedee
|
|upkeep
|turn|61
|
|t:|1757903862
|move|p2a: Indeedee|Energy Ball|p1a: 胖可皮
|-damage|p1a: 胖可皮|60/100 par
|-unboost|p1a: 胖可皮|spd|1
|move|p1a: 胖可皮|Stored Power|p2a: Indeedee
|-resisted|p2a: Indeedee
|-damage|p2a: Indeedee|33/100
|
|upkeep
|turn|62
|
|t:|1757903870
|move|p2a: Indeedee|Dazzling Gleam|p1a: 胖可皮
|-damage|p1a: 胖可皮|54/100 par
|move|p1a: 胖可皮|Stored Power|p2a: Indeedee
|-resisted|p2a: Indeedee
|-damage|p2a: Indeedee|23/100
|
|upkeep
|turn|63
|
|t:|1757903877
|move|p2a: Indeedee|Dazzling Gleam|p1a: 胖可皮
|-damage|p1a: 胖可皮|48/100 par
|move|p1a: 胖可皮|Moonlight|p1a: 胖可皮
|-heal|p1a: 胖可皮|98/100 par
|
|upkeep
|turn|64
|
|t:|1757903884
|move|p2a: Indeedee|Dazzling Gleam|p1a: 胖可皮
|-damage|p1a: 胖可皮|93/100 par
|cant|p1a: 胖可皮|par
|
|-fieldend|move: Psychic Terrain
|upkeep
|turn|65
|
|t:|1757903891
|move|p2a: Indeedee|Dazzling Gleam|p1a: 胖可皮
|-damage|p1a: 胖可皮|88/100 par
|move|p1a: 胖可皮|Stored Power|p2a: Indeedee
|-resisted|p2a: Indeedee
|-damage|p2a: Indeedee|15/100
|
|upkeep
|turn|66
|
|t:|1757903898
|move|p2a: Indeedee|Hyper Voice|p1a: 胖可皮
|-damage|p1a: 胖可皮|79/100 par
|move|p1a: 胖可皮|Stored Power|p2a: Indeedee
|-resisted|p2a: Indeedee
|-damage|p2a: Indeedee|8/100
|
|upkeep
|turn|67
|
|t:|1757903904
|move|p2a: Indeedee|Hyper Voice|p1a: 胖可皮
|-damage|p1a: 胖可皮|71/100 par
|move|p1a: 胖可皮|Stored Power|p2a: Indeedee
|-resisted|p2a: Indeedee
|-damage|p2a: Indeedee|0 fnt
|faint|p2a: Indeedee
|
|upkeep
|
|t:|1757903910
|switch|p2a: Lokix|Lokix, F, tera:Bug|84/100
|turn|68
|
|t:|1757903916
|move|p2a: Lokix|U-turn|p1a: 胖可皮
|-resisted|p1a: 胖可皮
|-damage|p1a: 胖可皮|54/100 par
|
|t:|1757903919
|switch|p2a: Hatterene|Hatterene, F|39/100|[from] U-turn
|move|p1a: 胖可皮|Stored Power|p2a: Hatterene
|-resisted|p2a: Hatterene
|-damage|p2a: Hatterene|32/100
|
|upkeep
|turn|69
|
|t:|1757903927
|move|p2a: Hatterene|Dazzling Gleam|p1a: 胖可皮
|-damage|p1a: 胖可皮|37/100 par
|move|p1a: 胖可皮|Night Shade|p2a: Hatterene
|-damage|p2a: Hatterene|1/100
|
|upkeep
|turn|70
|
|t:|1757903934
|move|p2a: Hatterene|Dazzling Gleam|p1a: 胖可皮
|-damage|p1a: 胖可皮|20/100 par
|move|p1a: 胖可皮|Moonlight|p1a: 胖可皮
|-heal|p1a: 胖可皮|70/100 par
|
|upkeep
|turn|71
|
|t:|1757903941
|move|p2a: Hatterene|Dazzling Gleam|p1a: 胖可皮
|-damage|p1a: 胖可皮|54/100 par
|move|p1a: 胖可皮|Night Shade|p2a: Hatterene
|-damage|p2a: Hatterene|0 fnt
|faint|p2a: Hatterene
|
|upkeep
|
|t:|1757903956
|switch|p2a: Lokix|Lokix, F, tera:Bug|84/100
|turn|72
|
|t:|1757903959
|move|p2a: Lokix|U-turn|p1a: 胖可皮
|-resisted|p1a: 胖可皮
|-damage|p1a: 胖可皮|37/100 par
|move|p1a: 胖可皮|Stored Power|p2a: Lokix
|-damage|p2a: Lokix|58/100
|
|upkeep
|turn|73
|
|t:|1757903966
|move|p2a: Lokix|U-turn|p1a: 胖可皮
|-resisted|p1a: 胖可皮
|-damage|p1a: 胖可皮|20/100 par
|move|p1a: 胖可皮|Night Shade|p2a: Lokix
|-damage|p2a: Lokix|22/100
|
|upkeep
|turn|74
|
|t:|1757903991
|move|p2a: Lokix|U-turn|p1a: 胖可皮
|-resisted|p1a: 胖可皮
|-damage|p1a: 胖可皮|4/100 par
|move|p1a: 胖可皮|Night Shade|p2a: Lokix
|-damage|p2a: Lokix|0 fnt
|faint|p2a: Lokix
|
|win|MiaoOoo
|raw|MiaoOoo's rating: 1119 &rarr; <strong>1146</strong><br />(+27 for winning)
|raw|kirasai's rating: 1144 &rarr; <strong>1117</strong><br />(-27 for losing)
|l|☆kirasai
|player|p2|
|l|☆MiaoOoo
|player|p1|
