|j|☆ClearBolt
|j|☆LucyLikePizza
|t:|1757832417
|gametype|singles
|player|p1|ClearBolt|266|1378
|player|p2|LucyLikePizza|2|1431
|gen|9
|tier|[Gen 9] OU
|rated|
|rule|HP Percentage Mod: HP is shown in percentages
|rule|Endless Battle Clause: Forcing endless battles is banned
|rule|Species Clause: Limit one of each Pokémon
|rule|OHKO Clause: OHKO moves are banned
|rule|Evasion Items Clause: Evasion items are banned
|rule|Evasion Moves Clause: Evasion moves are banned
|rule|Evasion Abilities Clause: Evasion abilities are banned
|rule|Sleep Moves Clause: Sleep-inducing moves are banned
|clearpoke
|poke|p1|Ninetales-Alola, M|
|poke|p1|Glastrier|
|poke|p1|Enamorus, F|
|poke|p1|Pawmot, F|
|poke|p1|Darkrai|
|poke|p1|Kyurem|
|poke|p2|Zapdos|
|poke|p2|Corviknight, M|
|poke|p2|Weavile, F|
|poke|p2|Hydrapple, M|
|poke|p2|Heatran, F|
|poke|p2|Raging Bolt|
|teampreview
|inactive|Battle timer is ON: inactive players will automatically lose when time's up. (requested by ClearBolt)
|
|t:|1757832430
|teamsize|p1|6
|teamsize|p2|6
|start
|switch|p1a: Darkrai|Darkrai|100/100
|switch|p2a: Heatran|Heatran, F|100/100
|turn|1
|
|t:|1757832448
|switch|p2a: Hydrapple|Hydrapple, M|100/100
|move|p1a: Darkrai|Dark Pulse|p2a: Hydrapple
|-damage|p2a: Hydrapple|47/100
|-damage|p1a: Darkrai|91/100|[from] item: Life Orb
|
|upkeep
|turn|2
|
|t:|1757832460
|switch|p2a: Corviknight|Corviknight, M|100/100
|-ability|p2a: Corviknight|Pressure
|move|p1a: Darkrai|Dark Pulse|p2a: Corviknight
|-damage|p2a: Corviknight|49/100
|-damage|p1a: Darkrai|81/100|[from] item: Life Orb
|
|upkeep
|turn|3
|
|t:|1757832466
|move|p1a: Darkrai|Dark Pulse|p2a: Corviknight
|-damage|p2a: Corviknight|0 fnt
|faint|p2a: Corviknight
|-damage|p1a: Darkrai|71/100|[from] item: Life Orb
|
|upkeep
|
|t:|1757832475
|switch|p2a: Weavile|Weavile, F|100/100
|-ability|p2a: Weavile|Pressure
|turn|4
|
|t:|1757832494
|move|p1a: Darkrai|Dark Pulse|p2a: Weavile
|-resisted|p2a: Weavile
|-damage|p2a: Weavile|59/100
|-damage|p1a: Darkrai|61/100|[from] item: Life Orb
|move|p2a: Weavile|Icicle Crash|p1a: Darkrai
|-damage|p1a: Darkrai|0 fnt
|faint|p1a: Darkrai
|
|upkeep
|
|t:|1757832509
|switch|p1a: Pawmot|Pawmot, F|100/100
|turn|5
|
|t:|1757832534
|move|p1a: Pawmot|Fake Out|p2a: Weavile
|-damage|p2a: Weavile|36/100
|cant|p2a: Weavile|flinch
|
|upkeep
|turn|6
|
|t:|1757832540
|move|p2a: Weavile|Icicle Crash|p1a: Pawmot
|-damage|p1a: Pawmot|0 fnt
|faint|p1a: Pawmot
|
|upkeep
|
|t:|1757832548
|switch|p1a: Ninetales|Ninetales-Alola, M|100/100
|-weather|Snowscape|[from] ability: Snow Warning|[of] p1a: Ninetales
|turn|7
|
|t:|1757832555
|switch|p2a: Heatran|Heatran, F|100/100
|move|p1a: Ninetales|Aurora Veil|p1a: Ninetales
|-sidestart|p1: ClearBolt|move: Aurora Veil
|
|-weather|Snowscape|[upkeep]
|upkeep
|turn|8
|
|t:|1757832561
|switch|p1a: Glastrier|Glastrier|100/100
|move|p2a: Heatran|Taunt|p1a: Glastrier
|-start|p1a: Glastrier|move: Taunt
|
|-weather|Snowscape|[upkeep]
|upkeep
|turn|9
|
|t:|1757832576
|switch|p2a: Weavile|Weavile, F|36/100
|-ability|p2a: Weavile|Pressure
|move|p1a: Glastrier|High Horsepower|p2a: Weavile
|-damage|p2a: Weavile|0 fnt
|faint|p2a: Weavile
|-ability|p1a: Glastrier|Chilling Neigh|boost
|-boost|p1a: Glastrier|atk|1
|
|-weather|Snowscape|[upkeep]
|upkeep
|
|t:|1757832585
|switch|p2a: Zapdos|Zapdos|100/100
|turn|10
|
|t:|1757832590
|-terastallize|p2a: Zapdos|Steel
|move|p2a: Zapdos|Heat Wave|p1a: Glastrier
|-supereffective|p1a: Glastrier
|-damage|p1a: Glastrier|77/100
|move|p1a: Glastrier|Icicle Crash|p2a: Zapdos|[miss]
|-miss|p1a: Glastrier|p2a: Zapdos
|
|-weather|Snowscape|[upkeep]
|-end|p1a: Glastrier|move: Taunt
|upkeep
|turn|11
|
|t:|1757832603
|switch|p2a: Hydrapple|Hydrapple, M|80/100
|move|p1a: Glastrier|Close Combat|p2a: Hydrapple
|-damage|p2a: Hydrapple|28/100
|-unboost|p1a: Glastrier|def|1
|-unboost|p1a: Glastrier|spd|1
|-damage|p1a: Glastrier|60/100|[from] item: Rocky Helmet|[of] p2a: Hydrapple
|
|-weather|none
|upkeep
|turn|12
|
|t:|1757832611
|move|p2a: Hydrapple|Fickle Beam|p1a: Glastrier|[anim] Fickle Beam All Out
|-activate|p2a: Hydrapple|move: Fickle Beam
|-damage|p1a: Glastrier|11/100
|move|p1a: Glastrier|Icicle Crash|p2a: Hydrapple
|-supereffective|p2a: Hydrapple
|-damage|p2a: Hydrapple|0 fnt
|faint|p2a: Hydrapple
|-ability|p1a: Glastrier|Chilling Neigh|boost
|-boost|p1a: Glastrier|atk|1
|
|upkeep
|
|t:|1757832614
|switch|p2a: Zapdos|Zapdos, tera:Steel|100/100
|turn|13
|
|t:|1757832622
|switch|p1a: Kyurem|Kyurem|100/100
|-ability|p1a: Kyurem|Pressure
|move|p2a: Zapdos|Thunderbolt|p1a: Kyurem
|-resisted|p1a: Kyurem
|-damage|p1a: Kyurem|91/100
|
|upkeep
|turn|14
|
|t:|1757832629
|move|p1a: Kyurem|Earth Power|p2a: Zapdos
|-supereffective|p2a: Zapdos
|-damage|p2a: Zapdos|35/100
|-unboost|p2a: Zapdos|spd|1
|move|p2a: Zapdos|Volt Switch|p1a: Kyurem
|-resisted|p1a: Kyurem
|-damage|p1a: Kyurem|83/100
|
|t:|1757832632
|switch|p2a: Raging Bolt|Raging Bolt|100/100|[from] Volt Switch
|-enditem|p2a: Raging Bolt|Booster Energy
|-activate|p2a: Raging Bolt|ability: Protosynthesis|[fromitem]
|-start|p2a: Raging Bolt|protosynthesisspa
|
|-sideend|p1: ClearBolt|move: Aurora Veil
|upkeep
|turn|15
|
|t:|1757832636
|move|p1a: Kyurem|Earth Power|p2a: Raging Bolt
|-supereffective|p2a: Raging Bolt
|-damage|p2a: Raging Bolt|50/100
|move|p2a: Raging Bolt|Draco Meteor|p1a: Kyurem
|-supereffective|p1a: Kyurem
|-damage|p1a: Kyurem|0 fnt
|-unboost|p2a: Raging Bolt|spa|2
|faint|p1a: Kyurem
|
|upkeep
|
|t:|1757832643
|switch|p1a: Ninetales|Ninetales-Alola, M|100/100
|-weather|Snowscape|[from] ability: Snow Warning|[of] p1a: Ninetales
|turn|16
|
|t:|1757832647
|move|p1a: Ninetales|Aurora Veil|p1a: Ninetales
|-sidestart|p1: ClearBolt|move: Aurora Veil
|move|p2a: Raging Bolt|Thunderbolt|p1a: Ninetales
|-damage|p1a: Ninetales|82/100
|
|-weather|Snowscape|[upkeep]
|upkeep
|turn|17
|
|t:|1757832651
|-end|p2a: Raging Bolt|Protosynthesis|[silent]
|switch|p2a: Heatran|Heatran, F|100/100
|move|p1a: Ninetales|Moonblast|p2a: Heatran
|-resisted|p2a: Heatran
|-damage|p2a: Heatran|92/100
|
|-weather|Snowscape|[upkeep]
|-heal|p2a: Heatran|98/100|[from] item: Leftovers
|upkeep
|turn|18
|
|t:|1757832654
|switch|p1a: Enamorus|Enamorus, F|100/100
|move|p2a: Heatran|Lava Plume|p1a: Enamorus
|-damage|p1a: Enamorus|66/100
|-status|p1a: Enamorus|brn
|
|-weather|Snowscape|[upkeep]
|-heal|p2a: Heatran|100/100|[from] item: Leftovers
|-damage|p1a: Enamorus|60/100 brn|[from] brn
|upkeep
|turn|19
|
|t:|1757832661
|switch|p2a: Zapdos|Zapdos, tera:Steel|35/100
|move|p1a: Enamorus|Earth Power|p2a: Zapdos
|-supereffective|p2a: Zapdos
|-damage|p2a: Zapdos|0 fnt
|faint|p2a: Zapdos
|
|-weather|Snowscape|[upkeep]
|-damage|p1a: Enamorus|54/100 brn|[from] brn
|upkeep
|
|t:|1757832670
|switch|p2a: Raging Bolt|Raging Bolt|50/100
|turn|20
|
|t:|1757832674
|-terastallize|p1a: Enamorus|Ground
|move|p2a: Raging Bolt|Thunderclap|p1a: Enamorus
|-immune|p1a: Enamorus
|move|p1a: Enamorus|Earth Power|p2a: Raging Bolt
|-supereffective|p2a: Raging Bolt
|-damage|p2a: Raging Bolt|0 fnt
|faint|p2a: Raging Bolt
|-end|p2a: Raging Bolt|Protosynthesis|[silent]
|
|-weather|none
|-damage|p1a: Enamorus|48/100 brn|[from] brn
|upkeep
|-message|LucyLikePizza forfeited.
|
|win|ClearBolt
|raw|ClearBolt's rating: 1378 &rarr; <strong>1401</strong><br />(+23 for winning)
|raw|LucyLikePizza's rating: 1431 &rarr; <strong>1408</strong><br />(-23 for losing)
|l|☆LucyLikePizza
|player|p2|
|l|☆ClearBolt
|player|p1|
