|j|☆NecroNyan
|j|☆201254u
|t:|1757842203
|gametype|singles
|player|p1|NecroNyan|swimmer-gen4dp|1150
|player|p2|201254u|2|1168
|gen|9
|tier|[Gen 9] OU
|rated|
|rule|HP Percentage Mod: HP is shown in percentages
|rule|Endless Battle Clause: Forcing endless battles is banned
|rule|Species Clause: Limit one of each Pokémon
|rule|OHKO Clause: OHKO moves are banned
|rule|Evasion Items Clause: Evasion items are banned
|rule|Evasion Moves Clause: Evasion moves are banned
|rule|Evasion Abilities Clause: Evasion abilities are banned
|rule|Sleep Moves Clause: Sleep-inducing moves are banned
|clearpoke
|poke|p1|Ogerpon-Wellspring, F|
|poke|p1|Pelipper, M|
|poke|p1|Drednaw, F|
|poke|p1|Gholdengo|
|poke|p1|Ditto|
|poke|p1|Toxapex, F|
|poke|p2|Bellibolt, M|
|poke|p2|Porygon-Z|
|poke|p2|Oricorio-Sensu, F|
|poke|p2|Swalot, M|
|poke|p2|Araquanid, F|
|poke|p2|Primeape, M|
|teampreview
|
|t:|1757842217
|teamsize|p1|6
|teamsize|p2|6
|start
|switch|p1a: Chonky|Pelipper, M|100/100
|switch|p2a: Porygon-Z|Porygon-Z, shiny|100/100
|-weather|RainDance|[from] ability: Drizzle|[of] p1a: Chonky
|turn|1
|
|t:|1757842238
|move|p2a: Porygon-Z|Uproar|p1a: Chonky
|-damage|p1a: Chonky|20/100
|-start|p2a: Porygon-Z|Uproar
|-enditem|p2a: Porygon-Z|Throat Spray
|-boost|p2a: Porygon-Z|spa|1|[from] item: Throat Spray
|move|p1a: Chonky|U-turn|p2a: Porygon-Z
|-damage|p2a: Porygon-Z|88/100
|inactive|Battle timer is ON: inactive players will automatically lose when time's up. (requested by 201254u)
|
|t:|1757842256
|switch|p1a: ShippiShippi|Ogerpon-Wellspring, F|100/100|[from] U-turn
|
|-weather|RainDance|[upkeep]
|-start|p2a: Porygon-Z|Uproar|[upkeep]
|upkeep
|turn|2
|
|t:|1757842266
|-terastallize|p1a: ShippiShippi|Water
|detailschange|p1a: ShippiShippi|Ogerpon-Wellspring-Tera, F, tera:Water
|-ability|p1a: ShippiShippi|Embody Aspect (Wellspring)|boost
|-boost|p1a: ShippiShippi|spd|1
|move|p1a: ShippiShippi|Ivy Cudgel|p2a: Porygon-Z|[anim] Ivy Cudgel Water
|-damage|p2a: Porygon-Z|0 fnt
|faint|p2a: Porygon-Z
|
|-weather|RainDance|[upkeep]
|upkeep
|
|t:|1757842281
|switch|p2a: Swalot|Swalot, M, shiny|100/100
|turn|3
|
|t:|1757842296
|move|p1a: ShippiShippi|Swords Dance|p1a: ShippiShippi
|-boost|p1a: ShippiShippi|atk|2
|move|p2a: Swalot|Thunder Wave|p1a: ShippiShippi
|-status|p1a: ShippiShippi|par
|
|-weather|RainDance|[upkeep]
|-damage|p2a: Swalot|88/100|[from] item: Sticky Barb
|upkeep
|turn|4
|
|t:|1757842307
|cant|p1a: ShippiShippi|par
|move|p2a: Swalot|Pain Split|p1a: ShippiShippi
|-sethp|p1a: ShippiShippi|99/100 par|[from] move: Pain Split|[silent]
|-sethp|p2a: Swalot|89/100|[from] move: Pain Split
|
|-weather|RainDance|[upkeep]
|-damage|p2a: Swalot|76/100|[from] item: Sticky Barb
|upkeep
|turn|5
|
|t:|1757842314
|move|p1a: ShippiShippi|Ivy Cudgel|p2a: Swalot|[anim] Ivy Cudgel Water
|-damage|p2a: Swalot|0 fnt
|faint|p2a: Swalot
|
|-weather|RainDance|[upkeep]
|upkeep
|
|t:|1757842323
|switch|p2a: Oricorio|Oricorio-Sensu, F, shiny|100/100
|turn|6
|
|t:|1757842329
|move|p2a: Oricorio|Charm|p1a: ShippiShippi
|-unboost|p1a: ShippiShippi|atk|2
|move|p1a: ShippiShippi|Ivy Cudgel|p2a: Oricorio|[anim] Ivy Cudgel Water
|-damage|p2a: Oricorio|1/100
|-enditem|p2a: Oricorio|Kee Berry|[eat]
|-boost|p2a: Oricorio|def|1|[from] item: Kee Berry
|
|-weather|RainDance|[upkeep]
|upkeep
|turn|7
|
|t:|1757842341
|move|p2a: Oricorio|Charm|p1a: ShippiShippi
|-unboost|p1a: ShippiShippi|atk|2
|move|p1a: ShippiShippi|Ivy Cudgel|p2a: Oricorio|[anim] Ivy Cudgel Water
|-damage|p2a: Oricorio|0 fnt
|faint|p2a: Oricorio
|
|-weather|RainDance|[upkeep]
|upkeep
|
|t:|1757842351
|switch|p2a: Primeape|Primeape, M, shiny|100/100
|turn|8
|
|t:|1757842363
|switch|p1a: CharmingMan|Gholdengo, shiny|100/100
|move|p2a: Primeape|Bulk Up|p2a: Primeape
|-boost|p2a: Primeape|atk|1
|-boost|p2a: Primeape|def|1
|
|-weather|none
|upkeep
|turn|9
|
|t:|1757842379
|move|p1a: CharmingMan|Trick|p2a: Primeape
|-activate|p1a: CharmingMan|move: Trick|[of] p2a: Primeape
|-item|p2a: Primeape|Choice Scarf|[from] move: Trick
|-item|p1a: CharmingMan|Eviolite|[from] move: Trick
|move|p2a: Primeape|Taunt|p1a: CharmingMan
|-immune|p1a: CharmingMan|[from] ability: Good as Gold
|
|upkeep
|turn|10
|
|t:|1757842386
|switch|p2a: Araquanid|Araquanid, F|100/100
|move|p1a: CharmingMan|Shadow Ball|p2a: Araquanid
|-damage|p2a: Araquanid|54/100
|
|upkeep
|turn|11
|
|t:|1757842400
|move|p1a: CharmingMan|Thunderbolt|p2a: Araquanid
|-supereffective|p2a: Araquanid
|-damage|p2a: Araquanid|0 fnt
|faint|p2a: Araquanid
|
|upkeep
|
|t:|1757842403
|switch|p2a: Bellibolt|Bellibolt, M, shiny|100/100
|turn|12
|
|t:|1757842417
|move|p1a: CharmingMan|Shadow Ball|p2a: Bellibolt
|-damage|p2a: Bellibolt|73/100
|-start|p2a: Bellibolt|Charge|Shadow Ball|[from] ability: Electromorphosis
|move|p2a: Bellibolt|Charge Beam|p1a: CharmingMan
|-damage|p1a: CharmingMan|47/100
|-end|p2a: Bellibolt|Charge|[silent]
|
|upkeep
|turn|13
|
|t:|1757842426
|move|p1a: CharmingMan|Make It Rain|p2a: Bellibolt
|-resisted|p2a: Bellibolt
|-damage|p2a: Bellibolt|54/100
|-unboost|p1a: CharmingMan|spa|1
|-start|p2a: Bellibolt|Charge|Make It Rain|[from] ability: Electromorphosis
|move|p2a: Bellibolt|Parabolic Charge|p1a: CharmingMan
|-damage|p1a: CharmingMan|0 fnt
|-heal|p2a: Bellibolt|74/100|[from] drain|[of] p1a: CharmingMan
|faint|p1a: CharmingMan
|-end|p2a: Bellibolt|Charge|[silent]
|
|upkeep
|
|t:|1757842438
|switch|p1a: YourMom|Toxapex, F|100/100
|turn|14
|
|t:|1757842447
|move|p2a: Bellibolt|Charge Beam|p1a: YourMom
|-supereffective|p1a: YourMom
|-damage|p1a: YourMom|63/100
|-boost|p2a: Bellibolt|spa|1
|move|p1a: YourMom|Toxic|p2a: Bellibolt
|-status|p2a: Bellibolt|tox
|
|-heal|p1a: YourMom|69/100|[from] item: Leftovers
|-damage|p2a: Bellibolt|68/100 tox|[from] psn
|upkeep
|turn|15
|
|t:|1757842456
|move|p1a: YourMom|Protect|p1a: YourMom
|-singleturn|p1a: YourMom|Protect
|move|p2a: Bellibolt|Acid Spray|p1a: YourMom
|-activate|p1a: YourMom|move: Protect
|
|-heal|p1a: YourMom|75/100|[from] item: Leftovers
|-damage|p2a: Bellibolt|56/100 tox|[from] psn
|upkeep
|turn|16
|
|t:|1757842466
|move|p2a: Bellibolt|Parabolic Charge|p1a: YourMom
|-supereffective|p1a: YourMom
|-damage|p1a: YourMom|12/100
|-heal|p2a: Bellibolt|83/100 tox|[from] drain|[of] p1a: YourMom
|move|p1a: YourMom|Recover|p1a: YourMom
|-heal|p1a: YourMom|62/100
|
|-heal|p1a: YourMom|68/100|[from] item: Leftovers
|-damage|p2a: Bellibolt|65/100 tox|[from] psn
|upkeep
|turn|17
|
|t:|1757842476
|move|p1a: YourMom|Protect|p1a: YourMom
|-singleturn|p1a: YourMom|Protect
|move|p2a: Bellibolt|Charge Beam|p1a: YourMom
|-activate|p1a: YourMom|move: Protect
|
|-heal|p1a: YourMom|74/100|[from] item: Leftovers
|-damage|p2a: Bellibolt|40/100 tox|[from] psn
|upkeep
|turn|18
|
|t:|1757842486
|switch|p1a: LastSurprise|Ditto, shiny|100/100
|-transform|p1a: LastSurprise|p2a: Bellibolt|[from] ability: Imposter
|move|p2a: Bellibolt|Parabolic Charge|p1a: LastSurprise
|-resisted|p1a: LastSurprise
|-damage|p1a: LastSurprise|74/100
|-heal|p2a: Bellibolt|51/100 tox|[from] drain|[of] p1a: LastSurprise
|-start|p1a: LastSurprise|Charge|Parabolic Charge|[from] ability: Electromorphosis
|
|-damage|p2a: Bellibolt|20/100 tox|[from] psn
|upkeep
|turn|19
|
|t:|1757842502
|move|p1a: LastSurprise|Parabolic Charge|p2a: Bellibolt
|-resisted|p2a: Bellibolt
|-damage|p2a: Bellibolt|0 fnt
|-heal|p1a: LastSurprise|86/100|[from] drain|[of] p2a: Bellibolt
|faint|p2a: Bellibolt
|-end|p1a: LastSurprise|Charge|[silent]
|
|upkeep
|
|t:|1757842505
|switch|p2a: Primeape|Primeape, M, shiny|100/100
|turn|20
|
|t:|1757842512
|move|p2a: Primeape|Bulk Up|p2a: Primeape
|-boost|p2a: Primeape|atk|1
|-boost|p2a: Primeape|def|1
|move|p1a: LastSurprise|Parabolic Charge|p2a: Primeape
|-damage|p2a: Primeape|19/100
|-heal|p1a: LastSurprise|100/100|[from] drain|[of] p2a: Primeape
|
|upkeep
|turn|21
|-message|201254u forfeited.
|
|win|NecroNyan
|raw|NecroNyan's rating: 1150 &rarr; <strong>1176</strong><br />(+26 for winning)
|raw|201254u's rating: 1168 &rarr; <strong>1142</strong><br />(-26 for losing)
|l|☆201254u
|player|p2|
|l|☆NecroNyan
|player|p1|
