|j|☆VirtualReality19
|j|☆Husk1903
|t:|1757902037
|gametype|singles
|player|p1|VirtualReality19|169|1137
|player|p2|Husk1903|ingo|1177
|gen|9
|tier|[Gen 9] OU
|rated|
|rule|HP Percentage Mod: HP is shown in percentages
|rule|Endless Battle Clause: Forcing endless battles is banned
|rule|Species Clause: Limit one of each Pokémon
|rule|OHKO Clause: OHKO moves are banned
|rule|Evasion Items Clause: Evasion items are banned
|rule|Evasion Moves Clause: Evasion moves are banned
|rule|Evasion Abilities Clause: Evasion abilities are banned
|rule|Sleep Moves Clause: Sleep-inducing moves are banned
|clearpoke
|poke|p1|Hatterene, F|
|poke|p1|Torkoal, F|
|poke|p1|Slowking-Galar, M|
|poke|p1|Ursaluna, M|
|poke|p1|Conkeldurr, F|
|poke|p1|Cresselia, F|
|poke|p2|Haxorus, F|
|poke|p2|Iron Hands|
|poke|p2|Blaziken, M|
|poke|p2|Polteageist|
|poke|p2|Toxapex, F|
|poke|p2|Cottonee, L1, M|
|teampreview
|inactive|Battle timer is ON: inactive players will automatically lose when time's up. (requested by Husk1903)
|
|t:|1757902046
|teamsize|p1|6
|teamsize|p2|6
|start
|switch|p1a: Hatterene|Hatterene, F|100/100
|switch|p2a: Polteageist|Polteageist|100/100
|turn|1
|
|t:|1757902054
|move|p2a: Polteageist|Shell Smash|p2a: Polteageist
|-unboost|p2a: Polteageist|def|1
|-unboost|p2a: Polteageist|spd|1
|-boost|p2a: Polteageist|atk|2
|-boost|p2a: Polteageist|spa|2
|-boost|p2a: Polteageist|spe|2
|move|p1a: Hatterene|Trick Room|p1a: Hatterene
|-fieldstart|move: Trick Room|[of] p1a: Hatterene
|
|upkeep
|turn|2
|inactive|VirtualReality19 has 120 seconds left.
|
|t:|1757902091
|switch|p1a: Ursaluna|Ursaluna, M|100/100
|move|p2a: Polteageist|Shadow Ball|p1a: Ursaluna
|-immune|p1a: Ursaluna
|
|-status|p1a: Ursaluna|brn|[from] item: Flame Orb
|upkeep
|turn|3
|inactive|VirtualReality19 has 120 seconds left.
|
|t:|1757902113
|move|p1a: Ursaluna|Smack Down|p2a: Polteageist
|-damage|p2a: Polteageist|10/100
|-ability|p2a: Polteageist|Weak Armor|boost
|-unboost|p2a: Polteageist|def|1
|-boost|p2a: Polteageist|spe|2
|move|p2a: Polteageist|Stored Power|p1a: Ursaluna
|-damage|p1a: Ursaluna|0 fnt
|faint|p1a: Ursaluna
|
|upkeep
|
|t:|1757902122
|switch|p1a: Conkeldurr|Conkeldurr, F|100/100
|turn|4
|
|t:|1757902129
|switch|p2a: Toxapex|Toxapex, F|100/100
|move|p1a: Conkeldurr|Knock Off|p2a: Toxapex
|-damage|p2a: Toxapex|72/100
|-enditem|p2a: Toxapex|Leftovers|[from] move: Knock Off|[of] p1a: Conkeldurr
|
|-status|p1a: Conkeldurr|brn|[from] item: Flame Orb
|upkeep
|turn|5
|
|t:|1757902138
|move|p2a: Toxapex|Baneful Bunker|p2a: Toxapex
|-singleturn|p2a: Toxapex|move: Protect
|move|p1a: Conkeldurr|Facade|p2a: Toxapex
|-activate|p2a: Toxapex|move: Protect
|
|-damage|p1a: Conkeldurr|94/100 brn|[from] brn
|-fieldend|move: Trick Room
|upkeep
|turn|6
|inactive|VirtualReality19 has 120 seconds left.
|
|t:|1757902146
|switch|p1a: Cresselia|Cresselia, F|100/100
|move|p2a: Toxapex|Recover|p2a: Toxapex
|-heal|p2a: Toxapex|100/100
|
|upkeep
|turn|7
|
|t:|1757902152
|move|p2a: Toxapex|Toxic|p1a: Cresselia
|-status|p1a: Cresselia|tox
|move|p1a: Cresselia|Trick Room|p1a: Cresselia
|-fieldstart|move: Trick Room|[of] p1a: Cresselia
|
|-damage|p1a: Cresselia|94/100 tox|[from] psn
|upkeep
|turn|8
|
|t:|1757902166
|switch|p1a: Torkoal|Torkoal, F|100/100
|-weather|SunnyDay|[from] ability: Drought|[of] p1a: Torkoal
|move|p2a: Toxapex|Substitute|p2a: Toxapex
|-start|p2a: Toxapex|Substitute
|-damage|p2a: Toxapex|76/100
|
|-weather|SunnyDay|[upkeep]
|upkeep
|turn|9
|
|t:|1757902176
|-terastallize|p1a: Torkoal|Grass
|move|p1a: Torkoal|Solar Beam||[still]
|-prepare|p1a: Torkoal|Solar Beam
|-anim|p1a: Torkoal|Solar Beam|p2a: Toxapex
|-end|p2a: Toxapex|Substitute
|-damage|p1a: Torkoal|91/100|[from] item: Life Orb
|move|p2a: Toxapex|Toxic|p1a: Torkoal
|-status|p1a: Torkoal|tox
|
|-weather|SunnyDay|[upkeep]
|-damage|p1a: Torkoal|85/100 tox|[from] psn
|upkeep
|turn|10
|
|t:|1757902191
|move|p1a: Torkoal|Solar Beam||[still]
|-prepare|p1a: Torkoal|Solar Beam
|-anim|p1a: Torkoal|Solar Beam|p2a: Toxapex
|-damage|p2a: Toxapex|15/100
|-damage|p1a: Torkoal|75/100 tox|[from] item: Life Orb
|move|p2a: Toxapex|Recover|p2a: Toxapex
|-heal|p2a: Toxapex|65/100
|
|-weather|SunnyDay|[upkeep]
|-damage|p1a: Torkoal|62/100 tox|[from] psn
|upkeep
|turn|11
|
|t:|1757902201
|move|p2a: Toxapex|Baneful Bunker|p2a: Toxapex
|-singleturn|p2a: Toxapex|move: Protect
|move|p1a: Torkoal|Earth Power|p2a: Toxapex
|-activate|p2a: Toxapex|move: Protect
|
|-weather|SunnyDay|[upkeep]
|-damage|p1a: Torkoal|44/100 tox|[from] psn
|-fieldend|move: Trick Room
|upkeep
|turn|12
|
|t:|1757902213
|switch|p1a: Cresselia|Cresselia, F|94/100 tox
|move|p2a: Toxapex|Recover|p2a: Toxapex
|-heal|p2a: Toxapex|100/100
|
|-weather|none
|-damage|p1a: Cresselia|88/100 tox|[from] psn
|upkeep
|turn|13
|
|t:|1757902231
|move|p2a: Toxapex|Substitute|p2a: Toxapex
|-start|p2a: Toxapex|Substitute
|-damage|p2a: Toxapex|76/100
|move|p1a: Cresselia|Trick Room|p1a: Cresselia
|-fieldstart|move: Trick Room|[of] p1a: Cresselia
|
|-damage|p1a: Cresselia|76/100 tox|[from] psn
|upkeep
|turn|14
|
|t:|1757902240
|switch|p1a: Conkeldurr|Conkeldurr, F|94/100 brn
|move|p2a: Toxapex|Recover|p2a: Toxapex
|-heal|p2a: Toxapex|100/100
|
|-damage|p1a: Conkeldurr|88/100 brn|[from] brn
|upkeep
|turn|15
|
|t:|1757902248
|move|p2a: Toxapex|Baneful Bunker|p2a: Toxapex
|-singleturn|p2a: Toxapex|move: Protect
|move|p1a: Conkeldurr|Facade|p2a: Toxapex
|-activate|p2a: Toxapex|move: Protect
|
|-damage|p1a: Conkeldurr|82/100 brn|[from] brn
|upkeep
|turn|16
|
|t:|1757902256
|move|p1a: Conkeldurr|Facade|p2a: Toxapex
|-end|p2a: Toxapex|Substitute
|move|p2a: Toxapex|Toxic||[still]
|-fail|p2a: Toxapex
|
|-damage|p1a: Conkeldurr|76/100 brn|[from] brn
|upkeep
|turn|17
|
|t:|1757902264
|move|p1a: Conkeldurr|Facade|p2a: Toxapex
|-damage|p2a: Toxapex|34/100
|move|p2a: Toxapex|Substitute|p2a: Toxapex
|-start|p2a: Toxapex|Substitute
|-damage|p2a: Toxapex|10/100
|
|-damage|p1a: Conkeldurr|70/100 brn|[from] brn
|-fieldend|move: Trick Room
|upkeep
|turn|18
|
|t:|1757902281
|move|p2a: Toxapex|Recover|p2a: Toxapex
|-heal|p2a: Toxapex|60/100
|move|p1a: Conkeldurr|Facade|p2a: Toxapex
|-end|p2a: Toxapex|Substitute
|
|-damage|p1a: Conkeldurr|64/100 brn|[from] brn
|upkeep
|turn|19
|
|t:|1757902290
|switch|p1a: Slowking|Slowking-Galar, M|100/100
|move|p2a: Toxapex|Substitute|p2a: Toxapex
|-start|p2a: Toxapex|Substitute
|-damage|p2a: Toxapex|35/100
|
|upkeep
|turn|20
|
|t:|1757902299
|move|p2a: Toxapex|Recover|p2a: Toxapex
|-heal|p2a: Toxapex|85/100
|move|p1a: Slowking|Future Sight|p2a: Toxapex
|-start|p1a: Slowking|move: Future Sight
|
|upkeep
|turn|21
|
|t:|1757902308
|move|p2a: Toxapex|Baneful Bunker|p2a: Toxapex
|-singleturn|p2a: Toxapex|move: Protect
|move|p1a: Slowking|Trick Room|p1a: Slowking
|-fieldstart|move: Trick Room|[of] p1a: Slowking
|
|upkeep
|turn|22
|
|t:|1757902330
|switch|p2a: Cottonee|Cottonee, L1, M|100/100
|move|p1a: Slowking|Psychic Noise|p2a: Cottonee
|-enditem|p2a: Cottonee|Focus Sash
|-damage|p2a: Cottonee|10/100
|-start|p2a: Cottonee|move: Heal Block
|
|-end|p2a: Cottonee|move: Future Sight
|-damage|p2a: Cottonee|0 fnt
|faint|p2a: Cottonee
|upkeep
|
|t:|1757902346
|switch|p2a: Iron Hands|Iron Hands|100/100
|-enditem|p2a: Iron Hands|Booster Energy
|-activate|p2a: Iron Hands|ability: Quark Drive|[fromitem]
|-start|p2a: Iron Hands|quarkdriveatk
|turn|23
|
|t:|1757902359
|-terastallize|p2a: Iron Hands|Flying
|move|p1a: Slowking|Future Sight|p2a: Iron Hands
|-start|p1a: Slowking|move: Future Sight
|move|p2a: Iron Hands|Earthquake|p1a: Slowking
|-supereffective|p1a: Slowking
|-damage|p1a: Slowking|0 fnt
|faint|p1a: Slowking
|
|upkeep
|
|t:|1757902374
|switch|p1a: Conkeldurr|Conkeldurr, F|64/100 brn
|turn|24
|
|t:|1757902378
|move|p1a: Conkeldurr|Facade|p2a: Iron Hands
|-damage|p2a: Iron Hands|44/100
|move|p2a: Iron Hands|Drain Punch|p1a: Conkeldurr
|-damage|p1a: Conkeldurr|15/100 brn
|-heal|p2a: Iron Hands|64/100|[from] drain|[of] p1a: Conkeldurr
|
|-damage|p1a: Conkeldurr|9/100 brn|[from] brn
|upkeep
|turn|25
|
|t:|1757902389
|move|p1a: Conkeldurr|Rock Slide|p2a: Iron Hands
|-supereffective|p2a: Iron Hands
|-damage|p2a: Iron Hands|12/100
|cant|p2a: Iron Hands|flinch
|
|-end|p2a: Iron Hands|move: Future Sight
|-damage|p2a: Iron Hands|0 fnt
|faint|p2a: Iron Hands
|-end|p2a: Iron Hands|Quark Drive|[silent]
|-damage|p1a: Conkeldurr|3/100 brn|[from] brn
|-fieldend|move: Trick Room
|upkeep
|
|t:|1757902400
|switch|p2a: Blaziken|Blaziken, M|100/100
|turn|26
|
|t:|1757902405
|switch|p1a: Cresselia|Cresselia, F|76/100 tox
|move|p2a: Blaziken|Protect||[still]
|-fail|p2a: Blaziken
|
|-damage|p1a: Cresselia|70/100 tox|[from] psn
|-ability|p2a: Blaziken|Speed Boost|boost
|-boost|p2a: Blaziken|spe|1
|upkeep
|turn|27
|
|t:|1757902416
|move|p2a: Blaziken|Swords Dance|p2a: Blaziken
|-boost|p2a: Blaziken|atk|2
|move|p1a: Cresselia|Trick Room|p1a: Cresselia
|-fieldstart|move: Trick Room|[of] p1a: Cresselia
|
|-damage|p1a: Cresselia|58/100 tox|[from] psn
|-ability|p2a: Blaziken|Speed Boost|boost
|-boost|p2a: Blaziken|spe|1
|upkeep
|turn|28
|
|t:|1757902435
|move|p1a: Cresselia|Lunar Dance|p1a: Cresselia
|faint|p1a: Cresselia
|move|p2a: Blaziken|Fire Punch|p1: Cresselia|[notarget]
|-fail|p2a: Blaziken
|
|-ability|p2a: Blaziken|Speed Boost|boost
|-boost|p2a: Blaziken|spe|1
|upkeep
|
|t:|1757902442
|switch|p1a: Torkoal|Torkoal, F, tera:Grass|44/100 tox
|-heal|p1a: Torkoal|100/100|[from] move: Lunar Dance
|-weather|SunnyDay|[from] ability: Drought|[of] p1a: Torkoal
|turn|29
|
|t:|1757902448
|move|p1a: Torkoal|Earth Power|p2a: Blaziken
|-supereffective|p2a: Blaziken
|-enditem|p2a: Blaziken|Focus Sash
|-damage|p2a: Blaziken|1/100
|-damage|p1a: Torkoal|91/100|[from] item: Life Orb
|move|p2a: Blaziken|Fire Punch|p1a: Torkoal
|-supereffective|p1a: Torkoal
|-damage|p1a: Torkoal|0 fnt
|faint|p1a: Torkoal
|
|-weather|SunnyDay|[upkeep]
|-ability|p2a: Blaziken|Speed Boost|boost
|-boost|p2a: Blaziken|spe|1
|upkeep
|
|t:|1757902462
|switch|p1a: Hatterene|Hatterene, F|100/100
|turn|30
|
|t:|1757902470
|move|p2a: Blaziken|Protect|p2a: Blaziken
|-singleturn|p2a: Blaziken|Protect
|move|p1a: Hatterene|Mystical Fire|p2a: Blaziken
|-activate|p2a: Blaziken|move: Protect
|
|-weather|SunnyDay|[upkeep]
|-ability|p2a: Blaziken|Speed Boost|boost
|-boost|p2a: Blaziken|spe|1
|upkeep
|turn|31
|
|t:|1757902479
|switch|p2a: Toxapex|Toxapex, F|100/100
|move|p1a: Hatterene|Mystical Fire|p2a: Toxapex
|-resisted|p2a: Toxapex
|-damage|p2a: Toxapex|81/100
|-unboost|p2a: Toxapex|spa|1
|
|-weather|SunnyDay|[upkeep]
|-fieldend|move: Trick Room
|upkeep
|turn|32
|
|t:|1757902487
|move|p2a: Toxapex|Toxic|p1a: Hatterene
|move|p1a: Hatterene|Toxic|p2a: Toxapex|[from] ability: Magic Bounce
|-immune|p2a: Toxapex
|move|p1a: Hatterene|Trick Room|p1a: Hatterene
|-fieldstart|move: Trick Room|[of] p1a: Hatterene
|
|-weather|SunnyDay|[upkeep]
|upkeep
|turn|33
|
|t:|1757902500
|switch|p2a: Haxorus|Haxorus, F|100/100
|-ability|p2a: Haxorus|Mold Breaker
|move|p1a: Hatterene|Draining Kiss|p2a: Haxorus
|-supereffective|p2a: Haxorus
|-damage|p2a: Haxorus|10/100
|
|-weather|none
|upkeep
|turn|34
|
|t:|1757902515
|move|p1a: Hatterene|Draining Kiss|p2a: Haxorus
|-supereffective|p2a: Haxorus
|-damage|p2a: Haxorus|0 fnt
|faint|p2a: Haxorus
|
|upkeep
|
|t:|1757902533
|switch|p2a: Polteageist|Polteageist|10/100
|turn|35
|
|t:|1757902540
|move|p1a: Hatterene|Draining Kiss|p2a: Polteageist
|-damage|p2a: Polteageist|0 fnt
|faint|p2a: Polteageist
|
|upkeep
|
|t:|1757902544
|switch|p2a: Blaziken|Blaziken, M|1/100
|turn|36
|
|t:|1757902547
|move|p2a: Blaziken|Protect|p2a: Blaziken
|-singleturn|p2a: Blaziken|Protect
|move|p1a: Hatterene|Draining Kiss|p2a: Blaziken
|-activate|p2a: Blaziken|move: Protect
|
|-fieldend|move: Trick Room
|-ability|p2a: Blaziken|Speed Boost|boost
|-boost|p2a: Blaziken|spe|1
|upkeep
|turn|37
|
|t:|1757902555
|move|p2a: Blaziken|Fire Punch|p1a: Hatterene
|-damage|p1a: Hatterene|55/100
|move|p1a: Hatterene|Trick Room|p1a: Hatterene
|-fieldstart|move: Trick Room|[of] p1a: Hatterene
|
|-heal|p1a: Hatterene|61/100|[from] item: Leftovers
|-ability|p2a: Blaziken|Speed Boost|boost
|-boost|p2a: Blaziken|spe|1
|upkeep
|turn|38
|
|t:|1757902564
|move|p2a: Blaziken|Protect|p2a: Blaziken
|-singleturn|p2a: Blaziken|Protect
|move|p1a: Hatterene|Draining Kiss|p2a: Blaziken
|-activate|p2a: Blaziken|move: Protect
|
|-heal|p1a: Hatterene|67/100|[from] item: Leftovers
|-ability|p2a: Blaziken|Speed Boost|boost
|-boost|p2a: Blaziken|spe|1
|upkeep
|turn|39
|
|t:|1757902575
|switch|p2a: Toxapex|Toxapex, F|100/100
|move|p1a: Hatterene|Draining Kiss|p2a: Toxapex
|-resisted|p2a: Toxapex
|-damage|p2a: Toxapex|87/100
|-heal|p1a: Hatterene|75/100|[from] drain|[of] p2a: Toxapex
|
|-heal|p1a: Hatterene|81/100|[from] item: Leftovers
|upkeep
|turn|40
|
|t:|1757902584
|move|p2a: Toxapex|Baneful Bunker|p2a: Toxapex
|-singleturn|p2a: Toxapex|move: Protect
|move|p1a: Hatterene|Mystical Fire|p2a: Toxapex
|-activate|p2a: Toxapex|move: Protect
|
|-heal|p1a: Hatterene|87/100|[from] item: Leftovers
|upkeep
|turn|41
|
|t:|1757902593
|move|p1a: Hatterene|Mystical Fire|p2a: Toxapex
|-resisted|p2a: Toxapex
|-damage|p2a: Toxapex|73/100
|-unboost|p2a: Toxapex|spa|1
|move|p2a: Toxapex|Substitute|p2a: Toxapex
|-start|p2a: Toxapex|Substitute
|-damage|p2a: Toxapex|48/100
|
|-heal|p1a: Hatterene|93/100|[from] item: Leftovers
|-fieldend|move: Trick Room
|upkeep
|turn|42
|
|t:|1757902602
|move|p2a: Toxapex|Recover|p2a: Toxapex
|-heal|p2a: Toxapex|98/100
|move|p1a: Hatterene|Trick Room|p1a: Hatterene
|-fieldstart|move: Trick Room|[of] p1a: Hatterene
|
|-heal|p1a: Hatterene|99/100|[from] item: Leftovers
|upkeep
|turn|43
|
|t:|1757902620
|move|p2a: Toxapex|Baneful Bunker|p2a: Toxapex
|-singleturn|p2a: Toxapex|move: Protect
|move|p1a: Hatterene|Mystical Fire|p2a: Toxapex
|-activate|p2a: Toxapex|move: Protect
|
|-heal|p1a: Hatterene|100/100|[from] item: Leftovers
|upkeep
|turn|44
|
|t:|1757902628
|move|p1a: Hatterene|Mystical Fire|p2a: Toxapex
|-resisted|p2a: Toxapex
|-activate|p2a: Toxapex|move: Substitute|[damage]
|move|p2a: Toxapex|Toxic|p1a: Hatterene
|move|p1a: Hatterene|Toxic||[from] ability: Magic Bounce|[still]
|-fail|p1a: Hatterene
|
|upkeep
|turn|45
|
|t:|1757902638
|move|p1a: Hatterene|Mystical Fire|p2a: Toxapex
|-resisted|p2a: Toxapex
|-crit|p2a: Toxapex
|-end|p2a: Toxapex|Substitute
|move|p2a: Toxapex|Substitute|p2a: Toxapex
|-start|p2a: Toxapex|Substitute
|-damage|p2a: Toxapex|73/100
|
|upkeep
|turn|46
|
|t:|1757902646
|move|p2a: Toxapex|Baneful Bunker|p2a: Toxapex
|-singleturn|p2a: Toxapex|move: Protect
|move|p1a: Hatterene|Mystical Fire|p2a: Toxapex
|-activate|p2a: Toxapex|move: Protect
|
|-fieldend|move: Trick Room
|upkeep
|turn|47
|
|t:|1757902658
|switch|p2a: Blaziken|Blaziken, M|1/100
|move|p1a: Hatterene|Trick Room|p1a: Hatterene
|-fieldstart|move: Trick Room|[of] p1a: Hatterene
|
|upkeep
|turn|48
|
|t:|1757902664
|switch|p2a: Toxapex|Toxapex, F|100/100
|move|p1a: Hatterene|Mystical Fire|p2a: Toxapex
|-resisted|p2a: Toxapex
|-crit|p2a: Toxapex
|-damage|p2a: Toxapex|81/100
|-unboost|p2a: Toxapex|spa|1
|
|upkeep
|turn|49
|
|t:|1757902676
|move|p2a: Toxapex|Baneful Bunker|p2a: Toxapex
|-singleturn|p2a: Toxapex|move: Protect
|move|p1a: Hatterene|Mystical Fire|p2a: Toxapex
|-activate|p2a: Toxapex|move: Protect
|
|upkeep
|turn|50
|
|t:|1757902681
|move|p1a: Hatterene|Mystical Fire|p2a: Toxapex
|-resisted|p2a: Toxapex
|-damage|p2a: Toxapex|68/100
|-unboost|p2a: Toxapex|spa|1
|move|p2a: Toxapex|Substitute|p2a: Toxapex
|-start|p2a: Toxapex|Substitute
|-damage|p2a: Toxapex|43/100
|
|upkeep
|turn|51
|
|t:|1757902697
|move|p1a: Hatterene|Mystical Fire|p2a: Toxapex
|-resisted|p2a: Toxapex
|-activate|p2a: Toxapex|move: Substitute|[damage]
|move|p2a: Toxapex|Recover|p2a: Toxapex
|-heal|p2a: Toxapex|93/100
|
|-fieldend|move: Trick Room
|upkeep
|turn|52
|
|t:|1757902705
|switch|p2a: Blaziken|Blaziken, M|1/100
|move|p1a: Hatterene|Trick Room|p1a: Hatterene
|-fieldstart|move: Trick Room|[of] p1a: Hatterene
|
|upkeep
|turn|53
|
|t:|1757902710
|switch|p2a: Toxapex|Toxapex, F|100/100
|move|p1a: Hatterene|Mystical Fire|p2a: Toxapex
|-resisted|p2a: Toxapex
|-crit|p2a: Toxapex
|-damage|p2a: Toxapex|81/100
|-unboost|p2a: Toxapex|spa|1
|
|upkeep
|turn|54
|
|t:|1757902722
|move|p2a: Toxapex|Baneful Bunker|p2a: Toxapex
|-singleturn|p2a: Toxapex|move: Protect
|move|p1a: Hatterene|Mystical Fire|p2a: Toxapex
|-activate|p2a: Toxapex|move: Protect
|
|upkeep
|turn|55
|
|t:|1757902730
|move|p1a: Hatterene|Mystical Fire|p2a: Toxapex
|-resisted|p2a: Toxapex
|-damage|p2a: Toxapex|67/100
|-unboost|p2a: Toxapex|spa|1
|move|p2a: Toxapex|Toxic|p1a: Hatterene
|move|p1a: Hatterene|Toxic|p2a: Toxapex|[from] ability: Magic Bounce
|-immune|p2a: Toxapex
|
|upkeep
|turn|56
|
|t:|1757902739
|move|p2a: Toxapex|Baneful Bunker|p2a: Toxapex
|-singleturn|p2a: Toxapex|move: Protect
|move|p1a: Hatterene|Mystical Fire|p2a: Toxapex
|-activate|p2a: Toxapex|move: Protect
|
|-fieldend|move: Trick Room
|upkeep
|turn|57
|
|t:|1757902749
|move|p2a: Toxapex|Baneful Bunker|p2a: Toxapex
|-singleturn|p2a: Toxapex|move: Protect
|move|p1a: Hatterene|Trick Room|p1a: Hatterene
|-fieldstart|move: Trick Room|[of] p1a: Hatterene
|
|upkeep
|turn|58
|
|t:|1757902755
|move|p1a: Hatterene|Draining Kiss|p2a: Toxapex
|-resisted|p2a: Toxapex
|-damage|p2a: Toxapex|55/100
|move|p2a: Toxapex|Substitute|p2a: Toxapex
|-start|p2a: Toxapex|Substitute
|-damage|p2a: Toxapex|30/100
|
|upkeep
|turn|59
|
|t:|1757902770
|move|p2a: Toxapex|Baneful Bunker|p2a: Toxapex
|-singleturn|p2a: Toxapex|move: Protect
|move|p1a: Hatterene|Draining Kiss|p2a: Toxapex
|-activate|p2a: Toxapex|move: Protect
|-status|p1a: Hatterene|psn
|
|-damage|p1a: Hatterene|88/100 psn|[from] psn
|upkeep
|turn|60
|
|t:|1757902780
|move|p1a: Hatterene|Draining Kiss|p2a: Toxapex
|-resisted|p2a: Toxapex
|-activate|p2a: Toxapex|move: Substitute|[damage]
|-heal|p1a: Hatterene|96/100 psn|[from] drain|[of] p2a: Toxapex
|move|p2a: Toxapex|Toxic|p1a: Hatterene
|move|p1a: Hatterene|Toxic||[from] ability: Magic Bounce|[still]
|-fail|p1a: Hatterene
|
|-heal|p1a: Hatterene|100/100 psn|[from] item: Leftovers
|-damage|p1a: Hatterene|88/100 psn|[from] psn
|upkeep
|turn|61
|
|t:|1757902791
|move|p2a: Toxapex|Baneful Bunker|p2a: Toxapex
|-singleturn|p2a: Toxapex|move: Protect
|move|p1a: Hatterene|Draining Kiss|p2a: Toxapex
|-activate|p2a: Toxapex|move: Protect
|
|-heal|p1a: Hatterene|94/100 psn|[from] item: Leftovers
|-damage|p1a: Hatterene|82/100 psn|[from] psn
|-fieldend|move: Trick Room
|upkeep
|turn|62
|
|t:|1757902802
|move|p2a: Toxapex|Substitute|p2a: Toxapex
|-fail|p2a: Toxapex|move: Substitute
|move|p1a: Hatterene|Trick Room|p1a: Hatterene
|-fieldstart|move: Trick Room|[of] p1a: Hatterene
|
|-heal|p1a: Hatterene|88/100 psn|[from] item: Leftovers
|-damage|p1a: Hatterene|76/100 psn|[from] psn
|upkeep
|turn|63
|c|☆VirtualReality19|lol
|
|t:|1757902813
|move|p2a: Toxapex|Baneful Bunker|p2a: Toxapex
|-singleturn|p2a: Toxapex|move: Protect
|move|p1a: Hatterene|Draining Kiss|p2a: Toxapex
|-activate|p2a: Toxapex|move: Protect
|
|-heal|p1a: Hatterene|82/100 psn|[from] item: Leftovers
|-damage|p1a: Hatterene|69/100 psn|[from] psn
|upkeep
|turn|64
|
|t:|1757902825
|move|p1a: Hatterene|Healing Wish|p1a: Hatterene
|faint|p1a: Hatterene
|move|p2a: Toxapex|Toxic|p1: Hatterene|[notarget]
|-fail|p2a: Toxapex
|
|upkeep
|
|t:|1757902829
|switch|p1a: Conkeldurr|Conkeldurr, F|3/100 brn
|-heal|p1a: Conkeldurr|100/100|[from] move: Healing Wish
|turn|65
|
|t:|1757902841
|move|p1a: Conkeldurr|Close Combat|p2a: Toxapex
|-resisted|p2a: Toxapex
|-end|p2a: Toxapex|Substitute
|-unboost|p1a: Conkeldurr|def|1
|-unboost|p1a: Conkeldurr|spd|1
|move|p2a: Toxapex|Toxic|p1a: Conkeldurr
|-status|p1a: Conkeldurr|tox
|
|-damage|p1a: Conkeldurr|94/100 tox|[from] psn
|upkeep
|turn|66
|
|t:|1757902852
|move|p2a: Toxapex|Baneful Bunker|p2a: Toxapex
|-singleturn|p2a: Toxapex|move: Protect
|move|p1a: Conkeldurr|Facade|p2a: Toxapex
|-activate|p2a: Toxapex|move: Protect
|
|-damage|p1a: Conkeldurr|82/100 tox|[from] psn
|-fieldend|move: Trick Room
|upkeep
|turn|67
|
|t:|1757902862
|move|p2a: Toxapex|Toxic|p1a: Conkeldurr
|-fail|p1a: Conkeldurr|tox
|move|p1a: Conkeldurr|Facade|p2a: Toxapex
|-damage|p2a: Toxapex|0 fnt
|faint|p2a: Toxapex
|
|-damage|p1a: Conkeldurr|64/100 tox|[from] psn
|upkeep
|
|t:|1757902869
|switch|p2a: Blaziken|Blaziken, M|1/100
|turn|68
|c|☆VirtualReality19|gg
|
|t:|1757902873
|move|p2a: Blaziken|Protect|p2a: Blaziken
|-singleturn|p2a: Blaziken|Protect
|move|p1a: Conkeldurr|Facade|p2a: Blaziken
|-activate|p2a: Blaziken|move: Protect
|
|-damage|p1a: Conkeldurr|40/100 tox|[from] psn
|-ability|p2a: Blaziken|Speed Boost|boost
|-boost|p2a: Blaziken|spe|1
|upkeep
|turn|69
|
|t:|1757902882
|move|p2a: Blaziken|Close Combat|p1a: Conkeldurr
|-damage|p1a: Conkeldurr|0 fnt
|-unboost|p2a: Blaziken|def|1
|-unboost|p2a: Blaziken|spd|1
|faint|p1a: Conkeldurr
|
|win|Husk1903
|raw|VirtualReality19's rating: 1137 &rarr; <strong>1115</strong><br />(-22 for losing)
|raw|Husk1903's rating: 1177 &rarr; <strong>1199</strong><br />(+22 for winning)
|l|☆VirtualReality19
|player|p1|
