|j|‽Albertsux2007
|j|☆hungrymane
|t:|1757853769
|gametype|singles
|player|p1|Albertsux2007|camper|1553
|player|p2|hungrymane|101|1603
|gen|9
|tier|[Gen 9] OU
|rated|
|rule|HP Percentage Mod: HP is shown in percentages
|rule|Endless Battle Clause: Forcing endless battles is banned
|rule|Species Clause: Limit one of each Pokémon
|rule|OHKO Clause: OHKO moves are banned
|rule|Evasion Items Clause: Evasion items are banned
|rule|Evasion Moves Clause: Evasion moves are banned
|rule|Evasion Abilities Clause: Evasion abilities are banned
|rule|Sleep Moves Clause: Sleep-inducing moves are banned
|clearpoke
|poke|p1|Kingambit, M|
|poke|p1|Ninetales-Alola, M|
|poke|p1|Reuniclus, F|
|poke|p1|Thundurus-Therian, M|
|poke|p1|Iron Valiant|
|poke|p1|Araquanid, F|
|poke|p2|Regidrago|
|poke|p2|Drifblim, F|
|poke|p2|Azelf|
|poke|p2|Samurott-Hisui, F|
|poke|p2|Mimikyu, M|
|poke|p2|Kingambit, F|
|teampreview
|
|t:|1757853775
|teamsize|p1|6
|teamsize|p2|6
|start
|switch|p1a: Ninetales|Ninetales-Alola, M|100/100
|switch|p2a: Samurott|Samurott-Hisui, F|100/100
|-weather|Snowscape|[from] ability: Snow Warning|[of] p1a: Ninetales
|turn|1
|
|t:|1757853780
|move|p1a: Ninetales|Aurora Veil|p1a: Ninetales
|-sidestart|p1: Albertsux2007|move: Aurora Veil
|move|p2a: Samurott|Ceaseless Edge|p1a: Ninetales
|-resisted|p1a: Ninetales
|-damage|p1a: Ninetales|83/100
|-sidestart|p1: Albertsux2007|Spikes
|
|-weather|Snowscape|[upkeep]
|upkeep
|turn|2
|inactive|Battle timer is ON: inactive players will automatically lose when time's up. (requested by Albertsux2007)
|
|t:|1757853783
|move|p1a: Ninetales|Moonblast|p2a: Samurott
|-supereffective|p2a: Samurott
|-damage|p2a: Samurott|0 fnt
|faint|p2a: Samurott
|
|-weather|Snowscape|[upkeep]
|upkeep
|
|t:|1757853786
|switch|p2a: Azelf|Azelf|100/100
|turn|3
|
|t:|1757853790
|move|p2a: Azelf|Stealth Rock|p1a: Ninetales
|-sidestart|p1: Albertsux2007|move: Stealth Rock
|move|p1a: Ninetales|Moonblast|p2a: Azelf
|-damage|p2a: Azelf|47/100
|
|-weather|Snowscape|[upkeep]
|upkeep
|turn|4
|
|t:|1757853793
|switch|p2a: Drifblim|Drifblim, F|100/100
|move|p1a: Ninetales|Moonblast|p2a: Drifblim
|-damage|p2a: Drifblim|52/100
|-unboost|p2a: Drifblim|spa|1
|-enditem|p2a: Drifblim|Red Card|[of] p1a: Ninetales
|drag|p1a: Araquanid|Araquanid, F|100/100
|-damage|p1a: Araquanid|88/100|[from] Spikes
|-damage|p1a: Araquanid|63/100|[from] Stealth Rock
|
|-weather|Snowscape|[upkeep]
|upkeep
|turn|5
|
|t:|1757853796
|move|p2a: Drifblim|Acrobatics|p1a: Araquanid
|-supereffective|p1a: Araquanid
|-damage|p1a: Araquanid|12/100
|move|p1a: Araquanid|Liquidation|p2a: Drifblim
|-damage|p2a: Drifblim|0 fnt
|faint|p2a: Drifblim
|
|-weather|none
|upkeep
|
|t:|1757853802
|switch|p2a: Regidrago|Regidrago|100/100
|turn|6
|
|t:|1757853805
|move|p2a: Regidrago|Dragon Dance|p2a: Regidrago
|-boost|p2a: Regidrago|atk|1
|-boost|p2a: Regidrago|spe|1
|move|p1a: Araquanid|Liquidation|p2a: Regidrago
|-resisted|p2a: Regidrago
|-damage|p2a: Regidrago|48/100
|
|upkeep
|turn|7
|
|t:|1757853807
|move|p2a: Regidrago|Scale Shot|p1a: Araquanid
|-damage|p1a: Araquanid|0 fnt
|faint|p1a: Araquanid
|-hitcount|p1: Araquanid|1
|-unboost|p2a: Regidrago|def|1
|-boost|p2a: Regidrago|spe|1
|
|upkeep
|
|t:|1757853823
|switch|p1a: Iron Valiant|Iron Valiant|100/100
|-damage|p1a: Iron Valiant|88/100|[from] Spikes
|-damage|p1a: Iron Valiant|82/100|[from] Stealth Rock
|-enditem|p1a: Iron Valiant|Booster Energy
|-activate|p1a: Iron Valiant|ability: Quark Drive|[fromitem]
|-start|p1a: Iron Valiant|quarkdriveatk
|turn|8
|
|t:|1757853826
|move|p2a: Regidrago|Explosion|p1a: Iron Valiant
|-damage|p1a: Iron Valiant|9/100
|faint|p2a: Regidrago
|move|p1a: Iron Valiant|Spirit Break|p2: Regidrago|[notarget]
|-fail|p1a: Iron Valiant
|
|-sideend|p1: Albertsux2007|move: Aurora Veil
|upkeep
|
|t:|1757853831
|switch|p2a: Kingambit|Kingambit, F|100/100
|-activate|p2a: Kingambit|ability: Supreme Overlord
|-start|p2a: Kingambit|fallen3|[silent]
|turn|9
|
|t:|1757853836
|move|p1a: Iron Valiant|Spirit Break|p2a: Kingambit
|-damage|p2a: Kingambit|60/100
|-unboost|p2a: Kingambit|spa|1
|move|p2a: Kingambit|Iron Head|p1a: Iron Valiant
|-supereffective|p1a: Iron Valiant
|-damage|p1a: Iron Valiant|0 fnt
|faint|p1a: Iron Valiant
|-end|p1a: Iron Valiant|Quark Drive|[silent]
|
|upkeep
|
|t:|1757853841
|switch|p1a: Kingambit|Kingambit, M|100/100
|-damage|p1a: Kingambit|88/100|[from] Spikes
|-damage|p1a: Kingambit|82/100|[from] Stealth Rock
|-activate|p1a: Kingambit|ability: Supreme Overlord
|-start|p1a: Kingambit|fallen2|[silent]
|turn|10
|
|t:|1757853844
|-end|p2a: Kingambit|fallen3|[silent]
|switch|p2a: Mimikyu|Mimikyu, M|100/100
|move|p1a: Kingambit|Low Kick|p2a: Mimikyu
|-immune|p2a: Mimikyu
|
|upkeep
|turn|11
|
|t:|1757853860
|-end|p1a: Kingambit|fallen2|[silent]
|switch|p1a: Reuniclus|Reuniclus, F|100/100
|move|p2a: Mimikyu|Trick Room|p2a: Mimikyu
|-fieldstart|move: Trick Room|[of] p2a: Mimikyu
|
|upkeep
|turn|12
|
|t:|1757853865
|switch|p2a: Kingambit|Kingambit, F|60/100
|-activate|p2a: Kingambit|ability: Supreme Overlord
|-start|p2a: Kingambit|fallen3|[silent]
|move|p1a: Reuniclus|Shadow Ball|p2a: Kingambit
|-resisted|p2a: Kingambit
|-damage|p2a: Kingambit|41/100
|
|upkeep
|turn|13
|
|t:|1757853869
|switch|p1a: Kingambit|Kingambit, M|82/100
|-damage|p1a: Kingambit|70/100|[from] Spikes
|-damage|p1a: Kingambit|64/100|[from] Stealth Rock
|-activate|p1a: Kingambit|ability: Supreme Overlord
|-start|p1a: Kingambit|fallen2|[silent]
|move|p2a: Kingambit|Swords Dance|p2a: Kingambit
|-boost|p2a: Kingambit|atk|2
|
|upkeep
|turn|14
|
|t:|1757853883
|-terastallize|p2a: Kingambit|Ghost
|move|p2a: Kingambit|Kowtow Cleave|p1a: Kingambit
|-resisted|p1a: Kingambit
|-damage|p1a: Kingambit|9/100
|move|p1a: Kingambit|Low Kick|p2a: Kingambit
|-immune|p2a: Kingambit
|
|upkeep
|turn|15
|
|t:|1757853889
|move|p2a: Kingambit|Sucker Punch||[still]
|-fail|p2a: Kingambit
|move|p1a: Kingambit|Swords Dance|p1a: Kingambit
|-boost|p1a: Kingambit|atk|2
|
|-fieldend|move: Trick Room
|upkeep
|turn|16
|
|t:|1757853892
|-end|p2a: Kingambit|fallen3|[silent]
|switch|p2a: Mimikyu|Mimikyu, M|100/100
|move|p1a: Kingambit|Sucker Punch||[still]
|-fail|p1a: Kingambit
|
|upkeep
|turn|17
|
|t:|1757853895
|move|p1a: Kingambit|Zen Headbutt|p2a: Mimikyu|[miss]
|-miss|p1a: Kingambit|p2a: Mimikyu
|move|p2a: Mimikyu|Trick Room|p2a: Mimikyu
|-fieldstart|move: Trick Room|[of] p2a: Mimikyu
|
|upkeep
|turn|18
|
|t:|1757853904
|move|p1a: Kingambit|Zen Headbutt|p2a: Mimikyu
|-activate|p2a: Mimikyu|ability: Disguise
|-damage|p2a: Mimikyu|100/100
|detailschange|p2a: Mimikyu|Mimikyu-Busted, M
|-damage|p2a: Mimikyu|88/100|[from] pokemon: Mimikyu-Busted
|-enditem|p2a: Mimikyu|Red Card|[of] p1a: Kingambit
|-end|p1a: Kingambit|fallen2|[silent]
|drag|p1a: Ninetales|Ninetales-Alola, M|83/100
|-damage|p1a: Ninetales|71/100|[from] Spikes
|-damage|p1a: Ninetales|46/100|[from] Stealth Rock
|-weather|Snowscape|[from] ability: Snow Warning|[of] p1a: Ninetales
|move|p2a: Mimikyu|Will-O-Wisp|p1a: Ninetales
|-status|p1a: Ninetales|brn
|
|-weather|Snowscape|[upkeep]
|-damage|p1a: Ninetales|40/100 brn|[from] brn
|upkeep
|turn|19
|
|t:|1757853918
|switch|p2a: Kingambit|Kingambit, F, tera:Ghost|41/100
|-activate|p2a: Kingambit|ability: Supreme Overlord
|-start|p2a: Kingambit|fallen3|[silent]
|move|p1a: Ninetales|Aurora Veil|p1a: Ninetales
|-sidestart|p1: Albertsux2007|move: Aurora Veil
|
|-weather|Snowscape|[upkeep]
|-damage|p1a: Ninetales|34/100 brn|[from] brn
|upkeep
|turn|20
|
|t:|1757853924
|move|p2a: Kingambit|Iron Head|p1a: Ninetales
|-supereffective|p1a: Ninetales
|-damage|p1a: Ninetales|0 fnt
|faint|p1a: Ninetales
|
|-weather|Snowscape|[upkeep]
|upkeep
|
|t:|1757853932
|switch|p1a: Reuniclus|Reuniclus, F|100/100
|turn|21
|
|t:|1757853942
|-end|p2a: Kingambit|fallen3|[silent]
|switch|p2a: Mimikyu|Mimikyu-Busted, M|88/100
|move|p1a: Reuniclus|Shadow Ball|p2a: Mimikyu
|-supereffective|p2a: Mimikyu
|-damage|p2a: Mimikyu|0 fnt
|faint|p2a: Mimikyu
|
|-weather|Snowscape|[upkeep]
|-fieldend|move: Trick Room
|upkeep
|
|t:|1757853950
|switch|p2a: Azelf|Azelf|47/100
|turn|22
|
|t:|1757853954
|switch|p1a: Kingambit|Kingambit, M|9/100
|-damage|p1a: Kingambit|0 fnt|[from] Spikes
|faint|p1a: Kingambit
|-end|p1a: Kingambit|fallen2|[silent]
|move|p2a: Azelf|Explosion|p1: Kingambit|[notarget]
|-fail|p2a: Azelf
|faint|p2a: Azelf
|
|-weather|none
|upkeep
|
|t:|1757853958
|switch|p2a: Kingambit|Kingambit, F, tera:Ghost|41/100
|switch|p1a: Reuniclus|Reuniclus, F|100/100
|-activate|p2a: Kingambit|ability: Supreme Overlord
|-start|p2a: Kingambit|fallen5|[silent]
|turn|23
|
|t:|1757853962
|-terastallize|p1a: Reuniclus|Fighting
|move|p2a: Kingambit|Iron Head|p1a: Reuniclus
|-damage|p1a: Reuniclus|67/100
|cant|p1a: Reuniclus|flinch
|
|upkeep
|turn|24
|
|t:|1757853967
|move|p2a: Kingambit|Iron Head|p1a: Reuniclus
|-damage|p1a: Reuniclus|31/100
|move|p1a: Reuniclus|Shadow Ball|p2a: Kingambit
|-supereffective|p2a: Kingambit
|-damage|p2a: Kingambit|0 fnt
|faint|p2a: Kingambit
|-end|p2a: Kingambit|fallen5|[silent]
|
|win|Albertsux2007
|raw|Albertsux2007's rating: 1553 &rarr; <strong>1576</strong><br />(+23 for winning)
|raw|hungrymane's rating: 1603 &rarr; <strong>1580</strong><br />(-23 for losing)
|l|☆hungrymane
|player|p2|
|l|‽Albertsux2007
|player|p1|
