|j|☆darksora420
|j|☆Rathei
|t:|1757914639
|gametype|singles
|player|p1|darksora420|red|1392
|player|p2|Rathei|richboy|1367
|gen|9
|tier|[Gen 9] OU
|rated|
|rule|HP Percentage Mod: HP is shown in percentages
|rule|Endless Battle Clause: Forcing endless battles is banned
|rule|Species Clause: Limit one of each Pokémon
|rule|OHKO Clause: OHKO moves are banned
|rule|Evasion Items Clause: Evasion items are banned
|rule|Evasion Moves Clause: Evasion moves are banned
|rule|Evasion Abilities Clause: Evasion abilities are banned
|rule|Sleep Moves Clause: Sleep-inducing moves are banned
|clearpoke
|poke|p1|Ninetales, F|
|poke|p1|Great Tusk|
|poke|p1|Walking Wake|
|poke|p1|Leavanny, M|
|poke|p1|Charizard, F|
|poke|p1|Slither Wing|
|poke|p2|Iron Treads|
|poke|p2|Samurott-Hisui, M|
|poke|p2|Mimikyu, M|
|poke|p2|Deoxys-Speed|
|poke|p2|Zapdos|
|poke|p2|Iron Moth|
|teampreview
|inactive|Battle timer is ON: inactive players will automatically lose when time's up. (requested by darksora420)
|
|t:|1757914645
|teamsize|p1|6
|teamsize|p2|6
|start
|switch|p1a: Walking Wake|Walking Wake|100/100
|switch|p2a: Deoxys|Deoxys-Speed, shiny|100/100
|-ability|p2a: Deoxys|Pressure
|turn|1
|
|t:|1757914651
|-end|p1a: Walking Wake|Protosynthesis|[silent]
|switch|p1a: Ninetales|Ninetales, F|100/100
|-weather|SunnyDay|[from] ability: Drought|[of] p1a: Ninetales
|move|p2a: Deoxys|Stealth Rock|p1a: Ninetales
|-sidestart|p1: darksora420|move: Stealth Rock
|
|-weather|SunnyDay|[upkeep]
|upkeep
|turn|2
|
|t:|1757914656
|move|p2a: Deoxys|Knock Off|p1a: Ninetales
|-damage|p1a: Ninetales|69/100
|-enditem|p1a: Ninetales|Heat Rock|[from] move: Knock Off|[of] p2a: Deoxys
|move|p1a: Ninetales|Overheat|p2a: Deoxys
|-enditem|p2a: Deoxys|Focus Sash
|-damage|p2a: Deoxys|1/100
|-unboost|p1a: Ninetales|spa|2
|
|-weather|SunnyDay|[upkeep]
|upkeep
|turn|3
|
|t:|1757914663
|move|p2a: Deoxys|Spikes|p1a: Ninetales
|-sidestart|p1: darksora420|Spikes
|move|p1a: Ninetales|Overheat|p2a: Deoxys|[miss]
|-miss|p1a: Ninetales|p2a: Deoxys
|
|-weather|SunnyDay|[upkeep]
|upkeep
|turn|4
|
|t:|1757914669
|move|p2a: Deoxys|Spikes|p1a: Ninetales
|-sidestart|p1: darksora420|Spikes
|move|p1a: Ninetales|Solar Beam||[still]
|-prepare|p1a: Ninetales|Solar Beam
|-anim|p1a: Ninetales|Solar Beam|p2a: Deoxys
|-damage|p2a: Deoxys|0 fnt
|faint|p2a: Deoxys
|
|-weather|SunnyDay|[upkeep]
|upkeep
|
|t:|1757914681
|switch|p2a: Samurott|Samurott-Hisui, M, shiny|100/100
|turn|5
|
|t:|1757914686
|move|p2a: Samurott|Ceaseless Edge|p1a: Ninetales
|-damage|p1a: Ninetales|7/100
|-sidestart|p1: darksora420|Spikes
|move|p1a: Ninetales|Will-O-Wisp|p2a: Samurott|[miss]
|-miss|p1a: Ninetales|p2a: Samurott
|
|-weather|SunnyDay|[upkeep]
|upkeep
|turn|6
|
|t:|1757914691
|switch|p1a: Great Tusk|Great Tusk|100/100
|-activate|p1a: Great Tusk|ability: Protosynthesis
|-start|p1a: Great Tusk|protosynthesisatk
|move|p2a: Samurott|Ceaseless Edge|p1a: Great Tusk
|-resisted|p1a: Great Tusk
|-damage|p1a: Great Tusk|84/100
|
|-weather|SunnyDay|[upkeep]
|upkeep
|turn|7
|
|t:|1757914695
|switch|p2a: Mimikyu|Mimikyu, M, shiny|100/100
|move|p1a: Great Tusk|Ice Spinner|p2a: Mimikyu
|-activate|p2a: Mimikyu|ability: Disguise
|-damage|p2a: Mimikyu|100/100
|detailschange|p2a: Mimikyu|Mimikyu-Busted, M, shiny
|-damage|p2a: Mimikyu|88/100|[from] pokemon: Mimikyu-Busted
|
|-weather|SunnyDay|[upkeep]
|upkeep
|turn|8
|
|t:|1757914702
|move|p2a: Mimikyu|Play Rough|p1a: Great Tusk
|-supereffective|p1a: Great Tusk
|-damage|p1a: Great Tusk|19/100
|-damage|p2a: Mimikyu|78/100|[from] item: Life Orb
|move|p1a: Great Tusk|Headlong Rush|p2a: Mimikyu
|-damage|p2a: Mimikyu|0 fnt
|-unboost|p1a: Great Tusk|def|1
|-unboost|p1a: Great Tusk|spd|1
|faint|p2a: Mimikyu
|
|-weather|none
|-end|p1a: Great Tusk|Protosynthesis
|upkeep
|
|t:|1757914707
|switch|p2a: Samurott|Samurott-Hisui, M, shiny|100/100
|turn|9
|
|t:|1757914715
|move|p2a: Samurott|Razor Shell|p1a: Great Tusk
|-supereffective|p1a: Great Tusk
|-damage|p1a: Great Tusk|0 fnt
|faint|p1a: Great Tusk
|-end|p1a: Great Tusk|Protosynthesis|[silent]
|
|upkeep
|
|t:|1757914733
|switch|p1a: Slither Wing|Slither Wing|100/100
|-damage|p1a: Slither Wing|88/100|[from] Stealth Rock
|-damage|p1a: Slither Wing|64/100|[from] Spikes
|turn|10
|
|t:|1757914738
|switch|p2a: Zapdos|Zapdos, shiny|100/100
|move|p1a: Slither Wing|U-turn|p2a: Zapdos
|-resisted|p2a: Zapdos
|-damage|p2a: Zapdos|83/100
|
|t:|1757914742
|-end|p1a: Slither Wing|Protosynthesis|[silent]
|switch|p1a: Walking Wake|Walking Wake|100/100|[from] U-turn
|-damage|p1a: Walking Wake|88/100|[from] Stealth Rock
|-damage|p1a: Walking Wake|63/100|[from] Spikes
|
|upkeep
|turn|11
|
|t:|1757914748
|move|p1a: Walking Wake|Draco Meteor|p2a: Zapdos
|-damage|p2a: Zapdos|0 fnt
|-unboost|p1a: Walking Wake|spa|2
|faint|p2a: Zapdos
|
|upkeep
|
|t:|1757914758
|switch|p2a: Iron Moth|Iron Moth, shiny|100/100
|-enditem|p2a: Iron Moth|Booster Energy
|-activate|p2a: Iron Moth|ability: Quark Drive|[fromitem]
|-start|p2a: Iron Moth|quarkdrivespe
|turn|12
|
|t:|1757914765
|-end|p1a: Walking Wake|Protosynthesis|[silent]
|switch|p1a: Ninetales|Ninetales, F|7/100
|-damage|p1a: Ninetales|0 fnt|[from] Stealth Rock
|faint|p1a: Ninetales
|move|p2a: Iron Moth|Sludge Wave|p1: Ninetales|[notarget]
|-fail|p2a: Iron Moth
|
|upkeep
|
|t:|1757914771
|switch|p1a: Walking Wake|Walking Wake|63/100
|-damage|p1a: Walking Wake|51/100|[from] Stealth Rock
|-damage|p1a: Walking Wake|26/100|[from] Spikes
|turn|13
|
|t:|1757914774
|move|p2a: Iron Moth|Sludge Wave|p1a: Walking Wake
|-damage|p1a: Walking Wake|0 fnt
|faint|p1a: Walking Wake
|-end|p1a: Walking Wake|Protosynthesis|[silent]
|
|upkeep
|-message|darksora420 forfeited.
|
|win|Rathei
|raw|darksora420's rating: 1392 &rarr; <strong>1371</strong><br />(-21 for losing)
|raw|Rathei's rating: 1367 &rarr; <strong>1388</strong><br />(+21 for winning)
|l|☆darksora420
|player|p1|
|l|☆Rathei
|player|p2|
