|badge|p2|bronze|gen9randombattle|100-6
|uhtml|medal-msg|<div class="broadcast-blue">Curious what those medals under the avatar are? PS now has Ladder Seasons! For more information, check out the <a href="https://www.smogon.com/forums/threads/3740067/">thread on Smogon.</a></div>
|j|☆krampus gon get u
|j|☆larp legion
|t:|1757804649
|gametype|singles
|player|p1|krampus gon get u|ninjaboy|1519
|player|p2|larp legion|clown|1608
|gen|9
|tier|[Gen 9] OU
|rated|
|rule|HP Percentage Mod: HP is shown in percentages
|rule|Endless Battle Clause: Forcing endless battles is banned
|rule|Species Clause: Limit one of each Pokémon
|rule|OHKO Clause: OHKO moves are banned
|rule|Evasion Items Clause: Evasion items are banned
|rule|Evasion Moves Clause: Evasion moves are banned
|rule|Evasion Abilities Clause: Evasion abilities are banned
|rule|Sleep Moves Clause: Sleep-inducing moves are banned
|clearpoke
|poke|p1|Ceruledge, M|
|poke|p1|Iron Treads|
|poke|p1|Kyurem|
|poke|p1|Ogerpon-Wellspring, F|
|poke|p1|Iron Valiant|
|poke|p1|Pecharunt|
|poke|p2|Walking Wake|
|poke|p2|Sinistcha|
|poke|p2|Volcanion|
|poke|p2|Slowbro, F|
|poke|p2|Coalossal, F|
|poke|p2|Mew|
|teampreview
|inactive|Battle timer is ON: inactive players will automatically lose when time's up. (requested by larp legion)
|c|☆larp legion|is this u btw dnite
|c|☆larp legion|yes
|c|☆larp legion|fair i assumed so
|inactive|krampus gon get u has 120 seconds left.
|
|t:|1757804693
|teamsize|p1|6
|teamsize|p2|6
|start
|switch|p1a: Kyurem|Kyurem|100/100
|switch|p2a: Walking Wake|Walking Wake|100/100
|-ability|p1a: Kyurem|Pressure
|turn|1
|
|t:|1757804706
|switch|p1a: Iron Treads|Iron Treads|100/100
|move|p2a: Walking Wake|Draco Meteor|p1a: Iron Treads
|-resisted|p1a: Iron Treads
|-damage|p1a: Iron Treads|74/100
|-unboost|p2a: Walking Wake|spa|2
|
|-heal|p1a: Iron Treads|80/100|[from] item: Leftovers
|upkeep
|turn|2
|
|t:|1757804721
|-end|p2a: Walking Wake|Protosynthesis|[silent]
|switch|p2a: Slowbro|Slowbro, F|100/100
|-end|p1a: Iron Treads|Quark Drive|[silent]
|switch|p1a: Ogerpon|Ogerpon-Wellspring, F|100/100
|
|upkeep
|turn|3
|c|☆larp legion|whyd shit just bounce off
|j| blip exists
|j| Nikator98
|c|☆larp legion|idk bro
|c|☆larp legion|this is blissey
|c|☆larp legion|or smth
|c|☆larp legion|fax?
|
|t:|1757804743
|switch|p2a: Sinistcha|Sinistcha|100/100
|move|p1a: Ogerpon|U-turn|p2a: Sinistcha
|-damage|p2a: Sinistcha|76/100
|
|t:|1757804748
|switch|p1a: Kyurem|Kyurem|100/100|[from] U-turn
|-ability|p1a: Kyurem|Pressure
|
|-heal|p2a: Sinistcha|82/100|[from] item: Leftovers
|upkeep
|turn|4
|
|t:|1757804753
|switch|p2a: Mew|Mew|100/100
|move|p1a: Kyurem|Freeze-Dry|p2a: Mew
|-damage|p2a: Mew|50/100
|
|-heal|p2a: Mew|57/100|[from] item: Leftovers
|upkeep
|turn|5
|c|☆larp legion|we're such a reliable counter
|
|t:|1757804769
|-terastallize|p1a: Kyurem|Ice
|move|p1a: Kyurem|Freeze-Dry|p2a: Mew
|-damage|p2a: Mew|0 fnt
|faint|p2a: Mew
|
|upkeep
|
|t:|1757804778
|switch|p2a: Volcanion|Volcanion|100/100
|turn|6
|c|☆larp legion|why is kyurem so broken
|c| blip exists|bro u need more av mons
|c|☆larp legion|we need to find a scalding kyurem counter
|c| blip exists|thats what i was tellin u
|c|☆larp legion|larp legion im on it
|inactive|krampus gon get u has 120 seconds left.
|c| blip exists|emboar
|l| Nikator98
|c|☆larp legion|ok
|c|☆larp legion|true
|c|☆larp legion|fax
|
|t:|1757804819
|move|p1a: Kyurem|Freeze-Dry|p2a: Volcanion
|-damage|p2a: Volcanion|47/100
|move|p2a: Volcanion|Flamethrower|p1a: Kyurem
|-supereffective|p1a: Kyurem
|-damage|p1a: Kyurem|3/100
|
|upkeep
|turn|7
|c| blip exists|av embor
|c|☆larp legion|who do we drop tho
|c|☆larp legion|shit
|c|☆larp legion|i should have had heat wave
|c|☆larp legion|woulda killed
|
|t:|1757804831
|move|p1a: Kyurem|Freeze-Dry|p2a: Volcanion
|-damage|p2a: Volcanion|0 fnt
|faint|p2a: Volcanion
|
|upkeep
|
|t:|1757804835
|switch|p2a: Walking Wake|Walking Wake|100/100
|turn|8
|j| Nikator98
|
|t:|1757804849
|switch|p1a: Ogerpon|Ogerpon-Wellspring, F|100/100
|move|p2a: Walking Wake|Draco Meteor|p1a: Ogerpon
|-damage|p1a: Ogerpon|15/100
|-unboost|p2a: Walking Wake|spa|2
|
|upkeep
|turn|9
|l| Nikator98
|
|t:|1757804856
|move|p2a: Walking Wake|Draco Meteor|p1a: Ogerpon
|-damage|p1a: Ogerpon|0 fnt
|-unboost|p2a: Walking Wake|spa|2
|faint|p1a: Ogerpon
|
|upkeep
|
|t:|1757804865
|switch|p1a: Ceruledge|Ceruledge, M|100/100
|turn|10
|c| blip exists|drop volc
|c| blip exists|or mew
|c|☆larp legion|mew is kinda ass
|c|☆larp legion|hes the bolt vcounter tho
|
|t:|1757804882
|-end|p2a: Walking Wake|Protosynthesis|[silent]
|switch|p2a: Coalossal|Coalossal, F|100/100
|move|p1a: Ceruledge|Swords Dance|p1a: Ceruledge
|-boost|p1a: Ceruledge|atk|2
|
|upkeep
|turn|11
|c| blip exists|lke i said, mew has a set for everything except being good
|
|t:|1757804889
|move|p1a: Ceruledge|Poltergeist|p2a: Coalossal
|-activate|p2a: Coalossal|move: Poltergeist|Heavy-Duty Boots
|-crit|p2a: Coalossal
|-damage|p2a: Coalossal|13/100
|move|p2a: Coalossal|Scald|p1a: Ceruledge
|-supereffective|p1a: Ceruledge
|-damage|p1a: Ceruledge|66/100
|
|upkeep
|turn|12
|c|☆larp legion|ik bro
|
|t:|1757804904
|move|p1a: Ceruledge|Shadow Sneak|p2a: Coalossal
|-damage|p2a: Coalossal|0 fnt
|faint|p2a: Coalossal
|
|upkeep
|
|t:|1757804907
|switch|p2a: Walking Wake|Walking Wake|100/100
|turn|13
|
|t:|1757804917
|move|p1a: Ceruledge|Shadow Sneak|p2a: Walking Wake
|-damage|p2a: Walking Wake|60/100
|move|p2a: Walking Wake|Scald|p1a: Ceruledge
|-supereffective|p1a: Ceruledge
|-damage|p1a: Ceruledge|0 fnt
|faint|p1a: Ceruledge
|
|upkeep
|c|☆larp legion|my lucky crit alarm is ringing
|
|t:|1757804933
|switch|p1a: Iron Valiant|Iron Valiant|100/100
|-enditem|p1a: Iron Valiant|Booster Energy
|-activate|p1a: Iron Valiant|ability: Quark Drive|[fromitem]
|-start|p1a: Iron Valiant|quarkdrivespe
|turn|14
|
|t:|1757804944
|-end|p2a: Walking Wake|Protosynthesis|[silent]
|switch|p2a: Slowbro|Slowbro, F|100/100
|move|p1a: Iron Valiant|Moonblast|p2a: Slowbro
|-damage|p2a: Slowbro|49/100
|
|upkeep
|turn|15
|
|t:|1757804951
|move|p1a: Iron Valiant|Moonblast|p2a: Slowbro
|-damage|p2a: Slowbro|0 fnt
|faint|p2a: Slowbro
|
|upkeep
|
|t:|1757804953
|switch|p2a: Sinistcha|Sinistcha|82/100
|turn|16
|
|t:|1757804957
|move|p1a: Iron Valiant|Knock Off|p2a: Sinistcha
|-supereffective|p2a: Sinistcha
|-damage|p2a: Sinistcha|31/100
|-enditem|p2a: Sinistcha|Leftovers|[from] move: Knock Off|[of] p1a: Iron Valiant
|move|p2a: Sinistcha|Giga Drain|p1a: Iron Valiant
|-damage|p1a: Iron Valiant|17/100
|-heal|p2a: Sinistcha|66/100|[from] drain|[of] p1a: Iron Valiant
|
|upkeep
|turn|17
|
|t:|1757804971
|move|p1a: Iron Valiant|Moonblast|p2a: Sinistcha
|-damage|p2a: Sinistcha|11/100
|move|p2a: Sinistcha|Giga Drain|p1a: Iron Valiant
|-damage|p1a: Iron Valiant|0 fnt
|-heal|p2a: Sinistcha|18/100|[from] drain|[of] p1a: Iron Valiant
|faint|p1a: Iron Valiant
|-end|p1a: Iron Valiant|Quark Drive|[silent]
|
|upkeep
|
|t:|1757804975
|switch|p1a: Kyurem|Kyurem, tera:Ice|3/100
|-ability|p1a: Kyurem|Pressure
|turn|18
|
|t:|1757804979
|move|p1a: Kyurem|Freeze-Dry|p2a: Sinistcha
|-supereffective|p2a: Sinistcha
|-damage|p2a: Sinistcha|0 fnt
|faint|p2a: Sinistcha
|
|upkeep
|
|t:|1757804980
|switch|p2a: Walking Wake|Walking Wake|60/100
|turn|19
|
|t:|1757804984
|move|p2a: Walking Wake|Scald|p1a: Kyurem
|-damage|p1a: Kyurem|0 fnt
|faint|p1a: Kyurem
|
|upkeep
|
|t:|1757804986
|switch|p1a: Pecharunt|Pecharunt|100/100
|turn|20
|
|t:|1757804996
|move|p2a: Walking Wake|Scald|p1a: Pecharunt
|-damage|p1a: Pecharunt|58/100
|move|p1a: Pecharunt|Parting Shot|p2a: Walking Wake
|-unboost|p2a: Walking Wake|atk|1
|-unboost|p2a: Walking Wake|spa|1
|
|t:|1757804999
|switch|p1a: Iron Treads|Iron Treads|80/100|[from] Parting Shot
|
|-heal|p1a: Iron Treads|86/100|[from] item: Leftovers
|upkeep
|turn|21
|
|t:|1757805003
|move|p2a: Walking Wake|Scald|p1a: Iron Treads
|-supereffective|p1a: Iron Treads
|-damage|p1a: Iron Treads|37/100
|-status|p1a: Iron Treads|brn
|move|p1a: Iron Treads|Earthquake|p2a: Walking Wake
|-damage|p2a: Walking Wake|39/100
|
|-heal|p1a: Iron Treads|43/100 brn|[from] item: Leftovers
|-damage|p1a: Iron Treads|37/100 brn|[from] brn
|upkeep
|turn|22
|
|t:|1757805006
|move|p2a: Walking Wake|Scald|p1a: Iron Treads
|-supereffective|p1a: Iron Treads
|-damage|p1a: Iron Treads|0 fnt
|faint|p1a: Iron Treads
|-end|p1a: Iron Treads|Quark Drive|[silent]
|
|upkeep
|
|t:|1757805007
|switch|p1a: Pecharunt|Pecharunt|58/100
|turn|23
|c|☆larp legion|criiiit
|
|t:|1757805011
|move|p2a: Walking Wake|Scald|p1a: Pecharunt
|-damage|p1a: Pecharunt|29/100
|-status|p1a: Pecharunt|brn
|move|p1a: Pecharunt|Recover|p1a: Pecharunt
|-heal|p1a: Pecharunt|79/100 brn
|
|-damage|p1a: Pecharunt|73/100 brn|[from] brn
|upkeep
|turn|24
|
|t:|1757805015
|move|p2a: Walking Wake|Scald|p1a: Pecharunt
|-damage|p1a: Pecharunt|43/100 brn
|move|p1a: Pecharunt|Recover|p1a: Pecharunt
|-heal|p1a: Pecharunt|93/100 brn
|
|-damage|p1a: Pecharunt|87/100 brn|[from] brn
|upkeep
|turn|25
|
|t:|1757805018
|move|p2a: Walking Wake|Scald|p1a: Pecharunt
|-damage|p1a: Pecharunt|58/100 brn
|move|p1a: Pecharunt|Malignant Chain|p2a: Walking Wake
|-damage|p2a: Walking Wake|0 fnt
|faint|p2a: Walking Wake
|-end|p2a: Walking Wake|Protosynthesis|[silent]
|
|win|krampus gon get u
|raw|krampus gon get u's rating: 1519 &rarr; <strong>1544</strong><br />(+25 for winning)
|raw|larp legion's rating: 1608 &rarr; <strong>1583</strong><br />(-25 for losing)
