|j|☆depecos
|j|☆Naz-sama
|t:|1757915882
|gametype|singles
|player|p1|depecos|102|1367
|player|p2|Naz-sama|lady|1541
|gen|9
|tier|[Gen 9] OU
|rated|
|rule|HP Percentage Mod: HP is shown in percentages
|rule|Endless Battle Clause: Forcing endless battles is banned
|rule|Species Clause: Limit one of each Pokémon
|rule|OHKO Clause: OHKO moves are banned
|rule|Evasion Items Clause: Evasion items are banned
|rule|Evasion Moves Clause: Evasion moves are banned
|rule|Evasion Abilities Clause: Evasion abilities are banned
|rule|Sleep Moves Clause: Sleep-inducing moves are banned
|clearpoke
|poke|p1|Kommo-o, M|
|poke|p1|Corviknight, F|
|poke|p1|Primarina, M|
|poke|p1|Iron Treads|
|poke|p1|Kyurem|
|poke|p1|Rillaboom, F|
|poke|p2|Pelipper, F|
|poke|p2|Iron Treads|
|poke|p2|Hatterene, F|
|poke|p2|Toxicroak, M|
|poke|p2|Barraskewda, M|
|poke|p2|Talonflame, F|
|teampreview
|inactive|Battle timer is ON: inactive players will automatically lose when time's up. (requested by Naz-sama)
|
|t:|1757915893
|teamsize|p1|6
|teamsize|p2|6
|start
|switch|p1a: Kommo-o|Kommo-o, M|100/100
|switch|p2a: Talonflame|Talonflame, F|100/100
|turn|1
|
|t:|1757915901
|move|p2a: Talonflame|Hurricane|p1a: Kommo-o
|-supereffective|p1a: Kommo-o
|-damage|p1a: Kommo-o|0 fnt
|faint|p1a: Kommo-o
|
|upkeep
|
|t:|1757915906
|switch|p1a: Primarina|Primarina, M|100/100
|turn|2
|
|t:|1757915933
|switch|p2a: Pelipper|Pelipper, F|100/100
|-weather|RainDance|[from] ability: Drizzle|[of] p2a: Pelipper
|move|p1a: Primarina|Surf|p2a: Pelipper
|-resisted|p2a: Pelipper
|-damage|p2a: Pelipper|63/100
|
|-weather|RainDance|[upkeep]
|upkeep
|turn|3
|
|t:|1757915939
|move|p1a: Primarina|Moonblast|p2a: Pelipper
|-damage|p2a: Pelipper|9/100
|move|p2a: Pelipper|U-turn|p1a: Primarina
|-resisted|p1a: Primarina
|-damage|p1a: Primarina|94/100
|inactive|Naz-sama has 120 seconds left.
|
|t:|1757915975
|switch|p2a: Iron Treads|Iron Treads|100/100|[from] U-turn
|
|-weather|RainDance|[upkeep]
|upkeep
|turn|4
|
|t:|1757915979
|move|p2a: Iron Treads|Volt Switch|p1a: Primarina
|-supereffective|p1a: Primarina
|-damage|p1a: Primarina|80/100
|
|t:|1757915988
|-end|p2a: Iron Treads|Quark Drive|[silent]
|switch|p2a: Hatterene|Hatterene, F|100/100|[from] Volt Switch
|move|p1a: Primarina|Surf|p2a: Hatterene
|-damage|p2a: Hatterene|20/100
|-enditem|p2a: Hatterene|Eject Button
|
|t:|1757915993
|switch|p2a: Barraskewda|Barraskewda, M|100/100
|
|-weather|RainDance|[upkeep]
|upkeep
|turn|5
|
|t:|1757916004
|switch|p1a: Corviknight|Corviknight, F|100/100
|-ability|p1a: Corviknight|Pressure
|-terastallize|p2a: Barraskewda|Water
|move|p2a: Barraskewda|Liquidation|p1a: Corviknight
|-damage|p1a: Corviknight|24/100
|-damage|p2a: Barraskewda|84/100|[from] item: Rocky Helmet|[of] p1a: Corviknight
|
|-weather|RainDance|[upkeep]
|upkeep
|turn|6
|
|t:|1757916013
|move|p2a: Barraskewda|Liquidation|p1a: Corviknight
|-damage|p1a: Corviknight|0 fnt
|-damage|p2a: Barraskewda|68/100|[from] item: Rocky Helmet|[of] p1a: Corviknight
|faint|p1a: Corviknight
|
|-weather|RainDance|[upkeep]
|upkeep
|
|t:|1757916016
|switch|p1a: Rillaboom|Rillaboom, F|100/100
|-fieldstart|move: Grassy Terrain|[from] ability: Grassy Surge|[of] p1a: Rillaboom
|turn|7
|
|t:|1757916022
|switch|p2a: Toxicroak|Toxicroak, M|100/100
|move|p1a: Rillaboom|Grassy Glide|p2a: Toxicroak
|-resisted|p2a: Toxicroak
|-damage|p2a: Toxicroak|83/100
|-damage|p1a: Rillaboom|84/100|[from] item: Rocky Helmet|[of] p2a: Toxicroak
|
|-weather|RainDance|[upkeep]
|-heal|p2a: Toxicroak|96/100|[from] ability: Dry Skin
|-heal|p1a: Rillaboom|90/100|[from] Grassy Terrain
|-heal|p2a: Toxicroak|100/100|[from] Grassy Terrain
|upkeep
|turn|8
|
|t:|1757916035
|move|p1a: Rillaboom|U-turn|p2a: Toxicroak
|-resisted|p2a: Toxicroak
|-damage|p2a: Toxicroak|95/100
|-damage|p1a: Rillaboom|73/100|[from] item: Rocky Helmet|[of] p2a: Toxicroak
|
|t:|1757916043
|switch|p1a: Iron Treads|Iron Treads|100/100|[from] U-turn
|move|p2a: Toxicroak|Knock Off|p1a: Iron Treads
|-damage|p1a: Iron Treads|79/100
|-enditem|p1a: Iron Treads|Choice Band|[from] move: Knock Off|[of] p2a: Toxicroak
|
|-weather|RainDance|[upkeep]
|-heal|p2a: Toxicroak|100/100|[from] ability: Dry Skin
|-heal|p1a: Iron Treads|85/100|[from] Grassy Terrain
|upkeep
|turn|9
|
|t:|1757916055
|move|p1a: Iron Treads|Earthquake|p2a: Toxicroak
|-supereffective|p2a: Toxicroak
|-damage|p2a: Toxicroak|61/100
|move|p2a: Toxicroak|Drain Punch|p1a: Iron Treads
|-supereffective|p1a: Iron Treads
|-damage|p1a: Iron Treads|36/100
|-heal|p2a: Toxicroak|82/100|[from] drain|[of] p1a: Iron Treads
|
|-weather|none
|-heal|p1a: Iron Treads|42/100|[from] Grassy Terrain
|-heal|p2a: Toxicroak|89/100|[from] Grassy Terrain
|upkeep
|turn|10
|
|t:|1757916061
|-end|p1a: Iron Treads|Quark Drive|[silent]
|switch|p1a: Primarina|Primarina, M|80/100
|move|p2a: Toxicroak|Drain Punch|p1a: Primarina
|-resisted|p1a: Primarina
|-damage|p1a: Primarina|62/100
|-heal|p2a: Toxicroak|96/100|[from] drain|[of] p1a: Primarina
|
|-heal|p2a: Toxicroak|100/100|[from] Grassy Terrain
|-heal|p1a: Primarina|68/100|[from] Grassy Terrain
|upkeep
|turn|11
|inactive|Naz-sama has 120 seconds left.
|inactive|Naz-sama has 90 seconds left.
|
|t:|1757916150
|move|p2a: Toxicroak|Toxic|p1a: Primarina
|-status|p1a: Primarina|tox
|move|p1a: Primarina|Psychic Noise|p2a: Toxicroak
|-supereffective|p2a: Toxicroak
|-damage|p2a: Toxicroak|0 fnt
|faint|p2a: Toxicroak
|
|-heal|p1a: Primarina|74/100 tox|[from] Grassy Terrain
|-damage|p1a: Primarina|68/100 tox|[from] psn
|-fieldend|move: Grassy Terrain
|upkeep
|inactive|Naz-sama has 60 seconds left.
|
|t:|1757916161
|switch|p2a: Pelipper|Pelipper, F|9/100
|-weather|RainDance|[from] ability: Drizzle|[of] p2a: Pelipper
|turn|12
|
|t:|1757916170
|switch|p2a: Hatterene|Hatterene, F|20/100
|move|p1a: Primarina|Flip Turn|p2a: Hatterene
|-damage|p2a: Hatterene|3/100
|
|t:|1757916176
|switch|p1a: Rillaboom|Rillaboom, F|73/100|[from] Flip Turn
|-fieldstart|move: Grassy Terrain|[from] ability: Grassy Surge|[of] p1a: Rillaboom
|
|-weather|RainDance|[upkeep]
|-heal|p1a: Rillaboom|79/100|[from] Grassy Terrain
|-heal|p2a: Hatterene|9/100|[from] Grassy Terrain
|upkeep
|turn|13
|
|t:|1757916189
|move|p1a: Rillaboom|Grassy Glide|p2a: Hatterene
|-damage|p2a: Hatterene|0 fnt
|faint|p2a: Hatterene
|
|-weather|RainDance|[upkeep]
|-heal|p1a: Rillaboom|86/100|[from] Grassy Terrain
|upkeep
|
|t:|1757916194
|switch|p2a: Talonflame|Talonflame, F|100/100
|turn|14
|
|t:|1757916197
|switch|p1a: Primarina|Primarina, M|68/100 tox
|move|p2a: Talonflame|Hurricane|p1a: Primarina
|-damage|p1a: Primarina|25/100 tox
|-start|p1a: Primarina|confusion
|
|-weather|RainDance|[upkeep]
|-heal|p1a: Primarina|31/100 tox|[from] Grassy Terrain
|-damage|p1a: Primarina|25/100 tox|[from] psn
|upkeep
|turn|15
|inactive|Naz-sama has 90 seconds left.
|
|t:|1757916203
|move|p2a: Talonflame|Hurricane|p1a: Primarina
|-damage|p1a: Primarina|0 fnt
|faint|p1a: Primarina
|
|-weather|RainDance|[upkeep]
|upkeep
|
|t:|1757916210
|switch|p1a: Kyurem|Kyurem|100/100
|-ability|p1a: Kyurem|Pressure
|turn|16
|
|t:|1757916223
|move|p2a: Talonflame|Hurricane|p1a: Kyurem
|-damage|p1a: Kyurem|44/100
|move|p1a: Kyurem|Dragon Dance|p1a: Kyurem
|-boost|p1a: Kyurem|atk|1
|-boost|p1a: Kyurem|spe|1
|
|-weather|RainDance|[upkeep]
|-heal|p1a: Kyurem|50/100|[from] Grassy Terrain
|-fieldend|move: Grassy Terrain
|upkeep
|turn|17
|
|t:|1757916230
|move|p2a: Talonflame|Hurricane|p1a: Kyurem
|-damage|p1a: Kyurem|0 fnt
|faint|p1a: Kyurem
|
|-weather|RainDance|[upkeep]
|upkeep
|
|t:|1757916234
|switch|p1a: Iron Treads|Iron Treads|42/100
|turn|18
|
|t:|1757916237
|move|p2a: Talonflame|Hurricane|p1a: Iron Treads
|-resisted|p1a: Iron Treads
|-damage|p1a: Iron Treads|0 fnt
|faint|p1a: Iron Treads
|-end|p1a: Iron Treads|Quark Drive|[silent]
|
|-weather|RainDance|[upkeep]
|upkeep
|
|t:|1757916239
|switch|p1a: Rillaboom|Rillaboom, F|86/100
|-fieldstart|move: Grassy Terrain|[from] ability: Grassy Surge|[of] p1a: Rillaboom
|turn|19
|
|t:|1757916243
|-terastallize|p1a: Rillaboom|Grass
|move|p2a: Talonflame|Hurricane|p1a: Rillaboom
|-supereffective|p1a: Rillaboom
|-damage|p1a: Rillaboom|0 fnt
|faint|p1a: Rillaboom
|
|win|Naz-sama
|raw|depecos's rating: 1367 &rarr; <strong>1356</strong><br />(-11 for losing)
|raw|Naz-sama's rating: 1541 &rarr; <strong>1552</strong><br />(+11 for winning)
|l|☆depecos
|player|p1|
|l|☆Naz-sama
|player|p2|
