|j|☆KuroNoTamashi
|j|☆yrmomgee
|t:|1757856212
|gametype|singles
|player|p1|KuroNoTamashi|2|1341
|player|p2|yrmomgee|266|1253
|gen|9
|tier|[Gen 9] OU
|rated|
|rule|HP Percentage Mod: HP is shown in percentages
|rule|Endless Battle Clause: Forcing endless battles is banned
|rule|Species Clause: Limit one of each Pokémon
|rule|OHKO Clause: OHKO moves are banned
|rule|Evasion Items Clause: Evasion items are banned
|rule|Evasion Moves Clause: Evasion moves are banned
|rule|Evasion Abilities Clause: Evasion abilities are banned
|rule|Sleep Moves Clause: Sleep-inducing moves are banned
|clearpoke
|poke|p1|Cinderace, M|
|poke|p1|Raging Bolt|
|poke|p1|Pecharunt|
|poke|p1|Latios, M|
|poke|p1|Dragapult, F|
|poke|p1|Iron Valiant|
|poke|p2|Iron Valiant|
|poke|p2|Metagross|
|poke|p2|Maushold-Four|
|poke|p2|Ninetales-Alola, M|
|poke|p2|Frosmoth, M|
|poke|p2|Duosion, F|
|teampreview
|
|t:|1757856241
|teamsize|p1|6
|teamsize|p2|6
|start
|switch|p1a: Cinderace|Cinderace, M|100/100
|switch|p2a: GREEN BLOB|Duosion, F|100/100
|turn|1
|
|t:|1757856247
|move|p1a: Cinderace|U-turn|p2a: GREEN BLOB
|-start|p1a: Cinderace|typechange|Bug|[from] ability: Libero
|-supereffective|p2a: GREEN BLOB
|-damage|p2a: GREEN BLOB|27/100
|
|t:|1757856251
|switch|p1a: Dragapult|Dragapult, F|100/100|[from] U-turn
|move|p2a: GREEN BLOB|Acid Armor|p2a: GREEN BLOB
|-boost|p2a: GREEN BLOB|def|2
|
|upkeep
|turn|2
|
|t:|1757856258
|move|p1a: Dragapult|Hex|p2a: GREEN BLOB
|-supereffective|p2a: GREEN BLOB
|-damage|p2a: GREEN BLOB|0 fnt
|faint|p2a: GREEN BLOB
|
|upkeep
|
|t:|1757856263
|switch|p2a: Ninetales|Ninetales-Alola, M, shiny|100/100
|-weather|Snowscape|[from] ability: Snow Warning|[of] p2a: Ninetales
|turn|3
|
|t:|1757856267
|move|p1a: Dragapult|U-turn|p2a: Ninetales
|-resisted|p2a: Ninetales
|-damage|p2a: Ninetales|90/100
|
|t:|1757856268
|switch|p1a: Cinderace|Cinderace, M|100/100|[from] U-turn
|move|p2a: Ninetales|Aurora Veil|p2a: Ninetales
|-sidestart|p2: yrmomgee|move: Aurora Veil
|
|-weather|Snowscape|[upkeep]
|upkeep
|turn|4
|
|t:|1757856280
|move|p1a: Cinderace|Court Change|p1a: Cinderace
|-start|p1a: Cinderace|typechange|Normal|[from] ability: Libero
|-swapsideconditions
|-activate|p1a: Cinderace|move: Court Change
|move|p2a: Ninetales|Moonblast|p1a: Cinderace
|-damage|p1a: Cinderace|76/100
|-unboost|p1a: Cinderace|spa|1
|
|-weather|Snowscape|[upkeep]
|upkeep
|turn|5
|
|t:|1757856289
|move|p1a: Cinderace|Pyro Ball|p2a: Ninetales
|-supereffective|p2a: Ninetales
|-damage|p2a: Ninetales|16/100
|move|p2a: Ninetales|Aurora Veil|p2a: Ninetales
|-sidestart|p2: yrmomgee|move: Aurora Veil
|
|-weather|Snowscape|[upkeep]
|upkeep
|turn|6
|
|t:|1757856300
|move|p1a: Cinderace|Pyro Ball|p2a: Ninetales
|-supereffective|p2a: Ninetales
|-damage|p2a: Ninetales|0 fnt
|faint|p2a: Ninetales
|
|-weather|Snowscape|[upkeep]
|upkeep
|
|t:|1757856308
|switch|p2a: StevenGross|Metagross|100/100
|turn|7
|
|t:|1757856310
|move|p1a: Cinderace|U-turn|p2a: StevenGross
|-damage|p2a: StevenGross|90/100
|
|t:|1757856312
|switch|p1a: Dragapult|Dragapult, F|100/100|[from] U-turn
|move|p2a: StevenGross|Agility|p2a: StevenGross
|-boost|p2a: StevenGross|spe|2
|
|-weather|none
|upkeep
|turn|8
|
|t:|1757856320
|move|p2a: StevenGross|Psychic Fangs|p1a: Dragapult
|-sideend|p1: KuroNoTamashi|move: Aurora Veil
|-damage|p1a: Dragapult|36/100
|move|p1a: Dragapult|Will-O-Wisp|p2a: StevenGross
|-status|p2a: StevenGross|brn
|
|-damage|p2a: StevenGross|84/100 brn|[from] brn
|upkeep
|turn|9
|
|t:|1757856328
|move|p2a: StevenGross|Psychic Fangs|p1a: Dragapult
|-damage|p1a: Dragapult|1/100
|move|p1a: Dragapult|Dragon Darts|p2a: StevenGross
|-resisted|p2a: StevenGross
|-damage|p2a: StevenGross|78/100 brn
|-anim|p1a: Dragapult|Dragon Darts|p2a: StevenGross
|-resisted|p2a: StevenGross
|-damage|p2a: StevenGross|73/100 brn
|
|-damage|p2a: StevenGross|67/100 brn|[from] brn
|upkeep
|turn|10
|
|t:|1757856340
|move|p2a: StevenGross|Heavy Slam|p1a: Dragapult
|-damage|p1a: Dragapult|0 fnt
|faint|p1a: Dragapult
|
|-damage|p2a: StevenGross|61/100 brn|[from] brn
|upkeep
|
|t:|1757856347
|switch|p1a: Raging Bolt|Raging Bolt|100/100
|turn|11
|
|t:|1757856350
|move|p2a: StevenGross|Earthquake|p1a: Raging Bolt
|-supereffective|p1a: Raging Bolt
|-damage|p1a: Raging Bolt|68/100
|move|p1a: Raging Bolt|Thunderbolt|p2a: StevenGross
|-crit|p2a: StevenGross
|-damage|p2a: StevenGross|0 fnt
|faint|p2a: StevenGross
|
|upkeep
|
|t:|1757856356
|switch|p2a: Feel the Wind|Frosmoth, M|100/100
|turn|12
|
|t:|1757856358
|-end|p1a: Raging Bolt|Protosynthesis|[silent]
|switch|p1a: Cinderace|Cinderace, M|76/100
|move|p2a: Feel the Wind|Quiver Dance|p2a: Feel the Wind
|-boost|p2a: Feel the Wind|spa|1
|-boost|p2a: Feel the Wind|spd|1
|-boost|p2a: Feel the Wind|spe|1
|
|-sideend|p2: yrmomgee|move: Aurora Veil
|upkeep
|turn|13
|
|t:|1757856366
|-terastallize|p2a: Feel the Wind|Water
|move|p1a: Cinderace|Pyro Ball|p2a: Feel the Wind|[miss]
|-miss|p1a: Cinderace|p2a: Feel the Wind
|move|p2a: Feel the Wind|Quiver Dance|p2a: Feel the Wind
|-boost|p2a: Feel the Wind|spa|1
|-boost|p2a: Feel the Wind|spd|1
|-boost|p2a: Feel the Wind|spe|1
|
|upkeep
|turn|14
|
|t:|1757856373
|move|p2a: Feel the Wind|Tera Blast|p1a: Cinderace|[anim] Tera Blast Water
|-supereffective|p1a: Cinderace
|-damage|p1a: Cinderace|0 fnt
|faint|p1a: Cinderace
|
|upkeep
|
|t:|1757856378
|switch|p1a: Pecharunt|Pecharunt|100/100
|turn|15
|
|t:|1757856382
|move|p2a: Feel the Wind|Ice Beam|p1a: Pecharunt
|-damage|p1a: Pecharunt|3/100
|move|p1a: Pecharunt|Malignant Chain|p2a: Feel the Wind
|-damage|p2a: Feel the Wind|90/100
|-status|p2a: Feel the Wind|tox
|-start|p2a: Feel the Wind|confusion|[from] ability: Poison Puppeteer|[of] p1a: Pecharunt
|
|-heal|p1a: Pecharunt|9/100|[from] item: Leftovers
|-damage|p2a: Feel the Wind|84/100 tox|[from] psn
|upkeep
|turn|16
|
|t:|1757856392
|-activate|p2a: Feel the Wind|confusion
|-damage|p2a: Feel the Wind|74/100 tox|[from] confusion
|move|p1a: Pecharunt|Recover|p1a: Pecharunt
|-heal|p1a: Pecharunt|59/100
|
|-heal|p1a: Pecharunt|65/100|[from] item: Leftovers
|-damage|p2a: Feel the Wind|61/100 tox|[from] psn
|upkeep
|turn|17
|
|t:|1757856400
|switch|p1a: Latios|Latios, M|100/100
|-activate|p2a: Feel the Wind|confusion
|move|p2a: Feel the Wind|Ice Beam|p1a: Latios
|-supereffective|p1a: Latios
|-damage|p1a: Latios|0 fnt
|faint|p1a: Latios
|
|-damage|p2a: Feel the Wind|43/100 tox|[from] psn
|upkeep
|
|t:|1757856401
|switch|p1a: Raging Bolt|Raging Bolt|68/100
|turn|18
|
|t:|1757856407
|move|p1a: Raging Bolt|Thunderclap|p2a: Feel the Wind
|-supereffective|p2a: Feel the Wind
|-damage|p2a: Feel the Wind|0 fnt
|faint|p2a: Feel the Wind
|
|upkeep
|
|t:|1757856413
|switch|p2a: System Error|Iron Valiant, shiny|100/100
|-enditem|p2a: System Error|Booster Energy
|-activate|p2a: System Error|ability: Quark Drive|[fromitem]
|-start|p2a: System Error|quarkdrivespe
|turn|19
|
|t:|1757856417
|-end|p1a: Raging Bolt|Protosynthesis|[silent]
|switch|p1a: Pecharunt|Pecharunt|65/100
|move|p2a: System Error|Moonblast|p1a: Pecharunt
|-resisted|p1a: Pecharunt
|-damage|p1a: Pecharunt|42/100
|-unboost|p1a: Pecharunt|spa|1
|
|-heal|p1a: Pecharunt|48/100|[from] item: Leftovers
|upkeep
|turn|20
|
|t:|1757856428
|move|p2a: System Error|Thunderbolt|p1a: Pecharunt
|-damage|p1a: Pecharunt|20/100
|move|p1a: Pecharunt|Recover|p1a: Pecharunt
|-heal|p1a: Pecharunt|70/100
|
|-heal|p1a: Pecharunt|76/100|[from] item: Leftovers
|upkeep
|turn|21
|
|t:|1757856434
|move|p2a: System Error|Thunderbolt|p1a: Pecharunt
|-damage|p1a: Pecharunt|44/100
|move|p1a: Pecharunt|Recover|p1a: Pecharunt
|-heal|p1a: Pecharunt|94/100
|
|-heal|p1a: Pecharunt|99/100|[from] item: Leftovers
|upkeep
|turn|22
|
|t:|1757856439
|move|p2a: System Error|Thunderbolt|p1a: Pecharunt
|-damage|p1a: Pecharunt|69/100
|move|p1a: Pecharunt|Malignant Chain|p2a: System Error
|-supereffective|p2a: System Error
|-damage|p2a: System Error|25/100
|-status|p2a: System Error|tox
|-start|p2a: System Error|confusion|[from] ability: Poison Puppeteer|[of] p1a: Pecharunt
|
|-heal|p1a: Pecharunt|75/100|[from] item: Leftovers
|-damage|p2a: System Error|19/100 tox|[from] psn
|upkeep
|turn|23
|
|t:|1757856448
|switch|p1a: Raging Bolt|Raging Bolt|68/100
|-activate|p2a: System Error|confusion
|move|p2a: System Error|Thunderbolt|p1a: Raging Bolt
|-resisted|p1a: Raging Bolt
|-damage|p1a: Raging Bolt|62/100
|
|-damage|p2a: System Error|6/100 tox|[from] psn
|upkeep
|turn|24
|
|t:|1757856452
|-end|p1a: Raging Bolt|Protosynthesis|[silent]
|switch|p1a: Iron Valiant|Iron Valiant|100/100
|-enditem|p1a: Iron Valiant|Booster Energy
|-activate|p1a: Iron Valiant|ability: Quark Drive|[fromitem]
|-start|p1a: Iron Valiant|quarkdrivespe
|-end|p2a: System Error|confusion
|move|p2a: System Error|Destiny Bond|p2a: System Error
|-singlemove|p2a: System Error|Destiny Bond
|
|-damage|p2a: System Error|0 fnt|[from] psn
|faint|p2a: System Error
|-end|p2a: System Error|Quark Drive|[silent]
|upkeep
|
|t:|1757856454
|switch|p2a: MH = PB|Maushold-Four|100/100
|turn|25
|
|t:|1757856460
|move|p1a: Iron Valiant|Close Combat|p2a: MH = PB
|-supereffective|p2a: MH = PB
|-damage|p2a: MH = PB|0 fnt
|-unboost|p1a: Iron Valiant|def|1
|-unboost|p1a: Iron Valiant|spd|1
|faint|p2a: MH = PB
|
|win|KuroNoTamashi
|raw|KuroNoTamashi's rating: 1341 &rarr; <strong>1356</strong><br />(+15 for winning)
|raw|yrmomgee's rating: 1253 &rarr; <strong>1234</strong><br />(-19 for losing)
|l|☆yrmomgee
|player|p2|
|c|☆KuroNoTamashi|Gg
|l|☆KuroNoTamashi
|player|p1|
