|j|☆Allegedly Stupid
|j|‽mysticryn
|t:|1757796030
|gametype|singles
|player|p1|Allegedly Stupid|caitlin|1479
|player|p2|mysticryn|170|1572
|gen|9
|tier|[Gen 9] OU
|rated|
|rule|HP Percentage Mod: HP is shown in percentages
|rule|Endless Battle Clause: Forcing endless battles is banned
|rule|Species Clause: Limit one of each Pokémon
|rule|OHKO Clause: OHKO moves are banned
|rule|Evasion Items Clause: Evasion items are banned
|rule|Evasion Moves Clause: Evasion moves are banned
|rule|Evasion Abilities Clause: Evasion abilities are banned
|rule|Sleep Moves Clause: Sleep-inducing moves are banned
|clearpoke
|poke|p1|Ting-Lu|
|poke|p1|Clefable, M|
|poke|p1|Dragapult, M|
|poke|p1|Reuniclus, M|
|poke|p1|Skarmory, M|
|poke|p1|Empoleon, F|
|poke|p2|Enamorus, F|
|poke|p2|Great Tusk|
|poke|p2|Iron Crown|
|poke|p2|Lokix, M|
|poke|p2|Alomomola, M|
|poke|p2|Pecharunt|
|teampreview
|inactive|Battle timer is ON: inactive players will automatically lose when time's up. (requested by Allegedly Stupid)
|inactive|mysticryn has 120 seconds left.
|
|t:|1757796101
|teamsize|p1|6
|teamsize|p2|6
|start
|switch|p1a: Clefable|Clefable, M|100/100
|switch|p2a: Iron Crown|Iron Crown|100/100
|turn|1
|
|t:|1757796108
|switch|p1a: Ting-Lu|Ting-Lu|100/100
|-ability|p1a: Ting-Lu|Vessel of Ruin
|move|p2a: Iron Crown|Focus Blast|p1a: Ting-Lu
|-supereffective|p1a: Ting-Lu
|-damage|p1a: Ting-Lu|54/100
|
|-heal|p1a: Ting-Lu|60/100|[from] item: Leftovers
|upkeep
|turn|2
|
|t:|1757796112
|-end|p2a: Iron Crown|Quark Drive|[silent]
|switch|p2a: Lokix|Lokix, M, shiny|100/100
|move|p1a: Ting-Lu|Stealth Rock|p2a: Lokix
|-sidestart|p2: mysticryn|move: Stealth Rock
|
|-heal|p1a: Ting-Lu|67/100|[from] item: Leftovers
|upkeep
|turn|3
|
|t:|1757796117
|switch|p1a: Skarmory|Skarmory, M|100/100
|move|p2a: Lokix|U-turn|p1a: Skarmory
|-resisted|p1a: Skarmory
|-damage|p1a: Skarmory|84/100
|-damage|p2a: Lokix|84/100|[from] item: Rocky Helmet|[of] p1a: Skarmory
|
|t:|1757796120
|switch|p2a: Great Tusk|Great Tusk, shiny|100/100|[from] U-turn
|
|upkeep
|turn|4
|
|t:|1757796122
|switch|p1a: Dragapult|Dragapult, M|100/100
|move|p2a: Great Tusk|Ice Spinner|p1a: Dragapult
|-supereffective|p1a: Dragapult
|-damage|p1a: Dragapult|26/100
|
|upkeep
|turn|5
|
|t:|1757796125
|-end|p2a: Great Tusk|Protosynthesis|[silent]
|switch|p2a: Alomomola|Alomomola, M, shiny|100/100
|-damage|p2a: Alomomola|88/100|[from] Stealth Rock
|move|p1a: Dragapult|Will-O-Wisp|p2a: Alomomola
|-status|p2a: Alomomola|brn
|
|-damage|p2a: Alomomola|82/100 brn|[from] brn
|upkeep
|turn|6
|
|t:|1757796132
|switch|p1a: Spell icup|Reuniclus, M|100/100
|move|p2a: Alomomola|Mirror Coat||[still]
|-fail|p2a: Alomomola
|
|-damage|p2a: Alomomola|76/100 brn|[from] brn
|upkeep
|turn|7
|
|t:|1757796135
|move|p1a: Spell icup|Thunder|p2a: Alomomola
|-supereffective|p2a: Alomomola
|-damage|p2a: Alomomola|22/100 brn
|move|p2a: Alomomola|Mirror Coat|p1a: Spell icup
|-damage|p1a: Spell icup|0 fnt
|faint|p1a: Spell icup
|
|-damage|p2a: Alomomola|16/100 brn|[from] brn
|upkeep
|
|t:|1757796140
|switch|p1a: Dragapult|Dragapult, M|26/100
|turn|8
|
|t:|1757796145
|switch|p2a: Lokix|Lokix, M, shiny|84/100
|-damage|p2a: Lokix|59/100|[from] Stealth Rock
|move|p1a: Dragapult|Dragon Darts|p2a: Lokix
|-damage|p2a: Lokix|28/100
|-anim|p1a: Dragapult|Dragon Darts|p2a: Lokix
|-damage|p2a: Lokix|0 fnt
|faint|p2a: Lokix
|
|upkeep
|
|t:|1757796150
|switch|p2a: Pecharunt|Pecharunt|100/100
|turn|9
|
|t:|1757796155
|move|p1a: Dragapult|U-turn|p2a: Pecharunt
|-resisted|p2a: Pecharunt
|-damage|p2a: Pecharunt|98/100
|
|t:|1757796157
|switch|p1a: Empoleon|Empoleon, F|100/100|[from] U-turn
|move|p2a: Pecharunt|Foul Play|p1a: Empoleon
|-damage|p1a: Empoleon|84/100
|
|-heal|p1a: Empoleon|90/100|[from] item: Leftovers
|upkeep
|turn|10
|
|t:|1757796165
|switch|p1a: Dragapult|Dragapult, M|26/100
|move|p2a: Pecharunt|Parting Shot|p1a: Dragapult
|-unboost|p1a: Dragapult|atk|1
|-unboost|p1a: Dragapult|spa|1
|
|t:|1757796173
|switch|p2a: Alomomola|Alomomola, M, shiny|49/100 brn|[from] Parting Shot
|-damage|p2a: Alomomola|37/100 brn|[from] Stealth Rock
|
|-damage|p2a: Alomomola|30/100 brn|[from] brn
|upkeep
|turn|11
|
|t:|1757796178
|move|p1a: Dragapult|U-turn|p2a: Alomomola
|-damage|p2a: Alomomola|22/100 brn
|
|t:|1757796181
|switch|p1a: Clefable|Clefable, M|100/100|[from] U-turn
|move|p2a: Alomomola|Flip Turn|p1a: Clefable
|-damage|p1a: Clefable|94/100
|
|t:|1757796183
|switch|p2a: Iron Crown|Iron Crown|100/100|[from] Flip Turn
|-damage|p2a: Iron Crown|94/100|[from] Stealth Rock
|
|-heal|p1a: Clefable|99/100|[from] item: Leftovers
|upkeep
|turn|12
|
|t:|1757796189
|move|p2a: Iron Crown|Tachyon Cutter|p1a: Clefable
|-supereffective|p1a: Clefable
|-damage|p1a: Clefable|34/100
|-supereffective|p1a: Clefable
|-damage|p1a: Clefable|0 fnt
|faint|p1a: Clefable
|-hitcount|p1: Clefable|2
|
|upkeep
|
|t:|1757796194
|switch|p1a: Empoleon|Empoleon, F|90/100
|turn|13
|
|t:|1757796200
|-end|p2a: Iron Crown|Quark Drive|[silent]
|switch|p2a: Alomomola|Alomomola, M, shiny|55/100 brn
|-damage|p2a: Alomomola|43/100 brn|[from] Stealth Rock
|move|p1a: Empoleon|Surf|p2a: Alomomola
|-resisted|p2a: Alomomola
|-damage|p2a: Alomomola|30/100 brn
|
|-heal|p1a: Empoleon|96/100|[from] item: Leftovers
|-damage|p2a: Alomomola|24/100 brn|[from] brn
|upkeep
|turn|14
|
|t:|1757796209
|move|p1a: Empoleon|Surf|p2a: Alomomola
|-resisted|p2a: Alomomola
|-damage|p2a: Alomomola|12/100 brn
|move|p2a: Alomomola|Flip Turn|p1a: Empoleon
|-resisted|p1a: Empoleon
|-damage|p1a: Empoleon|91/100
|
|t:|1757796217
|switch|p2a: Great Tusk|Great Tusk, shiny|100/100|[from] Flip Turn
|
|-heal|p1a: Empoleon|97/100|[from] item: Leftovers
|upkeep
|turn|15
|
|t:|1757796220
|move|p2a: Great Tusk|Headlong Rush|p1a: Empoleon
|-supereffective|p1a: Empoleon
|-damage|p1a: Empoleon|0 fnt
|-unboost|p2a: Great Tusk|def|1
|-unboost|p2a: Great Tusk|spd|1
|faint|p1a: Empoleon
|
|upkeep
|-message|Allegedly Stupid forfeited.
|
|win|mysticryn
|raw|Allegedly Stupid's rating: 1479 &rarr; <strong>1464</strong><br />(-15 for losing)
|raw|mysticryn's rating: 1572 &rarr; <strong>1587</strong><br />(+15 for winning)
|l|☆Allegedly Stupid
|player|p1|
|l|‽mysticryn
|player|p2|
