|j|☆luketheidiot
|j|☆Hyjack
|t:|1757912931
|gametype|singles
|player|p1|luketheidiot|iris-gen5bw2|1234
|player|p2|Hyjack|cynthia-gen4|1186
|gen|9
|tier|[Gen 9] OU
|rated|
|rule|HP Percentage Mod: HP is shown in percentages
|rule|Endless Battle Clause: Forcing endless battles is banned
|rule|Species Clause: Limit one of each Pokémon
|rule|OHKO Clause: OHKO moves are banned
|rule|Evasion Items Clause: Evasion items are banned
|rule|Evasion Moves Clause: Evasion moves are banned
|rule|Evasion Abilities Clause: Evasion abilities are banned
|rule|Sleep Moves Clause: Sleep-inducing moves are banned
|clearpoke
|poke|p1|Darkrai|
|poke|p1|Iron Jugulis|
|poke|p1|Ogerpon-Cornerstone, F|
|poke|p1|Meowscarada, M|
|poke|p1|Maushold|
|poke|p1|Hitmonlee, M|
|poke|p2|Hydrapple, F|
|poke|p2|Primarina, M|
|poke|p2|Heatran, F|
|poke|p2|Thundurus, M|
|poke|p2|Great Tusk|
|poke|p2|Scizor, M|
|teampreview
|inactive|Battle timer is ON: inactive players will automatically lose when time's up. (requested by luketheidiot)
|
|t:|1757912939
|teamsize|p1|6
|teamsize|p2|6
|start
|switch|p1a: Maushold|Maushold|100/100
|switch|p2a: Hydrapple|Hydrapple, F|100/100
|turn|1
|
|t:|1757912944
|move|p1a: Maushold|Tidy Up|p1a: Maushold
|-boost|p1a: Maushold|atk|1
|-boost|p1a: Maushold|spe|1
|move|p2a: Hydrapple|Body Press|p1a: Maushold
|-supereffective|p1a: Maushold
|-damage|p1a: Maushold|19/100
|
|upkeep
|turn|2
|
|t:|1757912959
|move|p1a: Maushold|Population Bomb|p2a: Hydrapple
|-damage|p2a: Hydrapple|89/100
|-damage|p2a: Hydrapple|76/100
|-damage|p2a: Hydrapple|65/100
|-damage|p2a: Hydrapple|53/100
|-damage|p2a: Hydrapple|42/100
|-damage|p2a: Hydrapple|31/100
|-damage|p2a: Hydrapple|20/100
|-damage|p2a: Hydrapple|8/100
|-damage|p2a: Hydrapple|0 fnt
|faint|p2a: Hydrapple
|-hitcount|p2: Hydrapple|9
|
|upkeep
|
|t:|1757912962
|switch|p2a: Scizor|Scizor, M|100/100
|turn|3
|
|t:|1757912979
|move|p2a: Scizor|Bullet Punch|p1a: Maushold
|-crit|p1a: Maushold
|-damage|p1a: Maushold|0 fnt
|faint|p1a: Maushold
|
|upkeep
|
|t:|1757912987
|switch|p1a: Iron Jugulis|Iron Jugulis|100/100
|turn|4
|
|t:|1757912990
|switch|p2a: Primarina|Primarina, M|100/100
|move|p1a: Iron Jugulis|Earth Power|p2a: Primarina
|-damage|p2a: Primarina|72/100
|
|upkeep
|turn|5
|
|t:|1757912996
|-end|p1a: Iron Jugulis|Quark Drive|[silent]
|switch|p1a: Meowscarada|Meowscarada, M|100/100
|move|p2a: Primarina|Moonblast|p1a: Meowscarada
|-supereffective|p1a: Meowscarada
|-damage|p1a: Meowscarada|0 fnt
|faint|p1a: Meowscarada
|
|upkeep
|
|t:|1757912999
|switch|p1a: Iron Jugulis|Iron Jugulis|100/100
|turn|6
|
|t:|1757913003
|switch|p2a: Thundurus|Thundurus, M|100/100
|move|p1a: Iron Jugulis|Flash Cannon|p2a: Thundurus
|-resisted|p2a: Thundurus
|-damage|p2a: Thundurus|72/100
|-unboost|p2a: Thundurus|spd|1
|
|upkeep
|turn|7
|
|t:|1757913009
|move|p2a: Thundurus|Volt Switch|p1a: Iron Jugulis
|-supereffective|p1a: Iron Jugulis
|-damage|p1a: Iron Jugulis|33/100
|
|t:|1757913012
|switch|p2a: Heatran|Heatran, F|100/100|[from] Volt Switch
|move|p1a: Iron Jugulis|Flash Cannon|p2a: Heatran
|-resisted|p2a: Heatran
|-damage|p2a: Heatran|90/100
|
|-heal|p2a: Heatran|96/100|[from] item: Leftovers
|upkeep
|turn|8
|
|t:|1757913017
|move|p1a: Iron Jugulis|Flash Cannon|p2a: Heatran
|-resisted|p2a: Heatran
|-crit|p2a: Heatran
|-damage|p2a: Heatran|83/100
|move|p2a: Heatran|Stealth Rock|p1a: Iron Jugulis
|-sidestart|p1: luketheidiot|move: Stealth Rock
|
|-heal|p2a: Heatran|89/100|[from] item: Leftovers
|upkeep
|turn|9
|
|t:|1757913021
|move|p1a: Iron Jugulis|Flash Cannon|p2a: Heatran
|-resisted|p2a: Heatran
|-damage|p2a: Heatran|79/100
|move|p2a: Heatran|Magma Storm|p1a: Iron Jugulis
|-damage|p1a: Iron Jugulis|0 fnt
|faint|p1a: Iron Jugulis
|-end|p1a: Iron Jugulis|Quark Drive|[silent]
|
|-heal|p2a: Heatran|85/100|[from] item: Leftovers
|upkeep
|
|t:|1757913025
|switch|p1a: Hitmonlee|Hitmonlee, M|100/100
|-damage|p1a: Hitmonlee|94/100|[from] Stealth Rock
|turn|10
|
|t:|1757913029
|move|p1a: Hitmonlee|Knock Off|p2a: Heatran
|-damage|p2a: Heatran|54/100
|-enditem|p2a: Heatran|Leftovers|[from] move: Knock Off|[of] p1a: Hitmonlee
|move|p2a: Heatran|Taunt|p1a: Hitmonlee
|-start|p1a: Hitmonlee|move: Taunt
|
|upkeep
|turn|11
|
|t:|1757913034
|move|p1a: Hitmonlee|Knock Off|p2a: Heatran
|-damage|p2a: Heatran|33/100
|move|p2a: Heatran|Magma Storm|p1a: Hitmonlee
|-damage|p1a: Hitmonlee|23/100
|-activate|p1a: Hitmonlee|move: Magma Storm|[of] p2a: Heatran
|-enditem|p1a: Hitmonlee|Liechi Berry|[eat]
|-boost|p1a: Hitmonlee|atk|1|[from] item: Liechi Berry
|
|-damage|p1a: Hitmonlee|11/100|[from] move: Magma Storm|[partiallytrapped]
|upkeep
|turn|12
|
|t:|1757913039
|move|p1a: Hitmonlee|Reversal|p2a: Heatran
|-supereffective|p2a: Heatran
|-damage|p2a: Heatran|0 fnt
|faint|p2a: Heatran
|
|-end|p1a: Hitmonlee|Magma Storm|[partiallytrapped]|[silent]
|upkeep
|
|t:|1757913043
|switch|p2a: Great Tusk|Great Tusk|100/100
|turn|13
|
|t:|1757913047
|move|p1a: Hitmonlee|Knock Off|p2a: Great Tusk
|-resisted|p2a: Great Tusk
|-damage|p2a: Great Tusk|84/100
|-enditem|p2a: Great Tusk|Heavy-Duty Boots|[from] move: Knock Off|[of] p1a: Hitmonlee
|move|p2a: Great Tusk|Rapid Spin|p1a: Hitmonlee
|-damage|p1a: Hitmonlee|0 fnt
|-boost|p2a: Great Tusk|spe|1
|faint|p1a: Hitmonlee
|
|upkeep
|
|t:|1757913051
|switch|p1a: Ogerpon|Ogerpon-Cornerstone, F|100/100
|-damage|p1a: Ogerpon|88/100|[from] Stealth Rock
|turn|14
|
|t:|1757913056
|move|p2a: Great Tusk|Close Combat|p1a: Ogerpon
|-supereffective|p1a: Ogerpon
|-damage|p1a: Ogerpon|0 fnt
|-unboost|p2a: Great Tusk|def|1
|-unboost|p2a: Great Tusk|spd|1
|faint|p1a: Ogerpon
|
|upkeep
|
|t:|1757913059
|switch|p1a: Darkrai|Darkrai|100/100
|-damage|p1a: Darkrai|88/100|[from] Stealth Rock
|turn|15
|
|t:|1757913064
|-terastallize|p1a: Darkrai|Poison
|move|p2a: Great Tusk|Headlong Rush|p1a: Darkrai
|-supereffective|p1a: Darkrai
|-damage|p1a: Darkrai|0 fnt
|-unboost|p2a: Great Tusk|def|1
|-unboost|p2a: Great Tusk|spd|1
|faint|p1a: Darkrai
|
|win|Hyjack
|raw|luketheidiot's rating: 1234 &rarr; <strong>1207</strong><br />(-27 for losing)
|raw|Hyjack's rating: 1209 &rarr; <strong>1236</strong><br />(+27 for winning)
|l|☆Hyjack
|player|p2|
|l|☆luketheidiot
|player|p1|
