|j|☆mrpipsbulkyoffense
|j|☆asapbunny
|t:|1757891925
|gametype|singles
|player|p1|mrpipsbulkyoffense|102|1350
|player|p2|asapbunny|266|1455
|gen|9
|tier|[Gen 9] OU
|rated|
|rule|HP Percentage Mod: HP is shown in percentages
|rule|Endless Battle Clause: Forcing endless battles is banned
|rule|Species Clause: Limit one of each Pokémon
|rule|OHKO Clause: OHKO moves are banned
|rule|Evasion Items Clause: Evasion items are banned
|rule|Evasion Moves Clause: Evasion moves are banned
|rule|Evasion Abilities Clause: Evasion abilities are banned
|rule|Sleep Moves Clause: Sleep-inducing moves are banned
|clearpoke
|poke|p1|Lokix, F|
|poke|p1|Cinderace, F|
|poke|p1|Great Tusk|
|poke|p1|Alomomola, F|
|poke|p1|Enamorus, F|
|poke|p1|Slowking-Galar, F|
|poke|p2|Ursaluna, M|
|poke|p2|Slowking, M|
|poke|p2|Cinderace, M|
|poke|p2|Gholdengo|
|poke|p2|Dragapult, F|
|poke|p2|Raikou|
|teampreview
|
|t:|1757891947
|teamsize|p1|6
|teamsize|p2|6
|start
|switch|p1a: Alomomola|Alomomola, F|100/100
|switch|p2a: Raikou|Raikou, shiny|100/100
|-ability|p2a: Raikou|Pressure
|turn|1
|
|t:|1757891980
|move|p2a: Raikou|Substitute|p2a: Raikou
|-start|p2a: Raikou|Substitute
|-damage|p2a: Raikou|75/100
|move|p1a: Alomomola|Mirror Coat||[still]
|-fail|p1a: Alomomola
|
|upkeep
|turn|2
|
|t:|1757891999
|switch|p1a: Great Tusk|Great Tusk|100/100
|move|p2a: Raikou|Thunderbolt|p1a: Great Tusk
|-immune|p1a: Great Tusk
|
|upkeep
|turn|3
|
|t:|1757892008
|move|p2a: Raikou|Scald|p1a: Great Tusk
|-supereffective|p1a: Great Tusk
|-damage|p1a: Great Tusk|12/100
|-damage|p2a: Raikou|66/100|[from] item: Life Orb
|move|p1a: Great Tusk|Earthquake|p2a: Raikou
|-supereffective|p2a: Raikou
|-end|p2a: Raikou|Substitute
|
|-heal|p1a: Great Tusk|19/100|[from] item: Leftovers
|upkeep
|turn|4
|
|t:|1757892020
|-end|p1a: Great Tusk|Protosynthesis|[silent]
|switch|p1a: Alomomola|Alomomola, F|100/100
|move|p2a: Raikou|Scald|p1a: Alomomola
|-resisted|p1a: Alomomola
|-damage|p1a: Alomomola|91/100
|-damage|p2a: Raikou|56/100|[from] item: Life Orb
|
|upkeep
|turn|5
|
|t:|1757892050
|move|p2a: Raikou|Thunderbolt|p1a: Alomomola
|-supereffective|p1a: Alomomola
|-damage|p1a: Alomomola|32/100
|-damage|p2a: Raikou|46/100|[from] item: Life Orb
|move|p1a: Alomomola|Body Slam|p2a: Raikou
|-damage|p2a: Raikou|29/100
|
|upkeep
|turn|6
|
|t:|1757892068
|-terastallize|p1a: Alomomola|Normal
|move|p2a: Raikou|Thunderbolt|p1a: Alomomola
|-damage|p1a: Alomomola|0 fnt
|faint|p1a: Alomomola
|-damage|p2a: Raikou|19/100|[from] item: Life Orb
|
|upkeep
|
|t:|1757892082
|switch|p1a: Lokix|Lokix, F|100/100
|turn|7
|
|t:|1757892086
|move|p1a: Lokix|First Impression|p2a: Raikou
|-damage|p2a: Raikou|0 fnt
|faint|p2a: Raikou
|
|upkeep
|
|t:|1757892089
|switch|p2a: Cinderace|Cinderace, M|100/100
|turn|8
|
|t:|1757892097
|switch|p1a: Slowking|Slowking-Galar, F|100/100
|move|p2a: Cinderace|U-turn|p1a: Slowking
|-start|p2a: Cinderace|typechange|Bug|[from] ability: Libero
|-damage|p1a: Slowking|76/100
|
|t:|1757892104
|switch|p2a: Ursaluna|Ursaluna, M|100/100|[from] U-turn
|
|-status|p2a: Ursaluna|brn|[from] item: Flame Orb
|upkeep
|turn|9
|
|t:|1757892114
|move|p2a: Ursaluna|Facade|p1a: Slowking
|-damage|p1a: Slowking|0 fnt
|faint|p1a: Slowking
|
|-damage|p2a: Ursaluna|94/100 brn|[from] brn
|upkeep
|
|t:|1757892133
|switch|p1a: Enamorus|Enamorus, F|100/100
|turn|10
|
|t:|1757892139
|move|p1a: Enamorus|Moonblast|p2a: Ursaluna
|-damage|p2a: Ursaluna|43/100 brn
|-unboost|p2a: Ursaluna|spa|1
|move|p2a: Ursaluna|Facade|p1a: Enamorus
|-damage|p1a: Enamorus|0 fnt
|faint|p1a: Enamorus
|
|-damage|p2a: Ursaluna|37/100 brn|[from] brn
|upkeep
|
|t:|1757892152
|switch|p1a: Lokix|Lokix, F|100/100
|turn|11
|
|t:|1757892166
|move|p1a: Lokix|U-turn|p2a: Ursaluna
|-damage|p2a: Ursaluna|0 fnt
|faint|p2a: Ursaluna
|
|t:|1757892171
|switch|p1a: Cinderace|Cinderace, F|100/100|[from] U-turn
|
|upkeep
|
|t:|1757892182
|switch|p2a: Dragapult|Dragapult, F|100/100
|turn|12
|
|t:|1757892189
|move|p2a: Dragapult|Dragon Darts|p1a: Cinderace
|-damage|p1a: Cinderace|53/100
|-anim|p2a: Dragapult|Dragon Darts|p1a: Cinderace
|-damage|p1a: Cinderace|7/100
|move|p1a: Cinderace|U-turn|p2a: Dragapult
|-resisted|p2a: Dragapult
|-damage|p2a: Dragapult|87/100
|
|t:|1757892200
|switch|p1a: Lokix|Lokix, F|100/100|[from] U-turn
|
|upkeep
|turn|13
|
|t:|1757892205
|switch|p2a: Slowking|Slowking, M|100/100
|move|p1a: Lokix|First Impression|p2a: Slowking
|-supereffective|p2a: Slowking
|-damage|p2a: Slowking|0 fnt
|faint|p2a: Slowking
|
|upkeep
|
|t:|1757892213
|switch|p2a: Cinderace|Cinderace, M|100/100
|turn|14
|
|t:|1757892219
|switch|p1a: Cinderace|Cinderace, F|7/100
|move|p2a: Cinderace|Pyro Ball|p1a: Cinderace
|-resisted|p1a: Cinderace
|-crit|p1a: Cinderace
|-damage|p1a: Cinderace|0 fnt
|faint|p1a: Cinderace
|
|upkeep
|
|t:|1757892229
|switch|p1a: Lokix|Lokix, F|100/100
|turn|15
|
|t:|1757892236
|switch|p2a: Gholdengo|Gholdengo|100/100
|move|p1a: Lokix|First Impression|p2a: Gholdengo
|-resisted|p2a: Gholdengo
|-damage|p2a: Gholdengo|70/100
|
|upkeep
|turn|16
|
|t:|1757892244
|switch|p1a: Great Tusk|Great Tusk|19/100
|move|p2a: Gholdengo|Shadow Ball|p1a: Great Tusk
|-damage|p1a: Great Tusk|0 fnt
|faint|p1a: Great Tusk
|-end|p1a: Great Tusk|Protosynthesis|[silent]
|
|upkeep
|
|t:|1757892253
|switch|p1a: Lokix|Lokix, F|100/100
|turn|17
|
|t:|1757892257
|move|p1a: Lokix|Knock Off|p2a: Gholdengo
|-supereffective|p2a: Gholdengo
|-damage|p2a: Gholdengo|0 fnt
|-enditem|p2a: Gholdengo|Covert Cloak|[from] move: Knock Off|[of] p1a: Lokix
|faint|p2a: Gholdengo
|
|upkeep
|
|t:|1757892261
|switch|p2a: Cinderace|Cinderace, M|100/100
|turn|18
|
|t:|1757892266
|move|p2a: Cinderace|Pyro Ball|p1a: Lokix
|-supereffective|p1a: Lokix
|-damage|p1a: Lokix|0 fnt
|faint|p1a: Lokix
|
|win|asapbunny
|raw|mrpipsbulkyoffense's rating: 1350 &rarr; <strong>1336</strong><br />(-14 for losing)
|raw|asapbunny's rating: 1455 &rarr; <strong>1469</strong><br />(+14 for winning)
|l|☆asapbunny
|player|p2|
