|j|☆hsysbsbs
|j|☆seasonal mugs
|t:|1757874013
|gametype|singles
|player|p1|hsysbsbs|266|1145
|player|p2|seasonal mugs|2|1123
|gen|9
|tier|[Gen 9] OU
|rated|
|rule|HP Percentage Mod: HP is shown in percentages
|rule|Endless Battle Clause: Forcing endless battles is banned
|rule|Species Clause: Limit one of each Pokémon
|rule|OHKO Clause: OHKO moves are banned
|rule|Evasion Items Clause: Evasion items are banned
|rule|Evasion Moves Clause: Evasion moves are banned
|rule|Evasion Abilities Clause: Evasion abilities are banned
|rule|Sleep Moves Clause: Sleep-inducing moves are banned
|clearpoke
|poke|p1|Goodra-Hisui, M|
|poke|p1|Arcanine-Hisui, M|
|poke|p1|Comfey, F|
|poke|p1|Cinderace, M|
|poke|p1|Araquanid, M|
|poke|p1|Lurantis, F|
|poke|p2|Landorus-Therian, M|
|poke|p2|Skeledirge, M|
|poke|p2|Skarmory, M|
|poke|p2|Hydrapple, M|
|poke|p2|Samurott-Hisui, M|
|poke|p2|Fezandipiti, M|
|teampreview
|inactive|Battle timer is ON: inactive players will automatically lose when time's up. (requested by hsysbsbs)
|
|t:|1757874038
|teamsize|p1|6
|teamsize|p2|6
|start
|switch|p1a: Goodra|Goodra-Hisui, M|100/100
|switch|p2a: Skarmory|Skarmory, M, shiny|100/100
|turn|1
|
|t:|1757874045
|move|p2a: Skarmory|Stealth Rock|p1a: Goodra
|-sidestart|p1: hsysbsbs|move: Stealth Rock
|move|p1a: Goodra|Curse|p1a: Goodra
|-unboost|p1a: Goodra|spe|1
|-boost|p1a: Goodra|atk|1
|-boost|p1a: Goodra|def|1
|
|upkeep
|turn|2
|
|t:|1757874055
|switch|p2a: Skeledirge|Skeledirge, M, shiny|100/100
|move|p1a: Goodra|Knock Off|p2a: Skeledirge
|-supereffective|p2a: Skeledirge
|-damage|p2a: Skeledirge|69/100
|-enditem|p2a: Skeledirge|Heavy-Duty Boots|[from] move: Knock Off|[of] p1a: Goodra
|
|upkeep
|turn|3
|
|t:|1757874066
|move|p2a: Skeledirge|Torch Song|p1a: Goodra
|-damage|p1a: Goodra|85/100
|-boost|p2a: Skeledirge|spa|1
|move|p1a: Goodra|Earthquake|p2a: Skeledirge
|-supereffective|p2a: Skeledirge
|-damage|p2a: Skeledirge|35/100
|
|upkeep
|turn|4
|
|t:|1757874079
|move|p2a: Skeledirge|Slack Off|p2a: Skeledirge
|-heal|p2a: Skeledirge|85/100
|move|p1a: Goodra|Earthquake|p2a: Skeledirge
|-supereffective|p2a: Skeledirge
|-damage|p2a: Skeledirge|51/100
|
|upkeep
|turn|5
|
|t:|1757874086
|move|p2a: Skeledirge|Earth Power|p1a: Goodra
|-supereffective|p1a: Goodra
|-damage|p1a: Goodra|49/100
|-enditem|p1a: Goodra|Sitrus Berry|[eat]
|-heal|p1a: Goodra|74/100|[from] item: Sitrus Berry
|move|p1a: Goodra|Earthquake|p2a: Skeledirge
|-supereffective|p2a: Skeledirge
|-damage|p2a: Skeledirge|17/100
|
|upkeep
|turn|6
|
|t:|1757874107
|move|p2a: Skeledirge|Slack Off|p2a: Skeledirge
|-heal|p2a: Skeledirge|67/100
|move|p1a: Goodra|Knock Off|p2a: Skeledirge
|-supereffective|p2a: Skeledirge
|-damage|p2a: Skeledirge|46/100
|
|upkeep
|turn|7
|
|t:|1757874115
|-terastallize|p1a: Goodra|Flying
|move|p2a: Skeledirge|Slack Off|p2a: Skeledirge
|-heal|p2a: Skeledirge|96/100
|move|p1a: Goodra|Earthquake|p2a: Skeledirge
|-supereffective|p2a: Skeledirge
|-damage|p2a: Skeledirge|61/100
|
|upkeep
|turn|8
|
|t:|1757874123
|move|p2a: Skeledirge|Torch Song|p1a: Goodra
|-damage|p1a: Goodra|48/100
|-boost|p2a: Skeledirge|spa|1
|move|p1a: Goodra|Earthquake|p2a: Skeledirge
|-supereffective|p2a: Skeledirge
|-damage|p2a: Skeledirge|26/100
|
|upkeep
|turn|9
|
|t:|1757874131
|move|p2a: Skeledirge|Slack Off|p2a: Skeledirge
|-heal|p2a: Skeledirge|76/100
|move|p1a: Goodra|Earthquake|p2a: Skeledirge
|-supereffective|p2a: Skeledirge
|-damage|p2a: Skeledirge|42/100
|
|upkeep
|turn|10
|
|t:|1757874138
|move|p2a: Skeledirge|Slack Off|p2a: Skeledirge
|-heal|p2a: Skeledirge|92/100
|move|p1a: Goodra|Earthquake|p2a: Skeledirge
|-supereffective|p2a: Skeledirge
|-damage|p2a: Skeledirge|54/100
|
|upkeep
|turn|11
|
|t:|1757874145
|move|p2a: Skeledirge|Torch Song|p1a: Goodra
|-damage|p1a: Goodra|18/100
|-boost|p2a: Skeledirge|spa|1
|move|p1a: Goodra|Earthquake|p2a: Skeledirge
|-supereffective|p2a: Skeledirge
|-damage|p2a: Skeledirge|17/100
|
|upkeep
|turn|12
|
|t:|1757874153
|move|p2a: Skeledirge|Slack Off|p2a: Skeledirge
|-heal|p2a: Skeledirge|67/100
|move|p1a: Goodra|Earthquake|p2a: Skeledirge
|-supereffective|p2a: Skeledirge
|-damage|p2a: Skeledirge|31/100
|
|upkeep
|turn|13
|
|t:|1757874172
|move|p2a: Skeledirge|Slack Off|p2a: Skeledirge
|-heal|p2a: Skeledirge|81/100
|move|p1a: Goodra|Earthquake|p2a: Skeledirge
|-supereffective|p2a: Skeledirge
|-damage|p2a: Skeledirge|44/100
|
|upkeep
|turn|14
|
|t:|1757874179
|move|p2a: Skeledirge|Slack Off|p2a: Skeledirge
|-heal|p2a: Skeledirge|94/100
|move|p1a: Goodra|Earthquake|p2a: Skeledirge
|-supereffective|p2a: Skeledirge
|-damage|p2a: Skeledirge|60/100
|
|upkeep
|turn|15
|
|t:|1757874187
|move|p2a: Skeledirge|Torch Song|p1a: Goodra
|-damage|p1a: Goodra|0 fnt
|-boost|p2a: Skeledirge|spa|1
|faint|p1a: Goodra
|
|upkeep
|
|t:|1757874194
|switch|p1a: Araquanid|Araquanid, M|100/100
|-damage|p1a: Araquanid|76/100|[from] Stealth Rock
|turn|16
|
|t:|1757874200
|-terastallize|p2a: Skeledirge|Ice
|move|p2a: Skeledirge|Torch Song|p1a: Araquanid
|-damage|p1a: Araquanid|43/100
|-boost|p2a: Skeledirge|spa|1
|move|p1a: Araquanid|Liquidation|p2a: Skeledirge
|-damage|p2a: Skeledirge|26/100
|-unboost|p2a: Skeledirge|def|1
|
|-heal|p1a: Araquanid|49/100|[from] item: Leftovers
|upkeep
|turn|17
|
|t:|1757874213
|move|p2a: Skeledirge|Torch Song|p1a: Araquanid
|-damage|p1a: Araquanid|9/100
|-boost|p2a: Skeledirge|spa|1
|move|p1a: Araquanid|Liquidation|p2a: Skeledirge
|-damage|p2a: Skeledirge|0 fnt
|faint|p2a: Skeledirge
|
|-heal|p1a: Araquanid|16/100|[from] item: Leftovers
|upkeep
|
|t:|1757874230
|switch|p2a: Skarmory|Skarmory, M, shiny|100/100
|turn|18
|
|t:|1757874238
|move|p2a: Skarmory|Body Press|p1a: Araquanid
|-resisted|p1a: Araquanid
|-damage|p1a: Araquanid|0 fnt
|faint|p1a: Araquanid
|
|upkeep
|
|t:|1757874254
|switch|p1a: Lurantis|Lurantis, F|100/100
|-damage|p1a: Lurantis|88/100|[from] Stealth Rock
|turn|19
|
|t:|1757874260
|move|p2a: Skarmory|Brave Bird|p1a: Lurantis
|-supereffective|p1a: Lurantis
|-damage|p1a: Lurantis|10/100
|-damage|p2a: Skarmory|74/100|[from] Recoil
|move|p1a: Lurantis|Superpower|p2a: Skarmory
|-damage|p2a: Skarmory|52/100
|-boost|p1a: Lurantis|atk|1
|-boost|p1a: Lurantis|def|1
|-damage|p1a: Lurantis|0 fnt|[from] item: Rocky Helmet|[of] p2a: Skarmory
|faint|p1a: Lurantis
|
|upkeep
|
|t:|1757874274
|switch|p1a: Cinderace|Cinderace, M|100/100
|turn|20
|
|t:|1757874284
|switch|p2a: Samurott|Samurott-Hisui, M, shiny|100/100
|move|p1a: Cinderace|Pyro Ball|p2a: Samurott
|-resisted|p2a: Samurott
|-damage|p2a: Samurott|62/100
|
|upkeep
|turn|21
|
|t:|1757874292
|move|p1a: Cinderace|Court Change|p1a: Cinderace
|-start|p1a: Cinderace|typechange|Normal|[from] ability: Libero
|-swapsideconditions
|-activate|p1a: Cinderace|move: Court Change
|move|p2a: Samurott|Flip Turn|p1a: Cinderace
|-damage|p1a: Cinderace|58/100
|
|t:|1757874300
|switch|p2a: Skarmory|Skarmory, M, shiny|52/100|[from] Flip Turn
|-damage|p2a: Skarmory|40/100|[from] Stealth Rock
|
|upkeep
|turn|22
|
|t:|1757874306
|move|p1a: Cinderace|Pyro Ball|p2a: Skarmory
|-supereffective|p2a: Skarmory
|-damage|p2a: Skarmory|0 fnt
|faint|p2a: Skarmory
|
|upkeep
|
|t:|1757874320
|switch|p2a: Leviatan|Hydrapple, M, shiny|100/100
|turn|23
|
|t:|1757874328
|move|p1a: Cinderace|Pyro Ball|p2a: Leviatan
|-damage|p2a: Leviatan|73/100
|move|p2a: Leviatan|Fickle Beam|p1a: Cinderace
|-damage|p1a: Cinderace|0 fnt
|faint|p1a: Cinderace
|
|upkeep
|
|t:|1757874336
|switch|p1a: Comfey|Comfey, F|100/100
|turn|24
|
|t:|1757874342
|switch|p2a: Fezandipiti|Fezandipiti, M|100/100
|move|p1a: Comfey|Calm Mind|p1a: Comfey
|-boost|p1a: Comfey|spa|1
|-boost|p1a: Comfey|spd|1
|
|upkeep
|turn|25
|
|t:|1757874362
|move|p2a: Fezandipiti|Calm Mind|p2a: Fezandipiti
|-boost|p2a: Fezandipiti|spa|1
|-boost|p2a: Fezandipiti|spd|1
|move|p1a: Comfey|Taunt|p2a: Fezandipiti
|-start|p2a: Fezandipiti|move: Taunt
|
|upkeep
|turn|26
|inactive|seasonal mugs has 120 seconds left.
|
|t:|1757874421
|move|p2a: Fezandipiti|Sludge Bomb|p1a: Comfey
|-supereffective|p1a: Comfey
|-damage|p1a: Comfey|46/100
|move|p1a: Comfey|Calm Mind|p1a: Comfey
|-boost|p1a: Comfey|spa|1
|-boost|p1a: Comfey|spd|1
|
|-heal|p1a: Comfey|52/100|[from] item: Leftovers
|upkeep
|turn|27
|
|t:|1757874431
|move|p1a: Comfey|Giga Drain|p2a: Fezandipiti
|-resisted|p2a: Fezandipiti
|-damage|p2a: Fezandipiti|93/100
|-heal|p1a: Comfey|57/100|[from] drain|[of] p2a: Fezandipiti
|move|p2a: Fezandipiti|Sludge Bomb|p1a: Comfey
|-supereffective|p1a: Comfey
|-damage|p1a: Comfey|18/100
|-status|p1a: Comfey|psn
|
|-heal|p1a: Comfey|24/100 psn|[from] item: Leftovers
|-damage|p1a: Comfey|12/100 psn|[from] psn
|upkeep
|turn|28
|
|t:|1757874447
|move|p1a: Comfey|Draining Kiss|p2a: Fezandipiti
|-resisted|p2a: Fezandipiti
|-damage|p2a: Fezandipiti|85/100
|-heal|p1a: Comfey|19/100 psn|[from] drain|[of] p2a: Fezandipiti
|move|p2a: Fezandipiti|Moonblast|p1a: Comfey
|-damage|p1a: Comfey|0 fnt
|faint|p1a: Comfey
|
|-end|p2a: Fezandipiti|move: Taunt
|upkeep
|
|t:|1757874458
|switch|p1a: Arcanine|Arcanine-Hisui, M|100/100
|-ability|p1a: Arcanine|Intimidate|boost
|-unboost|p2a: Fezandipiti|atk|1
|turn|29
|
|t:|1757874469
|move|p1a: Arcanine|Flare Blitz|p2a: Fezandipiti
|-damage|p2a: Fezandipiti|24/100
|-damage|p1a: Arcanine|77/100|[from] Recoil
|move|p2a: Fezandipiti|Moonblast|p1a: Arcanine
|-resisted|p1a: Arcanine
|-damage|p1a: Arcanine|54/100
|
|-heal|p1a: Arcanine|60/100|[from] item: Leftovers
|upkeep
|turn|30
|
|t:|1757874480
|move|p1a: Arcanine|Flare Blitz|p2a: Fezandipiti
|-damage|p2a: Fezandipiti|0 fnt
|faint|p2a: Fezandipiti
|-damage|p1a: Arcanine|51/100|[from] Recoil
|
|-heal|p1a: Arcanine|57/100|[from] item: Leftovers
|upkeep
|
|t:|1757874490
|switch|p2a: Samurott|Samurott-Hisui, M, shiny|62/100
|turn|31
|
|t:|1757874496
|move|p1a: Arcanine|Extreme Speed|p2a: Samurott
|-damage|p2a: Samurott|32/100
|move|p2a: Samurott|Flip Turn|p1a: Arcanine
|-supereffective|p1a: Arcanine
|-damage|p1a: Arcanine|0 fnt
|faint|p1a: Arcanine
|
|win|seasonal mugs
|raw|hsysbsbs's rating: 1145 &rarr; <strong>1118</strong><br />(-27 for losing)
|raw|seasonal mugs's rating: 1123 &rarr; <strong>1150</strong><br />(+27 for winning)
|l|☆hsysbsbs
|player|p1|
|l|☆seasonal mugs
|player|p2|
