|j|☆Gym Leader Bert
|j|☆Acauci
|t:|1757828920
|gametype|singles
|player|p1|Gym Leader Bert|gentleman-gen4|1253
|player|p2|Acauci|265|1275
|gen|9
|tier|[Gen 9] OU
|rated|
|rule|HP Percentage Mod: HP is shown in percentages
|rule|Endless Battle Clause: Forcing endless battles is banned
|rule|Species Clause: Limit one of each Pokémon
|rule|OHKO Clause: OHKO moves are banned
|rule|Evasion Items Clause: Evasion items are banned
|rule|Evasion Moves Clause: Evasion moves are banned
|rule|Evasion Abilities Clause: Evasion abilities are banned
|rule|Sleep Moves Clause: Sleep-inducing moves are banned
|clearpoke
|poke|p1|Torkoal, M|
|poke|p1|Hatterene, F|
|poke|p1|Walking Wake|
|poke|p1|Dragapult, M|
|poke|p1|Cloyster, F|
|poke|p1|Corviknight, F|
|poke|p2|Kingambit, F|
|poke|p2|Zamazenta-*|
|poke|p2|Dragapult, F|
|poke|p2|Iron Treads|
|poke|p2|Clefable, M|
|poke|p2|Iron Moth|
|teampreview
|
|t:|1757828928
|teamsize|p1|6
|teamsize|p2|6
|start
|switch|p1a: Cloyster|Cloyster, F|100/100
|switch|p2a: Iron Treads|Iron Treads|100/100
|-enditem|p2a: Iron Treads|Booster Energy
|-activate|p2a: Iron Treads|ability: Quark Drive|[fromitem]
|-start|p2a: Iron Treads|quarkdrivedef
|turn|1
|
|t:|1757828938
|switch|p1a: Walking Wake|Walking Wake|100/100
|move|p2a: Iron Treads|Body Press|p1a: Walking Wake
|-damage|p1a: Walking Wake|70/100
|
|upkeep
|turn|2
|
|t:|1757828956
|-end|p2a: Iron Treads|Quark Drive|[silent]
|switch|p2a: Clefable|Clefable, M|100/100
|move|p1a: Walking Wake|Hydro Steam|p2a: Clefable
|-damage|p2a: Clefable|45/100
|
|-heal|p2a: Clefable|52/100|[from] item: Leftovers
|upkeep
|turn|3
|
|t:|1757828964
|-end|p1a: Walking Wake|Protosynthesis|[silent]
|switch|p1a: Hatterene|Hatterene, F|100/100
|move|p2a: Clefable|Moonlight|p2a: Clefable
|-heal|p2a: Clefable|100/100
|
|upkeep
|turn|4
|
|t:|1757828971
|switch|p2a: Iron Treads|Iron Treads|100/100
|switch|p1a: Sun God Koal|Torkoal, M|100/100
|-weather|SunnyDay|[from] ability: Drought|[of] p1a: Sun God Koal
|
|-weather|SunnyDay|[upkeep]
|upkeep
|turn|5
|
|t:|1757828982
|move|p2a: Iron Treads|Knock Off|p1a: Sun God Koal
|-damage|p1a: Sun God Koal|81/100
|-enditem|p1a: Sun God Koal|Eject Pack|[from] move: Knock Off|[of] p2a: Iron Treads
|move|p1a: Sun God Koal|Overheat|p2a: Iron Treads|[miss]
|-miss|p1a: Sun God Koal|p2a: Iron Treads
|
|-weather|SunnyDay|[upkeep]
|upkeep
|turn|6
|
|t:|1757828991
|-end|p2a: Iron Treads|Quark Drive|[silent]
|switch|p2a: Iron Moth|Iron Moth|100/100
|-enditem|p2a: Iron Moth|Booster Energy
|-activate|p2a: Iron Moth|ability: Quark Drive|[fromitem]
|-start|p2a: Iron Moth|quarkdrivespa
|-terastallize|p1a: Sun God Koal|Ground
|move|p1a: Sun God Koal|Overheat|p2a: Iron Moth
|-resisted|p2a: Iron Moth
|-damage|p2a: Iron Moth|63/100
|-unboost|p1a: Sun God Koal|spa|2
|
|-weather|SunnyDay|[upkeep]
|upkeep
|turn|7
|
|t:|1757829003
|switch|p1a: Walking Wake|Walking Wake|70/100
|-activate|p1a: Walking Wake|ability: Protosynthesis
|-start|p1a: Walking Wake|protosynthesisspe
|move|p2a: Iron Moth|Energy Ball|p1a: Walking Wake
|-damage|p1a: Walking Wake|22/100
|
|-weather|SunnyDay|[upkeep]
|upkeep
|turn|8
|
|t:|1757829014
|move|p1a: Walking Wake|Hydro Steam|p2a: Iron Moth
|-supereffective|p2a: Iron Moth
|-damage|p2a: Iron Moth|0 fnt
|faint|p2a: Iron Moth
|-end|p2a: Iron Moth|Quark Drive|[silent]
|
|-weather|none
|-end|p1a: Walking Wake|Protosynthesis
|upkeep
|
|t:|1757829025
|switch|p2a: Clefable|Clefable, M|100/100
|turn|9
|
|t:|1757829029
|-end|p1a: Walking Wake|Protosynthesis|[silent]
|switch|p1a: Corviknight|Corviknight, F|100/100
|move|p2a: Clefable|Calm Mind|p2a: Clefable
|-boost|p2a: Clefable|spa|1
|-boost|p2a: Clefable|spd|1
|
|upkeep
|turn|10
|
|t:|1757829040
|move|p1a: Corviknight|Brave Bird|p2a: Clefable
|-damage|p2a: Clefable|63/100
|-damage|p1a: Corviknight|86/100|[from] Recoil
|move|p2a: Clefable|Chilling Water|p1a: Corviknight
|-damage|p1a: Corviknight|71/100
|-ability|p1a: Corviknight|Mirror Armor
|-unboost|p2a: Clefable|atk|1
|
|-heal|p1a: Corviknight|77/100|[from] item: Leftovers
|-heal|p2a: Clefable|69/100|[from] item: Leftovers
|upkeep
|turn|11
|
|t:|1757829050
|move|p1a: Corviknight|Brave Bird|p2a: Clefable
|-damage|p2a: Clefable|34/100
|-damage|p1a: Corviknight|63/100|[from] Recoil
|move|p2a: Clefable|Moonlight|p2a: Clefable
|-heal|p2a: Clefable|84/100
|
|-heal|p1a: Corviknight|70/100|[from] item: Leftovers
|-heal|p2a: Clefable|90/100|[from] item: Leftovers
|upkeep
|turn|12
|
|t:|1757829060
|move|p1a: Corviknight|Brave Bird|p2a: Clefable
|-crit|p2a: Clefable
|-damage|p2a: Clefable|38/100
|-damage|p1a: Corviknight|49/100|[from] Recoil
|move|p2a: Clefable|Calm Mind|p2a: Clefable
|-boost|p2a: Clefable|spa|1
|-boost|p2a: Clefable|spd|1
|
|-heal|p1a: Corviknight|56/100|[from] item: Leftovers
|-heal|p2a: Clefable|44/100|[from] item: Leftovers
|upkeep
|turn|13
|
|t:|1757829069
|move|p1a: Corviknight|U-turn|p2a: Clefable
|-resisted|p2a: Clefable
|-damage|p2a: Clefable|37/100
|
|t:|1757829072
|switch|p1a: Cloyster|Cloyster, F|100/100|[from] U-turn
|move|p2a: Clefable|Moonlight|p2a: Clefable
|-heal|p2a: Clefable|87/100
|
|-heal|p2a: Clefable|93/100|[from] item: Leftovers
|upkeep
|turn|14
|
|t:|1757829081
|move|p1a: Cloyster|Icicle Spear|p2a: Clefable
|-damage|p2a: Clefable|85/100
|-damage|p2a: Clefable|75/100
|-damage|p2a: Clefable|67/100
|-damage|p2a: Clefable|58/100
|-damage|p2a: Clefable|50/100
|-hitcount|p2a: Clefable|5
|move|p2a: Clefable|Moonblast|p1a: Cloyster
|-enditem|p1a: Cloyster|Focus Sash
|-damage|p1a: Cloyster|1/100
|
|-heal|p2a: Clefable|56/100|[from] item: Leftovers
|upkeep
|turn|15
|
|t:|1757829094
|move|p1a: Cloyster|Shell Smash|p1a: Cloyster
|-unboost|p1a: Cloyster|def|1
|-unboost|p1a: Cloyster|spd|1
|-boost|p1a: Cloyster|atk|2
|-boost|p1a: Cloyster|spa|2
|-boost|p1a: Cloyster|spe|2
|move|p2a: Clefable|Moonlight|p2a: Clefable
|-heal|p2a: Clefable|100/100
|
|upkeep
|turn|16
|
|t:|1757829102
|move|p1a: Cloyster|Icicle Spear|p2a: Clefable
|-damage|p2a: Clefable|92/100
|-damage|p2a: Clefable|82/100
|-damage|p2a: Clefable|74/100
|-damage|p2a: Clefable|65/100
|-damage|p2a: Clefable|57/100
|-hitcount|p2a: Clefable|5
|move|p2a: Clefable|Chilling Water|p1a: Cloyster
|-resisted|p1a: Cloyster
|-damage|p1a: Cloyster|0 fnt
|faint|p1a: Cloyster
|
|-heal|p2a: Clefable|63/100|[from] item: Leftovers
|upkeep
|
|t:|1757829115
|switch|p1a: Corviknight|Corviknight, F|56/100
|turn|17
|
|t:|1757829118
|move|p1a: Corviknight|Brave Bird|p2a: Clefable
|-crit|p2a: Clefable
|-damage|p2a: Clefable|5/100
|-damage|p1a: Corviknight|33/100|[from] Recoil
|move|p2a: Clefable|Moonlight|p2a: Clefable
|-heal|p2a: Clefable|55/100
|
|-heal|p1a: Corviknight|39/100|[from] item: Leftovers
|-heal|p2a: Clefable|61/100|[from] item: Leftovers
|upkeep
|turn|18
|
|t:|1757829127
|move|p1a: Corviknight|Roost|p1a: Corviknight
|-heal|p1a: Corviknight|90/100
|-singleturn|p1a: Corviknight|move: Roost
|move|p2a: Clefable|Moonlight|p2a: Clefable
|-heal|p2a: Clefable|100/100
|
|-heal|p1a: Corviknight|96/100|[from] item: Leftovers
|upkeep
|turn|19
|
|t:|1757829135
|move|p1a: Corviknight|Brave Bird|p2a: Clefable
|-damage|p2a: Clefable|67/100
|-damage|p1a: Corviknight|83/100|[from] Recoil
|move|p2a: Clefable|Calm Mind|p2a: Clefable
|-boost|p2a: Clefable|spa|1
|-boost|p2a: Clefable|spd|1
|
|-heal|p1a: Corviknight|89/100|[from] item: Leftovers
|-heal|p2a: Clefable|73/100|[from] item: Leftovers
|upkeep
|turn|20
|
|t:|1757829144
|move|p1a: Corviknight|Brave Bird|p2a: Clefable
|-damage|p2a: Clefable|39/100
|-damage|p1a: Corviknight|76/100|[from] Recoil
|move|p2a: Clefable|Moonlight|p2a: Clefable
|-heal|p2a: Clefable|89/100
|
|-heal|p1a: Corviknight|82/100|[from] item: Leftovers
|-heal|p2a: Clefable|95/100|[from] item: Leftovers
|upkeep
|turn|21
|
|t:|1757829157
|move|p1a: Corviknight|Brave Bird|p2a: Clefable
|-damage|p2a: Clefable|55/100
|-damage|p1a: Corviknight|67/100|[from] Recoil
|move|p2a: Clefable|Calm Mind|p2a: Clefable
|-boost|p2a: Clefable|spa|1
|-boost|p2a: Clefable|spd|1
|
|-heal|p1a: Corviknight|73/100|[from] item: Leftovers
|-heal|p2a: Clefable|61/100|[from] item: Leftovers
|upkeep
|turn|22
|
|t:|1757829168
|move|p1a: Corviknight|Roost|p1a: Corviknight
|-heal|p1a: Corviknight|100/100
|-singleturn|p1a: Corviknight|move: Roost
|move|p2a: Clefable|Moonlight|p2a: Clefable
|-heal|p2a: Clefable|100/100
|
|upkeep
|turn|23
|
|t:|1757829176
|move|p1a: Corviknight|Brave Bird|p2a: Clefable
|-damage|p2a: Clefable|63/100
|-damage|p1a: Corviknight|86/100|[from] Recoil
|move|p2a: Clefable|Chilling Water|p1a: Corviknight
|-damage|p1a: Corviknight|54/100
|-ability|p1a: Corviknight|Mirror Armor
|-unboost|p2a: Clefable|atk|1
|
|-heal|p1a: Corviknight|60/100|[from] item: Leftovers
|-heal|p2a: Clefable|69/100|[from] item: Leftovers
|upkeep
|turn|24
|
|t:|1757829187
|move|p1a: Corviknight|Roost|p1a: Corviknight
|-heal|p1a: Corviknight|100/100
|-singleturn|p1a: Corviknight|move: Roost
|move|p2a: Clefable|Chilling Water|p1a: Corviknight
|-damage|p1a: Corviknight|67/100
|-ability|p1a: Corviknight|Mirror Armor
|-unboost|p2a: Clefable|atk|1
|
|-heal|p1a: Corviknight|73/100|[from] item: Leftovers
|-heal|p2a: Clefable|75/100|[from] item: Leftovers
|upkeep
|turn|25
|
|t:|1757829197
|move|p1a: Corviknight|Brave Bird|p2a: Clefable
|-damage|p2a: Clefable|40/100
|-damage|p1a: Corviknight|60/100|[from] Recoil
|move|p2a: Clefable|Chilling Water|p1a: Corviknight
|-crit|p1a: Corviknight
|-damage|p1a: Corviknight|15/100
|-ability|p1a: Corviknight|Mirror Armor
|-unboost|p2a: Clefable|atk|1
|
|-heal|p1a: Corviknight|21/100|[from] item: Leftovers
|-heal|p2a: Clefable|46/100|[from] item: Leftovers
|upkeep
|turn|26
|
|t:|1757829208
|move|p1a: Corviknight|Brave Bird|p2a: Clefable
|-damage|p2a: Clefable|9/100
|-damage|p1a: Corviknight|6/100|[from] Recoil
|move|p2a: Clefable|Chilling Water|p1a: Corviknight
|-damage|p1a: Corviknight|0 fnt
|faint|p1a: Corviknight
|
|-heal|p2a: Clefable|15/100|[from] item: Leftovers
|upkeep
|
|t:|1757829214
|switch|p1a: Walking Wake|Walking Wake|22/100
|turn|27
|
|t:|1757829221
|move|p1a: Walking Wake|Flip Turn|p2a: Clefable
|-damage|p2a: Clefable|2/100
|
|t:|1757829224
|-end|p1a: Walking Wake|Protosynthesis|[silent]
|switch|p1a: Sun God Koal|Torkoal, M, tera:Ground|81/100|[from] Flip Turn
|-weather|SunnyDay|[from] ability: Drought|[of] p1a: Sun God Koal
|move|p2a: Clefable|Moonblast|p1a: Sun God Koal
|-crit|p1a: Sun God Koal
|-damage|p1a: Sun God Koal|0 fnt
|faint|p1a: Sun God Koal
|
|-weather|SunnyDay|[upkeep]
|-heal|p2a: Clefable|8/100|[from] item: Leftovers
|upkeep
|
|t:|1757829232
|switch|p1a: Walking Wake|Walking Wake|22/100
|-activate|p1a: Walking Wake|ability: Protosynthesis
|-start|p1a: Walking Wake|protosynthesisspe
|turn|28
|
|t:|1757829237
|move|p1a: Walking Wake|Hydro Steam|p2a: Clefable
|-damage|p2a: Clefable|0 fnt
|faint|p2a: Clefable
|
|-weather|SunnyDay|[upkeep]
|upkeep
|
|t:|1757829245
|switch|p2a: Zamazenta|Zamazenta|100/100
|-ability|p2a: Zamazenta|Dauntless Shield|boost
|-boost|p2a: Zamazenta|def|1
|turn|29
|
|t:|1757829256
|move|p1a: Walking Wake|Hydro Steam|p2a: Zamazenta
|-damage|p2a: Zamazenta|43/100
|move|p2a: Zamazenta|Ice Fang|p1a: Walking Wake
|-damage|p1a: Walking Wake|0 fnt
|faint|p1a: Walking Wake
|-end|p1a: Walking Wake|Protosynthesis|[silent]
|
|-weather|SunnyDay|[upkeep]
|upkeep
|
|t:|1757829261
|switch|p1a: Dragapult|Dragapult, M|100/100
|turn|30
|
|t:|1757829267
|move|p1a: Dragapult|Dragon Dance|p1a: Dragapult
|-boost|p1a: Dragapult|atk|1
|-boost|p1a: Dragapult|spe|1
|move|p2a: Zamazenta|Ice Fang|p1a: Dragapult
|-supereffective|p1a: Dragapult
|-damage|p1a: Dragapult|51/100
|
|-weather|SunnyDay|[upkeep]
|upkeep
|turn|31
|
|t:|1757829280
|move|p1a: Dragapult|Dragon Dance|p1a: Dragapult
|-boost|p1a: Dragapult|atk|1
|-boost|p1a: Dragapult|spe|1
|move|p2a: Zamazenta|Ice Fang|p1a: Dragapult
|-supereffective|p1a: Dragapult
|-damage|p1a: Dragapult|0 fnt
|faint|p1a: Dragapult
|
|-weather|none
|upkeep
|
|t:|1757829283
|switch|p1a: Hatterene|Hatterene, F|100/100
|turn|32
|
|t:|1757829290
|move|p2a: Zamazenta|Body Press|p1a: Hatterene
|-resisted|p1a: Hatterene
|-damage|p1a: Hatterene|84/100
|move|p1a: Hatterene|Trick Room|p1a: Hatterene
|-fieldstart|move: Trick Room|[of] p1a: Hatterene
|
|upkeep
|turn|33
|
|t:|1757829295
|move|p1a: Hatterene|Draining Kiss|p2a: Zamazenta
|-supereffective|p2a: Zamazenta
|-damage|p2a: Zamazenta|7/100
|-heal|p1a: Hatterene|100/100|[from] drain|[of] p2a: Zamazenta
|move|p2a: Zamazenta|Ice Fang|p1a: Hatterene
|-damage|p1a: Hatterene|78/100
|
|upkeep
|turn|34
|
|t:|1757829303
|move|p2a: Zamazenta|Quick Attack|p1a: Hatterene
|-damage|p1a: Hatterene|63/100
|move|p1a: Hatterene|Psychic|p2a: Zamazenta
|-supereffective|p2a: Zamazenta
|-damage|p2a: Zamazenta|0 fnt
|faint|p2a: Zamazenta
|
|upkeep
|
|t:|1757829313
|switch|p2a: Iron Treads|Iron Treads|100/100
|turn|35
|
|t:|1757829318
|move|p1a: Hatterene|Mystical Fire|p2a: Iron Treads
|-supereffective|p2a: Iron Treads
|-damage|p2a: Iron Treads|17/100
|-unboost|p2a: Iron Treads|spa|1
|move|p2a: Iron Treads|Iron Head|p1a: Hatterene
|-supereffective|p1a: Hatterene
|-damage|p1a: Hatterene|0 fnt
|faint|p1a: Hatterene
|
|win|Acauci
|raw|Gym Leader Bert's rating: 1253 &rarr; <strong>1230</strong><br />(-23 for losing)
|raw|Acauci's rating: 1275 &rarr; <strong>1298</strong><br />(+23 for winning)
|l|☆Gym Leader Bert
|player|p1|
|l|☆Acauci
|player|p2|
