|j|☆OG)Flamelibra
|j|☆ihavealotofgoomys
|t:|1757858644
|gametype|singles
|player|p1|OG)Flamelibra|169|1161
|player|p2|ihavealotofgoomys|parasollady|1107
|gen|9
|tier|[Gen 9] OU
|rated|
|rule|HP Percentage Mod: HP is shown in percentages
|rule|Endless Battle Clause: Forcing endless battles is banned
|rule|Species Clause: Limit one of each Pokémon
|rule|OHKO Clause: OHKO moves are banned
|rule|Evasion Items Clause: Evasion items are banned
|rule|Evasion Moves Clause: Evasion moves are banned
|rule|Evasion Abilities Clause: Evasion abilities are banned
|rule|Sleep Moves Clause: Sleep-inducing moves are banned
|clearpoke
|poke|p1|Garganacl, F|
|poke|p1|Dragapult, F|
|poke|p1|Ogerpon-Wellspring, F|
|poke|p1|Moltres|
|poke|p1|Zamazenta-*|
|poke|p1|Iron Treads|
|poke|p2|Ninetales, F|
|poke|p2|Lilligant-Hisui, F|
|poke|p2|Klefki, F|
|poke|p2|Charizard, F|
|poke|p2|Lurantis, F|
|poke|p2|Clodsire, F|
|teampreview
|
|t:|1757858697
|teamsize|p1|6
|teamsize|p2|6
|start
|switch|p1a: Garganacl|Garganacl, F|100/100
|switch|p2a: Blueberry Pudding|Clodsire, F, shiny|100/100
|turn|1
|
|t:|1757858720
|move|p1a: Garganacl|Salt Cure|p2a: Blueberry Pudding
|-resisted|p2a: Blueberry Pudding
|-damage|p2a: Blueberry Pudding|93/100
|-start|p2a: Blueberry Pudding|Salt Cure
|move|p2a: Blueberry Pudding|Toxic|p1a: Garganacl
|-immune|p1a: Garganacl|[from] ability: Purifying Salt
|
|-damage|p2a: Blueberry Pudding|81/100|[from] Salt Cure
|upkeep
|turn|2
|
|t:|1757858732
|move|p1a: Garganacl|Iron Defense|p1a: Garganacl
|-boost|p1a: Garganacl|def|2
|move|p2a: Blueberry Pudding|Earthquake|p1a: Garganacl
|-supereffective|p1a: Garganacl
|-damage|p1a: Garganacl|61/100
|
|-heal|p1a: Garganacl|67/100|[from] item: Leftovers
|-damage|p2a: Blueberry Pudding|69/100|[from] Salt Cure
|upkeep
|turn|3
|
|t:|1757858744
|move|p1a: Garganacl|Iron Defense|p1a: Garganacl
|-boost|p1a: Garganacl|def|2
|move|p2a: Blueberry Pudding|Stealth Rock|p1a: Garganacl
|-sidestart|p1: OG)Flamelibra|move: Stealth Rock
|
|-heal|p1a: Garganacl|74/100|[from] item: Leftovers
|-damage|p2a: Blueberry Pudding|56/100|[from] Salt Cure
|upkeep
|turn|4
|
|t:|1757858752
|move|p1a: Garganacl|Iron Defense|p1a: Garganacl
|-boost|p1a: Garganacl|def|2
|move|p2a: Blueberry Pudding|Recover|p2a: Blueberry Pudding
|-heal|p2a: Blueberry Pudding|100/100
|
|-heal|p1a: Garganacl|80/100|[from] item: Leftovers
|-damage|p2a: Blueberry Pudding|88/100|[from] Salt Cure
|upkeep
|turn|5
|
|t:|1757858763
|move|p1a: Garganacl|Body Press|p2a: Blueberry Pudding
|-resisted|p2a: Blueberry Pudding
|-damage|p2a: Blueberry Pudding|76/100
|move|p2a: Blueberry Pudding|Earthquake|p1a: Garganacl
|-supereffective|p1a: Garganacl
|-damage|p1a: Garganacl|41/100
|
|-heal|p1a: Garganacl|47/100|[from] item: Leftovers
|-damage|p2a: Blueberry Pudding|64/100|[from] Salt Cure
|upkeep
|turn|6
|
|t:|1757858775
|move|p1a: Garganacl|Recover|p1a: Garganacl
|-heal|p1a: Garganacl|97/100
|move|p2a: Blueberry Pudding|Earthquake|p1a: Garganacl
|-supereffective|p1a: Garganacl
|-damage|p1a: Garganacl|60/100
|
|-heal|p1a: Garganacl|66/100|[from] item: Leftovers
|-damage|p2a: Blueberry Pudding|52/100|[from] Salt Cure
|upkeep
|turn|7
|
|t:|1757858792
|move|p1a: Garganacl|Body Press|p2a: Blueberry Pudding
|-resisted|p2a: Blueberry Pudding
|-damage|p2a: Blueberry Pudding|39/100
|move|p2a: Blueberry Pudding|Recover|p2a: Blueberry Pudding
|-heal|p2a: Blueberry Pudding|89/100
|
|-heal|p1a: Garganacl|72/100|[from] item: Leftovers
|-damage|p2a: Blueberry Pudding|77/100|[from] Salt Cure
|upkeep
|turn|8
|
|t:|1757858803
|move|p1a: Garganacl|Body Press|p2a: Blueberry Pudding
|-resisted|p2a: Blueberry Pudding
|-damage|p2a: Blueberry Pudding|63/100
|move|p2a: Blueberry Pudding|Earthquake|p1a: Garganacl
|-supereffective|p1a: Garganacl
|-damage|p1a: Garganacl|37/100
|
|-heal|p1a: Garganacl|44/100|[from] item: Leftovers
|-damage|p2a: Blueberry Pudding|51/100|[from] Salt Cure
|upkeep
|turn|9
|
|t:|1757858812
|move|p1a: Garganacl|Recover|p1a: Garganacl
|-heal|p1a: Garganacl|94/100
|move|p2a: Blueberry Pudding|Recover|p2a: Blueberry Pudding
|-heal|p2a: Blueberry Pudding|100/100
|
|-heal|p1a: Garganacl|99/100|[from] item: Leftovers
|-damage|p2a: Blueberry Pudding|88/100|[from] Salt Cure
|upkeep
|turn|10
|
|t:|1757858831
|move|p1a: Garganacl|Salt Cure|p2a: Blueberry Pudding
|-resisted|p2a: Blueberry Pudding
|-damage|p2a: Blueberry Pudding|80/100
|move|p2a: Blueberry Pudding|Earthquake|p1a: Garganacl
|-supereffective|p1a: Garganacl
|-damage|p1a: Garganacl|66/100
|
|-heal|p1a: Garganacl|72/100|[from] item: Leftovers
|-damage|p2a: Blueberry Pudding|68/100|[from] Salt Cure
|upkeep
|turn|11
|c|☆ihavealotofgoomys|immovable object versus immovable object
|
|t:|1757858846
|move|p1a: Garganacl|Body Press|p2a: Blueberry Pudding
|-resisted|p2a: Blueberry Pudding
|-damage|p2a: Blueberry Pudding|55/100
|move|p2a: Blueberry Pudding|Earthquake|p1a: Garganacl
|-supereffective|p1a: Garganacl
|-damage|p1a: Garganacl|32/100
|
|-heal|p1a: Garganacl|38/100|[from] item: Leftovers
|-damage|p2a: Blueberry Pudding|42/100|[from] Salt Cure
|upkeep
|turn|12
|c|☆OG)Flamelibra|agreed
|
|t:|1757858880
|move|p1a: Garganacl|Recover|p1a: Garganacl
|-heal|p1a: Garganacl|88/100
|move|p2a: Blueberry Pudding|Earthquake|p1a: Garganacl
|-supereffective|p1a: Garganacl
|-damage|p1a: Garganacl|51/100
|
|-heal|p1a: Garganacl|57/100|[from] item: Leftovers
|-damage|p2a: Blueberry Pudding|30/100|[from] Salt Cure
|upkeep
|turn|13
|
|t:|1757858890
|move|p1a: Garganacl|Body Press|p2a: Blueberry Pudding
|-resisted|p2a: Blueberry Pudding
|-damage|p2a: Blueberry Pudding|17/100
|move|p2a: Blueberry Pudding|Recover|p2a: Blueberry Pudding
|-heal|p2a: Blueberry Pudding|67/100
|
|-heal|p1a: Garganacl|63/100|[from] item: Leftovers
|-damage|p2a: Blueberry Pudding|55/100|[from] Salt Cure
|upkeep
|turn|14
|
|t:|1757858901
|move|p1a: Garganacl|Body Press|p2a: Blueberry Pudding
|-resisted|p2a: Blueberry Pudding
|-crit|p2a: Blueberry Pudding
|-damage|p2a: Blueberry Pudding|37/100
|move|p2a: Blueberry Pudding|Recover|p2a: Blueberry Pudding
|-heal|p2a: Blueberry Pudding|87/100
|
|-heal|p1a: Garganacl|69/100|[from] item: Leftovers
|-damage|p2a: Blueberry Pudding|75/100|[from] Salt Cure
|upkeep
|turn|15
|
|t:|1757858914
|move|p1a: Garganacl|Body Press|p2a: Blueberry Pudding
|-resisted|p2a: Blueberry Pudding
|-damage|p2a: Blueberry Pudding|62/100
|move|p2a: Blueberry Pudding|Earthquake|p1a: Garganacl
|-supereffective|p1a: Garganacl
|-damage|p1a: Garganacl|35/100
|
|-heal|p1a: Garganacl|41/100|[from] item: Leftovers
|-damage|p2a: Blueberry Pudding|50/100|[from] Salt Cure
|upkeep
|turn|16
|
|t:|1757858924
|move|p1a: Garganacl|Body Press|p2a: Blueberry Pudding
|-resisted|p2a: Blueberry Pudding
|-damage|p2a: Blueberry Pudding|38/100
|move|p2a: Blueberry Pudding|Recover|p2a: Blueberry Pudding
|-heal|p2a: Blueberry Pudding|88/100
|
|-heal|p1a: Garganacl|47/100|[from] item: Leftovers
|-damage|p2a: Blueberry Pudding|75/100|[from] Salt Cure
|upkeep
|turn|17
|
|t:|1757858933
|move|p1a: Garganacl|Salt Cure|p2a: Blueberry Pudding
|-resisted|p2a: Blueberry Pudding
|-damage|p2a: Blueberry Pudding|68/100
|move|p2a: Blueberry Pudding|Earthquake|p1a: Garganacl
|-supereffective|p1a: Garganacl
|-damage|p1a: Garganacl|12/100
|
|-heal|p1a: Garganacl|19/100|[from] item: Leftovers
|-damage|p2a: Blueberry Pudding|55/100|[from] Salt Cure
|upkeep
|turn|18
|
|t:|1757858943
|move|p1a: Garganacl|Recover|p1a: Garganacl
|-heal|p1a: Garganacl|69/100
|move|p2a: Blueberry Pudding|Earthquake|p1a: Garganacl
|-supereffective|p1a: Garganacl
|-damage|p1a: Garganacl|29/100
|
|-heal|p1a: Garganacl|35/100|[from] item: Leftovers
|-damage|p2a: Blueberry Pudding|43/100|[from] Salt Cure
|upkeep
|turn|19
|
|t:|1757858955
|move|p1a: Garganacl|Recover|p1a: Garganacl
|-heal|p1a: Garganacl|85/100
|move|p2a: Blueberry Pudding|Earthquake|p1a: Garganacl
|-supereffective|p1a: Garganacl
|-damage|p1a: Garganacl|49/100
|
|-heal|p1a: Garganacl|55/100|[from] item: Leftovers
|-damage|p2a: Blueberry Pudding|31/100|[from] Salt Cure
|upkeep
|turn|20
|
|t:|1757858966
|move|p1a: Garganacl|Body Press|p2a: Blueberry Pudding
|-resisted|p2a: Blueberry Pudding
|-damage|p2a: Blueberry Pudding|19/100
|move|p2a: Blueberry Pudding|Recover|p2a: Blueberry Pudding
|-heal|p2a: Blueberry Pudding|69/100
|
|-heal|p1a: Garganacl|62/100|[from] item: Leftovers
|-damage|p2a: Blueberry Pudding|56/100|[from] Salt Cure
|upkeep
|turn|21
|
|t:|1757858975
|move|p1a: Garganacl|Body Press|p2a: Blueberry Pudding
|-resisted|p2a: Blueberry Pudding
|-damage|p2a: Blueberry Pudding|43/100
|move|p2a: Blueberry Pudding|Recover|p2a: Blueberry Pudding
|-heal|p2a: Blueberry Pudding|93/100
|
|-heal|p1a: Garganacl|68/100|[from] item: Leftovers
|-damage|p2a: Blueberry Pudding|81/100|[from] Salt Cure
|upkeep
|turn|22
|
|t:|1757858986
|move|p1a: Garganacl|Body Press|p2a: Blueberry Pudding
|-resisted|p2a: Blueberry Pudding
|-damage|p2a: Blueberry Pudding|68/100
|move|p2a: Blueberry Pudding|Earthquake|p1a: Garganacl
|-supereffective|p1a: Garganacl
|-damage|p1a: Garganacl|31/100
|
|-heal|p1a: Garganacl|37/100|[from] item: Leftovers
|-damage|p2a: Blueberry Pudding|56/100|[from] Salt Cure
|upkeep
|turn|23
|
|t:|1757859007
|move|p1a: Garganacl|Recover|p1a: Garganacl
|-heal|p1a: Garganacl|87/100
|move|p2a: Blueberry Pudding|Earthquake|p1a: Garganacl
|-supereffective|p1a: Garganacl
|-damage|p1a: Garganacl|50/100
|
|-heal|p1a: Garganacl|56/100|[from] item: Leftovers
|-damage|p2a: Blueberry Pudding|44/100|[from] Salt Cure
|upkeep
|turn|24
|
|t:|1757859018
|move|p1a: Garganacl|Body Press|p2a: Blueberry Pudding
|-resisted|p2a: Blueberry Pudding
|-damage|p2a: Blueberry Pudding|32/100
|move|p2a: Blueberry Pudding|Earthquake|p1a: Garganacl
|-supereffective|p1a: Garganacl
|-damage|p1a: Garganacl|19/100
|
|-heal|p1a: Garganacl|25/100|[from] item: Leftovers
|-damage|p2a: Blueberry Pudding|19/100|[from] Salt Cure
|upkeep
|turn|25
|
|t:|1757859035
|move|p1a: Garganacl|Recover|p1a: Garganacl
|-heal|p1a: Garganacl|75/100
|move|p2a: Blueberry Pudding|Earthquake|p1a: Garganacl
|-supereffective|p1a: Garganacl
|-damage|p1a: Garganacl|39/100
|
|-heal|p1a: Garganacl|45/100|[from] item: Leftovers
|-damage|p2a: Blueberry Pudding|7/100|[from] Salt Cure
|upkeep
|turn|26
|
|t:|1757859065
|switch|p2a: Fettuccine|Ninetales, F|100/100
|-weather|SunnyDay|[from] ability: Drought|[of] p2a: Fettuccine
|move|p1a: Garganacl|Recover|p1a: Garganacl
|-heal|p1a: Garganacl|96/100
|
|-weather|SunnyDay|[upkeep]
|-heal|p1a: Garganacl|100/100|[from] item: Leftovers
|upkeep
|turn|27
|
|t:|1757859085
|switch|p2a: Evergreen|Lilligant-Hisui, F|100/100
|-terastallize|p1a: Garganacl|Electric
|move|p1a: Garganacl|Salt Cure|p2a: Evergreen
|-resisted|p2a: Evergreen
|-damage|p2a: Evergreen|91/100
|-start|p2a: Evergreen|Salt Cure
|
|-weather|SunnyDay|[upkeep]
|-damage|p2a: Evergreen|78/100|[from] Salt Cure
|upkeep
|turn|28
|
|t:|1757859097
|move|p2a: Evergreen|Solar Blade||[still]
|-prepare|p2a: Evergreen|Solar Blade
|-anim|p2a: Evergreen|Solar Blade|p1a: Garganacl
|-damage|p1a: Garganacl|86/100
|-damage|p2a: Evergreen|68/100|[from] item: Life Orb
|move|p1a: Garganacl|Body Press|p2a: Evergreen
|-damage|p2a: Evergreen|0 fnt
|faint|p2a: Evergreen
|
|-weather|SunnyDay|[upkeep]
|-heal|p1a: Garganacl|92/100|[from] item: Leftovers
|upkeep
|
|t:|1757859111
|switch|p2a: Fettuccine|Ninetales, F|100/100
|turn|29
|
|t:|1757859116
|move|p2a: Fettuccine|Healing Wish|p2a: Fettuccine
|faint|p2a: Fettuccine
|move|p1a: Garganacl|Body Press|p2: Fettuccine|[notarget]
|-fail|p1a: Garganacl
|
|-weather|SunnyDay|[upkeep]
|-heal|p1a: Garganacl|98/100|[from] item: Leftovers
|upkeep
|
|t:|1757859122
|switch|p2a: Blueberry Pudding|Clodsire, F, shiny|7/100
|-heal|p2a: Blueberry Pudding|100/100|[from] move: Healing Wish
|turn|30
|c|☆OG)Flamelibra|smart move
|c|☆OG)Flamelibra|stopped my sweep
|c|☆ihavealotofgoomys|only pokemon I have that can deal with the garg
|
|t:|1757859169
|move|p1a: Garganacl|Salt Cure|p2a: Blueberry Pudding
|-resisted|p2a: Blueberry Pudding
|-damage|p2a: Blueberry Pudding|93/100
|-start|p2a: Blueberry Pudding|Salt Cure
|move|p2a: Blueberry Pudding|Earthquake|p1a: Garganacl
|-supereffective|p1a: Garganacl
|-damage|p1a: Garganacl|60/100
|
|-weather|SunnyDay|[upkeep]
|-heal|p1a: Garganacl|67/100|[from] item: Leftovers
|-damage|p2a: Blueberry Pudding|81/100|[from] Salt Cure
|upkeep
|turn|31
|
|t:|1757859200
|switch|p2a: Onion Ring|Klefki, F|100/100
|move|p1a: Garganacl|Iron Defense|p1a: Garganacl
|-boost|p1a: Garganacl|def|0
|
|-weather|SunnyDay|[upkeep]
|-heal|p1a: Garganacl|73/100|[from] item: Leftovers
|upkeep
|turn|32
|
|t:|1757859208
|move|p2a: Onion Ring|Reflect|p2a: Onion Ring
|-sidestart|p2: ihavealotofgoomys|Reflect
|move|p1a: Garganacl|Salt Cure|p2a: Onion Ring
|-resisted|p2a: Onion Ring
|-damage|p2a: Onion Ring|98/100
|-start|p2a: Onion Ring|Salt Cure
|
|-weather|SunnyDay|[upkeep]
|-heal|p1a: Garganacl|79/100|[from] item: Leftovers
|-damage|p2a: Onion Ring|73/100|[from] Salt Cure
|upkeep
|turn|33
|
|t:|1757859217
|move|p2a: Onion Ring|Dazzling Gleam|p1a: Garganacl
|-damage|p1a: Garganacl|64/100
|move|p1a: Garganacl|Body Press|p2a: Onion Ring
|-damage|p2a: Onion Ring|38/100
|
|-weather|none
|-heal|p1a: Garganacl|70/100|[from] item: Leftovers
|-damage|p2a: Onion Ring|13/100|[from] Salt Cure
|upkeep
|turn|34
|
|t:|1757859226
|move|p2a: Onion Ring|Dazzling Gleam|p1a: Garganacl
|-damage|p1a: Garganacl|55/100
|move|p1a: Garganacl|Body Press|p2a: Onion Ring
|-damage|p2a: Onion Ring|0 fnt
|faint|p2a: Onion Ring
|
|-heal|p1a: Garganacl|61/100|[from] item: Leftovers
|upkeep
|
|t:|1757859239
|switch|p2a: It's Charizard!|Charizard, F|100/100
|turn|35
|
|t:|1757859242
|move|p2a: It's Charizard!|Scorching Sands|p1a: Garganacl
|-supereffective|p1a: Garganacl
|-damage|p1a: Garganacl|18/100
|move|p1a: Garganacl|Salt Cure|p2a: It's Charizard!
|-supereffective|p2a: It's Charizard!
|-damage|p2a: It's Charizard!|61/100
|-start|p2a: It's Charizard!|Salt Cure
|
|-heal|p1a: Garganacl|24/100|[from] item: Leftovers
|-damage|p2a: It's Charizard!|49/100|[from] Salt Cure
|upkeep
|turn|36
|
|t:|1757859269
|switch|p1a: Moltres|Moltres|100/100
|move|p2a: It's Charizard!|Scorching Sands|p1a: Moltres
|-immune|p1a: Moltres
|
|-damage|p2a: It's Charizard!|37/100|[from] Salt Cure
|upkeep
|turn|37
|
|t:|1757859278
|switch|p2a: Angel Food Cake|Lurantis, F|100/100
|move|p1a: Moltres|Flamethrower|p2a: Angel Food Cake
|-supereffective|p2a: Angel Food Cake
|-damage|p2a: Angel Food Cake|43/100
|
|upkeep
|turn|38
|
|t:|1757859295
|-terastallize|p2a: Angel Food Cake|Poison
|move|p1a: Moltres|Flamethrower|p2a: Angel Food Cake
|-damage|p2a: Angel Food Cake|13/100
|move|p2a: Angel Food Cake|Synthesis|p2a: Angel Food Cake
|-heal|p2a: Angel Food Cake|63/100
|
|upkeep
|turn|39
|
|t:|1757859310
|switch|p1a: Iron Treads|Iron Treads|100/100
|-damage|p1a: Iron Treads|98/100|[from] Stealth Rock
|move|p2a: Angel Food Cake|Synthesis|p2a: Angel Food Cake
|-heal|p2a: Angel Food Cake|100/100
|
|-heal|p1a: Iron Treads|100/100|[from] item: Leftovers
|-sideend|p2: ihavealotofgoomys|Reflect
|upkeep
|turn|40
|
|t:|1757859319
|move|p1a: Iron Treads|Rapid Spin|p2a: Angel Food Cake
|-damage|p2a: Angel Food Cake|87/100
|-boost|p1a: Iron Treads|spe|1
|-sideend|p1: OG)Flamelibra|Stealth Rock|[from] move: Rapid Spin|[of] p1a: Iron Treads
|move|p2a: Angel Food Cake|Superpower|p1a: Iron Treads
|-supereffective|p1a: Iron Treads
|-crit|p1a: Iron Treads
|-damage|p1a: Iron Treads|30/100
|-boost|p2a: Angel Food Cake|atk|1
|-boost|p2a: Angel Food Cake|def|1
|
|-heal|p1a: Iron Treads|36/100|[from] item: Leftovers
|upkeep
|turn|41
|
|t:|1757859333
|move|p1a: Iron Treads|Stealth Rock|p2a: Angel Food Cake
|-sidestart|p2: ihavealotofgoomys|move: Stealth Rock
|move|p2a: Angel Food Cake|Superpower|p1a: Iron Treads
|-supereffective|p1a: Iron Treads
|-crit|p1a: Iron Treads
|-damage|p1a: Iron Treads|0 fnt
|-boost|p2a: Angel Food Cake|atk|1
|-boost|p2a: Angel Food Cake|def|1
|faint|p1a: Iron Treads
|-end|p1a: Iron Treads|Quark Drive|[silent]
|
|upkeep
|
|t:|1757859346
|switch|p1a: Moltres|Moltres|100/100
|turn|42
|
|t:|1757859356
|move|p2a: Angel Food Cake|Superpower|p1a: Moltres
|-resisted|p1a: Moltres
|-damage|p1a: Moltres|76/100
|-boost|p2a: Angel Food Cake|atk|1
|-boost|p2a: Angel Food Cake|def|1
|move|p1a: Moltres|Roar|p2a: Angel Food Cake
|drag|p2a: It's Charizard!|Charizard, F|37/100
|-damage|p2a: It's Charizard!|0 fnt|[from] Stealth Rock
|faint|p2a: It's Charizard!
|
|upkeep
|
|t:|1757859368
|switch|p2a: Blueberry Pudding|Clodsire, F, shiny|81/100
|turn|43
|
|t:|1757859375
|switch|p1a: Garganacl|Garganacl, F, tera:Electric|24/100
|move|p2a: Blueberry Pudding|Toxic|p1a: Garganacl
|-immune|p1a: Garganacl|[from] ability: Purifying Salt
|
|-heal|p1a: Garganacl|30/100|[from] item: Leftovers
|upkeep
|turn|44
|
|t:|1757859385
|switch|p2a: Angel Food Cake|Lurantis, F, tera:Poison|87/100
|move|p1a: Garganacl|Iron Defense|p1a: Garganacl
|-boost|p1a: Garganacl|def|2
|
|-heal|p1a: Garganacl|36/100|[from] item: Leftovers
|upkeep
|turn|45
|
|t:|1757859396
|switch|p1a: Moltres|Moltres|76/100
|move|p2a: Angel Food Cake|Leaf Storm|p1a: Moltres
|-resisted|p1a: Moltres
|-damage|p1a: Moltres|68/100
|-boost|p2a: Angel Food Cake|spa|2
|
|upkeep
|turn|46
|
|t:|1757859406
|move|p2a: Angel Food Cake|Defog|p1a: Moltres
|-unboost|p1a: Moltres|evasion|1
|-sideend|p2: ihavealotofgoomys|Stealth Rock|[from] move: Defog|[of] p2a: Angel Food Cake
|move|p1a: Moltres|Roar|p2a: Angel Food Cake
|drag|p2a: Blueberry Pudding|Clodsire, F, shiny|81/100
|
|upkeep
|turn|47
|
|t:|1757859413
|switch|p1a: Garganacl|Garganacl, F, tera:Electric|36/100
|move|p2a: Blueberry Pudding|Toxic|p1a: Garganacl
|-immune|p1a: Garganacl|[from] ability: Purifying Salt
|
|-heal|p1a: Garganacl|42/100|[from] item: Leftovers
|upkeep
|turn|48
|
|t:|1757859420
|move|p1a: Garganacl|Salt Cure|p2a: Blueberry Pudding
|-resisted|p2a: Blueberry Pudding
|-damage|p2a: Blueberry Pudding|73/100
|-start|p2a: Blueberry Pudding|Salt Cure
|move|p2a: Blueberry Pudding|Stealth Rock|p1a: Garganacl
|-sidestart|p1: OG)Flamelibra|move: Stealth Rock
|
|-heal|p1a: Garganacl|49/100|[from] item: Leftovers
|-damage|p2a: Blueberry Pudding|61/100|[from] Salt Cure
|upkeep
|turn|49
|c|☆ihavealotofgoomys|this is terrible
|
|t:|1757859447
|switch|p2a: Angel Food Cake|Lurantis, F, tera:Poison|87/100
|move|p1a: Garganacl|Iron Defense|p1a: Garganacl
|-boost|p1a: Garganacl|def|2
|
|-heal|p1a: Garganacl|55/100|[from] item: Leftovers
|upkeep
|turn|50
|
|t:|1757859456
|switch|p1a: Moltres|Moltres|68/100
|move|p2a: Angel Food Cake|Leaf Storm|p1a: Moltres
|-resisted|p1a: Moltres
|-damage|p1a: Moltres|60/100
|-boost|p2a: Angel Food Cake|spa|2
|
|upkeep
|turn|51
|
|t:|1757859464
|move|p1a: Moltres|Flamethrower|p2a: Angel Food Cake
|-damage|p2a: Angel Food Cake|57/100
|move|p2a: Angel Food Cake|Leaf Storm|p1a: Moltres
|-resisted|p1a: Moltres
|-damage|p1a: Moltres|44/100
|-boost|p2a: Angel Food Cake|spa|2
|
|upkeep
|turn|52
|
|t:|1757859478
|move|p1a: Moltres|Roost|p1a: Moltres
|-heal|p1a: Moltres|94/100
|-singleturn|p1a: Moltres|move: Roost
|move|p2a: Angel Food Cake|Leaf Storm|p1a: Moltres
|-resisted|p1a: Moltres
|-damage|p1a: Moltres|46/100
|-boost|p2a: Angel Food Cake|spa|2
|
|upkeep
|turn|53
|
|t:|1757859487
|move|p2a: Angel Food Cake|Leaf Storm|p1a: Moltres
|-resisted|p1a: Moltres
|-damage|p1a: Moltres|13/100
|move|p1a: Moltres|Roar|p2a: Angel Food Cake
|drag|p2a: Blueberry Pudding|Clodsire, F, shiny|61/100
|
|upkeep
|turn|54
|
|t:|1757859499
|switch|p1a: Garganacl|Garganacl, F, tera:Electric|55/100
|-damage|p1a: Garganacl|42/100|[from] Stealth Rock
|move|p2a: Blueberry Pudding|Toxic|p1a: Garganacl
|-immune|p1a: Garganacl|[from] ability: Purifying Salt
|
|-heal|p1a: Garganacl|49/100|[from] item: Leftovers
|upkeep
|turn|55
|
|t:|1757859512
|switch|p2a: Angel Food Cake|Lurantis, F, tera:Poison|57/100
|move|p1a: Garganacl|Salt Cure|p2a: Angel Food Cake
|-damage|p2a: Angel Food Cake|42/100
|-start|p2a: Angel Food Cake|Salt Cure
|
|-heal|p1a: Garganacl|55/100|[from] item: Leftovers
|-damage|p2a: Angel Food Cake|30/100|[from] Salt Cure
|upkeep
|turn|56
|
|t:|1757859525
|switch|p1a: Dragapult|Dragapult, F|100/100
|move|p2a: Angel Food Cake|Synthesis|p2a: Angel Food Cake
|-heal|p2a: Angel Food Cake|80/100
|
|-damage|p2a: Angel Food Cake|68/100|[from] Salt Cure
|upkeep
|turn|57
|
|t:|1757859539
|switch|p2a: Blueberry Pudding|Clodsire, F, shiny|61/100
|move|p1a: Dragapult|Will-O-Wisp|p2a: Blueberry Pudding
|-status|p2a: Blueberry Pudding|brn
|
|-damage|p2a: Blueberry Pudding|55/100 brn|[from] brn
|upkeep
|turn|58
|
|t:|1757859548
|move|p1a: Dragapult|U-turn|p2a: Blueberry Pudding
|-resisted|p2a: Blueberry Pudding
|-damage|p2a: Blueberry Pudding|45/100 brn
|
|t:|1757859552
|switch|p1a: Garganacl|Garganacl, F, tera:Electric|55/100|[from] U-turn
|-damage|p1a: Garganacl|42/100|[from] Stealth Rock
|move|p2a: Blueberry Pudding|Toxic|p1a: Garganacl
|-immune|p1a: Garganacl|[from] ability: Purifying Salt
|
|-heal|p1a: Garganacl|49/100|[from] item: Leftovers
|-damage|p2a: Blueberry Pudding|39/100 brn|[from] brn
|upkeep
|turn|59
|c|☆ihavealotofgoomys|this is a one mon team
|
|t:|1757859567
|switch|p2a: Angel Food Cake|Lurantis, F, tera:Poison|68/100
|move|p1a: Garganacl|Salt Cure|p2a: Angel Food Cake
|-damage|p2a: Angel Food Cake|53/100
|-start|p2a: Angel Food Cake|Salt Cure
|
|-heal|p1a: Garganacl|55/100|[from] item: Leftovers
|-damage|p2a: Angel Food Cake|40/100|[from] Salt Cure
|upkeep
|turn|60
|
|t:|1757859589
|switch|p1a: Dragapult|Dragapult, F|100/100
|move|p2a: Angel Food Cake|Synthesis|p2a: Angel Food Cake
|-heal|p2a: Angel Food Cake|90/100
|
|-damage|p2a: Angel Food Cake|78/100|[from] Salt Cure
|upkeep
|turn|61
|
|t:|1757859607
|switch|p2a: Blueberry Pudding|Clodsire, F, shiny|39/100 brn
|move|p1a: Dragapult|Draco Meteor|p2a: Blueberry Pudding
|-damage|p2a: Blueberry Pudding|9/100 brn
|-unboost|p1a: Dragapult|spa|2
|
|-damage|p2a: Blueberry Pudding|3/100 brn|[from] brn
|upkeep
|turn|62
|
|t:|1757859615
|move|p1a: Dragapult|U-turn|p2a: Blueberry Pudding
|-resisted|p2a: Blueberry Pudding
|-damage|p2a: Blueberry Pudding|0 fnt
|faint|p2a: Blueberry Pudding
|
|t:|1757859620
|switch|p1a: Moltres|Moltres|13/100|[from] U-turn
|
|upkeep
|
|t:|1757859627
|switch|p2a: Angel Food Cake|Lurantis, F, tera:Poison|78/100
|turn|63
|
|t:|1757859634
|move|p1a: Moltres|Roost|p1a: Moltres
|-heal|p1a: Moltres|63/100
|-singleturn|p1a: Moltres|move: Roost
|move|p2a: Angel Food Cake|Leaf Storm|p1a: Moltres
|-resisted|p1a: Moltres
|-damage|p1a: Moltres|46/100
|-boost|p2a: Angel Food Cake|spa|2
|
|upkeep
|turn|64
|
|t:|1757859644
|move|p1a: Moltres|Will-O-Wisp|p2a: Angel Food Cake
|-status|p2a: Angel Food Cake|brn
|move|p2a: Angel Food Cake|Leaf Storm|p1a: Moltres
|-resisted|p1a: Moltres
|-damage|p1a: Moltres|29/100
|-boost|p2a: Angel Food Cake|spa|2
|
|-damage|p2a: Angel Food Cake|72/100 brn|[from] brn
|upkeep
|turn|65
|
|t:|1757859653
|move|p1a: Moltres|Flamethrower|p2a: Angel Food Cake
|-damage|p2a: Angel Food Cake|44/100 brn
|move|p2a: Angel Food Cake|Leaf Storm|p1a: Moltres
|-resisted|p1a: Moltres
|-damage|p1a: Moltres|6/100
|-boost|p2a: Angel Food Cake|spa|2
|
|-damage|p2a: Angel Food Cake|38/100 brn|[from] brn
|upkeep
|turn|66
|
|t:|1757859664
|move|p1a: Moltres|Flamethrower|p2a: Angel Food Cake
|-damage|p2a: Angel Food Cake|9/100 brn
|move|p2a: Angel Food Cake|Synthesis|p2a: Angel Food Cake
|-heal|p2a: Angel Food Cake|59/100 brn
|
|-damage|p2a: Angel Food Cake|52/100 brn|[from] brn
|upkeep
|turn|67
|
|t:|1757859671
|move|p1a: Moltres|Roost|p1a: Moltres
|-heal|p1a: Moltres|56/100
|-singleturn|p1a: Moltres|move: Roost
|move|p2a: Angel Food Cake|Synthesis|p2a: Angel Food Cake
|-heal|p2a: Angel Food Cake|100/100 brn
|
|-damage|p2a: Angel Food Cake|94/100 brn|[from] brn
|upkeep
|turn|68
|
|t:|1757859680
|move|p1a: Moltres|Roost|p1a: Moltres
|-heal|p1a: Moltres|100/100
|-singleturn|p1a: Moltres|move: Roost
|move|p2a: Angel Food Cake|Superpower|p1a: Moltres
|-damage|p1a: Moltres|90/100
|-boost|p2a: Angel Food Cake|atk|1
|-boost|p2a: Angel Food Cake|def|1
|
|-damage|p2a: Angel Food Cake|88/100 brn|[from] brn
|upkeep
|turn|69
|
|t:|1757859692
|switch|p1a: Dragapult|Dragapult, F|100/100
|move|p2a: Angel Food Cake|Superpower|p1a: Dragapult
|-immune|p1a: Dragapult
|
|-damage|p2a: Angel Food Cake|82/100 brn|[from] brn
|upkeep
|turn|70
|-message|ihavealotofgoomys forfeited.
|
|win|OG)Flamelibra
|raw|OG)Flamelibra's rating: 1161 &rarr; <strong>1182</strong><br />(+21 for winning)
|raw|ihavealotofgoomys's rating: 1107 &rarr; <strong>1086</strong><br />(-21 for losing)
|c|☆OG)Flamelibra|gg
|c|☆ihavealotofgoomys|gg
|l|☆ihavealotofgoomys
|player|p2|
|l|☆OG)Flamelibra
|player|p1|
