|j|☆pyxr
|j|☆G00D00D
|t:|1757911516
|gametype|singles
|player|p1|pyxr|bellelba|1646
|player|p2|G00D00D|skyla|1691
|gen|9
|tier|[Gen 9] OU
|rated|
|rule|HP Percentage Mod: HP is shown in percentages
|rule|Endless Battle Clause: Forcing endless battles is banned
|rule|Species Clause: Limit one of each Pokémon
|rule|OHKO Clause: OHKO moves are banned
|rule|Evasion Items Clause: Evasion items are banned
|rule|Evasion Moves Clause: Evasion moves are banned
|rule|Evasion Abilities Clause: Evasion abilities are banned
|rule|Sleep Moves Clause: Sleep-inducing moves are banned
|clearpoke
|poke|p1|Gliscor, F|
|poke|p1|Corviknight, F|
|poke|p1|Weezing-Galar, F|
|poke|p1|Alomomola, M|
|poke|p1|Zamazenta-*|
|poke|p1|Ditto|
|poke|p2|Alomomola, M|
|poke|p2|Darkrai|
|poke|p2|Iron Crown|
|poke|p2|Lokix, M|
|poke|p2|Weezing-Galar, F|
|poke|p2|Landorus-Therian, M|
|teampreview
|inactive|Battle timer is ON: inactive players will automatically lose when time's up. (requested by G00D00D)
|
|t:|1757911544
|teamsize|p1|6
|teamsize|p2|6
|start
|switch|p1a: Gliscor|Gliscor, F|100/100
|switch|p2a: Darkrai|Darkrai|100/100
|turn|1
|
|t:|1757911552
|move|p1a: Gliscor|Protect|p1a: Gliscor
|-singleturn|p1a: Gliscor|Protect
|move|p2a: Darkrai|Ice Beam|p1a: Gliscor
|-activate|p1a: Gliscor|move: Protect
|
|-status|p1a: Gliscor|tox|[from] item: Toxic Orb
|upkeep
|turn|2
|
|t:|1757911568
|switch|p2a: Lokix|Lokix, M|100/100
|switch|p1a: Alomomola|Alomomola, M|100/100
|
|upkeep
|turn|3
|
|t:|1757911574
|-terastallize|p2a: Lokix|Bug
|move|p2a: Lokix|U-turn|p1a: Alomomola
|-damage|p1a: Alomomola|53/100
|
|t:|1757911578
|switch|p2a: Alomomola|Alomomola, M|100/100|[from] U-turn
|move|p1a: Alomomola|Flip Turn|p2a: Alomomola
|-resisted|p2a: Alomomola
|-damage|p2a: Alomomola|96/100
|-enditem|p2a: Alomomola|Eject Button
|
|t:|1757911586
|switch|p2a: Lokix|Lokix, M, tera:Bug|100/100
|
|upkeep
|turn|4
|
|t:|1757911593
|switch|p1a: Weezing|Weezing-Galar, F|100/100
|-ability|p1a: Weezing|Neutralizing Gas
|move|p2a: Lokix|U-turn|p1a: Weezing
|-resisted|p1a: Weezing
|-crit|p1a: Weezing
|-damage|p1a: Weezing|83/100
|
|t:|1757911600
|switch|p2a: Iron Crown|Iron Crown|100/100|[from] U-turn
|
|upkeep
|turn|5
|
|t:|1757911606
|-end|p1a: Weezing|ability: Neutralizing Gas
|switch|p1a: Alomomola|Alomomola, M|86/100
|move|p2a: Iron Crown|Future Sight|p1a: Alomomola
|-start|p2a: Iron Crown|move: Future Sight
|
|upkeep
|turn|6
|
|t:|1757911611
|move|p2a: Iron Crown|Volt Switch|p1a: Alomomola
|-supereffective|p1a: Alomomola
|-damage|p1a: Alomomola|65/100
|
|t:|1757911614
|-end|p2a: Iron Crown|Quark Drive|[silent]
|switch|p2a: Darkrai|Darkrai|100/100|[from] Volt Switch
|move|p1a: Alomomola|Flip Turn|p2a: Darkrai
|-damage|p2a: Darkrai|79/100
|
|t:|1757911620
|switch|p1a: Corviknight|Corviknight, F|100/100|[from] Flip Turn
|-ability|p1a: Corviknight|Pressure
|
|upkeep
|turn|7
|
|t:|1757911625
|switch|p1a: Alomomola|Alomomola, M|98/100
|move|p2a: Darkrai|Will-O-Wisp|p1a: Alomomola
|-status|p1a: Alomomola|brn
|
|-end|p1a: Alomomola|move: Future Sight
|-damage|p1a: Alomomola|71/100 brn
|-damage|p1a: Alomomola|65/100 brn|[from] brn
|upkeep
|turn|8
|
|t:|1757911634
|switch|p2a: Alomomola|Alomomola, M|100/100
|move|p1a: Alomomola|Flip Turn|p2a: Alomomola
|-resisted|p2a: Alomomola
|-damage|p2a: Alomomola|98/100
|
|t:|1757911640
|switch|p1a: Ditto|Ditto|100/100|[from] Flip Turn
|-transform|p1a: Ditto|p2a: Alomomola|[from] ability: Imposter
|
|upkeep
|turn|9
|
|t:|1757911647
|move|p1a: Ditto|Flip Turn|p2a: Alomomola
|-resisted|p2a: Alomomola
|-crit|p2a: Alomomola
|-damage|p2a: Alomomola|92/100
|
|t:|1757911651
|switch|p1a: Alomomola|Alomomola, M|98/100 brn|[from] Flip Turn
|move|p2a: Alomomola|Wish|p2a: Alomomola
|
|-damage|p1a: Alomomola|92/100 brn|[from] brn
|upkeep
|turn|10
|
|t:|1757911657
|move|p2a: Alomomola|Flip Turn|p1a: Alomomola
|-resisted|p1a: Alomomola
|-damage|p1a: Alomomola|85/100 brn
|
|t:|1757911661
|switch|p2a: Darkrai|Darkrai|79/100|[from] Flip Turn
|move|p1a: Alomomola|Flip Turn|p2a: Darkrai
|-damage|p2a: Darkrai|69/100
|
|t:|1757911664
|switch|p1a: Zamazenta|Zamazenta|100/100|[from] Flip Turn
|-ability|p1a: Zamazenta|Dauntless Shield|boost
|-boost|p1a: Zamazenta|def|1
|
|-heal|p2a: Darkrai|100/100|[from] move: Wish|[wisher] Alomomola
|upkeep
|turn|11
|
|t:|1757911672
|move|p2a: Darkrai|Will-O-Wisp|p1a: Zamazenta
|-status|p1a: Zamazenta|brn
|move|p1a: Zamazenta|Close Combat|p2a: Darkrai
|-supereffective|p2a: Darkrai
|-damage|p2a: Darkrai|0 fnt
|-unboost|p1a: Zamazenta|def|1
|-unboost|p1a: Zamazenta|spd|1
|faint|p2a: Darkrai
|
|-damage|p1a: Zamazenta|94/100 brn|[from] brn
|upkeep
|
|t:|1757911682
|switch|p2a: Alomomola|Alomomola, M|100/100
|turn|12
|
|t:|1757911686
|move|p1a: Zamazenta|Close Combat|p2a: Alomomola
|-damage|p2a: Alomomola|79/100
|-unboost|p1a: Zamazenta|def|1
|-unboost|p1a: Zamazenta|spd|1
|move|p2a: Alomomola|Flip Turn|p1a: Zamazenta
|-damage|p1a: Zamazenta|72/100 brn
|
|t:|1757911693
|switch|p2a: Landorus|Landorus-Therian, M|100/100|[from] Flip Turn
|-ability|p2a: Landorus|Intimidate|boost
|-unboost|p1a: Zamazenta|atk|1
|
|-damage|p1a: Zamazenta|66/100 brn|[from] brn
|upkeep
|turn|13
|
|t:|1757911699
|switch|p1a: Gliscor|Gliscor, F|100/100 tox
|switch|p2a: Alomomola|Alomomola, M|100/100
|
|upkeep
|turn|14
|
|t:|1757911705
|move|p1a: Gliscor|Swords Dance|p1a: Gliscor
|-boost|p1a: Gliscor|atk|2
|move|p2a: Alomomola|Flip Turn|p1a: Gliscor
|-supereffective|p1a: Gliscor
|-damage|p1a: Gliscor|76/100 tox
|
|t:|1757911710
|switch|p2a: Landorus|Landorus-Therian, M|100/100|[from] Flip Turn
|-ability|p2a: Landorus|Intimidate|boost
|-unboost|p1a: Gliscor|atk|1
|
|-heal|p1a: Gliscor|89/100 tox|[from] ability: Poison Heal
|upkeep
|turn|15
|
|t:|1757911716
|move|p1a: Gliscor|Protect|p1a: Gliscor
|-singleturn|p1a: Gliscor|Protect
|move|p2a: Landorus|U-turn|p1a: Gliscor
|-activate|p1a: Gliscor|move: Protect
|
|-heal|p1a: Gliscor|100/100 tox|[from] ability: Poison Heal
|upkeep
|turn|16
|
|t:|1757911723
|move|p2a: Landorus|U-turn|p1a: Gliscor
|-resisted|p1a: Gliscor
|-damage|p1a: Gliscor|91/100 tox
|
|t:|1757911726
|switch|p2a: Alomomola|Alomomola, M|100/100|[from] U-turn
|move|p1a: Gliscor|Swords Dance|p1a: Gliscor
|-boost|p1a: Gliscor|atk|2
|
|-heal|p1a: Gliscor|100/100 tox|[from] ability: Poison Heal
|upkeep
|turn|17
|
|t:|1757911733
|move|p1a: Gliscor|Swords Dance|p1a: Gliscor
|-boost|p1a: Gliscor|atk|2
|move|p2a: Alomomola|Flip Turn|p1a: Gliscor
|-supereffective|p1a: Gliscor
|-damage|p1a: Gliscor|75/100 tox
|
|t:|1757911739
|switch|p2a: Weezing|Weezing-Galar, F|100/100|[from] Flip Turn
|-ability|p2a: Weezing|Neutralizing Gas
|
|-damage|p1a: Gliscor|44/100 tox|[from] psn
|upkeep
|turn|18
|
|t:|1757911754
|switch|p1a: Alomomola|Alomomola, M|100/100 brn
|-end|p2a: Weezing|ability: Neutralizing Gas
|switch|p2a: Landorus|Landorus-Therian, M|100/100
|-ability|p2a: Landorus|Intimidate|boost
|-unboost|p1a: Alomomola|atk|1
|
|-damage|p1a: Alomomola|94/100 brn|[from] brn
|upkeep
|turn|19
|
|t:|1757911764
|move|p2a: Landorus|Stealth Rock|p1a: Alomomola
|-sidestart|p1: pyxr|move: Stealth Rock
|move|p1a: Alomomola|Flip Turn|p2a: Landorus
|-supereffective|p2a: Landorus
|-damage|p2a: Landorus|89/100
|-damage|p1a: Alomomola|78/100 brn|[from] item: Rocky Helmet|[of] p2a: Landorus
|
|t:|1757911766
|switch|p1a: Gliscor|Gliscor, F|44/100 tox|[from] Flip Turn
|-damage|p1a: Gliscor|32/100 tox|[from] Stealth Rock
|
|-heal|p1a: Gliscor|44/100 tox|[from] ability: Poison Heal
|upkeep
|turn|20
|
|t:|1757911776
|switch|p2a: Weezing|Weezing-Galar, F|100/100
|-ability|p2a: Weezing|Neutralizing Gas
|move|p1a: Gliscor|Protect||[still]
|-fail|p1a: Gliscor
|
|-damage|p1a: Gliscor|32/100 tox|[from] psn
|upkeep
|turn|21
|
|t:|1757911784
|switch|p1a: Weezing|Weezing-Galar, F|83/100
|-ability|p1a: Weezing|Neutralizing Gas
|move|p2a: Weezing|Strange Steam|p1a: Weezing
|-resisted|p1a: Weezing
|-damage|p1a: Weezing|65/100
|
|upkeep
|turn|22
|
|t:|1757911791
|switch|p2a: Iron Crown|Iron Crown|100/100
|move|p1a: Weezing|Defog|p2a: Iron Crown
|-unboost|p2a: Iron Crown|evasion|1
|-sideend|p1: pyxr|Stealth Rock|[from] move: Defog|[of] p1a: Weezing
|
|upkeep
|turn|23
|
|t:|1757911798
|-end|p1a: Weezing|ability: Neutralizing Gas
|switch|p1a: Alomomola|Alomomola, M|100/100 brn
|move|p2a: Iron Crown|Future Sight|p1a: Alomomola
|-start|p2a: Iron Crown|move: Future Sight
|
|-damage|p1a: Alomomola|94/100 brn|[from] brn
|upkeep
|turn|24
|
|t:|1757911805
|-end|p2a: Iron Crown|Quark Drive|[silent]
|switch|p2a: Alomomola|Alomomola, M|100/100
|move|p1a: Alomomola|Mirror Coat||[still]
|-fail|p1a: Alomomola
|
|-damage|p1a: Alomomola|88/100 brn|[from] brn
|upkeep
|turn|25
|
|t:|1757911811
|move|p1a: Alomomola|Body Slam|p2a: Alomomola
|-damage|p2a: Alomomola|97/100
|-status|p2a: Alomomola|par
|move|p2a: Alomomola|Flip Turn|p1a: Alomomola
|-resisted|p1a: Alomomola
|-damage|p1a: Alomomola|83/100 brn
|
|t:|1757911817
|switch|p2a: Lokix|Lokix, M, tera:Bug|100/100|[from] Flip Turn
|
|-end|p1a: Alomomola|move: Future Sight
|-damage|p1a: Alomomola|53/100 brn
|-damage|p1a: Alomomola|46/100 brn|[from] brn
|upkeep
|turn|26
|
|t:|1757911826
|switch|p1a: Weezing|Weezing-Galar, F|65/100
|-ability|p1a: Weezing|Neutralizing Gas
|move|p2a: Lokix|U-turn|p1a: Weezing
|-resisted|p1a: Weezing
|-damage|p1a: Weezing|54/100
|
|t:|1757911832
|switch|p2a: Iron Crown|Iron Crown|100/100|[from] U-turn
|
|upkeep
|turn|27
|
|t:|1757911837
|-end|p1a: Weezing|ability: Neutralizing Gas
|switch|p1a: Alomomola|Alomomola, M|80/100 brn
|move|p2a: Iron Crown|Volt Switch|p1a: Alomomola
|-supereffective|p1a: Alomomola
|-damage|p1a: Alomomola|56/100 brn
|
|t:|1757911843
|-end|p2a: Iron Crown|Quark Drive|[silent]
|switch|p2a: Lokix|Lokix, M, tera:Bug|100/100|[from] Volt Switch
|
|-damage|p1a: Alomomola|50/100 brn|[from] brn
|upkeep
|turn|28
|
|t:|1757911850
|switch|p1a: Weezing|Weezing-Galar, F|54/100
|-ability|p1a: Weezing|Neutralizing Gas
|move|p2a: Lokix|U-turn|p1a: Weezing
|-resisted|p1a: Weezing
|-damage|p1a: Weezing|43/100
|
|t:|1757911857
|switch|p2a: Iron Crown|Iron Crown|100/100|[from] U-turn
|
|upkeep
|turn|29
|
|t:|1757911865
|-end|p1a: Weezing|ability: Neutralizing Gas
|switch|p1a: Alomomola|Alomomola, M|83/100 brn
|move|p2a: Iron Crown|Tachyon Cutter|p1a: Alomomola
|-resisted|p1a: Alomomola
|-damage|p1a: Alomomola|77/100 brn
|-resisted|p1a: Alomomola
|-damage|p1a: Alomomola|71/100 brn
|-hitcount|p1a: Alomomola|2
|
|-damage|p1a: Alomomola|64/100 brn|[from] brn
|upkeep
|turn|30
|
|t:|1757911875
|move|p2a: Iron Crown|Future Sight|p1a: Alomomola
|-start|p2a: Iron Crown|move: Future Sight
|move|p1a: Alomomola|Flip Turn|p2a: Iron Crown
|-damage|p2a: Iron Crown|92/100
|
|t:|1757911879
|switch|p1a: Corviknight|Corviknight, F|100/100|[from] Flip Turn
|-ability|p1a: Corviknight|Pressure
|
|upkeep
|turn|31
|
|t:|1757911885
|move|p2a: Iron Crown|Psychic Noise|p1a: Corviknight
|-resisted|p1a: Corviknight
|-damage|p1a: Corviknight|82/100
|-start|p1a: Corviknight|move: Heal Block
|cant|p1a: Corviknight|move: Heal Block|Roost
|
|upkeep
|turn|32
|
|t:|1757911892
|switch|p1a: Alomomola|Alomomola, M|98/100 brn
|move|p2a: Iron Crown|Volt Switch|p1a: Alomomola
|-supereffective|p1a: Alomomola
|-damage|p1a: Alomomola|76/100 brn
|
|t:|1757911897
|-end|p2a: Iron Crown|Quark Drive|[silent]
|switch|p2a: Lokix|Lokix, M, tera:Bug|100/100|[from] Volt Switch
|
|-end|p1a: Alomomola|move: Future Sight
|-damage|p1a: Alomomola|48/100 brn
|-damage|p1a: Alomomola|42/100 brn|[from] brn
|upkeep
|turn|33
|
|t:|1757911904
|switch|p1a: Corviknight|Corviknight, F|82/100
|-ability|p1a: Corviknight|Pressure
|move|p2a: Lokix|U-turn|p1a: Corviknight
|-resisted|p1a: Corviknight
|-damage|p1a: Corviknight|61/100
|-damage|p2a: Lokix|84/100|[from] item: Rocky Helmet|[of] p1a: Corviknight
|
|t:|1757911911
|switch|p2a: Iron Crown|Iron Crown|92/100|[from] U-turn
|
|upkeep
|turn|34
|
|t:|1757911917
|switch|p1a: Ditto|Ditto|100/100
|-transform|p1a: Ditto|p2a: Iron Crown|[from] ability: Imposter
|move|p2a: Iron Crown|Psychic Noise|p1a: Ditto
|-resisted|p1a: Ditto
|-damage|p1a: Ditto|91/100
|-start|p1a: Ditto|move: Heal Block
|
|upkeep
|turn|35
|
|t:|1757911926
|-end|p2a: Iron Crown|Quark Drive|[silent]
|switch|p2a: Landorus|Landorus-Therian, M|89/100
|-ability|p2a: Landorus|Intimidate|boost
|-unboost|p1a: Ditto|atk|1
|move|p1a: Ditto|Volt Switch|p2a: Landorus
|-immune|p2a: Landorus
|
|-end|p1a: Ditto|move: Heal Block
|upkeep
|turn|36
|
|t:|1757911934
|-end|p1a: Ditto|Quark Drive|[silent]
|switch|p1a: Corviknight|Corviknight, F|61/100
|-ability|p1a: Corviknight|Pressure
|move|p2a: Landorus|U-turn|p1a: Corviknight
|-resisted|p1a: Corviknight
|-damage|p1a: Corviknight|57/100
|-damage|p2a: Landorus|73/100|[from] item: Rocky Helmet|[of] p1a: Corviknight
|
|t:|1757911941
|switch|p2a: Iron Crown|Iron Crown|92/100|[from] U-turn
|
|upkeep
|turn|37
|
|t:|1757911946
|switch|p1a: Alomomola|Alomomola, M|76/100 brn
|move|p2a: Iron Crown|Volt Switch|p1a: Alomomola
|-supereffective|p1a: Alomomola
|-damage|p1a: Alomomola|52/100 brn
|
|t:|1757911952
|-end|p2a: Iron Crown|Quark Drive|[silent]
|switch|p2a: Lokix|Lokix, M, tera:Bug|84/100|[from] Volt Switch
|
|-damage|p1a: Alomomola|45/100 brn|[from] brn
|upkeep
|turn|38
|
|t:|1757911957
|switch|p1a: Corviknight|Corviknight, F|57/100
|-ability|p1a: Corviknight|Pressure
|move|p2a: Lokix|U-turn|p1a: Corviknight
|-resisted|p1a: Corviknight
|-damage|p1a: Corviknight|33/100
|-damage|p2a: Lokix|67/100|[from] item: Rocky Helmet|[of] p1a: Corviknight
|
|t:|1757911964
|switch|p2a: Iron Crown|Iron Crown|92/100|[from] U-turn
|
|upkeep
|turn|39
|
|t:|1757911970
|switch|p1a: Alomomola|Alomomola, M|79/100 brn
|move|p2a: Iron Crown|Volt Switch|p1a: Alomomola
|-supereffective|p1a: Alomomola
|-damage|p1a: Alomomola|58/100 brn
|
|t:|1757911976
|-end|p2a: Iron Crown|Quark Drive|[silent]
|switch|p2a: Lokix|Lokix, M, tera:Bug|67/100|[from] Volt Switch
|
|-damage|p1a: Alomomola|52/100 brn|[from] brn
|upkeep
|turn|40
|
|t:|1757911983
|switch|p1a: Weezing|Weezing-Galar, F|43/100
|-ability|p1a: Weezing|Neutralizing Gas
|move|p2a: Lokix|Knock Off|p1a: Weezing
|-resisted|p1a: Weezing
|-damage|p1a: Weezing|19/100
|-enditem|p1a: Weezing|Heavy-Duty Boots|[from] move: Knock Off|[of] p2a: Lokix
|
|upkeep
|turn|41
|
|t:|1757911992
|switch|p2a: Iron Crown|Iron Crown|92/100
|move|p1a: Weezing|Will-O-Wisp|p2a: Iron Crown
|-status|p2a: Iron Crown|brn
|
|-damage|p2a: Iron Crown|86/100 brn|[from] brn
|upkeep
|turn|42
|
|t:|1757911999
|-end|p1a: Weezing|ability: Neutralizing Gas
|switch|p1a: Alomomola|Alomomola, M|85/100 brn
|move|p2a: Iron Crown|Volt Switch|p1a: Alomomola
|-supereffective|p1a: Alomomola
|-damage|p1a: Alomomola|63/100 brn
|
|t:|1757912006
|-end|p2a: Iron Crown|Quark Drive|[silent]
|switch|p2a: Lokix|Lokix, M, tera:Bug|67/100|[from] Volt Switch
|
|-damage|p1a: Alomomola|57/100 brn|[from] brn
|upkeep
|turn|43
|
|t:|1757912016
|switch|p1a: Zamazenta|Zamazenta|66/100 brn
|move|p2a: Lokix|Knock Off|p1a: Zamazenta
|-resisted|p1a: Zamazenta
|-crit|p1a: Zamazenta
|-damage|p1a: Zamazenta|0 fnt
|-enditem|p1a: Zamazenta|Choice Band|[from] move: Knock Off|[of] p2a: Lokix
|faint|p1a: Zamazenta
|
|upkeep
|
|t:|1757912023
|switch|p1a: Corviknight|Corviknight, F|33/100
|-ability|p1a: Corviknight|Pressure
|turn|44
|
|t:|1757912028
|move|p2a: Lokix|Knock Off|p1a: Corviknight
|-damage|p1a: Corviknight|0 fnt
|-damage|p2a: Lokix|51/100|[from] item: Rocky Helmet|[of] p1a: Corviknight
|-enditem|p1a: Corviknight|Rocky Helmet|[from] move: Knock Off|[of] p2a: Lokix
|faint|p1a: Corviknight
|
|upkeep
|
|t:|1757912033
|switch|p1a: Ditto|Ditto|91/100
|-transform|p1a: Ditto|p2a: Lokix|[from] ability: Imposter
|turn|45
|
|t:|1757912038
|switch|p2a: Weezing|Weezing-Galar, F|100/100
|-ability|p2a: Weezing|Neutralizing Gas
|move|p1a: Ditto|Knock Off|p2a: Weezing
|-resisted|p2a: Weezing
|-damage|p2a: Weezing|86/100
|-enditem|p2a: Weezing|Heavy-Duty Boots|[from] move: Knock Off|[of] p1a: Ditto
|
|upkeep
|turn|46
|
|t:|1757912048
|switch|p1a: Alomomola|Alomomola, M|90/100 brn
|move|p2a: Weezing|Strange Steam|p1a: Alomomola
|-damage|p1a: Alomomola|78/100 brn
|
|-damage|p1a: Alomomola|72/100 brn|[from] brn
|upkeep
|turn|47
|
|t:|1757912070
|move|p2a: Weezing|Defog|p1a: Alomomola
|-unboost|p1a: Alomomola|evasion|1
|move|p1a: Alomomola|Flip Turn|p2a: Weezing
|-damage|p2a: Weezing|81/100
|
|t:|1757912075
|switch|p1a: Weezing|Weezing-Galar, F|19/100|[from] Flip Turn
|-ability|p1a: Weezing|Neutralizing Gas
|
|upkeep
|turn|48
|
|t:|1757912080
|switch|p2a: Iron Crown|Iron Crown|86/100 brn
|move|p1a: Weezing|Pain Split|p2a: Iron Crown
|-sethp|p2a: Iron Crown|53/100 brn|[from] move: Pain Split|[silent]
|-sethp|p1a: Weezing|52/100|[from] move: Pain Split
|
|-damage|p2a: Iron Crown|47/100 brn|[from] brn
|upkeep
|turn|49
|
|t:|1757912089
|-end|p1a: Weezing|ability: Neutralizing Gas
|switch|p1a: Alomomola|Alomomola, M|72/100 brn
|move|p2a: Iron Crown|Volt Switch|p1a: Alomomola
|-supereffective|p1a: Alomomola
|-damage|p1a: Alomomola|49/100 brn
|
|t:|1757912095
|-end|p2a: Iron Crown|Quark Drive|[silent]
|switch|p2a: Lokix|Lokix, M, tera:Bug|51/100|[from] Volt Switch
|
|-damage|p1a: Alomomola|42/100 brn|[from] brn
|upkeep
|turn|50
|
|t:|1757912102
|switch|p1a: Ditto|Ditto|91/100
|-transform|p1a: Ditto|p2a: Lokix|[from] ability: Imposter
|move|p2a: Lokix|U-turn|p1a: Ditto
|-supereffective|p1a: Ditto
|-damage|p1a: Ditto|0 fnt
|faint|p1a: Ditto
|-message|pyxr forfeited.
|
|win|G00D00D
|raw|pyxr's rating: 1646 &rarr; <strong>1629</strong><br />(-17 for losing)
|raw|G00D00D's rating: 1691 &rarr; <strong>1708</strong><br />(+17 for winning)
|l|☆pyxr
|player|p1|
|l|☆G00D00D
|player|p2|
