|j|☆Envy cat
|j|☆Gunfa
|t:|1757786883
|gametype|singles
|player|p1|Envy cat|roughneck-gen4|1179
|player|p2|Gunfa|steven|1133
|gen|9
|tier|[Gen 9] OU
|rated|
|rule|HP Percentage Mod: HP is shown in percentages
|rule|Endless Battle Clause: Forcing endless battles is banned
|rule|Species Clause: Limit one of each Pokémon
|rule|OHKO Clause: OHKO moves are banned
|rule|Evasion Items Clause: Evasion items are banned
|rule|Evasion Moves Clause: Evasion moves are banned
|rule|Evasion Abilities Clause: Evasion abilities are banned
|rule|Sleep Moves Clause: Sleep-inducing moves are banned
|clearpoke
|poke|p1|Zoroark-Hisui, M|
|poke|p1|Sandslash-Alola, F|
|poke|p1|Kyurem|
|poke|p1|Lanturn, M|
|poke|p1|Landorus-Therian, M|
|poke|p1|Scrafty, M|
|poke|p2|Malamar, F|
|poke|p2|Ribombee, M|
|poke|p2|Cinderace, F|
|poke|p2|Serperior, F|
|poke|p2|Dragapult, M|
|poke|p2|Tentacruel, M|
|teampreview
|
|t:|1757786891
|teamsize|p1|6
|teamsize|p2|6
|start
|switch|p1a: Não pode ser|Landorus-Therian, M|100/100
|switch|p2a: Dracomon|Dragapult, M|100/100
|-ability|p1a: Não pode ser|Intimidate|boost
|-fail|p2a: Dracomon|unboost|[from] ability: Clear Body|[of] p2a: Dracomon
|turn|1
|
|t:|1757786899
|move|p2a: Dracomon|U-turn|p1a: Não pode ser
|-resisted|p1a: Não pode ser
|-crit|p1a: Não pode ser
|-damage|p1a: Não pode ser|86/100
|
|t:|1757786914
|switch|p2a: Superior|Serperior, F|100/100|[from] U-turn
|move|p1a: Não pode ser|Stealth Rock|p2a: Superior
|-sidestart|p2: Gunfa|move: Stealth Rock
|
|upkeep
|turn|2
|
|t:|1757786922
|move|p2a: Superior|Leaf Storm|p1a: Não pode ser
|-damage|p1a: Não pode ser|23/100
|-boost|p2a: Superior|spa|2
|move|p1a: Não pode ser|U-turn|p2a: Superior
|-supereffective|p2a: Superior
|-damage|p2a: Superior|48/100
|
|t:|1757786930
|switch|p1a: Mas tem que ser|Lanturn, M|100/100|[from] U-turn
|
|-heal|p2a: Superior|54/100|[from] item: Leftovers
|upkeep
|turn|3
|
|t:|1757786938
|-terastallize|p1a: Mas tem que ser|Flying
|move|p2a: Superior|Giga Drain|p1a: Mas tem que ser
|-resisted|p1a: Mas tem que ser
|-damage|p1a: Mas tem que ser|83/100
|-heal|p2a: Superior|68/100|[from] drain|[of] p1a: Mas tem que ser
|move|p1a: Mas tem que ser|Ice Beam|p2a: Superior
|-supereffective|p2a: Superior
|-damage|p2a: Superior|5/100
|
|-heal|p2a: Superior|11/100|[from] item: Leftovers
|upkeep
|turn|4
|
|t:|1757786950
|-terastallize|p2a: Superior|Stellar
|move|p2a: Superior|Tera Blast|p1a: Mas tem que ser|[anim] Tera Blast Stellar
|-supereffective|p1a: Mas tem que ser
|-damage|p1a: Mas tem que ser|14/100
|-boost|p2a: Superior|atk|1
|-boost|p2a: Superior|spa|1
|move|p1a: Mas tem que ser|Scald|p2a: Superior
|-resisted|p2a: Superior
|-damage|p2a: Superior|0 fnt
|faint|p2a: Superior
|
|upkeep
|
|t:|1757786963
|switch|p2a: Fireball|Cinderace, F|100/100
|turn|5
|
|t:|1757786966
|move|p2a: Fireball|Court Change|p2a: Fireball
|-start|p2a: Fireball|typechange|Normal|[from] ability: Libero
|-swapsideconditions
|-activate|p2a: Fireball|move: Court Change
|move|p1a: Mas tem que ser|Flip Turn|p2a: Fireball
|-damage|p2a: Fireball|84/100
|
|t:|1757786973
|switch|p1a: Olha a cobra!!|Scrafty, M|100/100|[from] Flip Turn
|-damage|p1a: Olha a cobra!!|88/100|[from] Stealth Rock
|
|upkeep
|turn|6
|
|t:|1757786984
|switch|p2a: H3ntai|Tentacruel, M|100/100
|move|p1a: Olha a cobra!!|Snowscape|p1a: Olha a cobra!!
|-weather|Snowscape
|
|-weather|Snowscape|[upkeep]
|upkeep
|turn|7
|
|t:|1757786990
|move|p1a: Olha a cobra!!|U-turn|p2a: H3ntai
|-resisted|p2a: H3ntai
|-damage|p2a: H3ntai|90/100
|
|t:|1757786993
|switch|p1a: Não pode ser|Landorus-Therian, M|23/100|[from] U-turn
|-damage|p1a: Não pode ser|11/100|[from] Stealth Rock
|-ability|p1a: Não pode ser|Intimidate|boost
|-fail|p2a: H3ntai|unboost|[from] ability: Clear Body|[of] p2a: H3ntai
|move|p2a: H3ntai|Sludge Bomb|p1a: Não pode ser
|-resisted|p1a: Não pode ser
|-damage|p1a: Não pode ser|0 fnt
|faint|p1a: Não pode ser
|
|-weather|Snowscape|[upkeep]
|-heal|p2a: H3ntai|96/100|[from] item: Black Sludge
|upkeep
|
|t:|1757787001
|switch|p1a: PARABÉNS MEU AMOR|Sandslash-Alola, F|100/100
|-damage|p1a: PARABÉNS MEU AMOR|88/100|[from] Stealth Rock
|turn|8
|
|t:|1757787011
|switch|p2a: Fireball|Cinderace, F|84/100
|move|p1a: PARABÉNS MEU AMOR|Earthquake|p2a: Fireball
|-supereffective|p2a: Fireball
|-damage|p2a: Fireball|0 fnt
|faint|p2a: Fireball
|
|-weather|Snowscape|[upkeep]
|upkeep
|
|t:|1757787019
|switch|p2a: MyFriend|Malamar, F|100/100
|turn|9
|
|t:|1757787030
|move|p1a: PARABÉNS MEU AMOR|Ice Spinner|p2a: MyFriend
|-damage|p2a: MyFriend|54/100
|move|p2a: MyFriend|Superpower|p1a: PARABÉNS MEU AMOR
|-supereffective|p1a: PARABÉNS MEU AMOR
|-damage|p1a: PARABÉNS MEU AMOR|0 fnt
|-boost|p2a: MyFriend|atk|1
|-boost|p2a: MyFriend|def|1
|faint|p1a: PARABÉNS MEU AMOR
|
|-weather|Snowscape|[upkeep]
|upkeep
|
|t:|1757787037
|switch|p1a: Olha a cobra!!|Scrafty, M|88/100
|-damage|p1a: Olha a cobra!!|76/100|[from] Stealth Rock
|turn|10
|
|t:|1757787042
|move|p1a: Olha a cobra!!|Shadow Ball|p2a: MyFriend
|-damage|p2a: MyFriend|16/100
|move|p2a: MyFriend|Superpower|p1a: Olha a cobra!!
|-immune|p1a: Olha a cobra!!
|
|-weather|Snowscape|[upkeep]
|upkeep
|turn|11
|
|t:|1757787049
|move|p1a: Olha a cobra!!|Shadow Ball|p2a: MyFriend
|-damage|p2a: MyFriend|0 fnt
|faint|p2a: MyFriend
|
|-weather|Snowscape|[upkeep]
|upkeep
|
|t:|1757787057
|switch|p2a: IsAtramp|Ribombee, M|100/100
|turn|12
|
|t:|1757787061
|move|p2a: IsAtramp|Alluring Voice|p1a: Olha a cobra!!
|-damage|p1a: Olha a cobra!!|1/100
|replace|p1a: É mentira!!!|Zoroark-Hisui, M, shiny
|-end|p1a: É mentira!!!|Illusion
|move|p1a: É mentira!!!|Shadow Ball|p2a: IsAtramp
|-damage|p2a: IsAtramp|35/100
|
|-weather|Snowscape|[upkeep]
|upkeep
|turn|13
|
|t:|1757787069
|move|p2a: IsAtramp|Alluring Voice|p1a: É mentira!!!
|-damage|p1a: É mentira!!!|0 fnt
|faint|p1a: É mentira!!!
|
|-weather|none
|upkeep
|c|☆Gunfa|mentiroso
|
|t:|1757787081
|switch|p1a: Olha a cobra!!|Scrafty, M|100/100
|-damage|p1a: Olha a cobra!!|95/100|[from] Stealth Rock
|-ability|p1a: Olha a cobra!!|Intimidate|boost
|-unboost|p2a: IsAtramp|atk|1
|turn|14
|
|t:|1757787086
|move|p2a: IsAtramp|Alluring Voice|p1a: Olha a cobra!!
|-supereffective|p1a: Olha a cobra!!
|-enditem|p1a: Olha a cobra!!|Roseli Berry|[eat]
|-enditem|p1a: Olha a cobra!!|Roseli Berry|[weaken]
|-damage|p1a: Olha a cobra!!|22/100
|move|p1a: Olha a cobra!!|Zen Headbutt|p2a: IsAtramp
|-crit|p2a: IsAtramp
|-damage|p2a: IsAtramp|0 fnt
|faint|p2a: IsAtramp
|
|upkeep
|
|t:|1757787097
|switch|p2a: Dracomon|Dragapult, M|100/100
|turn|15
|
|t:|1757787100
|move|p2a: Dracomon|Dragon Pulse|p1a: Olha a cobra!!
|-damage|p1a: Olha a cobra!!|0 fnt
|faint|p1a: Olha a cobra!!
|
|upkeep
|
|t:|1757787103
|switch|p1a: PFVR MEU AMOR|Kyurem, shiny|100/100
|-damage|p1a: PFVR MEU AMOR|76/100|[from] Stealth Rock
|-ability|p1a: PFVR MEU AMOR|Pressure
|turn|16
|
|t:|1757787109
|switch|p2a: H3ntai|Tentacruel, M|96/100
|move|p1a: PFVR MEU AMOR|Dragon Dance|p1a: PFVR MEU AMOR
|-boost|p1a: PFVR MEU AMOR|atk|1
|-boost|p1a: PFVR MEU AMOR|spe|1
|
|-heal|p2a: H3ntai|100/100|[from] item: Black Sludge
|upkeep
|turn|17
|
|t:|1757787117
|move|p1a: PFVR MEU AMOR|Fling|p2a: H3ntai
|-damage|p2a: H3ntai|0 fnt
|-enditem|p1a: PFVR MEU AMOR|Big Nugget|[from] move: Fling
|faint|p2a: H3ntai
|
|upkeep
|
|t:|1757787121
|switch|p2a: Dracomon|Dragapult, M|100/100
|turn|18
|
|t:|1757787124
|move|p1a: PFVR MEU AMOR|Dragon Claw|p2a: Dracomon
|-supereffective|p2a: Dracomon
|-damage|p2a: Dracomon|0 fnt
|faint|p2a: Dracomon
|
|win|Envy cat
|raw|Envy cat's rating: 1200 &rarr; <strong>1220</strong><br />(+20 for winning)
|raw|Gunfa's rating: 1133 &rarr; <strong>1113</strong><br />(-20 for losing)
|l|☆Gunfa
|player|p2|
|l|☆Envy cat
|player|p1|
