|j|☆Lechonkworshipper
|j|☆zast3133
|t:|1757908981
|gametype|singles
|player|p1|Lechonkworshipper|beauty-gen4dp|1410
|player|p2|zast3133|nate|1334
|gen|9
|tier|[Gen 9] OU
|rated|
|rule|HP Percentage Mod: HP is shown in percentages
|rule|Endless Battle Clause: Forcing endless battles is banned
|rule|Species Clause: Limit one of each Pokémon
|rule|OHKO Clause: OHKO moves are banned
|rule|Evasion Items Clause: Evasion items are banned
|rule|Evasion Moves Clause: Evasion moves are banned
|rule|Evasion Abilities Clause: Evasion abilities are banned
|rule|Sleep Moves Clause: Sleep-inducing moves are banned
|clearpoke
|poke|p1|Dragapult, F|
|poke|p1|Kingambit, F|
|poke|p1|Iron Crown|
|poke|p1|Samurott-Hisui, F|
|poke|p1|Primarina, F|
|poke|p1|Landorus-Therian, M|
|poke|p2|Raging Bolt|
|poke|p2|Dondozo, M|
|poke|p2|Scizor, M|
|poke|p2|Iron Crown|
|poke|p2|Revavroom, M|
|poke|p2|Clefable, F|
|teampreview
|inactive|Battle timer is ON: inactive players will automatically lose when time's up. (requested by Lechonkworshipper)
|
|t:|1757908993
|teamsize|p1|6
|teamsize|p2|6
|start
|switch|p1a: Iron Crown|Iron Crown|100/100
|switch|p2a: Clefable|Clefable, F, shiny|100/100
|turn|1
|
|t:|1757909012
|move|p1a: Iron Crown|Future Sight|p2a: Clefable
|-start|p1a: Iron Crown|move: Future Sight
|move|p2a: Clefable|Stealth Rock|p1a: Iron Crown
|-sidestart|p1: Lechonkworshipper|move: Stealth Rock
|
|upkeep
|turn|2
|
|t:|1757909021
|switch|p2a: Iron Crown|Iron Crown|100/100
|-item|p2a: Iron Crown|Air Balloon
|move|p1a: Iron Crown|Tachyon Cutter|p2a: Iron Crown
|-resisted|p2a: Iron Crown
|-damage|p2a: Iron Crown|88/100
|-enditem|p2a: Iron Crown|Air Balloon
|-resisted|p2a: Iron Crown
|-damage|p2a: Iron Crown|75/100
|-hitcount|p2a: Iron Crown|2
|
|upkeep
|turn|3
|
|t:|1757909032
|move|p2a: Iron Crown|Calm Mind|p2a: Iron Crown
|-boost|p2a: Iron Crown|spa|1
|-boost|p2a: Iron Crown|spd|1
|move|p1a: Iron Crown|Volt Switch|p2a: Iron Crown
|-damage|p2a: Iron Crown|58/100
|
|t:|1757909035
|-end|p1a: Iron Crown|Quark Drive|[silent]
|switch|p1a: Samurott|Samurott-Hisui, F|100/100|[from] Volt Switch
|
|-end|p2a: Iron Crown|move: Future Sight
|-resisted|p2a: Iron Crown
|-damage|p2a: Iron Crown|48/100
|upkeep
|turn|4
|
|t:|1757909049
|-terastallize|p2a: Iron Crown|Fighting
|move|p2a: Iron Crown|Focus Blast|p1a: Samurott
|-supereffective|p1a: Samurott
|-damage|p1a: Samurott|0 fnt
|faint|p1a: Samurott
|
|upkeep
|
|t:|1757909055
|switch|p1a: Dragapult|Dragapult, F, shiny|100/100
|-damage|p1a: Dragapult|88/100|[from] Stealth Rock
|turn|5
|
|t:|1757909061
|move|p1a: Dragapult|Dragon Darts|p2a: Iron Crown
|-damage|p2a: Iron Crown|6/100
|-anim|p1a: Dragapult|Dragon Darts|p2a: Iron Crown
|-damage|p2a: Iron Crown|0 fnt
|faint|p2a: Iron Crown
|-end|p2a: Iron Crown|Quark Drive|[silent]
|
|upkeep
|
|t:|1757909069
|switch|p2a: Clefable|Clefable, F, shiny|100/100
|turn|6
|
|t:|1757909073
|switch|p1a: Kingambit|Kingambit, F|100/100
|-damage|p1a: Kingambit|94/100|[from] Stealth Rock
|-activate|p1a: Kingambit|ability: Supreme Overlord
|-start|p1a: Kingambit|fallen1|[silent]
|move|p2a: Clefable|Thunder Wave|p1a: Kingambit
|-status|p1a: Kingambit|par
|
|-heal|p1a: Kingambit|100/100 par|[from] item: Leftovers
|upkeep
|turn|7
|
|t:|1757909084
|move|p2a: Clefable|Moonblast|p1a: Kingambit
|-damage|p1a: Kingambit|65/100 par
|-unboost|p1a: Kingambit|spa|1
|cant|p1a: Kingambit|par
|
|-heal|p1a: Kingambit|71/100 par|[from] item: Leftovers
|upkeep
|turn|8
|
|t:|1757909097
|switch|p2a: Scizor|Scizor, M, shiny|100/100
|move|p1a: Kingambit|Iron Head|p2a: Scizor
|-resisted|p2a: Scizor
|-damage|p2a: Scizor|77/100
|
|-heal|p1a: Kingambit|78/100 par|[from] item: Leftovers
|upkeep
|turn|9
|
|t:|1757909108
|-end|p1a: Kingambit|fallen1|[silent]
|switch|p1a: Landorus|Landorus-Therian, M|100/100
|-damage|p1a: Landorus|88/100|[from] Stealth Rock
|-ability|p1a: Landorus|Intimidate|boost
|-unboost|p2a: Scizor|atk|1
|move|p2a: Scizor|Knock Off|p1a: Landorus
|-damage|p1a: Landorus|61/100
|-damage|p2a: Scizor|60/100|[from] item: Rocky Helmet|[of] p1a: Landorus
|-enditem|p1a: Landorus|Rocky Helmet|[from] move: Knock Off|[of] p2a: Scizor
|
|upkeep
|turn|10
|
|t:|1757909120
|switch|p2a: Dondozo|Dondozo, M, shiny|100/100
|move|p1a: Landorus|Stealth Rock|p2a: Dondozo
|-sidestart|p2: zast3133|move: Stealth Rock
|
|upkeep
|turn|11
|
|t:|1757909128
|move|p1a: Landorus|U-turn|p2a: Dondozo
|-damage|p2a: Dondozo|89/100
|
|t:|1757909130
|switch|p1a: Primarina|Primarina, F|100/100|[from] U-turn
|move|p2a: Dondozo|Curse|p2a: Dondozo
|-unboost|p2a: Dondozo|spe|1
|-boost|p2a: Dondozo|atk|1
|-boost|p2a: Dondozo|def|1
|
|-heal|p2a: Dondozo|96/100|[from] item: Leftovers
|upkeep
|turn|12
|
|t:|1757909141
|move|p1a: Primarina|Moonblast|p2a: Dondozo
|-damage|p2a: Dondozo|57/100
|move|p2a: Dondozo|Curse|p2a: Dondozo
|-unboost|p2a: Dondozo|spe|1
|-boost|p2a: Dondozo|atk|1
|-boost|p2a: Dondozo|def|1
|
|-heal|p2a: Dondozo|63/100|[from] item: Leftovers
|upkeep
|turn|13
|
|t:|1757909152
|switch|p2a: Scizor|Scizor, M, shiny|60/100
|-damage|p2a: Scizor|48/100|[from] Stealth Rock
|move|p1a: Primarina|Moonblast|p2a: Scizor
|-resisted|p2a: Scizor
|-damage|p2a: Scizor|16/100
|
|upkeep
|turn|14
|
|t:|1757909161
|move|p1a: Primarina|Surf|p2a: Scizor
|-damage|p2a: Scizor|0 fnt
|faint|p2a: Scizor
|
|upkeep
|
|t:|1757909167
|switch|p2a: Revavroom|Revavroom, M, shiny|100/100
|-damage|p2a: Revavroom|95/100|[from] Stealth Rock
|-item|p2a: Revavroom|Air Balloon
|turn|15
|
|t:|1757909173
|switch|p1a: Iron Crown|Iron Crown|100/100
|-damage|p1a: Iron Crown|94/100|[from] Stealth Rock
|move|p2a: Revavroom|Shift Gear|p2a: Revavroom
|-boost|p2a: Revavroom|spe|2
|-boost|p2a: Revavroom|atk|1
|
|upkeep
|turn|16
|
|t:|1757909183
|move|p2a: Revavroom|High Horsepower|p1a: Iron Crown
|-supereffective|p1a: Iron Crown
|-damage|p1a: Iron Crown|0 fnt
|faint|p1a: Iron Crown
|-end|p1a: Iron Crown|Quark Drive|[silent]
|
|upkeep
|
|t:|1757909187
|switch|p1a: Landorus|Landorus-Therian, M|61/100
|-damage|p1a: Landorus|49/100|[from] Stealth Rock
|-ability|p1a: Landorus|Intimidate|boost
|-unboost|p2a: Revavroom|atk|1
|turn|17
|
|t:|1757909193
|move|p2a: Revavroom|Zen Headbutt|p1a: Landorus
|-damage|p1a: Landorus|29/100
|cant|p1a: Landorus|flinch
|
|upkeep
|turn|18
|
|t:|1757909202
|move|p2a: Revavroom|Shift Gear|p2a: Revavroom
|-boost|p2a: Revavroom|spe|2
|-boost|p2a: Revavroom|atk|1
|move|p1a: Landorus|Grass Knot|p2a: Revavroom
|-resisted|p2a: Revavroom
|-damage|p2a: Revavroom|85/100
|-enditem|p2a: Revavroom|Air Balloon
|
|upkeep
|turn|19
|-message|Lechonkworshipper forfeited.
|
|win|zast3133
|raw|Lechonkworshipper's rating: 1410 &rarr; <strong>1386</strong><br />(-24 for losing)
|raw|zast3133's rating: 1334 &rarr; <strong>1358</strong><br />(+24 for winning)
|l|☆Lechonkworshipper
|player|p1|
|l|☆zast3133
|player|p2|
