|j|☆Tigerballs
|j|☆mkyn
|t:|1757858460
|gametype|singles
|player|p1|Tigerballs|swimmer-gen4dp|1613
|player|p2|mkyn|1|1650
|gen|9
|tier|[Gen 9] OU
|rated|
|rule|HP Percentage Mod: HP is shown in percentages
|rule|Endless Battle Clause: Forcing endless battles is banned
|rule|Species Clause: Limit one of each Pokémon
|rule|OHKO Clause: OHKO moves are banned
|rule|Evasion Items Clause: Evasion items are banned
|rule|Evasion Moves Clause: Evasion moves are banned
|rule|Evasion Abilities Clause: Evasion abilities are banned
|rule|Sleep Moves Clause: Sleep-inducing moves are banned
|clearpoke
|poke|p1|Ninetales-Alola, M|
|poke|p1|Skeledirge, F|
|poke|p1|Okidogi, M|
|poke|p1|Vaporeon, F|
|poke|p1|Cresselia, F|
|poke|p1|Cyclizar, M|
|poke|p2|Tyranitar, M|
|poke|p2|Excadrill, F|
|poke|p2|Pecharunt|
|poke|p2|Alomomola, F|
|poke|p2|Ogerpon, F|
|poke|p2|Iron Valiant|
|teampreview
|inactive|Battle timer is ON: inactive players will automatically lose when time's up. (requested by Tigerballs)
|inactive|mkyn has 120 seconds left.
|inactive|mkyn has 90 seconds left.
|
|t:|1757858542
|teamsize|p1|6
|teamsize|p2|6
|start
|switch|p1a: Ninetales|Ninetales-Alola, M, shiny|100/100
|switch|p2a: Ogerpon|Ogerpon, F|100/100
|-weather|Snowscape|[from] ability: Snow Warning|[of] p1a: Ninetales
|turn|1
|
|t:|1757858553
|move|p2a: Ogerpon|U-turn|p1a: Ninetales
|-resisted|p1a: Ninetales
|-damage|p1a: Ninetales|90/100
|
|t:|1757858555
|switch|p2a: Tyranitar|Tyranitar, M|100/100|[from] U-turn
|-weather|Sandstorm|[from] ability: Sand Stream|[of] p2a: Tyranitar
|move|p1a: Ninetales|Blizzard|p2a: Tyranitar|[miss]
|-miss|p1a: Ninetales|p2a: Tyranitar
|
|-weather|Sandstorm|[upkeep]
|-damage|p1a: Ninetales|83/100|[from] Sandstorm
|upkeep
|turn|2
|
|t:|1757858566
|switch|p1a: Grrrr|Okidogi, M|100/100
|move|p2a: Tyranitar|Stealth Rock|p1a: Grrrr
|-sidestart|p1: Tigerballs|move: Stealth Rock
|
|-weather|Sandstorm|[upkeep]
|-damage|p1a: Grrrr|94/100|[from] Sandstorm
|-heal|p1a: Grrrr|100/100|[from] item: Leftovers
|upkeep
|turn|3
|
|t:|1757858576
|switch|p2a: Pecharunt|Pecharunt|100/100
|move|p1a: Grrrr|Poison Jab|p2a: Pecharunt
|-resisted|p2a: Pecharunt
|-damage|p2a: Pecharunt|95/100
|-damage|p1a: Grrrr|84/100|[from] item: Rocky Helmet|[of] p2a: Pecharunt
|
|-weather|Sandstorm|[upkeep]
|-damage|p2a: Pecharunt|89/100|[from] Sandstorm
|-damage|p1a: Grrrr|78/100|[from] Sandstorm
|-heal|p1a: Grrrr|84/100|[from] item: Leftovers
|upkeep
|turn|4
|
|t:|1757858587
|move|p2a: Pecharunt|Shadow Ball|p1a: Grrrr
|-damage|p1a: Grrrr|65/100
|move|p1a: Grrrr|Bulk Up|p1a: Grrrr
|-boost|p1a: Grrrr|atk|1
|-boost|p1a: Grrrr|def|1
|
|-weather|Sandstorm|[upkeep]
|-damage|p2a: Pecharunt|83/100|[from] Sandstorm
|-damage|p1a: Grrrr|59/100|[from] Sandstorm
|-heal|p1a: Grrrr|65/100|[from] item: Leftovers
|upkeep
|turn|5
|
|t:|1757858598
|move|p2a: Pecharunt|Parting Shot|p1a: Grrrr
|-unboost|p1a: Grrrr|atk|1
|-unboost|p1a: Grrrr|spa|1
|
|t:|1757858601
|switch|p2a: Iron Valiant|Iron Valiant|100/100|[from] Parting Shot
|-enditem|p2a: Iron Valiant|Booster Energy
|-activate|p2a: Iron Valiant|ability: Quark Drive|[fromitem]
|-start|p2a: Iron Valiant|quarkdrivespe
|move|p1a: Grrrr|Throat Chop|p2a: Iron Valiant
|-resisted|p2a: Iron Valiant
|-damage|p2a: Iron Valiant|93/100
|-start|p2a: Iron Valiant|Throat Chop|[silent]
|-status|p2a: Iron Valiant|tox|[from] ability: Toxic Chain|[of] p1a: Grrrr
|
|-weather|Sandstorm|[upkeep]
|-damage|p2a: Iron Valiant|87/100 tox|[from] Sandstorm
|-damage|p1a: Grrrr|59/100|[from] Sandstorm
|-heal|p1a: Grrrr|65/100|[from] item: Leftovers
|-damage|p2a: Iron Valiant|80/100 tox|[from] psn
|upkeep
|turn|6
|
|t:|1757858617
|switch|p1a: Mermaid cat|Vaporeon, F|100/100
|-damage|p1a: Mermaid cat|88/100|[from] Stealth Rock
|move|p2a: Iron Valiant|Encore||[still]
|-fail|p2a: Iron Valiant
|
|-weather|Sandstorm|[upkeep]
|-damage|p2a: Iron Valiant|74/100 tox|[from] Sandstorm
|-damage|p1a: Mermaid cat|82/100|[from] Sandstorm
|-heal|p1a: Mermaid cat|88/100|[from] item: Leftovers
|-damage|p2a: Iron Valiant|62/100 tox|[from] psn
|-end|p2a: Iron Valiant|Throat Chop|[silent]
|upkeep
|turn|7
|
|t:|1757858628
|move|p2a: Iron Valiant|Knock Off|p1a: Mermaid cat
|-damage|p1a: Mermaid cat|59/100
|-enditem|p1a: Mermaid cat|Leftovers|[from] move: Knock Off|[of] p2a: Iron Valiant
|move|p1a: Mermaid cat|Wish|p1a: Mermaid cat
|
|-weather|Sandstorm|[upkeep]
|-damage|p2a: Iron Valiant|56/100 tox|[from] Sandstorm
|-damage|p1a: Mermaid cat|52/100|[from] Sandstorm
|-damage|p2a: Iron Valiant|37/100 tox|[from] psn
|upkeep
|turn|8
|
|t:|1757858638
|move|p2a: Iron Valiant|Moonblast|p1a: Mermaid cat
|-damage|p1a: Mermaid cat|26/100
|move|p1a: Mermaid cat|Scald|p2a: Iron Valiant
|-damage|p2a: Iron Valiant|0 fnt
|faint|p2a: Iron Valiant
|-end|p2a: Iron Valiant|Quark Drive|[silent]
|
|-weather|none
|-heal|p1a: Mermaid cat|76/100|[from] move: Wish|[wisher] Mermaid cat
|upkeep
|
|t:|1757858648
|switch|p2a: Ogerpon|Ogerpon, F|100/100
|turn|9
|
|t:|1757858659
|switch|p1a: Grrrr|Okidogi, M|65/100
|-damage|p1a: Grrrr|59/100|[from] Stealth Rock
|move|p2a: Ogerpon|Knock Off|p1a: Grrrr
|-resisted|p1a: Grrrr
|-damage|p1a: Grrrr|48/100
|-enditem|p1a: Grrrr|Leftovers|[from] move: Knock Off|[of] p2a: Ogerpon
|
|upkeep
|turn|10
|
|t:|1757858668
|move|p2a: Ogerpon|U-turn|p1a: Grrrr
|-resisted|p1a: Grrrr
|-damage|p1a: Grrrr|43/100
|
|t:|1757858673
|switch|p2a: Pecharunt|Pecharunt|83/100|[from] U-turn
|move|p1a: Grrrr|Bulk Up|p1a: Grrrr
|-boost|p1a: Grrrr|atk|1
|-boost|p1a: Grrrr|def|1
|
|upkeep
|turn|11
|
|t:|1757858681
|move|p2a: Pecharunt|Shadow Ball|p1a: Grrrr
|-damage|p1a: Grrrr|26/100
|move|p1a: Grrrr|Bulk Up|p1a: Grrrr
|-boost|p1a: Grrrr|atk|1
|-boost|p1a: Grrrr|def|1
|
|upkeep
|turn|12
|
|t:|1757858690
|move|p2a: Pecharunt|Shadow Ball|p1a: Grrrr
|-damage|p1a: Grrrr|8/100
|move|p1a: Grrrr|Throat Chop|p2a: Pecharunt
|-supereffective|p2a: Pecharunt
|-damage|p2a: Pecharunt|26/100
|-start|p2a: Pecharunt|Throat Chop|[silent]
|-damage|p1a: Grrrr|0 fnt|[from] item: Rocky Helmet|[of] p2a: Pecharunt
|faint|p1a: Grrrr
|
|upkeep
|
|t:|1757858713
|switch|p1a: Ninetales|Ninetales-Alola, M, shiny|83/100
|-damage|p1a: Ninetales|58/100|[from] Stealth Rock
|-weather|Snowscape|[from] ability: Snow Warning|[of] p1a: Ninetales
|turn|13
|
|t:|1757858729
|switch|p2a: Tyranitar|Tyranitar, M|100/100
|-weather|Sandstorm|[from] ability: Sand Stream|[of] p2a: Tyranitar
|move|p1a: Ninetales|Moonblast|p2a: Tyranitar
|-supereffective|p2a: Tyranitar
|-damage|p2a: Tyranitar|27/100
|-unboost|p2a: Tyranitar|spa|1
|
|-weather|Sandstorm|[upkeep]
|-damage|p1a: Ninetales|52/100|[from] Sandstorm
|upkeep
|turn|14
|
|t:|1757858740
|switch|p2a: Excadrill|Excadrill, F|100/100
|-item|p2a: Excadrill|Air Balloon
|move|p1a: Ninetales|Moonblast|p2a: Excadrill
|-resisted|p2a: Excadrill
|-damage|p2a: Excadrill|60/100
|-enditem|p2a: Excadrill|Air Balloon
|
|-weather|Sandstorm|[upkeep]
|-damage|p1a: Ninetales|46/100|[from] Sandstorm
|upkeep
|turn|15
|
|t:|1757858751
|switch|p1a: Cresselia|Cresselia, F|100/100
|-damage|p1a: Cresselia|88/100|[from] Stealth Rock
|move|p2a: Excadrill|Swords Dance|p2a: Excadrill
|-boost|p2a: Excadrill|atk|2
|
|-weather|Sandstorm|[upkeep]
|-damage|p1a: Cresselia|82/100|[from] Sandstorm
|upkeep
|turn|16
|
|t:|1757858763
|move|p2a: Excadrill|Rock Slide|p1a: Cresselia
|-damage|p1a: Cresselia|40/100
|move|p1a: Cresselia|Trick|p2a: Excadrill
|-activate|p1a: Cresselia|move: Trick|[of] p2a: Excadrill
|-item|p2a: Excadrill|Choice Scarf|[from] move: Trick
|-enditem|p1a: Cresselia|Choice Scarf|[silent]|[from] move: Trick
|
|-weather|Sandstorm|[upkeep]
|-damage|p1a: Cresselia|34/100|[from] Sandstorm
|upkeep
|turn|17
|inactive|Tigerballs has 120 seconds left.
|
|t:|1757858779
|move|p2a: Excadrill|Rock Slide|p1a: Cresselia|[miss]
|-miss|p2a: Excadrill|p1a: Cresselia
|move|p1a: Cresselia|Icy Wind|p2a: Excadrill
|-damage|p2a: Excadrill|41/100
|-unboost|p2a: Excadrill|spe|1
|
|-weather|Sandstorm|[upkeep]
|-damage|p1a: Cresselia|28/100|[from] Sandstorm
|upkeep
|turn|18
|inactive|Tigerballs has 120 seconds left.
|
|t:|1757858789
|move|p2a: Excadrill|Rock Slide|p1a: Cresselia
|-damage|p1a: Cresselia|0 fnt
|faint|p1a: Cresselia
|
|-weather|Sandstorm|[upkeep]
|upkeep
|inactive|Tigerballs has 120 seconds left.
|
|t:|1757858798
|switch|p1a: Ninetales|Ninetales-Alola, M, shiny|46/100
|-damage|p1a: Ninetales|21/100|[from] Stealth Rock
|-weather|Snowscape|[from] ability: Snow Warning|[of] p1a: Ninetales
|turn|19
|
|t:|1757858804
|switch|p2a: Tyranitar|Tyranitar, M|27/100
|-weather|Sandstorm|[from] ability: Sand Stream|[of] p2a: Tyranitar
|move|p1a: Ninetales|Blizzard|p2a: Tyranitar
|-damage|p2a: Tyranitar|0 fnt
|faint|p2a: Tyranitar
|
|-weather|Sandstorm|[upkeep]
|-damage|p1a: Ninetales|15/100|[from] Sandstorm
|upkeep
|
|t:|1757858815
|switch|p2a: Ogerpon|Ogerpon, F|100/100
|turn|20
|
|t:|1757858818
|move|p2a: Ogerpon|Ivy Cudgel|p1a: Ninetales
|-damage|p1a: Ninetales|0 fnt
|faint|p1a: Ninetales
|
|-weather|Sandstorm|[upkeep]
|-damage|p2a: Ogerpon|95/100|[from] Sandstorm
|upkeep
|
|t:|1757858825
|switch|p1a: Skeledirge|Skeledirge, F|100/100
|-damage|p1a: Skeledirge|75/100|[from] Stealth Rock
|turn|21
|
|t:|1757858831
|move|p2a: Ogerpon|Knock Off|p1a: Skeledirge
|-supereffective|p1a: Skeledirge
|-damage|p1a: Skeledirge|39/100
|-enditem|p1a: Skeledirge|Leftovers|[from] move: Knock Off|[of] p2a: Ogerpon
|move|p1a: Skeledirge|Will-O-Wisp|p2a: Ogerpon
|-status|p2a: Ogerpon|brn
|
|-weather|Sandstorm|[upkeep]
|-damage|p2a: Ogerpon|89/100 brn|[from] Sandstorm
|-damage|p1a: Skeledirge|33/100|[from] Sandstorm
|-damage|p2a: Ogerpon|83/100 brn|[from] brn
|upkeep
|turn|22
|
|t:|1757858842
|-terastallize|p1a: Skeledirge|Poison
|move|p2a: Ogerpon|Encore|p1a: Skeledirge
|-start|p1a: Skeledirge|Encore
|move|p1a: Skeledirge|Will-O-Wisp|p2a: Ogerpon|[miss]
|-miss|p1a: Skeledirge|p2a: Ogerpon
|
|-weather|Sandstorm|[upkeep]
|-damage|p2a: Ogerpon|77/100 brn|[from] Sandstorm
|-damage|p1a: Skeledirge|27/100|[from] Sandstorm
|-damage|p2a: Ogerpon|71/100 brn|[from] brn
|upkeep
|turn|23
|
|t:|1757858856
|switch|p1a: Cyclizar|Cyclizar, M|100/100
|-damage|p1a: Cyclizar|88/100|[from] Stealth Rock
|move|p2a: Ogerpon|Knock Off|p1a: Cyclizar
|-damage|p1a: Cyclizar|61/100
|-enditem|p1a: Cyclizar|Leftovers|[from] move: Knock Off|[of] p2a: Ogerpon
|
|-weather|Sandstorm|[upkeep]
|-damage|p2a: Ogerpon|65/100 brn|[from] Sandstorm
|-damage|p1a: Cyclizar|55/100|[from] Sandstorm
|-damage|p2a: Ogerpon|59/100 brn|[from] brn
|upkeep
|turn|24
|
|t:|1757858868
|switch|p2a: Pecharunt|Pecharunt|26/100
|move|p1a: Cyclizar|Rapid Spin|p2a: Pecharunt
|-immune|p2a: Pecharunt
|
|-weather|Sandstorm|[upkeep]
|-damage|p1a: Cyclizar|49/100|[from] Sandstorm
|-damage|p2a: Pecharunt|20/100|[from] Sandstorm
|upkeep
|turn|25
|
|t:|1757858880
|move|p1a: Cyclizar|U-turn|p2a: Pecharunt
|-resisted|p2a: Pecharunt
|-crit|p2a: Pecharunt
|-damage|p2a: Pecharunt|15/100
|-damage|p1a: Cyclizar|32/100|[from] item: Rocky Helmet|[of] p2a: Pecharunt
|
|t:|1757858884
|switch|p1a: Mermaid cat|Vaporeon, F|76/100|[from] U-turn
|-damage|p1a: Mermaid cat|64/100|[from] Stealth Rock
|move|p2a: Pecharunt|Recover|p2a: Pecharunt
|-heal|p2a: Pecharunt|65/100
|
|-weather|Sandstorm|[upkeep]
|-damage|p2a: Pecharunt|59/100|[from] Sandstorm
|-damage|p1a: Mermaid cat|58/100|[from] Sandstorm
|upkeep
|turn|26
|
|t:|1757858895
|move|p2a: Pecharunt|Malignant Chain|p1a: Mermaid cat
|-damage|p1a: Mermaid cat|41/100
|move|p1a: Mermaid cat|Scald|p2a: Pecharunt
|-damage|p2a: Pecharunt|26/100
|
|-weather|none
|upkeep
|turn|27
|
|t:|1757858906
|move|p2a: Pecharunt|Malignant Chain|p1a: Mermaid cat
|-damage|p1a: Mermaid cat|25/100
|-status|p1a: Mermaid cat|tox
|-start|p1a: Mermaid cat|confusion|[from] ability: Poison Puppeteer|[of] p2a: Pecharunt
|-activate|p1a: Mermaid cat|confusion
|move|p1a: Mermaid cat|Wish|p1a: Mermaid cat
|
|-damage|p1a: Mermaid cat|19/100 tox|[from] psn
|upkeep
|turn|28
|
|t:|1757858921
|switch|p1a: Skeledirge|Skeledirge, F, tera:Poison|27/100
|-damage|p1a: Skeledirge|15/100|[from] Stealth Rock
|move|p2a: Pecharunt|Shadow Ball|p1a: Skeledirge
|-damage|p1a: Skeledirge|0 fnt
|faint|p1a: Skeledirge
|
|upkeep
|-message|Tigerballs forfeited.
|
|win|mkyn
|raw|Tigerballs's rating: 1613 &rarr; <strong>1595</strong><br />(-18 for losing)
|raw|mkyn's rating: 1650 &rarr; <strong>1668</strong><br />(+18 for winning)
|l|☆Tigerballs
|player|p1|
|l|☆mkyn
|player|p2|
