|j|☆KingPikaPika
|j|☆YOSHlNlAN
|t:|1757941806
|gametype|singles
|player|p1|KingPikaPika|pokekid|1733
|player|p2|YOSHlNlAN|richboy-gen4|1673
|gen|9
|tier|[Gen 9] OU
|rated|
|rule|HP Percentage Mod: HP is shown in percentages
|rule|Endless Battle Clause: Forcing endless battles is banned
|rule|Species Clause: Limit one of each Pokémon
|rule|OHKO Clause: OHKO moves are banned
|rule|Evasion Items Clause: Evasion items are banned
|rule|Evasion Moves Clause: Evasion moves are banned
|rule|Evasion Abilities Clause: Evasion abilities are banned
|rule|Sleep Moves Clause: Sleep-inducing moves are banned
|clearpoke
|poke|p1|Iron Valiant|
|poke|p1|Glimmora, F|
|poke|p1|Gholdengo|
|poke|p1|Dragonite, M|
|poke|p1|Kingambit, F|
|poke|p1|Great Tusk|
|poke|p2|Corviknight, M|
|poke|p2|Primarina, F|
|poke|p2|Darkrai|
|poke|p2|Zapdos|
|poke|p2|Dragonite, M|
|poke|p2|Scizor, M|
|teampreview
|inactive|Battle timer is ON: inactive players will automatically lose when time's up. (requested by YOSHlNlAN)
|
|t:|1757941827
|teamsize|p1|6
|teamsize|p2|6
|start
|switch|p1a: Glimmora|Glimmora, F|100/100
|switch|p2a: Darkrai|Darkrai|100/100
|turn|1
|
|t:|1757941829
|move|p2a: Darkrai|Dark Pulse|p1a: Glimmora
|-damage|p1a: Glimmora|49/100
|-enditem|p1a: Glimmora|Red Card|[of] p2a: Darkrai
|drag|p2a: Dragonite|Dragonite, M|100/100
|move|p1a: Glimmora|Stealth Rock|p2a: Dragonite
|-sidestart|p2: YOSHlNlAN|move: Stealth Rock
|
|upkeep
|turn|2
|
|t:|1757941835
|switch|p2a: Corviknight|Corviknight, M, shiny|100/100
|-damage|p2a: Corviknight|88/100|[from] Stealth Rock
|-ability|p2a: Corviknight|Pressure
|move|p1a: Glimmora|Mortal Spin|p2a: Corviknight
|-immune|p2a: Corviknight
|
|upkeep
|turn|3
|
|t:|1757941838
|move|p1a: Glimmora|Spikes|p2a: Corviknight
|-sidestart|p2: YOSHlNlAN|Spikes
|move|p2a: Corviknight|U-turn|p1a: Glimmora
|-resisted|p1a: Glimmora
|-damage|p1a: Glimmora|43/100
|-activate|p1a: Glimmora|ability: Toxic Debris
|-sidestart|p2: YOSHlNlAN|move: Toxic Spikes
|
|t:|1757941841
|switch|p2a: Scizor|Scizor, M, shiny|100/100|[from] U-turn
|-damage|p2a: Scizor|88/100|[from] Stealth Rock
|-damage|p2a: Scizor|76/100|[from] Spikes
|
|upkeep
|turn|4
|
|t:|1757941843
|switch|p1a: Gholdengo|Gholdengo|100/100
|move|p2a: Scizor|Bullet Punch|p1a: Gholdengo
|-resisted|p1a: Gholdengo
|-damage|p1a: Gholdengo|81/100
|
|upkeep
|turn|5
|
|t:|1757941847
|move|p1a: Gholdengo|Thunderbolt|p2a: Scizor
|-damage|p2a: Scizor|29/100
|move|p2a: Scizor|Knock Off|p1a: Gholdengo
|-supereffective|p1a: Gholdengo
|-damage|p1a: Gholdengo|0 fnt
|-enditem|p1a: Gholdengo|Metal Coat|[from] move: Knock Off|[of] p2a: Scizor
|faint|p1a: Gholdengo
|
|upkeep
|
|t:|1757941857
|switch|p1a: Kingambit|Kingambit, F|100/100
|-activate|p1a: Kingambit|ability: Supreme Overlord
|-start|p1a: Kingambit|fallen1|[silent]
|turn|6
|
|t:|1757941860
|-terastallize|p2a: Scizor|Fighting
|move|p2a: Scizor|Close Combat|p1a: Kingambit
|-supereffective|p1a: Kingambit
|-damage|p1a: Kingambit|0 fnt
|-unboost|p2a: Scizor|def|1
|-unboost|p2a: Scizor|spd|1
|faint|p1a: Kingambit
|-end|p1a: Kingambit|fallen1|[silent]
|
|upkeep
|
|t:|1757941870
|switch|p1a: Dragonite|Dragonite, M|100/100
|turn|7
|
|t:|1757941873
|switch|p2a: Zapdos|Zapdos|100/100
|move|p1a: Dragonite|Dragon Dance|p1a: Dragonite
|-boost|p1a: Dragonite|atk|1
|-boost|p1a: Dragonite|spe|1
|
|upkeep
|turn|8
|
|t:|1757941883
|switch|p1a: Glimmora|Glimmora, F|43/100
|move|p2a: Zapdos|Discharge|p1a: Glimmora
|-damage|p1a: Glimmora|5/100
|
|upkeep
|turn|9
|
|t:|1757941887
|switch|p2a: Corviknight|Corviknight, M, shiny|88/100
|-damage|p2a: Corviknight|75/100|[from] Stealth Rock
|-ability|p2a: Corviknight|Pressure
|move|p1a: Glimmora|Power Gem|p2a: Corviknight
|-damage|p2a: Corviknight|41/100
|
|upkeep
|turn|10
|
|t:|1757941891
|switch|p1a: Iron Valiant|Iron Valiant|100/100
|-enditem|p1a: Iron Valiant|Booster Energy
|-activate|p1a: Iron Valiant|ability: Quark Drive|[fromitem]
|-start|p1a: Iron Valiant|quarkdrivespe
|move|p2a: Corviknight|Roost|p2a: Corviknight
|-heal|p2a: Corviknight|91/100
|-singleturn|p2a: Corviknight|move: Roost
|
|upkeep
|turn|11
|
|t:|1757941894
|move|p1a: Iron Valiant|Encore|p2a: Corviknight
|-start|p2a: Corviknight|Encore
|move|p2a: Corviknight|Roost|p2a: Corviknight
|-heal|p2a: Corviknight|100/100
|-singleturn|p2a: Corviknight|move: Roost
|
|upkeep
|turn|12
|
|t:|1757941900
|switch|p2a: Primarina|Primarina, F|100/100
|-damage|p2a: Primarina|88/100|[from] Stealth Rock
|-damage|p2a: Primarina|76/100|[from] Spikes
|-status|p2a: Primarina|psn
|move|p1a: Iron Valiant|Knock Off|p2a: Primarina
|-resisted|p2a: Primarina
|-damage|p2a: Primarina|54/100 psn
|-enditem|p2a: Primarina|Assault Vest|[from] move: Knock Off|[of] p1a: Iron Valiant
|
|-damage|p2a: Primarina|41/100 psn|[from] psn
|upkeep
|turn|13
|
|t:|1757941910
|-end|p1a: Iron Valiant|Quark Drive|[silent]
|switch|p1a: Glimmora|Glimmora, F|5/100
|move|p2a: Primarina|Moonblast|p1a: Glimmora
|-resisted|p1a: Glimmora
|-damage|p1a: Glimmora|0 fnt
|faint|p1a: Glimmora
|
|-damage|p2a: Primarina|29/100 psn|[from] psn
|upkeep
|
|t:|1757941913
|switch|p1a: Iron Valiant|Iron Valiant|100/100
|turn|14
|
|t:|1757941915
|move|p1a: Iron Valiant|Close Combat|p2a: Primarina
|-resisted|p2a: Primarina
|-damage|p2a: Primarina|0 fnt
|-unboost|p1a: Iron Valiant|def|1
|-unboost|p1a: Iron Valiant|spd|1
|faint|p2a: Primarina
|
|upkeep
|
|t:|1757941918
|switch|p2a: Corviknight|Corviknight, M, shiny|100/100
|-damage|p2a: Corviknight|88/100|[from] Stealth Rock
|-ability|p2a: Corviknight|Pressure
|turn|15
|
|t:|1757941920
|move|p1a: Iron Valiant|Swords Dance|p1a: Iron Valiant
|-boost|p1a: Iron Valiant|atk|2
|move|p2a: Corviknight|Brave Bird|p1a: Iron Valiant
|-supereffective|p1a: Iron Valiant
|-damage|p1a: Iron Valiant|0 fnt
|faint|p1a: Iron Valiant
|-end|p1a: Iron Valiant|Quark Drive|[silent]
|-damage|p2a: Corviknight|64/100|[from] Recoil
|
|upkeep
|
|t:|1757941924
|switch|p1a: Dragonite|Dragonite, M|100/100
|turn|16
|
|t:|1757941926
|move|p1a: Dragonite|Dragon Dance|p1a: Dragonite
|-boost|p1a: Dragonite|atk|1
|-boost|p1a: Dragonite|spe|1
|move|p2a: Corviknight|Defog|p1a: Dragonite
|-unboost|p1a: Dragonite|evasion|1
|-sideend|p2: YOSHlNlAN|Spikes|[from] move: Defog|[of] p2a: Corviknight
|-sideend|p2: YOSHlNlAN|Toxic Spikes|[from] move: Defog|[of] p2a: Corviknight
|-sideend|p2: YOSHlNlAN|Stealth Rock|[from] move: Defog|[of] p2a: Corviknight
|
|upkeep
|turn|17
|
|t:|1757941927
|switch|p2a: Zapdos|Zapdos|100/100
|move|p1a: Dragonite|Dragon Dance|p1a: Dragonite
|-boost|p1a: Dragonite|atk|1
|-boost|p1a: Dragonite|spe|1
|
|upkeep
|turn|18
|
|t:|1757941932
|move|p1a: Dragonite|Dragon Dance|p1a: Dragonite
|-boost|p1a: Dragonite|atk|1
|-boost|p1a: Dragonite|spe|1
|move|p2a: Zapdos|Discharge|p1a: Dragonite
|-damage|p1a: Dragonite|86/100
|
|-heal|p1a: Dragonite|92/100|[from] item: Leftovers
|upkeep
|turn|19
|
|t:|1757941937
|move|p1a: Dragonite|Dragon Dance|p1a: Dragonite
|-boost|p1a: Dragonite|atk|1
|-boost|p1a: Dragonite|spe|1
|move|p2a: Zapdos|Discharge|p1a: Dragonite
|-damage|p1a: Dragonite|60/100
|-status|p1a: Dragonite|par
|
|-heal|p1a: Dragonite|66/100 par|[from] item: Leftovers
|upkeep
|turn|20
|
|t:|1757941943
|move|p1a: Dragonite|Roost|p1a: Dragonite
|-heal|p1a: Dragonite|100/100 par
|-singleturn|p1a: Dragonite|move: Roost
|move|p2a: Zapdos|Hurricane|p1a: Dragonite
|-damage|p1a: Dragonite|81/100 par
|
|-heal|p1a: Dragonite|87/100 par|[from] item: Leftovers
|upkeep
|turn|21
|
|t:|1757941945
|cant|p1a: Dragonite|par
|move|p2a: Zapdos|Hurricane|p1a: Dragonite
|-damage|p1a: Dragonite|47/100 par
|-start|p1a: Dragonite|confusion
|
|-heal|p1a: Dragonite|53/100 par|[from] item: Leftovers
|upkeep
|turn|22
|
|t:|1757941948
|-activate|p1a: Dragonite|confusion
|-damage|p1a: Dragonite|8/100 par|[from] confusion
|move|p2a: Zapdos|Hurricane|p1a: Dragonite
|-damage|p1a: Dragonite|0 fnt
|faint|p1a: Dragonite
|
|upkeep
|
|t:|1757941951
|switch|p1a: Great Tusk|Great Tusk|100/100
|turn|23
|
|t:|1757941954
|move|p1a: Great Tusk|Bulk Up|p1a: Great Tusk
|-boost|p1a: Great Tusk|atk|1
|-boost|p1a: Great Tusk|def|1
|move|p2a: Zapdos|Hurricane|p1a: Great Tusk
|-supereffective|p1a: Great Tusk
|-damage|p1a: Great Tusk|0 fnt
|faint|p1a: Great Tusk
|-end|p1a: Great Tusk|Protosynthesis|[silent]
|
|win|YOSHlNlAN
|raw|KingPikaPika's rating: 1733 &rarr; <strong>1710</strong><br />(-23 for losing)
|raw|YOSHlNlAN's rating: 1673 &rarr; <strong>1696</strong><br />(+23 for winning)
|l|☆KingPikaPika
|player|p1|
|l|☆YOSHlNlAN
|player|p2|
