|j|☆Havestol
|j|☆8daniel8
|t:|1757797292
|gametype|singles
|player|p1|Havestol|mars|1373
|player|p2|8daniel8|koga|1443
|gen|9
|tier|[Gen 9] OU
|rated|
|rule|HP Percentage Mod: HP is shown in percentages
|rule|Endless Battle Clause: Forcing endless battles is banned
|rule|Species Clause: Limit one of each Pokémon
|rule|OHKO Clause: OHKO moves are banned
|rule|Evasion Items Clause: Evasion items are banned
|rule|Evasion Moves Clause: Evasion moves are banned
|rule|Evasion Abilities Clause: Evasion abilities are banned
|rule|Sleep Moves Clause: Sleep-inducing moves are banned
|clearpoke
|poke|p1|Pelipper, M|
|poke|p1|Raging Bolt|
|poke|p1|Ludicolo, F|
|poke|p1|Iron Treads|
|poke|p1|Barraskewda, M|
|poke|p1|Beartic, F|
|poke|p2|Iron Hands|
|poke|p2|Corviknight, M|
|poke|p2|Clodsire, M|
|poke|p2|Hydreigon, M|
|poke|p2|Porygon2|
|poke|p2|Basculegion, M|
|teampreview
|inactive|Battle timer is ON: inactive players will automatically lose when time's up. (requested by 8daniel8)
|
|t:|1757797310
|teamsize|p1|6
|teamsize|p2|6
|start
|switch|p1a: Iron Treads|Iron Treads|100/100
|switch|p2a: Basculegion|Basculegion, M|100/100
|-enditem|p1a: Iron Treads|Booster Energy
|-activate|p1a: Iron Treads|ability: Quark Drive|[fromitem]
|-start|p1a: Iron Treads|quarkdrivespe
|turn|1
|
|t:|1757797320
|move|p1a: Iron Treads|Earthquake|p2a: Basculegion
|-damage|p2a: Basculegion|44/100
|move|p2a: Basculegion|Wave Crash|p1a: Iron Treads
|-supereffective|p1a: Iron Treads
|-damage|p1a: Iron Treads|0 fnt
|faint|p1a: Iron Treads
|-end|p1a: Iron Treads|Quark Drive|[silent]
|-damage|p2a: Basculegion|20/100|[from] Recoil
|
|upkeep
|
|t:|1757797324
|switch|p1a: Pelipper|Pelipper, M|100/100
|-weather|RainDance|[from] ability: Drizzle|[of] p1a: Pelipper
|turn|2
|
|t:|1757797341
|move|p2a: Basculegion|Wave Crash|p1a: Pelipper
|-resisted|p1a: Pelipper
|-damage|p1a: Pelipper|28/100
|-damage|p2a: Basculegion|2/100|[from] Recoil
|move|p1a: Pelipper|U-turn|p2a: Basculegion
|-resisted|p2a: Basculegion
|-crit|p2a: Basculegion
|-damage|p2a: Basculegion|0 fnt
|faint|p2a: Basculegion
|
|t:|1757797350
|switch|p1a: Ludicolo|Ludicolo, F|100/100|[from] U-turn
|
|-weather|RainDance|[upkeep]
|upkeep
|
|t:|1757797357
|switch|p2a: Clodsire|Clodsire, M|100/100
|turn|3
|inactive|8daniel8 has 120 seconds left.
|
|t:|1757797400
|move|p1a: Ludicolo|Ice Beam|p2a: Clodsire
|-supereffective|p2a: Clodsire
|-damage|p2a: Clodsire|63/100
|-damage|p1a: Ludicolo|91/100|[from] item: Life Orb
|move|p2a: Clodsire|Curse|p2a: Clodsire
|-unboost|p2a: Clodsire|spe|1
|-boost|p2a: Clodsire|atk|1
|-boost|p2a: Clodsire|def|1
|
|-weather|RainDance|[upkeep]
|-heal|p2a: Clodsire|70/100|[from] item: Leftovers
|upkeep
|turn|4
|
|t:|1757797413
|move|p1a: Ludicolo|Encore|p2a: Clodsire
|-start|p2a: Clodsire|Encore
|move|p2a: Clodsire|Curse|p2a: Clodsire
|-unboost|p2a: Clodsire|spe|1
|-boost|p2a: Clodsire|atk|1
|-boost|p2a: Clodsire|def|1
|
|-weather|RainDance|[upkeep]
|-heal|p2a: Clodsire|76/100|[from] item: Leftovers
|upkeep
|turn|5
|inactive|8daniel8 has 90 seconds left.
|
|t:|1757797444
|switch|p2a: Porygon2|Porygon2|100/100
|move|p1a: Ludicolo|Ice Beam|p2a: Porygon2
|-damage|p2a: Porygon2|80/100
|-damage|p1a: Ludicolo|81/100|[from] item: Life Orb
|
|-weather|RainDance|[upkeep]
|upkeep
|turn|6
|
|t:|1757797468
|move|p1a: Ludicolo|Surf|p2a: Porygon2
|-damage|p2a: Porygon2|29/100
|-damage|p1a: Ludicolo|71/100|[from] item: Life Orb
|move|p2a: Porygon2|Tri Attack|p1a: Ludicolo
|-damage|p1a: Ludicolo|11/100
|
|-weather|RainDance|[upkeep]
|upkeep
|turn|7
|
|t:|1757797481
|move|p1a: Ludicolo|Surf|p2a: Porygon2
|-damage|p2a: Porygon2|0 fnt
|faint|p2a: Porygon2
|-damage|p1a: Ludicolo|1/100|[from] item: Life Orb
|
|-weather|RainDance|[upkeep]
|upkeep
|
|t:|1757797488
|switch|p2a: Clodsire|Clodsire, M|76/100
|turn|8
|
|t:|1757797495
|move|p1a: Ludicolo|Ice Beam|p2a: Clodsire
|-supereffective|p2a: Clodsire
|-damage|p2a: Clodsire|37/100
|-damage|p1a: Ludicolo|0 fnt|[from] item: Life Orb
|faint|p1a: Ludicolo
|move|p2a: Clodsire|Curse|p2a: Clodsire
|-unboost|p2a: Clodsire|spe|1
|-boost|p2a: Clodsire|atk|1
|-boost|p2a: Clodsire|def|1
|
|-weather|RainDance|[upkeep]
|-heal|p2a: Clodsire|43/100|[from] item: Leftovers
|upkeep
|
|t:|1757797501
|switch|p1a: Beartic|Beartic, F|100/100
|turn|9
|
|t:|1757797525
|-terastallize|p2a: Clodsire|Dark
|move|p1a: Beartic|Swords Dance|p1a: Beartic
|-boost|p1a: Beartic|atk|2
|move|p2a: Clodsire|Recover|p2a: Clodsire
|-heal|p2a: Clodsire|93/100
|
|-weather|none
|-heal|p2a: Clodsire|99/100|[from] item: Leftovers
|upkeep
|turn|10
|
|t:|1757797537
|move|p1a: Beartic|Swords Dance|p1a: Beartic
|-boost|p1a: Beartic|atk|2
|move|p2a: Clodsire|Gunk Shot|p1a: Beartic
|-damage|p1a: Beartic|42/100
|
|-heal|p2a: Clodsire|100/100|[from] item: Leftovers
|upkeep
|turn|11
|
|t:|1757797545
|move|p1a: Beartic|Close Combat|p2a: Clodsire
|-supereffective|p2a: Clodsire
|-damage|p2a: Clodsire|0 fnt
|-unboost|p1a: Beartic|def|1
|-unboost|p1a: Beartic|spd|1
|faint|p2a: Clodsire
|
|upkeep
|
|t:|1757797553
|switch|p2a: Iron Hands|Iron Hands|100/100
|turn|12
|
|t:|1757797564
|move|p2a: Iron Hands|Fake Out|p1a: Beartic
|-crit|p1a: Beartic
|-damage|p1a: Beartic|0 fnt
|faint|p1a: Beartic
|
|upkeep
|c|☆Havestol|bro
|c|☆Havestol|ru srs
|
|t:|1757797580
|switch|p1a: Pelipper|Pelipper, M|28/100
|-weather|RainDance|[from] ability: Drizzle|[of] p1a: Pelipper
|turn|13
|inactive|8daniel8 has 120 seconds left.
|
|t:|1757797603
|switch|p1a: Raging Bolt|Raging Bolt|100/100
|-enditem|p1a: Raging Bolt|Booster Energy
|-activate|p1a: Raging Bolt|ability: Protosynthesis|[fromitem]
|-start|p1a: Raging Bolt|protosynthesisspa
|move|p2a: Iron Hands|Ice Punch|p1a: Raging Bolt
|-supereffective|p1a: Raging Bolt
|-damage|p1a: Raging Bolt|46/100
|
|-weather|RainDance|[upkeep]
|upkeep
|turn|14
|
|t:|1757797616
|-end|p2a: Iron Hands|Quark Drive|[silent]
|switch|p2a: Hydreigon|Hydreigon, M|100/100
|move|p1a: Raging Bolt|Dragon Pulse|p2a: Hydreigon
|-supereffective|p2a: Hydreigon
|-damage|p2a: Hydreigon|0 fnt
|faint|p2a: Hydreigon
|
|-weather|RainDance|[upkeep]
|upkeep
|
|t:|1757797625
|switch|p2a: Iron Hands|Iron Hands|100/100
|turn|15
|
|t:|1757797645
|move|p2a: Iron Hands|Fake Out|p1a: Raging Bolt
|-damage|p1a: Raging Bolt|29/100
|cant|p1a: Raging Bolt|flinch
|
|-weather|RainDance|[upkeep]
|upkeep
|turn|16
|
|t:|1757797655
|-terastallize|p1a: Raging Bolt|Water
|move|p1a: Raging Bolt|Weather Ball|p2a: Iron Hands
|-damage|p2a: Iron Hands|0 fnt
|faint|p2a: Iron Hands
|-end|p2a: Iron Hands|Quark Drive|[silent]
|
|-weather|RainDance|[upkeep]
|upkeep
|l|☆8daniel8
|inactive|8daniel8 disconnected and has a minute to reconnect!
|player|p2|
|inactive|8daniel8 has 30 seconds to reconnect!
|c|☆Havestol|GG
|inactive|8daniel8 has 20 seconds to reconnect!
|inactive|8daniel8 has 15 seconds to reconnect!
|inactive|8daniel8 has 10 seconds to reconnect!
|inactive|8daniel8 has 5 seconds to reconnect!
|-message|8daniel8 lost due to inactivity.
|
|win|Havestol
|raw|Havestol's rating: 1373 &rarr; <strong>1397</strong><br />(+24 for winning)
|raw|8daniel8's rating: 1443 &rarr; <strong>1419</strong><br />(-24 for losing)
|l|☆Havestol
|player|p1|
