|j|☆depguy
|j|☆michael00000000
|t:|1757796331
|gametype|singles
|player|p1|depguy|acetrainerf|1568
|player|p2|michael00000000|clair|1487
|gen|9
|tier|[Gen 9] OU
|rated|
|rule|HP Percentage Mod: HP is shown in percentages
|rule|Endless Battle Clause: Forcing endless battles is banned
|rule|Species Clause: Limit one of each Pokémon
|rule|OHKO Clause: OHKO moves are banned
|rule|Evasion Items Clause: Evasion items are banned
|rule|Evasion Moves Clause: Evasion moves are banned
|rule|Evasion Abilities Clause: Evasion abilities are banned
|rule|Sleep Moves Clause: Sleep-inducing moves are banned
|clearpoke
|poke|p1|Lycanroc-Dusk, F|
|poke|p1|Slowking-Galar, F|
|poke|p1|Great Tusk|
|poke|p1|Corviknight, F|
|poke|p1|Meowscarada, M|
|poke|p1|Dragapult, M|
|poke|p2|Gardevoir, F|
|poke|p2|Iron Valiant|
|poke|p2|Arcanine, M|
|poke|p2|Hatterene, F|
|poke|p2|Dragapult, F|
|poke|p2|Milotic, F|
|teampreview
|
|t:|1757796359
|teamsize|p1|6
|teamsize|p2|6
|start
|switch|p1a: Slowking|Slowking-Galar, F|100/100
|switch|p2a: Nimbus|Arcanine, M|100/100
|-ability|p2a: Nimbus|Intimidate|boost
|-unboost|p1a: Slowking|atk|1
|turn|1
|
|t:|1757796368
|switch|p1a: Great Tusk|Great Tusk|100/100
|move|p2a: Nimbus|Flare Blitz|p1a: Great Tusk
|-damage|p1a: Great Tusk|51/100
|-damage|p2a: Nimbus|78/100|[from] Recoil
|
|-heal|p1a: Great Tusk|57/100|[from] item: Leftovers
|upkeep
|turn|2
|
|t:|1757796395
|switch|p2a: Noir|Hatterene, F, shiny|100/100
|move|p1a: Great Tusk|Headlong Rush|p2a: Noir
|-damage|p2a: Noir|45/100
|-unboost|p1a: Great Tusk|def|1
|-unboost|p1a: Great Tusk|spd|1
|
|-heal|p1a: Great Tusk|64/100|[from] item: Leftovers
|upkeep
|turn|3
|
|t:|1757796403
|move|p1a: Great Tusk|Headlong Rush|p2a: Noir
|-damage|p2a: Noir|0 fnt
|-unboost|p1a: Great Tusk|def|1
|-unboost|p1a: Great Tusk|spd|1
|faint|p2a: Noir
|
|-heal|p1a: Great Tusk|70/100|[from] item: Leftovers
|upkeep
|
|t:|1757796425
|switch|p2a: Mercé|Dragapult, F, shiny|100/100
|turn|4
|
|t:|1757796452
|-end|p1a: Great Tusk|Protosynthesis|[silent]
|switch|p1a: Corviknight|Corviknight, F|100/100
|-ability|p1a: Corviknight|Pressure
|move|p2a: Mercé|Will-O-Wisp|p1a: Corviknight
|-status|p1a: Corviknight|brn
|
|-damage|p1a: Corviknight|94/100 brn|[from] brn
|upkeep
|turn|5
|
|t:|1757796482
|move|p2a: Mercé|Hex|p1a: Corviknight
|-damage|p1a: Corviknight|39/100 brn
|move|p1a: Corviknight|U-turn|p2a: Mercé
|-resisted|p2a: Mercé
|-damage|p2a: Mercé|95/100
|
|t:|1757796486
|switch|p1a: Meowscarada|Meowscarada, M|100/100|[from] U-turn
|
|upkeep
|turn|6
|inactive|Battle timer is ON: inactive players will automatically lose when time's up. (requested by depguy)
|
|t:|1757796530
|move|p1a: Meowscarada|Knock Off|p2a: Mercé
|-start|p1a: Meowscarada|typechange|Dark|[from] ability: Protean
|-supereffective|p2a: Mercé
|-damage|p2a: Mercé|0 fnt
|-enditem|p2a: Mercé|Focus Sash|[from] move: Knock Off|[of] p1a: Meowscarada
|faint|p2a: Mercé
|
|upkeep
|inactive|michael00000000 has 120 seconds left.
|inactive|michael00000000 has 90 seconds left.
|
|t:|1757796592
|switch|p2a: Nimbus|Arcanine, M|78/100
|-ability|p2a: Nimbus|Intimidate|boost
|-unboost|p1a: Meowscarada|atk|1
|turn|7
|
|t:|1757796601
|switch|p1a: Great Tusk|Great Tusk|70/100
|switch|p2a: Ceteres|Milotic, F, shiny|100/100
|
|-heal|p1a: Great Tusk|76/100|[from] item: Leftovers
|upkeep
|turn|8
|
|t:|1757796608
|move|p1a: Great Tusk|Stealth Rock|p2a: Ceteres
|-sidestart|p2: michael00000000|move: Stealth Rock
|move|p2a: Ceteres|Scald|p1a: Great Tusk
|-supereffective|p1a: Great Tusk
|-damage|p1a: Great Tusk|8/100
|-status|p1a: Great Tusk|brn
|
|-heal|p1a: Great Tusk|14/100 brn|[from] item: Leftovers
|-damage|p1a: Great Tusk|8/100 brn|[from] brn
|upkeep
|turn|9
|
|t:|1757796614
|move|p1a: Great Tusk|Headlong Rush|p2a: Ceteres
|-damage|p2a: Ceteres|83/100
|-unboost|p1a: Great Tusk|def|1
|-unboost|p1a: Great Tusk|spd|1
|move|p2a: Ceteres|Scald|p1a: Great Tusk
|-supereffective|p1a: Great Tusk
|-crit|p1a: Great Tusk
|-damage|p1a: Great Tusk|0 fnt
|faint|p1a: Great Tusk
|-end|p1a: Great Tusk|Protosynthesis|[silent]
|
|-heal|p2a: Ceteres|89/100|[from] item: Leftovers
|upkeep
|
|t:|1757796632
|switch|p1a: Slowking|Slowking-Galar, F|100/100
|turn|10
|
|t:|1757796640
|move|p2a: Ceteres|Scald|p1a: Slowking
|-damage|p1a: Slowking|88/100
|move|p1a: Slowking|Sludge Bomb|p2a: Ceteres
|-damage|p2a: Ceteres|61/100
|
|-heal|p2a: Ceteres|67/100|[from] item: Leftovers
|upkeep
|turn|11
|
|t:|1757796644
|move|p2a: Ceteres|Scald|p1a: Slowking
|-damage|p1a: Slowking|74/100
|move|p1a: Slowking|Sludge Bomb|p2a: Ceteres
|-damage|p2a: Ceteres|37/100
|
|-heal|p2a: Ceteres|43/100|[from] item: Leftovers
|upkeep
|turn|12
|
|t:|1757796652
|move|p2a: Ceteres|Recover|p2a: Ceteres
|-heal|p2a: Ceteres|93/100
|move|p1a: Slowking|Sludge Bomb|p2a: Ceteres
|-damage|p2a: Ceteres|65/100
|-status|p2a: Ceteres|psn
|
|-heal|p2a: Ceteres|71/100 psn|[from] item: Leftovers
|-damage|p2a: Ceteres|59/100 psn|[from] psn
|upkeep
|turn|13
|
|t:|1757796662
|move|p2a: Ceteres|Scald|p1a: Slowking
|-crit|p1a: Slowking
|-damage|p1a: Slowking|54/100
|-status|p1a: Slowking|brn
|move|p1a: Slowking|Future Sight|p2a: Ceteres
|-start|p1a: Slowking|move: Future Sight
|
|-heal|p2a: Ceteres|65/100 psn|[from] item: Leftovers
|-damage|p2a: Ceteres|52/100 psn|[from] psn
|-damage|p1a: Slowking|48/100 brn|[from] brn
|upkeep
|turn|14
|
|t:|1757796678
|switch|p1a: Dragapult|Dragapult, M|100/100
|move|p2a: Ceteres|Scald|p1a: Dragapult
|-resisted|p1a: Dragapult
|-damage|p1a: Dragapult|82/100
|
|-heal|p2a: Ceteres|58/100 psn|[from] item: Leftovers
|-damage|p2a: Ceteres|46/100 psn|[from] psn
|upkeep
|turn|15
|
|t:|1757796693
|move|p1a: Dragapult|Shadow Ball|p2a: Ceteres
|-damage|p2a: Ceteres|11/100 psn
|-unboost|p2a: Ceteres|spd|1
|-ability|p2a: Ceteres|Competitive|boost
|-boost|p2a: Ceteres|spa|2
|move|p2a: Ceteres|Ice Beam|p1a: Dragapult
|-supereffective|p1a: Dragapult
|-crit|p1a: Dragapult
|-damage|p1a: Dragapult|0 fnt
|faint|p1a: Dragapult
|
|-end|p2a: Ceteres|move: Future Sight
|-damage|p2a: Ceteres|0 fnt
|faint|p2a: Ceteres
|upkeep
|inactive|depguy has 120 seconds left.
|
|t:|1757796717
|switch|p1a: Lycanroc|Lycanroc-Dusk, F|100/100
|switch|p2a: Nimbus|Arcanine, M|78/100
|-damage|p2a: Nimbus|53/100|[from] Stealth Rock
|-ability|p2a: Nimbus|Intimidate|boost
|-unboost|p1a: Lycanroc|atk|1
|turn|16
|inactive|depguy has 120 seconds left.
|
|t:|1757796724
|move|p1a: Lycanroc|Accelerock|p2a: Nimbus
|-supereffective|p2a: Nimbus
|-damage|p2a: Nimbus|0 fnt
|faint|p2a: Nimbus
|-damage|p1a: Lycanroc|91/100|[from] item: Life Orb
|
|upkeep
|
|t:|1757796730
|switch|p2a: Hermé|Iron Valiant, shiny|100/100
|-damage|p2a: Hermé|94/100|[from] Stealth Rock
|-enditem|p2a: Hermé|Booster Energy
|-activate|p2a: Hermé|ability: Quark Drive|[fromitem]
|-start|p2a: Hermé|quarkdrivespe
|turn|17
|
|t:|1757796734
|move|p2a: Hermé|Knock Off|p1a: Lycanroc
|-damage|p1a: Lycanroc|32/100
|-enditem|p1a: Lycanroc|Life Orb|[from] move: Knock Off|[of] p2a: Hermé
|move|p1a: Lycanroc|Psychic Fangs|p2a: Hermé
|-supereffective|p2a: Hermé
|-damage|p2a: Hermé|30/100
|
|upkeep
|turn|18
|
|t:|1757796748
|move|p1a: Lycanroc|Accelerock|p2a: Hermé
|-resisted|p2a: Hermé
|-damage|p2a: Hermé|17/100
|move|p2a: Hermé|Brick Break|p1a: Lycanroc
|-supereffective|p1a: Lycanroc
|-damage|p1a: Lycanroc|0 fnt
|faint|p1a: Lycanroc
|
|upkeep
|
|t:|1757796757
|switch|p1a: Meowscarada|Meowscarada, M|100/100
|turn|19
|
|t:|1757796762
|move|p1a: Meowscarada|Flower Trick|p2a: Hermé
|-start|p1a: Meowscarada|typechange|Grass|[from] ability: Protean
|-crit|p2a: Hermé
|-damage|p2a: Hermé|0 fnt
|faint|p2a: Hermé
|-end|p2a: Hermé|Quark Drive|[silent]
|
|upkeep
|
|t:|1757796765
|switch|p2a: Rhea|Gardevoir, F, shiny|100/100
|-damage|p2a: Rhea|88/100|[from] Stealth Rock
|-ability|p2a: Rhea|Protean|Trace|[from] ability: Trace|[of] p1a: Meowscarada
|turn|20
|
|t:|1757796770
|-terastallize|p1a: Meowscarada|Grass
|-terastallize|p2a: Rhea|Fire
|move|p1a: Meowscarada|Flower Trick|p2a: Rhea
|-resisted|p2a: Rhea
|-crit|p2a: Rhea
|-damage|p2a: Rhea|29/100
|move|p2a: Rhea|Mystical Fire|p1a: Meowscarada
|-supereffective|p1a: Meowscarada
|-damage|p1a: Meowscarada|0 fnt
|faint|p1a: Meowscarada
|
|upkeep
|
|t:|1757796781
|switch|p1a: Slowking|Slowking-Galar, F|81/100 brn
|turn|21
|
|t:|1757796786
|move|p2a: Rhea|Psyshock|p1a: Slowking
|-damage|p1a: Slowking|33/100 brn
|move|p1a: Slowking|Sludge Bomb|p2a: Rhea
|-crit|p2a: Rhea
|-damage|p2a: Rhea|0 fnt
|faint|p2a: Rhea
|
|win|depguy
|raw|depguy's rating: 1568 &rarr; <strong>1583</strong><br />(+15 for winning)
|raw|michael00000000's rating: 1487 &rarr; <strong>1472</strong><br />(-15 for losing)
|l|☆depguy
|player|p1|
|l|☆michael00000000
|player|p2|
