|j|☆Lulleydon
|j|☆MoisesGuedes
|t:|1757938441
|gametype|singles
|player|p1|Lulleydon|266|1295
|player|p2|MoisesGuedes|drayden|1336
|gen|9
|tier|[Gen 9] OU
|rated|
|rule|HP Percentage Mod: HP is shown in percentages
|rule|Endless Battle Clause: Forcing endless battles is banned
|rule|Species Clause: Limit one of each Pokémon
|rule|OHKO Clause: OHKO moves are banned
|rule|Evasion Items Clause: Evasion items are banned
|rule|Evasion Moves Clause: Evasion moves are banned
|rule|Evasion Abilities Clause: Evasion abilities are banned
|rule|Sleep Moves Clause: Sleep-inducing moves are banned
|clearpoke
|poke|p1|Garganacl, M|
|poke|p1|Hippowdon, M|
|poke|p1|Houndstone, M|
|poke|p1|Corviknight, M|
|poke|p1|Kommo-o, F|
|poke|p1|Reuniclus, M|
|poke|p2|Kyurem|
|poke|p2|Iron Moth|
|poke|p2|Kingambit, M|
|poke|p2|Landorus-Therian, M|
|poke|p2|Hatterene, F|
|poke|p2|Zamazenta-*|
|teampreview
|inactive|Battle timer is ON: inactive players will automatically lose when time's up. (requested by MoisesGuedes)
|
|t:|1757938465
|teamsize|p1|6
|teamsize|p2|6
|start
|switch|p1a: Kommo-o|Kommo-o, F|100/100
|switch|p2a: Landorus|Landorus-Therian, M|100/100
|-ability|p2a: Landorus|Intimidate|boost
|-unboost|p1a: Kommo-o|atk|1
|turn|1
|
|t:|1757938473
|move|p2a: Landorus|Stealth Rock|p1a: Kommo-o
|-sidestart|p1: Lulleydon|move: Stealth Rock
|move|p1a: Kommo-o|Dragon Dance|p1a: Kommo-o
|-boost|p1a: Kommo-o|atk|1
|-boost|p1a: Kommo-o|spe|1
|
|upkeep
|turn|2
|
|t:|1757938495
|move|p1a: Kommo-o|Ice Punch|p2a: Landorus
|-supereffective|p2a: Landorus
|-damage|p2a: Landorus|25/100
|-damage|p1a: Kommo-o|84/100|[from] item: Rocky Helmet|[of] p2a: Landorus
|move|p2a: Landorus|Earthquake|p1a: Kommo-o
|-damage|p1a: Kommo-o|51/100
|
|-heal|p1a: Kommo-o|58/100|[from] item: Leftovers
|upkeep
|turn|3
|
|t:|1757938510
|switch|p2a: Kyurem|Kyurem|100/100
|-ability|p2a: Kyurem|Pressure
|move|p1a: Kommo-o|Dragon Dance|p1a: Kommo-o
|-boost|p1a: Kommo-o|atk|1
|-boost|p1a: Kommo-o|spe|1
|
|-heal|p1a: Kommo-o|64/100|[from] item: Leftovers
|upkeep
|turn|4
|
|t:|1757938524
|switch|p2a: Hatterene|Hatterene, F|100/100
|move|p1a: Kommo-o|Drain Punch|p2a: Hatterene
|-resisted|p2a: Hatterene
|-damage|p2a: Hatterene|92/100
|-heal|p1a: Kommo-o|68/100|[from] drain|[of] p2a: Hatterene
|
|-heal|p1a: Kommo-o|74/100|[from] item: Leftovers
|upkeep
|turn|5
|
|t:|1757938534
|-terastallize|p1a: Kommo-o|Ground
|move|p1a: Kommo-o|Earthquake|p2a: Hatterene
|-damage|p2a: Hatterene|47/100
|move|p2a: Hatterene|Nuzzle|p1a: Kommo-o
|-immune|p1a: Kommo-o
|
|-heal|p1a: Kommo-o|80/100|[from] item: Leftovers
|upkeep
|turn|6
|
|t:|1757938552
|move|p1a: Kommo-o|Earthquake|p2a: Hatterene
|-damage|p2a: Hatterene|0 fnt
|faint|p2a: Hatterene
|
|-heal|p1a: Kommo-o|86/100|[from] item: Leftovers
|upkeep
|inactive|MoisesGuedes has 120 seconds left.
|
|t:|1757938576
|switch|p2a: Zamazenta|Zamazenta|100/100
|-ability|p2a: Zamazenta|Dauntless Shield|boost
|-boost|p2a: Zamazenta|def|1
|turn|7
|
|t:|1757938590
|switch|p1a: Houndstone|Houndstone, M, shiny|100/100
|-damage|p1a: Houndstone|88/100|[from] Stealth Rock
|move|p2a: Zamazenta|Iron Defense|p2a: Zamazenta
|-boost|p2a: Zamazenta|def|2
|
|upkeep
|turn|8
|
|t:|1757938598
|move|p2a: Zamazenta|Substitute|p2a: Zamazenta
|-start|p2a: Zamazenta|Substitute
|-damage|p2a: Zamazenta|76/100
|move|p1a: Houndstone|Will-O-Wisp||[still]
|-fail|p1a: Houndstone
|
|-heal|p2a: Zamazenta|82/100|[from] item: Leftovers
|upkeep
|turn|9
|
|t:|1757938606
|switch|p1a: Hippowdon|Hippowdon, M, shiny|100/100
|-damage|p1a: Hippowdon|94/100|[from] Stealth Rock
|-weather|Sandstorm|[from] ability: Sand Stream|[of] p1a: Hippowdon
|move|p2a: Zamazenta|Iron Defense|p2a: Zamazenta
|-boost|p2a: Zamazenta|def|2
|
|-weather|Sandstorm|[upkeep]
|-damage|p2a: Zamazenta|76/100|[from] Sandstorm
|-heal|p2a: Zamazenta|82/100|[from] item: Leftovers
|upkeep
|turn|10
|
|t:|1757938620
|move|p2a: Zamazenta|Body Press|p1a: Hippowdon
|-damage|p1a: Hippowdon|28/100
|move|p1a: Hippowdon|Whirlwind|p2a: Zamazenta
|drag|p2a: Kingambit|Kingambit, M|100/100
|-activate|p2a: Kingambit|ability: Supreme Overlord
|-start|p2a: Kingambit|fallen1|[silent]
|
|-weather|Sandstorm|[upkeep]
|upkeep
|turn|11
|
|t:|1757938644
|switch|p1a: Kommo-o|Kommo-o, F, tera:Ground|86/100
|-damage|p1a: Kommo-o|80/100|[from] Stealth Rock
|move|p2a: Kingambit|Sucker Punch||[still]
|-fail|p2a: Kingambit
|
|-weather|Sandstorm|[upkeep]
|-heal|p1a: Kommo-o|86/100|[from] item: Leftovers
|upkeep
|turn|12
|
|t:|1757938658
|-end|p2a: Kingambit|fallen1|[silent]
|switch|p2a: Kyurem|Kyurem|100/100
|-ability|p2a: Kyurem|Pressure
|move|p1a: Kommo-o|Dragon Dance|p1a: Kommo-o
|-boost|p1a: Kommo-o|atk|1
|-boost|p1a: Kommo-o|spe|1
|
|-weather|Sandstorm|[upkeep]
|-damage|p2a: Kyurem|94/100|[from] Sandstorm
|-heal|p1a: Kommo-o|93/100|[from] item: Leftovers
|upkeep
|turn|13
|inactive|Lulleydon has 120 seconds left.
|
|t:|1757938680
|move|p1a: Kommo-o|Drain Punch|p2a: Kyurem
|-supereffective|p2a: Kyurem
|-damage|p2a: Kyurem|13/100
|-heal|p1a: Kommo-o|100/100|[from] drain|[of] p2a: Kyurem
|move|p2a: Kyurem|Dragon Dance|p2a: Kyurem
|-boost|p2a: Kyurem|atk|1
|-boost|p2a: Kyurem|spe|1
|
|-weather|Sandstorm|[upkeep]
|-damage|p2a: Kyurem|7/100|[from] Sandstorm
|upkeep
|turn|14
|inactive|Lulleydon has 120 seconds left.
|
|t:|1757938694
|switch|p1a: Corviknight|Corviknight, M, shiny|100/100
|-damage|p1a: Corviknight|88/100|[from] Stealth Rock
|-ability|p1a: Corviknight|Pressure
|move|p2a: Kyurem|Icicle Spear|p1a: Corviknight
|-damage|p1a: Corviknight|74/100
|-damage|p1a: Corviknight|62/100
|-damage|p1a: Corviknight|50/100
|-damage|p1a: Corviknight|37/100
|-hitcount|p1a: Corviknight|4
|
|-weather|Sandstorm|[upkeep]
|-damage|p2a: Kyurem|1/100|[from] Sandstorm
|upkeep
|turn|15
|
|t:|1757938710
|move|p2a: Kyurem|Icicle Spear|p1a: Corviknight
|-damage|p1a: Corviknight|25/100
|-damage|p1a: Corviknight|12/100
|-damage|p1a: Corviknight|0 fnt
|faint|p1a: Corviknight
|-hitcount|p1: Corviknight|3
|
|-weather|Sandstorm|[upkeep]
|-damage|p2a: Kyurem|0 fnt|[from] Sandstorm
|faint|p2a: Kyurem
|upkeep
|inactive|Lulleydon has 120 seconds left.
|inactive|MoisesGuedes has 120 seconds left.
|
|t:|1757938737
|switch|p2a: Iron Moth|Iron Moth|100/100
|switch|p1a: Reuniclus|Reuniclus, M, shiny|100/100
|-enditem|p2a: Iron Moth|Booster Energy
|-activate|p2a: Iron Moth|ability: Quark Drive|[fromitem]
|-start|p2a: Iron Moth|quarkdrivespe
|turn|16
|inactive|Lulleydon has 120 seconds left.
|
|t:|1757938751
|-terastallize|p2a: Iron Moth|Fairy
|move|p2a: Iron Moth|Fiery Dance|p1a: Reuniclus
|-damage|p1a: Reuniclus|73/100
|-boost|p2a: Iron Moth|spa|1
|move|p1a: Reuniclus|Trick|p2a: Iron Moth
|-activate|p1a: Reuniclus|move: Trick|[of] p2a: Iron Moth
|-item|p2a: Iron Moth|Choice Specs|[from] move: Trick
|-enditem|p1a: Reuniclus|Choice Specs|[silent]|[from] move: Trick
|
|-weather|none
|upkeep
|turn|17
|inactive|Lulleydon has 120 seconds left.
|
|t:|1757938764
|move|p2a: Iron Moth|Fiery Dance|p1a: Reuniclus
|-damage|p1a: Reuniclus|11/100
|move|p1a: Reuniclus|Recover|p1a: Reuniclus
|-heal|p1a: Reuniclus|61/100
|
|upkeep
|turn|18
|inactive|Lulleydon has 120 seconds left.
|
|t:|1757938777
|switch|p1a: Garganacl|Garganacl, M, shiny|100/100
|-damage|p1a: Garganacl|88/100|[from] Stealth Rock
|move|p2a: Iron Moth|Fiery Dance|p1a: Garganacl
|-resisted|p1a: Garganacl
|-damage|p1a: Garganacl|56/100
|-boost|p2a: Iron Moth|spa|1
|
|-heal|p1a: Garganacl|62/100|[from] item: Leftovers
|upkeep
|turn|19
|
|t:|1757938788
|move|p2a: Iron Moth|Fiery Dance|p1a: Garganacl
|-resisted|p1a: Garganacl
|-damage|p1a: Garganacl|22/100
|-boost|p2a: Iron Moth|spa|1
|move|p1a: Garganacl|Salt Cure|p2a: Iron Moth
|-damage|p2a: Iron Moth|81/100
|-start|p2a: Iron Moth|Salt Cure
|
|-heal|p1a: Garganacl|28/100|[from] item: Leftovers
|-damage|p2a: Iron Moth|69/100|[from] Salt Cure
|upkeep
|turn|20
|inactive|Lulleydon has 120 seconds left.
|
|t:|1757938804
|move|p2a: Iron Moth|Fiery Dance|p1a: Garganacl
|-resisted|p1a: Garganacl
|-damage|p1a: Garganacl|0 fnt
|-boost|p2a: Iron Moth|spa|1
|faint|p1a: Garganacl
|
|-damage|p2a: Iron Moth|57/100|[from] Salt Cure
|upkeep
|inactive|Lulleydon has 120 seconds left.
|
|t:|1757938813
|switch|p1a: Hippowdon|Hippowdon, M, shiny|28/100
|-damage|p1a: Hippowdon|21/100|[from] Stealth Rock
|-weather|Sandstorm|[from] ability: Sand Stream|[of] p1a: Hippowdon
|turn|21
|inactive|MoisesGuedes has 120 seconds left.
|
|t:|1757938820
|move|p2a: Iron Moth|Fiery Dance|p1a: Hippowdon
|-damage|p1a: Hippowdon|0 fnt
|-boost|p2a: Iron Moth|spa|1
|faint|p1a: Hippowdon
|
|-weather|Sandstorm|[upkeep]
|-damage|p2a: Iron Moth|51/100|[from] Sandstorm
|-damage|p2a: Iron Moth|38/100|[from] Salt Cure
|upkeep
|
|t:|1757938828
|switch|p1a: Houndstone|Houndstone, M, shiny|88/100
|-damage|p1a: Houndstone|76/100|[from] Stealth Rock
|turn|22
|
|t:|1757938838
|move|p2a: Iron Moth|Fiery Dance|p1a: Houndstone
|-damage|p1a: Houndstone|0 fnt
|-boost|p2a: Iron Moth|spa|1
|faint|p1a: Houndstone
|
|-weather|Sandstorm|[upkeep]
|-damage|p2a: Iron Moth|32/100|[from] Sandstorm
|-damage|p2a: Iron Moth|20/100|[from] Salt Cure
|upkeep
|-message|Lulleydon forfeited.
|
|win|MoisesGuedes
|raw|Lulleydon's rating: 1295 &rarr; <strong>1273</strong><br />(-22 for losing)
|raw|MoisesGuedes's rating: 1336 &rarr; <strong>1354</strong><br />(+18 for winning)
|l|☆Lulleydon
|player|p1|
|l|☆MoisesGuedes
|player|p2|
