|j|☆igudehu
|j|☆7Danielz
|t:|1757867069
|gametype|singles
|player|p1|igudehu|marley|1111
|player|p2|7Danielz|lucas|1073
|gen|9
|tier|[Gen 9] OU
|rated|
|rule|HP Percentage Mod: HP is shown in percentages
|rule|Endless Battle Clause: Forcing endless battles is banned
|rule|Species Clause: Limit one of each Pokémon
|rule|OHKO Clause: OHKO moves are banned
|rule|Evasion Items Clause: Evasion items are banned
|rule|Evasion Moves Clause: Evasion moves are banned
|rule|Evasion Abilities Clause: Evasion abilities are banned
|rule|Sleep Moves Clause: Sleep-inducing moves are banned
|clearpoke
|poke|p1|Hawlucha, F|
|poke|p1|Victreebel, M|
|poke|p1|Malamar, F|
|poke|p1|Dragonite, F|
|poke|p1|Greninja-*, M|
|poke|p1|Delphox, F|
|poke|p2|Gengar, M|
|poke|p2|Charizard, F|
|poke|p2|Venusaur, F|
|poke|p2|Donphan, F|
|poke|p2|Greninja-*, M|
|poke|p2|Hitmonlee, M|
|teampreview
|inactive|Battle timer is ON: inactive players will automatically lose when time's up. (requested by igudehu)
|inactive|igudehu has 120 seconds left.
|
|t:|1757867106
|teamsize|p1|6
|teamsize|p2|6
|start
|switch|p1a: My Friend|Malamar, F|100/100
|switch|p2a: Donphan|Donphan, F|100/100
|turn|1
|
|t:|1757867114
|move|p1a: My Friend|Superpower|p2a: Donphan
|-damage|p2a: Donphan|75/100
|-boost|p1a: My Friend|atk|1
|-boost|p1a: My Friend|def|1
|-damage|p1a: My Friend|84/100|[from] item: Rocky Helmet|[of] p2a: Donphan
|move|p2a: Donphan|Stealth Rock|p1a: My Friend
|-sidestart|p1: igudehu|move: Stealth Rock
|
|upkeep
|turn|2
|
|t:|1757867130
|move|p1a: My Friend|Knock Off|p2a: Donphan
|-damage|p2a: Donphan|32/100
|-damage|p1a: My Friend|67/100|[from] item: Rocky Helmet|[of] p2a: Donphan
|-enditem|p2a: Donphan|Rocky Helmet|[from] move: Knock Off|[of] p1a: My Friend
|move|p2a: Donphan|Earthquake|p1a: My Friend
|-damage|p1a: My Friend|36/100
|
|upkeep
|turn|3
|inactive|7Danielz has 120 seconds left.
|
|t:|1757867155
|switch|p2a: Hitmonlee|Hitmonlee, M|100/100
|move|p1a: My Friend|Rest|p1a: My Friend
|-status|p1a: My Friend|slp|[from] move: Rest
|-heal|p1a: My Friend|100/100 slp|[silent]
|-enditem|p1a: My Friend|Chesto Berry|[eat]
|-curestatus|p1a: My Friend|slp|[msg]
|
|upkeep
|turn|4
|inactive|7Danielz has 120 seconds left.
|
|t:|1757867167
|move|p2a: Hitmonlee|Close Combat|p1a: My Friend
|-damage|p1a: My Friend|39/100
|-unboost|p2a: Hitmonlee|def|1
|-unboost|p2a: Hitmonlee|spd|1
|-damage|p2a: Hitmonlee|91/100|[from] item: Life Orb
|move|p1a: My Friend|Superpower|p2a: Hitmonlee
|-damage|p2a: Hitmonlee|0 fnt
|-boost|p1a: My Friend|atk|1
|-boost|p1a: My Friend|def|1
|faint|p2a: Hitmonlee
|
|upkeep
|inactive|7Danielz has 120 seconds left.
|
|t:|1757867183
|switch|p2a: Greninja|Greninja, M|100/100
|turn|5
|
|t:|1757867191
|move|p2a: Greninja|Surf|p1a: My Friend
|-crit|p1a: My Friend
|-damage|p1a: My Friend|0 fnt
|faint|p1a: My Friend
|-ability|p2a: Greninja|Battle Bond|boost
|-boost|p2a: Greninja|atk|1
|-boost|p2a: Greninja|spa|1
|-boost|p2a: Greninja|spe|1
|-activate|p2a: Greninja|ability: Battle Bond
|
|upkeep
|
|t:|1757867197
|switch|p1a: Goofy ass ballon|Victreebel, M|100/100
|-damage|p1a: Goofy ass ballon|88/100|[from] Stealth Rock
|turn|6
|inactive|7Danielz has 120 seconds left.
|
|t:|1757867211
|switch|p2a: Charizard|Charizard, F|100/100
|-terastallize|p1a: Goofy ass ballon|Dark
|move|p1a: Goofy ass ballon|Power Whip|p2a: Charizard
|-resisted|p2a: Charizard
|-damage|p2a: Charizard|80/100
|
|upkeep
|turn|7
|inactive|7Danielz has 120 seconds left.
|
|t:|1757867223
|move|p2a: Charizard|Flamethrower|p1a: Goofy ass ballon
|-damage|p1a: Goofy ass ballon|20/100
|-enditem|p1a: Goofy ass ballon|Salac Berry|[eat]
|-boost|p1a: Goofy ass ballon|spe|1|[from] item: Salac Berry
|move|p1a: Goofy ass ballon|Swords Dance|p1a: Goofy ass ballon
|-boost|p1a: Goofy ass ballon|atk|2
|
|upkeep
|turn|8
|
|t:|1757867233
|move|p1a: Goofy ass ballon|Poison Jab|p2a: Charizard
|-damage|p2a: Charizard|0 fnt
|faint|p2a: Charizard
|
|upkeep
|inactive|7Danielz has 120 seconds left.
|
|t:|1757867251
|switch|p2a: Donphan|Donphan, F|32/100
|turn|9
|inactive|7Danielz has 120 seconds left.
|
|t:|1757867258
|move|p1a: Goofy ass ballon|Sucker Punch|p2a: Donphan
|-damage|p2a: Donphan|0 fnt
|faint|p2a: Donphan
|
|upkeep
|inactive|7Danielz has 120 seconds left.
|
|t:|1757867271
|switch|p2a: Greninja|Greninja, M|100/100
|turn|10
|
|t:|1757867276
|move|p1a: Goofy ass ballon|Poison Jab|p2a: Greninja
|-crit|p2a: Greninja
|-damage|p2a: Greninja|0 fnt
|faint|p2a: Greninja
|
|upkeep
|
|t:|1757867283
|switch|p2a: Gengar|Gengar, M|100/100
|-item|p2a: Gengar|Air Balloon
|turn|11
|
|t:|1757867289
|move|p1a: Goofy ass ballon|Sucker Punch|p2a: Gengar
|-supereffective|p2a: Gengar
|-damage|p2a: Gengar|0 fnt
|-enditem|p2a: Gengar|Air Balloon
|faint|p2a: Gengar
|
|upkeep
|
|t:|1757867296
|switch|p2a: Venusaur|Venusaur, F|100/100
|turn|12
|
|t:|1757867302
|move|p1a: Goofy ass ballon|Poison Jab|p2a: Venusaur
|-damage|p2a: Venusaur|25/100
|move|p2a: Venusaur|Giga Drain|p1a: Goofy ass ballon
|-damage|p1a: Goofy ass ballon|0 fnt
|-heal|p2a: Venusaur|33/100|[from] drain|[of] p1a: Goofy ass ballon
|faint|p1a: Goofy ass ballon
|
|-heal|p2a: Venusaur|39/100|[from] item: Leftovers
|upkeep
|
|t:|1757867313
|switch|p1a: Fantastic Ms Fox|Delphox, F|100/100
|-damage|p1a: Fantastic Ms Fox|76/100|[from] Stealth Rock
|turn|13
|-message|7Danielz forfeited.
|
|win|igudehu
|raw|igudehu's rating: 1111 &rarr; <strong>1133</strong><br />(+22 for winning)
|raw|7Danielz's rating: 1073 &rarr; <strong>1054</strong><br />(-19 for losing)
|l|☆7Danielz
|player|p2|
|l|☆igudehu
|player|p1|
