|j|☆overheat xyz
|j|☆lolproplayer
|t:|1757787810
|gametype|singles
|player|p1|overheat xyz|266|1630
|player|p2|lolproplayer|pokekid|1632
|gen|9
|tier|[Gen 9] OU
|rated|
|rule|HP Percentage Mod: HP is shown in percentages
|rule|Endless Battle Clause: Forcing endless battles is banned
|rule|Species Clause: Limit one of each Pokémon
|rule|OHKO Clause: OHKO moves are banned
|rule|Evasion Items Clause: Evasion items are banned
|rule|Evasion Moves Clause: Evasion moves are banned
|rule|Evasion Abilities Clause: Evasion abilities are banned
|rule|Sleep Moves Clause: Sleep-inducing moves are banned
|clearpoke
|poke|p1|Kingambit, M|
|poke|p1|Garganacl, M|
|poke|p1|Rillaboom, M|
|poke|p1|Hatterene, F|
|poke|p1|Dragapult, F|
|poke|p1|Corviknight, M|
|poke|p2|Ursaluna, M|
|poke|p2|Cresselia, F|
|poke|p2|Iron Hands|
|poke|p2|Volcanion|
|poke|p2|Hatterene, F|
|poke|p2|Porygon2|
|teampreview
|inactive|Battle timer is ON: inactive players will automatically lose when time's up. (requested by lolproplayer)
|j| shreves0
|j| NeneDaikon
|inactive|lolproplayer has 120 seconds left.
|
|t:|1757787843
|teamsize|p1|6
|teamsize|p2|6
|start
|switch|p1a: Rillaboom|Rillaboom, M|100/100
|switch|p2a: Molester|Volcanion|100/100
|-fieldstart|move: Grassy Terrain|[from] ability: Grassy Surge|[of] p1a: Rillaboom
|turn|1
|
|t:|1757787852
|-terastallize|p1a: Rillaboom|Grass
|move|p1a: Rillaboom|Wood Hammer|p2a: Molester
|-damage|p2a: Molester|0 fnt
|faint|p2a: Molester
|-damage|p1a: Rillaboom|65/100|[from] Recoil
|
|-heal|p1a: Rillaboom|71/100|[from] Grassy Terrain
|upkeep
|
|t:|1757787872
|switch|p2a: Moonboy|Cresselia, F, shiny|100/100
|turn|2
|
|t:|1757787884
|switch|p1a: Garganacl|Garganacl, M|100/100
|move|p2a: Moonboy|Trick Room|p2a: Moonboy
|-fieldstart|move: Trick Room|[of] p2a: Moonboy
|
|upkeep
|turn|3
|
|t:|1757787895
|switch|p2a: AssFrasser|Ursaluna, M|100/100
|move|p1a: Garganacl|Salt Cure|p2a: AssFrasser
|-resisted|p2a: AssFrasser
|-damage|p2a: AssFrasser|95/100
|-start|p2a: AssFrasser|Salt Cure
|
|-heal|p2a: AssFrasser|100/100|[from] Grassy Terrain
|-damage|p2a: AssFrasser|88/100|[from] Salt Cure
|-status|p2a: AssFrasser|brn|[from] item: Flame Orb
|upkeep
|turn|4
|
|t:|1757787906
|switch|p1a: Corviknight|Corviknight, M|100/100
|-ability|p1a: Corviknight|Pressure
|move|p2a: AssFrasser|Facade|p1a: Corviknight
|-resisted|p1a: Corviknight
|-damage|p1a: Corviknight|63/100
|-damage|p2a: AssFrasser|71/100 brn|[from] item: Rocky Helmet|[of] p1a: Corviknight
|
|-heal|p2a: AssFrasser|78/100 brn|[from] Grassy Terrain
|-damage|p2a: AssFrasser|71/100 brn|[from] brn
|-damage|p2a: AssFrasser|59/100 brn|[from] Salt Cure
|upkeep
|turn|5
|
|t:|1757787917
|move|p2a: AssFrasser|Fire Punch|p1a: Corviknight
|-supereffective|p1a: Corviknight
|-damage|p1a: Corviknight|10/100
|-status|p1a: Corviknight|brn
|-damage|p2a: AssFrasser|42/100 brn|[from] item: Rocky Helmet|[of] p1a: Corviknight
|move|p1a: Corviknight|Roost|p1a: Corviknight
|-heal|p1a: Corviknight|60/100 brn
|-singleturn|p1a: Corviknight|move: Roost
|
|-heal|p2a: AssFrasser|49/100 brn|[from] Grassy Terrain
|-heal|p1a: Corviknight|66/100 brn|[from] Grassy Terrain
|-damage|p2a: AssFrasser|42/100 brn|[from] brn
|-damage|p1a: Corviknight|60/100 brn|[from] brn
|-damage|p2a: AssFrasser|30/100 brn|[from] Salt Cure
|-fieldend|move: Grassy Terrain
|upkeep
|turn|6
|
|t:|1757787936
|switch|p2a: queer|Hatterene, F|100/100
|move|p1a: Corviknight|Roost|p1a: Corviknight
|-heal|p1a: Corviknight|100/100 brn
|-singleturn|p1a: Corviknight|move: Roost
|
|-damage|p1a: Corviknight|94/100 brn|[from] brn
|-fieldend|move: Trick Room
|upkeep
|turn|7
|
|t:|1757787951
|switch|p1a: Hatterene|Hatterene, F|100/100
|move|p2a: queer|Trick Room|p2a: queer
|-fieldstart|move: Trick Room|[of] p2a: queer
|
|upkeep
|turn|8
|
|t:|1757787968
|move|p2a: queer|Healing Wish|p2a: queer
|faint|p2a: queer
|move|p1a: Hatterene|Draining Kiss|p2: queer|[notarget]
|-fail|p1a: Hatterene
|
|upkeep
|
|t:|1757787977
|switch|p2a: AssFrasser|Ursaluna, M|30/100 brn
|-heal|p2a: AssFrasser|100/100|[from] move: Healing Wish
|turn|9
|
|t:|1757787985
|move|p1a: Hatterene|Draining Kiss|p2a: AssFrasser
|-damage|p2a: AssFrasser|73/100
|move|p2a: AssFrasser|Fire Punch|p1a: Hatterene
|-damage|p1a: Hatterene|65/100
|
|-status|p2a: AssFrasser|brn|[from] item: Flame Orb
|upkeep
|turn|10
|
|t:|1757787992
|switch|p1a: Corviknight|Corviknight, M|94/100 brn
|-ability|p1a: Corviknight|Pressure
|move|p2a: AssFrasser|Fire Punch|p1a: Corviknight
|-supereffective|p1a: Corviknight
|-damage|p1a: Corviknight|44/100 brn
|-damage|p2a: AssFrasser|57/100 brn|[from] item: Rocky Helmet|[of] p1a: Corviknight
|
|-damage|p2a: AssFrasser|50/100 brn|[from] brn
|-damage|p1a: Corviknight|38/100 brn|[from] brn
|upkeep
|turn|11
|
|t:|1757788002
|-terastallize|p2a: AssFrasser|Normal
|move|p2a: AssFrasser|Facade|p1a: Corviknight
|-resisted|p1a: Corviknight
|-damage|p1a: Corviknight|0 fnt
|-damage|p2a: AssFrasser|34/100 brn|[from] item: Rocky Helmet|[of] p1a: Corviknight
|faint|p1a: Corviknight
|
|-damage|p2a: AssFrasser|27/100 brn|[from] brn
|-fieldend|move: Trick Room
|upkeep
|
|t:|1757788018
|switch|p1a: Rillaboom|Rillaboom, M, tera:Grass|71/100
|-fieldstart|move: Grassy Terrain|[from] ability: Grassy Surge|[of] p1a: Rillaboom
|turn|12
|
|t:|1757788033
|switch|p2a: Neckless|Porygon2|100/100
|-ability|p2a: Neckless|Download|boost
|-boost|p2a: Neckless|spa|1
|move|p1a: Rillaboom|Wood Hammer|p2a: Neckless
|-damage|p2a: Neckless|0 fnt
|faint|p2a: Neckless
|-damage|p1a: Rillaboom|35/100|[from] Recoil
|
|-heal|p1a: Rillaboom|42/100|[from] Grassy Terrain
|upkeep
|
|t:|1757788044
|switch|p2a: Moonboy|Cresselia, F, shiny|100/100
|turn|13
|
|t:|1757788065
|switch|p1a: Hatterene|Hatterene, F|65/100
|move|p2a: Moonboy|Trick Room|p2a: Moonboy
|-fieldstart|move: Trick Room|[of] p2a: Moonboy
|
|-heal|p1a: Hatterene|71/100|[from] Grassy Terrain
|upkeep
|turn|14
|
|t:|1757788078
|switch|p2a: big mike|Iron Hands|100/100
|-enditem|p2a: big mike|Booster Energy
|-activate|p2a: big mike|ability: Quark Drive|[fromitem]
|-start|p2a: big mike|quarkdriveatk
|move|p1a: Hatterene|Psychic Noise|p2a: big mike
|-supereffective|p2a: big mike
|-damage|p2a: big mike|20/100
|-start|p2a: big mike|move: Heal Block
|
|-heal|p1a: Hatterene|77/100|[from] Grassy Terrain
|upkeep
|turn|15
|l|☆lolproplayer
|inactive|lolproplayer disconnected and has a minute to reconnect!
|player|p2|
|inactive|lolproplayer has 30 seconds to reconnect!
|inactive|lolproplayer has 20 seconds to reconnect!
|inactive|lolproplayer has 15 seconds to reconnect!
|inactive|lolproplayer has 10 seconds to reconnect!
|inactive|lolproplayer has 5 seconds to reconnect!
|-message|lolproplayer lost due to inactivity.
|
|win|overheat xyz
|raw|overheat xyz's rating: 1630 &rarr; <strong>1650</strong><br />(+20 for winning)
|raw|lolproplayer's rating: 1632 &rarr; <strong>1612</strong><br />(-20 for losing)
|l| NeneDaikon
|l|☆overheat xyz
|player|p1|
