|j|☆firecharmander004
|j|☆Mafia Cynthia
|t:|1757868750
|gametype|singles
|player|p1|firecharmander004|266|1275
|player|p2|Mafia Cynthia|cynthia|1181
|gen|9
|tier|[Gen 9] OU
|rated|
|rule|HP Percentage Mod: HP is shown in percentages
|rule|Endless Battle Clause: Forcing endless battles is banned
|rule|Species Clause: Limit one of each Pokémon
|rule|OHKO Clause: OHKO moves are banned
|rule|Evasion Items Clause: Evasion items are banned
|rule|Evasion Moves Clause: Evasion moves are banned
|rule|Evasion Abilities Clause: Evasion abilities are banned
|rule|Sleep Moves Clause: Sleep-inducing moves are banned
|clearpoke
|poke|p1|Arcanine-Hisui, F|
|poke|p1|Ogerpon-Wellspring, F|
|poke|p1|Zapdos|
|poke|p1|Iron Treads|
|poke|p1|Ting-Lu|
|poke|p1|Dragapult, M|
|poke|p2|Garchomp, M|
|poke|p2|Spiritomb, M|
|poke|p2|Lucario, M|
|poke|p2|Gastrodon, M|
|poke|p2|Enamorus, F|
|poke|p2|Galvantula, F|
|teampreview
|inactive|Battle timer is ON: inactive players will automatically lose when time's up. (requested by firecharmander004)
|
|t:|1757868765
|teamsize|p1|6
|teamsize|p2|6
|start
|switch|p1a: Ogerpon|Ogerpon-Wellspring, F|100/100
|switch|p2a: Poppy|Galvantula, F, shiny|100/100
|turn|1
|
|t:|1757868785
|switch|p1a: Iron Treads|Iron Treads|100/100
|move|p2a: Poppy|Sticky Web|p1a: Iron Treads
|-sidestart|p1: firecharmander004|move: Sticky Web
|
|upkeep
|turn|2
|
|t:|1757868793
|switch|p2a: Cupcake|Garchomp, M|100/100
|move|p1a: Iron Treads|Stealth Rock|p2a: Cupcake
|-sidestart|p2: Mafia Cynthia|move: Stealth Rock
|
|upkeep
|turn|3
|
|t:|1757868813
|-end|p1a: Iron Treads|Quark Drive|[silent]
|switch|p1a: Zapdos|Zapdos|100/100
|-terastallize|p2a: Cupcake|Ghost
|move|p2a: Cupcake|Stealth Rock|p1a: Zapdos
|-sidestart|p1: firecharmander004|move: Stealth Rock
|
|upkeep
|turn|4
|
|t:|1757868821
|move|p2a: Cupcake|Spikes|p1a: Zapdos
|-sidestart|p1: firecharmander004|Spikes
|move|p1a: Zapdos|Volt Switch|p2a: Cupcake
|-damage|p2a: Cupcake|75/100
|
|t:|1757868830
|switch|p1a: Dragapult|Dragapult, M|100/100|[from] Volt Switch
|
|upkeep
|turn|5
|
|t:|1757868848
|switch|p2a: The thing|Spiritomb, M, shiny|100/100
|-damage|p2a: The thing|88/100|[from] Stealth Rock
|-terastallize|p1a: Dragapult|Fairy
|move|p1a: Dragapult|Will-O-Wisp|p2a: The thing
|-status|p2a: The thing|brn
|
|-heal|p2a: The thing|94/100 brn|[from] item: Leftovers
|-damage|p2a: The thing|88/100 brn|[from] brn
|upkeep
|turn|6
|
|t:|1757868861
|move|p1a: Dragapult|Hex|p2a: The thing
|-damage|p2a: The thing|29/100 brn
|move|p2a: The thing|Will-O-Wisp|p1a: Dragapult
|-status|p1a: Dragapult|brn
|
|-heal|p2a: The thing|35/100 brn|[from] item: Leftovers
|-damage|p1a: Dragapult|95/100 brn|[from] brn
|-damage|p2a: The thing|29/100 brn|[from] brn
|upkeep
|turn|7
|
|t:|1757868872
|move|p1a: Dragapult|Hex|p2a: The thing
|-damage|p2a: The thing|0 fnt
|faint|p2a: The thing
|
|-damage|p1a: Dragapult|89/100 brn|[from] brn
|upkeep
|
|t:|1757868888
|switch|p2a: The doggo|Lucario, M, shiny|100/100
|-damage|p2a: The doggo|98/100|[from] Stealth Rock
|turn|8
|
|t:|1757868895
|move|p1a: Dragapult|Will-O-Wisp|p2a: The doggo|[miss]
|-miss|p1a: Dragapult|p2a: The doggo
|move|p2a: The doggo|Meteor Mash|p1a: Dragapult
|-supereffective|p1a: Dragapult
|-damage|p1a: Dragapult|0 fnt
|faint|p1a: Dragapult
|-damage|p2a: The doggo|88/100|[from] item: Life Orb
|
|upkeep
|
|t:|1757868903
|switch|p1a: Zapdos|Zapdos|100/100
|turn|9
|
|t:|1757868912
|switch|p2a: Garden slug|Gastrodon, M|100/100
|-damage|p2a: Garden slug|94/100|[from] Stealth Rock
|move|p1a: Zapdos|Hurricane|p2a: Garden slug
|-damage|p2a: Garden slug|51/100
|
|upkeep
|turn|10
|
|t:|1757868920
|move|p1a: Zapdos|Hurricane|p2a: Garden slug
|-damage|p2a: Garden slug|10/100
|move|p2a: Garden slug|Ice Beam|p1a: Zapdos
|-supereffective|p1a: Zapdos
|-damage|p1a: Zapdos|40/100
|-status|p1a: Zapdos|frz
|
|upkeep
|turn|11
|
|t:|1757868934
|-curestatus|p1a: Zapdos|frz|[msg]
|move|p1a: Zapdos|Hurricane|p2a: Garden slug
|-damage|p2a: Garden slug|0 fnt
|faint|p2a: Garden slug
|
|upkeep
|
|t:|1757868945
|switch|p2a: Fast granny|Enamorus, F|100/100
|-damage|p2a: Fast granny|76/100|[from] Stealth Rock
|turn|12
|
|t:|1757868964
|switch|p1a: Ting-Lu|Ting-Lu|100/100
|-activate|p1a: Ting-Lu|move: Sticky Web
|-unboost|p1a: Ting-Lu|spe|1
|-damage|p1a: Ting-Lu|94/100|[from] Stealth Rock
|-damage|p1a: Ting-Lu|82/100|[from] Spikes
|-ability|p1a: Ting-Lu|Vessel of Ruin
|move|p2a: Fast granny|Moonblast|p1a: Ting-Lu
|-supereffective|p1a: Ting-Lu
|-damage|p1a: Ting-Lu|38/100
|
|-heal|p1a: Ting-Lu|44/100|[from] item: Leftovers
|upkeep
|turn|13
|
|t:|1757868978
|move|p2a: Fast granny|Moonblast|p1a: Ting-Lu
|-supereffective|p1a: Ting-Lu
|-damage|p1a: Ting-Lu|1/100
|move|p1a: Ting-Lu|Spikes|p2a: Fast granny
|-sidestart|p2: Mafia Cynthia|Spikes
|
|-heal|p1a: Ting-Lu|8/100|[from] item: Leftovers
|upkeep
|turn|14
|
|t:|1757868987
|move|p2a: Fast granny|Moonblast|p1a: Ting-Lu
|-supereffective|p1a: Ting-Lu
|-damage|p1a: Ting-Lu|0 fnt
|faint|p1a: Ting-Lu
|
|upkeep
|
|t:|1757868989
|switch|p1a: Iron Treads|Iron Treads|100/100
|-activate|p1a: Iron Treads|move: Sticky Web
|-unboost|p1a: Iron Treads|spe|1
|-damage|p1a: Iron Treads|98/100|[from] Stealth Rock
|-damage|p1a: Iron Treads|85/100|[from] Spikes
|turn|15
|
|t:|1757868998
|switch|p2a: Cupcake|Garchomp, M, tera:Ghost|75/100
|-damage|p2a: Cupcake|63/100|[from] Stealth Rock
|-damage|p2a: Cupcake|51/100|[from] Spikes
|move|p1a: Iron Treads|Rapid Spin|p2a: Cupcake
|-immune|p2a: Cupcake
|
|-heal|p1a: Iron Treads|91/100|[from] item: Leftovers
|upkeep
|turn|16
|
|t:|1757869011
|-end|p1a: Iron Treads|Quark Drive|[silent]
|switch|p1a: Zapdos|Zapdos|40/100
|move|p2a: Cupcake|Earthquake|p1a: Zapdos
|-immune|p1a: Zapdos
|
|upkeep
|turn|17
|
|t:|1757869019
|move|p1a: Zapdos|Thunder Wave|p2a: Cupcake
|-status|p2a: Cupcake|par
|cant|p2a: Cupcake|par
|
|upkeep
|turn|18
|
|t:|1757869025
|move|p1a: Zapdos|Roost|p1a: Zapdos
|-heal|p1a: Zapdos|91/100
|-singleturn|p1a: Zapdos|move: Roost
|move|p2a: Cupcake|Dragon Tail|p1a: Zapdos
|-damage|p1a: Zapdos|72/100
|drag|p1a: Ogerpon|Ogerpon-Wellspring, F|100/100
|-activate|p1a: Ogerpon|move: Sticky Web
|-unboost|p1a: Ogerpon|spe|1
|-damage|p1a: Ogerpon|88/100|[from] Stealth Rock
|-damage|p1a: Ogerpon|76/100|[from] Spikes
|
|upkeep
|turn|19
|
|t:|1757869039
|move|p1a: Ogerpon|Ivy Cudgel|p2a: Cupcake|[anim] Ivy Cudgel Water
|-damage|p2a: Cupcake|12/100 par
|move|p2a: Cupcake|Dragon Tail|p1a: Ogerpon
|-damage|p1a: Ogerpon|42/100
|drag|p1a: Zapdos|Zapdos|72/100
|
|upkeep
|turn|20
|
|t:|1757869049
|move|p1a: Zapdos|Volt Switch|p2a: Cupcake
|-damage|p2a: Cupcake|0 fnt
|faint|p2a: Cupcake
|
|t:|1757869059
|switch|p1a: Iron Treads|Iron Treads|91/100|[from] Volt Switch
|-activate|p1a: Iron Treads|move: Sticky Web
|-unboost|p1a: Iron Treads|spe|1
|-damage|p1a: Iron Treads|88/100|[from] Stealth Rock
|-damage|p1a: Iron Treads|76/100|[from] Spikes
|
|-heal|p1a: Iron Treads|82/100|[from] item: Leftovers
|upkeep
|
|t:|1757869069
|switch|p2a: The doggo|Lucario, M, shiny|88/100
|-damage|p2a: The doggo|85/100|[from] Stealth Rock
|-damage|p2a: The doggo|72/100|[from] Spikes
|turn|21
|
|t:|1757869075
|-end|p1a: Iron Treads|Quark Drive|[silent]
|switch|p1a: Zapdos|Zapdos|72/100
|move|p2a: The doggo|Close Combat|p1a: Zapdos
|-resisted|p1a: Zapdos
|-damage|p1a: Zapdos|47/100
|-unboost|p2a: The doggo|def|1
|-unboost|p2a: The doggo|spd|1
|-damage|p2a: The doggo|62/100|[from] item: Life Orb
|
|upkeep
|turn|22
|
|t:|1757869085
|switch|p2a: Poppy|Galvantula, F, shiny|100/100
|-damage|p2a: Poppy|76/100|[from] Stealth Rock
|-damage|p2a: Poppy|63/100|[from] Spikes
|move|p1a: Zapdos|Thunder Wave|p2a: Poppy
|-immune|p2a: Poppy
|
|upkeep
|turn|23
|
|t:|1757869101
|switch|p2a: The doggo|Lucario, M, shiny|62/100
|-damage|p2a: The doggo|60/100|[from] Stealth Rock
|-damage|p2a: The doggo|47/100|[from] Spikes
|switch|p1a: Iron Treads|Iron Treads|82/100
|-activate|p1a: Iron Treads|move: Sticky Web
|-unboost|p1a: Iron Treads|spe|1
|-damage|p1a: Iron Treads|79/100|[from] Stealth Rock
|-damage|p1a: Iron Treads|67/100|[from] Spikes
|
|-heal|p1a: Iron Treads|73/100|[from] item: Leftovers
|upkeep
|turn|24
|
|t:|1757869114
|-end|p1a: Iron Treads|Quark Drive|[silent]
|switch|p1a: Ogerpon|Ogerpon-Wellspring, F|42/100
|-activate|p1a: Ogerpon|move: Sticky Web
|-unboost|p1a: Ogerpon|spe|1
|-damage|p1a: Ogerpon|30/100|[from] Stealth Rock
|-damage|p1a: Ogerpon|17/100|[from] Spikes
|move|p2a: The doggo|Swords Dance|p2a: The doggo
|-boost|p2a: The doggo|atk|2
|
|upkeep
|turn|25
|
|t:|1757869124
|move|p2a: The doggo|Extreme Speed|p1a: Ogerpon
|-damage|p1a: Ogerpon|0 fnt
|faint|p1a: Ogerpon
|-damage|p2a: The doggo|37/100|[from] item: Life Orb
|
|upkeep
|
|t:|1757869131
|switch|p1a: Zapdos|Zapdos|47/100
|turn|26
|
|t:|1757869138
|move|p2a: The doggo|Extreme Speed|p1a: Zapdos
|-crit|p1a: Zapdos
|-damage|p1a: Zapdos|0 fnt
|-status|p2a: The doggo|par|[from] ability: Static|[of] p1a: Zapdos
|faint|p1a: Zapdos
|-damage|p2a: The doggo|27/100 par|[from] item: Life Orb
|
|upkeep
|
|t:|1757869146
|switch|p1a: Iron Treads|Iron Treads|73/100
|-activate|p1a: Iron Treads|move: Sticky Web
|-unboost|p1a: Iron Treads|spe|1
|-damage|p1a: Iron Treads|70/100|[from] Stealth Rock
|-damage|p1a: Iron Treads|58/100|[from] Spikes
|turn|27
|
|t:|1757869157
|move|p1a: Iron Treads|Rapid Spin|p2a: The doggo
|-resisted|p2a: The doggo
|-damage|p2a: The doggo|17/100 par
|-boost|p1a: Iron Treads|spe|1
|-sideend|p1: firecharmander004|Spikes|[from] move: Rapid Spin|[of] p1a: Iron Treads
|-sideend|p1: firecharmander004|Stealth Rock|[from] move: Rapid Spin|[of] p1a: Iron Treads
|-sideend|p1: firecharmander004|Sticky Web|[from] move: Rapid Spin|[of] p1a: Iron Treads
|move|p2a: The doggo|Close Combat|p1a: Iron Treads
|-supereffective|p1a: Iron Treads
|-damage|p1a: Iron Treads|0 fnt
|-unboost|p2a: The doggo|def|1
|-unboost|p2a: The doggo|spd|1
|faint|p1a: Iron Treads
|-end|p1a: Iron Treads|Quark Drive|[silent]
|-damage|p2a: The doggo|7/100 par|[from] item: Life Orb
|
|upkeep
|
|t:|1757869168
|switch|p1a: Arcanine|Arcanine-Hisui, F|100/100
|turn|28
|
|t:|1757869172
|move|p2a: The doggo|Extreme Speed|p1a: Arcanine
|-resisted|p1a: Arcanine
|-damage|p1a: Arcanine|61/100
|-damage|p2a: The doggo|0 fnt|[from] item: Life Orb
|faint|p2a: The doggo
|move|p1a: Arcanine|Head Smash|p2: The doggo|[notarget]
|-fail|p1a: Arcanine
|
|upkeep
|
|t:|1757869181
|switch|p2a: Fast granny|Enamorus, F|76/100
|-damage|p2a: Fast granny|51/100|[from] Stealth Rock
|turn|29
|
|t:|1757869189
|move|p2a: Fast granny|Earth Power|p1a: Arcanine
|-supereffective|p1a: Arcanine
|-damage|p1a: Arcanine|0 fnt
|faint|p1a: Arcanine
|
|win|Mafia Cynthia
|raw|firecharmander004's rating: 1275 &rarr; <strong>1243</strong><br />(-32 for losing)
|raw|Mafia Cynthia's rating: 1181 &rarr; <strong>1213</strong><br />(+32 for winning)
|l|☆Mafia Cynthia
|player|p2|
|l|☆firecharmander004
|player|p1|
