|j|☆octillery chicken
|j|☆agencyman
|t:|1757815089
|gametype|singles
|player|p1|octillery chicken|harlequin|1458
|player|p2|agencyman|swimmer|1428
|gen|9
|tier|[Gen 9] OU
|rated|
|rule|HP Percentage Mod: HP is shown in percentages
|rule|Endless Battle Clause: Forcing endless battles is banned
|rule|Species Clause: Limit one of each Pokémon
|rule|OHKO Clause: OHKO moves are banned
|rule|Evasion Items Clause: Evasion items are banned
|rule|Evasion Moves Clause: Evasion moves are banned
|rule|Evasion Abilities Clause: Evasion abilities are banned
|rule|Sleep Moves Clause: Sleep-inducing moves are banned
|clearpoke
|poke|p1|Primarina, M|
|poke|p1|Toucannon, F|
|poke|p1|Iron Treads|
|poke|p1|Zapdos|
|poke|p1|Zamazenta-*|
|poke|p1|Dragonite, M|
|poke|p2|Samurott-Hisui, F|
|poke|p2|Pecharunt|
|poke|p2|Deoxys-Speed|
|poke|p2|Zamazenta-*|
|poke|p2|Gliscor, F|
|poke|p2|Ting-Lu|
|teampreview
|
|t:|1757815112
|teamsize|p1|6
|teamsize|p2|6
|start
|switch|p1a: Primarina|Primarina, M|100/100
|switch|p2a: Lupe Fiasco|Samurott-Hisui, F, shiny|100/100
|turn|1
|
|t:|1757815142
|move|p2a: Lupe Fiasco|Knock Off|p1a: Primarina
|-resisted|p1a: Primarina
|-damage|p1a: Primarina|77/100
|-enditem|p1a: Primarina|Assault Vest|[from] move: Knock Off|[of] p2a: Lupe Fiasco
|move|p1a: Primarina|Moonblast|p2a: Lupe Fiasco
|-supereffective|p2a: Lupe Fiasco
|-damage|p2a: Lupe Fiasco|26/100
|
|upkeep
|turn|2
|
|t:|1757815156
|move|p2a: Lupe Fiasco|Ceaseless Edge|p1a: Primarina
|-resisted|p1a: Primarina
|-damage|p1a: Primarina|53/100
|-sidestart|p1: octillery chicken|Spikes
|move|p1a: Primarina|Moonblast|p2a: Lupe Fiasco
|-supereffective|p2a: Lupe Fiasco
|-damage|p2a: Lupe Fiasco|0 fnt
|faint|p2a: Lupe Fiasco
|
|upkeep
|
|t:|1757815159
|switch|p2a: Lil Dicky|Pecharunt|100/100
|turn|3
|
|t:|1757815163
|switch|p1a: Iron Treads|Iron Treads|100/100
|-item|p1a: Iron Treads|Air Balloon
|move|p2a: Lil Dicky|Parting Shot|p1a: Iron Treads
|-unboost|p1a: Iron Treads|atk|1
|-unboost|p1a: Iron Treads|spa|1
|
|t:|1757815168
|switch|p2a: Rick Ross|Zamazenta, shiny|100/100|[from] Parting Shot
|-ability|p2a: Rick Ross|Dauntless Shield|boost
|-boost|p2a: Rick Ross|def|1
|
|upkeep
|turn|4
|
|t:|1757815185
|-end|p1a: Iron Treads|Quark Drive|[silent]
|switch|p1a: Zapdos|Zapdos|100/100
|move|p2a: Rick Ross|Close Combat|p1a: Zapdos
|-resisted|p1a: Zapdos
|-damage|p1a: Zapdos|67/100
|-unboost|p2a: Rick Ross|def|1
|-unboost|p2a: Rick Ross|spd|1
|-status|p2a: Rick Ross|par|[from] ability: Static|[of] p1a: Zapdos
|
|upkeep
|turn|5
|inactive|Battle timer is ON: inactive players will automatically lose when time's up. (requested by agencyman)
|
|t:|1757815204
|switch|p1a: Zamazenta|Zamazenta|100/100
|-damage|p1a: Zamazenta|88/100|[from] Spikes
|-ability|p1a: Zamazenta|Dauntless Shield|boost
|-boost|p1a: Zamazenta|def|1
|switch|p2a: Rick Ross Again|Ting-Lu|100/100
|-ability|p2a: Rick Ross Again|Vessel of Ruin
|
|upkeep
|turn|6
|
|t:|1757815213
|move|p1a: Zamazenta|Crunch|p2a: Rick Ross Again
|-resisted|p2a: Rick Ross Again
|-damage|p2a: Rick Ross Again|91/100
|-damage|p1a: Zamazenta|72/100|[from] item: Rocky Helmet|[of] p2a: Rick Ross Again
|move|p2a: Rick Ross Again|Whirlwind|p1a: Zamazenta
|drag|p1a: Zapdos|Zapdos|67/100
|
|upkeep
|turn|7
|
|t:|1757815222
|move|p1a: Zapdos|Hurricane|p2a: Rick Ross Again
|-damage|p2a: Rick Ross Again|49/100
|-start|p2a: Rick Ross Again|confusion
|-activate|p2a: Rick Ross Again|confusion
|move|p2a: Rick Ross Again|Stealth Rock|p1a: Zapdos
|-sidestart|p1: octillery chicken|move: Stealth Rock
|
|upkeep
|turn|8
|
|t:|1757815228
|switch|p2a: Luffy|Gliscor, F, shiny|100/100
|move|p1a: Zapdos|Hurricane|p2a: Luffy
|-damage|p2a: Luffy|9/100
|-start|p2a: Luffy|confusion
|
|-status|p2a: Luffy|tox|[from] item: Toxic Orb
|upkeep
|turn|9
|
|t:|1757815234
|-activate|p2a: Luffy|confusion
|move|p2a: Luffy|Protect|p2a: Luffy
|-singleturn|p2a: Luffy|Protect
|move|p1a: Zapdos|Hurricane|p2a: Luffy
|-activate|p2a: Luffy|move: Protect
|
|-heal|p2a: Luffy|22/100 tox|[from] ability: Poison Heal
|upkeep
|turn|10
|
|t:|1757815239
|switch|p2a: Rick Ross Again|Ting-Lu|49/100
|-ability|p2a: Rick Ross Again|Vessel of Ruin
|move|p1a: Zapdos|Hurricane|p2a: Rick Ross Again
|-damage|p2a: Rick Ross Again|9/100
|
|upkeep
|turn|11
|
|t:|1757815243
|move|p1a: Zapdos|Hurricane|p2a: Rick Ross Again|[miss]
|-miss|p1a: Zapdos|p2a: Rick Ross Again
|move|p2a: Rick Ross Again|Ruination|p1a: Zapdos
|-damage|p1a: Zapdos|34/100
|
|upkeep
|turn|12
|
|t:|1757815254
|move|p1a: Zapdos|Hurricane|p2a: Rick Ross Again
|-damage|p2a: Rick Ross Again|0 fnt
|faint|p2a: Rick Ross Again
|
|upkeep
|
|t:|1757815256
|switch|p2a: Mario Judah 2025|Deoxys-Speed|100/100
|-ability|p2a: Mario Judah 2025|Pressure
|turn|13
|
|t:|1757815268
|switch|p1a: Iron Treads|Iron Treads|100/100
|-damage|p1a: Iron Treads|98/100|[from] Stealth Rock
|-item|p1a: Iron Treads|Air Balloon
|move|p2a: Mario Judah 2025|Ice Beam|p1a: Iron Treads
|-damage|p1a: Iron Treads|64/100
|-enditem|p1a: Iron Treads|Air Balloon
|
|upkeep
|turn|14
|
|t:|1757815273
|switch|p2a: Lil Dicky|Pecharunt|100/100
|move|p1a: Iron Treads|Knock Off|p2a: Lil Dicky
|-supereffective|p2a: Lil Dicky
|-damage|p2a: Lil Dicky|76/100
|-enditem|p2a: Lil Dicky|Heavy-Duty Boots|[from] move: Knock Off|[of] p1a: Iron Treads
|
|upkeep
|turn|15
|
|t:|1757815279
|move|p1a: Iron Treads|Earthquake|p2a: Lil Dicky
|-supereffective|p2a: Lil Dicky
|-damage|p2a: Lil Dicky|35/100
|move|p2a: Lil Dicky|Parting Shot|p1a: Iron Treads
|-unboost|p1a: Iron Treads|atk|1
|-unboost|p1a: Iron Treads|spa|1
|
|t:|1757815284
|switch|p2a: Rick Ross|Zamazenta, shiny|100/100 par|[from] Parting Shot
|
|upkeep
|turn|16
|
|t:|1757815290
|-end|p1a: Iron Treads|Quark Drive|[silent]
|switch|p1a: Zapdos|Zapdos|34/100
|-damage|p1a: Zapdos|9/100|[from] Stealth Rock
|move|p2a: Rick Ross|Close Combat|p1a: Zapdos
|-resisted|p1a: Zapdos
|-crit|p1a: Zapdos
|-damage|p1a: Zapdos|0 fnt
|-unboost|p2a: Rick Ross|def|1
|-unboost|p2a: Rick Ross|spd|1
|faint|p1a: Zapdos
|
|upkeep
|inactive|octillery chicken has 120 seconds left.
|
|t:|1757815325
|switch|p1a: Dragonite|Dragonite, M|100/100
|-damage|p1a: Dragonite|76/100|[from] Stealth Rock
|turn|17
|inactive|octillery chicken has 120 seconds left.
|
|t:|1757815338
|move|p1a: Dragonite|Dragon Dance|p1a: Dragonite
|-boost|p1a: Dragonite|atk|1
|-boost|p1a: Dragonite|spe|1
|move|p2a: Rick Ross|Stone Edge|p1a: Dragonite
|-supereffective|p1a: Dragonite
|-damage|p1a: Dragonite|1/100
|
|upkeep
|turn|18
|
|t:|1757815350
|move|p1a: Dragonite|Scale Shot|p2a: Rick Ross|[miss]
|-miss|p1a: Dragonite|p2a: Rick Ross
|cant|p2a: Rick Ross|par
|
|upkeep
|turn|19
|
|t:|1757815357
|switch|p2a: Luffy|Gliscor, F, shiny|22/100 tox
|move|p1a: Dragonite|Scale Shot|p2a: Luffy
|-crit|p2a: Luffy
|-damage|p2a: Luffy|0 fnt
|faint|p2a: Luffy
|-hitcount|p2: Luffy|1
|-unboost|p1a: Dragonite|def|1
|-boost|p1a: Dragonite|spe|1
|
|upkeep
|
|t:|1757815362
|switch|p2a: Rick Ross|Zamazenta, shiny|100/100 par
|turn|20
|
|t:|1757815365
|move|p1a: Dragonite|Scale Shot|p2a: Rick Ross
|-damage|p2a: Rick Ross|80/100 par
|-damage|p2a: Rick Ross|59/100 par
|-damage|p2a: Rick Ross|38/100 par
|-damage|p2a: Rick Ross|17/100 par
|-hitcount|p2a: Rick Ross|4
|-unboost|p1a: Dragonite|def|1
|-boost|p1a: Dragonite|spe|1
|move|p2a: Rick Ross|Crunch|p1a: Dragonite
|-damage|p1a: Dragonite|0 fnt
|faint|p1a: Dragonite
|
|upkeep
|
|t:|1757815389
|switch|p1a: Primarina|Primarina, M|53/100
|-damage|p1a: Primarina|41/100|[from] Spikes
|-damage|p1a: Primarina|28/100|[from] Stealth Rock
|turn|21
|
|t:|1757815394
|move|p2a: Rick Ross|Iron Head|p1a: Primarina
|-damage|p1a: Primarina|0 fnt
|faint|p1a: Primarina
|
|upkeep
|
|t:|1757815401
|switch|p1a: Iron Treads|Iron Treads|64/100
|-damage|p1a: Iron Treads|51/100|[from] Spikes
|-damage|p1a: Iron Treads|48/100|[from] Stealth Rock
|turn|22
|
|t:|1757815410
|move|p1a: Iron Treads|Earthquake|p2a: Rick Ross
|-damage|p2a: Rick Ross|0 fnt
|faint|p2a: Rick Ross
|
|upkeep
|
|t:|1757815417
|switch|p2a: Lil Dicky|Pecharunt|35/100
|turn|23
|
|t:|1757815419
|-terastallize|p2a: Lil Dicky|Dark
|move|p1a: Iron Treads|Earthquake|p2a: Lil Dicky
|-damage|p2a: Lil Dicky|13/100
|move|p2a: Lil Dicky|Recover|p2a: Lil Dicky
|-heal|p2a: Lil Dicky|63/100
|
|upkeep
|turn|24
|
|t:|1757815425
|move|p1a: Iron Treads|Rapid Spin|p2a: Lil Dicky
|-damage|p2a: Lil Dicky|55/100
|-boost|p1a: Iron Treads|spe|1
|-sideend|p1: octillery chicken|Spikes|[from] move: Rapid Spin|[of] p1a: Iron Treads
|-sideend|p1: octillery chicken|Stealth Rock|[from] move: Rapid Spin|[of] p1a: Iron Treads
|move|p2a: Lil Dicky|Foul Play|p1a: Iron Treads
|-damage|p1a: Iron Treads|11/100
|
|upkeep
|turn|25
|
|t:|1757815432
|move|p1a: Iron Treads|Earthquake|p2a: Lil Dicky
|-damage|p2a: Lil Dicky|33/100
|move|p2a: Lil Dicky|Recover|p2a: Lil Dicky
|-heal|p2a: Lil Dicky|83/100
|
|upkeep
|turn|26
|
|t:|1757815440
|-end|p1a: Iron Treads|Quark Drive|[silent]
|switch|p1a: Zamazenta|Zamazenta|72/100
|move|p2a: Lil Dicky|Recover|p2a: Lil Dicky
|-heal|p2a: Lil Dicky|100/100
|
|upkeep
|turn|27
|
|t:|1757815444
|move|p1a: Zamazenta|Close Combat|p2a: Lil Dicky
|-supereffective|p2a: Lil Dicky
|-damage|p2a: Lil Dicky|13/100
|-unboost|p1a: Zamazenta|def|1
|-unboost|p1a: Zamazenta|spd|1
|move|p2a: Lil Dicky|Malignant Chain|p1a: Zamazenta
|-damage|p1a: Zamazenta|27/100
|-status|p1a: Zamazenta|tox
|-start|p1a: Zamazenta|confusion|[from] ability: Poison Puppeteer|[of] p2a: Lil Dicky
|
|-damage|p1a: Zamazenta|21/100 tox|[from] psn
|upkeep
|turn|28
|
|t:|1757815454
|-activate|p1a: Zamazenta|confusion
|move|p1a: Zamazenta|Close Combat|p2a: Lil Dicky
|-supereffective|p2a: Lil Dicky
|-damage|p2a: Lil Dicky|0 fnt
|-unboost|p1a: Zamazenta|def|1
|-unboost|p1a: Zamazenta|spd|1
|faint|p2a: Lil Dicky
|
|-damage|p1a: Zamazenta|9/100 tox|[from] psn
|upkeep
|
|t:|1757815460
|switch|p2a: Mario Judah 2025|Deoxys-Speed|100/100
|-ability|p2a: Mario Judah 2025|Pressure
|turn|29
|
|t:|1757815463
|move|p2a: Mario Judah 2025|Nasty Plot|p2a: Mario Judah 2025
|-boost|p2a: Mario Judah 2025|spa|2
|-end|p1a: Zamazenta|confusion
|move|p1a: Zamazenta|Close Combat|p2a: Mario Judah 2025
|-resisted|p2a: Mario Judah 2025
|-damage|p2a: Mario Judah 2025|46/100
|-unboost|p1a: Zamazenta|def|1
|-unboost|p1a: Zamazenta|spd|1
|
|-damage|p1a: Zamazenta|0 fnt|[from] psn
|faint|p1a: Zamazenta
|upkeep
|
|t:|1757815466
|switch|p1a: Toucannon|Toucannon, F|100/100
|turn|30
|
|t:|1757815485
|-terastallize|p1a: Toucannon|Dark
|move|p2a: Mario Judah 2025|Psycho Boost|p1a: Toucannon
|-immune|p1a: Toucannon
|move|p1a: Toucannon|Knock Off|p2a: Mario Judah 2025
|-supereffective|p2a: Mario Judah 2025
|-crit|p2a: Mario Judah 2025
|-damage|p2a: Mario Judah 2025|0 fnt
|-enditem|p2a: Mario Judah 2025|Heavy-Duty Boots|[from] move: Knock Off|[of] p1a: Toucannon
|faint|p2a: Mario Judah 2025
|
|win|octillery chicken
|raw|octillery chicken's rating: 1458 &rarr; <strong>1477</strong><br />(+19 for winning)
|raw|agencyman's rating: 1445 &rarr; <strong>1426</strong><br />(-19 for losing)
|l|☆agencyman
|player|p2|
