|j|☆doomfletch
|j|☆Armed_L
|t:|1757935878
|gametype|singles
|player|p1|doomfletch|101|1260
|player|p2|Armed_L|266|1241
|gen|9
|tier|[Gen 9] OU
|rated|
|rule|HP Percentage Mod: HP is shown in percentages
|rule|Endless Battle Clause: Forcing endless battles is banned
|rule|Species Clause: Limit one of each Pokémon
|rule|OHKO Clause: OHKO moves are banned
|rule|Evasion Items Clause: Evasion items are banned
|rule|Evasion Moves Clause: Evasion moves are banned
|rule|Evasion Abilities Clause: Evasion abilities are banned
|rule|Sleep Moves Clause: Sleep-inducing moves are banned
|clearpoke
|poke|p1|Slowking-Galar, M|
|poke|p1|Great Tusk|
|poke|p1|Hydreigon, M|
|poke|p1|Skarmory, F|
|poke|p1|Raikou|
|poke|p1|Crawdaunt, F|
|poke|p2|Dragapult, M|
|poke|p2|Lokix, M|
|poke|p2|Slowking-Galar, F|
|poke|p2|Alomomola, F|
|poke|p2|Clefable, M|
|poke|p2|Zamazenta-*|
|teampreview
|inactive|Battle timer is ON: inactive players will automatically lose when time's up. (requested by Armed_L)
|
|t:|1757935893
|teamsize|p1|6
|teamsize|p2|6
|start
|switch|p1a: Skarmory|Skarmory, F|100/100
|switch|p2a: Clefable|Clefable, M|100/100
|turn|1
|
|t:|1757935899
|switch|p1a: Raikou|Raikou|100/100
|move|p2a: Clefable|Stealth Rock|p1a: Raikou
|-sidestart|p1: doomfletch|move: Stealth Rock
|
|upkeep
|turn|2
|
|t:|1757935907
|move|p1a: Raikou|Thunderbolt|p2a: Clefable
|-damage|p2a: Clefable|49/100
|move|p2a: Clefable|Knock Off|p1a: Raikou
|-damage|p1a: Raikou|80/100
|-enditem|p1a: Raikou|Heavy-Duty Boots|[from] move: Knock Off|[of] p2a: Clefable
|
|-heal|p2a: Clefable|55/100|[from] item: Leftovers
|upkeep
|turn|3
|
|t:|1757935921
|move|p1a: Raikou|Volt Switch|p2a: Clefable
|-damage|p2a: Clefable|17/100
|
|t:|1757935926
|switch|p1a: Slowking|Slowking-Galar, M|100/100|[from] Volt Switch
|-damage|p1a: Slowking|88/100|[from] Stealth Rock
|move|p2a: Clefable|Moonblast|p1a: Slowking
|-resisted|p1a: Slowking
|-damage|p1a: Slowking|76/100
|
|-heal|p2a: Clefable|23/100|[from] item: Leftovers
|upkeep
|turn|4
|
|t:|1757935941
|switch|p1a: Crawdaunt|Crawdaunt, F|100/100
|-damage|p1a: Crawdaunt|88/100|[from] Stealth Rock
|move|p2a: Clefable|Knock Off|p1a: Crawdaunt
|-resisted|p1a: Crawdaunt
|-damage|p1a: Crawdaunt|77/100
|-enditem|p1a: Crawdaunt|Choice Band|[from] move: Knock Off|[of] p2a: Clefable
|
|-heal|p2a: Clefable|29/100|[from] item: Leftovers
|upkeep
|turn|5
|
|t:|1757935951
|switch|p2a: Alomomola|Alomomola, F|100/100
|move|p1a: Crawdaunt|Crabhammer|p2a: Alomomola
|-resisted|p2a: Alomomola
|-damage|p2a: Alomomola|80/100
|
|upkeep
|turn|6
|
|t:|1757935958
|move|p1a: Crawdaunt|Knock Off|p2a: Alomomola
|-damage|p2a: Alomomola|45/100
|-enditem|p2a: Alomomola|Heavy-Duty Boots|[from] move: Knock Off|[of] p1a: Crawdaunt
|move|p2a: Alomomola|Scald|p1a: Crawdaunt
|-resisted|p1a: Crawdaunt
|-damage|p1a: Crawdaunt|64/100
|
|upkeep
|turn|7
|
|t:|1757935967
|switch|p1a: Raikou|Raikou|80/100
|-damage|p1a: Raikou|68/100|[from] Stealth Rock
|move|p2a: Alomomola|Wish|p2a: Alomomola
|
|upkeep
|turn|8
|
|t:|1757935981
|switch|p2a: Dragapult|Dragapult, M, shiny|100/100
|move|p1a: Raikou|Calm Mind|p1a: Raikou
|-boost|p1a: Raikou|spa|1
|-boost|p1a: Raikou|spd|1
|
|upkeep
|turn|9
|
|t:|1757935991
|move|p2a: Dragapult|Will-O-Wisp|p1a: Raikou
|-status|p1a: Raikou|brn
|move|p1a: Raikou|Volt Switch|p2a: Dragapult
|-resisted|p2a: Dragapult
|-crit|p2a: Dragapult
|-damage|p2a: Dragapult|55/100
|
|t:|1757936000
|switch|p1a: Hydreigon|Hydreigon, M|100/100|[from] Volt Switch
|-damage|p1a: Hydreigon|88/100|[from] Stealth Rock
|
|upkeep
|turn|10
|
|t:|1757936022
|switch|p2a: Clefable|Clefable, M|29/100
|move|p1a: Hydreigon|Dark Pulse|p2a: Clefable
|-resisted|p2a: Clefable
|-damage|p2a: Clefable|4/100
|
|-heal|p2a: Clefable|10/100|[from] item: Leftovers
|upkeep
|turn|11
|
|t:|1757936032
|switch|p2a: Zamazenta|Zamazenta|100/100
|-ability|p2a: Zamazenta|Dauntless Shield|boost
|-boost|p2a: Zamazenta|def|1
|move|p1a: Hydreigon|Dark Pulse|p2a: Zamazenta
|-resisted|p2a: Zamazenta
|-damage|p2a: Zamazenta|83/100
|
|-heal|p2a: Zamazenta|89/100|[from] item: Leftovers
|upkeep
|turn|12
|
|t:|1757936046
|switch|p1a: Great Tusk|Great Tusk|100/100
|-damage|p1a: Great Tusk|98/100|[from] Stealth Rock
|move|p2a: Zamazenta|Iron Defense|p2a: Zamazenta
|-boost|p2a: Zamazenta|def|2
|
|-heal|p2a: Zamazenta|95/100|[from] item: Leftovers
|-heal|p1a: Great Tusk|100/100|[from] item: Leftovers
|upkeep
|turn|13
|
|t:|1757936060
|move|p2a: Zamazenta|Iron Defense|p2a: Zamazenta
|-boost|p2a: Zamazenta|def|2
|move|p1a: Great Tusk|Knock Off|p2a: Zamazenta
|-resisted|p2a: Zamazenta
|-damage|p2a: Zamazenta|92/100
|-enditem|p2a: Zamazenta|Leftovers|[from] move: Knock Off|[of] p1a: Great Tusk
|
|upkeep
|turn|14
|
|t:|1757936073
|move|p2a: Zamazenta|Body Press|p1a: Great Tusk
|-damage|p1a: Great Tusk|22/100
|move|p1a: Great Tusk|Rapid Spin|p2a: Zamazenta
|-damage|p2a: Zamazenta|89/100
|-boost|p1a: Great Tusk|spe|1
|-sideend|p1: doomfletch|Stealth Rock|[from] move: Rapid Spin|[of] p1a: Great Tusk
|
|-heal|p1a: Great Tusk|28/100|[from] item: Leftovers
|upkeep
|turn|15
|
|t:|1757936087
|-end|p1a: Great Tusk|Protosynthesis|[silent]
|switch|p1a: Slowking|Slowking-Galar, M|100/100
|move|p2a: Zamazenta|Body Press|p1a: Slowking
|-resisted|p1a: Slowking
|-damage|p1a: Slowking|67/100
|
|upkeep
|turn|16
|
|t:|1757936094
|-terastallize|p1a: Slowking|Fairy
|move|p2a: Zamazenta|Crunch|p1a: Slowking
|-resisted|p1a: Slowking
|-damage|p1a: Slowking|56/100
|-unboost|p1a: Slowking|def|1
|move|p1a: Slowking|Sludge Bomb|p2a: Zamazenta
|-damage|p2a: Zamazenta|50/100
|
|upkeep
|turn|17
|
|t:|1757936102
|move|p2a: Zamazenta|Body Press|p1a: Slowking
|-resisted|p1a: Slowking
|-damage|p1a: Slowking|0 fnt
|faint|p1a: Slowking
|
|upkeep
|
|t:|1757936107
|switch|p1a: Hydreigon|Hydreigon, M|88/100
|turn|18
|
|t:|1757936118
|-terastallize|p2a: Zamazenta|Fairy
|move|p1a: Hydreigon|U-turn|p2a: Zamazenta
|-resisted|p2a: Zamazenta
|-damage|p2a: Zamazenta|49/100
|
|t:|1757936123
|switch|p1a: Great Tusk|Great Tusk|28/100|[from] U-turn
|move|p2a: Zamazenta|Body Press|p1a: Great Tusk
|-damage|p1a: Great Tusk|0 fnt
|faint|p1a: Great Tusk
|-end|p1a: Great Tusk|Protosynthesis|[silent]
|
|upkeep
|
|t:|1757936130
|switch|p1a: Hydreigon|Hydreigon, M|88/100
|turn|19
|
|t:|1757936132
|move|p1a: Hydreigon|Flash Cannon|p2a: Zamazenta
|-supereffective|p2a: Zamazenta
|-damage|p2a: Zamazenta|1/100
|move|p2a: Zamazenta|Body Press|p1a: Hydreigon
|-supereffective|p1a: Hydreigon
|-damage|p1a: Hydreigon|0 fnt
|faint|p1a: Hydreigon
|
|upkeep
|
|t:|1757936139
|switch|p1a: Crawdaunt|Crawdaunt, F|64/100
|turn|20
|
|t:|1757936145
|move|p1a: Crawdaunt|Aqua Jet|p2a: Zamazenta
|-damage|p2a: Zamazenta|0 fnt
|faint|p2a: Zamazenta
|
|upkeep
|
|t:|1757936157
|switch|p2a: Lokix|Lokix, M|100/100
|turn|21
|
|t:|1757936166
|switch|p1a: Skarmory|Skarmory, F|100/100
|move|p2a: Lokix|First Impression|p1a: Skarmory
|-resisted|p1a: Skarmory
|-damage|p1a: Skarmory|83/100
|-ability|p1a: Skarmory|Weak Armor|boost
|-unboost|p1a: Skarmory|def|1
|-boost|p1a: Skarmory|spe|2
|
|upkeep
|turn|22
|
|t:|1757936174
|move|p1a: Skarmory|Swords Dance|p1a: Skarmory
|-boost|p1a: Skarmory|atk|2
|move|p2a: Lokix|Knock Off|p1a: Skarmory
|-damage|p1a: Skarmory|33/100
|-ability|p1a: Skarmory|Weak Armor|boost
|-unboost|p1a: Skarmory|def|1
|-boost|p1a: Skarmory|spe|2
|-enditem|p1a: Skarmory|Covert Cloak|[from] move: Knock Off|[of] p2a: Lokix
|
|upkeep
|turn|23
|
|t:|1757936183
|move|p2a: Lokix|Sucker Punch|p1a: Skarmory
|-damage|p1a: Skarmory|0 fnt
|faint|p1a: Skarmory
|
|upkeep
|-message|doomfletch forfeited.
|
|win|Armed_L
|raw|doomfletch's rating: 1260 &rarr; <strong>1234</strong><br />(-26 for losing)
|raw|Armed_L's rating: 1241 &rarr; <strong>1267</strong><br />(+26 for winning)
|l|☆doomfletch
|player|p1|
|c|☆Armed_L|gg
|l|☆Armed_L
|player|p2|
