|j|☆Free6lackpanther
|j|☆Eight Five
|t:|1757868699
|gametype|singles
|player|p1|Free6lackpanther|265|1409
|player|p2|Eight Five|170|1401
|gen|9
|tier|[Gen 9] OU
|rated|
|rule|HP Percentage Mod: HP is shown in percentages
|rule|Endless Battle Clause: Forcing endless battles is banned
|rule|Species Clause: Limit one of each Pokémon
|rule|OHKO Clause: OHKO moves are banned
|rule|Evasion Items Clause: Evasion items are banned
|rule|Evasion Moves Clause: Evasion moves are banned
|rule|Evasion Abilities Clause: Evasion abilities are banned
|rule|Sleep Moves Clause: Sleep-inducing moves are banned
|clearpoke
|poke|p1|Rotom-Wash|
|poke|p1|Ninetales-Alola, M|
|poke|p1|Exeggutor-Alola, M|
|poke|p1|Tyranitar, F|
|poke|p1|Dragonite, M|
|poke|p1|Scizor, M|
|poke|p2|Excadrill, M|
|poke|p2|Tyranitar, F|
|poke|p2|Mandibuzz, F|
|poke|p2|Amoonguss, M|
|poke|p2|Weezing-Galar, M|
|poke|p2|Keldeo-Resolute|
|teampreview
|inactive|Battle timer is ON: inactive players will automatically lose when time's up. (requested by Free6lackpanther)
|inactive|Eight Five has 120 seconds left.
|
|t:|1757868733
|teamsize|p1|6
|teamsize|p2|6
|start
|switch|p1a: Rotom|Rotom-Wash|100/100
|switch|p2a: Keldeo|Keldeo-Resolute|100/100
|turn|1
|
|t:|1757868745
|move|p2a: Keldeo|Secret Sword|p1a: Rotom
|-damage|p1a: Rotom|46/100
|move|p1a: Rotom|Volt Switch|p2a: Keldeo
|-supereffective|p2a: Keldeo
|-damage|p2a: Keldeo|41/100
|
|t:|1757868759
|switch|p1a: Ninetales|Ninetales-Alola, M|100/100|[from] Volt Switch
|-weather|Snowscape|[from] ability: Snow Warning|[of] p1a: Ninetales
|
|-weather|Snowscape|[upkeep]
|upkeep
|turn|2
|
|t:|1757868767
|switch|p2a: Tyranitar|Tyranitar, F|100/100
|-weather|Sandstorm|[from] ability: Sand Stream|[of] p2a: Tyranitar
|move|p1a: Ninetales|Moonblast|p2a: Tyranitar
|-supereffective|p2a: Tyranitar
|-damage|p2a: Tyranitar|70/100
|
|-weather|Sandstorm|[upkeep]
|-damage|p1a: Ninetales|95/100|[from] Sandstorm
|upkeep
|turn|3
|
|t:|1757868784
|switch|p1a: Rotom|Rotom-Wash|46/100
|move|p2a: Tyranitar|Stealth Rock|p1a: Rotom
|-sidestart|p1: Free6lackpanther|move: Stealth Rock
|
|-weather|Sandstorm|[upkeep]
|-damage|p1a: Rotom|40/100|[from] Sandstorm
|-heal|p1a: Rotom|46/100|[from] item: Leftovers
|upkeep
|turn|4
|
|t:|1757868810
|move|p1a: Rotom|Will-O-Wisp|p2a: Tyranitar
|-status|p2a: Tyranitar|brn
|move|p2a: Tyranitar|Knock Off|p1a: Rotom
|-damage|p1a: Rotom|29/100
|-enditem|p1a: Rotom|Leftovers|[from] move: Knock Off|[of] p2a: Tyranitar
|
|-weather|Sandstorm|[upkeep]
|-damage|p1a: Rotom|23/100|[from] Sandstorm
|-damage|p2a: Tyranitar|64/100 brn|[from] brn
|upkeep
|turn|5
|
|t:|1757868823
|move|p1a: Rotom|Hydro Pump|p2a: Tyranitar
|-supereffective|p2a: Tyranitar
|-damage|p2a: Tyranitar|34/100 brn
|move|p2a: Tyranitar|Stone Edge|p1a: Rotom
|-damage|p1a: Rotom|5/100
|
|-weather|Sandstorm|[upkeep]
|-damage|p1a: Rotom|0 fnt|[from] Sandstorm
|faint|p1a: Rotom
|-damage|p2a: Tyranitar|28/100 brn|[from] brn
|upkeep
|
|t:|1757868835
|switch|p1a: Scizor|Scizor, M|100/100
|-damage|p1a: Scizor|88/100|[from] Stealth Rock
|turn|6
|
|t:|1757868840
|switch|p2a: Amoonguss|Amoonguss, M|100/100
|move|p1a: Scizor|Defog|p2a: Amoonguss
|-unboost|p2a: Amoonguss|evasion|1
|-sideend|p1: Free6lackpanther|Stealth Rock|[from] move: Defog|[of] p1a: Scizor
|
|-weather|Sandstorm|[upkeep]
|-damage|p2a: Amoonguss|94/100|[from] Sandstorm
|-heal|p1a: Scizor|94/100|[from] item: Leftovers
|upkeep
|turn|7
|
|t:|1757868861
|move|p1a: Scizor|Knock Off|p2a: Amoonguss
|-damage|p2a: Amoonguss|68/100
|-damage|p1a: Scizor|78/100|[from] item: Rocky Helmet|[of] p2a: Amoonguss
|-enditem|p2a: Amoonguss|Rocky Helmet|[from] move: Knock Off|[of] p1a: Scizor
|move|p2a: Amoonguss|Giga Drain|p1a: Scizor
|-resisted|p1a: Scizor
|-damage|p1a: Scizor|71/100
|-heal|p2a: Amoonguss|70/100|[from] drain|[of] p1a: Scizor
|
|-weather|Sandstorm|[upkeep]
|-damage|p2a: Amoonguss|64/100|[from] Sandstorm
|-heal|p1a: Scizor|77/100|[from] item: Leftovers
|upkeep
|turn|8
|
|t:|1757868874
|switch|p2a: Mandibuzz|Mandibuzz, F|100/100
|move|p1a: Scizor|Dual Wingbeat|p2a: Mandibuzz
|-damage|p2a: Mandibuzz|84/100
|-damage|p2a: Mandibuzz|68/100
|-hitcount|p2a: Mandibuzz|2
|
|-weather|Sandstorm|[upkeep]
|-heal|p1a: Scizor|83/100|[from] item: Leftovers
|upkeep
|turn|9
|
|t:|1757868885
|move|p2a: Mandibuzz|Roost|p2a: Mandibuzz
|-heal|p2a: Mandibuzz|100/100
|-singleturn|p2a: Mandibuzz|move: Roost
|move|p1a: Scizor|Knock Off|p2a: Mandibuzz
|-resisted|p2a: Mandibuzz
|-damage|p2a: Mandibuzz|88/100
|-enditem|p2a: Mandibuzz|Heavy-Duty Boots|[from] move: Knock Off|[of] p1a: Scizor
|
|-weather|none
|-heal|p1a: Scizor|89/100|[from] item: Leftovers
|upkeep
|turn|10
|
|t:|1757868901
|switch|p1a: Ninetales|Ninetales-Alola, M|95/100
|-weather|Snowscape|[from] ability: Snow Warning|[of] p1a: Ninetales
|move|p2a: Mandibuzz|Foul Play|p1a: Ninetales
|-resisted|p1a: Ninetales
|-damage|p1a: Ninetales|86/100
|
|-weather|Snowscape|[upkeep]
|upkeep
|turn|11
|
|t:|1757868925
|move|p1a: Ninetales|Blizzard|p2a: Mandibuzz
|-supereffective|p2a: Mandibuzz
|-damage|p2a: Mandibuzz|37/100
|move|p2a: Mandibuzz|U-turn|p1a: Ninetales
|-resisted|p1a: Ninetales
|-damage|p1a: Ninetales|80/100
|
|t:|1757868928
|switch|p2a: Tyranitar|Tyranitar, F|28/100 brn|[from] U-turn
|-weather|Sandstorm|[from] ability: Sand Stream|[of] p2a: Tyranitar
|
|-weather|Sandstorm|[upkeep]
|-damage|p1a: Ninetales|74/100|[from] Sandstorm
|-damage|p2a: Tyranitar|22/100 brn|[from] brn
|upkeep
|turn|12
|
|t:|1757868941
|switch|p2a: Excadrill|Excadrill, M|100/100
|move|p1a: Ninetales|Moonblast|p2a: Excadrill
|-resisted|p2a: Excadrill
|-damage|p2a: Excadrill|76/100
|
|-weather|Sandstorm|[upkeep]
|-damage|p1a: Ninetales|68/100|[from] Sandstorm
|-heal|p2a: Excadrill|82/100|[from] item: Leftovers
|upkeep
|turn|13
|
|t:|1757868957
|switch|p1a: Dragonite|Dragonite, M|100/100
|move|p2a: Excadrill|Swords Dance|p2a: Excadrill
|-boost|p2a: Excadrill|atk|2
|
|-weather|Sandstorm|[upkeep]
|-damage|p1a: Dragonite|94/100|[from] Sandstorm
|-heal|p2a: Excadrill|88/100|[from] item: Leftovers
|-heal|p1a: Dragonite|100/100|[from] item: Leftovers
|upkeep
|turn|14
|
|t:|1757868972
|-terastallize|p2a: Excadrill|Ice
|move|p2a: Excadrill|Tera Blast|p1a: Dragonite|[anim] Tera Blast Ice
|-supereffective|p1a: Dragonite
|-damage|p1a: Dragonite|0 fnt
|faint|p1a: Dragonite
|
|-weather|Sandstorm|[upkeep]
|-heal|p2a: Excadrill|94/100|[from] item: Leftovers
|upkeep
|
|t:|1757868986
|switch|p1a: Scizor|Scizor, M|89/100
|turn|15
|
|t:|1757868992
|switch|p2a: Amoonguss|Amoonguss, M|97/100
|move|p1a: Scizor|Bullet Punch|p2a: Amoonguss
|-damage|p2a: Amoonguss|75/100
|
|-weather|Sandstorm|[upkeep]
|-damage|p2a: Amoonguss|69/100|[from] Sandstorm
|-heal|p1a: Scizor|96/100|[from] item: Leftovers
|upkeep
|turn|16
|
|t:|1757869021
|switch|p2a: Weezing|Weezing-Galar, M|100/100
|move|p1a: Scizor|Dual Wingbeat|p2a: Weezing|[miss]
|-miss|p1a: Scizor|p2a: Weezing
|
|-weather|Sandstorm|[upkeep]
|-damage|p2a: Weezing|94/100|[from] Sandstorm
|-heal|p1a: Scizor|100/100|[from] item: Leftovers
|-heal|p2a: Weezing|100/100|[from] item: Leftovers
|upkeep
|turn|17
|
|t:|1757869032
|move|p1a: Scizor|Knock Off|p2a: Weezing
|-resisted|p2a: Weezing
|-damage|p2a: Weezing|88/100
|-enditem|p2a: Weezing|Leftovers|[from] move: Knock Off|[of] p1a: Scizor
|move|p2a: Weezing|Will-O-Wisp|p1a: Scizor
|-status|p1a: Scizor|brn
|
|-weather|Sandstorm|[upkeep]
|-damage|p2a: Weezing|82/100|[from] Sandstorm
|-damage|p1a: Scizor|94/100 brn|[from] brn
|upkeep
|turn|18
|
|t:|1757869044
|move|p1a: Scizor|Bullet Punch|p2a: Weezing
|-supereffective|p2a: Weezing
|-damage|p2a: Weezing|60/100
|move|p2a: Weezing|Toxic Spikes|p1a: Scizor
|-sidestart|p1: Free6lackpanther|move: Toxic Spikes
|
|-weather|none
|-heal|p1a: Scizor|100/100 brn|[from] item: Leftovers
|-damage|p1a: Scizor|94/100 brn|[from] brn
|upkeep
|turn|19
|
|t:|1757869056
|move|p1a: Scizor|Bullet Punch|p2a: Weezing
|-supereffective|p2a: Weezing
|-damage|p2a: Weezing|37/100
|move|p2a: Weezing|Strange Steam|p1a: Scizor
|-resisted|p1a: Scizor
|-damage|p1a: Scizor|79/100 brn
|
|-heal|p1a: Scizor|85/100 brn|[from] item: Leftovers
|-damage|p1a: Scizor|79/100 brn|[from] brn
|upkeep
|turn|20
|
|t:|1757869066
|move|p1a: Scizor|Bullet Punch|p2a: Weezing
|-supereffective|p2a: Weezing
|-crit|p2a: Weezing
|-damage|p2a: Weezing|4/100
|move|p2a: Weezing|Pain Split|p1a: Scizor
|-sethp|p1a: Scizor|41/100 brn|[from] move: Pain Split|[silent]
|-sethp|p2a: Weezing|43/100|[from] move: Pain Split
|
|-heal|p1a: Scizor|47/100 brn|[from] item: Leftovers
|-damage|p1a: Scizor|41/100 brn|[from] brn
|upkeep
|turn|21
|
|t:|1757869082
|switch|p2a: Mandibuzz|Mandibuzz, F|37/100
|move|p1a: Scizor|Defog|p2a: Mandibuzz
|-unboost|p2a: Mandibuzz|evasion|1
|-sideend|p1: Free6lackpanther|Toxic Spikes|[from] move: Defog|[of] p1a: Scizor
|
|-heal|p1a: Scizor|47/100 brn|[from] item: Leftovers
|-damage|p1a: Scizor|41/100 brn|[from] brn
|upkeep
|turn|22
|
|t:|1757869093
|switch|p1a: Ninetales|Ninetales-Alola, M|68/100
|-weather|Snowscape|[from] ability: Snow Warning|[of] p1a: Ninetales
|move|p2a: Mandibuzz|Roost|p2a: Mandibuzz
|-heal|p2a: Mandibuzz|87/100
|-singleturn|p2a: Mandibuzz|move: Roost
|
|-weather|Snowscape|[upkeep]
|upkeep
|turn|23
|
|t:|1757869105
|move|p1a: Ninetales|Aurora Veil|p1a: Ninetales
|-sidestart|p1: Free6lackpanther|move: Aurora Veil
|move|p2a: Mandibuzz|U-turn|p1a: Ninetales
|-resisted|p1a: Ninetales
|-crit|p1a: Ninetales
|-damage|p1a: Ninetales|58/100
|
|t:|1757869107
|switch|p2a: Tyranitar|Tyranitar, F|22/100 brn|[from] U-turn
|-weather|Sandstorm|[from] ability: Sand Stream|[of] p2a: Tyranitar
|
|-weather|Sandstorm|[upkeep]
|-damage|p1a: Ninetales|52/100|[from] Sandstorm
|-damage|p2a: Tyranitar|16/100 brn|[from] brn
|upkeep
|turn|24
|
|t:|1757869135
|switch|p2a: Excadrill|Excadrill, M, tera:Ice|94/100
|move|p1a: Ninetales|Moonblast|p2a: Excadrill
|-damage|p2a: Excadrill|46/100
|
|-weather|Sandstorm|[upkeep]
|-damage|p1a: Ninetales|46/100|[from] Sandstorm
|-heal|p2a: Excadrill|53/100|[from] item: Leftovers
|upkeep
|turn|25
|
|t:|1757869154
|move|p2a: Excadrill|Earthquake|p1a: Ninetales
|-damage|p1a: Ninetales|0 fnt
|faint|p1a: Ninetales
|
|-weather|Sandstorm|[upkeep]
|-heal|p2a: Excadrill|59/100|[from] item: Leftovers
|upkeep
|
|t:|1757869165
|switch|p1a: Scizor|Scizor, M|41/100 brn
|turn|26
|
|t:|1757869185
|switch|p2a: Mandibuzz|Mandibuzz, F|87/100
|move|p1a: Scizor|Bullet Punch|p2a: Mandibuzz
|-damage|p2a: Mandibuzz|75/100
|
|-weather|Sandstorm|[upkeep]
|-heal|p1a: Scizor|47/100 brn|[from] item: Leftovers
|-damage|p1a: Scizor|41/100 brn|[from] brn
|upkeep
|turn|27
|inactive|Free6lackpanther has 120 seconds left.
|
|t:|1757869218
|switch|p1a: Tyranitar|Tyranitar, F|100/100
|move|p2a: Mandibuzz|U-turn|p1a: Tyranitar
|-supereffective|p1a: Tyranitar
|-damage|p1a: Tyranitar|91/100
|inactive|Eight Five has 120 seconds left.
|
|t:|1757869250
|switch|p2a: Amoonguss|Amoonguss, M|100/100|[from] U-turn
|
|-weather|Sandstorm|[upkeep]
|-damage|p2a: Amoonguss|94/100|[from] Sandstorm
|upkeep
|turn|28
|inactive|Free6lackpanther has 120 seconds left.
|
|t:|1757869268
|move|p1a: Tyranitar|Ice Beam|p2a: Amoonguss
|-supereffective|p2a: Amoonguss
|-damage|p2a: Amoonguss|58/100
|move|p2a: Amoonguss|Toxic|p1a: Tyranitar
|-status|p1a: Tyranitar|tox
|
|-weather|Sandstorm|[upkeep]
|-damage|p2a: Amoonguss|52/100|[from] Sandstorm
|-damage|p1a: Tyranitar|84/100 tox|[from] psn
|upkeep
|turn|29
|inactive|Free6lackpanther has 120 seconds left.
|inactive|Eight Five has 120 seconds left.
|
|t:|1757869287
|switch|p2a: Tyranitar|Tyranitar, F|16/100 brn
|move|p1a: Tyranitar|Ice Beam|p2a: Tyranitar
|-damage|p2a: Tyranitar|8/100 brn
|
|-weather|Sandstorm|[upkeep]
|-damage|p1a: Tyranitar|72/100 tox|[from] psn
|-damage|p2a: Tyranitar|2/100 brn|[from] brn
|upkeep
|turn|30
|
|t:|1757869303
|move|p2a: Tyranitar|Low Kick|p1a: Tyranitar
|-supereffective|p1a: Tyranitar
|-damage|p1a: Tyranitar|37/100 tox
|move|p1a: Tyranitar|Ice Beam|p2a: Tyranitar
|-damage|p2a: Tyranitar|0 fnt
|faint|p2a: Tyranitar
|
|-weather|none
|-damage|p1a: Tyranitar|18/100 tox|[from] psn
|-sideend|p1: Free6lackpanther|move: Aurora Veil
|upkeep
|inactive|Eight Five has 120 seconds left.
|
|t:|1757869337
|switch|p2a: Keldeo|Keldeo-Resolute|41/100
|turn|31
|
|t:|1757869348
|move|p2a: Keldeo|Secret Sword|p1a: Tyranitar
|-supereffective|p1a: Tyranitar
|-damage|p1a: Tyranitar|0 fnt
|faint|p1a: Tyranitar
|
|upkeep
|
|t:|1757869354
|switch|p1a: Exeggutor|Exeggutor-Alola, M|100/100
|turn|32
|inactive|Eight Five has 120 seconds left.
|l|☆Free6lackpanther
|inactive|Free6lackpanther disconnected and has a minute to reconnect!
|player|p1|
|inactive|Eight Five has 90 seconds left.
|
|t:|1757869394
|move|p2a: Keldeo|Secret Sword|p1a: Exeggutor
|-damage|p1a: Exeggutor|33/100
|-enditem|p1a: Exeggutor|Sitrus Berry|[eat]
|-heal|p1a: Exeggutor|58/100|[from] item: Sitrus Berry
|move|p1a: Exeggutor|Calm Mind|p1a: Exeggutor
|-boost|p1a: Exeggutor|spa|1
|-boost|p1a: Exeggutor|spd|1
|
|-item|p1a: Exeggutor|Sitrus Berry|[from] ability: Harvest
|upkeep
|turn|33
|j|☆Free6lackpanther
|inactive|Free6lackpanther reconnected and has 105 seconds left.
|player|p1|Free6lackpanther|265|
|
|t:|1757869425
|move|p2a: Keldeo|Secret Sword|p1a: Exeggutor
|-damage|p1a: Exeggutor|0 fnt
|faint|p1a: Exeggutor
|
|upkeep
|-message|Free6lackpanther forfeited.
|
|win|Eight Five
|raw|Free6lackpanther's rating: 1409 &rarr; <strong>1389</strong><br />(-20 for losing)
|raw|Eight Five's rating: 1401 &rarr; <strong>1421</strong><br />(+20 for winning)
|l|☆Free6lackpanther
|player|p1|
|l|☆Eight Five
|player|p2|
