|j|☆Reb_Am
|j|☆JBLspeakerfetty
|t:|1757923548
|gametype|singles
|player|p1|Reb_Am|169|1364
|player|p2|JBLspeakerfetty|red|1400
|gen|9
|tier|[Gen 9] OU
|rated|
|rule|HP Percentage Mod: HP is shown in percentages
|rule|Endless Battle Clause: Forcing endless battles is banned
|rule|Species Clause: Limit one of each Pokémon
|rule|OHKO Clause: OHKO moves are banned
|rule|Evasion Items Clause: Evasion items are banned
|rule|Evasion Moves Clause: Evasion moves are banned
|rule|Evasion Abilities Clause: Evasion abilities are banned
|rule|Sleep Moves Clause: Sleep-inducing moves are banned
|clearpoke
|poke|p1|Raging Bolt|
|poke|p1|Iron Valiant|
|poke|p1|Araquanid, M|
|poke|p1|Iron Moth|
|poke|p1|Iron Treads|
|poke|p1|Rillaboom, M|
|poke|p2|Mimikyu, M|
|poke|p2|Hatterene, F|
|poke|p2|Ursaluna, F|
|poke|p2|Manaphy|
|poke|p2|Honchkrow, F|
|poke|p2|Haxorus, M|
|teampreview
|inactive|Battle timer is ON: inactive players will automatically lose when time's up. (requested by Reb_Am)
|
|t:|1757923566
|teamsize|p1|6
|teamsize|p2|6
|start
|switch|p1a: Iron Moth|Iron Moth|100/100
|switch|p2a: Manaphy|Manaphy|100/100
|-enditem|p1a: Iron Moth|Booster Energy
|-activate|p1a: Iron Moth|ability: Quark Drive|[fromitem]
|-start|p1a: Iron Moth|quarkdrivespe
|turn|1
|
|t:|1757923573
|move|p1a: Iron Moth|Sludge Wave|p2a: Manaphy
|-damage|p2a: Manaphy|62/100
|move|p2a: Manaphy|Scald|p1a: Iron Moth
|-supereffective|p1a: Iron Moth
|-damage|p1a: Iron Moth|47/100
|
|-heal|p2a: Manaphy|69/100|[from] item: Leftovers
|upkeep
|turn|2
|
|t:|1757923578
|-end|p1a: Iron Moth|Quark Drive|[silent]
|switch|p1a: Rillaboom|Rillaboom, M|100/100
|-fieldstart|move: Grassy Terrain|[from] ability: Grassy Surge|[of] p1a: Rillaboom
|move|p2a: Manaphy|Scald|p1a: Rillaboom
|-resisted|p1a: Rillaboom
|-damage|p1a: Rillaboom|82/100
|-status|p1a: Rillaboom|brn
|
|-heal|p1a: Rillaboom|88/100 brn|[from] Grassy Terrain
|-heal|p2a: Manaphy|75/100|[from] Grassy Terrain
|-heal|p2a: Manaphy|81/100|[from] item: Leftovers
|-damage|p1a: Rillaboom|82/100 brn|[from] brn
|upkeep
|turn|3
|
|t:|1757923587
|move|p1a: Rillaboom|Wood Hammer|p2a: Manaphy
|-supereffective|p2a: Manaphy
|-damage|p2a: Manaphy|8/100
|-damage|p1a: Rillaboom|54/100 brn|[from] Recoil
|move|p2a: Manaphy|Ice Beam|p1a: Rillaboom
|-supereffective|p1a: Rillaboom
|-damage|p1a: Rillaboom|1/100 brn
|
|-heal|p1a: Rillaboom|7/100 brn|[from] Grassy Terrain
|-heal|p2a: Manaphy|14/100|[from] Grassy Terrain
|-heal|p2a: Manaphy|21/100|[from] item: Leftovers
|-damage|p1a: Rillaboom|1/100 brn|[from] brn
|upkeep
|turn|4
|
|t:|1757923598
|switch|p1a: Araquanid|Araquanid, M|100/100
|move|p2a: Manaphy|Ice Beam|p1a: Araquanid
|-resisted|p1a: Araquanid
|-damage|p1a: Araquanid|93/100
|-status|p1a: Araquanid|frz
|
|-heal|p2a: Manaphy|27/100|[from] Grassy Terrain
|-heal|p2a: Manaphy|33/100|[from] item: Leftovers
|-heal|p1a: Araquanid|99/100 frz|[from] Grassy Terrain
|upkeep
|turn|5
|
|t:|1757923606
|move|p2a: Manaphy|Take Heart|p2a: Manaphy
|-boost|p2a: Manaphy|spa|1
|-boost|p2a: Manaphy|spd|1
|cant|p1a: Araquanid|frz
|
|-heal|p2a: Manaphy|39/100|[from] Grassy Terrain
|-heal|p2a: Manaphy|45/100|[from] item: Leftovers
|-heal|p1a: Araquanid|100/100 frz|[from] Grassy Terrain
|upkeep
|turn|6
|
|t:|1757923611
|switch|p1a: Rillaboom|Rillaboom, M|1/100 brn
|move|p2a: Manaphy|Take Heart|p2a: Manaphy
|-boost|p2a: Manaphy|spa|1
|-boost|p2a: Manaphy|spd|1
|
|-heal|p1a: Rillaboom|7/100 brn|[from] Grassy Terrain
|-heal|p2a: Manaphy|51/100|[from] Grassy Terrain
|-heal|p2a: Manaphy|58/100|[from] item: Leftovers
|-damage|p1a: Rillaboom|1/100 brn|[from] brn
|-fieldend|move: Grassy Terrain
|upkeep
|turn|7
|
|t:|1757923616
|move|p1a: Rillaboom|Wood Hammer|p2a: Manaphy
|-supereffective|p2a: Manaphy
|-damage|p2a: Manaphy|0 fnt
|faint|p2a: Manaphy
|-damage|p1a: Rillaboom|0 fnt|[from] Recoil
|faint|p1a: Rillaboom
|
|upkeep
|
|t:|1757923628
|switch|p1a: Iron Moth|Iron Moth|47/100
|switch|p2a: Hatterene|Hatterene, F|100/100
|turn|8
|
|t:|1757923632
|move|p1a: Iron Moth|Substitute|p1a: Iron Moth
|-start|p1a: Iron Moth|Substitute
|-damage|p1a: Iron Moth|22/100
|move|p2a: Hatterene|Trick Room|p2a: Hatterene
|-fieldstart|move: Trick Room|[of] p2a: Hatterene
|
|upkeep
|turn|9
|
|t:|1757923640
|move|p2a: Hatterene|Misty Explosion|p1a: Iron Moth
|-resisted|p1a: Iron Moth
|-activate|p1a: Iron Moth|move: Substitute|[damage]
|faint|p2a: Hatterene
|move|p1a: Iron Moth|Sludge Wave|p2: Hatterene|[notarget]
|-fail|p1a: Iron Moth
|
|upkeep
|
|t:|1757923649
|switch|p2a: Haxorus|Haxorus, M|100/100
|-ability|p2a: Haxorus|Mold Breaker
|turn|10
|
|t:|1757923655
|move|p2a: Haxorus|Scale Shot|p1a: Iron Moth
|-end|p1a: Iron Moth|Substitute
|-damage|p1a: Iron Moth|0 fnt
|faint|p1a: Iron Moth
|-end|p1a: Iron Moth|Quark Drive|[silent]
|-hitcount|p1: Iron Moth|2
|-unboost|p2a: Haxorus|def|1
|-boost|p2a: Haxorus|spe|1
|-damage|p2a: Haxorus|91/100|[from] item: Life Orb
|
|upkeep
|
|t:|1757923663
|switch|p1a: Iron Valiant|Iron Valiant|100/100
|-enditem|p1a: Iron Valiant|Booster Energy
|-activate|p1a: Iron Valiant|ability: Quark Drive|[fromitem]
|-start|p1a: Iron Valiant|quarkdrivespe
|turn|11
|
|t:|1757923682
|move|p2a: Haxorus|Close Combat|p1a: Iron Valiant
|-resisted|p1a: Iron Valiant
|-damage|p1a: Iron Valiant|60/100
|-unboost|p2a: Haxorus|def|1
|-unboost|p2a: Haxorus|spd|1
|-damage|p2a: Haxorus|81/100|[from] item: Life Orb
|move|p1a: Iron Valiant|Moonblast|p2a: Haxorus
|-supereffective|p2a: Haxorus
|-damage|p2a: Haxorus|0 fnt
|faint|p2a: Haxorus
|
|upkeep
|
|t:|1757923701
|switch|p2a: Honchkrow|Honchkrow, F|100/100
|turn|12
|
|t:|1757923708
|-end|p1a: Iron Valiant|Quark Drive|[silent]
|switch|p1a: Araquanid|Araquanid, M|100/100 frz
|move|p2a: Honchkrow|Brave Bird|p1a: Araquanid
|-supereffective|p1a: Araquanid
|-damage|p1a: Araquanid|0 fnt
|faint|p1a: Araquanid
|-ability|p2a: Honchkrow|Moxie|boost
|-boost|p2a: Honchkrow|atk|1
|-damage|p2a: Honchkrow|68/100|[from] Recoil
|
|-fieldend|move: Trick Room
|upkeep
|
|t:|1757923720
|switch|p1a: Raging Bolt|Raging Bolt|100/100
|turn|13
|
|t:|1757923722
|move|p1a: Raging Bolt|Thunderclap|p2a: Honchkrow
|-supereffective|p2a: Honchkrow
|-damage|p2a: Honchkrow|0 fnt
|faint|p2a: Honchkrow
|
|upkeep
|
|t:|1757923725
|switch|p2a: Ursaluna|Ursaluna, F|100/100
|turn|14
|
|t:|1757923727
|move|p1a: Raging Bolt|Draco Meteor|p2a: Ursaluna
|-damage|p2a: Ursaluna|34/100
|-unboost|p1a: Raging Bolt|spa|2
|move|p2a: Ursaluna|Headlong Rush|p1a: Raging Bolt
|-supereffective|p1a: Raging Bolt
|-damage|p1a: Raging Bolt|0 fnt
|-unboost|p2a: Ursaluna|def|1
|-unboost|p2a: Ursaluna|spd|1
|faint|p1a: Raging Bolt
|-end|p1a: Raging Bolt|Protosynthesis|[silent]
|
|-status|p2a: Ursaluna|brn|[from] item: Flame Orb
|upkeep
|
|t:|1757923735
|switch|p1a: Iron Valiant|Iron Valiant|60/100
|turn|15
|
|t:|1757923739
|switch|p2a: Mimikyu|Mimikyu, M|100/100
|move|p1a: Iron Valiant|Moonblast|p2a: Mimikyu
|-activate|p2a: Mimikyu|ability: Disguise
|-damage|p2a: Mimikyu|100/100
|detailschange|p2a: Mimikyu|Mimikyu-Busted, M
|-damage|p2a: Mimikyu|88/100|[from] pokemon: Mimikyu-Busted
|-enditem|p2a: Mimikyu|Red Card|[of] p1a: Iron Valiant
|-end|p1a: Iron Valiant|Quark Drive|[silent]
|drag|p1a: Iron Treads|Iron Treads|100/100
|
|upkeep
|turn|16
|
|t:|1757923749
|move|p1a: Iron Treads|High Horsepower|p2a: Mimikyu
|-crit|p2a: Mimikyu
|-damage|p2a: Mimikyu|18/100
|move|p2a: Mimikyu|Trick Room|p2a: Mimikyu
|-fieldstart|move: Trick Room|[of] p2a: Mimikyu
|
|upkeep
|turn|17
|
|t:|1757923772
|move|p2a: Mimikyu|Destiny Bond|p2a: Mimikyu
|-singlemove|p2a: Mimikyu|Destiny Bond
|move|p1a: Iron Treads|Rapid Spin|p2a: Mimikyu
|-immune|p2a: Mimikyu
|
|upkeep
|turn|18
|
|t:|1757923778
|move|p2a: Mimikyu|Curse|p1a: Iron Treads
|-start|p1a: Iron Treads|Curse|[of] p2a: Mimikyu
|-damage|p2a: Mimikyu|0 fnt
|faint|p2a: Mimikyu
|move|p1a: Iron Treads|Rapid Spin|p2: Mimikyu|[notarget]
|-fail|p1a: Iron Treads
|
|-damage|p1a: Iron Treads|75/100|[from] Curse
|upkeep
|
|t:|1757923780
|switch|p2a: Ursaluna|Ursaluna, F|34/100 brn
|turn|19
|
|t:|1757923800
|-end|p1a: Iron Treads|Quark Drive|[silent]
|switch|p1a: Iron Valiant|Iron Valiant|60/100
|move|p2a: Ursaluna|Headlong Rush|p1a: Iron Valiant
|-damage|p1a: Iron Valiant|0 fnt
|-unboost|p2a: Ursaluna|def|1
|-unboost|p2a: Ursaluna|spd|1
|faint|p1a: Iron Valiant
|-end|p1a: Iron Valiant|Quark Drive|[silent]
|
|-damage|p2a: Ursaluna|28/100 brn|[from] brn
|upkeep
|
|t:|1757923805
|switch|p1a: Iron Treads|Iron Treads|75/100
|turn|20
|l|☆JBLspeakerfetty
|inactive|JBLspeakerfetty disconnected and has a minute to reconnect!
|player|p2|
|j|☆JBLspeakerfetty
|inactive|JBLspeakerfetty reconnected and has 120 seconds left.
|player|p2|JBLspeakerfetty|red|
|
|t:|1757923851
|-terastallize|p2a: Ursaluna|Normal
|-terastallize|p1a: Iron Treads|Ghost
|move|p2a: Ursaluna|Facade|p1a: Iron Treads
|-immune|p1a: Iron Treads
|move|p1a: Iron Treads|Knock Off|p2a: Ursaluna
|-damage|p2a: Ursaluna|0 fnt
|-enditem|p2a: Ursaluna|Flame Orb|[from] move: Knock Off|[of] p1a: Iron Treads
|faint|p2a: Ursaluna
|
|win|Reb_Am
|raw|Reb_Am's rating: 1364 &rarr; <strong>1386</strong><br />(+22 for winning)
|raw|JBLspeakerfetty's rating: 1400 &rarr; <strong>1378</strong><br />(-22 for losing)
|c|☆Reb_Am|xd
|l|☆Reb_Am
|player|p1|
|l|☆JBLspeakerfetty
|player|p2|
