|j|☆Ly21
|j|☆Rin1604
|t:|1757851767
|gametype|singles
|player|p1|Ly21|psychic|1350
|player|p2|Rin1604|miku-ghost|1429
|gen|9
|tier|[Gen 9] OU
|rated|
|rule|HP Percentage Mod: HP is shown in percentages
|rule|Endless Battle Clause: Forcing endless battles is banned
|rule|Species Clause: Limit one of each Pokémon
|rule|OHKO Clause: OHKO moves are banned
|rule|Evasion Items Clause: Evasion items are banned
|rule|Evasion Moves Clause: Evasion moves are banned
|rule|Evasion Abilities Clause: Evasion abilities are banned
|rule|Sleep Moves Clause: Sleep-inducing moves are banned
|clearpoke
|poke|p1|Chesnaught, M|
|poke|p1|Azumarill, M|
|poke|p1|Iron Boulder|
|poke|p1|Maushold-Four|
|poke|p1|Fezandipiti, M|
|poke|p1|Skeledirge, M|
|poke|p2|Indeedee, M|
|poke|p2|Hatterene, F|
|poke|p2|Ursaluna, F|
|poke|p2|Iron Hands|
|poke|p2|Hoopa-Unbound|
|poke|p2|Mimikyu, F|
|teampreview
|inactive|Battle timer is ON: inactive players will automatically lose when time's up. (requested by Ly21)
|
|t:|1757851780
|teamsize|p1|6
|teamsize|p2|6
|start
|switch|p1a: Bad Birb|Fezandipiti, M|100/100
|switch|p2a: LEBRON|Iron Hands, shiny|100/100
|-enditem|p2a: LEBRON|Booster Energy
|-activate|p2a: LEBRON|ability: Quark Drive|[fromitem]
|-start|p2a: LEBRON|quarkdriveatk
|turn|1
|
|t:|1757851796
|move|p1a: Bad Birb|Moonblast|p2a: LEBRON
|-supereffective|p2a: LEBRON
|-damage|p2a: LEBRON|60/100
|move|p2a: LEBRON|Heavy Slam|p1a: Bad Birb
|-supereffective|p1a: Bad Birb
|-damage|p1a: Bad Birb|0 fnt
|faint|p1a: Bad Birb
|
|upkeep
|
|t:|1757851816
|switch|p1a: Maus|Maushold-Four|100/100
|turn|2
|
|t:|1757851821
|move|p1a: Maus|Population Bomb|p2a: LEBRON
|-damage|p2a: LEBRON|53/100
|-damage|p2a: LEBRON|46/100
|-damage|p2a: LEBRON|38/100
|-damage|p2a: LEBRON|30/100
|-damage|p2a: LEBRON|23/100
|-damage|p2a: LEBRON|15/100
|-damage|p2a: LEBRON|7/100
|-damage|p2a: LEBRON|0 fnt
|faint|p2a: LEBRON
|-end|p2a: LEBRON|Quark Drive|[silent]
|-hitcount|p2: LEBRON|8
|
|upkeep
|
|t:|1757851833
|switch|p2a: Subaru|Indeedee, M, shiny|100/100
|-fieldstart|move: Psychic Terrain|[from] ability: Psychic Surge|[of] p2a: Subaru
|turn|3
|
|t:|1757851836
|move|p1a: Maus|Population Bomb|p2a: Subaru
|-damage|p2a: Subaru|87/100
|-damage|p2a: Subaru|76/100
|-damage|p2a: Subaru|63/100
|-damage|p2a: Subaru|51/100
|-damage|p2a: Subaru|38/100
|-damage|p2a: Subaru|25/100
|-damage|p2a: Subaru|14/100
|-damage|p2a: Subaru|0 fnt
|faint|p2a: Subaru
|-hitcount|p2: Subaru|8
|
|upkeep
|
|t:|1757851854
|switch|p2a: Crashout YN|Ursaluna, F, shiny|100/100
|turn|4
|
|t:|1757851864
|move|p1a: Maus|Population Bomb|p2a: Crashout YN
|-damage|p2a: Crashout YN|93/100
|-damage|p2a: Crashout YN|85/100
|-damage|p2a: Crashout YN|77/100
|-damage|p2a: Crashout YN|69/100
|-damage|p2a: Crashout YN|61/100
|-damage|p2a: Crashout YN|53/100
|-damage|p2a: Crashout YN|45/100
|-damage|p2a: Crashout YN|38/100
|-damage|p2a: Crashout YN|30/100
|-damage|p2a: Crashout YN|23/100
|-hitcount|p2a: Crashout YN|10
|move|p2a: Crashout YN|Supercell Slam|p1a: Maus
|-damage|p1a: Maus|32/100
|
|-status|p2a: Crashout YN|brn|[from] item: Flame Orb
|upkeep
|turn|5
|
|t:|1757851870
|switch|p2a: Mimi|Mimikyu, F, shiny|100/100
|move|p1a: Maus|Population Bomb|p2a: Mimi
|-immune|p2a: Mimi
|
|upkeep
|turn|6
|
|t:|1757851873
|move|p1a: Maus|Bite|p2a: Mimi
|-activate|p2a: Mimi|ability: Disguise
|-damage|p2a: Mimi|100/100
|detailschange|p2a: Mimi|Mimikyu-Busted, F, shiny
|-damage|p2a: Mimi|88/100|[from] pokemon: Mimikyu-Busted
|-enditem|p2a: Mimi|Red Card|[of] p1a: Maus
|drag|p1a: Belly Rubs|Azumarill, M|100/100
|move|p2a: Mimi|Trick Room|p2a: Mimi
|-fieldstart|move: Trick Room|[of] p2a: Mimi
|
|upkeep
|turn|7
|
|t:|1757851884
|move|p1a: Belly Rubs|Play Rough|p2a: Mimi
|-damage|p2a: Mimi|34/100
|-unboost|p2a: Mimi|atk|1
|move|p2a: Mimi|Curse|p1a: Belly Rubs
|-start|p1a: Belly Rubs|Curse|[of] p2a: Mimi
|-damage|p2a: Mimi|0 fnt
|faint|p2a: Mimi
|
|-damage|p1a: Belly Rubs|75/100|[from] Curse
|upkeep
|
|t:|1757851895
|switch|p2a: Crashout YN|Ursaluna, F, shiny|23/100 brn
|turn|8
|
|t:|1757851899
|move|p1a: Belly Rubs|Aqua Jet|p2a: Crashout YN
|-activate|p2a: Crashout YN|move: Psychic Terrain
|move|p2a: Crashout YN|Facade|p1a: Belly Rubs
|-damage|p1a: Belly Rubs|0 fnt
|faint|p1a: Belly Rubs
|
|-damage|p2a: Crashout YN|16/100 brn|[from] brn
|upkeep
|
|t:|1757851907
|switch|p1a: Skeledirge|Skeledirge, M|100/100
|turn|9
|
|t:|1757851910
|switch|p1a: Ratatouille|Chesnaught, M|100/100
|move|p2a: Crashout YN|Headlong Rush|p1a: Ratatouille
|-resisted|p1a: Ratatouille
|-damage|p1a: Ratatouille|69/100
|-unboost|p2a: Crashout YN|def|1
|-unboost|p2a: Crashout YN|spd|1
|-damage|p2a: Crashout YN|0 fnt|[from] item: Rocky Helmet|[of] p1a: Ratatouille
|faint|p2a: Crashout YN
|
|upkeep
|
|t:|1757851920
|switch|p2a: Hoopa|Hoopa-Unbound|100/100
|-enditem|p2a: Hoopa|Psychic Seed
|-boost|p2a: Hoopa|spd|1|[from] item: Psychic Seed
|turn|10
|
|t:|1757851930
|switch|p1a: Maus|Maushold-Four|32/100
|move|p2a: Hoopa|Expanding Force|p1a: Maus
|-damage|p1a: Maus|0 fnt
|faint|p1a: Maus
|-item|p2a: Hoopa|Wide Lens|[from] ability: Magician|[of] p1: Maus
|
|-fieldend|move: Trick Room
|-fieldend|move: Psychic Terrain
|upkeep
|inactive|Ly21 has 120 seconds left.
|
|t:|1757851956
|switch|p1a: Marth from Brawl|Iron Boulder|100/100
|-enditem|p1a: Marth from Brawl|Booster Energy
|-activate|p1a: Marth from Brawl|ability: Quark Drive|[fromitem]
|-start|p1a: Marth from Brawl|quarkdrivespe
|turn|11
|
|t:|1757851961
|move|p1a: Marth from Brawl|Mighty Cleave|p2a: Hoopa
|-damage|p2a: Hoopa|15/100
|move|p2a: Hoopa|Trick Room|p2a: Hoopa
|-fieldstart|move: Trick Room|[of] p2a: Hoopa
|
|upkeep
|turn|12
|
|t:|1757851969
|move|p2a: Hoopa|Hyperspace Fury|p1a: Marth from Brawl
|-supereffective|p1a: Marth from Brawl
|-damage|p1a: Marth from Brawl|0 fnt
|-unboost|p2a: Hoopa|def|1
|faint|p1a: Marth from Brawl
|-end|p1a: Marth from Brawl|Quark Drive|[silent]
|
|upkeep
|
|t:|1757851971
|switch|p1a: Ratatouille|Chesnaught, M|69/100
|turn|13
|
|t:|1757851978
|-terastallize|p1a: Ratatouille|Fairy
|move|p2a: Hoopa|Expanding Force|p1a: Ratatouille
|-damage|p1a: Ratatouille|5/100
|move|p1a: Ratatouille|Synthesis|p1a: Ratatouille
|-heal|p1a: Ratatouille|55/100
|
|upkeep
|turn|14
|
|t:|1757851995
|-terastallize|p2a: Hoopa|Psychic
|move|p2a: Hoopa|Expanding Force|p1a: Ratatouille
|-damage|p1a: Ratatouille|0 fnt
|faint|p1a: Ratatouille
|
|upkeep
|
|t:|1757851998
|switch|p1a: Skeledirge|Skeledirge, M|100/100
|turn|15
|
|t:|1757852001
|move|p2a: Hoopa|Hyperspace Fury|p1a: Skeledirge
|-supereffective|p1a: Skeledirge
|-damage|p1a: Skeledirge|7/100
|-unboost|p2a: Hoopa|def|1
|move|p1a: Skeledirge|Torch Song|p2a: Hoopa
|-damage|p2a: Hoopa|0 fnt
|-boost|p1a: Skeledirge|spa|1
|faint|p2a: Hoopa
|
|-fieldend|move: Trick Room
|upkeep
|
|t:|1757852004
|switch|p2a: Satella|Hatterene, F, shiny|100/100
|turn|16
|c|☆Ly21|ggs
|
|t:|1757852023
|move|p1a: Skeledirge|Hex|p2a: Satella
|-supereffective|p2a: Satella
|-damage|p2a: Satella|0 fnt
|faint|p2a: Satella
|
|win|Ly21
|raw|Ly21's rating: 1350 &rarr; <strong>1374</strong><br />(+24 for winning)
|raw|Rin1604's rating: 1429 &rarr; <strong>1405</strong><br />(-24 for losing)
|l|☆Rin1604
|player|p2|
|l|☆Ly21
|player|p1|
