|j|☆touhoukhoa
|j|☆STONE CHAI
|t:|1757851372
|gametype|singles
|player|p1|touhoukhoa|burglar|1661
|player|p2|STONE CHAI|101|1597
|gen|9
|tier|[Gen 9] OU
|rated|
|rule|HP Percentage Mod: HP is shown in percentages
|rule|Endless Battle Clause: Forcing endless battles is banned
|rule|Species Clause: Limit one of each Pokémon
|rule|OHKO Clause: OHKO moves are banned
|rule|Evasion Items Clause: Evasion items are banned
|rule|Evasion Moves Clause: Evasion moves are banned
|rule|Evasion Abilities Clause: Evasion abilities are banned
|rule|Sleep Moves Clause: Sleep-inducing moves are banned
|clearpoke
|poke|p1|Zamazenta-*|
|poke|p1|Glimmora, F|
|poke|p1|Araquanid, M|
|poke|p1|Dragapult, M|
|poke|p1|Kingambit, M|
|poke|p1|Landorus-Therian, M|
|poke|p2|Dragapult, M|
|poke|p2|Glimmora, M|
|poke|p2|Comfey, M|
|poke|p2|Kingambit, M|
|poke|p2|Ogerpon-Wellspring, F|
|poke|p2|Blaziken, M|
|teampreview
|
|t:|1757851389
|teamsize|p1|6
|teamsize|p2|6
|start
|switch|p1a: Dragapult|Dragapult, M|100/100
|switch|p2a: Dragapult|Dragapult, M, shiny|100/100
|turn|1
|
|t:|1757851394
|-terastallize|p1a: Dragapult|Ghost
|move|p1a: Dragapult|Shadow Ball|p2a: Dragapult
|-supereffective|p2a: Dragapult
|-damage|p2a: Dragapult|0 fnt
|faint|p2a: Dragapult
|
|upkeep
|
|t:|1757851400
|switch|p2a: Kingambit|Kingambit, M, shiny|100/100
|-activate|p2a: Kingambit|ability: Supreme Overlord
|-start|p2a: Kingambit|fallen1|[silent]
|turn|2
|
|t:|1757851418
|switch|p1a: Landorus|Landorus-Therian, M|100/100
|-ability|p1a: Landorus|Intimidate|boost
|-unboost|p2a: Kingambit|atk|1
|move|p2a: Kingambit|Kowtow Cleave|p1a: Landorus
|-damage|p1a: Landorus|57/100
|
|upkeep
|turn|3
|j| arandomenglishname
|
|t:|1757851428
|-end|p2a: Kingambit|fallen1|[silent]
|switch|p2a: Ogerpon|Ogerpon-Wellspring, F|100/100
|move|p1a: Landorus|Earthquake|p2a: Ogerpon
|-resisted|p2a: Ogerpon
|-damage|p2a: Ogerpon|44/100
|
|upkeep
|turn|4
|
|t:|1757851441
|switch|p1a: Dragapult|Dragapult, M, tera:Ghost|100/100
|move|p2a: Ogerpon|Ivy Cudgel|p1a: Dragapult|[anim] Ivy Cudgel Water
|-damage|p1a: Dragapult|24/100
|
|upkeep
|turn|5
|j| Nikator98
|
|t:|1757851451
|move|p1a: Dragapult|U-turn|p2a: Ogerpon
|-supereffective|p2a: Ogerpon
|-damage|p2a: Ogerpon|0 fnt
|faint|p2a: Ogerpon
|l| arandomenglishname
|
|t:|1757851461
|switch|p1a: Glimmora|Glimmora, F|100/100|[from] U-turn
|
|upkeep
|
|t:|1757851474
|switch|p2a: Comfey|Comfey, M, shiny|100/100
|turn|6
|
|t:|1757851478
|-terastallize|p2a: Comfey|Ground
|move|p1a: Glimmora|Meteor Beam||[still]
|-prepare|p1a: Glimmora|Meteor Beam
|-boost|p1a: Glimmora|spa|1
|-enditem|p1a: Glimmora|Power Herb
|-anim|p1a: Glimmora|Meteor Beam|p2a: Comfey|[miss]
|-miss|p1a: Glimmora|p2a: Comfey
|move|p2a: Comfey|Substitute|p2a: Comfey
|-start|p2a: Comfey|Substitute
|-damage|p2a: Comfey|76/100
|
|upkeep
|turn|7
|
|t:|1757851496
|move|p1a: Glimmora|Earth Power|p2a: Comfey
|-end|p2a: Comfey|Substitute
|move|p2a: Comfey|Calm Mind|p2a: Comfey
|-boost|p2a: Comfey|spa|1
|-boost|p2a: Comfey|spd|1
|
|upkeep
|turn|8
|j| Ultracentrifuge
|
|t:|1757851500
|move|p1a: Glimmora|Earth Power|p2a: Comfey
|-damage|p2a: Comfey|45/100
|move|p2a: Comfey|Tera Blast|p1a: Glimmora|[anim] Tera Blast Ground
|-supereffective|p1a: Glimmora
|-damage|p1a: Glimmora|0 fnt
|faint|p1a: Glimmora
|-damage|p2a: Comfey|36/100|[from] item: Life Orb
|
|upkeep
|
|t:|1757851505
|switch|p1a: Araquanid|Araquanid, M|100/100
|turn|9
|
|t:|1757851508
|move|p2a: Comfey|Draining Kiss|p1a: Araquanid
|-damage|p1a: Araquanid|70/100
|-heal|p2a: Comfey|61/100|[from] drain|[of] p1a: Araquanid
|-damage|p2a: Comfey|51/100|[from] item: Life Orb
|move|p1a: Araquanid|Liquidation|p2a: Comfey
|-supereffective|p2a: Comfey
|-damage|p2a: Comfey|0 fnt
|faint|p2a: Comfey
|
|upkeep
|
|t:|1757851519
|switch|p2a: Blaziken|Blaziken, M, shiny|100/100
|turn|10
|
|t:|1757851522
|move|p2a: Blaziken|Flare Blitz|p1a: Araquanid
|-damage|p1a: Araquanid|25/100
|-damage|p2a: Blaziken|84/100|[from] Recoil
|-damage|p2a: Blaziken|74/100|[from] item: Life Orb
|move|p1a: Araquanid|Liquidation|p2a: Blaziken
|-supereffective|p2a: Blaziken
|-damage|p2a: Blaziken|0 fnt
|faint|p2a: Blaziken
|
|upkeep
|
|t:|1757851528
|switch|p2a: Glimmora|Glimmora, M, shiny|100/100
|turn|11
|
|t:|1757851531
|move|p2a: Glimmora|Stealth Rock|p1a: Araquanid
|-sidestart|p1: touhoukhoa|move: Stealth Rock
|move|p1a: Araquanid|Liquidation|p2a: Glimmora
|-supereffective|p2a: Glimmora
|-damage|p2a: Glimmora|0 fnt
|-activate|p2a: Glimmora|ability: Toxic Debris
|-sidestart|p1: touhoukhoa|move: Toxic Spikes
|faint|p2a: Glimmora
|
|upkeep
|
|t:|1757851534
|switch|p2a: Kingambit|Kingambit, M, shiny|100/100
|-activate|p2a: Kingambit|ability: Supreme Overlord
|-start|p2a: Kingambit|fallen5|[silent]
|turn|12
|
|t:|1757851544
|move|p2a: Kingambit|Swords Dance|p2a: Kingambit
|-boost|p2a: Kingambit|atk|2
|move|p1a: Araquanid|Liquidation|p2a: Kingambit
|-damage|p2a: Kingambit|36/100
|-unboost|p2a: Kingambit|def|1
|
|-heal|p2a: Kingambit|43/100|[from] item: Leftovers
|upkeep
|turn|13
|
|t:|1757851547
|move|p2a: Kingambit|Kowtow Cleave|p1a: Araquanid
|-damage|p1a: Araquanid|0 fnt
|faint|p1a: Araquanid
|
|-heal|p2a: Kingambit|49/100|[from] item: Leftovers
|upkeep
|
|t:|1757851554
|switch|p1a: Dragapult|Dragapult, M, tera:Ghost|24/100
|-damage|p1a: Dragapult|12/100|[from] Stealth Rock
|-status|p1a: Dragapult|psn
|turn|14
|
|t:|1757851557
|move|p2a: Kingambit|Sucker Punch||[still]
|-fail|p2a: Kingambit
|move|p1a: Dragapult|Thunder Wave|p2a: Kingambit
|-status|p2a: Kingambit|par
|
|-heal|p2a: Kingambit|55/100 par|[from] item: Leftovers
|-damage|p1a: Dragapult|0 fnt|[from] psn
|faint|p1a: Dragapult
|upkeep
|
|t:|1757851559
|switch|p1a: Kingambit|Kingambit, M|100/100
|-damage|p1a: Kingambit|94/100|[from] Stealth Rock
|-activate|p1a: Kingambit|ability: Supreme Overlord
|-start|p1a: Kingambit|fallen3|[silent]
|turn|15
|
|t:|1757851563
|move|p1a: Kingambit|Low Kick|p2a: Kingambit
|-supereffective|p2a: Kingambit
|-damage|p2a: Kingambit|0 fnt
|faint|p2a: Kingambit
|-end|p2a: Kingambit|fallen5|[silent]
|
|win|touhoukhoa
|raw|touhoukhoa's rating: 1661 &rarr; <strong>1677</strong><br />(+16 for winning)
|raw|STONE CHAI's rating: 1597 &rarr; <strong>1581</strong><br />(-16 for losing)
|l|☆STONE CHAI
|player|p2|
|l|☆touhoukhoa
|player|p1|
|l| Ultracentrifuge
