|j|☆yijing
|j|☆Noifromdorohedoro
|t:|1757830601
|gametype|singles
|player|p1|yijing|170|1183
|player|p2|Noifromdorohedoro|266|1196
|gen|9
|tier|[Gen 9] OU
|rated|
|rule|HP Percentage Mod: HP is shown in percentages
|rule|Endless Battle Clause: Forcing endless battles is banned
|rule|Species Clause: Limit one of each Pokémon
|rule|OHKO Clause: OHKO moves are banned
|rule|Evasion Items Clause: Evasion items are banned
|rule|Evasion Moves Clause: Evasion moves are banned
|rule|Evasion Abilities Clause: Evasion abilities are banned
|rule|Sleep Moves Clause: Sleep-inducing moves are banned
|clearpoke
|poke|p1|Ariados, M|
|poke|p1|Electabuzz, F|
|poke|p1|Golduck, F|
|poke|p1|Primeape, M|
|poke|p1|Rhydon, M|
|poke|p1|Hitmonchan, M|
|poke|p2|Ninetales, F|
|poke|p2|Ceruledge, M|
|poke|p2|Venusaur, F|
|poke|p2|Hatterene, F|
|poke|p2|Great Tusk|
|poke|p2|Walking Wake|
|teampreview
|inactive|Battle timer is ON: inactive players will automatically lose when time's up. (requested by yijing)
|
|t:|1757830609
|teamsize|p1|6
|teamsize|p2|6
|start
|switch|p1a: Electabuzz|Electabuzz, F|100/100
|switch|p2a: Kurama Chakra Mode|Ninetales, F|100/100
|-item|p1a: Electabuzz|Air Balloon
|-weather|SunnyDay|[from] ability: Drought|[of] p2a: Kurama Chakra Mode
|turn|1
|
|t:|1757830622
|switch|p2a: Die w A Smile|Hatterene, F|100/100
|move|p1a: Electabuzz|Knock Off|p2a: Die w A Smile
|-damage|p2a: Die w A Smile|84/100
|-enditem|p2a: Die w A Smile|Eject Button|[from] move: Knock Off|[of] p1a: Electabuzz
|
|-weather|SunnyDay|[upkeep]
|upkeep
|turn|2
|
|t:|1757830636
|move|p1a: Electabuzz|Volt Switch|p2a: Die w A Smile
|-damage|p2a: Die w A Smile|63/100
|
|t:|1757830641
|switch|p1a: Ariados|Ariados, M|100/100|[from] Volt Switch
|move|p2a: Die w A Smile|Healing Wish|p2a: Die w A Smile
|faint|p2a: Die w A Smile
|
|-weather|SunnyDay|[upkeep]
|upkeep
|
|t:|1757830646
|switch|p2a: Slayboi Carti|Ceruledge, M|100/100
|turn|3
|
|t:|1757830656
|move|p2a: Slayboi Carti|Swords Dance|p2a: Slayboi Carti
|-boost|p2a: Slayboi Carti|atk|2
|move|p1a: Ariados|Poison Jab|p2a: Slayboi Carti
|-resisted|p2a: Slayboi Carti
|-damage|p2a: Slayboi Carti|77/100
|-ability|p2a: Slayboi Carti|Weak Armor|boost
|-unboost|p2a: Slayboi Carti|def|1
|-boost|p2a: Slayboi Carti|spe|2
|
|-weather|SunnyDay|[upkeep]
|upkeep
|turn|4
|
|t:|1757830667
|move|p1a: Ariados|Sucker Punch|p2a: Slayboi Carti
|-supereffective|p2a: Slayboi Carti
|-damage|p2a: Slayboi Carti|0 fnt
|faint|p2a: Slayboi Carti
|
|-weather|SunnyDay|[upkeep]
|upkeep
|
|t:|1757830672
|switch|p2a: Dubya|Walking Wake|100/100
|-activate|p2a: Dubya|ability: Protosynthesis
|-start|p2a: Dubya|protosynthesisspa
|turn|5
|
|t:|1757830688
|-terastallize|p2a: Dubya|Water
|move|p2a: Dubya|Hydro Steam|p1a: Ariados
|-damage|p1a: Ariados|0 fnt
|faint|p1a: Ariados
|
|-weather|SunnyDay|[upkeep]
|upkeep
|inactive|yijing has 120 seconds left.
|
|t:|1757830710
|switch|p1a: Hitmonchan|Hitmonchan, M|100/100
|turn|6
|
|t:|1757830717
|move|p2a: Dubya|Hydro Steam|p1a: Hitmonchan
|-damage|p1a: Hitmonchan|0 fnt
|faint|p1a: Hitmonchan
|
|-weather|SunnyDay|[upkeep]
|upkeep
|inactive|yijing has 120 seconds left.
|
|t:|1757830741
|switch|p1a: Rhydon|Rhydon, M|100/100
|turn|7
|
|t:|1757830747
|move|p2a: Dubya|Hydro Steam|p1a: Rhydon
|-supereffective|p1a: Rhydon
|-damage|p1a: Rhydon|0 fnt
|faint|p1a: Rhydon
|
|-weather|SunnyDay|[upkeep]
|upkeep
|
|t:|1757830760
|switch|p1a: Electabuzz|Electabuzz, F|100/100
|-item|p1a: Electabuzz|Air Balloon
|turn|8
|
|t:|1757830765
|move|p1a: Electabuzz|Thunder Wave|p2a: Dubya
|-status|p2a: Dubya|par
|cant|p2a: Dubya|par
|
|-weather|none
|-end|p2a: Dubya|Protosynthesis
|upkeep
|turn|9
|inactive|yijing has 120 seconds left.
|
|t:|1757830779
|-end|p2a: Dubya|Protosynthesis|[silent]
|switch|p2a: Kurama Chakra Mode|Ninetales, F|100/100
|-weather|SunnyDay|[from] ability: Drought|[of] p2a: Kurama Chakra Mode
|move|p1a: Electabuzz|Volt Switch|p2a: Kurama Chakra Mode
|-damage|p2a: Kurama Chakra Mode|81/100
|inactive|yijing has 120 seconds left.
|
|t:|1757830790
|switch|p1a: Primeape|Primeape, M, shiny|100/100|[from] Volt Switch
|
|-weather|SunnyDay|[upkeep]
|upkeep
|turn|10
|inactive|yijing has 120 seconds left.
|
|t:|1757830799
|move|p2a: Kurama Chakra Mode|Healing Wish|p2a: Kurama Chakra Mode
|faint|p2a: Kurama Chakra Mode
|move|p1a: Primeape|Stone Edge|p2: Kurama Chakra Mode|[notarget]
|-fail|p1a: Primeape
|
|-weather|SunnyDay|[upkeep]
|upkeep
|
|t:|1757830804
|switch|p2a: Dubya|Walking Wake, tera:Water|100/100 par
|-heal|p2a: Dubya|100/100|[from] move: Healing Wish
|-activate|p2a: Dubya|ability: Protosynthesis
|-start|p2a: Dubya|protosynthesisspa
|turn|11
|
|t:|1757830813
|move|p1a: Primeape|Close Combat|p2a: Dubya
|-damage|p2a: Dubya|47/100
|-unboost|p1a: Primeape|def|1
|-unboost|p1a: Primeape|spd|1
|move|p2a: Dubya|Hydro Steam|p1a: Primeape
|-damage|p1a: Primeape|0 fnt
|faint|p1a: Primeape
|
|-weather|SunnyDay|[upkeep]
|upkeep
|
|t:|1757830826
|switch|p1a: Electabuzz|Electabuzz, F|100/100
|-item|p1a: Electabuzz|Air Balloon
|turn|12
|
|t:|1757830831
|move|p1a: Electabuzz|Thunder Wave|p2a: Dubya
|-status|p2a: Dubya|par
|move|p2a: Dubya|Hydro Steam|p1a: Electabuzz
|-damage|p1a: Electabuzz|0 fnt
|-enditem|p1a: Electabuzz|Air Balloon
|faint|p1a: Electabuzz
|
|-weather|SunnyDay|[upkeep]
|upkeep
|
|t:|1757830842
|switch|p1a: Golduck|Golduck, F, shiny|100/100
|-ability|p1a: Golduck|Cloud Nine
|-end|p2a: Dubya|Protosynthesis
|turn|13
|
|t:|1757830849
|move|p1a: Golduck|Blizzard|p2a: Dubya
|-resisted|p2a: Dubya
|-damage|p2a: Dubya|29/100 par
|move|p2a: Dubya|Hydro Steam|p1a: Golduck
|-resisted|p1a: Golduck
|-damage|p1a: Golduck|44/100
|
|-weather|SunnyDay|[upkeep]
|upkeep
|turn|14
|
|t:|1757830864
|move|p1a: Golduck|Blizzard|p2a: Dubya
|-resisted|p2a: Dubya
|-damage|p2a: Dubya|10/100 par
|move|p2a: Dubya|Hydro Steam|p1a: Golduck
|-resisted|p1a: Golduck
|-damage|p1a: Golduck|0 fnt
|faint|p1a: Golduck
|-activate|p2a: Dubya|ability: Protosynthesis
|-start|p2a: Dubya|protosynthesisspa
|
|win|Noifromdorohedoro
|raw|yijing's rating: 1183 &rarr; <strong>1159</strong><br />(-24 for losing)
|raw|Noifromdorohedoro's rating: 1196 &rarr; <strong>1220</strong><br />(+24 for winning)
|l|☆Noifromdorohedoro
|player|p2|
