|j|☆Stingrei
|j|☆Kidrock5921
|t:|1757957275
|gametype|singles
|player|p1|Stingrei|170|1214
|player|p2|Kidrock5921|102|1233
|gen|9
|tier|[Gen 9] OU
|rated|
|rule|HP Percentage Mod: HP is shown in percentages
|rule|Endless Battle Clause: Forcing endless battles is banned
|rule|Species Clause: Limit one of each Pokémon
|rule|OHKO Clause: OHKO moves are banned
|rule|Evasion Items Clause: Evasion items are banned
|rule|Evasion Moves Clause: Evasion moves are banned
|rule|Evasion Abilities Clause: Evasion abilities are banned
|rule|Sleep Moves Clause: Sleep-inducing moves are banned
|clearpoke
|poke|p1|Pecharunt|
|poke|p1|Great Tusk|
|poke|p1|Ogerpon-Wellspring, F|
|poke|p1|Iron Crown|
|poke|p1|Landorus-Therian, M|
|poke|p1|Samurott-Hisui, F|
|poke|p2|Landorus-Therian, M|
|poke|p2|Skeledirge, M|
|poke|p2|Skarmory, M|
|poke|p2|Hydrapple, M|
|poke|p2|Samurott-Hisui, M|
|poke|p2|Fezandipiti, M|
|teampreview
|inactive|Battle timer is ON: inactive players will automatically lose when time's up. (requested by Kidrock5921)
|inactive|Stingrei also wants the timer to be on.
|
|t:|1757957288
|teamsize|p1|6
|teamsize|p2|6
|start
|switch|p1a: Samurott|Samurott-Hisui, F|100/100
|switch|p2a: Landorus|Landorus-Therian, M, shiny|100/100
|-ability|p2a: Landorus|Intimidate|boost
|-unboost|p1a: Samurott|atk|1
|turn|1
|
|t:|1757957302
|switch|p1a: Pecharunt|Pecharunt|100/100
|move|p2a: Landorus|U-turn|p1a: Pecharunt
|-resisted|p1a: Pecharunt
|-damage|p1a: Pecharunt|98/100
|-damage|p2a: Landorus|84/100|[from] item: Rocky Helmet|[of] p1a: Pecharunt
|
|t:|1757957314
|switch|p2a: Samurott|Samurott-Hisui, M, shiny|100/100|[from] U-turn
|
|upkeep
|turn|2
|c|☆Stingrei|why that look like regular samurott lmao
|
|t:|1757957337
|move|p2a: Samurott|Ceaseless Edge|p1a: Pecharunt
|-supereffective|p1a: Pecharunt
|-damage|p1a: Pecharunt|53/100
|-damage|p2a: Samurott|84/100|[from] item: Rocky Helmet|[of] p1a: Pecharunt
|-sidestart|p1: Stingrei|Spikes
|move|p1a: Pecharunt|Parting Shot|p2a: Samurott
|-unboost|p2a: Samurott|atk|1
|-unboost|p2a: Samurott|spa|1
|
|t:|1757957351
|switch|p1a: Iron Crown|Iron Crown|100/100|[from] Parting Shot
|-damage|p1a: Iron Crown|88/100|[from] Spikes
|
|upkeep
|turn|3
|
|t:|1757957358
|move|p1a: Iron Crown|Volt Switch|p2a: Samurott
|-supereffective|p2a: Samurott
|-damage|p2a: Samurott|0 fnt
|faint|p2a: Samurott
|
|t:|1757957364
|-end|p1a: Iron Crown|Quark Drive|[silent]
|switch|p1a: Great Tusk|Great Tusk|100/100|[from] Volt Switch
|-damage|p1a: Great Tusk|88/100|[from] Spikes
|-enditem|p1a: Great Tusk|Booster Energy
|-activate|p1a: Great Tusk|ability: Protosynthesis|[fromitem]
|-start|p1a: Great Tusk|protosynthesisspe
|
|upkeep
|
|t:|1757957384
|switch|p2a: Skarmory|Skarmory, M, shiny|100/100
|turn|4
|
|t:|1757957391
|move|p1a: Great Tusk|Stealth Rock|p2a: Skarmory
|-sidestart|p2: Kidrock5921|move: Stealth Rock
|move|p2a: Skarmory|Brave Bird|p1a: Great Tusk
|-supereffective|p1a: Great Tusk
|-damage|p1a: Great Tusk|44/100
|-damage|p2a: Skarmory|82/100|[from] Recoil
|
|upkeep
|turn|5
|
|t:|1757957400
|move|p1a: Great Tusk|Rapid Spin|p2a: Skarmory
|-resisted|p2a: Skarmory
|-damage|p2a: Skarmory|77/100
|-boost|p1a: Great Tusk|spe|1
|-damage|p1a: Great Tusk|27/100|[from] item: Rocky Helmet|[of] p2a: Skarmory
|-sideend|p1: Stingrei|Spikes|[from] move: Rapid Spin|[of] p1a: Great Tusk
|move|p2a: Skarmory|Stealth Rock|p1a: Great Tusk
|-sidestart|p1: Stingrei|move: Stealth Rock
|
|upkeep
|turn|6
|
|t:|1757957416
|move|p1a: Great Tusk|Rapid Spin|p2a: Skarmory
|-resisted|p2a: Skarmory
|-damage|p2a: Skarmory|73/100
|-boost|p1a: Great Tusk|spe|1
|-damage|p1a: Great Tusk|11/100|[from] item: Rocky Helmet|[of] p2a: Skarmory
|-sideend|p1: Stingrei|Stealth Rock|[from] move: Rapid Spin|[of] p1a: Great Tusk
|move|p2a: Skarmory|Brave Bird|p1a: Great Tusk
|-supereffective|p1a: Great Tusk
|-damage|p1a: Great Tusk|0 fnt
|faint|p1a: Great Tusk
|-end|p1a: Great Tusk|Protosynthesis|[silent]
|-damage|p2a: Skarmory|68/100|[from] Recoil
|
|upkeep
|
|t:|1757957429
|switch|p1a: Iron Crown|Iron Crown|88/100
|turn|7
|
|t:|1757957440
|switch|p2a: Landorus|Landorus-Therian, M, shiny|84/100
|-damage|p2a: Landorus|72/100|[from] Stealth Rock
|-ability|p2a: Landorus|Intimidate|boost
|-unboost|p1a: Iron Crown|atk|1
|move|p1a: Iron Crown|Tachyon Cutter|p2a: Landorus
|-damage|p2a: Landorus|15/100
|-damage|p2a: Landorus|0 fnt
|faint|p2a: Landorus
|-hitcount|p2: Landorus|2
|
|upkeep
|inactive|Kidrock5921 has 120 seconds left.
|
|t:|1757957467
|switch|p2a: Skeledirge|Skeledirge, M, shiny|100/100
|turn|8
|
|t:|1757957496
|-end|p1a: Iron Crown|Quark Drive|[silent]
|switch|p1a: Samurott|Samurott-Hisui, F|100/100
|move|p2a: Skeledirge|Torch Song|p1a: Samurott
|-resisted|p1a: Samurott
|-damage|p1a: Samurott|87/100
|-boost|p2a: Skeledirge|spa|1
|
|upkeep
|turn|9
|inactive|Kidrock5921 has 120 seconds left.
|
|t:|1757957515
|-terastallize|p2a: Skeledirge|Ice
|move|p1a: Samurott|Flip Turn|p2a: Skeledirge
|-damage|p2a: Skeledirge|80/100
|
|t:|1757957522
|switch|p1a: Pecharunt|Pecharunt|53/100|[from] Flip Turn
|move|p2a: Skeledirge|Earth Power|p1a: Pecharunt
|-supereffective|p1a: Pecharunt
|-damage|p1a: Pecharunt|0 fnt
|faint|p1a: Pecharunt
|
|upkeep
|inactive|Stingrei has 120 seconds left.
|
|t:|1757957542
|switch|p1a: Iron Crown|Iron Crown|88/100
|turn|10
|inactive|Stingrei has 120 seconds left.
|
|t:|1757957555
|move|p1a: Iron Crown|Tachyon Cutter|p2a: Skeledirge
|-supereffective|p2a: Skeledirge
|-damage|p2a: Skeledirge|20/100
|-supereffective|p2a: Skeledirge
|-crit|p2a: Skeledirge
|-damage|p2a: Skeledirge|0 fnt
|faint|p2a: Skeledirge
|-hitcount|p2: Skeledirge|2
|
|upkeep
|
|t:|1757957564
|switch|p2a: Leviatan|Hydrapple, M, shiny|100/100
|turn|11
|inactive|Stingrei has 120 seconds left.
|
|t:|1757957589
|-terastallize|p1a: Iron Crown|Steel
|move|p1a: Iron Crown|Tachyon Cutter|p2a: Leviatan
|-damage|p2a: Leviatan|54/100
|-damage|p2a: Leviatan|4/100
|-hitcount|p2a: Leviatan|2
|move|p2a: Leviatan|Nasty Plot|p2a: Leviatan
|-boost|p2a: Leviatan|spa|2
|
|upkeep
|turn|12
|
|t:|1757957598
|move|p1a: Iron Crown|Tachyon Cutter|p2a: Leviatan
|-damage|p2a: Leviatan|0 fnt
|faint|p2a: Leviatan
|-hitcount|p2: Leviatan|1
|
|upkeep
|
|t:|1757957601
|switch|p2a: Fezandipiti|Fezandipiti, M|100/100
|turn|13
|inactive|Stingrei has 120 seconds left.
|
|t:|1757957609
|move|p1a: Iron Crown|Tachyon Cutter|p2a: Fezandipiti
|-supereffective|p2a: Fezandipiti
|-damage|p2a: Fezandipiti|47/100
|-supereffective|p2a: Fezandipiti
|-damage|p2a: Fezandipiti|0 fnt
|faint|p2a: Fezandipiti
|-hitcount|p2: Fezandipiti|2
|
|upkeep
|
|t:|1757957611
|switch|p2a: Skarmory|Skarmory, M, shiny|68/100
|-damage|p2a: Skarmory|56/100|[from] Stealth Rock
|turn|14
|
|t:|1757957618
|move|p1a: Iron Crown|Tachyon Cutter|p2a: Skarmory
|-resisted|p2a: Skarmory
|-damage|p2a: Skarmory|22/100
|-resisted|p2a: Skarmory
|-damage|p2a: Skarmory|0 fnt
|faint|p2a: Skarmory
|-hitcount|p2: Skarmory|2
|
|win|Stingrei
|raw|Stingrei's rating: 1214 &rarr; <strong>1240</strong><br />(+26 for winning)
|raw|Kidrock5921's rating: 1233 &rarr; <strong>1207</strong><br />(-26 for losing)
|c|☆Stingrei|ggs
