|j|☆moron tester
|j|☆YinYangM00n
|t:|1757906855
|gametype|singles
|player|p1|moron tester|101|1402
|player|p2|YinYangM00n|psychic-gen4|1456
|gen|9
|tier|[Gen 9] OU
|rated|
|rule|HP Percentage Mod: HP is shown in percentages
|rule|Endless Battle Clause: Forcing endless battles is banned
|rule|Species Clause: Limit one of each Pokémon
|rule|OHKO Clause: OHKO moves are banned
|rule|Evasion Items Clause: Evasion items are banned
|rule|Evasion Moves Clause: Evasion moves are banned
|rule|Evasion Abilities Clause: Evasion abilities are banned
|rule|Sleep Moves Clause: Sleep-inducing moves are banned
|clearpoke
|poke|p1|Quaquaval, F|
|poke|p1|Tornadus-Therian, M|
|poke|p1|Raging Bolt|
|poke|p1|Amoonguss, M|
|poke|p1|Iron Treads|
|poke|p1|Hatterene, F|
|poke|p2|Raging Bolt|
|poke|p2|Great Tusk|
|poke|p2|Iron Crown|
|poke|p2|Lokix, M|
|poke|p2|Alomomola, M|
|poke|p2|Corviknight, F|
|teampreview
|inactive|Battle timer is ON: inactive players will automatically lose when time's up. (requested by YinYangM00n)
|
|t:|1757906882
|teamsize|p1|6
|teamsize|p2|6
|start
|switch|p1a: Tornadus|Tornadus-Therian, M|100/100
|switch|p2a: Iron Crown|Iron Crown|100/100
|turn|1
|
|t:|1757906886
|switch|p1a: Iron Treads|Iron Treads|100/100
|move|p2a: Iron Crown|Volt Switch|p1a: Iron Treads
|-immune|p1a: Iron Treads
|
|upkeep
|turn|2
|
|t:|1757906892
|-end|p2a: Iron Crown|Quark Drive|[silent]
|switch|p2a: Corviknight|Corviknight, F, shiny|100/100
|move|p1a: Iron Treads|Stealth Rock|p2a: Corviknight
|-sidestart|p2: YinYangM00n|move: Stealth Rock
|
|upkeep
|turn|3
|
|t:|1757906896
|move|p1a: Iron Treads|Knock Off|p2a: Corviknight
|-damage|p2a: Corviknight|75/100
|-damage|p1a: Iron Treads|84/100|[from] item: Rocky Helmet|[of] p2a: Corviknight
|-enditem|p2a: Corviknight|Rocky Helmet|[from] move: Knock Off|[of] p1a: Iron Treads
|move|p2a: Corviknight|Defog|p1a: Iron Treads
|-unboost|p1a: Iron Treads|evasion|1
|-sideend|p2: YinYangM00n|Stealth Rock|[from] move: Defog|[of] p2a: Corviknight
|
|-heal|p1a: Iron Treads|90/100|[from] item: Leftovers
|upkeep
|turn|4
|
|t:|1757906900
|move|p1a: Iron Treads|Stealth Rock|p2a: Corviknight
|-sidestart|p2: YinYangM00n|move: Stealth Rock
|move|p2a: Corviknight|Roost|p2a: Corviknight
|-heal|p2a: Corviknight|100/100
|-singleturn|p2a: Corviknight|move: Roost
|
|-heal|p1a: Iron Treads|96/100|[from] item: Leftovers
|upkeep
|turn|5
|
|t:|1757906905
|-end|p1a: Iron Treads|Quark Drive|[silent]
|switch|p1a: Tornadus|Tornadus-Therian, M|100/100
|move|p2a: Corviknight|Defog|p1a: Tornadus
|-unboost|p1a: Tornadus|evasion|1
|-sideend|p2: YinYangM00n|Stealth Rock|[from] move: Defog|[of] p2a: Corviknight
|
|upkeep
|turn|6
|
|t:|1757906909
|move|p1a: Tornadus|Heat Wave|p2a: Corviknight
|-supereffective|p2a: Corviknight
|-damage|p2a: Corviknight|50/100
|-status|p2a: Corviknight|brn
|-damage|p1a: Tornadus|91/100|[from] item: Life Orb
|move|p2a: Corviknight|U-turn|p1a: Tornadus
|-resisted|p1a: Tornadus
|-damage|p1a: Tornadus|86/100
|
|t:|1757906922
|switch|p2a: Edgar|Lokix, M, shiny|100/100|[from] U-turn
|
|upkeep
|turn|7
|
|t:|1757906927
|switch|p1a: Amoonguss|Amoonguss, M|100/100
|-terastallize|p2a: Edgar|Bug
|move|p2a: Edgar|First Impression|p1a: Amoonguss
|-damage|p1a: Amoonguss|44/100
|
|upkeep
|turn|8
|
|t:|1757906936
|switch|p2a: Corviknight|Corviknight, F, shiny|50/100 brn
|move|p1a: Amoonguss|Synthesis|p1a: Amoonguss
|-heal|p1a: Amoonguss|94/100
|
|-damage|p2a: Corviknight|44/100 brn|[from] brn
|upkeep
|turn|9
|
|t:|1757906941
|switch|p1a: Tornadus|Tornadus-Therian, M|100/100
|move|p2a: Corviknight|Roost|p2a: Corviknight
|-heal|p2a: Corviknight|94/100 brn
|-singleturn|p2a: Corviknight|move: Roost
|
|-damage|p2a: Corviknight|88/100 brn|[from] brn
|upkeep
|turn|10
|
|t:|1757906947
|switch|p2a: Alomomola|Alomomola, M, shiny|100/100
|move|p1a: Tornadus|Heat Wave|p2a: Alomomola
|-resisted|p2a: Alomomola
|-damage|p2a: Alomomola|89/100
|-damage|p1a: Tornadus|91/100|[from] item: Life Orb
|
|upkeep
|turn|11
|
|t:|1757906951
|move|p1a: Tornadus|Bleakwind Storm|p2a: Alomomola
|-damage|p2a: Alomomola|53/100
|-damage|p1a: Tornadus|81/100|[from] item: Life Orb
|move|p2a: Alomomola|Body Slam|p1a: Tornadus
|-damage|p1a: Tornadus|61/100
|-status|p1a: Tornadus|par
|
|upkeep
|turn|12
|
|t:|1757906958
|cant|p1a: Tornadus|par
|move|p2a: Alomomola|Flip Turn|p1a: Tornadus
|-damage|p1a: Tornadus|38/100 par
|
|t:|1757906962
|switch|p2a: Edgar|Lokix, M, shiny, tera:Bug|100/100|[from] Flip Turn
|
|upkeep
|turn|13
|
|t:|1757906965
|move|p2a: Edgar|U-turn|p1a: Tornadus
|-resisted|p1a: Tornadus
|-damage|p1a: Tornadus|0 fnt
|faint|p1a: Tornadus
|
|t:|1757906970
|switch|p2a: Raging Bolt|Raging Bolt|100/100|[from] U-turn
|
|upkeep
|
|t:|1757906975
|switch|p1a: Amoonguss|Amoonguss, M|100/100
|turn|14
|
|t:|1757906979
|-end|p2a: Raging Bolt|Protosynthesis|[silent]
|switch|p2a: Corviknight|Corviknight, F, shiny|88/100 brn
|move|p1a: Amoonguss|Toxic||[still]
|-fail|p1a: Amoonguss
|
|-damage|p2a: Corviknight|82/100 brn|[from] brn
|upkeep
|turn|15
|
|t:|1757906986
|move|p2a: Corviknight|U-turn|p1a: Amoonguss
|-damage|p1a: Amoonguss|96/100
|
|t:|1757906988
|switch|p2a: Iron Crown|Iron Crown|100/100|[from] U-turn
|move|p1a: Amoonguss|Foul Play|p2a: Iron Crown
|-supereffective|p2a: Iron Crown
|-damage|p2a: Iron Crown|71/100
|
|upkeep
|turn|16
|
|t:|1757906998
|move|p2a: Iron Crown|Tachyon Cutter|p1a: Amoonguss
|-damage|p1a: Amoonguss|62/100
|-damage|p1a: Amoonguss|27/100
|-hitcount|p1a: Amoonguss|2
|move|p1a: Amoonguss|Foul Play|p2a: Iron Crown
|-supereffective|p2a: Iron Crown
|-damage|p2a: Iron Crown|40/100
|
|upkeep
|turn|17
|
|t:|1757907003
|switch|p1a: Iron Treads|Iron Treads|96/100
|move|p2a: Iron Crown|Tachyon Cutter|p1a: Iron Treads
|-resisted|p1a: Iron Treads
|-damage|p1a: Iron Treads|72/100
|-resisted|p1a: Iron Treads
|-damage|p1a: Iron Treads|47/100
|-hitcount|p1a: Iron Treads|2
|
|-heal|p1a: Iron Treads|53/100|[from] item: Leftovers
|upkeep
|turn|18
|
|t:|1757907006
|-end|p2a: Iron Crown|Quark Drive|[silent]
|switch|p2a: Corviknight|Corviknight, F, shiny|82/100 brn
|move|p1a: Iron Treads|Knock Off|p2a: Corviknight
|-damage|p2a: Corviknight|64/100 brn
|
|-heal|p1a: Iron Treads|59/100|[from] item: Leftovers
|-damage|p2a: Corviknight|58/100 brn|[from] brn
|upkeep
|turn|19
|
|t:|1757907011
|move|p1a: Iron Treads|Stealth Rock|p2a: Corviknight
|-sidestart|p2: YinYangM00n|move: Stealth Rock
|move|p2a: Corviknight|U-turn|p1a: Iron Treads
|-resisted|p1a: Iron Treads
|-damage|p1a: Iron Treads|57/100
|
|t:|1757907014
|switch|p2a: Great Tusk|Great Tusk, shiny|100/100|[from] U-turn
|-damage|p2a: Great Tusk|98/100|[from] Stealth Rock
|
|-heal|p1a: Iron Treads|63/100|[from] item: Leftovers
|upkeep
|turn|20
|
|t:|1757907019
|-end|p1a: Iron Treads|Quark Drive|[silent]
|switch|p1a: Hatterene|Hatterene, F|100/100
|move|p2a: Great Tusk|Rapid Spin|p1a: Hatterene
|-damage|p1a: Hatterene|84/100
|-boost|p2a: Great Tusk|spe|1
|-sideend|p2: YinYangM00n|Stealth Rock|[from] move: Rapid Spin|[of] p2a: Great Tusk
|
|upkeep
|turn|21
|
|t:|1757907025
|-end|p2a: Great Tusk|Protosynthesis|[silent]
|switch|p2a: Iron Crown|Iron Crown|40/100
|move|p1a: Hatterene|Draining Kiss|p2a: Iron Crown
|-resisted|p2a: Iron Crown
|-damage|p2a: Iron Crown|27/100
|-heal|p1a: Hatterene|95/100|[from] drain|[of] p2a: Iron Crown
|
|upkeep
|turn|22
|
|t:|1757907028
|switch|p1a: Amoonguss|Amoonguss, M|61/100
|move|p2a: Iron Crown|Tachyon Cutter|p1a: Amoonguss
|-damage|p1a: Amoonguss|23/100
|-damage|p1a: Amoonguss|0 fnt
|faint|p1a: Amoonguss
|-hitcount|p1: Amoonguss|2
|
|upkeep
|
|t:|1757907034
|switch|p1a: Quaquaval|Quaquaval, F|100/100
|turn|23
|
|t:|1757907040
|-end|p2a: Iron Crown|Quark Drive|[silent]
|switch|p2a: Raging Bolt|Raging Bolt|100/100
|move|p1a: Quaquaval|Close Combat|p2a: Raging Bolt
|-damage|p2a: Raging Bolt|34/100
|-unboost|p1a: Quaquaval|def|1
|-unboost|p1a: Quaquaval|spd|1
|
|-heal|p2a: Raging Bolt|41/100|[from] item: Leftovers
|upkeep
|turn|24
|
|t:|1757907044
|switch|p1a: Iron Treads|Iron Treads|63/100
|move|p2a: Raging Bolt|Thunderclap||[still]
|-fail|p2a: Raging Bolt
|
|-heal|p1a: Iron Treads|69/100|[from] item: Leftovers
|-heal|p2a: Raging Bolt|47/100|[from] item: Leftovers
|upkeep
|turn|25
|
|t:|1757907052
|-end|p1a: Iron Treads|Quark Drive|[silent]
|switch|p1a: Raging Bolt|Raging Bolt|100/100
|-enditem|p1a: Raging Bolt|Booster Energy
|-activate|p1a: Raging Bolt|ability: Protosynthesis|[fromitem]
|-start|p1a: Raging Bolt|protosynthesisspa
|-end|p2a: Raging Bolt|Protosynthesis|[silent]
|switch|p2a: Corviknight|Corviknight, F, shiny|58/100 brn
|
|-damage|p2a: Corviknight|52/100 brn|[from] brn
|upkeep
|turn|26
|
|t:|1757907062
|move|p1a: Raging Bolt|Thunderbolt|p2a: Corviknight
|-supereffective|p2a: Corviknight
|-damage|p2a: Corviknight|0 fnt
|faint|p2a: Corviknight
|
|upkeep
|
|t:|1757907066
|switch|p2a: Alomomola|Alomomola, M, shiny|86/100
|turn|27
|
|t:|1757907069
|move|p1a: Raging Bolt|Thunderbolt|p2a: Alomomola
|-supereffective|p2a: Alomomola
|-damage|p2a: Alomomola|9/100
|move|p2a: Alomomola|Mirror Coat|p1a: Raging Bolt
|-damage|p1a: Raging Bolt|0 fnt
|faint|p1a: Raging Bolt
|-end|p1a: Raging Bolt|Protosynthesis|[silent]
|
|upkeep
|
|t:|1757907075
|switch|p1a: Quaquaval|Quaquaval, F|100/100
|turn|28
|
|t:|1757907080
|switch|p2a: Raging Bolt|Raging Bolt|47/100
|move|p1a: Quaquaval|Aqua Step|p2a: Raging Bolt
|-resisted|p2a: Raging Bolt
|-damage|p2a: Raging Bolt|21/100
|-boost|p1a: Quaquaval|spe|1
|
|-heal|p2a: Raging Bolt|27/100|[from] item: Leftovers
|upkeep
|turn|29
|
|t:|1757907089
|switch|p1a: Iron Treads|Iron Treads|69/100
|move|p2a: Raging Bolt|Draco Meteor|p1a: Iron Treads
|-resisted|p1a: Iron Treads
|-damage|p1a: Iron Treads|11/100
|-unboost|p2a: Raging Bolt|spa|2
|
|-heal|p1a: Iron Treads|17/100|[from] item: Leftovers
|-heal|p2a: Raging Bolt|33/100|[from] item: Leftovers
|upkeep
|turn|30
|
|t:|1757907095
|-end|p2a: Raging Bolt|Protosynthesis|[silent]
|switch|p2a: Great Tusk|Great Tusk, shiny|98/100
|move|p1a: Iron Treads|Stealth Rock|p2a: Great Tusk
|-sidestart|p2: YinYangM00n|move: Stealth Rock
|
|-heal|p1a: Iron Treads|24/100|[from] item: Leftovers
|upkeep
|turn|31
|
|t:|1757907099
|-end|p1a: Iron Treads|Quark Drive|[silent]
|switch|p1a: Hatterene|Hatterene, F|95/100
|move|p2a: Great Tusk|Rapid Spin|p1a: Hatterene
|-damage|p1a: Hatterene|79/100
|-boost|p2a: Great Tusk|spe|1
|-sideend|p2: YinYangM00n|Stealth Rock|[from] move: Rapid Spin|[of] p2a: Great Tusk
|
|upkeep
|turn|32
|
|t:|1757907104
|move|p2a: Great Tusk|Headlong Rush|p1a: Hatterene
|-damage|p1a: Hatterene|23/100
|-unboost|p2a: Great Tusk|def|1
|-unboost|p2a: Great Tusk|spd|1
|move|p1a: Hatterene|Nuzzle|p2a: Great Tusk
|-immune|p2a: Great Tusk
|
|upkeep
|turn|33
|
|t:|1757907110
|move|p2a: Great Tusk|Headlong Rush|p1a: Hatterene
|-damage|p1a: Hatterene|0 fnt
|-unboost|p2a: Great Tusk|def|1
|-unboost|p2a: Great Tusk|spd|1
|faint|p1a: Hatterene
|
|upkeep
|
|t:|1757907112
|switch|p1a: Quaquaval|Quaquaval, F|100/100
|turn|34
|
|t:|1757907122
|-terastallize|p1a: Quaquaval|Water
|move|p2a: Great Tusk|Headlong Rush|p1a: Quaquaval
|-damage|p1a: Quaquaval|31/100
|-unboost|p2a: Great Tusk|def|1
|-unboost|p2a: Great Tusk|spd|1
|move|p1a: Quaquaval|Aqua Step|p2a: Great Tusk
|-supereffective|p2a: Great Tusk
|-damage|p2a: Great Tusk|0 fnt
|-boost|p1a: Quaquaval|spe|1
|-damage|p1a: Quaquaval|14/100|[from] item: Rocky Helmet|[of] p2a: Great Tusk
|faint|p2a: Great Tusk
|-end|p2a: Great Tusk|Protosynthesis|[silent]
|-ability|p1a: Quaquaval|Moxie|boost
|-boost|p1a: Quaquaval|atk|1
|
|upkeep
|
|t:|1757907129
|switch|p2a: Edgar|Lokix, M, shiny, tera:Bug|100/100
|turn|35
|
|t:|1757907131
|switch|p1a: Iron Treads|Iron Treads|24/100
|move|p2a: Edgar|First Impression|p1a: Iron Treads
|-resisted|p1a: Iron Treads
|-damage|p1a: Iron Treads|0 fnt
|faint|p1a: Iron Treads
|-end|p1a: Iron Treads|Quark Drive|[silent]
|
|upkeep
|
|t:|1757907132
|switch|p1a: Quaquaval|Quaquaval, F, tera:Water|14/100
|turn|36
|
|t:|1757907136
|switch|p2a: Iron Crown|Iron Crown|27/100
|move|p1a: Quaquaval|Aqua Step|p2a: Iron Crown
|-damage|p2a: Iron Crown|0 fnt
|-boost|p1a: Quaquaval|spe|1
|faint|p2a: Iron Crown
|-end|p2a: Iron Crown|Quark Drive|[silent]
|-ability|p1a: Quaquaval|Moxie|boost
|-boost|p1a: Quaquaval|atk|1
|
|upkeep
|
|t:|1757907137
|switch|p2a: Edgar|Lokix, M, shiny, tera:Bug|100/100
|turn|37
|
|t:|1757907139
|move|p2a: Edgar|First Impression|p1a: Quaquaval
|-damage|p1a: Quaquaval|0 fnt
|faint|p1a: Quaquaval
|
|win|YinYangM00n
|raw|moron tester's rating: 1402 &rarr; <strong>1385</strong><br />(-17 for losing)
|raw|YinYangM00n's rating: 1456 &rarr; <strong>1473</strong><br />(+17 for winning)
|l|☆moron tester
|player|p1|
|l|☆YinYangM00n
|player|p2|
