|j|☆KingKaido107
|j|‽tasty sardine 408
|t:|1757906472
|gametype|singles
|player|p1|KingKaido107|dragontamer-gen6|1662
|player|p2|tasty sardine 408|harlequin|1620
|gen|9
|tier|[Gen 9] OU
|rated|
|rule|HP Percentage Mod: HP is shown in percentages
|rule|Endless Battle Clause: Forcing endless battles is banned
|rule|Species Clause: Limit one of each Pokémon
|rule|OHKO Clause: OHKO moves are banned
|rule|Evasion Items Clause: Evasion items are banned
|rule|Evasion Moves Clause: Evasion moves are banned
|rule|Evasion Abilities Clause: Evasion abilities are banned
|rule|Sleep Moves Clause: Sleep-inducing moves are banned
|clearpoke
|poke|p1|Slowking-Galar, F|
|poke|p1|Kyurem|
|poke|p1|Cinderace, M|
|poke|p1|Tornadus-Therian, M|
|poke|p1|Hydrapple, M|
|poke|p1|Kingambit, F|
|poke|p2|Umbreon, M|
|poke|p2|Serperior, M|
|poke|p2|Cresselia, F|
|poke|p2|Revavroom, M|
|poke|p2|Skeledirge, F|
|poke|p2|Manaphy|
|teampreview
|inactive|Battle timer is ON: inactive players will automatically lose when time's up. (requested by KingKaido107)
|inactive|KingKaido107 has 120 seconds left.
|inactive|KingKaido107 has 90 seconds left.
|inactive|KingKaido107 has 60 seconds left.
|inactive|KingKaido107 has 30 seconds left.
|inactive|KingKaido107 has 20 seconds left.
|inactive|KingKaido107 has 15 seconds left.
|
|t:|1757906610
|teamsize|p1|6
|teamsize|p2|6
|start
|switch|p1a: Thieving Drunk|Tornadus-Therian, M|100/100
|switch|p2a: Umbreon|Umbreon, M, shiny|100/100
|turn|1
|
|t:|1757906613
|move|p1a: Thieving Drunk|Taunt|p2a: Umbreon
|-start|p2a: Umbreon|move: Taunt
|cant|p2a: Umbreon|move: Taunt|Toxic
|
|upkeep
|turn|2
|
|t:|1757906616
|move|p1a: Thieving Drunk|Knock Off|p2a: Umbreon
|-resisted|p2a: Umbreon
|-damage|p2a: Umbreon|93/100
|-enditem|p2a: Umbreon|Leftovers|[from] move: Knock Off|[of] p1a: Thieving Drunk
|move|p2a: Umbreon|Foul Play|p1a: Thieving Drunk
|-damage|p1a: Thieving Drunk|64/100
|
|upkeep
|turn|3
|
|t:|1757906620
|move|p1a: Thieving Drunk|U-turn|p2a: Umbreon
|-supereffective|p2a: Umbreon
|-damage|p2a: Umbreon|74/100
|
|t:|1757906622
|switch|p1a: Laughing Drunk|Hydrapple, M|100/100|[from] U-turn
|move|p2a: Umbreon|Foul Play|p1a: Laughing Drunk
|-damage|p1a: Laughing Drunk|88/100
|-damage|p2a: Umbreon|57/100|[from] item: Rocky Helmet|[of] p1a: Laughing Drunk
|
|-end|p2a: Umbreon|move: Taunt
|upkeep
|turn|4
|inactive|tasty sardine 408 has 120 seconds left.
|inactive|tasty sardine 408 has 90 seconds left.
|
|t:|1757906696
|switch|p1a: Depressed Drunk|Slowking-Galar, F|100/100
|move|p2a: Umbreon|Toxic|p1a: Depressed Drunk
|-immune|p1a: Depressed Drunk
|
|upkeep
|turn|5
|
|t:|1757906700
|move|p2a: Umbreon|Foul Play|p1a: Depressed Drunk
|-supereffective|p1a: Depressed Drunk
|-enditem|p1a: Depressed Drunk|Colbur Berry|[eat]
|-enditem|p1a: Depressed Drunk|Colbur Berry|[weaken]
|-damage|p1a: Depressed Drunk|85/100
|move|p1a: Depressed Drunk|Sludge Bomb|p2a: Umbreon
|-damage|p2a: Umbreon|37/100
|
|upkeep
|turn|6
|
|t:|1757906707
|move|p2a: Umbreon|Foul Play|p1a: Depressed Drunk
|-supereffective|p1a: Depressed Drunk
|-damage|p1a: Depressed Drunk|56/100
|move|p1a: Depressed Drunk|Sludge Bomb|p2a: Umbreon
|-damage|p2a: Umbreon|18/100
|
|upkeep
|turn|7
|
|t:|1757906710
|move|p2a: Umbreon|Foul Play|p1a: Depressed Drunk
|-supereffective|p1a: Depressed Drunk
|-damage|p1a: Depressed Drunk|25/100
|move|p1a: Depressed Drunk|Sludge Bomb|p2a: Umbreon
|-damage|p2a: Umbreon|0 fnt
|faint|p2a: Umbreon
|
|upkeep
|
|t:|1757906713
|switch|p2a: Manaphy|Manaphy, shiny|100/100
|turn|8
|
|t:|1757906718
|move|p2a: Manaphy|Acid Armor|p2a: Manaphy
|-boost|p2a: Manaphy|def|2
|-prepare|p1a: Depressed Drunk|Chilly Reception|[premajor]
|move|p1a: Depressed Drunk|Chilly Reception|p1a: Depressed Drunk
|-weather|Snowscape
|
|t:|1757906719
|switch|p1a: Ragnaraku|Kyurem|100/100|[from] Chilly Reception
|-ability|p1a: Ragnaraku|Pressure
|
|-weather|Snowscape|[upkeep]
|upkeep
|turn|9
|
|t:|1757906722
|move|p2a: Manaphy|Take Heart|p2a: Manaphy
|-boost|p2a: Manaphy|spa|1
|-boost|p2a: Manaphy|spd|1
|move|p1a: Ragnaraku|Freeze-Dry|p2a: Manaphy
|-supereffective|p2a: Manaphy
|-damage|p2a: Manaphy|37/100
|
|-weather|Snowscape|[upkeep]
|-heal|p2a: Manaphy|43/100|[from] item: Leftovers
|upkeep
|turn|10
|
|t:|1757906725
|move|p2a: Manaphy|Stored Power|p1a: Ragnaraku
|-damage|p1a: Ragnaraku|69/100
|move|p1a: Ragnaraku|Freeze-Dry|p2a: Manaphy
|-supereffective|p2a: Manaphy
|-damage|p2a: Manaphy|0 fnt
|faint|p2a: Manaphy
|
|-weather|Snowscape|[upkeep]
|upkeep
|
|t:|1757906729
|switch|p2a: Revavroom|Revavroom, M, shiny|100/100
|-item|p2a: Revavroom|Air Balloon
|turn|11
|
|t:|1757906733
|move|p1a: Ragnaraku|Freeze-Dry|p2a: Revavroom
|-resisted|p2a: Revavroom
|-damage|p2a: Revavroom|65/100
|-enditem|p2a: Revavroom|Air Balloon
|move|p2a: Revavroom|Shift Gear|p2a: Revavroom
|-boost|p2a: Revavroom|spe|2
|-boost|p2a: Revavroom|atk|1
|
|-weather|Snowscape|[upkeep]
|upkeep
|turn|12
|
|t:|1757906737
|switch|p1a: Laughing Drunk|Hydrapple, M|100/100
|move|p2a: Revavroom|Iron Head|p1a: Laughing Drunk
|-damage|p1a: Laughing Drunk|63/100
|-damage|p2a: Revavroom|49/100|[from] item: Rocky Helmet|[of] p1a: Laughing Drunk
|
|-weather|none
|upkeep
|turn|13
|
|t:|1757906746
|switch|p1a: Depressed Drunk|Slowking-Galar, F|59/100
|move|p2a: Revavroom|Gunk Shot|p1a: Depressed Drunk
|-resisted|p1a: Depressed Drunk
|-damage|p1a: Depressed Drunk|21/100
|
|upkeep
|turn|14
|
|t:|1757906751
|move|p2a: Revavroom|Shift Gear|p2a: Revavroom
|-boost|p2a: Revavroom|spe|2
|-boost|p2a: Revavroom|atk|1
|move|p1a: Depressed Drunk|Sludge Bomb|p2a: Revavroom
|-immune|p2a: Revavroom
|
|upkeep
|turn|15
|
|t:|1757906753
|move|p2a: Revavroom|Iron Head|p1a: Depressed Drunk
|-damage|p1a: Depressed Drunk|0 fnt
|faint|p1a: Depressed Drunk
|
|upkeep
|
|t:|1757906755
|switch|p1a: Raging Drunk|Kingambit, F|100/100
|-activate|p1a: Raging Drunk|ability: Supreme Overlord
|-start|p1a: Raging Drunk|fallen1|[silent]
|turn|16
|
|t:|1757906760
|move|p1a: Raging Drunk|Sucker Punch|p2a: Revavroom
|-damage|p2a: Revavroom|0 fnt
|faint|p2a: Revavroom
|
|upkeep
|
|t:|1757906763
|switch|p2a: Skeledirge|Skeledirge, F, shiny|100/100
|turn|17
|
|t:|1757906765
|-end|p1a: Raging Drunk|fallen1|[silent]
|switch|p1a: Ragnaraku|Kyurem|69/100
|-ability|p1a: Ragnaraku|Pressure
|move|p2a: Skeledirge|Torch Song|p1a: Ragnaraku
|-damage|p1a: Ragnaraku|41/100
|-boost|p2a: Skeledirge|spa|1
|
|upkeep
|turn|18
|
|t:|1757906768
|move|p1a: Ragnaraku|Draco Meteor|p2a: Skeledirge
|-damage|p2a: Skeledirge|18/100
|-unboost|p1a: Ragnaraku|spa|2
|move|p2a: Skeledirge|Torch Song|p1a: Ragnaraku
|-damage|p1a: Ragnaraku|0 fnt
|-boost|p2a: Skeledirge|spa|1
|faint|p1a: Ragnaraku
|
|upkeep
|
|t:|1757906771
|switch|p1a: Thieving Drunk|Tornadus-Therian, M|97/100
|turn|19
|
|t:|1757906774
|move|p1a: Thieving Drunk|Bleakwind Storm|p2a: Skeledirge
|-damage|p2a: Skeledirge|0 fnt
|faint|p2a: Skeledirge
|
|upkeep
|
|t:|1757906776
|switch|p2a: Cresselia|Cresselia, F, shiny|100/100
|turn|20
|
|t:|1757906777
|move|p1a: Thieving Drunk|Taunt|p2a: Cresselia
|-start|p2a: Cresselia|move: Taunt
|cant|p2a: Cresselia|move: Taunt|Calm Mind
|
|upkeep
|turn|21
|
|t:|1757906779
|move|p1a: Thieving Drunk|Knock Off|p2a: Cresselia
|-supereffective|p2a: Cresselia
|-damage|p2a: Cresselia|78/100
|-enditem|p2a: Cresselia|Leftovers|[from] move: Knock Off|[of] p1a: Thieving Drunk
|move|p2a: Cresselia|Moonblast|p1a: Thieving Drunk
|-damage|p1a: Thieving Drunk|80/100
|-unboost|p1a: Thieving Drunk|spa|1
|
|upkeep
|turn|22
|
|t:|1757906782
|move|p1a: Thieving Drunk|Bleakwind Storm|p2a: Cresselia
|-damage|p2a: Cresselia|62/100
|move|p2a: Cresselia|Moonblast|p1a: Thieving Drunk
|-damage|p1a: Thieving Drunk|61/100
|
|-end|p2a: Cresselia|move: Taunt
|upkeep
|turn|23
|
|t:|1757906784
|move|p1a: Thieving Drunk|Taunt|p2a: Cresselia
|-start|p2a: Cresselia|move: Taunt
|move|p2a: Cresselia|Moonblast|p1a: Thieving Drunk
|-damage|p1a: Thieving Drunk|41/100
|
|upkeep
|turn|24
|
|t:|1757906787
|move|p1a: Thieving Drunk|U-turn|p2a: Cresselia
|-supereffective|p2a: Cresselia
|-damage|p2a: Cresselia|45/100
|
|t:|1757906788
|switch|p1a: Boro Breath|Cinderace, M|100/100|[from] U-turn
|move|p2a: Cresselia|Moonblast|p1a: Boro Breath
|-resisted|p1a: Boro Breath
|-damage|p1a: Boro Breath|87/100
|-unboost|p1a: Boro Breath|spa|1
|
|upkeep
|turn|25
|
|t:|1757906791
|move|p1a: Boro Breath|U-turn|p2a: Cresselia
|-start|p1a: Boro Breath|typechange|Bug|[from] ability: Libero
|-supereffective|p2a: Cresselia
|-damage|p2a: Cresselia|10/100
|
|t:|1757906792
|switch|p1a: Thieving Drunk|Tornadus-Therian, M|75/100|[from] U-turn
|move|p2a: Cresselia|Moonblast|p1a: Thieving Drunk
|-damage|p1a: Thieving Drunk|56/100
|-unboost|p1a: Thieving Drunk|spa|1
|
|-end|p2a: Cresselia|move: Taunt
|upkeep
|turn|26
|
|t:|1757906795
|move|p1a: Thieving Drunk|U-turn|p2a: Cresselia
|-supereffective|p2a: Cresselia
|-damage|p2a: Cresselia|0 fnt
|faint|p2a: Cresselia
|
|t:|1757906797
|switch|p1a: Boro Breath|Cinderace, M|87/100|[from] U-turn
|
|upkeep
|
|t:|1757906798
|switch|p2a: Serperior|Serperior, M, shiny|100/100
|turn|27
|
|t:|1757906800
|-terastallize|p2a: Serperior|Electric
|move|p1a: Boro Breath|Pyro Ball|p2a: Serperior
|-damage|p2a: Serperior|38/100
|move|p2a: Serperior|Glare|p1a: Boro Breath
|-status|p1a: Boro Breath|par
|
|-heal|p2a: Serperior|44/100|[from] item: Leftovers
|upkeep
|turn|28
|
|t:|1757906803
|move|p2a: Serperior|Synthesis|p2a: Serperior
|-heal|p2a: Serperior|94/100
|move|p1a: Boro Breath|Pyro Ball|p2a: Serperior
|-damage|p2a: Serperior|32/100
|
|-heal|p2a: Serperior|38/100|[from] item: Leftovers
|upkeep
|turn|29
|
|t:|1757906805
|move|p2a: Serperior|Synthesis|p2a: Serperior
|-heal|p2a: Serperior|88/100
|move|p1a: Boro Breath|U-turn|p2a: Serperior
|-start|p1a: Boro Breath|typechange|Bug|[from] ability: Libero
|-damage|p2a: Serperior|55/100
|
|t:|1757906809
|switch|p1a: Laughing Drunk|Hydrapple, M|96/100|[from] U-turn
|
|-heal|p2a: Serperior|61/100|[from] item: Leftovers
|upkeep
|turn|30
|
|t:|1757906812
|move|p2a: Serperior|Glare|p1a: Laughing Drunk
|-status|p1a: Laughing Drunk|par
|move|p1a: Laughing Drunk|Earth Power|p2a: Serperior
|-supereffective|p2a: Serperior
|-damage|p2a: Serperior|15/100
|-boost|p2a: Serperior|spd|1
|
|-heal|p2a: Serperior|21/100|[from] item: Leftovers
|upkeep
|turn|31
|
|t:|1757906814
|move|p2a: Serperior|Synthesis|p2a: Serperior
|-heal|p2a: Serperior|71/100
|move|p1a: Laughing Drunk|Earth Power|p2a: Serperior
|-supereffective|p2a: Serperior
|-damage|p2a: Serperior|40/100
|
|-heal|p2a: Serperior|46/100|[from] item: Leftovers
|upkeep
|turn|32
|
|t:|1757906817
|switch|p1a: Thieving Drunk|Tornadus-Therian, M|89/100
|move|p2a: Serperior|Synthesis|p2a: Serperior
|-heal|p2a: Serperior|96/100
|
|-heal|p2a: Serperior|100/100|[from] item: Leftovers
|upkeep
|turn|33
|
|t:|1757906820
|move|p1a: Thieving Drunk|Taunt|p2a: Serperior
|-start|p2a: Serperior|move: Taunt
|move|p2a: Serperior|Tera Blast|p1a: Thieving Drunk|[anim] Tera Blast Electric
|-supereffective|p1a: Thieving Drunk
|-damage|p1a: Thieving Drunk|38/100
|
|upkeep
|turn|34
|
|t:|1757906822
|move|p1a: Thieving Drunk|Knock Off|p2a: Serperior
|-damage|p2a: Serperior|81/100
|-enditem|p2a: Serperior|Leftovers|[from] move: Knock Off|[of] p1a: Thieving Drunk
|move|p2a: Serperior|Leaf Storm|p1a: Thieving Drunk
|-resisted|p1a: Thieving Drunk
|-damage|p1a: Thieving Drunk|19/100
|-boost|p2a: Serperior|spa|2
|
|upkeep
|turn|35
|
|t:|1757906825
|move|p1a: Thieving Drunk|U-turn|p2a: Serperior
|-damage|p2a: Serperior|67/100
|
|t:|1757906828
|switch|p1a: Laughing Drunk|Hydrapple, M|100/100 par|[from] U-turn
|move|p2a: Serperior|Leaf Storm|p1a: Laughing Drunk
|-resisted|p1a: Laughing Drunk
|-damage|p1a: Laughing Drunk|84/100 par
|-boost|p2a: Serperior|spa|2
|
|-end|p2a: Serperior|move: Taunt
|upkeep
|turn|36
|
|t:|1757906834
|move|p2a: Serperior|Leaf Storm|p1a: Laughing Drunk
|-resisted|p1a: Laughing Drunk
|-damage|p1a: Laughing Drunk|56/100 par
|-boost|p2a: Serperior|spa|2
|move|p1a: Laughing Drunk|Earth Power|p2a: Serperior
|-supereffective|p2a: Serperior
|-damage|p2a: Serperior|37/100
|
|upkeep
|turn|37
|
|t:|1757906838
|switch|p1a: Thieving Drunk|Tornadus-Therian, M|53/100
|move|p2a: Serperior|Synthesis|p2a: Serperior
|-heal|p2a: Serperior|87/100
|
|upkeep
|turn|38
|
|t:|1757906842
|move|p1a: Thieving Drunk|Taunt|p2a: Serperior
|-start|p2a: Serperior|move: Taunt
|move|p2a: Serperior|Tera Blast|p1a: Thieving Drunk|[anim] Tera Blast Electric
|-supereffective|p1a: Thieving Drunk
|-damage|p1a: Thieving Drunk|0 fnt
|faint|p1a: Thieving Drunk
|
|upkeep
|
|t:|1757906844
|switch|p1a: Raging Drunk|Kingambit, F|100/100
|-activate|p1a: Raging Drunk|ability: Supreme Overlord
|-start|p1a: Raging Drunk|fallen3|[silent]
|turn|39
|
|t:|1757906846
|-terastallize|p1a: Raging Drunk|Dark
|move|p1a: Raging Drunk|Sucker Punch|p2a: Serperior
|-damage|p2a: Serperior|1/100
|move|p2a: Serperior|Tera Blast|p1a: Raging Drunk|[anim] Tera Blast Electric
|-damage|p1a: Raging Drunk|14/100
|
|upkeep
|turn|40
|
|t:|1757906851
|move|p1a: Raging Drunk|Sucker Punch|p2a: Serperior
|-damage|p2a: Serperior|0 fnt
|faint|p2a: Serperior
|
|win|KingKaido107
|raw|KingKaido107's rating: 1662 &rarr; <strong>1680</strong><br />(+18 for winning)
|raw|tasty sardine 408's rating: 1620 &rarr; <strong>1602</strong><br />(-18 for losing)
|l|☆KingKaido107
|player|p1|
|l|‽tasty sardine 408
|player|p2|
