|j|☆biglilcuh
|j|☆aladdin2000
|t:|1757910611
|gametype|singles
|player|p1|biglilcuh|101|1390
|player|p2|aladdin2000|170|1380
|gen|9
|tier|[Gen 9] OU
|rated|
|rule|HP Percentage Mod: HP is shown in percentages
|rule|Endless Battle Clause: Forcing endless battles is banned
|rule|Species Clause: Limit one of each Pokémon
|rule|OHKO Clause: OHKO moves are banned
|rule|Evasion Items Clause: Evasion items are banned
|rule|Evasion Moves Clause: Evasion moves are banned
|rule|Evasion Abilities Clause: Evasion abilities are banned
|rule|Sleep Moves Clause: Sleep-inducing moves are banned
|clearpoke
|poke|p1|Pecharunt|
|poke|p1|Zapdos|
|poke|p1|Cinderace, M|
|poke|p1|Latios, M|
|poke|p1|Crawdaunt, M|
|poke|p1|Iron Treads|
|poke|p2|Glimmora, F|
|poke|p2|Avalugg, M|
|poke|p2|Garchomp, M|
|poke|p2|Darkrai|
|poke|p2|Gardevoir, M|
|poke|p2|Cinderace, F|
|teampreview
|
|t:|1757910619
|teamsize|p1|6
|teamsize|p2|6
|start
|switch|p1a: Crawdaunt|Crawdaunt, M|100/100
|switch|p2a: Glimmora|Glimmora, F, shiny|100/100
|turn|1
|inactive|Battle timer is ON: inactive players will automatically lose when time's up. (requested by biglilcuh)
|
|t:|1757910625
|move|p1a: Crawdaunt|Aqua Jet|p2a: Glimmora
|-supereffective|p2a: Glimmora
|-damage|p2a: Glimmora|7/100
|move|p2a: Glimmora|Energy Ball|p1a: Crawdaunt
|-supereffective|p1a: Crawdaunt
|-damage|p1a: Crawdaunt|0 fnt
|faint|p1a: Crawdaunt
|
|upkeep
|
|t:|1757910637
|switch|p1a: Iron Treads|Iron Treads|100/100
|turn|2
|
|t:|1757910653
|switch|p2a: Avalugg|Avalugg, M|100/100
|move|p1a: Iron Treads|Volt Switch|p2a: Avalugg
|-damage|p2a: Avalugg|84/100
|
|t:|1757910663
|-end|p1a: Iron Treads|Quark Drive|[silent]
|switch|p1a: Pecharunt|Pecharunt|100/100|[from] Volt Switch
|
|-heal|p2a: Avalugg|90/100|[from] item: Leftovers
|upkeep
|turn|3
|
|t:|1757910669
|move|p1a: Pecharunt|Malignant Chain|p2a: Avalugg
|-damage|p2a: Avalugg|27/100
|-status|p2a: Avalugg|tox
|-start|p2a: Avalugg|confusion|[from] ability: Poison Puppeteer|[of] p1a: Pecharunt
|-activate|p2a: Avalugg|confusion
|-damage|p2a: Avalugg|21/100 tox|[from] confusion
|
|-heal|p2a: Avalugg|27/100 tox|[from] item: Leftovers
|-damage|p2a: Avalugg|21/100 tox|[from] psn
|upkeep
|turn|4
|
|t:|1757910680
|move|p1a: Pecharunt|Hex|p2a: Avalugg
|-damage|p2a: Avalugg|0 fnt
|faint|p2a: Avalugg
|
|upkeep
|
|t:|1757910690
|switch|p2a: Darkrai|Darkrai|100/100
|turn|5
|
|t:|1757910699
|-terastallize|p1a: Pecharunt|Dark
|move|p2a: Darkrai|Dark Pulse|p1a: Pecharunt
|-resisted|p1a: Pecharunt
|-damage|p1a: Pecharunt|79/100
|move|p1a: Pecharunt|Malignant Chain|p2a: Darkrai
|-damage|p2a: Darkrai|56/100
|
|upkeep
|turn|6
|
|t:|1757910711
|switch|p1a: Latios|Latios, M|100/100
|-terastallize|p2a: Darkrai|Poison
|move|p2a: Darkrai|Sludge Bomb|p1a: Latios
|-damage|p1a: Latios|48/100
|
|upkeep
|turn|7
|
|t:|1757910718
|move|p1a: Latios|Luster Purge|p2a: Darkrai
|-supereffective|p2a: Darkrai
|-damage|p2a: Darkrai|0 fnt
|faint|p2a: Darkrai
|
|upkeep
|
|t:|1757910725
|switch|p2a: Gardevoir|Gardevoir, M|100/100
|-ability|p2a: Gardevoir|Levitate|Trace|[from] ability: Trace|[of] p1a: Latios
|turn|8
|
|t:|1757910729
|switch|p1a: Iron Treads|Iron Treads|100/100
|move|p2a: Gardevoir|Shadow Ball|p1a: Iron Treads
|-damage|p1a: Iron Treads|82/100
|
|upkeep
|turn|9
|
|t:|1757910735
|switch|p2a: Cinderace|Cinderace, F|100/100
|move|p1a: Iron Treads|Knock Off|p2a: Cinderace
|-damage|p2a: Cinderace|60/100
|-enditem|p2a: Cinderace|Heavy-Duty Boots|[from] move: Knock Off|[of] p1a: Iron Treads
|
|upkeep
|turn|10
|
|t:|1757910741
|-end|p1a: Iron Treads|Quark Drive|[silent]
|switch|p1a: Pecharunt|Pecharunt, tera:Dark|79/100
|move|p2a: Cinderace|Pyro Ball|p1a: Pecharunt
|-damage|p1a: Pecharunt|48/100
|
|upkeep
|turn|11
|
|t:|1757910750
|move|p2a: Cinderace|U-turn|p1a: Pecharunt
|-start|p2a: Cinderace|typechange|Bug|[from] ability: Libero
|-supereffective|p1a: Pecharunt
|-damage|p1a: Pecharunt|14/100
|-damage|p2a: Cinderace|44/100|[from] item: Rocky Helmet|[of] p1a: Pecharunt
|
|t:|1757910755
|switch|p2a: Garchomp|Garchomp, M|100/100|[from] U-turn
|move|p1a: Pecharunt|Recover|p1a: Pecharunt
|-heal|p1a: Pecharunt|64/100
|
|upkeep
|turn|12
|
|t:|1757910761
|move|p2a: Garchomp|Scale Shot|p1a: Pecharunt
|-damage|p1a: Pecharunt|58/100
|-damage|p1a: Pecharunt|50/100
|-damage|p1a: Pecharunt|44/100
|-damage|p1a: Pecharunt|37/100
|-damage|p1a: Pecharunt|30/100
|-hitcount|p1a: Pecharunt|5
|-unboost|p2a: Garchomp|def|1
|-boost|p2a: Garchomp|spe|1
|move|p1a: Pecharunt|Foul Play|p2a: Garchomp
|-damage|p2a: Garchomp|29/100
|-damage|p1a: Pecharunt|17/100|[from] ability: Rough Skin|[of] p2a: Garchomp
|
|upkeep
|turn|13
|
|t:|1757910768
|move|p2a: Garchomp|Earthquake|p1a: Pecharunt
|-damage|p1a: Pecharunt|0 fnt
|faint|p1a: Pecharunt
|
|upkeep
|
|t:|1757910776
|switch|p1a: Latios|Latios, M|48/100
|turn|14
|
|t:|1757910778
|move|p1a: Latios|Luster Purge|p2a: Garchomp
|-damage|p2a: Garchomp|0 fnt
|faint|p2a: Garchomp
|
|upkeep
|
|t:|1757910782
|switch|p2a: Gardevoir|Gardevoir, M|100/100
|-ability|p2a: Gardevoir|Levitate|Trace|[from] ability: Trace|[of] p1a: Latios
|turn|15
|
|t:|1757910787
|switch|p1a: Iron Treads|Iron Treads|82/100
|switch|p2a: Cinderace|Cinderace, F|44/100
|
|upkeep
|turn|16
|
|t:|1757910794
|-end|p1a: Iron Treads|Quark Drive|[silent]
|switch|p1a: Cinderace|Cinderace, M|100/100
|move|p2a: Cinderace|Pyro Ball|p1a: Cinderace
|-resisted|p1a: Cinderace
|-damage|p1a: Cinderace|65/100
|
|upkeep
|turn|17
|
|t:|1757910799
|move|p1a: Cinderace|Pyro Ball|p2a: Cinderace
|-resisted|p2a: Cinderace
|-damage|p2a: Cinderace|13/100
|move|p2a: Cinderace|Pyro Ball|p1a: Cinderace
|-resisted|p1a: Cinderace
|-damage|p1a: Cinderace|28/100
|
|upkeep
|turn|18
|
|t:|1757910805
|move|p2a: Cinderace|Sucker Punch|p1a: Cinderace
|-start|p2a: Cinderace|typechange|Dark|[from] ability: Libero
|-damage|p1a: Cinderace|0 fnt
|faint|p1a: Cinderace
|
|upkeep
|
|t:|1757910814
|switch|p1a: Zapdos|Zapdos|100/100
|turn|19
|
|t:|1757910818
|move|p2a: Cinderace|Pyro Ball|p1a: Zapdos
|-damage|p1a: Zapdos|58/100
|move|p1a: Zapdos|Volt Switch|p2a: Cinderace
|-damage|p2a: Cinderace|0 fnt
|faint|p2a: Cinderace
|
|t:|1757910822
|switch|p1a: Iron Treads|Iron Treads|82/100|[from] Volt Switch
|
|upkeep
|
|t:|1757910828
|switch|p2a: Gardevoir|Gardevoir, M|100/100
|turn|20
|
|t:|1757910832
|move|p2a: Gardevoir|Mystical Fire|p1a: Iron Treads
|-supereffective|p1a: Iron Treads
|-damage|p1a: Iron Treads|43/100
|-unboost|p1a: Iron Treads|spa|1
|move|p1a: Iron Treads|Earthquake|p2a: Gardevoir
|-damage|p2a: Gardevoir|25/100
|
|upkeep
|turn|21
|
|t:|1757910841
|move|p2a: Gardevoir|Mystical Fire|p1a: Iron Treads
|-supereffective|p1a: Iron Treads
|-damage|p1a: Iron Treads|6/100
|-unboost|p1a: Iron Treads|spa|1
|move|p1a: Iron Treads|Earthquake|p2a: Gardevoir
|-damage|p2a: Gardevoir|0 fnt
|faint|p2a: Gardevoir
|
|upkeep
|
|t:|1757910846
|switch|p2a: Glimmora|Glimmora, F, shiny|7/100
|turn|22
|
|t:|1757910849
|move|p1a: Iron Treads|Earthquake|p2a: Glimmora
|-supereffective|p2a: Glimmora
|-damage|p2a: Glimmora|0 fnt
|faint|p2a: Glimmora
|
|win|biglilcuh
|raw|biglilcuh's rating: 1390 &rarr; <strong>1409</strong><br />(+19 for winning)
|raw|aladdin2000's rating: 1380 &rarr; <strong>1361</strong><br />(-19 for losing)
|c|☆biglilcuh|gg
|l|☆biglilcuh
|player|p1|
|c|☆aladdin2000|gg
|l|☆aladdin2000
|player|p2|
