|j|☆Oshima Games
|j|☆Karan8179
|t:|1757813885
|gametype|singles
|player|p1|Oshima Games|shadowtriad|1146
|player|p2|Karan8179|red|1158
|gen|9
|tier|[Gen 9] OU
|rated|
|rule|HP Percentage Mod: HP is shown in percentages
|rule|Endless Battle Clause: Forcing endless battles is banned
|rule|Species Clause: Limit one of each Pokémon
|rule|OHKO Clause: OHKO moves are banned
|rule|Evasion Items Clause: Evasion items are banned
|rule|Evasion Moves Clause: Evasion moves are banned
|rule|Evasion Abilities Clause: Evasion abilities are banned
|rule|Sleep Moves Clause: Sleep-inducing moves are banned
|clearpoke
|poke|p1|Tyranitar, F|
|poke|p1|Excadrill, F|
|poke|p1|Dragapult, M|
|poke|p1|Gholdengo|
|poke|p1|Weezing-Galar, F|
|poke|p1|Landorus-Therian, M|
|poke|p2|Blaziken, M|
|poke|p2|Clawitzer, M|
|poke|p2|Flygon, M|
|poke|p2|Rhyperior, M|
|poke|p2|Pikachu-Kalos, M|
|poke|p2|Noivern, M|
|teampreview
|inactive|Battle timer is ON: inactive players will automatically lose when time's up. (requested by Karan8179)
|
|t:|1757813894
|teamsize|p1|6
|teamsize|p2|6
|start
|switch|p1a: Tyranitar|Tyranitar, F|100/100
|switch|p2a: Clawitzer|Clawitzer, M|100/100
|-weather|Sandstorm|[from] ability: Sand Stream|[of] p1a: Tyranitar
|turn|1
|
|t:|1757813906
|switch|p1a: Dragapult|Dragapult, M, shiny|100/100
|move|p2a: Clawitzer|Aura Sphere|p1a: Dragapult
|-immune|p1a: Dragapult
|
|-weather|Sandstorm|[upkeep]
|-damage|p1a: Dragapult|95/100|[from] Sandstorm
|-damage|p2a: Clawitzer|94/100|[from] Sandstorm
|upkeep
|turn|2
|
|t:|1757813918
|move|p1a: Dragapult|Thunderbolt|p2a: Clawitzer
|-supereffective|p2a: Clawitzer
|-damage|p2a: Clawitzer|43/100
|-damage|p1a: Dragapult|85/100|[from] item: Life Orb
|move|p2a: Clawitzer|Dragon Pulse|p1a: Dragapult
|-supereffective|p1a: Dragapult
|-damage|p1a: Dragapult|0 fnt
|faint|p1a: Dragapult
|
|-weather|Sandstorm|[upkeep]
|-damage|p2a: Clawitzer|37/100|[from] Sandstorm
|upkeep
|
|t:|1757813932
|switch|p1a: Excadrill|Excadrill, F|100/100
|turn|3
|
|t:|1757813938
|move|p1a: Excadrill|Earthquake|p2a: Clawitzer
|-crit|p2a: Clawitzer
|-damage|p2a: Clawitzer|0 fnt
|faint|p2a: Clawitzer
|-damage|p1a: Excadrill|91/100|[from] item: Life Orb
|
|-weather|Sandstorm|[upkeep]
|upkeep
|
|t:|1757813948
|switch|p2a: Rhyperior|Rhyperior, M|100/100
|turn|4
|
|t:|1757813964
|switch|p1a: Landorus|Landorus-Therian, M|100/100
|-ability|p1a: Landorus|Intimidate|boost
|-unboost|p2a: Rhyperior|atk|1
|move|p2a: Rhyperior|Stealth Rock|p1a: Landorus
|-sidestart|p1: Oshima Games|move: Stealth Rock
|
|-weather|Sandstorm|[upkeep]
|upkeep
|turn|5
|
|t:|1757813979
|move|p1a: Landorus|Stealth Rock|p2a: Rhyperior
|-sidestart|p2: Karan8179|move: Stealth Rock
|move|p2a: Rhyperior|Rock Blast|p1a: Landorus
|-damage|p1a: Landorus|91/100
|-damage|p1a: Landorus|81/100
|-damage|p1a: Landorus|72/100
|-damage|p1a: Landorus|62/100
|-hitcount|p1a: Landorus|4
|
|-weather|none
|upkeep
|turn|6
|
|t:|1757813992
|move|p1a: Landorus|U-turn|p2a: Rhyperior
|-damage|p2a: Rhyperior|89/100
|
|t:|1757813995
|switch|p1a: Tyranitar|Tyranitar, F|100/100|[from] U-turn
|-damage|p1a: Tyranitar|88/100|[from] Stealth Rock
|-weather|Sandstorm|[from] ability: Sand Stream|[of] p1a: Tyranitar
|move|p2a: Rhyperior|Rock Blast|p1a: Tyranitar
|-damage|p1a: Tyranitar|82/100
|-crit|p1a: Tyranitar
|-damage|p1a: Tyranitar|69/100
|-hitcount|p1a: Tyranitar|2
|
|-weather|Sandstorm|[upkeep]
|-heal|p2a: Rhyperior|95/100|[from] item: Leftovers
|upkeep
|turn|7
|
|t:|1757814011
|move|p1a: Tyranitar|Ice Punch|p2a: Rhyperior
|-supereffective|p2a: Rhyperior
|-damage|p2a: Rhyperior|76/100
|move|p2a: Rhyperior|Earthquake|p1a: Tyranitar
|-supereffective|p1a: Tyranitar
|-damage|p1a: Tyranitar|22/100
|
|-weather|Sandstorm|[upkeep]
|-heal|p2a: Rhyperior|83/100|[from] item: Leftovers
|upkeep
|turn|8
|
|t:|1757814021
|move|p1a: Tyranitar|Earthquake|p2a: Rhyperior
|-supereffective|p2a: Rhyperior
|-damage|p2a: Rhyperior|59/100
|move|p2a: Rhyperior|Rock Blast|p1a: Tyranitar
|-damage|p1a: Tyranitar|16/100
|-crit|p1a: Tyranitar
|-damage|p1a: Tyranitar|4/100
|-hitcount|p1a: Tyranitar|2
|
|-weather|Sandstorm|[upkeep]
|-heal|p2a: Rhyperior|65/100|[from] item: Leftovers
|upkeep
|turn|9
|
|t:|1757814034
|move|p1a: Tyranitar|Earthquake|p2a: Rhyperior
|-supereffective|p2a: Rhyperior
|-damage|p2a: Rhyperior|41/100
|move|p2a: Rhyperior|Megahorn|p1a: Tyranitar
|-supereffective|p1a: Tyranitar
|-damage|p1a: Tyranitar|0 fnt
|faint|p1a: Tyranitar
|
|-weather|Sandstorm|[upkeep]
|-heal|p2a: Rhyperior|47/100|[from] item: Leftovers
|upkeep
|
|t:|1757814044
|switch|p1a: Excadrill|Excadrill, F|91/100
|-damage|p1a: Excadrill|87/100|[from] Stealth Rock
|turn|10
|
|t:|1757814055
|move|p1a: Excadrill|Earthquake|p2a: Rhyperior
|-supereffective|p2a: Rhyperior
|-damage|p2a: Rhyperior|0 fnt
|faint|p2a: Rhyperior
|-damage|p1a: Excadrill|78/100|[from] item: Life Orb
|
|-weather|none
|upkeep
|
|t:|1757814067
|switch|p2a: Flygon|Flygon, M|100/100
|-damage|p2a: Flygon|95/100|[from] Stealth Rock
|turn|11
|
|t:|1757814075
|switch|p1a: Landorus|Landorus-Therian, M|62/100
|-damage|p1a: Landorus|50/100|[from] Stealth Rock
|-ability|p1a: Landorus|Intimidate|boost
|-unboost|p2a: Flygon|atk|1
|move|p2a: Flygon|U-turn|p1a: Landorus
|-resisted|p1a: Landorus
|-damage|p1a: Landorus|42/100
|-damage|p2a: Flygon|78/100|[from] item: Rocky Helmet|[of] p1a: Landorus
|
|t:|1757814087
|switch|p2a: Noivern|Noivern, M|100/100|[from] U-turn
|-damage|p2a: Noivern|76/100|[from] Stealth Rock
|-item|p1a: Landorus|Rocky Helmet|[from] ability: Frisk|[of] p2a: Noivern
|
|upkeep
|turn|12
|
|t:|1757814098
|move|p2a: Noivern|Shadow Ball|p1a: Landorus
|-crit|p1a: Landorus
|-damage|p1a: Landorus|0 fnt
|faint|p1a: Landorus
|
|upkeep
|
|t:|1757814107
|switch|p1a: Weezing|Weezing-Galar, F|100/100
|-ability|p1a: Weezing|Neutralizing Gas
|-damage|p1a: Weezing|88/100|[from] Stealth Rock
|-item|p1a: Weezing|Air Balloon
|turn|13
|
|t:|1757814115
|move|p2a: Noivern|Shadow Ball|p1a: Weezing
|-damage|p1a: Weezing|67/100
|-unboost|p1a: Weezing|spd|1
|-enditem|p1a: Weezing|Air Balloon
|move|p1a: Weezing|Strange Steam|p2a: Noivern
|-supereffective|p2a: Noivern
|-damage|p2a: Noivern|0 fnt
|faint|p2a: Noivern
|
|upkeep
|
|t:|1757814130
|switch|p2a: Blaziken|Blaziken, M|100/100
|-damage|p2a: Blaziken|88/100|[from] Stealth Rock
|turn|14
|
|t:|1757814135
|move|p2a: Blaziken|Swords Dance|p2a: Blaziken
|-boost|p2a: Blaziken|atk|2
|move|p1a: Weezing|Taunt|p2a: Blaziken
|-start|p2a: Blaziken|move: Taunt
|
|upkeep
|turn|15
|
|t:|1757814149
|move|p2a: Blaziken|Blaze Kick|p1a: Weezing
|-damage|p1a: Weezing|0 fnt
|faint|p1a: Weezing
|-end|p1a: Weezing|ability: Neutralizing Gas
|
|-ability|p2a: Blaziken|Speed Boost|boost
|-boost|p2a: Blaziken|spe|1
|upkeep
|
|t:|1757814159
|switch|p1a: Gholdengo|Gholdengo|100/100
|-damage|p1a: Gholdengo|94/100|[from] Stealth Rock
|-item|p1a: Gholdengo|Air Balloon
|turn|16
|
|t:|1757814166
|-terastallize|p1a: Gholdengo|Water
|move|p2a: Blaziken|Blaze Kick|p1a: Gholdengo|[miss]
|-miss|p2a: Blaziken|p1a: Gholdengo
|move|p1a: Gholdengo|Tera Blast|p2a: Blaziken|[anim] Tera Blast Water
|-supereffective|p2a: Blaziken
|-damage|p2a: Blaziken|0 fnt
|faint|p2a: Blaziken
|
|upkeep
|
|t:|1757814178
|switch|p2a: Pikachu|Pikachu-Kalos, M|100/100
|-damage|p2a: Pikachu|88/100|[from] Stealth Rock
|turn|17
|
|t:|1757814186
|switch|p1a: Excadrill|Excadrill, F|78/100
|-damage|p1a: Excadrill|74/100|[from] Stealth Rock
|move|p2a: Pikachu|Knock Off|p1a: Excadrill
|-damage|p1a: Excadrill|18/100
|-enditem|p1a: Excadrill|Life Orb|[from] move: Knock Off|[of] p2a: Pikachu
|
|upkeep
|turn|18
|
|t:|1757814198
|move|p2a: Pikachu|Quick Attack|p1a: Excadrill
|-resisted|p1a: Excadrill
|-damage|p1a: Excadrill|6/100
|move|p1a: Excadrill|Rapid Spin|p2a: Pikachu
|-damage|p2a: Pikachu|29/100
|-boost|p1a: Excadrill|spe|1
|-status|p1a: Excadrill|par|[from] ability: Static|[of] p2a: Pikachu
|-sideend|p1: Oshima Games|Stealth Rock|[from] move: Rapid Spin|[of] p1a: Excadrill
|
|upkeep
|turn|19
|
|t:|1757814210
|move|p2a: Pikachu|Knock Off|p1a: Excadrill
|-damage|p1a: Excadrill|0 fnt
|faint|p1a: Excadrill
|
|upkeep
|
|t:|1757814215
|switch|p1a: Gholdengo|Gholdengo, tera:Water|94/100
|-item|p1a: Gholdengo|Air Balloon
|turn|20
|
|t:|1757814223
|move|p2a: Pikachu|Volt Switch|p1a: Gholdengo
|-supereffective|p1a: Gholdengo
|-damage|p1a: Gholdengo|34/100
|-enditem|p1a: Gholdengo|Air Balloon
|
|t:|1757814228
|switch|p2a: Flygon|Flygon, M|78/100|[from] Volt Switch
|-damage|p2a: Flygon|72/100|[from] Stealth Rock
|move|p1a: Gholdengo|Shadow Ball|p2a: Flygon
|-damage|p2a: Flygon|18/100
|-unboost|p2a: Flygon|spd|1
|
|-heal|p2a: Flygon|24/100|[from] item: Leftovers
|upkeep
|turn|21
|
|t:|1757814243
|move|p2a: Flygon|Dragon Claw|p1a: Gholdengo
|-damage|p1a: Gholdengo|0 fnt
|faint|p1a: Gholdengo
|
|win|Karan8179
|raw|Oshima Games's rating: 1146 &rarr; <strong>1122</strong><br />(-24 for losing)
|raw|Karan8179's rating: 1158 &rarr; <strong>1182</strong><br />(+24 for winning)
|l|☆Karan8179
|player|p2|
|c|☆Oshima Games|gg
|l|☆Oshima Games
|player|p1|
