|j|☆SlimyTime
|j|☆ascended tusk 69
|t:|1757789117
|gametype|singles
|player|p1|SlimyTime|ltsurge|1727
|player|p2|ascended tusk 69|biker|1747
|gen|9
|tier|[Gen 9] OU
|rated|
|rule|HP Percentage Mod: HP is shown in percentages
|rule|Endless Battle Clause: Forcing endless battles is banned
|rule|Species Clause: Limit one of each Pokémon
|rule|OHKO Clause: OHKO moves are banned
|rule|Evasion Items Clause: Evasion items are banned
|rule|Evasion Moves Clause: Evasion moves are banned
|rule|Evasion Abilities Clause: Evasion abilities are banned
|rule|Sleep Moves Clause: Sleep-inducing moves are banned
|clearpoke
|poke|p1|Ogerpon-Wellspring, F|
|poke|p1|Zamazenta-*|
|poke|p1|Iron Treads|
|poke|p1|Pecharunt|
|poke|p1|Samurott-Hisui, M|
|poke|p1|Hatterene, F|
|poke|p2|Ninetales-Alola, M|
|poke|p2|Serperior, M|
|poke|p2|Iron Valiant|
|poke|p2|Kingambit, M|
|poke|p2|Latias, F|
|poke|p2|Gliscor, F|
|teampreview
|
|t:|1757789149
|teamsize|p1|6
|teamsize|p2|6
|start
|switch|p1a: Iron Treads|Iron Treads|100/100
|switch|p2a: Serp Gaming|Serperior, M|100/100
|turn|1
|inactive|Battle timer is ON: inactive players will automatically lose when time's up. (requested by ascended tusk 69)
|
|t:|1757789155
|-end|p1a: Iron Treads|Quark Drive|[silent]
|switch|p1a: Hatterene|Hatterene, F|100/100
|move|p2a: Serp Gaming|Leaf Storm|p1a: Hatterene
|-damage|p1a: Hatterene|75/100
|-boost|p2a: Serp Gaming|spa|2
|
|upkeep
|turn|2
|
|t:|1757789159
|move|p2a: Serp Gaming|Substitute|p2a: Serp Gaming
|-start|p2a: Serp Gaming|Substitute
|-damage|p2a: Serp Gaming|76/100
|move|p1a: Hatterene|Psychic Noise|p2a: Serp Gaming
|-damage|p2a: Serp Gaming|31/100
|-start|p2a: Serp Gaming|move: Heal Block
|
|upkeep
|turn|3
|
|t:|1757789161
|move|p2a: Serp Gaming|Leaf Storm|p1a: Hatterene
|-damage|p1a: Hatterene|23/100
|-boost|p2a: Serp Gaming|spa|2
|move|p1a: Hatterene|Psychic Noise|p2a: Serp Gaming
|-damage|p2a: Serp Gaming|0 fnt
|faint|p2a: Serp Gaming
|
|upkeep
|
|t:|1757789174
|switch|p2a: 69tales|Ninetales-Alola, M|100/100
|-weather|Snowscape|[from] ability: Snow Warning|[of] p2a: 69tales
|turn|4
|
|t:|1757789177
|move|p2a: 69tales|Aurora Veil|p2a: 69tales
|-sidestart|p2: ascended tusk 69|move: Aurora Veil
|move|p1a: Hatterene|Nuzzle|p2a: 69tales
|-damage|p2a: 69tales|99/100
|-status|p2a: 69tales|par
|
|-weather|Snowscape|[upkeep]
|upkeep
|turn|5
|
|t:|1757789183
|switch|p2a: Himiko|Gliscor, F|100/100
|move|p1a: Hatterene|Psychic Noise|p2a: Himiko
|-damage|p2a: Himiko|74/100
|-start|p2a: Himiko|move: Heal Block
|
|-weather|Snowscape|[upkeep]
|-status|p2a: Himiko|tox|[from] item: Toxic Orb
|upkeep
|turn|6
|
|t:|1757789188
|move|p2a: Himiko|Agility|p2a: Himiko
|-boost|p2a: Himiko|spe|2
|move|p1a: Hatterene|Psychic Noise|p2a: Himiko
|-damage|p2a: Himiko|46/100 tox
|
|-weather|Snowscape|[upkeep]
|-end|p2a: Himiko|move: Heal Block
|upkeep
|turn|7
|
|t:|1757789191
|move|p2a: Himiko|Swords Dance|p2a: Himiko
|-boost|p2a: Himiko|atk|2
|move|p1a: Hatterene|Psychic Noise|p2a: Himiko
|-damage|p2a: Himiko|19/100 tox
|-start|p2a: Himiko|move: Heal Block
|
|-weather|Snowscape|[upkeep]
|upkeep
|turn|8
|
|t:|1757789193
|move|p2a: Himiko|Earthquake|p1a: Hatterene
|-crit|p1a: Hatterene
|-damage|p1a: Hatterene|0 fnt
|faint|p1a: Hatterene
|
|-weather|none
|-end|p2a: Himiko|move: Heal Block
|upkeep
|
|t:|1757789215
|switch|p1a: Ogerpon|Ogerpon-Wellspring, F|100/100
|turn|9
|
|t:|1757789218
|move|p2a: Himiko|Dual Wingbeat|p1a: Ogerpon
|-supereffective|p1a: Ogerpon
|-damage|p1a: Ogerpon|3/100
|-supereffective|p1a: Ogerpon
|-crit|p1a: Ogerpon
|-damage|p1a: Ogerpon|0 fnt
|faint|p1a: Ogerpon
|-hitcount|p1: Ogerpon|2
|
|-heal|p2a: Himiko|31/100 tox|[from] ability: Poison Heal
|upkeep
|
|t:|1757789220
|switch|p1a: Samurott|Samurott-Hisui, M|100/100
|turn|10
|
|t:|1757789224
|move|p2a: Himiko|Earthquake|p1a: Samurott
|-damage|p1a: Samurott|0 fnt
|faint|p1a: Samurott
|
|-heal|p2a: Himiko|44/100 tox|[from] ability: Poison Heal
|upkeep
|
|t:|1757789227
|switch|p1a: Zamazenta|Zamazenta|100/100
|-ability|p1a: Zamazenta|Dauntless Shield|boost
|-boost|p1a: Zamazenta|def|1
|turn|11
|
|t:|1757789229
|move|p2a: Himiko|Dual Wingbeat|p1a: Zamazenta
|-supereffective|p1a: Zamazenta
|-damage|p1a: Zamazenta|64/100
|-supereffective|p1a: Zamazenta
|-damage|p1a: Zamazenta|28/100
|-hitcount|p1a: Zamazenta|2
|move|p1a: Zamazenta|Iron Defense|p1a: Zamazenta
|-boost|p1a: Zamazenta|def|2
|
|-heal|p1a: Zamazenta|34/100|[from] item: Leftovers
|-heal|p2a: Himiko|56/100 tox|[from] ability: Poison Heal
|-sideend|p2: ascended tusk 69|move: Aurora Veil
|upkeep
|turn|12
|
|t:|1757789235
|move|p2a: Himiko|Earthquake|p1a: Zamazenta
|-damage|p1a: Zamazenta|8/100
|move|p1a: Zamazenta|Body Press|p2a: Himiko
|-resisted|p2a: Himiko
|-damage|p2a: Himiko|16/100 tox
|
|-heal|p1a: Zamazenta|14/100|[from] item: Leftovers
|-heal|p2a: Himiko|28/100 tox|[from] ability: Poison Heal
|upkeep
|turn|13
|-message|SlimyTime forfeited.
|
|win|ascended tusk 69
|raw|SlimyTime's rating: 1727 &rarr; <strong>1708</strong><br />(-19 for losing)
|raw|ascended tusk 69's rating: 1747 &rarr; <strong>1766</strong><br />(+19 for winning)
|l|☆SlimyTime
|player|p1|
|c|☆ascended tusk 69|gg
|j| larp legion
|j| Sirpeanutcronch
|l| Sirpeanutcronch
|j| RedemptiveSketch
|l| RedemptiveSketch
|l|☆ascended tusk 69
|player|p2|
|j| RedemptiveSketch
|l| RedemptiveSketch
