|j|☆kinsword
|j|☆hmmm my meat
|t:|1757838697
|gametype|singles
|player|p1|kinsword|1|1213
|player|p2|hmmm my meat|102|1280
|gen|9
|tier|[Gen 9] OU
|rated|
|rule|HP Percentage Mod: HP is shown in percentages
|rule|Endless Battle Clause: Forcing endless battles is banned
|rule|Species Clause: Limit one of each Pokémon
|rule|OHKO Clause: OHKO moves are banned
|rule|Evasion Items Clause: Evasion items are banned
|rule|Evasion Moves Clause: Evasion moves are banned
|rule|Evasion Abilities Clause: Evasion abilities are banned
|rule|Sleep Moves Clause: Sleep-inducing moves are banned
|clearpoke
|poke|p1|Tyranitar, F|
|poke|p1|Samurott, M|
|poke|p1|Zapdos-Galar|
|poke|p1|Excadrill, M|
|poke|p1|Enamorus-Therian, F|
|poke|p1|Overqwil, M|
|poke|p2|Darkrai|
|poke|p2|Samurott-Hisui, M|
|poke|p2|Moltres|
|poke|p2|Great Tusk|
|poke|p2|Magnezone|
|poke|p2|Dragalge, F|
|teampreview
|
|t:|1757838711
|teamsize|p1|6
|teamsize|p2|6
|start
|switch|p1a: Zapdos|Zapdos-Galar|100/100
|switch|p2a: Great Tusk|Great Tusk|100/100
|turn|1
|inactive|Battle timer is ON: inactive players will automatically lose when time's up. (requested by kinsword)
|
|t:|1757838721
|-end|p2a: Great Tusk|Protosynthesis|[silent]
|switch|p2a: Moltres|Moltres|100/100
|move|p1a: Zapdos|Brave Bird|p2a: Moltres
|-damage|p2a: Moltres|59/100
|-status|p1a: Zapdos|brn|[from] ability: Flame Body|[of] p2a: Moltres
|-damage|p1a: Zapdos|84/100 brn|[from] Recoil
|
|-damage|p1a: Zapdos|78/100 brn|[from] brn
|upkeep
|turn|2
|
|t:|1757838734
|switch|p1a: Samurott|Samurott, M|100/100
|move|p2a: Moltres|U-turn|p1a: Samurott
|-damage|p1a: Samurott|87/100
|
|t:|1757838743
|switch|p2a: Samurott|Samurott-Hisui, M|100/100|[from] U-turn
|
|upkeep
|turn|3
|
|t:|1757838756
|switch|p2a: Dragalge|Dragalge, F|100/100
|move|p1a: Samurott|Grass Knot|p2a: Dragalge
|-resisted|p2a: Dragalge
|-crit|p2a: Dragalge
|-damage|p2a: Dragalge|92/100
|
|upkeep
|turn|4
|
|t:|1757838764
|move|p1a: Samurott|Ice Beam|p2a: Dragalge
|-supereffective|p2a: Dragalge
|-damage|p2a: Dragalge|46/100
|move|p2a: Dragalge|Draco Meteor|p1a: Samurott
|-damage|p1a: Samurott|32/100
|-unboost|p2a: Dragalge|spa|2
|
|upkeep
|turn|5
|
|t:|1757838774
|switch|p2a: Samurott|Samurott-Hisui, M|100/100
|move|p1a: Samurott|Surf|p2a: Samurott
|-resisted|p2a: Samurott
|-damage|p2a: Samurott|52/100
|
|upkeep
|turn|6
|
|t:|1757838782
|switch|p1a: Overqwil|Overqwil, M|100/100
|-ability|p1a: Overqwil|Intimidate|boost
|-unboost|p2a: Samurott|atk|1
|move|p2a: Samurott|Ceaseless Edge|p1a: Overqwil
|-resisted|p1a: Overqwil
|-damage|p1a: Overqwil|83/100
|-sidestart|p1: kinsword|Spikes
|-damage|p2a: Samurott|42/100|[from] item: Life Orb
|
|-heal|p1a: Overqwil|89/100|[from] item: Leftovers
|upkeep
|turn|7
|
|t:|1757838800
|switch|p2a: Great Tusk|Great Tusk|100/100
|move|p1a: Overqwil|Liquidation|p2a: Great Tusk
|-supereffective|p2a: Great Tusk
|-damage|p2a: Great Tusk|56/100
|
|-heal|p1a: Overqwil|95/100|[from] item: Leftovers
|upkeep
|turn|8
|
|t:|1757838815
|switch|p1a: Enamorus|Enamorus-Therian, F|100/100
|move|p2a: Great Tusk|Stealth Rock|p1a: Enamorus
|-sidestart|p1: kinsword|move: Stealth Rock
|
|upkeep
|turn|9
|
|t:|1757838826
|-end|p2a: Great Tusk|Protosynthesis|[silent]
|switch|p2a: Magnezone|Magnezone|100/100
|-item|p2a: Magnezone|Air Balloon
|move|p1a: Enamorus|Mystical Fire|p2a: Magnezone
|-supereffective|p2a: Magnezone
|-damage|p2a: Magnezone|26/100
|-unboost|p2a: Magnezone|spa|1
|-enditem|p2a: Magnezone|Air Balloon
|
|upkeep
|turn|10
|
|t:|1757838837
|switch|p1a: Excadrill|Excadrill, M|100/100
|-damage|p1a: Excadrill|88/100|[from] Spikes
|-damage|p1a: Excadrill|85/100|[from] Stealth Rock
|-ability|p1a: Excadrill|Mold Breaker
|move|p2a: Magnezone|Thunderbolt|p1a: Excadrill
|-immune|p1a: Excadrill
|
|upkeep
|turn|11
|
|t:|1757838847
|move|p1a: Excadrill|Rapid Spin|p2a: Magnezone
|-resisted|p2a: Magnezone
|-damage|p2a: Magnezone|19/100
|-boost|p1a: Excadrill|spe|1
|-sideend|p1: kinsword|Spikes|[from] move: Rapid Spin|[of] p1a: Excadrill
|-sideend|p1: kinsword|Stealth Rock|[from] move: Rapid Spin|[of] p1a: Excadrill
|move|p2a: Magnezone|Body Press|p1a: Excadrill
|-supereffective|p1a: Excadrill
|-crit|p1a: Excadrill
|-damage|p1a: Excadrill|0 fnt
|faint|p1a: Excadrill
|
|upkeep
|
|t:|1757838862
|switch|p1a: Zapdos|Zapdos-Galar|78/100 brn
|turn|12
|
|t:|1757838868
|move|p1a: Zapdos|Knock Off|p2a: Magnezone
|-damage|p2a: Magnezone|8/100
|move|p2a: Magnezone|Volt Switch|p1a: Zapdos
|-supereffective|p1a: Zapdos
|-damage|p1a: Zapdos|18/100 brn
|
|t:|1757838885
|switch|p2a: Great Tusk|Great Tusk|56/100|[from] Volt Switch
|
|-damage|p1a: Zapdos|11/100 brn|[from] brn
|upkeep
|turn|13
|
|t:|1757838899
|switch|p1a: Samurott|Samurott, M|32/100
|move|p2a: Great Tusk|Stealth Rock|p1a: Samurott
|-sidestart|p1: kinsword|move: Stealth Rock
|
|upkeep
|turn|14
|
|t:|1757838905
|move|p2a: Great Tusk|Headlong Rush|p1a: Samurott
|-damage|p1a: Samurott|0 fnt
|-unboost|p2a: Great Tusk|def|1
|-unboost|p2a: Great Tusk|spd|1
|faint|p1a: Samurott
|
|upkeep
|
|t:|1757838914
|switch|p1a: Enamorus|Enamorus-Therian, F|100/100
|-damage|p1a: Enamorus|75/100|[from] Stealth Rock
|turn|15
|
|t:|1757838921
|-end|p2a: Great Tusk|Protosynthesis|[silent]
|switch|p2a: Magnezone|Magnezone|8/100
|move|p1a: Enamorus|Mystical Fire|p2a: Magnezone
|-supereffective|p2a: Magnezone
|-damage|p2a: Magnezone|0 fnt
|faint|p2a: Magnezone
|
|upkeep
|
|t:|1757838933
|switch|p2a: Darkrai|Darkrai|100/100
|turn|16
|
|t:|1757838938
|-terastallize|p2a: Darkrai|Poison
|move|p2a: Darkrai|Sludge Bomb|p1a: Enamorus
|-supereffective|p1a: Enamorus
|-damage|p1a: Enamorus|16/100
|move|p1a: Enamorus|Moonblast|p2a: Darkrai
|-resisted|p2a: Darkrai
|-damage|p2a: Darkrai|64/100
|
|upkeep
|turn|17
|
|t:|1757838952
|switch|p1a: Tyranitar|Tyranitar, F|100/100
|-damage|p1a: Tyranitar|88/100|[from] Stealth Rock
|-weather|Sandstorm|[from] ability: Sand Stream|[of] p1a: Tyranitar
|move|p2a: Darkrai|Knock Off|p1a: Tyranitar
|-resisted|p1a: Tyranitar
|-damage|p1a: Tyranitar|76/100
|-enditem|p1a: Tyranitar|Expert Belt|[from] move: Knock Off|[of] p2a: Darkrai
|
|-weather|Sandstorm|[upkeep]
|-damage|p2a: Darkrai|58/100|[from] Sandstorm
|upkeep
|turn|18
|
|t:|1757838968
|switch|p2a: Moltres|Moltres|59/100
|move|p1a: Tyranitar|Stone Edge|p2a: Moltres|[miss]
|-miss|p1a: Tyranitar|p2a: Moltres
|
|-weather|Sandstorm|[upkeep]
|-damage|p2a: Moltres|53/100|[from] Sandstorm
|upkeep
|turn|19
|
|t:|1757838977
|move|p2a: Moltres|U-turn|p1a: Tyranitar
|-supereffective|p1a: Tyranitar
|-damage|p1a: Tyranitar|49/100
|
|t:|1757838989
|switch|p2a: Dragalge|Dragalge, F|46/100|[from] U-turn
|move|p1a: Tyranitar|Stone Edge|p2a: Dragalge
|-damage|p2a: Dragalge|0 fnt
|faint|p2a: Dragalge
|
|-weather|Sandstorm|[upkeep]
|upkeep
|
|t:|1757838998
|switch|p2a: Great Tusk|Great Tusk|56/100
|turn|20
|
|t:|1757839005
|-terastallize|p1a: Tyranitar|Grass
|move|p2a: Great Tusk|Headlong Rush|p1a: Tyranitar
|-resisted|p1a: Tyranitar
|-damage|p1a: Tyranitar|23/100
|-unboost|p2a: Great Tusk|def|1
|-unboost|p2a: Great Tusk|spd|1
|move|p1a: Tyranitar|Ice Beam|p2a: Great Tusk
|-supereffective|p2a: Great Tusk
|-damage|p2a: Great Tusk|0 fnt
|faint|p2a: Great Tusk
|-end|p2a: Great Tusk|Protosynthesis|[silent]
|
|-weather|Sandstorm|[upkeep]
|-damage|p1a: Tyranitar|16/100|[from] Sandstorm
|upkeep
|
|t:|1757839015
|switch|p2a: Darkrai|Darkrai, tera:Poison|58/100
|turn|21
|
|t:|1757839022
|move|p2a: Darkrai|Sludge Bomb|p1a: Tyranitar
|-supereffective|p1a: Tyranitar
|-damage|p1a: Tyranitar|0 fnt
|faint|p1a: Tyranitar
|
|-weather|none
|upkeep
|
|t:|1757839031
|switch|p1a: Zapdos|Zapdos-Galar|11/100 brn
|-damage|p1a: Zapdos|0 fnt|[from] Stealth Rock
|faint|p1a: Zapdos
|
|t:|1757839036
|switch|p1a: Overqwil|Overqwil, M|95/100
|-damage|p1a: Overqwil|83/100|[from] Stealth Rock
|-ability|p1a: Overqwil|Intimidate|boost
|-unboost|p2a: Darkrai|atk|1
|turn|22
|
|t:|1757839046
|move|p2a: Darkrai|Ice Beam|p1a: Overqwil
|-damage|p1a: Overqwil|44/100
|move|p1a: Overqwil|Crunch|p2a: Darkrai
|-damage|p2a: Darkrai|8/100
|-unboost|p2a: Darkrai|def|1
|
|-heal|p1a: Overqwil|50/100|[from] item: Leftovers
|upkeep
|turn|23
|
|t:|1757839056
|move|p2a: Darkrai|Knock Off|p1a: Overqwil
|-resisted|p1a: Overqwil
|-damage|p1a: Overqwil|42/100
|-enditem|p1a: Overqwil|Leftovers|[from] move: Knock Off|[of] p2a: Darkrai
|move|p1a: Overqwil|Liquidation|p2a: Darkrai
|-damage|p2a: Darkrai|0 fnt
|faint|p2a: Darkrai
|
|upkeep
|
|t:|1757839063
|switch|p2a: Moltres|Moltres|53/100
|turn|24
|
|t:|1757839068
|move|p2a: Moltres|Flamethrower|p1a: Overqwil
|-damage|p1a: Overqwil|0 fnt
|faint|p1a: Overqwil
|
|upkeep
|
|t:|1757839073
|switch|p1a: Enamorus|Enamorus-Therian, F|16/100
|-damage|p1a: Enamorus|0 fnt|[from] Stealth Rock
|faint|p1a: Enamorus
|
|win|hmmm my meat
|raw|kinsword's rating: 1213 &rarr; <strong>1193</strong><br />(-20 for losing)
|raw|hmmm my meat's rating: 1280 &rarr; <strong>1300</strong><br />(+20 for winning)
|l|☆hmmm my meat
|player|p2|
|l|☆kinsword
|player|p1|
