|j|☆XDOOL
|j|☆Yajityyy
|t:|1757866725
|gametype|singles
|player|p1|XDOOL|fisherman|1457
|player|p2|Yajityyy|burglar|1477
|gen|9
|tier|[Gen 9] OU
|rated|
|rule|HP Percentage Mod: HP is shown in percentages
|rule|Endless Battle Clause: Forcing endless battles is banned
|rule|Species Clause: Limit one of each Pokémon
|rule|OHKO Clause: OHKO moves are banned
|rule|Evasion Items Clause: Evasion items are banned
|rule|Evasion Moves Clause: Evasion moves are banned
|rule|Evasion Abilities Clause: Evasion abilities are banned
|rule|Sleep Moves Clause: Sleep-inducing moves are banned
|clearpoke
|poke|p1|Torkoal, M|
|poke|p1|Sylveon, M|
|poke|p1|Blastoise, F|
|poke|p1|Espeon, M|
|poke|p1|Jolteon, M|
|poke|p1|Minior|
|poke|p2|Glimmora, F|
|poke|p2|Ogerpon-Wellspring, F|
|poke|p2|Hatterene, F|
|poke|p2|Iron Moth|
|poke|p2|Dragonite, F|
|poke|p2|Kingambit, F|
|teampreview
|inactive|Battle timer is ON: inactive players will automatically lose when time's up. (requested by Yajityyy)
|
|t:|1757866731
|teamsize|p1|6
|teamsize|p2|6
|start
|switch|p1a: Torkoal|Torkoal, M|100/100
|switch|p2a: The Advocate|Glimmora, F|100/100
|-weather|SunnyDay|[from] ability: Drought|[of] p1a: Torkoal
|turn|1
|
|t:|1757866738
|move|p2a: The Advocate|Power Gem|p1a: Torkoal
|-supereffective|p1a: Torkoal
|-damage|p1a: Torkoal|0 fnt
|faint|p1a: Torkoal
|
|-weather|SunnyDay|[upkeep]
|upkeep
|
|t:|1757866744
|switch|p1a: Blastoise|Blastoise, F|100/100
|turn|2
|
|t:|1757866748
|move|p2a: The Advocate|Energy Ball|p1a: Blastoise
|-supereffective|p1a: Blastoise
|-damage|p1a: Blastoise|39/100
|move|p1a: Blastoise|Shell Smash|p1a: Blastoise
|-unboost|p1a: Blastoise|def|1
|-unboost|p1a: Blastoise|spd|1
|-boost|p1a: Blastoise|atk|2
|-boost|p1a: Blastoise|spa|2
|-boost|p1a: Blastoise|spe|2
|-enditem|p1a: Blastoise|Eject Pack
|
|t:|1757866758
|switch|p1a: Jolteon|Jolteon, M|100/100
|
|-weather|SunnyDay|[upkeep]
|upkeep
|turn|3
|
|t:|1757866765
|move|p1a: Jolteon|Copycat|p1a: Jolteon
|move|p1a: Jolteon|Shell Smash|p1a: Jolteon|[from] move: Copycat
|-unboost|p1a: Jolteon|def|1
|-unboost|p1a: Jolteon|spd|1
|-boost|p1a: Jolteon|atk|2
|-boost|p1a: Jolteon|spa|2
|-boost|p1a: Jolteon|spe|2
|-enditem|p1a: Jolteon|White Herb
|-clearnegativeboost|p1a: Jolteon|[silent]
|move|p2a: The Advocate|Mud Shot|p1a: Jolteon
|-supereffective|p1a: Jolteon
|-damage|p1a: Jolteon|51/100
|-unboost|p1a: Jolteon|spe|1
|
|-weather|SunnyDay|[upkeep]
|upkeep
|turn|4
|
|t:|1757866779
|move|p1a: Jolteon|Thunderbolt|p2a: The Advocate
|-enditem|p2a: The Advocate|Focus Sash
|-damage|p2a: The Advocate|1/100
|move|p2a: The Advocate|Mud Shot|p1a: Jolteon
|-supereffective|p1a: Jolteon
|-damage|p1a: Jolteon|0 fnt
|faint|p1a: Jolteon
|
|-weather|SunnyDay|[upkeep]
|upkeep
|
|t:|1757866793
|switch|p1a: Sylveon|Sylveon, M|100/100
|turn|5
|
|t:|1757866797
|move|p2a: The Advocate|Stealth Rock|p1a: Sylveon
|-sidestart|p1: XDOOL|move: Stealth Rock
|move|p1a: Sylveon|Hyper Voice|p2a: The Advocate
|-resisted|p2a: The Advocate
|-damage|p2a: The Advocate|0 fnt
|faint|p2a: The Advocate
|
|-weather|none
|upkeep
|
|t:|1757866809
|switch|p2a: The Beast|Iron Moth|100/100
|-enditem|p2a: The Beast|Booster Energy
|-activate|p2a: The Beast|ability: Quark Drive|[fromitem]
|-start|p2a: The Beast|quarkdrivespe
|turn|6
|
|t:|1757866814
|move|p2a: The Beast|Substitute|p2a: The Beast
|-start|p2a: The Beast|Substitute
|-damage|p2a: The Beast|76/100
|move|p1a: Sylveon|Shadow Ball|p2a: The Beast
|-end|p2a: The Beast|Substitute
|
|upkeep
|turn|7
|
|t:|1757866821
|move|p2a: The Beast|Fiery Dance|p1a: Sylveon
|-damage|p1a: Sylveon|65/100
|-boost|p2a: The Beast|spa|1
|move|p1a: Sylveon|Shadow Ball|p2a: The Beast
|-damage|p2a: The Beast|47/100
|
|upkeep
|turn|8
|
|t:|1757866828
|move|p2a: The Beast|Sludge Wave|p1a: Sylveon
|-supereffective|p1a: Sylveon
|-damage|p1a: Sylveon|0 fnt
|faint|p1a: Sylveon
|
|upkeep
|
|t:|1757866834
|switch|p1a: Minior|Minior|100/100
|-damage|p1a: Minior|76/100|[from] Stealth Rock
|-formechange|p1a: Minior|Minior-Meteor||[from] ability: Shields Down
|turn|9
|
|t:|1757866849
|-terastallize|p2a: The Beast|Fairy
|move|p2a: The Beast|Dazzling Gleam|p1a: Minior
|-damage|p1a: Minior|8/100
|move|p1a: Minior|Earthquake|p2a: The Beast
|-damage|p2a: The Beast|15/100
|
|-formechange|p1a: Minior|Minior||[from] ability: Shields Down
|upkeep
|turn|10
|
|t:|1757866868
|move|p2a: The Beast|Fiery Dance|p1a: Minior
|-resisted|p1a: Minior
|-damage|p1a: Minior|0 fnt
|faint|p1a: Minior
|
|upkeep
|
|t:|1757866869
|switch|p1a: Blastoise|Blastoise, F|39/100
|-damage|p1a: Blastoise|27/100|[from] Stealth Rock
|turn|11
|
|t:|1757866875
|move|p2a: The Beast|Dazzling Gleam|p1a: Blastoise
|-damage|p1a: Blastoise|0 fnt
|faint|p1a: Blastoise
|
|upkeep
|
|t:|1757866878
|switch|p1a: Espeon|Espeon, M|100/100
|-damage|p1a: Espeon|88/100|[from] Stealth Rock
|turn|12
|c|☆Yajityyy|Gg
|-message|XDOOL forfeited.
|
|win|Yajityyy
|raw|XDOOL's rating: 1457 &rarr; <strong>1438</strong><br />(-19 for losing)
|raw|Yajityyy's rating: 1477 &rarr; <strong>1496</strong><br />(+19 for winning)
|l|☆XDOOL
|player|p1|
|l|☆Yajityyy
|player|p2|
