|j|☆argetlam3
|j|☆brutalshaman
|t:|1757951869
|gametype|singles
|player|p1|argetlam3|red|1434
|player|p2|brutalshaman|blackbelt-gen4dp|1410
|gen|9
|tier|[Gen 9] OU
|rated|
|rule|HP Percentage Mod: HP is shown in percentages
|rule|Endless Battle Clause: Forcing endless battles is banned
|rule|Species Clause: Limit one of each Pokémon
|rule|OHKO Clause: OHKO moves are banned
|rule|Evasion Items Clause: Evasion items are banned
|rule|Evasion Moves Clause: Evasion moves are banned
|rule|Evasion Abilities Clause: Evasion abilities are banned
|rule|Sleep Moves Clause: Sleep-inducing moves are banned
|clearpoke
|poke|p1|Ogerpon-Wellspring, F|
|poke|p1|Dragapult, F|
|poke|p1|Great Tusk|
|poke|p1|Moltres|
|poke|p1|Slowking-Galar, M|
|poke|p1|Kingambit, F|
|poke|p2|Ninetales-Alola, F|
|poke|p2|Beartic, M|
|poke|p2|Kyurem|
|poke|p2|Moltres|
|poke|p2|Sandslash-Alola, M|
|poke|p2|Slowking-Galar, F|
|teampreview
|c|☆argetlam3|glhf
|inactive|Battle timer is ON: inactive players will automatically lose when time's up. (requested by argetlam3)
|inactive|brutalshaman has 120 seconds left.
|
|t:|1757951918
|teamsize|p1|6
|teamsize|p2|6
|start
|switch|p1a: Ice spice|Slowking-Galar, M, shiny|100/100
|switch|p2a: Ninetales|Ninetales-Alola, F|100/100
|-weather|Snowscape|[from] ability: Snow Warning|[of] p2a: Ninetales
|turn|1
|
|t:|1757951924
|switch|p2a: Sandslash|Sandslash-Alola, M|100/100
|move|p1a: Ice spice|Sludge Bomb|p2a: Sandslash
|-immune|p2a: Sandslash
|
|-weather|Snowscape|[upkeep]
|upkeep
|turn|2
|
|t:|1757951927
|switch|p1a: Scott la flame|Moltres|100/100
|move|p2a: Sandslash|Stealth Rock|p1a: Scott la flame
|-sidestart|p1: argetlam3|move: Stealth Rock
|
|-weather|Snowscape|[upkeep]
|upkeep
|turn|3
|
|t:|1757951932
|switch|p2a: Slowking|Slowking-Galar, F|100/100
|move|p1a: Scott la flame|Flamethrower|p2a: Slowking
|-damage|p2a: Slowking|78/100
|
|-weather|Snowscape|[upkeep]
|upkeep
|turn|4
|
|t:|1757951937
|move|p1a: Scott la flame|U-turn|p2a: Slowking
|-damage|p2a: Slowking|64/100
|
|t:|1757951938
|switch|p1a: K Dot|Kingambit, F, shiny|100/100|[from] U-turn
|-damage|p1a: K Dot|94/100|[from] Stealth Rock
|-prepare|p2a: Slowking|Chilly Reception|[premajor]
|move|p2a: Slowking|Chilly Reception|p2a: Slowking
|
|t:|1757951942
|switch|p2a: Moltres|Moltres|100/100|[from] Chilly Reception
|
|-weather|Snowscape|[upkeep]
|-heal|p1a: K Dot|100/100|[from] item: Leftovers
|upkeep
|turn|5
|
|t:|1757951948
|-end|p1a: K Dot|fallenundefined|[silent]
|switch|p1a: Scott la flame|Moltres|100/100
|move|p2a: Moltres|U-turn|p1a: Scott la flame
|-resisted|p1a: Scott la flame
|-damage|p1a: Scott la flame|98/100
|
|t:|1757951952
|switch|p2a: Kyurem|Kyurem|100/100|[from] U-turn
|-ability|p2a: Kyurem|Pressure
|
|-weather|none
|upkeep
|turn|6
|
|t:|1757951958
|switch|p1a: Ice spice|Slowking-Galar, M, shiny|100/100
|move|p2a: Kyurem|Draco Meteor|p1a: Ice spice
|-damage|p1a: Ice spice|42/100
|-unboost|p2a: Kyurem|spa|2
|
|upkeep
|turn|7
|
|t:|1757951968
|switch|p2a: Sandslash|Sandslash-Alola, M|100/100
|move|p1a: Ice spice|Thunder Wave|p2a: Sandslash
|-status|p2a: Sandslash|par
|
|upkeep
|turn|8
|
|t:|1757951972
|switch|p2a: Slowking|Slowking-Galar, F|97/100
|switch|p1a: Scott la flame|Moltres|98/100
|
|upkeep
|turn|9
|
|t:|1757951975
|move|p1a: Scott la flame|U-turn|p2a: Slowking
|-damage|p2a: Slowking|84/100
|
|t:|1757951977
|switch|p1a: Don toliver|Great Tusk|100/100|[from] U-turn
|-prepare|p2a: Slowking|Chilly Reception|[premajor]
|move|p2a: Slowking|Chilly Reception|p2a: Slowking
|-weather|Snowscape
|
|t:|1757951979
|switch|p2a: Kyurem|Kyurem|100/100|[from] Chilly Reception
|-ability|p2a: Kyurem|Pressure
|
|-weather|Snowscape|[upkeep]
|upkeep
|turn|10
|
|t:|1757952005
|-terastallize|p1a: Don toliver|Steel
|move|p2a: Kyurem|Blizzard|p1a: Don toliver
|-resisted|p1a: Don toliver
|-crit|p1a: Don toliver
|-damage|p1a: Don toliver|0 fnt
|faint|p1a: Don toliver
|-end|p1a: Don toliver|Protosynthesis|[silent]
|
|-weather|Snowscape|[upkeep]
|upkeep
|c|☆argetlam3|damn
|inactive|argetlam3 has 120 seconds left.
|
|t:|1757952016
|switch|p1a: K Dot|Kingambit, F, shiny|100/100
|-damage|p1a: K Dot|94/100|[from] Stealth Rock
|-activate|p1a: K Dot|ability: Supreme Overlord
|-start|p1a: K Dot|fallen1|[silent]
|turn|11
|
|t:|1757952028
|switch|p2a: Moltres|Moltres|100/100
|-end|p1a: K Dot|fallen1|[silent]
|switch|p1a: MF DOOM|Ogerpon-Wellspring, F|100/100
|-damage|p1a: MF DOOM|88/100|[from] Stealth Rock
|
|-weather|Snowscape|[upkeep]
|upkeep
|turn|12
|
|t:|1757952036
|switch|p2a: Ninetales|Ninetales-Alola, F|100/100
|move|p1a: MF DOOM|Ivy Cudgel|p2a: Ninetales|[anim] Ivy Cudgel Water
|-damage|p2a: Ninetales|37/100
|
|-weather|Snowscape|[upkeep]
|upkeep
|turn|13
|
|t:|1757952052
|move|p1a: MF DOOM|Ivy Cudgel|p2a: Ninetales|[anim] Ivy Cudgel Water
|-damage|p2a: Ninetales|0 fnt
|faint|p2a: Ninetales
|
|-weather|Snowscape|[upkeep]
|upkeep
|
|t:|1757952054
|switch|p2a: Kyurem|Kyurem|100/100
|-ability|p2a: Kyurem|Pressure
|turn|14
|
|t:|1757952058
|move|p1a: MF DOOM|U-turn|p2a: Kyurem
|-damage|p2a: Kyurem|84/100
|
|t:|1757952067
|switch|p1a: Ice spice|Slowking-Galar, M, shiny|75/100|[from] U-turn
|move|p2a: Kyurem|Freeze-Dry|p1a: Ice spice
|-damage|p1a: Ice spice|43/100
|
|-weather|Snowscape|[upkeep]
|upkeep
|turn|15
|
|t:|1757952072
|switch|p2a: Slowking|Slowking-Galar, F|100/100
|-prepare|p1a: Ice spice|Chilly Reception|[premajor]
|move|p1a: Ice spice|Chilly Reception|p1a: Ice spice
|
|t:|1757952081
|switch|p1a: Slim shady|Dragapult, F, shiny|100/100|[from] Chilly Reception
|-damage|p1a: Slim shady|88/100|[from] Stealth Rock
|
|-weather|Snowscape|[upkeep]
|upkeep
|turn|16
|
|t:|1757952090
|move|p1a: Slim shady|Shadow Ball|p2a: Slowking
|-supereffective|p2a: Slowking
|-damage|p2a: Slowking|38/100
|-prepare|p2a: Slowking|Chilly Reception|[premajor]
|move|p2a: Slowking|Chilly Reception|p2a: Slowking
|
|t:|1757952097
|switch|p2a: Sandslash|Sandslash-Alola, M|100/100 par|[from] Chilly Reception
|
|-weather|none
|upkeep
|turn|17
|
|t:|1757952101
|switch|p1a: Scott la flame|Moltres|98/100
|move|p2a: Sandslash|Knock Off|p1a: Scott la flame
|-damage|p1a: Scott la flame|76/100
|-enditem|p1a: Scott la flame|Heavy-Duty Boots|[from] move: Knock Off|[of] p2a: Sandslash
|
|upkeep
|turn|18
|
|t:|1757952111
|switch|p2a: Slowking|Slowking-Galar, F|71/100
|move|p1a: Scott la flame|U-turn|p2a: Slowking
|-damage|p2a: Slowking|58/100
|
|t:|1757952124
|switch|p1a: MF DOOM|Ogerpon-Wellspring, F|88/100|[from] U-turn
|-damage|p1a: MF DOOM|76/100|[from] Stealth Rock
|
|upkeep
|turn|19
|
|t:|1757952131
|switch|p2a: Sandslash|Sandslash-Alola, M|100/100 par
|move|p1a: MF DOOM|Knock Off|p2a: Sandslash
|-damage|p2a: Sandslash|61/100 par
|-enditem|p2a: Sandslash|Heavy-Duty Boots|[from] move: Knock Off|[of] p1a: MF DOOM
|
|upkeep
|turn|20
|
|t:|1757952140
|switch|p1a: Scott la flame|Moltres|76/100
|-damage|p1a: Scott la flame|26/100|[from] Stealth Rock
|move|p2a: Sandslash|Triple Axel|p1a: Scott la flame
|-damage|p1a: Scott la flame|19/100
|-damage|p1a: Scott la flame|5/100
|-damage|p1a: Scott la flame|0 fnt
|faint|p1a: Scott la flame
|-hitcount|p1: Scott la flame|3
|
|upkeep
|
|t:|1757952150
|switch|p1a: Slim shady|Dragapult, F, shiny|88/100
|-damage|p1a: Slim shady|76/100|[from] Stealth Rock
|turn|21
|
|t:|1757952153
|move|p1a: Slim shady|Shadow Ball|p2a: Sandslash
|-damage|p2a: Sandslash|0 fnt
|faint|p2a: Sandslash
|
|upkeep
|
|t:|1757952155
|switch|p2a: Slowking|Slowking-Galar, F|91/100
|turn|22
|
|t:|1757952157
|move|p1a: Slim shady|Shadow Ball|p2a: Slowking
|-supereffective|p2a: Slowking
|-damage|p2a: Slowking|19/100
|-unboost|p2a: Slowking|spd|1
|-prepare|p2a: Slowking|Chilly Reception|[premajor]
|move|p2a: Slowking|Chilly Reception|p2a: Slowking
|-weather|Snowscape
|
|t:|1757952161
|switch|p2a: Beartic|Beartic, M|100/100|[from] Chilly Reception
|
|-weather|Snowscape|[upkeep]
|upkeep
|turn|23
|
|t:|1757952171
|switch|p1a: K Dot|Kingambit, F, shiny|94/100
|-damage|p1a: K Dot|88/100|[from] Stealth Rock
|-activate|p1a: K Dot|ability: Supreme Overlord
|-start|p1a: K Dot|fallen2|[silent]
|move|p2a: Beartic|Icicle Spear|p1a: K Dot
|-resisted|p1a: K Dot
|-damage|p1a: K Dot|83/100
|-resisted|p1a: K Dot
|-damage|p1a: K Dot|78/100
|-resisted|p1a: K Dot
|-damage|p1a: K Dot|74/100
|-resisted|p1a: K Dot
|-damage|p1a: K Dot|69/100
|-resisted|p1a: K Dot
|-damage|p1a: K Dot|64/100
|-hitcount|p1a: K Dot|5
|
|-weather|Snowscape|[upkeep]
|-heal|p1a: K Dot|70/100|[from] item: Leftovers
|upkeep
|turn|24
|
|t:|1757952184
|move|p1a: K Dot|Sucker Punch|p2a: Beartic
|-damage|p2a: Beartic|60/100
|move|p2a: Beartic|Close Combat|p1a: K Dot
|-supereffective|p1a: K Dot
|-damage|p1a: K Dot|0 fnt
|-unboost|p2a: Beartic|def|1
|-unboost|p2a: Beartic|spd|1
|faint|p1a: K Dot
|-end|p1a: K Dot|fallen2|[silent]
|
|-weather|Snowscape|[upkeep]
|upkeep
|
|t:|1757952190
|switch|p1a: Ice spice|Slowking-Galar, M, shiny|76/100
|turn|25
|
|t:|1757952206
|switch|p2a: Slowking|Slowking-Galar, F|53/100
|move|p1a: Ice spice|Future Sight|p2a: Slowking
|-start|p1a: Ice spice|move: Future Sight
|
|-weather|Snowscape|[upkeep]
|upkeep
|turn|26
|
|t:|1757952215
|switch|p2a: Moltres|Moltres|100/100
|-prepare|p1a: Ice spice|Chilly Reception|[premajor]
|move|p1a: Ice spice|Chilly Reception|p1a: Ice spice
|
|t:|1757952218
|switch|p1a: MF DOOM|Ogerpon-Wellspring, F|76/100|[from] Chilly Reception
|-damage|p1a: MF DOOM|64/100|[from] Stealth Rock
|
|-weather|Snowscape|[upkeep]
|upkeep
|turn|27
|
|t:|1757952229
|move|p1a: MF DOOM|Ivy Cudgel|p2a: Moltres|[anim] Ivy Cudgel Water
|-supereffective|p2a: Moltres
|-damage|p2a: Moltres|0 fnt
|faint|p2a: Moltres
|
|-weather|Snowscape|[upkeep]
|-hint|Future Sight did not hit because the target is fainted.
|upkeep
|
|t:|1757952238
|switch|p2a: Kyurem|Kyurem|84/100
|-ability|p2a: Kyurem|Pressure
|turn|28
|
|t:|1757952243
|move|p1a: MF DOOM|U-turn|p2a: Kyurem
|-damage|p2a: Kyurem|67/100
|
|t:|1757952244
|switch|p1a: Ice spice|Slowking-Galar, M, shiny|100/100|[from] U-turn
|move|p2a: Kyurem|Blizzard|p1a: Ice spice
|-damage|p1a: Ice spice|50/100
|
|-weather|Snowscape|[upkeep]
|upkeep
|turn|29
|
|t:|1757952252
|move|p2a: Kyurem|Blizzard|p1a: Ice spice
|-damage|p1a: Ice spice|0 fnt
|faint|p1a: Ice spice
|
|-weather|none
|upkeep
|
|t:|1757952275
|switch|p1a: Slim shady|Dragapult, F, shiny|76/100
|-damage|p1a: Slim shady|64/100|[from] Stealth Rock
|turn|30
|
|t:|1757952296
|move|p1a: Slim shady|Shadow Ball|p2a: Kyurem
|-damage|p2a: Kyurem|16/100
|move|p2a: Kyurem|Blizzard|p1a: Slim shady
|-supereffective|p1a: Slim shady
|-damage|p1a: Slim shady|0 fnt
|faint|p1a: Slim shady
|
|upkeep
|
|t:|1757952298
|switch|p1a: MF DOOM|Ogerpon-Wellspring, F|64/100
|-damage|p1a: MF DOOM|51/100|[from] Stealth Rock
|turn|31
|
|t:|1757952302
|move|p1a: MF DOOM|Ivy Cudgel|p2a: Kyurem|[anim] Ivy Cudgel Water
|-resisted|p2a: Kyurem
|-damage|p2a: Kyurem|0 fnt
|faint|p2a: Kyurem
|
|upkeep
|
|t:|1757952303
|switch|p2a: Slowking|Slowking-Galar, F|86/100
|turn|32
|
|t:|1757952306
|move|p1a: MF DOOM|Knock Off|p2a: Slowking
|-supereffective|p2a: Slowking
|-damage|p2a: Slowking|10/100
|-enditem|p2a: Slowking|Icy Rock|[from] move: Knock Off|[of] p1a: MF DOOM
|-prepare|p2a: Slowking|Chilly Reception|[premajor]
|move|p2a: Slowking|Chilly Reception|p2a: Slowking
|-weather|Snowscape
|
|t:|1757952307
|switch|p2a: Beartic|Beartic, M|60/100|[from] Chilly Reception
|
|-weather|Snowscape|[upkeep]
|upkeep
|turn|33
|
|t:|1757952310
|move|p2a: Beartic|Icicle Spear|p1a: MF DOOM
|-damage|p1a: MF DOOM|33/100
|-damage|p1a: MF DOOM|17/100
|-damage|p1a: MF DOOM|0 fnt
|faint|p1a: MF DOOM
|-hitcount|p1: MF DOOM|3
|
|win|brutalshaman
|raw|argetlam3's rating: 1434 &rarr; <strong>1413</strong><br />(-21 for losing)
|raw|brutalshaman's rating: 1410 &rarr; <strong>1431</strong><br />(+21 for winning)
|c|☆argetlam3|g
|c|☆argetlam3|g
|l|☆brutalshaman
|player|p2|
|l|☆argetlam3
|player|p1|
