|j|☆kashkash67
|j|☆Gayroach
|t:|1757825572
|gametype|singles
|player|p1|kashkash67|266|1133
|player|p2|Gayroach|bruno|1100
|gen|9
|tier|[Gen 9] OU
|rated|
|rule|HP Percentage Mod: HP is shown in percentages
|rule|Endless Battle Clause: Forcing endless battles is banned
|rule|Species Clause: Limit one of each Pokémon
|rule|OHKO Clause: OHKO moves are banned
|rule|Evasion Items Clause: Evasion items are banned
|rule|Evasion Moves Clause: Evasion moves are banned
|rule|Evasion Abilities Clause: Evasion abilities are banned
|rule|Sleep Moves Clause: Sleep-inducing moves are banned
|clearpoke
|poke|p1|Corviknight, F|
|poke|p1|Ursaluna, F|
|poke|p1|Arcanine-Hisui, F|
|poke|p1|Primarina, F|
|poke|p1|Raging Bolt|
|poke|p1|Great Tusk|
|poke|p2|Glimmora, M|
|poke|p2|Salazzle, F|
|poke|p2|Overqwil, F|
|poke|p2|Okidogi, M|
|poke|p2|Clodsire, M|
|poke|p2|Gengar, F|
|teampreview
|inactive|Battle timer is ON: inactive players will automatically lose when time's up. (requested by kashkash67)
|
|t:|1757825582
|teamsize|p1|6
|teamsize|p2|6
|start
|switch|p1a: Corviknight|Corviknight, F|100/100
|switch|p2a: Glimmora|Glimmora, M|100/100
|turn|1
|
|t:|1757825592
|move|p2a: Glimmora|Stealth Rock|p1a: Corviknight
|-sidestart|p1: kashkash67|move: Stealth Rock
|move|p1a: Corviknight|Taunt|p2a: Glimmora
|-start|p2a: Glimmora|move: Taunt
|
|upkeep
|turn|2
|
|t:|1757825602
|switch|p2a: Salazzle|Salazzle, F|100/100
|-item|p2a: Salazzle|Air Balloon
|move|p1a: Corviknight|Tailwind|p1a: Corviknight
|-sidestart|p1: kashkash67|move: Tailwind
|
|upkeep
|turn|3
|
|t:|1757825621
|move|p2a: Salazzle|Toxic|p1a: Corviknight
|-status|p1a: Corviknight|tox
|move|p1a: Corviknight|Brave Bird|p2a: Salazzle
|-damage|p2a: Salazzle|31/100
|-enditem|p2a: Salazzle|Air Balloon
|-damage|p1a: Corviknight|85/100 tox|[from] Recoil
|
|-damage|p1a: Corviknight|79/100 tox|[from] psn
|upkeep
|turn|4
|
|t:|1757825639
|switch|p1a: Arcanine|Arcanine-Hisui, F|100/100
|-damage|p1a: Arcanine|76/100|[from] Stealth Rock
|move|p2a: Salazzle|Flamethrower|p1a: Arcanine
|-resisted|p1a: Arcanine
|-damage|p1a: Arcanine|63/100
|
|upkeep
|turn|5
|
|t:|1757825654
|move|p1a: Arcanine|Head Smash|p2a: Salazzle|[miss]
|-miss|p1a: Arcanine|p2a: Salazzle
|move|p2a: Salazzle|Toxic|p1a: Arcanine
|-status|p1a: Arcanine|tox
|
|-damage|p1a: Arcanine|57/100 tox|[from] psn
|-sideend|p1: kashkash67|move: Tailwind
|upkeep
|turn|6
|
|t:|1757825668
|move|p2a: Salazzle|Venoshock|p1a: Arcanine
|-resisted|p1a: Arcanine
|-damage|p1a: Arcanine|21/100 tox
|move|p1a: Arcanine|Head Smash|p2a: Salazzle
|-supereffective|p2a: Salazzle
|-damage|p2a: Salazzle|0 fnt
|faint|p2a: Salazzle
|
|-damage|p1a: Arcanine|9/100 tox|[from] psn
|upkeep
|
|t:|1757825678
|switch|p2a: Overqwil|Overqwil, F|100/100
|turn|7
|
|t:|1757825686
|move|p2a: Overqwil|Fell Stinger|p1a: Arcanine
|-resisted|p1a: Arcanine
|-damage|p1a: Arcanine|0 fnt
|faint|p1a: Arcanine
|-boost|p2a: Overqwil|atk|3
|
|upkeep
|
|t:|1757825699
|switch|p1a: Great Tusk|Great Tusk|100/100
|turn|8
|
|t:|1757825705
|move|p2a: Overqwil|Aqua Jet|p1a: Great Tusk
|-supereffective|p1a: Great Tusk
|-damage|p1a: Great Tusk|52/100
|move|p1a: Great Tusk|Headlong Rush|p2a: Overqwil
|-supereffective|p2a: Overqwil
|-damage|p2a: Overqwil|0 fnt
|-unboost|p1a: Great Tusk|def|1
|-unboost|p1a: Great Tusk|spd|1
|-status|p1a: Great Tusk|psn|[from] ability: Poison Point|[of] p2a: Overqwil
|faint|p2a: Overqwil
|
|-damage|p1a: Great Tusk|40/100 psn|[from] psn
|upkeep
|
|t:|1757825721
|switch|p2a: Gengar|Gengar, F|100/100
|turn|9
|
|t:|1757825735
|-end|p1a: Great Tusk|Protosynthesis|[silent]
|switch|p1a: Ursaluna|Ursaluna, F|100/100
|-damage|p1a: Ursaluna|94/100|[from] Stealth Rock
|move|p2a: Gengar|Hex|p1a: Ursaluna
|-immune|p1a: Ursaluna
|
|-status|p1a: Ursaluna|brn|[from] item: Flame Orb
|upkeep
|turn|10
|
|t:|1757825748
|switch|p2a: Glimmora|Glimmora, M|100/100
|move|p1a: Ursaluna|Headlong Rush|p2a: Glimmora
|-supereffective|p2a: Glimmora
|-damage|p2a: Glimmora|0 fnt
|-unboost|p1a: Ursaluna|def|1
|-unboost|p1a: Ursaluna|spd|1
|-activate|p2a: Glimmora|ability: Toxic Debris
|-sidestart|p1: kashkash67|move: Toxic Spikes
|faint|p2a: Glimmora
|
|-damage|p1a: Ursaluna|88/100 brn|[from] brn
|upkeep
|
|t:|1757825762
|switch|p2a: Okidogi|Okidogi, M|100/100
|turn|11
|
|t:|1757825772
|switch|p1a: Corviknight|Corviknight, F|79/100 tox
|-damage|p1a: Corviknight|66/100 tox|[from] Stealth Rock
|move|p2a: Okidogi|Drain Punch|p1a: Corviknight
|-damage|p1a: Corviknight|40/100 tox
|-damage|p2a: Okidogi|84/100|[from] item: Rocky Helmet|[of] p1a: Corviknight
|
|-damage|p1a: Corviknight|34/100 tox|[from] psn
|upkeep
|turn|12
|
|t:|1757825786
|move|p2a: Okidogi|Knock Off|p1a: Corviknight
|-damage|p1a: Corviknight|14/100 tox
|-damage|p2a: Okidogi|67/100|[from] item: Rocky Helmet|[of] p1a: Corviknight
|-enditem|p1a: Corviknight|Rocky Helmet|[from] move: Knock Off|[of] p2a: Okidogi
|move|p1a: Corviknight|Tailwind|p1a: Corviknight
|-sidestart|p1: kashkash67|move: Tailwind
|
|-damage|p1a: Corviknight|2/100 tox|[from] psn
|upkeep
|turn|13
|
|t:|1757825797
|move|p1a: Corviknight|Roost|p1a: Corviknight
|-heal|p1a: Corviknight|52/100 tox
|-singleturn|p1a: Corviknight|move: Roost
|move|p2a: Okidogi|Drain Punch|p1a: Corviknight
|-supereffective|p1a: Corviknight
|-damage|p1a: Corviknight|0 fnt
|-heal|p2a: Okidogi|94/100|[from] drain|[of] p1a: Corviknight
|faint|p1a: Corviknight
|
|upkeep
|
|t:|1757825815
|switch|p1a: Great Tusk|Great Tusk|40/100 psn
|turn|14
|
|t:|1757825825
|move|p1a: Great Tusk|Rapid Spin|p2a: Okidogi
|-crit|p2a: Okidogi
|-damage|p2a: Okidogi|74/100
|-boost|p1a: Great Tusk|spe|1
|-sideend|p1: kashkash67|Toxic Spikes|[from] move: Rapid Spin|[of] p1a: Great Tusk
|-sideend|p1: kashkash67|Stealth Rock|[from] move: Rapid Spin|[of] p1a: Great Tusk
|move|p2a: Okidogi|Psychic Fangs|p1a: Great Tusk
|-supereffective|p1a: Great Tusk
|-damage|p1a: Great Tusk|0 fnt
|faint|p1a: Great Tusk
|-end|p1a: Great Tusk|Protosynthesis|[silent]
|
|upkeep
|
|t:|1757825854
|switch|p1a: Ursaluna|Ursaluna, F|88/100 brn
|turn|15
|
|t:|1757825870
|-terastallize|p1a: Ursaluna|Fighting
|move|p1a: Ursaluna|Headlong Rush|p2a: Okidogi
|-supereffective|p2a: Okidogi
|-damage|p2a: Okidogi|0 fnt
|-unboost|p1a: Ursaluna|def|1
|-unboost|p1a: Ursaluna|spd|1
|faint|p2a: Okidogi
|
|-damage|p1a: Ursaluna|82/100 brn|[from] brn
|-sideend|p1: kashkash67|move: Tailwind
|upkeep
|
|t:|1757825881
|switch|p2a: Clodsire|Clodsire, M|100/100
|turn|16
|
|t:|1757825892
|move|p1a: Ursaluna|Headlong Rush|p2a: Clodsire
|-supereffective|p2a: Clodsire
|-damage|p2a: Clodsire|0 fnt
|-unboost|p1a: Ursaluna|def|1
|-unboost|p1a: Ursaluna|spd|1
|faint|p2a: Clodsire
|
|-damage|p1a: Ursaluna|76/100 brn|[from] brn
|upkeep
|
|t:|1757825901
|switch|p2a: Gengar|Gengar, F|100/100
|turn|17
|
|t:|1757825916
|switch|p1a: Primarina|Primarina, F|100/100
|-terastallize|p2a: Gengar|Ghost
|move|p2a: Gengar|Hex|p1a: Primarina
|-damage|p1a: Primarina|76/100
|
|upkeep
|turn|18
|
|t:|1757825926
|move|p2a: Gengar|Nasty Plot|p2a: Gengar
|-boost|p2a: Gengar|spa|2
|move|p1a: Primarina|Moonblast|p2a: Gengar
|-damage|p2a: Gengar|12/100
|-enditem|p2a: Gengar|Petaya Berry|[eat]
|-boost|p2a: Gengar|spa|1|[from] item: Petaya Berry
|
|upkeep
|turn|19
|
|t:|1757825936
|move|p2a: Gengar|Hex|p1a: Primarina
|-damage|p1a: Primarina|10/100
|move|p1a: Primarina|Moonblast|p2a: Gengar
|-damage|p2a: Gengar|0 fnt
|-start|p1a: Primarina|Disable|Moonblast|[from] ability: Cursed Body|[of] p2a: Gengar
|faint|p2a: Gengar
|
|win|kashkash67
|raw|kashkash67's rating: 1133 &rarr; <strong>1156</strong><br />(+23 for winning)
|raw|Gayroach's rating: 1100 &rarr; <strong>1077</strong><br />(-23 for losing)
|l|☆kashkash67
|player|p1|
|l|☆Gayroach
|player|p2|
