|j|☆leo-oz
|j|☆Azcrease
|t:|1757841442
|gametype|singles
|player|p1|leo-oz|red|1252
|player|p2|Azcrease|102|1305
|gen|9
|tier|[Gen 9] OU
|rated|
|rule|HP Percentage Mod: HP is shown in percentages
|rule|Endless Battle Clause: Forcing endless battles is banned
|rule|Species Clause: Limit one of each Pokémon
|rule|OHKO Clause: OHKO moves are banned
|rule|Evasion Items Clause: Evasion items are banned
|rule|Evasion Moves Clause: Evasion moves are banned
|rule|Evasion Abilities Clause: Evasion abilities are banned
|rule|Sleep Moves Clause: Sleep-inducing moves are banned
|clearpoke
|poke|p1|Deoxys-Speed|
|poke|p1|Iron Moth|
|poke|p1|Kingambit, F|
|poke|p1|Ting-Lu|
|poke|p1|Great Tusk|
|poke|p1|Zamazenta-*|
|poke|p2|Serperior, F|
|poke|p2|Kingambit, M|
|poke|p2|Araquanid, M|
|poke|p2|Cinderace, M|
|poke|p2|Gholdengo|
|poke|p2|Garchomp, M|
|teampreview
|
|t:|1757841452
|teamsize|p1|6
|teamsize|p2|6
|start
|switch|p1a: Deoxys|Deoxys-Speed|100/100
|switch|p2a: Garchomp|Garchomp, M|100/100
|-ability|p1a: Deoxys|Pressure
|turn|1
|inactive|Battle timer is ON: inactive players will automatically lose when time's up. (requested by leo-oz)
|
|t:|1757841460
|move|p1a: Deoxys|Psycho Boost|p2a: Garchomp
|-damage|p2a: Garchomp|2/100
|-unboost|p1a: Deoxys|spa|2
|move|p2a: Garchomp|Scale Shot|p1a: Deoxys
|-damage|p1a: Deoxys|82/100
|-damage|p1a: Deoxys|62/100
|-damage|p1a: Deoxys|42/100
|-damage|p1a: Deoxys|24/100
|-damage|p1a: Deoxys|5/100
|-hitcount|p1a: Deoxys|5
|-unboost|p2a: Garchomp|def|1
|-boost|p2a: Garchomp|spe|1
|
|upkeep
|turn|2
|
|t:|1757841476
|move|p1a: Deoxys|Psycho Boost|p2a: Garchomp
|-damage|p2a: Garchomp|0 fnt
|-unboost|p1a: Deoxys|spa|2
|faint|p2a: Garchomp
|
|upkeep
|
|t:|1757841488
|switch|p2a: Araquanid|Araquanid, M|100/100
|turn|3
|
|t:|1757841509
|switch|p1a: Ting-Lu|Ting-Lu|100/100
|-ability|p1a: Ting-Lu|Vessel of Ruin
|move|p2a: Araquanid|Sticky Web|p1a: Ting-Lu
|-sidestart|p1: leo-oz|move: Sticky Web
|
|upkeep
|turn|4
|
|t:|1757841516
|move|p1a: Ting-Lu|Stealth Rock|p2a: Araquanid
|-sidestart|p2: Azcrease|move: Stealth Rock
|move|p2a: Araquanid|Surf|p1a: Ting-Lu
|-supereffective|p1a: Ting-Lu
|-damage|p1a: Ting-Lu|57/100
|
|-heal|p1a: Ting-Lu|64/100|[from] item: Leftovers
|upkeep
|turn|5
|
|t:|1757841524
|move|p1a: Ting-Lu|Ruination|p2a: Araquanid
|-damage|p2a: Araquanid|50/100
|move|p2a: Araquanid|Surf|p1a: Ting-Lu
|-supereffective|p1a: Ting-Lu
|-damage|p1a: Ting-Lu|20/100
|
|-heal|p1a: Ting-Lu|26/100|[from] item: Leftovers
|upkeep
|turn|6
|
|t:|1757841536
|move|p1a: Ting-Lu|Body Press|p2a: Araquanid
|-resisted|p2a: Araquanid
|-damage|p2a: Araquanid|35/100
|move|p2a: Araquanid|Surf|p1a: Ting-Lu
|-supereffective|p1a: Ting-Lu
|-damage|p1a: Ting-Lu|0 fnt
|faint|p1a: Ting-Lu
|
|upkeep
|
|t:|1757841556
|switch|p1a: Deoxys|Deoxys-Speed|5/100
|-activate|p1a: Deoxys|move: Sticky Web
|-unboost|p1a: Deoxys|spe|1
|-ability|p1a: Deoxys|Pressure
|turn|7
|
|t:|1757841565
|switch|p2a: Kingambit|Kingambit, M|100/100
|-damage|p2a: Kingambit|94/100|[from] Stealth Rock
|move|p1a: Deoxys|Psycho Boost|p2a: Kingambit
|-immune|p2a: Kingambit
|
|-heal|p2a: Kingambit|100/100|[from] item: Leftovers
|upkeep
|turn|8
|l|☆Azcrease
|inactive|Azcrease disconnected and has a minute to reconnect!
|player|p2|
|j|☆Azcrease
|inactive|Azcrease reconnected and has 145 seconds left.
|player|p2|Azcrease|102|
|
|t:|1757841577
|switch|p1a: Great Tusk|Great Tusk|100/100
|-activate|p1a: Great Tusk|move: Sticky Web
|-unboost|p1a: Great Tusk|spe|1
|-enditem|p1a: Great Tusk|Booster Energy
|-activate|p1a: Great Tusk|ability: Protosynthesis|[fromitem]
|-start|p1a: Great Tusk|protosynthesisatk
|move|p2a: Kingambit|Swords Dance|p2a: Kingambit
|-boost|p2a: Kingambit|atk|2
|
|upkeep
|turn|9
|
|t:|1757841587
|switch|p2a: Gholdengo|Gholdengo|100/100
|-damage|p2a: Gholdengo|94/100|[from] Stealth Rock
|-item|p2a: Gholdengo|Air Balloon
|move|p1a: Great Tusk|Rapid Spin|p2a: Gholdengo
|-immune|p2a: Gholdengo
|
|upkeep
|turn|10
|
|t:|1757841596
|move|p2a: Gholdengo|Make It Rain|p1a: Great Tusk
|-damage|p1a: Great Tusk|4/100
|-unboost|p2a: Gholdengo|spa|1
|move|p1a: Great Tusk|Knock Off|p2a: Gholdengo
|-supereffective|p2a: Gholdengo
|-damage|p2a: Gholdengo|27/100
|-enditem|p2a: Gholdengo|Air Balloon
|
|upkeep
|turn|11
|
|t:|1757841606
|move|p2a: Gholdengo|Shadow Ball|p1a: Great Tusk
|-damage|p1a: Great Tusk|0 fnt
|faint|p1a: Great Tusk
|-end|p1a: Great Tusk|Protosynthesis|[silent]
|
|upkeep
|
|t:|1757841621
|switch|p1a: Kingambit|Kingambit, F|100/100
|-activate|p1a: Kingambit|ability: Supreme Overlord
|-start|p1a: Kingambit|fallen2|[silent]
|turn|12
|l|☆Azcrease
|inactive|Azcrease disconnected and has a minute to reconnect!
|player|p2|
|
|t:|1757841628
|switch|p2a: Araquanid|Araquanid, M|35/100
|-damage|p2a: Araquanid|10/100|[from] Stealth Rock
|move|p1a: Kingambit|Swords Dance|p1a: Kingambit
|-boost|p1a: Kingambit|atk|2
|
|upkeep
|turn|13
|j|☆Azcrease
|inactive|Azcrease reconnected and has 145 seconds left.
|player|p2|Azcrease|102|
|-enditem|p2a: Araquanid|Custap Berry|[eat]
|-activate|p2a: Araquanid|item: Custap Berry|[consumed]
|
|t:|1757841640
|move|p2a: Araquanid|Endeavor|p1a: Kingambit
|-damage|p1a: Kingambit|9/100
|move|p1a: Kingambit|Iron Head|p2a: Araquanid
|-resisted|p2a: Araquanid
|-crit|p2a: Araquanid
|-damage|p2a: Araquanid|0 fnt
|faint|p2a: Araquanid
|
|upkeep
|
|t:|1757841651
|switch|p2a: Kingambit|Kingambit, M|100/100
|-damage|p2a: Kingambit|94/100|[from] Stealth Rock
|turn|14
|
|t:|1757841659
|move|p1a: Kingambit|Sucker Punch|p2a: Kingambit
|-resisted|p2a: Kingambit
|-damage|p2a: Kingambit|58/100
|move|p2a: Kingambit|Iron Head|p1a: Kingambit
|-resisted|p1a: Kingambit
|-damage|p1a: Kingambit|0 fnt
|faint|p1a: Kingambit
|-end|p1a: Kingambit|fallen2|[silent]
|
|-heal|p2a: Kingambit|64/100|[from] item: Leftovers
|upkeep
|
|t:|1757841667
|switch|p1a: Zamazenta|Zamazenta|100/100
|-activate|p1a: Zamazenta|move: Sticky Web
|-unboost|p1a: Zamazenta|spe|1
|-ability|p1a: Zamazenta|Dauntless Shield|boost
|-boost|p1a: Zamazenta|def|1
|turn|15
|
|t:|1757841674
|switch|p2a: Serperior|Serperior, F, shiny|100/100
|-damage|p2a: Serperior|88/100|[from] Stealth Rock
|move|p1a: Zamazenta|Substitute|p1a: Zamazenta
|-start|p1a: Zamazenta|Substitute
|-damage|p1a: Zamazenta|76/100
|
|-heal|p2a: Serperior|94/100|[from] item: Leftovers
|-heal|p1a: Zamazenta|82/100|[from] item: Leftovers
|upkeep
|turn|16
|
|t:|1757841685
|move|p2a: Serperior|Leaf Storm|p1a: Zamazenta
|-end|p1a: Zamazenta|Substitute
|-boost|p2a: Serperior|spa|2
|move|p1a: Zamazenta|Body Press|p2a: Serperior
|-damage|p2a: Serperior|42/100
|
|-heal|p2a: Serperior|48/100|[from] item: Leftovers
|-heal|p1a: Zamazenta|88/100|[from] item: Leftovers
|upkeep
|turn|17
|l|☆Azcrease
|inactive|Azcrease disconnected and has a minute to reconnect!
|player|p2|
|j|☆Azcrease
|inactive|Azcrease reconnected and has 120 seconds left.
|player|p2|Azcrease|102|
|
|t:|1757841727
|-terastallize|p2a: Serperior|Ghost
|-terastallize|p1a: Zamazenta|Steel
|move|p2a: Serperior|Leaf Storm|p1a: Zamazenta
|-resisted|p1a: Zamazenta
|-damage|p1a: Zamazenta|47/100
|-boost|p2a: Serperior|spa|2
|move|p1a: Zamazenta|Body Press|p2a: Serperior
|-immune|p2a: Serperior
|
|-heal|p2a: Serperior|54/100|[from] item: Leftovers
|-heal|p1a: Zamazenta|53/100|[from] item: Leftovers
|upkeep
|turn|18
|
|t:|1757841741
|move|p2a: Serperior|Leech Seed|p1a: Zamazenta|[miss]
|-miss|p2a: Serperior|p1a: Zamazenta
|move|p1a: Zamazenta|Iron Head|p2a: Serperior
|-damage|p2a: Serperior|11/100
|
|-heal|p2a: Serperior|18/100|[from] item: Leftovers
|-heal|p1a: Zamazenta|60/100|[from] item: Leftovers
|upkeep
|turn|19
|
|t:|1757841750
|move|p2a: Serperior|Leaf Storm|p1a: Zamazenta|[miss]
|-miss|p2a: Serperior|p1a: Zamazenta
|move|p1a: Zamazenta|Iron Head|p2a: Serperior
|-damage|p2a: Serperior|0 fnt
|faint|p2a: Serperior
|
|-heal|p1a: Zamazenta|66/100|[from] item: Leftovers
|upkeep
|
|t:|1757841760
|switch|p2a: Cinderace|Cinderace, M|100/100
|turn|20
|
|t:|1757841767
|move|p2a: Cinderace|High Jump Kick|p1a: Zamazenta
|-start|p2a: Cinderace|typechange|Fighting|[from] ability: Libero
|-supereffective|p1a: Zamazenta
|-damage|p1a: Zamazenta|0 fnt
|faint|p1a: Zamazenta
|
|upkeep
|
|t:|1757841773
|switch|p1a: Iron Moth|Iron Moth|100/100
|-activate|p1a: Iron Moth|move: Sticky Web
|-unboost|p1a: Iron Moth|spe|1
|-enditem|p1a: Iron Moth|Booster Energy
|-activate|p1a: Iron Moth|ability: Quark Drive|[fromitem]
|-start|p1a: Iron Moth|quarkdrivespa
|turn|21
|
|t:|1757841789
|move|p2a: Cinderace|Court Change|p2a: Cinderace
|-swapsideconditions
|-activate|p2a: Cinderace|move: Court Change
|move|p1a: Iron Moth|Fiery Dance|p2a: Cinderace
|-damage|p2a: Cinderace|13/100
|-boost|p1a: Iron Moth|spa|1
|
|upkeep
|turn|22
|l|☆Azcrease
|inactive|Azcrease disconnected and has a minute to reconnect!
|player|p2|
|j|☆Azcrease
|inactive|Azcrease reconnected and has 125 seconds left.
|player|p2|Azcrease|102|
|inactive|Azcrease has 120 seconds left.
|
|t:|1757841806
|move|p2a: Cinderace|Pyro Ball|p1a: Iron Moth
|-resisted|p1a: Iron Moth
|-damage|p1a: Iron Moth|67/100
|move|p1a: Iron Moth|Fiery Dance|p2a: Cinderace
|-damage|p2a: Cinderace|0 fnt
|-boost|p1a: Iron Moth|spa|1
|faint|p2a: Cinderace
|
|upkeep
|inactive|Azcrease has 120 seconds left.
|
|t:|1757841815
|switch|p2a: Kingambit|Kingambit, M|64/100
|-activate|p2a: Kingambit|move: Sticky Web
|-unboost|p2a: Kingambit|spe|1
|-ability|p2a: Kingambit|Defiant|boost
|-boost|p2a: Kingambit|atk|2
|turn|23
|
|t:|1757841824
|move|p2a: Kingambit|Sucker Punch|p1a: Iron Moth
|-damage|p1a: Iron Moth|0 fnt
|faint|p1a: Iron Moth
|-end|p1a: Iron Moth|Quark Drive|[silent]
|
|-heal|p2a: Kingambit|70/100|[from] item: Leftovers
|upkeep
|
|t:|1757841829
|switch|p1a: Deoxys|Deoxys-Speed|5/100
|-damage|p1a: Deoxys|0 fnt|[from] Stealth Rock
|faint|p1a: Deoxys
|
|win|Azcrease
|raw|leo-oz's rating: 1252 &rarr; <strong>1231</strong><br />(-21 for losing)
|raw|Azcrease's rating: 1305 &rarr; <strong>1322</strong><br />(+17 for winning)
|l|☆leo-oz
|player|p1|
