|j|☆yxnghajile
|j|☆yeyibu
|t:|1757825501
|gametype|singles
|player|p1|yxnghajile|will|1305
|player|p2|yeyibu|265|1381
|gen|9
|tier|[Gen 9] OU
|rated|
|rule|HP Percentage Mod: HP is shown in percentages
|rule|Endless Battle Clause: Forcing endless battles is banned
|rule|Species Clause: Limit one of each Pokémon
|rule|OHKO Clause: OHKO moves are banned
|rule|Evasion Items Clause: Evasion items are banned
|rule|Evasion Moves Clause: Evasion moves are banned
|rule|Evasion Abilities Clause: Evasion abilities are banned
|rule|Sleep Moves Clause: Sleep-inducing moves are banned
|clearpoke
|poke|p1|Great Tusk|
|poke|p1|Moltres|
|poke|p1|Raging Bolt|
|poke|p1|Walking Wake|
|poke|p1|Ninetales, M|
|poke|p1|Iron Treads|
|poke|p2|Landorus-Therian, M|
|poke|p2|Cinderace, F|
|poke|p2|Alomomola, F|
|poke|p2|Chesnaught, F|
|poke|p2|Slowking-Galar, M|
|poke|p2|Iron Valiant|
|teampreview
|
|t:|1757825515
|teamsize|p1|6
|teamsize|p2|6
|start
|switch|p1a: Great Tusk|Great Tusk|100/100
|switch|p2a: Slowking|Slowking-Galar, M|100/100
|turn|1
|
|t:|1757825521
|switch|p2a: Chesnaught|Chesnaught, F|100/100
|move|p1a: Great Tusk|Ice Spinner|p2a: Chesnaught
|-supereffective|p2a: Chesnaught
|-damage|p2a: Chesnaught|64/100
|-damage|p1a: Great Tusk|84/100|[from] item: Rocky Helmet|[of] p2a: Chesnaught
|
|upkeep
|turn|2
|
|t:|1757825524
|move|p1a: Great Tusk|Temper Flare|p2a: Chesnaught
|-supereffective|p2a: Chesnaught
|-damage|p2a: Chesnaught|32/100
|-damage|p1a: Great Tusk|67/100|[from] item: Rocky Helmet|[of] p2a: Chesnaught
|move|p2a: Chesnaught|Leech Seed|p1a: Great Tusk|[miss]
|-miss|p2a: Chesnaught|p1a: Great Tusk
|
|upkeep
|turn|3
|
|t:|1757825532
|move|p1a: Great Tusk|Ice Spinner|p2a: Chesnaught
|-supereffective|p2a: Chesnaught
|-crit|p2a: Chesnaught
|-damage|p2a: Chesnaught|0 fnt
|-damage|p1a: Great Tusk|51/100|[from] item: Rocky Helmet|[of] p2a: Chesnaught
|faint|p2a: Chesnaught
|
|upkeep
|
|t:|1757825551
|switch|p2a: Landorus|Landorus-Therian, M|100/100
|-ability|p2a: Landorus|Intimidate|boost
|-unboost|p1a: Great Tusk|atk|1
|turn|4
|
|t:|1757825565
|move|p2a: Landorus|U-turn|p1a: Great Tusk
|-resisted|p1a: Great Tusk
|-damage|p1a: Great Tusk|42/100
|
|t:|1757825568
|switch|p2a: Alomomola|Alomomola, F|100/100|[from] U-turn
|move|p1a: Great Tusk|Ice Spinner|p2a: Alomomola
|-resisted|p2a: Alomomola
|-damage|p2a: Alomomola|93/100
|
|upkeep
|turn|5
|
|t:|1757825572
|-end|p1a: Great Tusk|Protosynthesis|[silent]
|switch|p1a: Ninetales|Ninetales, M|100/100
|-weather|SunnyDay|[from] ability: Drought|[of] p1a: Ninetales
|move|p2a: Alomomola|Flip Turn|p1a: Ninetales
|-supereffective|p1a: Ninetales
|-crit|p1a: Ninetales
|-damage|p1a: Ninetales|67/100
|
|t:|1757825578
|switch|p2a: Slowking|Slowking-Galar, M|100/100|[from] Flip Turn
|
|-weather|SunnyDay|[upkeep]
|upkeep
|turn|6
|
|t:|1757825586
|switch|p1a: Moltres|Moltres|100/100
|-prepare|p2a: Slowking|Chilly Reception|[premajor]
|move|p2a: Slowking|Chilly Reception|p2a: Slowking
|-weather|Snowscape
|
|t:|1757825592
|switch|p2a: Alomomola|Alomomola, F|100/100|[from] Chilly Reception
|
|-weather|Snowscape|[upkeep]
|upkeep
|turn|7
|
|t:|1757825599
|move|p1a: Moltres|Sunny Day|p1a: Moltres
|-weather|SunnyDay
|move|p2a: Alomomola|Flip Turn|p1a: Moltres
|-supereffective|p1a: Moltres
|-damage|p1a: Moltres|90/100
|
|t:|1757825603
|switch|p2a: Slowking|Slowking-Galar, M|100/100|[from] Flip Turn
|
|-weather|SunnyDay|[upkeep]
|upkeep
|turn|8
|
|t:|1757825621
|move|p1a: Moltres|Flamethrower|p2a: Slowking
|-damage|p2a: Slowking|64/100
|-prepare|p2a: Slowking|Chilly Reception|[premajor]
|move|p2a: Slowking|Chilly Reception|p2a: Slowking
|-weather|Snowscape
|
|t:|1757825629
|switch|p2a: Alomomola|Alomomola, F|100/100|[from] Chilly Reception
|
|-weather|Snowscape|[upkeep]
|upkeep
|turn|9
|
|t:|1757825632
|move|p1a: Moltres|U-turn|p2a: Alomomola
|-damage|p2a: Alomomola|90/100
|
|t:|1757825636
|switch|p1a: Raging Bolt|Raging Bolt|100/100|[from] U-turn
|move|p2a: Alomomola|Flip Turn|p1a: Raging Bolt
|-resisted|p1a: Raging Bolt
|-damage|p1a: Raging Bolt|92/100
|
|t:|1757825640
|switch|p2a: Landorus|Landorus-Therian, M|100/100|[from] Flip Turn
|-ability|p2a: Landorus|Intimidate|boost
|-unboost|p1a: Raging Bolt|atk|1
|
|-weather|Snowscape|[upkeep]
|upkeep
|turn|10
|
|t:|1757825646
|-terastallize|p1a: Raging Bolt|Flying
|move|p2a: Landorus|U-turn|p1a: Raging Bolt
|-resisted|p1a: Raging Bolt
|-damage|p1a: Raging Bolt|81/100
|
|t:|1757825650
|switch|p2a: Iron Valiant|Iron Valiant|100/100|[from] U-turn
|move|p1a: Raging Bolt|Weather Ball|p2a: Iron Valiant
|-damage|p2a: Iron Valiant|3/100
|-damage|p1a: Raging Bolt|71/100|[from] item: Life Orb
|
|-weather|Snowscape|[upkeep]
|upkeep
|turn|11
|
|t:|1757825656
|move|p1a: Raging Bolt|Thunderclap||[still]
|-fail|p1a: Raging Bolt
|move|p2a: Iron Valiant|Swords Dance|p2a: Iron Valiant
|-boost|p2a: Iron Valiant|atk|2
|
|-weather|Snowscape|[upkeep]
|upkeep
|turn|12
|
|t:|1757825661
|-end|p1a: Raging Bolt|Protosynthesis|[silent]
|switch|p1a: Moltres|Moltres|90/100
|move|p2a: Iron Valiant|Swords Dance|p2a: Iron Valiant
|-boost|p2a: Iron Valiant|atk|2
|
|-weather|none
|upkeep
|turn|13
|
|t:|1757825675
|move|p2a: Iron Valiant|Knock Off|p1a: Moltres
|-damage|p1a: Moltres|14/100
|-enditem|p1a: Moltres|Heavy-Duty Boots|[from] move: Knock Off|[of] p2a: Iron Valiant
|move|p1a: Moltres|U-turn|p2a: Iron Valiant
|-resisted|p2a: Iron Valiant
|-damage|p2a: Iron Valiant|0 fnt
|faint|p2a: Iron Valiant
|-end|p2a: Iron Valiant|Quark Drive|[silent]
|
|t:|1757825684
|switch|p1a: Ninetales|Ninetales, M|67/100|[from] U-turn
|-weather|SunnyDay|[from] ability: Drought|[of] p1a: Ninetales
|
|-weather|SunnyDay|[upkeep]
|upkeep
|
|t:|1757825688
|switch|p2a: Slowking|Slowking-Galar, M|98/100
|turn|14
|
|t:|1757825701
|switch|p1a: Walking Wake|Walking Wake|100/100
|-activate|p1a: Walking Wake|ability: Protosynthesis
|-start|p1a: Walking Wake|protosynthesisspe
|-prepare|p2a: Slowking|Chilly Reception|[premajor]
|move|p2a: Slowking|Chilly Reception|p2a: Slowking
|-weather|Snowscape
|-end|p1a: Walking Wake|Protosynthesis
|
|t:|1757825712
|switch|p2a: Alomomola|Alomomola, F|100/100|[from] Chilly Reception
|
|-weather|Snowscape|[upkeep]
|upkeep
|turn|15
|
|t:|1757825734
|move|p1a: Walking Wake|Hydro Steam|p2a: Alomomola
|-resisted|p2a: Alomomola
|-damage|p2a: Alomomola|90/100
|move|p2a: Alomomola|Mirror Coat|p1a: Walking Wake
|-damage|p1a: Walking Wake|66/100
|
|-weather|Snowscape|[upkeep]
|upkeep
|turn|16
|
|t:|1757825739
|move|p1a: Walking Wake|Flip Turn|p2a: Alomomola
|-resisted|p2a: Alomomola
|-damage|p2a: Alomomola|83/100
|
|t:|1757825741
|-end|p1a: Walking Wake|Protosynthesis|[silent]
|switch|p1a: Raging Bolt|Raging Bolt, tera:Flying|71/100|[from] Flip Turn
|move|p2a: Alomomola|Flip Turn|p1a: Raging Bolt
|-damage|p1a: Raging Bolt|57/100
|
|t:|1757825744
|switch|p2a: Cinderace|Cinderace, F|100/100|[from] Flip Turn
|
|-weather|Snowscape|[upkeep]
|upkeep
|turn|17
|
|t:|1757825753
|-end|p1a: Raging Bolt|Protosynthesis|[silent]
|switch|p1a: Ninetales|Ninetales, M|67/100
|-weather|SunnyDay|[from] ability: Drought|[of] p1a: Ninetales
|move|p2a: Cinderace|Pyro Ball|p1a: Ninetales
|-resisted|p1a: Ninetales
|-damage|p1a: Ninetales|5/100
|
|-weather|SunnyDay|[upkeep]
|upkeep
|turn|18
|
|t:|1757825764
|switch|p1a: Walking Wake|Walking Wake|66/100
|-activate|p1a: Walking Wake|ability: Protosynthesis
|-start|p1a: Walking Wake|protosynthesisspe
|move|p2a: Cinderace|Pyro Ball|p1a: Walking Wake
|-resisted|p1a: Walking Wake
|-damage|p1a: Walking Wake|43/100
|
|-weather|SunnyDay|[upkeep]
|upkeep
|turn|19
|
|t:|1757825773
|move|p2a: Cinderace|Sucker Punch|p1a: Walking Wake
|-start|p2a: Cinderace|typechange|Dark|[from] ability: Libero
|-damage|p1a: Walking Wake|9/100
|move|p1a: Walking Wake|Flip Turn|p2a: Cinderace
|-damage|p2a: Cinderace|89/100
|
|t:|1757825777
|-end|p1a: Walking Wake|Protosynthesis|[silent]
|switch|p1a: Raging Bolt|Raging Bolt, tera:Flying|57/100|[from] Flip Turn
|-activate|p1a: Raging Bolt|ability: Protosynthesis
|-start|p1a: Raging Bolt|protosynthesisspa
|
|-weather|SunnyDay|[upkeep]
|upkeep
|turn|20
|
|t:|1757825800
|switch|p2a: Slowking|Slowking-Galar, M|100/100
|move|p1a: Raging Bolt|Weather Ball|p2a: Slowking
|-damage|p2a: Slowking|37/100
|-damage|p1a: Raging Bolt|47/100|[from] item: Life Orb
|
|-weather|SunnyDay|[upkeep]
|upkeep
|turn|21
|
|t:|1757825807
|switch|p2a: Alomomola|Alomomola, F|100/100
|move|p1a: Raging Bolt|Weather Ball|p2a: Alomomola
|-resisted|p2a: Alomomola
|-damage|p2a: Alomomola|74/100
|-damage|p1a: Raging Bolt|37/100|[from] item: Life Orb
|
|-weather|SunnyDay|[upkeep]
|upkeep
|turn|22
|
|t:|1757825813
|-terastallize|p2a: Alomomola|Fairy
|move|p1a: Raging Bolt|Volt Switch|p2a: Alomomola
|-damage|p2a: Alomomola|42/100
|-damage|p1a: Raging Bolt|27/100|[from] item: Life Orb
|
|t:|1757825823
|-end|p1a: Raging Bolt|Protosynthesis|[silent]
|switch|p1a: Iron Treads|Iron Treads|100/100|[from] Volt Switch
|move|p2a: Alomomola|Mirror Coat|p1a: Iron Treads
|-damage|p1a: Iron Treads|12/100
|
|-weather|SunnyDay|[upkeep]
|upkeep
|turn|23
|
|t:|1757825840
|switch|p2a: Landorus|Landorus-Therian, M|100/100
|-ability|p2a: Landorus|Intimidate|boost
|-unboost|p1a: Iron Treads|atk|1
|move|p1a: Iron Treads|Volt Switch|p2a: Landorus
|-immune|p2a: Landorus
|
|-weather|SunnyDay|[upkeep]
|upkeep
|turn|24
|
|t:|1757825851
|move|p2a: Landorus|U-turn|p1a: Iron Treads
|-resisted|p1a: Iron Treads
|-damage|p1a: Iron Treads|3/100
|
|t:|1757825860
|switch|p2a: Alomomola|Alomomola, F, tera:Fairy|76/100|[from] U-turn
|move|p1a: Iron Treads|Knock Off|p2a: Alomomola
|-resisted|p2a: Alomomola
|-damage|p2a: Alomomola|69/100
|-enditem|p2a: Alomomola|Assault Vest|[from] move: Knock Off|[of] p1a: Iron Treads
|
|-weather|none
|upkeep
|turn|25
|
|t:|1757825869
|move|p1a: Iron Treads|Volt Switch|p2a: Alomomola
|-damage|p2a: Alomomola|61/100
|
|t:|1757825873
|-end|p1a: Iron Treads|Quark Drive|[silent]
|switch|p1a: Ninetales|Ninetales, M|5/100|[from] Volt Switch
|-weather|SunnyDay|[from] ability: Drought|[of] p1a: Ninetales
|move|p2a: Alomomola|Flip Turn|p1a: Ninetales
|-supereffective|p1a: Ninetales
|-damage|p1a: Ninetales|0 fnt
|faint|p1a: Ninetales
|
|t:|1757825888
|switch|p2a: Slowking|Slowking-Galar, M|70/100|[from] Flip Turn
|
|-weather|SunnyDay|[upkeep]
|upkeep
|
|t:|1757825894
|switch|p1a: Walking Wake|Walking Wake|9/100
|-activate|p1a: Walking Wake|ability: Protosynthesis
|-start|p1a: Walking Wake|protosynthesisspe
|turn|26
|
|t:|1757825900
|switch|p2a: Alomomola|Alomomola, F, tera:Fairy|95/100
|move|p1a: Walking Wake|Hydro Steam|p2a: Alomomola
|-damage|p2a: Alomomola|42/100
|
|-weather|SunnyDay|[upkeep]
|upkeep
|turn|27
|
|t:|1757825912
|switch|p2a: Slowking|Slowking-Galar, M|100/100
|move|p1a: Walking Wake|Hydro Steam|p2a: Slowking
|-damage|p2a: Slowking|60/100
|
|-weather|SunnyDay|[upkeep]
|upkeep
|turn|28
|
|t:|1757825921
|move|p1a: Walking Wake|Hydro Steam|p2a: Slowking
|-damage|p2a: Slowking|23/100
|-prepare|p2a: Slowking|Chilly Reception|[premajor]
|move|p2a: Slowking|Chilly Reception|p2a: Slowking
|-weather|Snowscape
|-end|p1a: Walking Wake|Protosynthesis
|
|t:|1757825950
|switch|p2a: Cinderace|Cinderace, F|89/100|[from] Chilly Reception
|
|-weather|Snowscape|[upkeep]
|upkeep
|turn|29
|
|t:|1757825959
|-end|p1a: Walking Wake|Protosynthesis|[silent]
|switch|p1a: Moltres|Moltres|14/100
|move|p2a: Cinderace|Pyro Ball|p1a: Moltres
|-resisted|p1a: Moltres
|-damage|p1a: Moltres|0 fnt
|faint|p1a: Moltres
|
|-weather|Snowscape|[upkeep]
|upkeep
|
|t:|1757825962
|switch|p1a: Great Tusk|Great Tusk|42/100
|turn|30
|
|t:|1757825972
|switch|p2a: Landorus|Landorus-Therian, M|100/100
|-ability|p2a: Landorus|Intimidate|boost
|-unboost|p1a: Great Tusk|atk|1
|move|p1a: Great Tusk|Headlong Rush|p2a: Landorus
|-immune|p2a: Landorus
|
|-weather|Snowscape|[upkeep]
|upkeep
|turn|31
|
|t:|1757825982
|move|p2a: Landorus|U-turn|p1a: Great Tusk
|-resisted|p1a: Great Tusk
|-damage|p1a: Great Tusk|32/100
|
|t:|1757825992
|switch|p2a: Alomomola|Alomomola, F, tera:Fairy|75/100|[from] U-turn
|move|p1a: Great Tusk|Ice Spinner|p2a: Alomomola
|-damage|p2a: Alomomola|59/100
|
|-weather|Snowscape|[upkeep]
|upkeep
|turn|32
|
|t:|1757826009
|move|p1a: Great Tusk|Headlong Rush|p2a: Alomomola
|-damage|p2a: Alomomola|21/100
|-unboost|p1a: Great Tusk|def|1
|-unboost|p1a: Great Tusk|spd|1
|move|p2a: Alomomola|Flip Turn|p1a: Great Tusk
|-supereffective|p1a: Great Tusk
|-damage|p1a: Great Tusk|0 fnt
|faint|p1a: Great Tusk
|-end|p1a: Great Tusk|Protosynthesis|[silent]
|
|t:|1757826017
|switch|p2a: Landorus|Landorus-Therian, M|100/100|[from] Flip Turn
|
|-weather|none
|upkeep
|
|t:|1757826023
|switch|p1a: Walking Wake|Walking Wake|9/100
|turn|33
|
|t:|1757826026
|move|p2a: Landorus|U-turn|p1a: Walking Wake
|-damage|p1a: Walking Wake|0 fnt
|faint|p1a: Walking Wake
|-end|p1a: Walking Wake|Protosynthesis|[silent]
|-message|yxnghajile forfeited.
|
|win|yeyibu
|raw|yxnghajile's rating: 1305 &rarr; <strong>1289</strong><br />(-16 for losing)
|raw|yeyibu's rating: 1381 &rarr; <strong>1397</strong><br />(+16 for winning)
|l|☆yxnghajile
|player|p1|
