|j|☆Dnites
|j|☆ClairLeChat
|t:|1757856149
|gametype|singles
|player|p1|Dnites|266|1251
|player|p2|ClairLeChat|102|1239
|gen|9
|tier|[Gen 9] OU
|rated|
|rule|HP Percentage Mod: HP is shown in percentages
|rule|Endless Battle Clause: Forcing endless battles is banned
|rule|Species Clause: Limit one of each Pokémon
|rule|OHKO Clause: OHKO moves are banned
|rule|Evasion Items Clause: Evasion items are banned
|rule|Evasion Moves Clause: Evasion moves are banned
|rule|Evasion Abilities Clause: Evasion abilities are banned
|rule|Sleep Moves Clause: Sleep-inducing moves are banned
|clearpoke
|poke|p1|Slither Wing|
|poke|p1|Ninetales, M|
|poke|p1|Arboliva, F|
|poke|p1|Walking Wake|
|poke|p1|Great Tusk|
|poke|p1|Charizard, M|
|poke|p2|Tornadus-Therian, M|
|poke|p2|Great Tusk|
|poke|p2|Gholdengo|
|poke|p2|Kyurem|
|poke|p2|Ogerpon-Wellspring, F|
|poke|p2|Enamorus, F|
|teampreview
|inactive|Battle timer is ON: inactive players will automatically lose when time's up. (requested by ClairLeChat)
|
|t:|1757856167
|teamsize|p1|6
|teamsize|p2|6
|start
|switch|p1a: Ninetales|Ninetales, M|100/100
|switch|p2a: Great Tusk|Great Tusk|100/100
|-weather|SunnyDay|[from] ability: Drought|[of] p1a: Ninetales
|-activate|p2a: Great Tusk|ability: Protosynthesis
|-start|p2a: Great Tusk|protosynthesisspe
|turn|1
|
|t:|1757856177
|switch|p1a: Slither Wing|Slither Wing|100/100
|-activate|p1a: Slither Wing|ability: Protosynthesis
|-start|p1a: Slither Wing|protosynthesisspd
|move|p2a: Great Tusk|Headlong Rush|p1a: Slither Wing
|-resisted|p1a: Slither Wing
|-damage|p1a: Slither Wing|73/100
|-unboost|p2a: Great Tusk|def|1
|-unboost|p2a: Great Tusk|spd|1
|
|-weather|SunnyDay|[upkeep]
|upkeep
|turn|2
|inactive|ClairLeChat has 120 seconds left.
|
|t:|1757856207
|-end|p2a: Great Tusk|Protosynthesis|[silent]
|switch|p2a: Tornadus|Tornadus-Therian, M|100/100
|move|p1a: Slither Wing|Flare Blitz|p2a: Tornadus
|-damage|p2a: Tornadus|36/100
|-damage|p1a: Slither Wing|53/100|[from] Recoil
|
|-weather|SunnyDay|[upkeep]
|upkeep
|turn|3
|inactive|ClairLeChat has 120 seconds left.
|
|t:|1757856227
|-end|p1a: Slither Wing|Protosynthesis|[silent]
|switch|p1a: Walking Wake|Walking Wake|100/100
|-activate|p1a: Walking Wake|ability: Protosynthesis
|-start|p1a: Walking Wake|protosynthesisdef
|move|p2a: Tornadus|Bleakwind Storm|p1a: Walking Wake
|-damage|p1a: Walking Wake|77/100
|-unboost|p1a: Walking Wake|spe|1
|
|-weather|SunnyDay|[upkeep]
|upkeep
|turn|4
|l|☆Dnites
|inactive|Dnites disconnected and has a minute to reconnect!
|player|p1|
|j|☆Dnites
|inactive|Dnites reconnected and has 130 seconds left.
|player|p1|Dnites|266|
|
|t:|1757856251
|switch|p2a: Ogerpon|Ogerpon-Wellspring, F|100/100
|move|p1a: Walking Wake|Flamethrower|p2a: Ogerpon
|-damage|p2a: Ogerpon|60/100
|
|-weather|SunnyDay|[upkeep]
|upkeep
|turn|5
|inactive|ClairLeChat has 120 seconds left.
|
|t:|1757856261
|move|p2a: Ogerpon|U-turn|p1a: Walking Wake
|-damage|p1a: Walking Wake|63/100
|
|t:|1757856268
|switch|p2a: Kyurem|Kyurem|100/100|[from] U-turn
|-ability|p2a: Kyurem|Pressure
|move|p1a: Walking Wake|Flamethrower|p2a: Kyurem
|-damage|p2a: Kyurem|61/100
|
|-weather|SunnyDay|[upkeep]
|upkeep
|turn|6
|
|t:|1757856292
|move|p2a: Kyurem|Scale Shot|p1a: Walking Wake
|-supereffective|p1a: Walking Wake
|-damage|p1a: Walking Wake|48/100
|-supereffective|p1a: Walking Wake
|-damage|p1a: Walking Wake|36/100
|-supereffective|p1a: Walking Wake
|-crit|p1a: Walking Wake
|-damage|p1a: Walking Wake|17/100
|-supereffective|p1a: Walking Wake
|-damage|p1a: Walking Wake|4/100
|-hitcount|p1a: Walking Wake|4
|-unboost|p2a: Kyurem|def|1
|-boost|p2a: Kyurem|spe|1
|move|p1a: Walking Wake|Dragon Tail|p2a: Kyurem
|-supereffective|p2a: Kyurem
|-damage|p2a: Kyurem|12/100
|drag|p2a: Great Tusk|Great Tusk|100/100
|-activate|p2a: Great Tusk|ability: Protosynthesis
|-start|p2a: Great Tusk|protosynthesisspe
|
|-weather|SunnyDay|[upkeep]
|upkeep
|turn|7
|
|t:|1757856302
|-end|p1a: Walking Wake|Protosynthesis|[silent]
|switch|p1a: Slither Wing|Slither Wing|53/100
|-activate|p1a: Slither Wing|ability: Protosynthesis
|-start|p1a: Slither Wing|protosynthesisspd
|move|p2a: Great Tusk|Rapid Spin|p1a: Slither Wing
|-damage|p1a: Slither Wing|39/100
|-boost|p2a: Great Tusk|spe|1
|
|-weather|SunnyDay|[upkeep]
|upkeep
|turn|8
|
|t:|1757856311
|move|p2a: Great Tusk|Stealth Rock|p1a: Slither Wing
|-sidestart|p1: Dnites|move: Stealth Rock
|move|p1a: Slither Wing|Morning Sun|p1a: Slither Wing
|-heal|p1a: Slither Wing|100/100
|
|-weather|none
|-end|p2a: Great Tusk|Protosynthesis
|-end|p1a: Slither Wing|Protosynthesis
|upkeep
|turn|9
|
|t:|1757856319
|move|p2a: Great Tusk|Knock Off|p1a: Slither Wing
|-resisted|p1a: Slither Wing
|-damage|p1a: Slither Wing|87/100
|-enditem|p1a: Slither Wing|Heavy-Duty Boots|[from] move: Knock Off|[of] p2a: Great Tusk
|move|p1a: Slither Wing|U-turn|p2a: Great Tusk
|-resisted|p2a: Great Tusk
|-damage|p2a: Great Tusk|90/100
|
|t:|1757856329
|-end|p1a: Slither Wing|Protosynthesis|[silent]
|switch|p1a: Ninetales|Ninetales, M|100/100|[from] U-turn
|-damage|p1a: Ninetales|76/100|[from] Stealth Rock
|-weather|SunnyDay|[from] ability: Drought|[of] p1a: Ninetales
|-activate|p2a: Great Tusk|ability: Protosynthesis
|-start|p2a: Great Tusk|protosynthesisspe
|
|-weather|SunnyDay|[upkeep]
|-heal|p2a: Great Tusk|96/100|[from] item: Leftovers
|upkeep
|turn|10
|inactive|ClairLeChat has 120 seconds left.
|l|☆Dnites
|inactive|Dnites disconnected and has a minute to reconnect!
|player|p1|
|j|☆Dnites
|inactive|Dnites reconnected.
|player|p1|Dnites|266|
|l|☆ClairLeChat
|inactive|ClairLeChat disconnected and has a minute to reconnect!
|player|p2|
|j|☆ClairLeChat
|inactive|ClairLeChat reconnected and has 100 seconds left.
|player|p2|ClairLeChat|102|
|inactive|ClairLeChat has 90 seconds left.
|
|t:|1757856396
|switch|p1a: Walking Wake|Walking Wake|4/100
|-damage|p1a: Walking Wake|0 fnt|[from] Stealth Rock
|faint|p1a: Walking Wake
|-end|p1a: Walking Wake|Protosynthesis|[silent]
|move|p2a: Great Tusk|Headlong Rush|p1: Walking Wake|[notarget]
|-fail|p2a: Great Tusk
|
|-weather|SunnyDay|[upkeep]
|-heal|p2a: Great Tusk|100/100|[from] item: Leftovers
|upkeep
|l|☆ClairLeChat
|inactive|ClairLeChat disconnected and has a minute to reconnect!
|player|p2|
|j|☆ClairLeChat
|inactive|ClairLeChat reconnected.
|player|p2|ClairLeChat|102|
|
|t:|1757856404
|switch|p1a: Arboliva|Arboliva, F|100/100
|-damage|p1a: Arboliva|88/100|[from] Stealth Rock
|turn|11
|inactive|ClairLeChat has 90 seconds left.
|
|t:|1757856426
|-end|p2a: Great Tusk|Protosynthesis|[silent]
|switch|p2a: Kyurem|Kyurem|12/100
|-ability|p2a: Kyurem|Pressure
|move|p1a: Arboliva|Weather Ball|p2a: Kyurem
|-damage|p2a: Kyurem|0 fnt
|faint|p2a: Kyurem
|
|-weather|SunnyDay|[upkeep]
|upkeep
|inactive|ClairLeChat has 60 seconds left.
|
|t:|1757856455
|switch|p2a: Enamorus|Enamorus, F|100/100
|turn|12
|inactive|ClairLeChat has 60 seconds left.
|
|t:|1757856469
|move|p2a: Enamorus|Mystical Fire|p1a: Arboliva
|-supereffective|p1a: Arboliva
|-damage|p1a: Arboliva|0 fnt
|faint|p1a: Arboliva
|
|-weather|SunnyDay|[upkeep]
|upkeep
|
|t:|1757856476
|switch|p1a: Charizard|Charizard, M|100/100
|turn|13
|inactive|ClairLeChat has 60 seconds left.
|
|t:|1757856493
|switch|p2a: Tornadus|Tornadus-Therian, M|69/100
|move|p1a: Charizard|Fire Blast|p2a: Tornadus
|-crit|p2a: Tornadus
|-damage|p2a: Tornadus|0 fnt
|faint|p2a: Tornadus
|
|-weather|SunnyDay|[upkeep]
|-damage|p1a: Charizard|88/100|[from] ability: Solar Power|[of] p1a: Charizard
|upkeep
|inactive|ClairLeChat has 60 seconds left.
|
|t:|1757856499
|switch|p2a: Ogerpon|Ogerpon-Wellspring, F|60/100
|turn|14
|
|t:|1757856512
|move|p2a: Ogerpon|Ivy Cudgel|p1a: Charizard|[anim] Ivy Cudgel Water
|-supereffective|p1a: Charizard
|-damage|p1a: Charizard|11/100
|move|p1a: Charizard|Solar Beam||[still]
|-prepare|p1a: Charizard|Solar Beam
|-anim|p1a: Charizard|Solar Beam|p2a: Ogerpon
|-damage|p2a: Ogerpon|0 fnt
|faint|p2a: Ogerpon
|
|-weather|SunnyDay|[upkeep]
|-damage|p1a: Charizard|0 fnt|[from] ability: Solar Power|[of] p1a: Charizard
|faint|p1a: Charizard
|upkeep
|
|t:|1757856525
|switch|p2a: Enamorus|Enamorus, F|100/100
|switch|p1a: Great Tusk|Great Tusk|100/100
|-activate|p1a: Great Tusk|ability: Protosynthesis
|-start|p1a: Great Tusk|protosynthesisspe
|turn|15
|inactive|ClairLeChat has 60 seconds left.
|
|t:|1757856542
|-terastallize|p1a: Great Tusk|Fire
|-terastallize|p2a: Enamorus|Fairy
|move|p1a: Great Tusk|Bulk Up|p1a: Great Tusk
|-boost|p1a: Great Tusk|atk|1
|-boost|p1a: Great Tusk|def|1
|move|p2a: Enamorus|Moonblast|p1a: Great Tusk
|-resisted|p1a: Great Tusk
|-crit|p1a: Great Tusk
|-damage|p1a: Great Tusk|0 fnt
|faint|p1a: Great Tusk
|-end|p1a: Great Tusk|Protosynthesis|[silent]
|
|-weather|SunnyDay|[upkeep]
|upkeep
|-message|Dnites forfeited.
|
|win|ClairLeChat
|raw|Dnites's rating: 1251 &rarr; <strong>1225</strong><br />(-26 for losing)
|raw|ClairLeChat's rating: 1239 &rarr; <strong>1265</strong><br />(+26 for winning)
|l|☆Dnites
|player|p1|
|l|☆ClairLeChat
|player|p2|
