|j|☆OG)Flamelibra
|j|☆Deez nuts 1230
|t:|1757872313
|gametype|singles
|player|p1|OG)Flamelibra|169|1229
|player|p2|Deez nuts 1230|biker-gen4|1277
|gen|9
|tier|[Gen 9] OU
|rated|
|rule|HP Percentage Mod: HP is shown in percentages
|rule|Endless Battle Clause: Forcing endless battles is banned
|rule|Species Clause: Limit one of each Pokémon
|rule|OHKO Clause: OHKO moves are banned
|rule|Evasion Items Clause: Evasion items are banned
|rule|Evasion Moves Clause: Evasion moves are banned
|rule|Evasion Abilities Clause: Evasion abilities are banned
|rule|Sleep Moves Clause: Sleep-inducing moves are banned
|clearpoke
|poke|p1|Ogerpon-Wellspring, F|
|poke|p1|Glimmora, F|
|poke|p1|Skeledirge, M|
|poke|p1|Gholdengo|
|poke|p1|Landorus-Therian, M|
|poke|p1|Clodsire, M|
|poke|p2|Corviknight, F|
|poke|p2|Primarina, F|
|poke|p2|Ting-Lu|
|poke|p2|Terrakion|
|poke|p2|Dragapult, M|
|poke|p2|Iron Moth|
|teampreview
|inactive|Battle timer is ON: inactive players will automatically lose when time's up. (requested by Deez nuts 1230)
|
|t:|1757872324
|teamsize|p1|6
|teamsize|p2|6
|start
|switch|p1a: Landorus|Landorus-Therian, M|100/100
|switch|p2a: Primarina|Primarina, F|100/100
|-ability|p1a: Landorus|Intimidate|boost
|-unboost|p2a: Primarina|atk|1
|turn|1
|
|t:|1757872334
|move|p1a: Landorus|U-turn|p2a: Primarina
|-resisted|p2a: Primarina
|-damage|p2a: Primarina|88/100
|
|t:|1757872342
|switch|p1a: Ogerpon|Ogerpon-Wellspring, F|100/100|[from] U-turn
|move|p2a: Primarina|Ice Beam|p1a: Ogerpon
|-damage|p1a: Ogerpon|59/100
|
|upkeep
|turn|2
|
|t:|1757872352
|switch|p2a: Iron Moth|Iron Moth|100/100
|-enditem|p2a: Iron Moth|Booster Energy
|-activate|p2a: Iron Moth|ability: Quark Drive|[fromitem]
|-start|p2a: Iron Moth|quarkdrivespe
|move|p1a: Ogerpon|Horn Leech|p2a: Iron Moth
|-resisted|p2a: Iron Moth
|-damage|p2a: Iron Moth|82/100
|-heal|p1a: Ogerpon|69/100|[from] drain|[of] p2a: Iron Moth
|
|upkeep
|turn|3
|
|t:|1757872372
|-terastallize|p1a: Ogerpon|Water
|detailschange|p1a: Ogerpon|Ogerpon-Wellspring-Tera, F, tera:Water
|-ability|p1a: Ogerpon|Embody Aspect (Wellspring)|boost
|-boost|p1a: Ogerpon|spd|1
|move|p2a: Iron Moth|Sludge Wave|p1a: Ogerpon
|-damage|p1a: Ogerpon|31/100
|move|p1a: Ogerpon|Ivy Cudgel|p2a: Iron Moth|[anim] Ivy Cudgel Water
|-supereffective|p2a: Iron Moth
|-damage|p2a: Iron Moth|0 fnt
|faint|p2a: Iron Moth
|-end|p2a: Iron Moth|Quark Drive|[silent]
|
|upkeep
|
|t:|1757872383
|switch|p2a: Dragapult|Dragapult, M|100/100
|turn|4
|
|t:|1757872397
|switch|p1a: Clodsire|Clodsire, M|100/100
|move|p2a: Dragapult|Thunder Wave|p1a: Clodsire
|-immune|p1a: Clodsire
|
|upkeep
|turn|5
|
|t:|1757872408
|switch|p2a: Primarina|Primarina, F|88/100
|move|p1a: Clodsire|Curse|p1a: Clodsire
|-unboost|p1a: Clodsire|spe|1
|-boost|p1a: Clodsire|atk|1
|-boost|p1a: Clodsire|def|1
|
|upkeep
|turn|6
|
|t:|1757872419
|move|p2a: Primarina|Ice Beam|p1a: Clodsire
|-supereffective|p1a: Clodsire
|-damage|p1a: Clodsire|60/100
|-status|p1a: Clodsire|frz
|cant|p1a: Clodsire|frz
|
|upkeep
|turn|7
|
|t:|1757872425
|move|p2a: Primarina|Moonblast|p1a: Clodsire
|-resisted|p1a: Clodsire
|-damage|p1a: Clodsire|42/100 frz
|cant|p1a: Clodsire|frz
|
|upkeep
|turn|8
|
|t:|1757872430
|move|p2a: Primarina|Ice Beam|p1a: Clodsire
|-supereffective|p1a: Clodsire
|-damage|p1a: Clodsire|0 fnt
|faint|p1a: Clodsire
|
|upkeep
|
|t:|1757872438
|switch|p1a: Ogerpon|Ogerpon-Wellspring-Tera, F, tera:Water|31/100
|-ability|p1a: Ogerpon|Embody Aspect (Wellspring)|boost
|-boost|p1a: Ogerpon|spd|1
|turn|9
|
|t:|1757872445
|-terastallize|p2a: Primarina|Steel
|move|p1a: Ogerpon|Horn Leech|p2a: Primarina
|-resisted|p2a: Primarina
|-damage|p2a: Primarina|62/100
|-heal|p1a: Ogerpon|46/100|[from] drain|[of] p2a: Primarina
|move|p2a: Primarina|Moonblast|p1a: Ogerpon
|-damage|p1a: Ogerpon|4/100
|
|upkeep
|turn|10
|
|t:|1757872456
|move|p1a: Ogerpon|U-turn|p2a: Primarina
|-resisted|p2a: Primarina
|-damage|p2a: Primarina|45/100
|inactive|OG)Flamelibra has 120 seconds left.
|
|t:|1757872485
|switch|p1a: Gholdengo|Gholdengo|100/100|[from] U-turn
|move|p2a: Primarina|Draining Kiss|p1a: Gholdengo
|-resisted|p1a: Gholdengo
|-damage|p1a: Gholdengo|86/100
|-heal|p2a: Primarina|55/100|[from] drain|[of] p1a: Gholdengo
|
|upkeep
|turn|11
|
|t:|1757872493
|move|p1a: Gholdengo|Trick|p2a: Primarina
|-activate|p1a: Gholdengo|move: Trick|[of] p2a: Primarina
|-item|p2a: Primarina|Choice Scarf|[from] move: Trick
|-item|p1a: Gholdengo|Assault Vest|[from] move: Trick
|move|p2a: Primarina|Hyper Voice|p1a: Gholdengo
|-damage|p1a: Gholdengo|49/100
|
|upkeep
|turn|12
|inactive|OG)Flamelibra has 120 seconds left.
|
|t:|1757872513
|switch|p1a: Ogerpon|Ogerpon-Wellspring-Tera, F, tera:Water|4/100
|-ability|p1a: Ogerpon|Embody Aspect (Wellspring)|boost
|-boost|p1a: Ogerpon|spd|1
|switch|p2a: Corviknight|Corviknight, F|100/100
|
|upkeep
|turn|13
|inactive|OG)Flamelibra has 120 seconds left.
|
|t:|1757872524
|move|p1a: Ogerpon|U-turn|p2a: Corviknight
|-resisted|p2a: Corviknight
|-damage|p2a: Corviknight|96/100
|-damage|p1a: Ogerpon|0 fnt|[from] item: Rocky Helmet|[of] p2a: Corviknight
|faint|p1a: Ogerpon
|detailschange|p1: Ogerpon|Ogerpon-Wellspring, F|[silent]
|move|p2a: Corviknight|U-turn|p1: Ogerpon|[notarget]
|-fail|p2a: Corviknight
|
|upkeep
|
|t:|1757872535
|switch|p1a: Skeledirge|Skeledirge, M|100/100
|turn|14
|
|t:|1757872538
|move|p2a: Corviknight|U-turn|p1a: Skeledirge
|-resisted|p1a: Skeledirge
|-damage|p1a: Skeledirge|98/100
|
|t:|1757872542
|switch|p2a: Terrakion|Terrakion|100/100|[from] U-turn
|-item|p2a: Terrakion|Air Balloon
|move|p1a: Skeledirge|Will-O-Wisp|p2a: Terrakion
|-status|p2a: Terrakion|brn
|
|-damage|p2a: Terrakion|94/100 brn|[from] brn
|upkeep
|turn|15
|
|t:|1757872552
|move|p2a: Terrakion|Stone Edge|p1a: Skeledirge
|-supereffective|p1a: Skeledirge
|-damage|p1a: Skeledirge|58/100
|move|p1a: Skeledirge|Torch Song|p2a: Terrakion
|-resisted|p2a: Terrakion
|-damage|p2a: Terrakion|76/100 brn
|-boost|p1a: Skeledirge|spa|1
|-enditem|p2a: Terrakion|Air Balloon
|
|-damage|p2a: Terrakion|70/100 brn|[from] brn
|upkeep
|turn|16
|
|t:|1757872562
|move|p2a: Terrakion|Stone Edge|p1a: Skeledirge
|-supereffective|p1a: Skeledirge
|-damage|p1a: Skeledirge|19/100
|move|p1a: Skeledirge|Slack Off|p1a: Skeledirge
|-heal|p1a: Skeledirge|69/100
|
|-damage|p2a: Terrakion|63/100 brn|[from] brn
|upkeep
|turn|17
|
|t:|1757872571
|move|p2a: Terrakion|Stone Edge|p1a: Skeledirge
|-supereffective|p1a: Skeledirge
|-damage|p1a: Skeledirge|28/100
|move|p1a: Skeledirge|Torch Song|p2a: Terrakion
|-resisted|p2a: Terrakion
|-damage|p2a: Terrakion|33/100 brn
|-boost|p1a: Skeledirge|spa|1
|
|-damage|p2a: Terrakion|27/100 brn|[from] brn
|upkeep
|turn|18
|
|t:|1757872580
|move|p2a: Terrakion|Earthquake|p1a: Skeledirge
|-supereffective|p1a: Skeledirge
|-damage|p1a: Skeledirge|0 fnt
|faint|p1a: Skeledirge
|
|-damage|p2a: Terrakion|21/100 brn|[from] brn
|upkeep
|
|t:|1757872599
|switch|p1a: Glimmora|Glimmora, F|100/100
|turn|19
|
|t:|1757872605
|move|p2a: Terrakion|Swords Dance|p2a: Terrakion
|-boost|p2a: Terrakion|atk|2
|move|p1a: Glimmora|Stealth Rock|p2a: Terrakion
|-sidestart|p2: Deez nuts 1230|move: Stealth Rock
|
|-damage|p2a: Terrakion|15/100 brn|[from] brn
|upkeep
|turn|20
|
|t:|1757872611
|move|p2a: Terrakion|Earthquake|p1a: Glimmora
|-supereffective|p1a: Glimmora
|-enditem|p1a: Glimmora|Focus Sash
|-damage|p1a: Glimmora|1/100
|-activate|p1a: Glimmora|ability: Toxic Debris
|-sidestart|p2: Deez nuts 1230|move: Toxic Spikes
|move|p1a: Glimmora|Earth Power|p2a: Terrakion
|-supereffective|p2a: Terrakion
|-crit|p2a: Terrakion
|-damage|p2a: Terrakion|0 fnt
|faint|p2a: Terrakion
|
|upkeep
|
|t:|1757872615
|switch|p2a: Corviknight|Corviknight, F|96/100
|-damage|p2a: Corviknight|84/100|[from] Stealth Rock
|turn|21
|
|t:|1757872625
|move|p1a: Glimmora|Memento|p2a: Corviknight
|-ability|p2a: Corviknight|Mirror Armor
|-unboost|p1a: Glimmora|atk|2
|-ability|p2a: Corviknight|Mirror Armor
|-unboost|p1a: Glimmora|spa|2
|faint|p1a: Glimmora
|move|p2a: Corviknight|Defog|p1: Glimmora|[notarget]
|-fail|p2a: Corviknight
|
|upkeep
|
|t:|1757872638
|switch|p1a: Gholdengo|Gholdengo|49/100
|turn|22
|
|t:|1757872641
|move|p1a: Gholdengo|Thunderbolt|p2a: Corviknight
|-supereffective|p2a: Corviknight
|-damage|p2a: Corviknight|30/100
|-status|p2a: Corviknight|par
|cant|p2a: Corviknight|par
|
|upkeep
|turn|23
|
|t:|1757872647
|switch|p2a: Ting-Lu|Ting-Lu|100/100
|-damage|p2a: Ting-Lu|94/100|[from] Stealth Rock
|-status|p2a: Ting-Lu|psn
|-ability|p2a: Ting-Lu|Vessel of Ruin
|move|p1a: Gholdengo|Thunderbolt|p2a: Ting-Lu
|-immune|p2a: Ting-Lu
|
|-heal|p2a: Ting-Lu|100/100 psn|[from] item: Leftovers
|-damage|p2a: Ting-Lu|88/100 psn|[from] psn
|upkeep
|turn|24
|
|t:|1757872659
|switch|p1a: Landorus|Landorus-Therian, M|100/100
|-ability|p1a: Landorus|Intimidate|boost
|-unboost|p2a: Ting-Lu|atk|1
|move|p2a: Ting-Lu|Throat Chop|p1a: Landorus
|-damage|p1a: Landorus|77/100
|-start|p1a: Landorus|Throat Chop|[silent]
|-damage|p2a: Ting-Lu|72/100 psn|[from] item: Rocky Helmet|[of] p1a: Landorus
|
|-heal|p2a: Ting-Lu|78/100 psn|[from] item: Leftovers
|-damage|p2a: Ting-Lu|65/100 psn|[from] psn
|upkeep
|turn|25
|
|t:|1757872671
|move|p1a: Landorus|Earthquake|p2a: Ting-Lu
|-damage|p2a: Ting-Lu|41/100 psn
|move|p2a: Ting-Lu|Stealth Rock|p1a: Landorus
|-sidestart|p1: OG)Flamelibra|move: Stealth Rock
|
|-heal|p2a: Ting-Lu|47/100 psn|[from] item: Leftovers
|-damage|p2a: Ting-Lu|34/100 psn|[from] psn
|-end|p1a: Landorus|Throat Chop|[silent]
|upkeep
|turn|26
|
|t:|1757872679
|move|p1a: Landorus|Earthquake|p2a: Ting-Lu
|-damage|p2a: Ting-Lu|11/100 psn
|move|p2a: Ting-Lu|Whirlwind|p1a: Landorus
|drag|p1a: Gholdengo|Gholdengo|49/100
|-damage|p1a: Gholdengo|42/100|[from] Stealth Rock
|
|-heal|p2a: Ting-Lu|17/100 psn|[from] item: Leftovers
|-damage|p2a: Ting-Lu|5/100 psn|[from] psn
|upkeep
|turn|27
|
|t:|1757872693
|move|p1a: Gholdengo|Shadow Ball|p2a: Ting-Lu
|-resisted|p2a: Ting-Lu
|-damage|p2a: Ting-Lu|0 fnt
|faint|p2a: Ting-Lu
|
|upkeep
|
|t:|1757872696
|switch|p2a: Dragapult|Dragapult, M|100/100
|-damage|p2a: Dragapult|88/100|[from] Stealth Rock
|-status|p2a: Dragapult|psn
|turn|28
|
|t:|1757872707
|switch|p1a: Landorus|Landorus-Therian, M|77/100
|-damage|p1a: Landorus|65/100|[from] Stealth Rock
|-ability|p1a: Landorus|Intimidate|boost
|-fail|p2a: Dragapult|unboost|[from] ability: Clear Body|[of] p2a: Dragapult
|move|p2a: Dragapult|Phantom Force||[still]
|-prepare|p2a: Dragapult|Phantom Force
|
|-damage|p2a: Dragapult|76/100 psn|[from] psn
|upkeep
|turn|29
|
|t:|1757872716
|move|p2a: Dragapult|Phantom Force|p1a: Landorus|[from] lockedmove
|-damage|p1a: Landorus|16/100
|-damage|p2a: Dragapult|59/100 psn|[from] item: Rocky Helmet|[of] p1a: Landorus
|move|p1a: Landorus|Earthquake|p2a: Dragapult
|-damage|p2a: Dragapult|0 fnt
|faint|p2a: Dragapult
|
|upkeep
|
|t:|1757872722
|switch|p2a: Corviknight|Corviknight, F|30/100 par
|-damage|p2a: Corviknight|18/100 par|[from] Stealth Rock
|turn|30
|
|t:|1757872744
|switch|p1a: Gholdengo|Gholdengo|42/100
|-damage|p1a: Gholdengo|36/100|[from] Stealth Rock
|move|p2a: Corviknight|Roost|p2a: Corviknight
|-heal|p2a: Corviknight|68/100 par
|-singleturn|p2a: Corviknight|move: Roost
|
|upkeep
|turn|31
|
|t:|1757872753
|move|p1a: Gholdengo|Thunderbolt|p2a: Corviknight
|-supereffective|p2a: Corviknight
|-damage|p2a: Corviknight|14/100 par
|cant|p2a: Corviknight|par
|
|upkeep
|turn|32
|
|t:|1757872758
|switch|p2a: Primarina|Primarina, F, tera:Steel|55/100
|-damage|p2a: Primarina|49/100|[from] Stealth Rock
|move|p1a: Gholdengo|Thunderbolt|p2a: Primarina
|-damage|p2a: Primarina|22/100
|
|upkeep
|turn|33
|
|t:|1757872765
|move|p1a: Gholdengo|Thunderbolt|p2a: Primarina
|-damage|p2a: Primarina|0 fnt
|faint|p2a: Primarina
|
|upkeep
|-message|Deez nuts 1230 forfeited.
|
|win|OG)Flamelibra
|raw|OG)Flamelibra's rating: 1229 &rarr; <strong>1257</strong><br />(+28 for winning)
|raw|Deez nuts 1230's rating: 1277 &rarr; <strong>1249</strong><br />(-28 for losing)
|l|☆Deez nuts 1230
|player|p2|
|c|☆OG)Flamelibra|gg
|l|☆OG)Flamelibra
|player|p1|
