|j|☆the_real_janine_17
|j|☆deviljr12
|t:|1757909674
|gametype|singles
|player|p1|the_real_janine_17|janine|1362
|player|p2|deviljr12|2|1323
|gen|9
|tier|[Gen 9] OU
|rated|
|rule|HP Percentage Mod: HP is shown in percentages
|rule|Endless Battle Clause: Forcing endless battles is banned
|rule|Species Clause: Limit one of each Pokémon
|rule|OHKO Clause: OHKO moves are banned
|rule|Evasion Items Clause: Evasion items are banned
|rule|Evasion Moves Clause: Evasion moves are banned
|rule|Evasion Abilities Clause: Evasion abilities are banned
|rule|Sleep Moves Clause: Sleep-inducing moves are banned
|clearpoke
|poke|p1|Keldeo-Resolute|
|poke|p1|Meowscarada, F|
|poke|p1|Enamorus, F|
|poke|p1|Iron Moth|
|poke|p1|Dragapult, M|
|poke|p1|Iron Treads|
|poke|p2|Torkoal, M|
|poke|p2|Venusaur, M|
|poke|p2|Heatran, M|
|poke|p2|Walking Wake|
|poke|p2|Scizor, M|
|poke|p2|Hatterene, F|
|teampreview
|
|t:|1757909682
|teamsize|p1|6
|teamsize|p2|6
|start
|switch|p1a: Keldeo|Keldeo-Resolute|100/100
|switch|p2a: Hooka|Hatterene, F, shiny|100/100
|turn|1
|inactive|Battle timer is ON: inactive players will automatically lose when time's up. (requested by the_real_janine_17)
|
|t:|1757909692
|switch|p1a: Iron Treads|Iron Treads|100/100
|move|p2a: Hooka|Draining Kiss|p1a: Iron Treads
|-resisted|p1a: Iron Treads
|-damage|p1a: Iron Treads|85/100
|-damage|p2a: Hooka|84/100|[from] item: Rocky Helmet|[of] p1a: Iron Treads
|
|-heal|p2a: Hooka|90/100|[from] item: Leftovers
|upkeep
|turn|2
|
|t:|1757909702
|switch|p2a: Bard|Torkoal, M, shiny|100/100
|-weather|SunnyDay|[from] ability: Drought|[of] p2a: Bard
|move|p1a: Iron Treads|Earthquake|p2a: Bard
|-supereffective|p2a: Bard
|-damage|p2a: Bard|35/100
|
|-weather|SunnyDay|[upkeep]
|upkeep
|turn|3
|
|t:|1757909717
|switch|p2a: Wakanda|Walking Wake|100/100
|-activate|p2a: Wakanda|ability: Protosynthesis
|-start|p2a: Wakanda|protosynthesisspa
|move|p1a: Iron Treads|Earthquake|p2a: Wakanda
|-damage|p2a: Wakanda|51/100
|
|-weather|SunnyDay|[upkeep]
|upkeep
|turn|4
|
|t:|1757909728
|-end|p1a: Iron Treads|Quark Drive|[silent]
|switch|p1a: Dragapult|Dragapult, M|100/100
|move|p2a: Wakanda|Hydro Steam|p1a: Dragapult
|-resisted|p1a: Dragapult
|-damage|p1a: Dragapult|47/100
|
|-weather|SunnyDay|[upkeep]
|upkeep
|turn|5
|
|t:|1757909737
|switch|p1a: Enamorus|Enamorus, F|100/100
|move|p2a: Wakanda|Hydro Steam|p1a: Enamorus
|-damage|p1a: Enamorus|0 fnt
|faint|p1a: Enamorus
|
|-weather|SunnyDay|[upkeep]
|upkeep
|
|t:|1757909742
|switch|p1a: Meowscarada|Meowscarada, F|100/100
|turn|6
|
|t:|1757909749
|move|p1a: Meowscarada|Flower Trick|p2a: Wakanda
|-start|p1a: Meowscarada|typechange|Grass|[from] ability: Protean
|-crit|p2a: Wakanda
|-damage|p2a: Wakanda|0 fnt
|faint|p2a: Wakanda
|-end|p2a: Wakanda|Protosynthesis|[silent]
|
|-weather|SunnyDay|[upkeep]
|upkeep
|
|t:|1757909758
|switch|p2a: Rabbit|Scizor, M, shiny|100/100
|turn|7
|
|t:|1757909764
|switch|p1a: Iron Treads|Iron Treads|85/100
|move|p2a: Rabbit|U-turn|p1a: Iron Treads
|-resisted|p1a: Iron Treads
|-crit|p1a: Iron Treads
|-damage|p1a: Iron Treads|54/100
|-damage|p2a: Rabbit|84/100|[from] item: Rocky Helmet|[of] p1a: Iron Treads
|
|t:|1757909773
|switch|p2a: MurderLarry|Venusaur, M, shiny|100/100|[from] U-turn
|
|-weather|SunnyDay|[upkeep]
|upkeep
|turn|8
|
|t:|1757909780
|-end|p1a: Iron Treads|Quark Drive|[silent]
|switch|p1a: Dragapult|Dragapult, M|47/100
|move|p2a: MurderLarry|Weather Ball|p1a: Dragapult
|-resisted|p1a: Dragapult
|-damage|p1a: Dragapult|8/100
|-damage|p2a: MurderLarry|91/100|[from] item: Life Orb
|
|-weather|SunnyDay|[upkeep]
|upkeep
|turn|9
|
|t:|1757909791
|move|p2a: MurderLarry|Weather Ball|p1a: Dragapult
|-resisted|p1a: Dragapult
|-damage|p1a: Dragapult|0 fnt
|faint|p1a: Dragapult
|-damage|p2a: MurderLarry|81/100|[from] item: Life Orb
|
|-weather|none
|upkeep
|
|t:|1757909800
|switch|p1a: Meowscarada|Meowscarada, F|100/100
|turn|10
|
|t:|1757909810
|switch|p2a: Bard|Torkoal, M, shiny|35/100
|-weather|SunnyDay|[from] ability: Drought|[of] p2a: Bard
|move|p1a: Meowscarada|Knock Off|p2a: Bard
|-start|p1a: Meowscarada|typechange|Dark|[from] ability: Protean
|-damage|p2a: Bard|0 fnt
|-enditem|p2a: Bard|Heat Rock|[from] move: Knock Off|[of] p1a: Meowscarada
|faint|p2a: Bard
|
|-weather|SunnyDay|[upkeep]
|upkeep
|inactive|deviljr12 has 120 seconds left.
|
|t:|1757909839
|switch|p2a: Rabbit|Scizor, M, shiny|84/100
|turn|11
|
|t:|1757909849
|switch|p1a: Iron Treads|Iron Treads|54/100
|move|p2a: Rabbit|U-turn|p1a: Iron Treads
|-resisted|p1a: Iron Treads
|-damage|p1a: Iron Treads|32/100
|-damage|p2a: Rabbit|67/100|[from] item: Rocky Helmet|[of] p1a: Iron Treads
|
|t:|1757909857
|switch|p2a: MurderLarry|Venusaur, M, shiny|81/100|[from] U-turn
|
|-weather|SunnyDay|[upkeep]
|upkeep
|turn|12
|
|t:|1757909866
|-end|p1a: Iron Treads|Quark Drive|[silent]
|switch|p1a: Keldeo|Keldeo-Resolute|100/100
|move|p2a: MurderLarry|Weather Ball|p1a: Keldeo
|-resisted|p1a: Keldeo
|-damage|p1a: Keldeo|67/100
|-damage|p2a: MurderLarry|71/100|[from] item: Life Orb
|
|-weather|SunnyDay|[upkeep]
|upkeep
|turn|13
|
|t:|1757909877
|switch|p1a: Iron Treads|Iron Treads|32/100
|move|p2a: MurderLarry|Growth|p2a: MurderLarry
|-boost|p2a: MurderLarry|atk|2
|-boost|p2a: MurderLarry|spa|2
|
|-weather|SunnyDay|[upkeep]
|upkeep
|turn|14
|
|t:|1757909884
|move|p2a: MurderLarry|Giga Drain|p1a: Iron Treads
|-damage|p1a: Iron Treads|0 fnt
|-heal|p2a: MurderLarry|90/100|[from] drain|[of] p1a: Iron Treads
|faint|p1a: Iron Treads
|-end|p1a: Iron Treads|Quark Drive|[silent]
|-damage|p2a: MurderLarry|80/100|[from] item: Life Orb
|
|-weather|SunnyDay|[upkeep]
|upkeep
|
|t:|1757909888
|switch|p1a: Meowscarada|Meowscarada, F|100/100
|turn|15
|
|t:|1757909897
|move|p1a: Meowscarada|Triple Axel|p2a: MurderLarry
|-start|p1a: Meowscarada|typechange|Ice|[from] ability: Protean
|-supereffective|p2a: MurderLarry
|-damage|p2a: MurderLarry|55/100
|-supereffective|p2a: MurderLarry
|-damage|p2a: MurderLarry|7/100
|-supereffective|p2a: MurderLarry
|-damage|p2a: MurderLarry|0 fnt
|faint|p2a: MurderLarry
|-hitcount|p2: MurderLarry|3
|
|-weather|SunnyDay|[upkeep]
|upkeep
|
|t:|1757909912
|switch|p2a: Zeke|Heatran, M, shiny|100/100
|turn|16
|
|t:|1757909919
|switch|p1a: Keldeo|Keldeo-Resolute|67/100
|move|p2a: Zeke|Earth Power|p1a: Keldeo
|-damage|p1a: Keldeo|29/100
|
|-weather|SunnyDay|[upkeep]
|upkeep
|turn|17
|
|t:|1757909934
|switch|p1a: Iron Moth|Iron Moth|100/100
|-enditem|p1a: Iron Moth|Booster Energy
|-activate|p1a: Iron Moth|ability: Quark Drive|[fromitem]
|-start|p1a: Iron Moth|quarkdrivespa
|switch|p2a: Hooka|Hatterene, F, shiny|90/100
|
|-weather|none
|-heal|p2a: Hooka|96/100|[from] item: Leftovers
|upkeep
|turn|18
|
|t:|1757909949
|-end|p1a: Iron Moth|Quark Drive|[silent]
|switch|p1a: Keldeo|Keldeo-Resolute|29/100
|switch|p2a: Zeke|Heatran, M, shiny|100/100
|
|upkeep
|turn|19
|
|t:|1757909963
|move|p1a: Keldeo|Surf|p2a: Zeke
|-supereffective|p2a: Zeke
|-damage|p2a: Zeke|19/100
|move|p2a: Zeke|Earth Power|p1a: Keldeo
|-damage|p1a: Keldeo|0 fnt
|faint|p1a: Keldeo
|
|upkeep
|
|t:|1757909969
|switch|p1a: Meowscarada|Meowscarada, F|100/100
|turn|20
|
|t:|1757909976
|move|p1a: Meowscarada|Knock Off|p2a: Zeke
|-start|p1a: Meowscarada|typechange|Dark|[from] ability: Protean
|-damage|p2a: Zeke|0 fnt
|-enditem|p2a: Zeke|Assault Vest|[from] move: Knock Off|[of] p1a: Meowscarada
|faint|p2a: Zeke
|
|upkeep
|
|t:|1757909992
|switch|p2a: Hooka|Hatterene, F, shiny|96/100
|turn|21
|
|t:|1757909999
|move|p1a: Meowscarada|Knock Off|p2a: Hooka
|-damage|p2a: Hooka|54/100
|-enditem|p2a: Hooka|Leftovers|[from] move: Knock Off|[of] p1a: Meowscarada
|move|p2a: Hooka|Calm Mind|p2a: Hooka
|-boost|p2a: Hooka|spa|1
|-boost|p2a: Hooka|spd|1
|
|upkeep
|turn|22
|
|t:|1757910017
|move|p1a: Meowscarada|Knock Off|p2a: Hooka
|-damage|p2a: Hooka|29/100
|move|p2a: Hooka|Calm Mind|p2a: Hooka
|-boost|p2a: Hooka|spa|1
|-boost|p2a: Hooka|spd|1
|
|upkeep
|turn|23
|
|t:|1757910024
|switch|p1a: Iron Moth|Iron Moth|100/100
|move|p2a: Hooka|Draining Kiss|p1a: Iron Moth
|-resisted|p1a: Iron Moth
|-damage|p1a: Iron Moth|88/100
|-heal|p2a: Hooka|38/100|[from] drain|[of] p1a: Iron Moth
|
|upkeep
|turn|24
|
|t:|1757910052
|-terastallize|p2a: Hooka|Steel
|move|p1a: Iron Moth|Sludge Wave|p2a: Hooka
|-immune|p2a: Hooka
|move|p2a: Hooka|Mystical Fire|p1a: Iron Moth
|-resisted|p1a: Iron Moth
|-damage|p1a: Iron Moth|63/100
|-unboost|p1a: Iron Moth|spa|1
|
|upkeep
|turn|25
|inactive|deviljr12 has 120 seconds left.
|
|t:|1757910082
|move|p1a: Iron Moth|Fiery Dance|p2a: Hooka
|-supereffective|p2a: Hooka
|-damage|p2a: Hooka|4/100
|move|p2a: Hooka|Nuzzle|p1a: Iron Moth
|-crit|p1a: Iron Moth
|-damage|p1a: Iron Moth|51/100
|-status|p1a: Iron Moth|par
|
|upkeep
|turn|26
|
|t:|1757910092
|move|p1a: Iron Moth|Fiery Dance|p2a: Hooka
|-supereffective|p2a: Hooka
|-damage|p2a: Hooka|0 fnt
|faint|p2a: Hooka
|
|upkeep
|
|t:|1757910098
|switch|p2a: Rabbit|Scizor, M, shiny|67/100
|turn|27
|inactive|deviljr12 has 120 seconds left.
|
|t:|1757910111
|move|p2a: Rabbit|Bullet Punch|p1a: Iron Moth
|-resisted|p1a: Iron Moth
|-damage|p1a: Iron Moth|7/100 par
|move|p1a: Iron Moth|Fiery Dance|p2a: Rabbit
|-supereffective|p2a: Rabbit
|-damage|p2a: Rabbit|0 fnt
|-boost|p1a: Iron Moth|spa|1
|faint|p2a: Rabbit
|
|win|the_real_janine_17
|raw|the_real_janine_17's rating: 1362 &rarr; <strong>1380</strong><br />(+18 for winning)
|raw|deviljr12's rating: 1323 &rarr; <strong>1305</strong><br />(-18 for losing)
|l|☆the_real_janine_17
|player|p1|
|l|☆deviljr12
|player|p2|
