|j|☆Crimson Gray Yeon
|j|☆manduu
|t:|1757953052
|gametype|singles
|player|p1|Crimson Gray Yeon|lucas|1112
|player|p2|manduu|265|1127
|gen|9
|tier|[Gen 9] OU
|rated|
|rule|HP Percentage Mod: HP is shown in percentages
|rule|Endless Battle Clause: Forcing endless battles is banned
|rule|Species Clause: Limit one of each Pokémon
|rule|OHKO Clause: OHKO moves are banned
|rule|Evasion Items Clause: Evasion items are banned
|rule|Evasion Moves Clause: Evasion moves are banned
|rule|Evasion Abilities Clause: Evasion abilities are banned
|rule|Sleep Moves Clause: Sleep-inducing moves are banned
|clearpoke
|poke|p1|Ceruledge, M|
|poke|p1|Kleavor, M|
|poke|p1|Azumarill, M|
|poke|p1|Dondozo, M|
|poke|p1|Maushold-Four|
|poke|p1|Scizor, M|
|poke|p2|Gholdengo|
|poke|p2|Corviknight, M|
|poke|p2|Quagsire, F|
|poke|p2|Garganacl, M|
|poke|p2|Toxapex, F|
|poke|p2|Iron Valiant|
|teampreview
|
|t:|1757953065
|teamsize|p1|6
|teamsize|p2|6
|start
|switch|p1a: Maushold|Maushold-Four|100/100
|switch|p2a: Quagsire|Quagsire, F, shiny|100/100
|turn|1
|
|t:|1757953076
|move|p1a: Maushold|Population Bomb|p2a: Quagsire
|-damage|p2a: Quagsire|93/100
|-damage|p2a: Quagsire|85/100
|-damage|p2a: Quagsire|76/100
|-damage|p2a: Quagsire|68/100
|-damage|p2a: Quagsire|60/100
|-hitcount|p2a: Quagsire|5
|move|p2a: Quagsire|Spikes|p1a: Maushold
|-sidestart|p1: Crimson Gray Yeon|Spikes
|
|upkeep
|turn|2
|
|t:|1757953088
|switch|p2a: Gholdengo|Gholdengo|100/100
|move|p1a: Maushold|Bullet Seed|p2a: Gholdengo
|-resisted|p2a: Gholdengo
|-damage|p2a: Gholdengo|96/100
|-resisted|p2a: Gholdengo
|-damage|p2a: Gholdengo|91/100
|-resisted|p2a: Gholdengo
|-damage|p2a: Gholdengo|87/100
|-resisted|p2a: Gholdengo
|-damage|p2a: Gholdengo|83/100
|-resisted|p2a: Gholdengo
|-damage|p2a: Gholdengo|79/100
|-hitcount|p2a: Gholdengo|5
|
|upkeep
|turn|3
|
|t:|1757953101
|switch|p1a: Ceruledge|Ceruledge, M|100/100
|-damage|p1a: Ceruledge|88/100|[from] Spikes
|move|p2a: Gholdengo|Thunder Wave|p1a: Ceruledge
|-status|p1a: Ceruledge|par
|
|upkeep
|turn|4
|
|t:|1757953117
|switch|p2a: Quagsire|Quagsire, F, shiny|60/100
|cant|p1a: Ceruledge|par
|
|upkeep
|turn|5
|
|t:|1757953124
|move|p1a: Ceruledge|Shadow Sneak|p2a: Quagsire
|-damage|p2a: Quagsire|46/100
|move|p2a: Quagsire|Recover|p2a: Quagsire
|-heal|p2a: Quagsire|96/100
|
|upkeep
|turn|6
|
|t:|1757953131
|move|p1a: Ceruledge|Bitter Blade|p2a: Quagsire
|-resisted|p2a: Quagsire
|-crit|p2a: Quagsire
|-damage|p2a: Quagsire|71/100
|-heal|p1a: Ceruledge|100/100 par|[from] drain|[of] p2a: Quagsire
|move|p2a: Quagsire|Spikes|p1a: Ceruledge
|-sidestart|p1: Crimson Gray Yeon|Spikes
|
|upkeep
|turn|7
|
|t:|1757953140
|move|p1a: Ceruledge|Close Combat|p2a: Quagsire
|-damage|p2a: Quagsire|41/100
|-unboost|p1a: Ceruledge|def|1
|-unboost|p1a: Ceruledge|spd|1
|move|p2a: Quagsire|Spikes|p1a: Ceruledge
|-sidestart|p1: Crimson Gray Yeon|Spikes
|
|upkeep
|turn|8
|
|t:|1757953148
|move|p1a: Ceruledge|Close Combat|p2a: Quagsire
|-damage|p2a: Quagsire|14/100
|-unboost|p1a: Ceruledge|def|1
|-unboost|p1a: Ceruledge|spd|1
|move|p2a: Quagsire|Recover|p2a: Quagsire
|-heal|p2a: Quagsire|64/100
|
|upkeep
|turn|9
|
|t:|1757953156
|move|p1a: Ceruledge|Close Combat|p2a: Quagsire
|-damage|p2a: Quagsire|38/100
|-unboost|p1a: Ceruledge|def|1
|-unboost|p1a: Ceruledge|spd|1
|move|p2a: Quagsire|Recover|p2a: Quagsire
|-heal|p2a: Quagsire|88/100
|
|upkeep
|turn|10
|
|t:|1757953164
|move|p1a: Ceruledge|Swords Dance|p1a: Ceruledge
|-boost|p1a: Ceruledge|atk|2
|move|p2a: Quagsire|Earthquake|p1a: Ceruledge
|-supereffective|p1a: Ceruledge
|-damage|p1a: Ceruledge|17/100 par
|
|upkeep
|turn|11
|
|t:|1757953179
|move|p1a: Ceruledge|Bitter Blade|p2a: Quagsire
|-resisted|p2a: Quagsire
|-damage|p2a: Quagsire|71/100
|-heal|p1a: Ceruledge|29/100 par|[from] drain|[of] p2a: Quagsire
|move|p2a: Quagsire|Earthquake|p1a: Ceruledge
|-supereffective|p1a: Ceruledge
|-damage|p1a: Ceruledge|0 fnt
|faint|p1a: Ceruledge
|
|upkeep
|
|t:|1757953189
|switch|p1a: Dondozo|Dondozo, M|100/100
|-damage|p1a: Dondozo|75/100|[from] Spikes
|turn|12
|
|t:|1757953207
|switch|p2a: Toxapex|Toxapex, F|100/100
|move|p1a: Dondozo|Liquidation|p2a: Toxapex
|-resisted|p2a: Toxapex
|-damage|p2a: Toxapex|86/100
|
|-heal|p1a: Dondozo|82/100|[from] item: Leftovers
|upkeep
|turn|13
|inactive|Battle timer is ON: inactive players will automatically lose when time's up. (requested by Crimson Gray Yeon)
|
|t:|1757953216
|move|p2a: Toxapex|Baneful Bunker|p2a: Toxapex
|-singleturn|p2a: Toxapex|move: Protect
|move|p1a: Dondozo|Ice Fang|p2a: Toxapex
|-activate|p2a: Toxapex|move: Protect
|-status|p1a: Dondozo|psn
|
|-heal|p1a: Dondozo|88/100 psn|[from] item: Leftovers
|-damage|p1a: Dondozo|75/100 psn|[from] psn
|upkeep
|turn|14
|
|t:|1757953226
|move|p1a: Dondozo|Ice Fang|p2a: Toxapex
|-resisted|p2a: Toxapex
|-damage|p2a: Toxapex|78/100
|move|p2a: Toxapex|Infestation|p1a: Dondozo
|-crit|p1a: Dondozo
|-damage|p1a: Dondozo|71/100 psn
|-activate|p1a: Dondozo|move: Infestation|[of] p2a: Toxapex
|
|-heal|p1a: Dondozo|77/100 psn|[from] item: Leftovers
|-damage|p1a: Dondozo|65/100 psn|[from] psn
|-damage|p1a: Dondozo|52/100 psn|[from] move: Infestation|[partiallytrapped]
|upkeep
|turn|15
|
|t:|1757953240
|move|p1a: Dondozo|Order Up|p2a: Toxapex
|-damage|p2a: Toxapex|59/100
|move|p2a: Toxapex|Toxic Spikes|p1a: Dondozo
|-sidestart|p1: Crimson Gray Yeon|move: Toxic Spikes
|
|-heal|p1a: Dondozo|58/100 psn|[from] item: Leftovers
|-damage|p1a: Dondozo|46/100 psn|[from] psn
|-damage|p1a: Dondozo|33/100 psn|[from] move: Infestation|[partiallytrapped]
|upkeep
|turn|16
|
|t:|1757953250
|move|p1a: Dondozo|Wave Crash|p2a: Toxapex
|-resisted|p2a: Toxapex
|-damage|p2a: Toxapex|39/100
|-damage|p1a: Dondozo|29/100 psn|[from] Recoil
|move|p2a: Toxapex|Toxic Spikes|p1a: Dondozo
|-sidestart|p1: Crimson Gray Yeon|move: Toxic Spikes
|
|-heal|p1a: Dondozo|35/100 psn|[from] item: Leftovers
|-damage|p1a: Dondozo|23/100 psn|[from] psn
|-damage|p1a: Dondozo|10/100 psn|[from] move: Infestation|[partiallytrapped]
|upkeep
|turn|17
|
|t:|1757953262
|move|p2a: Toxapex|Recover|p2a: Toxapex
|-heal|p2a: Toxapex|89/100
|move|p1a: Dondozo|Wave Crash|p2a: Toxapex
|-resisted|p2a: Toxapex
|-damage|p2a: Toxapex|69/100
|-damage|p1a: Dondozo|6/100 psn|[from] Recoil
|
|-heal|p1a: Dondozo|13/100 psn|[from] item: Leftovers
|-damage|p1a: Dondozo|0 fnt|[from] psn
|faint|p1a: Dondozo
|upkeep
|
|t:|1757953273
|switch|p1a: Maushold|Maushold-Four|100/100
|-damage|p1a: Maushold|76/100|[from] Spikes
|-status|p1a: Maushold|tox
|turn|18
|
|t:|1757953284
|-terastallize|p2a: Toxapex|Steel
|move|p1a: Maushold|Bullet Seed|p2a: Toxapex
|-resisted|p2a: Toxapex
|-damage|p2a: Toxapex|66/100
|-resisted|p2a: Toxapex
|-damage|p2a: Toxapex|62/100
|-resisted|p2a: Toxapex
|-damage|p2a: Toxapex|59/100
|-resisted|p2a: Toxapex
|-damage|p2a: Toxapex|56/100
|-hitcount|p2a: Toxapex|4
|move|p2a: Toxapex|Infestation|p1a: Maushold
|-damage|p1a: Maushold|71/100 tox
|-activate|p1a: Maushold|move: Infestation|[of] p2a: Toxapex
|
|-damage|p1a: Maushold|65/100 tox|[from] psn
|-damage|p1a: Maushold|52/100 tox|[from] move: Infestation|[partiallytrapped]
|upkeep
|turn|19
|
|t:|1757953301
|move|p1a: Maushold|Super Fang|p2a: Toxapex
|-damage|p2a: Toxapex|28/100
|move|p2a: Toxapex|Recover|p2a: Toxapex
|-heal|p2a: Toxapex|78/100
|
|-damage|p1a: Maushold|40/100 tox|[from] psn
|-damage|p1a: Maushold|27/100 tox|[from] move: Infestation|[partiallytrapped]
|upkeep
|turn|20
|
|t:|1757953311
|move|p2a: Toxapex|Baneful Bunker|p2a: Toxapex
|-singleturn|p2a: Toxapex|move: Protect
|move|p1a: Maushold|Super Fang|p2a: Toxapex
|-activate|p2a: Toxapex|move: Protect
|
|-damage|p1a: Maushold|9/100 tox|[from] psn
|-damage|p1a: Maushold|0 fnt|[from] move: Infestation|[partiallytrapped]
|faint|p1a: Maushold
|upkeep
|
|t:|1757953321
|switch|p1a: Kleavor|Kleavor, M|100/100
|-damage|p1a: Kleavor|76/100|[from] Spikes
|-status|p1a: Kleavor|tox
|turn|21
|
|t:|1757953329
|move|p1a: Kleavor|Stone Axe|p2a: Toxapex|[miss]
|-miss|p1a: Kleavor|p2a: Toxapex
|move|p2a: Toxapex|Infestation|p1a: Kleavor
|-damage|p1a: Kleavor|70/100 tox
|-activate|p1a: Kleavor|move: Infestation|[of] p2a: Toxapex
|
|-damage|p1a: Kleavor|64/100 tox|[from] psn
|-damage|p1a: Kleavor|51/100 tox|[from] move: Infestation|[partiallytrapped]
|upkeep
|turn|22
|
|t:|1757953339
|move|p2a: Toxapex|Baneful Bunker|p2a: Toxapex
|-singleturn|p2a: Toxapex|move: Protect
|move|p1a: Kleavor|Stone Axe|p2a: Toxapex
|-activate|p2a: Toxapex|move: Protect
|
|-damage|p1a: Kleavor|39/100 tox|[from] psn
|-damage|p1a: Kleavor|27/100 tox|[from] move: Infestation|[partiallytrapped]
|upkeep
|turn|23
|
|t:|1757953348
|move|p1a: Kleavor|Stone Axe|p2a: Toxapex
|-resisted|p2a: Toxapex
|-damage|p2a: Toxapex|60/100
|-sidestart|p2: manduu|move: Stealth Rock
|move|p2a: Toxapex|Recover|p2a: Toxapex
|-heal|p2a: Toxapex|100/100
|
|-damage|p1a: Kleavor|9/100 tox|[from] psn
|-damage|p1a: Kleavor|0 fnt|[from] move: Infestation|[partiallytrapped]
|faint|p1a: Kleavor
|upkeep
|
|t:|1757953359
|switch|p1a: Scizor|Scizor, M|100/100
|-damage|p1a: Scizor|76/100|[from] Spikes
|turn|24
|
|t:|1757953365
|switch|p2a: Quagsire|Quagsire, F, shiny|71/100
|move|p1a: Scizor|Bug Bite|p2a: Quagsire
|-damage|p2a: Quagsire|35/100
|
|upkeep
|turn|25
|
|t:|1757953372
|move|p1a: Scizor|Bullet Punch|p2a: Quagsire
|-resisted|p2a: Quagsire
|-damage|p2a: Quagsire|23/100
|move|p2a: Quagsire|Recover|p2a: Quagsire
|-heal|p2a: Quagsire|73/100
|
|upkeep
|turn|26
|
|t:|1757953380
|move|p1a: Scizor|Bug Bite|p2a: Quagsire
|-damage|p2a: Quagsire|40/100
|move|p2a: Quagsire|Recover|p2a: Quagsire
|-heal|p2a: Quagsire|90/100
|
|upkeep
|turn|27
|
|t:|1757953386
|move|p1a: Scizor|Bug Bite|p2a: Quagsire
|-damage|p2a: Quagsire|53/100
|move|p2a: Quagsire|Earthquake|p1a: Scizor
|-damage|p1a: Scizor|43/100
|
|upkeep
|turn|28
|
|t:|1757953392
|move|p1a: Scizor|Bug Bite|p2a: Quagsire
|-damage|p2a: Quagsire|17/100
|move|p2a: Quagsire|Recover|p2a: Quagsire
|-heal|p2a: Quagsire|67/100
|
|upkeep
|turn|29
|
|t:|1757953399
|move|p1a: Scizor|Bug Bite|p2a: Quagsire
|-damage|p2a: Quagsire|31/100
|move|p2a: Quagsire|Recover|p2a: Quagsire
|-heal|p2a: Quagsire|81/100
|
|upkeep
|turn|30
|
|t:|1757953405
|move|p1a: Scizor|Close Combat|p2a: Quagsire
|-damage|p2a: Quagsire|48/100
|-unboost|p1a: Scizor|def|1
|-unboost|p1a: Scizor|spd|1
|move|p2a: Quagsire|Recover|p2a: Quagsire
|-heal|p2a: Quagsire|98/100
|
|upkeep
|turn|31
|
|t:|1757953413
|move|p1a: Scizor|Bug Bite|p2a: Quagsire
|-damage|p2a: Quagsire|61/100
|move|p2a: Quagsire|Earthquake|p1a: Scizor
|-damage|p1a: Scizor|14/100
|
|upkeep
|turn|32
|
|t:|1757953421
|move|p1a: Scizor|Bug Bite|p2a: Quagsire
|-damage|p2a: Quagsire|25/100
|move|p2a: Quagsire|Earthquake|p1a: Scizor
|-damage|p1a: Scizor|0 fnt
|faint|p1a: Scizor
|
|upkeep
|
|t:|1757953429
|switch|p1a: Azumarill|Azumarill, M|100/100
|-damage|p1a: Azumarill|75/100|[from] Spikes
|-status|p1a: Azumarill|tox
|turn|33
|
|t:|1757953435
|move|p1a: Azumarill|Aqua Jet|p2a: Quagsire
|-damage|p2a: Quagsire|7/100
|move|p2a: Quagsire|Haze|p2a: Quagsire
|-clearallboost
|
|-damage|p1a: Azumarill|69/100 tox|[from] psn
|upkeep
|turn|34
|
|t:|1757953443
|move|p1a: Azumarill|Aqua Jet|p2a: Quagsire
|-damage|p2a: Quagsire|0 fnt
|faint|p2a: Quagsire
|
|-damage|p1a: Azumarill|57/100 tox|[from] psn
|upkeep
|
|t:|1757953458
|switch|p2a: Gholdengo|Gholdengo|79/100
|turn|35
|
|t:|1757953464
|move|p2a: Gholdengo|Hex|p1a: Azumarill
|-damage|p1a: Azumarill|0 fnt
|faint|p1a: Azumarill
|
|win|manduu
|raw|Crimson Gray Yeon's rating: 1112 &rarr; <strong>1088</strong><br />(-24 for losing)
|raw|manduu's rating: 1127 &rarr; <strong>1151</strong><br />(+24 for winning)
|l|☆Crimson Gray Yeon
|player|p1|
