|j|☆bidofest
|j|☆Nikator98
|t:|1757894429
|gametype|singles
|player|p1|bidofest|265|1638
|player|p2|Nikator98|giovanni|1587
|gen|9
|tier|[Gen 9] OU
|rated|
|rule|HP Percentage Mod: HP is shown in percentages
|rule|Endless Battle Clause: Forcing endless battles is banned
|rule|Species Clause: Limit one of each Pokémon
|rule|OHKO Clause: OHKO moves are banned
|rule|Evasion Items Clause: Evasion items are banned
|rule|Evasion Moves Clause: Evasion moves are banned
|rule|Evasion Abilities Clause: Evasion abilities are banned
|rule|Sleep Moves Clause: Sleep-inducing moves are banned
|clearpoke
|poke|p1|Darkrai|
|poke|p1|Alomomola, F|
|poke|p1|Corviknight, F|
|poke|p1|Weezing-Galar, F|
|poke|p1|Ogerpon, F|
|poke|p1|Garchomp, M|
|poke|p2|Metagross|
|poke|p2|Great Tusk|
|poke|p2|Haxorus, M|
|poke|p2|Iron Moth|
|poke|p2|Zoroark-Hisui, M|
|poke|p2|Ninetales-Alola, F|
|teampreview
|j| adam_mbrki
|inactive|Battle timer is ON: inactive players will automatically lose when time's up. (requested by Nikator98)
|
|t:|1757894446
|teamsize|p1|6
|teamsize|p2|6
|start
|switch|p1a: Corviknight|Corviknight, F|100/100
|switch|p2a: Arquillian Sentry|Metagross|100/100
|-ability|p1a: Corviknight|Pressure
|turn|1
|
|t:|1757894453
|move|p2a: Arquillian Sentry|Flamethrower|p1a: Corviknight
|-supereffective|p1a: Corviknight
|-damage|p1a: Corviknight|39/100
|move|p1a: Corviknight|U-turn|p2a: Arquillian Sentry
|-resisted|p2a: Arquillian Sentry
|-damage|p2a: Arquillian Sentry|85/100
|replace|p2a: Van Helsing|Zoroark-Hisui, M, shiny
|-end|p2a: Van Helsing|Illusion
|
|t:|1757894473
|switch|p1a: Alomomola|Alomomola, F|100/100|[from] U-turn
|
|upkeep
|turn|2
|
|t:|1757894485
|switch|p2a: Asfaloth|Ninetales-Alola, F, shiny|100/100
|-weather|Snowscape|[from] ability: Snow Warning|[of] p2a: Asfaloth
|move|p1a: Alomomola|Flip Turn|p2a: Asfaloth
|-damage|p2a: Asfaloth|85/100
|
|t:|1757894491
|switch|p1a: Corviknight|Corviknight, F|39/100|[from] Flip Turn
|-ability|p1a: Corviknight|Pressure
|
|-weather|Snowscape|[upkeep]
|-heal|p1a: Corviknight|46/100|[from] item: Leftovers
|upkeep
|turn|3
|
|t:|1757894499
|move|p2a: Asfaloth|Freeze-Dry|p1a: Corviknight
|-damage|p1a: Corviknight|31/100
|move|p1a: Corviknight|Roost|p1a: Corviknight
|-heal|p1a: Corviknight|81/100
|-singleturn|p1a: Corviknight|move: Roost
|
|-weather|Snowscape|[upkeep]
|-heal|p1a: Corviknight|87/100|[from] item: Leftovers
|upkeep
|turn|4
|
|t:|1757894508
|move|p2a: Asfaloth|Encore|p1a: Corviknight
|-start|p1a: Corviknight|Encore
|move|p1a: Corviknight|Roost|p1a: Corviknight
|-heal|p1a: Corviknight|100/100
|-singleturn|p1a: Corviknight|move: Roost
|
|-weather|Snowscape|[upkeep]
|upkeep
|turn|5
|inactive|bidofest has 120 seconds left.
|j| Nodragondanceinrb
|
|t:|1757894565
|switch|p1a: Ogerpon|Ogerpon, F|100/100
|move|p2a: Asfaloth|Aurora Veil|p2a: Asfaloth
|-sidestart|p2: Nikator98|move: Aurora Veil
|
|-weather|Snowscape|[upkeep]
|upkeep
|turn|6
|
|t:|1757894570
|move|p1a: Ogerpon|Encore|p2a: Asfaloth
|-start|p2a: Asfaloth|Encore
|move|p2a: Asfaloth|Aurora Veil||[still]
|-fail|p2a: Asfaloth
|
|-weather|none
|upkeep
|turn|7
|inactive|bidofest has 90 seconds left.
|
|t:|1757894598
|switch|p2a: Arquillian Sentry|Metagross|100/100
|move|p1a: Ogerpon|Knock Off|p2a: Arquillian Sentry
|-supereffective|p2a: Arquillian Sentry
|-damage|p2a: Arquillian Sentry|76/100
|-enditem|p2a: Arquillian Sentry|Custap Berry|[from] move: Knock Off|[of] p1a: Ogerpon
|
|upkeep
|turn|8
|
|t:|1757894608
|switch|p2a: Asfaloth|Ninetales-Alola, F, shiny|85/100
|move|p1a: Ogerpon|U-turn|p2a: Asfaloth
|-resisted|p2a: Asfaloth
|-damage|p2a: Asfaloth|75/100
|replace|p2a: Van Helsing|Zoroark-Hisui, M, shiny
|-end|p2a: Van Helsing|Illusion
|inactive|bidofest has 90 seconds left.
|
|t:|1757894623
|switch|p1a: Alomomola|Alomomola, F|100/100|[from] U-turn
|
|upkeep
|turn|9
|inactive|bidofest has 90 seconds left.
|
|t:|1757894636
|switch|p2a: Arquillian Sentry|Metagross|76/100
|move|p1a: Alomomola|Flip Turn|p2a: Arquillian Sentry
|-damage|p2a: Arquillian Sentry|70/100
|
|t:|1757894643
|switch|p1a: Garchomp|Garchomp, M|100/100|[from] Flip Turn
|
|upkeep
|turn|10
|
|t:|1757894648
|switch|p2a: Asfaloth|Ninetales-Alola, F, shiny|85/100
|-weather|Snowscape|[from] ability: Snow Warning|[of] p2a: Asfaloth
|move|p1a: Garchomp|Stealth Rock|p2a: Asfaloth
|-sidestart|p2: Nikator98|move: Stealth Rock
|
|-weather|Snowscape|[upkeep]
|upkeep
|turn|11
|
|t:|1757894654
|switch|p1a: Corviknight|Corviknight, F|100/100
|-ability|p1a: Corviknight|Pressure
|move|p2a: Asfaloth|Freeze-Dry|p1a: Corviknight
|-damage|p1a: Corviknight|84/100
|
|-weather|Snowscape|[upkeep]
|-heal|p1a: Corviknight|91/100|[from] item: Leftovers
|upkeep
|turn|12
|j| Puyu Paz
|
|t:|1757894665
|move|p2a: Asfaloth|Freeze-Dry|p1a: Corviknight
|-damage|p1a: Corviknight|76/100
|move|p1a: Corviknight|U-turn|p2a: Asfaloth
|-resisted|p2a: Asfaloth
|-damage|p2a: Asfaloth|82/100
|l| Nodragondanceinrb
|inactive|bidofest has 90 seconds left.
|
|t:|1757894710
|switch|p1a: Alomomola|Alomomola, F|100/100|[from] U-turn
|
|-weather|Snowscape|[upkeep]
|-sideend|p2: Nikator98|move: Aurora Veil
|upkeep
|turn|13
|
|t:|1757894715
|move|p2a: Asfaloth|Aurora Veil|p2a: Asfaloth
|-sidestart|p2: Nikator98|move: Aurora Veil
|move|p1a: Alomomola|Body Slam|p2a: Asfaloth
|-damage|p2a: Asfaloth|75/100
|
|-weather|Snowscape|[upkeep]
|upkeep
|turn|14
|inactive|bidofest has 90 seconds left.
|
|t:|1757894723
|switch|p2a: Arquillian Sentry|Metagross|75/100
|-damage|p2a: Arquillian Sentry|62/100|[from] Stealth Rock
|move|p1a: Alomomola|Body Slam|p2a: Arquillian Sentry
|-immune|p2a: Arquillian Sentry
|
|-weather|none
|upkeep
|turn|15
|
|t:|1757894730
|move|p2a: Arquillian Sentry|Bitter Malice|p1a: Alomomola
|-damage|p1a: Alomomola|74/100
|-unboost|p1a: Alomomola|atk|1
|move|p1a: Alomomola|Mirror Coat|p2a: Arquillian Sentry
|-damage|p2a: Arquillian Sentry|0 fnt
|replace|p2a: Van Helsing|Zoroark-Hisui, M, shiny
|-end|p2a: Van Helsing|Illusion
|faint|p2a: Van Helsing
|
|upkeep
|
|t:|1757894743
|switch|p2a: Kumaryia|Great Tusk, shiny|100/100
|turn|16
|
|t:|1757894749
|move|p2a: Kumaryia|Rapid Spin|p1a: Alomomola
|-damage|p1a: Alomomola|62/100
|-boost|p2a: Kumaryia|spe|1
|-sideend|p2: Nikator98|Stealth Rock|[from] move: Rapid Spin|[of] p2a: Kumaryia
|move|p1a: Alomomola|Flip Turn|p2a: Kumaryia
|-supereffective|p2a: Kumaryia
|-damage|p2a: Kumaryia|92/100
|
|t:|1757894761
|switch|p1a: Weezing|Weezing-Galar, F|100/100|[from] Flip Turn
|-ability|p1a: Weezing|Neutralizing Gas
|
|upkeep
|turn|17
|
|t:|1757894775
|-end|p1a: Weezing|ability: Neutralizing Gas
|switch|p1a: Corviknight|Corviknight, F|76/100
|-ability|p1a: Corviknight|Pressure
|move|p2a: Kumaryia|Headlong Rush|p1a: Corviknight
|-immune|p1a: Corviknight
|
|-heal|p1a: Corviknight|82/100|[from] item: Leftovers
|upkeep
|turn|18
|
|t:|1757894784
|move|p2a: Kumaryia|Knock Off|p1a: Corviknight
|-damage|p1a: Corviknight|53/100
|-enditem|p1a: Corviknight|Leftovers|[from] move: Knock Off|[of] p2a: Kumaryia
|move|p1a: Corviknight|Brave Bird|p2a: Kumaryia
|-supereffective|p2a: Kumaryia
|-damage|p2a: Kumaryia|68/100
|-damage|p1a: Corviknight|46/100|[from] Recoil
|
|upkeep
|turn|19
|
|t:|1757894804
|-end|p2a: Kumaryia|Protosynthesis|[silent]
|switch|p2a: Arquillian Sentry|Metagross|70/100
|move|p1a: Corviknight|Roost|p1a: Corviknight
|-heal|p1a: Corviknight|96/100
|-singleturn|p1a: Corviknight|move: Roost
|
|upkeep
|turn|20
|l| adam_mbrki
|j| t_yeu
|
|t:|1757894814
|move|p2a: Arquillian Sentry|Stealth Rock|p1a: Corviknight
|-sidestart|p1: bidofest|move: Stealth Rock
|move|p1a: Corviknight|U-turn|p2a: Arquillian Sentry
|-damage|p2a: Arquillian Sentry|64/100
|
|t:|1757894822
|switch|p1a: Darkrai|Darkrai|100/100|[from] U-turn
|-damage|p1a: Darkrai|88/100|[from] Stealth Rock
|
|-sideend|p2: Nikator98|move: Aurora Veil
|upkeep
|turn|21
|
|t:|1757894848
|switch|p2a: Asfaloth|Ninetales-Alola, F, shiny|75/100
|-weather|Snowscape|[from] ability: Snow Warning|[of] p2a: Asfaloth
|move|p1a: Darkrai|Dark Pulse|p2a: Asfaloth
|-resisted|p2a: Asfaloth
|-damage|p2a: Asfaloth|39/100
|
|-weather|Snowscape|[upkeep]
|upkeep
|turn|22
|inactive|bidofest has 120 seconds left.
|inactive|bidofest has 90 seconds left.
|inactive|bidofest has 60 seconds left.
|
|t:|1757894952
|switch|p2a: Gothmog|Iron Moth|100/100
|-enditem|p2a: Gothmog|Booster Energy
|-activate|p2a: Gothmog|ability: Quark Drive|[fromitem]
|-start|p2a: Gothmog|quarkdrivespe
|-terastallize|p1a: Darkrai|Dark
|move|p1a: Darkrai|Dark Pulse|p2a: Gothmog
|-damage|p2a: Gothmog|17/100
|
|-weather|Snowscape|[upkeep]
|upkeep
|turn|23
|
|t:|1757894967
|switch|p1a: Alomomola|Alomomola, F|95/100
|-damage|p1a: Alomomola|83/100|[from] Stealth Rock
|move|p2a: Gothmog|Sludge Wave|p1a: Alomomola
|-damage|p1a: Alomomola|60/100
|
|-weather|Snowscape|[upkeep]
|upkeep
|turn|24
|
|t:|1757894974
|move|p1a: Alomomola|Aqua Jet|p2a: Gothmog
|-supereffective|p2a: Gothmog
|-damage|p2a: Gothmog|0 fnt
|faint|p2a: Gothmog
|-end|p2a: Gothmog|Quark Drive|[silent]
|
|-weather|Snowscape|[upkeep]
|upkeep
|
|t:|1757894982
|switch|p2a: Asfaloth|Ninetales-Alola, F, shiny|39/100
|turn|25
|
|t:|1757894989
|move|p2a: Asfaloth|Aurora Veil|p2a: Asfaloth
|-sidestart|p2: Nikator98|move: Aurora Veil
|move|p1a: Alomomola|Flip Turn|p2a: Asfaloth
|-damage|p2a: Asfaloth|31/100
|
|t:|1757894992
|switch|p1a: Corviknight|Corviknight, F|96/100|[from] Flip Turn
|-damage|p1a: Corviknight|83/100|[from] Stealth Rock
|-ability|p1a: Corviknight|Pressure
|
|-weather|none
|upkeep
|turn|26
|
|t:|1757895000
|switch|p2a: Lacelle|Haxorus, M|100/100
|-ability|p2a: Lacelle|Mold Breaker
|move|p1a: Corviknight|Defog|p2a: Lacelle
|-unboost|p2a: Lacelle|evasion|1
|-sideend|p2: Nikator98|move: Aurora Veil
|-sideend|p1: bidofest|Stealth Rock|[from] move: Defog|[of] p1a: Corviknight
|
|upkeep
|turn|27
|
|t:|1757895008
|switch|p2a: Asfaloth|Ninetales-Alola, F, shiny|31/100
|-weather|Snowscape|[from] ability: Snow Warning|[of] p2a: Asfaloth
|move|p1a: Corviknight|U-turn|p2a: Asfaloth
|-resisted|p2a: Asfaloth
|-damage|p2a: Asfaloth|25/100
|
|t:|1757895016
|switch|p1a: Darkrai|Darkrai, tera:Dark|88/100|[from] U-turn
|
|-weather|Snowscape|[upkeep]
|upkeep
|turn|28
|
|t:|1757895023
|move|p1a: Darkrai|Dark Pulse|p2a: Asfaloth
|-resisted|p2a: Asfaloth
|-damage|p2a: Asfaloth|0 fnt
|faint|p2a: Asfaloth
|
|-weather|Snowscape|[upkeep]
|upkeep
|
|t:|1757895035
|switch|p2a: Kumaryia|Great Tusk, shiny|68/100
|turn|29
|
|t:|1757895046
|switch|p1a: Corviknight|Corviknight, F|83/100
|-ability|p1a: Corviknight|Pressure
|move|p2a: Kumaryia|Rapid Spin|p1a: Corviknight
|-resisted|p1a: Corviknight
|-damage|p1a: Corviknight|76/100
|-boost|p2a: Kumaryia|spe|1
|
|-weather|Snowscape|[upkeep]
|upkeep
|turn|30
|
|t:|1757895055
|-end|p2a: Kumaryia|Protosynthesis|[silent]
|switch|p2a: Arquillian Sentry|Metagross|64/100
|move|p1a: Corviknight|Brave Bird|p2a: Arquillian Sentry
|-resisted|p2a: Arquillian Sentry
|-damage|p2a: Arquillian Sentry|49/100
|-damage|p1a: Corviknight|72/100|[from] Recoil
|
|-weather|Snowscape|[upkeep]
|upkeep
|turn|31
|
|t:|1757895080
|move|p2a: Arquillian Sentry|Stealth Rock|p1a: Corviknight
|-sidestart|p1: bidofest|move: Stealth Rock
|move|p1a: Corviknight|U-turn|p2a: Arquillian Sentry
|-damage|p2a: Arquillian Sentry|38/100
|
|t:|1757895086
|switch|p1a: Darkrai|Darkrai, tera:Dark|88/100|[from] U-turn
|-damage|p1a: Darkrai|76/100|[from] Stealth Rock
|
|-weather|none
|upkeep
|turn|32
|
|t:|1757895092
|switch|p2a: Kumaryia|Great Tusk, shiny|68/100
|move|p1a: Darkrai|Dark Pulse|p2a: Kumaryia
|-resisted|p2a: Kumaryia
|-damage|p2a: Kumaryia|0 fnt
|faint|p2a: Kumaryia
|-end|p2a: Kumaryia|Protosynthesis|[silent]
|
|upkeep
|
|t:|1757895101
|switch|p2a: Lacelle|Haxorus, M|100/100
|-ability|p2a: Lacelle|Mold Breaker
|turn|33
|
|t:|1757895105
|move|p1a: Darkrai|Dark Pulse|p2a: Lacelle
|-damage|p2a: Lacelle|0 fnt
|faint|p2a: Lacelle
|
|upkeep
|-message|Nikator98 forfeited.
|
|win|bidofest
|raw|bidofest's rating: 1638 &rarr; <strong>1655</strong><br />(+17 for winning)
|raw|Nikator98's rating: 1587 &rarr; <strong>1570</strong><br />(-17 for losing)
|l|☆Nikator98
|player|p2|
|l| Puyu Paz
|l|☆bidofest
|player|p1|
|l| t_yeu
|j| t_yeu
|l| t_yeu
