|j|☆chaheed
|j|☆epicgamer069420
|t:|1757829819
|gametype|singles
|player|p1|chaheed|ninjaboy|1769
|player|p2|epicgamer069420|hilbert|1567
|gen|9
|tier|[Gen 9] OU
|rated|
|rule|HP Percentage Mod: HP is shown in percentages
|rule|Endless Battle Clause: Forcing endless battles is banned
|rule|Species Clause: Limit one of each Pokémon
|rule|OHKO Clause: OHKO moves are banned
|rule|Evasion Items Clause: Evasion items are banned
|rule|Evasion Moves Clause: Evasion moves are banned
|rule|Evasion Abilities Clause: Evasion abilities are banned
|rule|Sleep Moves Clause: Sleep-inducing moves are banned
|clearpoke
|poke|p1|Dragonite, F|
|poke|p1|Dragapult, M|
|poke|p1|Iron Moth|
|poke|p1|Greninja-*, M|
|poke|p1|Serperior, M|
|poke|p1|Iron Treads|
|poke|p2|Landorus-Therian, M|
|poke|p2|Ribombee, F|
|poke|p2|Gholdengo|
|poke|p2|Iron Moth|
|poke|p2|Raging Bolt|
|poke|p2|Kingambit, M|
|teampreview
|inactive|Battle timer is ON: inactive players will automatically lose when time's up. (requested by epicgamer069420)
|
|t:|1757829834
|teamsize|p1|6
|teamsize|p2|6
|start
|switch|p1a: Iron Moth|Iron Moth|100/100
|switch|p2a: Deep Blue Sea|Landorus-Therian, M|100/100
|-ability|p2a: Deep Blue Sea|Intimidate|boost
|-unboost|p1a: Iron Moth|atk|1
|-enditem|p1a: Iron Moth|Booster Energy
|-activate|p1a: Iron Moth|ability: Quark Drive|[fromitem]
|-start|p1a: Iron Moth|quarkdrivespe
|turn|1
|
|t:|1757829844
|move|p1a: Iron Moth|Substitute|p1a: Iron Moth
|-start|p1a: Iron Moth|Substitute
|-damage|p1a: Iron Moth|76/100
|move|p2a: Deep Blue Sea|Smack Down|p1a: Iron Moth
|-supereffective|p1a: Iron Moth
|-end|p1a: Iron Moth|Substitute
|
|upkeep
|turn|2
|
|t:|1757829852
|move|p1a: Iron Moth|Fiery Dance|p2a: Deep Blue Sea
|-damage|p2a: Deep Blue Sea|44/100
|move|p2a: Deep Blue Sea|Earthquake|p1a: Iron Moth
|-supereffective|p1a: Iron Moth
|-damage|p1a: Iron Moth|0 fnt
|faint|p1a: Iron Moth
|-end|p1a: Iron Moth|Quark Drive|[silent]
|
|upkeep
|
|t:|1757829865
|switch|p1a: Iron Treads|Iron Treads|100/100
|-enditem|p1a: Iron Treads|Booster Energy
|-activate|p1a: Iron Treads|ability: Quark Drive|[fromitem]
|-start|p1a: Iron Treads|quarkdrivespe
|turn|3
|
|t:|1757829869
|move|p1a: Iron Treads|Earthquake|p2a: Deep Blue Sea
|-immune|p2a: Deep Blue Sea
|move|p2a: Deep Blue Sea|Earthquake|p1a: Iron Treads
|-supereffective|p1a: Iron Treads
|-damage|p1a: Iron Treads|0 fnt
|faint|p1a: Iron Treads
|-end|p1a: Iron Treads|Quark Drive|[silent]
|
|upkeep
|
|t:|1757829878
|switch|p1a: Dragapult|Dragapult, M|100/100
|turn|4
|
|t:|1757829884
|switch|p2a: ROBO-KY|Ribombee, F|100/100
|move|p1a: Dragapult|Hydro Pump|p2a: ROBO-KY
|-damage|p2a: ROBO-KY|45/100
|
|upkeep
|turn|5
|c|☆chaheed|that sucks
|
|t:|1757829890
|move|p1a: Dragapult|Hex|p2a: ROBO-KY
|-damage|p2a: ROBO-KY|0 fnt
|faint|p2a: ROBO-KY
|
|upkeep
|
|t:|1757829903
|switch|p2a: Defiant t'il end|Kingambit, M|100/100
|-activate|p2a: Defiant t'il end|ability: Supreme Overlord
|-start|p2a: Defiant t'il end|fallen1|[silent]
|turn|6
|
|t:|1757829907
|move|p1a: Dragapult|Will-O-Wisp|p2a: Defiant t'il end
|-status|p2a: Defiant t'il end|brn
|-enditem|p2a: Defiant t'il end|Lum Berry|[eat]
|-curestatus|p2a: Defiant t'il end|brn|[msg]
|move|p2a: Defiant t'il end|Kowtow Cleave|p1a: Dragapult
|-supereffective|p1a: Dragapult
|-enditem|p1a: Dragapult|Focus Sash
|-damage|p1a: Dragapult|1/100
|
|upkeep
|turn|7
|
|t:|1757829916
|-end|p2a: Defiant t'il end|fallen1|[silent]
|switch|p2a: Last Surprise|Iron Moth|100/100
|move|p1a: Dragapult|Will-O-Wisp|p2a: Last Surprise
|-immune|p2a: Last Surprise
|
|upkeep
|turn|8
|
|t:|1757829924
|move|p1a: Dragapult|Dragon Darts|p2a: Last Surprise
|-damage|p2a: Last Surprise|62/100
|-anim|p1a: Dragapult|Dragon Darts|p2a: Last Surprise
|-damage|p2a: Last Surprise|25/100
|move|p2a: Last Surprise|Fiery Dance|p1a: Dragapult
|-resisted|p1a: Dragapult
|-damage|p1a: Dragapult|0 fnt
|-boost|p2a: Last Surprise|spa|1
|faint|p1a: Dragapult
|
|upkeep
|
|t:|1757829935
|switch|p1a: Greninja|Greninja, M|100/100
|turn|9
|
|t:|1757829942
|-end|p2a: Last Surprise|Quark Drive|[silent]
|switch|p2a: Defiant t'il end|Kingambit, M|100/100
|-activate|p2a: Defiant t'il end|ability: Supreme Overlord
|-start|p2a: Defiant t'il end|fallen1|[silent]
|move|p1a: Greninja|Ice Beam|p2a: Defiant t'il end
|-resisted|p2a: Defiant t'il end
|-damage|p2a: Defiant t'il end|82/100
|-damage|p1a: Greninja|91/100|[from] item: Life Orb
|
|upkeep
|turn|10
|
|t:|1757829949
|-end|p2a: Defiant t'il end|fallen1|[silent]
|switch|p2a: Cleanup Celestial|Raging Bolt|100/100
|-enditem|p2a: Cleanup Celestial|Booster Energy
|-activate|p2a: Cleanup Celestial|ability: Protosynthesis|[fromitem]
|-start|p2a: Cleanup Celestial|protosynthesisspa
|move|p1a: Greninja|Surf|p2a: Cleanup Celestial
|-resisted|p2a: Cleanup Celestial
|-damage|p2a: Cleanup Celestial|75/100
|-damage|p1a: Greninja|81/100|[from] item: Life Orb
|
|upkeep
|turn|11
|
|t:|1757829959
|move|p1a: Greninja|Ice Beam|p2a: Cleanup Celestial
|-supereffective|p2a: Cleanup Celestial
|-damage|p2a: Cleanup Celestial|7/100
|-damage|p1a: Greninja|71/100|[from] item: Life Orb
|move|p2a: Cleanup Celestial|Thunderbolt|p1a: Greninja
|-supereffective|p1a: Greninja
|-damage|p1a: Greninja|0 fnt
|faint|p1a: Greninja
|
|upkeep
|
|t:|1757829971
|switch|p1a: Serperior|Serperior, M|100/100
|turn|12
|
|t:|1757829978
|move|p2a: Cleanup Celestial|Thunderclap|p1a: Serperior
|-resisted|p1a: Serperior
|-damage|p1a: Serperior|65/100
|move|p1a: Serperior|Leaf Storm|p2a: Cleanup Celestial|[miss]
|-miss|p1a: Serperior|p2a: Cleanup Celestial
|
|upkeep
|turn|13
|
|t:|1757829984
|move|p2a: Cleanup Celestial|Thunderclap|p1a: Serperior
|-resisted|p1a: Serperior
|-damage|p1a: Serperior|32/100
|move|p1a: Serperior|Leaf Storm|p2a: Cleanup Celestial
|-resisted|p2a: Cleanup Celestial
|-damage|p2a: Cleanup Celestial|0 fnt
|-boost|p1a: Serperior|spa|2
|faint|p2a: Cleanup Celestial
|-end|p2a: Cleanup Celestial|Protosynthesis|[silent]
|
|upkeep
|
|t:|1757829992
|switch|p2a: Defiant t'il end|Kingambit, M|82/100
|-activate|p2a: Defiant t'il end|ability: Supreme Overlord
|-start|p2a: Defiant t'il end|fallen2|[silent]
|turn|14
|
|t:|1757829996
|move|p1a: Serperior|Leaf Storm|p2a: Defiant t'il end
|-resisted|p2a: Defiant t'il end
|-crit|p2a: Defiant t'il end
|-damage|p2a: Defiant t'il end|6/100
|-boost|p1a: Serperior|spa|2
|move|p2a: Defiant t'il end|Kowtow Cleave|p1a: Serperior
|-damage|p1a: Serperior|0 fnt
|faint|p1a: Serperior
|
|upkeep
|
|t:|1757830004
|switch|p1a: Dragonite|Dragonite, F|100/100
|turn|15
|
|t:|1757830007
|move|p1a: Dragonite|Scale Shot|p2a: Defiant t'il end
|-resisted|p2a: Defiant t'il end
|-damage|p2a: Defiant t'il end|0 fnt
|faint|p2a: Defiant t'il end
|-end|p2a: Defiant t'il end|fallen2|[silent]
|-hitcount|p2: Defiant t'il end|1
|-unboost|p1a: Dragonite|def|1
|-boost|p1a: Dragonite|spe|1
|
|upkeep
|
|t:|1757830012
|switch|p2a: Deep Blue Sea|Landorus-Therian, M|44/100
|-ability|p2a: Deep Blue Sea|Intimidate|boost
|-unboost|p1a: Dragonite|atk|1
|turn|16
|
|t:|1757830019
|-terastallize|p2a: Deep Blue Sea|Fairy
|move|p1a: Dragonite|Scale Shot|p2a: Deep Blue Sea
|-immune|p2a: Deep Blue Sea
|move|p2a: Deep Blue Sea|Tera Blast|p1a: Dragonite|[anim] Tera Blast Fairy
|-supereffective|p1a: Dragonite
|-damage|p1a: Dragonite|4/100
|
|upkeep
|turn|17
|
|t:|1757830028
|-terastallize|p1a: Dragonite|Fire
|move|p1a: Dragonite|Fire Punch|p2a: Deep Blue Sea
|-damage|p2a: Deep Blue Sea|7/100
|move|p2a: Deep Blue Sea|Tera Blast|p1a: Dragonite|[anim] Tera Blast Fairy
|-resisted|p1a: Dragonite
|-damage|p1a: Dragonite|0 fnt
|faint|p1a: Dragonite
|
|win|epicgamer069420
|raw|chaheed's rating: 1769 &rarr; <strong>1739</strong><br />(-30 for losing)
|raw|epicgamer069420's rating: 1567 &rarr; <strong>1597</strong><br />(+30 for winning)
|l|☆chaheed
|player|p1|
|l|☆epicgamer069420
|player|p2|
