|j|☆ultramegagigachad
|j|☆Dranzerzx
|t:|1757936448
|gametype|singles
|player|p1|ultramegagigachad|hilbert|1233
|player|p2|Dranzerzx|burglar|1286
|gen|9
|tier|[Gen 9] OU
|rated|
|rule|HP Percentage Mod: HP is shown in percentages
|rule|Endless Battle Clause: Forcing endless battles is banned
|rule|Species Clause: Limit one of each Pokémon
|rule|OHKO Clause: OHKO moves are banned
|rule|Evasion Items Clause: Evasion items are banned
|rule|Evasion Moves Clause: Evasion moves are banned
|rule|Evasion Abilities Clause: Evasion abilities are banned
|rule|Sleep Moves Clause: Sleep-inducing moves are banned
|clearpoke
|poke|p1|Araquanid, M|
|poke|p1|Dragapult, F|
|poke|p1|Landorus-Therian, M|
|poke|p1|Kingambit, F|
|poke|p1|Enamorus, F|
|poke|p1|Cinderace, M|
|poke|p2|Slowking-Galar, F|
|poke|p2|Samurott-Hisui, F|
|poke|p2|Iron Valiant|
|poke|p2|Great Tusk|
|poke|p2|Blaziken, F|
|poke|p2|Alomomola, F|
|teampreview
|
|t:|1757936472
|teamsize|p1|6
|teamsize|p2|6
|start
|switch|p1a: Araquanid|Araquanid, M|100/100
|switch|p2a: Slowking|Slowking-Galar, F|100/100
|turn|1
|
|t:|1757936479
|move|p1a: Araquanid|Sticky Web|p2a: Slowking
|-sidestart|p2: Dranzerzx|move: Sticky Web
|move|p2a: Slowking|Sludge Bomb|p1a: Araquanid
|-damage|p1a: Araquanid|72/100
|-status|p1a: Araquanid|psn
|
|-damage|p1a: Araquanid|59/100 psn|[from] psn
|upkeep
|turn|2
|
|t:|1757936487
|move|p1a: Araquanid|Lunge|p2a: Slowking
|-crit|p2a: Slowking
|-damage|p2a: Slowking|52/100
|-unboost|p2a: Slowking|atk|1
|move|p2a: Slowking|Thunder Wave||[still]
|-fail|p2a: Slowking
|
|-damage|p1a: Araquanid|47/100 psn|[from] psn
|upkeep
|turn|3
|
|t:|1757936495
|move|p1a: Araquanid|Liquidation|p2a: Slowking
|-damage|p2a: Slowking|0 fnt
|faint|p2a: Slowking
|
|-damage|p1a: Araquanid|35/100 psn|[from] psn
|upkeep
|
|t:|1757936509
|switch|p2a: Blaziken|Blaziken, F|100/100
|-activate|p2a: Blaziken|move: Sticky Web
|-unboost|p2a: Blaziken|spe|1
|turn|4
|
|t:|1757936514
|move|p2a: Blaziken|Protect|p2a: Blaziken
|-singleturn|p2a: Blaziken|Protect
|move|p1a: Araquanid|Endure||[still]
|-fail|p1a: Araquanid
|
|-damage|p1a: Araquanid|22/100 psn|[from] psn
|-ability|p2a: Blaziken|Speed Boost|boost
|-boost|p2a: Blaziken|spe|1
|upkeep
|turn|5
|-enditem|p1a: Araquanid|Custap Berry|[eat]
|-activate|p1a: Araquanid|item: Custap Berry|[consumed]
|
|t:|1757936520
|move|p1a: Araquanid|Liquidation|p2a: Blaziken
|-supereffective|p2a: Blaziken
|-damage|p2a: Blaziken|0 fnt
|faint|p2a: Blaziken
|
|-damage|p1a: Araquanid|10/100 psn|[from] psn
|upkeep
|
|t:|1757936524
|switch|p2a: Samurott|Samurott-Hisui, F|100/100
|-activate|p2a: Samurott|move: Sticky Web
|-unboost|p2a: Samurott|spe|1
|turn|6
|
|t:|1757936531
|move|p2a: Samurott|Ceaseless Edge|p1a: Araquanid
|-damage|p1a: Araquanid|0 fnt
|-sidestart|p1: ultramegagigachad|Spikes
|faint|p1a: Araquanid
|
|upkeep
|
|t:|1757936538
|switch|p1a: Enamorus|Enamorus, F|100/100
|turn|7
|
|t:|1757936563
|switch|p2a: Alomomola|Alomomola, F, shiny|100/100
|-activate|p2a: Alomomola|move: Sticky Web
|-unboost|p2a: Alomomola|spe|1
|move|p1a: Enamorus|Moonblast|p2a: Alomomola
|-damage|p2a: Alomomola|17/100
|
|-heal|p2a: Alomomola|24/100|[from] item: Leftovers
|upkeep
|turn|8
|
|t:|1757936570
|move|p1a: Enamorus|Moonblast|p2a: Alomomola
|-damage|p2a: Alomomola|0 fnt
|faint|p2a: Alomomola
|
|upkeep
|
|t:|1757936574
|switch|p2a: Great Tusk|Great Tusk, shiny|100/100
|turn|9
|
|t:|1757936580
|move|p1a: Enamorus|Moonblast|p2a: Great Tusk
|-supereffective|p2a: Great Tusk
|-damage|p2a: Great Tusk|0 fnt
|faint|p2a: Great Tusk
|-end|p2a: Great Tusk|Protosynthesis|[silent]
|
|upkeep
|
|t:|1757936581
|switch|p2a: Iron Valiant|Iron Valiant|100/100
|-activate|p2a: Iron Valiant|move: Sticky Web
|-unboost|p2a: Iron Valiant|spe|1
|-enditem|p2a: Iron Valiant|Booster Energy
|-activate|p2a: Iron Valiant|ability: Quark Drive|[fromitem]
|-start|p2a: Iron Valiant|quarkdrivespa
|turn|10
|
|t:|1757936586
|-terastallize|p2a: Iron Valiant|Steel
|move|p1a: Enamorus|Moonblast|p2a: Iron Valiant
|-resisted|p2a: Iron Valiant
|-damage|p2a: Iron Valiant|35/100
|move|p2a: Iron Valiant|Moonblast|p1a: Enamorus
|-damage|p1a: Enamorus|18/100
|
|upkeep
|turn|11
|c|☆Dranzerzx|ur fkn buns
|
|t:|1757936593
|move|p1a: Enamorus|Moonblast|p2a: Iron Valiant
|-resisted|p2a: Iron Valiant
|-damage|p2a: Iron Valiant|0 fnt
|faint|p2a: Iron Valiant
|-end|p2a: Iron Valiant|Quark Drive|[silent]
|
|upkeep
|-message|Dranzerzx forfeited.
|
|win|ultramegagigachad
|raw|ultramegagigachad's rating: 1233 &rarr; <strong>1262</strong><br />(+29 for winning)
|raw|Dranzerzx's rating: 1286 &rarr; <strong>1257</strong><br />(-29 for losing)
|l|☆Dranzerzx
|player|p2|
|c|☆ultramegagigachad|what did i do
