|j|☆Don Birria
|j|☆GreaterPlays
|t:|1757930762
|gametype|singles
|player|p1|Don Birria|101|1311
|player|p2|GreaterPlays|biker-gen3|1300
|gen|9
|tier|[Gen 9] OU
|rated|
|rule|HP Percentage Mod: HP is shown in percentages
|rule|Endless Battle Clause: Forcing endless battles is banned
|rule|Species Clause: Limit one of each Pokémon
|rule|OHKO Clause: OHKO moves are banned
|rule|Evasion Items Clause: Evasion items are banned
|rule|Evasion Moves Clause: Evasion moves are banned
|rule|Evasion Abilities Clause: Evasion abilities are banned
|rule|Sleep Moves Clause: Sleep-inducing moves are banned
|clearpoke
|poke|p1|Meowscarada, M|
|poke|p1|Vaporeon, M|
|poke|p1|Muk-Alola, M|
|poke|p1|Cinderace, M|
|poke|p1|Hydrapple, F|
|poke|p1|Grimmsnarl, M|
|poke|p2|Lokix, F|
|poke|p2|Cinderace, F|
|poke|p2|Great Tusk|
|poke|p2|Alomomola, M|
|poke|p2|Enamorus, F|
|poke|p2|Slowking-Galar, M|
|teampreview
|inactive|Battle timer is ON: inactive players will automatically lose when time's up. (requested by Don Birria)
|inactive|GreaterPlays has 120 seconds left.
|
|t:|1757930799
|teamsize|p1|6
|teamsize|p2|6
|start
|switch|p1a: Galdra|Meowscarada, M|100/100
|switch|p2a: Cinderace|Cinderace, F|100/100
|turn|1
|
|t:|1757930803
|move|p1a: Galdra|Knock Off|p2a: Cinderace
|-damage|p2a: Cinderace|45/100
|-enditem|p2a: Cinderace|Heavy-Duty Boots|[from] move: Knock Off|[of] p1a: Galdra
|move|p2a: Cinderace|U-turn|p1a: Galdra
|-supereffective|p1a: Galdra
|-enditem|p1a: Galdra|Focus Sash
|-damage|p1a: Galdra|1/100
|
|t:|1757930824
|switch|p2a: Lokix|Lokix, F|100/100|[from] U-turn
|
|upkeep
|turn|2
|
|t:|1757930831
|move|p2a: Lokix|First Impression|p1a: Galdra
|-supereffective|p1a: Galdra
|-damage|p1a: Galdra|0 fnt
|faint|p1a: Galdra
|
|upkeep
|
|t:|1757930835
|switch|p1a: Vaporwave|Vaporeon, M, shiny|100/100
|turn|3
|
|t:|1757930854
|switch|p2a: Alomomola|Alomomola, M|100/100
|move|p1a: Vaporwave|Aqua Ring|p1a: Vaporwave
|-start|p1a: Vaporwave|Aqua Ring
|
|upkeep
|turn|4
|
|t:|1757930866
|move|p1a: Vaporwave|Calm Mind|p1a: Vaporwave
|-boost|p1a: Vaporwave|spa|1
|-boost|p1a: Vaporwave|spd|1
|move|p2a: Alomomola|Flip Turn|p1a: Vaporwave
|-immune|p1a: Vaporwave|[from] ability: Water Absorb
|
|upkeep
|turn|5
|
|t:|1757930880
|switch|p2a: Lokix|Lokix, F|100/100
|move|p1a: Vaporwave|Scald|p2a: Lokix
|-damage|p2a: Lokix|13/100
|
|upkeep
|turn|6
|
|t:|1757930891
|-terastallize|p2a: Lokix|Bug
|move|p2a: Lokix|Leech Life|p1a: Vaporwave
|-damage|p1a: Vaporwave|46/100
|-heal|p2a: Lokix|56/100|[from] drain|[of] p1a: Vaporwave
|move|p1a: Vaporwave|Scald|p2a: Lokix
|-damage|p2a: Lokix|0 fnt
|faint|p2a: Lokix
|
|-heal|p1a: Vaporwave|52/100|[from] item: Leftovers
|-heal|p1a: Vaporwave|59/100|[from] Aqua Ring
|upkeep
|
|t:|1757930899
|switch|p2a: Enamorus|Enamorus, F|100/100
|turn|7
|
|t:|1757930903
|-terastallize|p1a: Vaporwave|Steel
|move|p2a: Enamorus|Moonblast|p1a: Vaporwave
|-resisted|p1a: Vaporwave
|-damage|p1a: Vaporwave|44/100
|move|p1a: Vaporwave|Ice Beam|p2a: Enamorus
|-supereffective|p2a: Enamorus
|-damage|p2a: Enamorus|13/100
|
|-heal|p1a: Vaporwave|50/100|[from] item: Leftovers
|-heal|p1a: Vaporwave|56/100|[from] Aqua Ring
|upkeep
|turn|8
|-message|GreaterPlays forfeited.
|
|win|Don Birria
|raw|Don Birria's rating: 1311 &rarr; <strong>1330</strong><br />(+19 for winning)
|raw|GreaterPlays's rating: 1300 &rarr; <strong>1276</strong><br />(-24 for losing)
|l|☆GreaterPlays
|player|p2|
|l|☆Don Birria
|player|p1|
