|j|☆FlutterKiller
|j|☆TheInfiniteCrafter
|t:|1757807004
|gametype|singles
|player|p1|FlutterKiller|byron|1182
|player|p2|TheInfiniteCrafter|hilbert|1112
|gen|9
|tier|[Gen 9] OU
|rated|
|rule|HP Percentage Mod: HP is shown in percentages
|rule|Endless Battle Clause: Forcing endless battles is banned
|rule|Species Clause: Limit one of each Pokémon
|rule|OHKO Clause: OHKO moves are banned
|rule|Evasion Items Clause: Evasion items are banned
|rule|Evasion Moves Clause: Evasion moves are banned
|rule|Evasion Abilities Clause: Evasion abilities are banned
|rule|Sleep Moves Clause: Sleep-inducing moves are banned
|clearpoke
|poke|p1|Arcanine-Hisui, F|
|poke|p1|Ting-Lu|
|poke|p1|Cyclizar, M|
|poke|p1|Enamorus, F|
|poke|p1|Gholdengo|
|poke|p1|Blaziken, M|
|poke|p2|Lilligant-Hisui, F|
|poke|p2|Ninetales, F|
|poke|p2|Ceruledge, F|
|poke|p2|Iron Valiant|
|poke|p2|Clefable, F|
|poke|p2|Garganacl, M|
|teampreview
|inactive|Battle timer is ON: inactive players will automatically lose when time's up. (requested by FlutterKiller)
|c|☆TheInfiniteCrafter|glhf
|j| PrincessGardevoir
|c|☆FlutterKiller|you too
|
|t:|1757807013
|teamsize|p1|6
|teamsize|p2|6
|start
|switch|p1a: Moose|Ting-Lu|100/100
|switch|p2a: Ninetales|Ninetales, F|100/100
|-weather|SunnyDay|[from] ability: Drought|[of] p2a: Ninetales
|-ability|p1a: Moose|Vessel of Ruin
|turn|1
|
|t:|1757807024
|move|p2a: Ninetales|Will-O-Wisp|p1a: Moose
|-status|p1a: Moose|brn
|move|p1a: Moose|Sand Tomb|p2a: Ninetales
|-supereffective|p2a: Ninetales
|-damage|p2a: Ninetales|83/100
|-activate|p2a: Ninetales|move: Sand Tomb|[of] p1a: Moose
|
|-weather|SunnyDay|[upkeep]
|-damage|p1a: Moose|94/100 brn|[from] brn
|-damage|p2a: Ninetales|71/100|[from] move: Sand Tomb|[partiallytrapped]
|upkeep
|turn|2
|
|t:|1757807036
|move|p2a: Ninetales|Weather Ball|p1a: Moose
|-damage|p1a: Moose|79/100 brn
|move|p1a: Moose|Snarl|p2a: Ninetales|[miss]
|-miss|p1a: Moose|p2a: Ninetales
|
|-weather|SunnyDay|[upkeep]
|-damage|p1a: Moose|73/100 brn|[from] brn
|-damage|p2a: Ninetales|58/100|[from] move: Sand Tomb|[partiallytrapped]
|upkeep
|turn|3
|
|t:|1757807051
|move|p2a: Ninetales|Weather Ball|p1a: Moose
|-damage|p1a: Moose|58/100 brn
|move|p1a: Moose|Snarl|p2a: Ninetales
|-damage|p2a: Ninetales|47/100
|-unboost|p2a: Ninetales|spa|1
|
|-weather|SunnyDay|[upkeep]
|-damage|p1a: Moose|52/100 brn|[from] brn
|-damage|p2a: Ninetales|35/100|[from] move: Sand Tomb|[partiallytrapped]
|upkeep
|turn|4
|c|☆FlutterKiller|i've missed one move in every single battle i've done it'd not even funny
|
|t:|1757807067
|move|p2a: Ninetales|Weather Ball|p1a: Moose
|-damage|p1a: Moose|42/100 brn
|move|p1a: Moose|Sand Tomb|p2a: Ninetales
|-supereffective|p2a: Ninetales
|-damage|p2a: Ninetales|17/100
|
|-weather|SunnyDay|[upkeep]
|-damage|p1a: Moose|36/100 brn|[from] brn
|-damage|p2a: Ninetales|4/100|[from] move: Sand Tomb|[partiallytrapped]
|upkeep
|turn|5
|c|☆TheInfiniteCrafter|the <100% accuracy experience
|
|t:|1757807095
|move|p2a: Ninetales|Weather Ball|p1a: Moose
|-crit|p1a: Moose
|-damage|p1a: Moose|11/100 brn
|move|p1a: Moose|Body Press|p2a: Ninetales
|-damage|p2a: Ninetales|0 fnt
|faint|p2a: Ninetales
|
|-weather|SunnyDay|[upkeep]
|-damage|p1a: Moose|5/100 brn|[from] brn
|upkeep
|inactive|TheInfiniteCrafter has 120 seconds left.
|
|t:|1757807110
|switch|p2a: Ceruledge|Ceruledge, F|100/100
|turn|6
|
|t:|1757807115
|move|p2a: Ceruledge|Shadow Sneak|p1a: Moose
|-resisted|p1a: Moose
|-crit|p1a: Moose
|-damage|p1a: Moose|0 fnt
|faint|p1a: Moose
|
|-weather|SunnyDay|[upkeep]
|upkeep
|
|t:|1757807125
|switch|p1a: Preppy|Enamorus, F|100/100
|turn|7
|
|t:|1757807131
|-terastallize|p1a: Preppy|Fire
|move|p1a: Preppy|Earth Power|p2a: Ceruledge
|-supereffective|p2a: Ceruledge
|-enditem|p2a: Ceruledge|Focus Sash
|-damage|p2a: Ceruledge|1/100
|move|p2a: Ceruledge|Swords Dance|p2a: Ceruledge
|-boost|p2a: Ceruledge|atk|2
|
|-weather|SunnyDay|[upkeep]
|upkeep
|turn|8
|inactive|TheInfiniteCrafter has 120 seconds left.
|
|t:|1757807166
|switch|p2a: Iron Valiant|Iron Valiant|100/100
|-enditem|p2a: Iron Valiant|Booster Energy
|-activate|p2a: Iron Valiant|ability: Quark Drive|[fromitem]
|-start|p2a: Iron Valiant|quarkdrivespe
|move|p1a: Preppy|Earth Power|p2a: Iron Valiant
|-damage|p2a: Iron Valiant|15/100
|
|-weather|none
|upkeep
|turn|9
|inactive|TheInfiniteCrafter has 120 seconds left.
|
|t:|1757807185
|move|p2a: Iron Valiant|Aura Sphere|p1a: Preppy
|-damage|p1a: Preppy|44/100
|move|p1a: Preppy|Earth Power|p2a: Iron Valiant
|-damage|p2a: Iron Valiant|0 fnt
|faint|p2a: Iron Valiant
|-end|p2a: Iron Valiant|Quark Drive|[silent]
|
|upkeep
|
|t:|1757807196
|switch|p2a: Garganacl|Garganacl, M|100/100
|turn|10
|
|t:|1757807208
|switch|p1a: Chicken|Blaziken, M|100/100
|move|p2a: Garganacl|Iron Defense|p2a: Garganacl
|-boost|p2a: Garganacl|def|2
|
|upkeep
|turn|11
|
|t:|1757807214
|move|p1a: Chicken|Swords Dance|p1a: Chicken
|-boost|p1a: Chicken|atk|2
|move|p2a: Garganacl|Salt Cure|p1a: Chicken
|-damage|p1a: Chicken|80/100
|-start|p1a: Chicken|Salt Cure
|
|-damage|p1a: Chicken|68/100|[from] Salt Cure
|-ability|p1a: Chicken|Speed Boost|boost
|-boost|p1a: Chicken|spe|1
|upkeep
|turn|12
|inactive|TheInfiniteCrafter has 120 seconds left.
|
|t:|1757807224
|move|p1a: Chicken|Close Combat|p2a: Garganacl
|-supereffective|p2a: Garganacl
|-damage|p2a: Garganacl|23/100
|-unboost|p1a: Chicken|def|1
|-unboost|p1a: Chicken|spd|1
|move|p2a: Garganacl|Body Press|p1a: Chicken
|-damage|p1a: Chicken|0 fnt
|faint|p1a: Chicken
|
|-heal|p2a: Garganacl|29/100|[from] item: Leftovers
|upkeep
|
|t:|1757807234
|switch|p1a: String Cheese|Gholdengo|100/100
|turn|13
|
|t:|1757807238
|move|p1a: String Cheese|Make It Rain|p2a: Garganacl
|-supereffective|p2a: Garganacl
|-damage|p2a: Garganacl|0 fnt
|-unboost|p1a: String Cheese|spa|1
|faint|p2a: Garganacl
|-damage|p1a: String Cheese|91/100|[from] item: Life Orb
|
|upkeep
|
|t:|1757807250
|switch|p2a: Lilligant|Lilligant-Hisui, F|100/100
|turn|14
|
|t:|1757807260
|switch|p1a: Dawg|Arcanine-Hisui, F|100/100
|-item|p1a: Dawg|Air Balloon
|-terastallize|p2a: Lilligant|Fire
|move|p2a: Lilligant|Tera Blast|p1a: Dawg|[anim] Tera Blast Fire
|-resisted|p1a: Dawg
|-damage|p1a: Dawg|86/100
|-enditem|p1a: Dawg|Air Balloon
|-damage|p2a: Lilligant|91/100|[from] item: Life Orb
|
|upkeep
|turn|15
|
|t:|1757807272
|move|p2a: Lilligant|Close Combat|p1a: Dawg
|-supereffective|p1a: Dawg
|-damage|p1a: Dawg|0 fnt
|-unboost|p2a: Lilligant|def|1
|-unboost|p2a: Lilligant|spd|1
|faint|p1a: Dawg
|-damage|p2a: Lilligant|81/100|[from] item: Life Orb
|
|upkeep
|c|☆FlutterKiller|watch me miss
|c|☆FlutterKiller|nvm
|
|t:|1757807287
|switch|p1a: Bike|Cyclizar, M|100/100
|turn|16
|
|t:|1757807292
|move|p1a: Bike|Knock Off|p2a: Lilligant
|-damage|p2a: Lilligant|28/100
|-enditem|p2a: Lilligant|Life Orb|[from] move: Knock Off|[of] p1a: Bike
|move|p2a: Lilligant|Triple Axel|p1a: Bike
|-supereffective|p1a: Bike
|-damage|p1a: Bike|82/100
|-supereffective|p1a: Bike
|-damage|p1a: Bike|38/100
|-supereffective|p1a: Bike
|-damage|p1a: Bike|0 fnt
|faint|p1a: Bike
|-hitcount|p1: Bike|3
|
|upkeep
|
|t:|1757807307
|switch|p1a: Preppy|Enamorus, F, tera:Fire|44/100
|turn|17
|
|t:|1757807313
|move|p1a: Preppy|Sludge Bomb|p2a: Lilligant
|-damage|p2a: Lilligant|0 fnt
|faint|p2a: Lilligant
|
|upkeep
|
|t:|1757807318
|switch|p2a: Ceruledge|Ceruledge, F|1/100
|turn|18
|
|t:|1757807323
|move|p2a: Ceruledge|Shadow Sneak|p1a: Preppy
|-damage|p1a: Preppy|11/100
|move|p1a: Preppy|Sludge Bomb|p2a: Ceruledge
|-resisted|p2a: Ceruledge
|-damage|p2a: Ceruledge|0 fnt
|faint|p2a: Ceruledge
|
|upkeep
|
|t:|1757807329
|switch|p2a: Clefable|Clefable, F|100/100
|turn|19
|
|t:|1757807336
|move|p1a: Preppy|Sludge Bomb|p2a: Clefable
|-supereffective|p2a: Clefable
|-damage|p2a: Clefable|7/100
|move|p2a: Clefable|Moonblast|p1a: Preppy
|-resisted|p1a: Preppy
|-damage|p1a: Preppy|0 fnt
|faint|p1a: Preppy
|
|-heal|p2a: Clefable|13/100|[from] item: Leftovers
|upkeep
|
|t:|1757807340
|switch|p1a: String Cheese|Gholdengo|91/100
|turn|20
|
|t:|1757807348
|move|p1a: String Cheese|Make It Rain|p2a: Clefable
|-supereffective|p2a: Clefable
|-damage|p2a: Clefable|0 fnt
|-unboost|p1a: String Cheese|spa|1
|faint|p2a: Clefable
|-damage|p1a: String Cheese|81/100|[from] item: Life Orb
|
|win|FlutterKiller
|raw|FlutterKiller's rating: 1182 &rarr; <strong>1202</strong><br />(+20 for winning)
|raw|TheInfiniteCrafter's rating: 1112 &rarr; <strong>1092</strong><br />(-20 for losing)
|c|☆TheInfiniteCrafter|ggwp
|c|☆FlutterKiller|ggwp
|c|☆TheInfiniteCrafter|rematch?
|c|☆FlutterKiller|sure :)
|l|☆FlutterKiller
|player|p1|
|l| PrincessGardevoir
