|j|☆Jacobsingerandyou
|j|☆animechaska1
|t:|1757862314
|gametype|singles
|player|p1|Jacobsingerandyou|caitlin|1071
|player|p2|animechaska1|cynthia-gen4|1092
|gen|9
|tier|[Gen 9] OU
|rated|
|rule|HP Percentage Mod: HP is shown in percentages
|rule|Endless Battle Clause: Forcing endless battles is banned
|rule|Species Clause: Limit one of each Pokémon
|rule|OHKO Clause: OHKO moves are banned
|rule|Evasion Items Clause: Evasion items are banned
|rule|Evasion Moves Clause: Evasion moves are banned
|rule|Evasion Abilities Clause: Evasion abilities are banned
|rule|Sleep Moves Clause: Sleep-inducing moves are banned
|clearpoke
|poke|p1|Lycanroc-Dusk, M|
|poke|p1|Infernape, M|
|poke|p1|Chandelure, F|
|poke|p1|Umbreon, M|
|poke|p1|Kommo-o, F|
|poke|p1|Grimmsnarl, M|
|poke|p2|Torkoal, F|
|poke|p2|Charizard, F|
|poke|p2|Landorus-Therian, M|
|poke|p2|Walking Wake|
|poke|p2|Scizor, M|
|poke|p2|Iron Valiant|
|teampreview
|
|t:|1757862321
|teamsize|p1|6
|teamsize|p2|6
|start
|switch|p1a: Grimmsnarl|Grimmsnarl, M|100/100
|switch|p2a: Scizor|Scizor, M|100/100
|turn|1
|
|t:|1757862329
|move|p1a: Grimmsnarl|Reflect|p1a: Grimmsnarl
|-sidestart|p1: Jacobsingerandyou|Reflect
|move|p2a: Scizor|Bullet Punch|p1a: Grimmsnarl
|-supereffective|p1a: Grimmsnarl
|-damage|p1a: Grimmsnarl|62/100
|
|upkeep
|turn|2
|
|t:|1757862334
|move|p1a: Grimmsnarl|Light Screen|p1a: Grimmsnarl
|-sidestart|p1: Jacobsingerandyou|move: Light Screen
|move|p2a: Scizor|Bullet Punch|p1a: Grimmsnarl
|-supereffective|p1a: Grimmsnarl
|-damage|p1a: Grimmsnarl|27/100
|
|upkeep
|turn|3
|
|t:|1757862342
|switch|p1a: Chandelure|Chandelure, F|100/100
|move|p2a: Scizor|Bullet Punch|p1a: Chandelure
|-resisted|p1a: Chandelure
|-damage|p1a: Chandelure|89/100
|
|upkeep
|turn|4
|
|t:|1757862354
|switch|p2a: Walking Wake|Walking Wake|100/100
|-enditem|p2a: Walking Wake|Booster Energy
|-activate|p2a: Walking Wake|ability: Protosynthesis|[fromitem]
|-start|p2a: Walking Wake|protosynthesisspa
|move|p1a: Chandelure|Fire Blast|p2a: Walking Wake
|-resisted|p2a: Walking Wake
|-damage|p2a: Walking Wake|81/100
|
|upkeep
|turn|5
|
|t:|1757862375
|switch|p1a: Umbreon|Umbreon, M|100/100
|move|p2a: Walking Wake|Hydro Pump|p1a: Umbreon
|-damage|p1a: Umbreon|77/100
|
|upkeep
|turn|6
|
|t:|1757862388
|move|p2a: Walking Wake|Hurricane|p1a: Umbreon
|-damage|p1a: Umbreon|62/100
|move|p1a: Umbreon|Toxic|p2a: Walking Wake
|-status|p2a: Walking Wake|tox
|
|-damage|p2a: Walking Wake|75/100 tox|[from] psn
|upkeep
|turn|7
|
|t:|1757862397
|-end|p2a: Walking Wake|Protosynthesis|[silent]
|switch|p2a: Landorus|Landorus-Therian, M|100/100
|-ability|p2a: Landorus|Intimidate|boost
|-unboost|p1a: Umbreon|atk|1
|move|p1a: Umbreon|Protect||[still]
|-fail|p1a: Umbreon
|
|upkeep
|turn|8
|
|t:|1757862405
|move|p2a: Landorus|Stealth Rock|p1a: Umbreon
|-sidestart|p1: Jacobsingerandyou|move: Stealth Rock
|move|p1a: Umbreon|Wish|p1a: Umbreon
|
|-sideend|p1: Jacobsingerandyou|Reflect
|upkeep
|turn|9
|
|t:|1757862412
|move|p2a: Landorus|U-turn|p1a: Umbreon
|-supereffective|p1a: Umbreon
|-damage|p1a: Umbreon|21/100
|-damage|p2a: Landorus|84/100|[from] item: Rocky Helmet|[of] p1a: Umbreon
|
|t:|1757862417
|switch|p2a: Scizor|Scizor, M|100/100|[from] U-turn
|move|p1a: Umbreon|Toxic|p2a: Scizor
|-immune|p2a: Scizor
|
|-heal|p1a: Umbreon|71/100|[from] move: Wish|[wisher] Umbreon
|-sideend|p1: Jacobsingerandyou|move: Light Screen
|upkeep
|turn|10
|
|t:|1757862432
|switch|p1a: Chandelure|Chandelure, F|89/100
|-damage|p1a: Chandelure|64/100|[from] Stealth Rock
|move|p2a: Scizor|Bug Bite|p1a: Chandelure
|-resisted|p1a: Chandelure
|-damage|p1a: Chandelure|46/100
|-status|p2a: Scizor|brn|[from] ability: Flame Body|[of] p1a: Chandelure
|
|-damage|p2a: Scizor|94/100 brn|[from] brn
|upkeep
|turn|11
|
|t:|1757862445
|switch|p2a: Walking Wake|Walking Wake|75/100 tox
|move|p1a: Chandelure|Shadow Ball|p2a: Walking Wake
|-damage|p2a: Walking Wake|14/100 tox
|
|-damage|p2a: Walking Wake|8/100 tox|[from] psn
|upkeep
|turn|12
|
|t:|1757862454
|move|p1a: Chandelure|Shadow Ball|p2a: Walking Wake
|-damage|p2a: Walking Wake|0 fnt
|faint|p2a: Walking Wake
|-end|p2a: Walking Wake|Protosynthesis|[silent]
|
|upkeep
|
|t:|1757862459
|switch|p2a: Iron Valiant|Iron Valiant|100/100
|-enditem|p2a: Iron Valiant|Booster Energy
|-activate|p2a: Iron Valiant|ability: Quark Drive|[fromitem]
|-start|p2a: Iron Valiant|quarkdrivespe
|turn|13
|
|t:|1757862474
|switch|p1a: Umbreon|Umbreon, M|71/100
|-damage|p1a: Umbreon|59/100|[from] Stealth Rock
|move|p2a: Iron Valiant|Thunderbolt|p1a: Umbreon
|-crit|p1a: Umbreon
|-damage|p1a: Umbreon|35/100
|
|upkeep
|turn|14
|
|t:|1757862485
|move|p2a: Iron Valiant|Aura Sphere|p1a: Umbreon
|-supereffective|p1a: Umbreon
|-damage|p1a: Umbreon|0 fnt
|faint|p1a: Umbreon
|
|upkeep
|
|t:|1757862491
|switch|p1a: Grimmsnarl|Grimmsnarl, M|27/100
|-damage|p1a: Grimmsnarl|14/100|[from] Stealth Rock
|turn|15
|
|t:|1757862497
|move|p1a: Grimmsnarl|Reflect|p1a: Grimmsnarl
|-sidestart|p1: Jacobsingerandyou|Reflect
|move|p2a: Iron Valiant|Aura Sphere|p1a: Grimmsnarl
|-damage|p1a: Grimmsnarl|0 fnt
|faint|p1a: Grimmsnarl
|
|upkeep
|
|t:|1757862514
|switch|p1a: Infernape|Infernape, M|100/100
|-damage|p1a: Infernape|88/100|[from] Stealth Rock
|turn|16
|
|t:|1757862520
|move|p2a: Iron Valiant|Thunderbolt|p1a: Infernape
|-damage|p1a: Infernape|46/100
|-enditem|p1a: Infernape|Red Card|[of] p2a: Iron Valiant
|-end|p2a: Iron Valiant|Quark Drive|[silent]
|drag|p2a: Charizard|Charizard, F|100/100
|move|p1a: Infernape|Flare Blitz|p2a: Charizard
|-resisted|p2a: Charizard
|-damage|p2a: Charizard|62/100
|-damage|p1a: Infernape|33/100|[from] Recoil
|
|upkeep
|turn|17
|
|t:|1757862540
|switch|p2a: Landorus|Landorus-Therian, M|84/100
|-ability|p2a: Landorus|Intimidate|boost
|-unboost|p1a: Infernape|atk|1
|move|p1a: Infernape|U-turn|p2a: Landorus
|-resisted|p2a: Landorus
|-crit|p2a: Landorus
|-damage|p2a: Landorus|68/100
|
|t:|1757862564
|switch|p1a: Chandelure|Chandelure, F|46/100|[from] U-turn
|-damage|p1a: Chandelure|21/100|[from] Stealth Rock
|
|upkeep
|turn|18
|
|t:|1757862583
|move|p1a: Chandelure|Fire Blast|p2a: Landorus
|-damage|p2a: Landorus|0 fnt
|faint|p2a: Landorus
|
|upkeep
|
|t:|1757862591
|switch|p2a: Scizor|Scizor, M|94/100 brn
|turn|19
|
|t:|1757862596
|move|p2a: Scizor|Bullet Punch|p1a: Chandelure
|-resisted|p1a: Chandelure
|-damage|p1a: Chandelure|16/100
|move|p1a: Chandelure|Fire Blast|p2a: Scizor
|-supereffective|p2a: Scizor
|-damage|p2a: Scizor|0 fnt
|faint|p2a: Scizor
|
|upkeep
|
|t:|1757862605
|switch|p2a: Iron Valiant|Iron Valiant|100/100
|turn|20
|
|t:|1757862611
|move|p1a: Chandelure|Fire Blast|p2a: Iron Valiant|[miss]
|-miss|p1a: Chandelure|p2a: Iron Valiant
|move|p2a: Iron Valiant|Thunderbolt|p1a: Chandelure
|-damage|p1a: Chandelure|0 fnt
|faint|p1a: Chandelure
|
|upkeep
|
|t:|1757862625
|switch|p1a: Lycanroc|Lycanroc-Dusk, M|100/100
|-damage|p1a: Lycanroc|88/100|[from] Stealth Rock
|turn|21
|
|t:|1757862631
|-terastallize|p1a: Lycanroc|Rock
|move|p1a: Lycanroc|Accelerock|p2a: Iron Valiant
|-resisted|p2a: Iron Valiant
|-damage|p2a: Iron Valiant|70/100
|-damage|p1a: Lycanroc|78/100|[from] item: Life Orb
|move|p2a: Iron Valiant|Grass Knot|p1a: Lycanroc
|-supereffective|p1a: Lycanroc
|-damage|p1a: Lycanroc|11/100
|
|upkeep
|turn|22
|
|t:|1757862643
|move|p2a: Iron Valiant|Aura Sphere|p1a: Lycanroc
|-supereffective|p1a: Lycanroc
|-damage|p1a: Lycanroc|0 fnt
|faint|p1a: Lycanroc
|
|-sideend|p1: Jacobsingerandyou|Reflect
|upkeep
|
|t:|1757862655
|switch|p1a: Infernape|Infernape, M|33/100
|-damage|p1a: Infernape|21/100|[from] Stealth Rock
|turn|23
|
|t:|1757862660
|move|p1a: Infernape|Mach Punch|p2a: Iron Valiant
|-resisted|p2a: Iron Valiant
|-damage|p2a: Iron Valiant|56/100
|move|p2a: Iron Valiant|Thunderbolt|p1a: Infernape
|-damage|p1a: Infernape|0 fnt
|faint|p1a: Infernape
|
|upkeep
|
|t:|1757862668
|switch|p1a: Kommo-o|Kommo-o, F|100/100
|-damage|p1a: Kommo-o|94/100|[from] Stealth Rock
|turn|24
|
|t:|1757862674
|-end|p2a: Iron Valiant|Quark Drive|[silent]
|switch|p2a: Torkoal|Torkoal, F|100/100
|-weather|SunnyDay|[from] ability: Drought|[of] p2a: Torkoal
|move|p1a: Kommo-o|Flash Cannon|p2a: Torkoal
|-resisted|p2a: Torkoal
|-damage|p2a: Torkoal|82/100
|-unboost|p2a: Torkoal|spd|1
|
|-weather|SunnyDay|[upkeep]
|upkeep
|turn|25
|
|t:|1757862684
|switch|p2a: Charizard|Charizard, F|62/100
|move|p1a: Kommo-o|Clangorous Soul|p1a: Kommo-o
|-boost|p1a: Kommo-o|atk|1
|-boost|p1a: Kommo-o|def|1
|-boost|p1a: Kommo-o|spa|1
|-boost|p1a: Kommo-o|spd|1
|-boost|p1a: Kommo-o|spe|1
|-damage|p1a: Kommo-o|62/100
|-enditem|p1a: Kommo-o|Throat Spray
|-boost|p1a: Kommo-o|spa|1|[from] item: Throat Spray
|
|-weather|SunnyDay|[upkeep]
|-damage|p2a: Charizard|49/100|[from] ability: Solar Power|[of] p2a: Charizard
|upkeep
|turn|26
|
|t:|1757862698
|-terastallize|p2a: Charizard|Fire
|move|p2a: Charizard|Fire Blast|p1a: Kommo-o|[miss]
|-miss|p2a: Charizard|p1a: Kommo-o
|move|p1a: Kommo-o|Clanging Scales|p2a: Charizard
|-damage|p2a: Charizard|0 fnt
|faint|p2a: Charizard
|-unboost|p1a: Kommo-o|def|1
|
|-weather|SunnyDay|[upkeep]
|upkeep
|
|t:|1757862706
|switch|p2a: Torkoal|Torkoal, F|82/100
|turn|27
|
|t:|1757862714
|move|p1a: Kommo-o|Flash Cannon|p2a: Torkoal
|-resisted|p2a: Torkoal
|-damage|p2a: Torkoal|46/100
|move|p2a: Torkoal|Eruption|p1a: Kommo-o
|-resisted|p1a: Kommo-o
|-damage|p1a: Kommo-o|51/100
|
|-weather|SunnyDay|[upkeep]
|upkeep
|turn|28
|
|t:|1757862723
|move|p1a: Kommo-o|Clanging Scales|p2a: Torkoal
|-damage|p2a: Torkoal|0 fnt
|faint|p2a: Torkoal
|-unboost|p1a: Kommo-o|def|1
|
|-weather|SunnyDay|[upkeep]
|upkeep
|
|t:|1757862726
|switch|p2a: Iron Valiant|Iron Valiant|56/100
|turn|29
|
|t:|1757862732
|move|p1a: Kommo-o|Flash Cannon|p2a: Iron Valiant
|-supereffective|p2a: Iron Valiant
|-damage|p2a: Iron Valiant|0 fnt
|faint|p2a: Iron Valiant
|-end|p2a: Iron Valiant|Quark Drive|[silent]
|
|win|Jacobsingerandyou
|raw|Jacobsingerandyou's rating: 1071 &rarr; <strong>1102</strong><br />(+31 for winning)
|raw|animechaska1's rating: 1092 &rarr; <strong>1067</strong><br />(-25 for losing)
|l|☆animechaska1
|player|p2|
|l|☆Jacobsingerandyou
|player|p1|
|j|☆Jacobsingerandyou
|player|p1|Jacobsingerandyou|caitlin|
