|j|☆WhiteAmfiny
|j|☆Jirschii
|t:|1757854287
|gametype|singles
|player|p1|WhiteAmfiny|ghetsis|
|player|p2|Jirschii|backers|
|gen|9
|tier|[Gen 9] OU
|rule|HP Percentage Mod: HP is shown in percentages
|rule|Endless Battle Clause: Forcing endless battles is banned
|rule|Species Clause: Limit one of each Pokémon
|rule|OHKO Clause: OHKO moves are banned
|rule|Evasion Items Clause: Evasion items are banned
|rule|Evasion Moves Clause: Evasion moves are banned
|rule|Evasion Abilities Clause: Evasion abilities are banned
|rule|Sleep Moves Clause: Sleep-inducing moves are banned
|clearpoke
|poke|p1|Landorus-Therian, M|
|poke|p1|Jirachi|
|poke|p1|Porygon2|
|poke|p1|Skeledirge, F|
|poke|p1|Tsareena, F|
|poke|p1|Rabsca, M|
|poke|p2|Tornadus-Therian, M|
|poke|p2|Alomomola, F|
|poke|p2|Clodsire, M|
|poke|p2|Mienshao, M|
|poke|p2|Forretress, F|
|poke|p2|Hatterene, F|
|teampreview
|c|☆WhiteAmfiny|hf
|
|t:|1757854349
|teamsize|p1|6
|teamsize|p2|6
|start
|switch|p1a: Skeledirge|Skeledirge, F|100/100
|switch|p2a: Fliegende Flavia|Tornadus-Therian, M|100/100
|turn|1
|
|t:|1757854362
|move|p2a: Fliegende Flavia|Knock Off|p1a: Skeledirge
|-supereffective|p1a: Skeledirge
|-damage|p1a: Skeledirge|68/100
|-enditem|p1a: Skeledirge|Metronome|[from] move: Knock Off|[of] p2a: Fliegende Flavia
|move|p1a: Skeledirge|Torch Song|p2a: Fliegende Flavia
|-damage|p2a: Fliegende Flavia|69/100
|-boost|p1a: Skeledirge|spa|1
|
|upkeep
|turn|2
|inactive|Battle timer is ON: inactive players will automatically lose when time's up. (requested by Jirschii)
|c|☆Jirschii|u2
|
|t:|1757854391
|move|p2a: Fliegende Flavia|Bleakwind Storm|p1a: Skeledirge|[miss]
|-miss|p2a: Fliegende Flavia|p1a: Skeledirge
|move|p1a: Skeledirge|Slack Off|p1a: Skeledirge
|-heal|p1a: Skeledirge|100/100
|
|upkeep
|turn|3
|
|t:|1757854407
|move|p2a: Fliegende Flavia|U-turn|p1a: Skeledirge
|-resisted|p1a: Skeledirge
|-damage|p1a: Skeledirge|97/100
|
|t:|1757854410
|switch|p2a: Blobige Blanca|Clodsire, M|100/100|[from] U-turn
|move|p1a: Skeledirge|Torch Song|p2a: Blobige Blanca
|-damage|p2a: Blobige Blanca|78/100
|-boost|p1a: Skeledirge|spa|1
|
|-heal|p2a: Blobige Blanca|85/100|[from] item: Black Sludge
|upkeep
|turn|4
|
|t:|1757854428
|move|p1a: Skeledirge|Earth Power|p2a: Blobige Blanca
|-supereffective|p2a: Blobige Blanca
|-damage|p2a: Blobige Blanca|49/100
|move|p2a: Blobige Blanca|Poison Jab|p1a: Skeledirge
|-resisted|p1a: Skeledirge
|-damage|p1a: Skeledirge|87/100
|
|-heal|p2a: Blobige Blanca|55/100|[from] item: Black Sludge
|upkeep
|turn|5
|
|t:|1757854437
|switch|p1a: Landorus|Landorus-Therian, M|100/100
|-ability|p1a: Landorus|Intimidate|boost
|-unboost|p2a: Blobige Blanca|atk|1
|move|p2a: Blobige Blanca|Recover|p2a: Blobige Blanca
|-heal|p2a: Blobige Blanca|100/100
|
|upkeep
|turn|6
|
|t:|1757854449
|switch|p2a: Flossige Florian|Alomomola, F|100/100
|move|p1a: Landorus|Stealth Rock|p2a: Flossige Florian
|-sidestart|p2: Jirschii|move: Stealth Rock
|
|upkeep
|turn|7
|
|t:|1757854456
|move|p1a: Landorus|U-turn|p2a: Flossige Florian
|-damage|p2a: Flossige Florian|89/100
|-damage|p1a: Landorus|84/100|[from] item: Rocky Helmet|[of] p2a: Flossige Florian
|
|t:|1757854461
|switch|p1a: Tsareena|Tsareena, F|100/100|[from] U-turn
|move|p2a: Flossige Florian|Flip Turn|p1a: Tsareena
|-resisted|p1a: Tsareena
|-damage|p1a: Tsareena|92/100
|inactive|Jirschii has 270 seconds left.
|
|t:|1757854498
|switch|p2a: Stählener Stefan|Forretress, F|100/100|[from] Flip Turn
|-damage|p2a: Stählener Stefan|88/100|[from] Stealth Rock
|
|upkeep
|turn|8
|
|t:|1757854521
|switch|p1a: Landorus|Landorus-Therian, M|84/100
|-ability|p1a: Landorus|Intimidate|boost
|-unboost|p2a: Stählener Stefan|atk|1
|move|p2a: Stählener Stefan|Volt Switch|p1a: Landorus
|-immune|p1a: Landorus
|
|upkeep
|turn|9
|
|t:|1757854540
|switch|p1a: Skeledirge|Skeledirge, F|87/100
|switch|p2a: Flossige Florian|Alomomola, F|100/100
|-damage|p2a: Flossige Florian|88/100|[from] Stealth Rock
|
|upkeep
|turn|10
|
|t:|1757854550
|move|p1a: Skeledirge|Shadow Ball|p2a: Flossige Florian
|-damage|p2a: Flossige Florian|41/100
|-unboost|p2a: Flossige Florian|spd|1
|move|p2a: Flossige Florian|Flip Turn|p1a: Skeledirge
|-supereffective|p1a: Skeledirge
|-crit|p1a: Skeledirge
|-damage|p1a: Skeledirge|47/100
|
|t:|1757854579
|switch|p2a: Kämpfende Katha|Mienshao, M|100/100|[from] Flip Turn
|-damage|p2a: Kämpfende Katha|95/100|[from] Stealth Rock
|
|upkeep
|turn|11
|
|t:|1757854599
|switch|p1a: Landorus|Landorus-Therian, M|84/100
|-ability|p1a: Landorus|Intimidate|boost
|-unboost|p2a: Kämpfende Katha|atk|1
|move|p2a: Kämpfende Katha|Knock Off|p1a: Landorus
|-crit|p1a: Landorus
|-damage|p1a: Landorus|40/100
|-damage|p2a: Kämpfende Katha|78/100|[from] item: Rocky Helmet|[of] p1a: Landorus
|-enditem|p1a: Landorus|Rocky Helmet|[from] move: Knock Off|[of] p2a: Kämpfende Katha
|-damage|p2a: Kämpfende Katha|68/100|[from] item: Life Orb
|
|upkeep
|turn|12
|inactive|WhiteAmfiny has 270 seconds left.
|inactive|Jirschii has 270 seconds left.
|
|t:|1757854635
|move|p2a: Kämpfende Katha|U-turn|p1a: Landorus
|-resisted|p1a: Landorus
|-damage|p1a: Landorus|33/100
|-damage|p2a: Kämpfende Katha|58/100|[from] item: Life Orb
|
|t:|1757854641
|switch|p2a: Flossige Florian|Alomomola, F|74/100|[from] U-turn
|-damage|p2a: Flossige Florian|62/100|[from] Stealth Rock
|move|p1a: Landorus|Earthquake|p2a: Flossige Florian
|-damage|p2a: Flossige Florian|38/100
|
|upkeep
|turn|13
|inactive|WhiteAmfiny has 270 seconds left.
|
|t:|1757854658
|move|p1a: Landorus|U-turn|p2a: Flossige Florian
|-damage|p2a: Flossige Florian|26/100
|-damage|p1a: Landorus|16/100|[from] item: Rocky Helmet|[of] p2a: Flossige Florian
|inactive|WhiteAmfiny has 270 seconds left.
|
|t:|1757854677
|switch|p1a: Tsareena|Tsareena, F|92/100|[from] U-turn
|move|p2a: Flossige Florian|Flip Turn|p1a: Tsareena
|-resisted|p1a: Tsareena
|-damage|p1a: Tsareena|83/100
|inactive|Jirschii has 240 seconds left.
|
|t:|1757854719
|switch|p2a: Stählener Stefan|Forretress, F|88/100|[from] Flip Turn
|-damage|p2a: Stählener Stefan|76/100|[from] Stealth Rock
|
|upkeep
|turn|14
|inactive|WhiteAmfiny has 270 seconds left.
|
|t:|1757854730
|switch|p1a: Skeledirge|Skeledirge, F|47/100
|move|p2a: Stählener Stefan|Volt Switch|p1a: Skeledirge
|-damage|p1a: Skeledirge|35/100
|inactive|Jirschii has 240 seconds left.
|
|t:|1757854747
|switch|p2a: Kämpfende Katha|Mienshao, M|91/100|[from] Volt Switch
|-damage|p2a: Kämpfende Katha|85/100|[from] Stealth Rock
|
|upkeep
|turn|15
|
|t:|1757854755
|switch|p1a: Landorus|Landorus-Therian, M|16/100
|-ability|p1a: Landorus|Intimidate|boost
|-unboost|p2a: Kämpfende Katha|atk|1
|move|p2a: Kämpfende Katha|Knock Off|p1a: Landorus
|-damage|p1a: Landorus|3/100
|-damage|p2a: Kämpfende Katha|75/100|[from] item: Life Orb
|
|upkeep
|turn|16
|inactive|Jirschii has 240 seconds left.
|
|t:|1757854767
|move|p2a: Kämpfende Katha|U-turn|p1a: Landorus
|-resisted|p1a: Landorus
|-damage|p1a: Landorus|0 fnt
|faint|p1a: Landorus
|-damage|p2a: Kämpfende Katha|65/100|[from] item: Life Orb
|inactive|Jirschii has 240 seconds left.
|
|t:|1757854778
|switch|p2a: Fliegende Flavia|Tornadus-Therian, M|100/100|[from] U-turn
|-damage|p2a: Fliegende Flavia|76/100|[from] Stealth Rock
|
|upkeep
|
|t:|1757854782
|switch|p1a: Porygon2|Porygon2|100/100
|turn|17
|inactive|Jirschii has 240 seconds left.
|
|t:|1757854800
|move|p2a: Fliegende Flavia|Knock Off|p1a: Porygon2
|-damage|p1a: Porygon2|87/100
|-enditem|p1a: Porygon2|Eviolite|[from] move: Knock Off|[of] p2a: Fliegende Flavia
|move|p1a: Porygon2|Tri Attack|p2a: Fliegende Flavia
|-damage|p2a: Fliegende Flavia|44/100
|
|upkeep
|turn|18
|inactive|Jirschii has 240 seconds left.
|
|t:|1757854811
|move|p2a: Fliegende Flavia|U-turn|p1a: Porygon2
|-damage|p1a: Porygon2|73/100
|inactive|Jirschii has 240 seconds left.
|
|t:|1757854824
|switch|p2a: Blobige Blanca|Clodsire, M|100/100|[from] U-turn
|-damage|p2a: Blobige Blanca|94/100|[from] Stealth Rock
|move|p1a: Porygon2|Tri Attack|p2a: Blobige Blanca
|-damage|p2a: Blobige Blanca|74/100
|
|-heal|p2a: Blobige Blanca|80/100|[from] item: Black Sludge
|upkeep
|turn|19
|
|t:|1757854836
|switch|p1a: Rabsca|Rabsca, M|100/100
|move|p2a: Blobige Blanca|Stealth Rock|p1a: Rabsca
|-sidestart|p1: WhiteAmfiny|move: Stealth Rock
|
|-heal|p2a: Blobige Blanca|86/100|[from] item: Black Sludge
|upkeep
|turn|20
|
|t:|1757854849
|switch|p2a: Hutiger Hubert|Hatterene, F|100/100
|-damage|p2a: Hutiger Hubert|88/100|[from] Stealth Rock
|move|p1a: Rabsca|Calm Mind|p1a: Rabsca
|-boost|p1a: Rabsca|spa|1
|-boost|p1a: Rabsca|spd|1
|
|-heal|p2a: Hutiger Hubert|94/100|[from] item: Leftovers
|upkeep
|turn|21
|inactive|Jirschii has 240 seconds left.
|
|t:|1757854871
|move|p1a: Rabsca|Bug Buzz|p2a: Hutiger Hubert
|-damage|p2a: Hutiger Hubert|31/100
|move|p2a: Hutiger Hubert|Mystical Fire|p1a: Rabsca
|-supereffective|p1a: Rabsca
|-damage|p1a: Rabsca|65/100
|-unboost|p1a: Rabsca|spa|1
|
|-heal|p1a: Rabsca|72/100|[from] item: Leftovers
|-heal|p2a: Hutiger Hubert|37/100|[from] item: Leftovers
|upkeep
|turn|22
|inactive|Jirschii has 240 seconds left.
|
|t:|1757854891
|move|p1a: Rabsca|Recover|p1a: Rabsca
|-heal|p1a: Rabsca|100/100
|move|p2a: Hutiger Hubert|Mystical Fire|p1a: Rabsca
|-supereffective|p1a: Rabsca
|-damage|p1a: Rabsca|60/100
|-unboost|p1a: Rabsca|spa|1
|
|-heal|p1a: Rabsca|67/100|[from] item: Leftovers
|-heal|p2a: Hutiger Hubert|43/100|[from] item: Leftovers
|upkeep
|turn|23
|
|t:|1757854899
|move|p1a: Rabsca|Bug Buzz|p2a: Hutiger Hubert
|-damage|p2a: Hutiger Hubert|16/100
|move|p2a: Hutiger Hubert|Mystical Fire|p1a: Rabsca
|-supereffective|p1a: Rabsca
|-damage|p1a: Rabsca|30/100
|-unboost|p1a: Rabsca|spa|1
|
|-heal|p1a: Rabsca|36/100|[from] item: Leftovers
|-heal|p2a: Hutiger Hubert|22/100|[from] item: Leftovers
|upkeep
|turn|24
|
|t:|1757854907
|move|p1a: Rabsca|Bug Buzz|p2a: Hutiger Hubert
|-damage|p2a: Hutiger Hubert|0 fnt
|faint|p2a: Hutiger Hubert
|
|-heal|p1a: Rabsca|42/100|[from] item: Leftovers
|upkeep
|inactive|Jirschii has 240 seconds left.
|
|t:|1757854944
|switch|p2a: Kämpfende Katha|Mienshao, M|99/100
|-damage|p2a: Kämpfende Katha|93/100|[from] Stealth Rock
|turn|25
|
|t:|1757854957
|move|p2a: Kämpfende Katha|Knock Off|p1a: Rabsca
|-supereffective|p1a: Rabsca
|-damage|p1a: Rabsca|0 fnt
|-enditem|p1a: Rabsca|Leftovers|[from] move: Knock Off|[of] p2a: Kämpfende Katha
|faint|p1a: Rabsca
|-damage|p2a: Kämpfende Katha|83/100|[from] item: Life Orb
|
|upkeep
|
|t:|1757854966
|switch|p1a: Jirachi|Jirachi|100/100
|-damage|p1a: Jirachi|94/100|[from] Stealth Rock
|turn|26
|
|t:|1757854974
|switch|p2a: Stählener Stefan|Forretress, F|76/100
|-damage|p2a: Stählener Stefan|63/100|[from] Stealth Rock
|move|p1a: Jirachi|Zen Headbutt|p2a: Stählener Stefan
|-resisted|p2a: Stählener Stefan
|-crit|p2a: Stählener Stefan
|-damage|p2a: Stählener Stefan|44/100
|
|upkeep
|turn|27
|inactive|Jirschii has 240 seconds left.
|
|t:|1757855004
|switch|p1a: Tsareena|Tsareena, F|83/100
|move|p2a: Stählener Stefan|Volt Switch|p1a: Tsareena
|-resisted|p1a: Tsareena
|-crit|p1a: Tsareena
|-damage|p1a: Tsareena|75/100
|inactive|Jirschii has 210 seconds left.
|
|t:|1757855040
|switch|p2a: Fliegende Flavia|Tornadus-Therian, M|77/100|[from] Volt Switch
|-damage|p2a: Fliegende Flavia|53/100|[from] Stealth Rock
|
|upkeep
|turn|28
|
|t:|1757855065
|switch|p1a: Porygon2|Porygon2|73/100
|-damage|p1a: Porygon2|61/100|[from] Stealth Rock
|move|p2a: Fliegende Flavia|U-turn|p1a: Porygon2
|-damage|p1a: Porygon2|46/100
|
|t:|1757855073
|switch|p2a: Kämpfende Katha|Mienshao, M|100/100|[from] U-turn
|-damage|p2a: Kämpfende Katha|95/100|[from] Stealth Rock
|
|upkeep
|turn|29
|
|t:|1757855094
|move|p2a: Kämpfende Katha|Close Combat|p1a: Porygon2
|-supereffective|p1a: Porygon2
|-damage|p1a: Porygon2|0 fnt
|-unboost|p2a: Kämpfende Katha|def|1
|-unboost|p2a: Kämpfende Katha|spd|1
|faint|p1a: Porygon2
|-damage|p2a: Kämpfende Katha|85/100|[from] item: Life Orb
|
|upkeep
|
|t:|1757855097
|switch|p1a: Jirachi|Jirachi|94/100
|-damage|p1a: Jirachi|88/100|[from] Stealth Rock
|turn|30
|
|t:|1757855108
|switch|p2a: Stählener Stefan|Forretress, F|44/100
|-damage|p2a: Stählener Stefan|32/100|[from] Stealth Rock
|move|p1a: Jirachi|Fire Punch|p2a: Stählener Stefan
|-supereffective|p2a: Stählener Stefan
|-damage|p2a: Stählener Stefan|0 fnt
|faint|p2a: Stählener Stefan
|
|upkeep
|
|t:|1757855116
|switch|p2a: Flossige Florian|Alomomola, F|59/100
|-damage|p2a: Flossige Florian|47/100|[from] Stealth Rock
|turn|31
|
|t:|1757855130
|switch|p1a: Skeledirge|Skeledirge, F|35/100
|-damage|p1a: Skeledirge|10/100|[from] Stealth Rock
|move|p2a: Flossige Florian|Flip Turn|p1a: Skeledirge
|-supereffective|p1a: Skeledirge
|-damage|p1a: Skeledirge|0 fnt
|faint|p1a: Skeledirge
|
|t:|1757855146
|switch|p2a: Fliegende Flavia|Tornadus-Therian, M|86/100|[from] Flip Turn
|-damage|p2a: Fliegende Flavia|61/100|[from] Stealth Rock
|
|upkeep
|
|t:|1757855150
|switch|p1a: Jirachi|Jirachi|88/100
|-damage|p1a: Jirachi|82/100|[from] Stealth Rock
|turn|32
|
|t:|1757855172
|move|p1a: Jirachi|Zen Headbutt|p2a: Fliegende Flavia
|-damage|p2a: Fliegende Flavia|13/100
|cant|p2a: Fliegende Flavia|flinch
|
|upkeep
|turn|33
|
|t:|1757855181
|switch|p2a: Flossige Florian|Alomomola, F|80/100
|-damage|p2a: Flossige Florian|68/100|[from] Stealth Rock
|move|p1a: Jirachi|Zen Headbutt|p2a: Flossige Florian
|-damage|p2a: Flossige Florian|48/100
|-damage|p1a: Jirachi|66/100|[from] item: Rocky Helmet|[of] p2a: Flossige Florian
|
|upkeep
|turn|34
|
|t:|1757855203
|switch|p1a: Tsareena|Tsareena, F|75/100
|move|p2a: Flossige Florian|Flip Turn|p1a: Tsareena
|-resisted|p1a: Tsareena
|-damage|p1a: Tsareena|66/100
|inactive|Jirschii has 180 seconds left.
|
|t:|1757855229
|switch|p2a: Fliegende Flavia|Tornadus-Therian, M|46/100|[from] Flip Turn
|-damage|p2a: Fliegende Flavia|21/100|[from] Stealth Rock
|
|upkeep
|turn|35
|inactive|Jirschii has 180 seconds left.
|
|t:|1757855246
|move|p2a: Fliegende Flavia|Knock Off|p1a: Tsareena
|-crit|p1a: Tsareena
|-damage|p1a: Tsareena|36/100
|-enditem|p1a: Tsareena|Heavy-Duty Boots|[from] move: Knock Off|[of] p2a: Fliegende Flavia
|move|p1a: Tsareena|Triple Axel|p2a: Fliegende Flavia
|-supereffective|p2a: Fliegende Flavia
|-crit|p2a: Fliegende Flavia
|-damage|p2a: Fliegende Flavia|0 fnt
|faint|p2a: Fliegende Flavia
|-hitcount|p2: Fliegende Flavia|1
|
|upkeep
|
|t:|1757855253
|switch|p2a: Kämpfende Katha|Mienshao, M|100/100
|-damage|p2a: Kämpfende Katha|95/100|[from] Stealth Rock
|turn|36
|
|t:|1757855274
|move|p2a: Kämpfende Katha|U-turn|p1a: Tsareena
|-supereffective|p1a: Tsareena
|-damage|p1a: Tsareena|0 fnt
|faint|p1a: Tsareena
|-damage|p2a: Kämpfende Katha|85/100|[from] item: Life Orb
|
|t:|1757855278
|switch|p2a: Flossige Florian|Alomomola, F|81/100|[from] U-turn
|-damage|p2a: Flossige Florian|69/100|[from] Stealth Rock
|
|upkeep
|
|t:|1757855280
|switch|p1a: Jirachi|Jirachi|66/100
|-damage|p1a: Jirachi|59/100|[from] Stealth Rock
|turn|37
|
|t:|1757855284
|move|p1a: Jirachi|Zen Headbutt|p2a: Flossige Florian
|-damage|p2a: Flossige Florian|50/100
|-damage|p1a: Jirachi|43/100|[from] item: Rocky Helmet|[of] p2a: Flossige Florian
|cant|p2a: Flossige Florian|flinch
|
|upkeep
|turn|38
|
|t:|1757855289
|move|p1a: Jirachi|Zen Headbutt|p2a: Flossige Florian
|-damage|p2a: Flossige Florian|30/100
|-damage|p1a: Jirachi|26/100|[from] item: Rocky Helmet|[of] p2a: Flossige Florian
|move|p2a: Flossige Florian|Wish|p2a: Flossige Florian
|
|upkeep
|turn|39
|inactive|Jirschii has 210 seconds left.
|
|t:|1757855295
|move|p2a: Flossige Florian|Aqua Jet|p1a: Jirachi
|-crit|p1a: Jirachi
|-damage|p1a: Jirachi|10/100
|move|p1a: Jirachi|Zen Headbutt|p2a: Flossige Florian
|-damage|p2a: Flossige Florian|7/100
|-damage|p1a: Jirachi|0 fnt|[from] item: Rocky Helmet|[of] p2a: Flossige Florian
|faint|p1a: Jirachi
|
|win|Jirschii
|c|☆WhiteAmfiny|gg
