|inactive|Battle timer is ON: inactive players will automatically lose when time's up.
|badge|p2|silver|gen9ru|30-6
|uhtml|medal-msg|<div class="broadcast-blue">Curious what those medals under the avatar are? PS now has Ladder Seasons! For more information, check out the <a href="https://www.smogon.com/forums/threads/3740067/">thread on Smogon.</a></div>
|t:|1757786277
|gametype|singles
|player|p1|lvbreakfast|101|
|player|p2|Sirpeanutcronch|#wcop2025africa|
|gen|9
|tier|[Gen 9] OU
|rule|HP Percentage Mod: HP is shown in percentages
|rule|Endless Battle Clause: Forcing endless battles is banned
|rule|Species Clause: Limit one of each Pokémon
|rule|OHKO Clause: OHKO moves are banned
|rule|Evasion Items Clause: Evasion items are banned
|rule|Evasion Moves Clause: Evasion moves are banned
|rule|Evasion Abilities Clause: Evasion abilities are banned
|rule|Sleep Moves Clause: Sleep-inducing moves are banned
|clearpoke
|poke|p1|Zapdos|
|poke|p1|Sinistcha|
|poke|p1|Weavile, F|
|poke|p1|Keldeo|
|poke|p1|Goodra-Hisui, F|
|poke|p1|Ting-Lu|
|poke|p2|Dondozo, F|
|poke|p2|Rillaboom, F|
|poke|p2|Heatran, M|
|poke|p2|Kyurem|
|poke|p2|Great Tusk|
|poke|p2|Slowking-Galar, M|
|teampreview
|
|t:|1757786285
|teamsize|p1|6
|teamsize|p2|6
|start
|switch|p1a: Lil emolga|Zapdos|100/100
|switch|p2a: Slowking|Slowking-Galar, M|100/100
|turn|1
|
|t:|1757786290
|move|p1a: Lil emolga|Volt Switch|p2a: Slowking
|-damage|p2a: Slowking|79/100
|
|t:|1757786291
|switch|p1a: Goodra|Goodra-Hisui, F|100/100|[from] Volt Switch
|move|p2a: Slowking|Sludge Bomb|p1a: Goodra
|-immune|p1a: Goodra
|
|upkeep
|turn|2
|
|t:|1757786294
|switch|p2a: Heatran|Heatran, M|100/100
|move|p1a: Goodra|Knock Off|p2a: Heatran
|-damage|p2a: Heatran|85/100
|-status|p1a: Goodra|brn|[from] ability: Flame Body|[of] p2a: Heatran
|-enditem|p2a: Heatran|Leftovers|[from] move: Knock Off|[of] p1a: Goodra
|
|-damage|p1a: Goodra|94/100 brn|[from] brn
|upkeep
|turn|3
|
|t:|1757786298
|switch|p1a: Ting-Loui|Ting-Lu|100/100
|-ability|p1a: Ting-Loui|Vessel of Ruin
|move|p2a: Heatran|Stealth Rock|p1a: Ting-Loui
|-sidestart|p1: lvbreakfast|move: Stealth Rock
|
|upkeep
|turn|4
|
|t:|1757786302
|switch|p2a: Rillaboom|Rillaboom, F|100/100
|-fieldstart|move: Grassy Terrain|[from] ability: Grassy Surge|[of] p2a: Rillaboom
|move|p1a: Ting-Loui|Earthquake|p2a: Rillaboom
|-resisted|p2a: Rillaboom
|-damage|p2a: Rillaboom|90/100
|
|-heal|p2a: Rillaboom|96/100|[from] Grassy Terrain
|upkeep
|turn|5
|
|t:|1757786308
|switch|p1a: Lil emolga|Zapdos|100/100
|move|p2a: Rillaboom|Wood Hammer|p1a: Lil emolga
|-resisted|p1a: Lil emolga
|-damage|p1a: Lil emolga|53/100
|-damage|p2a: Rillaboom|79/100|[from] Recoil
|
|-heal|p2a: Rillaboom|85/100|[from] Grassy Terrain
|upkeep
|turn|6
|inactive|Sirpeanutcronch has 270 seconds left.
|
|t:|1757786341
|-terastallize|p2a: Rillaboom|Grass
|move|p2a: Rillaboom|Wood Hammer|p1a: Lil emolga
|-resisted|p1a: Lil emolga
|-damage|p1a: Lil emolga|0 fnt
|-status|p2a: Rillaboom|par|[from] ability: Static|[of] p1a: Lil emolga
|faint|p1a: Lil emolga
|-damage|p2a: Rillaboom|65/100 par|[from] Recoil
|
|-heal|p2a: Rillaboom|71/100 par|[from] Grassy Terrain
|upkeep
|
|t:|1757786348
|switch|p1a: Weavile|Weavile, F|100/100
|turn|7
|
|t:|1757786354
|switch|p2a: Dondozo|Dondozo, F|100/100
|move|p1a: Weavile|Icicle Crash|p2a: Dondozo
|-resisted|p2a: Dondozo
|-damage|p2a: Dondozo|89/100
|
|-heal|p2a: Dondozo|95/100|[from] Grassy Terrain
|-heal|p2a: Dondozo|100/100|[from] item: Leftovers
|upkeep
|turn|8
|
|t:|1757786358
|switch|p1a: Ting-Loui|Ting-Lu|100/100
|-damage|p1a: Ting-Loui|94/100|[from] Stealth Rock
|-ability|p1a: Ting-Loui|Vessel of Ruin
|switch|p2a: Heatran|Heatran, M|85/100
|
|-heal|p2a: Heatran|91/100|[from] Grassy Terrain
|-heal|p1a: Ting-Loui|100/100|[from] Grassy Terrain
|-fieldend|move: Grassy Terrain
|upkeep
|turn|9
|
|t:|1757786361
|switch|p2a: Rillaboom|Rillaboom, F, tera:Grass|71/100 par
|-fieldstart|move: Grassy Terrain|[from] ability: Grassy Surge|[of] p2a: Rillaboom
|move|p1a: Ting-Loui|Stealth Rock|p2a: Rillaboom
|-sidestart|p2: Sirpeanutcronch|move: Stealth Rock
|
|-heal|p2a: Rillaboom|78/100 par|[from] Grassy Terrain
|upkeep
|turn|10
|
|t:|1757786365
|move|p2a: Rillaboom|Wood Hammer|p1a: Ting-Loui
|-supereffective|p1a: Ting-Loui
|-damage|p1a: Ting-Loui|0 fnt
|faint|p1a: Ting-Loui
|-damage|p2a: Rillaboom|34/100 par|[from] Recoil
|
|-heal|p2a: Rillaboom|40/100 par|[from] Grassy Terrain
|upkeep
|
|t:|1757786376
|switch|p1a: Weavile|Weavile, F|100/100
|turn|11
|
|t:|1757786384
|switch|p2a: Heatran|Heatran, M|91/100
|-damage|p2a: Heatran|79/100|[from] Stealth Rock
|move|p1a: Weavile|Knock Off|p2a: Heatran
|-damage|p2a: Heatran|53/100
|
|-heal|p2a: Heatran|59/100|[from] Grassy Terrain
|upkeep
|turn|12
|
|t:|1757786393
|move|p1a: Weavile|Low Kick|p2a: Heatran
|-supereffective|p2a: Heatran
|-damage|p2a: Heatran|0 fnt
|faint|p2a: Heatran
|
|upkeep
|inactive|Sirpeanutcronch has 270 seconds left.
|
|t:|1757786430
|switch|p2a: Great Tusk|Great Tusk|100/100
|turn|13
|inactive|Sirpeanutcronch has 270 seconds left.
|
|t:|1757786441
|move|p1a: Weavile|Icicle Crash|p2a: Great Tusk
|-supereffective|p2a: Great Tusk
|-damage|p2a: Great Tusk|39/100
|move|p2a: Great Tusk|Headlong Rush|p1a: Weavile
|-damage|p1a: Weavile|0 fnt
|-unboost|p2a: Great Tusk|def|1
|-unboost|p2a: Great Tusk|spd|1
|faint|p1a: Weavile
|
|-heal|p2a: Great Tusk|45/100|[from] Grassy Terrain
|-fieldend|move: Grassy Terrain
|upkeep
|
|t:|1757786460
|switch|p1a: Glue eater|Keldeo, shiny|100/100
|turn|14
|
|t:|1757786463
|-end|p2a: Great Tusk|Protosynthesis|[silent]
|switch|p2a: Slowking|Slowking-Galar, M|100/100
|-damage|p2a: Slowking|88/100|[from] Stealth Rock
|move|p1a: Glue eater|Surf|p2a: Slowking
|-damage|p2a: Slowking|53/100
|
|upkeep
|turn|15
|
|t:|1757786469
|move|p1a: Glue eater|Surf|p2a: Slowking
|-crit|p2a: Slowking
|-damage|p2a: Slowking|0 fnt
|faint|p2a: Slowking
|
|upkeep
|c|☆Sirpeanutcronch|PLEASE GOD
|
|t:|1757786485
|switch|p2a: Rillaboom|Rillaboom, F, tera:Grass|40/100 par
|-damage|p2a: Rillaboom|28/100 par|[from] Stealth Rock
|-fieldstart|move: Grassy Terrain|[from] ability: Grassy Surge|[of] p2a: Rillaboom
|turn|16
|
|t:|1757786493
|switch|p1a: Goodra|Goodra-Hisui, F|94/100 brn
|-damage|p1a: Goodra|88/100 brn|[from] Stealth Rock
|cant|p2a: Rillaboom|par
|
|-heal|p1a: Goodra|94/100 brn|[from] Grassy Terrain
|-heal|p2a: Rillaboom|34/100 par|[from] Grassy Terrain
|-damage|p1a: Goodra|88/100 brn|[from] brn
|upkeep
|turn|17
|
|t:|1757786499
|switch|p2a: Dondozo|Dondozo, F|100/100
|-damage|p2a: Dondozo|88/100|[from] Stealth Rock
|move|p1a: Goodra|Sludge Bomb|p2a: Dondozo
|-damage|p2a: Dondozo|73/100
|-status|p2a: Dondozo|psn
|
|-heal|p1a: Goodra|94/100 brn|[from] Grassy Terrain
|-heal|p2a: Dondozo|79/100 psn|[from] Grassy Terrain
|-heal|p2a: Dondozo|85/100 psn|[from] item: Leftovers
|-damage|p2a: Dondozo|73/100 psn|[from] psn
|-damage|p1a: Goodra|88/100 brn|[from] brn
|upkeep
|turn|18
|
|t:|1757786505
|switch|p1a: Sinister Tea ;)|Sinistcha|100/100
|move|p2a: Dondozo|Rest|p2a: Dondozo
|-status|p2a: Dondozo|slp|[from] move: Rest
|-heal|p2a: Dondozo|100/100 slp|[silent]
|
|upkeep
|turn|19
|
|t:|1757786513
|switch|p2a: Kyurem|Kyurem|100/100
|-damage|p2a: Kyurem|76/100|[from] Stealth Rock
|-ability|p2a: Kyurem|Pressure
|move|p1a: Sinister Tea ;)|Shadow Ball|p2a: Kyurem
|-damage|p2a: Kyurem|43/100
|
|-heal|p2a: Kyurem|50/100|[from] Grassy Terrain
|upkeep
|turn|20
|
|t:|1757786522
|switch|p1a: Goodra|Goodra-Hisui, F|88/100 brn
|-damage|p1a: Goodra|82/100 brn|[from] Stealth Rock
|move|p2a: Kyurem|Earth Power|p1a: Goodra
|-supereffective|p1a: Goodra
|-damage|p1a: Goodra|48/100 brn
|
|-heal|p2a: Kyurem|56/100|[from] Grassy Terrain
|-heal|p1a: Goodra|54/100 brn|[from] Grassy Terrain
|-damage|p1a: Goodra|48/100 brn|[from] brn
|-fieldend|move: Grassy Terrain
|upkeep
|turn|21
|
|t:|1757786527
|switch|p2a: Dondozo|Dondozo, F|100/100 slp
|-damage|p2a: Dondozo|88/100 slp|[from] Stealth Rock
|move|p1a: Goodra|Draco Meteor|p2a: Dondozo
|-damage|p2a: Dondozo|58/100 slp
|-unboost|p1a: Goodra|spa|2
|
|-heal|p2a: Dondozo|64/100 slp|[from] item: Leftovers
|-damage|p1a: Goodra|42/100 brn|[from] brn
|upkeep
|turn|22
|
|t:|1757786534
|move|p1a: Goodra|Knock Off|p2a: Dondozo
|-damage|p2a: Dondozo|58/100 slp
|-enditem|p2a: Dondozo|Leftovers|[from] move: Knock Off|[of] p1a: Goodra
|cant|p2a: Dondozo|slp
|
|-damage|p1a: Goodra|35/100 brn|[from] brn
|upkeep
|turn|23
|
|t:|1757786539
|switch|p1a: Sinister Tea ;)|Sinistcha|100/100
|cant|p2a: Dondozo|slp
|
|upkeep
|turn|24
|inactive|Sirpeanutcronch has 270 seconds left.
|
|t:|1757786580
|move|p1a: Sinister Tea ;)|Shadow Ball|p2a: Dondozo
|-damage|p2a: Dondozo|36/100 slp
|-unboost|p2a: Dondozo|spd|1
|-curestatus|p2a: Dondozo|slp|[msg]
|move|p2a: Dondozo|Crunch|p1a: Sinister Tea ;)
|-supereffective|p1a: Sinister Tea ;)
|-crit|p1a: Sinister Tea ;)
|-damage|p1a: Sinister Tea ;)|59/100
|
|upkeep
|turn|25
|
|t:|1757786587
|switch|p2a: Kyurem|Kyurem|56/100
|-damage|p2a: Kyurem|31/100|[from] Stealth Rock
|-ability|p2a: Kyurem|Pressure
|move|p1a: Sinister Tea ;)|Strength Sap|p2a: Kyurem
|-unboost|p2a: Kyurem|atk|1
|-heal|p1a: Sinister Tea ;)|100/100
|
|upkeep
|turn|26
|inactive|Sirpeanutcronch has 270 seconds left.
|
|t:|1757786596
|switch|p1a: Goodra|Goodra-Hisui, F|35/100 brn
|-damage|p1a: Goodra|29/100 brn|[from] Stealth Rock
|move|p2a: Kyurem|Freeze-Dry|p1a: Goodra
|-damage|p1a: Goodra|10/100 brn
|
|-damage|p1a: Goodra|4/100 brn|[from] brn
|upkeep
|turn|27
|
|t:|1757786598
|move|p2a: Kyurem|Freeze-Dry|p1a: Goodra
|-damage|p1a: Goodra|0 fnt
|faint|p1a: Goodra
|
|upkeep
|
|t:|1757786600
|switch|p1a: Glue eater|Keldeo, shiny|100/100
|turn|28
|
|t:|1757786606
|switch|p2a: Dondozo|Dondozo, F|36/100
|-damage|p2a: Dondozo|24/100|[from] Stealth Rock
|move|p1a: Glue eater|Aura Sphere|p2a: Dondozo
|-damage|p2a: Dondozo|0 fnt
|faint|p2a: Dondozo
|
|upkeep
|
|t:|1757786608
|switch|p2a: Rillaboom|Rillaboom, F, tera:Grass|34/100 par
|-damage|p2a: Rillaboom|22/100 par|[from] Stealth Rock
|-fieldstart|move: Grassy Terrain|[from] ability: Grassy Surge|[of] p2a: Rillaboom
|turn|29
|
|t:|1757786615
|move|p1a: Glue eater|Vacuum Wave|p2a: Rillaboom
|-damage|p2a: Rillaboom|0 fnt
|faint|p2a: Rillaboom
|
|upkeep
|c|☆lvbreakfast|I'm so sorry for all the hax 
|c|☆Sirpeanutcronch|man
|c|☆Sirpeanutcronch|i shoudlve just taken the act :sob:
|inactive|Sirpeanutcronch has 270 seconds left.
|
|t:|1757786647
|switch|p2a: Great Tusk|Great Tusk|45/100
|turn|30
|c|☆lvbreakfast|sorry 
|inactive|Sirpeanutcronch has 270 seconds left.
|c|☆Sirpeanutcronch|i better see u in finals 
|
|t:|1757786667
|move|p1a: Glue eater|Surf|p2a: Great Tusk
|-supereffective|p2a: Great Tusk
|-damage|p2a: Great Tusk|0 fnt
|faint|p2a: Great Tusk
|-end|p2a: Great Tusk|Protosynthesis|[silent]
|
|upkeep
|
|t:|1757786669
|switch|p2a: Kyurem|Kyurem|31/100
|-damage|p2a: Kyurem|6/100|[from] Stealth Rock
|-ability|p2a: Kyurem|Pressure
|turn|31
|
|t:|1757786677
|move|p1a: Glue eater|Surf|p2a: Kyurem
|-resisted|p2a: Kyurem
|-damage|p2a: Kyurem|0 fnt
|faint|p2a: Kyurem
|
|win|lvbreakfast
|c|☆Sirpeanutcronch|gg
|c|☆lvbreakfast|I will try 
|c|☆lvbreakfast|Gg
