|j|☆drop a baby
|j|☆thunderbug
|t:|1757798877
|gametype|singles
|player|p1|drop a baby|chase|1839
|player|p2|thunderbug|bugsy|1748
|gen|9
|tier|[Gen 9] OU
|rated|
|rule|HP Percentage Mod: HP is shown in percentages
|rule|Endless Battle Clause: Forcing endless battles is banned
|rule|Species Clause: Limit one of each Pokémon
|rule|OHKO Clause: OHKO moves are banned
|rule|Evasion Items Clause: Evasion items are banned
|rule|Evasion Moves Clause: Evasion moves are banned
|rule|Evasion Abilities Clause: Evasion abilities are banned
|rule|Sleep Moves Clause: Sleep-inducing moves are banned
|clearpoke
|poke|p1|Iron Moth|
|poke|p1|Kingambit, M|
|poke|p1|Dragonite, F|
|poke|p1|Ogerpon-Cornerstone, F|
|poke|p1|Iron Valiant|
|poke|p1|Raging Bolt|
|poke|p2|Dragapult, M|
|poke|p2|Slowking-Galar, F|
|poke|p2|Kingambit, F|
|poke|p2|Landorus-Therian, M|
|poke|p2|Zamazenta-*|
|poke|p2|Zapdos|
|teampreview
|inactive|Battle timer is ON: inactive players will automatically lose when time's up. (requested by drop a baby)
|
|t:|1757798900
|teamsize|p1|6
|teamsize|p2|6
|start
|switch|p1a: Iron Valiant|Iron Valiant|100/100
|switch|p2a: Slowking|Slowking-Galar, F|100/100
|-enditem|p1a: Iron Valiant|Booster Energy
|-activate|p1a: Iron Valiant|ability: Quark Drive|[fromitem]
|-start|p1a: Iron Valiant|quarkdrivespe
|turn|1
|
|t:|1757798908
|move|p1a: Iron Valiant|Knock Off|p2a: Slowking
|-supereffective|p2a: Slowking
|-crit|p2a: Slowking
|-damage|p2a: Slowking|0 fnt
|-enditem|p2a: Slowking|Heavy-Duty Boots|[from] move: Knock Off|[of] p1a: Iron Valiant
|faint|p2a: Slowking
|
|upkeep
|
|t:|1757798912
|switch|p2a: Zapdos|Zapdos|100/100
|turn|2
|
|t:|1757798915
|move|p1a: Iron Valiant|Destiny Bond|p1a: Iron Valiant
|-singlemove|p1a: Iron Valiant|Destiny Bond
|move|p2a: Zapdos|Hurricane|p1a: Iron Valiant
|-supereffective|p1a: Iron Valiant
|-damage|p1a: Iron Valiant|0 fnt
|faint|p1a: Iron Valiant
|-activate|p1a: Iron Valiant|move: Destiny Bond
|-end|p1a: Iron Valiant|Quark Drive|[silent]
|faint|p2a: Zapdos
|
|upkeep
|j| Jey2
|
|t:|1757798923
|switch|p1a: Ogerpon|Ogerpon-Cornerstone, F|100/100
|switch|p2a: Dragapult|Dragapult, M|100/100
|turn|3
|
|t:|1757798927
|move|p2a: Dragapult|U-turn|p1a: Ogerpon
|-supereffective|p1a: Ogerpon
|-damage|p1a: Ogerpon|9/100
|
|t:|1757798931
|switch|p2a: Landorus|Landorus-Therian, M|100/100|[from] U-turn
|-ability|p2a: Landorus|Intimidate|boost
|-unboost|p1a: Ogerpon|atk|1
|move|p1a: Ogerpon|Knock Off|p2a: Landorus
|-damage|p2a: Landorus|77/100
|-damage|p1a: Ogerpon|0 fnt|[from] item: Rocky Helmet|[of] p2a: Landorus
|faint|p1a: Ogerpon
|
|upkeep
|
|t:|1757798937
|switch|p1a: Dragonite|Dragonite, F|100/100
|turn|4
|
|t:|1757798939
|move|p2a: Landorus|Taunt|p1a: Dragonite
|-start|p1a: Dragonite|move: Taunt
|cant|p1a: Dragonite|move: Taunt|Dragon Dance
|
|upkeep
|turn|5
|
|t:|1757798949
|switch|p1a: Iron Moth|Iron Moth|100/100
|-enditem|p1a: Iron Moth|Booster Energy
|-activate|p1a: Iron Moth|ability: Quark Drive|[fromitem]
|-start|p1a: Iron Moth|quarkdrivespe
|move|p2a: Landorus|Stealth Rock|p1a: Iron Moth
|-sidestart|p1: drop a baby|move: Stealth Rock
|
|upkeep
|turn|6
|
|t:|1757798954
|move|p1a: Iron Moth|Fiery Dance|p2a: Landorus
|-damage|p2a: Landorus|37/100
|-boost|p1a: Iron Moth|spa|1
|move|p2a: Landorus|Earth Power|p1a: Iron Moth
|-supereffective|p1a: Iron Moth
|-damage|p1a: Iron Moth|0 fnt
|faint|p1a: Iron Moth
|-end|p1a: Iron Moth|Quark Drive|[silent]
|
|upkeep
|
|t:|1757798961
|switch|p1a: Kingambit|Kingambit, M|100/100
|-damage|p1a: Kingambit|94/100|[from] Stealth Rock
|-activate|p1a: Kingambit|ability: Supreme Overlord
|-start|p1a: Kingambit|fallen3|[silent]
|turn|7
|
|t:|1757798970
|move|p2a: Landorus|Taunt|p1a: Kingambit
|-start|p1a: Kingambit|move: Taunt
|move|p1a: Kingambit|Kowtow Cleave|p2a: Landorus
|-damage|p2a: Landorus|0 fnt
|-damage|p1a: Kingambit|78/100|[from] item: Rocky Helmet|[of] p2a: Landorus
|faint|p2a: Landorus
|
|upkeep
|
|t:|1757798972
|switch|p2a: Zamazenta|Zamazenta|100/100
|-ability|p2a: Zamazenta|Dauntless Shield|boost
|-boost|p2a: Zamazenta|def|1
|turn|8
|
|t:|1757798976
|-end|p1a: Kingambit|fallen3|[silent]
|switch|p1a: Raging Bolt|Raging Bolt|100/100
|-damage|p1a: Raging Bolt|88/100|[from] Stealth Rock
|-enditem|p1a: Raging Bolt|Booster Energy
|-activate|p1a: Raging Bolt|ability: Protosynthesis|[fromitem]
|-start|p1a: Raging Bolt|protosynthesisspa
|move|p2a: Zamazenta|Stone Edge|p1a: Raging Bolt|[miss]
|-miss|p2a: Zamazenta|p1a: Raging Bolt
|
|upkeep
|turn|9
|
|t:|1757798991
|switch|p2a: Kingambit|Kingambit, F|100/100
|-activate|p2a: Kingambit|ability: Supreme Overlord
|-start|p2a: Kingambit|fallen3|[silent]
|move|p1a: Raging Bolt|Dragon Pulse|p2a: Kingambit
|-resisted|p2a: Kingambit
|-damage|p2a: Kingambit|81/100
|
|upkeep
|turn|10
|
|t:|1757799000
|move|p1a: Raging Bolt|Thunderbolt|p2a: Kingambit
|-damage|p2a: Kingambit|40/100
|move|p2a: Kingambit|Kowtow Cleave|p1a: Raging Bolt
|-damage|p1a: Raging Bolt|27/100
|
|upkeep
|turn|11
|j| green_ninja103
|
|t:|1757799013
|move|p1a: Raging Bolt|Thunderbolt|p2a: Kingambit
|-damage|p2a: Kingambit|0 fnt
|faint|p2a: Kingambit
|-end|p2a: Kingambit|fallen3|[silent]
|
|upkeep
|
|t:|1757799015
|switch|p2a: Dragapult|Dragapult, M|100/100
|turn|12
|
|t:|1757799022
|move|p1a: Raging Bolt|Thunderclap|p2a: Dragapult
|-resisted|p2a: Dragapult
|-damage|p2a: Dragapult|66/100
|move|p2a: Dragapult|Dragon Darts|p1a: Raging Bolt
|-supereffective|p1a: Raging Bolt
|-damage|p1a: Raging Bolt|0 fnt
|faint|p1a: Raging Bolt
|-end|p1a: Raging Bolt|Protosynthesis|[silent]
|
|upkeep
|
|t:|1757799027
|switch|p1a: Kingambit|Kingambit, M|78/100
|-damage|p1a: Kingambit|72/100|[from] Stealth Rock
|-activate|p1a: Kingambit|ability: Supreme Overlord
|-start|p1a: Kingambit|fallen4|[silent]
|turn|13
|
|t:|1757799041
|move|p2a: Dragapult|Dragon Darts|p1a: Kingambit
|-resisted|p1a: Kingambit
|-damage|p1a: Kingambit|55/100
|-anim|p2a: Dragapult|Dragon Darts|p1a: Kingambit
|-resisted|p1a: Kingambit
|-damage|p1a: Kingambit|38/100
|move|p1a: Kingambit|Swords Dance|p1a: Kingambit
|-boost|p1a: Kingambit|atk|2
|
|upkeep
|turn|14
|j| just-jaype
|
|t:|1757799046
|switch|p2a: Zamazenta|Zamazenta|100/100
|move|p1a: Kingambit|Sucker Punch||[still]
|-fail|p1a: Kingambit
|
|upkeep
|turn|15
|
|t:|1757799051
|move|p2a: Zamazenta|Close Combat|p1a: Kingambit
|-supereffective|p1a: Kingambit
|-damage|p1a: Kingambit|0 fnt
|-unboost|p2a: Zamazenta|def|1
|-unboost|p2a: Zamazenta|spd|1
|faint|p1a: Kingambit
|-end|p1a: Kingambit|fallen4|[silent]
|
|upkeep
|
|t:|1757799053
|switch|p1a: Dragonite|Dragonite, F|100/100
|turn|16
|
|t:|1757799058
|-terastallize|p2a: Zamazenta|Ice
|move|p2a: Zamazenta|Tera Blast|p1a: Dragonite|[anim] Tera Blast Ice
|-supereffective|p1a: Dragonite
|-damage|p1a: Dragonite|13/100
|move|p1a: Dragonite|Dragon Dance|p1a: Dragonite
|-boost|p1a: Dragonite|atk|1
|-boost|p1a: Dragonite|spe|1
|
|upkeep
|turn|17
|
|t:|1757799063
|-terastallize|p1a: Dragonite|Flying
|move|p1a: Dragonite|Tera Blast|p2a: Zamazenta|[anim] Tera Blast Flying
|-damage|p2a: Zamazenta|0 fnt
|faint|p2a: Zamazenta
|
|upkeep
|c| just-jaype|huh
|
|t:|1757799066
|switch|p2a: Dragapult|Dragapult, M|66/100
|turn|18
|
|t:|1757799070
|move|p2a: Dragapult|Sucker Punch|p1a: Dragonite
|-damage|p1a: Dragonite|0 fnt
|faint|p1a: Dragonite
|
|win|thunderbug
|raw|drop a baby's rating: 1839 &rarr; <strong>1814</strong><br />(-25 for losing)
|raw|thunderbug's rating: 1748 &rarr; <strong>1773</strong><br />(+25 for winning)
|l|☆drop a baby
|player|p1|
|l| just-jaype
|l| Jey2
|l|☆thunderbug
|player|p2|
|l| green_ninja103
