|j|☆Kakkaznn
|j|☆Predestined
|t:|1757804321
|gametype|singles
|player|p1|Kakkaznn|grimsley-gen7|
|player|p2|Predestined|firebreather|
|gen|9
|tier|[Gen 9] OU
|rule|HP Percentage Mod: HP is shown in percentages
|rule|Endless Battle Clause: Forcing endless battles is banned
|rule|Species Clause: Limit one of each Pokémon
|rule|OHKO Clause: OHKO moves are banned
|rule|Evasion Items Clause: Evasion items are banned
|rule|Evasion Moves Clause: Evasion moves are banned
|rule|Evasion Abilities Clause: Evasion abilities are banned
|rule|Sleep Moves Clause: Sleep-inducing moves are banned
|clearpoke
|poke|p1|Zamazenta-*|
|poke|p1|Ogerpon-Wellspring, F|
|poke|p1|Gliscor, F|
|poke|p1|Dragapult, M|
|poke|p1|Dragonite, M|
|poke|p1|Iron Treads|
|poke|p2|Cloyster, F|
|poke|p2|Ninetales-Alola, M|
|poke|p2|Polteageist|
|poke|p2|Ogerpon-Wellspring, F|
|poke|p2|Iron Treads|
|poke|p2|Dragonite, M|
|teampreview
|
|t:|1757804334
|teamsize|p1|6
|teamsize|p2|6
|start
|switch|p1a: Gliscor|Gliscor, F, shiny|100/100
|switch|p2a: Ninetales|Ninetales-Alola, M|100/100
|-weather|Snowscape|[from] ability: Snow Warning|[of] p2a: Ninetales
|turn|1
|
|t:|1757804342
|move|p1a: Gliscor|Protect|p1a: Gliscor
|-singleturn|p1a: Gliscor|Protect
|move|p2a: Ninetales|Aurora Veil|p2a: Ninetales
|-sidestart|p2: Predestined|move: Aurora Veil
|
|-weather|Snowscape|[upkeep]
|-status|p1a: Gliscor|tox|[from] item: Toxic Orb
|upkeep
|turn|2
|
|t:|1757804360
|switch|p1a: Zamazenta|Zamazenta|100/100
|-ability|p1a: Zamazenta|Dauntless Shield|boost
|-boost|p1a: Zamazenta|def|1
|move|p2a: Ninetales|Moonblast|p1a: Zamazenta
|-supereffective|p1a: Zamazenta
|-damage|p1a: Zamazenta|33/100
|-unboost|p1a: Zamazenta|spa|1
|
|-weather|Snowscape|[upkeep]
|upkeep
|turn|3
|
|t:|1757804372
|switch|p2a: Polteageist|Polteageist|100/100
|move|p1a: Zamazenta|Rest|p1a: Zamazenta
|-status|p1a: Zamazenta|slp|[from] move: Rest
|-heal|p1a: Zamazenta|100/100 slp|[silent]
|-enditem|p1a: Zamazenta|Chesto Berry|[eat]
|-curestatus|p1a: Zamazenta|slp|[msg]
|
|-weather|Snowscape|[upkeep]
|upkeep
|turn|4
|
|t:|1757804383
|switch|p1a: Ogerpon|Ogerpon-Wellspring, F|100/100
|move|p2a: Polteageist|Shell Smash|p2a: Polteageist
|-unboost|p2a: Polteageist|def|1
|-unboost|p2a: Polteageist|spd|1
|-boost|p2a: Polteageist|atk|2
|-boost|p2a: Polteageist|spa|2
|-boost|p2a: Polteageist|spe|2
|-enditem|p2a: Polteageist|White Herb
|-clearnegativeboost|p2a: Polteageist|[silent]
|
|-weather|Snowscape|[upkeep]
|upkeep
|turn|5
|
|t:|1757804391
|move|p2a: Polteageist|Shadow Ball|p1a: Ogerpon
|-damage|p1a: Ogerpon|23/100
|move|p1a: Ogerpon|Ivy Cudgel|p2a: Polteageist|[anim] Ivy Cudgel Water
|-damage|p2a: Polteageist|69/100
|-start|p1a: Ogerpon|Disable|Ivy Cudgel|[from] ability: Cursed Body|[of] p2a: Polteageist
|
|-weather|none
|upkeep
|turn|6
|
|t:|1757804402
|move|p2a: Polteageist|Shadow Ball|p1a: Ogerpon
|-damage|p1a: Ogerpon|0 fnt
|faint|p1a: Ogerpon
|
|upkeep
|
|t:|1757804408
|switch|p1a: Gliscor|Gliscor, F, shiny|100/100 tox
|turn|7
|
|t:|1757804415
|move|p2a: Polteageist|Strength Sap|p1a: Gliscor
|-unboost|p1a: Gliscor|atk|1
|-heal|p2a: Polteageist|100/100
|move|p1a: Gliscor|Toxic|p2a: Polteageist|[miss]
|-miss|p1a: Gliscor|p2a: Polteageist
|
|upkeep
|turn|8
|
|t:|1757804421
|move|p2a: Polteageist|Shadow Ball|p1a: Gliscor
|-damage|p1a: Gliscor|25/100 tox
|move|p1a: Gliscor|Earthquake|p2a: Polteageist
|-damage|p2a: Polteageist|86/100
|
|-heal|p1a: Gliscor|38/100 tox|[from] ability: Poison Heal
|-sideend|p2: Predestined|move: Aurora Veil
|upkeep
|turn|9
|
|t:|1757804425
|move|p1a: Gliscor|Protect|p1a: Gliscor
|-singleturn|p1a: Gliscor|Protect
|move|p2a: Polteageist|Shadow Ball|p1a: Gliscor
|-activate|p1a: Gliscor|move: Protect
|
|-heal|p1a: Gliscor|50/100 tox|[from] ability: Poison Heal
|upkeep
|turn|10
|
|t:|1757804436
|move|p2a: Polteageist|Shadow Ball|p1a: Gliscor
|-damage|p1a: Gliscor|0 fnt
|faint|p1a: Gliscor
|
|upkeep
|
|t:|1757804444
|switch|p1a: Zamazenta|Zamazenta|100/100
|turn|11
|
|t:|1757804464
|move|p2a: Polteageist|Shadow Ball|p1a: Zamazenta
|-damage|p1a: Zamazenta|41/100
|-unboost|p1a: Zamazenta|spd|1
|move|p1a: Zamazenta|Crunch|p2a: Polteageist
|-supereffective|p2a: Polteageist
|-damage|p2a: Polteageist|32/100
|
|upkeep
|turn|12
|
|t:|1757804474
|move|p2a: Polteageist|Strength Sap|p1a: Zamazenta
|-unboost|p1a: Zamazenta|atk|1
|-heal|p2a: Polteageist|100/100
|move|p1a: Zamazenta|Crunch|p2a: Polteageist
|-supereffective|p2a: Polteageist
|-damage|p2a: Polteageist|69/100
|
|upkeep
|turn|13
|
|t:|1757804481
|move|p2a: Polteageist|Strength Sap|p1a: Zamazenta
|-unboost|p1a: Zamazenta|atk|1
|-heal|p2a: Polteageist|100/100
|move|p1a: Zamazenta|Crunch|p2a: Polteageist
|-supereffective|p2a: Polteageist
|-damage|p2a: Polteageist|73/100
|
|upkeep
|turn|14
|
|t:|1757804484
|move|p2a: Polteageist|Shadow Ball|p1a: Zamazenta
|-damage|p1a: Zamazenta|0 fnt
|faint|p1a: Zamazenta
|
|upkeep
|
|t:|1757804492
|switch|p1a: Dragapult|Dragapult, M|100/100
|turn|15
|
|t:|1757804495
|-terastallize|p1a: Dragapult|Fairy
|move|p2a: Polteageist|Shadow Ball|p1a: Dragapult
|-damage|p1a: Dragapult|0 fnt
|faint|p1a: Dragapult
|
|upkeep
|
|t:|1757804501
|switch|p1a: Dragonite|Dragonite, M|100/100
|turn|16
|
|t:|1757804517
|move|p2a: Polteageist|Shadow Ball|p1a: Dragonite
|-damage|p1a: Dragonite|65/100
|-unboost|p1a: Dragonite|spd|1
|move|p1a: Dragonite|Dragon Claw|p2a: Polteageist
|-damage|p2a: Polteageist|21/100
|
|upkeep
|turn|17
|
|t:|1757804526
|move|p2a: Polteageist|Strength Sap|p1a: Dragonite
|-unboost|p1a: Dragonite|atk|1
|-heal|p2a: Polteageist|100/100
|move|p1a: Dragonite|Dragon Claw|p2a: Polteageist
|-damage|p2a: Polteageist|66/100
|
|upkeep
|turn|18
|
|t:|1757804531
|switch|p1a: Iron Treads|Iron Treads|100/100
|-item|p1a: Iron Treads|Air Balloon
|move|p2a: Polteageist|Strength Sap|p1a: Iron Treads
|-unboost|p1a: Iron Treads|atk|1
|-heal|p2a: Polteageist|100/100
|
|upkeep
|turn|19
|
|t:|1757804537
|-terastallize|p2a: Polteageist|Fighting
|move|p2a: Polteageist|Tera Blast|p1a: Iron Treads|[anim] Tera Blast Fighting
|-supereffective|p1a: Iron Treads
|-damage|p1a: Iron Treads|0 fnt
|-enditem|p1a: Iron Treads|Air Balloon
|faint|p1a: Iron Treads
|-end|p1a: Iron Treads|Quark Drive|[silent]
|
|upkeep
|
|t:|1757804542
|switch|p1a: Dragonite|Dragonite, M|65/100
|turn|20
|
|t:|1757804548
|move|p2a: Polteageist|Shadow Ball|p1a: Dragonite
|-crit|p1a: Dragonite
|-damage|p1a: Dragonite|0 fnt
|faint|p1a: Dragonite
|
|win|Predestined
|l|☆Kakkaznn
|player|p1|
|l|☆Predestined
|player|p2|
|j|☆Kakkaznn
|player|p1|Kakkaznn|grimsley-gen7|
