|j|☆henry151th
|j|☆hungrymane
|t:|1757825419
|gametype|singles
|player|p1|henry151th|wallace|1529
|player|p2|hungrymane|1|1811
|gen|9
|tier|[Gen 9] OU
|rated|
|rule|HP Percentage Mod: HP is shown in percentages
|rule|Endless Battle Clause: Forcing endless battles is banned
|rule|Species Clause: Limit one of each Pokémon
|rule|OHKO Clause: OHKO moves are banned
|rule|Evasion Items Clause: Evasion items are banned
|rule|Evasion Moves Clause: Evasion moves are banned
|rule|Evasion Abilities Clause: Evasion abilities are banned
|rule|Sleep Moves Clause: Sleep-inducing moves are banned
|clearpoke
|poke|p1|Dragapult, M|
|poke|p1|Glimmora, M|
|poke|p1|Comfey, M|
|poke|p1|Kingambit, M|
|poke|p1|Ogerpon-Wellspring, F|
|poke|p1|Blaziken, M|
|poke|p2|Mesprit|
|poke|p2|Zoroark-Hisui, F|
|poke|p2|Thundurus, M|
|poke|p2|Okidogi, M|
|poke|p2|Goodra-Hisui, M|
|poke|p2|Alomomola, F|
|teampreview
|
|t:|1757825445
|teamsize|p1|6
|teamsize|p2|6
|start
|switch|p1a: Blaziken|Blaziken, M, shiny|100/100
|switch|p2a: Whos afraid of the|Mesprit|100/100
|turn|1
|j| wgw2333
|
|t:|1757825458
|move|p1a: Blaziken|Protect|p1a: Blaziken
|-singleturn|p1a: Blaziken|Protect
|move|p2a: Whos afraid of the|Stealth Rock|p1a: Blaziken
|-sidestart|p1: henry151th|move: Stealth Rock
|
|-ability|p1a: Blaziken|Speed Boost|boost
|-boost|p1a: Blaziken|spe|1
|upkeep
|turn|2
|
|t:|1757825460
|move|p1a: Blaziken|Knock Off|p2a: Whos afraid of the
|-supereffective|p2a: Whos afraid of the
|-damage|p2a: Whos afraid of the|36/100
|-enditem|p2a: Whos afraid of the|Heavy-Duty Boots|[from] move: Knock Off|[of] p1a: Blaziken
|-damage|p1a: Blaziken|91/100|[from] item: Life Orb
|move|p2a: Whos afraid of the|Psychic Noise|p1a: Blaziken
|-supereffective|p1a: Blaziken
|-damage|p1a: Blaziken|0 fnt
|faint|p1a: Blaziken
|
|upkeep
|
|t:|1757825467
|switch|p1a: Ogerpon|Ogerpon-Wellspring, F|100/100
|-damage|p1a: Ogerpon|88/100|[from] Stealth Rock
|turn|3
|
|t:|1757825473
|switch|p2a: Tuteetudleetutu|Alomomola, F|100/100
|move|p1a: Ogerpon|Ivy Cudgel|p2a: Tuteetudleetutu|[anim] Ivy Cudgel Water
|-resisted|p2a: Tuteetudleetutu
|-damage|p2a: Tuteetudleetutu|81/100
|
|upkeep
|turn|4
|
|t:|1757825478
|switch|p2a: Big bad wolf?|Thundurus, M|100/100
|move|p1a: Ogerpon|Spikes|p2a: Big bad wolf?
|-sidestart|p2: hungrymane|Spikes
|
|upkeep
|turn|5
|
|t:|1757825483
|switch|p1a: Glimmora|Glimmora, M, shiny|100/100
|-damage|p1a: Glimmora|88/100|[from] Stealth Rock
|move|p2a: Big bad wolf?|U-turn|p1a: Glimmora
|-resisted|p1a: Glimmora
|-damage|p1a: Glimmora|82/100
|-activate|p1a: Glimmora|ability: Toxic Debris
|-sidestart|p2: hungrymane|move: Toxic Spikes
|-enditem|p1a: Glimmora|Red Card|[of] p2a: Big bad wolf?
|drag|p2a: Whos afraid of the|Mesprit|36/100
|
|upkeep
|turn|6
|
|t:|1757825491
|-terastallize|p2a: Whos afraid of the|Steel
|move|p1a: Glimmora|Mortal Spin|p2a: Whos afraid of the
|-immune|p2a: Whos afraid of the
|move|p2a: Whos afraid of the|Psychic Noise|p1a: Glimmora
|-supereffective|p1a: Glimmora
|-damage|p1a: Glimmora|24/100
|-start|p1a: Glimmora|move: Heal Block
|
|upkeep
|turn|7
|
|t:|1757825496
|switch|p1a: Ogerpon|Ogerpon-Wellspring, F|88/100
|-damage|p1a: Ogerpon|76/100|[from] Stealth Rock
|move|p2a: Whos afraid of the|U-turn|p1a: Ogerpon
|-supereffective|p1a: Ogerpon
|-damage|p1a: Ogerpon|34/100
|
|t:|1757825498
|switch|p2a: Big bad wolf?|Thundurus, M|100/100|[from] U-turn
|
|upkeep
|turn|8
|
|t:|1757825502
|switch|p1a: Glimmora|Glimmora, M, shiny|24/100
|-damage|p1a: Glimmora|12/100|[from] Stealth Rock
|move|p2a: Big bad wolf?|Volt Switch|p1a: Glimmora
|-damage|p1a: Glimmora|0 fnt
|faint|p1a: Glimmora
|
|t:|1757825505
|switch|p2a: I aint afraid of a|Okidogi, M|100/100|[from] Volt Switch
|-sideend|p2: hungrymane|move: Toxic Spikes|[of] p2a: I aint afraid of a
|
|upkeep
|
|t:|1757825510
|switch|p1a: Ogerpon|Ogerpon-Wellspring, F|34/100
|-damage|p1a: Ogerpon|22/100|[from] Stealth Rock
|turn|9
|
|t:|1757825512
|switch|p2a: Big bad wolf?|Thundurus, M|100/100
|move|p1a: Ogerpon|Ivy Cudgel|p2a: Big bad wolf?|[anim] Ivy Cudgel Water
|-damage|p2a: Big bad wolf?|23/100
|
|upkeep
|turn|10
|
|t:|1757825517
|move|p2a: Big bad wolf?|Volt Switch|p1a: Ogerpon
|-damage|p1a: Ogerpon|0 fnt
|faint|p1a: Ogerpon
|
|t:|1757825519
|switch|p2a: Tuteetudleetutu|Alomomola, F|100/100|[from] Volt Switch
|
|upkeep
|
|t:|1757825523
|switch|p1a: Comfey|Comfey, M, shiny|100/100
|-damage|p1a: Comfey|88/100|[from] Stealth Rock
|turn|11
|
|t:|1757825529
|move|p1a: Comfey|Calm Mind|p1a: Comfey
|-boost|p1a: Comfey|spa|1
|-boost|p1a: Comfey|spd|1
|move|p2a: Tuteetudleetutu|Flip Turn|p1a: Comfey
|-damage|p1a: Comfey|69/100
|
|t:|1757825530
|switch|p2a: I aint afraid of a|Okidogi, M|100/100|[from] Flip Turn
|
|upkeep
|turn|12
|
|t:|1757825536
|-terastallize|p1a: Comfey|Ground
|move|p2a: I aint afraid of a|Poison Fang|p1a: Comfey
|-resisted|p1a: Comfey
|-damage|p1a: Comfey|57/100
|-status|p1a: Comfey|tox
|move|p1a: Comfey|Tera Blast|p2a: I aint afraid of a|[anim] Tera Blast Ground
|-supereffective|p2a: I aint afraid of a
|-damage|p2a: I aint afraid of a|0 fnt
|faint|p2a: I aint afraid of a
|-damage|p1a: Comfey|47/100 tox|[from] item: Life Orb
|
|-damage|p1a: Comfey|40/100 tox|[from] psn
|upkeep
|
|t:|1757825540
|switch|p2a: Tuteetudleetutu|Alomomola, F|100/100
|turn|13
|
|t:|1757825545
|move|p1a: Comfey|Draining Kiss|p2a: Tuteetudleetutu
|-damage|p2a: Tuteetudleetutu|66/100
|-heal|p1a: Comfey|85/100 tox|[from] drain|[of] p2a: Tuteetudleetutu
|-damage|p1a: Comfey|76/100 tox|[from] item: Life Orb
|move|p2a: Tuteetudleetutu|Wish|p2a: Tuteetudleetutu
|
|-damage|p1a: Comfey|63/100 tox|[from] psn
|upkeep
|turn|14
|
|t:|1757825548
|move|p1a: Comfey|Draining Kiss|p2a: Tuteetudleetutu
|-damage|p2a: Tuteetudleetutu|31/100
|-heal|p1a: Comfey|100/100 tox|[from] drain|[of] p2a: Tuteetudleetutu
|-damage|p1a: Comfey|91/100 tox|[from] item: Life Orb
|move|p2a: Tuteetudleetutu|Flip Turn|p1a: Comfey
|-supereffective|p1a: Comfey
|-damage|p1a: Comfey|51/100 tox
|
|t:|1757825550
|switch|p2a: Whos afraid of the|Mesprit, tera:Steel|36/100|[from] Flip Turn
|
|-heal|p2a: Whos afraid of the|100/100|[from] move: Wish|[wisher] Tuteetudleetutu
|-damage|p1a: Comfey|33/100 tox|[from] psn
|upkeep
|turn|15
|
|t:|1757825553
|move|p1a: Comfey|Draining Kiss|p2a: Whos afraid of the
|-resisted|p2a: Whos afraid of the
|-damage|p2a: Whos afraid of the|82/100
|-heal|p1a: Comfey|50/100 tox|[from] drain|[of] p2a: Whos afraid of the
|-damage|p1a: Comfey|40/100 tox|[from] item: Life Orb
|move|p2a: Whos afraid of the|U-turn|p1a: Comfey
|-damage|p1a: Comfey|21/100 tox
|
|t:|1757825556
|switch|p2a: Tuteetudleetutu|Alomomola, F|100/100|[from] U-turn
|
|-damage|p1a: Comfey|0 fnt|[from] psn
|faint|p1a: Comfey
|upkeep
|
|t:|1757825567
|switch|p1a: Kingambit|Kingambit, M, shiny|100/100
|-damage|p1a: Kingambit|94/100|[from] Stealth Rock
|-activate|p1a: Kingambit|ability: Supreme Overlord
|-start|p1a: Kingambit|fallen4|[silent]
|turn|16
|
|t:|1757825569
|move|p2a: Tuteetudleetutu|Will-O-Wisp|p1a: Kingambit
|-status|p1a: Kingambit|brn
|move|p1a: Kingambit|Swords Dance|p1a: Kingambit
|-boost|p1a: Kingambit|atk|2
|
|-heal|p1a: Kingambit|100/100 brn|[from] item: Leftovers
|-damage|p1a: Kingambit|94/100 brn|[from] brn
|upkeep
|turn|17
|
|t:|1757825573
|move|p2a: Tuteetudleetutu|Focus Blast|p1a: Kingambit|[miss]
|-miss|p2a: Tuteetudleetutu|p1a: Kingambit
|move|p1a: Kingambit|Swords Dance|p1a: Kingambit
|-boost|p1a: Kingambit|atk|2
|
|-heal|p1a: Kingambit|100/100 brn|[from] item: Leftovers
|-damage|p1a: Kingambit|94/100 brn|[from] brn
|upkeep
|turn|18
|
|t:|1757825582
|move|p1a: Kingambit|Sucker Punch|p2a: Tuteetudleetutu
|-supereffective|p2a: Tuteetudleetutu
|-crit|p2a: Tuteetudleetutu
|-damage|p2a: Tuteetudleetutu|0 fnt
|replace|p2a: The big bad wolf?|Zoroark-Hisui, F
|-end|p2a: The big bad wolf?|Illusion
|faint|p2a: The big bad wolf?
|
|-heal|p1a: Kingambit|100/100 brn|[from] item: Leftovers
|-damage|p1a: Kingambit|94/100 brn|[from] brn
|upkeep
|
|t:|1757825583
|switch|p2a: Big bad wolf.|Goodra-Hisui, M|100/100
|turn|19
|
|t:|1757825587
|move|p2a: Big bad wolf.|Flamethrower|p1a: Kingambit
|-supereffective|p1a: Kingambit
|-damage|p1a: Kingambit|42/100 brn
|move|p1a: Kingambit|Kowtow Cleave|p2a: Big bad wolf.
|-damage|p2a: Big bad wolf.|16/100
|
|-heal|p1a: Kingambit|48/100 brn|[from] item: Leftovers
|-damage|p1a: Kingambit|42/100 brn|[from] brn
|upkeep
|turn|20
|
|t:|1757825593
|switch|p2a: Tuteetudleetutu|Alomomola, F|65/100
|move|p1a: Kingambit|Sucker Punch||[still]
|-fail|p1a: Kingambit
|
|-heal|p1a: Kingambit|48/100 brn|[from] item: Leftovers
|-damage|p1a: Kingambit|42/100 brn|[from] brn
|upkeep
|turn|21
|
|t:|1757825599
|move|p2a: Tuteetudleetutu|Flip Turn|p1a: Kingambit
|-damage|p1a: Kingambit|31/100 brn
|
|t:|1757825602
|switch|p2a: Big bad wolf?|Thundurus, M|23/100|[from] Flip Turn
|move|p1a: Kingambit|Swords Dance|p1a: Kingambit
|-boost|p1a: Kingambit|atk|2
|
|-heal|p1a: Kingambit|37/100 brn|[from] item: Leftovers
|-damage|p1a: Kingambit|31/100 brn|[from] brn
|upkeep
|turn|22
|
|t:|1757825607
|switch|p2a: Tuteetudleetutu|Alomomola, F|98/100
|move|p1a: Kingambit|Kowtow Cleave|p2a: Tuteetudleetutu
|-damage|p2a: Tuteetudleetutu|3/100
|
|-heal|p1a: Kingambit|37/100 brn|[from] item: Leftovers
|-damage|p1a: Kingambit|31/100 brn|[from] brn
|upkeep
|turn|23
|
|t:|1757825614
|move|p2a: Tuteetudleetutu|Protect|p2a: Tuteetudleetutu
|-singleturn|p2a: Tuteetudleetutu|Protect
|move|p1a: Kingambit|Kowtow Cleave|p2a: Tuteetudleetutu
|-activate|p2a: Tuteetudleetutu|move: Protect
|
|-heal|p1a: Kingambit|37/100 brn|[from] item: Leftovers
|-damage|p1a: Kingambit|31/100 brn|[from] brn
|upkeep
|turn|24
|
|t:|1757825626
|move|p2a: Tuteetudleetutu|Wish|p2a: Tuteetudleetutu
|move|p1a: Kingambit|Kowtow Cleave|p2a: Tuteetudleetutu
|-damage|p2a: Tuteetudleetutu|0 fnt
|faint|p2a: Tuteetudleetutu
|
|-heal|p1a: Kingambit|37/100 brn|[from] item: Leftovers
|-damage|p1a: Kingambit|31/100 brn|[from] brn
|upkeep
|
|t:|1757825631
|switch|p2a: Big bad wolf?|Thundurus, M|23/100
|turn|25
|
|t:|1757825633
|switch|p2a: Big bad wolf.|Goodra-Hisui, M|16/100
|move|p1a: Kingambit|Sucker Punch||[still]
|-fail|p1a: Kingambit
|
|-heal|p2a: Big bad wolf.|89/100|[from] move: Wish|[wisher] Tuteetudleetutu
|-heal|p1a: Kingambit|37/100 brn|[from] item: Leftovers
|-damage|p1a: Kingambit|31/100 brn|[from] brn
|upkeep
|turn|26
|
|t:|1757825651
|move|p1a: Kingambit|Sucker Punch|p2a: Big bad wolf.
|-damage|p2a: Big bad wolf.|0 fnt
|faint|p2a: Big bad wolf.
|
|-heal|p1a: Kingambit|37/100 brn|[from] item: Leftovers
|-damage|p1a: Kingambit|31/100 brn|[from] brn
|upkeep
|
|t:|1757825657
|switch|p2a: Big bad wolf?|Thundurus, M|23/100
|turn|27
|
|t:|1757825660
|move|p2a: Big bad wolf?|Thunder Wave|p1a: Kingambit
|-hint|Since gen 7, Dark is immune to Prankster moves.
|-immune|p1a: Kingambit
|move|p1a: Kingambit|Sucker Punch||[still]
|-fail|p1a: Kingambit
|
|-heal|p1a: Kingambit|37/100 brn|[from] item: Leftovers
|-damage|p1a: Kingambit|31/100 brn|[from] brn
|upkeep
|turn|28
|
|t:|1757825666
|move|p2a: Big bad wolf?|Volt Switch|p1a: Kingambit
|-damage|p1a: Kingambit|3/100 brn
|
|t:|1757825669
|switch|p2a: Whos afraid of the|Mesprit, tera:Steel|82/100|[from] Volt Switch
|move|p1a: Kingambit|Kowtow Cleave|p2a: Whos afraid of the
|-damage|p2a: Whos afraid of the|0 fnt
|faint|p2a: Whos afraid of the
|
|-heal|p1a: Kingambit|9/100 brn|[from] item: Leftovers
|-damage|p1a: Kingambit|3/100 brn|[from] brn
|upkeep
|
|t:|1757825670
|switch|p2a: Big bad wolf?|Thundurus, M|23/100
|turn|29
|
|t:|1757825674
|move|p2a: Big bad wolf?|Thunder Wave|p1a: Kingambit
|-hint|Since gen 7, Dark is immune to Prankster moves.
|-immune|p1a: Kingambit
|move|p1a: Kingambit|Sucker Punch||[still]
|-fail|p1a: Kingambit
|
|-heal|p1a: Kingambit|9/100 brn|[from] item: Leftovers
|-damage|p1a: Kingambit|3/100 brn|[from] brn
|upkeep
|turn|30
|
|t:|1757825677
|move|p2a: Big bad wolf?|Thunder Wave|p1a: Kingambit
|-hint|Since gen 7, Dark is immune to Prankster moves.
|-immune|p1a: Kingambit
|move|p1a: Kingambit|Sucker Punch||[still]
|-fail|p1a: Kingambit
|
|-heal|p1a: Kingambit|9/100 brn|[from] item: Leftovers
|-damage|p1a: Kingambit|3/100 brn|[from] brn
|upkeep
|turn|31
|
|t:|1757825679
|move|p2a: Big bad wolf?|Thunder Wave|p1a: Kingambit
|-hint|Since gen 7, Dark is immune to Prankster moves.
|-immune|p1a: Kingambit
|move|p1a: Kingambit|Sucker Punch||[still]
|-fail|p1a: Kingambit
|
|-heal|p1a: Kingambit|9/100 brn|[from] item: Leftovers
|-damage|p1a: Kingambit|3/100 brn|[from] brn
|upkeep
|turn|32
|
|t:|1757825683
|move|p2a: Big bad wolf?|Volt Switch|p1a: Kingambit
|-damage|p1a: Kingambit|0 fnt
|faint|p1a: Kingambit
|-end|p1a: Kingambit|fallen4|[silent]
|
|upkeep
|
|t:|1757825684
|switch|p1a: Dragapult|Dragapult, M, shiny|100/100
|-damage|p1a: Dragapult|88/100|[from] Stealth Rock
|turn|33
|
|t:|1757825686
|move|p2a: Big bad wolf?|Thunder Wave|p1a: Dragapult
|-status|p1a: Dragapult|par
|move|p1a: Dragapult|Dragon Darts|p2a: Big bad wolf?
|-damage|p2a: Big bad wolf?|0 fnt
|faint|p2a: Big bad wolf?
|-damage|p1a: Dragapult|78/100 par|[from] item: Life Orb
|
|win|henry151th
|raw|henry151th's rating: 1529 &rarr; <strong>1562</strong><br />(+33 for winning)
|raw|hungrymane's rating: 1811 &rarr; <strong>1778</strong><br />(-33 for losing)
|l|☆henry151th
|player|p1|
|l|☆hungrymane
|player|p2|
|l| wgw2333
