|j|‽DiceyRice
|j|☆Wuerfel
|t:|1757791698
|gametype|singles
|player|p1|DiceyRice|hilda-wonderlauncher|1596
|player|p2|Wuerfel|caitlin|1546
|gen|9
|tier|[Gen 9] OU
|rated|
|rule|HP Percentage Mod: HP is shown in percentages
|rule|Endless Battle Clause: Forcing endless battles is banned
|rule|Species Clause: Limit one of each Pokémon
|rule|OHKO Clause: OHKO moves are banned
|rule|Evasion Items Clause: Evasion items are banned
|rule|Evasion Moves Clause: Evasion moves are banned
|rule|Evasion Abilities Clause: Evasion abilities are banned
|rule|Sleep Moves Clause: Sleep-inducing moves are banned
|clearpoke
|poke|p1|Indeedee, M|
|poke|p1|Hatterene, F|
|poke|p1|Armarouge, F|
|poke|p1|Cinderace, F|
|poke|p1|Ursaluna, F|
|poke|p1|Porygon2|
|poke|p2|Iron Valiant|
|poke|p2|Slowking-Galar, F|
|poke|p2|Alomomola, M|
|poke|p2|Scizor, M|
|poke|p2|Mandibuzz, F|
|poke|p2|Tyranitar, M|
|teampreview
|
|t:|1757791709
|teamsize|p1|6
|teamsize|p2|6
|start
|switch|p1a: Cinderace|Cinderace, F|100/100
|switch|p2a: Tyranitar|Tyranitar, M|100/100
|-weather|Sandstorm|[from] ability: Sand Stream|[of] p2a: Tyranitar
|turn|1
|j| Qwilfishler
|
|t:|1757791715
|move|p2a: Tyranitar|Protect|p2a: Tyranitar
|-singleturn|p2a: Tyranitar|Protect
|move|p1a: Cinderace|High Jump Kick|p2a: Tyranitar
|-start|p1a: Cinderace|typechange|Fighting|[from] ability: Libero
|-activate|p2a: Tyranitar|move: Protect
|-damage|p1a: Cinderace|51/100|[from] highjumpkick
|
|-weather|Sandstorm|[upkeep]
|-damage|p1a: Cinderace|45/100|[from] Sandstorm
|upkeep
|turn|2
|
|t:|1757791727
|switch|p2a: Alomomola|Alomomola, M|100/100
|move|p1a: Cinderace|High Jump Kick|p2a: Alomomola
|-damage|p2a: Alomomola|65/100
|
|-weather|Sandstorm|[upkeep]
|-damage|p1a: Cinderace|39/100|[from] Sandstorm
|-damage|p2a: Alomomola|59/100|[from] Sandstorm
|upkeep
|turn|3
|
|t:|1757791740
|switch|p1a: Armarouge|Armarouge, F|100/100
|move|p2a: Alomomola|Flip Turn|p1a: Armarouge
|-supereffective|p1a: Armarouge
|-damage|p1a: Armarouge|67/100
|-ability|p1a: Armarouge|Weak Armor|boost
|-unboost|p1a: Armarouge|def|1
|-boost|p1a: Armarouge|spe|2
|-enditem|p1a: Armarouge|Weakness Policy
|-boost|p1a: Armarouge|atk|2|[from] item: Weakness Policy
|-boost|p1a: Armarouge|spa|2|[from] item: Weakness Policy
|
|t:|1757791762
|switch|p2a: Tyranitar|Tyranitar, M|100/100|[from] Flip Turn
|
|-weather|Sandstorm|[upkeep]
|-damage|p1a: Armarouge|61/100|[from] Sandstorm
|upkeep
|turn|4
|
|t:|1757791787
|switch|p2a: Slowking|Slowking-Galar, F|100/100
|move|p1a: Armarouge|Armor Cannon|p2a: Slowking
|-damage|p2a: Slowking|25/100
|-unboost|p1a: Armarouge|def|1
|-unboost|p1a: Armarouge|spd|1
|
|-weather|Sandstorm|[upkeep]
|-damage|p1a: Armarouge|55/100|[from] Sandstorm
|-damage|p2a: Slowking|19/100|[from] Sandstorm
|upkeep
|turn|5
|
|t:|1757791812
|move|p1a: Armarouge|Expanding Force|p2a: Slowking
|-damage|p2a: Slowking|0 fnt
|faint|p2a: Slowking
|
|-weather|none
|upkeep
|
|t:|1757791815
|switch|p2a: Tyranitar|Tyranitar, M|100/100
|-weather|Sandstorm|[from] ability: Sand Stream|[of] p2a: Tyranitar
|turn|6
|
|t:|1757791818
|move|p1a: Armarouge|Destiny Bond|p1a: Armarouge
|-singlemove|p1a: Armarouge|Destiny Bond
|move|p2a: Tyranitar|Knock Off|p1a: Armarouge
|-supereffective|p1a: Armarouge
|-damage|p1a: Armarouge|0 fnt
|faint|p1a: Armarouge
|-activate|p1a: Armarouge|move: Destiny Bond
|faint|p2a: Tyranitar
|
|-weather|Sandstorm|[upkeep]
|upkeep
|
|t:|1757791836
|switch|p1a: Hatterene|Hatterene, F|100/100
|switch|p2a: Iron Valiant|Iron Valiant|100/100
|turn|7
|
|t:|1757791844
|-terastallize|p2a: Iron Valiant|Fairy
|move|p2a: Iron Valiant|Moonblast|p1a: Hatterene
|-damage|p1a: Hatterene|1/100
|-unboost|p1a: Hatterene|spa|1
|move|p1a: Hatterene|Dazzling Gleam|p2a: Iron Valiant
|-damage|p2a: Iron Valiant|60/100
|
|-weather|Sandstorm|[upkeep]
|-damage|p2a: Iron Valiant|54/100|[from] Sandstorm
|-damage|p1a: Hatterene|0 fnt|[from] Sandstorm
|faint|p1a: Hatterene
|upkeep
|
|t:|1757791853
|switch|p1a: Cinderace|Cinderace, F|39/100
|turn|8
|
|t:|1757791860
|-end|p2a: Iron Valiant|Quark Drive|[silent]
|switch|p2a: Alomomola|Alomomola, M|92/100
|move|p1a: Cinderace|Pyro Ball|p2a: Alomomola
|-resisted|p2a: Alomomola
|-damage|p2a: Alomomola|78/100
|
|-weather|Sandstorm|[upkeep]
|-damage|p1a: Cinderace|33/100|[from] Sandstorm
|-damage|p2a: Alomomola|71/100|[from] Sandstorm
|upkeep
|turn|9
|
|t:|1757791865
|switch|p1a: Indeedee|Indeedee, M|100/100
|-fieldstart|move: Psychic Terrain|[from] ability: Psychic Surge|[of] p1a: Indeedee
|move|p2a: Alomomola|Flip Turn|p1a: Indeedee
|-damage|p1a: Indeedee|68/100
|
|t:|1757791877
|switch|p2a: Mandibuzz|Mandibuzz, F|100/100|[from] Flip Turn
|
|-weather|Sandstorm|[upkeep]
|-damage|p1a: Indeedee|62/100|[from] Sandstorm
|upkeep
|turn|10
|
|t:|1757791883
|move|p2a: Mandibuzz|U-turn|p1a: Indeedee
|-supereffective|p1a: Indeedee
|-damage|p1a: Indeedee|20/100
|
|t:|1757791900
|switch|p2a: Alomomola|Alomomola, M|100/100|[from] U-turn
|move|p1a: Indeedee|Trick Room|p1a: Indeedee
|-fieldstart|move: Trick Room|[of] p1a: Indeedee
|
|-weather|none
|upkeep
|turn|11
|
|t:|1757791917
|move|p2a: Alomomola|Flip Turn|p1a: Indeedee
|-damage|p1a: Indeedee|0 fnt
|faint|p1a: Indeedee
|
|t:|1757791931
|switch|p2a: Mandibuzz|Mandibuzz, F|100/100|[from] Flip Turn
|
|upkeep
|
|t:|1757791933
|switch|p1a: Porygon2|Porygon2|100/100
|-ability|p1a: Porygon2|Download|boost
|-boost|p1a: Porygon2|spa|1
|turn|12
|
|t:|1757791942
|switch|p2a: Scizor|Scizor, M|100/100
|move|p1a: Porygon2|Thunderbolt|p2a: Scizor
|-damage|p2a: Scizor|45/100
|
|upkeep
|turn|13
|
|t:|1757791957
|move|p1a: Porygon2|Thunderbolt|p2a: Scizor
|-damage|p2a: Scizor|0 fnt
|faint|p2a: Scizor
|
|upkeep
|inactive|Battle timer is ON: inactive players will automatically lose when time's up. (requested by DiceyRice)
|
|t:|1757791998
|switch|p2a: Mandibuzz|Mandibuzz, F|100/100
|turn|14
|
|t:|1757792004
|move|p1a: Porygon2|Thunderbolt|p2a: Mandibuzz
|-supereffective|p2a: Mandibuzz
|-damage|p2a: Mandibuzz|20/100
|move|p2a: Mandibuzz|Foul Play|p1a: Porygon2
|-damage|p1a: Porygon2|84/100
|
|-fieldend|move: Trick Room
|upkeep
|turn|15
|
|t:|1757792009
|move|p2a: Mandibuzz|Foul Play|p1a: Porygon2
|-damage|p1a: Porygon2|67/100
|move|p1a: Porygon2|Trick Room|p1a: Porygon2
|-fieldstart|move: Trick Room|[of] p1a: Porygon2
|
|upkeep
|turn|16
|
|t:|1757792026
|move|p1a: Porygon2|Thunderbolt|p2a: Mandibuzz
|-supereffective|p2a: Mandibuzz
|-damage|p2a: Mandibuzz|0 fnt
|faint|p2a: Mandibuzz
|
|-fieldend|move: Psychic Terrain
|upkeep
|
|t:|1757792033
|switch|p2a: Alomomola|Alomomola, M|100/100
|turn|17
|
|t:|1757792036
|move|p2a: Alomomola|Protect|p2a: Alomomola
|-singleturn|p2a: Alomomola|Protect
|move|p1a: Porygon2|Thunderbolt|p2a: Alomomola
|-activate|p2a: Alomomola|move: Protect
|
|upkeep
|turn|18
|
|t:|1757792054
|move|p2a: Alomomola|Protect||[still]
|-fail|p2a: Alomomola
|move|p1a: Porygon2|Thunderbolt|p2a: Alomomola
|-supereffective|p2a: Alomomola
|-damage|p2a: Alomomola|0 fnt
|faint|p2a: Alomomola
|
|upkeep
|
|t:|1757792058
|switch|p2a: Iron Valiant|Iron Valiant, tera:Fairy|54/100
|turn|19
|l|‽DiceyRice
|inactive|DiceyRice disconnected and has a minute to reconnect!
|player|p1|
|inactive|DiceyRice has 30 seconds to reconnect!
|j|‽DiceyRice
|inactive|DiceyRice reconnected and has 120 seconds left.
|player|p1|DiceyRice|hilda-wonderlauncher|
|n|‽DiceyRice|diceyrice
|
|t:|1757792094
|move|p2a: Iron Valiant|Vacuum Wave|p1a: Porygon2
|-supereffective|p1a: Porygon2
|-damage|p1a: Porygon2|28/100
|move|p1a: Porygon2|Tera Blast|p2a: Iron Valiant
|-damage|p2a: Iron Valiant|0 fnt
|faint|p2a: Iron Valiant
|-end|p2a: Iron Valiant|Quark Drive|[silent]
|
|win|DiceyRice
|raw|DiceyRice's rating: 1575 &rarr; <strong>1593</strong><br />(+18 for winning)
|raw|Wuerfel's rating: 1546 &rarr; <strong>1528</strong><br />(-18 for losing)
|l|☆Wuerfel
|player|p2|
