|j|☆PokeRish
|j|☆201254u
|t:|1757839490
|gametype|singles
|player|p1|PokeRish|2|1125
|player|p2|201254u|2|1101
|gen|9
|tier|[Gen 9] OU
|rated|
|rule|HP Percentage Mod: HP is shown in percentages
|rule|Endless Battle Clause: Forcing endless battles is banned
|rule|Species Clause: Limit one of each Pokémon
|rule|OHKO Clause: OHKO moves are banned
|rule|Evasion Items Clause: Evasion items are banned
|rule|Evasion Moves Clause: Evasion moves are banned
|rule|Evasion Abilities Clause: Evasion abilities are banned
|rule|Sleep Moves Clause: Sleep-inducing moves are banned
|clearpoke
|poke|p1|Lycanroc-Dusk, F|
|poke|p1|Iron Treads|
|poke|p1|Darkrai|
|poke|p1|Cinderace, M|
|poke|p1|Inteleon, F|
|poke|p1|Ogerpon-Wellspring, F|
|poke|p2|Bellibolt, F|
|poke|p2|Porygon-Z|
|poke|p2|Oricorio-Sensu, M|
|poke|p2|Flygon, F|
|poke|p2|Tentacruel, F|
|poke|p2|Lucario, M|
|teampreview
|c|☆PokeRish|hf yo!'
|
|t:|1757839527
|teamsize|p1|6
|teamsize|p2|6
|start
|switch|p1a: Iron Treads|Iron Treads|100/100
|switch|p2a: Lucario|Lucario, M|100/100
|turn|1
|
|t:|1757839546
|move|p1a: Iron Treads|Stealth Rock|p2a: Lucario
|-sidestart|p2: 201254u|move: Stealth Rock
|move|p2a: Lucario|Nasty Plot|p2a: Lucario
|-boost|p2a: Lucario|spa|2
|
|upkeep
|turn|2
|
|t:|1757839553
|move|p2a: Lucario|Vacuum Wave|p1a: Iron Treads
|-supereffective|p1a: Iron Treads
|-enditem|p1a: Iron Treads|Focus Sash
|-damage|p1a: Iron Treads|1/100
|move|p1a: Iron Treads|Earthquake|p2a: Lucario
|-supereffective|p2a: Lucario
|-damage|p2a: Lucario|0 fnt
|faint|p2a: Lucario
|
|upkeep
|
|t:|1757839562
|switch|p2a: Flygon|Flygon, F|100/100
|-damage|p2a: Flygon|94/100|[from] Stealth Rock
|turn|3
|
|t:|1757839565
|move|p1a: Iron Treads|Ice Spinner|p2a: Flygon
|-supereffective|p2a: Flygon
|-damage|p2a: Flygon|0 fnt
|faint|p2a: Flygon
|
|upkeep
|
|t:|1757839570
|switch|p2a: Oricorio|Oricorio-Sensu, M, shiny|100/100
|-damage|p2a: Oricorio|76/100|[from] Stealth Rock
|turn|4
|
|t:|1757839579
|-end|p1a: Iron Treads|Quark Drive|[silent]
|switch|p1a: Inteleon|Inteleon, F|100/100
|-terastallize|p2a: Oricorio|Dark
|move|p2a: Oricorio|Quiver Dance|p2a: Oricorio
|-boost|p2a: Oricorio|spa|1
|-boost|p2a: Oricorio|spd|1
|-boost|p2a: Oricorio|spe|1
|
|upkeep
|turn|5
|
|t:|1757839587
|move|p1a: Inteleon|Snipe Shot|p2a: Oricorio
|-damage|p2a: Oricorio|35/100
|move|p2a: Oricorio|Quiver Dance|p2a: Oricorio
|-boost|p2a: Oricorio|spa|1
|-boost|p2a: Oricorio|spd|1
|-boost|p2a: Oricorio|spe|1
|
|upkeep
|turn|6
|
|t:|1757839594
|move|p2a: Oricorio|Revelation Dance|p1a: Inteleon
|-damage|p1a: Inteleon|0 fnt
|faint|p1a: Inteleon
|
|upkeep
|
|t:|1757839600
|switch|p1a: Lycanroc|Lycanroc-Dusk, F|100/100
|turn|7
|
|t:|1757839606
|move|p1a: Lycanroc|Accelerock|p2a: Oricorio
|-damage|p2a: Oricorio|7/100
|-enditem|p2a: Oricorio|Kee Berry|[eat]
|-boost|p2a: Oricorio|def|1|[from] item: Kee Berry
|-damage|p1a: Lycanroc|91/100|[from] item: Life Orb
|move|p2a: Oricorio|Roost|p2a: Oricorio
|-heal|p2a: Oricorio|57/100
|
|upkeep
|turn|8
|
|t:|1757839615
|move|p2a: Oricorio|Charm|p1a: Lycanroc
|-unboost|p1a: Lycanroc|atk|2
|move|p1a: Lycanroc|Close Combat|p2a: Oricorio
|-supereffective|p2a: Oricorio
|-damage|p2a: Oricorio|17/100
|-unboost|p1a: Lycanroc|def|1
|-unboost|p1a: Lycanroc|spd|1
|-damage|p1a: Lycanroc|81/100|[from] item: Life Orb
|
|upkeep
|turn|9
|
|t:|1757839623
|move|p2a: Oricorio|Revelation Dance|p1a: Lycanroc
|-damage|p1a: Lycanroc|0 fnt
|faint|p1a: Lycanroc
|
|upkeep
|
|t:|1757839632
|switch|p1a: Darkrai|Darkrai|100/100
|turn|10
|
|t:|1757839637
|move|p2a: Oricorio|Roost|p2a: Oricorio
|-heal|p2a: Oricorio|67/100
|move|p1a: Darkrai|Thunder|p2a: Oricorio|[miss]
|-miss|p1a: Darkrai|p2a: Oricorio
|
|upkeep
|turn|11
|
|t:|1757839643
|move|p2a: Oricorio|Quiver Dance|p2a: Oricorio
|-boost|p2a: Oricorio|spa|1
|-boost|p2a: Oricorio|spd|1
|-boost|p2a: Oricorio|spe|1
|move|p1a: Darkrai|Thunder|p2a: Oricorio
|-damage|p2a: Oricorio|48/100
|
|upkeep
|turn|12
|
|t:|1757839651
|move|p2a: Oricorio|Roost|p2a: Oricorio
|-heal|p2a: Oricorio|98/100
|move|p1a: Darkrai|Nasty Plot|p1a: Darkrai
|-boost|p1a: Darkrai|spa|2
|
|upkeep
|turn|13
|
|t:|1757839657
|move|p2a: Oricorio|Revelation Dance|p1a: Darkrai
|-resisted|p1a: Darkrai
|-damage|p1a: Darkrai|55/100
|move|p1a: Darkrai|Nasty Plot|p1a: Darkrai
|-boost|p1a: Darkrai|spa|2
|
|upkeep
|turn|14
|
|t:|1757839664
|move|p2a: Oricorio|Quiver Dance|p2a: Oricorio
|-boost|p2a: Oricorio|spa|1
|-boost|p2a: Oricorio|spd|1
|-boost|p2a: Oricorio|spe|1
|move|p1a: Darkrai|Thunder|p2a: Oricorio
|-damage|p2a: Oricorio|52/100
|
|upkeep
|turn|15
|
|t:|1757839671
|move|p2a: Oricorio|Revelation Dance|p1a: Darkrai
|-resisted|p1a: Darkrai
|-damage|p1a: Darkrai|0 fnt
|faint|p1a: Darkrai
|
|upkeep
|
|t:|1757839677
|switch|p1a: Cinderace|Cinderace, M|100/100
|turn|16
|
|t:|1757839711
|move|p2a: Oricorio|Charm|p1a: Cinderace
|-unboost|p1a: Cinderace|atk|2
|move|p1a: Cinderace|High Jump Kick|p2a: Oricorio
|-start|p1a: Cinderace|typechange|Fighting|[from] ability: Libero
|-supereffective|p2a: Oricorio
|-damage|p2a: Oricorio|12/100
|
|upkeep
|turn|17
|
|t:|1757839718
|move|p2a: Oricorio|Roost|p2a: Oricorio
|-heal|p2a: Oricorio|62/100
|move|p1a: Cinderace|U-turn|p2a: Oricorio
|-supereffective|p2a: Oricorio
|-crit|p2a: Oricorio
|-damage|p2a: Oricorio|0 fnt
|faint|p2a: Oricorio
|
|t:|1757839730
|switch|p1a: Iron Treads|Iron Treads|1/100|[from] U-turn
|
|upkeep
|
|t:|1757839738
|switch|p2a: Porygon-Z|Porygon-Z, shiny|100/100
|-damage|p2a: Porygon-Z|88/100|[from] Stealth Rock
|turn|18
|
|t:|1757839751
|-end|p1a: Iron Treads|Quark Drive|[silent]
|switch|p1a: Cinderace|Cinderace, M|100/100
|move|p2a: Porygon-Z|Agility|p2a: Porygon-Z
|-boost|p2a: Porygon-Z|spe|2
|
|upkeep
|turn|19
|
|t:|1757839759
|move|p2a: Porygon-Z|Uproar|p1a: Cinderace
|-damage|p1a: Cinderace|0 fnt
|-start|p2a: Porygon-Z|Uproar
|faint|p1a: Cinderace
|-enditem|p2a: Porygon-Z|Throat Spray
|-boost|p2a: Porygon-Z|spa|1|[from] item: Throat Spray
|
|-start|p2a: Porygon-Z|Uproar|[upkeep]
|upkeep
|
|t:|1757839768
|switch|p1a: Ogerpon|Ogerpon-Wellspring, F|100/100
|turn|20
|
|t:|1757839777
|move|p2a: Porygon-Z|Uproar|p1a: Ogerpon|[from] lockedmove
|-damage|p1a: Ogerpon|0 fnt
|faint|p1a: Ogerpon
|
|-start|p2a: Porygon-Z|Uproar|[upkeep]
|upkeep
|-message|PokeRish forfeited.
|
|win|201254u
|raw|PokeRish's rating: 1125 &rarr; <strong>1098</strong><br />(-27 for losing)
|raw|201254u's rating: 1101 &rarr; <strong>1128</strong><br />(+27 for winning)
|l|☆PokeRish
|player|p1|
|l|☆201254u
|player|p2|
