|j|‽bidooofer
|j|☆omari p
|t:|1757808666
|gametype|singles
|player|p1|bidooofer|riley|1659
|player|p2|omari p|pokemonrangerf|1622
|gen|9
|tier|[Gen 9] OU
|rated|
|rule|HP Percentage Mod: HP is shown in percentages
|rule|Endless Battle Clause: Forcing endless battles is banned
|rule|Species Clause: Limit one of each Pokémon
|rule|OHKO Clause: OHKO moves are banned
|rule|Evasion Items Clause: Evasion items are banned
|rule|Evasion Moves Clause: Evasion moves are banned
|rule|Evasion Abilities Clause: Evasion abilities are banned
|rule|Sleep Moves Clause: Sleep-inducing moves are banned
|clearpoke
|poke|p1|Torkoal, M|
|poke|p1|Walking Wake|
|poke|p1|Raging Bolt|
|poke|p1|Great Tusk|
|poke|p1|Rillaboom, F|
|poke|p1|Hatterene, F|
|poke|p2|Ting-Lu|
|poke|p2|Glastrier|
|poke|p2|Thundurus-Therian, M|
|poke|p2|Cinderace, F|
|poke|p2|Latios, M|
|poke|p2|Corviknight, F|
|teampreview
|
|t:|1757808684
|teamsize|p1|6
|teamsize|p2|6
|start
|switch|p1a: Torkoal|Torkoal, M|100/100
|switch|p2a: Ting-Lu|Ting-Lu|100/100
|-ability|p2a: Ting-Lu|Vessel of Ruin
|-weather|SunnyDay|[from] ability: Drought|[of] p1a: Torkoal
|turn|1
|inactive|Battle timer is ON: inactive players will automatically lose when time's up. (requested by omari p)
|
|t:|1757808688
|move|p2a: Ting-Lu|Earthquake|p1a: Torkoal
|-supereffective|p1a: Torkoal
|-damage|p1a: Torkoal|27/100
|move|p1a: Torkoal|Will-O-Wisp|p2a: Ting-Lu
|-status|p2a: Ting-Lu|brn
|
|-weather|SunnyDay|[upkeep]
|-damage|p2a: Ting-Lu|94/100 brn|[from] brn
|upkeep
|turn|2
|
|t:|1757808695
|switch|p1a: Rillaboom|Rillaboom, F|100/100
|-fieldstart|move: Grassy Terrain|[from] ability: Grassy Surge|[of] p1a: Rillaboom
|move|p2a: Ting-Lu|Earthquake|p1a: Rillaboom
|-resisted|p1a: Rillaboom
|-damage|p1a: Rillaboom|93/100
|
|-weather|SunnyDay|[upkeep]
|-heal|p1a: Rillaboom|99/100|[from] Grassy Terrain
|-heal|p2a: Ting-Lu|100/100 brn|[from] Grassy Terrain
|-damage|p2a: Ting-Lu|94/100 brn|[from] brn
|upkeep
|turn|3
|j| Prof dankness
|
|t:|1757808701
|move|p1a: Rillaboom|Knock Off|p2a: Ting-Lu
|-resisted|p2a: Ting-Lu
|-damage|p2a: Ting-Lu|78/100 brn
|-enditem|p2a: Ting-Lu|Weakness Policy|[from] move: Knock Off|[of] p1a: Rillaboom
|move|p2a: Ting-Lu|Stealth Rock|p1a: Rillaboom
|-sidestart|p1: bidooofer|move: Stealth Rock
|
|-weather|SunnyDay|[upkeep]
|-heal|p1a: Rillaboom|100/100|[from] Grassy Terrain
|-heal|p2a: Ting-Lu|84/100 brn|[from] Grassy Terrain
|-damage|p2a: Ting-Lu|78/100 brn|[from] brn
|upkeep
|turn|4
|
|t:|1757808704
|switch|p1a: Great Tusk|Great Tusk|100/100
|-activate|p1a: Great Tusk|ability: Protosynthesis
|-start|p1a: Great Tusk|protosynthesisspe
|switch|p2a: Corviknight|Corviknight, F|100/100
|-ability|p2a: Corviknight|Pressure
|
|-weather|SunnyDay|[upkeep]
|upkeep
|turn|5
|
|t:|1757808711
|-terastallize|p2a: Corviknight|Ghost
|move|p1a: Great Tusk|Rapid Spin|p2a: Corviknight
|-immune|p2a: Corviknight
|move|p2a: Corviknight|Iron Defense|p2a: Corviknight
|-boost|p2a: Corviknight|def|2
|
|-weather|SunnyDay|[upkeep]
|upkeep
|turn|6
|
|t:|1757808719
|-end|p1a: Great Tusk|Protosynthesis|[silent]
|switch|p1a: Hatterene|Hatterene, F|100/100
|-damage|p1a: Hatterene|88/100|[from] Stealth Rock
|move|p2a: Corviknight|Body Press|p1a: Hatterene
|-resisted|p1a: Hatterene
|-damage|p1a: Hatterene|81/100
|
|-weather|SunnyDay|[upkeep]
|-heal|p1a: Hatterene|87/100|[from] Grassy Terrain
|-fieldend|move: Grassy Terrain
|upkeep
|turn|7
|
|t:|1757808722
|switch|p2a: Cinderace|Cinderace, F|100/100
|move|p1a: Hatterene|Nuzzle|p2a: Cinderace
|-damage|p2a: Cinderace|95/100
|-status|p2a: Cinderace|par
|
|-weather|SunnyDay|[upkeep]
|upkeep
|turn|8
|
|t:|1757808725
|move|p2a: Cinderace|Pyro Ball|p1a: Hatterene
|-damage|p1a: Hatterene|0 fnt
|faint|p1a: Hatterene
|
|-weather|none
|upkeep
|
|t:|1757808737
|switch|p1a: Raging Bolt|Raging Bolt|100/100
|-damage|p1a: Raging Bolt|88/100|[from] Stealth Rock
|turn|9
|
|t:|1757808740
|switch|p2a: Ting-Lu|Ting-Lu|78/100 brn
|-ability|p2a: Ting-Lu|Vessel of Ruin
|move|p1a: Raging Bolt|Calm Mind|p1a: Raging Bolt
|-boost|p1a: Raging Bolt|spa|1
|-boost|p1a: Raging Bolt|spd|1
|
|-heal|p1a: Raging Bolt|94/100|[from] item: Leftovers
|-damage|p2a: Ting-Lu|72/100 brn|[from] brn
|upkeep
|turn|10
|
|t:|1757808744
|-terastallize|p1a: Raging Bolt|Flying
|move|p1a: Raging Bolt|Calm Mind|p1a: Raging Bolt
|-boost|p1a: Raging Bolt|spa|1
|-boost|p1a: Raging Bolt|spd|1
|move|p2a: Ting-Lu|Earthquake|p1a: Raging Bolt
|-immune|p1a: Raging Bolt
|
|-heal|p1a: Raging Bolt|100/100|[from] item: Leftovers
|-damage|p2a: Ting-Lu|66/100 brn|[from] brn
|upkeep
|turn|11
|
|t:|1757808746
|move|p1a: Raging Bolt|Dragon Pulse|p2a: Ting-Lu
|-damage|p2a: Ting-Lu|12/100 brn
|move|p2a: Ting-Lu|Stone Edge|p1a: Raging Bolt
|-supereffective|p1a: Raging Bolt
|-damage|p1a: Raging Bolt|73/100
|
|-heal|p1a: Raging Bolt|80/100|[from] item: Leftovers
|-damage|p2a: Ting-Lu|6/100 brn|[from] brn
|upkeep
|turn|12
|
|t:|1757808753
|move|p1a: Raging Bolt|Calm Mind|p1a: Raging Bolt
|-boost|p1a: Raging Bolt|spa|1
|-boost|p1a: Raging Bolt|spd|1
|move|p2a: Ting-Lu|Stone Edge|p1a: Raging Bolt
|-supereffective|p1a: Raging Bolt
|-crit|p1a: Raging Bolt
|-damage|p1a: Raging Bolt|39/100
|
|-heal|p1a: Raging Bolt|45/100|[from] item: Leftovers
|-damage|p2a: Ting-Lu|0 fnt|[from] brn
|faint|p2a: Ting-Lu
|upkeep
|
|t:|1757808755
|switch|p2a: Latios|Latios, M|100/100
|turn|13
|
|t:|1757808758
|move|p2a: Latios|Trick|p1a: Raging Bolt
|-activate|p2a: Latios|move: Trick|[of] p1a: Raging Bolt
|-item|p1a: Raging Bolt|Choice Scarf|[from] move: Trick
|-item|p2a: Latios|Leftovers|[from] move: Trick
|move|p1a: Raging Bolt|Dragon Pulse|p2a: Latios
|-supereffective|p2a: Latios
|-damage|p2a: Latios|0 fnt
|faint|p2a: Latios
|
|upkeep
|
|t:|1757808763
|switch|p2a: Thundurus|Thundurus-Therian, M|100/100
|turn|14
|
|t:|1757808765
|move|p2a: Thundurus|Thunderbolt|p1a: Raging Bolt
|-supereffective|p1a: Raging Bolt
|-damage|p1a: Raging Bolt|11/100
|move|p1a: Raging Bolt|Dragon Pulse|p2a: Thundurus
|-damage|p2a: Thundurus|0 fnt
|faint|p2a: Thundurus
|
|upkeep
|
|t:|1757808768
|switch|p2a: Cinderace|Cinderace, F|95/100 par
|turn|15
|
|t:|1757808776
|move|p2a: Cinderace|Sucker Punch|p1a: Raging Bolt
|-start|p2a: Cinderace|typechange|Dark|[from] ability: Libero
|-damage|p1a: Raging Bolt|0 fnt
|faint|p1a: Raging Bolt
|-end|p1a: Raging Bolt|Protosynthesis|[silent]
|
|upkeep
|
|t:|1757808782
|switch|p1a: Rillaboom|Rillaboom, F|100/100
|-damage|p1a: Rillaboom|88/100|[from] Stealth Rock
|-fieldstart|move: Grassy Terrain|[from] ability: Grassy Surge|[of] p1a: Rillaboom
|turn|16
|
|t:|1757808784
|switch|p2a: Corviknight|Corviknight, F, tera:Ghost|100/100
|-ability|p2a: Corviknight|Pressure
|move|p1a: Rillaboom|Wood Hammer|p2a: Corviknight
|-damage|p2a: Corviknight|0 fnt
|-damage|p1a: Rillaboom|72/100|[from] item: Rocky Helmet|[of] p2a: Corviknight
|faint|p2a: Corviknight
|-damage|p1a: Rillaboom|36/100|[from] Recoil
|
|-heal|p1a: Rillaboom|42/100|[from] Grassy Terrain
|upkeep
|
|t:|1757808790
|switch|p2a: Glastrier|Glastrier|100/100
|turn|17
|
|t:|1757808792
|move|p1a: Rillaboom|Wood Hammer|p2a: Glastrier
|-damage|p2a: Glastrier|11/100
|-damage|p1a: Rillaboom|8/100|[from] Recoil
|move|p2a: Glastrier|Icicle Crash|p1a: Rillaboom
|-supereffective|p1a: Rillaboom
|-damage|p1a: Rillaboom|0 fnt
|faint|p1a: Rillaboom
|-ability|p2a: Glastrier|Chilling Neigh|boost
|-boost|p2a: Glastrier|atk|1
|
|-heal|p2a: Glastrier|18/100|[from] Grassy Terrain
|-heal|p2a: Glastrier|24/100|[from] item: Leftovers
|upkeep
|
|t:|1757808796
|switch|p1a: Great Tusk|Great Tusk|100/100
|turn|18
|
|t:|1757808800
|move|p1a: Great Tusk|Rapid Spin|p2a: Glastrier
|-damage|p2a: Glastrier|13/100
|-boost|p1a: Great Tusk|spe|1
|-sideend|p1: bidooofer|Stealth Rock|[from] move: Rapid Spin|[of] p1a: Great Tusk
|move|p2a: Glastrier|Icicle Crash|p1a: Great Tusk
|-supereffective|p1a: Great Tusk
|-damage|p1a: Great Tusk|9/100
|
|-heal|p1a: Great Tusk|15/100|[from] Grassy Terrain
|-heal|p2a: Glastrier|19/100|[from] Grassy Terrain
|-heal|p2a: Glastrier|26/100|[from] item: Leftovers
|upkeep
|turn|19
|
|t:|1757808807
|move|p1a: Great Tusk|Headlong Rush|p2a: Glastrier
|-damage|p2a: Glastrier|0 fnt
|-unboost|p1a: Great Tusk|def|1
|-unboost|p1a: Great Tusk|spd|1
|faint|p2a: Glastrier
|
|-heal|p1a: Great Tusk|22/100|[from] Grassy Terrain
|upkeep
|
|t:|1757808809
|switch|p2a: Cinderace|Cinderace, F|95/100 par
|turn|20
|
|t:|1757808811
|move|p1a: Great Tusk|Bulk Up|p1a: Great Tusk
|-boost|p1a: Great Tusk|atk|1
|-boost|p1a: Great Tusk|def|1
|move|p2a: Cinderace|Pyro Ball|p1a: Great Tusk
|-damage|p1a: Great Tusk|0 fnt
|faint|p1a: Great Tusk
|-end|p1a: Great Tusk|Protosynthesis|[silent]
|
|-heal|p2a: Cinderace|100/100 par|[from] Grassy Terrain
|-fieldend|move: Grassy Terrain
|upkeep
|
|t:|1757808813
|switch|p1a: Torkoal|Torkoal, M|27/100
|-weather|SunnyDay|[from] ability: Drought|[of] p1a: Torkoal
|turn|21
|
|t:|1757808817
|move|p2a: Cinderace|Pyro Ball|p1a: Torkoal
|-resisted|p1a: Torkoal
|-damage|p1a: Torkoal|0 fnt
|faint|p1a: Torkoal
|
|-weather|SunnyDay|[upkeep]
|upkeep
|
|t:|1757808819
|switch|p1a: Walking Wake|Walking Wake|100/100
|-activate|p1a: Walking Wake|ability: Protosynthesis
|-start|p1a: Walking Wake|protosynthesisspe
|turn|22
|
|t:|1757808821
|move|p2a: Cinderace|Sucker Punch|p1a: Walking Wake
|-start|p2a: Cinderace|typechange|Dark|[from] ability: Libero
|-damage|p1a: Walking Wake|57/100
|move|p1a: Walking Wake|Hydro Steam|p2a: Cinderace
|-damage|p2a: Cinderace|10/100 par
|
|-weather|SunnyDay|[upkeep]
|upkeep
|turn|23
|
|t:|1757808824
|move|p2a: Cinderace|Sucker Punch|p1a: Walking Wake
|-damage|p1a: Walking Wake|19/100
|move|p1a: Walking Wake|Hydro Steam|p2a: Cinderace
|-damage|p2a: Cinderace|0 fnt
|faint|p2a: Cinderace
|
|win|bidooofer
|raw|bidooofer's rating: 1659 &rarr; <strong>1677</strong><br />(+18 for winning)
|raw|omari p's rating: 1622 &rarr; <strong>1604</strong><br />(-18 for losing)
|l|‽bidooofer
|player|p1|
|j| dr6yht8iy
|l| dr6yht8iy
|l|☆omari p
|player|p2|
