|j|☆spidermathou
|j|☆weiweihu
|t:|1757843991
|gametype|singles
|player|p1|spidermathou|harlequin|1507
|player|p2|weiweihu|cynthia|1486
|gen|9
|tier|[Gen 9] OU
|rated|
|rule|HP Percentage Mod: HP is shown in percentages
|rule|Endless Battle Clause: Forcing endless battles is banned
|rule|Species Clause: Limit one of each Pokémon
|rule|OHKO Clause: OHKO moves are banned
|rule|Evasion Items Clause: Evasion items are banned
|rule|Evasion Moves Clause: Evasion moves are banned
|rule|Evasion Abilities Clause: Evasion abilities are banned
|rule|Sleep Moves Clause: Sleep-inducing moves are banned
|clearpoke
|poke|p1|Chesnaught, M|
|poke|p1|Weezing-Galar, F|
|poke|p1|Ting-Lu|
|poke|p1|Corviknight, F|
|poke|p1|Skeledirge, F|
|poke|p1|Primarina, M|
|poke|p2|Toedscruel, M|
|poke|p2|Skeledirge, F|
|poke|p2|Tyranitar, F|
|poke|p2|Ninetales-Alola, F|
|poke|p2|Ogerpon, F|
|poke|p2|Hydreigon, M|
|teampreview
|inactive|Battle timer is ON: inactive players will automatically lose when time's up. (requested by spidermathou)
|
|t:|1757843996
|teamsize|p1|6
|teamsize|p2|6
|start
|switch|p1a: Skeledirge|Skeledirge, F|100/100
|switch|p2a: Ogerpon|Ogerpon, F|100/100
|-item|p1a: Skeledirge|Air Balloon
|turn|1
|
|t:|1757844001
|move|p2a: Ogerpon|Knock Off|p1a: Skeledirge
|-supereffective|p1a: Skeledirge
|-damage|p1a: Skeledirge|34/100
|-enditem|p1a: Skeledirge|Air Balloon
|move|p1a: Skeledirge|Torch Song|p2a: Ogerpon
|-supereffective|p2a: Ogerpon
|-damage|p2a: Ogerpon|33/100
|-boost|p1a: Skeledirge|spa|1
|
|upkeep
|turn|2
|
|t:|1757844013
|switch|p1a: Chesnaught|Chesnaught, M|100/100
|move|p2a: Ogerpon|Knock Off|p1a: Chesnaught
|-resisted|p1a: Chesnaught
|-damage|p1a: Chesnaught|85/100
|-damage|p2a: Ogerpon|16/100|[from] item: Rocky Helmet|[of] p1a: Chesnaught
|-enditem|p1a: Chesnaught|Rocky Helmet|[from] move: Knock Off|[of] p2a: Ogerpon
|
|upkeep
|turn|3
|
|t:|1757844018
|switch|p2a: Ninetales|Ninetales-Alola, F, shiny|100/100
|-weather|Snowscape|[from] ability: Snow Warning|[of] p2a: Ninetales
|move|p1a: Chesnaught|Spikes|p2a: Ninetales
|-sidestart|p2: weiweihu|Spikes
|
|-weather|Snowscape|[upkeep]
|upkeep
|turn|4
|
|t:|1757844022
|switch|p1a: Skeledirge|Skeledirge, F|34/100
|move|p2a: Ninetales|Aurora Veil|p2a: Ninetales
|-sidestart|p2: weiweihu|move: Aurora Veil
|
|-weather|Snowscape|[upkeep]
|upkeep
|turn|5
|
|t:|1757844040
|switch|p2a: Tyranitar|Tyranitar, F, shiny|100/100
|-damage|p2a: Tyranitar|88/100|[from] Spikes
|-weather|Sandstorm|[from] ability: Sand Stream|[of] p2a: Tyranitar
|move|p1a: Skeledirge|Slack Off|p1a: Skeledirge
|-heal|p1a: Skeledirge|84/100
|
|-weather|Sandstorm|[upkeep]
|-damage|p1a: Skeledirge|78/100|[from] Sandstorm
|upkeep
|turn|6
|
|t:|1757844046
|switch|p1a: Chesnaught|Chesnaught, M|85/100
|move|p2a: Tyranitar|Stone Edge|p1a: Chesnaught
|-resisted|p1a: Chesnaught
|-damage|p1a: Chesnaught|69/100
|
|-weather|Sandstorm|[upkeep]
|-damage|p1a: Chesnaught|63/100|[from] Sandstorm
|upkeep
|turn|7
|
|t:|1757844054
|switch|p2a: Skeledirge|Skeledirge, F, shiny|100/100
|move|p1a: Chesnaught|Synthesis|p1a: Chesnaught
|-heal|p1a: Chesnaught|88/100
|
|-weather|Sandstorm|[upkeep]
|-damage|p2a: Skeledirge|94/100|[from] Sandstorm
|-damage|p1a: Chesnaught|82/100|[from] Sandstorm
|upkeep
|turn|8
|
|t:|1757844059
|switch|p1a: Ting-Lu|Ting-Lu|100/100
|-ability|p1a: Ting-Lu|Vessel of Ruin
|move|p2a: Skeledirge|Fire Spin|p1a: Ting-Lu
|-damage|p1a: Ting-Lu|95/100
|-activate|p1a: Ting-Lu|move: Fire Spin|[of] p2a: Skeledirge
|
|-weather|Sandstorm|[upkeep]
|-damage|p2a: Skeledirge|88/100|[from] Sandstorm
|-heal|p1a: Ting-Lu|100/100|[from] item: Leftovers
|-damage|p1a: Ting-Lu|88/100|[from] move: Fire Spin|[partiallytrapped]
|upkeep
|turn|9
|
|t:|1757844062
|switch|p2a: Toedscruel|Toedscruel, M, shiny|100/100
|-damage|p2a: Toedscruel|88/100|[from] Spikes
|move|p1a: Ting-Lu|Whirlwind|p2a: Toedscruel
|drag|p2a: Skeledirge|Skeledirge, F, shiny|88/100
|
|-weather|none
|-heal|p1a: Ting-Lu|94/100|[from] item: Leftovers
|-end|p1a: Ting-Lu|Fire Spin|[partiallytrapped]|[silent]
|upkeep
|turn|10
|
|t:|1757844066
|move|p2a: Skeledirge|Will-O-Wisp|p1a: Ting-Lu
|-status|p1a: Ting-Lu|brn
|move|p1a: Ting-Lu|Stealth Rock|p2a: Skeledirge
|-sidestart|p2: weiweihu|move: Stealth Rock
|
|-heal|p1a: Ting-Lu|100/100 brn|[from] item: Leftovers
|-damage|p1a: Ting-Lu|94/100 brn|[from] brn
|upkeep
|turn|11
|
|t:|1757844069
|move|p2a: Skeledirge|Fire Spin|p1a: Ting-Lu
|-damage|p1a: Ting-Lu|89/100 brn
|-activate|p1a: Ting-Lu|move: Fire Spin|[of] p2a: Skeledirge
|move|p1a: Ting-Lu|Whirlwind|p2a: Skeledirge
|drag|p2a: Ninetales|Ninetales-Alola, F, shiny|100/100
|-damage|p2a: Ninetales|88/100|[from] Spikes
|-damage|p2a: Ninetales|64/100|[from] Stealth Rock
|-weather|Snowscape|[from] ability: Snow Warning|[of] p2a: Ninetales
|
|-weather|Snowscape|[upkeep]
|-heal|p1a: Ting-Lu|95/100 brn|[from] item: Leftovers
|-damage|p1a: Ting-Lu|89/100 brn|[from] brn
|-end|p1a: Ting-Lu|Fire Spin|[partiallytrapped]|[silent]
|-sideend|p2: weiweihu|move: Aurora Veil
|upkeep
|turn|12
|
|t:|1757844082
|move|p2a: Ninetales|Aurora Veil|p2a: Ninetales
|-sidestart|p2: weiweihu|move: Aurora Veil
|move|p1a: Ting-Lu|Whirlwind|p2a: Ninetales
|drag|p2a: Toedscruel|Toedscruel, M, shiny|88/100
|-damage|p2a: Toedscruel|76/100|[from] Spikes
|-damage|p2a: Toedscruel|70/100|[from] Stealth Rock
|
|-weather|Snowscape|[upkeep]
|-heal|p1a: Ting-Lu|95/100 brn|[from] item: Leftovers
|-damage|p1a: Ting-Lu|89/100 brn|[from] brn
|upkeep
|turn|13
|
|t:|1757844088
|switch|p1a: Skeledirge|Skeledirge, F|78/100
|move|p2a: Toedscruel|Rapid Spin|p1a: Skeledirge
|-immune|p1a: Skeledirge
|
|-weather|Snowscape|[upkeep]
|upkeep
|turn|14
|
|t:|1757844092
|switch|p1a: Corviknight|Corviknight, F|100/100
|-ability|p1a: Corviknight|Pressure
|move|p2a: Toedscruel|Earth Power|p1a: Corviknight
|-immune|p1a: Corviknight
|
|-weather|Snowscape|[upkeep]
|upkeep
|turn|15
|
|t:|1757844098
|switch|p1a: Skeledirge|Skeledirge, F|78/100
|move|p2a: Toedscruel|Earth Power|p1a: Skeledirge
|-supereffective|p1a: Skeledirge
|-damage|p1a: Skeledirge|13/100
|
|-weather|none
|upkeep
|turn|16
|
|t:|1757844105
|move|p2a: Toedscruel|Earth Power|p1a: Skeledirge
|-supereffective|p1a: Skeledirge
|-damage|p1a: Skeledirge|0 fnt
|faint|p1a: Skeledirge
|
|upkeep
|
|t:|1757844116
|switch|p1a: Corviknight|Corviknight, F|100/100
|-ability|p1a: Corviknight|Pressure
|turn|17
|
|t:|1757844120
|move|p2a: Toedscruel|Rapid Spin|p1a: Corviknight
|-resisted|p1a: Corviknight
|-damage|p1a: Corviknight|98/100
|-boost|p2a: Toedscruel|spe|1
|-damage|p2a: Toedscruel|53/100|[from] item: Rocky Helmet|[of] p1a: Corviknight
|-sideend|p2: weiweihu|Spikes|[from] move: Rapid Spin|[of] p2a: Toedscruel
|-sideend|p2: weiweihu|Stealth Rock|[from] move: Rapid Spin|[of] p2a: Toedscruel
|move|p1a: Corviknight|Brave Bird|p2a: Toedscruel
|-supereffective|p2a: Toedscruel
|-damage|p2a: Toedscruel|0 fnt
|faint|p2a: Toedscruel
|-damage|p1a: Corviknight|83/100|[from] Recoil
|
|upkeep
|
|t:|1757844131
|switch|p2a: Hydreigon|Hydreigon, M, shiny|100/100
|turn|18
|
|t:|1757844134
|move|p2a: Hydreigon|Nasty Plot|p2a: Hydreigon
|-boost|p2a: Hydreigon|spa|2
|move|p1a: Corviknight|U-turn|p2a: Hydreigon
|-supereffective|p2a: Hydreigon
|-crit|p2a: Hydreigon
|-damage|p2a: Hydreigon|52/100
|
|t:|1757844138
|switch|p1a: Ting-Lu|Ting-Lu|89/100 brn|[from] U-turn
|-ability|p1a: Ting-Lu|Vessel of Ruin
|
|-heal|p1a: Ting-Lu|95/100 brn|[from] item: Leftovers
|-damage|p1a: Ting-Lu|89/100 brn|[from] brn
|upkeep
|turn|19
|
|t:|1757844142
|move|p2a: Hydreigon|Flamethrower|p1a: Ting-Lu
|-damage|p1a: Ting-Lu|67/100 brn
|move|p1a: Ting-Lu|Whirlwind|p2a: Hydreigon
|drag|p2a: Ogerpon|Ogerpon, F|16/100
|
|-heal|p1a: Ting-Lu|73/100 brn|[from] item: Leftovers
|-damage|p1a: Ting-Lu|67/100 brn|[from] brn
|-sideend|p2: weiweihu|move: Aurora Veil
|upkeep
|turn|20
|
|t:|1757844149
|switch|p1a: Corviknight|Corviknight, F|83/100
|-ability|p1a: Corviknight|Pressure
|move|p2a: Ogerpon|Ivy Cudgel|p1a: Corviknight
|-resisted|p1a: Corviknight
|-crit|p1a: Corviknight
|-damage|p1a: Corviknight|64/100
|
|upkeep
|turn|21
|
|t:|1757844157
|switch|p2a: Ninetales|Ninetales-Alola, F, shiny|64/100
|-weather|Snowscape|[from] ability: Snow Warning|[of] p2a: Ninetales
|move|p1a: Corviknight|Roost|p1a: Corviknight
|-heal|p1a: Corviknight|100/100
|-singleturn|p1a: Corviknight|move: Roost
|
|-weather|Snowscape|[upkeep]
|upkeep
|turn|22
|
|t:|1757844160
|move|p2a: Ninetales|Encore|p1a: Corviknight
|-start|p1a: Corviknight|Encore
|move|p1a: Corviknight|Roost||[still]
|-fail|p1a: Corviknight|heal
|
|-weather|Snowscape|[upkeep]
|upkeep
|turn|23
|
|t:|1757844166
|switch|p2a: Ogerpon|Ogerpon, F|16/100
|switch|p1a: Ting-Lu|Ting-Lu|67/100 brn
|-ability|p1a: Ting-Lu|Vessel of Ruin
|
|-weather|Snowscape|[upkeep]
|-heal|p1a: Ting-Lu|73/100 brn|[from] item: Leftovers
|-damage|p1a: Ting-Lu|67/100 brn|[from] brn
|upkeep
|turn|24
|
|t:|1757844170
|switch|p1a: Corviknight|Corviknight, F|100/100
|-ability|p1a: Corviknight|Pressure
|move|p2a: Ogerpon|Ivy Cudgel|p1a: Corviknight
|-resisted|p1a: Corviknight
|-damage|p1a: Corviknight|88/100
|
|-weather|Snowscape|[upkeep]
|upkeep
|turn|25
|
|t:|1757844174
|switch|p2a: Skeledirge|Skeledirge, F, shiny|88/100
|move|p1a: Corviknight|U-turn|p2a: Skeledirge
|-resisted|p2a: Skeledirge
|-damage|p2a: Skeledirge|86/100
|
|t:|1757844176
|switch|p1a: Primarina|Primarina, M|100/100|[from] U-turn
|
|-weather|none
|upkeep
|turn|26
|
|t:|1757844183
|switch|p2a: Ninetales|Ninetales-Alola, F, shiny|64/100
|-weather|Snowscape|[from] ability: Snow Warning|[of] p2a: Ninetales
|move|p1a: Primarina|Substitute|p1a: Primarina
|-start|p1a: Primarina|Substitute
|-damage|p1a: Primarina|76/100
|
|-weather|Snowscape|[upkeep]
|-heal|p1a: Primarina|82/100|[from] item: Leftovers
|upkeep
|turn|27
|
|t:|1757844190
|move|p2a: Ninetales|Encore|p1a: Primarina
|-start|p1a: Primarina|Encore
|move|p1a: Primarina|Substitute|p1a: Primarina
|-fail|p1a: Primarina|move: Substitute
|
|-weather|Snowscape|[upkeep]
|-heal|p1a: Primarina|88/100|[from] item: Leftovers
|upkeep
|turn|28
|
|t:|1757844193
|switch|p1a: Weezing|Weezing-Galar, F|100/100
|-ability|p1a: Weezing|Neutralizing Gas
|move|p2a: Ninetales|Freeze-Dry|p1a: Weezing
|-damage|p1a: Weezing|66/100
|
|-weather|Snowscape|[upkeep]
|upkeep
|turn|29
|
|t:|1757844198
|move|p2a: Ninetales|Aurora Veil|p2a: Ninetales
|-sidestart|p2: weiweihu|move: Aurora Veil
|move|p1a: Weezing|Will-O-Wisp|p2a: Ninetales
|-status|p2a: Ninetales|brn
|
|-weather|Snowscape|[upkeep]
|-damage|p2a: Ninetales|58/100 brn|[from] brn
|upkeep
|turn|30
|
|t:|1757844210
|move|p2a: Ninetales|Freeze-Dry|p1a: Weezing
|-damage|p1a: Weezing|31/100
|move|p1a: Weezing|Defog|p2a: Ninetales
|-unboost|p2a: Ninetales|evasion|1
|-sideend|p2: weiweihu|move: Aurora Veil
|
|-weather|none
|-damage|p2a: Ninetales|52/100 brn|[from] brn
|upkeep
|turn|31
|
|t:|1757844223
|-end|p1a: Weezing|ability: Neutralizing Gas
|-weather|Snowscape|[from] ability: Snow Warning|[of] p2a: Ninetales
|switch|p1a: Corviknight|Corviknight, F|88/100
|-ability|p1a: Corviknight|Pressure
|move|p2a: Ninetales|Freeze-Dry|p1a: Corviknight
|-damage|p1a: Corviknight|65/100
|
|-weather|Snowscape|[upkeep]
|-damage|p2a: Ninetales|46/100 brn|[from] brn
|upkeep
|turn|32
|
|t:|1757844229
|switch|p2a: Skeledirge|Skeledirge, F, shiny|86/100
|move|p1a: Corviknight|Roost|p1a: Corviknight
|-heal|p1a: Corviknight|100/100
|-singleturn|p1a: Corviknight|move: Roost
|
|-weather|Snowscape|[upkeep]
|upkeep
|turn|33
|
|t:|1757844244
|switch|p1a: Ting-Lu|Ting-Lu|67/100 brn
|-ability|p1a: Ting-Lu|Vessel of Ruin
|switch|p2a: Tyranitar|Tyranitar, F, shiny|88/100
|-weather|Sandstorm|[from] ability: Sand Stream|[of] p2a: Tyranitar
|
|-weather|Sandstorm|[upkeep]
|-heal|p1a: Ting-Lu|73/100 brn|[from] item: Leftovers
|-damage|p1a: Ting-Lu|67/100 brn|[from] brn
|upkeep
|turn|34
|
|t:|1757844252
|move|p2a: Tyranitar|Knock Off|p1a: Ting-Lu
|-resisted|p1a: Ting-Lu
|-damage|p1a: Ting-Lu|52/100 brn
|-enditem|p1a: Ting-Lu|Leftovers|[from] move: Knock Off|[of] p2a: Tyranitar
|move|p1a: Ting-Lu|Stealth Rock|p2a: Tyranitar
|-sidestart|p2: weiweihu|move: Stealth Rock
|
|-weather|Sandstorm|[upkeep]
|-damage|p1a: Ting-Lu|46/100 brn|[from] brn
|upkeep
|turn|35
|
|t:|1757844265
|move|p2a: Tyranitar|Dragon Dance|p2a: Tyranitar
|-boost|p2a: Tyranitar|atk|1
|-boost|p2a: Tyranitar|spe|1
|move|p1a: Ting-Lu|Rest|p1a: Ting-Lu
|-status|p1a: Ting-Lu|slp|[from] move: Rest
|-heal|p1a: Ting-Lu|100/100 slp|[silent]
|
|-weather|Sandstorm|[upkeep]
|upkeep
|turn|36
|
|t:|1757844268
|switch|p1a: Chesnaught|Chesnaught, M|82/100
|move|p2a: Tyranitar|Dragon Dance|p2a: Tyranitar
|-boost|p2a: Tyranitar|atk|1
|-boost|p2a: Tyranitar|spe|1
|
|-weather|Sandstorm|[upkeep]
|-damage|p1a: Chesnaught|75/100|[from] Sandstorm
|upkeep
|turn|37
|
|t:|1757844272
|-terastallize|p2a: Tyranitar|Rock
|move|p2a: Tyranitar|Dragon Dance|p2a: Tyranitar
|-boost|p2a: Tyranitar|atk|1
|-boost|p2a: Tyranitar|spe|1
|move|p1a: Chesnaught|Body Press|p2a: Tyranitar
|-supereffective|p2a: Tyranitar
|-damage|p2a: Tyranitar|9/100
|-enditem|p2a: Tyranitar|Weakness Policy
|-boost|p2a: Tyranitar|atk|2|[from] item: Weakness Policy
|-boost|p2a: Tyranitar|spa|2|[from] item: Weakness Policy
|
|-weather|none
|upkeep
|turn|38
|
|t:|1757844278
|switch|p1a: Corviknight|Corviknight, F|100/100
|-ability|p1a: Corviknight|Pressure
|move|p2a: Tyranitar|Facade|p1a: Corviknight
|-resisted|p1a: Corviknight
|-damage|p1a: Corviknight|74/100
|-damage|p2a: Tyranitar|0 fnt|[from] item: Rocky Helmet|[of] p1a: Corviknight
|faint|p2a: Tyranitar
|
|upkeep
|
|t:|1757844280
|switch|p2a: Ogerpon|Ogerpon, F|16/100
|-damage|p2a: Ogerpon|4/100|[from] Stealth Rock
|turn|39
|
|t:|1757844286
|move|p2a: Ogerpon|Knock Off|p1a: Corviknight
|-damage|p1a: Corviknight|45/100
|-damage|p2a: Ogerpon|0 fnt|[from] item: Rocky Helmet|[of] p1a: Corviknight
|faint|p2a: Ogerpon
|move|p1a: Corviknight|U-turn|p2: Ogerpon|[notarget]
|-fail|p1a: Corviknight
|
|upkeep
|-message|weiweihu forfeited.
|
|win|spidermathou
|raw|spidermathou's rating: 1507 &rarr; <strong>1526</strong><br />(+19 for winning)
|raw|weiweihu's rating: 1486 &rarr; <strong>1467</strong><br />(-19 for losing)
|l|☆weiweihu
|player|p2|
|l|☆spidermathou
|player|p1|
