|j|☆blazingshadow46
|j|‽XIXINANA
|t:|1757820848
|gametype|singles
|player|p1|blazingshadow46|ghetsis|1292
|player|p2|XIXINANA|nate|1368
|gen|9
|tier|[Gen 9] OU
|rated|
|rule|HP Percentage Mod: HP is shown in percentages
|rule|Endless Battle Clause: Forcing endless battles is banned
|rule|Species Clause: Limit one of each Pokémon
|rule|OHKO Clause: OHKO moves are banned
|rule|Evasion Items Clause: Evasion items are banned
|rule|Evasion Moves Clause: Evasion moves are banned
|rule|Evasion Abilities Clause: Evasion abilities are banned
|rule|Sleep Moves Clause: Sleep-inducing moves are banned
|clearpoke
|poke|p1|Noivern, M|
|poke|p1|Chandelure, F|
|poke|p1|Krookodile, F|
|poke|p1|Slowking-Galar, F|
|poke|p1|Scizor, F|
|poke|p1|Great Tusk|
|poke|p2|Dusknoir, M|
|poke|p2|Lycanroc-Midnight, F|
|poke|p2|Sinistcha-Masterpiece|
|poke|p2|Polteageist-Antique|
|poke|p2|Typhlosion-Hisui, M|
|poke|p2|Regidrago|
|teampreview
|inactive|Battle timer is ON: inactive players will automatically lose when time's up. (requested by blazingshadow46)
|
|t:|1757820861
|teamsize|p1|6
|teamsize|p2|6
|start
|switch|p1a: Wombat|Noivern, M|100/100
|switch|p2a: Regidrago|Regidrago|100/100
|turn|1
|
|t:|1757820866
|move|p2a: Regidrago|Dragon Energy|p1a: Wombat
|-supereffective|p1a: Wombat
|-damage|p1a: Wombat|0 fnt
|faint|p1a: Wombat
|
|upkeep
|
|t:|1757820873
|switch|p1a: Safety Scizors|Scizor, F|100/100
|turn|2
|
|t:|1757820879
|move|p2a: Regidrago|Dragon Energy|p1a: Safety Scizors
|-resisted|p1a: Safety Scizors
|-damage|p1a: Safety Scizors|37/100
|move|p1a: Safety Scizors|Swords Dance|p1a: Safety Scizors
|-boost|p1a: Safety Scizors|atk|2
|
|-heal|p1a: Safety Scizors|43/100|[from] item: Leftovers
|upkeep
|turn|3
|
|t:|1757820890
|-terastallize|p2a: Regidrago|Dragon
|move|p1a: Safety Scizors|Bullet Punch|p2a: Regidrago
|-damage|p2a: Regidrago|14/100
|move|p2a: Regidrago|Dragon Energy|p1a: Safety Scizors
|-resisted|p1a: Safety Scizors
|-damage|p1a: Safety Scizors|32/100
|
|-heal|p1a: Safety Scizors|38/100|[from] item: Leftovers
|upkeep
|turn|4
|
|t:|1757820917
|switch|p2a: Sinistcha|Sinistcha-Masterpiece|100/100
|move|p1a: Safety Scizors|Knock Off|p2a: Sinistcha
|-supereffective|p2a: Sinistcha
|-damage|p2a: Sinistcha|0 fnt
|-enditem|p2a: Sinistcha|Leftovers|[from] move: Knock Off|[of] p1a: Safety Scizors
|faint|p2a: Sinistcha
|
|-heal|p1a: Safety Scizors|44/100|[from] item: Leftovers
|upkeep
|
|t:|1757820925
|switch|p2a: Typhlosion|Typhlosion-Hisui, M|100/100
|-item|p1a: Safety Scizors|Leftovers|[from] ability: Frisk|[of] p2a: Typhlosion
|turn|5
|
|t:|1757820929
|switch|p1a: Shell Rotation|Slowking-Galar, F|100/100
|move|p2a: Typhlosion|Overheat|p1a: Shell Rotation
|-damage|p1a: Shell Rotation|65/100
|-unboost|p2a: Typhlosion|spa|2
|
|upkeep
|turn|6
|
|t:|1757820941
|switch|p2a: Lycanroc|Lycanroc-Midnight, F|100/100
|-prepare|p1a: Shell Rotation|Chilly Reception|[premajor]
|move|p1a: Shell Rotation|Chilly Reception|p1a: Shell Rotation
|-weather|Snowscape
|
|t:|1757820944
|switch|p1a: Knee Surgery|Great Tusk|100/100|[from] Chilly Reception
|
|-weather|Snowscape|[upkeep]
|upkeep
|turn|7
|
|t:|1757820947
|switch|p2a: Polteageist|Polteageist-Antique|100/100
|move|p1a: Knee Surgery|Stealth Rock|p2a: Polteageist
|-sidestart|p2: XIXINANA|move: Stealth Rock
|
|-weather|Snowscape|[upkeep]
|upkeep
|turn|8
|
|t:|1757820954
|-end|p1a: Knee Surgery|Protosynthesis|[silent]
|switch|p1a: Shell Rotation|Slowking-Galar, F|98/100
|move|p2a: Polteageist|Shell Smash|p2a: Polteageist
|-unboost|p2a: Polteageist|def|1
|-unboost|p2a: Polteageist|spd|1
|-boost|p2a: Polteageist|atk|2
|-boost|p2a: Polteageist|spa|2
|-boost|p2a: Polteageist|spe|2
|
|-weather|Snowscape|[upkeep]
|upkeep
|turn|9
|
|t:|1757820958
|move|p2a: Polteageist|Shadow Ball|p1a: Shell Rotation
|-supereffective|p1a: Shell Rotation
|-damage|p1a: Shell Rotation|0 fnt
|faint|p1a: Shell Rotation
|
|-weather|Snowscape|[upkeep]
|upkeep
|
|t:|1757820964
|switch|p1a: Krooked Nose|Krookodile, F|100/100
|turn|10
|
|t:|1757820969
|move|p2a: Polteageist|Tera Blast|p1a: Krooked Nose
|-damage|p1a: Krooked Nose|15/100
|move|p1a: Krooked Nose|Knock Off|p2a: Polteageist
|-supereffective|p2a: Polteageist
|-enditem|p2a: Polteageist|Focus Sash
|-damage|p2a: Polteageist|1/100
|-ability|p2a: Polteageist|Weak Armor|boost
|-unboost|p2a: Polteageist|def|1
|-boost|p2a: Polteageist|spe|2
|
|-weather|none
|upkeep
|turn|11
|
|t:|1757820977
|move|p2a: Polteageist|Tera Blast|p1a: Krooked Nose
|-damage|p1a: Krooked Nose|0 fnt
|faint|p1a: Krooked Nose
|
|upkeep
|
|t:|1757820979
|switch|p1a: Safety Scizors|Scizor, F|44/100
|turn|12
|
|t:|1757820982
|move|p1a: Safety Scizors|Bullet Punch|p2a: Polteageist
|-damage|p2a: Polteageist|0 fnt
|faint|p2a: Polteageist
|
|-heal|p1a: Safety Scizors|50/100|[from] item: Leftovers
|upkeep
|
|t:|1757820999
|switch|p2a: Dusknoir|Dusknoir, M|100/100
|-damage|p2a: Dusknoir|88/100|[from] Stealth Rock
|-item|p1a: Safety Scizors|Leftovers|[from] ability: Frisk|[of] p2a: Dusknoir
|turn|13
|
|t:|1757821007
|switch|p1a: SS Stall trooper|Chandelure, F|100/100
|move|p2a: Dusknoir|Poltergeist|p1a: SS Stall trooper|[miss]
|-miss|p2a: Dusknoir|p1a: SS Stall trooper
|
|upkeep
|turn|14
|
|t:|1757821029
|move|p1a: SS Stall trooper|Shadow Ball|p2a: Dusknoir
|-supereffective|p2a: Dusknoir
|-damage|p2a: Dusknoir|0 fnt
|faint|p2a: Dusknoir
|
|upkeep
|
|t:|1757821033
|switch|p2a: Regidrago|Regidrago, tera:Dragon|14/100
|-damage|p2a: Regidrago|1/100|[from] Stealth Rock
|turn|15
|
|t:|1757821039
|switch|p1a: Knee Surgery|Great Tusk|100/100
|move|p2a: Regidrago|Draco Meteor|p1a: Knee Surgery|[miss]
|-miss|p2a: Regidrago|p1a: Knee Surgery
|
|upkeep
|turn|16
|
|t:|1757821047
|move|p2a: Regidrago|Draco Meteor|p1a: Knee Surgery
|-damage|p1a: Knee Surgery|0 fnt
|-unboost|p2a: Regidrago|spa|2
|faint|p1a: Knee Surgery
|-end|p1a: Knee Surgery|Protosynthesis|[silent]
|
|upkeep
|
|t:|1757821051
|switch|p1a: Safety Scizors|Scizor, F|50/100
|turn|17
|
|t:|1757821056
|move|p2a: Regidrago|Draco Meteor|p1a: Safety Scizors
|-resisted|p1a: Safety Scizors
|-damage|p1a: Safety Scizors|12/100
|-unboost|p2a: Regidrago|spa|2
|move|p1a: Safety Scizors|Swords Dance|p1a: Safety Scizors
|-boost|p1a: Safety Scizors|atk|2
|
|-heal|p1a: Safety Scizors|18/100|[from] item: Leftovers
|upkeep
|turn|18
|
|t:|1757821064
|move|p2a: Regidrago|Draco Meteor|p1a: Safety Scizors
|-resisted|p1a: Safety Scizors
|-damage|p1a: Safety Scizors|0 fnt
|-unboost|p2a: Regidrago|spa|2
|faint|p1a: Safety Scizors
|
|upkeep
|c|☆blazingshadow46|whoops
|c|☆blazingshadow46|missclick
|
|t:|1757821075
|switch|p1a: SS Stall trooper|Chandelure, F|100/100
|turn|19
|
|t:|1757821079
|move|p2a: Regidrago|Draco Meteor|p1a: SS Stall trooper
|-damage|p1a: SS Stall trooper|55/100
|move|p1a: SS Stall trooper|Shadow Ball|p2a: Regidrago
|-damage|p2a: Regidrago|0 fnt
|faint|p2a: Regidrago
|
|upkeep
|
|t:|1757821086
|switch|p2a: Typhlosion|Typhlosion-Hisui, M|100/100
|-damage|p2a: Typhlosion|76/100|[from] Stealth Rock
|-item|p1a: SS Stall trooper|Choice Specs|[from] ability: Frisk|[of] p2a: Typhlosion
|turn|20
|
|t:|1757821089
|-terastallize|p1a: SS Stall trooper|Grass
|move|p2a: Typhlosion|Shadow Ball|p1a: SS Stall trooper
|-crit|p1a: SS Stall trooper
|-damage|p1a: SS Stall trooper|0 fnt
|faint|p1a: SS Stall trooper
|
|win|XIXINANA
|raw|blazingshadow46's rating: 1292 &rarr; <strong>1272</strong><br />(-20 for losing)
|raw|XIXINANA's rating: 1368 &rarr; <strong>1384</strong><br />(+16 for winning)
|l|☆blazingshadow46
|player|p1|
|l|‽XIXINANA
|player|p2|
