|inactive|Battle timer is ON: inactive players will automatically lose when time's up.
|t:|1757791181
|gametype|singles
|player|p1|Light DN|#adpl8|
|player|p2|Tace|#splxviclassiest2|
|gen|9
|tier|[Gen 9] OU
|rule|HP Percentage Mod: HP is shown in percentages
|rule|Endless Battle Clause: Forcing endless battles is banned
|rule|Species Clause: Limit one of each Pokémon
|rule|OHKO Clause: OHKO moves are banned
|rule|Evasion Items Clause: Evasion items are banned
|rule|Evasion Moves Clause: Evasion moves are banned
|rule|Evasion Abilities Clause: Evasion abilities are banned
|rule|Sleep Moves Clause: Sleep-inducing moves are banned
|clearpoke
|poke|p1|Great Tusk|
|poke|p1|Kyurem|
|poke|p1|Cinderace, F|
|poke|p1|Dragonite, M|
|poke|p1|Iron Valiant|
|poke|p1|Kingambit, M|
|poke|p2|Landorus-Therian, M|
|poke|p2|Kyurem|
|poke|p2|Hatterene, F|
|poke|p2|Zamazenta-*|
|poke|p2|Ceruledge, F|
|poke|p2|Kingambit, F|
|teampreview
|c|☆Light DN|hf
|c|☆Tace|hf
|inactive|Light DN has 270 seconds left.
|inactive|Tace has 270 seconds left.
|inactive|Tace has 240 seconds left.
|
|t:|1757791261
|teamsize|p1|6
|teamsize|p2|6
|start
|switch|p1a: Kyurem|Kyurem|100/100
|switch|p2a: RIBBONS|Hatterene, F|100/100
|-ability|p1a: Kyurem|Pressure
|turn|1
|
|t:|1757791267
|move|p1a: Kyurem|Freeze-Dry|p2a: RIBBONS
|-damage|p2a: RIBBONS|79/100
|move|p2a: RIBBONS|Nuzzle|p1a: Kyurem
|-resisted|p1a: Kyurem
|-damage|p1a: Kyurem|99/100
|-status|p1a: Kyurem|par
|
|upkeep
|turn|2
|
|t:|1757791276
|switch|p1a: Cinderace|Cinderace, F|100/100
|move|p2a: RIBBONS|Draining Kiss|p1a: Cinderace
|-resisted|p1a: Cinderace
|-crit|p1a: Cinderace
|-damage|p1a: Cinderace|70/100
|-heal|p2a: RIBBONS|100/100|[from] drain|[of] p1a: Cinderace
|
|upkeep
|turn|3
|
|t:|1757791281
|switch|p2a: AVOCADO|Landorus-Therian, M|100/100
|-ability|p2a: AVOCADO|Intimidate|boost
|-unboost|p1a: Cinderace|atk|1
|move|p1a: Cinderace|Gunk Shot|p2a: AVOCADO
|-resisted|p2a: AVOCADO
|-damage|p2a: AVOCADO|89/100
|
|upkeep
|turn|4
|
|t:|1757791286
|switch|p1a: Great Tusk|Great Tusk|100/100
|move|p2a: AVOCADO|U-turn|p1a: Great Tusk
|-resisted|p1a: Great Tusk
|-damage|p1a: Great Tusk|93/100
|inactive|Tace has 270 seconds left.
|
|t:|1757791317
|switch|p2a: DOWNPOUR|Kyurem|100/100|[from] U-turn
|-ability|p2a: DOWNPOUR|Pressure
|
|upkeep
|turn|5
|
|t:|1757791324
|-end|p1a: Great Tusk|Protosynthesis|[silent]
|switch|p1a: Kyurem|Kyurem|99/100 par
|-ability|p1a: Kyurem|Pressure
|move|p2a: DOWNPOUR|Icicle Spear|p1a: Kyurem
|-damage|p1a: Kyurem|88/100 par
|-damage|p1a: Kyurem|78/100 par
|-damage|p1a: Kyurem|68/100 par
|-damage|p1a: Kyurem|57/100 par
|-hitcount|p1a: Kyurem|4
|
|upkeep
|turn|6
|
|t:|1757791335
|switch|p2a: RIBBONS|Hatterene, F|100/100
|cant|p1a: Kyurem|par
|
|upkeep
|turn|7
|
|t:|1757791342
|switch|p1a: Cinderace|Cinderace, F|70/100
|move|p2a: RIBBONS|Draining Kiss|p1a: Cinderace
|-resisted|p1a: Cinderace
|-damage|p1a: Cinderace|51/100
|
|upkeep
|turn|8
|
|t:|1757791348
|switch|p2a: AVOCADO|Landorus-Therian, M|89/100
|-ability|p2a: AVOCADO|Intimidate|boost
|-unboost|p1a: Cinderace|atk|1
|move|p1a: Cinderace|Pyro Ball|p2a: AVOCADO
|-crit|p2a: AVOCADO
|-damage|p2a: AVOCADO|6/100
|
|upkeep
|turn|9
|inactive|Tace has 270 seconds left.
|
|t:|1757791389
|switch|p1a: Great Tusk|Great Tusk|93/100
|switch|p2a: SHOOT(Firecracker)|Ceruledge, F|100/100
|
|upkeep
|turn|10
|
|t:|1757791407
|switch|p2a: SHADOW PUPPETS|Zamazenta|100/100
|-ability|p2a: SHADOW PUPPETS|Dauntless Shield|boost
|-boost|p2a: SHADOW PUPPETS|def|1
|move|p1a: Great Tusk|Ice Spinner|p2a: SHADOW PUPPETS
|-damage|p2a: SHADOW PUPPETS|85/100
|
|-heal|p2a: SHADOW PUPPETS|92/100|[from] item: Leftovers
|upkeep
|turn|11
|
|t:|1757791413
|move|p2a: SHADOW PUPPETS|Body Press|p1a: Great Tusk
|-damage|p1a: Great Tusk|53/100
|move|p1a: Great Tusk|Headlong Rush|p2a: SHADOW PUPPETS
|-damage|p2a: SHADOW PUPPETS|60/100
|-unboost|p1a: Great Tusk|def|1
|-unboost|p1a: Great Tusk|spd|1
|
|-heal|p2a: SHADOW PUPPETS|66/100|[from] item: Leftovers
|upkeep
|turn|12
|inactive|Tace has 270 seconds left.
|
|t:|1757791436
|-end|p1a: Great Tusk|Protosynthesis|[silent]
|switch|p1a: Iron Valiant|Iron Valiant|100/100
|-enditem|p1a: Iron Valiant|Booster Energy
|-activate|p1a: Iron Valiant|ability: Quark Drive|[fromitem]
|-start|p1a: Iron Valiant|quarkdrivespe
|move|p2a: SHADOW PUPPETS|Body Press|p1a: Iron Valiant
|-resisted|p1a: Iron Valiant
|-damage|p1a: Iron Valiant|65/100
|
|-heal|p2a: SHADOW PUPPETS|72/100|[from] item: Leftovers
|upkeep
|turn|13
|
|t:|1757791445
|switch|p2a: RIBBONS|Hatterene, F|100/100
|move|p1a: Iron Valiant|Moonblast|p2a: RIBBONS
|-damage|p2a: RIBBONS|70/100
|
|upkeep
|turn|14
|
|t:|1757791452
|-end|p1a: Iron Valiant|Quark Drive|[silent]
|switch|p1a: Cinderace|Cinderace, F|51/100
|move|p2a: RIBBONS|Nuzzle|p1a: Cinderace
|-damage|p1a: Cinderace|44/100
|-status|p1a: Cinderace|par
|
|upkeep
|turn|15
|
|t:|1757791461
|switch|p2a: SHOOT(Firecracker)|Ceruledge, F|100/100
|move|p1a: Cinderace|Pyro Ball|p2a: SHOOT(Firecracker)
|-resisted|p2a: SHOOT(Firecracker)
|-damage|p2a: SHOOT(Firecracker)|65/100
|-ability|p2a: SHOOT(Firecracker)|Weak Armor|boost
|-unboost|p2a: SHOOT(Firecracker)|def|1
|-boost|p2a: SHOOT(Firecracker)|spe|2
|
|upkeep
|turn|16
|
|t:|1757791476
|move|p2a: SHOOT(Firecracker)|Shadow Sneak|p1a: Cinderace
|-damage|p1a: Cinderace|1/100 par
|-damage|p2a: SHOOT(Firecracker)|56/100|[from] item: Life Orb
|cant|p1a: Cinderace|par
|
|upkeep
|turn|17
|
|t:|1757791480
|move|p2a: SHOOT(Firecracker)|Shadow Sneak|p1a: Cinderace
|-damage|p1a: Cinderace|0 fnt
|faint|p1a: Cinderace
|-damage|p2a: SHOOT(Firecracker)|46/100|[from] item: Life Orb
|
|upkeep
|
|t:|1757791501
|switch|p1a: Great Tusk|Great Tusk|53/100
|turn|18
|
|t:|1757791518
|move|p2a: SHOOT(Firecracker)|Poltergeist|p1a: Great Tusk
|-activate|p1a: Great Tusk|move: Poltergeist|Heavy-Duty Boots
|-damage|p1a: Great Tusk|0 fnt
|faint|p1a: Great Tusk
|-end|p1a: Great Tusk|Protosynthesis|[silent]
|-damage|p2a: SHOOT(Firecracker)|36/100|[from] item: Life Orb
|
|upkeep
|
|t:|1757791525
|switch|p1a: Dragonite|Dragonite, M|100/100
|turn|19
|
|t:|1757791539
|switch|p2a: AVOCADO|Landorus-Therian, M|6/100
|-ability|p2a: AVOCADO|Intimidate|boost
|-unboost|p1a: Dragonite|atk|1
|move|p1a: Dragonite|Earthquake|p2a: AVOCADO
|-immune|p2a: AVOCADO
|
|upkeep
|turn|20
|
|t:|1757791547
|move|p2a: AVOCADO|U-turn|p1a: Dragonite
|-resisted|p1a: Dragonite
|-damage|p1a: Dragonite|95/100
|
|t:|1757791548
|switch|p2a: DOWNPOUR|Kyurem|100/100|[from] U-turn
|-ability|p2a: DOWNPOUR|Pressure
|move|p1a: Dragonite|Dragon Dance|p1a: Dragonite
|-boost|p1a: Dragonite|atk|1
|-boost|p1a: Dragonite|spe|1
|
|upkeep
|turn|21
|
|t:|1757791551
|switch|p1a: Iron Valiant|Iron Valiant|65/100
|move|p2a: DOWNPOUR|Icicle Spear|p1a: Iron Valiant
|-damage|p1a: Iron Valiant|50/100
|-damage|p1a: Iron Valiant|33/100
|-damage|p1a: Iron Valiant|17/100
|-damage|p1a: Iron Valiant|3/100
|-hitcount|p1a: Iron Valiant|4
|
|upkeep
|turn|22
|
|t:|1757791560
|switch|p2a: RIBBONS|Hatterene, F|70/100
|move|p1a: Iron Valiant|Moonblast|p2a: RIBBONS
|-damage|p2a: RIBBONS|38/100
|
|upkeep
|turn|23
|
|t:|1757791564
|move|p1a: Iron Valiant|Moonblast|p2a: RIBBONS
|-damage|p2a: RIBBONS|6/100
|move|p2a: RIBBONS|Draining Kiss|p1a: Iron Valiant
|-supereffective|p1a: Iron Valiant
|-damage|p1a: Iron Valiant|0 fnt
|-heal|p2a: RIBBONS|8/100|[from] drain|[of] p1a: Iron Valiant
|faint|p1a: Iron Valiant
|-end|p1a: Iron Valiant|Quark Drive|[silent]
|
|upkeep
|
|t:|1757791572
|switch|p1a: Dragonite|Dragonite, M|95/100
|turn|24
|
|t:|1757791574
|move|p1a: Dragonite|Dragon Dance|p1a: Dragonite
|-boost|p1a: Dragonite|atk|1
|-boost|p1a: Dragonite|spe|1
|move|p2a: RIBBONS|Nuzzle|p1a: Dragonite
|-damage|p1a: Dragonite|91/100
|-status|p1a: Dragonite|par
|-enditem|p1a: Dragonite|Lum Berry|[eat]
|-curestatus|p1a: Dragonite|par|[msg]
|
|upkeep
|turn|25
|
|t:|1757791577
|move|p1a: Dragonite|Earthquake|p2a: RIBBONS
|-damage|p2a: RIBBONS|0 fnt
|faint|p2a: RIBBONS
|
|upkeep
|
|t:|1757791579
|switch|p2a: DOWNPOUR|Kyurem|100/100
|-ability|p2a: DOWNPOUR|Pressure
|turn|26
|c|+TR34SUR3|g1 ?
|c|☆Tace|2
|inactive|Light DN has 270 seconds left.
|
|t:|1757791628
|switch|p1a: Kyurem|Kyurem|57/100 par
|-ability|p1a: Kyurem|Pressure
|move|p2a: DOWNPOUR|Icicle Spear|p1a: Kyurem
|-damage|p1a: Kyurem|46/100 par
|-damage|p1a: Kyurem|35/100 par
|-damage|p1a: Kyurem|24/100 par
|-damage|p1a: Kyurem|14/100 par
|-hitcount|p1a: Kyurem|4
|
|upkeep
|turn|27
|
|t:|1757791633
|move|p2a: DOWNPOUR|Icicle Spear|p1a: Kyurem
|-damage|p1a: Kyurem|3/100 par
|-damage|p1a: Kyurem|0 fnt
|faint|p1a: Kyurem
|-hitcount|p1: Kyurem|2
|
|upkeep
|
|t:|1757791635
|switch|p1a: Kingambit|Kingambit, M|100/100
|-activate|p1a: Kingambit|ability: Supreme Overlord
|-start|p1a: Kingambit|fallen4|[silent]
|-item|p1a: Kingambit|Air Balloon
|turn|28
|
|t:|1757791640
|switch|p2a: SHADOW PUPPETS|Zamazenta|72/100
|move|p1a: Kingambit|Swords Dance|p1a: Kingambit
|-boost|p1a: Kingambit|atk|2
|
|-heal|p2a: SHADOW PUPPETS|78/100|[from] item: Leftovers
|upkeep
|turn|29
|
|t:|1757791646
|-terastallize|p1a: Kingambit|Bug
|move|p2a: SHADOW PUPPETS|Iron Defense|p2a: SHADOW PUPPETS
|-boost|p2a: SHADOW PUPPETS|def|2
|move|p1a: Kingambit|Iron Head|p2a: SHADOW PUPPETS
|-damage|p2a: SHADOW PUPPETS|32/100
|
|-heal|p2a: SHADOW PUPPETS|39/100|[from] item: Leftovers
|upkeep
|turn|30
|
|t:|1757791654
|move|p2a: SHADOW PUPPETS|Body Press|p1a: Kingambit
|-resisted|p1a: Kingambit
|-damage|p1a: Kingambit|73/100
|-enditem|p1a: Kingambit|Air Balloon
|move|p1a: Kingambit|Iron Head|p2a: SHADOW PUPPETS
|-damage|p2a: SHADOW PUPPETS|0 fnt
|faint|p2a: SHADOW PUPPETS
|
|upkeep
|
|t:|1757791656
|switch|p2a: BAND-AID|Kingambit, F|100/100
|-activate|p2a: BAND-AID|ability: Supreme Overlord
|-start|p2a: BAND-AID|fallen2|[silent]
|turn|31
|
|t:|1757791666
|move|p1a: Kingambit|Iron Head|p2a: BAND-AID
|-resisted|p2a: BAND-AID
|-damage|p2a: BAND-AID|53/100
|cant|p2a: BAND-AID|flinch
|
|-heal|p2a: BAND-AID|60/100|[from] item: Leftovers
|upkeep
|turn|32
|
|t:|1757791671
|move|p1a: Kingambit|Iron Head|p2a: BAND-AID
|-resisted|p2a: BAND-AID
|-damage|p2a: BAND-AID|16/100
|move|p2a: BAND-AID|Kowtow Cleave|p1a: Kingambit
|-damage|p1a: Kingambit|33/100
|
|-heal|p2a: BAND-AID|22/100|[from] item: Leftovers
|upkeep
|turn|33
|
|t:|1757791684
|move|p1a: Kingambit|Sucker Punch|p2a: BAND-AID
|-resisted|p2a: BAND-AID
|-damage|p2a: BAND-AID|0 fnt
|faint|p2a: BAND-AID
|-end|p2a: BAND-AID|fallen2|[silent]
|
|upkeep
|
|t:|1757791686
|switch|p2a: AVOCADO|Landorus-Therian, M|6/100
|-ability|p2a: AVOCADO|Intimidate|boost
|-unboost|p1a: Kingambit|atk|1
|turn|34
|
|t:|1757791690
|move|p2a: AVOCADO|Stealth Rock|p1a: Kingambit
|-sidestart|p1: Light DN|move: Stealth Rock
|move|p1a: Kingambit|Swords Dance|p1a: Kingambit
|-boost|p1a: Kingambit|atk|2
|
|upkeep
|turn|35
|
|t:|1757791695
|move|p1a: Kingambit|Sucker Punch||[still]
|-fail|p1a: Kingambit
|move|p2a: AVOCADO|Taunt|p1a: Kingambit
|-start|p1a: Kingambit|move: Taunt
|
|upkeep
|turn|36
|
|t:|1757791698
|move|p1a: Kingambit|Sucker Punch|p2a: AVOCADO
|-damage|p2a: AVOCADO|0 fnt
|-damage|p1a: Kingambit|16/100|[from] item: Rocky Helmet|[of] p2a: AVOCADO
|faint|p2a: AVOCADO
|
|upkeep
|
|t:|1757791700
|switch|p2a: SHOOT(Firecracker)|Ceruledge, F|36/100
|turn|37
|
|t:|1757791706
|move|p2a: SHOOT(Firecracker)|Shadow Sneak|p1a: Kingambit
|-damage|p1a: Kingambit|0 fnt
|faint|p1a: Kingambit
|-end|p1a: Kingambit|fallen4|[silent]
|-damage|p2a: SHOOT(Firecracker)|26/100|[from] item: Life Orb
|
|upkeep
|
|t:|1757791708
|switch|p1a: Dragonite|Dragonite, M|91/100
|-damage|p1a: Dragonite|66/100|[from] Stealth Rock
|turn|38
|
|t:|1757791710
|switch|p2a: DOWNPOUR|Kyurem|100/100
|-ability|p2a: DOWNPOUR|Pressure
|move|p1a: Dragonite|Dragon Dance|p1a: Dragonite
|-boost|p1a: Dragonite|atk|1
|-boost|p1a: Dragonite|spe|1
|
|upkeep
|turn|39
|
|t:|1757791712
|move|p1a: Dragonite|Earthquake|p2a: DOWNPOUR
|-crit|p2a: DOWNPOUR
|-damage|p2a: DOWNPOUR|11/100
|move|p2a: DOWNPOUR|Icicle Spear|p1a: Dragonite
|-supereffective|p1a: Dragonite
|-damage|p1a: Dragonite|7/100
|-supereffective|p1a: Dragonite
|-crit|p1a: Dragonite
|-damage|p1a: Dragonite|0 fnt
|faint|p1a: Dragonite
|-hitcount|p1: Dragonite|2
|
|win|Tace
