|j|☆pastagirl !!
|j|☆Free P&lestine
|t:|1757929116
|gametype|singles
|player|p1|pastagirl !!|elesa|1682
|player|p2|Free P&lestine|unknown|1638
|gen|9
|tier|[Gen 9] OU
|rated|
|rule|HP Percentage Mod: HP is shown in percentages
|rule|Endless Battle Clause: Forcing endless battles is banned
|rule|Species Clause: Limit one of each Pokémon
|rule|OHKO Clause: OHKO moves are banned
|rule|Evasion Items Clause: Evasion items are banned
|rule|Evasion Moves Clause: Evasion moves are banned
|rule|Evasion Abilities Clause: Evasion abilities are banned
|rule|Sleep Moves Clause: Sleep-inducing moves are banned
|clearpoke
|poke|p1|Cresselia, F|
|poke|p1|Hatterene, F|
|poke|p1|Porygon2|
|poke|p1|Ursaluna, M|
|poke|p1|Iron Hands|
|poke|p1|Enamorus-Therian, F|
|poke|p2|Iron Valiant|
|poke|p2|Great Tusk|
|poke|p2|Dragonite, F|
|poke|p2|Deoxys-Speed|
|poke|p2|Glimmora, M|
|poke|p2|Kingambit, M|
|teampreview
|j| hiahihiha
|j| cryyysneasel
|j| BandedAI
|j| CloudyEJ
|j| qwerm
|j| Resiste et Mords
|c| qwerm|lets see it
|j| wgw2333
|l| hiahihiha
|c| BandedAI|one raising canes sauce
|c| BandedAI|im betting on pasta
|c|☆pastagirl !!|torkoal is bad here anyway probably.
|
|t:|1757929167
|teamsize|p1|6
|teamsize|p2|6
|start
|switch|p1a: ERASERHEAD|Porygon2|100/100
|switch|p2a: Deoxys|Deoxys-Speed|100/100
|-ability|p2a: Deoxys|Pressure
|-ability|p1a: ERASERHEAD|Download|boost
|-boost|p1a: ERASERHEAD|spa|1
|turn|1
|j| Rizzofreko
|
|t:|1757929177
|move|p2a: Deoxys|Taunt|p1a: ERASERHEAD
|-start|p1a: ERASERHEAD|move: Taunt
|cant|p1a: ERASERHEAD|move: Taunt|Trick Room
|
|upkeep
|turn|2
|
|t:|1757929180
|move|p2a: Deoxys|Light Screen|p2a: Deoxys
|-sidestart|p2: Free P&lestine|move: Light Screen
|move|p1a: ERASERHEAD|Tera Blast|p2a: Deoxys
|-damage|p2a: Deoxys|66/100
|
|upkeep
|turn|3
|inactive|Battle timer is ON: inactive players will automatically lose when time's up. (requested by Free P&lestine)
|
|t:|1757929182
|move|p2a: Deoxys|Reflect|p2a: Deoxys
|-sidestart|p2: Free P&lestine|Reflect
|move|p1a: ERASERHEAD|Tera Blast|p2a: Deoxys
|-damage|p2a: Deoxys|28/100
|
|-end|p1a: ERASERHEAD|move: Taunt
|upkeep
|turn|4
|
|t:|1757929188
|switch|p1a: BLUE VELVET|Hatterene, F|100/100
|move|p2a: Deoxys|Taunt|p1a: BLUE VELVET
|move|p1a: BLUE VELVET|Taunt|p2a: Deoxys|[from] ability: Magic Bounce
|-start|p2a: Deoxys|move: Taunt
|
|upkeep
|turn|5
|
|t:|1757929192
|switch|p2a: Glimmora|Glimmora, M|100/100
|move|p1a: BLUE VELVET|Trick Room|p1a: BLUE VELVET
|-fieldstart|move: Trick Room|[of] p1a: BLUE VELVET
|
|upkeep
|turn|6
|inactive|pastagirl !! has 120 seconds left.
|inactive|Free P&lestine has 120 seconds left.
|l| Rizzofreko
|
|t:|1757929244
|move|p1a: BLUE VELVET|Psychic Noise|p2a: Glimmora
|-supereffective|p2a: Glimmora
|-damage|p2a: Glimmora|54/100
|-start|p2a: Glimmora|move: Heal Block
|move|p2a: Glimmora|Meteor Beam||[still]
|-prepare|p2a: Glimmora|Meteor Beam
|-boost|p2a: Glimmora|spa|1
|-enditem|p2a: Glimmora|Power Herb
|-anim|p2a: Glimmora|Meteor Beam|p1a: BLUE VELVET
|-enditem|p1a: BLUE VELVET|Focus Sash
|-damage|p1a: BLUE VELVET|1/100
|
|upkeep
|turn|7
|inactive|Free P&lestine has 120 seconds left.
|
|t:|1757929261
|move|p1a: BLUE VELVET|Healing Wish|p1a: BLUE VELVET
|faint|p1a: BLUE VELVET
|move|p2a: Glimmora|Earth Power|p1: BLUE VELVET|[notarget]
|-fail|p2a: Glimmora
|
|-end|p2a: Glimmora|move: Heal Block
|upkeep
|
|t:|1757929267
|switch|p1a: INLAND EMPIRE|Enamorus-Therian, F|100/100
|turn|8
|
|t:|1757929272
|move|p1a: INLAND EMPIRE|Earth Power|p2a: Glimmora
|-supereffective|p2a: Glimmora
|-damage|p2a: Glimmora|0 fnt
|faint|p2a: Glimmora
|-damage|p1a: INLAND EMPIRE|91/100|[from] item: Life Orb
|
|upkeep
|c| qwerm|lorb hm
|inactive|Free P&lestine has 120 seconds left.
|inactive|Free P&lestine has 90 seconds left.
|
|t:|1757929332
|switch|p2a: Kingambit|Kingambit, M|100/100
|-activate|p2a: Kingambit|ability: Supreme Overlord
|-start|p2a: Kingambit|fallen1|[silent]
|turn|9
|j| Rizzofreko
|inactive|pastagirl !! has 120 seconds left.
|
|t:|1757929346
|move|p1a: INLAND EMPIRE|Earth Power|p2a: Kingambit
|-supereffective|p2a: Kingambit
|-damage|p2a: Kingambit|55/100
|-damage|p1a: INLAND EMPIRE|81/100|[from] item: Life Orb
|move|p2a: Kingambit|Swords Dance|p2a: Kingambit
|-boost|p2a: Kingambit|atk|2
|
|-sideend|p2: Free P&lestine|move: Light Screen
|-fieldend|move: Trick Room
|upkeep
|turn|10
|inactive|pastagirl !! has 120 seconds left.
|
|t:|1757929359
|switch|p1a: THE ELEPHANT MAN|Iron Hands|100/100
|move|p2a: Kingambit|Iron Head|p1a: THE ELEPHANT MAN
|-resisted|p1a: THE ELEPHANT MAN
|-damage|p1a: THE ELEPHANT MAN|68/100
|
|-sideend|p2: Free P&lestine|Reflect
|upkeep
|turn|11
|inactive|pastagirl !! has 120 seconds left.
|
|t:|1757929376
|move|p2a: Kingambit|Low Kick|p1a: THE ELEPHANT MAN
|-damage|p1a: THE ELEPHANT MAN|0 fnt
|faint|p1a: THE ELEPHANT MAN
|-end|p1a: THE ELEPHANT MAN|Quark Drive|[silent]
|
|upkeep
|j| blabala
|inactive|pastagirl !! has 90 seconds left.
|c| BandedAI|im losing my raising canes sauce
|j| RedemptiveSketch
|inactive|pastagirl !! has 60 seconds left.
|inactive|pastagirl !! has 30 seconds left.
|
|t:|1757929472
|switch|p1a: ERASERHEAD|Porygon2|100/100
|-ability|p1a: ERASERHEAD|Download|boost
|-boost|p1a: ERASERHEAD|spa|1
|turn|12
|inactive|pastagirl !! has 30 seconds left.
|
|t:|1757929482
|-terastallize|p2a: Kingambit|Fighting
|move|p2a: Kingambit|Low Kick|p1a: ERASERHEAD
|-supereffective|p1a: ERASERHEAD
|-damage|p1a: ERASERHEAD|0 fnt
|faint|p1a: ERASERHEAD
|
|upkeep
|inactive|pastagirl !! has 30 seconds left.
|c|☆pastagirl !!|alright
|-message|pastagirl !! forfeited.
|
|win|Free P&lestine
|raw|pastagirl !!'s rating: 1682 &rarr; <strong>1659</strong><br />(-23 for losing)
|raw|Free P&amp;lestine's rating: 1638 &rarr; <strong>1661</strong><br />(+23 for winning)
|c| qwerm|ya had tera
|l|☆Free P&lestine
|player|p2|
|l|☆pastagirl !!
|player|p1|
|l| Resiste et Mords
|l| qwerm
|l| Rizzofreko
|c| BandedAI|yes tera ground p2
|c| BandedAI|is saving this game
|c| BandedAI|frfr
|l| RedemptiveSketch
|l| BandedAI
|l| CloudyEJ
