|inactive|Battle timer is ON: inactive players will automatically lose when time's up.
|t:|1757858686
|gametype|singles
|player|p1|stareal|#scl5foxes|
|player|p2|TDNT|#ptplvjirachis|
|gen|9
|tier|[Gen 9] OU
|rule|HP Percentage Mod: HP is shown in percentages
|rule|Endless Battle Clause: Forcing endless battles is banned
|rule|Species Clause: Limit one of each Pokémon
|rule|OHKO Clause: OHKO moves are banned
|rule|Evasion Items Clause: Evasion items are banned
|rule|Evasion Moves Clause: Evasion moves are banned
|rule|Evasion Abilities Clause: Evasion abilities are banned
|rule|Sleep Moves Clause: Sleep-inducing moves are banned
|clearpoke
|poke|p1|Scizor, F|
|poke|p1|Zamazenta-*|
|poke|p1|Heatran, M|
|poke|p1|Weavile, M|
|poke|p1|Dragonite, M|
|poke|p1|Great Tusk|
|poke|p2|Iron Crown|
|poke|p2|Meowscarada, F|
|poke|p2|Dragonite, M|
|poke|p2|Samurott-Hisui, M|
|poke|p2|Pecharunt|
|poke|p2|Great Tusk|
|teampreview
|c|☆stareal|hf
|c|☆TDNT|u2
|inactive|stareal has 270 seconds left.
|inactive|TDNT has 270 seconds left.
|inactive|stareal has 240 seconds left.
|inactive|TDNT has 240 seconds left.
|inactive|stareal has 210 seconds left.
|inactive|TDNT has 210 seconds left.
|
|t:|1757858805
|teamsize|p1|6
|teamsize|p2|6
|start
|switch|p1a: Dragonite|Dragonite, M|100/100
|switch|p2a: Samurott|Samurott-Hisui, M|100/100
|turn|1
|inactive|TDNT has 270 seconds left.
|inactive|stareal has 240 seconds left.
|
|t:|1757858833
|move|p1a: Dragonite|Earthquake|p2a: Samurott
|-damage|p2a: Samurott|71/100
|move|p2a: Samurott|Knock Off|p1a: Dragonite
|-damage|p1a: Dragonite|83/100
|-enditem|p1a: Dragonite|Heavy-Duty Boots|[from] move: Knock Off|[of] p2a: Samurott
|
|upkeep
|turn|2
|c|+Envy|scl?
|c|+Dugtrio Is Broken|Y
|inactive|stareal has 210 seconds left.
|inactive|TDNT has 240 seconds left.
|
|t:|1757858871
|switch|p2a: Pecharunt|Pecharunt|100/100
|move|p1a: Dragonite|Earthquake|p2a: Pecharunt
|-supereffective|p2a: Pecharunt
|-damage|p2a: Pecharunt|75/100
|
|upkeep
|turn|3
|inactive|stareal has 210 seconds left.
|inactive|TDNT has 240 seconds left.
|
|t:|1757858881
|move|p1a: Dragonite|Roost|p1a: Dragonite
|-heal|p1a: Dragonite|100/100
|-singleturn|p1a: Dragonite|move: Roost
|move|p2a: Pecharunt|Parting Shot|p1a: Dragonite
|-unboost|p1a: Dragonite|atk|1
|-unboost|p1a: Dragonite|spa|1
|inactive|TDNT has 240 seconds left.
|
|t:|1757858898
|switch|p2a: Iron Crown|Iron Crown|100/100|[from] Parting Shot
|
|upkeep
|turn|4
|c|+BUNDY|nah olt 
|c|☆TDNT|SCL
|inactive|stareal has 210 seconds left.
|c|+BUNDY|ohh
|c|☆TDNT|We're playing SCL into OLT into SS Invitational
|c|+BUNDY|wtf
|c|+Envy|most important one last
|inactive|stareal has 180 seconds left.
|
|t:|1757858949
|move|p2a: Iron Crown|Volt Switch|p1a: Dragonite
|-damage|p1a: Dragonite|86/100
|inactive|TDNT has 240 seconds left.
|
|t:|1757858962
|-end|p2a: Iron Crown|Quark Drive|[silent]
|switch|p2a: Great Tusk|Great Tusk|100/100|[from] Volt Switch
|move|p1a: Dragonite|Earthquake|p2a: Great Tusk
|-damage|p2a: Great Tusk|86/100
|
|upkeep
|turn|5
|inactive|TDNT has 240 seconds left.
|inactive|stareal has 180 seconds left.
|inactive|stareal has 150 seconds left.
|inactive|TDNT has 210 seconds left.
|
|t:|1757859017
|move|p2a: Great Tusk|Stealth Rock|p1a: Dragonite
|-sidestart|p1: stareal|move: Stealth Rock
|move|p1a: Dragonite|Hurricane|p2a: Great Tusk
|-supereffective|p2a: Great Tusk
|-damage|p2a: Great Tusk|21/100
|-start|p2a: Great Tusk|confusion
|
|upkeep
|turn|6
|
|t:|1757859031
|-end|p2a: Great Tusk|Protosynthesis|[silent]
|switch|p2a: Iron Crown|Iron Crown|100/100
|switch|p1a: Weavile|Weavile, M|100/100
|-ability|p1a: Weavile|Pressure
|
|upkeep
|turn|7
|inactive|TDNT has 210 seconds left.
|inactive|stareal has 120 seconds left.
|inactive|TDNT has 180 seconds left.
|
|t:|1757859070
|-end|p2a: Iron Crown|Quark Drive|[silent]
|switch|p2a: Samurott|Samurott-Hisui, M|71/100
|move|p1a: Weavile|Knock Off|p2a: Samurott
|-resisted|p2a: Samurott
|-damage|p2a: Samurott|44/100
|-enditem|p2a: Samurott|Assault Vest|[from] move: Knock Off|[of] p1a: Weavile
|
|upkeep
|turn|8
|
|t:|1757859086
|move|p1a: Weavile|Low Kick|p2a: Samurott
|-supereffective|p2a: Samurott
|-damage|p2a: Samurott|0 fnt
|faint|p2a: Samurott
|
|upkeep
|
|t:|1757859090
|switch|p2a: Meowscarada|Meowscarada, F|100/100
|turn|9
|
|t:|1757859101
|switch|p1a: Scizor|Scizor, F|100/100
|-damage|p1a: Scizor|88/100|[from] Stealth Rock
|move|p2a: Meowscarada|U-turn|p1a: Scizor
|-start|p2a: Meowscarada|typechange|Bug|[from] ability: Protean
|-resisted|p1a: Scizor
|-damage|p1a: Scizor|72/100
|inactive|TDNT has 180 seconds left.
|inactive|TDNT has 150 seconds left.
|
|t:|1757859156
|switch|p2a: Iron Crown|Iron Crown|100/100|[from] U-turn
|
|upkeep
|turn|10
|inactive|stareal has 120 seconds left.
|inactive|TDNT has 150 seconds left.
|
|t:|1757859174
|move|p2a: Iron Crown|Focus Blast|p1a: Scizor|[miss]
|-miss|p2a: Iron Crown|p1a: Scizor
|move|p1a: Scizor|Defog|p2a: Iron Crown
|-unboost|p2a: Iron Crown|evasion|1
|-sideend|p1: stareal|Stealth Rock|[from] move: Defog|[of] p1a: Scizor
|
|upkeep
|turn|11
|
|t:|1757859181
|move|p2a: Iron Crown|Focus Blast|p1a: Scizor|[miss]
|-miss|p2a: Iron Crown|p1a: Scizor
|move|p1a: Scizor|U-turn|p2a: Iron Crown
|-damage|p2a: Iron Crown|63/100
|
|t:|1757859184
|switch|p1a: Weavile|Weavile, M|100/100|[from] U-turn
|-ability|p1a: Weavile|Pressure
|
|upkeep
|turn|12
|
|t:|1757859191
|-terastallize|p2a: Iron Crown|Steel
|move|p1a: Weavile|Knock Off|p2a: Iron Crown
|-damage|p2a: Iron Crown|15/100
|-enditem|p2a: Iron Crown|Choice Specs|[from] move: Knock Off|[of] p1a: Weavile
|move|p2a: Iron Crown|Focus Blast|p1a: Weavile|[miss]
|-miss|p2a: Iron Crown|p1a: Weavile
|
|upkeep
|turn|13
|c|☆stareal|mb
|
|t:|1757859205
|-end|p2a: Iron Crown|Quark Drive|[silent]
|switch|p2a: Great Tusk|Great Tusk|21/100
|move|p1a: Weavile|Knock Off|p2a: Great Tusk
|-resisted|p2a: Great Tusk
|-damage|p2a: Great Tusk|6/100
|-damage|p1a: Weavile|84/100|[from] item: Rocky Helmet|[of] p2a: Great Tusk
|-enditem|p2a: Great Tusk|Rocky Helmet|[from] move: Knock Off|[of] p1a: Weavile
|
|upkeep
|turn|14
|
|t:|1757859212
|move|p1a: Weavile|Knock Off|p2a: Great Tusk
|-resisted|p2a: Great Tusk
|-damage|p2a: Great Tusk|0 fnt
|faint|p2a: Great Tusk
|-end|p2a: Great Tusk|Protosynthesis|[silent]
|
|upkeep
|
|t:|1757859215
|switch|p2a: Meowscarada|Meowscarada, F|100/100
|turn|15
|
|t:|1757859224
|switch|p1a: Dragonite|Dragonite, M|86/100
|move|p2a: Meowscarada|Knock Off|p1a: Dragonite
|-start|p2a: Meowscarada|typechange|Dark|[from] ability: Protean
|-damage|p1a: Dragonite|60/100
|
|upkeep
|turn|16
|
|t:|1757859229
|switch|p2a: Pecharunt|Pecharunt|75/100
|move|p1a: Dragonite|Roost|p1a: Dragonite
|-heal|p1a: Dragonite|100/100
|-singleturn|p1a: Dragonite|move: Roost
|
|upkeep
|turn|17
|
|t:|1757859235
|switch|p1a: Heatran|Heatran, M|100/100
|move|p2a: Pecharunt|Recover|p2a: Pecharunt
|-heal|p2a: Pecharunt|100/100
|
|upkeep
|turn|18
|
|t:|1757859242
|switch|p2a: Dragonite|Dragonite, M|100/100
|move|p1a: Heatran|Will-O-Wisp|p2a: Dragonite
|-status|p2a: Dragonite|brn
|
|-damage|p2a: Dragonite|94/100 brn|[from] brn
|upkeep
|turn|19
|c|☆TDNT|gg
|-message|TDNT forfeited.
|
|win|stareal
|c|☆stareal|gg
|player|p2|
