|j|☆mikeim520
|j|☆Prav33n
|t:|1757810971
|gametype|singles
|player|p1|mikeim520|red|1769
|player|p2|Prav33n|koga|1789
|gen|9
|tier|[Gen 9] OU
|rated|
|rule|HP Percentage Mod: HP is shown in percentages
|rule|Endless Battle Clause: Forcing endless battles is banned
|rule|Species Clause: Limit one of each Pokémon
|rule|OHKO Clause: OHKO moves are banned
|rule|Evasion Items Clause: Evasion items are banned
|rule|Evasion Moves Clause: Evasion moves are banned
|rule|Evasion Abilities Clause: Evasion abilities are banned
|rule|Sleep Moves Clause: Sleep-inducing moves are banned
|clearpoke
|poke|p1|Latios, M|
|poke|p1|Toxapex, F|
|poke|p1|Darkrai|
|poke|p1|Corviknight, F|
|poke|p1|Iron Treads|
|poke|p1|Gliscor, F|
|poke|p2|Deoxys-Speed|
|poke|p2|Kyurem|
|poke|p2|Gholdengo|
|poke|p2|Great Tusk|
|poke|p2|Primarina, M|
|poke|p2|Dragonite, M|
|teampreview
|inactive|Battle timer is ON: inactive players will automatically lose when time's up. (requested by Prav33n)
|j| FaronAan
|inactive|mikeim520 has 120 seconds left.
|
|t:|1757811016
|teamsize|p1|6
|teamsize|p2|6
|start
|switch|p1a: Darkrai|Darkrai|100/100
|switch|p2a: Primarina|Primarina, M|100/100
|turn|1
|j| Jey2
|
|t:|1757811029
|switch|p1a: Toxapex|Toxapex, F|100/100
|move|p2a: Primarina|Moonblast|p1a: Toxapex
|-resisted|p1a: Toxapex
|-damage|p1a: Toxapex|83/100
|-unboost|p1a: Toxapex|spa|1
|
|-heal|p1a: Toxapex|89/100|[from] item: Leftovers
|upkeep
|turn|2
|
|t:|1757811032
|move|p2a: Primarina|Flip Turn|p1a: Toxapex
|-resisted|p1a: Toxapex
|-damage|p1a: Toxapex|84/100
|
|t:|1757811036
|switch|p2a: Gholdengo|Gholdengo|100/100|[from] Flip Turn
|move|p1a: Toxapex|Toxic|p2a: Gholdengo
|-immune|p2a: Gholdengo|[from] ability: Good as Gold
|
|-heal|p1a: Toxapex|90/100|[from] item: Leftovers
|upkeep
|turn|3
|
|t:|1757811044
|switch|p2a: Great Tusk|Great Tusk|100/100
|switch|p1a: Iron Treads|Iron Treads|100/100
|
|upkeep
|turn|4
|
|t:|1757811047
|-end|p1a: Iron Treads|Quark Drive|[silent]
|switch|p1a: Corviknight|Corviknight, F|100/100
|-ability|p1a: Corviknight|Pressure
|move|p2a: Great Tusk|Stealth Rock|p1a: Corviknight
|-sidestart|p1: mikeim520|move: Stealth Rock
|
|upkeep
|turn|5
|
|t:|1757811049
|-end|p2a: Great Tusk|Protosynthesis|[silent]
|switch|p2a: Gholdengo|Gholdengo|100/100
|move|p1a: Corviknight|U-turn|p2a: Gholdengo
|-resisted|p2a: Gholdengo
|-damage|p2a: Gholdengo|96/100
|
|t:|1757811052
|switch|p1a: Darkrai|Darkrai|100/100|[from] U-turn
|-damage|p1a: Darkrai|88/100|[from] Stealth Rock
|
|upkeep
|turn|6
|
|t:|1757811055
|move|p2a: Gholdengo|Focus Blast|p1a: Darkrai|[miss]
|-miss|p2a: Gholdengo|p1a: Darkrai
|move|p1a: Darkrai|Sludge Bomb|p2a: Gholdengo
|-immune|p2a: Gholdengo
|
|upkeep
|turn|7
|
|t:|1757811061
|switch|p1a: Latios|Latios, M|100/100
|-damage|p1a: Latios|88/100|[from] Stealth Rock
|move|p2a: Gholdengo|Focus Blast|p1a: Latios|[miss]
|-miss|p2a: Gholdengo|p1a: Latios
|
|-heal|p1a: Latios|94/100|[from] item: Leftovers
|upkeep
|turn|8
|
|t:|1757811065
|switch|p2a: Primarina|Primarina, M|100/100
|move|p1a: Latios|Substitute|p1a: Latios
|-start|p1a: Latios|Substitute
|-damage|p1a: Latios|69/100
|
|-heal|p1a: Latios|75/100|[from] item: Leftovers
|upkeep
|turn|9
|
|t:|1757811069
|move|p1a: Latios|Luster Purge|p2a: Primarina
|-damage|p2a: Primarina|68/100
|move|p2a: Primarina|Moonblast|p1a: Latios
|-supereffective|p1a: Latios
|-end|p1a: Latios|Substitute
|
|-heal|p1a: Latios|81/100|[from] item: Leftovers
|upkeep
|turn|10
|
|t:|1757811074
|-terastallize|p1a: Latios|Steel
|move|p1a: Latios|Luster Purge|p2a: Primarina
|-damage|p2a: Primarina|37/100
|move|p2a: Primarina|Flip Turn|p1a: Latios
|-damage|p1a: Latios|62/100
|j| aeiouaaa
|
|t:|1757811085
|switch|p2a: Deoxys|Deoxys-Speed|100/100|[from] Flip Turn
|-ability|p2a: Deoxys|Pressure
|
|-heal|p1a: Latios|68/100|[from] item: Leftovers
|upkeep
|turn|11
|l| aeiouaaa
|inactive|mikeim520 has 120 seconds left.
|
|t:|1757811132
|switch|p1a: Iron Treads|Iron Treads|100/100
|-damage|p1a: Iron Treads|98/100|[from] Stealth Rock
|move|p2a: Deoxys|Taunt|p1a: Iron Treads
|-start|p1a: Iron Treads|move: Taunt
|
|-heal|p1a: Iron Treads|100/100|[from] item: Leftovers
|upkeep
|turn|12
|
|t:|1757811154
|switch|p2a: Great Tusk|Great Tusk|100/100
|move|p1a: Iron Treads|Rapid Spin|p2a: Great Tusk
|-damage|p2a: Great Tusk|92/100
|-boost|p1a: Iron Treads|spe|1
|-damage|p1a: Iron Treads|84/100|[from] item: Rocky Helmet|[of] p2a: Great Tusk
|-sideend|p1: mikeim520|Stealth Rock|[from] move: Rapid Spin|[of] p1a: Iron Treads
|
|-heal|p1a: Iron Treads|90/100|[from] item: Leftovers
|upkeep
|turn|13
|
|t:|1757811158
|-end|p1a: Iron Treads|Quark Drive|[silent]
|switch|p1a: Latios|Latios, M, tera:Steel|68/100
|move|p2a: Great Tusk|Stealth Rock|p1a: Latios
|-sidestart|p1: mikeim520|move: Stealth Rock
|
|-heal|p1a: Latios|74/100|[from] item: Leftovers
|upkeep
|turn|14
|
|t:|1757811161
|-end|p2a: Great Tusk|Protosynthesis|[silent]
|switch|p2a: Deoxys|Deoxys-Speed|100/100
|-ability|p2a: Deoxys|Pressure
|move|p1a: Latios|Luster Purge|p2a: Deoxys
|-resisted|p2a: Deoxys
|-damage|p2a: Deoxys|67/100
|-enditem|p2a: Deoxys|Red Card|[of] p1a: Latios
|drag|p1a: Iron Treads|Iron Treads|90/100
|-damage|p1a: Iron Treads|87/100|[from] Stealth Rock
|
|-heal|p1a: Iron Treads|93/100|[from] item: Leftovers
|upkeep
|turn|15
|
|t:|1757811166
|move|p2a: Deoxys|Spikes|p1a: Iron Treads
|-sidestart|p1: mikeim520|Spikes
|move|p1a: Iron Treads|Knock Off|p2a: Deoxys
|-supereffective|p2a: Deoxys
|-damage|p2a: Deoxys|31/100
|
|-heal|p1a: Iron Treads|99/100|[from] item: Leftovers
|upkeep
|turn|16
|
|t:|1757811168
|switch|p2a: Gholdengo|Gholdengo|96/100
|move|p1a: Iron Treads|Rapid Spin|p2a: Gholdengo
|-immune|p2a: Gholdengo
|
|-heal|p1a: Iron Treads|100/100|[from] item: Leftovers
|upkeep
|turn|17
|
|t:|1757811171
|move|p2a: Gholdengo|Focus Blast|p1a: Iron Treads
|-supereffective|p1a: Iron Treads
|-damage|p1a: Iron Treads|37/100
|move|p1a: Iron Treads|Knock Off|p2a: Gholdengo
|-supereffective|p2a: Gholdengo
|-damage|p2a: Gholdengo|36/100
|-enditem|p2a: Gholdengo|Choice Scarf|[from] move: Knock Off|[of] p1a: Iron Treads
|
|-heal|p1a: Iron Treads|43/100|[from] item: Leftovers
|upkeep
|turn|18
|j| FIRE LORD AESON
|
|t:|1757811175
|move|p2a: Gholdengo|Focus Blast|p1a: Iron Treads
|-supereffective|p1a: Iron Treads
|-damage|p1a: Iron Treads|0 fnt
|faint|p1a: Iron Treads
|-end|p1a: Iron Treads|Quark Drive|[silent]
|
|upkeep
|
|t:|1757811177
|switch|p1a: Latios|Latios, M, tera:Steel|74/100
|-damage|p1a: Latios|68/100|[from] Stealth Rock
|turn|19
|
|t:|1757811182
|switch|p2a: Deoxys|Deoxys-Speed|31/100
|-ability|p2a: Deoxys|Pressure
|move|p1a: Latios|Shadow Ball|p2a: Deoxys
|-supereffective|p2a: Deoxys
|-damage|p2a: Deoxys|0 fnt
|faint|p2a: Deoxys
|
|-heal|p1a: Latios|74/100|[from] item: Leftovers
|upkeep
|
|t:|1757811189
|switch|p2a: Gholdengo|Gholdengo|36/100
|turn|20
|
|t:|1757811199
|move|p1a: Latios|Shadow Ball|p2a: Gholdengo
|-supereffective|p2a: Gholdengo
|-damage|p2a: Gholdengo|0 fnt
|faint|p2a: Gholdengo
|
|-heal|p1a: Latios|80/100|[from] item: Leftovers
|upkeep
|
|t:|1757811205
|switch|p2a: Primarina|Primarina, M|37/100
|turn|21
|
|t:|1757811209
|move|p1a: Latios|Substitute|p1a: Latios
|-start|p1a: Latios|Substitute
|-damage|p1a: Latios|55/100
|move|p2a: Primarina|Psychic Noise|p1a: Latios
|-damage|p1a: Latios|11/100
|-start|p1a: Latios|move: Heal Block
|
|upkeep
|turn|22
|
|t:|1757811214
|move|p1a: Latios|Luster Purge|p2a: Primarina
|-damage|p2a: Primarina|8/100
|move|p2a: Primarina|Psychic Noise|p1a: Latios
|-damage|p1a: Latios|0 fnt
|faint|p1a: Latios
|
|upkeep
|
|t:|1757811219
|switch|p1a: Gliscor|Gliscor, F|100/100
|-damage|p1a: Gliscor|88/100|[from] Stealth Rock
|turn|23
|
|t:|1757811224
|move|p1a: Gliscor|Earthquake|p2a: Primarina
|-damage|p2a: Primarina|0 fnt
|faint|p2a: Primarina
|
|-status|p1a: Gliscor|tox|[from] item: Toxic Orb
|upkeep
|
|t:|1757811226
|switch|p2a: Kyurem|Kyurem, shiny|100/100
|-ability|p2a: Kyurem|Pressure
|turn|24
|
|t:|1757811229
|switch|p1a: Toxapex|Toxapex, F|100/100
|-damage|p1a: Toxapex|88/100|[from] Stealth Rock
|-damage|p1a: Toxapex|75/100|[from] Spikes
|move|p2a: Kyurem|Freeze-Dry|p1a: Toxapex
|-supereffective|p1a: Toxapex
|-damage|p1a: Toxapex|33/100
|
|-heal|p1a: Toxapex|40/100|[from] item: Leftovers
|upkeep
|turn|25
|
|t:|1757811237
|move|p2a: Kyurem|Freeze-Dry|p1a: Toxapex
|-supereffective|p1a: Toxapex
|-damage|p1a: Toxapex|0 fnt
|faint|p1a: Toxapex
|
|upkeep
|
|t:|1757811239
|switch|p1a: Darkrai|Darkrai|88/100
|-damage|p1a: Darkrai|76/100|[from] Stealth Rock
|-damage|p1a: Darkrai|63/100|[from] Spikes
|turn|26
|
|t:|1757811253
|switch|p2a: Great Tusk|Great Tusk|92/100
|move|p1a: Darkrai|Ice Beam|p2a: Great Tusk
|-supereffective|p2a: Great Tusk
|-damage|p2a: Great Tusk|0 fnt
|faint|p2a: Great Tusk
|-end|p2a: Great Tusk|Protosynthesis|[silent]
|
|upkeep
|
|t:|1757811256
|switch|p2a: Kyurem|Kyurem, shiny|100/100
|-ability|p2a: Kyurem|Pressure
|turn|27
|
|t:|1757811268
|move|p1a: Darkrai|Ice Beam|p2a: Kyurem
|-crit|p2a: Kyurem
|-damage|p2a: Kyurem|21/100
|move|p2a: Kyurem|Icicle Spear|p1a: Darkrai
|-damage|p1a: Darkrai|45/100
|-damage|p1a: Darkrai|30/100
|-damage|p1a: Darkrai|13/100
|-crit|p1a: Darkrai
|-damage|p1a: Darkrai|0 fnt
|faint|p1a: Darkrai
|-hitcount|p1: Darkrai|4
|
|upkeep
|
|t:|1757811296
|switch|p1a: Corviknight|Corviknight, F|100/100
|-damage|p1a: Corviknight|88/100|[from] Stealth Rock
|-ability|p1a: Corviknight|Pressure
|turn|28
|
|t:|1757811303
|move|p2a: Kyurem|Icicle Spear|p1a: Corviknight
|-damage|p1a: Corviknight|81/100
|-damage|p1a: Corviknight|74/100
|-damage|p1a: Corviknight|67/100
|-damage|p1a: Corviknight|60/100
|-hitcount|p1a: Corviknight|4
|move|p1a: Corviknight|Body Press|p2a: Kyurem
|-supereffective|p2a: Kyurem
|-damage|p2a: Kyurem|0 fnt
|faint|p2a: Kyurem
|
|-heal|p1a: Corviknight|66/100|[from] item: Leftovers
|upkeep
|
|t:|1757811307
|switch|p2a: Dragonite|Dragonite, M, shiny|100/100
|turn|29
|
|t:|1757811311
|move|p2a: Dragonite|Dragon Dance|p2a: Dragonite
|-boost|p2a: Dragonite|atk|1
|-boost|p2a: Dragonite|spe|1
|move|p1a: Corviknight|Iron Defense|p1a: Corviknight
|-boost|p1a: Corviknight|def|2
|
|-heal|p1a: Corviknight|72/100|[from] item: Leftovers
|upkeep
|turn|30
|-message|Prav33n forfeited.
|
|win|mikeim520
|raw|mikeim520's rating: 1769 &rarr; <strong>1790</strong><br />(+21 for winning)
|raw|Prav33n's rating: 1789 &rarr; <strong>1768</strong><br />(-21 for losing)
|l|☆Prav33n
|player|p2|
|c|☆mikeim520|gg wp
|l|☆mikeim520
|player|p1|
|l| FIRE LORD AESON
|l| FaronAan
