|j|☆jdhdbdj
|j|☆ChessDennis
|t:|1757861814
|gametype|singles
|player|p1|jdhdbdj|102|1496
|player|p2|ChessDennis|170|1414
|gen|9
|tier|[Gen 9] OU
|rated|
|rule|HP Percentage Mod: HP is shown in percentages
|rule|Endless Battle Clause: Forcing endless battles is banned
|rule|Species Clause: Limit one of each Pokémon
|rule|OHKO Clause: OHKO moves are banned
|rule|Evasion Items Clause: Evasion items are banned
|rule|Evasion Moves Clause: Evasion moves are banned
|rule|Evasion Abilities Clause: Evasion abilities are banned
|rule|Sleep Moves Clause: Sleep-inducing moves are banned
|clearpoke
|poke|p1|Ting-Lu|
|poke|p1|Darkrai|
|poke|p1|Corviknight, M|
|poke|p1|Fezandipiti, M|
|poke|p1|Pecharunt|
|poke|p1|Latios, M|
|poke|p2|Moltres|
|poke|p2|Clodsire, M|
|poke|p2|Hatterene, F|
|poke|p2|Politoed, F|
|poke|p2|Zamazenta-*|
|poke|p2|Keldeo-Resolute|
|teampreview
|inactive|Battle timer is ON: inactive players will automatically lose when time's up. (requested by jdhdbdj)
|
|t:|1757861828
|teamsize|p1|6
|teamsize|p2|6
|start
|switch|p1a: Latios|Latios, M|100/100
|switch|p2a: Politoed|Politoed, F|100/100
|-weather|RainDance|[from] ability: Drizzle|[of] p2a: Politoed
|turn|1
|
|t:|1757861838
|move|p1a: Latios|Luster Purge|p2a: Politoed
|-damage|p2a: Politoed|33/100
|-unboost|p2a: Politoed|spd|1
|move|p2a: Politoed|Ice Beam|p1a: Latios
|-supereffective|p1a: Latios
|-damage|p1a: Latios|22/100
|
|-weather|RainDance|[upkeep]
|upkeep
|turn|2
|
|t:|1757861847
|switch|p2a: Hatterene|Hatterene, F|100/100
|move|p1a: Latios|Luster Purge|p2a: Hatterene
|-resisted|p2a: Hatterene
|-damage|p2a: Hatterene|59/100
|-unboost|p2a: Hatterene|spd|1
|
|-weather|RainDance|[upkeep]
|upkeep
|turn|3
|
|t:|1757861856
|move|p1a: Latios|Luster Purge|p2a: Hatterene
|-resisted|p2a: Hatterene
|-damage|p2a: Hatterene|0 fnt
|faint|p2a: Hatterene
|
|-weather|RainDance|[upkeep]
|upkeep
|
|t:|1757861871
|switch|p2a: Zamazenta|Zamazenta|100/100
|-ability|p2a: Zamazenta|Dauntless Shield|boost
|-boost|p2a: Zamazenta|def|1
|turn|4
|
|t:|1757861876
|switch|p1a: Pecharunt|Pecharunt|100/100
|move|p2a: Zamazenta|Crunch|p1a: Pecharunt
|-supereffective|p1a: Pecharunt
|-damage|p1a: Pecharunt|63/100
|
|-weather|RainDance|[upkeep]
|upkeep
|turn|5
|
|t:|1757861885
|switch|p2a: Clodsire|Clodsire, M|100/100
|switch|p1a: Corviknight|Corviknight, M|100/100
|-ability|p1a: Corviknight|Pressure
|
|-weather|none
|upkeep
|turn|6
|
|t:|1757861894
|move|p1a: Corviknight|U-turn|p2a: Clodsire
|-resisted|p2a: Clodsire
|-damage|p2a: Clodsire|91/100
|
|t:|1757861905
|switch|p1a: Ting-Lu|Ting-Lu|100/100|[from] U-turn
|-ability|p1a: Ting-Lu|Vessel of Ruin
|move|p2a: Clodsire|Stealth Rock|p1a: Ting-Lu
|-sidestart|p1: jdhdbdj|move: Stealth Rock
|
|upkeep
|turn|7
|
|t:|1757861919
|switch|p2a: Politoed|Politoed, F|33/100
|-weather|RainDance|[from] ability: Drizzle|[of] p2a: Politoed
|move|p1a: Ting-Lu|Stealth Rock|p2a: Politoed
|-sidestart|p2: ChessDennis|move: Stealth Rock
|
|-weather|RainDance|[upkeep]
|upkeep
|turn|8
|
|t:|1757861927
|move|p2a: Politoed|Weather Ball|p1a: Ting-Lu
|-supereffective|p1a: Ting-Lu
|-damage|p1a: Ting-Lu|22/100
|move|p1a: Ting-Lu|Earthquake|p2a: Politoed
|-damage|p2a: Politoed|0 fnt
|faint|p2a: Politoed
|
|-weather|RainDance|[upkeep]
|-heal|p1a: Ting-Lu|28/100|[from] item: Leftovers
|upkeep
|
|t:|1757861930
|switch|p2a: Keldeo|Keldeo-Resolute|100/100
|-damage|p2a: Keldeo|94/100|[from] Stealth Rock
|turn|9
|
|t:|1757861948
|switch|p1a: Fezandipiti|Fezandipiti, M|100/100
|move|p2a: Keldeo|Surf|p1a: Fezandipiti
|-damage|p1a: Fezandipiti|51/100
|
|-weather|RainDance|[upkeep]
|upkeep
|turn|10
|
|t:|1757861956
|move|p2a: Keldeo|Hydro Pump|p1a: Fezandipiti|[miss]
|-miss|p2a: Keldeo|p1a: Fezandipiti
|move|p1a: Fezandipiti|Roost|p1a: Fezandipiti
|-heal|p1a: Fezandipiti|100/100
|-singleturn|p1a: Fezandipiti|move: Roost
|
|-weather|RainDance|[upkeep]
|upkeep
|turn|11
|
|t:|1757861968
|-terastallize|p1a: Fezandipiti|Water
|move|p2a: Keldeo|Surf|p1a: Fezandipiti
|-resisted|p1a: Fezandipiti
|-damage|p1a: Fezandipiti|76/100
|move|p1a: Fezandipiti|Calm Mind|p1a: Fezandipiti
|-boost|p1a: Fezandipiti|spa|1
|-boost|p1a: Fezandipiti|spd|1
|
|-weather|none
|upkeep
|turn|12
|
|t:|1757861985
|switch|p1a: Ting-Lu|Ting-Lu|28/100
|-damage|p1a: Ting-Lu|22/100|[from] Stealth Rock
|-ability|p1a: Ting-Lu|Vessel of Ruin
|move|p2a: Keldeo|Secret Sword|p1a: Ting-Lu
|-supereffective|p1a: Ting-Lu
|-damage|p1a: Ting-Lu|0 fnt
|faint|p1a: Ting-Lu
|
|upkeep
|
|t:|1757861996
|switch|p1a: Latios|Latios, M|22/100
|-damage|p1a: Latios|10/100|[from] Stealth Rock
|turn|13
|
|t:|1757862001
|move|p2a: Keldeo|Vacuum Wave|p1a: Latios
|-resisted|p1a: Latios
|-damage|p1a: Latios|0 fnt
|faint|p1a: Latios
|
|upkeep
|
|t:|1757862012
|switch|p1a: Fezandipiti|Fezandipiti, M, tera:Water|76/100
|turn|14
|
|t:|1757862016
|move|p2a: Keldeo|Secret Sword|p1a: Fezandipiti
|-damage|p1a: Fezandipiti|24/100
|move|p1a: Fezandipiti|Moonblast|p2a: Keldeo
|-supereffective|p2a: Keldeo
|-damage|p2a: Keldeo|42/100
|
|upkeep
|turn|15
|inactive|ChessDennis has 120 seconds left.
|
|t:|1757862047
|move|p2a: Keldeo|Secret Sword|p1a: Fezandipiti
|-damage|p1a: Fezandipiti|0 fnt
|faint|p1a: Fezandipiti
|
|upkeep
|
|t:|1757862074
|switch|p1a: Darkrai|Darkrai|100/100
|-damage|p1a: Darkrai|88/100|[from] Stealth Rock
|turn|16
|
|t:|1757862079
|switch|p2a: Clodsire|Clodsire, M|91/100
|-damage|p2a: Clodsire|84/100|[from] Stealth Rock
|move|p1a: Darkrai|Sludge Bomb|p2a: Clodsire
|-resisted|p2a: Clodsire
|-damage|p2a: Clodsire|78/100
|
|upkeep
|turn|17
|
|t:|1757862090
|switch|p1a: Pecharunt|Pecharunt|63/100
|move|p2a: Clodsire|Earthquake|p1a: Pecharunt
|-supereffective|p1a: Pecharunt
|-damage|p1a: Pecharunt|23/100
|
|upkeep
|turn|18
|
|t:|1757862097
|move|p1a: Pecharunt|Recover|p1a: Pecharunt
|-heal|p1a: Pecharunt|73/100
|move|p2a: Clodsire|Earthquake|p1a: Pecharunt
|-supereffective|p1a: Pecharunt
|-damage|p1a: Pecharunt|35/100
|
|upkeep
|turn|19
|
|t:|1757862104
|move|p1a: Pecharunt|Recover|p1a: Pecharunt
|-heal|p1a: Pecharunt|85/100
|move|p2a: Clodsire|Earthquake|p1a: Pecharunt
|-supereffective|p1a: Pecharunt
|-damage|p1a: Pecharunt|47/100
|
|upkeep
|turn|20
|
|t:|1757862110
|move|p1a: Pecharunt|Recover|p1a: Pecharunt
|-heal|p1a: Pecharunt|97/100
|move|p2a: Clodsire|Earthquake|p1a: Pecharunt
|-supereffective|p1a: Pecharunt
|-damage|p1a: Pecharunt|62/100
|
|upkeep
|turn|21
|
|t:|1757862117
|move|p1a: Pecharunt|Parting Shot|p2a: Clodsire
|-unboost|p2a: Clodsire|atk|1
|-unboost|p2a: Clodsire|spa|1
|
|t:|1757862122
|switch|p1a: Darkrai|Darkrai|88/100|[from] Parting Shot
|-damage|p1a: Darkrai|76/100|[from] Stealth Rock
|move|p2a: Clodsire|Earthquake|p1a: Darkrai
|-damage|p1a: Darkrai|39/100
|
|upkeep
|turn|22
|
|t:|1757862131
|move|p1a: Darkrai|Ice Beam|p2a: Clodsire
|-supereffective|p2a: Clodsire
|-damage|p2a: Clodsire|32/100
|move|p2a: Clodsire|Earthquake|p1a: Darkrai
|-damage|p1a: Darkrai|0 fnt
|faint|p1a: Darkrai
|
|upkeep
|-message|jdhdbdj forfeited.
|
|win|ChessDennis
|raw|jdhdbdj's rating: 1496 &rarr; <strong>1471</strong><br />(-25 for losing)
|raw|ChessDennis's rating: 1414 &rarr; <strong>1439</strong><br />(+25 for winning)
|l|☆jdhdbdj
|player|p1|
|l|☆ChessDennis
|player|p2|
