|badge|p2|bronze|gen9ou|100-6
|uhtml|medal-msg|<div class="broadcast-blue">Curious what those medals under the avatar are? PS now has Ladder Seasons! For more information, check out the <a href="https://www.smogon.com/forums/threads/3740067/">thread on Smogon.</a></div>
|j|‽edgingCeaselesslly
|j|☆peewee mcgee xxx
|t:|1757855773
|gametype|singles
|player|p1|edgingCeaselesslly|roxie|1678
|player|p2|peewee mcgee xxx|102|1807
|gen|9
|tier|[Gen 9] OU
|rated|
|rule|HP Percentage Mod: HP is shown in percentages
|rule|Endless Battle Clause: Forcing endless battles is banned
|rule|Species Clause: Limit one of each Pokémon
|rule|OHKO Clause: OHKO moves are banned
|rule|Evasion Items Clause: Evasion items are banned
|rule|Evasion Moves Clause: Evasion moves are banned
|rule|Evasion Abilities Clause: Evasion abilities are banned
|rule|Sleep Moves Clause: Sleep-inducing moves are banned
|clearpoke
|poke|p1|Landorus-Therian, M|
|poke|p1|Samurott-Hisui, F|
|poke|p1|Pecharunt|
|poke|p1|Scizor, M|
|poke|p1|Latios, M|
|poke|p1|Zamazenta-*|
|poke|p2|Alomomola, F|
|poke|p2|Sinistcha-Masterpiece|
|poke|p2|Scizor, F|
|poke|p2|Cinderace, F|
|poke|p2|Zamazenta-*|
|poke|p2|Kyurem|
|teampreview
|inactive|Battle timer is ON: inactive players will automatically lose when time's up. (requested by edgingCeaselesslly)
|
|t:|1757855779
|teamsize|p1|6
|teamsize|p2|6
|start
|switch|p1a: Landorus|Landorus-Therian, M|100/100
|switch|p2a: Kyurem|Kyurem|100/100
|-ability|p2a: Kyurem|Pressure
|-ability|p1a: Landorus|Intimidate|boost
|-unboost|p2a: Kyurem|atk|1
|turn|1
|
|t:|1757855782
|switch|p1a: Scizor|Scizor, M|100/100
|move|p2a: Kyurem|Freeze-Dry|p1a: Scizor
|-resisted|p1a: Scizor
|-damage|p1a: Scizor|59/100
|
|upkeep
|turn|2
|
|t:|1757855798
|switch|p2a: Alomomola|Alomomola, F|100/100
|move|p1a: Scizor|Knock Off|p2a: Alomomola
|-damage|p2a: Alomomola|74/100
|-enditem|p2a: Alomomola|Assault Vest|[from] move: Knock Off|[of] p1a: Scizor
|
|upkeep
|turn|3
|
|t:|1757855805
|switch|p1a: Samurott|Samurott-Hisui, F|100/100
|move|p2a: Alomomola|Flip Turn|p1a: Samurott
|-resisted|p1a: Samurott
|-damage|p1a: Samurott|90/100
|
|t:|1757855808
|switch|p2a: Kyurem|Kyurem|100/100|[from] Flip Turn
|-ability|p2a: Kyurem|Pressure
|
|upkeep
|turn|4
|
|t:|1757855812
|switch|p1a: Scizor|Scizor, M|59/100
|move|p2a: Kyurem|Freeze-Dry|p1a: Scizor
|-resisted|p1a: Scizor
|-damage|p1a: Scizor|22/100
|
|upkeep
|turn|5
|
|t:|1757855818
|switch|p2a: Alomomola|Alomomola, F|100/100
|move|p1a: Scizor|Bullet Punch|p2a: Alomomola
|-resisted|p2a: Alomomola
|-damage|p2a: Alomomola|87/100
|
|upkeep
|turn|6
|
|t:|1757855828
|move|p1a: Scizor|Swords Dance|p1a: Scizor
|-boost|p1a: Scizor|atk|2
|move|p2a: Alomomola|Flip Turn|p1a: Scizor
|-damage|p1a: Scizor|2/100
|
|t:|1757855834
|switch|p2a: Cinderace|Cinderace, F|100/100|[from] Flip Turn
|
|upkeep
|turn|7
|
|t:|1757855838
|move|p2a: Cinderace|Sucker Punch|p1a: Scizor
|-start|p2a: Cinderace|typechange|Dark|[from] ability: Libero
|-damage|p1a: Scizor|0 fnt
|faint|p1a: Scizor
|
|upkeep
|
|t:|1757855842
|switch|p1a: Landorus|Landorus-Therian, M|100/100
|-ability|p1a: Landorus|Intimidate|boost
|-unboost|p2a: Cinderace|atk|1
|turn|8
|
|t:|1757855846
|switch|p2a: Sinistcha|Sinistcha-Masterpiece|100/100
|move|p1a: Landorus|Stealth Rock|p2a: Sinistcha
|-sidestart|p2: peewee mcgee xxx|move: Stealth Rock
|
|upkeep
|turn|9
|
|t:|1757855853
|move|p1a: Landorus|U-turn|p2a: Sinistcha
|-damage|p2a: Sinistcha|84/100
|
|t:|1757855862
|switch|p1a: Pecharunt|Pecharunt|100/100|[from] U-turn
|move|p2a: Sinistcha|Matcha Gotcha|p1a: Pecharunt
|-resisted|p1a: Pecharunt
|-damage|p1a: Pecharunt|83/100
|-heal|p2a: Sinistcha|93/100|[from] drain|[of] p1a: Pecharunt
|
|-heal|p2a: Sinistcha|99/100|[from] item: Leftovers
|upkeep
|turn|10
|
|t:|1757855869
|switch|p2a: Scizor|Scizor, F|100/100
|-damage|p2a: Scizor|88/100|[from] Stealth Rock
|move|p1a: Pecharunt|Shadow Ball|p2a: Scizor
|-damage|p2a: Scizor|60/100
|
|upkeep
|turn|11
|
|t:|1757855874
|move|p1a: Pecharunt|Parting Shot|p2a: Scizor
|-unboost|p2a: Scizor|atk|1
|-unboost|p2a: Scizor|spa|1
|j| huejack
|
|t:|1757855882
|switch|p1a: Samurott|Samurott-Hisui, F|90/100|[from] Parting Shot
|move|p2a: Scizor|U-turn|p1a: Samurott
|-supereffective|p1a: Samurott
|-damage|p1a: Samurott|0 fnt
|faint|p1a: Samurott
|j| LegitimatePotato
|
|t:|1757855888
|switch|p2a: Alomomola|Alomomola, F|100/100|[from] U-turn
|-damage|p2a: Alomomola|88/100|[from] Stealth Rock
|
|upkeep
|
|t:|1757855892
|switch|p1a: Latios|Latios, M|100/100
|turn|12
|
|t:|1757855899
|move|p1a: Latios|Calm Mind|p1a: Latios
|-boost|p1a: Latios|spa|1
|-boost|p1a: Latios|spd|1
|move|p2a: Alomomola|Mirror Coat||[still]
|-fail|p2a: Alomomola
|
|upkeep
|turn|13
|j| wgw2333
|
|t:|1757855904
|move|p1a: Latios|Calm Mind|p1a: Latios
|-boost|p1a: Latios|spa|1
|-boost|p1a: Latios|spd|1
|move|p2a: Alomomola|Flip Turn|p1a: Latios
|-resisted|p1a: Latios
|-damage|p1a: Latios|90/100
|
|t:|1757855907
|switch|p2a: Cinderace|Cinderace, F|100/100|[from] Flip Turn
|
|upkeep
|turn|14
|
|t:|1757855914
|-terastallize|p1a: Latios|Steel
|move|p2a: Cinderace|U-turn|p1a: Latios
|-start|p2a: Cinderace|typechange|Bug|[from] ability: Libero
|-resisted|p1a: Latios
|-damage|p1a: Latios|68/100
|
|t:|1757855920
|switch|p2a: Scizor|Scizor, F|60/100|[from] U-turn
|-damage|p2a: Scizor|48/100|[from] Stealth Rock
|move|p1a: Latios|Psychic Noise|p2a: Scizor
|-resisted|p2a: Scizor
|-damage|p2a: Scizor|0 fnt
|faint|p2a: Scizor
|
|upkeep
|
|t:|1757855922
|switch|p2a: Cinderace|Cinderace, F|100/100
|turn|15
|
|t:|1757855926
|switch|p1a: Landorus|Landorus-Therian, M|100/100
|-ability|p1a: Landorus|Intimidate|boost
|-unboost|p2a: Cinderace|atk|1
|move|p2a: Cinderace|Pyro Ball|p1a: Landorus
|-damage|p1a: Landorus|63/100
|
|upkeep
|turn|16
|
|t:|1757855934
|switch|p2a: Sinistcha|Sinistcha-Masterpiece|99/100
|-damage|p2a: Sinistcha|87/100|[from] Stealth Rock
|move|p1a: Landorus|Earthquake|p2a: Sinistcha
|-resisted|p2a: Sinistcha
|-crit|p2a: Sinistcha
|-damage|p2a: Sinistcha|64/100
|
|-heal|p2a: Sinistcha|70/100|[from] item: Leftovers
|upkeep
|turn|17
|
|t:|1757855937
|move|p1a: Landorus|U-turn|p2a: Sinistcha
|-damage|p2a: Sinistcha|53/100
|
|t:|1757855940
|switch|p1a: Latios|Latios, M, tera:Steel|68/100|[from] U-turn
|move|p2a: Sinistcha|Shadow Ball|p1a: Latios
|-damage|p1a: Latios|32/100
|
|-heal|p2a: Sinistcha|59/100|[from] item: Leftovers
|upkeep
|turn|18
|
|t:|1757855946
|switch|p2a: Alomomola|Alomomola, F|100/100
|-damage|p2a: Alomomola|88/100|[from] Stealth Rock
|move|p1a: Latios|Recover|p1a: Latios
|-heal|p1a: Latios|82/100
|
|upkeep
|turn|19
|
|t:|1757855948
|move|p1a: Latios|Calm Mind|p1a: Latios
|-boost|p1a: Latios|spa|1
|-boost|p1a: Latios|spd|1
|move|p2a: Alomomola|Flip Turn|p1a: Latios
|-crit|p1a: Latios
|-damage|p1a: Latios|49/100
|
|t:|1757855950
|switch|p2a: Cinderace|Cinderace, F|100/100|[from] Flip Turn
|
|upkeep
|turn|20
|
|t:|1757855956
|switch|p1a: Landorus|Landorus-Therian, M|63/100
|-ability|p1a: Landorus|Intimidate|boost
|-unboost|p2a: Cinderace|atk|1
|move|p2a: Cinderace|Pyro Ball|p1a: Landorus|[miss]
|-miss|p2a: Cinderace|p1a: Landorus
|
|upkeep
|turn|21
|
|t:|1757855962
|switch|p2a: Alomomola|Alomomola, F|100/100
|-damage|p2a: Alomomola|88/100|[from] Stealth Rock
|move|p1a: Landorus|Earthquake|p2a: Alomomola
|-damage|p2a: Alomomola|52/100
|
|upkeep
|turn|22
|
|t:|1757855971
|move|p1a: Landorus|U-turn|p2a: Alomomola
|-damage|p2a: Alomomola|34/100
|
|t:|1757855972
|switch|p1a: Pecharunt|Pecharunt|83/100|[from] U-turn
|move|p2a: Alomomola|Flip Turn|p1a: Pecharunt
|-damage|p1a: Pecharunt|73/100
|l| wgw2333
|
|t:|1757855977
|switch|p2a: Kyurem|Kyurem|100/100|[from] Flip Turn
|-damage|p2a: Kyurem|76/100|[from] Stealth Rock
|-ability|p2a: Kyurem|Pressure
|
|upkeep
|turn|23
|j| Nikator98
|
|t:|1757855988
|move|p2a: Kyurem|Ice Beam|p1a: Pecharunt
|-damage|p1a: Pecharunt|7/100
|move|p1a: Pecharunt|Malignant Chain|p2a: Kyurem
|-damage|p2a: Kyurem|48/100
|-status|p2a: Kyurem|tox
|-start|p2a: Kyurem|confusion|[from] ability: Poison Puppeteer|[of] p1a: Pecharunt
|
|-damage|p2a: Kyurem|42/100 tox|[from] psn
|upkeep
|turn|24
|
|t:|1757855998
|-activate|p2a: Kyurem|confusion
|move|p2a: Kyurem|Ice Beam|p1a: Pecharunt
|-damage|p1a: Pecharunt|0 fnt
|faint|p1a: Pecharunt
|
|-damage|p2a: Kyurem|29/100 tox|[from] psn
|upkeep
|l| Nikator98
|
|t:|1757856000
|switch|p1a: Zamazenta|Zamazenta|100/100
|-ability|p1a: Zamazenta|Dauntless Shield|boost
|-boost|p1a: Zamazenta|def|1
|turn|25
|
|t:|1757856003
|move|p1a: Zamazenta|Body Press|p2a: Kyurem
|-supereffective|p2a: Kyurem
|-damage|p2a: Kyurem|0 fnt
|faint|p2a: Kyurem
|
|upkeep
|
|t:|1757856005
|switch|p2a: Sinistcha|Sinistcha-Masterpiece|59/100
|-damage|p2a: Sinistcha|47/100|[from] Stealth Rock
|turn|26
|
|t:|1757856012
|move|p1a: Zamazenta|Crunch|p2a: Sinistcha
|-supereffective|p2a: Sinistcha
|-damage|p2a: Sinistcha|19/100
|move|p2a: Sinistcha|Strength Sap|p1a: Zamazenta
|-unboost|p1a: Zamazenta|atk|1
|-heal|p2a: Sinistcha|99/100
|
|-heal|p2a: Sinistcha|100/100|[from] item: Leftovers
|upkeep
|turn|27
|
|t:|1757856021
|switch|p1a: Latios|Latios, M, tera:Steel|49/100
|switch|p2a: Cinderace|Cinderace, F|100/100
|
|upkeep
|turn|28
|
|t:|1757856025
|switch|p1a: Landorus|Landorus-Therian, M|63/100
|-ability|p1a: Landorus|Intimidate|boost
|-unboost|p2a: Cinderace|atk|1
|move|p2a: Cinderace|Pyro Ball|p1a: Landorus
|-damage|p1a: Landorus|27/100
|
|upkeep
|turn|29
|
|t:|1757856034
|switch|p2a: Alomomola|Alomomola, F|67/100
|-damage|p2a: Alomomola|55/100|[from] Stealth Rock
|move|p1a: Landorus|Earthquake|p2a: Alomomola
|-damage|p2a: Alomomola|17/100
|
|upkeep
|turn|30
|
|t:|1757856037
|move|p2a: Alomomola|Aqua Jet|p1a: Landorus
|-supereffective|p1a: Landorus
|-damage|p1a: Landorus|3/100
|-damage|p2a: Alomomola|0 fnt|[from] item: Rocky Helmet|[of] p1a: Landorus
|faint|p2a: Alomomola
|move|p1a: Landorus|Earthquake|p2: Alomomola|[notarget]
|-fail|p1a: Landorus
|
|upkeep
|
|t:|1757856046
|switch|p2a: Zamazenta|Zamazenta|100/100
|-damage|p2a: Zamazenta|94/100|[from] Stealth Rock
|-ability|p2a: Zamazenta|Dauntless Shield|boost
|-boost|p2a: Zamazenta|def|1
|turn|31
|
|t:|1757856053
|move|p2a: Zamazenta|Iron Defense|p2a: Zamazenta
|-boost|p2a: Zamazenta|def|2
|move|p1a: Landorus|U-turn|p2a: Zamazenta
|-resisted|p2a: Zamazenta
|-crit|p2a: Zamazenta
|-damage|p2a: Zamazenta|82/100
|
|t:|1757856055
|switch|p1a: Zamazenta|Zamazenta|100/100|[from] U-turn
|
|-heal|p2a: Zamazenta|88/100|[from] item: Leftovers
|upkeep
|turn|32
|
|t:|1757856062
|move|p2a: Zamazenta|Body Press|p1a: Zamazenta
|-damage|p1a: Zamazenta|45/100
|move|p1a: Zamazenta|Roar|p2a: Zamazenta
|drag|p2a: Cinderace|Cinderace, F|100/100
|
|-heal|p1a: Zamazenta|51/100|[from] item: Leftovers
|upkeep
|turn|33
|
|t:|1757856069
|switch|p2a: Sinistcha|Sinistcha-Masterpiece|100/100
|-damage|p2a: Sinistcha|88/100|[from] Stealth Rock
|move|p1a: Zamazenta|Crunch|p2a: Sinistcha
|-supereffective|p2a: Sinistcha
|-damage|p2a: Sinistcha|60/100
|
|-heal|p1a: Zamazenta|57/100|[from] item: Leftovers
|-heal|p2a: Sinistcha|66/100|[from] item: Leftovers
|upkeep
|turn|34
|
|t:|1757856073
|switch|p1a: Latios|Latios, M, tera:Steel|49/100
|move|p2a: Sinistcha|Shadow Ball|p1a: Latios
|-damage|p1a: Latios|13/100
|
|-heal|p2a: Sinistcha|72/100|[from] item: Leftovers
|upkeep
|turn|35
|
|t:|1757856078
|switch|p2a: Cinderace|Cinderace, F|100/100
|move|p1a: Latios|Recover|p1a: Latios
|-heal|p1a: Latios|63/100
|
|upkeep
|turn|36
|
|t:|1757856081
|switch|p1a: Landorus|Landorus-Therian, M|3/100
|-ability|p1a: Landorus|Intimidate|boost
|-unboost|p2a: Cinderace|atk|1
|move|p2a: Cinderace|Pyro Ball|p1a: Landorus
|-damage|p1a: Landorus|0 fnt
|faint|p1a: Landorus
|
|upkeep
|
|t:|1757856084
|switch|p1a: Zamazenta|Zamazenta|57/100
|turn|37
|
|t:|1757856087
|move|p1a: Zamazenta|Crunch|p2a: Cinderace
|-damage|p2a: Cinderace|67/100
|move|p2a: Cinderace|U-turn|p1a: Zamazenta
|-start|p2a: Cinderace|typechange|Bug|[from] ability: Libero
|-resisted|p1a: Zamazenta
|-crit|p1a: Zamazenta
|-damage|p1a: Zamazenta|40/100
|
|t:|1757856090
|switch|p2a: Sinistcha|Sinistcha-Masterpiece|72/100|[from] U-turn
|-damage|p2a: Sinistcha|59/100|[from] Stealth Rock
|
|-heal|p1a: Zamazenta|46/100|[from] item: Leftovers
|-heal|p2a: Sinistcha|65/100|[from] item: Leftovers
|upkeep
|turn|38
|
|t:|1757856096
|switch|p1a: Latios|Latios, M, tera:Steel|63/100
|move|p2a: Sinistcha|Strength Sap|p1a: Latios
|-unboost|p1a: Latios|atk|1
|-heal|p2a: Sinistcha|100/100
|
|upkeep
|turn|39
|
|t:|1757856102
|switch|p2a: Cinderace|Cinderace, F|67/100
|move|p1a: Latios|Draco Meteor|p2a: Cinderace
|-damage|p2a: Cinderace|0 fnt
|-unboost|p1a: Latios|spa|2
|faint|p2a: Cinderace
|
|upkeep
|
|t:|1757856103
|switch|p2a: Zamazenta|Zamazenta|88/100
|-damage|p2a: Zamazenta|82/100|[from] Stealth Rock
|turn|40
|j| wgw2333
|
|t:|1757856131
|move|p2a: Zamazenta|Iron Defense|p2a: Zamazenta
|-boost|p2a: Zamazenta|def|2
|move|p1a: Latios|Psychic Noise|p2a: Zamazenta
|-supereffective|p2a: Zamazenta
|-crit|p2a: Zamazenta
|-damage|p2a: Zamazenta|0 fnt
|faint|p2a: Zamazenta
|
|upkeep
|
|t:|1757856135
|switch|p2a: Sinistcha|Sinistcha-Masterpiece|100/100
|-damage|p2a: Sinistcha|88/100|[from] Stealth Rock
|turn|41
|
|t:|1757856141
|switch|p1a: Zamazenta|Zamazenta|46/100
|move|p2a: Sinistcha|Calm Mind|p2a: Sinistcha
|-boost|p2a: Sinistcha|spa|1
|-boost|p2a: Sinistcha|spd|1
|
|-heal|p1a: Zamazenta|53/100|[from] item: Leftovers
|-heal|p2a: Sinistcha|94/100|[from] item: Leftovers
|upkeep
|turn|42
|
|t:|1757856144
|move|p1a: Zamazenta|Crunch|p2a: Sinistcha
|-supereffective|p2a: Sinistcha
|-damage|p2a: Sinistcha|66/100
|move|p2a: Sinistcha|Calm Mind|p2a: Sinistcha
|-boost|p2a: Sinistcha|spa|1
|-boost|p2a: Sinistcha|spd|1
|
|-heal|p1a: Zamazenta|59/100|[from] item: Leftovers
|-heal|p2a: Sinistcha|72/100|[from] item: Leftovers
|upkeep
|turn|43
|
|t:|1757856147
|switch|p1a: Latios|Latios, M, tera:Steel|63/100
|move|p2a: Sinistcha|Calm Mind|p2a: Sinistcha
|-boost|p2a: Sinistcha|spa|1
|-boost|p2a: Sinistcha|spd|1
|
|-heal|p2a: Sinistcha|78/100|[from] item: Leftovers
|upkeep
|turn|44
|
|t:|1757856153
|move|p1a: Latios|Calm Mind|p1a: Latios
|-boost|p1a: Latios|spa|1
|-boost|p1a: Latios|spd|1
|move|p2a: Sinistcha|Shadow Ball|p1a: Latios
|-crit|p1a: Latios
|-damage|p1a: Latios|0 fnt
|faint|p1a: Latios
|
|-heal|p2a: Sinistcha|85/100|[from] item: Leftovers
|upkeep
|
|t:|1757856158
|switch|p1a: Zamazenta|Zamazenta|59/100
|turn|45
|
|t:|1757856161
|move|p1a: Zamazenta|Crunch|p2a: Sinistcha
|-supereffective|p2a: Sinistcha
|-damage|p2a: Sinistcha|57/100
|move|p2a: Sinistcha|Shadow Ball|p1a: Zamazenta
|-damage|p1a: Zamazenta|0 fnt
|faint|p1a: Zamazenta
|
|win|peewee mcgee xxx
|raw|edgingCeaselesslly's rating: 1678 &rarr; <strong>1665</strong><br />(-13 for losing)
|raw|peewee mcgee xxx's rating: 1807 &rarr; <strong>1820</strong><br />(+13 for winning)
|l| huejack
|l|‽edgingCeaselesslly
|player|p1|
|l|☆peewee mcgee xxx
|player|p2|
|l| wgw2333
|l| LegitimatePotato
