|j|☆LT91BB incelman
|j|☆evin
|t:|1757812094
|gametype|singles
|player|p1|LT91BB incelman|miku-ice|1441
|player|p2|evin|170|1524
|gen|9
|tier|[Gen 9] OU
|rated|
|rule|HP Percentage Mod: HP is shown in percentages
|rule|Endless Battle Clause: Forcing endless battles is banned
|rule|Species Clause: Limit one of each Pokémon
|rule|OHKO Clause: OHKO moves are banned
|rule|Evasion Items Clause: Evasion items are banned
|rule|Evasion Moves Clause: Evasion moves are banned
|rule|Evasion Abilities Clause: Evasion abilities are banned
|rule|Sleep Moves Clause: Sleep-inducing moves are banned
|clearpoke
|poke|p1|Torkoal, F|
|poke|p1|Walking Wake|
|poke|p1|Raging Bolt|
|poke|p1|Kingambit, M|
|poke|p1|Slither Wing|
|poke|p1|Iron Moth|
|poke|p2|Staraptor, F|
|poke|p2|Darkrai|
|poke|p2|Toxapex, F|
|poke|p2|Great Tusk|
|poke|p2|Orthworm, F|
|poke|p2|Gengar, F|
|teampreview
|inactive|Battle timer is ON: inactive players will automatically lose when time's up. (requested by LT91BB incelman)
|
|t:|1757812111
|teamsize|p1|6
|teamsize|p2|6
|start
|switch|p1a: Torkoal|Torkoal, F, shiny|100/100
|switch|p2a: Darkrai|Darkrai, shiny|100/100
|-weather|SunnyDay|[from] ability: Drought|[of] p1a: Torkoal
|turn|1
|
|t:|1757812123
|switch|p1a: Kingambit|Kingambit, M, shiny|100/100
|move|p2a: Darkrai|Dark Pulse|p1a: Kingambit
|-resisted|p1a: Kingambit
|-damage|p1a: Kingambit|75/100
|
|-weather|SunnyDay|[upkeep]
|-heal|p1a: Kingambit|81/100|[from] item: Leftovers
|upkeep
|turn|2
|
|t:|1757812131
|move|p2a: Darkrai|Focus Blast|p1a: Kingambit
|-supereffective|p1a: Kingambit
|-damage|p1a: Kingambit|0 fnt
|faint|p1a: Kingambit
|-end|p1a: Kingambit|fallenundefined|[silent]
|
|-weather|SunnyDay|[upkeep]
|upkeep
|
|t:|1757812135
|switch|p1a: Walking Wake|Walking Wake|100/100
|-activate|p1a: Walking Wake|ability: Protosynthesis
|-start|p1a: Walking Wake|protosynthesisspe
|turn|3
|
|t:|1757812140
|switch|p2a: Toxapex|Toxapex, F|100/100
|move|p1a: Walking Wake|Draco Meteor|p2a: Toxapex
|-damage|p2a: Toxapex|13/100
|-unboost|p1a: Walking Wake|spa|2
|
|-weather|SunnyDay|[upkeep]
|upkeep
|turn|4
|
|t:|1757812150
|switch|p2a: Orthworm|Orthworm, F|100/100
|move|p1a: Walking Wake|Draco Meteor|p2a: Orthworm
|-resisted|p2a: Orthworm
|-crit|p2a: Orthworm
|-damage|p2a: Orthworm|27/100
|-unboost|p1a: Walking Wake|spa|2
|
|-weather|SunnyDay|[upkeep]
|-heal|p2a: Orthworm|33/100|[from] item: Leftovers
|upkeep
|turn|5
|
|t:|1757812162
|-end|p1a: Walking Wake|Protosynthesis|[silent]
|switch|p1a: Slither Wing|Slither Wing, shiny|100/100
|-activate|p1a: Slither Wing|ability: Protosynthesis
|-start|p1a: Slither Wing|protosynthesisatk
|switch|p2a: Staraptor|Staraptor, F|100/100
|
|-weather|SunnyDay|[upkeep]
|upkeep
|turn|6
|
|t:|1757812173
|-end|p1a: Slither Wing|Protosynthesis|[silent]
|switch|p1a: Raging Bolt|Raging Bolt|100/100
|-activate|p1a: Raging Bolt|ability: Protosynthesis
|-start|p1a: Raging Bolt|protosynthesisspa
|move|p2a: Staraptor|Brave Bird|p1a: Raging Bolt
|-resisted|p1a: Raging Bolt
|-damage|p1a: Raging Bolt|48/100
|-damage|p2a: Staraptor|79/100|[from] Recoil
|
|-weather|SunnyDay|[upkeep]
|upkeep
|turn|7
|
|t:|1757812180
|switch|p2a: Great Tusk|Great Tusk|100/100
|-activate|p2a: Great Tusk|ability: Protosynthesis
|-start|p2a: Great Tusk|protosynthesisatk
|move|p1a: Raging Bolt|Thunderclap||[still]
|-fail|p1a: Raging Bolt
|
|-weather|SunnyDay|[upkeep]
|upkeep
|turn|8
|
|t:|1757812190
|-end|p1a: Raging Bolt|Protosynthesis|[silent]
|switch|p1a: Slither Wing|Slither Wing, shiny|100/100
|-activate|p1a: Slither Wing|ability: Protosynthesis
|-start|p1a: Slither Wing|protosynthesisatk
|move|p2a: Great Tusk|Rapid Spin|p1a: Slither Wing
|-damage|p1a: Slither Wing|73/100
|-boost|p2a: Great Tusk|spe|1
|
|-weather|none
|-end|p2a: Great Tusk|Protosynthesis
|-end|p1a: Slither Wing|Protosynthesis
|upkeep
|turn|9
|
|t:|1757812196
|move|p2a: Great Tusk|Rapid Spin|p1a: Slither Wing
|-damage|p1a: Slither Wing|55/100
|-boost|p2a: Great Tusk|spe|1
|move|p1a: Slither Wing|Will-O-Wisp|p2a: Great Tusk
|-status|p2a: Great Tusk|brn
|
|-damage|p2a: Great Tusk|94/100 brn|[from] brn
|upkeep
|turn|10
|
|t:|1757812202
|move|p2a: Great Tusk|Stone Edge|p1a: Slither Wing
|-damage|p1a: Slither Wing|36/100
|move|p1a: Slither Wing|Close Combat|p2a: Great Tusk
|-crit|p2a: Great Tusk
|-damage|p2a: Great Tusk|33/100 brn
|-unboost|p1a: Slither Wing|def|1
|-unboost|p1a: Slither Wing|spd|1
|
|-damage|p2a: Great Tusk|26/100 brn|[from] brn
|upkeep
|turn|11
|
|t:|1757812212
|move|p2a: Great Tusk|Stone Edge|p1a: Slither Wing
|-damage|p1a: Slither Wing|6/100
|move|p1a: Slither Wing|Close Combat|p2a: Great Tusk
|-damage|p2a: Great Tusk|0 fnt
|-unboost|p1a: Slither Wing|def|1
|-unboost|p1a: Slither Wing|spd|1
|faint|p2a: Great Tusk
|-end|p2a: Great Tusk|Protosynthesis|[silent]
|
|upkeep
|
|t:|1757812222
|switch|p2a: Toxapex|Toxapex, F|46/100
|turn|12
|
|t:|1757812230
|switch|p2a: Orthworm|Orthworm, F|33/100
|move|p1a: Slither Wing|Will-O-Wisp|p2a: Orthworm
|-status|p2a: Orthworm|brn
|
|-heal|p2a: Orthworm|40/100 brn|[from] item: Leftovers
|-damage|p2a: Orthworm|33/100 brn|[from] brn
|upkeep
|turn|13
|
|t:|1757812236
|switch|p2a: Toxapex|Toxapex, F|80/100
|move|p1a: Slither Wing|Close Combat|p2a: Toxapex
|-resisted|p2a: Toxapex
|-damage|p2a: Toxapex|58/100
|-unboost|p1a: Slither Wing|def|1
|-unboost|p1a: Slither Wing|spd|1
|-damage|p1a: Slither Wing|0 fnt|[from] item: Rocky Helmet|[of] p2a: Toxapex
|faint|p1a: Slither Wing
|-end|p1a: Slither Wing|Protosynthesis|[silent]
|
|upkeep
|
|t:|1757812241
|switch|p1a: Raging Bolt|Raging Bolt|48/100
|-enditem|p1a: Raging Bolt|Booster Energy
|-activate|p1a: Raging Bolt|ability: Protosynthesis|[fromitem]
|-start|p1a: Raging Bolt|protosynthesisspa
|turn|14
|
|t:|1757812244
|switch|p2a: Orthworm|Orthworm, F|33/100 brn
|move|p1a: Raging Bolt|Thunderbolt|p2a: Orthworm
|-damage|p2a: Orthworm|0 fnt
|faint|p2a: Orthworm
|
|upkeep
|
|t:|1757812252
|switch|p2a: Gengar|Gengar, F|100/100
|turn|15
|
|t:|1757812258
|move|p1a: Raging Bolt|Thunderclap|p2a: Gengar
|-damage|p2a: Gengar|10/100
|-start|p1a: Raging Bolt|Disable|Thunderclap|[from] ability: Cursed Body|[of] p2a: Gengar
|move|p2a: Gengar|Dazzling Gleam|p1a: Raging Bolt
|-supereffective|p1a: Raging Bolt
|-damage|p1a: Raging Bolt|0 fnt
|faint|p1a: Raging Bolt
|-end|p1a: Raging Bolt|Protosynthesis|[silent]
|
|upkeep
|
|t:|1757812267
|switch|p1a: Iron Moth|Iron Moth, shiny|100/100
|-enditem|p1a: Iron Moth|Booster Energy
|-activate|p1a: Iron Moth|ability: Quark Drive|[fromitem]
|-start|p1a: Iron Moth|quarkdrivespe
|turn|16
|
|t:|1757812276
|switch|p2a: Staraptor|Staraptor, F|79/100
|move|p1a: Iron Moth|Fiery Dance|p2a: Staraptor
|-damage|p2a: Staraptor|14/100
|-boost|p1a: Iron Moth|spa|1
|
|upkeep
|turn|17
|
|t:|1757812282
|move|p2a: Staraptor|Quick Attack|p1a: Iron Moth
|-damage|p1a: Iron Moth|58/100
|move|p1a: Iron Moth|Fiery Dance|p2a: Staraptor
|-damage|p2a: Staraptor|0 fnt
|-boost|p1a: Iron Moth|spa|1
|faint|p2a: Staraptor
|
|upkeep
|
|t:|1757812286
|switch|p2a: Toxapex|Toxapex, F|91/100
|turn|18
|
|t:|1757812292
|move|p2a: Toxapex|Baneful Bunker|p2a: Toxapex
|-singleturn|p2a: Toxapex|move: Protect
|move|p1a: Iron Moth|Substitute|p1a: Iron Moth
|-start|p1a: Iron Moth|Substitute
|-damage|p1a: Iron Moth|33/100
|
|upkeep
|turn|19
|
|t:|1757812297
|move|p1a: Iron Moth|Sludge Wave|p2a: Toxapex
|-resisted|p2a: Toxapex
|-crit|p2a: Toxapex
|-damage|p2a: Toxapex|32/100
|move|p2a: Toxapex|Surf|p1a: Iron Moth
|-supereffective|p1a: Iron Moth
|-end|p1a: Iron Moth|Substitute
|
|upkeep
|turn|20
|c|☆evin|Smh
|
|t:|1757812310
|move|p1a: Iron Moth|Sludge Wave|p2a: Toxapex
|-resisted|p2a: Toxapex
|-damage|p2a: Toxapex|0 fnt
|faint|p2a: Toxapex
|
|upkeep
|-message|evin forfeited.
|
|win|LT91BB incelman
|raw|LT91BB incelman's rating: 1441 &rarr; <strong>1466</strong><br />(+25 for winning)
|raw|evin's rating: 1524 &rarr; <strong>1499</strong><br />(-25 for losing)
|l|☆evin
|player|p2|
|l|☆LT91BB incelman
|player|p1|
