|j|☆singaman69
|j|☆PrettyVenomothad
|t:|1757829152
|gametype|singles
|player|p1|singaman69|2|1216
|player|p2|PrettyVenomothad|169|1272
|gen|9
|tier|[Gen 9] OU
|rated|
|rule|HP Percentage Mod: HP is shown in percentages
|rule|Endless Battle Clause: Forcing endless battles is banned
|rule|Species Clause: Limit one of each Pokémon
|rule|OHKO Clause: OHKO moves are banned
|rule|Evasion Items Clause: Evasion items are banned
|rule|Evasion Moves Clause: Evasion moves are banned
|rule|Evasion Abilities Clause: Evasion abilities are banned
|rule|Sleep Moves Clause: Sleep-inducing moves are banned
|clearpoke
|poke|p1|Great Tusk|
|poke|p1|Kingambit, M|
|poke|p1|Krookodile, M|
|poke|p1|Gholdengo|
|poke|p1|Ting-Lu|
|poke|p1|Ogerpon-Wellspring, F|
|poke|p2|Araquanid, M|
|poke|p2|Malamar, M|
|poke|p2|Serperior, F|
|poke|p2|Cinderace, M|
|poke|p2|Milotic, M|
|poke|p2|Kingambit, F|
|teampreview
|
|t:|1757829164
|teamsize|p1|6
|teamsize|p2|6
|start
|switch|p1a: Ting-Lu|Ting-Lu, shiny|100/100
|switch|p2a: Araquanid|Araquanid, M|100/100
|-ability|p1a: Ting-Lu|Vessel of Ruin
|turn|1
|inactive|Battle timer is ON: inactive players will automatically lose when time's up. (requested by PrettyVenomothad)
|
|t:|1757829172
|move|p1a: Ting-Lu|Stealth Rock|p2a: Araquanid
|-sidestart|p2: PrettyVenomothad|move: Stealth Rock
|move|p2a: Araquanid|Sticky Web|p1a: Ting-Lu
|-sidestart|p1: singaman69|move: Sticky Web
|
|upkeep
|turn|2
|
|t:|1757829181
|move|p1a: Ting-Lu|Ruination|p2a: Araquanid
|-damage|p2a: Araquanid|50/100
|move|p2a: Araquanid|Surf|p1a: Ting-Lu
|-supereffective|p1a: Ting-Lu
|-damage|p1a: Ting-Lu|51/100
|
|-heal|p1a: Ting-Lu|57/100|[from] item: Leftovers
|upkeep
|turn|3
|
|t:|1757829191
|move|p2a: Araquanid|Surf|p1a: Ting-Lu
|-supereffective|p1a: Ting-Lu
|-damage|p1a: Ting-Lu|3/100
|move|p1a: Ting-Lu|Whirlwind|p2a: Araquanid
|drag|p2a: Malamar|Malamar, M|100/100
|-damage|p2a: Malamar|88/100|[from] Stealth Rock
|
|-heal|p2a: Malamar|94/100|[from] item: Leftovers
|-heal|p1a: Ting-Lu|9/100|[from] item: Leftovers
|upkeep
|turn|4
|
|t:|1757829203
|move|p2a: Malamar|Superpower|p1a: Ting-Lu
|-supereffective|p1a: Ting-Lu
|-damage|p1a: Ting-Lu|0 fnt
|-boost|p2a: Malamar|atk|1
|-boost|p2a: Malamar|def|1
|faint|p1a: Ting-Lu
|
|-heal|p2a: Malamar|99/100|[from] item: Leftovers
|upkeep
|
|t:|1757829218
|switch|p1a: Gholdengo|Gholdengo, shiny|100/100
|-item|p1a: Gholdengo|Air Balloon
|turn|5
|
|t:|1757829224
|move|p1a: Gholdengo|Nasty Plot|p1a: Gholdengo
|-boost|p1a: Gholdengo|spa|2
|move|p2a: Malamar|Knock Off|p1a: Gholdengo
|-supereffective|p1a: Gholdengo
|-damage|p1a: Gholdengo|0 fnt
|-enditem|p1a: Gholdengo|Air Balloon
|faint|p1a: Gholdengo
|
|-heal|p2a: Malamar|100/100|[from] item: Leftovers
|upkeep
|
|t:|1757829234
|switch|p1a: KrookoGOD|Krookodile, M|100/100
|-activate|p1a: KrookoGOD|move: Sticky Web
|-unboost|p1a: KrookoGOD|spe|1
|-ability|p1a: KrookoGOD|Intimidate|boost
|-boost|p2a: Malamar|atk|1
|turn|6
|
|t:|1757829255
|move|p2a: Malamar|Superpower|p1a: KrookoGOD
|-supereffective|p1a: KrookoGOD
|-damage|p1a: KrookoGOD|0 fnt
|-boost|p2a: Malamar|atk|1
|-boost|p2a: Malamar|def|1
|faint|p1a: KrookoGOD
|
|upkeep
|
|t:|1757829258
|switch|p1a: Ogerpon|Ogerpon-Wellspring, F|100/100
|-activate|p1a: Ogerpon|move: Sticky Web
|-unboost|p1a: Ogerpon|spe|1
|turn|7
|
|t:|1757829266
|-terastallize|p1a: Ogerpon|Water
|detailschange|p1a: Ogerpon|Ogerpon-Wellspring-Tera, F, tera:Water
|-ability|p1a: Ogerpon|Embody Aspect (Wellspring)|boost
|-boost|p1a: Ogerpon|spd|1
|move|p1a: Ogerpon|Swords Dance|p1a: Ogerpon
|-boost|p1a: Ogerpon|atk|2
|move|p2a: Malamar|Superpower|p1a: Ogerpon
|-damage|p1a: Ogerpon|13/100
|-boost|p2a: Malamar|atk|1
|-boost|p2a: Malamar|def|1
|
|upkeep
|turn|8
|
|t:|1757829276
|move|p1a: Ogerpon|Horn Leech|p2a: Malamar
|-damage|p2a: Malamar|77/100
|-heal|p1a: Ogerpon|28/100|[from] drain|[of] p2a: Malamar
|move|p2a: Malamar|Superpower|p1a: Ogerpon
|-damage|p1a: Ogerpon|0 fnt
|-boost|p2a: Malamar|atk|1
|-boost|p2a: Malamar|def|1
|faint|p1a: Ogerpon
|detailschange|p1: Ogerpon|Ogerpon-Wellspring, F|[silent]
|
|-heal|p2a: Malamar|83/100|[from] item: Leftovers
|upkeep
|
|t:|1757829281
|switch|p1a: Great Tusk|Great Tusk|100/100
|turn|9
|
|t:|1757829291
|move|p1a: Great Tusk|Knock Off|p2a: Malamar
|-damage|p2a: Malamar|77/100
|-enditem|p2a: Malamar|Leftovers|[from] move: Knock Off|[of] p1a: Great Tusk
|move|p2a: Malamar|Liquidation|p1a: Great Tusk
|-supereffective|p1a: Great Tusk
|-damage|p1a: Great Tusk|36/100
|-unboost|p1a: Great Tusk|def|1
|
|upkeep
|turn|10
|
|t:|1757829304
|move|p1a: Great Tusk|Headlong Rush|p2a: Malamar
|-damage|p2a: Malamar|64/100
|-unboost|p1a: Great Tusk|def|1
|-unboost|p1a: Great Tusk|spd|1
|move|p2a: Malamar|Liquidation|p1a: Great Tusk
|-supereffective|p1a: Great Tusk
|-damage|p1a: Great Tusk|0 fnt
|faint|p1a: Great Tusk
|-end|p1a: Great Tusk|Protosynthesis|[silent]
|
|upkeep
|
|t:|1757829308
|switch|p1a: Kingambit|Kingambit, M|100/100
|-activate|p1a: Kingambit|move: Sticky Web
|-unboost|p1a: Kingambit|spe|1
|-activate|p1a: Kingambit|ability: Supreme Overlord
|-start|p1a: Kingambit|fallen5|[silent]
|turn|11
|
|t:|1757829321
|move|p1a: Kingambit|Sucker Punch|p2a: Malamar
|-damage|p2a: Malamar|49/100
|move|p2a: Malamar|Superpower|p1a: Kingambit
|-supereffective|p1a: Kingambit
|-damage|p1a: Kingambit|0 fnt
|-boost|p2a: Malamar|atk|1
|-boost|p2a: Malamar|def|1
|faint|p1a: Kingambit
|-end|p1a: Kingambit|fallen5|[silent]
|
|win|PrettyVenomothad
|raw|singaman69's rating: 1216 &rarr; <strong>1195</strong><br />(-21 for losing)
|raw|PrettyVenomothad's rating: 1272 &rarr; <strong>1293</strong><br />(+21 for winning)
|l|☆singaman69
|player|p1|
