|j|☆jjjjffiii
|j|☆mateuscavalo
|t:|1757949240
|gametype|singles
|player|p1|jjjjffiii|pokekid|1504
|player|p2|mateuscavalo|266|1486
|gen|9
|tier|[Gen 9] OU
|rated|
|rule|HP Percentage Mod: HP is shown in percentages
|rule|Endless Battle Clause: Forcing endless battles is banned
|rule|Species Clause: Limit one of each Pokémon
|rule|OHKO Clause: OHKO moves are banned
|rule|Evasion Items Clause: Evasion items are banned
|rule|Evasion Moves Clause: Evasion moves are banned
|rule|Evasion Abilities Clause: Evasion abilities are banned
|rule|Sleep Moves Clause: Sleep-inducing moves are banned
|clearpoke
|poke|p1|Great Tusk|
|poke|p1|Darkrai|
|poke|p1|Iron Valiant|
|poke|p1|Thundurus, M|
|poke|p1|Dragapult, F|
|poke|p1|Araquanid, F|
|poke|p2|Ogerpon-Wellspring, F|
|poke|p2|Darkrai|
|poke|p2|Garganacl, M|
|poke|p2|Zapdos|
|poke|p2|Great Tusk|
|poke|p2|Kingambit, F|
|teampreview
|inactive|Battle timer is ON: inactive players will automatically lose when time's up. (requested by mateuscavalo)
|
|t:|1757949272
|teamsize|p1|6
|teamsize|p2|6
|start
|switch|p1a: Araquanid|Araquanid, F|100/100
|switch|p2a: Zapdos|Zapdos|100/100
|turn|1
|inactive|mateuscavalo has 120 seconds left.
|inactive|mateuscavalo has 90 seconds left.
|
|t:|1757949346
|move|p2a: Zapdos|Hurricane|p1a: Araquanid
|-supereffective|p1a: Araquanid
|-damage|p1a: Araquanid|53/100
|move|p1a: Araquanid|Mirror Coat|p2a: Zapdos
|-damage|p2a: Zapdos|16/100
|
|upkeep
|turn|2
|
|t:|1757949353
|switch|p1a: Thundurus|Thundurus, M|100/100
|move|p2a: Zapdos|Roost|p2a: Zapdos
|-heal|p2a: Zapdos|66/100
|-singleturn|p2a: Zapdos|move: Roost
|
|upkeep
|turn|3
|inactive|mateuscavalo has 90 seconds left.
|
|t:|1757949388
|switch|p2a: Garganacl|Garganacl, M|100/100
|move|p1a: Thundurus|Supercell Slam|p2a: Garganacl
|-damage|p2a: Garganacl|58/100
|-damage|p1a: Thundurus|91/100|[from] item: Life Orb
|
|-heal|p2a: Garganacl|64/100|[from] item: Leftovers
|upkeep
|turn|4
|
|t:|1757949414
|-terastallize|p2a: Garganacl|Fairy
|move|p1a: Thundurus|Hammer Arm|p2a: Garganacl
|-resisted|p2a: Garganacl
|-damage|p2a: Garganacl|51/100
|-unboost|p1a: Thundurus|spe|1
|-damage|p1a: Thundurus|81/100|[from] item: Life Orb
|move|p2a: Garganacl|Recover|p2a: Garganacl
|-heal|p2a: Garganacl|100/100
|
|upkeep
|turn|5
|
|t:|1757949419
|move|p1a: Thundurus|U-turn|p2a: Garganacl
|-resisted|p2a: Garganacl
|-damage|p2a: Garganacl|91/100
|-damage|p1a: Thundurus|71/100|[from] item: Life Orb
|inactive|jjjjffiii has 120 seconds left.
|
|t:|1757949451
|switch|p1a: Great Tusk|Great Tusk|100/100|[from] U-turn
|-enditem|p1a: Great Tusk|Booster Energy
|-activate|p1a: Great Tusk|ability: Protosynthesis|[fromitem]
|-start|p1a: Great Tusk|protosynthesisatk
|move|p2a: Garganacl|Iron Defense|p2a: Garganacl
|-boost|p2a: Garganacl|def|2
|
|-heal|p2a: Garganacl|97/100|[from] item: Leftovers
|upkeep
|turn|6
|
|t:|1757949457
|-end|p1a: Great Tusk|Protosynthesis|[silent]
|switch|p1a: Darkrai|Darkrai|100/100
|move|p2a: Garganacl|Iron Defense|p2a: Garganacl
|-boost|p2a: Garganacl|def|2
|
|-heal|p2a: Garganacl|100/100|[from] item: Leftovers
|upkeep
|turn|7
|inactive|mateuscavalo has 90 seconds left.
|inactive|jjjjffiii has 120 seconds left.
|
|t:|1757949479
|switch|p2a: Ogerpon|Ogerpon-Wellspring, F|100/100
|move|p1a: Darkrai|Trick||[still]
|-fail|p1a: Darkrai
|
|upkeep
|turn|8
|
|t:|1757949486
|switch|p1a: Araquanid|Araquanid, F|53/100
|move|p2a: Ogerpon|Ivy Cudgel|p1a: Araquanid|[anim] Ivy Cudgel Water
|-resisted|p1a: Araquanid
|-damage|p1a: Araquanid|19/100
|
|upkeep
|turn|9
|inactive|jjjjffiii has 120 seconds left.
|
|t:|1757949496
|switch|p1a: Thundurus|Thundurus, M|71/100
|move|p2a: Ogerpon|Knock Off|p1a: Thundurus
|-damage|p1a: Thundurus|16/100
|-enditem|p1a: Thundurus|Life Orb|[from] move: Knock Off|[of] p2a: Ogerpon
|
|upkeep
|turn|10
|
|t:|1757949504
|switch|p2a: Garganacl|Garganacl, M, tera:Fairy|100/100
|move|p1a: Thundurus|U-turn|p2a: Garganacl
|-resisted|p2a: Garganacl
|-damage|p2a: Garganacl|94/100
|inactive|jjjjffiii has 120 seconds left.
|
|t:|1757949540
|switch|p1a: Darkrai|Darkrai|100/100|[from] U-turn
|
|-heal|p2a: Garganacl|99/100|[from] item: Leftovers
|upkeep
|turn|11
|inactive|mateuscavalo has 120 seconds left.
|inactive|mateuscavalo has 90 seconds left.
|
|t:|1757949590
|switch|p2a: Kingambit|Kingambit, F|100/100
|move|p1a: Darkrai|Sludge Bomb|p2a: Kingambit
|-immune|p2a: Kingambit
|
|upkeep
|turn|12
|inactive|jjjjffiii has 90 seconds left.
|inactive|jjjjffiii has 60 seconds left.
|
|t:|1757949654
|switch|p1a: Great Tusk|Great Tusk|100/100
|-end|p2a: Kingambit|fallenundefined|[silent]
|switch|p2a: Ogerpon|Ogerpon-Wellspring, F|100/100
|
|upkeep
|turn|13
|
|t:|1757949658
|-end|p1a: Great Tusk|Protosynthesis|[silent]
|switch|p1a: Araquanid|Araquanid, F|19/100
|move|p2a: Ogerpon|Ivy Cudgel|p1a: Araquanid|[anim] Ivy Cudgel Water
|-resisted|p1a: Araquanid
|-damage|p1a: Araquanid|0 fnt
|faint|p1a: Araquanid
|
|upkeep
|
|t:|1757949661
|switch|p1a: Dragapult|Dragapult, F|100/100
|turn|14
|
|t:|1757949666
|switch|p1a: Darkrai|Darkrai|100/100
|switch|p2a: Garganacl|Garganacl, M, tera:Fairy|99/100
|
|-heal|p2a: Garganacl|100/100|[from] item: Leftovers
|upkeep
|turn|15
|
|t:|1757949672
|switch|p2a: Great Tusk|Great Tusk|100/100
|move|p1a: Darkrai|Sludge Bomb|p2a: Great Tusk
|-resisted|p2a: Great Tusk
|-damage|p2a: Great Tusk|67/100
|
|upkeep
|turn|16
|
|t:|1757949680
|switch|p1a: Dragapult|Dragapult, F|100/100
|move|p2a: Great Tusk|Stealth Rock|p1a: Dragapult
|-sidestart|p1: jjjjffiii|move: Stealth Rock
|
|upkeep
|turn|17
|inactive|jjjjffiii has 90 seconds left.
|
|t:|1757949704
|switch|p1a: Darkrai|Darkrai|100/100
|-damage|p1a: Darkrai|88/100|[from] Stealth Rock
|-end|p2a: Great Tusk|Protosynthesis|[silent]
|switch|p2a: Garganacl|Garganacl, M, tera:Fairy|100/100
|
|upkeep
|turn|18
|inactive|mateuscavalo has 120 seconds left.
|
|t:|1757949725
|switch|p2a: Kingambit|Kingambit, F|100/100
|-terastallize|p1a: Darkrai|Poison
|move|p1a: Darkrai|Sludge Bomb|p2a: Kingambit
|-immune|p2a: Kingambit
|
|upkeep
|turn|19
|inactive|mateuscavalo has 120 seconds left.
|inactive|jjjjffiii has 60 seconds left.
|inactive|jjjjffiii has 30 seconds left.
|
|t:|1757949791
|switch|p1a: Great Tusk|Great Tusk|100/100
|-damage|p1a: Great Tusk|98/100|[from] Stealth Rock
|move|p2a: Kingambit|Iron Head|p1a: Great Tusk
|-damage|p1a: Great Tusk|66/100
|
|upkeep
|turn|20
|inactive|mateuscavalo has 120 seconds left.
|
|t:|1757949812
|-end|p2a: Kingambit|fallenundefined|[silent]
|switch|p2a: Zapdos|Zapdos|66/100
|move|p1a: Great Tusk|Rapid Spin|p2a: Zapdos
|-damage|p2a: Zapdos|55/100
|-boost|p1a: Great Tusk|spe|1
|-sideend|p1: jjjjffiii|Stealth Rock|[from] move: Rapid Spin|[of] p1a: Great Tusk
|
|upkeep
|turn|21
|
|t:|1757949814
|move|p1a: Great Tusk|Head Smash|p2a: Zapdos
|-supereffective|p2a: Zapdos
|-damage|p2a: Zapdos|0 fnt
|-status|p1a: Great Tusk|par|[from] ability: Static|[of] p2a: Zapdos
|faint|p2a: Zapdos
|-damage|p1a: Great Tusk|38/100 par|[from] Recoil
|
|upkeep
|
|t:|1757949820
|switch|p2a: Ogerpon|Ogerpon-Wellspring, F|100/100
|turn|22
|
|t:|1757949824
|move|p2a: Ogerpon|Play Rough|p1a: Great Tusk
|-supereffective|p1a: Great Tusk
|-damage|p1a: Great Tusk|0 fnt
|faint|p1a: Great Tusk
|-end|p1a: Great Tusk|Protosynthesis|[silent]
|
|upkeep
|
|t:|1757949829
|switch|p1a: Thundurus|Thundurus, M|16/100
|turn|23
|
|t:|1757949835
|switch|p2a: Great Tusk|Great Tusk|67/100
|move|p1a: Thundurus|U-turn|p2a: Great Tusk
|-resisted|p2a: Great Tusk
|-damage|p2a: Great Tusk|61/100
|-damage|p1a: Thundurus|0 fnt|[from] item: Rocky Helmet|[of] p2a: Great Tusk
|faint|p1a: Thundurus
|
|upkeep
|
|t:|1757949837
|switch|p1a: Iron Valiant|Iron Valiant|100/100
|-enditem|p1a: Iron Valiant|Booster Energy
|-activate|p1a: Iron Valiant|ability: Quark Drive|[fromitem]
|-start|p1a: Iron Valiant|quarkdrivespe
|turn|24
|
|t:|1757949843
|move|p1a: Iron Valiant|Spirit Break|p2a: Great Tusk
|-supereffective|p2a: Great Tusk
|-damage|p2a: Great Tusk|15/100
|-unboost|p2a: Great Tusk|spa|1
|-damage|p1a: Iron Valiant|84/100|[from] item: Rocky Helmet|[of] p2a: Great Tusk
|move|p2a: Great Tusk|Headlong Rush|p1a: Iron Valiant
|-damage|p1a: Iron Valiant|17/100
|-unboost|p2a: Great Tusk|def|1
|-unboost|p2a: Great Tusk|spd|1
|
|upkeep
|turn|25
|inactive|jjjjffiii has 90 seconds left.
|
|t:|1757949849
|move|p1a: Iron Valiant|Spirit Break|p2a: Great Tusk
|-supereffective|p2a: Great Tusk
|-damage|p2a: Great Tusk|0 fnt
|-damage|p1a: Iron Valiant|0 fnt|[from] item: Rocky Helmet|[of] p2a: Great Tusk
|faint|p2a: Great Tusk
|-end|p2a: Great Tusk|Protosynthesis|[silent]
|faint|p1a: Iron Valiant
|-end|p1a: Iron Valiant|Quark Drive|[silent]
|
|upkeep
|inactive|jjjjffiii has 90 seconds left.
|
|t:|1757949856
|switch|p1a: Darkrai|Darkrai, tera:Poison|88/100
|switch|p2a: Garganacl|Garganacl, M, tera:Fairy|100/100
|turn|26
|
|t:|1757949863
|switch|p2a: Ogerpon|Ogerpon-Wellspring, F|100/100
|move|p1a: Darkrai|Sludge Bomb|p2a: Ogerpon
|-supereffective|p2a: Ogerpon
|-damage|p2a: Ogerpon|0 fnt
|faint|p2a: Ogerpon
|
|upkeep
|
|t:|1757949865
|switch|p2a: Kingambit|Kingambit, F|100/100
|-activate|p2a: Kingambit|ability: Supreme Overlord
|-start|p2a: Kingambit|fallen3|[silent]
|turn|27
|
|t:|1757949869
|switch|p1a: Dragapult|Dragapult, F|100/100
|move|p2a: Kingambit|Kowtow Cleave|p1a: Dragapult
|-supereffective|p1a: Dragapult
|-damage|p1a: Dragapult|0 fnt
|faint|p1a: Dragapult
|
|upkeep
|
|t:|1757949870
|switch|p1a: Darkrai|Darkrai, tera:Poison|88/100
|turn|28
|c|☆mateuscavalo|gg
|
|t:|1757949877
|move|p1a: Darkrai|Trick|p2a: Kingambit
|-activate|p1a: Darkrai|move: Trick|[of] p2a: Kingambit
|-item|p2a: Kingambit|Choice Specs|[from] move: Trick
|-item|p1a: Darkrai|Leftovers|[from] move: Trick
|move|p2a: Kingambit|Kowtow Cleave|p1a: Darkrai
|-damage|p1a: Darkrai|7/100
|
|-heal|p1a: Darkrai|13/100|[from] item: Leftovers
|upkeep
|turn|29
|
|t:|1757949882
|move|p1a: Darkrai|Dark Pulse|p2a: Kingambit
|-resisted|p2a: Kingambit
|-damage|p2a: Kingambit|79/100
|move|p2a: Kingambit|Kowtow Cleave|p1a: Darkrai
|-damage|p1a: Darkrai|0 fnt
|faint|p1a: Darkrai
|
|win|mateuscavalo
|raw|jjjjffiii's rating: 1478 &rarr; <strong>1458</strong><br />(-20 for losing)
|raw|mateuscavalo's rating: 1486 &rarr; <strong>1506</strong><br />(+20 for winning)
|l|☆mateuscavalo
|player|p2|
|l|☆jjjjffiii
|player|p1|
