|j|☆ybg mihan
|j|☆potayo
|t:|1757899819
|gametype|singles
|player|p1|ybg mihan|266|1640
|player|p2|potayo|1|1641
|gen|9
|tier|[Gen 9] OU
|rated|
|rule|HP Percentage Mod: HP is shown in percentages
|rule|Endless Battle Clause: Forcing endless battles is banned
|rule|Species Clause: Limit one of each Pokémon
|rule|OHKO Clause: OHKO moves are banned
|rule|Evasion Items Clause: Evasion items are banned
|rule|Evasion Moves Clause: Evasion moves are banned
|rule|Evasion Abilities Clause: Evasion abilities are banned
|rule|Sleep Moves Clause: Sleep-inducing moves are banned
|clearpoke
|poke|p1|Hatterene, F|
|poke|p1|Ogerpon-Wellspring, F|
|poke|p1|Slowking-Galar, F|
|poke|p1|Gholdengo|
|poke|p1|Dragonite, F|
|poke|p1|Great Tusk|
|poke|p2|Hatterene, F|
|poke|p2|Cresselia, F|
|poke|p2|Hoopa-Unbound|
|poke|p2|Rabsca, F|
|poke|p2|Mimikyu, M|
|poke|p2|Kingambit, M|
|teampreview
|inactive|Battle timer is ON: inactive players will automatically lose when time's up. (requested by ybg mihan)
|
|t:|1757899842
|teamsize|p1|6
|teamsize|p2|6
|start
|switch|p1a: Gholdengo|Gholdengo|100/100
|switch|p2a: Kingambit|Kingambit, M|100/100
|turn|1
|
|t:|1757899852
|switch|p1a: Ogerpon|Ogerpon-Wellspring, F|100/100
|-end|p2a: Kingambit|fallenundefined|[silent]
|switch|p2a: Hoopa|Hoopa-Unbound|100/100
|
|upkeep
|turn|2
|
|t:|1757899864
|switch|p2a: Hatterene|Hatterene, F|100/100
|move|p1a: Ogerpon|Power Whip|p2a: Hatterene
|-damage|p2a: Hatterene|41/100
|-damage|p1a: Ogerpon|84/100|[from] item: Rocky Helmet|[of] p2a: Hatterene
|
|upkeep
|turn|3
|
|t:|1757899869
|move|p1a: Ogerpon|Power Whip|p2a: Hatterene
|-damage|p2a: Hatterene|0 fnt
|-damage|p1a: Ogerpon|67/100|[from] item: Rocky Helmet|[of] p2a: Hatterene
|faint|p2a: Hatterene
|
|upkeep
|
|t:|1757899875
|switch|p2a: Kingambit|Kingambit, M|100/100
|-activate|p2a: Kingambit|ability: Supreme Overlord
|-start|p2a: Kingambit|fallen1|[silent]
|turn|4
|
|t:|1757899882
|move|p1a: Ogerpon|Ivy Cudgel|p2a: Kingambit|[anim] Ivy Cudgel Water
|-damage|p2a: Kingambit|54/100
|move|p2a: Kingambit|Kowtow Cleave|p1a: Ogerpon
|-damage|p1a: Ogerpon|0 fnt
|faint|p1a: Ogerpon
|
|upkeep
|
|t:|1757899891
|switch|p1a: Great Tusk|Great Tusk|100/100
|turn|5
|
|t:|1757899901
|-end|p1a: Great Tusk|Protosynthesis|[silent]
|switch|p1a: Hatterene|Hatterene, F|100/100
|-end|p2a: Kingambit|fallen1|[silent]
|switch|p2a: Cresselia|Cresselia, F|100/100
|
|upkeep
|turn|6
|
|t:|1757899905
|switch|p2a: Kingambit|Kingambit, M|54/100
|-activate|p2a: Kingambit|ability: Supreme Overlord
|-start|p2a: Kingambit|fallen1|[silent]
|move|p1a: Hatterene|Nuzzle|p2a: Kingambit
|-damage|p2a: Kingambit|51/100
|-status|p2a: Kingambit|par
|
|upkeep
|turn|7
|
|t:|1757899912
|move|p1a: Hatterene|Mystical Fire|p2a: Kingambit
|-supereffective|p2a: Kingambit
|-damage|p2a: Kingambit|0 fnt
|faint|p2a: Kingambit
|-end|p2a: Kingambit|fallen1|[silent]
|
|upkeep
|
|t:|1757899915
|switch|p2a: Rabsca|Rabsca, F|100/100
|turn|8
|
|t:|1757899918
|move|p2a: Rabsca|Revival Blessing|p2a: Rabsca
|-enditem|p2a: Rabsca|Leppa Berry|[eat]
|-activate|p2a: Rabsca|item: Leppa Berry|Revival Blessing|[consumed]
|
|t:|1757899921
|-heal|p2: Kingambit|50/100|[from] move: Revival Blessing
|move|p1a: Hatterene|Nuzzle|p2a: Rabsca
|-damage|p2a: Rabsca|97/100
|-status|p2a: Rabsca|par
|-activate|p2a: Rabsca|ability: Synchronize
|-status|p1a: Hatterene|par
|
|upkeep
|turn|9
|
|t:|1757899926
|cant|p2a: Rabsca|par
|move|p1a: Hatterene|Mystical Fire|p2a: Rabsca
|-supereffective|p2a: Rabsca
|-damage|p2a: Rabsca|47/100 par
|-unboost|p2a: Rabsca|spa|1
|
|upkeep
|turn|10
|
|t:|1757899929
|move|p2a: Rabsca|Revival Blessing|p2a: Rabsca
|
|t:|1757899931
|-heal|p2: Hatterene|50/100|[from] move: Revival Blessing
|move|p1a: Hatterene|Mystical Fire|p2a: Rabsca
|-supereffective|p2a: Rabsca
|-crit|p2a: Rabsca
|-damage|p2a: Rabsca|0 fnt
|faint|p2a: Rabsca
|
|upkeep
|
|t:|1757899933
|switch|p2a: Kingambit|Kingambit, M|50/100
|-activate|p2a: Kingambit|ability: Supreme Overlord
|-start|p2a: Kingambit|fallen3|[silent]
|turn|11
|
|t:|1757899941
|-end|p2a: Kingambit|fallen3|[silent]
|switch|p2a: Hoopa|Hoopa-Unbound|100/100
|move|p1a: Hatterene|Nuzzle|p2a: Hoopa
|-damage|p2a: Hoopa|94/100
|-status|p2a: Hoopa|par
|
|upkeep
|turn|12
|
|t:|1757899947
|switch|p1a: Great Tusk|Great Tusk|100/100
|cant|p2a: Hoopa|par
|
|upkeep
|turn|13
|
|t:|1757899951
|move|p1a: Great Tusk|Temper Flare|p2a: Hoopa
|-damage|p2a: Hoopa|51/100 par
|move|p2a: Hoopa|Psychic Noise|p1a: Great Tusk
|-supereffective|p1a: Great Tusk
|-damage|p1a: Great Tusk|0 fnt
|faint|p1a: Great Tusk
|-end|p1a: Great Tusk|Protosynthesis|[silent]
|
|upkeep
|
|t:|1757899959
|switch|p1a: Gholdengo|Gholdengo|100/100
|turn|14
|
|t:|1757899965
|move|p1a: Gholdengo|Make It Rain|p2a: Hoopa
|-damage|p2a: Hoopa|5/100 par
|-unboost|p1a: Gholdengo|spa|1
|-enditem|p2a: Hoopa|Sitrus Berry|[eat]
|-heal|p2a: Hoopa|30/100 par|[from] item: Sitrus Berry
|move|p2a: Hoopa|Hyperspace Fury|p1a: Gholdengo
|-supereffective|p1a: Gholdengo
|-damage|p1a: Gholdengo|2/100
|-unboost|p2a: Hoopa|def|1
|-item|p2a: Hoopa|Metal Coat|[from] ability: Magician|[of] p1a: Gholdengo
|
|upkeep
|turn|15
|
|t:|1757899970
|move|p1a: Gholdengo|Make It Rain|p2a: Hoopa
|-damage|p2a: Hoopa|1/100 par
|-unboost|p1a: Gholdengo|spa|1
|move|p2a: Hoopa|Trick Room|p2a: Hoopa
|-fieldstart|move: Trick Room|[of] p2a: Hoopa
|
|upkeep
|turn|16
|
|t:|1757899977
|switch|p1a: Hatterene|Hatterene, F|100/100 par
|move|p2a: Hoopa|Hyperspace Fury|p1a: Hatterene
|-damage|p1a: Hatterene|38/100 par
|-unboost|p2a: Hoopa|def|1
|
|upkeep
|turn|17
|
|t:|1757899988
|move|p1a: Hatterene|Draining Kiss|p2a: Hoopa
|-supereffective|p2a: Hoopa
|-damage|p2a: Hoopa|0 fnt
|-heal|p1a: Hatterene|39/100 par|[from] drain|[of] p2a: Hoopa
|faint|p2a: Hoopa
|
|upkeep
|
|t:|1757899996
|switch|p2a: Hatterene|Hatterene, F|50/100
|turn|18
|
|t:|1757900008
|move|p1a: Hatterene|Mystical Fire|p2a: Hatterene
|-damage|p2a: Hatterene|23/100
|-unboost|p2a: Hatterene|spa|1
|move|p2a: Hatterene|Healing Wish|p2a: Hatterene
|faint|p2a: Hatterene
|
|upkeep
|
|t:|1757900012
|switch|p2a: Kingambit|Kingambit, M|50/100
|-heal|p2a: Kingambit|100/100|[from] move: Healing Wish
|-activate|p2a: Kingambit|ability: Supreme Overlord
|-start|p2a: Kingambit|fallen5|[silent]
|turn|19
|
|t:|1757900018
|move|p1a: Hatterene|Nuzzle|p2a: Kingambit
|-damage|p2a: Kingambit|97/100
|-status|p2a: Kingambit|par
|cant|p2a: Kingambit|par
|
|-fieldend|move: Trick Room
|upkeep
|turn|20
|
|t:|1757900022
|move|p2a: Kingambit|Kowtow Cleave|p1a: Hatterene
|-damage|p1a: Hatterene|0 fnt
|faint|p1a: Hatterene
|
|upkeep
|
|t:|1757900026
|switch|p1a: Dragonite|Dragonite, F|100/100
|turn|21
|
|t:|1757900032
|move|p1a: Dragonite|Earthquake|p2a: Kingambit
|-supereffective|p2a: Kingambit
|-damage|p2a: Kingambit|45/100 par
|move|p2a: Kingambit|Kowtow Cleave|p1a: Dragonite
|-damage|p1a: Dragonite|51/100
|
|-heal|p1a: Dragonite|58/100|[from] item: Leftovers
|upkeep
|turn|22
|
|t:|1757900048
|-end|p2a: Kingambit|fallen5|[silent]
|switch|p2a: Cresselia|Cresselia, F|100/100
|-terastallize|p1a: Dragonite|Fairy
|move|p1a: Dragonite|Roost|p1a: Dragonite
|-heal|p1a: Dragonite|100/100
|
|upkeep
|turn|23
|
|t:|1757900057
|switch|p1a: Slowking|Slowking-Galar, F|100/100
|move|p2a: Cresselia|Trick Room|p2a: Cresselia
|-fieldstart|move: Trick Room|[of] p2a: Cresselia
|
|upkeep
|turn|24
|
|t:|1757900068
|switch|p2a: Kingambit|Kingambit, M|45/100 par
|-activate|p2a: Kingambit|ability: Supreme Overlord
|-start|p2a: Kingambit|fallen5|[silent]
|move|p1a: Slowking|Ice Beam|p2a: Kingambit
|-resisted|p2a: Kingambit
|-damage|p2a: Kingambit|34/100 par
|
|upkeep
|turn|25
|
|t:|1757900079
|move|p1a: Slowking|Ice Beam|p2a: Kingambit
|-resisted|p2a: Kingambit
|-damage|p2a: Kingambit|24/100 par
|move|p2a: Kingambit|Iron Head|p1a: Slowking
|-damage|p1a: Slowking|19/100
|
|upkeep
|turn|26
|
|t:|1757900089
|move|p1a: Slowking|Ice Beam|p2a: Kingambit
|-resisted|p2a: Kingambit
|-damage|p2a: Kingambit|14/100 par
|move|p2a: Kingambit|Iron Head|p1a: Slowking
|-damage|p1a: Slowking|0 fnt
|faint|p1a: Slowking
|
|upkeep
|
|t:|1757900092
|switch|p1a: Dragonite|Dragonite, F, tera:Fairy|100/100
|turn|27
|
|t:|1757900107
|-end|p2a: Kingambit|fallen5|[silent]
|switch|p2a: Cresselia|Cresselia, F|100/100
|move|p1a: Dragonite|Dragon Dance|p1a: Dragonite
|-boost|p1a: Dragonite|atk|1
|-boost|p1a: Dragonite|spe|1
|
|-fieldend|move: Trick Room
|upkeep
|turn|28
|
|t:|1757900112
|move|p1a: Dragonite|Tera Blast|p2a: Cresselia|[anim] Tera Blast Fairy
|-damage|p2a: Cresselia|71/100
|move|p2a: Cresselia|Trick Room|p2a: Cresselia
|-fieldstart|move: Trick Room|[of] p2a: Cresselia
|
|upkeep
|turn|29
|
|t:|1757900116
|move|p2a: Cresselia|Lunar Dance|p2a: Cresselia
|faint|p2a: Cresselia
|move|p1a: Dragonite|Dragon Dance|p1a: Dragonite
|-boost|p1a: Dragonite|atk|1
|-boost|p1a: Dragonite|spe|1
|
|upkeep
|
|t:|1757900121
|switch|p2a: Mimikyu|Mimikyu, M|100/100
|turn|30
|
|t:|1757900126
|move|p2a: Mimikyu|Will-O-Wisp|p1a: Dragonite
|-status|p1a: Dragonite|brn
|move|p1a: Dragonite|Roost||[still]
|-fail|p1a: Dragonite|heal
|
|-damage|p1a: Dragonite|94/100 brn|[from] brn
|upkeep
|turn|31
|
|t:|1757900138
|move|p2a: Mimikyu|Curse|p1a: Dragonite
|-start|p1a: Dragonite|Curse|[of] p2a: Mimikyu
|-damage|p2a: Mimikyu|50/100
|move|p1a: Dragonite|Dragon Dance|p1a: Dragonite
|-boost|p1a: Dragonite|atk|1
|-boost|p1a: Dragonite|spe|1
|
|-heal|p1a: Dragonite|100/100 brn|[from] item: Leftovers
|-damage|p1a: Dragonite|94/100 brn|[from] brn
|-damage|p1a: Dragonite|69/100 brn|[from] Curse
|upkeep
|turn|32
|
|t:|1757900153
|move|p2a: Mimikyu|Destiny Bond|p2a: Mimikyu
|-singlemove|p2a: Mimikyu|Destiny Bond
|move|p1a: Dragonite|Roost|p1a: Dragonite
|-heal|p1a: Dragonite|100/100 brn
|
|-damage|p1a: Dragonite|94/100 brn|[from] brn
|-damage|p1a: Dragonite|69/100 brn|[from] Curse
|-fieldend|move: Trick Room
|upkeep
|turn|33
|
|t:|1757900162
|move|p1a: Dragonite|Roost|p1a: Dragonite
|-heal|p1a: Dragonite|100/100 brn
|move|p2a: Mimikyu|Trick Room|p2a: Mimikyu
|-fieldstart|move: Trick Room|[of] p2a: Mimikyu
|
|-damage|p1a: Dragonite|94/100 brn|[from] brn
|-damage|p1a: Dragonite|69/100 brn|[from] Curse
|upkeep
|turn|34
|
|t:|1757900185
|move|p1a: Dragonite|Dragon Dance|p1a: Dragonite
|-boost|p1a: Dragonite|atk|1
|-boost|p1a: Dragonite|spe|1
|move|p2a: Mimikyu|Trick Room|p2a: Mimikyu
|-fieldend|move: Trick Room
|
|-heal|p1a: Dragonite|76/100 brn|[from] item: Leftovers
|-damage|p1a: Dragonite|69/100 brn|[from] brn
|-damage|p1a: Dragonite|44/100 brn|[from] Curse
|upkeep
|turn|35
|
|t:|1757900192
|move|p1a: Dragonite|Roost|p1a: Dragonite
|-heal|p1a: Dragonite|95/100 brn
|move|p2a: Mimikyu|Trick Room|p2a: Mimikyu
|-fieldstart|move: Trick Room|[of] p2a: Mimikyu
|
|-heal|p1a: Dragonite|100/100 brn|[from] item: Leftovers
|-damage|p1a: Dragonite|94/100 brn|[from] brn
|-damage|p1a: Dragonite|69/100 brn|[from] Curse
|upkeep
|turn|36
|
|t:|1757900198
|move|p2a: Mimikyu|Will-O-Wisp|p1a: Dragonite
|-fail|p1a: Dragonite|brn
|move|p1a: Dragonite|Earthquake|p2a: Mimikyu
|-activate|p2a: Mimikyu|ability: Disguise
|-damage|p2a: Mimikyu|50/100
|detailschange|p2a: Mimikyu|Mimikyu-Busted, M
|-damage|p2a: Mimikyu|38/100|[from] pokemon: Mimikyu-Busted
|-enditem|p2a: Mimikyu|Red Card|[of] p1a: Dragonite
|drag|p1a: Gholdengo|Gholdengo|2/100
|
|upkeep
|turn|37
|
|t:|1757900207
|switch|p2a: Kingambit|Kingambit, M|14/100 par
|-heal|p2a: Kingambit|100/100|[from] move: Lunar Dance
|-activate|p2a: Kingambit|ability: Supreme Overlord
|-start|p2a: Kingambit|fallen5|[silent]
|move|p1a: Gholdengo|Shadow Ball|p2a: Kingambit
|-resisted|p2a: Kingambit
|-damage|p2a: Kingambit|77/100
|
|upkeep
|turn|38
|
|t:|1757900214
|move|p2a: Kingambit|Iron Head|p1a: Gholdengo
|-resisted|p1a: Gholdengo
|-damage|p1a: Gholdengo|0 fnt
|faint|p1a: Gholdengo
|
|upkeep
|j| FaronAan
|
|t:|1757900230
|switch|p1a: Dragonite|Dragonite, F, tera:Fairy|69/100 brn
|turn|39
|j| huejack
|
|t:|1757900240
|move|p2a: Kingambit|Iron Head|p1a: Dragonite
|-supereffective|p1a: Dragonite
|-crit|p1a: Dragonite
|-damage|p1a: Dragonite|0 fnt
|faint|p1a: Dragonite
|
|win|potayo
|raw|ybg mihan's rating: 1640 &rarr; <strong>1620</strong><br />(-20 for losing)
|raw|potayo's rating: 1641 &rarr; <strong>1661</strong><br />(+20 for winning)
|l|☆potayo
|player|p2|
|l|☆ybg mihan
|player|p1|
|l| huejack
