|j|☆sdgkjshdkf
|j|☆lolproplayer
|t:|1757787391
|gametype|singles
|player|p1|sdgkjshdkf|1|1604
|player|p2|lolproplayer|pokekid|1612
|gen|9
|tier|[Gen 9] OU
|rated|
|rule|HP Percentage Mod: HP is shown in percentages
|rule|Endless Battle Clause: Forcing endless battles is banned
|rule|Species Clause: Limit one of each Pokémon
|rule|OHKO Clause: OHKO moves are banned
|rule|Evasion Items Clause: Evasion items are banned
|rule|Evasion Moves Clause: Evasion moves are banned
|rule|Evasion Abilities Clause: Evasion abilities are banned
|rule|Sleep Moves Clause: Sleep-inducing moves are banned
|clearpoke
|poke|p1|Ribombee, F|
|poke|p1|Gholdengo|
|poke|p1|Dragonite, F|
|poke|p1|Ceruledge, M|
|poke|p1|Great Tusk|
|poke|p1|Comfey, M|
|poke|p2|Ursaluna, F|
|poke|p2|Cresselia, F|
|poke|p2|Iron Hands|
|poke|p2|Volcanion|
|poke|p2|Hatterene, F|
|poke|p2|Porygon2|
|teampreview
|inactive|Battle timer is ON: inactive players will automatically lose when time's up. (requested by lolproplayer)
|inactive|lolproplayer has 120 seconds left.
|
|t:|1757787423
|teamsize|p1|6
|teamsize|p2|6
|start
|switch|p1a: Ceruledge|Ceruledge, M|100/100
|switch|p2a: Molester|Volcanion|100/100
|turn|1
|
|t:|1757787429
|move|p1a: Ceruledge|Swords Dance|p1a: Ceruledge
|-boost|p1a: Ceruledge|atk|2
|move|p2a: Molester|Steam Eruption|p1a: Ceruledge
|-supereffective|p1a: Ceruledge
|-enditem|p1a: Ceruledge|Focus Sash
|-damage|p1a: Ceruledge|1/100
|
|upkeep
|turn|2
|
|t:|1757787456
|switch|p2a: Neckless|Porygon2|100/100
|-ability|p2a: Neckless|Download|boost
|-boost|p2a: Neckless|atk|1
|move|p1a: Ceruledge|Poltergeist|p2a: Neckless
|-immune|p2a: Neckless
|
|upkeep
|turn|3
|
|t:|1757787465
|move|p1a: Ceruledge|Close Combat|p2a: Neckless
|-supereffective|p2a: Neckless
|-damage|p2a: Neckless|0 fnt
|-unboost|p1a: Ceruledge|def|1
|-unboost|p1a: Ceruledge|spd|1
|faint|p2a: Neckless
|
|upkeep
|inactive|lolproplayer has 120 seconds left.
|
|t:|1757787485
|switch|p2a: big mike|Iron Hands|100/100
|-enditem|p2a: big mike|Booster Energy
|-activate|p2a: big mike|ability: Quark Drive|[fromitem]
|-start|p2a: big mike|quarkdriveatk
|turn|4
|
|t:|1757787493
|move|p1a: Ceruledge|Close Combat|p2a: big mike
|-damage|p2a: big mike|45/100
|-unboost|p1a: Ceruledge|def|1
|-unboost|p1a: Ceruledge|spd|1
|move|p2a: big mike|Ice Punch|p1a: Ceruledge
|-resisted|p1a: Ceruledge
|-damage|p1a: Ceruledge|0 fnt
|faint|p1a: Ceruledge
|
|upkeep
|
|t:|1757787501
|switch|p1a: Great Tusk|Great Tusk|100/100
|turn|5
|inactive|lolproplayer has 120 seconds left.
|
|t:|1757787525
|-end|p2a: big mike|Quark Drive|[silent]
|switch|p2a: Moonboy|Cresselia, F, shiny|100/100
|move|p1a: Great Tusk|Earthquake|p2a: Moonboy
|-immune|p2a: Moonboy|[from] ability: Levitate
|
|upkeep
|turn|6
|
|t:|1757787532
|move|p1a: Great Tusk|Stealth Rock|p2a: Moonboy
|-sidestart|p2: lolproplayer|move: Stealth Rock
|move|p2a: Moonboy|Trick Room|p2a: Moonboy
|-fieldstart|move: Trick Room|[of] p2a: Moonboy
|
|upkeep
|turn|7
|
|t:|1757787538
|move|p2a: Moonboy|Psychic|p1a: Great Tusk
|-supereffective|p1a: Great Tusk
|-damage|p1a: Great Tusk|31/100
|move|p1a: Great Tusk|Knock Off|p2a: Moonboy
|-supereffective|p2a: Moonboy
|-damage|p2a: Moonboy|68/100
|-enditem|p2a: Moonboy|Mental Herb|[from] move: Knock Off|[of] p1a: Great Tusk
|
|-heal|p1a: Great Tusk|37/100|[from] item: Leftovers
|upkeep
|turn|8
|
|t:|1757787549
|switch|p2a: AssFrasser|Ursaluna, F|100/100
|-damage|p2a: AssFrasser|94/100|[from] Stealth Rock
|move|p1a: Great Tusk|Rapid Spin|p2a: AssFrasser
|-damage|p2a: AssFrasser|84/100
|-boost|p1a: Great Tusk|spe|1
|
|-heal|p1a: Great Tusk|43/100|[from] item: Leftovers
|-status|p2a: AssFrasser|brn|[from] item: Flame Orb
|upkeep
|turn|9
|
|t:|1757787559
|-end|p1a: Great Tusk|Protosynthesis|[silent]
|switch|p1a: Ribombee|Ribombee, F|100/100
|move|p2a: AssFrasser|Facade|p1a: Ribombee
|-enditem|p1a: Ribombee|Focus Sash
|-damage|p1a: Ribombee|1/100
|
|-damage|p2a: AssFrasser|78/100 brn|[from] brn
|upkeep
|turn|10
|
|t:|1757787567
|move|p2a: AssFrasser|Facade|p1a: Ribombee
|-crit|p1a: Ribombee
|-damage|p1a: Ribombee|0 fnt
|faint|p1a: Ribombee
|
|-damage|p2a: AssFrasser|72/100 brn|[from] brn
|-fieldend|move: Trick Room
|upkeep
|
|t:|1757787576
|switch|p1a: Great Tusk|Great Tusk|43/100
|turn|11
|
|t:|1757787584
|switch|p2a: Moonboy|Cresselia, F, shiny|68/100
|-damage|p2a: Moonboy|55/100|[from] Stealth Rock
|move|p1a: Great Tusk|Earthquake|p2a: Moonboy
|-immune|p2a: Moonboy|[from] ability: Levitate
|
|-heal|p1a: Great Tusk|50/100|[from] item: Leftovers
|upkeep
|turn|12
|j| wgw2333
|l| wgw2333
|
|t:|1757787596
|move|p1a: Great Tusk|Knock Off|p2a: Moonboy
|-supereffective|p2a: Moonboy
|-damage|p2a: Moonboy|32/100
|move|p2a: Moonboy|Trick Room|p2a: Moonboy
|-fieldstart|move: Trick Room|[of] p2a: Moonboy
|
|-heal|p1a: Great Tusk|56/100|[from] item: Leftovers
|upkeep
|turn|13
|
|t:|1757787602
|move|p2a: Moonboy|Psychic|p1a: Great Tusk
|-supereffective|p1a: Great Tusk
|-damage|p1a: Great Tusk|0 fnt
|faint|p1a: Great Tusk
|-end|p1a: Great Tusk|Protosynthesis|[silent]
|
|upkeep
|
|t:|1757787610
|switch|p1a: Dragonite|Dragonite, F|100/100
|turn|14
|
|t:|1757787614
|move|p2a: Moonboy|Lunar Dance|p2a: Moonboy
|faint|p2a: Moonboy
|move|p1a: Dragonite|Dragon Dance|p1a: Dragonite
|-boost|p1a: Dragonite|atk|1
|-boost|p1a: Dragonite|spe|1
|
|upkeep
|
|t:|1757787632
|switch|p2a: queer|Hatterene, F|100/100
|turn|15
|
|t:|1757787641
|-terastallize|p1a: Dragonite|Normal
|move|p2a: queer|Dazzling Gleam|p1a: Dragonite
|-damage|p1a: Dragonite|84/100
|move|p1a: Dragonite|Dragon Dance|p1a: Dragonite
|-boost|p1a: Dragonite|atk|1
|-boost|p1a: Dragonite|spe|1
|
|upkeep
|turn|16
|
|t:|1757787650
|move|p2a: queer|Psychic Noise|p1a: Dragonite
|-damage|p1a: Dragonite|52/100
|-start|p1a: Dragonite|move: Heal Block
|cant|p1a: Dragonite|move: Heal Block|Roost
|
|-fieldend|move: Trick Room
|upkeep
|turn|17
|
|t:|1757787657
|move|p1a: Dragonite|Extreme Speed|p2a: queer
|-damage|p2a: queer|22/100
|move|p2a: queer|Trick Room|p2a: queer
|-fieldstart|move: Trick Room|[of] p2a: queer
|
|-end|p1a: Dragonite|move: Heal Block
|upkeep
|turn|18
|
|t:|1757787668
|move|p1a: Dragonite|Extreme Speed|p2a: queer
|-damage|p2a: queer|0 fnt
|faint|p2a: queer
|
|upkeep
|
|t:|1757787683
|switch|p2a: AssFrasser|Ursaluna, F|72/100 brn
|-heal|p2a: AssFrasser|100/100|[from] move: Lunar Dance
|-damage|p2a: AssFrasser|94/100|[from] Stealth Rock
|turn|19
|
|t:|1757787701
|switch|p1a: Gholdengo|Gholdengo|100/100
|-item|p1a: Gholdengo|Air Balloon
|move|p2a: AssFrasser|Headlong Rush|p1a: Gholdengo
|-immune|p1a: Gholdengo
|
|-status|p2a: AssFrasser|brn|[from] item: Flame Orb
|upkeep
|turn|20
|
|t:|1757787715
|switch|p1a: Comfey|Comfey, M|100/100
|move|p2a: AssFrasser|Fire Punch|p1a: Comfey
|-damage|p1a: Comfey|48/100
|
|-damage|p2a: AssFrasser|88/100 brn|[from] brn
|upkeep
|turn|21
|
|t:|1757787723
|move|p1a: Comfey|Draining Kiss|p2a: AssFrasser
|-damage|p2a: AssFrasser|65/100 brn
|-heal|p1a: Comfey|75/100|[from] drain|[of] p2a: AssFrasser
|-damage|p1a: Comfey|65/100|[from] item: Life Orb
|move|p2a: AssFrasser|Facade|p1a: Comfey
|-damage|p1a: Comfey|0 fnt
|faint|p1a: Comfey
|
|-damage|p2a: AssFrasser|58/100 brn|[from] brn
|-fieldend|move: Trick Room
|upkeep
|
|t:|1757787736
|switch|p1a: Dragonite|Dragonite, F, tera:Normal|52/100
|turn|22
|j| LifeIsALieee
|
|t:|1757787747
|move|p1a: Dragonite|Roost|p1a: Dragonite
|-heal|p1a: Dragonite|100/100
|move|p2a: AssFrasser|Facade|p1a: Dragonite
|-damage|p1a: Dragonite|36/100
|
|-damage|p2a: AssFrasser|52/100 brn|[from] brn
|upkeep
|turn|23
|
|t:|1757787758
|move|p1a: Dragonite|Earthquake|p2a: AssFrasser
|-damage|p2a: AssFrasser|23/100 brn
|move|p2a: AssFrasser|Fire Punch|p1a: Dragonite
|-damage|p1a: Dragonite|0 fnt
|faint|p1a: Dragonite
|
|-damage|p2a: AssFrasser|16/100 brn|[from] brn
|upkeep
|
|t:|1757787761
|switch|p1a: Gholdengo|Gholdengo|100/100
|-item|p1a: Gholdengo|Air Balloon
|turn|24
|
|t:|1757787768
|move|p1a: Gholdengo|Nasty Plot|p1a: Gholdengo
|-boost|p1a: Gholdengo|spa|2
|move|p2a: AssFrasser|Fire Punch|p1a: Gholdengo
|-supereffective|p1a: Gholdengo
|-damage|p1a: Gholdengo|0 fnt
|-enditem|p1a: Gholdengo|Air Balloon
|faint|p1a: Gholdengo
|
|win|lolproplayer
|raw|sdgkjshdkf's rating: 1604 &rarr; <strong>1584</strong><br />(-20 for losing)
|raw|lolproplayer's rating: 1612 &rarr; <strong>1632</strong><br />(+20 for winning)
|l|☆sdgkjshdkf
|player|p1|
|l|☆lolproplayer
|player|p2|
|l| LifeIsALieee
