|j|☆noob1877 test
|j|☆Moreini
|t:|1757867119
|gametype|singles
|player|p1|noob1877 test|1|1747
|player|p2|Moreini|101|1700
|gen|9
|tier|[Gen 9] OU
|rated|
|rule|HP Percentage Mod: HP is shown in percentages
|rule|Endless Battle Clause: Forcing endless battles is banned
|rule|Species Clause: Limit one of each Pokémon
|rule|OHKO Clause: OHKO moves are banned
|rule|Evasion Items Clause: Evasion items are banned
|rule|Evasion Moves Clause: Evasion moves are banned
|rule|Evasion Abilities Clause: Evasion abilities are banned
|rule|Sleep Moves Clause: Sleep-inducing moves are banned
|clearpoke
|poke|p1|Fezandipiti, M|
|poke|p1|Weavile, F|
|poke|p1|Great Tusk|
|poke|p1|Mandibuzz, F|
|poke|p1|Iron Crown|
|poke|p1|Zapdos|
|poke|p2|Indeedee, M|
|poke|p2|Great Tusk|
|poke|p2|Iron Crown|
|poke|p2|Polteageist|
|poke|p2|Hawlucha, F|
|poke|p2|Deoxys-Speed|
|teampreview
|inactive|Battle timer is ON: inactive players will automatically lose when time's up. (requested by Moreini)
|
|t:|1757867138
|teamsize|p1|6
|teamsize|p2|6
|start
|switch|p1a: Fezandipiti|Fezandipiti, M|100/100
|switch|p2a: Deoxys|Deoxys-Speed|100/100
|-ability|p2a: Deoxys|Pressure
|turn|1
|
|t:|1757867145
|switch|p2a: Great Tusk|Great Tusk|100/100
|-terastallize|p1a: Fezandipiti|Dark
|move|p1a: Fezandipiti|Beat Up|p2a: Great Tusk
|-resisted|p2a: Great Tusk
|-damage|p2a: Great Tusk|99/100
|-status|p2a: Great Tusk|tox|[from] ability: Toxic Chain|[of] p1a: Fezandipiti
|-resisted|p2a: Great Tusk
|-damage|p2a: Great Tusk|98/100 tox
|-resisted|p2a: Great Tusk
|-damage|p2a: Great Tusk|96/100 tox
|-resisted|p2a: Great Tusk
|-damage|p2a: Great Tusk|95/100 tox
|-resisted|p2a: Great Tusk
|-damage|p2a: Great Tusk|94/100 tox
|-resisted|p2a: Great Tusk
|-damage|p2a: Great Tusk|92/100 tox
|-hitcount|p2a: Great Tusk|6
|
|-damage|p2a: Great Tusk|86/100 tox|[from] psn
|upkeep
|turn|2
|
|t:|1757867157
|switch|p1a: Zapdos|Zapdos|100/100
|move|p2a: Great Tusk|Stealth Rock|p1a: Zapdos
|-sidestart|p1: noob1877 test|move: Stealth Rock
|
|-damage|p2a: Great Tusk|74/100 tox|[from] psn
|upkeep
|turn|3
|
|t:|1757867161
|move|p1a: Zapdos|Hurricane|p2a: Great Tusk
|-supereffective|p2a: Great Tusk
|-damage|p2a: Great Tusk|0 fnt
|faint|p2a: Great Tusk
|-end|p2a: Great Tusk|Protosynthesis|[silent]
|
|upkeep
|
|t:|1757867164
|switch|p2a: Iron Crown|Iron Crown|100/100
|turn|4
|
|t:|1757867176
|move|p1a: Zapdos|Volt Switch|p2a: Iron Crown
|-damage|p2a: Iron Crown|65/100
|
|t:|1757867177
|switch|p1a: Fezandipiti|Fezandipiti, M, tera:Dark|100/100|[from] Volt Switch
|move|p2a: Iron Crown|Tachyon Cutter|p1a: Fezandipiti
|-damage|p1a: Fezandipiti|76/100
|-damage|p1a: Fezandipiti|50/100
|-hitcount|p1a: Fezandipiti|2
|
|upkeep
|turn|5
|
|t:|1757867187
|switch|p1a: Zapdos|Zapdos|100/100
|move|p2a: Iron Crown|Tachyon Cutter|p1a: Zapdos
|-resisted|p1a: Zapdos
|-damage|p1a: Zapdos|80/100
|-resisted|p1a: Zapdos
|-damage|p1a: Zapdos|57/100
|-hitcount|p1a: Zapdos|2
|
|upkeep
|turn|6
|
|t:|1757867193
|-end|p2a: Iron Crown|Quark Drive|[silent]
|switch|p2a: Indeedee|Indeedee, M|100/100
|-fieldstart|move: Psychic Terrain|[from] ability: Psychic Surge|[of] p2a: Indeedee
|move|p1a: Zapdos|Heat Wave|p2a: Indeedee
|-damage|p2a: Indeedee|56/100
|
|upkeep
|turn|7
|
|t:|1757867204
|move|p1a: Zapdos|Hurricane|p2a: Indeedee|[miss]
|-miss|p1a: Zapdos|p2a: Indeedee
|move|p2a: Indeedee|Dazzling Gleam|p1a: Zapdos
|-damage|p1a: Zapdos|29/100
|
|upkeep
|turn|8
|
|t:|1757867209
|move|p1a: Zapdos|Hurricane|p2a: Indeedee
|-damage|p2a: Indeedee|0 fnt
|faint|p2a: Indeedee
|
|upkeep
|
|t:|1757867213
|switch|p2a: Deoxys|Deoxys-Speed|100/100
|-ability|p2a: Deoxys|Pressure
|turn|9
|
|t:|1757867216
|move|p2a: Deoxys|Expanding Force|p1a: Zapdos
|-damage|p1a: Zapdos|0 fnt
|faint|p1a: Zapdos
|
|upkeep
|
|t:|1757867218
|switch|p1a: Fezandipiti|Fezandipiti, M, tera:Dark|50/100
|turn|10
|
|t:|1757867224
|move|p2a: Deoxys|Superpower|p1a: Fezandipiti
|-supereffective|p1a: Fezandipiti
|-damage|p1a: Fezandipiti|0 fnt
|-unboost|p2a: Deoxys|atk|1
|-unboost|p2a: Deoxys|def|1
|faint|p1a: Fezandipiti
|
|upkeep
|
|t:|1757867229
|switch|p1a: Iron Crown|Iron Crown|100/100
|-damage|p1a: Iron Crown|94/100|[from] Stealth Rock
|turn|11
|
|t:|1757867234
|switch|p2a: Iron Crown|Iron Crown|65/100
|move|p1a: Iron Crown|Tachyon Cutter|p2a: Iron Crown
|-resisted|p2a: Iron Crown
|-damage|p2a: Iron Crown|48/100
|-resisted|p2a: Iron Crown
|-damage|p2a: Iron Crown|28/100
|-hitcount|p2a: Iron Crown|2
|
|upkeep
|turn|12
|
|t:|1757867237
|move|p2a: Iron Crown|Volt Switch|p1a: Iron Crown
|-damage|p1a: Iron Crown|60/100
|
|t:|1757867240
|-end|p2a: Iron Crown|Quark Drive|[silent]
|switch|p2a: Hawlucha|Hawlucha, F|100/100|[from] Volt Switch
|-enditem|p2a: Hawlucha|Psychic Seed
|-boost|p2a: Hawlucha|spd|1|[from] item: Psychic Seed
|move|p1a: Iron Crown|Tachyon Cutter|p2a: Hawlucha
|-damage|p2a: Hawlucha|66/100
|-damage|p2a: Hawlucha|29/100
|-hitcount|p2a: Hawlucha|2
|
|upkeep
|turn|13
|
|t:|1757867246
|move|p2a: Hawlucha|Close Combat|p1a: Iron Crown
|-damage|p1a: Iron Crown|0 fnt
|-unboost|p2a: Hawlucha|def|1
|-unboost|p2a: Hawlucha|spd|1
|faint|p1a: Iron Crown
|-end|p1a: Iron Crown|Quark Drive|[silent]
|
|-fieldend|move: Psychic Terrain
|upkeep
|
|t:|1757867256
|switch|p1a: Weavile|Weavile, F|100/100
|-damage|p1a: Weavile|76/100|[from] Stealth Rock
|-ability|p1a: Weavile|Pressure
|turn|14
|
|t:|1757867264
|move|p1a: Weavile|Ice Shard|p2a: Hawlucha
|-supereffective|p2a: Hawlucha
|-crit|p2a: Hawlucha
|-damage|p2a: Hawlucha|0 fnt
|faint|p2a: Hawlucha
|
|upkeep
|
|t:|1757867266
|switch|p2a: Deoxys|Deoxys-Speed|100/100
|-ability|p2a: Deoxys|Pressure
|turn|15
|
|t:|1757867269
|switch|p1a: Mandibuzz|Mandibuzz, F|100/100
|move|p2a: Deoxys|Superpower|p1a: Mandibuzz
|-damage|p1a: Mandibuzz|84/100
|-unboost|p2a: Deoxys|atk|1
|-unboost|p2a: Deoxys|def|1
|
|upkeep
|turn|16
|
|t:|1757867274
|move|p2a: Deoxys|Meteor Beam||[still]
|-prepare|p2a: Deoxys|Meteor Beam
|-boost|p2a: Deoxys|spa|1
|-enditem|p2a: Deoxys|Power Herb
|-anim|p2a: Deoxys|Meteor Beam|p1a: Mandibuzz
|-supereffective|p1a: Mandibuzz
|-damage|p1a: Mandibuzz|0 fnt
|faint|p1a: Mandibuzz
|
|upkeep
|
|t:|1757867279
|switch|p1a: Weavile|Weavile, F|76/100
|-damage|p1a: Weavile|51/100|[from] Stealth Rock
|-ability|p1a: Weavile|Pressure
|turn|17
|
|t:|1757867281
|move|p1a: Weavile|Ice Shard|p2a: Deoxys
|-damage|p2a: Deoxys|28/100
|move|p2a: Deoxys|Superpower|p1a: Weavile
|-supereffective|p1a: Weavile
|-damage|p1a: Weavile|0 fnt
|-unboost|p2a: Deoxys|atk|1
|-unboost|p2a: Deoxys|def|1
|faint|p1a: Weavile
|
|upkeep
|
|t:|1757867282
|switch|p1a: Great Tusk|Great Tusk|100/100
|turn|18
|-message|noob1877 test forfeited.
|
|win|Moreini
|raw|noob1877 test's rating: 1747 &rarr; <strong>1724</strong><br />(-23 for losing)
|raw|Moreini's rating: 1700 &rarr; <strong>1723</strong><br />(+23 for winning)
|l|☆noob1877 test
|player|p1|
|l|☆Moreini
|player|p2|
