|j|☆Jinghan Yu
|j|☆jessies boyfriend
|t:|1757895798
|gametype|singles
|player|p1|Jinghan Yu|nate|1373
|player|p2|jessies boyfriend|brock|1395
|gen|9
|tier|[Gen 9] OU
|rated|
|rule|HP Percentage Mod: HP is shown in percentages
|rule|Endless Battle Clause: Forcing endless battles is banned
|rule|Species Clause: Limit one of each Pokémon
|rule|OHKO Clause: OHKO moves are banned
|rule|Evasion Items Clause: Evasion items are banned
|rule|Evasion Moves Clause: Evasion moves are banned
|rule|Evasion Abilities Clause: Evasion abilities are banned
|rule|Sleep Moves Clause: Sleep-inducing moves are banned
|clearpoke
|poke|p1|Scizor, M|
|poke|p1|Tyranitar, M|
|poke|p1|Garchomp, M|
|poke|p1|Gyarados, M|
|poke|p1|Gengar, M|
|poke|p1|Excadrill, M|
|poke|p2|Muk-Alola, F|
|poke|p2|Alomomola, M|
|poke|p2|Revavroom, F|
|poke|p2|Iron Moth|
|poke|p2|Great Tusk|
|poke|p2|Glimmora, M|
|teampreview
|inactive|Battle timer is ON: inactive players will automatically lose when time's up. (requested by jessies boyfriend)
|
|t:|1757895828
|teamsize|p1|6
|teamsize|p2|6
|start
|switch|p1a: Osten|Gyarados, M, shiny|100/100
|switch|p2a: Muk|Muk-Alola, F|100/100
|-ability|p1a: Osten|Intimidate|boost
|-unboost|p2a: Muk|atk|1
|turn|1
|
|t:|1757895832
|move|p1a: Osten|Dragon Dance|p1a: Osten
|-boost|p1a: Osten|atk|1
|-boost|p1a: Osten|spe|1
|move|p2a: Muk|Knock Off|p1a: Osten
|-damage|p1a: Osten|71/100
|-enditem|p1a: Osten|Leftovers|[from] move: Knock Off|[of] p2a: Muk
|
|upkeep
|turn|2
|
|t:|1757895840
|move|p1a: Osten|Dragon Dance|p1a: Osten
|-boost|p1a: Osten|atk|1
|-boost|p1a: Osten|spe|1
|move|p2a: Muk|Poison Jab|p1a: Osten
|-damage|p1a: Osten|48/100
|
|upkeep
|turn|3
|
|t:|1757895847
|switch|p2a: Alomomola|Alomomola, M|100/100
|move|p1a: Osten|Waterfall|p2a: Alomomola
|-resisted|p2a: Alomomola
|-damage|p2a: Alomomola|70/100
|
|-heal|p2a: Alomomola|77/100|[from] item: Leftovers
|upkeep
|turn|4
|
|t:|1757895850
|-terastallize|p1a: Osten|Flying
|move|p1a: Osten|Tera Blast|p2a: Alomomola|[anim] Tera Blast Flying
|-damage|p2a: Alomomola|1/100
|move|p2a: Alomomola|Body Slam|p1a: Osten
|-damage|p1a: Osten|27/100
|
|-heal|p2a: Alomomola|8/100|[from] item: Leftovers
|upkeep
|turn|5
|
|t:|1757895858
|switch|p2a: Glimmora|Glimmora, M|100/100
|move|p1a: Osten|Tera Blast|p2a: Glimmora|[anim] Tera Blast Flying
|-resisted|p2a: Glimmora
|-damage|p2a: Glimmora|30/100
|-activate|p2a: Glimmora|ability: Toxic Debris
|-sidestart|p1: Jinghan Yu|move: Toxic Spikes
|-enditem|p2a: Glimmora|Red Card|[of] p1a: Osten
|drag|p1a: Nasim|Gengar, M|100/100
|-sideend|p1: Jinghan Yu|move: Toxic Spikes|[of] p1a: Nasim
|
|upkeep
|turn|6
|
|t:|1757895864
|switch|p2a: Muk|Muk-Alola, F|100/100
|move|p1a: Nasim|Hex|p2a: Muk
|-resisted|p2a: Muk
|-damage|p2a: Muk|91/100
|
|upkeep
|turn|7
|
|t:|1757895872
|switch|p1a: Osten|Gyarados, M, shiny, tera:Flying|27/100
|-ability|p1a: Osten|Intimidate|boost
|-unboost|p2a: Muk|atk|1
|switch|p2a: Alomomola|Alomomola, M|41/100
|
|-heal|p2a: Alomomola|47/100|[from] item: Leftovers
|upkeep
|turn|8
|
|t:|1757895889
|move|p1a: Osten|Dragon Dance|p1a: Osten
|-boost|p1a: Osten|atk|1
|-boost|p1a: Osten|spe|1
|move|p2a: Alomomola|Flip Turn|p1a: Osten
|-damage|p1a: Osten|7/100
|
|t:|1757895892
|switch|p2a: Muk|Muk-Alola, F|91/100|[from] Flip Turn
|
|upkeep
|turn|9
|
|t:|1757895896
|move|p2a: Muk|Shadow Sneak|p1a: Osten
|-damage|p1a: Osten|0 fnt
|faint|p1a: Osten
|
|upkeep
|
|t:|1757895899
|switch|p1a: Timothy|Tyranitar, M|100/100
|-weather|Sandstorm|[from] ability: Sand Stream|[of] p1a: Timothy
|turn|10
|
|t:|1757895904
|move|p1a: Timothy|Stealth Rock|p2a: Muk
|-sidestart|p2: jessies boyfriend|move: Stealth Rock
|move|p2a: Muk|Drain Punch|p1a: Timothy
|-supereffective|p1a: Timothy
|-damage|p1a: Timothy|36/100
|-heal|p2a: Muk|100/100|[from] drain|[of] p1a: Timothy
|
|-weather|Sandstorm|[upkeep]
|-damage|p2a: Muk|94/100|[from] Sandstorm
|upkeep
|turn|11
|
|t:|1757895909
|switch|p1a: Nasim|Gengar, M|100/100
|move|p2a: Muk|Knock Off|p1a: Nasim
|-supereffective|p1a: Nasim
|-damage|p1a: Nasim|0 fnt
|-start|p2a: Muk|Disable|Knock Off|[from] ability: Cursed Body|[of] p1a: Nasim
|-enditem|p1a: Nasim|Salac Berry|[from] move: Knock Off|[of] p2a: Muk
|faint|p1a: Nasim
|
|-weather|Sandstorm|[upkeep]
|-damage|p2a: Muk|88/100|[from] Sandstorm
|upkeep
|
|t:|1757895914
|switch|p1a: Emmett|Excadrill, M|100/100
|-item|p1a: Emmett|Air Balloon
|turn|12
|
|t:|1757895917
|-terastallize|p2a: Muk|Ghost
|move|p1a: Emmett|Earthquake|p2a: Muk
|-damage|p2a: Muk|48/100
|move|p2a: Muk|Drain Punch|p1a: Emmett
|-supereffective|p1a: Emmett
|-damage|p1a: Emmett|49/100
|-heal|p2a: Muk|71/100|[from] drain|[of] p1a: Emmett
|-enditem|p1a: Emmett|Air Balloon
|
|-weather|Sandstorm|[upkeep]
|-damage|p2a: Muk|65/100|[from] Sandstorm
|upkeep
|turn|13
|
|t:|1757895929
|move|p1a: Emmett|Earthquake|p2a: Muk
|-damage|p2a: Muk|24/100
|move|p2a: Muk|Drain Punch|p1a: Emmett
|-supereffective|p1a: Emmett
|-damage|p1a: Emmett|0 fnt
|-heal|p2a: Muk|45/100|[from] drain|[of] p1a: Emmett
|faint|p1a: Emmett
|
|-weather|Sandstorm|[upkeep]
|-damage|p2a: Muk|39/100|[from] Sandstorm
|upkeep
|
|t:|1757895935
|switch|p1a: Boden|Scizor, M, shiny|100/100
|turn|14
|
|t:|1757895943
|move|p1a: Boden|Swords Dance|p1a: Boden
|-boost|p1a: Boden|atk|2
|move|p2a: Muk|Drain Punch|p1a: Boden
|-damage|p1a: Boden|82/100
|-heal|p2a: Muk|46/100|[from] drain|[of] p1a: Boden
|
|-weather|Sandstorm|[upkeep]
|-damage|p2a: Muk|40/100|[from] Sandstorm
|-end|p2a: Muk|Disable
|upkeep
|turn|15
|
|t:|1757895948
|switch|p2a: Glimmora|Glimmora, M|30/100
|-damage|p2a: Glimmora|17/100|[from] Stealth Rock
|move|p1a: Boden|Swords Dance|p1a: Boden
|-boost|p1a: Boden|atk|2
|
|-weather|Sandstorm|[upkeep]
|upkeep
|turn|16
|
|t:|1757895955
|move|p2a: Glimmora|Spiky Shield|p2a: Glimmora
|-singleturn|p2a: Glimmora|move: Protect
|move|p1a: Boden|Swords Dance|p1a: Boden
|-boost|p1a: Boden|atk|2
|
|-weather|Sandstorm|[upkeep]
|upkeep
|turn|17
|
|t:|1757895957
|move|p2a: Glimmora|Spiky Shield||[still]
|-fail|p2a: Glimmora
|move|p1a: Boden|Bullet Punch|p2a: Glimmora
|-supereffective|p2a: Glimmora
|-damage|p2a: Glimmora|0 fnt
|-activate|p2a: Glimmora|ability: Toxic Debris
|-sidestart|p1: Jinghan Yu|move: Toxic Spikes
|faint|p2a: Glimmora
|
|-weather|none
|upkeep
|
|t:|1757895962
|switch|p2a: Alomomola|Alomomola, M|81/100
|-damage|p2a: Alomomola|68/100|[from] Stealth Rock
|turn|18
|
|t:|1757895964
|switch|p2a: Muk|Muk-Alola, F, tera:Ghost|40/100
|-damage|p2a: Muk|27/100|[from] Stealth Rock
|move|p1a: Boden|Dual Wingbeat|p2a: Muk
|-damage|p2a: Muk|0 fnt
|faint|p2a: Muk
|-hitcount|p2: Muk|1
|
|upkeep
|
|t:|1757895976
|switch|p2a: Alomomola|Alomomola, M|100/100
|-damage|p2a: Alomomola|88/100|[from] Stealth Rock
|turn|19
|
|t:|1757895979
|move|p1a: Boden|Dual Wingbeat|p2a: Alomomola
|-damage|p2a: Alomomola|34/100
|-damage|p2a: Alomomola|0 fnt
|faint|p2a: Alomomola
|-hitcount|p2: Alomomola|2
|
|upkeep
|
|t:|1757895987
|switch|p2a: Revavroom|Revavroom, F|100/100
|-damage|p2a: Revavroom|94/100|[from] Stealth Rock
|turn|20
|
|t:|1757895989
|move|p2a: Revavroom|Temper Flare|p1a: Boden
|-supereffective|p1a: Boden
|-crit|p1a: Boden
|-damage|p1a: Boden|0 fnt
|faint|p1a: Boden
|
|-heal|p2a: Revavroom|100/100|[from] item: Leftovers
|upkeep
|
|t:|1757895994
|switch|p1a: Mangus|Garchomp, M, shiny|100/100
|-status|p1a: Mangus|psn
|turn|21
|
|t:|1757896009
|switch|p2a: Iron Moth|Iron Moth|100/100
|move|p1a: Mangus|Swords Dance|p1a: Mangus
|-boost|p1a: Mangus|atk|2
|
|-damage|p1a: Mangus|88/100 psn|[from] psn
|upkeep
|turn|22
|
|t:|1757896014
|move|p2a: Iron Moth|Venoshock|p1a: Mangus
|-resisted|p1a: Mangus
|-damage|p1a: Mangus|44/100 psn
|move|p1a: Mangus|Scale Shot|p2a: Iron Moth
|-damage|p2a: Iron Moth|52/100
|-damage|p2a: Iron Moth|8/100
|-damage|p2a: Iron Moth|0 fnt
|faint|p2a: Iron Moth
|-end|p2a: Iron Moth|Quark Drive|[silent]
|-hitcount|p2: Iron Moth|3
|-unboost|p1a: Mangus|def|1
|-boost|p1a: Mangus|spe|1
|
|-damage|p1a: Mangus|32/100 psn|[from] psn
|upkeep
|
|t:|1757896020
|switch|p2a: Great Tusk|Great Tusk|100/100
|-damage|p2a: Great Tusk|98/100|[from] Stealth Rock
|-enditem|p2a: Great Tusk|Booster Energy
|-activate|p2a: Great Tusk|ability: Protosynthesis|[fromitem]
|-start|p2a: Great Tusk|protosynthesisspe
|turn|23
|
|t:|1757896023
|move|p1a: Mangus|Scale Shot|p2a: Great Tusk
|-damage|p2a: Great Tusk|78/100
|-damage|p2a: Great Tusk|58/100
|-damage|p2a: Great Tusk|38/100
|-hitcount|p2a: Great Tusk|3
|-unboost|p1a: Mangus|def|1
|-boost|p1a: Mangus|spe|1
|move|p2a: Great Tusk|Ice Spinner|p1a: Mangus
|-supereffective|p1a: Mangus
|-damage|p1a: Mangus|0 fnt
|-damage|p2a: Great Tusk|26/100|[from] ability: Rough Skin|[of] p1a: Mangus
|-damage|p2a: Great Tusk|9/100|[from] item: Rocky Helmet|[of] p1a: Mangus
|faint|p1a: Mangus
|
|upkeep
|
|t:|1757896032
|switch|p1a: Timothy|Tyranitar, M|36/100
|-status|p1a: Timothy|psn
|-weather|Sandstorm|[from] ability: Sand Stream|[of] p1a: Timothy
|turn|24
|-message|Jinghan Yu forfeited.
|
|win|jessies boyfriend
|raw|Jinghan Yu's rating: 1373 &rarr; <strong>1354</strong><br />(-19 for losing)
|raw|jessies boyfriend's rating: 1395 &rarr; <strong>1414</strong><br />(+19 for winning)
|l|☆Jinghan Yu
|player|p1|
|l|☆jessies boyfriend
|player|p2|
