|j|☆TheDeivi9
|j|☆aalhadk
|t:|1757848158
|gametype|singles
|player|p1|TheDeivi9|265|1465
|player|p2|aalhadk|169|1450
|gen|9
|tier|[Gen 9] OU
|rated|
|rule|HP Percentage Mod: HP is shown in percentages
|rule|Endless Battle Clause: Forcing endless battles is banned
|rule|Species Clause: Limit one of each Pokémon
|rule|OHKO Clause: OHKO moves are banned
|rule|Evasion Items Clause: Evasion items are banned
|rule|Evasion Moves Clause: Evasion moves are banned
|rule|Evasion Abilities Clause: Evasion abilities are banned
|rule|Sleep Moves Clause: Sleep-inducing moves are banned
|clearpoke
|poke|p1|Gliscor, F|
|poke|p1|Quagsire, F|
|poke|p1|Darkrai|
|poke|p1|Jirachi|
|poke|p1|Haunter, F|
|poke|p1|Cresselia, F|
|poke|p2|Rillaboom, M|
|poke|p2|Zamazenta-*|
|poke|p2|Heatran, M|
|poke|p2|Great Tusk|
|poke|p2|Raging Bolt|
|poke|p2|Comfey, F|
|teampreview
|inactive|Battle timer is ON: inactive players will automatically lose when time's up. (requested by aalhadk)
|inactive|aalhadk has 120 seconds left.
|inactive|aalhadk has 90 seconds left.
|inactive|aalhadk has 60 seconds left.
|
|t:|1757848251
|teamsize|p1|6
|teamsize|p2|6
|start
|switch|p1a: Haunter|Haunter, F, shiny|100/100
|switch|p2a: Hulk|Rillaboom, M|100/100
|-fieldstart|move: Grassy Terrain|[from] ability: Grassy Surge|[of] p2a: Hulk
|turn|1
|
|t:|1757848254
|switch|p2a: Iron Man|Heatran, M|100/100
|move|p1a: Haunter|Sludge Bomb|p2a: Iron Man
|-immune|p2a: Iron Man
|
|upkeep
|turn|2
|
|t:|1757848259
|move|p1a: Haunter|Shadow Ball|p2a: Iron Man
|-damage|p2a: Iron Man|76/100
|move|p2a: Iron Man|Magma Storm|p1a: Haunter
|-damage|p1a: Haunter|33/100
|-activate|p1a: Haunter|move: Magma Storm|[of] p2a: Iron Man
|
|-heal|p2a: Iron Man|82/100|[from] Grassy Terrain
|-heal|p2a: Iron Man|89/100|[from] item: Leftovers
|-damage|p1a: Haunter|20/100|[from] move: Magma Storm|[partiallytrapped]
|upkeep
|turn|3
|
|t:|1757848261
|move|p1a: Haunter|Destiny Bond|p1a: Haunter
|-singlemove|p1a: Haunter|Destiny Bond
|move|p2a: Iron Man|Stealth Rock|p1a: Haunter
|-sidestart|p1: TheDeivi9|move: Stealth Rock
|
|-heal|p2a: Iron Man|95/100|[from] Grassy Terrain
|-heal|p2a: Iron Man|100/100|[from] item: Leftovers
|-damage|p1a: Haunter|8/100|[from] move: Magma Storm|[partiallytrapped]
|upkeep
|turn|4
|
|t:|1757848265
|move|p1a: Haunter|Thunderbolt|p2a: Iron Man
|-damage|p2a: Iron Man|82/100
|move|p2a: Iron Man|Taunt|p1a: Haunter
|-start|p1a: Haunter|move: Taunt
|
|-heal|p2a: Iron Man|88/100|[from] Grassy Terrain
|-heal|p2a: Iron Man|95/100|[from] item: Leftovers
|-damage|p1a: Haunter|0 fnt|[from] move: Magma Storm|[partiallytrapped]
|faint|p1a: Haunter
|upkeep
|
|t:|1757848285
|switch|p1a: Quagsire|Quagsire, F, shiny|100/100
|-damage|p1a: Quagsire|94/100|[from] Stealth Rock
|turn|5
|
|t:|1757848304
|move|p2a: Iron Man|Magma Storm|p1a: Quagsire|[miss]
|-miss|p2a: Iron Man|p1a: Quagsire
|move|p1a: Quagsire|Earthquake|p2a: Iron Man
|-supereffective|p2a: Iron Man
|-damage|p2a: Iron Man|17/100
|
|-heal|p2a: Iron Man|23/100|[from] Grassy Terrain
|-heal|p2a: Iron Man|29/100|[from] item: Leftovers
|-heal|p1a: Quagsire|100/100|[from] Grassy Terrain
|-fieldend|move: Grassy Terrain
|upkeep
|turn|6
|
|t:|1757848315
|switch|p2a: Hulk|Rillaboom, M|100/100
|-fieldstart|move: Grassy Terrain|[from] ability: Grassy Surge|[of] p2a: Hulk
|move|p1a: Quagsire|Liquidation|p2a: Hulk
|-resisted|p2a: Hulk
|-damage|p2a: Hulk|82/100
|-unboost|p2a: Hulk|def|1
|
|-heal|p2a: Hulk|88/100|[from] Grassy Terrain
|upkeep
|turn|7
|l|☆aalhadk
|inactive|aalhadk disconnected and has a minute to reconnect!
|player|p2|
|inactive|aalhadk has 30 seconds to reconnect!
|inactive|aalhadk has 20 seconds to reconnect!
|j|☆aalhadk
|inactive|aalhadk reconnected and has 105 seconds left.
|player|p2|aalhadk|169|
|
|t:|1757848365
|switch|p1a: Jirachi|Jirachi|100/100
|move|p2a: Hulk|Wood Hammer|p1a: Jirachi
|-resisted|p1a: Jirachi
|-damage|p1a: Jirachi|35/100
|-damage|p2a: Hulk|66/100|[from] Recoil
|
|-heal|p1a: Jirachi|41/100|[from] Grassy Terrain
|-heal|p2a: Hulk|72/100|[from] Grassy Terrain
|upkeep
|turn|8
|
|t:|1757848390
|switch|p2a: Iron Man|Heatran, M|29/100
|move|p1a: Jirachi|Body Slam|p2a: Iron Man
|-resisted|p2a: Iron Man
|-damage|p2a: Iron Man|19/100
|-status|p2a: Iron Man|par
|
|-heal|p1a: Jirachi|47/100|[from] Grassy Terrain
|-heal|p2a: Iron Man|25/100 par|[from] Grassy Terrain
|-heal|p2a: Iron Man|31/100 par|[from] item: Leftovers
|upkeep
|turn|9
|
|t:|1757848394
|move|p1a: Jirachi|Iron Head|p2a: Iron Man
|-resisted|p2a: Iron Man
|-crit|p2a: Iron Man
|-damage|p2a: Iron Man|20/100 par
|cant|p2a: Iron Man|par
|
|-heal|p1a: Jirachi|53/100|[from] Grassy Terrain
|-heal|p2a: Iron Man|26/100 par|[from] Grassy Terrain
|-heal|p2a: Iron Man|33/100 par|[from] item: Leftovers
|upkeep
|turn|10
|
|t:|1757848397
|move|p1a: Jirachi|Iron Head|p2a: Iron Man
|-resisted|p2a: Iron Man
|-damage|p2a: Iron Man|25/100 par
|-status|p1a: Jirachi|brn|[from] ability: Flame Body|[of] p2a: Iron Man
|move|p2a: Iron Man|Magma Storm|p1a: Jirachi
|-supereffective|p1a: Jirachi
|-damage|p1a: Jirachi|0 fnt
|faint|p1a: Jirachi
|
|-heal|p2a: Iron Man|31/100 par|[from] Grassy Terrain
|-heal|p2a: Iron Man|38/100 par|[from] item: Leftovers
|-fieldend|move: Grassy Terrain
|upkeep
|
|t:|1757848405
|switch|p1a: Darkrai|Darkrai|100/100
|-damage|p1a: Darkrai|88/100|[from] Stealth Rock
|turn|11
|
|t:|1757848416
|switch|p2a: God of Thunder|Raging Bolt|100/100
|-enditem|p2a: God of Thunder|Booster Energy
|-activate|p2a: God of Thunder|ability: Protosynthesis|[fromitem]
|-start|p2a: God of Thunder|protosynthesisspa
|move|p1a: Darkrai|Dark Pulse|p2a: God of Thunder
|-damage|p2a: God of Thunder|59/100
|
|upkeep
|turn|12
|
|t:|1757848419
|move|p2a: God of Thunder|Thunderclap|p1a: Darkrai
|-damage|p1a: Darkrai|13/100
|move|p1a: Darkrai|Dark Pulse|p2a: God of Thunder
|-damage|p2a: God of Thunder|18/100
|
|upkeep
|turn|13
|
|t:|1757848423
|switch|p1a: Gliscor|Gliscor, F|100/100
|-damage|p1a: Gliscor|88/100|[from] Stealth Rock
|move|p2a: God of Thunder|Dragon Pulse|p1a: Gliscor
|-damage|p1a: Gliscor|12/100
|
|-status|p1a: Gliscor|tox|[from] item: Toxic Orb
|upkeep
|turn|14
|
|t:|1757848426
|move|p1a: Gliscor|Protect|p1a: Gliscor
|-singleturn|p1a: Gliscor|Protect
|move|p2a: God of Thunder|Dragon Pulse|p1a: Gliscor
|-activate|p1a: Gliscor|move: Protect
|
|-heal|p1a: Gliscor|24/100 tox|[from] ability: Poison Heal
|upkeep
|turn|15
|
|t:|1757848430
|move|p2a: God of Thunder|Dragon Pulse|p1a: Gliscor
|-damage|p1a: Gliscor|0 fnt
|faint|p1a: Gliscor
|
|upkeep
|
|t:|1757848434
|switch|p1a: Quagsire|Quagsire, F, shiny|100/100
|-damage|p1a: Quagsire|94/100|[from] Stealth Rock
|turn|16
|-activate|p1a: Quagsire|item: Quick Claw
|
|t:|1757848444
|move|p1a: Quagsire|Ice Punch|p2a: God of Thunder
|-supereffective|p2a: God of Thunder
|-damage|p2a: God of Thunder|0 fnt
|faint|p2a: God of Thunder
|-end|p2a: God of Thunder|Protosynthesis|[silent]
|
|upkeep
|
|t:|1757848448
|switch|p2a: Hulk|Rillaboom, M|72/100
|-fieldstart|move: Grassy Terrain|[from] ability: Grassy Surge|[of] p2a: Hulk
|turn|17
|-activate|p1a: Quagsire|item: Quick Claw
|
|t:|1757848451
|-terastallize|p2a: Hulk|Grass
|-terastallize|p1a: Quagsire|Grass
|move|p2a: Hulk|Grassy Glide|p1a: Quagsire
|-resisted|p1a: Quagsire
|-damage|p1a: Quagsire|52/100
|move|p1a: Quagsire|Ice Punch|p2a: Hulk
|-supereffective|p2a: Hulk
|-damage|p2a: Hulk|28/100
|
|-heal|p2a: Hulk|34/100|[from] Grassy Terrain
|-heal|p1a: Quagsire|58/100|[from] Grassy Terrain
|upkeep
|turn|18
|
|t:|1757848462
|switch|p2a: Iron Man|Heatran, M|38/100 par
|move|p1a: Quagsire|Ice Punch|p2a: Iron Man
|-resisted|p2a: Iron Man
|-damage|p2a: Iron Man|33/100 par
|
|-heal|p1a: Quagsire|64/100|[from] Grassy Terrain
|-heal|p2a: Iron Man|39/100 par|[from] Grassy Terrain
|-heal|p2a: Iron Man|45/100 par|[from] item: Leftovers
|upkeep
|turn|19
|
|t:|1757848468
|move|p1a: Quagsire|Liquidation|p2a: Iron Man
|-supereffective|p2a: Iron Man
|-damage|p2a: Iron Man|0 fnt
|faint|p2a: Iron Man
|
|-heal|p1a: Quagsire|70/100|[from] Grassy Terrain
|upkeep
|
|t:|1757848475
|switch|p2a: Captain America|Zamazenta|100/100
|-ability|p2a: Captain America|Dauntless Shield|boost
|-boost|p2a: Captain America|def|1
|turn|20
|-activate|p1a: Quagsire|item: Quick Claw
|
|t:|1757848479
|move|p1a: Quagsire|Liquidation|p2a: Captain America
|-damage|p2a: Captain America|72/100
|-unboost|p2a: Captain America|def|1
|move|p2a: Captain America|Iron Defense|p2a: Captain America
|-boost|p2a: Captain America|def|2
|
|-heal|p2a: Captain America|78/100|[from] Grassy Terrain
|-heal|p2a: Captain America|84/100|[from] item: Leftovers
|-heal|p1a: Quagsire|76/100|[from] Grassy Terrain
|upkeep
|turn|21
|
|t:|1757848482
|move|p2a: Captain America|Iron Defense|p2a: Captain America
|-boost|p2a: Captain America|def|2
|move|p1a: Quagsire|Liquidation|p2a: Captain America
|-damage|p2a: Captain America|56/100
|-unboost|p2a: Captain America|def|1
|
|-heal|p2a: Captain America|63/100|[from] Grassy Terrain
|-heal|p2a: Captain America|69/100|[from] item: Leftovers
|-heal|p1a: Quagsire|82/100|[from] Grassy Terrain
|-fieldend|move: Grassy Terrain
|upkeep
|turn|22
|
|t:|1757848488
|move|p2a: Captain America|Iron Defense|p2a: Captain America
|-boost|p2a: Captain America|def|2
|move|p1a: Quagsire|Liquidation|p2a: Captain America
|-damage|p2a: Captain America|43/100
|
|-heal|p2a: Captain America|49/100|[from] item: Leftovers
|upkeep
|turn|23
|
|t:|1757848493
|move|p2a: Captain America|Body Press|p1a: Quagsire
|-damage|p1a: Quagsire|50/100
|move|p1a: Quagsire|Liquidation|p2a: Captain America
|-damage|p2a: Captain America|21/100
|-unboost|p2a: Captain America|def|1
|
|-heal|p2a: Captain America|27/100|[from] item: Leftovers
|upkeep
|turn|24
|-activate|p1a: Quagsire|item: Quick Claw
|
|t:|1757848498
|move|p1a: Quagsire|Liquidation|p2a: Captain America
|-damage|p2a: Captain America|0 fnt
|faint|p2a: Captain America
|
|upkeep
|
|t:|1757848503
|switch|p2a: Hulk|Rillaboom, M, tera:Grass|34/100
|-fieldstart|move: Grassy Terrain|[from] ability: Grassy Surge|[of] p2a: Hulk
|turn|25
|
|t:|1757848505
|move|p2a: Hulk|U-turn|p1a: Quagsire
|-supereffective|p1a: Quagsire
|-damage|p1a: Quagsire|0 fnt
|faint|p1a: Quagsire
|
|t:|1757848509
|switch|p2a: Rhino|Great Tusk|100/100|[from] U-turn
|-enditem|p2a: Rhino|Booster Energy
|-activate|p2a: Rhino|ability: Protosynthesis|[fromitem]
|-start|p2a: Rhino|protosynthesisspe
|
|upkeep
|
|t:|1757848511
|switch|p1a: Cresselia|Cresselia, F|100/100
|-damage|p1a: Cresselia|88/100|[from] Stealth Rock
|turn|26
|
|t:|1757848514
|-end|p2a: Rhino|Protosynthesis|[silent]
|switch|p2a: Scarlet Witch|Comfey, F|100/100
|-enditem|p2a: Scarlet Witch|Grassy Seed
|-boost|p2a: Scarlet Witch|def|1|[from] item: Grassy Seed
|move|p1a: Cresselia|Psyshock|p2a: Scarlet Witch
|-damage|p2a: Scarlet Witch|84/100
|
|-heal|p2a: Scarlet Witch|91/100|[from] Grassy Terrain
|-heal|p1a: Cresselia|94/100|[from] item: Leftovers
|upkeep
|turn|27
|
|t:|1757848516
|move|p2a: Scarlet Witch|Calm Mind|p2a: Scarlet Witch
|-boost|p2a: Scarlet Witch|spa|1
|-boost|p2a: Scarlet Witch|spd|1
|move|p1a: Cresselia|Calm Mind|p1a: Cresselia
|-boost|p1a: Cresselia|spa|1
|-boost|p1a: Cresselia|spd|1
|
|-heal|p2a: Scarlet Witch|97/100|[from] Grassy Terrain
|-heal|p1a: Cresselia|99/100|[from] item: Leftovers
|upkeep
|turn|28
|
|t:|1757848520
|move|p2a: Scarlet Witch|Calm Mind|p2a: Scarlet Witch
|-boost|p2a: Scarlet Witch|spa|1
|-boost|p2a: Scarlet Witch|spd|1
|move|p1a: Cresselia|Calm Mind|p1a: Cresselia
|-boost|p1a: Cresselia|spa|1
|-boost|p1a: Cresselia|spd|1
|
|-heal|p2a: Scarlet Witch|100/100|[from] Grassy Terrain
|-heal|p1a: Cresselia|100/100|[from] item: Leftovers
|upkeep
|turn|29
|
|t:|1757848522
|move|p2a: Scarlet Witch|Calm Mind|p2a: Scarlet Witch
|-boost|p2a: Scarlet Witch|spa|1
|-boost|p2a: Scarlet Witch|spd|1
|move|p1a: Cresselia|Calm Mind|p1a: Cresselia
|-boost|p1a: Cresselia|spa|1
|-boost|p1a: Cresselia|spd|1
|
|-fieldend|move: Grassy Terrain
|upkeep
|turn|30
|
|t:|1757848524
|move|p2a: Scarlet Witch|Calm Mind|p2a: Scarlet Witch
|-boost|p2a: Scarlet Witch|spa|1
|-boost|p2a: Scarlet Witch|spd|1
|move|p1a: Cresselia|Calm Mind|p1a: Cresselia
|-boost|p1a: Cresselia|spa|1
|-boost|p1a: Cresselia|spd|1
|
|upkeep
|turn|31
|
|t:|1757848525
|move|p2a: Scarlet Witch|Calm Mind|p2a: Scarlet Witch
|-boost|p2a: Scarlet Witch|spa|1
|-boost|p2a: Scarlet Witch|spd|1
|move|p1a: Cresselia|Calm Mind|p1a: Cresselia
|-boost|p1a: Cresselia|spa|1
|-boost|p1a: Cresselia|spd|1
|
|upkeep
|turn|32
|
|t:|1757848527
|move|p2a: Scarlet Witch|Calm Mind|p2a: Scarlet Witch
|-boost|p2a: Scarlet Witch|spa|1
|-boost|p2a: Scarlet Witch|spd|1
|move|p1a: Cresselia|Calm Mind|p1a: Cresselia
|-boost|p1a: Cresselia|spa|1
|-boost|p1a: Cresselia|spd|1
|
|upkeep
|turn|33
|
|t:|1757848529
|move|p2a: Scarlet Witch|Stored Power|p1a: Cresselia
|-resisted|p1a: Cresselia
|-damage|p1a: Cresselia|82/100
|move|p1a: Cresselia|Psyshock|p2a: Scarlet Witch
|-damage|p2a: Scarlet Witch|33/100
|
|-heal|p1a: Cresselia|88/100|[from] item: Leftovers
|upkeep
|turn|34
|
|t:|1757848532
|move|p2a: Scarlet Witch|Draining Kiss|p1a: Cresselia
|-damage|p1a: Cresselia|78/100
|-heal|p2a: Scarlet Witch|43/100|[from] drain|[of] p1a: Cresselia
|move|p1a: Cresselia|Psyshock|p2a: Scarlet Witch
|-damage|p2a: Scarlet Witch|0 fnt
|faint|p2a: Scarlet Witch
|
|-heal|p1a: Cresselia|85/100|[from] item: Leftovers
|upkeep
|
|t:|1757848535
|switch|p2a: Rhino|Great Tusk|100/100
|turn|35
|
|t:|1757848536
|move|p2a: Rhino|Ice Spinner|p1a: Cresselia
|-damage|p1a: Cresselia|70/100
|move|p1a: Cresselia|Psyshock|p2a: Rhino
|-supereffective|p2a: Rhino
|-damage|p2a: Rhino|0 fnt
|faint|p2a: Rhino
|-end|p2a: Rhino|Protosynthesis|[silent]
|
|-heal|p1a: Cresselia|76/100|[from] item: Leftovers
|upkeep
|
|t:|1757848539
|switch|p2a: Hulk|Rillaboom, M, tera:Grass|34/100
|-fieldstart|move: Grassy Terrain|[from] ability: Grassy Surge|[of] p2a: Hulk
|turn|36
|
|t:|1757848541
|move|p2a: Hulk|Wood Hammer|p1a: Cresselia
|-damage|p1a: Cresselia|0 fnt
|faint|p1a: Cresselia
|-damage|p2a: Hulk|1/100|[from] Recoil
|
|-heal|p2a: Hulk|8/100|[from] Grassy Terrain
|upkeep
|
|t:|1757848543
|switch|p1a: Darkrai|Darkrai|13/100
|-damage|p1a: Darkrai|1/100|[from] Stealth Rock
|turn|37
|
|t:|1757848546
|move|p1a: Darkrai|Dark Pulse|p2a: Hulk
|-damage|p2a: Hulk|0 fnt
|faint|p2a: Hulk
|
|win|TheDeivi9
|raw|TheDeivi9's rating: 1465 &rarr; <strong>1484</strong><br />(+19 for winning)
|raw|aalhadk's rating: 1450 &rarr; <strong>1431</strong><br />(-19 for losing)
|l|☆aalhadk
|player|p2|
|l|☆TheDeivi9
|player|p1|
