|uhtml|medal-msg|<div class="broadcast-blue">Curious what those medals under the avatar are? PS now has Ladder Seasons! For more information, check out the <a href="https://www.smogon.com/forums/threads/3740067/">thread on Smogon.</a></div>
|uhtml|medal-msg|<div class="broadcast-blue">Curious what those medals under the avatar are? PS now has Ladder Seasons! For more information, check out the <a href="https://www.smogon.com/forums/threads/3740067/">thread on Smogon.</a></div>
|j|☆these shenanigans
|j|☆PaladinDaniel
|t:|1757884870
|gametype|singles
|player|p1|these shenanigans|101|
|player|p2|PaladinDaniel|rr-sneasler|
|teamsize|p1|6
|teamsize|p2|6
|gen|9
|tier|[Gen 9] OU
|rule|Sleep Clause Mod: Limit one foe put to sleep
|rule|Species Clause: Limit one of each Pokémon
|rule|OHKO Clause: OHKO moves are banned
|rule|Evasion Abilities Clause: Evasion abilities are banned
|rule|Evasion Items Clause: Evasion items are banned
|rule|Evasion Moves Clause: Evasion moves are banned
|rule|Endless Battle Clause: Forcing endless battles is banned
|rule|HP Percentage Mod: HP is shown in percentages
|rule|Dynamax Clause: You cannot dynamax
|clearpoke
|poke|p1|Hippowdon, F|
|poke|p1|Dracozolt|
|poke|p1|Cacturne, M|
|poke|p1|Tyranitar, M|
|poke|p1|Mawile, M|
|poke|p1|Milotic-Sevii, F|
|poke|p2|Dragapult, M|
|poke|p2|Mawile, F|
|poke|p2|Dodrio-Sevii, M|
|poke|p2|Meowscarada, M|
|poke|p2|Skarmory, F|
|poke|p2|Pecharunt|
|teampreview
|
|t:|1757884931
|start
|switch|p1a: Hippowdon|Hippowdon, F|100/100
|switch|p2a: Mawile|Mawile, F|100/100
|-ability|p2a: Mawile|Intimidate|boost
|-unboost|p1a: Hippowdon|atk|1
|-weather|Sandstorm|[from] ability: Sand Stream|[of] p1a: Hippowdon
|turn|1
|inactive|Battle timer is ON: inactive players will automatically lose when time's up. (requested by these shenanigans)
|
|t:|1757884982
|switch|p2a: Skarmory|Skarmory, F|100/100
|move|p1a: Hippowdon|Stealth Rock|p2a: Skarmory
|-sidestart|p2: PaladinDaniel|move: Stealth Rock
|
|-weather|Sandstorm|[upkeep]
|upkeep
|turn|2
|
|t:|1757884999
|switch|p1a: Cacturne|Cacturne, M|100/100
|move|p2a: Skarmory|Defog|p1a: Cacturne
|-unboost|p1a: Cacturne|evasion|1
|-sideend|p2: PaladinDaniel|Stealth Rock|[from] move: Defog|[of] p2a: Skarmory
|
|-weather|Sandstorm|[upkeep]
|upkeep
|turn|3
|
|t:|1757885009
|move|p1a: Cacturne|Knock Off|p2a: Skarmory
|-damage|p2a: Skarmory|63/100
|-enditem|p2a: Skarmory|Heavy-Duty Boots|[from] move: Knock Off|[of] p1a: Cacturne
|-damage|p1a: Cacturne|91/100|[from] item: Life Orb
|move|p2a: Skarmory|Brave Bird|p1a: Cacturne
|-supereffective|p1a: Cacturne
|-crit|p1a: Cacturne
|-damage|p1a: Cacturne|0 fnt
|faint|p1a: Cacturne
|-damage|p2a: Skarmory|38/100|[from] Recoil
|
|-weather|Sandstorm|[upkeep]
|upkeep
|
|t:|1757885020
|switch|p1a: Dracozolt|Dracozolt|100/100
|turn|4
|
|t:|1757885031
|switch|p2a: Dodrio|Dodrio-Sevii, M|100/100
|move|p1a: Dracozolt|Earthquake|p2a: Dodrio
|-supereffective|p2a: Dodrio
|-damage|p2a: Dodrio|0 fnt
|faint|p2a: Dodrio
|-damage|p1a: Dracozolt|91/100|[from] item: Life Orb
|
|-weather|Sandstorm|[upkeep]
|upkeep
|inactive|PaladinDaniel has 270 seconds left.
|
|t:|1757885068
|switch|p2a: Dragapult|Dragapult, M|100/100
|turn|5
|
|t:|1757885074
|move|p1a: Dracozolt|Draco Barrage|p2a: Dragapult
|-supereffective|p2a: Dragapult
|-damage|p2a: Dragapult|0 fnt
|faint|p2a: Dragapult
|-damage|p1a: Dracozolt|58/100|[from] Recoil
|-damage|p1a: Dracozolt|48/100|[from] item: Life Orb
|
|-weather|Sandstorm|[upkeep]
|upkeep
|
|t:|1757885086
|switch|p2a: Mawile|Mawile, F|100/100
|-ability|p2a: Mawile|Intimidate|boost
|-unboost|p1a: Dracozolt|atk|1
|turn|6
|
|t:|1757885096
|detailschange|p2a: Mawile|Mawile-Mega, F
|-mega|p2a: Mawile|Mawile|Mawilite
|move|p1a: Dracozolt|Bolt Beak|p2a: Mawile
|-damage|p2a: Mawile|39/100
|-damage|p1a: Dracozolt|38/100|[from] item: Life Orb
|move|p2a: Mawile|Power-Up Punch|p1a: Dracozolt
|-damage|p1a: Dracozolt|10/100
|-boost|p2a: Mawile|atk|1
|
|-weather|Sandstorm|[upkeep]
|upkeep
|turn|7
|
|t:|1757885111
|move|p1a: Dracozolt|Bolt Beak|p2a: Mawile
|-damage|p2a: Mawile|0 fnt
|faint|p2a: Mawile
|-damage|p1a: Dracozolt|0 fnt|[from] item: Life Orb
|faint|p1a: Dracozolt
|
|-weather|Sandstorm|[upkeep]
|upkeep
|
|t:|1757885131
|switch|p1a: Tyranitar|Tyranitar, M|100/100
|switch|p2a: Meowscarada|Meowscarada, M|100/100
|turn|8
|
|t:|1757885146
|move|p2a: Meowscarada|Flower Trick|p1a: Tyranitar
|-start|p2a: Meowscarada|typechange|Grass|[from] ability: Protean
|-supereffective|p1a: Tyranitar
|-crit|p1a: Tyranitar
|-damage|p1a: Tyranitar|15/100
|-enditem|p1a: Tyranitar|Weakness Policy
|-boost|p1a: Tyranitar|atk|2|[from] item: Weakness Policy
|-boost|p1a: Tyranitar|spa|2|[from] item: Weakness Policy
|move|p1a: Tyranitar|Stone Edge|p2a: Meowscarada
|-damage|p2a: Meowscarada|0 fnt
|faint|p2a: Meowscarada
|
|-weather|none
|upkeep
|
|t:|1757885157
|switch|p2a: Skarmory|Skarmory, F|38/100
|turn|9
|
|t:|1757885161
|move|p1a: Tyranitar|Knock Off|p2a: Skarmory
|-damage|p2a: Skarmory|0 fnt
|faint|p2a: Skarmory
|
|upkeep
|
|t:|1757885164
|switch|p2a: Pecharunt|Pecharunt|100/100
|turn|10
|
|t:|1757885172
|move|p1a: Tyranitar|Knock Off|p2a: Pecharunt
|-supereffective|p2a: Pecharunt
|-damage|p2a: Pecharunt|0 fnt
|-enditem|p2a: Pecharunt|Leftovers|[from] move: Knock Off|[of] p1a: Tyranitar
|faint|p2a: Pecharunt
|
|win|these shenanigans
|c|☆these shenanigans|gg
|c|☆these shenanigans|can you put it in the replays
|l|☆these shenanigans
|player|p1|
|l|☆PaladinDaniel
|player|p2|
|j|☆these shenanigans
|player|p1|these shenanigans|101|
