|j|☆hoons
|j|☆Black Man Lover
|t:|1757899924
|gametype|singles
|player|p1|hoons|169|1548
|player|p2|Black Man Lover|emmet|1523
|gen|9
|tier|[Gen 9] OU
|rated|
|rule|HP Percentage Mod: HP is shown in percentages
|rule|Endless Battle Clause: Forcing endless battles is banned
|rule|Species Clause: Limit one of each Pokémon
|rule|OHKO Clause: OHKO moves are banned
|rule|Evasion Items Clause: Evasion items are banned
|rule|Evasion Moves Clause: Evasion moves are banned
|rule|Evasion Abilities Clause: Evasion abilities are banned
|rule|Sleep Moves Clause: Sleep-inducing moves are banned
|clearpoke
|poke|p1|Raging Bolt|
|poke|p1|Iron Treads|
|poke|p1|Slowking-Galar, F|
|poke|p1|Ogerpon-Wellspring, F|
|poke|p1|Skeledirge, F|
|poke|p1|Zamazenta-*|
|poke|p2|Darkrai|
|poke|p2|Iron Jugulis|
|poke|p2|Iron Treads|
|poke|p2|Primarina, M|
|poke|p2|Cinderace, M|
|poke|p2|Raging Bolt|
|teampreview
|inactive|Battle timer is ON: inactive players will automatically lose when time's up. (requested by Black Man Lover)
|inactive|hoons has 120 seconds left.
|inactive|hoons has 90 seconds left.
|
|t:|1757900003
|teamsize|p1|6
|teamsize|p2|6
|start
|switch|p1a: Skeledirge|Skeledirge, F|100/100
|switch|p2a: Darkrai|Darkrai|100/100
|turn|1
|
|t:|1757900012
|-terastallize|p1a: Skeledirge|Fairy
|move|p2a: Darkrai|Dark Pulse|p1a: Skeledirge
|-resisted|p1a: Skeledirge
|-damage|p1a: Skeledirge|69/100
|cant|p1a: Skeledirge|flinch
|
|upkeep
|turn|2
|inactive|Black Man Lover has 120 seconds left.
|
|t:|1757900051
|switch|p2a: Primarina|Primarina, M|100/100
|move|p1a: Skeledirge|Will-O-Wisp|p2a: Primarina|[miss]
|-miss|p1a: Skeledirge|p2a: Primarina
|
|upkeep
|turn|3
|inactive|Black Man Lover has 120 seconds left.
|
|t:|1757900060
|switch|p1a: Slowking|Slowking-Galar, F, shiny|100/100
|move|p2a: Primarina|Psychic Noise|p1a: Slowking
|-damage|p1a: Slowking|77/100
|-start|p1a: Slowking|move: Heal Block
|
|upkeep
|turn|4
|
|t:|1757900069
|move|p2a: Primarina|Flip Turn|p1a: Slowking
|-damage|p1a: Slowking|67/100
|inactive|Black Man Lover has 120 seconds left.
|
|t:|1757900080
|switch|p2a: Cinderace|Cinderace, M|100/100|[from] Flip Turn
|move|p1a: Slowking|Trick|p2a: Cinderace
|-activate|p1a: Slowking|move: Trick|[of] p2a: Cinderace
|-item|p2a: Cinderace|Black Sludge|[from] move: Trick
|-item|p1a: Slowking|Heavy-Duty Boots|[from] move: Trick
|
|-damage|p2a: Cinderace|88/100|[from] item: Black Sludge
|-end|p1a: Slowking|move: Heal Block
|upkeep
|turn|5
|inactive|Black Man Lover has 120 seconds left.
|
|t:|1757900097
|move|p2a: Cinderace|U-turn|p1a: Slowking
|-start|p2a: Cinderace|typechange|Bug|[from] ability: Libero
|-damage|p1a: Slowking|46/100
|
|t:|1757900104
|switch|p2a: Iron Treads|Iron Treads|100/100|[from] U-turn
|-item|p2a: Iron Treads|Air Balloon
|-prepare|p1a: Slowking|Chilly Reception|[premajor]
|move|p1a: Slowking|Chilly Reception|p1a: Slowking
|-weather|Snowscape
|
|t:|1757900112
|switch|p1a: Zamazenta|Zamazenta|100/100|[from] Chilly Reception
|-ability|p1a: Zamazenta|Dauntless Shield|boost
|-boost|p1a: Zamazenta|def|1
|
|-weather|Snowscape|[upkeep]
|upkeep
|turn|6
|inactive|Black Man Lover has 120 seconds left.
|
|t:|1757900126
|-end|p2a: Iron Treads|Quark Drive|[silent]
|switch|p2a: Primarina|Primarina, M|100/100
|move|p1a: Zamazenta|Close Combat|p2a: Primarina
|-resisted|p2a: Primarina
|-damage|p2a: Primarina|61/100
|-unboost|p1a: Zamazenta|def|1
|-unboost|p1a: Zamazenta|spd|1
|
|-weather|Snowscape|[upkeep]
|upkeep
|turn|7
|inactive|Black Man Lover has 120 seconds left.
|
|t:|1757900141
|switch|p1a: Ogerpon|Ogerpon-Wellspring, F|100/100
|move|p2a: Primarina|Psychic Noise|p1a: Ogerpon
|-damage|p1a: Ogerpon|68/100
|-start|p1a: Ogerpon|move: Heal Block
|
|-weather|Snowscape|[upkeep]
|upkeep
|turn|8
|
|t:|1757900148
|switch|p2a: Cinderace|Cinderace, M|88/100
|move|p1a: Ogerpon|Ivy Cudgel|p2a: Cinderace|[anim] Ivy Cudgel Water
|-supereffective|p2a: Cinderace
|-damage|p2a: Cinderace|0 fnt
|faint|p2a: Cinderace
|
|-weather|Snowscape|[upkeep]
|-end|p1a: Ogerpon|move: Heal Block
|upkeep
|inactive|Black Man Lover has 120 seconds left.
|
|t:|1757900162
|switch|p2a: Darkrai|Darkrai|100/100
|turn|9
|
|t:|1757900169
|switch|p1a: Zamazenta|Zamazenta|100/100
|move|p2a: Darkrai|Dark Pulse|p1a: Zamazenta
|-resisted|p1a: Zamazenta
|-damage|p1a: Zamazenta|74/100
|
|-weather|none
|upkeep
|turn|10
|inactive|Black Man Lover has 120 seconds left.
|
|t:|1757900190
|switch|p2a: Primarina|Primarina, M|61/100
|move|p1a: Zamazenta|Close Combat|p2a: Primarina
|-resisted|p2a: Primarina
|-damage|p2a: Primarina|19/100
|-unboost|p1a: Zamazenta|def|1
|-unboost|p1a: Zamazenta|spd|1
|
|upkeep
|turn|11
|
|t:|1757900193
|move|p1a: Zamazenta|Close Combat|p2a: Primarina
|-resisted|p2a: Primarina
|-damage|p2a: Primarina|0 fnt
|-unboost|p1a: Zamazenta|def|1
|-unboost|p1a: Zamazenta|spd|1
|faint|p2a: Primarina
|
|upkeep
|inactive|Black Man Lover has 120 seconds left.
|
|t:|1757900210
|switch|p2a: Iron Jugulis|Iron Jugulis|100/100
|-enditem|p2a: Iron Jugulis|Booster Energy
|-activate|p2a: Iron Jugulis|ability: Quark Drive|[fromitem]
|-start|p2a: Iron Jugulis|quarkdrivespe
|turn|12
|inactive|Black Man Lover has 120 seconds left.
|
|t:|1757900225
|switch|p1a: Raging Bolt|Raging Bolt|100/100
|move|p2a: Iron Jugulis|Hurricane|p1a: Raging Bolt|[miss]
|-miss|p2a: Iron Jugulis|p1a: Raging Bolt
|
|upkeep
|turn|13
|
|t:|1757900232
|-terastallize|p2a: Iron Jugulis|Ground
|move|p2a: Iron Jugulis|Earth Power|p1a: Raging Bolt
|-supereffective|p1a: Raging Bolt
|-damage|p1a: Raging Bolt|30/100
|move|p1a: Raging Bolt|Dragon Pulse|p2a: Iron Jugulis
|-damage|p2a: Iron Jugulis|49/100
|
|-heal|p1a: Raging Bolt|36/100|[from] item: Leftovers
|upkeep
|turn|14
|
|t:|1757900246
|move|p2a: Iron Jugulis|Dark Pulse|p1a: Raging Bolt
|-damage|p1a: Raging Bolt|2/100
|move|p1a: Raging Bolt|Dragon Pulse|p2a: Iron Jugulis
|-damage|p2a: Iron Jugulis|0 fnt
|faint|p2a: Iron Jugulis
|-end|p2a: Iron Jugulis|Quark Drive|[silent]
|
|-heal|p1a: Raging Bolt|8/100|[from] item: Leftovers
|upkeep
|-message|Black Man Lover forfeited.
|
|win|hoons
|raw|hoons's rating: 1548 &rarr; <strong>1567</strong><br />(+19 for winning)
|raw|Black Man Lover's rating: 1523 &rarr; <strong>1504</strong><br />(-19 for losing)
|l|☆Black Man Lover
|player|p2|
|l|☆hoons
|player|p1|
