|j|☆Acornion
|j|☆maxx77
|t:|1757947254
|gametype|singles
|player|p1|Acornion|n|1298
|player|p2|maxx77|2|1250
|gen|9
|tier|[Gen 9] OU
|rated|
|rule|HP Percentage Mod: HP is shown in percentages
|rule|Endless Battle Clause: Forcing endless battles is banned
|rule|Species Clause: Limit one of each Pokémon
|rule|OHKO Clause: OHKO moves are banned
|rule|Evasion Items Clause: Evasion items are banned
|rule|Evasion Moves Clause: Evasion moves are banned
|rule|Evasion Abilities Clause: Evasion abilities are banned
|rule|Sleep Moves Clause: Sleep-inducing moves are banned
|clearpoke
|poke|p1|Piloswine, F|
|poke|p1|Gliscor, M|
|poke|p1|Toxapex, M|
|poke|p1|Tyranitar, F|
|poke|p1|Excadrill, F|
|poke|p1|Zapdos|
|poke|p2|Latios, M|
|poke|p2|Magnezone|
|poke|p2|Hoopa|
|poke|p2|Kingambit, M|
|poke|p2|Slowking-Galar, F|
|poke|p2|Corviknight, F|
|teampreview
|inactive|Battle timer is ON: inactive players will automatically lose when time's up. (requested by Acornion)
|inactive|maxx77 has 120 seconds left.
|inactive|maxx77 has 90 seconds left.
|
|t:|1757947328
|teamsize|p1|6
|teamsize|p2|6
|start
|switch|p1a: Piloswine|Piloswine, F|100/100
|switch|p2a: Slowking|Slowking-Galar, F|100/100
|turn|1
|
|t:|1757947335
|move|p1a: Piloswine|Stealth Rock|p2a: Slowking
|-sidestart|p2: maxx77|move: Stealth Rock
|-prepare|p2a: Slowking|Chilly Reception|[premajor]
|move|p2a: Slowking|Chilly Reception|p2a: Slowking
|-weather|Snowscape
|
|t:|1757947348
|switch|p2a: Corviknight|Corviknight, F|100/100|[from] Chilly Reception
|-damage|p2a: Corviknight|88/100|[from] Stealth Rock
|
|-weather|Snowscape|[upkeep]
|-heal|p2a: Corviknight|94/100|[from] item: Leftovers
|upkeep
|turn|2
|
|t:|1757947355
|switch|p1a: Gliscor|Gliscor, M|100/100
|move|p2a: Corviknight|Defog|p1a: Gliscor
|-unboost|p1a: Gliscor|evasion|1
|-sideend|p2: maxx77|Stealth Rock|[from] move: Defog|[of] p2a: Corviknight
|
|-weather|Snowscape|[upkeep]
|-heal|p2a: Corviknight|100/100|[from] item: Leftovers
|-status|p1a: Gliscor|tox|[from] item: Toxic Orb
|upkeep
|turn|3
|
|t:|1757947367
|move|p1a: Gliscor|Knock Off|p2a: Corviknight
|-damage|p2a: Corviknight|84/100
|-enditem|p2a: Corviknight|Leftovers|[from] move: Knock Off|[of] p1a: Gliscor
|move|p2a: Corviknight|U-turn|p1a: Gliscor
|-resisted|p1a: Gliscor
|-damage|p1a: Gliscor|95/100 tox
|
|t:|1757947377
|switch|p2a: Hoopa|Hoopa|100/100|[from] U-turn
|
|-weather|Snowscape|[upkeep]
|-heal|p1a: Gliscor|100/100 tox|[from] ability: Poison Heal
|upkeep
|turn|4
|inactive|Acornion has 120 seconds left.
|
|t:|1757947414
|move|p1a: Gliscor|Protect|p1a: Gliscor
|-singleturn|p1a: Gliscor|Protect
|move|p2a: Hoopa|Shadow Ball|p1a: Gliscor
|-activate|p1a: Gliscor|move: Protect
|
|-weather|Snowscape|[upkeep]
|upkeep
|turn|5
|
|t:|1757947426
|move|p1a: Gliscor|Knock Off|p2a: Hoopa
|-supereffective|p2a: Hoopa
|-damage|p2a: Hoopa|0 fnt
|-enditem|p2a: Hoopa|Assault Vest|[from] move: Knock Off|[of] p1a: Gliscor
|faint|p2a: Hoopa
|
|-weather|none
|upkeep
|
|t:|1757947440
|switch|p2a: Latios|Latios, M|100/100
|turn|6
|inactive|maxx77 has 120 seconds left.
|
|t:|1757947460
|switch|p1a: Tyranitar|Tyranitar, F|100/100
|-weather|Sandstorm|[from] ability: Sand Stream|[of] p1a: Tyranitar
|move|p2a: Latios|Luster Purge|p1a: Tyranitar
|-immune|p1a: Tyranitar
|
|-weather|Sandstorm|[upkeep]
|-damage|p2a: Latios|95/100|[from] Sandstorm
|upkeep
|turn|7
|inactive|maxx77 has 120 seconds left.
|
|t:|1757947485
|-terastallize|p2a: Latios|Dragon
|move|p2a: Latios|Aura Sphere|p1a: Tyranitar
|-supereffective|p1a: Tyranitar
|-damage|p1a: Tyranitar|61/100
|move|p1a: Tyranitar|Knock Off|p2a: Latios
|-damage|p2a: Latios|29/100
|-enditem|p2a: Latios|Soul Dew|[from] move: Knock Off|[of] p1a: Tyranitar
|
|-weather|Sandstorm|[upkeep]
|-damage|p2a: Latios|23/100|[from] Sandstorm
|upkeep
|turn|8
|inactive|maxx77 has 120 seconds left.
|
|t:|1757947498
|switch|p2a: Corviknight|Corviknight, F|84/100
|move|p1a: Tyranitar|Knock Off|p2a: Corviknight
|-crit|p2a: Corviknight
|-damage|p2a: Corviknight|55/100
|
|-weather|Sandstorm|[upkeep]
|upkeep
|turn|9
|inactive|maxx77 has 120 seconds left.
|
|t:|1757947504
|switch|p1a: Zapdos|Zapdos|100/100
|move|p2a: Corviknight|Body Press|p1a: Zapdos
|-resisted|p1a: Zapdos
|-damage|p1a: Zapdos|91/100
|-damage|p2a: Corviknight|39/100|[from] item: Rocky Helmet|[of] p1a: Zapdos
|-status|p2a: Corviknight|par|[from] ability: Static|[of] p1a: Zapdos
|
|-weather|Sandstorm|[upkeep]
|-damage|p1a: Zapdos|85/100|[from] Sandstorm
|upkeep
|turn|10
|-message|maxx77 forfeited.
|
|win|Acornion
|raw|Acornion's rating: 1298 &rarr; <strong>1320</strong><br />(+22 for winning)
|raw|maxx77's rating: 1250 &rarr; <strong>1228</strong><br />(-22 for losing)
|l|☆maxx77
|player|p2|
|l|☆Acornion
|player|p1|
