|j|☆RoddyJ
|j|☆Lord zebraman
|t:|1757947603
|gametype|singles
|player|p1|RoddyJ|ethan|1454
|player|p2|Lord zebraman|102|1456
|gen|9
|tier|[Gen 9] OU
|rated|
|rule|HP Percentage Mod: HP is shown in percentages
|rule|Endless Battle Clause: Forcing endless battles is banned
|rule|Species Clause: Limit one of each Pokémon
|rule|OHKO Clause: OHKO moves are banned
|rule|Evasion Items Clause: Evasion items are banned
|rule|Evasion Moves Clause: Evasion moves are banned
|rule|Evasion Abilities Clause: Evasion abilities are banned
|rule|Sleep Moves Clause: Sleep-inducing moves are banned
|clearpoke
|poke|p1|Articuno-Galar|
|poke|p1|Iron Crown|
|poke|p1|Kyurem|
|poke|p1|Okidogi, M|
|poke|p1|Weezing-Galar, F|
|poke|p1|Incineroar, M|
|poke|p2|Scizor, M|
|poke|p2|Blaziken, M|
|poke|p2|Raging Bolt|
|poke|p2|Darkrai|
|poke|p2|Slowking-Galar, M|
|poke|p2|Great Tusk|
|teampreview
|inactive|Battle timer is ON: inactive players will automatically lose when time's up. (requested by Lord zebraman)
|
|t:|1757947608
|teamsize|p1|6
|teamsize|p2|6
|start
|switch|p1a: Incineroar|Incineroar, M, shiny|100/100
|switch|p2a: Blaziken|Blaziken, M|100/100
|-ability|p1a: Incineroar|Intimidate|boost
|-unboost|p2a: Blaziken|atk|1
|turn|1
|
|t:|1757947614
|move|p2a: Blaziken|Focus Energy|p2a: Blaziken
|-start|p2a: Blaziken|move: Focus Energy
|move|p1a: Incineroar|Parting Shot|p2a: Blaziken
|-unboost|p2a: Blaziken|atk|1
|-unboost|p2a: Blaziken|spa|1
|
|t:|1757947618
|switch|p1a: Okidogi|Okidogi, M|100/100|[from] Parting Shot
|
|-ability|p2a: Blaziken|Speed Boost|boost
|-boost|p2a: Blaziken|spe|1
|upkeep
|turn|2
|
|t:|1757947623
|move|p2a: Blaziken|Overheat|p1a: Okidogi
|-crit|p1a: Okidogi
|-damage|p1a: Okidogi|32/100
|-unboost|p2a: Blaziken|spa|2
|move|p1a: Okidogi|High Horsepower|p2a: Blaziken
|-supereffective|p2a: Blaziken
|-damage|p2a: Blaziken|0 fnt
|faint|p2a: Blaziken
|
|upkeep
|
|t:|1757947631
|switch|p2a: Scizor|Scizor, M|100/100
|turn|3
|
|t:|1757947634
|switch|p1a: Incineroar|Incineroar, M, shiny|100/100
|-ability|p1a: Incineroar|Intimidate|boost
|-unboost|p2a: Scizor|atk|1
|move|p2a: Scizor|Swords Dance|p2a: Scizor
|-boost|p2a: Scizor|atk|2
|
|upkeep
|turn|4
|
|t:|1757947637
|move|p2a: Scizor|U-turn|p1a: Incineroar
|-damage|p1a: Incineroar|48/100
|
|t:|1757947641
|switch|p2a: Slowking|Slowking-Galar, M|100/100|[from] U-turn
|move|p1a: Incineroar|Will-O-Wisp|p2a: Slowking
|-status|p2a: Slowking|brn
|
|-damage|p2a: Slowking|94/100 brn|[from] brn
|upkeep
|turn|5
|
|t:|1757947645
|move|p1a: Incineroar|Knock Off|p2a: Slowking
|-supereffective|p2a: Slowking
|-damage|p2a: Slowking|19/100 brn
|-enditem|p2a: Slowking|Heavy-Duty Boots|[from] move: Knock Off|[of] p1a: Incineroar
|move|p2a: Slowking|Future Sight|p1a: Incineroar
|-start|p2a: Slowking|move: Future Sight
|
|-damage|p2a: Slowking|13/100 brn|[from] brn
|upkeep
|turn|6
|
|t:|1757947653
|switch|p2a: Great Tusk|Great Tusk|100/100
|-enditem|p2a: Great Tusk|Booster Energy
|-activate|p2a: Great Tusk|ability: Protosynthesis|[fromitem]
|-start|p2a: Great Tusk|protosynthesisspe
|move|p1a: Incineroar|Parting Shot|p2a: Great Tusk
|-unboost|p2a: Great Tusk|atk|1
|-unboost|p2a: Great Tusk|spa|1
|
|t:|1757947662
|switch|p1a: Okidogi|Okidogi, M|32/100|[from] Parting Shot
|
|upkeep
|turn|7
|
|t:|1757947668
|switch|p1a: Incineroar|Incineroar, M, shiny|48/100
|-ability|p1a: Incineroar|Intimidate|boost
|-unboost|p2a: Great Tusk|atk|1
|move|p2a: Great Tusk|Rapid Spin|p1a: Incineroar
|-damage|p1a: Incineroar|40/100
|-boost|p2a: Great Tusk|spe|1
|
|-end|p1a: Incineroar|move: Future Sight
|-immune|p1a: Incineroar
|upkeep
|turn|8
|
|t:|1757947674
|move|p2a: Great Tusk|Headlong Rush|p1a: Incineroar
|-supereffective|p1a: Incineroar
|-damage|p1a: Incineroar|0 fnt
|-unboost|p2a: Great Tusk|def|1
|-unboost|p2a: Great Tusk|spd|1
|faint|p1a: Incineroar
|
|upkeep
|
|t:|1757947679
|switch|p1a: Iron Crown|Iron Crown|100/100
|turn|9
|
|t:|1757947683
|move|p2a: Great Tusk|Headlong Rush|p1a: Iron Crown
|-supereffective|p1a: Iron Crown
|-damage|p1a: Iron Crown|55/100
|-unboost|p2a: Great Tusk|def|1
|-unboost|p2a: Great Tusk|spd|1
|-enditem|p1a: Iron Crown|Weakness Policy
|-boost|p1a: Iron Crown|atk|2|[from] item: Weakness Policy
|-boost|p1a: Iron Crown|spa|2|[from] item: Weakness Policy
|move|p1a: Iron Crown|Agility|p1a: Iron Crown
|-boost|p1a: Iron Crown|spe|2
|
|upkeep
|turn|10
|
|t:|1757947696
|-terastallize|p2a: Great Tusk|Ground
|move|p2a: Great Tusk|Headlong Rush|p1a: Iron Crown
|-supereffective|p1a: Iron Crown
|-damage|p1a: Iron Crown|0 fnt
|-unboost|p2a: Great Tusk|def|1
|-unboost|p2a: Great Tusk|spd|1
|faint|p1a: Iron Crown
|-end|p1a: Iron Crown|Quark Drive|[silent]
|
|upkeep
|
|t:|1757947703
|switch|p1a: Kyurem|Kyurem, shiny|100/100
|-ability|p1a: Kyurem|Pressure
|turn|11
|
|t:|1757947710
|-end|p2a: Great Tusk|Protosynthesis|[silent]
|switch|p2a: Scizor|Scizor, M|100/100
|move|p1a: Kyurem|Ice Beam|p2a: Scizor
|-resisted|p2a: Scizor
|-damage|p2a: Scizor|62/100
|
|upkeep
|turn|12
|
|t:|1757947718
|switch|p1a: Okidogi|Okidogi, M|32/100
|move|p2a: Scizor|Bullet Punch|p1a: Okidogi
|-damage|p1a: Okidogi|5/100
|
|upkeep
|turn|13
|
|t:|1757947722
|move|p2a: Scizor|Bullet Punch|p1a: Okidogi
|-damage|p1a: Okidogi|0 fnt
|faint|p1a: Okidogi
|
|upkeep
|
|t:|1757947724
|switch|p1a: Weezing|Weezing-Galar, F, shiny|100/100
|turn|14
|
|t:|1757947730
|switch|p2a: Slowking|Slowking-Galar, M|46/100 brn
|move|p1a: Weezing|Will-O-Wisp|p2a: Slowking
|-fail|p2a: Slowking|brn
|
|-damage|p2a: Slowking|40/100 brn|[from] brn
|upkeep
|turn|15
|
|t:|1757947734
|switch|p1a: Kyurem|Kyurem, shiny|100/100
|-ability|p1a: Kyurem|Pressure
|move|p2a: Slowking|Future Sight|p1a: Kyurem
|-start|p2a: Slowking|move: Future Sight
|
|-damage|p2a: Slowking|34/100 brn|[from] brn
|upkeep
|turn|16
|
|t:|1757947741
|move|p1a: Kyurem|Ice Beam|p2a: Slowking
|-damage|p2a: Slowking|0 fnt
|faint|p2a: Slowking
|
|upkeep
|
|t:|1757947754
|switch|p2a: Scizor|Scizor, M|62/100
|turn|17
|
|t:|1757947760
|move|p1a: Kyurem|Earth Power|p2a: Scizor
|-crit|p2a: Scizor
|-damage|p2a: Scizor|0 fnt
|faint|p2a: Scizor
|
|-end|p1a: Kyurem|move: Future Sight
|-damage|p1a: Kyurem|61/100
|upkeep
|
|t:|1757947772
|switch|p2a: Darkrai|Darkrai|100/100
|turn|18
|
|t:|1757947774
|move|p2a: Darkrai|Focus Blast|p1a: Kyurem
|-supereffective|p1a: Kyurem
|-damage|p1a: Kyurem|0 fnt
|faint|p1a: Kyurem
|-damage|p2a: Darkrai|91/100|[from] item: Life Orb
|
|upkeep
|
|t:|1757947777
|switch|p1a: Weezing|Weezing-Galar, F, shiny|100/100
|turn|19
|
|t:|1757947782
|move|p2a: Darkrai|Sludge Bomb|p1a: Weezing
|-damage|p1a: Weezing|42/100
|-damage|p2a: Darkrai|81/100|[from] item: Life Orb
|move|p1a: Weezing|Strange Steam|p2a: Darkrai
|-supereffective|p2a: Darkrai
|-damage|p2a: Darkrai|12/100
|-start|p2a: Darkrai|confusion
|
|-heal|p1a: Weezing|48/100|[from] item: Leftovers
|upkeep
|turn|20
|
|t:|1757947790
|-activate|p2a: Darkrai|confusion
|move|p2a: Darkrai|Sludge Bomb|p1a: Weezing
|-damage|p1a: Weezing|0 fnt
|faint|p1a: Weezing
|-damage|p2a: Darkrai|2/100|[from] item: Life Orb
|
|upkeep
|
|t:|1757947793
|switch|p1a: Articuno|Articuno-Galar, shiny|100/100
|turn|21
|
|t:|1757947797
|-activate|p2a: Darkrai|confusion
|move|p2a: Darkrai|Dark Pulse|p1a: Articuno
|-supereffective|p1a: Articuno
|-damage|p1a: Articuno|3/100
|-enditem|p1a: Articuno|Weakness Policy
|-boost|p1a: Articuno|atk|2|[from] item: Weakness Policy
|-boost|p1a: Articuno|spa|2|[from] item: Weakness Policy
|-damage|p2a: Darkrai|0 fnt|[from] item: Life Orb
|faint|p2a: Darkrai
|move|p1a: Articuno|Agility|p1a: Articuno
|-boost|p1a: Articuno|spe|2
|
|upkeep
|
|t:|1757947802
|switch|p2a: Raging Bolt|Raging Bolt|100/100
|-enditem|p2a: Raging Bolt|Booster Energy
|-activate|p2a: Raging Bolt|ability: Protosynthesis|[fromitem]
|-start|p2a: Raging Bolt|protosynthesisspa
|turn|22
|
|t:|1757947806
|move|p2a: Raging Bolt|Thunderclap|p1a: Articuno
|-supereffective|p1a: Articuno
|-damage|p1a: Articuno|0 fnt
|faint|p1a: Articuno
|
|win|Lord zebraman
|raw|RoddyJ's rating: 1454 &rarr; <strong>1434</strong><br />(-20 for losing)
|raw|Lord zebraman's rating: 1456 &rarr; <strong>1476</strong><br />(+20 for winning)
|l|☆RoddyJ
|player|p1|
