|j|‽Vastcheetah03
|j|☆Papaya.Queen
|t:|1757927150
|gametype|singles
|player|p1|Vastcheetah03|169|1096
|player|p2|Papaya.Queen|102|1076
|gen|9
|tier|[Gen 9] OU
|rated|
|rule|HP Percentage Mod: HP is shown in percentages
|rule|Endless Battle Clause: Forcing endless battles is banned
|rule|Species Clause: Limit one of each Pokémon
|rule|OHKO Clause: OHKO moves are banned
|rule|Evasion Items Clause: Evasion items are banned
|rule|Evasion Moves Clause: Evasion moves are banned
|rule|Evasion Abilities Clause: Evasion abilities are banned
|rule|Sleep Moves Clause: Sleep-inducing moves are banned
|clearpoke
|poke|p1|Galvantula, M|
|poke|p1|Scrafty, M|
|poke|p1|Talonflame, M|
|poke|p1|Latios, M|
|poke|p1|Virizion|
|poke|p1|Milotic, M|
|poke|p2|Gliscor, M|
|poke|p2|Clodsire, M|
|poke|p2|Blissey, F|
|poke|p2|Leafeon, F|
|poke|p2|Dondozo, F|
|poke|p2|Toxapex, F|
|teampreview
|inactive|Battle timer is ON: inactive players will automatically lose when time's up. (requested by Papaya.Queen)
|
|t:|1757927177
|teamsize|p1|6
|teamsize|p2|6
|start
|switch|p1a: Milotic|Milotic, M, shiny|100/100
|switch|p2a: Gliscor|Gliscor, M|100/100
|turn|1
|
|t:|1757927183
|move|p2a: Gliscor|Toxic Spikes|p1a: Milotic
|-sidestart|p1: Vastcheetah03|move: Toxic Spikes
|move|p1a: Milotic|Scald|p2a: Gliscor
|-supereffective|p2a: Gliscor
|-damage|p2a: Gliscor|36/100
|-status|p2a: Gliscor|brn
|
|-damage|p2a: Gliscor|29/100 brn|[from] brn
|-status|p1a: Milotic|brn|[from] item: Flame Orb
|upkeep
|turn|2
|
|t:|1757927193
|move|p2a: Gliscor|Toxic||[still]
|-fail|p2a: Gliscor
|move|p1a: Milotic|Scald|p2a: Gliscor
|-supereffective|p2a: Gliscor
|-damage|p2a: Gliscor|0 fnt
|faint|p2a: Gliscor
|
|-damage|p1a: Milotic|94/100 brn|[from] brn
|upkeep
|
|t:|1757927206
|switch|p2a: Leafeon|Leafeon, F|100/100
|turn|3
|
|t:|1757927219
|switch|p1a: Scrafty|Scrafty, M, shiny|100/100
|-status|p1a: Scrafty|psn
|-ability|p1a: Scrafty|Intimidate|boost
|-unboost|p2a: Leafeon|atk|1
|move|p2a: Leafeon|Leech Seed|p1a: Scrafty
|-start|p1a: Scrafty|move: Leech Seed
|
|-damage|p1a: Scrafty|88/100 psn|[from] Leech Seed|[of] p2a: Leafeon
|-damage|p1a: Scrafty|76/100 psn|[from] psn
|upkeep
|turn|4
|
|t:|1757927231
|move|p2a: Leafeon|Protect|p2a: Leafeon
|-singleturn|p2a: Leafeon|Protect
|move|p1a: Scrafty|Knock Off|p2a: Leafeon
|-activate|p2a: Leafeon|move: Protect
|
|-damage|p1a: Scrafty|64/100 psn|[from] Leech Seed|[of] p2a: Leafeon
|-damage|p1a: Scrafty|51/100 psn|[from] psn
|upkeep
|turn|5
|
|t:|1757927240
|switch|p1a: Galvantula|Galvantula, M, shiny|100/100
|-status|p1a: Galvantula|psn
|move|p2a: Leafeon|Substitute|p2a: Leafeon
|-start|p2a: Leafeon|Substitute
|-damage|p2a: Leafeon|76/100
|
|-heal|p2a: Leafeon|82/100|[from] item: Leftovers
|-damage|p1a: Galvantula|88/100 psn|[from] psn
|upkeep
|turn|6
|
|t:|1757927249
|move|p1a: Galvantula|Bug Buzz|p2a: Leafeon
|-supereffective|p2a: Leafeon
|-damage|p2a: Leafeon|0 fnt
|faint|p2a: Leafeon
|
|-damage|p1a: Galvantula|76/100 psn|[from] psn
|upkeep
|
|t:|1757927258
|switch|p2a: Clodsire|Clodsire, M|100/100
|turn|7
|
|t:|1757927265
|move|p1a: Galvantula|Sticky Web|p2a: Clodsire
|-sidestart|p2: Papaya.Queen|move: Sticky Web
|move|p2a: Clodsire|Gunk Shot|p1a: Galvantula
|-damage|p1a: Galvantula|18/100 psn
|
|-damage|p1a: Galvantula|5/100 psn|[from] psn
|upkeep
|turn|8
|
|t:|1757927274
|switch|p1a: Scrafty|Scrafty, M, shiny|51/100 psn
|-ability|p1a: Scrafty|Intimidate|boost
|-unboost|p2a: Clodsire|atk|1
|move|p2a: Clodsire|Gunk Shot|p1a: Scrafty
|-damage|p1a: Scrafty|36/100 psn
|
|-damage|p1a: Scrafty|24/100 psn|[from] psn
|upkeep
|turn|9
|
|t:|1757927283
|move|p1a: Scrafty|Knock Off|p2a: Clodsire
|-damage|p2a: Clodsire|64/100
|-enditem|p2a: Clodsire|Heavy-Duty Boots|[from] move: Knock Off|[of] p1a: Scrafty
|move|p2a: Clodsire|Earthquake|p1a: Scrafty
|-damage|p1a: Scrafty|9/100 psn
|
|-damage|p1a: Scrafty|0 fnt|[from] psn
|faint|p1a: Scrafty
|upkeep
|
|t:|1757927293
|switch|p1a: Latios|Latios, M, shiny|100/100
|turn|10
|
|t:|1757927303
|move|p1a: Latios|Trick|p2a: Clodsire
|-activate|p1a: Latios|move: Trick|[of] p2a: Clodsire
|-item|p2a: Clodsire|Choice Scarf|[from] move: Trick
|-enditem|p1a: Latios|Choice Scarf|[silent]|[from] move: Trick
|move|p2a: Clodsire|Toxic|p1a: Latios
|-status|p1a: Latios|tox
|
|-damage|p1a: Latios|95/100 tox|[from] psn
|upkeep
|turn|11
|
|t:|1757927320
|switch|p2a: Dondozo|Dondozo, F|100/100
|move|p1a: Latios|Luster Purge|p2a: Dondozo
|-damage|p2a: Dondozo|56/100
|
|-damage|p1a: Latios|83/100 tox|[from] psn
|upkeep
|turn|12
|
|t:|1757927330
|move|p1a: Latios|Draco Meteor|p2a: Dondozo|[miss]
|-miss|p1a: Latios|p2a: Dondozo
|move|p2a: Dondozo|Rest|p2a: Dondozo
|-status|p2a: Dondozo|slp|[from] move: Rest
|-heal|p2a: Dondozo|100/100 slp|[silent]
|
|-damage|p1a: Latios|65/100 tox|[from] psn
|upkeep
|turn|13
|
|t:|1757927340
|switch|p1a: Virizion|Virizion|100/100
|-status|p1a: Virizion|psn
|cant|p2a: Dondozo|slp
|move|p2a: Dondozo|Sleep Talk|p2a: Dondozo
|move|p2a: Dondozo|Rest||[from] move: Sleep Talk|[still]
|-fail|p2a: Dondozo
|
|-damage|p1a: Virizion|88/100 psn|[from] psn
|upkeep
|turn|14
|
|t:|1757927351
|switch|p2a: Clodsire|Clodsire, M|64/100
|-activate|p2a: Clodsire|move: Sticky Web
|-unboost|p2a: Clodsire|spe|1
|move|p1a: Virizion|Swords Dance|p1a: Virizion
|-boost|p1a: Virizion|atk|2
|
|-damage|p1a: Virizion|76/100 psn|[from] psn
|upkeep
|turn|15
|
|t:|1757927360
|move|p1a: Virizion|Zen Headbutt|p2a: Clodsire|[miss]
|-miss|p1a: Virizion|p2a: Clodsire
|move|p2a: Clodsire|Gunk Shot|p1a: Virizion|[miss]
|-miss|p2a: Clodsire|p1a: Virizion
|
|-damage|p1a: Virizion|63/100 psn|[from] psn
|upkeep
|turn|16
|
|t:|1757927367
|move|p1a: Virizion|Zen Headbutt|p2a: Clodsire
|-supereffective|p2a: Clodsire
|-damage|p2a: Clodsire|4/100
|-damage|p1a: Virizion|53/100 psn|[from] item: Life Orb
|move|p2a: Clodsire|Gunk Shot|p1a: Virizion
|-supereffective|p1a: Virizion
|-damage|p1a: Virizion|0 fnt
|faint|p1a: Virizion
|
|upkeep
|
|t:|1757927377
|switch|p1a: Talonflame|Talonflame, M, shiny|100/100
|turn|17
|
|t:|1757927382
|move|p1a: Talonflame|Dual Wingbeat|p2a: Clodsire
|-damage|p2a: Clodsire|0 fnt
|faint|p2a: Clodsire
|-hitcount|p2: Clodsire|1
|
|upkeep
|
|t:|1757927402
|switch|p2a: Dondozo|Dondozo, F|100/100 slp
|turn|18
|
|t:|1757927409
|-terastallize|p1a: Talonflame|Flying
|move|p1a: Talonflame|Dual Wingbeat|p2a: Dondozo
|-damage|p2a: Dondozo|85/100 slp
|-damage|p2a: Dondozo|70/100 slp
|-hitcount|p2a: Dondozo|2
|cant|p2a: Dondozo|slp
|move|p2a: Dondozo|Sleep Talk|p2a: Dondozo
|move|p2a: Dondozo|Curse|p2a: Dondozo|[from] move: Sleep Talk
|-unboost|p2a: Dondozo|spe|1
|-boost|p2a: Dondozo|atk|1
|-boost|p2a: Dondozo|def|1
|
|upkeep
|turn|19
|
|t:|1757927423
|switch|p1a: Latios|Latios, M, shiny|65/100 tox
|-curestatus|p2a: Dondozo|slp|[msg]
|move|p2a: Dondozo|Waterfall|p1a: Latios
|-resisted|p1a: Latios
|-damage|p1a: Latios|39/100 tox
|
|-damage|p1a: Latios|33/100 tox|[from] psn
|upkeep
|turn|20
|
|t:|1757927433
|move|p1a: Latios|Luster Purge|p2a: Dondozo
|-damage|p2a: Dondozo|20/100
|move|p2a: Dondozo|Rest|p2a: Dondozo
|-status|p2a: Dondozo|slp|[from] move: Rest
|-heal|p2a: Dondozo|100/100 slp|[silent]
|
|-damage|p1a: Latios|21/100 tox|[from] psn
|upkeep
|turn|21
|
|t:|1757927440
|move|p1a: Latios|Luster Purge|p2a: Dondozo
|-damage|p2a: Dondozo|52/100 slp
|-unboost|p2a: Dondozo|spd|1
|cant|p2a: Dondozo|slp
|move|p2a: Dondozo|Sleep Talk|p2a: Dondozo
|move|p2a: Dondozo|Curse|p2a: Dondozo|[from] move: Sleep Talk
|-unboost|p2a: Dondozo|spe|1
|-boost|p2a: Dondozo|atk|1
|-boost|p2a: Dondozo|def|1
|
|-damage|p1a: Latios|3/100 tox|[from] psn
|upkeep
|turn|22
|
|t:|1757927452
|move|p1a: Latios|Luster Purge|p2a: Dondozo
|-damage|p2a: Dondozo|0 fnt
|faint|p2a: Dondozo
|
|-damage|p1a: Latios|0 fnt|[from] psn
|faint|p1a: Latios
|upkeep
|
|t:|1757927464
|switch|p1a: Galvantula|Galvantula, M, shiny|5/100 psn
|switch|p2a: Toxapex|Toxapex, F|100/100
|turn|23
|
|t:|1757927470
|move|p2a: Toxapex|Baneful Bunker|p2a: Toxapex
|-singleturn|p2a: Toxapex|move: Protect
|move|p1a: Galvantula|Thunder|p2a: Toxapex
|-activate|p2a: Toxapex|move: Protect
|
|-damage|p1a: Galvantula|0 fnt|[from] psn
|faint|p1a: Galvantula
|upkeep
|
|t:|1757927478
|switch|p1a: Talonflame|Talonflame, M, shiny, tera:Flying|100/100
|turn|24
|
|t:|1757927485
|move|p1a: Talonflame|Dual Wingbeat|p2a: Toxapex
|-damage|p2a: Toxapex|75/100
|-damage|p2a: Toxapex|49/100
|-hitcount|p2a: Toxapex|2
|move|p2a: Toxapex|Toxic|p1a: Talonflame
|-status|p1a: Talonflame|tox
|
|-damage|p1a: Talonflame|94/100 tox|[from] psn
|upkeep
|turn|25
|
|t:|1757927495
|switch|p1a: Milotic|Milotic, M, shiny|94/100 brn
|move|p2a: Toxapex|Recover|p2a: Toxapex
|-heal|p2a: Toxapex|99/100
|
|-damage|p1a: Milotic|88/100 brn|[from] brn
|upkeep
|turn|26
|
|t:|1757927509
|move|p1a: Milotic|Scald|p2a: Toxapex
|-resisted|p2a: Toxapex
|-damage|p2a: Toxapex|90/100
|move|p2a: Toxapex|Toxic||[still]
|-fail|p2a: Toxapex
|
|-damage|p1a: Milotic|82/100 brn|[from] brn
|upkeep
|turn|27
|
|t:|1757927517
|move|p2a: Toxapex|Baneful Bunker|p2a: Toxapex
|-singleturn|p2a: Toxapex|move: Protect
|move|p1a: Milotic|Scald|p2a: Toxapex
|-activate|p2a: Toxapex|move: Protect
|
|-damage|p1a: Milotic|76/100 brn|[from] brn
|upkeep
|turn|28
|
|t:|1757927528
|move|p1a: Milotic|Scald|p2a: Toxapex
|-resisted|p2a: Toxapex
|-damage|p2a: Toxapex|81/100
|-status|p2a: Toxapex|brn
|move|p2a: Toxapex|Recover|p2a: Toxapex
|-heal|p2a: Toxapex|100/100 brn
|
|-damage|p1a: Milotic|70/100 brn|[from] brn
|-damage|p2a: Toxapex|95/100 brn|[from] brn
|upkeep
|turn|29
|
|t:|1757927538
|move|p2a: Toxapex|Baneful Bunker|p2a: Toxapex
|-singleturn|p2a: Toxapex|move: Protect
|move|p1a: Milotic|Dragon Tail|p2a: Toxapex
|-activate|p2a: Toxapex|move: Protect
|
|-damage|p1a: Milotic|64/100 brn|[from] brn
|-damage|p2a: Toxapex|89/100 brn|[from] brn
|upkeep
|turn|30
|
|t:|1757927553
|move|p2a: Toxapex|Haze|p2a: Toxapex
|-clearallboost
|move|p1a: Milotic|Dragon Tail|p2a: Toxapex|[miss]
|-miss|p1a: Milotic|p2a: Toxapex
|
|-damage|p1a: Milotic|58/100 brn|[from] brn
|-damage|p2a: Toxapex|83/100 brn|[from] brn
|upkeep
|turn|31
|
|t:|1757927561
|move|p2a: Toxapex|Baneful Bunker|p2a: Toxapex
|-singleturn|p2a: Toxapex|move: Protect
|move|p1a: Milotic|Recover|p1a: Milotic
|-heal|p1a: Milotic|100/100 brn
|
|-damage|p1a: Milotic|94/100 brn|[from] brn
|-damage|p2a: Toxapex|77/100 brn|[from] brn
|upkeep
|turn|32
|
|t:|1757927569
|move|p2a: Toxapex|Recover|p2a: Toxapex
|-heal|p2a: Toxapex|100/100 brn
|move|p1a: Milotic|Dragon Tail|p2a: Toxapex
|-damage|p2a: Toxapex|97/100 brn
|drag|p2a: Blissey|Blissey, F|100/100
|
|-damage|p1a: Milotic|88/100 brn|[from] brn
|upkeep
|turn|33
|
|t:|1757927586
|move|p1a: Milotic|Flip Turn|p2a: Blissey
|-damage|p2a: Blissey|94/100
|
|t:|1757927589
|switch|p1a: Talonflame|Talonflame, M, shiny, tera:Flying|94/100 tox|[from] Flip Turn
|move|p2a: Blissey|Seismic Toss|p1a: Talonflame
|-damage|p1a: Talonflame|61/100 tox
|
|-damage|p1a: Talonflame|55/100 tox|[from] psn
|upkeep
|turn|34
|
|t:|1757927600
|move|p1a: Talonflame|Dual Wingbeat|p2a: Blissey
|-damage|p2a: Blissey|60/100
|-damage|p2a: Blissey|26/100
|-hitcount|p2a: Blissey|2
|move|p2a: Blissey|Stealth Rock|p1a: Talonflame
|-sidestart|p1: Vastcheetah03|move: Stealth Rock
|
|-damage|p1a: Talonflame|43/100 tox|[from] psn
|upkeep
|turn|35
|
|t:|1757927609
|move|p1a: Talonflame|Dual Wingbeat|p2a: Blissey
|-damage|p2a: Blissey|0 fnt
|faint|p2a: Blissey
|-hitcount|p2: Blissey|1
|
|-damage|p1a: Talonflame|24/100 tox|[from] psn
|upkeep
|
|t:|1757927615
|switch|p2a: Toxapex|Toxapex, F|100/100 brn
|turn|36
|
|t:|1757927619
|move|p2a: Toxapex|Baneful Bunker|p2a: Toxapex
|-singleturn|p2a: Toxapex|move: Protect
|move|p1a: Talonflame|Dual Wingbeat|p2a: Toxapex
|-activate|p2a: Toxapex|move: Protect
|
|-damage|p1a: Talonflame|0 fnt|[from] psn
|faint|p1a: Talonflame
|-damage|p2a: Toxapex|95/100 brn|[from] brn
|upkeep
|
|t:|1757927627
|switch|p1a: Milotic|Milotic, M, shiny|88/100 brn
|-damage|p1a: Milotic|76/100 brn|[from] Stealth Rock
|turn|37
|
|t:|1757927635
|move|p1a: Milotic|Flip Turn|p2a: Toxapex
|-resisted|p2a: Toxapex
|-damage|p2a: Toxapex|92/100 brn
|move|p2a: Toxapex|Haze|p2a: Toxapex
|-clearallboost
|
|-damage|p1a: Milotic|70/100 brn|[from] brn
|-damage|p2a: Toxapex|86/100 brn|[from] brn
|upkeep
|turn|38
|
|t:|1757927643
|move|p2a: Toxapex|Baneful Bunker|p2a: Toxapex
|-singleturn|p2a: Toxapex|move: Protect
|move|p1a: Milotic|Flip Turn|p2a: Toxapex
|-activate|p2a: Toxapex|move: Protect
|
|-damage|p1a: Milotic|64/100 brn|[from] brn
|-damage|p2a: Toxapex|80/100 brn|[from] brn
|upkeep
|turn|39
|
|t:|1757927653
|move|p1a: Milotic|Flip Turn|p2a: Toxapex
|-resisted|p2a: Toxapex
|-damage|p2a: Toxapex|78/100 brn
|move|p2a: Toxapex|Haze|p2a: Toxapex
|-clearallboost
|
|-damage|p1a: Milotic|58/100 brn|[from] brn
|-damage|p2a: Toxapex|72/100 brn|[from] brn
|upkeep
|turn|40
|
|t:|1757927661
|move|p2a: Toxapex|Baneful Bunker|p2a: Toxapex
|-singleturn|p2a: Toxapex|move: Protect
|move|p1a: Milotic|Flip Turn|p2a: Toxapex
|-activate|p2a: Toxapex|move: Protect
|
|-damage|p1a: Milotic|52/100 brn|[from] brn
|-damage|p2a: Toxapex|66/100 brn|[from] brn
|upkeep
|turn|41
|
|t:|1757927669
|move|p1a: Milotic|Flip Turn|p2a: Toxapex
|-resisted|p2a: Toxapex
|-damage|p2a: Toxapex|64/100 brn
|move|p2a: Toxapex|Haze|p2a: Toxapex
|-clearallboost
|
|-damage|p1a: Milotic|45/100 brn|[from] brn
|-damage|p2a: Toxapex|58/100 brn|[from] brn
|upkeep
|turn|42
|
|t:|1757927678
|move|p2a: Toxapex|Baneful Bunker|p2a: Toxapex
|-singleturn|p2a: Toxapex|move: Protect
|move|p1a: Milotic|Recover|p1a: Milotic
|-heal|p1a: Milotic|95/100 brn
|
|-damage|p1a: Milotic|89/100 brn|[from] brn
|-damage|p2a: Toxapex|52/100 brn|[from] brn
|upkeep
|turn|43
|
|t:|1757927686
|move|p1a: Milotic|Flip Turn|p2a: Toxapex
|-resisted|p2a: Toxapex
|-damage|p2a: Toxapex|49/100 brn
|move|p2a: Toxapex|Recover|p2a: Toxapex
|-heal|p2a: Toxapex|99/100 brn
|
|-damage|p1a: Milotic|83/100 brn|[from] brn
|-damage|p2a: Toxapex|94/100 brn|[from] brn
|upkeep
|turn|44
|
|t:|1757927694
|move|p1a: Milotic|Flip Turn|p2a: Toxapex
|-resisted|p2a: Toxapex
|-damage|p2a: Toxapex|91/100 brn
|move|p2a: Toxapex|Haze|p2a: Toxapex
|-clearallboost
|
|-damage|p1a: Milotic|77/100 brn|[from] brn
|-damage|p2a: Toxapex|85/100 brn|[from] brn
|upkeep
|turn|45
|
|t:|1757927702
|move|p2a: Toxapex|Baneful Bunker|p2a: Toxapex
|-singleturn|p2a: Toxapex|move: Protect
|move|p1a: Milotic|Flip Turn|p2a: Toxapex
|-activate|p2a: Toxapex|move: Protect
|
|-damage|p1a: Milotic|71/100 brn|[from] brn
|-damage|p2a: Toxapex|79/100 brn|[from] brn
|upkeep
|turn|46
|
|t:|1757927710
|move|p1a: Milotic|Flip Turn|p2a: Toxapex
|-resisted|p2a: Toxapex
|-damage|p2a: Toxapex|77/100 brn
|move|p2a: Toxapex|Haze|p2a: Toxapex
|-clearallboost
|
|-damage|p1a: Milotic|65/100 brn|[from] brn
|-damage|p2a: Toxapex|71/100 brn|[from] brn
|upkeep
|turn|47
|
|t:|1757927718
|move|p2a: Toxapex|Baneful Bunker|p2a: Toxapex
|-singleturn|p2a: Toxapex|move: Protect
|move|p1a: Milotic|Flip Turn|p2a: Toxapex
|-activate|p2a: Toxapex|move: Protect
|
|-damage|p1a: Milotic|59/100 brn|[from] brn
|-damage|p2a: Toxapex|65/100 brn|[from] brn
|upkeep
|turn|48
|
|t:|1757927726
|move|p1a: Milotic|Flip Turn|p2a: Toxapex
|-resisted|p2a: Toxapex
|-damage|p2a: Toxapex|63/100 brn
|move|p2a: Toxapex|Haze|p2a: Toxapex
|-clearallboost
|
|-damage|p1a: Milotic|53/100 brn|[from] brn
|-damage|p2a: Toxapex|57/100 brn|[from] brn
|upkeep
|turn|49
|
|t:|1757927733
|move|p2a: Toxapex|Baneful Bunker|p2a: Toxapex
|-singleturn|p2a: Toxapex|move: Protect
|move|p1a: Milotic|Flip Turn|p2a: Toxapex
|-activate|p2a: Toxapex|move: Protect
|
|-damage|p1a: Milotic|47/100 brn|[from] brn
|-damage|p2a: Toxapex|51/100 brn|[from] brn
|upkeep
|turn|50
|
|t:|1757927741
|move|p1a: Milotic|Recover|p1a: Milotic
|-heal|p1a: Milotic|97/100 brn
|move|p2a: Toxapex|Haze|p2a: Toxapex
|-clearallboost
|
|-damage|p1a: Milotic|91/100 brn|[from] brn
|-damage|p2a: Toxapex|45/100 brn|[from] brn
|upkeep
|turn|51
|
|t:|1757927752
|move|p2a: Toxapex|Recover|p2a: Toxapex
|-heal|p2a: Toxapex|95/100 brn
|move|p1a: Milotic|Dragon Tail|p2a: Toxapex
|-damage|p2a: Toxapex|92/100 brn
|
|-damage|p1a: Milotic|85/100 brn|[from] brn
|-damage|p2a: Toxapex|86/100 brn|[from] brn
|upkeep
|turn|52
|
|t:|1757927762
|move|p2a: Toxapex|Baneful Bunker|p2a: Toxapex
|-singleturn|p2a: Toxapex|move: Protect
|move|p1a: Milotic|Flip Turn|p2a: Toxapex
|-activate|p2a: Toxapex|move: Protect
|
|-damage|p1a: Milotic|78/100 brn|[from] brn
|-damage|p2a: Toxapex|80/100 brn|[from] brn
|upkeep
|turn|53
|l|☆Papaya.Queen
|inactive|Papaya.Queen disconnected and has a minute to reconnect!
|player|p2|
|inactive|Papaya.Queen has 30 seconds to reconnect!
|inactive|Papaya.Queen has 20 seconds to reconnect!
|inactive|Papaya.Queen has 15 seconds to reconnect!
|inactive|Papaya.Queen has 10 seconds to reconnect!
|inactive|Papaya.Queen has 5 seconds to reconnect!
|-message|Papaya.Queen lost due to inactivity.
|
|win|Vastcheetah03
|raw|Vastcheetah03's rating: 1096 &rarr; <strong>1120</strong><br />(+24 for winning)
|raw|Papaya.Queen's rating: 1076 &rarr; <strong>1056</strong><br />(-20 for losing)
|l|‽Vastcheetah03
|player|p1|
