|j|☆yiht
|j|☆rgedgd
|t:|1757823200
|gametype|singles
|player|p1|yiht|1|1241
|player|p2|rgedgd|169|1258
|gen|9
|tier|[Gen 9] OU
|rated|
|rule|HP Percentage Mod: HP is shown in percentages
|rule|Endless Battle Clause: Forcing endless battles is banned
|rule|Species Clause: Limit one of each Pokémon
|rule|OHKO Clause: OHKO moves are banned
|rule|Evasion Items Clause: Evasion items are banned
|rule|Evasion Moves Clause: Evasion moves are banned
|rule|Evasion Abilities Clause: Evasion abilities are banned
|rule|Sleep Moves Clause: Sleep-inducing moves are banned
|clearpoke
|poke|p1|Ribombee, M|
|poke|p1|Samurott-Hisui, F|
|poke|p1|Gholdengo|
|poke|p1|Great Tusk|
|poke|p1|Glimmora, F|
|poke|p1|Dragonite, F|
|poke|p2|Glimmora, M|
|poke|p2|Gholdengo|
|poke|p2|Dragonite, F|
|poke|p2|Kingambit, M|
|poke|p2|Iron Valiant|
|poke|p2|Staraptor, F|
|teampreview
|
|t:|1757823228
|teamsize|p1|6
|teamsize|p2|6
|start
|switch|p1a: Ribombee|Ribombee, M|100/100
|switch|p2a: Glimmora|Glimmora, M|100/100
|turn|1
|
|t:|1757823254
|move|p1a: Ribombee|U-turn|p2a: Glimmora
|-resisted|p2a: Glimmora
|-damage|p2a: Glimmora|93/100
|-activate|p2a: Glimmora|ability: Toxic Debris
|-sidestart|p1: yiht|move: Toxic Spikes
|
|t:|1757823258
|switch|p1a: Glimmora|Glimmora, F|100/100|[from] U-turn
|-sideend|p1: yiht|move: Toxic Spikes|[of] p1a: Glimmora
|move|p2a: Glimmora|Stealth Rock|p1a: Glimmora
|-sidestart|p1: yiht|move: Stealth Rock
|
|upkeep
|turn|2
|
|t:|1757823289
|switch|p2a: Gholdengo|Gholdengo|100/100
|-item|p2a: Gholdengo|Air Balloon
|move|p1a: Glimmora|Meteor Beam||[still]
|-prepare|p1a: Glimmora|Meteor Beam
|-boost|p1a: Glimmora|spa|1
|-enditem|p1a: Glimmora|Power Herb
|-anim|p1a: Glimmora|Meteor Beam|p2a: Gholdengo|[miss]
|-miss|p1a: Glimmora|p2a: Gholdengo
|
|upkeep
|turn|3
|
|t:|1757823302
|move|p1a: Glimmora|Power Gem|p2a: Gholdengo
|-resisted|p2a: Gholdengo
|-damage|p2a: Gholdengo|63/100
|-enditem|p2a: Gholdengo|Air Balloon
|move|p2a: Gholdengo|Nasty Plot|p2a: Gholdengo
|-boost|p2a: Gholdengo|spa|2
|
|upkeep
|turn|4
|
|t:|1757823309
|move|p1a: Glimmora|Earth Power|p2a: Gholdengo
|-supereffective|p2a: Gholdengo
|-damage|p2a: Gholdengo|0 fnt
|faint|p2a: Gholdengo
|
|upkeep
|
|t:|1757823325
|switch|p2a: Glimmora|Glimmora, M|93/100
|turn|5
|
|t:|1757823331
|move|p1a: Glimmora|Earth Power|p2a: Glimmora
|-supereffective|p2a: Glimmora
|-damage|p2a: Glimmora|0 fnt
|faint|p2a: Glimmora
|
|upkeep
|
|t:|1757823341
|switch|p2a: Staraptor|Staraptor, F|100/100
|turn|6
|
|t:|1757823347
|move|p2a: Staraptor|Brave Bird|p1a: Glimmora
|-resisted|p1a: Glimmora
|-damage|p1a: Glimmora|25/100
|-activate|p1a: Glimmora|ability: Toxic Debris
|-sidestart|p2: rgedgd|move: Toxic Spikes
|-damage|p2a: Staraptor|76/100|[from] Recoil
|move|p1a: Glimmora|Power Gem|p2a: Staraptor
|-supereffective|p2a: Staraptor
|-damage|p2a: Staraptor|0 fnt
|faint|p2a: Staraptor
|
|upkeep
|
|t:|1757823360
|switch|p2a: Iron Valiant|Iron Valiant|100/100
|-status|p2a: Iron Valiant|psn
|-enditem|p2a: Iron Valiant|Booster Energy
|-activate|p2a: Iron Valiant|ability: Quark Drive|[fromitem]
|-start|p2a: Iron Valiant|quarkdrivespe
|turn|7
|
|t:|1757823380
|move|p2a: Iron Valiant|Knock Off|p1a: Glimmora
|-damage|p1a: Glimmora|3/100
|-activate|p1a: Glimmora|ability: Toxic Debris
|-sidestart|p2: rgedgd|move: Toxic Spikes
|move|p1a: Glimmora|Sludge Wave|p2a: Iron Valiant
|-supereffective|p2a: Iron Valiant
|-damage|p2a: Iron Valiant|0 fnt
|faint|p2a: Iron Valiant
|-end|p2a: Iron Valiant|Quark Drive|[silent]
|
|upkeep
|
|t:|1757823414
|switch|p2a: Kingambit|Kingambit, M|100/100
|-activate|p2a: Kingambit|ability: Supreme Overlord
|-start|p2a: Kingambit|fallen4|[silent]
|turn|8
|
|t:|1757823425
|move|p1a: Glimmora|Earth Power|p2a: Kingambit
|-supereffective|p2a: Kingambit
|-damage|p2a: Kingambit|0 fnt
|faint|p2a: Kingambit
|-end|p2a: Kingambit|fallen4|[silent]
|
|upkeep
|
|t:|1757823427
|switch|p2a: Dragonite|Dragonite, F|100/100
|turn|9
|
|t:|1757823431
|move|p1a: Glimmora|Power Gem|p2a: Dragonite
|-supereffective|p2a: Dragonite
|-damage|p2a: Dragonite|35/100
|move|p2a: Dragonite|Dragon Dance|p2a: Dragonite
|-boost|p2a: Dragonite|atk|1
|-boost|p2a: Dragonite|spe|1
|
|upkeep
|turn|10
|inactive|Battle timer is ON: inactive players will automatically lose when time's up. (requested by yiht)
|
|t:|1757823442
|-terastallize|p2a: Dragonite|Normal
|move|p2a: Dragonite|Extreme Speed|p1a: Glimmora
|-resisted|p1a: Glimmora
|-damage|p1a: Glimmora|0 fnt
|faint|p1a: Glimmora
|
|upkeep
|
|t:|1757823446
|switch|p1a: Great Tusk|Great Tusk|100/100
|-damage|p1a: Great Tusk|98/100|[from] Stealth Rock
|-enditem|p1a: Great Tusk|Booster Energy
|-activate|p1a: Great Tusk|ability: Protosynthesis|[fromitem]
|-start|p1a: Great Tusk|protosynthesisatk
|turn|11
|
|t:|1757823451
|-terastallize|p1a: Great Tusk|Ghost
|move|p2a: Dragonite|Ice Spinner|p1a: Great Tusk
|-damage|p1a: Great Tusk|62/100
|move|p1a: Great Tusk|Close Combat|p2a: Dragonite
|-supereffective|p2a: Dragonite
|-damage|p2a: Dragonite|0 fnt
|-unboost|p1a: Great Tusk|def|1
|-unboost|p1a: Great Tusk|spd|1
|faint|p2a: Dragonite
|
|win|yiht
|raw|yiht's rating: 1292 &rarr; <strong>1315</strong><br />(+23 for winning)
|raw|rgedgd's rating: 1258 &rarr; <strong>1235</strong><br />(-23 for losing)
|l|☆rgedgd
|player|p2|
|l|☆yiht
|player|p1|
