|j|☆vitos86
|j|☆stoogiemcgee
|t:|1757788904
|gametype|singles
|player|p1|vitos86|biker|1230
|player|p2|stoogiemcgee|265|1275
|gen|9
|tier|[Gen 9] OU
|rated|
|rule|HP Percentage Mod: HP is shown in percentages
|rule|Endless Battle Clause: Forcing endless battles is banned
|rule|Species Clause: Limit one of each Pokémon
|rule|OHKO Clause: OHKO moves are banned
|rule|Evasion Items Clause: Evasion items are banned
|rule|Evasion Moves Clause: Evasion moves are banned
|rule|Evasion Abilities Clause: Evasion abilities are banned
|rule|Sleep Moves Clause: Sleep-inducing moves are banned
|clearpoke
|poke|p1|Mightyena, M|
|poke|p1|Ninetales, M|
|poke|p1|Skarmory, M|
|poke|p1|Typhlosion, M|
|poke|p1|Lapras, M|
|poke|p1|Blastoise, M|
|poke|p2|Iron Valiant|
|poke|p2|Samurott-Hisui, M|
|poke|p2|Ursaluna, M|
|poke|p2|Latias, F|
|poke|p2|Zapdos|
|poke|p2|Glimmora, M|
|teampreview
|inactive|Battle timer is ON: inactive players will automatically lose when time's up. (requested by stoogiemcgee)
|
|t:|1757788921
|teamsize|p1|6
|teamsize|p2|6
|start
|switch|p1a: Skarmory|Skarmory, M|100/100
|switch|p2a: Wunderhorse|Samurott-Hisui, M, shiny|100/100
|turn|1
|
|t:|1757788928
|move|p2a: Wunderhorse|Swords Dance|p2a: Wunderhorse
|-boost|p2a: Wunderhorse|atk|2
|move|p1a: Skarmory|Stealth Rock|p2a: Wunderhorse
|-sidestart|p2: stoogiemcgee|move: Stealth Rock
|
|upkeep
|turn|2
|
|t:|1757788934
|move|p2a: Wunderhorse|Swords Dance|p2a: Wunderhorse
|-boost|p2a: Wunderhorse|atk|2
|move|p1a: Skarmory|Spikes|p2a: Wunderhorse
|-sidestart|p2: stoogiemcgee|Spikes
|
|upkeep
|turn|3
|
|t:|1757788940
|move|p2a: Wunderhorse|Swords Dance|p2a: Wunderhorse
|-boost|p2a: Wunderhorse|atk|2
|move|p1a: Skarmory|Spikes|p2a: Wunderhorse
|-sidestart|p2: stoogiemcgee|Spikes
|
|upkeep
|turn|4
|
|t:|1757788947
|move|p2a: Wunderhorse|Ceaseless Edge|p1a: Skarmory
|-ability|p1a: Skarmory|Sturdy
|-damage|p1a: Skarmory|1/100
|-damage|p2a: Wunderhorse|84/100|[from] item: Rocky Helmet|[of] p1a: Skarmory
|-sidestart|p1: vitos86|Spikes
|move|p1a: Skarmory|Spikes|p2a: Wunderhorse
|-sidestart|p2: stoogiemcgee|Spikes
|
|upkeep
|turn|5
|
|t:|1757788956
|move|p2a: Wunderhorse|Aqua Jet|p1a: Skarmory
|-damage|p1a: Skarmory|0 fnt
|-damage|p2a: Wunderhorse|67/100|[from] item: Rocky Helmet|[of] p1a: Skarmory
|faint|p1a: Skarmory
|
|upkeep
|
|t:|1757788972
|switch|p1a: Lapras|Lapras, M|100/100
|-damage|p1a: Lapras|88/100|[from] Spikes
|turn|6
|
|t:|1757788976
|move|p2a: Wunderhorse|Ceaseless Edge|p1a: Lapras
|-damage|p1a: Lapras|0 fnt
|-sidestart|p1: vitos86|Spikes
|faint|p1a: Lapras
|
|upkeep
|
|t:|1757788982
|switch|p1a: Mightyena|Mightyena, M|100/100
|-damage|p1a: Mightyena|84/100|[from] Spikes
|turn|7
|
|t:|1757788990
|-terastallize|p1a: Mightyena|Dark
|move|p1a: Mightyena|Sucker Punch|p2a: Wunderhorse
|-resisted|p2a: Wunderhorse
|-damage|p2a: Wunderhorse|35/100
|-damage|p1a: Mightyena|74/100|[from] item: Life Orb
|move|p2a: Wunderhorse|Razor Shell|p1a: Mightyena
|-damage|p1a: Mightyena|0 fnt
|faint|p1a: Mightyena
|
|upkeep
|
|t:|1757789001
|switch|p1a: Typhlosion|Typhlosion, M|100/100
|-damage|p1a: Typhlosion|84/100|[from] Spikes
|turn|8
|
|t:|1757789008
|move|p2a: Wunderhorse|Aqua Jet|p1a: Typhlosion
|-supereffective|p1a: Typhlosion
|-damage|p1a: Typhlosion|0 fnt
|faint|p1a: Typhlosion
|
|upkeep
|
|t:|1757789014
|switch|p1a: Ninetales|Ninetales, M, shiny|100/100
|-damage|p1a: Ninetales|84/100|[from] Spikes
|-weather|SunnyDay|[from] ability: Drought|[of] p1a: Ninetales
|turn|9
|
|t:|1757789021
|move|p2a: Wunderhorse|Aqua Jet|p1a: Ninetales
|-supereffective|p1a: Ninetales
|-damage|p1a: Ninetales|0 fnt
|faint|p1a: Ninetales
|
|-weather|SunnyDay|[upkeep]
|upkeep
|
|t:|1757789027
|switch|p1a: Blastoise|Blastoise, M|100/100
|-damage|p1a: Blastoise|84/100|[from] Spikes
|turn|10
|
|t:|1757789031
|move|p2a: Wunderhorse|Ceaseless Edge|p1a: Blastoise
|-damage|p1a: Blastoise|0 fnt
|-sidestart|p1: vitos86|Spikes
|faint|p1a: Blastoise
|
|win|stoogiemcgee
|raw|vitos86's rating: 1230 &rarr; <strong>1208</strong><br />(-22 for losing)
|raw|stoogiemcgee's rating: 1275 &rarr; <strong>1297</strong><br />(+22 for winning)
|c|☆stoogiemcgee|gg
|l|☆vitos86
|player|p1|
