|j|☆rolenbogat
|j|☆yijing
|t:|1757823488
|gametype|singles
|player|p1|rolenbogat|dawn|1223
|player|p2|yijing|170|1228
|gen|9
|tier|[Gen 9] OU
|rated|
|rule|HP Percentage Mod: HP is shown in percentages
|rule|Endless Battle Clause: Forcing endless battles is banned
|rule|Species Clause: Limit one of each Pokémon
|rule|OHKO Clause: OHKO moves are banned
|rule|Evasion Items Clause: Evasion items are banned
|rule|Evasion Moves Clause: Evasion moves are banned
|rule|Evasion Abilities Clause: Evasion abilities are banned
|rule|Sleep Moves Clause: Sleep-inducing moves are banned
|clearpoke
|poke|p1|Necrozma|
|poke|p1|Raging Bolt|
|poke|p1|Dragapult, M|
|poke|p1|Ninetales-Alola, F|
|poke|p1|Quaquaval, F|
|poke|p1|Iron Treads|
|poke|p2|Gengar, F|
|poke|p2|Noivern, F|
|poke|p2|Pawmot, M|
|poke|p2|Cramorant, M|
|poke|p2|Krookodile, F|
|poke|p2|Klawf, F|
|teampreview
|inactive|Battle timer is ON: inactive players will automatically lose when time's up. (requested by yijing)
|
|t:|1757823499
|teamsize|p1|6
|teamsize|p2|6
|start
|switch|p1a: Quaquaval|Quaquaval, F|100/100
|switch|p2a: Gengar|Gengar, F|100/100
|turn|1
|
|t:|1757823508
|move|p2a: Gengar|Thunderbolt|p1a: Quaquaval
|-supereffective|p1a: Quaquaval
|-damage|p1a: Quaquaval|42/100
|-damage|p2a: Gengar|91/100|[from] item: Life Orb
|move|p1a: Quaquaval|Knock Off|p2a: Gengar
|-supereffective|p2a: Gengar
|-damage|p2a: Gengar|0 fnt
|-enditem|p2a: Gengar|Life Orb|[from] move: Knock Off|[of] p1a: Quaquaval
|faint|p2a: Gengar
|-ability|p1a: Quaquaval|Moxie|boost
|-boost|p1a: Quaquaval|atk|1
|
|upkeep
|
|t:|1757823529
|switch|p2a: Noivern|Noivern, F|100/100
|turn|2
|
|t:|1757823535
|move|p2a: Noivern|Boomburst|p1a: Quaquaval
|-damage|p1a: Quaquaval|10/100
|-enditem|p2a: Noivern|Throat Spray
|-boost|p2a: Noivern|spa|1|[from] item: Throat Spray
|move|p1a: Quaquaval|Triple Axel|p2a: Noivern
|-supereffective|p2a: Noivern
|-damage|p2a: Noivern|55/100
|-hitcount|p2a: Noivern|1
|
|upkeep
|turn|3
|
|t:|1757823546
|move|p2a: Noivern|Boomburst|p1a: Quaquaval
|-damage|p1a: Quaquaval|0 fnt
|faint|p1a: Quaquaval
|
|upkeep
|
|t:|1757823549
|switch|p1a: Raging Bolt|Raging Bolt|100/100
|turn|4
|
|t:|1757823554
|move|p1a: Raging Bolt|Thunderclap|p2a: Noivern
|-damage|p2a: Noivern|0 fnt
|faint|p2a: Noivern
|
|upkeep
|
|t:|1757823560
|switch|p2a: Krookodile|Krookodile, F, shiny|100/100
|turn|5
|
|t:|1757823565
|-end|p1a: Raging Bolt|Protosynthesis|[silent]
|switch|p1a: Ninetales|Ninetales-Alola, F|100/100
|-weather|Snowscape|[from] ability: Snow Warning|[of] p1a: Ninetales
|move|p2a: Krookodile|Scale Shot|p1a: Ninetales
|-immune|p1a: Ninetales
|
|-weather|Snowscape|[upkeep]
|upkeep
|turn|6
|
|t:|1757823578
|switch|p2a: Klawf|Klawf, F|100/100
|move|p1a: Ninetales|Aurora Veil|p1a: Ninetales
|-sidestart|p1: rolenbogat|move: Aurora Veil
|
|-weather|Snowscape|[upkeep]
|upkeep
|turn|7
|
|t:|1757823586
|switch|p1a: Iron Treads|Iron Treads|100/100
|-enditem|p1a: Iron Treads|Booster Energy
|-activate|p1a: Iron Treads|ability: Quark Drive|[fromitem]
|-start|p1a: Iron Treads|quarkdriveatk
|move|p2a: Klawf|Stealth Rock|p1a: Iron Treads
|-sidestart|p1: rolenbogat|move: Stealth Rock
|
|-weather|Snowscape|[upkeep]
|upkeep
|turn|8
|
|t:|1757823598
|move|p1a: Iron Treads|Earthquake|p2a: Klawf
|-supereffective|p2a: Klawf
|-damage|p2a: Klawf|0 fnt
|faint|p2a: Klawf
|
|-weather|Snowscape|[upkeep]
|upkeep
|
|t:|1757823605
|switch|p2a: Cramorant|Cramorant, M|100/100
|turn|9
|
|t:|1757823611
|move|p1a: Iron Treads|Ice Spinner|p2a: Cramorant
|-damage|p2a: Cramorant|35/100
|move|p2a: Cramorant|Surf|p1a: Iron Treads
|-formechange|p2a: Cramorant|Cramorant-Gorging|
|-supereffective|p1a: Iron Treads
|-damage|p1a: Iron Treads|55/100
|
|-weather|none
|upkeep
|turn|10
|
|t:|1757823624
|move|p1a: Iron Treads|Rapid Spin|p2a: Cramorant
|-crit|p2a: Cramorant
|-damage|p2a: Cramorant|0 fnt
|-boost|p1a: Iron Treads|spe|1
|-damage|p1a: Iron Treads|30/100|[from] ability: Gulp Missile|[of] p2a: Cramorant
|-status|p1a: Iron Treads|par
|-formechange|p2a: Cramorant|Cramorant|
|-sideend|p1: rolenbogat|Stealth Rock|[from] move: Rapid Spin|[of] p1a: Iron Treads
|faint|p2a: Cramorant
|
|upkeep
|
|t:|1757823634
|switch|p2a: Krookodile|Krookodile, F, shiny|100/100
|turn|11
|
|t:|1757823642
|move|p2a: Krookodile|Earthquake|p1a: Iron Treads
|-supereffective|p1a: Iron Treads
|-damage|p1a: Iron Treads|0 fnt
|faint|p1a: Iron Treads
|-end|p1a: Iron Treads|Quark Drive|[silent]
|-ability|p2a: Krookodile|Moxie|boost
|-boost|p2a: Krookodile|atk|1
|
|upkeep
|
|t:|1757823648
|switch|p1a: Dragapult|Dragapult, M|100/100
|turn|12
|
|t:|1757823654
|-terastallize|p2a: Krookodile|Water
|move|p1a: Dragapult|U-turn|p2a: Krookodile
|-damage|p2a: Krookodile|53/100
|
|t:|1757823657
|switch|p1a: Ninetales|Ninetales-Alola, F|100/100|[from] U-turn
|-weather|Snowscape|[from] ability: Snow Warning|[of] p1a: Ninetales
|move|p2a: Krookodile|Scale Shot|p1a: Ninetales
|-immune|p1a: Ninetales
|
|-weather|Snowscape|[upkeep]
|upkeep
|turn|13
|
|t:|1757823668
|move|p1a: Ninetales|Freeze-Dry|p2a: Krookodile
|-supereffective|p2a: Krookodile
|-damage|p2a: Krookodile|0 fnt
|faint|p2a: Krookodile
|
|-weather|Snowscape|[upkeep]
|-sideend|p1: rolenbogat|move: Aurora Veil
|upkeep
|
|t:|1757823675
|switch|p2a: Pawmot|Pawmot, M|100/100
|turn|14
|
|t:|1757823681
|move|p1a: Ninetales|Aurora Veil|p1a: Ninetales
|-sidestart|p1: rolenbogat|move: Aurora Veil
|move|p2a: Pawmot|Double Shock|p1a: Ninetales
|-damage|p1a: Ninetales|75/100
|-start|p2a: Pawmot|typechange|???/Fighting|[from] move: Double Shock
|
|-weather|Snowscape|[upkeep]
|upkeep
|turn|15
|-message|yijing forfeited.
|
|win|rolenbogat
|raw|rolenbogat's rating: 1223 &rarr; <strong>1248</strong><br />(+25 for winning)
|raw|yijing's rating: 1228 &rarr; <strong>1203</strong><br />(-25 for losing)
|l|☆yijing
|player|p2|
