|j|☆FantasticBoxes123
|j|☆Carpe Toadem
|t:|1757913886
|gametype|singles
|player|p1|FantasticBoxes123|265|1335
|player|p2|Carpe Toadem|blue|1435
|gen|9
|tier|[Gen 9] OU
|rated|
|rule|HP Percentage Mod: HP is shown in percentages
|rule|Endless Battle Clause: Forcing endless battles is banned
|rule|Species Clause: Limit one of each Pokémon
|rule|OHKO Clause: OHKO moves are banned
|rule|Evasion Items Clause: Evasion items are banned
|rule|Evasion Moves Clause: Evasion moves are banned
|rule|Evasion Abilities Clause: Evasion abilities are banned
|rule|Sleep Moves Clause: Sleep-inducing moves are banned
|clearpoke
|poke|p1|Zamazenta-*|
|poke|p1|Ninetales-Alola, M|
|poke|p1|Darkrai|
|poke|p1|Ceruledge, F|
|poke|p1|Gliscor, M|
|poke|p1|Hatterene, F|
|poke|p2|Glimmora, M|
|poke|p2|Dragapult, M|
|poke|p2|Moltres|
|poke|p2|Hippowdon, F|
|poke|p2|Goodra-Hisui, M|
|poke|p2|Rillaboom, F|
|teampreview
|inactive|Battle timer is ON: inactive players will automatically lose when time's up. (requested by Carpe Toadem)
|
|t:|1757913909
|teamsize|p1|6
|teamsize|p2|6
|start
|switch|p1a: Ceruledge|Ceruledge, F|100/100
|switch|p2a: Hippowdon|Hippowdon, F|100/100
|-weather|Sandstorm|[from] ability: Sand Stream|[of] p2a: Hippowdon
|turn|1
|
|t:|1757913919
|switch|p1a: Gliscor|Gliscor, M|100/100
|move|p2a: Hippowdon|Sand Tomb|p1a: Gliscor
|-immune|p1a: Gliscor
|
|-weather|Sandstorm|[upkeep]
|-status|p1a: Gliscor|tox|[from] item: Toxic Orb
|upkeep
|turn|2
|
|t:|1757913929
|switch|p2a: Glimmora|Glimmora, M|100/100
|move|p1a: Gliscor|Swords Dance|p1a: Gliscor
|-boost|p1a: Gliscor|atk|2
|
|-weather|Sandstorm|[upkeep]
|upkeep
|turn|3
|
|t:|1757913941
|move|p2a: Glimmora|Power Gem|p1a: Gliscor
|-damage|p1a: Gliscor|54/100 tox
|move|p1a: Gliscor|Earthquake|p2a: Glimmora
|-supereffective|p2a: Glimmora
|-enditem|p2a: Glimmora|Focus Sash
|-damage|p2a: Glimmora|1/100
|-activate|p2a: Glimmora|ability: Toxic Debris
|-sidestart|p1: FantasticBoxes123|move: Toxic Spikes
|
|-weather|Sandstorm|[upkeep]
|-heal|p1a: Gliscor|67/100 tox|[from] ability: Poison Heal
|upkeep
|turn|4
|
|t:|1757913955
|move|p2a: Glimmora|Stealth Rock|p1a: Gliscor
|-sidestart|p1: FantasticBoxes123|move: Stealth Rock
|move|p1a: Gliscor|Agility|p1a: Gliscor
|-boost|p1a: Gliscor|spe|2
|
|-weather|Sandstorm|[upkeep]
|-heal|p1a: Gliscor|79/100 tox|[from] ability: Poison Heal
|upkeep
|turn|5
|
|t:|1757913967
|switch|p2a: Moltres|Moltres|100/100
|move|p1a: Gliscor|Facade|p2a: Moltres
|-damage|p2a: Moltres|58/100
|
|-weather|none
|-heal|p1a: Gliscor|92/100 tox|[from] ability: Poison Heal
|upkeep
|turn|6
|
|t:|1757913989
|move|p1a: Gliscor|Facade|p2a: Moltres
|-damage|p2a: Moltres|16/100
|move|p2a: Moltres|Hurricane|p1a: Gliscor
|-damage|p1a: Gliscor|44/100 tox
|
|-heal|p1a: Gliscor|56/100 tox|[from] ability: Poison Heal
|upkeep
|turn|7
|
|t:|1757913999
|move|p1a: Gliscor|Facade|p2a: Moltres
|-damage|p2a: Moltres|0 fnt
|faint|p2a: Moltres
|
|-heal|p1a: Gliscor|69/100 tox|[from] ability: Poison Heal
|upkeep
|
|t:|1757914003
|switch|p2a: Hippowdon|Hippowdon, F|100/100
|-weather|Sandstorm|[from] ability: Sand Stream|[of] p2a: Hippowdon
|turn|8
|
|t:|1757914014
|move|p1a: Gliscor|Swords Dance|p1a: Gliscor
|-boost|p1a: Gliscor|atk|2
|move|p2a: Hippowdon|Whirlwind|p1a: Gliscor
|drag|p1a: Zamazenta|Zamazenta|100/100
|-status|p1a: Zamazenta|psn
|-damage|p1a: Zamazenta|94/100 psn|[from] Stealth Rock
|-ability|p1a: Zamazenta|Dauntless Shield|boost
|-boost|p1a: Zamazenta|def|1
|
|-weather|Sandstorm|[upkeep]
|-damage|p1a: Zamazenta|88/100 psn|[from] Sandstorm
|-damage|p1a: Zamazenta|76/100 psn|[from] psn
|upkeep
|turn|9
|
|t:|1757914041
|move|p1a: Zamazenta|Iron Defense|p1a: Zamazenta
|-boost|p1a: Zamazenta|def|2
|move|p2a: Hippowdon|Curse|p2a: Hippowdon
|-unboost|p2a: Hippowdon|spe|1
|-boost|p2a: Hippowdon|atk|1
|-boost|p2a: Hippowdon|def|1
|
|-weather|Sandstorm|[upkeep]
|-damage|p1a: Zamazenta|70/100 psn|[from] Sandstorm
|-damage|p1a: Zamazenta|57/100 psn|[from] psn
|upkeep
|turn|10
|
|t:|1757914057
|move|p1a: Zamazenta|Rest|p1a: Zamazenta
|-status|p1a: Zamazenta|slp|[from] move: Rest
|-heal|p1a: Zamazenta|100/100 slp|[silent]
|-enditem|p1a: Zamazenta|Chesto Berry|[eat]
|-curestatus|p1a: Zamazenta|slp|[msg]
|move|p2a: Hippowdon|Whirlwind|p1a: Zamazenta
|drag|p1a: Darkrai|Darkrai|100/100
|-status|p1a: Darkrai|psn
|-damage|p1a: Darkrai|88/100 psn|[from] Stealth Rock
|
|-weather|Sandstorm|[upkeep]
|-damage|p1a: Darkrai|82/100 psn|[from] Sandstorm
|-heal|p1a: Darkrai|88/100 psn|[from] item: Leftovers
|-damage|p1a: Darkrai|76/100 psn|[from] psn
|upkeep
|turn|11
|inactive|FantasticBoxes123 has 120 seconds left.
|
|t:|1757914076
|switch|p2a: Goodra|Goodra-Hisui, M|100/100
|move|p1a: Darkrai|Dark Pulse|p2a: Goodra
|-damage|p2a: Goodra|82/100
|
|-weather|Sandstorm|[upkeep]
|-damage|p1a: Darkrai|70/100 psn|[from] Sandstorm
|-heal|p1a: Darkrai|76/100 psn|[from] item: Leftovers
|-damage|p1a: Darkrai|63/100 psn|[from] psn
|upkeep
|turn|12
|inactive|FantasticBoxes123 has 120 seconds left.
|
|t:|1757914088
|move|p1a: Darkrai|Focus Blast|p2a: Goodra|[miss]
|-miss|p1a: Darkrai|p2a: Goodra
|move|p2a: Goodra|Flash Cannon|p1a: Darkrai
|-damage|p1a: Darkrai|9/100 psn
|
|-weather|none
|-heal|p1a: Darkrai|15/100 psn|[from] item: Leftovers
|-damage|p1a: Darkrai|3/100 psn|[from] psn
|upkeep
|turn|13
|inactive|FantasticBoxes123 has 120 seconds left.
|
|t:|1757914098
|switch|p2a: Rillaboom|Rillaboom, F|100/100
|-fieldstart|move: Grassy Terrain|[from] ability: Grassy Surge|[of] p2a: Rillaboom
|move|p1a: Darkrai|Focus Blast|p2a: Rillaboom
|-damage|p2a: Rillaboom|64/100
|
|-heal|p1a: Darkrai|9/100 psn|[from] Grassy Terrain
|-heal|p1a: Darkrai|15/100 psn|[from] item: Leftovers
|-heal|p2a: Rillaboom|70/100|[from] Grassy Terrain
|-damage|p1a: Darkrai|3/100 psn|[from] psn
|upkeep
|turn|14
|inactive|FantasticBoxes123 has 120 seconds left.
|
|t:|1757914112
|move|p2a: Rillaboom|Grassy Glide|p1a: Darkrai
|-damage|p1a: Darkrai|0 fnt
|faint|p1a: Darkrai
|
|-heal|p2a: Rillaboom|76/100|[from] Grassy Terrain
|upkeep
|inactive|FantasticBoxes123 has 120 seconds left.
|
|t:|1757914121
|switch|p1a: Ceruledge|Ceruledge, F|100/100
|-status|p1a: Ceruledge|psn
|-damage|p1a: Ceruledge|76/100 psn|[from] Stealth Rock
|turn|15
|
|t:|1757914129
|switch|p2a: Hippowdon|Hippowdon, F|100/100
|-weather|Sandstorm|[from] ability: Sand Stream|[of] p2a: Hippowdon
|move|p1a: Ceruledge|Bitter Blade|p2a: Hippowdon
|-damage|p2a: Hippowdon|80/100
|-heal|p1a: Ceruledge|88/100 psn|[from] drain|[of] p2a: Hippowdon
|-damage|p1a: Ceruledge|71/100 psn|[from] item: Rocky Helmet|[of] p2a: Hippowdon
|
|-weather|Sandstorm|[upkeep]
|-damage|p1a: Ceruledge|65/100 psn|[from] Sandstorm
|-heal|p1a: Ceruledge|71/100 psn|[from] Grassy Terrain
|-heal|p2a: Hippowdon|86/100|[from] Grassy Terrain
|-damage|p1a: Ceruledge|59/100 psn|[from] psn
|upkeep
|turn|16
|inactive|FantasticBoxes123 has 120 seconds left.
|
|t:|1757914147
|switch|p1a: Gliscor|Gliscor, M|69/100 tox
|-damage|p1a: Gliscor|56/100 tox|[from] Stealth Rock
|move|p2a: Hippowdon|Sand Tomb|p1a: Gliscor
|-immune|p1a: Gliscor
|
|-weather|Sandstorm|[upkeep]
|-heal|p2a: Hippowdon|93/100|[from] Grassy Terrain
|-heal|p1a: Gliscor|69/100 tox|[from] ability: Poison Heal
|upkeep
|turn|17
|inactive|FantasticBoxes123 has 120 seconds left.
|
|t:|1757914171
|move|p1a: Gliscor|Facade|p2a: Hippowdon
|-damage|p2a: Hippowdon|76/100
|-damage|p1a: Gliscor|52/100 tox|[from] item: Rocky Helmet|[of] p2a: Hippowdon
|move|p2a: Hippowdon|Whirlwind|p1a: Gliscor
|drag|p1a: Hatterene|Hatterene, F|100/100
|-status|p1a: Hatterene|psn
|-damage|p1a: Hatterene|88/100 psn|[from] Stealth Rock
|
|-weather|Sandstorm|[upkeep]
|-damage|p1a: Hatterene|82/100 psn|[from] Sandstorm
|-heal|p2a: Hippowdon|82/100|[from] Grassy Terrain
|-heal|p1a: Hatterene|88/100 psn|[from] Grassy Terrain
|-heal|p1a: Hatterene|94/100 psn|[from] item: Leftovers
|-damage|p1a: Hatterene|82/100 psn|[from] psn
|-fieldend|move: Grassy Terrain
|upkeep
|turn|18
|
|t:|1757914197
|switch|p2a: Goodra|Goodra-Hisui, M|82/100
|switch|p1a: Ninetales|Ninetales-Alola, M|100/100
|-status|p1a: Ninetales|psn
|-damage|p1a: Ninetales|76/100 psn|[from] Stealth Rock
|-weather|Snowscape|[from] ability: Snow Warning|[of] p1a: Ninetales
|
|-weather|Snowscape|[upkeep]
|-damage|p1a: Ninetales|63/100 psn|[from] psn
|upkeep
|turn|19
|
|t:|1757914211
|switch|p2a: Hippowdon|Hippowdon, F|82/100
|-weather|Sandstorm|[from] ability: Sand Stream|[of] p2a: Hippowdon
|move|p1a: Ninetales|Aurora Veil||[still]
|-fail|p1a: Ninetales
|
|-weather|Sandstorm|[upkeep]
|-damage|p1a: Ninetales|57/100 psn|[from] Sandstorm
|-damage|p1a: Ninetales|45/100 psn|[from] psn
|upkeep
|turn|20
|
|t:|1757914226
|switch|p2a: Goodra|Goodra-Hisui, M|82/100
|move|p1a: Ninetales|Freeze-Dry|p2a: Goodra
|-damage|p2a: Goodra|73/100
|
|-weather|Sandstorm|[upkeep]
|-damage|p1a: Ninetales|39/100 psn|[from] Sandstorm
|-damage|p1a: Ninetales|27/100 psn|[from] psn
|upkeep
|turn|21
|-message|FantasticBoxes123 forfeited.
|
|win|Carpe Toadem
|raw|FantasticBoxes123's rating: 1335 &rarr; <strong>1321</strong><br />(-14 for losing)
|raw|Carpe Toadem's rating: 1435 &rarr; <strong>1449</strong><br />(+14 for winning)
|l|☆FantasticBoxes123
|player|p1|
|l|☆Carpe Toadem
|player|p2|
