|j|☆thraxxedout!
|j|☆luisfe1707
|t:|1757905835
|gametype|singles
|player|p1|thraxxedout!|1|1339
|player|p2|luisfe1707|101|1346
|gen|9
|tier|[Gen 9] OU
|rated|
|rule|HP Percentage Mod: HP is shown in percentages
|rule|Endless Battle Clause: Forcing endless battles is banned
|rule|Species Clause: Limit one of each Pokémon
|rule|OHKO Clause: OHKO moves are banned
|rule|Evasion Items Clause: Evasion items are banned
|rule|Evasion Moves Clause: Evasion moves are banned
|rule|Evasion Abilities Clause: Evasion abilities are banned
|rule|Sleep Moves Clause: Sleep-inducing moves are banned
|clearpoke
|poke|p1|Ting-Lu|
|poke|p1|Metagross|
|poke|p1|Weezing-Galar, M|
|poke|p1|Kommo-o, F|
|poke|p1|Araquanid, F|
|poke|p1|Brambleghast, F|
|poke|p2|Kingambit, F|
|poke|p2|Ursaluna, M|
|poke|p2|Raging Bolt|
|poke|p2|Araquanid, F|
|poke|p2|Hatterene, F|
|poke|p2|Deoxys-Defense|
|teampreview
|inactive|Battle timer is ON: inactive players will automatically lose when time's up. (requested by luisfe1707)
|
|t:|1757905844
|teamsize|p1|6
|teamsize|p2|6
|start
|switch|p1a: Jewel 🍃|Brambleghast, F|100/100
|switch|p2a: Araquanid|Araquanid, F|100/100
|turn|1
|
|t:|1757905850
|move|p1a: Jewel 🍃|Leech Seed|p2a: Araquanid
|-start|p2a: Araquanid|move: Leech Seed
|move|p2a: Araquanid|Leech Life|p1a: Jewel 🍃
|-damage|p1a: Jewel 🍃|36/100
|
|-damage|p2a: Araquanid|88/100|[from] Leech Seed|[of] p1a: Jewel 🍃
|-heal|p1a: Jewel 🍃|49/100|[silent]
|upkeep
|turn|2
|
|t:|1757905856
|move|p1a: Jewel 🍃|Strength Sap|p2a: Araquanid
|-unboost|p2a: Araquanid|atk|1
|-heal|p1a: Jewel 🍃|100/100
|move|p2a: Araquanid|Leech Life|p1a: Jewel 🍃
|-damage|p1a: Jewel 🍃|56/100
|-heal|p2a: Araquanid|100/100|[from] drain|[of] p1a: Jewel 🍃
|
|-damage|p2a: Araquanid|88/100|[from] Leech Seed|[of] p1a: Jewel 🍃
|-heal|p1a: Jewel 🍃|70/100|[silent]
|upkeep
|turn|3
|
|t:|1757905863
|switch|p2a: Kingambit|Kingambit, F|100/100
|move|p1a: Jewel 🍃|Poltergeist|p2a: Kingambit
|-activate|p2a: Kingambit|move: Poltergeist|Lum Berry
|-resisted|p2a: Kingambit
|-damage|p2a: Kingambit|86/100
|
|upkeep
|turn|4
|
|t:|1757905871
|switch|p1a: Dover 🎣|Araquanid, F|100/100
|move|p2a: Kingambit|Swords Dance|p2a: Kingambit
|-boost|p2a: Kingambit|atk|2
|
|upkeep
|turn|5
|
|t:|1757905876
|move|p2a: Kingambit|Kowtow Cleave|p1a: Dover 🎣
|-damage|p1a: Dover 🎣|0 fnt
|faint|p1a: Dover 🎣
|
|upkeep
|
|t:|1757905882
|switch|p1a: Mai-Tai 🥡|Ting-Lu|100/100
|-ability|p1a: Mai-Tai 🥡|Vessel of Ruin
|turn|6
|
|t:|1757905887
|-terastallize|p2a: Kingambit|Flying
|move|p2a: Kingambit|Swords Dance|p2a: Kingambit
|-boost|p2a: Kingambit|atk|2
|move|p1a: Mai-Tai 🥡|Whirlwind|p2a: Kingambit
|-end|p2a: Kingambit|fallenundefined|[silent]
|drag|p2a: Deoxys|Deoxys-Defense|100/100
|-ability|p2a: Deoxys|Pressure
|
|upkeep
|turn|7
|
|t:|1757905897
|move|p2a: Deoxys|Stealth Rock|p1a: Mai-Tai 🥡
|-sidestart|p1: thraxxedout!|move: Stealth Rock
|move|p1a: Mai-Tai 🥡|Ruination|p2a: Deoxys
|-damage|p2a: Deoxys|51/100
|
|upkeep
|turn|8
|
|t:|1757905919
|move|p2a: Deoxys|Knock Off|p1a: Mai-Tai 🥡
|-resisted|p1a: Mai-Tai 🥡
|-damage|p1a: Mai-Tai 🥡|96/100
|-enditem|p1a: Mai-Tai 🥡|Leftovers|[from] move: Knock Off|[of] p2a: Deoxys
|move|p1a: Mai-Tai 🥡|Earthquake|p2a: Deoxys
|-damage|p2a: Deoxys|23/100
|
|upkeep
|turn|9
|
|t:|1757905923
|move|p2a: Deoxys|Night Shade|p1a: Mai-Tai 🥡
|-damage|p1a: Mai-Tai 🥡|76/100
|move|p1a: Mai-Tai 🥡|Stealth Rock|p2a: Deoxys
|-sidestart|p2: luisfe1707|move: Stealth Rock
|
|upkeep
|turn|10
|
|t:|1757905930
|move|p2a: Deoxys|Night Shade|p1a: Mai-Tai 🥡
|-damage|p1a: Mai-Tai 🥡|57/100
|move|p1a: Mai-Tai 🥡|Ruination|p2a: Deoxys
|-damage|p2a: Deoxys|12/100
|
|upkeep
|turn|11
|
|t:|1757905936
|move|p2a: Deoxys|Night Shade|p1a: Mai-Tai 🥡
|-damage|p1a: Mai-Tai 🥡|37/100
|move|p1a: Mai-Tai 🥡|Ruination|p2a: Deoxys
|-damage|p2a: Deoxys|6/100
|
|upkeep
|turn|12
|
|t:|1757905941
|move|p2a: Deoxys|Night Shade|p1a: Mai-Tai 🥡
|-damage|p1a: Mai-Tai 🥡|18/100
|move|p1a: Mai-Tai 🥡|Earthquake|p2a: Deoxys
|-damage|p2a: Deoxys|0 fnt
|faint|p2a: Deoxys
|
|upkeep
|
|t:|1757905952
|switch|p2a: Ursaluna|Ursaluna, M|100/100
|-damage|p2a: Ursaluna|94/100|[from] Stealth Rock
|turn|13
|
|t:|1757905959
|move|p2a: Ursaluna|Facade|p1a: Mai-Tai 🥡
|-damage|p1a: Mai-Tai 🥡|0 fnt
|faint|p1a: Mai-Tai 🥡
|
|-status|p2a: Ursaluna|brn|[from] item: Flame Orb
|upkeep
|inactive|thraxxedout! has 120 seconds left.
|
|t:|1757905995
|switch|p1a: Jewel 🍃|Brambleghast, F|70/100
|turn|14
|inactive|thraxxedout! has 120 seconds left.
|
|t:|1757906002
|move|p1a: Jewel 🍃|Strength Sap|p2a: Ursaluna
|-unboost|p2a: Ursaluna|atk|1
|-heal|p1a: Jewel 🍃|100/100
|move|p2a: Ursaluna|Fire Punch|p1a: Jewel 🍃
|-supereffective|p1a: Jewel 🍃
|-damage|p1a: Jewel 🍃|12/100
|
|-damage|p2a: Ursaluna|88/100 brn|[from] brn
|upkeep
|turn|15
|
|t:|1757906005
|move|p1a: Jewel 🍃|Strength Sap|p2a: Ursaluna
|-unboost|p2a: Ursaluna|atk|1
|-heal|p1a: Jewel 🍃|99/100
|move|p2a: Ursaluna|Fire Punch|p1a: Jewel 🍃
|-supereffective|p1a: Jewel 🍃
|-damage|p1a: Jewel 🍃|36/100
|
|-damage|p2a: Ursaluna|82/100 brn|[from] brn
|upkeep
|turn|16
|
|t:|1757906011
|switch|p2a: Kingambit|Kingambit, F, tera:Flying|86/100
|-damage|p2a: Kingambit|61/100|[from] Stealth Rock
|-activate|p2a: Kingambit|ability: Supreme Overlord
|-start|p2a: Kingambit|fallen1|[silent]
|move|p1a: Jewel 🍃|Strength Sap|p2a: Kingambit
|-unboost|p2a: Kingambit|atk|1
|-heal|p1a: Jewel 🍃|100/100
|
|upkeep
|turn|17
|inactive|thraxxedout! has 120 seconds left.
|
|t:|1757906037
|move|p1a: Jewel 🍃|Poltergeist|p2a: Kingambit
|-activate|p2a: Kingambit|move: Poltergeist|Lum Berry
|-damage|p2a: Kingambit|30/100
|move|p2a: Kingambit|Swords Dance|p2a: Kingambit
|-boost|p2a: Kingambit|atk|2
|
|upkeep
|turn|18
|
|t:|1757906050
|switch|p1a: Moon Boy 🌖|Weezing-Galar, M|100/100
|-damage|p1a: Moon Boy 🌖|88/100|[from] Stealth Rock
|move|p2a: Kingambit|Sucker Punch||[still]
|-fail|p2a: Kingambit
|
|upkeep
|turn|19
|inactive|thraxxedout! has 120 seconds left.
|
|t:|1757906066
|move|p1a: Moon Boy 🌖|Will-O-Wisp|p2a: Kingambit
|-status|p2a: Kingambit|brn
|-enditem|p2a: Kingambit|Lum Berry|[eat]
|-curestatus|p2a: Kingambit|brn|[msg]
|move|p2a: Kingambit|Iron Head|p1a: Moon Boy 🌖
|-supereffective|p1a: Moon Boy 🌖
|-damage|p1a: Moon Boy 🌖|0 fnt
|-enditem|p1a: Moon Boy 🌖|Jaboca Berry|[eat]
|-damage|p2a: Kingambit|18/100|[from] item: Jaboca Berry|[of] p1a: Moon Boy 🌖
|faint|p1a: Moon Boy 🌖
|
|upkeep
|inactive|thraxxedout! has 120 seconds left.
|
|t:|1757906073
|switch|p1a: Mob 🤖|Metagross|100/100
|-damage|p1a: Mob 🤖|94/100|[from] Stealth Rock
|turn|20
|
|t:|1757906077
|move|p1a: Mob 🤖|Bullet Punch|p2a: Kingambit
|-damage|p2a: Kingambit|0 fnt
|faint|p2a: Kingambit
|-end|p2a: Kingambit|fallen1|[silent]
|-damage|p1a: Mob 🤖|85/100|[from] item: Life Orb
|
|upkeep
|
|t:|1757906080
|switch|p2a: Ursaluna|Ursaluna, M|82/100 brn
|-damage|p2a: Ursaluna|76/100 brn|[from] Stealth Rock
|turn|21
|inactive|thraxxedout! has 120 seconds left.
|
|t:|1757906124
|move|p1a: Mob 🤖|Hammer Arm|p2a: Ursaluna
|-supereffective|p2a: Ursaluna
|-damage|p2a: Ursaluna|4/100 brn
|-unboost|p1a: Mob 🤖|spe|1
|-damage|p1a: Mob 🤖|75/100|[from] item: Life Orb
|move|p2a: Ursaluna|Headlong Rush|p1a: Mob 🤖
|-supereffective|p1a: Mob 🤖
|-damage|p1a: Mob 🤖|0 fnt
|-unboost|p2a: Ursaluna|def|1
|-unboost|p2a: Ursaluna|spd|1
|faint|p1a: Mob 🤖
|
|-damage|p2a: Ursaluna|0 fnt|[from] brn
|faint|p2a: Ursaluna
|upkeep
|
|t:|1757906137
|switch|p1a: Jewel 🍃|Brambleghast, F|100/100
|switch|p2a: Hatterene|Hatterene, F|100/100
|-damage|p2a: Hatterene|88/100|[from] Stealth Rock
|turn|22
|
|t:|1757906146
|move|p1a: Jewel 🍃|Poltergeist|p2a: Hatterene
|-activate|p2a: Hatterene|move: Poltergeist|Focus Sash
|-supereffective|p2a: Hatterene
|-damage|p2a: Hatterene|0 fnt
|faint|p2a: Hatterene
|
|upkeep
|
|t:|1757906149
|switch|p2a: Araquanid|Araquanid, F|88/100
|-damage|p2a: Araquanid|63/100|[from] Stealth Rock
|turn|23
|inactive|thraxxedout! has 120 seconds left.
|
|t:|1757906179
|move|p1a: Jewel 🍃|Strength Sap|p2a: Araquanid
|-unboost|p2a: Araquanid|atk|1
|move|p2a: Araquanid|Leech Life|p1a: Jewel 🍃
|-damage|p1a: Jewel 🍃|56/100
|-heal|p2a: Araquanid|84/100|[from] drain|[of] p1a: Jewel 🍃
|
|upkeep
|turn|24
|
|t:|1757906189
|move|p1a: Jewel 🍃|Leech Seed|p2a: Araquanid|[miss]
|-miss|p1a: Jewel 🍃|p2a: Araquanid
|move|p2a: Araquanid|Leech Life|p1a: Jewel 🍃
|-damage|p1a: Jewel 🍃|9/100
|-heal|p2a: Araquanid|100/100|[from] drain|[of] p1a: Jewel 🍃
|
|upkeep
|turn|25
|
|t:|1757906193
|switch|p2a: Raging Bolt|Raging Bolt|100/100
|-damage|p2a: Raging Bolt|88/100|[from] Stealth Rock
|move|p1a: Jewel 🍃|Strength Sap|p2a: Raging Bolt
|-unboost|p2a: Raging Bolt|atk|1
|-heal|p1a: Jewel 🍃|58/100
|
|-heal|p2a: Raging Bolt|94/100|[from] item: Leftovers
|upkeep
|turn|26
|inactive|thraxxedout! has 120 seconds left.
|
|t:|1757906227
|move|p1a: Jewel 🍃|Leech Seed|p2a: Raging Bolt
|-start|p2a: Raging Bolt|move: Leech Seed
|move|p2a: Raging Bolt|Calm Mind|p2a: Raging Bolt
|-boost|p2a: Raging Bolt|spa|1
|-boost|p2a: Raging Bolt|spd|1
|
|-heal|p2a: Raging Bolt|100/100|[from] item: Leftovers
|-damage|p2a: Raging Bolt|88/100|[from] Leech Seed|[of] p1a: Jewel 🍃
|-heal|p1a: Jewel 🍃|76/100|[silent]
|upkeep
|turn|27
|
|t:|1757906240
|move|p1a: Jewel 🍃|Poltergeist|p2a: Raging Bolt
|-activate|p2a: Raging Bolt|move: Poltergeist|Leftovers
|-damage|p2a: Raging Bolt|54/100
|move|p2a: Raging Bolt|Calm Mind|p2a: Raging Bolt
|-boost|p2a: Raging Bolt|spa|1
|-boost|p2a: Raging Bolt|spd|1
|
|-heal|p2a: Raging Bolt|61/100|[from] item: Leftovers
|-damage|p2a: Raging Bolt|48/100|[from] Leech Seed|[of] p1a: Jewel 🍃
|-heal|p1a: Jewel 🍃|93/100|[silent]
|upkeep
|turn|28
|
|t:|1757906257
|move|p1a: Jewel 🍃|Poltergeist|p2a: Raging Bolt
|-activate|p2a: Raging Bolt|move: Poltergeist|Leftovers
|-damage|p2a: Raging Bolt|13/100
|move|p2a: Raging Bolt|Dragon Pulse|p1a: Jewel 🍃
|-damage|p1a: Jewel 🍃|0 fnt
|faint|p1a: Jewel 🍃
|
|-heal|p2a: Raging Bolt|19/100|[from] item: Leftovers
|upkeep
|
|t:|1757906264
|switch|p1a: Valeria 🗡️|Kommo-o, F|100/100
|-damage|p1a: Valeria 🗡️|94/100|[from] Stealth Rock
|turn|29
|
|t:|1757906272
|move|p1a: Valeria 🗡️|Boomburst|p2a: Raging Bolt
|-damage|p2a: Raging Bolt|0 fnt
|faint|p2a: Raging Bolt
|-end|p2a: Raging Bolt|Protosynthesis|[silent]
|-enditem|p1a: Valeria 🗡️|Throat Spray
|-boost|p1a: Valeria 🗡️|spa|1|[from] item: Throat Spray
|
|upkeep
|
|t:|1757906274
|switch|p2a: Araquanid|Araquanid, F|100/100
|-damage|p2a: Araquanid|76/100|[from] Stealth Rock
|turn|30
|
|t:|1757906286
|move|p1a: Valeria 🗡️|Clangorous Soul|p1a: Valeria 🗡️
|-boost|p1a: Valeria 🗡️|atk|1
|-boost|p1a: Valeria 🗡️|def|1
|-boost|p1a: Valeria 🗡️|spa|1
|-boost|p1a: Valeria 🗡️|spd|1
|-boost|p1a: Valeria 🗡️|spe|1
|-damage|p1a: Valeria 🗡️|61/100
|move|p2a: Araquanid|Mirror Coat||[still]
|-fail|p2a: Araquanid
|
|upkeep
|turn|31
|
|t:|1757906292
|move|p1a: Valeria 🗡️|Clanging Scales|p2a: Araquanid
|-damage|p2a: Araquanid|0 fnt
|faint|p2a: Araquanid
|
|win|thraxxedout!
|raw|thraxxedout!'s rating: 1339 &rarr; <strong>1360</strong><br />(+21 for winning)
|raw|luisfe1707's rating: 1364 &rarr; <strong>1343</strong><br />(-21 for losing)
|l|☆thraxxedout!
|player|p1|
|l|☆luisfe1707
|player|p2|
