|j|☆bernard31/reis
|j|☆firecharmander004
|t:|1757870624
|gametype|singles
|player|p1|bernard31/reis|cynthia-gen4|1318
|player|p2|firecharmander004|266|1317
|gen|9
|tier|[Gen 9] OU
|rated|
|rule|HP Percentage Mod: HP is shown in percentages
|rule|Endless Battle Clause: Forcing endless battles is banned
|rule|Species Clause: Limit one of each Pokémon
|rule|OHKO Clause: OHKO moves are banned
|rule|Evasion Items Clause: Evasion items are banned
|rule|Evasion Moves Clause: Evasion moves are banned
|rule|Evasion Abilities Clause: Evasion abilities are banned
|rule|Sleep Moves Clause: Sleep-inducing moves are banned
|clearpoke
|poke|p1|Hydrapple, M|
|poke|p1|Slowking-Galar, M|
|poke|p1|Corviknight, F|
|poke|p1|Primarina, M|
|poke|p1|Landorus-Therian, M|
|poke|p1|Zamazenta-*|
|poke|p2|Arcanine-Hisui, F|
|poke|p2|Ogerpon-Wellspring, F|
|poke|p2|Zapdos|
|poke|p2|Iron Treads|
|poke|p2|Slowking-Galar, F|
|poke|p2|Meowscarada, F|
|teampreview
|inactive|Battle timer is ON: inactive players will automatically lose when time's up. (requested by firecharmander004)
|inactive|bernard31/reis also wants the timer to be on.
|
|t:|1757870633
|teamsize|p1|6
|teamsize|p2|6
|start
|switch|p1a: Hydrapple|Hydrapple, M, shiny|100/100
|switch|p2a: Meowscarada|Meowscarada, F, shiny|100/100
|turn|1
|
|t:|1757870640
|-terastallize|p1a: Hydrapple|Poison
|move|p2a: Meowscarada|Triple Axel|p1a: Hydrapple
|-start|p2a: Meowscarada|typechange|Ice|[from] ability: Protean
|-damage|p1a: Hydrapple|94/100
|-damage|p1a: Hydrapple|81/100
|-damage|p1a: Hydrapple|60/100
|-hitcount|p1a: Hydrapple|3
|move|p1a: Hydrapple|Fickle Beam|p2a: Meowscarada|[anim] Fickle Beam All Out
|-activate|p1a: Hydrapple|move: Fickle Beam
|-damage|p2a: Meowscarada|0 fnt
|faint|p2a: Meowscarada
|
|upkeep
|
|t:|1757870661
|switch|p2a: Arcanine|Arcanine-Hisui, F|100/100
|turn|2
|
|t:|1757870670
|switch|p1a: Landorus|Landorus-Therian, M, shiny|100/100
|-ability|p1a: Landorus|Intimidate|boost
|-unboost|p2a: Arcanine|atk|1
|-terastallize|p2a: Arcanine|Rock
|move|p2a: Arcanine|Head Smash|p1a: Landorus
|-damage|p1a: Landorus|5/100
|
|upkeep
|turn|3
|
|t:|1757870683
|switch|p2a: Zapdos|Zapdos|100/100
|move|p1a: Landorus|U-turn|p2a: Zapdos
|-resisted|p2a: Zapdos
|-crit|p2a: Zapdos
|-damage|p2a: Zapdos|87/100
|
|t:|1757870688
|switch|p1a: Hydrapple|Hydrapple, M, shiny, tera:Poison|94/100|[from] U-turn
|
|upkeep
|turn|4
|
|t:|1757870697
|switch|p2a: Slowking|Slowking-Galar, F|100/100
|move|p1a: Hydrapple|Fickle Beam|p2a: Slowking
|-damage|p2a: Slowking|66/100
|
|upkeep
|turn|5
|
|t:|1757870711
|move|p1a: Hydrapple|Fickle Beam|p2a: Slowking
|-damage|p2a: Slowking|31/100
|-prepare|p2a: Slowking|Chilly Reception|[premajor]
|move|p2a: Slowking|Chilly Reception|p2a: Slowking
|-weather|Snowscape
|
|t:|1757870722
|switch|p2a: Arcanine|Arcanine-Hisui, F, tera:Rock|100/100|[from] Chilly Reception
|
|-weather|Snowscape|[upkeep]
|upkeep
|turn|6
|
|t:|1757870729
|switch|p1a: Corviknight|Corviknight, F, shiny|100/100
|move|p2a: Arcanine|Flare Blitz|p1a: Corviknight
|-supereffective|p1a: Corviknight
|-damage|p1a: Corviknight|0 fnt
|-damage|p2a: Arcanine|84/100|[from] item: Rocky Helmet|[of] p1a: Corviknight
|faint|p1a: Corviknight
|
|-weather|Snowscape|[upkeep]
|upkeep
|
|t:|1757870732
|switch|p1a: Hydrapple|Hydrapple, M, shiny, tera:Poison|100/100
|turn|7
|
|t:|1757870740
|switch|p2a: Iron Treads|Iron Treads|100/100
|move|p1a: Hydrapple|Fickle Beam|p2a: Iron Treads
|-resisted|p2a: Iron Treads
|-damage|p2a: Iron Treads|76/100
|
|-weather|Snowscape|[upkeep]
|-heal|p2a: Iron Treads|82/100|[from] item: Leftovers
|upkeep
|turn|8
|
|t:|1757870746
|switch|p1a: Primarina|Primarina, M, shiny|100/100
|move|p2a: Iron Treads|Stealth Rock|p1a: Primarina
|-sidestart|p1: bernard31/reis|move: Stealth Rock
|
|-weather|Snowscape|[upkeep]
|-heal|p2a: Iron Treads|88/100|[from] item: Leftovers
|upkeep
|turn|9
|
|t:|1757870753
|-end|p2a: Iron Treads|Quark Drive|[silent]
|switch|p2a: Slowking|Slowking-Galar, F|64/100
|move|p1a: Primarina|Flip Turn|p2a: Slowking
|-damage|p2a: Slowking|48/100
|
|t:|1757870762
|switch|p1a: Hydrapple|Hydrapple, M, shiny, tera:Poison|100/100|[from] Flip Turn
|-damage|p1a: Hydrapple|88/100|[from] Stealth Rock
|
|-weather|none
|upkeep
|turn|10
|
|t:|1757870767
|move|p1a: Hydrapple|Earth Power|p2a: Slowking
|-supereffective|p2a: Slowking
|-damage|p2a: Slowking|0 fnt
|faint|p2a: Slowking
|
|upkeep
|
|t:|1757870786
|switch|p2a: Arcanine|Arcanine-Hisui, F, tera:Rock|84/100
|turn|11
|
|t:|1757870791
|switch|p1a: Zamazenta|Zamazenta, shiny|100/100
|-damage|p1a: Zamazenta|94/100|[from] Stealth Rock
|-ability|p1a: Zamazenta|Dauntless Shield|boost
|-boost|p1a: Zamazenta|def|1
|move|p2a: Arcanine|Head Smash|p1a: Zamazenta
|-resisted|p1a: Zamazenta
|-damage|p1a: Zamazenta|57/100
|
|-heal|p1a: Zamazenta|63/100|[from] item: Leftovers
|upkeep
|turn|12
|
|t:|1757870800
|switch|p2a: Zapdos|Zapdos|87/100
|move|p1a: Zamazenta|Roar|p2a: Zapdos
|drag|p2a: Arcanine|Arcanine-Hisui, F, tera:Rock|84/100
|
|-heal|p1a: Zamazenta|69/100|[from] item: Leftovers
|upkeep
|turn|13
|
|t:|1757870813
|switch|p2a: Zapdos|Zapdos|87/100
|move|p1a: Zamazenta|Body Press|p2a: Zapdos
|-resisted|p2a: Zapdos
|-damage|p2a: Zapdos|70/100
|-status|p1a: Zamazenta|par|[from] ability: Static|[of] p2a: Zapdos
|
|-heal|p1a: Zamazenta|75/100 par|[from] item: Leftovers
|upkeep
|turn|14
|
|t:|1757870823
|switch|p1a: Slowking|Slowking-Galar, M, shiny|100/100
|move|p2a: Zapdos|Volt Switch|p1a: Slowking
|-damage|p1a: Slowking|81/100
|
|t:|1757870828
|switch|p2a: Arcanine|Arcanine-Hisui, F, tera:Rock|84/100|[from] Volt Switch
|
|upkeep
|turn|15
|
|t:|1757870842
|move|p2a: Arcanine|Head Smash|p1a: Slowking
|-damage|p1a: Slowking|0 fnt
|faint|p1a: Slowking
|
|upkeep
|
|t:|1757870847
|switch|p1a: Landorus|Landorus-Therian, M, shiny|5/100
|-damage|p1a: Landorus|0 fnt|[from] Stealth Rock
|faint|p1a: Landorus
|
|t:|1757870852
|switch|p1a: Primarina|Primarina, M, shiny|100/100
|-damage|p1a: Primarina|88/100|[from] Stealth Rock
|turn|16
|
|t:|1757870855
|move|p2a: Arcanine|Head Smash|p1a: Primarina
|-damage|p1a: Primarina|0 fnt
|faint|p1a: Primarina
|
|upkeep
|
|t:|1757870857
|switch|p1a: Zamazenta|Zamazenta, shiny|75/100 par
|-damage|p1a: Zamazenta|69/100 par|[from] Stealth Rock
|turn|17
|
|t:|1757870860
|switch|p2a: Zapdos|Zapdos|70/100
|move|p1a: Zamazenta|Body Press|p2a: Zapdos
|-resisted|p2a: Zapdos
|-damage|p2a: Zapdos|58/100
|
|-heal|p1a: Zamazenta|75/100 par|[from] item: Leftovers
|upkeep
|turn|18
|
|t:|1757870866
|move|p2a: Zapdos|Roost|p2a: Zapdos
|-heal|p2a: Zapdos|100/100
|-singleturn|p2a: Zapdos|move: Roost
|move|p1a: Zamazenta|Iron Defense|p1a: Zamazenta
|-boost|p1a: Zamazenta|def|2
|
|-heal|p1a: Zamazenta|82/100 par|[from] item: Leftovers
|upkeep
|turn|19
|
|t:|1757870873
|move|p2a: Zapdos|Hurricane|p1a: Zamazenta|[miss]
|-miss|p2a: Zapdos|p1a: Zamazenta
|move|p1a: Zamazenta|Iron Defense|p1a: Zamazenta
|-boost|p1a: Zamazenta|def|2
|
|-heal|p1a: Zamazenta|88/100 par|[from] item: Leftovers
|upkeep
|turn|20
|
|t:|1757870876
|move|p2a: Zapdos|Hurricane|p1a: Zamazenta
|-supereffective|p1a: Zamazenta
|-damage|p1a: Zamazenta|24/100 par
|cant|p1a: Zamazenta|par
|
|-heal|p1a: Zamazenta|30/100 par|[from] item: Leftovers
|upkeep
|turn|21
|
|t:|1757870880
|switch|p1a: Hydrapple|Hydrapple, M, shiny, tera:Poison|100/100
|-damage|p1a: Hydrapple|88/100|[from] Stealth Rock
|move|p2a: Zapdos|Hurricane|p1a: Hydrapple
|-damage|p1a: Hydrapple|43/100
|
|upkeep
|turn|22
|
|t:|1757870884
|move|p2a: Zapdos|Hurricane|p1a: Hydrapple
|-damage|p1a: Hydrapple|0 fnt
|faint|p1a: Hydrapple
|
|upkeep
|-message|bernard31/reis forfeited.
|
|win|firecharmander004
|raw|bernard31&#x2f;reis's rating: 1318 &rarr; <strong>1298</strong><br />(-20 for losing)
|raw|firecharmander004's rating: 1317 &rarr; <strong>1337</strong><br />(+20 for winning)
|l|☆bernard31/reis
|player|p1|
