|j|☆Xan_Oops
|j|☆Maxlevelcaterpie
|t:|1757882672
|gametype|singles
|player|p1|Xan_Oops|medium|
|player|p2|Maxlevelcaterpie|170|
|gen|9
|tier|[Gen 9] OU
|rule|HP Percentage Mod: HP is shown in percentages
|rule|Endless Battle Clause: Forcing endless battles is banned
|rule|Species Clause: Limit one of each Pokémon
|rule|OHKO Clause: OHKO moves are banned
|rule|Evasion Items Clause: Evasion items are banned
|rule|Evasion Moves Clause: Evasion moves are banned
|rule|Evasion Abilities Clause: Evasion abilities are banned
|rule|Sleep Moves Clause: Sleep-inducing moves are banned
|clearpoke
|poke|p1|Skarmory, M|
|poke|p1|Iron Treads|
|poke|p1|Cobalion|
|poke|p1|Gholdengo|
|poke|p1|Pecharunt|
|poke|p1|Deoxys-Speed|
|poke|p2|Lokix, M|
|poke|p2|Azumarill, M|
|poke|p2|Zapdos|
|poke|p2|Scizor, M|
|poke|p2|Moltres|
|poke|p2|Kleavor, F|
|teampreview
|j| butts99999
|j| ggbridges
|inactive|Battle timer is ON: inactive players will automatically lose when time's up. (requested by Maxlevelcaterpie)
|
|t:|1757882788
|teamsize|p1|6
|teamsize|p2|6
|start
|switch|p1a: Cobalion|Cobalion|100/100
|switch|p2a: terrifier|Lokix, M|100/100
|turn|1
|
|t:|1757882805
|move|p2a: terrifier|First Impression|p1a: Cobalion
|-resisted|p1a: Cobalion
|-damage|p1a: Cobalion|87/100
|-damage|p2a: terrifier|84/100|[from] item: Rocky Helmet|[of] p1a: Cobalion
|move|p1a: Cobalion|Thunder Wave|p2a: terrifier
|-status|p2a: terrifier|par
|
|upkeep
|turn|2
|
|t:|1757882825
|move|p1a: Cobalion|Stealth Rock|p2a: terrifier
|-sidestart|p2: Maxlevelcaterpie|move: Stealth Rock
|move|p2a: terrifier|U-turn|p1a: Cobalion
|-resisted|p1a: Cobalion
|-damage|p1a: Cobalion|77/100
|-damage|p2a: terrifier|67/100 par|[from] item: Rocky Helmet|[of] p1a: Cobalion
|
|t:|1757882831
|switch|p2a: rubber duck|Moltres|100/100|[from] U-turn
|
|upkeep
|turn|3
|
|t:|1757882843
|move|p1a: Cobalion|Volt Switch|p2a: rubber duck
|-supereffective|p2a: rubber duck
|-crit|p2a: rubber duck
|-damage|p2a: rubber duck|54/100
|
|t:|1757882846
|switch|p1a: Pecharunt|Pecharunt|100/100|[from] Volt Switch
|move|p2a: rubber duck|Flamethrower|p1a: Pecharunt
|-damage|p1a: Pecharunt|62/100
|
|upkeep
|turn|4
|inactive|Maxlevelcaterpie has 270 seconds left.
|
|t:|1757882873
|move|p1a: Pecharunt|Malignant Chain|p2a: rubber duck
|-damage|p2a: rubber duck|21/100
|move|p2a: rubber duck|U-turn|p1a: Pecharunt
|-resisted|p1a: Pecharunt
|-damage|p1a: Pecharunt|60/100
|
|t:|1757882892
|switch|p2a: shocks|Zapdos|100/100|[from] U-turn
|-damage|p2a: shocks|76/100|[from] Stealth Rock
|
|upkeep
|turn|5
|
|t:|1757882904
|move|p2a: shocks|Substitute|p2a: shocks
|-start|p2a: shocks|Substitute
|-damage|p2a: shocks|51/100
|move|p1a: Pecharunt|Recover|p1a: Pecharunt
|-heal|p1a: Pecharunt|100/100
|
|upkeep
|turn|6
|
|t:|1757882923
|move|p2a: shocks|Thunderbolt|p1a: Pecharunt
|-damage|p1a: Pecharunt|55/100
|move|p1a: Pecharunt|Malignant Chain|p2a: shocks
|-end|p2a: shocks|Substitute
|
|upkeep
|turn|7
|
|t:|1757882939
|move|p2a: shocks|Tailwind|p2a: shocks
|-sidestart|p2: Maxlevelcaterpie|move: Tailwind
|move|p1a: Pecharunt|Recover|p1a: Pecharunt
|-heal|p1a: Pecharunt|100/100
|
|upkeep
|turn|8
|
|t:|1757882944
|move|p2a: shocks|Thunderbolt|p1a: Pecharunt
|-damage|p1a: Pecharunt|56/100
|move|p1a: Pecharunt|Malignant Chain|p2a: shocks
|-damage|p2a: shocks|16/100
|
|upkeep
|turn|9
|
|t:|1757882951
|move|p2a: shocks|Thunderbolt|p1a: Pecharunt
|-damage|p1a: Pecharunt|11/100
|move|p1a: Pecharunt|Recover|p1a: Pecharunt
|-heal|p1a: Pecharunt|61/100
|
|upkeep
|turn|10
|inactive|Maxlevelcaterpie has 270 seconds left.
|
|t:|1757882957
|move|p2a: shocks|Thunderbolt|p1a: Pecharunt
|-damage|p1a: Pecharunt|18/100
|move|p1a: Pecharunt|Malignant Chain|p2a: shocks
|-damage|p2a: shocks|0 fnt
|faint|p2a: shocks
|
|-sideend|p2: Maxlevelcaterpie|move: Tailwind
|upkeep
|inactive|Maxlevelcaterpie has 270 seconds left.
|
|t:|1757882969
|switch|p2a: red|Scizor, M|100/100
|-damage|p2a: red|88/100|[from] Stealth Rock
|turn|11
|inactive|Maxlevelcaterpie has 270 seconds left.
|
|t:|1757882981
|move|p2a: red|Bullet Punch|p1a: Pecharunt
|-damage|p1a: Pecharunt|0 fnt
|faint|p1a: Pecharunt
|
|upkeep
|inactive|Xan_Oops has 270 seconds left.
|
|t:|1757883009
|switch|p1a: Skarmory|Skarmory, M|100/100
|turn|12
|inactive|Maxlevelcaterpie has 270 seconds left.
|
|t:|1757883024
|switch|p2a: rubber duck|Moltres|21/100
|move|p1a: Skarmory|Spikes|p2a: rubber duck
|-sidestart|p2: Maxlevelcaterpie|Spikes
|
|upkeep
|turn|13
|inactive|Maxlevelcaterpie has 270 seconds left.
|
|t:|1757883043
|move|p2a: rubber duck|Roost|p2a: rubber duck
|-heal|p2a: rubber duck|71/100
|-singleturn|p2a: rubber duck|move: Roost
|move|p1a: Skarmory|Body Press|p2a: rubber duck
|-damage|p2a: rubber duck|52/100
|
|upkeep
|turn|14
|inactive|Xan_Oops has 270 seconds left.
|
|t:|1757883068
|-terastallize|p1a: Skarmory|Ghost
|move|p2a: rubber duck|Flamethrower|p1a: Skarmory
|-damage|p1a: Skarmory|59/100
|-status|p1a: Skarmory|brn
|move|p1a: Skarmory|Brave Bird|p2a: rubber duck
|-damage|p2a: rubber duck|40/100
|-damage|p1a: Skarmory|54/100 brn|[from] Recoil
|
|-damage|p1a: Skarmory|48/100 brn|[from] brn
|upkeep
|turn|15
|inactive|Xan_Oops has 270 seconds left.
|inactive|Maxlevelcaterpie has 270 seconds left.
|
|t:|1757883088
|move|p2a: rubber duck|Flamethrower|p1a: Skarmory
|-damage|p1a: Skarmory|7/100 brn
|move|p1a: Skarmory|Spikes|p2a: rubber duck
|-sidestart|p2: Maxlevelcaterpie|Spikes
|
|-damage|p1a: Skarmory|1/100 brn|[from] brn
|upkeep
|turn|16
|
|t:|1757883102
|move|p2a: rubber duck|Roost|p2a: rubber duck
|-heal|p2a: rubber duck|91/100
|-singleturn|p2a: rubber duck|move: Roost
|move|p1a: Skarmory|Brave Bird|p2a: rubber duck
|-damage|p2a: rubber duck|79/100
|-damage|p1a: Skarmory|0 fnt|[from] Recoil
|faint|p1a: Skarmory
|
|upkeep
|
|t:|1757883111
|switch|p1a: Deoxys|Deoxys-Speed|100/100
|-ability|p1a: Deoxys|Pressure
|turn|17
|inactive|Maxlevelcaterpie has 270 seconds left.
|
|t:|1757883141
|move|p1a: Deoxys|Psycho Boost|p2a: rubber duck
|-damage|p2a: rubber duck|15/100
|-unboost|p1a: Deoxys|spa|2
|move|p2a: rubber duck|U-turn|p1a: Deoxys
|-supereffective|p1a: Deoxys
|-damage|p1a: Deoxys|56/100
|
|t:|1757883153
|switch|p2a: red|Scizor, M|88/100|[from] U-turn
|-damage|p2a: red|76/100|[from] Stealth Rock
|-damage|p2a: red|60/100|[from] Spikes
|
|upkeep
|turn|18
|j| moodrandom
|inactive|Maxlevelcaterpie has 240 seconds left.
|l| moodrandom
|
|t:|1757883192
|switch|p1a: Gholdengo|Gholdengo|100/100
|-item|p1a: Gholdengo|Air Balloon
|move|p2a: red|Knock Off|p1a: Gholdengo
|-supereffective|p1a: Gholdengo
|-damage|p1a: Gholdengo|0 fnt
|-enditem|p1a: Gholdengo|Air Balloon
|faint|p1a: Gholdengo
|
|upkeep
|
|t:|1757883206
|switch|p1a: Iron Treads|Iron Treads|100/100
|-enditem|p1a: Iron Treads|Booster Energy
|-activate|p1a: Iron Treads|ability: Quark Drive|[fromitem]
|-start|p1a: Iron Treads|quarkdrivespe
|turn|19
|
|t:|1757883217
|move|p1a: Iron Treads|Earth Power|p2a: red
|-damage|p2a: red|17/100
|move|p2a: red|Knock Off|p1a: Iron Treads
|-damage|p1a: Iron Treads|69/100
|
|upkeep
|turn|20
|
|t:|1757883231
|move|p1a: Iron Treads|Earth Power|p2a: red
|-damage|p2a: red|0 fnt
|faint|p2a: red
|
|upkeep
|inactive|Maxlevelcaterpie has 240 seconds left.
|
|t:|1757883255
|switch|p2a: terrifier|Lokix, M|67/100 par
|-damage|p2a: terrifier|43/100 par|[from] Stealth Rock
|-damage|p2a: terrifier|26/100 par|[from] Spikes
|turn|21
|inactive|Xan_Oops has 270 seconds left.
|inactive|Maxlevelcaterpie has 240 seconds left.
|
|t:|1757883271
|cant|p2a: terrifier|par
|move|p1a: Iron Treads|Earth Power|p2a: terrifier
|-resisted|p2a: terrifier
|-damage|p2a: terrifier|5/100 par
|
|upkeep
|turn|22
|inactive|Xan_Oops has 270 seconds left.
|
|t:|1757883284
|move|p1a: Iron Treads|Rapid Spin|p2a: terrifier
|-damage|p2a: terrifier|0 fnt
|-boost|p1a: Iron Treads|spe|1
|faint|p2a: terrifier
|
|upkeep
|
|t:|1757883289
|switch|p2a: wabbit|Azumarill, M|100/100
|-damage|p2a: wabbit|88/100|[from] Stealth Rock
|-damage|p2a: wabbit|72/100|[from] Spikes
|turn|23
|
|t:|1757883306
|move|p2a: wabbit|Aqua Jet|p1a: Iron Treads
|-supereffective|p1a: Iron Treads
|-damage|p1a: Iron Treads|26/100
|move|p1a: Iron Treads|Earth Power|p2a: wabbit
|-damage|p2a: wabbit|33/100
|-enditem|p2a: wabbit|Sitrus Berry|[eat]
|-heal|p2a: wabbit|58/100|[from] item: Sitrus Berry
|
|upkeep
|turn|24
|
|t:|1757883327
|move|p2a: wabbit|Aqua Jet|p1a: Iron Treads
|-supereffective|p1a: Iron Treads
|-damage|p1a: Iron Treads|0 fnt
|faint|p1a: Iron Treads
|-end|p1a: Iron Treads|Quark Drive|[silent]
|
|upkeep
|
|t:|1757883337
|switch|p1a: Cobalion|Cobalion|77/100
|turn|25
|inactive|Maxlevelcaterpie has 210 seconds left.
|
|t:|1757883387
|move|p1a: Cobalion|Thunder Wave|p2a: wabbit
|-status|p2a: wabbit|par
|move|p2a: wabbit|Liquidation|p1a: Cobalion
|-damage|p1a: Cobalion|41/100
|-damage|p2a: wabbit|41/100 par|[from] item: Rocky Helmet|[of] p1a: Cobalion
|
|upkeep
|turn|26
|
|t:|1757883400
|move|p1a: Cobalion|Body Press|p2a: wabbit
|-resisted|p2a: wabbit
|-damage|p2a: wabbit|19/100 par
|move|p2a: wabbit|Liquidation|p1a: Cobalion
|-damage|p1a: Cobalion|4/100
|-damage|p2a: wabbit|2/100 par|[from] item: Rocky Helmet|[of] p1a: Cobalion
|
|upkeep
|turn|27
|
|t:|1757883408
|move|p2a: wabbit|Aqua Jet|p1a: Cobalion
|-damage|p1a: Cobalion|0 fnt
|-damage|p2a: wabbit|0 fnt|[from] item: Rocky Helmet|[of] p1a: Cobalion
|faint|p1a: Cobalion
|faint|p2a: wabbit
|
|upkeep
|
|t:|1757883416
|switch|p1a: Deoxys|Deoxys-Speed|56/100
|switch|p2a: glaive|Kleavor, F|100/100
|-ability|p1a: Deoxys|Pressure
|-damage|p2a: glaive|76/100|[from] Stealth Rock
|-damage|p2a: glaive|59/100|[from] Spikes
|turn|28
|
|t:|1757883435
|move|p1a: Deoxys|Psycho Boost|p2a: glaive
|-damage|p2a: glaive|0 fnt
|-unboost|p1a: Deoxys|spa|2
|faint|p2a: glaive
|
|upkeep
|
|t:|1757883440
|switch|p2a: rubber duck|Moltres|15/100
|turn|29
|
|t:|1757883466
|move|p1a: Deoxys|Knock Off|p2a: rubber duck
|-damage|p2a: rubber duck|0 fnt
|-enditem|p2a: rubber duck|Heavy-Duty Boots|[from] move: Knock Off|[of] p1a: Deoxys
|faint|p2a: rubber duck
|
|win|Xan_Oops
