|j|☆fatheralex909
|j|☆Dragondeeznauts
|t:|1757823807
|gametype|singles
|player|p1|fatheralex909|2|1263
|player|p2|Dragondeeznauts|2|1304
|gen|9
|tier|[Gen 9] OU
|rated|
|rule|HP Percentage Mod: HP is shown in percentages
|rule|Endless Battle Clause: Forcing endless battles is banned
|rule|Species Clause: Limit one of each Pokémon
|rule|OHKO Clause: OHKO moves are banned
|rule|Evasion Items Clause: Evasion items are banned
|rule|Evasion Moves Clause: Evasion moves are banned
|rule|Evasion Abilities Clause: Evasion abilities are banned
|rule|Sleep Moves Clause: Sleep-inducing moves are banned
|clearpoke
|poke|p1|Typhlosion-Hisui, M|
|poke|p1|Great Tusk|
|poke|p1|Ogerpon-Wellspring, F|
|poke|p1|Pecharunt|
|poke|p1|Samurott-Hisui, F|
|poke|p1|Kyurem|
|poke|p2|Darkrai|
|poke|p2|Gholdengo|
|poke|p2|Ting-Lu|
|poke|p2|Great Tusk|
|poke|p2|Glastrier|
|poke|p2|Corviknight, F|
|teampreview
|inactive|Battle timer is ON: inactive players will automatically lose when time's up. (requested by Dragondeeznauts)
|c|☆fatheralex909|glastrier
|c|☆fatheralex909|thats tuff
|
|t:|1757823834
|teamsize|p1|6
|teamsize|p2|6
|start
|switch|p1a: Typhlosion|Typhlosion-Hisui, M, shiny|100/100
|switch|p2a: Corviknight|Corviknight, F|100/100
|-item|p2a: Corviknight|Light Clay|[from] ability: Frisk|[of] p1a: Typhlosion
|-ability|p2a: Corviknight|Pressure
|turn|1
|l|☆Dragondeeznauts
|inactive|Dragondeeznauts disconnected and has a minute to reconnect!
|player|p2|
|j|☆Dragondeeznauts
|inactive|Dragondeeznauts reconnected and has 140 seconds left.
|player|p2|Dragondeeznauts|2|
|
|t:|1757823848
|switch|p2a: Ting-Lu|Ting-Lu|100/100
|-ability|p2a: Ting-Lu|Vessel of Ruin
|move|p1a: Typhlosion|Eruption|p2a: Ting-Lu
|-damage|p2a: Ting-Lu|50/100
|
|-heal|p2a: Ting-Lu|57/100|[from] item: Leftovers
|upkeep
|turn|2
|c|☆Dragondeeznauts|Yeah
|c|☆Dragondeeznauts|pretty hard hitter
|c|☆Dragondeeznauts|just terrible speed
|c|☆fatheralex909|im tryna make a trick room team w it
|inactive|fatheralex909 has 120 seconds left.
|
|t:|1757823884
|-terastallize|p1a: Typhlosion|Fire
|-terastallize|p2a: Ting-Lu|Water
|move|p1a: Typhlosion|Eruption|p2a: Ting-Lu
|-resisted|p2a: Ting-Lu
|-damage|p2a: Ting-Lu|20/100
|move|p2a: Ting-Lu|Ruination|p1a: Typhlosion
|-damage|p1a: Typhlosion|50/100
|
|-heal|p2a: Ting-Lu|27/100|[from] item: Leftovers
|upkeep
|turn|3
|c|☆Dragondeeznauts|Mm
|inactive|fatheralex909 has 120 seconds left.
|
|t:|1757823892
|switch|p1a: Ogerpon|Ogerpon-Wellspring, F|100/100
|move|p2a: Ting-Lu|Stealth Rock|p1a: Ogerpon
|-sidestart|p1: fatheralex909|move: Stealth Rock
|
|-heal|p2a: Ting-Lu|33/100|[from] item: Leftovers
|upkeep
|turn|4
|
|t:|1757823896
|switch|p2a: Corviknight|Corviknight, F|100/100
|-ability|p2a: Corviknight|Pressure
|move|p1a: Ogerpon|Swords Dance|p1a: Ogerpon
|-boost|p1a: Ogerpon|atk|2
|
|upkeep
|turn|5
|
|t:|1757823905
|move|p1a: Ogerpon|Ivy Cudgel|p2a: Corviknight|[anim] Ivy Cudgel Water
|-damage|p2a: Corviknight|31/100
|move|p2a: Corviknight|Reflect|p2a: Corviknight
|-sidestart|p2: Dragondeeznauts|Reflect
|
|upkeep
|turn|6
|
|t:|1757823908
|move|p1a: Ogerpon|Ivy Cudgel|p2a: Corviknight|[anim] Ivy Cudgel Water
|-damage|p2a: Corviknight|0 fnt
|faint|p2a: Corviknight
|
|upkeep
|
|t:|1757823911
|switch|p2a: Glastrier|Glastrier|100/100
|turn|7
|
|t:|1757823919
|move|p1a: Ogerpon|Knock Off|p2a: Glastrier
|-damage|p2a: Glastrier|75/100
|-enditem|p2a: Glastrier|Assault Vest|[from] move: Knock Off|[of] p1a: Ogerpon
|move|p2a: Glastrier|Icicle Crash|p1a: Ogerpon
|-damage|p1a: Ogerpon|37/100
|
|upkeep
|turn|8
|
|t:|1757823925
|switch|p1a: Pecharunt|Pecharunt|100/100
|move|p2a: Glastrier|Icicle Crash|p1a: Pecharunt
|-damage|p1a: Pecharunt|73/100
|
|upkeep
|turn|9
|
|t:|1757823937
|move|p1a: Pecharunt|Parting Shot|p2a: Glastrier
|-unboost|p2a: Glastrier|atk|1
|-unboost|p2a: Glastrier|spa|1
|inactive|fatheralex909 has 120 seconds left.
|
|t:|1757823973
|switch|p1a: Ogerpon|Ogerpon-Wellspring, F|37/100|[from] Parting Shot
|-damage|p1a: Ogerpon|25/100|[from] Stealth Rock
|move|p2a: Glastrier|High Horsepower|p1a: Ogerpon
|-resisted|p1a: Ogerpon
|-damage|p1a: Ogerpon|8/100
|
|upkeep
|turn|10
|
|t:|1757823990
|move|p1a: Ogerpon|Ivy Cudgel|p2a: Glastrier|[anim] Ivy Cudgel Water
|-damage|p2a: Glastrier|54/100
|move|p2a: Glastrier|Heavy Slam|p1a: Ogerpon
|-resisted|p1a: Ogerpon
|-damage|p1a: Ogerpon|0 fnt
|faint|p1a: Ogerpon
|-ability|p2a: Glastrier|Chilling Neigh|boost
|-boost|p2a: Glastrier|atk|1
|
|upkeep
|
|t:|1757823999
|switch|p1a: Typhlosion|Typhlosion-Hisui, M, shiny, tera:Fire|50/100
|-damage|p1a: Typhlosion|25/100|[from] Stealth Rock
|turn|11
|
|t:|1757824005
|move|p1a: Typhlosion|Overheat|p2a: Glastrier
|-supereffective|p2a: Glastrier
|-damage|p2a: Glastrier|0 fnt
|-unboost|p1a: Typhlosion|spa|2
|faint|p2a: Glastrier
|
|upkeep
|
|t:|1757824016
|switch|p2a: Ting-Lu|Ting-Lu, tera:Water|33/100
|-ability|p2a: Ting-Lu|Vessel of Ruin
|turn|12
|inactive|fatheralex909 has 120 seconds left.
|
|t:|1757824040
|switch|p1a: Great Tusk|Great Tusk|100/100
|-damage|p1a: Great Tusk|98/100|[from] Stealth Rock
|-enditem|p1a: Great Tusk|Booster Energy
|-activate|p1a: Great Tusk|ability: Protosynthesis|[fromitem]
|-start|p1a: Great Tusk|protosynthesisatk
|move|p2a: Ting-Lu|Spikes|p1a: Great Tusk
|-sidestart|p1: fatheralex909|Spikes
|
|-heal|p2a: Ting-Lu|39/100|[from] item: Leftovers
|-sideend|p2: Dragondeeznauts|Reflect
|upkeep
|turn|13
|
|t:|1757824045
|switch|p2a: Gholdengo|Gholdengo|100/100
|-item|p2a: Gholdengo|Air Balloon
|move|p1a: Great Tusk|Ice Spinner|p2a: Gholdengo
|-resisted|p2a: Gholdengo
|-damage|p2a: Gholdengo|89/100
|-enditem|p2a: Gholdengo|Air Balloon
|
|upkeep
|turn|14
|
|t:|1757824055
|move|p1a: Great Tusk|Headlong Rush|p2a: Gholdengo
|-supereffective|p2a: Gholdengo
|-damage|p2a: Gholdengo|0 fnt
|-unboost|p1a: Great Tusk|def|1
|-unboost|p1a: Great Tusk|spd|1
|faint|p2a: Gholdengo
|
|upkeep
|
|t:|1757824060
|switch|p2a: Great Tusk|Great Tusk|100/100
|-enditem|p2a: Great Tusk|Booster Energy
|-activate|p2a: Great Tusk|ability: Protosynthesis|[fromitem]
|-start|p2a: Great Tusk|protosynthesisspe
|turn|15
|
|t:|1757824067
|move|p2a: Great Tusk|Bulk Up|p2a: Great Tusk
|-boost|p2a: Great Tusk|atk|1
|-boost|p2a: Great Tusk|def|1
|move|p1a: Great Tusk|Rapid Spin|p2a: Great Tusk
|-damage|p2a: Great Tusk|91/100
|-boost|p1a: Great Tusk|spe|1
|-sideend|p1: fatheralex909|Spikes|[from] move: Rapid Spin|[of] p1a: Great Tusk
|-sideend|p1: fatheralex909|Stealth Rock|[from] move: Rapid Spin|[of] p1a: Great Tusk
|
|upkeep
|turn|16
|
|t:|1757824077
|-end|p1a: Great Tusk|Protosynthesis|[silent]
|switch|p1a: Samurott|Samurott-Hisui, F|100/100
|move|p2a: Great Tusk|Bulk Up|p2a: Great Tusk
|-boost|p2a: Great Tusk|atk|1
|-boost|p2a: Great Tusk|def|1
|
|upkeep
|turn|17
|
|t:|1757824088
|move|p2a: Great Tusk|Bulk Up|p2a: Great Tusk
|-boost|p2a: Great Tusk|atk|1
|-boost|p2a: Great Tusk|def|1
|move|p1a: Samurott|Flip Turn|p2a: Great Tusk
|-supereffective|p2a: Great Tusk
|-damage|p2a: Great Tusk|74/100
|
|t:|1757824091
|switch|p1a: Kyurem|Kyurem|100/100|[from] Flip Turn
|-ability|p1a: Kyurem|Pressure
|
|upkeep
|turn|18
|
|t:|1757824097
|move|p1a: Kyurem|Ice Beam|p2a: Great Tusk
|-supereffective|p2a: Great Tusk
|-damage|p2a: Great Tusk|0 fnt
|faint|p2a: Great Tusk
|-end|p2a: Great Tusk|Protosynthesis|[silent]
|
|upkeep
|
|t:|1757824100
|switch|p2a: Ting-Lu|Ting-Lu, tera:Water|39/100
|-ability|p2a: Ting-Lu|Vessel of Ruin
|turn|19
|
|t:|1757824104
|switch|p1a: Typhlosion|Typhlosion-Hisui, M, shiny, tera:Fire|25/100
|-item|p2a: Ting-Lu|Leftovers|[from] ability: Frisk|[of] p1a: Typhlosion
|move|p2a: Ting-Lu|Stealth Rock|p1a: Typhlosion
|-sidestart|p1: fatheralex909|move: Stealth Rock
|
|-heal|p2a: Ting-Lu|45/100|[from] item: Leftovers
|upkeep
|turn|20
|
|t:|1757824108
|move|p1a: Typhlosion|Shadow Ball|p2a: Ting-Lu
|-damage|p2a: Ting-Lu|16/100
|-unboost|p2a: Ting-Lu|spd|1
|move|p2a: Ting-Lu|Whirlwind|p1a: Typhlosion
|drag|p1a: Great Tusk|Great Tusk|98/100
|-damage|p1a: Great Tusk|95/100|[from] Stealth Rock
|
|-heal|p2a: Ting-Lu|22/100|[from] item: Leftovers
|upkeep
|turn|21
|
|t:|1757824113
|move|p1a: Great Tusk|Rapid Spin|p2a: Ting-Lu
|-damage|p2a: Ting-Lu|13/100
|-boost|p1a: Great Tusk|spe|1
|-sideend|p1: fatheralex909|Stealth Rock|[from] move: Rapid Spin|[of] p1a: Great Tusk
|move|p2a: Ting-Lu|Ruination|p1a: Great Tusk
|-damage|p1a: Great Tusk|48/100
|
|-heal|p2a: Ting-Lu|20/100|[from] item: Leftovers
|upkeep
|turn|22
|
|t:|1757824118
|move|p1a: Great Tusk|Headlong Rush|p2a: Ting-Lu
|-damage|p2a: Ting-Lu|0 fnt
|-unboost|p1a: Great Tusk|def|1
|-unboost|p1a: Great Tusk|spd|1
|faint|p2a: Ting-Lu
|
|upkeep
|c|☆Dragondeeznauts|Welp
|c|☆Dragondeeznauts|gg
|
|t:|1757824124
|switch|p2a: Darkrai|Darkrai|100/100
|turn|23
|c|☆fatheralex909|gg
|
|t:|1757824128
|move|p1a: Great Tusk|Headlong Rush|p2a: Darkrai
|-damage|p2a: Darkrai|17/100
|-unboost|p1a: Great Tusk|def|1
|-unboost|p1a: Great Tusk|spd|1
|move|p2a: Darkrai|Dark Pulse|p1a: Great Tusk
|-resisted|p1a: Great Tusk
|-damage|p1a: Great Tusk|0 fnt
|faint|p1a: Great Tusk
|-end|p1a: Great Tusk|Protosynthesis|[silent]
|
|upkeep
|
|t:|1757824133
|switch|p1a: Samurott|Samurott-Hisui, F|100/100
|turn|24
|
|t:|1757824136
|move|p2a: Darkrai|Dark Pulse|p1a: Samurott
|-resisted|p1a: Samurott
|-damage|p1a: Samurott|73/100
|move|p1a: Samurott|Flip Turn|p2a: Darkrai
|-damage|p2a: Darkrai|0 fnt
|faint|p2a: Darkrai
|
|win|fatheralex909
|raw|fatheralex909's rating: 1263 &rarr; <strong>1291</strong><br />(+28 for winning)
|raw|Dragondeeznauts's rating: 1304 &rarr; <strong>1282</strong><br />(-22 for losing)
|l|☆Dragondeeznauts
|player|p2|
|l|☆fatheralex909
|player|p1|
