|j|☆dw junkie
|j|☆Urogallo
|t:|1757931592
|gametype|singles
|player|p1|dw junkie|170|1254
|player|p2|Urogallo|backpacker|1278
|gen|9
|tier|[Gen 9] OU
|rated|
|rule|HP Percentage Mod: HP is shown in percentages
|rule|Endless Battle Clause: Forcing endless battles is banned
|rule|Species Clause: Limit one of each Pokémon
|rule|OHKO Clause: OHKO moves are banned
|rule|Evasion Items Clause: Evasion items are banned
|rule|Evasion Moves Clause: Evasion moves are banned
|rule|Evasion Abilities Clause: Evasion abilities are banned
|rule|Sleep Moves Clause: Sleep-inducing moves are banned
|clearpoke
|poke|p1|Araquanid, F|
|poke|p1|Weezing-Galar, M|
|poke|p1|Raging Bolt|
|poke|p1|Weavile, F|
|poke|p1|Breloom, M|
|poke|p1|Garganacl, F|
|poke|p2|Venusaur, M|
|poke|p2|Blaziken, F|
|poke|p2|Dusclops, M|
|poke|p2|Weezing-Galar, M|
|poke|p2|Rhyperior, F|
|poke|p2|Corviknight, M|
|teampreview
|inactive|Battle timer is ON: inactive players will automatically lose when time's up. (requested by dw junkie)
|
|t:|1757931609
|teamsize|p1|6
|teamsize|p2|6
|start
|switch|p1a: Araquanid|Araquanid, F|100/100
|switch|p2a: Rhyperior|Rhyperior, F|100/100
|turn|1
|
|t:|1757931615
|switch|p2a: Corviknight|Corviknight, M|100/100
|move|p1a: Araquanid|Liquidation|p2a: Corviknight
|-damage|p2a: Corviknight|62/100
|-damage|p1a: Araquanid|84/100|[from] item: Rocky Helmet|[of] p2a: Corviknight
|
|upkeep
|turn|2
|
|t:|1757931624
|switch|p1a: Raging Bolt|Raging Bolt|100/100
|-enditem|p1a: Raging Bolt|Booster Energy
|-activate|p1a: Raging Bolt|ability: Protosynthesis|[fromitem]
|-start|p1a: Raging Bolt|protosynthesisspa
|move|p2a: Corviknight|Roost|p2a: Corviknight
|-heal|p2a: Corviknight|100/100
|-singleturn|p2a: Corviknight|move: Roost
|
|upkeep
|turn|3
|
|t:|1757931635
|switch|p2a: Dusclops|Dusclops, M|100/100
|-ability|p2a: Dusclops|Pressure
|move|p1a: Raging Bolt|Volt Switch|p2a: Dusclops
|-damage|p2a: Dusclops|73/100
|
|t:|1757931642
|-end|p1a: Raging Bolt|Protosynthesis|[silent]
|switch|p1a: Weavile|Weavile, F|100/100|[from] Volt Switch
|-item|p1a: Weavile|Air Balloon
|
|upkeep
|turn|4
|
|t:|1757931647
|switch|p2a: Corviknight|Corviknight, M|100/100
|move|p1a: Weavile|Knock Off|p2a: Corviknight
|-damage|p2a: Corviknight|70/100
|-damage|p1a: Weavile|84/100|[from] item: Rocky Helmet|[of] p2a: Corviknight
|-enditem|p2a: Corviknight|Rocky Helmet|[from] move: Knock Off|[of] p1a: Weavile
|
|upkeep
|turn|5
|
|t:|1757931657
|move|p1a: Weavile|Swords Dance|p1a: Weavile
|-boost|p1a: Weavile|atk|2
|move|p2a: Corviknight|U-turn|p1a: Weavile
|-supereffective|p1a: Weavile
|-damage|p1a: Weavile|30/100
|-enditem|p1a: Weavile|Air Balloon
|
|t:|1757931663
|switch|p2a: Blaziken|Blaziken, F|100/100|[from] U-turn
|
|upkeep
|turn|6
|
|t:|1757931669
|move|p2a: Blaziken|Protect|p2a: Blaziken
|-singleturn|p2a: Blaziken|Protect
|move|p1a: Weavile|Triple Axel|p2a: Blaziken
|-activate|p2a: Blaziken|move: Protect
|
|-ability|p2a: Blaziken|Speed Boost|boost
|-boost|p2a: Blaziken|spe|1
|upkeep
|turn|7
|
|t:|1757931683
|switch|p1a: Weezing|Weezing-Galar, M|100/100
|-ability|p1a: Weezing|Neutralizing Gas
|move|p2a: Blaziken|Blaze Kick|p1a: Weezing
|-damage|p1a: Weezing|65/100
|
|-heal|p1a: Weezing|71/100|[from] item: Black Sludge
|upkeep
|turn|8
|
|t:|1757931698
|move|p2a: Blaziken|Swords Dance|p2a: Blaziken
|-boost|p2a: Blaziken|atk|2
|move|p1a: Weezing|Strange Steam|p2a: Blaziken
|-damage|p2a: Blaziken|60/100
|
|-heal|p1a: Weezing|77/100|[from] item: Black Sludge
|upkeep
|turn|9
|
|t:|1757931711
|move|p2a: Blaziken|Blaze Kick|p1a: Weezing
|-damage|p1a: Weezing|6/100
|move|p1a: Weezing|Clear Smog|p2a: Blaziken
|-damage|p2a: Blaziken|38/100
|-clearboost|p2a: Blaziken
|
|-heal|p1a: Weezing|12/100|[from] item: Black Sludge
|upkeep
|turn|10
|
|t:|1757931724
|move|p2a: Blaziken|Blaze Kick|p1a: Weezing
|-damage|p1a: Weezing|0 fnt
|faint|p1a: Weezing
|-end|p1a: Weezing|ability: Neutralizing Gas
|
|-ability|p2a: Blaziken|Speed Boost|boost
|-boost|p2a: Blaziken|spe|1
|upkeep
|
|t:|1757931732
|switch|p1a: Breloom|Breloom, M|100/100
|turn|11
|
|t:|1757931736
|move|p2a: Blaziken|Protect|p2a: Blaziken
|-singleturn|p2a: Blaziken|Protect
|move|p1a: Breloom|Mach Punch|p2a: Blaziken
|-activate|p2a: Blaziken|move: Protect
|
|-ability|p2a: Blaziken|Speed Boost|boost
|-boost|p2a: Blaziken|spe|1
|upkeep
|turn|12
|
|t:|1757931749
|switch|p2a: Venusaur|Venusaur, M|100/100
|move|p1a: Breloom|Mach Punch|p2a: Venusaur
|-resisted|p2a: Venusaur
|-damage|p2a: Venusaur|83/100
|
|-heal|p2a: Venusaur|89/100|[from] item: Leftovers
|upkeep
|turn|13
|inactive|dw junkie has 120 seconds left.
|l|☆dw junkie
|inactive|dw junkie disconnected and has a minute to reconnect!
|player|p1|
|j|☆dw junkie
|inactive|dw junkie reconnected and has 95 seconds left.
|player|p1|dw junkie|170|
|inactive|dw junkie has 90 seconds left.
|
|t:|1757931817
|switch|p1a: Araquanid|Araquanid, F|84/100
|move|p2a: Venusaur|Sludge Bomb|p1a: Araquanid
|-damage|p1a: Araquanid|61/100
|
|-heal|p2a: Venusaur|95/100|[from] item: Leftovers
|upkeep
|turn|14
|inactive|dw junkie has 90 seconds left.
|
|t:|1757931838
|move|p2a: Venusaur|Leech Seed|p1a: Araquanid
|-start|p1a: Araquanid|move: Leech Seed
|move|p1a: Araquanid|Sticky Web|p2a: Venusaur
|-sidestart|p2: Urogallo|move: Sticky Web
|
|-heal|p2a: Venusaur|100/100|[from] item: Leftovers
|-damage|p1a: Araquanid|49/100|[from] Leech Seed|[of] p2a: Venusaur
|upkeep
|turn|15
|
|t:|1757931845
|move|p2a: Venusaur|Sludge Bomb|p1a: Araquanid
|-damage|p1a: Araquanid|24/100
|move|p1a: Araquanid|Lunge|p2a: Venusaur
|-damage|p2a: Venusaur|66/100
|-unboost|p2a: Venusaur|atk|1
|
|-heal|p2a: Venusaur|72/100|[from] item: Leftovers
|-damage|p1a: Araquanid|11/100|[from] Leech Seed|[of] p2a: Venusaur
|-heal|p2a: Venusaur|84/100|[silent]
|upkeep
|turn|16
|-enditem|p1a: Araquanid|Custap Berry|[eat]
|-activate|p1a: Araquanid|item: Custap Berry|[consumed]
|
|t:|1757931856
|move|p1a: Araquanid|Endeavor|p2a: Venusaur
|-damage|p2a: Venusaur|10/100
|move|p2a: Venusaur|Sludge Bomb|p1a: Araquanid
|-damage|p1a: Araquanid|0 fnt
|faint|p1a: Araquanid
|
|-heal|p2a: Venusaur|16/100|[from] item: Leftovers
|upkeep
|
|t:|1757931868
|switch|p1a: Weavile|Weavile, F|30/100
|turn|17
|
|t:|1757931876
|switch|p2a: Blaziken|Blaziken, F|38/100
|-activate|p2a: Blaziken|move: Sticky Web
|-unboost|p2a: Blaziken|spe|1
|move|p1a: Weavile|Knock Off|p2a: Blaziken
|-resisted|p2a: Blaziken
|-crit|p2a: Blaziken
|-damage|p2a: Blaziken|0 fnt
|-enditem|p2a: Blaziken|Lum Berry|[from] move: Knock Off|[of] p1a: Weavile
|faint|p2a: Blaziken
|
|upkeep
|
|t:|1757931885
|switch|p2a: Corviknight|Corviknight, M|70/100
|turn|18
|
|t:|1757931891
|move|p1a: Weavile|Triple Axel|p2a: Corviknight
|-damage|p2a: Corviknight|64/100
|-damage|p2a: Corviknight|52/100
|-damage|p2a: Corviknight|34/100
|-hitcount|p2a: Corviknight|3
|move|p2a: Corviknight|Roost|p2a: Corviknight
|-heal|p2a: Corviknight|84/100
|-singleturn|p2a: Corviknight|move: Roost
|
|upkeep
|turn|19
|
|t:|1757931902
|switch|p1a: Raging Bolt|Raging Bolt|100/100
|move|p2a: Corviknight|U-turn|p1a: Raging Bolt
|-crit|p1a: Raging Bolt
|-damage|p1a: Raging Bolt|83/100
|
|t:|1757931907
|switch|p2a: Weezing|Weezing-Galar, M|100/100|[from] U-turn
|
|upkeep
|turn|20
|
|t:|1757931913
|move|p1a: Raging Bolt|Volt Switch|p2a: Weezing
|-damage|p2a: Weezing|60/100
|
|t:|1757931916
|-end|p1a: Raging Bolt|Protosynthesis|[silent]
|switch|p1a: Garganacl|Garganacl, F|100/100|[from] Volt Switch
|move|p2a: Weezing|Toxic Spikes|p1a: Garganacl
|-sidestart|p1: dw junkie|move: Toxic Spikes
|
|-heal|p2a: Weezing|66/100|[from] item: Leftovers
|upkeep
|turn|21
|
|t:|1757931926
|move|p2a: Weezing|Toxic Spikes|p1a: Garganacl
|-sidestart|p1: dw junkie|move: Toxic Spikes
|move|p1a: Garganacl|Salt Cure|p2a: Weezing
|-damage|p2a: Weezing|53/100
|-start|p2a: Weezing|Salt Cure
|
|-heal|p2a: Weezing|59/100|[from] item: Leftovers
|-damage|p2a: Weezing|47/100|[from] Salt Cure
|upkeep
|turn|22
|inactive|dw junkie has 120 seconds left.
|
|t:|1757931936
|move|p1a: Garganacl|Protect|p1a: Garganacl
|-singleturn|p1a: Garganacl|Protect
|move|p2a: Weezing|Pain Split|p1a: Garganacl
|-activate|p1a: Garganacl|move: Protect
|
|-heal|p2a: Weezing|53/100|[from] item: Leftovers
|-damage|p2a: Weezing|41/100|[from] Salt Cure
|upkeep
|turn|23
|inactive|dw junkie has 120 seconds left.
|
|t:|1757931946
|switch|p1a: Weavile|Weavile, F|30/100
|-status|p1a: Weavile|tox
|move|p2a: Weezing|Strange Steam|p1a: Weavile
|-supereffective|p1a: Weavile
|-damage|p1a: Weavile|0 fnt
|faint|p1a: Weavile
|
|-heal|p2a: Weezing|47/100|[from] item: Leftovers
|-damage|p2a: Weezing|34/100|[from] Salt Cure
|upkeep
|inactive|dw junkie has 120 seconds left.
|
|t:|1757931961
|switch|p1a: Raging Bolt|Raging Bolt|83/100
|-status|p1a: Raging Bolt|tox
|turn|24
|
|t:|1757931968
|move|p1a: Raging Bolt|Volt Switch|p2a: Weezing
|-damage|p2a: Weezing|0 fnt
|faint|p2a: Weezing
|
|t:|1757931973
|-end|p1a: Raging Bolt|Protosynthesis|[silent]
|switch|p1a: Garganacl|Garganacl, F|100/100|[from] Volt Switch
|
|upkeep
|
|t:|1757931983
|switch|p2a: Rhyperior|Rhyperior, F|100/100
|-activate|p2a: Rhyperior|move: Sticky Web
|-unboost|p2a: Rhyperior|spe|1
|turn|25
|
|t:|1757931988
|switch|p1a: Breloom|Breloom, M|100/100
|-status|p1a: Breloom|tox
|move|p2a: Rhyperior|Swords Dance|p2a: Rhyperior
|-boost|p2a: Rhyperior|atk|2
|
|-damage|p1a: Breloom|94/100 tox|[from] psn
|upkeep
|turn|26
|
|t:|1757931998
|switch|p2a: Corviknight|Corviknight, M|84/100
|move|p1a: Breloom|Bullet Seed|p2a: Corviknight
|-resisted|p2a: Corviknight
|-damage|p2a: Corviknight|81/100
|-resisted|p2a: Corviknight
|-damage|p2a: Corviknight|78/100
|-resisted|p2a: Corviknight
|-damage|p2a: Corviknight|74/100
|-resisted|p2a: Corviknight
|-damage|p2a: Corviknight|71/100
|-hitcount|p2a: Corviknight|4
|
|-damage|p1a: Breloom|82/100 tox|[from] psn
|upkeep
|turn|27
|
|t:|1757932010
|move|p1a: Breloom|Swords Dance|p1a: Breloom
|-boost|p1a: Breloom|atk|2
|move|p2a: Corviknight|U-turn|p1a: Breloom
|-damage|p1a: Breloom|60/100 tox
|
|t:|1757932016
|switch|p2a: Dusclops|Dusclops, M|73/100|[from] U-turn
|-activate|p2a: Dusclops|move: Sticky Web
|-unboost|p2a: Dusclops|spe|1
|-ability|p2a: Dusclops|Pressure
|
|-damage|p1a: Breloom|41/100 tox|[from] psn
|upkeep
|turn|28
|
|t:|1757932025
|move|p1a: Breloom|Bullet Seed|p2a: Dusclops
|-damage|p2a: Dusclops|44/100
|-damage|p2a: Dusclops|17/100
|-damage|p2a: Dusclops|0 fnt
|faint|p2a: Dusclops
|-hitcount|p2: Dusclops|3
|
|-damage|p1a: Breloom|17/100 tox|[from] psn
|upkeep
|
|t:|1757932033
|switch|p2a: Venusaur|Venusaur, M|16/100
|-activate|p2a: Venusaur|move: Sticky Web
|-unboost|p2a: Venusaur|spe|1
|turn|29
|
|t:|1757932038
|move|p1a: Breloom|Mach Punch|p2a: Venusaur
|-resisted|p2a: Venusaur
|-damage|p2a: Venusaur|0 fnt
|faint|p2a: Venusaur
|
|-damage|p1a: Breloom|0 fnt|[from] psn
|faint|p1a: Breloom
|upkeep
|
|t:|1757932049
|switch|p1a: Raging Bolt|Raging Bolt|83/100 tox
|switch|p2a: Rhyperior|Rhyperior, F|100/100
|-activate|p2a: Rhyperior|move: Sticky Web
|-unboost|p2a: Rhyperior|spe|1
|turn|30
|
|t:|1757932058
|-terastallize|p1a: Raging Bolt|Grass
|move|p1a: Raging Bolt|Tera Blast|p2a: Rhyperior|[anim] Tera Blast Grass
|-supereffective|p2a: Rhyperior
|-damage|p2a: Rhyperior|0 fnt
|faint|p2a: Rhyperior
|
|-damage|p1a: Raging Bolt|76/100 tox|[from] psn
|upkeep
|
|t:|1757932065
|switch|p2a: Corviknight|Corviknight, M|71/100
|turn|31
|
|t:|1757932077
|-terastallize|p2a: Corviknight|Ground
|move|p1a: Raging Bolt|Volt Switch|p2a: Corviknight
|-immune|p2a: Corviknight
|move|p2a: Corviknight|Body Press|p1a: Raging Bolt
|-damage|p1a: Raging Bolt|55/100 tox
|
|-damage|p1a: Raging Bolt|42/100 tox|[from] psn
|upkeep
|turn|32
|
|t:|1757932087
|move|p1a: Raging Bolt|Tera Blast|p2a: Corviknight|[anim] Tera Blast Grass
|-supereffective|p2a: Corviknight
|-damage|p2a: Corviknight|0 fnt
|faint|p2a: Corviknight
|
|win|dw junkie
|raw|dw junkie's rating: 1254 &rarr; <strong>1281</strong><br />(+27 for winning)
|raw|Urogallo's rating: 1278 &rarr; <strong>1251</strong><br />(-27 for losing)
|l|☆Urogallo
|player|p2|
|l|☆dw junkie
|player|p1|
