|j|☆lemonkiwi42
|j|☆glastrier#1
|t:|1757805342
|gametype|singles
|player|p1|lemonkiwi42|ethan|1287
|player|p2|glastrier#1|265|1287
|gen|9
|tier|[Gen 9] OU
|rated|
|rule|HP Percentage Mod: HP is shown in percentages
|rule|Endless Battle Clause: Forcing endless battles is banned
|rule|Species Clause: Limit one of each Pokémon
|rule|OHKO Clause: OHKO moves are banned
|rule|Evasion Items Clause: Evasion items are banned
|rule|Evasion Moves Clause: Evasion moves are banned
|rule|Evasion Abilities Clause: Evasion abilities are banned
|rule|Sleep Moves Clause: Sleep-inducing moves are banned
|clearpoke
|poke|p1|Delphox, F|
|poke|p1|Kommo-o, M|
|poke|p1|Mandibuzz, F|
|poke|p1|Bellibolt, F|
|poke|p1|Rillaboom, M|
|poke|p1|Drednaw, F|
|poke|p2|Dragapult, F|
|poke|p2|Glastrier|
|poke|p2|Tinkaton, F|
|poke|p2|Ting-Lu|
|poke|p2|Iron Hands|
|poke|p2|Moltres|
|teampreview
|c|☆glastrier#1|glhf
|
|t:|1757805361
|teamsize|p1|6
|teamsize|p2|6
|start
|switch|p1a: Bellibolt|Bellibolt, F|100/100
|switch|p2a: Glastrier|Glastrier|100/100
|turn|1
|inactive|Battle timer is ON: inactive players will automatically lose when time's up. (requested by glastrier#1)
|
|t:|1757805368
|move|p2a: Glastrier|High Horsepower|p1a: Bellibolt
|-supereffective|p1a: Bellibolt
|-damage|p1a: Bellibolt|48/100
|-start|p1a: Bellibolt|Charge|High Horsepower|[from] ability: Electromorphosis
|move|p1a: Bellibolt|Parabolic Charge|p2a: Glastrier
|-damage|p2a: Glastrier|61/100
|-heal|p1a: Bellibolt|65/100|[from] drain|[of] p2a: Glastrier
|-end|p1a: Bellibolt|Charge|[silent]
|
|-heal|p1a: Bellibolt|71/100|[from] item: Leftovers
|upkeep
|turn|2
|
|t:|1757805377
|switch|p2a: Ting-Lu|Ting-Lu|100/100
|-ability|p2a: Ting-Lu|Vessel of Ruin
|move|p1a: Bellibolt|Slack Off|p1a: Bellibolt
|-heal|p1a: Bellibolt|100/100
|
|upkeep
|turn|3
|
|t:|1757805384
|switch|p1a: Rillaboom|Rillaboom, M|100/100
|-fieldstart|move: Grassy Terrain|[from] ability: Grassy Surge|[of] p1a: Rillaboom
|move|p2a: Ting-Lu|Spikes|p1a: Rillaboom
|-sidestart|p1: lemonkiwi42|Spikes
|
|upkeep
|turn|4
|
|t:|1757805390
|switch|p2a: Moltres|Moltres|100/100
|move|p1a: Rillaboom|Wood Hammer|p2a: Moltres
|-resisted|p2a: Moltres
|-damage|p2a: Moltres|82/100
|-damage|p1a: Rillaboom|93/100|[from] Recoil
|
|-heal|p1a: Rillaboom|99/100|[from] Grassy Terrain
|upkeep
|turn|5
|
|t:|1757805399
|switch|p1a: Mandibuzz|Mandibuzz, F|100/100
|move|p2a: Moltres|Flamethrower|p1a: Mandibuzz
|-damage|p1a: Mandibuzz|76/100
|
|upkeep
|turn|6
|
|t:|1757805404
|move|p2a: Moltres|U-turn|p1a: Mandibuzz
|-damage|p1a: Mandibuzz|65/100
|
|t:|1757805407
|switch|p2a: Iron Hands|Iron Hands|100/100|[from] U-turn
|move|p1a: Mandibuzz|Toxic|p2a: Iron Hands
|-status|p2a: Iron Hands|tox
|
|-damage|p2a: Iron Hands|94/100 tox|[from] psn
|upkeep
|turn|7
|
|t:|1757805425
|switch|p1a: Rillaboom|Rillaboom, M|99/100
|-damage|p1a: Rillaboom|87/100|[from] Spikes
|move|p2a: Iron Hands|Thunder Punch|p1a: Rillaboom
|-resisted|p1a: Rillaboom
|-damage|p1a: Rillaboom|64/100
|
|-heal|p1a: Rillaboom|70/100|[from] Grassy Terrain
|-heal|p2a: Iron Hands|100/100 tox|[from] Grassy Terrain
|-damage|p2a: Iron Hands|88/100 tox|[from] psn
|-fieldend|move: Grassy Terrain
|upkeep
|turn|8
|
|t:|1757805437
|move|p1a: Rillaboom|U-turn|p2a: Iron Hands
|-resisted|p2a: Iron Hands
|-damage|p2a: Iron Hands|77/100 tox
|
|t:|1757805440
|switch|p1a: Mandibuzz|Mandibuzz, F|65/100|[from] U-turn
|move|p2a: Iron Hands|Ice Punch|p1a: Mandibuzz
|-supereffective|p1a: Mandibuzz
|-damage|p1a: Mandibuzz|21/100
|
|-damage|p2a: Iron Hands|58/100 tox|[from] psn
|upkeep
|turn|9
|
|t:|1757805449
|move|p1a: Mandibuzz|Roost|p1a: Mandibuzz
|-heal|p1a: Mandibuzz|71/100
|-singleturn|p1a: Mandibuzz|move: Roost
|move|p2a: Iron Hands|Ice Punch|p1a: Mandibuzz
|-damage|p1a: Mandibuzz|48/100
|
|-damage|p2a: Iron Hands|34/100 tox|[from] psn
|upkeep
|turn|10
|
|t:|1757805457
|move|p1a: Mandibuzz|Roost|p1a: Mandibuzz
|-heal|p1a: Mandibuzz|98/100
|-singleturn|p1a: Mandibuzz|move: Roost
|move|p2a: Iron Hands|Drain Punch|p1a: Mandibuzz
|-supereffective|p1a: Mandibuzz
|-damage|p1a: Mandibuzz|26/100
|-heal|p2a: Iron Hands|65/100 tox|[from] drain|[of] p1a: Mandibuzz
|
|-damage|p2a: Iron Hands|35/100 tox|[from] psn
|upkeep
|turn|11
|
|t:|1757805468
|move|p1a: Mandibuzz|Roost|p1a: Mandibuzz
|-heal|p1a: Mandibuzz|76/100
|-singleturn|p1a: Mandibuzz|move: Roost
|move|p2a: Iron Hands|Drain Punch|p1a: Mandibuzz
|-supereffective|p1a: Mandibuzz
|-damage|p1a: Mandibuzz|3/100
|-heal|p2a: Iron Hands|66/100 tox|[from] drain|[of] p1a: Mandibuzz
|
|-damage|p2a: Iron Hands|29/100 tox|[from] psn
|upkeep
|turn|12
|
|t:|1757805484
|switch|p1a: Bellibolt|Bellibolt, F|100/100
|-damage|p1a: Bellibolt|88/100|[from] Spikes
|move|p2a: Iron Hands|Drain Punch|p1a: Bellibolt
|-damage|p1a: Bellibolt|58/100
|-heal|p2a: Iron Hands|43/100 tox|[from] drain|[of] p1a: Bellibolt
|-start|p1a: Bellibolt|Charge|Drain Punch|[from] ability: Electromorphosis
|
|-heal|p1a: Bellibolt|64/100|[from] item: Leftovers
|-damage|p2a: Iron Hands|0 fnt|[from] psn
|faint|p2a: Iron Hands
|-end|p2a: Iron Hands|Quark Drive|[silent]
|upkeep
|
|t:|1757805500
|switch|p2a: Glastrier|Glastrier|61/100
|turn|13
|
|t:|1757805505
|switch|p1a: Mandibuzz|Mandibuzz, F|3/100
|-terastallize|p2a: Glastrier|Ground
|move|p2a: Glastrier|High Horsepower|p1a: Mandibuzz
|-immune|p1a: Mandibuzz
|
|upkeep
|turn|14
|
|t:|1757805512
|move|p1a: Mandibuzz|Roost|p1a: Mandibuzz
|-heal|p1a: Mandibuzz|53/100
|-singleturn|p1a: Mandibuzz|move: Roost
|move|p2a: Glastrier|Icicle Crash|p1a: Mandibuzz
|-damage|p1a: Mandibuzz|11/100
|
|upkeep
|turn|15
|
|t:|1757805518
|switch|p2a: Tinkaton|Tinkaton, F|100/100
|-item|p2a: Tinkaton|Air Balloon
|move|p1a: Mandibuzz|Roost|p1a: Mandibuzz
|-heal|p1a: Mandibuzz|61/100
|-singleturn|p1a: Mandibuzz|move: Roost
|
|upkeep
|turn|16
|
|t:|1757805528
|move|p2a: Tinkaton|Stealth Rock|p1a: Mandibuzz
|-sidestart|p1: lemonkiwi42|move: Stealth Rock
|move|p1a: Mandibuzz|Defog|p2a: Tinkaton
|-unboost|p2a: Tinkaton|evasion|1
|-sideend|p1: lemonkiwi42|Spikes|[from] move: Defog|[of] p1a: Mandibuzz
|-sideend|p1: lemonkiwi42|Stealth Rock|[from] move: Defog|[of] p1a: Mandibuzz
|
|upkeep
|turn|17
|
|t:|1757805535
|move|p2a: Tinkaton|Stealth Rock|p1a: Mandibuzz
|-sidestart|p1: lemonkiwi42|move: Stealth Rock
|move|p1a: Mandibuzz|Roost|p1a: Mandibuzz
|-heal|p1a: Mandibuzz|100/100
|-singleturn|p1a: Mandibuzz|move: Roost
|
|upkeep
|turn|18
|
|t:|1757805541
|move|p2a: Tinkaton|Knock Off|p1a: Mandibuzz
|-resisted|p1a: Mandibuzz
|-damage|p1a: Mandibuzz|93/100
|-enditem|p1a: Mandibuzz|Heavy-Duty Boots|[from] move: Knock Off|[of] p2a: Tinkaton
|move|p1a: Mandibuzz|Defog|p2a: Tinkaton
|-unboost|p2a: Tinkaton|evasion|1
|-sideend|p1: lemonkiwi42|Stealth Rock|[from] move: Defog|[of] p1a: Mandibuzz
|
|upkeep
|turn|19
|
|t:|1757805552
|switch|p1a: Bellibolt|Bellibolt, F|64/100
|move|p2a: Tinkaton|Stealth Rock|p1a: Bellibolt
|-sidestart|p1: lemonkiwi42|move: Stealth Rock
|
|-heal|p1a: Bellibolt|70/100|[from] item: Leftovers
|upkeep
|turn|20
|
|t:|1757805560
|move|p2a: Tinkaton|Knock Off|p1a: Bellibolt
|-damage|p1a: Bellibolt|58/100
|-start|p1a: Bellibolt|Charge|Knock Off|[from] ability: Electromorphosis
|-enditem|p1a: Bellibolt|Leftovers|[from] move: Knock Off|[of] p2a: Tinkaton
|move|p1a: Bellibolt|Parabolic Charge|p2a: Tinkaton
|-damage|p2a: Tinkaton|61/100
|-heal|p1a: Bellibolt|75/100|[from] drain|[of] p2a: Tinkaton
|-enditem|p2a: Tinkaton|Air Balloon
|-end|p1a: Bellibolt|Charge|[silent]
|
|upkeep
|turn|21
|
|t:|1757805570
|switch|p2a: Ting-Lu|Ting-Lu|100/100
|-ability|p2a: Ting-Lu|Vessel of Ruin
|move|p1a: Bellibolt|Slack Off|p1a: Bellibolt
|-heal|p1a: Bellibolt|100/100
|
|upkeep
|turn|22
|
|t:|1757805577
|switch|p1a: Rillaboom|Rillaboom, M|70/100
|-damage|p1a: Rillaboom|58/100|[from] Stealth Rock
|-fieldstart|move: Grassy Terrain|[from] ability: Grassy Surge|[of] p1a: Rillaboom
|move|p2a: Ting-Lu|Spikes|p1a: Rillaboom
|-sidestart|p1: lemonkiwi42|Spikes
|
|-heal|p1a: Rillaboom|64/100|[from] Grassy Terrain
|upkeep
|turn|23
|
|t:|1757805586
|switch|p1a: Mandibuzz|Mandibuzz, F|93/100
|-damage|p1a: Mandibuzz|68/100|[from] Stealth Rock
|switch|p2a: Moltres|Moltres|82/100
|
|upkeep
|turn|24
|
|t:|1757805598
|switch|p2a: Tinkaton|Tinkaton, F|61/100
|move|p1a: Mandibuzz|Defog|p2a: Tinkaton
|-unboost|p2a: Tinkaton|evasion|1
|-sideend|p1: lemonkiwi42|Spikes|[from] move: Defog|[of] p1a: Mandibuzz
|-sideend|p1: lemonkiwi42|Stealth Rock|[from] move: Defog|[of] p1a: Mandibuzz
|-fieldend|move: Grassy Terrain
|
|upkeep
|turn|25
|
|t:|1757805607
|switch|p1a: Bellibolt|Bellibolt, F|100/100
|move|p2a: Tinkaton|Stealth Rock|p1a: Bellibolt
|-sidestart|p1: lemonkiwi42|move: Stealth Rock
|
|upkeep
|turn|26
|
|t:|1757805611
|switch|p2a: Ting-Lu|Ting-Lu|100/100
|-ability|p2a: Ting-Lu|Vessel of Ruin
|move|p1a: Bellibolt|Substitute|p1a: Bellibolt
|-start|p1a: Bellibolt|Substitute
|-damage|p1a: Bellibolt|76/100
|
|upkeep
|turn|27
|
|t:|1757805618
|move|p1a: Bellibolt|Muddy Water|p2a: Ting-Lu
|-supereffective|p2a: Ting-Lu
|-damage|p2a: Ting-Lu|83/100
|move|p2a: Ting-Lu|Whirlwind|p1a: Bellibolt
|drag|p1a: Rillaboom|Rillaboom, M|64/100
|-damage|p1a: Rillaboom|52/100|[from] Stealth Rock
|-fieldstart|move: Grassy Terrain|[from] ability: Grassy Surge|[of] p1a: Rillaboom
|
|-heal|p1a: Rillaboom|58/100|[from] Grassy Terrain
|-heal|p2a: Ting-Lu|89/100|[from] Grassy Terrain
|-heal|p2a: Ting-Lu|95/100|[from] item: Leftovers
|upkeep
|turn|28
|
|t:|1757805632
|switch|p2a: Moltres|Moltres|82/100
|move|p1a: Rillaboom|Wood Hammer|p2a: Moltres
|-resisted|p2a: Moltres
|-damage|p2a: Moltres|60/100
|-damage|p1a: Rillaboom|49/100|[from] Recoil
|
|-heal|p1a: Rillaboom|56/100|[from] Grassy Terrain
|upkeep
|turn|29
|
|t:|1757805643
|switch|p1a: Mandibuzz|Mandibuzz, F|68/100
|-damage|p1a: Mandibuzz|43/100|[from] Stealth Rock
|move|p2a: Moltres|U-turn|p1a: Mandibuzz
|-damage|p1a: Mandibuzz|32/100
|
|t:|1757805649
|switch|p2a: Glastrier|Glastrier, tera:Ground|61/100|[from] U-turn
|
|-heal|p2a: Glastrier|67/100|[from] Grassy Terrain
|upkeep
|turn|30
|
|t:|1757805655
|move|p1a: Mandibuzz|Roost|p1a: Mandibuzz
|-heal|p1a: Mandibuzz|82/100
|-singleturn|p1a: Mandibuzz|move: Roost
|move|p2a: Glastrier|Icicle Crash|p1a: Mandibuzz
|-damage|p1a: Mandibuzz|43/100
|
|-heal|p1a: Mandibuzz|49/100|[from] Grassy Terrain
|-heal|p2a: Glastrier|74/100|[from] Grassy Terrain
|upkeep
|turn|31
|
|t:|1757805665
|move|p1a: Mandibuzz|Defog|p2a: Glastrier
|-unboost|p2a: Glastrier|evasion|1
|-sideend|p1: lemonkiwi42|Stealth Rock|[from] move: Defog|[of] p1a: Mandibuzz
|-fieldend|move: Grassy Terrain
|move|p2a: Glastrier|Icicle Crash|p1a: Mandibuzz
|-supereffective|p1a: Mandibuzz
|-damage|p1a: Mandibuzz|0 fnt
|faint|p1a: Mandibuzz
|-ability|p2a: Glastrier|Chilling Neigh|boost
|-boost|p2a: Glastrier|atk|1
|
|upkeep
|
|t:|1757805676
|switch|p1a: Drednaw|Drednaw, F|100/100
|turn|32
|
|t:|1757805686
|switch|p2a: Tinkaton|Tinkaton, F|61/100
|move|p1a: Drednaw|Shell Smash|p1a: Drednaw
|-unboost|p1a: Drednaw|def|1
|-unboost|p1a: Drednaw|spd|1
|-boost|p1a: Drednaw|atk|2
|-boost|p1a: Drednaw|spa|2
|-boost|p1a: Drednaw|spe|2
|
|upkeep
|turn|33
|
|t:|1757805696
|move|p1a: Drednaw|Liquidation|p2a: Tinkaton
|-damage|p2a: Tinkaton|0 fnt
|faint|p2a: Tinkaton
|
|upkeep
|
|t:|1757805702
|switch|p2a: Ting-Lu|Ting-Lu|95/100
|-ability|p2a: Ting-Lu|Vessel of Ruin
|turn|34
|
|t:|1757805708
|move|p1a: Drednaw|Liquidation|p2a: Ting-Lu
|-supereffective|p2a: Ting-Lu
|-damage|p2a: Ting-Lu|0 fnt
|faint|p2a: Ting-Lu
|
|upkeep
|
|t:|1757805713
|switch|p2a: Dragapult|Dragapult, F|100/100
|turn|35
|
|t:|1757805719
|move|p1a: Drednaw|Crunch|p2a: Dragapult
|-supereffective|p2a: Dragapult
|-damage|p2a: Dragapult|0 fnt
|faint|p2a: Dragapult
|
|upkeep
|-message|glastrier#1 forfeited.
|
|win|lemonkiwi42
|raw|lemonkiwi42's rating: 1287 &rarr; <strong>1312</strong><br />(+25 for winning)
|raw|glastrier#1's rating: 1287 &rarr; <strong>1262</strong><br />(-25 for losing)
|l|☆glastrier#1
|player|p2|
