|j|☆kattenkg
|j|☆xShuPuppy
|t:|1757924222
|gametype|singles
|player|p1|kattenkg|dawn|1116
|player|p2|xShuPuppy|2|1087
|gen|9
|tier|[Gen 9] OU
|rated|
|rule|HP Percentage Mod: HP is shown in percentages
|rule|Endless Battle Clause: Forcing endless battles is banned
|rule|Species Clause: Limit one of each Pokémon
|rule|OHKO Clause: OHKO moves are banned
|rule|Evasion Items Clause: Evasion items are banned
|rule|Evasion Moves Clause: Evasion moves are banned
|rule|Evasion Abilities Clause: Evasion abilities are banned
|rule|Sleep Moves Clause: Sleep-inducing moves are banned
|clearpoke
|poke|p1|Furret, M|
|poke|p1|Vivillon-Pokeball, F|
|poke|p1|Iron Moth|
|poke|p1|Dragonite, M|
|poke|p1|Gholdengo|
|poke|p1|Ursaluna, M|
|poke|p2|Kleavor, M|
|poke|p2|Brambleghast, F|
|poke|p2|Moltres|
|poke|p2|Mamoswine, M|
|poke|p2|Pecharunt|
|poke|p2|Kingambit, M|
|teampreview
|
|t:|1757924226
|teamsize|p1|6
|teamsize|p2|6
|start
|switch|p1a: Vivillon|Vivillon-Pokeball, F|100/100
|switch|p2a: Mamoswine|Mamoswine, M|100/100
|turn|1
|
|t:|1757924231
|move|p1a: Vivillon|Quiver Dance|p1a: Vivillon
|-boost|p1a: Vivillon|spa|1
|-boost|p1a: Vivillon|spd|1
|-boost|p1a: Vivillon|spe|1
|move|p2a: Mamoswine|Icicle Crash|p1a: Vivillon
|-supereffective|p1a: Vivillon
|-enditem|p1a: Vivillon|Focus Sash
|-damage|p1a: Vivillon|1/100
|
|upkeep
|turn|2
|
|t:|1757924240
|move|p2a: Mamoswine|Ice Shard|p1a: Vivillon
|-supereffective|p1a: Vivillon
|-damage|p1a: Vivillon|0 fnt
|faint|p1a: Vivillon
|
|upkeep
|
|t:|1757924248
|switch|p1a: Gholdengo|Gholdengo|100/100
|turn|3
|
|t:|1757924284
|switch|p1a: Dragonite|Dragonite, M|100/100
|move|p2a: Mamoswine|Earthquake|p1a: Dragonite
|-immune|p1a: Dragonite
|
|upkeep
|turn|4
|
|t:|1757924291
|-terastallize|p1a: Dragonite|Normal
|move|p2a: Mamoswine|Icicle Crash|p1a: Dragonite
|-damage|p1a: Dragonite|75/100
|move|p1a: Dragonite|Dragon Dance|p1a: Dragonite
|-boost|p1a: Dragonite|atk|1
|-boost|p1a: Dragonite|spe|1
|
|upkeep
|turn|5
|
|t:|1757924304
|move|p1a: Dragonite|Dragon Dance|p1a: Dragonite
|-boost|p1a: Dragonite|atk|1
|-boost|p1a: Dragonite|spe|1
|move|p2a: Mamoswine|Endeavor|p1a: Dragonite
|-immune|p1a: Dragonite
|
|upkeep
|turn|6
|
|t:|1757924317
|move|p1a: Dragonite|Dragon Dance|p1a: Dragonite
|-boost|p1a: Dragonite|atk|1
|-boost|p1a: Dragonite|spe|1
|move|p2a: Mamoswine|Endeavor|p1a: Dragonite
|-immune|p1a: Dragonite
|
|upkeep
|turn|7
|
|t:|1757924323
|move|p1a: Dragonite|Dragon Dance|p1a: Dragonite
|-boost|p1a: Dragonite|atk|1
|-boost|p1a: Dragonite|spe|1
|move|p2a: Mamoswine|Endeavor|p1a: Dragonite
|-immune|p1a: Dragonite
|
|upkeep
|turn|8
|
|t:|1757924331
|move|p1a: Dragonite|Ice Spinner|p2a: Mamoswine
|-crit|p2a: Mamoswine
|-enditem|p2a: Mamoswine|Focus Sash
|-damage|p2a: Mamoswine|1/100
|move|p2a: Mamoswine|Endeavor|p1a: Dragonite
|-damage|p1a: Dragonite|1/100
|
|upkeep
|turn|9
|
|t:|1757924337
|move|p1a: Dragonite|Extreme Speed|p2a: Mamoswine
|-damage|p2a: Mamoswine|0 fnt
|faint|p2a: Mamoswine
|
|upkeep
|
|t:|1757924371
|switch|p2a: Pecharunt|Pecharunt|100/100
|-item|p2a: Pecharunt|Air Balloon
|turn|10
|
|t:|1757924376
|move|p1a: Dragonite|Extreme Speed|p2a: Pecharunt
|-immune|p2a: Pecharunt
|move|p2a: Pecharunt|Shadow Ball|p1a: Dragonite
|-immune|p1a: Dragonite
|
|upkeep
|turn|11
|c|☆xShuPuppy|？
|c|☆kattenkg|lol
|c|☆xShuPuppy|haha
|c|☆xShuPuppy|i forgot that
|
|t:|1757924392
|move|p1a: Dragonite|Earthquake|p2a: Pecharunt
|-immune|p2a: Pecharunt
|move|p2a: Pecharunt|Malignant Chain|p1a: Dragonite
|-damage|p1a: Dragonite|0 fnt
|faint|p1a: Dragonite
|
|upkeep
|c|☆xShuPuppy|?
|c|☆kattenkg|MY GOD
|c|☆kattenkg|LMFAO
|c|☆xShuPuppy|hahhahahahhahha
|c|☆xShuPuppy|crazy bro
|
|t:|1757924409
|switch|p1a: Gholdengo|Gholdengo|100/100
|turn|12
|c|☆xShuPuppy|two shit
|
|t:|1757924417
|move|p1a: Gholdengo|Trick|p2a: Pecharunt
|-activate|p1a: Gholdengo|move: Trick|[of] p2a: Pecharunt
|-item|p2a: Pecharunt|Choice Scarf|[from] move: Trick
|-item|p1a: Gholdengo|Air Balloon
|-item|p1a: Gholdengo|Air Balloon|[from] move: Trick
|move|p2a: Pecharunt|Shadow Ball|p1a: Gholdengo
|-supereffective|p1a: Gholdengo
|-damage|p1a: Gholdengo|19/100
|-enditem|p1a: Gholdengo|Air Balloon
|
|upkeep
|turn|13
|
|t:|1757924435
|switch|p1a: Ursaluna|Ursaluna, M|100/100
|move|p2a: Pecharunt|Shadow Ball|p1a: Ursaluna
|-immune|p1a: Ursaluna
|
|-status|p1a: Ursaluna|brn|[from] item: Flame Orb
|upkeep
|turn|14
|
|t:|1757924445
|switch|p2a: Kingambit|Kingambit, M|100/100
|-activate|p2a: Kingambit|ability: Supreme Overlord
|-start|p2a: Kingambit|fallen1|[silent]
|move|p1a: Ursaluna|Headlong Rush|p2a: Kingambit
|-supereffective|p2a: Kingambit
|-damage|p2a: Kingambit|0 fnt
|-unboost|p1a: Ursaluna|def|1
|-unboost|p1a: Ursaluna|spd|1
|faint|p2a: Kingambit
|-end|p2a: Kingambit|fallen1|[silent]
|
|-damage|p1a: Ursaluna|94/100 brn|[from] brn
|upkeep
|
|t:|1757924447
|switch|p2a: Kleavor|Kleavor, M|100/100
|turn|15
|
|t:|1757924458
|move|p2a: Kleavor|Close Combat|p1a: Ursaluna
|-supereffective|p1a: Ursaluna
|-damage|p1a: Ursaluna|0 fnt
|-unboost|p2a: Kleavor|def|1
|-unboost|p2a: Kleavor|spd|1
|faint|p1a: Ursaluna
|
|upkeep
|
|t:|1757924466
|switch|p1a: Iron Moth|Iron Moth|100/100
|-enditem|p1a: Iron Moth|Booster Energy
|-activate|p1a: Iron Moth|ability: Quark Drive|[fromitem]
|-start|p1a: Iron Moth|quarkdrivespa
|turn|16
|
|t:|1757924485
|switch|p2a: Moltres|Moltres|100/100
|move|p1a: Iron Moth|Fiery Dance|p2a: Moltres
|-resisted|p2a: Moltres
|-damage|p2a: Moltres|68/100
|-boost|p1a: Iron Moth|spa|1
|
|upkeep
|turn|17
|
|t:|1757924491
|move|p1a: Iron Moth|Sludge Wave|p2a: Moltres
|-damage|p2a: Moltres|0 fnt
|faint|p2a: Moltres
|
|upkeep
|
|t:|1757924499
|switch|p2a: Kleavor|Kleavor, M|100/100
|turn|18
|
|t:|1757924503
|move|p1a: Iron Moth|Fiery Dance|p2a: Kleavor
|-enditem|p2a: Kleavor|Focus Sash
|-damage|p2a: Kleavor|1/100
|move|p2a: Kleavor|Stone Axe|p1a: Iron Moth
|-supereffective|p1a: Iron Moth
|-damage|p1a: Iron Moth|0 fnt
|-sidestart|p1: kattenkg|move: Stealth Rock
|faint|p1a: Iron Moth
|-end|p1a: Iron Moth|Quark Drive|[silent]
|
|upkeep
|
|t:|1757924511
|switch|p1a: Furret|Furret, M|100/100
|-damage|p1a: Furret|88/100|[from] Stealth Rock
|turn|19
|
|t:|1757924518
|switch|p2a: Pecharunt|Pecharunt|100/100
|move|p1a: Furret|Tidy Up|p1a: Furret
|-sideend|p1: kattenkg|Stealth Rock
|-activate|p1a: Furret|move: Tidy Up
|-boost|p1a: Furret|atk|1
|-boost|p1a: Furret|spe|1
|
|upkeep
|turn|20
|-message|kattenkg forfeited.
|
|win|xShuPuppy
|raw|kattenkg's rating: 1116 &rarr; <strong>1089</strong><br />(-27 for losing)
|raw|xShuPuppy's rating: 1087 &rarr; <strong>1116</strong><br />(+29 for winning)
|c|☆kattenkg|gg
|l|☆xShuPuppy
|player|p2|
