|j|☆Liuko
|j|☆Pae Leo
|t:|1757838358
|gametype|singles
|player|p1|Liuko|alder|1144
|player|p2|Pae Leo|kieran-champion|1161
|gen|9
|tier|[Gen 9] OU
|rated|
|rule|HP Percentage Mod: HP is shown in percentages
|rule|Endless Battle Clause: Forcing endless battles is banned
|rule|Species Clause: Limit one of each Pokémon
|rule|OHKO Clause: OHKO moves are banned
|rule|Evasion Items Clause: Evasion items are banned
|rule|Evasion Moves Clause: Evasion moves are banned
|rule|Evasion Abilities Clause: Evasion abilities are banned
|rule|Sleep Moves Clause: Sleep-inducing moves are banned
|clearpoke
|poke|p1|Luxray, M|
|poke|p1|Umbreon, F|
|poke|p1|Lucario, M|
|poke|p1|Ogerpon-Wellspring, F|
|poke|p1|Landorus-Therian, M|
|poke|p1|Dragapult, F|
|poke|p2|Deoxys-Speed|
|poke|p2|Latias, F|
|poke|p2|Basculegion, M|
|poke|p2|Iron Jugulis|
|poke|p2|Iron Treads|
|poke|p2|Indeedee, M|
|teampreview
|inactive|Battle timer is ON: inactive players will automatically lose when time's up. (requested by Pae Leo)
|
|t:|1757838373
|teamsize|p1|6
|teamsize|p2|6
|start
|switch|p1a: LandLord|Landorus-Therian, M|100/100
|switch|p2a: 300 ms|Deoxys-Speed|100/100
|-ability|p2a: 300 ms|Pressure
|-ability|p1a: LandLord|Intimidate|boost
|-unboost|p2a: 300 ms|atk|1
|turn|1
|c|☆Pae Leo|gl hf!
|c|☆Liuko|gl
|
|t:|1757838383
|move|p2a: 300 ms|Stealth Rock|p1a: LandLord
|-sidestart|p1: Liuko|move: Stealth Rock
|move|p1a: LandLord|Stealth Rock|p2a: 300 ms
|-sidestart|p2: Pae Leo|move: Stealth Rock
|
|upkeep
|turn|2
|
|t:|1757838393
|move|p2a: 300 ms|Rain Dance|p2a: 300 ms
|-weather|RainDance
|move|p1a: LandLord|Taunt|p2a: 300 ms
|-start|p2a: 300 ms|move: Taunt
|
|-weather|RainDance|[upkeep]
|upkeep
|turn|3
|
|t:|1757838419
|move|p2a: 300 ms|Psycho Boost|p1a: LandLord
|-damage|p1a: LandLord|48/100
|-unboost|p2a: 300 ms|spa|2
|move|p1a: LandLord|U-turn|p2a: 300 ms
|-supereffective|p2a: 300 ms
|-damage|p2a: 300 ms|61/100
|
|t:|1757838426
|switch|p1a: Mufasa|Luxray, M, shiny|100/100|[from] U-turn
|-damage|p1a: Mufasa|88/100|[from] Stealth Rock
|
|-weather|RainDance|[upkeep]
|-status|p1a: Mufasa|brn|[from] item: Flame Orb
|upkeep
|turn|4
|
|t:|1757838448
|switch|p2a: Vehicle Noise|Iron Treads|100/100
|-damage|p2a: Vehicle Noise|97/100|[from] Stealth Rock
|move|p1a: Mufasa|Trailblaze|p2a: Vehicle Noise
|-damage|p2a: Vehicle Noise|78/100
|-boost|p1a: Mufasa|spe|1
|
|-weather|RainDance|[upkeep]
|-heal|p2a: Vehicle Noise|85/100|[from] item: Leftovers
|-damage|p1a: Mufasa|82/100 brn|[from] brn
|upkeep
|turn|5
|inactive|Liuko has 120 seconds left.
|
|t:|1757838485
|switch|p1a: LandLord|Landorus-Therian, M|48/100
|-damage|p1a: LandLord|35/100|[from] Stealth Rock
|-ability|p1a: LandLord|Intimidate|boost
|-unboost|p2a: Vehicle Noise|atk|1
|move|p2a: Vehicle Noise|Rapid Spin|p1a: LandLord
|-damage|p1a: LandLord|24/100
|-boost|p2a: Vehicle Noise|spe|1
|-damage|p2a: Vehicle Noise|68/100|[from] item: Rocky Helmet|[of] p1a: LandLord
|-sideend|p2: Pae Leo|Stealth Rock|[from] move: Rapid Spin|[of] p2a: Vehicle Noise
|
|-weather|RainDance|[upkeep]
|-heal|p2a: Vehicle Noise|74/100|[from] item: Leftovers
|upkeep
|turn|6
|inactive|Pae Leo has 120 seconds left.
|
|t:|1757838507
|-end|p2a: Vehicle Noise|Quark Drive|[silent]
|switch|p2a: Bad Hair Day|Iron Jugulis|100/100
|-enditem|p2a: Bad Hair Day|Booster Energy
|-activate|p2a: Bad Hair Day|ability: Quark Drive|[fromitem]
|-start|p2a: Bad Hair Day|quarkdrivespe
|move|p1a: LandLord|Earthquake|p2a: Bad Hair Day
|-immune|p2a: Bad Hair Day
|
|-weather|RainDance|[upkeep]
|upkeep
|turn|7
|inactive|Pae Leo has 120 seconds left.
|
|t:|1757838526
|move|p2a: Bad Hair Day|Hurricane|p1a: LandLord
|-damage|p1a: LandLord|0 fnt
|faint|p1a: LandLord
|
|-weather|RainDance|[upkeep]
|upkeep
|inactive|Liuko has 90 seconds left.
|
|t:|1757838545
|switch|p1a: Mufasa|Luxray, M, shiny|82/100 brn
|-damage|p1a: Mufasa|70/100 brn|[from] Stealth Rock
|turn|8
|inactive|Liuko has 90 seconds left.
|
|t:|1757838550
|move|p2a: Bad Hair Day|Earth Power|p1a: Mufasa
|-supereffective|p1a: Mufasa
|-damage|p1a: Mufasa|0 fnt
|faint|p1a: Mufasa
|
|-weather|RainDance|[upkeep]
|upkeep
|inactive|Liuko has 90 seconds left.
|
|t:|1757838561
|switch|p1a: Shifu|Lucario, M|100/100
|-damage|p1a: Shifu|98/100|[from] Stealth Rock
|turn|9
|
|t:|1757838568
|move|p2a: Bad Hair Day|Earth Power|p1a: Shifu
|-supereffective|p1a: Shifu
|-damage|p1a: Shifu|0 fnt
|faint|p1a: Shifu
|
|-weather|none
|upkeep
|
|t:|1757838575
|switch|p1a: PoliteShrek|Ogerpon-Wellspring, F|100/100
|-damage|p1a: PoliteShrek|88/100|[from] Stealth Rock
|turn|10
|c|☆Liuko|this is so fun
|
|t:|1757838583
|move|p2a: Bad Hair Day|Hurricane|p1a: PoliteShrek|[miss]
|-miss|p2a: Bad Hair Day|p1a: PoliteShrek
|move|p1a: PoliteShrek|Play Rough|p2a: Bad Hair Day
|-supereffective|p2a: Bad Hair Day
|-damage|p2a: Bad Hair Day|11/100
|
|upkeep
|turn|11
|c|☆Pae Leo|i agree!
|c|☆Pae Leo|i love pokemans
|inactive|Liuko has 90 seconds left.
|
|t:|1757838604
|move|p2a: Bad Hair Day|Hurricane|p1a: PoliteShrek
|-supereffective|p1a: PoliteShrek
|-damage|p1a: PoliteShrek|0 fnt
|faint|p1a: PoliteShrek
|
|upkeep
|inactive|Liuko has 90 seconds left.
|
|t:|1757838610
|switch|p1a: W-rizz|Dragapult, F, shiny|100/100
|-damage|p1a: W-rizz|88/100|[from] Stealth Rock
|turn|12
|
|t:|1757838617
|move|p2a: Bad Hair Day|Knock Off|p1a: W-rizz
|-supereffective|p1a: W-rizz
|-damage|p1a: W-rizz|8/100
|-enditem|p1a: W-rizz|Choice Specs|[from] move: Knock Off|[of] p2a: Bad Hair Day
|move|p1a: W-rizz|Shadow Ball|p2a: Bad Hair Day
|-resisted|p2a: Bad Hair Day
|-crit|p2a: Bad Hair Day
|-damage|p2a: Bad Hair Day|0 fnt
|faint|p2a: Bad Hair Day
|-end|p2a: Bad Hair Day|Quark Drive|[silent]
|
|upkeep
|
|t:|1757838628
|switch|p2a: Employment|Indeedee, M|100/100
|-fieldstart|move: Psychic Terrain|[from] ability: Psychic Surge|[of] p2a: Employment
|turn|13
|
|t:|1757838637
|move|p2a: Employment|Dazzling Gleam|p1a: W-rizz
|-supereffective|p1a: W-rizz
|-damage|p1a: W-rizz|0 fnt
|faint|p1a: W-rizz
|
|upkeep
|inactive|Liuko has 90 seconds left.
|
|t:|1757838660
|switch|p1a: Despair|Umbreon, F, shiny|100/100
|-damage|p1a: Despair|88/100|[from] Stealth Rock
|turn|14
|
|t:|1757838669
|move|p2a: Employment|Dazzling Gleam|p1a: Despair
|-supereffective|p1a: Despair
|-damage|p1a: Despair|64/100
|move|p1a: Despair|Foul Play|p2a: Employment
|-supereffective|p2a: Employment
|-damage|p2a: Employment|33/100
|
|-heal|p1a: Despair|70/100|[from] item: Leftovers
|upkeep
|turn|15
|
|t:|1757838677
|move|p1a: Despair|Protect|p1a: Despair
|-singleturn|p1a: Despair|Protect
|move|p2a: Employment|Dazzling Gleam|p1a: Despair
|-activate|p1a: Despair|move: Protect
|
|-heal|p1a: Despair|76/100|[from] item: Leftovers
|upkeep
|turn|16
|
|t:|1757838684
|move|p2a: Employment|Dazzling Gleam|p1a: Despair
|-supereffective|p1a: Despair
|-damage|p1a: Despair|50/100
|move|p1a: Despair|Wish|p1a: Despair
|
|-heal|p1a: Despair|56/100|[from] item: Leftovers
|upkeep
|turn|17
|
|t:|1757838692
|switch|p2a: Vehicle Noise|Iron Treads|74/100
|move|p1a: Despair|Protect||[still]
|-fail|p1a: Despair
|
|-heal|p1a: Despair|100/100|[from] move: Wish|[wisher] Despair
|-heal|p2a: Vehicle Noise|80/100|[from] item: Leftovers
|-fieldend|move: Psychic Terrain
|upkeep
|turn|18
|inactive|Liuko has 120 seconds left.
|
|t:|1757838704
|move|p2a: Vehicle Noise|Earthquake|p1a: Despair
|-damage|p1a: Despair|59/100
|move|p1a: Despair|Foul Play|p2a: Vehicle Noise
|-crit|p2a: Vehicle Noise
|-damage|p2a: Vehicle Noise|25/100
|
|-heal|p2a: Vehicle Noise|32/100|[from] item: Leftovers
|-heal|p1a: Despair|65/100|[from] item: Leftovers
|upkeep
|turn|19
|
|t:|1757838712
|move|p2a: Vehicle Noise|Earthquake|p1a: Despair
|-damage|p1a: Despair|24/100
|move|p1a: Despair|Foul Play|p2a: Vehicle Noise
|-damage|p2a: Vehicle Noise|0 fnt
|faint|p2a: Vehicle Noise
|-end|p2a: Vehicle Noise|Quark Drive|[silent]
|
|-heal|p1a: Despair|30/100|[from] item: Leftovers
|upkeep
|
|t:|1757838720
|switch|p2a: Employment|Indeedee, M|33/100
|-fieldstart|move: Psychic Terrain|[from] ability: Psychic Surge|[of] p2a: Employment
|turn|20
|
|t:|1757838724
|move|p1a: Despair|Protect|p1a: Despair
|-singleturn|p1a: Despair|Protect
|move|p2a: Employment|Trick|p1a: Despair
|-activate|p1a: Despair|move: Protect
|
|-heal|p1a: Despair|36/100|[from] item: Leftovers
|upkeep
|turn|21
|
|t:|1757838735
|move|p2a: Employment|Trick|p1a: Despair
|-activate|p2a: Employment|move: Trick|[of] p1a: Despair
|-item|p1a: Despair|Choice Scarf|[from] move: Trick
|-item|p2a: Employment|Leftovers|[from] move: Trick
|move|p1a: Despair|Foul Play|p2a: Employment
|-supereffective|p2a: Employment
|-damage|p2a: Employment|0 fnt
|faint|p2a: Employment
|
|upkeep
|
|t:|1757838745
|switch|p2a: Spyware|Latias, F|100/100
|turn|22
|
|t:|1757838752
|-terastallize|p2a: Spyware|Fairy
|move|p2a: Spyware|Draining Kiss|p1a: Despair
|-supereffective|p1a: Despair
|-damage|p1a: Despair|15/100
|move|p1a: Despair|Foul Play|p2a: Spyware
|-resisted|p2a: Spyware
|-damage|p2a: Spyware|92/100
|
|-heal|p2a: Spyware|98/100|[from] item: Leftovers
|upkeep
|turn|23
|
|t:|1757838761
|move|p2a: Spyware|Draining Kiss|p1a: Despair
|-supereffective|p1a: Despair
|-damage|p1a: Despair|0 fnt
|-heal|p2a: Spyware|100/100|[from] drain|[of] p1a: Despair
|faint|p1a: Despair
|
|win|Pae Leo
|raw|Liuko's rating: 1144 &rarr; <strong>1120</strong><br />(-24 for losing)
|raw|Pae Leo's rating: 1161 &rarr; <strong>1185</strong><br />(+24 for winning)
|c|☆Pae Leo|ggs
