|j|☆PokemonBrik
|j|☆Ostenberg
|t:|1757827891
|gametype|singles
|player|p1|PokemonBrik|266|1091
|player|p2|Ostenberg|265|1125
|gen|9
|tier|[Gen 9] OU
|rated|
|rule|HP Percentage Mod: HP is shown in percentages
|rule|Endless Battle Clause: Forcing endless battles is banned
|rule|Species Clause: Limit one of each Pokémon
|rule|OHKO Clause: OHKO moves are banned
|rule|Evasion Items Clause: Evasion items are banned
|rule|Evasion Moves Clause: Evasion moves are banned
|rule|Evasion Abilities Clause: Evasion abilities are banned
|rule|Sleep Moves Clause: Sleep-inducing moves are banned
|clearpoke
|poke|p1|Regigigas|
|poke|p1|Salazzle, F|
|poke|p1|Garganacl, F|
|poke|p1|Kingambit, M|
|poke|p1|Ribombee, F|
|poke|p1|Bronzong|
|poke|p2|Serperior, F|
|poke|p2|Darkrai|
|poke|p2|Metagross|
|poke|p2|Gyarados, M|
|poke|p2|Blaziken, M|
|poke|p2|Scizor, F|
|teampreview
|
|t:|1757827920
|teamsize|p1|6
|teamsize|p2|6
|start
|switch|p1a: Garganacl|Garganacl, F|100/100
|switch|p2a: Blaziken|Blaziken, M|100/100
|turn|1
|
|t:|1757827932
|move|p2a: Blaziken|Swords Dance|p2a: Blaziken
|-boost|p2a: Blaziken|atk|2
|move|p1a: Garganacl|Iron Defense|p1a: Garganacl
|-boost|p1a: Garganacl|def|2
|
|-ability|p2a: Blaziken|Speed Boost|boost
|-boost|p2a: Blaziken|spe|1
|upkeep
|turn|2
|
|t:|1757827945
|move|p2a: Blaziken|Swords Dance|p2a: Blaziken
|-boost|p2a: Blaziken|atk|2
|move|p1a: Garganacl|Iron Defense|p1a: Garganacl
|-boost|p1a: Garganacl|def|2
|
|-ability|p2a: Blaziken|Speed Boost|boost
|-boost|p2a: Blaziken|spe|1
|upkeep
|turn|3
|
|t:|1757827956
|move|p2a: Blaziken|Close Combat|p1a: Garganacl
|-supereffective|p1a: Garganacl
|-damage|p1a: Garganacl|23/100
|-unboost|p2a: Blaziken|def|1
|-unboost|p2a: Blaziken|spd|1
|move|p1a: Garganacl|Iron Defense|p1a: Garganacl
|-boost|p1a: Garganacl|def|2
|
|-heal|p1a: Garganacl|29/100|[from] item: Leftovers
|-ability|p2a: Blaziken|Speed Boost|boost
|-boost|p2a: Blaziken|spe|1
|upkeep
|turn|4
|
|t:|1757827969
|-terastallize|p1a: Garganacl|Ghost
|move|p2a: Blaziken|Close Combat|p1a: Garganacl
|-immune|p1a: Garganacl
|move|p1a: Garganacl|Recover|p1a: Garganacl
|-heal|p1a: Garganacl|79/100
|
|-heal|p1a: Garganacl|85/100|[from] item: Leftovers
|-ability|p2a: Blaziken|Speed Boost|boost
|-boost|p2a: Blaziken|spe|1
|upkeep
|turn|5
|
|t:|1757827981
|move|p2a: Blaziken|Blaze Kick|p1a: Garganacl
|-crit|p1a: Garganacl
|-damage|p1a: Garganacl|0 fnt
|faint|p1a: Garganacl
|
|-ability|p2a: Blaziken|Speed Boost|boost
|-boost|p2a: Blaziken|spe|1
|upkeep
|
|t:|1757827994
|switch|p1a: Bronzong|Bronzong|100/100
|turn|6
|
|t:|1757828003
|move|p2a: Blaziken|Close Combat|p1a: Bronzong
|-damage|p1a: Bronzong|0 fnt
|-unboost|p2a: Blaziken|def|1
|-unboost|p2a: Blaziken|spd|1
|faint|p1a: Bronzong
|
|-ability|p2a: Blaziken|Speed Boost|boost
|-boost|p2a: Blaziken|spe|1
|upkeep
|
|t:|1757828016
|switch|p1a: Regigigas|Regigigas|100/100
|-start|p1a: Regigigas|ability: Slow Start
|turn|7
|
|t:|1757828022
|move|p2a: Blaziken|Close Combat|p1a: Regigigas
|-supereffective|p1a: Regigigas
|-damage|p1a: Regigigas|0 fnt
|-unboost|p2a: Blaziken|def|1
|-unboost|p2a: Blaziken|spd|1
|faint|p1a: Regigigas
|
|upkeep
|
|t:|1757828029
|switch|p1a: Kingambit|Kingambit, M|100/100
|-activate|p1a: Kingambit|ability: Supreme Overlord
|-start|p1a: Kingambit|fallen3|[silent]
|turn|8
|
|t:|1757828039
|move|p1a: Kingambit|Sucker Punch|p2a: Blaziken
|-resisted|p2a: Blaziken
|-damage|p2a: Blaziken|14/100
|move|p2a: Blaziken|Close Combat|p1a: Kingambit
|-supereffective|p1a: Kingambit
|-damage|p1a: Kingambit|0 fnt
|-unboost|p2a: Blaziken|def|1
|-unboost|p2a: Blaziken|spd|1
|faint|p1a: Kingambit
|-end|p1a: Kingambit|fallen3|[silent]
|
|upkeep
|
|t:|1757828052
|switch|p1a: Ribombee|Ribombee, F|100/100
|turn|9
|
|t:|1757828069
|move|p2a: Blaziken|Blaze Kick|p1a: Ribombee|[miss]
|-miss|p2a: Blaziken|p1a: Ribombee
|move|p1a: Ribombee|Draining Kiss|p2a: Blaziken
|-damage|p2a: Blaziken|0 fnt
|faint|p2a: Blaziken
|
|upkeep
|
|t:|1757828085
|switch|p2a: Scizor|Scizor, F|100/100
|turn|10
|
|t:|1757828093
|switch|p1a: Salazzle|Salazzle, F|100/100
|move|p2a: Scizor|Swords Dance|p2a: Scizor
|-boost|p2a: Scizor|atk|2
|
|upkeep
|turn|11
|
|t:|1757828107
|-terastallize|p2a: Scizor|Flying
|move|p1a: Salazzle|Flamethrower|p2a: Scizor
|-damage|p2a: Scizor|60/100
|move|p2a: Scizor|Dual Wingbeat|p1a: Salazzle|[miss]
|-miss|p2a: Scizor|p1a: Salazzle
|
|upkeep
|turn|12
|
|t:|1757828118
|move|p1a: Salazzle|Flamethrower|p2a: Scizor
|-damage|p2a: Scizor|17/100
|move|p2a: Scizor|Dual Wingbeat|p1a: Salazzle
|-damage|p1a: Salazzle|0 fnt
|faint|p1a: Salazzle
|-hitcount|p1: Salazzle|1
|
|upkeep
|
|t:|1757828127
|switch|p1a: Ribombee|Ribombee, F|100/100
|turn|13
|
|t:|1757828133
|move|p2a: Scizor|Bullet Punch|p1a: Ribombee
|-supereffective|p1a: Ribombee
|-damage|p1a: Ribombee|0 fnt
|faint|p1a: Ribombee
|
|win|Ostenberg
|raw|PokemonBrik's rating: 1091 &rarr; <strong>1070</strong><br />(-21 for losing)
|raw|Ostenberg's rating: 1125 &rarr; <strong>1148</strong><br />(+23 for winning)
|l|☆PokemonBrik
|player|p1|
|l|☆Ostenberg
|player|p2|
