|j|☆Its_didi_here
|j|☆SpectralStorm
|t:|1757870479
|gametype|singles
|player|p1|Its_didi_here|colress|1390
|player|p2|SpectralStorm|265|1368
|gen|9
|tier|[Gen 9] OU
|rated|
|rule|HP Percentage Mod: HP is shown in percentages
|rule|Endless Battle Clause: Forcing endless battles is banned
|rule|Species Clause: Limit one of each Pokémon
|rule|OHKO Clause: OHKO moves are banned
|rule|Evasion Items Clause: Evasion items are banned
|rule|Evasion Moves Clause: Evasion moves are banned
|rule|Evasion Abilities Clause: Evasion abilities are banned
|rule|Sleep Moves Clause: Sleep-inducing moves are banned
|clearpoke
|poke|p1|Clodsire, M|
|poke|p1|Garchomp, F|
|poke|p1|Scizor, M|
|poke|p1|Zoroark-Hisui, F|
|poke|p1|Iron Moth|
|poke|p1|Ditto|
|poke|p2|Bellibolt, M|
|poke|p2|Basculegion, M|
|poke|p2|Dragonite, F|
|poke|p2|Iron Treads|
|poke|p2|Barraskewda, M|
|poke|p2|Pelipper, M|
|teampreview
|inactive|Battle timer is ON: inactive players will automatically lose when time's up. (requested by Its_didi_here)
|
|t:|1757870510
|teamsize|p1|6
|teamsize|p2|6
|start
|switch|p1a: HeIsBlack|Clodsire, M|100/100
|switch|p2a: Pelipper|Pelipper, M|100/100
|-weather|RainDance|[from] ability: Drizzle|[of] p2a: Pelipper
|turn|1
|
|t:|1757870518
|move|p2a: Pelipper|Surf|p1a: HeIsBlack
|-immune|p1a: HeIsBlack|[from] ability: Water Absorb
|move|p1a: HeIsBlack|Stealth Rock|p2a: Pelipper
|-sidestart|p2: SpectralStorm|move: Stealth Rock
|
|-weather|RainDance|[upkeep]
|upkeep
|turn|2
|
|t:|1757870525
|move|p2a: Pelipper|U-turn|p1a: HeIsBlack
|-resisted|p1a: HeIsBlack
|-damage|p1a: HeIsBlack|96/100
|
|t:|1757870527
|switch|p2a: Iron Treads|Iron Treads|100/100|[from] U-turn
|-damage|p2a: Iron Treads|98/100|[from] Stealth Rock
|move|p1a: HeIsBlack|Toxic|p2a: Iron Treads
|-immune|p2a: Iron Treads
|
|-weather|RainDance|[upkeep]
|upkeep
|turn|3
|
|t:|1757870537
|switch|p1a: Van Dijk|Garchomp, F|100/100
|move|p2a: Iron Treads|Stealth Rock|p1a: Van Dijk
|-sidestart|p1: Its_didi_here|move: Stealth Rock
|
|-weather|RainDance|[upkeep]
|upkeep
|turn|4
|
|t:|1757870543
|move|p2a: Iron Treads|Earth Power|p1a: Van Dijk
|-crit|p1a: Van Dijk
|-damage|p1a: Van Dijk|61/100
|move|p1a: Van Dijk|Swords Dance|p1a: Van Dijk
|-boost|p1a: Van Dijk|atk|2
|
|-weather|RainDance|[upkeep]
|upkeep
|turn|5
|
|t:|1757870552
|move|p2a: Iron Treads|Rapid Spin|p1a: Van Dijk
|-crit|p1a: Van Dijk
|-damage|p1a: Van Dijk|50/100
|-boost|p2a: Iron Treads|spe|1
|-damage|p2a: Iron Treads|85/100|[from] ability: Rough Skin|[of] p1a: Van Dijk
|-sideend|p2: SpectralStorm|Stealth Rock|[from] move: Rapid Spin|[of] p2a: Iron Treads
|move|p1a: Van Dijk|Scale Shot|p2a: Iron Treads|[miss]
|-miss|p1a: Van Dijk|p2a: Iron Treads
|
|-weather|RainDance|[upkeep]
|upkeep
|turn|6
|inactive|SpectralStorm has 120 seconds left.
|inactive|SpectralStorm has 90 seconds left.
|
|t:|1757870634
|-end|p2a: Iron Treads|Quark Drive|[silent]
|switch|p2a: Dragonite|Dragonite, F|100/100
|move|p1a: Van Dijk|Earthquake|p2a: Dragonite
|-immune|p2a: Dragonite
|
|-weather|RainDance|[upkeep]
|upkeep
|turn|7
|
|t:|1757870642
|move|p1a: Van Dijk|Scale Shot|p2a: Dragonite|[miss]
|-miss|p1a: Van Dijk|p2a: Dragonite
|move|p2a: Dragonite|Draco Meteor|p1a: Van Dijk
|-supereffective|p1a: Van Dijk
|-damage|p1a: Van Dijk|0 fnt
|-unboost|p2a: Dragonite|spa|2
|faint|p1a: Van Dijk
|-enditem|p2a: Dragonite|Eject Pack
|
|t:|1757870653
|switch|p2a: Iron Treads|Iron Treads|85/100
|
|-weather|RainDance|[upkeep]
|upkeep
|c|☆Its_didi_here|10% chance of missing
|c|☆Its_didi_here|i missed twice
|
|t:|1757870667
|switch|p1a: FirePlug|Iron Moth|100/100
|turn|8
|
|t:|1757870677
|move|p1a: FirePlug|Substitute|p1a: FirePlug
|-start|p1a: FirePlug|Substitute
|-damage|p1a: FirePlug|76/100
|move|p2a: Iron Treads|Earth Power|p1a: FirePlug
|-supereffective|p1a: FirePlug
|-end|p1a: FirePlug|Substitute
|
|-weather|none
|upkeep
|turn|9
|
|t:|1757870685
|-end|p2a: Iron Treads|Quark Drive|[silent]
|switch|p2a: Pelipper|Pelipper, M|100/100
|-weather|RainDance|[from] ability: Drizzle|[of] p2a: Pelipper
|move|p1a: FirePlug|Fiery Dance|p2a: Pelipper
|-resisted|p2a: Pelipper
|-damage|p2a: Pelipper|85/100
|
|-weather|RainDance|[upkeep]
|upkeep
|turn|10
|
|t:|1757870694
|-end|p1a: FirePlug|Quark Drive|[silent]
|switch|p1a: HeIsBlack|Clodsire, M|96/100
|move|p2a: Pelipper|U-turn|p1a: HeIsBlack
|-resisted|p1a: HeIsBlack
|-damage|p1a: HeIsBlack|91/100
|
|t:|1757870700
|switch|p2a: Iron Treads|Iron Treads|85/100|[from] U-turn
|
|-weather|RainDance|[upkeep]
|upkeep
|turn|11
|
|t:|1757870706
|move|p2a: Iron Treads|Earth Power|p1a: HeIsBlack
|-supereffective|p1a: HeIsBlack
|-damage|p1a: HeIsBlack|61/100
|move|p1a: HeIsBlack|Earthquake|p2a: Iron Treads
|-supereffective|p2a: Iron Treads
|-damage|p2a: Iron Treads|43/100
|-enditem|p2a: Iron Treads|Eject Button
|
|t:|1757870714
|-end|p2a: Iron Treads|Quark Drive|[silent]
|switch|p2a: Basculegion|Basculegion, M|100/100
|
|-weather|RainDance|[upkeep]
|upkeep
|turn|12
|
|t:|1757870719
|move|p2a: Basculegion|Psychic Fangs|p1a: HeIsBlack
|-supereffective|p1a: HeIsBlack
|-damage|p1a: HeIsBlack|0 fnt
|faint|p1a: HeIsBlack
|
|-weather|RainDance|[upkeep]
|upkeep
|
|t:|1757870732
|switch|p1a: Malabar|Ditto, shiny|100/100
|-damage|p1a: Malabar|88/100|[from] Stealth Rock
|-transform|p1a: Malabar|p2a: Basculegion|[from] ability: Imposter
|turn|13
|
|t:|1757870743
|switch|p2a: Iron Treads|Iron Treads|43/100
|move|p1a: Malabar|Flip Turn|p2a: Iron Treads
|-supereffective|p2a: Iron Treads
|-damage|p2a: Iron Treads|0 fnt
|faint|p2a: Iron Treads
|-end|p2a: Iron Treads|Quark Drive|[silent]
|
|t:|1757870751
|switch|p1a: Star-Scizor|Scizor, M|100/100|[from] Flip Turn
|-damage|p1a: Star-Scizor|88/100|[from] Stealth Rock
|
|-weather|RainDance|[upkeep]
|upkeep
|
|t:|1757870753
|switch|p2a: Bellibolt|Bellibolt, M|100/100
|turn|14
|
|t:|1757870762
|move|p1a: Star-Scizor|Bitter Malice|p2a: Bellibolt
|-damage|p2a: Bellibolt|64/100
|-unboost|p2a: Bellibolt|atk|1
|-start|p2a: Bellibolt|Charge|Bitter Malice|[from] ability: Electromorphosis
|move|p2a: Bellibolt|Thunder|p1a: Star-Scizor
|-damage|p1a: Star-Scizor|0 fnt
|replace|p1a: Pranked|Zoroark-Hisui, F, shiny
|-end|p1a: Pranked|Illusion
|faint|p1a: Pranked
|-end|p2a: Bellibolt|Charge|[silent]
|
|-weather|RainDance|[upkeep]
|upkeep
|
|t:|1757870785
|switch|p1a: Star-Scizor|Scizor, M|100/100
|-damage|p1a: Star-Scizor|88/100|[from] Stealth Rock
|turn|15
|
|t:|1757870790
|move|p1a: Star-Scizor|Knock Off|p2a: Bellibolt
|-damage|p2a: Bellibolt|15/100
|-start|p2a: Bellibolt|Charge|Knock Off|[from] ability: Electromorphosis
|-enditem|p2a: Bellibolt|Assault Vest|[from] move: Knock Off|[of] p1a: Star-Scizor
|move|p2a: Bellibolt|Thunder|p1a: Star-Scizor
|-damage|p1a: Star-Scizor|0 fnt
|faint|p1a: Star-Scizor
|-end|p2a: Bellibolt|Charge|[silent]
|
|-weather|RainDance|[upkeep]
|upkeep
|
|t:|1757870801
|switch|p1a: FirePlug|Iron Moth|76/100
|turn|16
|
|t:|1757870807
|move|p1a: FirePlug|Sludge Wave|p2a: Bellibolt
|-damage|p2a: Bellibolt|0 fnt
|faint|p2a: Bellibolt
|
|-weather|none
|upkeep
|
|t:|1757870811
|switch|p2a: Barraskewda|Barraskewda, M|100/100
|turn|17
|
|t:|1757870819
|-terastallize|p1a: FirePlug|Fairy
|move|p2a: Barraskewda|Flip Turn|p1a: FirePlug
|-damage|p1a: FirePlug|0 fnt
|faint|p1a: FirePlug
|-end|p1a: FirePlug|Quark Drive|[silent]
|
|t:|1757870824
|switch|p2a: Dragonite|Dragonite, F|100/100|[from] Flip Turn
|
|upkeep
|
|t:|1757870828
|switch|p1a: Malabar|Ditto, shiny|88/100
|-damage|p1a: Malabar|76/100|[from] Stealth Rock
|-transform|p1a: Malabar|p2a: Dragonite|[from] ability: Imposter
|turn|18
|
|t:|1757870835
|move|p1a: Malabar|Draco Meteor|p2a: Dragonite
|-supereffective|p2a: Dragonite
|-damage|p2a: Dragonite|22/100
|-unboost|p1a: Malabar|spa|2
|move|p2a: Dragonite|Draco Meteor|p1a: Malabar
|-supereffective|p1a: Malabar
|-damage|p1a: Malabar|0 fnt
|-unboost|p2a: Dragonite|spa|2
|faint|p1a: Malabar
|
|win|SpectralStorm
|raw|Its_didi_here's rating: 1390 &rarr; <strong>1369</strong><br />(-21 for losing)
|raw|SpectralStorm's rating: 1368 &rarr; <strong>1389</strong><br />(+21 for winning)
|l|☆Its_didi_here
|player|p1|
|l|☆SpectralStorm
|player|p2|
