|j|☆LordXenIII
|j|☆quixic4
|t:|1757955250
|gametype|singles
|player|p1|LordXenIII|265|1172
|player|p2|quixic4|ingo|1127
|gen|9
|tier|[Gen 9] OU
|rated|
|rule|HP Percentage Mod: HP is shown in percentages
|rule|Endless Battle Clause: Forcing endless battles is banned
|rule|Species Clause: Limit one of each Pokémon
|rule|OHKO Clause: OHKO moves are banned
|rule|Evasion Items Clause: Evasion items are banned
|rule|Evasion Moves Clause: Evasion moves are banned
|rule|Evasion Abilities Clause: Evasion abilities are banned
|rule|Sleep Moves Clause: Sleep-inducing moves are banned
|clearpoke
|poke|p1|Great Tusk|
|poke|p1|Heatran, M|
|poke|p1|Weavile, M|
|poke|p1|Primarina, M|
|poke|p1|Ogerpon, F|
|poke|p1|Pecharunt|
|poke|p2|Polteageist|
|poke|p2|Sinistcha|
|poke|p2|Appletun, F|
|poke|p2|Cloyster, M|
|poke|p2|Sceptile, F|
|poke|p2|Hydrapple, M|
|teampreview
|
|t:|1757955351
|teamsize|p1|6
|teamsize|p2|6
|start
|switch|p1a: Chaos|Heatran, M, shiny|100/100
|switch|p2a: Cloyster|Cloyster, M|100/100
|-item|p1a: Chaos|Air Balloon
|turn|1
|
|t:|1757955364
|move|p1a: Chaos|Taunt|p2a: Cloyster
|-start|p2a: Cloyster|move: Taunt
|cant|p2a: Cloyster|move: Taunt|Shell Smash
|
|upkeep
|turn|2
|
|t:|1757955370
|switch|p1a: Celestine|Primarina, M, shiny|100/100
|move|p2a: Cloyster|Icicle Spear|p1a: Celestine
|-resisted|p1a: Celestine
|-damage|p1a: Celestine|93/100
|-resisted|p1a: Celestine
|-damage|p1a: Celestine|86/100
|-resisted|p1a: Celestine
|-damage|p1a: Celestine|78/100
|-resisted|p1a: Celestine
|-damage|p1a: Celestine|72/100
|-resisted|p1a: Celestine
|-damage|p1a: Celestine|64/100
|-hitcount|p1a: Celestine|5
|
|upkeep
|turn|3
|
|t:|1757955382
|move|p2a: Cloyster|Rock Blast|p1a: Celestine
|-damage|p1a: Celestine|55/100
|-damage|p1a: Celestine|45/100
|-damage|p1a: Celestine|35/100
|-damage|p1a: Celestine|26/100
|-damage|p1a: Celestine|16/100
|-hitcount|p1a: Celestine|5
|move|p1a: Celestine|Whirlpool|p2a: Cloyster
|-resisted|p2a: Cloyster
|-damage|p2a: Cloyster|76/100
|-activate|p2a: Cloyster|move: Whirlpool|[of] p1a: Celestine
|
|-damage|p2a: Cloyster|63/100|[from] move: Whirlpool|[partiallytrapped]
|-end|p2a: Cloyster|move: Taunt
|upkeep
|turn|4
|
|t:|1757955398
|move|p2a: Cloyster|Shell Smash|p2a: Cloyster
|-unboost|p2a: Cloyster|def|1
|-unboost|p2a: Cloyster|spd|1
|-boost|p2a: Cloyster|atk|2
|-boost|p2a: Cloyster|spa|2
|-boost|p2a: Cloyster|spe|2
|move|p1a: Celestine|Moonblast|p2a: Cloyster
|-damage|p2a: Cloyster|0 fnt
|faint|p2a: Cloyster
|
|upkeep
|
|t:|1757955408
|switch|p2a: Sceptile|Sceptile, F|100/100
|turn|5
|
|t:|1757955437
|move|p2a: Sceptile|Solar Blade||[still]
|-prepare|p2a: Sceptile|Solar Blade
|-enditem|p2a: Sceptile|Power Herb
|-anim|p2a: Sceptile|Solar Blade|p1a: Celestine
|-supereffective|p1a: Celestine
|-damage|p1a: Celestine|0 fnt
|faint|p1a: Celestine
|
|upkeep
|
|t:|1757955444
|switch|p1a: Overseer|Pecharunt|100/100
|turn|6
|
|t:|1757955450
|move|p1a: Overseer|Malignant Chain|p2a: Sceptile
|-supereffective|p2a: Sceptile
|-damage|p2a: Sceptile|15/100
|-status|p2a: Sceptile|tox
|-start|p2a: Sceptile|confusion|[from] ability: Poison Puppeteer|[of] p1a: Overseer
|-activate|p2a: Sceptile|confusion
|move|p2a: Sceptile|Dragon Tail|p1a: Overseer
|-damage|p1a: Overseer|93/100
|-damage|p2a: Sceptile|0 fnt|[from] item: Rocky Helmet|[of] p1a: Overseer
|faint|p2a: Sceptile
|drag|p1a: Chaos|Heatran, M, shiny|100/100
|-item|p1a: Chaos|Air Balloon
|
|upkeep
|
|t:|1757955465
|switch|p2a: Hydrapple|Hydrapple, M|100/100
|turn|7
|-message|quixic4 forfeited.
|
|win|LordXenIII
|raw|LordXenIII's rating: 1172 &rarr; <strong>1194</strong><br />(+22 for winning)
|raw|quixic4's rating: 1127 &rarr; <strong>1105</strong><br />(-22 for losing)
|l|☆quixic4
|player|p2|
