|j|☆turtokghoul0709
|j|☆emorawr79
|t:|1757826607
|gametype|singles
|player|p1|turtokghoul0709|clair|1433
|player|p2|emorawr79|101|1488
|gen|9
|tier|[Gen 9] OU
|rated|
|rule|HP Percentage Mod: HP is shown in percentages
|rule|Endless Battle Clause: Forcing endless battles is banned
|rule|Species Clause: Limit one of each Pokémon
|rule|OHKO Clause: OHKO moves are banned
|rule|Evasion Items Clause: Evasion items are banned
|rule|Evasion Moves Clause: Evasion moves are banned
|rule|Evasion Abilities Clause: Evasion abilities are banned
|rule|Sleep Moves Clause: Sleep-inducing moves are banned
|clearpoke
|poke|p1|Ting-Lu|
|poke|p1|Darkrai|
|poke|p1|Corviknight, M|
|poke|p1|Fezandipiti, M|
|poke|p1|Pecharunt|
|poke|p1|Latios, M|
|poke|p2|Serperior, F|
|poke|p2|Gliscor, F|
|poke|p2|Garganacl, M|
|poke|p2|Iron Crown|
|poke|p2|Iron Boulder|
|poke|p2|Kingambit, M|
|teampreview
|inactive|Battle timer is ON: inactive players will automatically lose when time's up. (requested by emorawr79)
|
|t:|1757826645
|teamsize|p1|6
|teamsize|p2|6
|start
|switch|p1a: Yami|Corviknight, M, shiny|100/100
|switch|p2a: Serperior|Serperior, F|100/100
|-ability|p1a: Yami|Pressure
|turn|1
|
|t:|1757826659
|move|p2a: Serperior|Glare|p1a: Yami
|-status|p1a: Yami|par
|move|p1a: Yami|U-turn|p2a: Serperior
|-supereffective|p2a: Serperior
|-damage|p2a: Serperior|67/100
|
|t:|1757826670
|switch|p1a: Cosmic Owl|Fezandipiti, M|100/100|[from] U-turn
|
|-heal|p2a: Serperior|73/100|[from] item: Leftovers
|upkeep
|turn|2
|
|t:|1757826678
|switch|p1a: Avalon|Latios, M, shiny|100/100
|move|p2a: Serperior|Glare|p1a: Avalon
|-status|p1a: Avalon|par
|
|-heal|p2a: Serperior|79/100|[from] item: Leftovers
|upkeep
|turn|3
|
|t:|1757826684
|move|p2a: Serperior|Substitute|p2a: Serperior
|-start|p2a: Serperior|Substitute
|-damage|p2a: Serperior|54/100
|move|p1a: Avalon|Dragon Pulse|p2a: Serperior
|-end|p2a: Serperior|Substitute
|
|-heal|p2a: Serperior|60/100|[from] item: Leftovers
|upkeep
|turn|4
|
|t:|1757826688
|switch|p1a: Yami|Corviknight, M, shiny|100/100 par
|-ability|p1a: Yami|Pressure
|move|p2a: Serperior|Substitute|p2a: Serperior
|-start|p2a: Serperior|Substitute
|-damage|p2a: Serperior|35/100
|
|-heal|p2a: Serperior|42/100|[from] item: Leftovers
|upkeep
|turn|5
|
|t:|1757826690
|move|p2a: Serperior|Leech Seed|p1a: Yami
|-start|p1a: Yami|move: Leech Seed
|cant|p1a: Yami|par
|
|-heal|p2a: Serperior|48/100|[from] item: Leftovers
|-damage|p1a: Yami|88/100 par|[from] Leech Seed|[of] p2a: Serperior
|-heal|p2a: Serperior|64/100|[silent]
|upkeep
|turn|6
|
|t:|1757826693
|move|p2a: Serperior|Leaf Storm|p1a: Yami|[miss]
|-miss|p2a: Serperior|p1a: Yami
|move|p1a: Yami|U-turn|p2a: Serperior
|-supereffective|p2a: Serperior
|-end|p2a: Serperior|Substitute
|
|t:|1757826701
|switch|p1a: Yagami|Darkrai, shiny|100/100|[from] U-turn
|
|-heal|p2a: Serperior|70/100|[from] item: Leftovers
|upkeep
|turn|7
|
|t:|1757826708
|switch|p2a: Kingambit|Kingambit, M|100/100
|-terastallize|p1a: Yagami|Poison
|move|p1a: Yagami|Sludge Bomb|p2a: Kingambit
|-immune|p2a: Kingambit
|
|upkeep
|turn|8
|
|t:|1757826717
|move|p1a: Yagami|Knock Off|p2a: Kingambit
|-resisted|p2a: Kingambit
|-crit|p2a: Kingambit
|-damage|p2a: Kingambit|83/100
|-enditem|p2a: Kingambit|Life Orb|[from] move: Knock Off|[of] p1a: Yagami
|move|p2a: Kingambit|Kowtow Cleave|p1a: Yagami
|-damage|p1a: Yagami|39/100
|
|upkeep
|turn|9
|
|t:|1757826725
|switch|p1a: Goliath|Ting-Lu|100/100
|-ability|p1a: Goliath|Vessel of Ruin
|move|p2a: Kingambit|Kowtow Cleave|p1a: Goliath
|-resisted|p1a: Goliath
|-damage|p1a: Goliath|87/100
|
|-heal|p1a: Goliath|93/100|[from] item: Leftovers
|upkeep
|turn|10
|
|t:|1757826729
|-end|p2a: Kingambit|fallenundefined|[silent]
|switch|p2a: Serperior|Serperior, F|70/100
|move|p1a: Goliath|Stealth Rock|p2a: Serperior
|-sidestart|p2: emorawr79|move: Stealth Rock
|
|-heal|p2a: Serperior|76/100|[from] item: Leftovers
|-heal|p1a: Goliath|99/100|[from] item: Leftovers
|upkeep
|turn|11
|
|t:|1757826734
|switch|p1a: Cosmic Owl|Fezandipiti, M|100/100
|move|p2a: Serperior|Leaf Storm|p1a: Cosmic Owl
|-resisted|p1a: Cosmic Owl
|-damage|p1a: Cosmic Owl|88/100
|-boost|p2a: Serperior|spa|2
|
|-heal|p2a: Serperior|82/100|[from] item: Leftovers
|upkeep
|turn|12
|
|t:|1757826738
|move|p2a: Serperior|Glare|p1a: Cosmic Owl
|-status|p1a: Cosmic Owl|par
|cant|p1a: Cosmic Owl|par
|
|-heal|p2a: Serperior|88/100|[from] item: Leftovers
|upkeep
|turn|13
|
|t:|1757826742
|move|p2a: Serperior|Substitute|p2a: Serperior
|-start|p2a: Serperior|Substitute
|-damage|p2a: Serperior|63/100
|move|p1a: Cosmic Owl|Moonblast|p2a: Serperior
|-end|p2a: Serperior|Substitute
|
|-heal|p2a: Serperior|69/100|[from] item: Leftovers
|upkeep
|turn|14
|
|t:|1757826745
|move|p2a: Serperior|Substitute|p2a: Serperior
|-start|p2a: Serperior|Substitute
|-damage|p2a: Serperior|44/100
|move|p1a: Cosmic Owl|Calm Mind|p1a: Cosmic Owl
|-boost|p1a: Cosmic Owl|spa|1
|-boost|p1a: Cosmic Owl|spd|1
|
|-heal|p2a: Serperior|50/100|[from] item: Leftovers
|upkeep
|turn|15
|
|t:|1757826747
|move|p2a: Serperior|Leech Seed|p1a: Cosmic Owl
|-start|p1a: Cosmic Owl|move: Leech Seed
|move|p1a: Cosmic Owl|Moonblast|p2a: Serperior
|-end|p2a: Serperior|Substitute
|
|-heal|p2a: Serperior|57/100|[from] item: Leftovers
|-damage|p1a: Cosmic Owl|75/100 par|[from] Leech Seed|[of] p2a: Serperior
|-heal|p2a: Serperior|73/100|[silent]
|upkeep
|turn|16
|
|t:|1757826751
|move|p2a: Serperior|Substitute|p2a: Serperior
|-start|p2a: Serperior|Substitute
|-damage|p2a: Serperior|48/100
|cant|p1a: Cosmic Owl|par
|
|-heal|p2a: Serperior|54/100|[from] item: Leftovers
|-damage|p1a: Cosmic Owl|63/100 par|[from] Leech Seed|[of] p2a: Serperior
|-heal|p2a: Serperior|70/100|[silent]
|upkeep
|turn|17
|
|t:|1757826753
|move|p2a: Serperior|Leaf Storm|p1a: Cosmic Owl|[miss]
|-miss|p2a: Serperior|p1a: Cosmic Owl
|move|p1a: Cosmic Owl|Roost|p1a: Cosmic Owl
|-heal|p1a: Cosmic Owl|100/100 par
|-singleturn|p1a: Cosmic Owl|move: Roost
|
|-heal|p2a: Serperior|76/100|[from] item: Leftovers
|-damage|p1a: Cosmic Owl|88/100 par|[from] Leech Seed|[of] p2a: Serperior
|-heal|p2a: Serperior|92/100|[silent]
|upkeep
|turn|18
|
|t:|1757826756
|move|p2a: Serperior|Leaf Storm|p1a: Cosmic Owl|[miss]
|-miss|p2a: Serperior|p1a: Cosmic Owl
|move|p1a: Cosmic Owl|Sludge Bomb|p2a: Serperior
|-supereffective|p2a: Serperior
|-end|p2a: Serperior|Substitute
|
|-heal|p2a: Serperior|98/100|[from] item: Leftovers
|-damage|p1a: Cosmic Owl|76/100 par|[from] Leech Seed|[of] p2a: Serperior
|-heal|p2a: Serperior|100/100|[silent]
|upkeep
|turn|19
|
|t:|1757826759
|switch|p1a: Yami|Corviknight, M, shiny|88/100 par
|-ability|p1a: Yami|Pressure
|move|p2a: Serperior|Substitute|p2a: Serperior
|-start|p2a: Serperior|Substitute
|-damage|p2a: Serperior|75/100
|
|-heal|p2a: Serperior|82/100|[from] item: Leftovers
|upkeep
|turn|20
|
|t:|1757826762
|move|p2a: Serperior|Leaf Storm|p1a: Yami
|-resisted|p1a: Yami
|-damage|p1a: Yami|65/100 par
|-boost|p2a: Serperior|spa|2
|move|p1a: Yami|U-turn|p2a: Serperior
|-supereffective|p2a: Serperior
|-end|p2a: Serperior|Substitute
|
|t:|1757826765
|switch|p1a: Yagami|Darkrai, shiny, tera:Poison|39/100|[from] U-turn
|
|-heal|p2a: Serperior|88/100|[from] item: Leftovers
|upkeep
|turn|21
|
|t:|1757826770
|switch|p2a: Kingambit|Kingambit, M|83/100
|-damage|p2a: Kingambit|77/100|[from] Stealth Rock
|move|p1a: Yagami|Ice Beam|p2a: Kingambit
|-resisted|p2a: Kingambit
|-damage|p2a: Kingambit|60/100
|
|upkeep
|turn|22
|
|t:|1757826774
|switch|p1a: Goliath|Ting-Lu|99/100
|-ability|p1a: Goliath|Vessel of Ruin
|-end|p2a: Kingambit|fallenundefined|[silent]
|switch|p2a: Serperior|Serperior, F|88/100
|-damage|p2a: Serperior|75/100|[from] Stealth Rock
|
|-heal|p2a: Serperior|82/100|[from] item: Leftovers
|-heal|p1a: Goliath|100/100|[from] item: Leftovers
|upkeep
|turn|23
|
|t:|1757826781
|move|p2a: Serperior|Glare|p1a: Goliath
|-status|p1a: Goliath|par
|cant|p1a: Goliath|par
|
|-heal|p2a: Serperior|88/100|[from] item: Leftovers
|upkeep
|turn|24
|
|t:|1757826784
|switch|p1a: Yami|Corviknight, M, shiny|65/100 par
|-ability|p1a: Yami|Pressure
|move|p2a: Serperior|Leaf Storm|p1a: Yami
|-resisted|p1a: Yami
|-damage|p1a: Yami|54/100 par
|-boost|p2a: Serperior|spa|2
|
|-heal|p2a: Serperior|94/100|[from] item: Leftovers
|upkeep
|turn|25
|
|t:|1757826786
|move|p2a: Serperior|Substitute|p2a: Serperior
|-start|p2a: Serperior|Substitute
|-damage|p2a: Serperior|69/100
|move|p1a: Yami|U-turn|p2a: Serperior
|-supereffective|p2a: Serperior
|-crit|p2a: Serperior
|-end|p2a: Serperior|Substitute
|
|t:|1757826788
|switch|p1a: Yagami|Darkrai, shiny, tera:Poison|39/100|[from] U-turn
|
|-heal|p2a: Serperior|75/100|[from] item: Leftovers
|upkeep
|turn|26
|
|t:|1757826792
|move|p1a: Yagami|Ice Beam|p2a: Serperior
|-supereffective|p2a: Serperior
|-damage|p2a: Serperior|0 fnt
|faint|p2a: Serperior
|
|upkeep
|
|t:|1757826795
|switch|p2a: Iron Boulder|Iron Boulder|100/100
|-damage|p2a: Iron Boulder|88/100|[from] Stealth Rock
|-enditem|p2a: Iron Boulder|Booster Energy
|-activate|p2a: Iron Boulder|ability: Quark Drive|[fromitem]
|-start|p2a: Iron Boulder|quarkdrivespe
|turn|27
|
|t:|1757826799
|switch|p1a: Overseer|Pecharunt|100/100
|move|p2a: Iron Boulder|Psycho Cut|p1a: Overseer
|-supereffective|p1a: Overseer
|-crit|p1a: Overseer
|-damage|p1a: Overseer|52/100
|
|upkeep
|turn|28
|
|t:|1757826803
|move|p2a: Iron Boulder|Psycho Cut|p1a: Overseer
|-supereffective|p1a: Overseer
|-crit|p1a: Overseer
|-damage|p1a: Overseer|1/100
|move|p1a: Overseer|Foul Play|p2a: Iron Boulder
|-supereffective|p2a: Iron Boulder
|-damage|p2a: Iron Boulder|5/100
|
|upkeep
|turn|29
|
|t:|1757826810
|switch|p1a: Yami|Corviknight, M, shiny|54/100 par
|-ability|p1a: Yami|Pressure
|move|p2a: Iron Boulder|Psycho Cut|p1a: Yami
|-resisted|p1a: Yami
|-damage|p1a: Yami|43/100 par
|
|upkeep
|turn|30
|
|t:|1757826813
|move|p2a: Iron Boulder|Mighty Cleave|p1a: Yami
|-damage|p1a: Yami|10/100 par
|-damage|p2a: Iron Boulder|0 fnt|[from] item: Rocky Helmet|[of] p1a: Yami
|faint|p2a: Iron Boulder
|-end|p2a: Iron Boulder|Quark Drive|[silent]
|cant|p1a: Yami|par
|
|upkeep
|
|t:|1757826817
|switch|p2a: Iron Crown|Iron Crown|100/100
|-damage|p2a: Iron Crown|94/100|[from] Stealth Rock
|turn|31
|
|t:|1757826823
|move|p2a: Iron Crown|Agility|p2a: Iron Crown
|-boost|p2a: Iron Crown|spe|2
|cant|p1a: Yami|par
|
|upkeep
|turn|32
|
|t:|1757826827
|move|p2a: Iron Crown|Calm Mind|p2a: Iron Crown
|-boost|p2a: Iron Crown|spa|1
|-boost|p2a: Iron Crown|spd|1
|move|p1a: Yami|U-turn|p2a: Iron Crown
|-damage|p2a: Iron Crown|81/100
|
|t:|1757826834
|switch|p1a: Goliath|Ting-Lu|100/100 par|[from] U-turn
|-ability|p1a: Goliath|Vessel of Ruin
|
|upkeep
|turn|33
|
|t:|1757826837
|move|p2a: Iron Crown|Tachyon Cutter|p1a: Goliath
|-damage|p1a: Goliath|85/100 par
|-damage|p1a: Goliath|68/100 par
|-hitcount|p1a: Goliath|2
|move|p1a: Goliath|Earthquake|p2a: Iron Crown
|-supereffective|p2a: Iron Crown
|-damage|p2a: Iron Crown|12/100
|-enditem|p2a: Iron Crown|Weakness Policy
|-boost|p2a: Iron Crown|atk|2|[from] item: Weakness Policy
|-boost|p2a: Iron Crown|spa|2|[from] item: Weakness Policy
|
|-heal|p1a: Goliath|74/100 par|[from] item: Leftovers
|upkeep
|turn|34
|
|t:|1757826840
|move|p2a: Iron Crown|Tachyon Cutter|p1a: Goliath
|-damage|p1a: Goliath|47/100 par
|-damage|p1a: Goliath|20/100 par
|-hitcount|p1a: Goliath|2
|move|p1a: Goliath|Earthquake|p2a: Iron Crown
|-supereffective|p2a: Iron Crown
|-damage|p2a: Iron Crown|0 fnt
|faint|p2a: Iron Crown
|-end|p2a: Iron Crown|Quark Drive|[silent]
|
|-heal|p1a: Goliath|26/100 par|[from] item: Leftovers
|upkeep
|
|t:|1757826845
|switch|p2a: Garganacl|Garganacl, M|100/100
|-damage|p2a: Garganacl|88/100|[from] Stealth Rock
|turn|35
|
|t:|1757826849
|switch|p1a: Avalon|Latios, M, shiny|100/100 par
|move|p2a: Garganacl|Body Press|p1a: Avalon
|-resisted|p1a: Avalon
|-damage|p1a: Avalon|80/100 par
|
|-heal|p2a: Garganacl|94/100|[from] item: Leftovers
|upkeep
|turn|36
|
|t:|1757826853
|move|p1a: Avalon|Psychic Noise|p2a: Garganacl
|-damage|p2a: Garganacl|63/100
|-start|p2a: Garganacl|move: Heal Block
|move|p2a: Garganacl|Salt Cure|p1a: Avalon
|-damage|p1a: Avalon|60/100 par
|
|upkeep
|turn|37
|
|t:|1757826857
|switch|p2a: Kingambit|Kingambit, M|60/100
|-damage|p2a: Kingambit|54/100|[from] Stealth Rock
|-activate|p2a: Kingambit|ability: Supreme Overlord
|-start|p2a: Kingambit|fallen3|[silent]
|move|p1a: Avalon|Recover|p1a: Avalon
|-heal|p1a: Avalon|100/100 par
|
|upkeep
|turn|38
|
|t:|1757826861
|switch|p1a: Yami|Corviknight, M, shiny|10/100 par
|-ability|p1a: Yami|Pressure
|move|p2a: Kingambit|Kowtow Cleave|p1a: Yami
|-damage|p1a: Yami|0 fnt
|-damage|p2a: Kingambit|38/100|[from] item: Rocky Helmet|[of] p1a: Yami
|faint|p1a: Yami
|
|upkeep
|
|t:|1757826863
|switch|p1a: Cosmic Owl|Fezandipiti, M|76/100 par
|turn|39
|
|t:|1757826870
|move|p2a: Kingambit|Sucker Punch|p1a: Cosmic Owl
|-resisted|p1a: Cosmic Owl
|-damage|p1a: Cosmic Owl|50/100 par
|move|p1a: Cosmic Owl|Moonblast|p2a: Kingambit
|-damage|p2a: Kingambit|15/100
|
|upkeep
|turn|40
|
|t:|1757826872
|move|p2a: Kingambit|Iron Head|p1a: Cosmic Owl
|-supereffective|p1a: Cosmic Owl
|-damage|p1a: Cosmic Owl|0 fnt
|faint|p1a: Cosmic Owl
|
|upkeep
|
|t:|1757826877
|switch|p1a: Yagami|Darkrai, shiny, tera:Poison|39/100
|turn|41
|
|t:|1757826880
|move|p2a: Kingambit|Sucker Punch|p1a: Yagami
|-damage|p1a: Yagami|0 fnt
|faint|p1a: Yagami
|
|upkeep
|-message|turtokghoul0709 forfeited.
|
|win|emorawr79
|raw|turtokghoul0709's rating: 1433 &rarr; <strong>1416</strong><br />(-17 for losing)
|raw|emorawr79's rating: 1488 &rarr; <strong>1505</strong><br />(+17 for winning)
|l|☆turtokghoul0709
|player|p1|
|l|☆emorawr79
|player|p2|
