|j|☆MehNameIs_pee
|j|☆KingKaido107
|t:|1757899822
|gametype|singles
|player|p1|MehNameIs_pee|miku-flying|1726
|player|p2|KingKaido107|dragontamer-gen6|1725
|gen|9
|tier|[Gen 9] OU
|rated|
|rule|HP Percentage Mod: HP is shown in percentages
|rule|Endless Battle Clause: Forcing endless battles is banned
|rule|Species Clause: Limit one of each Pokémon
|rule|OHKO Clause: OHKO moves are banned
|rule|Evasion Items Clause: Evasion items are banned
|rule|Evasion Moves Clause: Evasion moves are banned
|rule|Evasion Abilities Clause: Evasion abilities are banned
|rule|Sleep Moves Clause: Sleep-inducing moves are banned
|clearpoke
|poke|p1|Kyurem|
|poke|p1|Landorus-Therian, M|
|poke|p1|Kingambit, F|
|poke|p1|Zamazenta-*|
|poke|p1|Great Tusk|
|poke|p1|Zapdos|
|poke|p2|Slowking-Galar, F|
|poke|p2|Kyurem|
|poke|p2|Cinderace, F|
|poke|p2|Tornadus-Therian, M|
|poke|p2|Hydrapple, M|
|poke|p2|Kingambit, F|
|teampreview
|inactive|Battle timer is ON: inactive players will automatically lose when time's up. (requested by KingKaido107)
|j| Large_Rodent
|
|t:|1757899838
|teamsize|p1|6
|teamsize|p2|6
|start
|switch|p1a: What is Wrong|Zapdos|100/100
|switch|p2a: Depressed Drunk|Slowking-Galar, F|100/100
|turn|1
|j| Jey2
|inactive|KingKaido107 has 120 seconds left.
|inactive|MehNameIs_pee has 120 seconds left.
|inactive|KingKaido107 has 90 seconds left.
|inactive|KingKaido107 has 60 seconds left.
|
|t:|1757899948
|move|p1a: What is Wrong|Hurricane|p2a: Depressed Drunk
|-damage|p2a: Depressed Drunk|55/100
|-start|p2a: Depressed Drunk|confusion
|-prepare|p2a: Depressed Drunk|Chilly Reception|[premajor]
|-activate|p2a: Depressed Drunk|confusion
|-damage|p2a: Depressed Drunk|51/100|[from] confusion
|
|upkeep
|turn|2
|inactive|MehNameIs_pee has 120 seconds left.
|
|t:|1757899969
|move|p1a: What is Wrong|Hurricane|p2a: Depressed Drunk
|-damage|p2a: Depressed Drunk|7/100
|-prepare|p2a: Depressed Drunk|Chilly Reception|[premajor]
|-activate|p2a: Depressed Drunk|confusion
|move|p2a: Depressed Drunk|Chilly Reception|p2a: Depressed Drunk
|-weather|Snowscape
|l| Jey2
|
|t:|1757899971
|switch|p2a: Ragnaraku|Kyurem|100/100|[from] Chilly Reception
|-ability|p2a: Ragnaraku|Pressure
|
|-weather|Snowscape|[upkeep]
|upkeep
|turn|3
|inactive|MehNameIs_pee has 90 seconds left.
|
|t:|1757900005
|move|p1a: What is Wrong|Volt Switch|p2a: Ragnaraku
|-resisted|p2a: Ragnaraku
|-damage|p2a: Ragnaraku|85/100
|
|t:|1757900008
|switch|p1a: Unite|Kingambit, F|100/100|[from] Volt Switch
|move|p2a: Ragnaraku|Blizzard|p1a: Unite
|-resisted|p1a: Unite
|-damage|p1a: Unite|54/100
|-status|p1a: Unite|frz
|
|-weather|Snowscape|[upkeep]
|-heal|p1a: Unite|60/100 frz|[from] item: Leftovers
|upkeep
|turn|4
|j| Jey2
|j| nesnot
|
|t:|1757900017
|switch|p2a: Thieving Drunk|Tornadus-Therian, M|100/100
|-curestatus|p1a: Unite|frz|[msg]
|move|p1a: Unite|Iron Head|p2a: Thieving Drunk
|-damage|p2a: Thieving Drunk|46/100
|
|-weather|Snowscape|[upkeep]
|-heal|p1a: Unite|67/100|[from] item: Leftovers
|upkeep
|turn|5
|
|t:|1757900027
|switch|p2a: Laughing Drunk|Hydrapple, M|100/100
|-end|p1a: Unite|fallenundefined|[silent]
|switch|p1a: What is Wrong|Zapdos|100/100
|
|-weather|Snowscape|[upkeep]
|upkeep
|turn|6
|inactive|KingKaido107 has 90 seconds left.
|
|t:|1757900049
|switch|p2a: Depressed Drunk|Slowking-Galar, F|40/100
|move|p1a: What is Wrong|Hurricane|p2a: Depressed Drunk
|-crit|p2a: Depressed Drunk
|-damage|p2a: Depressed Drunk|0 fnt
|faint|p2a: Depressed Drunk
|
|-weather|none
|upkeep
|
|t:|1757900050
|switch|p2a: Ragnaraku|Kyurem|85/100
|-ability|p2a: Ragnaraku|Pressure
|turn|7
|inactive|MehNameIs_pee has 120 seconds left.
|
|t:|1757900059
|move|p1a: What is Wrong|Volt Switch|p2a: Ragnaraku
|-resisted|p2a: Ragnaraku
|-damage|p2a: Ragnaraku|66/100
|
|t:|1757900062
|switch|p1a: Bundled Dreams|Kyurem, shiny|100/100|[from] Volt Switch
|-ability|p1a: Bundled Dreams|Pressure
|move|p2a: Ragnaraku|Blizzard|p1a: Bundled Dreams
|-damage|p1a: Bundled Dreams|47/100
|
|upkeep
|turn|8
|l| Jey2
|
|t:|1757900072
|move|p2a: Ragnaraku|Blizzard|p1a: Bundled Dreams
|-damage|p1a: Bundled Dreams|0 fnt
|faint|p1a: Bundled Dreams
|
|upkeep
|
|t:|1757900077
|switch|p1a: Milky Way|Zamazenta, shiny|100/100
|-ability|p1a: Milky Way|Dauntless Shield|boost
|-boost|p1a: Milky Way|def|1
|turn|9
|
|t:|1757900086
|switch|p2a: Laughing Drunk|Hydrapple, M|100/100
|move|p1a: Milky Way|Close Combat|p2a: Laughing Drunk
|-damage|p2a: Laughing Drunk|53/100
|-unboost|p1a: Milky Way|def|1
|-unboost|p1a: Milky Way|spd|1
|-damage|p1a: Milky Way|84/100|[from] item: Rocky Helmet|[of] p2a: Laughing Drunk
|-damage|p1a: Milky Way|74/100|[from] item: Life Orb
|
|upkeep
|turn|10
|
|t:|1757900093
|move|p1a: Milky Way|Ice Fang|p2a: Laughing Drunk
|-supereffective|p2a: Laughing Drunk
|-damage|p2a: Laughing Drunk|0 fnt
|-damage|p1a: Milky Way|57/100|[from] item: Rocky Helmet|[of] p2a: Laughing Drunk
|faint|p2a: Laughing Drunk
|-damage|p1a: Milky Way|48/100|[from] item: Life Orb
|
|upkeep
|
|t:|1757900098
|switch|p2a: Thieving Drunk|Tornadus-Therian, M|79/100
|turn|11
|
|t:|1757900101
|switch|p1a: What is Wrong|Zapdos|100/100
|move|p2a: Thieving Drunk|Bleakwind Storm|p1a: What is Wrong
|-resisted|p1a: What is Wrong
|-damage|p1a: What is Wrong|86/100
|
|upkeep
|turn|12
|
|t:|1757900107
|switch|p2a: Boro Breath|Cinderace, F|100/100
|move|p1a: What is Wrong|Volt Switch|p2a: Boro Breath
|-crit|p2a: Boro Breath
|-damage|p2a: Boro Breath|29/100
|
|t:|1757900113
|switch|p1a: Milky Way|Zamazenta, shiny|48/100|[from] Volt Switch
|
|upkeep
|turn|13
|j| krampus gon get u
|
|t:|1757900118
|switch|p2a: Thieving Drunk|Tornadus-Therian, M|100/100
|move|p1a: Milky Way|Close Combat|p2a: Thieving Drunk
|-resisted|p2a: Thieving Drunk
|-damage|p2a: Thieving Drunk|53/100
|-unboost|p1a: Milky Way|def|1
|-unboost|p1a: Milky Way|spd|1
|-damage|p1a: Milky Way|38/100|[from] item: Life Orb
|
|upkeep
|turn|14
|
|t:|1757900122
|switch|p1a: What is Wrong|Zapdos|86/100
|switch|p2a: Boro Breath|Cinderace, F|29/100
|
|upkeep
|turn|15
|j| huejack
|
|t:|1757900126
|switch|p1a: Never Forget|Landorus-Therian, M|100/100
|-ability|p1a: Never Forget|Intimidate|boost
|-unboost|p2a: Boro Breath|atk|1
|move|p2a: Boro Breath|Pyro Ball|p1a: Never Forget
|-damage|p1a: Never Forget|60/100
|
|upkeep
|turn|16
|
|t:|1757900130
|move|p2a: Boro Breath|Will-O-Wisp|p1a: Never Forget
|-status|p1a: Never Forget|brn
|move|p1a: Never Forget|U-turn|p2a: Boro Breath
|-resisted|p2a: Boro Breath
|-damage|p2a: Boro Breath|22/100
|
|t:|1757900135
|switch|p1a: Milky Way|Zamazenta, shiny|38/100|[from] U-turn
|
|upkeep
|turn|17
|
|t:|1757900138
|move|p1a: Milky Way|Stone Edge|p2a: Boro Breath
|-supereffective|p2a: Boro Breath
|-damage|p2a: Boro Breath|0 fnt
|faint|p2a: Boro Breath
|-damage|p1a: Milky Way|28/100|[from] item: Life Orb
|
|upkeep
|
|t:|1757900142
|switch|p2a: Raging Drunk|Kingambit, F|100/100
|-activate|p2a: Raging Drunk|ability: Supreme Overlord
|-start|p2a: Raging Drunk|fallen3|[silent]
|turn|18
|
|t:|1757900144
|move|p2a: Raging Drunk|Sucker Punch|p1a: Milky Way
|-resisted|p1a: Milky Way
|-damage|p1a: Milky Way|0 fnt
|faint|p1a: Milky Way
|
|upkeep
|
|t:|1757900147
|switch|p1a: Chronostasis|Great Tusk|100/100
|turn|19
|
|t:|1757900151
|-end|p2a: Raging Drunk|fallen3|[silent]
|switch|p2a: Thieving Drunk|Tornadus-Therian, M|87/100
|move|p1a: Chronostasis|Knock Off|p2a: Thieving Drunk
|-damage|p2a: Thieving Drunk|47/100
|-enditem|p2a: Thieving Drunk|Heavy-Duty Boots|[from] move: Knock Off|[of] p1a: Chronostasis
|
|upkeep
|turn|20
|
|t:|1757900157
|-end|p1a: Chronostasis|Protosynthesis|[silent]
|switch|p1a: What is Wrong|Zapdos|86/100
|move|p2a: Thieving Drunk|U-turn|p1a: What is Wrong
|-resisted|p1a: What is Wrong
|-damage|p1a: What is Wrong|77/100
|-status|p2a: Thieving Drunk|par|[from] ability: Static|[of] p1a: What is Wrong
|
|t:|1757900158
|switch|p2a: Ragnaraku|Kyurem|66/100|[from] U-turn
|-ability|p2a: Ragnaraku|Pressure
|
|upkeep
|turn|21
|
|t:|1757900161
|-terastallize|p1a: What is Wrong|Fairy
|move|p1a: What is Wrong|Tera Blast|p2a: Ragnaraku|[anim] Tera Blast Fairy
|-supereffective|p2a: Ragnaraku
|-damage|p2a: Ragnaraku|0 fnt
|faint|p2a: Ragnaraku
|
|upkeep
|
|t:|1757900168
|switch|p2a: Thieving Drunk|Tornadus-Therian, M|81/100 par
|turn|22
|
|t:|1757900170
|move|p1a: What is Wrong|Volt Switch|p2a: Thieving Drunk
|-supereffective|p2a: Thieving Drunk
|-damage|p2a: Thieving Drunk|10/100 par
|
|t:|1757900174
|switch|p1a: Unite|Kingambit, F|67/100|[from] Volt Switch
|-activate|p1a: Unite|ability: Supreme Overlord
|-start|p1a: Unite|fallen2|[silent]
|move|p2a: Thieving Drunk|Bleakwind Storm|p1a: Unite
|-resisted|p1a: Unite
|-damage|p1a: Unite|47/100
|
|-heal|p1a: Unite|53/100|[from] item: Leftovers
|upkeep
|turn|23
|l| krampus gon get u
|
|t:|1757900176
|cant|p2a: Thieving Drunk|par
|move|p1a: Unite|Iron Head|p2a: Thieving Drunk
|-damage|p2a: Thieving Drunk|0 fnt
|faint|p2a: Thieving Drunk
|
|-heal|p1a: Unite|59/100|[from] item: Leftovers
|upkeep
|
|t:|1757900179
|switch|p2a: Raging Drunk|Kingambit, F|100/100
|-activate|p2a: Raging Drunk|ability: Supreme Overlord
|-start|p2a: Raging Drunk|fallen5|[silent]
|turn|24
|
|t:|1757900180
|-end|p1a: Unite|fallen2|[silent]
|switch|p1a: Never Forget|Landorus-Therian, M|60/100 brn
|-ability|p1a: Never Forget|Intimidate|boost
|-unboost|p2a: Raging Drunk|atk|1
|move|p2a: Raging Drunk|Low Kick|p1a: Never Forget
|-resisted|p1a: Never Forget
|-damage|p1a: Never Forget|45/100 brn
|-damage|p2a: Raging Drunk|84/100|[from] item: Rocky Helmet|[of] p1a: Never Forget
|
|-damage|p1a: Never Forget|39/100 brn|[from] brn
|upkeep
|turn|25
|
|t:|1757900182
|-terastallize|p2a: Raging Drunk|Dark
|move|p1a: Never Forget|Taunt|p2a: Raging Drunk
|-start|p2a: Raging Drunk|move: Taunt
|cant|p2a: Raging Drunk|move: Taunt|Swords Dance
|
|-damage|p1a: Never Forget|33/100 brn|[from] brn
|upkeep
|turn|26
|j| krampus gon get u
|
|t:|1757900186
|move|p1a: Never Forget|Earth Power|p2a: Raging Drunk
|-damage|p2a: Raging Drunk|47/100
|move|p2a: Raging Drunk|Kowtow Cleave|p1a: Never Forget
|-damage|p1a: Never Forget|0 fnt
|-damage|p2a: Raging Drunk|31/100|[from] item: Rocky Helmet|[of] p1a: Never Forget
|faint|p1a: Never Forget
|
|upkeep
|
|t:|1757900189
|switch|p1a: Chronostasis|Great Tusk|100/100
|turn|27
|-message|KingKaido107 forfeited.
|
|win|MehNameIs_pee
|raw|MehNameIs_pee's rating: 1726 &rarr; <strong>1746</strong><br />(+20 for winning)
|raw|KingKaido107's rating: 1725 &rarr; <strong>1705</strong><br />(-20 for losing)
|l|☆KingKaido107
|player|p2|
|c|☆MehNameIs_pee|gg
|l| huejack
|l|☆MehNameIs_pee
|player|p1|
|l| nesnot
|j| Jey2
