|j|☆Ctannn
|j|☆ABraviousTinkaton
|t:|1757937827
|gametype|singles
|player|p1|Ctannn|169|1648
|player|p2|ABraviousTinkaton|miku-ice|1612
|gen|9
|tier|[Gen 9] OU
|rated|
|rule|HP Percentage Mod: HP is shown in percentages
|rule|Endless Battle Clause: Forcing endless battles is banned
|rule|Species Clause: Limit one of each Pokémon
|rule|OHKO Clause: OHKO moves are banned
|rule|Evasion Items Clause: Evasion items are banned
|rule|Evasion Moves Clause: Evasion moves are banned
|rule|Evasion Abilities Clause: Evasion abilities are banned
|rule|Sleep Moves Clause: Sleep-inducing moves are banned
|clearpoke
|poke|p1|Torkoal, F|
|poke|p1|Raging Bolt|
|poke|p1|Landorus-Therian, M|
|poke|p1|Alomomola, F|
|poke|p1|Lilligant-Hisui, F|
|poke|p1|Kingambit, F|
|poke|p2|Moltres|
|poke|p2|Zamazenta-*|
|poke|p2|Darkrai|
|poke|p2|Hydrapple, M|
|poke|p2|Ting-Lu|
|poke|p2|Tinkaton, F|
|teampreview
|inactive|Battle timer is ON: inactive players will automatically lose when time's up. (requested by Ctannn)
|j| hawthronefish山楂鱼13
|
|t:|1757937839
|teamsize|p1|6
|teamsize|p2|6
|start
|switch|p1a: Torkoal|Torkoal, F|100/100
|switch|p2a: Darkrai|Darkrai, shiny|100/100
|-weather|SunnyDay|[from] ability: Drought|[of] p1a: Torkoal
|turn|1
|
|t:|1757937846
|move|p2a: Darkrai|Dark Pulse|p1a: Torkoal
|-damage|p1a: Torkoal|65/100
|cant|p1a: Torkoal|flinch
|
|-weather|SunnyDay|[upkeep]
|upkeep
|turn|2
|l| hawthronefish山楂鱼13
|
|t:|1757937851
|switch|p1a: Alomomola|Alomomola, F|100/100
|move|p2a: Darkrai|Dark Pulse|p1a: Alomomola
|-damage|p1a: Alomomola|63/100
|
|-weather|SunnyDay|[upkeep]
|upkeep
|turn|3
|
|t:|1757937854
|move|p2a: Darkrai|Knock Off|p1a: Alomomola
|-damage|p1a: Alomomola|45/100
|-damage|p2a: Darkrai|84/100|[from] item: Rocky Helmet|[of] p1a: Alomomola
|-enditem|p1a: Alomomola|Rocky Helmet|[from] move: Knock Off|[of] p2a: Darkrai
|move|p1a: Alomomola|Flip Turn|p2a: Darkrai
|-damage|p2a: Darkrai|72/100
|
|t:|1757937857
|switch|p1a: Lilligant|Lilligant-Hisui, F|100/100|[from] Flip Turn
|
|-weather|SunnyDay|[upkeep]
|upkeep
|turn|4
|
|t:|1757937861
|switch|p2a: Moltres|Moltres|100/100
|move|p1a: Lilligant|Victory Dance|p1a: Lilligant
|-boost|p1a: Lilligant|atk|1
|-boost|p1a: Lilligant|def|1
|-boost|p1a: Lilligant|spe|1
|
|-weather|SunnyDay|[upkeep]
|upkeep
|turn|5
|
|t:|1757937870
|-terastallize|p1a: Lilligant|Fire
|move|p1a: Lilligant|Triple Axel|p2a: Moltres
|-damage|p2a: Moltres|94/100
|-damage|p2a: Moltres|81/100
|-damage|p2a: Moltres|63/100
|-hitcount|p2a: Moltres|3
|move|p2a: Moltres|Roar|p1a: Lilligant
|drag|p1a: Raging Bolt|Raging Bolt|100/100
|-activate|p1a: Raging Bolt|ability: Protosynthesis
|-start|p1a: Raging Bolt|protosynthesisspa
|
|-weather|none
|-end|p1a: Raging Bolt|Protosynthesis
|upkeep
|turn|6
|j| Jey2
|j| Sweet&Sweetable
|
|t:|1757937883
|-end|p1a: Raging Bolt|Protosynthesis|[silent]
|switch|p1a: Torkoal|Torkoal, F|65/100
|-weather|SunnyDay|[from] ability: Drought|[of] p1a: Torkoal
|move|p2a: Moltres|U-turn|p1a: Torkoal
|-resisted|p1a: Torkoal
|-damage|p1a: Torkoal|59/100
|l| Sweet&Sweetable
|
|t:|1757937887
|switch|p2a: Darkrai|Darkrai, shiny|72/100|[from] U-turn
|
|-weather|SunnyDay|[upkeep]
|upkeep
|turn|7
|
|t:|1757937896
|switch|p1a: Lilligant|Lilligant-Hisui, F, tera:Fire|100/100
|move|p2a: Darkrai|Dark Pulse|p1a: Lilligant
|-damage|p1a: Lilligant|30/100
|
|-weather|SunnyDay|[upkeep]
|upkeep
|turn|8
|
|t:|1757937904
|switch|p2a: Hydrapple|Hydrapple, M|100/100
|move|p1a: Lilligant|Close Combat|p2a: Hydrapple
|-damage|p2a: Hydrapple|70/100
|-unboost|p1a: Lilligant|def|1
|-unboost|p1a: Lilligant|spd|1
|
|-weather|SunnyDay|[upkeep]
|upkeep
|turn|9
|
|t:|1757937915
|-terastallize|p2a: Hydrapple|Poison
|move|p1a: Lilligant|Triple Axel|p2a: Hydrapple|[miss]
|-miss|p1a: Lilligant|p2a: Hydrapple
|move|p2a: Hydrapple|Fickle Beam|p1a: Lilligant
|-damage|p1a: Lilligant|0 fnt
|faint|p1a: Lilligant
|
|-weather|SunnyDay|[upkeep]
|upkeep
|l| Jey2
|
|t:|1757937924
|switch|p1a: Raging Bolt|Raging Bolt|100/100
|-activate|p1a: Raging Bolt|ability: Protosynthesis
|-start|p1a: Raging Bolt|protosynthesisspa
|turn|10
|
|t:|1757937928
|switch|p2a: Tinkaton|Tinkaton, F|100/100
|-ability|p2a: Tinkaton|Mold Breaker
|-item|p2a: Tinkaton|Air Balloon
|move|p1a: Raging Bolt|Draco Meteor|p2a: Tinkaton
|-immune|p2a: Tinkaton
|
|-weather|none
|-end|p1a: Raging Bolt|Protosynthesis
|upkeep
|turn|11
|
|t:|1757937931
|-end|p1a: Raging Bolt|Protosynthesis|[silent]
|switch|p1a: Torkoal|Torkoal, F|59/100
|-weather|SunnyDay|[from] ability: Drought|[of] p1a: Torkoal
|move|p2a: Tinkaton|Encore||[still]
|-fail|p2a: Tinkaton
|
|-weather|SunnyDay|[upkeep]
|upkeep
|turn|12
|
|t:|1757937936
|switch|p2a: Moltres|Moltres|63/100
|move|p1a: Torkoal|Lava Plume|p2a: Moltres
|-resisted|p2a: Moltres
|-damage|p2a: Moltres|45/100
|
|-weather|SunnyDay|[upkeep]
|upkeep
|turn|13
|
|t:|1757937939
|move|p2a: Moltres|U-turn|p1a: Torkoal
|-resisted|p1a: Torkoal
|-damage|p1a: Torkoal|54/100
|
|t:|1757937941
|switch|p2a: Darkrai|Darkrai, shiny|72/100|[from] U-turn
|move|p1a: Torkoal|Stealth Rock|p2a: Darkrai
|-sidestart|p2: ABraviousTinkaton|move: Stealth Rock
|
|-weather|SunnyDay|[upkeep]
|upkeep
|turn|14
|
|t:|1757937945
|move|p2a: Darkrai|Dark Pulse|p1a: Torkoal
|-damage|p1a: Torkoal|16/100
|cant|p1a: Torkoal|flinch
|
|-weather|SunnyDay|[upkeep]
|upkeep
|turn|15
|
|t:|1757937949
|switch|p1a: Kingambit|Kingambit, F|100/100
|-activate|p1a: Kingambit|ability: Supreme Overlord
|-start|p1a: Kingambit|fallen1|[silent]
|move|p2a: Darkrai|Knock Off|p1a: Kingambit
|-resisted|p1a: Kingambit
|-damage|p1a: Kingambit|88/100
|-enditem|p1a: Kingambit|Leftovers|[from] move: Knock Off|[of] p2a: Darkrai
|
|-weather|none
|upkeep
|turn|16
|j| Lady Silver ...
|
|t:|1757937954
|switch|p2a: Moltres|Moltres|45/100
|move|p1a: Kingambit|Iron Head|p2a: Moltres
|-resisted|p2a: Moltres
|-damage|p2a: Moltres|28/100
|
|upkeep
|turn|17
|
|t:|1757937959
|-end|p1a: Kingambit|fallen1|[silent]
|switch|p1a: Raging Bolt|Raging Bolt|100/100
|move|p2a: Moltres|Roost|p2a: Moltres
|-heal|p2a: Moltres|79/100
|-singleturn|p2a: Moltres|move: Roost
|
|upkeep
|turn|18
|
|t:|1757937961
|move|p1a: Raging Bolt|Draco Meteor|p2a: Moltres
|-damage|p2a: Moltres|0 fnt
|-unboost|p1a: Raging Bolt|spa|2
|faint|p2a: Moltres
|
|upkeep
|
|t:|1757937963
|switch|p2a: Tinkaton|Tinkaton, F|100/100
|-damage|p2a: Tinkaton|94/100|[from] Stealth Rock
|-ability|p2a: Tinkaton|Mold Breaker
|-item|p2a: Tinkaton|Air Balloon
|turn|19
|
|t:|1757937966
|-end|p1a: Raging Bolt|Protosynthesis|[silent]
|switch|p1a: Torkoal|Torkoal, F|16/100
|-weather|SunnyDay|[from] ability: Drought|[of] p1a: Torkoal
|move|p2a: Tinkaton|Stealth Rock|p1a: Torkoal
|-sidestart|p1: Ctannn|move: Stealth Rock
|
|-weather|SunnyDay|[upkeep]
|upkeep
|turn|20
|
|t:|1757937969
|move|p2a: Tinkaton|Gigaton Hammer|p1a: Torkoal
|-resisted|p1a: Torkoal
|-crit|p1a: Torkoal
|-damage|p1a: Torkoal|0 fnt
|faint|p1a: Torkoal
|
|-weather|SunnyDay|[upkeep]
|upkeep
|
|t:|1757937975
|switch|p1a: Raging Bolt|Raging Bolt|100/100
|-damage|p1a: Raging Bolt|88/100|[from] Stealth Rock
|-activate|p1a: Raging Bolt|ability: Protosynthesis
|-start|p1a: Raging Bolt|protosynthesisspa
|turn|21
|
|t:|1757937977
|switch|p2a: Ting-Lu|Ting-Lu|100/100
|-damage|p2a: Ting-Lu|94/100|[from] Stealth Rock
|-ability|p2a: Ting-Lu|Vessel of Ruin
|move|p1a: Raging Bolt|Weather Ball|p2a: Ting-Lu
|-damage|p2a: Ting-Lu|48/100
|
|-weather|SunnyDay|[upkeep]
|-heal|p2a: Ting-Lu|54/100|[from] item: Leftovers
|upkeep
|turn|22
|
|t:|1757937982
|move|p1a: Raging Bolt|Weather Ball|p2a: Ting-Lu
|-damage|p2a: Ting-Lu|8/100
|move|p2a: Ting-Lu|Earthquake|p1a: Raging Bolt
|-supereffective|p1a: Raging Bolt
|-damage|p1a: Raging Bolt|15/100
|
|-weather|SunnyDay|[upkeep]
|-heal|p2a: Ting-Lu|14/100|[from] item: Leftovers
|upkeep
|turn|23
|
|t:|1757937987
|move|p1a: Raging Bolt|Weather Ball|p2a: Ting-Lu
|-damage|p2a: Ting-Lu|0 fnt
|faint|p2a: Ting-Lu
|
|-weather|none
|-end|p1a: Raging Bolt|Protosynthesis
|upkeep
|
|t:|1757937990
|switch|p2a: Darkrai|Darkrai, shiny|72/100
|turn|24
|
|t:|1757937992
|move|p2a: Darkrai|Dark Pulse|p1a: Raging Bolt
|-damage|p1a: Raging Bolt|0 fnt
|faint|p1a: Raging Bolt
|-end|p1a: Raging Bolt|Protosynthesis|[silent]
|
|upkeep
|
|t:|1757937998
|switch|p1a: Alomomola|Alomomola, F|78/100
|-damage|p1a: Alomomola|66/100|[from] Stealth Rock
|turn|25
|
|t:|1757938002
|move|p2a: Darkrai|Dark Pulse|p1a: Alomomola
|-damage|p1a: Alomomola|33/100
|move|p1a: Alomomola|Flip Turn|p2a: Darkrai
|-damage|p2a: Darkrai|51/100
|
|t:|1757938005
|switch|p1a: Landorus|Landorus-Therian, M|100/100|[from] Flip Turn
|-damage|p1a: Landorus|88/100|[from] Stealth Rock
|-ability|p1a: Landorus|Intimidate|boost
|-unboost|p2a: Darkrai|atk|1
|
|upkeep
|turn|26
|
|t:|1757938008
|move|p2a: Darkrai|Ice Beam|p1a: Landorus
|-supereffective|p1a: Landorus
|-damage|p1a: Landorus|0 fnt
|faint|p1a: Landorus
|
|upkeep
|
|t:|1757938013
|switch|p1a: Kingambit|Kingambit, F|88/100
|-damage|p1a: Kingambit|82/100|[from] Stealth Rock
|-activate|p1a: Kingambit|ability: Supreme Overlord
|-start|p1a: Kingambit|fallen4|[silent]
|turn|27
|
|t:|1757938015
|switch|p2a: Tinkaton|Tinkaton, F|94/100
|-damage|p2a: Tinkaton|88/100|[from] Stealth Rock
|-ability|p2a: Tinkaton|Mold Breaker
|-item|p2a: Tinkaton|Air Balloon
|move|p1a: Kingambit|Iron Head|p2a: Tinkaton
|-damage|p2a: Tinkaton|14/100
|-enditem|p2a: Tinkaton|Air Balloon
|
|upkeep
|turn|28
|
|t:|1757938022
|-end|p1a: Kingambit|fallen4|[silent]
|switch|p1a: Alomomola|Alomomola, F|66/100
|-damage|p1a: Alomomola|53/100|[from] Stealth Rock
|move|p2a: Tinkaton|Thunder Wave|p1a: Alomomola|[miss]
|-miss|p2a: Tinkaton|p1a: Alomomola
|
|upkeep
|turn|29
|
|t:|1757938026
|move|p2a: Tinkaton|Thunder Wave|p1a: Alomomola
|-status|p1a: Alomomola|par
|move|p1a: Alomomola|Wish|p1a: Alomomola
|
|upkeep
|turn|30
|
|t:|1757938031
|switch|p2a: Darkrai|Darkrai, shiny|51/100
|switch|p1a: Kingambit|Kingambit, F|82/100
|-damage|p1a: Kingambit|76/100|[from] Stealth Rock
|-activate|p1a: Kingambit|ability: Supreme Overlord
|-start|p1a: Kingambit|fallen4|[silent]
|
|-heal|p1a: Kingambit|100/100|[from] move: Wish|[wisher] Alomomola
|upkeep
|turn|31
|
|t:|1757938035
|move|p2a: Darkrai|Dark Pulse|p1a: Kingambit
|-resisted|p1a: Kingambit
|-damage|p1a: Kingambit|74/100
|move|p1a: Kingambit|Iron Head|p2a: Darkrai
|-damage|p2a: Darkrai|0 fnt
|faint|p2a: Darkrai
|
|upkeep
|
|t:|1757938039
|switch|p2a: Hydrapple|Hydrapple, M, tera:Poison|100/100
|turn|32
|
|t:|1757938044
|move|p1a: Kingambit|Iron Head|p2a: Hydrapple
|-damage|p2a: Hydrapple|64/100
|move|p2a: Hydrapple|Earth Power|p1a: Kingambit
|-supereffective|p1a: Kingambit
|-damage|p1a: Kingambit|11/100
|-unboost|p1a: Kingambit|spd|1
|
|upkeep
|turn|33
|
|t:|1757938049
|switch|p2a: Tinkaton|Tinkaton, F|14/100
|-damage|p2a: Tinkaton|8/100|[from] Stealth Rock
|-ability|p2a: Tinkaton|Mold Breaker
|move|p1a: Kingambit|Iron Head|p2a: Tinkaton
|-damage|p2a: Tinkaton|0 fnt
|faint|p2a: Tinkaton
|
|upkeep
|
|t:|1757938051
|switch|p2a: Zamazenta|Zamazenta|100/100
|-ability|p2a: Zamazenta|Dauntless Shield|boost
|-boost|p2a: Zamazenta|def|1
|turn|34
|
|t:|1757938053
|switch|p2a: Hydrapple|Hydrapple, M, tera:Poison|97/100
|move|p1a: Kingambit|Iron Head|p2a: Hydrapple
|-damage|p2a: Hydrapple|65/100
|
|upkeep
|turn|35
|
|t:|1757938056
|move|p1a: Kingambit|Iron Head|p2a: Hydrapple
|-damage|p2a: Hydrapple|29/100
|move|p2a: Hydrapple|Earth Power|p1a: Kingambit
|-supereffective|p1a: Kingambit
|-damage|p1a: Kingambit|0 fnt
|faint|p1a: Kingambit
|-end|p1a: Kingambit|fallen4|[silent]
|
|upkeep
|
|t:|1757938060
|switch|p1a: Alomomola|Alomomola, F|87/100 par
|-damage|p1a: Alomomola|74/100 par|[from] Stealth Rock
|turn|36
|
|t:|1757938062
|move|p2a: Hydrapple|Giga Drain|p1a: Alomomola
|-supereffective|p1a: Alomomola
|-damage|p1a: Alomomola|22/100 par
|-heal|p2a: Hydrapple|59/100|[from] drain|[of] p1a: Alomomola
|cant|p1a: Alomomola|par
|
|upkeep
|turn|37
|
|t:|1757938068
|move|p2a: Hydrapple|Giga Drain|p1a: Alomomola
|-supereffective|p1a: Alomomola
|-damage|p1a: Alomomola|0 fnt
|-heal|p2a: Hydrapple|71/100|[from] drain|[of] p1a: Alomomola
|faint|p1a: Alomomola
|
|win|ABraviousTinkaton
|raw|Ctannn's rating: 1648 &rarr; <strong>1626</strong><br />(-22 for losing)
|raw|ABraviousTinkaton's rating: 1612 &rarr; <strong>1634</strong><br />(+22 for winning)
|l|☆ABraviousTinkaton
|player|p2|
|l|☆Ctannn
|player|p1|
