|j|‽Anitta Cocktail
|j|☆Acauci
|t:|1757836835
|gametype|singles
|player|p1|Anitta Cocktail|karen|1272
|player|p2|Acauci|2|1278
|gen|9
|tier|[Gen 9] OU
|rated|
|rule|HP Percentage Mod: HP is shown in percentages
|rule|Endless Battle Clause: Forcing endless battles is banned
|rule|Species Clause: Limit one of each Pokémon
|rule|OHKO Clause: OHKO moves are banned
|rule|Evasion Items Clause: Evasion items are banned
|rule|Evasion Moves Clause: Evasion moves are banned
|rule|Evasion Abilities Clause: Evasion abilities are banned
|rule|Sleep Moves Clause: Sleep-inducing moves are banned
|clearpoke
|poke|p1|Scizor, F|
|poke|p1|Zapdos|
|poke|p1|Great Tusk|
|poke|p1|Haxorus, M|
|poke|p1|Iron Crown|
|poke|p1|Blastoise, F|
|poke|p2|Kingambit, M|
|poke|p2|Zamazenta-*|
|poke|p2|Dragapult, F|
|poke|p2|Iron Treads|
|poke|p2|Clefable, F|
|poke|p2|Iron Moth|
|teampreview
|
|t:|1757836845
|teamsize|p1|6
|teamsize|p2|6
|start
|switch|p1a: Great Tusk|Great Tusk|100/100
|switch|p2a: Iron Moth|Iron Moth|100/100
|-enditem|p2a: Iron Moth|Booster Energy
|-activate|p2a: Iron Moth|ability: Quark Drive|[fromitem]
|-start|p2a: Iron Moth|quarkdrivespa
|turn|1
|inactive|Battle timer is ON: inactive players will automatically lose when time's up. (requested by Anitta Cocktail)
|
|t:|1757836875
|move|p2a: Iron Moth|Energy Ball|p1a: Great Tusk
|-supereffective|p1a: Great Tusk
|-damage|p1a: Great Tusk|0 fnt
|faint|p1a: Great Tusk
|-end|p1a: Great Tusk|Protosynthesis|[silent]
|
|upkeep
|
|t:|1757836883
|switch|p1a: Iron Crown|Iron Crown|100/100
|turn|2
|
|t:|1757836893
|move|p2a: Iron Moth|Fiery Dance|p1a: Iron Crown
|-supereffective|p1a: Iron Crown
|-damage|p1a: Iron Crown|32/100
|-boost|p2a: Iron Moth|spa|1
|move|p1a: Iron Crown|Psychic Noise|p2a: Iron Moth
|-supereffective|p2a: Iron Moth
|-damage|p2a: Iron Moth|20/100
|-start|p2a: Iron Moth|move: Heal Block
|
|upkeep
|turn|3
|
|t:|1757836904
|move|p2a: Iron Moth|Fiery Dance|p1a: Iron Crown
|-supereffective|p1a: Iron Crown
|-damage|p1a: Iron Crown|0 fnt
|faint|p1a: Iron Crown
|-end|p1a: Iron Crown|Quark Drive|[silent]
|
|-end|p2a: Iron Moth|move: Heal Block
|upkeep
|
|t:|1757836913
|switch|p1a: Zapdos|Zapdos|100/100
|turn|4
|
|t:|1757836921
|move|p1a: Zapdos|Hurricane|p2a: Iron Moth
|-damage|p2a: Iron Moth|0 fnt
|faint|p2a: Iron Moth
|-end|p2a: Iron Moth|Quark Drive|[silent]
|
|upkeep
|
|t:|1757836931
|switch|p2a: Iron Treads|Iron Treads|100/100
|-enditem|p2a: Iron Treads|Booster Energy
|-activate|p2a: Iron Treads|ability: Quark Drive|[fromitem]
|-start|p2a: Iron Treads|quarkdrivedef
|turn|5
|
|t:|1757836945
|switch|p1a: Haxorus|Haxorus, M, shiny|100/100
|-ability|p1a: Haxorus|Mold Breaker
|move|p2a: Iron Treads|Knock Off|p1a: Haxorus
|-damage|p1a: Haxorus|67/100
|-enditem|p1a: Haxorus|Life Orb|[from] move: Knock Off|[of] p2a: Iron Treads
|
|upkeep
|turn|6
|
|t:|1757836956
|move|p2a: Iron Treads|Body Press|p1a: Haxorus
|-damage|p1a: Haxorus|35/100
|move|p1a: Haxorus|Dragon Dance|p1a: Haxorus
|-boost|p1a: Haxorus|atk|1
|-boost|p1a: Haxorus|spe|1
|
|upkeep
|turn|7
|
|t:|1757836963
|-end|p2a: Iron Treads|Quark Drive|[silent]
|switch|p2a: Clefable|Clefable, F|100/100
|move|p1a: Haxorus|Dragon Dance|p1a: Haxorus
|-boost|p1a: Haxorus|atk|1
|-boost|p1a: Haxorus|spe|1
|
|upkeep
|turn|8
|
|t:|1757836980
|-terastallize|p1a: Haxorus|Ground
|move|p1a: Haxorus|Earthquake|p2a: Clefable
|-damage|p2a: Clefable|0 fnt
|faint|p2a: Clefable
|
|upkeep
|
|t:|1757836998
|switch|p2a: Dragapult|Dragapult, F|100/100
|turn|9
|
|t:|1757837014
|move|p2a: Dragapult|Sucker Punch|p1a: Haxorus
|-damage|p1a: Haxorus|8/100
|move|p1a: Haxorus|Earthquake|p2a: Dragapult
|-damage|p2a: Dragapult|0 fnt
|faint|p2a: Dragapult
|
|upkeep
|
|t:|1757837022
|switch|p2a: Zamazenta|Zamazenta|100/100
|-ability|p2a: Zamazenta|Dauntless Shield|boost
|-boost|p2a: Zamazenta|def|1
|turn|10
|
|t:|1757837030
|move|p2a: Zamazenta|Quick Attack|p1a: Haxorus
|-damage|p1a: Haxorus|0 fnt
|faint|p1a: Haxorus
|
|upkeep
|
|t:|1757837039
|switch|p1a: Scizor|Scizor, F|100/100
|turn|11
|
|t:|1757837066
|move|p2a: Zamazenta|Fire Fang|p1a: Scizor
|-supereffective|p1a: Scizor
|-damage|p1a: Scizor|11/100
|move|p1a: Scizor|U-turn|p2a: Zamazenta
|-resisted|p2a: Zamazenta
|-damage|p2a: Zamazenta|88/100
|
|t:|1757837072
|switch|p1a: Blastoise|Blastoise, F|100/100|[from] U-turn
|
|upkeep
|turn|12
|
|t:|1757837084
|move|p2a: Zamazenta|Body Press|p1a: Blastoise
|-damage|p1a: Blastoise|34/100
|move|p1a: Blastoise|Shell Smash|p1a: Blastoise
|-unboost|p1a: Blastoise|def|1
|-unboost|p1a: Blastoise|spd|1
|-boost|p1a: Blastoise|atk|2
|-boost|p1a: Blastoise|spa|2
|-boost|p1a: Blastoise|spe|2
|-enditem|p1a: Blastoise|White Herb
|-clearnegativeboost|p1a: Blastoise|[silent]
|
|upkeep
|turn|13
|
|t:|1757837095
|move|p1a: Blastoise|Surf|p2a: Zamazenta
|-damage|p2a: Zamazenta|39/100
|move|p2a: Zamazenta|Body Press|p1a: Blastoise
|-crit|p1a: Blastoise
|-damage|p1a: Blastoise|0 fnt
|faint|p1a: Blastoise
|
|upkeep
|
|t:|1757837105
|switch|p1a: Scizor|Scizor, F|11/100
|turn|14
|
|t:|1757837110
|move|p1a: Scizor|Bullet Punch|p2a: Zamazenta
|-damage|p2a: Zamazenta|12/100
|move|p2a: Zamazenta|Fire Fang|p1a: Scizor
|-supereffective|p1a: Scizor
|-damage|p1a: Scizor|0 fnt
|faint|p1a: Scizor
|
|upkeep
|
|t:|1757837116
|switch|p1a: Zapdos|Zapdos|100/100
|turn|15
|
|t:|1757837123
|move|p2a: Zamazenta|Quick Attack|p1a: Zapdos
|-damage|p1a: Zapdos|85/100
|move|p1a: Zapdos|Heat Wave|p2a: Zamazenta
|-damage|p2a: Zamazenta|0 fnt
|faint|p2a: Zamazenta
|
|upkeep
|
|t:|1757837129
|switch|p2a: Iron Treads|Iron Treads|100/100
|turn|16
|
|t:|1757837136
|move|p1a: Zapdos|Heat Wave|p2a: Iron Treads
|-supereffective|p2a: Iron Treads
|-damage|p2a: Iron Treads|0 fnt
|faint|p2a: Iron Treads
|-end|p2a: Iron Treads|Quark Drive|[silent]
|
|upkeep
|
|t:|1757837140
|switch|p2a: Kingambit|Kingambit, M|100/100
|-activate|p2a: Kingambit|ability: Supreme Overlord
|-start|p2a: Kingambit|fallen5|[silent]
|turn|17
|
|t:|1757837146
|-terastallize|p2a: Kingambit|Ghost
|move|p2a: Kingambit|Sucker Punch|p1a: Zapdos
|-damage|p1a: Zapdos|15/100
|-status|p2a: Kingambit|par|[from] ability: Static|[of] p1a: Zapdos
|move|p1a: Zapdos|Heat Wave|p2a: Kingambit
|-damage|p2a: Kingambit|69/100 par
|
|-heal|p2a: Kingambit|75/100 par|[from] item: Leftovers
|upkeep
|turn|18
|
|t:|1757837155
|move|p2a: Kingambit|Sucker Punch|p1a: Zapdos
|-damage|p1a: Zapdos|0 fnt
|faint|p1a: Zapdos
|
|win|Acauci
|raw|Anitta Cocktail's rating: 1272 &rarr; <strong>1247</strong><br />(-25 for losing)
|raw|Acauci's rating: 1278 &rarr; <strong>1303</strong><br />(+25 for winning)
|l|‽Anitta Cocktail
|player|p1|
|l|☆Acauci
|player|p2|
