|j|☆Kams78190
|j|☆zeugmaster
|t:|1757954095
|gametype|singles
|player|p1|Kams78190|bruno|1257
|player|p2|zeugmaster|169|1224
|gen|9
|tier|[Gen 9] OU
|rated|
|rule|HP Percentage Mod: HP is shown in percentages
|rule|Endless Battle Clause: Forcing endless battles is banned
|rule|Species Clause: Limit one of each Pokémon
|rule|OHKO Clause: OHKO moves are banned
|rule|Evasion Items Clause: Evasion items are banned
|rule|Evasion Moves Clause: Evasion moves are banned
|rule|Evasion Abilities Clause: Evasion abilities are banned
|rule|Sleep Moves Clause: Sleep-inducing moves are banned
|clearpoke
|poke|p1|Torkoal, M|
|poke|p1|Hatterene, F|
|poke|p1|Raging Bolt|
|poke|p1|Slither Wing|
|poke|p1|Venusaur, F|
|poke|p1|Walking Wake|
|poke|p2|Ceruledge, F|
|poke|p2|Froslass, F|
|poke|p2|Gliscor, M|
|poke|p2|Heatran, M|
|poke|p2|Greninja-*, M|
|poke|p2|Serperior, F|
|teampreview
|inactive|Battle timer is ON: inactive players will automatically lose when time's up. (requested by Kams78190)
|
|t:|1757954111
|teamsize|p1|6
|teamsize|p2|6
|start
|switch|p1a: Torkoal|Torkoal, M|100/100
|switch|p2a: Frososse|Froslass, F, shiny|100/100
|-weather|SunnyDay|[from] ability: Drought|[of] p1a: Torkoal
|turn|1
|
|t:|1757954140
|move|p2a: Frososse|Spikes|p1a: Torkoal
|-sidestart|p1: Kams78190|Spikes
|move|p1a: Torkoal|Stealth Rock|p2a: Frososse
|-sidestart|p2: zeugmaster|move: Stealth Rock
|
|-weather|SunnyDay|[upkeep]
|upkeep
|turn|2
|
|t:|1757954146
|switch|p1a: Hatterene|Hatterene, F|100/100
|-item|p1a: Hatterene|Air Balloon
|move|p2a: Frososse|Spikes|p1a: Hatterene
|move|p1a: Hatterene|Spikes|p2a: Frososse|[from] ability: Magic Bounce
|-sidestart|p2: zeugmaster|Spikes
|
|-weather|SunnyDay|[upkeep]
|upkeep
|turn|3
|
|t:|1757954157
|move|p2a: Frososse|Shadow Ball|p1a: Hatterene
|-supereffective|p1a: Hatterene
|-damage|p1a: Hatterene|36/100
|-unboost|p1a: Hatterene|spd|1
|-enditem|p1a: Hatterene|Air Balloon
|move|p1a: Hatterene|Dazzling Gleam|p2a: Frososse
|-damage|p2a: Frososse|46/100
|-start|p1a: Hatterene|Disable|Dazzling Gleam|[from] ability: Cursed Body|[of] p2a: Frososse
|
|-weather|SunnyDay|[upkeep]
|upkeep
|turn|4
|
|t:|1757954175
|switch|p1a: Torkoal|Torkoal, M|100/100
|-damage|p1a: Torkoal|88/100|[from] Spikes
|move|p2a: Frososse|Shadow Ball|p1a: Torkoal
|-damage|p1a: Torkoal|49/100
|
|-weather|SunnyDay|[upkeep]
|upkeep
|turn|5
|
|t:|1757954184
|move|p2a: Frososse|Destiny Bond|p2a: Frososse
|-singlemove|p2a: Frososse|Destiny Bond
|move|p1a: Torkoal|Overheat|p2a: Frososse
|-supereffective|p2a: Frososse
|-damage|p2a: Frososse|0 fnt
|-unboost|p1a: Torkoal|spa|2
|faint|p2a: Frososse
|-activate|p2a: Frososse|move: Destiny Bond
|faint|p1a: Torkoal
|
|-weather|SunnyDay|[upkeep]
|upkeep
|inactive|zeugmaster has 120 seconds left.
|
|t:|1757954221
|switch|p2a: Sauce Piquante|Heatran, M|100/100
|switch|p1a: Slither Wing|Slither Wing|100/100
|-damage|p1a: Slither Wing|88/100|[from] Spikes
|-damage|p2a: Sauce Piquante|88/100|[from] Stealth Rock
|-damage|p2a: Sauce Piquante|76/100|[from] Spikes
|-activate|p1a: Slither Wing|ability: Protosynthesis
|-start|p1a: Slither Wing|protosynthesisatk
|turn|6
|
|t:|1757954236
|-end|p1a: Slither Wing|Protosynthesis|[silent]
|switch|p1a: Walking Wake|Walking Wake|100/100
|-damage|p1a: Walking Wake|88/100|[from] Spikes
|-activate|p1a: Walking Wake|ability: Protosynthesis
|-start|p1a: Walking Wake|protosynthesisspe
|move|p2a: Sauce Piquante|Magma Storm|p1a: Walking Wake
|-resisted|p1a: Walking Wake
|-damage|p1a: Walking Wake|70/100
|-activate|p1a: Walking Wake|move: Magma Storm|[of] p2a: Sauce Piquante
|
|-weather|SunnyDay|[upkeep]
|-heal|p2a: Sauce Piquante|82/100|[from] item: Leftovers
|-damage|p1a: Walking Wake|58/100|[from] move: Magma Storm|[partiallytrapped]
|upkeep
|turn|7
|
|t:|1757954268
|move|p2a: Sauce Piquante|Protect|p2a: Sauce Piquante
|-singleturn|p2a: Sauce Piquante|Protect
|move|p1a: Walking Wake|Hydro Steam|p2a: Sauce Piquante
|-activate|p2a: Sauce Piquante|move: Protect
|
|-weather|SunnyDay|[upkeep]
|-heal|p2a: Sauce Piquante|88/100|[from] item: Leftovers
|-damage|p1a: Walking Wake|45/100|[from] move: Magma Storm|[partiallytrapped]
|upkeep
|turn|8
|inactive|zeugmaster has 90 seconds left.
|
|t:|1757954302
|switch|p2a: Sosperior|Serperior, F|100/100
|-damage|p2a: Sosperior|88/100|[from] Stealth Rock
|-damage|p2a: Sosperior|76/100|[from] Spikes
|move|p1a: Walking Wake|Hydro Steam|p2a: Sosperior
|-resisted|p2a: Sosperior
|-damage|p2a: Sosperior|35/100
|
|-weather|none
|-end|p1a: Walking Wake|Protosynthesis
|-end|p1a: Walking Wake|Magma Storm|[partiallytrapped]|[silent]
|upkeep
|turn|9
|inactive|Kams78190 has 120 seconds left.
|inactive|zeugmaster has 60 seconds left.
|
|t:|1757954329
|-end|p1a: Walking Wake|Protosynthesis|[silent]
|switch|p1a: Venusaur|Venusaur, F|100/100
|-damage|p1a: Venusaur|88/100|[from] Spikes
|move|p2a: Sosperior|Leaf Storm|p1a: Venusaur
|-resisted|p1a: Venusaur
|-damage|p1a: Venusaur|69/100
|-boost|p2a: Sosperior|spa|2
|-damage|p2a: Sosperior|25/100|[from] item: Life Orb
|
|upkeep
|turn|10
|inactive|Kams78190 has 120 seconds left.
|inactive|zeugmaster has 60 seconds left.
|
|t:|1757954347
|switch|p1a: Hatterene|Hatterene, F|36/100
|-damage|p1a: Hatterene|24/100|[from] Spikes
|move|p2a: Sosperior|Glare|p1a: Hatterene
|move|p1a: Hatterene|Glare|p2a: Sosperior|[from] ability: Magic Bounce
|-status|p2a: Sosperior|par
|
|upkeep
|turn|11
|inactive|Kams78190 has 120 seconds left.
|inactive|zeugmaster has 60 seconds left.
|
|t:|1757954364
|move|p2a: Sosperior|Leaf Storm|p1a: Hatterene
|-damage|p1a: Hatterene|0 fnt
|-boost|p2a: Sosperior|spa|2
|faint|p1a: Hatterene
|-damage|p2a: Sosperior|15/100 par|[from] item: Life Orb
|
|upkeep
|
|t:|1757954387
|switch|p1a: Slither Wing|Slither Wing|88/100
|-damage|p1a: Slither Wing|76/100|[from] Spikes
|turn|12
|
|t:|1757954397
|move|p1a: Slither Wing|First Impression|p2a: Sosperior
|-supereffective|p2a: Sosperior
|-damage|p2a: Sosperior|0 fnt
|faint|p2a: Sosperior
|
|upkeep
|inactive|zeugmaster has 60 seconds left.
|
|t:|1757954437
|switch|p2a: Glisosse|Gliscor, M|100/100
|-damage|p2a: Glisosse|88/100|[from] Stealth Rock
|turn|13
|
|t:|1757954445
|move|p1a: Slither Wing|U-turn|p2a: Glisosse
|-resisted|p2a: Glisosse
|-damage|p2a: Glisosse|76/100
|
|t:|1757954459
|-end|p1a: Slither Wing|Protosynthesis|[silent]
|switch|p1a: Walking Wake|Walking Wake|45/100|[from] U-turn
|-damage|p1a: Walking Wake|33/100|[from] Spikes
|move|p2a: Glisosse|U-turn|p1a: Walking Wake
|-damage|p1a: Walking Wake|17/100
|inactive|zeugmaster has 30 seconds left.
|
|t:|1757954481
|switch|p2a: Sauce Tartare|Greninja, M|100/100|[from] U-turn
|-damage|p2a: Sauce Tartare|88/100|[from] Stealth Rock
|-damage|p2a: Sauce Tartare|76/100|[from] Spikes
|
|upkeep
|turn|14
|inactive|Kams78190 has 120 seconds left.
|
|t:|1757954490
|move|p2a: Sauce Tartare|Ice Beam|p1a: Walking Wake
|-damage|p1a: Walking Wake|0 fnt
|faint|p1a: Walking Wake
|-end|p1a: Walking Wake|Protosynthesis|[silent]
|-ability|p2a: Sauce Tartare|Battle Bond|boost
|-boost|p2a: Sauce Tartare|atk|1
|-boost|p2a: Sauce Tartare|spa|1
|-boost|p2a: Sauce Tartare|spe|1
|-activate|p2a: Sauce Tartare|ability: Battle Bond
|
|upkeep
|inactive|Kams78190 has 120 seconds left.
|
|t:|1757954498
|switch|p1a: Raging Bolt|Raging Bolt|100/100
|-damage|p1a: Raging Bolt|88/100|[from] Spikes
|turn|15
|
|t:|1757954503
|move|p1a: Raging Bolt|Thunderclap|p2a: Sauce Tartare
|-supereffective|p2a: Sauce Tartare
|-damage|p2a: Sauce Tartare|0 fnt
|faint|p2a: Sauce Tartare
|-damage|p1a: Raging Bolt|78/100|[from] item: Life Orb
|
|upkeep
|inactive|zeugmaster has 30 seconds left.
|inactive|zeugmaster has 20 seconds left.
|inactive|zeugmaster has 15 seconds left.
|
|t:|1757954539
|switch|p2a: Dark Sauce|Ceruledge, F|100/100
|-damage|p2a: Dark Sauce|76/100|[from] Stealth Rock
|-damage|p2a: Dark Sauce|63/100|[from] Spikes
|turn|16
|inactive|zeugmaster has 25 seconds left this turn.
|inactive|zeugmaster has 20 seconds left.
|
|t:|1757954548
|move|p1a: Raging Bolt|Dragon Pulse|p2a: Dark Sauce
|-damage|p2a: Dark Sauce|19/100
|-damage|p1a: Raging Bolt|68/100|[from] item: Life Orb
|move|p2a: Dark Sauce|Poltergeist|p1a: Raging Bolt
|-activate|p1a: Raging Bolt|move: Poltergeist|Life Orb
|-damage|p1a: Raging Bolt|11/100
|
|upkeep
|turn|17
|inactive|zeugmaster has 30 seconds left this turn.
|
|t:|1757954558
|move|p1a: Raging Bolt|Thunderclap|p2a: Dark Sauce
|-crit|p2a: Dark Sauce
|-damage|p2a: Dark Sauce|0 fnt
|faint|p2a: Dark Sauce
|-damage|p1a: Raging Bolt|1/100|[from] item: Life Orb
|
|upkeep
|inactive|zeugmaster has 30 seconds left this turn.
|
|t:|1757954567
|switch|p2a: Glisosse|Gliscor, M|76/100
|-damage|p2a: Glisosse|63/100|[from] Stealth Rock
|turn|18
|inactive|zeugmaster has 30 seconds left.
|
|t:|1757954574
|move|p1a: Raging Bolt|Dragon Pulse|p2a: Glisosse
|-damage|p2a: Glisosse|0 fnt
|faint|p2a: Glisosse
|-damage|p1a: Raging Bolt|0 fnt|[from] item: Life Orb
|faint|p1a: Raging Bolt
|-end|p1a: Raging Bolt|Protosynthesis|[silent]
|
|upkeep
|inactive|zeugmaster has 30 seconds left.
|
|t:|1757954581
|switch|p1a: Slither Wing|Slither Wing|76/100
|switch|p2a: Sauce Piquante|Heatran, M|88/100
|-damage|p1a: Slither Wing|63/100|[from] Spikes
|-damage|p2a: Sauce Piquante|76/100|[from] Stealth Rock
|-damage|p2a: Sauce Piquante|63/100|[from] Spikes
|turn|19
|
|t:|1757954590
|-terastallize|p1a: Slither Wing|Fire
|-terastallize|p2a: Sauce Piquante|Grass
|move|p1a: Slither Wing|Earthquake|p2a: Sauce Piquante
|-resisted|p2a: Sauce Piquante
|-damage|p2a: Sauce Piquante|52/100
|move|p2a: Sauce Piquante|Magma Storm|p1a: Slither Wing|[miss]
|-miss|p2a: Sauce Piquante|p1a: Slither Wing
|
|-heal|p2a: Sauce Piquante|59/100|[from] item: Leftovers
|upkeep
|turn|20
|
|t:|1757954604
|-end|p1a: Slither Wing|Protosynthesis|[silent]
|switch|p1a: Venusaur|Venusaur, F|69/100
|-damage|p1a: Venusaur|57/100|[from] Spikes
|move|p2a: Sauce Piquante|Protect||[still]
|-fail|p2a: Sauce Piquante
|
|-heal|p2a: Sauce Piquante|65/100|[from] item: Leftovers
|upkeep
|turn|21
|
|t:|1757954616
|move|p1a: Venusaur|Earthquake|p2a: Sauce Piquante
|-resisted|p2a: Sauce Piquante
|-damage|p2a: Sauce Piquante|57/100
|-damage|p1a: Venusaur|47/100|[from] item: Life Orb
|move|p2a: Sauce Piquante|Substitute|p2a: Sauce Piquante
|-start|p2a: Sauce Piquante|Substitute
|-damage|p2a: Sauce Piquante|32/100
|
|-heal|p2a: Sauce Piquante|38/100|[from] item: Leftovers
|upkeep
|turn|22
|
|t:|1757954633
|move|p2a: Sauce Piquante|Protect|p2a: Sauce Piquante
|-singleturn|p2a: Sauce Piquante|Protect
|move|p1a: Venusaur|Weather Ball|p2a: Sauce Piquante
|-activate|p2a: Sauce Piquante|move: Protect
|
|-heal|p2a: Sauce Piquante|45/100|[from] item: Leftovers
|upkeep
|turn|23
|
|t:|1757954643
|move|p1a: Venusaur|Growth|p1a: Venusaur
|-boost|p1a: Venusaur|atk|1
|-boost|p1a: Venusaur|spa|1
|move|p2a: Sauce Piquante|Magma Storm|p1a: Venusaur
|-supereffective|p1a: Venusaur
|-damage|p1a: Venusaur|0 fnt
|faint|p1a: Venusaur
|
|-heal|p2a: Sauce Piquante|51/100|[from] item: Leftovers
|upkeep
|
|t:|1757954653
|switch|p1a: Slither Wing|Slither Wing, tera:Fire|63/100
|-damage|p1a: Slither Wing|51/100|[from] Spikes
|turn|24
|
|t:|1757954667
|move|p2a: Sauce Piquante|Protect|p2a: Sauce Piquante
|-singleturn|p2a: Sauce Piquante|Protect
|move|p1a: Slither Wing|First Impression|p2a: Sauce Piquante
|-activate|p2a: Sauce Piquante|move: Protect
|
|-heal|p2a: Sauce Piquante|57/100|[from] item: Leftovers
|upkeep
|turn|25
|
|t:|1757954683
|move|p1a: Slither Wing|U-turn|p2a: Sauce Piquante
|-supereffective|p2a: Sauce Piquante
|-end|p2a: Sauce Piquante|Substitute
|move|p2a: Sauce Piquante|Scorching Sands|p1a: Slither Wing
|-supereffective|p1a: Slither Wing
|-damage|p1a: Slither Wing|21/100
|
|-heal|p2a: Sauce Piquante|63/100|[from] item: Leftovers
|upkeep
|turn|26
|
|t:|1757954692
|move|p2a: Sauce Piquante|Protect|p2a: Sauce Piquante
|-singleturn|p2a: Sauce Piquante|Protect
|move|p1a: Slither Wing|U-turn|p2a: Sauce Piquante
|-activate|p2a: Sauce Piquante|move: Protect
|
|-heal|p2a: Sauce Piquante|69/100|[from] item: Leftovers
|upkeep
|turn|27
|
|t:|1757954700
|move|p1a: Slither Wing|U-turn|p2a: Sauce Piquante
|-supereffective|p2a: Sauce Piquante
|-damage|p2a: Sauce Piquante|22/100
|move|p2a: Sauce Piquante|Scorching Sands|p1a: Slither Wing
|-supereffective|p1a: Slither Wing
|-damage|p1a: Slither Wing|0 fnt
|faint|p1a: Slither Wing
|-end|p1a: Slither Wing|Protosynthesis|[silent]
|
|win|zeugmaster
|raw|Kams78190's rating: 1257 &rarr; <strong>1230</strong><br />(-27 for losing)
|raw|zeugmaster's rating: 1224 &rarr; <strong>1251</strong><br />(+27 for winning)
|c|☆zeugmaster|gg
|l|☆zeugmaster
|player|p2|
|l|☆Kams78190
|player|p1|
