|j|☆GarbagioFilth
|j|☆booobieee
|t:|1757895204
|gametype|singles
|player|p1|GarbagioFilth|byron|1465
|player|p2|booobieee|169|1469
|gen|9
|tier|[Gen 9] OU
|rated|
|rule|HP Percentage Mod: HP is shown in percentages
|rule|Endless Battle Clause: Forcing endless battles is banned
|rule|Species Clause: Limit one of each Pokémon
|rule|OHKO Clause: OHKO moves are banned
|rule|Evasion Items Clause: Evasion items are banned
|rule|Evasion Moves Clause: Evasion moves are banned
|rule|Evasion Abilities Clause: Evasion abilities are banned
|rule|Sleep Moves Clause: Sleep-inducing moves are banned
|clearpoke
|poke|p1|Dondozo, F|
|poke|p1|Blissey, F|
|poke|p1|Corviknight, F|
|poke|p1|Weezing-Galar, F|
|poke|p1|Gliscor, F|
|poke|p1|Toxapex, M|
|poke|p2|Kyurem|
|poke|p2|Weezing-Galar, M|
|poke|p2|Great Tusk|
|poke|p2|Lokix, M|
|poke|p2|Corviknight, F|
|poke|p2|Basculegion-F, F|
|teampreview
|inactive|Battle timer is ON: inactive players will automatically lose when time's up. (requested by GarbagioFilth)
|
|t:|1757895237
|teamsize|p1|6
|teamsize|p2|6
|start
|switch|p1a: Stallmate|Gliscor, F|100/100
|switch|p2a: Great Tusk|Great Tusk|100/100
|turn|1
|inactive|GarbagioFilth has 120 seconds left.
|
|t:|1757895288
|move|p1a: Stallmate|Protect|p1a: Stallmate
|-singleturn|p1a: Stallmate|Protect
|move|p2a: Great Tusk|Stealth Rock|p1a: Stallmate
|-sidestart|p1: GarbagioFilth|move: Stealth Rock
|
|-status|p1a: Stallmate|tox|[from] item: Toxic Orb
|upkeep
|turn|2
|inactive|GarbagioFilth has 90 seconds left.
|
|t:|1757895314
|switch|p1a: Stalinski|Corviknight, F|100/100
|-damage|p1a: Stalinski|88/100|[from] Stealth Rock
|-ability|p1a: Stalinski|Pressure
|move|p2a: Great Tusk|Knock Off|p1a: Stalinski
|-damage|p1a: Stalinski|67/100
|-enditem|p1a: Stalinski|Leftovers|[from] move: Knock Off|[of] p2a: Great Tusk
|
|upkeep
|turn|3
|inactive|GarbagioFilth has 90 seconds left.
|inactive|GarbagioFilth has 60 seconds left.
|
|t:|1757895370
|-end|p2a: Great Tusk|Protosynthesis|[silent]
|switch|p2a: Basculegion|Basculegion-F, F|100/100
|move|p1a: Stalinski|Defog|p2a: Basculegion
|-unboost|p2a: Basculegion|evasion|1
|-sideend|p1: GarbagioFilth|Stealth Rock|[from] move: Defog|[of] p1a: Stalinski
|
|upkeep
|turn|4
|
|t:|1757895374
|switch|p1a: Stalingrad|Blissey, F|100/100
|move|p2a: Basculegion|Flip Turn|p1a: Stalingrad
|-damage|p1a: Stalingrad|77/100
|
|t:|1757895380
|switch|p2a: Lokix|Lokix, M|100/100|[from] Flip Turn
|
|-heal|p1a: Stalingrad|83/100|[from] item: Leftovers
|upkeep
|turn|5
|inactive|GarbagioFilth has 60 seconds left.
|
|t:|1757895401
|switch|p1a: Stalinski|Corviknight, F|67/100
|-ability|p1a: Stalinski|Pressure
|move|p2a: Lokix|Knock Off|p1a: Stalinski
|-damage|p1a: Stalinski|37/100
|
|upkeep
|turn|6
|
|t:|1757895412
|switch|p2a: Great Tusk|Great Tusk|100/100
|move|p1a: Stalinski|Roost|p1a: Stalinski
|-heal|p1a: Stalinski|87/100
|-singleturn|p1a: Stalinski|move: Roost
|
|upkeep
|turn|7
|
|t:|1757895420
|-end|p2a: Great Tusk|Protosynthesis|[silent]
|switch|p2a: Corviknight|Corviknight, F|100/100
|-ability|p2a: Corviknight|Pressure
|move|p1a: Stalinski|Iron Defense|p1a: Stalinski
|-boost|p1a: Stalinski|def|2
|
|upkeep
|turn|8
|inactive|GarbagioFilth has 60 seconds left.
|
|t:|1757895434
|switch|p1a: Stallmate|Gliscor, F|100/100 tox
|switch|p2a: Basculegion|Basculegion-F, F|100/100
|
|upkeep
|turn|9
|
|t:|1757895443
|move|p1a: Stallmate|Protect|p1a: Stallmate
|-singleturn|p1a: Stallmate|Protect
|move|p2a: Basculegion|Flip Turn|p1a: Stallmate
|-activate|p1a: Stallmate|move: Protect
|
|upkeep
|turn|10
|inactive|GarbagioFilth has 60 seconds left.
|
|t:|1757895485
|-terastallize|p1a: Stallmate|Water
|move|p2a: Basculegion|Flip Turn|p1a: Stallmate
|-resisted|p1a: Stallmate
|-damage|p1a: Stallmate|91/100 tox
|
|t:|1757895492
|switch|p2a: Weezing|Weezing-Galar, M|100/100|[from] Flip Turn
|-ability|p2a: Weezing|Neutralizing Gas
|move|p1a: Stallmate|Knock Off|p2a: Weezing
|-resisted|p2a: Weezing
|-damage|p2a: Weezing|94/100
|-enditem|p2a: Weezing|Assault Vest|[from] move: Knock Off|[of] p1a: Stallmate
|
|-damage|p1a: Stallmate|72/100 tox|[from] psn
|upkeep
|turn|11
|
|t:|1757895505
|switch|p1a: Staletto|Weezing-Galar, F|100/100
|-ability|p1a: Staletto|Neutralizing Gas
|move|p2a: Weezing|Venoshock|p1a: Staletto
|-damage|p1a: Staletto|74/100
|
|upkeep
|turn|12
|
|t:|1757895518
|move|p1a: Staletto|Will-O-Wisp|p2a: Weezing
|-status|p2a: Weezing|brn
|move|p2a: Weezing|Sludge Bomb|p1a: Staletto
|-damage|p1a: Staletto|38/100
|
|-damage|p2a: Weezing|88/100 brn|[from] brn
|upkeep
|turn|13
|
|t:|1757895527
|move|p1a: Staletto|Pain Split|p2a: Weezing
|-sethp|p2a: Weezing|63/100 brn|[from] move: Pain Split|[silent]
|-sethp|p1a: Staletto|62/100|[from] move: Pain Split
|move|p2a: Weezing|Sludge Bomb|p1a: Staletto
|-damage|p1a: Staletto|24/100
|
|-damage|p2a: Weezing|57/100 brn|[from] brn
|upkeep
|turn|14
|
|t:|1757895535
|move|p1a: Staletto|Pain Split|p2a: Weezing
|-sethp|p2a: Weezing|40/100 brn|[from] move: Pain Split|[silent]
|-sethp|p1a: Staletto|40/100|[from] move: Pain Split
|move|p2a: Weezing|Fire Blast|p1a: Staletto
|-damage|p1a: Staletto|10/100
|
|-damage|p2a: Weezing|34/100 brn|[from] brn
|upkeep
|turn|15
|inactive|GarbagioFilth has 60 seconds left.
|
|t:|1757895547
|switch|p1a: Stalinski|Corviknight, F|87/100
|move|p2a: Weezing|Sludge Bomb|p1a: Stalinski
|-immune|p1a: Stalinski
|
|-damage|p2a: Weezing|28/100 brn|[from] brn
|upkeep
|turn|16
|
|t:|1757895555
|switch|p1a: Stallking|Toxapex, M|100/100
|move|p2a: Weezing|Fire Blast|p1a: Stallking
|-resisted|p1a: Stallking
|-damage|p1a: Stallking|93/100
|
|-heal|p1a: Stallking|99/100|[from] item: Leftovers
|-damage|p2a: Weezing|22/100 brn|[from] brn
|upkeep
|turn|17
|
|t:|1757895574
|-end|p2a: Weezing|ability: Neutralizing Gas
|switch|p2a: Corviknight|Corviknight, F|100/100
|-ability|p2a: Corviknight|Pressure
|switch|p1a: Stalingrad|Blissey, F|83/100
|
|-heal|p1a: Stalingrad|89/100|[from] item: Leftovers
|upkeep
|turn|18
|
|t:|1757895581
|switch|p1a: Stalinski|Corviknight, F|87/100
|-ability|p1a: Stalinski|Pressure
|move|p2a: Corviknight|Iron Defense|p2a: Corviknight
|-boost|p2a: Corviknight|def|2
|
|upkeep
|turn|19
|
|t:|1757895597
|move|p1a: Stalinski|Iron Defense|p1a: Stalinski
|-boost|p1a: Stalinski|def|2
|move|p2a: Corviknight|Iron Defense|p2a: Corviknight
|-boost|p2a: Corviknight|def|2
|
|upkeep
|turn|20
|inactive|GarbagioFilth has 60 seconds left.
|
|t:|1757895613
|move|p1a: Stalinski|Iron Defense|p1a: Stalinski
|-boost|p1a: Stalinski|def|2
|move|p2a: Corviknight|Iron Defense|p2a: Corviknight
|-boost|p2a: Corviknight|def|2
|
|upkeep
|turn|21
|
|t:|1757895632
|move|p1a: Stalinski|Iron Defense|p1a: Stalinski
|-boost|p1a: Stalinski|def|2
|move|p2a: Corviknight|Body Press|p1a: Stalinski
|-damage|p1a: Stalinski|74/100
|
|upkeep
|turn|22
|
|t:|1757895645
|move|p1a: Stalinski|Iron Defense|p1a: Stalinski
|-boost|p1a: Stalinski|def|0
|move|p2a: Corviknight|Body Press|p1a: Stalinski
|-damage|p1a: Stalinski|62/100
|
|upkeep
|turn|23
|
|t:|1757895652
|move|p1a: Stalinski|Roost|p1a: Stalinski
|-heal|p1a: Stalinski|100/100
|-singleturn|p1a: Stalinski|move: Roost
|move|p2a: Corviknight|Body Press|p1a: Stalinski
|-supereffective|p1a: Stalinski
|-damage|p1a: Stalinski|72/100
|
|upkeep
|turn|24
|
|t:|1757895661
|move|p1a: Stalinski|Iron Defense|p1a: Stalinski
|-boost|p1a: Stalinski|def|0
|move|p2a: Corviknight|Body Press|p1a: Stalinski
|-damage|p1a: Stalinski|60/100
|
|upkeep
|turn|25
|
|t:|1757895667
|move|p1a: Stalinski|Body Press|p2a: Corviknight
|-damage|p2a: Corviknight|83/100
|-damage|p1a: Stalinski|43/100|[from] item: Rocky Helmet|[of] p2a: Corviknight
|move|p2a: Corviknight|Body Press|p1a: Stalinski
|-damage|p1a: Stalinski|30/100
|
|upkeep
|turn|26
|
|t:|1757895683
|switch|p2a: Basculegion|Basculegion-F, F|100/100
|move|p1a: Stalinski|Roost|p1a: Stalinski
|-heal|p1a: Stalinski|80/100
|-singleturn|p1a: Stalinski|move: Roost
|
|upkeep
|turn|27
|inactive|GarbagioFilth has 90 seconds left.
|
|t:|1757895694
|switch|p1a: Stalin|Dondozo, F|100/100
|move|p2a: Basculegion|Flip Turn|p1a: Stalin
|-resisted|p1a: Stalin
|-damage|p1a: Stalin|95/100
|
|t:|1757895697
|switch|p2a: Kyurem|Kyurem|100/100|[from] Flip Turn
|-ability|p2a: Kyurem|Pressure
|
|-heal|p1a: Stalin|100/100|[from] item: Leftovers
|upkeep
|turn|28
|inactive|GarbagioFilth has 90 seconds left.
|
|t:|1757895717
|switch|p2a: Basculegion|Basculegion-F, F|100/100
|switch|p1a: Stalingrad|Blissey, F|89/100
|
|-heal|p1a: Stalingrad|95/100|[from] item: Leftovers
|upkeep
|turn|29
|inactive|GarbagioFilth has 90 seconds left.
|
|t:|1757895737
|switch|p1a: Stallking|Toxapex, M|100/100
|move|p2a: Basculegion|Shadow Ball|p1a: Stallking
|-damage|p1a: Stallking|74/100
|-unboost|p1a: Stallking|spd|1
|
|-heal|p1a: Stallking|80/100|[from] item: Leftovers
|upkeep
|turn|30
|-message|booobieee forfeited.
|
|win|GarbagioFilth
|raw|GarbagioFilth's rating: 1465 &rarr; <strong>1485</strong><br />(+20 for winning)
|raw|booobieee's rating: 1469 &rarr; <strong>1449</strong><br />(-20 for losing)
|l|☆booobieee
|player|p2|
|l|☆GarbagioFilth
|player|p1|
