|j|☆sas4
|j|☆noahthepenguin
|t:|1757860631
|gametype|singles
|player|p1|sas4|lucas|1097
|player|p2|noahthepenguin|unknown|1086
|gen|9
|tier|[Gen 9] OU
|rated|
|rule|HP Percentage Mod: HP is shown in percentages
|rule|Endless Battle Clause: Forcing endless battles is banned
|rule|Species Clause: Limit one of each Pokémon
|rule|OHKO Clause: OHKO moves are banned
|rule|Evasion Items Clause: Evasion items are banned
|rule|Evasion Moves Clause: Evasion moves are banned
|rule|Evasion Abilities Clause: Evasion abilities are banned
|rule|Sleep Moves Clause: Sleep-inducing moves are banned
|clearpoke
|poke|p1|Azumarill, M|
|poke|p1|Pelipper, M|
|poke|p1|Politoed, M|
|poke|p1|Corviknight, F|
|poke|p1|Cloyster, F|
|poke|p1|Rotom-Mow|
|poke|p2|Kyurem|
|poke|p2|Falinks|
|poke|p2|Dragapult, M|
|poke|p2|Iron Leaves|
|poke|p2|Quagsire, M|
|poke|p2|Pawmot, M|
|teampreview
|inactive|Battle timer is ON: inactive players will automatically lose when time's up. (requested by noahthepenguin)
|
|t:|1757860643
|teamsize|p1|6
|teamsize|p2|6
|start
|switch|p1a: Cloyster|Cloyster, F|100/100
|switch|p2a: Bro squad|Falinks|100/100
|turn|1
|
|t:|1757860657
|move|p2a: Bro squad|Iron Head|p1a: Cloyster
|-damage|p1a: Cloyster|84/100
|cant|p1a: Cloyster|flinch
|
|upkeep
|turn|2
|
|t:|1757860663
|move|p2a: Bro squad|Close Combat|p1a: Cloyster
|-supereffective|p1a: Cloyster
|-damage|p1a: Cloyster|0 fnt
|-unboost|p2a: Bro squad|def|1
|-unboost|p2a: Bro squad|spd|1
|faint|p1a: Cloyster
|
|upkeep
|c|☆noahthepenguin|Yesss
|
|t:|1757860674
|switch|p1a: Pelipper|Pelipper, M|100/100
|-weather|RainDance|[from] ability: Drizzle|[of] p1a: Pelipper
|turn|3
|
|t:|1757860679
|-terastallize|p2a: Bro squad|Steel
|move|p2a: Bro squad|No Retreat|p2a: Bro squad
|-boost|p2a: Bro squad|atk|1
|-boost|p2a: Bro squad|def|1
|-boost|p2a: Bro squad|spa|1
|-boost|p2a: Bro squad|spd|1
|-boost|p2a: Bro squad|spe|1
|-start|p2a: Bro squad|move: No Retreat
|move|p1a: Pelipper|Hurricane|p2a: Bro squad
|-resisted|p2a: Bro squad
|-damage|p2a: Bro squad|60/100
|
|-weather|RainDance|[upkeep]
|upkeep
|turn|4
|
|t:|1757860691
|move|p2a: Bro squad|Knock Off|p1a: Pelipper
|-damage|p1a: Pelipper|59/100
|-enditem|p1a: Pelipper|Damp Rock|[from] move: Knock Off|[of] p2a: Bro squad
|move|p1a: Pelipper|Hydro Pump|p2a: Bro squad
|-damage|p2a: Bro squad|0 fnt
|faint|p2a: Bro squad
|
|-weather|RainDance|[upkeep]
|upkeep
|
|t:|1757860703
|switch|p2a: 2 horn|Iron Leaves|100/100
|-enditem|p2a: 2 horn|Booster Energy
|-activate|p2a: 2 horn|ability: Quark Drive|[fromitem]
|-start|p2a: 2 horn|quarkdriveatk
|turn|5
|
|t:|1757860708
|move|p2a: 2 horn|Leaf Blade|p1a: Pelipper
|-damage|p1a: Pelipper|0 fnt
|faint|p1a: Pelipper
|
|-weather|RainDance|[upkeep]
|upkeep
|
|t:|1757860717
|switch|p1a: Azumarill|Azumarill, M|100/100
|turn|6
|
|t:|1757860721
|move|p2a: 2 horn|Swords Dance|p2a: 2 horn
|-boost|p2a: 2 horn|atk|2
|move|p1a: Azumarill|Belly Drum|p1a: Azumarill
|-damage|p1a: Azumarill|50/100
|-setboost|p1a: Azumarill|atk|6|[from] move: Belly Drum
|-enditem|p1a: Azumarill|Sitrus Berry|[eat]
|-heal|p1a: Azumarill|75/100|[from] item: Sitrus Berry
|
|-weather|RainDance|[upkeep]
|upkeep
|turn|7
|
|t:|1757860731
|move|p1a: Azumarill|Aqua Jet|p2a: 2 horn
|-resisted|p2a: 2 horn
|-damage|p2a: 2 horn|12/100
|move|p2a: 2 horn|Leaf Blade|p1a: Azumarill
|-supereffective|p1a: Azumarill
|-damage|p1a: Azumarill|0 fnt
|faint|p1a: Azumarill
|
|-weather|RainDance|[upkeep]
|upkeep
|-message|sas4 forfeited.
|
|win|noahthepenguin
|raw|sas4's rating: 1097 &rarr; <strong>1072</strong><br />(-25 for losing)
|raw|noahthepenguin's rating: 1086 &rarr; <strong>1114</strong><br />(+28 for winning)
|l|☆sas4
|player|p1|
|l|☆noahthepenguin
|player|p2|
