|j|☆pocketsalsa
|j|☆WYH666
|t:|1757824449
|gametype|singles
|player|p1|pocketsalsa|ruinmaniac|1308
|player|p2|WYH666|fisherman-gen4|1288
|gen|9
|tier|[Gen 9] OU
|rated|
|rule|HP Percentage Mod: HP is shown in percentages
|rule|Endless Battle Clause: Forcing endless battles is banned
|rule|Species Clause: Limit one of each Pokémon
|rule|OHKO Clause: OHKO moves are banned
|rule|Evasion Items Clause: Evasion items are banned
|rule|Evasion Moves Clause: Evasion moves are banned
|rule|Evasion Abilities Clause: Evasion abilities are banned
|rule|Sleep Moves Clause: Sleep-inducing moves are banned
|clearpoke
|poke|p1|Sinistcha|
|poke|p1|Tinkaton, F|
|poke|p1|Gliscor, M|
|poke|p1|Dragapult, M|
|poke|p1|Darkrai|
|poke|p1|Corviknight, F|
|poke|p2|Great Tusk|
|poke|p2|Heatran, M|
|poke|p2|Weavile, M|
|poke|p2|Primarina, M|
|poke|p2|Ogerpon, F|
|poke|p2|Pecharunt|
|teampreview
|inactive|Battle timer is ON: inactive players will automatically lose when time's up. (requested by pocketsalsa)
|
|t:|1757824464
|teamsize|p1|6
|teamsize|p2|6
|start
|switch|p1a: Clef Hammer|Tinkaton, F|100/100
|switch|p2a: Chaos|Heatran, M, shiny|100/100
|-item|p1a: Clef Hammer|Air Balloon
|-item|p2a: Chaos|Air Balloon
|turn|1
|
|t:|1757824485
|switch|p1a: BatSucks|Gliscor, M|100/100
|move|p2a: Chaos|Magma Storm|p1a: BatSucks|[miss]
|-miss|p2a: Chaos|p1a: BatSucks
|
|-status|p1a: BatSucks|tox|[from] item: Toxic Orb
|upkeep
|turn|2
|
|t:|1757824495
|move|p2a: Chaos|Stealth Rock|p1a: BatSucks
|-sidestart|p1: pocketsalsa|move: Stealth Rock
|move|p1a: BatSucks|Knock Off|p2a: Chaos
|-damage|p2a: Chaos|80/100
|-enditem|p2a: Chaos|Air Balloon
|
|upkeep
|turn|3
|
|t:|1757824510
|switch|p2a: Celestine|Primarina, M, shiny|100/100
|move|p1a: BatSucks|Spikes|p2a: Celestine
|-sidestart|p2: WYH666|Spikes
|
|upkeep
|turn|4
|
|t:|1757824524
|switch|p1a: ACorvDiedCaw|Corviknight, F|100/100
|-damage|p1a: ACorvDiedCaw|88/100|[from] Stealth Rock
|-ability|p1a: ACorvDiedCaw|Pressure
|move|p2a: Celestine|Moonblast|p1a: ACorvDiedCaw
|-resisted|p1a: ACorvDiedCaw
|-damage|p1a: ACorvDiedCaw|61/100
|
|upkeep
|turn|5
|
|t:|1757824533
|move|p1a: ACorvDiedCaw|Roost|p1a: ACorvDiedCaw
|-heal|p1a: ACorvDiedCaw|100/100
|-singleturn|p1a: ACorvDiedCaw|move: Roost
|move|p2a: Celestine|Whirlpool|p1a: ACorvDiedCaw|[miss]
|-miss|p2a: Celestine|p1a: ACorvDiedCaw
|
|upkeep
|turn|6
|
|t:|1757824541
|move|p1a: ACorvDiedCaw|Brave Bird|p2a: Celestine
|-crit|p2a: Celestine
|-damage|p2a: Celestine|31/100
|-damage|p1a: ACorvDiedCaw|80/100|[from] Recoil
|move|p2a: Celestine|Flip Turn|p1a: ACorvDiedCaw
|-damage|p1a: ACorvDiedCaw|71/100
|-damage|p2a: Celestine|14/100|[from] item: Rocky Helmet|[of] p1a: ACorvDiedCaw
|
|t:|1757824550
|switch|p2a: Chaos|Heatran, M, shiny|80/100|[from] Flip Turn
|-damage|p2a: Chaos|68/100|[from] Spikes
|
|upkeep
|turn|7
|
|t:|1757824579
|switch|p1a: Scute|Dragapult, M|100/100
|move|p2a: Chaos|Magma Storm|p1a: Scute
|-resisted|p1a: Scute
|-damage|p1a: Scute|65/100
|-activate|p1a: Scute|move: Magma Storm|[of] p2a: Chaos
|
|-damage|p1a: Scute|53/100|[from] move: Magma Storm|[partiallytrapped]
|upkeep
|turn|8
|
|t:|1757824590
|move|p1a: Scute|U-turn|p2a: Chaos
|-resisted|p2a: Chaos
|-damage|p2a: Chaos|63/100
|
|t:|1757824593
|switch|p1a: BatSucks|Gliscor, M|100/100 tox|[from] U-turn
|-damage|p1a: BatSucks|88/100 tox|[from] Stealth Rock
|move|p2a: Chaos|Earth Power|p1a: BatSucks
|-immune|p1a: BatSucks
|
|-heal|p1a: BatSucks|100/100 tox|[from] ability: Poison Heal
|upkeep
|turn|9
|
|t:|1757824602
|move|p2a: Chaos|Taunt|p1a: BatSucks
|-start|p1a: BatSucks|move: Taunt
|cant|p1a: BatSucks|move: Taunt|Toxic
|
|upkeep
|turn|10
|
|t:|1757824616
|switch|p1a: ACorvDiedCaw|Corviknight, F|71/100
|-damage|p1a: ACorvDiedCaw|59/100|[from] Stealth Rock
|-ability|p1a: ACorvDiedCaw|Pressure
|move|p2a: Chaos|Magma Storm|p1a: ACorvDiedCaw
|-supereffective|p1a: ACorvDiedCaw
|-damage|p1a: ACorvDiedCaw|0 fnt
|faint|p1a: ACorvDiedCaw
|
|upkeep
|
|t:|1757824635
|switch|p1a: 7777777|Darkrai|100/100
|turn|11
|
|t:|1757824649
|move|p1a: 7777777|Dark Pulse|p2a: Chaos
|-damage|p2a: Chaos|19/100
|move|p2a: Chaos|Magma Storm|p1a: 7777777|[miss]
|-miss|p2a: Chaos|p1a: 7777777
|
|upkeep
|turn|12
|
|t:|1757824661
|move|p1a: 7777777|Knock Off|p2a: Chaos
|-damage|p2a: Chaos|0 fnt
|faint|p2a: Chaos
|
|upkeep
|
|t:|1757824670
|switch|p2a: Anonymous|Ogerpon, F|100/100
|-damage|p2a: Anonymous|88/100|[from] Spikes
|turn|13
|l|☆WYH666
|inactive|WYH666 disconnected and has a minute to reconnect!
|player|p2|
|inactive|WYH666 has 30 seconds to reconnect!
|inactive|WYH666 has 20 seconds to reconnect!
|inactive|WYH666 has 15 seconds to reconnect!
|inactive|WYH666 has 10 seconds to reconnect!
|inactive|WYH666 has 5 seconds to reconnect!
|-message|WYH666 lost due to inactivity.
|
|win|pocketsalsa
|raw|pocketsalsa's rating: 1308 &rarr; <strong>1327</strong><br />(+19 for winning)
|raw|WYH666's rating: 1288 &rarr; <strong>1264</strong><br />(-24 for losing)
|l|☆pocketsalsa
|player|p1|
|j|☆WYH666
|player|p2|WYH666|fisherman-gen4|
|l|☆WYH666
|player|p2|
