|j|☆tim and moby
|j|☆sprunkysprunky
|t:|1757857596
|gametype|singles
|player|p1|tim and moby|smasher|1549
|player|p2|sprunkysprunky|cyrus|1557
|gen|9
|tier|[Gen 9] OU
|rated|
|rule|HP Percentage Mod: HP is shown in percentages
|rule|Endless Battle Clause: Forcing endless battles is banned
|rule|Species Clause: Limit one of each Pokémon
|rule|OHKO Clause: OHKO moves are banned
|rule|Evasion Items Clause: Evasion items are banned
|rule|Evasion Moves Clause: Evasion moves are banned
|rule|Evasion Abilities Clause: Evasion abilities are banned
|rule|Sleep Moves Clause: Sleep-inducing moves are banned
|clearpoke
|poke|p1|Zapdos|
|poke|p1|Azumarill, M|
|poke|p1|Hydrapple, M|
|poke|p1|Excadrill, F|
|poke|p1|Tyranitar, M|
|poke|p1|Slowking-Galar, F|
|poke|p2|Serperior, M|
|poke|p2|Jirachi|
|poke|p2|Maushold|
|poke|p2|Great Tusk|
|poke|p2|Dragonite, M|
|poke|p2|Polteageist|
|teampreview
|
|t:|1757857665
|teamsize|p1|6
|teamsize|p2|6
|start
|switch|p1a: Slowking|Slowking-Galar, F|100/100
|switch|p2a: Butterscotch|Jirachi|100/100
|turn|1
|
|t:|1757857708
|move|p2a: Butterscotch|Stealth Rock|p1a: Slowking
|-sidestart|p1: tim and moby|move: Stealth Rock
|move|p1a: Slowking|Thunder Wave|p2a: Butterscotch
|-status|p2a: Butterscotch|par
|
|upkeep
|turn|2
|
|t:|1757857716
|move|p2a: Butterscotch|Ice Punch|p1a: Slowking
|-damage|p1a: Slowking|78/100
|-prepare|p1a: Slowking|Chilly Reception|[premajor]
|move|p1a: Slowking|Chilly Reception|p1a: Slowking
|-weather|Snowscape
|
|t:|1757857723
|switch|p1a: Excadrill|Excadrill, F|100/100|[from] Chilly Reception
|-damage|p1a: Excadrill|97/100|[from] Stealth Rock
|-item|p1a: Excadrill|Air Balloon
|
|-weather|Snowscape|[upkeep]
|upkeep
|turn|3
|
|t:|1757857730
|move|p1a: Excadrill|Rapid Spin|p2a: Butterscotch
|-resisted|p2a: Butterscotch
|-damage|p2a: Butterscotch|91/100 par
|-boost|p1a: Excadrill|spe|1
|-sideend|p1: tim and moby|Stealth Rock|[from] move: Rapid Spin|[of] p1a: Excadrill
|move|p2a: Butterscotch|Ice Punch|p1a: Excadrill
|-damage|p1a: Excadrill|69/100
|-enditem|p1a: Excadrill|Air Balloon
|
|-weather|Snowscape|[upkeep]
|upkeep
|turn|4
|
|t:|1757857739
|move|p1a: Excadrill|Earthquake|p2a: Butterscotch
|-supereffective|p2a: Butterscotch
|-damage|p2a: Butterscotch|0 fnt
|faint|p2a: Butterscotch
|
|-weather|Snowscape|[upkeep]
|upkeep
|
|t:|1757857742
|switch|p2a: Biscuit|Polteageist|100/100
|turn|5
|
|t:|1757857748
|move|p1a: Excadrill|Iron Head|p2a: Biscuit
|-damage|p2a: Biscuit|20/100
|-ability|p2a: Biscuit|Weak Armor|boost
|-unboost|p2a: Biscuit|def|1
|-boost|p2a: Biscuit|spe|2
|move|p2a: Biscuit|Shell Smash|p2a: Biscuit
|-unboost|p2a: Biscuit|def|1
|-unboost|p2a: Biscuit|spd|1
|-boost|p2a: Biscuit|atk|2
|-boost|p2a: Biscuit|spa|2
|-boost|p2a: Biscuit|spe|2
|
|-weather|Snowscape|[upkeep]
|upkeep
|turn|6
|
|t:|1757857763
|switch|p1a: Tyranitar|Tyranitar, M|100/100
|-weather|Sandstorm|[from] ability: Sand Stream|[of] p1a: Tyranitar
|move|p2a: Biscuit|Giga Drain|p1a: Tyranitar
|-supereffective|p1a: Tyranitar
|-damage|p1a: Tyranitar|50/100
|-heal|p2a: Biscuit|59/100|[from] drain|[of] p1a: Tyranitar
|
|-weather|Sandstorm|[upkeep]
|-damage|p2a: Biscuit|53/100|[from] Sandstorm
|-heal|p1a: Tyranitar|57/100|[from] item: Leftovers
|upkeep
|turn|7
|
|t:|1757857775
|-terastallize|p2a: Biscuit|Grass
|move|p2a: Biscuit|Giga Drain|p1a: Tyranitar
|-supereffective|p1a: Tyranitar
|-damage|p1a: Tyranitar|0 fnt
|-heal|p2a: Biscuit|96/100|[from] drain|[of] p1a: Tyranitar
|faint|p1a: Tyranitar
|
|-weather|Sandstorm|[upkeep]
|-damage|p2a: Biscuit|90/100|[from] Sandstorm
|upkeep
|
|t:|1757857783
|switch|p1a: Slowking|Slowking-Galar, F|100/100
|turn|8
|
|t:|1757857791
|-terastallize|p1a: Slowking|Water
|move|p2a: Biscuit|Shadow Ball|p1a: Slowking
|-damage|p1a: Slowking|49/100
|move|p1a: Slowking|Sludge Bomb|p2a: Biscuit
|-supereffective|p2a: Biscuit
|-damage|p2a: Biscuit|0 fnt
|faint|p2a: Biscuit
|
|-weather|Sandstorm|[upkeep]
|-damage|p1a: Slowking|43/100|[from] Sandstorm
|upkeep
|
|t:|1757857794
|switch|p2a: Ginseng|Serperior, M|100/100
|turn|9
|
|t:|1757857808
|switch|p1a: Hydrapple|Hydrapple, M|100/100
|move|p2a: Ginseng|Leaf Storm|p1a: Hydrapple
|-resisted|p1a: Hydrapple
|-damage|p1a: Hydrapple|89/100
|-boost|p2a: Ginseng|spa|2
|
|-weather|Sandstorm|[upkeep]
|-damage|p2a: Ginseng|94/100|[from] Sandstorm
|-damage|p1a: Hydrapple|83/100|[from] Sandstorm
|-heal|p2a: Ginseng|100/100|[from] item: Leftovers
|upkeep
|turn|10
|
|t:|1757857818
|move|p2a: Ginseng|Substitute|p2a: Ginseng
|-start|p2a: Ginseng|Substitute
|-damage|p2a: Ginseng|76/100
|move|p1a: Hydrapple|Fickle Beam|p2a: Ginseng
|-end|p2a: Ginseng|Substitute
|
|-weather|none
|-heal|p2a: Ginseng|82/100|[from] item: Leftovers
|upkeep
|turn|11
|
|t:|1757857825
|move|p2a: Ginseng|Glare|p1a: Hydrapple
|-status|p1a: Hydrapple|par
|move|p1a: Hydrapple|Fickle Beam|p2a: Ginseng|[anim] Fickle Beam All Out
|-activate|p1a: Hydrapple|move: Fickle Beam
|-damage|p2a: Ginseng|0 fnt
|faint|p2a: Ginseng
|
|upkeep
|
|t:|1757857835
|switch|p2a: Hot Plate|Dragonite, M|100/100
|turn|12
|
|t:|1757857843
|move|p2a: Hot Plate|Dragon Dance|p2a: Hot Plate
|-boost|p2a: Hot Plate|atk|1
|-boost|p2a: Hot Plate|spe|1
|move|p1a: Hydrapple|Fickle Beam|p2a: Hot Plate
|-supereffective|p2a: Hot Plate
|-damage|p2a: Hot Plate|56/100
|
|upkeep
|turn|13
|
|t:|1757857863
|move|p2a: Hot Plate|Aerial Ace|p1a: Hydrapple
|-supereffective|p1a: Hydrapple
|-damage|p1a: Hydrapple|8/100 par
|move|p1a: Hydrapple|Fickle Beam|p2a: Hot Plate
|-supereffective|p2a: Hot Plate
|-damage|p2a: Hot Plate|0 fnt
|faint|p2a: Hot Plate
|
|upkeep
|
|t:|1757857867
|switch|p2a: Spud|Great Tusk|100/100
|turn|14
|
|t:|1757857882
|switch|p1a: Excadrill|Excadrill, F|69/100
|move|p2a: Spud|Rapid Spin|p1a: Excadrill
|-resisted|p1a: Excadrill
|-damage|p1a: Excadrill|58/100
|-boost|p2a: Spud|spe|1
|
|upkeep
|turn|15
|inactive|Battle timer is ON: inactive players will automatically lose when time's up. (requested by tim and moby)
|
|t:|1757857938
|switch|p1a: Zapdos|Zapdos|100/100
|move|p2a: Spud|Bulk Up|p2a: Spud
|-boost|p2a: Spud|atk|1
|-boost|p2a: Spud|def|1
|
|upkeep
|turn|16
|
|t:|1757857944
|move|p2a: Spud|Ice Spinner|p1a: Zapdos
|-supereffective|p1a: Zapdos
|-damage|p1a: Zapdos|26/100
|move|p1a: Zapdos|Heat Wave|p2a: Spud
|-damage|p2a: Spud|52/100
|
|upkeep
|turn|17
|
|t:|1757857960
|switch|p1a: Hydrapple|Hydrapple, M|41/100 par
|move|p2a: Spud|Ice Spinner|p1a: Hydrapple
|-supereffective|p1a: Hydrapple
|-damage|p1a: Hydrapple|0 fnt
|faint|p1a: Hydrapple
|
|upkeep
|
|t:|1757857967
|switch|p1a: Azumarill|Azumarill, M|100/100
|turn|18
|
|t:|1757857994
|move|p2a: Spud|Earthquake|p1a: Azumarill
|-damage|p1a: Azumarill|24/100
|move|p1a: Azumarill|Liquidation|p2a: Spud
|-supereffective|p2a: Spud
|-damage|p2a: Spud|2/100
|
|upkeep
|turn|19
|
|t:|1757858003
|move|p1a: Azumarill|Aqua Jet|p2a: Spud
|-supereffective|p2a: Spud
|-damage|p2a: Spud|0 fnt
|faint|p2a: Spud
|-end|p2a: Spud|Protosynthesis|[silent]
|
|upkeep
|
|t:|1757858004
|switch|p2a: Croquette|Maushold|100/100
|turn|20
|
|t:|1757858009
|move|p2a: Croquette|Population Bomb|p1a: Azumarill
|-damage|p1a: Azumarill|12/100
|-damage|p1a: Azumarill|1/100
|-damage|p1a: Azumarill|0 fnt
|faint|p1a: Azumarill
|-hitcount|p1: Azumarill|3
|
|upkeep
|
|t:|1757858018
|switch|p1a: Slowking|Slowking-Galar, F, tera:Water|77/100
|turn|21
|
|t:|1757858021
|switch|p1a: Zapdos|Zapdos|26/100
|move|p2a: Croquette|Tidy Up|p2a: Croquette
|-boost|p2a: Croquette|atk|1
|-boost|p2a: Croquette|spe|1
|
|upkeep
|turn|22
|
|t:|1757858028
|move|p2a: Croquette|Population Bomb|p1a: Zapdos
|-damage|p1a: Zapdos|8/100
|-damage|p1a: Zapdos|0 fnt
|faint|p1a: Zapdos
|-hitcount|p1: Zapdos|2
|
|upkeep
|
|t:|1757858034
|switch|p1a: Slowking|Slowking-Galar, F, tera:Water|100/100
|turn|23
|
|t:|1757858037
|move|p2a: Croquette|Population Bomb|p1a: Slowking
|-damage|p1a: Slowking|83/100
|-damage|p1a: Slowking|67/100
|-damage|p1a: Slowking|50/100
|-damage|p1a: Slowking|32/100
|-damage|p1a: Slowking|16/100
|-damage|p1a: Slowking|0 fnt
|faint|p1a: Slowking
|-hitcount|p1: Slowking|6
|
|upkeep
|
|t:|1757858047
|switch|p1a: Excadrill|Excadrill, F|58/100
|turn|24
|
|t:|1757858049
|move|p2a: Croquette|Population Bomb|p1a: Excadrill
|-resisted|p1a: Excadrill
|-damage|p1a: Excadrill|46/100
|-resisted|p1a: Excadrill
|-damage|p1a: Excadrill|35/100
|-resisted|p1a: Excadrill
|-damage|p1a: Excadrill|22/100
|-resisted|p1a: Excadrill
|-damage|p1a: Excadrill|10/100
|-resisted|p1a: Excadrill
|-damage|p1a: Excadrill|0 fnt
|faint|p1a: Excadrill
|-hitcount|p1: Excadrill|5
|
|win|sprunkysprunky
|raw|tim and moby's rating: 1549 &rarr; <strong>1530</strong><br />(-19 for losing)
|raw|sprunkysprunky's rating: 1572 &rarr; <strong>1591</strong><br />(+19 for winning)
|l|☆sprunkysprunky
|player|p2|
|l|☆tim and moby
|player|p1|
