|j|☆cacomixtle
|j|☆dodino
|t:|1757917449
|gametype|singles
|player|p1|cacomixtle|2|1076
|player|p2|dodino|lucas|1136
|gen|9
|tier|[Gen 9] OU
|rated|
|rule|HP Percentage Mod: HP is shown in percentages
|rule|Endless Battle Clause: Forcing endless battles is banned
|rule|Species Clause: Limit one of each Pokémon
|rule|OHKO Clause: OHKO moves are banned
|rule|Evasion Items Clause: Evasion items are banned
|rule|Evasion Moves Clause: Evasion moves are banned
|rule|Evasion Abilities Clause: Evasion abilities are banned
|rule|Sleep Moves Clause: Sleep-inducing moves are banned
|clearpoke
|poke|p1|Excadrill, M|
|poke|p1|Whimsicott, F|
|poke|p1|Dragonite, M|
|poke|p1|Reuniclus, M|
|poke|p1|Hydreigon, M|
|poke|p1|Samurott, M|
|poke|p2|Charjabug, M|
|poke|p2|Reuniclus, F|
|poke|p2|Iron Moth|
|poke|p2|Araquanid, F|
|poke|p2|Glimmora, M|
|poke|p2|Gastrodon-East, F|
|teampreview
|inactive|Battle timer is ON: inactive players will automatically lose when time's up. (requested by dodino)
|
|t:|1757917456
|teamsize|p1|6
|teamsize|p2|6
|start
|switch|p1a: Whimsicott|Whimsicott, F|100/100
|switch|p2a: 전지충이|Charjabug, M|100/100
|turn|1
|
|t:|1757917473
|switch|p2a: 킬라플로르|Glimmora, M|100/100
|move|p1a: Whimsicott|Tailwind|p1a: Whimsicott
|-sidestart|p1: cacomixtle|move: Tailwind
|
|upkeep
|turn|2
|
|t:|1757917480
|move|p1a: Whimsicott|Energy Ball|p2a: 킬라플로르
|-damage|p2a: 킬라플로르|66/100
|move|p2a: 킬라플로르|Mortal Spin|p1a: Whimsicott
|-supereffective|p1a: Whimsicott
|-damage|p1a: Whimsicott|71/100
|-status|p1a: Whimsicott|psn
|
|-damage|p1a: Whimsicott|59/100 psn|[from] psn
|upkeep
|turn|3
|
|t:|1757917494
|switch|p1a: Dragonite|Dragonite, M|100/100
|move|p2a: 킬라플로르|Sludge Wave|p1a: Dragonite
|-damage|p1a: Dragonite|73/100
|
|-heal|p1a: Dragonite|79/100|[from] item: Leftovers
|upkeep
|turn|4
|
|t:|1757917503
|move|p1a: Dragonite|Fire Punch|p2a: 킬라플로르
|-resisted|p2a: 킬라플로르
|-damage|p2a: 킬라플로르|47/100
|-activate|p2a: 킬라플로르|ability: Toxic Debris
|-sidestart|p1: cacomixtle|move: Toxic Spikes
|move|p2a: 킬라플로르|Power Gem|p1a: Dragonite
|-supereffective|p1a: Dragonite
|-damage|p1a: Dragonite|0 fnt
|faint|p1a: Dragonite
|
|-sideend|p1: cacomixtle|move: Tailwind
|upkeep
|
|t:|1757917513
|switch|p1a: Samurott|Samurott, M|100/100
|-status|p1a: Samurott|psn
|turn|5
|
|t:|1757917518
|move|p1a: Samurott|Aqua Jet|p2a: 킬라플로르
|-supereffective|p2a: 킬라플로르
|-damage|p2a: 킬라플로르|0 fnt
|-activate|p2a: 킬라플로르|ability: Toxic Debris
|-sidestart|p1: cacomixtle|move: Toxic Spikes
|faint|p2a: 킬라플로르
|-damage|p1a: Samurott|91/100 psn|[from] item: Life Orb
|
|-damage|p1a: Samurott|78/100 psn|[from] psn
|upkeep
|
|t:|1757917529
|switch|p2a: 무쇠독나방|Iron Moth|100/100
|-enditem|p2a: 무쇠독나방|Booster Energy
|-activate|p2a: 무쇠독나방|ability: Quark Drive|[fromitem]
|-start|p2a: 무쇠독나방|quarkdrivespe
|turn|6
|
|t:|1757917535
|-end|p2a: 무쇠독나방|Quark Drive|[silent]
|switch|p2a: 트리토돈|Gastrodon-East, F|100/100
|move|p1a: Samurott|Razor Shell|p2a: 트리토돈
|-ability|p2a: 트리토돈|Storm Drain|boost
|-boost|p2a: 트리토돈|spa|1
|
|-damage|p1a: Samurott|66/100 psn|[from] psn
|upkeep
|turn|7
|
|t:|1757917553
|switch|p1a: Whimsicott|Whimsicott, F|59/100 psn
|move|p2a: 트리토돈|Earth Power|p1a: Whimsicott
|-resisted|p1a: Whimsicott
|-damage|p1a: Whimsicott|32/100 psn
|
|-damage|p1a: Whimsicott|19/100 psn|[from] psn
|upkeep
|turn|8
|
|t:|1757917565
|-terastallize|p2a: 트리토돈|Fire
|move|p1a: Whimsicott|Energy Ball|p2a: 트리토돈
|-resisted|p2a: 트리토돈
|-damage|p2a: 트리토돈|93/100
|move|p2a: 트리토돈|Clear Smog|p1a: Whimsicott
|-supereffective|p1a: Whimsicott
|-damage|p1a: Whimsicott|0 fnt
|-clearboost|p1a: Whimsicott
|faint|p1a: Whimsicott
|
|upkeep
|
|t:|1757917576
|switch|p1a: Samurott|Samurott, M|66/100 psn
|turn|9
|
|t:|1757917582
|move|p1a: Samurott|Aqua Jet|p2a: 트리토돈
|-ability|p2a: 트리토돈|Storm Drain|boost
|-boost|p2a: 트리토돈|spa|1
|move|p2a: 트리토돈|Earth Power|p1a: Samurott
|-damage|p1a: Samurott|0 fnt
|faint|p1a: Samurott
|
|upkeep
|
|t:|1757917591
|switch|p1a: Excadrill|Excadrill, M|100/100
|-ability|p1a: Excadrill|Mold Breaker
|turn|10
|
|t:|1757917597
|-terastallize|p1a: Excadrill|Ground
|move|p1a: Excadrill|Earthquake|p2a: 트리토돈
|-supereffective|p2a: 트리토돈
|-damage|p2a: 트리토돈|0 fnt
|faint|p2a: 트리토돈
|-damage|p1a: Excadrill|91/100|[from] item: Life Orb
|
|upkeep
|
|t:|1757917607
|switch|p2a: 깨비물거미|Araquanid, F|100/100
|turn|11
|
|t:|1757917616
|move|p1a: Excadrill|Earthquake|p2a: 깨비물거미
|-resisted|p2a: 깨비물거미
|-damage|p2a: 깨비물거미|51/100
|-damage|p1a: Excadrill|81/100|[from] item: Life Orb
|move|p2a: 깨비물거미|Liquidation|p1a: Excadrill
|-supereffective|p1a: Excadrill
|-damage|p1a: Excadrill|0 fnt
|faint|p1a: Excadrill
|
|upkeep
|
|t:|1757917625
|switch|p1a: Hydreigon|Hydreigon, M|100/100
|turn|12
|
|t:|1757917630
|move|p1a: Hydreigon|Draco Meteor|p2a: 깨비물거미
|-damage|p2a: 깨비물거미|0 fnt
|-unboost|p1a: Hydreigon|spa|2
|faint|p2a: 깨비물거미
|
|upkeep
|
|t:|1757917643
|switch|p2a: 전지충이|Charjabug, M|100/100
|turn|13
|
|t:|1757917647
|switch|p1a: Reuniclus|Reuniclus, M|100/100
|-status|p1a: Reuniclus|tox
|move|p2a: 전지충이|Thunder Wave||[still]
|-fail|p2a: 전지충이
|
|upkeep
|turn|14
|
|t:|1757917656
|switch|p1a: Hydreigon|Hydreigon, M|100/100
|move|p2a: 전지충이|Eerie Impulse|p1a: Hydreigon
|-unboost|p1a: Hydreigon|spa|2
|
|upkeep
|turn|15
|
|t:|1757917663
|move|p1a: Hydreigon|Flamethrower|p2a: 전지충이
|-supereffective|p2a: 전지충이
|-damage|p2a: 전지충이|70/100
|move|p2a: 전지충이|Lunge|p1a: Hydreigon
|-supereffective|p1a: Hydreigon
|-damage|p1a: Hydreigon|56/100
|-unboost|p1a: Hydreigon|atk|1
|
|upkeep
|turn|16
|
|t:|1757917671
|move|p1a: Hydreigon|Flamethrower|p2a: 전지충이
|-supereffective|p2a: 전지충이
|-damage|p2a: 전지충이|41/100
|move|p2a: 전지충이|Eerie Impulse|p1a: Hydreigon
|-unboost|p1a: Hydreigon|spa|2
|
|upkeep
|turn|17
|
|t:|1757917678
|move|p1a: Hydreigon|Flamethrower|p2a: 전지충이
|-supereffective|p2a: 전지충이
|-damage|p2a: 전지충이|23/100
|move|p2a: 전지충이|Eerie Impulse|p1a: Hydreigon
|-unboost|p1a: Hydreigon|spa|2
|
|upkeep
|turn|18
|
|t:|1757917685
|move|p1a: Hydreigon|Flamethrower|p2a: 전지충이
|-supereffective|p2a: 전지충이
|-damage|p2a: 전지충이|8/100
|move|p2a: 전지충이|Lunge|p1a: Hydreigon
|-supereffective|p1a: Hydreigon
|-damage|p1a: Hydreigon|9/100
|-unboost|p1a: Hydreigon|atk|1
|
|upkeep
|turn|19
|
|t:|1757917700
|switch|p2a: 란쿨루스|Reuniclus, F|100/100
|move|p1a: Hydreigon|Flamethrower|p2a: 란쿨루스
|-damage|p2a: 란쿨루스|90/100
|
|-status|p2a: 란쿨루스|brn|[from] item: Flame Orb
|upkeep
|turn|20
|
|t:|1757917709
|switch|p1a: Reuniclus|Reuniclus, M|100/100 tox
|move|p2a: 란쿨루스|Trick|p1a: Reuniclus
|-activate|p2a: 란쿨루스|move: Trick|[of] p1a: Reuniclus
|-item|p1a: Reuniclus|Flame Orb|[from] move: Trick
|-item|p2a: 란쿨루스|Leftovers|[from] move: Trick
|
|-heal|p2a: 란쿨루스|96/100 brn|[from] item: Leftovers
|upkeep
|turn|21
|
|t:|1757917720
|move|p2a: 란쿨루스|Psychic Noise|p1a: Reuniclus
|-resisted|p1a: Reuniclus
|-damage|p1a: Reuniclus|86/100 tox
|-start|p1a: Reuniclus|move: Heal Block
|move|p1a: Reuniclus|Shadow Ball|p2a: 란쿨루스
|-supereffective|p2a: 란쿨루스
|-damage|p2a: 란쿨루스|55/100 brn
|
|-heal|p2a: 란쿨루스|61/100 brn|[from] item: Leftovers
|upkeep
|turn|22
|
|t:|1757917734
|move|p2a: 란쿨루스|Calm Mind|p2a: 란쿨루스
|-boost|p2a: 란쿨루스|spa|1
|-boost|p2a: 란쿨루스|spd|1
|move|p1a: Reuniclus|Shadow Ball|p2a: 란쿨루스
|-supereffective|p2a: 란쿨루스
|-damage|p2a: 란쿨루스|35/100 brn
|-unboost|p2a: 란쿨루스|spd|1
|
|-heal|p2a: 란쿨루스|41/100 brn|[from] item: Leftovers
|-end|p1a: Reuniclus|move: Heal Block
|upkeep
|turn|23
|
|t:|1757917747
|move|p2a: 란쿨루스|Recover|p2a: 란쿨루스
|-heal|p2a: 란쿨루스|91/100 brn
|move|p1a: Reuniclus|Shadow Ball|p2a: 란쿨루스
|-supereffective|p2a: 란쿨루스
|-damage|p2a: 란쿨루스|50/100 brn
|
|-heal|p2a: 란쿨루스|56/100 brn|[from] item: Leftovers
|upkeep
|turn|24
|
|t:|1757917758
|move|p2a: 란쿨루스|Calm Mind|p2a: 란쿨루스
|-boost|p2a: 란쿨루스|spa|1
|-boost|p2a: 란쿨루스|spd|1
|move|p1a: Reuniclus|Shadow Ball|p2a: 란쿨루스
|-supereffective|p2a: 란쿨루스
|-damage|p2a: 란쿨루스|29/100 brn
|
|-heal|p2a: 란쿨루스|35/100 brn|[from] item: Leftovers
|upkeep
|turn|25
|
|t:|1757917768
|move|p2a: 란쿨루스|Recover|p2a: 란쿨루스
|-heal|p2a: 란쿨루스|85/100 brn
|move|p1a: Reuniclus|Calm Mind|p1a: Reuniclus
|-boost|p1a: Reuniclus|spa|1
|-boost|p1a: Reuniclus|spd|1
|
|-heal|p2a: 란쿨루스|91/100 brn|[from] item: Leftovers
|upkeep
|turn|26
|
|t:|1757917777
|move|p1a: Reuniclus|Calm Mind|p1a: Reuniclus
|-boost|p1a: Reuniclus|spa|1
|-boost|p1a: Reuniclus|spd|1
|move|p2a: 란쿨루스|Calm Mind|p2a: 란쿨루스
|-boost|p2a: 란쿨루스|spa|1
|-boost|p2a: 란쿨루스|spd|1
|
|-heal|p2a: 란쿨루스|97/100 brn|[from] item: Leftovers
|upkeep
|turn|27
|
|t:|1757917785
|move|p1a: Reuniclus|Shadow Ball|p2a: 란쿨루스
|-supereffective|p2a: 란쿨루스
|-damage|p2a: 란쿨루스|56/100 brn
|move|p2a: 란쿨루스|Calm Mind|p2a: 란쿨루스
|-boost|p2a: 란쿨루스|spa|1
|-boost|p2a: 란쿨루스|spd|1
|
|-heal|p2a: 란쿨루스|63/100 brn|[from] item: Leftovers
|upkeep
|turn|28
|
|t:|1757917795
|move|p1a: Reuniclus|Calm Mind|p1a: Reuniclus
|-boost|p1a: Reuniclus|spa|1
|-boost|p1a: Reuniclus|spd|1
|move|p2a: 란쿨루스|Recover|p2a: 란쿨루스
|-heal|p2a: 란쿨루스|100/100 brn
|
|upkeep
|turn|29
|
|t:|1757917802
|move|p1a: Reuniclus|Calm Mind|p1a: Reuniclus
|-boost|p1a: Reuniclus|spa|1
|-boost|p1a: Reuniclus|spd|1
|move|p2a: 란쿨루스|Calm Mind|p2a: 란쿨루스
|-boost|p2a: 란쿨루스|spa|1
|-boost|p2a: 란쿨루스|spd|1
|
|upkeep
|turn|30
|
|t:|1757917810
|switch|p1a: Hydreigon|Hydreigon, M|9/100
|move|p2a: 란쿨루스|Calm Mind|p2a: 란쿨루스
|-boost|p2a: 란쿨루스|spa|1
|-boost|p2a: 란쿨루스|spd|1
|
|upkeep
|turn|31
|
|t:|1757917817
|move|p1a: Hydreigon|Dark Pulse|p2a: 란쿨루스
|-supereffective|p2a: 란쿨루스
|-damage|p2a: 란쿨루스|66/100 brn
|move|p2a: 란쿨루스|Trick|p1a: Hydreigon
|-activate|p2a: 란쿨루스|move: Trick|[of] p1a: Hydreigon
|-item|p1a: Hydreigon|Leftovers|[from] move: Trick
|-item|p2a: 란쿨루스|Choice Specs|[from] move: Trick
|
|-heal|p1a: Hydreigon|16/100|[from] item: Leftovers
|upkeep
|turn|32
|
|t:|1757917826
|move|p1a: Hydreigon|Draco Meteor|p2a: 란쿨루스
|-damage|p2a: 란쿨루스|49/100 brn
|-unboost|p1a: Hydreigon|spa|2
|move|p2a: 란쿨루스|Trick|p1a: Hydreigon
|-activate|p2a: 란쿨루스|move: Trick|[of] p1a: Hydreigon
|-item|p1a: Hydreigon|Choice Specs|[from] move: Trick
|-item|p2a: 란쿨루스|Leftovers|[from] move: Trick
|
|-heal|p2a: 란쿨루스|55/100 brn|[from] item: Leftovers
|upkeep
|turn|33
|
|t:|1757917837
|move|p1a: Hydreigon|Dark Pulse|p2a: 란쿨루스
|-supereffective|p2a: 란쿨루스
|-damage|p2a: 란쿨루스|38/100 brn
|move|p2a: 란쿨루스|Recover|p2a: 란쿨루스
|-heal|p2a: 란쿨루스|88/100 brn
|
|-heal|p2a: 란쿨루스|94/100 brn|[from] item: Leftovers
|upkeep
|turn|34
|
|t:|1757917848
|switch|p2a: 무쇠독나방|Iron Moth|100/100
|move|p1a: Hydreigon|Dark Pulse|p2a: 무쇠독나방
|-damage|p2a: 무쇠독나방|74/100
|
|upkeep
|turn|35
|
|t:|1757917856
|move|p2a: 무쇠독나방|Fiery Dance|p1a: Hydreigon
|-resisted|p1a: Hydreigon
|-damage|p1a: Hydreigon|0 fnt
|faint|p1a: Hydreigon
|
|upkeep
|
|t:|1757917860
|switch|p1a: Reuniclus|Reuniclus, M|86/100 tox
|turn|36
|
|t:|1757917868
|move|p2a: 무쇠독나방|Fiery Dance|p1a: Reuniclus
|-damage|p1a: Reuniclus|45/100 tox
|move|p1a: Reuniclus|Psychic|p2a: 무쇠독나방
|-supereffective|p2a: 무쇠독나방
|-damage|p2a: 무쇠독나방|4/100
|
|upkeep
|turn|37
|
|t:|1757917877
|move|p2a: 무쇠독나방|Sludge Wave|p1a: Reuniclus
|-damage|p1a: Reuniclus|0 fnt
|faint|p1a: Reuniclus
|
|win|dodino
|raw|cacomixtle's rating: 1076 &rarr; <strong>1058</strong><br />(-18 for losing)
|raw|dodino's rating: 1136 &rarr; <strong>1157</strong><br />(+21 for winning)
|l|☆cacomixtle
|player|p1|
|l|☆dodino
|player|p2|
