|j|☆trrzno2
|j|☆Menace13
|t:|1757915363
|gametype|singles
|player|p1|trrzno2|artist|1505
|player|p2|Menace13|unknown|1474
|gen|9
|tier|[Gen 9] OU
|rated|
|rule|HP Percentage Mod: HP is shown in percentages
|rule|Endless Battle Clause: Forcing endless battles is banned
|rule|Species Clause: Limit one of each Pokémon
|rule|OHKO Clause: OHKO moves are banned
|rule|Evasion Items Clause: Evasion items are banned
|rule|Evasion Moves Clause: Evasion moves are banned
|rule|Evasion Abilities Clause: Evasion abilities are banned
|rule|Sleep Moves Clause: Sleep-inducing moves are banned
|clearpoke
|poke|p1|Scizor, F|
|poke|p1|Ogerpon-Wellspring, F|
|poke|p1|Garganacl, M|
|poke|p1|Darkrai|
|poke|p1|Zapdos|
|poke|p1|Cinderace, M|
|poke|p2|Slither Wing|
|poke|p2|Alomomola, F|
|poke|p2|Slowking-Galar, F|
|poke|p2|Dragapult, F|
|poke|p2|Zapdos|
|poke|p2|Heatran, F|
|teampreview
|inactive|Battle timer is ON: inactive players will automatically lose when time's up. (requested by trrzno2)
|
|t:|1757915384
|teamsize|p1|6
|teamsize|p2|6
|start
|switch|p1a: Zapdos|Zapdos|100/100
|switch|p2a: Heatran|Heatran, F|100/100
|turn|1
|
|t:|1757915390
|move|p2a: Heatran|Stealth Rock|p1a: Zapdos
|-sidestart|p1: trrzno2|move: Stealth Rock
|move|p1a: Zapdos|Thunder Wave|p2a: Heatran
|-status|p2a: Heatran|par
|
|upkeep
|turn|2
|
|t:|1757915394
|move|p1a: Zapdos|Volt Switch|p2a: Heatran
|-damage|p2a: Heatran|71/100 par
|
|t:|1757915402
|switch|p1a: Garganacl|Garganacl, M|100/100|[from] Volt Switch
|-damage|p1a: Garganacl|88/100|[from] Stealth Rock
|cant|p2a: Heatran|par
|
|-heal|p2a: Heatran|78/100 par|[from] item: Leftovers
|-heal|p1a: Garganacl|94/100|[from] item: Leftovers
|upkeep
|turn|3
|
|t:|1757915412
|switch|p2a: Slither Wing|Slither Wing|100/100
|move|p1a: Garganacl|Salt Cure|p2a: Slither Wing
|-damage|p2a: Slither Wing|84/100
|-start|p2a: Slither Wing|Salt Cure
|
|-heal|p1a: Garganacl|100/100|[from] item: Leftovers
|-damage|p2a: Slither Wing|72/100|[from] Salt Cure
|upkeep
|turn|4
|
|t:|1757915422
|switch|p1a: Zapdos|Zapdos|100/100
|-damage|p1a: Zapdos|76/100|[from] Stealth Rock
|move|p2a: Slither Wing|U-turn|p1a: Zapdos
|-resisted|p1a: Zapdos
|-damage|p1a: Zapdos|61/100
|-status|p2a: Slither Wing|par|[from] ability: Static|[of] p1a: Zapdos
|
|t:|1757915435
|-end|p2a: Slither Wing|Protosynthesis|[silent]
|switch|p2a: Heatran|Heatran, F|78/100 par|[from] U-turn
|
|-heal|p2a: Heatran|84/100 par|[from] item: Leftovers
|upkeep
|turn|5
|
|t:|1757915450
|move|p1a: Zapdos|Hurricane|p2a: Heatran
|-resisted|p2a: Heatran
|-damage|p2a: Heatran|61/100 par
|cant|p2a: Heatran|par
|
|-heal|p2a: Heatran|67/100 par|[from] item: Leftovers
|upkeep
|turn|6
|
|t:|1757915455
|move|p1a: Zapdos|Hurricane|p2a: Heatran
|-resisted|p2a: Heatran
|-damage|p2a: Heatran|42/100 par
|move|p2a: Heatran|Magma Storm|p1a: Zapdos
|-damage|p1a: Zapdos|10/100
|-activate|p1a: Zapdos|move: Magma Storm|[of] p2a: Heatran
|
|-heal|p2a: Heatran|48/100 par|[from] item: Leftovers
|-damage|p1a: Zapdos|0 fnt|[from] move: Magma Storm|[partiallytrapped]
|faint|p1a: Zapdos
|upkeep
|
|t:|1757915463
|switch|p1a: Ogerpon|Ogerpon-Wellspring, F|100/100
|-damage|p1a: Ogerpon|88/100|[from] Stealth Rock
|turn|7
|
|t:|1757915469
|switch|p2a: Zapdos|Zapdos|100/100
|move|p1a: Ogerpon|Ivy Cudgel|p2a: Zapdos|[anim] Ivy Cudgel Water
|-crit|p2a: Zapdos
|-damage|p2a: Zapdos|39/100
|
|upkeep
|turn|8
|
|t:|1757915475
|move|p1a: Ogerpon|Ivy Cudgel|p2a: Zapdos|[anim] Ivy Cudgel Water
|-damage|p2a: Zapdos|0 fnt
|faint|p2a: Zapdos
|
|upkeep
|
|t:|1757915482
|switch|p2a: Slither Wing|Slither Wing|72/100 par
|turn|9
|
|t:|1757915486
|switch|p1a: Garganacl|Garganacl, M|100/100
|-damage|p1a: Garganacl|88/100|[from] Stealth Rock
|cant|p2a: Slither Wing|par
|
|-heal|p1a: Garganacl|94/100|[from] item: Leftovers
|upkeep
|turn|10
|
|t:|1757915492
|move|p1a: Garganacl|Protect|p1a: Garganacl
|-singleturn|p1a: Garganacl|Protect
|cant|p2a: Slither Wing|par
|
|-heal|p1a: Garganacl|100/100|[from] item: Leftovers
|upkeep
|turn|11
|
|t:|1757915496
|move|p1a: Garganacl|Salt Cure|p2a: Slither Wing
|-damage|p2a: Slither Wing|56/100 par
|-start|p2a: Slither Wing|Salt Cure
|move|p2a: Slither Wing|U-turn|p1a: Garganacl
|-damage|p1a: Garganacl|72/100
|
|t:|1757915509
|-end|p2a: Slither Wing|Protosynthesis|[silent]
|switch|p2a: Alomomola|Alomomola, F|100/100|[from] U-turn
|
|-heal|p1a: Garganacl|78/100|[from] item: Leftovers
|upkeep
|turn|12
|
|t:|1757915512
|move|p2a: Alomomola|Flip Turn|p1a: Garganacl
|-supereffective|p1a: Garganacl
|-damage|p1a: Garganacl|57/100
|
|t:|1757915515
|switch|p2a: Slowking|Slowking-Galar, F|100/100|[from] Flip Turn
|move|p1a: Garganacl|Salt Cure|p2a: Slowking
|-damage|p2a: Slowking|85/100
|-start|p2a: Slowking|Salt Cure
|
|-heal|p1a: Garganacl|64/100|[from] item: Leftovers
|-damage|p2a: Slowking|73/100|[from] Salt Cure
|upkeep
|turn|13
|
|t:|1757915529
|switch|p1a: Cinderace|Cinderace, M|100/100
|-prepare|p2a: Slowking|Chilly Reception|[premajor]
|move|p2a: Slowking|Chilly Reception|p2a: Slowking
|-weather|Snowscape
|
|t:|1757915532
|switch|p2a: Alomomola|Alomomola, F|100/100|[from] Chilly Reception
|
|-weather|Snowscape|[upkeep]
|upkeep
|turn|14
|
|t:|1757915537
|move|p1a: Cinderace|U-turn|p2a: Alomomola
|-start|p1a: Cinderace|typechange|Bug|[from] ability: Libero
|-crit|p2a: Alomomola
|-damage|p2a: Alomomola|74/100
|
|t:|1757915540
|switch|p1a: Ogerpon|Ogerpon-Wellspring, F|88/100|[from] U-turn
|-damage|p1a: Ogerpon|76/100|[from] Stealth Rock
|move|p2a: Alomomola|Wish|p2a: Alomomola
|
|-weather|Snowscape|[upkeep]
|upkeep
|turn|15
|
|t:|1757915557
|switch|p2a: Dragapult|Dragapult, F|100/100
|move|p1a: Ogerpon|Horn Leech|p2a: Dragapult
|-resisted|p2a: Dragapult
|-damage|p2a: Dragapult|71/100
|-heal|p1a: Ogerpon|89/100|[from] drain|[of] p2a: Dragapult
|
|-weather|Snowscape|[upkeep]
|-heal|p2a: Dragapult|100/100|[from] move: Wish|[wisher] Alomomola
|upkeep
|turn|16
|
|t:|1757915563
|switch|p1a: Garganacl|Garganacl, M|64/100
|-damage|p1a: Garganacl|51/100|[from] Stealth Rock
|move|p2a: Dragapult|U-turn|p1a: Garganacl
|-damage|p1a: Garganacl|38/100
|
|t:|1757915567
|switch|p2a: Slither Wing|Slither Wing|56/100 par|[from] U-turn
|
|-weather|Snowscape|[upkeep]
|-heal|p1a: Garganacl|44/100|[from] item: Leftovers
|upkeep
|turn|17
|
|t:|1757915571
|move|p1a: Garganacl|Recover|p1a: Garganacl
|-heal|p1a: Garganacl|94/100
|cant|p2a: Slither Wing|par
|
|-weather|none
|-heal|p1a: Garganacl|100/100|[from] item: Leftovers
|upkeep
|turn|18
|
|t:|1757915577
|move|p1a: Garganacl|Salt Cure|p2a: Slither Wing
|-damage|p2a: Slither Wing|41/100 par
|-start|p2a: Slither Wing|Salt Cure
|move|p2a: Slither Wing|Close Combat|p1a: Garganacl
|-supereffective|p1a: Garganacl
|-damage|p1a: Garganacl|9/100
|-unboost|p2a: Slither Wing|def|1
|-unboost|p2a: Slither Wing|spd|1
|
|-heal|p1a: Garganacl|16/100|[from] item: Leftovers
|-damage|p2a: Slither Wing|28/100 par|[from] Salt Cure
|upkeep
|turn|19
|
|t:|1757915583
|move|p1a: Garganacl|Recover|p1a: Garganacl
|-heal|p1a: Garganacl|66/100
|move|p2a: Slither Wing|U-turn|p1a: Garganacl
|-damage|p1a: Garganacl|39/100
|
|t:|1757915593
|-end|p2a: Slither Wing|Protosynthesis|[silent]
|switch|p2a: Heatran|Heatran, F|48/100 par|[from] U-turn
|
|-heal|p2a: Heatran|54/100 par|[from] item: Leftovers
|-heal|p1a: Garganacl|46/100|[from] item: Leftovers
|upkeep
|turn|20
|
|t:|1757915602
|cant|p2a: Heatran|par
|move|p1a: Garganacl|Recover|p1a: Garganacl
|-heal|p1a: Garganacl|96/100
|
|-heal|p2a: Heatran|60/100 par|[from] item: Leftovers
|-heal|p1a: Garganacl|100/100|[from] item: Leftovers
|upkeep
|turn|21
|
|t:|1757915607
|move|p2a: Heatran|Taunt|p1a: Garganacl
|-start|p1a: Garganacl|move: Taunt
|move|p1a: Garganacl|Salt Cure|p2a: Heatran
|-damage|p2a: Heatran|45/100 par
|-start|p2a: Heatran|Salt Cure
|
|-heal|p2a: Heatran|52/100 par|[from] item: Leftovers
|-damage|p2a: Heatran|27/100 par|[from] Salt Cure
|upkeep
|turn|22
|
|t:|1757915614
|switch|p1a: Cinderace|Cinderace, M|100/100
|move|p2a: Heatran|Earth Power|p1a: Cinderace
|-supereffective|p1a: Cinderace
|-damage|p1a: Cinderace|11/100
|
|-heal|p2a: Heatran|33/100 par|[from] item: Leftovers
|-damage|p2a: Heatran|8/100 par|[from] Salt Cure
|upkeep
|turn|23
|
|t:|1757915619
|move|p1a: Cinderace|Court Change|p1a: Cinderace
|-start|p1a: Cinderace|typechange|Normal|[from] ability: Libero
|-swapsideconditions
|-activate|p1a: Cinderace|move: Court Change
|cant|p2a: Heatran|par
|
|-heal|p2a: Heatran|14/100 par|[from] item: Leftovers
|-damage|p2a: Heatran|0 fnt|[from] Salt Cure
|faint|p2a: Heatran
|upkeep
|
|t:|1757915625
|switch|p2a: Dragapult|Dragapult, F|100/100
|turn|24
|
|t:|1757915628
|move|p1a: Cinderace|Sucker Punch|p2a: Dragapult
|-supereffective|p2a: Dragapult
|-damage|p2a: Dragapult|39/100
|move|p2a: Dragapult|U-turn|p1a: Cinderace
|-damage|p1a: Cinderace|0 fnt
|faint|p1a: Cinderace
|
|t:|1757915638
|switch|p2a: Alomomola|Alomomola, F|100/100|[from] U-turn
|
|upkeep
|
|t:|1757915655
|switch|p1a: Ogerpon|Ogerpon-Wellspring, F|89/100
|turn|25
|
|t:|1757915664
|move|p1a: Ogerpon|Swords Dance|p1a: Ogerpon
|-boost|p1a: Ogerpon|atk|2
|move|p2a: Alomomola|Wish|p2a: Alomomola
|
|upkeep
|turn|26
|
|t:|1757915674
|switch|p2a: Slowking|Slowking-Galar, F|100/100
|move|p1a: Ogerpon|Horn Leech|p2a: Slowking
|-resisted|p2a: Slowking
|-damage|p2a: Slowking|59/100
|-heal|p1a: Ogerpon|100/100|[from] drain|[of] p2a: Slowking
|
|-heal|p2a: Slowking|100/100|[from] move: Wish|[wisher] Alomomola
|upkeep
|turn|27
|
|t:|1757915679
|move|p1a: Ogerpon|U-turn|p2a: Slowking
|-damage|p2a: Slowking|50/100
|
|t:|1757915684
|switch|p1a: Darkrai|Darkrai|100/100|[from] U-turn
|move|p2a: Slowking|Sludge Bomb|p1a: Darkrai
|-damage|p1a: Darkrai|58/100
|
|upkeep
|turn|28
|
|t:|1757915690
|switch|p2a: Slither Wing|Slither Wing|28/100 par
|move|p1a: Darkrai|Dark Pulse|p2a: Slither Wing
|-resisted|p2a: Slither Wing
|-damage|p2a: Slither Wing|9/100 par
|
|upkeep
|turn|29
|
|t:|1757915695
|switch|p1a: Garganacl|Garganacl, M|100/100
|cant|p2a: Slither Wing|par
|
|upkeep
|turn|30
|
|t:|1757915706
|-end|p2a: Slither Wing|Protosynthesis|[silent]
|switch|p2a: Slowking|Slowking-Galar, F|83/100
|move|p1a: Garganacl|Salt Cure|p2a: Slowking
|-damage|p2a: Slowking|69/100
|-start|p2a: Slowking|Salt Cure
|
|-damage|p2a: Slowking|57/100|[from] Salt Cure
|upkeep
|turn|31
|inactive|trrzno2 has 120 seconds left.
|
|t:|1757915750
|switch|p1a: Scizor|Scizor, F|100/100
|-prepare|p2a: Slowking|Chilly Reception|[premajor]
|move|p2a: Slowking|Chilly Reception|p2a: Slowking
|-weather|Snowscape
|
|t:|1757915762
|switch|p2a: Alomomola|Alomomola, F|100/100|[from] Chilly Reception
|
|-weather|Snowscape|[upkeep]
|upkeep
|turn|32
|inactive|trrzno2 has 120 seconds left.
|
|t:|1757915774
|move|p1a: Scizor|Substitute|p1a: Scizor
|-start|p1a: Scizor|Substitute
|-damage|p1a: Scizor|76/100
|move|p2a: Alomomola|Flip Turn|p1a: Scizor
|-activate|p1a: Scizor|move: Substitute|[damage]
|
|t:|1757915782
|switch|p2a: Dragapult|Dragapult, F|39/100|[from] Flip Turn
|
|-weather|Snowscape|[upkeep]
|upkeep
|turn|33
|
|t:|1757915788
|move|p1a: Scizor|Bullet Punch|p2a: Dragapult
|-damage|p2a: Dragapult|0 fnt
|faint|p2a: Dragapult
|-damage|p1a: Scizor|66/100|[from] item: Life Orb
|
|-weather|Snowscape|[upkeep]
|upkeep
|-message|Menace13 forfeited.
|
|win|trrzno2
|raw|trrzno2's rating: 1505 &rarr; <strong>1523</strong><br />(+18 for winning)
|raw|Menace13's rating: 1474 &rarr; <strong>1456</strong><br />(-18 for losing)
|l|☆Menace13
|player|p2|
|l|☆trrzno2
|player|p1|
