|j|☆LordCrawdaunt99
|j|☆thedarkmages
|t:|1757901920
|gametype|singles
|player|p1|LordCrawdaunt99|169|
|player|p2|thedarkmages|lucian|
|gen|9
|tier|[Gen 9] OU
|rule|HP Percentage Mod: HP is shown in percentages
|rule|Endless Battle Clause: Forcing endless battles is banned
|rule|Species Clause: Limit one of each Pokémon
|rule|OHKO Clause: OHKO moves are banned
|rule|Evasion Items Clause: Evasion items are banned
|rule|Evasion Moves Clause: Evasion moves are banned
|rule|Evasion Abilities Clause: Evasion abilities are banned
|rule|Sleep Moves Clause: Sleep-inducing moves are banned
|clearpoke
|poke|p1|Slowking-Galar, M|
|poke|p1|Landorus-Therian, M|
|poke|p1|Dragapult, M|
|poke|p1|Rillaboom, F|
|poke|p1|Raging Bolt|
|poke|p1|Dondozo, M|
|poke|p2|Clodsire, F|
|poke|p2|Dondozo, M|
|poke|p2|Meowscarada, F|
|poke|p2|Gholdengo|
|poke|p2|Samurott-Hisui, M|
|poke|p2|Hatterene, F|
|teampreview
|c|☆thedarkmages|Suerte
|c|☆LordCrawdaunt99|Gracias bro igualmente
|
|t:|1757902006
|teamsize|p1|6
|teamsize|p2|6
|start
|switch|p1a: Rillaboom|Rillaboom, F|100/100
|switch|p2a: Primrose|Meowscarada, F|100/100
|-fieldstart|move: Grassy Terrain|[from] ability: Grassy Surge|[of] p1a: Rillaboom
|turn|1
|
|t:|1757902053
|move|p1a: Rillaboom|Fake Out|p2a: Primrose
|-damage|p2a: Primrose|82/100
|cant|p2a: Primrose|flinch
|
|-heal|p2a: Primrose|88/100|[from] Grassy Terrain
|upkeep
|turn|2
|
|t:|1757902107
|switch|p1a: Dondozo|Dondozo, M, shiny|100/100
|move|p2a: Primrose|Triple Axel|p1a: Dondozo
|-start|p2a: Primrose|typechange|Ice|[from] ability: Protean
|-resisted|p1a: Dondozo
|-damage|p1a: Dondozo|98/100
|-resisted|p1a: Dondozo
|-damage|p1a: Dondozo|92/100
|-resisted|p1a: Dondozo
|-damage|p1a: Dondozo|82/100
|-hitcount|p1a: Dondozo|3
|
|-heal|p2a: Primrose|94/100|[from] Grassy Terrain
|-heal|p1a: Dondozo|88/100|[from] Grassy Terrain
|-heal|p1a: Dondozo|94/100|[from] item: Leftovers
|upkeep
|turn|3
|
|t:|1757902137
|switch|p2a: Dondozo|Dondozo, M|100/100
|move|p1a: Dondozo|Curse|p1a: Dondozo
|-unboost|p1a: Dondozo|spe|1
|-boost|p1a: Dondozo|atk|1
|-boost|p1a: Dondozo|def|1
|
|-heal|p1a: Dondozo|99/100|[from] Grassy Terrain
|-heal|p1a: Dondozo|100/100|[from] item: Leftovers
|upkeep
|turn|4
|
|t:|1757902156
|move|p2a: Dondozo|Body Press|p1a: Dondozo
|-damage|p1a: Dondozo|88/100
|move|p1a: Dondozo|Order Up|p2a: Dondozo
|-damage|p2a: Dondozo|92/100
|
|-heal|p2a: Dondozo|98/100|[from] Grassy Terrain
|-heal|p1a: Dondozo|94/100|[from] Grassy Terrain
|-heal|p1a: Dondozo|100/100|[from] item: Leftovers
|upkeep
|turn|5
|
|t:|1757902175
|move|p2a: Dondozo|Body Press|p1a: Dondozo
|-damage|p1a: Dondozo|88/100
|move|p1a: Dondozo|Liquidation|p2a: Dondozo
|-resisted|p2a: Dondozo
|-damage|p2a: Dondozo|91/100
|
|-heal|p2a: Dondozo|98/100|[from] Grassy Terrain
|-heal|p1a: Dondozo|94/100|[from] Grassy Terrain
|-heal|p1a: Dondozo|100/100|[from] item: Leftovers
|-fieldend|move: Grassy Terrain
|upkeep
|turn|6
|
|t:|1757902202
|move|p2a: Dondozo|Body Press|p1a: Dondozo
|-damage|p1a: Dondozo|88/100
|move|p1a: Dondozo|Liquidation|p2a: Dondozo
|-resisted|p2a: Dondozo
|-damage|p2a: Dondozo|90/100
|
|-heal|p1a: Dondozo|94/100|[from] item: Leftovers
|upkeep
|turn|7
|
|t:|1757902214
|switch|p2a: Primrose|Meowscarada, F|94/100
|move|p1a: Dondozo|Liquidation|p2a: Primrose
|-resisted|p2a: Primrose
|-damage|p2a: Primrose|59/100
|
|-heal|p1a: Dondozo|99/100|[from] item: Leftovers
|upkeep
|turn|8
|
|t:|1757902227
|switch|p2a: Any|Hatterene, F|100/100
|move|p1a: Dondozo|Protect||[still]
|-fail|p1a: Dondozo
|
|-heal|p1a: Dondozo|100/100|[from] item: Leftovers
|upkeep
|turn|9
|
|t:|1757902235
|move|p2a: Any|Nuzzle|p1a: Dondozo
|-supereffective|p1a: Dondozo
|-damage|p1a: Dondozo|98/100
|-status|p1a: Dondozo|par
|cant|p1a: Dondozo|par
|
|-heal|p1a: Dondozo|100/100 par|[from] item: Leftovers
|upkeep
|turn|10
|
|t:|1757902242
|switch|p2a: Dondozo|Dondozo, M|90/100
|cant|p1a: Dondozo|par
|
|upkeep
|turn|11
|
|t:|1757902270
|move|p2a: Dondozo|Body Press|p1a: Dondozo
|-damage|p1a: Dondozo|88/100 par
|move|p1a: Dondozo|Liquidation|p2a: Dondozo
|-resisted|p2a: Dondozo
|-damage|p2a: Dondozo|84/100
|-unboost|p2a: Dondozo|def|1
|
|-heal|p1a: Dondozo|95/100 par|[from] item: Leftovers
|upkeep
|turn|12
|
|t:|1757902282
|switch|p2a: Samurott|Samurott-Hisui, M|100/100
|move|p1a: Dondozo|Liquidation|p2a: Samurott
|-resisted|p2a: Samurott
|-damage|p2a: Samurott|73/100
|
|-heal|p1a: Dondozo|100/100 par|[from] item: Leftovers
|upkeep
|turn|13
|
|t:|1757902289
|move|p2a: Samurott|Ceaseless Edge|p1a: Dondozo
|-damage|p1a: Dondozo|87/100 par
|-sidestart|p1: LordCrawdaunt99|Spikes
|move|p1a: Dondozo|Curse|p1a: Dondozo
|-unboost|p1a: Dondozo|spe|1
|-boost|p1a: Dondozo|atk|1
|-boost|p1a: Dondozo|def|1
|
|-heal|p1a: Dondozo|93/100 par|[from] item: Leftovers
|upkeep
|turn|14
|
|t:|1757902297
|move|p2a: Samurott|Ceaseless Edge|p1a: Dondozo
|-damage|p1a: Dondozo|83/100 par
|-sidestart|p1: LordCrawdaunt99|Spikes
|move|p1a: Dondozo|Curse|p1a: Dondozo
|-unboost|p1a: Dondozo|spe|1
|-boost|p1a: Dondozo|atk|1
|-boost|p1a: Dondozo|def|1
|
|-heal|p1a: Dondozo|89/100 par|[from] item: Leftovers
|upkeep
|turn|15
|
|t:|1757902306
|move|p2a: Samurott|Ceaseless Edge|p1a: Dondozo|[miss]
|-miss|p2a: Samurott|p1a: Dondozo
|move|p1a: Dondozo|Order Up|p2a: Samurott
|-damage|p2a: Samurott|16/100
|
|-heal|p1a: Dondozo|95/100 par|[from] item: Leftovers
|upkeep
|turn|16
|
|t:|1757902313
|move|p2a: Samurott|Ceaseless Edge|p1a: Dondozo|[miss]
|-miss|p2a: Samurott|p1a: Dondozo
|cant|p1a: Dondozo|par
|
|-heal|p1a: Dondozo|100/100 par|[from] item: Leftovers
|upkeep
|turn|17
|
|t:|1757902338
|move|p2a: Samurott|Ceaseless Edge|p1a: Dondozo
|-damage|p1a: Dondozo|93/100 par
|-sidestart|p1: LordCrawdaunt99|Spikes
|move|p1a: Dondozo|Order Up|p2a: Samurott
|-damage|p2a: Samurott|0 fnt
|faint|p2a: Samurott
|
|-heal|p1a: Dondozo|99/100 par|[from] item: Leftovers
|upkeep
|
|t:|1757902349
|switch|p2a: Primrose|Meowscarada, F|59/100
|turn|18
|
|t:|1757902352
|move|p1a: Dondozo|Protect|p1a: Dondozo
|-singleturn|p1a: Dondozo|Protect
|move|p2a: Primrose|Flower Trick|p1a: Dondozo
|-start|p2a: Primrose|typechange|Grass|[from] ability: Protean
|-activate|p1a: Dondozo|move: Protect
|
|-heal|p1a: Dondozo|100/100 par|[from] item: Leftovers
|upkeep
|turn|19
|
|t:|1757902362
|-terastallize|p1a: Dondozo|Grass
|move|p2a: Primrose|Flower Trick|p1a: Dondozo
|-resisted|p1a: Dondozo
|-crit|p1a: Dondozo
|-damage|p1a: Dondozo|86/100 par
|move|p1a: Dondozo|Order Up|p2a: Primrose
|-damage|p2a: Primrose|0 fnt
|faint|p2a: Primrose
|
|-heal|p1a: Dondozo|92/100 par|[from] item: Leftovers
|upkeep
|
|t:|1757902376
|switch|p2a: Dondozo|Dondozo, M|84/100
|turn|20
|
|t:|1757902405
|move|p2a: Dondozo|Waterfall|p1a: Dondozo
|-resisted|p1a: Dondozo
|-damage|p1a: Dondozo|85/100 par
|cant|p1a: Dondozo|flinch
|
|-heal|p1a: Dondozo|92/100 par|[from] item: Leftovers
|upkeep
|turn|21
|
|t:|1757902414
|move|p2a: Dondozo|Waterfall|p1a: Dondozo
|-resisted|p1a: Dondozo
|-damage|p1a: Dondozo|85/100 par
|move|p1a: Dondozo|Order Up|p2a: Dondozo
|-damage|p2a: Dondozo|75/100
|
|-heal|p1a: Dondozo|92/100 par|[from] item: Leftovers
|upkeep
|turn|22
|
|t:|1757902421
|move|p2a: Dondozo|Waterfall|p1a: Dondozo
|-resisted|p1a: Dondozo
|-damage|p1a: Dondozo|85/100 par
|move|p1a: Dondozo|Liquidation|p2a: Dondozo
|-resisted|p2a: Dondozo
|-damage|p2a: Dondozo|69/100
|
|-heal|p1a: Dondozo|91/100 par|[from] item: Leftovers
|upkeep
|turn|23
|
|t:|1757902431
|move|p2a: Dondozo|Waterfall|p1a: Dondozo
|-resisted|p1a: Dondozo
|-damage|p1a: Dondozo|85/100 par
|move|p1a: Dondozo|Liquidation|p2a: Dondozo
|-resisted|p2a: Dondozo
|-damage|p2a: Dondozo|63/100
|
|-heal|p1a: Dondozo|91/100 par|[from] item: Leftovers
|upkeep
|turn|24
|
|t:|1757902469
|move|p2a: Dondozo|Body Press|p1a: Dondozo
|-damage|p1a: Dondozo|79/100 par
|move|p1a: Dondozo|Liquidation|p2a: Dondozo
|-resisted|p2a: Dondozo
|-damage|p2a: Dondozo|57/100
|
|-heal|p1a: Dondozo|85/100 par|[from] item: Leftovers
|upkeep
|turn|25
|
|t:|1757902478
|move|p2a: Dondozo|Rest|p2a: Dondozo
|-status|p2a: Dondozo|slp|[from] move: Rest
|-heal|p2a: Dondozo|100/100 slp|[silent]
|move|p1a: Dondozo|Liquidation|p2a: Dondozo
|-resisted|p2a: Dondozo
|-damage|p2a: Dondozo|94/100 slp
|-unboost|p2a: Dondozo|def|1
|
|-heal|p1a: Dondozo|91/100 par|[from] item: Leftovers
|upkeep
|turn|26
|
|t:|1757902488
|cant|p2a: Dondozo|slp
|move|p2a: Dondozo|Sleep Talk|p2a: Dondozo
|move|p2a: Dondozo|Waterfall|p1a: Dondozo|[from] move: Sleep Talk
|-resisted|p1a: Dondozo
|-damage|p1a: Dondozo|85/100 par
|cant|p1a: Dondozo|flinch
|
|-heal|p1a: Dondozo|92/100 par|[from] item: Leftovers
|upkeep
|turn|27
|
|t:|1757902496
|cant|p2a: Dondozo|slp
|move|p2a: Dondozo|Sleep Talk|p2a: Dondozo
|move|p2a: Dondozo|Body Press|p1a: Dondozo|[from] move: Sleep Talk
|-damage|p1a: Dondozo|80/100 par
|cant|p1a: Dondozo|par
|
|-heal|p1a: Dondozo|86/100 par|[from] item: Leftovers
|upkeep
|turn|28
|
|t:|1757902507
|-curestatus|p2a: Dondozo|slp|[msg]
|move|p2a: Dondozo|Sleep Talk||[still]
|-fail|p2a: Dondozo
|cant|p1a: Dondozo|par
|
|-heal|p1a: Dondozo|92/100 par|[from] item: Leftovers
|upkeep
|turn|29
|
|t:|1757902527
|move|p2a: Dondozo|Waterfall|p1a: Dondozo
|-resisted|p1a: Dondozo
|-damage|p1a: Dondozo|85/100 par
|move|p1a: Dondozo|Liquidation|p2a: Dondozo
|-resisted|p2a: Dondozo
|-damage|p2a: Dondozo|87/100
|
|-heal|p1a: Dondozo|92/100 par|[from] item: Leftovers
|upkeep
|turn|30
|
|t:|1757902536
|move|p2a: Dondozo|Waterfall|p1a: Dondozo
|-resisted|p1a: Dondozo
|-damage|p1a: Dondozo|85/100 par
|move|p1a: Dondozo|Liquidation|p2a: Dondozo
|-resisted|p2a: Dondozo
|-damage|p2a: Dondozo|81/100
|
|-heal|p1a: Dondozo|91/100 par|[from] item: Leftovers
|upkeep
|turn|31
|
|t:|1757902544
|move|p2a: Dondozo|Waterfall|p1a: Dondozo
|-resisted|p1a: Dondozo
|-damage|p1a: Dondozo|85/100 par
|cant|p1a: Dondozo|par
|
|-heal|p1a: Dondozo|91/100 par|[from] item: Leftovers
|upkeep
|turn|32
|
|t:|1757902559
|move|p2a: Dondozo|Body Press|p1a: Dondozo
|-damage|p1a: Dondozo|79/100 par
|move|p1a: Dondozo|Order Up|p2a: Dondozo
|-damage|p2a: Dondozo|72/100
|
|-heal|p1a: Dondozo|85/100 par|[from] item: Leftovers
|upkeep
|turn|33
|
|t:|1757902591
|move|p2a: Dondozo|Body Press|p1a: Dondozo
|-damage|p1a: Dondozo|72/100 par
|move|p1a: Dondozo|Order Up|p2a: Dondozo
|-damage|p2a: Dondozo|64/100
|
|-heal|p1a: Dondozo|78/100 par|[from] item: Leftovers
|upkeep
|turn|34
|
|t:|1757902626
|move|p2a: Dondozo|Waterfall|p1a: Dondozo
|-resisted|p1a: Dondozo
|-damage|p1a: Dondozo|72/100 par
|move|p1a: Dondozo|Order Up|p2a: Dondozo
|-damage|p2a: Dondozo|55/100
|
|-heal|p1a: Dondozo|78/100 par|[from] item: Leftovers
|upkeep
|turn|35
|
|t:|1757902633
|move|p2a: Dondozo|Rest|p2a: Dondozo
|-status|p2a: Dondozo|slp|[from] move: Rest
|-heal|p2a: Dondozo|100/100 slp|[silent]
|move|p1a: Dondozo|Order Up|p2a: Dondozo
|-damage|p2a: Dondozo|93/100 slp
|
|-heal|p1a: Dondozo|84/100 par|[from] item: Leftovers
|upkeep
|turn|36
|
|t:|1757902651
|switch|p1a: Raging Bolt|Raging Bolt|100/100
|-damage|p1a: Raging Bolt|76/100|[from] Spikes
|-enditem|p1a: Raging Bolt|Booster Energy
|-activate|p1a: Raging Bolt|ability: Protosynthesis|[fromitem]
|-start|p1a: Raging Bolt|protosynthesisspa
|cant|p2a: Dondozo|slp
|move|p2a: Dondozo|Sleep Talk|p2a: Dondozo
|move|p2a: Dondozo|Body Press|p1a: Raging Bolt|[from] move: Sleep Talk
|-damage|p1a: Raging Bolt|60/100
|
|upkeep
|turn|37
|
|t:|1757902669
|switch|p2a: Vogal|Clodsire, F|100/100
|move|p1a: Raging Bolt|Volt Switch|p2a: Vogal
|-immune|p2a: Vogal
|
|upkeep
|turn|38
|
|t:|1757902697
|move|p1a: Raging Bolt|Draco Meteor|p2a: Vogal
|-damage|p2a: Vogal|50/100
|-unboost|p1a: Raging Bolt|spa|2
|move|p2a: Vogal|Toxic|p1a: Raging Bolt
|-status|p1a: Raging Bolt|tox
|
|-damage|p1a: Raging Bolt|54/100 tox|[from] psn
|upkeep
|turn|39
|
|t:|1757902714
|-end|p1a: Raging Bolt|Protosynthesis|[silent]
|switch|p1a: Landorus|Landorus-Therian, M|100/100
|-ability|p1a: Landorus|Intimidate|boost
|-unboost|p2a: Vogal|atk|1
|switch|p2a: Gholdengo|Gholdengo|100/100
|-item|p2a: Gholdengo|Air Balloon
|
|upkeep
|turn|40
|
|t:|1757902729
|switch|p1a: Slowking|Slowking-Galar, M, shiny|100/100
|-damage|p1a: Slowking|76/100|[from] Spikes
|switch|p2a: Any|Hatterene, F|100/100
|
|-heal|p1a: Slowking|82/100|[from] item: Black Sludge
|upkeep
|turn|41
|
|t:|1757902746
|switch|p2a: Gholdengo|Gholdengo|100/100
|-item|p2a: Gholdengo|Air Balloon
|move|p1a: Slowking|Thunder Wave|p2a: Gholdengo
|-immune|p2a: Gholdengo|[from] ability: Good as Gold
|
|-heal|p1a: Slowking|88/100|[from] item: Black Sludge
|upkeep
|turn|42
|
|t:|1757902758
|move|p2a: Gholdengo|Nasty Plot|p2a: Gholdengo
|-boost|p2a: Gholdengo|spa|2
|-prepare|p1a: Slowking|Chilly Reception|[premajor]
|move|p1a: Slowking|Chilly Reception|p1a: Slowking
|-weather|Snowscape
|
|t:|1757902770
|switch|p1a: Dragapult|Dragapult, M, shiny|100/100|[from] Chilly Reception
|-damage|p1a: Dragapult|76/100|[from] Spikes
|
|-weather|Snowscape|[upkeep]
|upkeep
|turn|43
|
|t:|1757902778
|move|p1a: Dragapult|Dragon Dance|p1a: Dragapult
|-boost|p1a: Dragapult|atk|1
|-boost|p1a: Dragapult|spe|1
|move|p2a: Gholdengo|Shadow Ball|p1a: Dragapult
|-supereffective|p1a: Dragapult
|-damage|p1a: Dragapult|0 fnt
|faint|p1a: Dragapult
|
|-weather|Snowscape|[upkeep]
|upkeep
|
|t:|1757902788
|switch|p1a: Landorus|Landorus-Therian, M|100/100
|-ability|p1a: Landorus|Intimidate|boost
|-unboost|p2a: Gholdengo|atk|1
|turn|44
|
|t:|1757902795
|move|p1a: Landorus|Earthquake|p2a: Gholdengo
|-immune|p2a: Gholdengo
|move|p2a: Gholdengo|Make It Rain|p1a: Landorus
|-damage|p1a: Landorus|0 fnt
|-unboost|p2a: Gholdengo|spa|1
|faint|p1a: Landorus
|
|-weather|Snowscape|[upkeep]
|upkeep
|
|t:|1757902810
|switch|p1a: Rillaboom|Rillaboom, F|100/100
|-damage|p1a: Rillaboom|75/100|[from] Spikes
|-fieldstart|move: Grassy Terrain|[from] ability: Grassy Surge|[of] p1a: Rillaboom
|turn|45
|
|t:|1757902816
|move|p2a: Gholdengo|Shadow Ball|p1a: Rillaboom
|-damage|p1a: Rillaboom|37/100
|move|p1a: Rillaboom|Trailblaze|p2a: Gholdengo
|-resisted|p2a: Gholdengo
|-damage|p2a: Gholdengo|88/100
|-boost|p1a: Rillaboom|spe|1
|-enditem|p2a: Gholdengo|Air Balloon
|
|-weather|Snowscape|[upkeep]
|-heal|p1a: Rillaboom|43/100|[from] Grassy Terrain
|-heal|p2a: Gholdengo|94/100|[from] Grassy Terrain
|upkeep
|turn|46
|
|t:|1757902828
|switch|p1a: Slowking|Slowking-Galar, M, shiny|100/100
|-damage|p1a: Slowking|76/100|[from] Spikes
|move|p2a: Gholdengo|Shadow Ball|p1a: Slowking
|-supereffective|p1a: Slowking
|-damage|p1a: Slowking|10/100
|
|-weather|none
|-heal|p2a: Gholdengo|99/100|[from] Grassy Terrain
|-heal|p1a: Slowking|16/100|[from] Grassy Terrain
|-heal|p1a: Slowking|22/100|[from] item: Black Sludge
|upkeep
|turn|47
|
|t:|1757902838
|switch|p1a: Dondozo|Dondozo, M, shiny, tera:Grass|84/100 par
|-damage|p1a: Dondozo|59/100 par|[from] Spikes
|move|p2a: Gholdengo|Shadow Ball|p1a: Dondozo
|-damage|p1a: Dondozo|24/100 par
|
|-heal|p2a: Gholdengo|100/100|[from] Grassy Terrain
|-heal|p1a: Dondozo|30/100 par|[from] Grassy Terrain
|-heal|p1a: Dondozo|36/100 par|[from] item: Leftovers
|upkeep
|turn|48
|
|t:|1757902848
|move|p1a: Dondozo|Protect|p1a: Dondozo
|-singleturn|p1a: Dondozo|Protect
|move|p2a: Gholdengo|Make It Rain|p1a: Dondozo
|-activate|p1a: Dondozo|move: Protect
|
|-heal|p1a: Dondozo|42/100 par|[from] Grassy Terrain
|-heal|p1a: Dondozo|48/100 par|[from] item: Leftovers
|upkeep
|turn|49
|
|t:|1757902859
|move|p2a: Gholdengo|Make It Rain|p1a: Dondozo
|-damage|p1a: Dondozo|0 fnt
|-unboost|p2a: Gholdengo|spa|1
|faint|p1a: Dondozo
|
|-fieldend|move: Grassy Terrain
|upkeep
|
|t:|1757902867
|switch|p1a: Rillaboom|Rillaboom, F|43/100
|-damage|p1a: Rillaboom|18/100|[from] Spikes
|-fieldstart|move: Grassy Terrain|[from] ability: Grassy Surge|[of] p1a: Rillaboom
|turn|50
|
|t:|1757902872
|move|p2a: Gholdengo|Shadow Ball|p1a: Rillaboom
|-damage|p1a: Rillaboom|0 fnt
|faint|p1a: Rillaboom
|
|upkeep
|
|t:|1757902878
|switch|p1a: Raging Bolt|Raging Bolt|54/100 tox
|-damage|p1a: Raging Bolt|29/100 tox|[from] Spikes
|turn|51
|
|t:|1757902884
|switch|p2a: Vogal|Clodsire, F|50/100
|move|p1a: Raging Bolt|Thunderclap||[still]
|-fail|p1a: Raging Bolt
|
|-heal|p1a: Raging Bolt|36/100 tox|[from] Grassy Terrain
|-heal|p2a: Vogal|56/100|[from] Grassy Terrain
|-damage|p1a: Raging Bolt|29/100 tox|[from] psn
|upkeep
|turn|52
|
|t:|1757902887
|move|p1a: Raging Bolt|Hyper Voice|p2a: Vogal
|-damage|p2a: Vogal|36/100
|move|p2a: Vogal|Recover|p2a: Vogal
|-heal|p2a: Vogal|86/100
|
|-heal|p1a: Raging Bolt|36/100 tox|[from] Grassy Terrain
|-heal|p2a: Vogal|93/100|[from] Grassy Terrain
|-damage|p1a: Raging Bolt|23/100 tox|[from] psn
|upkeep
|turn|53
|c|☆LordCrawdaunt99|gg
|
|t:|1757902901
|move|p1a: Raging Bolt|Draco Meteor|p2a: Vogal
|-damage|p2a: Vogal|52/100
|-unboost|p1a: Raging Bolt|spa|2
|move|p2a: Vogal|Amnesia|p2a: Vogal
|-boost|p2a: Vogal|spd|2
|
|-heal|p1a: Raging Bolt|29/100 tox|[from] Grassy Terrain
|-heal|p2a: Vogal|58/100|[from] Grassy Terrain
|-damage|p1a: Raging Bolt|11/100 tox|[from] psn
|upkeep
|turn|54
|c|☆thedarkmages|Gg
|
|t:|1757902913
|move|p1a: Raging Bolt|Hyper Voice|p2a: Vogal
|-damage|p2a: Vogal|48/100
|move|p2a: Vogal|Recover|p2a: Vogal
|-heal|p2a: Vogal|98/100
|
|-heal|p1a: Raging Bolt|17/100 tox|[from] Grassy Terrain
|-heal|p2a: Vogal|100/100|[from] Grassy Terrain
|-damage|p1a: Raging Bolt|0 fnt|[from] psn
|faint|p1a: Raging Bolt
|-end|p1a: Raging Bolt|Protosynthesis|[silent]
|-fieldend|move: Grassy Terrain
|upkeep
|
|t:|1757902923
|switch|p1a: Slowking|Slowking-Galar, M, shiny|56/100
|-damage|p1a: Slowking|31/100|[from] Spikes
|turn|55
|
|t:|1757902936
|move|p1a: Slowking|Future Sight|p2a: Vogal
|-start|p1a: Slowking|move: Future Sight
|move|p2a: Vogal|Earthquake|p1a: Slowking
|-supereffective|p1a: Slowking
|-damage|p1a: Slowking|0 fnt
|faint|p1a: Slowking
|
|win|thedarkmages
|l|☆LordCrawdaunt99
|player|p1|
|j|☆LordCrawdaunt99
|player|p1|LordCrawdaunt99|169|
