|j|☆dragon de hilos
|j|☆harc
|t:|1757824055
|gametype|singles
|player|p1|dragon de hilos|riley|1323
|player|p2|harc|lady|1307
|gen|9
|tier|[Gen 9] OU
|rated|
|rule|HP Percentage Mod: HP is shown in percentages
|rule|Endless Battle Clause: Forcing endless battles is banned
|rule|Species Clause: Limit one of each Pokémon
|rule|OHKO Clause: OHKO moves are banned
|rule|Evasion Items Clause: Evasion items are banned
|rule|Evasion Moves Clause: Evasion moves are banned
|rule|Evasion Abilities Clause: Evasion abilities are banned
|rule|Sleep Moves Clause: Sleep-inducing moves are banned
|clearpoke
|poke|p1|Darkrai|
|poke|p1|Cinderace, M|
|poke|p1|Garganacl, M|
|poke|p1|Zapdos|
|poke|p1|Deoxys-Speed|
|poke|p1|Ting-Lu|
|poke|p2|Corviknight, M|
|poke|p2|Clefable, F|
|poke|p2|Tyranitar, F|
|poke|p2|Dondozo, M|
|poke|p2|Forretress, F|
|poke|p2|Eelektross, M|
|teampreview
|
|t:|1757824061
|teamsize|p1|6
|teamsize|p2|6
|start
|switch|p1a: Darkrai|Darkrai|100/100
|switch|p2a: Forretress|Forretress, F|100/100
|turn|1
|
|t:|1757824070
|move|p1a: Darkrai|Trick|p2a: Forretress
|-activate|p1a: Darkrai|move: Trick|[of] p2a: Forretress
|-item|p2a: Forretress|Choice Specs|[from] move: Trick
|-item|p1a: Darkrai|Light Clay|[from] move: Trick
|move|p2a: Forretress|Stealth Rock|p1a: Darkrai
|-sidestart|p1: dragon de hilos|move: Stealth Rock
|
|upkeep
|turn|2
|
|t:|1757824081
|switch|p2a: Eelektross|Eelektross, M|100/100
|move|p1a: Darkrai|Dark Pulse|p2a: Eelektross
|-damage|p2a: Eelektross|71/100
|
|upkeep
|turn|3
|inactive|Battle timer is ON: inactive players will automatically lose when time's up. (requested by dragon de hilos)
|
|t:|1757824090
|move|p1a: Darkrai|Dark Pulse|p2a: Eelektross
|-damage|p2a: Eelektross|39/100
|cant|p2a: Eelektross|flinch
|
|upkeep
|turn|4
|
|t:|1757824097
|move|p1a: Darkrai|Dark Pulse|p2a: Eelektross
|-damage|p2a: Eelektross|5/100
|move|p2a: Eelektross|Supercell Slam|p1a: Darkrai
|-damage|p1a: Darkrai|51/100
|
|upkeep
|turn|5
|
|t:|1757824105
|move|p1a: Darkrai|Sludge Bomb|p2a: Eelektross
|-damage|p2a: Eelektross|0 fnt
|faint|p2a: Eelektross
|
|upkeep
|
|t:|1757824110
|switch|p2a: Forretress|Forretress, F|100/100
|turn|6
|
|t:|1757824114
|switch|p1a: Zapdos|Zapdos|100/100
|move|p2a: Forretress|Light Screen|p2a: Forretress
|-sidestart|p2: harc|move: Light Screen
|
|upkeep
|turn|7
|
|t:|1757824120
|switch|p2a: Tyranitar|Tyranitar, F|100/100
|-weather|Sandstorm|[from] ability: Sand Stream|[of] p2a: Tyranitar
|move|p1a: Zapdos|Volt Switch|p2a: Tyranitar
|-damage|p2a: Tyranitar|96/100
|
|t:|1757824124
|switch|p1a: Garganacl|Garganacl, M|100/100|[from] Volt Switch
|-damage|p1a: Garganacl|88/100|[from] Stealth Rock
|
|-weather|Sandstorm|[upkeep]
|upkeep
|turn|8
|
|t:|1757824134
|move|p2a: Tyranitar|Knock Off|p1a: Garganacl
|-damage|p1a: Garganacl|67/100
|-damage|p2a: Tyranitar|79/100|[from] item: Rocky Helmet|[of] p1a: Garganacl
|-enditem|p1a: Garganacl|Rocky Helmet|[from] move: Knock Off|[of] p2a: Tyranitar
|move|p1a: Garganacl|Salt Cure|p2a: Tyranitar
|-damage|p2a: Tyranitar|68/100
|-start|p2a: Tyranitar|Salt Cure
|
|-weather|Sandstorm|[upkeep]
|-damage|p2a: Tyranitar|55/100|[from] Salt Cure
|upkeep
|turn|9
|
|t:|1757824145
|switch|p2a: Clefable|Clefable, F|100/100
|move|p1a: Garganacl|Salt Cure|p2a: Clefable
|-damage|p2a: Clefable|85/100
|-start|p2a: Clefable|Salt Cure
|
|-weather|Sandstorm|[upkeep]
|-heal|p2a: Clefable|91/100|[from] item: Leftovers
|upkeep
|turn|10
|
|t:|1757824154
|switch|p1a: Cinderace|Cinderace, M|100/100
|move|p2a: Clefable|Wish|p2a: Clefable
|
|-weather|Sandstorm|[upkeep]
|-damage|p1a: Cinderace|95/100|[from] Sandstorm
|-heal|p2a: Clefable|97/100|[from] item: Leftovers
|-sideend|p2: harc|move: Light Screen
|upkeep
|turn|11
|
|t:|1757824169
|switch|p2a: Tyranitar|Tyranitar, F|55/100
|move|p1a: Cinderace|Pyro Ball|p2a: Tyranitar
|-resisted|p2a: Tyranitar
|-damage|p2a: Tyranitar|32/100
|-status|p2a: Tyranitar|brn
|
|-weather|none
|-heal|p2a: Tyranitar|81/100 brn|[from] move: Wish|[wisher] Clefable
|-damage|p2a: Tyranitar|75/100 brn|[from] brn
|upkeep
|turn|12
|
|t:|1757824184
|switch|p2a: Dondozo|Dondozo, M|100/100
|move|p1a: Cinderace|High Jump Kick|p2a: Dondozo
|-start|p1a: Cinderace|typechange|Fighting|[from] ability: Libero
|-damage|p2a: Dondozo|73/100
|
|-heal|p2a: Dondozo|79/100|[from] item: Leftovers
|upkeep
|turn|13
|
|t:|1757824196
|switch|p1a: Zapdos|Zapdos|100/100
|move|p2a: Dondozo|Liquidation|p1a: Zapdos
|-damage|p1a: Zapdos|72/100
|-status|p2a: Dondozo|par|[from] ability: Static|[of] p1a: Zapdos
|
|-heal|p2a: Dondozo|85/100 par|[from] item: Leftovers
|upkeep
|turn|14
|c|☆harc|Mothefucker gameeee
|c|☆harc|Always the hax
|
|t:|1757824219
|switch|p2a: Forretress|Forretress, F|100/100
|move|p1a: Zapdos|Discharge|p2a: Forretress
|-damage|p2a: Forretress|61/100
|
|upkeep
|turn|15
|
|t:|1757824226
|move|p1a: Zapdos|Heat Wave|p2a: Forretress
|-supereffective|p2a: Forretress
|-damage|p2a: Forretress|0 fnt
|faint|p2a: Forretress
|
|upkeep
|c|☆dragon de hilos|yes
|c|☆dragon de hilos|hax
|c|☆dragon de hilos|no bad player
|
|t:|1757824233
|switch|p2a: Tyranitar|Tyranitar, F|75/100 brn
|-weather|Sandstorm|[from] ability: Sand Stream|[of] p2a: Tyranitar
|turn|16
|
|t:|1757824239
|move|p1a: Zapdos|Volt Switch|p2a: Tyranitar
|-damage|p2a: Tyranitar|64/100 brn
|
|t:|1757824242
|switch|p1a: Ting-Lu|Ting-Lu|100/100|[from] Volt Switch
|-damage|p1a: Ting-Lu|94/100|[from] Stealth Rock
|-ability|p1a: Ting-Lu|Vessel of Ruin
|move|p2a: Tyranitar|Stone Edge|p1a: Ting-Lu
|-resisted|p1a: Ting-Lu
|-damage|p1a: Ting-Lu|90/100
|
|-weather|Sandstorm|[upkeep]
|-heal|p1a: Ting-Lu|96/100|[from] item: Leftovers
|-damage|p2a: Tyranitar|58/100 brn|[from] brn
|upkeep
|turn|17
|c|☆harc|Yea static
|c|☆harc|Abd burn
|c|☆harc|And crit
|c|☆harc|Yea not hax at all
|c|☆dragon de hilos|is luck
|c|☆dragon de hilos|little cry baby
|
|t:|1757824267
|switch|p2a: Clefable|Clefable, F|97/100
|move|p1a: Ting-Lu|Earthquake|p2a: Clefable
|-damage|p2a: Clefable|58/100
|
|-weather|Sandstorm|[upkeep]
|-heal|p2a: Clefable|64/100|[from] item: Leftovers
|-heal|p1a: Ting-Lu|100/100|[from] item: Leftovers
|upkeep
|turn|18
|c|☆harc|Do you know what hax means
|inactive|harc has 120 seconds left.
|c|☆harc|Rematch then lame player
|
|t:|1757824293
|move|p2a: Clefable|Wish|p2a: Clefable
|move|p1a: Ting-Lu|Ruination|p2a: Clefable
|-damage|p2a: Clefable|32/100
|
|-weather|Sandstorm|[upkeep]
|-heal|p2a: Clefable|39/100|[from] item: Leftovers
|upkeep
|turn|19
|inactive|harc has 120 seconds left.
|
|t:|1757824301
|move|p2a: Clefable|Alluring Voice|p1a: Ting-Lu
|-supereffective|p1a: Ting-Lu
|-damage|p1a: Ting-Lu|70/100
|move|p1a: Ting-Lu|Earthquake|p2a: Clefable
|-damage|p2a: Clefable|0 fnt
|faint|p2a: Clefable
|
|-weather|Sandstorm|[upkeep]
|-heal|p1a: Ting-Lu|76/100|[from] item: Leftovers
|upkeep
|inactive|harc has 120 seconds left.
|
|t:|1757824313
|switch|p2a: Tyranitar|Tyranitar, F|58/100 brn
|turn|20
|c|☆dragon de hilos|i can win you with 5 pokemons
|
|t:|1757824326
|move|p1a: Ting-Lu|Earthquake|p2a: Tyranitar
|-supereffective|p2a: Tyranitar
|-damage|p2a: Tyranitar|0 fnt
|faint|p2a: Tyranitar
|
|-weather|none
|-heal|p1a: Ting-Lu|83/100|[from] item: Leftovers
|upkeep
|c|☆harc|Ajaaa
|inactive|harc has 120 seconds left.
|c|☆dragon de hilos|yes
|c|☆dragon de hilos|you dont have 4 pokemons
|c|☆dragon de hilos|i have all my pokemons
|c|☆harc|And triggering 3 hax effext qith 30% chance in less than 9 turns
|c|☆dragon de hilos|waaaaaaaaa im a bad player of pookemon
|inactive|harc has 90 seconds left.
|c|☆harc|Yes
|c|☆dragon de hilos|waaaaaaaaaa cry baby
|c|☆harc|Rematch
|c|☆harc|If you are so good
|c|☆dragon de hilos|i win you eveytime
|c|☆dragon de hilos|just lose this
|-message|harc forfeited.
|
|win|dragon de hilos
|raw|dragon de hilos's rating: 1323 &rarr; <strong>1342</strong><br />(+19 for winning)
|raw|harc's rating: 1307 &rarr; <strong>1288</strong><br />(-19 for losing)
|l|☆harc
|player|p2|
|l|☆dragon de hilos
|player|p1|
