|j|☆krabby.pabby
|j|☆Sulley365
|t:|1757824917
|gametype|singles
|player|p1|krabby.pabby|102|1085
|player|p2|Sulley365|giovanni|1135
|gen|9
|tier|[Gen 9] OU
|rated|
|rule|HP Percentage Mod: HP is shown in percentages
|rule|Endless Battle Clause: Forcing endless battles is banned
|rule|Species Clause: Limit one of each Pokémon
|rule|OHKO Clause: OHKO moves are banned
|rule|Evasion Items Clause: Evasion items are banned
|rule|Evasion Moves Clause: Evasion moves are banned
|rule|Evasion Abilities Clause: Evasion abilities are banned
|rule|Sleep Moves Clause: Sleep-inducing moves are banned
|clearpoke
|poke|p1|Rhyperior, F|
|poke|p1|Gyarados, M|
|poke|p1|Scizor, M|
|poke|p1|Kommo-o, F|
|poke|p1|Kingambit, M|
|poke|p1|Breloom, F|
|poke|p2|Cinccino, M|
|poke|p2|Corviknight, M|
|poke|p2|Ceruledge, M|
|poke|p2|Cinderace, M|
|poke|p2|Ting-Lu|
|poke|p2|Thundurus-Therian, M|
|teampreview
|inactive|Battle timer is ON: inactive players will automatically lose when time's up. (requested by Sulley365)
|
|t:|1757824921
|teamsize|p1|6
|teamsize|p2|6
|start
|switch|p1a: Scizor|Scizor, M|100/100
|switch|p2a: Cinccino|Cinccino, M|100/100
|turn|1
|
|t:|1757824935
|move|p2a: Cinccino|Tidy Up|p2a: Cinccino
|-boost|p2a: Cinccino|atk|1
|-boost|p2a: Cinccino|spe|1
|move|p1a: Scizor|Aerial Ace|p2a: Cinccino
|-damage|p2a: Cinccino|13/100
|
|upkeep
|turn|2
|
|t:|1757824944
|move|p2a: Cinccino|Tail Slap|p1a: Scizor
|-resisted|p1a: Scizor
|-damage|p1a: Scizor|86/100
|-resisted|p1a: Scizor
|-crit|p1a: Scizor
|-damage|p1a: Scizor|64/100
|-resisted|p1a: Scizor
|-damage|p1a: Scizor|50/100
|-resisted|p1a: Scizor
|-damage|p1a: Scizor|34/100
|-resisted|p1a: Scizor
|-damage|p1a: Scizor|18/100
|-hitcount|p1a: Scizor|5
|move|p1a: Scizor|Aerial Ace|p2a: Cinccino
|-damage|p2a: Cinccino|0 fnt
|faint|p2a: Cinccino
|
|upkeep
|
|t:|1757824955
|switch|p2a: Corviknight|Corviknight, M, shiny|100/100
|turn|3
|
|t:|1757824979
|switch|p1a: Rhyperior|Rhyperior, F|100/100
|move|p2a: Corviknight|Iron Defense|p2a: Corviknight
|-boost|p2a: Corviknight|def|2
|
|upkeep
|turn|4
|
|t:|1757824985
|move|p2a: Corviknight|Iron Defense|p2a: Corviknight
|-boost|p2a: Corviknight|def|2
|move|p1a: Rhyperior|Rock Wrecker|p2a: Corviknight
|-damage|p2a: Corviknight|84/100
|-mustrecharge|p1a: Rhyperior
|
|-heal|p2a: Corviknight|90/100|[from] item: Leftovers
|upkeep
|turn|5
|
|t:|1757825001
|move|p2a: Corviknight|Iron Defense|p2a: Corviknight
|-boost|p2a: Corviknight|def|2
|cant|p1a: Rhyperior|recharge
|
|-heal|p2a: Corviknight|97/100|[from] item: Leftovers
|upkeep
|turn|6
|
|t:|1757825010
|switch|p1a: Kommo-o|Kommo-o, F|100/100
|move|p2a: Corviknight|Body Press|p1a: Kommo-o
|-damage|p1a: Kommo-o|24/100
|
|-heal|p2a: Corviknight|100/100|[from] item: Leftovers
|upkeep
|turn|7
|
|t:|1757825021
|move|p1a: Kommo-o|Flamethrower|p2a: Corviknight
|-supereffective|p2a: Corviknight
|-damage|p2a: Corviknight|49/100
|-status|p2a: Corviknight|brn
|move|p2a: Corviknight|Body Press|p1a: Kommo-o
|-damage|p1a: Kommo-o|0 fnt
|faint|p1a: Kommo-o
|
|-heal|p2a: Corviknight|55/100 brn|[from] item: Leftovers
|-damage|p2a: Corviknight|49/100 brn|[from] brn
|upkeep
|
|t:|1757825032
|switch|p1a: Gyarados|Gyarados, M, shiny|100/100
|-ability|p1a: Gyarados|Intimidate|boost
|-ability|p2a: Corviknight|Mirror Armor
|-unboost|p1a: Gyarados|atk|1
|turn|8
|
|t:|1757825038
|move|p1a: Gyarados|Outrage|p2a: Corviknight
|-resisted|p2a: Corviknight
|-damage|p2a: Corviknight|45/100 brn
|-damage|p1a: Gyarados|91/100|[from] item: Life Orb
|move|p2a: Corviknight|Roost|p2a: Corviknight
|-heal|p2a: Corviknight|95/100 brn
|-singleturn|p2a: Corviknight|move: Roost
|
|-heal|p2a: Corviknight|100/100 brn|[from] item: Leftovers
|-damage|p2a: Corviknight|94/100 brn|[from] brn
|upkeep
|turn|9
|-message|krabby.pabby forfeited.
|
|win|Sulley365
|raw|krabby.pabby's rating: 1085 &rarr; <strong>1066</strong><br />(-19 for losing)
|raw|Sulley365's rating: 1135 &rarr; <strong>1156</strong><br />(+21 for winning)
|l|☆krabby.pabby
|player|p1|
|l|☆Sulley365
|player|p2|
