|j|☆jessies boyfriend
|j|☆frozen shogun
|t:|1757867631
|gametype|singles
|player|p1|jessies boyfriend|brock|1290
|player|p2|frozen shogun|wallace|1255
|gen|9
|tier|[Gen 9] OU
|rated|
|rule|HP Percentage Mod: HP is shown in percentages
|rule|Endless Battle Clause: Forcing endless battles is banned
|rule|Species Clause: Limit one of each Pokémon
|rule|OHKO Clause: OHKO moves are banned
|rule|Evasion Items Clause: Evasion items are banned
|rule|Evasion Moves Clause: Evasion moves are banned
|rule|Evasion Abilities Clause: Evasion abilities are banned
|rule|Sleep Moves Clause: Sleep-inducing moves are banned
|clearpoke
|poke|p1|Cinderace, F|
|poke|p1|Tsareena, F|
|poke|p1|Polteageist-Antique|
|poke|p1|Regigigas|
|poke|p1|Slowking, F|
|poke|p1|Incineroar, M|
|poke|p2|Victreebel, M|
|poke|p2|Torkoal, M|
|poke|p2|Ninetales, F|
|poke|p2|Primarina, F|
|poke|p2|Thundurus-Therian, M|
|poke|p2|Cinderace, F|
|teampreview
|
|t:|1757867649
|teamsize|p1|6
|teamsize|p2|6
|start
|switch|p1a: Polteageist|Polteageist-Antique|100/100
|switch|p2a: Primarina|Primarina, F|100/100
|turn|1
|
|t:|1757867652
|move|p1a: Polteageist|Shadow Ball|p2a: Primarina
|-damage|p2a: Primarina|75/100
|-unboost|p2a: Primarina|spd|1
|move|p2a: Primarina|Flip Turn|p1a: Polteageist
|-damage|p1a: Polteageist|78/100
|-ability|p1a: Polteageist|Weak Armor|boost
|-unboost|p1a: Polteageist|def|1
|-boost|p1a: Polteageist|spe|2
|
|t:|1757867663
|switch|p2a: Victreebel|Victreebel, M|100/100|[from] Flip Turn
|
|upkeep
|turn|2
|
|t:|1757867670
|move|p1a: Polteageist|Will-O-Wisp|p2a: Victreebel|[miss]
|-miss|p1a: Polteageist|p2a: Victreebel
|move|p2a: Victreebel|Knock Off|p1a: Polteageist
|-supereffective|p1a: Polteageist
|-damage|p1a: Polteageist|0 fnt
|-enditem|p1a: Polteageist|Focus Sash|[from] move: Knock Off|[of] p2a: Victreebel
|faint|p1a: Polteageist
|
|upkeep
|
|t:|1757867688
|switch|p1a: Incineroar|Incineroar, M|100/100
|-ability|p1a: Incineroar|Intimidate|boost
|-unboost|p2a: Victreebel|atk|1
|turn|3
|
|t:|1757867692
|switch|p2a: Torkoal|Torkoal, M|100/100
|-weather|SunnyDay|[from] ability: Drought|[of] p2a: Torkoal
|move|p1a: Incineroar|Knock Off|p2a: Torkoal
|-damage|p2a: Torkoal|70/100
|-enditem|p2a: Torkoal|Heavy-Duty Boots|[from] move: Knock Off|[of] p1a: Incineroar
|
|-weather|SunnyDay|[upkeep]
|upkeep
|turn|4
|
|t:|1757867700
|move|p2a: Torkoal|Stealth Rock|p1a: Incineroar
|-sidestart|p1: jessies boyfriend|move: Stealth Rock
|move|p1a: Incineroar|Roar|p2a: Torkoal
|drag|p2a: Cinderace|Cinderace, F|100/100
|
|-weather|SunnyDay|[upkeep]
|upkeep
|turn|5
|
|t:|1757867709
|move|p2a: Cinderace|High Jump Kick|p1a: Incineroar
|-start|p2a: Cinderace|typechange|Fighting|[from] ability: Libero
|-supereffective|p1a: Incineroar
|-damage|p1a: Incineroar|0 fnt
|faint|p1a: Incineroar
|
|-weather|SunnyDay|[upkeep]
|upkeep
|inactive|Battle timer is ON: inactive players will automatically lose when time's up. (requested by jessies boyfriend)
|
|t:|1757867718
|switch|p1a: Slowking|Slowking, F|100/100
|-damage|p1a: Slowking|88/100|[from] Stealth Rock
|turn|6
|
|t:|1757867724
|switch|p2a: Thundurus|Thundurus-Therian, M|100/100
|move|p1a: Slowking|Trick Room|p1a: Slowking
|-fieldstart|move: Trick Room|[of] p1a: Slowking
|
|-weather|SunnyDay|[upkeep]
|-heal|p1a: Slowking|94/100|[from] item: Leftovers
|upkeep
|turn|7
|
|t:|1757867733
|move|p1a: Slowking|Future Sight|p2a: Thundurus
|-start|p1a: Slowking|move: Future Sight
|move|p2a: Thundurus|Volt Switch|p1a: Slowking
|-supereffective|p1a: Slowking
|-damage|p1a: Slowking|16/100
|
|t:|1757867738
|switch|p2a: Torkoal|Torkoal, M|70/100|[from] Volt Switch
|
|-weather|none
|-heal|p1a: Slowking|22/100|[from] item: Leftovers
|upkeep
|turn|8
|
|t:|1757867745
|-prepare|p1a: Slowking|Chilly Reception|[premajor]
|move|p1a: Slowking|Chilly Reception|p1a: Slowking
|-weather|Snowscape
|
|t:|1757867748
|switch|p1a: Regigigas|Regigigas|100/100|[from] Chilly Reception
|-damage|p1a: Regigigas|88/100|[from] Stealth Rock
|-start|p1a: Regigigas|ability: Slow Start
|move|p2a: Torkoal|Will-O-Wisp|p1a: Regigigas
|-status|p1a: Regigigas|brn
|
|-weather|Snowscape|[upkeep]
|-heal|p1a: Regigigas|94/100 brn|[from] item: Leftovers
|-damage|p1a: Regigigas|88/100 brn|[from] brn
|upkeep
|turn|9
|
|t:|1757867762
|switch|p2a: Ninetales|Ninetales, F|100/100
|-weather|SunnyDay|[from] ability: Drought|[of] p2a: Ninetales
|move|p1a: Regigigas|Substitute|p1a: Regigigas
|-start|p1a: Regigigas|Substitute
|-damage|p1a: Regigigas|63/100 brn
|
|-weather|SunnyDay|[upkeep]
|-end|p2a: Ninetales|move: Future Sight
|-damage|p2a: Ninetales|32/100
|-heal|p1a: Regigigas|69/100 brn|[from] item: Leftovers
|-damage|p1a: Regigigas|63/100 brn|[from] brn
|upkeep
|turn|10
|
|t:|1757867784
|move|p1a: Regigigas|Drain Punch|p2a: Ninetales
|-damage|p2a: Ninetales|20/100
|-heal|p1a: Regigigas|68/100 brn|[from] drain|[of] p2a: Ninetales
|move|p2a: Ninetales|Overheat|p1a: Regigigas
|-end|p1a: Regigigas|Substitute
|-unboost|p2a: Ninetales|spa|2
|
|-weather|SunnyDay|[upkeep]
|-heal|p1a: Regigigas|74/100 brn|[from] item: Leftovers
|-damage|p1a: Regigigas|68/100 brn|[from] brn
|-fieldend|move: Trick Room
|upkeep
|turn|11
|
|t:|1757867794
|move|p2a: Ninetales|Fire Spin|p1a: Regigigas
|-damage|p1a: Regigigas|60/100 brn
|-activate|p1a: Regigigas|move: Fire Spin|[of] p2a: Ninetales
|move|p1a: Regigigas|Substitute|p1a: Regigigas
|-start|p1a: Regigigas|Substitute
|-end|p1a: Regigigas|Fire Spin|[partiallytrapped]|[silent]
|-damage|p1a: Regigigas|35/100 brn
|
|-weather|SunnyDay|[upkeep]
|-heal|p1a: Regigigas|41/100 brn|[from] item: Leftovers
|-damage|p1a: Regigigas|35/100 brn|[from] brn
|upkeep
|turn|12
|
|t:|1757867804
|move|p2a: Ninetales|Encore|p1a: Regigigas
|-start|p1a: Regigigas|Encore
|move|p1a: Regigigas|Substitute|p1a: Regigigas
|-fail|p1a: Regigigas|move: Substitute
|
|-weather|SunnyDay|[upkeep]
|-heal|p1a: Regigigas|41/100 brn|[from] item: Leftovers
|-damage|p1a: Regigigas|35/100 brn|[from] brn
|upkeep
|turn|13
|
|t:|1757867816
|move|p2a: Ninetales|Overheat|p1a: Regigigas
|-end|p1a: Regigigas|Substitute
|-unboost|p2a: Ninetales|spa|2
|move|p1a: Regigigas|Substitute|p1a: Regigigas
|-start|p1a: Regigigas|Substitute
|-damage|p1a: Regigigas|10/100 brn
|
|-weather|none
|-heal|p1a: Regigigas|16/100 brn|[from] item: Leftovers
|-damage|p1a: Regigigas|10/100 brn|[from] brn
|-end|p1a: Regigigas|Slow Start
|upkeep
|turn|14
|
|t:|1757867831
|move|p2a: Ninetales|Overheat|p1a: Regigigas
|-activate|p1a: Regigigas|move: Substitute|[damage]
|-unboost|p2a: Ninetales|spa|2
|move|p1a: Regigigas|Substitute|p1a: Regigigas
|-fail|p1a: Regigigas|move: Substitute
|
|-heal|p1a: Regigigas|16/100 brn|[from] item: Leftovers
|-damage|p1a: Regigigas|10/100 brn|[from] brn
|-end|p1a: Regigigas|Encore
|upkeep
|turn|15
|
|t:|1757867839
|move|p2a: Ninetales|Healing Wish|p2a: Ninetales
|faint|p2a: Ninetales
|move|p1a: Regigigas|Drain Punch|p2: Ninetales|[notarget]
|-fail|p1a: Regigigas
|
|-heal|p1a: Regigigas|16/100 brn|[from] item: Leftovers
|-damage|p1a: Regigigas|10/100 brn|[from] brn
|upkeep
|
|t:|1757867848
|switch|p2a: Thundurus|Thundurus-Therian, M|100/100
|turn|16
|
|t:|1757867857
|move|p2a: Thundurus|Volt Switch|p1a: Regigigas
|-end|p1a: Regigigas|Substitute
|
|t:|1757867859
|switch|p2a: Cinderace|Cinderace, F|100/100|[from] Volt Switch
|move|p1a: Regigigas|Body Slam|p2a: Cinderace
|-damage|p2a: Cinderace|61/100
|
|-heal|p1a: Regigigas|16/100 brn|[from] item: Leftovers
|-damage|p1a: Regigigas|10/100 brn|[from] brn
|upkeep
|turn|17
|
|t:|1757867865
|move|p2a: Cinderace|U-turn|p1a: Regigigas
|-start|p2a: Cinderace|typechange|Bug|[from] ability: Libero
|-damage|p1a: Regigigas|0 fnt
|faint|p1a: Regigigas
|-message|jessies boyfriend forfeited.
|
|win|frozen shogun
|raw|jessies boyfriend's rating: 1290 &rarr; <strong>1262</strong><br />(-28 for losing)
|raw|frozen shogun's rating: 1255 &rarr; <strong>1283</strong><br />(+28 for winning)
|l|☆jessies boyfriend
|player|p1|
|l|☆frozen shogun
|player|p2|
