|j|☆silvercloudv3
|j|☆blazingshadow46
|t:|1757826114
|gametype|singles
|player|p1|silvercloudv3|dawn-gen4pt|1201
|player|p2|blazingshadow46|ghetsis|1254
|gen|9
|tier|[Gen 9] OU
|rated|
|rule|HP Percentage Mod: HP is shown in percentages
|rule|Endless Battle Clause: Forcing endless battles is banned
|rule|Species Clause: Limit one of each Pokémon
|rule|OHKO Clause: OHKO moves are banned
|rule|Evasion Items Clause: Evasion items are banned
|rule|Evasion Moves Clause: Evasion moves are banned
|rule|Evasion Abilities Clause: Evasion abilities are banned
|rule|Sleep Moves Clause: Sleep-inducing moves are banned
|clearpoke
|poke|p1|Ceruledge, M|
|poke|p1|Ogerpon-Wellspring, F|
|poke|p1|Tentacruel, F|
|poke|p1|Landorus-Therian, M|
|poke|p1|Scizor, F|
|poke|p1|Iron Valiant|
|poke|p2|Noivern, M|
|poke|p2|Chandelure, F|
|poke|p2|Krookodile, F|
|poke|p2|Frosmoth, F|
|poke|p2|Scizor, F|
|poke|p2|Great Tusk|
|teampreview
|inactive|Battle timer is ON: inactive players will automatically lose when time's up. (requested by blazingshadow46)
|
|t:|1757826135
|teamsize|p1|6
|teamsize|p2|6
|start
|switch|p1a: Scizor|Scizor, F|100/100
|switch|p2a: Wombat|Noivern, M|100/100
|turn|1
|
|t:|1757826143
|move|p2a: Wombat|U-turn|p1a: Scizor
|-resisted|p1a: Scizor
|-damage|p1a: Scizor|95/100
|
|t:|1757826145
|switch|p2a: Knee Surgery|Great Tusk|100/100|[from] U-turn
|move|p1a: Scizor|Knock Off|p2a: Knee Surgery
|-resisted|p2a: Knee Surgery
|-damage|p2a: Knee Surgery|92/100
|-damage|p1a: Scizor|79/100|[from] item: Rocky Helmet|[of] p2a: Knee Surgery
|-enditem|p2a: Knee Surgery|Rocky Helmet|[from] move: Knock Off|[of] p1a: Scizor
|
|upkeep
|turn|2
|
|t:|1757826156
|move|p2a: Knee Surgery|Stealth Rock|p1a: Scizor
|-sidestart|p1: silvercloudv3|move: Stealth Rock
|move|p1a: Scizor|U-turn|p2a: Knee Surgery
|-resisted|p2a: Knee Surgery
|-damage|p2a: Knee Surgery|82/100
|
|t:|1757826162
|switch|p1a: Tentacruel|Tentacruel, F|100/100|[from] U-turn
|-damage|p1a: Tentacruel|88/100|[from] Stealth Rock
|
|upkeep
|turn|3
|
|t:|1757826172
|-end|p2a: Knee Surgery|Protosynthesis|[silent]
|switch|p2a: Skittle|Frosmoth, F|100/100
|move|p1a: Tentacruel|Ice Beam|p2a: Skittle
|-resisted|p2a: Skittle
|-damage|p2a: Skittle|96/100
|
|upkeep
|turn|4
|
|t:|1757826183
|move|p1a: Tentacruel|Rapid Spin|p2a: Skittle
|-damage|p2a: Skittle|85/100
|-boost|p1a: Tentacruel|spe|1
|-sideend|p1: silvercloudv3|Stealth Rock|[from] move: Rapid Spin|[of] p1a: Tentacruel
|move|p2a: Skittle|U-turn|p1a: Tentacruel
|-resisted|p1a: Tentacruel
|-damage|p1a: Tentacruel|76/100
|
|t:|1757826190
|switch|p2a: Krooked Nose|Krookodile, F|100/100|[from] U-turn
|
|upkeep
|turn|5
|
|t:|1757826201
|move|p1a: Tentacruel|Flip Turn|p2a: Krooked Nose
|-supereffective|p2a: Krooked Nose
|-damage|p2a: Krooked Nose|64/100
|
|t:|1757826204
|switch|p1a: Landorus|Landorus-Therian, M|100/100|[from] Flip Turn
|-ability|p1a: Landorus|Intimidate|boost
|-unboost|p2a: Krooked Nose|atk|1
|move|p2a: Krooked Nose|Earthquake|p1a: Landorus
|-immune|p1a: Landorus
|
|upkeep
|turn|6
|
|t:|1757826211
|switch|p2a: Wombat|Noivern, M|100/100
|move|p1a: Landorus|Stealth Rock|p2a: Wombat
|-sidestart|p2: blazingshadow46|move: Stealth Rock
|
|upkeep
|turn|7
|
|t:|1757826223
|switch|p1a: Scizor|Scizor, F|79/100
|move|p2a: Wombat|Defog|p1a: Scizor
|-unboost|p1a: Scizor|evasion|1
|-sideend|p2: blazingshadow46|Stealth Rock|[from] move: Defog|[of] p2a: Wombat
|
|upkeep
|turn|8
|
|t:|1757826236
|move|p2a: Wombat|U-turn|p1a: Scizor
|-resisted|p1a: Scizor
|-damage|p1a: Scizor|74/100
|
|t:|1757826239
|switch|p2a: Knee Surgery|Great Tusk|82/100|[from] U-turn
|move|p1a: Scizor|U-turn|p2a: Knee Surgery
|-resisted|p2a: Knee Surgery
|-damage|p2a: Knee Surgery|72/100
|
|t:|1757826255
|switch|p1a: Ogerpon|Ogerpon-Wellspring, F|100/100|[from] U-turn
|
|upkeep
|turn|9
|
|t:|1757826260
|-end|p2a: Knee Surgery|Protosynthesis|[silent]
|switch|p2a: Wombat|Noivern, M|100/100
|move|p1a: Ogerpon|Swords Dance|p1a: Ogerpon
|-boost|p1a: Ogerpon|atk|2
|
|upkeep
|turn|10
|
|t:|1757826271
|move|p2a: Wombat|Hurricane|p1a: Ogerpon|[miss]
|-miss|p2a: Wombat|p1a: Ogerpon
|move|p1a: Ogerpon|Knock Off|p2a: Wombat
|-damage|p2a: Wombat|4/100
|-enditem|p2a: Wombat|Heavy-Duty Boots|[from] move: Knock Off|[of] p1a: Ogerpon
|
|upkeep
|turn|11
|
|t:|1757826279
|-terastallize|p1a: Ogerpon|Water
|detailschange|p1a: Ogerpon|Ogerpon-Wellspring-Tera, F, tera:Water
|-ability|p1a: Ogerpon|Embody Aspect (Wellspring)|boost
|-boost|p1a: Ogerpon|spd|1
|move|p2a: Wombat|Hurricane|p1a: Ogerpon|[miss]
|-miss|p2a: Wombat|p1a: Ogerpon
|move|p1a: Ogerpon|Horn Leech|p2a: Wombat
|-resisted|p2a: Wombat
|-damage|p2a: Wombat|0 fnt
|faint|p2a: Wombat
|
|upkeep
|c|☆blazingshadow46|brother...
|
|t:|1757826300
|switch|p2a: SS Stall trooper|Chandelure, F|100/100
|turn|12
|
|t:|1757826313
|-terastallize|p2a: SS Stall trooper|Grass
|move|p1a: Ogerpon|Ivy Cudgel|p2a: SS Stall trooper|[anim] Ivy Cudgel Water
|-resisted|p2a: SS Stall trooper
|-damage|p2a: SS Stall trooper|0 fnt
|faint|p2a: SS Stall trooper
|
|upkeep
|-message|blazingshadow46 forfeited.
|
|win|silvercloudv3
|raw|silvercloudv3's rating: 1201 &rarr; <strong>1230</strong><br />(+29 for winning)
|raw|blazingshadow46's rating: 1254 &rarr; <strong>1225</strong><br />(-29 for losing)
|l|☆blazingshadow46
|player|p2|
|l|☆silvercloudv3
|player|p1|
