|j|‽mizizizi
|j|☆Balabii
|t:|1757898178
|gametype|singles
|player|p1|mizizizi|li|1093
|player|p2|Balabii|hilbert-wonderlauncher|1076
|gen|9
|tier|[Gen 9] OU
|rated|
|rule|HP Percentage Mod: HP is shown in percentages
|rule|Endless Battle Clause: Forcing endless battles is banned
|rule|Species Clause: Limit one of each Pokémon
|rule|OHKO Clause: OHKO moves are banned
|rule|Evasion Items Clause: Evasion items are banned
|rule|Evasion Moves Clause: Evasion moves are banned
|rule|Evasion Abilities Clause: Evasion abilities are banned
|rule|Sleep Moves Clause: Sleep-inducing moves are banned
|clearpoke
|poke|p1|Regigigas|
|poke|p1|Regice|
|poke|p1|Registeel|
|poke|p1|Regirock|
|poke|p1|Regidrago|
|poke|p1|Azelf|
|poke|p2|Scizor, M|
|poke|p2|Keldeo|
|poke|p2|Grimmsnarl, M|
|poke|p2|Dragapult, M|
|poke|p2|Gliscor, M|
|poke|p2|Iron Moth|
|teampreview
|inactive|Battle timer is ON: inactive players will automatically lose when time's up. (requested by Balabii)
|
|t:|1757898188
|teamsize|p1|6
|teamsize|p2|6
|start
|switch|p1a: Azelf|Azelf|100/100
|switch|p2a: Keldeo|Keldeo|100/100
|turn|1
|inactive|Balabii has 120 seconds left.
|
|t:|1757898221
|switch|p2a: Scizor|Scizor, M|100/100
|move|p1a: Azelf|Light Screen|p1a: Azelf
|-sidestart|p1: mizizizi|move: Light Screen
|
|upkeep
|turn|2
|
|t:|1757898228
|move|p1a: Azelf|Taunt|p2a: Scizor
|-start|p2a: Scizor|move: Taunt
|move|p2a: Scizor|Knock Off|p1a: Azelf
|-supereffective|p1a: Azelf
|-enditem|p1a: Azelf|Focus Sash
|-damage|p1a: Azelf|1/100
|
|upkeep
|turn|3
|
|t:|1757898238
|switch|p1a: Registeel|Registeel|100/100
|move|p2a: Scizor|Knock Off|p1a: Registeel
|-damage|p1a: Registeel|65/100
|-damage|p2a: Scizor|84/100|[from] item: Rocky Helmet|[of] p1a: Registeel
|-enditem|p1a: Registeel|Rocky Helmet|[from] move: Knock Off|[of] p2a: Scizor
|
|upkeep
|turn|4
|
|t:|1757898256
|switch|p2a: Gliscor|Gliscor, M|100/100
|move|p1a: Registeel|Stealth Rock|p2a: Gliscor
|-sidestart|p2: Balabii|move: Stealth Rock
|
|-status|p2a: Gliscor|tox|[from] item: Toxic Orb
|upkeep
|turn|5
|
|t:|1757898264
|switch|p1a: Azelf|Azelf|1/100
|move|p2a: Gliscor|Earthquake|p1a: Azelf
|-immune|p1a: Azelf|[from] ability: Levitate
|
|-sideend|p1: mizizizi|move: Light Screen
|upkeep
|turn|6
|
|t:|1757898271
|move|p1a: Azelf|Explosion|p2a: Gliscor
|-damage|p2a: Gliscor|56/100 tox
|faint|p1a: Azelf
|move|p2a: Gliscor|U-turn|p1: Azelf|[notarget]
|-fail|p2a: Gliscor
|
|-heal|p2a: Gliscor|68/100 tox|[from] ability: Poison Heal
|upkeep
|
|t:|1757898279
|switch|p1a: Regigigas|Regigigas, shiny|100/100
|-start|p1a: Regigigas|ability: Slow Start
|turn|7
|
|t:|1757898287
|move|p2a: Gliscor|Protect|p2a: Gliscor
|-singleturn|p2a: Gliscor|Protect
|move|p1a: Regigigas|Protect||[still]
|-fail|p1a: Regigigas
|
|-heal|p2a: Gliscor|80/100 tox|[from] ability: Poison Heal
|upkeep
|turn|8
|
|t:|1757898294
|move|p2a: Gliscor|Stealth Rock|p1a: Regigigas
|-sidestart|p1: mizizizi|move: Stealth Rock
|move|p1a: Regigigas|Substitute|p1a: Regigigas
|-start|p1a: Regigigas|Substitute
|-damage|p1a: Regigigas|76/100
|
|-heal|p2a: Gliscor|93/100 tox|[from] ability: Poison Heal
|upkeep
|turn|9
|
|t:|1757898305
|move|p1a: Regigigas|Protect|p1a: Regigigas
|-singleturn|p1a: Regigigas|Protect
|move|p2a: Gliscor|Earthquake|p1a: Regigigas
|-activate|p1a: Regigigas|move: Protect
|
|-heal|p2a: Gliscor|100/100 tox|[from] ability: Poison Heal
|upkeep
|turn|10
|
|t:|1757898315
|move|p2a: Gliscor|Earthquake|p1a: Regigigas
|-end|p1a: Regigigas|Substitute
|move|p1a: Regigigas|Body Slam|p2a: Gliscor
|-damage|p2a: Gliscor|84/100 tox
|
|-heal|p2a: Gliscor|96/100 tox|[from] ability: Poison Heal
|upkeep
|turn|11
|
|t:|1757898322
|move|p1a: Regigigas|Protect|p1a: Regigigas
|-singleturn|p1a: Regigigas|Protect
|move|p2a: Gliscor|U-turn|p1a: Regigigas
|-activate|p1a: Regigigas|move: Protect
|
|-heal|p2a: Gliscor|100/100 tox|[from] ability: Poison Heal
|-end|p1a: Regigigas|Slow Start
|upkeep
|turn|12
|
|t:|1757898328
|move|p1a: Regigigas|Substitute|p1a: Regigigas
|-start|p1a: Regigigas|Substitute
|-damage|p1a: Regigigas|51/100
|move|p2a: Gliscor|U-turn|p1a: Regigigas
|-activate|p1a: Regigigas|move: Substitute|[damage]
|
|t:|1757898339
|switch|p2a: Scizor|Scizor, M|84/100|[from] U-turn
|-damage|p2a: Scizor|72/100|[from] Stealth Rock
|
|upkeep
|turn|13
|
|t:|1757898345
|move|p1a: Regigigas|Earthquake|p2a: Scizor
|-damage|p2a: Scizor|23/100
|move|p2a: Scizor|U-turn|p1a: Regigigas
|-end|p1a: Regigigas|Substitute
|
|t:|1757898353
|switch|p2a: Keldeo|Keldeo|100/100|[from] U-turn
|
|upkeep
|turn|14
|
|t:|1757898359
|move|p1a: Regigigas|Protect|p1a: Regigigas
|-singleturn|p1a: Regigigas|Protect
|move|p2a: Keldeo|Vacuum Wave|p1a: Regigigas
|-activate|p1a: Regigigas|move: Protect
|
|upkeep
|turn|15
|
|t:|1757898364
|-terastallize|p1a: Regigigas|Ghost
|move|p2a: Keldeo|Vacuum Wave|p1a: Regigigas
|-immune|p1a: Regigigas
|move|p1a: Regigigas|Substitute|p1a: Regigigas
|-start|p1a: Regigigas|Substitute
|-damage|p1a: Regigigas|26/100
|
|upkeep
|turn|16
|
|t:|1757898372
|move|p2a: Keldeo|Flip Turn|p1a: Regigigas
|-activate|p1a: Regigigas|move: Substitute|[damage]
|
|t:|1757898382
|switch|p2a: Iron Moth|Iron Moth|100/100|[from] Flip Turn
|-damage|p2a: Iron Moth|76/100|[from] Stealth Rock
|-enditem|p2a: Iron Moth|Booster Energy
|-activate|p2a: Iron Moth|ability: Quark Drive|[fromitem]
|-start|p2a: Iron Moth|quarkdrivespe
|move|p1a: Regigigas|Body Slam|p2a: Iron Moth
|-damage|p2a: Iron Moth|0 fnt
|faint|p2a: Iron Moth
|-end|p2a: Iron Moth|Quark Drive|[silent]
|
|upkeep
|
|t:|1757898388
|switch|p2a: Grimmsnarl|Grimmsnarl, M|100/100
|-damage|p2a: Grimmsnarl|88/100|[from] Stealth Rock
|turn|17
|-message|Balabii forfeited.
|
|win|mizizizi
|raw|mizizizi's rating: 1093 &rarr; <strong>1118</strong><br />(+25 for winning)
|raw|Balabii's rating: 1076 &rarr; <strong>1056</strong><br />(-20 for losing)
|l|☆Balabii
|player|p2|
|l|‽mizizizi
|player|p1|
