|j|☆Obito 2001
|j|☆Trainer #39
|t:|1757841981
|gametype|singles
|player|p1|Obito 2001|blue-gen3two|1745
|player|p2|Trainer #39|bugsy|1749
|gen|9
|tier|[Gen 9] OU
|rated|
|rule|HP Percentage Mod: HP is shown in percentages
|rule|Endless Battle Clause: Forcing endless battles is banned
|rule|Species Clause: Limit one of each Pokémon
|rule|OHKO Clause: OHKO moves are banned
|rule|Evasion Items Clause: Evasion items are banned
|rule|Evasion Moves Clause: Evasion moves are banned
|rule|Evasion Abilities Clause: Evasion abilities are banned
|rule|Sleep Moves Clause: Sleep-inducing moves are banned
|clearpoke
|poke|p1|Forretress, F|
|poke|p1|Garchomp, F|
|poke|p1|Cinderace, F|
|poke|p1|Kyurem|
|poke|p1|Slowking-Galar, M|
|poke|p1|Tornadus-Therian, M|
|poke|p2|Blissey, F|
|poke|p2|Corviknight, M|
|poke|p2|Dondozo, M|
|poke|p2|Gliscor, M|
|poke|p2|Clefable, M|
|poke|p2|Slowking-Galar, M|
|teampreview
|inactive|Battle timer is ON: inactive players will automatically lose when time's up. (requested by Obito 2001)
|inactive|Obito 2001 has 120 seconds left.
|
|t:|1757842018
|teamsize|p1|6
|teamsize|p2|6
|start
|switch|p1a: Kyurem|Kyurem|100/100
|switch|p2a: 🇮🇱 stop genocide|Gliscor, M|100/100
|-ability|p1a: Kyurem|Pressure
|turn|1
|
|t:|1757842021
|move|p2a: 🇮🇱 stop genocide|Protect|p2a: 🇮🇱 stop genocide
|-singleturn|p2a: 🇮🇱 stop genocide|Protect
|move|p1a: Kyurem|Freeze-Dry|p2a: 🇮🇱 stop genocide
|-activate|p2a: 🇮🇱 stop genocide|move: Protect
|
|-status|p2a: 🇮🇱 stop genocide|tox|[from] item: Toxic Orb
|upkeep
|turn|2
|
|t:|1757842024
|switch|p1a: BunnyGirlSenpai|Cinderace, F|100/100
|switch|p2a: LeJ/ovni/la lettre|Slowking-Galar, M|100/100
|
|upkeep
|turn|3
|
|t:|1757842039
|switch|p2a: 🇮🇱 stop genocide|Gliscor, M|100/100 tox
|move|p1a: BunnyGirlSenpai|Pyro Ball|p2a: 🇮🇱 stop genocide
|-damage|p2a: 🇮🇱 stop genocide|43/100 tox
|
|-heal|p2a: 🇮🇱 stop genocide|56/100 tox|[from] ability: Poison Heal
|upkeep
|turn|4
|
|t:|1757842050
|switch|p1a: Slowking|Slowking-Galar, M|100/100
|move|p2a: 🇮🇱 stop genocide|Protect||[still]
|-fail|p2a: 🇮🇱 stop genocide
|
|-heal|p2a: 🇮🇱 stop genocide|68/100 tox|[from] ability: Poison Heal
|upkeep
|turn|5
|
|t:|1757842054
|switch|p2a: LeJ/ovni/la lettre|Slowking-Galar, M|100/100
|-prepare|p1a: Slowking|Chilly Reception|[premajor]
|move|p1a: Slowking|Chilly Reception|p1a: Slowking
|-weather|Snowscape
|
|t:|1757842060
|switch|p1a: Garchomp|Garchomp, F, shiny|100/100|[from] Chilly Reception
|
|-weather|Snowscape|[upkeep]
|upkeep
|turn|6
|
|t:|1757842069
|switch|p2a: JAS Gripen|Corviknight, M|100/100
|-ability|p2a: JAS Gripen|Pressure
|move|p1a: Garchomp|Earthquake|p2a: JAS Gripen
|-immune|p2a: JAS Gripen
|
|-weather|Snowscape|[upkeep]
|upkeep
|turn|7
|
|t:|1757842074
|switch|p2a: 🇮🇱 stop genocide|Gliscor, M|68/100 tox
|move|p1a: Garchomp|Swords Dance|p1a: Garchomp
|-boost|p1a: Garchomp|atk|2
|
|-weather|Snowscape|[upkeep]
|-heal|p2a: 🇮🇱 stop genocide|81/100 tox|[from] ability: Poison Heal
|upkeep
|turn|8
|
|t:|1757842080
|move|p2a: 🇮🇱 stop genocide|Protect|p2a: 🇮🇱 stop genocide
|-singleturn|p2a: 🇮🇱 stop genocide|Protect
|move|p1a: Garchomp|Scale Shot|p2a: 🇮🇱 stop genocide
|-activate|p2a: 🇮🇱 stop genocide|move: Protect
|
|-weather|Snowscape|[upkeep]
|-heal|p2a: 🇮🇱 stop genocide|93/100 tox|[from] ability: Poison Heal
|upkeep
|turn|9
|
|t:|1757842084
|switch|p1a: Slowking|Slowking-Galar, M|100/100
|move|p2a: 🇮🇱 stop genocide|Toxic|p1a: Slowking
|-immune|p1a: Slowking
|
|-weather|none
|-heal|p2a: 🇮🇱 stop genocide|100/100 tox|[from] ability: Poison Heal
|upkeep
|turn|10
|
|t:|1757842089
|move|p2a: 🇮🇱 stop genocide|Substitute|p2a: 🇮🇱 stop genocide
|-start|p2a: 🇮🇱 stop genocide|Substitute
|-damage|p2a: 🇮🇱 stop genocide|76/100 tox
|-prepare|p1a: Slowking|Chilly Reception|[premajor]
|move|p1a: Slowking|Chilly Reception|p1a: Slowking
|-weather|Snowscape
|
|t:|1757842092
|switch|p1a: Forretress|Forretress, F, shiny|100/100|[from] Chilly Reception
|
|-weather|Snowscape|[upkeep]
|-heal|p2a: 🇮🇱 stop genocide|88/100 tox|[from] ability: Poison Heal
|upkeep
|turn|11
|
|t:|1757842094
|move|p2a: 🇮🇱 stop genocide|Earthquake|p1a: Forretress
|-damage|p1a: Forretress|84/100
|-enditem|p1a: Forretress|Red Card|[of] p2a: 🇮🇱 stop genocide
|drag|p2a: 808 and curses|Dondozo, M|100/100
|move|p1a: Forretress|Stealth Rock|p2a: 808 and curses
|-sidestart|p2: Trainer #39|move: Stealth Rock
|
|-weather|Snowscape|[upkeep]
|upkeep
|turn|12
|
|t:|1757842097
|switch|p2a: 🇮🇱 stop genocide|Gliscor, M|88/100 tox
|-damage|p2a: 🇮🇱 stop genocide|76/100 tox|[from] Stealth Rock
|move|p1a: Forretress|Volt Switch|p2a: 🇮🇱 stop genocide
|-immune|p2a: 🇮🇱 stop genocide
|
|-weather|Snowscape|[upkeep]
|-heal|p2a: 🇮🇱 stop genocide|88/100 tox|[from] ability: Poison Heal
|upkeep
|turn|13
|
|t:|1757842102
|switch|p1a: Slowking|Slowking-Galar, M|100/100
|move|p2a: 🇮🇱 stop genocide|Earthquake|p1a: Slowking
|-supereffective|p1a: Slowking
|-damage|p1a: Slowking|44/100
|
|-weather|Snowscape|[upkeep]
|-heal|p2a: 🇮🇱 stop genocide|100/100 tox|[from] ability: Poison Heal
|upkeep
|turn|14
|j| Disscratch
|
|t:|1757842105
|switch|p1a: Forretress|Forretress, F, shiny|84/100
|move|p2a: 🇮🇱 stop genocide|Earthquake|p1a: Forretress
|-damage|p1a: Forretress|69/100
|
|-weather|none
|upkeep
|turn|15
|
|t:|1757842108
|switch|p1a: Slowking|Slowking-Galar, M|77/100
|move|p2a: 🇮🇱 stop genocide|Earthquake|p1a: Slowking
|-supereffective|p1a: Slowking
|-damage|p1a: Slowking|16/100
|
|upkeep
|turn|16
|
|t:|1757842112
|switch|p1a: Forretress|Forretress, F, shiny|69/100
|move|p2a: 🇮🇱 stop genocide|Toxic|p1a: Forretress|[miss]
|-miss|p2a: 🇮🇱 stop genocide|p1a: Forretress
|
|upkeep
|turn|17
|
|t:|1757842115
|switch|p1a: Tornadus|Tornadus-Therian, M|100/100
|move|p2a: 🇮🇱 stop genocide|Earthquake|p1a: Tornadus
|-immune|p1a: Tornadus
|
|upkeep
|turn|18
|j| bugs sock
|
|t:|1757842119
|switch|p1a: Slowking|Slowking-Galar, M|49/100
|move|p2a: 🇮🇱 stop genocide|Earthquake|p1a: Slowking
|-supereffective|p1a: Slowking
|-damage|p1a: Slowking|0 fnt
|faint|p1a: Slowking
|
|upkeep
|
|t:|1757842126
|switch|p1a: Kyurem|Kyurem|100/100
|-ability|p1a: Kyurem|Pressure
|turn|19
|
|t:|1757842131
|switch|p2a: brat|Blissey, F|100/100
|move|p1a: Kyurem|Freeze-Dry|p2a: brat
|-damage|p2a: brat|81/100
|
|upkeep
|turn|20
|
|t:|1757842147
|switch|p1a: Garchomp|Garchomp, F, shiny|100/100
|move|p2a: brat|Stealth Rock|p1a: Garchomp
|-sidestart|p1: Obito 2001|move: Stealth Rock
|
|upkeep
|turn|21
|
|t:|1757842149
|switch|p2a: 🇮🇱 stop genocide|Gliscor, M|100/100 tox
|-damage|p2a: 🇮🇱 stop genocide|88/100 tox|[from] Stealth Rock
|move|p1a: Garchomp|Swords Dance|p1a: Garchomp
|-boost|p1a: Garchomp|atk|2
|
|-heal|p2a: 🇮🇱 stop genocide|100/100 tox|[from] ability: Poison Heal
|upkeep
|turn|22
|
|t:|1757842151
|move|p1a: Garchomp|Scale Shot|p2a: 🇮🇱 stop genocide|[miss]
|-miss|p1a: Garchomp|p2a: 🇮🇱 stop genocide
|move|p2a: 🇮🇱 stop genocide|Toxic|p1a: Garchomp
|-status|p1a: Garchomp|tox
|
|-damage|p1a: Garchomp|94/100 tox|[from] psn
|upkeep
|turn|23
|-message|Obito 2001 forfeited.
|
|win|Trainer #39
|raw|Obito 2001's rating: 1745 &rarr; <strong>1725</strong><br />(-20 for losing)
|raw|Trainer #39's rating: 1749 &rarr; <strong>1769</strong><br />(+20 for winning)
|l|☆Obito 2001
|player|p1|
|l|☆Trainer #39
|player|p2|
|l| Disscratch
