|j|☆chefcapuchin
|j|☆DirkDiggler420
|t:|1757831008
|gametype|singles
|player|p1|chefcapuchin|266|1594
|player|p2|DirkDiggler420|linebacker|1645
|gen|9
|tier|[Gen 9] OU
|rated|
|rule|HP Percentage Mod: HP is shown in percentages
|rule|Endless Battle Clause: Forcing endless battles is banned
|rule|Species Clause: Limit one of each Pokémon
|rule|OHKO Clause: OHKO moves are banned
|rule|Evasion Items Clause: Evasion items are banned
|rule|Evasion Moves Clause: Evasion moves are banned
|rule|Evasion Abilities Clause: Evasion abilities are banned
|rule|Sleep Moves Clause: Sleep-inducing moves are banned
|clearpoke
|poke|p1|Dondozo, F|
|poke|p1|Cinderace, F|
|poke|p1|Slowking-Galar, M|
|poke|p1|Corviknight, M|
|poke|p1|Ting-Lu|
|poke|p1|Kyurem|
|poke|p2|Samurott-Hisui, F|
|poke|p2|Hydrapple, F|
|poke|p2|Heatran, M|
|poke|p2|Tornadus-Therian, M|
|poke|p2|Great Tusk|
|poke|p2|Dragapult, F|
|teampreview
|inactive|Battle timer is ON: inactive players will automatically lose when time's up. (requested by chefcapuchin)
|inactive|DirkDiggler420 has 120 seconds left.
|j| heatraniac
|inactive|chefcapuchin has 120 seconds left.
|
|t:|1757831065
|teamsize|p1|6
|teamsize|p2|6
|start
|switch|p1a: Kyurem|Kyurem|100/100
|switch|p2a: Samurott|Samurott-Hisui, F|100/100
|-ability|p1a: Kyurem|Pressure
|turn|1
|
|t:|1757831089
|switch|p2a: Heatran|Heatran, M|100/100
|move|p1a: Kyurem|Freeze-Dry|p2a: Heatran
|-resisted|p2a: Heatran
|-damage|p2a: Heatran|92/100
|
|-heal|p2a: Heatran|99/100|[from] item: Leftovers
|upkeep
|turn|2
|
|t:|1757831096
|switch|p1a: Ting-Lu|Ting-Lu|100/100
|-ability|p1a: Ting-Lu|Vessel of Ruin
|-terastallize|p2a: Heatran|Bug
|move|p2a: Heatran|Magma Storm|p1a: Ting-Lu
|-damage|p1a: Ting-Lu|84/100
|-activate|p1a: Ting-Lu|move: Magma Storm|[of] p2a: Heatran
|
|-heal|p2a: Heatran|100/100|[from] item: Leftovers
|-heal|p1a: Ting-Lu|90/100|[from] item: Leftovers
|-damage|p1a: Ting-Lu|77/100|[from] move: Magma Storm|[partiallytrapped]
|upkeep
|turn|3
|
|t:|1757831103
|move|p2a: Heatran|Taunt|p1a: Ting-Lu
|-start|p1a: Ting-Lu|move: Taunt
|move|p1a: Ting-Lu|Payback|p2a: Heatran
|-damage|p2a: Heatran|68/100
|
|-heal|p2a: Heatran|74/100|[from] item: Leftovers
|-heal|p1a: Ting-Lu|84/100|[from] item: Leftovers
|-damage|p1a: Ting-Lu|71/100|[from] move: Magma Storm|[partiallytrapped]
|upkeep
|turn|4
|
|t:|1757831110
|move|p2a: Heatran|Stealth Rock|p1a: Ting-Lu
|-sidestart|p1: chefcapuchin|move: Stealth Rock
|move|p1a: Ting-Lu|Payback|p2a: Heatran
|-damage|p2a: Heatran|40/100
|
|-heal|p2a: Heatran|46/100|[from] item: Leftovers
|-heal|p1a: Ting-Lu|77/100|[from] item: Leftovers
|-damage|p1a: Ting-Lu|65/100|[from] move: Magma Storm|[partiallytrapped]
|upkeep
|turn|5
|
|t:|1757831113
|move|p2a: Heatran|Magma Storm|p1a: Ting-Lu
|-damage|p1a: Ting-Lu|48/100
|move|p1a: Ting-Lu|Payback|p2a: Heatran
|-damage|p2a: Heatran|15/100
|
|-heal|p2a: Heatran|21/100|[from] item: Leftovers
|-heal|p1a: Ting-Lu|55/100|[from] item: Leftovers
|-damage|p1a: Ting-Lu|42/100|[from] move: Magma Storm|[partiallytrapped]
|-end|p1a: Ting-Lu|move: Taunt
|upkeep
|turn|6
|
|t:|1757831118
|move|p2a: Heatran|Taunt|p1a: Ting-Lu
|-start|p1a: Ting-Lu|move: Taunt
|cant|p1a: Ting-Lu|move: Taunt|Rest
|
|-heal|p2a: Heatran|28/100|[from] item: Leftovers
|-heal|p1a: Ting-Lu|48/100|[from] item: Leftovers
|-end|p1a: Ting-Lu|Magma Storm|[partiallytrapped]
|upkeep
|turn|7
|
|t:|1757831123
|move|p2a: Heatran|Magma Storm|p1a: Ting-Lu
|-damage|p1a: Ting-Lu|31/100
|-activate|p1a: Ting-Lu|move: Magma Storm|[of] p2a: Heatran
|move|p1a: Ting-Lu|Payback|p2a: Heatran
|-damage|p2a: Heatran|0 fnt
|faint|p2a: Heatran
|
|-heal|p1a: Ting-Lu|37/100|[from] item: Leftovers
|-end|p1a: Ting-Lu|Magma Storm|[partiallytrapped]|[silent]
|upkeep
|
|t:|1757831131
|switch|p2a: Samurott|Samurott-Hisui, F|100/100
|turn|8
|
|t:|1757831140
|move|p2a: Samurott|Ceaseless Edge|p1a: Ting-Lu|[miss]
|-miss|p2a: Samurott|p1a: Ting-Lu
|move|p1a: Ting-Lu|Earthquake|p2a: Samurott
|-damage|p2a: Samurott|55/100
|
|-heal|p1a: Ting-Lu|43/100|[from] item: Leftovers
|-end|p1a: Ting-Lu|move: Taunt
|upkeep
|turn|9
|
|t:|1757831146
|switch|p2a: Hydrapple|Hydrapple, F|100/100
|move|p1a: Ting-Lu|Earthquake|p2a: Hydrapple
|-resisted|p2a: Hydrapple
|-damage|p2a: Hydrapple|91/100
|
|-heal|p1a: Ting-Lu|49/100|[from] item: Leftovers
|upkeep
|turn|10
|
|t:|1757831175
|switch|p1a: Slowking|Slowking-Galar, M|100/100
|-damage|p1a: Slowking|88/100|[from] Stealth Rock
|move|p2a: Hydrapple|Nasty Plot|p2a: Hydrapple
|-boost|p2a: Hydrapple|spa|2
|
|upkeep
|turn|11
|
|t:|1757831179
|move|p2a: Hydrapple|Earth Power|p1a: Slowking
|-supereffective|p1a: Slowking
|-enditem|p1a: Slowking|Shuca Berry|[eat]
|-enditem|p1a: Slowking|Shuca Berry|[weaken]
|-damage|p1a: Slowking|61/100
|move|p1a: Slowking|Ice Beam|p2a: Hydrapple
|-supereffective|p2a: Hydrapple
|-damage|p2a: Hydrapple|7/100
|
|upkeep
|turn|12
|
|t:|1757831196
|move|p2a: Hydrapple|Fickle Beam|p1a: Slowking
|-damage|p1a: Slowking|23/100
|-prepare|p1a: Slowking|Chilly Reception|[premajor]
|move|p1a: Slowking|Chilly Reception|p1a: Slowking
|-weather|Snowscape
|
|t:|1757831199
|switch|p1a: Cinderace|Cinderace, F|100/100|[from] Chilly Reception
|
|-weather|Snowscape|[upkeep]
|upkeep
|turn|13
|l| heatraniac
|
|t:|1757831208
|switch|p2a: Tornadus|Tornadus-Therian, M|100/100
|move|p1a: Cinderace|U-turn|p2a: Tornadus
|-resisted|p2a: Tornadus
|-damage|p2a: Tornadus|90/100
|
|t:|1757831217
|switch|p1a: Slowking|Slowking-Galar, M|56/100|[from] U-turn
|-damage|p1a: Slowking|44/100|[from] Stealth Rock
|
|-weather|Snowscape|[upkeep]
|upkeep
|turn|14
|
|t:|1757831222
|move|p2a: Tornadus|U-turn|p1a: Slowking
|-damage|p1a: Slowking|30/100
|
|t:|1757831224
|switch|p2a: Hydrapple|Hydrapple, F|40/100|[from] U-turn
|-prepare|p1a: Slowking|Chilly Reception|[premajor]
|move|p1a: Slowking|Chilly Reception|p1a: Slowking
|
|t:|1757831235
|switch|p1a: Corviknight|Corviknight, M|100/100|[from] Chilly Reception
|-damage|p1a: Corviknight|88/100|[from] Stealth Rock
|-ability|p1a: Corviknight|Pressure
|
|-weather|Snowscape|[upkeep]
|upkeep
|turn|15
|
|t:|1757831240
|switch|p2a: Tornadus|Tornadus-Therian, M|100/100
|move|p1a: Corviknight|Defog|p2a: Tornadus
|-unboost|p2a: Tornadus|evasion|1
|-sideend|p1: chefcapuchin|Stealth Rock|[from] move: Defog|[of] p1a: Corviknight
|
|-weather|Snowscape|[upkeep]
|upkeep
|turn|16
|
|t:|1757831246
|switch|p1a: Ting-Lu|Ting-Lu|49/100
|-ability|p1a: Ting-Lu|Vessel of Ruin
|move|p2a: Tornadus|Knock Off|p1a: Ting-Lu
|-resisted|p1a: Ting-Lu
|-damage|p1a: Ting-Lu|44/100
|-enditem|p1a: Ting-Lu|Leftovers|[from] move: Knock Off|[of] p2a: Tornadus
|
|-weather|none
|upkeep
|turn|17
|
|t:|1757831256
|move|p2a: Tornadus|U-turn|p1a: Ting-Lu
|-supereffective|p1a: Ting-Lu
|-damage|p1a: Ting-Lu|29/100
|
|t:|1757831258
|switch|p2a: Great Tusk|Great Tusk|100/100|[from] U-turn
|move|p1a: Ting-Lu|Rest|p1a: Ting-Lu
|-status|p1a: Ting-Lu|slp|[from] move: Rest
|-heal|p1a: Ting-Lu|100/100 slp|[silent]
|
|upkeep
|turn|18
|
|t:|1757831266
|switch|p1a: Corviknight|Corviknight, M|88/100
|-ability|p1a: Corviknight|Pressure
|move|p2a: Great Tusk|Ice Spinner|p1a: Corviknight
|-damage|p1a: Corviknight|72/100
|-damage|p2a: Great Tusk|84/100|[from] item: Rocky Helmet|[of] p1a: Corviknight
|
|upkeep
|turn|19
|
|t:|1757831278
|-end|p2a: Great Tusk|Protosynthesis|[silent]
|switch|p2a: Hydrapple|Hydrapple, F|74/100
|switch|p1a: Ting-Lu|Ting-Lu|100/100 slp
|-ability|p1a: Ting-Lu|Vessel of Ruin
|
|upkeep
|turn|20
|
|t:|1757831287
|switch|p1a: Slowking|Slowking-Galar, M|63/100
|move|p2a: Hydrapple|Nasty Plot|p2a: Hydrapple
|-boost|p2a: Hydrapple|spa|2
|
|upkeep
|turn|21
|
|t:|1757831304
|switch|p2a: Samurott|Samurott-Hisui, F|55/100
|move|p1a: Slowking|Ice Beam|p2a: Samurott
|-resisted|p2a: Samurott
|-damage|p2a: Samurott|38/100
|
|upkeep
|turn|22
|
|t:|1757831318
|switch|p1a: Corviknight|Corviknight, M|72/100
|-ability|p1a: Corviknight|Pressure
|move|p2a: Samurott|Ceaseless Edge|p1a: Corviknight
|-damage|p1a: Corviknight|34/100
|-damage|p2a: Samurott|21/100|[from] item: Rocky Helmet|[of] p1a: Corviknight
|-sidestart|p1: chefcapuchin|Spikes
|
|upkeep
|turn|23
|
|t:|1757831330
|move|p2a: Samurott|Ceaseless Edge|p1a: Corviknight
|-damage|p1a: Corviknight|0 fnt
|-damage|p2a: Samurott|5/100|[from] item: Rocky Helmet|[of] p1a: Corviknight
|-sidestart|p1: chefcapuchin|Spikes
|faint|p1a: Corviknight
|
|upkeep
|
|t:|1757831333
|switch|p1a: Cinderace|Cinderace, F|100/100
|turn|24
|
|t:|1757831335
|move|p1a: Cinderace|U-turn|p2a: Samurott
|-supereffective|p2a: Samurott
|-damage|p2a: Samurott|0 fnt
|faint|p2a: Samurott
|
|t:|1757831343
|switch|p1a: Slowking|Slowking-Galar, M|96/100|[from] U-turn
|-damage|p1a: Slowking|80/100|[from] Spikes
|
|upkeep
|
|t:|1757831351
|switch|p2a: Great Tusk|Great Tusk|84/100
|turn|25
|
|t:|1757831378
|switch|p1a: Dondozo|Dondozo, F|100/100
|move|p2a: Great Tusk|Headlong Rush|p1a: Dondozo
|-damage|p1a: Dondozo|63/100
|-unboost|p2a: Great Tusk|def|1
|-unboost|p2a: Great Tusk|spd|1
|
|upkeep
|turn|26
|
|t:|1757831397
|-end|p2a: Great Tusk|Protosynthesis|[silent]
|switch|p2a: Hydrapple|Hydrapple, F|100/100
|move|p1a: Dondozo|Rest|p1a: Dondozo
|-status|p1a: Dondozo|slp|[from] move: Rest
|-heal|p1a: Dondozo|100/100 slp|[silent]
|
|upkeep
|turn|27
|
|t:|1757831405
|switch|p2a: Great Tusk|Great Tusk|84/100
|switch|p1a: Slowking|Slowking-Galar, M|100/100
|-damage|p1a: Slowking|84/100|[from] Spikes
|
|upkeep
|turn|28
|
|t:|1757831414
|switch|p1a: Ting-Lu|Ting-Lu|100/100 slp
|-damage|p1a: Ting-Lu|84/100 slp|[from] Spikes
|-ability|p1a: Ting-Lu|Vessel of Ruin
|move|p2a: Great Tusk|Headlong Rush|p1a: Ting-Lu
|-damage|p1a: Ting-Lu|47/100 slp
|-unboost|p2a: Great Tusk|def|1
|-unboost|p2a: Great Tusk|spd|1
|
|upkeep
|turn|29
|
|t:|1757831424
|move|p2a: Great Tusk|Ice Spinner|p1a: Ting-Lu
|-supereffective|p1a: Ting-Lu
|-damage|p1a: Ting-Lu|16/100 slp
|cant|p1a: Ting-Lu|slp
|move|p1a: Ting-Lu|Sleep Talk|p1a: Ting-Lu
|move|p1a: Ting-Lu|Earthquake|p2a: Great Tusk|[from] move: Sleep Talk
|-damage|p2a: Great Tusk|42/100
|
|upkeep
|turn|30
|
|t:|1757831429
|move|p2a: Great Tusk|Headlong Rush|p1a: Ting-Lu
|-damage|p1a: Ting-Lu|0 fnt
|-unboost|p2a: Great Tusk|def|1
|-unboost|p2a: Great Tusk|spd|1
|faint|p1a: Ting-Lu
|
|upkeep
|
|t:|1757831433
|switch|p1a: Cinderace|Cinderace, F|100/100
|turn|31
|
|t:|1757831439
|-end|p2a: Great Tusk|Protosynthesis|[silent]
|switch|p2a: Dragapult|Dragapult, F|100/100
|move|p1a: Cinderace|Pyro Ball|p2a: Dragapult
|-resisted|p2a: Dragapult
|-damage|p2a: Dragapult|70/100
|-status|p2a: Dragapult|brn
|
|-damage|p2a: Dragapult|64/100 brn|[from] brn
|upkeep
|turn|32
|
|t:|1757831445
|move|p2a: Dragapult|Thunder Wave|p1a: Cinderace
|-status|p1a: Cinderace|par
|move|p1a: Cinderace|Court Change|p1a: Cinderace
|-swapsideconditions
|-activate|p1a: Cinderace|move: Court Change
|
|-damage|p2a: Dragapult|57/100 brn|[from] brn
|upkeep
|turn|33
|
|t:|1757831448
|move|p2a: Dragapult|Hex|p1a: Cinderace
|-damage|p1a: Cinderace|47/100 par
|move|p1a: Cinderace|U-turn|p2a: Dragapult
|-resisted|p2a: Dragapult
|-damage|p2a: Dragapult|44/100 brn
|
|t:|1757831464
|switch|p1a: Slowking|Slowking-Galar, M|100/100|[from] U-turn
|
|-damage|p2a: Dragapult|38/100 brn|[from] brn
|upkeep
|turn|34
|
|t:|1757831468
|switch|p1a: Dondozo|Dondozo, F|100/100 slp
|move|p2a: Dragapult|U-turn|p1a: Dondozo
|-damage|p1a: Dondozo|96/100 slp
|
|t:|1757831476
|switch|p2a: Great Tusk|Great Tusk|42/100|[from] U-turn
|
|upkeep
|turn|35
|
|t:|1757831482
|move|p2a: Great Tusk|Rapid Spin|p1a: Dondozo
|-damage|p1a: Dondozo|85/100 slp
|-boost|p2a: Great Tusk|spe|1
|-sideend|p2: DirkDiggler420|Spikes|[from] move: Rapid Spin|[of] p2a: Great Tusk
|cant|p1a: Dondozo|slp
|move|p1a: Dondozo|Sleep Talk|p1a: Dondozo
|move|p1a: Dondozo|Liquidation|p2a: Great Tusk|[from] move: Sleep Talk
|-supereffective|p2a: Great Tusk
|-damage|p2a: Great Tusk|2/100
|
|upkeep
|turn|36
|
|t:|1757831487
|-end|p2a: Great Tusk|Protosynthesis|[silent]
|switch|p2a: Hydrapple|Hydrapple, F|100/100
|cant|p1a: Dondozo|slp
|move|p1a: Dondozo|Sleep Talk|p1a: Dondozo
|move|p1a: Dondozo|Curse|p1a: Dondozo|[from] move: Sleep Talk
|-unboost|p1a: Dondozo|spe|1
|-boost|p1a: Dondozo|atk|1
|-boost|p1a: Dondozo|def|1
|
|upkeep
|turn|37
|
|t:|1757831492
|switch|p1a: Slowking|Slowking-Galar, M|100/100
|move|p2a: Hydrapple|Nasty Plot|p2a: Hydrapple
|-boost|p2a: Hydrapple|spa|2
|
|upkeep
|turn|38
|j| HGalliumh
|
|t:|1757831502
|switch|p2a: Tornadus|Tornadus-Therian, M|100/100
|-prepare|p1a: Slowking|Chilly Reception|[premajor]
|move|p1a: Slowking|Chilly Reception|p1a: Slowking
|-weather|Snowscape
|
|t:|1757831513
|switch|p1a: Kyurem|Kyurem|100/100|[from] Chilly Reception
|-ability|p1a: Kyurem|Pressure
|
|-weather|Snowscape|[upkeep]
|upkeep
|turn|39
|
|t:|1757831516
|move|p2a: Tornadus|Focus Blast|p1a: Kyurem
|-supereffective|p1a: Kyurem
|-damage|p1a: Kyurem|46/100
|move|p1a: Kyurem|Ice Beam|p2a: Tornadus
|-supereffective|p2a: Tornadus
|-damage|p2a: Tornadus|0 fnt
|faint|p2a: Tornadus
|
|-weather|Snowscape|[upkeep]
|upkeep
|
|t:|1757831520
|switch|p2a: Dragapult|Dragapult, F|38/100 brn
|turn|40
|
|t:|1757831525
|switch|p1a: Dondozo|Dondozo, F|85/100 slp
|move|p2a: Dragapult|Thunder Wave||[still]
|-fail|p2a: Dragapult
|
|-weather|Snowscape|[upkeep]
|-damage|p2a: Dragapult|32/100 brn|[from] brn
|upkeep
|turn|41
|
|t:|1757831529
|switch|p1a: Slowking|Slowking-Galar, M|100/100
|move|p2a: Dragapult|Hex|p1a: Slowking
|-supereffective|p1a: Slowking
|-damage|p1a: Slowking|73/100
|
|-weather|Snowscape|[upkeep]
|-damage|p2a: Dragapult|26/100 brn|[from] brn
|upkeep
|turn|42
|
|t:|1757831534
|switch|p1a: Dondozo|Dondozo, F|85/100 slp
|move|p2a: Dragapult|Thunder Wave||[still]
|-fail|p2a: Dragapult
|
|-weather|none
|-damage|p2a: Dragapult|20/100 brn|[from] brn
|upkeep
|turn|43
|
|t:|1757831539
|move|p2a: Dragapult|Hex|p1a: Dondozo
|-damage|p1a: Dondozo|57/100 slp
|-curestatus|p1a: Dondozo|slp|[msg]
|move|p1a: Dondozo|Liquidation|p2a: Dragapult
|-resisted|p2a: Dragapult
|-damage|p2a: Dragapult|0 fnt
|faint|p2a: Dragapult
|
|upkeep
|
|t:|1757831542
|switch|p2a: Hydrapple|Hydrapple, F|100/100
|turn|44
|
|t:|1757831545
|switch|p1a: Slowking|Slowking-Galar, M|100/100
|move|p2a: Hydrapple|Nasty Plot|p2a: Hydrapple
|-boost|p2a: Hydrapple|spa|2
|
|upkeep
|turn|45
|
|t:|1757831548
|move|p2a: Hydrapple|Nasty Plot|p2a: Hydrapple
|-boost|p2a: Hydrapple|spa|2
|-prepare|p1a: Slowking|Chilly Reception|[premajor]
|move|p1a: Slowking|Chilly Reception|p1a: Slowking
|-weather|Snowscape
|
|t:|1757831550
|switch|p1a: Kyurem|Kyurem|46/100|[from] Chilly Reception
|-ability|p1a: Kyurem|Pressure
|
|-weather|Snowscape|[upkeep]
|upkeep
|turn|46
|-message|DirkDiggler420 forfeited.
|
|win|chefcapuchin
|raw|chefcapuchin's rating: 1594 &rarr; <strong>1617</strong><br />(+23 for winning)
|raw|DirkDiggler420's rating: 1645 &rarr; <strong>1622</strong><br />(-23 for losing)
|l|☆DirkDiggler420
|player|p2|
|l|☆chefcapuchin
|player|p1|
