|j|☆Mafia Cynthia
|j|☆PikachuStupid90
|t:|1757935051
|gametype|singles
|player|p1|Mafia Cynthia|102|1241
|player|p2|PikachuStupid90|miku-ground|1313
|gen|9
|tier|[Gen 9] OU
|rated|
|rule|HP Percentage Mod: HP is shown in percentages
|rule|Endless Battle Clause: Forcing endless battles is banned
|rule|Species Clause: Limit one of each Pokémon
|rule|OHKO Clause: OHKO moves are banned
|rule|Evasion Items Clause: Evasion items are banned
|rule|Evasion Moves Clause: Evasion moves are banned
|rule|Evasion Abilities Clause: Evasion abilities are banned
|rule|Sleep Moves Clause: Sleep-inducing moves are banned
|clearpoke
|poke|p1|Hydreigon, F|
|poke|p1|Glimmora, F|
|poke|p1|Yanmega, M|
|poke|p1|Typhlosion, M|
|poke|p1|Empoleon, F|
|poke|p1|Eelektross, F|
|poke|p2|Pelipper, M|
|poke|p2|Ogerpon-Wellspring, F|
|poke|p2|Zapdos|
|poke|p2|Zoroark-Hisui, M|
|poke|p2|Clodsire, M|
|poke|p2|Weezing-Galar, M|
|teampreview
|inactive|Battle timer is ON: inactive players will automatically lose when time's up. (requested by PikachuStupid90)
|
|t:|1757935068
|teamsize|p1|6
|teamsize|p2|6
|start
|switch|p1a: Glimmora|Glimmora, F|100/100
|switch|p2a: Weezing|Weezing-Galar, M|100/100
|turn|1
|
|t:|1757935079
|move|p1a: Glimmora|Stealth Rock|p2a: Weezing
|-sidestart|p2: PikachuStupid90|move: Stealth Rock
|move|p2a: Weezing|Will-O-Wisp|p1a: Glimmora|[miss]
|-miss|p2a: Weezing|p1a: Glimmora
|
|upkeep
|turn|2
|
|t:|1757935086
|move|p1a: Glimmora|Power Gem|p2a: Weezing
|-damage|p2a: Weezing|53/100
|move|p2a: Weezing|Will-O-Wisp|p1a: Glimmora
|-status|p1a: Glimmora|brn
|
|-heal|p2a: Weezing|59/100|[from] item: Leftovers
|-damage|p1a: Glimmora|94/100 brn|[from] brn
|upkeep
|turn|3
|
|t:|1757935094
|move|p1a: Glimmora|Power Gem|p2a: Weezing
|-damage|p2a: Weezing|13/100
|move|p2a: Weezing|Pain Split|p1a: Glimmora
|-sethp|p1a: Glimmora|53/100 brn|[from] move: Pain Split|[silent]
|-sethp|p2a: Weezing|59/100|[from] move: Pain Split
|
|-heal|p2a: Weezing|65/100|[from] item: Leftovers
|-damage|p1a: Glimmora|47/100 brn|[from] brn
|upkeep
|turn|4
|
|t:|1757935103
|switch|p2a: Clodsire|Clodsire, M|100/100
|move|p1a: Glimmora|Power Gem|p2a: Clodsire
|-resisted|p2a: Clodsire
|-damage|p2a: Clodsire|92/100
|
|-damage|p1a: Glimmora|40/100 brn|[from] brn
|upkeep
|turn|5
|
|t:|1757935111
|switch|p2a: Weezing|Weezing-Galar, M|65/100
|-damage|p2a: Weezing|52/100|[from] Stealth Rock
|move|p1a: Glimmora|Rest|p1a: Glimmora
|-status|p1a: Glimmora|slp|[from] move: Rest
|-heal|p1a: Glimmora|100/100 slp|[silent]
|
|-heal|p2a: Weezing|58/100|[from] item: Leftovers
|upkeep
|turn|6
|
|t:|1757935131
|switch|p1a: Empoleon|Empoleon, F|100/100
|move|p2a: Weezing|Pain Split|p1a: Empoleon
|-sethp|p1a: Empoleon|76/100|[from] move: Pain Split|[silent]
|-sethp|p2a: Weezing|85/100|[from] move: Pain Split
|
|-heal|p2a: Weezing|91/100|[from] item: Leftovers
|upkeep
|turn|7
|
|t:|1757935144
|move|p2a: Weezing|Defog|p1a: Empoleon
|-unboost|p1a: Empoleon|evasion|1
|-ability|p1a: Empoleon|Competitive|boost
|-boost|p1a: Empoleon|spa|2
|-sideend|p2: PikachuStupid90|Stealth Rock|[from] move: Defog|[of] p2a: Weezing
|move|p1a: Empoleon|Flash Cannon|p2a: Weezing
|-supereffective|p2a: Weezing
|-damage|p2a: Weezing|0 fnt
|faint|p2a: Weezing
|
|upkeep
|
|t:|1757935164
|switch|p2a: Zapdos|Zapdos|100/100
|turn|8
|
|t:|1757935168
|switch|p2a: Ogerpon|Ogerpon-Wellspring, F|100/100
|move|p1a: Empoleon|Blizzard|p2a: Ogerpon|[miss]
|-miss|p1a: Empoleon|p2a: Ogerpon
|
|upkeep
|turn|9
|
|t:|1757935185
|move|p2a: Ogerpon|Horn Leech|p1a: Empoleon
|-damage|p1a: Empoleon|35/100
|move|p1a: Empoleon|Blizzard|p2a: Ogerpon|[miss]
|-miss|p1a: Empoleon|p2a: Ogerpon
|
|upkeep
|turn|10
|
|t:|1757935195
|move|p2a: Ogerpon|Horn Leech|p1a: Empoleon
|-crit|p1a: Empoleon
|-damage|p1a: Empoleon|0 fnt
|faint|p1a: Empoleon
|
|upkeep
|
|t:|1757935205
|switch|p1a: Eelektross|Eelektross, F|100/100
|turn|11
|
|t:|1757935216
|move|p2a: Ogerpon|Swords Dance|p2a: Ogerpon
|-boost|p2a: Ogerpon|atk|2
|move|p1a: Eelektross|Supercell Slam|p2a: Ogerpon
|-damage|p2a: Ogerpon|33/100
|
|upkeep
|turn|12
|
|t:|1757935227
|move|p2a: Ogerpon|Horn Leech|p1a: Eelektross
|-damage|p1a: Eelektross|9/100
|-heal|p2a: Ogerpon|90/100|[from] drain|[of] p1a: Eelektross
|move|p1a: Eelektross|Supercell Slam|p2a: Ogerpon
|-damage|p2a: Ogerpon|20/100
|
|upkeep
|turn|13
|
|t:|1757935238
|move|p2a: Ogerpon|Horn Leech|p1a: Eelektross
|-damage|p1a: Eelektross|0 fnt
|-heal|p2a: Ogerpon|25/100|[from] drain|[of] p1a: Eelektross
|faint|p1a: Eelektross
|
|upkeep
|
|t:|1757935251
|switch|p1a: Hydreigon|Hydreigon, F|100/100
|turn|14
|
|t:|1757935258
|move|p1a: Hydreigon|Dark Pulse|p2a: Ogerpon
|-damage|p2a: Ogerpon|0 fnt
|faint|p2a: Ogerpon
|
|upkeep
|
|t:|1757935264
|switch|p2a: Zapdos|Zapdos|100/100
|turn|15
|
|t:|1757935272
|switch|p1a: Glimmora|Glimmora, F|100/100 slp
|-terastallize|p2a: Zapdos|Fairy
|move|p2a: Zapdos|Tera Blast|p1a: Glimmora|[anim] Tera Blast Fairy
|-resisted|p1a: Glimmora
|-damage|p1a: Glimmora|78/100 slp
|
|upkeep
|turn|16
|
|t:|1757935280
|switch|p2a: Clodsire|Clodsire, M|92/100
|cant|p1a: Glimmora|slp
|
|upkeep
|turn|17
|
|t:|1757935291
|cant|p1a: Glimmora|slp
|move|p2a: Clodsire|Amnesia|p2a: Clodsire
|-boost|p2a: Clodsire|spd|2
|
|upkeep
|turn|18
|
|t:|1757935300
|-curestatus|p1a: Glimmora|slp|[msg]
|move|p1a: Glimmora|Stealth Rock|p2a: Clodsire
|-sidestart|p2: PikachuStupid90|move: Stealth Rock
|move|p2a: Clodsire|Earthquake|p1a: Glimmora
|-supereffective|p1a: Glimmora
|-crit|p1a: Glimmora
|-damage|p1a: Glimmora|0 fnt
|-activate|p1a: Glimmora|ability: Toxic Debris
|-sidestart|p2: PikachuStupid90|move: Toxic Spikes
|faint|p1a: Glimmora
|
|upkeep
|
|t:|1757935311
|switch|p1a: Typhlosion|Typhlosion, M|100/100
|turn|19
|
|t:|1757935320
|move|p1a: Typhlosion|Earthquake|p2a: Clodsire
|-supereffective|p2a: Clodsire
|-damage|p2a: Clodsire|35/100
|move|p2a: Clodsire|Amnesia|p2a: Clodsire
|-boost|p2a: Clodsire|spd|2
|
|upkeep
|turn|20
|
|t:|1757935329
|switch|p2a: Pelipper|Pelipper, M|100/100
|-weather|RainDance|[from] ability: Drizzle|[of] p2a: Pelipper
|move|p1a: Typhlosion|Eruption|p2a: Pelipper
|-resisted|p2a: Pelipper
|-damage|p2a: Pelipper|82/100
|
|-weather|RainDance|[upkeep]
|upkeep
|turn|21
|
|t:|1757935342
|switch|p1a: Hydreigon|Hydreigon, F|100/100
|move|p2a: Pelipper|Hurricane|p1a: Hydreigon
|-damage|p1a: Hydreigon|61/100
|-start|p1a: Hydreigon|confusion
|
|-weather|RainDance|[upkeep]
|upkeep
|turn|22
|
|t:|1757935351
|switch|p2a: Clodsire|Clodsire, M|35/100
|-sideend|p2: PikachuStupid90|move: Toxic Spikes|[of] p2a: Clodsire
|-activate|p1a: Hydreigon|confusion
|move|p1a: Hydreigon|Dragon Pulse|p2a: Clodsire
|-damage|p2a: Clodsire|13/100
|
|-weather|RainDance|[upkeep]
|upkeep
|turn|23
|
|t:|1757935365
|-end|p1a: Hydreigon|confusion
|move|p1a: Hydreigon|Dragon Pulse|p2a: Clodsire
|-damage|p2a: Clodsire|0 fnt
|faint|p2a: Clodsire
|
|-weather|RainDance|[upkeep]
|upkeep
|
|t:|1757935370
|switch|p2a: Zapdos|Zapdos, tera:Fairy|100/100
|-damage|p2a: Zapdos|88/100|[from] Stealth Rock
|turn|24
|
|t:|1757935379
|switch|p1a: Typhlosion|Typhlosion, M|100/100
|move|p2a: Zapdos|Tera Blast|p1a: Typhlosion|[anim] Tera Blast Fairy
|-resisted|p1a: Typhlosion
|-damage|p1a: Typhlosion|79/100
|
|-weather|none
|-heal|p1a: Typhlosion|85/100|[from] item: Leftovers
|upkeep
|turn|25
|
|t:|1757935389
|switch|p2a: Pelipper|Pelipper, M|82/100
|-weather|RainDance|[from] ability: Drizzle|[of] p2a: Pelipper
|move|p1a: Typhlosion|Eruption|p2a: Pelipper
|-resisted|p2a: Pelipper
|-damage|p2a: Pelipper|66/100
|
|-weather|RainDance|[upkeep]
|-heal|p1a: Typhlosion|92/100|[from] item: Leftovers
|upkeep
|turn|26
|
|t:|1757935404
|move|p1a: Typhlosion|Flame Charge|p2a: Pelipper
|-resisted|p2a: Pelipper
|-damage|p2a: Pelipper|63/100
|-boost|p1a: Typhlosion|spe|1
|move|p2a: Pelipper|Hurricane|p1a: Typhlosion
|-damage|p1a: Typhlosion|52/100
|
|-weather|RainDance|[upkeep]
|-heal|p1a: Typhlosion|58/100|[from] item: Leftovers
|upkeep
|turn|27
|
|t:|1757935413
|move|p1a: Typhlosion|Fire Punch|p2a: Pelipper
|-resisted|p2a: Pelipper
|-damage|p2a: Pelipper|57/100
|move|p2a: Pelipper|Roost|p2a: Pelipper
|-heal|p2a: Pelipper|100/100
|-singleturn|p2a: Pelipper|move: Roost
|
|-weather|RainDance|[upkeep]
|-heal|p1a: Typhlosion|64/100|[from] item: Leftovers
|upkeep
|turn|28
|
|t:|1757935422
|move|p1a: Typhlosion|Earthquake|p2a: Pelipper
|-immune|p2a: Pelipper
|move|p2a: Pelipper|Weather Ball|p1a: Typhlosion
|-supereffective|p1a: Typhlosion
|-damage|p1a: Typhlosion|0 fnt
|faint|p1a: Typhlosion
|
|-weather|RainDance|[upkeep]
|upkeep
|
|t:|1757935438
|switch|p1a: Yanmega|Yanmega, M|100/100
|turn|29
|
|t:|1757935442
|move|p1a: Yanmega|Swords Dance|p1a: Yanmega
|-boost|p1a: Yanmega|atk|2
|move|p2a: Pelipper|Hurricane|p1a: Yanmega
|-supereffective|p1a: Yanmega
|-damage|p1a: Yanmega|0 fnt
|faint|p1a: Yanmega
|
|-weather|none
|upkeep
|-message|Mafia Cynthia forfeited.
|
|win|PikachuStupid90
|raw|Mafia Cynthia's rating: 1241 &rarr; <strong>1221</strong><br />(-20 for losing)
|raw|PikachuStupid90's rating: 1313 &rarr; <strong>1329</strong><br />(+16 for winning)
|l|☆Mafia Cynthia
|player|p1|
|l|☆PikachuStupid90
|player|p2|
