|j|☆Mouu'd
|j|☆Wao Wedong
|t:|1757847590
|gametype|singles
|player|p1|Mouu'd|buck|1203
|player|p2|Wao Wedong|102|1230
|gen|9
|tier|[Gen 9] OU
|rated|
|rule|HP Percentage Mod: HP is shown in percentages
|rule|Endless Battle Clause: Forcing endless battles is banned
|rule|Species Clause: Limit one of each Pokémon
|rule|OHKO Clause: OHKO moves are banned
|rule|Evasion Items Clause: Evasion items are banned
|rule|Evasion Moves Clause: Evasion moves are banned
|rule|Evasion Abilities Clause: Evasion abilities are banned
|rule|Sleep Moves Clause: Sleep-inducing moves are banned
|clearpoke
|poke|p1|Slowbro, F|
|poke|p1|Diancie|
|poke|p1|Oranguru, F|
|poke|p1|Ursaluna, F|
|poke|p1|Incineroar, F|
|poke|p1|Conkeldurr, F|
|poke|p2|Blaziken, F|
|poke|p2|Deoxys-Speed|
|poke|p2|Great Tusk|
|poke|p2|Primarina, M|
|poke|p2|Dragapult, F|
|poke|p2|Zapdos|
|teampreview
|inactive|Battle timer is ON: inactive players will automatically lose when time's up. (requested by Wao Wedong)
|
|t:|1757847606
|teamsize|p1|6
|teamsize|p2|6
|start
|switch|p1a: Crocus|Oranguru, F|100/100
|switch|p2a: Dragapult|Dragapult, F|100/100
|turn|1
|
|t:|1757847616
|move|p2a: Dragapult|Will-O-Wisp|p1a: Crocus
|-status|p1a: Crocus|brn
|move|p1a: Crocus|Trick Room|p1a: Crocus
|-fieldstart|move: Trick Room|[of] p1a: Crocus
|
|-damage|p1a: Crocus|94/100 brn|[from] brn
|upkeep
|turn|2
|
|t:|1757847634
|switch|p1a: Xebec|Incineroar, F|100/100
|-ability|p1a: Xebec|Intimidate|boost
|-unboost|p2a: Dragapult|atk|1
|move|p2a: Dragapult|Substitute|p2a: Dragapult
|-start|p2a: Dragapult|Substitute
|-damage|p2a: Dragapult|76/100
|
|-heal|p2a: Dragapult|82/100|[from] item: Leftovers
|upkeep
|turn|3
|
|t:|1757847653
|move|p1a: Xebec|Darkest Lariat|p2a: Dragapult
|-supereffective|p2a: Dragapult
|-end|p2a: Dragapult|Substitute
|move|p2a: Dragapult|Draco Meteor|p1a: Xebec
|-damage|p1a: Xebec|59/100
|-unboost|p2a: Dragapult|spa|2
|
|-heal|p2a: Dragapult|88/100|[from] item: Leftovers
|upkeep
|turn|4
|inactive|Mouu'd has 120 seconds left.
|
|t:|1757847681
|switch|p2a: Zapdos|Zapdos|100/100
|move|p1a: Xebec|Darkest Lariat|p2a: Zapdos
|-damage|p2a: Zapdos|51/100
|
|upkeep
|turn|5
|inactive|Mouu'd has 120 seconds left.
|
|t:|1757847693
|move|p1a: Xebec|Fire Punch|p2a: Zapdos
|-damage|p2a: Zapdos|9/100
|move|p2a: Zapdos|Roost|p2a: Zapdos
|-heal|p2a: Zapdos|60/100
|-singleturn|p2a: Zapdos|move: Roost
|
|-fieldend|move: Trick Room
|upkeep
|turn|6
|inactive|Mouu'd has 120 seconds left.
|
|t:|1757847699
|move|p2a: Zapdos|Volt Switch|p1a: Xebec
|-damage|p1a: Xebec|21/100
|-enditem|p1a: Xebec|Sitrus Berry|[eat]
|-heal|p1a: Xebec|46/100|[from] item: Sitrus Berry
|
|t:|1757847710
|switch|p2a: Blaziken|Blaziken, F|100/100|[from] Volt Switch
|move|p1a: Xebec|Parting Shot|p2a: Blaziken
|-unboost|p2a: Blaziken|atk|1
|-unboost|p2a: Blaziken|spa|1
|inactive|Mouu'd has 120 seconds left.
|
|t:|1757847722
|switch|p1a: Jinbei|Slowbro, F, shiny|100/100|[from] Parting Shot
|
|upkeep
|turn|7
|
|t:|1757847727
|move|p2a: Blaziken|Knock Off|p1a: Jinbei
|-supereffective|p1a: Jinbei
|-enditem|p1a: Jinbei|Colbur Berry|[eat]
|-enditem|p1a: Jinbei|Colbur Berry|[weaken]
|-damage|p1a: Jinbei|87/100
|move|p1a: Jinbei|Trick Room|p1a: Jinbei
|-fieldstart|move: Trick Room|[of] p1a: Jinbei
|
|-ability|p2a: Blaziken|Speed Boost|boost
|-boost|p2a: Blaziken|spe|1
|upkeep
|turn|8
|inactive|Mouu'd has 120 seconds left.
|
|t:|1757847754
|switch|p2a: Primarina|Primarina, M|100/100
|move|p1a: Jinbei|Scald|p2a: Primarina
|-resisted|p2a: Primarina
|-damage|p2a: Primarina|94/100
|
|upkeep
|turn|9
|inactive|Mouu'd has 120 seconds left.
|
|t:|1757847777
|switch|p1a: Xebec|Incineroar, F|46/100
|-ability|p1a: Xebec|Intimidate|boost
|-unboost|p2a: Primarina|atk|1
|move|p2a: Primarina|Alluring Voice|p1a: Xebec
|-supereffective|p1a: Xebec
|-crit|p1a: Xebec
|-damage|p1a: Xebec|0 fnt
|faint|p1a: Xebec
|
|upkeep
|inactive|Mouu'd has 90 seconds left.
|inactive|Mouu'd has 60 seconds left.
|
|t:|1757847831
|switch|p1a: Luffy gear 4th|Conkeldurr, F|100/100
|turn|10
|inactive|Mouu'd has 60 seconds left.
|
|t:|1757847853
|move|p1a: Luffy gear 4th|Drain Punch|p2a: Primarina
|-resisted|p2a: Primarina
|-damage|p2a: Primarina|68/100
|move|p2a: Primarina|Draining Kiss|p1a: Luffy gear 4th
|-supereffective|p1a: Luffy gear 4th
|-crit|p1a: Luffy gear 4th
|-damage|p1a: Luffy gear 4th|6/100
|-heal|p2a: Primarina|100/100|[from] drain|[of] p1a: Luffy gear 4th
|
|-status|p1a: Luffy gear 4th|brn|[from] item: Flame Orb
|upkeep
|turn|11
|
|t:|1757847864
|switch|p2a: Dragapult|Dragapult, F|88/100
|move|p1a: Luffy gear 4th|Drain Punch|p2a: Dragapult
|-immune|p2a: Dragapult
|
|-heal|p2a: Dragapult|94/100|[from] item: Leftovers
|-damage|p1a: Luffy gear 4th|0 fnt|[from] brn
|faint|p1a: Luffy gear 4th
|-fieldend|move: Trick Room
|upkeep
|
|t:|1757847870
|switch|p1a: Chopper|Ursaluna, F|100/100
|turn|12
|
|t:|1757847886
|switch|p2a: Zapdos|Zapdos|60/100
|move|p1a: Chopper|Earthquake|p2a: Zapdos
|-immune|p2a: Zapdos
|
|-status|p1a: Chopper|brn|[from] item: Flame Orb
|upkeep
|turn|13
|
|t:|1757847894
|switch|p1a: Crocus|Oranguru, F|94/100 brn
|move|p2a: Zapdos|Hurricane|p1a: Crocus
|-damage|p1a: Crocus|58/100 brn
|-start|p1a: Crocus|confusion
|
|-damage|p1a: Crocus|51/100 brn|[from] brn
|upkeep
|turn|14
|
|t:|1757847905
|move|p2a: Zapdos|Volt Switch|p1a: Crocus
|-damage|p1a: Crocus|27/100 brn
|
|t:|1757847908
|switch|p2a: Deoxys|Deoxys-Speed|100/100|[from] Volt Switch
|-ability|p2a: Deoxys|Pressure
|-activate|p1a: Crocus|confusion
|-damage|p1a: Crocus|22/100 brn|[from] confusion
|
|-damage|p1a: Crocus|16/100 brn|[from] brn
|upkeep
|turn|15
|inactive|Mouu'd has 60 seconds left.
|
|t:|1757847918
|move|p2a: Deoxys|Ice Beam|p1a: Crocus
|-damage|p1a: Crocus|0 fnt
|faint|p1a: Crocus
|
|upkeep
|inactive|Mouu'd has 60 seconds left.
|
|t:|1757847926
|switch|p1a: Robin|Diancie|100/100
|turn|16
|
|t:|1757847934
|move|p2a: Deoxys|Taunt|p1a: Robin
|-start|p1a: Robin|move: Taunt
|move|p1a: Robin|Moonblast|p2a: Deoxys
|-damage|p2a: Deoxys|27/100
|-unboost|p2a: Deoxys|spa|1
|
|upkeep
|turn|17
|
|t:|1757847947
|move|p2a: Deoxys|Stealth Rock|p1a: Robin
|-sidestart|p1: Mouu'd|move: Stealth Rock
|move|p1a: Robin|Moonblast|p2a: Deoxys
|-damage|p2a: Deoxys|0 fnt
|faint|p2a: Deoxys
|
|upkeep
|
|t:|1757847960
|switch|p2a: Great Tusk|Great Tusk|100/100
|-enditem|p2a: Great Tusk|Booster Energy
|-activate|p2a: Great Tusk|ability: Protosynthesis|[fromitem]
|-start|p2a: Great Tusk|protosynthesisspe
|turn|18
|
|t:|1757847969
|switch|p1a: Jinbei|Slowbro, F, shiny|87/100
|-damage|p1a: Jinbei|74/100|[from] Stealth Rock
|-terastallize|p2a: Great Tusk|Poison
|move|p2a: Great Tusk|Bulk Up|p2a: Great Tusk
|-boost|p2a: Great Tusk|atk|1
|-boost|p2a: Great Tusk|def|1
|
|upkeep
|turn|19
|
|t:|1757847980
|move|p2a: Great Tusk|Headlong Rush|p1a: Jinbei
|-damage|p1a: Jinbei|30/100
|-unboost|p2a: Great Tusk|def|1
|-unboost|p2a: Great Tusk|spd|1
|move|p1a: Jinbei|Trick Room|p1a: Jinbei
|-fieldstart|move: Trick Room|[of] p1a: Jinbei
|
|upkeep
|turn|20
|
|t:|1757847996
|move|p1a: Jinbei|Slack Off|p1a: Jinbei
|-heal|p1a: Jinbei|80/100
|move|p2a: Great Tusk|Headlong Rush|p1a: Jinbei
|-crit|p1a: Jinbei
|-damage|p1a: Jinbei|13/100
|-unboost|p2a: Great Tusk|def|1
|-unboost|p2a: Great Tusk|spd|1
|
|upkeep
|turn|21
|
|t:|1757848010
|-end|p2a: Great Tusk|Protosynthesis|[silent]
|switch|p2a: Primarina|Primarina, M|100/100
|-terastallize|p1a: Jinbei|Water
|move|p1a: Jinbei|Scald|p2a: Primarina
|-resisted|p2a: Primarina
|-damage|p2a: Primarina|92/100
|
|upkeep
|turn|22
|
|t:|1757848021
|move|p1a: Jinbei|Scald|p2a: Primarina
|-resisted|p2a: Primarina
|-damage|p2a: Primarina|83/100
|move|p2a: Primarina|Alluring Voice|p1a: Jinbei
|-resisted|p1a: Jinbei
|-damage|p1a: Jinbei|0 fnt
|faint|p1a: Jinbei
|
|upkeep
|
|t:|1757848027
|switch|p1a: Chopper|Ursaluna, F|100/100 brn
|-damage|p1a: Chopper|94/100 brn|[from] Stealth Rock
|turn|23
|
|t:|1757848034
|switch|p2a: Dragapult|Dragapult, F|94/100
|move|p1a: Chopper|Facade|p2a: Dragapult
|-immune|p2a: Dragapult
|
|-heal|p2a: Dragapult|99/100|[from] item: Leftovers
|-damage|p1a: Chopper|88/100 brn|[from] brn
|-fieldend|move: Trick Room
|upkeep
|turn|24
|
|t:|1757848052
|move|p2a: Dragapult|Draco Meteor|p1a: Chopper
|-damage|p1a: Chopper|47/100 brn
|-unboost|p2a: Dragapult|spa|2
|move|p1a: Chopper|Gunk Shot|p2a: Dragapult
|-resisted|p2a: Dragapult
|-damage|p2a: Dragapult|61/100
|
|-heal|p2a: Dragapult|67/100|[from] item: Leftovers
|-damage|p1a: Chopper|41/100 brn|[from] brn
|upkeep
|turn|25
|
|t:|1757848067
|move|p2a: Dragapult|Draco Meteor|p1a: Chopper
|-damage|p1a: Chopper|19/100 brn
|-unboost|p2a: Dragapult|spa|2
|move|p1a: Chopper|Earthquake|p2a: Dragapult
|-damage|p2a: Dragapult|0 fnt
|faint|p2a: Dragapult
|
|-damage|p1a: Chopper|13/100 brn|[from] brn
|upkeep
|
|t:|1757848073
|switch|p2a: Great Tusk|Great Tusk, tera:Poison|100/100
|turn|26
|
|t:|1757848081
|move|p2a: Great Tusk|Headlong Rush|p1a: Chopper
|-damage|p1a: Chopper|0 fnt
|-unboost|p2a: Great Tusk|def|1
|-unboost|p2a: Great Tusk|spd|1
|faint|p1a: Chopper
|
|upkeep
|
|t:|1757848083
|switch|p1a: Robin|Diancie|100/100
|-damage|p1a: Robin|88/100|[from] Stealth Rock
|turn|27
|
|t:|1757848085
|move|p2a: Great Tusk|Headlong Rush|p1a: Robin
|-supereffective|p1a: Robin
|-damage|p1a: Robin|9/100
|-unboost|p2a: Great Tusk|def|1
|-unboost|p2a: Great Tusk|spd|1
|move|p1a: Robin|Trick Room|p1a: Robin
|-fieldstart|move: Trick Room|[of] p1a: Robin
|
|upkeep
|turn|28
|
|t:|1757848094
|-end|p2a: Great Tusk|Protosynthesis|[silent]
|switch|p2a: Zapdos|Zapdos|60/100
|move|p1a: Robin|Earth Power|p2a: Zapdos
|-immune|p2a: Zapdos
|
|upkeep
|turn|29
|
|t:|1757848098
|move|p1a: Robin|Power Gem|p2a: Zapdos
|-supereffective|p2a: Zapdos
|-damage|p2a: Zapdos|0 fnt
|faint|p2a: Zapdos
|
|upkeep
|
|t:|1757848102
|switch|p2a: Primarina|Primarina, M|83/100
|turn|30
|
|t:|1757848108
|move|p1a: Robin|Moonblast|p2a: Primarina
|-damage|p2a: Primarina|61/100
|move|p2a: Primarina|Alluring Voice|p1a: Robin
|-supereffective|p1a: Robin
|-damage|p1a: Robin|0 fnt
|faint|p1a: Robin
|
|win|Wao Wedong
|raw|Mouu&apos;d's rating: 1203 &rarr; <strong>1180</strong><br />(-23 for losing)
|raw|Wao Wedong's rating: 1230 &rarr; <strong>1253</strong><br />(+23 for winning)
|l|☆Mouu'd
|player|p1|
