|j|☆alanfournumbers
|j|‽1shy9
|t:|1757946803
|gametype|singles
|player|p1|alanfournumbers|2|1759
|player|p2|1shy9|acetrainerf-gen4|1774
|gen|9
|tier|[Gen 9] OU
|rated|
|rule|HP Percentage Mod: HP is shown in percentages
|rule|Endless Battle Clause: Forcing endless battles is banned
|rule|Species Clause: Limit one of each Pokémon
|rule|OHKO Clause: OHKO moves are banned
|rule|Evasion Items Clause: Evasion items are banned
|rule|Evasion Moves Clause: Evasion moves are banned
|rule|Evasion Abilities Clause: Evasion abilities are banned
|rule|Sleep Moves Clause: Sleep-inducing moves are banned
|clearpoke
|poke|p1|Pecharunt|
|poke|p1|Great Tusk|
|poke|p1|Ogerpon-Wellspring, F|
|poke|p1|Iron Crown|
|poke|p1|Landorus-Therian, M|
|poke|p1|Samurott-Hisui, F|
|poke|p2|Iron Moth|
|poke|p2|Gholdengo|
|poke|p2|Great Tusk|
|poke|p2|Kyurem|
|poke|p2|Zamazenta-*|
|poke|p2|Dragonite, M|
|teampreview
|
|t:|1757946814
|teamsize|p1|6
|teamsize|p2|6
|start
|switch|p1a: Wokeballion|Iron Crown|100/100
|switch|p2a: Kyurem|Kyurem|100/100
|-ability|p2a: Kyurem|Pressure
|turn|1
|
|t:|1757946819
|switch|p2a: Iron Moth|Iron Moth|100/100
|-enditem|p2a: Iron Moth|Booster Energy
|-activate|p2a: Iron Moth|ability: Quark Drive|[fromitem]
|-start|p2a: Iron Moth|quarkdrivespe
|move|p1a: Wokeballion|Tachyon Cutter|p2a: Iron Moth
|-resisted|p2a: Iron Moth
|-damage|p2a: Iron Moth|83/100
|-resisted|p2a: Iron Moth
|-damage|p2a: Iron Moth|64/100
|-hitcount|p2a: Iron Moth|2
|
|upkeep
|turn|2
|
|t:|1757946829
|-end|p1a: Wokeballion|Quark Drive|[silent]
|switch|p1a: Edging Ceaselessly|Samurott-Hisui, F|100/100
|move|p2a: Iron Moth|Fiery Dance|p1a: Edging Ceaselessly
|-resisted|p1a: Edging Ceaselessly
|-damage|p1a: Edging Ceaselessly|83/100
|
|upkeep
|turn|3
|
|t:|1757946834
|move|p2a: Iron Moth|Sludge Wave|p1a: Edging Ceaselessly
|-damage|p1a: Edging Ceaselessly|37/100
|move|p1a: Edging Ceaselessly|Ceaseless Edge|p2a: Iron Moth|[miss]
|-miss|p1a: Edging Ceaselessly|p2a: Iron Moth
|
|upkeep
|turn|4
|
|t:|1757946842
|move|p1a: Edging Ceaselessly|Aqua Jet|p2a: Iron Moth
|-supereffective|p2a: Iron Moth
|-damage|p2a: Iron Moth|0 fnt
|faint|p2a: Iron Moth
|-end|p2a: Iron Moth|Quark Drive|[silent]
|
|upkeep
|
|t:|1757946848
|switch|p2a: Dragonite|Dragonite, M|100/100
|turn|5
|
|t:|1757946854
|switch|p1a: i be doin the most|Landorus-Therian, M|100/100
|-ability|p1a: i be doin the most|Intimidate|boost
|-unboost|p2a: Dragonite|atk|1
|move|p2a: Dragonite|Dragon Dance|p2a: Dragonite
|-boost|p2a: Dragonite|atk|1
|-boost|p2a: Dragonite|spe|1
|
|upkeep
|turn|6
|
|t:|1757946857
|move|p1a: i be doin the most|U-turn|p2a: Dragonite
|-resisted|p2a: Dragonite
|-damage|p2a: Dragonite|92/100
|
|t:|1757946860
|switch|p1a: Tahm Pech|Pecharunt|100/100|[from] U-turn
|move|p2a: Dragonite|Dragon Dance|p2a: Dragonite
|-boost|p2a: Dragonite|atk|1
|-boost|p2a: Dragonite|spe|1
|
|upkeep
|turn|7
|
|t:|1757946865
|move|p2a: Dragonite|Earthquake|p1a: Tahm Pech
|-supereffective|p1a: Tahm Pech
|-damage|p1a: Tahm Pech|45/100
|move|p1a: Tahm Pech|Foul Play|p2a: Dragonite
|-damage|p2a: Dragonite|27/100
|
|upkeep
|turn|8
|
|t:|1757946875
|move|p2a: Dragonite|Roost|p2a: Dragonite
|-heal|p2a: Dragonite|77/100
|-singleturn|p2a: Dragonite|move: Roost
|move|p1a: Tahm Pech|Foul Play|p2a: Dragonite
|-crit|p2a: Dragonite
|-damage|p2a: Dragonite|0 fnt
|faint|p2a: Dragonite
|
|upkeep
|
|t:|1757946877
|switch|p2a: Gholdengo|Gholdengo|100/100
|-item|p2a: Gholdengo|Air Balloon
|turn|9
|
|t:|1757946882
|switch|p1a: Edging Ceaselessly|Samurott-Hisui, F|37/100
|move|p2a: Gholdengo|Shadow Ball|p1a: Edging Ceaselessly
|-resisted|p1a: Edging Ceaselessly
|-damage|p1a: Edging Ceaselessly|16/100
|
|upkeep
|turn|10
|
|t:|1757946886
|switch|p2a: Great Tusk|Great Tusk|100/100
|move|p1a: Edging Ceaselessly|Aqua Jet|p2a: Great Tusk
|-supereffective|p2a: Great Tusk
|-damage|p2a: Great Tusk|70/100
|
|upkeep
|turn|11
|
|t:|1757946895
|move|p1a: Edging Ceaselessly|Aqua Jet|p2a: Great Tusk
|-supereffective|p2a: Great Tusk
|-damage|p2a: Great Tusk|41/100
|move|p2a: Great Tusk|Rapid Spin|p1a: Edging Ceaselessly
|-damage|p1a: Edging Ceaselessly|0 fnt
|-boost|p2a: Great Tusk|spe|1
|faint|p1a: Edging Ceaselessly
|
|upkeep
|
|t:|1757946900
|switch|p1a: i be doin the most|Landorus-Therian, M|100/100
|-ability|p1a: i be doin the most|Intimidate|boost
|-unboost|p2a: Great Tusk|atk|1
|turn|12
|
|t:|1757946903
|switch|p1a: Tahm Pech|Pecharunt|45/100
|move|p2a: Great Tusk|Ice Spinner|p1a: Tahm Pech
|-damage|p1a: Tahm Pech|36/100
|-damage|p2a: Great Tusk|24/100|[from] item: Rocky Helmet|[of] p1a: Tahm Pech
|
|upkeep
|turn|13
|
|t:|1757946907
|switch|p1a: Basedlord CTE|Great Tusk|100/100
|-enditem|p1a: Basedlord CTE|Booster Energy
|-activate|p1a: Basedlord CTE|ability: Protosynthesis|[fromitem]
|-start|p1a: Basedlord CTE|protosynthesisspe
|move|p2a: Great Tusk|Ice Spinner|p1a: Basedlord CTE
|-supereffective|p1a: Basedlord CTE
|-damage|p1a: Basedlord CTE|77/100
|
|upkeep
|turn|14
|
|t:|1757946911
|move|p1a: Basedlord CTE|Headlong Rush|p2a: Great Tusk
|-damage|p2a: Great Tusk|0 fnt
|-unboost|p1a: Basedlord CTE|def|1
|-unboost|p1a: Basedlord CTE|spd|1
|faint|p2a: Great Tusk
|-end|p2a: Great Tusk|Protosynthesis|[silent]
|
|upkeep
|
|t:|1757946921
|switch|p2a: Kyurem|Kyurem|100/100
|-ability|p2a: Kyurem|Pressure
|turn|15
|
|t:|1757946926
|move|p1a: Basedlord CTE|Headlong Rush|p2a: Kyurem
|-damage|p2a: Kyurem|53/100
|-unboost|p1a: Basedlord CTE|def|1
|-unboost|p1a: Basedlord CTE|spd|1
|move|p2a: Kyurem|Dragon Dance|p2a: Kyurem
|-boost|p2a: Kyurem|atk|1
|-boost|p2a: Kyurem|spe|1
|
|upkeep
|turn|16
|
|t:|1757946932
|move|p2a: Kyurem|Icicle Spear|p1a: Basedlord CTE
|-supereffective|p1a: Basedlord CTE
|-damage|p1a: Basedlord CTE|27/100
|-supereffective|p1a: Basedlord CTE
|-damage|p1a: Basedlord CTE|0 fnt
|faint|p1a: Basedlord CTE
|-end|p1a: Basedlord CTE|Protosynthesis|[silent]
|-hitcount|p1: Basedlord CTE|2
|
|upkeep
|
|t:|1757946941
|switch|p1a: :pensive:|Ogerpon-Wellspring, F|100/100
|turn|17
|
|t:|1757946949
|move|p2a: Kyurem|Freeze-Dry|p1a: :pensive:
|-supereffective|p1a: :pensive:
|-damage|p1a: :pensive:|0 fnt
|faint|p1a: :pensive:
|
|upkeep
|
|t:|1757946953
|switch|p1a: Wokeballion|Iron Crown|100/100
|turn|18
|
|t:|1757946957
|-terastallize|p2a: Kyurem|Fire
|move|p2a: Kyurem|Tera Blast|p1a: Wokeballion|[anim] Tera Blast Fire
|-supereffective|p1a: Wokeballion
|-damage|p1a: Wokeballion|0 fnt
|faint|p1a: Wokeballion
|-end|p1a: Wokeballion|Quark Drive|[silent]
|
|upkeep
|
|t:|1757946967
|switch|p1a: Tahm Pech|Pecharunt|36/100
|turn|19
|
|t:|1757946971
|move|p2a: Kyurem|Icicle Spear|p1a: Tahm Pech
|-damage|p1a: Tahm Pech|27/100
|-damage|p1a: Tahm Pech|18/100
|-damage|p1a: Tahm Pech|9/100
|-damage|p1a: Tahm Pech|0 fnt
|faint|p1a: Tahm Pech
|-hitcount|p1: Tahm Pech|4
|
|upkeep
|
|t:|1757946978
|switch|p1a: i be doin the most|Landorus-Therian, M|100/100
|-ability|p1a: i be doin the most|Intimidate|boost
|-unboost|p2a: Kyurem|atk|1
|turn|20
|
|t:|1757946981
|-terastallize|p1a: i be doin the most|Flying
|move|p2a: Kyurem|Icicle Spear|p1a: i be doin the most
|-supereffective|p1a: i be doin the most
|-damage|p1a: i be doin the most|72/100
|-supereffective|p1a: i be doin the most
|-damage|p1a: i be doin the most|43/100
|-supereffective|p1a: i be doin the most
|-damage|p1a: i be doin the most|11/100
|-supereffective|p1a: i be doin the most
|-damage|p1a: i be doin the most|0 fnt
|faint|p1a: i be doin the most
|-hitcount|p1: i be doin the most|4
|
|win|1shy9
|raw|alanfournumbers's rating: 1759 &rarr; <strong>1740</strong><br />(-19 for losing)
|raw|1shy9's rating: 1774 &rarr; <strong>1793</strong><br />(+19 for winning)
|l|☆alanfournumbers
|player|p1|
|l|‽1shy9
|player|p2|
