|j|☆sorcier de pipi
|j|☆LousiV
|t:|1757851794
|gametype|singles
|player|p1|sorcier de pipi|roxie|1262
|player|p2|LousiV|hugh|1213
|gen|9
|tier|[Gen 9] OU
|rated|
|rule|HP Percentage Mod: HP is shown in percentages
|rule|Endless Battle Clause: Forcing endless battles is banned
|rule|Species Clause: Limit one of each Pokémon
|rule|OHKO Clause: OHKO moves are banned
|rule|Evasion Items Clause: Evasion items are banned
|rule|Evasion Moves Clause: Evasion moves are banned
|rule|Evasion Abilities Clause: Evasion abilities are banned
|rule|Sleep Moves Clause: Sleep-inducing moves are banned
|clearpoke
|poke|p1|Walking Wake|
|poke|p1|Ninetales, M|
|poke|p1|Great Tusk|
|poke|p1|Kingambit, F|
|poke|p1|Garganacl, M|
|poke|p1|Raging Bolt|
|poke|p2|Hariyama, M|
|poke|p2|Ambipom, F|
|poke|p2|Talonflame, M|
|poke|p2|Quagsire, F|
|poke|p2|Muk-Alola, M|
|poke|p2|Goodra-Hisui, M|
|teampreview
|inactive|Battle timer is ON: inactive players will automatically lose when time's up. (requested by LousiV)
|
|t:|1757851804
|teamsize|p1|6
|teamsize|p2|6
|start
|switch|p1a: Garganacl|Garganacl, M|100/100
|switch|p2a: Hariyama|Hariyama, M|100/100
|turn|1
|
|t:|1757851815
|move|p2a: Hariyama|Headlong Rush|p1a: Garganacl
|-supereffective|p1a: Garganacl
|-damage|p1a: Garganacl|54/100
|-unboost|p2a: Hariyama|def|1
|-unboost|p2a: Hariyama|spd|1
|-damage|p2a: Hariyama|84/100|[from] item: Rocky Helmet|[of] p1a: Garganacl
|move|p1a: Garganacl|Stealth Rock|p2a: Hariyama
|-sidestart|p2: LousiV|move: Stealth Rock
|
|-status|p2a: Hariyama|brn|[from] item: Flame Orb
|upkeep
|turn|2
|
|t:|1757851822
|switch|p2a: Ambipom|Ambipom, F|100/100
|-damage|p2a: Ambipom|88/100|[from] Stealth Rock
|move|p1a: Garganacl|Salt Cure|p2a: Ambipom
|-damage|p2a: Ambipom|66/100
|-start|p2a: Ambipom|Salt Cure
|
|-damage|p2a: Ambipom|54/100|[from] Salt Cure
|upkeep
|turn|3
|
|t:|1757851831
|move|p1a: Garganacl|Protect|p1a: Garganacl
|-singleturn|p1a: Garganacl|Protect
|move|p2a: Ambipom|Fake Out|p1a: Garganacl
|-activate|p1a: Garganacl|move: Protect
|
|-damage|p2a: Ambipom|42/100|[from] Salt Cure
|upkeep
|turn|4
|
|t:|1757851840
|move|p2a: Ambipom|U-turn|p1a: Garganacl
|-damage|p1a: Garganacl|44/100
|
|t:|1757851845
|switch|p2a: Talonflame|Talonflame, M|100/100|[from] U-turn
|move|p1a: Garganacl|Recover|p1a: Garganacl
|-heal|p1a: Garganacl|94/100
|
|upkeep
|turn|5
|
|t:|1757851851
|move|p2a: Talonflame|Defog|p1a: Garganacl
|-unboost|p1a: Garganacl|evasion|1
|-sideend|p2: LousiV|Stealth Rock|[from] move: Defog|[of] p2a: Talonflame
|move|p1a: Garganacl|Salt Cure|p2a: Talonflame
|-supereffective|p2a: Talonflame
|-damage|p2a: Talonflame|54/100
|-start|p2a: Talonflame|Salt Cure
|
|-damage|p2a: Talonflame|41/100|[from] Salt Cure
|upkeep
|turn|6
|
|t:|1757851861
|switch|p2a: Goodra|Goodra-Hisui, M|100/100
|move|p1a: Garganacl|Stealth Rock|p2a: Goodra
|-sidestart|p2: LousiV|move: Stealth Rock
|
|upkeep
|turn|7
|
|t:|1757851868
|move|p2a: Goodra|Flash Cannon|p1a: Garganacl
|-supereffective|p1a: Garganacl
|-damage|p1a: Garganacl|25/100
|-unboost|p1a: Garganacl|spd|1
|move|p1a: Garganacl|Salt Cure|p2a: Goodra
|-resisted|p2a: Goodra
|-damage|p2a: Goodra|94/100
|-start|p2a: Goodra|Salt Cure
|
|-damage|p2a: Goodra|69/100|[from] Salt Cure
|upkeep
|turn|8
|
|t:|1757851889
|switch|p1a: Ninetales|Ninetales, M|100/100
|-weather|SunnyDay|[from] ability: Drought|[of] p1a: Ninetales
|move|p2a: Goodra|Draco Meteor|p1a: Ninetales
|-damage|p1a: Ninetales|40/100
|-unboost|p2a: Goodra|spa|2
|
|-weather|SunnyDay|[upkeep]
|-damage|p2a: Goodra|44/100|[from] Salt Cure
|upkeep
|turn|9
|
|t:|1757851905
|switch|p2a: Talonflame|Talonflame, M|41/100
|move|p1a: Ninetales|Will-O-Wisp|p2a: Talonflame
|-immune|p2a: Talonflame
|
|-weather|SunnyDay|[upkeep]
|upkeep
|turn|10
|
|t:|1757851913
|switch|p1a: Walking Wake|Walking Wake|100/100
|-activate|p1a: Walking Wake|ability: Protosynthesis
|-start|p1a: Walking Wake|protosynthesisspa
|move|p2a: Talonflame|Roost|p2a: Talonflame
|-heal|p2a: Talonflame|92/100
|-singleturn|p2a: Talonflame|move: Roost
|
|-weather|SunnyDay|[upkeep]
|upkeep
|turn|11
|
|t:|1757851921
|move|p1a: Walking Wake|Hydro Steam|p2a: Talonflame
|-supereffective|p2a: Talonflame
|-damage|p2a: Talonflame|0 fnt
|faint|p2a: Talonflame
|
|-weather|SunnyDay|[upkeep]
|upkeep
|
|t:|1757851923
|switch|p2a: Goodra|Goodra-Hisui, M|44/100
|-damage|p2a: Goodra|37/100|[from] Stealth Rock
|turn|12
|
|t:|1757851932
|move|p1a: Walking Wake|Hydro Steam|p2a: Goodra
|-resisted|p2a: Goodra
|-damage|p2a: Goodra|0 fnt
|faint|p2a: Goodra
|
|-weather|SunnyDay|[upkeep]
|upkeep
|
|t:|1757851944
|switch|p2a: Muk|Muk-Alola, M|100/100
|-damage|p2a: Muk|88/100|[from] Stealth Rock
|turn|13
|
|t:|1757851949
|move|p1a: Walking Wake|Hydro Steam|p2a: Muk
|-damage|p2a: Muk|21/100
|move|p2a: Muk|Knock Off|p1a: Walking Wake
|-damage|p1a: Walking Wake|48/100
|-enditem|p1a: Walking Wake|Choice Specs|[from] move: Knock Off|[of] p2a: Muk
|
|-weather|SunnyDay|[upkeep]
|upkeep
|turn|14
|
|t:|1757851975
|move|p2a: Muk|Shadow Sneak|p1a: Walking Wake
|-damage|p1a: Walking Wake|33/100
|move|p1a: Walking Wake|Hydro Steam|p2a: Muk
|-damage|p2a: Muk|0 fnt
|faint|p2a: Muk
|
|-weather|SunnyDay|[upkeep]
|upkeep
|
|t:|1757851977
|switch|p2a: Ambipom|Ambipom, F|42/100
|-damage|p2a: Ambipom|29/100|[from] Stealth Rock
|turn|15
|
|t:|1757851987
|-end|p1a: Walking Wake|Protosynthesis|[silent]
|switch|p1a: Garganacl|Garganacl, M|25/100
|move|p2a: Ambipom|Fake Out|p1a: Garganacl
|-resisted|p1a: Garganacl
|-crit|p1a: Garganacl
|-damage|p1a: Garganacl|14/100
|
|-weather|none
|upkeep
|turn|16
|
|t:|1757851995
|move|p2a: Ambipom|Knock Off|p1a: Garganacl
|-damage|p1a: Garganacl|0 fnt
|-enditem|p1a: Garganacl|Rocky Helmet|[from] move: Knock Off|[of] p2a: Ambipom
|faint|p1a: Garganacl
|
|upkeep
|
|t:|1757852008
|switch|p1a: Ninetales|Ninetales, M|40/100
|-weather|SunnyDay|[from] ability: Drought|[of] p1a: Ninetales
|turn|17
|
|t:|1757852014
|move|p2a: Ambipom|U-turn|p1a: Ninetales
|-resisted|p1a: Ninetales
|-damage|p1a: Ninetales|29/100
|
|t:|1757852015
|switch|p2a: Quagsire|Quagsire, F|100/100|[from] U-turn
|-damage|p2a: Quagsire|94/100|[from] Stealth Rock
|move|p1a: Ninetales|Healing Wish|p1a: Ninetales
|faint|p1a: Ninetales
|
|-weather|SunnyDay|[upkeep]
|-heal|p2a: Quagsire|100/100|[from] item: Leftovers
|upkeep
|
|t:|1757852026
|switch|p1a: Walking Wake|Walking Wake|33/100
|-heal|p1a: Walking Wake|100/100|[from] move: Healing Wish
|-activate|p1a: Walking Wake|ability: Protosynthesis
|-start|p1a: Walking Wake|protosynthesisspa
|turn|18
|
|t:|1757852030
|-terastallize|p2a: Quagsire|Grass
|move|p1a: Walking Wake|Draco Meteor|p2a: Quagsire
|-damage|p2a: Quagsire|0 fnt
|-unboost|p1a: Walking Wake|spa|2
|faint|p2a: Quagsire
|
|-weather|SunnyDay|[upkeep]
|upkeep
|
|t:|1757852052
|switch|p2a: Hariyama|Hariyama, M|84/100 brn
|-damage|p2a: Hariyama|78/100 brn|[from] Stealth Rock
|turn|19
|
|t:|1757852058
|-end|p1a: Walking Wake|Protosynthesis|[silent]
|switch|p1a: Great Tusk|Great Tusk|100/100
|-activate|p1a: Great Tusk|ability: Protosynthesis
|-start|p1a: Great Tusk|protosynthesisatk
|move|p2a: Hariyama|Drain Punch|p1a: Great Tusk
|-damage|p1a: Great Tusk|53/100
|-heal|p2a: Hariyama|99/100 brn|[from] drain|[of] p1a: Great Tusk
|
|-weather|SunnyDay|[upkeep]
|-heal|p1a: Great Tusk|59/100|[from] item: Leftovers
|-damage|p2a: Hariyama|93/100 brn|[from] brn
|upkeep
|turn|20
|
|t:|1757852063
|move|p1a: Great Tusk|Earthquake|p2a: Hariyama
|-damage|p2a: Hariyama|23/100 brn
|move|p2a: Hariyama|Facade|p1a: Great Tusk
|-damage|p1a: Great Tusk|1/100
|
|-weather|SunnyDay|[upkeep]
|-heal|p1a: Great Tusk|7/100|[from] item: Leftovers
|-damage|p2a: Hariyama|17/100 brn|[from] brn
|upkeep
|turn|21
|
|t:|1757852067
|move|p2a: Hariyama|Bullet Punch|p1a: Great Tusk
|-damage|p1a: Great Tusk|0 fnt
|faint|p1a: Great Tusk
|-end|p1a: Great Tusk|Protosynthesis|[silent]
|
|-weather|SunnyDay|[upkeep]
|-damage|p2a: Hariyama|11/100 brn|[from] brn
|upkeep
|
|t:|1757852073
|switch|p1a: Walking Wake|Walking Wake|100/100
|-activate|p1a: Walking Wake|ability: Protosynthesis
|-start|p1a: Walking Wake|protosynthesisspa
|turn|22
|
|t:|1757852075
|move|p1a: Walking Wake|Hydro Steam|p2a: Hariyama
|-damage|p2a: Hariyama|0 fnt
|faint|p2a: Hariyama
|
|-weather|SunnyDay|[upkeep]
|upkeep
|-message|LousiV forfeited.
|
|win|sorcier de pipi
|raw|sorcier de pipi's rating: 1262 &rarr; <strong>1283</strong><br />(+21 for winning)
|raw|LousiV's rating: 1213 &rarr; <strong>1192</strong><br />(-21 for losing)
|l|☆LousiV
|player|p2|
