|j|☆bugcatcherweevil
|j|☆SamiFawad
|t:|1757943594
|gametype|singles
|player|p1|bugcatcherweevil|169|1667
|player|p2|SamiFawad|2|1656
|gen|9
|tier|[Gen 9] OU
|rated|
|rule|HP Percentage Mod: HP is shown in percentages
|rule|Endless Battle Clause: Forcing endless battles is banned
|rule|Species Clause: Limit one of each Pokémon
|rule|OHKO Clause: OHKO moves are banned
|rule|Evasion Items Clause: Evasion items are banned
|rule|Evasion Moves Clause: Evasion moves are banned
|rule|Evasion Abilities Clause: Evasion abilities are banned
|rule|Sleep Moves Clause: Sleep-inducing moves are banned
|clearpoke
|poke|p1|Iron Moth|
|poke|p1|Ting-Lu|
|poke|p1|Torkoal, M|
|poke|p1|Walking Wake|
|poke|p1|Great Tusk|
|poke|p1|Slither Wing|
|poke|p2|Slowking-Galar, F|
|poke|p2|Pecharunt|
|poke|p2|Skeledirge, F|
|poke|p2|Samurott-Hisui, M|
|poke|p2|Kyurem|
|poke|p2|Great Tusk|
|teampreview
|j| wgw2333
|
|t:|1757943605
|teamsize|p1|6
|teamsize|p2|6
|start
|switch|p1a: Slither Wing|Slither Wing|100/100
|switch|p2a: Skeledirge|Skeledirge, F|100/100
|turn|1
|
|t:|1757943612
|move|p1a: Slither Wing|U-turn|p2a: Skeledirge
|-resisted|p2a: Skeledirge
|-damage|p2a: Skeledirge|91/100
|-damage|p1a: Slither Wing|84/100|[from] item: Rocky Helmet|[of] p2a: Skeledirge
|
|t:|1757943627
|-end|p1a: Slither Wing|Protosynthesis|[silent]
|switch|p1a: Iron Moth|Iron Moth|100/100|[from] U-turn
|move|p2a: Skeledirge|Torch Song|p1a: Iron Moth
|-resisted|p1a: Iron Moth
|-damage|p1a: Iron Moth|86/100
|-boost|p2a: Skeledirge|spa|1
|
|upkeep
|turn|2
|
|t:|1757943635
|move|p1a: Iron Moth|Overheat|p2a: Skeledirge
|-resisted|p2a: Skeledirge
|-damage|p2a: Skeledirge|32/100
|-unboost|p1a: Iron Moth|spa|2
|move|p2a: Skeledirge|Shadow Ball|p1a: Iron Moth
|-damage|p1a: Iron Moth|38/100
|
|upkeep
|turn|3
|
|t:|1757943641
|-terastallize|p1a: Iron Moth|Fire
|move|p1a: Iron Moth|Overheat|p2a: Skeledirge
|-resisted|p2a: Skeledirge
|-damage|p2a: Skeledirge|0 fnt
|-unboost|p1a: Iron Moth|spa|2
|faint|p2a: Skeledirge
|
|upkeep
|
|t:|1757943648
|switch|p2a: Samurott|Samurott-Hisui, M|100/100
|turn|4
|
|t:|1757943654
|-end|p1a: Iron Moth|Quark Drive|[silent]
|switch|p1a: Slither Wing|Slither Wing|84/100
|move|p2a: Samurott|Flip Turn|p1a: Slither Wing
|-damage|p1a: Slither Wing|46/100
|
|t:|1757943657
|switch|p2a: Pecharunt|Pecharunt|100/100|[from] Flip Turn
|
|upkeep
|turn|5
|
|t:|1757943662
|move|p1a: Slither Wing|U-turn|p2a: Pecharunt
|-resisted|p2a: Pecharunt
|-damage|p2a: Pecharunt|91/100
|-damage|p1a: Slither Wing|29/100|[from] item: Rocky Helmet|[of] p2a: Pecharunt
|
|t:|1757943666
|-end|p1a: Slither Wing|Protosynthesis|[silent]
|switch|p1a: Ting-Lu|Ting-Lu|100/100|[from] U-turn
|-ability|p1a: Ting-Lu|Vessel of Ruin
|move|p2a: Pecharunt|Parting Shot|p1a: Ting-Lu
|-unboost|p1a: Ting-Lu|atk|1
|-unboost|p1a: Ting-Lu|spa|1
|
|t:|1757943671
|switch|p2a: Kyurem|Kyurem|100/100|[from] Parting Shot
|-ability|p2a: Kyurem|Pressure
|
|upkeep
|turn|6
|
|t:|1757943683
|move|p2a: Kyurem|Ice Beam|p1a: Ting-Lu
|-supereffective|p1a: Ting-Lu
|-damage|p1a: Ting-Lu|54/100
|move|p1a: Ting-Lu|Ruination|p2a: Kyurem|[miss]
|-miss|p1a: Ting-Lu|p2a: Kyurem
|
|upkeep
|turn|7
|
|t:|1757943692
|move|p2a: Kyurem|Ice Beam|p1a: Ting-Lu
|-supereffective|p1a: Ting-Lu
|-damage|p1a: Ting-Lu|11/100
|move|p1a: Ting-Lu|Ruination|p2a: Kyurem
|-damage|p2a: Kyurem|51/100
|
|upkeep
|turn|8
|
|t:|1757943699
|switch|p1a: Torkoal|Torkoal, M|100/100
|-weather|SunnyDay|[from] ability: Drought|[of] p1a: Torkoal
|move|p2a: Kyurem|Ice Beam|p1a: Torkoal
|-resisted|p1a: Torkoal
|-damage|p1a: Torkoal|66/100
|
|-weather|SunnyDay|[upkeep]
|upkeep
|turn|9
|
|t:|1757943705
|move|p2a: Kyurem|Ice Beam|p1a: Torkoal
|-resisted|p1a: Torkoal
|-damage|p1a: Torkoal|33/100
|move|p1a: Torkoal|Stealth Rock|p2a: Kyurem
|-sidestart|p2: SamiFawad|move: Stealth Rock
|
|-weather|SunnyDay|[upkeep]
|upkeep
|turn|10
|
|t:|1757943708
|switch|p1a: Ting-Lu|Ting-Lu|11/100
|-ability|p1a: Ting-Lu|Vessel of Ruin
|move|p2a: Kyurem|Ice Beam|p1a: Ting-Lu
|-supereffective|p1a: Ting-Lu
|-damage|p1a: Ting-Lu|0 fnt
|faint|p1a: Ting-Lu
|
|-weather|SunnyDay|[upkeep]
|upkeep
|
|t:|1757943710
|switch|p1a: Iron Moth|Iron Moth, tera:Fire|38/100
|turn|11
|
|t:|1757943714
|move|p2a: Kyurem|Ice Beam|p1a: Iron Moth
|-resisted|p1a: Iron Moth
|-damage|p1a: Iron Moth|10/100
|move|p1a: Iron Moth|Fiery Dance|p2a: Kyurem
|-damage|p2a: Kyurem|0 fnt
|faint|p2a: Kyurem
|
|-weather|SunnyDay|[upkeep]
|upkeep
|
|t:|1757943721
|switch|p2a: Samurott|Samurott-Hisui, M|100/100
|-damage|p2a: Samurott|88/100|[from] Stealth Rock
|turn|12
|
|t:|1757943733
|-end|p1a: Iron Moth|Quark Drive|[silent]
|switch|p1a: Great Tusk|Great Tusk|100/100
|-activate|p1a: Great Tusk|ability: Protosynthesis
|-start|p1a: Great Tusk|protosynthesisspe
|move|p2a: Samurott|Ceaseless Edge|p1a: Great Tusk
|-resisted|p1a: Great Tusk
|-damage|p1a: Great Tusk|87/100
|-sidestart|p1: bugcatcherweevil|Spikes
|
|-weather|SunnyDay|[upkeep]
|upkeep
|turn|13
|
|t:|1757943736
|move|p1a: Great Tusk|Bulk Up|p1a: Great Tusk
|-boost|p1a: Great Tusk|atk|1
|-boost|p1a: Great Tusk|def|1
|move|p2a: Samurott|Flip Turn|p1a: Great Tusk
|-supereffective|p1a: Great Tusk
|-damage|p1a: Great Tusk|76/100
|
|t:|1757943738
|switch|p2a: Great Tusk|Great Tusk|100/100|[from] Flip Turn
|-damage|p2a: Great Tusk|98/100|[from] Stealth Rock
|-activate|p2a: Great Tusk|ability: Protosynthesis
|-start|p2a: Great Tusk|protosynthesisdef
|
|-weather|SunnyDay|[upkeep]
|upkeep
|turn|14
|
|t:|1757943741
|move|p1a: Great Tusk|Rapid Spin|p2a: Great Tusk
|-damage|p2a: Great Tusk|90/100
|-boost|p1a: Great Tusk|spe|1
|-damage|p1a: Great Tusk|59/100|[from] item: Rocky Helmet|[of] p2a: Great Tusk
|-sideend|p1: bugcatcherweevil|Spikes|[from] move: Rapid Spin|[of] p1a: Great Tusk
|move|p2a: Great Tusk|Rapid Spin|p1a: Great Tusk
|-damage|p1a: Great Tusk|53/100
|-boost|p2a: Great Tusk|spe|1
|-sideend|p2: SamiFawad|Stealth Rock|[from] move: Rapid Spin|[of] p2a: Great Tusk
|
|-weather|SunnyDay|[upkeep]
|upkeep
|turn|15
|
|t:|1757943748
|move|p1a: Great Tusk|Bulk Up|p1a: Great Tusk
|-boost|p1a: Great Tusk|atk|1
|-boost|p1a: Great Tusk|def|1
|move|p2a: Great Tusk|Knock Off|p1a: Great Tusk
|-resisted|p1a: Great Tusk
|-damage|p1a: Great Tusk|49/100
|-enditem|p1a: Great Tusk|Heavy-Duty Boots|[from] move: Knock Off|[of] p2a: Great Tusk
|
|-weather|none
|-end|p1a: Great Tusk|Protosynthesis
|-end|p2a: Great Tusk|Protosynthesis
|upkeep
|turn|16
|
|t:|1757943758
|move|p1a: Great Tusk|Bulk Up|p1a: Great Tusk
|-boost|p1a: Great Tusk|atk|1
|-boost|p1a: Great Tusk|def|1
|move|p2a: Great Tusk|Stealth Rock|p1a: Great Tusk
|-sidestart|p1: bugcatcherweevil|move: Stealth Rock
|
|upkeep
|turn|17
|
|t:|1757943764
|move|p1a: Great Tusk|Rapid Spin|p2a: Great Tusk
|-damage|p2a: Great Tusk|74/100
|-boost|p1a: Great Tusk|spe|1
|-damage|p1a: Great Tusk|32/100|[from] item: Rocky Helmet|[of] p2a: Great Tusk
|-sideend|p1: bugcatcherweevil|Stealth Rock|[from] move: Rapid Spin|[of] p1a: Great Tusk
|move|p2a: Great Tusk|Earthquake|p1a: Great Tusk
|-damage|p1a: Great Tusk|20/100
|
|upkeep
|turn|18
|
|t:|1757943770
|move|p1a: Great Tusk|Ice Spinner|p2a: Great Tusk
|-supereffective|p2a: Great Tusk
|-damage|p2a: Great Tusk|15/100
|-damage|p1a: Great Tusk|4/100|[from] item: Rocky Helmet|[of] p2a: Great Tusk
|move|p2a: Great Tusk|Earthquake|p1a: Great Tusk
|-damage|p1a: Great Tusk|0 fnt
|faint|p1a: Great Tusk
|-end|p1a: Great Tusk|Protosynthesis|[silent]
|
|upkeep
|
|t:|1757943780
|switch|p1a: Slither Wing|Slither Wing|29/100
|turn|19
|
|t:|1757943784
|-end|p2a: Great Tusk|Protosynthesis|[silent]
|switch|p2a: Pecharunt|Pecharunt|91/100
|move|p1a: Slither Wing|First Impression|p2a: Pecharunt
|-resisted|p2a: Pecharunt
|-damage|p2a: Pecharunt|79/100
|-damage|p1a: Slither Wing|13/100|[from] item: Rocky Helmet|[of] p2a: Pecharunt
|
|upkeep
|turn|20
|
|t:|1757943789
|-end|p1a: Slither Wing|Protosynthesis|[silent]
|switch|p1a: Walking Wake|Walking Wake|100/100
|move|p2a: Pecharunt|Malignant Chain|p1a: Walking Wake
|-damage|p1a: Walking Wake|49/100
|
|upkeep
|turn|21
|
|t:|1757943800
|move|p1a: Walking Wake|Draco Meteor|p2a: Pecharunt
|-damage|p2a: Pecharunt|0 fnt
|-unboost|p1a: Walking Wake|spa|2
|faint|p2a: Pecharunt
|
|upkeep
|
|t:|1757943808
|switch|p2a: Samurott|Samurott-Hisui, M|88/100
|turn|22
|
|t:|1757943814
|move|p1a: Walking Wake|Draco Meteor|p2a: Samurott|[miss]
|-miss|p1a: Walking Wake|p2a: Samurott
|move|p2a: Samurott|Ceaseless Edge|p1a: Walking Wake
|-damage|p1a: Walking Wake|5/100
|-sidestart|p1: bugcatcherweevil|Spikes
|
|upkeep
|turn|23
|-message|bugcatcherweevil forfeited.
|
|win|SamiFawad
|raw|bugcatcherweevil's rating: 1667 &rarr; <strong>1646</strong><br />(-21 for losing)
|raw|SamiFawad's rating: 1656 &rarr; <strong>1677</strong><br />(+21 for winning)
|l|☆bugcatcherweevil
|player|p1|
|l|☆SamiFawad
|player|p2|
