|j|☆saint246
|j|☆Yhgdjmbgh
|t:|1757847355
|gametype|singles
|player|p1|saint246|1|1125
|player|p2|Yhgdjmbgh|265|1151
|gen|9
|tier|[Gen 9] OU
|rated|
|rule|HP Percentage Mod: HP is shown in percentages
|rule|Endless Battle Clause: Forcing endless battles is banned
|rule|Species Clause: Limit one of each Pokémon
|rule|OHKO Clause: OHKO moves are banned
|rule|Evasion Items Clause: Evasion items are banned
|rule|Evasion Moves Clause: Evasion moves are banned
|rule|Evasion Abilities Clause: Evasion abilities are banned
|rule|Sleep Moves Clause: Sleep-inducing moves are banned
|clearpoke
|poke|p1|Grimmsnarl, M|
|poke|p1|Heatran, M|
|poke|p1|Zoroark-Hisui, F|
|poke|p1|Iron Treads|
|poke|p1|Rotom-Wash|
|poke|p1|Lycanroc, F|
|poke|p2|Gholdengo|
|poke|p2|Primarina, M|
|poke|p2|Pecharunt|
|poke|p2|Weavile, M|
|poke|p2|Excadrill, M|
|poke|p2|Blaziken, M|
|teampreview
|
|t:|1757847408
|teamsize|p1|6
|teamsize|p2|6
|start
|switch|p1a: Lycanroc|Lycanroc, F|100/100
|switch|p2a: Blaziken|Blaziken, M|100/100
|turn|1
|
|t:|1757847422
|move|p1a: Lycanroc|Stealth Rock|p2a: Blaziken
|-sidestart|p2: Yhgdjmbgh|move: Stealth Rock
|move|p2a: Blaziken|Swords Dance|p2a: Blaziken
|-boost|p2a: Blaziken|atk|2
|
|-ability|p2a: Blaziken|Speed Boost|boost
|-boost|p2a: Blaziken|spe|1
|upkeep
|turn|2
|
|t:|1757847430
|move|p2a: Blaziken|Close Combat|p1a: Lycanroc
|-supereffective|p1a: Lycanroc
|-enditem|p1a: Lycanroc|Focus Sash
|-damage|p1a: Lycanroc|1/100
|-unboost|p2a: Blaziken|def|1
|-unboost|p2a: Blaziken|spd|1
|move|p1a: Lycanroc|Endeavor|p2a: Blaziken
|-damage|p2a: Blaziken|1/100
|
|-ability|p2a: Blaziken|Speed Boost|boost
|-boost|p2a: Blaziken|spe|1
|upkeep
|turn|3
|
|t:|1757847442
|move|p2a: Blaziken|Protect|p2a: Blaziken
|-singleturn|p2a: Blaziken|Protect
|move|p1a: Lycanroc|Sucker Punch||[still]
|-fail|p1a: Lycanroc
|
|-ability|p2a: Blaziken|Speed Boost|boost
|-boost|p2a: Blaziken|spe|1
|upkeep
|turn|4
|
|t:|1757847451
|move|p1a: Lycanroc|Sucker Punch||[still]
|-fail|p1a: Lycanroc
|move|p2a: Blaziken|Swords Dance|p2a: Blaziken
|-boost|p2a: Blaziken|atk|2
|
|-ability|p2a: Blaziken|Speed Boost|boost
|-boost|p2a: Blaziken|spe|1
|upkeep
|turn|5
|
|t:|1757847459
|move|p1a: Lycanroc|Sucker Punch||[still]
|-fail|p1a: Lycanroc
|move|p2a: Blaziken|Swords Dance|p2a: Blaziken
|-boost|p2a: Blaziken|atk|2
|
|-ability|p2a: Blaziken|Speed Boost|boost
|-boost|p2a: Blaziken|spe|1
|upkeep
|turn|6
|
|t:|1757847466
|move|p2a: Blaziken|Protect|p2a: Blaziken
|-singleturn|p2a: Blaziken|Protect
|move|p1a: Lycanroc|Sucker Punch||[still]
|-fail|p1a: Lycanroc
|
|-ability|p2a: Blaziken|Speed Boost|boost
|-boost|p2a: Blaziken|spe|1
|upkeep
|turn|7
|
|t:|1757847475
|move|p2a: Blaziken|Close Combat|p1a: Lycanroc
|-supereffective|p1a: Lycanroc
|-damage|p1a: Lycanroc|0 fnt
|-unboost|p2a: Blaziken|def|1
|-unboost|p2a: Blaziken|spd|1
|faint|p1a: Lycanroc
|
|upkeep
|
|t:|1757847483
|switch|p1a: Grimmsnarl|Grimmsnarl, M|100/100
|turn|8
|
|t:|1757847489
|move|p2a: Blaziken|Protect|p2a: Blaziken
|-singleturn|p2a: Blaziken|Protect
|move|p1a: Grimmsnarl|Substitute|p1a: Grimmsnarl
|-start|p1a: Grimmsnarl|Substitute
|-damage|p1a: Grimmsnarl|76/100
|
|-heal|p1a: Grimmsnarl|82/100|[from] item: Leftovers
|upkeep
|turn|9
|
|t:|1757847498
|move|p1a: Grimmsnarl|Sucker Punch|p2a: Blaziken
|-resisted|p2a: Blaziken
|-damage|p2a: Blaziken|0 fnt
|faint|p2a: Blaziken
|
|-heal|p1a: Grimmsnarl|88/100|[from] item: Leftovers
|upkeep
|
|t:|1757847517
|switch|p2a: Excadrill|Excadrill, M|100/100
|-damage|p2a: Excadrill|97/100|[from] Stealth Rock
|turn|10
|inactive|Battle timer is ON: inactive players will automatically lose when time's up. (requested by Yhgdjmbgh)
|
|t:|1757847595
|move|p1a: Grimmsnarl|Bulk Up|p1a: Grimmsnarl
|-boost|p1a: Grimmsnarl|atk|1
|-boost|p1a: Grimmsnarl|def|1
|move|p2a: Excadrill|Iron Head|p1a: Grimmsnarl
|-supereffective|p1a: Grimmsnarl
|-end|p1a: Grimmsnarl|Substitute
|
|-heal|p1a: Grimmsnarl|94/100|[from] item: Leftovers
|upkeep
|turn|11
|
|t:|1757847604
|move|p1a: Grimmsnarl|Sucker Punch|p2a: Excadrill
|-damage|p2a: Excadrill|19/100
|move|p2a: Excadrill|Iron Head|p1a: Grimmsnarl
|-supereffective|p1a: Grimmsnarl
|-damage|p1a: Grimmsnarl|18/100
|
|-heal|p1a: Grimmsnarl|24/100|[from] item: Leftovers
|upkeep
|turn|12
|
|t:|1757847627
|switch|p2a: Weavile|Weavile, M, shiny|100/100
|-damage|p2a: Weavile|76/100|[from] Stealth Rock
|move|p1a: Grimmsnarl|Spirit Break|p2a: Weavile
|-supereffective|p2a: Weavile
|-damage|p2a: Weavile|0 fnt
|faint|p2a: Weavile
|
|-heal|p1a: Grimmsnarl|30/100|[from] item: Leftovers
|upkeep
|
|t:|1757847638
|switch|p2a: Primarina|Primarina, M|100/100
|-damage|p2a: Primarina|88/100|[from] Stealth Rock
|turn|13
|
|t:|1757847644
|-terastallize|p1a: Grimmsnarl|Fire
|move|p2a: Primarina|Aqua Jet|p1a: Grimmsnarl
|-supereffective|p1a: Grimmsnarl
|-damage|p1a: Grimmsnarl|13/100
|move|p1a: Grimmsnarl|Spirit Break|p2a: Primarina
|-damage|p2a: Primarina|0 fnt
|-damage|p1a: Grimmsnarl|0 fnt|[from] item: Rocky Helmet|[of] p2a: Primarina
|faint|p2a: Primarina
|faint|p1a: Grimmsnarl
|
|upkeep
|-message|Yhgdjmbgh forfeited.
|
|win|saint246
|raw|saint246's rating: 1125 &rarr; <strong>1152</strong><br />(+27 for winning)
|raw|Yhgdjmbgh's rating: 1151 &rarr; <strong>1124</strong><br />(-27 for losing)
|l|☆Yhgdjmbgh
|player|p2|
|l|☆saint246
|player|p1|
