|j|☆boomblack
|j|☆rewa00
|t:|1757863472
|gametype|singles
|player|p1|boomblack|102|1123
|player|p2|rewa00|cyrus|1087
|gen|9
|tier|[Gen 9] OU
|rated|
|rule|HP Percentage Mod: HP is shown in percentages
|rule|Endless Battle Clause: Forcing endless battles is banned
|rule|Species Clause: Limit one of each Pokémon
|rule|OHKO Clause: OHKO moves are banned
|rule|Evasion Items Clause: Evasion items are banned
|rule|Evasion Moves Clause: Evasion moves are banned
|rule|Evasion Abilities Clause: Evasion abilities are banned
|rule|Sleep Moves Clause: Sleep-inducing moves are banned
|clearpoke
|poke|p1|Glimmora, F|
|poke|p1|Gliscor, M|
|poke|p1|Ceruledge, F|
|poke|p1|Galvantula, F|
|poke|p1|Hatterene, F|
|poke|p1|Iron Treads|
|poke|p2|Rampardos, M|
|poke|p2|Rotom-Heat|
|poke|p2|Forretress, M|
|poke|p2|Dragapult, M|
|poke|p2|Azumarill, M|
|poke|p2|Yanmega, F|
|teampreview
|inactive|Battle timer is ON: inactive players will automatically lose when time's up. (requested by boomblack)
|
|t:|1757863483
|teamsize|p1|6
|teamsize|p2|6
|start
|switch|p1a: Galvantula|Galvantula, F, shiny|100/100
|switch|p2a: Rotom|Rotom-Heat|100/100
|turn|1
|
|t:|1757863487
|move|p2a: Rotom|Overheat|p1a: Galvantula
|-supereffective|p1a: Galvantula
|-enditem|p1a: Galvantula|Focus Sash
|-damage|p1a: Galvantula|1/100
|-unboost|p2a: Rotom|spa|2
|move|p1a: Galvantula|Sticky Web|p2a: Rotom
|-sidestart|p2: rewa00|move: Sticky Web
|
|upkeep
|turn|2
|
|t:|1757863500
|move|p2a: Rotom|Overheat|p1a: Galvantula
|-supereffective|p1a: Galvantula
|-damage|p1a: Galvantula|0 fnt
|-unboost|p2a: Rotom|spa|2
|faint|p1a: Galvantula
|
|upkeep
|
|t:|1757863504
|switch|p1a: Glimmora|Glimmora, F, shiny|100/100
|turn|3
|
|t:|1757863515
|switch|p2a: Forretress|Forretress, M|100/100
|-activate|p2a: Forretress|move: Sticky Web
|-unboost|p2a: Forretress|spe|1
|move|p1a: Glimmora|Toxic|p2a: Forretress
|-status|p2a: Forretress|tox
|
|-damage|p2a: Forretress|94/100 tox|[from] psn
|upkeep
|turn|4
|
|t:|1757863527
|switch|p1a: Ceruledge|Ceruledge, F, shiny|100/100
|move|p2a: Forretress|Rapid Spin|p1a: Ceruledge
|-immune|p1a: Ceruledge
|
|-damage|p2a: Forretress|82/100 tox|[from] psn
|upkeep
|turn|5
|
|t:|1757863535
|switch|p2a: Rotom|Rotom-Heat|100/100
|move|p1a: Ceruledge|Bitter Blade|p2a: Rotom
|-resisted|p2a: Rotom
|-damage|p2a: Rotom|77/100
|
|upkeep
|turn|6
|
|t:|1757863545
|switch|p1a: Glimmora|Glimmora, F, shiny|100/100
|move|p2a: Rotom|Trick|p1a: Glimmora
|-activate|p2a: Rotom|move: Trick|[of] p1a: Glimmora
|-item|p1a: Glimmora|Choice Scarf|[from] move: Trick
|-item|p2a: Rotom|Focus Sash|[from] move: Trick
|
|upkeep
|turn|7
|
|t:|1757863554
|move|p1a: Glimmora|Toxic|p2a: Rotom
|-status|p2a: Rotom|tox
|move|p2a: Rotom|Volt Switch|p1a: Glimmora
|-damage|p1a: Glimmora|70/100
|
|t:|1757863564
|switch|p2a: Yanmega|Yanmega, F|100/100|[from] Volt Switch
|
|upkeep
|turn|8
|
|t:|1757863573
|move|p1a: Glimmora|Toxic|p2a: Yanmega
|-status|p2a: Yanmega|tox
|move|p2a: Yanmega|Bug Buzz|p1a: Glimmora
|-resisted|p1a: Glimmora
|-damage|p1a: Glimmora|5/100
|-unboost|p1a: Glimmora|spd|1
|-damage|p2a: Yanmega|91/100 tox|[from] item: Life Orb
|
|-damage|p2a: Yanmega|85/100 tox|[from] psn
|upkeep
|turn|9
|
|t:|1757863590
|switch|p1a: Iron Treads|Iron Treads, shiny|100/100
|-enditem|p1a: Iron Treads|Booster Energy
|-activate|p1a: Iron Treads|ability: Quark Drive|[fromitem]
|-start|p1a: Iron Treads|quarkdrivespe
|move|p2a: Yanmega|Psychic|p1a: Iron Treads
|-resisted|p1a: Iron Treads
|-damage|p1a: Iron Treads|47/100
|-damage|p2a: Yanmega|75/100 tox|[from] item: Life Orb
|
|-damage|p2a: Yanmega|62/100 tox|[from] psn
|upkeep
|turn|10
|
|t:|1757863609
|switch|p2a: Rotom|Rotom-Heat|77/100 tox
|move|p1a: Iron Treads|Ice Fang|p2a: Rotom
|-resisted|p2a: Rotom
|-damage|p2a: Rotom|67/100 tox
|
|-damage|p2a: Rotom|60/100 tox|[from] psn
|upkeep
|turn|11
|
|t:|1757863619
|-end|p1a: Iron Treads|Quark Drive|[silent]
|switch|p1a: Glimmora|Glimmora, F, shiny|5/100
|move|p2a: Rotom|Overheat|p1a: Glimmora
|-resisted|p1a: Glimmora
|-damage|p1a: Glimmora|0 fnt
|-unboost|p2a: Rotom|spa|2
|faint|p1a: Glimmora
|
|-damage|p2a: Rotom|48/100 tox|[from] psn
|upkeep
|
|t:|1757863625
|switch|p1a: Gliscor|Gliscor, M, shiny|100/100
|turn|12
|
|t:|1757863631
|move|p1a: Gliscor|Agility|p1a: Gliscor
|-boost|p1a: Gliscor|spe|2
|move|p2a: Rotom|Overheat|p1a: Gliscor
|-damage|p1a: Gliscor|63/100
|-unboost|p2a: Rotom|spa|2
|
|-damage|p2a: Rotom|29/100 tox|[from] psn
|-status|p1a: Gliscor|tox|[from] item: Toxic Orb
|upkeep
|turn|13
|
|t:|1757863639
|switch|p2a: Azumarill|Azumarill, M|100/100
|-activate|p2a: Azumarill|move: Sticky Web
|-unboost|p2a: Azumarill|spe|1
|move|p1a: Gliscor|Swords Dance|p1a: Gliscor
|-boost|p1a: Gliscor|atk|2
|
|-heal|p1a: Gliscor|76/100 tox|[from] ability: Poison Heal
|upkeep
|turn|14
|
|t:|1757863644
|-terastallize|p1a: Gliscor|Normal
|-terastallize|p2a: Azumarill|Water
|move|p1a: Gliscor|Facade|p2a: Azumarill
|-damage|p2a: Azumarill|16/100
|move|p2a: Azumarill|Surf|p1a: Gliscor
|-damage|p1a: Gliscor|34/100 tox
|
|-heal|p2a: Azumarill|23/100|[from] item: Leftovers
|-heal|p1a: Gliscor|46/100 tox|[from] ability: Poison Heal
|upkeep
|turn|15
|
|t:|1757863655
|move|p1a: Gliscor|Earthquake|p2a: Azumarill
|-damage|p2a: Azumarill|0 fnt
|faint|p2a: Azumarill
|
|-heal|p1a: Gliscor|59/100 tox|[from] ability: Poison Heal
|upkeep
|
|t:|1757863661
|switch|p2a: Dragapult|Dragapult, M|100/100
|-activate|p2a: Dragapult|move: Sticky Web
|-unboost|p2a: Dragapult|spe|1
|turn|16
|
|t:|1757863665
|move|p1a: Gliscor|Earthquake|p2a: Dragapult
|-damage|p2a: Dragapult|0 fnt
|faint|p2a: Dragapult
|
|-heal|p1a: Gliscor|71/100 tox|[from] ability: Poison Heal
|upkeep
|
|t:|1757863667
|switch|p2a: Rotom|Rotom-Heat|29/100 tox
|turn|17
|
|t:|1757863670
|move|p1a: Gliscor|Facade|p2a: Rotom
|-damage|p2a: Rotom|0 fnt
|faint|p2a: Rotom
|
|-heal|p1a: Gliscor|83/100 tox|[from] ability: Poison Heal
|upkeep
|
|t:|1757863673
|switch|p2a: Forretress|Forretress, M|82/100 tox
|-activate|p2a: Forretress|move: Sticky Web
|-unboost|p2a: Forretress|spe|1
|turn|18
|
|t:|1757863677
|move|p1a: Gliscor|Earthquake|p2a: Forretress
|-damage|p2a: Forretress|36/100 tox
|-enditem|p2a: Forretress|Sitrus Berry|[eat]
|-heal|p2a: Forretress|61/100 tox|[from] item: Sitrus Berry
|move|p2a: Forretress|Counter|p1a: Gliscor
|-damage|p1a: Gliscor|0 fnt
|faint|p1a: Gliscor
|
|-damage|p2a: Forretress|54/100 tox|[from] psn
|upkeep
|
|t:|1757863685
|switch|p1a: Ceruledge|Ceruledge, F, shiny|100/100
|turn|19
|
|t:|1757863688
|move|p1a: Ceruledge|Bitter Blade|p2a: Forretress
|-supereffective|p2a: Forretress
|-damage|p2a: Forretress|0 fnt
|faint|p2a: Forretress
|
|upkeep
|
|t:|1757863691
|switch|p2a: Rampardos|Rampardos, M|100/100
|-activate|p2a: Rampardos|move: Sticky Web
|-unboost|p2a: Rampardos|spe|1
|-ability|p2a: Rampardos|Mold Breaker
|turn|20
|
|t:|1757863697
|switch|p1a: Iron Treads|Iron Treads, shiny|47/100
|move|p2a: Rampardos|Earthquake|p1a: Iron Treads
|-supereffective|p1a: Iron Treads
|-damage|p1a: Iron Treads|0 fnt
|faint|p1a: Iron Treads
|-end|p1a: Iron Treads|Quark Drive|[silent]
|
|upkeep
|
|t:|1757863705
|switch|p1a: Hatterene|Hatterene, F, shiny|100/100
|turn|21
|
|t:|1757863709
|move|p2a: Rampardos|Iron Head|p1a: Hatterene
|-supereffective|p1a: Hatterene
|-damage|p1a: Hatterene|14/100
|cant|p1a: Hatterene|flinch
|
|-heal|p1a: Hatterene|20/100|[from] item: Leftovers
|upkeep
|turn|22
|
|t:|1757863714
|move|p2a: Rampardos|Iron Head|p1a: Hatterene
|-supereffective|p1a: Hatterene
|-damage|p1a: Hatterene|0 fnt
|faint|p1a: Hatterene
|
|upkeep
|
|t:|1757863717
|switch|p1a: Ceruledge|Ceruledge, F, shiny|100/100
|turn|23
|
|t:|1757863720
|move|p1a: Ceruledge|Endure|p1a: Ceruledge
|-singleturn|p1a: Ceruledge|move: Endure
|move|p2a: Rampardos|Head Smash|p1a: Ceruledge
|-supereffective|p1a: Ceruledge
|-activate|p1a: Ceruledge|move: Endure
|-damage|p1a: Ceruledge|1/100
|-ability|p1a: Ceruledge|Weak Armor|boost
|-unboost|p1a: Ceruledge|def|1
|-boost|p1a: Ceruledge|spe|2
|-enditem|p1a: Ceruledge|Weakness Policy
|-boost|p1a: Ceruledge|atk|2|[from] item: Weakness Policy
|-boost|p1a: Ceruledge|spa|2|[from] item: Weakness Policy
|-damage|p2a: Rampardos|64/100|[from] Recoil
|
|upkeep
|turn|24
|
|t:|1757863728
|move|p1a: Ceruledge|Bitter Blade|p2a: Rampardos
|-resisted|p2a: Rampardos
|-damage|p2a: Rampardos|3/100
|-heal|p1a: Ceruledge|42/100|[from] drain|[of] p2a: Rampardos
|move|p2a: Rampardos|Earthquake|p1a: Ceruledge
|-supereffective|p1a: Ceruledge
|-damage|p1a: Ceruledge|0 fnt
|faint|p1a: Ceruledge
|
|win|rewa00
|raw|boomblack's rating: 1123 &rarr; <strong>1095</strong><br />(-28 for losing)
|raw|rewa00's rating: 1087 &rarr; <strong>1117</strong><br />(+30 for winning)
|l|☆boomblack
|player|p1|
|l|☆rewa00
|player|p2|
