|j|☆niloswan
|j|☆Spyro190 testing
|t:|1757888060
|gametype|singles
|player|p1|niloswan|zinzolin|1536
|player|p2|Spyro190 testing|bugcatcher-gen4dp|1639
|gen|9
|tier|[Gen 9] OU
|rated|
|rule|HP Percentage Mod: HP is shown in percentages
|rule|Endless Battle Clause: Forcing endless battles is banned
|rule|Species Clause: Limit one of each Pokémon
|rule|OHKO Clause: OHKO moves are banned
|rule|Evasion Items Clause: Evasion items are banned
|rule|Evasion Moves Clause: Evasion moves are banned
|rule|Evasion Abilities Clause: Evasion abilities are banned
|rule|Sleep Moves Clause: Sleep-inducing moves are banned
|clearpoke
|poke|p1|Iron Valiant|
|poke|p1|Tinkaton, F|
|poke|p1|Sinistcha|
|poke|p1|Great Tusk|
|poke|p1|Scizor, M|
|poke|p1|Slowbro, F|
|poke|p2|Enamorus, F|
|poke|p2|Slowking-Galar, M|
|poke|p2|Cinderace, F|
|poke|p2|Alomomola, F|
|poke|p2|Lokix, M|
|poke|p2|Great Tusk|
|teampreview
|inactive|Battle timer is ON: inactive players will automatically lose when time's up. (requested by niloswan)
|
|t:|1757888073
|teamsize|p1|6
|teamsize|p2|6
|start
|switch|p1a: Tinkaton|Tinkaton, F|100/100
|switch|p2a: Cinderace|Cinderace, F|100/100
|-ability|p1a: Tinkaton|Mold Breaker
|-item|p1a: Tinkaton|Air Balloon
|turn|1
|j| Jey2
|
|t:|1757888084
|switch|p1a: Slowbro|Slowbro, F|100/100
|move|p2a: Cinderace|Pyro Ball|p1a: Slowbro
|-resisted|p1a: Slowbro
|-damage|p1a: Slowbro|87/100
|
|-heal|p1a: Slowbro|93/100|[from] item: Leftovers
|upkeep
|turn|2
|
|t:|1757888093
|move|p2a: Cinderace|Will-O-Wisp|p1a: Slowbro
|-status|p1a: Slowbro|brn
|move|p1a: Slowbro|Calm Mind|p1a: Slowbro
|-boost|p1a: Slowbro|spa|1
|-boost|p1a: Slowbro|spd|1
|
|-heal|p1a: Slowbro|99/100 brn|[from] item: Leftovers
|-damage|p1a: Slowbro|93/100 brn|[from] brn
|upkeep
|turn|3
|
|t:|1757888102
|move|p2a: Cinderace|U-turn|p1a: Slowbro
|-supereffective|p1a: Slowbro
|-damage|p1a: Slowbro|73/100 brn
|l| Jey2
|
|t:|1757888107
|switch|p2a: Slowking|Slowking-Galar, M|100/100|[from] U-turn
|move|p1a: Slowbro|Scald|p2a: Slowking
|-damage|p2a: Slowking|68/100
|
|-heal|p1a: Slowbro|79/100 brn|[from] item: Leftovers
|-damage|p1a: Slowbro|73/100 brn|[from] brn
|upkeep
|turn|4
|
|t:|1757888121
|move|p1a: Slowbro|Calm Mind|p1a: Slowbro
|-boost|p1a: Slowbro|spa|1
|-boost|p1a: Slowbro|spd|1
|-prepare|p2a: Slowking|Chilly Reception|[premajor]
|move|p2a: Slowking|Chilly Reception|p2a: Slowking
|-weather|Snowscape
|
|t:|1757888125
|switch|p2a: Lokix|Lokix, M|100/100|[from] Chilly Reception
|
|-weather|Snowscape|[upkeep]
|-heal|p1a: Slowbro|79/100 brn|[from] item: Leftovers
|-damage|p1a: Slowbro|73/100 brn|[from] brn
|upkeep
|turn|5
|
|t:|1757888137
|-terastallize|p1a: Slowbro|Ground
|move|p2a: Lokix|U-turn|p1a: Slowbro
|-damage|p1a: Slowbro|43/100 brn
|
|t:|1757888149
|switch|p2a: Slowking|Slowking-Galar, M|100/100|[from] U-turn
|move|p1a: Slowbro|Slack Off|p1a: Slowbro
|-heal|p1a: Slowbro|93/100 brn
|
|-weather|Snowscape|[upkeep]
|-heal|p1a: Slowbro|99/100 brn|[from] item: Leftovers
|-damage|p1a: Slowbro|93/100 brn|[from] brn
|upkeep
|turn|6
|
|t:|1757888164
|move|p1a: Slowbro|Calm Mind|p1a: Slowbro
|-boost|p1a: Slowbro|spa|1
|-boost|p1a: Slowbro|spd|1
|move|p2a: Slowking|Future Sight|p1a: Slowbro
|-start|p2a: Slowking|move: Future Sight
|
|-weather|Snowscape|[upkeep]
|-heal|p1a: Slowbro|99/100 brn|[from] item: Leftovers
|-damage|p1a: Slowbro|93/100 brn|[from] brn
|upkeep
|turn|7
|
|t:|1757888172
|move|p1a: Slowbro|Stored Power|p2a: Slowking
|-damage|p2a: Slowking|4/100
|-prepare|p2a: Slowking|Chilly Reception|[premajor]
|move|p2a: Slowking|Chilly Reception|p2a: Slowking
|
|t:|1757888178
|switch|p2a: Lokix|Lokix, M|100/100|[from] Chilly Reception
|
|-weather|Snowscape|[upkeep]
|-heal|p1a: Slowbro|99/100 brn|[from] item: Leftovers
|-damage|p1a: Slowbro|93/100 brn|[from] brn
|upkeep
|turn|8
|
|t:|1757888189
|-terastallize|p2a: Lokix|Bug
|move|p2a: Lokix|U-turn|p1a: Slowbro
|-damage|p1a: Slowbro|56/100 brn
|
|t:|1757888200
|switch|p2a: Alomomola|Alomomola, F|100/100|[from] U-turn
|move|p1a: Slowbro|Slack Off|p1a: Slowbro
|-heal|p1a: Slowbro|100/100 brn
|
|-weather|none
|-end|p1a: Slowbro|move: Future Sight
|-damage|p1a: Slowbro|81/100 brn
|-heal|p1a: Slowbro|88/100 brn|[from] item: Leftovers
|-damage|p1a: Slowbro|81/100 brn|[from] brn
|upkeep
|turn|9
|
|t:|1757888212
|move|p1a: Slowbro|Stored Power|p2a: Alomomola
|-damage|p2a: Alomomola|39/100
|move|p2a: Alomomola|Mirror Coat|p1a: Slowbro
|-damage|p1a: Slowbro|0 fnt
|faint|p1a: Slowbro
|
|upkeep
|c|☆niloswan|noooooooooooo
|c|☆niloswan|should have calm mind again
|c|☆niloswan|i forget about him
|inactive|niloswan has 120 seconds left.
|c|☆niloswan|gg
|
|t:|1757888245
|switch|p1a: Sinistcha|Sinistcha|100/100
|turn|10
|
|t:|1757888259
|move|p1a: Sinistcha|Calm Mind|p1a: Sinistcha
|-boost|p1a: Sinistcha|spa|1
|-boost|p1a: Sinistcha|spd|1
|move|p2a: Alomomola|Flip Turn|p1a: Sinistcha
|-resisted|p1a: Sinistcha
|-damage|p1a: Sinistcha|95/100
|
|t:|1757888263
|switch|p2a: Lokix|Lokix, M, tera:Bug|100/100|[from] Flip Turn
|
|-heal|p1a: Sinistcha|100/100|[from] item: Leftovers
|upkeep
|turn|11
|
|t:|1757888269
|move|p2a: Lokix|U-turn|p1a: Sinistcha
|-damage|p1a: Sinistcha|53/100
|
|t:|1757888273
|switch|p2a: Slowking|Slowking-Galar, M|38/100|[from] U-turn
|move|p1a: Sinistcha|Strength Sap|p2a: Slowking
|-unboost|p2a: Slowking|atk|1
|-heal|p1a: Sinistcha|92/100
|
|-heal|p1a: Sinistcha|98/100|[from] item: Leftovers
|upkeep
|turn|12
|
|t:|1757888281
|move|p1a: Sinistcha|Shadow Ball|p2a: Slowking
|-supereffective|p2a: Slowking
|-damage|p2a: Slowking|0 fnt
|faint|p2a: Slowking
|
|-heal|p1a: Sinistcha|100/100|[from] item: Leftovers
|upkeep
|
|t:|1757888284
|switch|p2a: Lokix|Lokix, M, tera:Bug|100/100
|turn|13
|
|t:|1757888294
|move|p2a: Lokix|Knock Off|p1a: Sinistcha
|-supereffective|p1a: Sinistcha
|-damage|p1a: Sinistcha|2/100
|-enditem|p1a: Sinistcha|Leftovers|[from] move: Knock Off|[of] p2a: Lokix
|move|p1a: Sinistcha|Strength Sap|p2a: Lokix
|-unboost|p2a: Lokix|atk|1
|-heal|p1a: Sinistcha|98/100
|
|upkeep
|turn|14
|c|☆niloswan|wow
|
|t:|1757888308
|switch|p2a: Cinderace|Cinderace, F|100/100
|move|p1a: Sinistcha|Strength Sap|p2a: Cinderace
|-unboost|p2a: Cinderace|atk|1
|-heal|p1a: Sinistcha|100/100
|
|upkeep
|turn|15
|
|t:|1757888315
|move|p2a: Cinderace|Will-O-Wisp|p1a: Sinistcha
|-status|p1a: Sinistcha|brn
|move|p1a: Sinistcha|Shadow Ball|p2a: Cinderace
|-damage|p2a: Cinderace|47/100
|
|-damage|p1a: Sinistcha|98/100 brn|[from] brn
|upkeep
|turn|16
|
|t:|1757888323
|move|p2a: Cinderace|Pyro Ball|p1a: Sinistcha
|-supereffective|p1a: Sinistcha
|-damage|p1a: Sinistcha|75/100 brn
|move|p1a: Sinistcha|Shadow Ball|p2a: Cinderace
|-damage|p2a: Cinderace|0 fnt
|faint|p2a: Cinderace
|
|-damage|p1a: Sinistcha|72/100 brn|[from] brn
|upkeep
|
|t:|1757888328
|switch|p2a: Lokix|Lokix, M, tera:Bug|100/100
|turn|17
|
|t:|1757888334
|move|p2a: Lokix|Knock Off|p1a: Sinistcha
|-supereffective|p1a: Sinistcha
|-damage|p1a: Sinistcha|5/100 brn
|move|p1a: Sinistcha|Strength Sap|p2a: Lokix
|-unboost|p2a: Lokix|atk|1
|-heal|p1a: Sinistcha|100/100 brn
|
|-damage|p1a: Sinistcha|98/100 brn|[from] brn
|upkeep
|turn|18
|
|t:|1757888353
|switch|p2a: Alomomola|Alomomola, F|72/100
|move|p1a: Sinistcha|Strength Sap|p2a: Alomomola
|-unboost|p2a: Alomomola|atk|1
|-heal|p1a: Sinistcha|100/100 brn
|
|-damage|p1a: Sinistcha|98/100 brn|[from] brn
|upkeep
|turn|19
|
|t:|1757888362
|move|p1a: Sinistcha|Calm Mind|p1a: Sinistcha
|-boost|p1a: Sinistcha|spa|1
|-boost|p1a: Sinistcha|spd|1
|move|p2a: Alomomola|Flip Turn|p1a: Sinistcha
|-resisted|p1a: Sinistcha
|-damage|p1a: Sinistcha|94/100 brn
|
|t:|1757888385
|switch|p2a: Enamorus|Enamorus, F|100/100|[from] Flip Turn
|
|-damage|p1a: Sinistcha|91/100 brn|[from] brn
|upkeep
|turn|20
|
|t:|1757888390
|move|p2a: Enamorus|Moonblast|p1a: Sinistcha
|-damage|p1a: Sinistcha|55/100 brn
|move|p1a: Sinistcha|Shadow Ball|p2a: Enamorus
|-damage|p2a: Enamorus|14/100
|
|-damage|p1a: Sinistcha|52/100 brn|[from] brn
|upkeep
|turn|21
|
|t:|1757888401
|move|p2a: Enamorus|Moonblast|p1a: Sinistcha
|-damage|p1a: Sinistcha|20/100 brn
|move|p1a: Sinistcha|Shadow Ball|p2a: Enamorus
|-damage|p2a: Enamorus|0 fnt
|faint|p2a: Enamorus
|
|-damage|p1a: Sinistcha|18/100 brn|[from] brn
|upkeep
|
|t:|1757888406
|switch|p2a: Lokix|Lokix, M, tera:Bug|100/100
|turn|22
|
|t:|1757888413
|switch|p1a: Scizor|Scizor, M|100/100
|move|p2a: Lokix|U-turn|p1a: Scizor
|-resisted|p1a: Scizor
|-damage|p1a: Scizor|31/100
|
|t:|1757888416
|switch|p2a: Great Tusk|Great Tusk|100/100|[from] U-turn
|
|upkeep
|turn|23
|
|t:|1757888432
|switch|p1a: Sinistcha|Sinistcha|18/100 brn
|move|p2a: Great Tusk|Earthquake|p1a: Sinistcha
|-resisted|p1a: Sinistcha
|-damage|p1a: Sinistcha|4/100 brn
|
|-damage|p1a: Sinistcha|1/100 brn|[from] brn
|upkeep
|turn|24
|
|t:|1757888440
|move|p2a: Great Tusk|Earthquake|p1a: Sinistcha
|-resisted|p1a: Sinistcha
|-damage|p1a: Sinistcha|0 fnt
|faint|p1a: Sinistcha
|
|upkeep
|
|t:|1757888446
|switch|p1a: Tinkaton|Tinkaton, F|100/100
|-ability|p1a: Tinkaton|Mold Breaker
|-item|p1a: Tinkaton|Air Balloon
|turn|25
|
|t:|1757888452
|move|p1a: Tinkaton|Encore|p2a: Great Tusk
|-start|p2a: Great Tusk|Encore
|move|p2a: Great Tusk|Earthquake|p1a: Tinkaton
|-immune|p1a: Tinkaton
|
|upkeep
|turn|26
|
|t:|1757888459
|-end|p2a: Great Tusk|Protosynthesis|[silent]
|switch|p2a: Alomomola|Alomomola, F|100/100
|move|p1a: Tinkaton|Stealth Rock|p2a: Alomomola
|-sidestart|p2: Spyro190 testing|move: Stealth Rock
|
|upkeep
|turn|27
|inactive|niloswan has 120 seconds left.
|
|t:|1757888491
|switch|p1a: Great Tusk|Great Tusk|100/100
|-enditem|p1a: Great Tusk|Booster Energy
|-activate|p1a: Great Tusk|ability: Protosynthesis|[fromitem]
|-start|p1a: Great Tusk|protosynthesisatk
|switch|p2a: Great Tusk|Great Tusk|100/100
|-damage|p2a: Great Tusk|98/100|[from] Stealth Rock
|
|-heal|p2a: Great Tusk|100/100|[from] item: Leftovers
|upkeep
|turn|28
|inactive|niloswan has 120 seconds left.
|
|t:|1757888501
|move|p1a: Great Tusk|Ice Spinner|p2a: Great Tusk
|-supereffective|p2a: Great Tusk
|-damage|p2a: Great Tusk|61/100
|move|p2a: Great Tusk|Rapid Spin|p1a: Great Tusk
|-damage|p1a: Great Tusk|89/100
|-boost|p2a: Great Tusk|spe|1
|-sideend|p2: Spyro190 testing|Stealth Rock|[from] move: Rapid Spin|[of] p2a: Great Tusk
|
|-heal|p2a: Great Tusk|67/100|[from] item: Leftovers
|upkeep
|turn|29
|
|t:|1757888512
|-end|p2a: Great Tusk|Protosynthesis|[silent]
|switch|p2a: Alomomola|Alomomola, F|100/100
|move|p1a: Great Tusk|Ice Spinner|p2a: Alomomola
|-resisted|p2a: Alomomola
|-damage|p2a: Alomomola|87/100
|
|upkeep
|turn|30
|
|t:|1757888519
|move|p1a: Great Tusk|Supercell Slam|p2a: Alomomola
|-supereffective|p2a: Alomomola
|-damage|p2a: Alomomola|14/100
|move|p2a: Alomomola|Flip Turn|p1a: Great Tusk
|-supereffective|p1a: Great Tusk
|-damage|p1a: Great Tusk|67/100
|
|t:|1757888533
|switch|p2a: Great Tusk|Great Tusk|67/100|[from] Flip Turn
|
|-heal|p2a: Great Tusk|73/100|[from] item: Leftovers
|upkeep
|turn|31
|
|t:|1757888545
|move|p1a: Great Tusk|Ice Spinner|p2a: Great Tusk
|-supereffective|p2a: Great Tusk
|-damage|p2a: Great Tusk|36/100
|move|p2a: Great Tusk|Rapid Spin|p1a: Great Tusk
|-crit|p1a: Great Tusk
|-damage|p1a: Great Tusk|50/100
|-boost|p2a: Great Tusk|spe|1
|
|-heal|p2a: Great Tusk|43/100|[from] item: Leftovers
|upkeep
|turn|32
|
|t:|1757888556
|move|p2a: Great Tusk|Earthquake|p1a: Great Tusk
|-damage|p1a: Great Tusk|19/100
|move|p1a: Great Tusk|Ice Spinner|p2a: Great Tusk
|-supereffective|p2a: Great Tusk
|-damage|p2a: Great Tusk|3/100
|
|-heal|p2a: Great Tusk|9/100|[from] item: Leftovers
|upkeep
|turn|33
|
|t:|1757888566
|move|p2a: Great Tusk|Earthquake|p1a: Great Tusk
|-damage|p1a: Great Tusk|0 fnt
|faint|p1a: Great Tusk
|-end|p1a: Great Tusk|Protosynthesis|[silent]
|
|-heal|p2a: Great Tusk|15/100|[from] item: Leftovers
|upkeep
|
|t:|1757888574
|switch|p1a: Scizor|Scizor, M|31/100
|turn|34
|
|t:|1757888604
|move|p2a: Great Tusk|Earthquake|p1a: Scizor
|-damage|p1a: Scizor|0 fnt
|faint|p1a: Scizor
|
|-heal|p2a: Great Tusk|22/100|[from] item: Leftovers
|upkeep
|
|t:|1757888610
|switch|p1a: Iron Valiant|Iron Valiant|100/100
|-enditem|p1a: Iron Valiant|Booster Energy
|-activate|p1a: Iron Valiant|ability: Quark Drive|[fromitem]
|-start|p1a: Iron Valiant|quarkdrivespe
|turn|35
|
|t:|1757888627
|move|p1a: Iron Valiant|Moonblast|p2a: Great Tusk
|-supereffective|p2a: Great Tusk
|-damage|p2a: Great Tusk|0 fnt
|faint|p2a: Great Tusk
|-end|p2a: Great Tusk|Protosynthesis|[silent]
|
|upkeep
|
|t:|1757888630
|switch|p2a: Alomomola|Alomomola, F|47/100
|turn|36
|
|t:|1757888655
|move|p1a: Iron Valiant|Swords Dance|p1a: Iron Valiant
|-boost|p1a: Iron Valiant|atk|2
|move|p2a: Alomomola|Flip Turn|p1a: Iron Valiant
|-damage|p1a: Iron Valiant|78/100
|
|t:|1757888659
|switch|p2a: Lokix|Lokix, M, tera:Bug|100/100|[from] Flip Turn
|
|upkeep
|turn|37
|
|t:|1757888689
|move|p1a: Iron Valiant|Knock Off|p2a: Lokix
|-damage|p2a: Lokix|5/100
|-enditem|p2a: Lokix|Choice Band|[from] move: Knock Off|[of] p1a: Iron Valiant
|move|p2a: Lokix|Leech Life|p1a: Iron Valiant
|-resisted|p1a: Iron Valiant
|-damage|p1a: Iron Valiant|45/100
|-heal|p2a: Lokix|21/100|[from] drain|[of] p1a: Iron Valiant
|
|upkeep
|turn|38
|
|t:|1757888697
|switch|p2a: Alomomola|Alomomola, F|80/100
|move|p1a: Iron Valiant|Knock Off|p2a: Alomomola
|-crit|p2a: Alomomola
|-damage|p2a: Alomomola|3/100
|-enditem|p2a: Alomomola|Assault Vest|[from] move: Knock Off|[of] p1a: Iron Valiant
|
|upkeep
|turn|39
|
|t:|1757888704
|move|p2a: Alomomola|Aqua Jet|p1a: Iron Valiant
|-damage|p1a: Iron Valiant|31/100
|move|p1a: Iron Valiant|Knock Off|p2a: Alomomola
|-damage|p2a: Alomomola|0 fnt
|faint|p2a: Alomomola
|
|upkeep
|
|t:|1757888706
|switch|p2a: Lokix|Lokix, M, tera:Bug|21/100
|turn|40
|
|t:|1757888713
|move|p2a: Lokix|First Impression|p1a: Iron Valiant
|-resisted|p1a: Iron Valiant
|-damage|p1a: Iron Valiant|0 fnt
|faint|p1a: Iron Valiant
|-end|p1a: Iron Valiant|Quark Drive|[silent]
|
|upkeep
|
|t:|1757888718
|switch|p1a: Tinkaton|Tinkaton, F|100/100
|-ability|p1a: Tinkaton|Mold Breaker
|-item|p1a: Tinkaton|Air Balloon
|turn|41
|
|t:|1757888725
|move|p1a: Tinkaton|Play Rough|p2a: Lokix
|-damage|p2a: Lokix|0 fnt
|faint|p2a: Lokix
|
|win|niloswan
|raw|niloswan's rating: 1536 &rarr; <strong>1562</strong><br />(+26 for winning)
|raw|Spyro190 testing's rating: 1639 &rarr; <strong>1613</strong><br />(-26 for losing)
|c|☆niloswan|gg
