|j|☆Rectilineo
|j|☆ay cheu
|t:|1757812072
|gametype|singles
|player|p1|Rectilineo|roxie|1408
|player|p2|ay cheu|riley|1431
|gen|9
|tier|[Gen 9] OU
|rated|
|rule|HP Percentage Mod: HP is shown in percentages
|rule|Endless Battle Clause: Forcing endless battles is banned
|rule|Species Clause: Limit one of each Pokémon
|rule|OHKO Clause: OHKO moves are banned
|rule|Evasion Items Clause: Evasion items are banned
|rule|Evasion Moves Clause: Evasion moves are banned
|rule|Evasion Abilities Clause: Evasion abilities are banned
|rule|Sleep Moves Clause: Sleep-inducing moves are banned
|clearpoke
|poke|p1|Great Tusk|
|poke|p1|Heatran, M|
|poke|p1|Weavile, M|
|poke|p1|Primarina, M|
|poke|p1|Ogerpon, F|
|poke|p1|Pecharunt|
|poke|p2|Arcanine-Hisui, M|
|poke|p2|Snorlax, M|
|poke|p2|Zoroark, M|
|poke|p2|Gholdengo|
|poke|p2|Great Tusk|
|poke|p2|Walking Wake|
|teampreview
|inactive|Battle timer is ON: inactive players will automatically lose when time's up. (requested by Rectilineo)
|
|t:|1757812088
|teamsize|p1|6
|teamsize|p2|6
|start
|switch|p1a: Primarina|Primarina, M, shiny|100/100
|switch|p2a: Walking Wake|Walking Wake|100/100
|turn|1
|
|t:|1757812092
|move|p2a: Walking Wake|Flip Turn|p1a: Primarina
|-resisted|p1a: Primarina
|-damage|p1a: Primarina|91/100
|
|t:|1757812098
|-end|p2a: Walking Wake|Protosynthesis|[silent]
|switch|p2a: 阿肥|Snorlax, M|100/100|[from] Flip Turn
|move|p1a: Primarina|Moonblast|p2a: 阿肥
|-damage|p2a: 阿肥|82/100
|
|upkeep
|turn|2
|
|t:|1757812106
|move|p1a: Primarina|Whirlpool|p2a: 阿肥|[miss]
|-miss|p1a: Primarina|p2a: 阿肥
|move|p2a: 阿肥|Body Slam|p1a: Primarina
|-damage|p1a: Primarina|53/100
|-status|p1a: Primarina|par
|
|upkeep
|turn|3
|
|t:|1757812114
|switch|p1a: Great Tusk|Great Tusk|100/100
|move|p2a: 阿肥|Body Slam|p1a: Great Tusk
|-damage|p1a: Great Tusk|76/100
|
|upkeep
|turn|4
|
|t:|1757812123
|switch|p2a: Great Tusk|Great Tusk|100/100
|move|p1a: Great Tusk|Close Combat|p2a: Great Tusk
|-damage|p2a: Great Tusk|71/100
|-unboost|p1a: Great Tusk|def|1
|-unboost|p1a: Great Tusk|spd|1
|-damage|p1a: Great Tusk|60/100|[from] item: Rocky Helmet|[of] p2a: Great Tusk
|
|upkeep
|turn|5
|
|t:|1757812148
|-end|p1a: Great Tusk|Protosynthesis|[silent]
|switch|p1a: Heatran|Heatran, M|100/100
|-item|p1a: Heatran|Air Balloon
|move|p2a: Great Tusk|Stealth Rock|p1a: Heatran
|-sidestart|p1: Rectilineo|move: Stealth Rock
|
|upkeep
|turn|6
|
|t:|1757812155
|-end|p2a: Great Tusk|Protosynthesis|[silent]
|switch|p2a: Walking Wake|Walking Wake|100/100
|move|p1a: Heatran|Magma Storm|p2a: Walking Wake|[miss]
|-miss|p1a: Heatran|p2a: Walking Wake
|
|upkeep
|turn|7
|
|t:|1757812167
|move|p2a: Walking Wake|Flip Turn|p1a: Heatran
|-supereffective|p1a: Heatran
|-damage|p1a: Heatran|70/100
|-enditem|p1a: Heatran|Air Balloon
|
|t:|1757812172
|-end|p2a: Walking Wake|Protosynthesis|[silent]
|switch|p2a: 阿黄|Arcanine-Hisui, M|100/100|[from] Flip Turn
|move|p1a: Heatran|Stealth Rock|p2a: 阿黄
|-sidestart|p2: ay cheu|move: Stealth Rock
|
|upkeep
|turn|8
|
|t:|1757812177
|move|p2a: 阿黄|Head Smash|p1a: Heatran
|-damage|p1a: Heatran|0 fnt
|faint|p1a: Heatran
|
|upkeep
|
|t:|1757812187
|switch|p1a: Great Tusk|Great Tusk|60/100
|turn|9
|
|t:|1757812192
|switch|p2a: Gholdengo|Gholdengo|100/100
|-damage|p2a: Gholdengo|94/100|[from] Stealth Rock
|-item|p2a: Gholdengo|Air Balloon
|move|p1a: Great Tusk|Headlong Rush|p2a: Gholdengo
|-immune|p2a: Gholdengo
|
|upkeep
|turn|10
|
|t:|1757812206
|-end|p1a: Great Tusk|Protosynthesis|[silent]
|switch|p1a: Primarina|Primarina, M, shiny|53/100 par
|-damage|p1a: Primarina|41/100 par|[from] Stealth Rock
|move|p2a: Gholdengo|Make It Rain|p1a: Primarina
|-damage|p1a: Primarina|13/100 par
|-unboost|p2a: Gholdengo|spa|1
|
|upkeep
|turn|11
|
|t:|1757812220
|move|p2a: Gholdengo|Make It Rain|p1a: Primarina
|-damage|p1a: Primarina|0 fnt
|-unboost|p2a: Gholdengo|spa|1
|faint|p1a: Primarina
|
|upkeep
|
|t:|1757812225
|switch|p1a: Weavile|Weavile, M|100/100
|-damage|p1a: Weavile|76/100|[from] Stealth Rock
|-ability|p1a: Weavile|Pressure
|turn|12
|
|t:|1757812233
|-terastallize|p2a: Gholdengo|Flying
|move|p1a: Weavile|Knock Off|p2a: Gholdengo
|-damage|p2a: Gholdengo|43/100
|-enditem|p2a: Gholdengo|Air Balloon
|move|p2a: Gholdengo|Make It Rain|p1a: Weavile
|-supereffective|p1a: Weavile
|-damage|p1a: Weavile|0 fnt
|-unboost|p2a: Gholdengo|spa|1
|faint|p1a: Weavile
|
|upkeep
|
|t:|1757812240
|switch|p1a: Ogerpon|Ogerpon, F|100/100
|-damage|p1a: Ogerpon|88/100|[from] Stealth Rock
|turn|13
|
|t:|1757812245
|move|p1a: Ogerpon|Rock Tomb|p2a: Gholdengo
|-supereffective|p2a: Gholdengo
|-damage|p2a: Gholdengo|0 fnt
|faint|p2a: Gholdengo
|
|upkeep
|
|t:|1757812250
|switch|p2a: Walking Wake|Walking Wake|100/100
|-damage|p2a: Walking Wake|88/100|[from] Stealth Rock
|turn|14
|
|t:|1757812263
|switch|p1a: Great Tusk|Great Tusk|60/100
|move|p2a: Walking Wake|Flamethrower|p1a: Great Tusk
|-damage|p1a: Great Tusk|13/100
|
|upkeep
|turn|15
|
|t:|1757812269
|move|p2a: Walking Wake|Flamethrower|p1a: Great Tusk
|-damage|p1a: Great Tusk|0 fnt
|faint|p1a: Great Tusk
|-end|p1a: Great Tusk|Protosynthesis|[silent]
|
|upkeep
|
|t:|1757812275
|switch|p1a: Ogerpon|Ogerpon, F|88/100
|-damage|p1a: Ogerpon|76/100|[from] Stealth Rock
|turn|16
|
|t:|1757812280
|-terastallize|p1a: Ogerpon|Grass
|detailschange|p1a: Ogerpon|Ogerpon-Teal-Tera, F, tera:Grass
|-ability|p1a: Ogerpon|Embody Aspect (Teal)|boost
|-boost|p1a: Ogerpon|spe|1
|move|p1a: Ogerpon|Ivy Cudgel|p2a: Walking Wake
|-damage|p2a: Walking Wake|0 fnt
|faint|p2a: Walking Wake
|-end|p2a: Walking Wake|Protosynthesis|[silent]
|
|upkeep
|
|t:|1757812289
|switch|p2a: 阿肥|Snorlax, M|82/100
|-damage|p2a: 阿肥|69/100|[from] Stealth Rock
|turn|17
|
|t:|1757812292
|move|p1a: Ogerpon|Ivy Cudgel|p2a: 阿肥
|-damage|p2a: 阿肥|2/100
|move|p2a: 阿肥|Counter|p1a: Ogerpon
|-damage|p1a: Ogerpon|0 fnt
|faint|p1a: Ogerpon
|detailschange|p1: Ogerpon|Ogerpon, F|[silent]
|
|upkeep
|c|☆Rectilineo|:/
|-message|Rectilineo forfeited.
|
|win|ay cheu
|raw|Rectilineo's rating: 1408 &rarr; <strong>1389</strong><br />(-19 for losing)
|raw|ay cheu's rating: 1431 &rarr; <strong>1450</strong><br />(+19 for winning)
