|j|☆RicSalEz
|j|☆ay cheu
|t:|1757910201
|gametype|singles
|player|p1|RicSalEz|backers|1389
|player|p2|ay cheu|riley|1437
|gen|9
|tier|[Gen 9] OU
|rated|
|rule|HP Percentage Mod: HP is shown in percentages
|rule|Endless Battle Clause: Forcing endless battles is banned
|rule|Species Clause: Limit one of each Pokémon
|rule|OHKO Clause: OHKO moves are banned
|rule|Evasion Items Clause: Evasion items are banned
|rule|Evasion Moves Clause: Evasion moves are banned
|rule|Evasion Abilities Clause: Evasion abilities are banned
|rule|Sleep Moves Clause: Sleep-inducing moves are banned
|clearpoke
|poke|p1|Landorus-Therian, M|
|poke|p1|Pecharunt|
|poke|p1|Dondozo, M|
|poke|p1|Kyurem|
|poke|p1|Blaziken, F|
|poke|p1|Goodra-Hisui, F|
|poke|p2|Hydreigon, M|
|poke|p2|Mimikyu, M|
|poke|p2|Excadrill, M|
|poke|p2|Greninja-*, M|
|poke|p2|Vileplume, F|
|poke|p2|Iron Hands|
|teampreview
|inactive|Battle timer is ON: inactive players will automatically lose when time's up. (requested by RicSalEz)
|inactive|ay cheu also wants the timer to be on.
|
|t:|1757910212
|teamsize|p1|6
|teamsize|p2|6
|start
|switch|p1a: Landorus|Landorus-Therian, M, shiny|100/100
|switch|p2a: Hydreigon|Hydreigon, M|100/100
|-ability|p1a: Landorus|Intimidate|boost
|-unboost|p2a: Hydreigon|atk|1
|turn|1
|
|t:|1757910223
|move|p2a: Hydreigon|Draco Meteor|p1a: Landorus|[miss]
|-miss|p2a: Hydreigon|p1a: Landorus
|move|p1a: Landorus|U-turn|p2a: Hydreigon
|-supereffective|p2a: Hydreigon
|-damage|p2a: Hydreigon|46/100
|
|t:|1757910237
|switch|p1a: Goodra|Goodra-Hisui, F|100/100|[from] U-turn
|
|upkeep
|turn|2
|
|t:|1757910256
|switch|p2a: Excadrill|Excadrill, M|100/100
|-ability|p2a: Excadrill|Mold Breaker
|move|p1a: Goodra|Ice Beam|p2a: Excadrill
|-damage|p2a: Excadrill|76/100
|
|-heal|p2a: Excadrill|82/100|[from] item: Leftovers
|upkeep
|turn|3
|
|t:|1757910265
|switch|p1a: Landorus|Landorus-Therian, M, shiny|100/100
|-ability|p1a: Landorus|Intimidate|boost
|-unboost|p2a: Excadrill|atk|1
|move|p2a: Excadrill|Stealth Rock|p1a: Landorus
|-sidestart|p1: RicSalEz|move: Stealth Rock
|
|-heal|p2a: Excadrill|88/100|[from] item: Leftovers
|upkeep
|turn|4
|
|t:|1757910287
|move|p2a: Excadrill|Protect|p2a: Excadrill
|-singleturn|p2a: Excadrill|Protect
|move|p1a: Landorus|Stealth Rock|p2a: Excadrill
|-sidestart|p2: ay cheu|move: Stealth Rock
|
|-heal|p2a: Excadrill|94/100|[from] item: Leftovers
|upkeep
|turn|5
|
|t:|1757910295
|switch|p2a: Vileplume|Vileplume, F|100/100
|-damage|p2a: Vileplume|88/100|[from] Stealth Rock
|move|p1a: Landorus|Earthquake|p2a: Vileplume
|-damage|p2a: Vileplume|50/100
|
|upkeep
|turn|6
|
|t:|1757910301
|move|p1a: Landorus|U-turn|p2a: Vileplume
|-damage|p2a: Vileplume|33/100
|-damage|p1a: Landorus|84/100|[from] item: Rocky Helmet|[of] p2a: Vileplume
|
|t:|1757910304
|switch|p1a: Kyurem|Kyurem|100/100|[from] U-turn
|-ability|p1a: Kyurem|Pressure
|move|p2a: Vileplume|Strength Sap|p1a: Kyurem
|-unboost|p1a: Kyurem|atk|1
|-heal|p2a: Vileplume|100/100
|
|upkeep
|turn|7
|
|t:|1757910314
|switch|p2a: Excadrill|Excadrill, M|94/100
|-damage|p2a: Excadrill|91/100|[from] Stealth Rock
|-ability|p2a: Excadrill|Mold Breaker
|move|p1a: Kyurem|Ice Beam|p2a: Excadrill
|-damage|p2a: Excadrill|58/100
|
|-heal|p2a: Excadrill|64/100|[from] item: Leftovers
|upkeep
|turn|8
|
|t:|1757910340
|move|p1a: Kyurem|Earth Power|p2a: Excadrill
|-supereffective|p2a: Excadrill
|-damage|p2a: Excadrill|12/100
|move|p2a: Excadrill|Earthquake|p1a: Kyurem
|-damage|p1a: Kyurem|54/100
|
|-heal|p2a: Excadrill|18/100|[from] item: Leftovers
|upkeep
|turn|9
|
|t:|1757910348
|move|p2a: Excadrill|Protect|p2a: Excadrill
|-singleturn|p2a: Excadrill|Protect
|move|p1a: Kyurem|Earth Power|p2a: Excadrill
|-activate|p2a: Excadrill|move: Protect
|
|-heal|p2a: Excadrill|24/100|[from] item: Leftovers
|upkeep
|turn|10
|
|t:|1757910373
|move|p1a: Kyurem|Earth Power|p2a: Excadrill
|-supereffective|p2a: Excadrill
|-damage|p2a: Excadrill|0 fnt
|faint|p2a: Excadrill
|
|upkeep
|
|t:|1757910377
|switch|p2a: Hydreigon|Hydreigon, M|46/100
|-damage|p2a: Hydreigon|33/100|[from] Stealth Rock
|turn|11
|
|t:|1757910386
|switch|p1a: Goodra|Goodra-Hisui, F|100/100
|-damage|p1a: Goodra|94/100|[from] Stealth Rock
|move|p2a: Hydreigon|Dark Pulse|p1a: Goodra
|-damage|p1a: Goodra|66/100
|
|upkeep
|turn|12
|
|t:|1757910395
|switch|p2a: Vileplume|Vileplume, F|100/100
|-damage|p2a: Vileplume|88/100|[from] Stealth Rock
|move|p1a: Goodra|Ice Beam|p2a: Vileplume
|-supereffective|p2a: Vileplume
|-damage|p2a: Vileplume|21/100
|
|upkeep
|turn|13
|-message|ay cheu forfeited.
|
|win|RicSalEz
|raw|RicSalEz's rating: 1389 &rarr; <strong>1412</strong><br />(+23 for winning)
|raw|ay cheu's rating: 1437 &rarr; <strong>1414</strong><br />(-23 for losing)
|l|☆ay cheu
|player|p2|
|l|☆RicSalEz
|player|p1|
