|j|☆Incognito260
|j|☆Kraffty
|t:|1757840602
|gametype|singles
|player|p1|Incognito260|hilbert|1345
|player|p2|Kraffty|oak|1324
|gen|9
|tier|[Gen 9] OU
|rated|
|rule|HP Percentage Mod: HP is shown in percentages
|rule|Endless Battle Clause: Forcing endless battles is banned
|rule|Species Clause: Limit one of each Pokémon
|rule|OHKO Clause: OHKO moves are banned
|rule|Evasion Items Clause: Evasion items are banned
|rule|Evasion Moves Clause: Evasion moves are banned
|rule|Evasion Abilities Clause: Evasion abilities are banned
|rule|Sleep Moves Clause: Sleep-inducing moves are banned
|clearpoke
|poke|p1|Heatran, F|
|poke|p1|Dragapult, M|
|poke|p1|Meowscarada, F|
|poke|p1|Kingambit, M|
|poke|p1|Ogerpon-Wellspring, F|
|poke|p1|Iron Hands|
|poke|p2|Comfey, F|
|poke|p2|Cryogonal|
|poke|p2|Glimmora, M|
|poke|p2|Maushold-Four|
|poke|p2|Mew|
|poke|p2|Clefable, M|
|teampreview
|inactive|Battle timer is ON: inactive players will automatically lose when time's up. (requested by Incognito260)
|
|t:|1757840609
|teamsize|p1|6
|teamsize|p2|6
|start
|switch|p1a: Meowscarada|Meowscarada, F, shiny|100/100
|switch|p2a: Glimmora|Glimmora, M|100/100
|turn|1
|
|t:|1757840620
|move|p1a: Meowscarada|Knock Off|p2a: Glimmora
|-start|p1a: Meowscarada|typechange|Dark|[from] ability: Protean
|-damage|p2a: Glimmora|36/100
|-activate|p2a: Glimmora|ability: Toxic Debris
|-sidestart|p1: Incognito260|move: Toxic Spikes
|-enditem|p2a: Glimmora|Focus Sash|[from] move: Knock Off|[of] p1a: Meowscarada
|move|p2a: Glimmora|Stealth Rock|p1a: Meowscarada
|-sidestart|p1: Incognito260|move: Stealth Rock
|
|upkeep
|turn|2
|
|t:|1757840631
|move|p2a: Glimmora|Spiky Shield|p2a: Glimmora
|-singleturn|p2a: Glimmora|move: Protect
|move|p1a: Meowscarada|Knock Off|p2a: Glimmora
|-activate|p2a: Glimmora|move: Protect
|-damage|p1a: Meowscarada|88/100|[from] Spiky Shield|[of] p2a: Glimmora
|
|upkeep
|turn|3
|
|t:|1757840640
|move|p1a: Meowscarada|Knock Off|p2a: Glimmora
|-damage|p2a: Glimmora|0 fnt
|-activate|p2a: Glimmora|ability: Toxic Debris
|-sidestart|p1: Incognito260|move: Toxic Spikes
|faint|p2a: Glimmora
|
|upkeep
|
|t:|1757840648
|switch|p2a: Comfey|Comfey, F|100/100
|turn|4
|
|t:|1757840652
|switch|p1a: Heatran|Heatran, F|100/100
|-damage|p1a: Heatran|88/100|[from] Stealth Rock
|move|p2a: Comfey|U-turn|p1a: Heatran
|-resisted|p1a: Heatran
|-damage|p1a: Heatran|83/100
|
|t:|1757840660
|switch|p2a: Mew|Mew|100/100|[from] U-turn
|
|upkeep
|turn|5
|
|t:|1757840663
|move|p2a: Mew|Earth Power|p1a: Heatran
|-supereffective|p1a: Heatran
|-damage|p1a: Heatran|0 fnt
|faint|p1a: Heatran
|
|upkeep
|
|t:|1757840665
|switch|p1a: Meowscarada|Meowscarada, F, shiny|88/100
|-status|p1a: Meowscarada|tox
|-damage|p1a: Meowscarada|76/100 tox|[from] Stealth Rock
|turn|6
|
|t:|1757840673
|switch|p2a: Comfey|Comfey, F|100/100
|move|p1a: Meowscarada|U-turn|p2a: Comfey
|-start|p1a: Meowscarada|typechange|Bug|[from] ability: Protean
|-resisted|p2a: Comfey
|-crit|p2a: Comfey
|-damage|p2a: Comfey|41/100
|
|t:|1757840677
|switch|p1a: Ogerpon|Ogerpon-Wellspring, F|100/100|[from] U-turn
|-status|p1a: Ogerpon|tox
|-damage|p1a: Ogerpon|88/100 tox|[from] Stealth Rock
|
|-damage|p1a: Ogerpon|82/100 tox|[from] psn
|upkeep
|turn|7
|
|t:|1757840701
|move|p1a: Ogerpon|Ivy Cudgel|p2a: Comfey|[anim] Ivy Cudgel Water
|-damage|p2a: Comfey|0 fnt
|faint|p2a: Comfey
|
|-damage|p1a: Ogerpon|70/100 tox|[from] psn
|upkeep
|
|t:|1757840710
|switch|p2a: Maushold|Maushold-Four|100/100
|turn|8
|
|t:|1757840716
|move|p2a: Maushold|U-turn|p1a: Ogerpon
|-supereffective|p1a: Ogerpon
|-damage|p1a: Ogerpon|27/100 tox
|
|t:|1757840719
|switch|p2a: Mew|Mew|100/100|[from] U-turn
|move|p1a: Ogerpon|Power Whip|p2a: Mew|[miss]
|-miss|p1a: Ogerpon|p2a: Mew
|
|-damage|p1a: Ogerpon|9/100 tox|[from] psn
|upkeep
|turn|9
|
|t:|1757840732
|move|p1a: Ogerpon|Power Whip|p2a: Mew
|-damage|p2a: Mew|30/100
|move|p2a: Mew|Bug Buzz|p1a: Ogerpon
|-supereffective|p1a: Ogerpon
|-damage|p1a: Ogerpon|0 fnt
|faint|p1a: Ogerpon
|
|upkeep
|
|t:|1757840738
|switch|p1a: Meowscarada|Meowscarada, F, shiny|76/100 tox
|-damage|p1a: Meowscarada|64/100 tox|[from] Stealth Rock
|turn|10
|
|t:|1757840742
|move|p1a: Meowscarada|U-turn|p2a: Mew
|-start|p1a: Meowscarada|typechange|Bug|[from] ability: Protean
|-supereffective|p2a: Mew
|-damage|p2a: Mew|0 fnt
|faint|p2a: Mew
|
|t:|1757840748
|switch|p1a: LeBron James|Iron Hands, shiny|100/100|[from] U-turn
|-status|p1a: LeBron James|tox
|-damage|p1a: LeBron James|94/100 tox|[from] Stealth Rock
|-enditem|p1a: LeBron James|Booster Energy
|-activate|p1a: LeBron James|ability: Quark Drive|[fromitem]
|-start|p1a: LeBron James|quarkdriveatk
|
|-damage|p1a: LeBron James|88/100 tox|[from] psn
|upkeep
|
|t:|1757840757
|switch|p2a: Clefable|Clefable, M|100/100
|turn|11
|
|t:|1757840761
|move|p2a: Clefable|Moonblast|p1a: LeBron James
|-supereffective|p1a: LeBron James
|-damage|p1a: LeBron James|13/100 tox
|move|p1a: LeBron James|Supercell Slam|p2a: Clefable
|-damage|p2a: Clefable|18/100
|
|-damage|p1a: LeBron James|1/100 tox|[from] psn
|upkeep
|turn|12
|
|t:|1757840768
|move|p2a: Clefable|Moonblast|p1a: LeBron James
|-supereffective|p1a: LeBron James
|-damage|p1a: LeBron James|0 fnt
|faint|p1a: LeBron James
|-end|p1a: LeBron James|Quark Drive|[silent]
|
|upkeep
|
|t:|1757840770
|switch|p1a: Dragapult|Dragapult, M, shiny|100/100
|-status|p1a: Dragapult|tox
|-damage|p1a: Dragapult|88/100 tox|[from] Stealth Rock
|turn|13
|
|t:|1757840776
|move|p1a: Dragapult|Shadow Ball|p2a: Clefable
|-damage|p2a: Clefable|0 fnt
|faint|p2a: Clefable
|
|-damage|p1a: Dragapult|82/100 tox|[from] psn
|upkeep
|
|t:|1757840778
|switch|p2a: Cryogonal|Cryogonal|100/100
|turn|14
|
|t:|1757840783
|switch|p1a: Meowscarada|Meowscarada, F, shiny|64/100 tox
|-damage|p1a: Meowscarada|51/100 tox|[from] Stealth Rock
|move|p2a: Cryogonal|Freeze-Dry|p1a: Meowscarada
|-supereffective|p1a: Meowscarada
|-damage|p1a: Meowscarada|0 fnt
|faint|p1a: Meowscarada
|
|upkeep
|
|t:|1757840786
|switch|p1a: Dragapult|Dragapult, M, shiny|82/100 tox
|-damage|p1a: Dragapult|70/100 tox|[from] Stealth Rock
|turn|15
|
|t:|1757840790
|move|p1a: Dragapult|Fire Blast|p2a: Cryogonal
|-supereffective|p2a: Cryogonal
|-damage|p2a: Cryogonal|45/100
|move|p2a: Cryogonal|Freeze-Dry|p1a: Dragapult
|-supereffective|p1a: Dragapult
|-damage|p1a: Dragapult|0 fnt
|faint|p1a: Dragapult
|
|upkeep
|
|t:|1757840793
|switch|p1a: Kingambit|Kingambit, M|100/100
|-damage|p1a: Kingambit|94/100|[from] Stealth Rock
|-activate|p1a: Kingambit|ability: Supreme Overlord
|-start|p1a: Kingambit|fallen5|[silent]
|turn|16
|
|t:|1757840801
|move|p2a: Cryogonal|Chilling Water|p1a: Kingambit
|-damage|p1a: Kingambit|80/100
|-unboost|p1a: Kingambit|atk|1
|move|p1a: Kingambit|Swords Dance|p1a: Kingambit
|-boost|p1a: Kingambit|atk|2
|
|upkeep
|turn|17
|
|t:|1757840810
|move|p2a: Cryogonal|Chilling Water|p1a: Kingambit
|-damage|p1a: Kingambit|66/100
|-unboost|p1a: Kingambit|atk|1
|move|p1a: Kingambit|Swords Dance|p1a: Kingambit
|-boost|p1a: Kingambit|atk|2
|
|upkeep
|turn|18
|
|t:|1757840817
|-terastallize|p1a: Kingambit|Dark
|move|p2a: Cryogonal|Chilling Water|p1a: Kingambit
|-damage|p1a: Kingambit|53/100
|-unboost|p1a: Kingambit|atk|1
|move|p1a: Kingambit|Kowtow Cleave|p2a: Cryogonal
|-damage|p2a: Cryogonal|0 fnt
|faint|p2a: Cryogonal
|
|upkeep
|
|t:|1757840823
|switch|p2a: Maushold|Maushold-Four|100/100
|turn|19
|
|t:|1757840832
|move|p2a: Maushold|Thunder Wave|p1a: Kingambit
|-status|p1a: Kingambit|par
|move|p1a: Kingambit|Kowtow Cleave|p2a: Maushold
|-damage|p2a: Maushold|0 fnt
|faint|p2a: Maushold
|
|win|Incognito260
|raw|Incognito260's rating: 1345 &rarr; <strong>1364</strong><br />(+19 for winning)
|raw|Kraffty's rating: 1324 &rarr; <strong>1305</strong><br />(-19 for losing)
|l|☆Kraffty
|player|p2|
|l|☆Incognito260
|player|p1|
