|j|☆Uncrutchable
|j|☆Duckycrater
|inactive|Battle timer is ON: inactive players will automatically lose when time's up.
|t:|1757954657
|gametype|singles
|player|p1|Uncrutchable|169|
|player|p2|Duckycrater|170|
|gen|9
|tier|[Gen 9] OU
|rated|Tournament battle
|rule|HP Percentage Mod: HP is shown in percentages
|rule|Endless Battle Clause: Forcing endless battles is banned
|rule|Species Clause: Limit one of each Pokémon
|rule|OHKO Clause: OHKO moves are banned
|rule|Evasion Items Clause: Evasion items are banned
|rule|Evasion Moves Clause: Evasion moves are banned
|rule|Evasion Abilities Clause: Evasion abilities are banned
|rule|Sleep Moves Clause: Sleep-inducing moves are banned
|raw|<div class="infobox"><details class="readmore" open><summary><strong>1 custom rule:</strong></summary> +Koraidon</details></div>
|clearpoke
|poke|p1|Comfey, M|
|poke|p1|Whimsicott, M|
|poke|p1|Iron Moth|
|poke|p1|Walking Wake|
|poke|p1|Great Tusk|
|poke|p1|Koraidon|
|poke|p2|Dondozo, F|
|poke|p2|Toxapex, M|
|poke|p2|Koraidon|
|poke|p2|Ting-Lu|
|poke|p2|Weezing-Galar, M|
|poke|p2|Latios, M|
|teampreview
|j|*Lady Monita ☀
|
|t:|1757954675
|teamsize|p1|6
|teamsize|p2|6
|start
|switch|p1a: Koraidon|Koraidon|100/100
|switch|p2a: Plaga Misericordia|Weezing-Galar, M|100/100
|-ability|p2a: Plaga Misericordia|Neutralizing Gas
|turn|1
|
|t:|1757954688
|switch|p1a: Iron Moth|Iron Moth|100/100
|move|p2a: Plaga Misericordia|Sludge Bomb|p1a: Iron Moth
|-resisted|p1a: Iron Moth
|-damage|p1a: Iron Moth|86/100
|
|upkeep
|turn|2
|
|t:|1757954699
|-end|p2a: Plaga Misericordia|ability: Neutralizing Gas
|switch|p2a: Vas Peccātī|Ting-Lu|100/100
|-enditem|p1a: Iron Moth|Booster Energy
|-activate|p1a: Iron Moth|ability: Quark Drive|[fromitem]
|-start|p1a: Iron Moth|quarkdrivespa
|-ability|p2a: Vas Peccātī|Vessel of Ruin
|move|p1a: Iron Moth|Fiery Dance|p2a: Vas Peccātī
|-damage|p2a: Vas Peccātī|75/100
|-boost|p1a: Iron Moth|spa|1
|
|-heal|p2a: Vas Peccātī|82/100|[from] item: Leftovers
|upkeep
|turn|3
|
|t:|1757954710
|-terastallize|p1a: Iron Moth|Fire
|move|p1a: Iron Moth|Overheat|p2a: Vas Peccātī
|-damage|p2a: Vas Peccātī|10/100
|-unboost|p1a: Iron Moth|spa|2
|move|p2a: Vas Peccātī|Earthquake|p1a: Iron Moth
|-supereffective|p1a: Iron Moth
|-damage|p1a: Iron Moth|0 fnt
|faint|p1a: Iron Moth
|-end|p1a: Iron Moth|Quark Drive|[silent]
|
|-heal|p2a: Vas Peccātī|16/100|[from] item: Leftovers
|upkeep
|
|t:|1757954718
|switch|p1a: Koraidon|Koraidon|100/100
|-weather|SunnyDay|[from] ability: Orichalcum Pulse|[of] p1a: Koraidon
|-activate|p1a: Koraidon|Orichalcum Pulse|[source]
|turn|4
|
|t:|1757954722
|move|p1a: Koraidon|U-turn|p2a: Vas Peccātī
|-supereffective|p2a: Vas Peccātī
|-damage|p2a: Vas Peccātī|0 fnt
|faint|p2a: Vas Peccātī
|
|t:|1757954728
|switch|p1a: Walking Wake|Walking Wake|100/100|[from] U-turn
|-activate|p1a: Walking Wake|ability: Protosynthesis
|-start|p1a: Walking Wake|protosynthesisspe
|
|-weather|SunnyDay|[upkeep]
|upkeep
|
|t:|1757954731
|switch|p2a: Sacarium Venēnī|Toxapex, M|100/100
|turn|5
|
|t:|1757954740
|move|p1a: Walking Wake|Knock Off|p2a: Sacarium Venēnī
|-damage|p2a: Sacarium Venēnī|90/100
|-enditem|p2a: Sacarium Venēnī|Heavy-Duty Boots|[from] move: Knock Off|[of] p1a: Walking Wake
|move|p2a: Sacarium Venēnī|Toxic Spikes|p1a: Walking Wake
|-sidestart|p1: Uncrutchable|move: Toxic Spikes
|
|-weather|SunnyDay|[upkeep]
|upkeep
|turn|6
|
|t:|1757954744
|move|p1a: Walking Wake|Flip Turn|p2a: Sacarium Venēnī
|-resisted|p2a: Sacarium Venēnī
|-damage|p2a: Sacarium Venēnī|88/100
|
|t:|1757954747
|-end|p1a: Walking Wake|Protosynthesis|[silent]
|switch|p1a: Great Tusk|Great Tusk|100/100|[from] Flip Turn
|-status|p1a: Great Tusk|psn
|-activate|p1a: Great Tusk|ability: Protosynthesis
|-start|p1a: Great Tusk|protosynthesisspe
|move|p2a: Sacarium Venēnī|Toxic Spikes|p1a: Great Tusk
|-sidestart|p1: Uncrutchable|move: Toxic Spikes
|
|-weather|SunnyDay|[upkeep]
|-damage|p1a: Great Tusk|88/100 psn|[from] psn
|upkeep
|turn|7
|
|t:|1757954753
|switch|p2a: Dracō Itelligentia|Latios, M|100/100
|move|p1a: Great Tusk|Rapid Spin|p2a: Dracō Itelligentia
|-damage|p2a: Dracō Itelligentia|82/100
|-boost|p1a: Great Tusk|spe|1
|-sideend|p1: Uncrutchable|Toxic Spikes|[from] move: Rapid Spin|[of] p1a: Great Tusk
|
|-weather|SunnyDay|[upkeep]
|-damage|p1a: Great Tusk|76/100 psn|[from] psn
|upkeep
|turn|8
|
|t:|1757954761
|-end|p1a: Great Tusk|Protosynthesis|[silent]
|switch|p1a: Comfey|Comfey, M|100/100
|move|p2a: Dracō Itelligentia|Psychic Noise|p1a: Comfey
|-damage|p1a: Comfey|59/100
|-start|p1a: Comfey|move: Heal Block
|
|-weather|SunnyDay|[upkeep]
|upkeep
|turn|9
|
|t:|1757954773
|switch|p2a: Plaga Misericordia|Weezing-Galar, M|100/100
|-ability|p2a: Plaga Misericordia|Neutralizing Gas
|switch|p1a: Walking Wake|Walking Wake|100/100
|
|-weather|SunnyDay|[upkeep]
|upkeep
|turn|10
|
|t:|1757954781
|-end|p2a: Plaga Misericordia|ability: Neutralizing Gas
|-activate|p1a: Walking Wake|ability: Protosynthesis
|-start|p1a: Walking Wake|protosynthesisspe
|switch|p2a: Sacarium Venēnī|Toxapex, M|100/100
|move|p1a: Walking Wake|Flip Turn|p2a: Sacarium Venēnī
|-resisted|p2a: Sacarium Venēnī
|-damage|p2a: Sacarium Venēnī|98/100
|
|t:|1757954789
|-end|p1a: Walking Wake|Protosynthesis|[silent]
|switch|p1a: Whimsicott|Whimsicott, M|100/100|[from] Flip Turn
|
|-weather|SunnyDay|[upkeep]
|upkeep
|turn|11
|
|t:|1757954793
|move|p1a: Whimsicott|Growth|p1a: Whimsicott
|-boost|p1a: Whimsicott|atk|2
|-boost|p1a: Whimsicott|spa|2
|move|p2a: Sacarium Venēnī|Toxic|p1a: Whimsicott
|-status|p1a: Whimsicott|tox
|
|-weather|none
|-damage|p1a: Whimsicott|94/100 tox|[from] psn
|upkeep
|turn|12
|
|t:|1757954798
|move|p1a: Whimsicott|Giga Drain|p2a: Sacarium Venēnī
|-damage|p2a: Sacarium Venēnī|36/100
|-heal|p1a: Whimsicott|100/100 tox|[from] drain|[of] p2a: Sacarium Venēnī
|-damage|p1a: Whimsicott|91/100 tox|[from] item: Life Orb
|move|p2a: Sacarium Venēnī|Haze|p2a: Sacarium Venēnī
|-clearallboost
|
|-damage|p1a: Whimsicott|78/100 tox|[from] psn
|upkeep
|turn|13
|
|t:|1757954803
|move|p1a: Whimsicott|Growth|p1a: Whimsicott
|-boost|p1a: Whimsicott|atk|1
|-boost|p1a: Whimsicott|spa|1
|move|p2a: Sacarium Venēnī|Recover|p2a: Sacarium Venēnī
|-heal|p2a: Sacarium Venēnī|87/100
|
|-damage|p1a: Whimsicott|60/100 tox|[from] psn
|upkeep
|turn|14
|
|t:|1757954807
|move|p1a: Whimsicott|Giga Drain|p2a: Sacarium Venēnī
|-damage|p2a: Sacarium Venēnī|34/100
|-heal|p1a: Whimsicott|86/100 tox|[from] drain|[of] p2a: Sacarium Venēnī
|-damage|p1a: Whimsicott|76/100 tox|[from] item: Life Orb
|move|p2a: Sacarium Venēnī|Haze|p2a: Sacarium Venēnī
|-clearallboost
|
|-damage|p1a: Whimsicott|51/100 tox|[from] psn
|upkeep
|turn|15
|
|t:|1757954810
|move|p1a: Whimsicott|Giga Drain|p2a: Sacarium Venēnī
|-damage|p2a: Sacarium Venēnī|1/100
|-heal|p1a: Whimsicott|67/100 tox|[from] drain|[of] p2a: Sacarium Venēnī
|-damage|p1a: Whimsicott|58/100 tox|[from] item: Life Orb
|move|p2a: Sacarium Venēnī|Recover|p2a: Sacarium Venēnī
|-heal|p2a: Sacarium Venēnī|52/100
|
|-damage|p1a: Whimsicott|26/100 tox|[from] psn
|upkeep
|turn|16
|
|t:|1757954813
|move|p1a: Whimsicott|Giga Drain|p2a: Sacarium Venēnī
|-damage|p2a: Sacarium Venēnī|16/100
|-heal|p1a: Whimsicott|44/100 tox|[from] drain|[of] p2a: Sacarium Venēnī
|-damage|p1a: Whimsicott|34/100 tox|[from] item: Life Orb
|move|p2a: Sacarium Venēnī|Recover|p2a: Sacarium Venēnī
|-heal|p2a: Sacarium Venēnī|67/100
|
|-damage|p1a: Whimsicott|0 fnt|[from] psn
|faint|p1a: Whimsicott
|upkeep
|
|t:|1757954819
|switch|p1a: Koraidon|Koraidon|100/100
|-weather|SunnyDay|[from] ability: Orichalcum Pulse|[of] p1a: Koraidon
|-activate|p1a: Koraidon|Orichalcum Pulse|[source]
|turn|17
|
|t:|1757954824
|move|p1a: Koraidon|Dragon Claw|p2a: Sacarium Venēnī
|-crit|p2a: Sacarium Venēnī
|-damage|p2a: Sacarium Venēnī|11/100
|move|p2a: Sacarium Venēnī|Toxic|p1a: Koraidon
|-status|p1a: Koraidon|tox
|
|-weather|SunnyDay|[upkeep]
|-damage|p1a: Koraidon|94/100 tox|[from] psn
|upkeep
|turn|18
|
|t:|1757954827
|switch|p2a: Plaga Misericordia|Weezing-Galar, M|100/100
|-ability|p2a: Plaga Misericordia|Neutralizing Gas
|move|p1a: Koraidon|U-turn|p2a: Plaga Misericordia
|-resisted|p2a: Plaga Misericordia
|-damage|p2a: Plaga Misericordia|97/100
|
|t:|1757954832
|switch|p1a: Walking Wake|Walking Wake|100/100|[from] U-turn
|
|-weather|SunnyDay|[upkeep]
|upkeep
|turn|19
|
|t:|1757954840
|move|p1a: Walking Wake|Hydro Steam|p2a: Plaga Misericordia
|-damage|p2a: Plaga Misericordia|24/100
|move|p2a: Plaga Misericordia|Sludge Bomb|p1a: Walking Wake
|-damage|p1a: Walking Wake|83/100
|
|-weather|SunnyDay|[upkeep]
|upkeep
|turn|20
|
|t:|1757954849
|move|p1a: Walking Wake|Hydro Steam|p2a: Plaga Misericordia
|-damage|p2a: Plaga Misericordia|0 fnt
|faint|p2a: Plaga Misericordia
|-end|p2a: Plaga Misericordia|ability: Neutralizing Gas
|-activate|p1a: Walking Wake|ability: Protosynthesis
|-start|p1a: Walking Wake|protosynthesisspe
|
|-weather|SunnyDay|[upkeep]
|upkeep
|
|t:|1757954855
|switch|p2a: Canis Bellium|Koraidon|100/100
|-activate|p2a: Canis Bellium|ability: Orichalcum Pulse
|turn|21
|
|t:|1757954861
|move|p2a: Canis Bellium|U-turn|p1a: Walking Wake
|-damage|p1a: Walking Wake|50/100
|
|t:|1757954864
|switch|p2a: Sacarium Venēnī|Toxapex, M|44/100|[from] U-turn
|move|p1a: Walking Wake|Draco Meteor|p2a: Sacarium Venēnī
|-damage|p2a: Sacarium Venēnī|0 fnt
|-unboost|p1a: Walking Wake|spa|2
|faint|p2a: Sacarium Venēnī
|
|-weather|SunnyDay|[upkeep]
|upkeep
|
|t:|1757954869
|switch|p2a: Dracō Itelligentia|Latios, M|82/100
|turn|22
|
|t:|1757954877
|move|p1a: Walking Wake|Draco Meteor|p2a: Dracō Itelligentia
|-supereffective|p2a: Dracō Itelligentia
|-damage|p2a: Dracō Itelligentia|16/100
|-unboost|p1a: Walking Wake|spa|2
|move|p2a: Dracō Itelligentia|Psychic Noise|p1a: Walking Wake
|-damage|p1a: Walking Wake|22/100
|-start|p1a: Walking Wake|move: Heal Block
|
|-weather|SunnyDay|[upkeep]
|upkeep
|turn|23
|
|t:|1757954881
|move|p1a: Walking Wake|Knock Off|p2a: Dracō Itelligentia
|-supereffective|p2a: Dracō Itelligentia
|-damage|p2a: Dracō Itelligentia|0 fnt
|-enditem|p2a: Dracō Itelligentia|Covert Cloak|[from] move: Knock Off|[of] p1a: Walking Wake
|faint|p2a: Dracō Itelligentia
|
|-weather|SunnyDay|[upkeep]
|-end|p1a: Walking Wake|move: Heal Block
|upkeep
|
|t:|1757954884
|switch|p2a: Canis Bellium|Koraidon|100/100
|-activate|p2a: Canis Bellium|ability: Orichalcum Pulse
|turn|24
|
|t:|1757954902
|-end|p1a: Walking Wake|Protosynthesis|[silent]
|switch|p1a: Great Tusk|Great Tusk|76/100 psn
|-activate|p1a: Great Tusk|ability: Protosynthesis
|-start|p1a: Great Tusk|protosynthesisspe
|move|p2a: Canis Bellium|U-turn|p1a: Great Tusk
|-resisted|p1a: Great Tusk
|-damage|p1a: Great Tusk|64/100 psn
|-damage|p2a: Canis Bellium|84/100|[from] item: Rocky Helmet|[of] p1a: Great Tusk
|
|t:|1757954903
|switch|p2a: Pisces Fīnis|Dondozo, F|100/100|[from] U-turn
|
|-weather|none
|-end|p1a: Great Tusk|Protosynthesis
|-damage|p1a: Great Tusk|52/100 psn|[from] psn
|upkeep
|turn|25
|
|t:|1757954907
|-end|p1a: Great Tusk|Protosynthesis|[silent]
|switch|p1a: Koraidon|Koraidon|94/100 tox
|-weather|SunnyDay|[from] ability: Orichalcum Pulse|[of] p1a: Koraidon
|-activate|p1a: Koraidon|Orichalcum Pulse|[source]
|move|p2a: Pisces Fīnis|Curse|p2a: Pisces Fīnis
|-unboost|p2a: Pisces Fīnis|spe|1
|-boost|p2a: Pisces Fīnis|atk|1
|-boost|p2a: Pisces Fīnis|def|1
|
|-weather|SunnyDay|[upkeep]
|-damage|p1a: Koraidon|88/100 tox|[from] psn
|upkeep
|turn|26
|
|t:|1757954914
|move|p1a: Koraidon|Close Combat|p2a: Pisces Fīnis
|-damage|p2a: Pisces Fīnis|65/100
|-unboost|p1a: Koraidon|def|1
|-unboost|p1a: Koraidon|spd|1
|move|p2a: Pisces Fīnis|Crunch|p1a: Koraidon
|-resisted|p1a: Koraidon
|-damage|p1a: Koraidon|76/100 tox
|
|-weather|SunnyDay|[upkeep]
|-heal|p2a: Pisces Fīnis|71/100|[from] item: Leftovers
|-damage|p1a: Koraidon|64/100 tox|[from] psn
|upkeep
|turn|27
|
|t:|1757954918
|move|p1a: Koraidon|U-turn|p2a: Pisces Fīnis
|-damage|p2a: Pisces Fīnis|58/100
|
|t:|1757954921
|switch|p1a: Comfey|Comfey, M|59/100|[from] U-turn
|move|p2a: Pisces Fīnis|Rest|p2a: Pisces Fīnis
|-status|p2a: Pisces Fīnis|slp|[from] move: Rest
|-heal|p2a: Pisces Fīnis|100/100 slp|[silent]
|
|-weather|SunnyDay|[upkeep]
|upkeep
|turn|28
|
|t:|1757954924
|switch|p2a: Canis Bellium|Koraidon|84/100
|-activate|p2a: Canis Bellium|ability: Orichalcum Pulse
|move|p1a: Comfey|Draining Kiss|p2a: Canis Bellium
|-supereffective|p2a: Canis Bellium
|-damage|p2a: Canis Bellium|0 fnt
|-heal|p1a: Comfey|100/100|[from] drain|[of] p2a: Canis Bellium
|faint|p2a: Canis Bellium
|-damage|p1a: Comfey|91/100|[from] item: Life Orb
|
|-weather|SunnyDay|[upkeep]
|upkeep
|
|t:|1757954926
|switch|p2a: Pisces Fīnis|Dondozo, F|100/100 slp
|turn|29
|
|t:|1757954932
|move|p1a: Comfey|Growth|p1a: Comfey
|-boost|p1a: Comfey|atk|2
|-boost|p1a: Comfey|spa|2
|cant|p2a: Pisces Fīnis|slp
|move|p2a: Pisces Fīnis|Sleep Talk|p2a: Pisces Fīnis
|move|p2a: Pisces Fīnis|Rest||[from] move: Sleep Talk|[still]
|-fail|p2a: Pisces Fīnis
|
|-weather|SunnyDay|[upkeep]
|upkeep
|turn|30
|
|t:|1757954935
|switch|p1a: Great Tusk|Great Tusk|52/100 psn
|-activate|p1a: Great Tusk|ability: Protosynthesis
|-start|p1a: Great Tusk|protosynthesisspe
|cant|p2a: Pisces Fīnis|slp
|move|p2a: Pisces Fīnis|Sleep Talk|p2a: Pisces Fīnis
|move|p2a: Pisces Fīnis|Curse|p2a: Pisces Fīnis|[from] move: Sleep Talk
|-unboost|p2a: Pisces Fīnis|spe|1
|-boost|p2a: Pisces Fīnis|atk|1
|-boost|p2a: Pisces Fīnis|def|1
|
|-weather|SunnyDay|[upkeep]
|-damage|p1a: Great Tusk|39/100 psn|[from] psn
|upkeep
|turn|31
|
|t:|1757954940
|-end|p1a: Great Tusk|Protosynthesis|[silent]
|switch|p1a: Comfey|Comfey, M|91/100
|-curestatus|p2a: Pisces Fīnis|slp|[msg]
|move|p2a: Pisces Fīnis|Curse|p2a: Pisces Fīnis
|-unboost|p2a: Pisces Fīnis|spe|1
|-boost|p2a: Pisces Fīnis|atk|1
|-boost|p2a: Pisces Fīnis|def|1
|
|-weather|SunnyDay|[upkeep]
|upkeep
|turn|32
|
|t:|1757954944
|move|p1a: Comfey|Draining Kiss|p2a: Pisces Fīnis
|-damage|p2a: Pisces Fīnis|84/100
|-heal|p1a: Comfey|100/100|[from] drain|[of] p2a: Pisces Fīnis
|-damage|p1a: Comfey|91/100|[from] item: Life Orb
|move|p2a: Pisces Fīnis|Curse|p2a: Pisces Fīnis
|-unboost|p2a: Pisces Fīnis|spe|1
|-boost|p2a: Pisces Fīnis|atk|1
|-boost|p2a: Pisces Fīnis|def|1
|
|-weather|none
|-heal|p2a: Pisces Fīnis|90/100|[from] item: Leftovers
|upkeep
|turn|33
|
|t:|1757954947
|move|p1a: Comfey|Growth|p1a: Comfey
|-boost|p1a: Comfey|atk|1
|-boost|p1a: Comfey|spa|1
|move|p2a: Pisces Fīnis|Curse|p2a: Pisces Fīnis
|-unboost|p2a: Pisces Fīnis|spe|1
|-boost|p2a: Pisces Fīnis|atk|1
|-boost|p2a: Pisces Fīnis|def|1
|
|-heal|p2a: Pisces Fīnis|96/100|[from] item: Leftovers
|upkeep
|turn|34
|
|t:|1757954950
|move|p1a: Comfey|Stored Power|p2a: Pisces Fīnis
|-damage|p2a: Pisces Fīnis|83/100
|-damage|p1a: Comfey|81/100|[from] item: Life Orb
|move|p2a: Pisces Fīnis|Crunch|p1a: Comfey
|-resisted|p1a: Comfey
|-damage|p1a: Comfey|48/100
|
|-heal|p2a: Pisces Fīnis|90/100|[from] item: Leftovers
|upkeep
|turn|35
|
|t:|1757954958
|move|p1a: Comfey|Stored Power|p2a: Pisces Fīnis
|-damage|p2a: Pisces Fīnis|74/100
|-damage|p1a: Comfey|38/100|[from] item: Life Orb
|move|p2a: Pisces Fīnis|Crunch|p1a: Comfey
|-resisted|p1a: Comfey
|-damage|p1a: Comfey|4/100
|-unboost|p1a: Comfey|def|1
|
|-heal|p2a: Pisces Fīnis|80/100|[from] item: Leftovers
|upkeep
|turn|36
|
|t:|1757954960
|move|p1a: Comfey|Draining Kiss|p2a: Pisces Fīnis
|-damage|p2a: Pisces Fīnis|65/100
|-heal|p1a: Comfey|24/100|[from] drain|[of] p2a: Pisces Fīnis
|-damage|p1a: Comfey|14/100|[from] item: Life Orb
|move|p2a: Pisces Fīnis|Crunch|p1a: Comfey
|-resisted|p1a: Comfey
|-damage|p1a: Comfey|0 fnt
|faint|p1a: Comfey
|
|-heal|p2a: Pisces Fīnis|71/100|[from] item: Leftovers
|upkeep
|
|t:|1757954966
|switch|p1a: Walking Wake|Walking Wake|22/100
|turn|37
|
|t:|1757954969
|move|p1a: Walking Wake|Draco Meteor|p2a: Pisces Fīnis
|-damage|p2a: Pisces Fīnis|33/100
|-unboost|p1a: Walking Wake|spa|2
|move|p2a: Pisces Fīnis|Crunch|p1a: Walking Wake
|-damage|p1a: Walking Wake|0 fnt
|faint|p1a: Walking Wake
|-end|p1a: Walking Wake|Protosynthesis|[silent]
|
|-heal|p2a: Pisces Fīnis|39/100|[from] item: Leftovers
|upkeep
|
|t:|1757954979
|switch|p1a: Koraidon|Koraidon|64/100 tox
|-weather|SunnyDay|[from] ability: Orichalcum Pulse|[of] p1a: Koraidon
|-activate|p1a: Koraidon|Orichalcum Pulse|[source]
|turn|38
|
|t:|1757954993
|move|p1a: Koraidon|Flare Blitz|p2a: Pisces Fīnis
|-resisted|p2a: Pisces Fīnis
|-damage|p2a: Pisces Fīnis|31/100
|-damage|p1a: Koraidon|60/100 tox|[from] Recoil
|move|p2a: Pisces Fīnis|Rest|p2a: Pisces Fīnis
|-status|p2a: Pisces Fīnis|slp|[from] move: Rest
|-heal|p2a: Pisces Fīnis|100/100 slp|[silent]
|
|-weather|SunnyDay|[upkeep]
|-damage|p1a: Koraidon|54/100 tox|[from] psn
|upkeep
|turn|39
|
|t:|1757954997
|move|p1a: Koraidon|U-turn|p2a: Pisces Fīnis
|-damage|p2a: Pisces Fīnis|94/100 slp
|
|t:|1757954998
|switch|p1a: Great Tusk|Great Tusk|39/100 psn|[from] U-turn
|-activate|p1a: Great Tusk|ability: Protosynthesis
|-start|p1a: Great Tusk|protosynthesisspe
|cant|p2a: Pisces Fīnis|slp
|move|p2a: Pisces Fīnis|Sleep Talk|p2a: Pisces Fīnis
|move|p2a: Pisces Fīnis|Curse|p2a: Pisces Fīnis|[from] move: Sleep Talk
|-unboost|p2a: Pisces Fīnis|spe|1
|-boost|p2a: Pisces Fīnis|atk|1
|-boost|p2a: Pisces Fīnis|def|1
|
|-weather|SunnyDay|[upkeep]
|-heal|p2a: Pisces Fīnis|99/100 slp|[from] item: Leftovers
|-damage|p1a: Great Tusk|27/100 psn|[from] psn
|upkeep
|turn|40
|-message|Uncrutchable forfeited.
|
|win|Duckycrater
|n|☆Uncrutchable|uncrutchable
|n|☆Duckycrater|duckycrater
|n|*Lady Monita ☀|ladymonita
|l|*Lady Monita ☀
|l|☆Uncrutchable
|player|p1|
|j| volcaronaisboss
|l| volcaronaisboss
