|j|☆iamclouds
|j|☆AlexDragneel21
|t:|1757915322
|gametype|singles
|player|p1|iamclouds|pokemaniac|1152
|player|p2|AlexDragneel21|102|1212
|gen|9
|tier|[Gen 9] OU
|rated|
|rule|HP Percentage Mod: HP is shown in percentages
|rule|Endless Battle Clause: Forcing endless battles is banned
|rule|Species Clause: Limit one of each Pokémon
|rule|OHKO Clause: OHKO moves are banned
|rule|Evasion Items Clause: Evasion items are banned
|rule|Evasion Moves Clause: Evasion moves are banned
|rule|Evasion Abilities Clause: Evasion abilities are banned
|rule|Sleep Moves Clause: Sleep-inducing moves are banned
|clearpoke
|poke|p1|Hatterene, F|
|poke|p1|Diancie|
|poke|p1|Kingambit, M|
|poke|p1|Raging Bolt|
|poke|p1|Armarouge, F|
|poke|p1|Sinistcha|
|poke|p2|Espeon, F|
|poke|p2|Electivire, M|
|poke|p2|Greninja-*, M|
|poke|p2|Charizard, M|
|poke|p2|Serperior, F|
|poke|p2|Gengar, M|
|teampreview
|inactive|Battle timer is ON: inactive players will automatically lose when time's up. (requested by AlexDragneel21)
|
|t:|1757915337
|teamsize|p1|6
|teamsize|p2|6
|start
|switch|p1a: slow down|Hatterene, F|100/100
|switch|p2a: Greninja|Greninja, M|100/100
|turn|1
|c|☆AlexDragneel21|!weak hatterene
|c| AlexDragneel21|/raw <div class="infobox">Hatterene (ignoring abilities):<br /><span class="message-effect-weak">Weaknesses</span>: Ghost, Poison, Steel<br /><span class="message-effect-resist">Resistances</span>: <b>Fighting</b>, Psychic<br /><span class="message-effect-immune">Immunities</span>: Dragon</div>
|
|t:|1757915364
|-terastallize|p2a: Greninja|Poison
|move|p2a: Greninja|Sludge Wave|p1a: slow down
|-supereffective|p1a: slow down
|-damage|p1a: slow down|19/100
|move|p1a: slow down|Trick Room|p1a: slow down
|-fieldstart|move: Trick Room|[of] p1a: slow down
|
|upkeep
|turn|2
|c|☆iamclouds|bro lmao did you just look up weaknesses
|
|t:|1757915383
|move|p2a: Greninja|Water Shuriken|p1a: slow down
|-damage|p1a: slow down|12/100
|-damage|p1a: slow down|6/100
|-damage|p1a: slow down|0 fnt
|faint|p1a: slow down
|-ability|p2a: Greninja|Battle Bond|boost
|-boost|p2a: Greninja|atk|1
|-boost|p2a: Greninja|spa|1
|-boost|p2a: Greninja|spe|1
|-activate|p2a: Greninja|ability: Battle Bond
|-hitcount|p1: slow down|3
|
|upkeep
|
|t:|1757915395
|switch|p1a: fire pew pew|Armarouge, F|100/100
|turn|3
|
|t:|1757915400
|move|p2a: Greninja|Water Shuriken|p1a: fire pew pew
|-supereffective|p1a: fire pew pew
|-damage|p1a: fire pew pew|78/100
|-supereffective|p1a: fire pew pew
|-damage|p1a: fire pew pew|57/100
|-supereffective|p1a: fire pew pew
|-damage|p1a: fire pew pew|35/100
|-supereffective|p1a: fire pew pew
|-damage|p1a: fire pew pew|11/100
|-hitcount|p1a: fire pew pew|4
|move|p1a: fire pew pew|Expanding Force|p2a: Greninja
|-supereffective|p2a: Greninja
|-damage|p2a: Greninja|0 fnt
|faint|p2a: Greninja
|-damage|p1a: fire pew pew|1/100|[from] item: Life Orb
|
|upkeep
|inactive|AlexDragneel21 has 120 seconds left.
|
|t:|1757915452
|switch|p2a: Electivire|Electivire, M|100/100
|turn|4
|
|t:|1757915458
|switch|p1a: trixie mattel|Diancie|100/100
|-item|p1a: trixie mattel|Air Balloon
|move|p2a: Electivire|Volt Switch|p1a: trixie mattel
|-crit|p1a: trixie mattel
|-damage|p1a: trixie mattel|74/100
|-enditem|p1a: trixie mattel|Air Balloon
|
|t:|1757915468
|switch|p2a: Espeon|Espeon, F|100/100|[from] Volt Switch
|
|upkeep
|turn|5
|
|t:|1757915478
|move|p1a: trixie mattel|Diamond Storm|p2a: Espeon
|-damage|p2a: Espeon|40/100
|-boost|p1a: trixie mattel|def|2
|move|p2a: Espeon|Confuse Ray|p1a: trixie mattel
|-start|p1a: trixie mattel|confusion
|
|-fieldend|move: Trick Room
|upkeep
|turn|6
|
|t:|1757915487
|move|p2a: Espeon|Thunder Wave|p1a: trixie mattel
|-status|p1a: trixie mattel|par
|-activate|p1a: trixie mattel|confusion
|-damage|p1a: trixie mattel|71/100 par|[from] confusion
|
|upkeep
|turn|7
|inactive|AlexDragneel21 has 120 seconds left.
|
|t:|1757915494
|move|p2a: Espeon|Psychic|p1a: trixie mattel
|-crit|p1a: trixie mattel
|-damage|p1a: trixie mattel|12/100 par
|-activate|p1a: trixie mattel|confusion
|move|p1a: trixie mattel|Trick Room|p1a: trixie mattel
|-fieldstart|move: Trick Room|[of] p1a: trixie mattel
|
|upkeep
|turn|8
|
|t:|1757915500
|-activate|p1a: trixie mattel|confusion
|-damage|p1a: trixie mattel|8/100 par|[from] confusion
|move|p2a: Espeon|Psychic|p1a: trixie mattel
|-damage|p1a: trixie mattel|0 fnt
|faint|p1a: trixie mattel
|
|upkeep
|
|t:|1757915509
|switch|p1a: tea time|Sinistcha|100/100
|turn|9
|
|t:|1757915519
|move|p1a: tea time|Shadow Ball|p2a: Espeon
|-supereffective|p2a: Espeon
|-damage|p2a: Espeon|0 fnt
|faint|p2a: Espeon
|
|upkeep
|
|t:|1757915527
|switch|p2a: Gengar|Gengar, M|100/100
|turn|10
|
|t:|1757915533
|-terastallize|p1a: tea time|Water
|move|p1a: tea time|Shadow Ball|p2a: Gengar
|-supereffective|p2a: Gengar
|-enditem|p2a: Gengar|Focus Sash
|-damage|p2a: Gengar|1/100
|-start|p1a: tea time|Disable|Shadow Ball|[from] ability: Cursed Body|[of] p2a: Gengar
|move|p2a: Gengar|Shadow Ball|p1a: tea time
|-damage|p1a: tea time|48/100
|
|-heal|p1a: tea time|55/100|[from] item: Leftovers
|upkeep
|turn|11
|
|t:|1757915547
|move|p1a: tea time|Matcha Gotcha|p2a: Gengar
|-resisted|p2a: Gengar
|-damage|p2a: Gengar|0 fnt
|-heal|p1a: tea time|55/100|[from] drain|[of] p2a: Gengar
|faint|p2a: Gengar
|
|-heal|p1a: tea time|61/100|[from] item: Leftovers
|-fieldend|move: Trick Room
|upkeep
|
|t:|1757915557
|switch|p2a: Electivire|Electivire, M|100/100
|turn|12
|
|t:|1757915569
|move|p2a: Electivire|Volt Switch|p1a: tea time
|-supereffective|p1a: tea time
|-damage|p1a: tea time|0 fnt
|faint|p1a: tea time
|
|t:|1757915574
|switch|p2a: Serperior|Serperior, F|100/100|[from] Volt Switch
|
|upkeep
|
|t:|1757915578
|switch|p1a: BOOM BOOM|Raging Bolt|100/100
|-enditem|p1a: BOOM BOOM|Booster Energy
|-activate|p1a: BOOM BOOM|ability: Protosynthesis|[fromitem]
|-start|p1a: BOOM BOOM|protosynthesisspa
|turn|13
|
|t:|1757915586
|move|p2a: Serperior|Twister|p1a: BOOM BOOM
|-supereffective|p1a: BOOM BOOM
|-damage|p1a: BOOM BOOM|84/100
|cant|p1a: BOOM BOOM|flinch
|
|upkeep
|turn|14
|
|t:|1757915594
|move|p2a: Serperior|Leaf Storm|p1a: BOOM BOOM
|-resisted|p1a: BOOM BOOM
|-damage|p1a: BOOM BOOM|65/100
|-boost|p2a: Serperior|spa|2
|move|p1a: BOOM BOOM|Volt Switch|p2a: Serperior
|-resisted|p2a: Serperior
|-damage|p2a: Serperior|70/100
|
|t:|1757915600
|-end|p1a: BOOM BOOM|Protosynthesis|[silent]
|switch|p1a: fire pew pew|Armarouge, F|1/100|[from] Volt Switch
|
|upkeep
|turn|15
|
|t:|1757915606
|move|p2a: Serperior|Twister|p1a: fire pew pew
|-damage|p1a: fire pew pew|0 fnt
|faint|p1a: fire pew pew
|
|upkeep
|
|t:|1757915613
|switch|p1a: BOOM BOOM|Raging Bolt|65/100
|turn|16
|
|t:|1757915630
|move|p2a: Serperior|Twister|p1a: BOOM BOOM
|-supereffective|p1a: BOOM BOOM
|-damage|p1a: BOOM BOOM|34/100
|move|p1a: BOOM BOOM|Thunderbolt|p2a: Serperior
|-resisted|p2a: Serperior
|-damage|p2a: Serperior|39/100
|
|upkeep
|turn|17
|
|t:|1757915637
|move|p2a: Serperior|Twister|p1a: BOOM BOOM
|-supereffective|p1a: BOOM BOOM
|-damage|p1a: BOOM BOOM|3/100
|move|p1a: BOOM BOOM|Draco Meteor|p2a: Serperior
|-damage|p2a: Serperior|0 fnt
|-unboost|p1a: BOOM BOOM|spa|2
|faint|p2a: Serperior
|
|upkeep
|
|t:|1757915647
|switch|p2a: Electivire|Electivire, M|100/100
|turn|18
|
|t:|1757915660
|move|p2a: Electivire|Earthquake|p1a: BOOM BOOM
|-supereffective|p1a: BOOM BOOM
|-damage|p1a: BOOM BOOM|0 fnt
|faint|p1a: BOOM BOOM
|-end|p1a: BOOM BOOM|Protosynthesis|[silent]
|
|upkeep
|
|t:|1757915665
|switch|p1a: bye bye :3|Kingambit, M|100/100
|-activate|p1a: bye bye :3|ability: Supreme Overlord
|-start|p1a: bye bye :3|fallen5|[silent]
|turn|19
|
|t:|1757915672
|move|p2a: Electivire|Earthquake|p1a: bye bye :3
|-supereffective|p1a: bye bye :3
|-damage|p1a: bye bye :3|35/100
|move|p1a: bye bye :3|Kowtow Cleave|p2a: Electivire
|-damage|p2a: Electivire|0 fnt
|faint|p2a: Electivire
|
|upkeep
|
|t:|1757915681
|switch|p2a: Charizard|Charizard, M|100/100
|turn|20
|
|t:|1757915684
|move|p1a: bye bye :3|Sucker Punch|p2a: Charizard
|-damage|p2a: Charizard|4/100
|-enditem|p2a: Charizard|Salac Berry|[eat]
|-boost|p2a: Charizard|spe|1|[from] item: Salac Berry
|move|p2a: Charizard|Flame Charge|p1a: bye bye :3
|-supereffective|p1a: bye bye :3
|-damage|p1a: bye bye :3|0 fnt
|-boost|p2a: Charizard|spe|1
|faint|p1a: bye bye :3
|-end|p1a: bye bye :3|fallen5|[silent]
|
|win|AlexDragneel21
|raw|iamclouds's rating: 1152 &rarr; <strong>1131</strong><br />(-21 for losing)
|raw|AlexDragneel21's rating: 1212 &rarr; <strong>1233</strong><br />(+21 for winning)
|l|☆iamclouds
|player|p1|
|l|☆AlexDragneel21
|player|p2|
