|j|☆567crazy
|j|☆TAT_Yangyu
|t:|1757917613
|gametype|singles
|player|p1|567crazy|101|1085
|player|p2|TAT_Yangyu|grimsley-gen7|1098
|gen|9
|tier|[Gen 9] OU
|rated|
|rule|HP Percentage Mod: HP is shown in percentages
|rule|Endless Battle Clause: Forcing endless battles is banned
|rule|Species Clause: Limit one of each Pokémon
|rule|OHKO Clause: OHKO moves are banned
|rule|Evasion Items Clause: Evasion items are banned
|rule|Evasion Moves Clause: Evasion moves are banned
|rule|Evasion Abilities Clause: Evasion abilities are banned
|rule|Sleep Moves Clause: Sleep-inducing moves are banned
|clearpoke
|poke|p1|Zoroark-Hisui, M|
|poke|p1|Blissey, F|
|poke|p1|Pineco, L1, M|
|poke|p1|Kingambit, F|
|poke|p1|Toxapex, F|
|poke|p1|Excadrill, F|
|poke|p2|Samurott-Hisui, M|
|poke|p2|Kingambit, M|
|poke|p2|Mimikyu, M|
|poke|p2|Dragapult, F|
|poke|p2|Gliscor, M|
|poke|p2|Incineroar, M|
|teampreview
|
|t:|1757917626
|teamsize|p1|6
|teamsize|p2|6
|start
|switch|p1a: Toxapex|Toxapex, F|100/100
|switch|p2a: Mimikyu|Mimikyu, M|100/100
|turn|1
|
|t:|1757917633
|move|p2a: Mimikyu|Curse|p1a: Toxapex
|-start|p1a: Toxapex|Curse|[of] p2a: Mimikyu
|-damage|p2a: Mimikyu|50/100
|move|p1a: Toxapex|Toxic Spikes|p2a: Mimikyu
|-sidestart|p2: TAT_Yangyu|move: Toxic Spikes
|
|-heal|p2a: Mimikyu|57/100|[from] item: Leftovers
|-damage|p1a: Toxapex|76/100|[from] Curse
|upkeep
|turn|2
|
|t:|1757917642
|move|p2a: Mimikyu|Substitute|p2a: Mimikyu
|-start|p2a: Mimikyu|Substitute
|-damage|p2a: Mimikyu|32/100
|move|p1a: Toxapex|Toxic Spikes|p2a: Mimikyu
|-sidestart|p2: TAT_Yangyu|move: Toxic Spikes
|
|-heal|p2a: Mimikyu|38/100|[from] item: Leftovers
|-damage|p1a: Toxapex|51/100|[from] Curse
|upkeep
|turn|3
|
|t:|1757917650
|move|p2a: Mimikyu|Pain Split|p1a: Toxapex
|-sethp|p1a: Toxapex|45/100|[from] move: Pain Split|[silent]
|-sethp|p2a: Mimikyu|43/100|[from] move: Pain Split
|move|p1a: Toxapex|Sludge Bomb|p2a: Mimikyu
|-activate|p2a: Mimikyu|move: Substitute|[damage]
|
|-heal|p2a: Mimikyu|50/100|[from] item: Leftovers
|-damage|p1a: Toxapex|20/100|[from] Curse
|upkeep
|turn|4
|
|t:|1757917661
|move|p2a: Mimikyu|Shadow Sneak|p1a: Toxapex
|-damage|p1a: Toxapex|13/100
|-damage|p2a: Mimikyu|33/100|[from] item: Rocky Helmet|[of] p1a: Toxapex
|move|p1a: Toxapex|Recover|p1a: Toxapex
|-heal|p1a: Toxapex|63/100
|
|-heal|p2a: Mimikyu|39/100|[from] item: Leftovers
|-damage|p1a: Toxapex|38/100|[from] Curse
|upkeep
|turn|5
|
|t:|1757917688
|move|p2a: Mimikyu|Shadow Sneak|p1a: Toxapex
|-damage|p1a: Toxapex|30/100
|-damage|p2a: Mimikyu|22/100|[from] item: Rocky Helmet|[of] p1a: Toxapex
|move|p1a: Toxapex|Recover|p1a: Toxapex
|-heal|p1a: Toxapex|80/100
|
|-heal|p2a: Mimikyu|29/100|[from] item: Leftovers
|-damage|p1a: Toxapex|56/100|[from] Curse
|upkeep
|turn|6
|
|t:|1757917701
|move|p2a: Mimikyu|Pain Split|p1a: Toxapex
|-sethp|p1a: Toxapex|42/100|[from] move: Pain Split|[silent]
|-sethp|p2a: Mimikyu|41/100|[from] move: Pain Split
|move|p1a: Toxapex|Sludge Bomb|p2a: Mimikyu
|-end|p2a: Mimikyu|Substitute
|
|-heal|p2a: Mimikyu|47/100|[from] item: Leftovers
|-damage|p1a: Toxapex|18/100|[from] Curse
|upkeep
|turn|7
|
|t:|1757917711
|move|p2a: Mimikyu|Substitute|p2a: Mimikyu
|-start|p2a: Mimikyu|Substitute
|-damage|p2a: Mimikyu|22/100
|move|p1a: Toxapex|Recover|p1a: Toxapex
|-heal|p1a: Toxapex|68/100
|
|-heal|p2a: Mimikyu|28/100|[from] item: Leftovers
|-damage|p1a: Toxapex|43/100|[from] Curse
|upkeep
|turn|8
|
|t:|1757917721
|move|p2a: Mimikyu|Pain Split|p1a: Toxapex
|-sethp|p1a: Toxapex|36/100|[from] move: Pain Split|[silent]
|-sethp|p2a: Mimikyu|35/100|[from] move: Pain Split
|move|p1a: Toxapex|Recover|p1a: Toxapex
|-heal|p1a: Toxapex|86/100
|
|-heal|p2a: Mimikyu|41/100|[from] item: Leftovers
|-damage|p1a: Toxapex|62/100|[from] Curse
|upkeep
|turn|9
|
|t:|1757917734
|move|p2a: Mimikyu|Pain Split|p1a: Toxapex
|-sethp|p1a: Toxapex|52/100|[from] move: Pain Split|[silent]
|-sethp|p2a: Mimikyu|50/100|[from] move: Pain Split
|move|p1a: Toxapex|Sludge Bomb|p2a: Mimikyu
|-activate|p2a: Mimikyu|move: Substitute|[damage]
|
|-heal|p2a: Mimikyu|56/100|[from] item: Leftovers
|-damage|p1a: Toxapex|27/100|[from] Curse
|upkeep
|turn|10
|
|t:|1757917744
|move|p2a: Mimikyu|Shadow Sneak|p1a: Toxapex
|-damage|p1a: Toxapex|19/100
|-damage|p2a: Mimikyu|40/100|[from] item: Rocky Helmet|[of] p1a: Toxapex
|move|p1a: Toxapex|Recover|p1a: Toxapex
|-heal|p1a: Toxapex|69/100
|
|-heal|p2a: Mimikyu|46/100|[from] item: Leftovers
|-damage|p1a: Toxapex|44/100|[from] Curse
|upkeep
|turn|11
|
|t:|1757917759
|move|p2a: Mimikyu|Pain Split|p1a: Toxapex
|-sethp|p1a: Toxapex|46/100|[from] move: Pain Split|[silent]
|-sethp|p2a: Mimikyu|44/100|[from] move: Pain Split
|move|p1a: Toxapex|Recover|p1a: Toxapex
|-heal|p1a: Toxapex|96/100
|
|-heal|p2a: Mimikyu|50/100|[from] item: Leftovers
|-damage|p1a: Toxapex|71/100|[from] Curse
|upkeep
|turn|12
|
|t:|1757917769
|move|p2a: Mimikyu|Pain Split|p1a: Toxapex
|-sethp|p1a: Toxapex|62/100|[from] move: Pain Split|[silent]
|-sethp|p2a: Mimikyu|59/100|[from] move: Pain Split
|move|p1a: Toxapex|Sludge Bomb|p2a: Mimikyu
|-end|p2a: Mimikyu|Substitute
|
|-heal|p2a: Mimikyu|65/100|[from] item: Leftovers
|-damage|p1a: Toxapex|37/100|[from] Curse
|upkeep
|turn|13
|
|t:|1757917779
|move|p2a: Mimikyu|Substitute|p2a: Mimikyu
|-start|p2a: Mimikyu|Substitute
|-damage|p2a: Mimikyu|41/100
|move|p1a: Toxapex|Sludge Bomb|p2a: Mimikyu
|-activate|p2a: Mimikyu|move: Substitute|[damage]
|
|-heal|p2a: Mimikyu|47/100|[from] item: Leftovers
|-damage|p1a: Toxapex|12/100|[from] Curse
|upkeep
|turn|14
|
|t:|1757917789
|move|p2a: Mimikyu|Shadow Sneak|p1a: Toxapex
|-damage|p1a: Toxapex|5/100
|-damage|p2a: Mimikyu|30/100|[from] item: Rocky Helmet|[of] p1a: Toxapex
|move|p1a: Toxapex|Recover|p1a: Toxapex
|-heal|p1a: Toxapex|55/100
|
|-heal|p2a: Mimikyu|36/100|[from] item: Leftovers
|-damage|p1a: Toxapex|30/100|[from] Curse
|upkeep
|turn|15
|
|t:|1757917811
|move|p2a: Mimikyu|Shadow Sneak|p1a: Toxapex
|-damage|p1a: Toxapex|23/100
|-damage|p2a: Mimikyu|20/100|[from] item: Rocky Helmet|[of] p1a: Toxapex
|move|p1a: Toxapex|Recover|p1a: Toxapex
|-heal|p1a: Toxapex|73/100
|
|-heal|p2a: Mimikyu|26/100|[from] item: Leftovers
|-damage|p1a: Toxapex|48/100|[from] Curse
|upkeep
|turn|16
|
|t:|1757917821
|move|p2a: Mimikyu|Pain Split|p1a: Toxapex
|-sethp|p1a: Toxapex|37/100|[from] move: Pain Split|[silent]
|-sethp|p2a: Mimikyu|36/100|[from] move: Pain Split
|move|p1a: Toxapex|Sludge Bomb|p2a: Mimikyu
|-end|p2a: Mimikyu|Substitute
|
|-heal|p2a: Mimikyu|42/100|[from] item: Leftovers
|-damage|p1a: Toxapex|13/100|[from] Curse
|upkeep
|turn|17
|
|t:|1757917841
|move|p2a: Mimikyu|Substitute|p2a: Mimikyu
|-start|p2a: Mimikyu|Substitute
|-damage|p2a: Mimikyu|17/100
|move|p1a: Toxapex|Sludge Bomb|p2a: Mimikyu
|-activate|p2a: Mimikyu|move: Substitute|[damage]
|
|-heal|p2a: Mimikyu|23/100|[from] item: Leftovers
|-damage|p1a: Toxapex|0 fnt|[from] Curse
|faint|p1a: Toxapex
|upkeep
|
|t:|1757917857
|switch|p1a: Blissey|Blissey, F|100/100
|turn|18
|
|t:|1757917863
|move|p2a: Mimikyu|Pain Split|p1a: Blissey
|-sethp|p1a: Blissey|56/100|[from] move: Pain Split|[silent]
|-sethp|p2a: Mimikyu|100/100|[from] move: Pain Split
|move|p1a: Blissey|Light Screen|p1a: Blissey
|-sidestart|p1: 567crazy|move: Light Screen
|
|upkeep
|turn|19
|
|t:|1757917872
|move|p2a: Mimikyu|Curse|p1a: Blissey
|-start|p1a: Blissey|Curse|[of] p2a: Mimikyu
|-damage|p2a: Mimikyu|50/100
|move|p1a: Blissey|Soft-Boiled|p1a: Blissey
|-heal|p1a: Blissey|100/100
|
|-heal|p2a: Mimikyu|57/100|[from] item: Leftovers
|-damage|p1a: Blissey|76/100|[from] Curse
|upkeep
|turn|20
|
|t:|1757917891
|switch|p1a: Pineco|Pineco, M|100/100
|move|p2a: Mimikyu|Pain Split|p1a: Pineco
|-sethp|p1a: Pineco|85/100|[from] move: Pain Split|[silent]
|-sethp|p2a: Mimikyu|68/100|[from] move: Pain Split
|
|-heal|p2a: Mimikyu|74/100|[from] item: Leftovers
|upkeep
|turn|21
|
|t:|1757917909
|move|p1a: Pineco|Shadow Ball|p2a: Mimikyu
|-supereffective|p2a: Mimikyu
|-end|p2a: Mimikyu|Substitute
|move|p2a: Mimikyu|Curse|p1a: Pineco
|-start|p1a: Pineco|Curse|[of] p2a: Mimikyu
|-damage|p2a: Mimikyu|24/100
|
|-heal|p2a: Mimikyu|30/100|[from] item: Leftovers
|-damage|p1a: Pineco|61/100|[from] Curse
|upkeep
|turn|22
|
|t:|1757917927
|move|p1a: Pineco|Shadow Ball|p2a: Mimikyu
|-activate|p2a: Mimikyu|ability: Disguise
|-damage|p2a: Mimikyu|30/100
|detailschange|p2a: Mimikyu|Mimikyu-Busted, M
|-damage|p2a: Mimikyu|18/100|[from] pokemon: Mimikyu-Busted
|move|p2a: Mimikyu|Pain Split|p1a: Pineco
|-sethp|p1a: Pineco|42/100|[from] move: Pain Split|[silent]
|-sethp|p2a: Mimikyu|33/100|[from] move: Pain Split
|
|-heal|p2a: Mimikyu|39/100|[from] item: Leftovers
|-damage|p1a: Pineco|17/100|[from] Curse
|-sideend|p1: 567crazy|move: Light Screen
|upkeep
|turn|23
|
|t:|1757917947
|-terastallize|p1a: Pineco|Dark
|move|p2a: Mimikyu|Shadow Sneak|p1a: Pineco
|-resisted|p1a: Pineco
|-damage|p1a: Pineco|3/100
|replace|p1a: Zoroark|Zoroark-Hisui, M
|-end|p1a: Zoroark|Illusion
|move|p1a: Zoroark|Shadow Ball|p2a: Mimikyu
|-supereffective|p2a: Mimikyu
|-damage|p2a: Mimikyu|0 fnt
|faint|p2a: Mimikyu
|
|-damage|p1a: Zoroark|0 fnt|[from] Curse
|faint|p1a: Zoroark
|upkeep
|
|t:|1757917980
|switch|p1a: Excadrill|Excadrill, F|100/100
|switch|p2a: Samurott|Samurott-Hisui, M|100/100
|-ability|p1a: Excadrill|Mold Breaker
|-item|p1a: Excadrill|Air Balloon
|-status|p2a: Samurott|tox
|turn|24
|
|t:|1757918001
|move|p1a: Excadrill|Giga Impact|p2a: Samurott
|-damage|p2a: Samurott|26/100 tox
|-mustrecharge|p1a: Excadrill
|move|p2a: Samurott|Sacred Sword|p1a: Excadrill
|-supereffective|p1a: Excadrill
|-damage|p1a: Excadrill|0 fnt
|-enditem|p1a: Excadrill|Air Balloon
|faint|p1a: Excadrill
|-damage|p2a: Samurott|16/100 tox|[from] item: Life Orb
|
|-damage|p2a: Samurott|10/100 tox|[from] psn
|upkeep
|
|t:|1757918016
|switch|p1a: Pineco|Pineco, L1, M|100/100
|turn|25
|
|t:|1757918024
|move|p1a: Pineco|Protect|p1a: Pineco
|-singleturn|p1a: Pineco|Protect
|move|p2a: Samurott|Ceaseless Edge|p1a: Pineco
|-activate|p1a: Pineco|move: Protect
|
|-damage|p2a: Samurott|0 fnt|[from] psn
|faint|p2a: Samurott
|upkeep
|
|t:|1757918030
|switch|p2a: Gliscor|Gliscor, M|100/100
|turn|26
|
|t:|1757918039
|move|p2a: Gliscor|Substitute|p2a: Gliscor
|-start|p2a: Gliscor|Substitute
|-damage|p2a: Gliscor|76/100
|move|p1a: Pineco|Pain Split||[still]
|-fail|p1a: Pineco
|
|-status|p2a: Gliscor|tox|[from] item: Toxic Orb
|upkeep
|turn|27
|
|t:|1757918049
|move|p2a: Gliscor|Toxic|p1a: Pineco
|-status|p1a: Pineco|tox
|move|p1a: Pineco|Counter||[still]
|-fail|p1a: Pineco
|
|-heal|p2a: Gliscor|88/100 tox|[from] ability: Poison Heal
|-damage|p1a: Pineco|92/100 tox|[from] psn
|upkeep
|turn|28
|-message|567crazy forfeited.
|
|win|TAT_Yangyu
|raw|567crazy's rating: 1085 &rarr; <strong>1063</strong><br />(-22 for losing)
|raw|TAT_Yangyu's rating: 1098 &rarr; <strong>1122</strong><br />(+24 for winning)
|l|☆567crazy
|player|p1|
|l|☆TAT_Yangyu
|player|p2|
