|j|☆psychic boy clancy
|j|☆jtrainer22
|t:|1757942547
|gametype|singles
|player|p1|psychic boy clancy|pryce|1580
|player|p2|jtrainer22|hugh|1499
|gen|9
|tier|[Gen 9] OU
|rated|
|rule|HP Percentage Mod: HP is shown in percentages
|rule|Endless Battle Clause: Forcing endless battles is banned
|rule|Species Clause: Limit one of each Pokémon
|rule|OHKO Clause: OHKO moves are banned
|rule|Evasion Items Clause: Evasion items are banned
|rule|Evasion Moves Clause: Evasion moves are banned
|rule|Evasion Abilities Clause: Evasion abilities are banned
|rule|Sleep Moves Clause: Sleep-inducing moves are banned
|clearpoke
|poke|p1|Hoopa-Unbound|
|poke|p1|Dragonite, M|
|poke|p1|Gliscor, F|
|poke|p1|Weezing-Galar, F|
|poke|p1|Ogerpon-Wellspring, F|
|poke|p1|Kingambit, F|
|poke|p2|Dragapult, F|
|poke|p2|Glastrier|
|poke|p2|Iron Hands|
|poke|p2|Moltres|
|poke|p2|Ting-Lu|
|poke|p2|Tinkaton, F|
|teampreview
|c|☆jtrainer22|glhf
|inactive|Battle timer is ON: inactive players will automatically lose when time's up. (requested by psychic boy clancy)
|
|t:|1757942571
|teamsize|p1|6
|teamsize|p2|6
|start
|switch|p1a: Hoopa|Hoopa-Unbound|100/100
|switch|p2a: Dragapult|Dragapult, F|100/100
|turn|1
|
|t:|1757942586
|switch|p1a: Weezing|Weezing-Galar, F|100/100
|-ability|p1a: Weezing|Neutralizing Gas
|move|p2a: Dragapult|U-turn|p1a: Weezing
|-resisted|p1a: Weezing
|-damage|p1a: Weezing|98/100
|
|t:|1757942605
|switch|p2a: Timb-Lu|Ting-Lu|100/100|[from] U-turn
|
|-heal|p1a: Weezing|100/100|[from] item: Leftovers
|upkeep
|turn|2
|
|t:|1757942612
|move|p1a: Weezing|Will-O-Wisp|p2a: Timb-Lu
|-status|p2a: Timb-Lu|brn
|move|p2a: Timb-Lu|Spikes|p1a: Weezing
|-sidestart|p1: psychic boy clancy|Spikes
|
|-damage|p2a: Timb-Lu|94/100 brn|[from] brn
|upkeep
|turn|3
|
|t:|1757942621
|move|p1a: Weezing|Defog|p2a: Timb-Lu
|-unboost|p2a: Timb-Lu|evasion|1
|-sideend|p1: psychic boy clancy|Spikes|[from] move: Defog|[of] p1a: Weezing
|move|p2a: Timb-Lu|Ruination|p1a: Weezing
|-damage|p1a: Weezing|50/100
|
|-heal|p1a: Weezing|56/100|[from] item: Leftovers
|-heal|p2a: Timb-Lu|100/100 brn|[from] item: Leftovers
|-damage|p2a: Timb-Lu|94/100 brn|[from] brn
|upkeep
|turn|4
|
|t:|1757942631
|move|p1a: Weezing|Pain Split|p2a: Timb-Lu
|-sethp|p2a: Timb-Lu|66/100 brn|[from] move: Pain Split|[silent]
|-sethp|p1a: Weezing|100/100|[from] move: Pain Split
|move|p2a: Timb-Lu|Whirlwind|p1a: Weezing
|-end|p1a: Weezing|ability: Neutralizing Gas
|-ability|p2a: Timb-Lu|Vessel of Ruin
|drag|p1a: Kingambit|Kingambit, F|100/100
|
|-heal|p2a: Timb-Lu|72/100 brn|[from] item: Leftovers
|-damage|p2a: Timb-Lu|66/100 brn|[from] brn
|upkeep
|turn|5
|
|t:|1757942644
|move|p1a: Kingambit|Swords Dance|p1a: Kingambit
|-boost|p1a: Kingambit|atk|2
|move|p2a: Timb-Lu|Earthquake|p1a: Kingambit
|-supereffective|p1a: Kingambit
|-damage|p1a: Kingambit|76/100
|
|-heal|p1a: Kingambit|82/100|[from] item: Leftovers
|-heal|p2a: Timb-Lu|72/100 brn|[from] item: Leftovers
|-damage|p2a: Timb-Lu|66/100 brn|[from] brn
|upkeep
|turn|6
|
|t:|1757942655
|move|p1a: Kingambit|Stone Edge|p2a: Timb-Lu
|-resisted|p2a: Timb-Lu
|-damage|p2a: Timb-Lu|43/100 brn
|move|p2a: Timb-Lu|Spikes|p1a: Kingambit
|-sidestart|p1: psychic boy clancy|Spikes
|
|-heal|p1a: Kingambit|88/100|[from] item: Leftovers
|-heal|p2a: Timb-Lu|49/100 brn|[from] item: Leftovers
|-damage|p2a: Timb-Lu|43/100 brn|[from] brn
|upkeep
|turn|7
|
|t:|1757942665
|move|p1a: Kingambit|Kowtow Cleave|p2a: Timb-Lu
|-resisted|p2a: Timb-Lu
|-damage|p2a: Timb-Lu|17/100 brn
|move|p2a: Timb-Lu|Spikes|p1a: Kingambit
|-sidestart|p1: psychic boy clancy|Spikes
|
|-heal|p1a: Kingambit|94/100|[from] item: Leftovers
|-heal|p2a: Timb-Lu|23/100 brn|[from] item: Leftovers
|-damage|p2a: Timb-Lu|17/100 brn|[from] brn
|upkeep
|turn|8
|
|t:|1757942676
|move|p1a: Kingambit|Kowtow Cleave|p2a: Timb-Lu
|-resisted|p2a: Timb-Lu
|-crit|p2a: Timb-Lu
|-damage|p2a: Timb-Lu|0 fnt
|faint|p2a: Timb-Lu
|
|-heal|p1a: Kingambit|99/100|[from] item: Leftovers
|upkeep
|
|t:|1757942682
|switch|p2a: Moltres|Moltres|100/100
|turn|9
|
|t:|1757942699
|-terastallize|p2a: Moltres|Grass
|-terastallize|p1a: Kingambit|Fire
|move|p2a: Moltres|Flamethrower|p1a: Kingambit
|-resisted|p1a: Kingambit
|-crit|p1a: Kingambit
|-damage|p1a: Kingambit|72/100
|move|p1a: Kingambit|Stone Edge|p2a: Moltres
|-damage|p2a: Moltres|48/100
|
|-heal|p1a: Kingambit|78/100|[from] item: Leftovers
|upkeep
|turn|10
|
|t:|1757942713
|move|p2a: Moltres|Roost|p2a: Moltres
|-heal|p2a: Moltres|98/100
|move|p1a: Kingambit|Kowtow Cleave|p2a: Moltres
|-damage|p2a: Moltres|26/100
|
|-heal|p1a: Kingambit|84/100|[from] item: Leftovers
|upkeep
|turn|11
|
|t:|1757942723
|move|p2a: Moltres|Flamethrower|p1a: Kingambit
|-resisted|p1a: Kingambit
|-damage|p1a: Kingambit|66/100
|move|p1a: Kingambit|Kowtow Cleave|p2a: Moltres
|-damage|p2a: Moltres|0 fnt
|faint|p2a: Moltres
|
|-heal|p1a: Kingambit|72/100|[from] item: Leftovers
|upkeep
|
|t:|1757942727
|switch|p2a: Dragapult|Dragapult, F|100/100
|turn|12
|
|t:|1757942735
|move|p1a: Kingambit|Sucker Punch||[still]
|-fail|p1a: Kingambit
|move|p2a: Dragapult|Thunder Wave|p1a: Kingambit
|-status|p1a: Kingambit|par
|
|-heal|p1a: Kingambit|78/100 par|[from] item: Leftovers
|upkeep
|turn|13
|
|t:|1757942743
|move|p2a: Dragapult|Hex|p1a: Kingambit
|-damage|p1a: Kingambit|26/100 par
|move|p1a: Kingambit|Kowtow Cleave|p2a: Dragapult
|-supereffective|p2a: Dragapult
|-damage|p2a: Dragapult|0 fnt
|faint|p2a: Dragapult
|
|-heal|p1a: Kingambit|32/100 par|[from] item: Leftovers
|upkeep
|
|t:|1757942753
|switch|p2a: Iron Hands|Iron Hands|100/100
|turn|14
|
|t:|1757942758
|move|p1a: Kingambit|Sucker Punch|p2a: Iron Hands
|-resisted|p2a: Iron Hands
|-damage|p2a: Iron Hands|74/100
|move|p2a: Iron Hands|Drain Punch|p1a: Kingambit
|-damage|p1a: Kingambit|2/100 par
|-heal|p2a: Iron Hands|87/100|[from] drain|[of] p1a: Kingambit
|
|-heal|p1a: Kingambit|8/100 par|[from] item: Leftovers
|upkeep
|turn|15
|
|t:|1757942769
|move|p2a: Iron Hands|Drain Punch|p1a: Kingambit
|-crit|p1a: Kingambit
|-damage|p1a: Kingambit|0 fnt
|-heal|p2a: Iron Hands|90/100|[from] drain|[of] p1a: Kingambit
|faint|p1a: Kingambit
|-end|p1a: Kingambit|fallenundefined|[silent]
|
|upkeep
|
|t:|1757942779
|switch|p1a: Weezing|Weezing-Galar, F|100/100
|-ability|p1a: Weezing|Neutralizing Gas
|-damage|p1a: Weezing|84/100|[from] Spikes
|turn|16
|
|t:|1757942788
|-end|p2a: Iron Hands|Quark Drive|[silent]
|switch|p2a: Tinkaton|Tinkaton, F|100/100
|-item|p2a: Tinkaton|Air Balloon
|move|p1a: Weezing|Defog|p2a: Tinkaton
|-unboost|p2a: Tinkaton|evasion|1
|-sideend|p1: psychic boy clancy|Spikes|[from] move: Defog|[of] p1a: Weezing
|
|-heal|p1a: Weezing|90/100|[from] item: Leftovers
|upkeep
|turn|17
|
|t:|1757942797
|-end|p1a: Weezing|ability: Neutralizing Gas
|switch|p1a: Gliscor|Gliscor, F|100/100
|move|p2a: Tinkaton|Knock Off|p1a: Gliscor
|-damage|p1a: Gliscor|86/100
|-enditem|p1a: Gliscor|Toxic Orb|[from] move: Knock Off|[of] p2a: Tinkaton
|
|upkeep
|turn|18
|
|t:|1757942809
|move|p2a: Tinkaton|Stealth Rock|p1a: Gliscor
|-sidestart|p1: psychic boy clancy|move: Stealth Rock
|move|p1a: Gliscor|Spikes|p2a: Tinkaton
|-sidestart|p2: jtrainer22|Spikes
|
|upkeep
|turn|19
|
|t:|1757942824
|switch|p2a: Glastrier|Glastrier|100/100
|move|p1a: Gliscor|Spikes|p2a: Glastrier
|-sidestart|p2: jtrainer22|Spikes
|
|upkeep
|turn|20
|
|t:|1757942835
|move|p1a: Gliscor|Earthquake|p2a: Glastrier
|-crit|p2a: Glastrier
|-damage|p2a: Glastrier|63/100
|move|p2a: Glastrier|Swords Dance|p2a: Glastrier
|-boost|p2a: Glastrier|atk|2
|
|upkeep
|turn|21
|
|t:|1757942842
|move|p1a: Gliscor|Earthquake|p2a: Glastrier
|-damage|p2a: Glastrier|40/100
|move|p2a: Glastrier|Icicle Crash|p1a: Gliscor
|-supereffective|p1a: Gliscor
|-damage|p1a: Gliscor|0 fnt
|faint|p1a: Gliscor
|-ability|p2a: Glastrier|Chilling Neigh|boost
|-boost|p2a: Glastrier|atk|1
|
|upkeep
|
|t:|1757942856
|switch|p1a: Hoopa|Hoopa-Unbound|100/100
|-damage|p1a: Hoopa|88/100|[from] Stealth Rock
|turn|22
|
|t:|1757942872
|move|p1a: Hoopa|Psychic|p2a: Glastrier
|-damage|p2a: Glastrier|0 fnt
|faint|p2a: Glastrier
|
|upkeep
|
|t:|1757942875
|switch|p2a: Tinkaton|Tinkaton, F|100/100
|-item|p2a: Tinkaton|Air Balloon
|turn|23
|
|t:|1757942881
|switch|p1a: Weezing|Weezing-Galar, F|90/100
|-ability|p1a: Weezing|Neutralizing Gas
|-damage|p1a: Weezing|78/100|[from] Stealth Rock
|move|p2a: Tinkaton|Gigaton Hammer|p1a: Weezing
|-supereffective|p1a: Weezing
|-crit|p1a: Weezing
|-damage|p1a: Weezing|0 fnt
|faint|p1a: Weezing
|-end|p1a: Weezing|ability: Neutralizing Gas
|
|upkeep
|
|t:|1757942896
|switch|p1a: Ogerpon|Ogerpon-Wellspring, F|100/100
|-damage|p1a: Ogerpon|88/100|[from] Stealth Rock
|turn|24
|
|t:|1757942904
|move|p1a: Ogerpon|Ivy Cudgel|p2a: Tinkaton|[anim] Ivy Cudgel Water
|-damage|p2a: Tinkaton|29/100
|-enditem|p2a: Tinkaton|Air Balloon
|move|p2a: Tinkaton|Knock Off|p1a: Ogerpon
|-damage|p1a: Ogerpon|72/100
|
|upkeep
|turn|25
|
|t:|1757942912
|move|p1a: Ogerpon|Ivy Cudgel|p2a: Tinkaton|[anim] Ivy Cudgel Water
|-damage|p2a: Tinkaton|0 fnt
|faint|p2a: Tinkaton
|
|upkeep
|
|t:|1757942915
|switch|p2a: Iron Hands|Iron Hands|90/100
|turn|26
|
|t:|1757942921
|move|p1a: Ogerpon|Ivy Cudgel|p2a: Iron Hands|[anim] Ivy Cudgel Water
|-damage|p2a: Iron Hands|53/100
|move|p2a: Iron Hands|Drain Punch|p1a: Ogerpon
|-damage|p1a: Ogerpon|9/100
|-heal|p2a: Iron Hands|73/100|[from] drain|[of] p1a: Ogerpon
|
|upkeep
|turn|27
|
|t:|1757942929
|move|p1a: Ogerpon|Ivy Cudgel|p2a: Iron Hands|[anim] Ivy Cudgel Water
|-damage|p2a: Iron Hands|36/100
|move|p2a: Iron Hands|Drain Punch|p1a: Ogerpon
|-damage|p1a: Ogerpon|0 fnt
|-heal|p2a: Iron Hands|38/100|[from] drain|[of] p1a: Ogerpon
|faint|p1a: Ogerpon
|
|upkeep
|
|t:|1757942938
|switch|p1a: Hoopa|Hoopa-Unbound|88/100
|-damage|p1a: Hoopa|76/100|[from] Stealth Rock
|turn|28
|
|t:|1757942948
|move|p1a: Hoopa|Psychic|p2a: Iron Hands
|-supereffective|p2a: Iron Hands
|-crit|p2a: Iron Hands
|-damage|p2a: Iron Hands|0 fnt
|faint|p2a: Iron Hands
|-end|p2a: Iron Hands|Quark Drive|[silent]
|
|win|psychic boy clancy
|raw|psychic boy clancy's rating: 1580 &rarr; <strong>1595</strong><br />(+15 for winning)
|raw|jtrainer22's rating: 1499 &rarr; <strong>1484</strong><br />(-15 for losing)
|l|☆jtrainer22
|player|p2|
|l|☆psychic boy clancy
|player|p1|
