|j|☆StarPollution
|j|☆Levowskih
|t:|1757952348
|gametype|singles
|player|p1|StarPollution|cheryl|1102
|player|p2|Levowskih|169|1058
|gen|9
|tier|[Gen 9] OU
|rated|
|rule|HP Percentage Mod: HP is shown in percentages
|rule|Endless Battle Clause: Forcing endless battles is banned
|rule|Species Clause: Limit one of each Pokémon
|rule|OHKO Clause: OHKO moves are banned
|rule|Evasion Items Clause: Evasion items are banned
|rule|Evasion Moves Clause: Evasion moves are banned
|rule|Evasion Abilities Clause: Evasion abilities are banned
|rule|Sleep Moves Clause: Sleep-inducing moves are banned
|clearpoke
|poke|p1|Glimmora, F|
|poke|p1|Hatterene, F|
|poke|p1|Espeon, M|
|poke|p1|Kingambit, F|
|poke|p1|Umbreon, F|
|poke|p1|Dondozo, M|
|poke|p2|Slowking-Galar, M|
|poke|p2|Porygon2|
|poke|p2|Mamoswine, F|
|poke|p2|Kommo-o, M|
|poke|p2|Skeledirge, M|
|poke|p2|Rotom-Heat|
|teampreview
|
|t:|1757952360
|teamsize|p1|6
|teamsize|p2|6
|start
|switch|p1a: Glimmora|Glimmora, F|100/100
|switch|p2a: Helldar|Slowking-Galar, M, shiny|100/100
|-item|p1a: Glimmora|Air Balloon
|turn|1
|
|t:|1757952368
|move|p1a: Glimmora|Toxic|p2a: Helldar
|-status|p2a: Helldar|tox
|move|p2a: Helldar|Sludge Bomb|p1a: Glimmora
|-resisted|p1a: Glimmora
|-damage|p1a: Glimmora|84/100
|-enditem|p1a: Glimmora|Air Balloon
|
|-damage|p2a: Helldar|94/100 tox|[from] psn
|upkeep
|turn|2
|
|t:|1757952379
|switch|p1a: Espeon|Espeon, M|100/100
|move|p2a: Helldar|Sludge Bomb|p1a: Espeon
|-damage|p1a: Espeon|29/100
|
|-damage|p2a: Helldar|82/100 tox|[from] psn
|upkeep
|turn|3
|
|t:|1757952389
|move|p1a: Espeon|Shadow Ball|p2a: Helldar
|-supereffective|p2a: Helldar
|-damage|p2a: Helldar|35/100 tox
|move|p2a: Helldar|Venoshock|p1a: Espeon
|-damage|p1a: Espeon|0 fnt
|faint|p1a: Espeon
|
|-damage|p2a: Helldar|16/100 tox|[from] psn
|upkeep
|
|t:|1757952399
|switch|p1a: Glimmora|Glimmora, F|84/100
|turn|4
|
|t:|1757952403
|move|p1a: Glimmora|Protect|p1a: Glimmora
|-singleturn|p1a: Glimmora|Protect
|-prepare|p2a: Helldar|Chilly Reception|[premajor]
|move|p2a: Helldar|Chilly Reception|p2a: Helldar
|-weather|Snowscape
|
|t:|1757952409
|switch|p2a: Mamoswine|Mamoswine, F|100/100|[from] Chilly Reception
|
|-weather|Snowscape|[upkeep]
|upkeep
|turn|5
|
|t:|1757952414
|move|p1a: Glimmora|Toxic|p2a: Mamoswine
|-status|p2a: Mamoswine|tox
|move|p2a: Mamoswine|Dig||[still]
|-prepare|p2a: Mamoswine|Dig
|
|-weather|Snowscape|[upkeep]
|-damage|p2a: Mamoswine|94/100 tox|[from] psn
|upkeep
|turn|6
|
|t:|1757952421
|move|p1a: Glimmora|Protect|p1a: Glimmora
|-singleturn|p1a: Glimmora|Protect
|move|p2a: Mamoswine|Dig|p1a: Glimmora|[from] lockedmove
|-activate|p1a: Glimmora|move: Protect
|
|-weather|Snowscape|[upkeep]
|-damage|p2a: Mamoswine|82/100 tox|[from] psn
|upkeep
|turn|7
|
|t:|1757952432
|move|p1a: Glimmora|Toxic|p2a: Mamoswine
|-fail|p2a: Mamoswine|tox
|move|p2a: Mamoswine|Blizzard|p1a: Glimmora
|-crit|p1a: Glimmora
|-damage|p1a: Glimmora|27/100
|
|-weather|Snowscape|[upkeep]
|-damage|p2a: Mamoswine|64/100 tox|[from] psn
|upkeep
|turn|8
|
|t:|1757952444
|switch|p1a: Dondozo|Dondozo, M|100/100
|move|p2a: Mamoswine|Trailblaze|p1a: Dondozo
|-supereffective|p1a: Dondozo
|-damage|p1a: Dondozo|81/100
|-boost|p2a: Mamoswine|spe|1
|
|-weather|none
|-heal|p1a: Dondozo|87/100|[from] item: Leftovers
|-damage|p2a: Mamoswine|39/100 tox|[from] psn
|upkeep
|turn|9
|
|t:|1757952461
|switch|p2a: Mittens|Rotom-Heat, shiny|100/100
|move|p1a: Dondozo|Protect||[still]
|-fail|p1a: Dondozo
|
|-heal|p1a: Dondozo|93/100|[from] item: Leftovers
|upkeep
|turn|10
|
|t:|1757952469
|move|p2a: Mittens|Thunder Wave|p1a: Dondozo
|-status|p1a: Dondozo|par
|move|p1a: Dondozo|Wave Crash|p2a: Mittens
|-supereffective|p2a: Mittens
|-enditem|p2a: Mittens|Focus Sash
|-damage|p2a: Mittens|1/100
|-damage|p1a: Dondozo|73/100 par|[from] Recoil
|
|-heal|p1a: Dondozo|80/100 par|[from] item: Leftovers
|upkeep
|turn|11
|
|t:|1757952484
|-terastallize|p1a: Dondozo|Ground
|move|p2a: Mittens|Volt Switch|p1a: Dondozo
|-immune|p1a: Dondozo
|move|p1a: Dondozo|Avalanche|p2a: Mittens
|-resisted|p2a: Mittens
|-damage|p2a: Mittens|0 fnt
|faint|p2a: Mittens
|
|-heal|p1a: Dondozo|86/100 par|[from] item: Leftovers
|upkeep
|
|t:|1757952495
|switch|p2a: Helldar|Slowking-Galar, M, shiny|49/100 tox
|turn|12
|
|t:|1757952504
|move|p2a: Helldar|Sludge Bomb|p1a: Dondozo
|-resisted|p1a: Dondozo
|-damage|p1a: Dondozo|61/100 par
|move|p1a: Dondozo|Earthquake|p2a: Helldar
|-supereffective|p2a: Helldar
|-damage|p2a: Helldar|0 fnt
|faint|p2a: Helldar
|
|-heal|p1a: Dondozo|67/100 par|[from] item: Leftovers
|upkeep
|
|t:|1757952513
|switch|p2a: Skittle|Porygon2, shiny|100/100
|-ability|p2a: Skittle|Download|boost
|-boost|p2a: Skittle|spa|1
|turn|13
|
|t:|1757952530
|move|p2a: Skittle|Thunderbolt|p1a: Dondozo
|-immune|p1a: Dondozo
|move|p1a: Dondozo|Avalanche|p2a: Skittle
|-damage|p2a: Skittle|91/100
|
|-heal|p1a: Dondozo|74/100 par|[from] item: Leftovers
|upkeep
|turn|14
|
|t:|1757952549
|switch|p2a: Musicbox|Kommo-o, M, shiny|100/100
|move|p1a: Dondozo|Earthquake|p2a: Musicbox
|-damage|p2a: Musicbox|62/100
|
|-heal|p1a: Dondozo|80/100 par|[from] item: Leftovers
|upkeep
|turn|15
|
|t:|1757952558
|move|p2a: Musicbox|Boomburst|p1a: Dondozo
|-damage|p1a: Dondozo|44/100 par
|-enditem|p2a: Musicbox|Throat Spray
|-boost|p2a: Musicbox|spa|1|[from] item: Throat Spray
|move|p1a: Dondozo|Avalanche|p2a: Musicbox
|-supereffective|p2a: Musicbox
|-damage|p2a: Musicbox|6/100
|
|-heal|p1a: Dondozo|50/100 par|[from] item: Leftovers
|upkeep
|turn|16
|
|t:|1757952570
|cant|p1a: Dondozo|par
|move|p2a: Musicbox|Dragon Tail|p1a: Dondozo
|-damage|p1a: Dondozo|37/100 par
|drag|p1a: Hatterene|Hatterene, F|100/100
|
|upkeep
|turn|17
|
|t:|1757952580
|switch|p2a: Skittle|Porygon2, shiny|91/100
|-ability|p2a: Skittle|Download|boost
|-boost|p2a: Skittle|atk|1
|move|p1a: Hatterene|Calm Mind|p1a: Hatterene
|-boost|p1a: Hatterene|spa|1
|-boost|p1a: Hatterene|spd|1
|
|upkeep
|turn|18
|
|t:|1757952589
|move|p2a: Skittle|Thunderbolt|p1a: Hatterene
|-damage|p1a: Hatterene|85/100
|move|p1a: Hatterene|Trick Room|p1a: Hatterene
|-fieldstart|move: Trick Room|[of] p1a: Hatterene
|
|-heal|p1a: Hatterene|91/100|[from] item: Leftovers
|upkeep
|turn|19
|
|t:|1757952599
|switch|p2a: Gummy|Skeledirge, M, shiny|100/100
|move|p1a: Hatterene|Psychic|p2a: Gummy
|-damage|p2a: Gummy|60/100
|
|-heal|p1a: Hatterene|97/100|[from] item: Leftovers
|-heal|p2a: Gummy|66/100|[from] item: Leftovers
|upkeep
|turn|20
|
|t:|1757952620
|move|p1a: Hatterene|Psychic|p2a: Gummy
|-damage|p2a: Gummy|25/100
|-unboost|p2a: Gummy|spd|1
|move|p2a: Gummy|Flare Blitz|p1a: Hatterene
|-damage|p1a: Hatterene|54/100
|-damage|p2a: Gummy|15/100|[from] Recoil
|
|-heal|p1a: Hatterene|60/100|[from] item: Leftovers
|-heal|p2a: Gummy|21/100|[from] item: Leftovers
|upkeep
|turn|21
|
|t:|1757952633
|move|p1a: Hatterene|Draining Kiss|p2a: Gummy
|-resisted|p2a: Gummy
|-damage|p2a: Gummy|3/100
|-heal|p1a: Hatterene|77/100|[from] drain|[of] p2a: Gummy
|move|p2a: Gummy|Flamethrower|p1a: Hatterene
|-damage|p1a: Hatterene|44/100
|
|-heal|p1a: Hatterene|50/100|[from] item: Leftovers
|-heal|p2a: Gummy|9/100|[from] item: Leftovers
|upkeep
|turn|22
|
|t:|1757952644
|switch|p2a: Skittle|Porygon2, shiny|91/100
|-ability|p2a: Skittle|Download|boost
|-boost|p2a: Skittle|atk|1
|move|p1a: Hatterene|Draining Kiss|p2a: Skittle
|-damage|p2a: Skittle|62/100
|-heal|p1a: Hatterene|76/100|[from] drain|[of] p2a: Skittle
|
|-heal|p1a: Hatterene|82/100|[from] item: Leftovers
|-fieldend|move: Trick Room
|upkeep
|turn|23
|
|t:|1757952659
|move|p2a: Skittle|Thunder|p1a: Hatterene|[miss]
|-miss|p2a: Skittle|p1a: Hatterene
|move|p1a: Hatterene|Trick Room|p1a: Hatterene
|-fieldstart|move: Trick Room|[of] p1a: Hatterene
|
|-heal|p1a: Hatterene|88/100|[from] item: Leftovers
|upkeep
|turn|24
|
|t:|1757952667
|move|p1a: Hatterene|Draining Kiss|p2a: Skittle
|-damage|p2a: Skittle|34/100
|-heal|p1a: Hatterene|100/100|[from] drain|[of] p2a: Skittle
|move|p2a: Skittle|Thunder|p1a: Hatterene|[miss]
|-miss|p2a: Skittle|p1a: Hatterene
|
|upkeep
|turn|25
|-message|Levowskih forfeited.
|
|win|StarPollution
|raw|StarPollution's rating: 1102 &rarr; <strong>1124</strong><br />(+22 for winning)
|raw|Levowskih's rating: 1058 &rarr; <strong>1042</strong><br />(-16 for losing)
|l|☆Levowskih
|player|p2|
