|badge|p2|bronze|gen9randombattle|100-6
|uhtml|medal-msg|<div class="broadcast-blue">Curious what those medals under the avatar are? PS now has Ladder Seasons! For more information, check out the <a href="https://www.smogon.com/forums/threads/3740067/">thread on Smogon.</a></div>
|j|☆KnockOffx2
|j|☆larp legion
|t:|1757808788
|gametype|singles
|player|p1|KnockOffx2|burglar|1612
|player|p2|larp legion|clown|1610
|gen|9
|tier|[Gen 9] OU
|rated|
|rule|HP Percentage Mod: HP is shown in percentages
|rule|Endless Battle Clause: Forcing endless battles is banned
|rule|Species Clause: Limit one of each Pokémon
|rule|OHKO Clause: OHKO moves are banned
|rule|Evasion Items Clause: Evasion items are banned
|rule|Evasion Moves Clause: Evasion moves are banned
|rule|Evasion Abilities Clause: Evasion abilities are banned
|rule|Sleep Moves Clause: Sleep-inducing moves are banned
|clearpoke
|poke|p1|Great Tusk|
|poke|p1|Slowking-Galar, M|
|poke|p1|Zapdos|
|poke|p1|Gholdengo|
|poke|p1|Primarina, M|
|poke|p1|Weavile, F|
|poke|p2|Walking Wake|
|poke|p2|Sinistcha|
|poke|p2|Volcanion|
|poke|p2|Slowbro, F|
|poke|p2|Coalossal, F|
|poke|p2|Emboar, F|
|teampreview
|inactive|Battle timer is ON: inactive players will automatically lose when time's up. (requested by KnockOffx2)
|
|t:|1757808812
|teamsize|p1|6
|teamsize|p2|6
|start
|switch|p1a: Weavile|Weavile, F|100/100
|switch|p2a: Coalossal|Coalossal, F|100/100
|-ability|p1a: Weavile|Pressure
|turn|1
|
|t:|1757808819
|switch|p1a: Great Tusk|Great Tusk|100/100
|move|p2a: Coalossal|Stealth Rock|p1a: Great Tusk
|-sidestart|p1: KnockOffx2|move: Stealth Rock
|
|upkeep
|turn|2
|
|t:|1757808826
|switch|p2a: Slowbro|Slowbro, F|100/100
|move|p1a: Great Tusk|Stealth Rock|p2a: Slowbro
|-sidestart|p2: larp legion|move: Stealth Rock
|
|upkeep
|turn|3
|
|t:|1757808830
|move|p1a: Great Tusk|Rapid Spin|p2a: Slowbro
|-damage|p2a: Slowbro|90/100
|-boost|p1a: Great Tusk|spe|1
|-damage|p1a: Great Tusk|84/100|[from] item: Rocky Helmet|[of] p2a: Slowbro
|-sideend|p1: KnockOffx2|Stealth Rock|[from] move: Rapid Spin|[of] p1a: Great Tusk
|move|p2a: Slowbro|Scald|p1a: Great Tusk
|-supereffective|p1a: Great Tusk
|-damage|p1a: Great Tusk|0 fnt
|faint|p1a: Great Tusk
|-end|p1a: Great Tusk|Protosynthesis|[silent]
|
|upkeep
|
|t:|1757808837
|switch|p1a: Weavile|Weavile, F|100/100
|-ability|p1a: Weavile|Pressure
|turn|4
|
|t:|1757808846
|move|p1a: Weavile|Knock Off|p2a: Slowbro
|-supereffective|p2a: Slowbro
|-damage|p2a: Slowbro|0 fnt
|-damage|p1a: Weavile|84/100|[from] item: Rocky Helmet|[of] p2a: Slowbro
|-enditem|p2a: Slowbro|Rocky Helmet|[from] move: Knock Off|[of] p1a: Weavile
|faint|p2a: Slowbro
|
|upkeep
|
|t:|1757808849
|switch|p2a: Coalossal|Coalossal, F|100/100
|turn|5
|
|t:|1757808861
|switch|p1a: Primarina|Primarina, M|100/100
|move|p2a: Coalossal|Rapid Spin|p1a: Primarina
|-damage|p1a: Primarina|93/100
|-boost|p2a: Coalossal|spe|1
|-sideend|p2: larp legion|Stealth Rock|[from] move: Rapid Spin|[of] p2a: Coalossal
|
|-heal|p1a: Primarina|99/100|[from] item: Leftovers
|upkeep
|turn|6
|
|t:|1757808876
|switch|p2a: Volcanion|Volcanion|100/100
|move|p1a: Primarina|Psychic Noise|p2a: Volcanion
|-immune|p2a: Volcanion|[from] ability: Water Absorb
|
|-heal|p1a: Primarina|100/100|[from] item: Leftovers
|upkeep
|turn|7
|
|t:|1757808881
|move|p2a: Volcanion|Steam Eruption|p1a: Primarina
|-resisted|p1a: Primarina
|-damage|p1a: Primarina|74/100
|-status|p1a: Primarina|brn
|move|p1a: Primarina|Substitute|p1a: Primarina
|-start|p1a: Primarina|Substitute
|-damage|p1a: Primarina|49/100 brn
|
|-heal|p1a: Primarina|55/100 brn|[from] item: Leftovers
|-damage|p1a: Primarina|49/100 brn|[from] brn
|upkeep
|turn|8
|
|t:|1757808886
|move|p2a: Volcanion|Sludge Bomb|p1a: Primarina
|-supereffective|p1a: Primarina
|-end|p1a: Primarina|Substitute
|move|p1a: Primarina|Calm Mind|p1a: Primarina
|-boost|p1a: Primarina|spa|1
|-boost|p1a: Primarina|spd|1
|
|-heal|p1a: Primarina|55/100 brn|[from] item: Leftovers
|-damage|p1a: Primarina|49/100 brn|[from] brn
|upkeep
|turn|9
|
|t:|1757808890
|move|p2a: Volcanion|Sludge Bomb|p1a: Primarina
|-supereffective|p1a: Primarina
|-damage|p1a: Primarina|9/100 brn
|move|p1a: Primarina|Draining Kiss|p2a: Volcanion
|-resisted|p2a: Volcanion
|-crit|p2a: Volcanion
|-damage|p2a: Volcanion|82/100
|-heal|p1a: Primarina|22/100 brn|[from] drain|[of] p2a: Volcanion
|
|-heal|p1a: Primarina|28/100 brn|[from] item: Leftovers
|-damage|p1a: Primarina|22/100 brn|[from] brn
|upkeep
|turn|10
|
|t:|1757808895
|switch|p1a: Slowking|Slowking-Galar, M|100/100
|move|p2a: Volcanion|Sludge Bomb|p1a: Slowking
|-resisted|p1a: Slowking
|-damage|p1a: Slowking|93/100
|
|upkeep
|turn|11
|
|t:|1757808900
|switch|p2a: Emboar|Emboar, F|100/100
|move|p1a: Slowking|Sludge Bomb|p2a: Emboar
|-damage|p2a: Emboar|73/100
|
|upkeep
|turn|12
|
|t:|1757808910
|switch|p1a: Primarina|Primarina, M|22/100 brn
|move|p2a: Emboar|Flare Blitz|p1a: Primarina
|-resisted|p1a: Primarina
|-damage|p1a: Primarina|0 fnt
|faint|p1a: Primarina
|-damage|p2a: Emboar|66/100|[from] Recoil
|
|upkeep
|
|t:|1757808914
|switch|p1a: Zapdos|Zapdos|100/100
|turn|13
|
|t:|1757808920
|switch|p2a: Coalossal|Coalossal, F|100/100
|move|p1a: Zapdos|Volt Switch|p2a: Coalossal
|-damage|p2a: Coalossal|75/100
|
|t:|1757808943
|switch|p1a: Weavile|Weavile, F|84/100|[from] Volt Switch
|-ability|p1a: Weavile|Pressure
|
|upkeep
|turn|14
|
|t:|1757808949
|move|p1a: Weavile|Low Kick|p2a: Coalossal
|-supereffective|p2a: Coalossal
|-damage|p2a: Coalossal|17/100
|move|p2a: Coalossal|Overheat|p1a: Weavile
|-supereffective|p1a: Weavile
|-damage|p1a: Weavile|0 fnt
|-unboost|p2a: Coalossal|spa|2
|faint|p1a: Weavile
|
|upkeep
|
|t:|1757808955
|switch|p1a: Gholdengo|Gholdengo|100/100
|turn|15
|
|t:|1757808960
|move|p1a: Gholdengo|Shadow Ball|p2a: Coalossal
|-damage|p2a: Coalossal|0 fnt
|faint|p2a: Coalossal
|
|upkeep
|
|t:|1757808964
|switch|p2a: Volcanion|Volcanion|82/100
|turn|16
|
|t:|1757808968
|switch|p1a: Slowking|Slowking-Galar, M|100/100
|move|p2a: Volcanion|Steam Eruption|p1a: Slowking
|-damage|p1a: Slowking|72/100
|
|upkeep
|turn|17
|
|t:|1757808973
|move|p2a: Volcanion|Steam Eruption|p1a: Slowking
|-damage|p1a: Slowking|40/100
|-status|p1a: Slowking|brn
|move|p1a: Slowking|Psyshock|p2a: Volcanion
|-damage|p2a: Volcanion|50/100
|
|-damage|p1a: Slowking|34/100 brn|[from] brn
|upkeep
|turn|18
|
|t:|1757808982
|move|p2a: Volcanion|Steam Eruption|p1a: Slowking
|-damage|p1a: Slowking|1/100 brn
|move|p1a: Slowking|Sludge Bomb|p2a: Volcanion
|-damage|p2a: Volcanion|20/100
|-status|p2a: Volcanion|psn
|
|-damage|p2a: Volcanion|8/100 psn|[from] psn
|-damage|p1a: Slowking|0 fnt|[from] brn
|faint|p1a: Slowking
|upkeep
|
|t:|1757808986
|switch|p1a: Gholdengo|Gholdengo|100/100
|turn|19
|
|t:|1757808989
|move|p1a: Gholdengo|Shadow Ball|p2a: Volcanion
|-damage|p2a: Volcanion|0 fnt
|faint|p2a: Volcanion
|
|upkeep
|
|t:|1757808998
|switch|p2a: Emboar|Emboar, F|66/100
|turn|20
|
|t:|1757809008
|switch|p1a: Zapdos|Zapdos|100/100
|move|p2a: Emboar|Flare Blitz|p1a: Zapdos
|-damage|p1a: Zapdos|49/100
|-damage|p2a: Emboar|48/100|[from] Recoil
|
|upkeep
|turn|21
|j| ItsOstro
|
|t:|1757809015
|move|p1a: Zapdos|Hurricane|p2a: Emboar
|-supereffective|p2a: Emboar
|-damage|p2a: Emboar|0 fnt
|faint|p2a: Emboar
|
|upkeep
|
|t:|1757809020
|switch|p2a: Walking Wake|Walking Wake|100/100
|turn|22
|
|t:|1757809023
|move|p2a: Walking Wake|Scald|p1a: Zapdos
|-damage|p1a: Zapdos|6/100
|-status|p1a: Zapdos|brn
|move|p1a: Zapdos|Volt Switch|p2a: Walking Wake
|-damage|p2a: Walking Wake|63/100
|
|t:|1757809029
|switch|p1a: Gholdengo|Gholdengo|100/100|[from] Volt Switch
|
|upkeep
|turn|23
|
|t:|1757809031
|move|p2a: Walking Wake|Scald|p1a: Gholdengo
|-damage|p1a: Gholdengo|46/100
|move|p1a: Gholdengo|Shadow Ball|p2a: Walking Wake
|-damage|p2a: Walking Wake|10/100
|-unboost|p2a: Walking Wake|spd|1
|
|upkeep
|turn|24
|
|t:|1757809039
|move|p2a: Walking Wake|Scald|p1a: Gholdengo
|-damage|p1a: Gholdengo|0 fnt
|faint|p1a: Gholdengo
|
|upkeep
|-message|KnockOffx2 forfeited.
|
|win|larp legion
|raw|KnockOffx2's rating: 1612 &rarr; <strong>1592</strong><br />(-20 for losing)
|raw|larp legion's rating: 1610 &rarr; <strong>1630</strong><br />(+20 for winning)
|l|☆KnockOffx2
|player|p1|
|l|☆larp legion
|player|p2|
|l| ItsOstro
