|j|☆DDNPoke
|j|☆chaintrainalt
|t:|1757933589
|gametype|singles
|player|p1|DDNPoke|lucas|1458
|player|p2|chaintrainalt|cyclistf|1521
|gen|9
|tier|[Gen 9] OU
|rated|
|rule|HP Percentage Mod: HP is shown in percentages
|rule|Endless Battle Clause: Forcing endless battles is banned
|rule|Species Clause: Limit one of each Pokémon
|rule|OHKO Clause: OHKO moves are banned
|rule|Evasion Items Clause: Evasion items are banned
|rule|Evasion Moves Clause: Evasion moves are banned
|rule|Evasion Abilities Clause: Evasion abilities are banned
|rule|Sleep Moves Clause: Sleep-inducing moves are banned
|clearpoke
|poke|p1|Grimmsnarl, M|
|poke|p1|Blastoise, M|
|poke|p1|Dragonite, M|
|poke|p1|Blaziken, M|
|poke|p1|Ursaluna, M|
|poke|p1|Gholdengo|
|poke|p2|Ribombee, M|
|poke|p2|Iron Moth|
|poke|p2|Gholdengo|
|poke|p2|Latios, M|
|poke|p2|Garchomp, F|
|poke|p2|Iron Valiant|
|teampreview
|inactive|Battle timer is ON: inactive players will automatically lose when time's up. (requested by chaintrainalt)
|inactive|DDNPoke also wants the timer to be on.
|inactive|chaintrainalt has 120 seconds left.
|
|t:|1757933629
|teamsize|p1|6
|teamsize|p2|6
|start
|switch|p1a: Grimmsnarl|Grimmsnarl, M|100/100
|switch|p2a: Ribombee|Ribombee, M|100/100
|turn|1
|
|t:|1757933637
|move|p1a: Grimmsnarl|Taunt|p2a: Ribombee
|-start|p2a: Ribombee|move: Taunt
|cant|p2a: Ribombee|move: Taunt|Stun Spore
|
|upkeep
|turn|2
|
|t:|1757933643
|move|p1a: Grimmsnarl|Light Screen|p1a: Grimmsnarl
|-sidestart|p1: DDNPoke|move: Light Screen
|move|p2a: Ribombee|Moonblast|p1a: Grimmsnarl
|-supereffective|p1a: Grimmsnarl
|-damage|p1a: Grimmsnarl|70/100
|-unboost|p1a: Grimmsnarl|spa|1
|
|upkeep
|turn|3
|
|t:|1757933651
|switch|p2a: Gholdengo|Gholdengo|100/100
|-item|p2a: Gholdengo|Air Balloon
|move|p1a: Grimmsnarl|Reflect|p1a: Grimmsnarl
|-sidestart|p1: DDNPoke|Reflect
|
|upkeep
|turn|4
|
|t:|1757933658
|switch|p1a: Blaziken|Blaziken, M|100/100
|move|p2a: Gholdengo|Make It Rain|p1a: Blaziken
|-resisted|p1a: Blaziken
|-damage|p1a: Blaziken|75/100
|-unboost|p2a: Gholdengo|spa|1
|
|upkeep
|turn|5
|
|t:|1757933673
|switch|p2a: Ribombee|Ribombee, M|100/100
|move|p1a: Blaziken|Swords Dance|p1a: Blaziken
|-boost|p1a: Blaziken|atk|2
|
|-ability|p1a: Blaziken|Speed Boost|boost
|-boost|p1a: Blaziken|spe|1
|upkeep
|turn|6
|
|t:|1757933682
|move|p1a: Blaziken|Blaze Kick|p2a: Ribombee
|-supereffective|p2a: Ribombee
|-enditem|p2a: Ribombee|Focus Sash
|-damage|p2a: Ribombee|1/100
|move|p2a: Ribombee|Stun Spore|p1a: Blaziken
|-status|p1a: Blaziken|par
|
|-ability|p1a: Blaziken|Speed Boost|boost
|-boost|p1a: Blaziken|spe|1
|upkeep
|turn|7
|
|t:|1757933695
|move|p2a: Ribombee|Sticky Web|p1a: Blaziken
|-sidestart|p1: DDNPoke|move: Sticky Web
|cant|p1a: Blaziken|par
|
|-ability|p1a: Blaziken|Speed Boost|boost
|-boost|p1a: Blaziken|spe|1
|upkeep
|turn|8
|
|t:|1757933702
|move|p2a: Ribombee|Skill Swap|p1a: Blaziken
|-activate|p2a: Ribombee|move: Skill Swap|Speed Boost|Shield Dust|[of] p1a: Blaziken
|move|p1a: Blaziken|Blaze Kick|p2a: Ribombee
|-supereffective|p2a: Ribombee
|-crit|p2a: Ribombee
|-damage|p2a: Ribombee|0 fnt
|faint|p2a: Ribombee
|
|upkeep
|
|t:|1757933725
|switch|p2a: Iron Valiant|Iron Valiant|100/100
|-enditem|p2a: Iron Valiant|Booster Energy
|-activate|p2a: Iron Valiant|ability: Quark Drive|[fromitem]
|-start|p2a: Iron Valiant|quarkdrivespe
|turn|9
|
|t:|1757933731
|move|p2a: Iron Valiant|Spirit Break|p1a: Blaziken
|-damage|p1a: Blaziken|47/100 par
|cant|p1a: Blaziken|par
|
|-sideend|p1: DDNPoke|move: Light Screen
|upkeep
|turn|10
|
|t:|1757933739
|move|p2a: Iron Valiant|Close Combat|p1a: Blaziken
|-damage|p1a: Blaziken|0 fnt
|-unboost|p2a: Iron Valiant|def|1
|-unboost|p2a: Iron Valiant|spd|1
|faint|p1a: Blaziken
|
|-sideend|p1: DDNPoke|Reflect
|upkeep
|
|t:|1757933745
|switch|p1a: Grimmsnarl|Grimmsnarl, M|70/100
|-activate|p1a: Grimmsnarl|move: Sticky Web
|-unboost|p1a: Grimmsnarl|spe|1
|turn|11
|
|t:|1757933749
|move|p1a: Grimmsnarl|Reflect|p1a: Grimmsnarl
|-sidestart|p1: DDNPoke|Reflect
|move|p2a: Iron Valiant|Knock Off|p1a: Grimmsnarl
|-resisted|p1a: Grimmsnarl
|-damage|p1a: Grimmsnarl|64/100
|-enditem|p1a: Grimmsnarl|Light Clay|[from] move: Knock Off|[of] p2a: Iron Valiant
|
|upkeep
|turn|12
|
|t:|1757933758
|move|p1a: Grimmsnarl|Light Screen|p1a: Grimmsnarl
|-sidestart|p1: DDNPoke|move: Light Screen
|move|p2a: Iron Valiant|Spirit Break|p1a: Grimmsnarl
|-supereffective|p1a: Grimmsnarl
|-damage|p1a: Grimmsnarl|15/100
|-unboost|p1a: Grimmsnarl|spa|1
|
|upkeep
|turn|13
|
|t:|1757933767
|move|p1a: Grimmsnarl|Parting Shot|p2a: Iron Valiant
|-unboost|p2a: Iron Valiant|atk|1
|-unboost|p2a: Iron Valiant|spa|1
|
|t:|1757933770
|switch|p1a: Ursaluna|Ursaluna, M|100/100|[from] Parting Shot
|-activate|p1a: Ursaluna|move: Sticky Web
|-unboost|p1a: Ursaluna|spe|1
|move|p2a: Iron Valiant|Swords Dance|p2a: Iron Valiant
|-boost|p2a: Iron Valiant|atk|2
|
|-status|p1a: Ursaluna|brn|[from] item: Flame Orb
|upkeep
|turn|14
|
|t:|1757933795
|move|p2a: Iron Valiant|Close Combat|p1a: Ursaluna
|-supereffective|p1a: Ursaluna
|-crit|p1a: Ursaluna
|-damage|p1a: Ursaluna|0 fnt
|-unboost|p2a: Iron Valiant|def|1
|-unboost|p2a: Iron Valiant|spd|1
|faint|p1a: Ursaluna
|
|upkeep
|
|t:|1757933801
|switch|p1a: Gholdengo|Gholdengo|100/100
|-activate|p1a: Gholdengo|move: Sticky Web
|-unboost|p1a: Gholdengo|spe|1
|turn|15
|
|t:|1757933806
|move|p2a: Iron Valiant|Knock Off|p1a: Gholdengo
|-supereffective|p1a: Gholdengo
|-damage|p1a: Gholdengo|47/100
|-enditem|p1a: Gholdengo|Choice Specs|[from] move: Knock Off|[of] p2a: Iron Valiant
|move|p1a: Gholdengo|Shadow Ball|p2a: Iron Valiant
|-damage|p2a: Iron Valiant|0 fnt
|faint|p2a: Iron Valiant
|-end|p2a: Iron Valiant|Quark Drive|[silent]
|
|upkeep
|inactive|chaintrainalt has 120 seconds left.
|
|t:|1757933835
|switch|p2a: Garchomp|Garchomp, F|100/100
|turn|16
|
|t:|1757933842
|move|p2a: Garchomp|Earthquake|p1a: Gholdengo
|-supereffective|p1a: Gholdengo
|-damage|p1a: Gholdengo|0 fnt
|faint|p1a: Gholdengo
|
|-sideend|p1: DDNPoke|move: Light Screen
|upkeep
|
|t:|1757933847
|switch|p1a: Blastoise|Blastoise, M|100/100
|-activate|p1a: Blastoise|move: Sticky Web
|-unboost|p1a: Blastoise|spe|1
|-enditem|p1a: Blastoise|White Herb
|-clearnegativeboost|p1a: Blastoise|[silent]
|turn|17
|inactive|chaintrainalt has 120 seconds left.
|
|t:|1757933880
|switch|p2a: Gholdengo|Gholdengo|100/100
|-item|p2a: Gholdengo|Air Balloon
|move|p1a: Blastoise|Shell Smash|p1a: Blastoise
|-unboost|p1a: Blastoise|def|1
|-unboost|p1a: Blastoise|spd|1
|-boost|p1a: Blastoise|atk|2
|-boost|p1a: Blastoise|spa|2
|-boost|p1a: Blastoise|spe|2
|
|upkeep
|turn|18
|inactive|chaintrainalt has 120 seconds left.
|
|t:|1757933892
|move|p1a: Blastoise|Surf|p2a: Gholdengo
|-damage|p2a: Gholdengo|9/100
|-enditem|p2a: Gholdengo|Air Balloon
|move|p2a: Gholdengo|Shadow Ball|p1a: Blastoise
|-damage|p1a: Blastoise|20/100
|
|-sideend|p1: DDNPoke|Reflect
|upkeep
|turn|19
|inactive|chaintrainalt has 120 seconds left.
|
|t:|1757933901
|move|p1a: Blastoise|Surf|p2a: Gholdengo
|-crit|p2a: Gholdengo
|-damage|p2a: Gholdengo|0 fnt
|faint|p2a: Gholdengo
|
|upkeep
|inactive|chaintrainalt has 120 seconds left.
|
|t:|1757933910
|switch|p2a: Latios|Latios, M|100/100
|turn|20
|inactive|chaintrainalt has 120 seconds left.
|
|t:|1757933945
|-terastallize|p2a: Latios|Steel
|move|p1a: Blastoise|Ice Beam|p2a: Latios
|-resisted|p2a: Latios
|-crit|p2a: Latios
|-damage|p2a: Latios|63/100
|move|p2a: Latios|Calm Mind|p2a: Latios
|-boost|p2a: Latios|spa|1
|-boost|p2a: Latios|spd|1
|
|upkeep
|turn|21
|
|t:|1757933955
|move|p1a: Blastoise|Focus Blast|p2a: Latios
|-supereffective|p2a: Latios
|-damage|p2a: Latios|0 fnt
|faint|p2a: Latios
|
|upkeep
|-message|chaintrainalt forfeited.
|
|win|DDNPoke
|raw|DDNPoke's rating: 1458 &rarr; <strong>1482</strong><br />(+24 for winning)
|raw|chaintrainalt's rating: 1521 &rarr; <strong>1497</strong><br />(-24 for losing)
|l|☆chaintrainalt
|player|p2|
|l|☆DDNPoke
|player|p1|
