|j|☆goobbie
|j|☆Shimeon91
|t:|1757910874
|gametype|singles
|player|p1|goobbie|swimmerf|1195
|player|p2|Shimeon91|266|1250
|gen|9
|tier|[Gen 9] OU
|rated|
|rule|HP Percentage Mod: HP is shown in percentages
|rule|Endless Battle Clause: Forcing endless battles is banned
|rule|Species Clause: Limit one of each Pokémon
|rule|OHKO Clause: OHKO moves are banned
|rule|Evasion Items Clause: Evasion items are banned
|rule|Evasion Moves Clause: Evasion moves are banned
|rule|Evasion Abilities Clause: Evasion abilities are banned
|rule|Sleep Moves Clause: Sleep-inducing moves are banned
|clearpoke
|poke|p1|Garchomp, F|
|poke|p1|Politoed, F|
|poke|p1|Landorus-Therian, M|
|poke|p1|Iron Valiant|
|poke|p1|Zapdos|
|poke|p1|Snorlax, M|
|poke|p2|Cetitan, F|
|poke|p2|Infernape, M|
|poke|p2|Pecharunt|
|poke|p2|Toxicroak, M|
|poke|p2|Slowking-Galar, M|
|poke|p2|Glimmora, F|
|teampreview
|inactive|Battle timer is ON: inactive players will automatically lose when time's up. (requested by Shimeon91)
|
|t:|1757910881
|teamsize|p1|6
|teamsize|p2|6
|start
|switch|p1a: Politoed|Politoed, F|100/100
|switch|p2a: Glimmora|Glimmora, F|100/100
|-weather|RainDance|[from] ability: Drizzle|[of] p1a: Politoed
|turn|1
|
|t:|1757910899
|move|p2a: Glimmora|Stealth Rock|p1a: Politoed
|-sidestart|p1: goobbie|move: Stealth Rock
|move|p1a: Politoed|Hydro Pump|p2a: Glimmora
|-supereffective|p2a: Glimmora
|-enditem|p2a: Glimmora|Focus Sash
|-damage|p2a: Glimmora|1/100
|
|-weather|RainDance|[upkeep]
|upkeep
|turn|2
|
|t:|1757910908
|switch|p2a: Toxicroak|Toxicroak, M|100/100
|-item|p2a: Toxicroak|Air Balloon
|move|p1a: Politoed|Ice Beam|p2a: Toxicroak
|-damage|p2a: Toxicroak|65/100
|-status|p2a: Toxicroak|frz
|-enditem|p2a: Toxicroak|Air Balloon
|
|-weather|RainDance|[upkeep]
|-heal|p2a: Toxicroak|77/100 frz|[from] ability: Dry Skin
|upkeep
|turn|3
|
|t:|1757910920
|cant|p2a: Toxicroak|frz
|move|p1a: Politoed|Ice Beam|p2a: Toxicroak
|-damage|p2a: Toxicroak|44/100 frz
|
|-weather|RainDance|[upkeep]
|-heal|p2a: Toxicroak|56/100 frz|[from] ability: Dry Skin
|upkeep
|turn|4
|
|t:|1757910931
|-curestatus|p2a: Toxicroak|frz|[msg]
|move|p2a: Toxicroak|Thunder Punch|p1a: Politoed
|-supereffective|p1a: Politoed
|-damage|p1a: Politoed|37/100
|move|p1a: Politoed|Ice Beam|p2a: Toxicroak
|-crit|p2a: Toxicroak
|-damage|p2a: Toxicroak|7/100
|
|-weather|RainDance|[upkeep]
|-heal|p2a: Toxicroak|19/100|[from] ability: Dry Skin
|upkeep
|turn|5
|
|t:|1757910943
|switch|p1a: Snorlax|Snorlax, M|100/100
|-damage|p1a: Snorlax|88/100|[from] Stealth Rock
|move|p2a: Toxicroak|Thunder Punch|p1a: Snorlax
|-damage|p1a: Snorlax|69/100
|
|-weather|none
|-heal|p1a: Snorlax|75/100|[from] item: Leftovers
|upkeep
|turn|6
|
|t:|1757910954
|move|p2a: Toxicroak|Close Combat|p1a: Snorlax
|-supereffective|p1a: Snorlax
|-damage|p1a: Snorlax|0 fnt
|-unboost|p2a: Toxicroak|def|1
|-unboost|p2a: Toxicroak|spd|1
|faint|p1a: Snorlax
|
|upkeep
|
|t:|1757910961
|switch|p1a: Landorus|Landorus-Therian, M|100/100
|-damage|p1a: Landorus|88/100|[from] Stealth Rock
|-ability|p1a: Landorus|Intimidate|boost
|-unboost|p2a: Toxicroak|atk|1
|turn|7
|
|t:|1757910967
|switch|p2a: Glimmora|Glimmora, F|1/100
|move|p1a: Landorus|Earthquake|p2a: Glimmora
|-supereffective|p2a: Glimmora
|-damage|p2a: Glimmora|0 fnt
|-activate|p2a: Glimmora|ability: Toxic Debris
|-sidestart|p1: goobbie|move: Toxic Spikes
|faint|p2a: Glimmora
|
|upkeep
|
|t:|1757910980
|switch|p2a: Cetitan|Cetitan, F, shiny|100/100
|turn|8
|
|t:|1757910987
|switch|p1a: Iron Valiant|Iron Valiant, shiny|100/100
|-damage|p1a: Iron Valiant|94/100|[from] Stealth Rock
|-status|p1a: Iron Valiant|psn
|-enditem|p1a: Iron Valiant|Booster Energy
|-activate|p1a: Iron Valiant|ability: Quark Drive|[fromitem]
|-start|p1a: Iron Valiant|quarkdrivespe
|move|p2a: Cetitan|Ice Spinner|p1a: Iron Valiant
|-damage|p1a: Iron Valiant|47/100 psn
|
|-damage|p1a: Iron Valiant|35/100 psn|[from] psn
|upkeep
|turn|9
|
|t:|1757910999
|switch|p2a: Slowking|Slowking-Galar, M|100/100
|move|p1a: Iron Valiant|Close Combat|p2a: Slowking
|-resisted|p2a: Slowking
|-damage|p2a: Slowking|87/100
|-unboost|p1a: Iron Valiant|def|1
|-unboost|p1a: Iron Valiant|spd|1
|
|-damage|p1a: Iron Valiant|22/100 psn|[from] psn
|upkeep
|turn|10
|
|t:|1757911010
|switch|p2a: Infernape|Infernape, M|100/100
|move|p1a: Iron Valiant|Fire Punch|p2a: Infernape
|-resisted|p2a: Infernape
|-damage|p2a: Infernape|84/100
|
|-damage|p1a: Iron Valiant|10/100 psn|[from] psn
|upkeep
|turn|11
|
|t:|1757911022
|switch|p2a: Slowking|Slowking-Galar, M|100/100
|move|p1a: Iron Valiant|Spirit Break|p2a: Slowking
|-resisted|p2a: Slowking
|-damage|p2a: Slowking|81/100
|-unboost|p2a: Slowking|spa|1
|
|-damage|p1a: Iron Valiant|0 fnt|[from] psn
|faint|p1a: Iron Valiant
|-end|p1a: Iron Valiant|Quark Drive|[silent]
|upkeep
|
|t:|1757911038
|switch|p1a: Politoed|Politoed, F|37/100
|-damage|p1a: Politoed|24/100|[from] Stealth Rock
|-status|p1a: Politoed|psn
|-weather|RainDance|[from] ability: Drizzle|[of] p1a: Politoed
|turn|12
|
|t:|1757911045
|move|p1a: Politoed|Surf|p2a: Slowking
|-damage|p2a: Slowking|54/100
|-prepare|p2a: Slowking|Chilly Reception|[premajor]
|move|p2a: Slowking|Chilly Reception|p2a: Slowking
|-weather|Snowscape
|
|t:|1757911051
|switch|p2a: Cetitan|Cetitan, F, shiny|100/100|[from] Chilly Reception
|
|-weather|Snowscape|[upkeep]
|-damage|p1a: Politoed|12/100 psn|[from] psn
|upkeep
|turn|13
|
|t:|1757911058
|move|p2a: Cetitan|Ice Spinner|p1a: Politoed
|-resisted|p1a: Politoed
|-damage|p1a: Politoed|0 fnt
|faint|p1a: Politoed
|
|-weather|Snowscape|[upkeep]
|upkeep
|
|t:|1757911063
|switch|p1a: Landorus|Landorus-Therian, M|88/100
|-damage|p1a: Landorus|76/100|[from] Stealth Rock
|-ability|p1a: Landorus|Intimidate|boost
|-unboost|p2a: Cetitan|atk|1
|turn|14
|
|t:|1757911074
|-terastallize|p1a: Landorus|Flying
|move|p2a: Cetitan|Ice Spinner|p1a: Landorus
|-supereffective|p1a: Landorus
|-damage|p1a: Landorus|12/100
|move|p1a: Landorus|Stone Edge|p2a: Cetitan|[miss]
|-miss|p1a: Landorus|p2a: Cetitan
|
|-weather|Snowscape|[upkeep]
|upkeep
|turn|15
|
|t:|1757911086
|move|p2a: Cetitan|Ice Shard|p1a: Landorus
|-supereffective|p1a: Landorus
|-damage|p1a: Landorus|0 fnt
|faint|p1a: Landorus
|
|-weather|Snowscape|[upkeep]
|upkeep
|
|t:|1757911089
|switch|p1a: Garchomp|Garchomp, F|100/100
|-damage|p1a: Garchomp|94/100|[from] Stealth Rock
|-status|p1a: Garchomp|psn
|turn|16
|
|t:|1757911097
|move|p2a: Cetitan|Ice Spinner|p1a: Garchomp
|-supereffective|p1a: Garchomp
|-damage|p1a: Garchomp|0 fnt
|-damage|p2a: Cetitan|88/100|[from] ability: Rough Skin|[of] p1a: Garchomp
|-damage|p2a: Cetitan|71/100|[from] item: Rocky Helmet|[of] p1a: Garchomp
|faint|p1a: Garchomp
|
|-weather|none
|upkeep
|-message|goobbie forfeited.
|
|win|Shimeon91
|raw|goobbie's rating: 1195 &rarr; <strong>1174</strong><br />(-21 for losing)
|raw|Shimeon91's rating: 1250 &rarr; <strong>1271</strong><br />(+21 for winning)
|l|☆goobbie
|player|p1|
|l|☆Shimeon91
|player|p2|
