|j|☆sailormooo
|j|☆dvdegvedgebed
|t:|1757909564
|gametype|singles
|player|p1|sailormooo|whitney|1165
|player|p2|dvdegvedgebed|170|1167
|gen|9
|tier|[Gen 9] OU
|rated|
|rule|HP Percentage Mod: HP is shown in percentages
|rule|Endless Battle Clause: Forcing endless battles is banned
|rule|Species Clause: Limit one of each Pokémon
|rule|OHKO Clause: OHKO moves are banned
|rule|Evasion Items Clause: Evasion items are banned
|rule|Evasion Moves Clause: Evasion moves are banned
|rule|Evasion Abilities Clause: Evasion abilities are banned
|rule|Sleep Moves Clause: Sleep-inducing moves are banned
|clearpoke
|poke|p1|Maushold-Four|
|poke|p1|Zoroark-Hisui, M|
|poke|p1|Ursaluna, F|
|poke|p1|Ditto|
|poke|p1|Arboliva, F|
|poke|p1|Wyrdeer, F|
|poke|p2|Hitmontop, M|
|poke|p2|Ariados, M|
|poke|p2|Haunter, F|
|poke|p2|Moltres-Galar|
|poke|p2|Iron Hands|
|poke|p2|Cyclizar, M|
|teampreview
|inactive|Battle timer is ON: inactive players will automatically lose when time's up. (requested by sailormooo)
|
|t:|1757909575
|teamsize|p1|6
|teamsize|p2|6
|start
|switch|p1a: Arboliva|Arboliva, F, shiny|100/100
|switch|p2a: Ariados|Ariados, M|100/100
|turn|1
|
|t:|1757909583
|move|p2a: Ariados|Toxic|p1a: Arboliva
|-status|p1a: Arboliva|tox
|move|p1a: Arboliva|Earth Power|p2a: Ariados
|-damage|p2a: Ariados|75/100
|-unboost|p2a: Ariados|spd|1
|
|-damage|p1a: Arboliva|94/100 tox|[from] psn
|upkeep
|turn|2
|
|t:|1757909589
|move|p2a: Ariados|Leech Life|p1a: Arboliva
|-supereffective|p1a: Arboliva
|-damage|p1a: Arboliva|39/100 tox
|-heal|p2a: Ariados|100/100|[from] drain|[of] p1a: Arboliva
|-enditem|p1a: Arboliva|Sitrus Berry|[eat]
|-heal|p1a: Arboliva|64/100 tox|[from] item: Sitrus Berry
|move|p1a: Arboliva|Leech Seed|p2a: Ariados
|-start|p2a: Ariados|move: Leech Seed
|
|-damage|p2a: Ariados|88/100|[from] Leech Seed|[of] p1a: Arboliva
|-heal|p1a: Arboliva|75/100 tox|[silent]
|-damage|p1a: Arboliva|63/100 tox|[from] psn
|upkeep
|turn|3
|
|t:|1757909601
|move|p1a: Arboliva|Protect|p1a: Arboliva
|-singleturn|p1a: Arboliva|Protect
|move|p2a: Ariados|Leech Life|p1a: Arboliva
|-activate|p1a: Arboliva|move: Protect
|
|-damage|p2a: Ariados|76/100|[from] Leech Seed|[of] p1a: Arboliva
|-heal|p1a: Arboliva|73/100 tox|[silent]
|-damage|p1a: Arboliva|55/100 tox|[from] psn
|-item|p1a: Arboliva|Sitrus Berry|[from] ability: Harvest
|upkeep
|turn|4
|
|t:|1757909610
|switch|p2a: Hitmontop|Hitmontop, M|100/100
|-item|p2a: Hitmontop|Air Balloon
|move|p1a: Arboliva|Protect||[still]
|-fail|p1a: Arboliva
|
|-damage|p1a: Arboliva|31/100 tox|[from] psn
|upkeep
|-enditem|p1a: Arboliva|Sitrus Berry|[eat]
|-heal|p1a: Arboliva|55/100 tox|[from] item: Sitrus Berry
|turn|5
|
|t:|1757909617
|move|p2a: Hitmontop|Fake Out|p1a: Arboliva
|-damage|p1a: Arboliva|38/100 tox
|cant|p1a: Arboliva|flinch
|
|-damage|p1a: Arboliva|8/100 tox|[from] psn
|-item|p1a: Arboliva|Sitrus Berry|[from] ability: Harvest
|upkeep
|-enditem|p1a: Arboliva|Sitrus Berry|[eat]
|-heal|p1a: Arboliva|33/100 tox|[from] item: Sitrus Berry
|turn|6
|
|t:|1757909620
|move|p2a: Hitmontop|Mach Punch|p1a: Arboliva
|-supereffective|p1a: Arboliva
|-damage|p1a: Arboliva|0 fnt
|faint|p1a: Arboliva
|
|upkeep
|
|t:|1757909624
|switch|p1a: Maushold|Maushold-Four, shiny|100/100
|turn|7
|
|t:|1757909628
|move|p1a: Maushold|Substitute|p1a: Maushold
|-start|p1a: Maushold|Substitute
|-damage|p1a: Maushold|76/100
|move|p2a: Hitmontop|Bulldoze|p1a: Maushold
|-end|p1a: Maushold|Substitute
|
|-heal|p1a: Maushold|82/100|[from] item: Leftovers
|upkeep
|turn|8
|
|t:|1757909634
|move|p1a: Maushold|Substitute|p1a: Maushold
|-start|p1a: Maushold|Substitute
|-damage|p1a: Maushold|57/100
|move|p2a: Hitmontop|Bulldoze|p1a: Maushold
|-end|p1a: Maushold|Substitute
|
|-heal|p1a: Maushold|63/100|[from] item: Leftovers
|upkeep
|turn|9
|
|t:|1757909639
|move|p2a: Hitmontop|Mach Punch|p1a: Maushold
|-immune|p1a: Maushold
|move|p1a: Maushold|Substitute|p1a: Maushold
|-start|p1a: Maushold|Substitute
|-damage|p1a: Maushold|38/100
|
|-heal|p1a: Maushold|44/100|[from] item: Leftovers
|upkeep
|turn|10
|
|t:|1757909643
|move|p1a: Maushold|Dark Pulse|p2a: Hitmontop
|-resisted|p2a: Hitmontop
|-damage|p2a: Hitmontop|88/100
|-enditem|p2a: Hitmontop|Air Balloon
|move|p2a: Hitmontop|Bulldoze|p1a: Maushold
|-end|p1a: Maushold|Substitute
|
|-heal|p1a: Maushold|50/100|[from] item: Leftovers
|upkeep
|turn|11
|
|t:|1757909647
|move|p1a: Maushold|Sludge Bomb|p2a: Hitmontop
|-damage|p2a: Hitmontop|56/100
|move|p2a: Hitmontop|Thief|p1a: Maushold
|-supereffective|p1a: Maushold
|-damage|p1a: Maushold|0 fnt
|replace|p1a: Zoroark|Zoroark-Hisui, M, shiny
|-end|p1a: Zoroark|Illusion
|-enditem|p1a: Zoroark|Leftovers|[silent]|[from] move: Thief|[of] p2a: Hitmontop
|-item|p2a: Hitmontop|Leftovers|[from] move: Thief|[of] p1a: Zoroark
|faint|p1a: Zoroark
|
|-heal|p2a: Hitmontop|62/100|[from] item: Leftovers
|upkeep
|
|t:|1757909653
|switch|p1a: Wyrdeer|Wyrdeer, F, shiny|100/100
|-ability|p1a: Wyrdeer|Intimidate|boost
|-unboost|p2a: Hitmontop|atk|1
|turn|12
|
|t:|1757909659
|switch|p2a: Moltres|Moltres-Galar|100/100
|move|p1a: Wyrdeer|Calm Mind|p1a: Wyrdeer
|-boost|p1a: Wyrdeer|spa|1
|-boost|p1a: Wyrdeer|spd|1
|
|upkeep
|turn|13
|
|t:|1757909665
|-terastallize|p1a: Wyrdeer|Fairy
|move|p2a: Moltres|Hurricane|p1a: Wyrdeer
|-damage|p1a: Wyrdeer|53/100
|-start|p1a: Wyrdeer|confusion
|-activate|p1a: Wyrdeer|confusion
|move|p1a: Wyrdeer|Thunderbolt|p2a: Moltres
|-supereffective|p2a: Moltres
|-damage|p2a: Moltres|34/100
|-status|p2a: Moltres|par
|-ability|p2a: Moltres|Berserk|boost
|-boost|p2a: Moltres|spa|1
|
|-heal|p1a: Wyrdeer|59/100|[from] item: Leftovers
|upkeep
|turn|14
|
|t:|1757909675
|-activate|p1a: Wyrdeer|confusion
|move|p1a: Wyrdeer|Thunderbolt|p2a: Moltres
|-supereffective|p2a: Moltres
|-damage|p2a: Moltres|0 fnt
|faint|p2a: Moltres
|
|-heal|p1a: Wyrdeer|65/100|[from] item: Leftovers
|upkeep
|
|t:|1757909680
|switch|p2a: Haunter|Haunter, F|100/100
|turn|15
|
|t:|1757909685
|-terastallize|p2a: Haunter|Ghost
|move|p2a: Haunter|Sludge Bomb|p1a: Wyrdeer
|-supereffective|p1a: Wyrdeer
|-damage|p1a: Wyrdeer|6/100
|-end|p1a: Wyrdeer|confusion
|move|p1a: Wyrdeer|Psychic|p2a: Haunter
|-damage|p2a: Haunter|0 fnt
|faint|p2a: Haunter
|
|-heal|p1a: Wyrdeer|12/100|[from] item: Leftovers
|upkeep
|
|t:|1757909694
|switch|p2a: Hitmontop|Hitmontop, M|62/100
|turn|16
|
|t:|1757909698
|move|p2a: Hitmontop|Fake Out|p1a: Wyrdeer
|-damage|p1a: Wyrdeer|0 fnt
|faint|p1a: Wyrdeer
|
|-heal|p2a: Hitmontop|68/100|[from] item: Leftovers
|upkeep
|
|t:|1757909701
|switch|p1a: Ursaluna|Ursaluna, F, shiny|100/100
|turn|17
|
|t:|1757909709
|switch|p2a: Cyclizar|Cyclizar, M|100/100
|move|p1a: Ursaluna|Trailblaze|p2a: Cyclizar
|-resisted|p2a: Cyclizar
|-damage|p2a: Cyclizar|84/100
|-boost|p1a: Ursaluna|spe|1
|
|-status|p1a: Ursaluna|brn|[from] item: Flame Orb
|upkeep
|turn|18
|
|t:|1757909717
|move|p2a: Cyclizar|Draco Meteor|p1a: Ursaluna
|-damage|p1a: Ursaluna|53/100 brn
|-unboost|p2a: Cyclizar|spa|2
|move|p1a: Ursaluna|Facade|p2a: Cyclizar
|-damage|p2a: Cyclizar|0 fnt
|faint|p2a: Cyclizar
|
|-damage|p1a: Ursaluna|47/100 brn|[from] brn
|upkeep
|
|t:|1757909721
|switch|p2a: Hitmontop|Hitmontop, M|68/100
|turn|19
|
|t:|1757909723
|move|p2a: Hitmontop|Fake Out|p1a: Ursaluna
|-damage|p1a: Ursaluna|34/100 brn
|cant|p1a: Ursaluna|flinch
|
|-heal|p2a: Hitmontop|74/100|[from] item: Leftovers
|-damage|p1a: Ursaluna|28/100 brn|[from] brn
|upkeep
|turn|20
|
|t:|1757909726
|move|p2a: Hitmontop|Mach Punch|p1a: Ursaluna
|-supereffective|p1a: Ursaluna
|-damage|p1a: Ursaluna|0 fnt
|faint|p1a: Ursaluna
|
|-heal|p2a: Hitmontop|79/100|[from] item: Leftovers
|upkeep
|
|t:|1757909731
|switch|p1a: Maushold|Maushold-Four, shiny|100/100
|turn|21
|
|t:|1757909736
|move|p2a: Hitmontop|Mach Punch|p1a: Maushold
|-supereffective|p1a: Maushold
|-damage|p1a: Maushold|23/100
|move|p1a: Maushold|Tidy Up|p1a: Maushold
|-boost|p1a: Maushold|atk|1
|-boost|p1a: Maushold|spe|1
|
|-heal|p2a: Hitmontop|85/100|[from] item: Leftovers
|upkeep
|turn|22
|
|t:|1757909741
|move|p2a: Hitmontop|Mach Punch|p1a: Maushold
|-supereffective|p1a: Maushold
|-damage|p1a: Maushold|0 fnt
|faint|p1a: Maushold
|
|-heal|p2a: Hitmontop|91/100|[from] item: Leftovers
|upkeep
|
|t:|1757909743
|switch|p1a: Ditto|Ditto, shiny|100/100
|-transform|p1a: Ditto|p2a: Hitmontop|[from] ability: Imposter
|turn|23
|
|t:|1757909746
|move|p1a: Ditto|Fake Out|p2a: Hitmontop
|-damage|p2a: Hitmontop|67/100
|cant|p2a: Hitmontop|flinch
|
|-heal|p2a: Hitmontop|72/100|[from] item: Leftovers
|upkeep
|turn|24
|-message|sailormooo forfeited.
|
|win|dvdegvedgebed
|raw|sailormooo's rating: 1165 &rarr; <strong>1140</strong><br />(-25 for losing)
|raw|dvdegvedgebed's rating: 1167 &rarr; <strong>1192</strong><br />(+25 for winning)
|l|☆sailormooo
|player|p1|
