|j|☆ghost92i
|j|☆Femb0yserperior<3
|t:|1757860984
|gametype|singles
|player|p1|ghost92i|clerk-boss|1057
|player|p2|Femb0yserperior<3|elesa|1099
|gen|9
|tier|[Gen 9] OU
|rated|
|rule|HP Percentage Mod: HP is shown in percentages
|rule|Endless Battle Clause: Forcing endless battles is banned
|rule|Species Clause: Limit one of each Pokémon
|rule|OHKO Clause: OHKO moves are banned
|rule|Evasion Items Clause: Evasion items are banned
|rule|Evasion Moves Clause: Evasion moves are banned
|rule|Evasion Abilities Clause: Evasion abilities are banned
|rule|Sleep Moves Clause: Sleep-inducing moves are banned
|clearpoke
|poke|p1|Great Tusk|
|poke|p1|Slowking-Galar, M|
|poke|p1|Alomomola, F|
|poke|p1|Kingambit, F|
|poke|p1|Dragapult, F|
|poke|p1|Toucannon, M|
|poke|p2|Toxtricity-Low-Key, F|
|poke|p2|Iron Moth|
|poke|p2|Cloyster, F|
|poke|p2|Maushold|
|poke|p2|Shiftry, M|
|poke|p2|Necrozma|
|teampreview
|inactive|Battle timer is ON: inactive players will automatically lose when time's up. (requested by Femb0yserperior<3)
|
|t:|1757860998
|teamsize|p1|6
|teamsize|p2|6
|start
|switch|p1a: Dragapult|Dragapult, F|100/100
|switch|p2a: Cloyster|Cloyster, F, shiny|100/100
|turn|1
|
|t:|1757861015
|move|p1a: Dragapult|Thunderbolt|p2a: Cloyster
|-supereffective|p2a: Cloyster
|-crit|p2a: Cloyster
|-damage|p2a: Cloyster|0 fnt
|faint|p2a: Cloyster
|
|upkeep
|
|t:|1757861019
|switch|p2a: Shiftry|Shiftry, M, shiny|100/100
|turn|2
|
|t:|1757861031
|switch|p1a: Kingambit|Kingambit, F|100/100
|move|p2a: Shiftry|Tailwind|p2a: Shiftry
|-sidestart|p2: Femb0yserperior<3|move: Tailwind
|-ability|p2a: Shiftry|Wind Rider|boost
|-boost|p2a: Shiftry|atk|1
|
|upkeep
|turn|3
|
|t:|1757861041
|move|p2a: Shiftry|Leaf Blade|p1a: Kingambit
|-resisted|p1a: Kingambit
|-damage|p1a: Kingambit|74/100
|move|p1a: Kingambit|Low Kick|p2a: Shiftry
|-supereffective|p2a: Shiftry
|-damage|p2a: Shiftry|2/100
|
|-heal|p1a: Kingambit|80/100|[from] item: Leftovers
|upkeep
|turn|4
|
|t:|1757861053
|move|p1a: Kingambit|Sucker Punch|p2a: Shiftry
|-resisted|p2a: Shiftry
|-damage|p2a: Shiftry|0 fnt
|faint|p2a: Shiftry
|
|-heal|p1a: Kingambit|86/100|[from] item: Leftovers
|upkeep
|
|t:|1757861062
|switch|p2a: Toxtricity|Toxtricity-Low-Key, F, shiny|100/100
|-item|p2a: Toxtricity|Air Balloon
|turn|5
|
|t:|1757861080
|-terastallize|p1a: Kingambit|Fire
|move|p2a: Toxtricity|Overdrive|p1a: Kingambit
|-damage|p1a: Kingambit|29/100
|move|p1a: Kingambit|Swords Dance|p1a: Kingambit
|-boost|p1a: Kingambit|atk|2
|
|-heal|p1a: Kingambit|35/100|[from] item: Leftovers
|-sideend|p2: Femb0yserperior<3|move: Tailwind
|upkeep
|turn|6
|
|t:|1757861091
|move|p1a: Kingambit|Sucker Punch|p2a: Toxtricity
|-damage|p2a: Toxtricity|2/100
|-enditem|p2a: Toxtricity|Air Balloon
|move|p2a: Toxtricity|Overdrive|p1a: Kingambit
|-damage|p1a: Kingambit|0 fnt
|faint|p1a: Kingambit
|-end|p1a: Kingambit|fallenundefined|[silent]
|
|upkeep
|
|t:|1757861106
|switch|p1a: Toucannon|Toucannon, M|100/100
|turn|7
|
|t:|1757861110
|switch|p1a: Great Tusk|Great Tusk|100/100
|move|p2a: Toxtricity|Boomburst|p1a: Great Tusk
|-damage|p1a: Great Tusk|25/100
|
|upkeep
|turn|8
|
|t:|1757861119
|move|p1a: Great Tusk|Rapid Spin|p2a: Toxtricity
|-damage|p2a: Toxtricity|0 fnt
|-boost|p1a: Great Tusk|spe|1
|faint|p2a: Toxtricity
|
|upkeep
|
|t:|1757861122
|switch|p2a: Necrozma|Necrozma, shiny|100/100
|turn|9
|
|t:|1757861129
|move|p1a: Great Tusk|Stealth Rock|p2a: Necrozma
|-sidestart|p2: Femb0yserperior<3|move: Stealth Rock
|move|p2a: Necrozma|Photon Geyser|p1a: Great Tusk
|-supereffective|p1a: Great Tusk
|-crit|p1a: Great Tusk
|-damage|p1a: Great Tusk|0 fnt
|faint|p1a: Great Tusk
|-end|p1a: Great Tusk|Protosynthesis|[silent]
|
|upkeep
|
|t:|1757861141
|switch|p1a: Dragapult|Dragapult, F|100/100
|turn|10
|
|t:|1757861146
|move|p1a: Dragapult|Shadow Ball|p2a: Necrozma
|-supereffective|p2a: Necrozma
|-damage|p2a: Necrozma|31/100
|move|p2a: Necrozma|Photon Geyser|p1a: Dragapult
|-damage|p1a: Dragapult|0 fnt
|faint|p1a: Dragapult
|
|upkeep
|
|t:|1757861162
|switch|p1a: Toucannon|Toucannon, M|100/100
|turn|11
|
|t:|1757861169
|move|p1a: Toucannon|Brave Bird|p2a: Necrozma
|-damage|p2a: Necrozma|0 fnt
|faint|p2a: Necrozma
|-damage|p1a: Toucannon|87/100|[from] Recoil
|
|upkeep
|
|t:|1757861175
|switch|p2a: Maushold|Maushold, shiny|100/100
|-damage|p2a: Maushold|88/100|[from] Stealth Rock
|turn|12
|
|t:|1757861193
|move|p2a: Maushold|Population Bomb|p1a: Toucannon
|-damage|p1a: Toucannon|71/100
|-damage|p1a: Toucannon|54/100
|-damage|p1a: Toucannon|39/100
|-damage|p1a: Toucannon|22/100
|-hitcount|p1a: Toucannon|4
|move|p1a: Toucannon|Brave Bird|p2a: Maushold
|-damage|p2a: Maushold|0 fnt
|faint|p2a: Maushold
|-damage|p1a: Toucannon|0 fnt|[from] Recoil
|faint|p1a: Toucannon
|
|upkeep
|
|t:|1757861208
|switch|p2a: Iron Moth|Iron Moth, shiny|100/100
|switch|p1a: Alomomola|Alomomola, F|100/100
|-damage|p2a: Iron Moth|76/100|[from] Stealth Rock
|-item|p2a: Iron Moth|Air Balloon
|turn|13
|
|t:|1757861219
|move|p2a: Iron Moth|Energy Ball|p1a: Alomomola
|-supereffective|p1a: Alomomola
|-damage|p1a: Alomomola|20/100
|move|p1a: Alomomola|Scald|p2a: Iron Moth
|-supereffective|p2a: Iron Moth
|-damage|p2a: Iron Moth|49/100
|-enditem|p2a: Iron Moth|Air Balloon
|
|upkeep
|turn|14
|
|t:|1757861229
|switch|p1a: Slowking|Slowking-Galar, M|100/100
|move|p2a: Iron Moth|Energy Ball|p1a: Slowking
|-resisted|p1a: Slowking
|-damage|p1a: Slowking|90/100
|
|upkeep
|turn|15
|
|t:|1757861240
|move|p2a: Iron Moth|Fiery Dance|p1a: Slowking
|-damage|p1a: Slowking|62/100
|-boost|p2a: Iron Moth|spa|1
|move|p1a: Slowking|Thunder Wave|p2a: Iron Moth
|-status|p2a: Iron Moth|par
|
|upkeep
|turn|16
|
|t:|1757861253
|move|p2a: Iron Moth|Energy Ball|p1a: Slowking
|-resisted|p1a: Slowking
|-damage|p1a: Slowking|48/100
|move|p1a: Slowking|Flamethrower|p2a: Iron Moth
|-resisted|p2a: Iron Moth
|-damage|p2a: Iron Moth|38/100 par
|
|upkeep
|turn|17
|inactive|ghost92i has 120 seconds left.
|
|t:|1757861273
|move|p2a: Iron Moth|Fiery Dance|p1a: Slowking
|-damage|p1a: Slowking|11/100
|-boost|p2a: Iron Moth|spa|1
|-prepare|p1a: Slowking|Chilly Reception|[premajor]
|move|p1a: Slowking|Chilly Reception|p1a: Slowking
|-weather|Snowscape
|inactive|ghost92i has 120 seconds left.
|
|t:|1757861280
|switch|p1a: Alomomola|Alomomola, F|53/100|[from] Chilly Reception
|
|-weather|Snowscape|[upkeep]
|upkeep
|turn|18
|
|t:|1757861286
|-terastallize|p2a: Iron Moth|Grass
|move|p2a: Iron Moth|Energy Ball|p1a: Alomomola
|-supereffective|p1a: Alomomola
|-damage|p1a: Alomomola|0 fnt
|faint|p1a: Alomomola
|
|-weather|Snowscape|[upkeep]
|upkeep
|
|t:|1757861295
|switch|p1a: Slowking|Slowking-Galar, M|44/100
|turn|19
|
|t:|1757861299
|move|p2a: Iron Moth|Fiery Dance|p1a: Slowking
|-damage|p1a: Slowking|0 fnt
|-boost|p2a: Iron Moth|spa|1
|faint|p1a: Slowking
|
|win|Femb0yserperior<3
|raw|ghost92i's rating: 1057 &rarr; <strong>1041</strong><br />(-16 for losing)
|raw|Femb0yserperior&lt;3's rating: 1099 &rarr; <strong>1121</strong><br />(+22 for winning)
|c|☆Femb0yserperior<3|gg
|l|☆Femb0yserperior<3
|player|p2|
|l|☆ghost92i
|player|p1|
