|j|☆lzc123456
|j|☆LaFlareDaGOD
|t:|1757919681
|gametype|singles
|player|p1|lzc123456|cynthia-gen4|1655
|player|p2|LaFlareDaGOD|iris-gen5bw2|1723
|gen|9
|tier|[Gen 9] OU
|rated|
|rule|HP Percentage Mod: HP is shown in percentages
|rule|Endless Battle Clause: Forcing endless battles is banned
|rule|Species Clause: Limit one of each Pokémon
|rule|OHKO Clause: OHKO moves are banned
|rule|Evasion Items Clause: Evasion items are banned
|rule|Evasion Moves Clause: Evasion moves are banned
|rule|Evasion Abilities Clause: Evasion abilities are banned
|rule|Sleep Moves Clause: Sleep-inducing moves are banned
|clearpoke
|poke|p1|Tornadus-Therian, M|
|poke|p1|Garganacl, M|
|poke|p1|Hydrapple, F|
|poke|p1|Gholdengo|
|poke|p1|Great Tusk|
|poke|p1|Kingambit, M|
|poke|p2|Enamorus, F|
|poke|p2|Araquanid, M|
|poke|p2|Cinderace, M|
|poke|p2|Kingambit, M|
|poke|p2|Serperior, F|
|poke|p2|Ceruledge, M|
|teampreview
|inactive|Battle timer is ON: inactive players will automatically lose when time's up. (requested by LaFlareDaGOD)
|
|t:|1757919691
|teamsize|p1|6
|teamsize|p2|6
|start
|switch|p1a: Tornadus|Tornadus-Therian, M, shiny|100/100
|switch|p2a: Araquanid|Araquanid, M, shiny|100/100
|turn|1
|
|t:|1757919697
|move|p1a: Tornadus|Bleakwind Storm|p2a: Araquanid
|-supereffective|p2a: Araquanid
|-damage|p2a: Araquanid|40/100
|move|p2a: Araquanid|Sticky Web|p1a: Tornadus
|-sidestart|p1: lzc123456|move: Sticky Web
|
|upkeep
|turn|2
|j| pokerus11
|
|t:|1757919715
|move|p2a: Araquanid|Endure|p2a: Araquanid
|-singleturn|p2a: Araquanid|move: Endure
|move|p1a: Tornadus|U-turn|p2a: Araquanid
|-damage|p2a: Araquanid|27/100
|
|t:|1757919717
|switch|p1a: Great Tusk|Great Tusk|100/100|[from] U-turn
|
|upkeep
|turn|3
|
|t:|1757919725
|move|p1a: Great Tusk|Rapid Spin|p2a: Araquanid
|-damage|p2a: Araquanid|10/100
|-boost|p1a: Great Tusk|spe|1
|-sideend|p1: lzc123456|Sticky Web|[from] move: Rapid Spin|[of] p1a: Great Tusk
|move|p2a: Araquanid|Surf|p1a: Great Tusk
|-supereffective|p1a: Great Tusk
|-damage|p1a: Great Tusk|0 fnt
|faint|p1a: Great Tusk
|-end|p1a: Great Tusk|Protosynthesis|[silent]
|
|upkeep
|
|t:|1757919742
|switch|p1a: Garganacl|Garganacl, M|100/100
|turn|4
|l| pokerus11
|-enditem|p2a: Araquanid|Custap Berry|[eat]
|-activate|p2a: Araquanid|item: Custap Berry|[consumed]
|
|t:|1757919751
|move|p2a: Araquanid|Surf|p1a: Garganacl
|-supereffective|p1a: Garganacl
|-damage|p1a: Garganacl|20/100
|move|p1a: Garganacl|Iron Defense|p1a: Garganacl
|-boost|p1a: Garganacl|def|2
|
|-heal|p1a: Garganacl|26/100|[from] item: Leftovers
|upkeep
|turn|5
|
|t:|1757919761
|move|p2a: Araquanid|Surf|p1a: Garganacl
|-supereffective|p1a: Garganacl
|-damage|p1a: Garganacl|0 fnt
|faint|p1a: Garganacl
|
|upkeep
|
|t:|1757919766
|switch|p1a: Hydrapple|Hydrapple, F, shiny|100/100
|-ability|p1a: Hydrapple|Supersweet Syrup
|-unboost|p2a: Araquanid|evasion|1
|turn|6
|
|t:|1757919788
|move|p1a: Hydrapple|Giga Drain|p2a: Araquanid
|-damage|p2a: Araquanid|0 fnt
|faint|p2a: Araquanid
|
|upkeep
|
|t:|1757919804
|switch|p2a: Serperior|Serperior, F, shiny|100/100
|turn|7
|
|t:|1757919822
|switch|p1a: Gholdengo|Gholdengo|100/100
|move|p2a: Serperior|Glare|p1a: Gholdengo
|-immune|p1a: Gholdengo|[from] ability: Good as Gold
|
|upkeep
|turn|8
|
|t:|1757919829
|switch|p2a: Cinderace|Cinderace, M, shiny|100/100
|move|p1a: Gholdengo|Thunder Wave|p2a: Cinderace|[miss]
|-miss|p1a: Gholdengo|p2a: Cinderace
|
|upkeep
|turn|9
|
|t:|1757919836
|move|p1a: Gholdengo|Thunder Wave|p2a: Cinderace
|-status|p2a: Cinderace|par
|move|p2a: Cinderace|Pyro Ball|p1a: Gholdengo|[miss]
|-miss|p2a: Cinderace|p1a: Gholdengo
|
|upkeep
|turn|10
|
|t:|1757919843
|switch|p1a: Tornadus|Tornadus-Therian, M, shiny|100/100
|move|p2a: Cinderace|Pyro Ball|p1a: Tornadus|[miss]
|-miss|p2a: Cinderace|p1a: Tornadus
|
|upkeep
|turn|11
|
|t:|1757919849
|move|p1a: Tornadus|Knock Off|p2a: Cinderace
|-damage|p2a: Cinderace|74/100 par
|-enditem|p2a: Cinderace|Focus Sash|[from] move: Knock Off|[of] p1a: Tornadus
|cant|p2a: Cinderace|par
|
|upkeep
|turn|12
|
|t:|1757919858
|move|p1a: Tornadus|Bleakwind Storm|p2a: Cinderace
|-damage|p2a: Cinderace|21/100 par
|-unboost|p2a: Cinderace|spe|1
|cant|p2a: Cinderace|par
|
|upkeep
|turn|13
|
|t:|1757919865
|move|p2a: Cinderace|Sucker Punch|p1a: Tornadus
|-start|p2a: Cinderace|typechange|Dark|[from] ability: Libero
|-damage|p1a: Tornadus|58/100
|move|p1a: Tornadus|Tera Blast|p2a: Cinderace
|-damage|p2a: Cinderace|0 fnt
|faint|p2a: Cinderace
|
|upkeep
|
|t:|1757919875
|switch|p2a: Enamorus|Enamorus, F|100/100
|turn|14
|
|t:|1757919883
|-terastallize|p2a: Enamorus|Fairy
|move|p1a: Tornadus|Knock Off|p2a: Enamorus
|-resisted|p2a: Enamorus
|-damage|p2a: Enamorus|85/100
|-enditem|p2a: Enamorus|Choice Specs|[from] move: Knock Off|[of] p1a: Tornadus
|move|p2a: Enamorus|Moonblast|p1a: Tornadus
|-damage|p1a: Tornadus|12/100
|
|upkeep
|turn|15
|
|t:|1757919902
|switch|p1a: Gholdengo|Gholdengo|100/100
|move|p2a: Enamorus|Moonblast|p1a: Gholdengo
|-resisted|p1a: Gholdengo
|-crit|p1a: Gholdengo
|-damage|p1a: Gholdengo|42/100
|
|upkeep
|turn|16
|
|t:|1757919915
|move|p1a: Gholdengo|Make It Rain|p2a: Enamorus
|-supereffective|p2a: Enamorus
|-damage|p2a: Enamorus|0 fnt
|-unboost|p1a: Gholdengo|spa|1
|faint|p2a: Enamorus
|
|upkeep
|
|t:|1757919922
|switch|p2a: Ceruledge|Ceruledge, M, shiny|100/100
|turn|17
|
|t:|1757919931
|move|p1a: Gholdengo|Make It Rain|p2a: Ceruledge
|-resisted|p2a: Ceruledge
|-damage|p2a: Ceruledge|76/100
|-unboost|p1a: Gholdengo|spa|1
|move|p2a: Ceruledge|Swords Dance|p2a: Ceruledge
|-boost|p2a: Ceruledge|atk|2
|
|upkeep
|turn|18
|
|t:|1757919940
|move|p1a: Gholdengo|Make It Rain|p2a: Ceruledge
|-resisted|p2a: Ceruledge
|-damage|p2a: Ceruledge|59/100
|-unboost|p1a: Gholdengo|spa|1
|move|p2a: Ceruledge|Bitter Blade|p1a: Gholdengo
|-supereffective|p1a: Gholdengo
|-damage|p1a: Gholdengo|0 fnt
|-heal|p2a: Ceruledge|82/100|[from] drain|[of] p1a: Gholdengo
|faint|p1a: Gholdengo
|
|upkeep
|
|t:|1757919966
|switch|p1a: Hydrapple|Hydrapple, F, shiny|100/100
|turn|19
|
|t:|1757919970
|move|p2a: Ceruledge|Bitter Blade|p1a: Hydrapple
|-damage|p1a: Hydrapple|42/100
|-heal|p2a: Ceruledge|100/100|[from] drain|[of] p1a: Hydrapple
|move|p1a: Hydrapple|Earth Power|p2a: Ceruledge
|-supereffective|p2a: Ceruledge
|-crit|p2a: Ceruledge
|-damage|p2a: Ceruledge|9/100
|
|upkeep
|turn|20
|j| wgw2333
|
|t:|1757919984
|move|p2a: Ceruledge|Bitter Blade|p1a: Hydrapple
|-damage|p1a: Hydrapple|0 fnt
|-heal|p2a: Ceruledge|39/100|[from] drain|[of] p1a: Hydrapple
|faint|p1a: Hydrapple
|
|upkeep
|
|t:|1757919986
|switch|p1a: Tornadus|Tornadus-Therian, M, shiny|45/100
|turn|21
|
|t:|1757920002
|move|p2a: Ceruledge|Shadow Sneak|p1a: Tornadus
|-damage|p1a: Tornadus|0 fnt
|faint|p1a: Tornadus
|
|upkeep
|
|t:|1757920005
|switch|p1a: Kingambit|Kingambit, M, shiny|100/100
|-activate|p1a: Kingambit|ability: Supreme Overlord
|-start|p1a: Kingambit|fallen5|[silent]
|turn|22
|
|t:|1757920011
|move|p1a: Kingambit|Sucker Punch|p2a: Ceruledge
|-supereffective|p2a: Ceruledge
|-damage|p2a: Ceruledge|0 fnt
|faint|p2a: Ceruledge
|
|upkeep
|
|t:|1757920016
|switch|p2a: Serperior|Serperior, F, shiny|100/100
|turn|23
|
|t:|1757920020
|move|p2a: Serperior|Glare|p1a: Kingambit
|-status|p1a: Kingambit|par
|move|p1a: Kingambit|Kowtow Cleave|p2a: Serperior
|-damage|p2a: Serperior|31/100
|
|-heal|p2a: Serperior|37/100|[from] item: Leftovers
|upkeep
|turn|24
|
|t:|1757920029
|move|p2a: Serperior|Leaf Storm|p1a: Kingambit
|-resisted|p1a: Kingambit
|-damage|p1a: Kingambit|84/100 par
|-boost|p2a: Serperior|spa|2
|move|p1a: Kingambit|Kowtow Cleave|p2a: Serperior
|-damage|p2a: Serperior|0 fnt
|faint|p2a: Serperior
|
|-heal|p1a: Kingambit|90/100 par|[from] item: Leftovers
|upkeep
|
|t:|1757920040
|switch|p2a: Kingambit|Kingambit, M|100/100
|-activate|p2a: Kingambit|ability: Supreme Overlord
|-start|p2a: Kingambit|fallen5|[silent]
|turn|25
|
|t:|1757920048
|-terastallize|p1a: Kingambit|Fire
|move|p2a: Kingambit|Swords Dance|p2a: Kingambit
|-boost|p2a: Kingambit|atk|2
|cant|p1a: Kingambit|par
|
|-heal|p1a: Kingambit|97/100 par|[from] item: Leftovers
|upkeep
|turn|26
|
|t:|1757920061
|move|p2a: Kingambit|Kowtow Cleave|p1a: Kingambit
|-damage|p1a: Kingambit|0 fnt
|faint|p1a: Kingambit
|-end|p1a: Kingambit|fallen5|[silent]
|
|win|LaFlareDaGOD
|raw|lzc123456's rating: 1655 &rarr; <strong>1639</strong><br />(-16 for losing)
|raw|LaFlareDaGOD's rating: 1723 &rarr; <strong>1739</strong><br />(+16 for winning)
|l|☆lzc123456
|player|p1|
|l|☆LaFlareDaGOD
|player|p2|
