|j|☆jsk69
|j|☆Lisman
|t:|1757908215
|gametype|singles
|player|p1|jsk69|swimmer-gen4|1264
|player|p2|Lisman|swimmer|1274
|gen|9
|tier|[Gen 9] OU
|rated|
|rule|HP Percentage Mod: HP is shown in percentages
|rule|Endless Battle Clause: Forcing endless battles is banned
|rule|Species Clause: Limit one of each Pokémon
|rule|OHKO Clause: OHKO moves are banned
|rule|Evasion Items Clause: Evasion items are banned
|rule|Evasion Moves Clause: Evasion moves are banned
|rule|Evasion Abilities Clause: Evasion abilities are banned
|rule|Sleep Moves Clause: Sleep-inducing moves are banned
|clearpoke
|poke|p1|Ogerpon-Wellspring, F|
|poke|p1|Pecharunt|
|poke|p1|Moltres|
|poke|p1|Great Tusk|
|poke|p1|Metagross|
|poke|p1|Lokix, F|
|poke|p2|Dragonite, M|
|poke|p2|Kingambit, M|
|poke|p2|Slowking-Galar, F|
|poke|p2|Araquanid, F|
|poke|p2|Great Tusk|
|poke|p2|Ogerpon-Wellspring, F|
|teampreview
|inactive|Battle timer is ON: inactive players will automatically lose when time's up. (requested by jsk69)
|inactive|Lisman has 120 seconds left.
|inactive|Lisman has 90 seconds left.
|
|t:|1757908291
|teamsize|p1|6
|teamsize|p2|6
|start
|switch|p1a: Ogerpon|Ogerpon-Wellspring, F|100/100
|switch|p2a: Araquanid|Araquanid, F, shiny|100/100
|turn|1
|
|t:|1757908298
|move|p1a: Ogerpon|Knock Off|p2a: Araquanid
|-damage|p2a: Araquanid|62/100
|-enditem|p2a: Araquanid|Custap Berry|[from] move: Knock Off|[of] p1a: Ogerpon
|move|p2a: Araquanid|Sticky Web|p1a: Ogerpon
|-sidestart|p1: jsk69|move: Sticky Web
|
|upkeep
|turn|2
|
|t:|1757908319
|switch|p2a: Dragonite|Dragonite, M, shiny|100/100
|move|p1a: Ogerpon|Knock Off|p2a: Dragonite
|-damage|p2a: Dragonite|82/100
|-enditem|p2a: Dragonite|Heavy-Duty Boots|[from] move: Knock Off|[of] p1a: Ogerpon
|
|upkeep
|turn|3
|
|t:|1757908327
|move|p1a: Ogerpon|Play Rough|p2a: Dragonite|[miss]
|-miss|p1a: Ogerpon|p2a: Dragonite
|move|p2a: Dragonite|Thunder Wave|p1a: Ogerpon
|-status|p1a: Ogerpon|par
|
|upkeep
|turn|4
|
|t:|1757908348
|switch|p2a: Slowking|Slowking-Galar, F, shiny|100/100
|move|p1a: Ogerpon|Play Rough|p2a: Slowking
|-resisted|p2a: Slowking
|-damage|p2a: Slowking|81/100
|
|upkeep
|turn|5
|
|t:|1757908361
|move|p1a: Ogerpon|Knock Off|p2a: Slowking
|-supereffective|p2a: Slowking
|-damage|p2a: Slowking|6/100
|-enditem|p2a: Slowking|Assault Vest|[from] move: Knock Off|[of] p1a: Ogerpon
|move|p2a: Slowking|Sludge Bomb|p1a: Ogerpon
|-supereffective|p1a: Ogerpon
|-damage|p1a: Ogerpon|25/100 par
|
|upkeep
|turn|6
|
|t:|1757908370
|switch|p2a: Great Tusk|Great Tusk, shiny|100/100
|cant|p1a: Ogerpon|par
|
|upkeep
|turn|7
|
|t:|1757908374
|move|p2a: Great Tusk|Rapid Spin|p1a: Ogerpon
|-damage|p1a: Ogerpon|6/100 par
|-boost|p2a: Great Tusk|spe|1
|move|p1a: Ogerpon|Ivy Cudgel|p2a: Great Tusk|[anim] Ivy Cudgel Water
|-supereffective|p2a: Great Tusk
|-damage|p2a: Great Tusk|30/100
|-enditem|p2a: Great Tusk|Weakness Policy
|-boost|p2a: Great Tusk|atk|2|[from] item: Weakness Policy
|-boost|p2a: Great Tusk|spa|2|[from] item: Weakness Policy
|
|upkeep
|turn|8
|
|t:|1757908379
|move|p2a: Great Tusk|Rapid Spin|p1a: Ogerpon
|-damage|p1a: Ogerpon|0 fnt
|-boost|p2a: Great Tusk|spe|1
|faint|p1a: Ogerpon
|
|upkeep
|
|t:|1757908388
|switch|p1a: Lokix|Lokix, F|100/100
|-activate|p1a: Lokix|move: Sticky Web
|-unboost|p1a: Lokix|spe|1
|turn|9
|inactive|Lisman has 120 seconds left.
|
|t:|1757908438
|move|p1a: Lokix|First Impression|p2a: Great Tusk
|-resisted|p2a: Great Tusk
|-crit|p2a: Great Tusk
|-damage|p2a: Great Tusk|0 fnt
|faint|p2a: Great Tusk
|-end|p2a: Great Tusk|Protosynthesis|[silent]
|
|upkeep
|inactive|Lisman has 90 seconds left.
|inactive|Lisman has 60 seconds left.
|
|t:|1757908502
|switch|p2a: Kingambit|Kingambit, M, shiny|100/100
|-activate|p2a: Kingambit|ability: Supreme Overlord
|-start|p2a: Kingambit|fallen1|[silent]
|turn|10
|
|t:|1757908515
|switch|p1a: Great Tusk|Great Tusk|100/100
|-activate|p1a: Great Tusk|move: Sticky Web
|-unboost|p1a: Great Tusk|spe|1
|-end|p2a: Kingambit|fallen1|[silent]
|switch|p2a: Araquanid|Araquanid, F, shiny|62/100
|
|upkeep
|turn|11
|
|t:|1757908540
|move|p1a: Great Tusk|Rapid Spin|p2a: Araquanid
|-damage|p2a: Araquanid|41/100
|-boost|p1a: Great Tusk|spe|1
|-sideend|p1: jsk69|Sticky Web|[from] move: Rapid Spin|[of] p1a: Great Tusk
|move|p2a: Araquanid|Liquidation|p1a: Great Tusk
|-supereffective|p1a: Great Tusk
|-damage|p1a: Great Tusk|24/100
|
|-heal|p1a: Great Tusk|31/100|[from] item: Leftovers
|upkeep
|turn|12
|
|t:|1757908551
|move|p1a: Great Tusk|Ice Spinner|p2a: Araquanid
|-resisted|p2a: Araquanid
|-damage|p2a: Araquanid|25/100
|move|p2a: Araquanid|Liquidation|p1a: Great Tusk
|-supereffective|p1a: Great Tusk
|-damage|p1a: Great Tusk|0 fnt
|faint|p1a: Great Tusk
|-end|p1a: Great Tusk|Protosynthesis|[silent]
|
|upkeep
|
|t:|1757908555
|switch|p1a: Lokix|Lokix, F|100/100
|turn|13
|
|t:|1757908572
|move|p1a: Lokix|First Impression|p2a: Araquanid
|-damage|p2a: Araquanid|0 fnt
|faint|p2a: Araquanid
|
|upkeep
|
|t:|1757908586
|switch|p2a: Dragonite|Dragonite, M, shiny|82/100
|turn|14
|
|t:|1757908593
|move|p1a: Lokix|Knock Off|p2a: Dragonite
|-damage|p2a: Dragonite|57/100
|move|p2a: Dragonite|Thunder Wave|p1a: Lokix
|-status|p1a: Lokix|par
|
|upkeep
|turn|15
|
|t:|1757908600
|move|p2a: Dragonite|Roost|p2a: Dragonite
|-heal|p2a: Dragonite|100/100
|-singleturn|p2a: Dragonite|move: Roost
|move|p1a: Lokix|U-turn|p2a: Dragonite
|-damage|p2a: Dragonite|83/100
|
|t:|1757908606
|switch|p1a: Pecharunt|Pecharunt|100/100|[from] U-turn
|
|upkeep
|turn|16
|inactive|Lisman has 60 seconds left.
|
|t:|1757908635
|move|p1a: Pecharunt|Parting Shot|p2a: Dragonite
|-unboost|p2a: Dragonite|atk|1
|-unboost|p2a: Dragonite|spa|1
|
|t:|1757908639
|switch|p1a: Lokix|Lokix, F|100/100 par|[from] Parting Shot
|move|p2a: Dragonite|Thunder Wave|p1a: Lokix
|-fail|p1a: Lokix|par
|
|upkeep
|turn|17
|
|t:|1757908650
|move|p2a: Dragonite|Extreme Speed|p1a: Lokix
|-damage|p1a: Lokix|76/100 par
|move|p1a: Lokix|First Impression|p2a: Dragonite
|-resisted|p2a: Dragonite
|-damage|p2a: Dragonite|38/100
|
|upkeep
|turn|18
|
|t:|1757908661
|switch|p1a: Pecharunt|Pecharunt|100/100
|move|p2a: Dragonite|Roost|p2a: Dragonite
|-heal|p2a: Dragonite|88/100
|-singleturn|p2a: Dragonite|move: Roost
|
|upkeep
|turn|19
|inactive|Lisman has 60 seconds left.
|
|t:|1757908670
|switch|p2a: Slowking|Slowking-Galar, F, shiny|39/100
|move|p1a: Pecharunt|Malignant Chain|p2a: Slowking
|-resisted|p2a: Slowking
|-damage|p2a: Slowking|30/100
|
|upkeep
|turn|20
|inactive|Lisman has 60 seconds left.
|
|t:|1757908680
|move|p1a: Pecharunt|Parting Shot|p2a: Slowking
|-unboost|p2a: Slowking|atk|1
|-unboost|p2a: Slowking|spa|1
|
|t:|1757908683
|switch|p1a: Metagross|Metagross|100/100|[from] Parting Shot
|move|p2a: Slowking|Fire Blast|p1a: Metagross
|-supereffective|p1a: Metagross
|-damage|p1a: Metagross|60/100
|
|-heal|p1a: Metagross|66/100|[from] item: Leftovers
|upkeep
|turn|21
|inactive|Lisman has 60 seconds left.
|inactive|Lisman has 30 seconds left.
|inactive|Lisman has 20 seconds left.
|inactive|Lisman has 15 seconds left.
|inactive|Lisman has 10 seconds left.
|
|t:|1757908751
|switch|p2a: Kingambit|Kingambit, M, shiny|100/100
|-activate|p2a: Kingambit|ability: Supreme Overlord
|-start|p2a: Kingambit|fallen2|[silent]
|move|p1a: Metagross|Meteor Mash|p2a: Kingambit
|-resisted|p2a: Kingambit
|-damage|p2a: Kingambit|84/100
|
|-heal|p1a: Metagross|72/100|[from] item: Leftovers
|upkeep
|turn|22
|inactive|Lisman has 20 seconds left this turn.
|inactive|Lisman has 15 seconds left.
|
|t:|1757908758
|-end|p2a: Kingambit|fallen2|[silent]
|switch|p2a: Ogerpon|Ogerpon-Wellspring, F|100/100
|move|p1a: Metagross|Earthquake|p2a: Ogerpon
|-resisted|p2a: Ogerpon
|-damage|p2a: Ogerpon|74/100
|
|-heal|p1a: Metagross|79/100|[from] item: Leftovers
|upkeep
|turn|23
|inactive|Lisman has 25 seconds left this turn.
|inactive|Lisman has 20 seconds left.
|inactive|Lisman has 15 seconds left.
|
|t:|1757908769
|move|p2a: Ogerpon|Ivy Cudgel|p1a: Metagross|[anim] Ivy Cudgel Water
|-damage|p1a: Metagross|32/100
|move|p1a: Metagross|Meteor Mash|p2a: Ogerpon
|-resisted|p2a: Ogerpon
|-damage|p2a: Ogerpon|42/100
|
|-heal|p1a: Metagross|38/100|[from] item: Leftovers
|upkeep
|turn|24
|inactive|Lisman has 25 seconds left this turn.
|inactive|Lisman has 20 seconds left.
|
|t:|1757908775
|move|p2a: Ogerpon|Ivy Cudgel|p1a: Metagross|[anim] Ivy Cudgel Water
|-damage|p1a: Metagross|0 fnt
|faint|p1a: Metagross
|
|upkeep
|
|t:|1757908779
|switch|p1a: Lokix|Lokix, F|76/100 par
|turn|25
|inactive|Lisman has 30 seconds left.
|inactive|Lisman has 20 seconds left.
|inactive|Lisman has 15 seconds left.
|inactive|Lisman has 10 seconds left.
|
|t:|1757908808
|switch|p2a: Dragonite|Dragonite, M, shiny|88/100
|cant|p1a: Lokix|par
|
|upkeep
|turn|26
|inactive|Lisman has 20 seconds left this turn.
|inactive|Lisman has 15 seconds left.
|
|t:|1757908815
|switch|p1a: Pecharunt|Pecharunt|100/100
|move|p2a: Dragonite|Extreme Speed|p1a: Pecharunt
|-immune|p1a: Pecharunt
|
|upkeep
|turn|27
|inactive|Lisman has 25 seconds left this turn.
|
|t:|1757908824
|move|p1a: Pecharunt|Parting Shot|p2a: Dragonite
|-unboost|p2a: Dragonite|atk|1
|-unboost|p2a: Dragonite|spa|1
|
|t:|1757908826
|switch|p1a: Lokix|Lokix, F|76/100 par|[from] Parting Shot
|move|p2a: Dragonite|Thunder Wave|p1a: Lokix
|-fail|p1a: Lokix|par
|
|upkeep
|turn|28
|inactive|Lisman has 30 seconds left.
|
|t:|1757908839
|switch|p2a: Kingambit|Kingambit, M, shiny|84/100
|-activate|p2a: Kingambit|ability: Supreme Overlord
|-start|p2a: Kingambit|fallen2|[silent]
|cant|p1a: Lokix|par
|
|upkeep
|turn|29
|inactive|Lisman has 30 seconds left.
|
|t:|1757908852
|move|p1a: Lokix|Knock Off|p2a: Kingambit
|-resisted|p2a: Kingambit
|-damage|p2a: Kingambit|57/100
|-enditem|p2a: Kingambit|Weakness Policy|[from] move: Knock Off|[of] p1a: Lokix
|move|p2a: Kingambit|Iron Head|p1a: Lokix
|-damage|p1a: Lokix|13/100 par
|
|upkeep
|turn|30
|
|t:|1757908862
|switch|p1a: Moltres|Moltres|100/100
|move|p2a: Kingambit|Iron Head|p1a: Moltres
|-resisted|p1a: Moltres
|-damage|p1a: Moltres|78/100
|
|upkeep
|turn|31
|
|t:|1757908878
|-end|p2a: Kingambit|fallen2|[silent]
|switch|p2a: Slowking|Slowking-Galar, F, shiny|64/100
|move|p1a: Moltres|Will-O-Wisp|p2a: Slowking|[miss]
|-miss|p1a: Moltres|p2a: Slowking
|
|upkeep
|turn|32
|
|t:|1757908883
|move|p1a: Moltres|Scorching Sands|p2a: Slowking
|-supereffective|p2a: Slowking
|-damage|p2a: Slowking|39/100
|move|p2a: Slowking|Sludge Bomb|p1a: Moltres
|-damage|p1a: Moltres|53/100
|-status|p1a: Moltres|psn
|
|-damage|p1a: Moltres|40/100 psn|[from] psn
|upkeep
|turn|33
|
|t:|1757908892
|move|p1a: Moltres|Roost|p1a: Moltres
|-heal|p1a: Moltres|91/100 psn
|-singleturn|p1a: Moltres|move: Roost
|move|p2a: Slowking|Future Sight|p1a: Moltres
|-start|p2a: Slowking|move: Future Sight
|
|-damage|p1a: Moltres|78/100 psn|[from] psn
|upkeep
|turn|34
|
|t:|1757908903
|switch|p2a: Ogerpon|Ogerpon-Wellspring, F|42/100
|move|p1a: Moltres|Will-O-Wisp|p2a: Ogerpon
|-status|p2a: Ogerpon|brn
|
|-damage|p1a: Moltres|66/100 psn|[from] psn
|-damage|p2a: Ogerpon|36/100 brn|[from] brn
|upkeep
|turn|35
|
|t:|1757908913
|switch|p1a: Lokix|Lokix, F|13/100 par
|move|p2a: Ogerpon|Ivy Cudgel|p1a: Lokix|[anim] Ivy Cudgel Water
|-crit|p1a: Lokix
|-damage|p1a: Lokix|0 fnt
|faint|p1a: Lokix
|
|-hint|Future Sight did not hit because the target is fainted.
|-damage|p2a: Ogerpon|30/100 brn|[from] brn
|upkeep
|
|t:|1757908924
|switch|p1a: Pecharunt|Pecharunt|100/100
|turn|36
|
|t:|1757908928
|switch|p2a: Kingambit|Kingambit, M, shiny|57/100
|-activate|p2a: Kingambit|ability: Supreme Overlord
|-start|p2a: Kingambit|fallen2|[silent]
|move|p1a: Pecharunt|Hex|p2a: Kingambit
|-resisted|p2a: Kingambit
|-damage|p2a: Kingambit|49/100
|
|upkeep
|turn|37
|
|t:|1757908943
|-end|p2a: Kingambit|fallen2|[silent]
|switch|p2a: Slowking|Slowking-Galar, F, shiny|73/100
|move|p1a: Pecharunt|Parting Shot|p2a: Slowking
|-unboost|p2a: Slowking|atk|1
|-unboost|p2a: Slowking|spa|1
|
|t:|1757908946
|switch|p1a: Moltres|Moltres|66/100 psn|[from] Parting Shot
|
|-damage|p1a: Moltres|54/100 psn|[from] psn
|upkeep
|turn|38
|
|t:|1757908952
|switch|p2a: Dragonite|Dragonite, M, shiny|88/100
|move|p1a: Moltres|Scorching Sands|p2a: Dragonite
|-immune|p2a: Dragonite
|
|-damage|p1a: Moltres|41/100 psn|[from] psn
|upkeep
|turn|39
|
|t:|1757908964
|move|p1a: Moltres|Roost|p1a: Moltres
|-heal|p1a: Moltres|92/100 psn
|-singleturn|p1a: Moltres|move: Roost
|move|p2a: Dragonite|Roost|p2a: Dragonite
|-heal|p2a: Dragonite|100/100
|-singleturn|p2a: Dragonite|move: Roost
|
|-damage|p1a: Moltres|79/100 psn|[from] psn
|upkeep
|turn|40
|
|t:|1757908974
|switch|p2a: Slowking|Slowking-Galar, F, shiny|100/100
|move|p1a: Moltres|Will-O-Wisp|p2a: Slowking
|-status|p2a: Slowking|brn
|
|-damage|p1a: Moltres|67/100 psn|[from] psn
|-damage|p2a: Slowking|94/100 brn|[from] brn
|upkeep
|turn|41
|inactive|Lisman has 90 seconds left.
|
|t:|1757908982
|move|p1a: Moltres|Scorching Sands|p2a: Slowking
|-supereffective|p2a: Slowking
|-damage|p2a: Slowking|70/100 brn
|move|p2a: Slowking|Future Sight|p1a: Moltres
|-start|p2a: Slowking|move: Future Sight
|
|-damage|p1a: Moltres|55/100 psn|[from] psn
|-damage|p2a: Slowking|64/100 brn|[from] brn
|upkeep
|turn|42
|
|t:|1757908988
|move|p1a: Moltres|Scorching Sands|p2a: Slowking
|-supereffective|p2a: Slowking
|-damage|p2a: Slowking|42/100 brn
|move|p2a: Slowking|Sludge Bomb|p1a: Moltres
|-damage|p1a: Moltres|30/100 psn
|
|-damage|p1a: Moltres|18/100 psn|[from] psn
|-damage|p2a: Slowking|36/100 brn|[from] brn
|upkeep
|turn|43
|
|t:|1757908996
|switch|p2a: Dragonite|Dragonite, M, shiny|100/100
|move|p1a: Moltres|Roost|p1a: Moltres
|-heal|p1a: Moltres|68/100 psn
|-singleturn|p1a: Moltres|move: Roost
|
|-end|p1a: Moltres|move: Future Sight
|-damage|p1a: Moltres|39/100 psn
|-damage|p1a: Moltres|27/100 psn|[from] psn
|upkeep
|turn|44
|
|t:|1757909005
|move|p1a: Moltres|Will-O-Wisp|p2a: Dragonite
|-status|p2a: Dragonite|brn
|move|p2a: Dragonite|Encore|p1a: Moltres
|-start|p1a: Moltres|Encore
|
|-damage|p1a: Moltres|14/100 psn|[from] psn
|-damage|p2a: Dragonite|94/100 brn|[from] brn
|upkeep
|turn|45
|
|t:|1757909012
|switch|p1a: Pecharunt|Pecharunt|100/100
|switch|p2a: Slowking|Slowking-Galar, F, shiny|69/100 brn
|
|-damage|p2a: Slowking|63/100 brn|[from] brn
|upkeep
|turn|46
|inactive|Lisman has 120 seconds left.
|
|t:|1757909021
|switch|p2a: Kingambit|Kingambit, M, shiny|49/100
|-activate|p2a: Kingambit|ability: Supreme Overlord
|-start|p2a: Kingambit|fallen2|[silent]
|move|p1a: Pecharunt|Hex|p2a: Kingambit
|-resisted|p2a: Kingambit
|-damage|p2a: Kingambit|39/100
|
|upkeep
|turn|47
|
|t:|1757909032
|move|p1a: Pecharunt|Parting Shot|p2a: Kingambit
|-unboost|p2a: Kingambit|atk|1
|-unboost|p2a: Kingambit|spa|1
|
|t:|1757909036
|switch|p1a: Moltres|Moltres|14/100 psn|[from] Parting Shot
|move|p2a: Kingambit|Swords Dance|p2a: Kingambit
|-boost|p2a: Kingambit|atk|2
|
|-damage|p1a: Moltres|2/100 psn|[from] psn
|upkeep
|turn|48
|
|t:|1757909044
|move|p1a: Moltres|Roost|p1a: Moltres
|-heal|p1a: Moltres|52/100 psn
|-singleturn|p1a: Moltres|move: Roost
|move|p2a: Kingambit|Iron Head|p1a: Moltres
|-resisted|p1a: Moltres
|-damage|p1a: Moltres|20/100 psn
|-status|p2a: Kingambit|brn|[from] ability: Flame Body|[of] p1a: Moltres
|
|-damage|p1a: Moltres|8/100 psn|[from] psn
|-damage|p2a: Kingambit|33/100 brn|[from] brn
|upkeep
|turn|49
|
|t:|1757909060
|-end|p2a: Kingambit|fallen2|[silent]
|switch|p2a: Ogerpon|Ogerpon-Wellspring, F|30/100 brn
|move|p1a: Moltres|Roost|p1a: Moltres
|-heal|p1a: Moltres|58/100 psn
|-singleturn|p1a: Moltres|move: Roost
|
|-damage|p1a: Moltres|46/100 psn|[from] psn
|-damage|p2a: Ogerpon|24/100 brn|[from] brn
|upkeep
|turn|50
|
|t:|1757909067
|move|p2a: Ogerpon|Ivy Cudgel|p1a: Moltres|[anim] Ivy Cudgel Water
|-supereffective|p1a: Moltres
|-damage|p1a: Moltres|0 fnt
|faint|p1a: Moltres
|
|-damage|p2a: Ogerpon|18/100 brn|[from] brn
|upkeep
|c|☆Lisman|such a good battle
|
|t:|1757909071
|switch|p1a: Pecharunt|Pecharunt|100/100
|turn|51
|l|☆jsk69
|inactive|jsk69 disconnected and has a minute to reconnect!
|player|p1|
|j|☆jsk69
|inactive|jsk69 reconnected and has 125 seconds left.
|player|p1|jsk69|swimmer-gen4|
|inactive|jsk69 has 120 seconds left.
|
|t:|1757909101
|move|p2a: Ogerpon|Ivy Cudgel|p1a: Pecharunt|[anim] Ivy Cudgel Water
|-crit|p1a: Pecharunt
|-damage|p1a: Pecharunt|73/100
|move|p1a: Pecharunt|Hex|p2a: Ogerpon
|-damage|p2a: Ogerpon|0 fnt
|faint|p2a: Ogerpon
|
|-heal|p1a: Pecharunt|79/100|[from] item: Leftovers
|upkeep
|inactive|Lisman has 120 seconds left.
|l|☆jsk69
|inactive|jsk69 disconnected and has a minute to reconnect!
|player|p1|
|
|t:|1757909154
|switch|p2a: Slowking|Slowking-Galar, F, shiny|96/100 brn
|turn|52
|j|☆jsk69
|inactive|jsk69 reconnected and has 115 seconds left.
|player|p1|jsk69|swimmer-gen4|
|
|t:|1757909177
|-terastallize|p2a: Slowking|Dark
|move|p1a: Pecharunt|Hex|p2a: Slowking
|-resisted|p2a: Slowking
|-damage|p2a: Slowking|84/100 brn
|move|p2a: Slowking|Future Sight|p1a: Pecharunt
|-start|p2a: Slowking|move: Future Sight
|
|-heal|p1a: Pecharunt|85/100|[from] item: Leftovers
|-damage|p2a: Slowking|78/100 brn|[from] brn
|upkeep
|turn|53
|inactive|jsk69 has 120 seconds left.
|c|☆Lisman|gg
|
|t:|1757909191
|move|p1a: Pecharunt|Malignant Chain|p2a: Slowking
|-damage|p2a: Slowking|60/100 brn
|move|p2a: Slowking|Fire Blast|p1a: Pecharunt|[miss]
|-miss|p2a: Slowking|p1a: Pecharunt
|
|-heal|p1a: Pecharunt|91/100|[from] item: Leftovers
|-damage|p2a: Slowking|54/100 brn|[from] brn
|upkeep
|turn|54
|inactive|jsk69 has 120 seconds left.
|inactive|Lisman has 120 seconds left.
|
|t:|1757909199
|move|p1a: Pecharunt|Hex|p2a: Slowking
|-resisted|p2a: Slowking
|-crit|p2a: Slowking
|-damage|p2a: Slowking|36/100 brn
|move|p2a: Slowking|Fire Blast|p1a: Pecharunt
|-damage|p1a: Pecharunt|65/100
|
|-end|p1a: Pecharunt|move: Future Sight
|-supereffective|p1a: Pecharunt
|-damage|p1a: Pecharunt|0 fnt
|faint|p1a: Pecharunt
|
|win|Lisman
|raw|jsk69's rating: 1264 &rarr; <strong>1240</strong><br />(-24 for losing)
|raw|Lisman's rating: 1274 &rarr; <strong>1298</strong><br />(+24 for winning)
|l|☆jsk69
|player|p1|
