|j|☆zpj123
|j|☆acerrillo6970
|t:|1757827879
|gametype|singles
|player|p1|zpj123|1|1225
|player|p2|acerrillo6970|265|1213
|gen|9
|tier|[Gen 9] OU
|rated|
|rule|HP Percentage Mod: HP is shown in percentages
|rule|Endless Battle Clause: Forcing endless battles is banned
|rule|Species Clause: Limit one of each Pokémon
|rule|OHKO Clause: OHKO moves are banned
|rule|Evasion Items Clause: Evasion items are banned
|rule|Evasion Moves Clause: Evasion moves are banned
|rule|Evasion Abilities Clause: Evasion abilities are banned
|rule|Sleep Moves Clause: Sleep-inducing moves are banned
|clearpoke
|poke|p1|Dragonite, M|
|poke|p1|Cinderace, F|
|poke|p1|Gholdengo|
|poke|p1|Ogerpon-Wellspring, F|
|poke|p1|Great Tusk|
|poke|p1|Dragapult, F|
|poke|p2|Raikou|
|poke|p2|Comfey, F|
|poke|p2|Tentacruel, F|
|poke|p2|Meowscarada, M|
|poke|p2|Flamigo, M|
|poke|p2|Weezing, M|
|teampreview
|
|t:|1757827885
|teamsize|p1|6
|teamsize|p2|6
|start
|switch|p1a: Dragapult|Dragapult, F|100/100
|switch|p2a: Weezing|Weezing, M|100/100
|turn|1
|inactive|Battle timer is ON: inactive players will automatically lose when time's up. (requested by acerrillo6970)
|
|t:|1757827891
|move|p1a: Dragapult|Shadow Ball|p2a: Weezing
|-damage|p2a: Weezing|50/100
|move|p2a: Weezing|Will-O-Wisp|p1a: Dragapult
|-status|p1a: Dragapult|brn
|
|-heal|p2a: Weezing|56/100|[from] item: Leftovers
|-damage|p1a: Dragapult|95/100 brn|[from] brn
|upkeep
|turn|2
|
|t:|1757827902
|switch|p1a: Gholdengo|Gholdengo|100/100
|move|p2a: Weezing|Flamethrower|p1a: Gholdengo
|-supereffective|p1a: Gholdengo
|-damage|p1a: Gholdengo|60/100
|
|-heal|p2a: Weezing|62/100|[from] item: Leftovers
|upkeep
|turn|3
|
|t:|1757827911
|move|p1a: Gholdengo|Trick|p2a: Weezing
|-activate|p1a: Gholdengo|move: Trick|[of] p2a: Weezing
|-item|p2a: Weezing|Choice Scarf|[from] move: Trick
|-item|p1a: Gholdengo|Leftovers|[from] move: Trick
|move|p2a: Weezing|Flamethrower|p1a: Gholdengo
|-supereffective|p1a: Gholdengo
|-damage|p1a: Gholdengo|22/100
|
|-heal|p1a: Gholdengo|28/100|[from] item: Leftovers
|upkeep
|turn|4
|
|t:|1757827921
|move|p1a: Gholdengo|Thunder Wave|p2a: Weezing|[miss]
|-miss|p1a: Gholdengo|p2a: Weezing
|move|p2a: Weezing|Flamethrower|p1a: Gholdengo
|-supereffective|p1a: Gholdengo
|-damage|p1a: Gholdengo|0 fnt
|faint|p1a: Gholdengo
|
|upkeep
|
|t:|1757827930
|switch|p1a: Dragonite|Dragonite, M|100/100
|turn|5
|
|t:|1757827943
|switch|p2a: Tentacruel|Tentacruel, F|100/100
|move|p1a: Dragonite|Dragon Dance|p1a: Dragonite
|-boost|p1a: Dragonite|atk|1
|-boost|p1a: Dragonite|spe|1
|
|upkeep
|turn|6
|
|t:|1757827950
|-terastallize|p1a: Dragonite|Steel
|move|p1a: Dragonite|Dragon Dance|p1a: Dragonite
|-boost|p1a: Dragonite|atk|1
|-boost|p1a: Dragonite|spe|1
|move|p2a: Tentacruel|Toxic|p1a: Dragonite
|-immune|p1a: Dragonite
|
|upkeep
|turn|7
|
|t:|1757827959
|move|p1a: Dragonite|Thunder Punch|p2a: Tentacruel
|-supereffective|p2a: Tentacruel
|-damage|p2a: Tentacruel|0 fnt
|faint|p2a: Tentacruel
|
|upkeep
|
|t:|1757827962
|switch|p2a: Meowscarada|Meowscarada, M|100/100
|turn|8
|
|t:|1757827967
|move|p1a: Dragonite|Extreme Speed|p2a: Meowscarada
|-damage|p2a: Meowscarada|10/100
|move|p2a: Meowscarada|Knock Off|p1a: Dragonite
|-damage|p1a: Dragonite|76/100
|-enditem|p1a: Dragonite|Leftovers|[from] move: Knock Off|[of] p2a: Meowscarada
|
|upkeep
|turn|9
|
|t:|1757827975
|move|p1a: Dragonite|Extreme Speed|p2a: Meowscarada
|-damage|p2a: Meowscarada|0 fnt
|faint|p2a: Meowscarada
|
|upkeep
|
|t:|1757827981
|switch|p2a: Flamigo|Flamigo, M|100/100
|turn|10
|
|t:|1757827984
|move|p1a: Dragonite|Thunder Punch|p2a: Flamigo
|-supereffective|p2a: Flamigo
|-damage|p2a: Flamigo|0 fnt
|faint|p2a: Flamigo
|
|upkeep
|
|t:|1757827987
|switch|p2a: Weezing|Weezing, M|62/100
|turn|11
|
|t:|1757827992
|move|p1a: Dragonite|Earthquake|p2a: Weezing
|-immune|p2a: Weezing|[from] ability: Levitate
|move|p2a: Weezing|Will-O-Wisp|p1a: Dragonite
|-status|p1a: Dragonite|brn
|
|-damage|p1a: Dragonite|70/100 brn|[from] brn
|upkeep
|turn|12
|
|t:|1757828001
|switch|p2a: Raikou|Raikou|100/100
|move|p1a: Dragonite|Dragon Dance|p1a: Dragonite
|-boost|p1a: Dragonite|atk|1
|-boost|p1a: Dragonite|spe|1
|
|-damage|p1a: Dragonite|64/100 brn|[from] brn
|upkeep
|turn|13
|
|t:|1757828010
|move|p1a: Dragonite|Earthquake|p2a: Raikou
|-supereffective|p2a: Raikou
|-crit|p2a: Raikou
|-damage|p2a: Raikou|0 fnt
|faint|p2a: Raikou
|
|-damage|p1a: Dragonite|57/100 brn|[from] brn
|upkeep
|
|t:|1757828014
|switch|p2a: Weezing|Weezing, M|62/100
|turn|14
|
|t:|1757828020
|move|p1a: Dragonite|Thunder Punch|p2a: Weezing
|-damage|p2a: Weezing|31/100
|move|p2a: Weezing|Flamethrower|p1a: Dragonite
|-supereffective|p1a: Dragonite
|-damage|p1a: Dragonite|25/100 brn
|
|-damage|p1a: Dragonite|19/100 brn|[from] brn
|upkeep
|turn|15
|
|t:|1757828029
|move|p1a: Dragonite|Extreme Speed|p2a: Weezing
|-damage|p2a: Weezing|0 fnt
|faint|p2a: Weezing
|
|-damage|p1a: Dragonite|12/100 brn|[from] brn
|upkeep
|
|t:|1757828033
|switch|p2a: Comfey|Comfey, F|100/100
|turn|16
|
|t:|1757828039
|move|p2a: Comfey|Draining Kiss|p1a: Dragonite
|-resisted|p1a: Dragonite
|-crit|p1a: Dragonite
|-damage|p1a: Dragonite|0 fnt
|faint|p1a: Dragonite
|
|upkeep
|
|t:|1757828044
|switch|p1a: Cinderace|Cinderace, F|100/100
|turn|17
|
|t:|1757828047
|-terastallize|p2a: Comfey|Ground
|move|p1a: Cinderace|Pyro Ball|p2a: Comfey
|-damage|p2a: Comfey|8/100
|-damage|p1a: Cinderace|91/100|[from] item: Life Orb
|move|p2a: Comfey|Calm Mind|p2a: Comfey
|-boost|p2a: Comfey|spa|1
|-boost|p2a: Comfey|spd|1
|
|upkeep
|turn|18
|
|t:|1757828056
|move|p2a: Comfey|Draining Kiss|p1a: Cinderace
|-resisted|p1a: Cinderace
|-damage|p1a: Cinderace|63/100
|-heal|p2a: Comfey|31/100|[from] drain|[of] p1a: Cinderace
|move|p1a: Cinderace|Pyro Ball|p2a: Comfey
|-damage|p2a: Comfey|0 fnt
|faint|p2a: Comfey
|-damage|p1a: Cinderace|53/100|[from] item: Life Orb
|
|win|zpj123
|raw|zpj123's rating: 1225 &rarr; <strong>1249</strong><br />(+24 for winning)
|raw|acerrillo6970's rating: 1213 &rarr; <strong>1189</strong><br />(-24 for losing)
|l|☆acerrillo6970
|player|p2|
|l|☆zpj123
|player|p1|
