|j|☆JD Doggin'
|j|☆iamclouds
|t:|1757863068
|gametype|singles
|player|p1|JD Doggin'|265|1257
|player|p2|iamclouds|pokemaniac|1226
|gen|9
|tier|[Gen 9] OU
|rated|
|rule|HP Percentage Mod: HP is shown in percentages
|rule|Endless Battle Clause: Forcing endless battles is banned
|rule|Species Clause: Limit one of each Pokémon
|rule|OHKO Clause: OHKO moves are banned
|rule|Evasion Items Clause: Evasion items are banned
|rule|Evasion Moves Clause: Evasion moves are banned
|rule|Evasion Abilities Clause: Evasion abilities are banned
|rule|Sleep Moves Clause: Sleep-inducing moves are banned
|clearpoke
|poke|p1|Salamence, F|
|poke|p1|Chesnaught, M|
|poke|p1|Hydreigon, M|
|poke|p1|Fezandipiti, M|
|poke|p1|Hatterene, F|
|poke|p1|Salazzle, F|
|poke|p2|Hatterene, F|
|poke|p2|Sinistcha|
|poke|p2|Diancie|
|poke|p2|Iron Hands|
|poke|p2|Kingambit, M|
|poke|p2|Cresselia, F|
|teampreview
|inactive|Battle timer is ON: inactive players will automatically lose when time's up. (requested by iamclouds)
|inactive|JD Doggin' has 120 seconds left.
|inactive|JD Doggin' has 90 seconds left.
|
|t:|1757863153
|teamsize|p1|6
|teamsize|p2|6
|start
|switch|p1a: Salazzle|Salazzle, F|100/100
|switch|p2a: slow down|Hatterene, F|100/100
|turn|1
|
|t:|1757863162
|switch|p1a: Hatterene|Hatterene, F|100/100
|move|p2a: slow down|Trick Room|p2a: slow down
|-fieldstart|move: Trick Room|[of] p2a: slow down
|
|upkeep
|turn|2
|
|t:|1757863174
|switch|p2a: tea time|Sinistcha|100/100
|move|p1a: Hatterene|Mystical Fire|p2a: tea time
|-supereffective|p2a: tea time
|-damage|p2a: tea time|69/100
|-unboost|p2a: tea time|spa|1
|
|-heal|p2a: tea time|75/100|[from] item: Leftovers
|upkeep
|turn|3
|
|t:|1757863189
|move|p1a: Hatterene|Mystical Fire|p2a: tea time
|-supereffective|p2a: tea time
|-damage|p2a: tea time|45/100
|-unboost|p2a: tea time|spa|1
|move|p2a: tea time|Shadow Ball|p1a: Hatterene
|-supereffective|p1a: Hatterene
|-damage|p1a: Hatterene|70/100
|
|-heal|p2a: tea time|51/100|[from] item: Leftovers
|upkeep
|turn|4
|
|t:|1757863202
|-terastallize|p2a: tea time|Dark
|move|p1a: Hatterene|Mystical Fire|p2a: tea time
|-damage|p2a: tea time|35/100
|-unboost|p2a: tea time|spa|1
|move|p2a: tea time|Matcha Gotcha|p1a: Hatterene
|-damage|p1a: Hatterene|59/100
|-heal|p2a: tea time|41/100|[from] drain|[of] p1a: Hatterene
|
|-heal|p2a: tea time|47/100|[from] item: Leftovers
|upkeep
|turn|5
|
|t:|1757863224
|switch|p2a: trixie mattel|Diancie|100/100
|-item|p2a: trixie mattel|Air Balloon
|move|p1a: Hatterene|Draining Kiss|p2a: trixie mattel
|-damage|p2a: trixie mattel|85/100
|-heal|p1a: Hatterene|70/100|[from] drain|[of] p2a: trixie mattel
|-enditem|p2a: trixie mattel|Air Balloon
|
|-fieldend|move: Trick Room
|upkeep
|turn|6
|
|t:|1757863246
|move|p1a: Hatterene|Psychic Noise|p2a: trixie mattel
|-damage|p2a: trixie mattel|63/100
|-start|p2a: trixie mattel|move: Heal Block
|move|p2a: trixie mattel|Flash Cannon|p1a: Hatterene
|-supereffective|p1a: Hatterene
|-damage|p1a: Hatterene|48/100
|-unboost|p1a: Hatterene|spd|1
|
|upkeep
|turn|7
|
|t:|1757863261
|move|p1a: Hatterene|Psychic Noise|p2a: trixie mattel
|-damage|p2a: trixie mattel|40/100
|move|p2a: trixie mattel|Flash Cannon|p1a: Hatterene
|-supereffective|p1a: Hatterene
|-damage|p1a: Hatterene|16/100
|-unboost|p1a: Hatterene|spd|1
|
|-end|p2a: trixie mattel|move: Heal Block
|upkeep
|turn|8
|
|t:|1757863271
|move|p1a: Hatterene|Mystical Fire|p2a: trixie mattel
|-resisted|p2a: trixie mattel
|-damage|p2a: trixie mattel|32/100
|move|p2a: trixie mattel|Flash Cannon|p1a: Hatterene
|-supereffective|p1a: Hatterene
|-damage|p1a: Hatterene|0 fnt
|faint|p1a: Hatterene
|
|upkeep
|
|t:|1757863280
|switch|p1a: UgetChippity'd|Fezandipiti, M|100/100
|turn|9
|
|t:|1757863290
|move|p1a: UgetChippity'd|Play Rough|p2a: trixie mattel
|-damage|p2a: trixie mattel|0 fnt
|faint|p2a: trixie mattel
|
|upkeep
|
|t:|1757863294
|switch|p2a: slow down|Hatterene, F|100/100
|turn|10
|
|t:|1757863300
|move|p1a: UgetChippity'd|Play Rough|p2a: slow down|[miss]
|-miss|p1a: UgetChippity'd|p2a: slow down
|move|p2a: slow down|Trick Room|p2a: slow down
|-fieldstart|move: Trick Room|[of] p2a: slow down
|
|upkeep
|turn|11
|
|t:|1757863315
|switch|p1a: DRAYGO|Hydreigon, M|100/100
|move|p2a: slow down|Psychic|p1a: DRAYGO
|-immune|p1a: DRAYGO
|
|upkeep
|turn|12
|
|t:|1757863323
|move|p2a: slow down|Draining Kiss|p1a: DRAYGO
|-supereffective|p1a: DRAYGO
|-damage|p1a: DRAYGO|3/100
|-damage|p2a: slow down|84/100|[from] item: Rocky Helmet|[of] p1a: DRAYGO
|move|p1a: DRAYGO|U-turn|p2a: slow down
|-damage|p2a: slow down|68/100
|
|t:|1757863329
|switch|p1a: UgetChippity'd|Fezandipiti, M|100/100|[from] U-turn
|
|upkeep
|turn|13
|
|t:|1757863335
|move|p2a: slow down|Psychic|p1a: UgetChippity'd
|-supereffective|p1a: UgetChippity'd
|-damage|p1a: UgetChippity'd|14/100
|move|p1a: UgetChippity'd|Play Rough|p2a: slow down
|-damage|p2a: slow down|18/100
|-status|p2a: slow down|tox|[from] ability: Toxic Chain|[of] p1a: UgetChippity'd
|
|-damage|p2a: slow down|12/100 tox|[from] psn
|upkeep
|turn|14
|
|t:|1757863348
|move|p2a: slow down|Psychic|p1a: UgetChippity'd
|-supereffective|p1a: UgetChippity'd
|-damage|p1a: UgetChippity'd|0 fnt
|faint|p1a: UgetChippity'd
|
|-damage|p2a: slow down|0 fnt|[from] psn
|faint|p2a: slow down
|-fieldend|move: Trick Room
|upkeep
|
|t:|1757863355
|switch|p1a: DRAYGO|Hydreigon, M|3/100
|switch|p2a: * opera noises *|Cresselia, F|100/100
|turn|15
|
|t:|1757863373
|move|p1a: DRAYGO|Stealth Rock|p2a: * opera noises *
|-sidestart|p2: iamclouds|move: Stealth Rock
|move|p2a: * opera noises *|Trick Room|p2a: * opera noises *
|-fieldstart|move: Trick Room|[of] p2a: * opera noises *
|
|upkeep
|turn|16
|
|t:|1757863380
|move|p2a: * opera noises *|Moonblast|p1a: DRAYGO
|-supereffective|p1a: DRAYGO
|-damage|p1a: DRAYGO|0 fnt
|faint|p1a: DRAYGO
|
|upkeep
|
|t:|1757863407
|switch|p1a: Salazzle|Salazzle, F|100/100
|turn|17
|
|t:|1757863424
|move|p2a: * opera noises *|Psychic|p1a: Salazzle
|-supereffective|p1a: Salazzle
|-damage|p1a: Salazzle|25/100
|move|p1a: Salazzle|Toxic|p2a: * opera noises *
|-status|p2a: * opera noises *|tox
|
|-damage|p2a: * opera noises *|94/100 tox|[from] psn
|upkeep
|turn|18
|
|t:|1757863434
|move|p2a: * opera noises *|Psychic|p1a: Salazzle
|-supereffective|p1a: Salazzle
|-damage|p1a: Salazzle|0 fnt
|faint|p1a: Salazzle
|
|-heal|p2a: * opera noises *|100/100 tox|[from] item: Leftovers
|-damage|p2a: * opera noises *|88/100 tox|[from] psn
|upkeep
|inactive|JD Doggin' has 120 seconds left.
|
|t:|1757863462
|switch|p1a: Lil Nite|Salamence, F, shiny|100/100
|turn|19
|inactive|JD Doggin' has 120 seconds left.
|
|t:|1757863477
|-terastallize|p1a: Lil Nite|Flying
|move|p2a: * opera noises *|Moonblast|p1a: Lil Nite
|-damage|p1a: Lil Nite|79/100
|-unboost|p1a: Lil Nite|spa|1
|move|p1a: Lil Nite|Dragon Dance|p1a: Lil Nite
|-boost|p1a: Lil Nite|atk|1
|-boost|p1a: Lil Nite|spe|1
|
|-heal|p2a: * opera noises *|94/100 tox|[from] item: Leftovers
|-damage|p2a: * opera noises *|76/100 tox|[from] psn
|-fieldend|move: Trick Room
|upkeep
|turn|20
|
|t:|1757863487
|move|p1a: Lil Nite|Tera Blast|p2a: * opera noises *|[anim] Tera Blast Flying
|-damage|p2a: * opera noises *|30/100 tox
|move|p2a: * opera noises *|Trick Room|p2a: * opera noises *
|-fieldstart|move: Trick Room|[of] p2a: * opera noises *
|
|-heal|p2a: * opera noises *|36/100 tox|[from] item: Leftovers
|-damage|p2a: * opera noises *|12/100 tox|[from] psn
|upkeep
|turn|21
|inactive|JD Doggin' has 120 seconds left.
|
|t:|1757863494
|move|p2a: * opera noises *|Lunar Dance|p2a: * opera noises *
|faint|p2a: * opera noises *
|move|p1a: Lil Nite|Roost|p1a: Lil Nite
|-heal|p1a: Lil Nite|100/100
|-hint|If a Terastallized Pokemon uses Roost, it remains Flying-type.
|
|upkeep
|
|t:|1757863500
|switch|p2a: tea time|Sinistcha, tera:Dark|47/100
|-heal|p2a: tea time|100/100|[from] move: Lunar Dance
|-damage|p2a: tea time|88/100|[from] Stealth Rock
|turn|22
|
|t:|1757863509
|switch|p2a: BOOM BOOM|Iron Hands|100/100
|-damage|p2a: BOOM BOOM|94/100|[from] Stealth Rock
|move|p1a: Lil Nite|Tera Blast|p2a: BOOM BOOM|[anim] Tera Blast Flying
|-damage|p2a: BOOM BOOM|40/100
|
|upkeep
|turn|23
|
|t:|1757863525
|move|p2a: BOOM BOOM|Wild Charge|p1a: Lil Nite
|-supereffective|p1a: Lil Nite
|-damage|p1a: Lil Nite|0 fnt
|faint|p1a: Lil Nite
|-damage|p2a: BOOM BOOM|24/100|[from] Recoil
|
|upkeep
|
|t:|1757863528
|switch|p1a: Big Chungus|Chesnaught, M, shiny|100/100
|turn|24
|
|t:|1757863537
|move|p2a: BOOM BOOM|Ice Punch|p1a: Big Chungus
|-supereffective|p1a: Big Chungus
|-damage|p1a: Big Chungus|56/100
|move|p1a: Big Chungus|Iron Defense|p1a: Big Chungus
|-boost|p1a: Big Chungus|def|2
|
|-heal|p1a: Big Chungus|62/100|[from] item: Leftovers
|-fieldend|move: Trick Room
|upkeep
|turn|25
|
|t:|1757863551
|move|p1a: Big Chungus|Iron Defense|p1a: Big Chungus
|-boost|p1a: Big Chungus|def|2
|move|p2a: BOOM BOOM|Ice Punch|p1a: Big Chungus
|-supereffective|p1a: Big Chungus
|-damage|p1a: Big Chungus|47/100
|
|-heal|p1a: Big Chungus|53/100|[from] item: Leftovers
|upkeep
|turn|26
|c|☆JD Doggin'|should be game
|
|t:|1757863563
|move|p1a: Big Chungus|Body Press|p2a: BOOM BOOM
|-damage|p2a: BOOM BOOM|0 fnt
|faint|p2a: BOOM BOOM
|-end|p2a: BOOM BOOM|Quark Drive|[silent]
|
|-heal|p1a: Big Chungus|59/100|[from] item: Leftovers
|upkeep
|c|☆JD Doggin'|gg
|
|t:|1757863569
|switch|p2a: tea time|Sinistcha, tera:Dark|88/100
|-damage|p2a: tea time|76/100|[from] Stealth Rock
|turn|27
|
|t:|1757863585
|move|p1a: Big Chungus|Body Press|p2a: tea time
|-supereffective|p2a: tea time
|-damage|p2a: tea time|0 fnt
|faint|p2a: tea time
|
|-heal|p1a: Big Chungus|65/100|[from] item: Leftovers
|upkeep
|
|t:|1757863591
|switch|p2a: goodbye :3|Kingambit, M|100/100
|-damage|p2a: goodbye :3|94/100|[from] Stealth Rock
|-activate|p2a: goodbye :3|ability: Supreme Overlord
|-start|p2a: goodbye :3|fallen5|[silent]
|turn|28
|
|t:|1757863598
|move|p2a: goodbye :3|Sucker Punch|p1a: Big Chungus
|-resisted|p1a: Big Chungus
|-damage|p1a: Big Chungus|57/100
|move|p1a: Big Chungus|Body Press|p2a: goodbye :3
|-supereffective|p2a: goodbye :3
|-damage|p2a: goodbye :3|0 fnt
|faint|p2a: goodbye :3
|-end|p2a: goodbye :3|fallen5|[silent]
|
|win|JD Doggin'
|raw|JD Doggin&apos;'s rating: 1257 &rarr; <strong>1280</strong><br />(+23 for winning)
|raw|iamclouds's rating: 1226 &rarr; <strong>1203</strong><br />(-23 for losing)
|l|☆iamclouds
|player|p2|
