|j|☆B3313
|j|☆PrettyVenomothad
|inactive|Battle timer is ON: inactive players will automatically lose when time's up.
|t:|1757852174
|gametype|singles
|player|p1|B3313|cyclist-gen4|
|player|p2|PrettyVenomothad|170|
|gen|9
|tier|[Gen 9] OU
|rated|Tournament battle
|rule|HP Percentage Mod: HP is shown in percentages
|rule|Endless Battle Clause: Forcing endless battles is banned
|rule|Species Clause: Limit one of each Pokémon
|rule|OHKO Clause: OHKO moves are banned
|rule|Evasion Items Clause: Evasion items are banned
|rule|Evasion Moves Clause: Evasion moves are banned
|rule|Evasion Abilities Clause: Evasion abilities are banned
|rule|Sleep Moves Clause: Sleep-inducing moves are banned
|clearpoke
|poke|p1|Darkrai|
|poke|p1|Rotom-Mow|
|poke|p1|Glastrier|
|poke|p1|Cinderace, F|
|poke|p1|Iron Treads|
|poke|p1|Zamazenta-*|
|poke|p2|Araquanid, F|
|poke|p2|Malamar, F|
|poke|p2|Serperior, M|
|poke|p2|Cinderace, M|
|poke|p2|Milotic, M|
|poke|p2|Kingambit, F|
|teampreview
|
|t:|1757852197
|teamsize|p1|6
|teamsize|p2|6
|start
|switch|p1a: Ace of Hearts|Cinderace, F|100/100
|switch|p2a: Araquanid|Araquanid, F|100/100
|turn|1
|
|t:|1757852208
|move|p1a: Ace of Hearts|Pyro Ball|p2a: Araquanid
|-damage|p2a: Araquanid|71/100
|move|p2a: Araquanid|Sticky Web|p1a: Ace of Hearts
|-sidestart|p1: B3313|move: Sticky Web
|
|upkeep
|turn|2
|
|t:|1757852220
|move|p1a: Ace of Hearts|U-turn|p2a: Araquanid
|-start|p1a: Ace of Hearts|typechange|Bug|[from] ability: Libero
|-damage|p2a: Araquanid|35/100
|
|t:|1757852222
|switch|p1a: Stenka na Stenku|Rotom-Mow|100/100|[from] U-turn
|move|p2a: Araquanid|Surf|p1a: Stenka na Stenku
|-resisted|p1a: Stenka na Stenku
|-damage|p1a: Stenka na Stenku|71/100
|
|upkeep
|turn|3
|
|t:|1757852235
|move|p2a: Araquanid|Endure|p2a: Araquanid
|-singleturn|p2a: Araquanid|move: Endure
|move|p1a: Stenka na Stenku|Thunder Wave|p2a: Araquanid
|-status|p2a: Araquanid|par
|
|upkeep
|turn|4
|
|t:|1757852246
|switch|p2a: Cinderace|Cinderace, M|100/100
|move|p1a: Stenka na Stenku|Volt Switch|p2a: Cinderace
|-damage|p2a: Cinderace|65/100
|
|t:|1757852255
|switch|p1a: Opus Dei|Zamazenta|100/100|[from] Volt Switch
|-ability|p1a: Opus Dei|Dauntless Shield|boost
|-boost|p1a: Opus Dei|def|1
|
|upkeep
|turn|5
|
|t:|1757852263
|move|p1a: Opus Dei|Close Combat|p2a: Cinderace
|-damage|p2a: Cinderace|0 fnt
|-unboost|p1a: Opus Dei|def|1
|-unboost|p1a: Opus Dei|spd|1
|faint|p2a: Cinderace
|
|upkeep
|
|t:|1757852269
|switch|p2a: Serperior|Serperior, M|100/100
|turn|6
|
|t:|1757852285
|switch|p1a: Stenka na Stenku|Rotom-Mow|71/100
|move|p2a: Serperior|Substitute|p2a: Serperior
|-start|p2a: Serperior|Substitute
|-damage|p2a: Serperior|76/100
|
|-heal|p2a: Serperior|82/100|[from] item: Leftovers
|upkeep
|turn|7
|
|t:|1757852311
|move|p2a: Serperior|Leaf Storm|p1a: Stenka na Stenku|[miss]
|-miss|p2a: Serperior|p1a: Stenka na Stenku
|move|p1a: Stenka na Stenku|Volt Switch|p2a: Serperior
|-resisted|p2a: Serperior
|-activate|p2a: Serperior|move: Substitute|[damage]
|
|t:|1757852315
|switch|p1a: Ace of Hearts|Cinderace, F|100/100|[from] Volt Switch
|
|-heal|p2a: Serperior|88/100|[from] item: Leftovers
|upkeep
|turn|8
|
|t:|1757852320
|move|p1a: Ace of Hearts|U-turn|p2a: Serperior
|-start|p1a: Ace of Hearts|typechange|Bug|[from] ability: Libero
|-supereffective|p2a: Serperior
|-end|p2a: Serperior|Substitute
|
|t:|1757852322
|switch|p1a: Stenka na Stenku|Rotom-Mow|71/100|[from] U-turn
|move|p2a: Serperior|Glare|p1a: Stenka na Stenku
|-immune|p1a: Stenka na Stenku
|
|-heal|p2a: Serperior|94/100|[from] item: Leftovers
|upkeep
|turn|9
|
|t:|1757852332
|move|p2a: Serperior|Substitute|p2a: Serperior
|-start|p2a: Serperior|Substitute
|-damage|p2a: Serperior|69/100
|move|p1a: Stenka na Stenku|Volt Switch|p2a: Serperior
|-resisted|p2a: Serperior
|-activate|p2a: Serperior|move: Substitute|[damage]
|
|t:|1757852334
|switch|p1a: Ace of Hearts|Cinderace, F|100/100|[from] Volt Switch
|
|-heal|p2a: Serperior|75/100|[from] item: Leftovers
|upkeep
|turn|10
|
|t:|1757852347
|move|p1a: Ace of Hearts|U-turn|p2a: Serperior
|-start|p1a: Ace of Hearts|typechange|Bug|[from] ability: Libero
|-supereffective|p2a: Serperior
|-end|p2a: Serperior|Substitute
|
|t:|1757852353
|switch|p1a: Stenka na Stenku|Rotom-Mow|71/100|[from] U-turn
|move|p2a: Serperior|Glare|p1a: Stenka na Stenku
|-immune|p1a: Stenka na Stenku
|
|-heal|p2a: Serperior|81/100|[from] item: Leftovers
|upkeep
|turn|11
|
|t:|1757852359
|move|p2a: Serperior|Substitute|p2a: Serperior
|-start|p2a: Serperior|Substitute
|-damage|p2a: Serperior|56/100
|move|p1a: Stenka na Stenku|Volt Switch|p2a: Serperior
|-resisted|p2a: Serperior
|-crit|p2a: Serperior
|-activate|p2a: Serperior|move: Substitute|[damage]
|
|t:|1757852362
|switch|p1a: Ace of Hearts|Cinderace, F|100/100|[from] Volt Switch
|
|-heal|p2a: Serperior|62/100|[from] item: Leftovers
|upkeep
|turn|12
|l|☆PrettyVenomothad
|inactive|PrettyVenomothad disconnected and has a minute to reconnect!
|player|p2|
|inactive|PrettyVenomothad has 30 seconds to reconnect!
|inactive|PrettyVenomothad has 20 seconds to reconnect!
|j|☆PrettyVenomothad
|inactive|PrettyVenomothad reconnected and has 90 seconds left.
|player|p2|PrettyVenomothad|170|
|
|t:|1757852437
|move|p1a: Ace of Hearts|U-turn|p2a: Serperior
|-start|p1a: Ace of Hearts|typechange|Bug|[from] ability: Libero
|-supereffective|p2a: Serperior
|-end|p2a: Serperior|Substitute
|
|t:|1757852440
|switch|p1a: Stenka na Stenku|Rotom-Mow|71/100|[from] U-turn
|move|p2a: Serperior|Leaf Storm|p1a: Stenka na Stenku
|-resisted|p1a: Stenka na Stenku
|-damage|p1a: Stenka na Stenku|47/100
|-boost|p2a: Serperior|spa|2
|
|-heal|p2a: Serperior|68/100|[from] item: Leftovers
|upkeep
|turn|13
|
|t:|1757852453
|move|p2a: Serperior|Substitute|p2a: Serperior
|-start|p2a: Serperior|Substitute
|-damage|p2a: Serperior|43/100
|move|p1a: Stenka na Stenku|Volt Switch|p2a: Serperior
|-resisted|p2a: Serperior
|-activate|p2a: Serperior|move: Substitute|[damage]
|
|t:|1757852456
|switch|p1a: Ace of Hearts|Cinderace, F|100/100|[from] Volt Switch
|
|-heal|p2a: Serperior|49/100|[from] item: Leftovers
|upkeep
|turn|14
|inactive|PrettyVenomothad has 90 seconds left.
|
|t:|1757852467
|move|p1a: Ace of Hearts|U-turn|p2a: Serperior
|-start|p1a: Ace of Hearts|typechange|Bug|[from] ability: Libero
|-supereffective|p2a: Serperior
|-end|p2a: Serperior|Substitute
|
|t:|1757852469
|switch|p1a: Stenka na Stenku|Rotom-Mow|47/100|[from] U-turn
|move|p2a: Serperior|Leaf Storm|p1a: Stenka na Stenku
|-resisted|p1a: Stenka na Stenku
|-damage|p1a: Stenka na Stenku|0 fnt
|-boost|p2a: Serperior|spa|2
|faint|p1a: Stenka na Stenku
|
|-heal|p2a: Serperior|55/100|[from] item: Leftovers
|upkeep
|
|t:|1757852476
|switch|p1a: Ace of Hearts|Cinderace, F|100/100
|turn|15
|inactive|PrettyVenomothad has 90 seconds left.
|
|t:|1757852511
|switch|p2a: Araquanid|Araquanid, F|35/100 par
|move|p1a: Ace of Hearts|U-turn|p2a: Araquanid
|-start|p1a: Ace of Hearts|typechange|Bug|[from] ability: Libero
|-damage|p2a: Araquanid|0 fnt
|faint|p2a: Araquanid
|
|t:|1757852524
|switch|p1a: xiger xiger|Glastrier|100/100|[from] U-turn
|-activate|p1a: xiger xiger|move: Sticky Web
|-unboost|p1a: xiger xiger|spe|1
|
|upkeep
|
|t:|1757852534
|switch|p2a: Malamar|Malamar, F|100/100
|turn|16
|
|t:|1757852539
|-terastallize|p1a: xiger xiger|Ghost
|move|p2a: Malamar|Superpower|p1a: xiger xiger
|-immune|p1a: xiger xiger
|move|p1a: xiger xiger|Swords Dance|p1a: xiger xiger
|-boost|p1a: xiger xiger|atk|2
|
|upkeep
|turn|17
|
|t:|1757852548
|move|p2a: Malamar|Skill Swap|p1a: xiger xiger
|-activate|p2a: Malamar|move: Skill Swap|Chilling Neigh|Contrary|[of] p1a: xiger xiger
|move|p1a: xiger xiger|Icicle Crash|p2a: Malamar
|-damage|p2a: Malamar|27/100
|
|-heal|p2a: Malamar|33/100|[from] item: Leftovers
|upkeep
|turn|18
|inactive|PrettyVenomothad has 90 seconds left.
|
|t:|1757852557
|move|p2a: Malamar|Knock Off|p1a: xiger xiger
|-supereffective|p1a: xiger xiger
|-damage|p1a: xiger xiger|60/100
|-enditem|p1a: xiger xiger|Custap Berry|[from] move: Knock Off|[of] p2a: Malamar
|move|p1a: xiger xiger|Close Combat|p2a: Malamar
|-damage|p2a: Malamar|0 fnt
|-boost|p1a: xiger xiger|def|1
|-boost|p1a: xiger xiger|spd|1
|faint|p2a: Malamar
|
|upkeep
|inactive|PrettyVenomothad has 90 seconds left.
|
|t:|1757852577
|switch|p2a: Kingambit|Kingambit, F|100/100
|turn|19
|
|t:|1757852587
|move|p2a: Kingambit|Sucker Punch|p1a: xiger xiger
|-supereffective|p1a: xiger xiger
|-damage|p1a: xiger xiger|14/100
|move|p1a: xiger xiger|Close Combat|p2a: Kingambit
|-supereffective|p2a: Kingambit
|-damage|p2a: Kingambit|0 fnt
|-boost|p1a: xiger xiger|def|1
|-boost|p1a: xiger xiger|spd|1
|faint|p2a: Kingambit
|
|upkeep
|
|t:|1757852596
|switch|p2a: Milotic|Milotic, M|100/100
|turn|20
|
|t:|1757852604
|-terastallize|p2a: Milotic|Fairy
|move|p2a: Milotic|Surf|p1a: xiger xiger
|-damage|p1a: xiger xiger|0 fnt
|faint|p1a: xiger xiger
|
|upkeep
|
|t:|1757852618
|switch|p1a: The Lake|Darkrai|100/100
|-activate|p1a: The Lake|move: Sticky Web
|-unboost|p1a: The Lake|spe|1
|turn|21
|
|t:|1757852623
|move|p1a: The Lake|Sludge Bomb|p2a: Milotic
|-supereffective|p2a: Milotic
|-damage|p2a: Milotic|31/100
|-status|p2a: Milotic|psn
|move|p2a: Milotic|Surf|p1a: The Lake
|-damage|p1a: The Lake|12/100
|
|-damage|p2a: Milotic|19/100 psn|[from] psn
|upkeep
|turn|22
|
|t:|1757852629
|move|p1a: The Lake|Sludge Bomb|p2a: Milotic
|-supereffective|p2a: Milotic
|-damage|p2a: Milotic|0 fnt
|faint|p2a: Milotic
|
|upkeep
|
|t:|1757852631
|switch|p2a: Serperior|Serperior, M|55/100
|turn|23
|
|t:|1757852636
|move|p2a: Serperior|Leaf Storm|p1a: The Lake
|-damage|p1a: The Lake|0 fnt
|-boost|p2a: Serperior|spa|2
|faint|p1a: The Lake
|
|-heal|p2a: Serperior|61/100|[from] item: Leftovers
|upkeep
|
|t:|1757852642
|switch|p1a: Ace of Hearts|Cinderace, F|100/100
|turn|24
|
|t:|1757852647
|move|p1a: Ace of Hearts|U-turn|p2a: Serperior
|-start|p1a: Ace of Hearts|typechange|Bug|[from] ability: Libero
|-supereffective|p2a: Serperior
|-damage|p2a: Serperior|0 fnt
|faint|p2a: Serperior
|
|win|B3313
|n|☆B3313|b3313
|n|☆PrettyVenomothad|prettyvenomothad
|c|☆B3313|gg
|c|☆PrettyVenomothad|gg
