|j|☆rankupf8g
|j|☆kiriyo381
|t:|1757958784
|gametype|singles
|player|p1|rankupf8g|elesa|1352
|player|p2|kiriyo381|dragontamer|1281
|gen|9
|tier|[Gen 9] OU
|rated|
|rule|HP Percentage Mod: HP is shown in percentages
|rule|Endless Battle Clause: Forcing endless battles is banned
|rule|Species Clause: Limit one of each Pokémon
|rule|OHKO Clause: OHKO moves are banned
|rule|Evasion Items Clause: Evasion items are banned
|rule|Evasion Moves Clause: Evasion moves are banned
|rule|Evasion Abilities Clause: Evasion abilities are banned
|rule|Sleep Moves Clause: Sleep-inducing moves are banned
|clearpoke
|poke|p1|Dragonite, F|
|poke|p1|Zamazenta-*|
|poke|p1|Landorus-Therian, M|
|poke|p1|Gholdengo|
|poke|p1|Darkrai|
|poke|p1|Hatterene, F|
|poke|p2|Dragonite, F|
|poke|p2|Ninetales, F|
|poke|p2|Venusaur, M|
|poke|p2|Blaziken, M|
|poke|p2|Forretress, M|
|poke|p2|Goodra-Hisui, F|
|teampreview
|inactive|Battle timer is ON: inactive players will automatically lose when time's up. (requested by kiriyo381)
|inactive|rankupf8g also wants the timer to be on.
|l|☆rankupf8g
|inactive|rankupf8g disconnected and has a minute to reconnect!
|player|p1|
|j|☆rankupf8g
|inactive|rankupf8g reconnected and has 130 seconds left.
|player|p1|rankupf8g|elesa|
|inactive|rankupf8g has 120 seconds left.
|
|t:|1757958825
|teamsize|p1|6
|teamsize|p2|6
|start
|switch|p1a: Landorus|Landorus-Therian, M|100/100
|switch|p2a: Ball|Forretress, M|100/100
|-ability|p1a: Landorus|Intimidate|boost
|-unboost|p2a: Ball|atk|1
|turn|1
|
|t:|1757958833
|move|p1a: Landorus|Taunt|p2a: Ball
|-start|p2a: Ball|move: Taunt
|cant|p2a: Ball|move: Taunt|Stealth Rock
|
|upkeep
|turn|2
|
|t:|1757958840
|switch|p2a: Nugget|Blaziken, M|100/100
|move|p1a: Landorus|Stealth Rock|p2a: Nugget
|-sidestart|p2: kiriyo381|move: Stealth Rock
|
|upkeep
|turn|3
|
|t:|1757958846
|move|p2a: Nugget|Swords Dance|p2a: Nugget
|-boost|p2a: Nugget|atk|2
|move|p1a: Landorus|U-turn|p2a: Nugget
|-resisted|p2a: Nugget
|-damage|p2a: Nugget|93/100
|
|t:|1757958850
|switch|p1a: Dragonite|Dragonite, F|100/100|[from] U-turn
|
|-ability|p2a: Nugget|Speed Boost|boost
|-boost|p2a: Nugget|spe|1
|upkeep
|turn|4
|
|t:|1757958859
|move|p2a: Nugget|Reversal|p1a: Dragonite
|-resisted|p1a: Dragonite
|-damage|p1a: Dragonite|95/100
|move|p1a: Dragonite|Earthquake|p2a: Nugget
|-supereffective|p2a: Nugget
|-damage|p2a: Nugget|0 fnt
|faint|p2a: Nugget
|
|upkeep
|
|t:|1757958870
|switch|p2a: Ball|Forretress, M|100/100
|-damage|p2a: Ball|88/100|[from] Stealth Rock
|turn|5
|
|t:|1757958873
|switch|p1a: Hatterene|Hatterene, F|100/100
|move|p2a: Ball|Rapid Spin|p1a: Hatterene
|-damage|p1a: Hatterene|89/100
|-boost|p2a: Ball|spe|1
|-sideend|p2: kiriyo381|Stealth Rock|[from] move: Rapid Spin|[of] p2a: Ball
|
|-heal|p2a: Ball|94/100|[from] item: Leftovers
|upkeep
|turn|6
|
|t:|1757958880
|switch|p2a: Moodra|Goodra-Hisui, F|100/100
|move|p1a: Hatterene|Mystical Fire|p2a: Moodra
|-damage|p2a: Moodra|89/100
|-unboost|p2a: Moodra|spa|1
|
|upkeep
|turn|7
|
|t:|1757958887
|switch|p1a: Gholdengo|Gholdengo|100/100
|move|p2a: Moodra|Flash Cannon|p1a: Gholdengo
|-resisted|p1a: Gholdengo
|-damage|p1a: Gholdengo|87/100
|
|upkeep
|turn|8
|
|t:|1757958894
|move|p1a: Gholdengo|Nasty Plot|p1a: Gholdengo
|-boost|p1a: Gholdengo|spa|2
|move|p2a: Moodra|Flamethrower|p1a: Gholdengo
|-supereffective|p1a: Gholdengo
|-damage|p1a: Gholdengo|40/100
|
|upkeep
|turn|9
|
|t:|1757958900
|move|p1a: Gholdengo|Thunderbolt|p2a: Moodra
|-resisted|p2a: Moodra
|-damage|p2a: Moodra|74/100
|move|p2a: Moodra|Flamethrower|p1a: Gholdengo
|-supereffective|p1a: Gholdengo
|-damage|p1a: Gholdengo|0 fnt
|faint|p1a: Gholdengo
|
|upkeep
|
|t:|1757958909
|switch|p1a: Landorus|Landorus-Therian, M|100/100
|-ability|p1a: Landorus|Intimidate|boost
|-unboost|p2a: Moodra|atk|1
|turn|10
|
|t:|1757958914
|switch|p2a: Dracy|Dragonite, F, shiny|100/100
|move|p1a: Landorus|Stealth Rock|p2a: Dracy
|-sidestart|p2: kiriyo381|move: Stealth Rock
|
|upkeep
|turn|11
|
|t:|1757958920
|move|p2a: Dracy|Dragon Dance|p2a: Dracy
|-boost|p2a: Dracy|atk|1
|-boost|p2a: Dracy|spe|1
|move|p1a: Landorus|U-turn|p2a: Dracy
|-resisted|p2a: Dracy
|-damage|p2a: Dracy|95/100
|
|t:|1757958935
|switch|p1a: Darkrai|Darkrai|100/100|[from] U-turn
|
|upkeep
|turn|12
|
|t:|1757958944
|switch|p1a: Landorus|Landorus-Therian, M|100/100
|-ability|p1a: Landorus|Intimidate|boost
|-unboost|p2a: Dracy|atk|1
|move|p2a: Dracy|Dragon Claw|p1a: Landorus
|-damage|p1a: Landorus|57/100
|-damage|p2a: Dracy|79/100|[from] item: Rocky Helmet|[of] p1a: Landorus
|
|upkeep
|turn|13
|
|t:|1757958951
|move|p2a: Dracy|Dragon Dance|p2a: Dracy
|-boost|p2a: Dracy|atk|1
|-boost|p2a: Dracy|spe|1
|move|p1a: Landorus|U-turn|p2a: Dracy
|-resisted|p2a: Dracy
|-damage|p2a: Dracy|66/100
|
|t:|1757958953
|switch|p1a: Zamazenta|Zamazenta|100/100|[from] U-turn
|-ability|p1a: Zamazenta|Dauntless Shield|boost
|-boost|p1a: Zamazenta|def|1
|
|upkeep
|turn|14
|
|t:|1757958962
|move|p2a: Dracy|Dragon Claw|p1a: Zamazenta
|-damage|p1a: Zamazenta|67/100
|move|p1a: Zamazenta|Iron Defense|p1a: Zamazenta
|-boost|p1a: Zamazenta|def|2
|
|-heal|p1a: Zamazenta|74/100|[from] item: Leftovers
|upkeep
|turn|15
|
|t:|1757958970
|move|p2a: Dracy|Dragon Dance|p2a: Dracy
|-boost|p2a: Dracy|atk|1
|-boost|p2a: Dracy|spe|1
|move|p1a: Zamazenta|Body Press|p2a: Dracy
|-resisted|p2a: Dracy
|-damage|p2a: Dracy|13/100
|
|-heal|p1a: Zamazenta|80/100|[from] item: Leftovers
|upkeep
|turn|16
|
|t:|1757958986
|move|p2a: Dracy|Dragon Claw|p1a: Zamazenta
|-damage|p1a: Zamazenta|49/100
|move|p1a: Zamazenta|Roar|p2a: Dracy
|drag|p2a: Bulba|Venusaur, M|100/100
|-damage|p2a: Bulba|88/100|[from] Stealth Rock
|
|-heal|p1a: Zamazenta|55/100|[from] item: Leftovers
|upkeep
|turn|17
|
|t:|1757958996
|switch|p2a: Dracy|Dragonite, F, shiny|13/100
|-damage|p2a: Dracy|0 fnt|[from] Stealth Rock
|faint|p2a: Dracy
|-terastallize|p1a: Zamazenta|Fire
|move|p1a: Zamazenta|Body Press|p2: Dracy|[notarget]
|-fail|p1a: Zamazenta
|
|-heal|p1a: Zamazenta|61/100|[from] item: Leftovers
|upkeep
|
|t:|1757959016
|switch|p2a: Tails|Ninetales, F|100/100
|-damage|p2a: Tails|76/100|[from] Stealth Rock
|-weather|SunnyDay|[from] ability: Drought|[of] p2a: Tails
|turn|18
|
|t:|1757959023
|move|p1a: Zamazenta|Body Press|p2a: Tails
|-damage|p2a: Tails|0 fnt
|faint|p2a: Tails
|
|-weather|SunnyDay|[upkeep]
|-heal|p1a: Zamazenta|67/100|[from] item: Leftovers
|upkeep
|
|t:|1757959030
|switch|p2a: Bulba|Venusaur, M|88/100
|-damage|p2a: Bulba|76/100|[from] Stealth Rock
|turn|19
|
|t:|1757959037
|move|p2a: Bulba|Earth Power|p1a: Zamazenta
|-supereffective|p1a: Zamazenta
|-damage|p1a: Zamazenta|0 fnt
|faint|p1a: Zamazenta
|-damage|p2a: Bulba|66/100|[from] item: Life Orb
|
|-weather|SunnyDay|[upkeep]
|upkeep
|
|t:|1757959041
|switch|p1a: Dragonite|Dragonite, F|95/100
|turn|20
|
|t:|1757959066
|move|p2a: Bulba|Weather Ball|p1a: Dragonite
|-resisted|p1a: Dragonite
|-damage|p1a: Dragonite|65/100
|-damage|p2a: Bulba|56/100|[from] item: Life Orb
|move|p1a: Dragonite|Dragon Dance|p1a: Dragonite
|-boost|p1a: Dragonite|atk|1
|-boost|p1a: Dragonite|spe|1
|
|-weather|SunnyDay|[upkeep]
|upkeep
|turn|21
|
|t:|1757959076
|move|p2a: Bulba|Weather Ball|p1a: Dragonite
|-resisted|p1a: Dragonite
|-damage|p1a: Dragonite|30/100
|-damage|p2a: Bulba|46/100|[from] item: Life Orb
|move|p1a: Dragonite|Earthquake|p2a: Bulba
|-damage|p2a: Bulba|0 fnt
|faint|p2a: Bulba
|
|-weather|SunnyDay|[upkeep]
|upkeep
|
|t:|1757959090
|switch|p2a: Ball|Forretress, M|94/100
|-damage|p2a: Ball|82/100|[from] Stealth Rock
|turn|22
|
|t:|1757959095
|move|p1a: Dragonite|Earthquake|p2a: Ball
|-damage|p2a: Ball|52/100
|move|p2a: Ball|Rapid Spin|p1a: Dragonite
|-damage|p1a: Dragonite|18/100
|-boost|p2a: Ball|spe|1
|-sideend|p2: kiriyo381|Stealth Rock|[from] move: Rapid Spin|[of] p2a: Ball
|
|-weather|SunnyDay|[upkeep]
|-heal|p2a: Ball|58/100|[from] item: Leftovers
|upkeep
|turn|23
|
|t:|1757959104
|move|p1a: Dragonite|Earthquake|p2a: Ball
|-damage|p2a: Ball|31/100
|move|p2a: Ball|Body Press|p1a: Dragonite
|-resisted|p1a: Dragonite
|-damage|p1a: Dragonite|2/100
|
|-weather|SunnyDay|[upkeep]
|-heal|p2a: Ball|37/100|[from] item: Leftovers
|upkeep
|turn|24
|
|t:|1757959115
|move|p1a: Dragonite|Earthquake|p2a: Ball
|-damage|p2a: Ball|7/100
|move|p2a: Ball|Rapid Spin|p1a: Dragonite
|-crit|p1a: Dragonite
|-damage|p1a: Dragonite|0 fnt
|-boost|p2a: Ball|spe|1
|faint|p1a: Dragonite
|
|-weather|SunnyDay|[upkeep]
|-heal|p2a: Ball|13/100|[from] item: Leftovers
|upkeep
|
|t:|1757959117
|switch|p1a: Landorus|Landorus-Therian, M|57/100
|-ability|p1a: Landorus|Intimidate|boost
|-unboost|p2a: Ball|atk|1
|turn|25
|
|t:|1757959133
|move|p1a: Landorus|Earthquake|p2a: Ball
|-damage|p2a: Ball|0 fnt
|faint|p2a: Ball
|
|-weather|none
|upkeep
|
|t:|1757959135
|switch|p2a: Moodra|Goodra-Hisui, F|74/100
|turn|26
|
|t:|1757959141
|-terastallize|p2a: Moodra|Flying
|move|p1a: Landorus|Earthquake|p2a: Moodra
|-immune|p2a: Moodra
|move|p2a: Moodra|Surf|p1a: Landorus
|-supereffective|p1a: Landorus
|-damage|p1a: Landorus|4/100
|
|upkeep
|turn|27
|
|t:|1757959151
|move|p1a: Landorus|U-turn|p2a: Moodra
|-resisted|p2a: Moodra
|-damage|p2a: Moodra|63/100
|
|t:|1757959155
|switch|p1a: Hatterene|Hatterene, F|89/100|[from] U-turn
|move|p2a: Moodra|Flash Cannon|p1a: Hatterene
|-supereffective|p1a: Hatterene
|-damage|p1a: Hatterene|37/100
|
|upkeep
|turn|28
|
|t:|1757959160
|move|p2a: Moodra|Flash Cannon|p1a: Hatterene
|-supereffective|p1a: Hatterene
|-damage|p1a: Hatterene|0 fnt
|faint|p1a: Hatterene
|
|upkeep
|
|t:|1757959163
|switch|p1a: Darkrai|Darkrai|100/100
|turn|29
|
|t:|1757959175
|move|p1a: Darkrai|Ice Beam|p2a: Moodra
|-supereffective|p2a: Moodra
|-damage|p2a: Moodra|39/100
|move|p2a: Moodra|Ice Beam|p1a: Darkrai
|-damage|p1a: Darkrai|64/100
|-status|p1a: Darkrai|frz
|
|upkeep
|turn|30
|
|t:|1757959187
|cant|p1a: Darkrai|frz
|move|p2a: Moodra|Ice Beam|p1a: Darkrai
|-damage|p1a: Darkrai|27/100 frz
|
|upkeep
|turn|31
|
|t:|1757959192
|cant|p1a: Darkrai|frz
|move|p2a: Moodra|Ice Beam|p1a: Darkrai
|-crit|p1a: Darkrai
|-damage|p1a: Darkrai|0 fnt
|faint|p1a: Darkrai
|
|upkeep
|-message|rankupf8g forfeited.
|
|win|kiriyo381
|raw|rankupf8g's rating: 1352 &rarr; <strong>1328</strong><br />(-24 for losing)
|raw|kiriyo381's rating: 1281 &rarr; <strong>1311</strong><br />(+30 for winning)
|l|☆rankupf8g
|player|p1|
