|j|☆catney
|j|☆boredbattle
|t:|1757825122
|gametype|singles
|player|p1|catney|101|1212
|player|p2|boredbattle|101|1222
|gen|9
|tier|[Gen 9] OU
|rated|
|rule|HP Percentage Mod: HP is shown in percentages
|rule|Endless Battle Clause: Forcing endless battles is banned
|rule|Species Clause: Limit one of each Pokémon
|rule|OHKO Clause: OHKO moves are banned
|rule|Evasion Items Clause: Evasion items are banned
|rule|Evasion Moves Clause: Evasion moves are banned
|rule|Evasion Abilities Clause: Evasion abilities are banned
|rule|Sleep Moves Clause: Sleep-inducing moves are banned
|clearpoke
|poke|p1|Landorus-Therian, M|
|poke|p1|Sinistcha|
|poke|p1|Tinkaton, F|
|poke|p1|Moltres|
|poke|p1|Samurott-Hisui, M|
|poke|p1|Hydreigon, M|
|poke|p2|Glimmora, M|
|poke|p2|Serperior, M|
|poke|p2|Gliscor, M|
|poke|p2|Glaceon, F|
|poke|p2|Dondozo, F|
|poke|p2|Kingambit, F|
|teampreview
|inactive|Battle timer is ON: inactive players will automatically lose when time's up. (requested by catney)
|
|t:|1757825133
|teamsize|p1|6
|teamsize|p2|6
|start
|switch|p1a: Landorus|Landorus-Therian, M, shiny|100/100
|switch|p2a: Serperior|Serperior, M|100/100
|-ability|p1a: Landorus|Intimidate|boost
|-boost|p2a: Serperior|atk|1
|turn|1
|
|t:|1757825137
|move|p1a: Landorus|U-turn|p2a: Serperior
|-supereffective|p2a: Serperior
|-damage|p2a: Serperior|32/100
|
|t:|1757825140
|switch|p1a: Moltres|Moltres, shiny|100/100|[from] U-turn
|move|p2a: Serperior|Leaf Storm|p1a: Moltres
|-resisted|p1a: Moltres
|-damage|p1a: Moltres|92/100
|-boost|p2a: Serperior|spa|2
|
|upkeep
|turn|2
|
|t:|1757825157
|switch|p2a: Dondozo|Dondozo, F|100/100
|move|p1a: Moltres|Flamethrower|p2a: Dondozo
|-resisted|p2a: Dondozo
|-damage|p2a: Dondozo|88/100
|
|upkeep
|turn|3
|
|t:|1757825166
|move|p1a: Moltres|U-turn|p2a: Dondozo
|-damage|p2a: Dondozo|81/100
|-damage|p1a: Moltres|75/100|[from] item: Rocky Helmet|[of] p2a: Dondozo
|
|t:|1757825168
|switch|p1a: Sinistcha|Sinistcha, shiny|100/100|[from] U-turn
|move|p2a: Dondozo|Waterfall|p1a: Sinistcha
|-resisted|p1a: Sinistcha
|-damage|p1a: Sinistcha|92/100
|
|upkeep
|turn|4
|
|t:|1757825176
|switch|p2a: Glaceon|Glaceon, F|100/100
|move|p1a: Sinistcha|Calm Mind|p1a: Sinistcha
|-boost|p1a: Sinistcha|spa|1
|-boost|p1a: Sinistcha|spd|1
|
|upkeep
|turn|5
|
|t:|1757825182
|move|p1a: Sinistcha|Shadow Ball|p2a: Glaceon
|-damage|p2a: Glaceon|53/100
|move|p2a: Glaceon|Calm Mind|p2a: Glaceon
|-boost|p2a: Glaceon|spa|1
|-boost|p2a: Glaceon|spd|1
|
|-heal|p2a: Glaceon|59/100|[from] item: Leftovers
|upkeep
|turn|6
|
|t:|1757825186
|move|p1a: Sinistcha|Shadow Ball|p2a: Glaceon
|-damage|p2a: Glaceon|26/100
|move|p2a: Glaceon|Calm Mind|p2a: Glaceon
|-boost|p2a: Glaceon|spa|1
|-boost|p2a: Glaceon|spd|1
|
|-heal|p2a: Glaceon|32/100|[from] item: Leftovers
|upkeep
|turn|7
|
|t:|1757825191
|move|p1a: Sinistcha|Shadow Ball|p2a: Glaceon
|-damage|p2a: Glaceon|8/100
|-unboost|p2a: Glaceon|spd|1
|move|p2a: Glaceon|Freeze-Dry|p1a: Sinistcha
|-supereffective|p1a: Sinistcha
|-damage|p1a: Sinistcha|0 fnt
|faint|p1a: Sinistcha
|
|-heal|p2a: Glaceon|14/100|[from] item: Leftovers
|upkeep
|
|t:|1757825199
|switch|p1a: Landorus|Landorus-Therian, M, shiny|100/100
|-ability|p1a: Landorus|Intimidate|boost
|-unboost|p2a: Glaceon|atk|1
|turn|8
|l|☆boredbattle
|inactive|boredbattle disconnected and has a minute to reconnect!
|player|p2|
|j|☆boredbattle
|inactive|boredbattle reconnected and has 125 seconds left.
|player|p2|boredbattle|101|
|inactive|boredbattle has 120 seconds left.
|
|t:|1757825235
|move|p1a: Landorus|Earthquake|p2a: Glaceon
|-damage|p2a: Glaceon|0 fnt
|faint|p2a: Glaceon
|
|upkeep
|
|t:|1757825239
|switch|p2a: Dondozo|Dondozo, F|81/100
|turn|9
|
|t:|1757825246
|switch|p1a: Samurott|Samurott-Hisui, M, shiny|100/100
|move|p2a: Dondozo|Waterfall|p1a: Samurott
|-resisted|p1a: Samurott
|-damage|p1a: Samurott|82/100
|
|upkeep
|turn|10
|
|t:|1757825251
|move|p1a: Samurott|Knock Off|p2a: Dondozo
|-damage|p2a: Dondozo|52/100
|-damage|p1a: Samurott|65/100|[from] item: Rocky Helmet|[of] p2a: Dondozo
|-enditem|p2a: Dondozo|Rocky Helmet|[from] move: Knock Off|[of] p1a: Samurott
|move|p2a: Dondozo|Body Press|p1a: Samurott
|-supereffective|p1a: Samurott
|-damage|p1a: Samurott|0 fnt
|faint|p1a: Samurott
|
|upkeep
|
|t:|1757825259
|switch|p1a: Hydreigon|Hydreigon, M, shiny|100/100
|turn|11
|
|t:|1757825264
|switch|p2a: Kingambit|Kingambit, F|100/100
|-activate|p2a: Kingambit|ability: Supreme Overlord
|-start|p2a: Kingambit|fallen1|[silent]
|move|p1a: Hydreigon|Draco Meteor|p2a: Kingambit
|-resisted|p2a: Kingambit
|-damage|p2a: Kingambit|51/100
|-unboost|p1a: Hydreigon|spa|2
|
|upkeep
|turn|12
|
|t:|1757825276
|switch|p1a: Moltres|Moltres, shiny|75/100
|move|p2a: Kingambit|Swords Dance|p2a: Kingambit
|-boost|p2a: Kingambit|atk|2
|
|upkeep
|turn|13
|
|t:|1757825285
|-terastallize|p2a: Kingambit|Fire
|move|p2a: Kingambit|Sucker Punch|p1a: Moltres
|-damage|p1a: Moltres|0 fnt
|faint|p1a: Moltres
|
|upkeep
|
|t:|1757825289
|switch|p1a: Landorus|Landorus-Therian, M, shiny|100/100
|-ability|p1a: Landorus|Intimidate|boost
|-fail|p2a: Kingambit|unboost|[from] item: Clear Amulet|[of] p2a: Kingambit
|turn|14
|
|t:|1757825296
|move|p2a: Kingambit|Sucker Punch|p1a: Landorus
|-damage|p1a: Landorus|0 fnt
|faint|p1a: Landorus
|
|upkeep
|
|t:|1757825300
|switch|p1a: Hydreigon|Hydreigon, M, shiny|100/100
|turn|15
|
|t:|1757825311
|-end|p2a: Kingambit|fallen1|[silent]
|switch|p2a: Glimmora|Glimmora, M|100/100
|move|p1a: Hydreigon|Dark Pulse|p2a: Glimmora
|-damage|p2a: Glimmora|26/100
|
|upkeep
|turn|16
|
|t:|1757825317
|move|p1a: Hydreigon|Dark Pulse|p2a: Glimmora
|-damage|p2a: Glimmora|0 fnt
|faint|p2a: Glimmora
|
|upkeep
|
|t:|1757825323
|switch|p2a: Serperior|Serperior, M|32/100
|turn|17
|
|t:|1757825326
|move|p2a: Serperior|Dragon Pulse|p1a: Hydreigon
|-supereffective|p1a: Hydreigon
|-damage|p1a: Hydreigon|51/100
|move|p1a: Hydreigon|Dark Pulse|p2a: Serperior
|-damage|p2a: Serperior|0 fnt
|faint|p2a: Serperior
|
|upkeep
|
|t:|1757825330
|switch|p2a: Kingambit|Kingambit, F, tera:Fire|51/100
|-activate|p2a: Kingambit|ability: Supreme Overlord
|-start|p2a: Kingambit|fallen3|[silent]
|turn|18
|
|t:|1757825335
|move|p2a: Kingambit|Sucker Punch|p1a: Hydreigon
|-resisted|p1a: Hydreigon
|-damage|p1a: Hydreigon|23/100
|move|p1a: Hydreigon|Dark Pulse|p2a: Kingambit
|-damage|p2a: Kingambit|0 fnt
|faint|p2a: Kingambit
|-end|p2a: Kingambit|fallen3|[silent]
|
|upkeep
|
|t:|1757825337
|switch|p2a: Gliscor|Gliscor, M|100/100
|turn|19
|
|t:|1757825343
|switch|p1a: Tinkaton|Tinkaton, F, shiny|100/100
|-item|p1a: Tinkaton|Air Balloon
|move|p2a: Gliscor|Knock Off|p1a: Tinkaton
|-resisted|p1a: Tinkaton
|-damage|p1a: Tinkaton|82/100
|-enditem|p1a: Tinkaton|Air Balloon
|-enditem|p2a: Gliscor|Toxic Orb|[silent]|[from] ability: Pickpocket|[of] p2a: Gliscor
|-item|p1a: Tinkaton|Toxic Orb|[from] ability: Pickpocket|[of] p2a: Gliscor
|
|upkeep
|turn|20
|
|t:|1757825356
|-terastallize|p1a: Tinkaton|Ice
|move|p1a: Tinkaton|Ice Hammer|p2a: Gliscor
|-supereffective|p2a: Gliscor
|-damage|p2a: Gliscor|0 fnt
|-unboost|p1a: Tinkaton|spe|1
|faint|p2a: Gliscor
|
|-status|p1a: Tinkaton|tox|[from] item: Toxic Orb
|upkeep
|
|t:|1757825359
|switch|p2a: Dondozo|Dondozo, F|52/100
|turn|21
|
|t:|1757825364
|move|p1a: Tinkaton|Play Rough|p2a: Dondozo
|-damage|p2a: Dondozo|33/100
|move|p2a: Dondozo|Body Press|p1a: Tinkaton
|-supereffective|p1a: Tinkaton
|-damage|p1a: Tinkaton|16/100 tox
|
|-damage|p1a: Tinkaton|10/100 tox|[from] psn
|upkeep
|turn|22
|
|t:|1757825370
|move|p1a: Tinkaton|Gigaton Hammer|p2a: Dondozo
|-resisted|p2a: Dondozo
|-damage|p2a: Dondozo|18/100
|move|p2a: Dondozo|Rest|p2a: Dondozo
|-status|p2a: Dondozo|slp|[from] move: Rest
|-heal|p2a: Dondozo|100/100 slp|[silent]
|
|-damage|p1a: Tinkaton|0 fnt|[from] psn
|faint|p1a: Tinkaton
|upkeep
|
|t:|1757825373
|switch|p1a: Hydreigon|Hydreigon, M, shiny|23/100
|turn|23
|
|t:|1757825375
|move|p1a: Hydreigon|Dark Pulse|p2a: Dondozo
|-damage|p2a: Dondozo|60/100 slp
|cant|p2a: Dondozo|slp
|
|upkeep
|turn|24
|
|t:|1757825379
|move|p1a: Hydreigon|Dark Pulse|p2a: Dondozo
|-damage|p2a: Dondozo|21/100 slp
|cant|p2a: Dondozo|slp
|
|upkeep
|turn|25
|
|t:|1757825382
|move|p1a: Hydreigon|Dark Pulse|p2a: Dondozo
|-damage|p2a: Dondozo|0 fnt
|faint|p2a: Dondozo
|
|win|catney
|raw|catney's rating: 1212 &rarr; <strong>1238</strong><br />(+26 for winning)
|raw|boredbattle's rating: 1222 &rarr; <strong>1196</strong><br />(-26 for losing)
|l|☆boredbattle
|player|p2|
|l|☆catney
|player|p1|
