|j|☆Jinghan Yu
|j|☆middleagepokefan
|t:|1757843017
|gametype|singles
|player|p1|Jinghan Yu|nate|1114
|player|p2|middleagepokefan|266|1142
|gen|9
|tier|[Gen 9] OU
|rated|
|rule|HP Percentage Mod: HP is shown in percentages
|rule|Endless Battle Clause: Forcing endless battles is banned
|rule|Species Clause: Limit one of each Pokémon
|rule|OHKO Clause: OHKO moves are banned
|rule|Evasion Items Clause: Evasion items are banned
|rule|Evasion Moves Clause: Evasion moves are banned
|rule|Evasion Abilities Clause: Evasion abilities are banned
|rule|Sleep Moves Clause: Sleep-inducing moves are banned
|clearpoke
|poke|p1|Scizor, M|
|poke|p1|Tyranitar, M|
|poke|p1|Garchomp, M|
|poke|p1|Gyarados, M|
|poke|p1|Gengar, M|
|poke|p1|Excadrill, M|
|poke|p2|Medicham, M|
|poke|p2|Tinkaton, F|
|poke|p2|Zapdos|
|poke|p2|Exeggutor-Alola, M|
|poke|p2|Muk-Alola, F|
|poke|p2|Mamoswine, F|
|teampreview
|inactive|Battle timer is ON: inactive players will automatically lose when time's up. (requested by middleagepokefan)
|
|t:|1757843030
|teamsize|p1|6
|teamsize|p2|6
|start
|switch|p1a: Osten|Gyarados, M, shiny|100/100
|switch|p2a: Shlup|Muk-Alola, F|100/100
|-ability|p1a: Osten|Intimidate|boost
|-unboost|p2a: Shlup|atk|1
|turn|1
|
|t:|1757843036
|move|p1a: Osten|Dragon Dance|p1a: Osten
|-boost|p1a: Osten|atk|1
|-boost|p1a: Osten|spe|1
|move|p2a: Shlup|Curse|p2a: Shlup
|-unboost|p2a: Shlup|spe|1
|-boost|p2a: Shlup|atk|1
|-boost|p2a: Shlup|def|1
|
|upkeep
|turn|2
|
|t:|1757843041
|move|p1a: Osten|Dragon Dance|p1a: Osten
|-boost|p1a: Osten|atk|1
|-boost|p1a: Osten|spe|1
|move|p2a: Shlup|Curse|p2a: Shlup
|-unboost|p2a: Shlup|spe|1
|-boost|p2a: Shlup|atk|1
|-boost|p2a: Shlup|def|1
|
|upkeep
|turn|3
|
|t:|1757843048
|-terastallize|p1a: Osten|Flying
|move|p1a: Osten|Tera Blast|p2a: Shlup|[anim] Tera Blast Flying
|-damage|p2a: Shlup|40/100
|move|p2a: Shlup|Knock Off|p1a: Osten
|-damage|p1a: Osten|13/100
|-status|p1a: Osten|psn|[from] ability: Poison Touch|[of] p2a: Shlup
|-enditem|p1a: Osten|Leftovers|[from] move: Knock Off|[of] p2a: Shlup
|
|-heal|p2a: Shlup|46/100|[from] item: Leftovers
|-damage|p1a: Osten|1/100 psn|[from] psn
|upkeep
|turn|4
|
|t:|1757843057
|move|p2a: Shlup|Shadow Sneak|p1a: Osten
|-damage|p1a: Osten|0 fnt
|faint|p1a: Osten
|
|-heal|p2a: Shlup|52/100|[from] item: Leftovers
|upkeep
|
|t:|1757843064
|switch|p1a: Timothy|Tyranitar, M|100/100
|-weather|Sandstorm|[from] ability: Sand Stream|[of] p1a: Timothy
|turn|5
|
|t:|1757843073
|switch|p2a: FacePlant|Exeggutor-Alola, M|100/100
|-item|p1a: Timothy|Smooth Rock|[from] ability: Frisk|[of] p2a: FacePlant
|move|p1a: Timothy|Earthquake|p2a: FacePlant
|-resisted|p2a: FacePlant
|-damage|p2a: FacePlant|81/100
|
|-weather|Sandstorm|[upkeep]
|-damage|p2a: FacePlant|75/100|[from] Sandstorm
|upkeep
|turn|6
|
|t:|1757843080
|switch|p1a: Boden|Scizor, M, shiny|100/100
|move|p2a: FacePlant|Giga Drain|p1a: Boden
|-resisted|p1a: Boden
|-damage|p1a: Boden|88/100
|-heal|p2a: FacePlant|80/100|[from] drain|[of] p1a: Boden
|
|-weather|Sandstorm|[upkeep]
|-damage|p2a: FacePlant|74/100|[from] Sandstorm
|upkeep
|turn|7
|
|t:|1757843084
|move|p1a: Boden|Swords Dance|p1a: Boden
|-boost|p1a: Boden|atk|2
|move|p2a: FacePlant|Flamethrower|p1a: Boden
|-supereffective|p1a: Boden
|-damage|p1a: Boden|0 fnt
|faint|p1a: Boden
|
|-weather|Sandstorm|[upkeep]
|-damage|p2a: FacePlant|68/100|[from] Sandstorm
|upkeep
|c|☆middleagepokefan|Nope
|
|t:|1757843090
|switch|p1a: Emmett|Excadrill, M|100/100
|-item|p1a: Emmett|Air Balloon
|turn|8
|
|t:|1757843098
|move|p1a: Emmett|Swords Dance|p1a: Emmett
|-boost|p1a: Emmett|atk|2
|move|p2a: FacePlant|Giga Drain|p1a: Emmett
|-damage|p1a: Emmett|46/100
|-heal|p2a: FacePlant|93/100|[from] drain|[of] p1a: Emmett
|-enditem|p1a: Emmett|Air Balloon
|
|-weather|Sandstorm|[upkeep]
|-damage|p2a: FacePlant|87/100|[from] Sandstorm
|upkeep
|turn|9
|
|t:|1757843106
|move|p1a: Emmett|Rock Slide|p2a: FacePlant
|-damage|p2a: FacePlant|32/100
|cant|p2a: FacePlant|flinch
|
|-weather|Sandstorm|[upkeep]
|-damage|p2a: FacePlant|26/100|[from] Sandstorm
|upkeep
|turn|10
|
|t:|1757843115
|move|p1a: Emmett|Rapid Spin|p2a: FacePlant
|-damage|p2a: FacePlant|0 fnt
|-boost|p1a: Emmett|spe|1
|faint|p2a: FacePlant
|
|-weather|Sandstorm|[upkeep]
|upkeep
|
|t:|1757843125
|switch|p2a: MC|Tinkaton, F, shiny|100/100
|-ability|p2a: MC|Mold Breaker
|turn|11
|
|t:|1757843127
|switch|p2a: AA-j|Zapdos|100/100
|move|p1a: Emmett|Earthquake|p2a: AA-j
|-immune|p2a: AA-j
|
|-weather|Sandstorm|[upkeep]
|-damage|p2a: AA-j|94/100|[from] Sandstorm
|upkeep
|turn|12
|
|t:|1757843137
|switch|p2a: MC|Tinkaton, F, shiny|100/100
|-ability|p2a: MC|Mold Breaker
|move|p1a: Emmett|Rock Slide|p2a: MC
|-resisted|p2a: MC
|-damage|p2a: MC|76/100
|
|-weather|none
|-heal|p2a: MC|82/100|[from] item: Leftovers
|upkeep
|turn|13
|
|t:|1757843153
|switch|p2a: AA-j|Zapdos|94/100
|move|p1a: Emmett|Earthquake|p2a: AA-j
|-immune|p2a: AA-j
|
|upkeep
|turn|14
|
|t:|1757843156
|move|p1a: Emmett|Rock Slide|p2a: AA-j
|-supereffective|p2a: AA-j
|-crit|p2a: AA-j
|-damage|p2a: AA-j|0 fnt
|faint|p2a: AA-j
|
|upkeep
|
|t:|1757843159
|switch|p2a: N!ppleKnee|Medicham, M, shiny|100/100
|turn|15
|
|t:|1757843163
|move|p1a: Emmett|Earthquake|p2a: N!ppleKnee
|-damage|p2a: N!ppleKnee|0 fnt
|faint|p2a: N!ppleKnee
|
|upkeep
|
|t:|1757843167
|switch|p2a: Shlup|Muk-Alola, F|52/100
|turn|16
|
|t:|1757843175
|-terastallize|p2a: Shlup|Flying
|move|p2a: Shlup|Shadow Sneak|p1a: Emmett
|-damage|p1a: Emmett|27/100
|move|p1a: Emmett|Earthquake|p2a: Shlup
|-immune|p2a: Shlup
|
|-heal|p2a: Shlup|58/100|[from] item: Leftovers
|upkeep
|turn|17
|
|t:|1757843180
|move|p2a: Shlup|Shadow Sneak|p1a: Emmett
|-damage|p1a: Emmett|8/100
|move|p1a: Emmett|Rock Slide|p2a: Shlup
|-supereffective|p2a: Shlup
|-damage|p2a: Shlup|0 fnt
|faint|p2a: Shlup
|
|upkeep
|
|t:|1757843182
|switch|p2a: Mamoswine|Mamoswine, F|100/100
|turn|18
|
|t:|1757843189
|switch|p1a: Timothy|Tyranitar, M|100/100
|-weather|Sandstorm|[from] ability: Sand Stream|[of] p1a: Timothy
|move|p2a: Mamoswine|Ice Shard|p1a: Timothy
|-damage|p1a: Timothy|81/100
|
|-weather|Sandstorm|[upkeep]
|upkeep
|turn|19
|
|t:|1757843196
|move|p2a: Mamoswine|Earthquake|p1a: Timothy
|-supereffective|p1a: Timothy
|-damage|p1a: Timothy|0 fnt
|faint|p1a: Timothy
|
|-weather|Sandstorm|[upkeep]
|upkeep
|
|t:|1757843204
|switch|p1a: Emmett|Excadrill, M|8/100
|turn|20
|
|t:|1757843207
|move|p2a: Mamoswine|Ice Shard|p1a: Emmett
|-damage|p1a: Emmett|0 fnt
|faint|p1a: Emmett
|
|-weather|Sandstorm|[upkeep]
|upkeep
|
|t:|1757843208
|switch|p1a: Mangus|Garchomp, M, shiny|100/100
|turn|21
|
|t:|1757843210
|move|p2a: Mamoswine|Ice Shard|p1a: Mangus
|-supereffective|p1a: Mangus
|-damage|p1a: Mangus|16/100
|move|p1a: Mangus|Earthquake|p2a: Mamoswine
|-damage|p2a: Mamoswine|40/100
|
|-weather|Sandstorm|[upkeep]
|upkeep
|turn|22
|
|t:|1757843216
|move|p2a: Mamoswine|Ice Shard|p1a: Mangus
|-supereffective|p1a: Mangus
|-damage|p1a: Mangus|0 fnt
|faint|p1a: Mangus
|
|-weather|Sandstorm|[upkeep]
|upkeep
|
|t:|1757843218
|switch|p1a: Nasim|Gengar, M|100/100
|turn|23
|
|t:|1757843222
|move|p2a: Mamoswine|Ice Shard|p1a: Nasim
|-damage|p1a: Nasim|55/100
|-start|p2a: Mamoswine|Disable|Ice Shard|[from] ability: Cursed Body|[of] p1a: Nasim
|move|p1a: Nasim|Hex|p2a: Mamoswine
|-damage|p2a: Mamoswine|0 fnt
|faint|p2a: Mamoswine
|
|-weather|Sandstorm|[upkeep]
|-damage|p1a: Nasim|49/100|[from] Sandstorm
|upkeep
|
|t:|1757843228
|switch|p2a: MC|Tinkaton, F, shiny|82/100
|-ability|p2a: MC|Mold Breaker
|turn|24
|
|t:|1757843233
|move|p1a: Nasim|Nasty Plot|p1a: Nasim
|-boost|p1a: Nasim|spa|2
|move|p2a: MC|Knock Off|p1a: Nasim
|-supereffective|p1a: Nasim
|-damage|p1a: Nasim|0 fnt
|-enditem|p1a: Nasim|Salac Berry|[from] move: Knock Off|[of] p2a: MC
|faint|p1a: Nasim
|
|win|middleagepokefan
|raw|Jinghan Yu's rating: 1114 &rarr; <strong>1091</strong><br />(-23 for losing)
|raw|middleagepokefan's rating: 1142 &rarr; <strong>1165</strong><br />(+23 for winning)
|l|☆middleagepokefan
|player|p2|
|l|☆Jinghan Yu
|player|p1|
