|j|‽solascriptura1521
|j|☆JasmineThia
|t:|1757861869
|gametype|singles
|player|p1|solascriptura1521|266|1600
|player|p2|JasmineThia|serena-masters3|1565
|gen|9
|tier|[Gen 9] OU
|rated|
|rule|HP Percentage Mod: HP is shown in percentages
|rule|Endless Battle Clause: Forcing endless battles is banned
|rule|Species Clause: Limit one of each Pokémon
|rule|OHKO Clause: OHKO moves are banned
|rule|Evasion Items Clause: Evasion items are banned
|rule|Evasion Moves Clause: Evasion moves are banned
|rule|Evasion Abilities Clause: Evasion abilities are banned
|rule|Sleep Moves Clause: Sleep-inducing moves are banned
|clearpoke
|poke|p1|Kyurem|
|poke|p1|Ceruledge, F|
|poke|p1|Iron Crown|
|poke|p1|Samurott-Hisui, M|
|poke|p1|Enamorus, F|
|poke|p1|Iron Treads|
|poke|p2|Raging Bolt|
|poke|p2|Slowking-Galar, M|
|poke|p2|Gholdengo|
|poke|p2|Garchomp, F|
|poke|p2|Alomomola, F|
|poke|p2|Lokix, F|
|teampreview
|inactive|Battle timer is ON: inactive players will automatically lose when time's up. (requested by JasmineThia)
|
|t:|1757861905
|teamsize|p1|6
|teamsize|p2|6
|start
|switch|p1a: Kyurem|Kyurem|100/100
|switch|p2a: Garchomp|Garchomp, F|100/100
|-ability|p1a: Kyurem|Pressure
|turn|1
|
|t:|1757861918
|switch|p1a: Enamorus|Enamorus, F|100/100
|switch|p2a: Slowking|Slowking-Galar, M|100/100
|
|upkeep
|turn|2
|
|t:|1757861924
|switch|p1a: Iron Treads|Iron Treads|100/100
|move|p2a: Slowking|Future Sight|p1a: Iron Treads
|-start|p2a: Slowking|move: Future Sight
|
|upkeep
|turn|3
|
|t:|1757861930
|switch|p2a: Garchomp|Garchomp, F|100/100
|move|p1a: Iron Treads|Stealth Rock|p2a: Garchomp
|-sidestart|p2: JasmineThia|move: Stealth Rock
|
|upkeep
|turn|4
|
|t:|1757861934
|move|p1a: Iron Treads|Earthquake|p2a: Garchomp
|-damage|p2a: Garchomp|72/100
|move|p2a: Garchomp|Earthquake|p1a: Iron Treads
|-supereffective|p1a: Iron Treads
|-damage|p1a: Iron Treads|26/100
|
|-end|p1a: Iron Treads|move: Future Sight
|-resisted|p1a: Iron Treads
|-damage|p1a: Iron Treads|0 fnt
|faint|p1a: Iron Treads
|-end|p1a: Iron Treads|Quark Drive|[silent]
|upkeep
|
|t:|1757861942
|switch|p1a: Kyurem|Kyurem|100/100
|-ability|p1a: Kyurem|Pressure
|turn|5
|
|t:|1757861944
|switch|p2a: Slowking|Slowking-Galar, M|100/100
|move|p1a: Kyurem|Ice Beam|p2a: Slowking
|-damage|p2a: Slowking|59/100
|
|upkeep
|turn|6
|
|t:|1757861948
|move|p1a: Kyurem|Ice Beam|p2a: Slowking
|-damage|p2a: Slowking|15/100
|-prepare|p2a: Slowking|Chilly Reception|[premajor]
|move|p2a: Slowking|Chilly Reception|p2a: Slowking
|-weather|Snowscape
|
|t:|1757861953
|switch|p2a: Gholdengo|Gholdengo|100/100|[from] Chilly Reception
|-damage|p2a: Gholdengo|94/100|[from] Stealth Rock
|-item|p2a: Gholdengo|Air Balloon
|
|-weather|Snowscape|[upkeep]
|upkeep
|turn|7
|
|t:|1757861958
|switch|p1a: Samurott|Samurott-Hisui, M|100/100
|move|p2a: Gholdengo|Thunder Wave|p1a: Samurott
|-status|p1a: Samurott|par
|
|-weather|Snowscape|[upkeep]
|upkeep
|turn|8
|
|t:|1757861962
|switch|p2a: Garchomp|Garchomp, F|72/100
|-damage|p2a: Garchomp|65/100|[from] Stealth Rock
|move|p1a: Samurott|Ceaseless Edge|p2a: Garchomp
|-damage|p2a: Garchomp|38/100
|-damage|p1a: Samurott|88/100 par|[from] ability: Rough Skin|[of] p2a: Garchomp
|-damage|p1a: Samurott|72/100 par|[from] item: Rocky Helmet|[of] p2a: Garchomp
|-sidestart|p2: JasmineThia|Spikes
|
|-weather|Snowscape|[upkeep]
|upkeep
|turn|9
|
|t:|1757861967
|move|p2a: Garchomp|Stealth Rock|p1a: Samurott
|-sidestart|p1: solascriptura1521|move: Stealth Rock
|cant|p1a: Samurott|par
|
|-weather|Snowscape|[upkeep]
|upkeep
|turn|10
|
|t:|1757861970
|move|p2a: Garchomp|Spikes|p1a: Samurott
|-sidestart|p1: solascriptura1521|Spikes
|move|p1a: Samurott|Ceaseless Edge|p2a: Garchomp
|-damage|p2a: Garchomp|12/100
|-damage|p1a: Samurott|59/100 par|[from] ability: Rough Skin|[of] p2a: Garchomp
|-damage|p1a: Samurott|43/100 par|[from] item: Rocky Helmet|[of] p2a: Garchomp
|-sidestart|p2: JasmineThia|Spikes
|
|-weather|none
|upkeep
|turn|11
|
|t:|1757861978
|move|p2a: Garchomp|Earthquake|p1a: Samurott
|-damage|p1a: Samurott|0 fnt
|faint|p1a: Samurott
|
|upkeep
|
|t:|1757861987
|switch|p1a: Iron Crown|Iron Crown|100/100
|-damage|p1a: Iron Crown|94/100|[from] Stealth Rock
|-damage|p1a: Iron Crown|82/100|[from] Spikes
|-enditem|p1a: Iron Crown|Booster Energy
|-activate|p1a: Iron Crown|ability: Quark Drive|[fromitem]
|-start|p1a: Iron Crown|quarkdrivespa
|turn|12
|
|t:|1757861991
|move|p1a: Iron Crown|Tachyon Cutter|p2a: Garchomp
|-damage|p2a: Garchomp|0 fnt
|faint|p2a: Garchomp
|-hitcount|p2: Garchomp|1
|
|upkeep
|
|t:|1757861994
|switch|p2a: Gholdengo|Gholdengo|94/100
|-damage|p2a: Gholdengo|88/100|[from] Stealth Rock
|-item|p2a: Gholdengo|Air Balloon
|turn|13
|
|t:|1757861998
|move|p1a: Iron Crown|Volt Switch|p2a: Gholdengo
|-damage|p2a: Gholdengo|57/100
|-enditem|p2a: Gholdengo|Air Balloon
|
|t:|1757862001
|-end|p1a: Iron Crown|Quark Drive|[silent]
|switch|p1a: Kyurem|Kyurem|100/100|[from] Volt Switch
|-damage|p1a: Kyurem|76/100|[from] Stealth Rock
|-damage|p1a: Kyurem|63/100|[from] Spikes
|-ability|p1a: Kyurem|Pressure
|move|p2a: Gholdengo|Thunder Wave|p1a: Kyurem
|-status|p1a: Kyurem|par
|
|upkeep
|turn|14
|
|t:|1757862006
|move|p2a: Gholdengo|Recover|p2a: Gholdengo
|-heal|p2a: Gholdengo|100/100
|cant|p1a: Kyurem|par
|
|upkeep
|turn|15
|
|t:|1757862013
|-terastallize|p2a: Gholdengo|Fairy
|move|p2a: Gholdengo|Dazzling Gleam|p1a: Kyurem
|-supereffective|p1a: Kyurem
|-damage|p1a: Kyurem|0 fnt
|faint|p1a: Kyurem
|
|upkeep
|
|t:|1757862018
|switch|p1a: Iron Crown|Iron Crown|82/100
|-damage|p1a: Iron Crown|76/100|[from] Stealth Rock
|-damage|p1a: Iron Crown|63/100|[from] Spikes
|turn|16
|
|t:|1757862025
|switch|p2a: Slowking|Slowking-Galar, M|49/100
|move|p1a: Iron Crown|Tachyon Cutter|p2a: Slowking
|-damage|p2a: Slowking|34/100
|-damage|p2a: Slowking|18/100
|-hitcount|p2a: Slowking|2
|
|upkeep
|turn|17
|
|t:|1757862031
|move|p1a: Iron Crown|Tachyon Cutter|p2a: Slowking
|-damage|p2a: Slowking|4/100
|-damage|p2a: Slowking|0 fnt
|faint|p2a: Slowking
|-hitcount|p2: Slowking|2
|
|upkeep
|
|t:|1757862033
|switch|p2a: Lokix|Lokix, F|100/100
|-damage|p2a: Lokix|76/100|[from] Stealth Rock
|-damage|p2a: Lokix|59/100|[from] Spikes
|turn|18
|
|t:|1757862041
|move|p1a: Iron Crown|Tachyon Cutter|p2a: Lokix
|-damage|p2a: Lokix|8/100
|-damage|p2a: Lokix|0 fnt
|faint|p2a: Lokix
|-hitcount|p2: Lokix|2
|
|upkeep
|
|t:|1757862043
|switch|p2a: Raging Bolt|Raging Bolt|100/100
|turn|19
|
|t:|1757862050
|move|p1a: Iron Crown|Psyshock|p2a: Raging Bolt
|-damage|p2a: Raging Bolt|62/100
|move|p2a: Raging Bolt|Volt Switch|p1a: Iron Crown
|-damage|p1a: Iron Crown|24/100
|
|t:|1757862054
|-end|p2a: Raging Bolt|Protosynthesis|[silent]
|switch|p2a: Alomomola|Alomomola, F|100/100|[from] Volt Switch
|-damage|p2a: Alomomola|88/100|[from] Stealth Rock
|-damage|p2a: Alomomola|72/100|[from] Spikes
|
|upkeep
|turn|20
|
|t:|1757862059
|move|p1a: Iron Crown|Psyshock|p2a: Alomomola
|-damage|p2a: Alomomola|46/100
|-enditem|p2a: Alomomola|Red Card|[of] p1a: Iron Crown
|-end|p1a: Iron Crown|Quark Drive|[silent]
|drag|p1a: Ceruledge|Ceruledge, F|100/100
|move|p2a: Alomomola|Wish|p2a: Alomomola
|
|upkeep
|turn|21
|
|t:|1757862067
|move|p1a: Ceruledge|Bulk Up|p1a: Ceruledge
|-boost|p1a: Ceruledge|atk|1
|-boost|p1a: Ceruledge|def|1
|move|p2a: Alomomola|Scald|p1a: Ceruledge
|-supereffective|p1a: Ceruledge
|-damage|p1a: Ceruledge|68/100
|
|-heal|p2a: Alomomola|96/100|[from] move: Wish|[wisher] Alomomola
|upkeep
|turn|22
|
|t:|1757862072
|move|p1a: Ceruledge|Bulk Up|p1a: Ceruledge
|-boost|p1a: Ceruledge|atk|1
|-boost|p1a: Ceruledge|def|1
|move|p2a: Alomomola|Scald|p1a: Ceruledge
|-supereffective|p1a: Ceruledge
|-damage|p1a: Ceruledge|37/100
|
|upkeep
|turn|23
|
|t:|1757862078
|move|p1a: Ceruledge|Bitter Blade|p2a: Alomomola
|-resisted|p2a: Alomomola
|-damage|p2a: Alomomola|67/100
|-heal|p1a: Ceruledge|60/100|[from] drain|[of] p2a: Alomomola
|move|p2a: Alomomola|Scald|p1a: Ceruledge
|-supereffective|p1a: Ceruledge
|-damage|p1a: Ceruledge|29/100
|
|upkeep
|turn|24
|
|t:|1757862084
|move|p1a: Ceruledge|Bitter Blade|p2a: Alomomola
|-resisted|p2a: Alomomola
|-damage|p2a: Alomomola|39/100
|-heal|p1a: Ceruledge|52/100|[from] drain|[of] p2a: Alomomola
|move|p2a: Alomomola|Scald|p1a: Ceruledge
|-supereffective|p1a: Ceruledge
|-damage|p1a: Ceruledge|20/100
|
|upkeep
|turn|25
|
|t:|1757862090
|move|p1a: Ceruledge|Bitter Blade|p2a: Alomomola
|-resisted|p2a: Alomomola
|-damage|p2a: Alomomola|12/100
|-heal|p1a: Ceruledge|42/100|[from] drain|[of] p2a: Alomomola
|move|p2a: Alomomola|Scald|p1a: Ceruledge
|-supereffective|p1a: Ceruledge
|-damage|p1a: Ceruledge|10/100
|
|upkeep
|turn|26
|
|t:|1757862098
|move|p1a: Ceruledge|Bitter Blade|p2a: Alomomola
|-resisted|p2a: Alomomola
|-damage|p2a: Alomomola|0 fnt
|-heal|p1a: Ceruledge|20/100|[from] drain|[of] p2a: Alomomola
|faint|p2a: Alomomola
|
|upkeep
|
|t:|1757862102
|switch|p2a: Raging Bolt|Raging Bolt|62/100
|turn|27
|
|t:|1757862107
|move|p1a: Ceruledge|Shadow Sneak|p2a: Raging Bolt
|-damage|p2a: Raging Bolt|26/100
|move|p2a: Raging Bolt|Dragon Pulse|p1a: Ceruledge
|-damage|p1a: Ceruledge|0 fnt
|faint|p1a: Ceruledge
|
|upkeep
|
|t:|1757862112
|switch|p1a: Enamorus|Enamorus, F|100/100
|-damage|p1a: Enamorus|76/100|[from] Stealth Rock
|turn|28
|
|t:|1757862116
|-terastallize|p1a: Enamorus|Stellar
|move|p2a: Raging Bolt|Thunderclap|p1a: Enamorus
|-supereffective|p1a: Enamorus
|-damage|p1a: Enamorus|0 fnt
|faint|p1a: Enamorus
|
|upkeep
|-message|solascriptura1521 forfeited.
|
|win|JasmineThia
|raw|solascriptura1521's rating: 1600 &rarr; <strong>1578</strong><br />(-22 for losing)
|raw|JasmineThia's rating: 1565 &rarr; <strong>1587</strong><br />(+22 for winning)
|l|‽solascriptura1521
|player|p1|
