|j|☆SamiFawad
|j|☆Apoiguespm
|t:|1757874962
|gametype|singles
|player|p1|SamiFawad|265|1566
|player|p2|Apoiguespm|1|1571
|gen|9
|tier|[Gen 9] OU
|rated|
|rule|HP Percentage Mod: HP is shown in percentages
|rule|Endless Battle Clause: Forcing endless battles is banned
|rule|Species Clause: Limit one of each Pokémon
|rule|OHKO Clause: OHKO moves are banned
|rule|Evasion Items Clause: Evasion items are banned
|rule|Evasion Moves Clause: Evasion moves are banned
|rule|Evasion Abilities Clause: Evasion abilities are banned
|rule|Sleep Moves Clause: Sleep-inducing moves are banned
|clearpoke
|poke|p1|Slowking-Galar, M|
|poke|p1|Pecharunt|
|poke|p1|Salamence, M|
|poke|p1|Samurott-Hisui, M|
|poke|p1|Kyurem|
|poke|p1|Great Tusk|
|poke|p2|Indeedee-F, F|
|poke|p2|Hatterene, F|
|poke|p2|Polteageist|
|poke|p2|Armarouge, F|
|poke|p2|Deoxys-Speed|
|poke|p2|Great Tusk|
|teampreview
|inactive|Battle timer is ON: inactive players will automatically lose when time's up. (requested by Apoiguespm)
|
|t:|1757874972
|teamsize|p1|6
|teamsize|p2|6
|start
|switch|p1a: Samurott|Samurott-Hisui, M|100/100
|switch|p2a: Indeedee|Indeedee-F, F|100/100
|-fieldstart|move: Psychic Terrain|[from] ability: Psychic Surge|[of] p2a: Indeedee
|turn|1
|
|t:|1757874976
|switch|p2a: Great Tusk|Great Tusk|100/100
|move|p1a: Samurott|Ceaseless Edge|p2a: Great Tusk
|-resisted|p2a: Great Tusk
|-damage|p2a: Great Tusk|85/100
|-sidestart|p2: Apoiguespm|Spikes
|
|upkeep
|turn|2
|
|t:|1757874980
|move|p2a: Great Tusk|Stealth Rock|p1a: Samurott
|-sidestart|p1: SamiFawad|move: Stealth Rock
|move|p1a: Samurott|Flip Turn|p2a: Great Tusk
|-supereffective|p2a: Great Tusk
|-damage|p2a: Great Tusk|46/100
|
|t:|1757874984
|switch|p1a: Pecharunt|Pecharunt|100/100|[from] Flip Turn
|-damage|p1a: Pecharunt|88/100|[from] Stealth Rock
|
|upkeep
|turn|3
|
|t:|1757874988
|move|p2a: Great Tusk|Headlong Rush|p1a: Pecharunt
|-supereffective|p1a: Pecharunt
|-damage|p1a: Pecharunt|9/100
|-unboost|p2a: Great Tusk|def|1
|-unboost|p2a: Great Tusk|spd|1
|-damage|p2a: Great Tusk|30/100|[from] item: Rocky Helmet|[of] p1a: Pecharunt
|move|p1a: Pecharunt|Malignant Chain|p2a: Great Tusk
|-resisted|p2a: Great Tusk
|-damage|p2a: Great Tusk|0 fnt
|faint|p2a: Great Tusk
|-end|p2a: Great Tusk|Protosynthesis|[silent]
|
|upkeep
|
|t:|1757874996
|switch|p2a: Deoxys|Deoxys-Speed|100/100
|-damage|p2a: Deoxys|88/100|[from] Spikes
|-ability|p2a: Deoxys|Pressure
|turn|4
|
|t:|1757874999
|move|p2a: Deoxys|Shadow Ball|p1a: Pecharunt
|-supereffective|p1a: Pecharunt
|-damage|p1a: Pecharunt|0 fnt
|faint|p1a: Pecharunt
|-damage|p2a: Deoxys|78/100|[from] item: Life Orb
|
|upkeep
|
|t:|1757875006
|switch|p1a: Slowking|Slowking-Galar, M|100/100
|-damage|p1a: Slowking|88/100|[from] Stealth Rock
|turn|5
|
|t:|1757875009
|move|p2a: Deoxys|Expanding Force|p1a: Slowking
|-damage|p1a: Slowking|34/100
|-damage|p2a: Deoxys|68/100|[from] item: Life Orb
|move|p1a: Slowking|Sludge Bomb|p2a: Deoxys
|-damage|p2a: Deoxys|0 fnt
|faint|p2a: Deoxys
|
|upkeep
|
|t:|1757875012
|switch|p2a: Polteageist|Polteageist|100/100
|-damage|p2a: Polteageist|88/100|[from] Spikes
|turn|6
|
|t:|1757875015
|move|p2a: Polteageist|Shell Smash|p2a: Polteageist
|-unboost|p2a: Polteageist|def|1
|-unboost|p2a: Polteageist|spd|1
|-boost|p2a: Polteageist|atk|2
|-boost|p2a: Polteageist|spa|2
|-boost|p2a: Polteageist|spe|2
|move|p1a: Slowking|Future Sight|p2a: Polteageist
|-start|p1a: Slowking|move: Future Sight
|
|upkeep
|turn|7
|
|t:|1757875018
|move|p2a: Polteageist|Shadow Ball|p1a: Slowking
|-supereffective|p1a: Slowking
|-damage|p1a: Slowking|0 fnt
|faint|p1a: Slowking
|
|upkeep
|
|t:|1757875021
|switch|p1a: Samurott|Samurott-Hisui, M|100/100
|-damage|p1a: Samurott|88/100|[from] Stealth Rock
|turn|8
|
|t:|1757875029
|switch|p1a: Great Tusk|Great Tusk|100/100
|-damage|p1a: Great Tusk|98/100|[from] Stealth Rock
|-terastallize|p2a: Polteageist|Fighting
|move|p2a: Polteageist|Tera Blast|p1a: Great Tusk|[anim] Tera Blast Fighting
|-damage|p1a: Great Tusk|0 fnt
|faint|p1a: Great Tusk
|-end|p1a: Great Tusk|Protosynthesis|[silent]
|
|-end|p2a: Polteageist|move: Future Sight
|-supereffective|p2a: Polteageist
|-damage|p2a: Polteageist|0 fnt
|faint|p2a: Polteageist
|-fieldend|move: Psychic Terrain
|upkeep
|
|t:|1757875037
|switch|p2a: Indeedee|Indeedee-F, F|100/100
|switch|p1a: Samurott|Samurott-Hisui, M|88/100
|-damage|p1a: Samurott|76/100|[from] Stealth Rock
|-damage|p2a: Indeedee|88/100|[from] Spikes
|-fieldstart|move: Psychic Terrain|[from] ability: Psychic Surge|[of] p2a: Indeedee
|turn|9
|
|t:|1757875046
|move|p1a: Samurott|Ceaseless Edge|p2a: Indeedee
|-supereffective|p2a: Indeedee
|-damage|p2a: Indeedee|0 fnt
|-sidestart|p2: Apoiguespm|Spikes
|faint|p2a: Indeedee
|
|upkeep
|
|t:|1757875047
|switch|p2a: Armarouge|Armarouge, F|100/100
|-damage|p2a: Armarouge|84/100|[from] Spikes
|turn|10
|
|t:|1757875050
|move|p2a: Armarouge|Endure|p2a: Armarouge
|-singleturn|p2a: Armarouge|move: Endure
|move|p1a: Samurott|Ceaseless Edge|p2a: Armarouge
|-supereffective|p2a: Armarouge
|-activate|p2a: Armarouge|move: Endure
|-damage|p2a: Armarouge|1/100
|-ability|p2a: Armarouge|Weak Armor|boost
|-unboost|p2a: Armarouge|def|1
|-boost|p2a: Armarouge|spe|2
|-enditem|p2a: Armarouge|Weakness Policy
|-boost|p2a: Armarouge|atk|2|[from] item: Weakness Policy
|-boost|p2a: Armarouge|spa|2|[from] item: Weakness Policy
|-sidestart|p2: Apoiguespm|Spikes
|
|upkeep
|turn|11
|inactive|Apoiguespm has 120 seconds left.
|inactive|Apoiguespm has 90 seconds left.
|inactive|Apoiguespm has 60 seconds left.
|
|t:|1757875145
|switch|p1a: Kyurem|Kyurem|100/100
|-damage|p1a: Kyurem|76/100|[from] Stealth Rock
|-ability|p1a: Kyurem|Pressure
|move|p2a: Armarouge|Focus Blast|p1a: Kyurem
|-supereffective|p1a: Kyurem
|-damage|p1a: Kyurem|0 fnt
|faint|p1a: Kyurem
|
|upkeep
|
|t:|1757875158
|switch|p1a: Salamence|Salamence, M|100/100
|-damage|p1a: Salamence|76/100|[from] Stealth Rock
|turn|12
|
|t:|1757875166
|move|p2a: Armarouge|Focus Blast|p1a: Salamence
|-resisted|p1a: Salamence
|-damage|p1a: Salamence|21/100
|move|p1a: Salamence|Earthquake|p2a: Armarouge
|-supereffective|p2a: Armarouge
|-damage|p2a: Armarouge|0 fnt
|faint|p2a: Armarouge
|-ability|p1a: Salamence|Moxie|boost
|-boost|p1a: Salamence|atk|1
|
|upkeep
|
|t:|1757875168
|switch|p2a: Hatterene|Hatterene, F|100/100
|-damage|p2a: Hatterene|76/100|[from] Spikes
|turn|13
|
|t:|1757875172
|move|p1a: Salamence|Earthquake|p2a: Hatterene
|-damage|p2a: Hatterene|13/100
|move|p2a: Hatterene|Trick Room|p2a: Hatterene
|-fieldstart|move: Trick Room|[of] p2a: Hatterene
|
|upkeep
|turn|14
|
|t:|1757875175
|move|p2a: Hatterene|Dazzling Gleam|p1a: Salamence
|-supereffective|p1a: Salamence
|-damage|p1a: Salamence|0 fnt
|faint|p1a: Salamence
|-damage|p2a: Hatterene|3/100|[from] item: Life Orb
|
|upkeep
|
|t:|1757875179
|switch|p1a: Samurott|Samurott-Hisui, M|76/100
|-damage|p1a: Samurott|63/100|[from] Stealth Rock
|turn|15
|
|t:|1757875184
|-terastallize|p1a: Samurott|Water
|move|p2a: Hatterene|Expanding Force|p1a: Samurott
|-damage|p1a: Samurott|0 fnt
|faint|p1a: Samurott
|-damage|p2a: Hatterene|0 fnt|[from] item: Life Orb
|faint|p2a: Hatterene
|
|win|Apoiguespm
|raw|SamiFawad's rating: 1566 &rarr; <strong>1546</strong><br />(-20 for losing)
|raw|Apoiguespm's rating: 1571 &rarr; <strong>1591</strong><br />(+20 for winning)
|l|☆Apoiguespm
|player|p2|
|l|☆SamiFawad
|player|p1|
