|j|☆lassetio
|j|☆zLZ6KS7R9e9iWSxi
|t:|1757953959
|gametype|singles
|player|p1|lassetio|102|1062
|player|p2|zLZ6KS7R9e9iWSxi|1|1000
|gen|9
|tier|[Gen 9] OU
|rated|
|rule|HP Percentage Mod: HP is shown in percentages
|rule|Endless Battle Clause: Forcing endless battles is banned
|rule|Species Clause: Limit one of each Pokémon
|rule|OHKO Clause: OHKO moves are banned
|rule|Evasion Items Clause: Evasion items are banned
|rule|Evasion Moves Clause: Evasion moves are banned
|rule|Evasion Abilities Clause: Evasion abilities are banned
|rule|Sleep Moves Clause: Sleep-inducing moves are banned
|clearpoke
|poke|p1|Great Tusk|
|poke|p1|Iron Valiant|
|poke|p1|Dragonite, F|
|poke|p1|Tinkaton, F|
|poke|p1|Clodsire, F|
|poke|p1|Skeledirge, F|
|poke|p2|Iron Crown|
|poke|p2|Meowscarada, M|
|poke|p2|Great Tusk|
|poke|p2|Pecharunt|
|poke|p2|Ting-Lu|
|poke|p2|Iron Valiant|
|teampreview
|inactive|Battle timer is ON: inactive players will automatically lose when time's up. (requested by zLZ6KS7R9e9iWSxi)
|
|t:|1757953969
|teamsize|p1|6
|teamsize|p2|6
|start
|switch|p1a: Tinkaton|Tinkaton, F|100/100
|switch|p2a: Iron Crown|Iron Crown|100/100
|-ability|p1a: Tinkaton|Mold Breaker
|-item|p1a: Tinkaton|Air Balloon
|turn|1
|
|t:|1757953979
|move|p2a: Iron Crown|Tachyon Cutter|p1a: Tinkaton
|-damage|p1a: Tinkaton|68/100
|-enditem|p1a: Tinkaton|Air Balloon
|-damage|p1a: Tinkaton|36/100
|-hitcount|p1a: Tinkaton|2
|move|p1a: Tinkaton|Knock Off|p2a: Iron Crown
|-supereffective|p2a: Iron Crown
|-damage|p2a: Iron Crown|61/100
|-enditem|p2a: Iron Crown|Choice Specs|[from] move: Knock Off|[of] p1a: Tinkaton
|
|upkeep
|turn|2
|
|t:|1757953990
|move|p2a: Iron Crown|Tachyon Cutter|p1a: Tinkaton
|-damage|p1a: Tinkaton|14/100
|-crit|p1a: Tinkaton
|-damage|p1a: Tinkaton|0 fnt
|faint|p1a: Tinkaton
|-hitcount|p1: Tinkaton|2
|
|upkeep
|
|t:|1757953997
|switch|p1a: Skeledirge|Skeledirge, F, shiny|100/100
|turn|3
|
|t:|1757954006
|-end|p2a: Iron Crown|Quark Drive|[silent]
|switch|p2a: Ting-Lu|Ting-Lu|100/100
|-ability|p2a: Ting-Lu|Vessel of Ruin
|move|p1a: Skeledirge|Torch Song|p2a: Ting-Lu
|-damage|p2a: Ting-Lu|83/100
|-boost|p1a: Skeledirge|spa|1
|
|-heal|p2a: Ting-Lu|89/100|[from] item: Leftovers
|upkeep
|turn|4
|
|t:|1757954015
|switch|p1a: Dragonite|Dragonite, F, shiny|100/100
|move|p2a: Ting-Lu|Ruination|p1a: Dragonite
|-damage|p1a: Dragonite|51/100
|
|-heal|p2a: Ting-Lu|95/100|[from] item: Leftovers
|upkeep
|turn|5
|
|t:|1757954023
|switch|p2a: Pecharunt|Pecharunt|100/100
|move|p1a: Dragonite|Dragon Dance|p1a: Dragonite
|-boost|p1a: Dragonite|atk|1
|-boost|p1a: Dragonite|spe|1
|
|upkeep
|turn|6
|
|t:|1757954027
|move|p1a: Dragonite|Dragon Claw|p2a: Pecharunt
|-damage|p2a: Pecharunt|68/100
|move|p2a: Pecharunt|Malignant Chain|p1a: Dragonite
|-damage|p1a: Dragonite|18/100
|
|upkeep
|turn|7
|-message|lassetio forfeited.
|
|win|zLZ6KS7R9e9iWSxi
|raw|lassetio's rating: 1062 &rarr; <strong>1039</strong><br />(-23 for losing)
|raw|zLZ6KS7R9e9iWSxi's rating: 1000 &rarr; <strong>1047</strong><br />(+47 for winning)
|l|☆lassetio
|player|p1|
