|j|☆PepsiEnby
|j|‽ncdr
|t:|1757935910
|gametype|singles
|player|p1|PepsiEnby|lady-gen4|1661
|player|p2|ncdr|flannery|1606
|gen|9
|tier|[Gen 9] OU
|rated|
|rule|HP Percentage Mod: HP is shown in percentages
|rule|Endless Battle Clause: Forcing endless battles is banned
|rule|Species Clause: Limit one of each Pokémon
|rule|OHKO Clause: OHKO moves are banned
|rule|Evasion Items Clause: Evasion items are banned
|rule|Evasion Moves Clause: Evasion moves are banned
|rule|Evasion Abilities Clause: Evasion abilities are banned
|rule|Sleep Moves Clause: Sleep-inducing moves are banned
|clearpoke
|poke|p1|Alomomola, F|
|poke|p1|Slowking-Galar, F|
|poke|p1|Cinderace, M|
|poke|p1|Regice|
|poke|p1|Ting-Lu|
|poke|p1|Salamence, M|
|poke|p2|Hydreigon, F|
|poke|p2|Great Tusk|
|poke|p2|Tyranitar, M|
|poke|p2|Moltres|
|poke|p2|Ninetales-Alola, M|
|poke|p2|Kingambit, M|
|teampreview
|
|t:|1757935930
|teamsize|p1|6
|teamsize|p2|6
|start
|switch|p1a: Slowking|Slowking-Galar, F|100/100
|switch|p2a: Great Tusk|Great Tusk|100/100
|turn|1
|inactive|Battle timer is ON: inactive players will automatically lose when time's up. (requested by ncdr)
|
|t:|1757935935
|move|p2a: Great Tusk|Headlong Rush|p1a: Slowking
|-supereffective|p1a: Slowking
|-damage|p1a: Slowking|7/100
|-unboost|p2a: Great Tusk|def|1
|-unboost|p2a: Great Tusk|spd|1
|move|p1a: Slowking|Toxic|p2a: Great Tusk
|-status|p2a: Great Tusk|tox
|
|-heal|p1a: Slowking|13/100|[from] item: Black Sludge
|-damage|p2a: Great Tusk|94/100 tox|[from] psn
|upkeep
|turn|2
|
|t:|1757935941
|-end|p2a: Great Tusk|Protosynthesis|[silent]
|switch|p2a: Ninetales|Ninetales-Alola, M, shiny|100/100
|-weather|Snowscape|[from] ability: Snow Warning|[of] p2a: Ninetales
|switch|p1a: Salamence|Salamence, M|100/100
|-ability|p1a: Salamence|Intimidate|boost
|-unboost|p2a: Ninetales|atk|1
|
|-weather|Snowscape|[upkeep]
|upkeep
|turn|3
|
|t:|1757935945
|switch|p1a: Slowking|Slowking-Galar, F|46/100
|move|p2a: Ninetales|Blizzard|p1a: Slowking
|-damage|p1a: Slowking|13/100
|
|-weather|Snowscape|[upkeep]
|-heal|p1a: Slowking|20/100|[from] item: Black Sludge
|upkeep
|turn|4
|
|t:|1757935949
|switch|p1a: Alomomola|Alomomola, F|100/100
|move|p2a: Ninetales|Blizzard|p1a: Alomomola
|-resisted|p1a: Alomomola
|-damage|p1a: Alomomola|87/100
|
|-weather|Snowscape|[upkeep]
|upkeep
|turn|5
|
|t:|1757935953
|move|p2a: Ninetales|Freeze-Dry|p1a: Alomomola
|-supereffective|p1a: Alomomola
|-damage|p1a: Alomomola|52/100
|move|p1a: Alomomola|Flip Turn|p2a: Ninetales
|-damage|p2a: Ninetales|78/100
|
|t:|1757935956
|switch|p1a: Slowking|Slowking-Galar, F|53/100|[from] Flip Turn
|
|-weather|Snowscape|[upkeep]
|-heal|p1a: Slowking|59/100|[from] item: Black Sludge
|upkeep
|turn|6
|
|t:|1757935959
|switch|p2a: Great Tusk|Great Tusk|94/100 tox
|move|p1a: Slowking|Toxic|p2a: Great Tusk
|-fail|p2a: Great Tusk|tox
|
|-weather|none
|-heal|p1a: Slowking|65/100|[from] item: Black Sludge
|-damage|p2a: Great Tusk|88/100 tox|[from] psn
|upkeep
|turn|7
|
|t:|1757935963
|switch|p1a: Salamence|Salamence, M|100/100
|-ability|p1a: Salamence|Intimidate|boost
|-unboost|p2a: Great Tusk|atk|1
|move|p2a: Great Tusk|Head Smash|p1a: Salamence
|-supereffective|p1a: Salamence
|-damage|p1a: Salamence|47/100
|-damage|p2a: Great Tusk|61/100 tox|[from] Recoil
|
|-damage|p2a: Great Tusk|49/100 tox|[from] psn
|upkeep
|turn|8
|
|t:|1757935971
|-end|p2a: Great Tusk|Protosynthesis|[silent]
|switch|p2a: Moltres|Moltres|100/100
|switch|p1a: Alomomola|Alomomola, F|85/100
|
|upkeep
|turn|9
|
|t:|1757935979
|switch|p2a: Tyranitar|Tyranitar, M|100/100
|-weather|Sandstorm|[from] ability: Sand Stream|[of] p2a: Tyranitar
|move|p1a: Alomomola|Flip Turn|p2a: Tyranitar
|-supereffective|p2a: Tyranitar
|-damage|p2a: Tyranitar|65/100
|
|t:|1757935984
|switch|p1a: Cinderace|Cinderace, M|100/100|[from] Flip Turn
|
|-weather|Sandstorm|[upkeep]
|-damage|p1a: Cinderace|94/100|[from] Sandstorm
|-heal|p2a: Tyranitar|71/100|[from] item: Leftovers
|upkeep
|turn|10
|
|t:|1757935987
|move|p1a: Cinderace|U-turn|p2a: Tyranitar
|-supereffective|p2a: Tyranitar
|-damage|p2a: Tyranitar|46/100
|
|t:|1757935992
|switch|p1a: Salamence|Salamence, M|47/100|[from] U-turn
|-ability|p1a: Salamence|Intimidate|boost
|-unboost|p2a: Tyranitar|atk|1
|move|p2a: Tyranitar|Knock Off|p1a: Salamence
|-damage|p1a: Salamence|25/100
|-enditem|p1a: Salamence|Heavy-Duty Boots|[from] move: Knock Off|[of] p2a: Tyranitar
|
|-weather|Sandstorm|[upkeep]
|-damage|p1a: Salamence|19/100|[from] Sandstorm
|-heal|p2a: Tyranitar|52/100|[from] item: Leftovers
|upkeep
|turn|11
|
|t:|1757935996
|move|p1a: Salamence|Roost|p1a: Salamence
|-heal|p1a: Salamence|69/100
|-singleturn|p1a: Salamence|move: Roost
|move|p2a: Tyranitar|Stealth Rock|p1a: Salamence
|-sidestart|p1: PepsiEnby|move: Stealth Rock
|
|-weather|Sandstorm|[upkeep]
|-damage|p1a: Salamence|63/100|[from] Sandstorm
|-heal|p2a: Tyranitar|58/100|[from] item: Leftovers
|upkeep
|turn|12
|
|t:|1757935999
|move|p1a: Salamence|Earthquake|p2a: Tyranitar
|-supereffective|p2a: Tyranitar
|-damage|p2a: Tyranitar|12/100
|move|p2a: Tyranitar|Ice Beam|p1a: Salamence
|-supereffective|p1a: Salamence
|-damage|p1a: Salamence|0 fnt
|faint|p1a: Salamence
|
|-weather|Sandstorm|[upkeep]
|-heal|p2a: Tyranitar|18/100|[from] item: Leftovers
|upkeep
|
|t:|1757936003
|switch|p1a: Cinderace|Cinderace, M|94/100
|turn|13
|
|t:|1757936007
|move|p1a: Cinderace|U-turn|p2a: Tyranitar
|-supereffective|p2a: Tyranitar
|-damage|p2a: Tyranitar|0 fnt
|faint|p2a: Tyranitar
|
|t:|1757936012
|switch|p1a: Slowking|Slowking-Galar, F|98/100|[from] U-turn
|-damage|p1a: Slowking|86/100|[from] Stealth Rock
|
|-weather|none
|-heal|p1a: Slowking|92/100|[from] item: Black Sludge
|upkeep
|
|t:|1757936016
|switch|p2a: Kingambit|Kingambit, M|100/100
|turn|14
|
|t:|1757936021
|move|p2a: Kingambit|Swords Dance|p2a: Kingambit
|-boost|p2a: Kingambit|atk|2
|move|p1a: Slowking|Trick|p2a: Kingambit
|-activate|p1a: Slowking|move: Trick|[of] p2a: Kingambit
|-item|p2a: Kingambit|Black Sludge|[from] move: Trick
|-item|p1a: Slowking|Black Glasses|[from] move: Trick
|
|-damage|p2a: Kingambit|88/100|[from] item: Black Sludge
|upkeep
|turn|15
|
|t:|1757936030
|-terastallize|p1a: Slowking|Fairy
|move|p2a: Kingambit|Kowtow Cleave|p1a: Slowking
|-resisted|p1a: Slowking
|-crit|p1a: Slowking
|-damage|p1a: Slowking|42/100
|-prepare|p1a: Slowking|Chilly Reception|[premajor]
|move|p1a: Slowking|Chilly Reception|p1a: Slowking
|-weather|Snowscape
|
|t:|1757936034
|switch|p1a: Cinderace|Cinderace, M|94/100|[from] Chilly Reception
|
|-weather|Snowscape|[upkeep]
|-damage|p2a: Kingambit|76/100|[from] item: Black Sludge
|upkeep
|turn|16
|
|t:|1757936049
|move|p1a: Cinderace|Court Change|p1a: Cinderace
|-swapsideconditions
|-activate|p1a: Cinderace|move: Court Change
|move|p2a: Kingambit|Kowtow Cleave|p1a: Cinderace
|-damage|p1a: Cinderace|0 fnt
|faint|p1a: Cinderace
|
|-weather|Snowscape|[upkeep]
|-damage|p2a: Kingambit|64/100|[from] item: Black Sludge
|upkeep
|
|t:|1757936055
|switch|p1a: Ting-Lu|Ting-Lu|100/100
|-ability|p1a: Ting-Lu|Vessel of Ruin
|turn|17
|
|t:|1757936057
|move|p2a: Kingambit|Iron Head|p1a: Ting-Lu
|-damage|p1a: Ting-Lu|52/100
|cant|p1a: Ting-Lu|flinch
|
|-weather|Snowscape|[upkeep]
|-damage|p2a: Kingambit|51/100|[from] item: Black Sludge
|upkeep
|turn|18
|
|t:|1757936060
|move|p2a: Kingambit|Iron Head|p1a: Ting-Lu
|-damage|p1a: Ting-Lu|4/100
|move|p1a: Ting-Lu|Earthquake|p2a: Kingambit
|-supereffective|p2a: Kingambit
|-damage|p2a: Kingambit|0 fnt
|faint|p2a: Kingambit
|
|-weather|Snowscape|[upkeep]
|upkeep
|
|t:|1757936064
|switch|p2a: Ninetales|Ninetales-Alola, M, shiny|78/100
|-damage|p2a: Ninetales|53/100|[from] Stealth Rock
|turn|19
|
|t:|1757936069
|move|p2a: Ninetales|Blizzard|p1a: Ting-Lu
|-supereffective|p1a: Ting-Lu
|-damage|p1a: Ting-Lu|0 fnt
|faint|p1a: Ting-Lu
|
|-weather|none
|upkeep
|
|t:|1757936072
|switch|p1a: Slowking|Slowking-Galar, F, tera:Fairy|75/100
|turn|20
|
|t:|1757936085
|move|p2a: Ninetales|Aurora Veil||[still]
|-fail|p2a: Ninetales
|-prepare|p1a: Slowking|Chilly Reception|[premajor]
|move|p1a: Slowking|Chilly Reception|p1a: Slowking
|-weather|Snowscape
|
|t:|1757936090
|switch|p1a: Alomomola|Alomomola, F|100/100|[from] Chilly Reception
|
|-weather|Snowscape|[upkeep]
|upkeep
|turn|21
|
|t:|1757936092
|move|p2a: Ninetales|Aurora Veil|p2a: Ninetales
|-sidestart|p2: ncdr|move: Aurora Veil
|move|p1a: Alomomola|Liquidation|p2a: Ninetales
|-damage|p2a: Ninetales|35/100
|
|-weather|Snowscape|[upkeep]
|upkeep
|turn|22
|
|t:|1757936096
|move|p2a: Ninetales|Freeze-Dry|p1a: Alomomola
|-supereffective|p1a: Alomomola
|-damage|p1a: Alomomola|64/100
|move|p1a: Alomomola|Liquidation|p2a: Ninetales
|-damage|p2a: Ninetales|17/100
|
|-weather|Snowscape|[upkeep]
|upkeep
|turn|23
|
|t:|1757936099
|move|p2a: Ninetales|Freeze-Dry|p1a: Alomomola
|-supereffective|p1a: Alomomola
|-damage|p1a: Alomomola|32/100
|move|p1a: Alomomola|Flip Turn|p2a: Ninetales
|-damage|p2a: Ninetales|5/100
|
|t:|1757936102
|switch|p1a: Slowking|Slowking-Galar, F, tera:Fairy|100/100|[from] Flip Turn
|
|-weather|Snowscape|[upkeep]
|upkeep
|turn|24
|
|t:|1757936104
|move|p2a: Ninetales|Blizzard|p1a: Slowking
|-damage|p1a: Slowking|65/100
|-prepare|p1a: Slowking|Chilly Reception|[premajor]
|move|p1a: Slowking|Chilly Reception|p1a: Slowking
|
|t:|1757936106
|switch|p1a: Alomomola|Alomomola, F|66/100|[from] Chilly Reception
|
|-weather|none
|upkeep
|turn|25
|
|t:|1757936111
|switch|p2a: Hydreigon|Hydreigon, F|100/100
|-damage|p2a: Hydreigon|88/100|[from] Stealth Rock
|move|p1a: Alomomola|Flip Turn|p2a: Hydreigon
|-resisted|p2a: Hydreigon
|-damage|p2a: Hydreigon|83/100
|
|t:|1757936117
|switch|p1a: Regice|Regice|100/100|[from] Flip Turn
|
|-heal|p2a: Hydreigon|89/100|[from] item: Leftovers
|upkeep
|turn|26
|
|t:|1757936119
|-terastallize|p2a: Hydreigon|Poison
|move|p2a: Hydreigon|Nasty Plot|p2a: Hydreigon
|-boost|p2a: Hydreigon|spa|2
|move|p1a: Regice|Thunder Wave|p2a: Hydreigon
|-status|p2a: Hydreigon|par
|
|-heal|p2a: Hydreigon|95/100 par|[from] item: Leftovers
|upkeep
|turn|27
|
|t:|1757936129
|switch|p1a: Alomomola|Alomomola, F|99/100
|move|p2a: Hydreigon|Flamethrower|p1a: Alomomola
|-resisted|p1a: Alomomola
|-damage|p1a: Alomomola|81/100
|
|-heal|p2a: Hydreigon|100/100 par|[from] item: Leftovers
|upkeep
|turn|28
|
|t:|1757936133
|move|p1a: Alomomola|Flip Turn|p2a: Hydreigon
|-crit|p2a: Hydreigon
|-damage|p2a: Hydreigon|61/100 par
|
|t:|1757936136
|switch|p1a: Slowking|Slowking-Galar, F, tera:Fairy|98/100|[from] Flip Turn
|cant|p2a: Hydreigon|par
|
|-heal|p2a: Hydreigon|68/100 par|[from] item: Leftovers
|-sideend|p2: ncdr|move: Aurora Veil
|upkeep
|turn|29
|
|t:|1757936140
|cant|p2a: Hydreigon|par
|-prepare|p1a: Slowking|Chilly Reception|[premajor]
|move|p1a: Slowking|Chilly Reception|p1a: Slowking
|-weather|Snowscape
|
|t:|1757936142
|switch|p1a: Alomomola|Alomomola, F|100/100|[from] Chilly Reception
|
|-weather|Snowscape|[upkeep]
|-heal|p2a: Hydreigon|74/100 par|[from] item: Leftovers
|upkeep
|turn|30
|
|t:|1757936145
|move|p1a: Alomomola|Liquidation|p2a: Hydreigon
|-damage|p2a: Hydreigon|42/100 par
|-unboost|p2a: Hydreigon|def|1
|cant|p2a: Hydreigon|par
|
|-weather|Snowscape|[upkeep]
|-heal|p2a: Hydreigon|48/100 par|[from] item: Leftovers
|upkeep
|turn|31
|
|t:|1757936150
|move|p1a: Alomomola|Liquidation|p2a: Hydreigon
|-damage|p2a: Hydreigon|0 fnt
|faint|p2a: Hydreigon
|
|-weather|Snowscape|[upkeep]
|upkeep
|
|t:|1757936154
|switch|p2a: Moltres|Moltres|100/100
|turn|32
|
|t:|1757936158
|switch|p1a: Slowking|Slowking-Galar, F, tera:Fairy|100/100
|move|p2a: Moltres|Air Slash|p1a: Slowking
|-damage|p1a: Slowking|76/100
|
|-weather|Snowscape|[upkeep]
|upkeep
|turn|33
|
|t:|1757936160
|move|p2a: Moltres|Air Slash|p1a: Slowking
|-damage|p1a: Slowking|53/100
|move|p1a: Slowking|Toxic|p2a: Moltres
|-status|p2a: Moltres|tox
|
|-weather|none
|-damage|p2a: Moltres|94/100 tox|[from] psn
|upkeep
|turn|34
|
|t:|1757936164
|move|p2a: Moltres|Air Slash|p1a: Slowking
|-crit|p1a: Slowking
|-damage|p1a: Slowking|18/100
|-prepare|p1a: Slowking|Chilly Reception|[premajor]
|move|p1a: Slowking|Chilly Reception|p1a: Slowking
|-weather|Snowscape
|
|t:|1757936167
|switch|p1a: Regice|Regice|100/100|[from] Chilly Reception
|
|-weather|Snowscape|[upkeep]
|-damage|p2a: Moltres|82/100 tox|[from] psn
|upkeep
|turn|35
|
|t:|1757936172
|move|p2a: Moltres|Overheat|p1a: Regice
|-supereffective|p1a: Regice
|-damage|p1a: Regice|49/100
|-unboost|p2a: Moltres|spa|2
|move|p1a: Regice|Blizzard|p2a: Moltres
|-damage|p2a: Moltres|25/100 tox
|
|-weather|Snowscape|[upkeep]
|-heal|p1a: Regice|55/100|[from] ability: Ice Body
|-damage|p2a: Moltres|7/100 tox|[from] psn
|upkeep
|turn|36
|
|t:|1757936177
|switch|p1a: Slowking|Slowking-Galar, F, tera:Fairy|51/100
|move|p2a: Moltres|Overheat|p1a: Slowking
|-damage|p1a: Slowking|30/100
|-unboost|p2a: Moltres|spa|2
|
|-weather|Snowscape|[upkeep]
|-damage|p2a: Moltres|0 fnt|[from] psn
|faint|p2a: Moltres
|upkeep
|
|t:|1757936180
|switch|p2a: Great Tusk|Great Tusk|49/100 tox
|-damage|p2a: Great Tusk|46/100 tox|[from] Stealth Rock
|turn|37
|
|t:|1757936184
|switch|p1a: Regice|Regice|55/100
|move|p2a: Great Tusk|Headlong Rush|p1a: Regice
|-damage|p1a: Regice|14/100
|-unboost|p2a: Great Tusk|def|1
|-unboost|p2a: Great Tusk|spd|1
|
|-weather|Snowscape|[upkeep]
|-heal|p1a: Regice|20/100|[from] ability: Ice Body
|-damage|p2a: Great Tusk|40/100 tox|[from] psn
|upkeep
|turn|38
|
|t:|1757936192
|move|p2a: Great Tusk|Headlong Rush|p1a: Regice
|-damage|p1a: Regice|0 fnt
|-unboost|p2a: Great Tusk|def|1
|-unboost|p2a: Great Tusk|spd|1
|faint|p1a: Regice
|
|-weather|none
|-damage|p2a: Great Tusk|27/100 tox|[from] psn
|upkeep
|
|t:|1757936194
|switch|p1a: Alomomola|Alomomola, F|100/100
|turn|39
|-message|ncdr forfeited.
|
|win|PepsiEnby
|raw|PepsiEnby's rating: 1661 &rarr; <strong>1678</strong><br />(+17 for winning)
|raw|ncdr's rating: 1606 &rarr; <strong>1589</strong><br />(-17 for losing)
|l|‽ncdr
|player|p2|
|l|☆PepsiEnby
|player|p1|
