|j|☆Mad.Haven
|j|☆smpark22
|t:|1757942951
|gametype|singles
|player|p1|Mad.Haven|skyla|1331
|player|p2|smpark22|265|1411
|gen|9
|tier|[Gen 9] OU
|rated|
|rule|HP Percentage Mod: HP is shown in percentages
|rule|Endless Battle Clause: Forcing endless battles is banned
|rule|Species Clause: Limit one of each Pokémon
|rule|OHKO Clause: OHKO moves are banned
|rule|Evasion Items Clause: Evasion items are banned
|rule|Evasion Moves Clause: Evasion moves are banned
|rule|Evasion Abilities Clause: Evasion abilities are banned
|rule|Sleep Moves Clause: Sleep-inducing moves are banned
|clearpoke
|poke|p1|Tsareena, F|
|poke|p1|Landorus-Therian, M|
|poke|p1|Raging Bolt|
|poke|p1|Ceruledge, F|
|poke|p1|Corviknight, F|
|poke|p1|Quaquaval, M|
|poke|p2|Zamazenta-*|
|poke|p2|Hatterene, F|
|poke|p2|Blissey, F|
|poke|p2|Gliscor, M|
|poke|p2|Revavroom, F|
|poke|p2|Walking Wake|
|teampreview
|inactive|Battle timer is ON: inactive players will automatically lose when time's up. (requested by Mad.Haven)
|c|☆smpark22|glhf
|c|☆Mad.Haven|glhf
|inactive|Mad.Haven has 120 seconds left.
|
|t:|1757942999
|teamsize|p1|6
|teamsize|p2|6
|start
|switch|p1a: Tsareena|Tsareena, F|100/100
|switch|p2a: Walking Wake|Walking Wake|100/100
|turn|1
|
|t:|1757943015
|move|p2a: Walking Wake|Flamethrower|p1a: Tsareena
|-supereffective|p1a: Tsareena
|-damage|p1a: Tsareena|58/100
|-status|p1a: Tsareena|brn
|move|p1a: Tsareena|Power Whip|p2a: Walking Wake|[miss]
|-miss|p1a: Tsareena|p2a: Walking Wake
|
|-damage|p1a: Tsareena|52/100 brn|[from] brn
|upkeep
|turn|2
|
|t:|1757943025
|move|p2a: Walking Wake|Flamethrower|p1a: Tsareena
|-supereffective|p1a: Tsareena
|-damage|p1a: Tsareena|11/100 brn
|move|p1a: Tsareena|Power Whip|p2a: Walking Wake
|-damage|p2a: Walking Wake|63/100
|
|-damage|p1a: Tsareena|5/100 brn|[from] brn
|upkeep
|turn|3
|
|t:|1757943038
|switch|p1a: Raging Bolt|Raging Bolt|100/100
|move|p2a: Walking Wake|Flamethrower|p1a: Raging Bolt
|-resisted|p1a: Raging Bolt
|-damage|p1a: Raging Bolt|87/100
|
|upkeep
|turn|4
|
|t:|1757943046
|-terastallize|p1a: Raging Bolt|Fairy
|move|p2a: Walking Wake|Flip Turn|p1a: Raging Bolt
|-damage|p1a: Raging Bolt|70/100
|
|t:|1757943055
|-end|p2a: Walking Wake|Protosynthesis|[silent]
|switch|p2a: Blissey|Blissey, F|100/100|[from] Flip Turn
|move|p1a: Raging Bolt|Dragon Pulse|p2a: Blissey
|-damage|p2a: Blissey|82/100
|
|-heal|p2a: Blissey|88/100|[from] item: Leftovers
|upkeep
|turn|5
|
|t:|1757943062
|move|p1a: Raging Bolt|Volt Switch|p2a: Blissey
|-damage|p2a: Blissey|73/100
|
|t:|1757943065
|-end|p1a: Raging Bolt|Protosynthesis|[silent]
|switch|p1a: Ceruledge|Ceruledge, F|100/100|[from] Volt Switch
|move|p2a: Blissey|Seismic Toss|p1a: Ceruledge
|-immune|p1a: Ceruledge
|
|-heal|p2a: Blissey|80/100|[from] item: Leftovers
|upkeep
|turn|6
|
|t:|1757943084
|switch|p2a: Gliscor|Gliscor, M|100/100
|move|p1a: Ceruledge|Swords Dance|p1a: Ceruledge
|-boost|p1a: Ceruledge|atk|2
|
|-status|p2a: Gliscor|tox|[from] item: Toxic Orb
|upkeep
|turn|7
|
|t:|1757943103
|move|p1a: Ceruledge|Poltergeist|p2a: Gliscor
|-activate|p2a: Gliscor|move: Poltergeist|Toxic Orb
|-damage|p2a: Gliscor|0 fnt
|faint|p2a: Gliscor
|
|upkeep
|inactive|smpark22 has 120 seconds left.
|
|t:|1757943123
|switch|p2a: Hatterene|Hatterene, F|100/100
|turn|8
|
|t:|1757943131
|-terastallize|p2a: Hatterene|Dark
|move|p1a: Ceruledge|Poltergeist|p2a: Hatterene
|-activate|p2a: Hatterene|move: Poltergeist|Assault Vest
|-resisted|p2a: Hatterene
|-damage|p2a: Hatterene|37/100
|move|p2a: Hatterene|Nuzzle|p1a: Ceruledge
|-damage|p1a: Ceruledge|95/100
|-status|p1a: Ceruledge|par
|-ability|p1a: Ceruledge|Weak Armor|boost
|-unboost|p1a: Ceruledge|def|1
|-boost|p1a: Ceruledge|spe|2
|
|upkeep
|turn|9
|
|t:|1757943144
|cant|p1a: Ceruledge|par
|move|p2a: Hatterene|Psyshock|p1a: Ceruledge
|-damage|p1a: Ceruledge|0 fnt
|faint|p1a: Ceruledge
|
|upkeep
|
|t:|1757943155
|switch|p1a: Quaquaval|Quaquaval, M|100/100
|turn|10
|
|t:|1757943164
|switch|p2a: Zamazenta|Zamazenta|100/100
|-ability|p2a: Zamazenta|Dauntless Shield|boost
|-boost|p2a: Zamazenta|def|1
|move|p1a: Quaquaval|Close Combat|p2a: Zamazenta
|-damage|p2a: Zamazenta|62/100
|-unboost|p1a: Quaquaval|def|1
|-unboost|p1a: Quaquaval|spd|1
|
|upkeep
|turn|11
|
|t:|1757943176
|switch|p1a: Landorus|Landorus-Therian, M|100/100
|-ability|p1a: Landorus|Intimidate|boost
|-unboost|p2a: Zamazenta|atk|1
|move|p2a: Zamazenta|Close Combat|p1a: Landorus
|-resisted|p1a: Landorus
|-crit|p1a: Landorus
|-damage|p1a: Landorus|18/100
|-unboost|p2a: Zamazenta|def|1
|-unboost|p2a: Zamazenta|spd|1
|
|upkeep
|turn|12
|
|t:|1757943185
|switch|p1a: Corviknight|Corviknight, F|100/100
|-ability|p1a: Corviknight|Pressure
|move|p2a: Zamazenta|Close Combat|p1a: Corviknight
|-damage|p1a: Corviknight|66/100
|-unboost|p2a: Zamazenta|def|1
|-unboost|p2a: Zamazenta|spd|1
|
|-heal|p1a: Corviknight|72/100|[from] item: Leftovers
|upkeep
|turn|13
|
|t:|1757943198
|switch|p2a: Hatterene|Hatterene, F, tera:Dark|37/100
|move|p1a: Corviknight|Brave Bird|p2a: Hatterene
|-damage|p2a: Hatterene|0 fnt
|faint|p2a: Hatterene
|-damage|p1a: Corviknight|63/100|[from] Recoil
|
|-heal|p1a: Corviknight|69/100|[from] item: Leftovers
|upkeep
|
|t:|1757943207
|switch|p2a: Walking Wake|Walking Wake|63/100
|turn|14
|
|t:|1757943220
|move|p2a: Walking Wake|Hydro Steam|p1a: Corviknight
|-damage|p1a: Corviknight|21/100
|move|p1a: Corviknight|U-turn|p2a: Walking Wake
|-damage|p2a: Walking Wake|48/100
|
|t:|1757943224
|switch|p1a: Raging Bolt|Raging Bolt, tera:Fairy|70/100|[from] U-turn
|
|upkeep
|turn|15
|
|t:|1757943230
|move|p2a: Walking Wake|Flip Turn|p1a: Raging Bolt
|-damage|p1a: Raging Bolt|50/100
|
|t:|1757943233
|-end|p2a: Walking Wake|Protosynthesis|[silent]
|switch|p2a: Blissey|Blissey, F|80/100|[from] Flip Turn
|move|p1a: Raging Bolt|Dragon Pulse|p2a: Blissey
|-damage|p2a: Blissey|61/100
|
|-heal|p2a: Blissey|67/100|[from] item: Leftovers
|upkeep
|turn|16
|
|t:|1757943251
|-end|p1a: Raging Bolt|Protosynthesis|[silent]
|switch|p1a: Corviknight|Corviknight, F|21/100
|-ability|p1a: Corviknight|Pressure
|move|p2a: Blissey|Seismic Toss|p1a: Corviknight
|-damage|p1a: Corviknight|0 fnt
|faint|p1a: Corviknight
|
|-heal|p2a: Blissey|73/100|[from] item: Leftovers
|upkeep
|
|t:|1757943259
|switch|p1a: Quaquaval|Quaquaval, M|100/100
|turn|17
|inactive|smpark22 has 120 seconds left.
|
|t:|1757943293
|switch|p2a: Walking Wake|Walking Wake|48/100
|move|p1a: Quaquaval|Aqua Step|p2a: Walking Wake
|-resisted|p2a: Walking Wake
|-damage|p2a: Walking Wake|37/100
|-boost|p1a: Quaquaval|spe|1
|
|upkeep
|turn|18
|inactive|smpark22 has 120 seconds left.
|
|t:|1757943315
|move|p1a: Quaquaval|Close Combat|p2a: Walking Wake
|-damage|p2a: Walking Wake|0 fnt
|-unboost|p1a: Quaquaval|def|1
|-unboost|p1a: Quaquaval|spd|1
|faint|p2a: Walking Wake
|-end|p2a: Walking Wake|Protosynthesis|[silent]
|-ability|p1a: Quaquaval|Moxie|boost
|-boost|p1a: Quaquaval|atk|1
|
|upkeep
|
|t:|1757943322
|switch|p2a: Revavroom|Revavroom, F|100/100
|turn|19
|
|t:|1757943327
|move|p1a: Quaquaval|Close Combat|p2a: Revavroom
|-crit|p2a: Revavroom
|-damage|p2a: Revavroom|0 fnt
|-unboost|p1a: Quaquaval|def|1
|-unboost|p1a: Quaquaval|spd|1
|faint|p2a: Revavroom
|-ability|p1a: Quaquaval|Moxie|boost
|-boost|p1a: Quaquaval|atk|1
|
|upkeep
|inactive|smpark22 has 120 seconds left.
|
|t:|1757943341
|switch|p2a: Blissey|Blissey, F|73/100
|turn|20
|inactive|smpark22 has 120 seconds left.
|
|t:|1757943346
|move|p1a: Quaquaval|Aqua Step|p2a: Blissey
|-damage|p2a: Blissey|0 fnt
|-boost|p1a: Quaquaval|spe|1
|faint|p2a: Blissey
|-ability|p1a: Quaquaval|Moxie|boost
|-boost|p1a: Quaquaval|atk|1
|
|upkeep
|inactive|smpark22 has 120 seconds left.
|
|t:|1757943352
|switch|p2a: Zamazenta|Zamazenta|62/100
|turn|21
|
|t:|1757943356
|move|p2a: Zamazenta|Quick Attack|p1a: Quaquaval
|-damage|p1a: Quaquaval|49/100
|move|p1a: Quaquaval|Aqua Step|p2a: Zamazenta
|-damage|p2a: Zamazenta|0 fnt
|-boost|p1a: Quaquaval|spe|1
|faint|p2a: Zamazenta
|
|win|Mad.Haven
|raw|Mad.Haven's rating: 1331 &rarr; <strong>1356</strong><br />(+25 for winning)
|raw|smpark22's rating: 1411 &rarr; <strong>1386</strong><br />(-25 for losing)
|c|☆smpark22|gg
|l|☆smpark22
|player|p2|
|l|☆Mad.Haven
|player|p1|
