|j|☆Made in BraziL
|j|☆neve1234
|t:|1757953134
|gametype|singles
|player|p1|Made in BraziL|gentleman|1273
|player|p2|neve1234|170|1288
|gen|9
|tier|[Gen 9] OU
|rated|
|rule|HP Percentage Mod: HP is shown in percentages
|rule|Endless Battle Clause: Forcing endless battles is banned
|rule|Species Clause: Limit one of each Pokémon
|rule|OHKO Clause: OHKO moves are banned
|rule|Evasion Items Clause: Evasion items are banned
|rule|Evasion Moves Clause: Evasion moves are banned
|rule|Evasion Abilities Clause: Evasion abilities are banned
|rule|Sleep Moves Clause: Sleep-inducing moves are banned
|clearpoke
|poke|p1|Gyarados, F|
|poke|p1|Serperior, F|
|poke|p1|Blissey, F|
|poke|p1|Hippowdon, F|
|poke|p1|Jirachi|
|poke|p1|Garchomp, F|
|poke|p2|Torkoal, F|
|poke|p2|Great Tusk|
|poke|p2|Walking Wake|
|poke|p2|Slither Wing|
|poke|p2|Tornadus-Therian, M|
|poke|p2|Sandy Shocks|
|teampreview
|inactive|Battle timer is ON: inactive players will automatically lose when time's up. (requested by Made in BraziL)
|
|t:|1757953156
|teamsize|p1|6
|teamsize|p2|6
|start
|switch|p1a: Serperior|Serperior, F|100/100
|switch|p2a: Walking Wake|Walking Wake|100/100
|turn|1
|
|t:|1757953160
|-end|p2a: Walking Wake|Protosynthesis|[silent]
|switch|p2a: Tornadus|Tornadus-Therian, M|100/100
|move|p1a: Serperior|Glare|p2a: Tornadus
|-status|p2a: Tornadus|par
|
|upkeep
|turn|2
|
|t:|1757953167
|switch|p1a: Hippowdon|Hippowdon, F|100/100
|-weather|Sandstorm|[from] ability: Sand Stream|[of] p1a: Hippowdon
|move|p2a: Tornadus|Icy Wind|p1a: Hippowdon
|-supereffective|p1a: Hippowdon
|-crit|p1a: Hippowdon
|-damage|p1a: Hippowdon|64/100
|-unboost|p1a: Hippowdon|spe|1
|
|-weather|Sandstorm|[upkeep]
|-damage|p2a: Tornadus|94/100 par|[from] Sandstorm
|upkeep
|turn|3
|
|t:|1757953177
|switch|p2a: Great Tusk|Great Tusk|100/100
|move|p1a: Hippowdon|Stealth Rock|p2a: Great Tusk
|-sidestart|p2: neve1234|move: Stealth Rock
|
|-weather|Sandstorm|[upkeep]
|upkeep
|turn|4
|
|t:|1757953183
|move|p2a: Great Tusk|Rapid Spin|p1a: Hippowdon
|-damage|p1a: Hippowdon|54/100
|-boost|p2a: Great Tusk|spe|1
|-sideend|p2: neve1234|Stealth Rock|[from] move: Rapid Spin|[of] p2a: Great Tusk
|move|p1a: Hippowdon|Body Slam|p2a: Great Tusk
|-damage|p2a: Great Tusk|91/100
|-damage|p1a: Hippowdon|38/100|[from] item: Rocky Helmet|[of] p2a: Great Tusk
|
|-weather|Sandstorm|[upkeep]
|upkeep
|turn|5
|
|t:|1757953193
|move|p2a: Great Tusk|Body Press|p1a: Hippowdon
|-crit|p1a: Hippowdon
|-damage|p1a: Hippowdon|0 fnt
|faint|p1a: Hippowdon
|
|-weather|Sandstorm|[upkeep]
|upkeep
|
|t:|1757953198
|switch|p1a: Serperior|Serperior, F|100/100
|turn|6
|
|t:|1757953202
|-end|p2a: Great Tusk|Protosynthesis|[silent]
|switch|p2a: Tornadus|Tornadus-Therian, M|100/100 par
|move|p1a: Serperior|Leech Seed|p2a: Tornadus
|-start|p2a: Tornadus|move: Leech Seed
|
|-weather|Sandstorm|[upkeep]
|-damage|p1a: Serperior|94/100|[from] Sandstorm
|-damage|p2a: Tornadus|94/100 par|[from] Sandstorm
|-heal|p1a: Serperior|100/100|[from] item: Leftovers
|-damage|p2a: Tornadus|82/100 par|[from] Leech Seed|[of] p1a: Serperior
|upkeep
|turn|7
|
|t:|1757953212
|move|p1a: Serperior|Knock Off|p2a: Tornadus
|-damage|p2a: Tornadus|62/100 par
|-enditem|p2a: Tornadus|Heavy-Duty Boots|[from] move: Knock Off|[of] p1a: Serperior
|move|p2a: Tornadus|U-turn|p1a: Serperior
|-supereffective|p1a: Serperior
|-damage|p1a: Serperior|69/100
|
|t:|1757953233
|switch|p2a: Slither Wing|Slither Wing|100/100|[from] U-turn
|
|-weather|Sandstorm|[upkeep]
|-damage|p1a: Serperior|63/100|[from] Sandstorm
|-damage|p2a: Slither Wing|94/100|[from] Sandstorm
|-heal|p1a: Serperior|69/100|[from] item: Leftovers
|upkeep
|turn|8
|
|t:|1757953247
|switch|p1a: Blissey|Blissey, F|100/100
|move|p2a: Slither Wing|First Impression|p1a: Blissey
|-damage|p1a: Blissey|37/100
|
|-weather|Sandstorm|[upkeep]
|-damage|p2a: Slither Wing|88/100|[from] Sandstorm
|-damage|p1a: Blissey|31/100|[from] Sandstorm
|-heal|p1a: Blissey|37/100|[from] item: Leftovers
|upkeep
|turn|9
|
|t:|1757953260
|-end|p2a: Slither Wing|Protosynthesis|[silent]
|switch|p2a: Torkoal|Torkoal, F|100/100
|-weather|SunnyDay|[from] ability: Drought|[of] p2a: Torkoal
|move|p1a: Blissey|Thunder Wave|p2a: Torkoal
|-status|p2a: Torkoal|par
|
|-weather|SunnyDay|[upkeep]
|-heal|p1a: Blissey|44/100|[from] item: Leftovers
|upkeep
|turn|10
|
|t:|1757953274
|switch|p2a: Sandy Shocks|Sandy Shocks|100/100
|-activate|p2a: Sandy Shocks|ability: Protosynthesis
|-start|p2a: Sandy Shocks|protosynthesisspa
|move|p1a: Blissey|Rest|p1a: Blissey
|-status|p1a: Blissey|slp|[from] move: Rest
|-heal|p1a: Blissey|100/100 slp|[silent]
|
|-weather|SunnyDay|[upkeep]
|upkeep
|turn|11
|
|t:|1757953286
|-curestatus|p1a: Blissey|slp|[from] ability: Natural Cure
|switch|p1a: Garchomp|Garchomp, F|100/100
|move|p2a: Sandy Shocks|Stealth Rock|p1a: Garchomp
|-sidestart|p1: Made in BraziL|move: Stealth Rock
|
|-weather|SunnyDay|[upkeep]
|upkeep
|turn|12
|
|t:|1757953294
|-terastallize|p2a: Sandy Shocks|Ice
|move|p1a: Garchomp|Substitute|p1a: Garchomp
|-start|p1a: Garchomp|Substitute
|-damage|p1a: Garchomp|76/100
|move|p2a: Sandy Shocks|Tera Blast|p1a: Garchomp|[anim] Tera Blast Ice
|-supereffective|p1a: Garchomp
|-end|p1a: Garchomp|Substitute
|
|-weather|SunnyDay|[upkeep]
|upkeep
|turn|13
|
|t:|1757953306
|switch|p1a: Blissey|Blissey, F|100/100
|-damage|p1a: Blissey|88/100|[from] Stealth Rock
|move|p2a: Sandy Shocks|Tera Blast|p1a: Blissey|[anim] Tera Blast Ice
|-damage|p1a: Blissey|67/100
|
|-weather|SunnyDay|[upkeep]
|-heal|p1a: Blissey|74/100|[from] item: Leftovers
|upkeep
|turn|14
|
|t:|1757953314
|move|p2a: Sandy Shocks|Volt Switch|p1a: Blissey
|-damage|p1a: Blissey|58/100
|
|t:|1757953320
|-end|p2a: Sandy Shocks|Protosynthesis|[silent]
|switch|p2a: Torkoal|Torkoal, F|100/100 par|[from] Volt Switch
|move|p1a: Blissey|Thunder Wave|p2a: Torkoal
|-fail|p2a: Torkoal|par
|
|-weather|SunnyDay|[upkeep]
|-heal|p1a: Blissey|65/100|[from] item: Leftovers
|upkeep
|turn|15
|
|t:|1757953328
|move|p1a: Blissey|Rest|p1a: Blissey
|-status|p1a: Blissey|slp|[from] move: Rest
|-heal|p1a: Blissey|100/100 slp|[silent]
|move|p2a: Torkoal|Body Press|p1a: Blissey
|-supereffective|p1a: Blissey
|-crit|p1a: Blissey
|-damage|p1a: Blissey|18/100 slp
|
|-weather|SunnyDay|[upkeep]
|-heal|p1a: Blissey|24/100 slp|[from] item: Leftovers
|upkeep
|turn|16
|
|t:|1757953340
|-curestatus|p1a: Blissey|slp|[from] ability: Natural Cure
|switch|p1a: Garchomp|Garchomp, F|76/100
|-damage|p1a: Garchomp|69/100|[from] Stealth Rock
|switch|p2a: Walking Wake|Walking Wake|100/100
|-activate|p2a: Walking Wake|ability: Protosynthesis
|-start|p2a: Walking Wake|protosynthesisspe
|
|-weather|none
|-end|p2a: Walking Wake|Protosynthesis
|upkeep
|turn|17
|
|t:|1757953350
|-terastallize|p1a: Garchomp|Steel
|move|p2a: Walking Wake|Draco Meteor|p1a: Garchomp
|-resisted|p1a: Garchomp
|-damage|p1a: Garchomp|20/100
|-unboost|p2a: Walking Wake|spa|2
|move|p1a: Garchomp|Scale Shot|p2a: Walking Wake
|-supereffective|p2a: Walking Wake
|-damage|p2a: Walking Wake|72/100
|-supereffective|p2a: Walking Wake
|-damage|p2a: Walking Wake|42/100
|-supereffective|p2a: Walking Wake
|-damage|p2a: Walking Wake|12/100
|-supereffective|p2a: Walking Wake
|-damage|p2a: Walking Wake|0 fnt
|faint|p2a: Walking Wake
|-end|p2a: Walking Wake|Protosynthesis|[silent]
|-hitcount|p2: Walking Wake|4
|-unboost|p1a: Garchomp|def|1
|-boost|p1a: Garchomp|spe|1
|
|upkeep
|
|t:|1757953358
|switch|p2a: Slither Wing|Slither Wing|88/100
|turn|18
|
|t:|1757953371
|switch|p1a: Jirachi|Jirachi|100/100
|-damage|p1a: Jirachi|94/100|[from] Stealth Rock
|move|p2a: Slither Wing|First Impression|p1a: Jirachi
|-damage|p1a: Jirachi|34/100
|
|-heal|p1a: Jirachi|40/100|[from] item: Leftovers
|upkeep
|turn|19
|
|t:|1757953381
|-end|p2a: Slither Wing|Protosynthesis|[silent]
|switch|p2a: Torkoal|Torkoal, F|100/100 par
|-weather|SunnyDay|[from] ability: Drought|[of] p2a: Torkoal
|move|p1a: Jirachi|Iron Head|p2a: Torkoal
|-resisted|p2a: Torkoal
|-damage|p2a: Torkoal|93/100 par
|
|-weather|SunnyDay|[upkeep]
|-heal|p1a: Jirachi|47/100|[from] item: Leftovers
|upkeep
|turn|20
|
|t:|1757953392
|move|p1a: Jirachi|Iron Head|p2a: Torkoal
|-resisted|p2a: Torkoal
|-damage|p2a: Torkoal|85/100 par
|cant|p2a: Torkoal|flinch
|
|-weather|SunnyDay|[upkeep]
|-heal|p1a: Jirachi|53/100|[from] item: Leftovers
|upkeep
|turn|21
|
|t:|1757953399
|switch|p1a: Blissey|Blissey, F|24/100
|-damage|p1a: Blissey|12/100|[from] Stealth Rock
|cant|p2a: Torkoal|par
|
|-weather|SunnyDay|[upkeep]
|-heal|p1a: Blissey|18/100|[from] item: Leftovers
|upkeep
|turn|22
|
|t:|1757953406
|move|p1a: Blissey|Rest|p1a: Blissey
|-status|p1a: Blissey|slp|[from] move: Rest
|-heal|p1a: Blissey|100/100 slp|[silent]
|cant|p2a: Torkoal|par
|
|-weather|SunnyDay|[upkeep]
|upkeep
|turn|23
|
|t:|1757953415
|-curestatus|p1a: Blissey|slp|[from] ability: Natural Cure
|switch|p1a: UtGyarados|Gyarados, F, shiny|100/100
|-damage|p1a: UtGyarados|76/100|[from] Stealth Rock
|switch|p2a: Slither Wing|Slither Wing|88/100
|-activate|p2a: Slither Wing|ability: Protosynthesis
|-start|p2a: Slither Wing|protosynthesisatk
|
|-weather|SunnyDay|[upkeep]
|-heal|p1a: UtGyarados|82/100|[from] item: Leftovers
|upkeep
|turn|24
|
|t:|1757953440
|switch|p1a: Blissey|Blissey, F|100/100
|-damage|p1a: Blissey|88/100|[from] Stealth Rock
|move|p2a: Slither Wing|U-turn|p1a: Blissey
|-damage|p1a: Blissey|19/100
|
|t:|1757953450
|-end|p2a: Slither Wing|Protosynthesis|[silent]
|switch|p2a: Great Tusk|Great Tusk|91/100|[from] U-turn
|-activate|p2a: Great Tusk|ability: Protosynthesis
|-start|p2a: Great Tusk|protosynthesisdef
|
|-weather|SunnyDay|[upkeep]
|-heal|p1a: Blissey|26/100|[from] item: Leftovers
|upkeep
|turn|25
|
|t:|1757953457
|move|p2a: Great Tusk|Body Press|p1a: Blissey
|-supereffective|p1a: Blissey
|-damage|p1a: Blissey|0 fnt
|faint|p1a: Blissey
|
|-weather|SunnyDay|[upkeep]
|upkeep
|
|t:|1757953466
|switch|p1a: Jirachi|Jirachi|53/100
|-damage|p1a: Jirachi|47/100|[from] Stealth Rock
|turn|26
|
|t:|1757953473
|-end|p2a: Great Tusk|Protosynthesis|[silent]
|switch|p2a: Tornadus|Tornadus-Therian, M|96/100 par
|move|p1a: Jirachi|Body Slam|p2a: Tornadus
|-damage|p2a: Tornadus|74/100 par
|
|-weather|none
|-heal|p1a: Jirachi|53/100|[from] item: Leftovers
|upkeep
|turn|27
|
|t:|1757953480
|move|p1a: Jirachi|Iron Head|p2a: Tornadus
|-damage|p2a: Tornadus|41/100 par
|move|p2a: Tornadus|U-turn|p1a: Jirachi
|-damage|p1a: Jirachi|41/100
|
|t:|1757953485
|switch|p2a: Torkoal|Torkoal, F|85/100 par|[from] U-turn
|-weather|SunnyDay|[from] ability: Drought|[of] p2a: Torkoal
|
|-weather|SunnyDay|[upkeep]
|-heal|p1a: Jirachi|48/100|[from] item: Leftovers
|upkeep
|turn|28
|
|t:|1757953499
|move|p1a: Jirachi|Iron Head|p2a: Torkoal
|-resisted|p2a: Torkoal
|-damage|p2a: Torkoal|76/100 par
|cant|p2a: Torkoal|flinch
|
|-weather|SunnyDay|[upkeep]
|-heal|p1a: Jirachi|54/100|[from] item: Leftovers
|upkeep
|turn|29
|
|t:|1757953508
|switch|p1a: Garchomp|Garchomp, F, tera:Steel|20/100
|-damage|p1a: Garchomp|14/100|[from] Stealth Rock
|move|p2a: Torkoal|Lava Plume|p1a: Garchomp
|-supereffective|p1a: Garchomp
|-damage|p1a: Garchomp|0 fnt
|faint|p1a: Garchomp
|
|-weather|SunnyDay|[upkeep]
|upkeep
|
|t:|1757953517
|switch|p1a: UtGyarados|Gyarados, F, shiny|82/100
|-damage|p1a: UtGyarados|57/100|[from] Stealth Rock
|turn|30
|
|t:|1757953522
|switch|p2a: Great Tusk|Great Tusk|91/100
|-activate|p2a: Great Tusk|ability: Protosynthesis
|-start|p2a: Great Tusk|protosynthesisdef
|move|p1a: UtGyarados|Waterfall|p2a: Great Tusk
|-supereffective|p2a: Great Tusk
|-damage|p2a: Great Tusk|76/100
|-damage|p1a: UtGyarados|40/100|[from] item: Rocky Helmet|[of] p2a: Great Tusk
|
|-weather|SunnyDay|[upkeep]
|-heal|p1a: UtGyarados|46/100|[from] item: Leftovers
|upkeep
|turn|31
|
|t:|1757953533
|move|p1a: UtGyarados|Dragon Dance|p1a: UtGyarados
|-boost|p1a: UtGyarados|atk|1
|-boost|p1a: UtGyarados|spe|1
|move|p2a: Great Tusk|Body Press|p1a: UtGyarados
|-resisted|p1a: UtGyarados
|-damage|p1a: UtGyarados|18/100
|
|-weather|SunnyDay|[upkeep]
|-heal|p1a: UtGyarados|24/100|[from] item: Leftovers
|upkeep
|turn|32
|
|t:|1757953543
|move|p1a: UtGyarados|Waterfall|p2a: Great Tusk
|-supereffective|p2a: Great Tusk
|-damage|p2a: Great Tusk|54/100
|-damage|p1a: UtGyarados|7/100|[from] item: Rocky Helmet|[of] p2a: Great Tusk
|move|p2a: Great Tusk|Body Press|p1a: UtGyarados
|-resisted|p1a: UtGyarados
|-damage|p1a: UtGyarados|0 fnt
|faint|p1a: UtGyarados
|
|-weather|SunnyDay|[upkeep]
|upkeep
|-message|Made in BraziL forfeited.
|
|win|neve1234
|raw|Made in BraziL's rating: 1273 &rarr; <strong>1249</strong><br />(-24 for losing)
|raw|neve1234's rating: 1288 &rarr; <strong>1312</strong><br />(+24 for winning)
|l|☆Made in BraziL
|player|p1|
