|j|☆KingDakota
|j|☆muru drinker
|t:|1757824739
|gametype|singles
|player|p1|KingDakota|102|1146
|player|p2|muru drinker|linebacker|1202
|gen|9
|tier|[Gen 9] OU
|rated|
|rule|HP Percentage Mod: HP is shown in percentages
|rule|Endless Battle Clause: Forcing endless battles is banned
|rule|Species Clause: Limit one of each Pokémon
|rule|OHKO Clause: OHKO moves are banned
|rule|Evasion Items Clause: Evasion items are banned
|rule|Evasion Moves Clause: Evasion moves are banned
|rule|Evasion Abilities Clause: Evasion abilities are banned
|rule|Sleep Moves Clause: Sleep-inducing moves are banned
|clearpoke
|poke|p1|Slowking-Galar, M|
|poke|p1|Sableye, F|
|poke|p1|Corviknight, F|
|poke|p1|Rotom-Wash|
|poke|p1|Cinderace, M|
|poke|p1|Iron Valiant|
|poke|p2|Corviknight, F|
|poke|p2|Alomomola, F|
|poke|p2|Rillaboom, F|
|poke|p2|Slowking-Galar, M|
|poke|p2|Heatran, M|
|poke|p2|Darkrai|
|teampreview
|
|t:|1757824750
|teamsize|p1|6
|teamsize|p2|6
|start
|switch|p1a: Rotom|Rotom-Wash|100/100
|switch|p2a: Slowking|Slowking-Galar, M|100/100
|turn|1
|inactive|Battle timer is ON: inactive players will automatically lose when time's up. (requested by KingDakota)
|
|t:|1757824757
|switch|p2a: Darkrai|Darkrai|100/100
|move|p1a: Rotom|Trick|p2a: Darkrai
|-activate|p1a: Rotom|move: Trick|[of] p2a: Darkrai
|-item|p2a: Darkrai|Choice Scarf|[from] move: Trick
|-item|p1a: Rotom|Choice Specs|[from] move: Trick
|
|upkeep
|turn|2
|
|t:|1757824768
|move|p1a: Rotom|Protect|p1a: Rotom
|-singleturn|p1a: Rotom|Protect
|move|p2a: Darkrai|Dark Pulse|p1a: Rotom
|-activate|p1a: Rotom|move: Protect
|
|upkeep
|turn|3
|
|t:|1757824773
|switch|p1a: Iron Valiant|Iron Valiant|100/100
|move|p2a: Darkrai|Dark Pulse|p1a: Iron Valiant
|-resisted|p1a: Iron Valiant
|-damage|p1a: Iron Valiant|83/100
|
|upkeep
|turn|4
|
|t:|1757824781
|switch|p2a: Heatran|Heatran, M|100/100
|move|p1a: Iron Valiant|Thunderbolt|p2a: Heatran
|-damage|p2a: Heatran|75/100
|
|-heal|p2a: Heatran|81/100|[from] item: Leftovers
|upkeep
|turn|5
|
|t:|1757824795
|-end|p1a: Iron Valiant|Quark Drive|[silent]
|switch|p1a: Rotom|Rotom-Wash|100/100
|move|p2a: Heatran|Magma Storm|p1a: Rotom
|-resisted|p1a: Rotom
|-damage|p1a: Rotom|79/100
|-activate|p1a: Rotom|move: Magma Storm|[of] p2a: Heatran
|
|-heal|p2a: Heatran|87/100|[from] item: Leftovers
|-damage|p1a: Rotom|66/100|[from] move: Magma Storm|[partiallytrapped]
|upkeep
|turn|6
|
|t:|1757824803
|move|p2a: Heatran|Protect|p2a: Heatran
|-singleturn|p2a: Heatran|Protect
|move|p1a: Rotom|Trick|p2a: Heatran
|-activate|p2a: Heatran|move: Protect
|
|-heal|p2a: Heatran|93/100|[from] item: Leftovers
|-damage|p1a: Rotom|54/100|[from] move: Magma Storm|[partiallytrapped]
|upkeep
|turn|7
|
|t:|1757824812
|switch|p2a: Darkrai|Darkrai|100/100
|move|p1a: Rotom|Trick|p2a: Darkrai
|-activate|p1a: Rotom|move: Trick|[of] p2a: Darkrai
|-item|p2a: Darkrai|Choice Specs|[from] move: Trick
|-item|p1a: Rotom|Choice Scarf|[from] move: Trick
|
|-end|p1a: Rotom|Magma Storm|[partiallytrapped]|[silent]
|upkeep
|turn|8
|
|t:|1757824820
|move|p1a: Rotom|Protect|p1a: Rotom
|-singleturn|p1a: Rotom|Protect
|move|p2a: Darkrai|Dark Pulse|p1a: Rotom
|-activate|p1a: Rotom|move: Protect
|
|upkeep
|turn|9
|
|t:|1757824827
|switch|p2a: Heatran|Heatran, M|93/100
|switch|p1a: Iron Valiant|Iron Valiant|83/100
|
|-heal|p2a: Heatran|99/100|[from] item: Leftovers
|upkeep
|turn|10
|
|t:|1757824844
|-end|p1a: Iron Valiant|Quark Drive|[silent]
|switch|p1a: Sableye|Sableye, F|100/100
|move|p2a: Heatran|Magma Storm|p1a: Sableye
|-damage|p1a: Sableye|52/100
|-activate|p1a: Sableye|move: Magma Storm|[of] p2a: Heatran
|
|-heal|p2a: Heatran|100/100|[from] item: Leftovers
|-heal|p1a: Sableye|58/100|[from] item: Leftovers
|-damage|p1a: Sableye|46/100|[from] move: Magma Storm|[partiallytrapped]
|upkeep
|turn|11
|
|t:|1757824852
|move|p2a: Heatran|Protect|p2a: Heatran
|-singleturn|p2a: Heatran|Protect
|move|p1a: Sableye|Recover|p1a: Sableye
|-heal|p1a: Sableye|96/100
|
|-heal|p1a: Sableye|100/100|[from] item: Leftovers
|-damage|p1a: Sableye|88/100|[from] move: Magma Storm|[partiallytrapped]
|upkeep
|turn|12
|
|t:|1757824861
|move|p1a: Sableye|Encore|p2a: Heatran
|-start|p2a: Heatran|Encore
|move|p2a: Heatran|Protect||[still]
|-fail|p2a: Heatran
|
|-heal|p1a: Sableye|94/100|[from] item: Leftovers
|-damage|p1a: Sableye|82/100|[from] move: Magma Storm|[partiallytrapped]
|upkeep
|turn|13
|
|t:|1757824867
|move|p2a: Heatran|Protect|p2a: Heatran
|-singleturn|p2a: Heatran|Protect
|move|p1a: Sableye|Knock Off|p2a: Heatran
|-activate|p2a: Heatran|move: Protect
|
|-heal|p1a: Sableye|88/100|[from] item: Leftovers
|-damage|p1a: Sableye|75/100|[from] move: Magma Storm|[partiallytrapped]
|upkeep
|turn|14
|
|t:|1757824873
|switch|p2a: Alomomola|Alomomola, F|100/100
|move|p1a: Sableye|Knock Off|p2a: Alomomola
|-damage|p2a: Alomomola|86/100
|-enditem|p2a: Alomomola|Leftovers|[from] move: Knock Off|[of] p1a: Sableye
|
|-heal|p1a: Sableye|82/100|[from] item: Leftovers
|-end|p1a: Sableye|Magma Storm|[partiallytrapped]
|upkeep
|turn|15
|
|t:|1757824878
|move|p1a: Sableye|Will-O-Wisp|p2a: Alomomola
|-status|p2a: Alomomola|brn
|move|p2a: Alomomola|Flip Turn|p1a: Sableye
|-damage|p1a: Sableye|73/100
|
|t:|1757824888
|switch|p2a: Darkrai|Darkrai|100/100|[from] Flip Turn
|
|-heal|p1a: Sableye|79/100|[from] item: Leftovers
|upkeep
|turn|16
|
|t:|1757824895
|move|p2a: Darkrai|Dark Pulse|p1a: Sableye
|-damage|p1a: Sableye|0 fnt
|faint|p1a: Sableye
|
|upkeep
|
|t:|1757824902
|switch|p1a: Iron Valiant|Iron Valiant|83/100
|turn|17
|
|t:|1757824905
|switch|p2a: Heatran|Heatran, M|100/100
|-end|p1a: Iron Valiant|Quark Drive|[silent]
|switch|p1a: Rotom|Rotom-Wash|54/100
|
|upkeep
|turn|18
|
|t:|1757824911
|switch|p2a: Darkrai|Darkrai|100/100
|move|p1a: Rotom|Hydro Pump|p2a: Darkrai|[miss]
|-miss|p1a: Rotom|p2a: Darkrai
|
|upkeep
|turn|19
|
|t:|1757824918
|switch|p1a: Corviknight|Corviknight, F|100/100
|-ability|p1a: Corviknight|Pressure
|move|p2a: Darkrai|Dark Pulse|p1a: Corviknight
|-damage|p1a: Corviknight|35/100
|
|upkeep
|turn|20
|-message|KingDakota forfeited.
|
|win|muru drinker
|raw|KingDakota's rating: 1146 &rarr; <strong>1125</strong><br />(-21 for losing)
|raw|muru drinker's rating: 1202 &rarr; <strong>1223</strong><br />(+21 for winning)
|l|☆KingDakota
|player|p1|
|l|☆muru drinker
|player|p2|
