|j|☆xcv 4
|j|☆sulfura152
|t:|1757862645
|gametype|singles
|player|p1|xcv 4|acetrainer-gen4dp|
|player|p2|sulfura152|1|
|gen|9
|tier|[Gen 9] OU
|rated|Tournament battle
|rule|HP Percentage Mod: HP is shown in percentages
|rule|Endless Battle Clause: Forcing endless battles is banned
|rule|Species Clause: Limit one of each Pokémon
|rule|OHKO Clause: OHKO moves are banned
|rule|Evasion Items Clause: Evasion items are banned
|rule|Evasion Moves Clause: Evasion moves are banned
|rule|Evasion Abilities Clause: Evasion abilities are banned
|rule|Sleep Moves Clause: Sleep-inducing moves are banned
|raw|<div class="infobox"><details class="readmore"><summary><strong>16 custom rules:</strong></summary> +nonexistent, !obtainable, +fluttermane, -zamazenta, +chienpao, +magearna, +annihilape, +archaludon, +chiyu, +gougingfire, +ironbundle, +roaringmoon, +sneasler, +ogerponhearthflame, +urshifu, +urshifurapidstrike</details></div>
|clearpoke
|poke|p1|Cinderace|
|poke|p1|Iron Boulder|
|poke|p1|Greninja-*|
|poke|p1|Great Tusk|
|poke|p1|Raging Bolt|
|poke|p1|Landorus-Therian, M|
|poke|p2|Flutter Mane|
|poke|p2|Landorus-Therian|
|poke|p2|Ogerpon-Wellspring, F|
|poke|p2|Gouging Fire|
|poke|p2|Muk-Alola|
|poke|p2|Iron Treads|
|teampreview
|inactive|Battle timer is ON: inactive players will automatically lose when time's up. (requested by xcv 4)
|inactive|sulfura152 also wants the timer to be on.
|c|☆sulfura152|glhf
|
|t:|1757862671
|teamsize|p1|6
|teamsize|p2|6
|start
|switch|p1a: Cinderace|Cinderace|100/100
|switch|p2a: Flutter Mane|Flutter Mane|100/100
|-ability|p2a: Flutter Mane|Beads of Ruin
|turn|1
|
|t:|1757862682
|move|p2a: Flutter Mane|Shadow Ball|p1a: Cinderace
|-damage|p1a: Cinderace|0 fnt
|faint|p1a: Cinderace
|
|upkeep
|
|t:|1757862688
|switch|p1a: Greninja|Greninja|100/100
|turn|2
|
|t:|1757862694
|switch|p2a: Muk|Muk-Alola|100/100
|move|p1a: Greninja|Dark Pulse|p2a: Muk
|-start|p1a: Greninja|typechange|Dark|[from] ability: Protean
|-resisted|p2a: Muk
|-damage|p2a: Muk|85/100
|
|upkeep
|turn|3
|j|+Allan2004
|
|t:|1757862700
|switch|p1a: Great Tusk|Great Tusk|100/100
|-enditem|p1a: Great Tusk|Booster Energy
|-activate|p1a: Great Tusk|ability: Protosynthesis|[fromitem]
|-start|p1a: Great Tusk|protosynthesisspe
|move|p2a: Muk|Flip Turn|p1a: Great Tusk
|-supereffective|p1a: Great Tusk
|-damage|p1a: Great Tusk|82/100
|
|t:|1757862712
|switch|p2a: Ogerpon|Ogerpon-Wellspring, F|100/100|[from] Flip Turn
|
|upkeep
|turn|4
|
|t:|1757862726
|move|p1a: Great Tusk|Close Combat|p2a: Ogerpon
|-damage|p2a: Ogerpon|31/100
|-unboost|p1a: Great Tusk|def|1
|-unboost|p1a: Great Tusk|spd|1
|move|p2a: Ogerpon|Ivy Cudgel|p1a: Great Tusk|[anim] Ivy Cudgel Water
|-supereffective|p1a: Great Tusk
|-damage|p1a: Great Tusk|0 fnt
|faint|p1a: Great Tusk
|-end|p1a: Great Tusk|Protosynthesis|[silent]
|
|upkeep
|
|t:|1757862736
|switch|p1a: Raging Bolt|Raging Bolt|100/100
|turn|5
|
|t:|1757862744
|move|p2a: Ogerpon|U-turn|p1a: Raging Bolt
|-damage|p1a: Raging Bolt|74/100
|
|t:|1757862746
|switch|p2a: Muk|Muk-Alola|85/100|[from] U-turn
|move|p1a: Raging Bolt|Calm Mind|p1a: Raging Bolt
|-boost|p1a: Raging Bolt|spa|1
|-boost|p1a: Raging Bolt|spd|1
|
|-heal|p1a: Raging Bolt|80/100|[from] item: Leftovers
|upkeep
|turn|6
|
|t:|1757862751
|move|p1a: Raging Bolt|Thunderbolt|p2a: Muk
|-damage|p2a: Muk|39/100
|-status|p2a: Muk|par
|move|p2a: Muk|Clear Smog|p1a: Raging Bolt
|-damage|p1a: Raging Bolt|72/100
|-clearboost|p1a: Raging Bolt
|
|-heal|p1a: Raging Bolt|78/100|[from] item: Leftovers
|upkeep
|turn|7
|
|t:|1757862758
|move|p1a: Raging Bolt|Calm Mind|p1a: Raging Bolt
|-boost|p1a: Raging Bolt|spa|1
|-boost|p1a: Raging Bolt|spd|1
|move|p2a: Muk|Flip Turn|p1a: Raging Bolt
|-resisted|p1a: Raging Bolt
|-damage|p1a: Raging Bolt|72/100
|
|t:|1757862761
|switch|p2a: Iron Treads|Iron Treads|100/100|[from] Flip Turn
|
|-heal|p1a: Raging Bolt|78/100|[from] item: Leftovers
|upkeep
|turn|8
|inactive|sulfura152 has 120 seconds left.
|
|t:|1757862794
|-end|p1a: Raging Bolt|Protosynthesis|[silent]
|switch|p1a: Landorus|Landorus-Therian, M|100/100
|-ability|p1a: Landorus|Intimidate|boost
|-unboost|p2a: Iron Treads|atk|1
|move|p2a: Iron Treads|Earthquake|p1a: Landorus
|-immune|p1a: Landorus
|
|upkeep
|turn|9
|j|@Giga㋛Chandelure-☂
|inactive|sulfura152 has 120 seconds left.
|
|t:|1757862808
|move|p2a: Iron Treads|Steel Beam|p1a: Landorus
|-damage|p1a: Landorus|46/100
|move|p1a: Landorus|U-turn|p2a: Iron Treads
|-resisted|p2a: Iron Treads
|-crit|p2a: Iron Treads
|-damage|p2a: Iron Treads|85/100
|
|t:|1757862812
|switch|p1a: Greninja|Greninja|100/100|[from] U-turn
|
|upkeep
|turn|10
|
|t:|1757862820
|switch|p2a: Ogerpon|Ogerpon-Wellspring, F|31/100
|move|p1a: Greninja|Ice Beam|p2a: Ogerpon
|-start|p1a: Greninja|typechange|Ice|[from] ability: Protean
|-damage|p2a: Ogerpon|0 fnt
|faint|p2a: Ogerpon
|
|upkeep
|
|t:|1757862823
|switch|p2a: Muk|Muk-Alola|39/100 par
|turn|11
|
|t:|1757862830
|move|p1a: Greninja|Ice Beam|p2a: Muk
|-damage|p2a: Muk|2/100 par
|move|p2a: Muk|Slack Off|p2a: Muk
|-heal|p2a: Muk|52/100 par
|
|upkeep
|turn|12
|
|t:|1757862836
|move|p1a: Greninja|Ice Beam|p2a: Muk
|-damage|p2a: Muk|16/100 par
|move|p2a: Muk|Slack Off|p2a: Muk
|-heal|p2a: Muk|66/100 par
|
|upkeep
|turn|13
|
|t:|1757862839
|switch|p1a: Landorus|Landorus-Therian, M|46/100
|-ability|p1a: Landorus|Intimidate|boost
|-unboost|p2a: Muk|atk|1
|move|p2a: Muk|Knock Off|p1a: Landorus
|-damage|p1a: Landorus|29/100
|-damage|p2a: Muk|49/100 par|[from] item: Rocky Helmet|[of] p1a: Landorus
|-enditem|p1a: Landorus|Rocky Helmet|[from] move: Knock Off|[of] p2a: Muk
|
|upkeep
|turn|14
|
|t:|1757862847
|move|p1a: Landorus|Smack Down|p2a: Muk
|-damage|p2a: Muk|34/100 par
|-start|p2a: Muk|Smack Down
|move|p2a: Muk|Slack Off|p2a: Muk
|-heal|p2a: Muk|84/100 par
|
|upkeep
|turn|15
|
|t:|1757862852
|switch|p2a: Landorus|Landorus-Therian|100/100
|-ability|p2a: Landorus|Neutralizing Gas
|move|p1a: Landorus|Earthquake|p2a: Landorus
|-immune|p2a: Landorus
|
|upkeep
|turn|16
|
|t:|1757862859
|move|p2a: Landorus|Stealth Rock|p1a: Landorus
|-sidestart|p1: xcv 4|move: Stealth Rock
|move|p1a: Landorus|Smack Down|p2a: Landorus
|-damage|p2a: Landorus|85/100
|-start|p2a: Landorus|Smack Down
|
|upkeep
|turn|17
|j| burning showman
|
|t:|1757862863
|move|p2a: Landorus|U-turn|p1a: Landorus
|-resisted|p1a: Landorus
|-damage|p1a: Landorus|21/100
|
|t:|1757862866
|-end|p2a: Landorus|ability: Neutralizing Gas
|-ability|p1a: Landorus|Intimidate|boost
|-unboost|p2a: Landorus|atk|1
|switch|p2a: Muk|Muk-Alola|84/100 par|[from] U-turn
|move|p1a: Landorus|Earthquake|p2a: Muk
|-immune|p2a: Muk|[from] ability: Levitate
|
|upkeep
|turn|18
|
|t:|1757862875
|move|p1a: Landorus|Smack Down|p2a: Muk
|-damage|p2a: Muk|66/100 par
|-start|p2a: Muk|Smack Down
|move|p2a: Muk|Flip Turn|p1a: Landorus
|-supereffective|p1a: Landorus
|-damage|p1a: Landorus|0 fnt
|faint|p1a: Landorus
|
|t:|1757862878
|switch|p2a: Iron Treads|Iron Treads|85/100|[from] Flip Turn
|
|upkeep
|
|t:|1757862883
|switch|p1a: Greninja|Greninja|100/100
|-damage|p1a: Greninja|88/100|[from] Stealth Rock
|turn|19
|
|t:|1757862888
|move|p1a: Greninja|Hydro Pump|p2a: Iron Treads
|-start|p1a: Greninja|typechange|Water|[from] ability: Protean
|-supereffective|p2a: Iron Treads
|-damage|p2a: Iron Treads|0 fnt
|faint|p2a: Iron Treads
|
|upkeep
|
|t:|1757862904
|switch|p2a: Flutter Mane|Flutter Mane|100/100
|-ability|p2a: Flutter Mane|Beads of Ruin
|turn|20
|
|t:|1757862906
|move|p2a: Flutter Mane|Shadow Ball|p1a: Greninja
|-damage|p1a: Greninja|0 fnt
|faint|p1a: Greninja
|
|upkeep
|
|t:|1757862909
|switch|p1a: Iron Boulder|Iron Boulder|100/100
|-damage|p1a: Iron Boulder|88/100|[from] Stealth Rock
|-enditem|p1a: Iron Boulder|Booster Energy
|-activate|p1a: Iron Boulder|ability: Quark Drive|[fromitem]
|-start|p1a: Iron Boulder|quarkdrivespe
|turn|21
|
|t:|1757862920
|switch|p2a: Muk|Muk-Alola|66/100 par
|move|p1a: Iron Boulder|Swords Dance|p1a: Iron Boulder
|-boost|p1a: Iron Boulder|atk|2
|
|upkeep
|turn|22
|
|t:|1757862925
|move|p1a: Iron Boulder|Mighty Cleave|p2a: Muk
|-damage|p2a: Muk|0 fnt
|faint|p2a: Muk
|
|upkeep
|
|t:|1757862928
|switch|p2a: Landorus|Landorus-Therian|85/100
|-ability|p2a: Landorus|Neutralizing Gas
|turn|23
|
|t:|1757862938
|-terastallize|p1a: Iron Boulder|Ground
|-terastallize|p2a: Landorus|Bug
|move|p2a: Landorus|First Impression|p1a: Iron Boulder
|-damage|p1a: Iron Boulder|30/100
|move|p1a: Iron Boulder|Mighty Cleave|p2a: Landorus
|-supereffective|p2a: Landorus
|-damage|p2a: Landorus|0 fnt
|-damage|p1a: Iron Boulder|14/100|[from] item: Rocky Helmet|[of] p2a: Landorus
|faint|p2a: Landorus
|-end|p2a: Landorus|ability: Neutralizing Gas
|
|upkeep
|j|+palapapop
|
|t:|1757862947
|switch|p2a: Flutter Mane|Flutter Mane|100/100
|-ability|p2a: Flutter Mane|Beads of Ruin
|turn|24
|c|☆sulfura152|gg
|
|t:|1757862951
|move|p1a: Iron Boulder|Earthquake|p2a: Flutter Mane
|-damage|p2a: Flutter Mane|0 fnt
|faint|p2a: Flutter Mane
|
|upkeep
|
|t:|1757862953
|switch|p2a: Gouging Fire|Gouging Fire|100/100
|turn|25
|
|t:|1757862956
|move|p1a: Iron Boulder|Earthquake|p2a: Gouging Fire
|-supereffective|p2a: Gouging Fire
|-damage|p2a: Gouging Fire|0 fnt
|faint|p2a: Gouging Fire
|
|win|xcv 4
|n|☆xcv 4|xcv4
|n|☆sulfura152|sulfura152
|n| Allan2004|allan2004
|n| Giga㋛Chandelure-☂|gigachandelure
|n| burning showman|burningshowman
|n|+palapapop|palapapop
|l|☆sulfura152
|player|p2|
|l| burning showman
|l|+palapapop
|j|☆sulfura152
|player|p2|sulfura152|1|
|l|☆sulfura152
|player|p2|
|l|☆xcv 4
|player|p1|
|l| Allan2004
|j| Uber45
|l| Uber45
|j| truc12345
