|j|☆ColonizedUsername
|j|☆omnomapuss
|t:|1757915495
|gametype|singles
|player|p1|ColonizedUsername|candice|1436
|player|p2|omnomapuss|crasherwake|1404
|gen|9
|tier|[Gen 9] OU
|rated|
|rule|HP Percentage Mod: HP is shown in percentages
|rule|Endless Battle Clause: Forcing endless battles is banned
|rule|Species Clause: Limit one of each Pokémon
|rule|OHKO Clause: OHKO moves are banned
|rule|Evasion Items Clause: Evasion items are banned
|rule|Evasion Moves Clause: Evasion moves are banned
|rule|Evasion Abilities Clause: Evasion abilities are banned
|rule|Sleep Moves Clause: Sleep-inducing moves are banned
|clearpoke
|poke|p1|Sableye, F|
|poke|p1|Corviknight, M|
|poke|p1|Gliscor, F|
|poke|p1|Garganacl, F|
|poke|p1|Iron Valiant|
|poke|p1|Alomomola, M|
|poke|p2|Primarina, M|
|poke|p2|Dragapult, F|
|poke|p2|Scizor, M|
|poke|p2|Great Tusk|
|poke|p2|Zapdos|
|poke|p2|Slowking-Galar, F|
|teampreview
|
|t:|1757915562
|teamsize|p1|6
|teamsize|p2|6
|start
|switch|p1a: Alomomola|Alomomola, M|100/100
|switch|p2a: Primarina|Primarina, M|100/100
|turn|1
|inactive|Battle timer is ON: inactive players will automatically lose when time's up. (requested by ColonizedUsername)
|
|t:|1757915585
|switch|p2a: Dragapult|Dragapult, F|100/100
|move|p1a: Alomomola|Flip Turn|p2a: Dragapult
|-resisted|p2a: Dragapult
|-damage|p2a: Dragapult|88/100
|
|t:|1757915590
|switch|p1a: Garganacl|Garganacl, F|100/100|[from] Flip Turn
|
|upkeep
|turn|2
|
|t:|1757915593
|move|p2a: Dragapult|U-turn|p1a: Garganacl
|-damage|p1a: Garganacl|75/100
|
|t:|1757915598
|switch|p2a: Great Tusk|Great Tusk|100/100|[from] U-turn
|move|p1a: Garganacl|Stealth Rock|p2a: Great Tusk
|-sidestart|p2: omnomapuss|move: Stealth Rock
|
|upkeep
|turn|3
|
|t:|1757915602
|switch|p1a: Sableye|Sableye, F|100/100
|move|p2a: Great Tusk|Knock Off|p1a: Sableye
|-damage|p1a: Sableye|70/100
|-enditem|p1a: Sableye|Heavy-Duty Boots|[from] move: Knock Off|[of] p2a: Great Tusk
|
|upkeep
|turn|4
|
|t:|1757915613
|-end|p2a: Great Tusk|Protosynthesis|[silent]
|switch|p2a: Primarina|Primarina, M|100/100
|-damage|p2a: Primarina|88/100|[from] Stealth Rock
|move|p1a: Sableye|Will-O-Wisp|p2a: Primarina
|-status|p2a: Primarina|brn
|
|-damage|p2a: Primarina|82/100 brn|[from] brn
|upkeep
|turn|5
|
|t:|1757915619
|switch|p1a: Alomomola|Alomomola, M|100/100
|move|p2a: Primarina|Flip Turn|p1a: Alomomola
|-resisted|p1a: Alomomola
|-damage|p1a: Alomomola|98/100
|
|t:|1757915634
|switch|p2a: Dragapult|Dragapult, F|88/100|[from] Flip Turn
|-damage|p2a: Dragapult|76/100|[from] Stealth Rock
|
|upkeep
|turn|6
|
|t:|1757915638
|-terastallize|p2a: Dragapult|Ghost
|move|p2a: Dragapult|Tera Blast|p1a: Alomomola|[anim] Tera Blast Ghost
|-damage|p1a: Alomomola|47/100
|move|p1a: Alomomola|Flip Turn|p2a: Dragapult
|-damage|p2a: Dragapult|53/100
|
|t:|1757915646
|switch|p1a: Garganacl|Garganacl, F|75/100|[from] Flip Turn
|
|upkeep
|turn|7
|-message|omnomapuss forfeited.
|
|win|ColonizedUsername
|raw|ColonizedUsername's rating: 1436 &rarr; <strong>1455</strong><br />(+19 for winning)
|raw|omnomapuss's rating: 1420 &rarr; <strong>1401</strong><br />(-19 for losing)
|l|☆omnomapuss
|player|p2|
|l|☆ColonizedUsername
|player|p1|
