|j|☆Agnes_Tachy0n
|j|☆A Bad Fur Day
|t:|1757872165
|gametype|singles
|player|p1|Agnes_Tachy0n|lass|1372
|player|p2|A Bad Fur Day|ghetsis|1367
|gen|9
|tier|[Gen 9] OU
|rated|
|rule|HP Percentage Mod: HP is shown in percentages
|rule|Endless Battle Clause: Forcing endless battles is banned
|rule|Species Clause: Limit one of each Pokémon
|rule|OHKO Clause: OHKO moves are banned
|rule|Evasion Items Clause: Evasion items are banned
|rule|Evasion Moves Clause: Evasion moves are banned
|rule|Evasion Abilities Clause: Evasion abilities are banned
|rule|Sleep Moves Clause: Sleep-inducing moves are banned
|clearpoke
|poke|p1|Iron Thorns|
|poke|p1|Ribombee, F|
|poke|p1|Mismagius, F|
|poke|p1|Raging Bolt|
|poke|p1|Hatterene, F|
|poke|p1|Corviknight, F|
|poke|p2|Blissey, F|
|poke|p2|Chansey, F|
|poke|p2|Dragapult, M|
|poke|p2|Dondozo, F|
|poke|p2|Glimmora, M|
|poke|p2|Vigoroth, M|
|teampreview
|c|☆A Bad Fur Day|bee lead
|
|t:|1757872192
|teamsize|p1|6
|teamsize|p2|6
|start
|switch|p1a: Raging Bolt|Raging Bolt|100/100
|switch|p2a: Dragapult|Dragapult, M|100/100
|turn|1
|
|t:|1757872195
|move|p2a: Dragapult|Draco Meteor|p1a: Raging Bolt
|-supereffective|p1a: Raging Bolt
|-damage|p1a: Raging Bolt|15/100
|-unboost|p2a: Dragapult|spa|2
|move|p1a: Raging Bolt|Dragon Pulse|p2a: Dragapult
|-supereffective|p2a: Dragapult
|-damage|p2a: Dragapult|0 fnt
|faint|p2a: Dragapult
|
|upkeep
|
|t:|1757872198
|switch|p2a: Vigoroth|Vigoroth, M|100/100
|turn|2
|
|t:|1757872203
|move|p2a: Vigoroth|Knock Off|p1a: Raging Bolt
|-damage|p1a: Raging Bolt|0 fnt
|-enditem|p1a: Raging Bolt|Assault Vest|[from] move: Knock Off|[of] p2a: Vigoroth
|faint|p1a: Raging Bolt
|-end|p1a: Raging Bolt|Protosynthesis|[silent]
|
|upkeep
|
|t:|1757872207
|switch|p1a: Mismagius|Mismagius, F|100/100
|turn|3
|
|t:|1757872212
|move|p1a: Mismagius|Trick|p2a: Vigoroth
|-activate|p1a: Mismagius|move: Trick|[of] p2a: Vigoroth
|-item|p2a: Vigoroth|Choice Scarf|[from] move: Trick
|-item|p1a: Mismagius|Eviolite|[from] move: Trick
|move|p2a: Vigoroth|Knock Off|p1a: Mismagius
|-supereffective|p1a: Mismagius
|-damage|p1a: Mismagius|26/100
|-enditem|p1a: Mismagius|Eviolite|[from] move: Knock Off|[of] p2a: Vigoroth
|
|upkeep
|turn|4
|
|t:|1757872221
|switch|p1a: Ribombee|Ribombee, F|100/100
|move|p2a: Vigoroth|Knock Off|p1a: Ribombee
|-resisted|p1a: Ribombee
|-damage|p1a: Ribombee|82/100
|-enditem|p1a: Ribombee|Focus Sash|[from] move: Knock Off|[of] p2a: Vigoroth
|
|upkeep
|turn|5
|
|t:|1757872225
|move|p1a: Ribombee|Sticky Web|p2a: Vigoroth
|-sidestart|p2: A Bad Fur Day|move: Sticky Web
|move|p2a: Vigoroth|Knock Off|p1a: Ribombee
|-resisted|p1a: Ribombee
|-damage|p1a: Ribombee|70/100
|
|upkeep
|turn|6
|
|t:|1757872228
|switch|p1a: Iron Thorns|Iron Thorns, shiny|100/100
|-enditem|p1a: Iron Thorns|Booster Energy
|-activate|p1a: Iron Thorns|ability: Quark Drive|[fromitem]
|-start|p1a: Iron Thorns|quarkdriveatk
|move|p2a: Vigoroth|Knock Off|p1a: Iron Thorns
|-damage|p1a: Iron Thorns|89/100
|
|upkeep
|turn|7
|
|t:|1757872234
|switch|p2a: Glimmora|Glimmora, M|100/100
|-activate|p2a: Glimmora|move: Sticky Web
|-unboost|p2a: Glimmora|spe|1
|move|p1a: Iron Thorns|Dragon Dance|p1a: Iron Thorns
|-boost|p1a: Iron Thorns|atk|1
|-boost|p1a: Iron Thorns|spe|1
|
|upkeep
|turn|8
|
|t:|1757872237
|move|p1a: Iron Thorns|Earthquake|p2a: Glimmora
|-supereffective|p2a: Glimmora
|-enditem|p2a: Glimmora|Shuca Berry|[eat]
|-enditem|p2a: Glimmora|Shuca Berry|[weaken]
|-damage|p2a: Glimmora|0 fnt
|-activate|p2a: Glimmora|ability: Toxic Debris
|-sidestart|p1: Agnes_Tachy0n|move: Toxic Spikes
|faint|p2a: Glimmora
|
|upkeep
|
|t:|1757872239
|switch|p2a: Dondozo|Dondozo, F|100/100
|-activate|p2a: Dondozo|move: Sticky Web
|-unboost|p2a: Dondozo|spe|1
|turn|9
|
|t:|1757872241
|-terastallize|p2a: Dondozo|Dragon
|move|p1a: Iron Thorns|Supercell Slam|p2a: Dondozo|[miss]
|-miss|p1a: Iron Thorns|p2a: Dondozo
|-damage|p1a: Iron Thorns|39/100|[from] supercellslam
|move|p2a: Dondozo|Substitute|p2a: Dondozo
|-start|p2a: Dondozo|Substitute
|-damage|p2a: Dondozo|75/100
|
|-heal|p2a: Dondozo|82/100|[from] item: Leftovers
|upkeep
|turn|10
|
|t:|1757872247
|-terastallize|p1a: Iron Thorns|Flying
|move|p1a: Iron Thorns|Ice Punch|p2a: Dondozo
|-supereffective|p2a: Dondozo
|-end|p2a: Dondozo|Substitute
|move|p2a: Dondozo|Wave Crash|p1a: Iron Thorns
|-damage|p1a: Iron Thorns|0 fnt
|faint|p1a: Iron Thorns
|-end|p1a: Iron Thorns|Quark Drive|[silent]
|-damage|p2a: Dondozo|73/100|[from] Recoil
|
|-heal|p2a: Dondozo|79/100|[from] item: Leftovers
|upkeep
|
|t:|1757872255
|switch|p1a: Hatterene|Hatterene, F|100/100
|-status|p1a: Hatterene|psn
|turn|11
|
|t:|1757872257
|switch|p2a: Blissey|Blissey, F|100/100
|-activate|p2a: Blissey|move: Sticky Web
|-unboost|p2a: Blissey|spe|1
|move|p1a: Hatterene|Nuzzle|p2a: Blissey
|-damage|p2a: Blissey|93/100
|-status|p2a: Blissey|par
|
|-heal|p2a: Blissey|99/100 par|[from] item: Leftovers
|-damage|p1a: Hatterene|88/100 psn|[from] psn
|upkeep
|turn|12
|
|t:|1757872259
|-curestatus|p2a: Blissey|par|[from] ability: Natural Cure
|switch|p2a: Chansey|Chansey, F|100/100
|-activate|p2a: Chansey|move: Sticky Web
|-unboost|p2a: Chansey|spe|1
|move|p1a: Hatterene|Psyshock|p2a: Chansey
|-damage|p2a: Chansey|32/100
|
|-damage|p1a: Hatterene|76/100 psn|[from] psn
|upkeep
|turn|13
|
|t:|1757872263
|switch|p2a: Vigoroth|Vigoroth, M|100/100
|-activate|p2a: Vigoroth|move: Sticky Web
|-unboost|p2a: Vigoroth|spe|1
|move|p1a: Hatterene|Psyshock|p2a: Vigoroth
|-damage|p2a: Vigoroth|67/100
|
|-damage|p1a: Hatterene|64/100 psn|[from] psn
|upkeep
|turn|14
|
|t:|1757872267
|switch|p1a: Corviknight|Corviknight, F|100/100
|move|p2a: Vigoroth|Knock Off|p1a: Corviknight
|-damage|p1a: Corviknight|85/100
|-enditem|p1a: Corviknight|Leftovers|[from] move: Knock Off|[of] p2a: Vigoroth
|
|upkeep
|turn|15
|
|t:|1757872270
|switch|p2a: Chansey|Chansey, F|32/100
|-activate|p2a: Chansey|move: Sticky Web
|-unboost|p2a: Chansey|spe|1
|move|p1a: Corviknight|Bulk Up|p1a: Corviknight
|-boost|p1a: Corviknight|atk|1
|-boost|p1a: Corviknight|def|1
|
|upkeep
|turn|16
|
|t:|1757872273
|move|p1a: Corviknight|Bulk Up|p1a: Corviknight
|-boost|p1a: Corviknight|atk|1
|-boost|p1a: Corviknight|def|1
|move|p2a: Chansey|Metronome|p2a: Chansey
|move|p2a: Chansey|Future Sight|p1a: Corviknight|[from] move: Metronome
|-start|p2a: Chansey|move: Future Sight
|
|upkeep
|turn|17
|
|t:|1757872278
|move|p1a: Corviknight|Bulk Up|p1a: Corviknight
|-boost|p1a: Corviknight|atk|1
|-boost|p1a: Corviknight|def|1
|move|p2a: Chansey|Metronome|p2a: Chansey
|move|p2a: Chansey|Wildbolt Storm|p1a: Corviknight|[from] move: Metronome
|-supereffective|p1a: Corviknight
|-damage|p1a: Corviknight|68/100
|-status|p1a: Corviknight|par
|
|upkeep
|turn|18
|
|t:|1757872287
|cant|p1a: Corviknight|par
|move|p2a: Chansey|Metronome|p2a: Chansey
|move|p2a: Chansey|Hex|p1a: Corviknight|[from] move: Metronome
|-damage|p1a: Corviknight|58/100 par
|
|-end|p1a: Corviknight|move: Future Sight
|-resisted|p1a: Corviknight
|-damage|p1a: Corviknight|54/100 par
|upkeep
|turn|19
|
|t:|1757872291
|move|p1a: Corviknight|Roost|p1a: Corviknight
|-heal|p1a: Corviknight|100/100 par
|-singleturn|p1a: Corviknight|move: Roost
|move|p2a: Chansey|Metronome|p2a: Chansey
|move|p2a: Chansey|Mean Look|p1a: Corviknight|[from] move: Metronome
|-activate|p1a: Corviknight|trapped
|
|upkeep
|turn|20
|
|t:|1757872296
|move|p1a: Corviknight|Bulk Up|p1a: Corviknight
|-boost|p1a: Corviknight|atk|1
|-boost|p1a: Corviknight|def|1
|move|p2a: Chansey|Metronome|p2a: Chansey
|move|p2a: Chansey|Psyshield Bash|p1a: Corviknight|[from] move: Metronome
|-resisted|p1a: Corviknight
|-damage|p1a: Corviknight|99/100 par
|-boost|p2a: Chansey|def|1
|
|upkeep
|turn|21
|
|t:|1757872302
|move|p1a: Corviknight|Power Trip|p2a: Chansey
|-damage|p2a: Chansey|0 fnt
|faint|p2a: Chansey
|
|upkeep
|
|t:|1757872304
|switch|p2a: Dondozo|Dondozo, F, tera:Dragon|79/100
|-activate|p2a: Dondozo|move: Sticky Web
|-unboost|p2a: Dondozo|spe|1
|turn|22
|
|t:|1757872306
|cant|p1a: Corviknight|par
|move|p2a: Dondozo|Curse|p2a: Dondozo
|-unboost|p2a: Dondozo|spe|1
|-boost|p2a: Dondozo|atk|1
|-boost|p2a: Dondozo|def|1
|
|-heal|p2a: Dondozo|85/100|[from] item: Leftovers
|upkeep
|turn|23
|
|t:|1757872308
|move|p1a: Corviknight|Power Trip|p2a: Dondozo
|-damage|p2a: Dondozo|74/100
|move|p2a: Dondozo|Substitute|p2a: Dondozo
|-start|p2a: Dondozo|Substitute
|-damage|p2a: Dondozo|49/100
|
|-heal|p2a: Dondozo|55/100|[from] item: Leftovers
|upkeep
|turn|24
|
|t:|1757872317
|switch|p1a: Mismagius|Mismagius, F|26/100
|move|p2a: Dondozo|Wave Crash|p1a: Mismagius
|-damage|p1a: Mismagius|0 fnt
|faint|p1a: Mismagius
|-damage|p2a: Dondozo|51/100|[from] Recoil
|
|-heal|p2a: Dondozo|57/100|[from] item: Leftovers
|upkeep
|c|☆A Bad Fur Day|rip in pepperoni pizza
|
|t:|1757872319
|switch|p1a: Ribombee|Ribombee, F|70/100
|-status|p1a: Ribombee|psn
|turn|25
|
|t:|1757872320
|move|p1a: Ribombee|Moonblast|p2a: Dondozo
|-supereffective|p2a: Dondozo
|-end|p2a: Dondozo|Substitute
|move|p2a: Dondozo|Wave Crash|p1a: Ribombee
|-damage|p1a: Ribombee|0 fnt
|faint|p1a: Ribombee
|-damage|p2a: Dondozo|45/100|[from] Recoil
|
|-heal|p2a: Dondozo|51/100|[from] item: Leftovers
|upkeep
|
|t:|1757872323
|switch|p1a: Hatterene|Hatterene, F|64/100 psn
|turn|26
|
|t:|1757872326
|switch|p2a: Blissey|Blissey, F|99/100
|-activate|p2a: Blissey|move: Sticky Web
|-unboost|p2a: Blissey|spe|1
|move|p1a: Hatterene|Draining Kiss|p2a: Blissey
|-damage|p2a: Blissey|91/100
|-heal|p1a: Hatterene|77/100 psn|[from] drain|[of] p2a: Blissey
|
|-heal|p2a: Blissey|97/100|[from] item: Leftovers
|-damage|p1a: Hatterene|64/100 psn|[from] psn
|upkeep
|turn|27
|
|t:|1757872328
|switch|p2a: Vigoroth|Vigoroth, M|67/100
|-activate|p2a: Vigoroth|move: Sticky Web
|-unboost|p2a: Vigoroth|spe|1
|move|p1a: Hatterene|Psyshock|p2a: Vigoroth
|-damage|p2a: Vigoroth|32/100
|
|-damage|p1a: Hatterene|52/100 psn|[from] psn
|upkeep
|turn|28
|
|t:|1757872330
|switch|p1a: Corviknight|Corviknight, F|99/100 par
|move|p2a: Vigoroth|Slack Off|p2a: Vigoroth
|-heal|p2a: Vigoroth|82/100
|
|upkeep
|turn|29
|
|t:|1757872332
|switch|p2a: Dondozo|Dondozo, F, tera:Dragon|51/100
|-activate|p2a: Dondozo|move: Sticky Web
|-unboost|p2a: Dondozo|spe|1
|cant|p1a: Corviknight|par
|
|-heal|p2a: Dondozo|57/100|[from] item: Leftovers
|upkeep
|turn|30
|
|t:|1757872334
|switch|p1a: Hatterene|Hatterene, F|52/100 psn
|move|p2a: Dondozo|Substitute|p2a: Dondozo
|-start|p2a: Dondozo|Substitute
|-damage|p2a: Dondozo|32/100
|
|-heal|p2a: Dondozo|39/100|[from] item: Leftovers
|-damage|p1a: Hatterene|40/100 psn|[from] psn
|upkeep
|-enditem|p1a: Hatterene|Sitrus Berry|[eat]
|-heal|p1a: Hatterene|65/100 psn|[from] item: Sitrus Berry
|turn|31
|
|t:|1757872335
|move|p1a: Hatterene|Psyshock|p2a: Dondozo
|-activate|p2a: Dondozo|move: Substitute|[damage]
|move|p2a: Dondozo|Wave Crash|p1a: Hatterene
|-damage|p1a: Hatterene|17/100 psn
|-damage|p2a: Dondozo|29/100|[from] Recoil
|
|-heal|p2a: Dondozo|35/100|[from] item: Leftovers
|-damage|p1a: Hatterene|4/100 psn|[from] psn
|upkeep
|turn|32
|
|t:|1757872337
|move|p1a: Hatterene|Draining Kiss|p2a: Dondozo
|-supereffective|p2a: Dondozo
|-end|p2a: Dondozo|Substitute
|-heal|p1a: Hatterene|10/100 psn|[from] drain|[of] p2a: Dondozo
|move|p2a: Dondozo|Wave Crash|p1a: Hatterene
|-damage|p1a: Hatterene|0 fnt
|faint|p1a: Hatterene
|-damage|p2a: Dondozo|33/100|[from] Recoil
|
|-heal|p2a: Dondozo|39/100|[from] item: Leftovers
|upkeep
|
|t:|1757872339
|switch|p1a: Corviknight|Corviknight, F|99/100 par
|turn|33
|c|☆A Bad Fur Day|i play faster then you
|
|t:|1757872342
|move|p1a: Corviknight|Bulk Up|p1a: Corviknight
|-boost|p1a: Corviknight|atk|1
|-boost|p1a: Corviknight|def|1
|move|p2a: Dondozo|Wave Crash|p1a: Corviknight
|-damage|p1a: Corviknight|68/100 par
|-damage|p2a: Dondozo|31/100|[from] Recoil
|
|-heal|p2a: Dondozo|37/100|[from] item: Leftovers
|upkeep
|turn|34
|
|t:|1757872344
|move|p1a: Corviknight|Bulk Up|p1a: Corviknight
|-boost|p1a: Corviknight|atk|1
|-boost|p1a: Corviknight|def|1
|move|p2a: Dondozo|Curse|p2a: Dondozo
|-unboost|p2a: Dondozo|spe|1
|-boost|p2a: Dondozo|atk|1
|-boost|p2a: Dondozo|def|1
|
|-heal|p2a: Dondozo|43/100|[from] item: Leftovers
|upkeep
|turn|35
|
|t:|1757872346
|move|p1a: Corviknight|Bulk Up|p1a: Corviknight
|-boost|p1a: Corviknight|atk|1
|-boost|p1a: Corviknight|def|1
|move|p2a: Dondozo|Curse|p2a: Dondozo
|-unboost|p2a: Dondozo|spe|1
|-boost|p2a: Dondozo|atk|1
|-boost|p2a: Dondozo|def|1
|
|-heal|p2a: Dondozo|49/100|[from] item: Leftovers
|upkeep
|turn|36
|
|t:|1757872347
|move|p1a: Corviknight|Roost|p1a: Corviknight
|-heal|p1a: Corviknight|100/100 par
|-singleturn|p1a: Corviknight|move: Roost
|move|p2a: Dondozo|Curse|p2a: Dondozo
|-unboost|p2a: Dondozo|spe|1
|-boost|p2a: Dondozo|atk|1
|-boost|p2a: Dondozo|def|1
|
|-heal|p2a: Dondozo|55/100|[from] item: Leftovers
|upkeep
|turn|37
|
|t:|1757872348
|move|p1a: Corviknight|Bulk Up|p1a: Corviknight
|-boost|p1a: Corviknight|atk|1
|-boost|p1a: Corviknight|def|1
|move|p2a: Dondozo|Curse|p2a: Dondozo
|-unboost|p2a: Dondozo|spe|1
|-boost|p2a: Dondozo|atk|1
|-boost|p2a: Dondozo|def|1
|
|-heal|p2a: Dondozo|61/100|[from] item: Leftovers
|upkeep
|turn|38
|
|t:|1757872350
|move|p1a: Corviknight|Bulk Up|p1a: Corviknight
|-boost|p1a: Corviknight|atk|1
|-boost|p1a: Corviknight|def|1
|move|p2a: Dondozo|Wave Crash|p1a: Corviknight
|-damage|p1a: Corviknight|0 fnt
|faint|p1a: Corviknight
|-damage|p2a: Dondozo|35/100|[from] Recoil
|
|win|A Bad Fur Day
|raw|Agnes_Tachy0n's rating: 1372 &rarr; <strong>1352</strong><br />(-20 for losing)
|raw|A Bad Fur Day's rating: 1367 &rarr; <strong>1387</strong><br />(+20 for winning)
|l|☆Agnes_Tachy0n
|player|p1|
|l|☆A Bad Fur Day
|player|p2|
