|j|☆Kasey D
|j|☆fregene97
|t:|1757788729
|gametype|singles
|player|p1|Kasey D|102|1057
|player|p2|fregene97|102|1098
|gen|9
|tier|[Gen 9] OU
|rated|
|rule|HP Percentage Mod: HP is shown in percentages
|rule|Endless Battle Clause: Forcing endless battles is banned
|rule|Species Clause: Limit one of each Pokémon
|rule|OHKO Clause: OHKO moves are banned
|rule|Evasion Items Clause: Evasion items are banned
|rule|Evasion Moves Clause: Evasion moves are banned
|rule|Evasion Abilities Clause: Evasion abilities are banned
|rule|Sleep Moves Clause: Sleep-inducing moves are banned
|clearpoke
|poke|p1|Wigglytuff, M|
|poke|p1|Hatterene, F|
|poke|p1|Malamar, M|
|poke|p1|Farigiraf, M|
|poke|p1|Kingambit, F|
|poke|p1|Oricorio-Sensu, M|
|poke|p2|Pelipper, M|
|poke|p2|Walking Wake|
|poke|p2|Raging Bolt|
|poke|p2|Kingambit, M|
|poke|p2|Basculegion-F, F|
|poke|p2|Zapdos|
|teampreview
|inactive|Battle timer is ON: inactive players will automatically lose when time's up. (requested by fregene97)
|
|t:|1757788734
|teamsize|p1|6
|teamsize|p2|6
|start
|switch|p1a: Malamar|Malamar, M|100/100
|switch|p2a: Pelipper|Pelipper, M|100/100
|-weather|RainDance|[from] ability: Drizzle|[of] p2a: Pelipper
|turn|1
|
|t:|1757788762
|move|p1a: Malamar|Knock Off|p2a: Pelipper
|-damage|p2a: Pelipper|68/100
|-enditem|p2a: Pelipper|Damp Rock|[from] move: Knock Off|[of] p1a: Malamar
|move|p2a: Pelipper|U-turn|p1a: Malamar
|-supereffective|p1a: Malamar
|-damage|p1a: Malamar|63/100
|inactive|fregene97 has 120 seconds left.
|
|t:|1757788775
|switch|p2a: Zapdos|Zapdos|100/100|[from] U-turn
|
|-weather|RainDance|[upkeep]
|-heal|p1a: Malamar|69/100|[from] item: Leftovers
|upkeep
|turn|2
|
|t:|1757788787
|move|p2a: Zapdos|Thunder|p1a: Malamar
|-damage|p1a: Malamar|0 fnt
|faint|p1a: Malamar
|
|-weather|RainDance|[upkeep]
|upkeep
|
|t:|1757788803
|switch|p1a: Hatterene|Hatterene, F|100/100
|turn|3
|
|t:|1757788815
|move|p2a: Zapdos|Thunder|p1a: Hatterene
|-damage|p1a: Hatterene|11/100
|move|p1a: Hatterene|Trick Room|p1a: Hatterene
|-fieldstart|move: Trick Room|[of] p1a: Hatterene
|
|-weather|RainDance|[upkeep]
|upkeep
|turn|4
|
|t:|1757788824
|move|p1a: Hatterene|Misty Explosion|p2a: Zapdos
|-damage|p2a: Zapdos|26/100
|faint|p1a: Hatterene
|move|p2a: Zapdos|Thunder|p1: Hatterene|[notarget]
|-fail|p2a: Zapdos
|
|-weather|RainDance|[upkeep]
|upkeep
|
|t:|1757788832
|switch|p1a: Wigglytuff|Wigglytuff, M|100/100
|turn|5
|
|t:|1757788837
|move|p1a: Wigglytuff|Hyper Voice|p2a: Zapdos
|-damage|p2a: Zapdos|0 fnt
|faint|p2a: Zapdos
|-enditem|p1a: Wigglytuff|Throat Spray
|-boost|p1a: Wigglytuff|spa|1|[from] item: Throat Spray
|
|-weather|RainDance|[upkeep]
|upkeep
|
|t:|1757788843
|switch|p2a: Kingambit|Kingambit, M|100/100
|-activate|p2a: Kingambit|ability: Supreme Overlord
|-start|p2a: Kingambit|fallen1|[silent]
|turn|6
|
|t:|1757788860
|move|p1a: Wigglytuff|Alluring Voice|p2a: Kingambit
|-damage|p2a: Kingambit|49/100
|move|p2a: Kingambit|Iron Head|p1a: Wigglytuff
|-supereffective|p1a: Wigglytuff
|-damage|p1a: Wigglytuff|0 fnt
|faint|p1a: Wigglytuff
|
|-weather|RainDance|[upkeep]
|upkeep
|
|t:|1757788878
|switch|p1a: Kingambit|Kingambit, F|100/100
|-activate|p1a: Kingambit|ability: Supreme Overlord
|-start|p1a: Kingambit|fallen3|[silent]
|turn|7
|
|t:|1757788887
|-terastallize|p1a: Kingambit|Flying
|move|p1a: Kingambit|Low Kick|p2a: Kingambit
|-supereffective|p2a: Kingambit
|-damage|p2a: Kingambit|0 fnt
|faint|p2a: Kingambit
|-end|p2a: Kingambit|fallen1|[silent]
|-damage|p1a: Kingambit|91/100|[from] item: Life Orb
|
|-weather|RainDance|[upkeep]
|-fieldend|move: Trick Room
|upkeep
|
|t:|1757788897
|switch|p2a: Raging Bolt|Raging Bolt|100/100
|-enditem|p2a: Raging Bolt|Booster Energy
|-activate|p2a: Raging Bolt|ability: Protosynthesis|[fromitem]
|-start|p2a: Raging Bolt|protosynthesisspa
|turn|8
|
|t:|1757788911
|move|p1a: Kingambit|Sucker Punch|p2a: Raging Bolt
|-damage|p2a: Raging Bolt|37/100
|-damage|p1a: Kingambit|81/100|[from] item: Life Orb
|move|p2a: Raging Bolt|Thunderbolt|p1a: Kingambit
|-supereffective|p1a: Kingambit
|-damage|p1a: Kingambit|0 fnt
|faint|p1a: Kingambit
|-end|p1a: Kingambit|fallen3|[silent]
|
|-weather|none
|upkeep
|
|t:|1757788921
|switch|p1a: Farigiraf|Farigiraf, M|100/100
|turn|9
|
|t:|1757788927
|-terastallize|p2a: Raging Bolt|Fairy
|move|p2a: Raging Bolt|Thunderbolt|p1a: Farigiraf
|-damage|p1a: Farigiraf|23/100
|move|p1a: Farigiraf|Trick Room|p1a: Farigiraf
|-fieldstart|move: Trick Room|[of] p1a: Farigiraf
|
|upkeep
|turn|10
|
|t:|1757788941
|move|p1a: Farigiraf|Psychic|p2a: Raging Bolt
|-damage|p2a: Raging Bolt|0 fnt
|faint|p2a: Raging Bolt
|-end|p2a: Raging Bolt|Protosynthesis|[silent]
|-damage|p1a: Farigiraf|13/100|[from] item: Life Orb
|
|upkeep
|
|t:|1757788947
|switch|p2a: Pelipper|Pelipper, M|68/100
|-weather|RainDance|[from] ability: Drizzle|[of] p2a: Pelipper
|turn|11
|
|t:|1757788952
|move|p2a: Pelipper|Hurricane|p1a: Farigiraf
|-damage|p1a: Farigiraf|0 fnt
|faint|p1a: Farigiraf
|
|-weather|RainDance|[upkeep]
|upkeep
|
|t:|1757788959
|switch|p1a: Oricorio|Oricorio-Sensu, M|100/100
|turn|12
|
|t:|1757788964
|move|p2a: Pelipper|Hurricane|p1a: Oricorio
|-damage|p1a: Oricorio|42/100
|move|p1a: Oricorio|Quiver Dance|p1a: Oricorio
|-boost|p1a: Oricorio|spa|1
|-boost|p1a: Oricorio|spd|1
|-boost|p1a: Oricorio|spe|1
|
|-weather|RainDance|[upkeep]
|upkeep
|turn|13
|
|t:|1757788973
|move|p2a: Pelipper|Hurricane|p1a: Oricorio
|-damage|p1a: Oricorio|5/100
|move|p1a: Oricorio|Quiver Dance|p1a: Oricorio
|-boost|p1a: Oricorio|spa|1
|-boost|p1a: Oricorio|spd|1
|-boost|p1a: Oricorio|spe|1
|
|-weather|RainDance|[upkeep]
|-fieldend|move: Trick Room
|upkeep
|turn|14
|
|t:|1757788985
|move|p1a: Oricorio|Revelation Dance|p2a: Pelipper
|-damage|p2a: Pelipper|0 fnt
|faint|p2a: Pelipper
|
|-weather|RainDance|[upkeep]
|upkeep
|
|t:|1757788989
|switch|p2a: Basculegion|Basculegion-F, F|100/100
|turn|15
|
|t:|1757788998
|move|p1a: Oricorio|Revelation Dance|p2a: Basculegion
|-supereffective|p2a: Basculegion
|-damage|p2a: Basculegion|0 fnt
|faint|p2a: Basculegion
|
|-weather|none
|upkeep
|
|t:|1757789002
|switch|p2a: Walking Wake|Walking Wake|100/100
|turn|16
|inactive|Kasey D has 120 seconds left.
|
|t:|1757789037
|move|p1a: Oricorio|Revelation Dance|p2a: Walking Wake
|-damage|p2a: Walking Wake|0 fnt
|faint|p2a: Walking Wake
|-end|p2a: Walking Wake|Protosynthesis|[silent]
|
|win|Kasey D
|raw|Kasey D's rating: 1057 &rarr; <strong>1092</strong><br />(+35 for winning)
|raw|fregene97's rating: 1098 &rarr; <strong>1070</strong><br />(-28 for losing)
|l|☆Kasey D
|player|p1|
|l|☆fregene97
|player|p2|
