|j|☆IHeartGalvantula
|j|☆rekka auto
|t:|1757797465
|gametype|singles
|player|p1|IHeartGalvantula|unknown|1610
|player|p2|rekka auto|1|1518
|gen|9
|tier|[Gen 9] OU
|rated|
|rule|HP Percentage Mod: HP is shown in percentages
|rule|Endless Battle Clause: Forcing endless battles is banned
|rule|Species Clause: Limit one of each Pokémon
|rule|OHKO Clause: OHKO moves are banned
|rule|Evasion Items Clause: Evasion items are banned
|rule|Evasion Moves Clause: Evasion moves are banned
|rule|Evasion Abilities Clause: Evasion abilities are banned
|rule|Sleep Moves Clause: Sleep-inducing moves are banned
|clearpoke
|poke|p1|Galvantula, M|
|poke|p1|Enamorus, F|
|poke|p1|Samurott-Hisui, M|
|poke|p1|Ceruledge, M|
|poke|p1|Kingambit, M|
|poke|p1|Raging Bolt|
|poke|p2|Grimmsnarl, M|
|poke|p2|Comfey, F|
|poke|p2|Okidogi, M|
|poke|p2|Dragonite, M|
|poke|p2|Great Tusk|
|poke|p2|Gholdengo|
|teampreview
|inactive|Battle timer is ON: inactive players will automatically lose when time's up. (requested by rekka auto)
|inactive|IHeartGalvantula also wants the timer to be on.
|
|t:|1757797474
|teamsize|p1|6
|teamsize|p2|6
|start
|switch|p1a: Galvantula|Galvantula, M|100/100
|switch|p2a: Okidogi|Okidogi, M|100/100
|turn|1
|
|t:|1757797482
|move|p1a: Galvantula|Sticky Web|p2a: Okidogi
|-sidestart|p2: rekka auto|move: Sticky Web
|move|p2a: Okidogi|Knock Off|p1a: Galvantula
|-damage|p1a: Galvantula|49/100
|-enditem|p1a: Galvantula|Focus Sash|[from] move: Knock Off|[of] p2a: Okidogi
|
|upkeep
|turn|2
|
|t:|1757797488
|switch|p2a: Great Tusk|Great Tusk|100/100
|move|p1a: Galvantula|Thunder Wave|p2a: Great Tusk
|-immune|p2a: Great Tusk
|
|upkeep
|turn|3
|
|t:|1757797492
|-terastallize|p1a: Galvantula|Grass
|move|p1a: Galvantula|Energy Ball|p2a: Great Tusk
|-supereffective|p2a: Great Tusk
|-damage|p2a: Great Tusk|0 fnt
|faint|p2a: Great Tusk
|-end|p2a: Great Tusk|Protosynthesis|[silent]
|
|upkeep
|
|t:|1757797499
|switch|p2a: Gholdengo|Gholdengo|100/100
|-activate|p2a: Gholdengo|move: Sticky Web
|-unboost|p2a: Gholdengo|spe|1
|turn|4
|
|t:|1757797501
|move|p1a: Galvantula|Light Screen|p1a: Galvantula
|-sidestart|p1: IHeartGalvantula|move: Light Screen
|move|p2a: Gholdengo|Nasty Plot|p2a: Gholdengo
|-boost|p2a: Gholdengo|spa|2
|
|upkeep
|turn|5
|
|t:|1757797506
|switch|p1a: Samurott|Samurott-Hisui, M|100/100
|move|p2a: Gholdengo|Nasty Plot|p2a: Gholdengo
|-boost|p2a: Gholdengo|spa|2
|
|upkeep
|turn|6
|
|t:|1757797510
|move|p1a: Samurott|Ceaseless Edge|p2a: Gholdengo
|-supereffective|p2a: Gholdengo
|-damage|p2a: Gholdengo|16/100
|-sidestart|p2: rekka auto|Spikes
|-damage|p1a: Samurott|91/100|[from] item: Life Orb
|move|p2a: Gholdengo|Dazzling Gleam|p1a: Samurott
|-supereffective|p1a: Samurott
|-damage|p1a: Samurott|0 fnt
|faint|p1a: Samurott
|
|upkeep
|
|t:|1757797517
|switch|p1a: Galvantula|Galvantula, M, tera:Grass|49/100
|turn|7
|
|t:|1757797520
|move|p1a: Galvantula|Energy Ball|p2a: Gholdengo
|-resisted|p2a: Gholdengo
|-damage|p2a: Gholdengo|0 fnt
|faint|p2a: Gholdengo
|
|upkeep
|
|t:|1757797524
|switch|p2a: Grimmsnarl|Grimmsnarl, M|100/100
|-activate|p2a: Grimmsnarl|move: Sticky Web
|-unboost|p2a: Grimmsnarl|spe|1
|-damage|p2a: Grimmsnarl|88/100|[from] Spikes
|turn|8
|
|t:|1757797530
|move|p2a: Grimmsnarl|Light Screen|p2a: Grimmsnarl
|-sidestart|p2: rekka auto|move: Light Screen
|move|p1a: Galvantula|Thunder Wave|p2a: Grimmsnarl
|-status|p2a: Grimmsnarl|par
|
|-sideend|p1: IHeartGalvantula|move: Light Screen
|upkeep
|turn|9
|
|t:|1757797534
|move|p2a: Grimmsnarl|Reflect|p2a: Grimmsnarl
|-sidestart|p2: rekka auto|Reflect
|move|p1a: Galvantula|Light Screen|p1a: Galvantula
|-sidestart|p1: IHeartGalvantula|move: Light Screen
|
|upkeep
|turn|10
|
|t:|1757797545
|switch|p1a: Enamorus|Enamorus, F|100/100
|move|p2a: Grimmsnarl|Spirit Break|p1a: Enamorus
|-damage|p1a: Enamorus|51/100
|-boost|p1a: Enamorus|spa|1
|
|upkeep
|turn|11
|
|t:|1757797551
|move|p1a: Enamorus|Moonblast|p2a: Grimmsnarl
|-supereffective|p2a: Grimmsnarl
|-damage|p2a: Grimmsnarl|0 fnt
|faint|p2a: Grimmsnarl
|
|upkeep
|
|t:|1757797556
|switch|p2a: Dragonite|Dragonite, M|100/100
|turn|12
|
|t:|1757797559
|-terastallize|p2a: Dragonite|Fire
|move|p1a: Enamorus|Moonblast|p2a: Dragonite
|-resisted|p2a: Dragonite
|-damage|p2a: Dragonite|86/100
|-unboost|p2a: Dragonite|spa|1
|move|p2a: Dragonite|Dragon Dance|p2a: Dragonite
|-boost|p2a: Dragonite|atk|1
|-boost|p2a: Dragonite|spe|1
|
|upkeep
|turn|13
|
|t:|1757797567
|switch|p1a: Galvantula|Galvantula, M, tera:Grass|49/100
|move|p2a: Dragonite|Fire Punch|p1a: Galvantula
|-supereffective|p1a: Galvantula
|-damage|p1a: Galvantula|0 fnt
|faint|p1a: Galvantula
|
|-sideend|p1: IHeartGalvantula|move: Light Screen
|upkeep
|
|t:|1757797574
|switch|p1a: Raging Bolt|Raging Bolt|100/100
|-enditem|p1a: Raging Bolt|Booster Energy
|-activate|p1a: Raging Bolt|ability: Protosynthesis|[fromitem]
|-start|p1a: Raging Bolt|protosynthesisspa
|turn|14
|
|t:|1757797581
|move|p2a: Dragonite|Scale Shot|p1a: Raging Bolt
|-supereffective|p1a: Raging Bolt
|-damage|p1a: Raging Bolt|59/100
|-supereffective|p1a: Raging Bolt
|-damage|p1a: Raging Bolt|25/100
|-supereffective|p1a: Raging Bolt
|-damage|p1a: Raging Bolt|0 fnt
|faint|p1a: Raging Bolt
|-end|p1a: Raging Bolt|Protosynthesis|[silent]
|-hitcount|p1: Raging Bolt|3
|-unboost|p2a: Dragonite|def|1
|-boost|p2a: Dragonite|spe|1
|
|upkeep
|
|t:|1757797588
|switch|p1a: Ceruledge|Ceruledge, M|100/100
|-item|p1a: Ceruledge|Air Balloon
|turn|15
|
|t:|1757797596
|move|p1a: Ceruledge|Shadow Sneak|p2a: Dragonite
|-damage|p2a: Dragonite|71/100
|move|p2a: Dragonite|Scale Shot|p1a: Ceruledge
|-damage|p1a: Ceruledge|71/100
|-enditem|p1a: Ceruledge|Air Balloon
|-damage|p1a: Ceruledge|41/100
|-damage|p1a: Ceruledge|8/100
|-damage|p1a: Ceruledge|0 fnt
|faint|p1a: Ceruledge
|-hitcount|p1: Ceruledge|4
|-unboost|p2a: Dragonite|def|1
|-boost|p2a: Dragonite|spe|1
|
|-sideend|p2: rekka auto|move: Light Screen
|upkeep
|
|t:|1757797606
|switch|p1a: Kingambit|Kingambit, M|100/100
|-activate|p1a: Kingambit|ability: Supreme Overlord
|-start|p1a: Kingambit|fallen4|[silent]
|turn|16
|
|t:|1757797615
|move|p1a: Kingambit|Sucker Punch|p2a: Dragonite
|-damage|p2a: Dragonite|2/100
|move|p2a: Dragonite|Fire Punch|p1a: Kingambit
|-supereffective|p1a: Kingambit
|-damage|p1a: Kingambit|7/100
|
|-sideend|p2: rekka auto|Reflect
|upkeep
|turn|17
|
|t:|1757797620
|move|p1a: Kingambit|Sucker Punch||[still]
|-fail|p1a: Kingambit
|move|p2a: Dragonite|Encore|p1a: Kingambit
|-start|p1a: Kingambit|Encore
|
|upkeep
|turn|18
|
|t:|1757797624
|move|p1a: Kingambit|Sucker Punch||[still]
|-fail|p1a: Kingambit
|move|p2a: Dragonite|Dragon Dance|p2a: Dragonite
|-boost|p2a: Dragonite|atk|1
|-boost|p2a: Dragonite|spe|1
|
|upkeep
|turn|19
|
|t:|1757797630
|-end|p1a: Kingambit|fallen4|[silent]
|switch|p1a: Enamorus|Enamorus, F|51/100
|move|p2a: Dragonite|Dragon Dance|p2a: Dragonite
|-boost|p2a: Dragonite|atk|1
|-boost|p2a: Dragonite|spe|1
|
|upkeep
|turn|20
|
|t:|1757797633
|switch|p1a: Kingambit|Kingambit, M|7/100
|-activate|p1a: Kingambit|ability: Supreme Overlord
|-start|p1a: Kingambit|fallen4|[silent]
|move|p2a: Dragonite|Fire Punch|p1a: Kingambit
|-supereffective|p1a: Kingambit
|-damage|p1a: Kingambit|0 fnt
|faint|p1a: Kingambit
|-end|p1a: Kingambit|fallen4|[silent]
|
|upkeep
|
|t:|1757797636
|switch|p1a: Enamorus|Enamorus, F|51/100
|turn|21
|
|t:|1757797638
|move|p2a: Dragonite|Fire Punch|p1a: Enamorus
|-damage|p1a: Enamorus|0 fnt
|faint|p1a: Enamorus
|
|win|rekka auto
|raw|IHeartGalvantula's rating: 1610 &rarr; <strong>1586</strong><br />(-24 for losing)
|raw|rekka auto's rating: 1542 &rarr; <strong>1566</strong><br />(+24 for winning)
|l|☆IHeartGalvantula
|player|p1|
|l|☆rekka auto
|player|p2|
