|j|☆EdgingCeaselesslly
|j|☆hungrymane
|t:|1757827659
|gametype|singles
|player|p1|EdgingCeaselesslly|265|1559
|player|p2|hungrymane|1|1722
|gen|9
|tier|[Gen 9] OU
|rated|
|rule|HP Percentage Mod: HP is shown in percentages
|rule|Endless Battle Clause: Forcing endless battles is banned
|rule|Species Clause: Limit one of each Pokémon
|rule|OHKO Clause: OHKO moves are banned
|rule|Evasion Items Clause: Evasion items are banned
|rule|Evasion Moves Clause: Evasion moves are banned
|rule|Evasion Abilities Clause: Evasion abilities are banned
|rule|Sleep Moves Clause: Sleep-inducing moves are banned
|clearpoke
|poke|p1|Landorus-Therian, M|
|poke|p1|Samurott-Hisui, F|
|poke|p1|Scizor, M|
|poke|p1|Latios, M|
|poke|p1|Zamazenta-*|
|poke|p1|Pecharunt|
|poke|p2|Serperior, M|
|poke|p2|Gholdengo|
|poke|p2|Tentacruel, M|
|poke|p2|Landorus-Therian, M|
|poke|p2|Tinkaton, F|
|poke|p2|Zapdos|
|teampreview
|inactive|Battle timer is ON: inactive players will automatically lose when time's up. (requested by EdgingCeaselesslly)
|
|t:|1757827672
|teamsize|p1|6
|teamsize|p2|6
|start
|switch|p1a: Landorus|Landorus-Therian, M|100/100
|switch|p2a: Landorus|Landorus-Therian, M|100/100
|-ability|p2a: Landorus|Intimidate|boost
|-unboost|p1a: Landorus|atk|1
|-ability|p1a: Landorus|Intimidate|boost
|-unboost|p2a: Landorus|atk|1
|turn|1
|
|t:|1757827679
|move|p1a: Landorus|Stealth Rock|p2a: Landorus
|-sidestart|p2: hungrymane|move: Stealth Rock
|move|p2a: Landorus|Stealth Rock|p1a: Landorus
|-sidestart|p1: EdgingCeaselesslly|move: Stealth Rock
|
|upkeep
|turn|2
|
|t:|1757827690
|move|p1a: Landorus|Smack Down|p2a: Landorus
|-damage|p2a: Landorus|89/100
|-start|p2a: Landorus|Smack Down
|move|p2a: Landorus|Rock Slide|p1a: Landorus
|-damage|p1a: Landorus|83/100
|
|upkeep
|turn|3
|
|t:|1757827697
|move|p1a: Landorus|Earthquake|p2a: Landorus
|-damage|p2a: Landorus|49/100
|move|p2a: Landorus|Fling|p1a: Landorus
|-damage|p1a: Landorus|75/100
|-status|p1a: Landorus|par
|-enditem|p2a: Landorus|Light Ball|[from] move: Fling
|
|upkeep
|turn|4
|
|t:|1757827704
|switch|p2a: Serperior|Serperior, M|100/100
|-damage|p2a: Serperior|88/100|[from] Stealth Rock
|move|p1a: Landorus|Earthquake|p2a: Serperior
|-resisted|p2a: Serperior
|-damage|p2a: Serperior|71/100
|
|-heal|p2a: Serperior|77/100|[from] item: Leftovers
|upkeep
|turn|5
|
|t:|1757827730
|switch|p1a: Scizor|Scizor, M|100/100
|move|p2a: Serperior|Glare|p1a: Scizor
|-status|p1a: Scizor|par
|
|-heal|p2a: Serperior|83/100|[from] item: Leftovers
|upkeep
|turn|6
|
|t:|1757827735
|switch|p2a: Gholdengo|Gholdengo|100/100
|-damage|p2a: Gholdengo|94/100|[from] Stealth Rock
|move|p1a: Scizor|Knock Off|p2a: Gholdengo
|-supereffective|p2a: Gholdengo
|-damage|p2a: Gholdengo|25/100
|-enditem|p2a: Gholdengo|Leftovers|[from] move: Knock Off|[of] p1a: Scizor
|
|upkeep
|turn|7
|
|t:|1757827752
|move|p2a: Gholdengo|Recover|p2a: Gholdengo
|-heal|p2a: Gholdengo|75/100
|move|p1a: Scizor|Knock Off|p2a: Gholdengo
|-supereffective|p2a: Gholdengo
|-damage|p2a: Gholdengo|31/100
|
|upkeep
|turn|8
|
|t:|1757827756
|move|p2a: Gholdengo|Recover|p2a: Gholdengo
|-heal|p2a: Gholdengo|81/100
|move|p1a: Scizor|Swords Dance|p1a: Scizor
|-boost|p1a: Scizor|atk|2
|
|upkeep
|turn|9
|
|t:|1757827762
|move|p2a: Gholdengo|Hex|p1a: Scizor
|-damage|p1a: Scizor|14/100 par
|move|p1a: Scizor|Knock Off|p2a: Gholdengo
|-supereffective|p2a: Gholdengo
|-damage|p2a: Gholdengo|0 fnt
|faint|p2a: Gholdengo
|
|upkeep
|
|t:|1757827768
|switch|p2a: Tentacruel|Tentacruel, M|100/100
|turn|10
|
|t:|1757827771
|move|p1a: Scizor|Bullet Punch|p2a: Tentacruel
|-resisted|p2a: Tentacruel
|-damage|p2a: Tentacruel|56/100
|move|p2a: Tentacruel|Rapid Spin|p1a: Scizor
|-resisted|p1a: Scizor
|-damage|p1a: Scizor|9/100 par
|-boost|p2a: Tentacruel|spe|1
|-sideend|p2: hungrymane|Stealth Rock|[from] move: Rapid Spin|[of] p2a: Tentacruel
|
|upkeep
|turn|11
|
|t:|1757827783
|cant|p1a: Scizor|par
|move|p2a: Tentacruel|Surf|p1a: Scizor
|-damage|p1a: Scizor|0 fnt
|faint|p1a: Scizor
|
|upkeep
|
|t:|1757827790
|switch|p1a: Samurott|Samurott-Hisui, F|100/100
|-damage|p1a: Samurott|88/100|[from] Stealth Rock
|turn|12
|
|t:|1757827800
|switch|p2a: Tinkaton|Tinkaton, F|100/100
|-ability|p2a: Tinkaton|Mold Breaker
|move|p1a: Samurott|Ceaseless Edge|p2a: Tinkaton
|-resisted|p2a: Tinkaton
|-damage|p2a: Tinkaton|76/100
|-sidestart|p2: hungrymane|Spikes
|
|-heal|p2a: Tinkaton|82/100|[from] item: Leftovers
|upkeep
|turn|13
|j| Noobshoe
|l| Noobshoe
|
|t:|1757827808
|switch|p1a: Landorus|Landorus-Therian, M|75/100 par
|-damage|p1a: Landorus|63/100 par|[from] Stealth Rock
|-ability|p1a: Landorus|Intimidate|boost
|-unboost|p2a: Tinkaton|atk|1
|move|p2a: Tinkaton|Knock Off|p1a: Landorus
|-damage|p1a: Landorus|51/100 par
|-damage|p2a: Tinkaton|65/100|[from] item: Rocky Helmet|[of] p1a: Landorus
|-enditem|p1a: Landorus|Rocky Helmet|[from] move: Knock Off|[of] p2a: Tinkaton
|
|-heal|p2a: Tinkaton|71/100|[from] item: Leftovers
|upkeep
|turn|14
|
|t:|1757827817
|switch|p2a: Serperior|Serperior, M|83/100
|-damage|p2a: Serperior|71/100|[from] Spikes
|move|p1a: Landorus|Stealth Rock|p2a: Serperior
|-sidestart|p2: hungrymane|move: Stealth Rock
|
|-heal|p2a: Serperior|77/100|[from] item: Leftovers
|upkeep
|turn|15
|
|t:|1757827820
|move|p2a: Serperior|Leaf Storm|p1a: Landorus
|-damage|p1a: Landorus|14/100 par
|-boost|p2a: Serperior|spa|2
|move|p1a: Landorus|U-turn|p2a: Serperior
|-supereffective|p2a: Serperior
|-damage|p2a: Serperior|31/100
|
|t:|1757827840
|switch|p1a: Latios|Latios, M|100/100|[from] U-turn
|-damage|p1a: Latios|88/100|[from] Stealth Rock
|
|-heal|p2a: Serperior|37/100|[from] item: Leftovers
|upkeep
|turn|16
|
|t:|1757827844
|move|p2a: Serperior|Glare|p1a: Latios
|-status|p1a: Latios|par
|move|p1a: Latios|Psychic Noise|p2a: Serperior
|-damage|p2a: Serperior|0 fnt
|faint|p2a: Serperior
|
|upkeep
|
|t:|1757827847
|switch|p2a: Tentacruel|Tentacruel, M|56/100
|turn|17
|
|t:|1757827850
|move|p2a: Tentacruel|Rapid Spin|p1a: Latios
|-damage|p1a: Latios|77/100 par
|-boost|p2a: Tentacruel|spe|1
|-sideend|p2: hungrymane|Spikes|[from] move: Rapid Spin|[of] p2a: Tentacruel
|-sideend|p2: hungrymane|Stealth Rock|[from] move: Rapid Spin|[of] p2a: Tentacruel
|move|p1a: Latios|Psychic Noise|p2a: Tentacruel
|-supereffective|p2a: Tentacruel
|-damage|p2a: Tentacruel|0 fnt
|faint|p2a: Tentacruel
|
|upkeep
|
|t:|1757827859
|switch|p2a: Tinkaton|Tinkaton, F|71/100
|-ability|p2a: Tinkaton|Mold Breaker
|turn|18
|
|t:|1757827862
|switch|p1a: Landorus|Landorus-Therian, M|14/100 par
|-damage|p1a: Landorus|2/100 par|[from] Stealth Rock
|-ability|p1a: Landorus|Intimidate|boost
|-unboost|p2a: Tinkaton|atk|1
|move|p2a: Tinkaton|Knock Off|p1a: Landorus
|-damage|p1a: Landorus|0 fnt
|faint|p1a: Landorus
|
|-heal|p2a: Tinkaton|78/100|[from] item: Leftovers
|upkeep
|
|t:|1757827868
|switch|p1a: Pecharunt|Pecharunt|100/100
|turn|19
|
|t:|1757827872
|move|p1a: Pecharunt|Parting Shot|p2a: Tinkaton
|-unboost|p2a: Tinkaton|atk|1
|-unboost|p2a: Tinkaton|spa|1
|
|t:|1757827890
|switch|p1a: Zamazenta|Zamazenta|100/100|[from] Parting Shot
|-damage|p1a: Zamazenta|94/100|[from] Stealth Rock
|-ability|p1a: Zamazenta|Dauntless Shield|boost
|-boost|p1a: Zamazenta|def|1
|move|p2a: Tinkaton|Thunder Wave|p1a: Zamazenta
|-status|p1a: Zamazenta|par
|
|-heal|p2a: Tinkaton|84/100|[from] item: Leftovers
|-heal|p1a: Zamazenta|100/100 par|[from] item: Leftovers
|upkeep
|turn|20
|
|t:|1757827897
|move|p2a: Tinkaton|Knock Off|p1a: Zamazenta
|-resisted|p1a: Zamazenta
|-damage|p1a: Zamazenta|98/100 par
|-enditem|p1a: Zamazenta|Leftovers|[from] move: Knock Off|[of] p2a: Tinkaton
|move|p1a: Zamazenta|Iron Defense|p1a: Zamazenta
|-boost|p1a: Zamazenta|def|2
|
|-heal|p2a: Tinkaton|90/100|[from] item: Leftovers
|upkeep
|turn|21
|
|t:|1757827900
|move|p2a: Tinkaton|Encore|p1a: Zamazenta
|-start|p1a: Zamazenta|Encore
|cant|p1a: Zamazenta|par
|
|-heal|p2a: Tinkaton|96/100|[from] item: Leftovers
|upkeep
|turn|22
|
|t:|1757827905
|switch|p2a: Landorus|Landorus-Therian, M|49/100
|-ability|p2a: Landorus|Intimidate|boost
|-unboost|p1a: Zamazenta|atk|1
|cant|p1a: Zamazenta|par
|
|upkeep
|turn|23
|
|t:|1757827907
|switch|p2a: Tinkaton|Tinkaton, F|96/100
|-ability|p2a: Tinkaton|Mold Breaker
|move|p1a: Zamazenta|Iron Defense|p1a: Zamazenta
|-boost|p1a: Zamazenta|def|2
|
|-heal|p2a: Tinkaton|100/100|[from] item: Leftovers
|-end|p1a: Zamazenta|Encore
|upkeep
|turn|24
|
|t:|1757827913
|move|p2a: Tinkaton|Encore|p1a: Zamazenta
|-start|p1a: Zamazenta|Encore
|move|p1a: Zamazenta|Iron Defense|p1a: Zamazenta
|-boost|p1a: Zamazenta|def|1
|
|upkeep
|turn|25
|
|t:|1757827915
|switch|p2a: Landorus|Landorus-Therian, M|49/100
|-ability|p2a: Landorus|Intimidate|boost
|-unboost|p1a: Zamazenta|atk|1
|move|p1a: Zamazenta|Iron Defense|p1a: Zamazenta
|-boost|p1a: Zamazenta|def|0
|
|upkeep
|turn|26
|
|t:|1757827917
|switch|p2a: Tinkaton|Tinkaton, F|100/100
|-ability|p2a: Tinkaton|Mold Breaker
|move|p1a: Zamazenta|Iron Defense|p1a: Zamazenta
|-boost|p1a: Zamazenta|def|0
|
|-end|p1a: Zamazenta|Encore
|upkeep
|turn|27
|
|t:|1757827920
|move|p2a: Tinkaton|Encore|p1a: Zamazenta
|-start|p1a: Zamazenta|Encore
|move|p1a: Zamazenta|Iron Defense|p1a: Zamazenta
|-boost|p1a: Zamazenta|def|0
|
|upkeep
|turn|28
|
|t:|1757827922
|switch|p2a: Landorus|Landorus-Therian, M|49/100
|-ability|p2a: Landorus|Intimidate|boost
|-unboost|p1a: Zamazenta|atk|1
|cant|p1a: Zamazenta|par
|
|upkeep
|turn|29
|
|t:|1757827926
|switch|p2a: Zapdos|Zapdos|100/100
|-ability|p2a: Zapdos|Pressure
|move|p1a: Zamazenta|Iron Defense|p1a: Zamazenta
|-boost|p1a: Zamazenta|def|0
|
|-end|p1a: Zamazenta|Encore
|upkeep
|turn|30
|
|t:|1757827942
|-terastallize|p1a: Zamazenta|Fire
|move|p2a: Zapdos|Substitute|p2a: Zapdos
|-start|p2a: Zapdos|Substitute
|-damage|p2a: Zapdos|75/100
|move|p1a: Zamazenta|Body Press|p2a: Zapdos
|-resisted|p2a: Zapdos
|-end|p2a: Zapdos|Substitute
|
|-heal|p2a: Zapdos|82/100|[from] item: Leftovers
|upkeep
|turn|31
|
|t:|1757827947
|move|p2a: Zapdos|Protect|p2a: Zapdos
|-singleturn|p2a: Zapdos|Protect
|cant|p1a: Zamazenta|par
|
|-heal|p2a: Zapdos|88/100|[from] item: Leftovers
|upkeep
|turn|32
|
|t:|1757827950
|-terastallize|p2a: Zapdos|Ghost
|move|p2a: Zapdos|Substitute|p2a: Zapdos
|-start|p2a: Zapdos|Substitute
|-damage|p2a: Zapdos|63/100
|move|p1a: Zamazenta|Body Press|p2a: Zapdos
|-immune|p2a: Zapdos
|
|-heal|p2a: Zapdos|69/100|[from] item: Leftovers
|upkeep
|turn|33
|
|t:|1757827954
|move|p2a: Zapdos|Charge|p2a: Zapdos
|-boost|p2a: Zapdos|spd|1
|-start|p2a: Zapdos|Charge
|move|p1a: Zamazenta|Crunch|p2a: Zapdos
|-supereffective|p2a: Zapdos
|-activate|p2a: Zapdos|move: Substitute|[damage]
|
|-heal|p2a: Zapdos|75/100|[from] item: Leftovers
|upkeep
|turn|34
|
|t:|1757827960
|move|p2a: Zapdos|Charge|p2a: Zapdos
|-boost|p2a: Zapdos|spd|1
|-start|p2a: Zapdos|Charge
|move|p1a: Zamazenta|Crunch|p2a: Zapdos
|-supereffective|p2a: Zapdos
|-end|p2a: Zapdos|Substitute
|
|-heal|p2a: Zapdos|82/100|[from] item: Leftovers
|upkeep
|turn|35
|
|t:|1757827962
|move|p2a: Zapdos|Substitute|p2a: Zapdos
|-start|p2a: Zapdos|Substitute
|-damage|p2a: Zapdos|57/100
|cant|p1a: Zamazenta|par
|
|-heal|p2a: Zapdos|63/100|[from] item: Leftovers
|upkeep
|turn|36
|
|t:|1757827966
|move|p2a: Zapdos|Protect|p2a: Zapdos
|-singleturn|p2a: Zapdos|Protect
|move|p1a: Zamazenta|Roar|p2a: Zapdos
|drag|p2a: Landorus|Landorus-Therian, M|49/100
|-ability|p2a: Landorus|Intimidate|boost
|-unboost|p1a: Zamazenta|atk|1
|
|upkeep
|turn|37
|
|t:|1757827975
|move|p2a: Landorus|Rock Slide|p1a: Zamazenta
|-supereffective|p1a: Zamazenta
|-damage|p1a: Zamazenta|89/100 par
|move|p1a: Zamazenta|Body Press|p2a: Landorus
|-resisted|p2a: Landorus
|-damage|p2a: Landorus|0 fnt
|faint|p2a: Landorus
|
|upkeep
|
|t:|1757827977
|switch|p2a: Tinkaton|Tinkaton, F|100/100
|-ability|p2a: Tinkaton|Mold Breaker
|turn|38
|
|t:|1757827980
|move|p2a: Tinkaton|Encore|p1a: Zamazenta
|-start|p1a: Zamazenta|Encore
|move|p1a: Zamazenta|Body Press|p2a: Tinkaton
|-damage|p2a: Tinkaton|0 fnt
|faint|p2a: Tinkaton
|
|upkeep
|
|t:|1757827981
|switch|p2a: Zapdos|Zapdos, tera:Ghost|63/100
|-ability|p2a: Zapdos|Pressure
|turn|39
|
|t:|1757827987
|move|p2a: Zapdos|Charge|p2a: Zapdos
|-boost|p2a: Zapdos|spd|1
|-start|p2a: Zapdos|Charge
|cant|p1a: Zamazenta|par
|
|-heal|p2a: Zapdos|69/100|[from] item: Leftovers
|upkeep
|turn|40
|
|t:|1757827992
|move|p2a: Zapdos|Substitute|p2a: Zapdos
|-start|p2a: Zapdos|Substitute
|-damage|p2a: Zapdos|44/100
|move|p1a: Zamazenta|Body Press|p2a: Zapdos
|-immune|p2a: Zapdos
|
|-heal|p2a: Zapdos|50/100|[from] item: Leftovers
|-end|p1a: Zamazenta|Encore
|upkeep
|turn|41
|
|t:|1757827998
|switch|p1a: Samurott|Samurott-Hisui, F|88/100
|-damage|p1a: Samurott|76/100|[from] Stealth Rock
|move|p2a: Zapdos|Charge|p2a: Zapdos
|-boost|p2a: Zapdos|spd|1
|-start|p2a: Zapdos|Charge
|
|-heal|p2a: Zapdos|57/100|[from] item: Leftovers
|upkeep
|turn|42
|
|t:|1757828003
|move|p2a: Zapdos|Protect|p2a: Zapdos
|-singleturn|p2a: Zapdos|Protect
|move|p1a: Samurott|Ceaseless Edge|p2a: Zapdos
|-activate|p2a: Zapdos|move: Protect
|
|-heal|p2a: Zapdos|63/100|[from] item: Leftovers
|upkeep
|turn|43
|
|t:|1757828007
|move|p2a: Zapdos|Discharge|p1a: Samurott
|-supereffective|p1a: Samurott
|-damage|p1a: Samurott|0 fnt
|faint|p1a: Samurott
|-end|p2a: Zapdos|Charge|[silent]
|
|-heal|p2a: Zapdos|69/100|[from] item: Leftovers
|upkeep
|
|t:|1757828017
|switch|p1a: Pecharunt|Pecharunt|100/100
|turn|44
|
|t:|1757828022
|move|p2a: Zapdos|Protect|p2a: Zapdos
|-singleturn|p2a: Zapdos|Protect
|move|p1a: Pecharunt|Parting Shot|p2a: Zapdos
|-activate|p2a: Zapdos|move: Protect
|
|-heal|p2a: Zapdos|75/100|[from] item: Leftovers
|upkeep
|turn|45
|
|t:|1757828026
|move|p2a: Zapdos|Charge|p2a: Zapdos
|-boost|p2a: Zapdos|spd|1
|-start|p2a: Zapdos|Charge
|move|p1a: Pecharunt|Parting Shot|p2a: Zapdos
|-unboost|p2a: Zapdos|atk|1
|-unboost|p2a: Zapdos|spa|1
|
|t:|1757828029
|switch|p1a: Zamazenta|Zamazenta, tera:Fire|89/100 par|[from] Parting Shot
|-damage|p1a: Zamazenta|64/100 par|[from] Stealth Rock
|
|-heal|p2a: Zapdos|82/100|[from] item: Leftovers
|upkeep
|turn|46
|
|t:|1757828036
|move|p2a: Zapdos|Protect|p2a: Zapdos
|-singleturn|p2a: Zapdos|Protect
|cant|p1a: Zamazenta|par
|
|-heal|p2a: Zapdos|88/100|[from] item: Leftovers
|upkeep
|turn|47
|
|t:|1757828044
|move|p2a: Zapdos|Discharge|p1a: Zamazenta
|-damage|p1a: Zamazenta|22/100 par
|-end|p2a: Zapdos|Charge|[silent]
|cant|p1a: Zamazenta|par
|
|-heal|p2a: Zapdos|94/100|[from] item: Leftovers
|upkeep
|turn|48
|
|t:|1757828051
|move|p2a: Zapdos|Protect|p2a: Zapdos
|-singleturn|p2a: Zapdos|Protect
|move|p1a: Zamazenta|Crunch|p2a: Zapdos
|-activate|p2a: Zapdos|move: Protect
|
|-heal|p2a: Zapdos|100/100|[from] item: Leftovers
|upkeep
|turn|49
|
|t:|1757828055
|move|p2a: Zapdos|Charge|p2a: Zapdos
|-boost|p2a: Zapdos|spd|1
|-start|p2a: Zapdos|Charge
|cant|p1a: Zamazenta|par
|
|upkeep
|turn|50
|
|t:|1757828058
|move|p2a: Zapdos|Discharge|p1a: Zamazenta
|-damage|p1a: Zamazenta|0 fnt
|faint|p1a: Zamazenta
|-end|p2a: Zapdos|Charge|[silent]
|
|upkeep
|
|t:|1757828061
|switch|p1a: Latios|Latios, M|77/100 par
|-damage|p1a: Latios|64/100 par|[from] Stealth Rock
|turn|51
|
|t:|1757828063
|switch|p1a: Pecharunt|Pecharunt|100/100
|move|p2a: Zapdos|Protect||[still]
|-fail|p2a: Zapdos
|
|upkeep
|turn|52
|
|t:|1757828067
|move|p2a: Zapdos|Charge|p2a: Zapdos
|-boost|p2a: Zapdos|spd|1
|-start|p2a: Zapdos|Charge
|move|p1a: Pecharunt|Parting Shot|p2a: Zapdos
|-unboost|p2a: Zapdos|atk|1
|-unboost|p2a: Zapdos|spa|1
|
|t:|1757828070
|switch|p1a: Latios|Latios, M|64/100 par|[from] Parting Shot
|-damage|p1a: Latios|52/100 par|[from] Stealth Rock
|
|upkeep
|turn|53
|
|t:|1757828073
|switch|p1a: Pecharunt|Pecharunt|100/100
|move|p2a: Zapdos|Discharge|p1a: Pecharunt
|-damage|p1a: Pecharunt|69/100
|-end|p2a: Zapdos|Charge|[silent]
|
|upkeep
|turn|54
|
|t:|1757828078
|move|p2a: Zapdos|Discharge|p1a: Pecharunt
|-damage|p1a: Pecharunt|53/100
|-status|p1a: Pecharunt|par
|move|p1a: Pecharunt|Parting Shot|p2a: Zapdos
|-unboost|p2a: Zapdos|atk|1
|-unboost|p2a: Zapdos|spa|1
|
|t:|1757828082
|switch|p1a: Latios|Latios, M|52/100 par|[from] Parting Shot
|-damage|p1a: Latios|40/100 par|[from] Stealth Rock
|
|upkeep
|turn|55
|
|t:|1757828087
|move|p2a: Zapdos|Charge|p2a: Zapdos
|-boost|p2a: Zapdos|spd|1
|-start|p2a: Zapdos|Charge
|move|p1a: Latios|Recover|p1a: Latios
|-heal|p1a: Latios|90/100 par
|
|upkeep
|turn|56
|
|t:|1757828094
|switch|p1a: Pecharunt|Pecharunt|53/100 par
|move|p2a: Zapdos|Discharge|p1a: Pecharunt
|-damage|p1a: Pecharunt|27/100 par
|-end|p2a: Zapdos|Charge|[silent]
|
|upkeep
|turn|57
|
|t:|1757828099
|move|p2a: Zapdos|Discharge|p1a: Pecharunt
|-damage|p1a: Pecharunt|14/100 par
|move|p1a: Pecharunt|Recover|p1a: Pecharunt
|-heal|p1a: Pecharunt|64/100 par
|
|upkeep
|turn|58
|
|t:|1757828102
|move|p2a: Zapdos|Charge|p2a: Zapdos
|-boost|p2a: Zapdos|spd|0
|-start|p2a: Zapdos|Charge
|move|p1a: Pecharunt|Recover|p1a: Pecharunt
|-heal|p1a: Pecharunt|100/100 par
|
|upkeep
|turn|59
|
|t:|1757828105
|move|p2a: Zapdos|Discharge|p1a: Pecharunt
|-crit|p1a: Pecharunt
|-damage|p1a: Pecharunt|7/100 par
|-end|p2a: Zapdos|Charge|[silent]
|cant|p1a: Pecharunt|par
|
|upkeep
|turn|60
|
|t:|1757828109
|switch|p1a: Latios|Latios, M|90/100 par
|-damage|p1a: Latios|78/100 par|[from] Stealth Rock
|move|p2a: Zapdos|Discharge|p1a: Latios
|-resisted|p1a: Latios
|-crit|p1a: Latios
|-damage|p1a: Latios|50/100 par
|
|upkeep
|turn|61
|
|t:|1757828114
|move|p2a: Zapdos|Charge|p2a: Zapdos
|-boost|p2a: Zapdos|spd|0
|-start|p2a: Zapdos|Charge
|move|p1a: Latios|Recover|p1a: Latios
|-heal|p1a: Latios|99/100 par
|
|upkeep
|turn|62
|
|t:|1757828118
|move|p2a: Zapdos|Discharge|p1a: Latios
|-resisted|p1a: Latios
|-damage|p1a: Latios|87/100 par
|-end|p2a: Zapdos|Charge|[silent]
|move|p1a: Latios|Calm Mind|p1a: Latios
|-boost|p1a: Latios|spa|1
|-boost|p1a: Latios|spd|1
|
|upkeep
|turn|63
|
|t:|1757828121
|move|p2a: Zapdos|Charge|p2a: Zapdos
|-boost|p2a: Zapdos|spd|0
|-start|p2a: Zapdos|Charge
|move|p1a: Latios|Calm Mind|p1a: Latios
|-boost|p1a: Latios|spa|1
|-boost|p1a: Latios|spd|1
|
|upkeep
|turn|64
|
|t:|1757828124
|move|p2a: Zapdos|Discharge|p1a: Latios
|-resisted|p1a: Latios
|-damage|p1a: Latios|81/100 par
|-end|p2a: Zapdos|Charge|[silent]
|move|p1a: Latios|Calm Mind|p1a: Latios
|-boost|p1a: Latios|spa|1
|-boost|p1a: Latios|spd|1
|
|upkeep
|turn|65
|
|t:|1757828127
|move|p2a: Zapdos|Charge|p2a: Zapdos
|-boost|p2a: Zapdos|spd|0
|-start|p2a: Zapdos|Charge
|move|p1a: Latios|Calm Mind|p1a: Latios
|-boost|p1a: Latios|spa|1
|-boost|p1a: Latios|spd|1
|
|upkeep
|turn|66
|
|t:|1757828129
|move|p2a: Zapdos|Discharge|p1a: Latios
|-resisted|p1a: Latios
|-damage|p1a: Latios|76/100 par
|-end|p2a: Zapdos|Charge|[silent]
|move|p1a: Latios|Calm Mind|p1a: Latios
|-boost|p1a: Latios|spa|1
|-boost|p1a: Latios|spd|1
|
|upkeep
|turn|67
|
|t:|1757828132
|move|p2a: Zapdos|Charge|p2a: Zapdos
|-boost|p2a: Zapdos|spd|0
|-start|p2a: Zapdos|Charge
|cant|p1a: Latios|par
|
|upkeep
|turn|68
|
|t:|1757828135
|move|p2a: Zapdos|Discharge|p1a: Latios
|-resisted|p1a: Latios
|-damage|p1a: Latios|72/100 par
|-end|p2a: Zapdos|Charge|[silent]
|move|p1a: Latios|Calm Mind|p1a: Latios
|-boost|p1a: Latios|spa|1
|-boost|p1a: Latios|spd|1
|
|upkeep
|turn|69
|
|t:|1757828138
|move|p2a: Zapdos|Protect|p2a: Zapdos
|-singleturn|p2a: Zapdos|Protect
|move|p1a: Latios|Psychic Noise|p2a: Zapdos
|-activate|p2a: Zapdos|move: Protect
|
|upkeep
|turn|70
|
|t:|1757828142
|move|p2a: Zapdos|Protect||[still]
|-fail|p2a: Zapdos
|move|p1a: Latios|Psychic Noise|p2a: Zapdos
|-damage|p2a: Zapdos|46/100
|-start|p2a: Zapdos|move: Heal Block
|
|upkeep
|turn|71
|
|t:|1757828144
|move|p2a: Zapdos|Protect|p2a: Zapdos
|-singleturn|p2a: Zapdos|Protect
|move|p1a: Latios|Psychic Noise|p2a: Zapdos
|-activate|p2a: Zapdos|move: Protect
|
|-end|p2a: Zapdos|move: Heal Block
|upkeep
|turn|72
|
|t:|1757828149
|move|p2a: Zapdos|Protect||[still]
|-fail|p2a: Zapdos
|move|p1a: Latios|Psychic Noise|p2a: Zapdos
|-damage|p2a: Zapdos|0 fnt
|faint|p2a: Zapdos
|
|win|EdgingCeaselesslly
|raw|EdgingCeaselesslly's rating: 1559 &rarr; <strong>1588</strong><br />(+29 for winning)
|raw|hungrymane's rating: 1722 &rarr; <strong>1693</strong><br />(-29 for losing)
|l|☆hungrymane
|player|p2|
