|j|☆fac4
|j|☆Portguitas
|html|<table width="100%"><tr><td align="left">fac4</td><td align="right">Portguitas</tr><tr><td align="left"><i class="fa fa-circle-o"></i> <i class="fa fa-circle-o"></i> </td><td align="right"><i class="fa fa-circle-o"></i> <i class="fa fa-circle"></i> </tr></table>
|uhtml|bestof|<h2><strong>Game 2</strong> of <a href="/game-bestof3-gen9ou-2441554062">a best-of-3</a></h2>
|t:|1757868991
|gametype|singles
|player|p1|fac4|unknown|
|player|p2|Portguitas|ethan|
|gen|9
|tier|[Gen 9] OU
|rule|HP Percentage Mod: HP is shown in percentages
|rule|Endless Battle Clause: Forcing endless battles is banned
|rule|Species Clause: Limit one of each Pokémon
|rule|OHKO Clause: OHKO moves are banned
|rule|Evasion Items Clause: Evasion items are banned
|rule|Evasion Moves Clause: Evasion moves are banned
|rule|Evasion Abilities Clause: Evasion abilities are banned
|rule|Sleep Moves Clause: Sleep-inducing moves are banned
|raw|<div class="infobox"><details class="readmore"><summary><strong>6 custom rules:</strong></summary> Force Open Team Sheets, Anything Goes, maxteamsize=8, Picked Team Size = 6, Adjust Level = 100, bestof=3</details></div>
|clearpoke
|poke|p1|Blissey, F|
|poke|p1|Corviknight, M|
|poke|p1|Toxapex, F|
|poke|p1|Hatterene, F|
|poke|p1|Rotom-Wash|
|poke|p1|Excadrill, M|
|poke|p1|Meowscarada, F|
|poke|p1|Gholdengo|
|poke|p2|Clefable, F|
|poke|p2|Quaquaval, F|
|poke|p2|Dragapult, M|
|poke|p2|Rillaboom, M|
|poke|p2|Slowking-Galar, F|
|poke|p2|Kingambit, M|
|poke|p2|Dragonite, M|
|poke|p2|Alomomola, F|
|teampreview|6
|showteam|p1|Blissey||HeavyDutyBoots|NaturalCure|SoftBoiled,SeismicToss,ThunderWave,StealthRock|||F||||,,,,,Normal]Corviknight||RockyHelmet|Pressure|Defog,Roost,BraveBird,BodyPress|||M||||,,,,,Flying]Toxapex||BlackSludge|Regenerator|Toxic,Recover,BanefulBunker,Liquidation|||F||||,,,,,Poison]Hatterene||CovertCloak|MagicBounce|MysticalFire,DrainingKiss,Nuzzle,HealingWish|||F||||,,,,,Psychic]Rotom-Wash||Leftovers|Levitate|VoltSwitch,HydroPump,WillOWisp,PainSplit|||||||,,,,,Electric]Excadrill||AirBalloon|MoldBreaker|SwordsDance,Earthquake,IronHead,RapidSpin|||M||||,,,,,Ground]Meowscarada||ChoiceBand|Protean|FlowerTrick,TripleAxel,Uturn,KnockOff|||F||||,,,,,Grass]Gholdengo||ChoiceScarf|GoodasGold|MakeItRain,ShadowBall,Thunderbolt,FocusBlast|||||||,,,,,Steel
|showteam|p2|Clefable||Leftovers|MagicGuard|Moonblast,Moonlight,StealthRock,CalmMind|||F||||,,,,,Fairy]Quaquaval||AssaultVest|Moxie|AquaStep,CloseCombat,RapidSpin,Uturn|||F||||,,,,,Water]Dragapult||ChoiceSpecs|Infiltrator|Uturn,DracoMeteor,ShadowBall,Flamethrower|||M||||,,,,,Dragon]Rillaboom||ChoiceBand|GrassySurge|DrainPunch,GrassyGlide,HighHorsepower,Uturn|||M||||,,,,,Grass]Slowking-Galar||HeavyDutyBoots|Regenerator|SludgeBomb,IceBeam,Flamethrower,PsychicNoise|||F||||,,,,,Poison]Kingambit||AirBalloon|SupremeOverlord|SuckerPunch,SwordsDance,IronHead,KowtowCleave|||M||||,,,,,Dark]Dragonite||LumBerry|Multiscale|ExtremeSpeed,Earthquake,DragonDance,Roost|||M||||,,,,,Dragon]Alomomola||RockyHelmet|Regenerator|FlipTurn,Wish,Scald,Protect|||F||||,,,,,Water
|inactive|Battle timer is ON: inactive players will automatically lose when time's up. (requested by fac4)
|c|☆Portguitas|a quien baneas??
|c|☆fac4|Q cagada lo de hatterene
|c|☆fac4|Si no fuera por eso
|inactive|fac4 has 270 seconds left.
|inactive|Portguitas has 270 seconds left.
|c|☆fac4|Otta cosa hubiera sido
|c|☆fac4|Yo baneo a slowking
|c|☆fac4|Di tu ban
|inactive|fac4 has 240 seconds left.
|inactive|Portguitas has 240 seconds left.
|c|☆Portguitas|meowscarada
|c|☆fac4|Se supone q era ala vez
|inactive|fac4 has 210 seconds left.
|inactive|Portguitas has 210 seconds left.
|c|☆Portguitas|no has hecho cuemta jajja
|c|☆fac4|Pero me dijiste a quien baneas
|c|☆Portguitas|estaba mirando los pokes
|c|☆fac4|Entonces di por entendido q ya tenias tu ban
|c|☆fac4|Bueno hagamos esto
|c|☆Portguitas|ah no no
|inactive|fac4 has 180 seconds left.
|inactive|Portguitas has 180 seconds left.
|c|☆fac4|Baneamos devuelta
|c|☆fac4|Pero no a los q dijimos ya
|c|☆fac4|1
|c|☆fac4|2
|c|☆fac4|3
|c|☆fac4|RILLABOM
|c|☆Portguitas|yo sigo manteniendo lo mismo
|c|☆fac4|Bueno
|inactive|fac4 has 150 seconds left.
|inactive|Portguitas has 150 seconds left.
|c|☆fac4|Entonces slowking y ya
|inactive|fac4 has 120 seconds left.
|inactive|Portguitas has 120 seconds left.
|c|☆Portguitas|rilla o slowking??
|c|☆fac4|slowking
|c|☆Portguitas|vale
|inactive|fac4 has 90 seconds left.
|inactive|Portguitas has 90 seconds left.
|
|t:|1757869214
|teamsize|p1|6
|teamsize|p2|6
|start
|switch|p1a: Corviknight|Corviknight, M, shiny|100/100
|switch|p2a: Garp|Rillaboom, M|100/100
|-fieldstart|move: Grassy Terrain|[from] ability: Grassy Surge|[of] p2a: Garp
|-ability|p1a: Corviknight|Pressure
|turn|1
|c|☆fac4|fuera
|inactive|fac4 has 150 seconds left.
|c|☆Portguitas|dragonite
|c|☆fac4|a la cuenta de 3
|c|☆fac4|bueno exca
|
|t:|1757869237
|move|p2a: Garp|U-turn|p1a: Corviknight
|-resisted|p1a: Corviknight
|-damage|p1a: Corviknight|94/100
|-damage|p2a: Garp|84/100|[from] item: Rocky Helmet|[of] p1a: Corviknight
|
|t:|1757869250
|switch|p2a: Mamambou|Alomomola, F|100/100|[from] U-turn
|move|p1a: Corviknight|Brave Bird|p2a: Mamambou
|-crit|p2a: Mamambou
|-damage|p2a: Mamambou|73/100
|-damage|p1a: Corviknight|77/100|[from] item: Rocky Helmet|[of] p2a: Mamambou
|-damage|p1a: Corviknight|65/100|[from] Recoil
|
|-heal|p2a: Mamambou|79/100|[from] Grassy Terrain
|upkeep
|turn|2
|inactive|fac4 has 150 seconds left.
|
|t:|1757869262
|switch|p1a: Toxapex|Toxapex, F|100/100
|move|p2a: Mamambou|Scald|p1a: Toxapex
|-resisted|p1a: Toxapex
|-crit|p1a: Toxapex
|-damage|p1a: Toxapex|92/100
|
|-heal|p2a: Mamambou|85/100|[from] Grassy Terrain
|-heal|p1a: Toxapex|98/100|[from] Grassy Terrain
|-heal|p1a: Toxapex|100/100|[from] item: Black Sludge
|upkeep
|turn|3
|inactive|Portguitas has 150 seconds left.
|
|t:|1757869274
|switch|p2a: Clefable|Clefable, F|100/100
|move|p1a: Toxapex|Toxic|p2a: Clefable
|-status|p2a: Clefable|tox
|
|upkeep
|turn|4
|inactive|Portguitas has 150 seconds left.
|
|t:|1757869282
|switch|p1a: Hatterene|Hatterene, F, shiny|100/100
|move|p2a: Clefable|Stealth Rock|p1a: Hatterene
|move|p1a: Hatterene|Stealth Rock|p2a: Clefable|[from] ability: Magic Bounce
|-sidestart|p2: Portguitas|move: Stealth Rock
|
|upkeep
|turn|5
|inactive|Portguitas has 150 seconds left.
|
|t:|1757869296
|switch|p1a: Gholdengo|Gholdengo, shiny|100/100
|move|p2a: Clefable|Calm Mind|p2a: Clefable
|-boost|p2a: Clefable|spa|1
|-boost|p2a: Clefable|spd|1
|
|-fieldend|move: Grassy Terrain
|upkeep
|turn|6
|
|t:|1757869303
|move|p1a: Gholdengo|Make It Rain|p2a: Clefable
|-supereffective|p2a: Clefable
|-damage|p2a: Clefable|26/100 tox
|-unboost|p1a: Gholdengo|spa|1
|move|p2a: Clefable|Moonlight|p2a: Clefable
|-heal|p2a: Clefable|76/100 tox
|
|-heal|p2a: Clefable|82/100 tox|[from] item: Leftovers
|upkeep
|turn|7
|inactive|fac4 has 180 seconds left.
|
|t:|1757869314
|switch|p1a: Blissey|Blissey, F, shiny|100/100
|move|p2a: Clefable|Moonlight|p2a: Clefable
|-heal|p2a: Clefable|100/100 tox
|
|upkeep
|turn|8
|
|t:|1757869322
|move|p2a: Clefable|Calm Mind|p2a: Clefable
|-boost|p2a: Clefable|spa|1
|-boost|p2a: Clefable|spd|1
|move|p1a: Blissey|Seismic Toss|p2a: Clefable
|-damage|p2a: Clefable|75/100 tox
|
|-heal|p2a: Clefable|81/100 tox|[from] item: Leftovers
|upkeep
|turn|9
|
|t:|1757869329
|move|p2a: Clefable|Calm Mind|p2a: Clefable
|-boost|p2a: Clefable|spa|1
|-boost|p2a: Clefable|spd|1
|move|p1a: Blissey|Seismic Toss|p2a: Clefable
|-damage|p2a: Clefable|56/100 tox
|
|-heal|p2a: Clefable|62/100 tox|[from] item: Leftovers
|upkeep
|turn|10
|
|t:|1757869337
|move|p2a: Clefable|Moonblast|p1a: Blissey
|-damage|p1a: Blissey|72/100
|-unboost|p1a: Blissey|spa|1
|move|p1a: Blissey|Seismic Toss|p2a: Clefable
|-damage|p2a: Clefable|37/100 tox
|
|-heal|p2a: Clefable|43/100 tox|[from] item: Leftovers
|upkeep
|turn|11
|inactive|Portguitas has 180 seconds left.
|
|t:|1757869345
|switch|p1a: Gholdengo|Gholdengo, shiny|100/100
|move|p2a: Clefable|Moonlight|p2a: Clefable
|-heal|p2a: Clefable|93/100 tox
|
|-heal|p2a: Clefable|99/100 tox|[from] item: Leftovers
|upkeep
|turn|12
|
|t:|1757869354
|move|p1a: Gholdengo|Make It Rain|p2a: Clefable
|-supereffective|p2a: Clefable
|-damage|p2a: Clefable|47/100 tox
|-unboost|p1a: Gholdengo|spa|1
|move|p2a: Clefable|Calm Mind|p2a: Clefable
|-boost|p2a: Clefable|spa|1
|-boost|p2a: Clefable|spd|1
|
|-heal|p2a: Clefable|53/100 tox|[from] item: Leftovers
|upkeep
|turn|13
|
|t:|1757869363
|switch|p1a: Blissey|Blissey, F, shiny|72/100
|move|p2a: Clefable|Moonlight|p2a: Clefable
|-heal|p2a: Clefable|100/100 tox
|
|upkeep
|turn|14
|
|t:|1757869372
|move|p2a: Clefable|Moonblast|p1a: Blissey
|-crit|p1a: Blissey
|-damage|p1a: Blissey|16/100
|move|p1a: Blissey|Soft-Boiled|p1a: Blissey
|-heal|p1a: Blissey|66/100
|
|upkeep
|turn|15
|
|t:|1757869380
|move|p2a: Clefable|Calm Mind|p2a: Clefable
|-boost|p2a: Clefable|spa|1
|-boost|p2a: Clefable|spd|1
|move|p1a: Blissey|Soft-Boiled|p1a: Blissey
|-heal|p1a: Blissey|100/100
|
|upkeep
|turn|16
|
|t:|1757869385
|move|p2a: Clefable|Calm Mind|p2a: Clefable
|-boost|p2a: Clefable|spa|1
|-boost|p2a: Clefable|spd|1
|move|p1a: Blissey|Seismic Toss|p2a: Clefable
|-damage|p2a: Clefable|75/100 tox
|
|-heal|p2a: Clefable|81/100 tox|[from] item: Leftovers
|upkeep
|turn|17
|inactive|Portguitas has 210 seconds left.
|
|t:|1757869395
|move|p2a: Clefable|Stealth Rock|p1a: Blissey
|-sidestart|p1: fac4|move: Stealth Rock
|move|p1a: Blissey|Seismic Toss|p2a: Clefable
|-damage|p2a: Clefable|56/100 tox
|
|-heal|p2a: Clefable|62/100 tox|[from] item: Leftovers
|upkeep
|turn|18
|
|t:|1757869401
|move|p2a: Clefable|Moonblast|p1a: Blissey
|-crit|p1a: Blissey
|-damage|p1a: Blissey|29/100
|move|p1a: Blissey|Seismic Toss|p2a: Clefable
|-damage|p2a: Clefable|37/100 tox
|
|-heal|p2a: Clefable|43/100 tox|[from] item: Leftovers
|upkeep
|turn|19
|inactive|fac4 has 270 seconds left.
|
|t:|1757869416
|switch|p1a: Hatterene|Hatterene, F, shiny|100/100
|-damage|p1a: Hatterene|88/100|[from] Stealth Rock
|move|p2a: Clefable|Moonlight|p2a: Clefable
|-heal|p2a: Clefable|93/100 tox
|
|-heal|p2a: Clefable|99/100 tox|[from] item: Leftovers
|upkeep
|turn|20
|
|t:|1757869425
|switch|p1a: Toxapex|Toxapex, F|100/100
|-damage|p1a: Toxapex|88/100|[from] Stealth Rock
|move|p2a: Clefable|Moonblast|p1a: Toxapex
|-resisted|p1a: Toxapex
|-damage|p1a: Toxapex|40/100
|-unboost|p1a: Toxapex|spa|1
|
|-heal|p2a: Clefable|100/100 tox|[from] item: Leftovers
|-heal|p1a: Toxapex|47/100|[from] item: Black Sludge
|upkeep
|turn|21
|inactive|fac4 has 270 seconds left.
|
|t:|1757869435
|move|p1a: Toxapex|Baneful Bunker|p1a: Toxapex
|-singleturn|p1a: Toxapex|move: Protect
|move|p2a: Clefable|Moonblast|p1a: Toxapex
|-activate|p1a: Toxapex|move: Protect
|
|-heal|p1a: Toxapex|53/100|[from] item: Black Sludge
|upkeep
|turn|22
|inactive|fac4 has 270 seconds left.
|
|t:|1757869446
|move|p2a: Clefable|Moonblast|p1a: Toxapex
|-resisted|p1a: Toxapex
|-damage|p1a: Toxapex|5/100
|move|p1a: Toxapex|Recover|p1a: Toxapex
|-heal|p1a: Toxapex|55/100
|
|-heal|p1a: Toxapex|62/100|[from] item: Black Sludge
|upkeep
|turn|23
|inactive|Portguitas has 240 seconds left.
|
|t:|1757869453
|move|p1a: Toxapex|Baneful Bunker|p1a: Toxapex
|-singleturn|p1a: Toxapex|move: Protect
|move|p2a: Clefable|Moonblast|p1a: Toxapex
|-activate|p1a: Toxapex|move: Protect
|
|-heal|p1a: Toxapex|68/100|[from] item: Black Sludge
|upkeep
|turn|24
|c|☆fac4|esos criticos
|c|☆fac4|mamitas
|
|t:|1757869466
|move|p2a: Clefable|Moonblast|p1a: Toxapex
|-resisted|p1a: Toxapex
|-damage|p1a: Toxapex|19/100
|-unboost|p1a: Toxapex|spa|1
|move|p1a: Toxapex|Recover|p1a: Toxapex
|-heal|p1a: Toxapex|69/100
|
|-heal|p1a: Toxapex|75/100|[from] item: Black Sludge
|upkeep
|turn|25
|
|t:|1757869476
|move|p1a: Toxapex|Baneful Bunker|p1a: Toxapex
|-singleturn|p1a: Toxapex|move: Protect
|move|p2a: Clefable|Calm Mind|p2a: Clefable
|-boost|p2a: Clefable|spa|0
|-boost|p2a: Clefable|spd|0
|
|-heal|p1a: Toxapex|81/100|[from] item: Black Sludge
|upkeep
|turn|26
|
|t:|1757869483
|move|p2a: Clefable|Moonblast|p1a: Toxapex
|-resisted|p1a: Toxapex
|-damage|p1a: Toxapex|25/100
|move|p1a: Toxapex|Liquidation|p2a: Clefable
|-damage|p2a: Clefable|87/100 tox
|
|-heal|p2a: Clefable|93/100 tox|[from] item: Leftovers
|-heal|p1a: Toxapex|32/100|[from] item: Black Sludge
|upkeep
|turn|27
|
|t:|1757869492
|move|p1a: Toxapex|Baneful Bunker|p1a: Toxapex
|-singleturn|p1a: Toxapex|move: Protect
|move|p2a: Clefable|Calm Mind|p2a: Clefable
|-boost|p2a: Clefable|spa|0
|-boost|p2a: Clefable|spd|0
|
|-heal|p2a: Clefable|99/100 tox|[from] item: Leftovers
|-heal|p1a: Toxapex|38/100|[from] item: Black Sludge
|upkeep
|turn|28
|
|t:|1757869514
|switch|p1a: Hatterene|Hatterene, F, shiny|88/100
|-damage|p1a: Hatterene|76/100|[from] Stealth Rock
|move|p2a: Clefable|Moonblast|p1a: Hatterene
|-damage|p1a: Hatterene|0 fnt
|faint|p1a: Hatterene
|
|-heal|p2a: Clefable|100/100 tox|[from] item: Leftovers
|upkeep
|
|t:|1757869516
|switch|p1a: Toxapex|Toxapex, F|71/100
|-damage|p1a: Toxapex|59/100|[from] Stealth Rock
|turn|29
|inactive|Portguitas has 270 seconds left.
|
|t:|1757869525
|move|p2a: Clefable|Calm Mind|p2a: Clefable
|-boost|p2a: Clefable|spa|0
|-boost|p2a: Clefable|spd|0
|move|p1a: Toxapex|Recover|p1a: Toxapex
|-heal|p1a: Toxapex|100/100
|
|upkeep
|turn|30
|
|t:|1757869535
|move|p1a: Toxapex|Baneful Bunker|p1a: Toxapex
|-singleturn|p1a: Toxapex|move: Protect
|move|p2a: Clefable|Stealth Rock||[still]
|-fail|p2a: Clefable
|
|upkeep
|turn|31
|
|t:|1757869540
|move|p2a: Clefable|Moonblast|p1a: Toxapex
|-resisted|p1a: Toxapex
|-damage|p1a: Toxapex|51/100
|move|p1a: Toxapex|Liquidation|p2a: Clefable
|-damage|p2a: Clefable|84/100 tox
|
|-heal|p2a: Clefable|90/100 tox|[from] item: Leftovers
|-heal|p1a: Toxapex|57/100|[from] item: Black Sludge
|upkeep
|turn|32
|
|t:|1757869549
|move|p2a: Clefable|Calm Mind|p2a: Clefable
|-boost|p2a: Clefable|spa|0
|-boost|p2a: Clefable|spd|0
|move|p1a: Toxapex|Recover|p1a: Toxapex
|-heal|p1a: Toxapex|100/100
|
|-heal|p2a: Clefable|96/100 tox|[from] item: Leftovers
|upkeep
|turn|33
|
|t:|1757869555
|move|p1a: Toxapex|Baneful Bunker|p1a: Toxapex
|-singleturn|p1a: Toxapex|move: Protect
|move|p2a: Clefable|Stealth Rock||[still]
|-fail|p2a: Clefable
|
|-heal|p2a: Clefable|100/100 tox|[from] item: Leftovers
|upkeep
|turn|34
|
|t:|1757869563
|move|p2a: Clefable|Moonblast|p1a: Toxapex
|-resisted|p1a: Toxapex
|-damage|p1a: Toxapex|53/100
|-unboost|p1a: Toxapex|spa|1
|move|p1a: Toxapex|Liquidation|p2a: Clefable
|-damage|p2a: Clefable|86/100 tox
|
|-heal|p2a: Clefable|92/100 tox|[from] item: Leftovers
|-heal|p1a: Toxapex|59/100|[from] item: Black Sludge
|upkeep
|turn|35
|
|t:|1757869573
|move|p2a: Clefable|Moonblast|p1a: Toxapex
|-resisted|p1a: Toxapex
|-damage|p1a: Toxapex|10/100
|-unboost|p1a: Toxapex|spa|1
|move|p1a: Toxapex|Recover|p1a: Toxapex
|-heal|p1a: Toxapex|60/100
|
|-heal|p2a: Clefable|98/100 tox|[from] item: Leftovers
|-heal|p1a: Toxapex|66/100|[from] item: Black Sludge
|upkeep
|turn|36
|
|t:|1757869583
|move|p1a: Toxapex|Baneful Bunker|p1a: Toxapex
|-singleturn|p1a: Toxapex|move: Protect
|move|p2a: Clefable|Stealth Rock||[still]
|-fail|p2a: Clefable
|
|-heal|p2a: Clefable|100/100 tox|[from] item: Leftovers
|-heal|p1a: Toxapex|73/100|[from] item: Black Sludge
|upkeep
|turn|37
|
|t:|1757869593
|move|p2a: Clefable|Moonblast|p1a: Toxapex
|-resisted|p1a: Toxapex
|-damage|p1a: Toxapex|24/100
|move|p1a: Toxapex|Recover|p1a: Toxapex
|-heal|p1a: Toxapex|74/100
|
|-heal|p1a: Toxapex|80/100|[from] item: Black Sludge
|upkeep
|turn|38
|
|t:|1757869600
|move|p1a: Toxapex|Baneful Bunker|p1a: Toxapex
|-singleturn|p1a: Toxapex|move: Protect
|move|p2a: Clefable|Calm Mind|p2a: Clefable
|-boost|p2a: Clefable|spa|0
|-boost|p2a: Clefable|spd|0
|
|-heal|p1a: Toxapex|87/100|[from] item: Black Sludge
|upkeep
|turn|39
|
|t:|1757869611
|move|p2a: Clefable|Moonblast|p1a: Toxapex
|-resisted|p1a: Toxapex
|-damage|p1a: Toxapex|39/100
|-unboost|p1a: Toxapex|spa|1
|move|p1a: Toxapex|Recover|p1a: Toxapex
|-heal|p1a: Toxapex|89/100
|
|-heal|p1a: Toxapex|95/100|[from] item: Black Sludge
|upkeep
|turn|40
|
|t:|1757869619
|move|p2a: Clefable|Stealth Rock||[still]
|-fail|p2a: Clefable
|move|p1a: Toxapex|Liquidation|p2a: Clefable
|-damage|p2a: Clefable|84/100 tox
|
|-heal|p2a: Clefable|90/100 tox|[from] item: Leftovers
|-heal|p1a: Toxapex|100/100|[from] item: Black Sludge
|upkeep
|turn|41
|
|t:|1757869627
|move|p1a: Toxapex|Baneful Bunker|p1a: Toxapex
|-singleturn|p1a: Toxapex|move: Protect
|move|p2a: Clefable|Moonblast|p1a: Toxapex
|-activate|p1a: Toxapex|move: Protect
|
|-heal|p2a: Clefable|96/100 tox|[from] item: Leftovers
|upkeep
|turn|42
|
|t:|1757869634
|move|p2a: Clefable|Moonblast|p1a: Toxapex
|-resisted|p1a: Toxapex
|-damage|p1a: Toxapex|52/100
|-unboost|p1a: Toxapex|spa|1
|move|p1a: Toxapex|Liquidation|p2a: Clefable
|-damage|p2a: Clefable|81/100 tox
|-unboost|p2a: Clefable|def|1
|
|-heal|p2a: Clefable|87/100 tox|[from] item: Leftovers
|-heal|p1a: Toxapex|58/100|[from] item: Black Sludge
|upkeep
|turn|43
|
|t:|1757869645
|move|p1a: Toxapex|Baneful Bunker|p1a: Toxapex
|-singleturn|p1a: Toxapex|move: Protect
|move|p2a: Clefable|Stealth Rock||[still]
|-fail|p2a: Clefable
|
|-heal|p2a: Clefable|93/100 tox|[from] item: Leftovers
|-heal|p1a: Toxapex|64/100|[from] item: Black Sludge
|upkeep
|turn|44
|
|t:|1757869652
|move|p2a: Clefable|Moonblast|p1a: Toxapex
|-resisted|p1a: Toxapex
|-damage|p1a: Toxapex|12/100
|move|p1a: Toxapex|Recover|p1a: Toxapex
|-heal|p1a: Toxapex|62/100
|
|-heal|p2a: Clefable|99/100 tox|[from] item: Leftovers
|-heal|p1a: Toxapex|68/100|[from] item: Black Sludge
|upkeep
|turn|45
|
|t:|1757869660
|move|p2a: Clefable|Calm Mind|p2a: Clefable
|-boost|p2a: Clefable|spa|0
|-boost|p2a: Clefable|spd|0
|move|p1a: Toxapex|Liquidation|p2a: Clefable
|-damage|p2a: Clefable|74/100 tox
|
|-heal|p2a: Clefable|80/100 tox|[from] item: Leftovers
|-heal|p1a: Toxapex|74/100|[from] item: Black Sludge
|upkeep
|turn|46
|
|t:|1757869669
|move|p1a: Toxapex|Baneful Bunker|p1a: Toxapex
|-singleturn|p1a: Toxapex|move: Protect
|move|p2a: Clefable|Stealth Rock||[still]
|-fail|p2a: Clefable
|
|-heal|p2a: Clefable|87/100 tox|[from] item: Leftovers
|-heal|p1a: Toxapex|80/100|[from] item: Black Sludge
|upkeep
|turn|47
|
|t:|1757869677
|move|p2a: Clefable|Moonblast|p1a: Toxapex
|-resisted|p1a: Toxapex
|-damage|p1a: Toxapex|31/100
|move|p1a: Toxapex|Liquidation|p2a: Clefable
|-damage|p2a: Clefable|63/100 tox
|-unboost|p2a: Clefable|def|1
|
|-heal|p2a: Clefable|70/100 tox|[from] item: Leftovers
|-heal|p1a: Toxapex|37/100|[from] item: Black Sludge
|upkeep
|turn|48
|
|t:|1757869689
|move|p1a: Toxapex|Baneful Bunker|p1a: Toxapex
|-singleturn|p1a: Toxapex|move: Protect
|move|p2a: Clefable|Moonblast|p1a: Toxapex
|-activate|p1a: Toxapex|move: Protect
|
|-heal|p2a: Clefable|76/100 tox|[from] item: Leftovers
|-heal|p1a: Toxapex|44/100|[from] item: Black Sludge
|upkeep
|turn|49
|
|t:|1757869697
|switch|p1a: Blissey|Blissey, F, shiny|29/100
|move|p2a: Clefable|Moonblast|p1a: Blissey
|-damage|p1a: Blissey|0 fnt
|faint|p1a: Blissey
|
|-heal|p2a: Clefable|82/100 tox|[from] item: Leftovers
|upkeep
|
|t:|1757869700
|switch|p1a: Toxapex|Toxapex, F|77/100
|-damage|p1a: Toxapex|64/100|[from] Stealth Rock
|turn|50
|
|t:|1757869730
|switch|p2a: Mihawk|Kingambit, M|100/100
|-damage|p2a: Mihawk|94/100|[from] Stealth Rock
|-item|p2a: Mihawk|Air Balloon
|move|p1a: Toxapex|Baneful Bunker||[still]
|-fail|p1a: Toxapex
|
|-heal|p1a: Toxapex|71/100|[from] item: Black Sludge
|upkeep
|turn|51
|
|t:|1757869738
|switch|p1a: Corviknight|Corviknight, M, shiny|65/100
|-damage|p1a: Corviknight|52/100|[from] Stealth Rock
|-ability|p1a: Corviknight|Pressure
|move|p2a: Mihawk|Swords Dance|p2a: Mihawk
|-boost|p2a: Mihawk|atk|2
|
|upkeep
|turn|52
|
|t:|1757869752
|-end|p2a: Mihawk|fallenundefined|[silent]
|switch|p2a: Mamambou|Alomomola, F|100/100
|-damage|p2a: Mamambou|88/100|[from] Stealth Rock
|move|p1a: Corviknight|Body Press|p2a: Mamambou
|-damage|p2a: Mamambou|74/100
|-damage|p1a: Corviknight|36/100|[from] item: Rocky Helmet|[of] p2a: Mamambou
|
|upkeep
|turn|53
|
|t:|1757869761
|move|p1a: Corviknight|Roost|p1a: Corviknight
|-heal|p1a: Corviknight|86/100
|-singleturn|p1a: Corviknight|move: Roost
|move|p2a: Mamambou|Wish|p2a: Mamambou
|
|upkeep
|turn|54
|
|t:|1757869771
|switch|p1a: Gholdengo|Gholdengo, shiny|100/100
|-damage|p1a: Gholdengo|94/100|[from] Stealth Rock
|move|p2a: Mamambou|Scald|p1a: Gholdengo
|-damage|p1a: Gholdengo|78/100
|-status|p1a: Gholdengo|brn
|
|-heal|p2a: Mamambou|100/100|[from] move: Wish|[wisher] Mamambou
|-damage|p1a: Gholdengo|72/100 brn|[from] brn
|upkeep
|turn|55
|
|t:|1757869782
|move|p2a: Mamambou|Protect|p2a: Mamambou
|-singleturn|p2a: Mamambou|Protect
|move|p1a: Gholdengo|Thunderbolt|p2a: Mamambou
|-activate|p2a: Mamambou|move: Protect
|
|-damage|p1a: Gholdengo|66/100 brn|[from] brn
|upkeep
|turn|56
|
|t:|1757869796
|switch|p2a: Garp|Rillaboom, M|84/100
|-damage|p2a: Garp|72/100|[from] Stealth Rock
|-fieldstart|move: Grassy Terrain|[from] ability: Grassy Surge|[of] p2a: Garp
|move|p1a: Gholdengo|Thunderbolt|p2a: Garp
|-resisted|p2a: Garp
|-damage|p2a: Garp|50/100
|
|-heal|p1a: Gholdengo|72/100 brn|[from] Grassy Terrain
|-heal|p2a: Garp|56/100|[from] Grassy Terrain
|-damage|p1a: Gholdengo|66/100 brn|[from] brn
|upkeep
|turn|57
|
|t:|1757869808
|switch|p1a: Corviknight|Corviknight, M, shiny|86/100
|-damage|p1a: Corviknight|73/100|[from] Stealth Rock
|-ability|p1a: Corviknight|Pressure
|move|p2a: Garp|High Horsepower|p1a: Corviknight
|-immune|p1a: Corviknight
|
|-heal|p2a: Garp|62/100|[from] Grassy Terrain
|upkeep
|turn|58
|
|t:|1757869821
|switch|p2a: Mamambou|Alomomola, F|100/100
|-damage|p2a: Mamambou|88/100|[from] Stealth Rock
|move|p1a: Corviknight|Brave Bird|p2a: Mamambou
|-damage|p2a: Mamambou|67/100
|-damage|p1a: Corviknight|57/100|[from] item: Rocky Helmet|[of] p2a: Mamambou
|-damage|p1a: Corviknight|48/100|[from] Recoil
|
|-heal|p2a: Mamambou|73/100|[from] Grassy Terrain
|upkeep
|turn|59
|
|t:|1757869832
|move|p1a: Corviknight|Roost|p1a: Corviknight
|-heal|p1a: Corviknight|98/100
|-singleturn|p1a: Corviknight|move: Roost
|move|p2a: Mamambou|Scald|p1a: Corviknight
|-damage|p1a: Corviknight|86/100
|
|-heal|p1a: Corviknight|93/100|[from] Grassy Terrain
|-heal|p2a: Mamambou|80/100|[from] Grassy Terrain
|upkeep
|turn|60
|
|t:|1757869840
|switch|p1a: Toxapex|Toxapex, F|100/100
|-damage|p1a: Toxapex|88/100|[from] Stealth Rock
|move|p2a: Mamambou|Scald|p1a: Toxapex
|-resisted|p1a: Toxapex
|-damage|p1a: Toxapex|82/100
|
|-heal|p2a: Mamambou|86/100|[from] Grassy Terrain
|-heal|p1a: Toxapex|89/100|[from] Grassy Terrain
|-heal|p1a: Toxapex|95/100|[from] item: Black Sludge
|-fieldend|move: Grassy Terrain
|upkeep
|turn|61
|
|t:|1757869856
|switch|p2a: Clefable|Clefable, F|82/100 tox
|move|p1a: Toxapex|Liquidation|p2a: Clefable
|-damage|p2a: Clefable|68/100 tox
|
|-heal|p2a: Clefable|74/100 tox|[from] item: Leftovers
|-heal|p1a: Toxapex|100/100|[from] item: Black Sludge
|upkeep
|turn|62
|
|t:|1757869870
|move|p2a: Clefable|Calm Mind|p2a: Clefable
|-boost|p2a: Clefable|spa|1
|-boost|p2a: Clefable|spd|1
|move|p1a: Toxapex|Liquidation|p2a: Clefable
|-damage|p2a: Clefable|58/100 tox
|
|-heal|p2a: Clefable|64/100 tox|[from] item: Leftovers
|upkeep
|turn|63
|
|t:|1757869879
|switch|p1a: Gholdengo|Gholdengo, shiny|66/100 brn
|-damage|p1a: Gholdengo|60/100 brn|[from] Stealth Rock
|move|p2a: Clefable|Calm Mind|p2a: Clefable
|-boost|p2a: Clefable|spa|1
|-boost|p2a: Clefable|spd|1
|
|-heal|p2a: Clefable|71/100 tox|[from] item: Leftovers
|-damage|p1a: Gholdengo|54/100 brn|[from] brn
|upkeep
|turn|64
|
|t:|1757869888
|move|p1a: Gholdengo|Make It Rain|p2a: Clefable
|-supereffective|p2a: Clefable
|-damage|p2a: Clefable|15/100 tox
|-unboost|p1a: Gholdengo|spa|1
|move|p2a: Clefable|Moonlight|p2a: Clefable
|-heal|p2a: Clefable|65/100 tox
|
|-heal|p2a: Clefable|71/100 tox|[from] item: Leftovers
|-damage|p1a: Gholdengo|48/100 brn|[from] brn
|upkeep
|turn|65
|
|t:|1757869898
|switch|p1a: Toxapex|Toxapex, F|100/100
|-damage|p1a: Toxapex|88/100|[from] Stealth Rock
|move|p2a: Clefable|Calm Mind|p2a: Clefable
|-boost|p2a: Clefable|spa|1
|-boost|p2a: Clefable|spd|1
|
|-heal|p2a: Clefable|77/100 tox|[from] item: Leftovers
|-heal|p1a: Toxapex|94/100|[from] item: Black Sludge
|upkeep
|turn|66
|
|t:|1757869911
|switch|p2a: Mihawk|Kingambit, M|94/100
|-damage|p2a: Mihawk|88/100|[from] Stealth Rock
|-item|p2a: Mihawk|Air Balloon
|move|p1a: Toxapex|Liquidation|p2a: Mihawk
|-damage|p2a: Mihawk|71/100
|-enditem|p2a: Mihawk|Air Balloon
|
|-heal|p1a: Toxapex|100/100|[from] item: Black Sludge
|upkeep
|turn|67
|
|t:|1757869922
|switch|p1a: Corviknight|Corviknight, M, shiny|93/100
|-damage|p1a: Corviknight|80/100|[from] Stealth Rock
|-ability|p1a: Corviknight|Pressure
|move|p2a: Mihawk|Kowtow Cleave|p1a: Corviknight
|-damage|p1a: Corviknight|51/100
|-damage|p2a: Mihawk|55/100|[from] item: Rocky Helmet|[of] p1a: Corviknight
|
|upkeep
|turn|68
|
|t:|1757869932
|-end|p2a: Mihawk|fallenundefined|[silent]
|switch|p2a: Mamambou|Alomomola, F|100/100
|-damage|p2a: Mamambou|88/100|[from] Stealth Rock
|move|p1a: Corviknight|Roost|p1a: Corviknight
|-heal|p1a: Corviknight|100/100
|-singleturn|p1a: Corviknight|move: Roost
|
|upkeep
|turn|69
|
|t:|1757869941
|switch|p1a: Toxapex|Toxapex, F|100/100
|-damage|p1a: Toxapex|88/100|[from] Stealth Rock
|move|p2a: Mamambou|Wish|p2a: Mamambou
|
|-heal|p1a: Toxapex|94/100|[from] item: Black Sludge
|upkeep
|turn|70
|
|t:|1757869947
|switch|p2a: Mihawk|Kingambit, M|55/100
|-damage|p2a: Mihawk|49/100|[from] Stealth Rock
|move|p1a: Toxapex|Liquidation|p2a: Mihawk
|-damage|p2a: Mihawk|32/100
|
|-heal|p2a: Mihawk|100/100|[from] move: Wish|[wisher] Mamambou
|-heal|p1a: Toxapex|100/100|[from] item: Black Sludge
|upkeep
|turn|71
|
|t:|1757869960
|switch|p1a: Corviknight|Corviknight, M, shiny|100/100
|-damage|p1a: Corviknight|88/100|[from] Stealth Rock
|-ability|p1a: Corviknight|Pressure
|move|p2a: Mihawk|Swords Dance|p2a: Mihawk
|-boost|p2a: Mihawk|atk|2
|
|upkeep
|turn|72
|
|t:|1757869975
|-end|p2a: Mihawk|fallenundefined|[silent]
|switch|p2a: Mamambou|Alomomola, F|100/100
|-damage|p2a: Mamambou|88/100|[from] Stealth Rock
|move|p1a: Corviknight|Body Press|p2a: Mamambou
|-damage|p2a: Mamambou|74/100
|-damage|p1a: Corviknight|71/100|[from] item: Rocky Helmet|[of] p2a: Mamambou
|
|upkeep
|turn|73
|
|t:|1757869987
|switch|p1a: Rotom|Rotom-Wash, shiny|100/100
|-damage|p1a: Rotom|88/100|[from] Stealth Rock
|move|p2a: Mamambou|Scald|p1a: Rotom
|-resisted|p1a: Rotom
|-damage|p1a: Rotom|81/100
|-status|p1a: Rotom|brn
|
|-heal|p1a: Rotom|87/100 brn|[from] item: Leftovers
|-damage|p1a: Rotom|81/100 brn|[from] brn
|upkeep
|turn|74
|
|t:|1757870000
|move|p2a: Mamambou|Protect|p2a: Mamambou
|-singleturn|p2a: Mamambou|Protect
|move|p1a: Rotom|Will-O-Wisp|p2a: Mamambou
|-activate|p2a: Mamambou|move: Protect
|
|-heal|p1a: Rotom|87/100 brn|[from] item: Leftovers
|-damage|p1a: Rotom|81/100 brn|[from] brn
|upkeep
|turn|75
|
|t:|1757870012
|switch|p2a: Clefable|Clefable, F|77/100 tox
|move|p1a: Rotom|Volt Switch|p2a: Clefable
|-damage|p2a: Clefable|54/100 tox
|
|t:|1757870014
|switch|p1a: Gholdengo|Gholdengo, shiny|48/100 brn|[from] Volt Switch
|-damage|p1a: Gholdengo|42/100 brn|[from] Stealth Rock
|
|-heal|p2a: Clefable|60/100 tox|[from] item: Leftovers
|-damage|p1a: Gholdengo|36/100 brn|[from] brn
|upkeep
|turn|76
|
|t:|1757870033
|switch|p2a: PATO|Quaquaval, F|100/100
|-damage|p2a: PATO|94/100|[from] Stealth Rock
|move|p1a: Gholdengo|Thunderbolt|p2a: PATO
|-supereffective|p2a: PATO
|-damage|p2a: PATO|39/100
|
|-damage|p1a: Gholdengo|30/100 brn|[from] brn
|upkeep
|turn|77
|
|t:|1757870043
|switch|p2a: Garp|Rillaboom, M|62/100
|-damage|p2a: Garp|50/100|[from] Stealth Rock
|-fieldstart|move: Grassy Terrain|[from] ability: Grassy Surge|[of] p2a: Garp
|move|p1a: Gholdengo|Thunderbolt|p2a: Garp
|-resisted|p2a: Garp
|-damage|p2a: Garp|28/100
|
|-heal|p1a: Gholdengo|36/100 brn|[from] Grassy Terrain
|-heal|p2a: Garp|35/100|[from] Grassy Terrain
|-damage|p1a: Gholdengo|30/100 brn|[from] brn
|upkeep
|turn|78
|
|t:|1757870056
|switch|p1a: Corviknight|Corviknight, M, shiny|71/100
|-damage|p1a: Corviknight|59/100|[from] Stealth Rock
|-ability|p1a: Corviknight|Pressure
|move|p2a: Garp|Drain Punch|p1a: Corviknight
|-damage|p1a: Corviknight|33/100
|-heal|p2a: Garp|50/100|[from] drain|[of] p1a: Corviknight
|-damage|p2a: Garp|33/100|[from] item: Rocky Helmet|[of] p1a: Corviknight
|
|-heal|p2a: Garp|40/100|[from] Grassy Terrain
|upkeep
|turn|79
|
|t:|1757870068
|switch|p2a: Mamambou|Alomomola, F|100/100
|-damage|p2a: Mamambou|88/100|[from] Stealth Rock
|move|p1a: Corviknight|Roost|p1a: Corviknight
|-heal|p1a: Corviknight|83/100
|-singleturn|p1a: Corviknight|move: Roost
|
|-heal|p1a: Corviknight|89/100|[from] Grassy Terrain
|-heal|p2a: Mamambou|94/100|[from] Grassy Terrain
|upkeep
|turn|80
|
|t:|1757870078
|switch|p1a: Toxapex|Toxapex, F|100/100
|-damage|p1a: Toxapex|88/100|[from] Stealth Rock
|move|p2a: Mamambou|Scald|p1a: Toxapex
|-resisted|p1a: Toxapex
|-damage|p1a: Toxapex|82/100
|-status|p1a: Toxapex|brn
|
|-heal|p2a: Mamambou|100/100|[from] Grassy Terrain
|-heal|p1a: Toxapex|88/100 brn|[from] Grassy Terrain
|-heal|p1a: Toxapex|95/100 brn|[from] item: Black Sludge
|-damage|p1a: Toxapex|88/100 brn|[from] brn
|upkeep
|turn|81
|
|t:|1757870091
|move|p2a: Mamambou|Wish|p2a: Mamambou
|move|p1a: Toxapex|Liquidation|p2a: Mamambou
|-resisted|p2a: Mamambou
|-damage|p2a: Mamambou|98/100
|-damage|p1a: Toxapex|72/100 brn|[from] item: Rocky Helmet|[of] p2a: Mamambou
|
|-heal|p2a: Mamambou|100/100|[from] Grassy Terrain
|-heal|p1a: Toxapex|78/100 brn|[from] Grassy Terrain
|-heal|p1a: Toxapex|84/100 brn|[from] item: Black Sludge
|-damage|p1a: Toxapex|78/100 brn|[from] brn
|-fieldend|move: Grassy Terrain
|upkeep
|turn|82
|
|t:|1757870101
|move|p2a: Mamambou|Protect|p2a: Mamambou
|-singleturn|p2a: Mamambou|Protect
|move|p1a: Toxapex|Liquidation|p2a: Mamambou
|-activate|p2a: Mamambou|move: Protect
|
|-heal|p1a: Toxapex|84/100 brn|[from] item: Black Sludge
|-damage|p1a: Toxapex|78/100 brn|[from] brn
|upkeep
|turn|83
|
|t:|1757870114
|switch|p2a: Mihawk|Kingambit, M|100/100
|-damage|p2a: Mihawk|94/100|[from] Stealth Rock
|move|p1a: Toxapex|Liquidation|p2a: Mihawk
|-damage|p2a: Mihawk|86/100
|-unboost|p2a: Mihawk|def|1
|
|-heal|p1a: Toxapex|84/100 brn|[from] item: Black Sludge
|-damage|p1a: Toxapex|78/100 brn|[from] brn
|upkeep
|turn|84
|
|t:|1757870129
|switch|p1a: Corviknight|Corviknight, M, shiny|89/100
|-damage|p1a: Corviknight|77/100|[from] Stealth Rock
|-ability|p1a: Corviknight|Pressure
|move|p2a: Mihawk|Kowtow Cleave|p1a: Corviknight
|-damage|p1a: Corviknight|45/100
|-damage|p2a: Mihawk|70/100|[from] item: Rocky Helmet|[of] p1a: Corviknight
|
|upkeep
|turn|85
|
|t:|1757870141
|-end|p2a: Mihawk|fallenundefined|[silent]
|switch|p2a: Mamambou|Alomomola, F|100/100
|-damage|p2a: Mamambou|88/100|[from] Stealth Rock
|move|p1a: Corviknight|Roost|p1a: Corviknight
|-heal|p1a: Corviknight|95/100
|-singleturn|p1a: Corviknight|move: Roost
|
|upkeep
|turn|86
|
|t:|1757870149
|switch|p1a: Rotom|Rotom-Wash, shiny|81/100 brn
|-damage|p1a: Rotom|69/100 brn|[from] Stealth Rock
|move|p2a: Mamambou|Wish|p2a: Mamambou
|
|-heal|p1a: Rotom|75/100 brn|[from] item: Leftovers
|-damage|p1a: Rotom|69/100 brn|[from] brn
|upkeep
|turn|87
|
|t:|1757870168
|switch|p2a: Clefable|Clefable, F|60/100 tox
|move|p1a: Rotom|Volt Switch|p2a: Clefable
|-damage|p2a: Clefable|37/100 tox
|
|t:|1757870175
|switch|p1a: Gholdengo|Gholdengo, shiny|30/100 brn|[from] Volt Switch
|-damage|p1a: Gholdengo|24/100 brn|[from] Stealth Rock
|
|-heal|p2a: Clefable|100/100 tox|[from] move: Wish|[wisher] Mamambou
|-damage|p1a: Gholdengo|18/100 brn|[from] brn
|upkeep
|turn|88
|
|t:|1757870182
|move|p1a: Gholdengo|Make It Rain|p2a: Clefable
|-supereffective|p2a: Clefable
|-damage|p2a: Clefable|0 fnt
|-unboost|p1a: Gholdengo|spa|1
|faint|p2a: Clefable
|
|-damage|p1a: Gholdengo|12/100 brn|[from] brn
|upkeep
|
|t:|1757870195
|switch|p2a: B-2 Spirit|Dragapult, M|100/100
|-damage|p2a: B-2 Spirit|88/100|[from] Stealth Rock
|turn|89
|
|t:|1757870201
|move|p1a: Gholdengo|Make It Rain|p2a: B-2 Spirit
|-damage|p2a: B-2 Spirit|31/100
|-unboost|p1a: Gholdengo|spa|1
|move|p2a: B-2 Spirit|Shadow Ball|p1a: Gholdengo
|-supereffective|p1a: Gholdengo
|-damage|p1a: Gholdengo|0 fnt
|faint|p1a: Gholdengo
|
|upkeep
|
|t:|1757870211
|switch|p1a: Toxapex|Toxapex, F|100/100 brn
|-damage|p1a: Toxapex|88/100 brn|[from] Stealth Rock
|turn|90
|
|t:|1757870217
|switch|p2a: Mamambou|Alomomola, F|100/100
|-damage|p2a: Mamambou|88/100|[from] Stealth Rock
|move|p1a: Toxapex|Toxic|p2a: Mamambou
|-status|p2a: Mamambou|tox
|
|-heal|p1a: Toxapex|94/100 brn|[from] item: Black Sludge
|-damage|p2a: Mamambou|82/100 tox|[from] psn
|-damage|p1a: Toxapex|88/100 brn|[from] brn
|upkeep
|turn|91
|
|t:|1757870228
|move|p2a: Mamambou|Wish|p2a: Mamambou
|move|p1a: Toxapex|Liquidation|p2a: Mamambou
|-resisted|p2a: Mamambou
|-damage|p2a: Mamambou|79/100 tox
|-damage|p1a: Toxapex|72/100 brn|[from] item: Rocky Helmet|[of] p2a: Mamambou
|
|-heal|p1a: Toxapex|78/100 brn|[from] item: Black Sludge
|-damage|p2a: Mamambou|67/100 tox|[from] psn
|-damage|p1a: Toxapex|72/100 brn|[from] brn
|upkeep
|turn|92
|
|t:|1757870241
|switch|p2a: Mihawk|Kingambit, M|70/100
|-damage|p2a: Mihawk|64/100|[from] Stealth Rock
|-activate|p2a: Mihawk|ability: Supreme Overlord
|-start|p2a: Mihawk|fallen1|[silent]
|move|p1a: Toxapex|Toxic|p2a: Mihawk
|-immune|p2a: Mihawk
|
|-heal|p2a: Mihawk|100/100|[from] move: Wish|[wisher] Mamambou
|-heal|p1a: Toxapex|78/100 brn|[from] item: Black Sludge
|-damage|p1a: Toxapex|72/100 brn|[from] brn
|upkeep
|turn|93
|
|t:|1757870258
|switch|p1a: Corviknight|Corviknight, M, shiny|95/100
|-damage|p1a: Corviknight|83/100|[from] Stealth Rock
|-ability|p1a: Corviknight|Pressure
|move|p2a: Mihawk|Kowtow Cleave|p1a: Corviknight
|-damage|p1a: Corviknight|44/100
|-damage|p2a: Mihawk|84/100|[from] item: Rocky Helmet|[of] p1a: Corviknight
|
|upkeep
|turn|94
|
|t:|1757870269
|-end|p2a: Mihawk|fallen1|[silent]
|switch|p2a: Mamambou|Alomomola, F|99/100 tox
|-damage|p2a: Mamambou|88/100 tox|[from] Stealth Rock
|move|p1a: Corviknight|Roost|p1a: Corviknight
|-heal|p1a: Corviknight|94/100
|-singleturn|p1a: Corviknight|move: Roost
|
|-damage|p2a: Mamambou|82/100 tox|[from] psn
|upkeep
|turn|95
|
|t:|1757870278
|move|p1a: Corviknight|Defog|p2a: Mamambou
|-unboost|p2a: Mamambou|evasion|1
|-sideend|p2: Portguitas|Stealth Rock|[from] move: Defog|[of] p1a: Corviknight
|-sideend|p1: fac4|Stealth Rock|[from] move: Defog|[of] p1a: Corviknight
|move|p2a: Mamambou|Wish|p2a: Mamambou
|
|-damage|p2a: Mamambou|69/100 tox|[from] psn
|upkeep
|turn|96
|
|t:|1757870286
|move|p1a: Corviknight|Brave Bird|p2a: Mamambou
|-damage|p2a: Mamambou|50/100 tox
|-damage|p1a: Corviknight|78/100|[from] item: Rocky Helmet|[of] p2a: Mamambou
|-damage|p1a: Corviknight|69/100|[from] Recoil
|move|p2a: Mamambou|Scald|p1a: Corviknight
|-damage|p1a: Corviknight|58/100
|
|-heal|p2a: Mamambou|99/100 tox|[from] move: Wish|[wisher] Mamambou
|-damage|p2a: Mamambou|81/100 tox|[from] psn
|upkeep
|turn|97
|
|t:|1757870297
|move|p1a: Corviknight|Roost|p1a: Corviknight
|-heal|p1a: Corviknight|100/100
|-singleturn|p1a: Corviknight|move: Roost
|move|p2a: Mamambou|Wish|p2a: Mamambou
|
|-damage|p2a: Mamambou|56/100 tox|[from] psn
|upkeep
|turn|98
|
|t:|1757870312
|switch|p1a: Rotom|Rotom-Wash, shiny|69/100 brn
|switch|p2a: Garp|Rillaboom, M|40/100
|-fieldstart|move: Grassy Terrain|[from] ability: Grassy Surge|[of] p2a: Garp
|
|-heal|p2a: Garp|100/100|[from] move: Wish|[wisher] Mamambou
|-heal|p1a: Rotom|75/100 brn|[from] item: Leftovers
|-damage|p1a: Rotom|69/100 brn|[from] brn
|upkeep
|turn|99
|
|t:|1757870323
|switch|p1a: Corviknight|Corviknight, M, shiny|100/100
|-ability|p1a: Corviknight|Pressure
|move|p2a: Garp|Grassy Glide|p1a: Corviknight
|-resisted|p1a: Corviknight
|-damage|p1a: Corviknight|90/100
|-damage|p2a: Garp|84/100|[from] item: Rocky Helmet|[of] p1a: Corviknight
|
|-heal|p2a: Garp|90/100|[from] Grassy Terrain
|upkeep
|turn|100
|
|t:|1757870334
|switch|p2a: Mamambou|Alomomola, F|90/100 tox
|move|p1a: Corviknight|Brave Bird|p2a: Mamambou
|-damage|p2a: Mamambou|71/100 tox
|-damage|p1a: Corviknight|74/100|[from] item: Rocky Helmet|[of] p2a: Mamambou
|-damage|p1a: Corviknight|65/100|[from] Recoil
|
|-heal|p2a: Mamambou|77/100 tox|[from] Grassy Terrain
|-damage|p2a: Mamambou|71/100 tox|[from] psn
|upkeep
|turn|101
|
|t:|1757870345
|move|p1a: Corviknight|Brave Bird|p2a: Mamambou
|-damage|p2a: Mamambou|51/100 tox
|-damage|p1a: Corviknight|49/100|[from] item: Rocky Helmet|[of] p2a: Mamambou
|-damage|p1a: Corviknight|40/100|[from] Recoil
|move|p2a: Mamambou|Wish|p2a: Mamambou
|
|-heal|p2a: Mamambou|57/100 tox|[from] Grassy Terrain
|-damage|p2a: Mamambou|45/100 tox|[from] psn
|upkeep
|turn|102
|
|t:|1757870356
|move|p1a: Corviknight|Roost|p1a: Corviknight
|-heal|p1a: Corviknight|90/100
|-singleturn|p1a: Corviknight|move: Roost
|move|p2a: Mamambou|Scald|p1a: Corviknight
|-damage|p1a: Corviknight|77/100
|-status|p1a: Corviknight|brn
|
|-heal|p2a: Mamambou|95/100 tox|[from] move: Wish|[wisher] Mamambou
|-heal|p1a: Corviknight|84/100 brn|[from] Grassy Terrain
|-heal|p2a: Mamambou|100/100 tox|[from] Grassy Terrain
|-damage|p2a: Mamambou|82/100 tox|[from] psn
|-damage|p1a: Corviknight|77/100 brn|[from] brn
|-fieldend|move: Grassy Terrain
|upkeep
|turn|103
|
|t:|1757870371
|switch|p1a: Rotom|Rotom-Wash, shiny|69/100 brn
|move|p2a: Mamambou|Wish|p2a: Mamambou
|
|-heal|p1a: Rotom|75/100 brn|[from] item: Leftovers
|-damage|p2a: Mamambou|57/100 tox|[from] psn
|-damage|p1a: Rotom|69/100 brn|[from] brn
|upkeep
|turn|104
|
|t:|1757870385
|switch|p2a: B-2 Spirit|Dragapult, M|31/100
|move|p1a: Rotom|Volt Switch|p2a: B-2 Spirit
|-resisted|p2a: B-2 Spirit
|-damage|p2a: B-2 Spirit|13/100
|
|t:|1757870388
|switch|p1a: Toxapex|Toxapex, F|100/100 brn|[from] Volt Switch
|
|-heal|p2a: B-2 Spirit|98/100|[from] move: Wish|[wisher] Mamambou
|-damage|p1a: Toxapex|94/100 brn|[from] brn
|upkeep
|turn|105
|
|t:|1757870398
|move|p2a: B-2 Spirit|U-turn|p1a: Toxapex
|-resisted|p1a: Toxapex
|-damage|p1a: Toxapex|89/100 brn
|
|t:|1757870403
|switch|p2a: Mihawk|Kingambit, M|84/100|[from] U-turn
|-activate|p2a: Mihawk|ability: Supreme Overlord
|-start|p2a: Mihawk|fallen1|[silent]
|move|p1a: Toxapex|Toxic|p2a: Mihawk
|-immune|p2a: Mihawk
|
|-heal|p1a: Toxapex|95/100 brn|[from] item: Black Sludge
|-damage|p1a: Toxapex|89/100 brn|[from] brn
|upkeep
|turn|106
|
|t:|1757870414
|switch|p1a: Corviknight|Corviknight, M, shiny|77/100 brn
|-ability|p1a: Corviknight|Pressure
|move|p2a: Mihawk|Swords Dance|p2a: Mihawk
|-boost|p2a: Mihawk|atk|2
|
|-damage|p1a: Corviknight|71/100 brn|[from] brn
|upkeep
|turn|107
|
|t:|1757870422
|move|p2a: Mihawk|Sucker Punch|p1a: Corviknight
|-damage|p1a: Corviknight|18/100 brn
|-damage|p2a: Mihawk|68/100|[from] item: Rocky Helmet|[of] p1a: Corviknight
|move|p1a: Corviknight|Body Press|p2a: Mihawk
|-supereffective|p2a: Mihawk
|-damage|p2a: Mihawk|28/100
|
|-damage|p1a: Corviknight|11/100 brn|[from] brn
|upkeep
|turn|108
|
|t:|1757870431
|move|p2a: Mihawk|Kowtow Cleave|p1a: Corviknight
|-damage|p1a: Corviknight|0 fnt
|-damage|p2a: Mihawk|12/100|[from] item: Rocky Helmet|[of] p1a: Corviknight
|faint|p1a: Corviknight
|
|upkeep
|c|☆fac4|Bueno gg
|c|☆fac4|Q cagada lo de la hatteren
|-message|fac4 forfeited.
|
|win|Portguitas
|l|☆fac4
|player|p1|
