|j|☆cr aries
|j|☆potayo
|t:|1757870636
|gametype|singles
|player|p1|cr aries|101|1621
|player|p2|potayo|2|1639
|gen|9
|tier|[Gen 9] OU
|rated|
|rule|HP Percentage Mod: HP is shown in percentages
|rule|Endless Battle Clause: Forcing endless battles is banned
|rule|Species Clause: Limit one of each Pokémon
|rule|OHKO Clause: OHKO moves are banned
|rule|Evasion Items Clause: Evasion items are banned
|rule|Evasion Moves Clause: Evasion moves are banned
|rule|Evasion Abilities Clause: Evasion abilities are banned
|rule|Sleep Moves Clause: Sleep-inducing moves are banned
|clearpoke
|poke|p1|Weavile, F|
|poke|p1|Gholdengo|
|poke|p1|Slowking-Galar, F|
|poke|p1|Corviknight, F|
|poke|p1|Sandy Shocks|
|poke|p1|Heatran, M|
|poke|p2|Mimikyu, M|
|poke|p2|Cresselia, F|
|poke|p2|Hatterene, F|
|poke|p2|Hoopa-Unbound|
|poke|p2|Rabsca, M|
|poke|p2|Kingambit, M|
|teampreview
|j| GirlFromBetelgeuse
|inactive|Battle timer is ON: inactive players will automatically lose when time's up. (requested by cr aries)
|
|t:|1757870663
|teamsize|p1|6
|teamsize|p2|6
|start
|switch|p1a: Heatran|Heatran, M|100/100
|switch|p2a: Kingambit|Kingambit, M|100/100
|turn|1
|
|t:|1757870674
|move|p1a: Heatran|Magma Storm|p2a: Kingambit
|-supereffective|p2a: Kingambit
|-damage|p2a: Kingambit|20/100
|-activate|p2a: Kingambit|move: Magma Storm|[of] p1a: Heatran
|move|p2a: Kingambit|Low Kick|p1a: Heatran
|-supereffective|p1a: Heatran
|-crit|p1a: Heatran
|-damage|p1a: Heatran|0 fnt
|faint|p1a: Heatran
|
|-end|p2a: Kingambit|Magma Storm|[partiallytrapped]|[silent]
|upkeep
|
|t:|1757870680
|switch|p1a: Weavile|Weavile, F|100/100
|turn|2
|
|t:|1757870692
|-end|p2a: Kingambit|fallenundefined|[silent]
|switch|p2a: Hatterene|Hatterene, F|100/100
|move|p1a: Weavile|Low Kick|p2a: Hatterene
|-resisted|p2a: Hatterene
|-damage|p2a: Hatterene|99/100
|
|upkeep
|turn|3
|
|t:|1757870703
|move|p1a: Weavile|Knock Off|p2a: Hatterene
|-damage|p2a: Hatterene|63/100
|-enditem|p2a: Hatterene|Focus Sash|[from] move: Knock Off|[of] p1a: Weavile
|move|p2a: Hatterene|Trick Room|p2a: Hatterene
|-fieldstart|move: Trick Room|[of] p2a: Hatterene
|
|upkeep
|turn|4
|
|t:|1757870708
|switch|p1a: Corviknight|Corviknight, F|100/100
|-ability|p1a: Corviknight|Pressure
|move|p2a: Hatterene|Healing Wish|p2a: Hatterene
|faint|p2a: Hatterene
|
|upkeep
|
|t:|1757870735
|switch|p2a: Rabsca|Rabsca, M|100/100
|turn|5
|
|t:|1757870765
|move|p2a: Rabsca|Revival Blessing|p2a: Rabsca
|-enditem|p2a: Rabsca|Leppa Berry|[eat]
|-activate|p2a: Rabsca|item: Leppa Berry|Revival Blessing|[consumed]
|
|t:|1757870768
|-heal|p2: Hatterene|50/100|[from] move: Revival Blessing
|move|p1a: Corviknight|Brave Bird|p2a: Rabsca
|-supereffective|p2a: Rabsca
|-damage|p2a: Rabsca|46/100
|-damage|p1a: Corviknight|84/100|[from] Recoil
|
|upkeep
|turn|6
|
|t:|1757870787
|switch|p2a: Hatterene|Hatterene, F|50/100
|-heal|p2a: Hatterene|100/100|[from] move: Healing Wish
|move|p1a: Corviknight|Brave Bird|p2a: Hatterene
|-damage|p2a: Hatterene|70/100
|-damage|p1a: Corviknight|76/100|[from] Recoil
|
|upkeep
|turn|7
|inactive|cr aries has 120 seconds left.
|inactive|cr aries has 90 seconds left.
|
|t:|1757870843
|move|p2a: Hatterene|Psychic Noise|p1a: Corviknight
|-resisted|p1a: Corviknight
|-damage|p1a: Corviknight|60/100
|-start|p1a: Corviknight|move: Heal Block
|cant|p1a: Corviknight|move: Heal Block|Roost
|
|-fieldend|move: Trick Room
|upkeep
|turn|8
|
|t:|1757870854
|move|p1a: Corviknight|U-turn|p2a: Hatterene
|-damage|p2a: Hatterene|58/100
|
|t:|1757870857
|switch|p1a: Gholdengo|Gholdengo|100/100|[from] U-turn
|move|p2a: Hatterene|Trick Room|p2a: Hatterene
|-fieldstart|move: Trick Room|[of] p2a: Hatterene
|
|upkeep
|turn|9
|inactive|potayo has 120 seconds left.
|
|t:|1757870912
|move|p2a: Hatterene|Healing Wish|p2a: Hatterene
|faint|p2a: Hatterene
|move|p1a: Gholdengo|Nasty Plot|p1a: Gholdengo
|-boost|p1a: Gholdengo|spa|2
|
|upkeep
|inactive|potayo has 90 seconds left.
|
|t:|1757870932
|switch|p2a: Hoopa|Hoopa-Unbound|100/100
|turn|10
|inactive|cr aries has 120 seconds left.
|
|t:|1757870964
|switch|p1a: Corviknight|Corviknight, F|60/100
|-ability|p1a: Corviknight|Pressure
|move|p2a: Hoopa|Hyperspace Fury|p1a: Corviknight
|-damage|p1a: Corviknight|28/100
|-unboost|p2a: Hoopa|def|1
|
|upkeep
|turn|11
|inactive|cr aries has 90 seconds left.
|inactive|potayo has 90 seconds left.
|
|t:|1757870985
|switch|p1a: Weavile|Weavile, F|100/100
|switch|p2a: Kingambit|Kingambit, M|20/100
|-heal|p2a: Kingambit|100/100|[from] move: Healing Wish
|-activate|p2a: Kingambit|ability: Supreme Overlord
|-start|p2a: Kingambit|fallen2|[silent]
|
|upkeep
|turn|12
|inactive|potayo has 90 seconds left.
|inactive|cr aries has 90 seconds left.
|inactive|potayo has 60 seconds left.
|
|t:|1757871020
|switch|p1a: Corviknight|Corviknight, F|28/100
|-ability|p1a: Corviknight|Pressure
|move|p2a: Kingambit|Kowtow Cleave|p1a: Corviknight
|-damage|p1a: Corviknight|0 fnt
|-damage|p2a: Kingambit|84/100|[from] item: Rocky Helmet|[of] p1a: Corviknight
|faint|p1a: Corviknight
|
|-fieldend|move: Trick Room
|upkeep
|
|t:|1757871029
|switch|p1a: Weavile|Weavile, F|100/100
|turn|13
|inactive|potayo has 60 seconds left.
|inactive|potayo has 30 seconds left.
|
|t:|1757871075
|-end|p2a: Kingambit|fallen2|[silent]
|switch|p2a: Cresselia|Cresselia, F|100/100
|move|p1a: Weavile|Knock Off|p2a: Cresselia
|-supereffective|p2a: Cresselia
|-damage|p2a: Cresselia|49/100
|-damage|p1a: Weavile|84/100|[from] item: Rocky Helmet|[of] p2a: Cresselia
|-enditem|p2a: Cresselia|Rocky Helmet|[from] move: Knock Off|[of] p1a: Weavile
|
|upkeep
|turn|14
|
|t:|1757871082
|move|p1a: Weavile|Knock Off|p2a: Cresselia
|-supereffective|p2a: Cresselia
|-damage|p2a: Cresselia|18/100
|move|p2a: Cresselia|Moonlight|p2a: Cresselia
|-heal|p2a: Cresselia|68/100
|
|upkeep
|turn|15
|
|t:|1757871090
|switch|p1a: Gholdengo|Gholdengo|100/100
|move|p2a: Cresselia|Trick Room|p2a: Cresselia
|-fieldstart|move: Trick Room|[of] p2a: Cresselia
|
|upkeep
|turn|16
|
|t:|1757871105
|switch|p2a: Kingambit|Kingambit, M|84/100
|-activate|p2a: Kingambit|ability: Supreme Overlord
|-start|p2a: Kingambit|fallen2|[silent]
|move|p1a: Gholdengo|Nasty Plot|p1a: Gholdengo
|-boost|p1a: Gholdengo|spa|2
|
|upkeep
|turn|17
|
|t:|1757871113
|-terastallize|p1a: Gholdengo|Fighting
|move|p2a: Kingambit|Iron Head|p1a: Gholdengo
|-damage|p1a: Gholdengo|44/100
|move|p1a: Gholdengo|Tera Blast|p2a: Kingambit|[anim] Tera Blast Fighting
|-supereffective|p2a: Kingambit
|-damage|p2a: Kingambit|0 fnt
|faint|p2a: Kingambit
|-end|p2a: Kingambit|fallen2|[silent]
|
|upkeep
|
|t:|1757871127
|switch|p2a: Rabsca|Rabsca, M|46/100
|turn|18
|
|t:|1757871135
|switch|p1a: Slowking|Slowking-Galar, F|100/100
|move|p2a: Rabsca|Psychic Noise|p1a: Slowking
|-crit|p1a: Slowking
|-damage|p1a: Slowking|76/100
|-start|p1a: Slowking|move: Heal Block
|
|upkeep
|turn|19
|
|t:|1757871140
|move|p2a: Rabsca|Revival Blessing|p2a: Rabsca
|
|t:|1757871142
|-heal|p2: Kingambit|50/100|[from] move: Revival Blessing
|move|p1a: Slowking|Toxic Spikes|p2a: Rabsca
|-sidestart|p2: potayo|move: Toxic Spikes
|
|-end|p1a: Slowking|move: Heal Block
|-fieldend|move: Trick Room
|upkeep
|turn|20
|
|t:|1757871150
|-prepare|p1a: Slowking|Chilly Reception|[premajor]
|move|p1a: Slowking|Chilly Reception|p1a: Slowking
|-weather|Snowscape
|
|t:|1757871153
|switch|p1a: Weavile|Weavile, F|84/100|[from] Chilly Reception
|move|p2a: Rabsca|Trick Room|p2a: Rabsca
|-fieldstart|move: Trick Room|[of] p2a: Rabsca
|
|-weather|Snowscape|[upkeep]
|upkeep
|turn|21
|
|t:|1757871162
|switch|p1a: Slowking|Slowking-Galar, F|100/100
|move|p2a: Rabsca|Memento|p1a: Slowking
|-unboost|p1a: Slowking|atk|2
|-unboost|p1a: Slowking|spa|2
|faint|p2a: Rabsca
|
|-weather|Snowscape|[upkeep]
|upkeep
|
|t:|1757871167
|switch|p2a: Kingambit|Kingambit, M|50/100
|-activate|p2a: Kingambit|ability: Supreme Overlord
|-start|p2a: Kingambit|fallen4|[silent]
|turn|22
|inactive|potayo has 90 seconds left.
|
|t:|1757871183
|-terastallize|p2a: Kingambit|Dark
|-prepare|p1a: Slowking|Chilly Reception|[premajor]
|move|p1a: Slowking|Chilly Reception|p1a: Slowking
|
|t:|1757871199
|switch|p1a: Sandy Shocks|Sandy Shocks|100/100|[from] Chilly Reception
|-enditem|p1a: Sandy Shocks|Booster Energy
|-activate|p1a: Sandy Shocks|ability: Protosynthesis|[fromitem]
|-start|p1a: Sandy Shocks|protosynthesisspe
|move|p2a: Kingambit|Kowtow Cleave|p1a: Sandy Shocks
|-damage|p1a: Sandy Shocks|0 fnt
|faint|p1a: Sandy Shocks
|-end|p1a: Sandy Shocks|Protosynthesis|[silent]
|
|-weather|Snowscape|[upkeep]
|upkeep
|
|t:|1757871206
|switch|p1a: Slowking|Slowking-Galar, F|100/100
|turn|23
|inactive|potayo has 90 seconds left.
|
|t:|1757871245
|-end|p2a: Kingambit|fallen4|[silent]
|switch|p2a: Mimikyu|Mimikyu, M|100/100
|-status|p2a: Mimikyu|psn
|move|p1a: Slowking|Sludge Bomb|p2a: Mimikyu
|-activate|p2a: Mimikyu|ability: Disguise
|-damage|p2a: Mimikyu|100/100 psn
|detailschange|p2a: Mimikyu|Mimikyu-Busted, M
|-damage|p2a: Mimikyu|88/100 psn|[from] pokemon: Mimikyu-Busted
|-enditem|p2a: Mimikyu|Red Card|[of] p1a: Slowking
|drag|p1a: Gholdengo|Gholdengo, tera:Fighting|44/100
|
|-weather|Snowscape|[upkeep]
|-damage|p2a: Mimikyu|76/100 psn|[from] psn
|upkeep
|turn|24
|
|t:|1757871254
|move|p2a: Mimikyu|Destiny Bond|p2a: Mimikyu
|-singlemove|p2a: Mimikyu|Destiny Bond
|move|p1a: Gholdengo|Recover|p1a: Gholdengo
|-heal|p1a: Gholdengo|94/100
|
|-weather|none
|-damage|p2a: Mimikyu|63/100 psn|[from] psn
|-fieldend|move: Trick Room
|upkeep
|turn|25
|
|t:|1757871264
|move|p1a: Gholdengo|Nasty Plot|p1a: Gholdengo
|-boost|p1a: Gholdengo|spa|2
|move|p2a: Mimikyu|Trick Room|p2a: Mimikyu
|-fieldstart|move: Trick Room|[of] p2a: Mimikyu
|
|-damage|p2a: Mimikyu|51/100 psn|[from] psn
|upkeep
|turn|26
|
|t:|1757871271
|switch|p2a: Hoopa|Hoopa-Unbound|100/100
|-status|p2a: Hoopa|psn
|move|p1a: Gholdengo|Recover|p1a: Gholdengo
|-heal|p1a: Gholdengo|100/100
|
|-damage|p2a: Hoopa|88/100 psn|[from] psn
|upkeep
|turn|27
|inactive|potayo has 90 seconds left.
|
|t:|1757871277
|move|p2a: Hoopa|Psychic Noise|p1a: Gholdengo
|-supereffective|p1a: Gholdengo
|-damage|p1a: Gholdengo|25/100
|move|p1a: Gholdengo|Tera Blast|p2a: Hoopa|[anim] Tera Blast Fighting
|-damage|p2a: Hoopa|51/100 psn
|
|-damage|p2a: Hoopa|38/100 psn|[from] psn
|upkeep
|-enditem|p2a: Hoopa|Sitrus Berry|[eat]
|-heal|p2a: Hoopa|63/100 psn|[from] item: Sitrus Berry
|turn|28
|inactive|potayo has 90 seconds left.
|
|t:|1757871288
|move|p2a: Hoopa|Hyperspace Fury|p1a: Gholdengo
|-resisted|p1a: Gholdengo
|-damage|p1a: Gholdengo|9/100
|-unboost|p2a: Hoopa|def|1
|-item|p2a: Hoopa|Covert Cloak|[from] ability: Magician|[of] p1a: Gholdengo
|move|p1a: Gholdengo|Recover|p1a: Gholdengo
|-heal|p1a: Gholdengo|59/100
|
|-damage|p2a: Hoopa|51/100 psn|[from] psn
|upkeep
|turn|29
|
|t:|1757871296
|move|p2a: Hoopa|Psychic Noise|p1a: Gholdengo
|-supereffective|p1a: Gholdengo
|-damage|p1a: Gholdengo|0 fnt
|faint|p1a: Gholdengo
|
|-damage|p2a: Hoopa|39/100 psn|[from] psn
|-fieldend|move: Trick Room
|upkeep
|
|t:|1757871297
|switch|p1a: Weavile|Weavile, F|84/100
|turn|30
|
|t:|1757871301
|move|p1a: Weavile|Knock Off|p2a: Hoopa
|-damage|p2a: Hoopa|0 fnt
|-enditem|p2a: Hoopa|Covert Cloak|[from] move: Knock Off|[of] p1a: Weavile
|faint|p2a: Hoopa
|
|upkeep
|
|t:|1757871318
|switch|p2a: Mimikyu|Mimikyu-Busted, M|51/100 psn
|turn|31
|
|t:|1757871331
|move|p1a: Weavile|Triple Axel|p2a: Mimikyu
|-damage|p2a: Mimikyu|41/100 psn
|-damage|p2a: Mimikyu|25/100 psn
|-damage|p2a: Mimikyu|0 fnt
|faint|p2a: Mimikyu
|-hitcount|p2: Mimikyu|3
|
|upkeep
|
|t:|1757871336
|switch|p2a: Cresselia|Cresselia, F|68/100
|turn|32
|
|t:|1757871339
|move|p1a: Weavile|Knock Off|p2a: Cresselia
|-supereffective|p2a: Cresselia
|-crit|p2a: Cresselia
|-damage|p2a: Cresselia|17/100
|move|p2a: Cresselia|Trick Room|p2a: Cresselia
|-fieldstart|move: Trick Room|[of] p2a: Cresselia
|
|upkeep
|turn|33
|j| wgw2333
|
|t:|1757871343
|move|p2a: Cresselia|Lunar Dance|p2a: Cresselia
|faint|p2a: Cresselia
|move|p1a: Weavile|Knock Off|p2: Cresselia|[notarget]
|-fail|p1a: Weavile
|
|upkeep
|
|t:|1757871346
|switch|p2a: Kingambit|Kingambit, M, tera:Dark|50/100
|-heal|p2a: Kingambit|100/100|[from] move: Lunar Dance
|-status|p2a: Kingambit|psn
|-activate|p2a: Kingambit|ability: Supreme Overlord
|-start|p2a: Kingambit|fallen5|[silent]
|turn|34
|l| wgw2333
|
|t:|1757871352
|move|p2a: Kingambit|Kowtow Cleave|p1a: Weavile
|-resisted|p1a: Weavile
|-damage|p1a: Weavile|0 fnt
|faint|p1a: Weavile
|
|-damage|p2a: Kingambit|88/100 psn|[from] psn
|upkeep
|
|t:|1757871356
|switch|p1a: Slowking|Slowking-Galar, F|100/100
|turn|35
|
|t:|1757871357
|move|p1a: Slowking|Sludge Bomb|p2a: Kingambit
|-damage|p2a: Kingambit|55/100 psn
|move|p2a: Kingambit|Kowtow Cleave|p1a: Slowking
|-supereffective|p1a: Slowking
|-damage|p1a: Slowking|0 fnt
|faint|p1a: Slowking
|
|win|potayo
|raw|cr aries's rating: 1621 &rarr; <strong>1602</strong><br />(-19 for losing)
|raw|potayo's rating: 1639 &rarr; <strong>1658</strong><br />(+19 for winning)
|l|☆cr aries
|player|p1|
|l|☆potayo
|player|p2|
|c| GirlFromBetelgeuse|oh damn. i went to cook and this game still going on?
