|j|☆vaynete
|j|☆YoshiJF
|t:|1757843290
|gametype|singles
|player|p1|vaynete|winona|1334
|player|p2|YoshiJF|alder|1339
|gen|9
|tier|[Gen 9] OU
|rated|
|rule|HP Percentage Mod: HP is shown in percentages
|rule|Endless Battle Clause: Forcing endless battles is banned
|rule|Species Clause: Limit one of each Pokémon
|rule|OHKO Clause: OHKO moves are banned
|rule|Evasion Items Clause: Evasion items are banned
|rule|Evasion Moves Clause: Evasion moves are banned
|rule|Evasion Abilities Clause: Evasion abilities are banned
|rule|Sleep Moves Clause: Sleep-inducing moves are banned
|clearpoke
|poke|p1|Ogerpon-Wellspring, F|
|poke|p1|Kingambit, F|
|poke|p1|Landorus-Therian, M|
|poke|p1|Glimmora, M|
|poke|p1|Dragapult, F|
|poke|p1|Iron Valiant|
|poke|p2|Rillaboom, F|
|poke|p2|Zarude|
|poke|p2|Infernape, F|
|poke|p2|Grafaiai, M|
|poke|p2|Munkidori, M|
|poke|p2|Klefki, F|
|teampreview
|inactive|Battle timer is ON: inactive players will automatically lose when time's up. (requested by vaynete)
|
|t:|1757843298
|teamsize|p1|6
|teamsize|p2|6
|start
|switch|p1a: Landorus|Landorus-Therian, M|100/100
|switch|p2a: MON "KEY"|Klefki, F|100/100
|-ability|p1a: Landorus|Intimidate|boost
|-unboost|p2a: MON "KEY"|atk|1
|turn|1
|
|t:|1757843306
|move|p2a: MON "KEY"|Reflect|p2a: MON "KEY"
|-sidestart|p2: YoshiJF|Reflect
|move|p1a: Landorus|Taunt|p2a: MON "KEY"
|-start|p2a: MON "KEY"|move: Taunt
|
|upkeep
|turn|2
|
|t:|1757843308
|move|p1a: Landorus|Stealth Rock|p2a: MON "KEY"
|-sidestart|p2: YoshiJF|move: Stealth Rock
|move|p2a: MON "KEY"|Play Rough|p1a: Landorus
|-crit|p1a: Landorus
|-damage|p1a: Landorus|61/100
|-damage|p2a: MON "KEY"|84/100|[from] item: Rocky Helmet|[of] p1a: Landorus
|
|upkeep
|turn|3
|
|t:|1757843319
|switch|p2a: grassMONKEY|Rillaboom, F|100/100
|-damage|p2a: grassMONKEY|88/100|[from] Stealth Rock
|-fieldstart|move: Grassy Terrain|[from] ability: Grassy Surge|[of] p2a: grassMONKEY
|move|p1a: Landorus|Earthquake|p2a: grassMONKEY
|-resisted|p2a: grassMONKEY
|-damage|p2a: grassMONKEY|82/100
|
|-heal|p2a: grassMONKEY|88/100|[from] Grassy Terrain
|upkeep
|turn|4
|
|t:|1757843331
|move|p1a: Landorus|U-turn|p2a: grassMONKEY
|-supereffective|p2a: grassMONKEY
|-damage|p2a: grassMONKEY|66/100
|
|t:|1757843334
|switch|p1a: Dragapult|Dragapult, F|100/100|[from] U-turn
|move|p2a: grassMONKEY|U-turn|p1a: Dragapult
|-resisted|p1a: Dragapult
|-damage|p1a: Dragapult|85/100
|
|t:|1757843341
|switch|p2a: swampMONKEY|Grafaiai, M|100/100|[from] U-turn
|-damage|p2a: swampMONKEY|88/100|[from] Stealth Rock
|-enditem|p2a: swampMONKEY|Grassy Seed
|-boost|p2a: swampMONKEY|def|1|[from] item: Grassy Seed
|
|-heal|p2a: swampMONKEY|94/100|[from] Grassy Terrain
|-heal|p1a: Dragapult|91/100|[from] Grassy Terrain
|upkeep
|turn|5
|
|t:|1757843355
|move|p2a: swampMONKEY|Swords Dance|p2a: swampMONKEY
|-boost|p2a: swampMONKEY|atk|2
|move|p1a: Dragapult|Draco Meteor|p2a: swampMONKEY|[miss]
|-miss|p1a: Dragapult|p2a: swampMONKEY
|
|-heal|p2a: swampMONKEY|99/100|[from] Grassy Terrain
|-heal|p1a: Dragapult|97/100|[from] Grassy Terrain
|upkeep
|turn|6
|
|t:|1757843360
|-terastallize|p2a: swampMONKEY|Ghost
|move|p2a: swampMONKEY|Shadow Claw|p1a: Dragapult
|-supereffective|p1a: Dragapult
|-damage|p1a: Dragapult|0 fnt
|faint|p1a: Dragapult
|
|-heal|p2a: swampMONKEY|100/100|[from] Grassy Terrain
|upkeep
|
|t:|1757843373
|switch|p1a: Landorus|Landorus-Therian, M|61/100
|-ability|p1a: Landorus|Intimidate|boost
|-unboost|p2a: swampMONKEY|atk|1
|turn|7
|
|t:|1757843379
|move|p2a: swampMONKEY|Swords Dance|p2a: swampMONKEY
|-boost|p2a: swampMONKEY|atk|2
|move|p1a: Landorus|U-turn|p2a: swampMONKEY
|-resisted|p2a: swampMONKEY
|-damage|p2a: swampMONKEY|94/100
|
|t:|1757843388
|switch|p1a: Glimmora|Glimmora, M|100/100|[from] U-turn
|
|-heal|p2a: swampMONKEY|99/100|[from] Grassy Terrain
|upkeep
|turn|8
|
|t:|1757843400
|switch|p1a: Landorus|Landorus-Therian, M|61/100
|-ability|p1a: Landorus|Intimidate|boost
|-unboost|p2a: swampMONKEY|atk|1
|move|p2a: swampMONKEY|Shadow Claw|p1a: Landorus
|-damage|p1a: Landorus|0 fnt
|-damage|p2a: swampMONKEY|84/100|[from] item: Rocky Helmet|[of] p1a: Landorus
|faint|p1a: Landorus
|
|-heal|p2a: swampMONKEY|90/100|[from] Grassy Terrain
|-sideend|p2: YoshiJF|Reflect
|upkeep
|
|t:|1757843403
|switch|p1a: Kingambit|Kingambit, F|100/100
|-activate|p1a: Kingambit|ability: Supreme Overlord
|-start|p1a: Kingambit|fallen2|[silent]
|turn|9
|
|t:|1757843410
|move|p2a: swampMONKEY|Knock Off|p1a: Kingambit
|-resisted|p1a: Kingambit
|-damage|p1a: Kingambit|81/100
|-enditem|p1a: Kingambit|Leftovers|[from] move: Knock Off|[of] p2a: swampMONKEY
|move|p1a: Kingambit|Kowtow Cleave|p2a: swampMONKEY
|-supereffective|p2a: swampMONKEY
|-damage|p2a: swampMONKEY|0 fnt
|faint|p2a: swampMONKEY
|
|-heal|p1a: Kingambit|87/100|[from] Grassy Terrain
|upkeep
|
|t:|1757843418
|switch|p2a: firefighterMONKEY|Infernape, F|100/100
|-damage|p2a: firefighterMONKEY|88/100|[from] Stealth Rock
|turn|10
|
|t:|1757843424
|-end|p1a: Kingambit|fallen2|[silent]
|switch|p1a: Glimmora|Glimmora, M|100/100
|move|p2a: firefighterMONKEY|Overheat|p1a: Glimmora
|-resisted|p1a: Glimmora
|-damage|p1a: Glimmora|60/100
|-unboost|p2a: firefighterMONKEY|spa|2
|-damage|p2a: firefighterMONKEY|78/100|[from] item: Life Orb
|
|-heal|p2a: firefighterMONKEY|84/100|[from] Grassy Terrain
|-heal|p1a: Glimmora|66/100|[from] Grassy Terrain
|-fieldend|move: Grassy Terrain
|upkeep
|turn|11
|
|t:|1757843428
|move|p2a: firefighterMONKEY|Earthquake|p1a: Glimmora
|-supereffective|p1a: Glimmora
|-damage|p1a: Glimmora|0 fnt
|-activate|p1a: Glimmora|ability: Toxic Debris
|-sidestart|p2: YoshiJF|move: Toxic Spikes
|faint|p1a: Glimmora
|-damage|p2a: firefighterMONKEY|75/100|[from] item: Life Orb
|
|upkeep
|
|t:|1757843431
|switch|p1a: Ogerpon|Ogerpon-Wellspring, F|100/100
|turn|12
|
|t:|1757843444
|switch|p2a: MON "KEY"|Klefki, F|84/100
|-damage|p2a: MON "KEY"|78/100|[from] Stealth Rock
|move|p1a: Ogerpon|Play Rough|p2a: MON "KEY"
|-resisted|p2a: MON "KEY"
|-damage|p2a: MON "KEY"|63/100
|
|upkeep
|turn|13
|
|t:|1757843451
|move|p2a: MON "KEY"|Reflect|p2a: MON "KEY"
|-sidestart|p2: YoshiJF|Reflect
|move|p1a: Ogerpon|Ivy Cudgel|p2a: MON "KEY"|[anim] Ivy Cudgel Water
|-damage|p2a: MON "KEY"|38/100
|
|upkeep
|turn|14
|
|t:|1757843456
|switch|p1a: Kingambit|Kingambit, F|87/100
|-activate|p1a: Kingambit|ability: Supreme Overlord
|-start|p1a: Kingambit|fallen3|[silent]
|move|p2a: MON "KEY"|Play Rough|p1a: Kingambit
|-damage|p1a: Kingambit|69/100
|
|upkeep
|turn|15
|
|t:|1757843459
|move|p2a: MON "KEY"|Play Rough|p1a: Kingambit
|-damage|p1a: Kingambit|49/100
|move|p1a: Kingambit|Swords Dance|p1a: Kingambit
|-boost|p1a: Kingambit|atk|2
|
|upkeep
|turn|16
|
|t:|1757843462
|move|p2a: MON "KEY"|Play Rough|p1a: Kingambit
|-damage|p1a: Kingambit|29/100
|move|p1a: Kingambit|Swords Dance|p1a: Kingambit
|-boost|p1a: Kingambit|atk|2
|
|upkeep
|turn|17
|
|t:|1757843464
|move|p1a: Kingambit|Sucker Punch|p2a: MON "KEY"
|-resisted|p2a: MON "KEY"
|-damage|p2a: MON "KEY"|6/100
|move|p2a: MON "KEY"|Play Rough|p1a: Kingambit|[miss]
|-miss|p2a: MON "KEY"|p1a: Kingambit
|
|upkeep
|turn|18
|
|t:|1757843468
|move|p2a: MON "KEY"|Play Rough|p1a: Kingambit
|-damage|p1a: Kingambit|10/100
|move|p1a: Kingambit|Swords Dance|p1a: Kingambit
|-boost|p1a: Kingambit|atk|2
|
|upkeep
|turn|19
|
|t:|1757843471
|move|p1a: Kingambit|Sucker Punch|p2a: MON "KEY"
|-resisted|p2a: MON "KEY"
|-damage|p2a: MON "KEY"|0 fnt
|faint|p2a: MON "KEY"
|
|upkeep
|
|t:|1757843475
|switch|p2a: grassMONKEY|Rillaboom, F|66/100
|-damage|p2a: grassMONKEY|54/100|[from] Stealth Rock
|-status|p2a: grassMONKEY|psn
|-fieldstart|move: Grassy Terrain|[from] ability: Grassy Surge|[of] p2a: grassMONKEY
|turn|20
|
|t:|1757843481
|move|p2a: grassMONKEY|Grassy Glide|p1a: Kingambit
|-resisted|p1a: Kingambit
|-damage|p1a: Kingambit|0 fnt
|faint|p1a: Kingambit
|-end|p1a: Kingambit|fallen3|[silent]
|
|-heal|p2a: grassMONKEY|60/100 psn|[from] Grassy Terrain
|-damage|p2a: grassMONKEY|47/100 psn|[from] psn
|-sideend|p2: YoshiJF|Reflect
|upkeep
|
|t:|1757843491
|switch|p1a: Iron Valiant|Iron Valiant|100/100
|-enditem|p1a: Iron Valiant|Booster Energy
|-activate|p1a: Iron Valiant|ability: Quark Drive|[fromitem]
|-start|p1a: Iron Valiant|quarkdrivespe
|turn|21
|
|t:|1757843495
|-terastallize|p1a: Iron Valiant|Steel
|move|p1a: Iron Valiant|Swords Dance|p1a: Iron Valiant
|-boost|p1a: Iron Valiant|atk|2
|move|p2a: grassMONKEY|U-turn|p1a: Iron Valiant
|-resisted|p1a: Iron Valiant
|-damage|p1a: Iron Valiant|85/100
|
|t:|1757843514
|switch|p2a: wild-grassMONKEY|Zarude|100/100|[from] U-turn
|-damage|p2a: wild-grassMONKEY|88/100|[from] Stealth Rock
|-status|p2a: wild-grassMONKEY|psn
|
|-heal|p1a: Iron Valiant|91/100|[from] Grassy Terrain
|-heal|p2a: wild-grassMONKEY|94/100 psn|[from] Grassy Terrain
|-heal|p2a: wild-grassMONKEY|100/100 psn|[from] item: Leftovers
|-damage|p2a: wild-grassMONKEY|88/100 psn|[from] psn
|upkeep
|turn|22
|
|t:|1757843517
|move|p1a: Iron Valiant|Spirit Break|p2a: wild-grassMONKEY
|-supereffective|p2a: wild-grassMONKEY
|-damage|p2a: wild-grassMONKEY|0 fnt
|faint|p2a: wild-grassMONKEY
|
|-heal|p1a: Iron Valiant|97/100|[from] Grassy Terrain
|upkeep
|
|t:|1757843519
|switch|p2a: mindMONKEY|Munkidori, M|100/100
|-damage|p2a: mindMONKEY|88/100|[from] Stealth Rock
|-sideend|p2: YoshiJF|move: Toxic Spikes|[of] p2a: mindMONKEY
|turn|23
|
|t:|1757843524
|move|p1a: Iron Valiant|Knock Off|p2a: mindMONKEY
|-supereffective|p2a: mindMONKEY
|-damage|p2a: mindMONKEY|0 fnt
|-enditem|p2a: mindMONKEY|Choice Scarf|[from] move: Knock Off|[of] p1a: Iron Valiant
|faint|p2a: mindMONKEY
|
|-heal|p1a: Iron Valiant|100/100|[from] Grassy Terrain
|upkeep
|
|t:|1757843526
|switch|p2a: grassMONKEY|Rillaboom, F|47/100 psn
|-damage|p2a: grassMONKEY|35/100 psn|[from] Stealth Rock
|turn|24
|
|t:|1757843529
|move|p2a: grassMONKEY|Grassy Glide|p1a: Iron Valiant
|-resisted|p1a: Iron Valiant
|-damage|p1a: Iron Valiant|78/100
|move|p1a: Iron Valiant|Knock Off|p2a: grassMONKEY
|-damage|p2a: grassMONKEY|0 fnt
|-enditem|p2a: grassMONKEY|Terrain Extender|[from] move: Knock Off|[of] p1a: Iron Valiant
|faint|p2a: grassMONKEY
|
|-heal|p1a: Iron Valiant|85/100|[from] Grassy Terrain
|upkeep
|-message|YoshiJF forfeited.
|
|win|vaynete
|raw|vaynete's rating: 1334 &rarr; <strong>1353</strong><br />(+19 for winning)
|raw|YoshiJF's rating: 1319 &rarr; <strong>1300</strong><br />(-19 for losing)
|l|☆YoshiJF
|player|p2|
|l|☆vaynete
|player|p1|
