|j|☆Hyjack
|j|☆sanjywanjy
|t:|1757914227
|gametype|singles
|player|p1|Hyjack|cynthia-gen4|1265
|player|p2|sanjywanjy|skyla|1304
|gen|9
|tier|[Gen 9] OU
|rated|
|rule|HP Percentage Mod: HP is shown in percentages
|rule|Endless Battle Clause: Forcing endless battles is banned
|rule|Species Clause: Limit one of each Pokémon
|rule|OHKO Clause: OHKO moves are banned
|rule|Evasion Items Clause: Evasion items are banned
|rule|Evasion Moves Clause: Evasion moves are banned
|rule|Evasion Abilities Clause: Evasion abilities are banned
|rule|Sleep Moves Clause: Sleep-inducing moves are banned
|clearpoke
|poke|p1|Hydrapple, M|
|poke|p1|Primarina, F|
|poke|p1|Heatran, F|
|poke|p1|Thundurus, M|
|poke|p1|Great Tusk|
|poke|p1|Scizor, F|
|poke|p2|Dragapult, M|
|poke|p2|Slowking-Galar, F|
|poke|p2|Ogerpon-Wellspring, F|
|poke|p2|Ting-Lu|
|poke|p2|Iron Moth|
|poke|p2|Corviknight, M|
|teampreview
|
|t:|1757914233
|teamsize|p1|6
|teamsize|p2|6
|start
|switch|p1a: Heatran|Heatran, F|100/100
|switch|p2a: Ting-Lu|Ting-Lu|100/100
|-ability|p2a: Ting-Lu|Vessel of Ruin
|turn|1
|inactive|Battle timer is ON: inactive players will automatically lose when time's up. (requested by Hyjack)
|
|t:|1757914239
|move|p1a: Heatran|Stealth Rock|p2a: Ting-Lu
|-sidestart|p2: sanjywanjy|move: Stealth Rock
|move|p2a: Ting-Lu|Earthquake|p1a: Heatran
|-supereffective|p1a: Heatran
|-damage|p1a: Heatran|0 fnt
|faint|p1a: Heatran
|
|upkeep
|
|t:|1757914245
|switch|p1a: Primarina|Primarina, F|100/100
|turn|2
|
|t:|1757914252
|switch|p2a: Ogerpon|Ogerpon-Wellspring, F|100/100
|-damage|p2a: Ogerpon|88/100|[from] Stealth Rock
|move|p1a: Primarina|Whirlpool|p2a: Ogerpon
|-heal|p2a: Ogerpon|100/100|[from] ability: Water Absorb|[of] p1a: Primarina
|
|upkeep
|turn|3
|
|t:|1757914266
|switch|p1a: Hydrapple|Hydrapple, M|100/100
|move|p2a: Ogerpon|Swords Dance|p2a: Ogerpon
|-boost|p2a: Ogerpon|atk|2
|
|upkeep
|turn|4
|
|t:|1757914272
|move|p2a: Ogerpon|U-turn|p1a: Hydrapple
|-supereffective|p1a: Hydrapple
|-damage|p1a: Hydrapple|15/100
|
|t:|1757914280
|switch|p2a: Slowking|Slowking-Galar, F|100/100|[from] U-turn
|-damage|p2a: Slowking|88/100|[from] Stealth Rock
|move|p1a: Hydrapple|Draco Meteor|p2a: Slowking
|-damage|p2a: Slowking|52/100
|-unboost|p1a: Hydrapple|spa|2
|-enditem|p1a: Hydrapple|Eject Pack
|
|t:|1757914288
|switch|p1a: Great Tusk|Great Tusk|100/100
|
|upkeep
|turn|5
|
|t:|1757914301
|-end|p1a: Great Tusk|Protosynthesis|[silent]
|switch|p1a: Thundurus|Thundurus, M|100/100
|switch|p2a: Corviknight|Corviknight, M|100/100
|-damage|p2a: Corviknight|88/100|[from] Stealth Rock
|-ability|p2a: Corviknight|Pressure
|
|upkeep
|turn|6
|
|t:|1757914326
|switch|p2a: Slowking|Slowking-Galar, F|86/100
|-damage|p2a: Slowking|73/100|[from] Stealth Rock
|move|p1a: Thundurus|Knock Off|p2a: Slowking
|-supereffective|p2a: Slowking
|-damage|p2a: Slowking|14/100
|-enditem|p2a: Slowking|Assault Vest|[from] move: Knock Off|[of] p1a: Thundurus
|
|upkeep
|turn|7
|
|t:|1757914340
|switch|p1a: Hydrapple|Hydrapple, M|48/100
|switch|p2a: Ting-Lu|Ting-Lu|100/100
|-damage|p2a: Ting-Lu|94/100|[from] Stealth Rock
|-ability|p2a: Ting-Lu|Vessel of Ruin
|
|-heal|p2a: Ting-Lu|100/100|[from] item: Leftovers
|upkeep
|turn|8
|
|t:|1757914351
|move|p2a: Ting-Lu|Stealth Rock|p1a: Hydrapple
|-sidestart|p1: Hyjack|move: Stealth Rock
|move|p1a: Hydrapple|Recycle|p1a: Hydrapple
|-item|p1a: Hydrapple|Eject Pack|[from] move: Recycle
|
|upkeep
|turn|9
|
|t:|1757914359
|move|p1a: Hydrapple|Body Press|p2a: Ting-Lu
|-supereffective|p2a: Ting-Lu
|-damage|p2a: Ting-Lu|79/100
|move|p2a: Ting-Lu|Whirlwind|p1a: Hydrapple
|drag|p1a: Great Tusk|Great Tusk|100/100
|
|-heal|p2a: Ting-Lu|85/100|[from] item: Leftovers
|upkeep
|turn|10
|
|t:|1757914369
|move|p1a: Great Tusk|Rapid Spin|p2a: Ting-Lu
|-damage|p2a: Ting-Lu|78/100
|-boost|p1a: Great Tusk|spe|1
|-sideend|p1: Hyjack|Stealth Rock|[from] move: Rapid Spin|[of] p1a: Great Tusk
|move|p2a: Ting-Lu|Ruination|p1a: Great Tusk|[miss]
|-miss|p2a: Ting-Lu|p1a: Great Tusk
|
|-heal|p2a: Ting-Lu|84/100|[from] item: Leftovers
|upkeep
|turn|11
|
|t:|1757914377
|move|p1a: Great Tusk|Close Combat|p2a: Ting-Lu
|-supereffective|p2a: Ting-Lu
|-damage|p2a: Ting-Lu|25/100
|-unboost|p1a: Great Tusk|def|1
|-unboost|p1a: Great Tusk|spd|1
|move|p2a: Ting-Lu|Ruination|p1a: Great Tusk
|-damage|p1a: Great Tusk|51/100
|
|-heal|p2a: Ting-Lu|31/100|[from] item: Leftovers
|upkeep
|turn|12
|
|t:|1757914390
|-end|p1a: Great Tusk|Protosynthesis|[silent]
|switch|p1a: Thundurus|Thundurus, M|100/100
|switch|p2a: Corviknight|Corviknight, M|88/100
|-damage|p2a: Corviknight|75/100|[from] Stealth Rock
|-ability|p2a: Corviknight|Pressure
|
|upkeep
|turn|13
|
|t:|1757914401
|switch|p2a: Ting-Lu|Ting-Lu|31/100
|-damage|p2a: Ting-Lu|25/100|[from] Stealth Rock
|-ability|p2a: Ting-Lu|Vessel of Ruin
|move|p1a: Thundurus|Volt Switch|p2a: Ting-Lu
|-immune|p2a: Ting-Lu
|
|-heal|p2a: Ting-Lu|31/100|[from] item: Leftovers
|upkeep
|turn|14
|
|t:|1757914412
|move|p1a: Thundurus|Knock Off|p2a: Ting-Lu
|-resisted|p2a: Ting-Lu
|-damage|p2a: Ting-Lu|24/100
|-enditem|p2a: Ting-Lu|Leftovers|[from] move: Knock Off|[of] p1a: Thundurus
|move|p2a: Ting-Lu|Ruination|p1a: Thundurus
|-damage|p1a: Thundurus|50/100
|
|upkeep
|turn|15
|
|t:|1757914419
|move|p1a: Thundurus|Acrobatics|p2a: Ting-Lu
|-damage|p2a: Ting-Lu|12/100
|move|p2a: Ting-Lu|Ruination|p1a: Thundurus
|-damage|p1a: Thundurus|25/100
|-enditem|p1a: Thundurus|Liechi Berry|[eat]
|-boost|p1a: Thundurus|atk|1|[from] item: Liechi Berry
|
|upkeep
|turn|16
|
|t:|1757914428
|move|p1a: Thundurus|Acrobatics|p2a: Ting-Lu
|-damage|p2a: Ting-Lu|0 fnt
|faint|p2a: Ting-Lu
|
|upkeep
|
|t:|1757914458
|switch|p2a: Iron Moth|Iron Moth|100/100
|-damage|p2a: Iron Moth|76/100|[from] Stealth Rock
|-enditem|p2a: Iron Moth|Booster Energy
|-activate|p2a: Iron Moth|ability: Quark Drive|[fromitem]
|-start|p2a: Iron Moth|quarkdrivespe
|turn|17
|
|t:|1757914464
|move|p1a: Thundurus|Thunder Wave|p2a: Iron Moth
|-status|p2a: Iron Moth|par
|cant|p2a: Iron Moth|par
|
|upkeep
|turn|18
|
|t:|1757914470
|move|p1a: Thundurus|Acrobatics|p2a: Iron Moth
|-damage|p2a: Iron Moth|0 fnt
|faint|p2a: Iron Moth
|-end|p2a: Iron Moth|Quark Drive|[silent]
|
|upkeep
|
|t:|1757914483
|switch|p2a: Ogerpon|Ogerpon-Wellspring, F|100/100
|-damage|p2a: Ogerpon|88/100|[from] Stealth Rock
|turn|19
|
|t:|1757914486
|move|p1a: Thundurus|Acrobatics|p2a: Ogerpon
|-supereffective|p2a: Ogerpon
|-damage|p2a: Ogerpon|0 fnt
|faint|p2a: Ogerpon
|
|upkeep
|
|t:|1757914492
|switch|p2a: Dragapult|Dragapult, M|100/100
|-damage|p2a: Dragapult|88/100|[from] Stealth Rock
|turn|20
|
|t:|1757914495
|move|p1a: Thundurus|Thunder Wave|p2a: Dragapult
|-status|p2a: Dragapult|par
|move|p2a: Dragapult|U-turn|p1a: Thundurus
|-resisted|p1a: Thundurus
|-damage|p1a: Thundurus|0 fnt
|faint|p1a: Thundurus
|
|t:|1757914504
|switch|p2a: Corviknight|Corviknight, M|75/100|[from] U-turn
|-damage|p2a: Corviknight|63/100|[from] Stealth Rock
|-ability|p2a: Corviknight|Pressure
|
|upkeep
|
|t:|1757914508
|switch|p1a: Primarina|Primarina, F|100/100
|turn|21
|
|t:|1757914521
|move|p1a: Primarina|Psychic Noise|p2a: Corviknight
|-damage|p2a: Corviknight|22/100
|-start|p2a: Corviknight|move: Heal Block
|move|p2a: Corviknight|Brave Bird|p1a: Primarina
|-damage|p1a: Primarina|54/100
|-damage|p2a: Corviknight|9/100|[from] Recoil
|
|upkeep
|turn|22
|
|t:|1757914537
|move|p1a: Primarina|Psychic Noise|p2a: Corviknight
|-damage|p2a: Corviknight|0 fnt
|faint|p2a: Corviknight
|
|upkeep
|
|t:|1757914551
|switch|p2a: Slowking|Slowking-Galar, F|47/100
|-damage|p2a: Slowking|35/100|[from] Stealth Rock
|turn|23
|
|t:|1757914556
|move|p1a: Primarina|Whirlpool|p2a: Slowking
|-crit|p2a: Slowking
|-damage|p2a: Slowking|12/100
|-activate|p2a: Slowking|move: Whirlpool|[of] p1a: Primarina
|move|p2a: Slowking|Sludge Bomb|p1a: Primarina
|-supereffective|p1a: Primarina
|-damage|p1a: Primarina|3/100
|
|-damage|p2a: Slowking|0 fnt|[from] move: Whirlpool|[partiallytrapped]
|faint|p2a: Slowking
|upkeep
|
|t:|1757914560
|switch|p2a: Dragapult|Dragapult, M|88/100 par
|-damage|p2a: Dragapult|76/100 par|[from] Stealth Rock
|turn|24
|
|t:|1757914565
|-terastallize|p2a: Dragapult|Ghost
|move|p2a: Dragapult|Tera Blast|p1a: Primarina|[anim] Tera Blast Ghost
|-damage|p1a: Primarina|0 fnt
|faint|p1a: Primarina
|
|upkeep
|
|t:|1757914569
|switch|p1a: Hydrapple|Hydrapple, M|81/100
|turn|25
|
|t:|1757914591
|cant|p2a: Dragapult|par
|move|p1a: Hydrapple|Draco Meteor|p2a: Dragapult
|-damage|p2a: Dragapult|0 fnt
|-unboost|p1a: Hydrapple|spa|2
|faint|p2a: Dragapult
|-enditem|p1a: Hydrapple|Eject Pack
|
|win|Hyjack
|raw|Hyjack's rating: 1265 &rarr; <strong>1293</strong><br />(+28 for winning)
|raw|sanjywanjy's rating: 1304 &rarr; <strong>1282</strong><br />(-22 for losing)
|l|☆Hyjack
|player|p1|
|l|☆sanjywanjy
|player|p2|
