|j|☆mliebs
|j|☆KNsx77
|t:|1757793884
|gametype|singles
|player|p1|mliebs|170|1042
|player|p2|KNsx77|lucas-gen4pt|1111
|gen|9
|tier|[Gen 9] OU
|rated|
|rule|HP Percentage Mod: HP is shown in percentages
|rule|Endless Battle Clause: Forcing endless battles is banned
|rule|Species Clause: Limit one of each Pokémon
|rule|OHKO Clause: OHKO moves are banned
|rule|Evasion Items Clause: Evasion items are banned
|rule|Evasion Moves Clause: Evasion moves are banned
|rule|Evasion Abilities Clause: Evasion abilities are banned
|rule|Sleep Moves Clause: Sleep-inducing moves are banned
|clearpoke
|poke|p1|Alomomola, M|
|poke|p1|Weezing-Galar, F|
|poke|p1|Iron Crown|
|poke|p1|Dragonite, F|
|poke|p1|Incineroar, M|
|poke|p1|Zapdos|
|poke|p2|Clodsire, M|
|poke|p2|Corviknight, M|
|poke|p2|Toxapex, F|
|poke|p2|Blissey, F|
|poke|p2|Garganacl, M|
|poke|p2|Ting-Lu|
|teampreview
|
|t:|1757793892
|teamsize|p1|6
|teamsize|p2|6
|start
|switch|p1a: Incineroar|Incineroar, M|100/100
|switch|p2a: Ting-Lu|Ting-Lu|100/100
|-ability|p1a: Incineroar|Intimidate|boost
|-unboost|p2a: Ting-Lu|atk|1
|-ability|p2a: Ting-Lu|Vessel of Ruin
|turn|1
|inactive|Battle timer is ON: inactive players will automatically lose when time's up. (requested by mliebs)
|
|t:|1757793899
|move|p1a: Incineroar|Fake Out|p2a: Ting-Lu
|-damage|p2a: Ting-Lu|94/100
|cant|p2a: Ting-Lu|flinch
|
|-heal|p2a: Ting-Lu|100/100|[from] item: Leftovers
|upkeep
|turn|2
|
|t:|1757793907
|move|p1a: Incineroar|Parting Shot|p2a: Ting-Lu
|-unboost|p2a: Ting-Lu|atk|1
|-unboost|p2a: Ting-Lu|spa|1
|
|t:|1757793927
|switch|p1a: Alomomola|Alomomola, M|100/100|[from] Parting Shot
|move|p2a: Ting-Lu|Spikes|p1a: Alomomola
|-sidestart|p1: mliebs|Spikes
|
|upkeep
|turn|3
|
|t:|1757793938
|move|p1a: Alomomola|Scald|p2a: Ting-Lu
|-supereffective|p2a: Ting-Lu
|-damage|p2a: Ting-Lu|89/100
|move|p2a: Ting-Lu|Spikes|p1a: Alomomola
|-sidestart|p1: mliebs|Spikes
|
|-heal|p2a: Ting-Lu|95/100|[from] item: Leftovers
|upkeep
|turn|4
|
|t:|1757793945
|switch|p1a: Weezing|Weezing-Galar, F|100/100
|-ability|p1a: Weezing|Neutralizing Gas
|move|p2a: Ting-Lu|Whirlwind|p1a: Weezing
|-end|p1a: Weezing|ability: Neutralizing Gas
|-ability|p2a: Ting-Lu|Vessel of Ruin
|drag|p1a: Incineroar|Incineroar, M|100/100
|-ability|p1a: Incineroar|Intimidate|boost
|-unboost|p2a: Ting-Lu|atk|1
|
|-heal|p2a: Ting-Lu|100/100|[from] item: Leftovers
|upkeep
|turn|5
|
|t:|1757793956
|move|p1a: Incineroar|Fake Out|p2a: Ting-Lu
|-damage|p2a: Ting-Lu|94/100
|cant|p2a: Ting-Lu|flinch
|
|-heal|p2a: Ting-Lu|100/100|[from] item: Leftovers
|upkeep
|turn|6
|
|t:|1757793962
|move|p1a: Incineroar|Parting Shot|p2a: Ting-Lu
|-unboost|p2a: Ting-Lu|atk|1
|-unboost|p2a: Ting-Lu|spa|1
|
|t:|1757793967
|switch|p1a: Weezing|Weezing-Galar, F|100/100|[from] Parting Shot
|-ability|p1a: Weezing|Neutralizing Gas
|move|p2a: Ting-Lu|Spikes|p1a: Weezing
|-sidestart|p1: mliebs|Spikes
|
|upkeep
|turn|7
|
|t:|1757793984
|move|p1a: Weezing|Defog|p2a: Ting-Lu
|-unboost|p2a: Ting-Lu|evasion|1
|-sideend|p1: mliebs|Spikes|[from] move: Defog|[of] p1a: Weezing
|move|p2a: Ting-Lu|Ruination|p1a: Weezing
|-damage|p1a: Weezing|50/100
|
|upkeep
|turn|8
|
|t:|1757794000
|-end|p1a: Weezing|ability: Neutralizing Gas
|-ability|p2a: Ting-Lu|Vessel of Ruin
|switch|p1a: Dragonite|Dragonite, F|100/100
|move|p2a: Ting-Lu|Ruination|p1a: Dragonite
|-damage|p1a: Dragonite|51/100
|
|upkeep
|turn|9
|
|t:|1757794008
|move|p1a: Dragonite|Dragon Dance|p1a: Dragonite
|-boost|p1a: Dragonite|atk|1
|-boost|p1a: Dragonite|spe|1
|move|p2a: Ting-Lu|Spikes|p1a: Dragonite
|-sidestart|p1: mliebs|Spikes
|
|upkeep
|turn|10
|
|t:|1757794015
|switch|p2a: Toxapex|Toxapex, F|100/100
|move|p1a: Dragonite|Ice Spinner|p2a: Toxapex
|-resisted|p2a: Toxapex
|-damage|p2a: Toxapex|86/100
|
|upkeep
|turn|11
|
|t:|1757794021
|move|p1a: Dragonite|Earthquake|p2a: Toxapex
|-supereffective|p2a: Toxapex
|-damage|p2a: Toxapex|21/100
|move|p2a: Toxapex|Haze|p2a: Toxapex
|-clearallboost
|
|upkeep
|turn|12
|
|t:|1757794030
|switch|p2a: Garganacl|Garganacl, M|100/100
|move|p1a: Dragonite|Dragon Dance|p1a: Dragonite
|-boost|p1a: Dragonite|atk|1
|-boost|p1a: Dragonite|spe|1
|
|upkeep
|turn|13
|
|t:|1757794037
|move|p1a: Dragonite|Earthquake|p2a: Garganacl
|-supereffective|p2a: Garganacl
|-damage|p2a: Garganacl|22/100
|move|p2a: Garganacl|Salt Cure|p1a: Dragonite
|-supereffective|p1a: Dragonite
|-damage|p1a: Dragonite|21/100
|-start|p1a: Dragonite|Salt Cure
|
|-heal|p2a: Garganacl|28/100|[from] item: Leftovers
|-damage|p1a: Dragonite|9/100|[from] Salt Cure
|upkeep
|turn|14
|
|t:|1757794047
|switch|p1a: Alomomola|Alomomola, M|100/100
|-damage|p1a: Alomomola|88/100|[from] Spikes
|move|p2a: Garganacl|Protect||[still]
|-fail|p2a: Garganacl
|
|-heal|p2a: Garganacl|35/100|[from] item: Leftovers
|upkeep
|turn|15
|
|t:|1757794069
|move|p1a: Alomomola|Wish|p1a: Alomomola
|move|p2a: Garganacl|Recover|p2a: Garganacl
|-heal|p2a: Garganacl|85/100
|
|-heal|p2a: Garganacl|91/100|[from] item: Leftovers
|upkeep
|turn|16
|
|t:|1757794088
|switch|p1a: Dragonite|Dragonite, F|9/100
|switch|p2a: Toxapex|Toxapex, F|54/100
|
|-heal|p1a: Dragonite|91/100|[from] move: Wish|[wisher] Alomomola
|upkeep
|turn|17
|
|t:|1757794100
|move|p1a: Dragonite|Earthquake|p2a: Toxapex
|-supereffective|p2a: Toxapex
|-damage|p2a: Toxapex|8/100
|move|p2a: Toxapex|Toxic|p1a: Dragonite
|-status|p1a: Dragonite|tox
|
|-damage|p1a: Dragonite|85/100 tox|[from] psn
|upkeep
|turn|18
|
|t:|1757794111
|switch|p1a: Weezing|Weezing-Galar, F|50/100
|-ability|p1a: Weezing|Neutralizing Gas
|move|p2a: Toxapex|Baneful Bunker||[still]
|-fail|p2a: Toxapex
|
|upkeep
|turn|19
|
|t:|1757794118
|move|p1a: Weezing|Strange Steam|p2a: Toxapex
|-resisted|p2a: Toxapex
|-damage|p2a: Toxapex|0 fnt
|faint|p2a: Toxapex
|
|upkeep
|inactive|KNsx77 has 120 seconds left.
|
|t:|1757794137
|switch|p2a: Ting-Lu|Ting-Lu|100/100
|turn|20
|
|t:|1757794143
|move|p1a: Weezing|Pain Split|p2a: Ting-Lu
|-sethp|p2a: Ting-Lu|67/100|[from] move: Pain Split|[silent]
|-sethp|p1a: Weezing|100/100|[from] move: Pain Split
|move|p2a: Ting-Lu|Spikes|p1a: Weezing
|-sidestart|p1: mliebs|Spikes
|
|-heal|p2a: Ting-Lu|73/100|[from] item: Leftovers
|upkeep
|turn|21
|
|t:|1757794151
|move|p1a: Weezing|Defog|p2a: Ting-Lu
|-unboost|p2a: Ting-Lu|evasion|1
|-sideend|p1: mliebs|Spikes|[from] move: Defog|[of] p1a: Weezing
|move|p2a: Ting-Lu|Whirlwind|p1a: Weezing
|-end|p1a: Weezing|ability: Neutralizing Gas
|-ability|p2a: Ting-Lu|Vessel of Ruin
|drag|p1a: Iron Crown|Iron Crown|100/100
|
|-heal|p2a: Ting-Lu|79/100|[from] item: Leftovers
|upkeep
|turn|22
|
|t:|1757794164
|move|p1a: Iron Crown|Tachyon Cutter|p2a: Ting-Lu
|-damage|p2a: Ting-Lu|69/100
|-damage|p2a: Ting-Lu|58/100
|-hitcount|p2a: Ting-Lu|2
|move|p2a: Ting-Lu|Earthquake|p1a: Iron Crown
|-supereffective|p1a: Iron Crown
|-damage|p1a: Iron Crown|25/100
|
|-heal|p2a: Ting-Lu|65/100|[from] item: Leftovers
|upkeep
|turn|23
|
|t:|1757794177
|-end|p1a: Iron Crown|Quark Drive|[silent]
|switch|p1a: Alomomola|Alomomola, M|100/100
|move|p2a: Ting-Lu|Earthquake|p1a: Alomomola
|-damage|p1a: Alomomola|80/100
|
|-heal|p2a: Ting-Lu|71/100|[from] item: Leftovers
|upkeep
|turn|24
|
|t:|1757794187
|move|p1a: Alomomola|Wish|p1a: Alomomola
|move|p2a: Ting-Lu|Spikes|p1a: Alomomola
|-sidestart|p1: mliebs|Spikes
|
|-heal|p2a: Ting-Lu|77/100|[from] item: Leftovers
|upkeep
|turn|25
|
|t:|1757794192
|switch|p1a: Dragonite|Dragonite, F|85/100 tox
|move|p2a: Ting-Lu|Spikes|p1a: Dragonite
|-sidestart|p1: mliebs|Spikes
|
|-heal|p1a: Dragonite|100/100 tox|[from] move: Wish|[wisher] Alomomola
|-heal|p2a: Ting-Lu|83/100|[from] item: Leftovers
|-damage|p1a: Dragonite|94/100 tox|[from] psn
|upkeep
|turn|26
|
|t:|1757794204
|switch|p2a: Garganacl|Garganacl, M|91/100
|move|p1a: Dragonite|Ice Spinner|p2a: Garganacl
|-damage|p2a: Garganacl|70/100
|
|-heal|p2a: Garganacl|76/100|[from] item: Leftovers
|-damage|p1a: Dragonite|82/100 tox|[from] psn
|upkeep
|turn|27
|
|t:|1757794216
|move|p1a: Dragonite|Earthquake|p2a: Garganacl
|-supereffective|p2a: Garganacl
|-damage|p2a: Garganacl|24/100
|move|p2a: Garganacl|Iron Defense|p2a: Garganacl
|-boost|p2a: Garganacl|def|2
|
|-heal|p2a: Garganacl|30/100|[from] item: Leftovers
|-damage|p1a: Dragonite|63/100 tox|[from] psn
|upkeep
|turn|28
|
|t:|1757794236
|switch|p1a: Alomomola|Alomomola, M|100/100
|-damage|p1a: Alomomola|84/100|[from] Spikes
|move|p2a: Garganacl|Protect||[still]
|-fail|p2a: Garganacl
|
|-heal|p2a: Garganacl|36/100|[from] item: Leftovers
|upkeep
|turn|29
|
|t:|1757794248
|move|p1a: Alomomola|Wish|p1a: Alomomola
|move|p2a: Garganacl|Recover|p2a: Garganacl
|-heal|p2a: Garganacl|86/100
|
|-heal|p2a: Garganacl|93/100|[from] item: Leftovers
|upkeep
|turn|30
|
|t:|1757794254
|switch|p1a: Iron Crown|Iron Crown|25/100
|move|p2a: Garganacl|Salt Cure|p1a: Iron Crown
|-resisted|p1a: Iron Crown
|-damage|p1a: Iron Crown|18/100
|-start|p1a: Iron Crown|Salt Cure
|
|-heal|p1a: Iron Crown|100/100|[from] move: Wish|[wisher] Alomomola
|-heal|p2a: Garganacl|99/100|[from] item: Leftovers
|-damage|p1a: Iron Crown|76/100|[from] Salt Cure
|upkeep
|turn|31
|
|t:|1757794265
|move|p2a: Garganacl|Protect|p2a: Garganacl
|-singleturn|p2a: Garganacl|Protect
|move|p1a: Iron Crown|Volt Switch|p2a: Garganacl
|-activate|p2a: Garganacl|move: Protect
|
|-heal|p2a: Garganacl|100/100|[from] item: Leftovers
|-damage|p1a: Iron Crown|51/100|[from] Salt Cure
|upkeep
|turn|32
|
|t:|1757794274
|-end|p1a: Iron Crown|Quark Drive|[silent]
|switch|p1a: Weezing|Weezing-Galar, F|100/100
|-ability|p1a: Weezing|Neutralizing Gas
|move|p2a: Garganacl|Iron Defense|p2a: Garganacl
|-boost|p2a: Garganacl|def|2
|
|upkeep
|turn|33
|
|t:|1757794297
|move|p1a: Weezing|Will-O-Wisp|p2a: Garganacl|[miss]
|-miss|p1a: Weezing|p2a: Garganacl
|move|p2a: Garganacl|Salt Cure|p1a: Weezing
|-damage|p1a: Weezing|89/100
|-start|p1a: Weezing|Salt Cure
|
|-damage|p1a: Weezing|76/100|[from] Salt Cure
|upkeep
|turn|34
|
|t:|1757794322
|move|p1a: Weezing|Defog|p2a: Garganacl
|-unboost|p2a: Garganacl|evasion|1
|-sideend|p1: mliebs|Spikes|[from] move: Defog|[of] p1a: Weezing
|move|p2a: Garganacl|Iron Defense|p2a: Garganacl
|-boost|p2a: Garganacl|def|2
|
|-damage|p1a: Weezing|64/100|[from] Salt Cure
|upkeep
|turn|35
|
|t:|1757794331
|move|p2a: Garganacl|Protect|p2a: Garganacl
|-singleturn|p2a: Garganacl|Protect
|move|p1a: Weezing|Will-O-Wisp|p2a: Garganacl
|-activate|p2a: Garganacl|move: Protect
|
|-damage|p1a: Weezing|52/100|[from] Salt Cure
|upkeep
|turn|36
|
|t:|1757794339
|move|p1a: Weezing|Will-O-Wisp|p2a: Garganacl
|-status|p2a: Garganacl|brn
|move|p2a: Garganacl|Salt Cure|p1a: Weezing
|-damage|p1a: Weezing|46/100
|
|-damage|p2a: Garganacl|94/100 brn|[from] brn
|-damage|p1a: Weezing|34/100|[from] Salt Cure
|upkeep
|turn|37
|
|t:|1757794348
|move|p1a: Weezing|Pain Split|p2a: Garganacl
|-sethp|p2a: Garganacl|61/100 brn|[from] move: Pain Split|[silent]
|-sethp|p1a: Weezing|74/100|[from] move: Pain Split
|move|p2a: Garganacl|Iron Defense|p2a: Garganacl
|-boost|p2a: Garganacl|def|0
|
|-heal|p2a: Garganacl|67/100 brn|[from] item: Leftovers
|-damage|p2a: Garganacl|61/100 brn|[from] brn
|-damage|p1a: Weezing|62/100|[from] Salt Cure
|upkeep
|turn|38
|
|t:|1757794363
|-end|p1a: Weezing|ability: Neutralizing Gas
|switch|p1a: Alomomola|Alomomola, M|100/100
|move|p2a: Garganacl|Recover|p2a: Garganacl
|-heal|p2a: Garganacl|100/100 brn
|
|-damage|p2a: Garganacl|94/100 brn|[from] brn
|upkeep
|turn|39
|
|t:|1757794375
|move|p1a: Alomomola|Wish|p1a: Alomomola
|move|p2a: Garganacl|Salt Cure|p1a: Alomomola
|-damage|p1a: Alomomola|97/100
|-start|p1a: Alomomola|Salt Cure
|
|-heal|p2a: Garganacl|100/100 brn|[from] item: Leftovers
|-damage|p2a: Garganacl|94/100 brn|[from] brn
|-damage|p1a: Alomomola|72/100|[from] Salt Cure
|upkeep
|turn|40
|
|t:|1757794387
|switch|p1a: Iron Crown|Iron Crown|51/100
|move|p2a: Garganacl|Salt Cure|p1a: Iron Crown
|-resisted|p1a: Iron Crown
|-damage|p1a: Iron Crown|48/100
|-start|p1a: Iron Crown|Salt Cure
|
|-heal|p1a: Iron Crown|100/100|[from] move: Wish|[wisher] Alomomola
|-heal|p2a: Garganacl|100/100 brn|[from] item: Leftovers
|-damage|p2a: Garganacl|94/100 brn|[from] brn
|-damage|p1a: Iron Crown|76/100|[from] Salt Cure
|upkeep
|turn|41
|
|t:|1757794402
|-terastallize|p1a: Iron Crown|Steel
|move|p2a: Garganacl|Protect|p2a: Garganacl
|-singleturn|p2a: Garganacl|Protect
|move|p1a: Iron Crown|Tachyon Cutter|p2a: Garganacl
|-activate|p2a: Garganacl|move: Protect
|
|-heal|p2a: Garganacl|100/100 brn|[from] item: Leftovers
|-damage|p2a: Garganacl|94/100 brn|[from] brn
|-damage|p1a: Iron Crown|51/100|[from] Salt Cure
|upkeep
|turn|42
|
|t:|1757794412
|move|p1a: Iron Crown|Tachyon Cutter|p2a: Garganacl
|-supereffective|p2a: Garganacl
|-damage|p2a: Garganacl|49/100 brn
|-supereffective|p2a: Garganacl
|-damage|p2a: Garganacl|8/100 brn
|-hitcount|p2a: Garganacl|2
|move|p2a: Garganacl|Salt Cure|p1a: Iron Crown
|-resisted|p1a: Iron Crown
|-damage|p1a: Iron Crown|47/100
|
|-heal|p2a: Garganacl|14/100 brn|[from] item: Leftovers
|-damage|p2a: Garganacl|8/100 brn|[from] brn
|-damage|p1a: Iron Crown|22/100|[from] Salt Cure
|upkeep
|turn|43
|
|t:|1757794427
|-end|p1a: Iron Crown|Quark Drive|[silent]
|switch|p1a: Incineroar|Incineroar, M|100/100
|-ability|p1a: Incineroar|Intimidate|boost
|-unboost|p2a: Garganacl|atk|1
|move|p2a: Garganacl|Recover|p2a: Garganacl
|-heal|p2a: Garganacl|58/100 brn
|
|-heal|p2a: Garganacl|64/100 brn|[from] item: Leftovers
|-damage|p2a: Garganacl|58/100 brn|[from] brn
|upkeep
|turn|44
|
|t:|1757794458
|move|p1a: Incineroar|Knock Off|p2a: Garganacl
|-damage|p2a: Garganacl|51/100 brn
|-enditem|p2a: Garganacl|Leftovers|[from] move: Knock Off|[of] p1a: Incineroar
|move|p2a: Garganacl|Recover|p2a: Garganacl
|-heal|p2a: Garganacl|100/100 brn
|
|-damage|p2a: Garganacl|94/100 brn|[from] brn
|upkeep
|turn|45
|
|t:|1757794470
|switch|p1a: Alomomola|Alomomola, M|100/100
|move|p2a: Garganacl|Salt Cure|p1a: Alomomola
|-damage|p1a: Alomomola|98/100
|-start|p1a: Alomomola|Salt Cure
|
|-damage|p2a: Garganacl|88/100 brn|[from] brn
|-damage|p1a: Alomomola|73/100|[from] Salt Cure
|upkeep
|turn|46
|
|t:|1757794478
|move|p1a: Alomomola|Wish|p1a: Alomomola
|move|p2a: Garganacl|Salt Cure|p1a: Alomomola
|-damage|p1a: Alomomola|71/100
|
|-damage|p2a: Garganacl|82/100 brn|[from] brn
|-damage|p1a: Alomomola|46/100|[from] Salt Cure
|upkeep
|turn|47
|
|t:|1757794487
|switch|p1a: Iron Crown|Iron Crown, tera:Steel|22/100
|move|p2a: Garganacl|Salt Cure|p1a: Iron Crown
|-resisted|p1a: Iron Crown
|-damage|p1a: Iron Crown|20/100
|-start|p1a: Iron Crown|Salt Cure
|
|-heal|p1a: Iron Crown|100/100|[from] move: Wish|[wisher] Alomomola
|-damage|p2a: Garganacl|76/100 brn|[from] brn
|-damage|p1a: Iron Crown|76/100|[from] Salt Cure
|upkeep
|turn|48
|
|t:|1757794499
|move|p2a: Garganacl|Protect|p2a: Garganacl
|-singleturn|p2a: Garganacl|Protect
|move|p1a: Iron Crown|Future Sight|p2a: Garganacl
|-start|p1a: Iron Crown|move: Future Sight
|
|-damage|p2a: Garganacl|70/100 brn|[from] brn
|-damage|p1a: Iron Crown|51/100|[from] Salt Cure
|upkeep
|turn|49
|inactive|KNsx77 has 120 seconds left.
|
|t:|1757794532
|move|p1a: Iron Crown|Tachyon Cutter|p2a: Garganacl
|-supereffective|p2a: Garganacl
|-damage|p2a: Garganacl|26/100 brn
|-supereffective|p2a: Garganacl
|-damage|p2a: Garganacl|0 fnt
|faint|p2a: Garganacl
|-hitcount|p2: Garganacl|2
|
|-damage|p1a: Iron Crown|26/100|[from] Salt Cure
|upkeep
|
|t:|1757794552
|switch|p2a: Ting-Lu|Ting-Lu|83/100
|-ability|p2a: Ting-Lu|Vessel of Ruin
|turn|50
|
|t:|1757794570
|-end|p1a: Iron Crown|Quark Drive|[silent]
|switch|p1a: Weezing|Weezing-Galar, F|62/100
|-ability|p1a: Weezing|Neutralizing Gas
|move|p2a: Ting-Lu|Ruination|p1a: Weezing
|-damage|p1a: Weezing|31/100
|
|-end|p2a: Ting-Lu|move: Future Sight
|-immune|p2a: Ting-Lu
|-heal|p2a: Ting-Lu|90/100|[from] item: Leftovers
|upkeep
|turn|51
|inactive|KNsx77 has 90 seconds left.
|
|t:|1757794593
|move|p1a: Weezing|Pain Split|p2a: Ting-Lu
|-sethp|p2a: Ting-Lu|55/100|[from] move: Pain Split|[silent]
|-sethp|p1a: Weezing|84/100|[from] move: Pain Split
|move|p2a: Ting-Lu|Spikes|p1a: Weezing
|-sidestart|p1: mliebs|Spikes
|
|-heal|p2a: Ting-Lu|61/100|[from] item: Leftovers
|upkeep
|turn|52
|
|t:|1757794602
|move|p1a: Weezing|Will-O-Wisp|p2a: Ting-Lu
|-status|p2a: Ting-Lu|brn
|move|p2a: Ting-Lu|Spikes|p1a: Weezing
|-sidestart|p1: mliebs|Spikes
|
|-heal|p2a: Ting-Lu|67/100 brn|[from] item: Leftovers
|-damage|p2a: Ting-Lu|61/100 brn|[from] brn
|upkeep
|turn|53
|
|t:|1757794609
|move|p1a: Weezing|Strange Steam|p2a: Ting-Lu|[miss]
|-miss|p1a: Weezing|p2a: Ting-Lu
|move|p2a: Ting-Lu|Spikes|p1a: Weezing
|-sidestart|p1: mliebs|Spikes
|
|-heal|p2a: Ting-Lu|67/100 brn|[from] item: Leftovers
|-damage|p2a: Ting-Lu|61/100 brn|[from] brn
|upkeep
|turn|54
|
|t:|1757794617
|move|p1a: Weezing|Defog|p2a: Ting-Lu
|-unboost|p2a: Ting-Lu|evasion|1
|-sideend|p1: mliebs|Spikes|[from] move: Defog|[of] p1a: Weezing
|move|p2a: Ting-Lu|Whirlwind|p1a: Weezing
|-end|p1a: Weezing|ability: Neutralizing Gas
|-ability|p2a: Ting-Lu|Vessel of Ruin
|drag|p1a: Alomomola|Alomomola, M|79/100
|
|-heal|p2a: Ting-Lu|67/100 brn|[from] item: Leftovers
|-damage|p2a: Ting-Lu|61/100 brn|[from] brn
|upkeep
|turn|55
|
|t:|1757794630
|move|p1a: Alomomola|Wish|p1a: Alomomola
|move|p2a: Ting-Lu|Ruination|p1a: Alomomola
|-damage|p1a: Alomomola|40/100
|
|-heal|p2a: Ting-Lu|67/100 brn|[from] item: Leftovers
|-damage|p2a: Ting-Lu|61/100 brn|[from] brn
|upkeep
|turn|56
|
|t:|1757794641
|move|p1a: Alomomola|Flip Turn|p2a: Ting-Lu
|-supereffective|p2a: Ting-Lu
|-damage|p2a: Ting-Lu|44/100 brn
|
|t:|1757794645
|switch|p1a: Iron Crown|Iron Crown, tera:Steel|26/100|[from] Flip Turn
|move|p2a: Ting-Lu|Earthquake|p1a: Iron Crown
|-supereffective|p1a: Iron Crown
|-damage|p1a: Iron Crown|0 fnt
|faint|p1a: Iron Crown
|-end|p1a: Iron Crown|Quark Drive|[silent]
|
|-heal|p2a: Ting-Lu|50/100 brn|[from] item: Leftovers
|-damage|p2a: Ting-Lu|44/100 brn|[from] brn
|upkeep
|
|t:|1757794655
|switch|p1a: Incineroar|Incineroar, M|100/100
|-ability|p1a: Incineroar|Intimidate|boost
|-unboost|p2a: Ting-Lu|atk|1
|turn|57
|inactive|KNsx77 has 120 seconds left.
|
|t:|1757794688
|switch|p2a: Clodsire|Clodsire, M|100/100
|move|p1a: Incineroar|Fake Out|p2a: Clodsire
|-damage|p2a: Clodsire|89/100
|
|-heal|p2a: Clodsire|95/100|[from] item: Black Sludge
|upkeep
|turn|58
|
|t:|1757794700
|move|p1a: Incineroar|Parting Shot|p2a: Clodsire
|-unboost|p2a: Clodsire|atk|1
|-unboost|p2a: Clodsire|spa|1
|
|t:|1757794719
|switch|p1a: Dragonite|Dragonite, F|63/100 tox|[from] Parting Shot
|move|p2a: Clodsire|Toxic|p1a: Dragonite
|-fail|p1a: Dragonite|tox
|
|-heal|p2a: Clodsire|100/100|[from] item: Black Sludge
|-damage|p1a: Dragonite|57/100 tox|[from] psn
|upkeep
|turn|59
|
|t:|1757794734
|switch|p2a: Blissey|Blissey, F|100/100
|move|p1a: Dragonite|Earthquake|p2a: Blissey
|-damage|p2a: Blissey|66/100
|
|-damage|p1a: Dragonite|45/100 tox|[from] psn
|upkeep
|turn|60
|
|t:|1757794750
|switch|p1a: Incineroar|Incineroar, M|100/100
|-ability|p1a: Incineroar|Intimidate|boost
|-unboost|p2a: Blissey|atk|1
|move|p2a: Blissey|Heal Bell|p2a: Blissey
|-activate|p2a: Blissey|move: Heal Bell
|-curestatus|p2: Ting-Lu|brn|[msg]
|
|upkeep
|turn|61
|inactive|mliebs has 120 seconds left.
|
|t:|1757794781
|switch|p2a: Clodsire|Clodsire, M|100/100
|move|p1a: Incineroar|Fake Out|p2a: Clodsire
|-damage|p2a: Clodsire|89/100
|
|-heal|p2a: Clodsire|96/100|[from] item: Black Sludge
|upkeep
|turn|62
|
|t:|1757794789
|move|p1a: Incineroar|Knock Off|p2a: Clodsire
|-damage|p2a: Clodsire|55/100
|-enditem|p2a: Clodsire|Black Sludge|[from] move: Knock Off|[of] p1a: Incineroar
|move|p2a: Clodsire|Toxic Spikes|p1a: Incineroar
|-sidestart|p1: mliebs|move: Toxic Spikes
|
|upkeep
|turn|63
|inactive|KNsx77 has 90 seconds left.
|c|☆mliebs|cant even win playing stall lmfao shame on ur family
|
|t:|1757794848
|switch|p2a: Corviknight|Corviknight, M|100/100
|-ability|p2a: Corviknight|Pressure
|move|p1a: Incineroar|Parting Shot|p2a: Corviknight
|-unboost|p2a: Corviknight|atk|1
|-unboost|p2a: Corviknight|spa|1
|
|t:|1757794859
|switch|p1a: Weezing|Weezing-Galar, F|84/100|[from] Parting Shot
|-ability|p1a: Weezing|Neutralizing Gas
|-sideend|p1: mliebs|move: Toxic Spikes|[of] p1a: Weezing
|
|upkeep
|turn|64
|c|☆KNsx77|ng
|
|t:|1757794877
|move|p2a: Corviknight|Iron Defense|p2a: Corviknight
|-boost|p2a: Corviknight|def|2
|move|p1a: Weezing|Will-O-Wisp|p2a: Corviknight
|-status|p2a: Corviknight|brn
|
|-damage|p2a: Corviknight|94/100 brn|[from] brn
|upkeep
|turn|65
|
|t:|1757794886
|-end|p1a: Weezing|ability: Neutralizing Gas
|-ability|p2a: Corviknight|Pressure
|switch|p1a: Zapdos|Zapdos|100/100
|move|p2a: Corviknight|Iron Defense|p2a: Corviknight
|-boost|p2a: Corviknight|def|2
|
|-heal|p2a: Corviknight|100/100 brn|[from] item: Leftovers
|-damage|p2a: Corviknight|94/100 brn|[from] brn
|upkeep
|turn|66
|
|t:|1757794898
|switch|p2a: Clodsire|Clodsire, M|55/100
|move|p1a: Zapdos|Heat Wave|p2a: Clodsire
|-damage|p2a: Clodsire|38/100
|
|upkeep
|turn|67
|
|t:|1757794911
|switch|p1a: Weezing|Weezing-Galar, F|84/100
|-ability|p1a: Weezing|Neutralizing Gas
|move|p2a: Clodsire|Toxic|p1a: Weezing
|-immune|p1a: Weezing
|
|upkeep
|turn|68
|
|t:|1757794920
|move|p1a: Weezing|Will-O-Wisp|p2a: Clodsire
|-status|p2a: Clodsire|brn
|move|p2a: Clodsire|Recover|p2a: Clodsire
|-heal|p2a: Clodsire|88/100 brn
|
|-damage|p2a: Clodsire|82/100 brn|[from] brn
|upkeep
|turn|69
|
|t:|1757794934
|-end|p1a: Weezing|ability: Neutralizing Gas
|switch|p1a: Alomomola|Alomomola, M|73/100
|switch|p2a: Blissey|Blissey, F|66/100
|
|upkeep
|turn|70
|inactive|KNsx77 has 90 seconds left.
|
|t:|1757794943
|move|p1a: Alomomola|Wish|p1a: Alomomola
|move|p2a: Blissey|Seismic Toss|p1a: Alomomola
|-damage|p1a: Alomomola|54/100
|-damage|p2a: Blissey|50/100|[from] item: Rocky Helmet|[of] p1a: Alomomola
|
|upkeep
|turn|71
|inactive|KNsx77 has 90 seconds left.
|
|t:|1757794958
|switch|p1a: Dragonite|Dragonite, F|45/100 tox
|move|p2a: Blissey|Seismic Toss|p1a: Dragonite
|-damage|p1a: Dragonite|14/100 tox
|
|-heal|p1a: Dragonite|96/100 tox|[from] move: Wish|[wisher] Alomomola
|-damage|p1a: Dragonite|90/100 tox|[from] psn
|upkeep
|turn|72
|inactive|KNsx77 has 90 seconds left.
|
|t:|1757794973
|move|p1a: Dragonite|Dragon Dance|p1a: Dragonite
|-boost|p1a: Dragonite|atk|1
|-boost|p1a: Dragonite|spe|1
|move|p2a: Blissey|Heal Bell|p2a: Blissey
|-activate|p2a: Blissey|move: Heal Bell
|-curestatus|p2: Corviknight|brn|[msg]
|-curestatus|p2: Clodsire|brn|[msg]
|
|-damage|p1a: Dragonite|78/100 tox|[from] psn
|upkeep
|turn|73
|inactive|KNsx77 has 90 seconds left.
|
|t:|1757794994
|move|p1a: Dragonite|Earthquake|p2a: Blissey
|-damage|p2a: Blissey|3/100
|move|p2a: Blissey|Seismic Toss|p1a: Dragonite
|-damage|p1a: Dragonite|47/100 tox
|
|-damage|p1a: Dragonite|28/100 tox|[from] psn
|upkeep
|turn|74
|
|t:|1757795020
|move|p1a: Dragonite|Ice Spinner|p2a: Blissey
|-damage|p2a: Blissey|0 fnt
|faint|p2a: Blissey
|
|-damage|p1a: Dragonite|4/100 tox|[from] psn
|upkeep
|
|t:|1757795028
|switch|p2a: Ting-Lu|Ting-Lu|44/100
|-ability|p2a: Ting-Lu|Vessel of Ruin
|turn|75
|
|t:|1757795044
|switch|p2a: Clodsire|Clodsire, M|82/100
|move|p1a: Dragonite|Ice Spinner|p2a: Clodsire
|-supereffective|p2a: Clodsire
|-damage|p2a: Clodsire|17/100
|
|-damage|p1a: Dragonite|0 fnt|[from] psn
|faint|p1a: Dragonite
|upkeep
|
|t:|1757795057
|switch|p1a: Incineroar|Incineroar, M|100/100
|-ability|p1a: Incineroar|Intimidate|boost
|-unboost|p2a: Clodsire|atk|1
|turn|76
|
|t:|1757795062
|move|p1a: Incineroar|Fake Out|p2a: Clodsire
|-damage|p2a: Clodsire|5/100
|cant|p2a: Clodsire|flinch
|
|upkeep
|turn|77
|
|t:|1757795069
|move|p1a: Incineroar|Knock Off|p2a: Clodsire
|-damage|p2a: Clodsire|0 fnt
|faint|p2a: Clodsire
|
|upkeep
|
|t:|1757795078
|switch|p2a: Corviknight|Corviknight, M|94/100
|-ability|p2a: Corviknight|Pressure
|turn|78
|inactive|KNsx77 has 90 seconds left.
|
|t:|1757795086
|move|p2a: Corviknight|U-turn|p1a: Incineroar
|-damage|p1a: Incineroar|86/100
|
|t:|1757795089
|switch|p2a: Ting-Lu|Ting-Lu|44/100|[from] U-turn
|-ability|p2a: Ting-Lu|Vessel of Ruin
|move|p1a: Incineroar|Will-O-Wisp|p2a: Ting-Lu
|-status|p2a: Ting-Lu|brn
|
|-heal|p2a: Ting-Lu|50/100 brn|[from] item: Leftovers
|-damage|p2a: Ting-Lu|44/100 brn|[from] brn
|upkeep
|turn|79
|inactive|KNsx77 has 90 seconds left.
|
|t:|1757795105
|move|p1a: Incineroar|Knock Off|p2a: Ting-Lu
|-resisted|p2a: Ting-Lu
|-damage|p2a: Ting-Lu|34/100 brn
|-enditem|p2a: Ting-Lu|Leftovers|[from] move: Knock Off|[of] p1a: Incineroar
|move|p2a: Ting-Lu|Whirlwind|p1a: Incineroar
|drag|p1a: Weezing|Weezing-Galar, F|84/100
|-ability|p1a: Weezing|Neutralizing Gas
|
|-damage|p2a: Ting-Lu|28/100 brn|[from] brn
|upkeep
|turn|80
|inactive|KNsx77 has 90 seconds left.
|
|t:|1757795116
|move|p1a: Weezing|Strange Steam|p2a: Ting-Lu
|-supereffective|p2a: Ting-Lu
|-damage|p2a: Ting-Lu|0 fnt
|faint|p2a: Ting-Lu
|
|upkeep
|inactive|KNsx77 has 90 seconds left.
|
|t:|1757795125
|switch|p2a: Corviknight|Corviknight, M|94/100
|turn|81
|
|t:|1757795129
|move|p2a: Corviknight|U-turn|p1a: Weezing
|-resisted|p1a: Weezing
|-damage|p1a: Weezing|81/100
|move|p1a: Weezing|Will-O-Wisp|p2a: Corviknight
|-status|p2a: Corviknight|brn
|
|-heal|p2a: Corviknight|100/100 brn|[from] item: Leftovers
|-damage|p2a: Corviknight|94/100 brn|[from] brn
|upkeep
|turn|82
|
|t:|1757795151
|-end|p1a: Weezing|ability: Neutralizing Gas
|-ability|p2a: Corviknight|Pressure
|switch|p1a: Incineroar|Incineroar, M|86/100
|-ability|p1a: Incineroar|Intimidate|boost
|-unboost|p2a: Corviknight|atk|1
|move|p2a: Corviknight|Iron Defense|p2a: Corviknight
|-boost|p2a: Corviknight|def|2
|
|-heal|p2a: Corviknight|100/100 brn|[from] item: Leftovers
|-damage|p2a: Corviknight|94/100 brn|[from] brn
|upkeep
|turn|83
|inactive|KNsx77 has 90 seconds left.
|c|☆KNsx77|nice game ng
|c|☆KNsx77|niggered
|l|☆mliebs
|inactive|mliebs disconnected and has a minute to reconnect!
|player|p1|
|inactive|KNsx77 has 60 seconds left.
|inactive|KNsx77 has 30 seconds left.
|inactive|KNsx77 has 20 seconds left.
|inactive|KNsx77 has 15 seconds left.
|inactive|KNsx77 has 10 seconds left.
|
|t:|1757795247
|move|p2a: Corviknight|Iron Defense|p2a: Corviknight
|-boost|p2a: Corviknight|def|2
|move|p1a: Incineroar|Knock Off|p2a: Corviknight
|-crit|p2a: Corviknight
|-damage|p2a: Corviknight|63/100 brn
|-enditem|p2a: Corviknight|Leftovers|[from] move: Knock Off|[of] p1a: Incineroar
|
|-damage|p2a: Corviknight|56/100 brn|[from] brn
|upkeep
|turn|84
|inactive|KNsx77 has 20 seconds left this turn.
|inactive|KNsx77 has 15 seconds left.
|c|☆KNsx77|will wait for the game to end now
|inactive|mliebs has 30 seconds to reconnect!
|inactive|mliebs has 20 seconds to reconnect!
|inactive|mliebs has 15 seconds to reconnect!
|inactive|mliebs has 10 seconds to reconnect!
|inactive|mliebs has 5 seconds to reconnect!
|-message|mliebs lost due to inactivity.
|
|win|KNsx77
|raw|mliebs's rating: 1042 &rarr; <strong>1029</strong><br />(-13 for losing)
|raw|KNsx77's rating: 1111 &rarr; <strong>1131</strong><br />(+20 for winning)
