|j|☆Papagayo32
|j|☆stootic
|t:|1757812963
|gametype|singles
|player|p1|Papagayo32|youngster-gen4dp|1453
|player|p2|stootic|volkner|1514
|gen|9
|tier|[Gen 9] OU
|rated|
|rule|HP Percentage Mod: HP is shown in percentages
|rule|Endless Battle Clause: Forcing endless battles is banned
|rule|Species Clause: Limit one of each Pokémon
|rule|OHKO Clause: OHKO moves are banned
|rule|Evasion Items Clause: Evasion items are banned
|rule|Evasion Moves Clause: Evasion moves are banned
|rule|Evasion Abilities Clause: Evasion abilities are banned
|rule|Sleep Moves Clause: Sleep-inducing moves are banned
|clearpoke
|poke|p1|Dragapult, F|
|poke|p1|Slowbro, F|
|poke|p1|Empoleon, F|
|poke|p1|Gliscor, M|
|poke|p1|Darkrai|
|poke|p1|Weezing-Galar, F|
|poke|p2|Samurott-Hisui, M|
|poke|p2|Great Tusk|
|poke|p2|Volcanion|
|poke|p2|Hydrapple, M|
|poke|p2|Gholdengo|
|poke|p2|Landorus-Therian, M|
|teampreview
|inactive|Battle timer is ON: inactive players will automatically lose when time's up. (requested by stootic)
|
|t:|1757812974
|teamsize|p1|6
|teamsize|p2|6
|start
|switch|p1a: Darkrai|Darkrai|100/100
|switch|p2a: Samurott|Samurott-Hisui, M|100/100
|turn|1
|
|t:|1757812977
|move|p1a: Darkrai|Focus Blast|p2a: Samurott
|-supereffective|p2a: Samurott
|-damage|p2a: Samurott|0 fnt
|faint|p2a: Samurott
|
|upkeep
|
|t:|1757812984
|switch|p2a: Gholdengo|Gholdengo|100/100
|-item|p2a: Gholdengo|Air Balloon
|turn|2
|
|t:|1757812993
|switch|p1a: Empoleon|Empoleon, F, shiny|100/100
|move|p2a: Gholdengo|Make It Rain|p1a: Empoleon
|-resisted|p1a: Empoleon
|-damage|p1a: Empoleon|84/100
|-unboost|p2a: Gholdengo|spa|1
|
|upkeep
|turn|3
|
|t:|1757813001
|switch|p2a: Hydrapple|Hydrapple, M|100/100
|move|p1a: Empoleon|Hydro Pump|p2a: Hydrapple
|-resisted|p2a: Hydrapple
|-damage|p2a: Hydrapple|87/100
|
|upkeep
|turn|4
|
|t:|1757813015
|switch|p1a: Weezing|Weezing-Galar, F|100/100
|move|p2a: Hydrapple|Nasty Plot|p2a: Hydrapple
|-boost|p2a: Hydrapple|spa|2
|
|upkeep
|turn|5
|
|t:|1757813021
|switch|p2a: Landorus|Landorus-Therian, M|100/100
|-ability|p2a: Landorus|Intimidate|boost
|-unboost|p1a: Weezing|atk|1
|move|p1a: Weezing|Sludge Bomb|p2a: Landorus
|-resisted|p2a: Landorus
|-damage|p2a: Landorus|84/100
|
|upkeep
|turn|6
|
|t:|1757813026
|switch|p1a: Gliscor|Gliscor, M|100/100
|move|p2a: Landorus|U-turn|p1a: Gliscor
|-resisted|p1a: Gliscor
|-damage|p1a: Gliscor|92/100
|
|t:|1757813029
|switch|p2a: Volcanion|Volcanion|100/100|[from] U-turn
|
|-status|p1a: Gliscor|tox|[from] item: Toxic Orb
|upkeep
|turn|7
|
|t:|1757813040
|switch|p1a: Dragapult|Dragapult, F, shiny|100/100
|move|p2a: Volcanion|Steam Eruption|p1a: Dragapult
|-resisted|p1a: Dragapult
|-damage|p1a: Dragapult|76/100
|-status|p1a: Dragapult|brn
|
|-heal|p1a: Dragapult|82/100 brn|[from] item: Leftovers
|-damage|p1a: Dragapult|76/100 brn|[from] brn
|upkeep
|turn|8
|
|t:|1757813045
|switch|p2a: Landorus|Landorus-Therian, M|84/100
|-ability|p2a: Landorus|Intimidate|boost
|-unboost|p1a: Dragapult|atk|1
|move|p1a: Dragapult|Thunder Wave|p2a: Landorus
|-immune|p2a: Landorus
|
|-heal|p1a: Dragapult|82/100 brn|[from] item: Leftovers
|-damage|p1a: Dragapult|76/100 brn|[from] brn
|upkeep
|turn|9
|
|t:|1757813055
|move|p2a: Landorus|U-turn|p1a: Dragapult
|-resisted|p1a: Dragapult
|-damage|p1a: Dragapult|63/100 brn
|
|t:|1757813060
|switch|p2a: Gholdengo|Gholdengo|100/100|[from] U-turn
|-item|p2a: Gholdengo|Air Balloon
|move|p1a: Dragapult|Will-O-Wisp|p2a: Gholdengo
|-immune|p2a: Gholdengo|[from] ability: Good as Gold
|
|-heal|p1a: Dragapult|69/100 brn|[from] item: Leftovers
|-damage|p1a: Dragapult|63/100 brn|[from] brn
|upkeep
|turn|10
|
|t:|1757813070
|-terastallize|p1a: Dragapult|Normal
|move|p1a: Dragapult|Shadow Ball|p2a: Gholdengo
|-supereffective|p2a: Gholdengo
|-damage|p2a: Gholdengo|46/100
|-enditem|p2a: Gholdengo|Air Balloon
|move|p2a: Gholdengo|Shadow Ball|p1a: Dragapult
|-immune|p1a: Dragapult
|
|-heal|p1a: Dragapult|69/100 brn|[from] item: Leftovers
|-damage|p1a: Dragapult|63/100 brn|[from] brn
|upkeep
|turn|11
|
|t:|1757813083
|switch|p2a: Landorus|Landorus-Therian, M|84/100
|-ability|p2a: Landorus|Intimidate|boost
|-unboost|p1a: Dragapult|atk|1
|move|p1a: Dragapult|Shadow Ball|p2a: Landorus
|-damage|p2a: Landorus|46/100
|
|-heal|p1a: Dragapult|69/100 brn|[from] item: Leftovers
|-damage|p1a: Dragapult|63/100 brn|[from] brn
|upkeep
|turn|12
|
|t:|1757813102
|move|p2a: Landorus|Earthquake|p1a: Dragapult
|-damage|p1a: Dragapult|0 fnt
|faint|p1a: Dragapult
|
|upkeep
|
|t:|1757813105
|switch|p1a: Gliscor|Gliscor, M|92/100 tox
|turn|13
|
|t:|1757813109
|switch|p2a: Hydrapple|Hydrapple, M|100/100
|move|p1a: Gliscor|Stealth Rock|p2a: Hydrapple
|-sidestart|p2: stootic|move: Stealth Rock
|
|-heal|p1a: Gliscor|100/100 tox|[from] ability: Poison Heal
|upkeep
|turn|14
|
|t:|1757813118
|switch|p2a: Great Tusk|Great Tusk|100/100
|move|p1a: Gliscor|Toxic|p2a: Great Tusk
|-status|p2a: Great Tusk|tox
|
|-damage|p2a: Great Tusk|94/100 tox|[from] psn
|upkeep
|turn|15
|
|t:|1757813126
|switch|p1a: Slowbro|Slowbro, F|100/100
|move|p2a: Great Tusk|Stealth Rock|p1a: Slowbro
|-sidestart|p1: Papagayo32|move: Stealth Rock
|
|-damage|p2a: Great Tusk|82/100 tox|[from] psn
|upkeep
|turn|16
|
|t:|1757813137
|move|p2a: Great Tusk|Rapid Spin|p1a: Slowbro
|-damage|p1a: Slowbro|91/100
|-boost|p2a: Great Tusk|spe|1
|-sideend|p2: stootic|Stealth Rock|[from] move: Rapid Spin|[of] p2a: Great Tusk
|move|p1a: Slowbro|Calm Mind|p1a: Slowbro
|-boost|p1a: Slowbro|spa|1
|-boost|p1a: Slowbro|spd|1
|
|-heal|p1a: Slowbro|97/100|[from] item: Leftovers
|-damage|p2a: Great Tusk|63/100 tox|[from] psn
|upkeep
|turn|17
|
|t:|1757813145
|-end|p2a: Great Tusk|Protosynthesis|[silent]
|switch|p2a: Hydrapple|Hydrapple, M|100/100
|move|p1a: Slowbro|Psychic Noise|p2a: Hydrapple
|-damage|p2a: Hydrapple|62/100
|-start|p2a: Hydrapple|move: Heal Block
|
|-heal|p1a: Slowbro|100/100|[from] item: Leftovers
|upkeep
|turn|18
|
|t:|1757813150
|switch|p2a: Gholdengo|Gholdengo|46/100
|move|p1a: Slowbro|Psychic Noise|p2a: Gholdengo
|-resisted|p2a: Gholdengo
|-damage|p2a: Gholdengo|26/100
|-start|p2a: Gholdengo|move: Heal Block
|
|upkeep
|turn|19
|
|t:|1757813154
|move|p2a: Gholdengo|Shadow Ball|p1a: Slowbro
|-supereffective|p1a: Slowbro
|-damage|p1a: Slowbro|48/100
|move|p1a: Slowbro|Scald|p2a: Gholdengo
|-damage|p2a: Gholdengo|0 fnt
|faint|p2a: Gholdengo
|
|-heal|p1a: Slowbro|54/100|[from] item: Leftovers
|upkeep
|
|t:|1757813162
|switch|p2a: Landorus|Landorus-Therian, M|46/100
|-ability|p2a: Landorus|Intimidate|boost
|-unboost|p1a: Slowbro|atk|1
|turn|20
|
|t:|1757813166
|move|p2a: Landorus|Earthquake|p1a: Slowbro
|-damage|p1a: Slowbro|22/100
|move|p1a: Slowbro|Slack Off|p1a: Slowbro
|-heal|p1a: Slowbro|72/100
|
|-heal|p1a: Slowbro|78/100|[from] item: Leftovers
|upkeep
|turn|21
|
|t:|1757813185
|switch|p2a: Hydrapple|Hydrapple, M|95/100
|move|p1a: Slowbro|Calm Mind|p1a: Slowbro
|-boost|p1a: Slowbro|spa|1
|-boost|p1a: Slowbro|spd|1
|
|-heal|p1a: Slowbro|84/100|[from] item: Leftovers
|upkeep
|turn|22
|
|t:|1757813188
|move|p2a: Hydrapple|Nasty Plot|p2a: Hydrapple
|-boost|p2a: Hydrapple|spa|2
|move|p1a: Slowbro|Psychic Noise|p2a: Hydrapple
|-damage|p2a: Hydrapple|47/100
|-start|p2a: Hydrapple|move: Heal Block
|
|-heal|p1a: Slowbro|90/100|[from] item: Leftovers
|upkeep
|turn|23
|
|t:|1757813194
|switch|p1a: Weezing|Weezing-Galar, F|100/100
|-damage|p1a: Weezing|88/100|[from] Stealth Rock
|move|p2a: Hydrapple|Fickle Beam|p1a: Weezing
|-immune|p1a: Weezing
|
|-end|p2a: Hydrapple|move: Heal Block
|upkeep
|turn|24
|
|t:|1757813205
|switch|p2a: Landorus|Landorus-Therian, M|46/100
|-ability|p2a: Landorus|Intimidate|boost
|-unboost|p1a: Weezing|atk|1
|move|p1a: Weezing|Sludge Bomb|p2a: Landorus
|-resisted|p2a: Landorus
|-damage|p2a: Landorus|27/100
|-status|p2a: Landorus|psn
|
|-damage|p2a: Landorus|15/100 psn|[from] psn
|upkeep
|turn|25
|
|t:|1757813209
|switch|p1a: Gliscor|Gliscor, M|100/100 tox
|-damage|p1a: Gliscor|88/100 tox|[from] Stealth Rock
|move|p2a: Landorus|U-turn|p1a: Gliscor
|-resisted|p1a: Gliscor
|-damage|p1a: Gliscor|79/100 tox
|
|t:|1757813236
|switch|p2a: Volcanion|Volcanion|100/100|[from] U-turn
|
|-heal|p1a: Gliscor|92/100 tox|[from] ability: Poison Heal
|upkeep
|turn|26
|
|t:|1757813239
|switch|p1a: Slowbro|Slowbro, F|100/100
|-damage|p1a: Slowbro|88/100|[from] Stealth Rock
|move|p2a: Volcanion|Steam Eruption|p1a: Slowbro
|-resisted|p1a: Slowbro
|-damage|p1a: Slowbro|58/100
|-status|p1a: Slowbro|brn
|
|-heal|p1a: Slowbro|64/100 brn|[from] item: Leftovers
|-damage|p1a: Slowbro|58/100 brn|[from] brn
|upkeep
|turn|27
|
|t:|1757813262
|move|p2a: Volcanion|Sludge Bomb|p1a: Slowbro
|-damage|p1a: Slowbro|27/100 brn
|move|p1a: Slowbro|Slack Off|p1a: Slowbro
|-heal|p1a: Slowbro|77/100 brn
|
|-heal|p1a: Slowbro|83/100 brn|[from] item: Leftovers
|-damage|p1a: Slowbro|77/100 brn|[from] brn
|upkeep
|turn|28
|
|t:|1757813264
|move|p2a: Volcanion|Sludge Bomb|p1a: Slowbro
|-damage|p1a: Slowbro|46/100 brn
|move|p1a: Slowbro|Calm Mind|p1a: Slowbro
|-boost|p1a: Slowbro|spa|1
|-boost|p1a: Slowbro|spd|1
|
|-heal|p1a: Slowbro|52/100 brn|[from] item: Leftovers
|-damage|p1a: Slowbro|46/100 brn|[from] brn
|upkeep
|turn|29
|
|t:|1757813267
|switch|p2a: Hydrapple|Hydrapple, M|81/100
|move|p1a: Slowbro|Slack Off|p1a: Slowbro
|-heal|p1a: Slowbro|96/100 brn
|
|-heal|p1a: Slowbro|100/100 brn|[from] item: Leftovers
|-damage|p1a: Slowbro|94/100 brn|[from] brn
|upkeep
|turn|30
|
|t:|1757813270
|move|p2a: Hydrapple|Giga Drain|p1a: Slowbro
|-supereffective|p1a: Slowbro
|-damage|p1a: Slowbro|50/100 brn
|-heal|p2a: Hydrapple|100/100|[from] drain|[of] p1a: Slowbro
|move|p1a: Slowbro|Psychic Noise|p2a: Hydrapple
|-damage|p2a: Hydrapple|59/100
|-start|p2a: Hydrapple|move: Heal Block
|
|-heal|p1a: Slowbro|56/100 brn|[from] item: Leftovers
|-damage|p1a: Slowbro|50/100 brn|[from] brn
|upkeep
|turn|31
|
|t:|1757813274
|switch|p1a: Weezing|Weezing-Galar, F|88/100
|-damage|p1a: Weezing|76/100|[from] Stealth Rock
|move|p2a: Hydrapple|Nasty Plot|p2a: Hydrapple
|-boost|p2a: Hydrapple|spa|2
|
|-end|p2a: Hydrapple|move: Heal Block
|upkeep
|turn|32
|
|t:|1757813277
|switch|p2a: Volcanion|Volcanion|100/100
|move|p1a: Weezing|Sludge Bomb|p2a: Volcanion
|-damage|p2a: Volcanion|70/100
|-status|p2a: Volcanion|psn
|
|-damage|p2a: Volcanion|58/100 psn|[from] psn
|upkeep
|turn|33
|
|t:|1757813289
|switch|p1a: Slowbro|Slowbro, F|83/100 brn
|-damage|p1a: Slowbro|71/100 brn|[from] Stealth Rock
|move|p2a: Volcanion|Steam Eruption|p1a: Slowbro
|-resisted|p1a: Slowbro
|-damage|p1a: Slowbro|42/100 brn
|
|-heal|p1a: Slowbro|48/100 brn|[from] item: Leftovers
|-damage|p2a: Volcanion|46/100 psn|[from] psn
|-damage|p1a: Slowbro|42/100 brn|[from] brn
|upkeep
|turn|34
|
|t:|1757813293
|move|p2a: Volcanion|Sludge Bomb|p1a: Slowbro
|-damage|p1a: Slowbro|11/100 brn
|move|p1a: Slowbro|Slack Off|p1a: Slowbro
|-heal|p1a: Slowbro|61/100 brn
|
|-heal|p1a: Slowbro|67/100 brn|[from] item: Leftovers
|-damage|p2a: Volcanion|33/100 psn|[from] psn
|-damage|p1a: Slowbro|61/100 brn|[from] brn
|upkeep
|turn|35
|
|t:|1757813296
|switch|p2a: Hydrapple|Hydrapple, M|93/100
|move|p1a: Slowbro|Slack Off|p1a: Slowbro
|-heal|p1a: Slowbro|100/100 brn
|
|-damage|p1a: Slowbro|94/100 brn|[from] brn
|upkeep
|turn|36
|
|t:|1757813301
|switch|p1a: Weezing|Weezing-Galar, F|76/100
|-damage|p1a: Weezing|64/100|[from] Stealth Rock
|move|p2a: Hydrapple|Giga Drain|p1a: Weezing
|-resisted|p1a: Weezing
|-damage|p1a: Weezing|53/100
|-heal|p2a: Hydrapple|97/100|[from] drain|[of] p1a: Weezing
|
|upkeep
|turn|37
|
|t:|1757813307
|-terastallize|p2a: Hydrapple|Steel
|move|p1a: Weezing|Sludge Bomb|p2a: Hydrapple
|-immune|p2a: Hydrapple
|move|p2a: Hydrapple|Nasty Plot|p2a: Hydrapple
|-boost|p2a: Hydrapple|spa|2
|
|upkeep
|turn|38
|
|t:|1757813311
|move|p1a: Weezing|Flamethrower|p2a: Hydrapple
|-supereffective|p2a: Hydrapple
|-damage|p2a: Hydrapple|60/100
|move|p2a: Hydrapple|Giga Drain|p1a: Weezing
|-resisted|p1a: Weezing
|-damage|p1a: Weezing|36/100
|-heal|p2a: Hydrapple|67/100|[from] drain|[of] p1a: Weezing
|
|upkeep
|turn|39
|
|t:|1757813318
|move|p1a: Weezing|Flamethrower|p2a: Hydrapple
|-supereffective|p2a: Hydrapple
|-damage|p2a: Hydrapple|27/100
|move|p2a: Hydrapple|Giga Drain|p1a: Weezing
|-resisted|p1a: Weezing
|-damage|p1a: Weezing|18/100
|-heal|p2a: Hydrapple|35/100|[from] drain|[of] p1a: Weezing
|
|upkeep
|turn|40
|
|t:|1757813323
|switch|p2a: Volcanion|Volcanion|33/100 psn
|move|p1a: Weezing|Flamethrower|p2a: Volcanion
|-resisted|p2a: Volcanion
|-damage|p2a: Volcanion|28/100 psn
|
|-damage|p2a: Volcanion|16/100 psn|[from] psn
|upkeep
|turn|41
|
|t:|1757813340
|move|p2a: Volcanion|Steam Eruption|p1a: Weezing
|-damage|p1a: Weezing|0 fnt
|faint|p1a: Weezing
|
|-damage|p2a: Volcanion|4/100 psn|[from] psn
|upkeep
|
|t:|1757813342
|switch|p1a: Darkrai|Darkrai|100/100
|-damage|p1a: Darkrai|88/100|[from] Stealth Rock
|turn|42
|
|t:|1757813348
|move|p1a: Darkrai|Dark Pulse|p2a: Volcanion
|-damage|p2a: Volcanion|0 fnt
|faint|p2a: Volcanion
|
|upkeep
|
|t:|1757813357
|switch|p2a: Landorus|Landorus-Therian, M|15/100 psn
|-ability|p2a: Landorus|Intimidate|boost
|-unboost|p1a: Darkrai|atk|1
|turn|43
|
|t:|1757813363
|switch|p1a: Empoleon|Empoleon, F, shiny|84/100
|-damage|p1a: Empoleon|78/100|[from] Stealth Rock
|move|p2a: Landorus|U-turn|p1a: Empoleon
|-resisted|p1a: Empoleon
|-damage|p1a: Empoleon|59/100
|inactive|stootic has 120 seconds left.
|
|t:|1757813393
|switch|p2a: Hydrapple|Hydrapple, M, tera:Steel|68/100|[from] U-turn
|
|upkeep
|turn|44
|
|t:|1757813401
|move|p1a: Empoleon|Hydro Pump|p2a: Hydrapple
|-damage|p2a: Hydrapple|15/100
|move|p2a: Hydrapple|Giga Drain|p1a: Empoleon
|-damage|p1a: Empoleon|27/100
|-heal|p2a: Hydrapple|27/100|[from] drain|[of] p1a: Empoleon
|
|upkeep
|turn|45
|
|t:|1757813405
|move|p1a: Empoleon|Hydro Pump|p2a: Hydrapple
|-damage|p2a: Hydrapple|0 fnt
|faint|p2a: Hydrapple
|
|upkeep
|
|t:|1757813409
|switch|p2a: Great Tusk|Great Tusk|63/100 tox
|turn|46
|
|t:|1757813416
|move|p1a: Empoleon|Hydro Pump|p2a: Great Tusk
|-supereffective|p2a: Great Tusk
|-crit|p2a: Great Tusk
|-damage|p2a: Great Tusk|0 fnt
|faint|p2a: Great Tusk
|-end|p2a: Great Tusk|Protosynthesis|[silent]
|
|upkeep
|
|t:|1757813419
|switch|p2a: Landorus|Landorus-Therian, M|15/100 psn
|-ability|p2a: Landorus|Intimidate|boost
|-unboost|p1a: Empoleon|atk|1
|-ability|p1a: Empoleon|Competitive|boost
|-boost|p1a: Empoleon|spa|2
|turn|47
|
|t:|1757813422
|move|p2a: Landorus|Earthquake|p1a: Empoleon
|-supereffective|p1a: Empoleon
|-damage|p1a: Empoleon|0 fnt
|faint|p1a: Empoleon
|
|-damage|p2a: Landorus|3/100 psn|[from] psn
|upkeep
|
|t:|1757813424
|switch|p1a: Gliscor|Gliscor, M|92/100 tox
|-damage|p1a: Gliscor|79/100 tox|[from] Stealth Rock
|turn|48
|
|t:|1757813428
|move|p2a: Landorus|Earthquake|p1a: Gliscor
|-immune|p1a: Gliscor
|move|p1a: Gliscor|Spikes|p2a: Landorus
|-sidestart|p2: stootic|Spikes
|
|-damage|p2a: Landorus|0 fnt|[from] psn
|faint|p2a: Landorus
|
|win|Papagayo32
|raw|Papagayo32's rating: 1453 &rarr; <strong>1476</strong><br />(+23 for winning)
|raw|stootic's rating: 1514 &rarr; <strong>1491</strong><br />(-23 for losing)
|l|☆stootic
|player|p2|
|l|☆Papagayo32
|player|p1|
