|j|☆SmoggyPoggy
|j|☆loneslopeman
|t:|1757911905
|gametype|singles
|player|p1|SmoggyPoggy|rosa|1210
|player|p2|loneslopeman|1|1186
|gen|9
|tier|[Gen 9] OU
|rated|
|rule|HP Percentage Mod: HP is shown in percentages
|rule|Endless Battle Clause: Forcing endless battles is banned
|rule|Species Clause: Limit one of each Pokémon
|rule|OHKO Clause: OHKO moves are banned
|rule|Evasion Items Clause: Evasion items are banned
|rule|Evasion Moves Clause: Evasion moves are banned
|rule|Evasion Abilities Clause: Evasion abilities are banned
|rule|Sleep Moves Clause: Sleep-inducing moves are banned
|clearpoke
|poke|p1|Pincurchin, F|
|poke|p1|Iron Moth|
|poke|p1|Iron Leaves|
|poke|p1|Raging Bolt|
|poke|p1|Weezing-Galar, F|
|poke|p1|Ting-Lu|
|poke|p2|Zarude-Dada|
|poke|p2|Torkoal, M|
|poke|p2|Scream Tail|
|poke|p2|Great Tusk|
|poke|p2|Zamazenta-*|
|poke|p2|Walking Wake|
|teampreview
|inactive|Battle timer is ON: inactive players will automatically lose when time's up. (requested by SmoggyPoggy)
|
|t:|1757911915
|teamsize|p1|6
|teamsize|p2|6
|start
|switch|p1a: Pincurchin|Pincurchin, F|100/100
|switch|p2a: Great Tusk|Great Tusk|100/100
|-fieldstart|move: Electric Terrain|[from] ability: Electric Surge|[of] p1a: Pincurchin
|turn|1
|
|t:|1757911924
|switch|p1a: Iron Moth|Iron Moth|100/100
|-item|p1a: Iron Moth|Air Balloon
|-activate|p1a: Iron Moth|ability: Quark Drive
|-start|p1a: Iron Moth|quarkdrivespe
|move|p2a: Great Tusk|Rapid Spin|p1a: Iron Moth
|-damage|p1a: Iron Moth|72/100
|-boost|p2a: Great Tusk|spe|1
|-enditem|p1a: Iron Moth|Air Balloon
|
|upkeep
|turn|2
|
|t:|1757911935
|-end|p1a: Iron Moth|Quark Drive|[silent]
|switch|p1a: Weezing|Weezing-Galar, F|100/100
|move|p2a: Great Tusk|Earthquake|p1a: Weezing
|-immune|p1a: Weezing|[from] ability: Levitate
|
|upkeep
|turn|3
|
|t:|1757911943
|-end|p2a: Great Tusk|Protosynthesis|[silent]
|switch|p2a: Torkoal|Torkoal, M|100/100
|-weather|SunnyDay|[from] ability: Drought|[of] p2a: Torkoal
|move|p1a: Weezing|Will-O-Wisp|p2a: Torkoal
|-immune|p2a: Torkoal
|
|-weather|SunnyDay|[upkeep]
|upkeep
|turn|4
|
|t:|1757911954
|move|p1a: Weezing|Strange Steam|p2a: Torkoal
|-resisted|p2a: Torkoal
|-damage|p2a: Torkoal|84/100
|move|p2a: Torkoal|Stealth Rock|p1a: Weezing
|-sidestart|p1: SmoggyPoggy|move: Stealth Rock
|
|-weather|SunnyDay|[upkeep]
|upkeep
|turn|5
|
|t:|1757911962
|switch|p1a: Iron Leaves|Iron Leaves|100/100
|-damage|p1a: Iron Leaves|88/100|[from] Stealth Rock
|-activate|p1a: Iron Leaves|ability: Quark Drive
|-start|p1a: Iron Leaves|quarkdrivespe
|move|p2a: Torkoal|Lava Plume|p1a: Iron Leaves
|-supereffective|p1a: Iron Leaves
|-damage|p1a: Iron Leaves|16/100
|
|-weather|SunnyDay|[upkeep]
|upkeep
|turn|6
|
|t:|1757911973
|move|p1a: Iron Leaves|Psyblade|p2a: Torkoal
|-damage|p2a: Torkoal|33/100
|move|p2a: Torkoal|Lava Plume|p1a: Iron Leaves
|-supereffective|p1a: Iron Leaves
|-damage|p1a: Iron Leaves|0 fnt
|faint|p1a: Iron Leaves
|-end|p1a: Iron Leaves|Quark Drive|[silent]
|
|-weather|SunnyDay|[upkeep]
|upkeep
|
|t:|1757911984
|switch|p1a: Iron Moth|Iron Moth|72/100
|-damage|p1a: Iron Moth|47/100|[from] Stealth Rock
|-activate|p1a: Iron Moth|ability: Quark Drive
|-start|p1a: Iron Moth|quarkdrivespe
|turn|7
|
|t:|1757911994
|switch|p2a: Walking Wake|Walking Wake|100/100
|-activate|p2a: Walking Wake|ability: Protosynthesis
|-start|p2a: Walking Wake|protosynthesisspe
|-terastallize|p1a: Iron Moth|Fire
|move|p1a: Iron Moth|Fiery Dance|p2a: Walking Wake
|-resisted|p2a: Walking Wake
|-damage|p2a: Walking Wake|78/100
|
|-weather|SunnyDay|[upkeep]
|upkeep
|turn|8
|
|t:|1757912007
|move|p1a: Iron Moth|Dazzling Gleam|p2a: Walking Wake
|-supereffective|p2a: Walking Wake
|-damage|p2a: Walking Wake|9/100
|move|p2a: Walking Wake|Hydro Steam|p1a: Iron Moth
|-supereffective|p1a: Iron Moth
|-damage|p1a: Iron Moth|0 fnt
|faint|p1a: Iron Moth
|-end|p1a: Iron Moth|Quark Drive|[silent]
|-damage|p2a: Walking Wake|0 fnt|[from] item: Life Orb
|faint|p2a: Walking Wake
|-end|p2a: Walking Wake|Protosynthesis|[silent]
|
|-weather|SunnyDay|[upkeep]
|-fieldend|move: Electric Terrain
|upkeep
|
|t:|1757912017
|switch|p1a: Ting-Lu|Ting-Lu|100/100
|switch|p2a: Great Tusk|Great Tusk|100/100
|-damage|p1a: Ting-Lu|94/100|[from] Stealth Rock
|-ability|p1a: Ting-Lu|Vessel of Ruin
|-activate|p2a: Great Tusk|ability: Protosynthesis
|-start|p2a: Great Tusk|protosynthesisatk
|turn|9
|
|t:|1757912035
|-terastallize|p2a: Great Tusk|Ground
|move|p2a: Great Tusk|Earthquake|p1a: Ting-Lu
|-damage|p1a: Ting-Lu|44/100
|move|p1a: Ting-Lu|Ruination|p2a: Great Tusk
|-damage|p2a: Great Tusk|50/100
|
|-weather|SunnyDay|[upkeep]
|-heal|p1a: Ting-Lu|50/100|[from] item: Leftovers
|upkeep
|turn|10
|
|t:|1757912048
|-end|p2a: Great Tusk|Protosynthesis|[silent]
|switch|p2a: Scream Tail|Scream Tail|100/100
|-activate|p2a: Scream Tail|ability: Protosynthesis
|-start|p2a: Scream Tail|protosynthesisspd
|switch|p1a: Weezing|Weezing-Galar, F|100/100
|-damage|p1a: Weezing|88/100|[from] Stealth Rock
|
|-weather|none
|-end|p2a: Scream Tail|Protosynthesis
|-heal|p1a: Weezing|94/100|[from] item: Black Sludge
|upkeep
|turn|11
|
|t:|1757912068
|move|p2a: Scream Tail|Light Screen|p2a: Scream Tail
|-sidestart|p2: loneslopeman|move: Light Screen
|move|p1a: Weezing|Will-O-Wisp|p2a: Scream Tail
|-status|p2a: Scream Tail|brn
|
|-heal|p1a: Weezing|99/100|[from] item: Black Sludge
|-damage|p2a: Scream Tail|94/100 brn|[from] brn
|upkeep
|turn|12
|
|t:|1757912073
|switch|p1a: Pincurchin|Pincurchin, F|100/100
|-damage|p1a: Pincurchin|88/100|[from] Stealth Rock
|-fieldstart|move: Electric Terrain|[from] ability: Electric Surge|[of] p1a: Pincurchin
|move|p2a: Scream Tail|Psychic Noise|p1a: Pincurchin
|-damage|p1a: Pincurchin|62/100
|-start|p1a: Pincurchin|move: Heal Block
|
|-damage|p2a: Scream Tail|88/100 brn|[from] brn
|upkeep
|turn|13
|
|t:|1757912085
|-end|p2a: Scream Tail|Protosynthesis|[silent]
|switch|p2a: Great Tusk|Great Tusk, tera:Ground|50/100
|switch|p1a: Raging Bolt|Raging Bolt|100/100
|-damage|p1a: Raging Bolt|88/100|[from] Stealth Rock
|
|-heal|p1a: Raging Bolt|94/100|[from] item: Leftovers
|upkeep
|turn|14
|
|t:|1757912107
|-end|p2a: Great Tusk|Protosynthesis|[silent]
|switch|p2a: Scream Tail|Scream Tail|88/100 brn
|-end|p1a: Raging Bolt|Protosynthesis|[silent]
|switch|p1a: Weezing|Weezing-Galar, F|99/100
|-damage|p1a: Weezing|88/100|[from] Stealth Rock
|
|-heal|p1a: Weezing|94/100|[from] item: Black Sludge
|-damage|p2a: Scream Tail|82/100 brn|[from] brn
|upkeep
|turn|15
|
|t:|1757912114
|switch|p1a: Ting-Lu|Ting-Lu|50/100
|-damage|p1a: Ting-Lu|44/100|[from] Stealth Rock
|-ability|p1a: Ting-Lu|Vessel of Ruin
|move|p2a: Scream Tail|Psychic Noise|p1a: Ting-Lu
|-immune|p1a: Ting-Lu
|
|-heal|p1a: Ting-Lu|50/100|[from] item: Leftovers
|-damage|p2a: Scream Tail|76/100 brn|[from] brn
|upkeep
|turn|16
|
|t:|1757912121
|-end|p2a: Scream Tail|Protosynthesis|[silent]
|switch|p2a: Zarude|Zarude-Dada|100/100
|move|p1a: Ting-Lu|Stealth Rock|p2a: Zarude
|-sidestart|p2: loneslopeman|move: Stealth Rock
|
|-heal|p1a: Ting-Lu|56/100|[from] item: Leftovers
|upkeep
|turn|17
|
|t:|1757912130
|move|p2a: Zarude|Knock Off|p1a: Ting-Lu
|-resisted|p1a: Ting-Lu
|-damage|p1a: Ting-Lu|45/100
|-enditem|p1a: Ting-Lu|Leftovers|[from] move: Knock Off|[of] p2a: Zarude
|move|p1a: Ting-Lu|Ruination|p2a: Zarude
|-damage|p2a: Zarude|51/100
|
|-heal|p2a: Zarude|57/100|[from] item: Leftovers
|upkeep
|turn|18
|
|t:|1757912139
|move|p2a: Zarude|Petal Blizzard|p1a: Ting-Lu
|-supereffective|p1a: Ting-Lu
|-damage|p1a: Ting-Lu|6/100
|move|p1a: Ting-Lu|Whirlwind|p2a: Zarude
|drag|p2a: Zamazenta|Zamazenta|100/100
|-damage|p2a: Zamazenta|94/100|[from] Stealth Rock
|-ability|p2a: Zamazenta|Dauntless Shield|boost
|-boost|p2a: Zamazenta|def|1
|
|-heal|p2a: Zamazenta|100/100|[from] item: Leftovers
|-sideend|p2: loneslopeman|move: Light Screen
|upkeep
|turn|19
|
|t:|1757912153
|move|p2a: Zamazenta|Body Press|p1a: Ting-Lu
|-supereffective|p1a: Ting-Lu
|-damage|p1a: Ting-Lu|0 fnt
|faint|p1a: Ting-Lu
|
|-fieldend|move: Electric Terrain
|upkeep
|
|t:|1757912157
|switch|p1a: Pincurchin|Pincurchin, F|62/100
|-damage|p1a: Pincurchin|50/100|[from] Stealth Rock
|-fieldstart|move: Electric Terrain|[from] ability: Electric Surge|[of] p1a: Pincurchin
|turn|20
|
|t:|1757912167
|move|p2a: Zamazenta|Body Press|p1a: Pincurchin
|-damage|p1a: Pincurchin|2/100
|move|p1a: Pincurchin|Thunder Wave|p2a: Zamazenta
|-status|p2a: Zamazenta|par
|
|upkeep
|turn|21
|
|t:|1757912173
|move|p2a: Zamazenta|Body Press|p1a: Pincurchin
|-damage|p1a: Pincurchin|0 fnt
|faint|p1a: Pincurchin
|
|upkeep
|
|t:|1757912181
|switch|p1a: Raging Bolt|Raging Bolt|94/100
|-damage|p1a: Raging Bolt|82/100|[from] Stealth Rock
|turn|22
|
|t:|1757912189
|move|p1a: Raging Bolt|Calm Mind|p1a: Raging Bolt
|-boost|p1a: Raging Bolt|spa|1
|-boost|p1a: Raging Bolt|spd|1
|move|p2a: Zamazenta|Body Press|p1a: Raging Bolt
|-damage|p1a: Raging Bolt|38/100
|
|-heal|p1a: Raging Bolt|44/100|[from] item: Leftovers
|upkeep
|turn|23
|
|t:|1757912196
|move|p1a: Raging Bolt|Rising Voltage|p2a: Zamazenta
|-hint|Rising Voltage's BP doubled on grounded target.
|-damage|p2a: Zamazenta|0 fnt
|faint|p2a: Zamazenta
|
|-heal|p1a: Raging Bolt|50/100|[from] item: Leftovers
|upkeep
|
|t:|1757912212
|switch|p2a: Scream Tail|Scream Tail|76/100 brn
|-damage|p2a: Scream Tail|63/100 brn|[from] Stealth Rock
|turn|24
|
|t:|1757912220
|move|p1a: Raging Bolt|Thunderclap||[still]
|-fail|p1a: Raging Bolt
|move|p2a: Scream Tail|Light Screen|p2a: Scream Tail
|-sidestart|p2: loneslopeman|move: Light Screen
|
|-heal|p1a: Raging Bolt|56/100|[from] item: Leftovers
|-damage|p2a: Scream Tail|57/100 brn|[from] brn
|upkeep
|turn|25
|
|t:|1757912229
|move|p1a: Raging Bolt|Thunderclap|p2a: Scream Tail
|-damage|p2a: Scream Tail|31/100 brn
|move|p2a: Scream Tail|Psychic Noise|p1a: Raging Bolt
|-damage|p1a: Raging Bolt|46/100
|-start|p1a: Raging Bolt|move: Heal Block
|
|-damage|p2a: Scream Tail|24/100 brn|[from] brn
|upkeep
|turn|26
|
|t:|1757912245
|-end|p2a: Scream Tail|Protosynthesis|[silent]
|switch|p2a: Great Tusk|Great Tusk, tera:Ground|50/100
|-damage|p2a: Great Tusk|44/100|[from] Stealth Rock
|move|p1a: Raging Bolt|Calm Mind|p1a: Raging Bolt
|-boost|p1a: Raging Bolt|spa|1
|-boost|p1a: Raging Bolt|spd|1
|
|-end|p1a: Raging Bolt|move: Heal Block
|upkeep
|turn|27
|
|t:|1757912261
|move|p2a: Great Tusk|Ice Spinner|p1a: Raging Bolt
|-supereffective|p1a: Raging Bolt
|-damage|p1a: Raging Bolt|0 fnt
|-fieldend|move: Electric Terrain
|faint|p1a: Raging Bolt
|-end|p1a: Raging Bolt|Protosynthesis|[silent]
|
|upkeep
|
|t:|1757912268
|switch|p1a: Weezing|Weezing-Galar, F|94/100
|-damage|p1a: Weezing|82/100|[from] Stealth Rock
|turn|28
|
|t:|1757912275
|-end|p2a: Great Tusk|Protosynthesis|[silent]
|switch|p2a: Torkoal|Torkoal, M|33/100
|-damage|p2a: Torkoal|8/100|[from] Stealth Rock
|-weather|SunnyDay|[from] ability: Drought|[of] p2a: Torkoal
|move|p1a: Weezing|Will-O-Wisp|p2a: Torkoal
|-immune|p2a: Torkoal
|
|-weather|SunnyDay|[upkeep]
|-heal|p1a: Weezing|88/100|[from] item: Black Sludge
|upkeep
|turn|29
|
|t:|1757912284
|move|p1a: Weezing|Strange Steam|p2a: Torkoal
|-resisted|p2a: Torkoal
|-damage|p2a: Torkoal|0 fnt
|faint|p2a: Torkoal
|
|-weather|SunnyDay|[upkeep]
|-heal|p1a: Weezing|94/100|[from] item: Black Sludge
|upkeep
|
|t:|1757912287
|switch|p2a: Zarude|Zarude-Dada|57/100
|-damage|p2a: Zarude|44/100|[from] Stealth Rock
|turn|30
|
|t:|1757912300
|move|p2a: Zarude|Synthesis|p2a: Zarude
|-heal|p2a: Zarude|100/100
|move|p1a: Weezing|Will-O-Wisp|p2a: Zarude
|-immune|p2a: Zarude|[from] ability: Leaf Guard
|
|-weather|SunnyDay|[upkeep]
|-heal|p1a: Weezing|99/100|[from] item: Black Sludge
|upkeep
|turn|31
|
|t:|1757912309
|move|p2a: Zarude|Knock Off|p1a: Weezing
|-resisted|p1a: Weezing
|-crit|p1a: Weezing
|-damage|p1a: Weezing|74/100
|-enditem|p1a: Weezing|Black Sludge|[from] move: Knock Off|[of] p2a: Zarude
|move|p1a: Weezing|Strange Steam|p2a: Zarude
|-supereffective|p2a: Zarude
|-damage|p2a: Zarude|77/100
|
|-weather|SunnyDay|[upkeep]
|-heal|p2a: Zarude|83/100|[from] item: Leftovers
|-sideend|p2: loneslopeman|move: Light Screen
|upkeep
|turn|32
|
|t:|1757912319
|move|p2a: Zarude|Petal Blizzard|p1a: Weezing
|-resisted|p1a: Weezing
|-damage|p1a: Weezing|56/100
|move|p1a: Weezing|Strange Steam|p2a: Zarude
|-supereffective|p2a: Zarude
|-damage|p2a: Zarude|35/100
|
|-weather|SunnyDay|[upkeep]
|-heal|p2a: Zarude|41/100|[from] item: Leftovers
|upkeep
|turn|33
|
|t:|1757912328
|move|p2a: Zarude|Synthesis|p2a: Zarude
|-heal|p2a: Zarude|100/100
|move|p1a: Weezing|Strange Steam|p2a: Zarude
|-supereffective|p2a: Zarude
|-crit|p2a: Zarude
|-damage|p2a: Zarude|23/100
|
|-weather|SunnyDay|[upkeep]
|-heal|p2a: Zarude|29/100|[from] item: Leftovers
|upkeep
|turn|34
|
|t:|1757912336
|move|p2a: Zarude|Synthesis|p2a: Zarude
|-heal|p2a: Zarude|96/100
|move|p1a: Weezing|Strange Steam|p2a: Zarude|[miss]
|-miss|p1a: Weezing|p2a: Zarude
|
|-weather|SunnyDay|[upkeep]
|-heal|p2a: Zarude|100/100|[from] item: Leftovers
|upkeep
|turn|35
|
|t:|1757912341
|move|p2a: Zarude|Petal Blizzard|p1a: Weezing
|-resisted|p1a: Weezing
|-damage|p1a: Weezing|41/100
|move|p1a: Weezing|Strange Steam|p2a: Zarude
|-supereffective|p2a: Zarude
|-damage|p2a: Zarude|53/100
|
|-weather|none
|-heal|p2a: Zarude|59/100|[from] item: Leftovers
|upkeep
|turn|36
|
|t:|1757912353
|move|p2a: Zarude|Petal Blizzard|p1a: Weezing
|-resisted|p1a: Weezing
|-damage|p1a: Weezing|25/100
|move|p1a: Weezing|Pain Split|p2a: Zarude
|-sethp|p2a: Zarude|41/100|[from] move: Pain Split|[silent]
|-sethp|p1a: Weezing|43/100|[from] move: Pain Split
|
|-heal|p2a: Zarude|47/100|[from] item: Leftovers
|upkeep
|turn|37
|
|t:|1757912370
|move|p2a: Zarude|Petal Blizzard|p1a: Weezing
|-resisted|p1a: Weezing
|-damage|p1a: Weezing|28/100
|move|p1a: Weezing|Strange Steam|p2a: Zarude
|-supereffective|p2a: Zarude
|-damage|p2a: Zarude|0 fnt
|faint|p2a: Zarude
|
|upkeep
|
|t:|1757912380
|switch|p2a: Great Tusk|Great Tusk, tera:Ground|44/100
|-damage|p2a: Great Tusk|38/100|[from] Stealth Rock
|turn|38
|
|t:|1757912388
|move|p2a: Great Tusk|Supercell Slam|p1a: Weezing|[miss]
|-miss|p2a: Great Tusk|p1a: Weezing
|-damage|p2a: Great Tusk|0 fnt|[from] supercellslam
|faint|p2a: Great Tusk
|-end|p2a: Great Tusk|Protosynthesis|[silent]
|move|p1a: Weezing|Strange Steam|p2: Great Tusk|[notarget]
|-fail|p1a: Weezing
|
|upkeep
|
|t:|1757912391
|switch|p2a: Scream Tail|Scream Tail|24/100 brn
|-damage|p2a: Scream Tail|12/100 brn|[from] Stealth Rock
|turn|39
|
|t:|1757912394
|move|p2a: Scream Tail|Psychic Noise|p1a: Weezing
|-supereffective|p1a: Weezing
|-damage|p1a: Weezing|0 fnt
|faint|p1a: Weezing
|
|win|loneslopeman
|raw|SmoggyPoggy's rating: 1210 &rarr; <strong>1183</strong><br />(-27 for losing)
|raw|loneslopeman's rating: 1186 &rarr; <strong>1213</strong><br />(+27 for winning)
|l|☆SmoggyPoggy
|player|p1|
|l|☆loneslopeman
|player|p2|
