|j|☆krampus gon get u
|j|☆hungrymane
|t:|1757840769
|gametype|singles
|player|p1|krampus gon get u|ninjaboy|1560
|player|p2|hungrymane|101|1661
|gen|9
|tier|[Gen 9] OU
|rated|
|rule|HP Percentage Mod: HP is shown in percentages
|rule|Endless Battle Clause: Forcing endless battles is banned
|rule|Species Clause: Limit one of each Pokémon
|rule|OHKO Clause: OHKO moves are banned
|rule|Evasion Items Clause: Evasion items are banned
|rule|Evasion Moves Clause: Evasion moves are banned
|rule|Evasion Abilities Clause: Evasion abilities are banned
|rule|Sleep Moves Clause: Sleep-inducing moves are banned
|clearpoke
|poke|p1|Ceruledge, F|
|poke|p1|Iron Treads|
|poke|p1|Kyurem|
|poke|p1|Ogerpon-Wellspring, F|
|poke|p1|Iron Valiant|
|poke|p1|Pecharunt|
|poke|p2|Darkrai|
|poke|p2|Iron Valiant|
|poke|p2|Greninja-*, M|
|poke|p2|Hitmonlee, M|
|poke|p2|Indeedee, M|
|poke|p2|Zapdos|
|teampreview
|j| Ctannn
|inactive|Battle timer is ON: inactive players will automatically lose when time's up. (requested by hungrymane)
|
|t:|1757840818
|teamsize|p1|6
|teamsize|p2|6
|start
|switch|p1a: Ogerpon|Ogerpon-Wellspring, F|100/100
|switch|p2a: Iron Valiant|Iron Valiant|100/100
|-enditem|p2a: Iron Valiant|Booster Energy
|-activate|p2a: Iron Valiant|ability: Quark Drive|[fromitem]
|-start|p2a: Iron Valiant|quarkdrivespe
|turn|1
|
|t:|1757840842
|switch|p1a: Pecharunt|Pecharunt|100/100
|move|p2a: Iron Valiant|Swords Dance|p2a: Iron Valiant
|-boost|p2a: Iron Valiant|atk|2
|
|upkeep
|turn|2
|
|t:|1757840882
|move|p2a: Iron Valiant|Knock Off|p1a: Pecharunt
|-supereffective|p1a: Pecharunt
|-damage|p1a: Pecharunt|43/100
|-enditem|p1a: Pecharunt|Heavy-Duty Boots|[from] move: Knock Off|[of] p2a: Iron Valiant
|move|p1a: Pecharunt|Parting Shot|p2a: Iron Valiant
|-unboost|p2a: Iron Valiant|atk|1
|-unboost|p2a: Iron Valiant|spa|1
|inactive|krampus gon get u has 120 seconds left.
|
|t:|1757840904
|switch|p1a: Ceruledge|Ceruledge, F|100/100|[from] Parting Shot
|
|upkeep
|turn|3
|
|t:|1757840924
|-end|p2a: Iron Valiant|Quark Drive|[silent]
|switch|p2a: Greninja|Greninja, M|100/100
|move|p1a: Ceruledge|Swords Dance|p1a: Ceruledge
|-boost|p1a: Ceruledge|atk|2
|
|upkeep
|turn|4
|
|t:|1757840942
|move|p2a: Greninja|Spikes|p1a: Ceruledge
|-start|p2a: Greninja|typechange|Ground|[from] ability: Protean
|-sidestart|p1: krampus gon get u|Spikes
|move|p1a: Ceruledge|Poltergeist|p2a: Greninja
|-activate|p2a: Greninja|move: Poltergeist|Rocky Helmet
|-damage|p2a: Greninja|0 fnt
|faint|p2a: Greninja
|
|upkeep
|
|t:|1757840950
|switch|p2a: Indeedee|Indeedee, M|100/100
|-fieldstart|move: Psychic Terrain|[from] ability: Psychic Surge|[of] p2a: Indeedee
|turn|5
|
|t:|1757840958
|switch|p1a: Iron Treads|Iron Treads|100/100
|-damage|p1a: Iron Treads|88/100|[from] Spikes
|move|p2a: Indeedee|Trick|p1a: Iron Treads
|-activate|p2a: Indeedee|move: Trick|[of] p1a: Iron Treads
|-item|p1a: Iron Treads|Choice Scarf|[from] move: Trick
|-item|p2a: Indeedee|Leftovers|[from] move: Trick
|
|upkeep
|turn|6
|
|t:|1757840979
|switch|p2a: Darkrai|Darkrai|100/100
|move|p1a: Iron Treads|Rapid Spin|p2a: Darkrai
|-damage|p2a: Darkrai|83/100
|-boost|p1a: Iron Treads|spe|1
|-sideend|p1: krampus gon get u|Spikes|[from] move: Rapid Spin|[of] p1a: Iron Treads
|
|upkeep
|turn|7
|inactive|krampus gon get u has 120 seconds left.
|
|t:|1757841006
|-end|p1a: Iron Treads|Quark Drive|[silent]
|switch|p1a: Iron Valiant|Iron Valiant|100/100
|-enditem|p1a: Iron Valiant|Booster Energy
|-activate|p1a: Iron Valiant|ability: Quark Drive|[fromitem]
|-start|p1a: Iron Valiant|quarkdrivespe
|move|p2a: Darkrai|Will-O-Wisp|p1a: Iron Valiant
|-status|p1a: Iron Valiant|brn
|
|-damage|p1a: Iron Valiant|94/100 brn|[from] brn
|upkeep
|turn|8
|inactive|hungrymane has 120 seconds left.
|
|t:|1757841029
|switch|p2a: Iron Valiant|Iron Valiant|100/100
|move|p1a: Iron Valiant|Moonblast|p2a: Iron Valiant
|-supereffective|p2a: Iron Valiant
|-damage|p2a: Iron Valiant|0 fnt
|faint|p2a: Iron Valiant
|-end|p2a: Iron Valiant|Quark Drive|[silent]
|
|-damage|p1a: Iron Valiant|88/100 brn|[from] brn
|upkeep
|
|t:|1757841032
|switch|p2a: Indeedee|Indeedee, M|100/100
|turn|9
|
|t:|1757841062
|move|p1a: Iron Valiant|Moonblast|p2a: Indeedee
|-damage|p2a: Indeedee|36/100
|move|p2a: Indeedee|Expanding Force|p1a: Iron Valiant
|-supereffective|p1a: Iron Valiant
|-damage|p1a: Iron Valiant|0 fnt
|faint|p1a: Iron Valiant
|-end|p1a: Iron Valiant|Quark Drive|[silent]
|
|-heal|p2a: Indeedee|42/100|[from] item: Leftovers
|-fieldend|move: Psychic Terrain
|upkeep
|inactive|krampus gon get u has 90 seconds left.
|
|t:|1757841078
|switch|p1a: Ogerpon|Ogerpon-Wellspring, F|100/100
|turn|10
|inactive|krampus gon get u has 90 seconds left.
|
|t:|1757841088
|switch|p2a: Darkrai|Darkrai|83/100
|move|p1a: Ogerpon|Ivy Cudgel|p2a: Darkrai|[anim] Ivy Cudgel Water
|-damage|p2a: Darkrai|10/100
|
|upkeep
|turn|11
|inactive|krampus gon get u has 90 seconds left.
|
|t:|1757841108
|switch|p1a: Iron Treads|Iron Treads|88/100
|move|p2a: Darkrai|Dark Pulse|p1a: Iron Treads
|-damage|p1a: Iron Treads|53/100
|
|upkeep
|turn|12
|inactive|krampus gon get u has 90 seconds left.
|
|t:|1757841128
|move|p2a: Darkrai|Dark Pulse|p1a: Iron Treads
|-damage|p1a: Iron Treads|11/100
|cant|p1a: Iron Treads|flinch
|
|upkeep
|turn|13
|
|t:|1757841134
|move|p2a: Darkrai|Dark Pulse|p1a: Iron Treads
|-damage|p1a: Iron Treads|0 fnt
|faint|p1a: Iron Treads
|-end|p1a: Iron Treads|Quark Drive|[silent]
|
|upkeep
|
|t:|1757841138
|switch|p1a: Ceruledge|Ceruledge, F|100/100
|turn|14
|
|t:|1757841145
|switch|p2a: Indeedee|Indeedee, M|42/100
|-fieldstart|move: Psychic Terrain|[from] ability: Psychic Surge|[of] p2a: Indeedee
|move|p1a: Ceruledge|Shadow Sneak|p2a: Indeedee
|-activate|p2a: Indeedee|move: Psychic Terrain
|
|-heal|p2a: Indeedee|48/100|[from] item: Leftovers
|upkeep
|turn|15
|
|t:|1757841155
|switch|p1a: Kyurem|Kyurem|100/100
|-ability|p1a: Kyurem|Pressure
|move|p2a: Indeedee|Healing Wish|p2a: Indeedee
|faint|p2a: Indeedee
|
|upkeep
|
|t:|1757841158
|switch|p2a: Hitmonlee|Hitmonlee, M|100/100
|-enditem|p2a: Hitmonlee|Psychic Seed
|-boost|p2a: Hitmonlee|spd|1|[from] item: Psychic Seed
|turn|16
|
|t:|1757841172
|move|p2a: Hitmonlee|Knock Off|p1a: Kyurem
|-damage|p1a: Kyurem|65/100
|-enditem|p1a: Kyurem|Choice Specs|[from] move: Knock Off|[of] p2a: Hitmonlee
|move|p1a: Kyurem|Draco Meteor|p2a: Hitmonlee
|-crit|p2a: Hitmonlee
|-damage|p2a: Hitmonlee|0 fnt
|-unboost|p1a: Kyurem|spa|2
|faint|p2a: Hitmonlee
|
|upkeep
|
|t:|1757841174
|switch|p2a: Darkrai|Darkrai|10/100
|-heal|p2a: Darkrai|100/100|[from] move: Healing Wish
|turn|17
|inactive|krampus gon get u has 120 seconds left.
|
|t:|1757841190
|-terastallize|p2a: Darkrai|Dark
|move|p2a: Darkrai|Dark Pulse|p1a: Kyurem
|-damage|p1a: Kyurem|8/100
|move|p1a: Kyurem|Draco Meteor|p2a: Darkrai
|-damage|p2a: Darkrai|55/100
|-unboost|p1a: Kyurem|spa|2
|
|upkeep
|turn|18
|
|t:|1757841198
|move|p2a: Darkrai|Dark Pulse|p1a: Kyurem
|-damage|p1a: Kyurem|0 fnt
|faint|p1a: Kyurem
|
|-fieldend|move: Psychic Terrain
|upkeep
|inactive|krampus gon get u has 120 seconds left.
|
|t:|1757841221
|switch|p1a: Ceruledge|Ceruledge, F|100/100
|turn|19
|
|t:|1757841226
|move|p2a: Darkrai|Dark Pulse|p1a: Ceruledge
|-supereffective|p1a: Ceruledge
|-enditem|p1a: Ceruledge|Focus Sash
|-damage|p1a: Ceruledge|1/100
|move|p1a: Ceruledge|Bitter Blade|p2a: Darkrai
|-damage|p2a: Darkrai|0 fnt
|-heal|p1a: Ceruledge|27/100|[from] drain|[of] p2a: Darkrai
|faint|p2a: Darkrai
|
|upkeep
|
|t:|1757841233
|switch|p2a: Zapdos|Zapdos|100/100
|-ability|p2a: Zapdos|Pressure
|turn|20
|
|t:|1757841240
|move|p2a: Zapdos|Charge|p2a: Zapdos
|-boost|p2a: Zapdos|spd|1
|-start|p2a: Zapdos|Charge
|move|p1a: Ceruledge|Poltergeist|p2a: Zapdos
|-activate|p2a: Zapdos|move: Poltergeist|Leftovers
|-damage|p2a: Zapdos|46/100
|
|-heal|p2a: Zapdos|52/100|[from] item: Leftovers
|upkeep
|turn|21
|
|t:|1757841250
|move|p2a: Zapdos|Protect|p2a: Zapdos
|-singleturn|p2a: Zapdos|Protect
|move|p1a: Ceruledge|Poltergeist|p2a: Zapdos
|-activate|p2a: Zapdos|move: Protect
|
|-heal|p2a: Zapdos|58/100|[from] item: Leftovers
|upkeep
|turn|22
|
|t:|1757841255
|move|p2a: Zapdos|Substitute|p2a: Zapdos
|-start|p2a: Zapdos|Substitute
|-damage|p2a: Zapdos|33/100
|move|p1a: Ceruledge|Poltergeist|p2a: Zapdos|[miss]
|-miss|p1a: Ceruledge|p2a: Zapdos
|
|-heal|p2a: Zapdos|40/100|[from] item: Leftovers
|upkeep
|turn|23
|l| Ctannn
|
|t:|1757841263
|move|p2a: Zapdos|Discharge|p1a: Ceruledge
|-damage|p1a: Ceruledge|0 fnt
|faint|p1a: Ceruledge
|-end|p2a: Zapdos|Charge|[silent]
|
|-heal|p2a: Zapdos|46/100|[from] item: Leftovers
|upkeep
|
|t:|1757841276
|switch|p1a: Ogerpon|Ogerpon-Wellspring, F|100/100
|turn|24
|
|t:|1757841282
|move|p1a: Ogerpon|Ivy Cudgel|p2a: Zapdos|[anim] Ivy Cudgel Water
|-end|p2a: Zapdos|Substitute
|move|p2a: Zapdos|Discharge|p1a: Ogerpon
|-damage|p1a: Ogerpon|59/100
|-status|p1a: Ogerpon|par
|
|-heal|p2a: Zapdos|52/100|[from] item: Leftovers
|upkeep
|turn|25
|
|t:|1757841295
|-terastallize|p1a: Ogerpon|Water
|detailschange|p1a: Ogerpon|Ogerpon-Wellspring-Tera, F, tera:Water
|-ability|p1a: Ogerpon|Embody Aspect (Wellspring)|boost
|-boost|p1a: Ogerpon|spd|1
|move|p2a: Zapdos|Protect|p2a: Zapdos
|-singleturn|p2a: Zapdos|Protect
|cant|p1a: Ogerpon|par
|
|-heal|p2a: Zapdos|58/100|[from] item: Leftovers
|upkeep
|turn|26
|
|t:|1757841311
|move|p2a: Zapdos|Substitute|p2a: Zapdos
|-start|p2a: Zapdos|Substitute
|-damage|p2a: Zapdos|33/100
|move|p1a: Ogerpon|Ivy Cudgel|p2a: Zapdos|[anim] Ivy Cudgel Water
|-end|p2a: Zapdos|Substitute
|
|-heal|p2a: Zapdos|40/100|[from] item: Leftovers
|upkeep
|turn|27
|
|t:|1757841319
|move|p2a: Zapdos|Protect|p2a: Zapdos
|-singleturn|p2a: Zapdos|Protect
|move|p1a: Ogerpon|Ivy Cudgel|p2a: Zapdos|[anim] Ivy Cudgel Water
|-activate|p2a: Zapdos|move: Protect
|
|-heal|p2a: Zapdos|46/100|[from] item: Leftovers
|upkeep
|turn|28
|
|t:|1757841323
|move|p2a: Zapdos|Substitute|p2a: Zapdos
|-start|p2a: Zapdos|Substitute
|-damage|p2a: Zapdos|21/100
|move|p1a: Ogerpon|Ivy Cudgel|p2a: Zapdos|[anim] Ivy Cudgel Water
|-end|p2a: Zapdos|Substitute
|
|-heal|p2a: Zapdos|27/100|[from] item: Leftovers
|upkeep
|turn|29
|
|t:|1757841326
|move|p2a: Zapdos|Protect|p2a: Zapdos
|-singleturn|p2a: Zapdos|Protect
|move|p1a: Ogerpon|Ivy Cudgel|p2a: Zapdos|[anim] Ivy Cudgel Water
|-activate|p2a: Zapdos|move: Protect
|
|-heal|p2a: Zapdos|33/100|[from] item: Leftovers
|upkeep
|turn|30
|
|t:|1757841332
|move|p2a: Zapdos|Substitute|p2a: Zapdos
|-start|p2a: Zapdos|Substitute
|-damage|p2a: Zapdos|8/100
|cant|p1a: Ogerpon|par
|
|-heal|p2a: Zapdos|15/100|[from] item: Leftovers
|upkeep
|turn|31
|
|t:|1757841342
|move|p2a: Zapdos|Charge|p2a: Zapdos
|-boost|p2a: Zapdos|spd|1
|-start|p2a: Zapdos|Charge
|cant|p1a: Ogerpon|par
|
|-heal|p2a: Zapdos|21/100|[from] item: Leftovers
|upkeep
|turn|32
|
|t:|1757841347
|move|p2a: Zapdos|Protect|p2a: Zapdos
|-singleturn|p2a: Zapdos|Protect
|move|p1a: Ogerpon|Knock Off|p2a: Zapdos
|-activate|p2a: Zapdos|move: Protect
|
|-heal|p2a: Zapdos|27/100|[from] item: Leftovers
|upkeep
|turn|33
|
|t:|1757841350
|move|p2a: Zapdos|Discharge|p1a: Ogerpon
|-supereffective|p1a: Ogerpon
|-damage|p1a: Ogerpon|0 fnt
|faint|p1a: Ogerpon
|detailschange|p1: Ogerpon|Ogerpon-Wellspring, F|[silent]
|-end|p2a: Zapdos|Charge|[silent]
|
|-heal|p2a: Zapdos|33/100|[from] item: Leftovers
|upkeep
|
|t:|1757841352
|switch|p1a: Pecharunt|Pecharunt|43/100
|turn|34
|
|t:|1757841355
|move|p2a: Zapdos|Discharge|p1a: Pecharunt
|-damage|p1a: Pecharunt|10/100
|move|p1a: Pecharunt|Recover|p1a: Pecharunt
|-heal|p1a: Pecharunt|60/100
|
|-heal|p2a: Zapdos|40/100|[from] item: Leftovers
|upkeep
|turn|35
|
|t:|1757841360
|move|p2a: Zapdos|Charge|p2a: Zapdos
|-boost|p2a: Zapdos|spd|1
|-start|p2a: Zapdos|Charge
|move|p1a: Pecharunt|Recover|p1a: Pecharunt
|-heal|p1a: Pecharunt|100/100
|
|-heal|p2a: Zapdos|46/100|[from] item: Leftovers
|upkeep
|turn|36
|
|t:|1757841363
|move|p2a: Zapdos|Protect|p2a: Zapdos
|-singleturn|p2a: Zapdos|Protect
|move|p1a: Pecharunt|Parting Shot|p2a: Zapdos
|-activate|p2a: Zapdos|move: Protect
|
|-heal|p2a: Zapdos|52/100|[from] item: Leftovers
|upkeep
|turn|37
|
|t:|1757841366
|move|p2a: Zapdos|Discharge|p1a: Pecharunt
|-damage|p1a: Pecharunt|39/100
|-end|p2a: Zapdos|Charge|[silent]
|move|p1a: Pecharunt|Parting Shot|p2a: Zapdos
|-unboost|p2a: Zapdos|atk|1
|-unboost|p2a: Zapdos|spa|1
|
|-heal|p2a: Zapdos|58/100|[from] item: Leftovers
|upkeep
|turn|38
|
|t:|1757841370
|move|p2a: Zapdos|Discharge|p1a: Pecharunt
|-damage|p1a: Pecharunt|16/100
|move|p1a: Pecharunt|Recover|p1a: Pecharunt
|-heal|p1a: Pecharunt|66/100
|
|-heal|p2a: Zapdos|65/100|[from] item: Leftovers
|upkeep
|turn|39
|
|t:|1757841374
|move|p2a: Zapdos|Discharge|p1a: Pecharunt
|-damage|p1a: Pecharunt|42/100
|move|p1a: Pecharunt|Parting Shot|p2a: Zapdos
|-unboost|p2a: Zapdos|atk|1
|-unboost|p2a: Zapdos|spa|1
|
|-heal|p2a: Zapdos|71/100|[from] item: Leftovers
|upkeep
|turn|40
|
|t:|1757841376
|move|p2a: Zapdos|Discharge|p1a: Pecharunt
|-damage|p1a: Pecharunt|26/100
|move|p1a: Pecharunt|Recover|p1a: Pecharunt
|-heal|p1a: Pecharunt|76/100
|
|-heal|p2a: Zapdos|77/100|[from] item: Leftovers
|upkeep
|turn|41
|
|t:|1757841379
|move|p2a: Zapdos|Charge|p2a: Zapdos
|-boost|p2a: Zapdos|spd|1
|-start|p2a: Zapdos|Charge
|move|p1a: Pecharunt|Parting Shot|p2a: Zapdos
|-unboost|p2a: Zapdos|atk|1
|-unboost|p2a: Zapdos|spa|1
|
|-heal|p2a: Zapdos|83/100|[from] item: Leftovers
|upkeep
|turn|42
|j| kopoxokop
|
|t:|1757841382
|move|p2a: Zapdos|Discharge|p1a: Pecharunt
|-damage|p1a: Pecharunt|49/100
|-end|p2a: Zapdos|Charge|[silent]
|move|p1a: Pecharunt|Parting Shot|p2a: Zapdos
|-unboost|p2a: Zapdos|atk|1
|-unboost|p2a: Zapdos|spa|1
|
|-heal|p2a: Zapdos|90/100|[from] item: Leftovers
|upkeep
|turn|43
|
|t:|1757841386
|move|p2a: Zapdos|Charge|p2a: Zapdos
|-boost|p2a: Zapdos|spd|1
|-start|p2a: Zapdos|Charge
|move|p1a: Pecharunt|Recover|p1a: Pecharunt
|-heal|p1a: Pecharunt|99/100
|
|-heal|p2a: Zapdos|96/100|[from] item: Leftovers
|upkeep
|turn|44
|
|t:|1757841388
|move|p2a: Zapdos|Discharge|p1a: Pecharunt
|-damage|p1a: Pecharunt|78/100
|-end|p2a: Zapdos|Charge|[silent]
|move|p1a: Pecharunt|Shadow Ball|p2a: Zapdos
|-activate|p2a: Zapdos|move: Substitute|[damage]
|
|-heal|p2a: Zapdos|100/100|[from] item: Leftovers
|upkeep
|turn|45
|
|t:|1757841394
|move|p2a: Zapdos|Charge|p2a: Zapdos
|-boost|p2a: Zapdos|spd|1
|-start|p2a: Zapdos|Charge
|move|p1a: Pecharunt|Shadow Ball|p2a: Zapdos
|-activate|p2a: Zapdos|move: Substitute|[damage]
|
|upkeep
|turn|46
|
|t:|1757841399
|move|p2a: Zapdos|Discharge|p1a: Pecharunt
|-damage|p1a: Pecharunt|55/100
|-end|p2a: Zapdos|Charge|[silent]
|move|p1a: Pecharunt|Shadow Ball|p2a: Zapdos
|-activate|p2a: Zapdos|move: Substitute|[damage]
|
|upkeep
|turn|47
|
|t:|1757841404
|move|p2a: Zapdos|Charge|p2a: Zapdos
|-boost|p2a: Zapdos|spd|0
|-start|p2a: Zapdos|Charge
|move|p1a: Pecharunt|Shadow Ball|p2a: Zapdos
|-activate|p2a: Zapdos|move: Substitute|[damage]
|
|upkeep
|turn|48
|
|t:|1757841407
|move|p2a: Zapdos|Discharge|p1a: Pecharunt
|-damage|p1a: Pecharunt|31/100
|-end|p2a: Zapdos|Charge|[silent]
|move|p1a: Pecharunt|Parting Shot|p2a: Zapdos
|-unboost|p2a: Zapdos|atk|1
|-unboost|p2a: Zapdos|spa|1
|
|upkeep
|turn|49
|
|t:|1757841412
|move|p2a: Zapdos|Charge|p2a: Zapdos
|-boost|p2a: Zapdos|spd|0
|-start|p2a: Zapdos|Charge
|move|p1a: Pecharunt|Recover|p1a: Pecharunt
|-heal|p1a: Pecharunt|81/100
|
|upkeep
|turn|50
|
|t:|1757841415
|move|p2a: Zapdos|Discharge|p1a: Pecharunt
|-damage|p1a: Pecharunt|63/100
|-end|p2a: Zapdos|Charge|[silent]
|move|p1a: Pecharunt|Parting Shot|p2a: Zapdos
|-unboost|p2a: Zapdos|atk|1
|-unboost|p2a: Zapdos|spa|1
|
|upkeep
|turn|51
|
|t:|1757841418
|move|p2a: Zapdos|Charge|p2a: Zapdos
|-boost|p2a: Zapdos|spd|0
|-start|p2a: Zapdos|Charge
|move|p1a: Pecharunt|Parting Shot|p2a: Zapdos
|-unboost|p2a: Zapdos|atk|0
|-unboost|p2a: Zapdos|spa|0
|
|upkeep
|turn|52
|
|t:|1757841422
|move|p2a: Zapdos|Discharge|p1a: Pecharunt
|-damage|p1a: Pecharunt|46/100
|-status|p1a: Pecharunt|par
|-end|p2a: Zapdos|Charge|[silent]
|move|p1a: Pecharunt|Parting Shot|p2a: Zapdos
|-unboost|p2a: Zapdos|atk|0
|-unboost|p2a: Zapdos|spa|0
|
|upkeep
|turn|53
|
|t:|1757841425
|move|p2a: Zapdos|Charge|p2a: Zapdos
|-boost|p2a: Zapdos|spd|0
|-start|p2a: Zapdos|Charge
|move|p1a: Pecharunt|Recover|p1a: Pecharunt
|-heal|p1a: Pecharunt|96/100 par
|
|upkeep
|turn|54
|
|t:|1757841429
|move|p2a: Zapdos|Discharge|p1a: Pecharunt
|-damage|p1a: Pecharunt|79/100 par
|-end|p2a: Zapdos|Charge|[silent]
|move|p1a: Pecharunt|Parting Shot|p2a: Zapdos
|-unboost|p2a: Zapdos|atk|0
|-unboost|p2a: Zapdos|spa|0
|
|upkeep
|turn|55
|
|t:|1757841431
|move|p2a: Zapdos|Charge|p2a: Zapdos
|-boost|p2a: Zapdos|spd|0
|-start|p2a: Zapdos|Charge
|move|p1a: Pecharunt|Parting Shot|p2a: Zapdos
|-unboost|p2a: Zapdos|atk|0
|-unboost|p2a: Zapdos|spa|0
|
|upkeep
|turn|56
|
|t:|1757841434
|move|p2a: Zapdos|Discharge|p1a: Pecharunt
|-damage|p1a: Pecharunt|61/100 par
|-end|p2a: Zapdos|Charge|[silent]
|move|p1a: Pecharunt|Parting Shot|p2a: Zapdos
|-unboost|p2a: Zapdos|atk|0
|-unboost|p2a: Zapdos|spa|0
|
|upkeep
|turn|57
|
|t:|1757841437
|move|p2a: Zapdos|Charge|p2a: Zapdos
|-boost|p2a: Zapdos|spd|0
|-start|p2a: Zapdos|Charge
|cant|p1a: Pecharunt|par
|
|upkeep
|turn|58
|j| amgodzchild
|
|t:|1757841439
|move|p2a: Zapdos|Discharge|p1a: Pecharunt
|-damage|p1a: Pecharunt|45/100 par
|-end|p2a: Zapdos|Charge|[silent]
|move|p1a: Pecharunt|Parting Shot|p2a: Zapdos
|-unboost|p2a: Zapdos|atk|0
|-unboost|p2a: Zapdos|spa|0
|
|upkeep
|turn|59
|
|t:|1757841443
|move|p2a: Zapdos|Charge|p2a: Zapdos
|-boost|p2a: Zapdos|spd|0
|-start|p2a: Zapdos|Charge
|move|p1a: Pecharunt|Parting Shot|p2a: Zapdos
|-unboost|p2a: Zapdos|atk|0
|-unboost|p2a: Zapdos|spa|0
|
|upkeep
|turn|60
|
|t:|1757841446
|move|p2a: Zapdos|Discharge|p1a: Pecharunt
|-damage|p1a: Pecharunt|27/100 par
|-end|p2a: Zapdos|Charge|[silent]
|move|p1a: Pecharunt|Recover|p1a: Pecharunt
|-heal|p1a: Pecharunt|77/100 par
|
|upkeep
|turn|61
|
|t:|1757841449
|move|p2a: Zapdos|Charge|p2a: Zapdos
|-boost|p2a: Zapdos|spd|0
|-start|p2a: Zapdos|Charge
|move|p1a: Pecharunt|Parting Shot|p2a: Zapdos
|-unboost|p2a: Zapdos|atk|0
|-unboost|p2a: Zapdos|spa|0
|
|upkeep
|turn|62
|
|t:|1757841451
|move|p2a: Zapdos|Discharge|p1a: Pecharunt
|-damage|p1a: Pecharunt|60/100 par
|-end|p2a: Zapdos|Charge|[silent]
|cant|p1a: Pecharunt|par
|
|upkeep
|turn|63
|
|t:|1757841455
|move|p2a: Zapdos|Charge|p2a: Zapdos
|-boost|p2a: Zapdos|spd|0
|-start|p2a: Zapdos|Charge
|cant|p1a: Pecharunt|par
|
|upkeep
|turn|64
|
|t:|1757841458
|move|p2a: Zapdos|Discharge|p1a: Pecharunt
|-damage|p1a: Pecharunt|42/100 par
|-end|p2a: Zapdos|Charge|[silent]
|move|p1a: Pecharunt|Parting Shot|p2a: Zapdos
|-unboost|p2a: Zapdos|atk|0
|-unboost|p2a: Zapdos|spa|0
|
|upkeep
|turn|65
|
|t:|1757841461
|move|p2a: Zapdos|Charge|p2a: Zapdos
|-boost|p2a: Zapdos|spd|0
|-start|p2a: Zapdos|Charge
|move|p1a: Pecharunt|Shadow Ball|p2a: Zapdos
|-end|p2a: Zapdos|Substitute
|
|upkeep
|turn|66
|
|t:|1757841464
|move|p2a: Zapdos|Substitute|p2a: Zapdos
|-start|p2a: Zapdos|Substitute
|-damage|p2a: Zapdos|75/100
|move|p1a: Pecharunt|Shadow Ball|p2a: Zapdos
|-activate|p2a: Zapdos|move: Substitute|[damage]
|
|-heal|p2a: Zapdos|82/100|[from] item: Leftovers
|upkeep
|turn|67
|
|t:|1757841466
|move|p2a: Zapdos|Discharge|p1a: Pecharunt
|-damage|p1a: Pecharunt|25/100 par
|-end|p2a: Zapdos|Charge|[silent]
|move|p1a: Pecharunt|Shadow Ball|p2a: Zapdos
|-activate|p2a: Zapdos|move: Substitute|[damage]
|
|-heal|p2a: Zapdos|88/100|[from] item: Leftovers
|upkeep
|turn|68
|
|t:|1757841469
|move|p2a: Zapdos|Charge|p2a: Zapdos
|-boost|p2a: Zapdos|spd|0
|-start|p2a: Zapdos|Charge
|move|p1a: Pecharunt|Shadow Ball|p2a: Zapdos
|-activate|p2a: Zapdos|move: Substitute|[damage]
|
|-heal|p2a: Zapdos|94/100|[from] item: Leftovers
|upkeep
|turn|69
|
|t:|1757841471
|move|p2a: Zapdos|Discharge|p1a: Pecharunt
|-damage|p1a: Pecharunt|8/100 par
|-end|p2a: Zapdos|Charge|[silent]
|cant|p1a: Pecharunt|par
|
|-heal|p2a: Zapdos|100/100|[from] item: Leftovers
|upkeep
|turn|70
|
|t:|1757841475
|move|p2a: Zapdos|Charge|p2a: Zapdos
|-boost|p2a: Zapdos|spd|0
|-start|p2a: Zapdos|Charge
|cant|p1a: Pecharunt|par
|
|upkeep
|turn|71
|
|t:|1757841476
|move|p2a: Zapdos|Discharge|p1a: Pecharunt
|-damage|p1a: Pecharunt|0 fnt
|faint|p1a: Pecharunt
|-end|p2a: Zapdos|Charge|[silent]
|
|win|hungrymane
|raw|krampus gon get u's rating: 1560 &rarr; <strong>1546</strong><br />(-14 for losing)
|raw|hungrymane's rating: 1661 &rarr; <strong>1675</strong><br />(+14 for winning)
|l|☆hungrymane
|player|p2|
|l|☆krampus gon get u
|player|p1|
