|j|‽FalafelKing123
|j|☆luketheidiot
|t:|1757917300
|gametype|singles
|player|p1|FalafelKing123|guitarist-gen4|1178
|player|p2|luketheidiot|iris-gen5bw2|1206
|gen|9
|tier|[Gen 9] OU
|rated|
|rule|HP Percentage Mod: HP is shown in percentages
|rule|Endless Battle Clause: Forcing endless battles is banned
|rule|Species Clause: Limit one of each Pokémon
|rule|OHKO Clause: OHKO moves are banned
|rule|Evasion Items Clause: Evasion items are banned
|rule|Evasion Moves Clause: Evasion moves are banned
|rule|Evasion Abilities Clause: Evasion abilities are banned
|rule|Sleep Moves Clause: Sleep-inducing moves are banned
|clearpoke
|poke|p1|Great Tusk|
|poke|p1|Heatran, F|
|poke|p1|Rillaboom, F|
|poke|p1|Dragapult, F|
|poke|p1|Cinderace, M|
|poke|p1|Gliscor, M|
|poke|p2|Darkrai|
|poke|p2|Iron Jugulis|
|poke|p2|Ogerpon-Cornerstone, F|
|poke|p2|Meowscarada, F|
|poke|p2|Maushold|
|poke|p2|Hitmonlee, M|
|teampreview
|inactive|Battle timer is ON: inactive players will automatically lose when time's up. (requested by FalafelKing123)
|
|t:|1757917337
|teamsize|p1|6
|teamsize|p2|6
|start
|switch|p1a: Great Tusk|Great Tusk|100/100
|switch|p2a: Maushold|Maushold|100/100
|turn|1
|
|t:|1757917345
|move|p2a: Maushold|Tidy Up|p2a: Maushold
|-boost|p2a: Maushold|atk|1
|-boost|p2a: Maushold|spe|1
|move|p1a: Great Tusk|Stealth Rock|p2a: Maushold
|-sidestart|p2: luketheidiot|move: Stealth Rock
|
|upkeep
|turn|2
|
|t:|1757917350
|move|p2a: Maushold|Encore|p1a: Great Tusk
|-start|p1a: Great Tusk|Encore
|move|p1a: Great Tusk|Stealth Rock||[still]
|-fail|p1a: Great Tusk
|
|upkeep
|turn|3
|
|t:|1757917356
|move|p2a: Maushold|Tidy Up|p2a: Maushold
|-sideend|p2: luketheidiot|Stealth Rock
|-activate|p2a: Maushold|move: Tidy Up
|-boost|p2a: Maushold|atk|1
|-boost|p2a: Maushold|spe|1
|move|p1a: Great Tusk|Stealth Rock|p2a: Maushold
|-sidestart|p2: luketheidiot|move: Stealth Rock
|
|upkeep
|turn|4
|
|t:|1757917365
|move|p2a: Maushold|Tidy Up|p2a: Maushold
|-sideend|p2: luketheidiot|Stealth Rock
|-activate|p2a: Maushold|move: Tidy Up
|-boost|p2a: Maushold|atk|1
|-boost|p2a: Maushold|spe|1
|move|p1a: Great Tusk|Stealth Rock|p2a: Maushold
|-sidestart|p2: luketheidiot|move: Stealth Rock
|
|-end|p1a: Great Tusk|Encore
|upkeep
|turn|5
|
|t:|1757917373
|move|p2a: Maushold|Encore|p1a: Great Tusk
|-start|p1a: Great Tusk|Encore
|move|p1a: Great Tusk|Stealth Rock||[still]
|-fail|p1a: Great Tusk
|
|upkeep
|turn|6
|
|t:|1757917380
|move|p2a: Maushold|Tidy Up|p2a: Maushold
|-sideend|p2: luketheidiot|Stealth Rock
|-activate|p2a: Maushold|move: Tidy Up
|-boost|p2a: Maushold|atk|1
|-boost|p2a: Maushold|spe|1
|move|p1a: Great Tusk|Stealth Rock|p2a: Maushold
|-sidestart|p2: luketheidiot|move: Stealth Rock
|
|upkeep
|turn|7
|
|t:|1757917386
|move|p2a: Maushold|Tidy Up|p2a: Maushold
|-sideend|p2: luketheidiot|Stealth Rock
|-activate|p2a: Maushold|move: Tidy Up
|-boost|p2a: Maushold|atk|1
|-boost|p2a: Maushold|spe|1
|move|p1a: Great Tusk|Stealth Rock|p2a: Maushold
|-sidestart|p2: luketheidiot|move: Stealth Rock
|
|-end|p1a: Great Tusk|Encore
|upkeep
|turn|8
|
|t:|1757917394
|move|p2a: Maushold|Encore|p1a: Great Tusk
|-start|p1a: Great Tusk|Encore
|move|p1a: Great Tusk|Stealth Rock||[still]
|-fail|p1a: Great Tusk
|
|upkeep
|turn|9
|
|t:|1757917399
|move|p2a: Maushold|Tidy Up|p2a: Maushold
|-sideend|p2: luketheidiot|Stealth Rock
|-activate|p2a: Maushold|move: Tidy Up
|-boost|p2a: Maushold|atk|1
|-boost|p2a: Maushold|spe|1
|move|p1a: Great Tusk|Stealth Rock|p2a: Maushold
|-sidestart|p2: luketheidiot|move: Stealth Rock
|
|upkeep
|turn|10
|
|t:|1757917405
|move|p2a: Maushold|Population Bomb|p1a: Great Tusk
|-damage|p1a: Great Tusk|78/100
|-damage|p2a: Maushold|84/100|[from] item: Rocky Helmet|[of] p1a: Great Tusk
|-damage|p1a: Great Tusk|55/100
|-damage|p2a: Maushold|67/100|[from] item: Rocky Helmet|[of] p1a: Great Tusk
|-damage|p1a: Great Tusk|32/100
|-damage|p2a: Maushold|51/100|[from] item: Rocky Helmet|[of] p1a: Great Tusk
|-damage|p1a: Great Tusk|9/100
|-damage|p2a: Maushold|34/100|[from] item: Rocky Helmet|[of] p1a: Great Tusk
|-damage|p1a: Great Tusk|0 fnt
|-damage|p2a: Maushold|18/100|[from] item: Rocky Helmet|[of] p1a: Great Tusk
|faint|p1a: Great Tusk
|-end|p1a: Great Tusk|Protosynthesis|[silent]
|-hitcount|p1: Great Tusk|5
|
|upkeep
|
|t:|1757917427
|switch|p1a: Gliscor|Gliscor, M|100/100
|turn|11
|
|t:|1757917438
|move|p1a: Gliscor|Protect|p1a: Gliscor
|-singleturn|p1a: Gliscor|Protect
|move|p2a: Maushold|Tidy Up|p2a: Maushold
|-sideend|p2: luketheidiot|Stealth Rock
|-activate|p2a: Maushold|move: Tidy Up
|
|-status|p1a: Gliscor|tox|[from] item: Toxic Orb
|upkeep
|turn|12
|inactive|luketheidiot has 120 seconds left.
|
|t:|1757917472
|move|p2a: Maushold|Encore|p1a: Gliscor
|-start|p1a: Gliscor|Encore
|move|p1a: Gliscor|Protect||[still]
|-fail|p1a: Gliscor
|
|upkeep
|turn|13
|
|t:|1757917479
|move|p1a: Gliscor|Protect|p1a: Gliscor
|-singleturn|p1a: Gliscor|Protect
|move|p2a: Maushold|Tidy Up||[still]
|-fail|p2a: Maushold
|
|upkeep
|turn|14
|
|t:|1757917485
|move|p1a: Gliscor|Protect||[still]
|-fail|p1a: Gliscor
|move|p2a: Maushold|Population Bomb|p1a: Gliscor
|-damage|p1a: Gliscor|71/100 tox
|-damage|p1a: Gliscor|45/100 tox
|-damage|p1a: Gliscor|18/100 tox
|-damage|p1a: Gliscor|0 fnt
|faint|p1a: Gliscor
|-hitcount|p1: Gliscor|4
|
|upkeep
|
|t:|1757917499
|switch|p1a: Dragapult|Dragapult, F|100/100
|turn|15
|
|t:|1757917504
|move|p2a: Maushold|Bite|p1a: Dragapult
|-supereffective|p1a: Dragapult
|-damage|p1a: Dragapult|0 fnt
|faint|p1a: Dragapult
|
|upkeep
|-message|FalafelKing123 forfeited.
|
|win|luketheidiot
|raw|FalafelKing123's rating: 1178 &rarr; <strong>1155</strong><br />(-23 for losing)
|raw|luketheidiot's rating: 1206 &rarr; <strong>1229</strong><br />(+23 for winning)
|l|‽FalafelKing123
|player|p1|
|l|☆luketheidiot
|player|p2|
