|j|☆BabyGronkel
|j|☆JumboDorito
|t:|1757821230
|gametype|singles
|player|p1|BabyGronkel|juan|
|player|p2|JumboDorito|169|
|gen|9
|tier|[Gen 9] OU
|rule|HP Percentage Mod: HP is shown in percentages
|rule|Endless Battle Clause: Forcing endless battles is banned
|rule|Species Clause: Limit one of each Pokémon
|rule|OHKO Clause: OHKO moves are banned
|rule|Evasion Items Clause: Evasion items are banned
|rule|Evasion Moves Clause: Evasion moves are banned
|rule|Evasion Abilities Clause: Evasion abilities are banned
|rule|Sleep Moves Clause: Sleep-inducing moves are banned
|clearpoke
|poke|p1|Iron Boulder|
|poke|p1|Armarouge, F|
|poke|p1|Deoxys-Speed|
|poke|p1|Gengar, M|
|poke|p1|Tyrogue, M|
|poke|p1|Gholdengo|
|poke|p2|Toucannon, F|
|poke|p2|Tropius, F|
|poke|p2|Zarude-Dada|
|poke|p2|Toxicroak, F|
|poke|p2|Araquanid, F|
|poke|p2|Volcanion|
|teampreview
|j| realjaxsondart
|
|t:|1757821319
|teamsize|p1|6
|teamsize|p2|6
|start
|switch|p1a: Silver Surfer|Gholdengo|100/100
|switch|p2a: Zarude|Zarude-Dada|100/100
|-item|p1a: Silver Surfer|Air Balloon
|turn|1
|
|t:|1757821336
|switch|p2a: Araquanid|Araquanid, F|100/100
|move|p1a: Silver Surfer|Focus Blast|p2a: Araquanid|[miss]
|-miss|p1a: Silver Surfer|p2a: Araquanid
|
|upkeep
|turn|2
|
|t:|1757821342
|move|p1a: Silver Surfer|Psyshock|p2a: Araquanid
|-damage|p2a: Araquanid|75/100
|move|p2a: Araquanid|Sticky Web|p1a: Silver Surfer
|-sidestart|p1: BabyGronkel|move: Sticky Web
|
|-heal|p2a: Araquanid|82/100|[from] item: Leftovers
|upkeep
|turn|3
|
|t:|1757821349
|move|p1a: Silver Surfer|Psyshock|p2a: Araquanid
|-damage|p2a: Araquanid|59/100
|move|p2a: Araquanid|Liquidation|p1a: Silver Surfer
|-damage|p1a: Silver Surfer|54/100
|-enditem|p1a: Silver Surfer|Air Balloon
|
|-heal|p2a: Araquanid|65/100|[from] item: Leftovers
|upkeep
|turn|4
|
|t:|1757821358
|move|p1a: Silver Surfer|Psyshock|p2a: Araquanid
|-damage|p2a: Araquanid|42/100
|move|p2a: Araquanid|Skitter Smack|p1a: Silver Surfer
|-resisted|p1a: Silver Surfer
|-damage|p1a: Silver Surfer|50/100
|-unboost|p1a: Silver Surfer|spa|1
|
|-heal|p2a: Araquanid|48/100|[from] item: Leftovers
|upkeep
|turn|5
|
|t:|1757821374
|move|p1a: Silver Surfer|Psyshock|p2a: Araquanid
|-damage|p2a: Araquanid|33/100
|move|p2a: Araquanid|Liquidation|p1a: Silver Surfer
|-damage|p1a: Silver Surfer|3/100
|
|-heal|p2a: Araquanid|39/100|[from] item: Leftovers
|upkeep
|turn|6
|
|t:|1757821381
|move|p1a: Silver Surfer|Psyshock|p2a: Araquanid
|-damage|p2a: Araquanid|22/100
|move|p2a: Araquanid|Skitter Smack|p1a: Silver Surfer
|-resisted|p1a: Silver Surfer
|-damage|p1a: Silver Surfer|0 fnt
|faint|p1a: Silver Surfer
|
|-heal|p2a: Araquanid|28/100|[from] item: Leftovers
|upkeep
|
|t:|1757821389
|switch|p1a: The Thing|Iron Boulder|100/100
|-activate|p1a: The Thing|move: Sticky Web
|-unboost|p1a: The Thing|spe|1
|turn|7
|
|t:|1757821394
|move|p1a: The Thing|Mighty Cleave|p2a: Araquanid
|-supereffective|p2a: Araquanid
|-damage|p2a: Araquanid|0 fnt
|faint|p2a: Araquanid
|
|upkeep
|
|t:|1757821443
|switch|p2a: Volcanion|Volcanion|100/100
|turn|8
|
|t:|1757821454
|move|p2a: Volcanion|Steam Eruption|p1a: The Thing
|-supereffective|p1a: The Thing
|-damage|p1a: The Thing|0 fnt
|faint|p1a: The Thing
|-end|p1a: The Thing|Quark Drive|[silent]
|
|upkeep
|
|t:|1757821473
|switch|p1a: Mister Fantastic|Deoxys-Speed|100/100
|-activate|p1a: Mister Fantastic|move: Sticky Web
|-unboost|p1a: Mister Fantastic|spe|1
|-ability|p1a: Mister Fantastic|Pressure
|turn|9
|
|t:|1757821502
|switch|p2a: Zarude|Zarude-Dada|100/100
|move|p1a: Mister Fantastic|Thunderbolt|p2a: Zarude
|-resisted|p2a: Zarude
|-damage|p2a: Zarude|91/100
|-damage|p1a: Mister Fantastic|91/100|[from] item: Life Orb
|
|-heal|p2a: Zarude|97/100|[from] item: Leftovers
|upkeep
|turn|10
|
|t:|1757821518
|switch|p1a: Baby|Tyrogue, M|100/100
|-activate|p1a: Baby|move: Sticky Web
|-unboost|p1a: Baby|spe|1
|move|p2a: Zarude|Power Whip|p1a: Baby
|-enditem|p1a: Baby|Focus Sash
|-damage|p1a: Baby|1/100
|
|-heal|p2a: Zarude|100/100|[from] item: Leftovers
|upkeep
|turn|11
|
|t:|1757821552
|switch|p2a: Tropius|Tropius, F|100/100
|move|p1a: Baby|Mach Punch|p2a: Tropius
|-resisted|p2a: Tropius
|-damage|p2a: Tropius|94/100
|
|upkeep
|turn|12
|
|t:|1757821557
|switch|p1a: Invisible Woman|Gengar, M|100/100
|-activate|p1a: Invisible Woman|move: Sticky Web
|-unboost|p1a: Invisible Woman|spe|1
|move|p2a: Tropius|Calm Mind|p2a: Tropius
|-boost|p2a: Tropius|spa|1
|-boost|p2a: Tropius|spd|1
|
|upkeep
|turn|13
|
|t:|1757821567
|move|p1a: Invisible Woman|Sludge Bomb|p2a: Tropius
|-supereffective|p2a: Tropius
|-damage|p2a: Tropius|16/100
|-status|p2a: Tropius|psn
|move|p2a: Tropius|Air Slash|p1a: Invisible Woman|[miss]
|-miss|p2a: Tropius|p1a: Invisible Woman
|
|-damage|p2a: Tropius|4/100 psn|[from] psn
|upkeep
|turn|14
|
|t:|1757821577
|move|p1a: Invisible Woman|Sludge Bomb|p2a: Tropius
|-supereffective|p2a: Tropius
|-damage|p2a: Tropius|0 fnt
|faint|p2a: Tropius
|
|upkeep
|
|t:|1757821589
|switch|p2a: Toxicroak|Toxicroak, F|100/100
|turn|15
|
|t:|1757821598
|switch|p1a: Baby|Tyrogue, M|1/100
|-activate|p1a: Baby|move: Sticky Web
|-unboost|p1a: Baby|spe|1
|move|p2a: Toxicroak|Swords Dance|p2a: Toxicroak
|-boost|p2a: Toxicroak|atk|2
|
|upkeep
|turn|16
|
|t:|1757821604
|move|p1a: Baby|Mach Punch|p2a: Toxicroak
|-resisted|p2a: Toxicroak
|-damage|p2a: Toxicroak|92/100
|move|p2a: Toxicroak|Poison Jab|p1a: Baby
|-damage|p1a: Baby|0 fnt
|faint|p1a: Baby
|
|upkeep
|
|t:|1757821620
|switch|p1a: Mister Fantastic|Deoxys-Speed|91/100
|-activate|p1a: Mister Fantastic|move: Sticky Web
|-unboost|p1a: Mister Fantastic|spe|1
|-ability|p1a: Mister Fantastic|Pressure
|turn|17
|
|t:|1757821637
|move|p2a: Toxicroak|Sucker Punch|p1a: Mister Fantastic
|-supereffective|p1a: Mister Fantastic
|-damage|p1a: Mister Fantastic|0 fnt
|faint|p1a: Mister Fantastic
|
|upkeep
|
|t:|1757821641
|switch|p1a: Invisible Woman|Gengar, M|100/100
|-activate|p1a: Invisible Woman|move: Sticky Web
|-unboost|p1a: Invisible Woman|spe|1
|turn|18
|
|t:|1757821648
|move|p1a: Invisible Woman|Trick|p2a: Toxicroak
|-activate|p1a: Invisible Woman|move: Trick|[of] p2a: Toxicroak
|-item|p2a: Toxicroak|Choice Scarf|[from] move: Trick
|-item|p1a: Invisible Woman|Focus Sash|[from] move: Trick
|move|p2a: Toxicroak|Poison Jab|p1a: Invisible Woman
|-resisted|p1a: Invisible Woman
|-damage|p1a: Invisible Woman|67/100
|-start|p2a: Toxicroak|Disable|Poison Jab|[from] ability: Cursed Body|[of] p1a: Invisible Woman
|
|upkeep
|turn|19
|
|t:|1757821662
|switch|p2a: Zarude|Zarude-Dada|100/100
|move|p1a: Invisible Woman|Sludge Bomb|p2a: Zarude
|-supereffective|p2a: Zarude
|-damage|p2a: Zarude|43/100
|
|-heal|p2a: Zarude|49/100|[from] item: Leftovers
|upkeep
|turn|20
|
|t:|1757821668
|move|p2a: Zarude|Power Whip|p1a: Invisible Woman
|-resisted|p1a: Invisible Woman
|-damage|p1a: Invisible Woman|19/100
|-start|p2a: Zarude|Disable|Power Whip|[from] ability: Cursed Body|[of] p1a: Invisible Woman
|move|p1a: Invisible Woman|Sludge Bomb|p2a: Zarude
|-supereffective|p2a: Zarude
|-damage|p2a: Zarude|0 fnt
|faint|p2a: Zarude
|
|upkeep
|
|t:|1757821687
|switch|p2a: Toxicroak|Toxicroak, F|92/100
|turn|21
|
|t:|1757821695
|move|p2a: Toxicroak|Poison Jab|p1a: Invisible Woman
|-resisted|p1a: Invisible Woman
|-damage|p1a: Invisible Woman|1/100
|move|p1a: Invisible Woman|Confuse Ray|p2a: Toxicroak
|-start|p2a: Toxicroak|confusion
|
|upkeep
|turn|22
|
|t:|1757821703
|-activate|p2a: Toxicroak|confusion
|move|p2a: Toxicroak|Poison Jab|p1a: Invisible Woman
|-resisted|p1a: Invisible Woman
|-damage|p1a: Invisible Woman|0 fnt
|faint|p1a: Invisible Woman
|
|upkeep
|
|t:|1757821706
|switch|p1a: Human Torch|Armarouge, F|100/100
|-activate|p1a: Human Torch|move: Sticky Web
|-unboost|p1a: Human Torch|spe|1
|turn|23
|
|t:|1757821715
|switch|p2a: Volcanion|Volcanion|100/100
|move|p1a: Human Torch|Calm Mind|p1a: Human Torch
|-boost|p1a: Human Torch|spa|1
|-boost|p1a: Human Torch|spd|1
|
|upkeep
|turn|24
|
|t:|1757821722
|move|p2a: Volcanion|Steam Eruption|p1a: Human Torch
|-supereffective|p1a: Human Torch
|-damage|p1a: Human Torch|0 fnt
|faint|p1a: Human Torch
|
|win|JumboDorito
