|j|☆ourangejyuce
|j|☆xSomeday
|t:|1757832147
|gametype|singles
|player|p1|ourangejyuce|firebreather|1184
|player|p2|xSomeday|hugh|1241
|gen|9
|tier|[Gen 9] OU
|rated|
|rule|HP Percentage Mod: HP is shown in percentages
|rule|Endless Battle Clause: Forcing endless battles is banned
|rule|Species Clause: Limit one of each Pokémon
|rule|OHKO Clause: OHKO moves are banned
|rule|Evasion Items Clause: Evasion items are banned
|rule|Evasion Moves Clause: Evasion moves are banned
|rule|Evasion Abilities Clause: Evasion abilities are banned
|rule|Sleep Moves Clause: Sleep-inducing moves are banned
|clearpoke
|poke|p1|Pikachu, F|
|poke|p1|Dragonite, M|
|poke|p1|Gengar, M|
|poke|p1|Lucario, M|
|poke|p1|Infernape, M|
|poke|p1|Greninja-*, M|
|poke|p2|Great Tusk|
|poke|p2|Gholdengo|
|poke|p2|Kingambit, F|
|poke|p2|Dragonite, M|
|poke|p2|Iron Valiant|
|poke|p2|Rotom-Wash|
|teampreview
|l|☆ourangejyuce
|player|p1|
|inactive|Battle timer is ON: inactive players will automatically lose when time's up. (requested by xSomeday)
|j|☆ourangejyuce
|inactive|ourangejyuce reconnected and has 145 seconds left.
|player|p1|ourangejyuce|firebreather|
|
|t:|1757832177
|teamsize|p1|6
|teamsize|p2|6
|start
|switch|p1a: Greninja|Greninja, M|100/100
|switch|p2a: Rotom|Rotom-Wash|100/100
|turn|1
|l|☆ourangejyuce
|inactive|ourangejyuce disconnected and has a minute to reconnect!
|player|p1|
|
|t:|1757832196
|move|p1a: Greninja|U-turn|p2a: Rotom
|-damage|p2a: Rotom|90/100
|j|☆ourangejyuce
|inactive|ourangejyuce reconnected and has 140 seconds left.
|player|p1|ourangejyuce|firebreather|
|inactive|ourangejyuce has 120 seconds left.
|
|t:|1757832226
|switch|p1a: Gengar|Gengar, M|100/100|[from] U-turn
|move|p2a: Rotom|Volt Switch|p1a: Gengar
|-damage|p1a: Gengar|60/100
|
|t:|1757832237
|switch|p2a: Gholdengo|Gholdengo|100/100|[from] Volt Switch
|
|-heal|p1a: Gengar|66/100|[from] item: Black Sludge
|upkeep
|turn|2
|
|t:|1757832246
|move|p1a: Gengar|Shadow Ball|p2a: Gholdengo
|-supereffective|p2a: Gholdengo
|-damage|p2a: Gholdengo|38/100
|move|p2a: Gholdengo|Shadow Ball|p1a: Gengar
|-supereffective|p1a: Gengar
|-damage|p1a: Gengar|0 fnt
|faint|p1a: Gengar
|
|upkeep
|
|t:|1757832253
|switch|p1a: Infernape|Infernape, M|100/100
|turn|3
|
|t:|1757832263
|switch|p2a: Rotom|Rotom-Wash|90/100
|move|p1a: Infernape|Flare Blitz|p2a: Rotom
|-resisted|p2a: Rotom
|-damage|p2a: Rotom|69/100
|-damage|p1a: Infernape|94/100|[from] Recoil
|
|-heal|p2a: Rotom|75/100|[from] item: Leftovers
|upkeep
|turn|4
|
|t:|1757832273
|move|p1a: Infernape|Close Combat|p2a: Rotom
|-damage|p2a: Rotom|30/100
|-unboost|p1a: Infernape|def|1
|-unboost|p1a: Infernape|spd|1
|move|p2a: Rotom|Hydro Pump|p1a: Infernape
|-supereffective|p1a: Infernape
|-damage|p1a: Infernape|0 fnt
|faint|p1a: Infernape
|
|-heal|p2a: Rotom|36/100|[from] item: Leftovers
|upkeep
|
|t:|1757832289
|switch|p1a: Lucario|Lucario, M|100/100
|turn|5
|
|t:|1757832301
|move|p1a: Lucario|Swords Dance|p1a: Lucario
|-boost|p1a: Lucario|atk|2
|move|p2a: Rotom|Volt Switch|p1a: Lucario
|-damage|p1a: Lucario|63/100
|
|t:|1757832306
|switch|p2a: Iron Valiant|Iron Valiant|100/100|[from] Volt Switch
|-enditem|p2a: Iron Valiant|Booster Energy
|-activate|p2a: Iron Valiant|ability: Quark Drive|[fromitem]
|-start|p2a: Iron Valiant|quarkdrivespe
|
|upkeep
|turn|6
|
|t:|1757832314
|move|p1a: Lucario|Bullet Punch|p2a: Iron Valiant
|-supereffective|p2a: Iron Valiant
|-damage|p2a: Iron Valiant|0 fnt
|faint|p2a: Iron Valiant
|-end|p2a: Iron Valiant|Quark Drive|[silent]
|-damage|p1a: Lucario|53/100|[from] item: Life Orb
|
|upkeep
|
|t:|1757832332
|switch|p2a: Dragonite|Dragonite, M|100/100
|turn|7
|
|t:|1757832343
|move|p1a: Lucario|Close Combat|p2a: Dragonite
|-resisted|p2a: Dragonite
|-crit|p2a: Dragonite
|-damage|p2a: Dragonite|44/100
|-unboost|p1a: Lucario|def|1
|-unboost|p1a: Lucario|spd|1
|-damage|p1a: Lucario|43/100|[from] item: Life Orb
|move|p2a: Dragonite|Dragon Dance|p2a: Dragonite
|-boost|p2a: Dragonite|atk|1
|-boost|p2a: Dragonite|spe|1
|
|upkeep
|turn|8
|
|t:|1757832360
|move|p1a: Lucario|Bullet Punch|p2a: Dragonite
|-damage|p2a: Dragonite|0 fnt
|faint|p2a: Dragonite
|-damage|p1a: Lucario|33/100|[from] item: Life Orb
|
|upkeep
|
|t:|1757832371
|switch|p2a: Gholdengo|Gholdengo|38/100
|turn|9
|
|t:|1757832382
|-terastallize|p2a: Gholdengo|Flying
|move|p1a: Lucario|Crunch|p2a: Gholdengo
|-damage|p2a: Gholdengo|0 fnt
|faint|p2a: Gholdengo
|-damage|p1a: Lucario|23/100|[from] item: Life Orb
|
|upkeep
|
|t:|1757832388
|switch|p2a: Rotom|Rotom-Wash|36/100
|turn|10
|
|t:|1757832393
|move|p1a: Lucario|Bullet Punch|p2a: Rotom
|-resisted|p2a: Rotom
|-damage|p2a: Rotom|26/100
|-damage|p1a: Lucario|13/100|[from] item: Life Orb
|move|p2a: Rotom|Volt Switch|p1a: Lucario
|-damage|p1a: Lucario|0 fnt
|faint|p1a: Lucario
|
|t:|1757832402
|switch|p2a: Great Tusk|Great Tusk|100/100|[from] Volt Switch
|
|upkeep
|
|t:|1757832409
|switch|p1a: Dragonite|Dragonite, M|100/100
|turn|11
|
|t:|1757832415
|move|p1a: Dragonite|Dragon Dance|p1a: Dragonite
|-boost|p1a: Dragonite|atk|1
|-boost|p1a: Dragonite|spe|1
|move|p2a: Great Tusk|Ice Spinner|p1a: Dragonite
|-supereffective|p1a: Dragonite
|-damage|p1a: Dragonite|51/100
|
|upkeep
|turn|12
|
|t:|1757832427
|move|p1a: Dragonite|Roost|p1a: Dragonite
|-heal|p1a: Dragonite|100/100
|-singleturn|p1a: Dragonite|move: Roost
|move|p2a: Great Tusk|Ice Spinner|p1a: Dragonite
|-supereffective|p1a: Dragonite
|-damage|p1a: Dragonite|76/100
|
|upkeep
|turn|13
|
|t:|1757832444
|move|p1a: Dragonite|Dragon Dance|p1a: Dragonite
|-boost|p1a: Dragonite|atk|1
|-boost|p1a: Dragonite|spe|1
|move|p2a: Great Tusk|Stealth Rock|p1a: Dragonite
|-sidestart|p1: ourangejyuce|move: Stealth Rock
|
|upkeep
|turn|14
|
|t:|1757832462
|move|p1a: Dragonite|Earthquake|p2a: Great Tusk
|-damage|p2a: Great Tusk|63/100
|move|p2a: Great Tusk|Ice Spinner|p1a: Dragonite
|-supereffective|p1a: Dragonite
|-damage|p1a: Dragonite|0 fnt
|faint|p1a: Dragonite
|
|-heal|p2a: Great Tusk|69/100|[from] item: Leftovers
|upkeep
|
|t:|1757832470
|switch|p1a: Greninja|Greninja, M|100/100
|-damage|p1a: Greninja|88/100|[from] Stealth Rock
|turn|15
|
|t:|1757832478
|-terastallize|p1a: Greninja|Water
|move|p1a: Greninja|Ice Beam|p2a: Great Tusk
|-supereffective|p2a: Great Tusk
|-damage|p2a: Great Tusk|0 fnt
|faint|p2a: Great Tusk
|-end|p2a: Great Tusk|Protosynthesis|[silent]
|-ability|p1a: Greninja|Battle Bond|boost
|-boost|p1a: Greninja|atk|1
|-boost|p1a: Greninja|spa|1
|-boost|p1a: Greninja|spe|1
|-activate|p1a: Greninja|ability: Battle Bond
|
|upkeep
|
|t:|1757832487
|switch|p2a: Rotom|Rotom-Wash|26/100
|turn|16
|
|t:|1757832495
|move|p1a: Greninja|Ice Beam|p2a: Rotom
|-resisted|p2a: Rotom
|-damage|p2a: Rotom|0 fnt
|faint|p2a: Rotom
|
|upkeep
|
|t:|1757832499
|switch|p2a: Kingambit|Kingambit, F|100/100
|-activate|p2a: Kingambit|ability: Supreme Overlord
|-start|p2a: Kingambit|fallen5|[silent]
|turn|17
|
|t:|1757832503
|move|p2a: Kingambit|Sucker Punch|p1a: Greninja
|-damage|p1a: Greninja|0 fnt
|faint|p1a: Greninja
|
|upkeep
|
|t:|1757832505
|switch|p1a: Pikachu|Pikachu, F|100/100
|-damage|p1a: Pikachu|88/100|[from] Stealth Rock
|turn|18
|
|t:|1757832510
|move|p2a: Kingambit|Sucker Punch||[still]
|-fail|p2a: Kingambit
|move|p1a: Pikachu|Encore|p2a: Kingambit
|-start|p2a: Kingambit|Encore
|
|upkeep
|turn|19
|
|t:|1757832529
|move|p2a: Kingambit|Sucker Punch|p1a: Pikachu
|-damage|p1a: Pikachu|0 fnt
|-status|p2a: Kingambit|par|[from] ability: Static|[of] p1a: Pikachu
|faint|p1a: Pikachu
|
|win|xSomeday
|raw|ourangejyuce's rating: 1184 &rarr; <strong>1163</strong><br />(-21 for losing)
|raw|xSomeday's rating: 1241 &rarr; <strong>1262</strong><br />(+21 for winning)
|l|☆ourangejyuce
|player|p1|
|l|☆xSomeday
|player|p2|
