|j|☆nemisis69
|j|☆rip_natu
|t:|1757925540
|gametype|singles
|player|p1|nemisis69|steven|1143
|player|p2|rip_natu|hooligans|1086
|gen|9
|tier|[Gen 9] OU
|rated|
|rule|HP Percentage Mod: HP is shown in percentages
|rule|Endless Battle Clause: Forcing endless battles is banned
|rule|Species Clause: Limit one of each Pokémon
|rule|OHKO Clause: OHKO moves are banned
|rule|Evasion Items Clause: Evasion items are banned
|rule|Evasion Moves Clause: Evasion moves are banned
|rule|Evasion Abilities Clause: Evasion abilities are banned
|rule|Sleep Moves Clause: Sleep-inducing moves are banned
|clearpoke
|poke|p1|Deoxys-Speed|
|poke|p1|Darkrai|
|poke|p1|Raging Bolt|
|poke|p1|Great Tusk|
|poke|p1|Scizor, M|
|poke|p1|Rotom-Heat|
|poke|p2|Iron Valiant|
|poke|p2|Darkrai|
|poke|p2|Iron Treads|
|poke|p2|Dondozo, F|
|poke|p2|Zapdos|
|poke|p2|Slowking-Galar, F|
|teampreview
|inactive|Battle timer is ON: inactive players will automatically lose when time's up. (requested by nemisis69)
|
|t:|1757925549
|teamsize|p1|6
|teamsize|p2|6
|start
|switch|p1a: Rotom|Rotom-Heat|100/100
|switch|p2a: Zapdos|Zapdos|100/100
|turn|1
|
|t:|1757925556
|move|p1a: Rotom|Trick|p2a: Zapdos
|-activate|p1a: Rotom|move: Trick|[of] p2a: Zapdos
|-item|p2a: Zapdos|Choice Scarf|[from] move: Trick
|-item|p1a: Rotom|Heavy-Duty Boots|[from] move: Trick
|move|p2a: Zapdos|Volt Switch|p1a: Rotom
|-resisted|p1a: Rotom
|-damage|p1a: Rotom|82/100
|
|t:|1757925563
|switch|p2a: Iron Treads|Iron Treads|100/100|[from] Volt Switch
|
|upkeep
|turn|2
|
|t:|1757925576
|move|p2a: Iron Treads|Earthquake|p1a: Rotom
|-immune|p1a: Rotom|[from] ability: Levitate
|move|p1a: Rotom|Will-O-Wisp|p2a: Iron Treads|[miss]
|-miss|p1a: Rotom|p2a: Iron Treads
|
|upkeep
|turn|3
|
|t:|1757925599
|-end|p2a: Iron Treads|Quark Drive|[silent]
|switch|p2a: Slowking|Slowking-Galar, F|100/100
|move|p1a: Rotom|Will-O-Wisp|p2a: Slowking
|-status|p2a: Slowking|brn
|
|-damage|p2a: Slowking|94/100 brn|[from] brn
|upkeep
|turn|4
|
|t:|1757925612
|move|p1a: Rotom|Volt Switch|p2a: Slowking
|-damage|p2a: Slowking|77/100 brn
|
|t:|1757925615
|switch|p1a: Scizor|Scizor, M|100/100|[from] Volt Switch
|move|p2a: Slowking|Future Sight|p1a: Scizor
|-start|p2a: Slowking|move: Future Sight
|
|-heal|p2a: Slowking|83/100 brn|[from] item: Leftovers
|-damage|p2a: Slowking|77/100 brn|[from] brn
|upkeep
|turn|5
|
|t:|1757925625
|move|p1a: Scizor|Bullet Punch|p2a: Slowking
|-damage|p2a: Slowking|38/100 brn
|-prepare|p2a: Slowking|Chilly Reception|[premajor]
|move|p2a: Slowking|Chilly Reception|p2a: Slowking
|-weather|Snowscape
|
|t:|1757925632
|switch|p2a: kross tia|Iron Valiant, shiny|100/100|[from] Chilly Reception
|-enditem|p2a: kross tia|Booster Energy
|-activate|p2a: kross tia|ability: Quark Drive|[fromitem]
|-start|p2a: kross tia|quarkdrivespe
|
|-weather|Snowscape|[upkeep]
|upkeep
|turn|6
|
|t:|1757925638
|move|p1a: Scizor|Bullet Punch|p2a: kross tia
|-supereffective|p2a: kross tia
|-damage|p2a: kross tia|2/100
|move|p2a: kross tia|Close Combat|p1a: Scizor
|-damage|p1a: Scizor|39/100
|-unboost|p2a: kross tia|def|1
|-unboost|p2a: kross tia|spd|1
|
|-weather|Snowscape|[upkeep]
|-end|p1a: Scizor|move: Future Sight
|-resisted|p1a: Scizor
|-damage|p1a: Scizor|14/100
|upkeep
|turn|7
|
|t:|1757925654
|-end|p2a: kross tia|Quark Drive|[silent]
|switch|p2a: Dondozo|Dondozo, F|100/100
|move|p1a: Scizor|Bullet Punch|p2a: Dondozo
|-resisted|p2a: Dondozo
|-damage|p2a: Dondozo|91/100
|
|-weather|Snowscape|[upkeep]
|-heal|p2a: Dondozo|98/100|[from] item: Leftovers
|upkeep
|turn|8
|
|t:|1757925659
|move|p1a: Scizor|U-turn|p2a: Dondozo
|-damage|p2a: Dondozo|80/100
|
|t:|1757925662
|switch|p1a: Rotom|Rotom-Heat|82/100|[from] U-turn
|move|p2a: Dondozo|Curse|p2a: Dondozo
|-unboost|p2a: Dondozo|spe|1
|-boost|p2a: Dondozo|atk|1
|-boost|p2a: Dondozo|def|1
|
|-weather|Snowscape|[upkeep]
|-heal|p2a: Dondozo|86/100|[from] item: Leftovers
|upkeep
|turn|9
|
|t:|1757925674
|move|p1a: Rotom|Volt Switch|p2a: Dondozo
|-supereffective|p2a: Dondozo
|-damage|p2a: Dondozo|37/100
|
|t:|1757925679
|switch|p1a: Deoxys|Deoxys-Speed|100/100|[from] Volt Switch
|-ability|p1a: Deoxys|Pressure
|move|p2a: Dondozo|Waterfall|p1a: Deoxys
|-damage|p1a: Deoxys|32/100
|
|-weather|none
|-heal|p2a: Dondozo|44/100|[from] item: Leftovers
|upkeep
|turn|10
|
|t:|1757925690
|move|p1a: Deoxys|Psycho Boost|p2a: Dondozo
|-damage|p2a: Dondozo|0 fnt
|-unboost|p1a: Deoxys|spa|2
|faint|p2a: Dondozo
|
|upkeep
|
|t:|1757925698
|switch|p2a: Zapdos|Zapdos|100/100
|turn|11
|
|t:|1757925708
|switch|p1a: Rotom|Rotom-Heat|82/100
|move|p2a: Zapdos|Volt Switch|p1a: Rotom
|-resisted|p1a: Rotom
|-damage|p1a: Rotom|63/100
|
|t:|1757925714
|switch|p2a: Darkrai|Darkrai|100/100|[from] Volt Switch
|
|upkeep
|turn|12
|
|t:|1757925722
|move|p2a: Darkrai|Focus Blast|p1a: Rotom|[miss]
|-miss|p2a: Darkrai|p1a: Rotom
|move|p1a: Rotom|Volt Switch|p2a: Darkrai
|-damage|p2a: Darkrai|67/100
|
|t:|1757925728
|switch|p1a: Scizor|Scizor, M|14/100|[from] Volt Switch
|
|upkeep
|turn|13
|
|t:|1757925732
|move|p1a: Scizor|Bullet Punch|p2a: Darkrai
|-damage|p2a: Darkrai|10/100
|move|p2a: Darkrai|Focus Blast|p1a: Scizor|[miss]
|-miss|p2a: Darkrai|p1a: Scizor
|
|upkeep
|turn|14
|
|t:|1757925740
|switch|p2a: Iron Treads|Iron Treads|100/100
|move|p1a: Scizor|Bullet Punch|p2a: Iron Treads
|-resisted|p2a: Iron Treads
|-damage|p2a: Iron Treads|81/100
|
|-heal|p2a: Iron Treads|88/100|[from] item: Leftovers
|upkeep
|turn|15
|
|t:|1757925748
|switch|p1a: Great Tusk|Great Tusk|100/100
|move|p2a: Iron Treads|Earthquake|p1a: Great Tusk
|-damage|p1a: Great Tusk|69/100
|
|-heal|p2a: Iron Treads|94/100|[from] item: Leftovers
|upkeep
|turn|16
|
|t:|1757925760
|-terastallize|p2a: Iron Treads|Ghost
|move|p2a: Iron Treads|Knock Off|p1a: Great Tusk
|-resisted|p1a: Great Tusk
|-damage|p1a: Great Tusk|60/100
|-enditem|p1a: Great Tusk|Assault Vest|[from] move: Knock Off|[of] p2a: Iron Treads
|move|p1a: Great Tusk|Rapid Spin|p2a: Iron Treads
|-immune|p2a: Iron Treads
|
|-heal|p2a: Iron Treads|99/100|[from] item: Leftovers
|upkeep
|turn|17
|
|t:|1757925769
|move|p2a: Iron Treads|Earthquake|p1a: Great Tusk
|-damage|p1a: Great Tusk|31/100
|move|p1a: Great Tusk|Earthquake|p2a: Iron Treads
|-crit|p2a: Iron Treads
|-damage|p2a: Iron Treads|26/100
|
|-heal|p2a: Iron Treads|32/100|[from] item: Leftovers
|upkeep
|turn|18
|
|t:|1757925782
|move|p2a: Iron Treads|Earthquake|p1a: Great Tusk
|-damage|p1a: Great Tusk|0 fnt
|faint|p1a: Great Tusk
|-end|p1a: Great Tusk|Protosynthesis|[silent]
|
|-heal|p2a: Iron Treads|39/100|[from] item: Leftovers
|upkeep
|
|t:|1757925789
|switch|p1a: Darkrai|Darkrai|100/100
|turn|19
|
|t:|1757925797
|-end|p2a: Iron Treads|Quark Drive|[silent]
|switch|p2a: Zapdos|Zapdos|100/100
|move|p1a: Darkrai|Dark Pulse|p2a: Zapdos
|-damage|p2a: Zapdos|57/100
|
|upkeep
|turn|20
|
|t:|1757925824
|switch|p1a: Rotom|Rotom-Heat|63/100
|move|p2a: Zapdos|Thunderbolt|p1a: Rotom
|-resisted|p1a: Rotom
|-damage|p1a: Rotom|35/100
|
|upkeep
|turn|21
|
|t:|1757925836
|switch|p2a: Slowking|Slowking-Galar, F|71/100 brn
|move|p1a: Rotom|Pain Split|p2a: Slowking
|-sethp|p2a: Slowking|48/100 brn|[from] move: Pain Split|[silent]
|-sethp|p1a: Rotom|67/100|[from] move: Pain Split
|
|-heal|p2a: Slowking|54/100 brn|[from] item: Leftovers
|-damage|p2a: Slowking|48/100 brn|[from] brn
|upkeep
|turn|22
|
|t:|1757925849
|move|p1a: Rotom|Volt Switch|p2a: Slowking
|-damage|p2a: Slowking|31/100 brn
|
|t:|1757925852
|switch|p1a: Deoxys|Deoxys-Speed|32/100|[from] Volt Switch
|-ability|p1a: Deoxys|Pressure
|move|p2a: Slowking|Future Sight|p1a: Deoxys
|-start|p2a: Slowking|move: Future Sight
|
|-heal|p2a: Slowking|37/100 brn|[from] item: Leftovers
|-damage|p2a: Slowking|31/100 brn|[from] brn
|upkeep
|turn|23
|
|t:|1757925862
|switch|p2a: Darkrai|Darkrai|10/100
|move|p1a: Deoxys|Psycho Boost|p2a: Darkrai
|-immune|p2a: Darkrai
|
|upkeep
|turn|24
|
|t:|1757925872
|move|p1a: Deoxys|Extreme Speed|p2a: Darkrai
|-damage|p2a: Darkrai|0 fnt
|faint|p2a: Darkrai
|
|-end|p1a: Deoxys|move: Future Sight
|-resisted|p1a: Deoxys
|-damage|p1a: Deoxys|0 fnt
|faint|p1a: Deoxys
|upkeep
|inactive|nemisis69 has 120 seconds left.
|
|t:|1757925903
|switch|p1a: Rotom|Rotom-Heat|67/100
|switch|p2a: Zapdos|Zapdos|57/100
|turn|25
|
|t:|1757925914
|move|p2a: Zapdos|Hurricane|p1a: Rotom
|-resisted|p1a: Rotom
|-damage|p1a: Rotom|33/100
|move|p1a: Rotom|Volt Switch|p2a: Zapdos
|-damage|p2a: Zapdos|31/100
|inactive|nemisis69 has 120 seconds left.
|
|t:|1757925930
|switch|p1a: Scizor|Scizor, M|14/100|[from] Volt Switch
|
|upkeep
|turn|26
|
|t:|1757925933
|move|p1a: Scizor|Bullet Punch|p2a: Zapdos
|-resisted|p2a: Zapdos
|-damage|p2a: Zapdos|11/100
|move|p2a: Zapdos|Hurricane|p1a: Scizor|[miss]
|-miss|p2a: Zapdos|p1a: Scizor
|
|upkeep
|turn|27
|
|t:|1757925945
|switch|p2a: Slowking|Slowking-Galar, F|64/100 brn
|move|p1a: Scizor|Bullet Punch|p2a: Slowking
|-crit|p2a: Slowking
|-damage|p2a: Slowking|0 fnt
|faint|p2a: Slowking
|
|upkeep
|
|t:|1757925948
|switch|p2a: Iron Treads|Iron Treads, tera:Ghost|39/100
|turn|28
|
|t:|1757925953
|move|p1a: Scizor|Bullet Punch|p2a: Iron Treads
|-damage|p2a: Iron Treads|1/100
|move|p2a: Iron Treads|Earthquake|p1a: Scizor
|-damage|p1a: Scizor|0 fnt
|faint|p1a: Scizor
|
|-heal|p2a: Iron Treads|7/100|[from] item: Leftovers
|upkeep
|
|t:|1757925960
|switch|p1a: Rotom|Rotom-Heat|33/100
|turn|29
|
|t:|1757925968
|move|p2a: Iron Treads|Knock Off|p1a: Rotom
|-damage|p1a: Rotom|1/100
|-enditem|p1a: Rotom|Heavy-Duty Boots|[from] move: Knock Off|[of] p2a: Iron Treads
|move|p1a: Rotom|Volt Switch|p2a: Iron Treads
|-damage|p2a: Iron Treads|0 fnt
|faint|p2a: Iron Treads
|-end|p2a: Iron Treads|Quark Drive|[silent]
|
|t:|1757925976
|switch|p1a: Darkrai|Darkrai|100/100|[from] Volt Switch
|
|upkeep
|
|t:|1757925979
|switch|p2a: Zapdos|Zapdos|11/100
|turn|30
|
|t:|1757925983
|switch|p1a: Rotom|Rotom-Heat|1/100
|move|p2a: Zapdos|Volt Switch|p1a: Rotom
|-resisted|p1a: Rotom
|-damage|p1a: Rotom|0 fnt
|faint|p1a: Rotom
|
|t:|1757925991
|switch|p2a: kross tia|Iron Valiant, shiny|2/100|[from] Volt Switch
|
|upkeep
|c|☆nemisis69|GG
|
|t:|1757926001
|switch|p1a: Darkrai|Darkrai|100/100
|turn|31
|
|t:|1757926012
|move|p1a: Darkrai|Sludge Bomb|p2a: kross tia
|-supereffective|p2a: kross tia
|-damage|p2a: kross tia|0 fnt
|faint|p2a: kross tia
|-end|p2a: kross tia|Quark Drive|[silent]
|
|upkeep
|
|t:|1757926015
|switch|p2a: Zapdos|Zapdos|11/100
|turn|32
|
|t:|1757926019
|move|p2a: Zapdos|Volt Switch|p1a: Darkrai
|-damage|p1a: Darkrai|51/100
|move|p1a: Darkrai|Nasty Plot|p1a: Darkrai
|-boost|p1a: Darkrai|spa|2
|
|upkeep
|turn|33
|
|t:|1757926025
|move|p2a: Zapdos|Volt Switch|p1a: Darkrai
|-damage|p1a: Darkrai|8/100
|move|p1a: Darkrai|Nasty Plot|p1a: Darkrai
|-boost|p1a: Darkrai|spa|2
|
|upkeep
|turn|34
|
|t:|1757926030
|move|p2a: Zapdos|Volt Switch|p1a: Darkrai
|-damage|p1a: Darkrai|0 fnt
|faint|p1a: Darkrai
|
|upkeep
|
|t:|1757926034
|switch|p1a: Raging Bolt|Raging Bolt|100/100
|-enditem|p1a: Raging Bolt|Booster Energy
|-activate|p1a: Raging Bolt|ability: Protosynthesis|[fromitem]
|-start|p1a: Raging Bolt|protosynthesisspa
|turn|35
|
|t:|1757926046
|move|p2a: Zapdos|Volt Switch|p1a: Raging Bolt
|-resisted|p1a: Raging Bolt
|-damage|p1a: Raging Bolt|93/100
|move|p1a: Raging Bolt|Dragon Pulse|p2a: Zapdos
|-damage|p2a: Zapdos|0 fnt
|faint|p2a: Zapdos
|
|win|nemisis69
|raw|nemisis69's rating: 1143 &rarr; <strong>1164</strong><br />(+21 for winning)
|raw|rip_natu's rating: 1086 &rarr; <strong>1067</strong><br />(-19 for losing)
|l|☆nemisis69
|player|p1|
