|j|☆M0nk3MAN
|j|☆CrockPokes
|t:|1757840467
|gametype|singles
|player|p1|M0nk3MAN|clair|1088
|player|p2|CrockPokes|li|1096
|gen|9
|tier|[Gen 9] OU
|rated|
|rule|HP Percentage Mod: HP is shown in percentages
|rule|Endless Battle Clause: Forcing endless battles is banned
|rule|Species Clause: Limit one of each Pokémon
|rule|OHKO Clause: OHKO moves are banned
|rule|Evasion Items Clause: Evasion items are banned
|rule|Evasion Moves Clause: Evasion moves are banned
|rule|Evasion Abilities Clause: Evasion abilities are banned
|rule|Sleep Moves Clause: Sleep-inducing moves are banned
|clearpoke
|poke|p1|Landorus-Therian, M|
|poke|p1|Samurott-Hisui, F|
|poke|p1|Gholdengo|
|poke|p1|Thundurus-Therian, M|
|poke|p1|Scizor, M|
|poke|p1|Zamazenta-*|
|poke|p2|Hatterene, F|
|poke|p2|Corviknight, M|
|poke|p2|Ogerpon-Wellspring, F|
|poke|p2|Incineroar, M|
|poke|p2|Garganacl, M|
|poke|p2|Ampharos, M|
|teampreview
|
|t:|1757840496
|teamsize|p1|6
|teamsize|p2|6
|start
|switch|p1a: Thundurus|Thundurus-Therian, M|100/100
|switch|p2a: Garganacl|Garganacl, M|100/100
|turn|1
|
|t:|1757840506
|move|p1a: Thundurus|Volt Switch|p2a: Garganacl
|-crit|p2a: Garganacl
|-damage|p2a: Garganacl|56/100
|
|t:|1757840511
|switch|p1a: Scizor|Scizor, M|100/100|[from] Volt Switch
|move|p2a: Garganacl|Stealth Rock|p1a: Scizor
|-sidestart|p1: M0nk3MAN|move: Stealth Rock
|
|-heal|p2a: Garganacl|63/100|[from] item: Leftovers
|upkeep
|turn|2
|
|t:|1757840516
|move|p1a: Scizor|Swords Dance|p1a: Scizor
|-boost|p1a: Scizor|atk|2
|move|p2a: Garganacl|Recover|p2a: Garganacl
|-heal|p2a: Garganacl|100/100
|
|upkeep
|turn|3
|
|t:|1757840520
|move|p1a: Scizor|Swords Dance|p1a: Scizor
|-boost|p1a: Scizor|atk|2
|move|p2a: Garganacl|Salt Cure|p1a: Scizor
|-damage|p1a: Scizor|84/100
|-start|p1a: Scizor|Salt Cure
|
|-damage|p1a: Scizor|59/100|[from] Salt Cure
|upkeep
|turn|4
|
|t:|1757840529
|switch|p2a: Incineroar|Incineroar, M|100/100
|-ability|p2a: Incineroar|Intimidate|boost
|-unboost|p1a: Scizor|atk|1
|move|p1a: Scizor|Bullet Punch|p2a: Incineroar
|-resisted|p2a: Incineroar
|-damage|p2a: Incineroar|71/100
|
|-damage|p1a: Scizor|34/100|[from] Salt Cure
|upkeep
|turn|5
|
|t:|1757840539
|switch|p1a: Zamazenta|Zamazenta|100/100
|-damage|p1a: Zamazenta|94/100|[from] Stealth Rock
|-ability|p1a: Zamazenta|Dauntless Shield|boost
|-boost|p1a: Zamazenta|def|1
|move|p2a: Incineroar|Knock Off|p1a: Zamazenta
|-resisted|p1a: Zamazenta
|-damage|p1a: Zamazenta|85/100
|-enditem|p1a: Zamazenta|Leftovers|[from] move: Knock Off|[of] p2a: Incineroar
|
|upkeep
|turn|6
|
|t:|1757840549
|move|p1a: Zamazenta|Body Press|p2a: Incineroar
|-supereffective|p2a: Incineroar
|-damage|p2a: Incineroar|0 fnt
|faint|p2a: Incineroar
|
|upkeep
|
|t:|1757840556
|switch|p2a: Hatterene|Hatterene, F|100/100
|turn|7
|
|t:|1757840562
|switch|p1a: Scizor|Scizor, M|34/100
|move|p2a: Hatterene|Psychic Noise|p1a: Scizor
|-resisted|p1a: Scizor
|-damage|p1a: Scizor|2/100
|-start|p1a: Scizor|move: Heal Block
|
|upkeep
|turn|8
|
|t:|1757840574
|move|p1a: Scizor|U-turn|p2a: Hatterene
|-damage|p2a: Hatterene|59/100
|
|t:|1757840577
|switch|p1a: Gholdengo|Gholdengo|100/100|[from] U-turn
|-damage|p1a: Gholdengo|94/100|[from] Stealth Rock
|move|p2a: Hatterene|Draining Kiss|p1a: Gholdengo
|-resisted|p1a: Gholdengo
|-damage|p1a: Gholdengo|77/100
|-heal|p2a: Hatterene|72/100|[from] drain|[of] p1a: Gholdengo
|
|upkeep
|turn|9
|
|t:|1757840583
|move|p1a: Gholdengo|Shadow Ball|p2a: Hatterene
|-supereffective|p2a: Hatterene
|-damage|p2a: Hatterene|17/100
|move|p2a: Hatterene|Shadow Ball|p1a: Gholdengo
|-supereffective|p1a: Gholdengo
|-damage|p1a: Gholdengo|2/100
|
|upkeep
|turn|10
|
|t:|1757840590
|move|p1a: Gholdengo|Shadow Ball|p2a: Hatterene
|-supereffective|p2a: Hatterene
|-damage|p2a: Hatterene|0 fnt
|faint|p2a: Hatterene
|
|upkeep
|
|t:|1757840596
|switch|p2a: Corviknight|Corviknight, M|100/100
|turn|11
|
|t:|1757840598
|move|p1a: Gholdengo|Shadow Ball|p2a: Corviknight
|-damage|p2a: Corviknight|59/100
|move|p2a: Corviknight|Iron Head|p1a: Gholdengo
|-resisted|p1a: Gholdengo
|-damage|p1a: Gholdengo|0 fnt
|faint|p1a: Gholdengo
|
|upkeep
|
|t:|1757840604
|switch|p1a: Thundurus|Thundurus-Therian, M|100/100
|turn|12
|
|t:|1757840608
|move|p1a: Thundurus|Thunderbolt|p2a: Corviknight
|-supereffective|p2a: Corviknight
|-damage|p2a: Corviknight|0 fnt
|faint|p2a: Corviknight
|
|upkeep
|
|t:|1757840611
|switch|p2a: Garganacl|Garganacl, M|100/100
|turn|13
|
|t:|1757840618
|move|p1a: Thundurus|Volt Switch|p2a: Garganacl
|-damage|p2a: Garganacl|70/100
|
|t:|1757840626
|switch|p1a: Scizor|Scizor, M|2/100|[from] Volt Switch
|move|p2a: Garganacl|Salt Cure|p1a: Scizor
|-crit|p1a: Scizor
|-damage|p1a: Scizor|0 fnt
|faint|p1a: Scizor
|
|-heal|p2a: Garganacl|76/100|[from] item: Leftovers
|upkeep
|
|t:|1757840637
|switch|p1a: Samurott|Samurott-Hisui, F|100/100
|turn|14
|
|t:|1757840645
|switch|p2a: Ampharos|Ampharos, M|100/100
|-item|p2a: Ampharos|Air Balloon
|move|p1a: Samurott|Ceaseless Edge|p2a: Ampharos
|-damage|p2a: Ampharos|50/100
|-enditem|p2a: Ampharos|Air Balloon
|-sidestart|p2: CrockPokes|Spikes
|
|upkeep
|turn|15
|
|t:|1757840654
|move|p1a: Samurott|Ceaseless Edge|p2a: Ampharos
|-damage|p2a: Ampharos|0 fnt
|-status|p1a: Samurott|par|[from] ability: Static|[of] p2a: Ampharos
|-sidestart|p2: CrockPokes|Spikes
|faint|p2a: Ampharos
|
|upkeep
|
|t:|1757840659
|switch|p2a: Ogerpon|Ogerpon-Wellspring, F|100/100
|-damage|p2a: Ogerpon|84/100|[from] Spikes
|turn|16
|
|t:|1757840667
|move|p2a: Ogerpon|Wood Hammer|p1a: Samurott
|-supereffective|p1a: Samurott
|-damage|p1a: Samurott|0 fnt
|faint|p1a: Samurott
|-damage|p2a: Ogerpon|47/100|[from] Recoil
|
|upkeep
|
|t:|1757840672
|switch|p1a: Landorus|Landorus-Therian, M|100/100
|-damage|p1a: Landorus|88/100|[from] Stealth Rock
|-ability|p1a: Landorus|Intimidate|boost
|-unboost|p2a: Ogerpon|atk|1
|turn|17
|
|t:|1757840687
|-terastallize|p1a: Landorus|Ghost
|move|p2a: Ogerpon|Wood Hammer|p1a: Landorus
|-damage|p1a: Landorus|41/100
|-damage|p2a: Ogerpon|30/100|[from] item: Rocky Helmet|[of] p1a: Landorus
|-damage|p2a: Ogerpon|10/100|[from] Recoil
|move|p1a: Landorus|U-turn|p2a: Ogerpon
|-supereffective|p2a: Ogerpon
|-damage|p2a: Ogerpon|0 fnt
|faint|p2a: Ogerpon
|
|t:|1757840695
|switch|p1a: Zamazenta|Zamazenta|85/100|[from] U-turn
|-damage|p1a: Zamazenta|79/100|[from] Stealth Rock
|
|upkeep
|
|t:|1757840697
|switch|p2a: Garganacl|Garganacl, M|76/100
|-damage|p2a: Garganacl|60/100|[from] Spikes
|turn|18
|
|t:|1757840700
|-terastallize|p2a: Garganacl|Ghost
|move|p1a: Zamazenta|Body Press|p2a: Garganacl
|-immune|p2a: Garganacl
|move|p2a: Garganacl|Recover|p2a: Garganacl
|-heal|p2a: Garganacl|100/100
|
|upkeep
|turn|19
|
|t:|1757840705
|move|p1a: Zamazenta|Crunch|p2a: Garganacl
|-supereffective|p2a: Garganacl
|-damage|p2a: Garganacl|75/100
|move|p2a: Garganacl|Salt Cure|p1a: Zamazenta
|-resisted|p1a: Zamazenta
|-damage|p1a: Zamazenta|75/100
|-start|p1a: Zamazenta|Salt Cure
|
|-heal|p2a: Garganacl|81/100|[from] item: Leftovers
|-damage|p1a: Zamazenta|62/100|[from] Salt Cure
|upkeep
|turn|20
|
|t:|1757840711
|switch|p1a: Landorus|Landorus-Therian, M, tera:Ghost|41/100
|-damage|p1a: Landorus|29/100|[from] Stealth Rock
|-ability|p1a: Landorus|Intimidate|boost
|-unboost|p2a: Garganacl|atk|1
|move|p2a: Garganacl|Earthquake|p1a: Landorus
|-damage|p1a: Landorus|14/100
|
|-heal|p2a: Garganacl|87/100|[from] item: Leftovers
|upkeep
|turn|21
|
|t:|1757840717
|move|p1a: Landorus|Taunt|p2a: Garganacl
|-start|p2a: Garganacl|move: Taunt
|move|p2a: Garganacl|Salt Cure|p1a: Landorus
|-damage|p1a: Landorus|3/100
|-start|p1a: Landorus|Salt Cure
|
|-heal|p2a: Garganacl|93/100|[from] item: Leftovers
|-damage|p1a: Landorus|0 fnt|[from] Salt Cure
|faint|p1a: Landorus
|upkeep
|
|t:|1757840723
|switch|p1a: Zamazenta|Zamazenta|62/100
|-damage|p1a: Zamazenta|56/100|[from] Stealth Rock
|turn|22
|
|t:|1757840727
|move|p1a: Zamazenta|Crunch|p2a: Garganacl
|-supereffective|p2a: Garganacl
|-damage|p2a: Garganacl|66/100
|move|p2a: Garganacl|Salt Cure|p1a: Zamazenta
|-resisted|p1a: Zamazenta
|-damage|p1a: Zamazenta|53/100
|-start|p1a: Zamazenta|Salt Cure
|
|-heal|p2a: Garganacl|72/100|[from] item: Leftovers
|-damage|p1a: Zamazenta|40/100|[from] Salt Cure
|upkeep
|turn|23
|
|t:|1757840734
|move|p1a: Zamazenta|Crunch|p2a: Garganacl
|-supereffective|p2a: Garganacl
|-damage|p2a: Garganacl|48/100
|move|p2a: Garganacl|Salt Cure|p1a: Zamazenta
|-resisted|p1a: Zamazenta
|-damage|p1a: Zamazenta|37/100
|
|-heal|p2a: Garganacl|54/100|[from] item: Leftovers
|-damage|p1a: Zamazenta|24/100|[from] Salt Cure
|-end|p2a: Garganacl|move: Taunt
|upkeep
|turn|24
|
|t:|1757840742
|move|p1a: Zamazenta|Crunch|p2a: Garganacl
|-supereffective|p2a: Garganacl
|-damage|p2a: Garganacl|27/100
|move|p2a: Garganacl|Recover|p2a: Garganacl
|-heal|p2a: Garganacl|77/100
|
|-heal|p2a: Garganacl|83/100|[from] item: Leftovers
|-damage|p1a: Zamazenta|12/100|[from] Salt Cure
|upkeep
|turn|25
|
|t:|1757840746
|move|p1a: Zamazenta|Crunch|p2a: Garganacl
|-supereffective|p2a: Garganacl
|-damage|p2a: Garganacl|59/100
|move|p2a: Garganacl|Recover|p2a: Garganacl
|-heal|p2a: Garganacl|100/100
|
|-damage|p1a: Zamazenta|0 fnt|[from] Salt Cure
|faint|p1a: Zamazenta
|upkeep
|
|t:|1757840753
|switch|p1a: Thundurus|Thundurus-Therian, M|100/100
|turn|26
|
|t:|1757840755
|move|p1a: Thundurus|Thunderbolt|p2a: Garganacl
|-damage|p2a: Garganacl|65/100
|move|p2a: Garganacl|Salt Cure|p1a: Thundurus
|-supereffective|p1a: Thundurus
|-damage|p1a: Thundurus|74/100
|-start|p1a: Thundurus|Salt Cure
|
|-heal|p2a: Garganacl|72/100|[from] item: Leftovers
|-damage|p1a: Thundurus|62/100|[from] Salt Cure
|upkeep
|turn|27
|
|t:|1757840760
|move|p1a: Thundurus|Knock Off|p2a: Garganacl
|-supereffective|p2a: Garganacl
|-damage|p2a: Garganacl|46/100
|-enditem|p2a: Garganacl|Leftovers|[from] move: Knock Off|[of] p1a: Thundurus
|move|p2a: Garganacl|Recover|p2a: Garganacl
|-heal|p2a: Garganacl|96/100
|
|-damage|p1a: Thundurus|50/100|[from] Salt Cure
|upkeep
|turn|28
|
|t:|1757840766
|move|p1a: Thundurus|Thunderbolt|p2a: Garganacl
|-damage|p2a: Garganacl|59/100
|move|p2a: Garganacl|Recover|p2a: Garganacl
|-heal|p2a: Garganacl|100/100
|
|-damage|p1a: Thundurus|37/100|[from] Salt Cure
|upkeep
|turn|29
|-message|M0nk3MAN forfeited.
|
|win|CrockPokes
|raw|M0nk3MAN's rating: 1088 &rarr; <strong>1065</strong><br />(-23 for losing)
|raw|CrockPokes's rating: 1096 &rarr; <strong>1121</strong><br />(+25 for winning)
|l|☆M0nk3MAN
|player|p1|
|c|☆CrockPokes|gg
|l|☆CrockPokes
|player|p2|
