|j|☆Clwredemption
|j|☆Playm4ker52
|t:|1757955624
|gametype|singles
|player|p1|Clwredemption|265|1484
|player|p2|Playm4ker52|lucas|1487
|gen|9
|tier|[Gen 9] OU
|rated|
|rule|HP Percentage Mod: HP is shown in percentages
|rule|Endless Battle Clause: Forcing endless battles is banned
|rule|Species Clause: Limit one of each Pokémon
|rule|OHKO Clause: OHKO moves are banned
|rule|Evasion Items Clause: Evasion items are banned
|rule|Evasion Moves Clause: Evasion moves are banned
|rule|Evasion Abilities Clause: Evasion abilities are banned
|rule|Sleep Moves Clause: Sleep-inducing moves are banned
|clearpoke
|poke|p1|Weavile, F|
|poke|p1|Landorus-Therian, M|
|poke|p1|Scizor, F|
|poke|p1|Primarina, M|
|poke|p1|Raging Bolt|
|poke|p1|Pecharunt|
|poke|p2|Primarina, M|
|poke|p2|Kyurem|
|poke|p2|Iron Valiant|
|poke|p2|Darkrai|
|poke|p2|Deoxys-Speed|
|poke|p2|Corviknight, F|
|teampreview
|
|t:|1757955639
|teamsize|p1|6
|teamsize|p2|6
|start
|switch|p1a: Landorus|Landorus-Therian, M|100/100
|switch|p2a: Deoxys|Deoxys-Speed|100/100
|-ability|p2a: Deoxys|Pressure
|-ability|p1a: Landorus|Intimidate|boost
|-unboost|p2a: Deoxys|atk|1
|turn|1
|
|t:|1757955644
|move|p2a: Deoxys|Taunt|p1a: Landorus
|-start|p1a: Landorus|move: Taunt
|move|p1a: Landorus|U-turn|p2a: Deoxys
|-supereffective|p2a: Deoxys
|-crit|p2a: Deoxys
|-damage|p2a: Deoxys|22/100
|inactive|Battle timer is ON: inactive players will automatically lose when time's up. (requested by Playm4ker52)
|
|t:|1757955646
|switch|p1a: Scizor|Scizor, F|100/100|[from] U-turn
|
|upkeep
|turn|2
|
|t:|1757955652
|switch|p2a: Corviknight|Corviknight, F|100/100
|-ability|p2a: Corviknight|Pressure
|move|p1a: Scizor|Bullet Punch|p2a: Corviknight
|-resisted|p2a: Corviknight
|-damage|p2a: Corviknight|87/100
|-damage|p1a: Scizor|84/100|[from] item: Rocky Helmet|[of] p2a: Corviknight
|-damage|p1a: Scizor|74/100|[from] item: Life Orb
|
|upkeep
|turn|3
|
|t:|1757955660
|move|p1a: Scizor|Knock Off|p2a: Corviknight
|-damage|p2a: Corviknight|59/100
|-damage|p1a: Scizor|58/100|[from] item: Rocky Helmet|[of] p2a: Corviknight
|-enditem|p2a: Corviknight|Rocky Helmet|[from] move: Knock Off|[of] p1a: Scizor
|-damage|p1a: Scizor|48/100|[from] item: Life Orb
|move|p2a: Corviknight|U-turn|p1a: Scizor
|-resisted|p1a: Scizor
|-damage|p1a: Scizor|39/100
|
|t:|1757955674
|switch|p2a: Darkrai|Darkrai|100/100|[from] U-turn
|
|upkeep
|turn|4
|
|t:|1757955681
|switch|p1a: Primarina|Primarina, M|100/100
|move|p2a: Darkrai|Dark Pulse|p1a: Primarina
|-resisted|p1a: Primarina
|-damage|p1a: Primarina|87/100
|
|upkeep
|turn|5
|
|t:|1757955691
|-terastallize|p2a: Darkrai|Poison
|move|p2a: Darkrai|Sludge Bomb|p1a: Primarina
|-supereffective|p1a: Primarina
|-crit|p1a: Primarina
|-damage|p1a: Primarina|0 fnt
|faint|p1a: Primarina
|
|upkeep
|
|t:|1757955702
|switch|p1a: Landorus|Landorus-Therian, M|100/100
|-ability|p1a: Landorus|Intimidate|boost
|-unboost|p2a: Darkrai|atk|1
|turn|6
|
|t:|1757955704
|move|p2a: Darkrai|Ice Beam|p1a: Landorus
|-supereffective|p1a: Landorus
|-damage|p1a: Landorus|0 fnt
|faint|p1a: Landorus
|
|upkeep
|
|t:|1757955709
|switch|p1a: Scizor|Scizor, F|39/100
|turn|7
|
|t:|1757955714
|move|p1a: Scizor|Bullet Punch|p2a: Darkrai
|-crit|p2a: Darkrai
|-damage|p2a: Darkrai|16/100
|-damage|p1a: Scizor|29/100|[from] item: Life Orb
|move|p2a: Darkrai|Dark Pulse|p1a: Scizor
|-damage|p1a: Scizor|0 fnt
|faint|p1a: Scizor
|
|-heal|p2a: Darkrai|22/100|[from] item: Leftovers
|upkeep
|
|t:|1757955716
|switch|p1a: Weavile|Weavile, F|100/100
|-ability|p1a: Weavile|Pressure
|turn|8
|
|t:|1757955729
|switch|p2a: Kyurem|Kyurem|100/100
|-ability|p2a: Kyurem|Pressure
|move|p1a: Weavile|Ice Shard|p2a: Kyurem
|-damage|p2a: Kyurem|83/100
|
|upkeep
|turn|9
|
|t:|1757955737
|move|p1a: Weavile|Triple Axel|p2a: Kyurem
|-damage|p2a: Kyurem|73/100
|-damage|p2a: Kyurem|53/100
|-damage|p2a: Kyurem|27/100
|-hitcount|p2a: Kyurem|3
|move|p2a: Kyurem|Dragon Dance|p2a: Kyurem
|-boost|p2a: Kyurem|atk|1
|-boost|p2a: Kyurem|spe|1
|
|upkeep
|turn|10
|
|t:|1757955754
|move|p2a: Kyurem|Scale Shot|p1a: Weavile
|-damage|p1a: Weavile|63/100
|-damage|p1a: Weavile|28/100
|-damage|p1a: Weavile|0 fnt
|faint|p1a: Weavile
|-hitcount|p1: Weavile|3
|-unboost|p2a: Kyurem|def|1
|-boost|p2a: Kyurem|spe|1
|
|upkeep
|
|t:|1757955757
|switch|p1a: Pecharunt|Pecharunt|100/100
|turn|11
|
|t:|1757955767
|move|p2a: Kyurem|Icicle Spear|p1a: Pecharunt
|-damage|p1a: Pecharunt|88/100
|-damage|p1a: Pecharunt|74/100
|-damage|p1a: Pecharunt|62/100
|-damage|p1a: Pecharunt|48/100
|-damage|p1a: Pecharunt|34/100
|-hitcount|p1a: Pecharunt|5
|move|p1a: Pecharunt|Malignant Chain|p2a: Kyurem
|-damage|p2a: Kyurem|0 fnt
|faint|p2a: Kyurem
|
|upkeep
|
|t:|1757955780
|switch|p2a: Darkrai|Darkrai, tera:Poison|22/100
|turn|12
|
|t:|1757955783
|move|p2a: Darkrai|Dark Pulse|p1a: Pecharunt
|-supereffective|p1a: Pecharunt
|-damage|p1a: Pecharunt|0 fnt
|faint|p1a: Pecharunt
|
|-heal|p2a: Darkrai|28/100|[from] item: Leftovers
|upkeep
|
|t:|1757955786
|switch|p1a: Raging Bolt|Raging Bolt|100/100
|-enditem|p1a: Raging Bolt|Booster Energy
|-activate|p1a: Raging Bolt|ability: Protosynthesis|[fromitem]
|-start|p1a: Raging Bolt|protosynthesisspa
|turn|13
|
|t:|1757955792
|move|p2a: Darkrai|Ice Beam|p1a: Raging Bolt
|-supereffective|p1a: Raging Bolt
|-damage|p1a: Raging Bolt|38/100
|move|p1a: Raging Bolt|Calm Mind|p1a: Raging Bolt
|-boost|p1a: Raging Bolt|spa|1
|-boost|p1a: Raging Bolt|spd|1
|
|-heal|p2a: Darkrai|34/100|[from] item: Leftovers
|upkeep
|turn|14
|
|t:|1757955801
|move|p1a: Raging Bolt|Thunderclap|p2a: Darkrai
|-damage|p2a: Darkrai|0 fnt
|faint|p2a: Darkrai
|
|upkeep
|
|t:|1757955804
|switch|p2a: Deoxys|Deoxys-Speed|22/100
|-ability|p2a: Deoxys|Pressure
|turn|15
|
|t:|1757955807
|move|p2a: Deoxys|Light Screen|p2a: Deoxys
|-sidestart|p2: Playm4ker52|move: Light Screen
|move|p1a: Raging Bolt|Thunderbolt|p2a: Deoxys
|-damage|p2a: Deoxys|0 fnt
|faint|p2a: Deoxys
|
|upkeep
|
|t:|1757955811
|switch|p2a: Primarina|Primarina, M|100/100
|turn|16
|
|t:|1757955815
|move|p1a: Raging Bolt|Thunderbolt|p2a: Primarina
|-supereffective|p2a: Primarina
|-damage|p2a: Primarina|41/100
|move|p2a: Primarina|Moonblast|p1a: Raging Bolt
|-supereffective|p1a: Raging Bolt
|-damage|p1a: Raging Bolt|0 fnt
|faint|p1a: Raging Bolt
|-end|p1a: Raging Bolt|Protosynthesis|[silent]
|
|win|Playm4ker52
|raw|Clwredemption's rating: 1484 &rarr; <strong>1464</strong><br />(-20 for losing)
|raw|Playm4ker52's rating: 1487 &rarr; <strong>1507</strong><br />(+20 for winning)
|c|☆Clwredemption|gg
|c|☆Playm4ker52|Gg
