|j|☆darretyle2
|j|☆mawkishh
|t:|1757919486
|gametype|singles
|player|p1|darretyle2|1|1444
|player|p2|mawkishh|102|1495
|gen|9
|tier|[Gen 9] OU
|rated|
|rule|HP Percentage Mod: HP is shown in percentages
|rule|Endless Battle Clause: Forcing endless battles is banned
|rule|Species Clause: Limit one of each Pokémon
|rule|OHKO Clause: OHKO moves are banned
|rule|Evasion Items Clause: Evasion items are banned
|rule|Evasion Moves Clause: Evasion moves are banned
|rule|Evasion Abilities Clause: Evasion abilities are banned
|rule|Sleep Moves Clause: Sleep-inducing moves are banned
|clearpoke
|poke|p1|Ninetales-Alola, F|
|poke|p1|Maushold|
|poke|p1|Mew|
|poke|p1|Rhyperior, F|
|poke|p1|Slither Wing|
|poke|p1|Gyarados, F|
|poke|p2|Scizor, F|
|poke|p2|Great Tusk|
|poke|p2|Landorus-Therian, M|
|poke|p2|Zamazenta-*|
|poke|p2|Primarina, F|
|poke|p2|Slowking-Galar, M|
|teampreview
|inactive|Battle timer is ON: inactive players will automatically lose when time's up. (requested by mawkishh)
|
|t:|1757919492
|teamsize|p1|6
|teamsize|p2|6
|start
|switch|p1a: Ninetales|Ninetales-Alola, F|100/100
|switch|p2a: Scizor|Scizor, F|100/100
|-weather|Snowscape|[from] ability: Snow Warning|[of] p1a: Ninetales
|turn|1
|
|t:|1757919500
|switch|p1a: Gyarados|Gyarados, F|100/100
|move|p2a: Scizor|Bullet Punch|p1a: Gyarados
|-resisted|p1a: Gyarados
|-damage|p1a: Gyarados|71/100
|
|-weather|Snowscape|[upkeep]
|upkeep
|turn|2
|
|t:|1757919504
|switch|p2a: Primarina|Primarina, F|100/100
|move|p1a: Gyarados|Dragon Dance|p1a: Gyarados
|-boost|p1a: Gyarados|atk|1
|-boost|p1a: Gyarados|spe|1
|
|-weather|Snowscape|[upkeep]
|upkeep
|turn|3
|
|t:|1757919510
|move|p1a: Gyarados|Dragon Dance|p1a: Gyarados
|-boost|p1a: Gyarados|atk|1
|-boost|p1a: Gyarados|spe|1
|move|p2a: Primarina|Moonblast|p1a: Gyarados
|-damage|p1a: Gyarados|24/100
|-unboost|p1a: Gyarados|spa|1
|
|-weather|Snowscape|[upkeep]
|upkeep
|turn|4
|
|t:|1757919513
|move|p1a: Gyarados|Rest|p1a: Gyarados
|-status|p1a: Gyarados|slp|[from] move: Rest
|-heal|p1a: Gyarados|100/100 slp|[silent]
|-enditem|p1a: Gyarados|Chesto Berry|[eat]
|-curestatus|p1a: Gyarados|slp|[msg]
|move|p2a: Primarina|Moonblast|p1a: Gyarados
|-damage|p1a: Gyarados|52/100
|
|-weather|Snowscape|[upkeep]
|upkeep
|turn|5
|
|t:|1757919517
|move|p1a: Gyarados|Waterfall|p2a: Primarina
|-resisted|p2a: Primarina
|-damage|p2a: Primarina|36/100
|move|p2a: Primarina|Moonblast|p1a: Gyarados
|-damage|p1a: Gyarados|0 fnt
|faint|p1a: Gyarados
|
|-weather|none
|upkeep
|
|t:|1757919523
|switch|p1a: Ninetales|Ninetales-Alola, F|100/100
|-weather|Snowscape|[from] ability: Snow Warning|[of] p1a: Ninetales
|turn|6
|
|t:|1757919531
|switch|p2a: Scizor|Scizor, F|100/100
|move|p1a: Ninetales|Aurora Veil|p1a: Ninetales
|-sidestart|p1: darretyle2|move: Aurora Veil
|
|-weather|Snowscape|[upkeep]
|upkeep
|turn|7
|
|t:|1757919534
|switch|p1a: Rhyperior|Rhyperior, F|100/100
|move|p2a: Scizor|Knock Off|p1a: Rhyperior
|-crit|p1a: Rhyperior
|-damage|p1a: Rhyperior|38/100
|-enditem|p1a: Rhyperior|Weakness Policy|[from] move: Knock Off|[of] p2a: Scizor
|
|-weather|Snowscape|[upkeep]
|upkeep
|turn|8
|
|t:|1757919547
|switch|p2a: Landorus|Landorus-Therian, M|100/100
|-ability|p2a: Landorus|Intimidate|boost
|-unboost|p1a: Rhyperior|atk|1
|move|p1a: Rhyperior|Stone Edge|p2a: Landorus
|-damage|p2a: Landorus|62/100
|
|-weather|Snowscape|[upkeep]
|upkeep
|turn|9
|
|t:|1757919551
|move|p2a: Landorus|Earthquake|p1a: Rhyperior
|-supereffective|p1a: Rhyperior
|-damage|p1a: Rhyperior|13/100
|move|p1a: Rhyperior|Rock Polish|p1a: Rhyperior
|-boost|p1a: Rhyperior|spe|2
|
|-weather|Snowscape|[upkeep]
|upkeep
|turn|10
|
|t:|1757919557
|switch|p2a: Scizor|Scizor, F|100/100
|move|p1a: Rhyperior|Stone Edge|p2a: Scizor
|-damage|p2a: Scizor|53/100
|
|-weather|none
|upkeep
|turn|11
|
|t:|1757919560
|move|p2a: Scizor|Bullet Punch|p1a: Rhyperior
|-supereffective|p1a: Rhyperior
|-damage|p1a: Rhyperior|0 fnt
|faint|p1a: Rhyperior
|
|upkeep
|
|t:|1757919564
|switch|p1a: Slither Wing|Slither Wing|100/100
|-enditem|p1a: Slither Wing|Booster Energy
|-activate|p1a: Slither Wing|ability: Protosynthesis|[fromitem]
|-start|p1a: Slither Wing|protosynthesisatk
|turn|12
|
|t:|1757919570
|switch|p2a: Landorus|Landorus-Therian, M|62/100
|-ability|p2a: Landorus|Intimidate|boost
|-unboost|p1a: Slither Wing|atk|1
|move|p1a: Slither Wing|Bulk Up|p1a: Slither Wing
|-boost|p1a: Slither Wing|atk|1
|-boost|p1a: Slither Wing|def|1
|
|upkeep
|turn|13
|
|t:|1757919584
|move|p2a: Landorus|Taunt|p1a: Slither Wing
|-start|p1a: Slither Wing|move: Taunt
|cant|p1a: Slither Wing|move: Taunt|Bulk Up
|
|-sideend|p1: darretyle2|move: Aurora Veil
|upkeep
|turn|14
|
|t:|1757919586
|move|p2a: Landorus|Earthquake|p1a: Slither Wing
|-resisted|p1a: Slither Wing
|-damage|p1a: Slither Wing|81/100
|move|p1a: Slither Wing|Flame Charge|p2a: Landorus
|-damage|p2a: Landorus|37/100
|-boost|p1a: Slither Wing|spe|1
|-damage|p1a: Slither Wing|64/100|[from] item: Rocky Helmet|[of] p2a: Landorus
|
|upkeep
|turn|15
|
|t:|1757919593
|move|p1a: Slither Wing|Flame Charge|p2a: Landorus
|-damage|p2a: Landorus|11/100
|-boost|p1a: Slither Wing|spe|1
|-damage|p1a: Slither Wing|48/100|[from] item: Rocky Helmet|[of] p2a: Landorus
|move|p2a: Landorus|Stealth Rock|p1a: Slither Wing
|-sidestart|p1: darretyle2|move: Stealth Rock
|
|-end|p1a: Slither Wing|move: Taunt
|upkeep
|turn|16
|
|t:|1757919596
|move|p1a: Slither Wing|Bulk Up|p1a: Slither Wing
|-boost|p1a: Slither Wing|atk|1
|-boost|p1a: Slither Wing|def|1
|move|p2a: Landorus|Earthquake|p1a: Slither Wing
|-resisted|p1a: Slither Wing
|-damage|p1a: Slither Wing|33/100
|
|upkeep
|turn|17
|
|t:|1757919599
|move|p1a: Slither Wing|Bulk Up|p1a: Slither Wing
|-boost|p1a: Slither Wing|atk|1
|-boost|p1a: Slither Wing|def|1
|move|p2a: Landorus|Taunt|p1a: Slither Wing
|-start|p1a: Slither Wing|move: Taunt
|
|upkeep
|turn|18
|
|t:|1757919601
|move|p1a: Slither Wing|Acrobatics|p2a: Landorus
|-damage|p2a: Landorus|0 fnt
|-damage|p1a: Slither Wing|16/100|[from] item: Rocky Helmet|[of] p2a: Landorus
|faint|p2a: Landorus
|
|upkeep
|
|t:|1757919606
|switch|p2a: Scizor|Scizor, F|53/100
|turn|19
|
|t:|1757919610
|-terastallize|p2a: Scizor|Steel
|move|p2a: Scizor|Bullet Punch|p1a: Slither Wing
|-damage|p1a: Slither Wing|0 fnt
|faint|p1a: Slither Wing
|-end|p1a: Slither Wing|Protosynthesis|[silent]
|
|upkeep
|
|t:|1757919615
|switch|p1a: Maushold|Maushold|100/100
|-damage|p1a: Maushold|88/100|[from] Stealth Rock
|turn|20
|
|t:|1757919617
|move|p2a: Scizor|Bullet Punch|p1a: Maushold
|-damage|p1a: Maushold|0 fnt
|faint|p1a: Maushold
|
|upkeep
|-message|darretyle2 forfeited.
|
|win|mawkishh
|raw|darretyle2's rating: 1444 &rarr; <strong>1427</strong><br />(-17 for losing)
|raw|mawkishh's rating: 1495 &rarr; <strong>1512</strong><br />(+17 for winning)
|l|☆darretyle2
|player|p1|
|l|☆mawkishh
|player|p2|
