|j|☆unisunisunis
|j|☆Vineetnhm
|t:|1757916878
|gametype|singles
|player|p1|unisunisunis|169|1106
|player|p2|Vineetnhm|169|1153
|gen|9
|tier|[Gen 9] OU
|rated|
|rule|HP Percentage Mod: HP is shown in percentages
|rule|Endless Battle Clause: Forcing endless battles is banned
|rule|Species Clause: Limit one of each Pokémon
|rule|OHKO Clause: OHKO moves are banned
|rule|Evasion Items Clause: Evasion items are banned
|rule|Evasion Moves Clause: Evasion moves are banned
|rule|Evasion Abilities Clause: Evasion abilities are banned
|rule|Sleep Moves Clause: Sleep-inducing moves are banned
|clearpoke
|poke|p1|Ninetales, F|
|poke|p1|Raging Bolt|
|poke|p1|Hatterene, F|
|poke|p1|Walking Wake|
|poke|p1|Great Tusk|
|poke|p1|Scizor, M|
|poke|p2|Decidueye-Hisui, M|
|poke|p2|Hydrapple, F|
|poke|p2|Gholdengo|
|poke|p2|Porygon2|
|poke|p2|Slowking-Galar, F|
|poke|p2|Banette, F|
|teampreview
|inactive|Battle timer is ON: inactive players will automatically lose when time's up. (requested by Vineetnhm)
|
|t:|1757916916
|teamsize|p1|6
|teamsize|p2|6
|start
|switch|p1a: Ninetales|Ninetales, F, shiny|100/100
|switch|p2a: Banette|Banette, F|100/100
|-weather|SunnyDay|[from] ability: Drought|[of] p1a: Ninetales
|-item|p1a: Ninetales|Heat Rock|[from] ability: Frisk|[of] p2a: Banette
|turn|1
|
|t:|1757916934
|move|p1a: Ninetales|Will-O-Wisp|p2a: Banette|[miss]
|-miss|p1a: Ninetales|p2a: Banette
|move|p2a: Banette|Poltergeist|p1a: Ninetales
|-activate|p1a: Ninetales|move: Poltergeist|Heat Rock
|-damage|p1a: Ninetales|5/100
|-damage|p2a: Banette|91/100|[from] item: Life Orb
|
|-weather|SunnyDay|[upkeep]
|upkeep
|turn|2
|
|t:|1757916946
|move|p2a: Banette|Shadow Sneak|p1a: Ninetales
|-damage|p1a: Ninetales|0 fnt
|faint|p1a: Ninetales
|-damage|p2a: Banette|81/100|[from] item: Life Orb
|
|-weather|SunnyDay|[upkeep]
|upkeep
|
|t:|1757916957
|switch|p1a: Walking Wake|Walking Wake|100/100
|-activate|p1a: Walking Wake|ability: Protosynthesis
|-start|p1a: Walking Wake|protosynthesisspe
|turn|3
|
|t:|1757916968
|move|p1a: Walking Wake|Hydro Steam|p2a: Banette
|-damage|p2a: Banette|0 fnt
|faint|p2a: Banette
|
|-weather|SunnyDay|[upkeep]
|upkeep
|
|t:|1757916972
|switch|p2a: Porygon2|Porygon2|100/100
|-ability|p2a: Porygon2|Download|boost
|-boost|p2a: Porygon2|spa|1
|turn|4
|
|t:|1757916976
|move|p1a: Walking Wake|Hydro Steam|p2a: Porygon2
|-damage|p2a: Porygon2|44/100
|move|p2a: Porygon2|Trick Room|p2a: Porygon2
|-fieldstart|move: Trick Room|[of] p2a: Porygon2
|
|-weather|SunnyDay|[upkeep]
|upkeep
|turn|5
|
|t:|1757916984
|-end|p1a: Walking Wake|Protosynthesis|[silent]
|switch|p1a: Scizor|Scizor, M|100/100
|move|p2a: Porygon2|Tri Attack|p1a: Scizor
|-resisted|p1a: Scizor
|-damage|p1a: Scizor|68/100
|
|-weather|SunnyDay|[upkeep]
|upkeep
|turn|6
|
|t:|1757916988
|move|p2a: Porygon2|Shadow Ball|p1a: Scizor
|-damage|p1a: Scizor|24/100
|-unboost|p1a: Scizor|spd|1
|move|p1a: Scizor|Swords Dance|p1a: Scizor
|-boost|p1a: Scizor|atk|2
|
|-weather|SunnyDay|[upkeep]
|upkeep
|turn|7
|
|t:|1757916998
|switch|p2a: Gholdengo|Gholdengo|100/100
|-item|p2a: Gholdengo|Air Balloon
|move|p1a: Scizor|Bullet Punch|p2a: Gholdengo
|-resisted|p2a: Gholdengo
|-damage|p2a: Gholdengo|56/100
|-enditem|p2a: Gholdengo|Air Balloon
|-damage|p1a: Scizor|14/100|[from] item: Life Orb
|
|-weather|SunnyDay|[upkeep]
|upkeep
|turn|8
|
|t:|1757917021
|move|p1a: Scizor|Bullet Punch|p2a: Gholdengo
|-resisted|p2a: Gholdengo
|-damage|p2a: Gholdengo|12/100
|-damage|p1a: Scizor|4/100|[from] item: Life Orb
|move|p2a: Gholdengo|Shadow Ball|p1a: Scizor
|-damage|p1a: Scizor|0 fnt
|faint|p1a: Scizor
|
|-weather|none
|-fieldend|move: Trick Room
|upkeep
|
|t:|1757917025
|switch|p1a: Raging Bolt|Raging Bolt|100/100
|-enditem|p1a: Raging Bolt|Booster Energy
|-activate|p1a: Raging Bolt|ability: Protosynthesis|[fromitem]
|-start|p1a: Raging Bolt|protosynthesisspa
|turn|9
|
|t:|1757917040
|move|p1a: Raging Bolt|Calm Mind|p1a: Raging Bolt
|-boost|p1a: Raging Bolt|spa|1
|-boost|p1a: Raging Bolt|spd|1
|move|p2a: Gholdengo|Shadow Ball|p1a: Raging Bolt
|-damage|p1a: Raging Bolt|68/100
|
|upkeep
|turn|10
|
|t:|1757917045
|move|p1a: Raging Bolt|Thunderclap|p2a: Gholdengo
|-damage|p2a: Gholdengo|0 fnt
|faint|p2a: Gholdengo
|
|upkeep
|
|t:|1757917047
|switch|p2a: Porygon2|Porygon2|44/100
|-ability|p2a: Porygon2|Download|boost
|-boost|p2a: Porygon2|atk|1
|turn|11
|
|t:|1757917053
|move|p1a: Raging Bolt|Thunderbolt|p2a: Porygon2
|-damage|p2a: Porygon2|0 fnt
|faint|p2a: Porygon2
|
|upkeep
|
|t:|1757917059
|switch|p2a: Hydrapple|Hydrapple, F|100/100
|turn|12
|
|t:|1757917074
|move|p1a: Raging Bolt|Draco Meteor|p2a: Hydrapple|[miss]
|-miss|p1a: Raging Bolt|p2a: Hydrapple
|move|p2a: Hydrapple|Fickle Beam|p1a: Raging Bolt
|-supereffective|p1a: Raging Bolt
|-damage|p1a: Raging Bolt|0 fnt
|faint|p1a: Raging Bolt
|-end|p1a: Raging Bolt|Protosynthesis|[silent]
|-damage|p2a: Hydrapple|91/100|[from] item: Life Orb
|
|upkeep
|
|t:|1757917081
|switch|p1a: Hatterene|Hatterene, F|100/100
|turn|13
|inactive|Vineetnhm has 120 seconds left.
|inactive|Vineetnhm has 90 seconds left.
|
|t:|1757917156
|switch|p2a: Slowking|Slowking-Galar, F|100/100
|move|p1a: Hatterene|Draining Kiss|p2a: Slowking
|-resisted|p2a: Slowking
|-damage|p2a: Slowking|91/100
|
|-heal|p2a: Slowking|97/100|[from] item: Leftovers
|upkeep
|turn|14
|
|t:|1757917165
|move|p1a: Hatterene|Psyshock|p2a: Slowking
|-damage|p2a: Slowking|58/100
|move|p2a: Slowking|Sludge Bomb|p1a: Hatterene
|-supereffective|p1a: Hatterene
|-crit|p1a: Hatterene
|-damage|p1a: Hatterene|0 fnt
|faint|p1a: Hatterene
|
|-heal|p2a: Slowking|64/100|[from] item: Leftovers
|upkeep
|
|t:|1757917175
|switch|p1a: Great Tusk|Great Tusk, shiny|100/100
|turn|15
|
|t:|1757917178
|-terastallize|p2a: Slowking|Flying
|move|p1a: Great Tusk|Headlong Rush|p2a: Slowking
|-immune|p2a: Slowking
|move|p2a: Slowking|Trick Room|p2a: Slowking
|-fieldstart|move: Trick Room|[of] p2a: Slowking
|
|-heal|p2a: Slowking|70/100|[from] item: Leftovers
|upkeep
|turn|16
|
|t:|1757917182
|move|p2a: Slowking|Eerie Spell|p1a: Great Tusk
|-supereffective|p1a: Great Tusk
|-damage|p1a: Great Tusk|0 fnt
|faint|p1a: Great Tusk
|-end|p1a: Great Tusk|Protosynthesis|[silent]
|
|-heal|p2a: Slowking|76/100|[from] item: Leftovers
|upkeep
|
|t:|1757917185
|switch|p1a: Walking Wake|Walking Wake|100/100
|turn|17
|
|t:|1757917189
|-terastallize|p1a: Walking Wake|Water
|move|p2a: Slowking|Sludge Bomb|p1a: Walking Wake
|-damage|p1a: Walking Wake|46/100
|move|p1a: Walking Wake|Hydro Steam|p2a: Slowking
|-damage|p2a: Slowking|3/100
|
|-heal|p2a: Slowking|9/100|[from] item: Leftovers
|upkeep
|turn|18
|
|t:|1757917194
|move|p2a: Slowking|Sludge Bomb|p1a: Walking Wake
|-damage|p1a: Walking Wake|0 fnt
|faint|p1a: Walking Wake
|-end|p1a: Walking Wake|Protosynthesis|[silent]
|
|win|Vineetnhm
|raw|unisunisunis's rating: 1106 &rarr; <strong>1084</strong><br />(-22 for losing)
|raw|Vineetnhm's rating: 1153 &rarr; <strong>1175</strong><br />(+22 for winning)
|l|☆unisunisunis
|player|p1|
|l|☆Vineetnhm
|player|p2|
