|j|☆averagealt99
|j|☆Grimsley961116
|t:|1757947488
|gametype|singles
|player|p1|averagealt99|acetrainerf-gen4dp|1428
|player|p2|Grimsley961116|grimsley|1385
|gen|9
|tier|[Gen 9] OU
|rated|
|rule|HP Percentage Mod: HP is shown in percentages
|rule|Endless Battle Clause: Forcing endless battles is banned
|rule|Species Clause: Limit one of each Pokémon
|rule|OHKO Clause: OHKO moves are banned
|rule|Evasion Items Clause: Evasion items are banned
|rule|Evasion Moves Clause: Evasion moves are banned
|rule|Evasion Abilities Clause: Evasion abilities are banned
|rule|Sleep Moves Clause: Sleep-inducing moves are banned
|clearpoke
|poke|p1|Vikavolt, F|
|poke|p1|Slowking-Galar, M|
|poke|p1|Chesnaught, F|
|poke|p1|Samurott-Hisui, M|
|poke|p1|Landorus-Therian, M|
|poke|p1|Gholdengo|
|poke|p2|Rotom-Wash|
|poke|p2|Torkoal, M|
|poke|p2|Garganacl, M|
|poke|p2|Arboliva, M|
|poke|p2|Ceruledge, M|
|poke|p2|Dragonite, M|
|teampreview
|inactive|Battle timer is ON: inactive players will automatically lose when time's up. (requested by Grimsley961116)
|
|t:|1757947491
|teamsize|p1|6
|teamsize|p2|6
|start
|switch|p1a: Vikavolt|Vikavolt, F|100/100
|switch|p2a: Rotom|Rotom-Wash|100/100
|turn|1
|
|t:|1757947496
|move|p2a: Rotom|Trick|p1a: Vikavolt
|-activate|p2a: Rotom|move: Trick|[of] p1a: Vikavolt
|-item|p1a: Vikavolt|Choice Scarf|[from] move: Trick
|-item|p2a: Rotom|Heavy-Duty Boots|[from] move: Trick
|move|p1a: Vikavolt|Volt Switch|p2a: Rotom
|-damage|p2a: Rotom|47/100
|
|t:|1757947501
|switch|p1a: Landorus|Landorus-Therian, M|100/100|[from] Volt Switch
|-ability|p1a: Landorus|Intimidate|boost
|-unboost|p2a: Rotom|atk|1
|
|upkeep
|turn|2
|
|t:|1757947504
|move|p1a: Landorus|U-turn|p2a: Rotom
|-damage|p2a: Rotom|14/100
|
|t:|1757947506
|switch|p1a: Slowking|Slowking-Galar, M|100/100|[from] U-turn
|move|p2a: Rotom|Hydro Pump|p1a: Slowking
|-damage|p1a: Slowking|66/100
|
|upkeep
|turn|3
|
|t:|1757947512
|move|p2a: Rotom|Volt Switch|p1a: Slowking
|-damage|p1a: Slowking|45/100
|
|t:|1757947513
|switch|p2a: Dragonite|Dragonite, M, shiny|100/100|[from] Volt Switch
|move|p1a: Slowking|Shadow Ball|p2a: Dragonite
|-damage|p2a: Dragonite|89/100
|
|upkeep
|turn|4
|
|t:|1757947517
|switch|p1a: Landorus|Landorus-Therian, M|100/100
|-ability|p1a: Landorus|Intimidate|boost
|-unboost|p2a: Dragonite|atk|1
|move|p2a: Dragonite|Dragon Dance|p2a: Dragonite
|-boost|p2a: Dragonite|atk|1
|-boost|p2a: Dragonite|spe|1
|
|upkeep
|turn|5
|
|t:|1757947519
|move|p1a: Landorus|Rock Slide|p2a: Dragonite
|-supereffective|p2a: Dragonite
|-damage|p2a: Dragonite|25/100
|-enditem|p2a: Dragonite|Weakness Policy
|-boost|p2a: Dragonite|atk|2|[from] item: Weakness Policy
|-boost|p2a: Dragonite|spa|2|[from] item: Weakness Policy
|move|p2a: Dragonite|Dragon Dance|p2a: Dragonite
|-boost|p2a: Dragonite|atk|1
|-boost|p2a: Dragonite|spe|1
|
|upkeep
|turn|6
|
|t:|1757947524
|move|p2a: Dragonite|Dragon Claw|p1a: Landorus
|-damage|p1a: Landorus|0 fnt
|faint|p1a: Landorus
|
|upkeep
|
|t:|1757947526
|switch|p1a: Chesnaught|Chesnaught, F|100/100
|turn|7
|
|t:|1757947530
|move|p1a: Chesnaught|Spiky Shield|p1a: Chesnaught
|-singleturn|p1a: Chesnaught|move: Protect
|move|p2a: Dragonite|Earthquake|p1a: Chesnaught
|-activate|p1a: Chesnaught|move: Protect
|
|upkeep
|turn|8
|
|t:|1757947536
|move|p2a: Dragonite|Dragon Claw|p1a: Chesnaught
|-damage|p1a: Chesnaught|37/100
|-damage|p2a: Dragonite|9/100|[from] item: Rocky Helmet|[of] p1a: Chesnaught
|move|p1a: Chesnaught|Body Press|p2a: Dragonite
|-resisted|p2a: Dragonite
|-damage|p2a: Dragonite|0 fnt
|faint|p2a: Dragonite
|
|upkeep
|
|t:|1757947542
|switch|p2a: Ceruledge|Ceruledge, M, shiny|100/100
|turn|9
|
|t:|1757947545
|switch|p1a: Samurott|Samurott-Hisui, M|100/100
|move|p2a: Ceruledge|Swords Dance|p2a: Ceruledge
|-boost|p2a: Ceruledge|atk|2
|
|upkeep
|turn|10
|
|t:|1757947548
|move|p1a: Samurott|Ceaseless Edge|p2a: Ceruledge
|-supereffective|p2a: Ceruledge
|-enditem|p2a: Ceruledge|Focus Sash
|-damage|p2a: Ceruledge|1/100
|-ability|p2a: Ceruledge|Weak Armor|boost
|-unboost|p2a: Ceruledge|def|1
|-boost|p2a: Ceruledge|spe|2
|-sidestart|p2: Grimsley961116|Spikes
|move|p2a: Ceruledge|Bitter Blade|p1a: Samurott
|-resisted|p1a: Samurott
|-damage|p1a: Samurott|37/100
|-heal|p2a: Ceruledge|36/100|[from] drain|[of] p1a: Samurott
|
|upkeep
|turn|11
|
|t:|1757947551
|move|p2a: Ceruledge|Shadow Sneak|p1a: Samurott
|-resisted|p1a: Samurott
|-damage|p1a: Samurott|8/100
|move|p1a: Samurott|Sucker Punch||[still]
|-fail|p1a: Samurott
|
|upkeep
|turn|12
|
|t:|1757947553
|move|p2a: Ceruledge|Shadow Sneak|p1a: Samurott
|-resisted|p1a: Samurott
|-damage|p1a: Samurott|0 fnt
|faint|p1a: Samurott
|
|upkeep
|
|t:|1757947555
|switch|p1a: Chesnaught|Chesnaught, F|37/100
|turn|13
|
|t:|1757947558
|-terastallize|p1a: Chesnaught|Fire
|move|p2a: Ceruledge|Bitter Blade|p1a: Chesnaught
|-resisted|p1a: Chesnaught
|-damage|p1a: Chesnaught|9/100
|-heal|p2a: Ceruledge|54/100|[from] drain|[of] p1a: Chesnaught
|-damage|p2a: Ceruledge|38/100|[from] item: Rocky Helmet|[of] p1a: Chesnaught
|move|p1a: Chesnaught|Synthesis|p1a: Chesnaught
|-heal|p1a: Chesnaught|59/100
|
|upkeep
|turn|14
|
|t:|1757947562
|move|p2a: Ceruledge|Destiny Bond|p2a: Ceruledge
|-singlemove|p2a: Ceruledge|Destiny Bond
|move|p1a: Chesnaught|Knock Off|p2a: Ceruledge
|-supereffective|p2a: Ceruledge
|-damage|p2a: Ceruledge|0 fnt
|faint|p2a: Ceruledge
|-activate|p2a: Ceruledge|move: Destiny Bond
|faint|p1a: Chesnaught
|
|upkeep
|
|t:|1757947567
|switch|p2a: Torkoal|Torkoal, M|100/100
|switch|p1a: Vikavolt|Vikavolt, F|100/100
|turn|15
|
|t:|1757947571
|move|p1a: Vikavolt|Volt Switch|p2a: Torkoal
|-damage|p2a: Torkoal|54/100
|
|t:|1757947574
|switch|p1a: Slowking|Slowking-Galar, M|78/100|[from] Volt Switch
|move|p2a: Torkoal|Rapid Spin|p1a: Slowking
|-damage|p1a: Slowking|69/100
|-boost|p2a: Torkoal|spe|1
|-sideend|p2: Grimsley961116|Spikes|[from] move: Rapid Spin|[of] p2a: Torkoal
|
|upkeep
|turn|16
|
|t:|1757947577
|move|p2a: Torkoal|Stealth Rock|p1a: Slowking
|-sidestart|p1: averagealt99|move: Stealth Rock
|move|p1a: Slowking|Future Sight|p2a: Torkoal
|-start|p1a: Slowking|move: Future Sight
|
|upkeep
|turn|17
|
|t:|1757947581
|switch|p2a: Arboliva|Arboliva, M|100/100
|move|p1a: Slowking|Shadow Ball|p2a: Arboliva
|-immune|p2a: Arboliva
|
|upkeep
|turn|18
|
|t:|1757947584
|move|p1a: Slowking|Fire Blast|p2a: Arboliva
|-supereffective|p2a: Arboliva
|-damage|p2a: Arboliva|69/100
|-fieldstart|move: Grassy Terrain|[from] ability: Seed Sower|[of] p2a: Arboliva
|move|p2a: Arboliva|Mirror Coat|p1a: Slowking
|-damage|p1a: Slowking|12/100
|
|-end|p2a: Arboliva|move: Future Sight
|-damage|p2a: Arboliva|43/100
|-heal|p2a: Arboliva|49/100|[from] Grassy Terrain
|-heal|p1a: Slowking|18/100|[from] Grassy Terrain
|upkeep
|turn|19
|
|t:|1757947590
|move|p2a: Arboliva|Giga Drain|p1a: Slowking
|-resisted|p1a: Slowking
|-damage|p1a: Slowking|2/100
|-heal|p2a: Arboliva|59/100|[from] drain|[of] p1a: Slowking
|-prepare|p1a: Slowking|Chilly Reception|[premajor]
|move|p1a: Slowking|Chilly Reception|p1a: Slowking
|-weather|Snowscape
|
|t:|1757947593
|switch|p1a: Vikavolt|Vikavolt, F|100/100|[from] Chilly Reception
|-damage|p1a: Vikavolt|76/100|[from] Stealth Rock
|
|-weather|Snowscape|[upkeep]
|-heal|p2a: Arboliva|65/100|[from] Grassy Terrain
|upkeep
|turn|20
|
|t:|1757947597
|move|p1a: Vikavolt|Bug Buzz|p2a: Arboliva
|-supereffective|p2a: Arboliva
|-damage|p2a: Arboliva|1/100
|-unboost|p2a: Arboliva|spd|1
|move|p2a: Arboliva|Mirror Coat|p1a: Vikavolt
|-damage|p1a: Vikavolt|0 fnt
|faint|p1a: Vikavolt
|
|-weather|Snowscape|[upkeep]
|-heal|p2a: Arboliva|7/100|[from] Grassy Terrain
|upkeep
|
|t:|1757947602
|switch|p1a: Gholdengo|Gholdengo|100/100
|-damage|p1a: Gholdengo|94/100|[from] Stealth Rock
|turn|21
|
|t:|1757947604
|-terastallize|p2a: Arboliva|Ghost
|move|p1a: Gholdengo|Shadow Ball|p2a: Arboliva
|-supereffective|p2a: Arboliva
|-damage|p2a: Arboliva|0 fnt
|faint|p2a: Arboliva
|
|-weather|Snowscape|[upkeep]
|-heal|p1a: Gholdengo|100/100|[from] Grassy Terrain
|upkeep
|
|t:|1757947607
|switch|p2a: Torkoal|Torkoal, M|54/100
|turn|22
|
|t:|1757947609
|move|p1a: Gholdengo|Shadow Ball|p2a: Torkoal
|-damage|p2a: Torkoal|0 fnt
|faint|p2a: Torkoal
|
|-weather|Snowscape|[upkeep]
|-fieldend|move: Grassy Terrain
|upkeep
|
|t:|1757947612
|switch|p2a: Garganacl|Garganacl, M|100/100
|turn|23
|
|t:|1757947621
|switch|p1a: Slowking|Slowking-Galar, M|35/100
|move|p2a: Garganacl|Salt Cure|p1a: Slowking
|-damage|p1a: Slowking|20/100
|-start|p1a: Slowking|Salt Cure
|
|-weather|none
|-damage|p1a: Slowking|8/100|[from] Salt Cure
|upkeep
|turn|24
|
|t:|1757947626
|move|p2a: Garganacl|Salt Cure|p1a: Slowking
|-damage|p1a: Slowking|0 fnt
|faint|p1a: Slowking
|
|upkeep
|
|t:|1757947630
|switch|p1a: Gholdengo|Gholdengo|100/100
|-damage|p1a: Gholdengo|94/100|[from] Stealth Rock
|turn|25
|
|t:|1757947634
|switch|p2a: Rotom|Rotom-Wash|14/100
|move|p1a: Gholdengo|Make It Rain|p2a: Rotom
|-resisted|p2a: Rotom
|-damage|p2a: Rotom|0 fnt
|-unboost|p1a: Gholdengo|spa|1
|faint|p2a: Rotom
|
|upkeep
|
|t:|1757947635
|switch|p2a: Garganacl|Garganacl, M|100/100
|turn|26
|
|t:|1757947637
|move|p1a: Gholdengo|Make It Rain|p2a: Garganacl
|-supereffective|p2a: Garganacl
|-damage|p2a: Garganacl|27/100
|-unboost|p1a: Gholdengo|spa|1
|move|p2a: Garganacl|Salt Cure|p1a: Gholdengo
|-resisted|p1a: Gholdengo
|-damage|p1a: Gholdengo|86/100
|-start|p1a: Gholdengo|Salt Cure
|
|-heal|p2a: Garganacl|33/100|[from] item: Leftovers
|-damage|p1a: Gholdengo|61/100|[from] Salt Cure
|upkeep
|turn|27
|
|t:|1757947640
|move|p2a: Garganacl|Protect|p2a: Garganacl
|-singleturn|p2a: Garganacl|Protect
|move|p1a: Gholdengo|Make It Rain|p2a: Garganacl
|-activate|p2a: Garganacl|move: Protect
|
|-heal|p2a: Garganacl|40/100|[from] item: Leftovers
|-damage|p1a: Gholdengo|37/100|[from] Salt Cure
|upkeep
|turn|28
|
|t:|1757947643
|move|p1a: Gholdengo|Make It Rain|p2a: Garganacl
|-supereffective|p2a: Garganacl
|-damage|p2a: Garganacl|0 fnt
|-unboost|p1a: Gholdengo|spa|1
|faint|p2a: Garganacl
|
|win|averagealt99
|raw|averagealt99's rating: 1428 &rarr; <strong>1446</strong><br />(+18 for winning)
|raw|Grimsley961116's rating: 1385 &rarr; <strong>1367</strong><br />(-18 for losing)
|l|☆averagealt99
|player|p1|
