|j|☆LVL62Monoco
|j|☆presin2
|t:|1757941110
|gametype|singles
|player|p1|LVL62Monoco|265|1471
|player|p2|presin2|pokemaniac|1464
|gen|9
|tier|[Gen 9] OU
|rated|
|rule|HP Percentage Mod: HP is shown in percentages
|rule|Endless Battle Clause: Forcing endless battles is banned
|rule|Species Clause: Limit one of each Pokémon
|rule|OHKO Clause: OHKO moves are banned
|rule|Evasion Items Clause: Evasion items are banned
|rule|Evasion Moves Clause: Evasion moves are banned
|rule|Evasion Abilities Clause: Evasion abilities are banned
|rule|Sleep Moves Clause: Sleep-inducing moves are banned
|clearpoke
|poke|p1|Garganacl, M|
|poke|p1|Great Tusk|
|poke|p1|Muk-Alola, M|
|poke|p1|Gholdengo|
|poke|p1|Zamazenta-*|
|poke|p1|Primarina, M|
|poke|p2|Iron Crown|
|poke|p2|Samurott-Hisui, M|
|poke|p2|Zapdos|
|poke|p2|Dragapult, M|
|poke|p2|Great Tusk|
|poke|p2|Iron Boulder|
|teampreview
|inactive|Battle timer is ON: inactive players will automatically lose when time's up. (requested by presin2)
|inactive|LVL62Monoco has 120 seconds left.
|
|t:|1757941141
|teamsize|p1|6
|teamsize|p2|6
|start
|switch|p1a: Trojan|Zamazenta, shiny|100/100
|switch|p2a: Mindreader|Iron Crown|100/100
|-ability|p1a: Trojan|Dauntless Shield|boost
|-boost|p1a: Trojan|def|1
|turn|1
|
|t:|1757941151
|move|p1a: Trojan|Close Combat|p2a: Mindreader
|-damage|p2a: Mindreader|13/100
|-unboost|p1a: Trojan|def|1
|-unboost|p1a: Trojan|spd|1
|move|p2a: Mindreader|Tachyon Cutter|p1a: Trojan
|-damage|p1a: Trojan|52/100
|-damage|p1a: Trojan|4/100
|-hitcount|p1a: Trojan|2
|
|upkeep
|turn|2
|
|t:|1757941163
|-end|p2a: Mindreader|Quark Drive|[silent]
|switch|p2a: Hurikan|Zapdos|100/100
|move|p1a: Trojan|Close Combat|p2a: Hurikan
|-resisted|p2a: Hurikan
|-damage|p2a: Hurikan|70/100
|-unboost|p1a: Trojan|def|1
|-unboost|p1a: Trojan|spd|1
|
|upkeep
|turn|3
|
|t:|1757941187
|switch|p1a: Sentinel|Garganacl, M, shiny|100/100
|move|p2a: Hurikan|U-turn|p1a: Sentinel
|-damage|p1a: Sentinel|92/100
|
|t:|1757941193
|switch|p2a: Mindreader|Iron Crown|13/100|[from] U-turn
|
|-heal|p1a: Sentinel|98/100|[from] item: Leftovers
|upkeep
|turn|4
|
|t:|1757941200
|switch|p1a: Trojan|Zamazenta, shiny|4/100
|move|p2a: Mindreader|Tachyon Cutter|p1a: Trojan
|-damage|p1a: Trojan|0 fnt
|faint|p1a: Trojan
|-hitcount|p1: Trojan|1
|
|upkeep
|
|t:|1757941209
|switch|p1a: Spirit Rush|Gholdengo, shiny|100/100
|turn|5
|
|t:|1757941218
|move|p2a: Mindreader|Tachyon Cutter|p1a: Spirit Rush
|-resisted|p1a: Spirit Rush
|-damage|p1a: Spirit Rush|83/100
|-resisted|p1a: Spirit Rush
|-damage|p1a: Spirit Rush|64/100
|-hitcount|p1a: Spirit Rush|2
|move|p1a: Spirit Rush|Shadow Ball|p2a: Mindreader
|-supereffective|p2a: Mindreader
|-damage|p2a: Mindreader|0 fnt
|faint|p2a: Mindreader
|-end|p2a: Mindreader|Quark Drive|[silent]
|
|upkeep
|
|t:|1757941222
|switch|p2a: Everytime We Touch|Samurott-Hisui, M|100/100
|turn|6
|
|t:|1757941232
|switch|p1a: Sentinel|Garganacl, M, shiny|98/100
|move|p2a: Everytime We Touch|Flip Turn|p1a: Sentinel
|-supereffective|p1a: Sentinel
|-damage|p1a: Sentinel|64/100
|
|t:|1757941237
|switch|p2a: Pump It|Great Tusk|100/100|[from] Flip Turn
|
|-heal|p1a: Sentinel|70/100|[from] item: Leftovers
|upkeep
|turn|7
|
|t:|1757941244
|move|p2a: Pump It|Headlong Rush|p1a: Sentinel
|-supereffective|p1a: Sentinel
|-crit|p1a: Sentinel
|-damage|p1a: Sentinel|0 fnt
|-unboost|p2a: Pump It|def|1
|-unboost|p2a: Pump It|spd|1
|faint|p1a: Sentinel
|
|upkeep
|
|t:|1757941252
|switch|p1a: Celestine|Primarina, M, shiny|100/100
|turn|8
|
|t:|1757941261
|-end|p2a: Pump It|Protosynthesis|[silent]
|switch|p2a: Hurikan|Zapdos|70/100
|move|p1a: Celestine|Flip Turn|p2a: Hurikan
|-damage|p2a: Hurikan|60/100
|
|t:|1757941266
|switch|p1a: Jabba|Muk-Alola, M, shiny|100/100|[from] Flip Turn
|
|upkeep
|turn|9
|
|t:|1757941271
|move|p2a: Hurikan|Discharge|p1a: Jabba
|-damage|p1a: Jabba|73/100
|move|p1a: Jabba|Knock Off|p2a: Hurikan
|-damage|p2a: Hurikan|23/100
|-status|p2a: Hurikan|psn|[from] ability: Poison Touch|[of] p1a: Jabba
|-enditem|p2a: Hurikan|Heavy-Duty Boots|[from] move: Knock Off|[of] p1a: Jabba
|
|-heal|p1a: Jabba|79/100|[from] item: Leftovers
|-damage|p2a: Hurikan|11/100 psn|[from] psn
|upkeep
|turn|10
|
|t:|1757941286
|move|p2a: Hurikan|Roost|p2a: Hurikan
|-heal|p2a: Hurikan|61/100 psn
|-singleturn|p2a: Hurikan|move: Roost
|move|p1a: Jabba|Poison Jab|p2a: Hurikan
|-damage|p2a: Hurikan|35/100 psn
|-status|p1a: Jabba|par|[from] ability: Static|[of] p2a: Hurikan
|
|-heal|p1a: Jabba|85/100 par|[from] item: Leftovers
|-damage|p2a: Hurikan|22/100 psn|[from] psn
|upkeep
|turn|11
|
|t:|1757941303
|switch|p1a: Celestine|Primarina, M, shiny|100/100
|move|p2a: Hurikan|Hurricane|p1a: Celestine
|-damage|p1a: Celestine|77/100
|
|-damage|p2a: Hurikan|10/100 psn|[from] psn
|upkeep
|turn|12
|
|t:|1757941317
|move|p2a: Hurikan|Discharge|p1a: Celestine
|-supereffective|p1a: Celestine
|-damage|p1a: Celestine|42/100
|move|p1a: Celestine|Psychic Noise|p2a: Hurikan
|-damage|p2a: Hurikan|0 fnt
|faint|p2a: Hurikan
|
|upkeep
|
|t:|1757941328
|switch|p2a: Pump It|Great Tusk|100/100
|turn|13
|
|t:|1757941354
|-terastallize|p1a: Celestine|Bug
|move|p2a: Pump It|Headlong Rush|p1a: Celestine
|-resisted|p1a: Celestine
|-damage|p1a: Celestine|7/100
|-unboost|p2a: Pump It|def|1
|-unboost|p2a: Pump It|spd|1
|move|p1a: Celestine|Whirlpool|p2a: Pump It
|-supereffective|p2a: Pump It
|-damage|p2a: Pump It|9/100
|-activate|p2a: Pump It|move: Whirlpool|[of] p1a: Celestine
|
|-damage|p2a: Pump It|0 fnt|[from] move: Whirlpool|[partiallytrapped]
|faint|p2a: Pump It
|-end|p2a: Pump It|Protosynthesis|[silent]
|upkeep
|
|t:|1757941362
|switch|p2a: Everytime We Touch|Samurott-Hisui, M|100/100
|turn|14
|
|t:|1757941368
|move|p2a: Everytime We Touch|Razor Shell|p1a: Celestine
|-damage|p1a: Celestine|0 fnt
|faint|p1a: Celestine
|
|upkeep
|
|t:|1757941385
|switch|p1a: Behemoth|Great Tusk, shiny|100/100
|turn|15
|
|t:|1757941390
|move|p2a: Everytime We Touch|Razor Shell|p1a: Behemoth|[miss]
|-miss|p2a: Everytime We Touch|p1a: Behemoth
|move|p1a: Behemoth|Close Combat|p2a: Everytime We Touch
|-supereffective|p2a: Everytime We Touch
|-damage|p2a: Everytime We Touch|0 fnt
|-unboost|p1a: Behemoth|def|1
|-unboost|p1a: Behemoth|spd|1
|faint|p2a: Everytime We Touch
|
|upkeep
|
|t:|1757941397
|switch|p2a: Parasite|Dragapult, M|100/100
|turn|16
|
|t:|1757941405
|-end|p1a: Behemoth|Protosynthesis|[silent]
|switch|p1a: Jabba|Muk-Alola, M, shiny|85/100 par
|-terastallize|p2a: Parasite|Ghost
|move|p2a: Parasite|Tera Blast|p1a: Jabba|[anim] Tera Blast Ghost
|-resisted|p1a: Jabba
|-damage|p1a: Jabba|45/100 par
|
|-heal|p1a: Jabba|51/100 par|[from] item: Leftovers
|upkeep
|turn|17
|
|t:|1757941416
|switch|p2a: Revery|Iron Boulder|100/100
|-enditem|p2a: Revery|Booster Energy
|-activate|p2a: Revery|ability: Quark Drive|[fromitem]
|-start|p2a: Revery|quarkdrivespe
|move|p1a: Jabba|Knock Off|p2a: Revery
|-supereffective|p2a: Revery
|-damage|p2a: Revery|14/100
|
|-heal|p1a: Jabba|57/100 par|[from] item: Leftovers
|upkeep
|turn|18
|
|t:|1757941430
|switch|p1a: Spirit Rush|Gholdengo, shiny|64/100
|move|p2a: Revery|Mighty Cleave|p1a: Spirit Rush
|-resisted|p1a: Spirit Rush
|-damage|p1a: Spirit Rush|48/100
|
|upkeep
|turn|19
|
|t:|1757941441
|move|p2a: Revery|Zen Headbutt|p1a: Spirit Rush|[miss]
|-miss|p2a: Revery|p1a: Spirit Rush
|move|p1a: Spirit Rush|Recover|p1a: Spirit Rush
|-heal|p1a: Spirit Rush|98/100
|
|upkeep
|turn|20
|
|t:|1757941448
|move|p2a: Revery|Zen Headbutt|p1a: Spirit Rush
|-resisted|p1a: Spirit Rush
|-damage|p1a: Spirit Rush|86/100
|move|p1a: Spirit Rush|Shadow Ball|p2a: Revery
|-supereffective|p2a: Revery
|-damage|p2a: Revery|0 fnt
|faint|p2a: Revery
|-end|p2a: Revery|Quark Drive|[silent]
|
|upkeep
|
|t:|1757941452
|switch|p2a: Parasite|Dragapult, M, tera:Ghost|100/100
|turn|21
|
|t:|1757941458
|move|p2a: Parasite|Tera Blast|p1a: Spirit Rush|[anim] Tera Blast Ghost
|-supereffective|p1a: Spirit Rush
|-damage|p1a: Spirit Rush|0 fnt
|faint|p1a: Spirit Rush
|
|upkeep
|
|t:|1757941463
|switch|p1a: Behemoth|Great Tusk, shiny|100/100
|turn|22
|
|t:|1757941467
|move|p2a: Parasite|Tera Blast|p1a: Behemoth|[anim] Tera Blast Ghost
|-damage|p1a: Behemoth|40/100
|move|p1a: Behemoth|Headlong Rush|p2a: Parasite
|-crit|p2a: Parasite
|-damage|p2a: Parasite|0 fnt
|-unboost|p1a: Behemoth|def|1
|-unboost|p1a: Behemoth|spd|1
|faint|p2a: Parasite
|
|win|LVL62Monoco
|raw|LVL62Monoco's rating: 1471 &rarr; <strong>1491</strong><br />(+20 for winning)
|raw|presin2's rating: 1464 &rarr; <strong>1444</strong><br />(-20 for losing)
|l|☆presin2
|player|p2|
|l|☆LVL62Monoco
|player|p1|
