|j|☆TJ13_SSB
|j|☆wttt00349
|t:|1757909392
|gametype|singles
|player|p1|TJ13_SSB|102|1251
|player|p2|wttt00349|170|1268
|gen|9
|tier|[Gen 9] OU
|rated|
|rule|HP Percentage Mod: HP is shown in percentages
|rule|Endless Battle Clause: Forcing endless battles is banned
|rule|Species Clause: Limit one of each Pokémon
|rule|OHKO Clause: OHKO moves are banned
|rule|Evasion Items Clause: Evasion items are banned
|rule|Evasion Moves Clause: Evasion moves are banned
|rule|Evasion Abilities Clause: Evasion abilities are banned
|rule|Sleep Moves Clause: Sleep-inducing moves are banned
|clearpoke
|poke|p1|Great Tusk|
|poke|p1|Landorus-Therian, M|
|poke|p1|Heatran, M|
|poke|p1|Darkrai|
|poke|p1|Araquanid, M|
|poke|p1|Weezing-Galar, M|
|poke|p2|Pelipper, F|
|poke|p2|Barraskewda, F|
|poke|p2|Zapdos|
|poke|p2|Corviknight, M|
|poke|p2|Clodsire, M|
|poke|p2|Incineroar, F|
|teampreview
|
|t:|1757909403
|teamsize|p1|6
|teamsize|p2|6
|start
|switch|p1a: Weezing|Weezing-Galar, M|100/100
|switch|p2a: Pelipper|Pelipper, F|100/100
|-weather|RainDance|[from] ability: Drizzle|[of] p2a: Pelipper
|turn|1
|
|t:|1757909415
|move|p1a: Weezing|Toxic|p2a: Pelipper
|-status|p2a: Pelipper|tox
|move|p2a: Pelipper|Hurricane|p1a: Weezing
|-damage|p1a: Weezing|49/100
|
|-weather|RainDance|[upkeep]
|-heal|p1a: Weezing|55/100|[from] item: Black Sludge
|-damage|p2a: Pelipper|94/100 tox|[from] psn
|upkeep
|turn|2
|
|t:|1757909425
|move|p1a: Weezing|Strange Steam|p2a: Pelipper
|-damage|p2a: Pelipper|56/100 tox
|move|p2a: Pelipper|U-turn|p1a: Weezing
|-resisted|p1a: Weezing
|-damage|p1a: Weezing|54/100
|
|t:|1757909433
|switch|p2a: Barraskewda|Barraskewda, F|100/100|[from] U-turn
|
|-weather|RainDance|[upkeep]
|-heal|p1a: Weezing|60/100|[from] item: Black Sludge
|upkeep
|turn|3
|
|t:|1757909445
|move|p2a: Barraskewda|Liquidation|p1a: Weezing
|-damage|p1a: Weezing|0 fnt
|faint|p1a: Weezing
|
|-weather|RainDance|[upkeep]
|upkeep
|
|t:|1757909456
|switch|p1a: Araquanid|Araquanid, M|100/100
|turn|4
|
|t:|1757909471
|switch|p2a: Clodsire|Clodsire, M|100/100
|move|p1a: Araquanid|Liquidation|p2a: Clodsire
|-immune|p2a: Clodsire|[from] ability: Water Absorb
|
|-weather|RainDance|[upkeep]
|upkeep
|turn|5
|
|t:|1757909493
|move|p1a: Araquanid|Infestation|p2a: Clodsire
|-resisted|p2a: Clodsire
|-crit|p2a: Clodsire
|-damage|p2a: Clodsire|99/100
|-activate|p2a: Clodsire|move: Infestation|[of] p1a: Araquanid
|move|p2a: Clodsire|Stealth Rock|p1a: Araquanid
|-sidestart|p1: TJ13_SSB|move: Stealth Rock
|
|-weather|RainDance|[upkeep]
|-heal|p2a: Clodsire|100/100|[from] item: Leftovers
|-damage|p2a: Clodsire|88/100|[from] move: Infestation|[partiallytrapped]
|upkeep
|turn|6
|
|t:|1757909513
|switch|p1a: Great Tusk|Great Tusk|100/100
|-damage|p1a: Great Tusk|98/100|[from] Stealth Rock
|move|p2a: Clodsire|Toxic|p1a: Great Tusk
|-status|p1a: Great Tusk|tox
|
|-weather|RainDance|[upkeep]
|-heal|p1a: Great Tusk|100/100 tox|[from] item: Leftovers
|-heal|p2a: Clodsire|94/100|[from] item: Leftovers
|-damage|p1a: Great Tusk|94/100 tox|[from] psn
|-end|p2a: Clodsire|Infestation|[partiallytrapped]|[silent]
|upkeep
|turn|7
|
|t:|1757909531
|switch|p2a: Corviknight|Corviknight, M, shiny|100/100
|-ability|p2a: Corviknight|Pressure
|move|p1a: Great Tusk|Knock Off|p2a: Corviknight
|-damage|p2a: Corviknight|78/100
|-damage|p1a: Great Tusk|78/100 tox|[from] item: Rocky Helmet|[of] p2a: Corviknight
|-enditem|p2a: Corviknight|Rocky Helmet|[from] move: Knock Off|[of] p1a: Great Tusk
|
|-weather|RainDance|[upkeep]
|-heal|p1a: Great Tusk|84/100 tox|[from] item: Leftovers
|-damage|p1a: Great Tusk|72/100 tox|[from] psn
|upkeep
|turn|8
|
|t:|1757909565
|move|p1a: Great Tusk|Ice Spinner|p2a: Corviknight
|-damage|p2a: Corviknight|62/100
|move|p2a: Corviknight|U-turn|p1a: Great Tusk
|-resisted|p1a: Great Tusk
|-damage|p1a: Great Tusk|66/100 tox
|
|t:|1757909573
|switch|p2a: Incineroar|Incineroar, F, shiny|100/100|[from] U-turn
|-ability|p2a: Incineroar|Intimidate|boost
|-unboost|p1a: Great Tusk|atk|1
|
|-weather|none
|-heal|p1a: Great Tusk|72/100 tox|[from] item: Leftovers
|-damage|p1a: Great Tusk|54/100 tox|[from] psn
|upkeep
|turn|9
|
|t:|1757909594
|move|p1a: Great Tusk|Rapid Spin|p2a: Incineroar
|-damage|p2a: Incineroar|93/100
|-boost|p1a: Great Tusk|spe|1
|-sideend|p1: TJ13_SSB|Stealth Rock|[from] move: Rapid Spin|[of] p1a: Great Tusk
|move|p2a: Incineroar|Parting Shot|p1a: Great Tusk
|-unboost|p1a: Great Tusk|atk|1
|-unboost|p1a: Great Tusk|spa|1
|inactive|Battle timer is ON: inactive players will automatically lose when time's up. (requested by wttt00349)
|
|t:|1757909601
|switch|p2a: Pelipper|Pelipper, F|56/100 tox|[from] Parting Shot
|-weather|RainDance|[from] ability: Drizzle|[of] p2a: Pelipper
|
|-weather|RainDance|[upkeep]
|-heal|p1a: Great Tusk|60/100 tox|[from] item: Leftovers
|-damage|p1a: Great Tusk|35/100 tox|[from] psn
|-damage|p2a: Pelipper|50/100 tox|[from] psn
|upkeep
|turn|10
|
|t:|1757909611
|-end|p1a: Great Tusk|Protosynthesis|[silent]
|switch|p1a: Araquanid|Araquanid, M|100/100
|switch|p2a: Corviknight|Corviknight, M, shiny|62/100
|-ability|p2a: Corviknight|Pressure
|
|-weather|RainDance|[upkeep]
|upkeep
|turn|11
|
|t:|1757909624
|move|p2a: Corviknight|U-turn|p1a: Araquanid
|-damage|p1a: Araquanid|83/100
|
|t:|1757909629
|switch|p2a: Clodsire|Clodsire, M|94/100|[from] U-turn
|move|p1a: Araquanid|Liquidation|p2a: Clodsire
|-heal|p2a: Clodsire|100/100|[from] ability: Water Absorb|[of] p1a: Araquanid
|
|-weather|RainDance|[upkeep]
|upkeep
|turn|12
|
|t:|1757909641
|move|p1a: Araquanid|Infestation|p2a: Clodsire
|-resisted|p2a: Clodsire
|-damage|p2a: Clodsire|99/100
|-activate|p2a: Clodsire|move: Infestation|[of] p1a: Araquanid
|move|p2a: Clodsire|Stealth Rock|p1a: Araquanid
|-sidestart|p1: TJ13_SSB|move: Stealth Rock
|
|-weather|RainDance|[upkeep]
|-heal|p2a: Clodsire|100/100|[from] item: Leftovers
|-damage|p2a: Clodsire|88/100|[from] move: Infestation|[partiallytrapped]
|upkeep
|turn|13
|
|t:|1757909652
|move|p1a: Araquanid|Leech Life|p2a: Clodsire
|-resisted|p2a: Clodsire
|-damage|p2a: Clodsire|72/100
|-heal|p1a: Araquanid|94/100|[from] drain|[of] p2a: Clodsire
|move|p2a: Clodsire|Earthquake|p1a: Araquanid
|-resisted|p1a: Araquanid
|-damage|p1a: Araquanid|80/100
|
|-weather|RainDance|[upkeep]
|-heal|p2a: Clodsire|78/100|[from] item: Leftovers
|-damage|p2a: Clodsire|66/100|[from] move: Infestation|[partiallytrapped]
|upkeep
|turn|14
|
|t:|1757909667
|move|p1a: Araquanid|Leech Life|p2a: Clodsire
|-resisted|p2a: Clodsire
|-damage|p2a: Clodsire|48/100
|-heal|p1a: Araquanid|92/100|[from] drain|[of] p2a: Clodsire
|move|p2a: Clodsire|Toxic|p1a: Araquanid
|-status|p1a: Araquanid|tox
|
|-weather|RainDance|[upkeep]
|-heal|p2a: Clodsire|55/100|[from] item: Leftovers
|-damage|p1a: Araquanid|86/100 tox|[from] psn
|-damage|p2a: Clodsire|42/100|[from] move: Infestation|[partiallytrapped]
|upkeep
|turn|15
|
|t:|1757909677
|move|p1a: Araquanid|Infestation|p2a: Clodsire
|-resisted|p2a: Clodsire
|-damage|p2a: Clodsire|41/100
|move|p2a: Clodsire|Recover|p2a: Clodsire
|-heal|p2a: Clodsire|91/100
|
|-weather|RainDance|[upkeep]
|-heal|p2a: Clodsire|97/100|[from] item: Leftovers
|-damage|p1a: Araquanid|73/100 tox|[from] psn
|-damage|p2a: Clodsire|85/100|[from] move: Infestation|[partiallytrapped]
|upkeep
|turn|16
|
|t:|1757909699
|switch|p1a: Great Tusk|Great Tusk|35/100 tox
|-damage|p1a: Great Tusk|32/100 tox|[from] Stealth Rock
|move|p2a: Clodsire|Earthquake|p1a: Great Tusk
|-damage|p1a: Great Tusk|13/100 tox
|
|-weather|none
|-heal|p1a: Great Tusk|20/100 tox|[from] item: Leftovers
|-heal|p2a: Clodsire|91/100|[from] item: Leftovers
|-damage|p1a: Great Tusk|13/100 tox|[from] psn
|-end|p2a: Clodsire|Infestation|[partiallytrapped]|[silent]
|upkeep
|turn|17
|
|t:|1757909712
|switch|p2a: Corviknight|Corviknight, M, shiny|62/100
|-ability|p2a: Corviknight|Pressure
|move|p1a: Great Tusk|Rapid Spin|p2a: Corviknight
|-resisted|p2a: Corviknight
|-damage|p2a: Corviknight|56/100
|-boost|p1a: Great Tusk|spe|1
|-sideend|p1: TJ13_SSB|Stealth Rock|[from] move: Rapid Spin|[of] p1a: Great Tusk
|
|-heal|p1a: Great Tusk|20/100 tox|[from] item: Leftovers
|-damage|p1a: Great Tusk|7/100 tox|[from] psn
|upkeep
|turn|18
|inactive|TJ13_SSB has 120 seconds left.
|
|t:|1757909738
|-end|p1a: Great Tusk|Protosynthesis|[silent]
|switch|p1a: Landorus|Landorus-Therian, M|100/100
|-ability|p1a: Landorus|Intimidate|boost
|-unboost|p2a: Corviknight|atk|1
|move|p2a: Corviknight|Roost|p2a: Corviknight
|-heal|p2a: Corviknight|100/100
|-singleturn|p2a: Corviknight|move: Roost
|
|upkeep
|turn|19
|inactive|TJ13_SSB has 120 seconds left.
|
|t:|1757909764
|switch|p2a: Incineroar|Incineroar, F, shiny|93/100
|-ability|p2a: Incineroar|Intimidate|boost
|-unboost|p1a: Landorus|atk|1
|move|p1a: Landorus|Bulk Up|p1a: Landorus
|-boost|p1a: Landorus|atk|1
|-boost|p1a: Landorus|def|1
|
|upkeep
|turn|20
|inactive|TJ13_SSB has 120 seconds left.
|
|t:|1757909774
|move|p1a: Landorus|Earthquake|p2a: Incineroar
|-supereffective|p2a: Incineroar
|-damage|p2a: Incineroar|18/100
|move|p2a: Incineroar|Will-O-Wisp|p1a: Landorus
|-status|p1a: Landorus|brn
|
|-damage|p1a: Landorus|95/100 brn|[from] brn
|upkeep
|turn|21
|
|t:|1757909786
|move|p1a: Landorus|Brick Break|p2a: Incineroar
|-supereffective|p2a: Incineroar
|-crit|p2a: Incineroar
|-damage|p2a: Incineroar|0 fnt
|faint|p2a: Incineroar
|
|-damage|p1a: Landorus|89/100 brn|[from] brn
|upkeep
|
|t:|1757909793
|switch|p2a: Pelipper|Pelipper, F|50/100 tox
|-weather|RainDance|[from] ability: Drizzle|[of] p2a: Pelipper
|turn|22
|inactive|TJ13_SSB has 120 seconds left.
|
|t:|1757909817
|move|p1a: Landorus|Stealth Rock|p2a: Pelipper
|-sidestart|p2: wttt00349|move: Stealth Rock
|move|p2a: Pelipper|Hurricane|p1a: Landorus
|-damage|p1a: Landorus|46/100 brn
|
|-weather|RainDance|[upkeep]
|-damage|p2a: Pelipper|44/100 tox|[from] psn
|-damage|p1a: Landorus|40/100 brn|[from] brn
|upkeep
|turn|23
|
|t:|1757909826
|move|p1a: Landorus|Brick Break|p2a: Pelipper
|-resisted|p2a: Pelipper
|-damage|p2a: Pelipper|38/100 tox
|move|p2a: Pelipper|Hurricane|p1a: Landorus
|-damage|p1a: Landorus|0 fnt
|faint|p1a: Landorus
|
|-weather|RainDance|[upkeep]
|-damage|p2a: Pelipper|26/100 tox|[from] psn
|upkeep
|
|t:|1757909835
|switch|p1a: Great Tusk|Great Tusk|7/100 tox
|turn|24
|
|t:|1757909849
|switch|p2a: Corviknight|Corviknight, M, shiny|100/100
|-damage|p2a: Corviknight|88/100|[from] Stealth Rock
|-ability|p2a: Corviknight|Pressure
|move|p1a: Great Tusk|Rapid Spin|p2a: Corviknight
|-resisted|p2a: Corviknight
|-damage|p2a: Corviknight|83/100
|-boost|p1a: Great Tusk|spe|1
|
|-weather|RainDance|[upkeep]
|-heal|p1a: Great Tusk|13/100 tox|[from] item: Leftovers
|-damage|p1a: Great Tusk|7/100 tox|[from] psn
|upkeep
|turn|25
|inactive|TJ13_SSB has 120 seconds left.
|
|t:|1757909865
|-end|p1a: Great Tusk|Protosynthesis|[silent]
|switch|p1a: Araquanid|Araquanid, M|73/100 tox
|move|p2a: Corviknight|Defog|p1a: Araquanid
|-unboost|p1a: Araquanid|evasion|1
|-sideend|p2: wttt00349|Stealth Rock|[from] move: Defog|[of] p2a: Corviknight
|
|-weather|RainDance|[upkeep]
|-damage|p1a: Araquanid|67/100 tox|[from] psn
|upkeep
|turn|26
|
|t:|1757909876
|move|p2a: Corviknight|Roost|p2a: Corviknight
|-heal|p2a: Corviknight|100/100
|-singleturn|p2a: Corviknight|move: Roost
|move|p1a: Araquanid|Infestation|p2a: Corviknight
|-resisted|p2a: Corviknight
|-damage|p2a: Corviknight|99/100
|-activate|p2a: Corviknight|move: Infestation|[of] p1a: Araquanid
|
|-weather|RainDance|[upkeep]
|-damage|p1a: Araquanid|55/100 tox|[from] psn
|-damage|p2a: Corviknight|86/100|[from] move: Infestation|[partiallytrapped]
|upkeep
|turn|27
|inactive|TJ13_SSB has 120 seconds left.
|
|t:|1757909891
|move|p2a: Corviknight|Roost|p2a: Corviknight
|-heal|p2a: Corviknight|100/100
|-singleturn|p2a: Corviknight|move: Roost
|move|p1a: Araquanid|Infestation|p2a: Corviknight
|-resisted|p2a: Corviknight
|-damage|p2a: Corviknight|99/100
|
|-weather|RainDance|[upkeep]
|-damage|p1a: Araquanid|36/100 tox|[from] psn
|-damage|p2a: Corviknight|86/100|[from] move: Infestation|[partiallytrapped]
|upkeep
|turn|28
|
|t:|1757909900
|move|p2a: Corviknight|Roost|p2a: Corviknight
|-heal|p2a: Corviknight|100/100
|-singleturn|p2a: Corviknight|move: Roost
|move|p1a: Araquanid|Liquidation|p2a: Corviknight
|-damage|p2a: Corviknight|40/100
|
|-weather|RainDance|[upkeep]
|-damage|p1a: Araquanid|11/100 tox|[from] psn
|-damage|p2a: Corviknight|28/100|[from] move: Infestation|[partiallytrapped]
|upkeep
|turn|29
|
|t:|1757909912
|move|p2a: Corviknight|Roost|p2a: Corviknight
|-heal|p2a: Corviknight|78/100
|-singleturn|p2a: Corviknight|move: Roost
|move|p1a: Araquanid|Liquidation|p2a: Corviknight
|-damage|p2a: Corviknight|17/100
|
|-weather|none
|-damage|p1a: Araquanid|0 fnt|[from] psn
|faint|p1a: Araquanid
|-end|p2a: Corviknight|Infestation|[partiallytrapped]|[silent]
|upkeep
|inactive|TJ13_SSB has 120 seconds left.
|
|t:|1757909922
|switch|p1a: Great Tusk|Great Tusk|7/100 tox
|turn|30
|
|t:|1757909925
|move|p1a: Great Tusk|Ice Spinner|p2a: Corviknight
|-damage|p2a: Corviknight|2/100
|move|p2a: Corviknight|Roost|p2a: Corviknight
|-heal|p2a: Corviknight|52/100
|-singleturn|p2a: Corviknight|move: Roost
|
|-heal|p1a: Great Tusk|13/100 tox|[from] item: Leftovers
|-damage|p1a: Great Tusk|7/100 tox|[from] psn
|upkeep
|turn|31
|
|t:|1757909936
|-end|p1a: Great Tusk|Protosynthesis|[silent]
|switch|p1a: Heatran|Heatran, M|100/100
|move|p2a: Corviknight|Roost|p2a: Corviknight
|-heal|p2a: Corviknight|100/100
|-singleturn|p2a: Corviknight|move: Roost
|
|upkeep
|turn|32
|inactive|TJ13_SSB has 120 seconds left.
|
|t:|1757909959
|switch|p2a: Pelipper|Pelipper, F|26/100 tox
|-weather|RainDance|[from] ability: Drizzle|[of] p2a: Pelipper
|move|p1a: Heatran|Flamethrower|p2a: Pelipper
|-resisted|p2a: Pelipper
|-damage|p2a: Pelipper|9/100 tox
|
|-weather|RainDance|[upkeep]
|-damage|p2a: Pelipper|3/100 tox|[from] psn
|upkeep
|turn|33
|inactive|TJ13_SSB has 120 seconds left.
|
|t:|1757909970
|move|p1a: Heatran|Power Gem|p2a: Pelipper
|-supereffective|p2a: Pelipper
|-damage|p2a: Pelipper|0 fnt
|faint|p2a: Pelipper
|
|-weather|RainDance|[upkeep]
|upkeep
|
|t:|1757909974
|switch|p2a: Barraskewda|Barraskewda, F|100/100
|turn|34
|
|t:|1757909982
|switch|p1a: Great Tusk|Great Tusk|7/100 tox
|move|p2a: Barraskewda|Liquidation|p1a: Great Tusk
|-supereffective|p1a: Great Tusk
|-damage|p1a: Great Tusk|0 fnt
|faint|p1a: Great Tusk
|-end|p1a: Great Tusk|Protosynthesis|[silent]
|
|-weather|RainDance|[upkeep]
|upkeep
|
|t:|1757909992
|switch|p1a: Darkrai|Darkrai|100/100
|turn|35
|
|t:|1757910003
|move|p2a: Barraskewda|Liquidation|p1a: Darkrai
|-enditem|p1a: Darkrai|Focus Sash
|-damage|p1a: Darkrai|1/100
|move|p1a: Darkrai|Sludge Bomb|p2a: Barraskewda
|-damage|p2a: Barraskewda|29/100
|
|-weather|RainDance|[upkeep]
|upkeep
|turn|36
|inactive|TJ13_SSB has 120 seconds left.
|
|t:|1757910019
|switch|p1a: Heatran|Heatran, M|100/100
|move|p2a: Barraskewda|Liquidation|p1a: Heatran
|-supereffective|p1a: Heatran
|-damage|p1a: Heatran|0 fnt
|faint|p1a: Heatran
|
|-weather|RainDance|[upkeep]
|upkeep
|inactive|TJ13_SSB has 120 seconds left.
|
|t:|1757910027
|switch|p1a: Darkrai|Darkrai|1/100
|turn|37
|
|t:|1757910031
|move|p2a: Barraskewda|Liquidation|p1a: Darkrai
|-damage|p1a: Darkrai|0 fnt
|faint|p1a: Darkrai
|
|win|wttt00349
|raw|TJ13_SSB's rating: 1251 &rarr; <strong>1227</strong><br />(-24 for losing)
|raw|wttt00349's rating: 1268 &rarr; <strong>1292</strong><br />(+24 for winning)
|l|☆TJ13_SSB
|player|p1|
|l|☆wttt00349
|player|p2|
