|j|☆zio silvio
|j|☆crimsonhypernova
|t:|1757854020
|gametype|singles
|player|p1|zio silvio|artist-gen4|1247
|player|p2|crimsonhypernova|volo|1267
|gen|9
|tier|[Gen 9] OU
|rated|
|rule|HP Percentage Mod: HP is shown in percentages
|rule|Endless Battle Clause: Forcing endless battles is banned
|rule|Species Clause: Limit one of each Pokémon
|rule|OHKO Clause: OHKO moves are banned
|rule|Evasion Items Clause: Evasion items are banned
|rule|Evasion Moves Clause: Evasion moves are banned
|rule|Evasion Abilities Clause: Evasion abilities are banned
|rule|Sleep Moves Clause: Sleep-inducing moves are banned
|clearpoke
|poke|p1|Pelipper, F|
|poke|p1|Iron Treads|
|poke|p1|Hydrapple, M|
|poke|p1|Barraskewda, M|
|poke|p1|Raging Bolt|
|poke|p1|Landorus-Therian, M|
|poke|p2|Zoroark, M|
|poke|p2|Haxorus, M|
|poke|p2|Braviary, M|
|poke|p2|Emboar, F|
|poke|p2|Iron Valiant|
|poke|p2|Samurott-Hisui, M|
|teampreview
|inactive|Battle timer is ON: inactive players will automatically lose when time's up. (requested by zio silvio)
|
|t:|1757854028
|teamsize|p1|6
|teamsize|p2|6
|start
|switch|p1a: Pelipper|Pelipper, F|100/100
|switch|p2a: Samurai|Samurott-Hisui, M|100/100
|-weather|RainDance|[from] ability: Drizzle|[of] p1a: Pelipper
|turn|1
|
|t:|1757854032
|move|p2a: Samurai|Ceaseless Edge|p1a: Pelipper
|-damage|p1a: Pelipper|59/100
|-sidestart|p1: zio silvio|Spikes
|move|p1a: Pelipper|U-turn|p2a: Samurai
|-supereffective|p2a: Samurai
|-damage|p2a: Samurai|76/100
|
|t:|1757854036
|switch|p1a: Landorus|Landorus-Therian, M|100/100|[from] U-turn
|-ability|p1a: Landorus|Intimidate|boost
|-unboost|p2a: Samurai|atk|1
|
|-weather|RainDance|[upkeep]
|upkeep
|turn|2
|
|t:|1757854042
|move|p1a: Landorus|U-turn|p2a: Samurai
|-supereffective|p2a: Samurai
|-damage|p2a: Samurai|21/100
|
|t:|1757854047
|switch|p1a: Hydrapple|Hydrapple, M|100/100|[from] U-turn
|-damage|p1a: Hydrapple|88/100|[from] Spikes
|move|p2a: Samurai|Aqua Cutter|p1a: Hydrapple
|-resisted|p1a: Hydrapple
|-damage|p1a: Hydrapple|81/100
|
|-weather|RainDance|[upkeep]
|upkeep
|turn|3
|
|t:|1757854057
|move|p2a: Samurai|Ceaseless Edge|p1a: Hydrapple
|-damage|p1a: Hydrapple|63/100
|-damage|p2a: Samurai|5/100|[from] item: Rocky Helmet|[of] p1a: Hydrapple
|-sidestart|p1: zio silvio|Spikes
|move|p1a: Hydrapple|Giga Drain|p2a: Samurai
|-supereffective|p2a: Samurai
|-damage|p2a: Samurai|0 fnt
|-heal|p1a: Hydrapple|64/100|[from] drain|[of] p2a: Samurai
|faint|p2a: Samurai
|
|-weather|RainDance|[upkeep]
|upkeep
|
|t:|1757854060
|switch|p2a: Valiance|Iron Valiant, shiny|100/100
|-enditem|p2a: Valiance|Booster Energy
|-activate|p2a: Valiance|ability: Quark Drive|[fromitem]
|-start|p2a: Valiance|quarkdrivespe
|turn|4
|
|t:|1757854069
|switch|p1a: Iron Treads|Iron Treads|100/100
|-damage|p1a: Iron Treads|84/100|[from] Spikes
|move|p2a: Valiance|Focus Blast|p1a: Iron Treads|[miss]
|-miss|p2a: Valiance|p1a: Iron Treads
|
|-weather|RainDance|[upkeep]
|upkeep
|turn|5
|
|t:|1757854074
|move|p2a: Valiance|Focus Blast|p1a: Iron Treads|[miss]
|-miss|p2a: Valiance|p1a: Iron Treads
|move|p1a: Iron Treads|Rapid Spin|p2a: Valiance
|-damage|p2a: Valiance|81/100
|-boost|p1a: Iron Treads|spe|1
|-sideend|p1: zio silvio|Spikes|[from] move: Rapid Spin|[of] p1a: Iron Treads
|
|-weather|RainDance|[upkeep]
|upkeep
|turn|6
|
|t:|1757854077
|move|p2a: Valiance|Focus Blast|p1a: Iron Treads
|-supereffective|p1a: Iron Treads
|-damage|p1a: Iron Treads|10/100
|move|p1a: Iron Treads|Earthquake|p2a: Valiance
|-damage|p2a: Valiance|30/100
|
|-weather|RainDance|[upkeep]
|upkeep
|turn|7
|
|t:|1757854086
|move|p2a: Valiance|Vacuum Wave|p1a: Iron Treads
|-supereffective|p1a: Iron Treads
|-damage|p1a: Iron Treads|0 fnt
|faint|p1a: Iron Treads
|-end|p1a: Iron Treads|Quark Drive|[silent]
|
|-weather|RainDance|[upkeep]
|upkeep
|
|t:|1757854092
|switch|p1a: Barraskewda|Barraskewda, M|100/100
|turn|8
|
|t:|1757854099
|move|p1a: Barraskewda|Flip Turn|p2a: Valiance
|-damage|p2a: Valiance|0 fnt
|faint|p2a: Valiance
|-end|p2a: Valiance|Quark Drive|[silent]
|
|t:|1757854102
|switch|p1a: Raging Bolt|Raging Bolt|100/100|[from] Flip Turn
|
|-weather|none
|upkeep
|
|t:|1757854127
|switch|p2a: Neo|Haxorus, M|100/100
|-ability|p2a: Neo|Mold Breaker
|turn|9
|
|t:|1757854132
|move|p2a: Neo|Outrage|p1a: Raging Bolt
|-supereffective|p1a: Raging Bolt
|-damage|p1a: Raging Bolt|0 fnt
|faint|p1a: Raging Bolt
|-end|p1a: Raging Bolt|Protosynthesis|[silent]
|
|upkeep
|
|t:|1757854135
|switch|p1a: Landorus|Landorus-Therian, M|100/100
|-ability|p1a: Landorus|Intimidate|boost
|-unboost|p2a: Neo|atk|1
|turn|10
|
|t:|1757854142
|move|p1a: Landorus|Earth Power|p2a: Neo
|-damage|p2a: Neo|40/100
|move|p2a: Neo|Outrage|p1a: Landorus|[from] lockedmove
|-damage|p1a: Landorus|37/100
|-start|p2a: Neo|confusion|[fatigue]
|
|-heal|p1a: Landorus|43/100|[from] item: Leftovers
|-heal|p2a: Neo|46/100|[from] item: Leftovers
|upkeep
|turn|11
|
|t:|1757854156
|switch|p2a: Blitz|Emboar, F|100/100
|move|p1a: Landorus|Earth Power|p2a: Blitz
|-supereffective|p2a: Blitz
|-crit|p2a: Blitz
|-damage|p2a: Blitz|0 fnt
|faint|p2a: Blitz
|
|-heal|p1a: Landorus|49/100|[from] item: Leftovers
|upkeep
|
|t:|1757854158
|switch|p2a: Awabakal|Braviary, M|100/100
|turn|12
|
|t:|1757854162
|move|p1a: Landorus|Sludge Wave|p2a: Awabakal
|-damage|p2a: Awabakal|64/100
|move|p2a: Awabakal|Tailwind|p2a: Awabakal
|-sidestart|p2: crimsonhypernova|move: Tailwind
|
|-heal|p1a: Landorus|55/100|[from] item: Leftovers
|upkeep
|turn|13
|
|t:|1757854167
|move|p2a: Awabakal|Double-Edge|p1a: Landorus
|-damage|p1a: Landorus|0 fnt
|faint|p1a: Landorus
|-damage|p2a: Awabakal|47/100|[from] Recoil
|
|upkeep
|
|t:|1757854170
|switch|p1a: Pelipper|Pelipper, F|59/100
|-weather|RainDance|[from] ability: Drizzle|[of] p1a: Pelipper
|turn|14
|
|t:|1757854177
|move|p2a: Awabakal|Brave Bird|p1a: Pelipper
|-damage|p1a: Pelipper|8/100
|-damage|p2a: Awabakal|32/100|[from] Recoil
|move|p1a: Pelipper|Weather Ball|p2a: Awabakal
|-damage|p2a: Awabakal|0 fnt
|faint|p2a: Awabakal
|
|-weather|RainDance|[upkeep]
|upkeep
|
|t:|1757854180
|switch|p2a: Neo|Haxorus, M|100/100
|turn|15
|
|t:|1757854184
|-terastallize|p2a: Neo|Poison
|move|p2a: Neo|Sludge Bomb|p1a: Pelipper
|-damage|p1a: Pelipper|0 fnt
|faint|p1a: Pelipper
|
|-weather|RainDance|[upkeep]
|-sideend|p2: crimsonhypernova|move: Tailwind
|upkeep
|
|t:|1757854191
|switch|p1a: Barraskewda|Barraskewda, M|100/100
|turn|16
|
|t:|1757854193
|-terastallize|p1a: Barraskewda|Water
|move|p1a: Barraskewda|Liquidation|p2a: Neo
|-damage|p2a: Neo|0 fnt
|replace|p2a: Shadow|Zoroark, M, shiny
|-end|p2a: Shadow|Illusion
|faint|p2a: Shadow
|
|-weather|RainDance|[upkeep]
|upkeep
|
|t:|1757854196
|switch|p2a: Neo|Haxorus, M|46/100
|-ability|p2a: Neo|Mold Breaker
|turn|17
|
|t:|1757854198
|move|p2a: Neo|First Impression|p1a: Barraskewda
|-damage|p1a: Barraskewda|32/100
|move|p1a: Barraskewda|Liquidation|p2a: Neo
|-resisted|p2a: Neo
|-damage|p2a: Neo|0 fnt
|faint|p2a: Neo
|
|win|zio silvio
|raw|zio silvio's rating: 1247 &rarr; <strong>1273</strong><br />(+26 for winning)
|raw|crimsonhypernova's rating: 1267 &rarr; <strong>1241</strong><br />(-26 for losing)
|l|☆crimsonhypernova
|player|p2|
|l|☆zio silvio
|player|p1|
