|j|☆N0art_97
|j|☆jelynfish
|t:|1757920076
|gametype|singles
|player|p1|N0art_97|benga|1384
|player|p2|jelynfish|miku-ghost|1397
|gen|9
|tier|[Gen 9] OU
|rated|
|rule|HP Percentage Mod: HP is shown in percentages
|rule|Endless Battle Clause: Forcing endless battles is banned
|rule|Species Clause: Limit one of each Pokémon
|rule|OHKO Clause: OHKO moves are banned
|rule|Evasion Items Clause: Evasion items are banned
|rule|Evasion Moves Clause: Evasion moves are banned
|rule|Evasion Abilities Clause: Evasion abilities are banned
|rule|Sleep Moves Clause: Sleep-inducing moves are banned
|clearpoke
|poke|p1|Pelipper, M|
|poke|p1|Crawdaunt, M|
|poke|p1|Kingdra, F|
|poke|p1|Rillaboom, F|
|poke|p1|Tinkaton, F|
|poke|p1|Raging Bolt|
|poke|p2|Iron Hands|
|poke|p2|Rillaboom, M|
|poke|p2|Heatran, M|
|poke|p2|Kyurem|
|poke|p2|Great Tusk|
|poke|p2|Tornadus-Therian, M|
|teampreview
|
|t:|1757920110
|teamsize|p1|6
|teamsize|p2|6
|start
|switch|p1a: Tinkaton|Tinkaton, F|100/100
|switch|p2a: Kyurem|Kyurem|100/100
|-ability|p2a: Kyurem|Pressure
|-ability|p1a: Tinkaton|Mold Breaker
|-item|p1a: Tinkaton|Air Balloon
|turn|1
|
|t:|1757920121
|switch|p2a: Heatran|Heatran, M|100/100
|move|p1a: Tinkaton|Stealth Rock|p2a: Heatran
|-sidestart|p2: jelynfish|move: Stealth Rock
|
|upkeep
|turn|2
|
|t:|1757920132
|switch|p1a: Pelipper|Pelipper, M|100/100
|-weather|RainDance|[from] ability: Drizzle|[of] p1a: Pelipper
|move|p2a: Heatran|Stealth Rock|p1a: Pelipper
|-sidestart|p1: N0art_97|move: Stealth Rock
|
|-weather|RainDance|[upkeep]
|upkeep
|turn|3
|
|t:|1757920144
|move|p2a: Heatran|Magma Storm|p1a: Pelipper
|-resisted|p1a: Pelipper
|-damage|p1a: Pelipper|86/100
|-activate|p1a: Pelipper|move: Magma Storm|[of] p2a: Heatran
|move|p1a: Pelipper|U-turn|p2a: Heatran
|-resisted|p2a: Heatran
|-damage|p2a: Heatran|99/100
|
|t:|1757920155
|switch|p1a: Crawdaunt|Crawdaunt, M|100/100|[from] U-turn
|-damage|p1a: Crawdaunt|88/100|[from] Stealth Rock
|
|-weather|RainDance|[upkeep]
|-heal|p2a: Heatran|100/100|[from] item: Leftovers
|upkeep
|turn|4
|
|t:|1757920163
|move|p1a: Crawdaunt|Crabhammer|p2a: Heatran
|-supereffective|p2a: Heatran
|-damage|p2a: Heatran|0 fnt
|faint|p2a: Heatran
|
|-weather|RainDance|[upkeep]
|upkeep
|
|t:|1757920169
|switch|p2a: Rillaboom|Rillaboom, M|100/100
|-damage|p2a: Rillaboom|88/100|[from] Stealth Rock
|-fieldstart|move: Grassy Terrain|[from] ability: Grassy Surge|[of] p2a: Rillaboom
|turn|5
|
|t:|1757920181
|switch|p1a: Rillaboom|Rillaboom, F|100/100
|-damage|p1a: Rillaboom|88/100|[from] Stealth Rock
|move|p2a: Rillaboom|Knock Off|p1a: Rillaboom
|-damage|p1a: Rillaboom|24/100
|-enditem|p1a: Rillaboom|Choice Band|[from] move: Knock Off|[of] p2a: Rillaboom
|
|-weather|RainDance|[upkeep]
|-heal|p1a: Rillaboom|30/100|[from] Grassy Terrain
|-heal|p2a: Rillaboom|94/100|[from] Grassy Terrain
|upkeep
|turn|6
|
|t:|1757920195
|move|p2a: Rillaboom|Knock Off|p1a: Rillaboom
|-damage|p1a: Rillaboom|0 fnt
|faint|p1a: Rillaboom
|
|-weather|RainDance|[upkeep]
|-heal|p2a: Rillaboom|100/100|[from] Grassy Terrain
|upkeep
|
|t:|1757920205
|switch|p1a: Kingdra|Kingdra, F|100/100
|-damage|p1a: Kingdra|88/100|[from] Stealth Rock
|turn|7
|
|t:|1757920217
|move|p1a: Kingdra|Draco Meteor|p2a: Rillaboom
|-damage|p2a: Rillaboom|0 fnt
|-unboost|p1a: Kingdra|spa|2
|faint|p2a: Rillaboom
|
|-weather|RainDance|[upkeep]
|-heal|p1a: Kingdra|94/100|[from] Grassy Terrain
|upkeep
|
|t:|1757920225
|switch|p2a: Tornadus|Tornadus-Therian, M|100/100
|-damage|p2a: Tornadus|76/100|[from] Stealth Rock
|turn|8
|
|t:|1757920233
|move|p1a: Kingdra|Draco Meteor|p2a: Tornadus
|-damage|p2a: Tornadus|18/100
|-unboost|p1a: Kingdra|spa|2
|move|p2a: Tornadus|Bleakwind Storm|p1a: Kingdra
|-damage|p1a: Kingdra|4/100
|
|-weather|RainDance|[upkeep]
|-heal|p1a: Kingdra|10/100|[from] Grassy Terrain
|upkeep
|turn|9
|
|t:|1757920242
|move|p1a: Kingdra|Draco Meteor|p2a: Tornadus
|-damage|p2a: Tornadus|0 fnt
|-unboost|p1a: Kingdra|spa|2
|faint|p2a: Tornadus
|
|-weather|none
|-heal|p1a: Kingdra|16/100|[from] Grassy Terrain
|-fieldend|move: Grassy Terrain
|upkeep
|
|t:|1757920244
|switch|p2a: Great Tusk|Great Tusk|100/100
|turn|10
|
|t:|1757920260
|switch|p1a: Tinkaton|Tinkaton, F|100/100
|-damage|p1a: Tinkaton|94/100|[from] Stealth Rock
|-ability|p1a: Tinkaton|Mold Breaker
|-item|p1a: Tinkaton|Air Balloon
|move|p2a: Great Tusk|Rapid Spin|p1a: Tinkaton
|-resisted|p1a: Tinkaton
|-damage|p1a: Tinkaton|84/100
|-boost|p2a: Great Tusk|spe|1
|-enditem|p1a: Tinkaton|Air Balloon
|-sideend|p2: jelynfish|Stealth Rock|[from] move: Rapid Spin|[of] p2a: Great Tusk
|
|upkeep
|turn|11
|
|t:|1757920272
|move|p2a: Great Tusk|Bulk Up|p2a: Great Tusk
|-boost|p2a: Great Tusk|atk|1
|-boost|p2a: Great Tusk|def|1
|move|p1a: Tinkaton|Play Rough|p2a: Great Tusk
|-supereffective|p2a: Great Tusk
|-crit|p2a: Great Tusk
|-damage|p2a: Great Tusk|50/100
|
|upkeep
|turn|12
|
|t:|1757920293
|-terastallize|p1a: Tinkaton|Fairy
|move|p2a: Great Tusk|Headlong Rush|p1a: Tinkaton
|-damage|p1a: Tinkaton|0 fnt
|-unboost|p2a: Great Tusk|def|1
|-unboost|p2a: Great Tusk|spd|1
|faint|p1a: Tinkaton
|
|upkeep
|
|t:|1757920301
|switch|p1a: Pelipper|Pelipper, M|86/100
|-damage|p1a: Pelipper|61/100|[from] Stealth Rock
|-weather|RainDance|[from] ability: Drizzle|[of] p1a: Pelipper
|turn|13
|
|t:|1757920310
|-terastallize|p2a: Great Tusk|Steel
|move|p2a: Great Tusk|Rapid Spin|p1a: Pelipper
|-damage|p1a: Pelipper|40/100
|-boost|p2a: Great Tusk|spe|1
|move|p1a: Pelipper|Hurricane|p2a: Great Tusk
|-resisted|p2a: Great Tusk
|-damage|p2a: Great Tusk|6/100
|
|-weather|RainDance|[upkeep]
|upkeep
|turn|14
|
|t:|1757920325
|move|p2a: Great Tusk|Ice Spinner|p1a: Pelipper
|-damage|p1a: Pelipper|7/100
|move|p1a: Pelipper|Tailwind|p1a: Pelipper
|-sidestart|p1: N0art_97|move: Tailwind
|
|-weather|RainDance|[upkeep]
|upkeep
|turn|15
|
|t:|1757920361
|move|p2a: Great Tusk|Rapid Spin|p1a: Pelipper
|-damage|p1a: Pelipper|0 fnt
|-boost|p2a: Great Tusk|spe|1
|faint|p1a: Pelipper
|
|-weather|RainDance|[upkeep]
|upkeep
|c|☆jelynfish|your ass does NOT need 4x speed :sob
|
|t:|1757920373
|switch|p1a: Crawdaunt|Crawdaunt, M|88/100
|-damage|p1a: Crawdaunt|76/100|[from] Stealth Rock
|turn|16
|
|t:|1757920378
|move|p1a: Crawdaunt|Aqua Jet|p2a: Great Tusk
|-damage|p2a: Great Tusk|0 fnt
|faint|p2a: Great Tusk
|-end|p2a: Great Tusk|Protosynthesis|[silent]
|
|-weather|RainDance|[upkeep]
|upkeep
|
|t:|1757920380
|switch|p2a: Kyurem|Kyurem|100/100
|-ability|p2a: Kyurem|Pressure
|turn|17
|
|t:|1757920391
|switch|p1a: Raging Bolt|Raging Bolt|100/100
|-damage|p1a: Raging Bolt|88/100|[from] Stealth Rock
|-enditem|p1a: Raging Bolt|Booster Energy
|-activate|p1a: Raging Bolt|ability: Protosynthesis|[fromitem]
|-start|p1a: Raging Bolt|protosynthesisspa
|move|p2a: Kyurem|Freeze-Dry|p1a: Raging Bolt
|-supereffective|p1a: Raging Bolt
|-damage|p1a: Raging Bolt|23/100
|
|-weather|RainDance|[upkeep]
|-sideend|p1: N0art_97|move: Tailwind
|upkeep
|turn|18
|
|t:|1757920403
|move|p1a: Raging Bolt|Thunderclap|p2a: Kyurem
|-resisted|p2a: Kyurem
|-damage|p2a: Kyurem|75/100
|move|p2a: Kyurem|Freeze-Dry|p1a: Raging Bolt
|-supereffective|p1a: Raging Bolt
|-damage|p1a: Raging Bolt|0 fnt
|faint|p1a: Raging Bolt
|-end|p1a: Raging Bolt|Protosynthesis|[silent]
|
|-weather|RainDance|[upkeep]
|upkeep
|
|t:|1757920411
|switch|p1a: Kingdra|Kingdra, F|16/100
|-damage|p1a: Kingdra|4/100|[from] Stealth Rock
|turn|19
|
|t:|1757920416
|switch|p2a: Iron Hands|Iron Hands|100/100
|move|p1a: Kingdra|Draco Meteor|p2a: Iron Hands
|-damage|p2a: Iron Hands|32/100
|-unboost|p1a: Kingdra|spa|2
|
|-weather|RainDance|[upkeep]
|upkeep
|turn|20
|
|t:|1757920423
|move|p1a: Kingdra|Draco Meteor|p2a: Iron Hands
|-damage|p2a: Iron Hands|0 fnt
|-unboost|p1a: Kingdra|spa|2
|faint|p2a: Iron Hands
|-end|p2a: Iron Hands|Quark Drive|[silent]
|
|-weather|none
|upkeep
|
|t:|1757920425
|switch|p2a: Kyurem|Kyurem|75/100
|-ability|p2a: Kyurem|Pressure
|turn|21
|
|t:|1757920432
|move|p2a: Kyurem|Freeze-Dry|p1a: Kingdra
|-supereffective|p1a: Kingdra
|-damage|p1a: Kingdra|0 fnt
|faint|p1a: Kingdra
|
|upkeep
|
|t:|1757920436
|switch|p1a: Crawdaunt|Crawdaunt, M|76/100
|-damage|p1a: Crawdaunt|64/100|[from] Stealth Rock
|turn|22
|
|t:|1757920442
|move|p2a: Kyurem|Freeze-Dry|p1a: Crawdaunt
|-supereffective|p1a: Crawdaunt
|-damage|p1a: Crawdaunt|0 fnt
|faint|p1a: Crawdaunt
|
|win|jelynfish
|raw|N0art_97's rating: 1384 &rarr; <strong>1364</strong><br />(-20 for losing)
|raw|jelynfish's rating: 1377 &rarr; <strong>1397</strong><br />(+20 for winning)
|l|☆jelynfish
|player|p2|
|l|☆N0art_97
|player|p1|
