|j|☆acerrillo6970
|j|☆Jagger is a boss
|t:|1757827448
|gametype|singles
|player|p1|acerrillo6970|265|1190
|player|p2|Jagger is a boss|pokekid|1157
|gen|9
|tier|[Gen 9] OU
|rated|
|rule|HP Percentage Mod: HP is shown in percentages
|rule|Endless Battle Clause: Forcing endless battles is banned
|rule|Species Clause: Limit one of each Pokémon
|rule|OHKO Clause: OHKO moves are banned
|rule|Evasion Items Clause: Evasion items are banned
|rule|Evasion Moves Clause: Evasion moves are banned
|rule|Evasion Abilities Clause: Evasion abilities are banned
|rule|Sleep Moves Clause: Sleep-inducing moves are banned
|clearpoke
|poke|p1|Raikou|
|poke|p1|Comfey, F|
|poke|p1|Tentacruel, F|
|poke|p1|Meowscarada, M|
|poke|p1|Flamigo, F|
|poke|p1|Weezing, F|
|poke|p2|Gyarados, M|
|poke|p2|Ogerpon, F|
|poke|p2|Talonflame, F|
|poke|p2|Iron Jugulis|
|poke|p2|Tauros-Paldea-Blaze, M|
|poke|p2|Flamigo, M|
|teampreview
|inactive|Battle timer is ON: inactive players will automatically lose when time's up. (requested by Jagger is a boss)
|inactive|acerrillo6970 has 120 seconds left.
|inactive|acerrillo6970 has 90 seconds left.
|
|t:|1757827514
|teamsize|p1|6
|teamsize|p2|6
|start
|switch|p1a: Meowscarada|Meowscarada, M|100/100
|switch|p2a: Iron Jugulis|Iron Jugulis|100/100
|-enditem|p2a: Iron Jugulis|Booster Energy
|-activate|p2a: Iron Jugulis|ability: Quark Drive|[fromitem]
|-start|p2a: Iron Jugulis|quarkdrivespa
|turn|1
|
|t:|1757827522
|move|p1a: Meowscarada|Hone Claws|p1a: Meowscarada
|-boost|p1a: Meowscarada|atk|1
|-boost|p1a: Meowscarada|accuracy|1
|move|p2a: Iron Jugulis|Flamethrower|p1a: Meowscarada
|-supereffective|p1a: Meowscarada
|-enditem|p1a: Meowscarada|Focus Sash
|-damage|p1a: Meowscarada|1/100
|
|upkeep
|turn|2
|
|t:|1757827534
|-end|p2a: Iron Jugulis|Quark Drive|[silent]
|switch|p2a: Tauros|Tauros-Paldea-Blaze, M|100/100
|move|p1a: Meowscarada|Flower Trick|p2a: Tauros
|-resisted|p2a: Tauros
|-crit|p2a: Tauros
|-damage|p2a: Tauros|36/100
|-setboost|p2a: Tauros|atk|6|[from] ability: Anger Point
|
|upkeep
|turn|3
|
|t:|1757827542
|move|p2a: Tauros|Raging Bull|p1a: Meowscarada
|-supereffective|p1a: Meowscarada
|-damage|p1a: Meowscarada|0 fnt
|faint|p1a: Meowscarada
|
|upkeep
|
|t:|1757827550
|switch|p1a: Raikou|Raikou|100/100
|turn|4
|
|t:|1757827552
|move|p2a: Tauros|Raging Bull|p1a: Raikou
|-damage|p1a: Raikou|0 fnt
|faint|p1a: Raikou
|
|upkeep
|c|☆Jagger is a boss|Bye bye
|
|t:|1757827556
|switch|p1a: Flamigo|Flamigo, F|100/100
|turn|5
|
|t:|1757827560
|move|p1a: Flamigo|Brave Bird|p2a: Tauros
|-supereffective|p2a: Tauros
|-damage|p2a: Tauros|0 fnt
|faint|p2a: Tauros
|-damage|p1a: Flamigo|89/100|[from] Recoil
|
|upkeep
|
|t:|1757827564
|switch|p2a: Gyarados|Gyarados, M|100/100
|-ability|p2a: Gyarados|Intimidate|boost
|-fail|p1a: Flamigo|unboost|Attack|[from] ability: Scrappy|[of] p1a: Flamigo
|turn|6
|
|t:|1757827570
|switch|p1a: Weezing|Weezing, F|100/100
|move|p2a: Gyarados|Dragon Dance|p2a: Gyarados
|-boost|p2a: Gyarados|atk|1
|-boost|p2a: Gyarados|spe|1
|
|upkeep
|turn|7
|
|t:|1757827576
|move|p2a: Gyarados|Waterfall|p1a: Weezing
|-damage|p1a: Weezing|54/100
|cant|p1a: Weezing|flinch
|
|-heal|p1a: Weezing|60/100|[from] item: Leftovers
|upkeep
|turn|8
|
|t:|1757827582
|switch|p2a: Talonflame|Talonflame, F|100/100
|move|p1a: Weezing|Will-O-Wisp|p2a: Talonflame
|-immune|p2a: Talonflame
|
|-heal|p1a: Weezing|66/100|[from] item: Leftovers
|upkeep
|turn|9
|
|t:|1757827586
|move|p2a: Talonflame|Will-O-Wisp|p1a: Weezing
|-status|p1a: Weezing|brn
|move|p1a: Weezing|Toxic|p2a: Talonflame
|-status|p2a: Talonflame|tox
|
|-heal|p1a: Weezing|72/100 brn|[from] item: Leftovers
|-damage|p2a: Talonflame|94/100 tox|[from] psn
|-damage|p1a: Weezing|66/100 brn|[from] brn
|upkeep
|turn|10
|
|t:|1757827590
|move|p2a: Talonflame|U-turn|p1a: Weezing
|-resisted|p1a: Weezing
|-crit|p1a: Weezing
|-damage|p1a: Weezing|57/100 brn
|
|t:|1757827592
|switch|p2a: Iron Jugulis|Iron Jugulis|100/100|[from] U-turn
|move|p1a: Weezing|Sludge Wave|p2a: Iron Jugulis
|-damage|p2a: Iron Jugulis|62/100
|
|-heal|p1a: Weezing|63/100 brn|[from] item: Leftovers
|-damage|p1a: Weezing|57/100 brn|[from] brn
|upkeep
|turn|11
|
|t:|1757827599
|move|p2a: Iron Jugulis|Dark Pulse|p1a: Weezing
|-damage|p1a: Weezing|22/100 brn
|move|p1a: Weezing|Toxic|p2a: Iron Jugulis
|-status|p2a: Iron Jugulis|tox
|
|-heal|p1a: Weezing|28/100 brn|[from] item: Leftovers
|-damage|p2a: Iron Jugulis|56/100 tox|[from] psn
|-damage|p1a: Weezing|22/100 brn|[from] brn
|upkeep
|turn|12
|
|t:|1757827613
|move|p2a: Iron Jugulis|Dark Pulse|p1a: Weezing
|-damage|p1a: Weezing|0 fnt
|faint|p1a: Weezing
|
|-damage|p2a: Iron Jugulis|45/100 tox|[from] psn
|upkeep
|
|t:|1757827616
|switch|p1a: Comfey|Comfey, F|100/100
|turn|13
|
|t:|1757827619
|move|p2a: Iron Jugulis|Hurricane|p1a: Comfey|[miss]
|-miss|p2a: Iron Jugulis|p1a: Comfey
|move|p1a: Comfey|Calm Mind|p1a: Comfey
|-boost|p1a: Comfey|spa|1
|-boost|p1a: Comfey|spd|1
|
|-damage|p2a: Iron Jugulis|27/100 tox|[from] psn
|upkeep
|turn|14
|
|t:|1757827621
|move|p2a: Iron Jugulis|Hurricane|p1a: Comfey
|-damage|p1a: Comfey|57/100
|-start|p1a: Comfey|confusion
|-activate|p1a: Comfey|confusion
|move|p1a: Comfey|Calm Mind|p1a: Comfey
|-boost|p1a: Comfey|spa|1
|-boost|p1a: Comfey|spd|1
|
|-damage|p2a: Iron Jugulis|3/100 tox|[from] psn
|upkeep
|turn|15
|
|t:|1757827626
|move|p2a: Iron Jugulis|Hurricane|p1a: Comfey|[miss]
|-miss|p2a: Iron Jugulis|p1a: Comfey
|-end|p1a: Comfey|confusion
|move|p1a: Comfey|Calm Mind|p1a: Comfey
|-boost|p1a: Comfey|spa|1
|-boost|p1a: Comfey|spd|1
|
|-damage|p2a: Iron Jugulis|0 fnt|[from] psn
|faint|p2a: Iron Jugulis
|-end|p2a: Iron Jugulis|Quark Drive|[silent]
|upkeep
|
|t:|1757827631
|switch|p2a: Ogerpon|Ogerpon, F|100/100
|turn|16
|
|t:|1757827641
|move|p1a: Comfey|Draining Kiss|p2a: Ogerpon
|-damage|p2a: Ogerpon|37/100
|-heal|p1a: Comfey|100/100|[from] drain|[of] p2a: Ogerpon
|move|p2a: Ogerpon|Spikes|p1a: Comfey
|-sidestart|p1: acerrillo6970|Spikes
|
|-heal|p2a: Ogerpon|43/100|[from] item: Leftovers
|upkeep
|turn|17
|
|t:|1757827646
|move|p2a: Ogerpon|Spiky Shield|p2a: Ogerpon
|-singleturn|p2a: Ogerpon|move: Protect
|move|p1a: Comfey|Draining Kiss|p2a: Ogerpon
|-activate|p2a: Ogerpon|move: Protect
|-damage|p1a: Comfey|88/100|[from] Spiky Shield|[of] p2a: Ogerpon
|
|-heal|p2a: Ogerpon|49/100|[from] item: Leftovers
|upkeep
|turn|18
|
|t:|1757827650
|switch|p2a: Talonflame|Talonflame, F|94/100 tox
|move|p1a: Comfey|Draining Kiss|p2a: Talonflame
|-resisted|p2a: Talonflame
|-damage|p2a: Talonflame|59/100 tox
|-heal|p1a: Comfey|100/100|[from] drain|[of] p2a: Talonflame
|
|-damage|p2a: Talonflame|52/100 tox|[from] psn
|upkeep
|turn|19
|
|t:|1757827660
|-terastallize|p1a: Comfey|Ground
|move|p1a: Comfey|Draining Kiss|p2a: Talonflame
|-resisted|p2a: Talonflame
|-damage|p2a: Talonflame|15/100 tox
|move|p2a: Talonflame|Will-O-Wisp|p1a: Comfey
|-status|p1a: Comfey|brn
|
|-damage|p2a: Talonflame|3/100 tox|[from] psn
|-damage|p1a: Comfey|94/100 brn|[from] brn
|upkeep
|turn|20
|
|t:|1757827676
|move|p2a: Talonflame|Roost|p2a: Talonflame
|-heal|p2a: Talonflame|53/100 tox
|-singleturn|p2a: Talonflame|move: Roost
|move|p1a: Comfey|Calm Mind|p1a: Comfey
|-boost|p1a: Comfey|spa|1
|-boost|p1a: Comfey|spd|1
|
|-damage|p2a: Talonflame|34/100 tox|[from] psn
|-damage|p1a: Comfey|88/100 brn|[from] brn
|upkeep
|turn|21
|
|t:|1757827681
|move|p2a: Talonflame|U-turn|p1a: Comfey
|-damage|p1a: Comfey|72/100 brn
|
|t:|1757827684
|switch|p2a: Gyarados|Gyarados, M|100/100|[from] U-turn
|-ability|p2a: Gyarados|Intimidate|boost
|-unboost|p1a: Comfey|atk|1
|move|p1a: Comfey|Calm Mind|p1a: Comfey
|-boost|p1a: Comfey|spa|1
|-boost|p1a: Comfey|spd|1
|
|-damage|p1a: Comfey|66/100 brn|[from] brn
|upkeep
|turn|22
|
|t:|1757827693
|move|p1a: Comfey|Draining Kiss|p2a: Gyarados
|-damage|p2a: Gyarados|24/100
|-heal|p1a: Comfey|100/100 brn|[from] drain|[of] p2a: Gyarados
|move|p2a: Gyarados|Waterfall|p1a: Comfey
|-supereffective|p1a: Comfey
|-damage|p1a: Comfey|24/100 brn
|
|-heal|p2a: Gyarados|30/100|[from] item: Leftovers
|-damage|p1a: Comfey|18/100 brn|[from] brn
|upkeep
|turn|23
|
|t:|1757827698
|move|p1a: Comfey|Draining Kiss|p2a: Gyarados
|-damage|p2a: Gyarados|0 fnt
|-heal|p1a: Comfey|45/100 brn|[from] drain|[of] p2a: Gyarados
|faint|p2a: Gyarados
|
|-damage|p1a: Comfey|39/100 brn|[from] brn
|upkeep
|
|t:|1757827705
|switch|p2a: Ogerpon|Ogerpon, F|49/100
|turn|24
|
|t:|1757827716
|-terastallize|p2a: Ogerpon|Grass
|detailschange|p2a: Ogerpon|Ogerpon-Teal-Tera, F, tera:Grass
|-ability|p2a: Ogerpon|Embody Aspect (Teal)|boost
|-boost|p2a: Ogerpon|spe|1
|move|p2a: Ogerpon|Spiky Shield|p2a: Ogerpon
|-singleturn|p2a: Ogerpon|move: Protect
|move|p1a: Comfey|Draining Kiss|p2a: Ogerpon
|-activate|p2a: Ogerpon|move: Protect
|-damage|p1a: Comfey|26/100 brn|[from] Spiky Shield|[of] p2a: Ogerpon
|
|-heal|p2a: Ogerpon|55/100|[from] item: Leftovers
|-damage|p1a: Comfey|20/100 brn|[from] brn
|upkeep
|turn|25
|
|t:|1757827730
|switch|p2a: Talonflame|Talonflame, F|34/100 tox
|move|p1a: Comfey|Draining Kiss|p2a: Talonflame
|-resisted|p2a: Talonflame
|-damage|p2a: Talonflame|0 fnt
|-heal|p1a: Comfey|54/100 brn|[from] drain|[of] p2a: Talonflame
|faint|p2a: Talonflame
|
|-damage|p1a: Comfey|47/100 brn|[from] brn
|upkeep
|
|t:|1757827734
|switch|p2a: Ogerpon|Ogerpon-Teal-Tera, F, tera:Grass|55/100
|-ability|p2a: Ogerpon|Embody Aspect (Teal)|boost
|-boost|p2a: Ogerpon|spe|1
|turn|26
|
|t:|1757827737
|move|p1a: Comfey|Draining Kiss|p2a: Ogerpon
|-damage|p2a: Ogerpon|0 fnt
|-heal|p1a: Comfey|92/100 brn|[from] drain|[of] p2a: Ogerpon
|faint|p2a: Ogerpon
|detailschange|p2: Ogerpon|Ogerpon, F|[silent]
|
|-damage|p1a: Comfey|86/100 brn|[from] brn
|upkeep
|-message|Jagger is a boss forfeited.
|
|win|acerrillo6970
|raw|acerrillo6970's rating: 1190 &rarr; <strong>1213</strong><br />(+23 for winning)
|raw|Jagger is a boss's rating: 1157 &rarr; <strong>1134</strong><br />(-23 for losing)
|l|☆Jagger is a boss
|player|p2|
|l|☆acerrillo6970
|player|p1|
