|j|☆BabyGronkel
|j|☆JumboDorito
|t:|1757821764
|gametype|singles
|player|p1|BabyGronkel|juan|
|player|p2|JumboDorito|169|
|gen|9
|tier|[Gen 9] OU
|rule|HP Percentage Mod: HP is shown in percentages
|rule|Endless Battle Clause: Forcing endless battles is banned
|rule|Species Clause: Limit one of each Pokémon
|rule|OHKO Clause: OHKO moves are banned
|rule|Evasion Items Clause: Evasion items are banned
|rule|Evasion Moves Clause: Evasion moves are banned
|rule|Evasion Abilities Clause: Evasion abilities are banned
|rule|Sleep Moves Clause: Sleep-inducing moves are banned
|clearpoke
|poke|p1|Gogoat, M|
|poke|p1|Skeledirge, F|
|poke|p1|Alomomola, M|
|poke|p1|Iron Valiant|
|poke|p1|Dragonite, M|
|poke|p1|Registeel|
|poke|p2|Iron Crown|
|poke|p2|Spidops, F|
|poke|p2|Okidogi, M|
|poke|p2|Zamazenta-*|
|poke|p2|Iron Thorns|
|poke|p2|Decidueye, M|
|teampreview
|
|t:|1757821801
|teamsize|p1|6
|teamsize|p2|6
|start
|switch|p1a: sans.|Skeledirge, F|100/100
|switch|p2a: Black Widow|Spidops, F|100/100
|turn|1
|
|t:|1757821805
|move|p1a: sans.|Torch Song|p2a: Black Widow
|-supereffective|p2a: Black Widow
|-damage|p2a: Black Widow|35/100
|-boost|p1a: sans.|spa|1
|move|p2a: Black Widow|Sticky Web|p1a: sans.
|-sidestart|p1: BabyGronkel|move: Sticky Web
|
|upkeep
|turn|2
|
|t:|1757821833
|move|p1a: sans.|Torch Song|p2a: Black Widow
|-supereffective|p2a: Black Widow
|-damage|p2a: Black Widow|0 fnt
|-boost|p1a: sans.|spa|1
|faint|p2a: Black Widow
|
|upkeep
|
|t:|1757821855
|switch|p2a: Thor|Iron Thorns|100/100
|turn|3
|j| realjaxsondart
|
|t:|1757821962
|move|p2a: Thor|Rock Blast|p1a: sans.
|-supereffective|p1a: sans.
|-damage|p1a: sans.|83/100
|-supereffective|p1a: sans.
|-crit|p1a: sans.
|-damage|p1a: sans.|55/100
|-supereffective|p1a: sans.
|-damage|p1a: sans.|37/100
|-supereffective|p1a: sans.
|-damage|p1a: sans.|19/100
|-supereffective|p1a: sans.
|-damage|p1a: sans.|2/100
|-hitcount|p1a: sans.|5
|move|p1a: sans.|Earth Power|p2a: Thor
|-supereffective|p2a: Thor
|-damage|p2a: Thor|0 fnt
|faint|p2a: Thor
|-end|p2a: Thor|Quark Drive|[silent]
|
|upkeep
|
|t:|1757821987
|switch|p2a: Hawkeye|Decidueye, M|100/100
|turn|4
|
|t:|1757822001
|move|p2a: Hawkeye|Spirit Shackle|p1a: sans.
|-supereffective|p1a: sans.
|-damage|p1a: sans.|0 fnt
|faint|p1a: sans.
|
|upkeep
|
|t:|1757822023
|switch|p1a: Alphys|Dragonite, M|100/100
|turn|5
|
|t:|1757822055
|move|p1a: Alphys|Thunder Wave|p2a: Hawkeye
|-status|p2a: Hawkeye|par
|cant|p2a: Hawkeye|par
|
|upkeep
|turn|6
|
|t:|1757822061
|cant|p2a: Hawkeye|par
|move|p1a: Alphys|Dragon Tail|p2a: Hawkeye
|-damage|p2a: Hawkeye|68/100 par
|drag|p2a: Iron Man|Iron Crown|100/100
|
|upkeep
|turn|7
|
|t:|1757822066
|move|p2a: Iron Man|Volt Switch|p1a: Alphys
|-damage|p1a: Alphys|89/100
|
|t:|1757822072
|-end|p2a: Iron Man|Quark Drive|[silent]
|switch|p2a: Hawkeye|Decidueye, M|68/100 par|[from] Volt Switch
|move|p1a: Alphys|Thunder Wave|p2a: Hawkeye
|-fail|p2a: Hawkeye|par
|
|upkeep
|turn|8
|
|t:|1757822077
|move|p2a: Hawkeye|Spirit Shackle|p1a: Alphys
|-damage|p1a: Alphys|65/100
|-activate|p1a: Alphys|trapped
|move|p1a: Alphys|Dragon Tail|p2a: Hawkeye|[miss]
|-miss|p1a: Alphys|p2a: Hawkeye
|
|upkeep
|turn|9
|
|t:|1757822085
|move|p1a: Alphys|Roost|p1a: Alphys
|-heal|p1a: Alphys|100/100
|-singleturn|p1a: Alphys|move: Roost
|cant|p2a: Hawkeye|par
|
|upkeep
|turn|10
|
|t:|1757822089
|cant|p2a: Hawkeye|par
|move|p1a: Alphys|Dragon Tail|p2a: Hawkeye|[miss]
|-miss|p1a: Alphys|p2a: Hawkeye
|
|upkeep
|turn|11
|
|t:|1757822094
|cant|p2a: Hawkeye|par
|move|p1a: Alphys|Dragon Tail|p2a: Hawkeye
|-damage|p2a: Hawkeye|33/100 par
|drag|p2a: Captain America|Zamazenta|100/100
|-ability|p2a: Captain America|Dauntless Shield|boost
|-boost|p2a: Captain America|def|1
|
|upkeep
|turn|12
|
|t:|1757822100
|switch|p2a: Hawkeye|Decidueye, M|33/100 par
|move|p1a: Alphys|Thunder Wave|p2a: Hawkeye
|-fail|p2a: Hawkeye|par
|
|upkeep
|turn|13
|
|t:|1757822102
|move|p2a: Hawkeye|Spirit Shackle|p1a: Alphys
|-damage|p1a: Alphys|87/100
|-activate|p1a: Alphys|trapped
|move|p1a: Alphys|Dragon Tail|p2a: Hawkeye|[miss]
|-miss|p1a: Alphys|p2a: Hawkeye
|
|upkeep
|turn|14
|
|t:|1757822106
|move|p2a: Hawkeye|Spirit Shackle|p1a: Alphys
|-damage|p1a: Alphys|61/100
|move|p1a: Alphys|Dragon Tail|p2a: Hawkeye
|-damage|p2a: Hawkeye|2/100 par
|drag|p2a: Iron Man|Iron Crown|100/100
|
|upkeep
|turn|15
|
|t:|1757822110
|move|p2a: Iron Man|Volt Switch|p1a: Alphys
|-damage|p1a: Alphys|40/100
|
|t:|1757822112
|-end|p2a: Iron Man|Quark Drive|[silent]
|switch|p2a: Hawkeye|Decidueye, M|2/100 par|[from] Volt Switch
|move|p1a: Alphys|Thunder Wave|p2a: Hawkeye
|-fail|p2a: Hawkeye|par
|
|upkeep
|turn|16
|
|t:|1757822115
|move|p1a: Alphys|Roost|p1a: Alphys
|-heal|p1a: Alphys|90/100
|-singleturn|p1a: Alphys|move: Roost
|cant|p2a: Hawkeye|par
|
|upkeep
|turn|17
|
|t:|1757822118
|move|p1a: Alphys|Roost|p1a: Alphys
|-heal|p1a: Alphys|100/100
|-singleturn|p1a: Alphys|move: Roost
|move|p2a: Hawkeye|Spirit Shackle|p1a: Alphys
|-damage|p1a: Alphys|87/100
|-activate|p1a: Alphys|trapped
|
|upkeep
|turn|18
|
|t:|1757822125
|move|p2a: Hawkeye|Spirit Shackle|p1a: Alphys
|-damage|p1a: Alphys|59/100
|move|p1a: Alphys|Dragon Tail|p2a: Hawkeye
|-damage|p2a: Hawkeye|0 fnt
|faint|p2a: Hawkeye
|
|upkeep
|
|t:|1757822128
|switch|p2a: Hulk|Okidogi, M|100/100
|turn|19
|
|t:|1757822134
|move|p1a: Alphys|Thunder Wave|p2a: Hulk
|-status|p2a: Hulk|par
|move|p2a: Hulk|Gunk Shot|p1a: Alphys
|-crit|p1a: Alphys
|-damage|p1a: Alphys|0 fnt
|faint|p1a: Alphys
|
|upkeep
|
|t:|1757822145
|switch|p1a: Undyne|Iron Valiant|100/100
|-activate|p1a: Undyne|move: Sticky Web
|-unboost|p1a: Undyne|spe|1
|-enditem|p1a: Undyne|Booster Energy
|-activate|p1a: Undyne|ability: Quark Drive|[fromitem]
|-start|p1a: Undyne|quarkdriveatk
|turn|20
|
|t:|1757822165
|switch|p2a: Iron Man|Iron Crown|100/100
|move|p1a: Undyne|Close Combat|p2a: Iron Man
|-damage|p2a: Iron Man|15/100
|-unboost|p1a: Undyne|def|1
|-unboost|p1a: Undyne|spd|1
|
|upkeep
|turn|21
|
|t:|1757822193
|-terastallize|p1a: Undyne|Water
|move|p2a: Iron Man|Tachyon Cutter|p1a: Undyne
|-resisted|p1a: Undyne
|-crit|p1a: Undyne
|-damage|p1a: Undyne|53/100
|-resisted|p1a: Undyne
|-damage|p1a: Undyne|18/100
|-hitcount|p1a: Undyne|2
|move|p1a: Undyne|Close Combat|p2a: Iron Man
|-damage|p2a: Iron Man|0 fnt
|-unboost|p1a: Undyne|def|1
|-unboost|p1a: Undyne|spd|1
|faint|p2a: Iron Man
|-end|p2a: Iron Man|Quark Drive|[silent]
|
|upkeep
|
|t:|1757822205
|switch|p2a: Captain America|Zamazenta|100/100
|turn|22
|
|t:|1757822213
|-end|p1a: Undyne|Quark Drive|[silent]
|switch|p1a: You|Alomomola, M|100/100
|-activate|p1a: You|move: Sticky Web
|-unboost|p1a: You|spe|1
|move|p2a: Captain America|Body Press|p1a: You
|-damage|p1a: You|81/100
|
|-heal|p1a: You|88/100|[from] item: Leftovers
|upkeep
|turn|23
|
|t:|1757822224
|move|p2a: Captain America|Reflect|p2a: Captain America
|-sidestart|p2: JumboDorito|Reflect
|move|p1a: You|Whirlpool|p2a: Captain America
|-damage|p2a: Captain America|96/100
|-activate|p2a: Captain America|move: Whirlpool|[of] p1a: You
|
|-heal|p1a: You|94/100|[from] item: Leftovers
|-damage|p2a: Captain America|84/100|[from] move: Whirlpool|[partiallytrapped]
|upkeep
|turn|24
|
|t:|1757822228
|move|p2a: Captain America|Body Press|p1a: You
|-damage|p1a: You|76/100
|move|p1a: You|Wish|p1a: You
|
|-heal|p1a: You|83/100|[from] item: Leftovers
|-damage|p2a: Captain America|72/100|[from] move: Whirlpool|[partiallytrapped]
|upkeep
|turn|25
|
|t:|1757822233
|move|p2a: Captain America|Body Press|p1a: You
|-damage|p1a: You|65/100
|move|p1a: You|Flip Turn|p2a: Captain America
|-damage|p2a: Captain America|66/100
|
|t:|1757822235
|switch|p1a: Undyne|Iron Valiant, tera:Water|18/100|[from] Flip Turn
|-activate|p1a: Undyne|move: Sticky Web
|-unboost|p1a: Undyne|spe|1
|
|-heal|p1a: Undyne|100/100|[from] move: Wish|[wisher] You
|-end|p2a: Captain America|Whirlpool|[partiallytrapped]|[silent]
|upkeep
|turn|26
|
|t:|1757822244
|-end|p1a: Undyne|Quark Drive|[silent]
|switch|p1a: You|Alomomola, M|98/100
|-activate|p1a: You|move: Sticky Web
|-unboost|p1a: You|spe|1
|move|p2a: Captain America|Body Press|p1a: You
|-damage|p1a: You|80/100
|
|-heal|p1a: You|86/100|[from] item: Leftovers
|upkeep
|turn|27
|
|t:|1757822247
|move|p2a: Captain America|Body Press|p1a: You
|-damage|p1a: You|67/100
|move|p1a: You|Whirlpool|p2a: Captain America
|-damage|p2a: Captain America|61/100
|-activate|p2a: Captain America|move: Whirlpool|[of] p1a: You
|
|-heal|p1a: You|73/100|[from] item: Leftovers
|-damage|p2a: Captain America|49/100|[from] move: Whirlpool|[partiallytrapped]
|upkeep
|turn|28
|
|t:|1757822252
|move|p2a: Captain America|Body Press|p1a: You
|-damage|p1a: You|56/100
|move|p1a: You|Wish|p1a: You
|
|-heal|p1a: You|62/100|[from] item: Leftovers
|-damage|p2a: Captain America|37/100|[from] move: Whirlpool|[partiallytrapped]
|upkeep
|turn|29
|
|t:|1757822259
|move|p2a: Captain America|Body Press|p1a: You
|-damage|p1a: You|42/100
|move|p1a: You|Whirlpool|p2a: Captain America
|-damage|p2a: Captain America|32/100
|
|-heal|p1a: You|92/100|[from] move: Wish|[wisher] You
|-heal|p1a: You|99/100|[from] item: Leftovers
|-damage|p2a: Captain America|19/100|[from] move: Whirlpool|[partiallytrapped]
|upkeep
|turn|30
|
|t:|1757822267
|move|p2a: Captain America|Body Press|p1a: You
|-damage|p1a: You|82/100
|move|p1a: You|Flip Turn|p2a: Captain America
|-damage|p2a: Captain America|14/100
|
|t:|1757822282
|switch|p1a: Undyne|Iron Valiant, tera:Water|100/100|[from] Flip Turn
|-activate|p1a: Undyne|move: Sticky Web
|-unboost|p1a: Undyne|spe|1
|
|-end|p2a: Captain America|Whirlpool|[partiallytrapped]|[silent]
|-sideend|p2: JumboDorito|Reflect
|upkeep
|turn|31
|
|t:|1757822290
|move|p2a: Captain America|Reflect|p2a: Captain America
|-sidestart|p2: JumboDorito|Reflect
|move|p1a: Undyne|Psycho Cut|p2a: Captain America
|-supereffective|p2a: Captain America
|-crit|p2a: Captain America
|-damage|p2a: Captain America|0 fnt
|faint|p2a: Captain America
|
|upkeep
|
|t:|1757822292
|switch|p2a: Hulk|Okidogi, M|100/100 par
|turn|32
|
|t:|1757822306
|-terastallize|p2a: Hulk|Fighting
|move|p1a: Undyne|Psycho Cut|p2a: Hulk
|-supereffective|p2a: Hulk
|-crit|p2a: Hulk
|-damage|p2a: Hulk|38/100 par
|cant|p2a: Hulk|par
|
|-heal|p2a: Hulk|44/100 par|[from] item: Leftovers
|upkeep
|turn|33
|
|t:|1757822313
|move|p1a: Undyne|Psycho Cut|p2a: Hulk
|-supereffective|p2a: Hulk
|-damage|p2a: Hulk|26/100 par
|move|p2a: Hulk|Drain Punch|p1a: Undyne
|-damage|p1a: Undyne|34/100
|-heal|p2a: Hulk|52/100 par|[from] drain|[of] p1a: Undyne
|
|-heal|p2a: Hulk|58/100 par|[from] item: Leftovers
|upkeep
|turn|34
|
|t:|1757822320
|-end|p1a: Undyne|Quark Drive|[silent]
|switch|p1a: You|Alomomola, M|100/100
|-activate|p1a: You|move: Sticky Web
|-unboost|p1a: You|spe|1
|move|p2a: Hulk|Drain Punch|p1a: You
|-damage|p1a: You|66/100
|-heal|p2a: Hulk|83/100 par|[from] drain|[of] p1a: You
|
|-heal|p1a: You|72/100|[from] item: Leftovers
|-heal|p2a: Hulk|89/100 par|[from] item: Leftovers
|upkeep
|turn|35
|
|t:|1757822328
|move|p1a: You|Wish|p1a: You
|move|p2a: Hulk|Bulk Up|p2a: Hulk
|-boost|p2a: Hulk|atk|1
|-boost|p2a: Hulk|def|1
|
|-heal|p1a: You|78/100|[from] item: Leftovers
|-heal|p2a: Hulk|95/100 par|[from] item: Leftovers
|upkeep
|turn|36
|
|t:|1757822331
|move|p1a: You|Whirlpool|p2a: Hulk
|-damage|p2a: Hulk|88/100 par
|-activate|p2a: Hulk|move: Whirlpool|[of] p1a: You
|move|p2a: Hulk|Bulk Up|p2a: Hulk
|-boost|p2a: Hulk|atk|1
|-boost|p2a: Hulk|def|1
|
|-heal|p1a: You|100/100|[from] move: Wish|[wisher] You
|-heal|p2a: Hulk|94/100 par|[from] item: Leftovers
|-damage|p2a: Hulk|82/100 par|[from] move: Whirlpool|[partiallytrapped]
|upkeep
|turn|37
|
|t:|1757822348
|switch|p1a: Toriel|Gogoat, M|100/100
|-activate|p1a: Toriel|move: Sticky Web
|-unboost|p1a: Toriel|spe|1
|move|p2a: Hulk|Bulk Up|p2a: Hulk
|-boost|p2a: Hulk|atk|1
|-boost|p2a: Hulk|def|1
|
|-heal|p2a: Hulk|88/100 par|[from] item: Leftovers
|-end|p2a: Hulk|Whirlpool|[partiallytrapped]|[silent]
|upkeep
|turn|38
|
|t:|1757822356
|move|p1a: Toriel|Bulk Up|p1a: Toriel
|-boost|p1a: Toriel|atk|1
|-boost|p1a: Toriel|def|1
|move|p2a: Hulk|Drain Punch|p1a: Toriel
|-damage|p1a: Toriel|0 fnt
|-heal|p2a: Hulk|100/100 par|[from] drain|[of] p1a: Toriel
|faint|p1a: Toriel
|
|-sideend|p2: JumboDorito|Reflect
|upkeep
|
|t:|1757822362
|switch|p1a: Undyne|Iron Valiant, tera:Water|34/100
|-activate|p1a: Undyne|move: Sticky Web
|-unboost|p1a: Undyne|spe|1
|turn|39
|
|t:|1757822364
|move|p1a: Undyne|Psycho Cut|p2a: Hulk
|-supereffective|p2a: Hulk
|-damage|p2a: Hulk|86/100 par
|move|p2a: Hulk|Drain Punch|p1a: Undyne
|-damage|p1a: Undyne|0 fnt
|-heal|p2a: Hulk|99/100 par|[from] drain|[of] p1a: Undyne
|faint|p1a: Undyne
|-end|p1a: Undyne|Quark Drive|[silent]
|
|-heal|p2a: Hulk|100/100 par|[from] item: Leftovers
|upkeep
|
|t:|1757822369
|switch|p1a: Mettaton|Registeel|100/100
|-activate|p1a: Mettaton|move: Sticky Web
|-fail|p1a: Mettaton|unboost|[from] ability: Clear Body|[of] p1a: Mettaton
|turn|40
|
|t:|1757822372
|move|p1a: Mettaton|Iron Head|p2a: Hulk
|-damage|p2a: Hulk|93/100 par
|move|p2a: Hulk|Drain Punch|p1a: Mettaton
|-supereffective|p1a: Mettaton
|-damage|p1a: Mettaton|0 fnt
|-heal|p2a: Hulk|100/100 par|[from] drain|[of] p1a: Mettaton
|faint|p1a: Mettaton
|
|upkeep
|
|t:|1757822375
|switch|p1a: You|Alomomola, M|100/100
|-activate|p1a: You|move: Sticky Web
|-unboost|p1a: You|spe|1
|turn|41
|
|t:|1757822383
|move|p1a: You|Whirlpool|p2a: Hulk|[miss]
|-miss|p1a: You|p2a: Hulk
|move|p2a: Hulk|Drain Punch|p1a: You
|-damage|p1a: You|17/100
|
|-heal|p1a: You|23/100|[from] item: Leftovers
|upkeep
|turn|42
|
|t:|1757822386
|move|p1a: You|Protect|p1a: You
|-singleturn|p1a: You|Protect
|move|p2a: Hulk|Drain Punch|p1a: You
|-activate|p1a: You|move: Protect
|
|-heal|p1a: You|29/100|[from] item: Leftovers
|upkeep
|turn|43
|
|t:|1757822389
|move|p1a: You|Wish|p1a: You
|move|p2a: Hulk|Drain Punch|p1a: You
|-damage|p1a: You|0 fnt
|faint|p1a: You
|
|win|JumboDorito
|l|☆BabyGronkel
|player|p1|
