|j|☆Nostradamusss
|j|☆Scayle
|t:|1757790118
|gametype|singles
|player|p1|Nostradamusss|roxie|1173
|player|p2|Scayle|266|1141
|gen|9
|tier|[Gen 9] OU
|rated|
|rule|HP Percentage Mod: HP is shown in percentages
|rule|Endless Battle Clause: Forcing endless battles is banned
|rule|Species Clause: Limit one of each Pokémon
|rule|OHKO Clause: OHKO moves are banned
|rule|Evasion Items Clause: Evasion items are banned
|rule|Evasion Moves Clause: Evasion moves are banned
|rule|Evasion Abilities Clause: Evasion abilities are banned
|rule|Sleep Moves Clause: Sleep-inducing moves are banned
|clearpoke
|poke|p1|Tyranitar, M|
|poke|p1|Gholdengo|
|poke|p1|Heatran, F|
|poke|p1|Ogerpon-Wellspring, F|
|poke|p1|Excadrill, M|
|poke|p1|Landorus-Therian, M|
|poke|p2|Typhlosion, F|
|poke|p2|Sudowoodo, F|
|poke|p2|Gyarados, M|
|poke|p2|Ampharos, F|
|poke|p2|Dragonite, M|
|poke|p2|Scizor, F|
|teampreview
|inactive|Battle timer is ON: inactive players will automatically lose when time's up. (requested by Scayle)
|c|☆Nostradamusss|Cool team
|c|☆Nostradamusss|Glhf
|
|t:|1757790134
|teamsize|p1|6
|teamsize|p2|6
|start
|switch|p1a: Tyranitar|Tyranitar, M|100/100
|switch|p2a: Sudowoodo|Sudowoodo, F|100/100
|-weather|Sandstorm|[from] ability: Sand Stream|[of] p1a: Tyranitar
|turn|1
|
|t:|1757790142
|move|p1a: Tyranitar|Dragon Dance|p1a: Tyranitar
|-boost|p1a: Tyranitar|atk|1
|-boost|p1a: Tyranitar|spe|1
|move|p2a: Sudowoodo|Body Press|p1a: Tyranitar
|-supereffective|p1a: Tyranitar
|-damage|p1a: Tyranitar|33/100
|
|-weather|Sandstorm|[upkeep]
|-heal|p1a: Tyranitar|39/100|[from] item: Leftovers
|upkeep
|turn|2
|
|t:|1757790149
|move|p1a: Tyranitar|Earthquake|p2a: Sudowoodo
|-supereffective|p2a: Sudowoodo
|-damage|p2a: Sudowoodo|3/100
|move|p2a: Sudowoodo|Body Press|p1a: Tyranitar
|-supereffective|p1a: Tyranitar
|-damage|p1a: Tyranitar|0 fnt
|faint|p1a: Tyranitar
|
|-weather|Sandstorm|[upkeep]
|upkeep
|
|t:|1757790162
|switch|p1a: Excadrill|Excadrill, M|100/100
|turn|3
|
|t:|1757790166
|move|p1a: Excadrill|Swords Dance|p1a: Excadrill
|-boost|p1a: Excadrill|atk|2
|move|p2a: Sudowoodo|Body Press|p1a: Excadrill
|-supereffective|p1a: Excadrill
|-damage|p1a: Excadrill|36/100
|
|-weather|Sandstorm|[upkeep]
|upkeep
|turn|4
|
|t:|1757790172
|move|p1a: Excadrill|Rapid Spin|p2a: Sudowoodo
|-resisted|p2a: Sudowoodo
|-damage|p2a: Sudowoodo|0 fnt
|-boost|p1a: Excadrill|spe|1
|-damage|p1a: Excadrill|20/100|[from] item: Rocky Helmet|[of] p2a: Sudowoodo
|faint|p2a: Sudowoodo
|
|-weather|Sandstorm|[upkeep]
|upkeep
|
|t:|1757790177
|switch|p2a: Gyarados|Gyarados, M|100/100
|-ability|p2a: Gyarados|Intimidate|boost
|-unboost|p1a: Excadrill|atk|1
|turn|5
|
|t:|1757790192
|move|p1a: Excadrill|Iron Head|p2a: Gyarados
|-resisted|p2a: Gyarados
|-damage|p2a: Gyarados|59/100
|move|p2a: Gyarados|Waterfall|p1a: Excadrill
|-supereffective|p1a: Excadrill
|-damage|p1a: Excadrill|0 fnt
|faint|p1a: Excadrill
|
|-weather|none
|upkeep
|
|t:|1757790202
|switch|p1a: Landorus|Landorus-Therian, M|100/100
|-ability|p1a: Landorus|Intimidate|boost
|-unboost|p2a: Gyarados|atk|1
|turn|6
|
|t:|1757790207
|move|p1a: Landorus|Rock Slide|p2a: Gyarados|[miss]
|-miss|p1a: Landorus|p2a: Gyarados
|move|p2a: Gyarados|Ice Fang|p1a: Landorus
|-supereffective|p1a: Landorus
|-damage|p1a: Landorus|30/100
|-damage|p2a: Gyarados|43/100|[from] item: Rocky Helmet|[of] p1a: Landorus
|
|upkeep
|turn|7
|
|t:|1757790211
|move|p1a: Landorus|Rock Slide|p2a: Gyarados
|-supereffective|p2a: Gyarados
|-damage|p2a: Gyarados|0 fnt
|faint|p2a: Gyarados
|
|upkeep
|
|t:|1757790215
|switch|p2a: Scizor|Scizor, F|100/100
|turn|8
|
|t:|1757790220
|move|p1a: Landorus|U-turn|p2a: Scizor
|-resisted|p2a: Scizor
|-crit|p2a: Scizor
|-damage|p2a: Scizor|80/100
|
|t:|1757790225
|switch|p1a: Heatran|Heatran, F|100/100|[from] U-turn
|-item|p1a: Heatran|Air Balloon
|move|p2a: Scizor|Trailblaze|p1a: Heatran
|-resisted|p1a: Heatran
|-damage|p1a: Heatran|94/100
|-boost|p2a: Scizor|spe|1
|-enditem|p1a: Heatran|Air Balloon
|
|upkeep
|turn|9
|
|t:|1757790244
|switch|p2a: Ampharos|Ampharos, F|100/100
|move|p1a: Heatran|Earth Power|p2a: Ampharos
|-supereffective|p2a: Ampharos
|-damage|p2a: Ampharos|39/100
|
|upkeep
|turn|10
|
|t:|1757790251
|move|p1a: Heatran|Earth Power|p2a: Ampharos
|-supereffective|p2a: Ampharos
|-crit|p2a: Ampharos
|-damage|p2a: Ampharos|0 fnt
|faint|p2a: Ampharos
|
|upkeep
|
|t:|1757790256
|switch|p2a: Dragonite|Dragonite, M|100/100
|turn|11
|
|t:|1757790259
|move|p2a: Dragonite|Dragon Dance|p2a: Dragonite
|-boost|p2a: Dragonite|atk|1
|-boost|p2a: Dragonite|spe|1
|move|p1a: Heatran|Will-O-Wisp|p2a: Dragonite
|-status|p2a: Dragonite|brn
|
|-damage|p2a: Dragonite|94/100 brn|[from] brn
|upkeep
|turn|12
|
|t:|1757790265
|move|p2a: Dragonite|Dragon Dance|p2a: Dragonite
|-boost|p2a: Dragonite|atk|1
|-boost|p2a: Dragonite|spe|1
|move|p1a: Heatran|Magma Storm|p2a: Dragonite|[miss]
|-miss|p1a: Heatran|p2a: Dragonite
|
|-damage|p2a: Dragonite|88/100 brn|[from] brn
|upkeep
|turn|13
|
|t:|1757790271
|move|p2a: Dragonite|Earthquake|p1a: Heatran
|-supereffective|p1a: Heatran
|-damage|p1a: Heatran|0 fnt
|faint|p1a: Heatran
|
|-damage|p2a: Dragonite|82/100 brn|[from] brn
|upkeep
|
|t:|1757790277
|switch|p1a: Ogerpon|Ogerpon-Wellspring, F|100/100
|turn|14
|
|t:|1757790290
|move|p2a: Dragonite|Extreme Speed|p1a: Ogerpon
|-damage|p1a: Ogerpon|62/100
|move|p1a: Ogerpon|Substitute|p1a: Ogerpon
|-start|p1a: Ogerpon|Substitute
|-damage|p1a: Ogerpon|37/100
|
|-damage|p2a: Dragonite|76/100 brn|[from] brn
|upkeep
|turn|15
|
|t:|1757790295
|move|p2a: Dragonite|Extreme Speed|p1a: Ogerpon
|-end|p1a: Ogerpon|Substitute
|move|p1a: Ogerpon|Ivy Cudgel|p2a: Dragonite|[anim] Ivy Cudgel Water
|-resisted|p2a: Dragonite
|-damage|p2a: Dragonite|42/100 brn
|
|-damage|p2a: Dragonite|36/100 brn|[from] brn
|upkeep
|turn|16
|
|t:|1757790302
|move|p2a: Dragonite|Extreme Speed|p1a: Ogerpon
|-damage|p1a: Ogerpon|0 fnt
|faint|p1a: Ogerpon
|
|-damage|p2a: Dragonite|30/100 brn|[from] brn
|upkeep
|
|t:|1757790306
|switch|p1a: Landorus|Landorus-Therian, M|30/100
|-ability|p1a: Landorus|Intimidate|boost
|-unboost|p2a: Dragonite|atk|1
|turn|17
|
|t:|1757790311
|move|p2a: Dragonite|Stone Edge|p1a: Landorus
|-damage|p1a: Landorus|0 fnt
|faint|p1a: Landorus
|
|-damage|p2a: Dragonite|23/100 brn|[from] brn
|upkeep
|
|t:|1757790314
|switch|p1a: Gholdengo|Gholdengo|100/100
|-item|p1a: Gholdengo|Air Balloon
|turn|18
|
|t:|1757790321
|move|p2a: Dragonite|Stone Edge|p1a: Gholdengo
|-resisted|p1a: Gholdengo
|-damage|p1a: Gholdengo|84/100
|-enditem|p1a: Gholdengo|Air Balloon
|move|p1a: Gholdengo|Nasty Plot|p1a: Gholdengo
|-boost|p1a: Gholdengo|spa|2
|
|-damage|p2a: Dragonite|17/100 brn|[from] brn
|upkeep
|turn|19
|
|t:|1757790326
|move|p2a: Dragonite|Earthquake|p1a: Gholdengo
|-supereffective|p1a: Gholdengo
|-damage|p1a: Gholdengo|16/100
|move|p1a: Gholdengo|Psyshock|p2a: Dragonite
|-damage|p2a: Dragonite|0 fnt
|faint|p2a: Dragonite
|
|upkeep
|
|t:|1757790331
|switch|p2a: Typhlosion|Typhlosion, F|100/100
|turn|20
|
|t:|1757790335
|move|p2a: Typhlosion|Eruption|p1a: Gholdengo
|-supereffective|p1a: Gholdengo
|-damage|p1a: Gholdengo|0 fnt
|faint|p1a: Gholdengo
|
|win|Scayle
|raw|Nostradamusss's rating: 1173 &rarr; <strong>1146</strong><br />(-27 for losing)
|raw|Scayle's rating: 1141 &rarr; <strong>1168</strong><br />(+27 for winning)
|l|☆Scayle
|player|p2|
