|j|☆DarkMaskedMan
|j|☆LooksGoodToMe
|t:|1757908827
|gametype|singles
|player|p1|DarkMaskedMan|bellelba|1282
|player|p2|LooksGoodToMe|169|1242
|gen|9
|tier|[Gen 9] OU
|rated|
|rule|HP Percentage Mod: HP is shown in percentages
|rule|Endless Battle Clause: Forcing endless battles is banned
|rule|Species Clause: Limit one of each Pokémon
|rule|OHKO Clause: OHKO moves are banned
|rule|Evasion Items Clause: Evasion items are banned
|rule|Evasion Moves Clause: Evasion moves are banned
|rule|Evasion Abilities Clause: Evasion abilities are banned
|rule|Sleep Moves Clause: Sleep-inducing moves are banned
|clearpoke
|poke|p1|Corviknight, M|
|poke|p1|Ting-Lu|
|poke|p1|Ogerpon-Wellspring, F|
|poke|p1|Dragapult, M|
|poke|p1|Ceruledge, M|
|poke|p1|Gliscor, M|
|poke|p2|Gholdengo|
|poke|p2|Primarina, F|
|poke|p2|Moltres|
|poke|p2|Ursaluna, M|
|poke|p2|Hydreigon, F|
|poke|p2|Toxtricity, M|
|teampreview
|inactive|Battle timer is ON: inactive players will automatically lose when time's up. (requested by DarkMaskedMan)
|inactive|LooksGoodToMe also wants the timer to be on.
|c|☆LooksGoodToMe|hf
|inactive|DarkMaskedMan has 120 seconds left.
|
|t:|1757908873
|teamsize|p1|6
|teamsize|p2|6
|start
|switch|p1a: Ting-Lu|Ting-Lu|100/100
|switch|p2a: Toxtricity|Toxtricity, M|100/100
|-ability|p1a: Ting-Lu|Vessel of Ruin
|turn|1
|
|t:|1757908883
|switch|p2a: Ursaluna|Ursaluna, M|100/100
|move|p1a: Ting-Lu|Stealth Rock|p2a: Ursaluna
|-sidestart|p2: LooksGoodToMe|move: Stealth Rock
|
|-status|p2a: Ursaluna|brn|[from] item: Flame Orb
|upkeep
|turn|2
|
|t:|1757908893
|switch|p1a: Ceruledge|Ceruledge, M|100/100
|move|p2a: Ursaluna|Facade|p1a: Ceruledge
|-immune|p1a: Ceruledge
|
|-damage|p2a: Ursaluna|94/100 brn|[from] brn
|upkeep
|turn|3
|
|t:|1757908902
|switch|p2a: Primarina|Primarina, F|100/100
|-damage|p2a: Primarina|88/100|[from] Stealth Rock
|move|p1a: Ceruledge|Swords Dance|p1a: Ceruledge
|-boost|p1a: Ceruledge|atk|2
|
|-heal|p2a: Primarina|94/100|[from] item: Leftovers
|upkeep
|turn|4
|
|t:|1757908911
|move|p1a: Ceruledge|Poltergeist|p2a: Primarina
|-activate|p2a: Primarina|move: Poltergeist|Leftovers
|-damage|p2a: Primarina|9/100
|move|p2a: Primarina|Surf|p1a: Ceruledge
|-supereffective|p1a: Ceruledge
|-enditem|p1a: Ceruledge|Focus Sash
|-damage|p1a: Ceruledge|1/100
|
|-heal|p2a: Primarina|15/100|[from] item: Leftovers
|upkeep
|turn|5
|
|t:|1757908921
|move|p1a: Ceruledge|Shadow Sneak|p2a: Primarina
|-damage|p2a: Primarina|0 fnt
|faint|p2a: Primarina
|
|upkeep
|
|t:|1757908930
|switch|p2a: Moltres|Moltres|100/100
|turn|6
|
|t:|1757908940
|move|p1a: Ceruledge|Poltergeist|p2a: Moltres
|-activate|p2a: Moltres|move: Poltergeist|Heavy-Duty Boots
|-damage|p2a: Moltres|18/100
|move|p2a: Moltres|Flamethrower|p1a: Ceruledge
|-resisted|p1a: Ceruledge
|-damage|p1a: Ceruledge|0 fnt
|faint|p1a: Ceruledge
|
|upkeep
|
|t:|1757908946
|switch|p1a: Ting-Lu|Ting-Lu|100/100
|-ability|p1a: Ting-Lu|Vessel of Ruin
|turn|7
|
|t:|1757908955
|move|p2a: Moltres|U-turn|p1a: Ting-Lu
|-supereffective|p1a: Ting-Lu
|-damage|p1a: Ting-Lu|82/100
|-damage|p2a: Moltres|1/100|[from] item: Rocky Helmet|[of] p1a: Ting-Lu
|
|t:|1757908965
|switch|p2a: Hydreigon|Hydreigon, F|100/100|[from] U-turn
|-damage|p2a: Hydreigon|88/100|[from] Stealth Rock
|move|p1a: Ting-Lu|Spikes|p2a: Hydreigon
|-sidestart|p2: LooksGoodToMe|Spikes
|
|upkeep
|turn|8
|inactive|DarkMaskedMan has 120 seconds left.
|
|t:|1757909001
|move|p2a: Hydreigon|Dark Pulse|p1a: Ting-Lu
|-resisted|p1a: Ting-Lu
|-damage|p1a: Ting-Lu|69/100
|move|p1a: Ting-Lu|Whirlwind|p2a: Hydreigon
|drag|p2a: Ursaluna|Ursaluna, M|94/100 brn
|-damage|p2a: Ursaluna|88/100 brn|[from] Stealth Rock
|-damage|p2a: Ursaluna|76/100 brn|[from] Spikes
|
|-damage|p2a: Ursaluna|69/100 brn|[from] brn
|upkeep
|turn|9
|
|t:|1757909010
|move|p2a: Ursaluna|Earthquake|p1a: Ting-Lu
|-damage|p1a: Ting-Lu|22/100
|move|p1a: Ting-Lu|Whirlwind|p2a: Ursaluna
|drag|p2a: Hydreigon|Hydreigon, F|88/100
|-damage|p2a: Hydreigon|76/100|[from] Stealth Rock
|
|upkeep
|turn|10
|
|t:|1757909020
|move|p2a: Hydreigon|Dark Pulse|p1a: Ting-Lu
|-resisted|p1a: Ting-Lu
|-damage|p1a: Ting-Lu|8/100
|cant|p1a: Ting-Lu|flinch
|
|upkeep
|turn|11
|
|t:|1757909029
|move|p2a: Hydreigon|Dark Pulse|p1a: Ting-Lu
|-resisted|p1a: Ting-Lu
|-damage|p1a: Ting-Lu|0 fnt
|faint|p1a: Ting-Lu
|
|upkeep
|
|t:|1757909037
|switch|p1a: Dragapult|Dragapult, M|100/100
|turn|12
|
|t:|1757909046
|switch|p1a: Corviknight|Corviknight, M|100/100
|switch|p2a: Moltres|Moltres|1/100
|
|upkeep
|turn|13
|
|t:|1757909055
|switch|p2a: Hydreigon|Hydreigon, F|76/100
|-damage|p2a: Hydreigon|63/100|[from] Stealth Rock
|move|p1a: Corviknight|U-turn|p2a: Hydreigon
|-supereffective|p2a: Hydreigon
|-damage|p2a: Hydreigon|37/100
|
|t:|1757909067
|switch|p1a: Dragapult|Dragapult, M|100/100|[from] U-turn
|
|upkeep
|turn|14
|
|t:|1757909076
|switch|p2a: Moltres|Moltres|1/100
|-terastallize|p1a: Dragapult|Ghost
|move|p1a: Dragapult|Shadow Ball|p2a: Moltres
|-damage|p2a: Moltres|0 fnt
|faint|p2a: Moltres
|
|upkeep
|
|t:|1757909086
|switch|p2a: Ursaluna|Ursaluna, M|69/100 brn
|-damage|p2a: Ursaluna|63/100 brn|[from] Stealth Rock
|-damage|p2a: Ursaluna|51/100 brn|[from] Spikes
|turn|15
|
|t:|1757909104
|switch|p1a: Corviknight|Corviknight, M|100/100
|move|p2a: Ursaluna|Fire Punch|p1a: Corviknight
|-supereffective|p1a: Corviknight
|-damage|p1a: Corviknight|44/100
|
|-damage|p2a: Ursaluna|44/100 brn|[from] brn
|upkeep
|turn|16
|
|t:|1757909114
|move|p2a: Ursaluna|Fire Punch|p1a: Corviknight
|-supereffective|p1a: Corviknight
|-damage|p1a: Corviknight|0 fnt
|faint|p1a: Corviknight
|
|-damage|p2a: Ursaluna|38/100 brn|[from] brn
|upkeep
|
|t:|1757909119
|switch|p1a: Ogerpon|Ogerpon-Wellspring, F|100/100
|turn|17
|
|t:|1757909128
|switch|p2a: Hydreigon|Hydreigon, F|37/100
|-damage|p2a: Hydreigon|24/100|[from] Stealth Rock
|move|p1a: Ogerpon|Ivy Cudgel|p2a: Hydreigon|[anim] Ivy Cudgel Water
|-resisted|p2a: Hydreigon
|-damage|p2a: Hydreigon|0 fnt
|faint|p2a: Hydreigon
|
|upkeep
|
|t:|1757909137
|switch|p2a: Toxtricity|Toxtricity, M|100/100
|-damage|p2a: Toxtricity|88/100|[from] Stealth Rock
|-damage|p2a: Toxtricity|76/100|[from] Spikes
|turn|18
|
|t:|1757909146
|move|p1a: Ogerpon|Ivy Cudgel|p2a: Toxtricity|[anim] Ivy Cudgel Water
|-damage|p2a: Toxtricity|0 fnt
|faint|p2a: Toxtricity
|
|upkeep
|
|t:|1757909154
|switch|p2a: Ursaluna|Ursaluna, M|38/100 brn
|-damage|p2a: Ursaluna|32/100 brn|[from] Stealth Rock
|-damage|p2a: Ursaluna|19/100 brn|[from] Spikes
|turn|19
|
|t:|1757909159
|switch|p2a: Gholdengo|Gholdengo|100/100
|-damage|p2a: Gholdengo|94/100|[from] Stealth Rock
|-damage|p2a: Gholdengo|82/100|[from] Spikes
|move|p1a: Ogerpon|Ivy Cudgel|p2a: Gholdengo|[anim] Ivy Cudgel Water
|-damage|p2a: Gholdengo|29/100
|
|-heal|p2a: Gholdengo|35/100|[from] item: Leftovers
|upkeep
|turn|20
|
|t:|1757909163
|switch|p2a: Ursaluna|Ursaluna, M|19/100 brn
|-damage|p2a: Ursaluna|13/100 brn|[from] Stealth Rock
|-damage|p2a: Ursaluna|1/100 brn|[from] Spikes
|move|p1a: Ogerpon|Ivy Cudgel|p2a: Ursaluna|[anim] Ivy Cudgel Water
|-supereffective|p2a: Ursaluna
|-damage|p2a: Ursaluna|0 fnt
|faint|p2a: Ursaluna
|
|upkeep
|
|t:|1757909166
|switch|p2a: Gholdengo|Gholdengo|35/100
|-damage|p2a: Gholdengo|29/100|[from] Stealth Rock
|-damage|p2a: Gholdengo|17/100|[from] Spikes
|turn|21
|
|t:|1757909168
|move|p1a: Ogerpon|Knock Off|p2a: Gholdengo
|-supereffective|p2a: Gholdengo
|-damage|p2a: Gholdengo|0 fnt
|-enditem|p2a: Gholdengo|Leftovers|[from] move: Knock Off|[of] p1a: Ogerpon
|faint|p2a: Gholdengo
|
|win|DarkMaskedMan
|raw|DarkMaskedMan's rating: 1282 &rarr; <strong>1304</strong><br />(+22 for winning)
|raw|LooksGoodToMe's rating: 1242 &rarr; <strong>1220</strong><br />(-22 for losing)
|c|☆LooksGoodToMe|gg
|l|☆DarkMaskedMan
|player|p1|
