|j|☆klitauros
|j|☆tingsnstuff
|t:|1757870151
|gametype|singles
|player|p1|klitauros|2|1315
|player|p2|tingsnstuff|bugcatcher-gen4dp|1360
|gen|9
|tier|[Gen 9] OU
|rated|
|rule|HP Percentage Mod: HP is shown in percentages
|rule|Endless Battle Clause: Forcing endless battles is banned
|rule|Species Clause: Limit one of each Pokémon
|rule|OHKO Clause: OHKO moves are banned
|rule|Evasion Items Clause: Evasion items are banned
|rule|Evasion Moves Clause: Evasion moves are banned
|rule|Evasion Abilities Clause: Evasion abilities are banned
|rule|Sleep Moves Clause: Sleep-inducing moves are banned
|clearpoke
|poke|p1|Blaziken, F|
|poke|p1|Serperior, F|
|poke|p1|Dragonite, M|
|poke|p1|Kingambit, F|
|poke|p1|Clodsire, F|
|poke|p1|Dragapult, F|
|poke|p2|Scrafty, M|
|poke|p2|Raging Bolt|
|poke|p2|Heatran, M|
|poke|p2|Sinistcha|
|poke|p2|Kleavor, M|
|poke|p2|Great Tusk|
|teampreview
|inactive|Battle timer is ON: inactive players will automatically lose when time's up. (requested by tingsnstuff)
|
|t:|1757870162
|teamsize|p1|6
|teamsize|p2|6
|start
|switch|p1a: Clodsire|Clodsire, F|100/100
|switch|p2a: Kleavor|Kleavor, M|100/100
|turn|1
|
|t:|1757870170
|move|p2a: Kleavor|Stone Axe|p1a: Clodsire
|-resisted|p1a: Clodsire
|-damage|p1a: Clodsire|78/100
|-sidestart|p1: klitauros|move: Stealth Rock
|move|p1a: Clodsire|Stealth Rock|p2a: Kleavor
|-sidestart|p2: tingsnstuff|move: Stealth Rock
|
|-heal|p1a: Clodsire|84/100|[from] item: Leftovers
|upkeep
|turn|2
|
|t:|1757870181
|move|p2a: Kleavor|U-turn|p1a: Clodsire
|-resisted|p1a: Clodsire
|-damage|p1a: Clodsire|67/100
|
|t:|1757870188
|switch|p2a: Great Tusk|Great Tusk|100/100|[from] U-turn
|-damage|p2a: Great Tusk|98/100|[from] Stealth Rock
|move|p1a: Clodsire|Toxic|p2a: Great Tusk
|-status|p2a: Great Tusk|tox
|
|-heal|p2a: Great Tusk|100/100 tox|[from] item: Leftovers
|-heal|p1a: Clodsire|73/100|[from] item: Leftovers
|-damage|p2a: Great Tusk|94/100 tox|[from] psn
|upkeep
|turn|3
|
|t:|1757870199
|switch|p1a: Dragapult|Dragapult, F|100/100
|-damage|p1a: Dragapult|88/100|[from] Stealth Rock
|move|p2a: Great Tusk|Ice Spinner|p1a: Dragapult
|-supereffective|p1a: Dragapult
|-damage|p1a: Dragapult|5/100
|
|-heal|p2a: Great Tusk|100/100 tox|[from] item: Leftovers
|-damage|p2a: Great Tusk|88/100 tox|[from] psn
|upkeep
|turn|4
|
|t:|1757870212
|-end|p2a: Great Tusk|Protosynthesis|[silent]
|switch|p2a: Heatran|Heatran, M|100/100
|move|p1a: Dragapult|Draco Meteor|p2a: Heatran
|-resisted|p2a: Heatran
|-damage|p2a: Heatran|62/100
|-unboost|p1a: Dragapult|spa|2
|
|upkeep
|turn|5
|
|t:|1757870221
|switch|p1a: Clodsire|Clodsire, F|73/100
|-damage|p1a: Clodsire|67/100|[from] Stealth Rock
|move|p2a: Heatran|Will-O-Wisp|p1a: Clodsire
|-status|p1a: Clodsire|brn
|
|-heal|p1a: Clodsire|73/100 brn|[from] item: Leftovers
|-damage|p1a: Clodsire|67/100 brn|[from] brn
|upkeep
|turn|6
|
|t:|1757870236
|move|p2a: Heatran|Earth Power|p1a: Clodsire
|-supereffective|p1a: Clodsire
|-damage|p1a: Clodsire|27/100 brn
|move|p1a: Clodsire|Toxic|p2a: Heatran
|-immune|p2a: Heatran
|
|-heal|p1a: Clodsire|33/100 brn|[from] item: Leftovers
|-damage|p1a: Clodsire|27/100 brn|[from] brn
|upkeep
|turn|7
|
|t:|1757870253
|move|p2a: Heatran|Earth Power|p1a: Clodsire
|-supereffective|p1a: Clodsire
|-damage|p1a: Clodsire|0 fnt
|faint|p1a: Clodsire
|
|upkeep
|
|t:|1757870262
|switch|p1a: Blaziken|Blaziken, F|100/100
|-damage|p1a: Blaziken|88/100|[from] Stealth Rock
|turn|8
|
|t:|1757870270
|switch|p2a: Scrafty|Scrafty, M|100/100
|-damage|p2a: Scrafty|94/100|[from] Stealth Rock
|-ability|p2a: Scrafty|Intimidate|boost
|-unboost|p1a: Blaziken|atk|1
|move|p1a: Blaziken|Swords Dance|p1a: Blaziken
|-boost|p1a: Blaziken|atk|2
|
|-ability|p1a: Blaziken|Speed Boost|boost
|-boost|p1a: Blaziken|spe|1
|upkeep
|turn|9
|
|t:|1757870291
|switch|p2a: Sinistcha|Sinistcha|100/100
|-damage|p2a: Sinistcha|88/100|[from] Stealth Rock
|move|p1a: Blaziken|Close Combat|p2a: Sinistcha
|-immune|p2a: Sinistcha
|
|-heal|p2a: Sinistcha|94/100|[from] item: Leftovers
|-ability|p1a: Blaziken|Speed Boost|boost
|-boost|p1a: Blaziken|spe|1
|upkeep
|turn|10
|
|t:|1757870303
|-terastallize|p2a: Sinistcha|Poison
|move|p1a: Blaziken|Fire Punch|p2a: Sinistcha
|-damage|p2a: Sinistcha|64/100
|-damage|p1a: Blaziken|78/100|[from] item: Life Orb
|move|p2a: Sinistcha|Strength Sap|p1a: Blaziken
|-unboost|p1a: Blaziken|atk|1
|-heal|p2a: Sinistcha|100/100
|
|-ability|p1a: Blaziken|Speed Boost|boost
|-boost|p1a: Blaziken|spe|1
|upkeep
|turn|11
|
|t:|1757870316
|move|p1a: Blaziken|Swords Dance|p1a: Blaziken
|-boost|p1a: Blaziken|atk|2
|move|p2a: Sinistcha|Shadow Ball|p1a: Blaziken
|-damage|p1a: Blaziken|16/100
|
|-ability|p1a: Blaziken|Speed Boost|boost
|-boost|p1a: Blaziken|spe|1
|upkeep
|turn|12
|
|t:|1757870323
|move|p1a: Blaziken|Fire Punch|p2a: Sinistcha
|-damage|p2a: Sinistcha|56/100
|-damage|p1a: Blaziken|6/100|[from] item: Life Orb
|move|p2a: Sinistcha|Strength Sap|p1a: Blaziken
|-unboost|p1a: Blaziken|atk|1
|-heal|p2a: Sinistcha|100/100
|
|-ability|p1a: Blaziken|Speed Boost|boost
|-boost|p1a: Blaziken|spe|1
|upkeep
|turn|13
|
|t:|1757870342
|move|p1a: Blaziken|Fire Punch|p2a: Sinistcha
|-damage|p2a: Sinistcha|69/100
|-status|p2a: Sinistcha|brn
|-damage|p1a: Blaziken|0 fnt|[from] item: Life Orb
|faint|p1a: Blaziken
|move|p2a: Sinistcha|Calm Mind|p2a: Sinistcha
|-boost|p2a: Sinistcha|spa|1
|-boost|p2a: Sinistcha|spd|1
|
|-heal|p2a: Sinistcha|75/100 brn|[from] item: Leftovers
|-damage|p2a: Sinistcha|72/100 brn|[from] brn
|upkeep
|
|t:|1757870355
|switch|p1a: Kingambit|Kingambit, F|100/100
|-damage|p1a: Kingambit|94/100|[from] Stealth Rock
|-activate|p1a: Kingambit|ability: Supreme Overlord
|-start|p1a: Kingambit|fallen2|[silent]
|turn|14
|
|t:|1757870361
|move|p2a: Sinistcha|Strength Sap|p1a: Kingambit
|-unboost|p1a: Kingambit|atk|1
|-heal|p2a: Sinistcha|100/100 brn
|move|p1a: Kingambit|Swords Dance|p1a: Kingambit
|-boost|p1a: Kingambit|atk|2
|
|-damage|p2a: Sinistcha|98/100 brn|[from] brn
|upkeep
|turn|15
|
|t:|1757870368
|switch|p2a: Scrafty|Scrafty, M|94/100
|-damage|p2a: Scrafty|88/100|[from] Stealth Rock
|-ability|p2a: Scrafty|Intimidate|boost
|-unboost|p1a: Kingambit|atk|1
|move|p1a: Kingambit|Swords Dance|p1a: Kingambit
|-boost|p1a: Kingambit|atk|2
|
|upkeep
|turn|16
|
|t:|1757870375
|move|p2a: Scrafty|Drain Punch|p1a: Kingambit
|-supereffective|p1a: Kingambit
|-damage|p1a: Kingambit|5/100
|-heal|p2a: Scrafty|100/100|[from] drain|[of] p1a: Kingambit
|move|p1a: Kingambit|Iron Head|p2a: Scrafty
|-damage|p2a: Scrafty|0 fnt
|-damage|p1a: Kingambit|0 fnt|[from] item: Rocky Helmet|[of] p2a: Scrafty
|faint|p2a: Scrafty
|faint|p1a: Kingambit
|-end|p1a: Kingambit|fallen2|[silent]
|
|upkeep
|
|t:|1757870399
|switch|p2a: Kleavor|Kleavor, M|100/100
|switch|p1a: Dragapult|Dragapult, F|5/100
|-damage|p1a: Dragapult|0 fnt|[from] Stealth Rock
|faint|p1a: Dragapult
|
|t:|1757870407
|switch|p1a: Dragonite|Dragonite, M|100/100
|turn|17
|
|t:|1757870418
|move|p1a: Dragonite|Dragon Dance|p1a: Dragonite
|-boost|p1a: Dragonite|atk|1
|-boost|p1a: Dragonite|spe|1
|move|p2a: Kleavor|Stone Axe|p1a: Dragonite
|-supereffective|p1a: Dragonite
|-damage|p1a: Dragonite|47/100
|
|upkeep
|turn|18
|
|t:|1757870427
|-terastallize|p1a: Dragonite|Normal
|move|p1a: Dragonite|Earthquake|p2a: Kleavor
|-damage|p2a: Kleavor|45/100
|move|p2a: Kleavor|Stone Axe|p1a: Dragonite
|-damage|p1a: Dragonite|0 fnt
|faint|p1a: Dragonite
|
|upkeep
|
|t:|1757870434
|switch|p1a: Serperior|Serperior, F|100/100
|-damage|p1a: Serperior|88/100|[from] Stealth Rock
|turn|19
|
|t:|1757870438
|move|p1a: Serperior|Leaf Storm|p2a: Kleavor
|-damage|p2a: Kleavor|0 fnt
|-boost|p1a: Serperior|spa|2
|faint|p2a: Kleavor
|
|-heal|p1a: Serperior|94/100|[from] item: Leftovers
|upkeep
|
|t:|1757870445
|switch|p2a: Heatran|Heatran, M|62/100
|turn|20
|
|t:|1757870452
|move|p1a: Serperior|Glare|p2a: Heatran
|-status|p2a: Heatran|par
|cant|p2a: Heatran|par
|
|-heal|p1a: Serperior|100/100|[from] item: Leftovers
|upkeep
|turn|21
|
|t:|1757870457
|move|p1a: Serperior|Substitute|p1a: Serperior
|-start|p1a: Serperior|Substitute
|-damage|p1a: Serperior|76/100
|move|p2a: Heatran|Flamethrower|p1a: Serperior
|-supereffective|p1a: Serperior
|-end|p1a: Serperior|Substitute
|
|-heal|p1a: Serperior|82/100|[from] item: Leftovers
|upkeep
|turn|22
|
|t:|1757870462
|move|p1a: Serperior|Substitute|p1a: Serperior
|-start|p1a: Serperior|Substitute
|-damage|p1a: Serperior|57/100
|move|p2a: Heatran|Flamethrower|p1a: Serperior
|-supereffective|p1a: Serperior
|-end|p1a: Serperior|Substitute
|
|-heal|p1a: Serperior|63/100|[from] item: Leftovers
|upkeep
|turn|23
|
|t:|1757870468
|move|p1a: Serperior|Substitute|p1a: Serperior
|-start|p1a: Serperior|Substitute
|-damage|p1a: Serperior|39/100
|move|p2a: Heatran|Flamethrower|p1a: Serperior
|-supereffective|p1a: Serperior
|-end|p1a: Serperior|Substitute
|
|-heal|p1a: Serperior|45/100|[from] item: Leftovers
|upkeep
|turn|24
|
|t:|1757870473
|move|p1a: Serperior|Substitute|p1a: Serperior
|-start|p1a: Serperior|Substitute
|-damage|p1a: Serperior|20/100
|move|p2a: Heatran|Flamethrower|p1a: Serperior
|-supereffective|p1a: Serperior
|-end|p1a: Serperior|Substitute
|
|-heal|p1a: Serperior|26/100|[from] item: Leftovers
|upkeep
|turn|25
|
|t:|1757870477
|move|p1a: Serperior|Leaf Storm|p2a: Heatran
|-resisted|p2a: Heatran
|-damage|p2a: Heatran|43/100 par
|-boost|p1a: Serperior|spa|2
|move|p2a: Heatran|Flamethrower|p1a: Serperior
|-supereffective|p1a: Serperior
|-damage|p1a: Serperior|0 fnt
|faint|p1a: Serperior
|
|win|tingsnstuff
|raw|klitauros's rating: 1315 &rarr; <strong>1298</strong><br />(-17 for losing)
|raw|tingsnstuff's rating: 1360 &rarr; <strong>1377</strong><br />(+17 for winning)
|l|☆klitauros
|player|p1|
|l|☆tingsnstuff
|player|p2|
