|j|☆Llsn
|j|☆15cleaner
|t:|1757926604
|gametype|singles
|player|p1|Llsn|170|1112
|player|p2|15cleaner|2|1101
|gen|9
|tier|[Gen 9] OU
|rated|
|rule|HP Percentage Mod: HP is shown in percentages
|rule|Endless Battle Clause: Forcing endless battles is banned
|rule|Species Clause: Limit one of each Pokémon
|rule|OHKO Clause: OHKO moves are banned
|rule|Evasion Items Clause: Evasion items are banned
|rule|Evasion Moves Clause: Evasion moves are banned
|rule|Evasion Abilities Clause: Evasion abilities are banned
|rule|Sleep Moves Clause: Sleep-inducing moves are banned
|clearpoke
|poke|p1|Gliscor, M|
|poke|p1|Dachsbun, M|
|poke|p1|Tatsugiri-Stretchy, M|
|poke|p1|Zebstrika, F|
|poke|p1|Azumarill, F|
|poke|p1|Zoroark-Hisui, F|
|poke|p2|Scizor, F|
|poke|p2|Lokix, M|
|poke|p2|Kleavor, F|
|poke|p2|Frosmoth, M|
|poke|p2|Illumise, F|
|poke|p2|Slither Wing|
|teampreview
|
|t:|1757926615
|teamsize|p1|6
|teamsize|p2|6
|start
|switch|p1a: Gliscor|Gliscor, M|100/100
|switch|p2a: Illumise|Illumise, F|100/100
|turn|1
|
|t:|1757926624
|move|p2a: Illumise|Light Screen|p2a: Illumise
|-sidestart|p2: 15cleaner|move: Light Screen
|move|p1a: Gliscor|Stealth Rock|p2a: Illumise
|-sidestart|p2: 15cleaner|move: Stealth Rock
|
|-status|p1a: Gliscor|tox|[from] item: Toxic Orb
|upkeep
|turn|2
|
|t:|1757926637
|move|p1a: Gliscor|Protect|p1a: Gliscor
|-singleturn|p1a: Gliscor|Protect
|move|p2a: Illumise|Encore|p1a: Gliscor
|-activate|p1a: Gliscor|move: Protect
|
|upkeep
|turn|3
|
|t:|1757926657
|switch|p1a: Zebstrika|Zebstrika, F|100/100
|switch|p2a: Lokix|Lokix, M|100/100
|-damage|p2a: Lokix|75/100|[from] Stealth Rock
|
|upkeep
|turn|4
|
|t:|1757926677
|switch|p1a: Gliscor|Gliscor, M|100/100 tox
|-terastallize|p2a: Lokix|Bug
|move|p2a: Lokix|First Impression|p1a: Gliscor
|-resisted|p1a: Gliscor
|-damage|p1a: Gliscor|28/100 tox
|-damage|p2a: Lokix|66/100|[from] item: Life Orb
|
|-heal|p1a: Gliscor|40/100 tox|[from] ability: Poison Heal
|upkeep
|turn|5
|
|t:|1757926701
|move|p2a: Lokix|Sucker Punch|p1a: Gliscor
|-damage|p1a: Gliscor|0 fnt
|faint|p1a: Gliscor
|-damage|p2a: Lokix|56/100|[from] item: Life Orb
|
|-sideend|p2: 15cleaner|move: Light Screen
|upkeep
|
|t:|1757926707
|switch|p1a: Zebstrika|Zebstrika, F|100/100
|turn|6
|
|t:|1757926720
|switch|p2a: Illumise|Illumise, F|100/100
|-damage|p2a: Illumise|76/100|[from] Stealth Rock
|move|p1a: Zebstrika|Overheat|p2a: Illumise
|-supereffective|p2a: Illumise
|-damage|p2a: Illumise|0 fnt
|-unboost|p1a: Zebstrika|spa|2
|faint|p2a: Illumise
|-damage|p1a: Zebstrika|91/100|[from] item: Life Orb
|
|upkeep
|
|t:|1757926730
|switch|p2a: Lokix|Lokix, M, tera:Bug|56/100
|-damage|p2a: Lokix|31/100|[from] Stealth Rock
|turn|7
|
|t:|1757926749
|-terastallize|p1a: Zebstrika|Flying
|move|p2a: Lokix|First Impression|p1a: Zebstrika
|-resisted|p1a: Zebstrika
|-damage|p1a: Zebstrika|0 fnt
|faint|p1a: Zebstrika
|-damage|p2a: Lokix|21/100|[from] item: Life Orb
|
|upkeep
|
|t:|1757926757
|switch|p1a: Azumarill|Azumarill, F|100/100
|turn|8
|
|t:|1757926764
|move|p1a: Azumarill|Shadow Sneak|p2a: Lokix
|-crit|p2a: Lokix
|-damage|p2a: Lokix|0 fnt
|faint|p2a: Lokix
|
|upkeep
|
|t:|1757926771
|switch|p2a: Scizor|Scizor, F|100/100
|-damage|p2a: Scizor|88/100|[from] Stealth Rock
|turn|9
|
|t:|1757926781
|move|p2a: Scizor|Bullet Punch|p1a: Azumarill
|-damage|p1a: Azumarill|23/100
|replace|p1a: Zoroark|Zoroark-Hisui, F
|-end|p1a: Zoroark|Illusion
|move|p1a: Zoroark|Shadow Ball|p2a: Scizor
|-damage|p2a: Scizor|25/100
|
|upkeep
|turn|10
|
|t:|1757926788
|move|p1a: Zoroark|Shadow Sneak|p2a: Scizor
|-damage|p2a: Scizor|9/100
|move|p2a: Scizor|Bullet Punch|p1a: Zoroark
|-damage|p1a: Zoroark|0 fnt
|faint|p1a: Zoroark
|
|upkeep
|
|t:|1757926794
|switch|p1a: Azumarill|Azumarill, F|100/100
|turn|11
|
|t:|1757926797
|move|p2a: Scizor|Bullet Punch|p1a: Azumarill
|-damage|p1a: Azumarill|64/100
|move|p1a: Azumarill|Aqua Jet|p2a: Scizor
|-damage|p2a: Scizor|0 fnt
|faint|p2a: Scizor
|
|upkeep
|
|t:|1757926813
|switch|p2a: Kleavor|Kleavor, F|100/100
|-damage|p2a: Kleavor|76/100|[from] Stealth Rock
|turn|12
|
|t:|1757926823
|move|p1a: Azumarill|Aqua Jet|p2a: Kleavor
|-supereffective|p2a: Kleavor
|-damage|p2a: Kleavor|43/100
|move|p2a: Kleavor|Stone Axe|p1a: Azumarill
|-damage|p1a: Azumarill|7/100
|-sidestart|p1: Llsn|move: Stealth Rock
|-enditem|p1a: Azumarill|Sitrus Berry|[eat]
|-heal|p1a: Azumarill|32/100|[from] item: Sitrus Berry
|
|upkeep
|turn|13
|
|t:|1757926831
|move|p2a: Kleavor|Stone Axe|p1a: Azumarill
|-damage|p1a: Azumarill|0 fnt
|faint|p1a: Azumarill
|
|upkeep
|
|t:|1757926840
|switch|p1a: Tatsugiri|Tatsugiri-Stretchy, M|100/100
|-damage|p1a: Tatsugiri|88/100|[from] Stealth Rock
|turn|14
|
|t:|1757926847
|move|p2a: Kleavor|Stone Axe|p1a: Tatsugiri|[miss]
|-miss|p2a: Kleavor|p1a: Tatsugiri
|move|p1a: Tatsugiri|Surf|p2a: Kleavor
|-supereffective|p2a: Kleavor
|-crit|p2a: Kleavor
|-damage|p2a: Kleavor|0 fnt
|faint|p2a: Kleavor
|
|upkeep
|
|t:|1757926859
|switch|p2a: Slither Wing|Slither Wing|100/100
|-damage|p2a: Slither Wing|88/100|[from] Stealth Rock
|-enditem|p2a: Slither Wing|Booster Energy
|-activate|p2a: Slither Wing|ability: Protosynthesis|[fromitem]
|-start|p2a: Slither Wing|protosynthesisatk
|turn|15
|
|t:|1757926866
|move|p2a: Slither Wing|First Impression|p1a: Tatsugiri
|-damage|p1a: Tatsugiri|0 fnt
|faint|p1a: Tatsugiri
|
|upkeep
|
|t:|1757926869
|switch|p1a: Dachsbun|Dachsbun, M|100/100
|-damage|p1a: Dachsbun|88/100|[from] Stealth Rock
|turn|16
|
|t:|1757926879
|move|p2a: Slither Wing|Leech Life|p1a: Dachsbun
|-resisted|p1a: Dachsbun
|-damage|p1a: Dachsbun|66/100
|-heal|p2a: Slither Wing|99/100|[from] drain|[of] p1a: Dachsbun
|move|p1a: Dachsbun|Psychic Fangs|p2a: Slither Wing
|-supereffective|p2a: Slither Wing
|-damage|p2a: Slither Wing|57/100
|
|-heal|p1a: Dachsbun|72/100|[from] item: Leftovers
|upkeep
|turn|17
|
|t:|1757926888
|move|p2a: Slither Wing|Leech Life|p1a: Dachsbun
|-resisted|p1a: Dachsbun
|-damage|p1a: Dachsbun|50/100
|-heal|p2a: Slither Wing|67/100|[from] drain|[of] p1a: Dachsbun
|move|p1a: Dachsbun|Wish|p1a: Dachsbun
|
|-heal|p1a: Dachsbun|56/100|[from] item: Leftovers
|upkeep
|turn|18
|
|t:|1757926897
|move|p2a: Slither Wing|Leech Life|p1a: Dachsbun
|-resisted|p1a: Dachsbun
|-damage|p1a: Dachsbun|34/100
|-heal|p2a: Slither Wing|79/100|[from] drain|[of] p1a: Dachsbun
|move|p1a: Dachsbun|Psychic Fangs|p2a: Slither Wing
|-supereffective|p2a: Slither Wing
|-damage|p2a: Slither Wing|37/100
|
|-heal|p1a: Dachsbun|84/100|[from] move: Wish|[wisher] Dachsbun
|-heal|p1a: Dachsbun|90/100|[from] item: Leftovers
|upkeep
|turn|19
|
|t:|1757926907
|move|p2a: Slither Wing|Close Combat|p1a: Dachsbun
|-resisted|p1a: Dachsbun
|-damage|p1a: Dachsbun|58/100
|-unboost|p2a: Slither Wing|def|1
|-unboost|p2a: Slither Wing|spd|1
|move|p1a: Dachsbun|Wish|p1a: Dachsbun
|
|-heal|p1a: Dachsbun|64/100|[from] item: Leftovers
|upkeep
|turn|20
|
|t:|1757926914
|move|p2a: Slither Wing|Close Combat|p1a: Dachsbun
|-resisted|p1a: Dachsbun
|-damage|p1a: Dachsbun|31/100
|-unboost|p2a: Slither Wing|def|1
|-unboost|p2a: Slither Wing|spd|1
|move|p1a: Dachsbun|Psychic Fangs|p2a: Slither Wing
|-supereffective|p2a: Slither Wing
|-damage|p2a: Slither Wing|0 fnt
|faint|p2a: Slither Wing
|-end|p2a: Slither Wing|Protosynthesis|[silent]
|
|-heal|p1a: Dachsbun|81/100|[from] move: Wish|[wisher] Dachsbun
|-heal|p1a: Dachsbun|87/100|[from] item: Leftovers
|upkeep
|
|t:|1757926926
|switch|p2a: Frosmoth|Frosmoth, M|100/100
|turn|21
|
|t:|1757926943
|move|p2a: Frosmoth|Ice Beam|p1a: Dachsbun
|-damage|p1a: Dachsbun|27/100
|-status|p1a: Dachsbun|frz
|-curestatus|p1a: Dachsbun|frz|[msg]
|move|p1a: Dachsbun|Body Press|p2a: Frosmoth
|-damage|p2a: Frosmoth|53/100
|
|-heal|p1a: Dachsbun|33/100|[from] item: Leftovers
|upkeep
|turn|22
|
|t:|1757926952
|move|p1a: Dachsbun|Protect|p1a: Dachsbun
|-singleturn|p1a: Dachsbun|Protect
|move|p2a: Frosmoth|Ice Beam|p1a: Dachsbun
|-activate|p1a: Dachsbun|move: Protect
|
|-heal|p1a: Dachsbun|39/100|[from] item: Leftovers
|upkeep
|turn|23
|
|t:|1757926959
|move|p2a: Frosmoth|Ice Beam|p1a: Dachsbun
|-crit|p1a: Dachsbun
|-damage|p1a: Dachsbun|0 fnt
|faint|p1a: Dachsbun
|
|win|15cleaner
|raw|Llsn's rating: 1112 &rarr; <strong>1086</strong><br />(-26 for losing)
|raw|15cleaner's rating: 1101 &rarr; <strong>1127</strong><br />(+26 for winning)
|l|☆Llsn
|player|p1|
