|j|☆shmangoes
|j|☆M3yson*ZdS
|t:|1757953500
|gametype|singles
|player|p1|shmangoes|n|1107
|player|p2|M3yson*ZdS|102|1070
|gen|9
|tier|[Gen 9] OU
|rated|
|rule|HP Percentage Mod: HP is shown in percentages
|rule|Endless Battle Clause: Forcing endless battles is banned
|rule|Species Clause: Limit one of each Pokémon
|rule|OHKO Clause: OHKO moves are banned
|rule|Evasion Items Clause: Evasion items are banned
|rule|Evasion Moves Clause: Evasion moves are banned
|rule|Evasion Abilities Clause: Evasion abilities are banned
|rule|Sleep Moves Clause: Sleep-inducing moves are banned
|clearpoke
|poke|p1|Regigigas|
|poke|p1|Lokix, F|
|poke|p1|Darkrai|
|poke|p1|Kingambit, F|
|poke|p1|Landorus-Therian, M|
|poke|p1|Chandelure, M|
|poke|p2|Garchomp, M|
|poke|p2|Glimmora, F|
|poke|p2|Dragapult, M|
|poke|p2|Hydreigon, F|
|poke|p2|Excadrill, M|
|poke|p2|Chandelure, F|
|teampreview
|
|t:|1757953507
|teamsize|p1|6
|teamsize|p2|6
|start
|switch|p1a: Regigigas|Regigigas|100/100
|switch|p2a: Tortitas|Garchomp, M, shiny|100/100
|-start|p1a: Regigigas|ability: Slow Start
|turn|1
|
|t:|1757953516
|move|p1a: Regigigas|Protect|p1a: Regigigas
|-singleturn|p1a: Regigigas|Protect
|move|p2a: Tortitas|Stealth Rock|p1a: Regigigas
|-sidestart|p1: shmangoes|move: Stealth Rock
|
|upkeep
|turn|2
|
|t:|1757953526
|switch|p2a: Dragapult|Dragapult, M, shiny|100/100
|move|p1a: Regigigas|Substitute|p1a: Regigigas
|-start|p1a: Regigigas|Substitute
|-damage|p1a: Regigigas|76/100
|
|-heal|p1a: Regigigas|82/100|[from] item: Leftovers
|upkeep
|turn|3
|
|t:|1757953537
|move|p2a: Dragapult|U-turn|p1a: Regigigas
|-damage|p1a: Regigigas|69/100
|
|t:|1757953543
|switch|p2a: Glimmora|Glimmora, F, shiny|100/100|[from] U-turn
|move|p1a: Regigigas|Knock Off|p2a: Glimmora
|-damage|p2a: Glimmora|79/100
|-activate|p2a: Glimmora|ability: Toxic Debris
|-sidestart|p1: shmangoes|move: Toxic Spikes
|-enditem|p2a: Glimmora|Focus Sash|[from] move: Knock Off|[of] p1a: Regigigas
|
|-heal|p1a: Regigigas|75/100|[from] item: Leftovers
|upkeep
|turn|4
|
|t:|1757953558
|move|p2a: Glimmora|Mortal Spin|p1a: Regigigas
|-activate|p1a: Regigigas|move: Substitute|[damage]
|move|p1a: Regigigas|Thunder Wave|p2a: Glimmora
|-status|p2a: Glimmora|par
|
|-heal|p1a: Regigigas|82/100|[from] item: Leftovers
|upkeep
|turn|5
|
|t:|1757953572
|switch|p2a: Chandelure|Chandelure, F, shiny|100/100
|move|p1a: Regigigas|Protect||[still]
|-fail|p1a: Regigigas
|
|-heal|p1a: Regigigas|88/100|[from] item: Leftovers
|-end|p1a: Regigigas|Slow Start
|upkeep
|turn|6
|
|t:|1757953584
|move|p2a: Chandelure|Flamethrower|p1a: Regigigas
|-end|p1a: Regigigas|Substitute
|move|p1a: Regigigas|Knock Off|p2a: Chandelure
|-supereffective|p2a: Chandelure
|-damage|p2a: Chandelure|0 fnt
|-enditem|p2a: Chandelure|Choice Specs|[from] move: Knock Off|[of] p1a: Regigigas
|faint|p2a: Chandelure
|
|-heal|p1a: Regigigas|94/100|[from] item: Leftovers
|upkeep
|
|t:|1757953594
|switch|p2a: Dragapult|Dragapult, M, shiny|100/100
|turn|7
|
|t:|1757953617
|move|p1a: Regigigas|Protect|p1a: Regigigas
|-singleturn|p1a: Regigigas|Protect
|move|p2a: Dragapult|Draco Meteor|p1a: Regigigas
|-activate|p1a: Regigigas|move: Protect
|
|-heal|p1a: Regigigas|99/100|[from] item: Leftovers
|upkeep
|turn|8
|
|t:|1757953631
|switch|p2a: Hydreigon|Hydreigon, F|100/100
|move|p1a: Regigigas|Knock Off|p2a: Hydreigon
|-resisted|p2a: Hydreigon
|-damage|p2a: Hydreigon|81/100
|-enditem|p2a: Hydreigon|Choice Specs|[from] move: Knock Off|[of] p1a: Regigigas
|
|-heal|p1a: Regigigas|100/100|[from] item: Leftovers
|upkeep
|turn|9
|
|t:|1757953645
|move|p1a: Regigigas|Protect|p1a: Regigigas
|-singleturn|p1a: Regigigas|Protect
|move|p2a: Hydreigon|U-turn|p1a: Regigigas
|-activate|p1a: Regigigas|move: Protect
|
|upkeep
|turn|10
|
|t:|1757953657
|switch|p2a: Glimmora|Glimmora, F, shiny|79/100 par
|move|p1a: Regigigas|Knock Off|p2a: Glimmora
|-damage|p2a: Glimmora|50/100 par
|-activate|p2a: Glimmora|ability: Toxic Debris
|-sidestart|p1: shmangoes|move: Toxic Spikes
|
|upkeep
|turn|11
|
|t:|1757953671
|move|p1a: Regigigas|Knock Off|p2a: Glimmora
|-damage|p2a: Glimmora|20/100 par
|move|p2a: Glimmora|Toxic Spikes||[still]
|-fail|p2a: Glimmora
|
|upkeep
|turn|12
|
|t:|1757953682
|move|p1a: Regigigas|Knock Off|p2a: Glimmora
|-damage|p2a: Glimmora|0 fnt
|faint|p2a: Glimmora
|
|upkeep
|
|t:|1757953686
|switch|p2a: Excadrill|Excadrill, M, shiny|100/100
|-ability|p2a: Excadrill|Mold Breaker
|turn|13
|
|t:|1757953699
|move|p2a: Excadrill|Earthquake|p1a: Regigigas
|-damage|p1a: Regigigas|62/100
|move|p1a: Regigigas|Knock Off|p2a: Excadrill
|-damage|p2a: Excadrill|51/100
|-enditem|p2a: Excadrill|Focus Sash|[from] move: Knock Off|[of] p1a: Regigigas
|
|-heal|p1a: Regigigas|68/100|[from] item: Leftovers
|upkeep
|turn|14
|
|t:|1757953711
|move|p2a: Excadrill|Iron Head|p1a: Regigigas
|-damage|p1a: Regigigas|38/100
|move|p1a: Regigigas|Knock Off|p2a: Excadrill
|-damage|p2a: Excadrill|20/100
|
|-heal|p1a: Regigigas|44/100|[from] item: Leftovers
|upkeep
|turn|15
|
|t:|1757953719
|move|p2a: Excadrill|Iron Head|p1a: Regigigas
|-damage|p1a: Regigigas|11/100
|move|p1a: Regigigas|Knock Off|p2a: Excadrill
|-damage|p2a: Excadrill|0 fnt
|faint|p2a: Excadrill
|
|-heal|p1a: Regigigas|17/100|[from] item: Leftovers
|upkeep
|
|t:|1757953727
|switch|p2a: Dragapult|Dragapult, M, shiny|100/100
|turn|16
|
|t:|1757953738
|move|p1a: Regigigas|Protect|p1a: Regigigas
|-singleturn|p1a: Regigigas|Protect
|move|p2a: Dragapult|Shadow Ball|p1a: Regigigas
|-activate|p1a: Regigigas|move: Protect
|
|-heal|p1a: Regigigas|23/100|[from] item: Leftovers
|upkeep
|turn|17
|
|t:|1757953749
|move|p2a: Dragapult|Shadow Ball|p1a: Regigigas
|-immune|p1a: Regigigas
|move|p1a: Regigigas|Knock Off|p2a: Dragapult
|-supereffective|p2a: Dragapult
|-damage|p2a: Dragapult|15/100
|-enditem|p2a: Dragapult|Choice Specs|[from] move: Knock Off|[of] p1a: Regigigas
|
|-heal|p1a: Regigigas|29/100|[from] item: Leftovers
|upkeep
|turn|18
|c|☆shmangoes|huh
|
|t:|1757953759
|move|p1a: Regigigas|Protect|p1a: Regigigas
|-singleturn|p1a: Regigigas|Protect
|move|p2a: Dragapult|Shadow Ball|p1a: Regigigas
|-activate|p1a: Regigigas|move: Protect
|
|-heal|p1a: Regigigas|35/100|[from] item: Leftovers
|upkeep
|turn|19
|
|t:|1757953768
|move|p2a: Dragapult|Flamethrower|p1a: Regigigas
|-damage|p1a: Regigigas|22/100
|move|p1a: Regigigas|Knock Off|p2a: Dragapult
|-supereffective|p2a: Dragapult
|-damage|p2a: Dragapult|0 fnt
|faint|p2a: Dragapult
|
|-heal|p1a: Regigigas|28/100|[from] item: Leftovers
|upkeep
|
|t:|1757953777
|switch|p2a: Tortitas|Garchomp, M, shiny|100/100
|turn|20
|
|t:|1757953787
|-terastallize|p2a: Tortitas|Dragon
|move|p1a: Regigigas|Protect|p1a: Regigigas
|-singleturn|p1a: Regigigas|Protect
|move|p2a: Tortitas|Earthquake|p1a: Regigigas
|-activate|p1a: Regigigas|move: Protect
|
|-heal|p1a: Regigigas|34/100|[from] item: Leftovers
|upkeep
|turn|21
|
|t:|1757953799
|move|p1a: Regigigas|Knock Off|p2a: Tortitas
|-damage|p2a: Tortitas|78/100
|-damage|p1a: Regigigas|22/100|[from] ability: Rough Skin|[of] p2a: Tortitas
|-damage|p1a: Regigigas|5/100|[from] item: Rocky Helmet|[of] p2a: Tortitas
|-enditem|p2a: Tortitas|Rocky Helmet|[from] move: Knock Off|[of] p1a: Regigigas
|move|p2a: Tortitas|Dragon Tail|p1a: Regigigas
|-damage|p1a: Regigigas|0 fnt
|faint|p1a: Regigigas
|
|upkeep
|
|t:|1757953810
|switch|p1a: Landorus|Landorus-Therian, M|100/100
|-damage|p1a: Landorus|88/100|[from] Stealth Rock
|-ability|p1a: Landorus|Intimidate|boost
|-unboost|p2a: Tortitas|atk|1
|turn|22
|
|t:|1757953821
|move|p1a: Landorus|Earthquake|p2a: Tortitas
|-damage|p2a: Tortitas|32/100
|-damage|p1a: Landorus|79/100|[from] item: Life Orb
|move|p2a: Tortitas|Earthquake|p1a: Landorus
|-immune|p1a: Landorus
|
|upkeep
|turn|23
|
|t:|1757953829
|move|p1a: Landorus|Earthquake|p2a: Tortitas
|-damage|p2a: Tortitas|0 fnt
|faint|p2a: Tortitas
|-damage|p1a: Landorus|69/100|[from] item: Life Orb
|
|upkeep
|
|t:|1757953834
|switch|p2a: Hydreigon|Hydreigon, F|81/100
|turn|24
|
|t:|1757953878
|move|p2a: Hydreigon|Draco Meteor|p1a: Landorus
|-damage|p1a: Landorus|0 fnt
|-unboost|p2a: Hydreigon|spa|2
|faint|p1a: Landorus
|
|upkeep
|
|t:|1757953888
|switch|p1a: Lokix|Lokix, F|100/100
|-damage|p1a: Lokix|76/100|[from] Stealth Rock
|-status|p1a: Lokix|tox
|turn|25
|
|t:|1757953903
|move|p1a: Lokix|First Impression|p2a: Hydreigon
|-supereffective|p2a: Hydreigon
|-damage|p2a: Hydreigon|0 fnt
|faint|p2a: Hydreigon
|-damage|p1a: Lokix|66/100 tox|[from] item: Life Orb
|
|win|shmangoes
|raw|shmangoes's rating: 1107 &rarr; <strong>1129</strong><br />(+22 for winning)
|raw|M3yson*ZdS's rating: 1070 &rarr; <strong>1052</strong><br />(-18 for losing)
|c|☆shmangoes|damn
|l|☆M3yson*ZdS
|player|p2|
