|j|☆WWKKing
|j|☆vitos86
|t:|1757917828
|gametype|singles
|player|p1|WWKKing|red|1053
|player|p2|vitos86|biker|1057
|gen|9
|tier|[Gen 9] OU
|rated|
|rule|HP Percentage Mod: HP is shown in percentages
|rule|Endless Battle Clause: Forcing endless battles is banned
|rule|Species Clause: Limit one of each Pokémon
|rule|OHKO Clause: OHKO moves are banned
|rule|Evasion Items Clause: Evasion items are banned
|rule|Evasion Moves Clause: Evasion moves are banned
|rule|Evasion Abilities Clause: Evasion abilities are banned
|rule|Sleep Moves Clause: Sleep-inducing moves are banned
|clearpoke
|poke|p1|Scizor, M|
|poke|p1|Dragapult, M|
|poke|p1|Iron Valiant|
|poke|p1|Ceruledge, M|
|poke|p1|Dragonite, F|
|poke|p1|Dondozo, M|
|poke|p2|Mightyena, M|
|poke|p2|Jolteon, M|
|poke|p2|Moltres|
|poke|p2|Weavile, M|
|poke|p2|Meganium, M|
|poke|p2|Blastoise, M|
|teampreview
|
|t:|1757917849
|teamsize|p1|6
|teamsize|p2|6
|start
|switch|p1a: Iron Valiant|Iron Valiant, shiny|100/100
|switch|p2a: Meganium|Meganium, M|100/100
|-enditem|p1a: Iron Valiant|Booster Energy
|-activate|p1a: Iron Valiant|ability: Quark Drive|[fromitem]
|-start|p1a: Iron Valiant|quarkdrivespe
|turn|1
|inactive|Battle timer is ON: inactive players will automatically lose when time's up. (requested by vitos86)
|
|t:|1757917859
|move|p1a: Iron Valiant|Moonblast|p2a: Meganium
|-damage|p2a: Meganium|64/100
|move|p2a: Meganium|Leech Seed|p1a: Iron Valiant|[miss]
|-miss|p2a: Meganium|p1a: Iron Valiant
|
|upkeep
|turn|2
|
|t:|1757917869
|-end|p1a: Iron Valiant|Quark Drive|[silent]
|switch|p1a: Scizor|Scizor, M|100/100
|move|p2a: Meganium|Leech Seed|p1a: Scizor
|-start|p1a: Scizor|move: Leech Seed
|
|-damage|p1a: Scizor|88/100|[from] Leech Seed|[of] p2a: Meganium
|-heal|p2a: Meganium|75/100|[silent]
|upkeep
|turn|3
|
|t:|1757917879
|move|p2a: Meganium|Synthesis|p2a: Meganium
|-heal|p2a: Meganium|100/100
|move|p1a: Scizor|Knock Off|p2a: Meganium
|-damage|p2a: Meganium|70/100
|-damage|p1a: Scizor|71/100|[from] item: Rocky Helmet|[of] p2a: Meganium
|-enditem|p2a: Meganium|Rocky Helmet|[from] move: Knock Off|[of] p1a: Scizor
|
|-heal|p1a: Scizor|77/100|[from] item: Leftovers
|-damage|p1a: Scizor|65/100|[from] Leech Seed|[of] p2a: Meganium
|-heal|p2a: Meganium|81/100|[silent]
|upkeep
|turn|4
|
|t:|1757917891
|move|p2a: Meganium|Synthesis|p2a: Meganium
|-heal|p2a: Meganium|100/100
|move|p1a: Scizor|Dual Wingbeat|p2a: Meganium
|-supereffective|p2a: Meganium
|-damage|p2a: Meganium|60/100
|-supereffective|p2a: Meganium
|-damage|p2a: Meganium|22/100
|-hitcount|p2a: Meganium|2
|
|-heal|p1a: Scizor|71/100|[from] item: Leftovers
|-damage|p1a: Scizor|59/100|[from] Leech Seed|[of] p2a: Meganium
|-heal|p2a: Meganium|33/100|[silent]
|upkeep
|turn|5
|
|t:|1757917904
|move|p1a: Scizor|Bullet Punch|p2a: Meganium
|-crit|p2a: Meganium
|-damage|p2a: Meganium|0 fnt
|faint|p2a: Meganium
|
|-heal|p1a: Scizor|65/100|[from] item: Leftovers
|upkeep
|
|t:|1757917911
|switch|p2a: Moltres|Moltres|100/100
|turn|6
|
|t:|1757917924
|switch|p1a: Dragonite|Dragonite, F|100/100
|move|p2a: Moltres|Will-O-Wisp|p1a: Dragonite|[miss]
|-miss|p2a: Moltres|p1a: Dragonite
|
|upkeep
|turn|7
|
|t:|1757917943
|move|p1a: Dragonite|Dragon Claw|p2a: Moltres
|-damage|p2a: Moltres|57/100
|move|p2a: Moltres|Will-O-Wisp|p1a: Dragonite
|-status|p1a: Dragonite|brn
|
|-heal|p2a: Moltres|63/100|[from] item: Leftovers
|-damage|p1a: Dragonite|94/100 brn|[from] brn
|upkeep
|turn|8
|l|☆WWKKing
|inactive|WWKKing disconnected and has a minute to reconnect!
|player|p1|
|inactive|WWKKing has 30 seconds to reconnect!
|inactive|WWKKing has 20 seconds to reconnect!
|inactive|WWKKing has 15 seconds to reconnect!
|inactive|WWKKing has 10 seconds to reconnect!
|inactive|WWKKing has 5 seconds to reconnect!
|-message|WWKKing lost due to inactivity.
|
|win|vitos86
|raw|WWKKing's rating: 1053 &rarr; <strong>1035</strong><br />(-18 for losing)
|raw|vitos86's rating: 1057 &rarr; <strong>1088</strong><br />(+31 for winning)
|l|☆vitos86
|player|p2|
