|j|☆puissance du feu
|j|☆tomato spicies
|inactive|Battle timer is ON: inactive players will automatically lose when time's up.
|t:|1757922493
|gametype|singles
|player|p1|puissance du feu|teamrocket|
|player|p2|tomato spicies|102|
|gen|9
|tier|[Gen 9] OU
|rated|Tournament battle
|rule|HP Percentage Mod: HP is shown in percentages
|rule|Endless Battle Clause: Forcing endless battles is banned
|rule|Species Clause: Limit one of each Pokémon
|rule|OHKO Clause: OHKO moves are banned
|rule|Evasion Items Clause: Evasion items are banned
|rule|Evasion Moves Clause: Evasion moves are banned
|rule|Evasion Abilities Clause: Evasion abilities are banned
|rule|Sleep Moves Clause: Sleep-inducing moves are banned
|clearpoke
|poke|p1|Torkoal, F|
|poke|p1|Great Tusk|
|poke|p1|Slither Wing|
|poke|p1|Venusaur, M|
|poke|p1|Walking Wake|
|poke|p1|Ceruledge, F|
|poke|p2|Darkrai|
|poke|p2|Kingambit, F|
|poke|p2|Samurott-Hisui, M|
|poke|p2|Great Tusk|
|poke|p2|Ogerpon-Wellspring, F|
|poke|p2|Gholdengo|
|teampreview
|j|*Lady Monita ☀
|j| BB-8-NU
|inactive|puissance du feu also wants the timer to be on.
|j| jeff j jefferson
|j| drop 6 nukers
|j| Etjx
|
|t:|1757922517
|teamsize|p1|6
|teamsize|p2|6
|start
|switch|p1a: Enculoin|Torkoal, F|100/100
|switch|p2a: Samurott|Samurott-Hisui, M|100/100
|-weather|SunnyDay|[from] ability: Drought|[of] p1a: Enculoin
|turn|1
|
|t:|1757922530
|move|p2a: Samurott|Ceaseless Edge|p1a: Enculoin
|-damage|p1a: Enculoin|58/100
|-sidestart|p1: puissance du feu|Spikes
|move|p1a: Enculoin|Rapid Spin|p2a: Samurott
|-damage|p2a: Samurott|88/100
|-boost|p1a: Enculoin|spe|1
|-sideend|p1: puissance du feu|Spikes|[from] move: Rapid Spin|[of] p1a: Enculoin
|
|-weather|SunnyDay|[upkeep]
|upkeep
|turn|2
|
|t:|1757922536
|switch|p1a: Fesse|Slither Wing|100/100
|-activate|p1a: Fesse|ability: Protosynthesis
|-start|p1a: Fesse|protosynthesisatk
|move|p2a: Samurott|Aqua Cutter|p1a: Fesse
|-damage|p1a: Fesse|70/100
|
|-weather|SunnyDay|[upkeep]
|upkeep
|turn|3
|
|t:|1757922541
|switch|p2a: Gholdengo|Gholdengo|100/100
|move|p1a: Fesse|U-turn|p2a: Gholdengo
|-resisted|p2a: Gholdengo
|-crit|p2a: Gholdengo
|-damage|p2a: Gholdengo|82/100
|-damage|p1a: Fesse|54/100|[from] item: Rocky Helmet|[of] p2a: Gholdengo
|
|t:|1757922546
|-end|p1a: Fesse|Protosynthesis|[silent]
|switch|p1a: Salut|Walking Wake|100/100|[from] U-turn
|-activate|p1a: Salut|ability: Protosynthesis
|-start|p1a: Salut|protosynthesisspe
|
|-weather|SunnyDay|[upkeep]
|upkeep
|turn|4
|
|t:|1757922549
|switch|p2a: Ogerpon|Ogerpon-Wellspring, F|100/100
|move|p1a: Salut|Flamethrower|p2a: Ogerpon
|-damage|p2a: Ogerpon|17/100
|
|-weather|SunnyDay|[upkeep]
|upkeep
|turn|5
|
|t:|1757922555
|-end|p1a: Salut|Protosynthesis|[silent]
|switch|p1a: Fesse|Slither Wing|54/100
|-activate|p1a: Fesse|ability: Protosynthesis
|-start|p1a: Fesse|protosynthesisatk
|move|p2a: Ogerpon|Horn Leech|p1a: Fesse
|-resisted|p1a: Fesse
|-damage|p1a: Fesse|27/100
|-heal|p2a: Ogerpon|33/100|[from] drain|[of] p1a: Fesse
|
|-weather|SunnyDay|[upkeep]
|upkeep
|turn|6
|
|t:|1757922558
|switch|p2a: Gholdengo|Gholdengo|82/100
|move|p1a: Fesse|U-turn|p2a: Gholdengo
|-resisted|p2a: Gholdengo
|-damage|p2a: Gholdengo|71/100
|-damage|p1a: Fesse|11/100|[from] item: Rocky Helmet|[of] p2a: Gholdengo
|
|t:|1757922565
|-end|p1a: Fesse|Protosynthesis|[silent]
|switch|p1a: Salut|Walking Wake|100/100|[from] U-turn
|-activate|p1a: Salut|ability: Protosynthesis
|-start|p1a: Salut|protosynthesisspe
|
|-weather|SunnyDay|[upkeep]
|upkeep
|turn|7
|
|t:|1757922573
|switch|p2a: Ogerpon|Ogerpon-Wellspring, F|33/100
|move|p1a: Salut|Draco Meteor|p2a: Ogerpon
|-damage|p2a: Ogerpon|0 fnt
|-unboost|p1a: Salut|spa|2
|faint|p2a: Ogerpon
|
|-weather|SunnyDay|[upkeep]
|upkeep
|
|t:|1757922580
|switch|p2a: Samurott|Samurott-Hisui, M|88/100
|turn|8
|
|t:|1757922583
|-end|p1a: Salut|Protosynthesis|[silent]
|switch|p1a: Fesse|Slither Wing|11/100
|-activate|p1a: Fesse|ability: Protosynthesis
|-start|p1a: Fesse|protosynthesisatk
|move|p2a: Samurott|Ceaseless Edge|p1a: Fesse
|-resisted|p1a: Fesse
|-damage|p1a: Fesse|0 fnt
|-sidestart|p1: puissance du feu|Spikes
|faint|p1a: Fesse
|-end|p1a: Fesse|Protosynthesis|[silent]
|
|-weather|none
|upkeep
|
|t:|1757922586
|switch|p1a: Enculoin|Torkoal, F|58/100
|-damage|p1a: Enculoin|45/100|[from] Spikes
|-weather|SunnyDay|[from] ability: Drought|[of] p1a: Enculoin
|turn|9
|
|t:|1757922592
|switch|p1a: Ranete|Great Tusk|100/100
|-damage|p1a: Ranete|88/100|[from] Spikes
|-activate|p1a: Ranete|ability: Protosynthesis
|-start|p1a: Ranete|protosynthesisspe
|move|p2a: Samurott|Aqua Cutter|p1a: Ranete
|-supereffective|p1a: Ranete
|-damage|p1a: Ranete|53/100
|
|-weather|SunnyDay|[upkeep]
|-heal|p1a: Ranete|60/100|[from] item: Leftovers
|upkeep
|turn|10
|
|t:|1757922599
|move|p1a: Ranete|Bulk Up|p1a: Ranete
|-boost|p1a: Ranete|atk|1
|-boost|p1a: Ranete|def|1
|move|p2a: Samurott|Ceaseless Edge|p1a: Ranete
|-resisted|p1a: Ranete
|-damage|p1a: Ranete|49/100
|-sidestart|p1: puissance du feu|Spikes
|
|-weather|SunnyDay|[upkeep]
|-heal|p1a: Ranete|55/100|[from] item: Leftovers
|upkeep
|turn|11
|
|t:|1757922602
|move|p1a: Ranete|Rapid Spin|p2a: Samurott
|-damage|p2a: Samurott|61/100
|-boost|p1a: Ranete|spe|1
|-sideend|p1: puissance du feu|Spikes|[from] move: Rapid Spin|[of] p1a: Ranete
|move|p2a: Samurott|Aqua Cutter|p1a: Ranete
|-supereffective|p1a: Ranete
|-damage|p1a: Ranete|34/100
|
|-weather|SunnyDay|[upkeep]
|-heal|p1a: Ranete|40/100|[from] item: Leftovers
|upkeep
|turn|12
|
|t:|1757922606
|move|p1a: Ranete|Earthquake|p2a: Samurott
|-damage|p2a: Samurott|0 fnt
|faint|p2a: Samurott
|
|-weather|SunnyDay|[upkeep]
|-heal|p1a: Ranete|46/100|[from] item: Leftovers
|upkeep
|
|t:|1757922619
|switch|p2a: Great Tusk|Great Tusk|100/100
|-activate|p2a: Great Tusk|ability: Protosynthesis
|-start|p2a: Great Tusk|protosynthesisdef
|turn|13
|
|t:|1757922626
|-end|p1a: Ranete|Protosynthesis|[silent]
|switch|p1a: Salut|Walking Wake|100/100
|-activate|p1a: Salut|ability: Protosynthesis
|-start|p1a: Salut|protosynthesisspe
|move|p2a: Great Tusk|Headlong Rush|p1a: Salut
|-damage|p1a: Salut|48/100
|-unboost|p2a: Great Tusk|def|1
|-unboost|p2a: Great Tusk|spd|1
|
|-weather|SunnyDay|[upkeep]
|upkeep
|turn|14
|
|t:|1757922632
|move|p1a: Salut|Hydro Steam|p2a: Great Tusk
|-supereffective|p2a: Great Tusk
|-damage|p2a: Great Tusk|0 fnt
|faint|p2a: Great Tusk
|-end|p2a: Great Tusk|Protosynthesis|[silent]
|
|-weather|SunnyDay|[upkeep]
|upkeep
|
|t:|1757922636
|switch|p2a: Kingambit|Kingambit, F|100/100
|-activate|p2a: Kingambit|ability: Supreme Overlord
|-start|p2a: Kingambit|fallen3|[silent]
|turn|15
|
|t:|1757922638
|move|p2a: Kingambit|Sucker Punch|p1a: Salut
|-damage|p1a: Salut|0 fnt
|faint|p1a: Salut
|-end|p1a: Salut|Protosynthesis|[silent]
|
|-weather|SunnyDay|[upkeep]
|upkeep
|
|t:|1757922644
|switch|p1a: Ayako|Venusaur, M|100/100
|turn|16
|
|t:|1757922650
|move|p2a: Kingambit|Sucker Punch|p1a: Ayako
|-damage|p1a: Ayako|32/100
|move|p1a: Ayako|Weather Ball|p2a: Kingambit
|-supereffective|p2a: Kingambit
|-damage|p2a: Kingambit|0 fnt
|faint|p2a: Kingambit
|-end|p2a: Kingambit|fallen3|[silent]
|-damage|p1a: Ayako|22/100|[from] item: Life Orb
|
|-weather|none
|upkeep
|
|t:|1757922661
|switch|p2a: Darkrai|Darkrai|100/100
|turn|17
|
|t:|1757922666
|switch|p1a: Enculoin|Torkoal, F|45/100
|-weather|SunnyDay|[from] ability: Drought|[of] p1a: Enculoin
|move|p2a: Darkrai|Dark Pulse|p1a: Enculoin
|-damage|p1a: Enculoin|0 fnt
|faint|p1a: Enculoin
|
|-weather|SunnyDay|[upkeep]
|upkeep
|
|t:|1757922671
|switch|p1a: Ayako|Venusaur, M|22/100
|turn|18
|
|t:|1757922680
|switch|p2a: Gholdengo|Gholdengo|71/100
|move|p1a: Ayako|Weather Ball|p2a: Gholdengo
|-supereffective|p2a: Gholdengo
|-damage|p2a: Gholdengo|0 fnt
|faint|p2a: Gholdengo
|-damage|p1a: Ayako|13/100|[from] item: Life Orb
|
|-weather|SunnyDay|[upkeep]
|upkeep
|
|t:|1757922683
|switch|p2a: Darkrai|Darkrai|100/100
|turn|19
|
|t:|1757922697
|-terastallize|p2a: Darkrai|Poison
|move|p2a: Darkrai|Dark Pulse|p1a: Ayako
|-damage|p1a: Ayako|0 fnt
|faint|p1a: Ayako
|
|-weather|SunnyDay|[upkeep]
|upkeep
|c|☆puissance du feu|Lookin big
|
|t:|1757922706
|switch|p1a: Ranete|Great Tusk|46/100
|-activate|p1a: Ranete|ability: Protosynthesis
|-start|p1a: Ranete|protosynthesisspe
|turn|20
|j| ralzie
|
|t:|1757922714
|move|p2a: Darkrai|Dark Pulse|p1a: Ranete
|-resisted|p1a: Ranete
|-damage|p1a: Ranete|20/100
|move|p1a: Ranete|Earthquake|p2a: Darkrai
|-supereffective|p2a: Darkrai
|-damage|p2a: Darkrai|0 fnt
|faint|p2a: Darkrai
|
|win|puissance du feu
|n|☆puissance du feu|puissancedufeu
|n|☆tomato spicies|tomatospicies
|n|*Lady Monita ☀|ladymonita
|n| BB-8-NU|bb8nu
|n| jeff j jefferson|jeffjjefferson
|n| drop 6 nukers|drop6nukers
|n| Etjx|etjx
|n| ralzie|ralzie
|l|*Lady Monita ☀
