|j|☆Seu Limoes
|j|☆VoltFromWarframe
|t:|1757848192
|gametype|singles
|player|p1|Seu Limoes|169|1152
|player|p2|VoltFromWarframe|ingo|1113
|gen|9
|tier|[Gen 9] OU
|rated|
|rule|HP Percentage Mod: HP is shown in percentages
|rule|Endless Battle Clause: Forcing endless battles is banned
|rule|Species Clause: Limit one of each Pokémon
|rule|OHKO Clause: OHKO moves are banned
|rule|Evasion Items Clause: Evasion items are banned
|rule|Evasion Moves Clause: Evasion moves are banned
|rule|Evasion Abilities Clause: Evasion abilities are banned
|rule|Sleep Moves Clause: Sleep-inducing moves are banned
|clearpoke
|poke|p1|Pelipper, M|
|poke|p1|Iron Treads|
|poke|p1|Basculegion-F, F|
|poke|p1|Overqwil, M|
|poke|p1|Ludicolo, F|
|poke|p1|Iron Valiant|
|poke|p2|Illumise, F|
|poke|p2|Lokix, M|
|poke|p2|Kleavor, F|
|poke|p2|Scyther, F|
|poke|p2|Scizor, F|
|poke|p2|Venomoth, M|
|teampreview
|inactive|Battle timer is ON: inactive players will automatically lose when time's up. (requested by VoltFromWarframe)
|
|t:|1757848204
|teamsize|p1|6
|teamsize|p2|6
|start
|switch|p1a: Iron Valiant|Iron Valiant|100/100
|switch|p2a: Kleavor|Kleavor, F|100/100
|turn|1
|
|t:|1757848222
|move|p2a: Kleavor|Stone Axe|p1a: Iron Valiant
|-resisted|p1a: Iron Valiant
|-damage|p1a: Iron Valiant|68/100
|-sidestart|p1: Seu Limoes|move: Stealth Rock
|move|p1a: Iron Valiant|Moonblast|p2a: Kleavor
|-damage|p2a: Kleavor|25/100
|
|upkeep
|turn|2
|
|t:|1757848228
|switch|p2a: Illumise|Illumise, F, shiny|100/100
|move|p1a: Iron Valiant|Moonblast|p2a: Illumise
|-damage|p2a: Illumise|63/100
|
|upkeep
|turn|3
|
|t:|1757848234
|move|p1a: Iron Valiant|Taunt|p2a: Illumise
|-start|p2a: Illumise|move: Taunt
|move|p2a: Illumise|Bug Buzz|p1a: Iron Valiant
|-resisted|p1a: Iron Valiant
|-damage|p1a: Iron Valiant|57/100
|
|upkeep
|turn|4
|
|t:|1757848242
|-end|p1a: Iron Valiant|Quark Drive|[silent]
|switch|p1a: Pelipper|Pelipper, M|100/100
|-damage|p1a: Pelipper|76/100|[from] Stealth Rock
|-weather|RainDance|[from] ability: Drizzle|[of] p1a: Pelipper
|switch|p2a: Scizor|Scizor, F|100/100
|
|-weather|RainDance|[upkeep]
|upkeep
|turn|5
|
|t:|1757848245
|move|p1a: Pelipper|U-turn|p2a: Scizor
|-resisted|p2a: Scizor
|-damage|p2a: Scizor|97/100
|
|t:|1757848256
|switch|p1a: Basculegion|Basculegion-F, F|100/100|[from] U-turn
|-damage|p1a: Basculegion|88/100|[from] Stealth Rock
|move|p2a: Scizor|Knock Off|p1a: Basculegion
|-supereffective|p1a: Basculegion
|-damage|p1a: Basculegion|0 fnt
|-enditem|p1a: Basculegion|Choice Specs|[from] move: Knock Off|[of] p2a: Scizor
|faint|p1a: Basculegion
|
|-weather|RainDance|[upkeep]
|upkeep
|
|t:|1757848262
|switch|p1a: Ludicolo|Ludicolo, F|100/100
|-damage|p1a: Ludicolo|88/100|[from] Stealth Rock
|turn|6
|
|t:|1757848270
|move|p1a: Ludicolo|Hydro Pump|p2a: Scizor
|-damage|p2a: Scizor|0 fnt
|faint|p2a: Scizor
|-damage|p1a: Ludicolo|78/100|[from] item: Life Orb
|
|-weather|RainDance|[upkeep]
|upkeep
|
|t:|1757848274
|switch|p2a: Lokix|Lokix, M|100/100
|turn|7
|
|t:|1757848280
|move|p2a: Lokix|First Impression|p1a: Ludicolo
|-supereffective|p1a: Ludicolo
|-damage|p1a: Ludicolo|0 fnt
|faint|p1a: Ludicolo
|
|-weather|RainDance|[upkeep]
|upkeep
|
|t:|1757848286
|switch|p1a: Overqwil|Overqwil, M|100/100
|-damage|p1a: Overqwil|88/100|[from] Stealth Rock
|turn|8
|
|t:|1757848297
|-terastallize|p1a: Overqwil|Water
|move|p1a: Overqwil|Swords Dance|p1a: Overqwil
|-boost|p1a: Overqwil|atk|2
|move|p2a: Lokix|U-turn|p1a: Overqwil
|-damage|p1a: Overqwil|43/100
|
|t:|1757848303
|switch|p2a: Illumise|Illumise, F, shiny|63/100|[from] U-turn
|
|-weather|RainDance|[upkeep]
|upkeep
|turn|9
|
|t:|1757848307
|move|p2a: Illumise|Encore|p1a: Overqwil
|-start|p1a: Overqwil|Encore
|move|p1a: Overqwil|Swords Dance|p1a: Overqwil
|-boost|p1a: Overqwil|atk|2
|
|-weather|RainDance|[upkeep]
|upkeep
|turn|10
|
|t:|1757848311
|move|p2a: Illumise|Thunder Wave|p1a: Overqwil
|-status|p1a: Overqwil|par
|move|p1a: Overqwil|Swords Dance|p1a: Overqwil
|-boost|p1a: Overqwil|atk|2
|
|-weather|RainDance|[upkeep]
|upkeep
|turn|11
|
|t:|1757848317
|switch|p1a: Iron Treads|Iron Treads|100/100
|-damage|p1a: Iron Treads|97/100|[from] Stealth Rock
|move|p2a: Illumise|Roost|p2a: Illumise
|-heal|p2a: Illumise|100/100
|-singleturn|p2a: Illumise|move: Roost
|
|-weather|none
|-heal|p1a: Iron Treads|100/100|[from] item: Leftovers
|upkeep
|turn|12
|
|t:|1757848323
|switch|p2a: Scyther|Scyther, F, shiny|100/100
|move|p1a: Iron Treads|Stealth Rock|p2a: Scyther
|-sidestart|p2: VoltFromWarframe|move: Stealth Rock
|
|upkeep
|turn|13
|
|t:|1757848329
|move|p1a: Iron Treads|Volt Switch|p2a: Scyther
|-supereffective|p2a: Scyther
|-damage|p2a: Scyther|67/100
|
|t:|1757848332
|-end|p1a: Iron Treads|Quark Drive|[silent]
|switch|p1a: Pelipper|Pelipper, M|76/100|[from] Volt Switch
|-damage|p1a: Pelipper|51/100|[from] Stealth Rock
|-weather|RainDance|[from] ability: Drizzle|[of] p1a: Pelipper
|move|p2a: Scyther|Close Combat|p1a: Pelipper
|-resisted|p1a: Pelipper
|-damage|p1a: Pelipper|36/100
|-unboost|p2a: Scyther|def|1
|-unboost|p2a: Scyther|spd|1
|
|-weather|RainDance|[upkeep]
|upkeep
|turn|14
|
|t:|1757848335
|move|p2a: Scyther|Dual Wingbeat|p1a: Pelipper
|-damage|p1a: Pelipper|15/100
|-damage|p1a: Pelipper|0 fnt
|faint|p1a: Pelipper
|-hitcount|p1: Pelipper|2
|
|-weather|RainDance|[upkeep]
|upkeep
|
|t:|1757848338
|switch|p1a: Iron Valiant|Iron Valiant|57/100
|-damage|p1a: Iron Valiant|51/100|[from] Stealth Rock
|turn|15
|
|t:|1757848342
|move|p1a: Iron Valiant|Moonblast|p2a: Scyther
|-damage|p2a: Scyther|0 fnt
|faint|p2a: Scyther
|
|-weather|RainDance|[upkeep]
|upkeep
|
|t:|1757848345
|switch|p2a: Illumise|Illumise, F, shiny|100/100
|turn|16
|
|t:|1757848348
|-end|p1a: Iron Valiant|Quark Drive|[silent]
|switch|p1a: Iron Treads|Iron Treads|100/100
|-damage|p1a: Iron Treads|97/100|[from] Stealth Rock
|move|p2a: Illumise|Thunder Wave|p1a: Iron Treads
|-immune|p1a: Iron Treads
|
|-weather|RainDance|[upkeep]
|-heal|p1a: Iron Treads|100/100|[from] item: Leftovers
|upkeep
|turn|17
|
|t:|1757848359
|move|p1a: Iron Treads|Volt Switch|p2a: Illumise
|-damage|p2a: Illumise|91/100
|
|t:|1757848361
|-end|p1a: Iron Treads|Quark Drive|[silent]
|switch|p1a: Overqwil|Overqwil, M, tera:Water|43/100 par|[from] Volt Switch
|-damage|p1a: Overqwil|30/100 par|[from] Stealth Rock
|move|p2a: Illumise|Bug Buzz|p1a: Overqwil
|-damage|p1a: Overqwil|0 fnt
|faint|p1a: Overqwil
|
|-weather|RainDance|[upkeep]
|upkeep
|
|t:|1757848364
|switch|p1a: Iron Treads|Iron Treads|100/100
|-damage|p1a: Iron Treads|97/100|[from] Stealth Rock
|turn|18
|
|t:|1757848367
|move|p1a: Iron Treads|Earthquake|p2a: Illumise
|-resisted|p2a: Illumise
|-damage|p2a: Illumise|66/100
|move|p2a: Illumise|Bug Buzz|p1a: Iron Treads
|-resisted|p1a: Iron Treads
|-damage|p1a: Iron Treads|84/100
|
|-weather|RainDance|[upkeep]
|-heal|p1a: Iron Treads|90/100|[from] item: Leftovers
|upkeep
|turn|19
|
|t:|1757848371
|move|p2a: Illumise|Encore|p1a: Iron Treads
|-start|p1a: Iron Treads|Encore
|move|p1a: Iron Treads|Earthquake|p2a: Illumise
|-resisted|p2a: Illumise
|-damage|p2a: Illumise|42/100
|
|-weather|RainDance|[upkeep]
|-heal|p1a: Iron Treads|96/100|[from] item: Leftovers
|upkeep
|turn|20
|
|t:|1757848373
|-end|p1a: Iron Treads|Quark Drive|[silent]
|switch|p1a: Iron Valiant|Iron Valiant|51/100
|-damage|p1a: Iron Valiant|45/100|[from] Stealth Rock
|move|p2a: Illumise|Roost|p2a: Illumise
|-heal|p2a: Illumise|92/100
|-singleturn|p2a: Illumise|move: Roost
|
|-weather|none
|upkeep
|turn|21
|
|t:|1757848379
|move|p2a: Illumise|Thunder Wave|p1a: Iron Valiant
|-status|p1a: Iron Valiant|par
|move|p1a: Iron Valiant|Taunt|p2a: Illumise
|-start|p2a: Illumise|move: Taunt
|
|upkeep
|turn|22
|
|t:|1757848382
|move|p2a: Illumise|Bug Buzz|p1a: Iron Valiant
|-resisted|p1a: Iron Valiant
|-damage|p1a: Iron Valiant|35/100 par
|move|p1a: Iron Valiant|Moonblast|p2a: Illumise
|-damage|p2a: Illumise|53/100
|
|upkeep
|turn|23
|
|t:|1757848385
|switch|p2a: Venomoth|Venomoth, M|100/100
|-damage|p2a: Venomoth|76/100|[from] Stealth Rock
|cant|p1a: Iron Valiant|par
|
|upkeep
|turn|24
|
|t:|1757848391
|move|p2a: Venomoth|Bug Buzz|p1a: Iron Valiant
|-resisted|p1a: Iron Valiant
|-damage|p1a: Iron Valiant|0 fnt
|faint|p1a: Iron Valiant
|-end|p1a: Iron Valiant|Quark Drive|[silent]
|
|upkeep
|-message|Seu Limoes forfeited.
|
|win|VoltFromWarframe
|raw|Seu Limoes's rating: 1152 &rarr; <strong>1124</strong><br />(-28 for losing)
|raw|VoltFromWarframe's rating: 1113 &rarr; <strong>1141</strong><br />(+28 for winning)
|l|☆Seu Limoes
|player|p1|
|j|☆Seu Limoes
|player|p1|Seu Limoes|169|
|l|☆VoltFromWarframe
|player|p2|
|l|☆Seu Limoes
|player|p1|
