|j|☆Blizzard Wyvern
|j|☆Brushmondents
|t:|1757931983
|gametype|singles
|player|p1|Blizzard Wyvern|brycen|1327
|player|p2|Brushmondents|iris-gen5bw2|1373
|gen|9
|tier|[Gen 9] OU
|rated|
|rule|HP Percentage Mod: HP is shown in percentages
|rule|Endless Battle Clause: Forcing endless battles is banned
|rule|Species Clause: Limit one of each Pokémon
|rule|OHKO Clause: OHKO moves are banned
|rule|Evasion Items Clause: Evasion items are banned
|rule|Evasion Moves Clause: Evasion moves are banned
|rule|Evasion Abilities Clause: Evasion abilities are banned
|rule|Sleep Moves Clause: Sleep-inducing moves are banned
|clearpoke
|poke|p1|Glaceon, F|
|poke|p1|Espeon, F|
|poke|p1|Umbreon, M|
|poke|p1|Flareon, M|
|poke|p1|Vaporeon, F|
|poke|p1|Jolteon, M|
|poke|p2|Samurott-Hisui, M|
|poke|p2|Great Tusk|
|poke|p2|Volcanion|
|poke|p2|Hydrapple, F|
|poke|p2|Gholdengo|
|poke|p2|Landorus-Therian, M|
|teampreview
|c|☆Brushmondents|ooh love eevee
|
|t:|1757932000
|teamsize|p1|6
|teamsize|p2|6
|start
|switch|p1a: Glaceon|Glaceon, F, shiny|100/100
|switch|p2a: Samurott|Samurott-Hisui, M|100/100
|turn|1
|c|☆Blizzard Wyvern|Thanks!
|c|☆Blizzard Wyvern|:)
|
|t:|1757932011
|move|p2a: Samurott|Ceaseless Edge|p1a: Glaceon
|-damage|p1a: Glaceon|65/100
|-sidestart|p1: Blizzard Wyvern|Spikes
|move|p1a: Glaceon|Freeze-Dry|p2a: Samurott
|-supereffective|p2a: Samurott
|-damage|p2a: Samurott|47/100
|
|upkeep
|turn|2
|
|t:|1757932033
|switch|p2a: Gholdengo|Gholdengo|100/100
|-item|p2a: Gholdengo|Air Balloon
|move|p1a: Glaceon|Freeze-Dry|p2a: Gholdengo
|-resisted|p2a: Gholdengo
|-damage|p2a: Gholdengo|79/100
|-enditem|p2a: Gholdengo|Air Balloon
|
|upkeep
|turn|3
|c|☆Blizzard Wyvern|That is a bulky samurott
|c|☆Brushmondents|vest and nature yeah
|
|t:|1757932063
|move|p2a: Gholdengo|Make It Rain|p1a: Glaceon
|-supereffective|p1a: Glaceon
|-damage|p1a: Glaceon|0 fnt
|-unboost|p2a: Gholdengo|spa|1
|faint|p1a: Glaceon
|
|upkeep
|c|☆Blizzard Wyvern|Ahhh I see
|
|t:|1757932076
|switch|p1a: Flareon|Flareon, M|100/100
|turn|4
|
|t:|1757932082
|switch|p2a: Samurott|Samurott-Hisui, M|47/100
|move|p1a: Flareon|Will-O-Wisp|p2a: Samurott
|-status|p2a: Samurott|brn
|
|-damage|p2a: Samurott|41/100 brn|[from] brn
|upkeep
|turn|5
|
|t:|1757932092
|switch|p1a: Vaporeon|Vaporeon, F|100/100
|-damage|p1a: Vaporeon|88/100|[from] Spikes
|move|p2a: Samurott|Ceaseless Edge|p1a: Vaporeon
|-damage|p1a: Vaporeon|70/100
|-sidestart|p1: Blizzard Wyvern|Spikes
|
|-heal|p1a: Vaporeon|76/100|[from] item: Leftovers
|-damage|p2a: Samurott|35/100 brn|[from] brn
|upkeep
|turn|6
|
|t:|1757932103
|move|p2a: Samurott|Ceaseless Edge|p1a: Vaporeon
|-damage|p1a: Vaporeon|58/100
|-sidestart|p1: Blizzard Wyvern|Spikes
|move|p1a: Vaporeon|Wish|p1a: Vaporeon
|
|-heal|p1a: Vaporeon|64/100|[from] item: Leftovers
|-damage|p2a: Samurott|29/100 brn|[from] brn
|upkeep
|turn|7
|
|t:|1757932113
|move|p2a: Samurott|Knock Off|p1a: Vaporeon
|-damage|p1a: Vaporeon|45/100
|-enditem|p1a: Vaporeon|Leftovers|[from] move: Knock Off|[of] p2a: Samurott
|move|p1a: Vaporeon|Acid Armor|p1a: Vaporeon
|-boost|p1a: Vaporeon|def|2
|
|-heal|p1a: Vaporeon|95/100|[from] move: Wish|[wisher] Vaporeon
|-damage|p2a: Samurott|23/100 brn|[from] brn
|upkeep
|turn|8
|
|t:|1757932129
|switch|p2a: Hydrapple|Hydrapple, F|100/100
|move|p1a: Vaporeon|Wish|p1a: Vaporeon
|
|upkeep
|turn|9
|
|t:|1757932142
|move|p1a: Vaporeon|Ice Beam|p2a: Hydrapple
|-supereffective|p2a: Hydrapple
|-damage|p2a: Hydrapple|0 fnt
|faint|p2a: Hydrapple
|
|-heal|p1a: Vaporeon|100/100|[from] move: Wish|[wisher] Vaporeon
|upkeep
|
|t:|1757932159
|switch|p2a: Volcanion|Volcanion|100/100
|turn|10
|
|t:|1757932165
|move|p2a: Volcanion|Sludge Bomb|p1a: Vaporeon
|-damage|p1a: Vaporeon|75/100
|move|p1a: Vaporeon|Wish|p1a: Vaporeon
|
|upkeep
|turn|11
|
|t:|1757932170
|switch|p1a: Umbreon|Umbreon, M, shiny|100/100
|-damage|p1a: Umbreon|76/100|[from] Spikes
|move|p2a: Volcanion|Sludge Bomb|p1a: Umbreon
|-damage|p1a: Umbreon|58/100
|
|-heal|p1a: Umbreon|100/100|[from] move: Wish|[wisher] Vaporeon
|upkeep
|turn|12
|inactive|Battle timer is ON: inactive players will automatically lose when time's up. (requested by Brushmondents)
|
|t:|1757932179
|switch|p2a: Gholdengo|Gholdengo|79/100
|move|p1a: Umbreon|Toxic|p2a: Gholdengo
|-immune|p2a: Gholdengo|[from] ability: Good as Gold
|
|upkeep
|turn|13
|
|t:|1757932185
|move|p2a: Gholdengo|Nasty Plot|p2a: Gholdengo
|-boost|p2a: Gholdengo|spa|2
|move|p1a: Umbreon|Wish|p1a: Umbreon
|
|upkeep
|turn|14
|
|t:|1757932192
|move|p2a: Gholdengo|Shadow Ball|p1a: Umbreon
|-resisted|p1a: Umbreon
|-damage|p1a: Umbreon|77/100
|move|p1a: Umbreon|Foul Play|p2a: Gholdengo
|-supereffective|p2a: Gholdengo
|-damage|p2a: Gholdengo|50/100
|
|-heal|p1a: Umbreon|100/100|[from] move: Wish|[wisher] Umbreon
|upkeep
|turn|15
|
|t:|1757932200
|move|p2a: Gholdengo|Nasty Plot|p2a: Gholdengo
|-boost|p2a: Gholdengo|spa|2
|move|p1a: Umbreon|Wish|p1a: Umbreon
|
|upkeep
|turn|16
|
|t:|1757932204
|move|p2a: Gholdengo|Recover|p2a: Gholdengo
|-heal|p2a: Gholdengo|100/100
|move|p1a: Umbreon|Foul Play|p2a: Gholdengo
|-supereffective|p2a: Gholdengo
|-damage|p2a: Gholdengo|70/100
|
|upkeep
|turn|17
|
|t:|1757932212
|switch|p1a: Flareon|Flareon, M|100/100
|move|p2a: Gholdengo|Nasty Plot|p2a: Gholdengo
|-boost|p2a: Gholdengo|spa|2
|
|upkeep
|turn|18
|
|t:|1757932218
|-terastallize|p2a: Gholdengo|Water
|move|p2a: Gholdengo|Shadow Ball|p1a: Flareon
|-damage|p1a: Flareon|0 fnt
|faint|p1a: Flareon
|
|upkeep
|
|t:|1757932223
|switch|p1a: Jolteon|Jolteon, M|100/100
|-damage|p1a: Jolteon|76/100|[from] Spikes
|turn|19
|
|t:|1757932230
|switch|p2a: Great Tusk|Great Tusk|100/100
|move|p1a: Jolteon|Volt Switch|p2a: Great Tusk
|-immune|p2a: Great Tusk
|
|upkeep
|turn|20
|
|t:|1757932240
|switch|p1a: Umbreon|Umbreon, M, shiny|100/100
|-damage|p1a: Umbreon|76/100|[from] Spikes
|move|p2a: Great Tusk|Stealth Rock|p1a: Umbreon
|-sidestart|p1: Blizzard Wyvern|move: Stealth Rock
|
|upkeep
|turn|21
|
|t:|1757932247
|-end|p2a: Great Tusk|Protosynthesis|[silent]
|switch|p2a: Gholdengo|Gholdengo, tera:Water|70/100
|move|p1a: Umbreon|Wish|p1a: Umbreon
|
|upkeep
|turn|22
|
|t:|1757932253
|switch|p1a: Jolteon|Jolteon, M|76/100
|-damage|p1a: Jolteon|51/100|[from] Spikes
|-damage|p1a: Jolteon|39/100|[from] Stealth Rock
|move|p2a: Gholdengo|Nasty Plot|p2a: Gholdengo
|-boost|p2a: Gholdengo|spa|2
|
|-heal|p1a: Jolteon|100/100|[from] move: Wish|[wisher] Umbreon
|upkeep
|turn|23
|
|t:|1757932264
|switch|p2a: Landorus|Landorus-Therian, M|100/100
|-ability|p2a: Landorus|Intimidate|boost
|-unboost|p1a: Jolteon|atk|1
|-terastallize|p1a: Jolteon|Flying
|move|p1a: Jolteon|Tera Blast|p2a: Landorus|[anim] Tera Blast Flying
|-damage|p2a: Landorus|27/100
|
|upkeep
|turn|24
|
|t:|1757932284
|move|p2a: Landorus|Stone Edge|p1a: Jolteon
|-supereffective|p1a: Jolteon
|-damage|p1a: Jolteon|0 fnt
|faint|p1a: Jolteon
|
|upkeep
|
|t:|1757932288
|switch|p1a: Umbreon|Umbreon, M, shiny|76/100
|-damage|p1a: Umbreon|51/100|[from] Spikes
|-damage|p1a: Umbreon|38/100|[from] Stealth Rock
|turn|25
|
|t:|1757932296
|switch|p2a: Gholdengo|Gholdengo, tera:Water|70/100
|move|p1a: Umbreon|Wish|p1a: Umbreon
|
|upkeep
|turn|26
|
|t:|1757932322
|move|p1a: Umbreon|Protect|p1a: Umbreon
|-singleturn|p1a: Umbreon|Protect
|move|p2a: Gholdengo|Recover|p2a: Gholdengo
|-heal|p2a: Gholdengo|100/100
|
|-heal|p1a: Umbreon|88/100|[from] move: Wish|[wisher] Umbreon
|upkeep
|turn|27
|
|t:|1757932337
|switch|p1a: Vaporeon|Vaporeon, F|75/100
|-damage|p1a: Vaporeon|50/100|[from] Spikes
|-damage|p1a: Vaporeon|37/100|[from] Stealth Rock
|move|p2a: Gholdengo|Nasty Plot|p2a: Gholdengo
|-boost|p2a: Gholdengo|spa|2
|
|upkeep
|turn|28
|
|t:|1757932347
|move|p2a: Gholdengo|Shadow Ball|p1a: Vaporeon
|-damage|p1a: Vaporeon|0 fnt
|faint|p1a: Vaporeon
|
|upkeep
|
|t:|1757932350
|switch|p1a: Espeon|Espeon, F|100/100
|-damage|p1a: Espeon|76/100|[from] Spikes
|-damage|p1a: Espeon|64/100|[from] Stealth Rock
|turn|29
|
|t:|1757932355
|move|p1a: Espeon|Grass Knot|p2a: Gholdengo
|-supereffective|p2a: Gholdengo
|-damage|p2a: Gholdengo|43/100
|-damage|p1a: Espeon|54/100|[from] item: Life Orb
|move|p2a: Gholdengo|Make It Rain|p1a: Espeon
|-damage|p1a: Espeon|0 fnt
|-unboost|p2a: Gholdengo|spa|1
|faint|p1a: Espeon
|
|upkeep
|
|t:|1757932359
|switch|p1a: Umbreon|Umbreon, M, shiny|88/100
|-damage|p1a: Umbreon|63/100|[from] Spikes
|-damage|p1a: Umbreon|51/100|[from] Stealth Rock
|turn|30
|c|☆Blizzard Wyvern|gg
|c|☆Brushmondents|gg
|c|☆Brushmondents|eevee teams are hard but well played
|
|t:|1757932377
|move|p2a: Gholdengo|Make It Rain|p1a: Umbreon
|-damage|p1a: Umbreon|0 fnt
|-unboost|p2a: Gholdengo|spa|1
|faint|p1a: Umbreon
|
|win|Brushmondents
|raw|Blizzard Wyvern's rating: 1327 &rarr; <strong>1310</strong><br />(-17 for losing)
|raw|Brushmondents's rating: 1373 &rarr; <strong>1390</strong><br />(+17 for winning)
|l|☆Blizzard Wyvern
|player|p1|
|l|☆Brushmondents
|player|p2|
