|j|☆Feesh n Feeb
|j|☆sptea
|t:|1757946450
|gametype|singles
|player|p1|Feesh n Feeb|lana|1216
|player|p2|sptea|265|1239
|gen|9
|tier|[Gen 9] OU
|rated|
|rule|HP Percentage Mod: HP is shown in percentages
|rule|Endless Battle Clause: Forcing endless battles is banned
|rule|Species Clause: Limit one of each Pokémon
|rule|OHKO Clause: OHKO moves are banned
|rule|Evasion Items Clause: Evasion items are banned
|rule|Evasion Moves Clause: Evasion moves are banned
|rule|Evasion Abilities Clause: Evasion abilities are banned
|rule|Sleep Moves Clause: Sleep-inducing moves are banned
|clearpoke
|poke|p1|Tornadus-Therian, M|
|poke|p1|Pecharunt|
|poke|p1|Darkrai|
|poke|p1|Iron Crown|
|poke|p1|Great Tusk|
|poke|p1|Samurott-Hisui, M|
|poke|p2|Leavanny, F|
|poke|p2|Torkoal, M|
|poke|p2|Great Tusk|
|poke|p2|Raging Bolt|
|poke|p2|Walking Wake|
|poke|p2|Clefable, M|
|teampreview
|inactive|Battle timer is ON: inactive players will automatically lose when time's up. (requested by sptea)
|
|t:|1757946472
|teamsize|p1|6
|teamsize|p2|6
|start
|switch|p1a: Great Tusk|Great Tusk|100/100
|switch|p2a: Clefable|Clefable, M|100/100
|turn|1
|
|t:|1757946478
|-end|p1a: Great Tusk|Protosynthesis|[silent]
|switch|p1a: Iron Crown|Iron Crown|100/100
|move|p2a: Clefable|Moonblast|p1a: Iron Crown
|-resisted|p1a: Iron Crown
|-damage|p1a: Iron Crown|89/100
|-unboost|p1a: Iron Crown|spa|1
|
|upkeep
|turn|2
|
|t:|1757946487
|switch|p2a: Raging Bolt|Raging Bolt|100/100
|move|p1a: Iron Crown|Volt Switch|p2a: Raging Bolt
|-resisted|p2a: Raging Bolt
|-damage|p2a: Raging Bolt|97/100
|
|t:|1757946492
|-end|p1a: Iron Crown|Quark Drive|[silent]
|switch|p1a: Great Tusk|Great Tusk|100/100|[from] Volt Switch
|
|-heal|p2a: Raging Bolt|100/100|[from] item: Leftovers
|upkeep
|turn|3
|
|t:|1757946510
|-end|p2a: Raging Bolt|Protosynthesis|[silent]
|switch|p2a: Leavanny|Leavanny, F|100/100
|move|p1a: Great Tusk|Headlong Rush|p2a: Leavanny
|-resisted|p2a: Leavanny
|-damage|p2a: Leavanny|84/100
|-unboost|p1a: Great Tusk|def|1
|-unboost|p1a: Great Tusk|spd|1
|
|upkeep
|turn|4
|
|t:|1757946525
|-end|p1a: Great Tusk|Protosynthesis|[silent]
|switch|p1a: Tornadus|Tornadus-Therian, M|100/100
|move|p2a: Leavanny|Reflect|p2a: Leavanny
|-sidestart|p2: sptea|Reflect
|
|upkeep
|turn|5
|
|t:|1757946537
|switch|p2a: Torkoal|Torkoal, M|100/100
|-weather|SunnyDay|[from] ability: Drought|[of] p2a: Torkoal
|move|p1a: Tornadus|Bleakwind Storm|p2a: Torkoal|[miss]
|-miss|p1a: Tornadus|p2a: Torkoal
|
|-weather|SunnyDay|[upkeep]
|upkeep
|turn|6
|
|t:|1757946543
|move|p1a: Tornadus|Bleakwind Storm|p2a: Torkoal
|-damage|p2a: Torkoal|46/100
|-damage|p1a: Tornadus|90/100|[from] item: Life Orb
|move|p2a: Torkoal|Eruption|p1a: Tornadus
|-damage|p1a: Tornadus|52/100
|
|-weather|SunnyDay|[upkeep]
|upkeep
|turn|7
|
|t:|1757946562
|switch|p2a: Raging Bolt|Raging Bolt|100/100
|-activate|p2a: Raging Bolt|ability: Protosynthesis
|-start|p2a: Raging Bolt|protosynthesisspa
|move|p1a: Tornadus|Bleakwind Storm|p2a: Raging Bolt
|-resisted|p2a: Raging Bolt
|-damage|p2a: Raging Bolt|74/100
|-unboost|p2a: Raging Bolt|spe|1
|-damage|p1a: Tornadus|42/100|[from] item: Life Orb
|
|-weather|SunnyDay|[upkeep]
|-heal|p2a: Raging Bolt|80/100|[from] item: Leftovers
|upkeep
|turn|8
|
|t:|1757946571
|switch|p1a: Iron Crown|Iron Crown|89/100
|move|p2a: Raging Bolt|Weather Ball|p1a: Iron Crown
|-supereffective|p1a: Iron Crown
|-damage|p1a: Iron Crown|0 fnt
|faint|p1a: Iron Crown
|-end|p1a: Iron Crown|Quark Drive|[silent]
|
|-weather|SunnyDay|[upkeep]
|-heal|p2a: Raging Bolt|86/100|[from] item: Leftovers
|upkeep
|
|t:|1757946579
|switch|p1a: Great Tusk|Great Tusk|100/100
|-activate|p1a: Great Tusk|ability: Protosynthesis
|-start|p1a: Great Tusk|protosynthesisatk
|turn|9
|
|t:|1757946589
|-terastallize|p2a: Raging Bolt|Flying
|move|p1a: Great Tusk|Headlong Rush|p2a: Raging Bolt
|-immune|p2a: Raging Bolt
|move|p2a: Raging Bolt|Weather Ball|p1a: Great Tusk
|-damage|p1a: Great Tusk|0 fnt
|faint|p1a: Great Tusk
|-end|p1a: Great Tusk|Protosynthesis|[silent]
|
|-weather|none
|-end|p2a: Raging Bolt|Protosynthesis
|-heal|p2a: Raging Bolt|92/100|[from] item: Leftovers
|upkeep
|
|t:|1757946595
|switch|p1a: Darkrai|Darkrai|100/100
|turn|10
|
|t:|1757946598
|move|p1a: Darkrai|Ice Beam|p2a: Raging Bolt
|-supereffective|p2a: Raging Bolt
|-damage|p2a: Raging Bolt|39/100
|move|p2a: Raging Bolt|Volt Switch|p1a: Darkrai
|-crit|p1a: Darkrai
|-damage|p1a: Darkrai|19/100
|
|t:|1757946605
|-end|p2a: Raging Bolt|Protosynthesis|[silent]
|switch|p2a: Torkoal|Torkoal, M|46/100|[from] Volt Switch
|-weather|SunnyDay|[from] ability: Drought|[of] p2a: Torkoal
|
|-weather|SunnyDay|[upkeep]
|upkeep
|turn|11
|
|t:|1757946611
|switch|p1a: Samurott|Samurott-Hisui, M|100/100
|switch|p2a: Leavanny|Leavanny, F|84/100
|
|-weather|SunnyDay|[upkeep]
|-sideend|p2: sptea|Reflect
|upkeep
|turn|12
|
|t:|1757946621
|move|p2a: Leavanny|Sticky Web|p1a: Samurott
|-sidestart|p1: Feesh n Feeb|move: Sticky Web
|move|p1a: Samurott|Ceaseless Edge|p2a: Leavanny
|-damage|p2a: Leavanny|43/100
|-sidestart|p2: sptea|Spikes
|
|-weather|SunnyDay|[upkeep]
|upkeep
|turn|13
|
|t:|1757946627
|move|p2a: Leavanny|Reflect|p2a: Leavanny
|-sidestart|p2: sptea|Reflect
|move|p1a: Samurott|Ceaseless Edge|p2a: Leavanny
|-damage|p2a: Leavanny|21/100
|-sidestart|p2: sptea|Spikes
|
|-weather|SunnyDay|[upkeep]
|upkeep
|turn|14
|
|t:|1757946631
|move|p2a: Leavanny|Knock Off|p1a: Samurott
|-resisted|p1a: Samurott
|-damage|p1a: Samurott|91/100
|-damage|p2a: Leavanny|5/100|[from] item: Rocky Helmet|[of] p1a: Samurott
|-enditem|p1a: Samurott|Rocky Helmet|[from] move: Knock Off|[of] p2a: Leavanny
|move|p1a: Samurott|Ceaseless Edge|p2a: Leavanny
|-damage|p2a: Leavanny|0 fnt
|-sidestart|p2: sptea|Spikes
|faint|p2a: Leavanny
|
|-weather|none
|upkeep
|
|t:|1757946646
|switch|p2a: Great Tusk|Great Tusk|100/100
|-damage|p2a: Great Tusk|76/100|[from] Spikes
|turn|15
|
|t:|1757946656
|switch|p1a: Pecharunt|Pecharunt|100/100
|move|p2a: Great Tusk|Close Combat|p1a: Pecharunt
|-immune|p1a: Pecharunt
|
|upkeep
|turn|16
|
|t:|1757946661
|-end|p2a: Great Tusk|Protosynthesis|[silent]
|switch|p2a: Torkoal|Torkoal, M|46/100
|-weather|SunnyDay|[from] ability: Drought|[of] p2a: Torkoal
|move|p1a: Pecharunt|Parting Shot|p2a: Torkoal
|-unboost|p2a: Torkoal|atk|1
|-unboost|p2a: Torkoal|spa|1
|
|t:|1757946664
|switch|p1a: Darkrai|Darkrai|19/100|[from] Parting Shot
|-activate|p1a: Darkrai|move: Sticky Web
|-unboost|p1a: Darkrai|spe|1
|
|-weather|SunnyDay|[upkeep]
|upkeep
|turn|17
|
|t:|1757946674
|switch|p2a: Great Tusk|Great Tusk|76/100
|-damage|p2a: Great Tusk|51/100|[from] Spikes
|-activate|p2a: Great Tusk|ability: Protosynthesis
|-start|p2a: Great Tusk|protosynthesisatk
|move|p1a: Darkrai|Dark Pulse|p2a: Great Tusk
|-resisted|p2a: Great Tusk
|-damage|p2a: Great Tusk|21/100
|
|-weather|SunnyDay|[upkeep]
|upkeep
|turn|18
|
|t:|1757946683
|move|p2a: Great Tusk|Knock Off|p1a: Darkrai
|-resisted|p1a: Darkrai
|-damage|p1a: Darkrai|0 fnt
|-enditem|p1a: Darkrai|Choice Scarf|[from] move: Knock Off|[of] p2a: Great Tusk
|faint|p1a: Darkrai
|
|-weather|SunnyDay|[upkeep]
|upkeep
|
|t:|1757946688
|switch|p1a: Samurott|Samurott-Hisui, M|91/100
|-activate|p1a: Samurott|move: Sticky Web
|-unboost|p1a: Samurott|spe|1
|turn|19
|
|t:|1757946695
|move|p2a: Great Tusk|Knock Off|p1a: Samurott
|-resisted|p1a: Samurott
|-crit|p1a: Samurott
|-damage|p1a: Samurott|73/100
|move|p1a: Samurott|Flip Turn|p2a: Great Tusk
|-supereffective|p2a: Great Tusk
|-damage|p2a: Great Tusk|13/100
|
|t:|1757946707
|switch|p1a: Pecharunt|Pecharunt|100/100|[from] Flip Turn
|
|-weather|SunnyDay|[upkeep]
|upkeep
|turn|20
|
|t:|1757946710
|move|p2a: Great Tusk|Knock Off|p1a: Pecharunt
|-supereffective|p1a: Pecharunt
|-damage|p1a: Pecharunt|62/100
|-enditem|p1a: Pecharunt|Heavy-Duty Boots|[from] move: Knock Off|[of] p2a: Great Tusk
|move|p1a: Pecharunt|Shadow Ball|p2a: Great Tusk
|-damage|p2a: Great Tusk|0 fnt
|faint|p2a: Great Tusk
|-end|p2a: Great Tusk|Protosynthesis|[silent]
|
|-weather|none
|-sideend|p2: sptea|Reflect
|upkeep
|
|t:|1757946718
|switch|p2a: Torkoal|Torkoal, M|46/100
|-weather|SunnyDay|[from] ability: Drought|[of] p2a: Torkoal
|turn|21
|
|t:|1757946740
|switch|p2a: Clefable|Clefable, M|100/100
|-damage|p2a: Clefable|76/100|[from] Spikes
|move|p1a: Pecharunt|Malignant Chain|p2a: Clefable
|-supereffective|p2a: Clefable
|-damage|p2a: Clefable|35/100
|
|-weather|SunnyDay|[upkeep]
|-heal|p2a: Clefable|41/100|[from] item: Leftovers
|upkeep
|turn|22
|
|t:|1757946749
|move|p1a: Pecharunt|Malignant Chain|p2a: Clefable
|-supereffective|p2a: Clefable
|-damage|p2a: Clefable|0 fnt
|faint|p2a: Clefable
|
|-weather|SunnyDay|[upkeep]
|upkeep
|
|t:|1757946757
|switch|p2a: Walking Wake|Walking Wake|100/100
|-damage|p2a: Walking Wake|76/100|[from] Spikes
|-activate|p2a: Walking Wake|ability: Protosynthesis
|-start|p2a: Walking Wake|protosynthesisspa
|turn|23
|
|t:|1757946765
|move|p2a: Walking Wake|Hydro Steam|p1a: Pecharunt
|-damage|p1a: Pecharunt|0 fnt
|faint|p1a: Pecharunt
|-damage|p2a: Walking Wake|66/100|[from] item: Life Orb
|
|-weather|SunnyDay|[upkeep]
|upkeep
|
|t:|1757946768
|switch|p1a: Samurott|Samurott-Hisui, M|73/100
|-activate|p1a: Samurott|move: Sticky Web
|-unboost|p1a: Samurott|spe|1
|turn|24
|
|t:|1757946779
|move|p2a: Walking Wake|Draco Meteor|p1a: Samurott
|-damage|p1a: Samurott|0 fnt
|-unboost|p2a: Walking Wake|spa|2
|faint|p1a: Samurott
|-damage|p2a: Walking Wake|56/100|[from] item: Life Orb
|
|-weather|SunnyDay|[upkeep]
|upkeep
|
|t:|1757946782
|switch|p1a: Tornadus|Tornadus-Therian, M|75/100
|turn|25
|
|t:|1757946787
|-end|p2a: Walking Wake|Protosynthesis|[silent]
|switch|p2a: Torkoal|Torkoal, M|46/100
|move|p1a: Tornadus|Bleakwind Storm|p2a: Torkoal
|-damage|p2a: Torkoal|0 fnt
|faint|p2a: Torkoal
|-damage|p1a: Tornadus|65/100|[from] item: Life Orb
|
|-weather|none
|upkeep
|
|t:|1757946791
|switch|p2a: Raging Bolt|Raging Bolt, tera:Flying|39/100
|turn|26
|
|t:|1757946797
|-terastallize|p1a: Tornadus|Grass
|move|p2a: Raging Bolt|Thunderclap|p1a: Tornadus
|-resisted|p1a: Tornadus
|-damage|p1a: Tornadus|41/100
|move|p1a: Tornadus|Bleakwind Storm|p2a: Raging Bolt|[miss]
|-miss|p1a: Tornadus|p2a: Raging Bolt
|
|-heal|p2a: Raging Bolt|46/100|[from] item: Leftovers
|upkeep
|turn|27
|
|t:|1757946805
|move|p1a: Tornadus|Bleakwind Storm|p2a: Raging Bolt
|-damage|p2a: Raging Bolt|0 fnt
|faint|p2a: Raging Bolt
|-end|p2a: Raging Bolt|Protosynthesis|[silent]
|-damage|p1a: Tornadus|31/100|[from] item: Life Orb
|
|upkeep
|
|t:|1757946808
|switch|p2a: Walking Wake|Walking Wake|56/100
|-damage|p2a: Walking Wake|31/100|[from] Spikes
|turn|28
|
|t:|1757946811
|move|p1a: Tornadus|Grass Knot|p2a: Walking Wake
|-damage|p2a: Walking Wake|0 fnt
|faint|p2a: Walking Wake
|-end|p2a: Walking Wake|Protosynthesis|[silent]
|-damage|p1a: Tornadus|21/100|[from] item: Life Orb
|
|win|Feesh n Feeb
|raw|Feesh n Feeb's rating: 1216 &rarr; <strong>1243</strong><br />(+27 for winning)
|raw|sptea's rating: 1239 &rarr; <strong>1212</strong><br />(-27 for losing)
|c|☆sptea|gg
|c|☆sptea|wp
|c|☆Feesh n Feeb|gg
|l|☆Feesh n Feeb
|player|p1|
|l|☆sptea
|player|p2|
