|j|☆ermfranktaylor
|j|☆Destroyer2373
|t:|1757788615
|gametype|singles
|player|p1|ermfranktaylor|hugh|1089
|player|p2|Destroyer2373|102|1117
|gen|9
|tier|[Gen 9] OU
|rated|
|rule|HP Percentage Mod: HP is shown in percentages
|rule|Endless Battle Clause: Forcing endless battles is banned
|rule|Species Clause: Limit one of each Pokémon
|rule|OHKO Clause: OHKO moves are banned
|rule|Evasion Items Clause: Evasion items are banned
|rule|Evasion Moves Clause: Evasion moves are banned
|rule|Evasion Abilities Clause: Evasion abilities are banned
|rule|Sleep Moves Clause: Sleep-inducing moves are banned
|clearpoke
|poke|p1|Hitmonlee, M|
|poke|p1|Dragonite, M|
|poke|p1|Kingambit, F|
|poke|p1|Greninja-*, M|
|poke|p1|Iron Moth|
|poke|p1|Furret, F|
|poke|p2|Excadrill, M|
|poke|p2|Corviknight, M|
|poke|p2|Haxorus, F|
|poke|p2|Quaquaval, F|
|poke|p2|Enamorus, F|
|poke|p2|Ogerpon-Wellspring, F|
|teampreview
|inactive|Battle timer is ON: inactive players will automatically lose when time's up. (requested by ermfranktaylor)
|
|t:|1757788622
|teamsize|p1|6
|teamsize|p2|6
|start
|switch|p1a: Hitmonlee|Hitmonlee, M, shiny|100/100
|switch|p2a: Quaquaval|Quaquaval, F, shiny|100/100
|turn|1
|
|t:|1757788630
|-terastallize|p2a: Quaquaval|Water
|move|p1a: Hitmonlee|Endure|p1a: Hitmonlee
|-singleturn|p1a: Hitmonlee|move: Endure
|move|p2a: Quaquaval|Aqua Step|p1a: Hitmonlee
|-activate|p1a: Hitmonlee|move: Endure
|-damage|p1a: Hitmonlee|1/100
|-boost|p2a: Quaquaval|spe|1
|-enditem|p1a: Hitmonlee|Liechi Berry|[eat]
|-boost|p1a: Hitmonlee|atk|1|[from] item: Liechi Berry
|
|upkeep
|turn|2
|
|t:|1757788641
|-terastallize|p1a: Hitmonlee|Fighting
|move|p1a: Hitmonlee|Reversal|p2a: Quaquaval
|-damage|p2a: Quaquaval|0 fnt
|faint|p2a: Quaquaval
|
|upkeep
|
|t:|1757788651
|switch|p2a: Enamorus|Enamorus, F, shiny|100/100
|turn|3
|
|t:|1757788659
|move|p1a: Hitmonlee|Reversal|p2a: Enamorus
|-resisted|p2a: Enamorus
|-damage|p2a: Enamorus|13/100
|move|p2a: Enamorus|Zen Headbutt|p1a: Hitmonlee
|-supereffective|p1a: Hitmonlee
|-damage|p1a: Hitmonlee|0 fnt
|faint|p1a: Hitmonlee
|-damage|p2a: Enamorus|3/100|[from] item: Life Orb
|
|upkeep
|
|t:|1757788665
|switch|p1a: Greninja|Greninja, M|100/100
|turn|4
|
|t:|1757788669
|move|p1a: Greninja|Water Shuriken|p2a: Enamorus
|-damage|p2a: Enamorus|0 fnt
|faint|p2a: Enamorus
|-ability|p1a: Greninja|Battle Bond|boost
|-boost|p1a: Greninja|atk|1
|-boost|p1a: Greninja|spa|1
|-boost|p1a: Greninja|spe|1
|-activate|p1a: Greninja|ability: Battle Bond
|-hitcount|p2: Enamorus|1
|
|upkeep
|
|t:|1757788676
|switch|p2a: Ogerpon|Ogerpon-Wellspring, F|100/100
|turn|5
|
|t:|1757788683
|move|p1a: Greninja|Dark Pulse|p2a: Ogerpon
|-crit|p2a: Ogerpon
|-damage|p2a: Ogerpon|3/100
|move|p2a: Ogerpon|Ivy Cudgel|p1a: Greninja|[anim] Ivy Cudgel Water
|-resisted|p1a: Greninja
|-damage|p1a: Greninja|44/100
|
|upkeep
|turn|6
|
|t:|1757788692
|move|p2a: Ogerpon|Spiky Shield|p2a: Ogerpon
|-singleturn|p2a: Ogerpon|move: Protect
|move|p1a: Greninja|Dark Pulse|p2a: Ogerpon
|-activate|p2a: Ogerpon|move: Protect
|
|upkeep
|turn|7
|
|t:|1757788699
|move|p1a: Greninja|Dark Pulse|p2a: Ogerpon
|-damage|p2a: Ogerpon|0 fnt
|faint|p2a: Ogerpon
|
|upkeep
|
|t:|1757788704
|switch|p2a: Haxorus|Haxorus, F, shiny|100/100
|-ability|p2a: Haxorus|Mold Breaker
|turn|8
|
|t:|1757788714
|switch|p1a: Furret|Furret, F|100/100
|move|p2a: Haxorus|Iron Head|p1a: Furret
|-damage|p1a: Furret|56/100
|
|upkeep
|turn|9
|
|t:|1757788724
|move|p1a: Furret|Tidy Up|p1a: Furret
|-boost|p1a: Furret|atk|1
|-boost|p1a: Furret|spe|1
|move|p2a: Haxorus|Dragon Tail|p1a: Furret
|-damage|p1a: Furret|6/100
|drag|p1a: Iron Moth|Iron Moth|100/100
|-enditem|p1a: Iron Moth|Booster Energy
|-activate|p1a: Iron Moth|ability: Quark Drive|[fromitem]
|-start|p1a: Iron Moth|quarkdrivespe
|
|upkeep
|turn|10
|
|t:|1757788738
|move|p1a: Iron Moth|Sludge Wave|p2a: Haxorus
|-damage|p2a: Haxorus|37/100
|-status|p2a: Haxorus|psn
|move|p2a: Haxorus|Dragon Tail|p1a: Iron Moth
|-damage|p1a: Iron Moth|46/100
|-end|p1a: Iron Moth|Quark Drive|[silent]
|drag|p1a: Dragonite|Dragonite, M|100/100
|
|-damage|p2a: Haxorus|24/100 psn|[from] psn
|upkeep
|turn|11
|
|t:|1757788750
|move|p1a: Dragonite|Extreme Speed|p2a: Haxorus
|-damage|p2a: Haxorus|0 fnt
|faint|p2a: Haxorus
|
|upkeep
|
|t:|1757788755
|switch|p2a: Corviknight|Corviknight, M, shiny|100/100
|turn|12
|
|t:|1757788759
|switch|p1a: Furret|Furret, F|6/100
|-item|p2a: Corviknight|Aguav Berry|[from] ability: Frisk|[of] p1a: Furret
|move|p2a: Corviknight|Bulk Up|p2a: Corviknight
|-boost|p2a: Corviknight|atk|1
|-boost|p2a: Corviknight|def|1
|
|upkeep
|turn|13
|
|t:|1757788769
|move|p1a: Furret|Tidy Up|p1a: Furret
|-boost|p1a: Furret|atk|1
|-boost|p1a: Furret|spe|1
|move|p2a: Corviknight|Bulk Up|p2a: Corviknight
|-boost|p2a: Corviknight|atk|1
|-boost|p2a: Corviknight|def|1
|
|upkeep
|turn|14
|
|t:|1757788772
|move|p1a: Furret|Last Resort|p2a: Corviknight
|-resisted|p2a: Corviknight
|-damage|p2a: Corviknight|88/100
|move|p2a: Corviknight|Body Press|p1a: Furret
|-supereffective|p1a: Furret
|-damage|p1a: Furret|0 fnt
|faint|p1a: Furret
|
|upkeep
|
|t:|1757788776
|switch|p1a: Greninja|Greninja, M|44/100
|turn|15
|
|t:|1757788780
|move|p1a: Greninja|Hydro Pump|p2a: Corviknight
|-damage|p2a: Corviknight|40/100
|move|p2a: Corviknight|Body Press|p1a: Greninja
|-supereffective|p1a: Greninja
|-damage|p1a: Greninja|0 fnt
|faint|p1a: Greninja
|
|upkeep
|
|t:|1757788787
|switch|p1a: Iron Moth|Iron Moth|46/100
|turn|16
|
|t:|1757788796
|move|p1a: Iron Moth|Fiery Dance|p2a: Corviknight
|-supereffective|p2a: Corviknight
|-damage|p2a: Corviknight|0 fnt
|-boost|p1a: Iron Moth|spa|1
|faint|p2a: Corviknight
|
|upkeep
|
|t:|1757788799
|switch|p2a: Excadrill|Excadrill, M|100/100
|-ability|p2a: Excadrill|Mold Breaker
|turn|17
|
|t:|1757788808
|move|p1a: Iron Moth|Fiery Dance|p2a: Excadrill
|-supereffective|p2a: Excadrill
|-damage|p2a: Excadrill|0 fnt
|-boost|p1a: Iron Moth|spa|1
|faint|p2a: Excadrill
|
|win|ermfranktaylor
|raw|ermfranktaylor's rating: 1089 &rarr; <strong>1118</strong><br />(+29 for winning)
|raw|Destroyer2373's rating: 1117 &rarr; <strong>1090</strong><br />(-27 for losing)
|l|☆Destroyer2373
|player|p2|
|l|☆ermfranktaylor
|player|p1|
