|j|☆kapilh
|j|☆Polgo
|t:|1757865305
|gametype|singles
|player|p1|kapilh|steven|1066
|player|p2|Polgo|swimmer-gen4|1129
|gen|9
|tier|[Gen 9] OU
|rated|
|rule|HP Percentage Mod: HP is shown in percentages
|rule|Endless Battle Clause: Forcing endless battles is banned
|rule|Species Clause: Limit one of each Pokémon
|rule|OHKO Clause: OHKO moves are banned
|rule|Evasion Items Clause: Evasion items are banned
|rule|Evasion Moves Clause: Evasion moves are banned
|rule|Evasion Abilities Clause: Evasion abilities are banned
|rule|Sleep Moves Clause: Sleep-inducing moves are banned
|clearpoke
|poke|p1|Incineroar, F|
|poke|p1|Kingambit, M|
|poke|p1|Venusaur, F|
|poke|p1|Darkrai|
|poke|p1|Gliscor, M|
|poke|p1|Latios, M|
|poke|p2|Krookodile, F|
|poke|p2|Ariados, M|
|poke|p2|Scrafty, F|
|poke|p2|Drifblim, F|
|poke|p2|Dewgong, F|
|teampreview
|c|☆kapilh|5 pokemon?
|
|t:|1757865324
|teamsize|p1|6
|teamsize|p2|5
|start
|switch|p1a: Gliscor|Gliscor, M|100/100
|switch|p2a: Scrafty|Scrafty, F, shiny|100/100
|turn|1
|
|t:|1757865333
|-terastallize|p1a: Gliscor|Poison
|move|p1a: Gliscor|Toxic|p2a: Scrafty
|-status|p2a: Scrafty|tox
|move|p2a: Scrafty|Bulk Up|p2a: Scrafty
|-boost|p2a: Scrafty|atk|1
|-boost|p2a: Scrafty|def|1
|
|-activate|p2a: Scrafty|ability: Shed Skin
|-curestatus|p2a: Scrafty|tox|[msg]
|upkeep
|turn|2
|
|t:|1757865348
|move|p1a: Gliscor|Swords Dance|p1a: Gliscor
|-boost|p1a: Gliscor|atk|2
|move|p2a: Scrafty|Bulk Up|p2a: Scrafty
|-boost|p2a: Scrafty|atk|1
|-boost|p2a: Scrafty|def|1
|
|upkeep
|turn|3
|
|t:|1757865357
|move|p1a: Gliscor|Toxic|p2a: Scrafty
|-status|p2a: Scrafty|tox
|move|p2a: Scrafty|Bulk Up|p2a: Scrafty
|-boost|p2a: Scrafty|atk|1
|-boost|p2a: Scrafty|def|1
|
|-damage|p2a: Scrafty|95/100 tox|[from] psn
|upkeep
|turn|4
|inactive|Battle timer is ON: inactive players will automatically lose when time's up. (requested by Polgo)
|
|t:|1757865365
|move|p1a: Gliscor|Earthquake|p2a: Scrafty
|-damage|p2a: Scrafty|74/100 tox
|move|p2a: Scrafty|Bulk Up|p2a: Scrafty
|-boost|p2a: Scrafty|atk|1
|-boost|p2a: Scrafty|def|1
|
|-activate|p2a: Scrafty|ability: Shed Skin
|-curestatus|p2a: Scrafty|tox|[msg]
|-heal|p2a: Scrafty|80/100|[from] item: Leftovers
|upkeep
|turn|5
|
|t:|1757865376
|move|p1a: Gliscor|Protect|p1a: Gliscor
|-singleturn|p1a: Gliscor|Protect
|move|p2a: Scrafty|Bulk Up|p2a: Scrafty
|-boost|p2a: Scrafty|atk|1
|-boost|p2a: Scrafty|def|1
|
|-heal|p2a: Scrafty|86/100|[from] item: Leftovers
|upkeep
|turn|6
|
|t:|1757865384
|move|p1a: Gliscor|Earthquake|p2a: Scrafty
|-damage|p2a: Scrafty|71/100
|move|p2a: Scrafty|Payback|p1a: Gliscor
|-damage|p1a: Gliscor|31/100
|
|-heal|p1a: Gliscor|37/100|[from] item: Black Sludge
|-heal|p2a: Scrafty|77/100|[from] item: Leftovers
|upkeep
|turn|7
|
|t:|1757865399
|switch|p1a: Darkrai|Darkrai|100/100
|move|p2a: Scrafty|Bulk Up|p2a: Scrafty
|-boost|p2a: Scrafty|atk|1
|-boost|p2a: Scrafty|def|1
|
|-heal|p2a: Scrafty|83/100|[from] item: Leftovers
|upkeep
|turn|8
|
|t:|1757865410
|switch|p1a: Latios|Latios, M|100/100
|move|p2a: Scrafty|Drain Punch|p1a: Latios
|-resisted|p1a: Latios
|-crit|p1a: Latios
|-damage|p1a: Latios|9/100
|-heal|p2a: Scrafty|100/100|[from] drain|[of] p1a: Latios
|
|upkeep
|turn|9
|
|t:|1757865418
|move|p1a: Latios|Luster Purge|p2a: Scrafty
|-immune|p2a: Scrafty
|move|p2a: Scrafty|Drain Punch|p1a: Latios
|-resisted|p1a: Latios
|-damage|p1a: Latios|0 fnt
|faint|p1a: Latios
|
|upkeep
|c|☆Polgo|?
|c|☆kapilh|agh
|c|☆kapilh|my mind aint working
|c|☆kapilh|fr
|c|☆Polgo|all g
|c|☆kapilh|ye ye
|c|☆Polgo|nw
|
|t:|1757865448
|switch|p1a: Incineroar|Incineroar, F|100/100
|-ability|p1a: Incineroar|Intimidate|boost
|-unboost|p2a: Scrafty|atk|1
|-item|p1a: Incineroar|Air Balloon
|turn|10
|
|t:|1757865461
|move|p1a: Incineroar|Swords Dance|p1a: Incineroar
|-boost|p1a: Incineroar|atk|2
|move|p2a: Scrafty|Bulk Up|p2a: Scrafty
|-boost|p2a: Scrafty|atk|1
|-boost|p2a: Scrafty|def|0
|
|upkeep
|turn|11
|
|t:|1757865466
|move|p1a: Incineroar|Flare Blitz|p2a: Scrafty
|-damage|p2a: Scrafty|73/100
|-damage|p1a: Incineroar|93/100|[from] Recoil
|move|p2a: Scrafty|Drain Punch|p1a: Incineroar
|-supereffective|p1a: Incineroar
|-damage|p1a: Incineroar|0 fnt
|-heal|p2a: Scrafty|100/100|[from] drain|[of] p1a: Incineroar
|-enditem|p1a: Incineroar|Air Balloon
|faint|p1a: Incineroar
|
|upkeep
|
|t:|1757865471
|switch|p1a: Darkrai|Darkrai|100/100
|turn|12
|
|t:|1757865476
|move|p1a: Darkrai|Drain Punch|p2a: Scrafty
|-supereffective|p2a: Scrafty
|-damage|p2a: Scrafty|91/100
|move|p2a: Scrafty|Drain Punch|p1a: Darkrai
|-supereffective|p1a: Darkrai
|-damage|p1a: Darkrai|0 fnt
|-heal|p2a: Scrafty|100/100|[from] drain|[of] p1a: Darkrai
|faint|p1a: Darkrai
|
|upkeep
|
|t:|1757865480
|switch|p1a: Venusaur|Venusaur, F|100/100
|turn|13
|
|t:|1757865482
|move|p1a: Venusaur|Sludge Bomb|p2a: Scrafty
|-damage|p2a: Scrafty|70/100
|move|p2a: Scrafty|Payback|p1a: Venusaur
|-damage|p1a: Venusaur|0 fnt
|faint|p1a: Venusaur
|
|-heal|p2a: Scrafty|76/100|[from] item: Leftovers
|upkeep
|
|t:|1757865489
|switch|p1a: Gliscor|Gliscor, M, tera:Poison|37/100
|turn|14
|
|t:|1757865492
|move|p1a: Gliscor|Protect|p1a: Gliscor
|-singleturn|p1a: Gliscor|Protect
|move|p2a: Scrafty|Drain Punch|p1a: Gliscor
|-activate|p1a: Gliscor|move: Protect
|
|-heal|p1a: Gliscor|43/100|[from] item: Black Sludge
|-heal|p2a: Scrafty|82/100|[from] item: Leftovers
|upkeep
|turn|15
|
|t:|1757865496
|move|p1a: Gliscor|Toxic|p2a: Scrafty
|-status|p2a: Scrafty|tox
|move|p2a: Scrafty|Drain Punch|p1a: Gliscor
|-resisted|p1a: Gliscor
|-damage|p1a: Gliscor|14/100
|-heal|p2a: Scrafty|98/100 tox|[from] drain|[of] p1a: Gliscor
|
|-heal|p1a: Gliscor|20/100|[from] item: Black Sludge
|-heal|p2a: Scrafty|100/100 tox|[from] item: Leftovers
|-damage|p2a: Scrafty|95/100 tox|[from] psn
|upkeep
|turn|16
|
|t:|1757865509
|move|p1a: Gliscor|Protect|p1a: Gliscor
|-singleturn|p1a: Gliscor|Protect
|move|p2a: Scrafty|Payback|p1a: Gliscor
|-activate|p1a: Gliscor|move: Protect
|
|-heal|p1a: Gliscor|26/100|[from] item: Black Sludge
|-heal|p2a: Scrafty|100/100 tox|[from] item: Leftovers
|-damage|p2a: Scrafty|89/100 tox|[from] psn
|upkeep
|turn|17
|
|t:|1757865521
|move|p1a: Gliscor|Earthquake|p2a: Scrafty
|-damage|p2a: Scrafty|82/100 tox
|move|p2a: Scrafty|Drain Punch|p1a: Gliscor
|-resisted|p1a: Gliscor
|-damage|p1a: Gliscor|0 fnt
|-heal|p2a: Scrafty|96/100 tox|[from] drain|[of] p1a: Gliscor
|faint|p1a: Gliscor
|
|-heal|p2a: Scrafty|100/100 tox|[from] item: Leftovers
|-damage|p2a: Scrafty|83/100 tox|[from] psn
|upkeep
|
|t:|1757865527
|switch|p1a: Kingambit|Kingambit, M, shiny|100/100
|-activate|p1a: Kingambit|ability: Supreme Overlord
|-start|p1a: Kingambit|fallen5|[silent]
|turn|18
|
|t:|1757865539
|move|p2a: Scrafty|Drain Punch|p1a: Kingambit
|-supereffective|p1a: Kingambit
|-damage|p1a: Kingambit|0 fnt
|-heal|p2a: Scrafty|100/100 tox|[from] drain|[of] p1a: Kingambit
|faint|p1a: Kingambit
|-end|p1a: Kingambit|fallen5|[silent]
|
|win|Polgo
|raw|kapilh's rating: 1066 &rarr; <strong>1050</strong><br />(-16 for losing)
|raw|Polgo's rating: 1129 &rarr; <strong>1150</strong><br />(+21 for winning)
|l|☆kapilh
|player|p1|
