|j|☆downtownclown
|j|☆Sigmaurus
|t:|1757870668
|gametype|singles
|player|p1|downtownclown|266|1293
|player|p2|Sigmaurus|rosa|1306
|gen|9
|tier|[Gen 9] OU
|rated|
|rule|HP Percentage Mod: HP is shown in percentages
|rule|Endless Battle Clause: Forcing endless battles is banned
|rule|Species Clause: Limit one of each Pokémon
|rule|OHKO Clause: OHKO moves are banned
|rule|Evasion Items Clause: Evasion items are banned
|rule|Evasion Moves Clause: Evasion moves are banned
|rule|Evasion Abilities Clause: Evasion abilities are banned
|rule|Sleep Moves Clause: Sleep-inducing moves are banned
|clearpoke
|poke|p1|Blastoise, F|
|poke|p1|Kyurem|
|poke|p1|Enamorus, F|
|poke|p1|Great Tusk|
|poke|p1|Iron Valiant|
|poke|p1|Dragonite, F|
|poke|p2|Weavile, M|
|poke|p2|Hoopa-Unbound|
|poke|p2|Thundurus-Therian, M|
|poke|p2|Cobalion|
|poke|p2|Araquanid, M|
|poke|p2|Chandelure, F|
|teampreview
|inactive|Battle timer is ON: inactive players will automatically lose when time's up. (requested by downtownclown)
|
|t:|1757870676
|teamsize|p1|6
|teamsize|p2|6
|start
|switch|p1a: Dragonite|Dragonite, F|100/100
|switch|p2a: Araquanid|Araquanid, M|100/100
|turn|1
|
|t:|1757870682
|move|p1a: Dragonite|Dragon Dance|p1a: Dragonite
|-boost|p1a: Dragonite|atk|1
|-boost|p1a: Dragonite|spe|1
|move|p2a: Araquanid|Sticky Web|p1a: Dragonite
|-sidestart|p1: downtownclown|move: Sticky Web
|
|upkeep
|turn|2
|
|t:|1757870686
|move|p1a: Dragonite|Dragon Dance|p1a: Dragonite
|-boost|p1a: Dragonite|atk|1
|-boost|p1a: Dragonite|spe|1
|move|p2a: Araquanid|Liquidation|p1a: Dragonite
|-resisted|p1a: Dragonite
|-damage|p1a: Dragonite|82/100
|
|upkeep
|turn|3
|
|t:|1757870693
|move|p1a: Dragonite|Dragon Dance|p1a: Dragonite
|-boost|p1a: Dragonite|atk|1
|-boost|p1a: Dragonite|spe|1
|move|p2a: Araquanid|Endeavor|p1a: Dragonite
|-immune|p1a: Dragonite
|
|upkeep
|turn|4
|
|t:|1757870703
|move|p1a: Dragonite|Roost|p1a: Dragonite
|-heal|p1a: Dragonite|100/100
|-singleturn|p1a: Dragonite|move: Roost
|move|p2a: Araquanid|Liquidation|p1a: Dragonite
|-resisted|p1a: Dragonite
|-damage|p1a: Dragonite|84/100
|
|upkeep
|turn|5
|
|t:|1757870713
|move|p1a: Dragonite|Dragon Dance|p1a: Dragonite
|-boost|p1a: Dragonite|atk|1
|-boost|p1a: Dragonite|spe|1
|move|p2a: Araquanid|Liquidation|p1a: Dragonite
|-resisted|p1a: Dragonite
|-damage|p1a: Dragonite|50/100
|
|upkeep
|turn|6
|
|t:|1757870719
|move|p1a: Dragonite|Roost|p1a: Dragonite
|-heal|p1a: Dragonite|99/100
|-singleturn|p1a: Dragonite|move: Roost
|move|p2a: Araquanid|Liquidation|p1a: Dragonite
|-resisted|p1a: Dragonite
|-damage|p1a: Dragonite|67/100
|
|upkeep
|turn|7
|
|t:|1757870728
|move|p1a: Dragonite|Roost|p1a: Dragonite
|-heal|p1a: Dragonite|100/100
|-singleturn|p1a: Dragonite|move: Roost
|move|p2a: Araquanid|Liquidation|p1a: Dragonite
|-resisted|p1a: Dragonite
|-damage|p1a: Dragonite|84/100
|
|upkeep
|turn|8
|
|t:|1757870736
|move|p1a: Dragonite|Dragon Dance|p1a: Dragonite
|-boost|p1a: Dragonite|atk|1
|-boost|p1a: Dragonite|spe|1
|move|p2a: Araquanid|Liquidation|p1a: Dragonite
|-resisted|p1a: Dragonite
|-damage|p1a: Dragonite|51/100
|-unboost|p1a: Dragonite|def|1
|
|upkeep
|turn|9
|
|t:|1757870748
|move|p1a: Dragonite|Extreme Speed|p2a: Araquanid
|-damage|p2a: Araquanid|0 fnt
|faint|p2a: Araquanid
|
|upkeep
|
|t:|1757870752
|switch|p2a: Weavile|Weavile, M|100/100
|-ability|p2a: Weavile|Pressure
|turn|10
|
|t:|1757870758
|-terastallize|p2a: Weavile|Ghost
|move|p1a: Dragonite|Extreme Speed|p2a: Weavile
|-immune|p2a: Weavile
|move|p2a: Weavile|Ice Shard|p1a: Dragonite
|-supereffective|p1a: Dragonite
|-damage|p1a: Dragonite|0 fnt
|faint|p1a: Dragonite
|-damage|p2a: Weavile|91/100|[from] item: Life Orb
|
|upkeep
|
|t:|1757870769
|switch|p1a: Great Tusk|Great Tusk|100/100
|-activate|p1a: Great Tusk|move: Sticky Web
|-unboost|p1a: Great Tusk|spe|1
|-enditem|p1a: Great Tusk|Booster Energy
|-activate|p1a: Great Tusk|ability: Protosynthesis|[fromitem]
|-start|p1a: Great Tusk|protosynthesisatk
|turn|11
|
|t:|1757870782
|move|p2a: Weavile|Triple Axel|p1a: Great Tusk|[miss]
|-miss|p2a: Weavile|p1a: Great Tusk
|move|p1a: Great Tusk|Knock Off|p2a: Weavile
|-supereffective|p2a: Weavile
|-damage|p2a: Weavile|0 fnt
|-enditem|p2a: Weavile|Life Orb|[from] move: Knock Off|[of] p1a: Great Tusk
|faint|p2a: Weavile
|
|upkeep
|
|t:|1757870789
|switch|p2a: Chandelure|Chandelure, F|100/100
|turn|12
|
|t:|1757870798
|move|p2a: Chandelure|Psychic|p1a: Great Tusk
|-supereffective|p1a: Great Tusk
|-damage|p1a: Great Tusk|0 fnt
|faint|p1a: Great Tusk
|-end|p1a: Great Tusk|Protosynthesis|[silent]
|
|upkeep
|
|t:|1757870807
|switch|p1a: Kyurem|Kyurem|100/100
|-activate|p1a: Kyurem|move: Sticky Web
|-unboost|p1a: Kyurem|spe|1
|-ability|p1a: Kyurem|Pressure
|turn|13
|
|t:|1757870820
|move|p2a: Chandelure|Heat Wave|p1a: Kyurem
|-damage|p1a: Kyurem|61/100
|-status|p1a: Kyurem|brn
|move|p1a: Kyurem|Shadow Ball|p2a: Chandelure
|-supereffective|p2a: Chandelure
|-damage|p2a: Chandelure|25/100
|
|-damage|p1a: Kyurem|55/100 brn|[from] brn
|upkeep
|turn|14
|
|t:|1757870832
|move|p2a: Chandelure|Heat Wave|p1a: Kyurem
|-damage|p1a: Kyurem|14/100 brn
|move|p1a: Kyurem|Shadow Ball|p2a: Chandelure
|-supereffective|p2a: Chandelure
|-damage|p2a: Chandelure|0 fnt
|faint|p2a: Chandelure
|
|-damage|p1a: Kyurem|8/100 brn|[from] brn
|upkeep
|
|t:|1757870838
|switch|p2a: Cobalion|Cobalion|100/100
|-item|p2a: Cobalion|Air Balloon
|turn|15
|
|t:|1757870855
|move|p2a: Cobalion|Body Press|p1a: Kyurem
|-supereffective|p1a: Kyurem
|-damage|p1a: Kyurem|0 fnt
|faint|p1a: Kyurem
|
|upkeep
|
|t:|1757870861
|switch|p1a: Enamorus|Enamorus, F|100/100
|turn|16
|
|t:|1757870868
|move|p1a: Enamorus|Moonblast|p2a: Cobalion
|-damage|p2a: Cobalion|16/100
|-enditem|p2a: Cobalion|Air Balloon
|-damage|p1a: Enamorus|91/100|[from] item: Life Orb
|move|p2a: Cobalion|Volt Switch|p1a: Enamorus
|-supereffective|p1a: Enamorus
|-damage|p1a: Enamorus|54/100
|
|t:|1757870879
|switch|p2a: Thundurus|Thundurus-Therian, M|100/100|[from] Volt Switch
|
|upkeep
|turn|17
|
|t:|1757870886
|move|p1a: Enamorus|Moonblast|p2a: Thundurus
|-damage|p2a: Thundurus|20/100
|-unboost|p2a: Thundurus|spa|1
|-damage|p1a: Enamorus|44/100|[from] item: Life Orb
|move|p2a: Thundurus|Thunderbolt|p1a: Enamorus
|-supereffective|p1a: Enamorus
|-damage|p1a: Enamorus|0 fnt
|faint|p1a: Enamorus
|
|upkeep
|inactive|downtownclown has 120 seconds left.
|inactive|downtownclown has 90 seconds left.
|inactive|downtownclown has 60 seconds left.
|inactive|downtownclown has 30 seconds left.
|inactive|downtownclown has 20 seconds left.
|inactive|downtownclown has 15 seconds left.
|inactive|downtownclown has 10 seconds left.
|inactive|downtownclown has 5 seconds left.
|-message|downtownclown lost due to inactivity.
|
|win|Sigmaurus
|raw|downtownclown's rating: 1293 &rarr; <strong>1269</strong><br />(-24 for losing)
|raw|Sigmaurus's rating: 1306 &rarr; <strong>1325</strong><br />(+19 for winning)
|l|☆Sigmaurus
|player|p2|
