|j|☆bellaisbad
|j|☆AnonymousJon
|t:|1757909078
|gametype|singles
|player|p1|bellaisbad|miku-fairy|1693
|player|p2|AnonymousJon|workerice|1777
|gen|9
|tier|[Gen 9] OU
|rated|
|rule|HP Percentage Mod: HP is shown in percentages
|rule|Endless Battle Clause: Forcing endless battles is banned
|rule|Species Clause: Limit one of each Pokémon
|rule|OHKO Clause: OHKO moves are banned
|rule|Evasion Items Clause: Evasion items are banned
|rule|Evasion Moves Clause: Evasion moves are banned
|rule|Evasion Abilities Clause: Evasion abilities are banned
|rule|Sleep Moves Clause: Sleep-inducing moves are banned
|clearpoke
|poke|p1|Kyurem|
|poke|p1|Corviknight, M|
|poke|p1|Ting-Lu|
|poke|p1|Suicune|
|poke|p1|Slowking-Galar, M|
|poke|p1|Cinderace, F|
|poke|p2|Great Tusk|
|poke|p2|Ogerpon-Cornerstone, F|
|poke|p2|Rillaboom, F|
|poke|p2|Tyranitar, F|
|poke|p2|Corviknight, F|
|poke|p2|Dragapult, F|
|teampreview
|inactive|Battle timer is ON: inactive players will automatically lose when time's up. (requested by AnonymousJon)
|inactive|bellaisbad has 120 seconds left.
|
|t:|1757909135
|teamsize|p1|6
|teamsize|p2|6
|start
|switch|p1a: Slowking|Slowking-Galar, M|100/100
|switch|p2a: Dragapult|Dragapult, F|100/100
|turn|1
|
|t:|1757909147
|move|p2a: Dragapult|Substitute|p2a: Dragapult
|-start|p2a: Dragapult|Substitute
|-damage|p2a: Dragapult|76/100
|move|p1a: Slowking|Toxic||[still]
|-fail|p1a: Slowking
|
|-heal|p2a: Dragapult|82/100|[from] item: Leftovers
|upkeep
|turn|2
|
|t:|1757909149
|move|p2a: Dragapult|Will-O-Wisp|p1a: Slowking
|-status|p1a: Slowking|brn
|move|p1a: Slowking|Psychic Noise|p2a: Dragapult
|-damage|p2a: Dragapult|42/100
|-start|p2a: Dragapult|move: Heal Block
|
|-damage|p1a: Slowking|94/100 brn|[from] brn
|upkeep
|turn|3
|
|t:|1757909154
|switch|p2a: Tyranitar|Tyranitar, F|100/100
|-weather|Sandstorm|[from] ability: Sand Stream|[of] p2a: Tyranitar
|move|p1a: Slowking|Psychic Noise|p2a: Tyranitar
|-immune|p2a: Tyranitar
|
|-weather|Sandstorm|[upkeep]
|-damage|p1a: Slowking|88/100 brn|[from] Sandstorm
|-damage|p1a: Slowking|82/100 brn|[from] brn
|upkeep
|turn|4
|
|t:|1757909159
|switch|p1a: Corviknight|Corviknight, M|100/100
|-ability|p1a: Corviknight|Pressure
|move|p2a: Tyranitar|Knock Off|p1a: Corviknight
|-damage|p1a: Corviknight|73/100
|-damage|p2a: Tyranitar|84/100|[from] item: Rocky Helmet|[of] p1a: Corviknight
|-enditem|p1a: Corviknight|Rocky Helmet|[from] move: Knock Off|[of] p2a: Tyranitar
|
|-weather|Sandstorm|[upkeep]
|-heal|p2a: Tyranitar|90/100|[from] item: Leftovers
|upkeep
|turn|5
|
|t:|1757909164
|move|p1a: Corviknight|Roost|p1a: Corviknight
|-heal|p1a: Corviknight|100/100
|-singleturn|p1a: Corviknight|move: Roost
|move|p2a: Tyranitar|Stealth Rock|p1a: Corviknight
|-sidestart|p1: bellaisbad|move: Stealth Rock
|
|-weather|Sandstorm|[upkeep]
|-heal|p2a: Tyranitar|97/100|[from] item: Leftovers
|upkeep
|turn|6
|
|t:|1757909168
|switch|p2a: Corviknight|Corviknight, F|100/100
|-ability|p2a: Corviknight|Pressure
|move|p1a: Corviknight|Defog|p2a: Corviknight
|-unboost|p2a: Corviknight|evasion|1
|-sideend|p1: bellaisbad|Stealth Rock|[from] move: Defog|[of] p1a: Corviknight
|
|-weather|Sandstorm|[upkeep]
|upkeep
|turn|7
|
|t:|1757909171
|switch|p1a: Slowking|Slowking-Galar, M|100/100 brn
|move|p2a: Corviknight|U-turn|p1a: Slowking
|-damage|p1a: Slowking|87/100 brn
|
|t:|1757909179
|switch|p2a: Great Tusk|Great Tusk|100/100|[from] U-turn
|
|-weather|none
|-damage|p1a: Slowking|81/100 brn|[from] brn
|upkeep
|turn|8
|
|t:|1757909181
|switch|p1a: Corviknight|Corviknight, M|100/100
|-ability|p1a: Corviknight|Pressure
|move|p2a: Great Tusk|Headlong Rush|p1a: Corviknight
|-immune|p1a: Corviknight
|
|upkeep
|turn|9
|
|t:|1757909183
|move|p2a: Great Tusk|Temper Flare|p1a: Corviknight
|-supereffective|p1a: Corviknight
|-damage|p1a: Corviknight|42/100
|move|p1a: Corviknight|Body Press|p2a: Great Tusk
|-damage|p2a: Great Tusk|83/100
|
|upkeep
|turn|10
|
|t:|1757909190
|-end|p2a: Great Tusk|Protosynthesis|[silent]
|switch|p2a: Dragapult|Dragapult, F|42/100
|move|p1a: Corviknight|Roost|p1a: Corviknight
|-heal|p1a: Corviknight|92/100
|-singleturn|p1a: Corviknight|move: Roost
|
|-heal|p2a: Dragapult|48/100|[from] item: Leftovers
|upkeep
|turn|11
|
|t:|1757909196
|switch|p1a: Ting-Lu|Ting-Lu|100/100
|-ability|p1a: Ting-Lu|Vessel of Ruin
|move|p2a: Dragapult|Will-O-Wisp|p1a: Ting-Lu
|-status|p1a: Ting-Lu|brn
|
|-heal|p2a: Dragapult|55/100|[from] item: Leftovers
|-damage|p1a: Ting-Lu|94/100 brn|[from] brn
|upkeep
|turn|12
|
|t:|1757909199
|switch|p2a: Rillaboom|Rillaboom, F|100/100
|-fieldstart|move: Grassy Terrain|[from] ability: Grassy Surge|[of] p2a: Rillaboom
|move|p1a: Ting-Lu|Earthquake|p2a: Rillaboom
|-resisted|p2a: Rillaboom
|-damage|p2a: Rillaboom|95/100
|
|-heal|p2a: Rillaboom|100/100|[from] Grassy Terrain
|-heal|p1a: Ting-Lu|100/100 brn|[from] Grassy Terrain
|-damage|p1a: Ting-Lu|94/100 brn|[from] brn
|upkeep
|turn|13
|
|t:|1757909203
|switch|p1a: Corviknight|Corviknight, M|92/100
|-ability|p1a: Corviknight|Pressure
|move|p2a: Rillaboom|U-turn|p1a: Corviknight
|-resisted|p1a: Corviknight
|-damage|p1a: Corviknight|87/100
|
|t:|1757909205
|switch|p2a: Ogerpon|Ogerpon-Cornerstone, F|100/100|[from] U-turn
|
|upkeep
|turn|14
|
|t:|1757909207
|move|p2a: Ogerpon|Swords Dance|p2a: Ogerpon
|-boost|p2a: Ogerpon|atk|2
|move|p1a: Corviknight|Body Press|p2a: Ogerpon
|-supereffective|p2a: Ogerpon
|-damage|p2a: Ogerpon|26/100
|
|-heal|p2a: Ogerpon|32/100|[from] Grassy Terrain
|upkeep
|turn|15
|
|t:|1757909210
|move|p2a: Ogerpon|Ivy Cudgel|p1a: Corviknight|[anim] Ivy Cudgel Rock
|-damage|p1a: Corviknight|13/100
|move|p1a: Corviknight|Body Press|p2a: Ogerpon
|-supereffective|p2a: Ogerpon
|-damage|p2a: Ogerpon|0 fnt
|faint|p2a: Ogerpon
|
|upkeep
|
|t:|1757909221
|switch|p2a: Great Tusk|Great Tusk|83/100
|turn|16
|
|t:|1757909226
|switch|p1a: Suicune|Suicune|100/100
|-ability|p1a: Suicune|Pressure
|move|p2a: Great Tusk|Temper Flare|p1a: Suicune
|-resisted|p1a: Suicune
|-damage|p1a: Suicune|94/100
|
|-heal|p2a: Great Tusk|89/100|[from] Grassy Terrain
|-heal|p1a: Suicune|99/100|[from] Grassy Terrain
|-heal|p1a: Suicune|100/100|[from] item: Leftovers
|-fieldend|move: Grassy Terrain
|upkeep
|turn|17
|
|t:|1757909229
|-end|p2a: Great Tusk|Protosynthesis|[silent]
|switch|p2a: Rillaboom|Rillaboom, F|100/100
|-fieldstart|move: Grassy Terrain|[from] ability: Grassy Surge|[of] p2a: Rillaboom
|move|p1a: Suicune|Substitute|p1a: Suicune
|-start|p1a: Suicune|Substitute
|-damage|p1a: Suicune|75/100
|
|-heal|p1a: Suicune|82/100|[from] Grassy Terrain
|-heal|p1a: Suicune|88/100|[from] item: Leftovers
|upkeep
|turn|18
|
|t:|1757909233
|move|p1a: Suicune|Protect|p1a: Suicune
|-singleturn|p1a: Suicune|Protect
|move|p2a: Rillaboom|Wood Hammer|p1a: Suicune
|-activate|p1a: Suicune|move: Protect
|
|-heal|p1a: Suicune|94/100|[from] Grassy Terrain
|-heal|p1a: Suicune|99/100|[from] item: Leftovers
|upkeep
|turn|19
|
|t:|1757909235
|move|p2a: Rillaboom|Wood Hammer|p1a: Suicune
|-supereffective|p1a: Suicune
|-end|p1a: Suicune|Substitute
|-damage|p2a: Rillaboom|91/100|[from] Recoil|[of] p1a: Suicune
|move|p1a: Suicune|Substitute|p1a: Suicune
|-start|p1a: Suicune|Substitute
|-damage|p1a: Suicune|75/100
|
|-heal|p2a: Rillaboom|97/100|[from] Grassy Terrain
|-heal|p1a: Suicune|81/100|[from] Grassy Terrain
|-heal|p1a: Suicune|88/100|[from] item: Leftovers
|upkeep
|turn|20
|
|t:|1757909238
|switch|p2a: Dragapult|Dragapult, F|55/100
|move|p1a: Suicune|Protect||[still]
|-fail|p1a: Suicune
|
|-heal|p2a: Dragapult|61/100|[from] Grassy Terrain
|-heal|p2a: Dragapult|67/100|[from] item: Leftovers
|-heal|p1a: Suicune|94/100|[from] Grassy Terrain
|-heal|p1a: Suicune|99/100|[from] item: Leftovers
|upkeep
|turn|21
|
|t:|1757909244
|switch|p1a: Slowking|Slowking-Galar, M|100/100 brn
|move|p2a: Dragapult|Substitute|p2a: Dragapult
|-start|p2a: Dragapult|Substitute
|-damage|p2a: Dragapult|42/100
|
|-heal|p2a: Dragapult|48/100|[from] Grassy Terrain
|-heal|p2a: Dragapult|55/100|[from] item: Leftovers
|-damage|p1a: Slowking|94/100 brn|[from] brn
|-fieldend|move: Grassy Terrain
|upkeep
|turn|22
|
|t:|1757909246
|move|p2a: Dragapult|Hex|p1a: Slowking
|-supereffective|p1a: Slowking
|-damage|p1a: Slowking|24/100 brn
|move|p1a: Slowking|Psychic Noise|p2a: Dragapult
|-damage|p2a: Dragapult|19/100
|-start|p2a: Dragapult|move: Heal Block
|
|-damage|p1a: Slowking|18/100 brn|[from] brn
|upkeep
|turn|23
|
|t:|1757909248
|switch|p1a: Ting-Lu|Ting-Lu|94/100 brn
|-ability|p1a: Ting-Lu|Vessel of Ruin
|move|p2a: Dragapult|Hex|p1a: Ting-Lu
|-resisted|p1a: Ting-Lu
|-damage|p1a: Ting-Lu|83/100 brn
|
|-heal|p1a: Ting-Lu|89/100 brn|[from] item: Leftovers
|-damage|p1a: Ting-Lu|83/100 brn|[from] brn
|-end|p2a: Dragapult|move: Heal Block
|upkeep
|turn|24
|
|t:|1757909250
|move|p2a: Dragapult|Dragon Darts|p1a: Ting-Lu
|-damage|p1a: Ting-Lu|73/100 brn
|-anim|p2a: Dragapult|Dragon Darts|p1a: Ting-Lu
|-damage|p1a: Ting-Lu|61/100 brn
|move|p1a: Ting-Lu|Earthquake|p2a: Dragapult
|-end|p2a: Dragapult|Substitute
|
|-heal|p2a: Dragapult|25/100|[from] item: Leftovers
|-heal|p1a: Ting-Lu|68/100 brn|[from] item: Leftovers
|-damage|p1a: Ting-Lu|61/100 brn|[from] brn
|upkeep
|turn|25
|
|t:|1757909253
|switch|p2a: Rillaboom|Rillaboom, F|97/100
|-fieldstart|move: Grassy Terrain|[from] ability: Grassy Surge|[of] p2a: Rillaboom
|move|p1a: Ting-Lu|Earthquake|p2a: Rillaboom
|-resisted|p2a: Rillaboom
|-damage|p2a: Rillaboom|92/100
|
|-heal|p2a: Rillaboom|98/100|[from] Grassy Terrain
|-heal|p1a: Ting-Lu|68/100 brn|[from] Grassy Terrain
|-heal|p1a: Ting-Lu|74/100 brn|[from] item: Leftovers
|-damage|p1a: Ting-Lu|68/100 brn|[from] brn
|upkeep
|turn|26
|
|t:|1757909258
|switch|p1a: Corviknight|Corviknight, M|13/100
|-ability|p1a: Corviknight|Pressure
|move|p2a: Rillaboom|Wood Hammer|p1a: Corviknight
|-resisted|p1a: Corviknight
|-crit|p1a: Corviknight
|-damage|p1a: Corviknight|0 fnt
|faint|p1a: Corviknight
|-damage|p2a: Rillaboom|94/100|[from] Recoil
|
|-heal|p2a: Rillaboom|99/100|[from] Grassy Terrain
|upkeep
|
|t:|1757909262
|switch|p1a: Kyurem|Kyurem|100/100
|-ability|p1a: Kyurem|Pressure
|turn|27
|
|t:|1757909264
|switch|p2a: Tyranitar|Tyranitar, F|97/100
|-weather|Sandstorm|[from] ability: Sand Stream|[of] p2a: Tyranitar
|move|p1a: Kyurem|Substitute|p1a: Kyurem
|-start|p1a: Kyurem|Substitute
|-damage|p1a: Kyurem|75/100
|
|-weather|Sandstorm|[upkeep]
|-damage|p1a: Kyurem|69/100|[from] Sandstorm
|-heal|p1a: Kyurem|75/100|[from] Grassy Terrain
|-heal|p1a: Kyurem|82/100|[from] item: Leftovers
|-heal|p2a: Tyranitar|100/100|[from] Grassy Terrain
|upkeep
|turn|28
|
|t:|1757909271
|-terastallize|p1a: Kyurem|Ground
|move|p1a: Kyurem|Protect|p1a: Kyurem
|-singleturn|p1a: Kyurem|Protect
|move|p2a: Tyranitar|Stealth Rock|p1a: Kyurem
|-sidestart|p1: bellaisbad|move: Stealth Rock
|
|-weather|Sandstorm|[upkeep]
|-heal|p1a: Kyurem|88/100|[from] Grassy Terrain
|-heal|p1a: Kyurem|94/100|[from] item: Leftovers
|upkeep
|turn|29
|j| heatraniac
|
|t:|1757909276
|move|p1a: Kyurem|Earth Power|p2a: Tyranitar
|-supereffective|p2a: Tyranitar
|-damage|p2a: Tyranitar|61/100
|move|p2a: Tyranitar|Roar|p1a: Kyurem
|drag|p1a: Slowking|Slowking-Galar, M|52/100 brn
|
|-weather|Sandstorm|[upkeep]
|-damage|p1a: Slowking|45/100 brn|[from] Sandstorm
|-heal|p2a: Tyranitar|67/100|[from] Grassy Terrain
|-heal|p2a: Tyranitar|74/100|[from] item: Leftovers
|-heal|p1a: Slowking|52/100 brn|[from] Grassy Terrain
|-damage|p1a: Slowking|45/100 brn|[from] brn
|-fieldend|move: Grassy Terrain
|upkeep
|turn|30
|
|t:|1757909283
|switch|p1a: Ting-Lu|Ting-Lu|68/100 brn
|-damage|p1a: Ting-Lu|61/100 brn|[from] Stealth Rock
|-ability|p1a: Ting-Lu|Vessel of Ruin
|move|p2a: Tyranitar|Knock Off|p1a: Ting-Lu
|-resisted|p1a: Ting-Lu
|-damage|p1a: Ting-Lu|50/100 brn
|-enditem|p1a: Ting-Lu|Leftovers|[from] move: Knock Off|[of] p2a: Tyranitar
|
|-weather|Sandstorm|[upkeep]
|-heal|p2a: Tyranitar|80/100|[from] item: Leftovers
|-damage|p1a: Ting-Lu|44/100 brn|[from] brn
|upkeep
|turn|31
|l| heatraniac
|
|t:|1757909288
|switch|p2a: Rillaboom|Rillaboom, F|99/100
|-fieldstart|move: Grassy Terrain|[from] ability: Grassy Surge|[of] p2a: Rillaboom
|move|p1a: Ting-Lu|Rest|p1a: Ting-Lu
|-status|p1a: Ting-Lu|slp|[from] move: Rest
|-heal|p1a: Ting-Lu|100/100 slp|[silent]
|
|-weather|none
|-heal|p2a: Rillaboom|100/100|[from] Grassy Terrain
|upkeep
|turn|32
|
|t:|1757909290
|switch|p1a: Slowking|Slowking-Galar, M|79/100 brn
|move|p2a: Rillaboom|Wood Hammer|p1a: Slowking
|-resisted|p1a: Slowking
|-crit|p1a: Slowking
|-damage|p1a: Slowking|0 fnt
|faint|p1a: Slowking
|-damage|p2a: Rillaboom|71/100|[from] Recoil
|
|-heal|p2a: Rillaboom|77/100|[from] Grassy Terrain
|upkeep
|
|t:|1757909296
|switch|p1a: Kyurem|Kyurem, tera:Ground|94/100
|-damage|p1a: Kyurem|88/100|[from] Stealth Rock
|-ability|p1a: Kyurem|Pressure
|turn|33
|
|t:|1757909308
|switch|p2a: Tyranitar|Tyranitar, F|80/100
|-weather|Sandstorm|[from] ability: Sand Stream|[of] p2a: Tyranitar
|move|p1a: Kyurem|Earth Power|p2a: Tyranitar
|-supereffective|p2a: Tyranitar
|-damage|p2a: Tyranitar|42/100
|
|-weather|Sandstorm|[upkeep]
|-heal|p1a: Kyurem|94/100|[from] Grassy Terrain
|-heal|p1a: Kyurem|99/100|[from] item: Leftovers
|-heal|p2a: Tyranitar|48/100|[from] Grassy Terrain
|-heal|p2a: Tyranitar|54/100|[from] item: Leftovers
|upkeep
|turn|34
|
|t:|1757909315
|move|p1a: Kyurem|Earth Power|p2a: Tyranitar
|-supereffective|p2a: Tyranitar
|-damage|p2a: Tyranitar|18/100
|move|p2a: Tyranitar|Knock Off|p1a: Kyurem
|-damage|p1a: Kyurem|57/100
|-enditem|p1a: Kyurem|Leftovers|[from] move: Knock Off|[of] p2a: Tyranitar
|
|-weather|Sandstorm|[upkeep]
|-heal|p1a: Kyurem|63/100|[from] Grassy Terrain
|-heal|p2a: Tyranitar|25/100|[from] Grassy Terrain
|-heal|p2a: Tyranitar|31/100|[from] item: Leftovers
|upkeep
|turn|35
|
|t:|1757909330
|switch|p2a: Corviknight|Corviknight, F|100/100
|-ability|p2a: Corviknight|Pressure
|move|p1a: Kyurem|Earth Power|p2a: Corviknight
|-immune|p2a: Corviknight
|
|-weather|Sandstorm|[upkeep]
|-heal|p1a: Kyurem|70/100|[from] Grassy Terrain
|-fieldend|move: Grassy Terrain
|upkeep
|turn|36
|
|t:|1757909334
|move|p1a: Kyurem|Freeze-Dry|p2a: Corviknight
|-damage|p2a: Corviknight|64/100
|move|p2a: Corviknight|Brave Bird|p1a: Kyurem
|-damage|p1a: Kyurem|36/100
|-damage|p2a: Corviknight|53/100|[from] Recoil
|
|-weather|Sandstorm|[upkeep]
|upkeep
|turn|37
|
|t:|1757909336
|move|p1a: Kyurem|Protect|p1a: Kyurem
|-singleturn|p1a: Kyurem|Protect
|move|p2a: Corviknight|Roost|p2a: Corviknight
|-heal|p2a: Corviknight|100/100
|-singleturn|p2a: Corviknight|move: Roost
|
|-weather|none
|upkeep
|turn|38
|
|t:|1757909342
|move|p1a: Kyurem|Freeze-Dry|p2a: Corviknight
|-damage|p2a: Corviknight|64/100
|move|p2a: Corviknight|U-turn|p1a: Kyurem
|-damage|p1a: Kyurem|23/100
|
|t:|1757909348
|switch|p2a: Dragapult|Dragapult, F|25/100|[from] U-turn
|
|-heal|p2a: Dragapult|32/100|[from] item: Leftovers
|upkeep
|turn|39
|
|t:|1757909352
|switch|p1a: Ting-Lu|Ting-Lu|100/100 slp
|-damage|p1a: Ting-Lu|94/100 slp|[from] Stealth Rock
|-ability|p1a: Ting-Lu|Vessel of Ruin
|move|p2a: Dragapult|Dragon Darts|p1a: Ting-Lu
|-damage|p1a: Ting-Lu|82/100 slp
|-anim|p2a: Dragapult|Dragon Darts|p1a: Ting-Lu
|-damage|p1a: Ting-Lu|72/100 slp
|
|-heal|p2a: Dragapult|38/100|[from] item: Leftovers
|upkeep
|turn|40
|
|t:|1757909355
|switch|p2a: Rillaboom|Rillaboom, F|77/100
|-fieldstart|move: Grassy Terrain|[from] ability: Grassy Surge|[of] p2a: Rillaboom
|cant|p1a: Ting-Lu|slp
|move|p1a: Ting-Lu|Sleep Talk|p1a: Ting-Lu
|move|p1a: Ting-Lu|Payback|p2a: Rillaboom|[from] move: Sleep Talk
|-damage|p2a: Rillaboom|54/100
|
|-heal|p2a: Rillaboom|61/100|[from] Grassy Terrain
|-heal|p1a: Ting-Lu|78/100 slp|[from] Grassy Terrain
|upkeep
|turn|41
|
|t:|1757909366
|move|p2a: Rillaboom|Grassy Glide|p1a: Ting-Lu
|-supereffective|p1a: Ting-Lu
|-damage|p1a: Ting-Lu|11/100 slp
|cant|p1a: Ting-Lu|slp
|move|p1a: Ting-Lu|Sleep Talk|p1a: Ting-Lu
|move|p1a: Ting-Lu|Earthquake|p2a: Rillaboom|[from] move: Sleep Talk
|-resisted|p2a: Rillaboom
|-damage|p2a: Rillaboom|50/100
|
|-heal|p2a: Rillaboom|57/100|[from] Grassy Terrain
|-heal|p1a: Ting-Lu|17/100 slp|[from] Grassy Terrain
|upkeep
|turn|42
|
|t:|1757909370
|switch|p1a: Cinderace|Cinderace, F|100/100
|move|p2a: Rillaboom|Grassy Glide|p1a: Cinderace
|-resisted|p1a: Cinderace
|-damage|p1a: Cinderace|67/100
|
|-heal|p1a: Cinderace|73/100|[from] Grassy Terrain
|-heal|p2a: Rillaboom|63/100|[from] Grassy Terrain
|upkeep
|turn|43
|
|t:|1757909376
|switch|p2a: Tyranitar|Tyranitar, F|31/100
|-weather|Sandstorm|[from] ability: Sand Stream|[of] p2a: Tyranitar
|move|p1a: Cinderace|Will-O-Wisp|p2a: Tyranitar
|-status|p2a: Tyranitar|brn
|
|-weather|Sandstorm|[upkeep]
|-damage|p1a: Cinderace|67/100|[from] Sandstorm
|-heal|p1a: Cinderace|73/100|[from] Grassy Terrain
|-heal|p2a: Tyranitar|37/100 brn|[from] Grassy Terrain
|-heal|p2a: Tyranitar|43/100 brn|[from] item: Leftovers
|-damage|p2a: Tyranitar|37/100 brn|[from] brn
|upkeep
|turn|44
|
|t:|1757909380
|move|p1a: Cinderace|Court Change|p1a: Cinderace
|-swapsideconditions
|-activate|p1a: Cinderace|move: Court Change
|move|p2a: Tyranitar|Knock Off|p1a: Cinderace
|-damage|p1a: Cinderace|46/100
|-enditem|p1a: Cinderace|Heavy-Duty Boots|[from] move: Knock Off|[of] p2a: Tyranitar
|
|-weather|Sandstorm|[upkeep]
|-damage|p1a: Cinderace|40/100|[from] Sandstorm
|-heal|p1a: Cinderace|46/100|[from] Grassy Terrain
|-heal|p2a: Tyranitar|43/100 brn|[from] Grassy Terrain
|-heal|p2a: Tyranitar|50/100 brn|[from] item: Leftovers
|-damage|p2a: Tyranitar|43/100 brn|[from] brn
|-fieldend|move: Grassy Terrain
|upkeep
|turn|45
|
|t:|1757909383
|move|p1a: Cinderace|U-turn|p2a: Tyranitar
|-supereffective|p2a: Tyranitar
|-damage|p2a: Tyranitar|13/100 brn
|
|t:|1757909386
|switch|p1a: Ting-Lu|Ting-Lu|17/100 slp|[from] U-turn
|-ability|p1a: Ting-Lu|Vessel of Ruin
|move|p2a: Tyranitar|Stealth Rock|p1a: Ting-Lu
|-sidestart|p1: bellaisbad|move: Stealth Rock
|
|-weather|Sandstorm|[upkeep]
|-heal|p2a: Tyranitar|20/100 brn|[from] item: Leftovers
|-damage|p2a: Tyranitar|13/100 brn|[from] brn
|upkeep
|turn|46
|
|t:|1757909389
|switch|p2a: Great Tusk|Great Tusk|89/100
|-damage|p2a: Great Tusk|86/100|[from] Stealth Rock
|-curestatus|p1a: Ting-Lu|slp|[msg]
|move|p1a: Ting-Lu|Rest|p1a: Ting-Lu
|-status|p1a: Ting-Lu|slp|[from] move: Rest
|-heal|p1a: Ting-Lu|100/100 slp|[silent]
|
|-weather|Sandstorm|[upkeep]
|upkeep
|turn|47
|
|t:|1757909392
|move|p2a: Great Tusk|Rapid Spin|p1a: Ting-Lu
|-damage|p1a: Ting-Lu|92/100 slp
|-boost|p2a: Great Tusk|spe|1
|-sideend|p2: AnonymousJon|Stealth Rock|[from] move: Rapid Spin|[of] p2a: Great Tusk
|cant|p1a: Ting-Lu|slp
|move|p1a: Ting-Lu|Sleep Talk|p1a: Ting-Lu
|move|p1a: Ting-Lu|Payback|p2a: Great Tusk|[from] move: Sleep Talk
|-resisted|p2a: Great Tusk
|-damage|p2a: Great Tusk|74/100
|
|-weather|none
|upkeep
|turn|48
|j| MikuHackz
|
|t:|1757909399
|-end|p2a: Great Tusk|Protosynthesis|[silent]
|switch|p2a: Rillaboom|Rillaboom, F|63/100
|-fieldstart|move: Grassy Terrain|[from] ability: Grassy Surge|[of] p2a: Rillaboom
|cant|p1a: Ting-Lu|slp
|move|p1a: Ting-Lu|Sleep Talk|p1a: Ting-Lu
|move|p1a: Ting-Lu|Rest||[from] move: Sleep Talk|[still]
|-fail|p1a: Ting-Lu
|
|-heal|p2a: Rillaboom|69/100|[from] Grassy Terrain
|-heal|p1a: Ting-Lu|98/100 slp|[from] Grassy Terrain
|upkeep
|turn|49
|
|t:|1757909404
|move|p2a: Rillaboom|Grassy Glide|p1a: Ting-Lu
|-supereffective|p1a: Ting-Lu
|-damage|p1a: Ting-Lu|38/100 slp
|-curestatus|p1a: Ting-Lu|slp|[msg]
|move|p1a: Ting-Lu|Payback|p2a: Rillaboom
|-damage|p2a: Rillaboom|28/100
|
|-heal|p2a: Rillaboom|35/100|[from] Grassy Terrain
|-heal|p1a: Ting-Lu|44/100|[from] Grassy Terrain
|upkeep
|turn|50
|
|t:|1757909409
|move|p2a: Rillaboom|Grassy Glide|p1a: Ting-Lu
|-supereffective|p1a: Ting-Lu
|-damage|p1a: Ting-Lu|0 fnt
|faint|p1a: Ting-Lu
|
|-heal|p2a: Rillaboom|41/100|[from] Grassy Terrain
|upkeep
|
|t:|1757909418
|switch|p1a: Kyurem|Kyurem, tera:Ground|23/100
|-damage|p1a: Kyurem|17/100|[from] Stealth Rock
|-ability|p1a: Kyurem|Pressure
|turn|51
|
|t:|1757909420
|move|p1a: Kyurem|Protect|p1a: Kyurem
|-singleturn|p1a: Kyurem|Protect
|move|p2a: Rillaboom|Grassy Glide|p1a: Kyurem
|-activate|p1a: Kyurem|move: Protect
|
|-heal|p1a: Kyurem|23/100|[from] Grassy Terrain
|-heal|p2a: Rillaboom|47/100|[from] Grassy Terrain
|upkeep
|turn|52
|
|t:|1757909422
|move|p1a: Kyurem|Protect||[still]
|-fail|p1a: Kyurem
|move|p2a: Rillaboom|Grassy Glide|p1a: Kyurem
|-supereffective|p1a: Kyurem
|-damage|p1a: Kyurem|0 fnt
|faint|p1a: Kyurem
|
|-heal|p2a: Rillaboom|53/100|[from] Grassy Terrain
|-fieldend|move: Grassy Terrain
|upkeep
|
|t:|1757909424
|switch|p1a: Cinderace|Cinderace, F|46/100
|-damage|p1a: Cinderace|21/100|[from] Stealth Rock
|turn|53
|
|t:|1757909427
|switch|p2a: Tyranitar|Tyranitar, F|13/100 brn
|-weather|Sandstorm|[from] ability: Sand Stream|[of] p2a: Tyranitar
|move|p1a: Cinderace|Court Change|p1a: Cinderace
|-swapsideconditions
|-activate|p1a: Cinderace|move: Court Change
|
|-weather|Sandstorm|[upkeep]
|-damage|p1a: Cinderace|15/100|[from] Sandstorm
|-heal|p2a: Tyranitar|20/100 brn|[from] item: Leftovers
|-damage|p2a: Tyranitar|13/100 brn|[from] brn
|upkeep
|turn|54
|
|t:|1757909430
|move|p1a: Cinderace|U-turn|p2a: Tyranitar
|-supereffective|p2a: Tyranitar
|-damage|p2a: Tyranitar|0 fnt
|faint|p2a: Tyranitar
|l| MikuHackz
|
|t:|1757909432
|switch|p1a: Suicune|Suicune|99/100|[from] U-turn
|-ability|p1a: Suicune|Pressure
|
|-weather|Sandstorm|[upkeep]
|-damage|p1a: Suicune|94/100|[from] Sandstorm
|-heal|p1a: Suicune|99/100|[from] item: Leftovers
|upkeep
|
|t:|1757909434
|switch|p2a: Rillaboom|Rillaboom, F|53/100
|-damage|p2a: Rillaboom|41/100|[from] Stealth Rock
|-fieldstart|move: Grassy Terrain|[from] ability: Grassy Surge|[of] p2a: Rillaboom
|turn|55
|
|t:|1757909437
|-terastallize|p2a: Rillaboom|Grass
|move|p1a: Suicune|Protect|p1a: Suicune
|-singleturn|p1a: Suicune|Protect
|move|p2a: Rillaboom|Grassy Glide|p1a: Suicune
|-activate|p1a: Suicune|move: Protect
|
|-weather|Sandstorm|[upkeep]
|-damage|p2a: Rillaboom|35/100|[from] Sandstorm
|-damage|p1a: Suicune|94/100|[from] Sandstorm
|-heal|p2a: Rillaboom|41/100|[from] Grassy Terrain
|-heal|p1a: Suicune|99/100|[from] Grassy Terrain
|-heal|p1a: Suicune|100/100|[from] item: Leftovers
|upkeep
|turn|56
|
|t:|1757909440
|move|p2a: Rillaboom|Grassy Glide|p1a: Suicune
|-supereffective|p1a: Suicune
|-damage|p1a: Suicune|16/100
|move|p1a: Suicune|Scald|p2a: Rillaboom
|-resisted|p2a: Rillaboom
|-damage|p2a: Rillaboom|23/100
|
|-weather|Sandstorm|[upkeep]
|-damage|p2a: Rillaboom|17/100|[from] Sandstorm
|-damage|p1a: Suicune|10/100|[from] Sandstorm
|-heal|p2a: Rillaboom|23/100|[from] Grassy Terrain
|-heal|p1a: Suicune|16/100|[from] Grassy Terrain
|-heal|p1a: Suicune|23/100|[from] item: Leftovers
|upkeep
|turn|57
|
|t:|1757909444
|move|p1a: Suicune|Protect|p1a: Suicune
|-singleturn|p1a: Suicune|Protect
|move|p2a: Rillaboom|Grassy Glide|p1a: Suicune
|-activate|p1a: Suicune|move: Protect
|
|-weather|none
|-heal|p2a: Rillaboom|30/100|[from] Grassy Terrain
|-heal|p1a: Suicune|29/100|[from] Grassy Terrain
|-heal|p1a: Suicune|35/100|[from] item: Leftovers
|upkeep
|turn|58
|
|t:|1757909463
|move|p1a: Suicune|Protect||[still]
|-fail|p1a: Suicune
|move|p2a: Rillaboom|Grassy Glide|p1a: Suicune
|-supereffective|p1a: Suicune
|-damage|p1a: Suicune|0 fnt
|faint|p1a: Suicune
|
|-heal|p2a: Rillaboom|36/100|[from] Grassy Terrain
|upkeep
|
|t:|1757909465
|switch|p1a: Cinderace|Cinderace, F|15/100
|turn|59
|-message|bellaisbad forfeited.
|
|win|AnonymousJon
|raw|bellaisbad's rating: 1693 &rarr; <strong>1678</strong><br />(-15 for losing)
|raw|AnonymousJon's rating: 1777 &rarr; <strong>1792</strong><br />(+15 for winning)
|l|☆bellaisbad
|player|p1|
|c|☆AnonymousJon|gg
|l|☆AnonymousJon
|player|p2|
