|j|☆imgodslayer
|j|☆alxiz⏣⏑⏣
|t:|1757928445
|gametype|singles
|player|p1|imgodslayer|benga|1417
|player|p2|alxiz⏣⏑⏣|miku-water|1381
|gen|9
|tier|[Gen 9] OU
|rated|
|rule|HP Percentage Mod: HP is shown in percentages
|rule|Endless Battle Clause: Forcing endless battles is banned
|rule|Species Clause: Limit one of each Pokémon
|rule|OHKO Clause: OHKO moves are banned
|rule|Evasion Items Clause: Evasion items are banned
|rule|Evasion Moves Clause: Evasion moves are banned
|rule|Evasion Abilities Clause: Evasion abilities are banned
|rule|Sleep Moves Clause: Sleep-inducing moves are banned
|clearpoke
|poke|p1|Araquanid, F|
|poke|p1|Pelipper, M|
|poke|p1|Raging Bolt|
|poke|p1|Great Tusk|
|poke|p1|Poliwrath, M|
|poke|p1|Goodra-Hisui, F|
|poke|p2|Kingambit, F|
|poke|p2|Kyurem|
|poke|p2|Rillaboom, F|
|poke|p2|Ogerpon-Wellspring, F|
|poke|p2|Iron Valiant|
|poke|p2|Glimmora, F|
|teampreview
|
|t:|1757928455
|teamsize|p1|6
|teamsize|p2|6
|start
|switch|p1a: Pelipper|Pelipper, M|100/100
|switch|p2a: Kingambit|Kingambit, F|100/100
|-weather|RainDance|[from] ability: Drizzle|[of] p1a: Pelipper
|turn|1
|
|t:|1757928458
|move|p1a: Pelipper|Weather Ball|p2a: Kingambit
|-damage|p2a: Kingambit|30/100
|move|p2a: Kingambit|Thunder Wave|p1a: Pelipper
|-status|p1a: Pelipper|par
|
|-weather|RainDance|[upkeep]
|-heal|p2a: Kingambit|36/100|[from] item: Leftovers
|upkeep
|turn|2
|
|t:|1757928463
|-end|p2a: Kingambit|fallenundefined|[silent]
|switch|p2a: Ogerpon|Ogerpon-Wellspring, F|100/100
|move|p1a: Pelipper|U-turn|p2a: Ogerpon
|-supereffective|p2a: Ogerpon
|-crit|p2a: Ogerpon
|-damage|p2a: Ogerpon|69/100
|
|t:|1757928468
|switch|p1a: Goodra|Goodra-Hisui, F|100/100|[from] U-turn
|
|-weather|RainDance|[upkeep]
|upkeep
|turn|3
|
|t:|1757928471
|switch|p2a: Glimmora|Glimmora, F|100/100
|move|p1a: Goodra|Thunderbolt|p2a: Glimmora
|-crit|p2a: Glimmora
|-damage|p2a: Glimmora|39/100
|
|-weather|RainDance|[upkeep]
|upkeep
|turn|4
|
|t:|1757928477
|switch|p2a: Rillaboom|Rillaboom, F|100/100
|-fieldstart|move: Grassy Terrain|[from] ability: Grassy Surge|[of] p2a: Rillaboom
|move|p1a: Goodra|Flash Cannon|p2a: Rillaboom
|-damage|p2a: Rillaboom|50/100
|
|-weather|RainDance|[upkeep]
|-heal|p2a: Rillaboom|57/100|[from] Grassy Terrain
|upkeep
|turn|5
|
|t:|1757928483
|switch|p1a: Great Tusk|Great Tusk|100/100
|move|p2a: Rillaboom|Knock Off|p1a: Great Tusk
|-resisted|p1a: Great Tusk
|-damage|p1a: Great Tusk|87/100
|-damage|p2a: Rillaboom|40/100|[from] item: Rocky Helmet|[of] p1a: Great Tusk
|-enditem|p1a: Great Tusk|Rocky Helmet|[from] move: Knock Off|[of] p2a: Rillaboom
|
|-weather|RainDance|[upkeep]
|-heal|p2a: Rillaboom|46/100|[from] Grassy Terrain
|-heal|p1a: Great Tusk|93/100|[from] Grassy Terrain
|upkeep
|turn|6
|
|t:|1757928489
|switch|p2a: Glimmora|Glimmora, F|39/100
|-end|p1a: Great Tusk|Protosynthesis|[silent]
|switch|p1a: Goodra|Goodra-Hisui, F|100/100
|
|-weather|RainDance|[upkeep]
|-heal|p2a: Glimmora|45/100|[from] Grassy Terrain
|upkeep
|turn|7
|
|t:|1757928496
|move|p2a: Glimmora|Earth Power|p1a: Goodra
|-supereffective|p1a: Goodra
|-damage|p1a: Goodra|74/100
|move|p1a: Goodra|Flash Cannon|p2a: Glimmora
|-supereffective|p2a: Glimmora
|-crit|p2a: Glimmora
|-damage|p2a: Glimmora|0 fnt
|faint|p2a: Glimmora
|
|-weather|RainDance|[upkeep]
|-heal|p1a: Goodra|80/100|[from] Grassy Terrain
|upkeep
|
|t:|1757928507
|switch|p2a: Ogerpon|Ogerpon-Wellspring, F|69/100
|turn|8
|
|t:|1757928514
|move|p2a: Ogerpon|Swords Dance|p2a: Ogerpon
|-boost|p2a: Ogerpon|atk|2
|move|p1a: Goodra|Draco Meteor|p2a: Ogerpon
|-damage|p2a: Ogerpon|0 fnt
|-unboost|p1a: Goodra|spa|2
|faint|p2a: Ogerpon
|
|-weather|none
|-heal|p1a: Goodra|86/100|[from] Grassy Terrain
|-fieldend|move: Grassy Terrain
|upkeep
|
|t:|1757928517
|switch|p2a: Iron Valiant|Iron Valiant|100/100
|-enditem|p2a: Iron Valiant|Booster Energy
|-activate|p2a: Iron Valiant|ability: Quark Drive|[fromitem]
|-start|p2a: Iron Valiant|quarkdrivespe
|turn|9
|
|t:|1757928521
|move|p2a: Iron Valiant|Swords Dance|p2a: Iron Valiant
|-boost|p2a: Iron Valiant|atk|2
|move|p1a: Goodra|Flash Cannon|p2a: Iron Valiant
|-supereffective|p2a: Iron Valiant
|-damage|p2a: Iron Valiant|30/100
|
|upkeep
|turn|10
|
|t:|1757928528
|switch|p1a: Great Tusk|Great Tusk|93/100
|move|p2a: Iron Valiant|Close Combat|p1a: Great Tusk
|-damage|p1a: Great Tusk|22/100
|-unboost|p2a: Iron Valiant|def|1
|-unboost|p2a: Iron Valiant|spd|1
|
|upkeep
|turn|11
|
|t:|1757928536
|move|p2a: Iron Valiant|Knock Off|p1a: Great Tusk
|-resisted|p1a: Great Tusk
|-damage|p1a: Great Tusk|8/100
|move|p1a: Great Tusk|Rapid Spin|p2a: Iron Valiant
|-damage|p2a: Iron Valiant|0 fnt
|-boost|p1a: Great Tusk|spe|1
|faint|p2a: Iron Valiant
|-end|p2a: Iron Valiant|Quark Drive|[silent]
|
|upkeep
|
|t:|1757928540
|switch|p2a: Rillaboom|Rillaboom, F|46/100
|-fieldstart|move: Grassy Terrain|[from] ability: Grassy Surge|[of] p2a: Rillaboom
|turn|12
|
|t:|1757928544
|move|p2a: Rillaboom|Grassy Glide|p1a: Great Tusk
|-supereffective|p1a: Great Tusk
|-damage|p1a: Great Tusk|0 fnt
|faint|p1a: Great Tusk
|-end|p1a: Great Tusk|Protosynthesis|[silent]
|
|-heal|p2a: Rillaboom|52/100|[from] Grassy Terrain
|upkeep
|
|t:|1757928548
|switch|p1a: Pelipper|Pelipper, M|100/100 par
|-weather|RainDance|[from] ability: Drizzle|[of] p1a: Pelipper
|turn|13
|inactive|Battle timer is ON: inactive players will automatically lose when time's up. (requested by imgodslayer)
|
|t:|1757928556
|switch|p1a: Goodra|Goodra-Hisui, F|86/100
|move|p2a: Rillaboom|Grassy Glide|p1a: Goodra
|-ability|p1a: Goodra|Sap Sipper|boost
|-boost|p1a: Goodra|atk|1
|
|-weather|RainDance|[upkeep]
|-heal|p2a: Rillaboom|59/100|[from] Grassy Terrain
|-heal|p1a: Goodra|92/100|[from] Grassy Terrain
|upkeep
|turn|14
|
|t:|1757928561
|switch|p2a: Kingambit|Kingambit, F|36/100
|-activate|p2a: Kingambit|ability: Supreme Overlord
|-start|p2a: Kingambit|fallen3|[silent]
|move|p1a: Goodra|Ice Beam|p2a: Kingambit
|-resisted|p2a: Kingambit
|-damage|p2a: Kingambit|22/100
|
|-weather|RainDance|[upkeep]
|-heal|p1a: Goodra|98/100|[from] Grassy Terrain
|-heal|p2a: Kingambit|28/100|[from] Grassy Terrain
|-heal|p2a: Kingambit|34/100|[from] item: Leftovers
|upkeep
|turn|15
|
|t:|1757928566
|move|p1a: Goodra|Thunderbolt|p2a: Kingambit
|-damage|p2a: Kingambit|7/100
|move|p2a: Kingambit|Thunder Wave|p1a: Goodra
|-status|p1a: Goodra|par
|
|-weather|RainDance|[upkeep]
|-heal|p2a: Kingambit|13/100|[from] Grassy Terrain
|-heal|p2a: Kingambit|20/100|[from] item: Leftovers
|-heal|p1a: Goodra|100/100 par|[from] Grassy Terrain
|upkeep
|turn|16
|
|t:|1757928571
|move|p2a: Kingambit|Iron Head|p1a: Goodra
|-resisted|p1a: Goodra
|-damage|p1a: Goodra|69/100 par
|cant|p1a: Goodra|par
|
|-weather|RainDance|[upkeep]
|-heal|p2a: Kingambit|26/100|[from] Grassy Terrain
|-heal|p2a: Kingambit|32/100|[from] item: Leftovers
|-heal|p1a: Goodra|75/100 par|[from] Grassy Terrain
|-fieldend|move: Grassy Terrain
|upkeep
|turn|17
|
|t:|1757928576
|move|p2a: Kingambit|Iron Head|p1a: Goodra
|-resisted|p1a: Goodra
|-damage|p1a: Goodra|48/100 par
|cant|p1a: Goodra|par
|
|-weather|RainDance|[upkeep]
|-heal|p2a: Kingambit|38/100|[from] item: Leftovers
|upkeep
|turn|18
|
|t:|1757928582
|switch|p1a: Poliwrath|Poliwrath, M|100/100
|move|p2a: Kingambit|Iron Head|p1a: Poliwrath
|-resisted|p1a: Poliwrath
|-damage|p1a: Poliwrath|67/100
|
|-weather|RainDance|[upkeep]
|-heal|p2a: Kingambit|44/100|[from] item: Leftovers
|upkeep
|turn|19
|
|t:|1757928588
|-end|p2a: Kingambit|fallen3|[silent]
|switch|p2a: Rillaboom|Rillaboom, F|59/100
|-fieldstart|move: Grassy Terrain|[from] ability: Grassy Surge|[of] p2a: Rillaboom
|move|p1a: Poliwrath|Liquidation|p2a: Rillaboom
|-resisted|p2a: Rillaboom
|-damage|p2a: Rillaboom|29/100
|
|-weather|RainDance|[upkeep]
|-heal|p1a: Poliwrath|73/100|[from] Grassy Terrain
|-heal|p2a: Rillaboom|35/100|[from] Grassy Terrain
|upkeep
|turn|20
|
|t:|1757928594
|switch|p1a: Goodra|Goodra-Hisui, F|48/100 par
|move|p2a: Rillaboom|Grassy Glide|p1a: Goodra
|-ability|p1a: Goodra|Sap Sipper|boost
|-boost|p1a: Goodra|atk|1
|
|-weather|none
|-heal|p2a: Rillaboom|41/100|[from] Grassy Terrain
|-heal|p1a: Goodra|54/100 par|[from] Grassy Terrain
|upkeep
|turn|21
|
|t:|1757928598
|switch|p2a: Kingambit|Kingambit, F|44/100
|-activate|p2a: Kingambit|ability: Supreme Overlord
|-start|p2a: Kingambit|fallen3|[silent]
|move|p1a: Goodra|Thunderbolt|p2a: Kingambit
|-damage|p2a: Kingambit|13/100
|
|-heal|p2a: Kingambit|19/100|[from] Grassy Terrain
|-heal|p2a: Kingambit|25/100|[from] item: Leftovers
|-heal|p1a: Goodra|60/100 par|[from] Grassy Terrain
|upkeep
|turn|22
|
|t:|1757928605
|switch|p1a: Pelipper|Pelipper, M|100/100 par
|-weather|RainDance|[from] ability: Drizzle|[of] p1a: Pelipper
|move|p2a: Kingambit|Iron Head|p1a: Pelipper
|-resisted|p1a: Pelipper
|-damage|p1a: Pelipper|66/100 par
|
|-weather|RainDance|[upkeep]
|-heal|p2a: Kingambit|31/100|[from] Grassy Terrain
|-heal|p2a: Kingambit|37/100|[from] item: Leftovers
|upkeep
|turn|23
|
|t:|1757928613
|move|p2a: Kingambit|Swords Dance|p2a: Kingambit
|-boost|p2a: Kingambit|atk|2
|cant|p1a: Pelipper|par
|
|-weather|RainDance|[upkeep]
|-heal|p2a: Kingambit|44/100|[from] Grassy Terrain
|-heal|p2a: Kingambit|50/100|[from] item: Leftovers
|-fieldend|move: Grassy Terrain
|upkeep
|turn|24
|
|t:|1757928620
|move|p2a: Kingambit|Kowtow Cleave|p1a: Pelipper
|-damage|p1a: Pelipper|0 fnt
|faint|p1a: Pelipper
|
|-weather|RainDance|[upkeep]
|-heal|p2a: Kingambit|56/100|[from] item: Leftovers
|upkeep
|
|t:|1757928625
|switch|p1a: Araquanid|Araquanid, F|100/100
|turn|25
|
|t:|1757928630
|move|p2a: Kingambit|Thunder Wave|p1a: Araquanid
|-status|p1a: Araquanid|par
|move|p1a: Araquanid|Liquidation|p2a: Kingambit
|-damage|p2a: Kingambit|0 fnt
|faint|p2a: Kingambit
|-end|p2a: Kingambit|fallen3|[silent]
|
|-weather|RainDance|[upkeep]
|upkeep
|
|t:|1757928642
|switch|p2a: Rillaboom|Rillaboom, F|41/100
|-fieldstart|move: Grassy Terrain|[from] ability: Grassy Surge|[of] p2a: Rillaboom
|turn|26
|
|t:|1757928645
|move|p2a: Rillaboom|Knock Off|p1a: Araquanid
|-damage|p1a: Araquanid|42/100 par
|-enditem|p1a: Araquanid|Choice Band|[from] move: Knock Off|[of] p2a: Rillaboom
|move|p1a: Araquanid|Liquidation|p2a: Rillaboom
|-resisted|p2a: Rillaboom
|-damage|p2a: Rillaboom|0 fnt
|faint|p2a: Rillaboom
|
|-weather|RainDance|[upkeep]
|-heal|p1a: Araquanid|48/100 par|[from] Grassy Terrain
|upkeep
|
|t:|1757928648
|switch|p2a: Kyurem|Kyurem|100/100
|-ability|p2a: Kyurem|Pressure
|turn|27
|
|t:|1757928660
|move|p2a: Kyurem|Freeze-Dry|p1a: Araquanid
|-supereffective|p1a: Araquanid
|-crit|p1a: Araquanid
|-damage|p1a: Araquanid|0 fnt
|faint|p1a: Araquanid
|
|-weather|RainDance|[upkeep]
|upkeep
|
|t:|1757928663
|switch|p1a: Poliwrath|Poliwrath, M|73/100
|turn|28
|
|t:|1757928668
|-terastallize|p1a: Poliwrath|Steel
|move|p1a: Poliwrath|Belly Drum|p1a: Poliwrath
|-damage|p1a: Poliwrath|23/100
|-setboost|p1a: Poliwrath|atk|6|[from] move: Belly Drum
|-enditem|p1a: Poliwrath|Sitrus Berry|[eat]
|-heal|p1a: Poliwrath|48/100|[from] item: Sitrus Berry
|move|p2a: Kyurem|Freeze-Dry|p1a: Poliwrath
|-resisted|p1a: Poliwrath
|-damage|p1a: Poliwrath|15/100
|
|-weather|RainDance|[upkeep]
|-heal|p1a: Poliwrath|21/100|[from] Grassy Terrain
|upkeep
|turn|29
|
|t:|1757928676
|move|p1a: Poliwrath|Drain Punch|p2a: Kyurem
|-supereffective|p2a: Kyurem
|-damage|p2a: Kyurem|0 fnt
|-heal|p1a: Poliwrath|82/100|[from] drain|[of] p2a: Kyurem
|faint|p2a: Kyurem
|
|win|imgodslayer
|raw|imgodslayer's rating: 1417 &rarr; <strong>1435</strong><br />(+18 for winning)
|raw|alxiz⏣⏑⏣'s rating: 1381 &rarr; <strong>1363</strong><br />(-18 for losing)
|l|☆alxiz⏣⏑⏣
|player|p2|
|l|☆imgodslayer
|player|p1|
