|j|☆99steps_stuts
|j|☆omari p
|t:|1757840280
|gametype|singles
|player|p1|99steps_stuts|brycenman|1672
|player|p2|omari p|pokemonrangerf|1603
|gen|9
|tier|[Gen 9] OU
|rated|
|rule|HP Percentage Mod: HP is shown in percentages
|rule|Endless Battle Clause: Forcing endless battles is banned
|rule|Species Clause: Limit one of each Pokémon
|rule|OHKO Clause: OHKO moves are banned
|rule|Evasion Items Clause: Evasion items are banned
|rule|Evasion Moves Clause: Evasion moves are banned
|rule|Evasion Abilities Clause: Evasion abilities are banned
|rule|Sleep Moves Clause: Sleep-inducing moves are banned
|clearpoke
|poke|p1|Clefable, M|
|poke|p1|Incineroar, M|
|poke|p1|Clodsire, M|
|poke|p1|Zapdos-Galar|
|poke|p1|Gholdengo|
|poke|p1|Dragapult, M|
|poke|p2|Ting-Lu|
|poke|p2|Glastrier|
|poke|p2|Thundurus-Therian, M|
|poke|p2|Cinderace, F|
|poke|p2|Latios, M|
|poke|p2|Corviknight, F|
|teampreview
|inactive|Battle timer is ON: inactive players will automatically lose when time's up. (requested by 99steps_stuts)
|
|t:|1757840307
|teamsize|p1|6
|teamsize|p2|6
|start
|switch|p1a: Incineroar|Incineroar, M, shiny|100/100
|switch|p2a: Cinderace|Cinderace, F|100/100
|-ability|p1a: Incineroar|Intimidate|boost
|-unboost|p2a: Cinderace|atk|1
|turn|1
|
|t:|1757840316
|move|p2a: Cinderace|High Jump Kick|p1a: Incineroar
|-start|p2a: Cinderace|typechange|Fighting|[from] ability: Libero
|-supereffective|p1a: Incineroar
|-damage|p1a: Incineroar|21/100
|move|p1a: Incineroar|Knock Off|p2a: Cinderace
|-resisted|p2a: Cinderace
|-crit|p2a: Cinderace
|-damage|p2a: Cinderace|49/100
|-enditem|p2a: Cinderace|Flame Plate|[from] move: Knock Off|[of] p1a: Incineroar
|
|upkeep
|turn|2
|
|t:|1757840330
|switch|p2a: Ting-Lucifer|Ting-Lu|100/100
|-ability|p2a: Ting-Lucifer|Vessel of Ruin
|move|p1a: Incineroar|Will-O-Wisp|p2a: Ting-Lucifer
|-status|p2a: Ting-Lucifer|brn
|
|-damage|p2a: Ting-Lucifer|94/100 brn|[from] brn
|upkeep
|turn|3
|
|t:|1757840335
|move|p1a: Incineroar|U-turn|p2a: Ting-Lucifer
|-supereffective|p2a: Ting-Lucifer
|-damage|p2a: Ting-Lucifer|67/100 brn
|-enditem|p2a: Ting-Lucifer|Weakness Policy
|-boost|p2a: Ting-Lucifer|atk|2|[from] item: Weakness Policy
|-boost|p2a: Ting-Lucifer|spa|2|[from] item: Weakness Policy
|
|t:|1757840340
|switch|p1a: Clefairie|Clefable, M, shiny|100/100|[from] U-turn
|move|p2a: Ting-Lucifer|Earthquake|p1a: Clefairie
|-damage|p1a: Clefairie|81/100
|
|-heal|p1a: Clefairie|88/100|[from] item: Leftovers
|-damage|p2a: Ting-Lucifer|61/100 brn|[from] brn
|upkeep
|turn|4
|
|t:|1757840342
|move|p1a: Clefairie|Wish|p1a: Clefairie
|move|p2a: Ting-Lucifer|Stealth Rock|p1a: Clefairie
|-sidestart|p1: 99steps_stuts|move: Stealth Rock
|
|-heal|p1a: Clefairie|94/100|[from] item: Leftovers
|-damage|p2a: Ting-Lucifer|54/100 brn|[from] brn
|upkeep
|turn|5
|
|t:|1757840353
|move|p1a: Clefairie|Moonblast|p2a: Ting-Lucifer
|-supereffective|p2a: Ting-Lucifer
|-damage|p2a: Ting-Lucifer|21/100 brn
|move|p2a: Ting-Lucifer|Heavy Slam|p1a: Clefairie
|-supereffective|p1a: Clefairie
|-damage|p1a: Clefairie|61/100
|
|-heal|p1a: Clefairie|100/100|[from] move: Wish|[wisher] Clefairie
|-damage|p2a: Ting-Lucifer|14/100 brn|[from] brn
|upkeep
|turn|6
|
|t:|1757840359
|move|p1a: Clefairie|Moonblast|p2a: Ting-Lucifer
|-supereffective|p2a: Ting-Lucifer
|-damage|p2a: Ting-Lucifer|0 fnt
|faint|p2a: Ting-Lucifer
|
|upkeep
|
|t:|1757840364
|switch|p2a: Cinderace|Cinderace, F|49/100
|turn|7
|
|t:|1757840366
|move|p1a: Clefairie|Protect|p1a: Clefairie
|-singleturn|p1a: Clefairie|Protect
|move|p2a: Cinderace|Pyro Ball|p1a: Clefairie
|-activate|p1a: Clefairie|move: Protect
|
|upkeep
|turn|8
|
|t:|1757840374
|move|p2a: Cinderace|Pyro Ball|p1a: Clefairie|[miss]
|-miss|p2a: Cinderace|p1a: Clefairie
|move|p1a: Clefairie|Wish|p1a: Clefairie
|
|upkeep
|turn|9
|
|t:|1757840400
|switch|p1a: Incineroar|Incineroar, M, shiny|21/100
|-ability|p1a: Incineroar|Intimidate|boost
|-unboost|p2a: Cinderace|atk|1
|move|p2a: Cinderace|Pyro Ball|p1a: Incineroar
|-resisted|p1a: Incineroar
|-damage|p1a: Incineroar|0 fnt
|faint|p1a: Incineroar
|
|upkeep
|
|t:|1757840405
|switch|p1a: Dragapult|Dragapult, M|100/100
|turn|10
|
|t:|1757840409
|switch|p2a: Latios|Latios, M|100/100
|move|p1a: Dragapult|Dragon Darts|p2a: Latios
|-supereffective|p2a: Latios
|-damage|p2a: Latios|33/100
|-anim|p1a: Dragapult|Dragon Darts|p2a: Latios
|-supereffective|p2a: Latios
|-damage|p2a: Latios|0 fnt
|faint|p2a: Latios
|
|upkeep
|
|t:|1757840415
|switch|p2a: Glastrier|Glastrier|100/100
|turn|11
|
|t:|1757840418
|-terastallize|p2a: Glastrier|Fire
|move|p1a: Dragapult|Will-O-Wisp|p2a: Glastrier
|-immune|p2a: Glastrier
|move|p2a: Glastrier|Icicle Crash|p1a: Dragapult
|-supereffective|p1a: Dragapult
|-damage|p1a: Dragapult|0 fnt
|faint|p1a: Dragapult
|-ability|p2a: Glastrier|Chilling Neigh|boost
|-boost|p2a: Glastrier|atk|1
|
|upkeep
|
|t:|1757840423
|switch|p1a: Clefairie|Clefable, M, shiny|100/100
|-damage|p1a: Clefairie|88/100|[from] Stealth Rock
|turn|12
|
|t:|1757840427
|move|p1a: Clefairie|Wish|p1a: Clefairie
|move|p2a: Glastrier|Swords Dance|p2a: Glastrier
|-boost|p2a: Glastrier|atk|2
|
|-heal|p1a: Clefairie|94/100|[from] item: Leftovers
|upkeep
|turn|13
|
|t:|1757840430
|move|p1a: Clefairie|Moonblast|p2a: Glastrier
|-resisted|p2a: Glastrier
|-damage|p2a: Glastrier|89/100
|move|p2a: Glastrier|Icicle Crash|p1a: Clefairie
|-damage|p1a: Clefairie|55/100
|
|-heal|p1a: Clefairie|100/100|[from] move: Wish|[wisher] Clefairie
|-heal|p2a: Glastrier|96/100|[from] item: Leftovers
|upkeep
|turn|14
|
|t:|1757840438
|move|p1a: Clefairie|Wish|p1a: Clefairie
|move|p2a: Glastrier|High Horsepower|p1a: Clefairie
|-damage|p1a: Clefairie|69/100
|
|-heal|p1a: Clefairie|75/100|[from] item: Leftovers
|-heal|p2a: Glastrier|100/100|[from] item: Leftovers
|upkeep
|turn|15
|
|t:|1757840441
|move|p1a: Clefairie|Calm Mind|p1a: Clefairie
|-boost|p1a: Clefairie|spa|1
|-boost|p1a: Clefairie|spd|1
|move|p2a: Glastrier|High Horsepower|p1a: Clefairie
|-damage|p1a: Clefairie|48/100
|
|-heal|p1a: Clefairie|98/100|[from] move: Wish|[wisher] Clefairie
|-heal|p1a: Clefairie|100/100|[from] item: Leftovers
|upkeep
|turn|16
|
|t:|1757840447
|switch|p2a: Cinderace|Cinderace, F|49/100
|move|p1a: Clefairie|Calm Mind|p1a: Clefairie
|-boost|p1a: Clefairie|spa|1
|-boost|p1a: Clefairie|spd|1
|
|upkeep
|turn|17
|
|t:|1757840449
|move|p1a: Clefairie|Protect|p1a: Clefairie
|-singleturn|p1a: Clefairie|Protect
|move|p2a: Cinderace|Pyro Ball|p1a: Clefairie
|-activate|p1a: Clefairie|move: Protect
|
|upkeep
|turn|18
|
|t:|1757840452
|move|p2a: Cinderace|Pyro Ball|p1a: Clefairie
|-damage|p1a: Clefairie|50/100
|move|p1a: Clefairie|Wish|p1a: Clefairie
|
|-heal|p1a: Clefairie|56/100|[from] item: Leftovers
|upkeep
|turn|19
|
|t:|1757840457
|move|p2a: Cinderace|Pyro Ball|p1a: Clefairie
|-damage|p1a: Clefairie|11/100
|move|p1a: Clefairie|Calm Mind|p1a: Clefairie
|-boost|p1a: Clefairie|spa|1
|-boost|p1a: Clefairie|spd|1
|
|-heal|p1a: Clefairie|61/100|[from] move: Wish|[wisher] Clefairie
|-heal|p1a: Clefairie|67/100|[from] item: Leftovers
|upkeep
|turn|20
|
|t:|1757840460
|move|p1a: Clefairie|Protect|p1a: Clefairie
|-singleturn|p1a: Clefairie|Protect
|move|p2a: Cinderace|Pyro Ball|p1a: Clefairie
|-activate|p1a: Clefairie|move: Protect
|
|-heal|p1a: Clefairie|73/100|[from] item: Leftovers
|upkeep
|turn|21
|
|t:|1757840461
|move|p2a: Cinderace|Pyro Ball|p1a: Clefairie
|-damage|p1a: Clefairie|27/100
|move|p1a: Clefairie|Wish|p1a: Clefairie
|
|-heal|p1a: Clefairie|33/100|[from] item: Leftovers
|upkeep
|turn|22
|
|t:|1757840464
|switch|p2a: Thundurus|Thundurus-Therian, M|100/100
|move|p1a: Clefairie|Protect||[still]
|-fail|p1a: Clefairie
|
|-heal|p1a: Clefairie|83/100|[from] move: Wish|[wisher] Clefairie
|-heal|p1a: Clefairie|89/100|[from] item: Leftovers
|upkeep
|turn|23
|
|t:|1757840466
|move|p2a: Thundurus|Thunderbolt|p1a: Clefairie
|-damage|p1a: Clefairie|68/100
|move|p1a: Clefairie|Wish|p1a: Clefairie
|
|-heal|p1a: Clefairie|74/100|[from] item: Leftovers
|upkeep
|turn|24
|
|t:|1757840470
|move|p2a: Thundurus|Thunderbolt|p1a: Clefairie
|-damage|p1a: Clefairie|54/100
|move|p1a: Clefairie|Moonblast|p2a: Thundurus
|-damage|p2a: Thundurus|0 fnt
|faint|p2a: Thundurus
|
|-heal|p1a: Clefairie|100/100|[from] move: Wish|[wisher] Clefairie
|upkeep
|
|t:|1757840474
|switch|p2a: Corviknight|Corviknight, F|100/100
|-ability|p2a: Corviknight|Pressure
|turn|25
|
|t:|1757840477
|move|p2a: Corviknight|Iron Defense|p2a: Corviknight
|-boost|p2a: Corviknight|def|2
|move|p1a: Clefairie|Calm Mind|p1a: Clefairie
|-boost|p1a: Clefairie|spa|1
|-boost|p1a: Clefairie|spd|1
|
|upkeep
|turn|26
|
|t:|1757840479
|move|p2a: Corviknight|Iron Defense|p2a: Corviknight
|-boost|p2a: Corviknight|def|2
|move|p1a: Clefairie|Calm Mind|p1a: Clefairie
|-boost|p1a: Clefairie|spa|1
|-boost|p1a: Clefairie|spd|1
|
|upkeep
|turn|27
|-message|omari p forfeited.
|
|win|99steps_stuts
|raw|99steps_stuts's rating: 1672 &rarr; <strong>1688</strong><br />(+16 for winning)
|raw|omari p's rating: 1603 &rarr; <strong>1587</strong><br />(-16 for losing)
|l|☆omari p
|player|p2|
