|j|☆findmyhair
|j|☆goopunch
|t:|1757807030
|gametype|singles
|player|p1|findmyhair|acetrainercouple|1223
|player|p2|goopunch|101|1175
|gen|9
|tier|[Gen 9] OU
|rated|
|rule|HP Percentage Mod: HP is shown in percentages
|rule|Endless Battle Clause: Forcing endless battles is banned
|rule|Species Clause: Limit one of each Pokémon
|rule|OHKO Clause: OHKO moves are banned
|rule|Evasion Items Clause: Evasion items are banned
|rule|Evasion Moves Clause: Evasion moves are banned
|rule|Evasion Abilities Clause: Evasion abilities are banned
|rule|Sleep Moves Clause: Sleep-inducing moves are banned
|clearpoke
|poke|p1|Cresselia, F|
|poke|p1|Slowking-Galar, M|
|poke|p1|Iron Hands|
|poke|p1|Ursaluna, F|
|poke|p1|Crawdaunt, F|
|poke|p1|Klefki, M|
|poke|p2|Tornadus-Therian, M|
|poke|p2|Iron Treads|
|poke|p2|Dragapult, M|
|poke|p2|Samurott-Hisui, M|
|poke|p2|Hatterene, F|
|poke|p2|Zamazenta-*|
|teampreview
|inactive|Battle timer is ON: inactive players will automatically lose when time's up. (requested by findmyhair)
|
|t:|1757807036
|teamsize|p1|6
|teamsize|p2|6
|start
|switch|p1a: Klefki|Klefki, M|100/100
|switch|p2a: Samurott|Samurott-Hisui, M|100/100
|turn|1
|
|t:|1757807049
|switch|p2a: Hatterene|Hatterene, F|100/100
|move|p1a: Klefki|Reflect|p1a: Klefki
|-sidestart|p1: findmyhair|Reflect
|
|upkeep
|turn|2
|
|t:|1757807055
|move|p1a: Klefki|Light Screen|p1a: Klefki
|-sidestart|p1: findmyhair|move: Light Screen
|move|p2a: Hatterene|Mystical Fire|p1a: Klefki
|-supereffective|p1a: Klefki
|-damage|p1a: Klefki|72/100
|-unboost|p1a: Klefki|spa|1
|
|upkeep
|turn|3
|
|t:|1757807067
|switch|p1a: Slowking|Slowking-Galar, M|100/100
|move|p2a: Hatterene|Psychic Noise|p1a: Slowking
|-crit|p1a: Slowking
|-damage|p1a: Slowking|57/100
|-start|p1a: Slowking|move: Heal Block
|
|upkeep
|turn|4
|
|t:|1757807076
|switch|p2a: Iron Treads|Iron Treads|100/100
|-item|p2a: Iron Treads|Air Balloon
|move|p1a: Slowking|Sludge Bomb|p2a: Iron Treads
|-immune|p2a: Iron Treads
|
|-end|p1a: Slowking|move: Heal Block
|upkeep
|turn|5
|
|t:|1757807086
|move|p2a: Iron Treads|Stealth Rock|p1a: Slowking
|-sidestart|p1: findmyhair|move: Stealth Rock
|move|p1a: Slowking|Fire Blast|p2a: Iron Treads
|-supereffective|p2a: Iron Treads
|-damage|p2a: Iron Treads|9/100
|-enditem|p2a: Iron Treads|Air Balloon
|
|-heal|p1a: Slowking|63/100|[from] item: Black Sludge
|upkeep
|turn|6
|
|t:|1757807096
|move|p2a: Iron Treads|Volt Switch|p1a: Slowking
|-damage|p1a: Slowking|59/100
|
|t:|1757807109
|-end|p2a: Iron Treads|Quark Drive|[silent]
|switch|p2a: Tornadus|Tornadus-Therian, M|100/100|[from] Volt Switch
|move|p1a: Slowking|Trick Room|p1a: Slowking
|-fieldstart|move: Trick Room|[of] p1a: Slowking
|
|-heal|p1a: Slowking|65/100|[from] item: Black Sludge
|upkeep
|turn|7
|j| GruesomeLovelies
|
|t:|1757807123
|move|p1a: Slowking|Sludge Bomb|p2a: Tornadus
|-damage|p2a: Tornadus|52/100
|move|p2a: Tornadus|Knock Off|p1a: Slowking
|-supereffective|p1a: Slowking
|-damage|p1a: Slowking|42/100
|-enditem|p1a: Slowking|Black Sludge|[from] move: Knock Off|[of] p2a: Tornadus
|
|upkeep
|turn|8
|
|t:|1757807140
|switch|p1a: Cresselia|Cresselia, F|100/100
|-damage|p1a: Cresselia|88/100|[from] Stealth Rock
|switch|p2a: Iron Treads|Iron Treads|9/100
|
|-sideend|p1: findmyhair|Reflect
|upkeep
|turn|9
|
|t:|1757807153
|move|p1a: Cresselia|Psychic|p2a: Iron Treads
|-resisted|p2a: Iron Treads
|-damage|p2a: Iron Treads|0 fnt
|faint|p2a: Iron Treads
|-end|p2a: Iron Treads|Quark Drive|[silent]
|
|-sideend|p1: findmyhair|move: Light Screen
|upkeep
|
|t:|1757807160
|switch|p2a: Samurott|Samurott-Hisui, M|100/100
|turn|10
|
|t:|1757807189
|-terastallize|p1a: Cresselia|Fairy
|move|p1a: Cresselia|Ice Beam|p2a: Samurott
|-resisted|p2a: Samurott
|-damage|p2a: Samurott|88/100
|move|p2a: Samurott|Ceaseless Edge|p1a: Cresselia|[miss]
|-miss|p2a: Samurott|p1a: Cresselia
|
|-fieldend|move: Trick Room
|upkeep
|turn|11
|
|t:|1757807198
|move|p2a: Samurott|Liquidation|p1a: Cresselia
|-damage|p1a: Cresselia|65/100
|move|p1a: Cresselia|Trick Room|p1a: Cresselia
|-fieldstart|move: Trick Room|[of] p1a: Cresselia
|
|upkeep
|turn|12
|
|t:|1757807204
|switch|p1a: Klefki|Klefki, M|72/100
|-damage|p1a: Klefki|66/100|[from] Stealth Rock
|switch|p2a: Hatterene|Hatterene, F|100/100
|
|upkeep
|turn|13
|
|t:|1757807211
|move|p1a: Klefki|Light Screen|p1a: Klefki
|-sidestart|p1: findmyhair|move: Light Screen
|move|p2a: Hatterene|Mystical Fire|p1a: Klefki
|-supereffective|p1a: Klefki
|-damage|p1a: Klefki|39/100
|-unboost|p1a: Klefki|spa|1
|
|upkeep
|turn|14
|
|t:|1757807217
|move|p1a: Klefki|Reflect|p1a: Klefki
|-sidestart|p1: findmyhair|Reflect
|move|p2a: Hatterene|Psychic Noise|p1a: Klefki
|-resisted|p1a: Klefki
|-damage|p1a: Klefki|29/100
|-start|p1a: Klefki|move: Heal Block
|
|upkeep
|turn|15
|
|t:|1757807242
|switch|p1a: Cresselia|Cresselia, F, tera:Fairy|65/100
|-damage|p1a: Cresselia|53/100|[from] Stealth Rock
|move|p2a: Hatterene|Mystical Fire|p1a: Cresselia
|-damage|p1a: Cresselia|46/100
|-unboost|p1a: Cresselia|spa|1
|
|-fieldend|move: Trick Room
|upkeep
|turn|16
|
|t:|1757807251
|move|p2a: Hatterene|Psychic Noise|p1a: Cresselia
|-damage|p1a: Cresselia|35/100
|-start|p1a: Cresselia|move: Heal Block
|-enditem|p1a: Cresselia|Mental Herb
|-end|p1a: Cresselia|move: Heal Block
|move|p1a: Cresselia|Trick Room|p1a: Cresselia
|-fieldstart|move: Trick Room|[of] p1a: Cresselia
|
|upkeep
|turn|17
|
|t:|1757807263
|switch|p1a: Slowking|Slowking-Galar, M|76/100
|-damage|p1a: Slowking|63/100|[from] Stealth Rock
|move|p2a: Hatterene|Psychic Noise|p1a: Slowking
|-damage|p1a: Slowking|49/100
|-start|p1a: Slowking|move: Heal Block
|
|upkeep
|turn|18
|
|t:|1757807291
|move|p1a: Slowking|Nasty Plot|p1a: Slowking
|-boost|p1a: Slowking|spa|2
|move|p2a: Hatterene|Psychic Noise|p1a: Slowking
|-damage|p1a: Slowking|35/100
|
|-end|p1a: Slowking|move: Heal Block
|upkeep
|turn|19
|inactive|goopunch has 120 seconds left.
|
|t:|1757807309
|switch|p2a: Samurott|Samurott-Hisui, M|88/100
|move|p1a: Slowking|Sludge Bomb|p2a: Samurott
|-damage|p2a: Samurott|0 fnt
|faint|p2a: Samurott
|
|upkeep
|inactive|goopunch has 120 seconds left.
|
|t:|1757807319
|switch|p2a: Hatterene|Hatterene, F|100/100
|turn|20
|
|t:|1757807323
|move|p1a: Slowking|Sludge Bomb|p2a: Hatterene
|-supereffective|p2a: Hatterene
|-damage|p2a: Hatterene|0 fnt
|faint|p2a: Hatterene
|
|-sideend|p1: findmyhair|move: Light Screen
|-fieldend|move: Trick Room
|upkeep
|inactive|goopunch has 120 seconds left.
|
|t:|1757807335
|switch|p2a: Zamazenta|Zamazenta|100/100
|-ability|p2a: Zamazenta|Dauntless Shield|boost
|-boost|p2a: Zamazenta|def|1
|turn|21
|
|t:|1757807344
|-terastallize|p2a: Zamazenta|Fire
|move|p2a: Zamazenta|Crunch|p1a: Slowking
|-supereffective|p1a: Slowking
|-damage|p1a: Slowking|2/100
|move|p1a: Slowking|Trick Room|p1a: Slowking
|-fieldstart|move: Trick Room|[of] p1a: Slowking
|
|-sideend|p1: findmyhair|Reflect
|upkeep
|turn|22
|
|t:|1757807358
|move|p1a: Slowking|Sludge Bomb|p2a: Zamazenta
|-damage|p2a: Zamazenta|31/100
|move|p2a: Zamazenta|Crunch|p1a: Slowking
|-supereffective|p1a: Slowking
|-damage|p1a: Slowking|0 fnt
|faint|p1a: Slowking
|
|upkeep
|
|t:|1757807378
|switch|p1a: Ursaluna|Ursaluna, F|100/100
|-damage|p1a: Ursaluna|94/100|[from] Stealth Rock
|turn|23
|
|t:|1757807382
|switch|p2a: Tornadus|Tornadus-Therian, M|85/100
|move|p1a: Ursaluna|Facade|p2a: Tornadus
|-damage|p2a: Tornadus|34/100
|
|-status|p1a: Ursaluna|brn|[from] item: Flame Orb
|upkeep
|turn|24
|
|t:|1757807393
|move|p1a: Ursaluna|Earthquake|p2a: Tornadus
|-immune|p2a: Tornadus
|move|p2a: Tornadus|Hurricane|p1a: Ursaluna
|-damage|p1a: Ursaluna|58/100 brn
|
|-damage|p1a: Ursaluna|52/100 brn|[from] brn
|upkeep
|turn|25
|
|t:|1757807404
|move|p1a: Ursaluna|Facade|p2a: Tornadus
|-damage|p2a: Tornadus|0 fnt
|faint|p2a: Tornadus
|
|-damage|p1a: Ursaluna|45/100 brn|[from] brn
|-fieldend|move: Trick Room
|upkeep
|
|t:|1757807410
|switch|p2a: Zamazenta|Zamazenta, tera:Fire|31/100
|turn|26
|
|t:|1757807418
|move|p2a: Zamazenta|Body Press|p1a: Ursaluna
|-supereffective|p1a: Ursaluna
|-damage|p1a: Ursaluna|0 fnt
|faint|p1a: Ursaluna
|
|upkeep
|
|t:|1757807426
|switch|p1a: Klefki|Klefki, M|29/100
|-damage|p1a: Klefki|23/100|[from] Stealth Rock
|turn|27
|
|t:|1757807433
|move|p1a: Klefki|Reflect|p1a: Klefki
|-sidestart|p1: findmyhair|Reflect
|move|p2a: Zamazenta|Heavy Slam|p1a: Klefki
|-damage|p1a: Klefki|6/100
|
|upkeep
|turn|28
|
|t:|1757807439
|move|p1a: Klefki|Thunder Wave|p2a: Zamazenta
|-status|p2a: Zamazenta|par
|move|p2a: Zamazenta|Iron Defense|p2a: Zamazenta
|-boost|p2a: Zamazenta|def|2
|
|upkeep
|turn|29
|
|t:|1757807444
|move|p1a: Klefki|Light Screen|p1a: Klefki
|-sidestart|p1: findmyhair|move: Light Screen
|move|p2a: Zamazenta|Heavy Slam|p1a: Klefki
|-damage|p1a: Klefki|0 fnt
|faint|p1a: Klefki
|
|upkeep
|
|t:|1757807451
|switch|p1a: Crawdaunt|Crawdaunt, F|100/100
|-damage|p1a: Crawdaunt|88/100|[from] Stealth Rock
|turn|30
|
|t:|1757807456
|move|p1a: Crawdaunt|Aqua Jet|p2a: Zamazenta
|-supereffective|p2a: Zamazenta
|-damage|p2a: Zamazenta|0 fnt
|faint|p2a: Zamazenta
|-damage|p1a: Crawdaunt|78/100|[from] item: Life Orb
|
|upkeep
|
|t:|1757807462
|switch|p2a: Dragapult|Dragapult, M|100/100
|turn|31
|
|t:|1757807467
|move|p2a: Dragapult|Draco Meteor|p1a: Crawdaunt
|-damage|p1a: Crawdaunt|0 fnt
|-unboost|p2a: Dragapult|spa|2
|faint|p1a: Crawdaunt
|
|upkeep
|-message|goopunch forfeited.
|
|win|findmyhair
|raw|findmyhair's rating: 1223 &rarr; <strong>1245</strong><br />(+22 for winning)
|raw|goopunch's rating: 1175 &rarr; <strong>1153</strong><br />(-22 for losing)
|l|☆goopunch
|player|p2|
