|j|☆BBT94
|j|☆jyvon12811
|t:|1757934310
|gametype|singles
|player|p1|BBT94|265|1536
|player|p2|jyvon12811|170|1538
|gen|9
|tier|[Gen 9] OU
|rated|
|rule|HP Percentage Mod: HP is shown in percentages
|rule|Endless Battle Clause: Forcing endless battles is banned
|rule|Species Clause: Limit one of each Pokémon
|rule|OHKO Clause: OHKO moves are banned
|rule|Evasion Items Clause: Evasion items are banned
|rule|Evasion Moves Clause: Evasion moves are banned
|rule|Evasion Abilities Clause: Evasion abilities are banned
|rule|Sleep Moves Clause: Sleep-inducing moves are banned
|clearpoke
|poke|p1|Great Tusk|
|poke|p1|Dragapult, M|
|poke|p1|Alomomola, M|
|poke|p1|Slowking-Galar, F|
|poke|p1|Kingambit, F|
|poke|p1|Enamorus, F|
|poke|p2|Darkrai|
|poke|p2|Slowking-Galar, F|
|poke|p2|Gliscor, F|
|poke|p2|Corviknight, F|
|poke|p2|Alomomola, F|
|poke|p2|Hydrapple, M|
|teampreview
|inactive|Battle timer is ON: inactive players will automatically lose when time's up. (requested by jyvon12811)
|j| GeradiniEswatini
|c| GeradiniEswatini|Friends
|c|☆BBT94|yes bro
|l| GeradiniEswatini
|inactive|jyvon12811 has 120 seconds left.
|
|t:|1757934362
|teamsize|p1|6
|teamsize|p2|6
|start
|switch|p1a: Slowking|Slowking-Galar, F|100/100
|switch|p2a: Gliscor|Gliscor, F|100/100
|turn|1
|
|t:|1757934366
|move|p2a: Gliscor|Protect|p2a: Gliscor
|-singleturn|p2a: Gliscor|Protect
|move|p1a: Slowking|Ice Beam|p2a: Gliscor
|-activate|p2a: Gliscor|move: Protect
|
|-status|p2a: Gliscor|tox|[from] item: Toxic Orb
|upkeep
|turn|2
|j| Ctannn
|
|t:|1757934372
|move|p2a: Gliscor|Stealth Rock|p1a: Slowking
|-sidestart|p1: BBT94|move: Stealth Rock
|move|p1a: Slowking|Ice Beam|p2a: Gliscor
|-supereffective|p2a: Gliscor
|-damage|p2a: Gliscor|29/100 tox
|
|-heal|p2a: Gliscor|41/100 tox|[from] ability: Poison Heal
|upkeep
|turn|3
|
|t:|1757934378
|move|p2a: Gliscor|Protect|p2a: Gliscor
|-singleturn|p2a: Gliscor|Protect
|move|p1a: Slowking|Ice Beam|p2a: Gliscor
|-activate|p2a: Gliscor|move: Protect
|
|-heal|p2a: Gliscor|54/100 tox|[from] ability: Poison Heal
|upkeep
|turn|4
|
|t:|1757934382
|switch|p2a: Slowking|Slowking-Galar, F|100/100
|move|p1a: Slowking|Thunder Wave|p2a: Slowking
|-status|p2a: Slowking|par
|
|upkeep
|turn|5
|
|t:|1757934386
|-prepare|p1a: Slowking|Chilly Reception|[premajor]
|move|p1a: Slowking|Chilly Reception|p1a: Slowking
|-weather|Snowscape
|
|t:|1757934387
|switch|p1a: Great Tusk|Great Tusk|100/100|[from] Chilly Reception
|-damage|p1a: Great Tusk|98/100|[from] Stealth Rock
|-enditem|p1a: Great Tusk|Booster Energy
|-activate|p1a: Great Tusk|ability: Protosynthesis|[fromitem]
|-start|p1a: Great Tusk|protosynthesisspe
|-prepare|p2a: Slowking|Chilly Reception|[premajor]
|move|p2a: Slowking|Chilly Reception|p2a: Slowking
|
|t:|1757934401
|switch|p2a: Hydrapple|Hydrapple, M|100/100|[from] Chilly Reception
|
|-weather|Snowscape|[upkeep]
|upkeep
|turn|6
|inactive|BBT94 has 120 seconds left.
|
|t:|1757934460
|move|p1a: Great Tusk|Stealth Rock|p2a: Hydrapple
|-sidestart|p2: jyvon12811|move: Stealth Rock
|move|p2a: Hydrapple|Earth Power|p1a: Great Tusk
|-damage|p1a: Great Tusk|52/100
|
|-weather|Snowscape|[upkeep]
|upkeep
|turn|7
|
|t:|1757934471
|move|p1a: Great Tusk|Rapid Spin|p2a: Hydrapple
|-damage|p2a: Hydrapple|89/100
|-boost|p1a: Great Tusk|spe|1
|-sideend|p1: BBT94|Stealth Rock|[from] move: Rapid Spin|[of] p1a: Great Tusk
|move|p2a: Hydrapple|Giga Drain|p1a: Great Tusk
|-supereffective|p1a: Great Tusk
|-crit|p1a: Great Tusk
|-damage|p1a: Great Tusk|0 fnt
|-heal|p2a: Hydrapple|100/100|[from] drain|[of] p1a: Great Tusk
|faint|p1a: Great Tusk
|-end|p1a: Great Tusk|Protosynthesis|[silent]
|
|-weather|Snowscape|[upkeep]
|upkeep
|
|t:|1757934476
|switch|p1a: Dragapult|Dragapult, M|100/100
|turn|8
|
|t:|1757934480
|switch|p2a: Corviknight|Corviknight, F|100/100
|-damage|p2a: Corviknight|88/100|[from] Stealth Rock
|-ability|p2a: Corviknight|Pressure
|move|p1a: Dragapult|U-turn|p2a: Corviknight
|-resisted|p2a: Corviknight
|-damage|p2a: Corviknight|83/100
|
|t:|1757934483
|switch|p1a: Enamorus|Enamorus, F|100/100|[from] U-turn
|
|-weather|Snowscape|[upkeep]
|-heal|p2a: Corviknight|89/100|[from] item: Leftovers
|upkeep
|turn|9
|
|t:|1757934487
|switch|p1a: Kingambit|Kingambit, F|100/100
|-activate|p1a: Kingambit|ability: Supreme Overlord
|-start|p1a: Kingambit|fallen1|[silent]
|switch|p2a: Slowking|Slowking-Galar, F|100/100 par
|
|-weather|none
|upkeep
|turn|10
|
|t:|1757934492
|switch|p2a: Darkrai|Darkrai|100/100
|-damage|p2a: Darkrai|88/100|[from] Stealth Rock
|move|p1a: Kingambit|Kowtow Cleave|p2a: Darkrai
|-resisted|p2a: Darkrai
|-damage|p2a: Darkrai|53/100
|
|upkeep
|turn|11
|
|t:|1757934497
|move|p2a: Darkrai|Will-O-Wisp|p1a: Kingambit
|-status|p1a: Kingambit|brn
|move|p1a: Kingambit|Low Kick|p2a: Darkrai
|-supereffective|p2a: Darkrai
|-damage|p2a: Darkrai|5/100
|
|-damage|p1a: Kingambit|94/100 brn|[from] brn
|upkeep
|turn|12
|
|t:|1757934504
|switch|p2a: Hydrapple|Hydrapple, M|100/100
|move|p1a: Kingambit|Kowtow Cleave|p2a: Hydrapple
|-damage|p2a: Hydrapple|80/100
|
|-heal|p1a: Kingambit|100/100 brn|[from] item: Leftovers
|-damage|p1a: Kingambit|94/100 brn|[from] brn
|upkeep
|turn|13
|
|t:|1757934516
|-end|p1a: Kingambit|fallen1|[silent]
|switch|p1a: Slowking|Slowking-Galar, F|100/100
|switch|p2a: Corviknight|Corviknight, F|89/100
|-damage|p2a: Corviknight|77/100|[from] Stealth Rock
|-ability|p2a: Corviknight|Pressure
|
|-heal|p2a: Corviknight|83/100|[from] item: Leftovers
|upkeep
|turn|14
|
|t:|1757934520
|switch|p1a: Enamorus|Enamorus, F|100/100
|move|p2a: Corviknight|Defog|p1a: Enamorus
|-boost|p1a: Enamorus|evasion|1
|-sideend|p2: jyvon12811|Stealth Rock|[from] move: Defog|[of] p2a: Corviknight
|
|-heal|p2a: Corviknight|89/100|[from] item: Leftovers
|upkeep
|turn|15
|
|t:|1757934524
|switch|p2a: Slowking|Slowking-Galar, F|100/100 par
|move|p1a: Enamorus|Earth Power|p2a: Slowking
|-supereffective|p2a: Slowking
|-damage|p2a: Slowking|63/100 par
|
|upkeep
|turn|16
|
|t:|1757934535
|switch|p2a: Gliscor|Gliscor, F|54/100 tox
|move|p1a: Enamorus|Earth Power|p2a: Gliscor
|-immune|p2a: Gliscor
|
|-heal|p2a: Gliscor|66/100 tox|[from] ability: Poison Heal
|upkeep
|turn|17
|
|t:|1757934544
|switch|p2a: Slowking|Slowking-Galar, F|97/100 par
|move|p1a: Enamorus|Moonblast|p2a: Slowking
|-resisted|p2a: Slowking
|-damage|p2a: Slowking|82/100 par
|-unboost|p2a: Slowking|spa|1
|
|upkeep
|turn|18
|
|t:|1757934551
|move|p1a: Enamorus|Earth Power|p2a: Slowking
|-supereffective|p2a: Slowking
|-damage|p2a: Slowking|43/100 par
|move|p2a: Slowking|Toxic|p1a: Enamorus
|-status|p1a: Enamorus|tox
|
|-damage|p1a: Enamorus|94/100 tox|[from] psn
|upkeep
|turn|19
|
|t:|1757934561
|switch|p1a: Dragapult|Dragapult, M|100/100
|switch|p2a: Corviknight|Corviknight, F|89/100
|-ability|p2a: Corviknight|Pressure
|
|-heal|p2a: Corviknight|95/100|[from] item: Leftovers
|upkeep
|turn|20
|
|t:|1757934568
|move|p1a: Dragapult|U-turn|p2a: Corviknight
|-resisted|p2a: Corviknight
|-damage|p2a: Corviknight|90/100
|
|t:|1757934571
|switch|p1a: Enamorus|Enamorus, F|94/100 tox|[from] U-turn
|move|p2a: Corviknight|Roost|p2a: Corviknight
|-heal|p2a: Corviknight|100/100
|-singleturn|p2a: Corviknight|move: Roost
|
|-damage|p1a: Enamorus|88/100 tox|[from] psn
|upkeep
|turn|21
|
|t:|1757934579
|switch|p1a: Dragapult|Dragapult, M|100/100
|switch|p2a: Slowking|Slowking-Galar, F|76/100 par
|
|upkeep
|turn|22
|
|t:|1757934584
|switch|p2a: Alomomola|Alomomola, F|100/100
|-terastallize|p1a: Dragapult|Ghost
|move|p1a: Dragapult|Tera Blast|p2a: Alomomola|[anim] Tera Blast Ghost
|-damage|p2a: Alomomola|56/100
|
|upkeep
|turn|23
|
|t:|1757934597
|move|p1a: Dragapult|Tera Blast|p2a: Alomomola|[anim] Tera Blast Ghost
|-damage|p2a: Alomomola|5/100
|move|p2a: Alomomola|Flip Turn|p1a: Dragapult
|-damage|p1a: Dragapult|79/100
|
|t:|1757934599
|switch|p2a: Darkrai|Darkrai|5/100|[from] Flip Turn
|
|upkeep
|turn|24
|
|t:|1757934603
|switch|p1a: Kingambit|Kingambit, F|94/100 brn
|-activate|p1a: Kingambit|ability: Supreme Overlord
|-start|p1a: Kingambit|fallen1|[silent]
|move|p2a: Darkrai|Dark Pulse|p1a: Kingambit
|-resisted|p1a: Kingambit
|-damage|p1a: Kingambit|71/100 brn
|
|-heal|p1a: Kingambit|77/100 brn|[from] item: Leftovers
|-damage|p1a: Kingambit|71/100 brn|[from] brn
|upkeep
|turn|25
|
|t:|1757934608
|switch|p2a: Hydrapple|Hydrapple, M|100/100
|-end|p1a: Kingambit|fallen1|[silent]
|switch|p1a: Dragapult|Dragapult, M, tera:Ghost|79/100
|
|upkeep
|turn|26
|
|t:|1757934626
|-terastallize|p2a: Hydrapple|Steel
|move|p1a: Dragapult|Tera Blast|p2a: Hydrapple|[anim] Tera Blast Ghost
|-damage|p2a: Hydrapple|35/100
|move|p2a: Hydrapple|Fickle Beam|p1a: Dragapult
|-damage|p1a: Dragapult|17/100
|
|upkeep
|turn|27
|
|t:|1757934642
|switch|p2a: Alomomola|Alomomola, F|38/100
|move|p1a: Dragapult|Tera Blast|p2a: Alomomola|[anim] Tera Blast Ghost
|-damage|p2a: Alomomola|0 fnt
|faint|p2a: Alomomola
|
|upkeep
|
|t:|1757934644
|switch|p2a: Darkrai|Darkrai|5/100
|turn|28
|
|t:|1757934647
|switch|p1a: Kingambit|Kingambit, F|71/100 brn
|-activate|p1a: Kingambit|ability: Supreme Overlord
|-start|p1a: Kingambit|fallen1|[silent]
|move|p2a: Darkrai|Trick|p1a: Kingambit
|-activate|p2a: Darkrai|move: Trick|[of] p1a: Kingambit
|-item|p1a: Kingambit|Choice Scarf|[from] move: Trick
|-item|p2a: Darkrai|Leftovers|[from] move: Trick
|
|-heal|p2a: Darkrai|11/100|[from] item: Leftovers
|-damage|p1a: Kingambit|65/100 brn|[from] brn
|upkeep
|turn|29
|
|t:|1757934653
|switch|p2a: Hydrapple|Hydrapple, M, tera:Steel|69/100
|move|p1a: Kingambit|Kowtow Cleave|p2a: Hydrapple
|-damage|p2a: Hydrapple|47/100
|
|-damage|p1a: Kingambit|59/100 brn|[from] brn
|upkeep
|turn|30
|
|t:|1757934661
|-end|p1a: Kingambit|fallen1|[silent]
|switch|p1a: Enamorus|Enamorus, F|88/100 tox
|switch|p2a: Corviknight|Corviknight, F|100/100
|-ability|p2a: Corviknight|Pressure
|
|-damage|p1a: Enamorus|82/100 tox|[from] psn
|upkeep
|turn|31
|
|t:|1757934665
|switch|p1a: Alomomola|Alomomola, M|100/100
|switch|p2a: Slowking|Slowking-Galar, F|100/100 par
|
|upkeep
|turn|32
|
|t:|1757934674
|move|p1a: Alomomola|Wish|p1a: Alomomola
|cant|p2a: Slowking|par
|
|upkeep
|turn|33
|
|t:|1757934687
|move|p1a: Alomomola|Flip Turn|p2a: Slowking
|-damage|p2a: Slowking|85/100 par
|
|t:|1757934689
|switch|p1a: Kingambit|Kingambit, F|59/100 brn|[from] Flip Turn
|-activate|p1a: Kingambit|ability: Supreme Overlord
|-start|p1a: Kingambit|fallen1|[silent]
|move|p2a: Slowking|Flamethrower|p1a: Kingambit
|-supereffective|p1a: Kingambit
|-damage|p1a: Kingambit|8/100 brn
|
|-heal|p1a: Kingambit|87/100 brn|[from] move: Wish|[wisher] Alomomola
|-damage|p1a: Kingambit|81/100 brn|[from] brn
|upkeep
|turn|34
|
|t:|1757934698
|-end|p1a: Kingambit|fallen1|[silent]
|switch|p1a: Alomomola|Alomomola, M|100/100
|-prepare|p2a: Slowking|Chilly Reception|[premajor]
|cant|p2a: Slowking|par
|
|upkeep
|turn|35
|
|t:|1757934700
|move|p1a: Alomomola|Wish|p1a: Alomomola
|move|p2a: Slowking|Toxic|p1a: Alomomola
|-status|p1a: Alomomola|tox
|
|-damage|p1a: Alomomola|94/100 tox|[from] psn
|upkeep
|turn|36
|
|t:|1757934703
|move|p1a: Alomomola|Flip Turn|p2a: Slowking
|-damage|p2a: Slowking|70/100 par
|
|t:|1757934705
|switch|p1a: Kingambit|Kingambit, F|81/100 brn|[from] Flip Turn
|-activate|p1a: Kingambit|ability: Supreme Overlord
|-start|p1a: Kingambit|fallen1|[silent]
|move|p2a: Slowking|Flamethrower|p1a: Kingambit
|-supereffective|p1a: Kingambit
|-damage|p1a: Kingambit|28/100 brn
|
|-heal|p1a: Kingambit|100/100 brn|[from] move: Wish|[wisher] Alomomola
|-damage|p1a: Kingambit|94/100 brn|[from] brn
|upkeep
|turn|37
|
|t:|1757934711
|-end|p1a: Kingambit|fallen1|[silent]
|switch|p1a: Alomomola|Alomomola, M|100/100 tox
|switch|p2a: Hydrapple|Hydrapple, M, tera:Steel|80/100
|
|-damage|p1a: Alomomola|94/100 tox|[from] psn
|upkeep
|turn|38
|
|t:|1757934715
|move|p1a: Alomomola|Wish|p1a: Alomomola
|move|p2a: Hydrapple|Nasty Plot|p2a: Hydrapple
|-boost|p2a: Hydrapple|spa|2
|
|-damage|p1a: Alomomola|82/100 tox|[from] psn
|upkeep
|turn|39
|
|t:|1757934720
|move|p1a: Alomomola|Flip Turn|p2a: Hydrapple
|-damage|p2a: Hydrapple|68/100
|
|t:|1757934724
|switch|p1a: Enamorus|Enamorus, F|82/100 tox|[from] Flip Turn
|move|p2a: Hydrapple|Giga Drain|p1a: Enamorus
|-resisted|p1a: Enamorus
|-damage|p1a: Enamorus|22/100 tox
|-heal|p2a: Hydrapple|89/100|[from] drain|[of] p1a: Enamorus
|
|-heal|p1a: Enamorus|100/100 tox|[from] move: Wish|[wisher] Alomomola
|-damage|p1a: Enamorus|94/100 tox|[from] psn
|upkeep
|turn|40
|
|t:|1757934728
|switch|p2a: Slowking|Slowking-Galar, F|100/100 par
|move|p1a: Enamorus|Earth Power|p2a: Slowking
|-supereffective|p2a: Slowking
|-damage|p2a: Slowking|63/100 par
|
|-damage|p1a: Enamorus|82/100 tox|[from] psn
|upkeep
|turn|41
|
|t:|1757934740
|move|p1a: Enamorus|Earth Power|p2a: Slowking
|-supereffective|p2a: Slowking
|-damage|p2a: Slowking|25/100 par
|-prepare|p2a: Slowking|Chilly Reception|[premajor]
|cant|p2a: Slowking|par
|
|-damage|p1a: Enamorus|63/100 tox|[from] psn
|upkeep
|turn|42
|l| Ctannn
|
|t:|1757934748
|switch|p2a: Gliscor|Gliscor, F|66/100 tox
|move|p1a: Enamorus|Mystical Fire|p2a: Gliscor
|-damage|p2a: Gliscor|42/100 tox
|-unboost|p2a: Gliscor|spa|1
|
|-damage|p1a: Enamorus|38/100 tox|[from] psn
|-heal|p2a: Gliscor|54/100 tox|[from] ability: Poison Heal
|upkeep
|turn|43
|
|t:|1757934752
|move|p1a: Enamorus|Healing Wish|p1a: Enamorus
|faint|p1a: Enamorus
|move|p2a: Gliscor|Stealth Rock|p1: Enamorus
|-sidestart|p1: BBT94|move: Stealth Rock
|
|-heal|p2a: Gliscor|67/100 tox|[from] ability: Poison Heal
|upkeep
|
|t:|1757934754
|switch|p1a: Dragapult|Dragapult, M, tera:Ghost|17/100
|-heal|p1a: Dragapult|100/100|[from] move: Healing Wish
|-damage|p1a: Dragapult|88/100|[from] Stealth Rock
|turn|44
|
|t:|1757934757
|move|p2a: Gliscor|Protect|p2a: Gliscor
|-singleturn|p2a: Gliscor|Protect
|move|p1a: Dragapult|Tera Blast|p2a: Gliscor|[anim] Tera Blast Ghost
|-activate|p2a: Gliscor|move: Protect
|
|-heal|p2a: Gliscor|79/100 tox|[from] ability: Poison Heal
|upkeep
|turn|45
|
|t:|1757934769
|move|p1a: Dragapult|Tera Blast|p2a: Gliscor|[anim] Tera Blast Ghost
|-damage|p2a: Gliscor|18/100 tox
|move|p2a: Gliscor|Knock Off|p1a: Dragapult
|-supereffective|p1a: Dragapult
|-damage|p1a: Dragapult|30/100
|-enditem|p1a: Dragapult|Choice Band|[from] move: Knock Off|[of] p2a: Gliscor
|
|-heal|p2a: Gliscor|31/100 tox|[from] ability: Poison Heal
|upkeep
|turn|46
|
|t:|1757934777
|move|p2a: Gliscor|Protect|p2a: Gliscor
|-singleturn|p2a: Gliscor|Protect
|move|p1a: Dragapult|Tera Blast|p2a: Gliscor|[anim] Tera Blast Ghost
|-activate|p2a: Gliscor|move: Protect
|
|-heal|p2a: Gliscor|43/100 tox|[from] ability: Poison Heal
|upkeep
|turn|47
|
|t:|1757934791
|switch|p2a: Corviknight|Corviknight, F|100/100
|-ability|p2a: Corviknight|Pressure
|move|p1a: Dragapult|Tera Blast|p2a: Corviknight|[anim] Tera Blast Ghost
|-damage|p2a: Corviknight|71/100
|
|-heal|p2a: Corviknight|77/100|[from] item: Leftovers
|upkeep
|turn|48
|l|☆BBT94
|inactive|BBT94 disconnected and has a minute to reconnect!
|player|p1|
|inactive|BBT94 has 30 seconds to reconnect!
|inactive|BBT94 has 20 seconds to reconnect!
|inactive|BBT94 has 15 seconds to reconnect!
|inactive|BBT94 has 10 seconds to reconnect!
|inactive|BBT94 has 5 seconds to reconnect!
|-message|BBT94 lost due to inactivity.
|
|win|jyvon12811
|raw|BBT94's rating: 1536 &rarr; <strong>1516</strong><br />(-20 for losing)
|raw|jyvon12811's rating: 1538 &rarr; <strong>1558</strong><br />(+20 for winning)
