|badge|p2|bronze|gen9ou|100-6
|uhtml|medal-msg|<div class="broadcast-blue">Curious what those medals under the avatar are? PS now has Ladder Seasons! For more information, check out the <a href="https://www.smogon.com/forums/threads/3740067/">thread on Smogon.</a></div>
|j|☆Azummareal
|j|☆Obito 2001
|t:|1757789958
|gametype|singles
|player|p1|Azummareal|zinnia|1714
|player|p2|Obito 2001|blue-gen3two|1821
|gen|9
|tier|[Gen 9] OU
|rated|
|rule|HP Percentage Mod: HP is shown in percentages
|rule|Endless Battle Clause: Forcing endless battles is banned
|rule|Species Clause: Limit one of each Pokémon
|rule|OHKO Clause: OHKO moves are banned
|rule|Evasion Items Clause: Evasion items are banned
|rule|Evasion Moves Clause: Evasion moves are banned
|rule|Evasion Abilities Clause: Evasion abilities are banned
|rule|Sleep Moves Clause: Sleep-inducing moves are banned
|clearpoke
|poke|p1|Torkoal, M|
|poke|p1|Raging Bolt|
|poke|p1|Walking Wake|
|poke|p1|Great Tusk|
|poke|p1|Hatterene, F|
|poke|p1|Slither Wing|
|poke|p2|Hoopa-Unbound|
|poke|p2|Masquerain, F|
|poke|p2|Great Tusk|
|poke|p2|Corviknight, M|
|poke|p2|Slither Wing|
|poke|p2|Slowking-Galar, F|
|teampreview
|inactive|Battle timer is ON: inactive players will automatically lose when time's up. (requested by Obito 2001)
|inactive|Azummareal has 120 seconds left.
|
|t:|1757789993
|teamsize|p1|6
|teamsize|p2|6
|start
|switch|p1a: silksong|Slither Wing|100/100
|switch|p2a: Hoopa|Hoopa-Unbound|100/100
|turn|1
|
|t:|1757790000
|switch|p2a: Corviknight|Corviknight, M|100/100
|-ability|p2a: Corviknight|Pressure
|move|p1a: silksong|U-turn|p2a: Corviknight
|-resisted|p2a: Corviknight
|-damage|p2a: Corviknight|96/100
|-damage|p1a: silksong|84/100|[from] item: Rocky Helmet|[of] p2a: Corviknight
|
|t:|1757790004
|-end|p1a: silksong|Protosynthesis|[silent]
|switch|p1a: Torkoal|Torkoal, M|100/100|[from] U-turn
|-weather|SunnyDay|[from] ability: Drought|[of] p1a: Torkoal
|
|-weather|SunnyDay|[upkeep]
|upkeep
|turn|2
|
|t:|1757790011
|move|p2a: Corviknight|U-turn|p1a: Torkoal
|-resisted|p1a: Torkoal
|-damage|p1a: Torkoal|96/100
|
|t:|1757790014
|switch|p2a: Slowking|Slowking-Galar, F|100/100|[from] U-turn
|move|p1a: Torkoal|Overheat|p2a: Slowking
|-damage|p2a: Slowking|66/100
|-unboost|p1a: Torkoal|spa|2
|
|-weather|SunnyDay|[upkeep]
|upkeep
|turn|3
|
|t:|1757790021
|move|p1a: Torkoal|Earthquake|p2a: Slowking
|-supereffective|p2a: Slowking
|-damage|p2a: Slowking|21/100
|-prepare|p2a: Slowking|Chilly Reception|[premajor]
|move|p2a: Slowking|Chilly Reception|p2a: Slowking
|-weather|Snowscape
|
|t:|1757790028
|switch|p2a: Hoopa|Hoopa-Unbound|100/100|[from] Chilly Reception
|
|-weather|Snowscape|[upkeep]
|upkeep
|turn|4
|
|t:|1757790042
|switch|p1a: Hatterene|Hatterene, F|100/100
|move|p2a: Hoopa|Psychic|p1a: Hatterene
|-resisted|p1a: Hatterene
|-damage|p1a: Hatterene|55/100
|-enditem|p1a: Hatterene|Eject Button
|
|t:|1757790058
|switch|p1a: Great Tusk|Great Tusk|100/100
|
|-weather|Snowscape|[upkeep]
|upkeep
|turn|5
|
|t:|1757790063
|switch|p2a: Corviknight|Corviknight, M|96/100
|-ability|p2a: Corviknight|Pressure
|move|p1a: Great Tusk|Headlong Rush|p2a: Corviknight
|-immune|p2a: Corviknight
|
|-weather|Snowscape|[upkeep]
|upkeep
|turn|6
|
|t:|1757790078
|move|p1a: Great Tusk|Temper Flare|p2a: Corviknight
|-supereffective|p2a: Corviknight
|-damage|p2a: Corviknight|23/100
|-damage|p1a: Great Tusk|84/100|[from] item: Rocky Helmet|[of] p2a: Corviknight
|move|p2a: Corviknight|U-turn|p1a: Great Tusk
|-resisted|p1a: Great Tusk
|-damage|p1a: Great Tusk|79/100
|
|t:|1757790087
|switch|p2a: Masquerain|Masquerain, F|100/100|[from] U-turn
|-ability|p2a: Masquerain|Intimidate|boost
|-unboost|p1a: Great Tusk|atk|1
|
|-weather|Snowscape|[upkeep]
|upkeep
|turn|7
|
|t:|1757790092
|-end|p1a: Great Tusk|Protosynthesis|[silent]
|switch|p1a: Hatterene|Hatterene, F|55/100
|move|p2a: Masquerain|Ice Beam|p1a: Hatterene
|-damage|p1a: Hatterene|24/100
|
|-weather|none
|upkeep
|turn|8
|
|t:|1757790101
|switch|p1a: Torkoal|Torkoal, M|96/100
|-weather|SunnyDay|[from] ability: Drought|[of] p1a: Torkoal
|move|p2a: Masquerain|Bug Buzz|p1a: Torkoal
|-resisted|p1a: Torkoal
|-damage|p1a: Torkoal|69/100
|
|-weather|SunnyDay|[upkeep]
|upkeep
|turn|9
|
|t:|1757790110
|switch|p2a: Slowking|Slowking-Galar, F|54/100
|switch|p1a: Hatterene|Hatterene, F|24/100
|
|-weather|SunnyDay|[upkeep]
|upkeep
|turn|10
|inactive|Azummareal has 120 seconds left.
|
|t:|1757790151
|switch|p1a: Waking Bolt|Walking Wake|100/100
|-activate|p1a: Waking Bolt|ability: Protosynthesis
|-start|p1a: Waking Bolt|protosynthesisspe
|-prepare|p2a: Slowking|Chilly Reception|[premajor]
|move|p2a: Slowking|Chilly Reception|p2a: Slowking
|-weather|Snowscape
|-end|p1a: Waking Bolt|Protosynthesis
|
|t:|1757790160
|switch|p2a: Hoopa|Hoopa-Unbound|100/100|[from] Chilly Reception
|
|-weather|Snowscape|[upkeep]
|upkeep
|turn|11
|
|t:|1757790167
|switch|p2a: Slowking|Slowking-Galar, F|88/100
|move|p1a: Waking Bolt|Flip Turn|p2a: Slowking
|-damage|p2a: Slowking|69/100
|inactive|Azummareal has 120 seconds left.
|
|t:|1757790180
|-end|p1a: Waking Bolt|Protosynthesis|[silent]
|switch|p1a: Raging Wake|Raging Bolt|100/100|[from] Flip Turn
|
|-weather|Snowscape|[upkeep]
|upkeep
|turn|12
|
|t:|1757790186
|move|p1a: Raging Wake|Draco Meteor|p2a: Slowking
|-damage|p2a: Slowking|2/100
|-unboost|p1a: Raging Wake|spa|2
|move|p2a: Slowking|Future Sight|p1a: Raging Wake
|-start|p2a: Slowking|move: Future Sight
|
|-weather|Snowscape|[upkeep]
|upkeep
|turn|13
|
|t:|1757790199
|switch|p2a: Corviknight|Corviknight, M|23/100
|-ability|p2a: Corviknight|Pressure
|move|p1a: Raging Wake|Draco Meteor|p2a: Corviknight
|-resisted|p2a: Corviknight
|-damage|p2a: Corviknight|0 fnt
|-unboost|p1a: Raging Wake|spa|2
|faint|p2a: Corviknight
|
|-weather|Snowscape|[upkeep]
|upkeep
|
|t:|1757790205
|switch|p2a: Hoopa|Hoopa-Unbound|100/100
|turn|14
|
|t:|1757790211
|switch|p2a: Slowking|Slowking-Galar, F|36/100
|-end|p1a: Raging Wake|Protosynthesis|[silent]
|switch|p1a: Hatterene|Hatterene, F|24/100
|
|-weather|none
|-end|p1a: Hatterene|move: Future Sight
|-resisted|p1a: Hatterene
|-damage|p1a: Hatterene|0 fnt
|faint|p1a: Hatterene
|upkeep
|
|t:|1757790232
|switch|p1a: Great Tusk|Great Tusk|79/100
|turn|15
|
|t:|1757790237
|switch|p2a: Mega Donphan|Great Tusk|100/100
|move|p1a: Great Tusk|Temper Flare|p2a: Mega Donphan
|-damage|p2a: Mega Donphan|84/100
|-damage|p1a: Great Tusk|63/100|[from] item: Rocky Helmet|[of] p2a: Mega Donphan
|
|upkeep
|turn|16
|j| 54 insane rats
|
|t:|1757790244
|-end|p1a: Great Tusk|Protosynthesis|[silent]
|switch|p1a: silksong|Slither Wing|84/100
|move|p2a: Mega Donphan|Stealth Rock|p1a: silksong
|-sidestart|p1: Azummareal|move: Stealth Rock
|
|upkeep
|turn|17
|
|t:|1757790250
|move|p2a: Mega Donphan|Ice Spinner|p1a: silksong
|-damage|p1a: silksong|63/100
|-damage|p2a: Mega Donphan|67/100|[from] item: Rocky Helmet|[of] p1a: silksong
|move|p1a: silksong|U-turn|p2a: Mega Donphan
|-resisted|p2a: Mega Donphan
|-damage|p2a: Mega Donphan|58/100
|-damage|p1a: silksong|47/100|[from] item: Rocky Helmet|[of] p2a: Mega Donphan
|
|t:|1757790256
|-end|p1a: silksong|Protosynthesis|[silent]
|switch|p1a: Waking Bolt|Walking Wake|100/100|[from] U-turn
|-damage|p1a: Waking Bolt|88/100|[from] Stealth Rock
|
|upkeep
|turn|18
|
|t:|1757790263
|-end|p2a: Mega Donphan|Protosynthesis|[silent]
|switch|p2a: Slowking|Slowking-Galar, F|69/100
|move|p1a: Waking Bolt|Hydro Steam|p2a: Slowking
|-damage|p2a: Slowking|42/100
|
|upkeep
|turn|19
|
|t:|1757790270
|move|p1a: Waking Bolt|Flip Turn|p2a: Slowking
|-damage|p2a: Slowking|27/100
|
|t:|1757790275
|-end|p1a: Waking Bolt|Protosynthesis|[silent]
|switch|p1a: Great Tusk|Great Tusk|63/100|[from] Flip Turn
|-damage|p1a: Great Tusk|60/100|[from] Stealth Rock
|-prepare|p2a: Slowking|Chilly Reception|[premajor]
|move|p2a: Slowking|Chilly Reception|p2a: Slowking
|-weather|Snowscape
|
|t:|1757790289
|switch|p2a: Masquerain|Masquerain, F|100/100|[from] Chilly Reception
|-ability|p2a: Masquerain|Intimidate|boost
|-unboost|p1a: Great Tusk|atk|1
|
|-weather|Snowscape|[upkeep]
|upkeep
|turn|20
|
|t:|1757790300
|switch|p2a: Mega Donphan|Great Tusk|58/100
|-end|p1a: Great Tusk|Protosynthesis|[silent]
|switch|p1a: Raging Wake|Raging Bolt|100/100
|-damage|p1a: Raging Wake|88/100|[from] Stealth Rock
|
|-weather|Snowscape|[upkeep]
|upkeep
|turn|21
|
|t:|1757790307
|-end|p1a: Raging Wake|Protosynthesis|[silent]
|switch|p1a: silksong|Slither Wing|47/100
|-damage|p1a: silksong|34/100|[from] Stealth Rock
|move|p2a: Mega Donphan|Headlong Rush|p1a: silksong
|-resisted|p1a: silksong
|-damage|p1a: silksong|13/100
|-unboost|p2a: Mega Donphan|def|1
|-unboost|p2a: Mega Donphan|spd|1
|-damage|p2a: Mega Donphan|42/100|[from] item: Rocky Helmet|[of] p1a: silksong
|
|-weather|Snowscape|[upkeep]
|upkeep
|turn|22
|
|t:|1757790312
|move|p1a: silksong|First Impression|p2a: Mega Donphan
|-resisted|p2a: Mega Donphan
|-damage|p2a: Mega Donphan|24/100
|-damage|p1a: silksong|0 fnt|[from] item: Rocky Helmet|[of] p2a: Mega Donphan
|faint|p1a: silksong
|-end|p1a: silksong|Protosynthesis|[silent]
|move|p2a: Mega Donphan|Rapid Spin|p1: silksong|[notarget]
|-fail|p2a: Mega Donphan
|
|-weather|Snowscape|[upkeep]
|upkeep
|
|t:|1757790319
|switch|p1a: Waking Bolt|Walking Wake|88/100
|-damage|p1a: Waking Bolt|76/100|[from] Stealth Rock
|turn|23
|
|t:|1757790325
|-end|p2a: Mega Donphan|Protosynthesis|[silent]
|switch|p2a: Slowking|Slowking-Galar, F|60/100
|move|p1a: Waking Bolt|Flip Turn|p2a: Slowking
|-damage|p2a: Slowking|43/100
|
|t:|1757790331
|-end|p1a: Waking Bolt|Protosynthesis|[silent]
|switch|p1a: Raging Wake|Raging Bolt|88/100|[from] Flip Turn
|-damage|p1a: Raging Wake|76/100|[from] Stealth Rock
|
|-weather|none
|upkeep
|turn|24
|
|t:|1757790337
|switch|p2a: Mega Donphan|Great Tusk|24/100
|move|p1a: Raging Wake|Draco Meteor|p2a: Mega Donphan
|-damage|p2a: Mega Donphan|0 fnt
|-unboost|p1a: Raging Wake|spa|2
|faint|p2a: Mega Donphan
|-end|p2a: Mega Donphan|Protosynthesis|[silent]
|
|upkeep
|
|t:|1757790339
|switch|p2a: Masquerain|Masquerain, F|100/100
|-ability|p2a: Masquerain|Intimidate|boost
|-unboost|p1a: Raging Wake|atk|1
|turn|25
|j| ryugaoff
|
|t:|1757790351
|-end|p1a: Raging Wake|Protosynthesis|[silent]
|switch|p1a: Torkoal|Torkoal, M|69/100
|-damage|p1a: Torkoal|45/100|[from] Stealth Rock
|-weather|SunnyDay|[from] ability: Drought|[of] p1a: Torkoal
|move|p2a: Masquerain|Sticky Web|p1a: Torkoal
|-sidestart|p1: Azummareal|move: Sticky Web
|
|-weather|SunnyDay|[upkeep]
|upkeep
|turn|26
|
|t:|1757790359
|-terastallize|p2a: Masquerain|Ghost
|move|p2a: Masquerain|Bug Buzz|p1a: Torkoal
|-resisted|p1a: Torkoal
|-damage|p1a: Torkoal|18/100
|move|p1a: Torkoal|Overheat|p2a: Masquerain
|-damage|p2a: Masquerain|19/100
|-unboost|p1a: Torkoal|spa|2
|
|-weather|SunnyDay|[upkeep]
|upkeep
|turn|27
|
|t:|1757790363
|move|p2a: Masquerain|Bug Buzz|p1a: Torkoal
|-resisted|p1a: Torkoal
|-damage|p1a: Torkoal|0 fnt
|faint|p1a: Torkoal
|
|-weather|SunnyDay|[upkeep]
|upkeep
|
|t:|1757790366
|switch|p1a: Great Tusk|Great Tusk|60/100
|-damage|p1a: Great Tusk|57/100|[from] Stealth Rock
|-activate|p1a: Great Tusk|move: Sticky Web
|-unboost|p1a: Great Tusk|spe|1
|-activate|p1a: Great Tusk|ability: Protosynthesis
|-start|p1a: Great Tusk|protosynthesisatk
|turn|28
|
|t:|1757790375
|move|p2a: Masquerain|Ice Beam|p1a: Great Tusk
|-supereffective|p1a: Great Tusk
|-damage|p1a: Great Tusk|3/100
|move|p1a: Great Tusk|Temper Flare|p2a: Masquerain
|-damage|p2a: Masquerain|0 fnt
|faint|p2a: Masquerain
|
|-weather|SunnyDay|[upkeep]
|upkeep
|
|t:|1757790383
|switch|p2a: Hoopa|Hoopa-Unbound|100/100
|turn|29
|
|t:|1757790393
|move|p2a: Hoopa|Dark Pulse|p1a: Great Tusk
|-resisted|p1a: Great Tusk
|-damage|p1a: Great Tusk|0 fnt
|faint|p1a: Great Tusk
|-end|p1a: Great Tusk|Protosynthesis|[silent]
|
|-weather|SunnyDay|[upkeep]
|upkeep
|
|t:|1757790397
|switch|p1a: Raging Wake|Raging Bolt|76/100
|-damage|p1a: Raging Wake|64/100|[from] Stealth Rock
|-activate|p1a: Raging Wake|move: Sticky Web
|-unboost|p1a: Raging Wake|spe|1
|-activate|p1a: Raging Wake|ability: Protosynthesis
|-start|p1a: Raging Wake|protosynthesisspa
|turn|30
|
|t:|1757790409
|-terastallize|p1a: Raging Wake|Fire
|move|p2a: Hoopa|Dark Pulse|p1a: Raging Wake
|-damage|p1a: Raging Wake|0 fnt
|faint|p1a: Raging Wake
|-end|p1a: Raging Wake|Protosynthesis|[silent]
|
|-weather|SunnyDay|[upkeep]
|upkeep
|
|t:|1757790412
|switch|p1a: Waking Bolt|Walking Wake|76/100
|-damage|p1a: Waking Bolt|63/100|[from] Stealth Rock
|-activate|p1a: Waking Bolt|move: Sticky Web
|-unboost|p1a: Waking Bolt|spe|1
|-activate|p1a: Waking Bolt|ability: Protosynthesis
|-start|p1a: Waking Bolt|protosynthesisspa
|turn|31
|l| 54 insane rats
|j| 54 insane rats
|
|t:|1757790417
|move|p2a: Hoopa|Dark Pulse|p1a: Waking Bolt
|-damage|p1a: Waking Bolt|0 fnt
|faint|p1a: Waking Bolt
|-end|p1a: Waking Bolt|Protosynthesis|[silent]
|
|win|Obito 2001
|raw|Azummareal's rating: 1714 &rarr; <strong>1700</strong><br />(-14 for losing)
|raw|Obito 2001's rating: 1821 &rarr; <strong>1835</strong><br />(+14 for winning)
|l| 54 insane rats
|l|☆Azummareal
|player|p1|
|j| 54 insane rats
|l| 54 insane rats
|l| ryugaoff
|l|☆Obito 2001
|player|p2|
|j| sleestacks
|l| sleestacks
