|j|‽Flocking glock
|j|☆GrapeIU
|t:|1757909072
|gametype|singles
|player|p1|Flocking glock|266|1396
|player|p2|GrapeIU|2|1357
|gen|9
|tier|[Gen 9] OU
|rated|
|rule|HP Percentage Mod: HP is shown in percentages
|rule|Endless Battle Clause: Forcing endless battles is banned
|rule|Species Clause: Limit one of each Pokémon
|rule|OHKO Clause: OHKO moves are banned
|rule|Evasion Items Clause: Evasion items are banned
|rule|Evasion Moves Clause: Evasion moves are banned
|rule|Evasion Abilities Clause: Evasion abilities are banned
|rule|Sleep Moves Clause: Sleep-inducing moves are banned
|clearpoke
|poke|p1|Heatran, M|
|poke|p1|Ogerpon-Wellspring, F|
|poke|p1|Rillaboom, M|
|poke|p1|Great Tusk|
|poke|p1|Dragapult, M|
|poke|p1|Bronzong|
|poke|p2|Gliscor, F|
|poke|p2|Ting-Lu|
|poke|p2|Weavile, F|
|poke|p2|Dragonite, F|
|poke|p2|Corviknight, F|
|poke|p2|Clefable, F|
|teampreview
|inactive|Battle timer is ON: inactive players will automatically lose when time's up. (requested by GrapeIU)
|
|t:|1757909086
|teamsize|p1|6
|teamsize|p2|6
|start
|switch|p1a: Ogerpon|Ogerpon-Wellspring, F|100/100
|switch|p2a: Gliscor|Gliscor, F|100/100
|turn|1
|
|t:|1757909092
|move|p2a: Gliscor|Protect|p2a: Gliscor
|-singleturn|p2a: Gliscor|Protect
|move|p1a: Ogerpon|Swords Dance|p1a: Ogerpon
|-boost|p1a: Ogerpon|atk|2
|
|-status|p2a: Gliscor|tox|[from] item: Toxic Orb
|upkeep
|turn|2
|
|t:|1757909102
|switch|p2a: Clefable|Clefable, F|100/100
|move|p1a: Ogerpon|Play Rough|p2a: Clefable|[miss]
|-miss|p1a: Ogerpon|p2a: Clefable
|
|upkeep
|turn|3
|
|t:|1757909110
|switch|p1a: Bronzong|Bronzong, shiny|100/100
|move|p2a: Clefable|Thunder Wave|p1a: Bronzong
|-status|p1a: Bronzong|par
|
|upkeep
|turn|4
|
|t:|1757909126
|switch|p2a: Ting-Lu|Ting-Lu|100/100
|-ability|p2a: Ting-Lu|Vessel of Ruin
|cant|p1a: Bronzong|par
|
|upkeep
|turn|5
|
|t:|1757909132
|switch|p1a: Rillaboom|Rillaboom, M|100/100
|-fieldstart|move: Grassy Terrain|[from] ability: Grassy Surge|[of] p1a: Rillaboom
|move|p2a: Ting-Lu|Stealth Rock|p1a: Rillaboom
|-sidestart|p1: Flocking glock|move: Stealth Rock
|
|upkeep
|turn|6
|
|t:|1757909141
|switch|p2a: Corviknight|Corviknight, F|100/100
|-ability|p2a: Corviknight|Pressure
|move|p1a: Rillaboom|U-turn|p2a: Corviknight
|-resisted|p2a: Corviknight
|-damage|p2a: Corviknight|96/100
|-damage|p1a: Rillaboom|84/100|[from] item: Rocky Helmet|[of] p2a: Corviknight
|
|t:|1757909148
|switch|p1a: Heatran|Heatran, M|100/100|[from] U-turn
|-damage|p1a: Heatran|88/100|[from] Stealth Rock
|
|-heal|p1a: Heatran|94/100|[from] Grassy Terrain
|-heal|p1a: Heatran|100/100|[from] item: Leftovers
|upkeep
|turn|7
|
|t:|1757909160
|switch|p2a: Gliscor|Gliscor, F|100/100 tox
|move|p1a: Heatran|Magma Storm|p2a: Gliscor
|-crit|p2a: Gliscor
|-damage|p2a: Gliscor|44/100 tox
|-activate|p2a: Gliscor|move: Magma Storm|[of] p1a: Heatran
|
|-heal|p2a: Gliscor|56/100 tox|[from] ability: Poison Heal
|-damage|p2a: Gliscor|44/100 tox|[from] move: Magma Storm|[partiallytrapped]
|upkeep
|turn|8
|
|t:|1757909169
|move|p2a: Gliscor|Protect|p2a: Gliscor
|-singleturn|p2a: Gliscor|Protect
|move|p1a: Heatran|Magma Storm|p2a: Gliscor
|-activate|p2a: Gliscor|move: Protect
|
|-heal|p2a: Gliscor|56/100 tox|[from] ability: Poison Heal
|-damage|p2a: Gliscor|44/100 tox|[from] move: Magma Storm|[partiallytrapped]
|upkeep
|turn|9
|
|t:|1757909182
|move|p2a: Gliscor|Knock Off|p1a: Heatran
|-damage|p1a: Heatran|83/100
|-enditem|p1a: Heatran|Leftovers|[from] move: Knock Off|[of] p2a: Gliscor
|move|p1a: Heatran|Magma Storm|p2a: Gliscor|[miss]
|-miss|p1a: Heatran|p2a: Gliscor
|
|-heal|p1a: Heatran|89/100|[from] Grassy Terrain
|-heal|p2a: Gliscor|56/100 tox|[from] ability: Poison Heal
|-damage|p2a: Gliscor|44/100 tox|[from] move: Magma Storm|[partiallytrapped]
|upkeep
|turn|10
|
|t:|1757909194
|move|p2a: Gliscor|Protect|p2a: Gliscor
|-singleturn|p2a: Gliscor|Protect
|move|p1a: Heatran|Magma Storm|p2a: Gliscor
|-activate|p2a: Gliscor|move: Protect
|
|-heal|p1a: Heatran|95/100|[from] Grassy Terrain
|-heal|p2a: Gliscor|56/100 tox|[from] ability: Poison Heal
|-damage|p2a: Gliscor|44/100 tox|[from] move: Magma Storm|[partiallytrapped]
|upkeep
|turn|11
|
|t:|1757909201
|move|p2a: Gliscor|Protect||[still]
|-fail|p2a: Gliscor
|move|p1a: Heatran|Heavy Slam|p2a: Gliscor
|-damage|p2a: Gliscor|16/100 tox
|
|-heal|p1a: Heatran|100/100|[from] Grassy Terrain
|-heal|p2a: Gliscor|28/100 tox|[from] ability: Poison Heal
|-damage|p2a: Gliscor|16/100 tox|[from] move: Magma Storm|[partiallytrapped]
|upkeep
|turn|12
|
|t:|1757909205
|move|p2a: Gliscor|Protect|p2a: Gliscor
|-singleturn|p2a: Gliscor|Protect
|move|p1a: Heatran|Heavy Slam|p2a: Gliscor
|-activate|p2a: Gliscor|move: Protect
|
|-heal|p2a: Gliscor|28/100 tox|[from] ability: Poison Heal
|-end|p2a: Gliscor|Magma Storm|[partiallytrapped]
|-fieldend|move: Grassy Terrain
|upkeep
|turn|13
|
|t:|1757909210
|switch|p2a: Ting-Lu|Ting-Lu|100/100
|-ability|p2a: Ting-Lu|Vessel of Ruin
|move|p1a: Heatran|Magma Storm|p2a: Ting-Lu
|-damage|p2a: Ting-Lu|84/100
|-activate|p2a: Ting-Lu|move: Magma Storm|[of] p1a: Heatran
|
|-heal|p2a: Ting-Lu|90/100|[from] item: Leftovers
|-damage|p2a: Ting-Lu|77/100|[from] move: Magma Storm|[partiallytrapped]
|upkeep
|turn|14
|
|t:|1757909216
|switch|p1a: Ogerpon|Ogerpon-Wellspring, F|100/100
|-damage|p1a: Ogerpon|88/100|[from] Stealth Rock
|move|p2a: Ting-Lu|Spikes|p1a: Ogerpon
|-sidestart|p1: Flocking glock|Spikes
|
|-heal|p2a: Ting-Lu|84/100|[from] item: Leftovers
|-end|p2a: Ting-Lu|Magma Storm|[partiallytrapped]|[silent]
|upkeep
|turn|15
|
|t:|1757909232
|switch|p2a: Dragonite|Dragonite, F|100/100
|-terastallize|p1a: Ogerpon|Water
|detailschange|p1a: Ogerpon|Ogerpon-Wellspring-Tera, F, tera:Water
|-ability|p1a: Ogerpon|Embody Aspect (Wellspring)|boost
|-boost|p1a: Ogerpon|spd|1
|move|p1a: Ogerpon|Ivy Cudgel|p2a: Dragonite|[anim] Ivy Cudgel Water
|-resisted|p2a: Dragonite
|-damage|p2a: Dragonite|82/100
|
|upkeep
|turn|16
|
|t:|1757909247
|move|p1a: Ogerpon|Play Rough|p2a: Dragonite
|-supereffective|p2a: Dragonite
|-damage|p2a: Dragonite|9/100
|move|p2a: Dragonite|Roost|p2a: Dragonite
|-heal|p2a: Dragonite|59/100
|-singleturn|p2a: Dragonite|move: Roost
|
|upkeep
|turn|17
|
|t:|1757909257
|switch|p2a: Corviknight|Corviknight, F|96/100
|-ability|p2a: Corviknight|Pressure
|move|p1a: Ogerpon|Play Rough|p2a: Corviknight
|-resisted|p2a: Corviknight
|-damage|p2a: Corviknight|84/100
|-damage|p1a: Ogerpon|72/100|[from] item: Rocky Helmet|[of] p2a: Corviknight
|
|upkeep
|turn|18
|
|t:|1757909263
|switch|p1a: Great Tusk|Great Tusk|100/100
|move|p2a: Corviknight|Iron Defense|p2a: Corviknight
|-boost|p2a: Corviknight|def|2
|
|upkeep
|turn|19
|
|t:|1757909268
|move|p1a: Great Tusk|Rapid Spin|p2a: Corviknight
|-resisted|p2a: Corviknight
|-damage|p2a: Corviknight|81/100
|-boost|p1a: Great Tusk|spe|1
|-damage|p1a: Great Tusk|84/100|[from] item: Rocky Helmet|[of] p2a: Corviknight
|-sideend|p1: Flocking glock|Spikes|[from] move: Rapid Spin|[of] p1a: Great Tusk
|-sideend|p1: Flocking glock|Stealth Rock|[from] move: Rapid Spin|[of] p1a: Great Tusk
|move|p2a: Corviknight|Brave Bird|p1a: Great Tusk
|-supereffective|p1a: Great Tusk
|-damage|p1a: Great Tusk|29/100
|-damage|p2a: Corviknight|62/100|[from] Recoil
|
|upkeep
|turn|20
|
|t:|1757909276
|-end|p1a: Great Tusk|Protosynthesis|[silent]
|switch|p1a: Heatran|Heatran, M|100/100
|move|p2a: Corviknight|Roost|p2a: Corviknight
|-heal|p2a: Corviknight|100/100
|-singleturn|p2a: Corviknight|move: Roost
|
|upkeep
|turn|21
|
|t:|1757909282
|switch|p1a: Dragapult|Dragapult, M|100/100
|switch|p2a: Ting-Lu|Ting-Lu|84/100
|-ability|p2a: Ting-Lu|Vessel of Ruin
|
|-heal|p2a: Ting-Lu|90/100|[from] item: Leftovers
|upkeep
|turn|22
|
|t:|1757909287
|switch|p1a: Ogerpon|Ogerpon-Wellspring-Tera, F, tera:Water|72/100
|-ability|p1a: Ogerpon|Embody Aspect (Wellspring)|boost
|-boost|p1a: Ogerpon|spd|1
|move|p2a: Ting-Lu|Stealth Rock|p1a: Ogerpon
|-sidestart|p1: Flocking glock|move: Stealth Rock
|
|-heal|p2a: Ting-Lu|96/100|[from] item: Leftovers
|upkeep
|turn|23
|
|t:|1757909294
|switch|p2a: Corviknight|Corviknight, F|100/100
|-ability|p2a: Corviknight|Pressure
|move|p1a: Ogerpon|Ivy Cudgel|p2a: Corviknight|[anim] Ivy Cudgel Water
|-damage|p2a: Corviknight|43/100
|
|upkeep
|turn|24
|
|t:|1757909315
|switch|p2a: Gliscor|Gliscor, F|28/100 tox
|move|p1a: Ogerpon|Ivy Cudgel|p2a: Gliscor|[anim] Ivy Cudgel Water
|-supereffective|p2a: Gliscor
|-damage|p2a: Gliscor|0 fnt
|faint|p2a: Gliscor
|
|upkeep
|
|t:|1757909320
|switch|p2a: Weavile|Weavile, F|100/100
|-ability|p2a: Weavile|Pressure
|turn|25
|
|t:|1757909329
|switch|p1a: Heatran|Heatran, M|100/100
|-damage|p1a: Heatran|88/100|[from] Stealth Rock
|move|p2a: Weavile|Knock Off|p1a: Heatran
|-damage|p1a: Heatran|62/100
|
|upkeep
|turn|26
|
|t:|1757909343
|switch|p1a: Ogerpon|Ogerpon-Wellspring-Tera, F, tera:Water|72/100
|-damage|p1a: Ogerpon|59/100|[from] Stealth Rock
|-ability|p1a: Ogerpon|Embody Aspect (Wellspring)|boost
|-boost|p1a: Ogerpon|spd|1
|move|p2a: Weavile|Knock Off|p1a: Ogerpon
|-damage|p1a: Ogerpon|14/100
|
|upkeep
|turn|27
|
|t:|1757909352
|switch|p1a: Great Tusk|Great Tusk|29/100
|move|p2a: Weavile|Knock Off|p1a: Great Tusk
|-resisted|p1a: Great Tusk
|-damage|p1a: Great Tusk|10/100
|-enditem|p1a: Great Tusk|Heavy-Duty Boots|[from] move: Knock Off|[of] p2a: Weavile
|
|upkeep
|turn|28
|
|t:|1757909357
|move|p2a: Weavile|Ice Shard|p1a: Great Tusk
|-supereffective|p1a: Great Tusk
|-damage|p1a: Great Tusk|0 fnt
|faint|p1a: Great Tusk
|-end|p1a: Great Tusk|Protosynthesis|[silent]
|
|upkeep
|
|t:|1757909362
|switch|p1a: Dragapult|Dragapult, M|100/100
|-damage|p1a: Dragapult|88/100|[from] Stealth Rock
|turn|29
|
|t:|1757909366
|switch|p2a: Clefable|Clefable, F|100/100
|move|p1a: Dragapult|Flamethrower|p2a: Clefable
|-damage|p2a: Clefable|63/100
|
|upkeep
|turn|30
|
|t:|1757909375
|switch|p1a: Rillaboom|Rillaboom, M|84/100
|-damage|p1a: Rillaboom|71/100|[from] Stealth Rock
|-fieldstart|move: Grassy Terrain|[from] ability: Grassy Surge|[of] p1a: Rillaboom
|move|p2a: Clefable|Thunder Wave|p1a: Rillaboom
|-status|p1a: Rillaboom|par
|
|-heal|p2a: Clefable|69/100|[from] Grassy Terrain
|-heal|p1a: Rillaboom|78/100 par|[from] Grassy Terrain
|upkeep
|turn|31
|
|t:|1757909383
|switch|p2a: Dragonite|Dragonite, F|59/100
|move|p1a: Rillaboom|U-turn|p2a: Dragonite
|-resisted|p2a: Dragonite
|-damage|p2a: Dragonite|49/100
|-message|Flocking glock forfeited.
|
|win|GrapeIU
|raw|Flocking glock's rating: 1396 &rarr; <strong>1374</strong><br />(-22 for losing)
|raw|GrapeIU's rating: 1357 &rarr; <strong>1379</strong><br />(+22 for winning)
|l|‽Flocking glock
|player|p1|
|l|☆GrapeIU
|player|p2|
