|j|☆rulou
|j|☆Sergiofd
|t:|1757896730
|gametype|singles
|player|p1|rulou|hilbert-wonderlauncher|1369
|player|p2|Sergiofd|dragontamer|1342
|gen|9
|tier|[Gen 9] OU
|rated|
|rule|HP Percentage Mod: HP is shown in percentages
|rule|Endless Battle Clause: Forcing endless battles is banned
|rule|Species Clause: Limit one of each Pokémon
|rule|OHKO Clause: OHKO moves are banned
|rule|Evasion Items Clause: Evasion items are banned
|rule|Evasion Moves Clause: Evasion moves are banned
|rule|Evasion Abilities Clause: Evasion abilities are banned
|rule|Sleep Moves Clause: Sleep-inducing moves are banned
|clearpoke
|poke|p1|Great Tusk|
|poke|p1|Heatran, M|
|poke|p1|Weavile, M|
|poke|p1|Primarina, M|
|poke|p1|Ogerpon, F|
|poke|p1|Pecharunt|
|poke|p2|Porygon2|
|poke|p2|Garchomp, F|
|poke|p2|Dragapult, M|
|poke|p2|Metagross|
|poke|p2|Sableye, F|
|poke|p2|Corviknight, F|
|teampreview
|inactive|Battle timer is ON: inactive players will automatically lose when time's up. (requested by Sergiofd)
|
|t:|1757896746
|teamsize|p1|6
|teamsize|p2|6
|start
|switch|p1a: blue guy|Weavile, M|100/100
|switch|p2a: Sableye|Sableye, F, shiny|100/100
|-ability|p1a: blue guy|Pressure
|turn|1
|
|t:|1757896754
|switch|p1a: if its not 100%|Heatran, M|100/100
|-item|p1a: if its not 100%|Air Balloon
|move|p2a: Sableye|Reflect|p2a: Sableye
|-sidestart|p2: Sergiofd|Reflect
|
|upkeep
|turn|2
|
|t:|1757896763
|switch|p2a: Garchomp|Garchomp, F, shiny|100/100
|move|p1a: if its not 100%|Taunt|p2a: Garchomp
|-start|p2a: Garchomp|move: Taunt
|
|upkeep
|turn|3
|
|t:|1757896770
|move|p2a: Garchomp|Rock Slide|p1a: if its not 100%|[miss]
|-miss|p2a: Garchomp|p1a: if its not 100%
|move|p1a: if its not 100%|Stealth Rock|p2a: Garchomp
|-sidestart|p2: Sergiofd|move: Stealth Rock
|
|upkeep
|turn|4
|
|t:|1757896781
|move|p2a: Garchomp|Rock Slide|p1a: if its not 100%
|-damage|p1a: if its not 100%|69/100
|-enditem|p1a: if its not 100%|Air Balloon
|-damage|p2a: Garchomp|91/100|[from] item: Life Orb
|cant|p1a: if its not 100%|flinch
|
|-end|p2a: Garchomp|move: Taunt
|upkeep
|turn|5
|
|t:|1757896791
|switch|p1a: Ogerpon|Ogerpon, F|100/100
|move|p2a: Garchomp|Earthquake|p1a: Ogerpon
|-resisted|p1a: Ogerpon
|-damage|p1a: Ogerpon|53/100
|-damage|p2a: Garchomp|81/100|[from] item: Life Orb
|
|upkeep
|turn|6
|
|t:|1757896799
|move|p1a: Ogerpon|U-turn|p2a: Garchomp
|-damage|p2a: Garchomp|64/100
|-damage|p1a: Ogerpon|40/100|[from] ability: Rough Skin|[of] p2a: Garchomp
|
|t:|1757896807
|switch|p1a: if its not 100%|Heatran, M|69/100|[from] U-turn
|move|p2a: Garchomp|Stealth Rock|p1a: if its not 100%
|-sidestart|p1: rulou|move: Stealth Rock
|
|upkeep
|turn|7
|
|t:|1757896815
|switch|p1a: Fat|Great Tusk|100/100
|move|p2a: Garchomp|Earthquake|p1a: Fat
|-damage|p1a: Fat|47/100
|-damage|p2a: Garchomp|54/100|[from] item: Life Orb
|
|upkeep
|turn|8
|
|t:|1757896822
|move|p2a: Garchomp|Earthquake|p1a: Fat
|-crit|p1a: Fat
|-damage|p1a: Fat|0 fnt
|faint|p1a: Fat
|-end|p1a: Fat|Protosynthesis|[silent]
|-damage|p2a: Garchomp|45/100|[from] item: Life Orb
|
|-sideend|p2: Sergiofd|Reflect
|upkeep
|
|t:|1757896826
|switch|p1a: blue guy|Weavile, M|100/100
|-damage|p1a: blue guy|76/100|[from] Stealth Rock
|-ability|p1a: blue guy|Pressure
|turn|9
|
|t:|1757896832
|switch|p2a: Corviknight|Corviknight, F, shiny|100/100
|-damage|p2a: Corviknight|88/100|[from] Stealth Rock
|move|p1a: blue guy|Knock Off|p2a: Corviknight
|-damage|p2a: Corviknight|42/100
|-damage|p1a: blue guy|59/100|[from] item: Rocky Helmet|[of] p2a: Corviknight
|-enditem|p2a: Corviknight|Rocky Helmet|[from] move: Knock Off|[of] p1a: blue guy
|
|upkeep
|turn|10
|
|t:|1757896841
|switch|p1a: if its not 100%|Heatran, M|69/100
|-damage|p1a: if its not 100%|56/100|[from] Stealth Rock
|move|p2a: Corviknight|Roost|p2a: Corviknight
|-heal|p2a: Corviknight|92/100
|-singleturn|p2a: Corviknight|move: Roost
|
|upkeep
|turn|11
|
|t:|1757896854
|switch|p2a: Garchomp|Garchomp, F, shiny|45/100
|-damage|p2a: Garchomp|38/100|[from] Stealth Rock
|move|p1a: if its not 100%|Magma Storm|p2a: Garchomp
|-resisted|p2a: Garchomp
|-damage|p2a: Garchomp|9/100
|-activate|p2a: Garchomp|move: Magma Storm|[of] p1a: if its not 100%
|
|-damage|p2a: Garchomp|0 fnt|[from] move: Magma Storm|[partiallytrapped]
|faint|p2a: Garchomp
|upkeep
|
|t:|1757896864
|switch|p2a: Sableye|Sableye, F, shiny|100/100
|-damage|p2a: Sableye|88/100|[from] Stealth Rock
|turn|12
|
|t:|1757896869
|move|p2a: Sableye|Taunt|p1a: if its not 100%
|-start|p1a: if its not 100%|move: Taunt
|cant|p1a: if its not 100%|move: Taunt|Taunt
|
|upkeep
|turn|13
|
|t:|1757896874
|move|p2a: Sableye|Light Screen|p2a: Sableye
|-sidestart|p2: Sergiofd|move: Light Screen
|move|p1a: if its not 100%|Magma Storm|p2a: Sableye|[miss]
|-miss|p1a: if its not 100%|p2a: Sableye
|
|upkeep
|turn|14
|
|t:|1757896887
|switch|p2a: Dragapult|Dragapult, M, shiny|100/100
|-damage|p2a: Dragapult|88/100|[from] Stealth Rock
|move|p1a: if its not 100%|Magma Storm|p2a: Dragapult
|-resisted|p2a: Dragapult
|-damage|p2a: Dragapult|69/100
|-activate|p2a: Dragapult|move: Magma Storm|[of] p1a: if its not 100%
|
|-damage|p2a: Dragapult|57/100|[from] move: Magma Storm|[partiallytrapped]
|-end|p1a: if its not 100%|move: Taunt
|upkeep
|turn|15
|
|t:|1757896899
|switch|p1a: Primarina|Primarina, M|100/100
|-damage|p1a: Primarina|88/100|[from] Stealth Rock
|move|p2a: Dragapult|Surf|p1a: Primarina
|-resisted|p1a: Primarina
|-damage|p1a: Primarina|81/100
|
|-end|p2a: Dragapult|Magma Storm|[partiallytrapped]|[silent]
|upkeep
|turn|16
|
|t:|1757896915
|switch|p2a: Porygon2|Porygon2, shiny|100/100
|-damage|p2a: Porygon2|88/100|[from] Stealth Rock
|-ability|p2a: Porygon2|Download|boost
|-boost|p2a: Porygon2|atk|1
|move|p1a: Primarina|Flip Turn|p2a: Porygon2
|-damage|p2a: Porygon2|78/100
|
|t:|1757896925
|switch|p1a: blue guy|Weavile, M|59/100|[from] Flip Turn
|-damage|p1a: blue guy|34/100|[from] Stealth Rock
|-ability|p1a: blue guy|Pressure
|
|upkeep
|turn|17
|
|t:|1757896934
|switch|p2a: Corviknight|Corviknight, F, shiny|92/100
|-damage|p2a: Corviknight|80/100|[from] Stealth Rock
|move|p1a: blue guy|Triple Axel|p2a: Corviknight
|-damage|p2a: Corviknight|71/100
|-damage|p2a: Corviknight|52/100
|-damage|p2a: Corviknight|28/100
|-hitcount|p2a: Corviknight|3
|
|upkeep
|turn|18
|
|t:|1757896943
|move|p1a: blue guy|Triple Axel|p2a: Corviknight
|-damage|p2a: Corviknight|18/100
|-hitcount|p2a: Corviknight|1
|move|p2a: Corviknight|Roost|p2a: Corviknight
|-heal|p2a: Corviknight|68/100
|-singleturn|p2a: Corviknight|move: Roost
|
|upkeep
|turn|19
|
|t:|1757896952
|move|p1a: blue guy|Triple Axel|p2a: Corviknight
|-damage|p2a: Corviknight|59/100
|-damage|p2a: Corviknight|42/100
|-hitcount|p2a: Corviknight|2
|move|p2a: Corviknight|Body Press|p1a: blue guy
|-supereffective|p1a: blue guy
|-damage|p1a: blue guy|0 fnt
|faint|p1a: blue guy
|
|upkeep
|
|t:|1757896962
|switch|p1a: if its not 100%|Heatran, M|56/100
|-damage|p1a: if its not 100%|44/100|[from] Stealth Rock
|turn|20
|
|t:|1757896971
|move|p1a: if its not 100%|Taunt|p2a: Corviknight
|-start|p2a: Corviknight|move: Taunt
|move|p2a: Corviknight|Body Press|p1a: if its not 100%
|-supereffective|p1a: if its not 100%
|-damage|p1a: if its not 100%|0 fnt
|faint|p1a: if its not 100%
|
|-sideend|p2: Sergiofd|move: Light Screen
|upkeep
|c|☆Sergiofd|easy
|
|t:|1757896980
|switch|p1a: Pecharunt|Pecharunt|100/100
|-damage|p1a: Pecharunt|88/100|[from] Stealth Rock
|turn|21
|c|☆rulou|mf said easy after dodging triple axel
|
|t:|1757897004
|move|p1a: Pecharunt|Shadow Ball|p2a: Corviknight
|-damage|p2a: Corviknight|17/100
|-ability|p2a: Corviknight|Mirror Armor
|-unboost|p1a: Pecharunt|spd|1
|move|p2a: Corviknight|Brave Bird|p1a: Pecharunt
|-damage|p1a: Pecharunt|70/100
|-damage|p2a: Corviknight|0 fnt|[from] item: Rocky Helmet|[of] p1a: Pecharunt
|faint|p2a: Corviknight
|
|upkeep
|
|t:|1757897023
|switch|p2a: Sableye|Sableye, F, shiny|88/100
|-damage|p2a: Sableye|76/100|[from] Stealth Rock
|turn|22
|
|t:|1757897029
|move|p2a: Sableye|Light Screen|p2a: Sableye
|-sidestart|p2: Sergiofd|move: Light Screen
|move|p1a: Pecharunt|Malignant Chain|p2a: Sableye
|-resisted|p2a: Sableye
|-damage|p2a: Sableye|65/100
|
|upkeep
|turn|23
|
|t:|1757897036
|switch|p2a: Metagross|Metagross, shiny|100/100
|-damage|p2a: Metagross|94/100|[from] Stealth Rock
|move|p1a: Pecharunt|Malignant Chain|p2a: Metagross
|-immune|p2a: Metagross
|
|upkeep
|turn|24
|c|☆Sergiofd|Even if you got it right, you were still going to lose.
|c|☆Sergiofd|im better
|
|t:|1757897064
|move|p1a: Pecharunt|Shadow Ball|p2a: Metagross
|-supereffective|p2a: Metagross
|-damage|p2a: Metagross|66/100
|-enditem|p2a: Metagross|Weakness Policy
|-boost|p2a: Metagross|atk|2|[from] item: Weakness Policy
|-boost|p2a: Metagross|spa|2|[from] item: Weakness Policy
|move|p2a: Metagross|Agility|p2a: Metagross
|-boost|p2a: Metagross|spe|2
|
|upkeep
|turn|25
|c|☆Sergiofd|U see?
|c|☆rulou|lmfao
|c|☆rulou|get a life dude
|c|☆rulou|ur 1342 rated
|c|☆rulou|ur not good
|inactive|rulou has 120 seconds left.
|
|t:|1757897098
|move|p2a: Metagross|Psychic Fangs|p1a: Pecharunt
|-supereffective|p1a: Pecharunt
|-damage|p1a: Pecharunt|0 fnt
|-damage|p2a: Metagross|50/100|[from] item: Rocky Helmet|[of] p1a: Pecharunt
|faint|p1a: Pecharunt
|
|upkeep
|inactive|rulou has 120 seconds left.
|c|☆Sergiofd|And i will win you
|c|☆Sergiofd|Easy
|c|☆Sergiofd|So easy
|c|☆Sergiofd|4-0
|inactive|rulou has 90 seconds left.
|c|☆rulou|its a regular win lmao
|c|☆Sergiofd|and you stop playing because you don't know how to lose
|c|☆rulou|well done mate
|inactive|rulou has 60 seconds left.
|c|☆rulou|you don't know how to win
|c|☆Sergiofd|Yes, I know, just like I did
|inactive|rulou has 30 seconds left.
|inactive|rulou has 20 seconds left.
|c|☆Sergiofd|We play a hundred times and I win a hundred
|inactive|rulou has 15 seconds left.
|c|☆Sergiofd|4-0
|c|☆Sergiofd|hahahahaha
|inactive|rulou has 10 seconds left.
|inactive|rulou has 5 seconds left.
|c|☆Sergiofd|thanks 4 the points
|c|☆Sergiofd|GG
|-message|rulou lost due to inactivity.
|
|win|Sergiofd
