|j|☆birbirb
|j|☆8daniel8
|t:|1757909678
|gametype|singles
|player|p1|birbirb|pokemaniac|1435
|player|p2|8daniel8|koga|1418
|gen|9
|tier|[Gen 9] OU
|rated|
|rule|HP Percentage Mod: HP is shown in percentages
|rule|Endless Battle Clause: Forcing endless battles is banned
|rule|Species Clause: Limit one of each Pokémon
|rule|OHKO Clause: OHKO moves are banned
|rule|Evasion Items Clause: Evasion items are banned
|rule|Evasion Moves Clause: Evasion moves are banned
|rule|Evasion Abilities Clause: Evasion abilities are banned
|rule|Sleep Moves Clause: Sleep-inducing moves are banned
|clearpoke
|poke|p1|Landorus-Therian, M|
|poke|p1|Zamazenta-*|
|poke|p1|Pecharunt|
|poke|p1|Samurott-Hisui, F|
|poke|p1|Latios, M|
|poke|p1|Scizor, F|
|poke|p2|Dragapult, M|
|poke|p2|Mandibuzz, F|
|poke|p2|Empoleon, F|
|poke|p2|Okidogi, M|
|poke|p2|Electrode-Hisui|
|poke|p2|Comfey, M|
|teampreview
|
|t:|1757909685
|teamsize|p1|6
|teamsize|p2|6
|start
|switch|p1a: Pecharunt|Pecharunt|100/100
|switch|p2a: Comfey|Comfey, M|100/100
|turn|1
|inactive|Battle timer is ON: inactive players will automatically lose when time's up. (requested by 8daniel8)
|
|t:|1757909693
|switch|p2a: Empoleon|Empoleon, F|100/100
|move|p1a: Pecharunt|Shadow Ball|p2a: Empoleon
|-damage|p2a: Empoleon|85/100
|
|-heal|p2a: Empoleon|91/100|[from] item: Leftovers
|upkeep
|turn|2
|
|t:|1757909702
|switch|p1a: Samurott|Samurott-Hisui, F|100/100
|move|p2a: Empoleon|Flip Turn|p1a: Samurott
|-resisted|p1a: Samurott
|-damage|p1a: Samurott|90/100
|
|t:|1757909712
|switch|p2a: Electrode|Electrode-Hisui|100/100|[from] Flip Turn
|
|upkeep
|turn|3
|
|t:|1757909727
|switch|p1a: Landorus|Landorus-Therian, M|100/100
|-ability|p1a: Landorus|Intimidate|boost
|-unboost|p2a: Electrode|atk|1
|move|p2a: Electrode|Electro Ball|p1a: Landorus
|-immune|p1a: Landorus
|
|upkeep
|turn|4
|
|t:|1757909735
|switch|p2a: Mandibuzz|Mandibuzz, F|100/100
|move|p1a: Landorus|Stealth Rock|p2a: Mandibuzz
|-sidestart|p2: 8daniel8|move: Stealth Rock
|
|upkeep
|turn|5
|
|t:|1757909743
|move|p1a: Landorus|Smack Down|p2a: Mandibuzz
|-supereffective|p2a: Mandibuzz
|-damage|p2a: Mandibuzz|84/100
|-start|p2a: Mandibuzz|Smack Down
|move|p2a: Mandibuzz|Foul Play|p1a: Landorus
|-damage|p1a: Landorus|55/100
|-damage|p2a: Mandibuzz|67/100|[from] item: Rocky Helmet|[of] p1a: Landorus
|
|upkeep
|turn|6
|
|t:|1757909752
|move|p1a: Landorus|Earthquake|p2a: Mandibuzz
|-damage|p2a: Mandibuzz|41/100
|move|p2a: Mandibuzz|Roost|p2a: Mandibuzz
|-heal|p2a: Mandibuzz|91/100
|-singleturn|p2a: Mandibuzz|move: Roost
|
|upkeep
|turn|7
|
|t:|1757909759
|move|p1a: Landorus|Earthquake|p2a: Mandibuzz
|-damage|p2a: Mandibuzz|66/100
|move|p2a: Mandibuzz|Toxic|p1a: Landorus
|-status|p1a: Landorus|tox
|
|-damage|p1a: Landorus|49/100 tox|[from] psn
|upkeep
|turn|8
|
|t:|1757909767
|move|p1a: Landorus|U-turn|p2a: Mandibuzz
|-damage|p2a: Mandibuzz|53/100
|
|t:|1757909793
|switch|p1a: Pecharunt|Pecharunt|100/100|[from] U-turn
|move|p2a: Mandibuzz|Roost|p2a: Mandibuzz
|-heal|p2a: Mandibuzz|100/100
|-singleturn|p2a: Mandibuzz|move: Roost
|
|upkeep
|turn|9
|
|t:|1757909809
|switch|p2a: Empoleon|Empoleon, F|91/100
|-damage|p2a: Empoleon|85/100|[from] Stealth Rock
|move|p1a: Pecharunt|Parting Shot|p2a: Empoleon
|-unboost|p2a: Empoleon|atk|1
|-ability|p2a: Empoleon|Competitive|boost
|-boost|p2a: Empoleon|spa|2
|-unboost|p2a: Empoleon|spa|1
|-ability|p2a: Empoleon|Competitive|boost
|-boost|p2a: Empoleon|spa|2
|inactive|birbirb has 120 seconds left.
|
|t:|1757909820
|switch|p1a: Zamazenta|Zamazenta|100/100|[from] Parting Shot
|-ability|p1a: Zamazenta|Dauntless Shield|boost
|-boost|p1a: Zamazenta|def|1
|
|-heal|p2a: Empoleon|91/100|[from] item: Leftovers
|upkeep
|turn|10
|
|t:|1757909833
|-terastallize|p2a: Empoleon|Flying
|move|p1a: Zamazenta|Body Press|p2a: Empoleon
|-resisted|p2a: Empoleon
|-damage|p2a: Empoleon|60/100
|move|p2a: Empoleon|Flash Cannon|p1a: Zamazenta
|-damage|p1a: Zamazenta|29/100
|
|-heal|p1a: Zamazenta|35/100|[from] item: Leftovers
|-heal|p2a: Empoleon|67/100|[from] item: Leftovers
|upkeep
|turn|11
|inactive|birbirb has 120 seconds left.
|
|t:|1757909857
|move|p1a: Zamazenta|Crunch|p2a: Empoleon
|-damage|p2a: Empoleon|43/100
|move|p2a: Empoleon|Roost|p2a: Empoleon
|-heal|p2a: Empoleon|93/100
|-hint|If a Terastallized Pokemon uses Roost, it remains Flying-type.
|
|-heal|p1a: Zamazenta|41/100|[from] item: Leftovers
|-heal|p2a: Empoleon|99/100|[from] item: Leftovers
|upkeep
|turn|12
|
|t:|1757909866
|move|p2a: Empoleon|Flash Cannon|p1a: Zamazenta
|-damage|p1a: Zamazenta|0 fnt
|faint|p1a: Zamazenta
|
|-heal|p2a: Empoleon|100/100|[from] item: Leftovers
|upkeep
|
|t:|1757909868
|switch|p1a: Scizor|Scizor, F|100/100
|turn|13
|
|t:|1757909875
|-terastallize|p1a: Scizor|Electric
|move|p1a: Scizor|Tera Blast|p2a: Empoleon|[anim] Tera Blast Electric
|-supereffective|p2a: Empoleon
|-damage|p2a: Empoleon|8/100
|move|p2a: Empoleon|Whirlpool|p1a: Scizor
|-damage|p1a: Scizor|52/100
|-activate|p1a: Scizor|move: Whirlpool|[of] p2a: Empoleon
|
|-heal|p2a: Empoleon|14/100|[from] item: Leftovers
|-damage|p1a: Scizor|40/100|[from] move: Whirlpool|[partiallytrapped]
|upkeep
|turn|14
|
|t:|1757909887
|move|p1a: Scizor|Bullet Punch|p2a: Empoleon
|-damage|p2a: Empoleon|0 fnt
|faint|p2a: Empoleon
|
|-end|p1a: Scizor|Whirlpool|[partiallytrapped]|[silent]
|upkeep
|
|t:|1757909899
|switch|p2a: Electrode|Electrode-Hisui|100/100
|-damage|p2a: Electrode|88/100|[from] Stealth Rock
|turn|15
|
|t:|1757909904
|move|p1a: Scizor|Bullet Punch|p2a: Electrode
|-resisted|p2a: Electrode
|-damage|p2a: Electrode|58/100
|move|p2a: Electrode|Leaf Storm|p1a: Scizor
|-damage|p1a: Scizor|0 fnt
|-unboost|p2a: Electrode|spa|2
|faint|p1a: Scizor
|
|upkeep
|
|t:|1757909908
|switch|p1a: Pecharunt|Pecharunt|100/100
|turn|16
|
|t:|1757909916
|switch|p2a: Okidogi|Okidogi, M|100/100
|-damage|p2a: Okidogi|94/100|[from] Stealth Rock
|move|p1a: Pecharunt|Malignant Chain|p2a: Okidogi
|-resisted|p2a: Okidogi
|-damage|p2a: Okidogi|78/100
|
|-heal|p2a: Okidogi|84/100|[from] item: Leftovers
|upkeep
|turn|17
|
|t:|1757909935
|move|p1a: Pecharunt|Parting Shot|p2a: Okidogi
|-unboost|p2a: Okidogi|atk|1
|-unboost|p2a: Okidogi|spa|1
|
|t:|1757909938
|switch|p1a: Landorus|Landorus-Therian, M|49/100 tox|[from] Parting Shot
|-ability|p1a: Landorus|Intimidate|boost
|-ability|p2a: Okidogi|Guard Dog|boost
|-boost|p2a: Okidogi|atk|1
|move|p2a: Okidogi|Knock Off|p1a: Landorus
|-damage|p1a: Landorus|23/100 tox
|-damage|p2a: Okidogi|68/100|[from] item: Rocky Helmet|[of] p1a: Landorus
|-enditem|p1a: Landorus|Rocky Helmet|[from] move: Knock Off|[of] p2a: Okidogi
|
|-heal|p2a: Okidogi|74/100|[from] item: Leftovers
|-damage|p1a: Landorus|17/100 tox|[from] psn
|upkeep
|turn|18
|
|t:|1757909951
|move|p1a: Landorus|U-turn|p2a: Okidogi
|-resisted|p2a: Okidogi
|-damage|p2a: Okidogi|69/100
|
|t:|1757909955
|switch|p1a: Latios|Latios, M|100/100|[from] U-turn
|move|p2a: Okidogi|Knock Off|p1a: Latios
|-supereffective|p1a: Latios
|-damage|p1a: Latios|24/100
|-enditem|p1a: Latios|Soul Dew|[from] move: Knock Off|[of] p2a: Okidogi
|
|-heal|p2a: Okidogi|75/100|[from] item: Leftovers
|upkeep
|turn|19
|
|t:|1757909967
|switch|p2a: Comfey|Comfey, M|100/100
|-damage|p2a: Comfey|88/100|[from] Stealth Rock
|move|p1a: Latios|Psychic Noise|p2a: Comfey
|-damage|p2a: Comfey|49/100
|-start|p2a: Comfey|move: Heal Block
|
|upkeep
|turn|20
|
|t:|1757909977
|move|p1a: Latios|Psychic Noise|p2a: Comfey
|-damage|p2a: Comfey|8/100
|move|p2a: Comfey|Leech Seed|p1a: Latios
|-start|p1a: Latios|move: Leech Seed
|
|-damage|p1a: Latios|12/100|[from] Leech Seed|[of] p2a: Comfey
|-end|p2a: Comfey|move: Heal Block
|upkeep
|turn|21
|
|t:|1757909987
|switch|p1a: Pecharunt|Pecharunt|100/100
|move|p2a: Comfey|Calm Mind|p2a: Comfey
|-boost|p2a: Comfey|spa|1
|-boost|p2a: Comfey|spd|1
|
|upkeep
|turn|22
|
|t:|1757909995
|move|p2a: Comfey|Draining Kiss|p1a: Pecharunt
|-resisted|p1a: Pecharunt
|-damage|p1a: Pecharunt|86/100
|-heal|p2a: Comfey|26/100|[from] drain|[of] p1a: Pecharunt
|move|p1a: Pecharunt|Malignant Chain|p2a: Comfey
|-supereffective|p2a: Comfey
|-crit|p2a: Comfey
|-damage|p2a: Comfey|0 fnt
|faint|p2a: Comfey
|
|upkeep
|
|t:|1757910013
|switch|p2a: Okidogi|Okidogi, M|75/100
|-damage|p2a: Okidogi|69/100|[from] Stealth Rock
|turn|23
|
|t:|1757910033
|switch|p1a: Landorus|Landorus-Therian, M|17/100 tox
|-ability|p1a: Landorus|Intimidate|boost
|-ability|p2a: Okidogi|Guard Dog|boost
|-boost|p2a: Okidogi|atk|1
|move|p2a: Okidogi|Knock Off|p1a: Landorus
|-damage|p1a: Landorus|0 fnt
|faint|p1a: Landorus
|
|-heal|p2a: Okidogi|75/100|[from] item: Leftovers
|upkeep
|
|t:|1757910038
|switch|p1a: Latios|Latios, M|12/100
|turn|24
|
|t:|1757910057
|switch|p2a: Mandibuzz|Mandibuzz, F|100/100
|move|p1a: Latios|Recover|p1a: Latios
|-heal|p1a: Latios|62/100
|
|upkeep
|turn|25
|
|t:|1757910065
|switch|p1a: Pecharunt|Pecharunt|86/100
|move|p2a: Mandibuzz|Foul Play|p1a: Pecharunt
|-supereffective|p1a: Pecharunt
|-damage|p1a: Pecharunt|60/100
|
|upkeep
|turn|26
|
|t:|1757910072
|switch|p2a: Okidogi|Okidogi, M|75/100
|-damage|p2a: Okidogi|69/100|[from] Stealth Rock
|move|p1a: Pecharunt|Malignant Chain|p2a: Okidogi
|-resisted|p2a: Okidogi
|-damage|p2a: Okidogi|53/100
|
|-heal|p2a: Okidogi|59/100|[from] item: Leftovers
|upkeep
|turn|27
|
|t:|1757910082
|switch|p1a: Samurott|Samurott-Hisui, F|90/100
|move|p2a: Okidogi|Gunk Shot|p1a: Samurott
|-damage|p1a: Samurott|30/100
|
|-heal|p2a: Okidogi|65/100|[from] item: Leftovers
|upkeep
|turn|28
|
|t:|1757910090
|move|p2a: Okidogi|Drain Punch|p1a: Samurott
|-supereffective|p1a: Samurott
|-damage|p1a: Samurott|0 fnt
|-heal|p2a: Okidogi|79/100|[from] drain|[of] p1a: Samurott
|faint|p1a: Samurott
|
|-heal|p2a: Okidogi|85/100|[from] item: Leftovers
|upkeep
|-message|birbirb forfeited.
|
|win|8daniel8
|raw|birbirb's rating: 1435 &rarr; <strong>1414</strong><br />(-21 for losing)
|raw|8daniel8's rating: 1418 &rarr; <strong>1439</strong><br />(+21 for winning)
|l|☆birbirb
|player|p1|
|l|☆8daniel8
|player|p2|
