|j|☆xiaojy
|j|☆andrewm0n
|t:|1757835085
|gametype|singles
|player|p1|xiaojy|nate|1315
|player|p2|andrewm0n|101|1317
|gen|9
|tier|[Gen 9] OU
|rated|
|rule|HP Percentage Mod: HP is shown in percentages
|rule|Endless Battle Clause: Forcing endless battles is banned
|rule|Species Clause: Limit one of each Pokémon
|rule|OHKO Clause: OHKO moves are banned
|rule|Evasion Items Clause: Evasion items are banned
|rule|Evasion Moves Clause: Evasion moves are banned
|rule|Evasion Abilities Clause: Evasion abilities are banned
|rule|Sleep Moves Clause: Sleep-inducing moves are banned
|clearpoke
|poke|p1|Iron Moth|
|poke|p1|Corviknight, M|
|poke|p1|Ogerpon-Wellspring, F|
|poke|p1|Pecharunt|
|poke|p1|Zamazenta-*|
|poke|p1|Primarina, F|
|poke|p2|Rillaboom, M|
|poke|p2|Braviary-Hisui, M|
|poke|p2|Goodra, M|
|poke|p2|Pelipper, M|
|poke|p2|Clodsire, F|
|poke|p2|Alomomola, F|
|teampreview
|inactive|Battle timer is ON: inactive players will automatically lose when time's up. (requested by xiaojy)
|
|t:|1757835102
|teamsize|p1|6
|teamsize|p2|6
|start
|switch|p1a: Primarina|Primarina, F, shiny|100/100
|switch|p2a: Pelipper|Pelipper, M, shiny|100/100
|-weather|RainDance|[from] ability: Drizzle|[of] p2a: Pelipper
|turn|1
|
|t:|1757835122
|move|p2a: Pelipper|Hurricane|p1a: Primarina
|-damage|p1a: Primarina|47/100
|move|p1a: Primarina|Alluring Voice|p2a: Pelipper
|-resisted|p2a: Pelipper
|-damage|p2a: Pelipper|58/100
|-enditem|p1a: Primarina|Throat Spray
|-boost|p1a: Primarina|spa|1|[from] item: Throat Spray
|
|-weather|RainDance|[upkeep]
|upkeep
|turn|2
|
|t:|1757835126
|move|p2a: Pelipper|Hurricane|p1a: Primarina
|-damage|p1a: Primarina|0 fnt
|faint|p1a: Primarina
|
|-weather|RainDance|[upkeep]
|upkeep
|
|t:|1757835152
|switch|p1a: Pecharunt|Pecharunt|100/100
|turn|3
|
|t:|1757835157
|switch|p2a: Goodra|Goodra, M, shiny|100/100
|move|p1a: Pecharunt|Nasty Plot|p1a: Pecharunt
|-boost|p1a: Pecharunt|spa|2
|
|-weather|RainDance|[upkeep]
|upkeep
|turn|4
|
|t:|1757835165
|move|p1a: Pecharunt|Malignant Chain|p2a: Goodra
|-damage|p2a: Goodra|50/100
|-status|p2a: Goodra|tox
|-start|p2a: Goodra|confusion|[from] ability: Poison Puppeteer|[of] p1a: Pecharunt
|-activate|p2a: Goodra|confusion
|move|p2a: Goodra|Muddy Water|p1a: Pecharunt
|-damage|p1a: Pecharunt|65/100
|-unboost|p1a: Pecharunt|accuracy|1
|
|-weather|RainDance|[upkeep]
|-heal|p1a: Pecharunt|71/100|[from] item: Leftovers
|-activate|p2a: Goodra|ability: Hydration
|-curestatus|p2a: Goodra|tox|[msg]
|upkeep
|turn|5
|
|t:|1757835185
|switch|p1a: Ogerpon|Ogerpon-Wellspring, F|100/100
|switch|p2a: Clodsire|Clodsire, F, shiny|100/100
|
|-weather|RainDance|[upkeep]
|upkeep
|turn|6
|
|t:|1757835193
|switch|p2a: Rillaboom|Rillaboom, M, shiny|100/100
|-fieldstart|move: Grassy Terrain|[from] ability: Grassy Surge|[of] p2a: Rillaboom
|move|p1a: Ogerpon|Knock Off|p2a: Rillaboom
|-damage|p2a: Rillaboom|68/100
|-enditem|p2a: Rillaboom|Terrain Extender|[from] move: Knock Off|[of] p1a: Ogerpon
|
|-weather|RainDance|[upkeep]
|-heal|p2a: Rillaboom|74/100|[from] Grassy Terrain
|upkeep
|turn|7
|
|t:|1757835204
|switch|p1a: Pecharunt|Pecharunt|71/100
|move|p2a: Rillaboom|U-turn|p1a: Pecharunt
|-resisted|p1a: Pecharunt
|-damage|p1a: Pecharunt|68/100
|
|t:|1757835210
|switch|p2a: Braviary|Braviary-Hisui, M, shiny|100/100|[from] U-turn
|
|-weather|RainDance|[upkeep]
|-heal|p1a: Pecharunt|74/100|[from] Grassy Terrain
|-heal|p1a: Pecharunt|80/100|[from] item: Leftovers
|upkeep
|turn|8
|l|☆xiaojy
|inactive|xiaojy disconnected and has a minute to reconnect!
|player|p1|
|inactive|xiaojy has 30 seconds to reconnect!
|inactive|xiaojy has 20 seconds to reconnect!
|inactive|xiaojy has 15 seconds to reconnect!
|inactive|xiaojy has 10 seconds to reconnect!
|inactive|xiaojy has 5 seconds to reconnect!
|-message|xiaojy lost due to inactivity.
|
|win|andrewm0n
|raw|xiaojy's rating: 1315 &rarr; <strong>1295</strong><br />(-20 for losing)
|raw|andrewm0n's rating: 1317 &rarr; <strong>1337</strong><br />(+20 for winning)
|l|☆andrewm0n
|player|p2|
