|j|☆aimhighrr
|j|☆StarPollution
|t:|1757949700
|gametype|singles
|player|p1|aimhighrr|265|1081
|player|p2|StarPollution|cheryl|1097
|gen|9
|tier|[Gen 9] OU
|rated|
|rule|HP Percentage Mod: HP is shown in percentages
|rule|Endless Battle Clause: Forcing endless battles is banned
|rule|Species Clause: Limit one of each Pokémon
|rule|OHKO Clause: OHKO moves are banned
|rule|Evasion Items Clause: Evasion items are banned
|rule|Evasion Moves Clause: Evasion moves are banned
|rule|Evasion Abilities Clause: Evasion abilities are banned
|rule|Sleep Moves Clause: Sleep-inducing moves are banned
|clearpoke
|poke|p1|Torkoal, F|
|poke|p1|Walking Wake|
|poke|p1|Hatterene, F|
|poke|p1|Great Tusk|
|poke|p1|Corviknight, F|
|poke|p1|Gliscor, M|
|poke|p2|Glimmora, F|
|poke|p2|Hatterene, F|
|poke|p2|Espeon, M|
|poke|p2|Kingambit, F|
|poke|p2|Umbreon, F|
|poke|p2|Dondozo, M|
|teampreview
|
|t:|1757949717
|teamsize|p1|6
|teamsize|p2|6
|start
|switch|p1a: Great Tusk|Great Tusk|100/100
|switch|p2a: Espeon|Espeon, M|100/100
|turn|1
|
|t:|1757949732
|move|p2a: Espeon|Psyshock|p1a: Great Tusk
|-supereffective|p1a: Great Tusk
|-damage|p1a: Great Tusk|42/100
|move|p1a: Great Tusk|Headlong Rush|p2a: Espeon
|-enditem|p2a: Espeon|Focus Sash
|-damage|p2a: Espeon|1/100
|-unboost|p1a: Great Tusk|def|1
|-unboost|p1a: Great Tusk|spd|1
|
|-heal|p1a: Great Tusk|48/100|[from] item: Leftovers
|upkeep
|turn|2
|
|t:|1757949748
|-end|p1a: Great Tusk|Protosynthesis|[silent]
|switch|p1a: Corviknight|Corviknight, F|100/100
|-ability|p1a: Corviknight|Pressure
|move|p2a: Espeon|Psyshock|p1a: Corviknight
|-resisted|p1a: Corviknight
|-damage|p1a: Corviknight|89/100
|
|upkeep
|turn|3
|
|t:|1757949758
|move|p1a: Corviknight|Iron Defense|p1a: Corviknight
|-boost|p1a: Corviknight|def|2
|move|p2a: Espeon|Trick Room|p2a: Espeon
|-fieldstart|move: Trick Room|[of] p2a: Espeon
|
|upkeep
|turn|4
|
|t:|1757949774
|move|p1a: Corviknight|Iron Defense|p1a: Corviknight
|-boost|p1a: Corviknight|def|2
|move|p2a: Espeon|Shadow Ball|p1a: Corviknight
|-damage|p1a: Corviknight|60/100
|
|upkeep
|turn|5
|
|t:|1757949794
|move|p1a: Corviknight|Roost|p1a: Corviknight
|-heal|p1a: Corviknight|100/100
|-singleturn|p1a: Corviknight|move: Roost
|move|p2a: Espeon|Shadow Ball|p1a: Corviknight
|-crit|p1a: Corviknight
|-damage|p1a: Corviknight|62/100
|
|upkeep
|turn|6
|
|t:|1757949803
|move|p1a: Corviknight|Body Press|p2a: Espeon
|-resisted|p2a: Espeon
|-damage|p2a: Espeon|0 fnt
|faint|p2a: Espeon
|
|upkeep
|
|t:|1757949814
|switch|p2a: Dondozo|Dondozo, M|100/100
|turn|7
|
|t:|1757949820
|-terastallize|p1a: Corviknight|Fairy
|move|p2a: Dondozo|Wave Crash|p1a: Corviknight
|-damage|p1a: Corviknight|30/100
|-damage|p2a: Dondozo|92/100|[from] Recoil
|move|p1a: Corviknight|Iron Defense|p1a: Corviknight
|-boost|p1a: Corviknight|def|2
|
|-heal|p2a: Dondozo|98/100|[from] item: Leftovers
|-fieldend|move: Trick Room
|upkeep
|turn|8
|
|t:|1757949832
|move|p1a: Corviknight|Roost|p1a: Corviknight
|-heal|p1a: Corviknight|80/100
|move|p2a: Dondozo|Avalanche|p1a: Corviknight
|-damage|p1a: Corviknight|68/100
|
|-heal|p2a: Dondozo|100/100|[from] item: Leftovers
|upkeep
|turn|9
|
|t:|1757949841
|move|p1a: Corviknight|Roost|p1a: Corviknight
|-heal|p1a: Corviknight|100/100
|move|p2a: Dondozo|Wave Crash|p1a: Corviknight
|-damage|p1a: Corviknight|66/100
|-damage|p2a: Dondozo|92/100|[from] Recoil
|
|-heal|p2a: Dondozo|98/100|[from] item: Leftovers
|upkeep
|turn|10
|
|t:|1757949851
|move|p1a: Corviknight|Body Press|p2a: Dondozo
|-damage|p2a: Dondozo|81/100
|move|p2a: Dondozo|Wave Crash|p1a: Corviknight
|-damage|p1a: Corviknight|30/100
|-damage|p2a: Dondozo|72/100|[from] Recoil
|
|-heal|p2a: Dondozo|78/100|[from] item: Leftovers
|upkeep
|turn|11
|
|t:|1757949861
|move|p1a: Corviknight|Roost|p1a: Corviknight
|-heal|p1a: Corviknight|80/100
|move|p2a: Dondozo|Wave Crash|p1a: Corviknight
|-damage|p1a: Corviknight|43/100
|-damage|p2a: Dondozo|68/100|[from] Recoil
|
|-heal|p2a: Dondozo|74/100|[from] item: Leftovers
|upkeep
|turn|12
|
|t:|1757949872
|move|p1a: Corviknight|Roost|p1a: Corviknight
|-heal|p1a: Corviknight|93/100
|move|p2a: Dondozo|Wave Crash|p1a: Corviknight
|-damage|p1a: Corviknight|57/100
|-damage|p2a: Dondozo|65/100|[from] Recoil
|
|-heal|p2a: Dondozo|71/100|[from] item: Leftovers
|upkeep
|turn|13
|
|t:|1757949887
|move|p1a: Corviknight|Roost|p1a: Corviknight
|-heal|p1a: Corviknight|100/100
|move|p2a: Dondozo|Wave Crash|p1a: Corviknight
|-damage|p1a: Corviknight|67/100
|-damage|p2a: Dondozo|62/100|[from] Recoil
|
|-heal|p2a: Dondozo|68/100|[from] item: Leftovers
|upkeep
|turn|14
|
|t:|1757949897
|move|p1a: Corviknight|U-turn|p2a: Dondozo
|-damage|p2a: Dondozo|59/100
|
|t:|1757949900
|switch|p1a: Torkoal|Torkoal, F|100/100|[from] U-turn
|-weather|SunnyDay|[from] ability: Drought|[of] p1a: Torkoal
|move|p2a: Dondozo|Wave Crash|p1a: Torkoal
|-supereffective|p1a: Torkoal
|-damage|p1a: Torkoal|69/100
|-damage|p2a: Dondozo|52/100|[from] Recoil
|
|-weather|SunnyDay|[upkeep]
|-heal|p2a: Dondozo|58/100|[from] item: Leftovers
|upkeep
|turn|15
|
|t:|1757949913
|switch|p2a: Hatterene|Hatterene, F|100/100
|move|p1a: Torkoal|Stealth Rock|p2a: Hatterene
|move|p2a: Hatterene|Stealth Rock|p1a: Torkoal|[from] ability: Magic Bounce
|-sidestart|p1: aimhighrr|move: Stealth Rock
|
|-weather|SunnyDay|[upkeep]
|upkeep
|turn|16
|
|t:|1757949923
|move|p2a: Hatterene|Calm Mind|p2a: Hatterene
|-boost|p2a: Hatterene|spa|1
|-boost|p2a: Hatterene|spd|1
|move|p1a: Torkoal|Rapid Spin|p2a: Hatterene
|-damage|p2a: Hatterene|89/100
|-boost|p1a: Torkoal|spe|1
|-sideend|p1: aimhighrr|Stealth Rock|[from] move: Rapid Spin|[of] p1a: Torkoal
|
|-weather|SunnyDay|[upkeep]
|-heal|p2a: Hatterene|95/100|[from] item: Leftovers
|upkeep
|turn|17
|
|t:|1757949940
|move|p1a: Torkoal|Lava Plume|p2a: Hatterene
|-damage|p2a: Hatterene|68/100
|move|p2a: Hatterene|Trick Room|p2a: Hatterene
|-fieldstart|move: Trick Room|[of] p2a: Hatterene
|
|-weather|SunnyDay|[upkeep]
|-heal|p2a: Hatterene|74/100|[from] item: Leftovers
|upkeep
|turn|18
|
|t:|1757949951
|switch|p1a: Hatterene|Hatterene, F|100/100
|move|p2a: Hatterene|Draining Kiss|p1a: Hatterene
|-damage|p1a: Hatterene|56/100
|-heal|p2a: Hatterene|100/100|[from] drain|[of] p1a: Hatterene
|-enditem|p1a: Hatterene|Eject Button
|
|t:|1757949963
|switch|p1a: Gliscor|Gliscor, M|100/100
|
|-weather|SunnyDay|[upkeep]
|-status|p1a: Gliscor|tox|[from] item: Toxic Orb
|upkeep
|turn|19
|
|t:|1757949977
|move|p1a: Gliscor|Protect|p1a: Gliscor
|-singleturn|p1a: Gliscor|Protect
|move|p2a: Hatterene|Psychic|p1a: Gliscor
|-activate|p1a: Gliscor|move: Protect
|
|-weather|SunnyDay|[upkeep]
|upkeep
|turn|20
|
|t:|1757950009
|move|p2a: Hatterene|Psychic|p1a: Gliscor
|-damage|p1a: Gliscor|0 fnt
|faint|p1a: Gliscor
|
|-weather|SunnyDay|[upkeep]
|upkeep
|
|t:|1757950017
|switch|p1a: Great Tusk|Great Tusk|48/100
|-activate|p1a: Great Tusk|ability: Protosynthesis
|-start|p1a: Great Tusk|protosynthesisatk
|turn|21
|
|t:|1757950023
|move|p2a: Hatterene|Psychic|p1a: Great Tusk
|-supereffective|p1a: Great Tusk
|-damage|p1a: Great Tusk|0 fnt
|faint|p1a: Great Tusk
|-end|p1a: Great Tusk|Protosynthesis|[silent]
|
|-weather|none
|-fieldend|move: Trick Room
|upkeep
|
|t:|1757950030
|switch|p1a: Torkoal|Torkoal, F|69/100
|-weather|SunnyDay|[from] ability: Drought|[of] p1a: Torkoal
|turn|22
|
|t:|1757950038
|move|p2a: Hatterene|Draining Kiss|p1a: Torkoal
|-resisted|p1a: Torkoal
|-damage|p1a: Torkoal|42/100
|move|p1a: Torkoal|Lava Plume|p2a: Hatterene
|-damage|p2a: Hatterene|75/100
|-status|p2a: Hatterene|brn
|
|-weather|SunnyDay|[upkeep]
|-heal|p2a: Hatterene|81/100 brn|[from] item: Leftovers
|-damage|p2a: Hatterene|75/100 brn|[from] brn
|upkeep
|turn|23
|
|t:|1757950052
|switch|p1a: Corviknight|Corviknight, F, tera:Fairy|67/100
|-ability|p1a: Corviknight|Pressure
|move|p2a: Hatterene|Draining Kiss|p1a: Corviknight
|-damage|p1a: Corviknight|27/100
|-heal|p2a: Hatterene|100/100 brn|[from] drain|[of] p1a: Corviknight
|
|-weather|SunnyDay|[upkeep]
|-damage|p2a: Hatterene|95/100 brn|[from] brn
|upkeep
|turn|24
|
|t:|1757950065
|move|p1a: Corviknight|Roost|p1a: Corviknight
|-heal|p1a: Corviknight|77/100
|move|p2a: Hatterene|Draining Kiss|p1a: Corviknight
|-damage|p1a: Corviknight|31/100
|-heal|p2a: Hatterene|100/100 brn|[from] drain|[of] p1a: Corviknight
|
|-weather|SunnyDay|[upkeep]
|-damage|p2a: Hatterene|95/100 brn|[from] brn
|upkeep
|turn|25
|
|t:|1757950077
|move|p1a: Corviknight|U-turn|p2a: Hatterene
|-damage|p2a: Hatterene|77/100 brn
|
|t:|1757950080
|switch|p1a: Walking Wake|Walking Wake|100/100|[from] U-turn
|-activate|p1a: Walking Wake|ability: Protosynthesis
|-start|p1a: Walking Wake|protosynthesisspe
|move|p2a: Hatterene|Draining Kiss|p1a: Walking Wake
|-supereffective|p1a: Walking Wake
|-damage|p1a: Walking Wake|6/100
|-heal|p2a: Hatterene|100/100 brn|[from] drain|[of] p1a: Walking Wake
|
|-weather|SunnyDay|[upkeep]
|-damage|p2a: Hatterene|95/100 brn|[from] brn
|upkeep
|turn|26
|
|t:|1757950101
|-terastallize|p2a: Hatterene|Steel
|move|p1a: Walking Wake|Draco Meteor|p2a: Hatterene
|-resisted|p2a: Hatterene
|-damage|p2a: Hatterene|60/100 brn
|-unboost|p1a: Walking Wake|spa|2
|move|p2a: Hatterene|Draining Kiss|p1a: Walking Wake
|-supereffective|p1a: Walking Wake
|-damage|p1a: Walking Wake|0 fnt
|-heal|p2a: Hatterene|64/100 brn|[from] drain|[of] p1a: Walking Wake
|faint|p1a: Walking Wake
|-end|p1a: Walking Wake|Protosynthesis|[silent]
|
|-weather|SunnyDay|[upkeep]
|-heal|p2a: Hatterene|70/100 brn|[from] item: Leftovers
|-damage|p2a: Hatterene|64/100 brn|[from] brn
|upkeep
|-message|aimhighrr forfeited.
|
|win|StarPollution
|raw|aimhighrr's rating: 1081 &rarr; <strong>1060</strong><br />(-21 for losing)
|raw|StarPollution's rating: 1097 &rarr; <strong>1121</strong><br />(+24 for winning)
|l|☆aimhighrr
|player|p1|
