|j|☆KingPuffin5
|j|☆Charizardbroz
|t:|1757894593
|gametype|singles
|player|p1|KingPuffin5|265|1063
|player|p2|Charizardbroz|ingo|1063
|gen|9
|tier|[Gen 9] OU
|rated|
|rule|HP Percentage Mod: HP is shown in percentages
|rule|Endless Battle Clause: Forcing endless battles is banned
|rule|Species Clause: Limit one of each Pokémon
|rule|OHKO Clause: OHKO moves are banned
|rule|Evasion Items Clause: Evasion items are banned
|rule|Evasion Moves Clause: Evasion moves are banned
|rule|Evasion Abilities Clause: Evasion abilities are banned
|rule|Sleep Moves Clause: Sleep-inducing moves are banned
|clearpoke
|poke|p1|Dragapult, F|
|poke|p1|Ditto|
|poke|p1|Lechonk, M|
|poke|p1|Gholdengo|
|poke|p1|Alomomola, M|
|poke|p1|Gligar, F|
|poke|p2|Thundurus-Therian, M|
|poke|p2|Grimmsnarl, M|
|teampreview
|c|☆KingPuffin5|GLHF
|
|t:|1757894605
|teamsize|p1|6
|teamsize|p2|2
|start
|switch|p1a: Annoying|Gligar, F, shiny|100/100
|switch|p2a: Grimmsnarl|Grimmsnarl, M|100/100
|turn|1
|
|t:|1757894614
|move|p2a: Grimmsnarl|Light Screen|p2a: Grimmsnarl
|-sidestart|p2: Charizardbroz|move: Light Screen
|move|p1a: Annoying|Stealth Rock|p2a: Grimmsnarl
|-sidestart|p2: Charizardbroz|move: Stealth Rock
|
|upkeep
|turn|2
|c|☆Charizardbroz|Me having fun
|
|t:|1757894630
|move|p2a: Grimmsnarl|Reflect|p2a: Grimmsnarl
|-sidestart|p2: Charizardbroz|Reflect
|move|p1a: Annoying|Spikes|p2a: Grimmsnarl
|-sidestart|p2: Charizardbroz|Spikes
|
|upkeep
|turn|3
|
|t:|1757894633
|move|p2a: Grimmsnarl|Parting Shot|p1a: Annoying
|-unboost|p1a: Annoying|atk|1
|-unboost|p1a: Annoying|spa|1
|
|t:|1757894635
|switch|p2a: Thundurus|Thundurus-Therian, M|100/100|[from] Parting Shot
|-damage|p2a: Thundurus|75/100|[from] Stealth Rock
|move|p1a: Annoying|Spikes|p2a: Thundurus
|-sidestart|p2: Charizardbroz|Spikes
|
|-heal|p2a: Thundurus|81/100|[from] item: Leftovers
|upkeep
|turn|4
|
|t:|1757894643
|move|p2a: Thundurus|Agility|p2a: Thundurus
|-boost|p2a: Thundurus|spe|2
|move|p1a: Annoying|Spikes|p2a: Thundurus
|-sidestart|p2: Charizardbroz|Spikes
|
|-heal|p2a: Thundurus|87/100|[from] item: Leftovers
|upkeep
|turn|5
|
|t:|1757894652
|move|p2a: Thundurus|Agility|p2a: Thundurus
|-boost|p2a: Thundurus|spe|2
|move|p1a: Annoying|U-turn|p2a: Thundurus
|-resisted|p2a: Thundurus
|-damage|p2a: Thundurus|84/100
|
|t:|1757894658
|switch|p1a: Adorable Smile|Ditto, shiny|100/100|[from] U-turn
|-transform|p1a: Adorable Smile|p2a: Thundurus|[from] ability: Imposter
|
|-heal|p2a: Thundurus|90/100|[from] item: Leftovers
|upkeep
|turn|6
|
|t:|1757894678
|move|p1a: Adorable Smile|Taunt|p2a: Thundurus
|-start|p2a: Thundurus|move: Taunt
|cant|p2a: Thundurus|move: Taunt|Agility
|
|-heal|p2a: Thundurus|96/100|[from] item: Leftovers
|upkeep
|turn|7
|
|t:|1757894689
|switch|p1a: Formula 1|Dragapult, F, shiny|100/100
|move|p2a: Thundurus|Electro Ball|p1a: Formula 1
|-resisted|p1a: Formula 1
|-damage|p1a: Formula 1|69/100
|
|-heal|p2a: Thundurus|100/100|[from] item: Leftovers
|upkeep
|turn|8
|c|☆Charizardbroz|Bummer
|-message|Charizardbroz forfeited.
|
|win|KingPuffin5
|raw|KingPuffin5's rating: 1063 &rarr; <strong>1094</strong><br />(+31 for winning)
|raw|Charizardbroz's rating: 1063 &rarr; <strong>1044</strong><br />(-19 for losing)
|l|☆Charizardbroz
|player|p2|
|c|☆KingPuffin5|GG
|l|☆KingPuffin5
|player|p1|
