|j|☆HighlanderTheGoat
|j|☆Poke Chenn
|t:|1757919712
|gametype|singles
|player|p1|HighlanderTheGoat|fisherman|1098
|player|p2|Poke Chenn|dawn|1100
|gen|9
|tier|[Gen 9] OU
|rated|
|rule|HP Percentage Mod: HP is shown in percentages
|rule|Endless Battle Clause: Forcing endless battles is banned
|rule|Species Clause: Limit one of each Pokémon
|rule|OHKO Clause: OHKO moves are banned
|rule|Evasion Items Clause: Evasion items are banned
|rule|Evasion Moves Clause: Evasion moves are banned
|rule|Evasion Abilities Clause: Evasion abilities are banned
|rule|Sleep Moves Clause: Sleep-inducing moves are banned
|clearpoke
|poke|p1|Hitmonchan, M|
|poke|p1|Incineroar, M|
|poke|p1|Corviknight, M|
|poke|p1|Rotom-Wash|
|poke|p1|Gliscor, M|
|poke|p1|Dragapult, F|
|poke|p2|Garganacl, M|
|poke|p2|Clodsire, M|
|poke|p2|Dragonite, M|
|poke|p2|Gholdengo|
|poke|p2|Weavile, F|
|poke|p2|Dragapult, M|
|teampreview
|inactive|Battle timer is ON: inactive players will automatically lose when time's up. (requested by Poke Chenn)
|
|t:|1757919724
|teamsize|p1|6
|teamsize|p2|6
|start
|switch|p1a: Rotom|Rotom-Wash|100/100
|switch|p2a: Garganacl|Garganacl, M, shiny|100/100
|turn|1
|
|t:|1757919735
|move|p1a: Rotom|Trick|p2a: Garganacl
|-activate|p1a: Rotom|move: Trick|[of] p2a: Garganacl
|-item|p2a: Garganacl|Choice Scarf|[from] move: Trick
|-item|p1a: Rotom|Leftovers|[from] move: Trick
|move|p2a: Garganacl|Salt Cure|p1a: Rotom
|-damage|p1a: Rotom|83/100
|-start|p1a: Rotom|Salt Cure
|
|-heal|p1a: Rotom|89/100|[from] item: Leftovers
|-damage|p1a: Rotom|64/100|[from] Salt Cure
|upkeep
|turn|2
|
|t:|1757919747
|move|p1a: Rotom|Hydro Pump|p2a: Garganacl
|-supereffective|p2a: Garganacl
|-damage|p2a: Garganacl|25/100
|move|p2a: Garganacl|Salt Cure|p1a: Rotom
|-damage|p1a: Rotom|47/100
|
|-heal|p1a: Rotom|53/100|[from] item: Leftovers
|-damage|p1a: Rotom|28/100|[from] Salt Cure
|upkeep
|turn|3
|
|t:|1757919770
|switch|p2a: Clodsire|Clodsire, M|100/100
|move|p1a: Rotom|Hydro Pump|p2a: Clodsire
|-immune|p2a: Clodsire|[from] ability: Water Absorb
|
|-heal|p1a: Rotom|34/100|[from] item: Leftovers
|-damage|p1a: Rotom|9/100|[from] Salt Cure
|upkeep
|turn|4
|
|t:|1757919788
|move|p2a: Clodsire|Protect|p2a: Clodsire
|-singleturn|p2a: Clodsire|Protect
|move|p1a: Rotom|Volt Switch|p2a: Clodsire
|-activate|p2a: Clodsire|move: Protect
|
|-heal|p1a: Rotom|15/100|[from] item: Leftovers
|-damage|p1a: Rotom|0 fnt|[from] Salt Cure
|faint|p1a: Rotom
|upkeep
|
|t:|1757919801
|switch|p1a: Gliscor|Gliscor, M|100/100
|turn|5
|inactive|Poke Chenn has 120 seconds left.
|
|t:|1757919836
|switch|p2a: Dragonite|Dragonite, M|100/100
|move|p1a: Gliscor|Earthquake|p2a: Dragonite
|-immune|p2a: Dragonite
|
|-status|p1a: Gliscor|tox|[from] item: Toxic Orb
|upkeep
|turn|6
|
|t:|1757919847
|move|p1a: Gliscor|Knock Off|p2a: Dragonite
|-damage|p2a: Dragonite|90/100
|-enditem|p2a: Dragonite|Dragon Fang|[from] move: Knock Off|[of] p1a: Gliscor
|move|p2a: Dragonite|Dragon Tail|p1a: Gliscor
|-damage|p1a: Gliscor|78/100 tox
|drag|p1a: Incineroar|Incineroar, M|100/100
|-ability|p1a: Incineroar|Intimidate|boost
|-unboost|p2a: Dragonite|atk|1
|
|upkeep
|turn|7
|
|t:|1757919863
|move|p2a: Dragonite|Earthquake|p1a: Incineroar
|-supereffective|p1a: Incineroar
|-damage|p1a: Incineroar|47/100
|move|p1a: Incineroar|Bulk Up|p1a: Incineroar
|-boost|p1a: Incineroar|atk|1
|-boost|p1a: Incineroar|def|1
|
|-heal|p1a: Incineroar|53/100|[from] item: Leftovers
|upkeep
|turn|8
|
|t:|1757919874
|move|p2a: Dragonite|Earthquake|p1a: Incineroar
|-supereffective|p1a: Incineroar
|-damage|p1a: Incineroar|18/100
|move|p1a: Incineroar|Drain Punch|p2a: Dragonite
|-resisted|p2a: Dragonite
|-damage|p2a: Dragonite|73/100
|-heal|p1a: Incineroar|27/100|[from] drain|[of] p2a: Dragonite
|
|-heal|p1a: Incineroar|33/100|[from] item: Leftovers
|upkeep
|turn|9
|
|t:|1757919888
|switch|p1a: Dragapult|Dragapult, F|100/100
|move|p2a: Dragonite|Earthquake|p1a: Dragapult
|-damage|p1a: Dragapult|63/100
|
|upkeep
|turn|10
|
|t:|1757919902
|move|p1a: Dragapult|Thunder Wave|p2a: Dragonite
|-status|p2a: Dragonite|par
|move|p2a: Dragonite|Dragon Tail|p1a: Dragapult
|-supereffective|p1a: Dragapult
|-damage|p1a: Dragapult|0 fnt
|faint|p1a: Dragapult
|
|upkeep
|
|t:|1757919918
|switch|p1a: Gliscor|Gliscor, M|78/100 tox
|turn|11
|
|t:|1757919924
|move|p1a: Gliscor|Knock Off|p2a: Dragonite
|-damage|p2a: Dragonite|58/100 par
|move|p2a: Dragonite|Dragon Tail|p1a: Gliscor
|-damage|p1a: Gliscor|64/100 tox
|drag|p1a: Corviknight|Corviknight, M|100/100
|
|upkeep
|turn|12
|inactive|Poke Chenn has 120 seconds left.
|
|t:|1757919934
|move|p1a: Corviknight|Body Press|p2a: Dragonite
|-resisted|p2a: Dragonite
|-damage|p2a: Dragonite|49/100 par
|move|p2a: Dragonite|Dragon Tail|p1a: Corviknight
|-resisted|p1a: Corviknight
|-damage|p1a: Corviknight|90/100
|drag|p1a: Gliscor|Gliscor, M|64/100 tox
|
|-heal|p1a: Gliscor|76/100 tox|[from] ability: Poison Heal
|upkeep
|turn|13
|inactive|Poke Chenn has 120 seconds left.
|
|t:|1757919946
|move|p1a: Gliscor|Knock Off|p2a: Dragonite
|-damage|p2a: Dragonite|36/100 par
|move|p2a: Dragonite|Dragon Tail|p1a: Gliscor
|-crit|p1a: Gliscor
|-damage|p1a: Gliscor|42/100 tox
|drag|p1a: Corviknight|Corviknight, M|90/100
|
|-heal|p1a: Corviknight|96/100|[from] item: Leftovers
|upkeep
|turn|14
|inactive|Poke Chenn has 120 seconds left.
|
|t:|1757919956
|move|p1a: Corviknight|Brave Bird|p2a: Dragonite
|-damage|p2a: Dragonite|0 fnt
|faint|p2a: Dragonite
|-damage|p1a: Corviknight|85/100|[from] Recoil
|
|-heal|p1a: Corviknight|91/100|[from] item: Leftovers
|upkeep
|inactive|Poke Chenn has 120 seconds left.
|
|t:|1757919981
|switch|p2a: Garganacl|Garganacl, M, shiny|25/100
|turn|15
|
|t:|1757919988
|move|p2a: Garganacl|Protect|p2a: Garganacl
|-singleturn|p2a: Garganacl|Protect
|move|p1a: Corviknight|Brave Bird|p2a: Garganacl
|-activate|p2a: Garganacl|move: Protect
|
|-heal|p1a: Corviknight|98/100|[from] item: Leftovers
|upkeep
|turn|16
|inactive|Poke Chenn has 120 seconds left.
|
|t:|1757920006
|switch|p2a: Clodsire|Clodsire, M|100/100
|move|p1a: Corviknight|Brave Bird|p2a: Clodsire
|-damage|p2a: Clodsire|69/100
|-damage|p1a: Corviknight|87/100|[from] Recoil
|
|-heal|p1a: Corviknight|93/100|[from] item: Leftovers
|-heal|p2a: Clodsire|75/100|[from] item: Leftovers
|upkeep
|turn|17
|
|t:|1757920028
|switch|p2a: Gholdengo|Gholdengo|100/100
|move|p1a: Corviknight|Body Press|p2a: Gholdengo
|-immune|p2a: Gholdengo
|
|-heal|p1a: Corviknight|99/100|[from] item: Leftovers
|upkeep
|turn|18
|inactive|Poke Chenn has 90 seconds left.
|
|t:|1757920052
|move|p2a: Gholdengo|Shadow Ball|p1a: Corviknight
|-damage|p1a: Corviknight|72/100
|move|p1a: Corviknight|Brave Bird|p2a: Gholdengo
|-resisted|p2a: Gholdengo
|-damage|p2a: Gholdengo|81/100
|-damage|p1a: Corviknight|67/100|[from] Recoil
|
|-heal|p1a: Corviknight|73/100|[from] item: Leftovers
|upkeep
|turn|19
|inactive|Poke Chenn has 90 seconds left.
|
|t:|1757920064
|move|p2a: Gholdengo|Shadow Ball|p1a: Corviknight
|-damage|p1a: Corviknight|43/100
|move|p1a: Corviknight|Bulk Up|p1a: Corviknight
|-boost|p1a: Corviknight|atk|1
|-boost|p1a: Corviknight|def|1
|
|-heal|p1a: Corviknight|50/100|[from] item: Leftovers
|upkeep
|turn|20
|
|t:|1757920073
|move|p2a: Gholdengo|Shadow Ball|p1a: Corviknight
|-crit|p1a: Corviknight
|-damage|p1a: Corviknight|6/100
|move|p1a: Corviknight|Roost|p1a: Corviknight
|-heal|p1a: Corviknight|56/100
|-singleturn|p1a: Corviknight|move: Roost
|
|-heal|p1a: Corviknight|62/100|[from] item: Leftovers
|upkeep
|turn|21
|
|t:|1757920085
|move|p2a: Gholdengo|Shadow Ball|p1a: Corviknight
|-damage|p1a: Corviknight|33/100
|move|p1a: Corviknight|Roost|p1a: Corviknight
|-heal|p1a: Corviknight|83/100
|-singleturn|p1a: Corviknight|move: Roost
|
|-heal|p1a: Corviknight|89/100|[from] item: Leftovers
|upkeep
|turn|22
|inactive|Poke Chenn has 90 seconds left.
|
|t:|1757920107
|switch|p2a: Garganacl|Garganacl, M, shiny|25/100
|move|p1a: Corviknight|Body Press|p2a: Garganacl
|-supereffective|p2a: Garganacl
|-damage|p2a: Garganacl|0 fnt
|faint|p2a: Garganacl
|
|-heal|p1a: Corviknight|95/100|[from] item: Leftovers
|upkeep
|inactive|Poke Chenn has 60 seconds left.
|
|t:|1757920139
|switch|p2a: Gholdengo|Gholdengo|81/100
|turn|23
|
|t:|1757920143
|move|p2a: Gholdengo|Trick|p1a: Corviknight
|-activate|p2a: Gholdengo|move: Trick|[of] p1a: Corviknight
|-item|p1a: Corviknight|Choice Scarf|[from] move: Trick
|-item|p2a: Gholdengo|Leftovers|[from] move: Trick
|move|p1a: Corviknight|Body Press|p2a: Gholdengo
|-immune|p2a: Gholdengo
|
|-heal|p2a: Gholdengo|87/100|[from] item: Leftovers
|upkeep
|turn|24
|
|t:|1757920160
|switch|p1a: Gliscor|Gliscor, M|42/100 tox
|move|p2a: Gholdengo|Shadow Ball|p1a: Gliscor
|-damage|p1a: Gliscor|0 fnt
|faint|p1a: Gliscor
|
|-heal|p2a: Gholdengo|93/100|[from] item: Leftovers
|upkeep
|
|t:|1757920168
|switch|p1a: Hitmonchan|Hitmonchan, M|100/100
|turn|25
|
|t:|1757920181
|-terastallize|p2a: Gholdengo|Fairy
|-terastallize|p1a: Hitmonchan|Dark
|move|p2a: Gholdengo|Dazzling Gleam|p1a: Hitmonchan
|-supereffective|p1a: Hitmonchan
|-damage|p1a: Hitmonchan|49/100
|move|p1a: Hitmonchan|Fire Punch|p2a: Gholdengo
|-damage|p2a: Gholdengo|62/100
|
|-heal|p2a: Gholdengo|68/100|[from] item: Leftovers
|upkeep
|turn|26
|
|t:|1757920195
|move|p2a: Gholdengo|Dazzling Gleam|p1a: Hitmonchan
|-supereffective|p1a: Hitmonchan
|-damage|p1a: Hitmonchan|0 fnt
|faint|p1a: Hitmonchan
|
|-heal|p2a: Gholdengo|74/100|[from] item: Leftovers
|upkeep
|
|t:|1757920200
|switch|p1a: Incineroar|Incineroar, M|33/100
|-ability|p1a: Incineroar|Intimidate|boost
|-unboost|p2a: Gholdengo|atk|1
|turn|27
|
|t:|1757920207
|move|p2a: Gholdengo|Dazzling Gleam|p1a: Incineroar
|-crit|p1a: Incineroar
|-damage|p1a: Incineroar|0 fnt
|faint|p1a: Incineroar
|
|-heal|p2a: Gholdengo|80/100|[from] item: Leftovers
|upkeep
|
|t:|1757920210
|switch|p1a: Corviknight|Corviknight, M|95/100
|turn|28
|inactive|Poke Chenn has 90 seconds left.
|
|t:|1757920218
|move|p2a: Gholdengo|Shadow Ball|p1a: Corviknight
|-damage|p1a: Corviknight|64/100
|move|p1a: Corviknight|Brave Bird|p2a: Gholdengo
|-damage|p2a: Gholdengo|38/100
|-damage|p1a: Corviknight|53/100|[from] Recoil
|
|-heal|p2a: Gholdengo|44/100|[from] item: Leftovers
|upkeep
|turn|29
|inactive|Poke Chenn has 90 seconds left.
|
|t:|1757920233
|move|p2a: Gholdengo|Shadow Ball|p1a: Corviknight
|-damage|p1a: Corviknight|21/100
|move|p1a: Corviknight|Brave Bird|p2a: Gholdengo
|-damage|p2a: Gholdengo|2/100
|-damage|p1a: Corviknight|10/100|[from] Recoil
|
|-heal|p2a: Gholdengo|8/100|[from] item: Leftovers
|upkeep
|turn|30
|
|t:|1757920243
|move|p2a: Gholdengo|Shadow Ball|p1a: Corviknight
|-damage|p1a: Corviknight|0 fnt
|faint|p1a: Corviknight
|
|win|Poke Chenn
|raw|HighlanderTheGoat's rating: 1098 &rarr; <strong>1073</strong><br />(-25 for losing)
|raw|Poke Chenn's rating: 1100 &rarr; <strong>1125</strong><br />(+25 for winning)
|l|☆HighlanderTheGoat
|player|p1|
|l|☆Poke Chenn
|player|p2|
