|j|☆number1 frizea fan
|j|☆ez123bait
|t:|1757793572
|gametype|singles
|player|p1|number1 frizea fan|ltsurge|1074
|player|p2|ez123bait|266|1131
|gen|9
|tier|[Gen 9] OU
|rated|
|rule|HP Percentage Mod: HP is shown in percentages
|rule|Endless Battle Clause: Forcing endless battles is banned
|rule|Species Clause: Limit one of each Pokémon
|rule|OHKO Clause: OHKO moves are banned
|rule|Evasion Items Clause: Evasion items are banned
|rule|Evasion Moves Clause: Evasion moves are banned
|rule|Evasion Abilities Clause: Evasion abilities are banned
|rule|Sleep Moves Clause: Sleep-inducing moves are banned
|clearpoke
|poke|p1|Haxorus, M|
|poke|p1|Zoroark-Hisui, M|
|poke|p1|Rillaboom, M|
|poke|p1|Ninetales-Alola, F|
|poke|p1|Snorlax, M|
|poke|p1|Clefable, F|
|poke|p2|Ceruledge, M|
|poke|p2|Grimmsnarl, M|
|poke|p2|Porygon-Z|
|poke|p2|Ursaluna, M|
|poke|p2|Lokix, F|
|poke|p2|Spidops, F|
|teampreview
|inactive|Battle timer is ON: inactive players will automatically lose when time's up. (requested by ez123bait)
|
|t:|1757793583
|teamsize|p1|6
|teamsize|p2|6
|start
|switch|p1a: Snorlax|Snorlax, M|100/100
|switch|p2a: Spiddy|Spidops, F, shiny|100/100
|turn|1
|
|t:|1757793596
|move|p2a: Spiddy|Sticky Web|p1a: Snorlax
|-sidestart|p1: number1 frizea fan|move: Sticky Web
|move|p1a: Snorlax|Belly Drum|p1a: Snorlax
|-damage|p1a: Snorlax|51/100
|-setboost|p1a: Snorlax|atk|6|[from] move: Belly Drum
|
|upkeep
|turn|2
|
|t:|1757793602
|move|p1a: Snorlax|Thunder Punch|p2a: Spiddy
|-enditem|p2a: Spiddy|Focus Sash
|-damage|p2a: Spiddy|1/100
|move|p2a: Spiddy|Circle Throw|p1a: Snorlax
|-supereffective|p1a: Snorlax
|-damage|p1a: Snorlax|18/100
|drag|p1a: Clefable|Clefable, F|100/100
|-activate|p1a: Clefable|move: Sticky Web
|-unboost|p1a: Clefable|spe|1
|
|upkeep
|turn|3
|c|☆ez123bait|youre out
|
|t:|1757793615
|move|p1a: Clefable|Bitter Malice|p2a: Spiddy
|-damage|p2a: Spiddy|0 fnt
|faint|p2a: Spiddy
|-damage|p1a: Clefable|91/100|[from] item: Life Orb
|
|upkeep
|
|t:|1757793624
|switch|p2a: Kixy|Lokix, F, shiny|100/100
|turn|4
|
|t:|1757793634
|move|p2a: Kixy|Sucker Punch|p1a: Clefable
|-supereffective|p1a: Clefable
|-damage|p1a: Clefable|0 fnt
|replace|p1a: sike|Zoroark-Hisui, M, shiny
|-end|p1a: sike|Illusion
|faint|p1a: sike
|
|upkeep
|
|t:|1757793640
|switch|p1a: Ninetales|Ninetales-Alola, F, shiny|100/100
|-activate|p1a: Ninetales|move: Sticky Web
|-unboost|p1a: Ninetales|spe|1
|-weather|Snowscape|[from] ability: Snow Warning|[of] p1a: Ninetales
|turn|5
|inactive|ez123bait has 120 seconds left.
|inactive|ez123bait has 90 seconds left.
|
|t:|1757793714
|switch|p2a: Grimmy|Grimmsnarl, M, shiny|100/100
|move|p1a: Ninetales|Blizzard|p2a: Grimmy
|-damage|p2a: Grimmy|63/100
|
|-weather|Snowscape|[upkeep]
|upkeep
|turn|6
|
|t:|1757793730
|-terastallize|p1a: Ninetales|Ice
|move|p2a: Grimmy|Light Screen|p2a: Grimmy
|-sidestart|p2: ez123bait|move: Light Screen
|move|p1a: Ninetales|Blizzard|p2a: Grimmy
|-damage|p2a: Grimmy|40/100
|
|-weather|Snowscape|[upkeep]
|upkeep
|turn|7
|
|t:|1757793737
|move|p2a: Grimmy|Reflect|p2a: Grimmy
|-sidestart|p2: ez123bait|Reflect
|move|p1a: Ninetales|Aurora Veil|p1a: Ninetales
|-sidestart|p1: number1 frizea fan|move: Aurora Veil
|
|-weather|Snowscape|[upkeep]
|upkeep
|turn|8
|
|t:|1757793751
|move|p2a: Grimmy|Parting Shot|p1a: Ninetales
|-unboost|p1a: Ninetales|atk|1
|-unboost|p1a: Ninetales|spa|1
|
|t:|1757793761
|switch|p2a: Ceruledge|Ceruledge, M, shiny|100/100|[from] Parting Shot
|move|p1a: Ninetales|Blizzard|p2a: Ceruledge
|-resisted|p2a: Ceruledge
|-damage|p2a: Ceruledge|88/100
|
|-weather|Snowscape|[upkeep]
|upkeep
|turn|9
|
|t:|1757793770
|switch|p1a: playboi farti|Haxorus, M, shiny|100/100
|-activate|p1a: playboi farti|move: Sticky Web
|-unboost|p1a: playboi farti|spe|1
|-ability|p1a: playboi farti|Mold Breaker
|move|p2a: Ceruledge|Swords Dance|p2a: Ceruledge
|-boost|p2a: Ceruledge|atk|2
|
|-weather|none
|upkeep
|turn|10
|
|t:|1757793784
|move|p2a: Ceruledge|Bitter Blade|p1a: playboi farti
|-resisted|p1a: playboi farti
|-damage|p1a: playboi farti|73/100
|-heal|p2a: Ceruledge|100/100|[from] drain|[of] p1a: playboi farti
|move|p1a: playboi farti|Earthquake|p2a: Ceruledge
|-supereffective|p2a: Ceruledge
|-damage|p2a: Ceruledge|46/100
|-ability|p2a: Ceruledge|Weak Armor|boost
|-unboost|p2a: Ceruledge|def|1
|-boost|p2a: Ceruledge|spe|2
|
|upkeep
|turn|11
|
|t:|1757793796
|-terastallize|p2a: Ceruledge|Water
|move|p2a: Ceruledge|Poltergeist|p1a: playboi farti
|-activate|p1a: playboi farti|move: Poltergeist|Haban Berry
|-damage|p1a: playboi farti|0 fnt
|faint|p1a: playboi farti
|
|-sideend|p1: number1 frizea fan|move: Aurora Veil
|upkeep
|
|t:|1757793804
|switch|p1a: harambe|Rillaboom, M, shiny|100/100
|-activate|p1a: harambe|move: Sticky Web
|-unboost|p1a: harambe|spe|1
|-fieldstart|move: Grassy Terrain|[from] ability: Grassy Surge|[of] p1a: harambe
|turn|12
|
|t:|1757793813
|move|p1a: harambe|Grassy Glide|p2a: Ceruledge
|-supereffective|p2a: Ceruledge
|-damage|p2a: Ceruledge|0 fnt
|faint|p2a: Ceruledge
|
|upkeep
|
|t:|1757793820
|switch|p2a: Kixy|Lokix, F, shiny|100/100
|turn|13
|
|t:|1757793829
|move|p2a: Kixy|U-turn|p1a: harambe
|-supereffective|p1a: harambe
|-damage|p1a: harambe|0 fnt
|faint|p1a: harambe
|inactive|ez123bait has 120 seconds left.
|inactive|ez123bait has 90 seconds left.
|
|t:|1757793874
|switch|p2a: Zorygon P|Porygon-Z, shiny|100/100|[from] U-turn
|
|-sideend|p2: ez123bait|move: Light Screen
|upkeep
|
|t:|1757793886
|switch|p1a: Clefable|Clefable, F|100/100
|-activate|p1a: Clefable|move: Sticky Web
|-unboost|p1a: Clefable|spe|1
|turn|14
|
|t:|1757793901
|move|p2a: Zorygon P|Nasty Plot|p2a: Zorygon P
|-boost|p2a: Zorygon P|spa|2
|move|p1a: Clefable|Stored Power|p2a: Zorygon P
|-damage|p2a: Zorygon P|93/100
|
|-heal|p2a: Zorygon P|99/100|[from] Grassy Terrain
|-sideend|p2: ez123bait|Reflect
|upkeep
|turn|15
|
|t:|1757793914
|move|p2a: Zorygon P|Tri Attack|p1a: Clefable
|-crit|p1a: Clefable
|-damage|p1a: Clefable|0 fnt
|faint|p1a: Clefable
|-damage|p2a: Zorygon P|89/100|[from] item: Life Orb
|
|-heal|p2a: Zorygon P|95/100|[from] Grassy Terrain
|upkeep
|
|t:|1757793921
|switch|p1a: Snorlax|Snorlax, M|18/100
|-activate|p1a: Snorlax|move: Sticky Web
|-unboost|p1a: Snorlax|spe|1
|turn|16
|
|t:|1757793931
|move|p2a: Zorygon P|Tri Attack|p1a: Snorlax
|-damage|p1a: Snorlax|0 fnt
|faint|p1a: Snorlax
|-damage|p2a: Zorygon P|85/100|[from] item: Life Orb
|
|-heal|p2a: Zorygon P|91/100|[from] Grassy Terrain
|-fieldend|move: Grassy Terrain
|upkeep
|
|t:|1757793940
|switch|p1a: Ninetales|Ninetales-Alola, F, shiny, tera:Ice|100/100
|-activate|p1a: Ninetales|move: Sticky Web
|-unboost|p1a: Ninetales|spe|1
|-weather|Snowscape|[from] ability: Snow Warning|[of] p1a: Ninetales
|turn|17
|
|t:|1757793954
|move|p2a: Zorygon P|Tri Attack|p1a: Ninetales
|-crit|p1a: Ninetales
|-damage|p1a: Ninetales|0 fnt
|faint|p1a: Ninetales
|-damage|p2a: Zorygon P|82/100|[from] item: Life Orb
|
|win|ez123bait
|raw|number1 frizea fan's rating: 1074 &rarr; <strong>1056</strong><br />(-18 for losing)
|raw|ez123bait's rating: 1131 &rarr; <strong>1152</strong><br />(+21 for winning)
|l|☆ez123bait
|player|p2|
|l|☆number1 frizea fan
|player|p1|
