|badge|p2|bronze|gen9uu|100-6
|uhtml|medal-msg|<div class="broadcast-blue">Curious what those medals under the avatar are? PS now has Ladder Seasons! For more information, check out the <a href="https://www.smogon.com/forums/threads/3740067/">thread on Smogon.</a></div>
|j|☆potayo
|j|☆Labooble
|t:|1757853018
|gametype|singles
|player|p1|potayo|2|1566
|player|p2|Labooble|101|1545
|gen|9
|tier|[Gen 9] OU
|rated|
|rule|HP Percentage Mod: HP is shown in percentages
|rule|Endless Battle Clause: Forcing endless battles is banned
|rule|Species Clause: Limit one of each Pokémon
|rule|OHKO Clause: OHKO moves are banned
|rule|Evasion Items Clause: Evasion items are banned
|rule|Evasion Moves Clause: Evasion moves are banned
|rule|Evasion Abilities Clause: Evasion abilities are banned
|rule|Sleep Moves Clause: Sleep-inducing moves are banned
|clearpoke
|poke|p1|Mimikyu, F|
|poke|p1|Cresselia, F|
|poke|p1|Hatterene, F|
|poke|p1|Hoopa-Unbound|
|poke|p1|Rabsca, M|
|poke|p1|Kingambit, F|
|poke|p2|Gholdengo|
|poke|p2|Great Tusk|
|poke|p2|Deoxys-Speed|
|poke|p2|Kingambit, M|
|poke|p2|Moltres|
|poke|p2|Ting-Lu|
|teampreview
|inactive|Battle timer is ON: inactive players will automatically lose when time's up. (requested by Labooble)
|
|t:|1757853100
|teamsize|p1|6
|teamsize|p2|6
|start
|switch|p1a: Kingambit|Kingambit, F|100/100
|switch|p2a: Deoxys|Deoxys-Speed|100/100
|-ability|p2a: Deoxys|Pressure
|turn|1
|
|t:|1757853123
|-end|p1a: Kingambit|fallenundefined|[silent]
|switch|p1a: Hatterene|Hatterene, F|100/100
|move|p2a: Deoxys|Stealth Rock|p1a: Hatterene
|move|p1a: Hatterene|Stealth Rock|p2a: Deoxys|[from] ability: Magic Bounce
|-sidestart|p2: Labooble|move: Stealth Rock
|
|upkeep
|turn|2
|
|t:|1757853142
|switch|p2a: Moltres|Moltres|100/100
|move|p1a: Hatterene|Draining Kiss|p2a: Moltres
|-resisted|p2a: Moltres
|-damage|p2a: Moltres|89/100
|
|upkeep
|turn|3
|
|t:|1757853156
|move|p2a: Moltres|U-turn|p1a: Hatterene
|-damage|p1a: Hatterene|90/100
|
|t:|1757853163
|switch|p2a: Gholdengo|Gholdengo|100/100|[from] U-turn
|-damage|p2a: Gholdengo|94/100|[from] Stealth Rock
|move|p1a: Hatterene|Psychic Noise|p2a: Gholdengo
|-resisted|p2a: Gholdengo
|-damage|p2a: Gholdengo|75/100
|-start|p2a: Gholdengo|move: Heal Block
|
|upkeep
|turn|4
|
|t:|1757853171
|switch|p1a: Hoopa|Hoopa-Unbound|100/100
|move|p2a: Gholdengo|Make It Rain|p1a: Hoopa
|-damage|p1a: Hoopa|64/100
|-unboost|p2a: Gholdengo|spa|1
|
|-end|p2a: Gholdengo|move: Heal Block
|upkeep
|turn|5
|
|t:|1757853183
|switch|p2a: Ting-Lu|Ting-Lu|100/100
|-damage|p2a: Ting-Lu|94/100|[from] Stealth Rock
|-ability|p2a: Ting-Lu|Vessel of Ruin
|switch|p1a: Kingambit|Kingambit, F|100/100
|
|upkeep
|turn|6
|
|t:|1757853187
|move|p1a: Kingambit|Low Kick|p2a: Ting-Lu
|-supereffective|p2a: Ting-Lu
|-damage|p2a: Ting-Lu|10/100
|move|p2a: Ting-Lu|Earthquake|p1a: Kingambit
|-supereffective|p1a: Kingambit
|-damage|p1a: Kingambit|27/100
|
|upkeep
|turn|7
|
|t:|1757853193
|-end|p1a: Kingambit|fallenundefined|[silent]
|switch|p1a: Hatterene|Hatterene, F|90/100
|switch|p2a: Moltres|Moltres|89/100
|
|upkeep
|turn|8
|
|t:|1757853205
|move|p2a: Moltres|Flamethrower|p1a: Hatterene
|-damage|p1a: Hatterene|52/100
|move|p1a: Hatterene|Trick Room|p1a: Hatterene
|-fieldstart|move: Trick Room|[of] p1a: Hatterene
|
|upkeep
|turn|9
|
|t:|1757853212
|move|p1a: Hatterene|Psychic Noise|p2a: Moltres
|-damage|p2a: Moltres|52/100
|-start|p2a: Moltres|move: Heal Block
|move|p2a: Moltres|U-turn|p1a: Hatterene
|-damage|p1a: Hatterene|41/100
|
|t:|1757853228
|switch|p2a: Gholdengo|Gholdengo|75/100|[from] U-turn
|-damage|p2a: Gholdengo|69/100|[from] Stealth Rock
|
|-heal|p2a: Gholdengo|75/100|[from] item: Leftovers
|upkeep
|turn|10
|
|t:|1757853250
|switch|p1a: Hoopa|Hoopa-Unbound|64/100
|move|p2a: Gholdengo|Make It Rain|p1a: Hoopa
|-damage|p1a: Hoopa|29/100
|-unboost|p2a: Gholdengo|spa|1
|-enditem|p1a: Hoopa|Sitrus Berry|[eat]
|-heal|p1a: Hoopa|54/100|[from] item: Sitrus Berry
|
|-heal|p2a: Gholdengo|81/100|[from] item: Leftovers
|upkeep
|turn|11
|
|t:|1757853266
|switch|p2a: Ting-Lu|Ting-Lu|10/100
|-damage|p2a: Ting-Lu|3/100|[from] Stealth Rock
|-ability|p2a: Ting-Lu|Vessel of Ruin
|move|p1a: Hoopa|Hyperspace Fury|p2a: Ting-Lu
|-resisted|p2a: Ting-Lu
|-damage|p2a: Ting-Lu|0 fnt
|-unboost|p1a: Hoopa|def|1
|faint|p2a: Ting-Lu
|-item|p1a: Hoopa|Assault Vest|[from] ability: Magician|[of] p2: Ting-Lu
|
|upkeep
|inactive|Labooble has 120 seconds left.
|c|☆potayo|Wat lol
|
|t:|1757853288
|switch|p2a: Kingambit|Kingambit, M|100/100
|-damage|p2a: Kingambit|94/100|[from] Stealth Rock
|-activate|p2a: Kingambit|ability: Supreme Overlord
|-start|p2a: Kingambit|fallen1|[silent]
|turn|12
|
|t:|1757853302
|move|p2a: Kingambit|Sucker Punch|p1a: Hoopa
|-damage|p1a: Hoopa|0 fnt
|faint|p1a: Hoopa
|
|-fieldend|move: Trick Room
|upkeep
|
|t:|1757853312
|switch|p1a: Kingambit|Kingambit, F|27/100
|-activate|p1a: Kingambit|ability: Supreme Overlord
|-start|p1a: Kingambit|fallen1|[silent]
|turn|13
|
|t:|1757853320
|move|p2a: Kingambit|Low Kick|p1a: Kingambit
|-supereffective|p1a: Kingambit
|-damage|p1a: Kingambit|0 fnt
|faint|p1a: Kingambit
|-end|p1a: Kingambit|fallen1|[silent]
|
|upkeep
|
|t:|1757853326
|switch|p1a: Mimikyu|Mimikyu, F|100/100
|turn|14
|
|t:|1757853335
|move|p1a: Mimikyu|Will-O-Wisp|p2a: Kingambit
|-status|p2a: Kingambit|brn
|move|p2a: Kingambit|Kowtow Cleave|p1a: Mimikyu
|-activate|p1a: Mimikyu|ability: Disguise
|-damage|p1a: Mimikyu|100/100
|detailschange|p1a: Mimikyu|Mimikyu-Busted, F
|-damage|p1a: Mimikyu|88/100|[from] pokemon: Mimikyu-Busted
|-enditem|p1a: Mimikyu|Red Card|[of] p2a: Kingambit
|-end|p2a: Kingambit|fallen1|[silent]
|drag|p2a: Great Tusk|Great Tusk|100/100
|-damage|p2a: Great Tusk|98/100|[from] Stealth Rock
|
|upkeep
|turn|15
|
|t:|1757853348
|-end|p2a: Great Tusk|Protosynthesis|[silent]
|switch|p2a: Moltres|Moltres|52/100
|move|p1a: Mimikyu|Trick Room|p1a: Mimikyu
|-fieldstart|move: Trick Room|[of] p1a: Mimikyu
|
|upkeep
|turn|16
|
|t:|1757853363
|move|p1a: Mimikyu|Curse|p2a: Moltres
|-start|p2a: Moltres|Curse|[of] p1a: Mimikyu
|-damage|p1a: Mimikyu|38/100
|move|p2a: Moltres|Roost|p2a: Moltres
|-heal|p2a: Moltres|100/100
|-singleturn|p2a: Moltres|move: Roost
|
|-damage|p2a: Moltres|75/100|[from] Curse
|upkeep
|turn|17
|
|t:|1757853370
|move|p1a: Mimikyu|Destiny Bond|p1a: Mimikyu
|-singlemove|p1a: Mimikyu|Destiny Bond
|move|p2a: Moltres|Flamethrower|p1a: Mimikyu
|-damage|p1a: Mimikyu|0 fnt
|faint|p1a: Mimikyu
|-activate|p1a: Mimikyu|move: Destiny Bond
|faint|p2a: Moltres
|
|upkeep
|
|t:|1757853378
|switch|p1a: Rabsca|Rabsca, M|100/100
|switch|p2a: Gholdengo|Gholdengo|81/100
|-damage|p2a: Gholdengo|75/100|[from] Stealth Rock
|turn|18
|
|t:|1757853386
|move|p1a: Rabsca|Revival Blessing|p1a: Rabsca
|-enditem|p1a: Rabsca|Leppa Berry|[eat]
|-activate|p1a: Rabsca|item: Leppa Berry|Revival Blessing|[consumed]
|
|t:|1757853389
|-heal|p1: Kingambit|50/100|[from] move: Revival Blessing
|move|p2a: Gholdengo|Shadow Ball|p1a: Rabsca
|-supereffective|p1a: Rabsca
|-damage|p1a: Rabsca|23/100
|-unboost|p1a: Rabsca|spd|1
|
|-heal|p2a: Gholdengo|81/100|[from] item: Leftovers
|upkeep
|turn|19
|
|t:|1757853398
|move|p1a: Rabsca|Revival Blessing|p1a: Rabsca
|
|t:|1757853407
|-heal|p1: Hoopa|50/100|[from] move: Revival Blessing
|move|p2a: Gholdengo|Shadow Ball|p1a: Rabsca
|-supereffective|p1a: Rabsca
|-damage|p1a: Rabsca|0 fnt
|faint|p1a: Rabsca
|
|-heal|p2a: Gholdengo|87/100|[from] item: Leftovers
|-fieldend|move: Trick Room
|upkeep
|
|t:|1757853425
|switch|p1a: Kingambit|Kingambit, F|50/100
|-activate|p1a: Kingambit|ability: Supreme Overlord
|-start|p1a: Kingambit|fallen4|[silent]
|turn|20
|
|t:|1757853442
|-terastallize|p2a: Gholdengo|Fairy
|move|p2a: Gholdengo|Nasty Plot|p2a: Gholdengo
|-boost|p2a: Gholdengo|spa|2
|move|p1a: Kingambit|Iron Head|p2a: Gholdengo
|-supereffective|p2a: Gholdengo
|-damage|p2a: Gholdengo|0 fnt
|faint|p2a: Gholdengo
|
|upkeep
|
|t:|1757853451
|switch|p2a: Great Tusk|Great Tusk|98/100
|-damage|p2a: Great Tusk|95/100|[from] Stealth Rock
|turn|21
|
|t:|1757853458
|-end|p1a: Kingambit|fallen4|[silent]
|switch|p1a: Cresselia|Cresselia, F|100/100
|move|p2a: Great Tusk|Knock Off|p1a: Cresselia
|-supereffective|p1a: Cresselia
|-damage|p1a: Cresselia|67/100
|-damage|p2a: Great Tusk|78/100|[from] item: Rocky Helmet|[of] p1a: Cresselia
|-enditem|p1a: Cresselia|Rocky Helmet|[from] move: Knock Off|[of] p2a: Great Tusk
|
|upkeep
|turn|22
|
|t:|1757853474
|-end|p2a: Great Tusk|Protosynthesis|[silent]
|switch|p2a: Kingambit|Kingambit, M|94/100 brn
|-damage|p2a: Kingambit|88/100 brn|[from] Stealth Rock
|-activate|p2a: Kingambit|ability: Supreme Overlord
|-start|p2a: Kingambit|fallen3|[silent]
|move|p1a: Cresselia|Trick Room|p1a: Cresselia
|-fieldstart|move: Trick Room|[of] p1a: Cresselia
|
|-damage|p2a: Kingambit|82/100 brn|[from] brn
|upkeep
|turn|23
|
|t:|1757853480
|switch|p1a: Hatterene|Hatterene, F|41/100
|move|p2a: Kingambit|Swords Dance|p2a: Kingambit
|-boost|p2a: Kingambit|atk|2
|
|-damage|p2a: Kingambit|76/100 brn|[from] brn
|upkeep
|turn|24
|
|t:|1757853486
|move|p2a: Kingambit|Sucker Punch||[still]
|-fail|p2a: Kingambit
|move|p1a: Hatterene|Healing Wish|p1a: Hatterene
|faint|p1a: Hatterene
|
|-damage|p2a: Kingambit|70/100 brn|[from] brn
|upkeep
|
|t:|1757853489
|switch|p1a: Kingambit|Kingambit, F|50/100
|-heal|p1a: Kingambit|100/100|[from] move: Healing Wish
|-activate|p1a: Kingambit|ability: Supreme Overlord
|-start|p1a: Kingambit|fallen5|[silent]
|turn|25
|inactive|Labooble has 120 seconds left.
|
|t:|1757853520
|-end|p2a: Kingambit|fallen3|[silent]
|switch|p2a: Great Tusk|Great Tusk|78/100
|-damage|p2a: Great Tusk|75/100|[from] Stealth Rock
|move|p1a: Kingambit|Low Kick|p2a: Great Tusk
|-damage|p2a: Great Tusk|4/100
|
|upkeep
|turn|26
|inactive|Labooble has 120 seconds left.
|
|t:|1757853543
|move|p1a: Kingambit|Low Kick|p2a: Great Tusk
|-damage|p2a: Great Tusk|0 fnt
|faint|p2a: Great Tusk
|-end|p2a: Great Tusk|Protosynthesis|[silent]
|
|-fieldend|move: Trick Room
|upkeep
|inactive|Labooble has 120 seconds left.
|
|t:|1757853553
|switch|p2a: Deoxys|Deoxys-Speed|100/100
|-damage|p2a: Deoxys|88/100|[from] Stealth Rock
|-ability|p2a: Deoxys|Pressure
|turn|27
|
|t:|1757853572
|-end|p1a: Kingambit|fallen5|[silent]
|switch|p1a: Hoopa|Hoopa-Unbound|50/100
|move|p2a: Deoxys|Superpower|p1a: Hoopa
|-damage|p1a: Hoopa|0 fnt
|-unboost|p2a: Deoxys|atk|1
|-unboost|p2a: Deoxys|def|1
|faint|p1a: Hoopa
|-damage|p2a: Deoxys|78/100|[from] item: Life Orb
|
|upkeep
|c|☆Labooble|gg cool strat
|
|t:|1757853580
|switch|p1a: Cresselia|Cresselia, F|67/100
|turn|28
|
|t:|1757853591
|switch|p2a: Kingambit|Kingambit, M|70/100 brn
|-damage|p2a: Kingambit|63/100 brn|[from] Stealth Rock
|-activate|p2a: Kingambit|ability: Supreme Overlord
|-start|p2a: Kingambit|fallen4|[silent]
|move|p1a: Cresselia|Trick Room|p1a: Cresselia
|-fieldstart|move: Trick Room|[of] p1a: Cresselia
|
|-damage|p2a: Kingambit|57/100 brn|[from] brn
|upkeep
|turn|29
|
|t:|1757853616
|move|p2a: Kingambit|Low Kick|p1a: Cresselia
|-resisted|p1a: Cresselia
|-damage|p1a: Cresselia|60/100
|move|p1a: Cresselia|Lunar Dance|p1a: Cresselia
|faint|p1a: Cresselia
|
|-damage|p2a: Kingambit|51/100 brn|[from] brn
|upkeep
|
|t:|1757853618
|switch|p1a: Kingambit|Kingambit, F|100/100
|-heal|p1a: Kingambit|100/100|[from] move: Lunar Dance
|-activate|p1a: Kingambit|ability: Supreme Overlord
|-start|p1a: Kingambit|fallen5|[silent]
|turn|30
|
|t:|1757853627
|-end|p2a: Kingambit|fallen4|[silent]
|switch|p2a: Deoxys|Deoxys-Speed|78/100
|-damage|p2a: Deoxys|66/100|[from] Stealth Rock
|-ability|p2a: Deoxys|Pressure
|move|p1a: Kingambit|Low Kick|p2a: Deoxys
|-resisted|p2a: Deoxys
|-damage|p2a: Deoxys|1/100
|
|upkeep
|turn|31
|
|t:|1757853632
|move|p1a: Kingambit|Low Kick|p2a: Deoxys
|-resisted|p2a: Deoxys
|-damage|p2a: Deoxys|0 fnt
|faint|p2a: Deoxys
|
|upkeep
|
|t:|1757853634
|switch|p2a: Kingambit|Kingambit, M|51/100 brn
|-damage|p2a: Kingambit|45/100 brn|[from] Stealth Rock
|-activate|p2a: Kingambit|ability: Supreme Overlord
|-start|p2a: Kingambit|fallen5|[silent]
|turn|32
|-message|Labooble forfeited.
|
|win|potayo
|raw|potayo's rating: 1566 &rarr; <strong>1585</strong><br />(+19 for winning)
|raw|Labooble's rating: 1545 &rarr; <strong>1526</strong><br />(-19 for losing)
|l|☆Labooble
|player|p2|
|l|☆potayo
|player|p1|
