|j|☆alolooloasdlsad
|j|☆Nem3sitalkr
|t:|1757937554
|gametype|singles
|player|p1|alolooloasdlsad|2|1049
|player|p2|Nem3sitalkr|170|1032
|gen|9
|tier|[Gen 9] OU
|rated|
|rule|HP Percentage Mod: HP is shown in percentages
|rule|Endless Battle Clause: Forcing endless battles is banned
|rule|Species Clause: Limit one of each Pokémon
|rule|OHKO Clause: OHKO moves are banned
|rule|Evasion Items Clause: Evasion items are banned
|rule|Evasion Moves Clause: Evasion moves are banned
|rule|Evasion Abilities Clause: Evasion abilities are banned
|rule|Sleep Moves Clause: Sleep-inducing moves are banned
|clearpoke
|poke|p1|Hydrapple, M|
|poke|p1|Moltres|
|poke|p1|Darkrai|
|poke|p1|Ting-Lu|
|poke|p1|Tinkaton, F|
|poke|p1|Zamazenta-*|
|poke|p2|Clefable, F|
|poke|p2|Clodsire, M|
|poke|p2|Incineroar, M|
|poke|p2|Gholdengo|
|poke|p2|Dragapult, F|
|poke|p2|Gliscor, F|
|teampreview
|inactive|Battle timer is ON: inactive players will automatically lose when time's up. (requested by alolooloasdlsad)
|
|t:|1757937557
|teamsize|p1|6
|teamsize|p2|6
|start
|switch|p1a: Darkrai|Darkrai, shiny|100/100
|switch|p2a: Incineroar|Incineroar, M, shiny|100/100
|-ability|p2a: Incineroar|Intimidate|boost
|-unboost|p1a: Darkrai|atk|1
|turn|1
|
|t:|1757937568
|move|p1a: Darkrai|Knock Off|p2a: Incineroar
|-resisted|p2a: Incineroar
|-damage|p2a: Incineroar|94/100
|-enditem|p2a: Incineroar|Heavy-Duty Boots|[from] move: Knock Off|[of] p1a: Darkrai
|move|p2a: Incineroar|Will-O-Wisp|p1a: Darkrai
|-status|p1a: Darkrai|brn
|
|-damage|p1a: Darkrai|94/100 brn|[from] brn
|upkeep
|turn|2
|
|t:|1757937580
|move|p1a: Darkrai|Sludge Bomb|p2a: Incineroar
|-damage|p2a: Incineroar|62/100
|move|p2a: Incineroar|Knock Off|p1a: Darkrai
|-resisted|p1a: Darkrai
|-damage|p1a: Darkrai|65/100 brn
|-enditem|p1a: Darkrai|Heavy-Duty Boots|[from] move: Knock Off|[of] p2a: Incineroar
|
|-damage|p1a: Darkrai|59/100 brn|[from] brn
|upkeep
|turn|3
|
|t:|1757937591
|switch|p2a: Gliscor|Gliscor, F|100/100
|move|p1a: Darkrai|Sludge Bomb|p2a: Gliscor
|-resisted|p2a: Gliscor
|-damage|p2a: Gliscor|81/100
|
|-damage|p1a: Darkrai|53/100 brn|[from] brn
|-status|p2a: Gliscor|tox|[from] item: Toxic Orb
|upkeep
|turn|4
|
|t:|1757937604
|move|p1a: Darkrai|Ice Beam|p2a: Gliscor
|-supereffective|p2a: Gliscor
|-damage|p2a: Gliscor|0 fnt
|faint|p2a: Gliscor
|
|-damage|p1a: Darkrai|47/100 brn|[from] brn
|upkeep
|
|t:|1757937610
|switch|p2a: Clefable|Clefable, F|100/100
|turn|5
|
|t:|1757937620
|switch|p1a: Tinkaton|Tinkaton, F|100/100
|-ability|p1a: Tinkaton|Mold Breaker
|-item|p1a: Tinkaton|Air Balloon
|move|p2a: Clefable|Moonblast|p1a: Tinkaton
|-resisted|p1a: Tinkaton
|-damage|p1a: Tinkaton|85/100
|-unboost|p1a: Tinkaton|spa|1
|-enditem|p1a: Tinkaton|Air Balloon
|
|upkeep
|turn|6
|
|t:|1757937639
|switch|p2a: Incineroar|Incineroar, M, shiny|62/100
|-ability|p2a: Incineroar|Intimidate|boost
|-unboost|p1a: Tinkaton|atk|1
|move|p1a: Tinkaton|Stealth Rock|p2a: Incineroar
|-sidestart|p2: Nem3sitalkr|move: Stealth Rock
|
|upkeep
|turn|7
|
|t:|1757937659
|switch|p1a: Moltres|Moltres|100/100
|move|p2a: Incineroar|Will-O-Wisp|p1a: Moltres
|-immune|p1a: Moltres
|
|upkeep
|turn|8
|
|t:|1757937667
|move|p2a: Incineroar|Knock Off|p1a: Moltres
|-damage|p1a: Moltres|72/100
|-enditem|p1a: Moltres|Heavy-Duty Boots|[from] move: Knock Off|[of] p2a: Incineroar
|move|p1a: Moltres|Roar|p2a: Incineroar
|drag|p2a: Gholdengo|Gholdengo|100/100
|-damage|p2a: Gholdengo|94/100|[from] Stealth Rock
|-item|p2a: Gholdengo|Air Balloon
|
|upkeep
|turn|9
|
|t:|1757937681
|switch|p2a: Clodsire|Clodsire, M|100/100
|-damage|p2a: Clodsire|94/100|[from] Stealth Rock
|move|p1a: Moltres|Flamethrower|p2a: Clodsire
|-damage|p2a: Clodsire|75/100
|
|-heal|p2a: Clodsire|82/100|[from] item: Black Sludge
|upkeep
|turn|10
|
|t:|1757937697
|move|p1a: Moltres|U-turn|p2a: Clodsire
|-resisted|p2a: Clodsire
|-damage|p2a: Clodsire|74/100
|
|t:|1757937701
|switch|p1a: Ting-Lu|Ting-Lu|100/100|[from] U-turn
|-ability|p1a: Ting-Lu|Vessel of Ruin
|move|p2a: Clodsire|Curse|p2a: Clodsire
|-unboost|p2a: Clodsire|spe|1
|-boost|p2a: Clodsire|atk|1
|-boost|p2a: Clodsire|def|1
|
|-heal|p2a: Clodsire|80/100|[from] item: Black Sludge
|upkeep
|turn|11
|
|t:|1757937711
|move|p1a: Ting-Lu|Spikes|p2a: Clodsire
|-sidestart|p2: Nem3sitalkr|Spikes
|move|p2a: Clodsire|Recover|p2a: Clodsire
|-heal|p2a: Clodsire|100/100
|
|upkeep
|turn|12
|
|t:|1757937722
|move|p1a: Ting-Lu|Spikes|p2a: Clodsire
|-sidestart|p2: Nem3sitalkr|Spikes
|move|p2a: Clodsire|Curse|p2a: Clodsire
|-unboost|p2a: Clodsire|spe|1
|-boost|p2a: Clodsire|atk|1
|-boost|p2a: Clodsire|def|1
|
|upkeep
|turn|13
|
|t:|1757937729
|move|p1a: Ting-Lu|Spikes|p2a: Clodsire
|-sidestart|p2: Nem3sitalkr|Spikes
|move|p2a: Clodsire|Curse|p2a: Clodsire
|-unboost|p2a: Clodsire|spe|1
|-boost|p2a: Clodsire|atk|1
|-boost|p2a: Clodsire|def|1
|
|upkeep
|turn|14
|
|t:|1757937737
|move|p2a: Clodsire|Earthquake|p1a: Ting-Lu
|-damage|p1a: Ting-Lu|60/100
|move|p1a: Ting-Lu|Whirlwind|p2a: Clodsire
|drag|p2a: Gholdengo|Gholdengo|94/100
|-damage|p2a: Gholdengo|88/100|[from] Stealth Rock
|-item|p2a: Gholdengo|Air Balloon
|
|-heal|p1a: Ting-Lu|66/100|[from] item: Leftovers
|upkeep
|turn|15
|
|t:|1757937746
|move|p2a: Gholdengo|Focus Blast|p1a: Ting-Lu
|-supereffective|p1a: Ting-Lu
|-damage|p1a: Ting-Lu|28/100
|-unboost|p1a: Ting-Lu|spd|1
|move|p1a: Ting-Lu|Ruination|p2a: Gholdengo
|-damage|p2a: Gholdengo|44/100
|-enditem|p2a: Gholdengo|Air Balloon
|
|-heal|p1a: Ting-Lu|34/100|[from] item: Leftovers
|upkeep
|turn|16
|
|t:|1757937756
|move|p2a: Gholdengo|Focus Blast|p1a: Ting-Lu|[miss]
|-miss|p2a: Gholdengo|p1a: Ting-Lu
|move|p1a: Ting-Lu|Earthquake|p2a: Gholdengo
|-supereffective|p2a: Gholdengo
|-damage|p2a: Gholdengo|0 fnt
|faint|p2a: Gholdengo
|
|-heal|p1a: Ting-Lu|41/100|[from] item: Leftovers
|upkeep
|
|t:|1757937769
|switch|p2a: Dragapult|Dragapult, F|100/100
|turn|17
|
|t:|1757937776
|move|p2a: Dragapult|Will-O-Wisp|p1a: Ting-Lu
|-status|p1a: Ting-Lu|brn
|move|p1a: Ting-Lu|Earthquake|p2a: Dragapult
|-damage|p2a: Dragapult|74/100
|
|-heal|p1a: Ting-Lu|47/100 brn|[from] item: Leftovers
|-damage|p1a: Ting-Lu|41/100 brn|[from] brn
|upkeep
|turn|18
|
|t:|1757937797
|move|p2a: Dragapult|Hex|p1a: Ting-Lu
|-resisted|p1a: Ting-Lu
|-damage|p1a: Ting-Lu|25/100 brn
|move|p1a: Ting-Lu|Earthquake|p2a: Dragapult
|-damage|p2a: Dragapult|44/100
|
|-heal|p1a: Ting-Lu|31/100 brn|[from] item: Leftovers
|-damage|p1a: Ting-Lu|25/100 brn|[from] brn
|upkeep
|turn|19
|
|t:|1757937806
|move|p2a: Dragapult|Dragon Darts|p1a: Ting-Lu
|-damage|p1a: Ting-Lu|13/100 brn
|-anim|p2a: Dragapult|Dragon Darts|p1a: Ting-Lu
|-damage|p1a: Ting-Lu|0 fnt
|faint|p1a: Ting-Lu
|
|upkeep
|
|t:|1757937817
|switch|p1a: Zamazenta|Zamazenta|100/100
|-ability|p1a: Zamazenta|Dauntless Shield|boost
|-boost|p1a: Zamazenta|def|1
|turn|20
|
|t:|1757937824
|-terastallize|p1a: Zamazenta|Fire
|move|p2a: Dragapult|Will-O-Wisp|p1a: Zamazenta
|-immune|p1a: Zamazenta
|move|p1a: Zamazenta|Crunch|p2a: Dragapult
|-supereffective|p2a: Dragapult
|-damage|p2a: Dragapult|0 fnt
|faint|p2a: Dragapult
|
|upkeep
|
|t:|1757937837
|switch|p2a: Clodsire|Clodsire, M|100/100
|-damage|p2a: Clodsire|94/100|[from] Stealth Rock
|-damage|p2a: Clodsire|69/100|[from] Spikes
|turn|21
|
|t:|1757937848
|move|p1a: Zamazenta|Ice Fang|p2a: Clodsire
|-supereffective|p2a: Clodsire
|-damage|p2a: Clodsire|19/100
|move|p2a: Clodsire|Recover|p2a: Clodsire
|-heal|p2a: Clodsire|69/100
|
|-heal|p2a: Clodsire|75/100|[from] item: Black Sludge
|upkeep
|turn|22
|
|t:|1757937860
|move|p1a: Zamazenta|Ice Fang|p2a: Clodsire
|-supereffective|p2a: Clodsire
|-damage|p2a: Clodsire|27/100
|move|p2a: Clodsire|Recover|p2a: Clodsire
|-heal|p2a: Clodsire|77/100
|
|-heal|p2a: Clodsire|83/100|[from] item: Black Sludge
|upkeep
|turn|23
|
|t:|1757937869
|switch|p2a: Incineroar|Incineroar, M, shiny|62/100
|-damage|p2a: Incineroar|37/100|[from] Stealth Rock
|-damage|p2a: Incineroar|12/100|[from] Spikes
|-ability|p2a: Incineroar|Intimidate|boost
|-unboost|p1a: Zamazenta|atk|1
|move|p1a: Zamazenta|Ice Fang|p2a: Incineroar
|-resisted|p2a: Incineroar
|-crit|p2a: Incineroar
|-damage|p2a: Incineroar|0 fnt
|faint|p2a: Incineroar
|
|upkeep
|
|t:|1757937879
|switch|p2a: Clodsire|Clodsire, M|83/100
|-damage|p2a: Clodsire|77/100|[from] Stealth Rock
|-damage|p2a: Clodsire|52/100|[from] Spikes
|turn|24
|
|t:|1757937884
|switch|p1a: Tinkaton|Tinkaton, F|85/100
|-ability|p1a: Tinkaton|Mold Breaker
|move|p2a: Clodsire|Recover|p2a: Clodsire
|-heal|p2a: Clodsire|100/100
|
|upkeep
|turn|25
|
|t:|1757937891
|move|p1a: Tinkaton|Encore|p2a: Clodsire
|-start|p2a: Clodsire|Encore
|move|p2a: Clodsire|Recover||[still]
|-fail|p2a: Clodsire|heal
|
|upkeep
|turn|26
|-message|Nem3sitalkr forfeited.
|
|win|alolooloasdlsad
|raw|alolooloasdlsad's rating: 1128 &rarr; <strong>1146</strong><br />(+18 for winning)
|raw|Nem3sitalkr's rating: 1032 &rarr; <strong>1021</strong><br />(-11 for losing)
|l|☆Nem3sitalkr
|player|p2|
|c|☆alolooloasdlsad|/log alolooloasdlsad made this room public.
