|j|☆Baby Key
|j|☆kaisadadi
|t:|1757939355
|gametype|singles
|player|p1|Baby Key|101|1399
|player|p2|kaisadadi|steven|1379
|gen|9
|tier|[Gen 9] OU
|rated|
|rule|HP Percentage Mod: HP is shown in percentages
|rule|Endless Battle Clause: Forcing endless battles is banned
|rule|Species Clause: Limit one of each Pokémon
|rule|OHKO Clause: OHKO moves are banned
|rule|Evasion Items Clause: Evasion items are banned
|rule|Evasion Moves Clause: Evasion moves are banned
|rule|Evasion Abilities Clause: Evasion abilities are banned
|rule|Sleep Moves Clause: Sleep-inducing moves are banned
|clearpoke
|poke|p1|Ceruledge, F|
|poke|p1|Raging Bolt|
|poke|p1|Latias, F|
|poke|p1|Kyurem|
|poke|p1|Ninetales-Alola, F|
|poke|p1|Iron Moth|
|poke|p2|Tyranitar, F|
|poke|p2|Excadrill, F|
|poke|p2|Keldeo-Resolute|
|poke|p2|Tornadus-Therian, M|
|poke|p2|Heatran, M|
|poke|p2|Hydrapple, M|
|teampreview
|
|t:|1757939395
|teamsize|p1|6
|teamsize|p2|6
|start
|switch|p1a: 50/50|Raging Bolt|100/100
|switch|p2a: Tornadus|Tornadus-Therian, M|100/100
|-enditem|p1a: 50/50|Booster Energy
|-activate|p1a: 50/50|ability: Protosynthesis|[fromitem]
|-start|p1a: 50/50|protosynthesisspa
|turn|1
|
|t:|1757939409
|switch|p2a: Tyranitar|Tyranitar, F|100/100
|-weather|Sandstorm|[from] ability: Sand Stream|[of] p2a: Tyranitar
|move|p1a: 50/50|Dragon Pulse|p2a: Tyranitar
|-damage|p2a: Tyranitar|61/100
|
|-weather|Sandstorm|[upkeep]
|-damage|p1a: 50/50|94/100|[from] Sandstorm
|upkeep
|turn|2
|
|t:|1757939435
|move|p2a: Tyranitar|Stone Edge|p1a: 50/50
|-damage|p1a: 50/50|22/100
|move|p1a: 50/50|Dragon Pulse|p2a: Tyranitar
|-damage|p2a: Tyranitar|18/100
|
|-weather|Sandstorm|[upkeep]
|-damage|p1a: 50/50|16/100|[from] Sandstorm
|upkeep
|turn|3
|
|t:|1757939445
|switch|p2a: Excadrill|Excadrill, F|100/100
|-item|p2a: Excadrill|Air Balloon
|move|p1a: 50/50|Thunderclap||[still]
|-fail|p1a: 50/50
|
|-weather|Sandstorm|[upkeep]
|-damage|p1a: 50/50|10/100|[from] Sandstorm
|upkeep
|turn|4
|
|t:|1757939462
|move|p2a: Excadrill|Swords Dance|p2a: Excadrill
|-boost|p2a: Excadrill|atk|2
|move|p1a: 50/50|Dragon Pulse|p2a: Excadrill
|-resisted|p2a: Excadrill
|-damage|p2a: Excadrill|54/100
|-enditem|p2a: Excadrill|Air Balloon
|
|-weather|Sandstorm|[upkeep]
|-damage|p1a: 50/50|4/100|[from] Sandstorm
|upkeep
|turn|5
|
|t:|1757939472
|move|p2a: Excadrill|Rapid Spin|p1a: 50/50
|-damage|p1a: 50/50|0 fnt
|-boost|p2a: Excadrill|spe|1
|faint|p1a: 50/50
|-end|p1a: 50/50|Protosynthesis|[silent]
|
|-weather|none
|upkeep
|
|t:|1757939476
|switch|p1a: bury the light|Ceruledge, F|100/100
|turn|6
|
|t:|1757939499
|switch|p2a: Hydrapple|Hydrapple, M|100/100
|move|p1a: bury the light|Swords Dance|p1a: bury the light
|-boost|p1a: bury the light|atk|2
|
|upkeep
|turn|7
|
|t:|1757939511
|move|p1a: bury the light|Bitter Blade|p2a: Hydrapple
|-damage|p2a: Hydrapple|49/100
|-damage|p1a: bury the light|84/100|[from] item: Rocky Helmet|[of] p2a: Hydrapple
|move|p2a: Hydrapple|Earth Power|p1a: bury the light
|-supereffective|p1a: bury the light
|-crit|p1a: bury the light
|-damage|p1a: bury the light|0 fnt
|faint|p1a: bury the light
|
|upkeep
|
|t:|1757939528
|switch|p1a: snow bunny|Ninetales-Alola, F|100/100
|-weather|Snowscape|[from] ability: Snow Warning|[of] p1a: snow bunny
|turn|8
|
|t:|1757939536
|switch|p2a: Tyranitar|Tyranitar, F|18/100
|-weather|Sandstorm|[from] ability: Sand Stream|[of] p2a: Tyranitar
|move|p1a: snow bunny|Moonblast|p2a: Tyranitar
|-supereffective|p2a: Tyranitar
|-damage|p2a: Tyranitar|0 fnt
|faint|p2a: Tyranitar
|
|-weather|Sandstorm|[upkeep]
|-damage|p1a: snow bunny|95/100|[from] Sandstorm
|upkeep
|
|t:|1757939541
|switch|p2a: Excadrill|Excadrill, F|54/100
|turn|9
|
|t:|1757939549
|switch|p1a: realpsyspam|Latias, F|100/100
|move|p2a: Excadrill|Swords Dance|p2a: Excadrill
|-boost|p2a: Excadrill|atk|2
|
|-weather|Sandstorm|[upkeep]
|-damage|p1a: realpsyspam|95/100|[from] Sandstorm
|-heal|p1a: realpsyspam|100/100|[from] item: Leftovers
|upkeep
|turn|10
|
|t:|1757939555
|move|p2a: Excadrill|Iron Head|p1a: realpsyspam
|-damage|p1a: realpsyspam|0 fnt
|faint|p1a: realpsyspam
|
|-weather|Sandstorm|[upkeep]
|upkeep
|
|t:|1757939564
|switch|p1a: snow bunny|Ninetales-Alola, F|95/100
|-weather|Snowscape|[from] ability: Snow Warning|[of] p1a: snow bunny
|turn|11
|
|t:|1757939568
|move|p1a: snow bunny|Aurora Veil|p1a: snow bunny
|-sidestart|p1: Baby Key|move: Aurora Veil
|move|p2a: Excadrill|Iron Head|p1a: snow bunny
|-supereffective|p1a: snow bunny
|-damage|p1a: snow bunny|0 fnt
|faint|p1a: snow bunny
|
|-weather|Snowscape|[upkeep]
|upkeep
|
|t:|1757939580
|switch|p1a: rng my ahh|Kyurem|100/100
|-ability|p1a: rng my ahh|Pressure
|turn|12
|
|t:|1757939592
|-terastallize|p1a: rng my ahh|Fire
|-terastallize|p2a: Excadrill|Ghost
|move|p1a: rng my ahh|Dragon Dance|p1a: rng my ahh
|-boost|p1a: rng my ahh|atk|1
|-boost|p1a: rng my ahh|spe|1
|move|p2a: Excadrill|Iron Head|p1a: rng my ahh
|-resisted|p1a: rng my ahh
|-damage|p1a: rng my ahh|77/100
|
|-weather|Snowscape|[upkeep]
|upkeep
|turn|13
|
|t:|1757939604
|move|p1a: rng my ahh|Icicle Spear|p2a: Excadrill
|-damage|p2a: Excadrill|25/100
|-damage|p2a: Excadrill|0 fnt
|faint|p2a: Excadrill
|-hitcount|p2: Excadrill|2
|
|-weather|Snowscape|[upkeep]
|upkeep
|
|t:|1757939622
|switch|p2a: Keldeo|Keldeo-Resolute|100/100
|turn|14
|
|t:|1757939633
|move|p1a: rng my ahh|Scale Shot|p2a: Keldeo
|-damage|p2a: Keldeo|75/100
|-damage|p2a: Keldeo|52/100
|-damage|p2a: Keldeo|27/100
|-damage|p2a: Keldeo|0 fnt
|faint|p2a: Keldeo
|-hitcount|p2: Keldeo|4
|-unboost|p1a: rng my ahh|def|1
|-boost|p1a: rng my ahh|spe|1
|
|-weather|Snowscape|[upkeep]
|upkeep
|
|t:|1757939639
|switch|p2a: Heatran|Heatran, M|100/100
|turn|15
|
|t:|1757939652
|move|p1a: rng my ahh|Scale Shot|p2a: Heatran
|-resisted|p2a: Heatran
|-damage|p2a: Heatran|91/100
|-resisted|p2a: Heatran
|-damage|p2a: Heatran|82/100
|-resisted|p2a: Heatran
|-damage|p2a: Heatran|73/100
|-resisted|p2a: Heatran
|-damage|p2a: Heatran|64/100
|-hitcount|p2a: Heatran|4
|-unboost|p1a: rng my ahh|def|1
|-boost|p1a: rng my ahh|spe|1
|move|p2a: Heatran|Earth Power|p1a: rng my ahh
|-supereffective|p1a: rng my ahh
|-damage|p1a: rng my ahh|52/100
|
|-weather|none
|-heal|p2a: Heatran|70/100|[from] item: Leftovers
|upkeep
|turn|16
|
|t:|1757939661
|move|p1a: rng my ahh|Dragon Dance|p1a: rng my ahh
|-boost|p1a: rng my ahh|atk|1
|-boost|p1a: rng my ahh|spe|1
|move|p2a: Heatran|Earth Power|p1a: rng my ahh
|-supereffective|p1a: rng my ahh
|-crit|p1a: rng my ahh
|-damage|p1a: rng my ahh|0 fnt
|faint|p1a: rng my ahh
|
|-heal|p2a: Heatran|76/100|[from] item: Leftovers
|upkeep
|
|t:|1757939666
|switch|p1a: MoveMerchant|Iron Moth|100/100
|-enditem|p1a: MoveMerchant|Booster Energy
|-activate|p1a: MoveMerchant|ability: Quark Drive|[fromitem]
|-start|p1a: MoveMerchant|quarkdrivespe
|turn|17
|inactive|Battle timer is ON: inactive players will automatically lose when time's up. (requested by kaisadadi)
|
|t:|1757939688
|move|p1a: MoveMerchant|Fiery Dance|p2a: Heatran
|-damage|p2a: Heatran|49/100
|move|p2a: Heatran|Earth Power|p1a: MoveMerchant
|-supereffective|p1a: MoveMerchant
|-damage|p1a: MoveMerchant|49/100
|
|-heal|p2a: Heatran|55/100|[from] item: Leftovers
|upkeep
|turn|18
|
|t:|1757939693
|move|p1a: MoveMerchant|Fiery Dance|p2a: Heatran
|-damage|p2a: Heatran|32/100
|move|p2a: Heatran|Earth Power|p1a: MoveMerchant
|-supereffective|p1a: MoveMerchant
|-crit|p1a: MoveMerchant
|-damage|p1a: MoveMerchant|0 fnt
|faint|p1a: MoveMerchant
|-end|p1a: MoveMerchant|Quark Drive|[silent]
|
|win|kaisadadi
|raw|Baby Key's rating: 1399 &rarr; <strong>1378</strong><br />(-21 for losing)
|raw|kaisadadi's rating: 1379 &rarr; <strong>1400</strong><br />(+21 for winning)
