|j|☆YaBoiDon
|j|☆LucyLikePizza
|t:|1757829782
|gametype|singles
|player|p1|YaBoiDon|2|1383
|player|p2|LucyLikePizza|2|1406
|gen|9
|tier|[Gen 9] OU
|rated|
|rule|HP Percentage Mod: HP is shown in percentages
|rule|Endless Battle Clause: Forcing endless battles is banned
|rule|Species Clause: Limit one of each Pokémon
|rule|OHKO Clause: OHKO moves are banned
|rule|Evasion Items Clause: Evasion items are banned
|rule|Evasion Moves Clause: Evasion moves are banned
|rule|Evasion Abilities Clause: Evasion abilities are banned
|rule|Sleep Moves Clause: Sleep-inducing moves are banned
|clearpoke
|poke|p1|Chesnaught, M|
|poke|p1|Goodra, M|
|poke|p1|Greninja-*, M|
|poke|p1|Avalugg, M|
|poke|p1|Malamar, M|
|poke|p1|Clawitzer, M|
|poke|p2|Zapdos|
|poke|p2|Corviknight, F|
|poke|p2|Iron Treads|
|poke|p2|Weavile, F|
|poke|p2|Hydrapple, M|
|poke|p2|Heatran, F|
|teampreview
|
|t:|1757829797
|teamsize|p1|6
|teamsize|p2|6
|start
|switch|p1a: Goodra|Goodra, M|100/100
|switch|p2a: Heatran|Heatran, F|100/100
|turn|1
|
|t:|1757829810
|switch|p2a: Iron Treads|Iron Treads|100/100
|move|p1a: Goodra|Surf|p2a: Iron Treads
|-supereffective|p2a: Iron Treads
|-damage|p2a: Iron Treads|51/100
|
|upkeep
|turn|2
|
|t:|1757829815
|move|p1a: Goodra|Flamethrower|p2a: Iron Treads
|-supereffective|p2a: Iron Treads
|-damage|p2a: Iron Treads|1/100
|move|p2a: Iron Treads|Stealth Rock|p1a: Goodra
|-sidestart|p1: YaBoiDon|move: Stealth Rock
|
|upkeep
|turn|3
|
|t:|1757829825
|move|p1a: Goodra|Dragon Pulse|p2a: Iron Treads
|-resisted|p2a: Iron Treads
|-damage|p2a: Iron Treads|0 fnt
|faint|p2a: Iron Treads
|-end|p2a: Iron Treads|Quark Drive|[silent]
|
|upkeep
|
|t:|1757829829
|switch|p2a: Hydrapple|Hydrapple, M|100/100
|turn|4
|
|t:|1757829838
|-terastallize|p2a: Hydrapple|Fairy
|move|p1a: Goodra|Dragon Pulse|p2a: Hydrapple
|-immune|p2a: Hydrapple
|move|p2a: Hydrapple|Fickle Beam|p1a: Goodra
|-supereffective|p1a: Goodra
|-damage|p1a: Goodra|66/100
|
|upkeep
|turn|5
|
|t:|1757829842
|move|p1a: Goodra|Sludge Wave|p2a: Hydrapple
|-supereffective|p2a: Hydrapple
|-damage|p2a: Hydrapple|33/100
|-status|p2a: Hydrapple|psn
|move|p2a: Hydrapple|Fickle Beam|p1a: Goodra|[anim] Fickle Beam All Out
|-activate|p2a: Hydrapple|move: Fickle Beam
|-supereffective|p1a: Goodra
|-damage|p1a: Goodra|0 fnt
|faint|p1a: Goodra
|
|-damage|p2a: Hydrapple|21/100 psn|[from] psn
|upkeep
|
|t:|1757829859
|switch|p1a: Greninja|Greninja, M|100/100
|-damage|p1a: Greninja|88/100|[from] Stealth Rock
|turn|6
|
|t:|1757829873
|move|p1a: Greninja|Surf|p2a: Hydrapple
|-damage|p2a: Hydrapple|0 fnt
|faint|p2a: Hydrapple
|-ability|p1a: Greninja|Battle Bond|boost
|-boost|p1a: Greninja|atk|1
|-boost|p1a: Greninja|spa|1
|-boost|p1a: Greninja|spe|1
|-activate|p1a: Greninja|ability: Battle Bond
|-damage|p1a: Greninja|78/100|[from] item: Life Orb
|
|upkeep
|
|t:|1757829875
|switch|p2a: Corviknight|Corviknight, F|100/100
|-ability|p2a: Corviknight|Pressure
|turn|7
|
|t:|1757829881
|move|p1a: Greninja|Surf|p2a: Corviknight
|-damage|p2a: Corviknight|16/100
|-damage|p1a: Greninja|69/100|[from] item: Life Orb
|move|p2a: Corviknight|Body Press|p1a: Greninja
|-supereffective|p1a: Greninja
|-damage|p1a: Greninja|0 fnt
|faint|p1a: Greninja
|
|upkeep
|
|t:|1757829895
|switch|p1a: Malamar|Malamar, M|100/100
|-damage|p1a: Malamar|88/100|[from] Stealth Rock
|turn|8
|
|t:|1757829901
|move|p1a: Malamar|Superpower|p2a: Corviknight
|-damage|p2a: Corviknight|0 fnt
|-boost|p1a: Malamar|atk|1
|-boost|p1a: Malamar|def|1
|-damage|p1a: Malamar|72/100|[from] item: Rocky Helmet|[of] p2a: Corviknight
|faint|p2a: Corviknight
|
|upkeep
|
|t:|1757829904
|switch|p2a: Zapdos|Zapdos|100/100
|turn|9
|
|t:|1757829919
|move|p2a: Zapdos|Thunderbolt|p1a: Malamar
|-damage|p1a: Malamar|39/100
|-status|p1a: Malamar|par
|move|p1a: Malamar|Rest|p1a: Malamar
|-status|p1a: Malamar|slp|[from] move: Rest
|-heal|p1a: Malamar|100/100 slp|[silent]
|-enditem|p1a: Malamar|Chesto Berry|[eat]
|-curestatus|p1a: Malamar|slp|[msg]
|
|upkeep
|turn|10
|
|t:|1757829931
|move|p2a: Zapdos|Thunderbolt|p1a: Malamar
|-damage|p1a: Malamar|66/100
|-status|p1a: Malamar|par
|move|p1a: Malamar|Superpower|p2a: Zapdos
|-resisted|p2a: Zapdos
|-damage|p2a: Zapdos|81/100
|-boost|p1a: Malamar|atk|1
|-boost|p1a: Malamar|def|1
|
|upkeep
|turn|11
|
|t:|1757829937
|move|p2a: Zapdos|Thunderbolt|p1a: Malamar
|-damage|p1a: Malamar|33/100 par
|move|p1a: Malamar|Rest|p1a: Malamar
|-status|p1a: Malamar|slp|[from] move: Rest
|-heal|p1a: Malamar|100/100 slp|[silent]
|
|upkeep
|turn|12
|
|t:|1757829941
|move|p2a: Zapdos|Thunderbolt|p1a: Malamar
|-damage|p1a: Malamar|64/100 slp
|cant|p1a: Malamar|slp
|move|p1a: Malamar|Sleep Talk|p1a: Malamar
|move|p1a: Malamar|Knock Off|p2a: Zapdos|[from] move: Sleep Talk
|-damage|p2a: Zapdos|11/100
|-enditem|p2a: Zapdos|Heavy-Duty Boots|[from] move: Knock Off|[of] p1a: Malamar
|
|upkeep
|turn|13
|
|t:|1757829946
|move|p2a: Zapdos|Thunderbolt|p1a: Malamar
|-damage|p1a: Malamar|28/100 slp
|cant|p1a: Malamar|slp
|move|p1a: Malamar|Sleep Talk|p1a: Malamar
|move|p1a: Malamar|Rest||[from] move: Sleep Talk|[still]
|-fail|p1a: Malamar
|
|upkeep
|turn|14
|
|t:|1757829955
|move|p2a: Zapdos|Thunderbolt|p1a: Malamar
|-damage|p1a: Malamar|0 fnt
|faint|p1a: Malamar
|
|upkeep
|
|t:|1757829962
|switch|p1a: Chesnaught|Chesnaught, M, shiny|100/100
|-damage|p1a: Chesnaught|94/100|[from] Stealth Rock
|turn|15
|
|t:|1757829979
|move|p2a: Zapdos|Heat Wave|p1a: Chesnaught
|-supereffective|p1a: Chesnaught
|-damage|p1a: Chesnaught|29/100
|move|p1a: Chesnaught|Knock Off|p2a: Zapdos
|-damage|p2a: Zapdos|0 fnt
|-status|p1a: Chesnaught|par|[from] ability: Static|[of] p2a: Zapdos
|faint|p2a: Zapdos
|
|-heal|p1a: Chesnaught|35/100 par|[from] item: Leftovers
|upkeep
|
|t:|1757829984
|switch|p2a: Heatran|Heatran, F|100/100
|turn|16
|
|t:|1757829995
|switch|p1a: Clawitzer|Clawitzer, M|100/100
|-damage|p1a: Clawitzer|88/100|[from] Stealth Rock
|move|p2a: Heatran|Lava Plume|p1a: Clawitzer
|-resisted|p1a: Clawitzer
|-damage|p1a: Clawitzer|65/100
|-status|p1a: Clawitzer|brn
|
|-damage|p1a: Clawitzer|59/100 brn|[from] brn
|upkeep
|turn|17
|
|t:|1757830005
|move|p2a: Heatran|Earth Power|p1a: Clawitzer
|-damage|p1a: Clawitzer|24/100 brn
|move|p1a: Clawitzer|Water Pulse|p2a: Heatran
|-supereffective|p2a: Heatran
|-damage|p2a: Heatran|0 fnt
|faint|p2a: Heatran
|
|-damage|p1a: Clawitzer|18/100 brn|[from] brn
|upkeep
|
|t:|1757830008
|switch|p2a: Weavile|Weavile, F|100/100
|-ability|p2a: Weavile|Pressure
|turn|18
|
|t:|1757830015
|move|p2a: Weavile|Low Kick|p1a: Clawitzer
|-damage|p1a: Clawitzer|0 fnt
|faint|p1a: Clawitzer
|
|upkeep
|
|t:|1757830018
|switch|p1a: Avalugg|Avalugg, M|100/100
|turn|19
|
|t:|1757830021
|move|p2a: Weavile|Low Kick|p1a: Avalugg
|-supereffective|p1a: Avalugg
|-damage|p1a: Avalugg|52/100
|move|p1a: Avalugg|Body Press|p2a: Weavile
|-supereffective|p2a: Weavile
|-damage|p2a: Weavile|0 fnt
|faint|p2a: Weavile
|
|win|YaBoiDon
|raw|YaBoiDon's rating: 1383 &rarr; <strong>1404</strong><br />(+21 for winning)
|raw|LucyLikePizza's rating: 1406 &rarr; <strong>1385</strong><br />(-21 for losing)
|l|☆LucyLikePizza
|player|p2|
|l|☆YaBoiDon
|player|p1|
