|j|☆sumofsquares
|j|☆stootic
|t:|1757813883
|gametype|singles
|player|p1|sumofsquares|wallace|1510
|player|p2|stootic|volkner|1491
|gen|9
|tier|[Gen 9] OU
|rated|
|rule|HP Percentage Mod: HP is shown in percentages
|rule|Endless Battle Clause: Forcing endless battles is banned
|rule|Species Clause: Limit one of each Pokémon
|rule|OHKO Clause: OHKO moves are banned
|rule|Evasion Items Clause: Evasion items are banned
|rule|Evasion Moves Clause: Evasion moves are banned
|rule|Evasion Abilities Clause: Evasion abilities are banned
|rule|Sleep Moves Clause: Sleep-inducing moves are banned
|clearpoke
|poke|p1|Ogerpon, F|
|poke|p1|Corviknight, F|
|poke|p1|Sandy Shocks|
|poke|p1|Greninja-*, M|
|poke|p1|Keldeo-Resolute|
|poke|p1|Lokix, M|
|poke|p2|Samurott-Hisui, M|
|poke|p2|Great Tusk|
|poke|p2|Volcanion|
|poke|p2|Hydrapple, F|
|poke|p2|Gholdengo|
|poke|p2|Landorus-Therian, M|
|teampreview
|
|t:|1757813906
|teamsize|p1|6
|teamsize|p2|6
|start
|switch|p1a: Keldeo|Keldeo-Resolute|100/100
|switch|p2a: Landorus|Landorus-Therian, M|100/100
|-ability|p2a: Landorus|Intimidate|boost
|-unboost|p1a: Keldeo|atk|1
|turn|1
|inactive|Battle timer is ON: inactive players will automatically lose when time's up. (requested by stootic)
|
|t:|1757813912
|-terastallize|p2a: Landorus|Flying
|move|p2a: Landorus|Tera Blast|p1a: Keldeo|[anim] Tera Blast Flying
|-supereffective|p1a: Keldeo
|-damage|p1a: Keldeo|0 fnt
|faint|p1a: Keldeo
|
|upkeep
|
|t:|1757813921
|switch|p1a: Sandy Shocks|Sandy Shocks|100/100
|-enditem|p1a: Sandy Shocks|Booster Energy
|-activate|p1a: Sandy Shocks|ability: Protosynthesis|[fromitem]
|-start|p1a: Sandy Shocks|protosynthesisspe
|turn|2
|inactive|stootic has 120 seconds left.
|
|t:|1757813971
|switch|p2a: Samurott|Samurott-Hisui, M|100/100
|move|p1a: Sandy Shocks|Stealth Rock|p2a: Samurott
|-sidestart|p2: stootic|move: Stealth Rock
|
|upkeep
|turn|3
|
|t:|1757813978
|move|p1a: Sandy Shocks|Volt Switch|p2a: Samurott
|-supereffective|p2a: Samurott
|-damage|p2a: Samurott|55/100
|
|t:|1757813982
|-end|p1a: Sandy Shocks|Protosynthesis|[silent]
|switch|p1a: Corviknight|Corviknight, F|100/100|[from] Volt Switch
|-ability|p1a: Corviknight|Pressure
|move|p2a: Samurott|Ceaseless Edge|p1a: Corviknight
|-damage|p1a: Corviknight|77/100
|-damage|p2a: Samurott|39/100|[from] item: Rocky Helmet|[of] p1a: Corviknight
|-sidestart|p1: sumofsquares|Spikes
|
|upkeep
|turn|4
|inactive|stootic has 120 seconds left.
|
|t:|1757813992
|move|p2a: Samurott|Knock Off|p1a: Corviknight
|-damage|p1a: Corviknight|54/100
|-damage|p2a: Samurott|22/100|[from] item: Rocky Helmet|[of] p1a: Corviknight
|-enditem|p1a: Corviknight|Rocky Helmet|[from] move: Knock Off|[of] p2a: Samurott
|move|p1a: Corviknight|U-turn|p2a: Samurott
|-supereffective|p2a: Samurott
|-damage|p2a: Samurott|0 fnt
|faint|p2a: Samurott
|
|t:|1757813997
|switch|p1a: Lokix|Lokix, M|100/100|[from] U-turn
|
|upkeep
|inactive|stootic has 120 seconds left.
|
|t:|1757814009
|switch|p2a: Landorus|Landorus-Therian, M, tera:Flying|100/100
|-damage|p2a: Landorus|76/100|[from] Stealth Rock
|-ability|p2a: Landorus|Intimidate|boost
|-unboost|p1a: Lokix|atk|1
|turn|5
|
|t:|1757814013
|switch|p1a: Corviknight|Corviknight, F|54/100
|-ability|p1a: Corviknight|Pressure
|move|p2a: Landorus|U-turn|p1a: Corviknight
|-resisted|p1a: Corviknight
|-damage|p1a: Corviknight|49/100
|
|t:|1757814016
|switch|p2a: Great Tusk|Great Tusk|100/100|[from] U-turn
|
|upkeep
|turn|6
|
|t:|1757814021
|move|p2a: Great Tusk|Rapid Spin|p1a: Corviknight
|-resisted|p1a: Corviknight
|-damage|p1a: Corviknight|44/100
|-boost|p2a: Great Tusk|spe|1
|-sideend|p2: stootic|Stealth Rock|[from] move: Rapid Spin|[of] p2a: Great Tusk
|move|p1a: Corviknight|Defog|p2a: Great Tusk
|-unboost|p2a: Great Tusk|evasion|1
|-sideend|p1: sumofsquares|Spikes|[from] move: Defog|[of] p1a: Corviknight
|
|upkeep
|turn|7
|inactive|stootic has 120 seconds left.
|
|t:|1757814077
|move|p2a: Great Tusk|Stealth Rock|p1a: Corviknight
|-sidestart|p1: sumofsquares|move: Stealth Rock
|move|p1a: Corviknight|Brave Bird|p2a: Great Tusk
|-supereffective|p2a: Great Tusk
|-damage|p2a: Great Tusk|46/100
|-damage|p1a: Corviknight|27/100|[from] Recoil
|
|upkeep
|turn|8
|inactive|stootic has 90 seconds left.
|
|t:|1757814099
|-end|p2a: Great Tusk|Protosynthesis|[silent]
|switch|p2a: Gholdengo|Gholdengo|100/100
|-item|p2a: Gholdengo|Air Balloon
|move|p1a: Corviknight|Roost|p1a: Corviknight
|-heal|p1a: Corviknight|77/100
|-singleturn|p1a: Corviknight|move: Roost
|
|upkeep
|turn|9
|
|t:|1757814103
|move|p2a: Gholdengo|Nasty Plot|p2a: Gholdengo
|-boost|p2a: Gholdengo|spa|2
|move|p1a: Corviknight|U-turn|p2a: Gholdengo
|-resisted|p2a: Gholdengo
|-damage|p2a: Gholdengo|97/100
|-enditem|p2a: Gholdengo|Air Balloon
|
|t:|1757814114
|switch|p1a: Sandy Shocks|Sandy Shocks|100/100|[from] U-turn
|-damage|p1a: Sandy Shocks|94/100|[from] Stealth Rock
|
|upkeep
|turn|10
|
|t:|1757814120
|switch|p2a: Landorus|Landorus-Therian, M, tera:Flying|76/100
|-ability|p2a: Landorus|Intimidate|boost
|-unboost|p1a: Sandy Shocks|atk|1
|move|p1a: Sandy Shocks|Stealth Rock|p2a: Landorus
|-sidestart|p2: stootic|move: Stealth Rock
|
|upkeep
|turn|11
|
|t:|1757814127
|-end|p1a: Sandy Shocks|Protosynthesis|[silent]
|switch|p1a: Corviknight|Corviknight, F|77/100
|-damage|p1a: Corviknight|65/100|[from] Stealth Rock
|-ability|p1a: Corviknight|Pressure
|move|p2a: Landorus|U-turn|p1a: Corviknight
|-resisted|p1a: Corviknight
|-damage|p1a: Corviknight|61/100
|
|t:|1757814130
|switch|p2a: Gholdengo|Gholdengo|97/100|[from] U-turn
|-damage|p2a: Gholdengo|91/100|[from] Stealth Rock
|
|upkeep
|turn|12
|
|t:|1757814134
|move|p2a: Gholdengo|Nasty Plot|p2a: Gholdengo
|-boost|p2a: Gholdengo|spa|2
|move|p1a: Corviknight|U-turn|p2a: Gholdengo
|-resisted|p2a: Gholdengo
|-damage|p2a: Gholdengo|88/100
|
|t:|1757814137
|switch|p1a: Sandy Shocks|Sandy Shocks|94/100|[from] U-turn
|-damage|p1a: Sandy Shocks|88/100|[from] Stealth Rock
|
|upkeep
|turn|13
|
|t:|1757814149
|move|p1a: Sandy Shocks|Earth Power|p2a: Gholdengo
|-supereffective|p2a: Gholdengo
|-damage|p2a: Gholdengo|0 fnt
|faint|p2a: Gholdengo
|
|upkeep
|
|t:|1757814153
|switch|p2a: Landorus|Landorus-Therian, M, tera:Flying|76/100
|-damage|p2a: Landorus|51/100|[from] Stealth Rock
|-ability|p2a: Landorus|Intimidate|boost
|-unboost|p1a: Sandy Shocks|atk|1
|turn|14
|
|t:|1757814160
|move|p2a: Landorus|Stone Edge|p1a: Sandy Shocks
|-resisted|p1a: Sandy Shocks
|-damage|p1a: Sandy Shocks|69/100
|move|p1a: Sandy Shocks|Volt Switch|p2a: Landorus
|-supereffective|p2a: Landorus
|-damage|p2a: Landorus|0 fnt
|faint|p2a: Landorus
|
|t:|1757814168
|-end|p1a: Sandy Shocks|Protosynthesis|[silent]
|switch|p1a: Lokix|Lokix, M|100/100|[from] Volt Switch
|
|upkeep
|
|t:|1757814176
|switch|p2a: Volcanion|Volcanion|100/100
|turn|15
|
|t:|1757814185
|move|p1a: Lokix|Knock Off|p2a: Volcanion
|-damage|p2a: Volcanion|64/100
|-enditem|p2a: Volcanion|Heavy-Duty Boots|[from] move: Knock Off|[of] p1a: Lokix
|move|p2a: Volcanion|Flamethrower|p1a: Lokix
|-supereffective|p1a: Lokix
|-damage|p1a: Lokix|0 fnt
|faint|p1a: Lokix
|
|upkeep
|
|t:|1757814202
|switch|p1a: Sandy Shocks|Sandy Shocks|69/100
|-damage|p1a: Sandy Shocks|63/100|[from] Stealth Rock
|turn|16
|
|t:|1757814212
|switch|p2a: Great Tusk|Great Tusk|46/100
|move|p1a: Sandy Shocks|Earth Power|p2a: Great Tusk
|-damage|p2a: Great Tusk|0 fnt
|faint|p2a: Great Tusk
|-end|p2a: Great Tusk|Protosynthesis|[silent]
|
|upkeep
|
|t:|1757814214
|switch|p2a: Hydrapple|Hydrapple, F|100/100
|-damage|p2a: Hydrapple|88/100|[from] Stealth Rock
|turn|17
|
|t:|1757814226
|-end|p1a: Sandy Shocks|Protosynthesis|[silent]
|switch|p1a: Corviknight|Corviknight, F|61/100
|-damage|p1a: Corviknight|49/100|[from] Stealth Rock
|-ability|p1a: Corviknight|Pressure
|move|p2a: Hydrapple|Nasty Plot|p2a: Hydrapple
|-boost|p2a: Hydrapple|spa|2
|
|upkeep
|turn|18
|inactive|stootic has 120 seconds left.
|
|t:|1757814256
|move|p1a: Corviknight|Brave Bird|p2a: Hydrapple
|-supereffective|p2a: Hydrapple
|-damage|p2a: Hydrapple|43/100
|-damage|p1a: Corviknight|33/100|[from] item: Rocky Helmet|[of] p2a: Hydrapple
|-damage|p1a: Corviknight|17/100|[from] Recoil
|move|p2a: Hydrapple|Fickle Beam|p1a: Corviknight
|-resisted|p1a: Corviknight
|-damage|p1a: Corviknight|0 fnt
|faint|p1a: Corviknight
|
|upkeep
|
|t:|1757814266
|switch|p1a: Greninja|Greninja, M|100/100
|-damage|p1a: Greninja|88/100|[from] Stealth Rock
|turn|19
|
|t:|1757814268
|move|p1a: Greninja|Ice Beam|p2a: Hydrapple
|-supereffective|p2a: Hydrapple
|-damage|p2a: Hydrapple|0 fnt
|faint|p2a: Hydrapple
|-ability|p1a: Greninja|Battle Bond|boost
|-boost|p1a: Greninja|atk|1
|-boost|p1a: Greninja|spa|1
|-boost|p1a: Greninja|spe|1
|-activate|p1a: Greninja|ability: Battle Bond
|-damage|p1a: Greninja|78/100|[from] item: Life Orb
|
|upkeep
|
|t:|1757814269
|switch|p2a: Volcanion|Volcanion|64/100
|-damage|p2a: Volcanion|39/100|[from] Stealth Rock
|turn|20
|
|t:|1757814271
|move|p1a: Greninja|Dark Pulse|p2a: Volcanion
|-damage|p2a: Volcanion|0 fnt
|faint|p2a: Volcanion
|-damage|p1a: Greninja|69/100|[from] item: Life Orb
|
|win|sumofsquares
|raw|sumofsquares's rating: 1510 &rarr; <strong>1529</strong><br />(+19 for winning)
|raw|stootic's rating: 1491 &rarr; <strong>1472</strong><br />(-19 for losing)
|l|☆stootic
|player|p2|
|l|☆sumofsquares
|player|p1|
|j|☆sumofsquares
|player|p1|sumofsquares|wallace|
|l|☆sumofsquares
|player|p1|
