|j|☆randombananaYAY
|j|☆KnockOffx2
|t:|1757910328
|gametype|singles
|player|p1|randombananaYAY|2|1637
|player|p2|KnockOffx2|burglar|1619
|gen|9
|tier|[Gen 9] OU
|rated|
|rule|HP Percentage Mod: HP is shown in percentages
|rule|Endless Battle Clause: Forcing endless battles is banned
|rule|Species Clause: Limit one of each Pokémon
|rule|OHKO Clause: OHKO moves are banned
|rule|Evasion Items Clause: Evasion items are banned
|rule|Evasion Moves Clause: Evasion moves are banned
|rule|Evasion Abilities Clause: Evasion abilities are banned
|rule|Sleep Moves Clause: Sleep-inducing moves are banned
|clearpoke
|poke|p1|Alomomola, F|
|poke|p1|Gliscor, M|
|poke|p1|Dondozo, F|
|poke|p1|Blissey, F|
|poke|p1|Toxapex, F|
|poke|p1|Clodsire, F|
|poke|p2|Rotom-Wash|
|poke|p2|Yanmega, F|
|poke|p2|Crawdaunt, F|
|poke|p2|Dusclops, M|
|poke|p2|Gardevoir, F|
|poke|p2|Mamoswine, M|
|teampreview
|inactive|Battle timer is ON: inactive players will automatically lose when time's up. (requested by KnockOffx2)
|inactive|randombananaYAY has 120 seconds left.
|
|t:|1757910374
|teamsize|p1|6
|teamsize|p2|6
|start
|switch|p1a: Gliscor|Gliscor, M|100/100
|switch|p2a: Mamoswine|Mamoswine, M|100/100
|turn|1
|
|t:|1757910378
|move|p1a: Gliscor|Protect|p1a: Gliscor
|-singleturn|p1a: Gliscor|Protect
|move|p2a: Mamoswine|Stealth Rock|p1a: Gliscor
|-sidestart|p1: randombananaYAY|move: Stealth Rock
|
|-status|p1a: Gliscor|tox|[from] item: Toxic Orb
|upkeep
|turn|2
|
|t:|1757910384
|switch|p1a: Alomomola|Alomomola, F|100/100
|move|p2a: Mamoswine|Ice Shard|p1a: Alomomola
|-resisted|p1a: Alomomola
|-damage|p1a: Alomomola|95/100
|
|upkeep
|turn|3
|
|t:|1757910391
|switch|p2a: Rotom|Rotom-Wash|100/100
|move|p1a: Alomomola|Flip Turn|p2a: Rotom
|-resisted|p2a: Rotom
|-damage|p2a: Rotom|93/100
|
|t:|1757910397
|switch|p1a: Toxapex|Toxapex, F|100/100|[from] Flip Turn
|
|-heal|p2a: Rotom|99/100|[from] item: Leftovers
|upkeep
|turn|4
|
|t:|1757910403
|move|p2a: Rotom|Volt Switch|p1a: Toxapex
|-supereffective|p1a: Toxapex
|-damage|p1a: Toxapex|62/100
|
|t:|1757910409
|switch|p2a: Crawdaunt|Crawdaunt, F|100/100|[from] Volt Switch
|move|p1a: Toxapex|Toxic|p2a: Crawdaunt
|-status|p2a: Crawdaunt|tox
|
|-damage|p2a: Crawdaunt|95/100 tox|[from] psn
|upkeep
|turn|5
|
|t:|1757910421
|switch|p1a: Alomomola|Alomomola, F|100/100
|move|p2a: Crawdaunt|Knock Off|p1a: Alomomola
|-damage|p1a: Alomomola|45/100
|-enditem|p1a: Alomomola|Heavy-Duty Boots|[from] move: Knock Off|[of] p2a: Crawdaunt
|
|-damage|p2a: Crawdaunt|83/100 tox|[from] psn
|upkeep
|turn|6
|
|t:|1757910427
|move|p2a: Crawdaunt|Knock Off|p1a: Alomomola
|-damage|p1a: Alomomola|8/100
|move|p1a: Alomomola|Wish|p1a: Alomomola
|
|-damage|p2a: Crawdaunt|65/100 tox|[from] psn
|upkeep
|turn|7
|
|t:|1757910433
|switch|p2a: Gardevoir|Gardevoir, F|100/100
|-ability|p2a: Gardevoir|Regenerator|Trace|[from] ability: Trace|[of] p1a: Alomomola
|move|p1a: Alomomola|Protect||[still]
|-fail|p1a: Alomomola
|
|-heal|p1a: Alomomola|58/100|[from] move: Wish|[wisher] Alomomola
|upkeep
|turn|8
|
|t:|1757910445
|switch|p1a: Gliscor|Gliscor, M|100/100 tox
|-damage|p1a: Gliscor|88/100 tox|[from] Stealth Rock
|move|p2a: Gardevoir|Trick|p1a: Gliscor
|-activate|p2a: Gardevoir|move: Trick|[of] p1a: Gliscor
|-item|p1a: Gliscor|Choice Scarf|[from] move: Trick
|-item|p2a: Gardevoir|Toxic Orb|[from] move: Trick
|
|-heal|p1a: Gliscor|100/100 tox|[from] ability: Poison Heal
|-status|p2a: Gardevoir|tox|[from] item: Toxic Orb
|upkeep
|turn|9
|
|t:|1757910457
|switch|p2a: Rotom|Rotom-Wash|99/100
|move|p1a: Gliscor|Spikes|p2a: Rotom
|-sidestart|p2: KnockOffx2|Spikes
|
|-heal|p2a: Rotom|100/100|[from] item: Leftovers
|upkeep
|turn|10
|
|t:|1757910466
|switch|p1a: Toxapex|Toxapex, F|96/100
|move|p2a: Rotom|Hydro Pump|p1a: Toxapex
|-resisted|p1a: Toxapex
|-damage|p1a: Toxapex|78/100
|
|upkeep
|turn|11
|
|t:|1757910472
|switch|p1a: Gliscor|Gliscor, M|100/100 tox
|-damage|p1a: Gliscor|88/100 tox|[from] Stealth Rock
|move|p2a: Rotom|Volt Switch|p1a: Gliscor
|-immune|p1a: Gliscor
|
|-heal|p1a: Gliscor|100/100 tox|[from] ability: Poison Heal
|upkeep
|turn|12
|
|t:|1757910482
|switch|p2a: Gardevoir|Gardevoir, F|100/100 tox
|-damage|p2a: Gardevoir|88/100 tox|[from] Spikes
|-ability|p2a: Gardevoir|Poison Heal|Trace|[from] ability: Trace|[of] p1a: Gliscor
|move|p1a: Gliscor|Protect||[still]
|-fail|p1a: Gliscor
|
|-heal|p2a: Gardevoir|100/100 tox|[from] ability: Poison Heal
|upkeep
|turn|13
|
|t:|1757910490
|move|p1a: Gliscor|Protect|p1a: Gliscor
|-singleturn|p1a: Gliscor|Protect
|move|p2a: Gardevoir|Moonblast|p1a: Gliscor
|-activate|p1a: Gliscor|move: Protect
|
|upkeep
|turn|14
|
|t:|1757910503
|switch|p1a: Clodsire|Clodsire, F|100/100
|switch|p2a: Crawdaunt|Crawdaunt, F|65/100 tox
|-damage|p2a: Crawdaunt|52/100 tox|[from] Spikes
|
|-damage|p2a: Crawdaunt|46/100 tox|[from] psn
|upkeep
|turn|15
|
|t:|1757910519
|switch|p1a: Alomomola|Alomomola, F|91/100
|-damage|p1a: Alomomola|79/100|[from] Stealth Rock
|move|p2a: Crawdaunt|Knock Off|p1a: Alomomola
|-damage|p1a: Alomomola|43/100
|
|-damage|p2a: Crawdaunt|34/100 tox|[from] psn
|upkeep
|turn|16
|
|t:|1757910525
|switch|p2a: Gardevoir|Gardevoir, F|100/100 tox
|-damage|p2a: Gardevoir|88/100 tox|[from] Spikes
|-ability|p2a: Gardevoir|Regenerator|Trace|[from] ability: Trace|[of] p1a: Alomomola
|switch|p1a: Gliscor|Gliscor, M|100/100 tox
|-damage|p1a: Gliscor|88/100 tox|[from] Stealth Rock
|
|-heal|p1a: Gliscor|100/100 tox|[from] ability: Poison Heal
|-damage|p2a: Gardevoir|82/100 tox|[from] psn
|upkeep
|turn|17
|
|t:|1757910537
|move|p1a: Gliscor|Knock Off|p2a: Gardevoir
|-damage|p2a: Gardevoir|47/100 tox
|-enditem|p2a: Gardevoir|Toxic Orb|[from] move: Knock Off|[of] p1a: Gliscor
|move|p2a: Gardevoir|Moonblast|p1a: Gliscor
|-damage|p1a: Gliscor|60/100 tox
|
|-heal|p1a: Gliscor|72/100 tox|[from] ability: Poison Heal
|-damage|p2a: Gardevoir|35/100 tox|[from] psn
|upkeep
|turn|18
|
|t:|1757910543
|move|p1a: Gliscor|Knock Off|p2a: Gardevoir
|-damage|p2a: Gardevoir|9/100 tox
|move|p2a: Gardevoir|Healing Wish|p2a: Gardevoir
|faint|p2a: Gardevoir
|
|-heal|p1a: Gliscor|85/100 tox|[from] ability: Poison Heal
|upkeep
|-message|KnockOffx2 forfeited.
|
|win|randombananaYAY
|raw|randombananaYAY's rating: 1637 &rarr; <strong>1656</strong><br />(+19 for winning)
|raw|KnockOffx2's rating: 1619 &rarr; <strong>1600</strong><br />(-19 for losing)
|l|☆KnockOffx2
|player|p2|
