|j|☆Niclsz
|j|☆spamminq
|t:|1757838660
|gametype|singles
|player|p1|Niclsz|266|1191
|player|p2|spamminq|shadowtriad|1132
|gen|9
|tier|[Gen 9] OU
|rated|
|rule|HP Percentage Mod: HP is shown in percentages
|rule|Endless Battle Clause: Forcing endless battles is banned
|rule|Species Clause: Limit one of each Pokémon
|rule|OHKO Clause: OHKO moves are banned
|rule|Evasion Items Clause: Evasion items are banned
|rule|Evasion Moves Clause: Evasion moves are banned
|rule|Evasion Abilities Clause: Evasion abilities are banned
|rule|Sleep Moves Clause: Sleep-inducing moves are banned
|clearpoke
|poke|p1|Amoonguss, M|
|poke|p1|Gholdengo|
|poke|p1|Incineroar, M|
|poke|p1|Kingambit, F|
|poke|p1|Weezing-Galar, M|
|poke|p1|Ditto|
|poke|p2|Landorus-Therian, M|
|poke|p2|Darkrai|
|poke|p2|Kingambit, M|
|poke|p2|Cinderace, F|
|poke|p2|Zapdos|
|poke|p2|Samurott-Hisui, F|
|teampreview
|inactive|Battle timer is ON: inactive players will automatically lose when time's up. (requested by Niclsz)
|
|t:|1757838666
|teamsize|p1|6
|teamsize|p2|6
|start
|switch|p1a: Ditto|Ditto|100/100
|switch|p2a: Zapdos|Zapdos|100/100
|-transform|p1a: Ditto|p2a: Zapdos|[from] ability: Imposter
|turn|1
|
|t:|1757838675
|move|p1a: Ditto|Volt Switch|p2a: Zapdos
|-damage|p2a: Zapdos|74/100
|
|t:|1757838684
|switch|p1a: Gholdengo|Gholdengo|100/100|[from] Volt Switch
|move|p2a: Zapdos|Volt Switch|p1a: Gholdengo
|-damage|p1a: Gholdengo|70/100
|
|t:|1757838689
|switch|p2a: Samurott|Samurott-Hisui, F, shiny|100/100|[from] Volt Switch
|
|upkeep
|turn|2
|
|t:|1757838697
|switch|p1a: Weezing|Weezing-Galar, M|100/100
|-ability|p1a: Weezing|Neutralizing Gas
|move|p2a: Samurott|Knock Off|p1a: Weezing
|-resisted|p1a: Weezing
|-damage|p1a: Weezing|78/100
|-enditem|p1a: Weezing|Leftovers|[from] move: Knock Off|[of] p2a: Samurott
|
|upkeep
|turn|3
|
|t:|1757838706
|switch|p2a: Cinderace|Cinderace, F|100/100
|move|p1a: Weezing|Toxic|p2a: Cinderace
|-status|p2a: Cinderace|tox
|
|-damage|p2a: Cinderace|95/100 tox|[from] psn
|upkeep
|turn|4
|
|t:|1757838717
|move|p2a: Cinderace|U-turn|p1a: Weezing
|-resisted|p1a: Weezing
|-damage|p1a: Weezing|73/100
|
|t:|1757838724
|switch|p2a: Landorus|Landorus-Therian, M|100/100|[from] U-turn
|move|p1a: Weezing|Dazzling Gleam|p2a: Landorus
|-damage|p2a: Landorus|70/100
|
|upkeep
|turn|5
|
|t:|1757838733
|-end|p1a: Weezing|ability: Neutralizing Gas
|-ability|p2a: Landorus|Intimidate|boost
|-unboost|p1a: Weezing|atk|1
|switch|p1a: Amoonguss|Amoonguss, M|100/100
|move|p2a: Landorus|U-turn|p1a: Amoonguss
|-damage|p1a: Amoonguss|72/100
|
|t:|1757838745
|switch|p2a: Zapdos|Zapdos|74/100|[from] U-turn
|
|-heal|p1a: Amoonguss|78/100|[from] item: Leftovers
|upkeep
|turn|6
|
|t:|1757838752
|move|p2a: Zapdos|Hurricane|p1a: Amoonguss
|-supereffective|p1a: Amoonguss
|-crit|p1a: Amoonguss
|-damage|p1a: Amoonguss|0 fnt
|faint|p1a: Amoonguss
|
|upkeep
|
|t:|1757838758
|switch|p1a: Weezing|Weezing-Galar, M|73/100
|-ability|p1a: Weezing|Neutralizing Gas
|turn|7
|
|t:|1757838761
|move|p2a: Zapdos|Volt Switch|p1a: Weezing
|-damage|p1a: Weezing|35/100
|
|t:|1757838765
|switch|p2a: Kingambit|Kingambit, M|100/100|[from] Volt Switch
|move|p1a: Weezing|Toxic|p2a: Kingambit
|-immune|p2a: Kingambit
|
|upkeep
|turn|8
|
|t:|1757838774
|-end|p2a: Kingambit|fallenundefined|[silent]
|switch|p2a: Cinderace|Cinderace, F|95/100 tox
|move|p1a: Weezing|Dazzling Gleam|p2a: Cinderace
|-resisted|p2a: Cinderace
|-damage|p2a: Cinderace|77/100 tox
|
|-damage|p2a: Cinderace|71/100 tox|[from] psn
|upkeep
|turn|9
|
|t:|1757838781
|move|p2a: Cinderace|Pyro Ball|p1a: Weezing
|-crit|p1a: Weezing
|-damage|p1a: Weezing|0 fnt
|faint|p1a: Weezing
|-end|p1a: Weezing|ability: Neutralizing Gas
|
|-damage|p2a: Cinderace|59/100 tox|[from] psn
|upkeep
|
|t:|1757838786
|switch|p1a: Incineroar|Incineroar, M|100/100
|-ability|p1a: Incineroar|Intimidate|boost
|-unboost|p2a: Cinderace|atk|1
|turn|10
|
|t:|1757838791
|move|p2a: Cinderace|U-turn|p1a: Incineroar
|-start|p2a: Cinderace|typechange|Bug|[from] ability: Libero
|-damage|p1a: Incineroar|80/100
|
|t:|1757838793
|switch|p2a: Landorus|Landorus-Therian, M|70/100|[from] U-turn
|-ability|p2a: Landorus|Intimidate|boost
|-unboost|p1a: Incineroar|atk|1
|move|p1a: Incineroar|Darkest Lariat|p2a: Landorus
|-damage|p2a: Landorus|32/100
|-damage|p1a: Incineroar|63/100|[from] item: Rocky Helmet|[of] p2a: Landorus
|
|upkeep
|turn|11
|
|t:|1757838802
|switch|p1a: Ditto|Ditto|100/100
|-transform|p1a: Ditto|p2a: Landorus|[from] ability: Imposter
|-ability|p1a: Ditto|Intimidate|boost
|-unboost|p2a: Landorus|atk|1
|move|p2a: Landorus|U-turn|p1a: Ditto
|-resisted|p1a: Ditto
|-damage|p1a: Ditto|90/100
|
|t:|1757838812
|switch|p2a: Cinderace|Cinderace, F|59/100 tox|[from] U-turn
|
|-damage|p2a: Cinderace|53/100 tox|[from] psn
|upkeep
|turn|12
|
|t:|1757838822
|switch|p1a: Incineroar|Incineroar, M|63/100
|-ability|p1a: Incineroar|Intimidate|boost
|-unboost|p2a: Cinderace|atk|1
|switch|p2a: Landorus|Landorus-Therian, M|32/100
|-ability|p2a: Landorus|Intimidate|boost
|-unboost|p1a: Incineroar|atk|1
|
|upkeep
|turn|13
|
|t:|1757838832
|move|p2a: Landorus|Stealth Rock|p1a: Incineroar
|-sidestart|p1: Niclsz|move: Stealth Rock
|move|p1a: Incineroar|Darkest Lariat|p2a: Landorus
|-damage|p2a: Landorus|0 fnt
|-damage|p1a: Incineroar|47/100|[from] item: Rocky Helmet|[of] p2a: Landorus
|faint|p2a: Landorus
|
|upkeep
|
|t:|1757838836
|switch|p2a: Samurott|Samurott-Hisui, F, shiny|100/100
|turn|14
|
|t:|1757838842
|switch|p1a: Kingambit|Kingambit, F|100/100
|-damage|p1a: Kingambit|94/100|[from] Stealth Rock
|-activate|p1a: Kingambit|ability: Supreme Overlord
|-start|p1a: Kingambit|fallen2|[silent]
|move|p2a: Samurott|Ceaseless Edge|p1a: Kingambit
|-resisted|p1a: Kingambit
|-damage|p1a: Kingambit|76/100
|-sidestart|p1: Niclsz|Spikes
|
|upkeep
|turn|15
|
|t:|1757838852
|move|p2a: Samurott|Razor Shell|p1a: Kingambit
|-damage|p1a: Kingambit|27/100
|move|p1a: Kingambit|Iron Head|p2a: Samurott
|-resisted|p2a: Samurott
|-damage|p2a: Samurott|56/100
|
|upkeep
|turn|16
|
|t:|1757838857
|-end|p1a: Kingambit|fallen2|[silent]
|switch|p1a: Incineroar|Incineroar, M|47/100
|-damage|p1a: Incineroar|22/100|[from] Stealth Rock
|-damage|p1a: Incineroar|10/100|[from] Spikes
|-ability|p1a: Incineroar|Intimidate|boost
|-unboost|p2a: Samurott|atk|1
|move|p2a: Samurott|Ceaseless Edge|p1a: Incineroar
|-resisted|p1a: Incineroar
|-damage|p1a: Incineroar|0 fnt
|-sidestart|p1: Niclsz|Spikes
|faint|p1a: Incineroar
|
|upkeep
|
|t:|1757838869
|switch|p1a: Kingambit|Kingambit, F|27/100
|-damage|p1a: Kingambit|20/100|[from] Stealth Rock
|-damage|p1a: Kingambit|4/100|[from] Spikes
|-activate|p1a: Kingambit|ability: Supreme Overlord
|-start|p1a: Kingambit|fallen3|[silent]
|turn|17
|
|t:|1757838873
|move|p1a: Kingambit|Sucker Punch|p2a: Samurott
|-resisted|p2a: Samurott
|-damage|p2a: Samurott|9/100
|move|p2a: Samurott|Ceaseless Edge|p1a: Kingambit|[miss]
|-miss|p2a: Samurott|p1a: Kingambit
|
|upkeep
|turn|18
|
|t:|1757838876
|move|p2a: Samurott|Sucker Punch|p1a: Kingambit
|-resisted|p1a: Kingambit
|-damage|p1a: Kingambit|0 fnt
|faint|p1a: Kingambit
|-end|p1a: Kingambit|fallen3|[silent]
|
|upkeep
|
|t:|1757838882
|switch|p1a: Gholdengo|Gholdengo|70/100
|-damage|p1a: Gholdengo|64/100|[from] Stealth Rock
|-damage|p1a: Gholdengo|48/100|[from] Spikes
|turn|19
|
|t:|1757838885
|move|p2a: Samurott|Ceaseless Edge|p1a: Gholdengo
|-supereffective|p1a: Gholdengo
|-damage|p1a: Gholdengo|0 fnt
|-sidestart|p1: Niclsz|Spikes
|faint|p1a: Gholdengo
|
|upkeep
|-message|Niclsz forfeited.
|
|win|spamminq
|raw|Niclsz's rating: 1191 &rarr; <strong>1162</strong><br />(-29 for losing)
|raw|spamminq's rating: 1132 &rarr; <strong>1161</strong><br />(+29 for winning)
|l|☆Niclsz
|player|p1|
|l|☆spamminq
|player|p2|
