|j|☆nbusuis
|j|☆guerrero105
|t:|1757822911
|gametype|singles
|player|p1|nbusuis|preschoolerf|1332
|player|p2|guerrero105|170|1334
|gen|9
|tier|[Gen 9] OU
|rated|
|rule|HP Percentage Mod: HP is shown in percentages
|rule|Endless Battle Clause: Forcing endless battles is banned
|rule|Species Clause: Limit one of each Pokémon
|rule|OHKO Clause: OHKO moves are banned
|rule|Evasion Items Clause: Evasion items are banned
|rule|Evasion Moves Clause: Evasion moves are banned
|rule|Evasion Abilities Clause: Evasion abilities are banned
|rule|Sleep Moves Clause: Sleep-inducing moves are banned
|clearpoke
|poke|p1|Weavile, F|
|poke|p1|Iron Valiant|
|poke|p1|Landorus-Therian, M|
|poke|p1|Alomomola, F|
|poke|p1|Hydrapple, M|
|poke|p1|Cinderace, F|
|poke|p2|Clodsire, M|
|poke|p2|Mandibuzz, F|
|poke|p2|Sinistcha-Masterpiece|
|poke|p2|Cinderace, M|
|poke|p2|Tauros-Paldea-Aqua, M|
|poke|p2|Tinkaton, F|
|teampreview
|inactive|Battle timer is ON: inactive players will automatically lose when time's up. (requested by nbusuis)
|
|t:|1757822957
|teamsize|p1|6
|teamsize|p2|6
|start
|switch|p1a: Cinderace|Cinderace, F|100/100
|switch|p2a: Cinderace|Cinderace, M|100/100
|turn|1
|
|t:|1757822966
|move|p2a: Cinderace|Pyro Ball|p1a: Cinderace
|-resisted|p1a: Cinderace
|-damage|p1a: Cinderace|67/100
|move|p1a: Cinderace|U-turn|p2a: Cinderace
|-resisted|p2a: Cinderace
|-damage|p2a: Cinderace|87/100
|
|t:|1757822973
|switch|p1a: Landorus|Landorus-Therian, M|100/100|[from] U-turn
|-ability|p1a: Landorus|Intimidate|boost
|-unboost|p2a: Cinderace|atk|1
|
|upkeep
|turn|2
|
|t:|1757822991
|switch|p2a: Mandibuzz|Mandibuzz, F|100/100
|move|p1a: Landorus|Substitute|p1a: Landorus
|-start|p1a: Landorus|Substitute
|-damage|p1a: Landorus|76/100
|
|-heal|p1a: Landorus|82/100|[from] item: Leftovers
|upkeep
|turn|3
|
|t:|1757822997
|move|p1a: Landorus|Smack Down|p2a: Mandibuzz
|-supereffective|p2a: Mandibuzz
|-damage|p2a: Mandibuzz|78/100
|-start|p2a: Mandibuzz|Smack Down
|move|p2a: Mandibuzz|Foul Play|p1a: Landorus
|-end|p1a: Landorus|Substitute
|
|-heal|p1a: Landorus|88/100|[from] item: Leftovers
|upkeep
|turn|4
|inactive|nbusuis has 120 seconds left.
|
|t:|1757823027
|switch|p1a: Iron Valiant|Iron Valiant|100/100
|switch|p2a: Tauros|Tauros-Paldea-Aqua, M|100/100
|-ability|p2a: Tauros|Intimidate|boost
|-unboost|p1a: Iron Valiant|atk|1
|
|upkeep
|turn|5
|inactive|nbusuis has 120 seconds left.
|
|t:|1757823049
|switch|p2a: Clodsire|Clodsire, M|100/100
|move|p1a: Iron Valiant|Moonblast|p2a: Clodsire
|-resisted|p2a: Clodsire
|-damage|p2a: Clodsire|81/100
|
|-heal|p2a: Clodsire|87/100|[from] item: Leftovers
|upkeep
|turn|6
|
|t:|1757823078
|-end|p1a: Iron Valiant|Quark Drive|[silent]
|switch|p1a: Alomomola|Alomomola, F|100/100
|move|p2a: Clodsire|Toxic|p1a: Alomomola
|-status|p1a: Alomomola|tox
|
|-heal|p2a: Clodsire|94/100|[from] item: Leftovers
|-damage|p1a: Alomomola|94/100 tox|[from] psn
|upkeep
|turn|7
|
|t:|1757823087
|move|p1a: Alomomola|Flip Turn|p2a: Clodsire
|-supereffective|p2a: Clodsire
|-damage|p2a: Clodsire|59/100
|inactive|nbusuis has 90 seconds left.
|
|t:|1757823105
|switch|p1a: Weavile|Weavile, F|100/100|[from] Flip Turn
|-ability|p1a: Weavile|Pressure
|move|p2a: Clodsire|Toxic|p1a: Weavile
|-status|p1a: Weavile|tox
|
|-heal|p2a: Clodsire|65/100|[from] item: Leftovers
|-damage|p1a: Weavile|94/100 tox|[from] psn
|upkeep
|turn|8
|
|t:|1757823113
|switch|p2a: Tauros|Tauros-Paldea-Aqua, M|100/100
|-ability|p2a: Tauros|Intimidate|boost
|-unboost|p1a: Weavile|atk|1
|move|p1a: Weavile|Knock Off|p2a: Tauros
|-resisted|p2a: Tauros
|-crit|p2a: Tauros
|-damage|p2a: Tauros|68/100
|-enditem|p2a: Tauros|Leftovers|[from] move: Knock Off|[of] p1a: Weavile
|
|-damage|p1a: Weavile|82/100 tox|[from] psn
|upkeep
|turn|9
|
|t:|1757823124
|switch|p1a: Hydrapple|Hydrapple, M|100/100
|move|p2a: Tauros|Bulk Up|p2a: Tauros
|-boost|p2a: Tauros|atk|1
|-boost|p2a: Tauros|def|1
|
|upkeep
|turn|10
|inactive|nbusuis has 90 seconds left.
|
|t:|1757823147
|switch|p2a: Clodsire|Clodsire, M|65/100
|move|p1a: Hydrapple|Giga Drain|p2a: Clodsire
|-damage|p2a: Clodsire|44/100
|
|-heal|p2a: Clodsire|50/100|[from] item: Leftovers
|upkeep
|turn|11
|inactive|nbusuis has 90 seconds left.
|
|t:|1757823159
|switch|p1a: Weavile|Weavile, F|82/100 tox
|-ability|p1a: Weavile|Pressure
|move|p2a: Clodsire|Recover|p2a: Clodsire
|-heal|p2a: Clodsire|99/100
|
|-heal|p2a: Clodsire|100/100|[from] item: Leftovers
|-damage|p1a: Weavile|76/100 tox|[from] psn
|upkeep
|turn|12
|inactive|nbusuis has 90 seconds left.
|
|t:|1757823172
|switch|p1a: Alomomola|Alomomola, F|100/100 tox
|switch|p2a: Tauros|Tauros-Paldea-Aqua, M|68/100
|-ability|p2a: Tauros|Intimidate|boost
|-unboost|p1a: Alomomola|atk|1
|
|-damage|p1a: Alomomola|94/100 tox|[from] psn
|upkeep
|turn|13
|
|t:|1757823183
|switch|p2a: Sinistcha|Sinistcha-Masterpiece|100/100
|move|p1a: Alomomola|Flip Turn|p2a: Sinistcha
|-resisted|p2a: Sinistcha
|-damage|p2a: Sinistcha|95/100
|inactive|nbusuis has 90 seconds left.
|
|t:|1757823202
|switch|p1a: Iron Valiant|Iron Valiant|100/100|[from] Flip Turn
|
|-heal|p2a: Sinistcha|100/100|[from] item: Leftovers
|upkeep
|turn|14
|inactive|nbusuis has 90 seconds left.
|
|t:|1757823217
|switch|p2a: Clodsire|Clodsire, M|100/100
|move|p1a: Iron Valiant|Shadow Ball|p2a: Clodsire
|-damage|p2a: Clodsire|80/100
|
|-heal|p2a: Clodsire|87/100|[from] item: Leftovers
|upkeep
|turn|15
|
|t:|1757823225
|-end|p1a: Iron Valiant|Quark Drive|[silent]
|switch|p1a: Alomomola|Alomomola, F|100/100 tox
|move|p2a: Clodsire|Stealth Rock|p1a: Alomomola
|-sidestart|p1: nbusuis|move: Stealth Rock
|
|-heal|p2a: Clodsire|93/100|[from] item: Leftovers
|-damage|p1a: Alomomola|94/100 tox|[from] psn
|upkeep
|turn|16
|inactive|nbusuis has 90 seconds left.
|
|t:|1757823231
|move|p1a: Alomomola|Flip Turn|p2a: Clodsire
|-supereffective|p2a: Clodsire
|-damage|p2a: Clodsire|56/100
|inactive|nbusuis has 90 seconds left.
|
|t:|1757823265
|switch|p1a: Cinderace|Cinderace, F|67/100|[from] Flip Turn
|move|p2a: Clodsire|Earthquake|p1a: Cinderace
|-supereffective|p1a: Cinderace
|-damage|p1a: Cinderace|7/100
|
|-heal|p2a: Clodsire|63/100|[from] item: Leftovers
|upkeep
|turn|17
|
|t:|1757823274
|switch|p2a: Cinderace|Cinderace, M|87/100
|move|p1a: Cinderace|Court Change|p1a: Cinderace
|-swapsideconditions
|-activate|p1a: Cinderace|move: Court Change
|
|upkeep
|turn|18
|
|t:|1757823282
|switch|p1a: Landorus|Landorus-Therian, M|88/100
|-ability|p1a: Landorus|Intimidate|boost
|-unboost|p2a: Cinderace|atk|1
|move|p2a: Cinderace|Court Change|p2a: Cinderace
|-start|p2a: Cinderace|typechange|Normal|[from] ability: Libero
|-swapsideconditions
|-activate|p2a: Cinderace|move: Court Change
|
|-heal|p1a: Landorus|94/100|[from] item: Leftovers
|upkeep
|turn|19
|
|t:|1757823307
|switch|p2a: Mandibuzz|Mandibuzz, F|78/100
|switch|p1a: Iron Valiant|Iron Valiant|100/100
|-damage|p1a: Iron Valiant|94/100|[from] Stealth Rock
|
|upkeep
|turn|20
|inactive|nbusuis has 60 seconds left.
|
|t:|1757823345
|-end|p1a: Iron Valiant|Quark Drive|[silent]
|switch|p1a: Alomomola|Alomomola, F|100/100 tox
|-damage|p1a: Alomomola|88/100 tox|[from] Stealth Rock
|switch|p2a: Clodsire|Clodsire, M|63/100
|
|-heal|p2a: Clodsire|69/100|[from] item: Leftovers
|-damage|p1a: Alomomola|82/100 tox|[from] psn
|upkeep
|turn|21
|
|t:|1757823359
|move|p1a: Alomomola|Flip Turn|p2a: Clodsire
|-supereffective|p2a: Clodsire
|-damage|p2a: Clodsire|35/100
|
|t:|1757823371
|switch|p1a: Weavile|Weavile, F|76/100 tox|[from] Flip Turn
|-damage|p1a: Weavile|51/100 tox|[from] Stealth Rock
|-ability|p1a: Weavile|Pressure
|move|p2a: Clodsire|Recover|p2a: Clodsire
|-heal|p2a: Clodsire|85/100
|
|-heal|p2a: Clodsire|91/100|[from] item: Leftovers
|-damage|p1a: Weavile|45/100 tox|[from] psn
|upkeep
|turn|22
|inactive|nbusuis has 30 seconds left.
|inactive|nbusuis has 20 seconds left.
|
|t:|1757823403
|switch|p2a: Tauros|Tauros-Paldea-Aqua, M|68/100
|-ability|p2a: Tauros|Intimidate|boost
|-unboost|p1a: Weavile|atk|1
|move|p1a: Weavile|Icicle Crash|p2a: Tauros
|-resisted|p2a: Tauros
|-damage|p2a: Tauros|55/100
|
|-damage|p1a: Weavile|33/100 tox|[from] psn
|upkeep
|turn|23
|inactive|nbusuis has 30 seconds left this turn.
|inactive|nbusuis has 20 seconds left.
|inactive|nbusuis has 15 seconds left.
|
|t:|1757823420
|switch|p1a: Alomomola|Alomomola, F|100/100 tox
|-damage|p1a: Alomomola|88/100 tox|[from] Stealth Rock
|move|p2a: Tauros|Bulk Up|p2a: Tauros
|-boost|p2a: Tauros|atk|1
|-boost|p2a: Tauros|def|1
|
|-damage|p1a: Alomomola|82/100 tox|[from] psn
|upkeep
|turn|24
|inactive|nbusuis has 25 seconds left this turn.
|inactive|nbusuis has 20 seconds left.
|
|t:|1757823429
|move|p2a: Tauros|Trailblaze|p1a: Alomomola
|-supereffective|p1a: Alomomola
|-damage|p1a: Alomomola|50/100 tox
|-boost|p2a: Tauros|spe|1
|move|p1a: Alomomola|Flip Turn|p2a: Tauros
|-resisted|p2a: Tauros
|-damage|p2a: Tauros|50/100
|inactive|nbusuis has 25 seconds left this turn.
|inactive|nbusuis has 20 seconds left.
|
|t:|1757823439
|switch|p1a: Hydrapple|Hydrapple, M|100/100|[from] Flip Turn
|
|upkeep
|turn|25
|inactive|nbusuis has 30 seconds left this turn.
|inactive|nbusuis has 20 seconds left.
|inactive|nbusuis has 15 seconds left.
|
|t:|1757823458
|switch|p2a: Clodsire|Clodsire, M|91/100
|move|p1a: Hydrapple|Fickle Beam|p2a: Clodsire|[anim] Fickle Beam All Out
|-activate|p1a: Hydrapple|move: Fickle Beam
|-damage|p2a: Clodsire|49/100
|
|-heal|p2a: Clodsire|55/100|[from] item: Leftovers
|upkeep
|turn|26
|inactive|nbusuis has 25 seconds left this turn.
|inactive|nbusuis has 20 seconds left.
|inactive|nbusuis has 15 seconds left.
|
|t:|1757823470
|move|p1a: Hydrapple|Nasty Plot|p1a: Hydrapple
|-boost|p1a: Hydrapple|spa|2
|move|p2a: Clodsire|Recover|p2a: Clodsire
|-heal|p2a: Clodsire|100/100
|
|upkeep
|turn|27
|inactive|nbusuis has 25 seconds left this turn.
|inactive|nbusuis has 20 seconds left.
|inactive|nbusuis has 15 seconds left.
|
|t:|1757823483
|move|p1a: Hydrapple|Earth Power|p2a: Clodsire
|-supereffective|p2a: Clodsire
|-damage|p2a: Clodsire|67/100
|move|p2a: Clodsire|Toxic|p1a: Hydrapple
|-status|p1a: Hydrapple|tox
|
|-heal|p2a: Clodsire|73/100|[from] item: Leftovers
|-damage|p1a: Hydrapple|94/100 tox|[from] psn
|upkeep
|turn|28
|inactive|nbusuis has 25 seconds left this turn.
|inactive|nbusuis has 20 seconds left.
|
|t:|1757823492
|switch|p2a: Tinkaton|Tinkaton, F|100/100
|-ability|p2a: Tinkaton|Mold Breaker
|-item|p2a: Tinkaton|Air Balloon
|move|p1a: Hydrapple|Earth Power|p2a: Tinkaton
|-immune|p2a: Tinkaton
|
|-damage|p1a: Hydrapple|82/100 tox|[from] psn
|upkeep
|turn|29
|inactive|nbusuis has 30 seconds left this turn.
|
|t:|1757823500
|switch|p1a: Alomomola|Alomomola, F|84/100 tox
|-damage|p1a: Alomomola|71/100 tox|[from] Stealth Rock
|move|p2a: Tinkaton|Encore||[still]
|-fail|p2a: Tinkaton
|
|-damage|p1a: Alomomola|65/100 tox|[from] psn
|upkeep
|turn|30
|inactive|nbusuis has 30 seconds left.
|
|t:|1757823506
|switch|p2a: Sinistcha|Sinistcha-Masterpiece|100/100
|move|p1a: Alomomola|Flip Turn|p2a: Sinistcha
|-resisted|p2a: Sinistcha
|-damage|p2a: Sinistcha|91/100
|inactive|nbusuis has 30 seconds left.
|
|t:|1757823512
|switch|p1a: Iron Valiant|Iron Valiant|94/100|[from] Flip Turn
|-damage|p1a: Iron Valiant|88/100|[from] Stealth Rock
|
|-heal|p2a: Sinistcha|97/100|[from] item: Leftovers
|upkeep
|turn|31
|
|t:|1757823521
|switch|p2a: Clodsire|Clodsire, M|73/100
|move|p1a: Iron Valiant|Shadow Ball|p2a: Clodsire
|-damage|p2a: Clodsire|54/100
|
|-heal|p2a: Clodsire|60/100|[from] item: Leftovers
|upkeep
|turn|32
|
|t:|1757823528
|-end|p1a: Iron Valiant|Quark Drive|[silent]
|switch|p1a: Hydrapple|Hydrapple, M|100/100 tox
|move|p2a: Clodsire|Recover|p2a: Clodsire
|-heal|p2a: Clodsire|100/100
|
|-damage|p1a: Hydrapple|94/100 tox|[from] psn
|upkeep
|turn|33
|
|t:|1757823534
|switch|p2a: Cinderace|Cinderace, M|87/100
|move|p1a: Hydrapple|Nasty Plot|p1a: Hydrapple
|-boost|p1a: Hydrapple|spa|2
|
|-damage|p1a: Hydrapple|82/100 tox|[from] psn
|upkeep
|turn|34
|
|t:|1757823539
|move|p2a: Cinderace|U-turn|p1a: Hydrapple
|-start|p2a: Cinderace|typechange|Bug|[from] ability: Libero
|-supereffective|p1a: Hydrapple
|-damage|p1a: Hydrapple|31/100 tox
|
|t:|1757823545
|switch|p2a: Sinistcha|Sinistcha-Masterpiece|97/100|[from] U-turn
|move|p1a: Hydrapple|Fickle Beam|p2a: Sinistcha
|-damage|p2a: Sinistcha|0 fnt
|faint|p2a: Sinistcha
|
|-damage|p1a: Hydrapple|13/100 tox|[from] psn
|upkeep
|
|t:|1757823566
|switch|p2a: Tauros|Tauros-Paldea-Aqua, M|50/100
|-ability|p2a: Tauros|Intimidate|boost
|-unboost|p1a: Hydrapple|atk|1
|turn|35
|
|t:|1757823575
|switch|p1a: Alomomola|Alomomola, F|99/100 tox
|-damage|p1a: Alomomola|86/100 tox|[from] Stealth Rock
|move|p2a: Tauros|Body Press|p1a: Alomomola
|-damage|p1a: Alomomola|65/100 tox
|
|-damage|p1a: Alomomola|59/100 tox|[from] psn
|upkeep
|turn|36
|
|t:|1757823588
|move|p2a: Tauros|Bulk Up|p2a: Tauros
|-boost|p2a: Tauros|atk|1
|-boost|p2a: Tauros|def|1
|move|p1a: Alomomola|Flip Turn|p2a: Tauros
|-resisted|p2a: Tauros
|-damage|p2a: Tauros|44/100
|
|t:|1757823596
|switch|p1a: Iron Valiant|Iron Valiant|88/100|[from] Flip Turn
|-damage|p1a: Iron Valiant|82/100|[from] Stealth Rock
|
|upkeep
|turn|37
|
|t:|1757823608
|-end|p1a: Iron Valiant|Quark Drive|[silent]
|switch|p1a: Landorus|Landorus-Therian, M|94/100
|-damage|p1a: Landorus|81/100|[from] Stealth Rock
|-ability|p1a: Landorus|Intimidate|boost
|-unboost|p2a: Tauros|atk|1
|switch|p2a: Clodsire|Clodsire, M|100/100
|
|-heal|p1a: Landorus|87/100|[from] item: Leftovers
|upkeep
|turn|38
|
|t:|1757823617
|switch|p2a: Mandibuzz|Mandibuzz, F|78/100
|move|p1a: Landorus|Substitute|p1a: Landorus
|-start|p1a: Landorus|Substitute
|-damage|p1a: Landorus|63/100
|
|-heal|p1a: Landorus|69/100|[from] item: Leftovers
|upkeep
|turn|39
|
|t:|1757823623
|move|p1a: Landorus|Smack Down|p2a: Mandibuzz
|-supereffective|p2a: Mandibuzz
|-damage|p2a: Mandibuzz|57/100
|-start|p2a: Mandibuzz|Smack Down
|move|p2a: Mandibuzz|Foul Play|p1a: Landorus
|-end|p1a: Landorus|Substitute
|
|-heal|p1a: Landorus|74/100|[from] item: Leftovers
|upkeep
|turn|40
|inactive|nbusuis has 90 seconds left.
|
|t:|1757823647
|switch|p1a: Alomomola|Alomomola, F|92/100 tox
|-damage|p1a: Alomomola|80/100 tox|[from] Stealth Rock
|move|p2a: Mandibuzz|Foul Play|p1a: Alomomola
|-damage|p1a: Alomomola|60/100 tox
|
|-damage|p1a: Alomomola|54/100 tox|[from] psn
|upkeep
|turn|41
|
|t:|1757823659
|move|p2a: Mandibuzz|Foul Play|p1a: Alomomola
|-damage|p1a: Alomomola|33/100 tox
|move|p1a: Alomomola|Flip Turn|p2a: Mandibuzz
|-damage|p2a: Mandibuzz|47/100
|
|t:|1757823671
|switch|p1a: Iron Valiant|Iron Valiant|82/100|[from] Flip Turn
|-damage|p1a: Iron Valiant|76/100|[from] Stealth Rock
|
|upkeep
|turn|42
|
|t:|1757823686
|switch|p2a: Clodsire|Clodsire, M|100/100
|move|p1a: Iron Valiant|Moonblast|p2a: Clodsire
|-resisted|p2a: Clodsire
|-damage|p2a: Clodsire|83/100
|
|-heal|p2a: Clodsire|89/100|[from] item: Leftovers
|upkeep
|turn|43
|
|t:|1757823696
|-end|p1a: Iron Valiant|Quark Drive|[silent]
|switch|p1a: Landorus|Landorus-Therian, M|74/100
|-damage|p1a: Landorus|62/100|[from] Stealth Rock
|-ability|p1a: Landorus|Intimidate|boost
|-unboost|p2a: Clodsire|atk|1
|move|p2a: Clodsire|Toxic|p1a: Landorus
|-status|p1a: Landorus|tox
|
|-heal|p1a: Landorus|68/100 tox|[from] item: Leftovers
|-heal|p2a: Clodsire|95/100|[from] item: Leftovers
|-damage|p1a: Landorus|62/100 tox|[from] psn
|upkeep
|turn|44
|inactive|nbusuis has 90 seconds left.
|
|t:|1757823713
|switch|p2a: Tinkaton|Tinkaton, F|100/100
|-ability|p2a: Tinkaton|Mold Breaker
|-item|p2a: Tinkaton|Air Balloon
|move|p1a: Landorus|Earthquake|p2a: Tinkaton
|-immune|p2a: Tinkaton
|
|-heal|p1a: Landorus|68/100 tox|[from] item: Leftovers
|-damage|p1a: Landorus|56/100 tox|[from] psn
|upkeep
|turn|45
|
|t:|1757823724
|switch|p1a: Alomomola|Alomomola, F|66/100 tox
|-damage|p1a: Alomomola|54/100 tox|[from] Stealth Rock
|move|p2a: Tinkaton|Encore||[still]
|-fail|p2a: Tinkaton
|
|-damage|p1a: Alomomola|48/100 tox|[from] psn
|upkeep
|turn|46
|inactive|nbusuis has 90 seconds left.
|
|t:|1757823731
|switch|p2a: Tauros|Tauros-Paldea-Aqua, M|44/100
|-ability|p2a: Tauros|Intimidate|boost
|-unboost|p1a: Alomomola|atk|1
|move|p1a: Alomomola|Flip Turn|p2a: Tauros
|-resisted|p2a: Tauros
|-damage|p2a: Tauros|39/100
|inactive|nbusuis has 90 seconds left.
|
|t:|1757823749
|switch|p1a: Iron Valiant|Iron Valiant|76/100|[from] Flip Turn
|-damage|p1a: Iron Valiant|69/100|[from] Stealth Rock
|
|upkeep
|turn|47
|
|t:|1757823755
|-end|p1a: Iron Valiant|Quark Drive|[silent]
|switch|p1a: Cinderace|Cinderace, F|7/100
|switch|p2a: Clodsire|Clodsire, M|95/100
|
|-heal|p2a: Clodsire|100/100|[from] item: Leftovers
|upkeep
|turn|48
|inactive|nbusuis has 90 seconds left.
|
|t:|1757823774
|move|p1a: Cinderace|U-turn|p2a: Clodsire
|-resisted|p2a: Clodsire
|-damage|p2a: Clodsire|89/100
|
|t:|1757823782
|switch|p1a: Alomomola|Alomomola, F|81/100 tox|[from] U-turn
|-damage|p1a: Alomomola|69/100 tox|[from] Stealth Rock
|move|p2a: Clodsire|Earthquake|p1a: Alomomola
|-damage|p1a: Alomomola|48/100 tox
|
|-heal|p2a: Clodsire|96/100|[from] item: Leftovers
|-damage|p1a: Alomomola|42/100 tox|[from] psn
|upkeep
|turn|49
|
|t:|1757823797
|move|p1a: Alomomola|Flip Turn|p2a: Clodsire
|-supereffective|p2a: Clodsire
|-damage|p2a: Clodsire|59/100
|
|t:|1757823803
|switch|p1a: Landorus|Landorus-Therian, M|56/100 tox|[from] Flip Turn
|-damage|p1a: Landorus|44/100 tox|[from] Stealth Rock
|-ability|p1a: Landorus|Intimidate|boost
|-unboost|p2a: Clodsire|atk|1
|move|p2a: Clodsire|Earthquake|p1a: Landorus
|-immune|p1a: Landorus
|
|-heal|p1a: Landorus|50/100 tox|[from] item: Leftovers
|-heal|p2a: Clodsire|65/100|[from] item: Leftovers
|-damage|p1a: Landorus|44/100 tox|[from] psn
|upkeep
|turn|50
|inactive|nbusuis has 90 seconds left.
|
|t:|1757823816
|switch|p2a: Mandibuzz|Mandibuzz, F|47/100
|move|p1a: Landorus|Smack Down|p2a: Mandibuzz
|-supereffective|p2a: Mandibuzz
|-damage|p2a: Mandibuzz|27/100
|-start|p2a: Mandibuzz|Smack Down
|
|-heal|p1a: Landorus|50/100 tox|[from] item: Leftovers
|-damage|p1a: Landorus|38/100 tox|[from] psn
|upkeep
|turn|51
|
|t:|1757823823
|switch|p2a: Tauros|Tauros-Paldea-Aqua, M|39/100
|-ability|p2a: Tauros|Intimidate|boost
|-unboost|p1a: Landorus|atk|1
|move|p1a: Landorus|Earthquake|p2a: Tauros
|-damage|p2a: Tauros|0 fnt
|faint|p2a: Tauros
|
|-heal|p1a: Landorus|44/100 tox|[from] item: Leftovers
|-damage|p1a: Landorus|26/100 tox|[from] psn
|upkeep
|
|t:|1757823830
|switch|p2a: Mandibuzz|Mandibuzz, F|27/100
|turn|52
|
|t:|1757823834
|switch|p1a: Alomomola|Alomomola, F|76/100 tox
|-damage|p1a: Alomomola|63/100 tox|[from] Stealth Rock
|move|p2a: Mandibuzz|Roost|p2a: Mandibuzz
|-heal|p2a: Mandibuzz|77/100
|-singleturn|p2a: Mandibuzz|move: Roost
|
|-damage|p1a: Alomomola|57/100 tox|[from] psn
|upkeep
|turn|53
|
|t:|1757823841
|move|p2a: Mandibuzz|Roost|p2a: Mandibuzz
|-heal|p2a: Mandibuzz|100/100
|-singleturn|p2a: Mandibuzz|move: Roost
|move|p1a: Alomomola|Flip Turn|p2a: Mandibuzz
|-damage|p2a: Mandibuzz|91/100
|
|t:|1757823853
|switch|p1a: Iron Valiant|Iron Valiant|69/100|[from] Flip Turn
|-damage|p1a: Iron Valiant|63/100|[from] Stealth Rock
|
|upkeep
|turn|54
|
|t:|1757823863
|-end|p1a: Iron Valiant|Quark Drive|[silent]
|switch|p1a: Cinderace|Cinderace, F|7/100
|switch|p2a: Clodsire|Clodsire, M|65/100
|
|-heal|p2a: Clodsire|71/100|[from] item: Leftovers
|upkeep
|turn|55
|inactive|nbusuis has 120 seconds left.
|
|t:|1757823879
|move|p1a: Cinderace|Court Change|p1a: Cinderace
|-swapsideconditions
|-activate|p1a: Cinderace|move: Court Change
|move|p2a: Clodsire|Earthquake|p1a: Cinderace
|-supereffective|p1a: Cinderace
|-damage|p1a: Cinderace|0 fnt
|faint|p1a: Cinderace
|
|-heal|p2a: Clodsire|78/100|[from] item: Leftovers
|upkeep
|
|t:|1757823890
|switch|p1a: Alomomola|Alomomola, F|90/100 tox
|turn|56
|
|t:|1757823900
|move|p1a: Alomomola|Flip Turn|p2a: Clodsire
|-supereffective|p2a: Clodsire
|-damage|p2a: Clodsire|41/100
|
|t:|1757823903
|switch|p1a: Landorus|Landorus-Therian, M|26/100 tox|[from] Flip Turn
|-ability|p1a: Landorus|Intimidate|boost
|-unboost|p2a: Clodsire|atk|1
|move|p2a: Clodsire|Recover|p2a: Clodsire
|-heal|p2a: Clodsire|91/100
|
|-heal|p1a: Landorus|32/100 tox|[from] item: Leftovers
|-heal|p2a: Clodsire|98/100|[from] item: Leftovers
|-damage|p1a: Landorus|26/100 tox|[from] psn
|upkeep
|turn|57
|inactive|nbusuis has 120 seconds left.
|
|t:|1757823914
|switch|p1a: Iron Valiant|Iron Valiant|63/100
|switch|p2a: Mandibuzz|Mandibuzz, F|91/100
|
|upkeep
|turn|58
|inactive|nbusuis has 120 seconds left.
|inactive|guerrero105 has 120 seconds left.
|
|t:|1757823945
|switch|p2a: Clodsire|Clodsire, M|98/100
|-damage|p2a: Clodsire|91/100|[from] Stealth Rock
|move|p1a: Iron Valiant|Moonblast|p2a: Clodsire
|-resisted|p2a: Clodsire
|-damage|p2a: Clodsire|73/100
|-unboost|p2a: Clodsire|spa|1
|
|-heal|p2a: Clodsire|80/100|[from] item: Leftovers
|upkeep
|turn|59
|inactive|nbusuis has 120 seconds left.
|inactive|guerrero105 has 120 seconds left.
|
|t:|1757823960
|-end|p1a: Iron Valiant|Quark Drive|[silent]
|switch|p1a: Weavile|Weavile, F|33/100 tox
|-ability|p1a: Weavile|Pressure
|move|p2a: Clodsire|Stealth Rock|p1a: Weavile
|-sidestart|p1: nbusuis|move: Stealth Rock
|
|-heal|p2a: Clodsire|86/100|[from] item: Leftovers
|-damage|p1a: Weavile|27/100 tox|[from] psn
|upkeep
|turn|60
|
|t:|1757823969
|switch|p2a: Tinkaton|Tinkaton, F|100/100
|-damage|p2a: Tinkaton|94/100|[from] Stealth Rock
|-ability|p2a: Tinkaton|Mold Breaker
|-item|p2a: Tinkaton|Air Balloon
|move|p1a: Weavile|Knock Off|p2a: Tinkaton
|-resisted|p2a: Tinkaton
|-damage|p2a: Tinkaton|61/100
|-enditem|p2a: Tinkaton|Air Balloon
|
|-damage|p1a: Weavile|15/100 tox|[from] psn
|upkeep
|turn|61
|
|t:|1757823982
|move|p1a: Weavile|Icicle Crash|p2a: Tinkaton
|-resisted|p2a: Tinkaton
|-damage|p2a: Tinkaton|30/100
|move|p2a: Tinkaton|Knock Off|p1a: Weavile
|-resisted|p1a: Weavile
|-damage|p1a: Weavile|1/100 tox
|-enditem|p1a: Weavile|Focus Sash|[from] move: Knock Off|[of] p2a: Tinkaton
|
|-damage|p1a: Weavile|0 fnt|[from] psn
|faint|p1a: Weavile
|upkeep
|inactive|nbusuis has 120 seconds left.
|
|t:|1757823999
|switch|p1a: Hydrapple|Hydrapple, M|46/100 tox
|turn|62
|
|t:|1757824007
|switch|p1a: Alomomola|Alomomola, F|100/100 tox
|-damage|p1a: Alomomola|88/100 tox|[from] Stealth Rock
|move|p2a: Tinkaton|Gigaton Hammer|p1a: Alomomola
|-resisted|p1a: Alomomola
|-damage|p1a: Alomomola|73/100 tox
|
|-damage|p1a: Alomomola|67/100 tox|[from] psn
|upkeep
|turn|63
|
|t:|1757824014
|move|p2a: Tinkaton|Knock Off|p1a: Alomomola
|-damage|p1a: Alomomola|54/100 tox
|-enditem|p1a: Alomomola|Assault Vest|[from] move: Knock Off|[of] p2a: Tinkaton
|move|p1a: Alomomola|Flip Turn|p2a: Tinkaton
|-damage|p2a: Tinkaton|8/100
|inactive|nbusuis has 120 seconds left.
|
|t:|1757824040
|switch|p1a: Iron Valiant|Iron Valiant|63/100|[from] Flip Turn
|-damage|p1a: Iron Valiant|57/100|[from] Stealth Rock
|
|upkeep
|turn|64
|
|t:|1757824051
|switch|p2a: Clodsire|Clodsire, M|86/100
|-damage|p2a: Clodsire|80/100|[from] Stealth Rock
|move|p1a: Iron Valiant|Moonblast|p2a: Clodsire
|-resisted|p2a: Clodsire
|-damage|p2a: Clodsire|62/100
|
|-heal|p2a: Clodsire|68/100|[from] item: Leftovers
|upkeep
|turn|65
|
|t:|1757824063
|-end|p1a: Iron Valiant|Quark Drive|[silent]
|switch|p1a: Alomomola|Alomomola, F|87/100 tox
|-damage|p1a: Alomomola|75/100 tox|[from] Stealth Rock
|move|p2a: Clodsire|Earthquake|p1a: Alomomola
|-damage|p1a: Alomomola|56/100 tox
|
|-heal|p2a: Clodsire|75/100|[from] item: Leftovers
|-damage|p1a: Alomomola|50/100 tox|[from] psn
|upkeep
|turn|66
|inactive|nbusuis has 120 seconds left.
|
|t:|1757824074
|move|p1a: Alomomola|Flip Turn|p2a: Clodsire
|-supereffective|p2a: Clodsire
|-damage|p2a: Clodsire|35/100
|
|t:|1757824078
|switch|p1a: Hydrapple|Hydrapple, M|79/100 tox|[from] Flip Turn
|move|p2a: Clodsire|Recover|p2a: Clodsire
|-heal|p2a: Clodsire|85/100
|
|-heal|p2a: Clodsire|91/100|[from] item: Leftovers
|-damage|p1a: Hydrapple|73/100 tox|[from] psn
|upkeep
|turn|67
|inactive|nbusuis has 120 seconds left.
|
|t:|1757824090
|switch|p2a: Mandibuzz|Mandibuzz, F|91/100
|move|p1a: Hydrapple|Earth Power|p2a: Mandibuzz
|-immune|p2a: Mandibuzz
|
|-damage|p1a: Hydrapple|60/100 tox|[from] psn
|upkeep
|turn|68
|
|t:|1757824097
|switch|p1a: Alomomola|Alomomola, F|83/100 tox
|-damage|p1a: Alomomola|71/100 tox|[from] Stealth Rock
|move|p2a: Mandibuzz|Defog|p1a: Alomomola
|-unboost|p1a: Alomomola|evasion|1
|-sideend|p1: nbusuis|Stealth Rock|[from] move: Defog|[of] p2a: Mandibuzz
|-sideend|p2: guerrero105|Stealth Rock|[from] move: Defog|[of] p2a: Mandibuzz
|
|-damage|p1a: Alomomola|65/100 tox|[from] psn
|upkeep
|turn|69
|
|t:|1757824104
|move|p2a: Mandibuzz|U-turn|p1a: Alomomola
|-damage|p1a: Alomomola|56/100 tox
|
|t:|1757824109
|switch|p2a: Clodsire|Clodsire, M|91/100|[from] U-turn
|move|p1a: Alomomola|Flip Turn|p2a: Clodsire
|-supereffective|p2a: Clodsire
|-damage|p2a: Clodsire|54/100
|
|t:|1757824116
|switch|p1a: Hydrapple|Hydrapple, M|93/100 tox|[from] Flip Turn
|
|-heal|p2a: Clodsire|60/100|[from] item: Leftovers
|-damage|p1a: Hydrapple|87/100 tox|[from] psn
|upkeep
|turn|70
|
|t:|1757824137
|switch|p2a: Tinkaton|Tinkaton, F|8/100
|-ability|p2a: Tinkaton|Mold Breaker
|move|p1a: Hydrapple|Giga Drain|p2a: Tinkaton
|-resisted|p2a: Tinkaton
|-damage|p2a: Tinkaton|0 fnt
|-heal|p1a: Hydrapple|90/100 tox|[from] drain|[of] p2a: Tinkaton
|faint|p2a: Tinkaton
|
|-damage|p1a: Hydrapple|77/100 tox|[from] psn
|upkeep
|
|t:|1757824149
|switch|p2a: Cinderace|Cinderace, M|87/100
|turn|71
|
|t:|1757824166
|switch|p1a: Alomomola|Alomomola, F|89/100 tox
|move|p2a: Cinderace|U-turn|p1a: Alomomola
|-start|p2a: Cinderace|typechange|Bug|[from] ability: Libero
|-damage|p1a: Alomomola|62/100 tox
|
|t:|1757824179
|switch|p2a: Mandibuzz|Mandibuzz, F|91/100|[from] U-turn
|
|-damage|p1a: Alomomola|56/100 tox|[from] psn
|upkeep
|turn|72
|
|t:|1757824185
|move|p2a: Mandibuzz|U-turn|p1a: Alomomola
|-damage|p1a: Alomomola|47/100 tox
|
|t:|1757824192
|switch|p2a: Clodsire|Clodsire, M|60/100|[from] U-turn
|move|p1a: Alomomola|Flip Turn|p2a: Clodsire
|-supereffective|p2a: Clodsire
|-damage|p2a: Clodsire|25/100
|
|t:|1757824205
|switch|p1a: Hydrapple|Hydrapple, M|100/100 tox|[from] Flip Turn
|
|-heal|p2a: Clodsire|31/100|[from] item: Leftovers
|-damage|p1a: Hydrapple|94/100 tox|[from] psn
|upkeep
|turn|73
|
|t:|1757824216
|switch|p2a: Mandibuzz|Mandibuzz, F|91/100
|move|p1a: Hydrapple|Fickle Beam|p2a: Mandibuzz|[anim] Fickle Beam All Out
|-activate|p1a: Hydrapple|move: Fickle Beam
|-damage|p2a: Mandibuzz|24/100
|
|-damage|p1a: Hydrapple|82/100 tox|[from] psn
|upkeep
|turn|74
|
|t:|1757824225
|switch|p1a: Alomomola|Alomomola, F|80/100 tox
|move|p2a: Mandibuzz|Roost|p2a: Mandibuzz
|-heal|p2a: Mandibuzz|74/100
|-singleturn|p2a: Mandibuzz|move: Roost
|
|-damage|p1a: Alomomola|74/100 tox|[from] psn
|upkeep
|turn|75
|
|t:|1757824230
|move|p2a: Mandibuzz|Roost|p2a: Mandibuzz
|-heal|p2a: Mandibuzz|100/100
|-singleturn|p2a: Mandibuzz|move: Roost
|move|p1a: Alomomola|Flip Turn|p2a: Mandibuzz
|-damage|p2a: Mandibuzz|90/100
|
|t:|1757824236
|switch|p1a: Iron Valiant|Iron Valiant|57/100|[from] Flip Turn
|
|upkeep
|turn|76
|
|t:|1757824245
|switch|p2a: Clodsire|Clodsire, M|31/100
|move|p1a: Iron Valiant|Moonblast|p2a: Clodsire
|-resisted|p2a: Clodsire
|-damage|p2a: Clodsire|14/100
|
|-heal|p2a: Clodsire|20/100|[from] item: Leftovers
|upkeep
|turn|77
|
|t:|1757824255
|-end|p1a: Iron Valiant|Quark Drive|[silent]
|switch|p1a: Alomomola|Alomomola, F|100/100 tox
|move|p2a: Clodsire|Recover|p2a: Clodsire
|-heal|p2a: Clodsire|70/100
|
|-heal|p2a: Clodsire|76/100|[from] item: Leftovers
|-damage|p1a: Alomomola|94/100 tox|[from] psn
|upkeep
|turn|78
|
|t:|1757824261
|move|p1a: Alomomola|Flip Turn|p2a: Clodsire
|-supereffective|p2a: Clodsire
|-damage|p2a: Clodsire|41/100
|
|t:|1757824264
|switch|p1a: Hydrapple|Hydrapple, M|100/100 tox|[from] Flip Turn
|move|p2a: Clodsire|Stealth Rock|p1a: Hydrapple
|-sidestart|p1: nbusuis|move: Stealth Rock
|
|-heal|p2a: Clodsire|47/100|[from] item: Leftovers
|-damage|p1a: Hydrapple|94/100 tox|[from] psn
|upkeep
|turn|79
|
|t:|1757824286
|switch|p2a: Mandibuzz|Mandibuzz, F|90/100
|move|p1a: Hydrapple|Nasty Plot|p1a: Hydrapple
|-boost|p1a: Hydrapple|spa|2
|
|-damage|p1a: Hydrapple|82/100 tox|[from] psn
|upkeep
|turn|80
|
|t:|1757824300
|-terastallize|p1a: Hydrapple|Fairy
|move|p2a: Mandibuzz|U-turn|p1a: Hydrapple
|-resisted|p1a: Hydrapple
|-damage|p1a: Hydrapple|78/100 tox
|
|t:|1757824306
|switch|p2a: Clodsire|Clodsire, M|47/100|[from] U-turn
|move|p1a: Hydrapple|Fickle Beam|p2a: Clodsire|[anim] Fickle Beam All Out
|-activate|p1a: Hydrapple|move: Fickle Beam
|-damage|p2a: Clodsire|5/100
|
|-heal|p2a: Clodsire|11/100|[from] item: Leftovers
|-damage|p1a: Hydrapple|59/100 tox|[from] psn
|upkeep
|turn|81
|
|t:|1757824316
|move|p1a: Hydrapple|Fickle Beam|p2a: Clodsire
|-damage|p2a: Clodsire|0 fnt
|faint|p2a: Clodsire
|
|-damage|p1a: Hydrapple|34/100 tox|[from] psn
|upkeep
|
|t:|1757824322
|switch|p2a: Cinderace|Cinderace, M|87/100
|turn|82
|
|t:|1757824325
|switch|p1a: Alomomola|Alomomola, F|100/100 tox
|-damage|p1a: Alomomola|88/100 tox|[from] Stealth Rock
|move|p2a: Cinderace|Pyro Ball|p1a: Alomomola
|-resisted|p1a: Alomomola
|-damage|p1a: Alomomola|68/100 tox
|
|-damage|p1a: Alomomola|62/100 tox|[from] psn
|upkeep
|turn|83
|
|t:|1757824340
|move|p2a: Cinderace|U-turn|p1a: Alomomola
|-start|p2a: Cinderace|typechange|Bug|[from] ability: Libero
|-damage|p1a: Alomomola|34/100 tox
|
|t:|1757824345
|switch|p2a: Mandibuzz|Mandibuzz, F|90/100|[from] U-turn
|move|p1a: Alomomola|Flip Turn|p2a: Mandibuzz
|-damage|p2a: Mandibuzz|82/100
|
|t:|1757824350
|switch|p1a: Iron Valiant|Iron Valiant|57/100|[from] Flip Turn
|-damage|p1a: Iron Valiant|51/100|[from] Stealth Rock
|
|upkeep
|turn|84
|
|t:|1757824360
|switch|p2a: Cinderace|Cinderace, M|87/100
|move|p1a: Iron Valiant|Moonblast|p2a: Cinderace
|-resisted|p2a: Cinderace
|-damage|p2a: Cinderace|41/100
|-unboost|p2a: Cinderace|spa|1
|
|upkeep
|turn|85
|
|t:|1757824369
|move|p2a: Cinderace|Pyro Ball|p1a: Iron Valiant
|-damage|p1a: Iron Valiant|0 fnt
|faint|p1a: Iron Valiant
|-end|p1a: Iron Valiant|Quark Drive|[silent]
|
|upkeep
|
|t:|1757824381
|switch|p1a: Alomomola|Alomomola, F|67/100 tox
|-damage|p1a: Alomomola|55/100 tox|[from] Stealth Rock
|turn|86
|
|t:|1757824385
|move|p2a: Cinderace|U-turn|p1a: Alomomola
|-start|p2a: Cinderace|typechange|Bug|[from] ability: Libero
|-damage|p1a: Alomomola|27/100 tox
|
|t:|1757824390
|switch|p2a: Mandibuzz|Mandibuzz, F|82/100|[from] U-turn
|move|p1a: Alomomola|Flip Turn|p2a: Mandibuzz
|-crit|p2a: Mandibuzz
|-damage|p2a: Mandibuzz|68/100
|
|t:|1757824396
|switch|p1a: Hydrapple|Hydrapple, M, tera:Fairy|67/100 tox|[from] Flip Turn
|
|-damage|p1a: Hydrapple|61/100 tox|[from] psn
|upkeep
|turn|87
|
|t:|1757824411
|move|p2a: Mandibuzz|Foul Play|p1a: Hydrapple
|-resisted|p1a: Hydrapple
|-damage|p1a: Hydrapple|53/100 tox
|move|p1a: Hydrapple|Fickle Beam|p2a: Mandibuzz
|-damage|p2a: Mandibuzz|37/100
|
|-damage|p1a: Hydrapple|41/100 tox|[from] psn
|upkeep
|turn|88
|
|t:|1757824425
|switch|p1a: Alomomola|Alomomola, F|61/100 tox
|-damage|p1a: Alomomola|48/100 tox|[from] Stealth Rock
|move|p2a: Mandibuzz|Roost|p2a: Mandibuzz
|-heal|p2a: Mandibuzz|87/100
|-singleturn|p2a: Mandibuzz|move: Roost
|
|-damage|p1a: Alomomola|42/100 tox|[from] psn
|upkeep
|turn|89
|
|t:|1757824436
|move|p2a: Mandibuzz|Foul Play|p1a: Alomomola
|-damage|p1a: Alomomola|21/100 tox
|move|p1a: Alomomola|Flip Turn|p2a: Mandibuzz
|-damage|p2a: Mandibuzz|78/100
|
|t:|1757824443
|switch|p1a: Hydrapple|Hydrapple, M, tera:Fairy|74/100 tox|[from] Flip Turn
|
|-damage|p1a: Hydrapple|68/100 tox|[from] psn
|upkeep
|turn|90
|
|t:|1757824451
|move|p2a: Mandibuzz|Foul Play|p1a: Hydrapple
|-resisted|p1a: Hydrapple
|-damage|p1a: Hydrapple|61/100 tox
|move|p1a: Hydrapple|Nasty Plot|p1a: Hydrapple
|-boost|p1a: Hydrapple|spa|2
|
|-damage|p1a: Hydrapple|48/100 tox|[from] psn
|upkeep
|turn|91
|
|t:|1757824474
|move|p2a: Mandibuzz|Foul Play|p1a: Hydrapple
|-resisted|p1a: Hydrapple
|-damage|p1a: Hydrapple|42/100 tox
|move|p1a: Hydrapple|Fickle Beam|p2a: Mandibuzz|[anim] Fickle Beam All Out
|-activate|p1a: Hydrapple|move: Fickle Beam
|-damage|p2a: Mandibuzz|0 fnt
|faint|p2a: Mandibuzz
|
|-damage|p1a: Hydrapple|23/100 tox|[from] psn
|upkeep
|
|t:|1757824482
|switch|p2a: Cinderace|Cinderace, M|41/100
|turn|92
|
|t:|1757824485
|switch|p1a: Alomomola|Alomomola, F|54/100 tox
|-damage|p1a: Alomomola|42/100 tox|[from] Stealth Rock
|move|p2a: Cinderace|Pyro Ball|p1a: Alomomola
|-resisted|p1a: Alomomola
|-damage|p1a: Alomomola|20/100 tox
|
|-damage|p1a: Alomomola|13/100 tox|[from] psn
|upkeep
|turn|93
|
|t:|1757824494
|move|p1a: Alomomola|Aqua Jet|p2a: Cinderace
|-supereffective|p2a: Cinderace
|-damage|p2a: Cinderace|7/100
|move|p2a: Cinderace|U-turn|p1a: Alomomola
|-start|p2a: Cinderace|typechange|Bug|[from] ability: Libero
|-damage|p1a: Alomomola|0 fnt
|faint|p1a: Alomomola
|
|upkeep
|
|t:|1757824502
|switch|p1a: Landorus|Landorus-Therian, M|26/100 tox
|-damage|p1a: Landorus|14/100 tox|[from] Stealth Rock
|-ability|p1a: Landorus|Intimidate|boost
|-unboost|p2a: Cinderace|atk|1
|turn|94
|
|t:|1757824506
|move|p2a: Cinderace|Sucker Punch|p1a: Landorus
|-damage|p1a: Landorus|0 fnt
|faint|p1a: Landorus
|
|upkeep
|
|t:|1757824509
|switch|p1a: Hydrapple|Hydrapple, M, tera:Fairy|56/100 tox
|turn|95
|
|t:|1757824513
|-terastallize|p2a: Cinderace|Fire
|move|p2a: Cinderace|Pyro Ball|p1a: Hydrapple
|-damage|p1a: Hydrapple|30/100 tox
|move|p1a: Hydrapple|Fickle Beam|p2a: Cinderace
|-damage|p2a: Cinderace|0 fnt
|faint|p2a: Cinderace
|
|win|nbusuis
|raw|nbusuis's rating: 1332 &rarr; <strong>1352</strong><br />(+20 for winning)
|raw|guerrero105's rating: 1334 &rarr; <strong>1314</strong><br />(-20 for losing)
|l|☆nbusuis
|player|p1|
|c|☆guerrero105|gg
|l|☆guerrero105
|player|p2|
