|j|☆Mahp860226
|j|☆siphon8
|t:|1757953003
|gametype|singles
|player|p1|Mahp860226|169|1270
|player|p2|siphon8|102|1261
|gen|9
|tier|[Gen 9] OU
|rated|
|rule|HP Percentage Mod: HP is shown in percentages
|rule|Endless Battle Clause: Forcing endless battles is banned
|rule|Species Clause: Limit one of each Pokémon
|rule|OHKO Clause: OHKO moves are banned
|rule|Evasion Items Clause: Evasion items are banned
|rule|Evasion Moves Clause: Evasion moves are banned
|rule|Evasion Abilities Clause: Evasion abilities are banned
|rule|Sleep Moves Clause: Sleep-inducing moves are banned
|clearpoke
|poke|p1|Mimikyu, M|
|poke|p1|Corviknight, M|
|poke|p1|Lokix, M|
|poke|p1|Heatran, M|
|poke|p1|Clodsire, F|
|poke|p1|Dragapult, M|
|poke|p2|Regigigas|
|poke|p2|Slaking, F|
|poke|p2|Weavile, F|
|poke|p2|Maushold-Four|
|poke|p2|Iron Hands|
|poke|p2|Hoopa-Unbound|
|teampreview
|inactive|Battle timer is ON: inactive players will automatically lose when time's up. (requested by siphon8)
|
|t:|1757953009
|teamsize|p1|6
|teamsize|p2|6
|start
|switch|p1a: Lokix|Lokix, M|100/100
|switch|p2a: Weavile|Weavile, F|100/100
|-ability|p2a: Weavile|Pressure
|turn|1
|
|t:|1757953021
|move|p2a: Weavile|Fake Out|p1a: Lokix
|-damage|p1a: Lokix|80/100
|cant|p1a: Lokix|flinch
|
|upkeep
|turn|2
|
|t:|1757953027
|move|p2a: Weavile|Triple Axel|p1a: Lokix
|-damage|p1a: Lokix|66/100
|-hitcount|p1a: Lokix|1
|move|p1a: Lokix|Axe Kick|p2a: Weavile
|-supereffective|p2a: Weavile
|-damage|p2a: Weavile|0 fnt
|faint|p2a: Weavile
|
|upkeep
|
|t:|1757953039
|switch|p2a: Maushold|Maushold-Four|100/100
|turn|3
|
|t:|1757953046
|move|p2a: Maushold|Tidy Up|p2a: Maushold
|-boost|p2a: Maushold|atk|1
|-boost|p2a: Maushold|spe|1
|move|p1a: Lokix|Axe Kick|p2a: Maushold
|-supereffective|p2a: Maushold
|-damage|p2a: Maushold|0 fnt
|faint|p2a: Maushold
|
|upkeep
|
|t:|1757953050
|switch|p2a: Regigigas|Regigigas|100/100
|-start|p2a: Regigigas|ability: Slow Start
|turn|4
|
|t:|1757953067
|switch|p1a: Clodsire|Clodsire, F|100/100
|move|p2a: Regigigas|Drain Punch|p1a: Clodsire
|-resisted|p1a: Clodsire
|-damage|p1a: Clodsire|87/100
|
|-heal|p1a: Clodsire|93/100|[from] item: Black Sludge
|upkeep
|turn|5
|
|t:|1757953079
|move|p2a: Regigigas|Drain Punch|p1a: Clodsire
|-resisted|p1a: Clodsire
|-damage|p1a: Clodsire|81/100
|move|p1a: Clodsire|Toxic|p2a: Regigigas
|-status|p2a: Regigigas|tox
|
|-heal|p1a: Clodsire|87/100|[from] item: Black Sludge
|-damage|p2a: Regigigas|94/100 tox|[from] psn
|upkeep
|turn|6
|
|t:|1757953091
|move|p2a: Regigigas|Drain Punch|p1a: Clodsire
|-resisted|p1a: Clodsire
|-damage|p1a: Clodsire|75/100
|-heal|p2a: Regigigas|100/100 tox|[from] drain|[of] p1a: Clodsire
|move|p1a: Clodsire|Earthquake|p2a: Regigigas
|-damage|p2a: Regigigas|77/100 tox
|
|-heal|p1a: Clodsire|82/100|[from] item: Black Sludge
|-damage|p2a: Regigigas|65/100 tox|[from] psn
|upkeep
|turn|7
|
|t:|1757953103
|move|p2a: Regigigas|Drain Punch|p1a: Clodsire
|-resisted|p1a: Clodsire
|-damage|p1a: Clodsire|69/100
|-heal|p2a: Regigigas|73/100 tox|[from] drain|[of] p1a: Clodsire
|move|p1a: Clodsire|Earthquake|p2a: Regigigas
|-damage|p2a: Regigigas|51/100 tox
|
|-heal|p1a: Clodsire|75/100|[from] item: Black Sludge
|-damage|p2a: Regigigas|32/100 tox|[from] psn
|upkeep
|turn|8
|
|t:|1757953116
|move|p2a: Regigigas|Drain Punch|p1a: Clodsire
|-resisted|p1a: Clodsire
|-damage|p1a: Clodsire|63/100
|-heal|p2a: Regigigas|40/100 tox|[from] drain|[of] p1a: Clodsire
|move|p1a: Clodsire|Recover|p1a: Clodsire
|-heal|p1a: Clodsire|100/100
|
|-damage|p2a: Regigigas|16/100 tox|[from] psn
|-end|p2a: Regigigas|Slow Start
|upkeep
|turn|9
|
|t:|1757953129
|switch|p1a: Corviknight|Corviknight, M|100/100
|move|p2a: Regigigas|Drain Punch|p1a: Corviknight
|-damage|p1a: Corviknight|75/100
|-heal|p2a: Regigigas|30/100 tox|[from] drain|[of] p1a: Corviknight
|-damage|p2a: Regigigas|14/100 tox|[from] item: Rocky Helmet|[of] p1a: Corviknight
|
|-damage|p2a: Regigigas|0 fnt|[from] psn
|faint|p2a: Regigigas
|upkeep
|
|t:|1757953133
|switch|p2a: Iron Hands|Iron Hands|100/100
|turn|10
|
|t:|1757953146
|switch|p1a: Clodsire|Clodsire, F|100/100
|move|p2a: Iron Hands|Iron Defense|p2a: Iron Hands
|-boost|p2a: Iron Hands|def|2
|
|upkeep
|turn|11
|
|t:|1757953155
|move|p2a: Iron Hands|Earthquake|p1a: Clodsire
|-supereffective|p1a: Clodsire
|-damage|p1a: Clodsire|35/100
|move|p1a: Clodsire|Toxic|p2a: Iron Hands
|-status|p2a: Iron Hands|tox
|
|-heal|p1a: Clodsire|41/100|[from] item: Black Sludge
|-damage|p2a: Iron Hands|94/100 tox|[from] psn
|upkeep
|turn|12
|
|t:|1757953167
|switch|p1a: Corviknight|Corviknight, M|75/100
|move|p2a: Iron Hands|Supercell Slam|p1a: Corviknight
|-supereffective|p1a: Corviknight
|-damage|p1a: Corviknight|22/100
|-damage|p2a: Iron Hands|78/100 tox|[from] item: Rocky Helmet|[of] p1a: Corviknight
|
|-heal|p2a: Iron Hands|84/100 tox|[from] item: Leftovers
|-damage|p2a: Iron Hands|71/100 tox|[from] psn
|upkeep
|turn|13
|
|t:|1757953179
|move|p1a: Corviknight|Roost|p1a: Corviknight
|-heal|p1a: Corviknight|72/100
|-singleturn|p1a: Corviknight|move: Roost
|move|p2a: Iron Hands|Drain Punch|p1a: Corviknight
|-supereffective|p1a: Corviknight
|-damage|p1a: Corviknight|33/100
|-heal|p2a: Iron Hands|87/100 tox|[from] drain|[of] p1a: Corviknight
|-damage|p2a: Iron Hands|70/100 tox|[from] item: Rocky Helmet|[of] p1a: Corviknight
|
|-heal|p2a: Iron Hands|76/100 tox|[from] item: Leftovers
|-damage|p2a: Iron Hands|58/100 tox|[from] psn
|upkeep
|turn|14
|
|t:|1757953192
|-end|p2a: Iron Hands|Quark Drive|[silent]
|switch|p2a: Hoopa|Hoopa-Unbound|100/100
|move|p1a: Corviknight|Roost|p1a: Corviknight
|-heal|p1a: Corviknight|83/100
|-singleturn|p1a: Corviknight|move: Roost
|
|upkeep
|turn|15
|
|t:|1757953201
|move|p2a: Hoopa|Giga Impact|p1a: Corviknight|[miss]
|-miss|p2a: Hoopa|p1a: Corviknight
|move|p1a: Corviknight|U-turn|p2a: Hoopa
|-supereffective|p2a: Hoopa
|-damage|p2a: Hoopa|1/100
|-message|siphon8 forfeited.
|
|win|Mahp860226
|raw|Mahp860226's rating: 1270 &rarr; <strong>1294</strong><br />(+24 for winning)
|raw|siphon8's rating: 1261 &rarr; <strong>1237</strong><br />(-24 for losing)
|l|☆siphon8
|player|p2|
|l|☆Mahp860226
|player|p1|
