|j|☆Toxic Smite
|j|☆levi6969
|t:|1757911822
|gametype|singles
|player|p1|Toxic Smite|gambler|1236
|player|p2|levi6969|169|1290
|gen|9
|tier|[Gen 9] OU
|rated|
|rule|HP Percentage Mod: HP is shown in percentages
|rule|Endless Battle Clause: Forcing endless battles is banned
|rule|Species Clause: Limit one of each Pokémon
|rule|OHKO Clause: OHKO moves are banned
|rule|Evasion Items Clause: Evasion items are banned
|rule|Evasion Moves Clause: Evasion moves are banned
|rule|Evasion Abilities Clause: Evasion abilities are banned
|rule|Sleep Moves Clause: Sleep-inducing moves are banned
|clearpoke
|poke|p1|Raging Bolt|
|poke|p1|Zapdos|
|poke|p1|Electrode-Hisui|
|poke|p1|Rotom|
|poke|p1|Iron Hands|
|poke|p1|Morpeko, F|
|poke|p2|Hoopa|
|poke|p2|Landorus-Therian, M|
|poke|p2|Weezing-Galar, F|
|poke|p2|Kingambit, F|
|poke|p2|Raging Bolt|
|poke|p2|Zamazenta-*|
|teampreview
|inactive|Battle timer is ON: inactive players will automatically lose when time's up. (requested by levi6969)
|
|t:|1757911879
|teamsize|p1|6
|teamsize|p2|6
|start
|switch|p1a: Zapdos|Zapdos, shiny|100/100
|switch|p2a: Landorus|Landorus-Therian, M, shiny|100/100
|-ability|p2a: Landorus|Intimidate|boost
|-unboost|p1a: Zapdos|atk|1
|turn|1
|
|t:|1757911899
|-terastallize|p1a: Zapdos|Ice
|move|p2a: Landorus|Stealth Rock|p1a: Zapdos
|-sidestart|p1: Toxic Smite|move: Stealth Rock
|move|p1a: Zapdos|Tera Blast|p2a: Landorus|[anim] Tera Blast Ice
|-supereffective|p2a: Landorus
|-damage|p2a: Landorus|0 fnt
|faint|p2a: Landorus
|
|upkeep
|inactive|levi6969 has 120 seconds left.
|
|t:|1757911922
|switch|p2a: Hoopa|Hoopa|100/100
|turn|2
|
|t:|1757911939
|switch|p1a: Morpeko|Morpeko, F|100/100
|-damage|p1a: Morpeko|88/100|[from] Stealth Rock
|move|p2a: Hoopa|Substitute|p2a: Hoopa
|-start|p2a: Hoopa|Substitute
|-damage|p2a: Hoopa|76/100
|
|-formechange|p1a: Morpeko|Morpeko-Hangry||[from] ability: Hunger Switch
|upkeep
|turn|3
|
|t:|1757911944
|move|p1a: Morpeko|Aura Wheel|p2a: Hoopa
|-supereffective|p2a: Hoopa
|-end|p2a: Hoopa|Substitute
|-boost|p1a: Morpeko|spe|1
|move|p2a: Hoopa|Drain Punch|p1a: Morpeko
|-supereffective|p1a: Morpeko
|-damage|p1a: Morpeko|17/100
|-heal|p2a: Hoopa|100/100|[from] drain|[of] p1a: Morpeko
|-enditem|p1a: Morpeko|Liechi Berry|[eat]
|-boost|p1a: Morpeko|atk|1|[from] item: Liechi Berry
|
|-formechange|p1a: Morpeko|Morpeko||[from] ability: Hunger Switch
|upkeep
|turn|4
|
|t:|1757911957
|switch|p2a: Weezing|Weezing-Galar, F, shiny|100/100
|-ability|p2a: Weezing|Neutralizing Gas
|move|p1a: Morpeko|Protect||[still]
|-fail|p1a: Morpeko
|
|upkeep
|turn|5
|
|t:|1757911969
|move|p1a: Morpeko|Rapid Spin|p2a: Weezing
|-damage|p2a: Weezing|85/100
|-boost|p1a: Morpeko|spe|1
|-sideend|p1: Toxic Smite|Stealth Rock|[from] move: Rapid Spin|[of] p1a: Morpeko
|move|p2a: Weezing|Strange Steam|p1a: Morpeko
|-supereffective|p1a: Morpeko
|-damage|p1a: Morpeko|0 fnt
|faint|p1a: Morpeko
|
|upkeep
|
|t:|1757911990
|switch|p1a: Rotom|Rotom|100/100
|turn|6
|
|t:|1757912001
|-end|p2a: Weezing|ability: Neutralizing Gas
|switch|p2a: Raging Bolt|Raging Bolt|100/100
|move|p1a: Rotom|Trick|p2a: Raging Bolt
|-activate|p1a: Rotom|move: Trick|[of] p2a: Raging Bolt
|-item|p2a: Raging Bolt|Choice Scarf|[from] move: Trick
|-item|p1a: Rotom|Assault Vest|[from] move: Trick
|
|upkeep
|turn|7
|
|t:|1757912022
|move|p2a: Raging Bolt|Volt Switch|p1a: Rotom
|-resisted|p1a: Rotom
|-damage|p1a: Rotom|80/100
|
|t:|1757912027
|-end|p2a: Raging Bolt|Protosynthesis|[silent]
|switch|p2a: Hoopa|Hoopa|100/100|[from] Volt Switch
|move|p1a: Rotom|Volt Switch|p2a: Hoopa
|-damage|p2a: Hoopa|80/100
|inactive|Toxic Smite has 120 seconds left.
|
|t:|1757912055
|switch|p1a: Raging Bolt|Raging Bolt|100/100|[from] Volt Switch
|
|upkeep
|turn|8
|inactive|Toxic Smite has 120 seconds left.
|
|t:|1757912065
|-end|p1a: Raging Bolt|Protosynthesis|[silent]
|switch|p1a: Rotom|Rotom|80/100
|move|p2a: Hoopa|Hyperspace Hole|p1a: Rotom
|-damage|p1a: Rotom|31/100
|
|upkeep
|turn|9
|
|t:|1757912079
|move|p1a: Rotom|Shadow Ball|p2a: Hoopa
|-supereffective|p2a: Hoopa
|-damage|p2a: Hoopa|0 fnt
|faint|p2a: Hoopa
|
|upkeep
|
|t:|1757912083
|switch|p2a: Raging Bolt|Raging Bolt|100/100
|turn|10
|
|t:|1757912087
|move|p2a: Raging Bolt|Dragon Pulse|p1a: Rotom
|-damage|p1a: Rotom|0 fnt
|faint|p1a: Rotom
|
|upkeep
|
|t:|1757912107
|switch|p1a: Zapdos|Zapdos, shiny, tera:Ice|100/100
|turn|11
|
|t:|1757912129
|-end|p2a: Raging Bolt|Protosynthesis|[silent]
|switch|p2a: Kingambit|Kingambit, F|100/100
|move|p1a: Zapdos|Charge|p1a: Zapdos
|-boost|p1a: Zapdos|spd|1
|-start|p1a: Zapdos|Charge
|
|upkeep
|turn|12
|
|t:|1757912136
|move|p1a: Zapdos|Thunderbolt|p2a: Kingambit
|-damage|p2a: Kingambit|0 fnt
|faint|p2a: Kingambit
|-end|p1a: Zapdos|Charge|[silent]
|
|upkeep
|
|t:|1757912142
|switch|p2a: Zamazenta|Zamazenta, shiny|100/100
|-ability|p2a: Zamazenta|Dauntless Shield|boost
|-boost|p2a: Zamazenta|def|1
|turn|13
|
|t:|1757912154
|-terastallize|p2a: Zamazenta|Steel
|move|p2a: Zamazenta|Heavy Slam|p1a: Zapdos
|-supereffective|p1a: Zapdos
|-damage|p1a: Zapdos|20/100
|move|p1a: Zapdos|Thunderbolt|p2a: Zamazenta
|-damage|p2a: Zamazenta|57/100
|-status|p2a: Zamazenta|par
|
|upkeep
|turn|14
|
|t:|1757912167
|move|p1a: Zapdos|Roost|p1a: Zapdos
|-heal|p1a: Zapdos|70/100
|move|p2a: Zamazenta|Heavy Slam|p1a: Zapdos
|-supereffective|p1a: Zapdos
|-damage|p1a: Zapdos|0 fnt
|faint|p1a: Zapdos
|
|upkeep
|
|t:|1757912188
|switch|p1a: Electrode|Electrode-Hisui|100/100
|turn|15
|
|t:|1757912195
|switch|p2a: Raging Bolt|Raging Bolt|100/100
|move|p1a: Electrode|Substitute|p1a: Electrode
|-start|p1a: Electrode|Substitute
|-damage|p1a: Electrode|76/100
|
|-heal|p1a: Electrode|82/100|[from] item: Leftovers
|upkeep
|turn|16
|
|t:|1757912201
|move|p1a: Electrode|Leech Seed|p2a: Raging Bolt
|-start|p2a: Raging Bolt|move: Leech Seed
|move|p2a: Raging Bolt|Dragon Pulse|p1a: Electrode
|-end|p1a: Electrode|Substitute
|
|-heal|p1a: Electrode|88/100|[from] item: Leftovers
|-damage|p2a: Raging Bolt|88/100|[from] Leech Seed|[of] p1a: Electrode
|-heal|p1a: Electrode|100/100|[silent]
|upkeep
|turn|17
|
|t:|1757912211
|move|p1a: Electrode|Substitute|p1a: Electrode
|-start|p1a: Electrode|Substitute
|-damage|p1a: Electrode|76/100
|move|p2a: Raging Bolt|Dragon Pulse|p1a: Electrode
|-end|p1a: Electrode|Substitute
|
|-heal|p1a: Electrode|82/100|[from] item: Leftovers
|-damage|p2a: Raging Bolt|76/100|[from] Leech Seed|[of] p1a: Electrode
|-heal|p1a: Electrode|99/100|[silent]
|upkeep
|turn|18
|
|t:|1757912216
|move|p1a: Electrode|Substitute|p1a: Electrode
|-start|p1a: Electrode|Substitute
|-damage|p1a: Electrode|75/100
|move|p2a: Raging Bolt|Dragon Pulse|p1a: Electrode
|-end|p1a: Electrode|Substitute
|
|-heal|p1a: Electrode|81/100|[from] item: Leftovers
|-damage|p2a: Raging Bolt|64/100|[from] Leech Seed|[of] p1a: Electrode
|-heal|p1a: Electrode|99/100|[silent]
|upkeep
|turn|19
|-message|levi6969 forfeited.
|
|win|Toxic Smite
|raw|Toxic Smite's rating: 1236 &rarr; <strong>1265</strong><br />(+29 for winning)
|raw|levi6969's rating: 1290 &rarr; <strong>1261</strong><br />(-29 for losing)
|l|☆levi6969
|player|p2|
|l|☆Toxic Smite
|player|p1|
