|j|☆blazingshadow46
|j|☆erik was here
|t:|1757825851
|gametype|singles
|player|p1|blazingshadow46|ghetsis|1282
|player|p2|erik was here|169|1237
|gen|9
|tier|[Gen 9] OU
|rated|
|rule|HP Percentage Mod: HP is shown in percentages
|rule|Endless Battle Clause: Forcing endless battles is banned
|rule|Species Clause: Limit one of each Pokémon
|rule|OHKO Clause: OHKO moves are banned
|rule|Evasion Items Clause: Evasion items are banned
|rule|Evasion Moves Clause: Evasion moves are banned
|rule|Evasion Abilities Clause: Evasion abilities are banned
|rule|Sleep Moves Clause: Sleep-inducing moves are banned
|clearpoke
|poke|p1|Noivern, M|
|poke|p1|Chandelure, F|
|poke|p1|Krookodile, F|
|poke|p1|Frosmoth, M|
|poke|p1|Scizor, F|
|poke|p1|Great Tusk|
|poke|p2|Ogerpon-Wellspring, F|
|poke|p2|Pelipper, F|
|poke|p2|Floatzel, F|
|poke|p2|Clodsire, M|
|poke|p2|Pecharunt|
|poke|p2|Cyclizar, M|
|teampreview
|inactive|Battle timer is ON: inactive players will automatically lose when time's up. (requested by blazingshadow46)
|inactive|erik was here has 120 seconds left.
|
|t:|1757825895
|teamsize|p1|6
|teamsize|p2|6
|start
|switch|p1a: Wombat|Noivern, M|100/100
|switch|p2a: Cyclizar|Cyclizar, M|100/100
|turn|1
|
|t:|1757825923
|move|p1a: Wombat|Draco Meteor|p2a: Cyclizar
|-supereffective|p2a: Cyclizar
|-damage|p2a: Cyclizar|0 fnt
|-unboost|p1a: Wombat|spa|2
|faint|p2a: Cyclizar
|
|upkeep
|
|t:|1757825931
|switch|p2a: Ogerpon|Ogerpon-Wellspring, F|100/100
|turn|2
|
|t:|1757825934
|move|p1a: Wombat|U-turn|p2a: Ogerpon
|-supereffective|p2a: Ogerpon
|-damage|p2a: Ogerpon|73/100
|
|t:|1757825944
|switch|p1a: Skittle|Frosmoth, M|100/100|[from] U-turn
|move|p2a: Ogerpon|Swords Dance|p2a: Ogerpon
|-boost|p2a: Ogerpon|atk|2
|
|upkeep
|turn|3
|
|t:|1757825955
|move|p2a: Ogerpon|Ivy Cudgel|p1a: Skittle|[anim] Ivy Cudgel Water
|-damage|p1a: Skittle|0 fnt
|faint|p1a: Skittle
|
|upkeep
|
|t:|1757825962
|switch|p1a: Wombat|Noivern, M|100/100
|turn|4
|
|t:|1757825974
|switch|p2a: Clodsire|Clodsire, M|100/100
|move|p1a: Wombat|Hurricane|p2a: Clodsire|[miss]
|-miss|p1a: Wombat|p2a: Clodsire
|
|upkeep
|turn|5
|
|t:|1757825982
|move|p1a: Wombat|U-turn|p2a: Clodsire
|-resisted|p2a: Clodsire
|-damage|p2a: Clodsire|94/100
|
|t:|1757825989
|switch|p1a: Krooked Nose|Krookodile, F|100/100|[from] U-turn
|move|p2a: Clodsire|Stealth Rock|p1a: Krooked Nose
|-sidestart|p1: blazingshadow46|move: Stealth Rock
|
|-heal|p2a: Clodsire|100/100|[from] item: Black Sludge
|upkeep
|turn|6
|
|t:|1757825998
|switch|p2a: Pelipper|Pelipper, F|100/100
|-weather|RainDance|[from] ability: Drizzle|[of] p2a: Pelipper
|move|p1a: Krooked Nose|Knock Off|p2a: Pelipper
|-damage|p2a: Pelipper|63/100
|-enditem|p2a: Pelipper|Damp Rock|[from] move: Knock Off|[of] p1a: Krooked Nose
|
|-weather|RainDance|[upkeep]
|upkeep
|turn|7
|
|t:|1757826006
|switch|p1a: Wombat|Noivern, M|100/100
|move|p2a: Pelipper|U-turn|p1a: Wombat
|-resisted|p1a: Wombat
|-damage|p1a: Wombat|95/100
|
|t:|1757826011
|switch|p2a: Floatzel|Floatzel, F|100/100|[from] U-turn
|
|-weather|RainDance|[upkeep]
|upkeep
|turn|8
|
|t:|1757826037
|-terastallize|p1a: Wombat|Steel
|move|p2a: Floatzel|Ice Spinner|p1a: Wombat
|-resisted|p1a: Wombat
|-damage|p1a: Wombat|71/100
|move|p1a: Wombat|Draco Meteor|p2a: Floatzel
|-damage|p2a: Floatzel|0 fnt
|-unboost|p1a: Wombat|spa|2
|faint|p2a: Floatzel
|
|-weather|RainDance|[upkeep]
|upkeep
|inactive|erik was here has 120 seconds left.
|
|t:|1757826047
|switch|p2a: Ogerpon|Ogerpon-Wellspring, F|73/100
|turn|9
|
|t:|1757826059
|move|p1a: Wombat|U-turn|p2a: Ogerpon
|-supereffective|p2a: Ogerpon
|-damage|p2a: Ogerpon|46/100
|
|t:|1757826061
|switch|p1a: Knee Surgery|Great Tusk|100/100|[from] U-turn
|-damage|p1a: Knee Surgery|97/100|[from] Stealth Rock
|move|p2a: Ogerpon|Ivy Cudgel|p1a: Knee Surgery|[anim] Ivy Cudgel Water
|-supereffective|p1a: Knee Surgery
|-damage|p1a: Knee Surgery|19/100
|
|-weather|RainDance|[upkeep]
|upkeep
|turn|10
|
|t:|1757826070
|move|p2a: Ogerpon|Trailblaze|p1a: Knee Surgery
|-supereffective|p1a: Knee Surgery
|-damage|p1a: Knee Surgery|0 fnt
|-boost|p2a: Ogerpon|spe|1
|-damage|p2a: Ogerpon|29/100|[from] item: Rocky Helmet|[of] p1a: Knee Surgery
|faint|p1a: Knee Surgery
|-end|p1a: Knee Surgery|Protosynthesis|[silent]
|
|-weather|RainDance|[upkeep]
|upkeep
|
|t:|1757826082
|switch|p1a: Safety Scizors|Scizor, F|100/100
|-damage|p1a: Safety Scizors|88/100|[from] Stealth Rock
|turn|11
|
|t:|1757826087
|move|p2a: Ogerpon|Ivy Cudgel|p1a: Safety Scizors|[anim] Ivy Cudgel Water
|-crit|p1a: Safety Scizors
|-damage|p1a: Safety Scizors|0 fnt
|faint|p1a: Safety Scizors
|
|-weather|RainDance|[upkeep]
|upkeep
|c|☆blazingshadow46|bruh
|
|t:|1757826096
|switch|p1a: Wombat|Noivern, M, tera:Steel|71/100
|turn|12
|
|t:|1757826100
|move|p2a: Ogerpon|Ivy Cudgel|p1a: Wombat|[anim] Ivy Cudgel Water
|-damage|p1a: Wombat|0 fnt
|faint|p1a: Wombat
|
|-weather|RainDance|[upkeep]
|upkeep
|-message|blazingshadow46 forfeited.
|
|win|erik was here
|raw|blazingshadow46's rating: 1282 &rarr; <strong>1254</strong><br />(-28 for losing)
|raw|erik was here's rating: 1237 &rarr; <strong>1265</strong><br />(+28 for winning)
|l|☆blazingshadow46
|player|p1|
|l|☆erik was here
|player|p2|
