|j|☆mrandsiron
|j|☆venator
|t:|1757835157
|gametype|singles
|player|p1|mrandsiron|1|1086
|player|p2|venator|acetrainer-gen4dp|1106
|gen|9
|tier|[Gen 9] OU
|rated|
|rule|HP Percentage Mod: HP is shown in percentages
|rule|Endless Battle Clause: Forcing endless battles is banned
|rule|Species Clause: Limit one of each Pokémon
|rule|OHKO Clause: OHKO moves are banned
|rule|Evasion Items Clause: Evasion items are banned
|rule|Evasion Moves Clause: Evasion moves are banned
|rule|Evasion Abilities Clause: Evasion abilities are banned
|rule|Sleep Moves Clause: Sleep-inducing moves are banned
|clearpoke
|poke|p1|Iron Hands|
|poke|p1|Rillaboom, M|
|poke|p1|Great Tusk|
|poke|p1|Heatran, M|
|poke|p1|Enamorus, F|
|poke|p1|Keldeo-Resolute|
|poke|p2|Magmortar, M|
|poke|p2|Azumarill, F|
|poke|p2|Vileplume, F|
|poke|p2|Clefable, F|
|poke|p2|Mightyena, F|
|poke|p2|Metagross|
|teampreview
|inactive|Battle timer is ON: inactive players will automatically lose when time's up. (requested by mrandsiron)
|
|t:|1757835169
|teamsize|p1|6
|teamsize|p2|6
|start
|switch|p1a: Keldeo|Keldeo-Resolute|100/100
|switch|p2a: Azumarill|Azumarill, F|100/100
|turn|1
|
|t:|1757835175
|switch|p1a: Rillaboom|Rillaboom, M|100/100
|-fieldstart|move: Grassy Terrain|[from] ability: Grassy Surge|[of] p1a: Rillaboom
|move|p2a: Azumarill|Play Rough|p1a: Rillaboom
|-damage|p1a: Rillaboom|21/100
|
|-heal|p1a: Rillaboom|27/100|[from] Grassy Terrain
|upkeep
|turn|2
|
|t:|1757835185
|switch|p2a: Magmortar|Magmortar, M|100/100
|move|p1a: Rillaboom|Grassy Glide|p2a: Magmortar
|-resisted|p2a: Magmortar
|-damage|p2a: Magmortar|68/100
|-damage|p1a: Rillaboom|10/100|[from] item: Rocky Helmet|[of] p2a: Magmortar
|
|-heal|p2a: Magmortar|74/100|[from] Grassy Terrain
|-heal|p1a: Rillaboom|16/100|[from] Grassy Terrain
|upkeep
|turn|3
|
|t:|1757835197
|switch|p1a: Keldeo|Keldeo-Resolute|100/100
|-terastallize|p2a: Magmortar|Grass
|move|p2a: Magmortar|Lava Plume|p1a: Keldeo
|-resisted|p1a: Keldeo
|-damage|p1a: Keldeo|79/100
|-status|p1a: Keldeo|brn
|
|-heal|p1a: Keldeo|85/100 brn|[from] Grassy Terrain
|-heal|p2a: Magmortar|81/100|[from] Grassy Terrain
|-damage|p1a: Keldeo|79/100 brn|[from] brn
|upkeep
|turn|4
|
|t:|1757835209
|move|p1a: Keldeo|Air Slash|p2a: Magmortar
|-supereffective|p2a: Magmortar
|-damage|p2a: Magmortar|0 fnt
|faint|p2a: Magmortar
|
|-heal|p1a: Keldeo|85/100 brn|[from] Grassy Terrain
|-damage|p1a: Keldeo|79/100 brn|[from] brn
|upkeep
|
|t:|1757835217
|switch|p2a: Azumarill|Azumarill, F|100/100
|turn|5
|
|t:|1757835222
|move|p1a: Keldeo|Air Slash|p2a: Azumarill
|-damage|p2a: Azumarill|58/100
|move|p2a: Azumarill|Play Rough|p1a: Keldeo
|-supereffective|p1a: Keldeo
|-damage|p1a: Keldeo|0 fnt
|faint|p1a: Keldeo
|
|-heal|p2a: Azumarill|64/100|[from] Grassy Terrain
|upkeep
|
|t:|1757835225
|switch|p1a: Rillaboom|Rillaboom, M|16/100
|turn|6
|
|t:|1757835235
|switch|p2a: Vileplume|Vileplume, F|100/100
|move|p1a: Rillaboom|Knock Off|p2a: Vileplume
|-damage|p2a: Vileplume|63/100
|-damage|p1a: Rillaboom|0 fnt|[from] item: Rocky Helmet|[of] p2a: Vileplume
|faint|p1a: Rillaboom
|
|-heal|p2a: Vileplume|70/100|[from] Grassy Terrain
|upkeep
|
|t:|1757835242
|switch|p1a: Iron Hands|Iron Hands|100/100
|turn|7
|
|t:|1757835248
|move|p2a: Vileplume|Strength Sap|p1a: Iron Hands
|-unboost|p1a: Iron Hands|atk|1
|-heal|p2a: Vileplume|100/100
|move|p1a: Iron Hands|Ice Punch|p2a: Vileplume
|-supereffective|p2a: Vileplume
|-crit|p2a: Vileplume
|-damage|p2a: Vileplume|3/100
|-damage|p1a: Iron Hands|84/100|[from] item: Rocky Helmet|[of] p2a: Vileplume
|
|-heal|p2a: Vileplume|9/100|[from] Grassy Terrain
|-heal|p1a: Iron Hands|90/100|[from] Grassy Terrain
|upkeep
|turn|8
|
|t:|1757835259
|move|p2a: Vileplume|Strength Sap|p1a: Iron Hands
|-unboost|p1a: Iron Hands|atk|1
|-heal|p2a: Vileplume|87/100
|move|p1a: Iron Hands|Ice Punch|p2a: Vileplume
|-supereffective|p2a: Vileplume
|-damage|p2a: Vileplume|50/100
|-damage|p1a: Iron Hands|74/100|[from] item: Rocky Helmet|[of] p2a: Vileplume
|
|-heal|p2a: Vileplume|57/100|[from] Grassy Terrain
|-heal|p1a: Iron Hands|80/100|[from] Grassy Terrain
|-fieldend|move: Grassy Terrain
|upkeep
|turn|9
|-message|mrandsiron forfeited.
|
|win|venator
|raw|mrandsiron's rating: 1086 &rarr; <strong>1064</strong><br />(-22 for losing)
|raw|venator's rating: 1106 &rarr; <strong>1130</strong><br />(+24 for winning)
|l|☆mrandsiron
|player|p1|
|l|☆venator
|player|p2|
