|j|☆ybdt
|j|☆ahmijahh
|t:|1757844035
|gametype|singles
|player|p1|ybdt|169|1184
|player|p2|ahmijahh|101|1198
|gen|9
|tier|[Gen 9] OU
|rated|
|rule|HP Percentage Mod: HP is shown in percentages
|rule|Endless Battle Clause: Forcing endless battles is banned
|rule|Species Clause: Limit one of each Pokémon
|rule|OHKO Clause: OHKO moves are banned
|rule|Evasion Items Clause: Evasion items are banned
|rule|Evasion Moves Clause: Evasion moves are banned
|rule|Evasion Abilities Clause: Evasion abilities are banned
|rule|Sleep Moves Clause: Sleep-inducing moves are banned
|clearpoke
|poke|p1|Great Tusk|
|poke|p1|Iron Crown|
|poke|p1|Ogerpon-Wellspring, F|
|poke|p1|Zapdos|
|poke|p1|Iron Boulder|
|poke|p1|Zoroark-Hisui, M|
|poke|p2|Hydrapple, F|
|poke|p2|Tornadus-Therian, M|
|poke|p2|Slowking-Galar, F|
|poke|p2|Alomomola, F|
|poke|p2|Amoonguss, F|
|poke|p2|Mienshao, M|
|teampreview
|
|t:|1757844062
|teamsize|p1|6
|teamsize|p2|6
|start
|switch|p1a: Monster|Great Tusk|100/100
|switch|p2a: Tornadus|Tornadus-Therian, M|100/100
|turn|1
|
|t:|1757844071
|move|p1a: Monster|U-turn|p2a: Tornadus
|-resisted|p2a: Tornadus
|-damage|p2a: Tornadus|93/100
|
|t:|1757844076
|switch|p1a: Believer|Iron Crown|100/100|[from] U-turn
|move|p2a: Tornadus|Bleakwind Storm|p1a: Believer
|-resisted|p1a: Believer
|-damage|p1a: Believer|81/100
|
|upkeep
|turn|2
|
|t:|1757844091
|move|p2a: Tornadus|U-turn|p1a: Believer
|-damage|p1a: Believer|64/100
|
|t:|1757844094
|switch|p2a: Slowking|Slowking-Galar, F|100/100|[from] U-turn
|move|p1a: Believer|Volt Switch|p2a: Slowking
|-crit|p2a: Slowking
|-damage|p2a: Slowking|74/100
|
|t:|1757844105
|-end|p1a: Believer|Quark Drive|[silent]
|switch|p1a: Warriors|Iron Boulder|100/100|[from] Volt Switch
|-enditem|p1a: Warriors|Booster Energy
|-activate|p1a: Warriors|ability: Quark Drive|[fromitem]
|-start|p1a: Warriors|quarkdrivespe
|
|upkeep
|turn|3
|
|t:|1757844116
|switch|p2a: Hydrapple|Hydrapple, F|100/100
|move|p1a: Warriors|Swords Dance|p1a: Warriors
|-boost|p1a: Warriors|atk|2
|
|upkeep
|turn|4
|
|t:|1757844123
|-terastallize|p1a: Warriors|Fairy
|move|p1a: Warriors|Tera Blast|p2a: Hydrapple|[anim] Tera Blast Fairy
|-supereffective|p2a: Hydrapple
|-damage|p2a: Hydrapple|0 fnt
|faint|p2a: Hydrapple
|
|upkeep
|
|t:|1757844130
|switch|p2a: Amoonguss|Amoonguss, F|100/100
|turn|5
|
|t:|1757844139
|-end|p1a: Warriors|Quark Drive|[silent]
|switch|p1a: Believer|Iron Crown|64/100
|move|p2a: Amoonguss|Clear Smog|p1a: Believer
|-immune|p1a: Believer
|
|upkeep
|turn|6
|
|t:|1757844148
|move|p1a: Believer|Psychic Noise|p2a: Amoonguss
|-supereffective|p2a: Amoonguss
|-damage|p2a: Amoonguss|0 fnt
|faint|p2a: Amoonguss
|
|upkeep
|
|t:|1757844158
|switch|p2a: Mienshao|Mienshao, M|100/100
|turn|7
|
|t:|1757844161
|move|p2a: Mienshao|Knock Off|p1a: Believer
|-supereffective|p1a: Believer
|-damage|p1a: Believer|0 fnt
|-enditem|p1a: Believer|Choice Specs|[from] move: Knock Off|[of] p2a: Mienshao
|faint|p1a: Believer
|-end|p1a: Believer|Quark Drive|[silent]
|
|upkeep
|
|t:|1757844170
|switch|p1a: Warriors|Iron Boulder, tera:Fairy|100/100
|turn|8
|
|t:|1757844207
|switch|p2a: Slowking|Slowking-Galar, F|100/100
|move|p1a: Warriors|Tera Blast|p2a: Slowking|[anim] Tera Blast Fairy
|-resisted|p2a: Slowking
|-damage|p2a: Slowking|79/100
|
|upkeep
|turn|9
|
|t:|1757844215
|move|p1a: Warriors|Swords Dance|p1a: Warriors
|-boost|p1a: Warriors|atk|2
|move|p2a: Slowking|Sludge Bomb|p1a: Warriors
|-supereffective|p1a: Warriors
|-damage|p1a: Warriors|21/100
|
|upkeep
|turn|10
|
|t:|1757844222
|move|p1a: Warriors|Earthquake|p2a: Slowking
|-supereffective|p2a: Slowking
|-damage|p2a: Slowking|0 fnt
|faint|p2a: Slowking
|
|upkeep
|
|t:|1757844225
|switch|p2a: Mienshao|Mienshao, M|100/100
|turn|11
|
|t:|1757844231
|move|p2a: Mienshao|Close Combat|p1a: Warriors
|-resisted|p1a: Warriors
|-damage|p1a: Warriors|0 fnt
|-unboost|p2a: Mienshao|def|1
|-unboost|p2a: Mienshao|spd|1
|faint|p1a: Warriors
|-end|p1a: Warriors|Quark Drive|[silent]
|
|upkeep
|
|t:|1757844242
|switch|p1a: Monster|Great Tusk|100/100
|turn|12
|
|t:|1757844269
|switch|p2a: Alomomola|Alomomola, F|100/100
|move|p1a: Monster|Shadow Ball|p2a: Alomomola
|-damage|p2a: Alomomola|80/100
|
|upkeep
|turn|13
|
|t:|1757844277
|switch|p1a: Sharks|Ogerpon-Wellspring, F|100/100
|move|p2a: Alomomola|Mirror Coat||[still]
|-fail|p2a: Alomomola
|
|upkeep
|turn|14
|
|t:|1757844284
|switch|p2a: Tornadus|Tornadus-Therian, M|100/100
|move|p1a: Sharks|Swords Dance|p1a: Sharks
|-boost|p1a: Sharks|atk|2
|
|upkeep
|turn|15
|
|t:|1757844291
|switch|p1a: Thunder|Zapdos|100/100
|move|p2a: Tornadus|Bleakwind Storm|p1a: Thunder|[miss]
|-miss|p2a: Tornadus|p1a: Thunder
|
|upkeep
|turn|16
|
|t:|1757844299
|switch|p2a: Alomomola|Alomomola, F|100/100
|move|p1a: Thunder|Discharge|p2a: Alomomola
|-supereffective|p2a: Alomomola
|-damage|p2a: Alomomola|71/100
|
|upkeep
|turn|17
|
|t:|1757844306
|move|p1a: Thunder|Discharge|p2a: Alomomola
|-supereffective|p2a: Alomomola
|-damage|p2a: Alomomola|40/100
|move|p2a: Alomomola|Mirror Coat|p1a: Thunder
|-damage|p1a: Thunder|15/100
|
|upkeep
|turn|18
|
|t:|1757844313
|move|p1a: Thunder|Discharge|p2a: Alomomola
|-supereffective|p2a: Alomomola
|-damage|p2a: Alomomola|5/100
|-status|p2a: Alomomola|par
|move|p2a: Alomomola|Flip Turn|p1a: Thunder
|-damage|p1a: Thunder|2/100
|
|t:|1757844315
|switch|p2a: Tornadus|Tornadus-Therian, M|100/100|[from] Flip Turn
|
|upkeep
|turn|19
|
|t:|1757844325
|move|p2a: Tornadus|U-turn|p1a: Thunder
|-resisted|p1a: Thunder
|-damage|p1a: Thunder|0 fnt
|faint|p1a: Thunder
|
|t:|1757844327
|switch|p2a: Alomomola|Alomomola, F|39/100 par|[from] U-turn
|
|upkeep
|
|t:|1757844333
|switch|p1a: Monster|Great Tusk|100/100
|turn|20
|
|t:|1757844338
|move|p1a: Monster|Trick|p2a: Alomomola
|-activate|p1a: Monster|move: Trick|[of] p2a: Alomomola
|-item|p2a: Alomomola|Choice Scarf|[from] move: Trick
|-item|p1a: Monster|Assault Vest|[from] move: Trick
|move|p2a: Alomomola|Scald|p1a: Monster
|-damage|p1a: Monster|83/100
|replace|p1a: Eyes Closed|Zoroark-Hisui, M
|-end|p1a: Eyes Closed|Illusion
|
|upkeep
|turn|21
|
|t:|1757844347
|move|p1a: Eyes Closed|Shadow Ball|p2a: Alomomola
|-damage|p2a: Alomomola|9/100 par
|move|p2a: Alomomola|Scald|p1a: Eyes Closed
|-damage|p1a: Eyes Closed|62/100
|
|upkeep
|turn|22
|
|t:|1757844355
|move|p1a: Eyes Closed|Shadow Ball|p2a: Alomomola
|-damage|p2a: Alomomola|0 fnt
|faint|p2a: Alomomola
|
|upkeep
|
|t:|1757844358
|switch|p2a: Mienshao|Mienshao, M|100/100
|turn|23
|
|t:|1757844366
|switch|p1a: Monster|Great Tusk|100/100
|move|p2a: Mienshao|Knock Off|p1a: Monster
|-resisted|p1a: Monster
|-damage|p1a: Monster|89/100
|-enditem|p1a: Monster|Heavy-Duty Boots|[from] move: Knock Off|[of] p2a: Mienshao
|
|upkeep
|turn|24
|
|t:|1757844380
|switch|p2a: Tornadus|Tornadus-Therian, M|100/100
|move|p1a: Monster|Headlong Rush|p2a: Tornadus
|-immune|p2a: Tornadus
|
|upkeep
|turn|25
|
|t:|1757844401
|move|p2a: Tornadus|Bleakwind Storm|p1a: Monster
|-supereffective|p1a: Monster
|-damage|p1a: Monster|0 fnt
|faint|p1a: Monster
|-end|p1a: Monster|Protosynthesis|[silent]
|
|upkeep
|
|t:|1757844408
|switch|p1a: Sharks|Ogerpon-Wellspring, F|100/100
|turn|26
|
|t:|1757844412
|move|p2a: Tornadus|Bleakwind Storm|p1a: Sharks
|-supereffective|p1a: Sharks
|-damage|p1a: Sharks|21/100
|move|p1a: Sharks|Ivy Cudgel|p2a: Tornadus|[anim] Ivy Cudgel Water
|-damage|p2a: Tornadus|25/100
|
|upkeep
|turn|27
|
|t:|1757844420
|move|p2a: Tornadus|U-turn|p1a: Sharks
|-supereffective|p1a: Sharks
|-damage|p1a: Sharks|0 fnt
|faint|p1a: Sharks
|
|t:|1757844422
|switch|p2a: Mienshao|Mienshao, M|100/100|[from] U-turn
|
|upkeep
|
|t:|1757844427
|switch|p1a: Eyes Closed|Zoroark-Hisui, M|62/100
|turn|28
|
|t:|1757844441
|move|p2a: Mienshao|Knock Off|p1a: Eyes Closed
|-supereffective|p1a: Eyes Closed
|-damage|p1a: Eyes Closed|0 fnt
|-enditem|p1a: Eyes Closed|Assault Vest|[from] move: Knock Off|[of] p2a: Mienshao
|faint|p1a: Eyes Closed
|
|win|ahmijahh
|raw|ybdt's rating: 1184 &rarr; <strong>1160</strong><br />(-24 for losing)
|raw|ahmijahh's rating: 1198 &rarr; <strong>1222</strong><br />(+24 for winning)
|l|☆ybdt
|player|p1|
|l|☆ahmijahh
|player|p2|
