|j|☆Kr4ntz
|j|☆BAGGYB0167
|t:|1757952841
|gametype|singles
|player|p1|Kr4ntz|265|1372
|player|p2|BAGGYB0167|drayden|1400
|gen|9
|tier|[Gen 9] OU
|rated|
|rule|HP Percentage Mod: HP is shown in percentages
|rule|Endless Battle Clause: Forcing endless battles is banned
|rule|Species Clause: Limit one of each Pokémon
|rule|OHKO Clause: OHKO moves are banned
|rule|Evasion Items Clause: Evasion items are banned
|rule|Evasion Moves Clause: Evasion moves are banned
|rule|Evasion Abilities Clause: Evasion abilities are banned
|rule|Sleep Moves Clause: Sleep-inducing moves are banned
|clearpoke
|poke|p1|Avalugg-Hisui, F|
|poke|p1|Dragonite, M|
|poke|p1|Scizor, F|
|poke|p1|Cinderace, M|
|poke|p1|Iron Valiant|
|poke|p1|Ogerpon-Wellspring, F|
|poke|p2|Araquanid, M|
|poke|p2|Dragapult, F|
|poke|p2|Samurott-Hisui, M|
|poke|p2|Glimmora, F|
|poke|p2|Landorus-Therian, M|
|poke|p2|Gholdengo|
|teampreview
|inactive|Battle timer is ON: inactive players will automatically lose when time's up. (requested by BAGGYB0167)
|
|t:|1757952848
|teamsize|p1|6
|teamsize|p2|6
|start
|switch|p1a: Avalugg|Avalugg-Hisui, F|100/100
|switch|p2a: Dragapult|Dragapult, F|100/100
|turn|1
|
|t:|1757952857
|move|p2a: Dragapult|U-turn|p1a: Avalugg
|-damage|p1a: Avalugg|91/100
|
|t:|1757952860
|switch|p2a: Glimmora|Glimmora, F|100/100|[from] U-turn
|move|p1a: Avalugg|Stealth Rock|p2a: Glimmora
|-sidestart|p2: BAGGYB0167|move: Stealth Rock
|
|upkeep
|turn|2
|
|t:|1757952868
|move|p2a: Glimmora|Stealth Rock|p1a: Avalugg
|-sidestart|p1: Kr4ntz|move: Stealth Rock
|move|p1a: Avalugg|Icicle Spear|p2a: Glimmora
|-damage|p2a: Glimmora|82/100
|-activate|p2a: Glimmora|ability: Toxic Debris
|-sidestart|p1: Kr4ntz|move: Toxic Spikes
|-damage|p2a: Glimmora|64/100
|-activate|p2a: Glimmora|ability: Toxic Debris
|-sidestart|p1: Kr4ntz|move: Toxic Spikes
|-damage|p2a: Glimmora|46/100
|-damage|p2a: Glimmora|29/100
|-damage|p2a: Glimmora|14/100
|-hitcount|p2a: Glimmora|5
|-enditem|p2a: Glimmora|Red Card|[of] p1a: Avalugg
|drag|p1a: Dragonite|Dragonite, M|100/100
|
|upkeep
|turn|3
|
|t:|1757952878
|move|p2a: Glimmora|Mortal Spin|p1a: Dragonite
|-damage|p1a: Dragonite|97/100
|-status|p1a: Dragonite|psn
|-sideend|p2: BAGGYB0167|Stealth Rock|[from] move: Mortal Spin|[of] p2a: Glimmora
|move|p1a: Dragonite|Earthquake|p2a: Glimmora
|-supereffective|p2a: Glimmora
|-damage|p2a: Glimmora|0 fnt
|faint|p2a: Glimmora
|
|-damage|p1a: Dragonite|84/100 psn|[from] psn
|upkeep
|
|t:|1757952893
|switch|p2a: Dragapult|Dragapult, F|100/100
|turn|4
|
|t:|1757952906
|move|p2a: Dragapult|Hex|p1a: Dragonite
|-damage|p1a: Dragonite|27/100 psn
|move|p1a: Dragonite|Dragon Dance|p1a: Dragonite
|-boost|p1a: Dragonite|atk|1
|-boost|p1a: Dragonite|spe|1
|
|-damage|p1a: Dragonite|14/100 psn|[from] psn
|upkeep
|turn|5
|
|t:|1757952915
|switch|p2a: Araquanid|Araquanid, M|100/100
|move|p1a: Dragonite|Roost|p1a: Dragonite
|-heal|p1a: Dragonite|65/100 psn
|-singleturn|p1a: Dragonite|move: Roost
|
|-damage|p1a: Dragonite|52/100 psn|[from] psn
|upkeep
|turn|6
|
|t:|1757952923
|move|p1a: Dragonite|Dragon Dance|p1a: Dragonite
|-boost|p1a: Dragonite|atk|1
|-boost|p1a: Dragonite|spe|1
|move|p2a: Araquanid|Sticky Web|p1a: Dragonite
|-sidestart|p1: Kr4ntz|move: Sticky Web
|
|-damage|p1a: Dragonite|40/100 psn|[from] psn
|upkeep
|turn|7
|
|t:|1757952927
|move|p1a: Dragonite|Roost|p1a: Dragonite
|-heal|p1a: Dragonite|90/100 psn
|-singleturn|p1a: Dragonite|move: Roost
|move|p2a: Araquanid|Surf|p1a: Dragonite
|-resisted|p1a: Dragonite
|-damage|p1a: Dragonite|62/100 psn
|
|-damage|p1a: Dragonite|50/100 psn|[from] psn
|upkeep
|turn|8
|
|t:|1757952939
|move|p1a: Dragonite|Roost|p1a: Dragonite
|-heal|p1a: Dragonite|99/100 psn
|-singleturn|p1a: Dragonite|move: Roost
|move|p2a: Araquanid|Surf|p1a: Dragonite
|-resisted|p1a: Dragonite
|-damage|p1a: Dragonite|69/100 psn
|
|-damage|p1a: Dragonite|56/100 psn|[from] psn
|upkeep
|turn|9
|
|t:|1757952944
|-terastallize|p1a: Dragonite|Flying
|move|p1a: Dragonite|Tera Blast|p2a: Araquanid|[anim] Tera Blast Flying
|-supereffective|p2a: Araquanid
|-damage|p2a: Araquanid|0 fnt
|faint|p2a: Araquanid
|
|-damage|p1a: Dragonite|44/100 psn|[from] psn
|upkeep
|
|t:|1757952950
|switch|p2a: Samurott|Samurott-Hisui, M|100/100
|turn|10
|
|t:|1757952955
|move|p1a: Dragonite|Tera Blast|p2a: Samurott|[anim] Tera Blast Flying
|-enditem|p2a: Samurott|Focus Sash
|-damage|p2a: Samurott|1/100
|move|p2a: Samurott|Ceaseless Edge|p1a: Dragonite
|-damage|p1a: Dragonite|0 fnt
|-sidestart|p1: Kr4ntz|Spikes
|faint|p1a: Dragonite
|
|upkeep
|
|t:|1757952968
|switch|p1a: Avalugg|Avalugg-Hisui, F|91/100
|-damage|p1a: Avalugg|66/100|[from] Stealth Rock
|-status|p1a: Avalugg|tox
|-activate|p1a: Avalugg|move: Sticky Web
|-unboost|p1a: Avalugg|spe|1
|-damage|p1a: Avalugg|53/100 tox|[from] Spikes
|turn|11
|
|t:|1757952978
|switch|p2a: Gholdengo|Gholdengo|100/100
|-item|p2a: Gholdengo|Air Balloon
|move|p1a: Avalugg|Rapid Spin|p2a: Gholdengo
|-immune|p2a: Gholdengo
|
|-damage|p1a: Avalugg|47/100 tox|[from] psn
|upkeep
|turn|12
|
|t:|1757952985
|move|p2a: Gholdengo|Make It Rain|p1a: Avalugg
|-supereffective|p1a: Avalugg
|-damage|p1a: Avalugg|0 fnt
|-unboost|p2a: Gholdengo|spa|1
|faint|p1a: Avalugg
|
|upkeep
|
|t:|1757952990
|switch|p1a: Cinderace|Cinderace, M|100/100
|turn|13
|
|t:|1757952993
|switch|p2a: Samurott|Samurott-Hisui, M|1/100
|move|p1a: Cinderace|Pyro Ball|p2a: Samurott|[miss]
|-miss|p1a: Cinderace|p2a: Samurott
|
|upkeep
|turn|14
|
|t:|1757952998
|move|p1a: Cinderace|U-turn|p2a: Samurott
|-supereffective|p2a: Samurott
|-damage|p2a: Samurott|0 fnt
|faint|p2a: Samurott
|
|t:|1757953015
|switch|p1a: Iron Valiant|Iron Valiant|100/100|[from] U-turn
|-damage|p1a: Iron Valiant|94/100|[from] Stealth Rock
|-status|p1a: Iron Valiant|tox
|-activate|p1a: Iron Valiant|move: Sticky Web
|-unboost|p1a: Iron Valiant|spe|1
|-damage|p1a: Iron Valiant|82/100 tox|[from] Spikes
|
|-damage|p1a: Iron Valiant|76/100 tox|[from] psn
|upkeep
|
|t:|1757953022
|switch|p2a: Gholdengo|Gholdengo|100/100
|-item|p2a: Gholdengo|Air Balloon
|turn|15
|
|t:|1757953027
|move|p2a: Gholdengo|Hex|p1a: Iron Valiant
|-damage|p1a: Iron Valiant|0 fnt
|faint|p1a: Iron Valiant
|-end|p1a: Iron Valiant|Quark Drive|[silent]
|
|upkeep
|
|t:|1757953031
|switch|p1a: Cinderace|Cinderace, M|100/100
|turn|16
|
|t:|1757953040
|switch|p2a: Landorus|Landorus-Therian, M|100/100
|-ability|p2a: Landorus|Intimidate|boost
|-unboost|p1a: Cinderace|atk|1
|move|p1a: Cinderace|Pyro Ball|p2a: Landorus
|-damage|p2a: Landorus|53/100
|
|upkeep
|turn|17
|
|t:|1757953049
|switch|p1a: Scizor|Scizor, F|100/100
|-damage|p1a: Scizor|88/100|[from] Stealth Rock
|-activate|p1a: Scizor|move: Sticky Web
|-unboost|p1a: Scizor|spe|1
|-damage|p1a: Scizor|76/100|[from] Spikes
|move|p2a: Landorus|Earthquake|p1a: Scizor
|-damage|p1a: Scizor|19/100
|
|upkeep
|turn|18
|
|t:|1757953054
|move|p1a: Scizor|Bullet Punch|p2a: Landorus
|-damage|p2a: Landorus|0 fnt
|faint|p2a: Landorus
|
|upkeep
|
|t:|1757953060
|switch|p2a: Gholdengo|Gholdengo|100/100
|-item|p2a: Gholdengo|Air Balloon
|turn|19
|
|t:|1757953066
|move|p1a: Scizor|Bullet Punch|p2a: Gholdengo
|-resisted|p2a: Gholdengo
|-damage|p2a: Gholdengo|71/100
|-enditem|p2a: Gholdengo|Air Balloon
|move|p2a: Gholdengo|Hex|p1a: Scizor
|-damage|p1a: Scizor|0 fnt
|faint|p1a: Scizor
|
|upkeep
|
|t:|1757953069
|switch|p1a: Cinderace|Cinderace, M|100/100
|turn|20
|
|t:|1757953076
|-terastallize|p2a: Gholdengo|Fighting
|move|p1a: Cinderace|Pyro Ball|p2a: Gholdengo
|-damage|p2a: Gholdengo|4/100
|move|p2a: Gholdengo|Focus Blast|p1a: Cinderace|[miss]
|-miss|p2a: Gholdengo|p1a: Cinderace
|
|upkeep
|turn|21
|
|t:|1757953085
|move|p1a: Cinderace|Pyro Ball|p2a: Gholdengo
|-damage|p2a: Gholdengo|0 fnt
|faint|p2a: Gholdengo
|
|upkeep
|
|t:|1757953086
|switch|p2a: Dragapult|Dragapult, F|100/100
|turn|22
|
|t:|1757953091
|move|p2a: Dragapult|Hex|p1a: Cinderace
|-damage|p1a: Cinderace|60/100
|move|p1a: Cinderace|Pyro Ball|p2a: Dragapult
|-resisted|p2a: Dragapult
|-damage|p2a: Dragapult|58/100
|
|upkeep
|turn|23
|
|t:|1757953097
|move|p2a: Dragapult|Hex|p1a: Cinderace
|-damage|p1a: Cinderace|16/100
|move|p1a: Cinderace|Pyro Ball|p2a: Dragapult
|-resisted|p2a: Dragapult
|-damage|p2a: Dragapult|0 fnt
|faint|p2a: Dragapult
|
|win|Kr4ntz
|raw|Kr4ntz's rating: 1372 &rarr; <strong>1394</strong><br />(+22 for winning)
|raw|BAGGYB0167's rating: 1400 &rarr; <strong>1378</strong><br />(-22 for losing)
|l|☆Kr4ntz
|player|p1|
|l|☆BAGGYB0167
|player|p2|
