|j|☆Devrai
|j|☆Pineapple8081
|t:|1757905940
|gametype|singles
|player|p1|Devrai|zinnia|1434
|player|p2|Pineapple8081|veteranf|1455
|gen|9
|tier|[Gen 9] OU
|rated|
|rule|HP Percentage Mod: HP is shown in percentages
|rule|Endless Battle Clause: Forcing endless battles is banned
|rule|Species Clause: Limit one of each Pokémon
|rule|OHKO Clause: OHKO moves are banned
|rule|Evasion Items Clause: Evasion items are banned
|rule|Evasion Moves Clause: Evasion moves are banned
|rule|Evasion Abilities Clause: Evasion abilities are banned
|rule|Sleep Moves Clause: Sleep-inducing moves are banned
|clearpoke
|poke|p1|Araquanid, M|
|poke|p1|Skeledirge, M|
|poke|p1|Enamorus, F|
|poke|p1|Iron Treads|
|poke|p1|Latios, M|
|poke|p1|Raichu, F|
|poke|p2|Zapdos|
|poke|p2|Rillaboom, M|
|poke|p2|Gholdengo|
|poke|p2|Tyranitar, M|
|poke|p2|Chesnaught, F|
|poke|p2|Garchomp, F|
|teampreview
|inactive|Battle timer is ON: inactive players will automatically lose when time's up. (requested by Pineapple8081)
|
|t:|1757905946
|teamsize|p1|6
|teamsize|p2|6
|start
|switch|p1a: Bubble Buddy|Araquanid, M, shiny|100/100
|switch|p2a: Zapdos|Zapdos|100/100
|turn|1
|
|t:|1757905954
|move|p2a: Zapdos|Hurricane|p1a: Bubble Buddy
|-supereffective|p1a: Bubble Buddy
|-damage|p1a: Bubble Buddy|12/100
|move|p1a: Bubble Buddy|Sticky Web|p2a: Zapdos
|-sidestart|p2: Pineapple8081|move: Sticky Web
|
|-heal|p1a: Bubble Buddy|18/100|[from] item: Leftovers
|upkeep
|turn|2
|
|t:|1757905958
|switch|p1a: Ampere|Raichu, F|100/100
|move|p2a: Zapdos|Volt Switch|p1a: Ampere
|-ability|p1a: Ampere|Lightning Rod|boost
|-boost|p1a: Ampere|spa|1
|
|upkeep
|turn|3
|
|t:|1757905962
|switch|p2a: Garchomp|Garchomp, F|100/100
|-activate|p2a: Garchomp|move: Sticky Web
|-unboost|p2a: Garchomp|spe|1
|move|p1a: Ampere|Alluring Voice|p2a: Garchomp
|-supereffective|p2a: Garchomp
|-damage|p2a: Garchomp|27/100
|-damage|p1a: Ampere|91/100|[from] item: Life Orb
|
|upkeep
|turn|4
|
|t:|1757905970
|switch|p2a: Tyranitar|Tyranitar, M|100/100
|-weather|Sandstorm|[from] ability: Sand Stream|[of] p2a: Tyranitar
|move|p1a: Ampere|Surf|p2a: Tyranitar
|-supereffective|p2a: Tyranitar
|-damage|p2a: Tyranitar|33/100
|-damage|p1a: Ampere|81/100|[from] item: Life Orb
|
|-weather|Sandstorm|[upkeep]
|-damage|p1a: Ampere|75/100|[from] Sandstorm
|upkeep
|turn|5
|
|t:|1757905975
|move|p1a: Ampere|Alluring Voice|p2a: Tyranitar
|-supereffective|p2a: Tyranitar
|-damage|p2a: Tyranitar|0 fnt
|faint|p2a: Tyranitar
|-damage|p1a: Ampere|65/100|[from] item: Life Orb
|
|-weather|Sandstorm|[upkeep]
|-damage|p1a: Ampere|59/100|[from] Sandstorm
|upkeep
|
|t:|1757905981
|switch|p2a: Rillaboom|Rillaboom, M|100/100
|-activate|p2a: Rillaboom|move: Sticky Web
|-unboost|p2a: Rillaboom|spe|1
|-fieldstart|move: Grassy Terrain|[from] ability: Grassy Surge|[of] p2a: Rillaboom
|turn|6
|
|t:|1757905986
|switch|p1a: Treadmill|Iron Treads, shiny|100/100
|move|p2a: Rillaboom|Grassy Glide|p1a: Treadmill
|-damage|p1a: Treadmill|70/100
|
|-weather|Sandstorm|[upkeep]
|-damage|p2a: Rillaboom|94/100|[from] Sandstorm
|-heal|p1a: Treadmill|76/100|[from] Grassy Terrain
|-heal|p2a: Rillaboom|100/100|[from] Grassy Terrain
|upkeep
|turn|7
|
|t:|1757905989
|move|p1a: Treadmill|Stealth Rock|p2a: Rillaboom
|-sidestart|p2: Pineapple8081|move: Stealth Rock
|move|p2a: Rillaboom|U-turn|p1a: Treadmill
|-resisted|p1a: Treadmill
|-damage|p1a: Treadmill|65/100
|
|t:|1757905995
|switch|p2a: Chesnaught|Chesnaught, F|100/100|[from] U-turn
|-activate|p2a: Chesnaught|move: Sticky Web
|-unboost|p2a: Chesnaught|spe|1
|-damage|p2a: Chesnaught|94/100|[from] Stealth Rock
|
|-weather|Sandstorm|[upkeep]
|-damage|p2a: Chesnaught|88/100|[from] Sandstorm
|-heal|p1a: Treadmill|71/100|[from] Grassy Terrain
|-heal|p2a: Chesnaught|94/100|[from] Grassy Terrain
|upkeep
|turn|8
|
|t:|1757905999
|-end|p1a: Treadmill|Quark Drive|[silent]
|switch|p1a: Jet Lag|Latios, M, shiny|100/100
|move|p2a: Chesnaught|Belly Drum|p2a: Chesnaught
|-damage|p2a: Chesnaught|44/100
|-setboost|p2a: Chesnaught|atk|6|[from] move: Belly Drum
|-enditem|p2a: Chesnaught|Sitrus Berry|[eat]
|-heal|p2a: Chesnaught|69/100|[from] item: Sitrus Berry
|
|-weather|none
|-heal|p2a: Chesnaught|75/100|[from] Grassy Terrain
|upkeep
|turn|9
|
|t:|1757906003
|move|p2a: Chesnaught|Grassy Glide|p1a: Jet Lag
|-resisted|p1a: Jet Lag
|-damage|p1a: Jet Lag|0 fnt
|faint|p1a: Jet Lag
|
|-heal|p2a: Chesnaught|81/100|[from] Grassy Terrain
|upkeep
|
|t:|1757906006
|switch|p1a: King Gator|Skeledirge, M, shiny|100/100
|turn|10
|
|t:|1757906008
|move|p1a: King Gator|Will-O-Wisp|p2a: Chesnaught
|-status|p2a: Chesnaught|brn
|move|p2a: Chesnaught|Knock Off|p1a: King Gator
|-supereffective|p1a: King Gator
|-damage|p1a: King Gator|73/100
|-enditem|p1a: King Gator|Leftovers|[from] move: Knock Off|[of] p2a: Chesnaught
|
|-heal|p1a: King Gator|79/100|[from] Grassy Terrain
|-heal|p2a: Chesnaught|87/100 brn|[from] Grassy Terrain
|-damage|p2a: Chesnaught|81/100 brn|[from] brn
|upkeep
|turn|11
|
|t:|1757906018
|switch|p2a: Garchomp|Garchomp, F|27/100
|-activate|p2a: Garchomp|move: Sticky Web
|-unboost|p2a: Garchomp|spe|1
|-damage|p2a: Garchomp|21/100|[from] Stealth Rock
|move|p1a: King Gator|Torch Song|p2a: Garchomp
|-resisted|p2a: Garchomp
|-damage|p2a: Garchomp|5/100
|-boost|p1a: King Gator|spa|1
|
|-heal|p1a: King Gator|85/100|[from] Grassy Terrain
|-heal|p2a: Garchomp|11/100|[from] Grassy Terrain
|upkeep
|turn|12
|
|t:|1757906022
|switch|p1a: Mistress|Enamorus, F, shiny|100/100
|move|p2a: Garchomp|Stealth Rock|p1a: Mistress
|-sidestart|p1: Devrai|move: Stealth Rock
|
|-heal|p2a: Garchomp|17/100|[from] Grassy Terrain
|upkeep
|turn|13
|
|t:|1757906024
|-terastallize|p1a: Mistress|Stellar
|move|p1a: Mistress|Tera Blast|p2a: Garchomp|[anim] Tera Blast Stellar
|-damage|p2a: Garchomp|0 fnt
|-boost|p1a: Mistress|atk|1
|-boost|p1a: Mistress|spa|1
|faint|p2a: Garchomp
|
|-fieldend|move: Grassy Terrain
|upkeep
|
|t:|1757906029
|switch|p2a: Gholdengo|Gholdengo|100/100
|-damage|p2a: Gholdengo|94/100|[from] Stealth Rock
|-item|p2a: Gholdengo|Air Balloon
|turn|14
|
|t:|1757906032
|move|p1a: Mistress|Tera Blast|p2a: Gholdengo|[anim] Tera Blast Stellar
|-damage|p2a: Gholdengo|49/100
|-boost|p1a: Mistress|atk|1
|-boost|p1a: Mistress|spa|1
|-enditem|p2a: Gholdengo|Air Balloon
|move|p2a: Gholdengo|Thunder Wave|p1a: Mistress
|-status|p1a: Mistress|par
|
|upkeep
|turn|15
|
|t:|1757906035
|move|p2a: Gholdengo|Make It Rain|p1a: Mistress
|-supereffective|p1a: Mistress
|-damage|p1a: Mistress|9/100 par
|-unboost|p2a: Gholdengo|spa|1
|cant|p1a: Mistress|par
|
|upkeep
|turn|16
|
|t:|1757906037
|move|p2a: Gholdengo|Hex|p1a: Mistress
|-damage|p1a: Mistress|0 fnt
|faint|p1a: Mistress
|
|upkeep
|
|t:|1757906040
|switch|p1a: King Gator|Skeledirge, M, shiny|85/100
|-damage|p1a: King Gator|60/100|[from] Stealth Rock
|turn|17
|
|t:|1757906044
|switch|p1a: Ampere|Raichu, F|59/100
|-damage|p1a: Ampere|46/100|[from] Stealth Rock
|move|p2a: Gholdengo|Thunder Wave|p1a: Ampere
|-ability|p1a: Ampere|Lightning Rod|boost
|-boost|p1a: Ampere|spa|1
|
|upkeep
|turn|18
|l|☆Devrai
|inactive|Devrai disconnected and has a minute to reconnect!
|player|p1|
|j|☆Devrai
|inactive|Devrai reconnected and has 135 seconds left.
|player|p1|Devrai|zinnia|
|
|t:|1757906067
|switch|p2a: Rillaboom|Rillaboom, M|100/100
|-activate|p2a: Rillaboom|move: Sticky Web
|-unboost|p2a: Rillaboom|spe|1
|-damage|p2a: Rillaboom|88/100|[from] Stealth Rock
|-fieldstart|move: Grassy Terrain|[from] ability: Grassy Surge|[of] p2a: Rillaboom
|move|p1a: Ampere|Thunderbolt|p2a: Rillaboom
|-resisted|p2a: Rillaboom
|-damage|p2a: Rillaboom|40/100
|-status|p2a: Rillaboom|par
|-damage|p1a: Ampere|36/100|[from] item: Life Orb
|
|-heal|p1a: Ampere|42/100|[from] Grassy Terrain
|-heal|p2a: Rillaboom|46/100 par|[from] Grassy Terrain
|upkeep
|turn|19
|
|t:|1757906070
|move|p2a: Rillaboom|Grassy Glide|p1a: Ampere
|-damage|p1a: Ampere|0 fnt
|faint|p1a: Ampere
|
|-heal|p2a: Rillaboom|53/100 par|[from] Grassy Terrain
|upkeep
|
|t:|1757906073
|switch|p1a: King Gator|Skeledirge, M, shiny|60/100
|-damage|p1a: King Gator|35/100|[from] Stealth Rock
|turn|20
|
|t:|1757906077
|move|p1a: King Gator|Slack Off|p1a: King Gator
|-heal|p1a: King Gator|85/100
|cant|p2a: Rillaboom|par
|
|-heal|p1a: King Gator|91/100|[from] Grassy Terrain
|-heal|p2a: Rillaboom|59/100 par|[from] Grassy Terrain
|upkeep
|turn|21
|
|t:|1757906079
|switch|p2a: Gholdengo|Gholdengo|49/100
|-activate|p2a: Gholdengo|move: Sticky Web
|-unboost|p2a: Gholdengo|spe|1
|-damage|p2a: Gholdengo|43/100|[from] Stealth Rock
|move|p1a: King Gator|Torch Song|p2a: Gholdengo
|-supereffective|p2a: Gholdengo
|-damage|p2a: Gholdengo|0 fnt
|-boost|p1a: King Gator|spa|1
|faint|p2a: Gholdengo
|
|-heal|p1a: King Gator|97/100|[from] Grassy Terrain
|upkeep
|c|☆Devrai|G
|
|t:|1757906085
|switch|p2a: Zapdos|Zapdos|100/100
|turn|22
|
|t:|1757906089
|move|p2a: Zapdos|Hurricane|p1a: King Gator
|-damage|p1a: King Gator|50/100
|move|p1a: King Gator|Torch Song|p2a: Zapdos
|-crit|p2a: Zapdos
|-damage|p2a: Zapdos|14/100
|-boost|p1a: King Gator|spa|1
|
|-heal|p1a: King Gator|57/100|[from] Grassy Terrain
|upkeep
|turn|23
|
|t:|1757906095
|move|p2a: Zapdos|Hurricane|p1a: King Gator|[miss]
|-miss|p2a: Zapdos|p1a: King Gator
|move|p1a: King Gator|Slack Off|p1a: King Gator
|-heal|p1a: King Gator|100/100
|
|upkeep
|turn|24
|
|t:|1757906097
|-terastallize|p2a: Zapdos|Fire
|move|p2a: Zapdos|Roost|p2a: Zapdos
|-heal|p2a: Zapdos|64/100
|move|p1a: King Gator|Torch Song|p2a: Zapdos
|-resisted|p2a: Zapdos
|-damage|p2a: Zapdos|24/100
|-boost|p1a: King Gator|spa|1
|
|-heal|p2a: Zapdos|30/100|[from] Grassy Terrain
|upkeep
|turn|25
|
|t:|1757906102
|move|p2a: Zapdos|Volt Switch|p1a: King Gator
|-damage|p1a: King Gator|71/100
|
|t:|1757906105
|switch|p2a: Rillaboom|Rillaboom, M|59/100 par|[from] Volt Switch
|-activate|p2a: Rillaboom|move: Sticky Web
|-unboost|p2a: Rillaboom|spe|1
|-damage|p2a: Rillaboom|46/100 par|[from] Stealth Rock
|move|p1a: King Gator|Torch Song|p2a: Rillaboom
|-supereffective|p2a: Rillaboom
|-crit|p2a: Rillaboom
|-damage|p2a: Rillaboom|0 fnt
|-boost|p1a: King Gator|spa|1
|faint|p2a: Rillaboom
|
|-heal|p1a: King Gator|77/100|[from] Grassy Terrain
|-fieldend|move: Grassy Terrain
|upkeep
|l|☆Devrai
|inactive|Devrai disconnected and has a minute to reconnect!
|player|p1|
|
|t:|1757906107
|switch|p2a: Zapdos|Zapdos, tera:Fire|30/100
|turn|26
|j|☆Devrai
|inactive|Devrai reconnected and has 140 seconds left.
|player|p1|Devrai|zinnia|
|
|t:|1757906120
|move|p2a: Zapdos|Hurricane|p1a: King Gator
|-damage|p1a: King Gator|33/100
|-start|p1a: King Gator|confusion
|-activate|p1a: King Gator|confusion
|move|p1a: King Gator|Torch Song|p2a: Zapdos
|-resisted|p2a: Zapdos
|-damage|p2a: Zapdos|0 fnt
|-boost|p1a: King Gator|spa|1
|faint|p2a: Zapdos
|
|upkeep
|
|t:|1757906124
|switch|p2a: Chesnaught|Chesnaught, F|81/100 brn
|-activate|p2a: Chesnaught|move: Sticky Web
|-unboost|p2a: Chesnaught|spe|1
|-damage|p2a: Chesnaught|75/100 brn|[from] Stealth Rock
|turn|27
|
|t:|1757906127
|-activate|p1a: King Gator|confusion
|-damage|p1a: King Gator|29/100|[from] confusion
|move|p2a: Chesnaught|Knock Off|p1a: King Gator
|-supereffective|p1a: King Gator
|-damage|p1a: King Gator|11/100
|
|-damage|p2a: Chesnaught|69/100 brn|[from] brn
|upkeep
|turn|28
|
|t:|1757906131
|-end|p1a: King Gator|confusion
|move|p1a: King Gator|Slack Off|p1a: King Gator
|-heal|p1a: King Gator|61/100
|move|p2a: Chesnaught|Knock Off|p1a: King Gator
|-supereffective|p1a: King Gator
|-damage|p1a: King Gator|44/100
|
|-damage|p2a: Chesnaught|63/100 brn|[from] brn
|upkeep
|turn|29
|-message|Pineapple8081 forfeited.
|
|win|Devrai
|raw|Devrai's rating: 1434 &rarr; <strong>1455</strong><br />(+21 for winning)
|raw|Pineapple8081's rating: 1455 &rarr; <strong>1434</strong><br />(-21 for losing)
|l|☆Pineapple8081
|player|p2|
|l|☆Devrai
|player|p1|
