|j|☆zxlwm
|j|☆Underquill
|t:|1757854667
|gametype|singles
|player|p1|zxlwm|170|1309
|player|p2|Underquill|2|1341
|gen|9
|tier|[Gen 9] OU
|rated|
|rule|HP Percentage Mod: HP is shown in percentages
|rule|Endless Battle Clause: Forcing endless battles is banned
|rule|Species Clause: Limit one of each Pokémon
|rule|OHKO Clause: OHKO moves are banned
|rule|Evasion Items Clause: Evasion items are banned
|rule|Evasion Moves Clause: Evasion moves are banned
|rule|Evasion Abilities Clause: Evasion abilities are banned
|rule|Sleep Moves Clause: Sleep-inducing moves are banned
|clearpoke
|poke|p1|Gallade, M|
|poke|p1|Garchomp, F|
|poke|p1|Ninetales-Alola, F|
|poke|p1|Gyarados, F|
|poke|p1|Incineroar, M|
|poke|p1|Orthworm, M|
|poke|p2|Alomomola, M|
|poke|p2|Incineroar, F|
|poke|p2|Pecharunt|
|poke|p2|Ogerpon-Wellspring, F|
|poke|p2|Scizor, F|
|poke|p2|Scream Tail|
|teampreview
|inactive|Battle timer is ON: inactive players will automatically lose when time's up. (requested by Underquill)
|
|t:|1757854684
|teamsize|p1|6
|teamsize|p2|6
|start
|switch|p1a: Orthworm|Orthworm, M|100/100
|switch|p2a: Alomomola|Alomomola, M|100/100
|turn|1
|
|t:|1757854687
|move|p2a: Alomomola|Flip Turn|p1a: Orthworm
|-damage|p1a: Orthworm|88/100
|
|t:|1757854692
|switch|p2a: Incineroar|Incineroar, F|100/100|[from] Flip Turn
|-ability|p2a: Incineroar|Intimidate|boost
|-unboost|p1a: Orthworm|atk|1
|move|p1a: Orthworm|Stealth Rock|p2a: Incineroar
|-sidestart|p2: Underquill|move: Stealth Rock
|
|-heal|p1a: Orthworm|94/100|[from] item: Leftovers
|upkeep
|turn|2
|
|t:|1757854697
|move|p1a: Orthworm|Body Press|p2a: Incineroar
|-supereffective|p2a: Incineroar
|-damage|p2a: Incineroar|50/100
|move|p2a: Incineroar|Bulk Up|p2a: Incineroar
|-boost|p2a: Incineroar|atk|1
|-boost|p2a: Incineroar|def|1
|
|-heal|p1a: Orthworm|100/100|[from] item: Leftovers
|upkeep
|turn|3
|
|t:|1757854703
|switch|p1a: Incineroar|Incineroar, M|100/100
|-ability|p1a: Incineroar|Intimidate|boost
|-unboost|p2a: Incineroar|atk|1
|move|p2a: Incineroar|Flare Blitz|p1a: Incineroar
|-resisted|p1a: Incineroar
|-damage|p1a: Incineroar|71/100
|-damage|p2a: Incineroar|40/100|[from] Recoil
|
|upkeep
|turn|4
|
|t:|1757854709
|switch|p2a: Alomomola|Alomomola, M|100/100
|-damage|p2a: Alomomola|88/100|[from] Stealth Rock
|move|p1a: Incineroar|Fake Out|p2a: Alomomola
|-damage|p2a: Alomomola|80/100
|
|upkeep
|turn|5
|
|t:|1757854714
|move|p2a: Alomomola|Wish|p2a: Alomomola
|move|p1a: Incineroar|Knock Off|p2a: Alomomola
|-damage|p2a: Alomomola|62/100
|
|upkeep
|turn|6
|
|t:|1757854716
|move|p2a: Alomomola|Flip Turn|p1a: Incineroar
|-supereffective|p1a: Incineroar
|-damage|p1a: Incineroar|42/100
|
|t:|1757854720
|switch|p2a: Incineroar|Incineroar, F|40/100|[from] Flip Turn
|-ability|p2a: Incineroar|Intimidate|boost
|-unboost|p1a: Incineroar|atk|1
|move|p1a: Incineroar|U-turn|p2a: Incineroar
|-damage|p2a: Incineroar|24/100
|
|t:|1757854728
|switch|p1a: Garchomp|Garchomp, F|100/100|[from] U-turn
|
|-heal|p2a: Incineroar|92/100|[from] move: Wish|[wisher] Alomomola
|upkeep
|turn|7
|
|t:|1757854734
|switch|p2a: Alomomola|Alomomola, M|95/100
|-damage|p2a: Alomomola|83/100|[from] Stealth Rock
|move|p1a: Garchomp|Swords Dance|p1a: Garchomp
|-boost|p1a: Garchomp|atk|2
|
|upkeep
|turn|8
|
|t:|1757854738
|move|p1a: Garchomp|Scale Shot|p2a: Alomomola|[miss]
|-miss|p1a: Garchomp|p2a: Alomomola
|move|p2a: Alomomola|Flip Turn|p1a: Garchomp
|-damage|p1a: Garchomp|85/100
|-damage|p2a: Alomomola|70/100|[from] ability: Rough Skin|[of] p1a: Garchomp
|
|t:|1757854742
|switch|p2a: Scream Tail|Scream Tail|100/100|[from] Flip Turn
|-damage|p2a: Scream Tail|88/100|[from] Stealth Rock
|-enditem|p2a: Scream Tail|Booster Energy
|-activate|p2a: Scream Tail|ability: Protosynthesis|[fromitem]
|-start|p2a: Scream Tail|protosynthesisspd
|
|upkeep
|turn|9
|
|t:|1757854752
|move|p1a: Garchomp|Iron Head|p2a: Scream Tail
|-supereffective|p2a: Scream Tail
|-damage|p2a: Scream Tail|0 fnt
|faint|p2a: Scream Tail
|-end|p2a: Scream Tail|Protosynthesis|[silent]
|
|upkeep
|
|t:|1757854758
|switch|p2a: Ogerpon|Ogerpon-Wellspring, F|100/100
|-damage|p2a: Ogerpon|88/100|[from] Stealth Rock
|turn|10
|
|t:|1757854761
|move|p2a: Ogerpon|Encore|p1a: Garchomp
|-start|p1a: Garchomp|Encore
|move|p1a: Garchomp|Iron Head|p2a: Ogerpon
|-resisted|p2a: Ogerpon
|-damage|p2a: Ogerpon|53/100
|
|upkeep
|turn|11
|
|t:|1757854764
|move|p2a: Ogerpon|Play Rough|p1a: Garchomp
|-supereffective|p1a: Garchomp
|-damage|p1a: Garchomp|8/100
|-damage|p2a: Ogerpon|41/100|[from] ability: Rough Skin|[of] p1a: Garchomp
|move|p1a: Garchomp|Iron Head|p2a: Ogerpon
|-resisted|p2a: Ogerpon
|-damage|p2a: Ogerpon|7/100
|
|upkeep
|turn|12
|
|t:|1757854771
|switch|p1a: Incineroar|Incineroar, M|42/100
|-ability|p1a: Incineroar|Intimidate|boost
|-unboost|p2a: Ogerpon|atk|1
|move|p2a: Ogerpon|Play Rough|p1a: Incineroar
|-damage|p1a: Incineroar|20/100
|
|upkeep
|turn|13
|
|t:|1757854778
|switch|p2a: Pecharunt|Pecharunt|100/100
|-damage|p2a: Pecharunt|88/100|[from] Stealth Rock
|-item|p2a: Pecharunt|Air Balloon
|move|p1a: Incineroar|Fake Out|p2a: Pecharunt
|-immune|p2a: Pecharunt
|
|upkeep
|turn|14
|
|t:|1757854780
|move|p2a: Pecharunt|Parting Shot|p1a: Incineroar
|-unboost|p1a: Incineroar|atk|1
|-unboost|p1a: Incineroar|spa|1
|
|t:|1757854784
|switch|p2a: Ogerpon|Ogerpon-Wellspring, F|7/100|[from] Parting Shot
|-damage|p2a: Ogerpon|0 fnt|[from] Stealth Rock
|faint|p2a: Ogerpon
|move|p1a: Incineroar|Knock Off|p2: Ogerpon|[notarget]
|-fail|p1a: Incineroar
|
|upkeep
|
|t:|1757854793
|switch|p2a: Incineroar|Incineroar, F|92/100
|-ability|p2a: Incineroar|Intimidate|boost
|-unboost|p1a: Incineroar|atk|1
|turn|15
|
|t:|1757854795
|switch|p1a: Orthworm|Orthworm, M|100/100
|move|p2a: Incineroar|Bulk Up|p2a: Incineroar
|-boost|p2a: Incineroar|atk|1
|-boost|p2a: Incineroar|def|1
|
|upkeep
|turn|16
|
|t:|1757854808
|switch|p1a: Incineroar|Incineroar, M|20/100
|-ability|p1a: Incineroar|Intimidate|boost
|-unboost|p2a: Incineroar|atk|1
|move|p2a: Incineroar|Bulk Up|p2a: Incineroar
|-boost|p2a: Incineroar|atk|1
|-boost|p2a: Incineroar|def|1
|
|upkeep
|turn|17
|
|t:|1757854812
|move|p1a: Incineroar|Fake Out|p2a: Incineroar
|-damage|p2a: Incineroar|85/100
|cant|p2a: Incineroar|flinch
|
|upkeep
|turn|18
|
|t:|1757854815
|move|p1a: Incineroar|Knock Off|p2a: Incineroar
|-resisted|p2a: Incineroar
|-damage|p2a: Incineroar|73/100
|-enditem|p2a: Incineroar|Heavy-Duty Boots|[from] move: Knock Off|[of] p1a: Incineroar
|move|p2a: Incineroar|Bulk Up|p2a: Incineroar
|-boost|p2a: Incineroar|atk|1
|-boost|p2a: Incineroar|def|1
|
|upkeep
|turn|19
|
|t:|1757854823
|switch|p1a: Gallade|Gallade, M|100/100
|move|p2a: Incineroar|Trailblaze|p1a: Gallade
|-damage|p1a: Gallade|36/100
|-boost|p2a: Incineroar|spe|1
|
|upkeep
|turn|20
|
|t:|1757854829
|move|p1a: Gallade|Sacred Sword|p2a: Incineroar
|-supereffective|p2a: Incineroar
|-damage|p2a: Incineroar|0 fnt
|faint|p2a: Incineroar
|
|upkeep
|-message|Underquill forfeited.
|
|win|zxlwm
|raw|zxlwm's rating: 1309 &rarr; <strong>1331</strong><br />(+22 for winning)
|raw|Underquill's rating: 1341 &rarr; <strong>1319</strong><br />(-22 for losing)
|l|☆Underquill
|player|p2|
|l|☆zxlwm
|player|p1|
