|j|☆Indecisive124
|j|☆harc
|t:|1757814305
|gametype|singles
|player|p1|Indecisive124|2|1358
|player|p2|harc|lady|1391
|gen|9
|tier|[Gen 9] OU
|rated|
|rule|HP Percentage Mod: HP is shown in percentages
|rule|Endless Battle Clause: Forcing endless battles is banned
|rule|Species Clause: Limit one of each Pokémon
|rule|OHKO Clause: OHKO moves are banned
|rule|Evasion Items Clause: Evasion items are banned
|rule|Evasion Moves Clause: Evasion moves are banned
|rule|Evasion Abilities Clause: Evasion abilities are banned
|rule|Sleep Moves Clause: Sleep-inducing moves are banned
|clearpoke
|poke|p1|Tyranitar, F|
|poke|p1|Kingambit, F|
|poke|p1|Enamorus, F|
|poke|p1|Great Tusk|
|poke|p1|Reuniclus, M|
|poke|p1|Walking Wake|
|poke|p2|Corviknight, F|
|poke|p2|Clefable, M|
|poke|p2|Tyranitar, F|
|poke|p2|Dondozo, F|
|poke|p2|Forretress, F|
|poke|p2|Brambleghast, M|
|teampreview
|
|t:|1757814321
|teamsize|p1|6
|teamsize|p2|6
|start
|switch|p1a: Tyranitar|Tyranitar, F|100/100
|switch|p2a: Forretress|Forretress, F|100/100
|-weather|Sandstorm|[from] ability: Sand Stream|[of] p1a: Tyranitar
|turn|1
|
|t:|1757814330
|move|p1a: Tyranitar|Knock Off|p2a: Forretress
|-damage|p2a: Forretress|64/100
|-enditem|p2a: Forretress|Light Clay|[from] move: Knock Off|[of] p1a: Tyranitar
|move|p2a: Forretress|Stealth Rock|p1a: Tyranitar
|-sidestart|p1: Indecisive124|move: Stealth Rock
|
|-weather|Sandstorm|[upkeep]
|upkeep
|turn|2
|
|t:|1757814339
|move|p1a: Tyranitar|Stone Edge|p2a: Forretress
|-damage|p2a: Forretress|25/100
|move|p2a: Forretress|Reflect|p2a: Forretress
|-sidestart|p2: harc|Reflect
|
|-weather|Sandstorm|[upkeep]
|upkeep
|turn|3
|
|t:|1757814347
|move|p1a: Tyranitar|Stone Edge|p2a: Forretress
|-crit|p2a: Forretress
|-damage|p2a: Forretress|0 fnt
|faint|p2a: Forretress
|
|-weather|Sandstorm|[upkeep]
|upkeep
|
|t:|1757814353
|switch|p2a: Brambleghast|Brambleghast, M|100/100
|turn|4
|
|t:|1757814370
|move|p2a: Brambleghast|Power Whip|p1a: Tyranitar
|-supereffective|p1a: Tyranitar
|-damage|p1a: Tyranitar|14/100
|move|p1a: Tyranitar|Stealth Rock|p2a: Brambleghast
|-sidestart|p2: harc|move: Stealth Rock
|
|-weather|Sandstorm|[upkeep]
|-damage|p2a: Brambleghast|95/100|[from] Sandstorm
|upkeep
|turn|5
|-enditem|p1a: Tyranitar|Custap Berry|[eat]
|-activate|p1a: Tyranitar|item: Custap Berry|[consumed]
|
|t:|1757814379
|move|p1a: Tyranitar|Knock Off|p2a: Brambleghast
|-supereffective|p2a: Brambleghast
|-damage|p2a: Brambleghast|6/100
|-enditem|p2a: Brambleghast|Heavy-Duty Boots|[from] move: Knock Off|[of] p1a: Tyranitar
|move|p2a: Brambleghast|Facade|p1a: Tyranitar
|-resisted|p1a: Tyranitar
|-damage|p1a: Tyranitar|4/100
|
|-weather|none
|upkeep
|turn|6
|
|t:|1757814391
|move|p2a: Brambleghast|Rapid Spin|p1a: Tyranitar
|-resisted|p1a: Tyranitar
|-damage|p1a: Tyranitar|0 fnt
|-boost|p2a: Brambleghast|spe|1
|-sideend|p2: harc|Stealth Rock|[from] move: Rapid Spin|[of] p2a: Brambleghast
|faint|p1a: Tyranitar
|
|-sideend|p2: harc|Reflect
|upkeep
|
|t:|1757814401
|switch|p1a: Reuniclus|Reuniclus, M|100/100
|turn|7
|l|☆harc
|player|p2|
|inactive|Battle timer is ON: inactive players will automatically lose when time's up. (requested by Indecisive124)
|j|☆harc
|inactive|harc reconnected and has 135 seconds left.
|player|p2|harc|lady|
|
|t:|1757814458
|move|p2a: Brambleghast|Poltergeist|p1a: Reuniclus
|-activate|p1a: Reuniclus|move: Poltergeist|Life Orb
|-supereffective|p1a: Reuniclus
|-damage|p1a: Reuniclus|0 fnt
|faint|p1a: Reuniclus
|
|upkeep
|-message|Indecisive124 forfeited.
|
|win|harc
|raw|Indecisive124's rating: 1358 &rarr; <strong>1340</strong><br />(-18 for losing)
|raw|harc's rating: 1391 &rarr; <strong>1409</strong><br />(+18 for winning)
|l|☆Indecisive124
|player|p1|
|l|☆harc
|player|p2|
