|j|☆pbsdotorg
|j|☆matougris
|t:|1757934102
|gametype|singles
|player|p1|pbsdotorg|emmet|1491
|player|p2|matougris|cameraman|1514
|gen|9
|tier|[Gen 9] OU
|rated|
|rule|HP Percentage Mod: HP is shown in percentages
|rule|Endless Battle Clause: Forcing endless battles is banned
|rule|Species Clause: Limit one of each Pokémon
|rule|OHKO Clause: OHKO moves are banned
|rule|Evasion Items Clause: Evasion items are banned
|rule|Evasion Moves Clause: Evasion moves are banned
|rule|Evasion Abilities Clause: Evasion abilities are banned
|rule|Sleep Moves Clause: Sleep-inducing moves are banned
|clearpoke
|poke|p1|Samurott-Hisui, M|
|poke|p1|Great Tusk|
|poke|p1|Volcanion|
|poke|p1|Hydrapple, M|
|poke|p1|Gholdengo|
|poke|p1|Landorus-Therian, M|
|poke|p2|Torkoal, M|
|poke|p2|Walking Wake|
|poke|p2|Iron Moth|
|poke|p2|Kingambit, F|
|poke|p2|Lilligant-Hisui, F|
|poke|p2|Great Tusk|
|teampreview
|inactive|Battle timer is ON: inactive players will automatically lose when time's up. (requested by pbsdotorg)
|
|t:|1757934113
|teamsize|p1|6
|teamsize|p2|6
|start
|switch|p1a: Great Tusk|Great Tusk|100/100
|switch|p2a: here comes the|Torkoal, M, shiny|100/100
|-weather|SunnyDay|[from] ability: Drought|[of] p2a: here comes the
|-activate|p1a: Great Tusk|ability: Protosynthesis
|-start|p1a: Great Tusk|protosynthesisatk
|turn|1
|
|t:|1757934123
|switch|p2a: streapteaseuse|Lilligant-Hisui, F, shiny|100/100
|move|p1a: Great Tusk|Headlong Rush|p2a: streapteaseuse
|-resisted|p2a: streapteaseuse
|-damage|p2a: streapteaseuse|42/100
|-unboost|p1a: Great Tusk|def|1
|-unboost|p1a: Great Tusk|spd|1
|
|-weather|SunnyDay|[upkeep]
|upkeep
|turn|2
|
|t:|1757934136
|-end|p1a: Great Tusk|Protosynthesis|[silent]
|switch|p1a: Hydrapple|Hydrapple, M|100/100
|move|p2a: streapteaseuse|Solar Blade||[still]
|-prepare|p2a: streapteaseuse|Solar Blade
|-anim|p2a: streapteaseuse|Solar Blade|p1a: Hydrapple
|-resisted|p1a: Hydrapple
|-damage|p1a: Hydrapple|89/100
|-damage|p2a: streapteaseuse|25/100|[from] item: Rocky Helmet|[of] p1a: Hydrapple
|-damage|p2a: streapteaseuse|15/100|[from] item: Life Orb
|
|-weather|SunnyDay|[upkeep]
|upkeep
|turn|3
|
|t:|1757934147
|move|p2a: streapteaseuse|Ice Spinner|p1a: Hydrapple
|-supereffective|p1a: Hydrapple
|-damage|p1a: Hydrapple|7/100
|-damage|p2a: streapteaseuse|0 fnt|[from] item: Rocky Helmet|[of] p1a: Hydrapple
|faint|p2a: streapteaseuse
|move|p1a: Hydrapple|Fickle Beam|p2: streapteaseuse|[notarget]
|-fail|p1a: Hydrapple
|
|-weather|SunnyDay|[upkeep]
|upkeep
|
|t:|1757934156
|switch|p2a: long queue|Walking Wake|100/100
|-activate|p2a: long queue|ability: Protosynthesis
|-start|p2a: long queue|protosynthesisspe
|turn|4
|
|t:|1757934168
|move|p2a: long queue|Dragon Pulse|p1a: Hydrapple
|-supereffective|p1a: Hydrapple
|-damage|p1a: Hydrapple|0 fnt
|faint|p1a: Hydrapple
|-damage|p2a: long queue|91/100|[from] item: Life Orb
|
|-weather|SunnyDay|[upkeep]
|upkeep
|
|t:|1757934177
|switch|p1a: Samurott|Samurott-Hisui, M|100/100
|turn|5
|
|t:|1757934179
|move|p2a: long queue|Dragon Pulse|p1a: Samurott
|-damage|p1a: Samurott|57/100
|-damage|p2a: long queue|81/100|[from] item: Life Orb
|move|p1a: Samurott|Knock Off|p2a: long queue
|-damage|p2a: long queue|38/100
|-enditem|p2a: long queue|Life Orb|[from] move: Knock Off|[of] p1a: Samurott
|
|-weather|SunnyDay|[upkeep]
|upkeep
|turn|6
|
|t:|1757934193
|move|p2a: long queue|Draco Meteor|p1a: Samurott
|-damage|p1a: Samurott|11/100
|-unboost|p2a: long queue|spa|2
|move|p1a: Samurott|Ceaseless Edge|p2a: long queue
|-damage|p2a: long queue|0 fnt
|-sidestart|p2: matougris|Spikes
|faint|p2a: long queue
|-end|p2a: long queue|Protosynthesis|[silent]
|
|-weather|SunnyDay|[upkeep]
|upkeep
|
|t:|1757934198
|switch|p2a: tapfort 1|Great Tusk, shiny|100/100
|-damage|p2a: tapfort 1|88/100|[from] Spikes
|-activate|p2a: tapfort 1|ability: Protosynthesis
|-start|p2a: tapfort 1|protosynthesisatk
|turn|7
|
|t:|1757934204
|switch|p1a: Gholdengo|Gholdengo|100/100
|-item|p1a: Gholdengo|Air Balloon
|move|p2a: tapfort 1|Rapid Spin|p1a: Gholdengo
|-immune|p1a: Gholdengo
|
|-weather|SunnyDay|[upkeep]
|upkeep
|turn|8
|
|t:|1757934219
|-end|p2a: tapfort 1|Protosynthesis|[silent]
|switch|p2a: frapfort 2|Kingambit, F, shiny|100/100
|-damage|p2a: frapfort 2|88/100|[from] Spikes
|-activate|p2a: frapfort 2|ability: Supreme Overlord
|-start|p2a: frapfort 2|fallen2|[silent]
|move|p1a: Gholdengo|Make It Rain|p2a: frapfort 2
|-resisted|p2a: frapfort 2
|-damage|p2a: frapfort 2|59/100
|-unboost|p1a: Gholdengo|spa|1
|
|-weather|none
|-heal|p2a: frapfort 2|65/100|[from] item: Leftovers
|upkeep
|turn|9
|
|t:|1757934223
|switch|p1a: Landorus|Landorus-Therian, M|100/100
|-ability|p1a: Landorus|Intimidate|boost
|-unboost|p2a: frapfort 2|atk|1
|move|p2a: frapfort 2|Swords Dance|p2a: frapfort 2
|-boost|p2a: frapfort 2|atk|2
|
|-heal|p2a: frapfort 2|71/100|[from] item: Leftovers
|upkeep
|turn|10
|
|t:|1757934230
|-terastallize|p2a: frapfort 2|Fairy
|move|p1a: Landorus|Earthquake|p2a: frapfort 2
|-damage|p2a: frapfort 2|33/100
|move|p2a: frapfort 2|Tera Blast|p1a: Landorus|[anim] Tera Blast Fairy
|-damage|p1a: Landorus|0 fnt
|faint|p1a: Landorus
|
|-heal|p2a: frapfort 2|39/100|[from] item: Leftovers
|upkeep
|
|t:|1757934243
|switch|p1a: Volcanion|Volcanion|100/100
|turn|11
|
|t:|1757934248
|-end|p2a: frapfort 2|fallen2|[silent]
|switch|p2a: here comes the|Torkoal, M, shiny|100/100
|-damage|p2a: here comes the|88/100|[from] Spikes
|-weather|SunnyDay|[from] ability: Drought|[of] p2a: here comes the
|move|p1a: Volcanion|Sludge Bomb|p2a: here comes the
|-damage|p2a: here comes the|63/100
|
|-weather|SunnyDay|[upkeep]
|upkeep
|turn|12
|
|t:|1757934253
|move|p1a: Volcanion|Steam Eruption|p2a: here comes the
|-supereffective|p2a: here comes the
|-damage|p2a: here comes the|15/100
|move|p2a: here comes the|Rapid Spin|p1a: Volcanion
|-damage|p1a: Volcanion|93/100
|-boost|p2a: here comes the|spe|1
|-sideend|p2: matougris|Spikes|[from] move: Rapid Spin|[of] p2a: here comes the
|
|-weather|SunnyDay|[upkeep]
|upkeep
|turn|13
|
|t:|1757934260
|move|p1a: Volcanion|Steam Eruption|p2a: here comes the
|-supereffective|p2a: here comes the
|-crit|p2a: here comes the
|-damage|p2a: here comes the|0 fnt
|faint|p2a: here comes the
|
|-weather|SunnyDay|[upkeep]
|upkeep
|
|t:|1757934263
|switch|p2a: tapfort 1|Great Tusk, shiny|88/100
|-activate|p2a: tapfort 1|ability: Protosynthesis
|-start|p2a: tapfort 1|protosynthesisatk
|turn|14
|
|t:|1757934269
|-terastallize|p1a: Volcanion|Bug
|move|p2a: tapfort 1|Ice Spinner|p1a: Volcanion
|-crit|p1a: Volcanion
|-damage|p1a: Volcanion|33/100
|-damage|p2a: tapfort 1|78/100|[from] item: Life Orb
|move|p1a: Volcanion|Will-O-Wisp|p2a: tapfort 1|[miss]
|-miss|p1a: Volcanion|p2a: tapfort 1
|
|-weather|SunnyDay|[upkeep]
|upkeep
|turn|15
|
|t:|1757934276
|move|p2a: tapfort 1|Rapid Spin|p1a: Volcanion
|-damage|p1a: Volcanion|9/100
|-boost|p2a: tapfort 1|spe|1
|-damage|p2a: tapfort 1|68/100|[from] item: Life Orb
|move|p1a: Volcanion|Will-O-Wisp|p2a: tapfort 1
|-status|p2a: tapfort 1|brn
|
|-weather|SunnyDay|[upkeep]
|-damage|p2a: tapfort 1|62/100 brn|[from] brn
|upkeep
|turn|16
|
|t:|1757934280
|move|p2a: tapfort 1|Ice Spinner|p1a: Volcanion
|-damage|p1a: Volcanion|0 fnt
|faint|p1a: Volcanion
|-damage|p2a: tapfort 1|52/100 brn|[from] item: Life Orb
|
|-weather|SunnyDay|[upkeep]
|-damage|p2a: tapfort 1|46/100 brn|[from] brn
|upkeep
|
|t:|1757934284
|switch|p1a: Great Tusk|Great Tusk|100/100
|-activate|p1a: Great Tusk|ability: Protosynthesis
|-start|p1a: Great Tusk|protosynthesisatk
|turn|17
|
|t:|1757934289
|move|p2a: tapfort 1|Close Combat|p1a: Great Tusk
|-damage|p1a: Great Tusk|58/100
|-unboost|p2a: tapfort 1|def|1
|-unboost|p2a: tapfort 1|spd|1
|-damage|p2a: tapfort 1|36/100 brn|[from] item: Life Orb
|move|p1a: Great Tusk|Rapid Spin|p2a: tapfort 1
|-damage|p2a: tapfort 1|13/100 brn
|-boost|p1a: Great Tusk|spe|1
|
|-weather|SunnyDay|[upkeep]
|-damage|p2a: tapfort 1|7/100 brn|[from] brn
|upkeep
|turn|18
|
|t:|1757934295
|move|p1a: Great Tusk|Rapid Spin|p2a: tapfort 1
|-damage|p2a: tapfort 1|0 fnt
|-boost|p1a: Great Tusk|spe|1
|faint|p2a: tapfort 1
|-end|p2a: tapfort 1|Protosynthesis|[silent]
|
|-weather|none
|-end|p1a: Great Tusk|Protosynthesis
|upkeep
|
|t:|1757934301
|switch|p2a: frapfort 2|Kingambit, F, shiny, tera:Fairy|39/100
|-activate|p2a: frapfort 2|ability: Supreme Overlord
|-start|p2a: frapfort 2|fallen4|[silent]
|turn|19
|c|☆matougris|gg
|
|t:|1757934313
|move|p1a: Great Tusk|Headlong Rush|p2a: frapfort 2
|-damage|p2a: frapfort 2|0 fnt
|-unboost|p1a: Great Tusk|def|1
|-unboost|p1a: Great Tusk|spd|1
|faint|p2a: frapfort 2
|-end|p2a: frapfort 2|fallen4|[silent]
|
|upkeep
|inactive|matougris has 120 seconds left.
|
|t:|1757934344
|switch|p2a: la mite|Iron Moth|100/100
|-enditem|p2a: la mite|Booster Energy
|-activate|p2a: la mite|ability: Quark Drive|[fromitem]
|-start|p2a: la mite|quarkdrivespe
|turn|20
|
|t:|1757934349
|move|p1a: Great Tusk|Headlong Rush|p2a: la mite
|-supereffective|p2a: la mite
|-damage|p2a: la mite|0 fnt
|-unboost|p1a: Great Tusk|def|1
|-unboost|p1a: Great Tusk|spd|1
|faint|p2a: la mite
|-end|p2a: la mite|Quark Drive|[silent]
|
|win|pbsdotorg
|raw|pbsdotorg's rating: 1491 &rarr; <strong>1512</strong><br />(+21 for winning)
|raw|matougris's rating: 1514 &rarr; <strong>1493</strong><br />(-21 for losing)
|l|☆matougris
|player|p2|
|l|☆pbsdotorg
|player|p1|
