|j|☆Reukra671
|j|☆hongbong
|t:|1757911607
|gametype|singles
|player|p1|Reukra671|winona|1434
|player|p2|hongbong|n|1409
|gen|9
|tier|[Gen 9] OU
|rated|
|rule|HP Percentage Mod: HP is shown in percentages
|rule|Endless Battle Clause: Forcing endless battles is banned
|rule|Species Clause: Limit one of each Pokémon
|rule|OHKO Clause: OHKO moves are banned
|rule|Evasion Items Clause: Evasion items are banned
|rule|Evasion Moves Clause: Evasion moves are banned
|rule|Evasion Abilities Clause: Evasion abilities are banned
|rule|Sleep Moves Clause: Sleep-inducing moves are banned
|clearpoke
|poke|p1|Zamazenta-*|
|poke|p1|Ting-Lu|
|poke|p1|Hydrapple, F|
|poke|p1|Necrozma|
|poke|p1|Weavile, F|
|poke|p1|Moltres|
|poke|p2|Blaziken, M|
|poke|p2|Tentacruel, M|
|poke|p2|Zoroark-Hisui, M|
|poke|p2|Lycanroc-Dusk, M|
|poke|p2|Ogerpon, F|
|poke|p2|Hoopa-Unbound|
|teampreview
|
|t:|1757911627
|teamsize|p1|6
|teamsize|p2|6
|start
|switch|p1a: Necrozma|Necrozma, shiny|100/100
|switch|p2a: Blaziken|Blaziken, M|100/100
|turn|1
|inactive|Battle timer is ON: inactive players will automatically lose when time's up. (requested by hongbong)
|
|t:|1757911633
|move|p2a: Blaziken|Shadow Ball|p1a: Necrozma
|-supereffective|p1a: Necrozma
|-damage|p1a: Necrozma|2/100
|move|p1a: Necrozma|Photon Geyser|p2a: Blaziken
|-crit|p2a: Blaziken
|-damage|p2a: Blaziken|0 fnt
|replace|p2a: Zoroark|Zoroark-Hisui, M
|-end|p2a: Zoroark|Illusion
|faint|p2a: Zoroark
|
|-heal|p1a: Necrozma|8/100|[from] item: Leftovers
|upkeep
|
|t:|1757911645
|switch|p2a: Ogerpon|Ogerpon, F|100/100
|turn|2
|
|t:|1757911650
|move|p2a: Ogerpon|U-turn|p1a: Necrozma
|-supereffective|p1a: Necrozma
|-damage|p1a: Necrozma|0 fnt
|faint|p1a: Necrozma
|
|t:|1757911652
|switch|p2a: Tentacruel|Tentacruel, M|100/100|[from] U-turn
|
|upkeep
|
|t:|1757911662
|switch|p1a: Hydrapple|Hydrapple, F, shiny|100/100
|turn|3
|
|t:|1757911667
|move|p2a: Tentacruel|Sludge Bomb|p1a: Hydrapple
|-supereffective|p1a: Hydrapple
|-damage|p1a: Hydrapple|48/100
|move|p1a: Hydrapple|Nasty Plot|p1a: Hydrapple
|-boost|p1a: Hydrapple|spa|2
|
|upkeep
|turn|4
|
|t:|1757911671
|-terastallize|p1a: Hydrapple|Poison
|move|p2a: Tentacruel|Sludge Bomb|p1a: Hydrapple
|-resisted|p1a: Hydrapple
|-damage|p1a: Hydrapple|36/100
|move|p1a: Hydrapple|Earth Power|p2a: Tentacruel
|-supereffective|p2a: Tentacruel
|-damage|p2a: Tentacruel|53/100
|
|upkeep
|turn|5
|
|t:|1757911676
|move|p2a: Tentacruel|Surf|p1a: Hydrapple
|-damage|p1a: Hydrapple|10/100
|move|p1a: Hydrapple|Earth Power|p2a: Tentacruel
|-supereffective|p2a: Tentacruel
|-damage|p2a: Tentacruel|5/100
|
|upkeep
|turn|6
|
|t:|1757911684
|switch|p1a: Zamazenta|Zamazenta|100/100
|-ability|p1a: Zamazenta|Dauntless Shield|boost
|-boost|p1a: Zamazenta|def|1
|move|p2a: Tentacruel|Flip Turn|p1a: Zamazenta
|-damage|p1a: Zamazenta|92/100
|
|t:|1757911691
|switch|p2a: Hoopa|Hoopa-Unbound|100/100|[from] Flip Turn
|
|upkeep
|turn|7
|
|t:|1757911696
|switch|p1a: Ting-Lu|Ting-Lu|100/100
|-ability|p1a: Ting-Lu|Vessel of Ruin
|move|p2a: Hoopa|Focus Blast|p1a: Ting-Lu
|-supereffective|p1a: Ting-Lu
|-damage|p1a: Ting-Lu|59/100
|
|-heal|p1a: Ting-Lu|65/100|[from] item: Leftovers
|upkeep
|turn|8
|
|t:|1757911701
|move|p2a: Hoopa|Nasty Plot|p2a: Hoopa
|-boost|p2a: Hoopa|spa|2
|move|p1a: Ting-Lu|Earthquake|p2a: Hoopa
|-damage|p2a: Hoopa|39/100
|
|-heal|p1a: Ting-Lu|71/100|[from] item: Leftovers
|upkeep
|turn|9
|
|t:|1757911705
|move|p2a: Hoopa|Focus Blast|p1a: Ting-Lu
|-supereffective|p1a: Ting-Lu
|-damage|p1a: Ting-Lu|0 fnt
|faint|p1a: Ting-Lu
|
|upkeep
|
|t:|1757911706
|switch|p1a: Zamazenta|Zamazenta|92/100
|turn|10
|
|t:|1757911712
|move|p1a: Zamazenta|Close Combat|p2a: Hoopa
|-damage|p2a: Hoopa|0 fnt
|-unboost|p1a: Zamazenta|def|1
|-unboost|p1a: Zamazenta|spd|1
|faint|p2a: Hoopa
|
|upkeep
|
|t:|1757911720
|switch|p2a: Blaziken|Blaziken, M|100/100
|turn|11
|
|t:|1757911722
|switch|p1a: Moltres|Moltres|100/100
|move|p2a: Blaziken|Knock Off|p1a: Moltres
|-crit|p1a: Moltres
|-damage|p1a: Moltres|63/100
|-enditem|p1a: Moltres|Heavy-Duty Boots|[from] move: Knock Off|[of] p2a: Blaziken
|
|-ability|p2a: Blaziken|Speed Boost|boost
|-boost|p2a: Blaziken|spe|1
|upkeep
|turn|12
|
|t:|1757911728
|switch|p2a: Lycanroc|Lycanroc-Dusk, M|100/100
|move|p1a: Moltres|Roar|p2a: Lycanroc
|drag|p2a: Ogerpon|Ogerpon, F|100/100
|
|upkeep
|turn|13
|
|t:|1757911733
|switch|p2a: Blaziken|Blaziken, M|100/100
|move|p1a: Moltres|U-turn|p2a: Blaziken
|-resisted|p2a: Blaziken
|-damage|p2a: Blaziken|95/100
|
|t:|1757911738
|switch|p1a: Zamazenta|Zamazenta|92/100|[from] U-turn
|
|upkeep
|turn|14
|
|t:|1757911740
|move|p1a: Zamazenta|Close Combat|p2a: Blaziken
|-damage|p2a: Blaziken|4/100
|-unboost|p1a: Zamazenta|def|1
|-unboost|p1a: Zamazenta|spd|1
|-enditem|p2a: Blaziken|Liechi Berry|[eat]
|-boost|p2a: Blaziken|atk|1|[from] item: Liechi Berry
|move|p2a: Blaziken|Knock Off|p1a: Zamazenta
|-resisted|p1a: Zamazenta
|-damage|p1a: Zamazenta|52/100
|-enditem|p1a: Zamazenta|Heavy-Duty Boots|[from] move: Knock Off|[of] p2a: Blaziken
|
|-ability|p2a: Blaziken|Speed Boost|boost
|-boost|p2a: Blaziken|spe|1
|upkeep
|turn|15
|
|t:|1757911750
|switch|p1a: Moltres|Moltres|63/100
|move|p2a: Blaziken|Endure||[still]
|-fail|p2a: Blaziken
|
|-ability|p2a: Blaziken|Speed Boost|boost
|-boost|p2a: Blaziken|spe|1
|upkeep
|turn|16
|
|t:|1757911753
|-terastallize|p2a: Blaziken|Fighting
|move|p2a: Blaziken|Reversal|p1a: Moltres
|-resisted|p1a: Moltres
|-damage|p1a: Moltres|0 fnt
|faint|p1a: Moltres
|
|-ability|p2a: Blaziken|Speed Boost|boost
|-boost|p2a: Blaziken|spe|1
|upkeep
|
|t:|1757911756
|switch|p1a: Weavile|Weavile, F|100/100
|-ability|p1a: Weavile|Pressure
|turn|17
|
|t:|1757911757
|move|p2a: Blaziken|Upper Hand|p1a: Weavile
|-supereffective|p1a: Weavile
|-damage|p1a: Weavile|0 fnt
|faint|p1a: Weavile
|
|-ability|p2a: Blaziken|Speed Boost|boost
|-boost|p2a: Blaziken|spe|1
|upkeep
|
|t:|1757911760
|switch|p1a: Hydrapple|Hydrapple, F, shiny, tera:Poison|44/100
|turn|18
|
|t:|1757911764
|switch|p1a: Zamazenta|Zamazenta|52/100
|move|p2a: Blaziken|Reversal|p1a: Zamazenta
|-damage|p1a: Zamazenta|0 fnt
|faint|p1a: Zamazenta
|
|-ability|p2a: Blaziken|Speed Boost|boost
|-boost|p2a: Blaziken|spe|1
|upkeep
|
|t:|1757911766
|switch|p1a: Hydrapple|Hydrapple, F, shiny, tera:Poison|77/100
|turn|19
|
|t:|1757911770
|move|p2a: Blaziken|Reversal|p1a: Hydrapple
|-resisted|p1a: Hydrapple
|-damage|p1a: Hydrapple|20/100
|move|p1a: Hydrapple|Giga Drain|p2a: Blaziken
|-damage|p2a: Blaziken|0 fnt
|-heal|p1a: Hydrapple|21/100|[from] drain|[of] p2a: Blaziken
|faint|p2a: Blaziken
|
|upkeep
|
|t:|1757911775
|switch|p2a: Lycanroc|Lycanroc-Dusk, M|100/100
|turn|20
|
|t:|1757911779
|move|p2a: Lycanroc|Stone Edge|p1a: Hydrapple
|-damage|p1a: Hydrapple|0 fnt
|faint|p1a: Hydrapple
|
|win|hongbong
|raw|Reukra671's rating: 1434 &rarr; <strong>1413</strong><br />(-21 for losing)
|raw|hongbong's rating: 1409 &rarr; <strong>1430</strong><br />(+21 for winning)
|l|☆hongbong
|player|p2|
