|j|☆Kharrnage
|j|☆TR Javale McGee
|t:|1757912273
|gametype|singles
|player|p1|Kharrnage|dancer|1159
|player|p2|TR Javale McGee|pokemaniac|1190
|gen|9
|tier|[Gen 9] OU
|rated|
|rule|HP Percentage Mod: HP is shown in percentages
|rule|Endless Battle Clause: Forcing endless battles is banned
|rule|Species Clause: Limit one of each Pokémon
|rule|OHKO Clause: OHKO moves are banned
|rule|Evasion Items Clause: Evasion items are banned
|rule|Evasion Moves Clause: Evasion moves are banned
|rule|Evasion Abilities Clause: Evasion abilities are banned
|rule|Sleep Moves Clause: Sleep-inducing moves are banned
|clearpoke
|poke|p1|Arcanine, M|
|poke|p1|Salamence, M|
|poke|p1|Milotic, F|
|poke|p1|Braviary-Hisui, M|
|poke|p1|Lucario, M|
|poke|p1|Garchomp, M|
|poke|p2|Landorus-Therian, M|
|poke|p2|Meowscarada, F|
|poke|p2|Rotom-Wash|
|poke|p2|Latios, M|
|poke|p2|Weezing-Galar, M|
|poke|p2|Garganacl, F|
|teampreview
|
|t:|1757912279
|teamsize|p1|6
|teamsize|p2|6
|start
|switch|p1a: Braviary|Braviary-Hisui, M, shiny|100/100
|switch|p2a: Meowscarada|Meowscarada, F|100/100
|turn|1
|inactive|Battle timer is ON: inactive players will automatically lose when time's up. (requested by TR Javale McGee)
|
|t:|1757912287
|switch|p1a: Arcanine|Arcanine, M, shiny|100/100
|-ability|p1a: Arcanine|Intimidate|boost
|-unboost|p2a: Meowscarada|atk|1
|move|p2a: Meowscarada|U-turn|p1a: Arcanine
|-start|p2a: Meowscarada|typechange|Bug|[from] ability: Protean
|-resisted|p1a: Arcanine
|-damage|p1a: Arcanine|92/100
|
|t:|1757912291
|switch|p2a: Garganacl|Garganacl, F|100/100|[from] U-turn
|
|upkeep
|turn|2
|
|t:|1757912304
|switch|p1a: Garchomp|Garchomp, M|100/100
|move|p2a: Garganacl|Salt Cure|p1a: Garchomp
|-resisted|p1a: Garchomp
|-damage|p1a: Garchomp|95/100
|-start|p1a: Garchomp|Salt Cure
|
|-damage|p1a: Garchomp|82/100|[from] Salt Cure
|upkeep
|turn|3
|
|t:|1757912311
|switch|p2a: Landorus|Landorus-Therian, M|100/100
|-ability|p2a: Landorus|Intimidate|boost
|-unboost|p1a: Garchomp|atk|1
|move|p1a: Garchomp|Stealth Rock|p2a: Landorus
|-sidestart|p2: TR Javale McGee|move: Stealth Rock
|
|-damage|p1a: Garchomp|70/100|[from] Salt Cure
|upkeep
|turn|4
|
|t:|1757912319
|move|p2a: Landorus|Stealth Rock|p1a: Garchomp
|-sidestart|p1: Kharrnage|move: Stealth Rock
|move|p1a: Garchomp|Swords Dance|p1a: Garchomp
|-boost|p1a: Garchomp|atk|2
|
|-damage|p1a: Garchomp|57/100|[from] Salt Cure
|upkeep
|turn|5
|
|t:|1757912333
|switch|p2a: Weezing|Weezing-Galar, M|100/100
|-ability|p2a: Weezing|Neutralizing Gas
|move|p1a: Garchomp|Dragon Tail|p2a: Weezing
|-immune|p2a: Weezing
|
|-damage|p1a: Garchomp|45/100|[from] Salt Cure
|upkeep
|turn|6
|
|t:|1757912341
|-end|p2a: Weezing|ability: Neutralizing Gas
|switch|p2a: Landorus|Landorus-Therian, M|100/100
|-damage|p2a: Landorus|88/100|[from] Stealth Rock
|-ability|p2a: Landorus|Intimidate|boost
|-unboost|p1a: Garchomp|atk|1
|move|p1a: Garchomp|Earthquake|p2a: Landorus
|-immune|p2a: Landorus
|
|-heal|p2a: Landorus|94/100|[from] item: Leftovers
|-damage|p1a: Garchomp|32/100|[from] Salt Cure
|upkeep
|turn|7
|
|t:|1757912353
|switch|p1a: Braviary|Braviary-Hisui, M, shiny|100/100
|-damage|p1a: Braviary|75/100|[from] Stealth Rock
|move|p2a: Landorus|Earthquake|p1a: Braviary
|-immune|p1a: Braviary
|
|-heal|p2a: Landorus|100/100|[from] item: Leftovers
|upkeep
|turn|8
|
|t:|1757912382
|move|p2a: Landorus|U-turn|p1a: Braviary
|-damage|p1a: Braviary|46/100
|
|t:|1757912385
|switch|p2a: Garganacl|Garganacl, F|100/100|[from] U-turn
|-damage|p2a: Garganacl|88/100|[from] Stealth Rock
|move|p1a: Braviary|Icy Wind|p2a: Garganacl
|-damage|p2a: Garganacl|68/100
|
|-heal|p2a: Garganacl|74/100|[from] item: Leftovers
|upkeep
|turn|9
|
|t:|1757912395
|move|p1a: Braviary|Psychic|p2a: Garganacl
|-damage|p2a: Garganacl|21/100
|move|p2a: Garganacl|Salt Cure|p1a: Braviary
|-supereffective|p1a: Braviary
|-crit|p1a: Braviary
|-damage|p1a: Braviary|4/100
|-start|p1a: Braviary|Salt Cure
|
|-heal|p2a: Garganacl|27/100|[from] item: Leftovers
|-damage|p1a: Braviary|0 fnt|[from] Salt Cure
|faint|p1a: Braviary
|upkeep
|
|t:|1757912404
|switch|p1a: Lucario|Lucario, M, shiny|100/100
|-damage|p1a: Lucario|97/100|[from] Stealth Rock
|turn|10
|
|t:|1757912409
|switch|p2a: Weezing|Weezing-Galar, M|100/100
|-ability|p2a: Weezing|Neutralizing Gas
|move|p1a: Lucario|Swords Dance|p1a: Lucario
|-boost|p1a: Lucario|atk|2
|
|upkeep
|turn|11
|
|t:|1757912415
|-end|p2a: Weezing|ability: Neutralizing Gas
|switch|p2a: Landorus|Landorus-Therian, M|100/100
|-damage|p2a: Landorus|88/100|[from] Stealth Rock
|-ability|p2a: Landorus|Intimidate|boost
|-fail|p1a: Lucario|unboost|Attack|[from] ability: Inner Focus|[of] p1a: Lucario
|move|p1a: Lucario|Meteor Mash|p2a: Landorus
|-damage|p2a: Landorus|0 fnt
|faint|p2a: Landorus
|-damage|p1a: Lucario|87/100|[from] item: Life Orb
|
|upkeep
|
|t:|1757912438
|switch|p2a: Latios|Latios, M|100/100
|-damage|p2a: Latios|88/100|[from] Stealth Rock
|turn|12
|
|t:|1757912444
|-terastallize|p1a: Lucario|Normal
|move|p1a: Lucario|Extreme Speed|p2a: Latios
|-damage|p2a: Latios|0 fnt
|faint|p2a: Latios
|-damage|p1a: Lucario|77/100|[from] item: Life Orb
|
|upkeep
|
|t:|1757912451
|switch|p2a: Rotom|Rotom-Wash|100/100
|-damage|p2a: Rotom|88/100|[from] Stealth Rock
|turn|13
|
|t:|1757912458
|-terastallize|p2a: Rotom|Steel
|move|p1a: Lucario|Extreme Speed|p2a: Rotom
|-resisted|p2a: Rotom
|-damage|p2a: Rotom|22/100
|-damage|p1a: Lucario|67/100|[from] item: Life Orb
|move|p2a: Rotom|Thunderbolt|p1a: Lucario
|-damage|p1a: Lucario|14/100
|
|-heal|p2a: Rotom|28/100|[from] item: Leftovers
|upkeep
|turn|14
|-message|TR Javale McGee forfeited.
|
|win|Kharrnage
|raw|Kharrnage's rating: 1159 &rarr; <strong>1186</strong><br />(+27 for winning)
|raw|TR Javale McGee's rating: 1190 &rarr; <strong>1163</strong><br />(-27 for losing)
|l|☆TR Javale McGee
|player|p2|
|l|☆Kharrnage
|player|p1|
