|j|☆DirkDiggler420
|j|☆TotallySkilled
|t:|1757831563
|gametype|singles
|player|p1|DirkDiggler420|linebacker|1622
|player|p2|TotallySkilled|guzma|1561
|gen|9
|tier|[Gen 9] OU
|rated|
|rule|HP Percentage Mod: HP is shown in percentages
|rule|Endless Battle Clause: Forcing endless battles is banned
|rule|Species Clause: Limit one of each Pokémon
|rule|OHKO Clause: OHKO moves are banned
|rule|Evasion Items Clause: Evasion items are banned
|rule|Evasion Moves Clause: Evasion moves are banned
|rule|Evasion Abilities Clause: Evasion abilities are banned
|rule|Sleep Moves Clause: Sleep-inducing moves are banned
|clearpoke
|poke|p1|Cinderace, F|
|poke|p1|Ogerpon-Wellspring, F|
|poke|p1|Corviknight, M|
|poke|p1|Slowking-Galar, F|
|poke|p1|Garchomp, M|
|poke|p1|Darkrai|
|poke|p2|Moltres-Galar|
|poke|p2|Araquanid, M|
|poke|p2|Garchomp, F|
|poke|p2|Great Tusk|
|poke|p2|Sinistcha|
|poke|p2|Raging Bolt|
|teampreview
|inactive|Battle timer is ON: inactive players will automatically lose when time's up. (requested by DirkDiggler420)
|
|t:|1757831583
|teamsize|p1|6
|teamsize|p2|6
|start
|switch|p1a: Ogerpon|Ogerpon-Wellspring, F|100/100
|switch|p2a: Araquanid|Araquanid, M|100/100
|turn|1
|
|t:|1757831586
|switch|p2a: Sinistcha|Sinistcha|100/100
|move|p1a: Ogerpon|Power Whip|p2a: Sinistcha|[miss]
|-miss|p1a: Ogerpon|p2a: Sinistcha
|
|upkeep
|turn|2
|
|t:|1757831590
|move|p1a: Ogerpon|U-turn|p2a: Sinistcha
|-damage|p2a: Sinistcha|82/100
|
|t:|1757831593
|switch|p1a: Slowking|Slowking-Galar, F|100/100|[from] U-turn
|move|p2a: Sinistcha|Shadow Ball|p1a: Slowking
|-supereffective|p1a: Slowking
|-damage|p1a: Slowking|59/100
|
|-heal|p1a: Slowking|65/100|[from] item: Black Sludge
|upkeep
|turn|3
|
|t:|1757831603
|switch|p2a: Araquanid|Araquanid, M|100/100
|move|p1a: Slowking|Trick|p2a: Araquanid
|-activate|p1a: Slowking|move: Trick|[of] p2a: Araquanid
|-item|p2a: Araquanid|Black Sludge|[from] move: Trick
|-item|p1a: Slowking|Custap Berry|[from] move: Trick
|
|-damage|p2a: Araquanid|88/100|[from] item: Black Sludge
|upkeep
|turn|4
|
|t:|1757831610
|move|p2a: Araquanid|Surf|p1a: Slowking
|-damage|p1a: Slowking|35/100
|move|p1a: Slowking|Thunder Wave|p2a: Araquanid
|-status|p2a: Araquanid|par
|
|-damage|p2a: Araquanid|76/100 par|[from] item: Black Sludge
|upkeep
|turn|5
|
|t:|1757831614
|-prepare|p1a: Slowking|Chilly Reception|[premajor]
|move|p1a: Slowking|Chilly Reception|p1a: Slowking
|-weather|Snowscape
|
|t:|1757831619
|switch|p1a: Ogerpon|Ogerpon-Wellspring, F|100/100|[from] Chilly Reception
|move|p2a: Araquanid|Sticky Web|p1a: Ogerpon
|-sidestart|p1: DirkDiggler420|move: Sticky Web
|
|-weather|Snowscape|[upkeep]
|-damage|p2a: Araquanid|63/100 par|[from] item: Black Sludge
|upkeep
|turn|6
|
|t:|1757831623
|switch|p2a: Sinistcha|Sinistcha|82/100
|move|p1a: Ogerpon|U-turn|p2a: Sinistcha
|-damage|p2a: Sinistcha|63/100
|
|t:|1757831632
|switch|p1a: Darkrai|Darkrai|100/100|[from] U-turn
|-activate|p1a: Darkrai|move: Sticky Web
|-unboost|p1a: Darkrai|spe|1
|
|-weather|Snowscape|[upkeep]
|upkeep
|turn|7
|
|t:|1757831642
|switch|p2a: Araquanid|Araquanid, M|63/100 par
|move|p1a: Darkrai|Dark Pulse|p2a: Araquanid
|-damage|p2a: Araquanid|35/100 par
|
|-weather|Snowscape|[upkeep]
|-damage|p2a: Araquanid|23/100 par|[from] item: Black Sludge
|upkeep
|turn|8
|
|t:|1757831647
|move|p1a: Darkrai|Dark Pulse|p2a: Araquanid
|-damage|p2a: Araquanid|0 fnt
|faint|p2a: Araquanid
|
|-weather|Snowscape|[upkeep]
|upkeep
|
|t:|1757831652
|switch|p2a: Moltres|Moltres-Galar|100/100
|turn|9
|
|t:|1757831659
|move|p2a: Moltres|Nasty Plot|p2a: Moltres
|-boost|p2a: Moltres|spa|2
|move|p1a: Darkrai|Nasty Plot|p1a: Darkrai
|-boost|p1a: Darkrai|spa|2
|
|-weather|none
|upkeep
|turn|10
|
|t:|1757831664
|-terastallize|p2a: Moltres|Fairy
|move|p2a: Moltres|Tera Blast|p1a: Darkrai|[anim] Tera Blast Fairy
|-supereffective|p1a: Darkrai
|-damage|p1a: Darkrai|0 fnt
|faint|p1a: Darkrai
|
|upkeep
|
|t:|1757831679
|switch|p1a: Corviknight|Corviknight, M|100/100
|-ability|p1a: Corviknight|Pressure
|turn|11
|
|t:|1757831682
|move|p2a: Moltres|Taunt|p1a: Corviknight
|-start|p1a: Corviknight|move: Taunt
|cant|p1a: Corviknight|move: Taunt|Defog
|
|upkeep
|turn|12
|
|t:|1757831687
|switch|p1a: Slowking|Slowking-Galar, F|68/100
|-activate|p1a: Slowking|move: Sticky Web
|-unboost|p1a: Slowking|spe|1
|move|p2a: Moltres|Fiery Wrath|p1a: Slowking
|-supereffective|p1a: Slowking
|-damage|p1a: Slowking|0 fnt
|faint|p1a: Slowking
|
|upkeep
|
|t:|1757831691
|switch|p1a: Garchomp|Garchomp, M|100/100
|-activate|p1a: Garchomp|move: Sticky Web
|-unboost|p1a: Garchomp|spe|1
|turn|13
|
|t:|1757831699
|-terastallize|p1a: Garchomp|Steel
|move|p2a: Moltres|Fiery Wrath|p1a: Garchomp
|-damage|p1a: Garchomp|25/100
|move|p1a: Garchomp|Earthquake|p2a: Moltres
|-damage|p2a: Moltres|48/100
|-ability|p2a: Moltres|Berserk|boost
|-boost|p2a: Moltres|spa|1
|
|-heal|p2a: Moltres|54/100|[from] item: Leftovers
|upkeep
|turn|14
|-message|DirkDiggler420 forfeited.
|
|win|TotallySkilled
|raw|DirkDiggler420's rating: 1622 &rarr; <strong>1599</strong><br />(-23 for losing)
|raw|TotallySkilled's rating: 1561 &rarr; <strong>1584</strong><br />(+23 for winning)
|l|☆DirkDiggler420
|player|p1|
|l|☆TotallySkilled
|player|p2|
