|j|☆Gym Leader Bert
|j|☆As alix
|t:|1757919239
|gametype|singles
|player|p1|Gym Leader Bert|gentleman-gen4|1156
|player|p2|As alix|ghetsis|1163
|gen|9
|tier|[Gen 9] OU
|rated|
|rule|HP Percentage Mod: HP is shown in percentages
|rule|Endless Battle Clause: Forcing endless battles is banned
|rule|Species Clause: Limit one of each Pokémon
|rule|OHKO Clause: OHKO moves are banned
|rule|Evasion Items Clause: Evasion items are banned
|rule|Evasion Moves Clause: Evasion moves are banned
|rule|Evasion Abilities Clause: Evasion abilities are banned
|rule|Sleep Moves Clause: Sleep-inducing moves are banned
|clearpoke
|poke|p1|Torkoal, M|
|poke|p1|Hatterene, F|
|poke|p1|Walking Wake|
|poke|p1|Dragapult, F|
|poke|p1|Indeedee, M|
|poke|p1|Kingdra, F|
|poke|p2|Iron Moth|
|poke|p2|Dondozo, M|
|poke|p2|Dragapult, M|
|poke|p2|Araquanid, F|
|poke|p2|Metagross|
|poke|p2|Kingambit, M|
|teampreview
|
|t:|1757919250
|teamsize|p1|6
|teamsize|p2|6
|start
|switch|p1a: Dragapult|Dragapult, F|100/100
|switch|p2a: Araquanid|Araquanid, F, shiny|100/100
|turn|1
|
|t:|1757919259
|move|p1a: Dragapult|Dragon Dance|p1a: Dragapult
|-boost|p1a: Dragapult|atk|1
|-boost|p1a: Dragapult|spe|1
|move|p2a: Araquanid|Liquidation|p1a: Dragapult
|-resisted|p1a: Dragapult
|-damage|p1a: Dragapult|73/100
|-unboost|p1a: Dragapult|def|1
|
|upkeep
|turn|2
|
|t:|1757919272
|move|p1a: Dragapult|Dragon Dance|p1a: Dragapult
|-boost|p1a: Dragapult|atk|1
|-boost|p1a: Dragapult|spe|1
|move|p2a: Araquanid|Lunge|p1a: Dragapult
|-resisted|p1a: Dragapult
|-damage|p1a: Dragapult|53/100
|-unboost|p1a: Dragapult|atk|1
|
|upkeep
|turn|3
|
|t:|1757919280
|move|p1a: Dragapult|Phantom Force||[still]
|-prepare|p1a: Dragapult|Phantom Force
|move|p2a: Araquanid|Sticky Web|p1a: Dragapult
|-sidestart|p1: Gym Leader Bert|move: Sticky Web
|
|upkeep
|turn|4
|
|t:|1757919290
|move|p1a: Dragapult|Phantom Force|p2a: Araquanid|[from] lockedmove
|-damage|p2a: Araquanid|34/100
|-heal|p1a: Dragapult|62/100|[from] item: Shell Bell|[of] p2a: Araquanid
|move|p2a: Araquanid|Lunge|p1a: Dragapult
|-resisted|p1a: Dragapult
|-damage|p1a: Dragapult|42/100
|-unboost|p1a: Dragapult|atk|1
|
|upkeep
|turn|5
|
|t:|1757919299
|move|p1a: Dragapult|Phantom Force||[still]
|-prepare|p1a: Dragapult|Phantom Force
|move|p2a: Araquanid|Liquidation|p1a: Dragapult|[miss]
|-miss|p2a: Araquanid|p1a: Dragapult
|
|upkeep
|turn|6
|
|t:|1757919304
|move|p1a: Dragapult|Phantom Force|p2a: Araquanid|[from] lockedmove
|-damage|p2a: Araquanid|0 fnt
|faint|p2a: Araquanid
|-heal|p1a: Dragapult|47/100|[from] item: Shell Bell|[of] p2: Araquanid
|
|upkeep
|
|t:|1757919316
|switch|p2a: Dondozo|Dondozo, M|100/100
|turn|7
|
|t:|1757919321
|move|p1a: Dragapult|Substitute|p1a: Dragapult
|-start|p1a: Dragapult|Substitute
|-damage|p1a: Dragapult|22/100
|move|p2a: Dondozo|Aqua Tail|p1a: Dragapult
|-resisted|p1a: Dragapult
|-activate|p1a: Dragapult|move: Substitute|[damage]
|
|upkeep
|turn|8
|
|t:|1757919328
|move|p1a: Dragapult|Dragon Dance|p1a: Dragapult
|-boost|p1a: Dragapult|atk|1
|-boost|p1a: Dragapult|spe|1
|move|p2a: Dondozo|Curse|p2a: Dondozo
|-unboost|p2a: Dondozo|spe|1
|-boost|p2a: Dondozo|atk|1
|-boost|p2a: Dondozo|def|1
|
|upkeep
|turn|9
|
|t:|1757919352
|move|p1a: Dragapult|Dragon Dance|p1a: Dragapult
|-boost|p1a: Dragapult|atk|1
|-boost|p1a: Dragapult|spe|1
|move|p2a: Dondozo|Aqua Tail|p1a: Dragapult|[miss]
|-miss|p2a: Dondozo|p1a: Dragapult
|
|upkeep
|turn|10
|
|t:|1757919369
|move|p1a: Dragapult|Phantom Force||[still]
|-prepare|p1a: Dragapult|Phantom Force
|move|p2a: Dondozo|Aqua Tail|p1a: Dragapult|[miss]
|-miss|p2a: Dondozo|p1a: Dragapult
|
|upkeep
|turn|11
|
|t:|1757919373
|move|p1a: Dragapult|Phantom Force|p2a: Dondozo|[from] lockedmove
|-damage|p2a: Dondozo|87/100
|-heal|p1a: Dragapult|24/100|[from] item: Shell Bell|[of] p2a: Dondozo
|move|p2a: Dondozo|Curse|p2a: Dondozo
|-unboost|p2a: Dondozo|spe|1
|-boost|p2a: Dondozo|atk|1
|-boost|p2a: Dondozo|def|1
|
|-heal|p2a: Dondozo|93/100|[from] item: Leftovers
|upkeep
|turn|12
|
|t:|1757919380
|move|p1a: Dragapult|Dragon Dance|p1a: Dragapult
|-boost|p1a: Dragapult|atk|1
|-boost|p1a: Dragapult|spe|1
|move|p2a: Dondozo|Aqua Tail|p1a: Dragapult|[miss]
|-miss|p2a: Dondozo|p1a: Dragapult
|
|-heal|p2a: Dondozo|99/100|[from] item: Leftovers
|upkeep
|turn|13
|
|t:|1757919400
|move|p1a: Dragapult|Phantom Force||[still]
|-prepare|p1a: Dragapult|Phantom Force
|move|p2a: Dondozo|Aqua Tail|p1a: Dragapult|[miss]
|-miss|p2a: Dondozo|p1a: Dragapult
|
|-heal|p2a: Dondozo|100/100|[from] item: Leftovers
|upkeep
|turn|14
|
|t:|1757919403
|move|p1a: Dragapult|Phantom Force|p2a: Dondozo|[from] lockedmove
|-damage|p2a: Dondozo|91/100
|-heal|p1a: Dragapult|26/100|[from] item: Shell Bell|[of] p2a: Dondozo
|move|p2a: Dondozo|Curse|p2a: Dondozo
|-unboost|p2a: Dondozo|spe|1
|-boost|p2a: Dondozo|atk|1
|-boost|p2a: Dondozo|def|1
|
|-heal|p2a: Dondozo|97/100|[from] item: Leftovers
|upkeep
|turn|15
|
|t:|1757919410
|switch|p1a: Indeedee|Indeedee, M|100/100
|-activate|p1a: Indeedee|move: Sticky Web
|-unboost|p1a: Indeedee|spe|1
|-fieldstart|move: Psychic Terrain|[from] ability: Psychic Surge|[of] p1a: Indeedee
|move|p2a: Dondozo|Curse|p2a: Dondozo
|-unboost|p2a: Dondozo|spe|1
|-boost|p2a: Dondozo|atk|1
|-boost|p2a: Dondozo|def|1
|
|-heal|p2a: Dondozo|100/100|[from] item: Leftovers
|upkeep
|turn|16
|
|t:|1757919414
|move|p1a: Indeedee|Expanding Force|p2a: Dondozo
|-damage|p2a: Dondozo|21/100
|move|p2a: Dondozo|Aqua Tail|p1a: Indeedee|[miss]
|-miss|p2a: Dondozo|p1a: Indeedee
|
|-heal|p2a: Dondozo|27/100|[from] item: Leftovers
|upkeep
|turn|17
|
|t:|1757919417
|move|p1a: Indeedee|Expanding Force|p2a: Dondozo
|-damage|p2a: Dondozo|0 fnt
|faint|p2a: Dondozo
|
|upkeep
|c|☆As alix|bruh
|
|t:|1757919439
|switch|p2a: Dragapult|Dragapult, M|100/100
|turn|18
|
|t:|1757919450
|move|p2a: Dragapult|Draco Meteor|p1a: Indeedee
|-damage|p1a: Indeedee|0 fnt
|-unboost|p2a: Dragapult|spa|2
|faint|p1a: Indeedee
|-damage|p2a: Dragapult|91/100|[from] item: Life Orb
|
|upkeep
|
|t:|1757919455
|switch|p1a: Hatterene|Hatterene, F|100/100
|-activate|p1a: Hatterene|move: Sticky Web
|-unboost|p1a: Hatterene|spe|1
|turn|19
|
|t:|1757919462
|move|p2a: Dragapult|Shadow Ball|p1a: Hatterene
|-supereffective|p1a: Hatterene
|-crit|p1a: Hatterene
|-enditem|p1a: Hatterene|Focus Sash
|-damage|p1a: Hatterene|1/100
|-unboost|p1a: Hatterene|spd|1
|-damage|p2a: Dragapult|81/100|[from] item: Life Orb
|move|p1a: Hatterene|Trick Room|p1a: Hatterene
|-fieldstart|move: Trick Room|[of] p1a: Hatterene
|
|-fieldend|move: Psychic Terrain
|upkeep
|turn|20
|
|t:|1757919470
|move|p1a: Hatterene|Draining Kiss|p2a: Dragapult
|-supereffective|p2a: Dragapult
|-damage|p2a: Dragapult|0 fnt
|-heal|p1a: Hatterene|65/100|[from] drain|[of] p2a: Dragapult
|faint|p2a: Dragapult
|
|upkeep
|
|t:|1757919495
|switch|p2a: Metagross|Metagross|100/100
|turn|21
|
|t:|1757919525
|switch|p1a: Sun God Koal|Torkoal, M|100/100
|-activate|p1a: Sun God Koal|move: Sticky Web
|-unboost|p1a: Sun God Koal|spe|1
|-weather|SunnyDay|[from] ability: Drought|[of] p1a: Sun God Koal
|-enditem|p1a: Sun God Koal|Eject Pack
|
|t:|1757919533
|switch|p1a: Kingdra|Kingdra, F|100/100
|-activate|p1a: Kingdra|move: Sticky Web
|-unboost|p1a: Kingdra|spe|1
|move|p2a: Metagross|Iron Head|p1a: Kingdra
|-resisted|p1a: Kingdra
|-damage|p1a: Kingdra|62/100
|
|-weather|SunnyDay|[upkeep]
|upkeep
|turn|22
|
|t:|1757919567
|move|p1a: Kingdra|Focus Energy|p1a: Kingdra
|-start|p1a: Kingdra|move: Focus Energy
|move|p2a: Metagross|Iron Head|p1a: Kingdra
|-resisted|p1a: Kingdra
|-damage|p1a: Kingdra|21/100
|
|-weather|SunnyDay|[upkeep]
|upkeep
|turn|23
|
|t:|1757919575
|move|p1a: Kingdra|Draco Meteor|p2a: Metagross
|-resisted|p2a: Metagross
|-crit|p2a: Metagross
|-damage|p2a: Metagross|28/100
|-unboost|p1a: Kingdra|spa|2
|move|p2a: Metagross|Iron Head|p1a: Kingdra
|-resisted|p1a: Kingdra
|-damage|p1a: Kingdra|0 fnt
|faint|p1a: Kingdra
|
|-weather|SunnyDay|[upkeep]
|-fieldend|move: Trick Room
|upkeep
|
|t:|1757919580
|switch|p1a: Walking Wake|Walking Wake|100/100
|-activate|p1a: Walking Wake|move: Sticky Web
|-unboost|p1a: Walking Wake|spe|1
|-activate|p1a: Walking Wake|ability: Protosynthesis
|-start|p1a: Walking Wake|protosynthesisspa
|turn|24
|
|t:|1757919590
|move|p2a: Metagross|Iron Head|p1a: Walking Wake
|-resisted|p1a: Walking Wake
|-damage|p1a: Walking Wake|65/100
|move|p1a: Walking Wake|Flamethrower|p2a: Metagross
|-supereffective|p2a: Metagross
|-damage|p2a: Metagross|0 fnt
|faint|p2a: Metagross
|
|-weather|SunnyDay|[upkeep]
|upkeep
|
|t:|1757919595
|switch|p2a: Iron Moth|Iron Moth|100/100
|-enditem|p2a: Iron Moth|Booster Energy
|-activate|p2a: Iron Moth|ability: Quark Drive|[fromitem]
|-start|p2a: Iron Moth|quarkdrivespa
|turn|25
|
|t:|1757919599
|-end|p1a: Walking Wake|Protosynthesis|[silent]
|switch|p1a: Dragapult|Dragapult, F|26/100
|-activate|p1a: Dragapult|move: Sticky Web
|-unboost|p1a: Dragapult|spe|1
|move|p2a: Iron Moth|Sludge Wave|p1a: Dragapult
|-resisted|p1a: Dragapult
|-damage|p1a: Dragapult|0 fnt
|faint|p1a: Dragapult
|
|-weather|none
|upkeep
|
|t:|1757919602
|switch|p1a: Hatterene|Hatterene, F|65/100
|-activate|p1a: Hatterene|move: Sticky Web
|-unboost|p1a: Hatterene|spe|1
|turn|26
|
|t:|1757919607
|-terastallize|p1a: Hatterene|Ground
|move|p2a: Iron Moth|Sludge Wave|p1a: Hatterene
|-resisted|p1a: Hatterene
|-damage|p1a: Hatterene|28/100
|move|p1a: Hatterene|Trick Room|p1a: Hatterene
|-fieldstart|move: Trick Room|[of] p1a: Hatterene
|
|upkeep
|turn|27
|
|t:|1757919613
|move|p1a: Hatterene|Psychic|p2a: Iron Moth
|-supereffective|p2a: Iron Moth
|-damage|p2a: Iron Moth|0 fnt
|faint|p2a: Iron Moth
|-end|p2a: Iron Moth|Quark Drive|[silent]
|
|upkeep
|
|t:|1757919618
|switch|p2a: Kingambit|Kingambit, M|100/100
|-activate|p2a: Kingambit|ability: Supreme Overlord
|-start|p2a: Kingambit|fallen5|[silent]
|turn|28
|
|t:|1757919648
|move|p2a: Kingambit|Sucker Punch|p1a: Hatterene
|-damage|p1a: Hatterene|0 fnt
|faint|p1a: Hatterene
|
|upkeep
|
|t:|1757919651
|switch|p1a: Sun God Koal|Torkoal, M|100/100
|-activate|p1a: Sun God Koal|move: Sticky Web
|-unboost|p1a: Sun God Koal|spe|1
|-weather|SunnyDay|[from] ability: Drought|[of] p1a: Sun God Koal
|turn|29
|
|t:|1757919682
|-terastallize|p2a: Kingambit|Ghost
|move|p1a: Sun God Koal|Overheat|p2a: Kingambit
|-damage|p2a: Kingambit|13/100
|-unboost|p1a: Sun God Koal|spa|2
|move|p2a: Kingambit|Swords Dance|p2a: Kingambit
|-boost|p2a: Kingambit|atk|2
|
|-weather|SunnyDay|[upkeep]
|upkeep
|turn|30
|
|t:|1757919691
|move|p2a: Kingambit|Sucker Punch||[still]
|-fail|p2a: Kingambit
|move|p1a: Sun God Koal|Will-O-Wisp|p2a: Kingambit
|-status|p2a: Kingambit|brn
|-enditem|p2a: Kingambit|Lum Berry|[eat]
|-curestatus|p2a: Kingambit|brn|[msg]
|
|-weather|SunnyDay|[upkeep]
|-fieldend|move: Trick Room
|upkeep
|turn|31
|
|t:|1757919706
|move|p2a: Kingambit|Low Kick|p1a: Sun God Koal
|-crit|p1a: Sun God Koal
|-damage|p1a: Sun God Koal|10/100
|move|p1a: Sun God Koal|Overheat|p2a: Kingambit
|-damage|p2a: Kingambit|0 fnt
|-unboost|p1a: Sun God Koal|spa|2
|faint|p2a: Kingambit
|-end|p2a: Kingambit|fallen5|[silent]
|
|win|Gym Leader Bert
|raw|Gym Leader Bert's rating: 1156 &rarr; <strong>1182</strong><br />(+26 for winning)
|raw|As alix's rating: 1163 &rarr; <strong>1137</strong><br />(-26 for losing)
|l|☆Gym Leader Bert
|player|p1|
|l|☆As alix
|player|p2|
