|j|‽firepowah
|j|☆aggr0
|t:|1757896663
|gametype|singles
|player|p1|firepowah|101|1705
|player|p2|aggr0|shadowtriad|1629
|gen|9
|tier|[Gen 9] OU
|rated|
|rule|HP Percentage Mod: HP is shown in percentages
|rule|Endless Battle Clause: Forcing endless battles is banned
|rule|Species Clause: Limit one of each Pokémon
|rule|OHKO Clause: OHKO moves are banned
|rule|Evasion Items Clause: Evasion items are banned
|rule|Evasion Moves Clause: Evasion moves are banned
|rule|Evasion Abilities Clause: Evasion abilities are banned
|rule|Sleep Moves Clause: Sleep-inducing moves are banned
|clearpoke
|poke|p1|Kingambit, F|
|poke|p1|Gliscor, F|
|poke|p1|Great Tusk|
|poke|p1|Samurott-Hisui, F|
|poke|p1|Pecharunt|
|poke|p1|Raging Bolt|
|poke|p2|Dragonite, F|
|poke|p2|Zamazenta-*|
|poke|p2|Hatterene, F|
|poke|p2|Samurott-Hisui, F|
|poke|p2|Iron Treads|
|poke|p2|Dragapult, M|
|teampreview
|j| Nodragondanceinrb
|inactive|Battle timer is ON: inactive players will automatically lose when time's up. (requested by firepowah)
|
|t:|1757896684
|teamsize|p1|6
|teamsize|p2|6
|start
|switch|p1a: Samurott|Samurott-Hisui, F|100/100
|switch|p2a: Zamazenta|Zamazenta|100/100
|-ability|p2a: Zamazenta|Dauntless Shield|boost
|-boost|p2a: Zamazenta|def|1
|turn|1
|l| Nodragondanceinrb
|
|t:|1757896695
|switch|p1a: Pecharunt|Pecharunt|100/100
|move|p2a: Zamazenta|Crunch|p1a: Pecharunt
|-supereffective|p1a: Pecharunt
|-damage|p1a: Pecharunt|67/100
|
|upkeep
|turn|2
|j| Ctannn
|
|t:|1757896716
|move|p2a: Zamazenta|Crunch|p1a: Pecharunt
|-supereffective|p1a: Pecharunt
|-damage|p1a: Pecharunt|36/100
|-unboost|p1a: Pecharunt|def|1
|move|p1a: Pecharunt|Recover|p1a: Pecharunt
|-heal|p1a: Pecharunt|86/100
|
|upkeep
|turn|3
|inactive|aggr0 has 120 seconds left.
|
|t:|1757896743
|switch|p1a: Samurott|Samurott-Hisui, F|100/100
|move|p2a: Zamazenta|Crunch|p1a: Samurott
|-resisted|p1a: Samurott
|-damage|p1a: Samurott|83/100
|-unboost|p1a: Samurott|def|1
|-enditem|p1a: Samurott|Red Card|[of] p2a: Zamazenta
|drag|p2a: Dragapult|Dragapult, M|100/100
|
|upkeep
|turn|4
|inactive|aggr0 has 120 seconds left.
|
|t:|1757896751
|move|p2a: Dragapult|U-turn|p1a: Samurott
|-supereffective|p1a: Samurott
|-crit|p1a: Samurott
|-damage|p1a: Samurott|0 fnt
|faint|p1a: Samurott
|inactive|aggr0 has 120 seconds left.
|
|t:|1757896763
|switch|p2a: Samurott|Samurott-Hisui, F, shiny|100/100|[from] U-turn
|
|upkeep
|
|t:|1757896772
|switch|p1a: Raging Bolt|Raging Bolt|100/100
|-enditem|p1a: Raging Bolt|Booster Energy
|-activate|p1a: Raging Bolt|ability: Protosynthesis|[fromitem]
|-start|p1a: Raging Bolt|protosynthesisspa
|turn|5
|inactive|aggr0 has 120 seconds left.
|
|t:|1757896785
|switch|p2a: Iron Treads|Iron Treads, shiny|100/100
|move|p1a: Raging Bolt|Draco Meteor|p2a: Iron Treads
|-resisted|p2a: Iron Treads
|-damage|p2a: Iron Treads|58/100
|-unboost|p1a: Raging Bolt|spa|2
|
|-heal|p2a: Iron Treads|64/100|[from] item: Leftovers
|upkeep
|turn|6
|
|t:|1757896790
|-end|p1a: Raging Bolt|Protosynthesis|[silent]
|switch|p1a: Great Tusk|Great Tusk|100/100
|move|p2a: Iron Treads|Knock Off|p1a: Great Tusk
|-resisted|p1a: Great Tusk
|-damage|p1a: Great Tusk|91/100
|-enditem|p1a: Great Tusk|Heavy-Duty Boots|[from] move: Knock Off|[of] p2a: Iron Treads
|
|-heal|p2a: Iron Treads|70/100|[from] item: Leftovers
|upkeep
|turn|7
|
|t:|1757896800
|-end|p2a: Iron Treads|Quark Drive|[silent]
|switch|p2a: Hatterene|Hatterene, F|100/100
|move|p1a: Great Tusk|Headlong Rush|p2a: Hatterene
|-damage|p2a: Hatterene|50/100
|-unboost|p1a: Great Tusk|def|1
|-unboost|p1a: Great Tusk|spd|1
|-damage|p1a: Great Tusk|75/100|[from] item: Rocky Helmet|[of] p2a: Hatterene
|
|upkeep
|turn|8
|j| Large_Rodent
|
|t:|1757896812
|move|p1a: Great Tusk|Headlong Rush|p2a: Hatterene
|-damage|p2a: Hatterene|0 fnt
|-unboost|p1a: Great Tusk|def|1
|-unboost|p1a: Great Tusk|spd|1
|-damage|p1a: Great Tusk|58/100|[from] item: Rocky Helmet|[of] p2a: Hatterene
|faint|p2a: Hatterene
|
|upkeep
|inactive|aggr0 has 120 seconds left.
|
|t:|1757896833
|switch|p2a: Samurott|Samurott-Hisui, F, shiny|100/100
|turn|9
|
|t:|1757896836
|move|p1a: Great Tusk|Headlong Rush|p2a: Samurott
|-damage|p2a: Samurott|21/100
|-unboost|p1a: Great Tusk|def|1
|-unboost|p1a: Great Tusk|spd|1
|move|p2a: Samurott|Swords Dance|p2a: Samurott
|-boost|p2a: Samurott|atk|2
|
|upkeep
|turn|10
|
|t:|1757896846
|move|p2a: Samurott|Aqua Jet|p1a: Great Tusk
|-supereffective|p1a: Great Tusk
|-damage|p1a: Great Tusk|0 fnt
|faint|p1a: Great Tusk
|-end|p1a: Great Tusk|Protosynthesis|[silent]
|
|upkeep
|
|t:|1757896852
|switch|p1a: Raging Bolt|Raging Bolt|100/100
|turn|11
|
|t:|1757896858
|switch|p2a: Iron Treads|Iron Treads, shiny|70/100
|move|p1a: Raging Bolt|Thunderbolt|p2a: Iron Treads
|-immune|p2a: Iron Treads
|
|-heal|p2a: Iron Treads|76/100|[from] item: Leftovers
|upkeep
|turn|12
|
|t:|1757896867
|-end|p1a: Raging Bolt|Protosynthesis|[silent]
|switch|p1a: Gliscor|Gliscor, F, shiny|100/100
|move|p2a: Iron Treads|Knock Off|p1a: Gliscor
|-damage|p1a: Gliscor|82/100
|-enditem|p1a: Gliscor|Toxic Orb|[from] move: Knock Off|[of] p2a: Iron Treads
|
|-heal|p2a: Iron Treads|83/100|[from] item: Leftovers
|upkeep
|turn|13
|
|t:|1757896880
|-end|p2a: Iron Treads|Quark Drive|[silent]
|switch|p2a: Dragonite|Dragonite, F, shiny|100/100
|move|p1a: Gliscor|Earthquake|p2a: Dragonite
|-immune|p2a: Dragonite
|
|upkeep
|turn|14
|
|t:|1757896885
|switch|p1a: Pecharunt|Pecharunt|86/100
|move|p2a: Dragonite|Ice Beam|p1a: Pecharunt
|-damage|p1a: Pecharunt|65/100
|
|upkeep
|turn|15
|
|t:|1757896898
|switch|p2a: Iron Treads|Iron Treads, shiny|83/100
|move|p1a: Pecharunt|Recover|p1a: Pecharunt
|-heal|p1a: Pecharunt|100/100
|
|-heal|p2a: Iron Treads|89/100|[from] item: Leftovers
|upkeep
|turn|16
|
|t:|1757896904
|-terastallize|p1a: Pecharunt|Dark
|move|p2a: Iron Treads|Stealth Rock|p1a: Pecharunt
|-sidestart|p1: firepowah|move: Stealth Rock
|move|p1a: Pecharunt|Foul Play|p2a: Iron Treads
|-damage|p2a: Iron Treads|62/100
|
|-heal|p2a: Iron Treads|68/100|[from] item: Leftovers
|upkeep
|turn|17
|
|t:|1757896911
|switch|p1a: Gliscor|Gliscor, F, shiny|82/100
|-damage|p1a: Gliscor|70/100|[from] Stealth Rock
|move|p2a: Iron Treads|Knock Off|p1a: Gliscor
|-damage|p1a: Gliscor|56/100
|
|-heal|p2a: Iron Treads|74/100|[from] item: Leftovers
|upkeep
|turn|18
|
|t:|1757896920
|-end|p2a: Iron Treads|Quark Drive|[silent]
|switch|p2a: Dragonite|Dragonite, F, shiny|100/100
|switch|p1a: Pecharunt|Pecharunt, tera:Dark|100/100
|
|upkeep
|turn|19
|
|t:|1757896928
|move|p2a: Dragonite|Thunder Wave|p1a: Pecharunt
|-status|p1a: Pecharunt|par
|move|p1a: Pecharunt|Foul Play|p2a: Dragonite
|-damage|p2a: Dragonite|87/100
|-damage|p1a: Pecharunt|84/100 par|[from] item: Rocky Helmet|[of] p2a: Dragonite
|
|upkeep
|turn|20
|
|t:|1757896935
|move|p2a: Dragonite|Encore|p1a: Pecharunt
|-start|p1a: Pecharunt|Encore
|cant|p1a: Pecharunt|par
|
|upkeep
|turn|21
|
|t:|1757896941
|move|p2a: Dragonite|Ice Beam|p1a: Pecharunt
|-damage|p1a: Pecharunt|63/100 par
|move|p1a: Pecharunt|Foul Play|p2a: Dragonite
|-damage|p2a: Dragonite|62/100
|-damage|p1a: Pecharunt|46/100 par|[from] item: Rocky Helmet|[of] p2a: Dragonite
|
|upkeep
|turn|22
|
|t:|1757896947
|move|p2a: Dragonite|Roost|p2a: Dragonite
|-heal|p2a: Dragonite|100/100
|-singleturn|p2a: Dragonite|move: Roost
|move|p1a: Pecharunt|Foul Play|p2a: Dragonite
|-damage|p2a: Dragonite|88/100
|-damage|p1a: Pecharunt|30/100 par|[from] item: Rocky Helmet|[of] p2a: Dragonite
|
|-end|p1a: Pecharunt|Encore
|upkeep
|turn|23
|-message|firepowah forfeited.
|
|win|aggr0
|raw|firepowah's rating: 1705 &rarr; <strong>1681</strong><br />(-24 for losing)
|raw|aggr0's rating: 1629 &rarr; <strong>1653</strong><br />(+24 for winning)
|l|‽firepowah
|player|p1|
