|j|☆empire on CD
|j|☆vChickenNugget
|t:|1757842985
|gametype|singles
|player|p1|empire on CD|gambler|1210
|player|p2|vChickenNugget|erika|1220
|gen|9
|tier|[Gen 9] OU
|rated|
|rule|HP Percentage Mod: HP is shown in percentages
|rule|Endless Battle Clause: Forcing endless battles is banned
|rule|Species Clause: Limit one of each Pokémon
|rule|OHKO Clause: OHKO moves are banned
|rule|Evasion Items Clause: Evasion items are banned
|rule|Evasion Moves Clause: Evasion moves are banned
|rule|Evasion Abilities Clause: Evasion abilities are banned
|rule|Sleep Moves Clause: Sleep-inducing moves are banned
|clearpoke
|poke|p1|Iron Valiant|
|poke|p1|Breloom, F|
|poke|p1|Azumarill, M|
|poke|p1|Ceruledge, F|
|poke|p1|Kingambit, F|
|poke|p1|Toxtricity, M|
|poke|p2|Deoxys-Speed|
|poke|p2|Dragonite, M|
|poke|p2|Darkrai|
|poke|p2|Iron Moth|
|poke|p2|Scizor, M|
|poke|p2|Great Tusk|
|teampreview
|inactive|Battle timer is ON: inactive players will automatically lose when time's up. (requested by empire on CD)
|inactive|vChickenNugget has 120 seconds left.
|
|t:|1757843041
|teamsize|p1|6
|teamsize|p2|6
|start
|switch|p1a: Ceruledge|Ceruledge, F|100/100
|switch|p2a: Dragonite|Dragonite, M|100/100
|turn|1
|
|t:|1757843054
|move|p1a: Ceruledge|Flame Charge|p2a: Dragonite
|-resisted|p2a: Dragonite
|-damage|p2a: Dragonite|93/100
|-boost|p1a: Ceruledge|spe|1
|move|p2a: Dragonite|Dragon Dance|p2a: Dragonite
|-boost|p2a: Dragonite|atk|1
|-boost|p2a: Dragonite|spe|1
|
|upkeep
|turn|2
|
|t:|1757843068
|move|p1a: Ceruledge|Shadow Claw|p2a: Dragonite
|-damage|p2a: Dragonite|53/100
|move|p2a: Dragonite|Encore|p1a: Ceruledge
|-start|p1a: Ceruledge|Encore
|
|upkeep
|turn|3
|
|t:|1757843078
|move|p1a: Ceruledge|Shadow Claw|p2a: Dragonite
|-damage|p2a: Dragonite|14/100
|move|p2a: Dragonite|Dragon Dance|p2a: Dragonite
|-boost|p2a: Dragonite|atk|1
|-boost|p2a: Dragonite|spe|1
|
|upkeep
|turn|4
|
|t:|1757843084
|-terastallize|p2a: Dragonite|Ghost
|move|p2a: Dragonite|Tera Blast|p1a: Ceruledge|[anim] Tera Blast Ghost
|-supereffective|p1a: Ceruledge
|-enditem|p1a: Ceruledge|Focus Sash
|-damage|p1a: Ceruledge|1/100
|move|p1a: Ceruledge|Shadow Claw|p2a: Dragonite
|-supereffective|p2a: Dragonite
|-damage|p2a: Dragonite|0 fnt
|faint|p2a: Dragonite
|
|upkeep
|
|t:|1757843090
|switch|p2a: Scizor|Scizor, M|100/100
|turn|5
|
|t:|1757843096
|move|p2a: Scizor|Bullet Punch|p1a: Ceruledge
|-resisted|p1a: Ceruledge
|-damage|p1a: Ceruledge|0 fnt
|faint|p1a: Ceruledge
|
|upkeep
|
|t:|1757843104
|switch|p1a: Apneoa|Iron Valiant, shiny|100/100
|-enditem|p1a: Apneoa|Booster Energy
|-activate|p1a: Apneoa|ability: Quark Drive|[fromitem]
|-start|p1a: Apneoa|quarkdriveatk
|turn|6
|
|t:|1757843111
|move|p2a: Scizor|Bullet Punch|p1a: Apneoa
|-supereffective|p1a: Apneoa
|-crit|p1a: Apneoa
|-damage|p1a: Apneoa|0 fnt
|faint|p1a: Apneoa
|-end|p1a: Apneoa|Quark Drive|[silent]
|
|upkeep
|
|t:|1757843121
|switch|p1a: Acquiesce|Breloom, F|100/100
|turn|7
|
|t:|1757843125
|move|p1a: Acquiesce|Mach Punch|p2a: Scizor
|-damage|p2a: Scizor|53/100
|-damage|p1a: Acquiesce|91/100|[from] item: Life Orb
|move|p2a: Scizor|Bullet Punch|p1a: Acquiesce
|-damage|p1a: Acquiesce|16/100
|
|upkeep
|turn|8
|
|t:|1757843131
|move|p1a: Acquiesce|Mach Punch|p2a: Scizor
|-damage|p2a: Scizor|2/100
|-damage|p1a: Acquiesce|6/100|[from] item: Life Orb
|move|p2a: Scizor|Bullet Punch|p1a: Acquiesce
|-damage|p1a: Acquiesce|0 fnt
|faint|p1a: Acquiesce
|
|upkeep
|
|t:|1757843138
|switch|p1a: Mornin Glory|Azumarill, M|100/100
|turn|9
|
|t:|1757843141
|move|p2a: Scizor|Bullet Punch|p1a: Mornin Glory
|-damage|p1a: Mornin Glory|50/100
|move|p1a: Mornin Glory|Aqua Jet|p2a: Scizor
|-damage|p2a: Scizor|0 fnt
|faint|p2a: Scizor
|
|-heal|p1a: Mornin Glory|56/100|[from] item: Leftovers
|upkeep
|
|t:|1757843146
|switch|p2a: Iron Moth|Iron Moth|100/100
|-enditem|p2a: Iron Moth|Booster Energy
|-activate|p2a: Iron Moth|ability: Quark Drive|[fromitem]
|-start|p2a: Iron Moth|quarkdrivespe
|turn|10
|
|t:|1757843156
|move|p1a: Mornin Glory|Aqua Jet|p2a: Iron Moth
|-supereffective|p2a: Iron Moth
|-damage|p2a: Iron Moth|25/100
|move|p2a: Iron Moth|Fiery Dance|p1a: Mornin Glory
|-resisted|p1a: Mornin Glory
|-damage|p1a: Mornin Glory|35/100
|
|-heal|p1a: Mornin Glory|41/100|[from] item: Leftovers
|upkeep
|turn|11
|
|t:|1757843164
|-end|p2a: Iron Moth|Quark Drive|[silent]
|switch|p2a: Deoxys|Deoxys-Speed|100/100
|-ability|p2a: Deoxys|Pressure
|move|p1a: Mornin Glory|Aqua Jet|p2a: Deoxys
|-damage|p2a: Deoxys|59/100
|
|-heal|p1a: Mornin Glory|47/100|[from] item: Leftovers
|upkeep
|turn|12
|
|t:|1757843172
|move|p1a: Mornin Glory|Aqua Jet|p2a: Deoxys
|-damage|p2a: Deoxys|18/100
|move|p2a: Deoxys|Psycho Boost|p1a: Mornin Glory
|-damage|p1a: Mornin Glory|0 fnt
|-unboost|p2a: Deoxys|spa|2
|faint|p1a: Mornin Glory
|-damage|p2a: Deoxys|8/100|[from] item: Life Orb
|
|upkeep
|
|t:|1757843186
|switch|p1a: Kingambit|Kingambit, F|100/100
|-activate|p1a: Kingambit|ability: Supreme Overlord
|-start|p1a: Kingambit|fallen4|[silent]
|turn|13
|
|t:|1757843194
|move|p2a: Deoxys|Taunt|p1a: Kingambit
|-start|p1a: Kingambit|move: Taunt
|move|p1a: Kingambit|Iron Head|p2a: Deoxys
|-damage|p2a: Deoxys|0 fnt
|faint|p2a: Deoxys
|
|upkeep
|
|t:|1757843205
|switch|p2a: Great Tusk|Great Tusk|100/100
|-enditem|p2a: Great Tusk|Booster Energy
|-activate|p2a: Great Tusk|ability: Protosynthesis|[fromitem]
|-start|p2a: Great Tusk|protosynthesisspe
|turn|14
|
|t:|1757843210
|move|p2a: Great Tusk|Bulk Up|p2a: Great Tusk
|-boost|p2a: Great Tusk|atk|1
|-boost|p2a: Great Tusk|def|1
|move|p1a: Kingambit|Brick Break|p2a: Great Tusk
|-damage|p2a: Great Tusk|82/100
|
|upkeep
|turn|15
|
|t:|1757843223
|move|p2a: Great Tusk|Headlong Rush|p1a: Kingambit
|-supereffective|p1a: Kingambit
|-damage|p1a: Kingambit|0 fnt
|-unboost|p2a: Great Tusk|def|1
|-unboost|p2a: Great Tusk|spd|1
|faint|p1a: Kingambit
|-end|p1a: Kingambit|fallen4|[silent]
|
|upkeep
|
|t:|1757843231
|switch|p1a: Supersonic|Toxtricity, M|100/100
|turn|16
|
|t:|1757843241
|move|p2a: Great Tusk|Headlong Rush|p1a: Supersonic
|-supereffective|p1a: Supersonic
|-damage|p1a: Supersonic|0 fnt
|-unboost|p2a: Great Tusk|def|1
|-unboost|p2a: Great Tusk|spd|1
|faint|p1a: Supersonic
|
|win|vChickenNugget
|raw|empire on CD's rating: 1210 &rarr; <strong>1186</strong><br />(-24 for losing)
|raw|vChickenNugget's rating: 1220 &rarr; <strong>1244</strong><br />(+24 for winning)
|l|☆vChickenNugget
|player|p2|
|l|☆empire on CD
|player|p1|
