|j|☆mathdragon
|j|☆mrpipsbulkyoffense
|t:|1757897970
|gametype|singles
|player|p1|mathdragon|lady-gen4|1287
|player|p2|mrpipsbulkyoffense|101|1336
|gen|9
|tier|[Gen 9] OU
|rated|
|rule|HP Percentage Mod: HP is shown in percentages
|rule|Endless Battle Clause: Forcing endless battles is banned
|rule|Species Clause: Limit one of each Pokémon
|rule|OHKO Clause: OHKO moves are banned
|rule|Evasion Items Clause: Evasion items are banned
|rule|Evasion Moves Clause: Evasion moves are banned
|rule|Evasion Abilities Clause: Evasion abilities are banned
|rule|Sleep Moves Clause: Sleep-inducing moves are banned
|clearpoke
|poke|p1|Dragapult, F|
|poke|p1|Shiftry, M|
|poke|p1|Drifblim, F|
|poke|p1|Dondozo, M|
|poke|p1|Blissey, F|
|poke|p1|Exeggutor, F|
|poke|p2|Lokix, F|
|poke|p2|Cinderace, M|
|poke|p2|Great Tusk|
|poke|p2|Alomomola, M|
|poke|p2|Enamorus, F|
|poke|p2|Slowking-Galar, M|
|teampreview
|inactive|Battle timer is ON: inactive players will automatically lose when time's up. (requested by mathdragon)
|inactive|mrpipsbulkyoffense has 120 seconds left.
|
|t:|1757898015
|teamsize|p1|6
|teamsize|p2|6
|start
|switch|p1a: Drifblim|Drifblim, F|100/100
|switch|p2a: Lokix|Lokix, F|100/100
|turn|1
|
|t:|1757898031
|move|p1a: Drifblim|Will-O-Wisp|p2a: Lokix
|-status|p2a: Lokix|brn
|move|p2a: Lokix|Knock Off|p1a: Drifblim
|-supereffective|p1a: Drifblim
|-crit|p1a: Drifblim
|-damage|p1a: Drifblim|2/100
|-enditem|p1a: Drifblim|Heavy-Duty Boots|[from] move: Knock Off|[of] p2a: Lokix
|
|-damage|p2a: Lokix|94/100 brn|[from] brn
|upkeep
|turn|2
|
|t:|1757898047
|move|p1a: Drifblim|Strength Sap|p2a: Lokix
|-unboost|p2a: Lokix|atk|1
|-heal|p1a: Drifblim|77/100
|move|p2a: Lokix|Knock Off|p1a: Drifblim
|-supereffective|p1a: Drifblim
|-damage|p1a: Drifblim|47/100
|
|-damage|p2a: Lokix|88/100 brn|[from] brn
|upkeep
|turn|3
|
|t:|1757898063
|switch|p2a: Slowking|Slowking-Galar, M|100/100
|move|p1a: Drifblim|Strength Sap|p2a: Slowking
|-unboost|p2a: Slowking|atk|1
|-heal|p1a: Drifblim|78/100
|
|upkeep
|turn|4
|
|t:|1757898072
|switch|p1a: Dragapult|Dragapult, F|100/100
|move|p2a: Slowking|Future Sight|p1a: Dragapult
|-start|p2a: Slowking|move: Future Sight
|
|upkeep
|turn|5
|
|t:|1757898086
|move|p1a: Dragapult|U-turn|p2a: Slowking
|-damage|p2a: Slowking|83/100
|
|t:|1757898092
|switch|p1a: Blissey|Blissey, F|100/100|[from] U-turn
|-prepare|p2a: Slowking|Chilly Reception|[premajor]
|move|p2a: Slowking|Chilly Reception|p2a: Slowking
|-weather|Snowscape
|inactive|mrpipsbulkyoffense has 120 seconds left.
|
|t:|1757898117
|switch|p2a: Lokix|Lokix, F|88/100 brn|[from] Chilly Reception
|
|-weather|Snowscape|[upkeep]
|-damage|p2a: Lokix|82/100 brn|[from] brn
|upkeep
|turn|6
|inactive|mrpipsbulkyoffense has 120 seconds left.
|
|t:|1757898124
|switch|p1a: Dondozo|Dondozo, M|100/100
|move|p2a: Lokix|Leech Life|p1a: Dondozo
|-damage|p1a: Dondozo|88/100
|-heal|p2a: Lokix|93/100 brn|[from] drain|[of] p1a: Dondozo
|
|-weather|Snowscape|[upkeep]
|-end|p1a: Dondozo|move: Future Sight
|-damage|p1a: Dondozo|42/100
|-heal|p1a: Dondozo|49/100|[from] item: Leftovers
|-damage|p2a: Lokix|87/100 brn|[from] brn
|upkeep
|turn|7
|inactive|mrpipsbulkyoffense has 120 seconds left.
|
|t:|1757898138
|move|p2a: Lokix|Leech Life|p1a: Dondozo
|-damage|p1a: Dondozo|35/100
|-heal|p2a: Lokix|99/100 brn|[from] drain|[of] p1a: Dondozo
|move|p1a: Dondozo|Body Press|p2a: Lokix
|-damage|p2a: Lokix|58/100 brn
|
|-weather|Snowscape|[upkeep]
|-heal|p1a: Dondozo|41/100|[from] item: Leftovers
|-damage|p2a: Lokix|52/100 brn|[from] brn
|upkeep
|turn|8
|inactive|mrpipsbulkyoffense has 120 seconds left.
|
|t:|1757898150
|switch|p2a: Alomomola|Alomomola, M|100/100
|move|p1a: Dondozo|Body Press|p2a: Alomomola
|-damage|p2a: Alomomola|79/100
|
|-weather|Snowscape|[upkeep]
|-heal|p1a: Dondozo|47/100|[from] item: Leftovers
|upkeep
|turn|9
|inactive|mrpipsbulkyoffense has 120 seconds left.
|
|t:|1757898162
|switch|p1a: Exeggutor|Exeggutor, F|100/100
|move|p2a: Alomomola|Body Slam|p1a: Exeggutor
|-damage|p1a: Exeggutor|87/100
|-status|p1a: Exeggutor|par
|
|-weather|none
|upkeep
|turn|10
|
|t:|1757898172
|move|p2a: Alomomola|Flip Turn|p1a: Exeggutor
|-resisted|p1a: Exeggutor
|-damage|p1a: Exeggutor|80/100 par
|
|t:|1757898176
|switch|p2a: Lokix|Lokix, F|52/100 brn|[from] Flip Turn
|move|p1a: Exeggutor|Giga Drain|p2a: Lokix
|-resisted|p2a: Lokix
|-damage|p2a: Lokix|25/100 brn
|-heal|p1a: Exeggutor|91/100 par|[from] drain|[of] p2a: Lokix
|
|-damage|p2a: Lokix|19/100 brn|[from] brn
|upkeep
|turn|11
|
|t:|1757898187
|switch|p1a: Drifblim|Drifblim, F|78/100
|move|p2a: Lokix|Leech Life|p1a: Drifblim
|-resisted|p1a: Drifblim
|-damage|p1a: Drifblim|63/100
|-heal|p2a: Lokix|30/100 brn|[from] drain|[of] p1a: Drifblim
|
|-damage|p2a: Lokix|24/100 brn|[from] brn
|upkeep
|turn|12
|
|t:|1757898205
|switch|p2a: Cinderace|Cinderace, M|100/100
|move|p1a: Drifblim|Strength Sap|p2a: Cinderace
|-unboost|p2a: Cinderace|atk|1
|-heal|p1a: Drifblim|100/100
|
|upkeep
|turn|13
|
|t:|1757898214
|switch|p1a: Dondozo|Dondozo, M|47/100
|move|p2a: Cinderace|Pyro Ball|p1a: Dondozo
|-resisted|p1a: Dondozo
|-damage|p1a: Dondozo|36/100
|
|-heal|p1a: Dondozo|43/100|[from] item: Leftovers
|upkeep
|turn|14
|
|t:|1757898223
|move|p2a: Cinderace|U-turn|p1a: Dondozo
|-damage|p1a: Dondozo|34/100
|
|t:|1757898230
|switch|p2a: Slowking|Slowking-Galar, M|100/100|[from] U-turn
|move|p1a: Dondozo|Rest|p1a: Dondozo
|-status|p1a: Dondozo|slp|[from] move: Rest
|-heal|p1a: Dondozo|100/100 slp|[silent]
|
|upkeep
|turn|15
|
|t:|1757898239
|switch|p1a: Blissey|Blissey, F|100/100
|move|p2a: Slowking|Future Sight|p1a: Blissey
|-start|p2a: Slowking|move: Future Sight
|
|upkeep
|turn|16
|
|t:|1757898246
|move|p1a: Blissey|Heal Bell|p1a: Blissey
|-activate|p1a: Blissey|move: Heal Bell
|-curestatus|p1: Exeggutor|par|[msg]
|-curestatus|p1: Dondozo|slp|[msg]
|-prepare|p2a: Slowking|Chilly Reception|[premajor]
|move|p2a: Slowking|Chilly Reception|p2a: Slowking
|-weather|Snowscape
|
|t:|1757898254
|switch|p2a: Great Tusk|Great Tusk|100/100|[from] Chilly Reception
|
|-weather|Snowscape|[upkeep]
|upkeep
|turn|17
|
|t:|1757898262
|switch|p1a: Drifblim|Drifblim, F|100/100
|move|p2a: Great Tusk|Knock Off|p1a: Drifblim
|-supereffective|p1a: Drifblim
|-damage|p1a: Drifblim|62/100
|
|-weather|Snowscape|[upkeep]
|-end|p1a: Drifblim|move: Future Sight
|-damage|p1a: Drifblim|10/100
|upkeep
|turn|18
|
|t:|1757898281
|move|p1a: Drifblim|Strength Sap|p2a: Great Tusk
|-unboost|p2a: Great Tusk|atk|1
|-heal|p1a: Drifblim|78/100
|move|p2a: Great Tusk|Knock Off|p1a: Drifblim
|-supereffective|p1a: Drifblim
|-damage|p1a: Drifblim|54/100
|
|-weather|Snowscape|[upkeep]
|upkeep
|turn|19
|
|t:|1757898291
|-end|p2a: Great Tusk|Protosynthesis|[silent]
|switch|p2a: Slowking|Slowking-Galar, M|100/100
|move|p1a: Drifblim|Will-O-Wisp|p2a: Slowking
|-status|p2a: Slowking|brn
|
|-weather|Snowscape|[upkeep]
|-damage|p2a: Slowking|94/100 brn|[from] brn
|upkeep
|turn|20
|
|t:|1757898300
|move|p1a: Drifblim|Strength Sap|p2a: Slowking
|-unboost|p2a: Slowking|atk|1
|-heal|p1a: Drifblim|85/100
|move|p2a: Slowking|Future Sight|p1a: Drifblim
|-start|p2a: Slowking|move: Future Sight
|
|-weather|none
|-damage|p2a: Slowking|88/100 brn|[from] brn
|upkeep
|turn|21
|
|t:|1757898309
|move|p1a: Drifblim|Hex|p2a: Slowking
|-supereffective|p2a: Slowking
|-damage|p2a: Slowking|18/100 brn
|-prepare|p2a: Slowking|Chilly Reception|[premajor]
|move|p2a: Slowking|Chilly Reception|p2a: Slowking
|-weather|Snowscape
|
|t:|1757898317
|switch|p2a: Enamorus|Enamorus, F|100/100|[from] Chilly Reception
|
|-weather|Snowscape|[upkeep]
|upkeep
|turn|22
|
|t:|1757898325
|switch|p1a: Shiftry|Shiftry, M|100/100
|move|p2a: Enamorus|Moonblast|p1a: Shiftry
|-supereffective|p1a: Shiftry
|-damage|p1a: Shiftry|0 fnt
|faint|p1a: Shiftry
|
|-weather|Snowscape|[upkeep]
|-hint|Future Sight did not hit because the target is fainted.
|upkeep
|
|t:|1757898335
|switch|p1a: Dragapult|Dragapult, F|100/100
|turn|23
|
|t:|1757898342
|-terastallize|p1a: Dragapult|Steel
|move|p1a: Dragapult|Tera Blast|p2a: Enamorus|[anim] Tera Blast Steel
|-supereffective|p2a: Enamorus
|-damage|p2a: Enamorus|0 fnt
|faint|p2a: Enamorus
|
|-weather|Snowscape|[upkeep]
|upkeep
|-message|mrpipsbulkyoffense forfeited.
|
|win|mathdragon
|raw|mathdragon's rating: 1287 &rarr; <strong>1316</strong><br />(+29 for winning)
|raw|mrpipsbulkyoffense's rating: 1336 &rarr; <strong>1313</strong><br />(-23 for losing)
|l|☆mrpipsbulkyoffense
|player|p2|
|l|☆mathdragon
|player|p1|
