|j|☆deepify
|j|☆blacksoxx
|t:|1757824666
|gametype|singles
|player|p1|deepify|unknown|1426
|player|p2|blacksoxx|169|1361
|gen|9
|tier|[Gen 9] OU
|rated|
|rule|HP Percentage Mod: HP is shown in percentages
|rule|Endless Battle Clause: Forcing endless battles is banned
|rule|Species Clause: Limit one of each Pokémon
|rule|OHKO Clause: OHKO moves are banned
|rule|Evasion Items Clause: Evasion items are banned
|rule|Evasion Moves Clause: Evasion moves are banned
|rule|Evasion Abilities Clause: Evasion abilities are banned
|rule|Sleep Moves Clause: Sleep-inducing moves are banned
|clearpoke
|poke|p1|Great Tusk|
|poke|p1|Hydrapple, F|
|poke|p1|Kyurem|
|poke|p1|Weezing-Galar, M|
|poke|p1|Corviknight, M|
|poke|p1|Alomomola, M|
|poke|p2|Torkoal, M|
|poke|p2|Walking Wake|
|poke|p2|Raging Bolt|
|poke|p2|Venusaur, M|
|poke|p2|Hatterene, F|
|poke|p2|Landorus-Therian, M|
|teampreview
|
|t:|1757824688
|teamsize|p1|6
|teamsize|p2|6
|start
|switch|p1a: Corviknight|Corviknight, M|100/100
|switch|p2a: Pompeii|Torkoal, M|100/100
|-ability|p1a: Corviknight|Pressure
|-weather|SunnyDay|[from] ability: Drought|[of] p2a: Pompeii
|turn|1
|inactive|Battle timer is ON: inactive players will automatically lose when time's up. (requested by blacksoxx)
|
|t:|1757824698
|switch|p1a: Alomomola|Alomomola, M|100/100
|move|p2a: Pompeii|Stealth Rock|p1a: Alomomola
|-sidestart|p1: deepify|move: Stealth Rock
|
|-weather|SunnyDay|[upkeep]
|upkeep
|turn|2
|
|t:|1757824709
|switch|p2a: Mad Hattee|Hatterene, F|100/100
|move|p1a: Alomomola|Scald|p2a: Mad Hattee
|-damage|p2a: Mad Hattee|95/100
|-enditem|p2a: Mad Hattee|Eject Button
|
|t:|1757824717
|switch|p2a: Walking Wake|Walking Wake|100/100
|-activate|p2a: Walking Wake|ability: Protosynthesis
|-start|p2a: Walking Wake|protosynthesisspa
|
|-weather|SunnyDay|[upkeep]
|upkeep
|turn|3
|
|t:|1757824722
|move|p2a: Walking Wake|Hydro Steam|p1a: Alomomola
|-resisted|p1a: Alomomola
|-damage|p1a: Alomomola|65/100
|move|p1a: Alomomola|Mirror Coat|p2a: Walking Wake
|-damage|p2a: Walking Wake|2/100
|
|-weather|SunnyDay|[upkeep]
|upkeep
|turn|4
|
|t:|1757824730
|-end|p2a: Walking Wake|Protosynthesis|[silent]
|switch|p2a: Replace V with P|Venusaur, M|100/100
|move|p1a: Alomomola|Flip Turn|p2a: Replace V with P
|-resisted|p2a: Replace V with P
|-damage|p2a: Replace V with P|96/100
|inactive|deepify has 120 seconds left.
|
|t:|1757824769
|switch|p1a: Hydrapple|Hydrapple, F|100/100|[from] Flip Turn
|-damage|p1a: Hydrapple|88/100|[from] Stealth Rock
|
|-weather|SunnyDay|[upkeep]
|upkeep
|turn|5
|inactive|deepify has 120 seconds left.
|
|t:|1757824779
|switch|p1a: Corviknight|Corviknight, M|100/100
|-damage|p1a: Corviknight|88/100|[from] Stealth Rock
|-ability|p1a: Corviknight|Pressure
|move|p2a: Replace V with P|Growth|p2a: Replace V with P
|-boost|p2a: Replace V with P|atk|2
|-boost|p2a: Replace V with P|spa|2
|
|-weather|SunnyDay|[upkeep]
|upkeep
|turn|6
|
|t:|1757824787
|switch|p1a: Alomomola|Alomomola, M|99/100
|-damage|p1a: Alomomola|86/100|[from] Stealth Rock
|move|p2a: Replace V with P|Weather Ball|p1a: Alomomola
|-resisted|p1a: Alomomola
|-damage|p1a: Alomomola|54/100
|-damage|p2a: Replace V with P|86/100|[from] item: Life Orb
|
|-weather|SunnyDay|[upkeep]
|upkeep
|turn|7
|
|t:|1757824794
|switch|p1a: Hydrapple|Hydrapple, F|100/100
|-damage|p1a: Hydrapple|88/100|[from] Stealth Rock
|move|p2a: Replace V with P|Giga Drain|p1a: Hydrapple
|-resisted|p1a: Hydrapple
|-damage|p1a: Hydrapple|65/100
|-heal|p2a: Replace V with P|100/100|[from] drain|[of] p1a: Hydrapple
|-damage|p2a: Replace V with P|91/100|[from] item: Life Orb
|
|-weather|SunnyDay|[upkeep]
|upkeep
|turn|8
|
|t:|1757824805
|switch|p1a: Corviknight|Corviknight, M|88/100
|-damage|p1a: Corviknight|76/100|[from] Stealth Rock
|-ability|p1a: Corviknight|Pressure
|move|p2a: Replace V with P|Weather Ball|p1a: Corviknight
|-supereffective|p1a: Corviknight
|-damage|p1a: Corviknight|0 fnt
|faint|p1a: Corviknight
|-damage|p2a: Replace V with P|81/100|[from] item: Life Orb
|
|-weather|none
|upkeep
|
|t:|1757824813
|switch|p1a: Kyurem|Kyurem|100/100
|-damage|p1a: Kyurem|76/100|[from] Stealth Rock
|-ability|p1a: Kyurem|Pressure
|turn|9
|
|t:|1757824819
|switch|p2a: Pompeii|Torkoal, M|100/100
|-weather|SunnyDay|[from] ability: Drought|[of] p2a: Pompeii
|move|p1a: Kyurem|Dragon Dance|p1a: Kyurem
|-boost|p1a: Kyurem|atk|1
|-boost|p1a: Kyurem|spe|1
|
|-weather|SunnyDay|[upkeep]
|upkeep
|turn|10
|
|t:|1757824825
|switch|p2a: Landorus|Landorus-Therian, M|100/100
|-ability|p2a: Landorus|Intimidate|boost
|-unboost|p1a: Kyurem|atk|1
|move|p1a: Kyurem|Substitute|p1a: Kyurem
|-start|p1a: Kyurem|Substitute
|-damage|p1a: Kyurem|51/100
|
|-weather|SunnyDay|[upkeep]
|upkeep
|turn|11
|
|t:|1757824839
|move|p1a: Kyurem|Icicle Spear|p2a: Landorus
|-supereffective|p2a: Landorus
|-damage|p2a: Landorus|37/100
|-supereffective|p2a: Landorus
|-damage|p2a: Landorus|0 fnt
|faint|p2a: Landorus
|-hitcount|p2: Landorus|2
|
|-weather|SunnyDay|[upkeep]
|upkeep
|
|t:|1757824849
|switch|p2a: Walking Wake|Walking Wake|2/100
|-activate|p2a: Walking Wake|ability: Protosynthesis
|-start|p2a: Walking Wake|protosynthesisspa
|turn|12
|
|t:|1757824856
|move|p1a: Kyurem|Icicle Spear|p2a: Walking Wake
|-damage|p2a: Walking Wake|0 fnt
|faint|p2a: Walking Wake
|-end|p2a: Walking Wake|Protosynthesis|[silent]
|-hitcount|p2: Walking Wake|1
|
|-weather|SunnyDay|[upkeep]
|upkeep
|
|t:|1757824863
|switch|p2a: Mad Hattee|Hatterene, F|95/100
|turn|13
|
|t:|1757824868
|move|p1a: Kyurem|Dragon Dance|p1a: Kyurem
|-boost|p1a: Kyurem|atk|1
|-boost|p1a: Kyurem|spe|1
|move|p2a: Mad Hattee|Draining Kiss|p1a: Kyurem
|-supereffective|p1a: Kyurem
|-end|p1a: Kyurem|Substitute
|-heal|p2a: Mad Hattee|100/100|[from] drain|[of] p1a: Kyurem
|
|-weather|SunnyDay|[upkeep]
|upkeep
|turn|14
|
|t:|1757824886
|move|p1a: Kyurem|Icicle Spear|p2a: Mad Hattee
|-crit|p2a: Mad Hattee
|-damage|p2a: Mad Hattee|67/100
|-damage|p2a: Mad Hattee|46/100
|-damage|p2a: Mad Hattee|22/100
|-damage|p2a: Mad Hattee|0 fnt
|faint|p2a: Mad Hattee
|-hitcount|p2: Mad Hattee|4
|
|-weather|SunnyDay|[upkeep]
|upkeep
|
|t:|1757824894
|switch|p2a: Pompeii|Torkoal, M|100/100
|turn|15
|
|t:|1757824909
|switch|p1a: Great Tusk|Great Tusk|100/100
|-activate|p1a: Great Tusk|ability: Protosynthesis
|-start|p1a: Great Tusk|protosynthesisatk
|move|p2a: Pompeii|Overheat|p1a: Great Tusk
|-damage|p1a: Great Tusk|6/100
|-unboost|p2a: Pompeii|spa|2
|
|-weather|SunnyDay|[upkeep]
|upkeep
|turn|16
|
|t:|1757824918
|switch|p2a: Neck Deep|Raging Bolt|100/100
|-activate|p2a: Neck Deep|ability: Protosynthesis
|-start|p2a: Neck Deep|protosynthesisspa
|move|p1a: Great Tusk|Headlong Rush|p2a: Neck Deep
|-supereffective|p2a: Neck Deep
|-enditem|p2a: Neck Deep|Shuca Berry|[eat]
|-enditem|p2a: Neck Deep|Shuca Berry|[weaken]
|-damage|p2a: Neck Deep|39/100
|-unboost|p1a: Great Tusk|def|1
|-unboost|p1a: Great Tusk|spd|1
|
|-weather|none
|-end|p1a: Great Tusk|Protosynthesis
|-end|p2a: Neck Deep|Protosynthesis
|upkeep
|turn|17
|
|t:|1757824939
|move|p1a: Great Tusk|Ice Spinner|p2a: Neck Deep
|-supereffective|p2a: Neck Deep
|-damage|p2a: Neck Deep|0 fnt
|faint|p2a: Neck Deep
|-end|p2a: Neck Deep|Protosynthesis|[silent]
|
|upkeep
|
|t:|1757824942
|switch|p2a: Pompeii|Torkoal, M|100/100
|-weather|SunnyDay|[from] ability: Drought|[of] p2a: Pompeii
|-activate|p1a: Great Tusk|ability: Protosynthesis
|-start|p1a: Great Tusk|protosynthesisatk
|turn|18
|
|t:|1757824961
|move|p1a: Great Tusk|Headlong Rush|p2a: Pompeii
|-supereffective|p2a: Pompeii
|-damage|p2a: Pompeii|0 fnt
|-unboost|p1a: Great Tusk|def|1
|-unboost|p1a: Great Tusk|spd|1
|faint|p2a: Pompeii
|
|-weather|SunnyDay|[upkeep]
|upkeep
|
|t:|1757824964
|switch|p2a: Replace V with P|Venusaur, M|81/100
|turn|19
|
|t:|1757824969
|-terastallize|p2a: Replace V with P|Grass
|move|p2a: Replace V with P|Growth|p2a: Replace V with P
|-boost|p2a: Replace V with P|atk|2
|-boost|p2a: Replace V with P|spa|2
|move|p1a: Great Tusk|Rapid Spin|p2a: Replace V with P
|-damage|p2a: Replace V with P|52/100
|-boost|p1a: Great Tusk|spe|1
|-sideend|p1: deepify|Stealth Rock|[from] move: Rapid Spin|[of] p1a: Great Tusk
|
|-weather|SunnyDay|[upkeep]
|upkeep
|turn|20
|
|t:|1757824976
|move|p1a: Great Tusk|Ice Spinner|p2a: Replace V with P
|-supereffective|p2a: Replace V with P
|-damage|p2a: Replace V with P|0 fnt
|faint|p2a: Replace V with P
|
|win|deepify
|raw|deepify's rating: 1426 &rarr; <strong>1442</strong><br />(+16 for winning)
|raw|blacksoxx's rating: 1361 &rarr; <strong>1345</strong><br />(-16 for losing)
|c|☆deepify|gg
|c|☆blacksoxx|move ni
|c|☆deepify|u dumb?
|l|☆deepify
|player|p1|
