|j|☆GamingGhostLord
|j|☆tiandobao
|t:|1757842062
|gametype|singles
|player|p1|GamingGhostLord|volkner|1135
|player|p2|tiandobao|dawn|1103
|gen|9
|tier|[Gen 9] OU
|rated|
|rule|HP Percentage Mod: HP is shown in percentages
|rule|Endless Battle Clause: Forcing endless battles is banned
|rule|Species Clause: Limit one of each Pokémon
|rule|OHKO Clause: OHKO moves are banned
|rule|Evasion Items Clause: Evasion items are banned
|rule|Evasion Moves Clause: Evasion moves are banned
|rule|Evasion Abilities Clause: Evasion abilities are banned
|rule|Sleep Moves Clause: Sleep-inducing moves are banned
|clearpoke
|poke|p1|Iron Treads|
|poke|p1|Ceruledge, M|
|poke|p1|Blaziken, M|
|poke|p1|Scizor, M|
|poke|p1|Ting-Lu|
|poke|p1|Donphan, M|
|poke|p2|Tyranitar, F|
|poke|p2|Scizor, F|
|poke|p2|Gastrodon, M|
|poke|p2|Garchomp, F|
|poke|p2|Okidogi, M|
|poke|p2|Arcanine-Hisui, F|
|teampreview
|inactive|Battle timer is ON: inactive players will automatically lose when time's up. (requested by GamingGhostLord)
|c|☆GamingGhostLord|Glhf
|
|t:|1757842087
|teamsize|p1|6
|teamsize|p2|6
|start
|switch|p1a: Ting-Lu|Ting-Lu|100/100
|switch|p2a: Tyranitar|Tyranitar, F|100/100
|-weather|Sandstorm|[from] ability: Sand Stream|[of] p2a: Tyranitar
|-ability|p1a: Ting-Lu|Vessel of Ruin
|turn|1
|inactive|GamingGhostLord has 120 seconds left.
|
|t:|1757842141
|move|p2a: Tyranitar|Taunt|p1a: Ting-Lu
|-start|p1a: Ting-Lu|move: Taunt
|cant|p1a: Ting-Lu|move: Taunt|Stealth Rock
|
|-weather|Sandstorm|[upkeep]
|upkeep
|turn|2
|
|t:|1757842150
|move|p2a: Tyranitar|Knock Off|p1a: Ting-Lu
|-resisted|p1a: Ting-Lu
|-damage|p1a: Ting-Lu|91/100
|-enditem|p1a: Ting-Lu|Leftovers|[from] move: Knock Off|[of] p2a: Tyranitar
|move|p1a: Ting-Lu|Earthquake|p2a: Tyranitar
|-supereffective|p2a: Tyranitar
|-damage|p2a: Tyranitar|52/100
|
|-weather|Sandstorm|[upkeep]
|upkeep
|turn|3
|
|t:|1757842162
|move|p2a: Tyranitar|Stealth Rock|p1a: Ting-Lu
|-sidestart|p1: GamingGhostLord|move: Stealth Rock
|move|p1a: Ting-Lu|Earthquake|p2a: Tyranitar
|-supereffective|p2a: Tyranitar
|-damage|p2a: Tyranitar|4/100
|
|-weather|Sandstorm|[upkeep]
|-end|p1a: Ting-Lu|move: Taunt
|upkeep
|turn|4
|
|t:|1757842171
|move|p2a: Tyranitar|Taunt|p1a: Ting-Lu
|-start|p1a: Ting-Lu|move: Taunt
|move|p1a: Ting-Lu|Earthquake|p2a: Tyranitar
|-supereffective|p2a: Tyranitar
|-damage|p2a: Tyranitar|0 fnt
|faint|p2a: Tyranitar
|
|-weather|Sandstorm|[upkeep]
|upkeep
|
|t:|1757842183
|switch|p2a: Gastrodon|Gastrodon, M|100/100
|turn|5
|
|t:|1757842193
|switch|p1a: Scizor|Scizor, M|100/100
|-damage|p1a: Scizor|88/100|[from] Stealth Rock
|move|p2a: Gastrodon|Curse|p2a: Gastrodon
|-unboost|p2a: Gastrodon|spe|1
|-boost|p2a: Gastrodon|atk|1
|-boost|p2a: Gastrodon|def|1
|
|-weather|none
|upkeep
|turn|6
|
|t:|1757842202
|switch|p1a: Iron Treads|Iron Treads|100/100
|-damage|p1a: Iron Treads|97/100|[from] Stealth Rock
|-enditem|p1a: Iron Treads|Booster Energy
|-activate|p1a: Iron Treads|ability: Quark Drive|[fromitem]
|-start|p1a: Iron Treads|quarkdrivespe
|move|p2a: Gastrodon|Curse|p2a: Gastrodon
|-unboost|p2a: Gastrodon|spe|1
|-boost|p2a: Gastrodon|atk|1
|-boost|p2a: Gastrodon|def|1
|
|upkeep
|turn|7
|
|t:|1757842213
|move|p1a: Iron Treads|Rapid Spin|p2a: Gastrodon
|-damage|p2a: Gastrodon|92/100
|-boost|p1a: Iron Treads|spe|1
|-sideend|p1: GamingGhostLord|Stealth Rock|[from] move: Rapid Spin|[of] p1a: Iron Treads
|move|p2a: Gastrodon|Curse|p2a: Gastrodon
|-unboost|p2a: Gastrodon|spe|1
|-boost|p2a: Gastrodon|atk|1
|-boost|p2a: Gastrodon|def|1
|
|-heal|p2a: Gastrodon|98/100|[from] item: Leftovers
|upkeep
|turn|8
|-message|GamingGhostLord forfeited.
|
|win|tiandobao
|raw|GamingGhostLord's rating: 1135 &rarr; <strong>1108</strong><br />(-27 for losing)
|raw|tiandobao's rating: 1103 &rarr; <strong>1130</strong><br />(+27 for winning)
|l|☆GamingGhostLord
|player|p1|
|l|☆tiandobao
|player|p2|
