|j|☆MiahOD
|j|☆firecharmander004
|t:|1757872606
|gametype|singles
|player|p1|MiahOD|marlon|1344
|player|p2|firecharmander004|266|1334
|gen|9
|tier|[Gen 9] OU
|rated|
|rule|HP Percentage Mod: HP is shown in percentages
|rule|Endless Battle Clause: Forcing endless battles is banned
|rule|Species Clause: Limit one of each Pokémon
|rule|OHKO Clause: OHKO moves are banned
|rule|Evasion Items Clause: Evasion items are banned
|rule|Evasion Moves Clause: Evasion moves are banned
|rule|Evasion Abilities Clause: Evasion abilities are banned
|rule|Sleep Moves Clause: Sleep-inducing moves are banned
|clearpoke
|poke|p1|Landorus-Therian, M|
|poke|p1|Pecharunt|
|poke|p1|Samurott-Hisui, M|
|poke|p1|Zamazenta-*|
|poke|p1|Latios, M|
|poke|p1|Scizor, M|
|poke|p2|Arcanine-Hisui, M|
|poke|p2|Ogerpon-Wellspring, F|
|poke|p2|Zapdos|
|poke|p2|Iron Treads|
|poke|p2|Slowking-Galar, M|
|poke|p2|Meowscarada, F|
|teampreview
|inactive|Battle timer is ON: inactive players will automatically lose when time's up. (requested by firecharmander004)
|
|t:|1757872616
|teamsize|p1|6
|teamsize|p2|6
|start
|switch|p1a: Landorus|Landorus-Therian, M, shiny|100/100
|switch|p2a: Ogerpon|Ogerpon-Wellspring, F|100/100
|-ability|p1a: Landorus|Intimidate|boost
|-unboost|p2a: Ogerpon|atk|1
|turn|1
|
|t:|1757872639
|move|p2a: Ogerpon|Ivy Cudgel|p1a: Landorus|[anim] Ivy Cudgel Water
|-supereffective|p1a: Landorus
|-damage|p1a: Landorus|21/100
|move|p1a: Landorus|U-turn|p2a: Ogerpon
|-supereffective|p2a: Ogerpon
|-damage|p2a: Ogerpon|46/100
|inactive|MiahOD has 120 seconds left.
|
|t:|1757872670
|switch|p1a: Scizor|Scizor, M, shiny|100/100|[from] U-turn
|
|upkeep
|turn|2
|
|t:|1757872678
|switch|p2a: Zapdos|Zapdos|100/100
|move|p1a: Scizor|U-turn|p2a: Zapdos
|-resisted|p2a: Zapdos
|-damage|p2a: Zapdos|87/100
|
|t:|1757872689
|switch|p1a: Latios|Latios, M, shiny|100/100|[from] U-turn
|
|upkeep
|turn|3
|
|t:|1757872696
|switch|p2a: Slowking|Slowking-Galar, M|100/100
|move|p1a: Latios|Calm Mind|p1a: Latios
|-boost|p1a: Latios|spa|1
|-boost|p1a: Latios|spd|1
|
|upkeep
|turn|4
|
|t:|1757872707
|move|p1a: Latios|Psychic Noise|p2a: Slowking
|-damage|p2a: Slowking|59/100
|-start|p2a: Slowking|move: Heal Block
|-prepare|p2a: Slowking|Chilly Reception|[premajor]
|move|p2a: Slowking|Chilly Reception|p2a: Slowking
|-weather|Snowscape
|
|t:|1757872711
|switch|p2a: Meowscarada|Meowscarada, F, shiny|100/100|[from] Chilly Reception
|
|-weather|Snowscape|[upkeep]
|upkeep
|turn|5
|inactive|MiahOD has 120 seconds left.
|
|t:|1757872723
|switch|p1a: Scizor|Scizor, M, shiny|100/100
|move|p2a: Meowscarada|Knock Off|p1a: Scizor
|-start|p2a: Meowscarada|typechange|Dark|[from] ability: Protean
|-damage|p1a: Scizor|56/100
|-enditem|p1a: Scizor|Heavy-Duty Boots|[from] move: Knock Off|[of] p2a: Meowscarada
|
|-weather|Snowscape|[upkeep]
|upkeep
|turn|6
|inactive|MiahOD has 120 seconds left.
|
|t:|1757872734
|switch|p2a: Zapdos|Zapdos|87/100
|move|p1a: Scizor|U-turn|p2a: Zapdos
|-resisted|p2a: Zapdos
|-damage|p2a: Zapdos|73/100
|
|t:|1757872751
|switch|p1a: Pecharunt|Pecharunt|100/100|[from] U-turn
|
|-weather|Snowscape|[upkeep]
|upkeep
|turn|7
|
|t:|1757872756
|switch|p2a: Slowking|Slowking-Galar, M|93/100
|move|p1a: Pecharunt|Parting Shot|p2a: Slowking
|-unboost|p2a: Slowking|atk|1
|-unboost|p2a: Slowking|spa|1
|
|t:|1757872763
|switch|p1a: Samurott|Samurott-Hisui, M, shiny|100/100|[from] Parting Shot
|
|-weather|Snowscape|[upkeep]
|upkeep
|turn|8
|inactive|MiahOD has 120 seconds left.
|
|t:|1757872775
|switch|p2a: Iron Treads|Iron Treads|100/100
|move|p1a: Samurott|Ceaseless Edge|p2a: Iron Treads
|-damage|p2a: Iron Treads|66/100
|-sidestart|p2: firecharmander004|Spikes
|
|-weather|none
|-heal|p2a: Iron Treads|72/100|[from] item: Leftovers
|upkeep
|turn|9
|
|t:|1757872784
|-end|p2a: Iron Treads|Quark Drive|[silent]
|switch|p2a: Ogerpon|Ogerpon-Wellspring, F|46/100
|-damage|p2a: Ogerpon|34/100|[from] Spikes
|move|p1a: Samurott|Aqua Jet|p2a: Ogerpon
|-heal|p2a: Ogerpon|59/100|[from] ability: Water Absorb|[of] p1a: Samurott
|
|upkeep
|turn|10
|
|t:|1757872794
|switch|p1a: Pecharunt|Pecharunt|100/100
|move|p2a: Ogerpon|U-turn|p1a: Pecharunt
|-resisted|p1a: Pecharunt
|-damage|p1a: Pecharunt|97/100
|
|t:|1757872804
|switch|p2a: Slowking|Slowking-Galar, M|100/100|[from] U-turn
|
|upkeep
|turn|11
|
|t:|1757872810
|move|p1a: Pecharunt|Shadow Ball|p2a: Slowking
|-supereffective|p2a: Slowking
|-damage|p2a: Slowking|69/100
|-prepare|p2a: Slowking|Chilly Reception|[premajor]
|move|p2a: Slowking|Chilly Reception|p2a: Slowking
|-weather|Snowscape
|
|t:|1757872821
|switch|p2a: Arcanine|Arcanine-Hisui, M|100/100|[from] Chilly Reception
|-damage|p2a: Arcanine|88/100|[from] Spikes
|
|-weather|Snowscape|[upkeep]
|upkeep
|turn|12
|
|t:|1757872828
|-terastallize|p2a: Arcanine|Rock
|move|p2a: Arcanine|Head Smash|p1a: Pecharunt
|-damage|p1a: Pecharunt|6/100
|move|p1a: Pecharunt|Parting Shot|p2a: Arcanine
|-unboost|p2a: Arcanine|atk|1
|-unboost|p2a: Arcanine|spa|1
|
|t:|1757872841
|switch|p1a: Landorus|Landorus-Therian, M, shiny|21/100|[from] Parting Shot
|-ability|p1a: Landorus|Intimidate|boost
|-unboost|p2a: Arcanine|atk|1
|
|-weather|Snowscape|[upkeep]
|upkeep
|turn|13
|
|t:|1757872849
|switch|p2a: Zapdos|Zapdos|73/100
|move|p1a: Landorus|Stealth Rock|p2a: Zapdos
|-sidestart|p2: firecharmander004|move: Stealth Rock
|
|-weather|Snowscape|[upkeep]
|upkeep
|turn|14
|
|t:|1757872862
|switch|p1a: Latios|Latios, M, shiny|100/100
|move|p2a: Zapdos|Hurricane|p1a: Latios
|-damage|p1a: Latios|48/100
|
|-weather|Snowscape|[upkeep]
|upkeep
|turn|15
|
|t:|1757872874
|move|p1a: Latios|Recover|p1a: Latios
|-heal|p1a: Latios|99/100
|move|p2a: Zapdos|Volt Switch|p1a: Latios
|-resisted|p1a: Latios
|-damage|p1a: Latios|84/100
|
|t:|1757872877
|switch|p2a: Iron Treads|Iron Treads|72/100|[from] Volt Switch
|-damage|p2a: Iron Treads|60/100|[from] Spikes
|-damage|p2a: Iron Treads|57/100|[from] Stealth Rock
|
|-weather|none
|-heal|p2a: Iron Treads|63/100|[from] item: Leftovers
|upkeep
|turn|16
|
|t:|1757872887
|move|p1a: Latios|Draco Meteor|p2a: Iron Treads
|-resisted|p2a: Iron Treads
|-damage|p2a: Iron Treads|30/100
|-unboost|p1a: Latios|spa|2
|move|p2a: Iron Treads|Stealth Rock|p1a: Latios
|-sidestart|p1: MiahOD|move: Stealth Rock
|
|-heal|p2a: Iron Treads|36/100|[from] item: Leftovers
|upkeep
|turn|17
|
|t:|1757872895
|switch|p1a: Pecharunt|Pecharunt|6/100
|move|p2a: Iron Treads|Rapid Spin|p1a: Pecharunt
|-immune|p1a: Pecharunt
|
|-heal|p2a: Iron Treads|42/100|[from] item: Leftovers
|upkeep
|turn|18
|
|t:|1757872908
|switch|p1a: Samurott|Samurott-Hisui, M, shiny|100/100
|-damage|p1a: Samurott|88/100|[from] Stealth Rock
|move|p2a: Iron Treads|Earthquake|p1a: Samurott
|-damage|p1a: Samurott|42/100
|
|-heal|p2a: Iron Treads|48/100|[from] item: Leftovers
|upkeep
|turn|19
|
|t:|1757872928
|move|p1a: Samurott|Aqua Jet|p2a: Iron Treads
|-supereffective|p2a: Iron Treads
|-damage|p2a: Iron Treads|17/100
|move|p2a: Iron Treads|Rapid Spin|p1a: Samurott
|-damage|p1a: Samurott|25/100
|-boost|p2a: Iron Treads|spe|1
|-sideend|p2: firecharmander004|Spikes|[from] move: Rapid Spin|[of] p2a: Iron Treads
|-sideend|p2: firecharmander004|Stealth Rock|[from] move: Rapid Spin|[of] p2a: Iron Treads
|
|-heal|p2a: Iron Treads|23/100|[from] item: Leftovers
|upkeep
|turn|20
|
|t:|1757872935
|-end|p2a: Iron Treads|Quark Drive|[silent]
|switch|p2a: Ogerpon|Ogerpon-Wellspring, F|59/100
|move|p1a: Samurott|Ceaseless Edge|p2a: Ogerpon
|-damage|p2a: Ogerpon|0 fnt
|-sidestart|p2: firecharmander004|Spikes
|faint|p2a: Ogerpon
|
|upkeep
|
|t:|1757872942
|switch|p2a: Meowscarada|Meowscarada, F, shiny|100/100
|-damage|p2a: Meowscarada|88/100|[from] Spikes
|turn|21
|
|t:|1757872961
|switch|p1a: Zamazenta|Zamazenta, shiny|100/100
|-damage|p1a: Zamazenta|94/100|[from] Stealth Rock
|-ability|p1a: Zamazenta|Dauntless Shield|boost
|-boost|p1a: Zamazenta|def|1
|move|p2a: Meowscarada|U-turn|p1a: Zamazenta
|-start|p2a: Meowscarada|typechange|Bug|[from] ability: Protean
|-resisted|p1a: Zamazenta
|-damage|p1a: Zamazenta|87/100
|
|t:|1757872965
|switch|p2a: Zapdos|Zapdos|73/100|[from] U-turn
|
|-heal|p1a: Zamazenta|93/100|[from] item: Leftovers
|upkeep
|turn|22
|
|t:|1757872974
|move|p2a: Zapdos|Volt Switch|p1a: Zamazenta
|-damage|p1a: Zamazenta|67/100
|
|t:|1757872981
|switch|p2a: Iron Treads|Iron Treads|23/100|[from] Volt Switch
|-damage|p2a: Iron Treads|10/100|[from] Spikes
|move|p1a: Zamazenta|Roar|p2a: Iron Treads
|-end|p2a: Iron Treads|Quark Drive|[silent]
|drag|p2a: Meowscarada|Meowscarada, F, shiny|88/100
|-damage|p2a: Meowscarada|76/100|[from] Spikes
|
|-heal|p1a: Zamazenta|73/100|[from] item: Leftovers
|upkeep
|turn|23
|
|t:|1757872992
|switch|p2a: Zapdos|Zapdos|73/100
|move|p1a: Zamazenta|Iron Defense|p1a: Zamazenta
|-boost|p1a: Zamazenta|def|2
|
|-heal|p1a: Zamazenta|79/100|[from] item: Leftovers
|upkeep
|turn|24
|
|t:|1757873021
|switch|p1a: Scizor|Scizor, M, shiny|56/100
|-damage|p1a: Scizor|43/100|[from] Stealth Rock
|move|p2a: Zapdos|Hurricane|p1a: Scizor
|-damage|p1a: Scizor|0 fnt
|faint|p1a: Scizor
|
|upkeep
|inactive|MiahOD has 120 seconds left.
|
|t:|1757873041
|switch|p1a: Pecharunt|Pecharunt|6/100
|turn|25
|
|t:|1757873060
|switch|p2a: Iron Treads|Iron Treads|10/100
|-damage|p2a: Iron Treads|0 fnt|[from] Spikes
|faint|p2a: Iron Treads
|-end|p2a: Iron Treads|Quark Drive|[silent]
|move|p1a: Pecharunt|Recover|p1a: Pecharunt
|-heal|p1a: Pecharunt|56/100
|
|upkeep
|
|t:|1757873066
|switch|p2a: Arcanine|Arcanine-Hisui, M, tera:Rock|88/100
|-damage|p2a: Arcanine|76/100|[from] Spikes
|turn|26
|
|t:|1757873073
|switch|p1a: Zamazenta|Zamazenta, shiny|79/100
|-damage|p1a: Zamazenta|73/100|[from] Stealth Rock
|move|p2a: Arcanine|Head Smash|p1a: Zamazenta
|-resisted|p1a: Zamazenta
|-damage|p1a: Zamazenta|25/100
|
|-heal|p1a: Zamazenta|31/100|[from] item: Leftovers
|upkeep
|turn|27
|
|t:|1757873083
|switch|p2a: Zapdos|Zapdos|73/100
|move|p1a: Zamazenta|Body Press|p2a: Zapdos
|-resisted|p2a: Zapdos
|-damage|p2a: Zapdos|61/100
|
|-heal|p1a: Zamazenta|37/100|[from] item: Leftovers
|upkeep
|turn|28
|
|t:|1757873093
|switch|p1a: Pecharunt|Pecharunt|56/100
|move|p2a: Zapdos|Roost|p2a: Zapdos
|-heal|p2a: Zapdos|100/100
|-singleturn|p2a: Zapdos|move: Roost
|
|upkeep
|turn|29
|
|t:|1757873098
|move|p1a: Pecharunt|Recover|p1a: Pecharunt
|-heal|p1a: Pecharunt|100/100
|move|p2a: Zapdos|Volt Switch|p1a: Pecharunt
|-damage|p1a: Pecharunt|69/100
|
|t:|1757873111
|switch|p2a: Arcanine|Arcanine-Hisui, M, tera:Rock|76/100|[from] Volt Switch
|-damage|p2a: Arcanine|63/100|[from] Spikes
|
|upkeep
|turn|30
|
|t:|1757873118
|move|p2a: Arcanine|Head Smash|p1a: Pecharunt
|-damage|p1a: Pecharunt|0 fnt
|faint|p1a: Pecharunt
|
|upkeep
|
|t:|1757873125
|switch|p1a: Samurott|Samurott-Hisui, M, shiny|25/100
|-damage|p1a: Samurott|13/100|[from] Stealth Rock
|turn|31
|
|t:|1757873133
|switch|p2a: Meowscarada|Meowscarada, F, shiny|76/100
|-damage|p2a: Meowscarada|64/100|[from] Spikes
|move|p1a: Samurott|Ceaseless Edge|p2a: Meowscarada
|-resisted|p2a: Meowscarada
|-damage|p2a: Meowscarada|29/100
|-sidestart|p2: firecharmander004|Spikes
|
|upkeep
|turn|32
|
|t:|1757873151
|switch|p1a: Latios|Latios, M, shiny|84/100
|-damage|p1a: Latios|72/100|[from] Stealth Rock
|move|p2a: Meowscarada|U-turn|p1a: Latios
|-start|p2a: Meowscarada|typechange|Bug|[from] ability: Protean
|-supereffective|p1a: Latios
|-damage|p1a: Latios|0 fnt
|faint|p1a: Latios
|
|t:|1757873165
|switch|p2a: Zapdos|Zapdos|100/100|[from] U-turn
|
|upkeep
|
|t:|1757873169
|switch|p1a: Landorus|Landorus-Therian, M, shiny|21/100
|-damage|p1a: Landorus|9/100|[from] Stealth Rock
|-ability|p1a: Landorus|Intimidate|boost
|-unboost|p2a: Zapdos|atk|1
|turn|33
|
|t:|1757873174
|move|p1a: Landorus|Smack Down|p2a: Zapdos
|-supereffective|p2a: Zapdos
|-crit|p2a: Zapdos
|-damage|p2a: Zapdos|67/100
|-start|p2a: Zapdos|Smack Down
|move|p2a: Zapdos|Hurricane|p1a: Landorus|[miss]
|-miss|p2a: Zapdos|p1a: Landorus
|
|upkeep
|turn|34
|
|t:|1757873185
|switch|p2a: Meowscarada|Meowscarada, F, shiny|29/100
|-damage|p2a: Meowscarada|12/100|[from] Spikes
|move|p1a: Landorus|Stealth Rock|p2a: Meowscarada
|-sidestart|p2: firecharmander004|move: Stealth Rock
|
|upkeep
|turn|35
|
|t:|1757873195
|move|p2a: Meowscarada|Flower Trick|p1a: Landorus
|-start|p2a: Meowscarada|typechange|Grass|[from] ability: Protean
|-crit|p1a: Landorus
|-damage|p1a: Landorus|0 fnt
|faint|p1a: Landorus
|
|upkeep
|
|t:|1757873200
|switch|p1a: Samurott|Samurott-Hisui, M, shiny|13/100
|-damage|p1a: Samurott|0 fnt|[from] Stealth Rock
|faint|p1a: Samurott
|
|t:|1757873201
|switch|p1a: Zamazenta|Zamazenta, shiny|37/100
|-damage|p1a: Zamazenta|31/100|[from] Stealth Rock
|turn|36
|
|t:|1757873221
|move|p2a: Meowscarada|Flower Trick|p1a: Zamazenta
|-crit|p1a: Zamazenta
|-damage|p1a: Zamazenta|0 fnt
|faint|p1a: Zamazenta
|
|win|firecharmander004
|raw|MiahOD's rating: 1344 &rarr; <strong>1323</strong><br />(-21 for losing)
|raw|firecharmander004's rating: 1334 &rarr; <strong>1355</strong><br />(+21 for winning)
|l|☆MiahOD
|player|p1|
