|j|☆Gurden
|j|☆Jrony
|t:|1757793929
|gametype|singles
|player|p1|Gurden|170|1125
|player|p2|Jrony|clair|1083
|gen|9
|tier|[Gen 9] OU
|rated|
|rule|HP Percentage Mod: HP is shown in percentages
|rule|Endless Battle Clause: Forcing endless battles is banned
|rule|Species Clause: Limit one of each Pokémon
|rule|OHKO Clause: OHKO moves are banned
|rule|Evasion Items Clause: Evasion items are banned
|rule|Evasion Moves Clause: Evasion moves are banned
|rule|Evasion Abilities Clause: Evasion abilities are banned
|rule|Sleep Moves Clause: Sleep-inducing moves are banned
|clearpoke
|poke|p1|Primeape, M|
|poke|p1|Kingdra, M|
|poke|p1|Scream Tail|
|poke|p1|Samurott-Hisui, M|
|poke|p1|Arcanine-Hisui, F|
|poke|p1|Bastiodon, M|
|poke|p2|Dondozo, M|
|poke|p2|Gothitelle, M|
|poke|p2|Ursaring, M|
|poke|p2|Vileplume, M|
|poke|p2|Snorlax, F|
|poke|p2|Coalossal, M|
|teampreview
|
|t:|1757793943
|teamsize|p1|6
|teamsize|p2|6
|start
|switch|p1a: Bastiodon|Bastiodon, M|100/100
|switch|p2a: Gothitelle|Gothitelle, M|100/100
|-item|p1a: Bastiodon|Custap Berry|[from] ability: Frisk|[of] p2a: Gothitelle
|turn|1
|
|t:|1757793952
|move|p1a: Bastiodon|Stealth Rock|p2a: Gothitelle
|-sidestart|p2: Jrony|move: Stealth Rock
|move|p2a: Gothitelle|Trick Room|p2a: Gothitelle
|-fieldstart|move: Trick Room|[of] p2a: Gothitelle
|
|upkeep
|turn|2
|
|t:|1757793973
|switch|p2a: Ursaring|Ursaring, M|100/100
|-damage|p2a: Ursaring|88/100|[from] Stealth Rock
|move|p1a: Bastiodon|Earthquake|p2a: Ursaring
|-damage|p2a: Ursaring|71/100
|
|-status|p2a: Ursaring|brn|[from] item: Flame Orb
|upkeep
|turn|3
|
|t:|1757793983
|move|p1a: Bastiodon|Metal Burst||[still]
|-fail|p1a: Bastiodon
|move|p2a: Ursaring|Close Combat|p1a: Bastiodon
|-supereffective|p1a: Bastiodon
|-ability|p1a: Bastiodon|Sturdy
|-damage|p1a: Bastiodon|1/100
|-unboost|p2a: Ursaring|def|1
|-unboost|p2a: Ursaring|spd|1
|
|-damage|p2a: Ursaring|65/100 brn|[from] brn
|upkeep
|turn|4
|-enditem|p1a: Bastiodon|Custap Berry|[eat]
|-activate|p1a: Bastiodon|item: Custap Berry|[consumed]
|
|t:|1757793998
|move|p1a: Bastiodon|Metal Burst||[still]
|-fail|p1a: Bastiodon
|move|p2a: Ursaring|Facade|p1a: Bastiodon
|-resisted|p1a: Bastiodon
|-damage|p1a: Bastiodon|0 fnt
|faint|p1a: Bastiodon
|
|-damage|p2a: Ursaring|59/100 brn|[from] brn
|upkeep
|
|t:|1757794026
|switch|p1a: Scream Tail|Scream Tail|100/100
|-enditem|p1a: Scream Tail|Booster Energy
|-activate|p1a: Scream Tail|ability: Protosynthesis|[fromitem]
|-start|p1a: Scream Tail|protosynthesisspd
|turn|5
|
|t:|1757794040
|move|p2a: Ursaring|Facade|p1a: Scream Tail
|-crit|p1a: Scream Tail
|-damage|p1a: Scream Tail|0 fnt
|faint|p1a: Scream Tail
|-end|p1a: Scream Tail|Protosynthesis|[silent]
|
|-damage|p2a: Ursaring|52/100 brn|[from] brn
|-fieldend|move: Trick Room
|upkeep
|
|t:|1757794060
|switch|p1a: Primeape|Primeape, M|100/100
|turn|6
|
|t:|1757794067
|move|p1a: Primeape|Drain Punch|p2a: Ursaring
|-supereffective|p2a: Ursaring
|-damage|p2a: Ursaring|0 fnt
|faint|p2a: Ursaring
|
|upkeep
|
|t:|1757794074
|switch|p2a: Gothitelle|Gothitelle, M|100/100
|-damage|p2a: Gothitelle|88/100|[from] Stealth Rock
|-item|p1a: Primeape|Eviolite|[from] ability: Frisk|[of] p2a: Gothitelle
|turn|7
|
|t:|1757794089
|move|p1a: Primeape|Taunt|p2a: Gothitelle
|-start|p2a: Gothitelle|move: Taunt
|cant|p2a: Gothitelle|move: Taunt|Trick Room
|
|upkeep
|turn|8
|
|t:|1757794098
|switch|p2a: Coalossal|Coalossal, M|100/100
|-damage|p2a: Coalossal|75/100|[from] Stealth Rock
|-terastallize|p1a: Primeape|Ghost
|move|p1a: Primeape|Bulk Up|p1a: Primeape
|-boost|p1a: Primeape|atk|1
|-boost|p1a: Primeape|def|1
|
|upkeep
|turn|9
|
|t:|1757794113
|move|p1a: Primeape|Drain Punch|p2a: Coalossal
|-supereffective|p2a: Coalossal
|-damage|p2a: Coalossal|23/100
|-damage|p1a: Primeape|84/100|[from] item: Rocky Helmet|[of] p2a: Coalossal
|move|p2a: Coalossal|Stealth Rock|p1a: Primeape
|-sidestart|p1: Gurden|move: Stealth Rock
|
|upkeep
|turn|10
|
|t:|1757794123
|move|p1a: Primeape|Drain Punch|p2a: Coalossal
|-supereffective|p2a: Coalossal
|-damage|p2a: Coalossal|0 fnt
|-heal|p1a: Primeape|100/100|[from] drain|[of] p2a: Coalossal
|-damage|p1a: Primeape|84/100|[from] item: Rocky Helmet|[of] p2a: Coalossal
|faint|p2a: Coalossal
|
|upkeep
|
|t:|1757794137
|switch|p2a: Vileplume|Vileplume, M|100/100
|-damage|p2a: Vileplume|88/100|[from] Stealth Rock
|turn|11
|
|t:|1757794142
|move|p1a: Primeape|Taunt|p2a: Vileplume
|-start|p2a: Vileplume|move: Taunt
|cant|p2a: Vileplume|move: Taunt|Leech Seed
|
|-heal|p2a: Vileplume|94/100|[from] item: Leftovers
|upkeep
|turn|12
|
|t:|1757794149
|move|p1a: Primeape|Bulk Up|p1a: Primeape
|-boost|p1a: Primeape|atk|1
|-boost|p1a: Primeape|def|1
|move|p2a: Vileplume|Sludge Wave|p1a: Primeape
|-resisted|p1a: Primeape
|-damage|p1a: Primeape|57/100
|
|-heal|p2a: Vileplume|100/100|[from] item: Leftovers
|upkeep
|turn|13
|
|t:|1757794160
|move|p1a: Primeape|Rage Fist|p2a: Vileplume
|-damage|p2a: Vileplume|0 fnt
|-status|p1a: Primeape|slp|[from] ability: Effect Spore|[of] p2a: Vileplume
|faint|p2a: Vileplume
|
|upkeep
|
|t:|1757794168
|switch|p2a: Gothitelle|Gothitelle, M|88/100
|-damage|p2a: Gothitelle|76/100|[from] Stealth Rock
|-item|p1a: Primeape|Eviolite|[from] ability: Frisk|[of] p2a: Gothitelle
|turn|14
|
|t:|1757794175
|cant|p1a: Primeape|slp
|move|p2a: Gothitelle|Shadow Ball|p1a: Primeape
|-supereffective|p1a: Primeape
|-damage|p1a: Primeape|8/100 slp
|-unboost|p1a: Primeape|spd|1
|-ability|p1a: Primeape|Defiant|boost
|-boost|p1a: Primeape|atk|2
|
|upkeep
|turn|15
|
|t:|1757794184
|cant|p1a: Primeape|slp
|move|p2a: Gothitelle|Trick Room|p2a: Gothitelle
|-fieldstart|move: Trick Room|[of] p2a: Gothitelle
|
|upkeep
|turn|16
|
|t:|1757794189
|move|p2a: Gothitelle|Shadow Ball|p1a: Primeape
|-supereffective|p1a: Primeape
|-damage|p1a: Primeape|0 fnt
|faint|p1a: Primeape
|
|upkeep
|
|t:|1757794197
|switch|p1a: Samurott|Samurott-Hisui, M|100/100
|-damage|p1a: Samurott|88/100|[from] Stealth Rock
|turn|17
|
|t:|1757794217
|move|p2a: Gothitelle|Thunder Wave|p1a: Samurott
|-status|p1a: Samurott|par
|move|p1a: Samurott|Ceaseless Edge|p2a: Gothitelle
|-supereffective|p2a: Gothitelle
|-damage|p2a: Gothitelle|0 fnt
|-sidestart|p2: Jrony|Spikes
|faint|p2a: Gothitelle
|
|upkeep
|
|t:|1757794224
|switch|p2a: Dondozo|Dondozo, M|100/100
|-damage|p2a: Dondozo|88/100|[from] Stealth Rock
|-damage|p2a: Dondozo|75/100|[from] Spikes
|turn|18
|
|t:|1757794231
|move|p2a: Dondozo|Curse|p2a: Dondozo
|-unboost|p2a: Dondozo|spe|1
|-boost|p2a: Dondozo|atk|1
|-boost|p2a: Dondozo|def|1
|cant|p1a: Samurott|par
|
|-heal|p2a: Dondozo|82/100|[from] item: Leftovers
|upkeep
|turn|19
|
|t:|1757794242
|move|p2a: Dondozo|Substitute|p2a: Dondozo
|-start|p2a: Dondozo|Substitute
|-damage|p2a: Dondozo|57/100
|move|p1a: Samurott|Ceaseless Edge|p2a: Dondozo
|-activate|p2a: Dondozo|move: Substitute|[damage]
|-sidestart|p2: Jrony|Spikes
|
|-heal|p2a: Dondozo|63/100|[from] item: Leftovers
|-fieldend|move: Trick Room
|upkeep
|turn|20
|
|t:|1757794251
|cant|p1a: Samurott|par
|move|p2a: Dondozo|Curse|p2a: Dondozo
|-unboost|p2a: Dondozo|spe|1
|-boost|p2a: Dondozo|atk|1
|-boost|p2a: Dondozo|def|1
|
|-heal|p2a: Dondozo|69/100|[from] item: Leftovers
|upkeep
|turn|21
|
|t:|1757794260
|cant|p1a: Samurott|par
|move|p2a: Dondozo|Curse|p2a: Dondozo
|-unboost|p2a: Dondozo|spe|1
|-boost|p2a: Dondozo|atk|1
|-boost|p2a: Dondozo|def|1
|
|-heal|p2a: Dondozo|75/100|[from] item: Leftovers
|upkeep
|turn|22
|
|t:|1757794269
|move|p1a: Samurott|Ceaseless Edge|p2a: Dondozo
|-end|p2a: Dondozo|Substitute
|-sidestart|p2: Jrony|Spikes
|move|p2a: Dondozo|Curse|p2a: Dondozo
|-unboost|p2a: Dondozo|spe|1
|-boost|p2a: Dondozo|atk|1
|-boost|p2a: Dondozo|def|1
|
|-heal|p2a: Dondozo|81/100|[from] item: Leftovers
|upkeep
|turn|23
|
|t:|1757794279
|cant|p1a: Samurott|par
|move|p2a: Dondozo|Substitute|p2a: Dondozo
|-start|p2a: Dondozo|Substitute
|-damage|p2a: Dondozo|56/100
|
|-heal|p2a: Dondozo|62/100|[from] item: Leftovers
|upkeep
|turn|24
|
|t:|1757794287
|move|p1a: Samurott|Ceaseless Edge|p2a: Dondozo
|-activate|p2a: Dondozo|move: Substitute|[damage]
|move|p2a: Dondozo|Curse|p2a: Dondozo
|-unboost|p2a: Dondozo|spe|1
|-boost|p2a: Dondozo|atk|1
|-boost|p2a: Dondozo|def|1
|
|-heal|p2a: Dondozo|69/100|[from] item: Leftovers
|upkeep
|turn|25
|
|t:|1757794297
|cant|p1a: Samurott|par
|move|p2a: Dondozo|Curse|p2a: Dondozo
|-unboost|p2a: Dondozo|spe|1
|-boost|p2a: Dondozo|atk|1
|-boost|p2a: Dondozo|def|1
|
|-heal|p2a: Dondozo|75/100|[from] item: Leftovers
|upkeep
|turn|26
|
|t:|1757794306
|move|p1a: Samurott|Ceaseless Edge|p2a: Dondozo
|-activate|p2a: Dondozo|move: Substitute|[damage]
|move|p2a: Dondozo|Wave Crash|p1a: Samurott
|-resisted|p1a: Samurott
|-damage|p1a: Samurott|0 fnt
|faint|p1a: Samurott
|-damage|p2a: Dondozo|56/100|[from] Recoil
|
|-heal|p2a: Dondozo|62/100|[from] item: Leftovers
|upkeep
|
|t:|1757794318
|switch|p1a: Arcanine|Arcanine-Hisui, F|100/100
|-damage|p1a: Arcanine|76/100|[from] Stealth Rock
|turn|27
|
|t:|1757794324
|move|p1a: Arcanine|Head Smash|p2a: Dondozo
|-end|p2a: Dondozo|Substitute
|move|p2a: Dondozo|Wave Crash|p1a: Arcanine
|-supereffective|p1a: Arcanine
|-damage|p1a: Arcanine|0 fnt
|faint|p1a: Arcanine
|-damage|p2a: Dondozo|46/100|[from] Recoil
|
|-heal|p2a: Dondozo|52/100|[from] item: Leftovers
|upkeep
|
|t:|1757794334
|switch|p1a: Kingdra|Kingdra, M|100/100
|-damage|p1a: Kingdra|88/100|[from] Stealth Rock
|turn|28
|
|t:|1757794340
|move|p1a: Kingdra|Draco Meteor|p2a: Dondozo
|-damage|p2a: Dondozo|0 fnt
|-unboost|p1a: Kingdra|spa|2
|faint|p2a: Dondozo
|
|upkeep
|
|t:|1757794344
|switch|p2a: Snorlax|Snorlax, F|100/100
|-damage|p2a: Snorlax|88/100|[from] Stealth Rock
|-damage|p2a: Snorlax|63/100|[from] Spikes
|turn|29
|
|t:|1757794354
|move|p1a: Kingdra|Focus Energy|p1a: Kingdra
|-start|p1a: Kingdra|move: Focus Energy
|move|p2a: Snorlax|Body Slam|p1a: Kingdra
|-damage|p1a: Kingdra|35/100
|
|-heal|p2a: Snorlax|69/100|[from] item: Leftovers
|upkeep
|turn|30
|
|t:|1757794362
|move|p1a: Kingdra|Draco Meteor|p2a: Snorlax|[miss]
|-miss|p1a: Kingdra|p2a: Snorlax
|move|p2a: Snorlax|Body Slam|p1a: Kingdra
|-damage|p1a: Kingdra|0 fnt
|faint|p1a: Kingdra
|
|win|Jrony
|raw|Gurden's rating: 1125 &rarr; <strong>1097</strong><br />(-28 for losing)
|raw|Jrony's rating: 1083 &rarr; <strong>1114</strong><br />(+31 for winning)
|c|☆Jrony|gg
|l|☆Gurden
|player|p1|
|l|☆Jrony
|player|p2|
