|j|‽harc
|j|☆ChessDennis
|t:|1757859459
|gametype|singles
|player|p1|harc|lady|1356
|player|p2|ChessDennis|170|1396
|gen|9
|tier|[Gen 9] OU
|rated|
|rule|HP Percentage Mod: HP is shown in percentages
|rule|Endless Battle Clause: Forcing endless battles is banned
|rule|Species Clause: Limit one of each Pokémon
|rule|OHKO Clause: OHKO moves are banned
|rule|Evasion Items Clause: Evasion items are banned
|rule|Evasion Moves Clause: Evasion moves are banned
|rule|Evasion Abilities Clause: Evasion abilities are banned
|rule|Sleep Moves Clause: Sleep-inducing moves are banned
|clearpoke
|poke|p1|Dondozo, F|
|poke|p1|Clefable, M|
|poke|p1|Corviknight, F|
|poke|p1|Gliscor, M|
|poke|p1|Weezing-Galar, M|
|poke|p1|Slowking-Galar, F|
|poke|p2|Moltres|
|poke|p2|Clodsire, F|
|poke|p2|Hatterene, F|
|poke|p2|Politoed, F|
|poke|p2|Zamazenta-*|
|poke|p2|Keldeo-Resolute|
|teampreview
|j| brrkz
|
|t:|1757859467
|teamsize|p1|6
|teamsize|p2|6
|start
|switch|p1a: Gliscor|Gliscor, M|100/100
|switch|p2a: Politoed|Politoed, F|100/100
|-weather|RainDance|[from] ability: Drizzle|[of] p2a: Politoed
|turn|1
|
|t:|1757859476
|move|p1a: Gliscor|Protect|p1a: Gliscor
|-singleturn|p1a: Gliscor|Protect
|move|p2a: Politoed|Weather Ball|p1a: Gliscor
|-activate|p1a: Gliscor|move: Protect
|
|-weather|RainDance|[upkeep]
|-status|p1a: Gliscor|tox|[from] item: Toxic Orb
|upkeep
|turn|2
|
|t:|1757859488
|switch|p1a: Slowking|Slowking-Galar, F|100/100
|move|p2a: Politoed|Weather Ball|p1a: Slowking
|-damage|p1a: Slowking|63/100
|
|-weather|RainDance|[upkeep]
|upkeep
|turn|3
|
|t:|1757859497
|move|p2a: Politoed|Weather Ball|p1a: Slowking
|-damage|p1a: Slowking|23/100
|move|p1a: Slowking|Grass Knot|p2a: Politoed
|-supereffective|p2a: Politoed
|-damage|p2a: Politoed|72/100
|
|-weather|RainDance|[upkeep]
|upkeep
|turn|4
|
|t:|1757859530
|move|p2a: Politoed|Weather Ball|p1a: Slowking
|-damage|p1a: Slowking|0 fnt
|faint|p1a: Slowking
|
|-weather|RainDance|[upkeep]
|upkeep
|
|t:|1757859543
|switch|p1a: Clefable|Clefable, M|100/100
|turn|5
|
|t:|1757859550
|move|p1a: Clefable|Protect|p1a: Clefable
|-singleturn|p1a: Clefable|Protect
|move|p2a: Politoed|Weather Ball|p1a: Clefable
|-activate|p1a: Clefable|move: Protect
|
|-weather|none
|upkeep
|turn|6
|
|t:|1757859560
|switch|p2a: Hatterene|Hatterene, F|100/100
|move|p1a: Clefable|Alluring Voice|p2a: Hatterene
|-damage|p2a: Hatterene|69/100
|
|upkeep
|turn|7
|
|t:|1757859569
|move|p1a: Clefable|Alluring Voice|p2a: Hatterene
|-damage|p2a: Hatterene|42/100
|-enditem|p2a: Hatterene|Sitrus Berry|[eat]
|-heal|p2a: Hatterene|67/100|[from] item: Sitrus Berry
|move|p2a: Hatterene|Future Sight|p1a: Clefable
|-start|p2a: Hatterene|move: Future Sight
|
|upkeep
|turn|8
|
|t:|1757859577
|move|p1a: Clefable|Alluring Voice|p2a: Hatterene
|-damage|p2a: Hatterene|39/100
|move|p2a: Hatterene|Trick Room|p2a: Hatterene
|-fieldstart|move: Trick Room|[of] p2a: Hatterene
|
|upkeep
|turn|9
|
|t:|1757859583
|move|p2a: Hatterene|Healing Wish|p2a: Hatterene
|faint|p2a: Hatterene
|move|p1a: Clefable|Alluring Voice|p2: Hatterene|[notarget]
|-fail|p1a: Clefable
|
|-end|p1a: Clefable|move: Future Sight
|-damage|p1a: Clefable|61/100
|-heal|p1a: Clefable|68/100|[from] item: Leftovers
|upkeep
|
|t:|1757859585
|switch|p2a: Clodsire|Clodsire, F|100/100
|turn|10
|
|t:|1757859594
|move|p1a: Clefable|Protect|p1a: Clefable
|-singleturn|p1a: Clefable|Protect
|move|p2a: Clodsire|Stealth Rock|p1a: Clefable
|-sidestart|p1: harc|move: Stealth Rock
|
|-heal|p1a: Clefable|74/100|[from] item: Leftovers
|upkeep
|turn|11
|
|t:|1757859603
|switch|p1a: Weezing|Weezing-Galar, M|100/100
|-damage|p1a: Weezing|88/100|[from] Stealth Rock
|move|p2a: Clodsire|Gunk Shot|p1a: Weezing
|-damage|p1a: Weezing|56/100
|
|-heal|p1a: Weezing|62/100|[from] item: Leftovers
|upkeep
|turn|12
|
|t:|1757859613
|move|p2a: Clodsire|Gunk Shot|p1a: Weezing|[miss]
|-miss|p2a: Clodsire|p1a: Weezing
|move|p1a: Weezing|Will-O-Wisp|p2a: Clodsire
|-status|p2a: Clodsire|brn
|
|-heal|p1a: Weezing|68/100|[from] item: Leftovers
|-damage|p2a: Clodsire|94/100 brn|[from] brn
|-fieldend|move: Trick Room
|upkeep
|turn|13
|
|t:|1757859624
|move|p1a: Weezing|Defog|p2a: Clodsire
|-unboost|p2a: Clodsire|evasion|1
|-sideend|p1: harc|Stealth Rock|[from] move: Defog|[of] p1a: Weezing
|move|p2a: Clodsire|Gunk Shot|p1a: Weezing
|-damage|p1a: Weezing|53/100
|
|-heal|p1a: Weezing|59/100|[from] item: Leftovers
|-damage|p2a: Clodsire|88/100 brn|[from] brn
|upkeep
|turn|14
|
|t:|1757859656
|switch|p1a: Corviknight|Corviknight, F|100/100
|move|p2a: Clodsire|Stealth Rock|p1a: Corviknight
|-sidestart|p1: harc|move: Stealth Rock
|
|-damage|p2a: Clodsire|82/100 brn|[from] brn
|upkeep
|turn|15
|
|t:|1757859665
|switch|p2a: Politoed|Politoed, F|72/100
|-heal|p2a: Politoed|100/100|[from] move: Healing Wish
|-weather|RainDance|[from] ability: Drizzle|[of] p2a: Politoed
|move|p1a: Corviknight|Bulk Up|p1a: Corviknight
|-boost|p1a: Corviknight|atk|1
|-boost|p1a: Corviknight|def|1
|
|-weather|RainDance|[upkeep]
|upkeep
|turn|16
|inactive|Battle timer is ON: inactive players will automatically lose when time's up. (requested by ChessDennis)
|
|t:|1757859682
|-terastallize|p1a: Corviknight|Dragon
|-terastallize|p2a: Politoed|Water
|move|p1a: Corviknight|Bulk Up|p1a: Corviknight
|-boost|p1a: Corviknight|atk|1
|-boost|p1a: Corviknight|def|1
|move|p2a: Politoed|Weather Ball|p1a: Corviknight
|-resisted|p1a: Corviknight
|-damage|p1a: Corviknight|59/100
|
|-weather|RainDance|[upkeep]
|-heal|p1a: Corviknight|65/100|[from] item: Leftovers
|upkeep
|turn|17
|
|t:|1757859705
|switch|p2a: Moltres|Moltres|100/100
|move|p1a: Corviknight|Bulk Up|p1a: Corviknight
|-boost|p1a: Corviknight|atk|1
|-boost|p1a: Corviknight|def|1
|
|-weather|RainDance|[upkeep]
|-heal|p1a: Corviknight|71/100|[from] item: Leftovers
|upkeep
|turn|18
|
|t:|1757859721
|move|p2a: Moltres|Hurricane|p1a: Corviknight
|-damage|p1a: Corviknight|33/100
|move|p1a: Corviknight|Power Trip|p2a: Moltres
|-damage|p2a: Moltres|21/100
|
|-weather|RainDance|[upkeep]
|-heal|p1a: Corviknight|40/100|[from] item: Leftovers
|upkeep
|turn|19
|
|t:|1757859731
|move|p2a: Moltres|Hurricane|p1a: Corviknight
|-damage|p1a: Corviknight|0 fnt
|faint|p1a: Corviknight
|
|-weather|none
|upkeep
|inactive|harc has 120 seconds left.
|
|t:|1757859750
|switch|p1a: Weezing|Weezing-Galar, M|59/100
|-damage|p1a: Weezing|47/100|[from] Stealth Rock
|turn|20
|
|t:|1757859755
|move|p2a: Moltres|Flamethrower|p1a: Weezing
|-damage|p1a: Weezing|0 fnt
|faint|p1a: Weezing
|
|upkeep
|
|t:|1757859763
|switch|p1a: Clefable|Clefable, M|74/100
|-damage|p1a: Clefable|61/100|[from] Stealth Rock
|turn|21
|
|t:|1757859768
|move|p2a: Moltres|Roost|p2a: Moltres
|-heal|p2a: Moltres|71/100
|-singleturn|p2a: Moltres|move: Roost
|move|p1a: Clefable|Wish|p1a: Clefable
|
|-heal|p1a: Clefable|67/100|[from] item: Leftovers
|upkeep
|turn|22
|-message|harc forfeited.
|
|win|ChessDennis
|raw|harc's rating: 1356 &rarr; <strong>1338</strong><br />(-18 for losing)
|raw|ChessDennis's rating: 1396 &rarr; <strong>1414</strong><br />(+18 for winning)
|l|‽harc
|player|p1|
|l|☆ChessDennis
|player|p2|
