|j|☆Shadowkipz13
|j|☆Nlemartyr
|t:|1757955191
|gametype|singles
|player|p1|Shadowkipz13|petrel|1056
|player|p2|Nlemartyr|ninjaboy|1058
|gen|9
|tier|[Gen 9] OU
|rated|
|rule|HP Percentage Mod: HP is shown in percentages
|rule|Endless Battle Clause: Forcing endless battles is banned
|rule|Species Clause: Limit one of each Pokémon
|rule|OHKO Clause: OHKO moves are banned
|rule|Evasion Items Clause: Evasion items are banned
|rule|Evasion Moves Clause: Evasion moves are banned
|rule|Evasion Abilities Clause: Evasion abilities are banned
|rule|Sleep Moves Clause: Sleep-inducing moves are banned
|clearpoke
|poke|p1|Cinderace, M|
|poke|p1|Empoleon, F|
|poke|p1|Serperior, M|
|poke|p1|Galvantula, F|
|poke|p1|Malamar, F|
|poke|p1|Primeape, M|
|poke|p2|Galvantula, M|
|poke|p2|Corviknight, F|
|poke|p2|Scizor, M|
|poke|p2|Gyarados, F|
|poke|p2|Landorus-Therian, M|
|poke|p2|Clefable, M|
|teampreview
|c|☆Shadowkipz13|Sticky web
|c|☆Nlemartyr|forgive me when I say this but
|c|☆Nlemartyr|we are drilling u
|
|t:|1757955212
|teamsize|p1|6
|teamsize|p2|6
|start
|switch|p1a: Galvantula|Galvantula, F|100/100
|switch|p2a: Clefable|Clefable, M|100/100
|turn|1
|
|t:|1757955219
|move|p1a: Galvantula|Sticky Web|p2a: Clefable
|-sidestart|p2: Nlemartyr|move: Sticky Web
|move|p2a: Clefable|Stealth Rock|p1a: Galvantula
|-sidestart|p1: Shadowkipz13|move: Stealth Rock
|
|upkeep
|turn|2
|c|☆Shadowkipz13|Most likely
|
|t:|1757955239
|move|p1a: Galvantula|Volt Switch|p2a: Clefable
|-damage|p2a: Clefable|72/100
|
|t:|1757955241
|switch|p1a: Cinderace|Cinderace, M|100/100|[from] Volt Switch
|move|p2a: Clefable|Moonblast|p1a: Cinderace
|-resisted|p1a: Cinderace
|-damage|p1a: Cinderace|79/100
|-unboost|p1a: Cinderace|spa|1
|
|-heal|p2a: Clefable|78/100|[from] item: Leftovers
|upkeep
|turn|3
|
|t:|1757955248
|move|p1a: Cinderace|Court Change|p1a: Cinderace
|-start|p1a: Cinderace|typechange|Normal|[from] ability: Libero
|-swapsideconditions
|-activate|p1a: Cinderace|move: Court Change
|move|p2a: Clefable|Thunder Wave|p1a: Cinderace
|-status|p1a: Cinderace|par
|
|-heal|p2a: Clefable|85/100|[from] item: Leftovers
|upkeep
|turn|4
|
|t:|1757955256
|switch|p1a: Galvantula|Galvantula, F|100/100
|-activate|p1a: Galvantula|move: Sticky Web
|-unboost|p1a: Galvantula|spe|1
|move|p2a: Clefable|Moonblast|p1a: Galvantula
|-damage|p1a: Galvantula|46/100
|
|-heal|p2a: Clefable|91/100|[from] item: Leftovers
|upkeep
|turn|5
|
|t:|1757955266
|move|p1a: Galvantula|Sticky Web|p2a: Clefable
|-sidestart|p2: Nlemartyr|move: Sticky Web
|move|p2a: Clefable|Moonblast|p1a: Galvantula
|-damage|p1a: Galvantula|0 fnt
|faint|p1a: Galvantula
|
|-heal|p2a: Clefable|97/100|[from] item: Leftovers
|upkeep
|
|t:|1757955268
|switch|p1a: Empoleon|Empoleon, F|100/100
|-activate|p1a: Empoleon|move: Sticky Web
|-unboost|p1a: Empoleon|spe|1
|-ability|p1a: Empoleon|Competitive|boost
|-boost|p1a: Empoleon|spa|2
|turn|6
|
|t:|1757955277
|move|p2a: Clefable|Thunder Wave|p1a: Empoleon
|-status|p1a: Empoleon|par
|move|p1a: Empoleon|Flash Cannon|p2a: Clefable
|-supereffective|p2a: Clefable
|-damage|p2a: Clefable|0 fnt
|faint|p2a: Clefable
|
|upkeep
|
|t:|1757955284
|switch|p2a: Corviknight|Corviknight, F|100/100
|-damage|p2a: Corviknight|88/100|[from] Stealth Rock
|-ability|p2a: Corviknight|Pressure
|turn|7
|
|t:|1757955295
|move|p2a: Corviknight|Defog|p1a: Empoleon
|-unboost|p1a: Empoleon|evasion|1
|-ability|p1a: Empoleon|Competitive|boost
|-boost|p1a: Empoleon|spa|2
|-sideend|p1: Shadowkipz13|Sticky Web|[from] move: Defog|[of] p2a: Corviknight
|-sideend|p2: Nlemartyr|Stealth Rock|[from] move: Defog|[of] p2a: Corviknight
|-sideend|p2: Nlemartyr|Sticky Web|[from] move: Defog|[of] p2a: Corviknight
|cant|p1a: Empoleon|par
|
|-heal|p2a: Corviknight|94/100|[from] item: Leftovers
|upkeep
|turn|8
|
|t:|1757955306
|move|p2a: Corviknight|Brave Bird|p1a: Empoleon
|-resisted|p1a: Empoleon
|-damage|p1a: Empoleon|82/100 par
|-damage|p2a: Corviknight|89/100|[from] Recoil
|move|p1a: Empoleon|Surf|p2a: Corviknight
|-damage|p2a: Corviknight|0 fnt
|faint|p2a: Corviknight
|
|upkeep
|
|t:|1757955328
|switch|p2a: Galvantula|Galvantula, M|100/100
|turn|9
|c|☆Shadowkipz13|You never answered my question though
|
|t:|1757955333
|move|p2a: Galvantula|Thunder|p1a: Empoleon
|-supereffective|p1a: Empoleon
|-damage|p1a: Empoleon|0 fnt
|faint|p1a: Empoleon
|-damage|p2a: Galvantula|91/100|[from] item: Life Orb
|
|upkeep
|
|t:|1757955340
|switch|p1a: Cinderace|Cinderace, M|79/100 par
|turn|10
|
|t:|1757955344
|move|p2a: Galvantula|Volt Switch|p1a: Cinderace
|-damage|p1a: Cinderace|23/100 par
|-damage|p2a: Galvantula|81/100|[from] item: Life Orb
|
|t:|1757955350
|switch|p2a: Landorus|Landorus-Therian, M|100/100|[from] Volt Switch
|-ability|p2a: Landorus|Intimidate|boost
|-unboost|p1a: Cinderace|atk|1
|cant|p1a: Cinderace|par
|
|upkeep
|turn|11
|
|t:|1757955357
|move|p2a: Landorus|Swords Dance|p2a: Landorus
|-boost|p2a: Landorus|atk|2
|move|p1a: Cinderace|Court Change||[still]
|-start|p1a: Cinderace|typechange|Normal|[from] ability: Libero
|-fail|p1a: Cinderace
|
|upkeep
|turn|12
|c|☆Nlemartyr|Drill time
|c|☆Nlemartyr|forgive me
|
|t:|1757955376
|move|p2a: Landorus|Stone Edge|p1a: Cinderace|[miss]
|-miss|p2a: Landorus|p1a: Cinderace
|move|p1a: Cinderace|Taunt|p2a: Landorus
|-start|p2a: Landorus|move: Taunt
|
|upkeep
|turn|13
|c|☆Shadowkipz13|Mate
|c|☆Shadowkipz13|Are you reading anything I type?
|
|t:|1757955394
|move|p2a: Landorus|Stone Edge|p1a: Cinderace|[miss]
|-miss|p2a: Landorus|p1a: Cinderace
|move|p1a: Cinderace|Pyro Ball|p2a: Landorus
|-damage|p2a: Landorus|75/100
|
|upkeep
|turn|14
|c|☆Nlemartyr|mate you getting put in a box
|
|t:|1757955402
|move|p2a: Landorus|Stone Edge|p1a: Cinderace
|-damage|p1a: Cinderace|0 fnt
|faint|p1a: Cinderace
|
|upkeep
|
|t:|1757955420
|switch|p1a: Serperior|Serperior, M|100/100
|turn|15
|
|t:|1757955426
|move|p1a: Serperior|Glare|p2a: Landorus
|-status|p2a: Landorus|par
|move|p2a: Landorus|Stone Edge|p1a: Serperior|[miss]
|-miss|p2a: Landorus|p1a: Serperior
|
|-end|p2a: Landorus|move: Taunt
|upkeep
|turn|16
|
|t:|1757955433
|move|p1a: Serperior|Leaf Storm|p2a: Landorus
|-damage|p2a: Landorus|24/100 par
|-boost|p1a: Serperior|spa|2
|move|p2a: Landorus|Stone Edge|p1a: Serperior|[miss]
|-miss|p2a: Landorus|p1a: Serperior
|
|upkeep
|turn|17
|
|t:|1757955444
|move|p1a: Serperior|Dragon Pulse|p2a: Landorus
|-damage|p2a: Landorus|0 fnt
|faint|p2a: Landorus
|
|upkeep
|
|t:|1757955450
|switch|p2a: Galvantula|Galvantula, M|81/100
|turn|18
|
|t:|1757955477
|-terastallize|p1a: Serperior|Electric
|move|p1a: Serperior|Leaf Storm|p2a: Galvantula
|-resisted|p2a: Galvantula
|-damage|p2a: Galvantula|0 fnt
|-boost|p1a: Serperior|spa|2
|faint|p2a: Galvantula
|
|upkeep
|
|t:|1757955486
|switch|p2a: Scizor|Scizor, M|100/100
|turn|19
|
|t:|1757955501
|move|p1a: Serperior|Glare|p2a: Scizor
|-status|p2a: Scizor|par
|move|p2a: Scizor|U-turn|p1a: Serperior
|-damage|p1a: Serperior|25/100
|
|t:|1757955506
|switch|p2a: Gyarados|Gyarados, F|100/100|[from] U-turn
|
|-heal|p1a: Serperior|31/100|[from] item: Leftovers
|upkeep
|turn|20
|
|t:|1757955514
|switch|p2a: Scizor|Scizor, M|100/100 par
|move|p1a: Serperior|Tera Blast|p2a: Scizor|[anim] Tera Blast Electric
|-damage|p2a: Scizor|0 fnt
|faint|p2a: Scizor
|
|-heal|p1a: Serperior|37/100|[from] item: Leftovers
|upkeep
|
|t:|1757955518
|switch|p2a: Gyarados|Gyarados, F|100/100
|turn|21
|
|t:|1757955523
|move|p1a: Serperior|Tera Blast|p2a: Gyarados|[anim] Tera Blast Electric
|-supereffective|p2a: Gyarados
|-enditem|p2a: Gyarados|Wacan Berry|[eat]
|-enditem|p2a: Gyarados|Wacan Berry|[weaken]
|-damage|p2a: Gyarados|0 fnt
|faint|p2a: Gyarados
|
|win|Shadowkipz13
|raw|Shadowkipz13's rating: 1056 &rarr; <strong>1088</strong><br />(+32 for winning)
|raw|Nlemartyr's rating: 1058 &rarr; <strong>1039</strong><br />(-19 for losing)
|c|☆Nlemartyr|NOOOOOOOOOOOOOOOOOOOO
|c|☆Shadowkipz13|So was it sticky web?
|c|☆Nlemartyr|Very fortunate I didn't set up my webs
|l|☆Nlemartyr
|player|p2|
|c|☆Shadowkipz13|...
