|j|☆IMMAAXX
|j|☆SittinGamer
|t:|1757918427
|gametype|singles
|player|p1|IMMAAXX|lusamine-nihilego|1550
|player|p2|SittinGamer|dawn-gen4pt|1634
|gen|9
|tier|[Gen 9] OU
|rated|
|rule|HP Percentage Mod: HP is shown in percentages
|rule|Endless Battle Clause: Forcing endless battles is banned
|rule|Species Clause: Limit one of each Pokémon
|rule|OHKO Clause: OHKO moves are banned
|rule|Evasion Items Clause: Evasion items are banned
|rule|Evasion Moves Clause: Evasion moves are banned
|rule|Evasion Abilities Clause: Evasion abilities are banned
|rule|Sleep Moves Clause: Sleep-inducing moves are banned
|clearpoke
|poke|p1|Deoxys-Speed|
|poke|p1|Araquanid, M|
|poke|p1|Great Tusk|
|poke|p1|Gholdengo|
|poke|p1|Enamorus, F|
|poke|p1|Iron Moth|
|poke|p2|Infernape, M|
|poke|p2|Samurott-Hisui, F|
|poke|p2|Gholdengo|
|poke|p2|Hatterene, F|
|poke|p2|Great Tusk|
|poke|p2|Zamazenta-*|
|teampreview
|
|t:|1757918433
|teamsize|p1|6
|teamsize|p2|6
|start
|switch|p1a: Chemin d'or|Araquanid, M|100/100
|switch|p2a: Samurott|Samurott-Hisui, F|100/100
|turn|1
|
|t:|1757918439
|move|p2a: Samurott|Ceaseless Edge|p1a: Chemin d'or
|-damage|p1a: Chemin d'or|56/100
|-sidestart|p1: IMMAAXX|Spikes
|-enditem|p1a: Chemin d'or|Red Card|[of] p2a: Samurott
|drag|p2a: Hatterene|Hatterene, F|100/100
|move|p1a: Chemin d'or|Sticky Web|p2a: Hatterene
|move|p2a: Hatterene|Sticky Web|p1a: Chemin d'or|[from] ability: Magic Bounce
|-sidestart|p1: IMMAAXX|move: Sticky Web
|
|upkeep
|turn|2
|
|t:|1757918461
|move|p1a: Chemin d'or|Surf|p2a: Hatterene
|-damage|p2a: Hatterene|65/100
|move|p2a: Hatterene|Psychic Noise|p1a: Chemin d'or
|-damage|p1a: Chemin d'or|24/100
|-start|p1a: Chemin d'or|move: Heal Block
|
|upkeep
|turn|3
|
|t:|1757918471
|switch|p1a: Laboratoire|Deoxys-Speed|100/100
|-damage|p1a: Laboratoire|88/100|[from] Spikes
|-activate|p1a: Laboratoire|move: Sticky Web
|-unboost|p1a: Laboratoire|spe|1
|-ability|p1a: Laboratoire|Pressure
|move|p2a: Hatterene|Psyshock|p1a: Laboratoire
|-resisted|p1a: Laboratoire
|-damage|p1a: Laboratoire|60/100
|
|upkeep
|turn|4
|
|t:|1757918478
|switch|p1a: Rude Boy|Great Tusk|100/100
|-damage|p1a: Rude Boy|88/100|[from] Spikes
|-activate|p1a: Rude Boy|move: Sticky Web
|-unboost|p1a: Rude Boy|spe|1
|-enditem|p1a: Rude Boy|Booster Energy
|-activate|p1a: Rude Boy|ability: Protosynthesis|[fromitem]
|-start|p1a: Rude Boy|protosynthesisatk
|move|p2a: Hatterene|Mystical Fire|p1a: Rude Boy
|-damage|p1a: Rude Boy|49/100
|-unboost|p1a: Rude Boy|spa|1
|
|upkeep
|turn|5
|
|t:|1757918483
|switch|p2a: Gholdengo|Gholdengo|100/100
|move|p1a: Rude Boy|Ice Spinner|p2a: Gholdengo
|-resisted|p2a: Gholdengo
|-damage|p2a: Gholdengo|80/100
|
|upkeep
|turn|6
|
|t:|1757918490
|-end|p1a: Rude Boy|Protosynthesis|[silent]
|switch|p1a: Ciao|Iron Moth|100/100
|-damage|p1a: Ciao|88/100|[from] Spikes
|-activate|p1a: Ciao|move: Sticky Web
|-unboost|p1a: Ciao|spe|1
|-enditem|p1a: Ciao|Booster Energy
|-activate|p1a: Ciao|ability: Quark Drive|[fromitem]
|-start|p1a: Ciao|quarkdrivespa
|move|p2a: Gholdengo|Shadow Ball|p1a: Ciao
|-damage|p1a: Ciao|40/100
|
|upkeep
|turn|7
|inactive|Battle timer is ON: inactive players will automatically lose when time's up. (requested by IMMAAXX)
|
|t:|1757918498
|move|p2a: Gholdengo|Shadow Ball|p1a: Ciao
|-damage|p1a: Ciao|0 fnt
|faint|p1a: Ciao
|-end|p1a: Ciao|Quark Drive|[silent]
|
|upkeep
|
|t:|1757918522
|switch|p1a: Escorte|Enamorus, F|100/100
|turn|8
|
|t:|1757918529
|switch|p2a: Hatterene|Hatterene, F|65/100
|move|p1a: Escorte|Earth Power|p2a: Hatterene
|-damage|p2a: Hatterene|35/100
|-unboost|p2a: Hatterene|spd|1
|-damage|p1a: Escorte|91/100|[from] item: Life Orb
|
|upkeep
|turn|9
|
|t:|1757918535
|move|p1a: Escorte|Draining Kiss|p2a: Hatterene
|-damage|p2a: Hatterene|0 fnt
|-heal|p1a: Escorte|100/100|[from] drain|[of] p2a: Hatterene
|faint|p2a: Hatterene
|-damage|p1a: Escorte|91/100|[from] item: Life Orb
|
|upkeep
|
|t:|1757918541
|switch|p2a: Infernape|Infernape, M|100/100
|turn|10
|
|t:|1757918549
|switch|p1a: Chemin d'or|Araquanid, M|24/100
|-damage|p1a: Chemin d'or|12/100|[from] Spikes
|-activate|p1a: Chemin d'or|move: Sticky Web
|-unboost|p1a: Chemin d'or|spe|1
|move|p2a: Infernape|Overheat|p1a: Chemin d'or
|-damage|p1a: Chemin d'or|0 fnt
|-unboost|p2a: Infernape|spa|2
|faint|p1a: Chemin d'or
|
|upkeep
|
|t:|1757918559
|switch|p1a: Millionaire|Gholdengo|100/100
|-item|p1a: Millionaire|Air Balloon
|turn|11
|
|t:|1757918564
|move|p2a: Infernape|Stealth Rock|p1a: Millionaire
|-sidestart|p1: IMMAAXX|move: Stealth Rock
|move|p1a: Millionaire|Shadow Ball|p2a: Infernape
|-damage|p2a: Infernape|31/100
|
|upkeep
|turn|12
|
|t:|1757918568
|move|p2a: Infernape|Overheat|p1a: Millionaire
|-supereffective|p1a: Millionaire
|-damage|p1a: Millionaire|0 fnt
|-unboost|p2a: Infernape|spa|2
|-enditem|p1a: Millionaire|Air Balloon
|faint|p1a: Millionaire
|
|upkeep
|
|t:|1757918570
|switch|p1a: Escorte|Enamorus, F|91/100
|-damage|p1a: Escorte|66/100|[from] Stealth Rock
|turn|13
|
|t:|1757918578
|move|p2a: Infernape|Overheat|p1a: Escorte
|-damage|p1a: Escorte|21/100
|-unboost|p2a: Infernape|spa|2
|move|p1a: Escorte|Draining Kiss|p2a: Infernape
|-damage|p2a: Infernape|0 fnt
|-heal|p1a: Escorte|44/100|[from] drain|[of] p2a: Infernape
|faint|p2a: Infernape
|-damage|p1a: Escorte|34/100|[from] item: Life Orb
|
|upkeep
|
|t:|1757918581
|switch|p2a: Gholdengo|Gholdengo|80/100
|turn|14
|
|t:|1757918589
|move|p2a: Gholdengo|Shadow Ball|p1a: Escorte
|-damage|p1a: Escorte|0 fnt
|faint|p1a: Escorte
|
|upkeep
|l|☆IMMAAXX
|inactive|IMMAAXX disconnected and has a minute to reconnect!
|player|p1|
|inactive|IMMAAXX has 30 seconds to reconnect!
|inactive|IMMAAXX has 20 seconds to reconnect!
|inactive|IMMAAXX has 15 seconds to reconnect!
|inactive|IMMAAXX has 10 seconds to reconnect!
|inactive|IMMAAXX has 5 seconds to reconnect!
|-message|IMMAAXX lost due to inactivity.
|
|win|SittinGamer
|raw|IMMAAXX's rating: 1550 &rarr; <strong>1535</strong><br />(-15 for losing)
|raw|SittinGamer's rating: 1634 &rarr; <strong>1649</strong><br />(+15 for winning)
|l|☆SittinGamer
|player|p2|
