|j|☆TopTrainerDrigoBr
|j|☆belesar
|t:|1757861006
|gametype|singles
|player|p1|TopTrainerDrigoBr|gambler|1127
|player|p2|belesar|worker|1201
|gen|9
|tier|[Gen 9] OU
|rated|
|rule|HP Percentage Mod: HP is shown in percentages
|rule|Endless Battle Clause: Forcing endless battles is banned
|rule|Species Clause: Limit one of each Pokémon
|rule|OHKO Clause: OHKO moves are banned
|rule|Evasion Items Clause: Evasion items are banned
|rule|Evasion Moves Clause: Evasion moves are banned
|rule|Evasion Abilities Clause: Evasion abilities are banned
|rule|Sleep Moves Clause: Sleep-inducing moves are banned
|clearpoke
|poke|p1|Sableye, F|
|poke|p1|Muk, M|
|poke|p1|Appletun, F|
|poke|p1|Orthworm, F|
|poke|p1|Mabosstiff, M|
|poke|p1|Ditto|
|poke|p2|Pecharunt|
|poke|p2|Ogerpon-Wellspring, F|
|poke|p2|Iron Crown|
|poke|p2|Landorus-Therian, M|
|poke|p2|Samurott-Hisui, F|
|poke|p2|Iron Treads|
|teampreview
|inactive|Battle timer is ON: inactive players will automatically lose when time's up. (requested by belesar)
|inactive|TopTrainerDrigoBr has 120 seconds left.
|
|t:|1757861046
|teamsize|p1|6
|teamsize|p2|6
|start
|switch|p1a: Muk|Muk, M|100/100
|switch|p2a: Landorus|Landorus-Therian, M|100/100
|-ability|p2a: Landorus|Intimidate|boost
|-unboost|p1a: Muk|atk|1
|turn|1
|
|t:|1757861064
|switch|p1a: Sableye|Sableye, F|100/100
|move|p2a: Landorus|U-turn|p1a: Sableye
|-damage|p1a: Sableye|72/100
|
|t:|1757861075
|switch|p2a: Samurott|Samurott-Hisui, F|100/100|[from] U-turn
|
|upkeep
|turn|2
|
|t:|1757861091
|move|p1a: Sableye|Will-O-Wisp|p2a: Samurott
|-hint|Since gen 7, Dark is immune to Prankster moves.
|-immune|p2a: Samurott
|move|p2a: Samurott|Ceaseless Edge|p1a: Sableye
|-damage|p1a: Sableye|28/100
|-sidestart|p1: TopTrainerDrigoBr|Spikes
|
|upkeep
|turn|3
|
|t:|1757861111
|move|p1a: Sableye|Recover|p1a: Sableye
|-heal|p1a: Sableye|78/100
|move|p2a: Samurott|Ceaseless Edge|p1a: Sableye
|-damage|p1a: Sableye|28/100
|-sidestart|p1: TopTrainerDrigoBr|Spikes
|
|upkeep
|turn|4
|
|t:|1757861118
|move|p1a: Sableye|Recover|p1a: Sableye
|-heal|p1a: Sableye|78/100
|move|p2a: Samurott|Ceaseless Edge|p1a: Sableye
|-damage|p1a: Sableye|30/100
|-sidestart|p1: TopTrainerDrigoBr|Spikes
|
|upkeep
|turn|5
|
|t:|1757861131
|move|p2a: Samurott|Aqua Jet|p1a: Sableye
|-damage|p1a: Sableye|11/100
|move|p1a: Sableye|Recover|p1a: Sableye
|-heal|p1a: Sableye|61/100
|
|upkeep
|turn|6
|
|t:|1757861139
|move|p1a: Sableye|Recover|p1a: Sableye
|-heal|p1a: Sableye|100/100
|move|p2a: Samurott|Ceaseless Edge|p1a: Sableye
|-damage|p1a: Sableye|56/100
|
|upkeep
|turn|7
|
|t:|1757861148
|move|p2a: Samurott|Ceaseless Edge|p1a: Sableye
|-damage|p1a: Sableye|12/100
|move|p1a: Sableye|Knock Off|p2a: Samurott
|-resisted|p2a: Samurott
|-damage|p2a: Samurott|83/100
|-enditem|p2a: Samurott|Assault Vest|[from] move: Knock Off|[of] p1a: Sableye
|
|upkeep
|turn|8
|
|t:|1757861159
|switch|p1a: Appletun|Appletun, F|100/100
|-damage|p1a: Appletun|75/100|[from] Spikes
|move|p2a: Samurott|Aqua Jet|p1a: Appletun
|-resisted|p1a: Appletun
|-damage|p1a: Appletun|71/100
|
|-heal|p1a: Appletun|77/100|[from] item: Leftovers
|upkeep
|turn|9
|
|t:|1757861170
|move|p2a: Samurott|Flip Turn|p1a: Appletun
|-resisted|p1a: Appletun
|-damage|p1a: Appletun|70/100
|
|t:|1757861173
|switch|p2a: Ogerpon|Ogerpon-Wellspring, F|100/100|[from] Flip Turn
|move|p1a: Appletun|Leech Seed|p2a: Ogerpon
|-immune|p2a: Ogerpon
|
|-heal|p1a: Appletun|76/100|[from] item: Leftovers
|upkeep
|turn|10
|
|t:|1757861195
|switch|p2a: Pecharunt|Pecharunt|100/100
|switch|p1a: Muk|Muk, M|100/100
|-damage|p1a: Muk|76/100|[from] Spikes
|
|-heal|p1a: Muk|82/100|[from] item: Leftovers
|upkeep
|turn|11
|
|t:|1757861210
|move|p2a: Pecharunt|Parting Shot|p1a: Muk
|-unboost|p1a: Muk|atk|1
|-unboost|p1a: Muk|spa|1
|
|t:|1757861221
|switch|p2a: Iron Treads|Iron Treads|100/100|[from] Parting Shot
|move|p1a: Muk|Toxic Spikes|p2a: Iron Treads
|-sidestart|p2: belesar|move: Toxic Spikes
|
|-heal|p1a: Muk|88/100|[from] item: Leftovers
|upkeep
|turn|12
|
|t:|1757861233
|-terastallize|p1a: Muk|Dark
|move|p2a: Iron Treads|Stealth Rock|p1a: Muk
|-sidestart|p1: TopTrainerDrigoBr|move: Stealth Rock
|move|p1a: Muk|Toxic Spikes|p2a: Iron Treads
|-sidestart|p2: belesar|move: Toxic Spikes
|
|-heal|p1a: Muk|94/100|[from] item: Leftovers
|upkeep
|turn|13
|
|t:|1757861246
|move|p2a: Iron Treads|Rapid Spin|p1a: Muk
|-damage|p1a: Muk|80/100
|-boost|p2a: Iron Treads|spe|1
|-sideend|p2: belesar|Toxic Spikes|[from] move: Rapid Spin|[of] p2a: Iron Treads
|move|p1a: Muk|Toxic Spikes|p2a: Iron Treads
|-sidestart|p2: belesar|move: Toxic Spikes
|
|-heal|p1a: Muk|86/100|[from] item: Leftovers
|upkeep
|turn|14
|
|t:|1757861255
|move|p2a: Iron Treads|Earthquake|p1a: Muk
|-damage|p1a: Muk|50/100
|move|p1a: Muk|Knock Off|p2a: Iron Treads
|-damage|p2a: Iron Treads|83/100
|-enditem|p2a: Iron Treads|Leftovers|[from] move: Knock Off|[of] p1a: Muk
|
|-heal|p1a: Muk|56/100|[from] item: Leftovers
|upkeep
|turn|15
|
|t:|1757861267
|switch|p1a: Sableye|Sableye, F|12/100
|move|p2a: Iron Treads|Rapid Spin|p1a: Sableye
|-immune|p1a: Sableye
|
|upkeep
|turn|16
|
|t:|1757861280
|-end|p2a: Iron Treads|Quark Drive|[silent]
|switch|p2a: Samurott|Samurott-Hisui, F|83/100
|-status|p2a: Samurott|psn
|move|p1a: Sableye|Recover|p1a: Sableye
|-heal|p1a: Sableye|62/100
|
|-damage|p2a: Samurott|71/100 psn|[from] psn
|upkeep
|turn|17
|
|t:|1757861294
|move|p1a: Sableye|Recover|p1a: Sableye
|-heal|p1a: Sableye|100/100
|move|p2a: Samurott|Flip Turn|p1a: Sableye
|-damage|p1a: Sableye|74/100
|inactive|belesar has 120 seconds left.
|
|t:|1757861310
|switch|p2a: Iron Crown|Iron Crown|100/100|[from] Flip Turn
|
|upkeep
|turn|18
|
|t:|1757861318
|move|p1a: Sableye|Will-O-Wisp|p2a: Iron Crown
|-status|p2a: Iron Crown|brn
|move|p2a: Iron Crown|Tachyon Cutter|p1a: Sableye
|-damage|p1a: Sableye|14/100
|-damage|p1a: Sableye|0 fnt
|faint|p1a: Sableye
|-hitcount|p1: Sableye|2
|
|-damage|p2a: Iron Crown|94/100 brn|[from] brn
|upkeep
|
|t:|1757861341
|switch|p1a: Appletun|Appletun, F|76/100
|-damage|p1a: Appletun|51/100|[from] Spikes
|-damage|p1a: Appletun|38/100|[from] Stealth Rock
|turn|19
|
|t:|1757861348
|move|p2a: Iron Crown|Tachyon Cutter|p1a: Appletun
|-damage|p1a: Appletun|12/100
|-damage|p1a: Appletun|0 fnt
|faint|p1a: Appletun
|-hitcount|p1: Appletun|2
|
|-damage|p2a: Iron Crown|88/100 brn|[from] brn
|upkeep
|
|t:|1757861356
|switch|p1a: Muk|Muk, M, tera:Dark|56/100
|-damage|p1a: Muk|31/100|[from] Spikes
|-damage|p1a: Muk|18/100|[from] Stealth Rock
|turn|20
|
|t:|1757861362
|move|p1a: Muk|Shadow Sneak|p2a: Iron Crown
|-supereffective|p2a: Iron Crown
|-damage|p2a: Iron Crown|66/100 brn
|move|p2a: Iron Crown|Tachyon Cutter|p1a: Muk
|-damage|p1a: Muk|0 fnt
|faint|p1a: Muk
|-hitcount|p1: Muk|1
|
|-damage|p2a: Iron Crown|59/100 brn|[from] brn
|upkeep
|
|t:|1757861371
|switch|p1a: Orthworm|Orthworm, F|100/100
|-damage|p1a: Orthworm|76/100|[from] Spikes
|-damage|p1a: Orthworm|70/100|[from] Stealth Rock
|turn|21
|
|t:|1757861380
|-end|p2a: Iron Crown|Quark Drive|[silent]
|switch|p2a: Pecharunt|Pecharunt|100/100
|-sideend|p2: belesar|move: Toxic Spikes|[of] p2a: Pecharunt
|move|p1a: Orthworm|Coil|p1a: Orthworm
|-boost|p1a: Orthworm|atk|1
|-boost|p1a: Orthworm|def|1
|-boost|p1a: Orthworm|accuracy|1
|
|-heal|p1a: Orthworm|76/100|[from] item: Leftovers
|upkeep
|turn|22
|
|t:|1757861392
|move|p2a: Pecharunt|Parting Shot|p1a: Orthworm
|-unboost|p1a: Orthworm|atk|1
|-unboost|p1a: Orthworm|spa|1
|
|t:|1757861397
|switch|p2a: Ogerpon|Ogerpon-Wellspring, F|100/100|[from] Parting Shot
|move|p1a: Orthworm|Substitute|p1a: Orthworm
|-start|p1a: Orthworm|Substitute
|-damage|p1a: Orthworm|51/100
|
|-heal|p1a: Orthworm|57/100|[from] item: Leftovers
|upkeep
|turn|23
|
|t:|1757861412
|move|p2a: Ogerpon|Swords Dance|p2a: Ogerpon
|-boost|p2a: Ogerpon|atk|2
|move|p1a: Orthworm|Coil|p1a: Orthworm
|-boost|p1a: Orthworm|atk|1
|-boost|p1a: Orthworm|def|1
|-boost|p1a: Orthworm|accuracy|1
|
|-heal|p1a: Orthworm|63/100|[from] item: Leftovers
|upkeep
|turn|24
|
|t:|1757861422
|move|p2a: Ogerpon|Ivy Cudgel|p1a: Orthworm|[anim] Ivy Cudgel Water
|-end|p1a: Orthworm|Substitute
|move|p1a: Orthworm|Coil|p1a: Orthworm
|-boost|p1a: Orthworm|atk|1
|-boost|p1a: Orthworm|def|1
|-boost|p1a: Orthworm|accuracy|1
|
|-heal|p1a: Orthworm|69/100|[from] item: Leftovers
|upkeep
|turn|25
|inactive|belesar has 120 seconds left.
|
|t:|1757861462
|move|p2a: Ogerpon|Swords Dance|p2a: Ogerpon
|-boost|p2a: Ogerpon|atk|2
|move|p1a: Orthworm|Iron Tail|p2a: Ogerpon
|-resisted|p2a: Ogerpon
|-damage|p2a: Ogerpon|72/100
|-unboost|p2a: Ogerpon|def|1
|
|-heal|p1a: Orthworm|75/100|[from] item: Leftovers
|upkeep
|turn|26
|inactive|belesar has 120 seconds left.
|
|t:|1757861471
|move|p2a: Ogerpon|Ivy Cudgel|p1a: Orthworm|[anim] Ivy Cudgel Water
|-damage|p1a: Orthworm|31/100
|move|p1a: Orthworm|Coil|p1a: Orthworm
|-boost|p1a: Orthworm|atk|1
|-boost|p1a: Orthworm|def|1
|-boost|p1a: Orthworm|accuracy|1
|
|-heal|p1a: Orthworm|37/100|[from] item: Leftovers
|upkeep
|turn|27
|
|t:|1757861480
|move|p2a: Ogerpon|Ivy Cudgel|p1a: Orthworm|[anim] Ivy Cudgel Water
|-damage|p1a: Orthworm|1/100
|move|p1a: Orthworm|Iron Tail|p2a: Ogerpon
|-resisted|p2a: Ogerpon
|-damage|p2a: Ogerpon|18/100
|
|-heal|p1a: Orthworm|7/100|[from] item: Leftovers
|upkeep
|turn|28
|
|t:|1757861489
|move|p2a: Ogerpon|Ivy Cudgel|p1a: Orthworm|[anim] Ivy Cudgel Water
|-crit|p1a: Orthworm
|-damage|p1a: Orthworm|0 fnt
|faint|p1a: Orthworm
|
|upkeep
|
|t:|1757861494
|switch|p1a: Ditto|Ditto|100/100
|-damage|p1a: Ditto|76/100|[from] Spikes
|-damage|p1a: Ditto|63/100|[from] Stealth Rock
|-transform|p1a: Ditto|p2a: Ogerpon|[from] ability: Imposter
|turn|29
|
|t:|1757861515
|move|p1a: Ditto|Ivy Cudgel|p2a: Ogerpon|[anim] Ivy Cudgel Water
|-heal|p2a: Ogerpon|43/100|[from] ability: Water Absorb|[of] p1a: Ditto
|move|p2a: Ogerpon|Synthesis|p2a: Ogerpon
|-heal|p2a: Ogerpon|93/100
|
|upkeep
|turn|30
|
|t:|1757861526
|switch|p1a: Mabosstiff|Mabosstiff, M|100/100
|-damage|p1a: Mabosstiff|76/100|[from] Spikes
|-damage|p1a: Mabosstiff|63/100|[from] Stealth Rock
|move|p2a: Ogerpon|Swords Dance|p2a: Ogerpon
|-boost|p2a: Ogerpon|atk|2
|
|upkeep
|turn|31
|
|t:|1757861540
|move|p1a: Mabosstiff|Crunch|p2a: Ogerpon
|-damage|p2a: Ogerpon|42/100
|-unboost|p2a: Ogerpon|def|1
|move|p2a: Ogerpon|Trailblaze|p1a: Mabosstiff
|-damage|p1a: Mabosstiff|0 fnt
|-boost|p2a: Ogerpon|spe|1
|faint|p1a: Mabosstiff
|
|upkeep
|
|t:|1757861548
|switch|p1a: Ditto|Ditto|63/100
|-damage|p1a: Ditto|39/100|[from] Spikes
|-damage|p1a: Ditto|26/100|[from] Stealth Rock
|-transform|p1a: Ditto|p2a: Ogerpon|[from] ability: Imposter
|turn|32
|
|t:|1757861556
|move|p1a: Ditto|Trailblaze|p2a: Ogerpon
|-damage|p2a: Ogerpon|0 fnt
|-boost|p1a: Ditto|spe|1
|faint|p2a: Ogerpon
|
|upkeep
|
|t:|1757861566
|switch|p2a: Samurott|Samurott-Hisui, F|71/100 psn
|turn|33
|
|t:|1757861572
|move|p2a: Samurott|Sucker Punch|p1a: Ditto
|-damage|p1a: Ditto|0 fnt
|faint|p1a: Ditto
|
|win|belesar
|raw|TopTrainerDrigoBr's rating: 1127 &rarr; <strong>1107</strong><br />(-20 for losing)
|raw|belesar's rating: 1201 &rarr; <strong>1221</strong><br />(+20 for winning)
|l|☆TopTrainerDrigoBr
|player|p1|
|l|☆belesar
|player|p2|
