|j|☆Mreda
|j|☆TopPeng
|t:|1757799004
|gametype|singles
|player|p1|Mreda|steven|1443
|player|p2|TopPeng|266|1491
|gen|9
|tier|[Gen 9] OU
|rated|
|rule|HP Percentage Mod: HP is shown in percentages
|rule|Endless Battle Clause: Forcing endless battles is banned
|rule|Species Clause: Limit one of each Pokémon
|rule|OHKO Clause: OHKO moves are banned
|rule|Evasion Items Clause: Evasion items are banned
|rule|Evasion Moves Clause: Evasion moves are banned
|rule|Evasion Abilities Clause: Evasion abilities are banned
|rule|Sleep Moves Clause: Sleep-inducing moves are banned
|clearpoke
|poke|p1|Moltres|
|poke|p1|Zamazenta-*|
|poke|p1|Corviknight, M|
|poke|p1|Garchomp, M|
|poke|p1|Clodsire, M|
|poke|p1|Kingambit, M|
|poke|p2|Iron Crown|
|poke|p2|Ogerpon-Wellspring, F|
|poke|p2|Ting-Lu|
|poke|p2|Darkrai|
|poke|p2|Sinistcha|
|poke|p2|Great Tusk|
|teampreview
|
|t:|1757799014
|teamsize|p1|6
|teamsize|p2|6
|start
|switch|p1a: Jogäider|Clodsire, M|100/100
|switch|p2a: Darkrai|Darkrai|100/100
|turn|1
|
|t:|1757799041
|move|p2a: Darkrai|Knock Off|p1a: Jogäider
|-damage|p1a: Jogäider|69/100
|-enditem|p1a: Jogäider|Leftovers|[from] move: Knock Off|[of] p2a: Darkrai
|move|p1a: Jogäider|Stealth Rock|p2a: Darkrai
|-sidestart|p2: TopPeng|move: Stealth Rock
|
|upkeep
|turn|2
|
|t:|1757799048
|switch|p2a: Iron Crown|Iron Crown|100/100
|-damage|p2a: Iron Crown|94/100|[from] Stealth Rock
|move|p1a: Jogäider|Toxic|p2a: Iron Crown
|-immune|p2a: Iron Crown
|
|upkeep
|turn|3
|
|t:|1757799056
|move|p2a: Iron Crown|Psychic Noise|p1a: Jogäider
|-supereffective|p1a: Jogäider
|-damage|p1a: Jogäider|22/100
|-start|p1a: Jogäider|move: Heal Block
|cant|p1a: Jogäider|move: Heal Block|Recover
|
|upkeep
|turn|4
|inactive|Battle timer is ON: inactive players will automatically lose when time's up. (requested by TopPeng)
|
|t:|1757799071
|-end|p2a: Iron Crown|Quark Drive|[silent]
|switch|p2a: Great Tusk|Great Tusk|100/100
|-damage|p2a: Great Tusk|98/100|[from] Stealth Rock
|move|p1a: Jogäider|Earthquake|p2a: Great Tusk
|-damage|p2a: Great Tusk|86/100
|
|-end|p1a: Jogäider|move: Heal Block
|upkeep
|turn|5
|
|t:|1757799085
|move|p2a: Great Tusk|Knock Off|p1a: Jogäider
|-damage|p1a: Jogäider|1/100
|move|p1a: Jogäider|Recover|p1a: Jogäider
|-heal|p1a: Jogäider|51/100
|
|upkeep
|turn|6
|
|t:|1757799091
|move|p2a: Great Tusk|Rapid Spin|p1a: Jogäider
|-damage|p1a: Jogäider|34/100
|-boost|p2a: Great Tusk|spe|1
|-sideend|p2: TopPeng|Stealth Rock|[from] move: Rapid Spin|[of] p2a: Great Tusk
|move|p1a: Jogäider|Toxic|p2a: Great Tusk
|-status|p2a: Great Tusk|tox
|
|-damage|p2a: Great Tusk|79/100 tox|[from] psn
|upkeep
|turn|7
|
|t:|1757799101
|switch|p1a: Marco|Moltres|100/100
|move|p2a: Great Tusk|Knock Off|p1a: Marco
|-damage|p1a: Marco|81/100
|-enditem|p1a: Marco|Heavy-Duty Boots|[from] move: Knock Off|[of] p2a: Great Tusk
|
|-damage|p2a: Great Tusk|67/100 tox|[from] psn
|upkeep
|turn|8
|
|t:|1757799111
|-end|p2a: Great Tusk|Protosynthesis|[silent]
|switch|p2a: Ting-Lu|Ting-Lu|100/100
|-ability|p2a: Ting-Lu|Vessel of Ruin
|move|p1a: Marco|U-turn|p2a: Ting-Lu
|-supereffective|p2a: Ting-Lu
|-damage|p2a: Ting-Lu|84/100
|
|t:|1757799122
|switch|p1a: Fuego|Zamazenta|100/100|[from] U-turn
|-ability|p1a: Fuego|Dauntless Shield|boost
|-boost|p1a: Fuego|def|1
|
|-heal|p2a: Ting-Lu|90/100|[from] item: Leftovers
|upkeep
|turn|9
|
|t:|1757799136
|switch|p1a: Hanzo|Kingambit, M|100/100
|move|p2a: Ting-Lu|Stealth Rock|p1a: Hanzo
|-sidestart|p1: Mreda|move: Stealth Rock
|
|-heal|p2a: Ting-Lu|97/100|[from] item: Leftovers
|upkeep
|turn|10
|
|t:|1757799147
|-end|p1a: Hanzo|fallenundefined|[silent]
|switch|p1a: Marco|Moltres|81/100
|-damage|p1a: Marco|31/100|[from] Stealth Rock
|move|p2a: Ting-Lu|Earthquake|p1a: Marco
|-immune|p1a: Marco
|
|-heal|p2a: Ting-Lu|100/100|[from] item: Leftovers
|upkeep
|turn|11
|
|t:|1757799156
|move|p1a: Marco|U-turn|p2a: Ting-Lu
|-supereffective|p2a: Ting-Lu
|-damage|p2a: Ting-Lu|85/100
|
|t:|1757799159
|switch|p1a: Igriş|Corviknight, M|100/100|[from] U-turn
|-damage|p1a: Igriş|88/100|[from] Stealth Rock
|-ability|p1a: Igriş|Pressure
|move|p2a: Ting-Lu|Stone Edge|p1a: Igriş
|-damage|p1a: Igriş|74/100
|
|-heal|p2a: Ting-Lu|91/100|[from] item: Leftovers
|upkeep
|turn|12
|
|t:|1757799173
|switch|p2a: Iron Crown|Iron Crown|94/100
|move|p1a: Igriş|Defog|p2a: Iron Crown
|-unboost|p2a: Iron Crown|evasion|1
|-sideend|p1: Mreda|Stealth Rock|[from] move: Defog|[of] p1a: Igriş
|
|upkeep
|turn|13
|
|t:|1757799180
|switch|p1a: Jogäider|Clodsire, M|34/100
|move|p2a: Iron Crown|Volt Switch|p1a: Jogäider
|-immune|p1a: Jogäider
|
|upkeep
|turn|14
|
|t:|1757799196
|-end|p2a: Iron Crown|Quark Drive|[silent]
|switch|p2a: Darkrai|Darkrai|100/100
|move|p1a: Jogäider|Stealth Rock|p2a: Darkrai
|-sidestart|p2: TopPeng|move: Stealth Rock
|
|upkeep
|turn|15
|
|t:|1757799202
|move|p2a: Darkrai|Ice Beam|p1a: Jogäider
|-supereffective|p1a: Jogäider
|-damage|p1a: Jogäider|2/100
|move|p1a: Jogäider|Recover|p1a: Jogäider
|-heal|p1a: Jogäider|52/100
|
|upkeep
|turn|16
|
|t:|1757799210
|switch|p2a: Great Tusk|Great Tusk|67/100 tox
|-damage|p2a: Great Tusk|64/100 tox|[from] Stealth Rock
|move|p1a: Jogäider|Recover|p1a: Jogäider
|-heal|p1a: Jogäider|100/100
|
|-damage|p2a: Great Tusk|58/100 tox|[from] psn
|upkeep
|turn|17
|
|t:|1757799221
|switch|p1a: Marco|Moltres|31/100
|move|p2a: Great Tusk|Rapid Spin|p1a: Marco
|-damage|p1a: Marco|20/100
|-boost|p2a: Great Tusk|spe|1
|-sideend|p2: TopPeng|Stealth Rock|[from] move: Rapid Spin|[of] p2a: Great Tusk
|
|-damage|p2a: Great Tusk|45/100 tox|[from] psn
|upkeep
|turn|18
|
|t:|1757799231
|move|p2a: Great Tusk|Close Combat|p1a: Marco
|-resisted|p1a: Marco
|-damage|p1a: Marco|1/100
|-unboost|p2a: Great Tusk|def|1
|-unboost|p2a: Great Tusk|spd|1
|move|p1a: Marco|Roost|p1a: Marco
|-heal|p1a: Marco|51/100
|-singleturn|p1a: Marco|move: Roost
|
|-damage|p2a: Great Tusk|27/100 tox|[from] psn
|upkeep
|turn|19
|c|☆TopPeng|1% is killing me rn
|
|t:|1757799252
|-end|p2a: Great Tusk|Protosynthesis|[silent]
|switch|p2a: Ting-Lu|Ting-Lu|91/100
|-ability|p2a: Ting-Lu|Vessel of Ruin
|move|p1a: Marco|Roost|p1a: Marco
|-heal|p1a: Marco|100/100
|-singleturn|p1a: Marco|move: Roost
|
|-heal|p2a: Ting-Lu|97/100|[from] item: Leftovers
|upkeep
|turn|20
|
|t:|1757799263
|move|p1a: Marco|U-turn|p2a: Ting-Lu
|-supereffective|p2a: Ting-Lu
|-damage|p2a: Ting-Lu|80/100
|
|t:|1757799268
|switch|p1a: Fuego|Zamazenta|100/100|[from] U-turn
|move|p2a: Ting-Lu|Stealth Rock|p1a: Fuego
|-sidestart|p1: Mreda|move: Stealth Rock
|
|-heal|p2a: Ting-Lu|86/100|[from] item: Leftovers
|upkeep
|turn|21
|
|t:|1757799277
|switch|p2a: Sinistcha|Sinistcha|100/100
|move|p1a: Fuego|Crunch|p2a: Sinistcha
|-supereffective|p2a: Sinistcha
|-damage|p2a: Sinistcha|48/100
|
|-heal|p2a: Sinistcha|54/100|[from] item: Leftovers
|upkeep
|turn|22
|
|t:|1757799285
|switch|p2a: Darkrai|Darkrai|100/100
|move|p1a: Fuego|Crunch|p2a: Darkrai
|-resisted|p2a: Darkrai
|-damage|p2a: Darkrai|73/100
|-unboost|p2a: Darkrai|def|1
|
|upkeep
|turn|23
|
|t:|1757799298
|switch|p1a: Jogäider|Clodsire, M|100/100
|-damage|p1a: Jogäider|94/100|[from] Stealth Rock
|move|p2a: Darkrai|Will-O-Wisp|p1a: Jogäider
|-status|p1a: Jogäider|brn
|
|-damage|p1a: Jogäider|88/100 brn|[from] brn
|upkeep
|turn|24
|
|t:|1757799315
|switch|p2a: Iron Crown|Iron Crown|94/100
|move|p1a: Jogäider|Stealth Rock|p2a: Iron Crown
|-sidestart|p2: TopPeng|move: Stealth Rock
|
|-damage|p1a: Jogäider|82/100 brn|[from] brn
|upkeep
|turn|25
|
|t:|1757799323
|switch|p1a: Hanzo|Kingambit, M|100/100
|-damage|p1a: Hanzo|94/100|[from] Stealth Rock
|move|p2a: Iron Crown|Psychic Noise|p1a: Hanzo
|-immune|p1a: Hanzo
|
|upkeep
|turn|26
|
|t:|1757799335
|-end|p2a: Iron Crown|Quark Drive|[silent]
|switch|p2a: Great Tusk|Great Tusk|27/100 tox
|-damage|p2a: Great Tusk|24/100 tox|[from] Stealth Rock
|-end|p1a: Hanzo|fallenundefined|[silent]
|switch|p1a: Igriş|Corviknight, M|74/100
|-damage|p1a: Igriş|62/100|[from] Stealth Rock
|-ability|p1a: Igriş|Pressure
|
|-damage|p2a: Great Tusk|17/100 tox|[from] psn
|upkeep
|turn|27
|
|t:|1757799347
|move|p2a: Great Tusk|Close Combat|p1a: Igriş
|-damage|p1a: Igriş|33/100
|-unboost|p2a: Great Tusk|def|1
|-unboost|p2a: Great Tusk|spd|1
|-damage|p2a: Great Tusk|1/100 tox|[from] item: Rocky Helmet|[of] p1a: Igriş
|move|p1a: Igriş|Roost|p1a: Igriş
|-heal|p1a: Igriş|83/100
|-singleturn|p1a: Igriş|move: Roost
|
|-damage|p2a: Great Tusk|0 fnt|[from] psn
|faint|p2a: Great Tusk
|-end|p2a: Great Tusk|Protosynthesis|[silent]
|upkeep
|
|t:|1757799367
|switch|p2a: Darkrai|Darkrai|73/100
|turn|28
|
|t:|1757799371
|switch|p1a: Jogäider|Clodsire, M|82/100 brn
|-damage|p1a: Jogäider|75/100 brn|[from] Stealth Rock
|move|p2a: Darkrai|Will-O-Wisp|p1a: Jogäider
|-fail|p1a: Jogäider|brn
|
|-damage|p1a: Jogäider|69/100 brn|[from] brn
|upkeep
|turn|29
|
|t:|1757799382
|move|p2a: Darkrai|Dark Pulse|p1a: Jogäider
|-damage|p1a: Jogäider|48/100 brn
|cant|p1a: Jogäider|flinch
|
|-damage|p1a: Jogäider|42/100 brn|[from] brn
|upkeep
|turn|30
|
|t:|1757799397
|switch|p2a: Ting-Lu|Ting-Lu|86/100
|-damage|p2a: Ting-Lu|80/100|[from] Stealth Rock
|-ability|p2a: Ting-Lu|Vessel of Ruin
|move|p1a: Jogäider|Recover|p1a: Jogäider
|-heal|p1a: Jogäider|92/100 brn
|
|-heal|p2a: Ting-Lu|86/100|[from] item: Leftovers
|-damage|p1a: Jogäider|85/100 brn|[from] brn
|upkeep
|turn|31
|
|t:|1757799410
|switch|p1a: Igriş|Corviknight, M|83/100
|-damage|p1a: Igriş|71/100|[from] Stealth Rock
|-ability|p1a: Igriş|Pressure
|move|p2a: Ting-Lu|Ruination|p1a: Igriş
|-damage|p1a: Igriş|36/100
|
|-heal|p2a: Ting-Lu|93/100|[from] item: Leftovers
|upkeep
|turn|32
|
|t:|1757799421
|switch|p2a: Ogerpon|Ogerpon-Wellspring, F|100/100
|-damage|p2a: Ogerpon|88/100|[from] Stealth Rock
|move|p1a: Igriş|Defog|p2a: Ogerpon
|-unboost|p2a: Ogerpon|evasion|1
|-sideend|p2: TopPeng|Stealth Rock|[from] move: Defog|[of] p1a: Igriş
|-sideend|p1: Mreda|Stealth Rock|[from] move: Defog|[of] p1a: Igriş
|
|upkeep
|turn|33
|
|t:|1757799441
|move|p2a: Ogerpon|Ivy Cudgel|p1a: Igriş|[anim] Ivy Cudgel Water
|-damage|p1a: Igriş|2/100
|move|p1a: Igriş|Brave Bird|p2a: Ogerpon
|-supereffective|p2a: Ogerpon
|-crit|p2a: Ogerpon
|-damage|p2a: Ogerpon|0 fnt
|faint|p2a: Ogerpon
|-damage|p1a: Igriş|0 fnt|[from] Recoil
|faint|p1a: Igriş
|
|upkeep
|c|☆TopPeng|I’m in tears rn
|c|☆Mreda|2% this time
|inactive|Mreda has 120 seconds left.
|inactive|TopPeng has 120 seconds left.
|c|☆Mreda|im really sorry
|c|☆TopPeng|There’s been two of those now
|c|☆Mreda|i dont know is it luck or just dammage calculation
|c|☆Mreda|Yea i noticed
|inactive|Mreda has 90 seconds left.
|inactive|TopPeng has 90 seconds left.
|c|☆TopPeng|It’s just tragic
|c|☆TopPeng|gg
|-message|TopPeng forfeited.
|
|win|Mreda
|raw|Mreda's rating: 1443 &rarr; <strong>1466</strong><br />(+23 for winning)
|raw|TopPeng's rating: 1491 &rarr; <strong>1468</strong><br />(-23 for losing)
|l|☆TopPeng
|player|p2|
