|j|☆Obito 2001
|j|☆K2Shiest.E
|t:|1757929933
|gametype|singles
|player|p1|Obito 2001|blue-gen3two|1486
|player|p2|K2Shiest.E|266|1452
|gen|9
|tier|[Gen 9] OU
|rated|
|rule|HP Percentage Mod: HP is shown in percentages
|rule|Endless Battle Clause: Forcing endless battles is banned
|rule|Species Clause: Limit one of each Pokémon
|rule|OHKO Clause: OHKO moves are banned
|rule|Evasion Items Clause: Evasion items are banned
|rule|Evasion Moves Clause: Evasion moves are banned
|rule|Evasion Abilities Clause: Evasion abilities are banned
|rule|Sleep Moves Clause: Sleep-inducing moves are banned
|clearpoke
|poke|p1|Slowking-Galar, M|
|poke|p1|Cetitan, F|
|poke|p1|Corviknight, M|
|poke|p1|Landorus-Therian, M|
|poke|p1|Ninetales-Alola, F|
|poke|p1|Iron Hands|
|poke|p2|Ting-Lu|
|poke|p2|Darkrai|
|poke|p2|Corviknight, M|
|poke|p2|Fezandipiti, M|
|poke|p2|Pecharunt|
|poke|p2|Latios, M|
|teampreview
|inactive|Battle timer is ON: inactive players will automatically lose when time's up. (requested by Obito 2001)
|inactive|Obito 2001 has 120 seconds left.
|
|t:|1757929968
|teamsize|p1|6
|teamsize|p2|6
|start
|switch|p1a: Fk toxic spikes|Slowking-Galar, M|100/100
|switch|p2a: Darkrai|Darkrai, shiny|100/100
|turn|1
|
|t:|1757929972
|move|p2a: Darkrai|Knock Off|p1a: Fk toxic spikes
|-supereffective|p1a: Fk toxic spikes
|-damage|p1a: Fk toxic spikes|37/100
|-enditem|p1a: Fk toxic spikes|Heavy-Duty Boots|[from] move: Knock Off|[of] p2a: Darkrai
|move|p1a: Fk toxic spikes|Thunder Wave|p2a: Darkrai
|-status|p2a: Darkrai|par
|
|upkeep
|turn|2
|
|t:|1757929976
|switch|p1a: Fk hazard noobs|Corviknight, M|100/100
|-ability|p1a: Fk hazard noobs|Pressure
|cant|p2a: Darkrai|par
|
|upkeep
|turn|3
|
|t:|1757929980
|move|p2a: Darkrai|Knock Off|p1a: Fk hazard noobs
|-damage|p1a: Fk hazard noobs|83/100
|-damage|p2a: Darkrai|84/100 par|[from] item: Rocky Helmet|[of] p1a: Fk hazard noobs
|-enditem|p1a: Fk hazard noobs|Rocky Helmet|[from] move: Knock Off|[of] p2a: Darkrai
|move|p1a: Fk hazard noobs|U-turn|p2a: Darkrai
|-supereffective|p2a: Darkrai
|-damage|p2a: Darkrai|44/100 par
|
|t:|1757929987
|switch|p1a: Sakura Miyawaki|Ninetales-Alola, F|100/100|[from] U-turn
|-weather|Snowscape|[from] ability: Snow Warning|[of] p1a: Sakura Miyawaki
|
|-weather|Snowscape|[upkeep]
|upkeep
|turn|4
|
|t:|1757929993
|move|p1a: Sakura Miyawaki|Moonblast|p2a: Darkrai
|-supereffective|p2a: Darkrai
|-damage|p2a: Darkrai|0 fnt
|faint|p2a: Darkrai
|
|-weather|Snowscape|[upkeep]
|upkeep
|
|t:|1757930003
|switch|p2a: Pecharunt|Pecharunt|100/100
|turn|5
|
|t:|1757930010
|switch|p1a: Fk toxic spikes|Slowking-Galar, M|70/100
|move|p2a: Pecharunt|Malignant Chain|p1a: Fk toxic spikes
|-resisted|p1a: Fk toxic spikes
|-damage|p1a: Fk toxic spikes|60/100
|
|-weather|Snowscape|[upkeep]
|upkeep
|turn|6
|
|t:|1757930014
|move|p2a: Pecharunt|Foul Play|p1a: Fk toxic spikes
|-supereffective|p1a: Fk toxic spikes
|-damage|p1a: Fk toxic spikes|25/100
|move|p1a: Fk toxic spikes|Future Sight|p2a: Pecharunt
|-start|p1a: Fk toxic spikes|move: Future Sight
|
|-weather|Snowscape|[upkeep]
|upkeep
|turn|7
|
|t:|1757930019
|switch|p1a: Fk hazard noobs|Corviknight, M|83/100
|-ability|p1a: Fk hazard noobs|Pressure
|move|p2a: Pecharunt|Parting Shot|p1a: Fk hazard noobs
|-unboost|p1a: Fk hazard noobs|atk|1
|-unboost|p1a: Fk hazard noobs|spa|1
|
|t:|1757930021
|switch|p2a: Ting-Lu|Ting-Lu|100/100|[from] Parting Shot
|-ability|p2a: Ting-Lu|Vessel of Ruin
|
|-weather|none
|upkeep
|turn|8
|
|t:|1757930025
|move|p1a: Fk hazard noobs|U-turn|p2a: Ting-Lu
|-supereffective|p2a: Ting-Lu
|-damage|p2a: Ting-Lu|90/100
|
|t:|1757930031
|switch|p1a: Sakura Miyawaki|Ninetales-Alola, F|100/100|[from] U-turn
|-weather|Snowscape|[from] ability: Snow Warning|[of] p1a: Sakura Miyawaki
|move|p2a: Ting-Lu|Stealth Rock|p1a: Sakura Miyawaki
|-sidestart|p1: Obito 2001|move: Stealth Rock
|
|-weather|Snowscape|[upkeep]
|-end|p2a: Ting-Lu|move: Future Sight
|-immune|p2a: Ting-Lu
|-heal|p2a: Ting-Lu|96/100|[from] item: Leftovers
|upkeep
|turn|9
|
|t:|1757930034
|switch|p2a: Pecharunt|Pecharunt|100/100
|move|p1a: Sakura Miyawaki|Aurora Veil|p1a: Sakura Miyawaki
|-sidestart|p1: Obito 2001|move: Aurora Veil
|
|-weather|Snowscape|[upkeep]
|upkeep
|turn|10
|
|t:|1757930038
|switch|p1a: Fk hazard noobs|Corviknight, M|83/100
|-damage|p1a: Fk hazard noobs|71/100|[from] Stealth Rock
|-ability|p1a: Fk hazard noobs|Pressure
|move|p2a: Pecharunt|Parting Shot|p1a: Fk hazard noobs
|-unboost|p1a: Fk hazard noobs|atk|1
|-unboost|p1a: Fk hazard noobs|spa|1
|
|t:|1757930050
|switch|p2a: Fezandipiti|Fezandipiti, M|100/100|[from] Parting Shot
|
|-weather|Snowscape|[upkeep]
|upkeep
|turn|11
|
|t:|1757930054
|move|p2a: Fezandipiti|Calm Mind|p2a: Fezandipiti
|-boost|p2a: Fezandipiti|spa|1
|-boost|p2a: Fezandipiti|spd|1
|move|p1a: Fk hazard noobs|Defog|p2a: Fezandipiti
|-unboost|p2a: Fezandipiti|evasion|1
|-sideend|p1: Obito 2001|Stealth Rock|[from] move: Defog|[of] p1a: Fk hazard noobs
|
|-weather|Snowscape|[upkeep]
|upkeep
|turn|12
|
|t:|1757930061
|switch|p2a: Pecharunt|Pecharunt|100/100
|move|p1a: Fk hazard noobs|U-turn|p2a: Pecharunt
|-resisted|p2a: Pecharunt
|-damage|p2a: Pecharunt|99/100
|
|t:|1757930064
|switch|p1a: Landorus|Landorus-Therian, M|100/100|[from] U-turn
|-ability|p1a: Landorus|Intimidate|boost
|-unboost|p2a: Pecharunt|atk|1
|
|-weather|none
|upkeep
|turn|13
|
|t:|1757930067
|switch|p2a: Corviknight|Corviknight, M, shiny|100/100
|-ability|p2a: Corviknight|Pressure
|move|p1a: Landorus|Earth Power|p2a: Corviknight
|-immune|p2a: Corviknight
|
|upkeep
|turn|14
|
|t:|1757930073
|switch|p1a: Fk toxic spikes|Slowking-Galar, M|59/100
|move|p2a: Corviknight|U-turn|p1a: Fk toxic spikes
|-damage|p1a: Fk toxic spikes|52/100
|
|t:|1757930078
|switch|p2a: Ting-Lu|Ting-Lu|96/100|[from] U-turn
|-ability|p2a: Ting-Lu|Vessel of Ruin
|
|-heal|p2a: Ting-Lu|100/100|[from] item: Leftovers
|upkeep
|turn|15
|
|t:|1757930084
|switch|p1a: Landorus|Landorus-Therian, M|100/100
|-ability|p1a: Landorus|Intimidate|boost
|-unboost|p2a: Ting-Lu|atk|1
|move|p2a: Ting-Lu|Stealth Rock|p1a: Landorus
|-sidestart|p1: Obito 2001|move: Stealth Rock
|
|upkeep
|turn|16
|
|t:|1757930087
|switch|p2a: Corviknight|Corviknight, M, shiny|100/100
|-ability|p2a: Corviknight|Pressure
|move|p1a: Landorus|Grass Knot|p2a: Corviknight
|-resisted|p2a: Corviknight
|-damage|p2a: Corviknight|95/100
|-damage|p1a: Landorus|84/100|[from] item: Rocky Helmet|[of] p2a: Corviknight
|
|-sideend|p1: Obito 2001|move: Aurora Veil
|upkeep
|turn|17
|
|t:|1757930091
|switch|p1a: Fk hazard noobs|Corviknight, M|71/100
|-damage|p1a: Fk hazard noobs|59/100|[from] Stealth Rock
|-ability|p1a: Fk hazard noobs|Pressure
|move|p2a: Corviknight|U-turn|p1a: Fk hazard noobs
|-resisted|p1a: Fk hazard noobs
|-damage|p1a: Fk hazard noobs|56/100
|
|t:|1757930098
|switch|p2a: Latios|Latios, M, shiny|100/100|[from] U-turn
|
|upkeep
|turn|18
|
|t:|1757930102
|switch|p1a: Fk toxic spikes|Slowking-Galar, M|85/100
|-damage|p1a: Fk toxic spikes|72/100|[from] Stealth Rock
|move|p2a: Latios|Psychic Noise|p1a: Fk toxic spikes
|-damage|p1a: Fk toxic spikes|49/100
|-start|p1a: Fk toxic spikes|move: Heal Block
|
|upkeep
|turn|19
|
|t:|1757930109
|switch|p2a: Pecharunt|Pecharunt|99/100
|-prepare|p1a: Fk toxic spikes|Chilly Reception|[premajor]
|move|p1a: Fk toxic spikes|Chilly Reception|p1a: Fk toxic spikes
|-weather|Snowscape
|
|t:|1757930112
|switch|p1a: Fk hazard noobs|Corviknight, M|56/100|[from] Chilly Reception
|-damage|p1a: Fk hazard noobs|44/100|[from] Stealth Rock
|-ability|p1a: Fk hazard noobs|Pressure
|
|-weather|Snowscape|[upkeep]
|upkeep
|turn|20
|
|t:|1757930119
|move|p2a: Pecharunt|Parting Shot|p1a: Fk hazard noobs
|-unboost|p1a: Fk hazard noobs|atk|1
|-unboost|p1a: Fk hazard noobs|spa|1
|
|t:|1757930123
|switch|p2a: Ting-Lu|Ting-Lu|100/100|[from] Parting Shot
|-ability|p2a: Ting-Lu|Vessel of Ruin
|move|p1a: Fk hazard noobs|Roost|p1a: Fk hazard noobs
|-heal|p1a: Fk hazard noobs|94/100
|-singleturn|p1a: Fk hazard noobs|move: Roost
|
|-weather|Snowscape|[upkeep]
|upkeep
|turn|21
|
|t:|1757930129
|move|p1a: Fk hazard noobs|Defog|p2a: Ting-Lu
|-unboost|p2a: Ting-Lu|evasion|1
|-sideend|p1: Obito 2001|Stealth Rock|[from] move: Defog|[of] p1a: Fk hazard noobs
|move|p2a: Ting-Lu|Ruination|p1a: Fk hazard noobs
|-damage|p1a: Fk hazard noobs|47/100
|
|-weather|Snowscape|[upkeep]
|upkeep
|turn|22
|
|t:|1757930137
|move|p1a: Fk hazard noobs|Body Press|p2a: Ting-Lu
|-supereffective|p2a: Ting-Lu
|-damage|p2a: Ting-Lu|70/100
|move|p2a: Ting-Lu|Stealth Rock|p1a: Fk hazard noobs
|-sidestart|p1: Obito 2001|move: Stealth Rock
|
|-weather|Snowscape|[upkeep]
|-heal|p2a: Ting-Lu|76/100|[from] item: Leftovers
|upkeep
|turn|23
|
|t:|1757930148
|move|p1a: Fk hazard noobs|Defog|p2a: Ting-Lu
|-unboost|p2a: Ting-Lu|evasion|1
|-sideend|p1: Obito 2001|Stealth Rock|[from] move: Defog|[of] p1a: Fk hazard noobs
|move|p2a: Ting-Lu|Ruination|p1a: Fk hazard noobs
|-damage|p1a: Fk hazard noobs|24/100
|
|-weather|none
|-heal|p2a: Ting-Lu|83/100|[from] item: Leftovers
|upkeep
|turn|24
|
|t:|1757930153
|move|p1a: Fk hazard noobs|Roost|p1a: Fk hazard noobs
|-heal|p1a: Fk hazard noobs|74/100
|-singleturn|p1a: Fk hazard noobs|move: Roost
|move|p2a: Ting-Lu|Earthquake|p1a: Fk hazard noobs
|-supereffective|p1a: Fk hazard noobs
|-damage|p1a: Fk hazard noobs|32/100
|
|-heal|p2a: Ting-Lu|89/100|[from] item: Leftovers
|upkeep
|turn|25
|
|t:|1757930157
|move|p1a: Fk hazard noobs|Roost|p1a: Fk hazard noobs
|-heal|p1a: Fk hazard noobs|82/100
|-singleturn|p1a: Fk hazard noobs|move: Roost
|move|p2a: Ting-Lu|Stealth Rock|p1a: Fk hazard noobs
|-sidestart|p1: Obito 2001|move: Stealth Rock
|
|-heal|p2a: Ting-Lu|95/100|[from] item: Leftovers
|upkeep
|turn|26
|
|t:|1757930162
|move|p1a: Fk hazard noobs|Defog|p2a: Ting-Lu
|-unboost|p2a: Ting-Lu|evasion|1
|-sideend|p1: Obito 2001|Stealth Rock|[from] move: Defog|[of] p1a: Fk hazard noobs
|move|p2a: Ting-Lu|Ruination|p1a: Fk hazard noobs
|-damage|p1a: Fk hazard noobs|41/100
|
|-heal|p2a: Ting-Lu|100/100|[from] item: Leftovers
|upkeep
|turn|27
|
|t:|1757930167
|switch|p1a: Landorus|Landorus-Therian, M|84/100
|-ability|p1a: Landorus|Intimidate|boost
|-unboost|p2a: Ting-Lu|atk|1
|move|p2a: Ting-Lu|Stealth Rock|p1a: Landorus
|-sidestart|p1: Obito 2001|move: Stealth Rock
|
|upkeep
|turn|28
|
|t:|1757930171
|switch|p1a: Fk hazard noobs|Corviknight, M|41/100
|-damage|p1a: Fk hazard noobs|29/100|[from] Stealth Rock
|-ability|p1a: Fk hazard noobs|Pressure
|switch|p2a: Corviknight|Corviknight, M, shiny|95/100
|-ability|p2a: Corviknight|Pressure
|
|upkeep
|turn|29
|
|t:|1757930174
|move|p2a: Corviknight|Iron Defense|p2a: Corviknight
|-boost|p2a: Corviknight|def|2
|move|p1a: Fk hazard noobs|Roost|p1a: Fk hazard noobs
|-heal|p1a: Fk hazard noobs|79/100
|-singleturn|p1a: Fk hazard noobs|move: Roost
|
|upkeep
|turn|30
|
|t:|1757930177
|move|p2a: Corviknight|Body Press|p1a: Fk hazard noobs
|-damage|p1a: Fk hazard noobs|46/100
|move|p1a: Fk hazard noobs|Defog|p2a: Corviknight
|-unboost|p2a: Corviknight|evasion|1
|-sideend|p1: Obito 2001|Stealth Rock|[from] move: Defog|[of] p1a: Fk hazard noobs
|
|upkeep
|turn|31
|
|t:|1757930182
|switch|p1a: Fk toxic spikes|Slowking-Galar, M|82/100
|move|p2a: Corviknight|U-turn|p1a: Fk toxic spikes
|-damage|p1a: Fk toxic spikes|68/100
|
|t:|1757930184
|switch|p2a: Ting-Lu|Ting-Lu|100/100|[from] U-turn
|-ability|p2a: Ting-Lu|Vessel of Ruin
|
|upkeep
|turn|32
|
|t:|1757930188
|move|p2a: Ting-Lu|Earthquake|p1a: Fk toxic spikes
|-supereffective|p1a: Fk toxic spikes
|-damage|p1a: Fk toxic spikes|0 fnt
|faint|p1a: Fk toxic spikes
|
|upkeep
|
|t:|1757930193
|switch|p1a: Mecha Buddha|Iron Hands|100/100
|turn|33
|
|t:|1757930199
|switch|p2a: Latios|Latios, M, shiny|100/100
|move|p1a: Mecha Buddha|Swords Dance|p1a: Mecha Buddha
|-boost|p1a: Mecha Buddha|atk|2
|
|upkeep
|turn|34
|
|t:|1757930203
|-terastallize|p1a: Mecha Buddha|Flying
|move|p2a: Latios|Psychic Noise|p1a: Mecha Buddha
|-damage|p1a: Mecha Buddha|58/100
|-start|p1a: Mecha Buddha|move: Heal Block
|move|p1a: Mecha Buddha|Ice Punch|p2a: Latios
|-supereffective|p2a: Latios
|-damage|p2a: Latios|0 fnt
|faint|p2a: Latios
|
|upkeep
|
|t:|1757930207
|switch|p2a: Pecharunt|Pecharunt|99/100
|turn|35
|
|t:|1757930210
|move|p2a: Pecharunt|Parting Shot|p1a: Mecha Buddha
|-unboost|p1a: Mecha Buddha|atk|1
|-unboost|p1a: Mecha Buddha|spa|1
|
|t:|1757930214
|switch|p2a: Ting-Lu|Ting-Lu|100/100|[from] Parting Shot
|-ability|p2a: Ting-Lu|Vessel of Ruin
|move|p1a: Mecha Buddha|Thunder Punch|p2a: Ting-Lu
|-immune|p2a: Ting-Lu
|
|-end|p1a: Mecha Buddha|move: Heal Block
|upkeep
|turn|36
|
|t:|1757930218
|switch|p2a: Pecharunt|Pecharunt|99/100
|move|p1a: Mecha Buddha|Drain Punch|p2a: Pecharunt
|-immune|p2a: Pecharunt
|
|upkeep
|turn|37
|
|t:|1757930224
|-end|p1a: Mecha Buddha|Quark Drive|[silent]
|switch|p1a: Fk hazard noobs|Corviknight, M|46/100
|-ability|p1a: Fk hazard noobs|Pressure
|move|p2a: Pecharunt|Malignant Chain|p1a: Fk hazard noobs
|-immune|p1a: Fk hazard noobs
|
|upkeep
|turn|38
|
|t:|1757930227
|move|p2a: Pecharunt|Parting Shot|p1a: Fk hazard noobs
|-unboost|p1a: Fk hazard noobs|atk|1
|-unboost|p1a: Fk hazard noobs|spa|1
|
|t:|1757930229
|switch|p2a: Corviknight|Corviknight, M, shiny|95/100|[from] Parting Shot
|-ability|p2a: Corviknight|Pressure
|move|p1a: Fk hazard noobs|Roost|p1a: Fk hazard noobs
|-heal|p1a: Fk hazard noobs|96/100
|-singleturn|p1a: Fk hazard noobs|move: Roost
|
|upkeep
|turn|39
|
|t:|1757930236
|move|p2a: Corviknight|Iron Defense|p2a: Corviknight
|-boost|p2a: Corviknight|def|2
|move|p1a: Fk hazard noobs|U-turn|p2a: Corviknight
|-resisted|p2a: Corviknight
|-damage|p2a: Corviknight|94/100
|-damage|p1a: Fk hazard noobs|79/100|[from] item: Rocky Helmet|[of] p2a: Corviknight
|
|t:|1757930238
|switch|p1a: Sakura Miyawaki|Ninetales-Alola, F|100/100|[from] U-turn
|-weather|Snowscape|[from] ability: Snow Warning|[of] p1a: Sakura Miyawaki
|
|-weather|Snowscape|[upkeep]
|upkeep
|turn|40
|
|t:|1757930244
|switch|p2a: Pecharunt|Pecharunt|99/100
|move|p1a: Sakura Miyawaki|Aurora Veil|p1a: Sakura Miyawaki
|-sidestart|p1: Obito 2001|move: Aurora Veil
|
|-weather|Snowscape|[upkeep]
|upkeep
|turn|41
|
|t:|1757930251
|move|p1a: Sakura Miyawaki|Freeze-Dry|p2a: Pecharunt
|-damage|p2a: Pecharunt|78/100
|-status|p2a: Pecharunt|frz
|cant|p2a: Pecharunt|frz
|
|-weather|Snowscape|[upkeep]
|upkeep
|turn|42
|
|t:|1757930258
|switch|p1a: Mecha Buddha|Iron Hands, tera:Flying|58/100
|cant|p2a: Pecharunt|frz
|
|-weather|Snowscape|[upkeep]
|upkeep
|turn|43
|
|t:|1757930261
|-curestatus|p2a: Pecharunt|frz|[msg]
|move|p2a: Pecharunt|Recover|p2a: Pecharunt
|-heal|p2a: Pecharunt|100/100
|move|p1a: Mecha Buddha|Swords Dance|p1a: Mecha Buddha
|-boost|p1a: Mecha Buddha|atk|2
|
|-weather|none
|upkeep
|turn|44
|
|t:|1757930270
|move|p2a: Pecharunt|Foul Play|p1a: Mecha Buddha
|-damage|p1a: Mecha Buddha|30/100
|move|p1a: Mecha Buddha|Swords Dance|p1a: Mecha Buddha
|-boost|p1a: Mecha Buddha|atk|2
|
|upkeep
|turn|45
|
|t:|1757930276
|-end|p1a: Mecha Buddha|Quark Drive|[silent]
|switch|p1a: Fk hazard noobs|Corviknight, M|79/100
|-ability|p1a: Fk hazard noobs|Pressure
|move|p2a: Pecharunt|Foul Play|p1a: Fk hazard noobs
|-damage|p1a: Fk hazard noobs|73/100
|
|upkeep
|turn|46
|
|t:|1757930279
|move|p2a: Pecharunt|Parting Shot|p1a: Fk hazard noobs
|-unboost|p1a: Fk hazard noobs|atk|1
|-unboost|p1a: Fk hazard noobs|spa|1
|
|t:|1757930281
|switch|p2a: Corviknight|Corviknight, M, shiny|94/100|[from] Parting Shot
|-ability|p2a: Corviknight|Pressure
|move|p1a: Fk hazard noobs|U-turn|p2a: Corviknight
|-resisted|p2a: Corviknight
|-damage|p2a: Corviknight|92/100
|-damage|p1a: Fk hazard noobs|57/100|[from] item: Rocky Helmet|[of] p2a: Corviknight
|
|t:|1757930289
|switch|p1a: Mecha Buddha|Iron Hands, tera:Flying|30/100|[from] U-turn
|
|upkeep
|turn|47
|
|t:|1757930300
|switch|p2a: Pecharunt|Pecharunt|100/100
|move|p1a: Mecha Buddha|Thunder Punch|p2a: Pecharunt
|-damage|p2a: Pecharunt|77/100
|
|-sideend|p1: Obito 2001|move: Aurora Veil
|upkeep
|turn|48
|
|t:|1757930305
|move|p2a: Pecharunt|Foul Play|p1a: Mecha Buddha
|-damage|p1a: Mecha Buddha|3/100
|move|p1a: Mecha Buddha|Thunder Punch|p2a: Pecharunt
|-damage|p2a: Pecharunt|55/100
|-status|p2a: Pecharunt|par
|
|upkeep
|turn|49
|
|t:|1757930311
|move|p1a: Mecha Buddha|Swords Dance|p1a: Mecha Buddha
|-boost|p1a: Mecha Buddha|atk|2
|move|p2a: Pecharunt|Foul Play|p1a: Mecha Buddha
|-damage|p1a: Mecha Buddha|0 fnt
|faint|p1a: Mecha Buddha
|-end|p1a: Mecha Buddha|Quark Drive|[silent]
|
|upkeep
|
|t:|1757930313
|switch|p1a: Sakura Miyawaki|Ninetales-Alola, F|100/100
|-weather|Snowscape|[from] ability: Snow Warning|[of] p1a: Sakura Miyawaki
|turn|50
|
|t:|1757930316
|move|p1a: Sakura Miyawaki|Encore|p2a: Pecharunt
|-start|p2a: Pecharunt|Encore
|move|p2a: Pecharunt|Foul Play|p1a: Sakura Miyawaki
|-resisted|p1a: Sakura Miyawaki
|-damage|p1a: Sakura Miyawaki|94/100
|
|-weather|Snowscape|[upkeep]
|upkeep
|turn|51
|
|t:|1757930321
|switch|p2a: Ting-Lu|Ting-Lu|100/100
|-ability|p2a: Ting-Lu|Vessel of Ruin
|move|p1a: Sakura Miyawaki|Aurora Veil|p1a: Sakura Miyawaki
|-sidestart|p1: Obito 2001|move: Aurora Veil
|
|-weather|Snowscape|[upkeep]
|upkeep
|turn|52
|
|t:|1757930326
|switch|p1a: Landorus|Landorus-Therian, M|84/100
|-ability|p1a: Landorus|Intimidate|boost
|-unboost|p2a: Ting-Lu|atk|1
|move|p2a: Ting-Lu|Ruination|p1a: Landorus|[miss]
|-miss|p2a: Ting-Lu|p1a: Landorus
|
|-weather|Snowscape|[upkeep]
|upkeep
|turn|53
|
|t:|1757930331
|switch|p2a: Corviknight|Corviknight, M, shiny|92/100
|-ability|p2a: Corviknight|Pressure
|move|p1a: Landorus|Weather Ball|p2a: Corviknight
|-damage|p2a: Corviknight|60/100
|
|-weather|Snowscape|[upkeep]
|upkeep
|turn|54
|
|t:|1757930334
|switch|p1a: Cetitan|Cetitan, F|100/100
|move|p2a: Corviknight|U-turn|p1a: Cetitan
|-damage|p1a: Cetitan|95/100
|
|t:|1757930338
|switch|p2a: Pecharunt|Pecharunt|55/100 par|[from] U-turn
|
|-weather|none
|upkeep
|turn|55
|
|t:|1757930342
|move|p1a: Cetitan|Belly Drum|p1a: Cetitan
|-damage|p1a: Cetitan|45/100
|-setboost|p1a: Cetitan|atk|6|[from] move: Belly Drum
|-enditem|p1a: Cetitan|Sitrus Berry|[eat]
|-heal|p1a: Cetitan|70/100|[from] item: Sitrus Berry
|move|p2a: Pecharunt|Foul Play|p1a: Cetitan
|-damage|p1a: Cetitan|11/100
|
|upkeep
|turn|56
|
|t:|1757930351
|switch|p2a: Corviknight|Corviknight, M, shiny|60/100
|-ability|p2a: Corviknight|Pressure
|move|p1a: Cetitan|Earthquake|p2a: Corviknight
|-immune|p2a: Corviknight
|
|upkeep
|turn|57
|
|t:|1757930358
|move|p1a: Cetitan|Icicle Crash|p2a: Corviknight
|-damage|p2a: Corviknight|0 fnt
|faint|p2a: Corviknight
|
|upkeep
|
|t:|1757930363
|switch|p2a: Ting-Lu|Ting-Lu|100/100
|-ability|p2a: Ting-Lu|Vessel of Ruin
|turn|58
|
|t:|1757930368
|-terastallize|p2a: Ting-Lu|Water
|move|p1a: Cetitan|Earthquake|p2a: Ting-Lu
|-damage|p2a: Ting-Lu|37/100
|move|p2a: Ting-Lu|Earthquake|p1a: Cetitan
|-damage|p1a: Cetitan|0 fnt
|faint|p1a: Cetitan
|
|-heal|p2a: Ting-Lu|43/100|[from] item: Leftovers
|-sideend|p1: Obito 2001|move: Aurora Veil
|upkeep
|
|t:|1757930374
|switch|p1a: Landorus|Landorus-Therian, M|84/100
|-ability|p1a: Landorus|Intimidate|boost
|-unboost|p2a: Ting-Lu|atk|1
|turn|59
|
|t:|1757930378
|move|p1a: Landorus|Grass Knot|p2a: Ting-Lu
|-supereffective|p2a: Ting-Lu
|-damage|p2a: Ting-Lu|9/100
|move|p2a: Ting-Lu|Ruination|p1a: Landorus
|-damage|p1a: Landorus|42/100
|
|-heal|p2a: Ting-Lu|15/100|[from] item: Leftovers
|upkeep
|turn|60
|
|t:|1757930382
|move|p1a: Landorus|Grass Knot|p2a: Ting-Lu
|-supereffective|p2a: Ting-Lu
|-damage|p2a: Ting-Lu|0 fnt
|faint|p2a: Ting-Lu
|
|upkeep
|
|t:|1757930386
|switch|p2a: Pecharunt|Pecharunt|55/100 par
|turn|61
|
|t:|1757930389
|move|p1a: Landorus|Earth Power|p2a: Pecharunt
|-supereffective|p2a: Pecharunt
|-damage|p2a: Pecharunt|0 fnt
|faint|p2a: Pecharunt
|
|upkeep
|
|t:|1757930392
|switch|p2a: Fezandipiti|Fezandipiti, M|100/100
|turn|62
|
|t:|1757930394
|move|p1a: Landorus|Earth Power|p2a: Fezandipiti
|-supereffective|p2a: Fezandipiti
|-damage|p2a: Fezandipiti|47/100
|move|p2a: Fezandipiti|Calm Mind|p2a: Fezandipiti
|-boost|p2a: Fezandipiti|spa|1
|-boost|p2a: Fezandipiti|spd|1
|
|upkeep
|turn|63
|
|t:|1757930396
|move|p1a: Landorus|Earth Power|p2a: Fezandipiti
|-supereffective|p2a: Fezandipiti
|-damage|p2a: Fezandipiti|11/100
|move|p2a: Fezandipiti|Roost|p2a: Fezandipiti
|-heal|p2a: Fezandipiti|61/100
|-singleturn|p2a: Fezandipiti|move: Roost
|
|upkeep
|turn|64
|
|t:|1757930398
|switch|p1a: Sakura Miyawaki|Ninetales-Alola, F|94/100
|-weather|Snowscape|[from] ability: Snow Warning|[of] p1a: Sakura Miyawaki
|move|p2a: Fezandipiti|Roost|p2a: Fezandipiti
|-heal|p2a: Fezandipiti|100/100
|-singleturn|p2a: Fezandipiti|move: Roost
|
|-weather|Snowscape|[upkeep]
|upkeep
|turn|65
|
|t:|1757930401
|move|p1a: Sakura Miyawaki|Encore|p2a: Fezandipiti
|-start|p2a: Fezandipiti|Encore
|move|p2a: Fezandipiti|Roost||[still]
|-fail|p2a: Fezandipiti|heal
|
|-weather|Snowscape|[upkeep]
|upkeep
|turn|66
|
|t:|1757930405
|move|p1a: Sakura Miyawaki|Freeze-Dry|p2a: Fezandipiti
|-damage|p2a: Fezandipiti|92/100
|move|p2a: Fezandipiti|Roost|p2a: Fezandipiti
|-heal|p2a: Fezandipiti|100/100
|-singleturn|p2a: Fezandipiti|move: Roost
|
|-weather|Snowscape|[upkeep]
|upkeep
|turn|67
|
|t:|1757930407
|move|p1a: Sakura Miyawaki|Freeze-Dry|p2a: Fezandipiti
|-damage|p2a: Fezandipiti|93/100
|move|p2a: Fezandipiti|Roost|p2a: Fezandipiti
|-heal|p2a: Fezandipiti|100/100
|-singleturn|p2a: Fezandipiti|move: Roost
|
|-weather|Snowscape|[upkeep]
|-end|p2a: Fezandipiti|Encore
|upkeep
|turn|68
|
|t:|1757930409
|move|p1a: Sakura Miyawaki|Encore|p2a: Fezandipiti
|-start|p2a: Fezandipiti|Encore
|move|p2a: Fezandipiti|Roost||[still]
|-fail|p2a: Fezandipiti|heal
|
|-weather|none
|upkeep
|turn|69
|
|t:|1757930411
|switch|p1a: Fk hazard noobs|Corviknight, M|57/100
|-ability|p1a: Fk hazard noobs|Pressure
|move|p2a: Fezandipiti|Roost||[still]
|-fail|p2a: Fezandipiti|heal
|
|upkeep
|turn|70
|
|t:|1757930414
|move|p2a: Fezandipiti|Roost||[still]
|-fail|p2a: Fezandipiti|heal
|move|p1a: Fk hazard noobs|U-turn|p2a: Fezandipiti
|-resisted|p2a: Fezandipiti
|-damage|p2a: Fezandipiti|97/100
|
|t:|1757930415
|switch|p1a: Sakura Miyawaki|Ninetales-Alola, F|94/100|[from] U-turn
|-weather|Snowscape|[from] ability: Snow Warning|[of] p1a: Sakura Miyawaki
|
|-weather|Snowscape|[upkeep]
|-end|p2a: Fezandipiti|Encore
|upkeep
|turn|71
|
|t:|1757930425
|move|p1a: Sakura Miyawaki|Aurora Veil|p1a: Sakura Miyawaki
|-sidestart|p1: Obito 2001|move: Aurora Veil
|move|p2a: Fezandipiti|Moonblast|p1a: Sakura Miyawaki
|-damage|p1a: Sakura Miyawaki|76/100
|-unboost|p1a: Sakura Miyawaki|spa|1
|-status|p1a: Sakura Miyawaki|tox|[from] ability: Toxic Chain|[of] p2a: Fezandipiti
|
|-weather|Snowscape|[upkeep]
|-damage|p1a: Sakura Miyawaki|70/100 tox|[from] psn
|upkeep
|turn|72
|
|t:|1757930429
|switch|p1a: Fk hazard noobs|Corviknight, M|57/100
|-ability|p1a: Fk hazard noobs|Pressure
|move|p2a: Fezandipiti|Moonblast|p1a: Fk hazard noobs
|-resisted|p1a: Fk hazard noobs
|-damage|p1a: Fk hazard noobs|48/100
|-unboost|p1a: Fk hazard noobs|spa|1
|
|-weather|Snowscape|[upkeep]
|upkeep
|turn|73
|
|t:|1757930431
|move|p2a: Fezandipiti|Calm Mind|p2a: Fezandipiti
|-boost|p2a: Fezandipiti|spa|1
|-boost|p2a: Fezandipiti|spd|1
|move|p1a: Fk hazard noobs|U-turn|p2a: Fezandipiti
|-resisted|p2a: Fezandipiti
|-damage|p2a: Fezandipiti|93/100
|
|t:|1757930432
|switch|p1a: Sakura Miyawaki|Ninetales-Alola, F|70/100 tox|[from] U-turn
|
|-weather|Snowscape|[upkeep]
|-damage|p1a: Sakura Miyawaki|64/100 tox|[from] psn
|upkeep
|turn|74
|
|t:|1757930435
|move|p1a: Sakura Miyawaki|Encore|p2a: Fezandipiti
|-start|p2a: Fezandipiti|Encore
|move|p2a: Fezandipiti|Calm Mind|p2a: Fezandipiti
|-boost|p2a: Fezandipiti|spa|1
|-boost|p2a: Fezandipiti|spd|1
|
|-weather|none
|-damage|p1a: Sakura Miyawaki|52/100 tox|[from] psn
|upkeep
|turn|75
|
|t:|1757930447
|switch|p1a: Landorus|Landorus-Therian, M|42/100
|-ability|p1a: Landorus|Intimidate|boost
|-unboost|p2a: Fezandipiti|atk|1
|move|p2a: Fezandipiti|Calm Mind|p2a: Fezandipiti
|-boost|p2a: Fezandipiti|spa|1
|-boost|p2a: Fezandipiti|spd|1
|
|upkeep
|turn|76
|
|t:|1757930450
|switch|p1a: Sakura Miyawaki|Ninetales-Alola, F|52/100 tox
|-weather|Snowscape|[from] ability: Snow Warning|[of] p1a: Sakura Miyawaki
|move|p2a: Fezandipiti|Calm Mind|p2a: Fezandipiti
|-boost|p2a: Fezandipiti|spa|1
|-boost|p2a: Fezandipiti|spd|1
|
|-weather|Snowscape|[upkeep]
|-damage|p1a: Sakura Miyawaki|46/100 tox|[from] psn
|-end|p2a: Fezandipiti|Encore
|upkeep
|turn|77
|
|t:|1757930453
|move|p1a: Sakura Miyawaki|Encore|p2a: Fezandipiti
|-start|p2a: Fezandipiti|Encore
|move|p2a: Fezandipiti|Calm Mind|p2a: Fezandipiti
|-boost|p2a: Fezandipiti|spa|1
|-boost|p2a: Fezandipiti|spd|1
|
|-weather|Snowscape|[upkeep]
|-damage|p1a: Sakura Miyawaki|34/100 tox|[from] psn
|upkeep
|turn|78
|
|t:|1757930458
|switch|p1a: Fk hazard noobs|Corviknight, M|48/100
|-ability|p1a: Fk hazard noobs|Pressure
|move|p2a: Fezandipiti|Calm Mind|p2a: Fezandipiti
|-boost|p2a: Fezandipiti|spa|0
|-boost|p2a: Fezandipiti|spd|0
|
|-weather|Snowscape|[upkeep]
|-sideend|p1: Obito 2001|move: Aurora Veil
|upkeep
|turn|79
|
|t:|1757930460
|move|p2a: Fezandipiti|Calm Mind|p2a: Fezandipiti
|-boost|p2a: Fezandipiti|spa|0
|-boost|p2a: Fezandipiti|spd|0
|move|p1a: Fk hazard noobs|U-turn|p2a: Fezandipiti
|-resisted|p2a: Fezandipiti
|-damage|p2a: Fezandipiti|90/100
|
|t:|1757930462
|switch|p1a: Sakura Miyawaki|Ninetales-Alola, F|34/100 tox|[from] U-turn
|
|-weather|Snowscape|[upkeep]
|-damage|p1a: Sakura Miyawaki|28/100 tox|[from] psn
|-end|p2a: Fezandipiti|Encore
|upkeep
|turn|80
|
|t:|1757930465
|move|p1a: Sakura Miyawaki|Encore|p2a: Fezandipiti
|-start|p2a: Fezandipiti|Encore
|move|p2a: Fezandipiti|Calm Mind|p2a: Fezandipiti
|-boost|p2a: Fezandipiti|spa|0
|-boost|p2a: Fezandipiti|spd|0
|
|-weather|none
|-damage|p1a: Sakura Miyawaki|16/100 tox|[from] psn
|upkeep
|turn|81
|
|t:|1757930468
|switch|p1a: Fk hazard noobs|Corviknight, M|48/100
|-ability|p1a: Fk hazard noobs|Pressure
|move|p2a: Fezandipiti|Calm Mind|p2a: Fezandipiti
|-boost|p2a: Fezandipiti|spa|0
|-boost|p2a: Fezandipiti|spd|0
|
|upkeep
|turn|82
|
|t:|1757930470
|move|p2a: Fezandipiti|Calm Mind|p2a: Fezandipiti
|-boost|p2a: Fezandipiti|spa|0
|-boost|p2a: Fezandipiti|spd|0
|move|p1a: Fk hazard noobs|Roost|p1a: Fk hazard noobs
|-heal|p1a: Fk hazard noobs|98/100
|-singleturn|p1a: Fk hazard noobs|move: Roost
|
|-end|p2a: Fezandipiti|Encore
|upkeep
|turn|83
|
|t:|1757930473
|move|p2a: Fezandipiti|Moonblast|p1a: Fk hazard noobs
|-resisted|p1a: Fk hazard noobs
|-damage|p1a: Fk hazard noobs|55/100
|move|p1a: Fk hazard noobs|U-turn|p2a: Fezandipiti
|-resisted|p2a: Fezandipiti
|-damage|p2a: Fezandipiti|86/100
|
|t:|1757930477
|switch|p1a: Sakura Miyawaki|Ninetales-Alola, F|16/100 tox|[from] U-turn
|-weather|Snowscape|[from] ability: Snow Warning|[of] p1a: Sakura Miyawaki
|
|-weather|Snowscape|[upkeep]
|-damage|p1a: Sakura Miyawaki|10/100 tox|[from] psn
|upkeep
|turn|84
|
|t:|1757930479
|move|p1a: Sakura Miyawaki|Encore|p2a: Fezandipiti
|-start|p2a: Fezandipiti|Encore
|move|p2a: Fezandipiti|Moonblast|p1a: Sakura Miyawaki
|-damage|p1a: Sakura Miyawaki|0 fnt
|faint|p1a: Sakura Miyawaki
|
|-weather|Snowscape|[upkeep]
|upkeep
|
|t:|1757930481
|switch|p1a: Fk hazard noobs|Corviknight, M|55/100
|-ability|p1a: Fk hazard noobs|Pressure
|turn|85
|
|t:|1757930485
|move|p2a: Fezandipiti|Moonblast|p1a: Fk hazard noobs
|-resisted|p1a: Fk hazard noobs
|-damage|p1a: Fk hazard noobs|5/100
|move|p1a: Fk hazard noobs|Roost|p1a: Fk hazard noobs
|-heal|p1a: Fk hazard noobs|55/100
|-singleturn|p1a: Fk hazard noobs|move: Roost
|
|-weather|Snowscape|[upkeep]
|upkeep
|turn|86
|
|t:|1757930487
|move|p2a: Fezandipiti|Moonblast|p1a: Fk hazard noobs
|-resisted|p1a: Fk hazard noobs
|-damage|p1a: Fk hazard noobs|8/100
|move|p1a: Fk hazard noobs|Roost|p1a: Fk hazard noobs
|-heal|p1a: Fk hazard noobs|58/100
|-singleturn|p1a: Fk hazard noobs|move: Roost
|
|-weather|Snowscape|[upkeep]
|-end|p2a: Fezandipiti|Encore
|upkeep
|turn|87
|
|t:|1757930493
|move|p2a: Fezandipiti|Moonblast|p1a: Fk hazard noobs
|-resisted|p1a: Fk hazard noobs
|-damage|p1a: Fk hazard noobs|13/100
|move|p1a: Fk hazard noobs|Body Press|p2a: Fezandipiti
|-resisted|p2a: Fezandipiti
|-damage|p2a: Fezandipiti|79/100
|
|-weather|none
|upkeep
|turn|88
|
|t:|1757930495
|move|p2a: Fezandipiti|Moonblast|p1a: Fk hazard noobs
|-resisted|p1a: Fk hazard noobs
|-damage|p1a: Fk hazard noobs|0 fnt
|faint|p1a: Fk hazard noobs
|
|upkeep
|
|t:|1757930497
|switch|p1a: Landorus|Landorus-Therian, M|42/100
|-ability|p1a: Landorus|Intimidate|boost
|-unboost|p2a: Fezandipiti|atk|1
|turn|89
|
|t:|1757930499
|move|p1a: Landorus|Earth Power|p2a: Fezandipiti
|-supereffective|p2a: Fezandipiti
|-damage|p2a: Fezandipiti|64/100
|move|p2a: Fezandipiti|Moonblast|p1a: Landorus
|-damage|p1a: Landorus|0 fnt
|faint|p1a: Landorus
|
|win|K2Shiest.E
|raw|Obito 2001's rating: 1486 &rarr; <strong>1464</strong><br />(-22 for losing)
|raw|K2Shiest.E's rating: 1452 &rarr; <strong>1474</strong><br />(+22 for winning)
|l|☆K2Shiest.E
|player|p2|
|l|☆Obito 2001
|player|p1|
