|j|☆Tidk
|j|☆tscher
|t:|1757835162
|gametype|singles
|player|p1|Tidk|silver|1202
|player|p2|tscher|102|1212
|gen|9
|tier|[Gen 9] OU
|rated|
|rule|HP Percentage Mod: HP is shown in percentages
|rule|Endless Battle Clause: Forcing endless battles is banned
|rule|Species Clause: Limit one of each Pokémon
|rule|OHKO Clause: OHKO moves are banned
|rule|Evasion Items Clause: Evasion items are banned
|rule|Evasion Moves Clause: Evasion moves are banned
|rule|Evasion Abilities Clause: Evasion abilities are banned
|rule|Sleep Moves Clause: Sleep-inducing moves are banned
|clearpoke
|poke|p1|Blissey, F|
|poke|p1|Deoxys-Defense|
|poke|p1|Greedent, M|
|poke|p1|Ampharos, M|
|poke|p1|Salamence, M|
|poke|p1|Blaziken, M|
|poke|p2|Froslass, F|
|poke|p2|Darkrai|
|poke|p2|Heatran, F|
|poke|p2|Great Tusk|
|poke|p2|Kyurem|
|poke|p2|Scizor, F|
|teampreview
|inactive|Battle timer is ON: inactive players will automatically lose when time's up. (requested by tscher)
|
|t:|1757835175
|teamsize|p1|6
|teamsize|p2|6
|start
|switch|p1a: Deoxys|Deoxys-Defense|100/100
|switch|p2a: Froslass|Froslass, F|100/100
|-ability|p1a: Deoxys|Pressure
|turn|1
|
|t:|1757835184
|move|p2a: Froslass|Trick|p1a: Deoxys
|-activate|p2a: Froslass|move: Trick|[of] p1a: Deoxys
|-item|p1a: Deoxys|Choice Scarf|[from] move: Trick
|-item|p2a: Froslass|Heavy-Duty Boots|[from] move: Trick
|move|p1a: Deoxys|Knock Off|p2a: Froslass
|-supereffective|p2a: Froslass
|-crit|p2a: Froslass
|-damage|p2a: Froslass|26/100
|-enditem|p2a: Froslass|Heavy-Duty Boots|[from] move: Knock Off|[of] p1a: Deoxys
|
|upkeep
|turn|2
|
|t:|1757835192
|move|p2a: Froslass|Destiny Bond|p2a: Froslass
|-singlemove|p2a: Froslass|Destiny Bond
|move|p1a: Deoxys|Knock Off|p2a: Froslass
|-supereffective|p2a: Froslass
|-damage|p2a: Froslass|0 fnt
|faint|p2a: Froslass
|-activate|p2a: Froslass|move: Destiny Bond
|faint|p1a: Deoxys
|
|upkeep
|
|t:|1757835207
|switch|p2a: Scizor|Scizor, F|100/100
|switch|p1a: Salamence|Salamence, M|100/100
|-ability|p1a: Salamence|Intimidate|boost
|-unboost|p2a: Scizor|atk|1
|turn|3
|
|t:|1757835216
|move|p1a: Salamence|Fire Spin|p2a: Scizor|[miss]
|-miss|p1a: Salamence|p2a: Scizor
|move|p2a: Scizor|U-turn|p1a: Salamence
|-resisted|p1a: Salamence
|-damage|p1a: Salamence|86/100
|-damage|p2a: Scizor|84/100|[from] item: Rocky Helmet|[of] p1a: Salamence
|
|t:|1757835225
|switch|p2a: Darkrai|Darkrai|100/100|[from] U-turn
|
|upkeep
|turn|4
|
|t:|1757835233
|switch|p1a: Blissey|Blissey, F|100/100
|move|p2a: Darkrai|Ice Beam|p1a: Blissey
|-damage|p1a: Blissey|91/100
|
|-heal|p1a: Blissey|97/100|[from] item: Leftovers
|upkeep
|turn|5
|
|t:|1757835242
|switch|p2a: Heatran|Heatran, F|100/100
|move|p1a: Blissey|Stealth Rock|p2a: Heatran
|-sidestart|p2: tscher|move: Stealth Rock
|
|-heal|p1a: Blissey|100/100|[from] item: Leftovers
|upkeep
|turn|6
|
|t:|1757835254
|move|p2a: Heatran|Magma Storm|p1a: Blissey
|-damage|p1a: Blissey|82/100
|-activate|p1a: Blissey|move: Magma Storm|[of] p2a: Heatran
|move|p1a: Blissey|Thunder Wave|p2a: Heatran
|-status|p2a: Heatran|par
|
|-heal|p1a: Blissey|88/100|[from] item: Leftovers
|-damage|p1a: Blissey|75/100|[from] move: Magma Storm|[partiallytrapped]
|upkeep
|turn|7
|
|t:|1757835265
|move|p1a: Blissey|Seismic Toss|p2a: Heatran
|-damage|p2a: Heatran|70/100 par
|move|p2a: Heatran|Taunt|p1a: Blissey
|-start|p1a: Blissey|move: Taunt
|
|-heal|p1a: Blissey|81/100|[from] item: Leftovers
|-heal|p2a: Heatran|76/100 par|[from] item: Leftovers
|-damage|p1a: Blissey|69/100|[from] move: Magma Storm|[partiallytrapped]
|upkeep
|turn|8
|
|t:|1757835275
|move|p1a: Blissey|Seismic Toss|p2a: Heatran
|-damage|p2a: Heatran|45/100 par
|move|p2a: Heatran|Earth Power|p1a: Blissey
|-damage|p1a: Blissey|58/100
|
|-heal|p1a: Blissey|64/100|[from] item: Leftovers
|-heal|p2a: Heatran|51/100 par|[from] item: Leftovers
|-damage|p1a: Blissey|51/100|[from] move: Magma Storm|[partiallytrapped]
|upkeep
|turn|9
|
|t:|1757835285
|move|p1a: Blissey|Seismic Toss|p2a: Heatran
|-damage|p2a: Heatran|20/100 par
|move|p2a: Heatran|Earth Power|p1a: Blissey
|-damage|p1a: Blissey|42/100
|
|-heal|p1a: Blissey|48/100|[from] item: Leftovers
|-heal|p2a: Heatran|26/100 par|[from] item: Leftovers
|-damage|p1a: Blissey|35/100|[from] move: Magma Storm|[partiallytrapped]
|upkeep
|turn|10
|
|t:|1757835296
|move|p1a: Blissey|Seismic Toss|p2a: Heatran
|-damage|p2a: Heatran|0 fnt
|faint|p2a: Heatran
|
|-heal|p1a: Blissey|41/100|[from] item: Leftovers
|-end|p1a: Blissey|Magma Storm|[partiallytrapped]
|-end|p1a: Blissey|move: Taunt
|upkeep
|
|t:|1757835303
|switch|p2a: Scizor|Scizor, F|84/100
|turn|11
|
|t:|1757835309
|switch|p1a: Ampharos|Ampharos, M|100/100
|move|p2a: Scizor|U-turn|p1a: Ampharos
|-damage|p1a: Ampharos|71/100
|
|t:|1757835312
|switch|p2a: Great Tusk|Great Tusk|100/100|[from] U-turn
|
|upkeep
|turn|12
|
|t:|1757835318
|switch|p1a: Salamence|Salamence, M|86/100
|-ability|p1a: Salamence|Intimidate|boost
|-unboost|p2a: Great Tusk|atk|1
|move|p2a: Great Tusk|Rapid Spin|p1a: Salamence
|-damage|p1a: Salamence|74/100
|-boost|p2a: Great Tusk|spe|1
|-damage|p2a: Great Tusk|84/100|[from] item: Rocky Helmet|[of] p1a: Salamence
|-sideend|p2: tscher|Stealth Rock|[from] move: Rapid Spin|[of] p2a: Great Tusk
|
|upkeep
|turn|13
|
|t:|1757835330
|move|p2a: Great Tusk|Ice Spinner|p1a: Salamence
|-supereffective|p1a: Salamence
|-crit|p1a: Salamence
|-damage|p1a: Salamence|0 fnt
|-damage|p2a: Great Tusk|68/100|[from] item: Rocky Helmet|[of] p1a: Salamence
|faint|p1a: Salamence
|
|upkeep
|
|t:|1757835353
|switch|p1a: Greedent|Greedent, M|100/100
|turn|14
|inactive|Tidk has 120 seconds left.
|
|t:|1757835369
|-end|p2a: Great Tusk|Protosynthesis|[silent]
|switch|p2a: Scizor|Scizor, F|84/100
|move|p1a: Greedent|Body Slam|p2a: Scizor
|-resisted|p2a: Scizor
|-damage|p2a: Scizor|70/100
|
|upkeep
|turn|15
|
|t:|1757835379
|move|p2a: Scizor|Knock Off|p1a: Greedent
|-damage|p1a: Greedent|74/100
|-enditem|p1a: Greedent|Apicot Berry|[from] move: Knock Off|[of] p2a: Scizor
|move|p1a: Greedent|Body Slam|p2a: Scizor
|-resisted|p2a: Scizor
|-damage|p2a: Scizor|56/100
|
|upkeep
|turn|16
|
|t:|1757835387
|move|p2a: Scizor|U-turn|p1a: Greedent
|-damage|p1a: Greedent|42/100
|
|t:|1757835394
|switch|p2a: Darkrai|Darkrai|100/100|[from] U-turn
|move|p1a: Greedent|Body Slam|p2a: Darkrai
|-damage|p2a: Darkrai|65/100
|-status|p2a: Darkrai|par
|
|upkeep
|turn|17
|
|t:|1757835405
|move|p2a: Darkrai|Focus Blast|p1a: Greedent
|-supereffective|p1a: Greedent
|-damage|p1a: Greedent|0 fnt
|faint|p1a: Greedent
|
|upkeep
|
|t:|1757835414
|switch|p1a: Blaziken|Blaziken, M|100/100
|turn|18
|
|t:|1757835418
|switch|p2a: Kyurem|Kyurem|100/100
|-ability|p2a: Kyurem|Pressure
|move|p1a: Blaziken|Swords Dance|p1a: Blaziken
|-boost|p1a: Blaziken|atk|2
|
|-ability|p1a: Blaziken|Speed Boost|boost
|-boost|p1a: Blaziken|spe|1
|upkeep
|turn|19
|
|t:|1757835436
|-terastallize|p2a: Kyurem|Fairy
|move|p1a: Blaziken|Close Combat|p2a: Kyurem
|-resisted|p2a: Kyurem
|-damage|p2a: Kyurem|25/100
|-unboost|p1a: Blaziken|def|1
|-unboost|p1a: Blaziken|spd|1
|-damage|p1a: Blaziken|91/100|[from] item: Life Orb
|move|p2a: Kyurem|Earth Power|p1a: Blaziken
|-supereffective|p1a: Blaziken
|-damage|p1a: Blaziken|0 fnt
|faint|p1a: Blaziken
|
|upkeep
|-message|Tidk forfeited.
|
|win|tscher
|raw|Tidk's rating: 1202 &rarr; <strong>1178</strong><br />(-24 for losing)
|raw|tscher's rating: 1212 &rarr; <strong>1236</strong><br />(+24 for winning)
|l|☆Tidk
|player|p1|
|l|☆tscher
|player|p2|
