|j|☆iamclouds
|j|☆ALEXXX100407
|t:|1757915873
|gametype|singles
|player|p1|iamclouds|pokemaniac|1109
|player|p2|ALEXXX100407|hugh|1053
|gen|9
|tier|[Gen 9] OU
|rated|
|rule|HP Percentage Mod: HP is shown in percentages
|rule|Endless Battle Clause: Forcing endless battles is banned
|rule|Species Clause: Limit one of each Pokémon
|rule|OHKO Clause: OHKO moves are banned
|rule|Evasion Items Clause: Evasion items are banned
|rule|Evasion Moves Clause: Evasion moves are banned
|rule|Evasion Abilities Clause: Evasion abilities are banned
|rule|Sleep Moves Clause: Sleep-inducing moves are banned
|clearpoke
|poke|p1|Hatterene, F|
|poke|p1|Diancie|
|poke|p1|Kingambit, M|
|poke|p1|Raging Bolt|
|poke|p1|Armarouge, F|
|poke|p1|Sinistcha|
|poke|p2|Ambipom, F|
|poke|p2|Comfey, F|
|poke|p2|Kingambit, M|
|poke|p2|Gliscor, M|
|poke|p2|Eelektross, M|
|poke|p2|Dragonite, F|
|teampreview
|inactive|Battle timer is ON: inactive players will automatically lose when time's up. (requested by ALEXXX100407)
|
|t:|1757915877
|teamsize|p1|6
|teamsize|p2|6
|start
|switch|p1a: slow down|Hatterene, F|100/100
|switch|p2a: Ambipom|Ambipom, F, shiny|100/100
|turn|1
|
|t:|1757915887
|move|p2a: Ambipom|Fake Out|p1a: slow down
|-damage|p1a: slow down|58/100
|-damage|p2a: Ambipom|91/100|[from] item: Life Orb
|cant|p1a: slow down|flinch
|
|upkeep
|turn|2
|
|t:|1757915896
|move|p2a: Ambipom|Gunk Shot|p1a: slow down
|-supereffective|p1a: slow down
|-damage|p1a: slow down|0 fnt
|faint|p1a: slow down
|-damage|p2a: Ambipom|81/100|[from] item: Life Orb
|
|upkeep
|
|t:|1757915902
|switch|p1a: trixie mattel|Diancie|100/100
|-item|p1a: trixie mattel|Air Balloon
|turn|3
|
|t:|1757915906
|move|p2a: Ambipom|Gunk Shot|p1a: trixie mattel
|-damage|p1a: trixie mattel|62/100
|-enditem|p1a: trixie mattel|Air Balloon
|-damage|p2a: Ambipom|71/100|[from] item: Life Orb
|move|p1a: trixie mattel|Trick Room|p1a: trixie mattel
|-fieldstart|move: Trick Room|[of] p1a: trixie mattel
|
|upkeep
|turn|4
|
|t:|1757915919
|move|p1a: trixie mattel|Diamond Storm|p2a: Ambipom
|-damage|p2a: Ambipom|20/100
|move|p2a: Ambipom|U-turn|p1a: trixie mattel
|-resisted|p1a: trixie mattel
|-damage|p1a: trixie mattel|50/100
|-damage|p2a: Ambipom|10/100|[from] item: Life Orb
|
|t:|1757915932
|switch|p2a: Eelektross|Eelektross, M|100/100|[from] U-turn
|
|upkeep
|turn|5
|
|t:|1757915945
|move|p1a: trixie mattel|Diamond Storm|p2a: Eelektross
|-damage|p2a: Eelektross|66/100
|move|p2a: Eelektross|Coil|p2a: Eelektross
|-boost|p2a: Eelektross|atk|1
|-boost|p2a: Eelektross|def|1
|-boost|p2a: Eelektross|accuracy|1
|
|-heal|p2a: Eelektross|72/100|[from] item: Leftovers
|upkeep
|turn|6
|
|t:|1757915956
|move|p1a: trixie mattel|Moonblast|p2a: Eelektross
|-damage|p2a: Eelektross|25/100
|-unboost|p2a: Eelektross|spa|1
|move|p2a: Eelektross|Drain Punch|p1a: trixie mattel
|-damage|p1a: trixie mattel|19/100
|-heal|p2a: Eelektross|40/100|[from] drain|[of] p1a: trixie mattel
|
|-heal|p2a: Eelektross|46/100|[from] item: Leftovers
|upkeep
|turn|7
|
|t:|1757915964
|move|p1a: trixie mattel|Moonblast|p2a: Eelektross
|-damage|p2a: Eelektross|0 fnt
|faint|p2a: Eelektross
|
|-fieldend|move: Trick Room
|upkeep
|
|t:|1757915970
|switch|p2a: Dragonite|Dragonite, F|100/100
|turn|8
|
|t:|1757915977
|move|p2a: Dragonite|Dragon Dance|p2a: Dragonite
|-boost|p2a: Dragonite|atk|1
|-boost|p2a: Dragonite|spe|1
|move|p1a: trixie mattel|Trick Room|p1a: trixie mattel
|-fieldstart|move: Trick Room|[of] p1a: trixie mattel
|
|upkeep
|turn|9
|
|t:|1757915986
|-terastallize|p1a: trixie mattel|Fairy
|move|p1a: trixie mattel|Moonblast|p2a: Dragonite
|-supereffective|p2a: Dragonite
|-damage|p2a: Dragonite|34/100
|-enditem|p2a: Dragonite|Weakness Policy
|-boost|p2a: Dragonite|atk|2|[from] item: Weakness Policy
|-boost|p2a: Dragonite|spa|2|[from] item: Weakness Policy
|move|p2a: Dragonite|Earthquake|p1a: trixie mattel
|-damage|p1a: trixie mattel|0 fnt
|faint|p1a: trixie mattel
|
|upkeep
|
|t:|1757916003
|switch|p1a: BOOM BOOM|Raging Bolt|100/100
|-enditem|p1a: BOOM BOOM|Booster Energy
|-activate|p1a: BOOM BOOM|ability: Protosynthesis|[fromitem]
|-start|p1a: BOOM BOOM|protosynthesisspa
|turn|10
|
|t:|1757916011
|-terastallize|p2a: Dragonite|Ground
|move|p1a: BOOM BOOM|Thunderbolt|p2a: Dragonite
|-immune|p2a: Dragonite
|move|p2a: Dragonite|Dragon Claw|p1a: BOOM BOOM
|-supereffective|p1a: BOOM BOOM
|-damage|p1a: BOOM BOOM|0 fnt
|faint|p1a: BOOM BOOM
|-end|p1a: BOOM BOOM|Protosynthesis|[silent]
|
|upkeep
|
|t:|1757916017
|switch|p1a: tea time|Sinistcha|100/100
|turn|11
|
|t:|1757916022
|move|p1a: tea time|Matcha Gotcha|p2a: Dragonite
|-supereffective|p2a: Dragonite
|-damage|p2a: Dragonite|0 fnt
|faint|p2a: Dragonite
|
|upkeep
|
|t:|1757916037
|switch|p2a: Gliscor|Gliscor, M|100/100
|turn|12
|
|t:|1757916045
|move|p2a: Gliscor|Protect|p2a: Gliscor
|-singleturn|p2a: Gliscor|Protect
|move|p1a: tea time|Strength Sap|p2a: Gliscor
|-activate|p2a: Gliscor|move: Protect
|
|-fieldend|move: Trick Room
|-status|p2a: Gliscor|tox|[from] item: Toxic Orb
|upkeep
|turn|13
|
|t:|1757916051
|move|p2a: Gliscor|Fling|p1a: tea time
|-supereffective|p1a: tea time
|-damage|p1a: tea time|84/100
|-status|p1a: tea time|tox
|-enditem|p2a: Gliscor|Toxic Orb|[from] move: Fling
|move|p1a: tea time|Trick Room|p1a: tea time
|-fieldstart|move: Trick Room|[of] p1a: tea time
|
|-heal|p1a: tea time|90/100 tox|[from] item: Leftovers
|-damage|p1a: tea time|84/100 tox|[from] psn
|upkeep
|turn|14
|
|t:|1757916062
|switch|p2a: Comfey|Comfey, F, shiny|100/100
|move|p1a: tea time|Matcha Gotcha|p2a: Comfey
|-damage|p2a: Comfey|52/100
|-heal|p1a: tea time|100/100 tox|[from] drain|[of] p2a: Comfey
|
|-heal|p2a: Comfey|59/100|[from] item: Leftovers
|-damage|p1a: tea time|88/100 tox|[from] psn
|upkeep
|turn|15
|
|t:|1757916078
|move|p1a: tea time|Matcha Gotcha|p2a: Comfey
|-damage|p2a: Comfey|8/100
|-heal|p1a: tea time|100/100 tox|[from] drain|[of] p2a: Comfey
|move|p2a: Comfey|Calm Mind|p2a: Comfey
|-boost|p2a: Comfey|spa|1
|-boost|p2a: Comfey|spd|1
|
|-heal|p2a: Comfey|14/100|[from] item: Leftovers
|-damage|p1a: tea time|82/100 tox|[from] psn
|upkeep
|turn|16
|
|t:|1757916087
|move|p2a: Comfey|Draining Kiss|p1a: tea time
|-damage|p1a: tea time|45/100 tox
|-heal|p2a: Comfey|54/100|[from] drain|[of] p1a: tea time
|move|p1a: tea time|Matcha Gotcha|p2a: Comfey
|-damage|p2a: Comfey|21/100
|-heal|p1a: tea time|57/100 tox|[from] drain|[of] p2a: Comfey
|-status|p2a: Comfey|brn
|
|-heal|p1a: tea time|63/100 tox|[from] item: Leftovers
|-heal|p2a: Comfey|27/100 brn|[from] item: Leftovers
|-damage|p1a: tea time|38/100 tox|[from] psn
|-damage|p2a: Comfey|21/100 brn|[from] brn
|upkeep
|turn|17
|
|t:|1757916103
|move|p2a: Comfey|Draining Kiss|p1a: tea time
|-damage|p1a: tea time|3/100 tox
|-heal|p2a: Comfey|59/100 brn|[from] drain|[of] p1a: tea time
|move|p1a: tea time|Matcha Gotcha|p2a: Comfey
|-damage|p2a: Comfey|26/100 brn
|-heal|p1a: tea time|14/100 tox|[from] drain|[of] p2a: Comfey
|
|-heal|p1a: tea time|20/100 tox|[from] item: Leftovers
|-heal|p2a: Comfey|32/100 brn|[from] item: Leftovers
|-damage|p1a: tea time|0 fnt|[from] psn
|faint|p1a: tea time
|-damage|p2a: Comfey|26/100 brn|[from] brn
|-fieldend|move: Trick Room
|upkeep
|
|t:|1757916113
|switch|p1a: fire pew pew|Armarouge, F|100/100
|turn|18
|
|t:|1757916123
|move|p2a: Comfey|Draining Kiss|p1a: fire pew pew
|-resisted|p1a: fire pew pew
|-damage|p1a: fire pew pew|82/100
|-heal|p2a: Comfey|47/100 brn|[from] drain|[of] p1a: fire pew pew
|move|p1a: fire pew pew|Trick Room|p1a: fire pew pew
|-fieldstart|move: Trick Room|[of] p1a: fire pew pew
|
|-heal|p2a: Comfey|53/100 brn|[from] item: Leftovers
|-damage|p2a: Comfey|47/100 brn|[from] brn
|upkeep
|turn|19
|
|t:|1757916135
|move|p1a: fire pew pew|Expanding Force|p2a: Comfey
|-damage|p2a: Comfey|2/100 brn
|-damage|p1a: fire pew pew|72/100|[from] item: Life Orb
|move|p2a: Comfey|Leech Seed|p1a: fire pew pew
|-start|p1a: fire pew pew|move: Leech Seed
|
|-heal|p2a: Comfey|8/100 brn|[from] item: Leftovers
|-damage|p1a: fire pew pew|60/100|[from] Leech Seed|[of] p2a: Comfey
|-heal|p2a: Comfey|27/100 brn|[silent]
|-damage|p2a: Comfey|21/100 brn|[from] brn
|upkeep
|turn|20
|
|t:|1757916141
|move|p2a: Comfey|Giga Drain|p1a: fire pew pew
|-resisted|p1a: fire pew pew
|-damage|p1a: fire pew pew|42/100
|-heal|p2a: Comfey|34/100 brn|[from] drain|[of] p1a: fire pew pew
|move|p1a: fire pew pew|Expanding Force|p2a: Comfey
|-damage|p2a: Comfey|0 fnt
|faint|p2a: Comfey
|-damage|p1a: fire pew pew|33/100|[from] item: Life Orb
|
|upkeep
|
|t:|1757916148
|switch|p2a: Ambipom|Ambipom, F, shiny|10/100
|turn|21
|
|t:|1757916155
|move|p2a: Ambipom|Fake Out|p1a: fire pew pew
|-damage|p1a: fire pew pew|0 fnt
|faint|p1a: fire pew pew
|-damage|p2a: Ambipom|0 fnt|[from] item: Life Orb
|faint|p2a: Ambipom
|
|upkeep
|
|t:|1757916163
|switch|p1a: bye bye :3|Kingambit, M|100/100
|switch|p2a: Gliscor|Gliscor, M|100/100 tox
|-activate|p1a: bye bye :3|ability: Supreme Overlord
|-start|p1a: bye bye :3|fallen5|[silent]
|turn|22
|
|t:|1757916171
|move|p1a: bye bye :3|Sucker Punch|p2a: Gliscor
|-damage|p2a: Gliscor|41/100 tox
|move|p2a: Gliscor|Earthquake|p1a: bye bye :3
|-supereffective|p1a: bye bye :3
|-damage|p1a: bye bye :3|37/100
|
|-heal|p2a: Gliscor|53/100 tox|[from] ability: Poison Heal
|-fieldend|move: Trick Room
|upkeep
|turn|23
|
|t:|1757916178
|move|p2a: Gliscor|Protect|p2a: Gliscor
|-singleturn|p2a: Gliscor|Protect
|move|p1a: bye bye :3|Sucker Punch||[still]
|-fail|p1a: bye bye :3
|
|-heal|p2a: Gliscor|66/100 tox|[from] ability: Poison Heal
|upkeep
|turn|24
|
|t:|1757916184
|move|p1a: bye bye :3|Sucker Punch|p2a: Gliscor
|-damage|p2a: Gliscor|9/100 tox
|move|p2a: Gliscor|Earthquake|p1a: bye bye :3
|-supereffective|p1a: bye bye :3
|-damage|p1a: bye bye :3|0 fnt
|faint|p1a: bye bye :3
|-end|p1a: bye bye :3|fallen5|[silent]
|
|win|ALEXXX100407
|raw|iamclouds's rating: 1109 &rarr; <strong>1080</strong><br />(-29 for losing)
|raw|ALEXXX100407's rating: 1053 &rarr; <strong>1090</strong><br />(+37 for winning)
|l|☆ALEXXX100407
|player|p2|
|l|☆iamclouds
|player|p1|
