|j|☆zelda003
|j|☆Kadoooooow
|t:|1757853167
|gametype|singles
|player|p1|zelda003|nate|1320
|player|p2|Kadoooooow|101|1326
|gen|9
|tier|[Gen 9] OU
|rated|
|rule|HP Percentage Mod: HP is shown in percentages
|rule|Endless Battle Clause: Forcing endless battles is banned
|rule|Species Clause: Limit one of each Pokémon
|rule|OHKO Clause: OHKO moves are banned
|rule|Evasion Items Clause: Evasion items are banned
|rule|Evasion Moves Clause: Evasion moves are banned
|rule|Evasion Abilities Clause: Evasion abilities are banned
|rule|Sleep Moves Clause: Sleep-inducing moves are banned
|clearpoke
|poke|p1|Dedenne, F|
|poke|p1|Dragapult, M|
|poke|p1|Rillaboom, M|
|poke|p1|Maushold-Four|
|poke|p1|Hawlucha, M|
|poke|p1|Garganacl, M|
|poke|p2|Raging Bolt|
|poke|p2|Gholdengo|
|poke|p2|Great Tusk|
|poke|p2|Alomomola, M|
|poke|p2|Dragonite, F|
|poke|p2|Garganacl, F|
|teampreview
|inactive|Battle timer is ON: inactive players will automatically lose when time's up. (requested by zelda003)
|
|t:|1757853177
|teamsize|p1|6
|teamsize|p2|6
|start
|switch|p1a: Rillaboom|Rillaboom, M|100/100
|switch|p2a: Garganacl|Garganacl, F|100/100
|-fieldstart|move: Grassy Terrain|[from] ability: Grassy Surge|[of] p1a: Rillaboom
|turn|1
|
|t:|1757853182
|switch|p2a: Raging Bolt|Raging Bolt|100/100
|move|p1a: Rillaboom|Drum Beating|p2a: Raging Bolt
|-resisted|p2a: Raging Bolt
|-damage|p2a: Raging Bolt|75/100
|-unboost|p2a: Raging Bolt|spe|1
|
|-heal|p2a: Raging Bolt|81/100|[from] Grassy Terrain
|upkeep
|turn|2
|
|t:|1757853189
|move|p1a: Rillaboom|High Horsepower|p2a: Raging Bolt
|-supereffective|p2a: Raging Bolt
|-damage|p2a: Raging Bolt|14/100
|move|p2a: Raging Bolt|Draco Meteor|p1a: Rillaboom
|-damage|p1a: Rillaboom|0 fnt
|-unboost|p2a: Raging Bolt|spa|2
|faint|p1a: Rillaboom
|
|-heal|p2a: Raging Bolt|20/100|[from] Grassy Terrain
|upkeep
|
|t:|1757853195
|switch|p1a: Hawlucha|Hawlucha, M|100/100
|-enditem|p1a: Hawlucha|Grassy Seed
|-boost|p1a: Hawlucha|def|1|[from] item: Grassy Seed
|turn|3
|
|t:|1757853201
|-end|p2a: Raging Bolt|Protosynthesis|[silent]
|switch|p2a: Alomomola|Alomomola, M|100/100
|move|p1a: Hawlucha|Drain Punch|p2a: Alomomola
|-damage|p2a: Alomomola|79/100
|
|-heal|p2a: Alomomola|85/100|[from] Grassy Terrain
|upkeep
|turn|4
|
|t:|1757853207
|move|p1a: Hawlucha|Acrobatics|p2a: Alomomola
|-damage|p2a: Alomomola|57/100
|move|p2a: Alomomola|Flip Turn|p1a: Hawlucha
|-damage|p1a: Hawlucha|84/100
|
|t:|1757853215
|switch|p2a: Raging Bolt|Raging Bolt|20/100|[from] Flip Turn
|
|-heal|p2a: Raging Bolt|27/100|[from] Grassy Terrain
|upkeep
|turn|5
|
|t:|1757853219
|move|p2a: Raging Bolt|Thunderclap|p1a: Hawlucha
|-supereffective|p1a: Hawlucha
|-damage|p1a: Hawlucha|0 fnt
|faint|p1a: Hawlucha
|
|-heal|p2a: Raging Bolt|33/100|[from] Grassy Terrain
|-fieldend|move: Grassy Terrain
|upkeep
|
|t:|1757853226
|switch|p1a: Garganacl|Garganacl, M|100/100
|turn|6
|
|t:|1757853229
|-end|p2a: Raging Bolt|Protosynthesis|[silent]
|switch|p2a: Garganacl|Garganacl, F|100/100
|move|p1a: Garganacl|Salt Cure|p2a: Garganacl
|-damage|p2a: Garganacl|91/100
|-start|p2a: Garganacl|Salt Cure
|
|-heal|p2a: Garganacl|97/100|[from] item: Leftovers
|-damage|p2a: Garganacl|85/100|[from] Salt Cure
|upkeep
|turn|7
|
|t:|1757853234
|move|p2a: Garganacl|Stealth Rock|p1a: Garganacl
|-sidestart|p1: zelda003|move: Stealth Rock
|move|p1a: Garganacl|Earthquake|p2a: Garganacl
|-supereffective|p2a: Garganacl
|-damage|p2a: Garganacl|57/100
|
|-heal|p2a: Garganacl|64/100|[from] item: Leftovers
|-damage|p2a: Garganacl|51/100|[from] Salt Cure
|upkeep
|turn|8
|
|t:|1757853240
|switch|p2a: Alomomola|Alomomola, M|90/100
|move|p1a: Garganacl|Salt Cure|p2a: Alomomola
|-damage|p2a: Alomomola|81/100
|-start|p2a: Alomomola|Salt Cure
|
|-damage|p2a: Alomomola|56/100|[from] Salt Cure
|upkeep
|turn|9
|
|t:|1757853245
|move|p1a: Garganacl|Protect|p1a: Garganacl
|-singleturn|p1a: Garganacl|Protect
|move|p2a: Alomomola|Wish|p2a: Alomomola
|
|-damage|p2a: Alomomola|31/100|[from] Salt Cure
|upkeep
|turn|10
|
|t:|1757853251
|move|p2a: Alomomola|Flip Turn|p1a: Garganacl
|-supereffective|p1a: Garganacl
|-damage|p1a: Garganacl|79/100
|
|t:|1757853255
|switch|p2a: Raging Bolt|Raging Bolt|33/100|[from] Flip Turn
|move|p1a: Garganacl|Salt Cure|p2a: Raging Bolt
|-damage|p2a: Raging Bolt|20/100
|-start|p2a: Raging Bolt|Salt Cure
|
|-heal|p2a: Raging Bolt|81/100|[from] move: Wish|[wisher] Alomomola
|-heal|p1a: Garganacl|86/100|[from] item: Leftovers
|-damage|p2a: Raging Bolt|68/100|[from] Salt Cure
|upkeep
|turn|11
|
|t:|1757853267
|move|p2a: Raging Bolt|Draco Meteor|p1a: Garganacl
|-damage|p1a: Garganacl|0 fnt
|-unboost|p2a: Raging Bolt|spa|2
|faint|p1a: Garganacl
|
|-damage|p2a: Raging Bolt|56/100|[from] Salt Cure
|upkeep
|
|t:|1757853279
|switch|p1a: Maushold|Maushold-Four|100/100
|-damage|p1a: Maushold|88/100|[from] Stealth Rock
|turn|12
|
|t:|1757853284
|move|p1a: Maushold|Tidy Up|p1a: Maushold
|-sideend|p1: zelda003|Stealth Rock
|-activate|p1a: Maushold|move: Tidy Up
|-boost|p1a: Maushold|atk|1
|-boost|p1a: Maushold|spe|1
|move|p2a: Raging Bolt|Draco Meteor|p1a: Maushold
|-damage|p1a: Maushold|0 fnt
|-unboost|p2a: Raging Bolt|spa|2
|faint|p1a: Maushold
|
|-damage|p2a: Raging Bolt|44/100|[from] Salt Cure
|upkeep
|
|t:|1757853292
|switch|p1a: Dragapult|Dragapult, M|100/100
|turn|13
|
|t:|1757853296
|-end|p2a: Raging Bolt|Protosynthesis|[silent]
|switch|p2a: Alomomola|Alomomola, M|64/100
|-terastallize|p1a: Dragapult|Steel
|move|p1a: Dragapult|Dragon Dance|p1a: Dragapult
|-boost|p1a: Dragapult|atk|1
|-boost|p1a: Dragapult|spe|1
|
|upkeep
|turn|14
|
|t:|1757853308
|move|p1a: Dragapult|Dragon Darts|p2a: Alomomola
|-damage|p2a: Alomomola|31/100
|-anim|p1a: Dragapult|Dragon Darts|p2a: Alomomola
|-damage|p2a: Alomomola|0 fnt
|faint|p2a: Alomomola
|-damage|p1a: Dragapult|91/100|[from] item: Life Orb
|
|upkeep
|
|t:|1757853320
|switch|p2a: Garganacl|Garganacl, F|51/100
|turn|15
|
|t:|1757853326
|-terastallize|p2a: Garganacl|Fairy
|move|p1a: Dragapult|Dragon Darts|p2a: Garganacl
|-immune|p2a: Garganacl
|move|p2a: Garganacl|Salt Cure|p1a: Dragapult
|-resisted|p1a: Dragapult
|-damage|p1a: Dragapult|82/100
|-start|p1a: Dragapult|Salt Cure
|
|-heal|p2a: Garganacl|57/100|[from] item: Leftovers
|-damage|p1a: Dragapult|57/100|[from] Salt Cure
|upkeep
|turn|16
|
|t:|1757853336
|switch|p1a: Dedenne|Dedenne, F|100/100
|move|p2a: Garganacl|Protect||[still]
|-fail|p2a: Garganacl
|
|-heal|p2a: Garganacl|64/100|[from] item: Leftovers
|upkeep
|turn|17
|
|t:|1757853343
|move|p1a: Dedenne|Thunderbolt|p2a: Garganacl
|-damage|p2a: Garganacl|40/100
|move|p2a: Garganacl|Salt Cure|p1a: Dedenne
|-damage|p1a: Dedenne|74/100
|-start|p1a: Dedenne|Salt Cure
|
|-heal|p2a: Garganacl|46/100|[from] item: Leftovers
|-damage|p1a: Dedenne|62/100|[from] Salt Cure
|upkeep
|turn|18
|
|t:|1757853348
|switch|p1a: Dragapult|Dragapult, M, tera:Steel|57/100
|move|p2a: Garganacl|Protect||[still]
|-fail|p2a: Garganacl
|
|-heal|p2a: Garganacl|52/100|[from] item: Leftovers
|upkeep
|turn|19
|
|t:|1757853355
|move|p1a: Dragapult|Phantom Force||[still]
|-prepare|p1a: Dragapult|Phantom Force
|move|p2a: Garganacl|Salt Cure|p1a: Dragapult|[miss]
|-miss|p2a: Garganacl|p1a: Dragapult
|
|-heal|p2a: Garganacl|58/100|[from] item: Leftovers
|upkeep
|turn|20
|
|t:|1757853358
|move|p1a: Dragapult|Phantom Force|p2a: Garganacl|[from] lockedmove
|-damage|p2a: Garganacl|37/100
|-damage|p1a: Dragapult|47/100|[from] item: Life Orb
|move|p2a: Garganacl|Salt Cure|p1a: Dragapult
|-resisted|p1a: Dragapult
|-damage|p1a: Dragapult|38/100
|-start|p1a: Dragapult|Salt Cure
|
|-heal|p2a: Garganacl|43/100|[from] item: Leftovers
|-damage|p1a: Dragapult|13/100|[from] Salt Cure
|upkeep
|turn|21
|
|t:|1757853375
|move|p1a: Dragapult|Phantom Force||[still]
|-prepare|p1a: Dragapult|Phantom Force
|move|p2a: Garganacl|Recover|p2a: Garganacl
|-heal|p2a: Garganacl|93/100
|
|-heal|p2a: Garganacl|99/100|[from] item: Leftovers
|-damage|p1a: Dragapult|0 fnt|[from] Salt Cure
|faint|p1a: Dragapult
|upkeep
|
|t:|1757853378
|switch|p1a: Dedenne|Dedenne, F|62/100
|turn|22
|
|t:|1757853381
|move|p1a: Dedenne|Thunderbolt|p2a: Garganacl
|-damage|p2a: Garganacl|75/100
|move|p2a: Garganacl|Salt Cure|p1a: Dedenne
|-damage|p1a: Dedenne|37/100
|-start|p1a: Dedenne|Salt Cure
|-enditem|p1a: Dedenne|Sitrus Berry|[eat]
|-heal|p1a: Dedenne|62/100|[from] item: Sitrus Berry
|-heal|p1a: Dedenne|95/100|[from] ability: Cheek Pouch
|
|-heal|p2a: Garganacl|81/100|[from] item: Leftovers
|-damage|p1a: Dedenne|82/100|[from] Salt Cure
|upkeep
|turn|23
|
|t:|1757853387
|move|p1a: Dedenne|Thunderbolt|p2a: Garganacl
|-damage|p2a: Garganacl|57/100
|move|p2a: Garganacl|Salt Cure|p1a: Dedenne
|-damage|p1a: Dedenne|53/100
|
|-heal|p2a: Garganacl|63/100|[from] item: Leftovers
|-damage|p1a: Dedenne|40/100|[from] Salt Cure
|upkeep
|turn|24
|
|t:|1757853397
|move|p2a: Garganacl|Protect|p2a: Garganacl
|-singleturn|p2a: Garganacl|Protect
|move|p1a: Dedenne|Thunderbolt|p2a: Garganacl
|-activate|p2a: Garganacl|move: Protect
|
|-heal|p2a: Garganacl|69/100|[from] item: Leftovers
|-damage|p1a: Dedenne|28/100|[from] Salt Cure
|upkeep
|turn|25
|
|t:|1757853403
|move|p1a: Dedenne|Thunderbolt|p2a: Garganacl
|-damage|p2a: Garganacl|44/100
|move|p2a: Garganacl|Salt Cure|p1a: Dedenne
|-damage|p1a: Dedenne|3/100
|
|-heal|p2a: Garganacl|50/100|[from] item: Leftovers
|-damage|p1a: Dedenne|0 fnt|[from] Salt Cure
|faint|p1a: Dedenne
|
|win|Kadoooooow
|raw|zelda003's rating: 1320 &rarr; <strong>1300</strong><br />(-20 for losing)
|raw|Kadoooooow's rating: 1326 &rarr; <strong>1346</strong><br />(+20 for winning)
|l|☆zelda003
|player|p1|
|l|☆Kadoooooow
|player|p2|
