|j|☆notshwepp
|j|☆ABraviousTinkaton
|t:|1757938697
|gametype|singles
|player|p1|notshwepp|102|1615
|player|p2|ABraviousTinkaton|miku-ice|1615
|gen|9
|tier|[Gen 9] OU
|rated|
|rule|HP Percentage Mod: HP is shown in percentages
|rule|Endless Battle Clause: Forcing endless battles is banned
|rule|Species Clause: Limit one of each Pokémon
|rule|OHKO Clause: OHKO moves are banned
|rule|Evasion Items Clause: Evasion items are banned
|rule|Evasion Moves Clause: Evasion moves are banned
|rule|Evasion Abilities Clause: Evasion abilities are banned
|rule|Sleep Moves Clause: Sleep-inducing moves are banned
|clearpoke
|poke|p1|Iron Treads|
|poke|p1|Rillaboom, F|
|poke|p1|Ogerpon-Cornerstone, F|
|poke|p1|Blaziken, F|
|poke|p1|Pecharunt|
|poke|p1|Raging Bolt|
|poke|p2|Moltres|
|poke|p2|Zamazenta-*|
|poke|p2|Darkrai|
|poke|p2|Hydrapple, M|
|poke|p2|Ting-Lu|
|poke|p2|Tinkaton, F|
|teampreview
|
|t:|1757938723
|teamsize|p1|6
|teamsize|p2|6
|start
|switch|p1a: Blaziken|Blaziken, F|100/100
|switch|p2a: Tinkaton|Tinkaton, F|100/100
|-ability|p2a: Tinkaton|Mold Breaker
|-item|p2a: Tinkaton|Air Balloon
|turn|1
|
|t:|1757938731
|move|p2a: Tinkaton|Thunder Wave|p1a: Blaziken
|-status|p1a: Blaziken|par
|move|p1a: Blaziken|Flare Blitz|p2a: Tinkaton
|-supereffective|p2a: Tinkaton
|-damage|p2a: Tinkaton|0 fnt
|-enditem|p2a: Tinkaton|Air Balloon
|faint|p2a: Tinkaton
|-damage|p1a: Blaziken|60/100 par|[from] Recoil
|-damage|p1a: Blaziken|50/100 par|[from] item: Life Orb
|
|-ability|p1a: Blaziken|Speed Boost|boost
|-boost|p1a: Blaziken|spe|1
|upkeep
|
|t:|1757938737
|switch|p2a: Moltres|Moltres|100/100
|turn|2
|
|t:|1757938746
|move|p2a: Moltres|U-turn|p1a: Blaziken
|-resisted|p1a: Blaziken
|-damage|p1a: Blaziken|44/100 par
|
|t:|1757938755
|switch|p2a: Hydrapple|Hydrapple, M|100/100|[from] U-turn
|cant|p1a: Blaziken|par
|
|-ability|p1a: Blaziken|Speed Boost|boost
|-boost|p1a: Blaziken|spe|1
|upkeep
|turn|3
|
|t:|1757938761
|move|p1a: Blaziken|Flare Blitz|p2a: Hydrapple
|-damage|p2a: Hydrapple|46/100
|-damage|p1a: Blaziken|19/100 par|[from] Recoil
|-damage|p1a: Blaziken|9/100 par|[from] item: Life Orb
|move|p2a: Hydrapple|Earth Power|p1a: Blaziken
|-supereffective|p1a: Blaziken
|-damage|p1a: Blaziken|0 fnt
|faint|p1a: Blaziken
|
|upkeep
|
|t:|1757938770
|switch|p1a: Pecharunt|Pecharunt|100/100
|turn|4
|
|t:|1757938778
|switch|p2a: Ting-Lu|Ting-Lu|100/100
|-ability|p2a: Ting-Lu|Vessel of Ruin
|move|p1a: Pecharunt|Malignant Chain|p2a: Ting-Lu
|-resisted|p2a: Ting-Lu
|-damage|p2a: Ting-Lu|93/100
|-status|p2a: Ting-Lu|tox
|-start|p2a: Ting-Lu|confusion|[from] ability: Poison Puppeteer|[of] p1a: Pecharunt
|
|-heal|p2a: Ting-Lu|99/100 tox|[from] item: Leftovers
|-damage|p2a: Ting-Lu|93/100 tox|[from] psn
|upkeep
|turn|5
|
|t:|1757938784
|move|p1a: Pecharunt|Parting Shot|p2a: Ting-Lu
|-unboost|p2a: Ting-Lu|atk|1
|-unboost|p2a: Ting-Lu|spa|1
|j| Ctannn
|
|t:|1757938787
|switch|p1a: Rillaboom|Rillaboom, F|100/100|[from] Parting Shot
|-fieldstart|move: Grassy Terrain|[from] ability: Grassy Surge|[of] p1a: Rillaboom
|-activate|p2a: Ting-Lu|confusion
|-damage|p2a: Ting-Lu|89/100 tox|[from] confusion
|
|-heal|p2a: Ting-Lu|95/100 tox|[from] Grassy Terrain
|-heal|p2a: Ting-Lu|100/100 tox|[from] item: Leftovers
|-damage|p2a: Ting-Lu|88/100 tox|[from] psn
|upkeep
|turn|6
|j| Lady Silver ...
|
|t:|1757938799
|switch|p1a: Iron Treads|Iron Treads|100/100
|-activate|p2a: Ting-Lu|confusion
|-damage|p2a: Ting-Lu|85/100 tox|[from] confusion
|
|-heal|p2a: Ting-Lu|91/100 tox|[from] Grassy Terrain
|-heal|p2a: Ting-Lu|97/100 tox|[from] item: Leftovers
|-damage|p2a: Ting-Lu|78/100 tox|[from] psn
|upkeep
|turn|7
|
|t:|1757938805
|switch|p2a: Moltres|Moltres|100/100
|move|p1a: Iron Treads|Stomping Tantrum|p2a: Moltres
|-immune|p2a: Moltres
|
|upkeep
|turn|8
|
|t:|1757938808
|move|p1a: Iron Treads|Stone Edge|p2a: Moltres|[miss]
|-miss|p1a: Iron Treads|p2a: Moltres
|move|p2a: Moltres|U-turn|p1a: Iron Treads
|-resisted|p1a: Iron Treads
|-damage|p1a: Iron Treads|95/100
|
|t:|1757938812
|switch|p2a: Darkrai|Darkrai, shiny|100/100|[from] U-turn
|
|-heal|p1a: Iron Treads|100/100|[from] Grassy Terrain
|upkeep
|turn|9
|
|t:|1757938821
|move|p2a: Darkrai|Knock Off|p1a: Iron Treads
|-damage|p1a: Iron Treads|77/100
|-enditem|p1a: Iron Treads|Leftovers|[from] move: Knock Off|[of] p2a: Darkrai
|move|p1a: Iron Treads|Iron Head|p2a: Darkrai
|-damage|p2a: Darkrai|48/100
|
|-heal|p2a: Darkrai|54/100|[from] Grassy Terrain
|-heal|p1a: Iron Treads|83/100|[from] Grassy Terrain
|-fieldend|move: Grassy Terrain
|upkeep
|turn|10
|
|t:|1757938825
|-end|p1a: Iron Treads|Quark Drive|[silent]
|switch|p1a: Rillaboom|Rillaboom, F|100/100
|-fieldstart|move: Grassy Terrain|[from] ability: Grassy Surge|[of] p1a: Rillaboom
|move|p2a: Darkrai|Dark Pulse|p1a: Rillaboom
|-damage|p1a: Rillaboom|42/100
|
|-heal|p2a: Darkrai|60/100|[from] Grassy Terrain
|-heal|p1a: Rillaboom|48/100|[from] Grassy Terrain
|upkeep
|turn|11
|
|t:|1757938830
|switch|p2a: Moltres|Moltres|100/100
|move|p1a: Rillaboom|U-turn|p2a: Moltres
|-resisted|p2a: Moltres
|-damage|p2a: Moltres|94/100
|l| Lady Silver ...
|
|t:|1757938833
|switch|p1a: Ogerpon|Ogerpon-Cornerstone, F|100/100|[from] U-turn
|
|upkeep
|turn|12
|
|t:|1757938837
|switch|p2a: Hydrapple|Hydrapple, M|79/100
|move|p1a: Ogerpon|Ivy Cudgel|p2a: Hydrapple|[anim] Ivy Cudgel Rock
|-damage|p2a: Hydrapple|43/100
|
|-heal|p2a: Hydrapple|49/100|[from] Grassy Terrain
|upkeep
|turn|13
|
|t:|1757938842
|move|p1a: Ogerpon|Swords Dance|p1a: Ogerpon
|-boost|p1a: Ogerpon|atk|2
|move|p2a: Hydrapple|Giga Drain|p1a: Ogerpon
|-damage|p1a: Ogerpon|55/100
|-heal|p2a: Hydrapple|66/100|[from] drain|[of] p1a: Ogerpon
|
|-heal|p1a: Ogerpon|61/100|[from] Grassy Terrain
|-heal|p2a: Hydrapple|72/100|[from] Grassy Terrain
|upkeep
|turn|14
|
|t:|1757938847
|move|p1a: Ogerpon|Ivy Cudgel|p2a: Hydrapple|[anim] Ivy Cudgel Rock
|-damage|p2a: Hydrapple|0 fnt
|faint|p2a: Hydrapple
|
|-heal|p1a: Ogerpon|67/100|[from] Grassy Terrain
|-fieldend|move: Grassy Terrain
|upkeep
|
|t:|1757938849
|switch|p2a: Darkrai|Darkrai, shiny|60/100
|turn|15
|
|t:|1757938860
|switch|p1a: Iron Treads|Iron Treads|83/100
|move|p2a: Darkrai|Ice Beam|p1a: Iron Treads
|-damage|p1a: Iron Treads|33/100
|
|upkeep
|turn|16
|
|t:|1757938865
|move|p2a: Darkrai|Dark Pulse|p1a: Iron Treads
|-damage|p1a: Iron Treads|0 fnt
|faint|p1a: Iron Treads
|-end|p1a: Iron Treads|Quark Drive|[silent]
|
|upkeep
|
|t:|1757938870
|switch|p1a: Rillaboom|Rillaboom, F|48/100
|-fieldstart|move: Grassy Terrain|[from] ability: Grassy Surge|[of] p1a: Rillaboom
|turn|17
|
|t:|1757938874
|move|p2a: Darkrai|Sludge Bomb|p1a: Rillaboom
|-supereffective|p1a: Rillaboom
|-damage|p1a: Rillaboom|0 fnt
|faint|p1a: Rillaboom
|
|-heal|p2a: Darkrai|66/100|[from] Grassy Terrain
|upkeep
|
|t:|1757938879
|switch|p1a: Ogerpon|Ogerpon-Cornerstone, F|67/100
|turn|18
|
|t:|1757938883
|move|p1a: Ogerpon|Grassy Glide|p2a: Darkrai
|-damage|p2a: Darkrai|14/100
|move|p2a: Darkrai|Ice Beam|p1a: Ogerpon
|-supereffective|p1a: Ogerpon
|-damage|p1a: Ogerpon|0 fnt
|faint|p1a: Ogerpon
|
|-heal|p2a: Darkrai|20/100|[from] Grassy Terrain
|upkeep
|
|t:|1757938888
|switch|p1a: Raging Bolt|Raging Bolt|100/100
|turn|19
|
|t:|1757938893
|switch|p2a: Ting-Lu|Ting-Lu|78/100 tox
|-ability|p2a: Ting-Lu|Vessel of Ruin
|move|p1a: Raging Bolt|Thunderclap||[still]
|-fail|p1a: Raging Bolt
|
|-heal|p2a: Ting-Lu|85/100 tox|[from] Grassy Terrain
|-heal|p2a: Ting-Lu|91/100 tox|[from] item: Leftovers
|-damage|p2a: Ting-Lu|85/100 tox|[from] psn
|upkeep
|turn|20
|
|t:|1757938898
|-end|p1a: Raging Bolt|Protosynthesis|[silent]
|switch|p1a: Pecharunt|Pecharunt|100/100
|move|p2a: Ting-Lu|Spikes|p1a: Pecharunt
|-sidestart|p1: notshwepp|Spikes
|
|-heal|p2a: Ting-Lu|91/100 tox|[from] Grassy Terrain
|-heal|p2a: Ting-Lu|97/100 tox|[from] item: Leftovers
|-damage|p2a: Ting-Lu|85/100 tox|[from] psn
|upkeep
|turn|21
|
|t:|1757938905
|move|p1a: Pecharunt|Malignant Chain|p2a: Ting-Lu
|-resisted|p2a: Ting-Lu
|-damage|p2a: Ting-Lu|76/100 tox
|move|p2a: Ting-Lu|Spikes|p1a: Pecharunt
|-sidestart|p1: notshwepp|Spikes
|
|-heal|p2a: Ting-Lu|82/100 tox|[from] Grassy Terrain
|-heal|p2a: Ting-Lu|88/100 tox|[from] item: Leftovers
|-damage|p2a: Ting-Lu|70/100 tox|[from] psn
|-fieldend|move: Grassy Terrain
|upkeep
|turn|22
|
|t:|1757938919
|switch|p2a: Moltres|Moltres|94/100
|move|p1a: Pecharunt|Tera Blast|p2a: Moltres
|-damage|p2a: Moltres|73/100
|
|upkeep
|turn|23
|
|t:|1757938925
|move|p2a: Moltres|Flamethrower|p1a: Pecharunt
|-damage|p1a: Pecharunt|60/100
|-status|p1a: Pecharunt|brn
|move|p1a: Pecharunt|Malignant Chain|p2a: Moltres
|-damage|p2a: Moltres|29/100
|
|-heal|p1a: Pecharunt|66/100 brn|[from] item: Leftovers
|-damage|p1a: Pecharunt|60/100 brn|[from] brn
|upkeep
|turn|24
|
|t:|1757938937
|switch|p1a: Raging Bolt|Raging Bolt|100/100
|-damage|p1a: Raging Bolt|84/100|[from] Spikes
|move|p2a: Moltres|Flamethrower|p1a: Raging Bolt
|-resisted|p1a: Raging Bolt
|-damage|p1a: Raging Bolt|69/100
|
|upkeep
|turn|25
|
|t:|1757938942
|move|p2a: Moltres|U-turn|p1a: Raging Bolt
|-damage|p1a: Raging Bolt|57/100
|
|t:|1757938944
|switch|p2a: Ting-Lu|Ting-Lu|70/100 tox|[from] U-turn
|-ability|p2a: Ting-Lu|Vessel of Ruin
|move|p1a: Raging Bolt|Dragon Pulse|p2a: Ting-Lu
|-damage|p2a: Ting-Lu|47/100 tox
|
|-heal|p2a: Ting-Lu|53/100 tox|[from] item: Leftovers
|-damage|p2a: Ting-Lu|47/100 tox|[from] psn
|upkeep
|turn|26
|
|t:|1757938948
|move|p1a: Raging Bolt|Dragon Pulse|p2a: Ting-Lu
|-crit|p2a: Ting-Lu
|-damage|p2a: Ting-Lu|14/100 tox
|move|p2a: Ting-Lu|Earthquake|p1a: Raging Bolt
|-supereffective|p1a: Raging Bolt
|-damage|p1a: Raging Bolt|1/100
|
|-heal|p2a: Ting-Lu|20/100 tox|[from] item: Leftovers
|-damage|p2a: Ting-Lu|7/100 tox|[from] psn
|upkeep
|turn|27
|
|t:|1757938959
|move|p1a: Raging Bolt|Dragon Pulse|p2a: Ting-Lu
|-damage|p2a: Ting-Lu|0 fnt
|faint|p2a: Ting-Lu
|
|upkeep
|
|t:|1757938961
|switch|p2a: Zamazenta|Zamazenta|100/100
|-ability|p2a: Zamazenta|Dauntless Shield|boost
|-boost|p2a: Zamazenta|def|1
|turn|28
|
|t:|1757938963
|move|p2a: Zamazenta|Crunch|p1a: Raging Bolt
|-damage|p1a: Raging Bolt|0 fnt
|faint|p1a: Raging Bolt
|-end|p1a: Raging Bolt|Protosynthesis|[silent]
|
|upkeep
|
|t:|1757938966
|switch|p1a: Pecharunt|Pecharunt|60/100 brn
|-damage|p1a: Pecharunt|44/100 brn|[from] Spikes
|turn|29
|
|t:|1757938968
|-terastallize|p1a: Pecharunt|Fighting
|move|p2a: Zamazenta|Crunch|p1a: Pecharunt
|-resisted|p1a: Pecharunt
|-damage|p1a: Pecharunt|36/100 brn
|move|p1a: Pecharunt|Recover|p1a: Pecharunt
|-heal|p1a: Pecharunt|86/100 brn
|
|-heal|p1a: Pecharunt|92/100 brn|[from] item: Leftovers
|-damage|p1a: Pecharunt|86/100 brn|[from] brn
|upkeep
|turn|30
|
|t:|1757938973
|move|p2a: Zamazenta|Close Combat|p1a: Pecharunt
|-damage|p1a: Pecharunt|49/100 brn
|-unboost|p2a: Zamazenta|def|1
|-unboost|p2a: Zamazenta|spd|1
|move|p1a: Pecharunt|Malignant Chain|p2a: Zamazenta
|-damage|p2a: Zamazenta|47/100
|-status|p2a: Zamazenta|tox
|-start|p2a: Zamazenta|confusion|[from] ability: Poison Puppeteer|[of] p1a: Pecharunt
|
|-heal|p1a: Pecharunt|56/100 brn|[from] item: Leftovers
|-damage|p2a: Zamazenta|40/100 tox|[from] psn
|-damage|p1a: Pecharunt|49/100 brn|[from] brn
|upkeep
|turn|31
|
|t:|1757938978
|switch|p2a: Moltres|Moltres|29/100
|move|p1a: Pecharunt|Recover|p1a: Pecharunt
|-heal|p1a: Pecharunt|99/100 brn
|
|-heal|p1a: Pecharunt|100/100 brn|[from] item: Leftovers
|-damage|p1a: Pecharunt|94/100 brn|[from] brn
|upkeep
|turn|32
|
|t:|1757938981
|move|p2a: Moltres|Roost|p2a: Moltres
|-heal|p2a: Moltres|79/100
|-singleturn|p2a: Moltres|move: Roost
|move|p1a: Pecharunt|Malignant Chain|p2a: Moltres
|-damage|p2a: Moltres|40/100
|-status|p2a: Moltres|tox
|-start|p2a: Moltres|confusion|[from] ability: Poison Puppeteer|[of] p1a: Pecharunt
|
|-heal|p1a: Pecharunt|100/100 brn|[from] item: Leftovers
|-damage|p2a: Moltres|34/100 tox|[from] psn
|-damage|p1a: Pecharunt|94/100 brn|[from] brn
|upkeep
|turn|33
|
|t:|1757938986
|switch|p2a: Zamazenta|Zamazenta|40/100 tox
|move|p1a: Pecharunt|Parting Shot|p2a: Zamazenta
|-unboost|p2a: Zamazenta|atk|1
|-unboost|p2a: Zamazenta|spa|1
|
|-heal|p1a: Pecharunt|100/100 brn|[from] item: Leftovers
|-damage|p2a: Zamazenta|34/100 tox|[from] psn
|-damage|p1a: Pecharunt|94/100 brn|[from] brn
|upkeep
|turn|34
|
|t:|1757938993
|move|p2a: Zamazenta|Close Combat|p1a: Pecharunt
|-damage|p1a: Pecharunt|74/100 brn
|-unboost|p2a: Zamazenta|def|1
|-unboost|p2a: Zamazenta|spd|1
|move|p1a: Pecharunt|Recover|p1a: Pecharunt
|-heal|p1a: Pecharunt|100/100 brn
|
|-damage|p2a: Zamazenta|22/100 tox|[from] psn
|-damage|p1a: Pecharunt|94/100 brn|[from] brn
|upkeep
|turn|35
|
|t:|1757938997
|move|p2a: Zamazenta|Close Combat|p1a: Pecharunt
|-damage|p1a: Pecharunt|71/100 brn
|-unboost|p2a: Zamazenta|def|1
|-unboost|p2a: Zamazenta|spd|1
|move|p1a: Pecharunt|Tera Blast|p2a: Zamazenta|[anim] Tera Blast Fighting
|-damage|p2a: Zamazenta|0 fnt
|faint|p2a: Zamazenta
|
|-heal|p1a: Pecharunt|77/100 brn|[from] item: Leftovers
|-damage|p1a: Pecharunt|71/100 brn|[from] brn
|upkeep
|
|t:|1757938999
|switch|p2a: Moltres|Moltres|34/100 tox
|turn|36
|
|t:|1757939002
|move|p2a: Moltres|Flamethrower|p1a: Pecharunt
|-damage|p1a: Pecharunt|35/100 brn
|move|p1a: Pecharunt|Recover|p1a: Pecharunt
|-heal|p1a: Pecharunt|85/100 brn
|
|-heal|p1a: Pecharunt|91/100 brn|[from] item: Leftovers
|-damage|p2a: Moltres|28/100 tox|[from] psn
|-damage|p1a: Pecharunt|85/100 brn|[from] brn
|upkeep
|turn|37
|
|t:|1757939006
|move|p2a: Moltres|Roost|p2a: Moltres
|-heal|p2a: Moltres|78/100 tox
|-singleturn|p2a: Moltres|move: Roost
|move|p1a: Pecharunt|Recover|p1a: Pecharunt
|-heal|p1a: Pecharunt|100/100 brn
|
|-damage|p2a: Moltres|66/100 tox|[from] psn
|-damage|p1a: Pecharunt|94/100 brn|[from] brn
|upkeep
|turn|38
|
|t:|1757939010
|move|p2a: Moltres|Flamethrower|p1a: Pecharunt
|-damage|p1a: Pecharunt|51/100 brn
|move|p1a: Pecharunt|Parting Shot|p2a: Moltres
|-unboost|p2a: Moltres|atk|1
|-unboost|p2a: Moltres|spa|1
|
|-heal|p1a: Pecharunt|57/100 brn|[from] item: Leftovers
|-damage|p2a: Moltres|48/100 tox|[from] psn
|-damage|p1a: Pecharunt|51/100 brn|[from] brn
|upkeep
|turn|39
|
|t:|1757939014
|move|p2a: Moltres|U-turn|p1a: Pecharunt
|-resisted|p1a: Pecharunt
|-damage|p1a: Pecharunt|49/100 brn
|
|t:|1757939015
|switch|p2a: Darkrai|Darkrai, shiny|20/100|[from] U-turn
|move|p1a: Pecharunt|Recover|p1a: Pecharunt
|-heal|p1a: Pecharunt|99/100 brn
|
|-heal|p1a: Pecharunt|100/100 brn|[from] item: Leftovers
|-damage|p1a: Pecharunt|94/100 brn|[from] brn
|upkeep
|turn|40
|
|t:|1757939022
|-terastallize|p2a: Darkrai|Poison
|move|p2a: Darkrai|Sludge Bomb|p1a: Pecharunt
|-damage|p1a: Pecharunt|44/100 brn
|move|p1a: Pecharunt|Tera Blast|p2a: Darkrai|[anim] Tera Blast Fighting
|-resisted|p2a: Darkrai
|-damage|p2a: Darkrai|0 fnt
|faint|p2a: Darkrai
|
|-heal|p1a: Pecharunt|50/100 brn|[from] item: Leftovers
|-damage|p1a: Pecharunt|44/100 brn|[from] brn
|upkeep
|
|t:|1757939024
|switch|p2a: Moltres|Moltres|48/100 tox
|turn|41
|
|t:|1757939030
|move|p2a: Moltres|Flamethrower|p1a: Pecharunt
|-damage|p1a: Pecharunt|2/100 brn
|move|p1a: Pecharunt|Recover|p1a: Pecharunt
|-heal|p1a: Pecharunt|52/100 brn
|
|-heal|p1a: Pecharunt|58/100 brn|[from] item: Leftovers
|-damage|p2a: Moltres|42/100 tox|[from] psn
|-damage|p1a: Pecharunt|52/100 brn|[from] brn
|upkeep
|turn|42
|
|t:|1757939035
|move|p2a: Moltres|Flamethrower|p1a: Pecharunt
|-damage|p1a: Pecharunt|10/100 brn
|move|p1a: Pecharunt|Recover|p1a: Pecharunt
|-heal|p1a: Pecharunt|60/100 brn
|
|-heal|p1a: Pecharunt|66/100 brn|[from] item: Leftovers
|-damage|p2a: Moltres|30/100 tox|[from] psn
|-damage|p1a: Pecharunt|60/100 brn|[from] brn
|upkeep
|turn|43
|
|t:|1757939038
|move|p2a: Moltres|Roost|p2a: Moltres
|-heal|p2a: Moltres|80/100 tox
|-singleturn|p2a: Moltres|move: Roost
|move|p1a: Pecharunt|Malignant Chain|p2a: Moltres
|-damage|p2a: Moltres|35/100 tox
|
|-heal|p1a: Pecharunt|66/100 brn|[from] item: Leftovers
|-damage|p2a: Moltres|17/100 tox|[from] psn
|-damage|p1a: Pecharunt|60/100 brn|[from] brn
|upkeep
|turn|44
|-message|ABraviousTinkaton forfeited.
|
|win|notshwepp
|raw|notshwepp's rating: 1615 &rarr; <strong>1637</strong><br />(+22 for winning)
|raw|ABraviousTinkaton's rating: 1643 &rarr; <strong>1621</strong><br />(-22 for losing)
|l|☆ABraviousTinkaton
|player|p2|
|l|☆notshwepp
|player|p1|
