|j|☆vdfgdfgnfg
|j|☆Sergio07ja
|t:|1757837330
|gametype|singles
|player|p1|vdfgdfgnfg|102|1107
|player|p2|Sergio07ja|170|1148
|gen|9
|tier|[Gen 9] OU
|rated|
|rule|HP Percentage Mod: HP is shown in percentages
|rule|Endless Battle Clause: Forcing endless battles is banned
|rule|Species Clause: Limit one of each Pokémon
|rule|OHKO Clause: OHKO moves are banned
|rule|Evasion Items Clause: Evasion items are banned
|rule|Evasion Moves Clause: Evasion moves are banned
|rule|Evasion Abilities Clause: Evasion abilities are banned
|rule|Sleep Moves Clause: Sleep-inducing moves are banned
|clearpoke
|poke|p1|Metagross|
|poke|p1|Hatterene, F|
|poke|p1|Iron Hands|
|poke|p1|Toedscruel, F|
|poke|p1|Pelipper, F|
|poke|p1|Ursaluna, F|
|poke|p2|Dragapult, M|
|poke|p2|Toxapex, M|
|poke|p2|Corviknight, M|
|poke|p2|Iron Valiant|
|poke|p2|Garchomp, M|
|poke|p2|Heatran, M|
|teampreview
|
|t:|1757837337
|teamsize|p1|6
|teamsize|p2|6
|start
|switch|p1a: Iron Hands|Iron Hands|100/100
|switch|p2a: Heatran|Heatran, M|100/100
|-item|p2a: Heatran|Air Balloon
|turn|1
|inactive|Battle timer is ON: inactive players will automatically lose when time's up. (requested by vdfgdfgnfg)
|
|t:|1757837349
|move|p2a: Heatran|Flamethrower|p1a: Iron Hands
|-damage|p1a: Iron Hands|64/100
|move|p1a: Iron Hands|Close Combat|p2a: Heatran
|-supereffective|p2a: Heatran
|-damage|p2a: Heatran|0 fnt
|-unboost|p1a: Iron Hands|def|1
|-unboost|p1a: Iron Hands|spd|1
|-enditem|p2a: Heatran|Air Balloon
|faint|p2a: Heatran
|
|upkeep
|
|t:|1757837366
|switch|p2a: Iron Valiant|Iron Valiant|100/100
|-enditem|p2a: Iron Valiant|Booster Energy
|-activate|p2a: Iron Valiant|ability: Quark Drive|[fromitem]
|-start|p2a: Iron Valiant|quarkdrivespe
|turn|2
|
|t:|1757837373
|-end|p1a: Iron Hands|Quark Drive|[silent]
|switch|p1a: Toedscruel|Toedscruel, F|100/100
|move|p2a: Iron Valiant|Close Combat|p1a: Toedscruel
|-damage|p1a: Toedscruel|13/100
|-unboost|p2a: Iron Valiant|def|1
|-unboost|p2a: Iron Valiant|spd|1
|
|-heal|p1a: Toedscruel|19/100|[from] item: Leftovers
|upkeep
|turn|3
|
|t:|1757837384
|switch|p1a: Hatterene|Hatterene, F|100/100
|move|p2a: Iron Valiant|Knock Off|p1a: Hatterene
|-damage|p1a: Hatterene|73/100
|-enditem|p1a: Hatterene|Leftovers|[from] move: Knock Off|[of] p2a: Iron Valiant
|
|upkeep
|turn|4
|
|t:|1757837392
|move|p2a: Iron Valiant|Moonblast|p1a: Hatterene
|-damage|p1a: Hatterene|31/100
|move|p1a: Hatterene|Trick Room|p1a: Hatterene
|-fieldstart|move: Trick Room|[of] p1a: Hatterene
|
|upkeep
|turn|5
|
|t:|1757837398
|move|p1a: Hatterene|Draining Kiss|p2a: Iron Valiant
|-supereffective|p2a: Iron Valiant
|-damage|p2a: Iron Valiant|0 fnt
|-heal|p1a: Hatterene|99/100|[from] drain|[of] p2a: Iron Valiant
|faint|p2a: Iron Valiant
|-end|p2a: Iron Valiant|Quark Drive|[silent]
|
|upkeep
|
|t:|1757837414
|switch|p2a: Corviknight|Corviknight, M|100/100
|turn|6
|
|t:|1757837423
|switch|p1a: Ursaluna|Ursaluna, F|100/100
|move|p2a: Corviknight|Iron Defense|p2a: Corviknight
|-boost|p2a: Corviknight|def|2
|
|-status|p1a: Ursaluna|brn|[from] item: Flame Orb
|upkeep
|turn|7
|
|t:|1757837439
|move|p1a: Ursaluna|Swords Dance|p1a: Ursaluna
|-boost|p1a: Ursaluna|atk|2
|move|p2a: Corviknight|Double-Edge|p1a: Ursaluna
|-damage|p1a: Ursaluna|81/100 brn
|-damage|p2a: Corviknight|93/100|[from] Recoil
|
|-heal|p2a: Corviknight|99/100|[from] item: Leftovers
|-damage|p1a: Ursaluna|75/100 brn|[from] brn
|upkeep
|turn|8
|
|t:|1757837450
|move|p1a: Ursaluna|Fire Punch|p2a: Corviknight
|-supereffective|p2a: Corviknight
|-damage|p2a: Corviknight|36/100
|move|p2a: Corviknight|Body Press|p1a: Ursaluna
|-supereffective|p1a: Ursaluna
|-damage|p1a: Ursaluna|10/100 brn
|
|-heal|p2a: Corviknight|42/100|[from] item: Leftovers
|-damage|p1a: Ursaluna|4/100 brn|[from] brn
|-fieldend|move: Trick Room
|upkeep
|turn|9
|
|t:|1757837462
|move|p2a: Corviknight|Roost|p2a: Corviknight
|-heal|p2a: Corviknight|92/100
|-singleturn|p2a: Corviknight|move: Roost
|move|p1a: Ursaluna|Headlong Rush|p2a: Corviknight
|-supereffective|p2a: Corviknight
|-damage|p2a: Corviknight|0 fnt
|-unboost|p1a: Ursaluna|def|1
|-unboost|p1a: Ursaluna|spd|1
|faint|p2a: Corviknight
|
|-damage|p1a: Ursaluna|0 fnt|[from] brn
|faint|p1a: Ursaluna
|upkeep
|
|t:|1757837480
|switch|p2a: Dragapult|Dragapult, M|100/100
|switch|p1a: Pelipper|Pelipper, F|100/100
|-weather|RainDance|[from] ability: Drizzle|[of] p1a: Pelipper
|turn|10
|
|t:|1757837490
|switch|p1a: Toedscruel|Toedscruel, F|19/100
|move|p2a: Dragapult|U-turn|p1a: Toedscruel
|-supereffective|p1a: Toedscruel
|-damage|p1a: Toedscruel|0 fnt
|faint|p1a: Toedscruel
|-damage|p2a: Dragapult|91/100|[from] item: Life Orb
|
|t:|1757837498
|switch|p2a: Garchomp|Garchomp, M|100/100|[from] U-turn
|
|-weather|RainDance|[upkeep]
|upkeep
|
|t:|1757837509
|switch|p1a: Pelipper|Pelipper, F|100/100
|turn|11
|
|t:|1757837518
|move|p2a: Garchomp|Swords Dance|p2a: Garchomp
|-boost|p2a: Garchomp|atk|2
|move|p1a: Pelipper|Weather Ball|p2a: Garchomp
|-damage|p2a: Garchomp|12/100
|
|-weather|RainDance|[upkeep]
|upkeep
|turn|12
|
|t:|1757837527
|switch|p1a: Hatterene|Hatterene, F|99/100
|move|p2a: Garchomp|Dragon Claw|p1a: Hatterene
|-immune|p1a: Hatterene
|
|-weather|RainDance|[upkeep]
|upkeep
|turn|13
|
|t:|1757837543
|move|p2a: Garchomp|Fire Fang|p1a: Hatterene
|-damage|p1a: Hatterene|80/100
|move|p1a: Hatterene|Trick Room|p1a: Hatterene
|-fieldstart|move: Trick Room|[of] p1a: Hatterene
|
|-weather|RainDance|[upkeep]
|upkeep
|turn|14
|
|t:|1757837550
|move|p1a: Hatterene|Psychic|p2a: Garchomp
|-damage|p2a: Garchomp|0 fnt
|faint|p2a: Garchomp
|
|-weather|none
|upkeep
|
|t:|1757837556
|switch|p2a: Toxapex|Toxapex, M|100/100
|turn|15
|
|t:|1757837562
|move|p1a: Hatterene|Psychic|p2a: Toxapex
|-supereffective|p2a: Toxapex
|-damage|p2a: Toxapex|37/100
|move|p2a: Toxapex|Toxic Spikes|p1a: Hatterene
|move|p1a: Hatterene|Toxic Spikes|p2a: Toxapex|[from] ability: Magic Bounce
|-sidestart|p2: Sergio07ja|move: Toxic Spikes
|
|upkeep
|turn|16
|
|t:|1757837570
|move|p1a: Hatterene|Psychic|p2a: Toxapex
|-supereffective|p2a: Toxapex
|-damage|p2a: Toxapex|0 fnt
|faint|p2a: Toxapex
|
|upkeep
|-message|Sergio07ja forfeited.
|
|win|vdfgdfgnfg
|raw|vdfgdfgnfg's rating: 1107 &rarr; <strong>1135</strong><br />(+28 for winning)
|raw|Sergio07ja's rating: 1148 &rarr; <strong>1120</strong><br />(-28 for losing)
|l|☆Sergio07ja
|player|p2|
|l|☆vdfgdfgnfg
|player|p1|
