|j|☆hongbong
|j|☆mirfee
|t:|1757910031
|gametype|singles
|player|p1|hongbong|n|1508
|player|p2|mirfee|maid|1544
|gen|9
|tier|[Gen 9] OU
|rated|
|rule|HP Percentage Mod: HP is shown in percentages
|rule|Endless Battle Clause: Forcing endless battles is banned
|rule|Species Clause: Limit one of each Pokémon
|rule|OHKO Clause: OHKO moves are banned
|rule|Evasion Items Clause: Evasion items are banned
|rule|Evasion Moves Clause: Evasion moves are banned
|rule|Evasion Abilities Clause: Evasion abilities are banned
|rule|Sleep Moves Clause: Sleep-inducing moves are banned
|clearpoke
|poke|p1|Blaziken, F|
|poke|p1|Tentacruel, M|
|poke|p1|Zoroark-Hisui, F|
|poke|p1|Lycanroc-Dusk, M|
|poke|p1|Ogerpon, F|
|poke|p1|Hoopa-Unbound|
|poke|p2|Garganacl, M|
|poke|p2|Ogerpon-Wellspring, F|
|poke|p2|Great Tusk|
|poke|p2|Iron Moth|
|poke|p2|Kingambit, F|
|poke|p2|Raging Bolt|
|teampreview
|j| heatraniac
|l| heatraniac
|j| king of spycrabs
|inactive|Battle timer is ON: inactive players will automatically lose when time's up. (requested by hongbong)
|
|t:|1757910046
|teamsize|p1|6
|teamsize|p2|6
|start
|switch|p1a: Lycanroc|Lycanroc-Dusk, M|100/100
|switch|p2a: Garganacl|Garganacl, M|100/100
|turn|1
|
|t:|1757910059
|move|p1a: Lycanroc|Grass Knot|p2a: Garganacl
|-supereffective|p2a: Garganacl
|-ability|p2a: Garganacl|Sturdy
|-damage|p2a: Garganacl|1/100
|move|p2a: Garganacl|Stealth Rock|p1a: Lycanroc
|-sidestart|p1: hongbong|move: Stealth Rock
|
|upkeep
|turn|2
|-enditem|p2a: Garganacl|Custap Berry|[eat]
|-activate|p2a: Garganacl|item: Custap Berry|[consumed]
|
|t:|1757910064
|move|p2a: Garganacl|Salt Cure|p1a: Lycanroc
|-damage|p1a: Lycanroc|61/100
|-start|p1a: Lycanroc|Salt Cure
|replace|p1a: Zoroark|Zoroark-Hisui, F
|-end|p1a: Zoroark|Illusion
|move|p1a: Zoroark|Grass Knot|p2a: Garganacl
|-supereffective|p2a: Garganacl
|-damage|p2a: Garganacl|0 fnt
|faint|p2a: Garganacl
|
|-damage|p1a: Zoroark|49/100|[from] Salt Cure
|upkeep
|inactive|mirfee has 120 seconds left.
|
|t:|1757910105
|switch|p2a: Iron Moth|Iron Moth|100/100
|-enditem|p2a: Iron Moth|Booster Energy
|-activate|p2a: Iron Moth|ability: Quark Drive|[fromitem]
|-start|p2a: Iron Moth|quarkdrivespe
|turn|3
|
|t:|1757910110
|switch|p1a: Tentacruel|Tentacruel, M|100/100
|-damage|p1a: Tentacruel|88/100|[from] Stealth Rock
|move|p2a: Iron Moth|Fiery Dance|p1a: Tentacruel
|-resisted|p1a: Tentacruel
|-damage|p1a: Tentacruel|78/100
|
|upkeep
|turn|4
|
|t:|1757910123
|move|p2a: Iron Moth|Psychic|p1a: Tentacruel
|-supereffective|p1a: Tentacruel
|-damage|p1a: Tentacruel|48/100
|move|p1a: Tentacruel|Rapid Spin|p2a: Iron Moth
|-damage|p2a: Iron Moth|89/100
|-boost|p1a: Tentacruel|spe|1
|-sideend|p1: hongbong|Stealth Rock|[from] move: Rapid Spin|[of] p1a: Tentacruel
|
|upkeep
|turn|5
|
|t:|1757910131
|move|p2a: Iron Moth|Psychic|p1a: Tentacruel
|-supereffective|p1a: Tentacruel
|-damage|p1a: Tentacruel|20/100
|move|p1a: Tentacruel|Surf|p2a: Iron Moth
|-supereffective|p2a: Iron Moth
|-damage|p2a: Iron Moth|33/100
|
|upkeep
|turn|6
|
|t:|1757910144
|move|p2a: Iron Moth|Psychic|p1a: Tentacruel
|-supereffective|p1a: Tentacruel
|-damage|p1a: Tentacruel|0 fnt
|faint|p1a: Tentacruel
|
|upkeep
|
|t:|1757910154
|switch|p1a: Lycanroc|Lycanroc-Dusk, M|100/100
|turn|7
|
|t:|1757910168
|-end|p2a: Iron Moth|Quark Drive|[silent]
|switch|p2a: Great Tusk|Great Tusk|100/100
|-enditem|p2a: Great Tusk|Booster Energy
|-activate|p2a: Great Tusk|ability: Protosynthesis|[fromitem]
|-start|p2a: Great Tusk|protosynthesisspe
|move|p1a: Lycanroc|Accelerock|p2a: Great Tusk
|-resisted|p2a: Great Tusk
|-damage|p2a: Great Tusk|96/100
|
|upkeep
|turn|8
|
|t:|1757910181
|switch|p1a: Ogerpon|Ogerpon, F|100/100
|move|p2a: Great Tusk|Bulk Up|p2a: Great Tusk
|-boost|p2a: Great Tusk|atk|1
|-boost|p2a: Great Tusk|def|1
|
|upkeep
|turn|9
|
|t:|1757910202
|-terastallize|p1a: Ogerpon|Grass
|detailschange|p1a: Ogerpon|Ogerpon-Teal-Tera, F, tera:Grass
|-ability|p1a: Ogerpon|Embody Aspect (Teal)|boost
|-boost|p1a: Ogerpon|spe|1
|move|p1a: Ogerpon|Ivy Cudgel|p2a: Great Tusk
|-supereffective|p2a: Great Tusk
|-damage|p2a: Great Tusk|8/100
|move|p2a: Great Tusk|Rapid Spin|p1a: Ogerpon
|-damage|p1a: Ogerpon|71/100
|-boost|p2a: Great Tusk|spe|1
|
|upkeep
|turn|10
|
|t:|1757910209
|move|p2a: Great Tusk|Ice Spinner|p1a: Ogerpon
|-supereffective|p1a: Ogerpon
|-damage|p1a: Ogerpon|0 fnt
|faint|p1a: Ogerpon
|detailschange|p1: Ogerpon|Ogerpon, F|[silent]
|
|upkeep
|
|t:|1757910215
|switch|p1a: Lycanroc|Lycanroc-Dusk, M|100/100
|turn|11
|inactive|mirfee has 120 seconds left.
|
|t:|1757910249
|move|p2a: Great Tusk|Headlong Rush|p1a: Lycanroc
|-supereffective|p1a: Lycanroc
|-enditem|p1a: Lycanroc|Focus Sash
|-damage|p1a: Lycanroc|1/100
|-unboost|p2a: Great Tusk|def|1
|-unboost|p2a: Great Tusk|spd|1
|move|p1a: Lycanroc|Close Combat|p2a: Great Tusk
|-crit|p2a: Great Tusk
|-damage|p2a: Great Tusk|0 fnt
|-unboost|p1a: Lycanroc|def|1
|-unboost|p1a: Lycanroc|spd|1
|faint|p2a: Great Tusk
|-end|p2a: Great Tusk|Protosynthesis|[silent]
|
|upkeep
|inactive|mirfee has 120 seconds left.
|
|t:|1757910266
|switch|p2a: Ogerpon|Ogerpon-Wellspring, F|100/100
|turn|12
|
|t:|1757910287
|switch|p1a: Blaziken|Blaziken, F|49/100
|move|p2a: Ogerpon|Trailblaze|p1a: Blaziken
|-damage|p1a: Blaziken|0 fnt
|-boost|p2a: Ogerpon|spe|1
|replace|p1a: Zoroark|Zoroark-Hisui, F
|-end|p1a: Zoroark|Illusion
|faint|p1a: Zoroark
|
|upkeep
|
|t:|1757910295
|switch|p1a: Hoopa|Hoopa-Unbound|100/100
|turn|13
|
|t:|1757910310
|move|p2a: Ogerpon|Swords Dance|p2a: Ogerpon
|-boost|p2a: Ogerpon|atk|2
|move|p1a: Hoopa|Dark Pulse|p2a: Ogerpon
|-crit|p2a: Ogerpon
|-damage|p2a: Ogerpon|12/100
|
|upkeep
|turn|14
|
|t:|1757910315
|move|p2a: Ogerpon|Ivy Cudgel|p1a: Hoopa|[anim] Ivy Cudgel Water
|-damage|p1a: Hoopa|0 fnt
|faint|p1a: Hoopa
|
|upkeep
|
|t:|1757910316
|switch|p1a: Lycanroc|Lycanroc-Dusk, M|1/100
|turn|15
|
|t:|1757910326
|move|p1a: Lycanroc|Accelerock|p2a: Ogerpon
|-damage|p2a: Ogerpon|0 fnt
|faint|p2a: Ogerpon
|
|upkeep
|
|t:|1757910351
|switch|p2a: Raging Bolt|Raging Bolt|100/100
|-enditem|p2a: Raging Bolt|Booster Energy
|-activate|p2a: Raging Bolt|ability: Protosynthesis|[fromitem]
|-start|p2a: Raging Bolt|protosynthesisspa
|turn|16
|
|t:|1757910354
|move|p2a: Raging Bolt|Thunderclap|p1a: Lycanroc
|-damage|p1a: Lycanroc|0 fnt
|faint|p1a: Lycanroc
|
|upkeep
|
|t:|1757910355
|switch|p1a: Blaziken|Blaziken, F|100/100
|turn|17
|
|t:|1757910359
|move|p1a: Blaziken|Knock Off|p2a: Raging Bolt
|-damage|p2a: Raging Bolt|78/100
|move|p2a: Raging Bolt|Thunderbolt|p1a: Blaziken
|-damage|p1a: Blaziken|0 fnt
|faint|p1a: Blaziken
|
|win|mirfee
|raw|hongbong's rating: 1508 &rarr; <strong>1490</strong><br />(-18 for losing)
|raw|mirfee's rating: 1544 &rarr; <strong>1562</strong><br />(+18 for winning)
|l|☆hongbong
|player|p1|
|l|☆mirfee
|player|p2|
