|j|☆raviolikid
|j|☆Mr.X&Y97
|t:|1757813019
|gametype|singles
|player|p1|raviolikid|clair|1635
|player|p2|Mr.X&Y97|ingo|1517
|gen|9
|tier|[Gen 9] OU
|rated|
|rule|HP Percentage Mod: HP is shown in percentages
|rule|Endless Battle Clause: Forcing endless battles is banned
|rule|Species Clause: Limit one of each Pokémon
|rule|OHKO Clause: OHKO moves are banned
|rule|Evasion Items Clause: Evasion items are banned
|rule|Evasion Moves Clause: Evasion moves are banned
|rule|Evasion Abilities Clause: Evasion abilities are banned
|rule|Sleep Moves Clause: Sleep-inducing moves are banned
|clearpoke
|poke|p1|Garchomp, M|
|poke|p1|Iron Treads|
|poke|p1|Primarina, M|
|poke|p1|Pecharunt|
|poke|p1|Meowscarada, F|
|poke|p1|Raging Bolt|
|poke|p2|Samurott-Hisui, M|
|poke|p2|Gholdengo|
|poke|p2|Great Tusk|
|poke|p2|Raging Bolt|
|poke|p2|Dragonite, M|
|poke|p2|Kingambit, F|
|teampreview
|inactive|Battle timer is ON: inactive players will automatically lose when time's up. (requested by Mr.X&Y97)
|inactive|raviolikid also wants the timer to be on.
|
|t:|1757813037
|teamsize|p1|6
|teamsize|p2|6
|start
|switch|p1a: 1000 Doves|Primarina, M|100/100
|switch|p2a: Great Tusk|Great Tusk|100/100
|turn|1
|
|t:|1757813055
|-end|p2a: Great Tusk|Protosynthesis|[silent]
|switch|p2a: Raging Bolt|Raging Bolt|100/100
|-enditem|p2a: Raging Bolt|Booster Energy
|-activate|p2a: Raging Bolt|ability: Protosynthesis|[fromitem]
|-start|p2a: Raging Bolt|protosynthesisspa
|move|p1a: 1000 Doves|Surf|p2a: Raging Bolt
|-resisted|p2a: Raging Bolt
|-damage|p2a: Raging Bolt|75/100
|
|upkeep
|turn|2
|j| Rootliff
|
|t:|1757813062
|switch|p1a: Heavy Metal Lover|Iron Treads|100/100
|move|p2a: Raging Bolt|Thunderbolt|p1a: Heavy Metal Lover
|-immune|p1a: Heavy Metal Lover
|
|upkeep
|turn|3
|
|t:|1757813083
|-end|p2a: Raging Bolt|Protosynthesis|[silent]
|switch|p2a: Dragonite|Dragonite, M|100/100
|move|p1a: Heavy Metal Lover|Ice Spinner|p2a: Dragonite
|-supereffective|p2a: Dragonite
|-damage|p2a: Dragonite|50/100
|
|upkeep
|turn|4
|
|t:|1757813105
|switch|p2a: Samurott|Samurott-Hisui, M|100/100
|move|p1a: Heavy Metal Lover|Ice Spinner|p2a: Samurott
|-resisted|p2a: Samurott
|-damage|p2a: Samurott|87/100
|
|upkeep
|turn|5
|
|t:|1757813109
|-end|p1a: Heavy Metal Lover|Quark Drive|[silent]
|switch|p1a: Monster|Garchomp, M|100/100
|move|p2a: Samurott|Flip Turn|p1a: Monster
|-damage|p1a: Monster|83/100
|-damage|p2a: Samurott|75/100|[from] ability: Rough Skin|[of] p1a: Monster
|-damage|p2a: Samurott|58/100|[from] item: Rocky Helmet|[of] p1a: Monster
|
|t:|1757813112
|switch|p2a: Dragonite|Dragonite, M|50/100|[from] Flip Turn
|
|upkeep
|turn|6
|
|t:|1757813120
|switch|p1a: 1000 Doves|Primarina, M|100/100
|move|p2a: Dragonite|Ice Spinner|p1a: 1000 Doves
|-resisted|p1a: 1000 Doves
|-damage|p1a: 1000 Doves|81/100
|
|upkeep
|turn|7
|
|t:|1757813127
|move|p2a: Dragonite|Extreme Speed|p1a: 1000 Doves
|-damage|p1a: 1000 Doves|37/100
|move|p1a: 1000 Doves|Flip Turn|p2a: Dragonite
|-resisted|p2a: Dragonite
|-damage|p2a: Dragonite|42/100
|
|t:|1757813136
|switch|p1a: Heavy Metal Lover|Iron Treads|100/100|[from] Flip Turn
|
|upkeep
|turn|8
|
|t:|1757813140
|-terastallize|p2a: Dragonite|Normal
|move|p1a: Heavy Metal Lover|Ice Spinner|p2a: Dragonite
|-damage|p2a: Dragonite|20/100
|move|p2a: Dragonite|Earthquake|p1a: Heavy Metal Lover
|-supereffective|p1a: Heavy Metal Lover
|-damage|p1a: Heavy Metal Lover|40/100
|
|upkeep
|turn|9
|
|t:|1757813156
|-end|p1a: Heavy Metal Lover|Quark Drive|[silent]
|switch|p1a: Disease|Pecharunt|100/100
|-item|p1a: Disease|Air Balloon
|switch|p2a: Great Tusk|Great Tusk|100/100
|
|upkeep
|turn|10
|
|t:|1757813167
|move|p1a: Disease|Malignant Chain|p2a: Great Tusk
|-resisted|p2a: Great Tusk
|-damage|p2a: Great Tusk|79/100
|-status|p2a: Great Tusk|tox
|-start|p2a: Great Tusk|confusion|[from] ability: Poison Puppeteer|[of] p1a: Disease
|-activate|p2a: Great Tusk|confusion
|move|p2a: Great Tusk|Knock Off|p1a: Disease
|-supereffective|p1a: Disease
|-damage|p1a: Disease|64/100
|-enditem|p1a: Disease|Air Balloon
|
|-damage|p2a: Great Tusk|73/100 tox|[from] psn
|upkeep
|turn|11
|
|t:|1757813174
|move|p1a: Disease|Parting Shot|p2a: Great Tusk
|-unboost|p2a: Great Tusk|atk|1
|-unboost|p2a: Great Tusk|spa|1
|
|t:|1757813176
|switch|p1a: Monster|Garchomp, M|83/100|[from] Parting Shot
|-end|p2a: Great Tusk|confusion
|move|p2a: Great Tusk|Headlong Rush|p1a: Monster
|-damage|p1a: Monster|60/100
|-unboost|p2a: Great Tusk|def|1
|-unboost|p2a: Great Tusk|spd|1
|-damage|p2a: Great Tusk|60/100 tox|[from] ability: Rough Skin|[of] p1a: Monster
|-damage|p2a: Great Tusk|44/100 tox|[from] item: Rocky Helmet|[of] p1a: Monster
|
|-damage|p2a: Great Tusk|31/100 tox|[from] psn
|upkeep
|turn|12
|
|t:|1757813188
|move|p2a: Great Tusk|Stealth Rock|p1a: Monster
|-sidestart|p1: raviolikid|move: Stealth Rock
|move|p1a: Monster|Spikes|p2a: Great Tusk
|-sidestart|p2: Mr.X&Y97|Spikes
|
|-damage|p2a: Great Tusk|13/100 tox|[from] psn
|upkeep
|turn|13
|
|t:|1757813216
|-end|p2a: Great Tusk|Protosynthesis|[silent]
|switch|p2a: Dragonite|Dragonite, M, tera:Normal|20/100
|move|p1a: Monster|Stealth Rock|p2a: Dragonite
|-sidestart|p2: Mr.X&Y97|move: Stealth Rock
|
|upkeep
|turn|14
|
|t:|1757813230
|move|p2a: Dragonite|Ice Spinner|p1a: Monster
|-supereffective|p1a: Monster
|-damage|p1a: Monster|0 fnt
|-damage|p2a: Dragonite|8/100|[from] ability: Rough Skin|[of] p1a: Monster
|-damage|p2a: Dragonite|0 fnt|[from] item: Rocky Helmet|[of] p1a: Monster
|faint|p1a: Monster
|faint|p2a: Dragonite
|
|upkeep
|inactive|Mr.X&Y97 has 120 seconds left.
|
|t:|1757813257
|switch|p2a: Samurott|Samurott-Hisui, M|58/100
|switch|p1a: Poker Face|Meowscarada, F|100/100
|-damage|p1a: Poker Face|88/100|[from] Stealth Rock
|-damage|p2a: Samurott|46/100|[from] Spikes
|-damage|p2a: Samurott|33/100|[from] Stealth Rock
|turn|15
|
|t:|1757813262
|move|p1a: Poker Face|U-turn|p2a: Samurott
|-start|p1a: Poker Face|typechange|Bug|[from] ability: Protean
|-supereffective|p2a: Samurott
|-damage|p2a: Samurott|0 fnt
|faint|p2a: Samurott
|
|t:|1757813266
|switch|p1a: Heavy Metal Lover|Iron Treads|40/100|[from] U-turn
|
|upkeep
|
|t:|1757813279
|switch|p2a: Gholdengo|Gholdengo|100/100
|-damage|p2a: Gholdengo|94/100|[from] Stealth Rock
|-item|p2a: Gholdengo|Air Balloon
|turn|16
|j| king of spycrabs
|
|t:|1757813293
|-end|p1a: Heavy Metal Lover|Quark Drive|[silent]
|switch|p1a: 1000 Doves|Primarina, M|37/100
|-damage|p1a: 1000 Doves|24/100|[from] Stealth Rock
|move|p2a: Gholdengo|Hex|p1a: 1000 Doves
|-damage|p1a: 1000 Doves|6/100
|
|upkeep
|turn|17
|
|t:|1757813296
|move|p2a: Gholdengo|Hex|p1a: 1000 Doves
|-damage|p1a: 1000 Doves|0 fnt
|faint|p1a: 1000 Doves
|
|upkeep
|
|t:|1757813300
|switch|p1a: Venus|Raging Bolt|100/100
|-damage|p1a: Venus|88/100|[from] Stealth Rock
|turn|18
|
|t:|1757813323
|move|p1a: Venus|Volt Switch|p2a: Gholdengo
|-damage|p2a: Gholdengo|35/100
|-enditem|p2a: Gholdengo|Air Balloon
|
|t:|1757813330
|-end|p1a: Venus|Protosynthesis|[silent]
|switch|p1a: Heavy Metal Lover|Iron Treads|40/100|[from] Volt Switch
|move|p2a: Gholdengo|Hex|p1a: Heavy Metal Lover
|-damage|p1a: Heavy Metal Lover|2/100
|
|upkeep
|turn|19
|
|t:|1757813339
|move|p1a: Heavy Metal Lover|Earthquake|p2a: Gholdengo
|-supereffective|p2a: Gholdengo
|-damage|p2a: Gholdengo|0 fnt
|faint|p2a: Gholdengo
|
|upkeep
|
|t:|1757813348
|switch|p2a: Kingambit|Kingambit, F|100/100
|-damage|p2a: Kingambit|88/100|[from] Spikes
|-damage|p2a: Kingambit|82/100|[from] Stealth Rock
|-activate|p2a: Kingambit|ability: Supreme Overlord
|-start|p2a: Kingambit|fallen3|[silent]
|turn|20
|
|t:|1757813354
|move|p2a: Kingambit|Sucker Punch|p1a: Heavy Metal Lover
|-damage|p1a: Heavy Metal Lover|0 fnt
|faint|p1a: Heavy Metal Lover
|-end|p1a: Heavy Metal Lover|Quark Drive|[silent]
|
|upkeep
|
|t:|1757813384
|switch|p1a: Venus|Raging Bolt|88/100
|-damage|p1a: Venus|76/100|[from] Stealth Rock
|turn|21
|
|t:|1757813386
|-end|p2a: Kingambit|fallen3|[silent]
|switch|p2a: Great Tusk|Great Tusk|13/100 tox
|move|p1a: Venus|Thunderbolt|p2a: Great Tusk
|-immune|p2a: Great Tusk
|
|-damage|p2a: Great Tusk|6/100 tox|[from] psn
|upkeep
|turn|22
|
|t:|1757813402
|-terastallize|p1a: Venus|Flying
|move|p2a: Great Tusk|Headlong Rush|p1a: Venus
|-immune|p1a: Venus
|move|p1a: Venus|Thunderbolt|p2a: Great Tusk
|-immune|p2a: Great Tusk
|
|-damage|p2a: Great Tusk|0 fnt|[from] psn
|faint|p2a: Great Tusk
|-end|p2a: Great Tusk|Protosynthesis|[silent]
|upkeep
|
|t:|1757813409
|switch|p2a: Raging Bolt|Raging Bolt|75/100
|-damage|p2a: Raging Bolt|62/100|[from] Spikes
|-damage|p2a: Raging Bolt|50/100|[from] Stealth Rock
|turn|23
|
|t:|1757813417
|-end|p1a: Venus|Protosynthesis|[silent]
|switch|p1a: Disease|Pecharunt|64/100
|-damage|p1a: Disease|52/100|[from] Stealth Rock
|move|p2a: Raging Bolt|Thunderbolt|p1a: Disease
|-damage|p1a: Disease|0 fnt
|faint|p1a: Disease
|
|upkeep
|
|t:|1757813421
|switch|p1a: Poker Face|Meowscarada, F|88/100
|-damage|p1a: Poker Face|76/100|[from] Stealth Rock
|turn|24
|
|t:|1757813437
|move|p1a: Poker Face|Trick|p2a: Raging Bolt
|-start|p1a: Poker Face|typechange|Psychic|[from] ability: Protean
|-activate|p1a: Poker Face|move: Trick|[of] p2a: Raging Bolt
|-item|p2a: Raging Bolt|Choice Scarf|[from] move: Trick
|-enditem|p1a: Poker Face|Choice Scarf|[silent]|[from] move: Trick
|move|p2a: Raging Bolt|Thunderbolt|p1a: Poker Face
|-damage|p1a: Poker Face|0 fnt
|faint|p1a: Poker Face
|
|upkeep
|
|t:|1757813443
|switch|p1a: Venus|Raging Bolt, tera:Flying|76/100
|-damage|p1a: Venus|51/100|[from] Stealth Rock
|turn|25
|
|t:|1757813449
|move|p2a: Raging Bolt|Thunderbolt|p1a: Venus
|-supereffective|p1a: Venus
|-damage|p1a: Venus|0 fnt
|faint|p1a: Venus
|-end|p1a: Venus|Protosynthesis|[silent]
|
|win|Mr.X&Y97
|raw|raviolikid's rating: 1635 &rarr; <strong>1608</strong><br />(-27 for losing)
|raw|Mr.X&amp;Y97's rating: 1517 &rarr; <strong>1544</strong><br />(+27 for winning)
|l|☆raviolikid
|player|p1|
