|j|☆Kenma likes males
|j|☆skater66
|t:|1757843191
|gametype|singles
|player|p1|Kenma likes males|bugsy|1364
|player|p2|skater66|101|1322
|gen|9
|tier|[Gen 9] OU
|rated|
|rule|HP Percentage Mod: HP is shown in percentages
|rule|Endless Battle Clause: Forcing endless battles is banned
|rule|Species Clause: Limit one of each Pokémon
|rule|OHKO Clause: OHKO moves are banned
|rule|Evasion Items Clause: Evasion items are banned
|rule|Evasion Moves Clause: Evasion moves are banned
|rule|Evasion Abilities Clause: Evasion abilities are banned
|rule|Sleep Moves Clause: Sleep-inducing moves are banned
|clearpoke
|poke|p1|Dragapult, M|
|poke|p1|Zapdos|
|poke|p1|Volcanion|
|poke|p1|Clefable, M|
|poke|p1|Great Tusk|
|poke|p1|Kingambit, F|
|poke|p2|Porygon2|
|poke|p2|Pecharunt|
|poke|p2|Cloyster, M|
|poke|p2|Ditto|
|poke|p2|Samurott-Hisui, F|
|poke|p2|Mew|
|teampreview
|
|t:|1757843207
|teamsize|p1|6
|teamsize|p2|6
|start
|switch|p1a: Zapdos|Zapdos|100/100
|switch|p2a: Mew|Mew|100/100
|turn|1
|
|t:|1757843219
|move|p2a: Mew|Future Sight|p1a: Zapdos
|-start|p2a: Mew|move: Future Sight
|move|p1a: Zapdos|U-turn|p2a: Mew
|-supereffective|p2a: Mew
|-damage|p2a: Mew|76/100
|
|t:|1757843224
|switch|p1a: Dragapult|Dragapult, M|100/100|[from] U-turn
|
|upkeep
|turn|2
|inactive|Battle timer is ON: inactive players will automatically lose when time's up. (requested by skater66)
|
|t:|1757843234
|switch|p2a: Porygon2|Porygon2, shiny|100/100
|-ability|p2a: Porygon2|Download|boost
|-boost|p2a: Porygon2|atk|1
|move|p1a: Dragapult|U-turn|p2a: Porygon2
|-damage|p2a: Porygon2|90/100
|
|t:|1757843243
|switch|p1a: Kingambit|Kingambit, F|100/100|[from] U-turn
|-item|p1a: Kingambit|Air Balloon
|
|upkeep
|turn|3
|
|t:|1757843251
|move|p2a: Porygon2|Discharge|p1a: Kingambit
|-damage|p1a: Kingambit|81/100
|-status|p1a: Kingambit|par
|-enditem|p1a: Kingambit|Air Balloon
|move|p1a: Kingambit|Kowtow Cleave|p2a: Porygon2
|-damage|p2a: Porygon2|57/100
|
|-end|p1a: Kingambit|move: Future Sight
|-immune|p1a: Kingambit
|upkeep
|turn|4
|
|t:|1757843261
|-end|p1a: Kingambit|fallenundefined|[silent]
|switch|p1a: Great Tusk|Great Tusk|100/100
|move|p2a: Porygon2|Recover|p2a: Porygon2
|-heal|p2a: Porygon2|100/100
|
|upkeep
|turn|5
|
|t:|1757843270
|move|p1a: Great Tusk|Knock Off|p2a: Porygon2
|-damage|p2a: Porygon2|79/100
|-enditem|p2a: Porygon2|Eviolite|[from] move: Knock Off|[of] p1a: Great Tusk
|move|p2a: Porygon2|Psychic|p1a: Great Tusk
|-supereffective|p1a: Great Tusk
|-damage|p1a: Great Tusk|39/100
|
|-heal|p1a: Great Tusk|45/100|[from] item: Leftovers
|upkeep
|turn|6
|
|t:|1757843280
|-terastallize|p2a: Porygon2|Ghost
|move|p1a: Great Tusk|Close Combat|p2a: Porygon2
|-immune|p2a: Porygon2
|move|p2a: Porygon2|Ice Beam|p1a: Great Tusk
|-supereffective|p1a: Great Tusk
|-damage|p1a: Great Tusk|0 fnt
|faint|p1a: Great Tusk
|-end|p1a: Great Tusk|Protosynthesis|[silent]
|
|upkeep
|
|t:|1757843285
|switch|p1a: Dragapult|Dragapult, M|100/100
|turn|7
|
|t:|1757843290
|move|p1a: Dragapult|Shadow Ball|p2a: Porygon2
|-supereffective|p2a: Porygon2
|-damage|p2a: Porygon2|5/100
|move|p2a: Porygon2|Ice Beam|p1a: Dragapult
|-supereffective|p1a: Dragapult
|-damage|p1a: Dragapult|42/100
|
|upkeep
|turn|8
|
|t:|1757843297
|move|p1a: Dragapult|Shadow Ball|p2a: Porygon2
|-supereffective|p2a: Porygon2
|-damage|p2a: Porygon2|0 fnt
|faint|p2a: Porygon2
|
|upkeep
|
|t:|1757843308
|switch|p2a: Samurott|Samurott-Hisui, F|100/100
|turn|9
|
|t:|1757843312
|switch|p1a: Zapdos|Zapdos|100/100
|move|p2a: Samurott|Ceaseless Edge|p1a: Zapdos|[miss]
|-miss|p2a: Samurott|p1a: Zapdos
|
|upkeep
|turn|10
|
|t:|1757843320
|move|p2a: Samurott|Ceaseless Edge|p1a: Zapdos
|-damage|p1a: Zapdos|66/100
|-sidestart|p1: Kenma likes males|Spikes
|move|p1a: Zapdos|Discharge|p2a: Samurott
|-supereffective|p2a: Samurott
|-damage|p2a: Samurott|8/100
|
|upkeep
|turn|11
|
|t:|1757843331
|switch|p2a: Ditto|Ditto|100/100
|-transform|p2a: Ditto|p1a: Zapdos|[from] ability: Imposter
|move|p1a: Zapdos|Roost|p1a: Zapdos
|-heal|p1a: Zapdos|100/100
|-singleturn|p1a: Zapdos|move: Roost
|
|upkeep
|turn|12
|
|t:|1757843342
|move|p2a: Ditto|Discharge|p1a: Zapdos
|-damage|p1a: Zapdos|69/100
|move|p1a: Zapdos|Discharge|p2a: Ditto
|-damage|p2a: Ditto|62/100
|
|upkeep
|turn|13
|
|t:|1757843355
|move|p2a: Ditto|Discharge|p1a: Zapdos
|-damage|p1a: Zapdos|36/100
|move|p1a: Zapdos|Discharge|p2a: Ditto
|-damage|p2a: Ditto|22/100
|
|upkeep
|turn|14
|
|t:|1757843361
|move|p2a: Ditto|Discharge|p1a: Zapdos
|-damage|p1a: Zapdos|4/100
|move|p1a: Zapdos|Roost|p1a: Zapdos
|-heal|p1a: Zapdos|54/100
|-singleturn|p1a: Zapdos|move: Roost
|
|upkeep
|turn|15
|
|t:|1757843369
|move|p2a: Ditto|Discharge|p1a: Zapdos
|-damage|p1a: Zapdos|20/100
|move|p1a: Zapdos|Roost|p1a: Zapdos
|-heal|p1a: Zapdos|70/100
|-singleturn|p1a: Zapdos|move: Roost
|
|upkeep
|turn|16
|
|t:|1757843376
|move|p2a: Ditto|Discharge|p1a: Zapdos
|-damage|p1a: Zapdos|38/100
|move|p1a: Zapdos|Roost|p1a: Zapdos
|-heal|p1a: Zapdos|88/100
|-singleturn|p1a: Zapdos|move: Roost
|
|upkeep
|turn|17
|
|t:|1757843383
|switch|p2a: Pecharunt|Pecharunt|100/100
|move|p1a: Zapdos|Discharge|p2a: Pecharunt
|-damage|p2a: Pecharunt|68/100
|-status|p2a: Pecharunt|par
|
|upkeep
|turn|18
|
|t:|1757843390
|move|p1a: Zapdos|U-turn|p2a: Pecharunt
|-resisted|p2a: Pecharunt
|-damage|p2a: Pecharunt|67/100 par
|
|t:|1757843393
|switch|p1a: Kingambit|Kingambit, F|81/100 par|[from] U-turn
|-damage|p1a: Kingambit|69/100 par|[from] Spikes
|-activate|p1a: Kingambit|ability: Supreme Overlord
|-start|p1a: Kingambit|fallen1|[silent]
|move|p2a: Pecharunt|Malignant Chain|p1a: Kingambit
|-immune|p1a: Kingambit
|
|upkeep
|turn|19
|
|t:|1757843401
|move|p2a: Pecharunt|Parting Shot|p1a: Kingambit
|-unboost|p1a: Kingambit|atk|1
|-unboost|p1a: Kingambit|spa|1
|
|t:|1757843406
|switch|p2a: Cloyster|Cloyster, M|100/100|[from] Parting Shot
|move|p1a: Kingambit|Kowtow Cleave|p2a: Cloyster
|-damage|p2a: Cloyster|68/100
|
|upkeep
|turn|20
|
|t:|1757843412
|move|p2a: Cloyster|Shell Smash|p2a: Cloyster
|-unboost|p2a: Cloyster|def|1
|-unboost|p2a: Cloyster|spd|1
|-boost|p2a: Cloyster|atk|2
|-boost|p2a: Cloyster|spa|2
|-boost|p2a: Cloyster|spe|2
|cant|p1a: Kingambit|par
|
|upkeep
|turn|21
|
|t:|1757843420
|-end|p1a: Kingambit|fallen1|[silent]
|switch|p1a: Volcanion|Volcanion|100/100
|-damage|p1a: Volcanion|88/100|[from] Spikes
|move|p2a: Cloyster|Icicle Spear|p1a: Volcanion
|-resisted|p1a: Volcanion
|-damage|p1a: Volcanion|84/100
|-resisted|p1a: Volcanion
|-damage|p1a: Volcanion|79/100
|-resisted|p1a: Volcanion
|-damage|p1a: Volcanion|75/100
|-resisted|p1a: Volcanion
|-damage|p1a: Volcanion|70/100
|-resisted|p1a: Volcanion
|-damage|p1a: Volcanion|66/100
|-hitcount|p1a: Volcanion|5
|
|upkeep
|turn|22
|
|t:|1757843432
|move|p2a: Cloyster|Rock Blast|p1a: Volcanion
|-supereffective|p1a: Volcanion
|-damage|p1a: Volcanion|42/100
|-supereffective|p1a: Volcanion
|-damage|p1a: Volcanion|16/100
|-supereffective|p1a: Volcanion
|-damage|p1a: Volcanion|0 fnt
|faint|p1a: Volcanion
|-hitcount|p1: Volcanion|3
|
|upkeep
|
|t:|1757843440
|switch|p1a: Kingambit|Kingambit, F|69/100 par
|-damage|p1a: Kingambit|56/100 par|[from] Spikes
|-activate|p1a: Kingambit|ability: Supreme Overlord
|-start|p1a: Kingambit|fallen2|[silent]
|turn|23
|
|t:|1757843445
|cant|p1a: Kingambit|par
|move|p2a: Cloyster|Icicle Spear|p1a: Kingambit
|-resisted|p1a: Kingambit
|-damage|p1a: Kingambit|49/100 par
|-resisted|p1a: Kingambit
|-damage|p1a: Kingambit|40/100 par
|-resisted|p1a: Kingambit
|-damage|p1a: Kingambit|31/100 par
|-resisted|p1a: Kingambit
|-damage|p1a: Kingambit|23/100 par
|-resisted|p1a: Kingambit
|-damage|p1a: Kingambit|14/100 par
|-hitcount|p1a: Kingambit|5
|
|upkeep
|turn|24
|
|t:|1757843455
|move|p2a: Cloyster|Ice Shard|p1a: Kingambit
|-resisted|p1a: Kingambit
|-damage|p1a: Kingambit|2/100 par
|move|p1a: Kingambit|Sucker Punch||[still]
|-fail|p1a: Kingambit
|
|upkeep
|turn|25
|
|t:|1757843460
|move|p2a: Cloyster|Ice Shard|p1a: Kingambit
|-resisted|p1a: Kingambit
|-damage|p1a: Kingambit|0 fnt
|faint|p1a: Kingambit
|-end|p1a: Kingambit|fallen2|[silent]
|
|upkeep
|-message|Kenma likes males forfeited.
|
|win|skater66
|raw|Kenma likes males's rating: 1364 &rarr; <strong>1342</strong><br />(-22 for losing)
|raw|skater66's rating: 1322 &rarr; <strong>1344</strong><br />(+22 for winning)
|l|☆Kenma likes males
|player|p1|
|l|☆skater66
|player|p2|
