|j|☆axoubibou
|j|☆KycPzilinG
|t:|1757917953
|gametype|singles
|player|p1|axoubibou|bellelba|1325
|player|p2|KycPzilinG|101|1291
|gen|9
|tier|[Gen 9] OU
|rated|
|rule|HP Percentage Mod: HP is shown in percentages
|rule|Endless Battle Clause: Forcing endless battles is banned
|rule|Species Clause: Limit one of each Pokémon
|rule|OHKO Clause: OHKO moves are banned
|rule|Evasion Items Clause: Evasion items are banned
|rule|Evasion Moves Clause: Evasion moves are banned
|rule|Evasion Abilities Clause: Evasion abilities are banned
|rule|Sleep Moves Clause: Sleep-inducing moves are banned
|clearpoke
|poke|p1|Clodsire, F|
|poke|p1|Dondozo, F|
|poke|p1|Gliscor, F|
|poke|p1|Alomomola, L99, F|
|poke|p1|Corviknight, M|
|poke|p1|Azumarill, F|
|poke|p2|Kleavor, M|
|poke|p2|Brambleghast, M|
|poke|p2|Moltres|
|poke|p2|Mamoswine, F|
|poke|p2|Pecharunt|
|poke|p2|Kingambit, F|
|teampreview
|inactive|Battle timer is ON: inactive players will automatically lose when time's up. (requested by axoubibou)
|inactive|KycPzilinG has 120 seconds left.
|
|t:|1757917985
|teamsize|p1|6
|teamsize|p2|6
|start
|switch|p1a: Cancer|Gliscor, F|100/100
|switch|p2a: Mamoswine|Mamoswine, F|100/100
|turn|1
|
|t:|1757918006
|move|p1a: Cancer|Protect|p1a: Cancer
|-singleturn|p1a: Cancer|Protect
|move|p2a: Mamoswine|Icicle Crash|p1a: Cancer
|-activate|p1a: Cancer|move: Protect
|
|-status|p1a: Cancer|tox|[from] item: Toxic Orb
|upkeep
|turn|2
|
|t:|1757918026
|switch|p1a: Fat fish|Dondozo, F|100/100
|move|p2a: Mamoswine|Icicle Crash|p1a: Fat fish
|-resisted|p1a: Fat fish
|-damage|p1a: Fat fish|91/100
|
|upkeep
|turn|3
|
|t:|1757918050
|switch|p2a: Pecharunt|Pecharunt|100/100
|-item|p2a: Pecharunt|Air Balloon
|move|p1a: Fat fish|Body Press|p2a: Pecharunt
|-immune|p2a: Pecharunt
|
|upkeep
|turn|4
|inactive|KycPzilinG has 120 seconds left.
|
|t:|1757918083
|switch|p1a: Slurp|Corviknight, M, shiny|100/100
|-ability|p1a: Slurp|Pressure
|move|p2a: Pecharunt|Nasty Plot|p2a: Pecharunt
|-boost|p2a: Pecharunt|spa|2
|
|upkeep
|turn|5
|
|t:|1757918088
|move|p2a: Pecharunt|Shadow Ball|p1a: Slurp
|-damage|p1a: Slurp|43/100
|-unboost|p1a: Slurp|spd|1
|move|p1a: Slurp|Substitute|p1a: Slurp
|-start|p1a: Slurp|Substitute
|-damage|p1a: Slurp|19/100
|
|-heal|p1a: Slurp|25/100|[from] item: Leftovers
|upkeep
|turn|6
|
|t:|1757918093
|move|p2a: Pecharunt|Shadow Ball|p1a: Slurp
|-end|p1a: Slurp|Substitute
|move|p1a: Slurp|Roost|p1a: Slurp
|-heal|p1a: Slurp|75/100
|-singleturn|p1a: Slurp|move: Roost
|
|-heal|p1a: Slurp|81/100|[from] item: Leftovers
|upkeep
|turn|7
|
|t:|1757918098
|switch|p1a: Bebou|Clodsire, F|100/100
|move|p2a: Pecharunt|Shadow Ball|p1a: Bebou
|-damage|p1a: Bebou|83/100
|-unboost|p1a: Bebou|spd|1
|
|upkeep
|turn|8
|
|t:|1757918106
|move|p2a: Pecharunt|Shadow Ball|p1a: Bebou
|-damage|p1a: Bebou|56/100
|move|p1a: Bebou|Amnesia|p1a: Bebou
|-boost|p1a: Bebou|spd|2
|
|upkeep
|turn|9
|
|t:|1757918119
|move|p2a: Pecharunt|Shadow Ball|p1a: Bebou
|-damage|p1a: Bebou|44/100
|move|p1a: Bebou|Recover|p1a: Bebou
|-heal|p1a: Bebou|94/100
|
|upkeep
|turn|10
|
|t:|1757918128
|move|p2a: Pecharunt|Shadow Ball|p1a: Bebou
|-damage|p1a: Bebou|81/100
|move|p1a: Bebou|Amnesia|p1a: Bebou
|-boost|p1a: Bebou|spd|2
|
|upkeep
|turn|11
|
|t:|1757918140
|switch|p2a: Mamoswine|Mamoswine, F|100/100
|move|p1a: Bebou|Amnesia|p1a: Bebou
|-boost|p1a: Bebou|spd|2
|
|upkeep
|turn|12
|
|t:|1757918147
|switch|p1a: Slurp|Corviknight, M, shiny|81/100
|-ability|p1a: Slurp|Pressure
|move|p2a: Mamoswine|Earthquake|p1a: Slurp
|-immune|p1a: Slurp
|
|-heal|p1a: Slurp|87/100|[from] item: Leftovers
|upkeep
|turn|13
|
|t:|1757918152
|switch|p2a: Pecharunt|Pecharunt|100/100
|-item|p2a: Pecharunt|Air Balloon
|move|p1a: Slurp|Substitute|p1a: Slurp
|-start|p1a: Slurp|Substitute
|-damage|p1a: Slurp|62/100
|
|-heal|p1a: Slurp|68/100|[from] item: Leftovers
|upkeep
|turn|14
|
|t:|1757918158
|switch|p1a: Cancer|Gliscor, F|100/100 tox
|move|p2a: Pecharunt|Shadow Ball|p1a: Cancer
|-damage|p1a: Cancer|60/100 tox
|
|-heal|p1a: Cancer|72/100 tox|[from] ability: Poison Heal
|upkeep
|turn|15
|
|t:|1757918166
|move|p2a: Pecharunt|Shadow Ball|p1a: Cancer
|-damage|p1a: Cancer|35/100 tox
|move|p1a: Cancer|Knock Off|p2a: Pecharunt
|-supereffective|p2a: Pecharunt
|-damage|p2a: Pecharunt|68/100
|-enditem|p2a: Pecharunt|Air Balloon
|
|-heal|p1a: Cancer|48/100 tox|[from] ability: Poison Heal
|upkeep
|turn|16
|
|t:|1757918174
|move|p1a: Cancer|Protect|p1a: Cancer
|-singleturn|p1a: Cancer|Protect
|move|p2a: Pecharunt|Nasty Plot|p2a: Pecharunt
|-boost|p2a: Pecharunt|spa|2
|
|-heal|p1a: Cancer|60/100 tox|[from] ability: Poison Heal
|upkeep
|turn|17
|
|t:|1757918180
|switch|p1a: Bebou|Clodsire, F|81/100
|move|p2a: Pecharunt|Shadow Ball|p1a: Bebou
|-damage|p1a: Bebou|62/100
|
|upkeep
|turn|18
|
|t:|1757918184
|switch|p2a: Moltres|Moltres|100/100
|move|p1a: Bebou|Recover|p1a: Bebou
|-heal|p1a: Bebou|100/100
|
|upkeep
|turn|19
|
|t:|1757918186
|move|p2a: Moltres|Tailwind|p2a: Moltres
|-sidestart|p2: KycPzilinG|move: Tailwind
|move|p1a: Bebou|Toxic|p2a: Moltres
|-status|p2a: Moltres|tox
|
|-damage|p2a: Moltres|94/100 tox|[from] psn
|upkeep
|turn|20
|
|t:|1757918193
|switch|p1a: Kant|Alomomola, L99, F, shiny|100/100
|move|p2a: Moltres|U-turn|p1a: Kant
|-damage|p1a: Kant|90/100
|
|t:|1757918204
|switch|p2a: Brambleghast|Brambleghast, M, shiny|100/100|[from] U-turn
|-ability|p2a: Brambleghast|Wind Rider|boost
|-boost|p2a: Brambleghast|atk|1
|
|upkeep
|turn|21
|
|t:|1757918210
|move|p2a: Brambleghast|Power Whip|p1a: Kant
|-supereffective|p1a: Kant
|-damage|p1a: Kant|0 fnt
|faint|p1a: Kant
|-damage|p2a: Brambleghast|91/100|[from] item: Life Orb
|
|upkeep
|
|t:|1757918218
|switch|p1a: Cancer|Gliscor, F|60/100 tox
|turn|22
|
|t:|1757918221
|move|p1a: Cancer|Protect|p1a: Cancer
|-singleturn|p1a: Cancer|Protect
|move|p2a: Brambleghast|Poltergeist|p1a: Cancer
|-activate|p1a: Cancer|move: Protect
|
|-heal|p1a: Cancer|73/100 tox|[from] ability: Poison Heal
|-sideend|p2: KycPzilinG|move: Tailwind
|upkeep
|turn|23
|
|t:|1757918229
|move|p2a: Brambleghast|Poltergeist|p1a: Cancer
|-activate|p1a: Cancer|move: Poltergeist|Toxic Orb
|-damage|p1a: Cancer|11/100 tox
|-damage|p2a: Brambleghast|81/100|[from] item: Life Orb
|move|p1a: Cancer|Knock Off|p2a: Brambleghast
|-supereffective|p2a: Brambleghast
|-damage|p2a: Brambleghast|7/100
|-enditem|p2a: Brambleghast|Life Orb|[from] move: Knock Off|[of] p1a: Cancer
|
|-heal|p1a: Cancer|24/100 tox|[from] ability: Poison Heal
|upkeep
|turn|24
|
|t:|1757918243
|move|p1a: Cancer|Protect|p1a: Cancer
|-singleturn|p1a: Cancer|Protect
|move|p2a: Brambleghast|Strength Sap|p1a: Cancer
|-activate|p1a: Cancer|move: Protect
|
|-heal|p1a: Cancer|36/100 tox|[from] ability: Poison Heal
|upkeep
|turn|25
|
|t:|1757918259
|move|p2a: Brambleghast|Strength Sap|p1a: Cancer
|-unboost|p1a: Cancer|atk|1
|-heal|p2a: Brambleghast|97/100
|move|p1a: Cancer|Toxic|p2a: Brambleghast
|-status|p2a: Brambleghast|tox
|
|-damage|p2a: Brambleghast|91/100 tox|[from] psn
|-heal|p1a: Cancer|49/100 tox|[from] ability: Poison Heal
|upkeep
|turn|26
|
|t:|1757918267
|move|p1a: Cancer|Protect|p1a: Cancer
|-singleturn|p1a: Cancer|Protect
|move|p2a: Brambleghast|Poltergeist|p1a: Cancer
|-activate|p1a: Cancer|move: Protect
|
|-damage|p2a: Brambleghast|79/100 tox|[from] psn
|-heal|p1a: Cancer|61/100 tox|[from] ability: Poison Heal
|upkeep
|turn|27
|
|t:|1757918279
|switch|p1a: Golden shower|Azumarill, F, shiny|100/100
|move|p2a: Brambleghast|Poltergeist|p1a: Golden shower
|-activate|p1a: Golden shower|move: Poltergeist|Heavy-Duty Boots
|-damage|p1a: Golden shower|40/100
|
|-damage|p2a: Brambleghast|61/100 tox|[from] psn
|upkeep
|turn|28
|
|t:|1757918302
|switch|p1a: Fat fish|Dondozo, F|91/100
|move|p2a: Brambleghast|Poltergeist|p1a: Fat fish
|-activate|p1a: Fat fish|move: Poltergeist|Heavy-Duty Boots
|-damage|p1a: Fat fish|67/100
|
|-damage|p2a: Brambleghast|38/100 tox|[from] psn
|upkeep
|turn|29
|
|t:|1757918309
|switch|p1a: Golden shower|Azumarill, F, shiny|40/100
|move|p2a: Brambleghast|Power Whip|p1a: Golden shower
|-ability|p1a: Golden shower|Sap Sipper|boost
|-boost|p1a: Golden shower|atk|1
|
|-damage|p2a: Brambleghast|8/100 tox|[from] psn
|upkeep
|turn|30
|
|t:|1757918324
|switch|p1a: Cancer|Gliscor, F|61/100 tox
|move|p2a: Brambleghast|Poltergeist|p1a: Cancer
|-activate|p1a: Cancer|move: Poltergeist|Toxic Orb
|-damage|p1a: Cancer|18/100 tox
|
|-damage|p2a: Brambleghast|0 fnt|[from] psn
|faint|p2a: Brambleghast
|-heal|p1a: Cancer|30/100 tox|[from] ability: Poison Heal
|upkeep
|
|t:|1757918333
|switch|p2a: Kingambit|Kingambit, F|100/100
|-activate|p2a: Kingambit|ability: Supreme Overlord
|-start|p2a: Kingambit|fallen1|[silent]
|turn|31
|
|t:|1757918338
|switch|p1a: Fat fish|Dondozo, F|67/100
|-terastallize|p2a: Kingambit|Dark
|move|p2a: Kingambit|Swords Dance|p2a: Kingambit
|-boost|p2a: Kingambit|atk|2
|
|upkeep
|turn|32
|
|t:|1757918341
|move|p2a: Kingambit|Kowtow Cleave|p1a: Fat fish
|-damage|p1a: Fat fish|32/100
|move|p1a: Fat fish|Body Press|p2a: Kingambit
|-supereffective|p2a: Kingambit
|-damage|p2a: Kingambit|49/100
|
|upkeep
|turn|33
|
|t:|1757918349
|-terastallize|p1a: Fat fish|Fighting
|move|p2a: Kingambit|Kowtow Cleave|p1a: Fat fish
|-resisted|p1a: Fat fish
|-damage|p1a: Fat fish|15/100
|move|p1a: Fat fish|Rest|p1a: Fat fish
|-status|p1a: Fat fish|slp|[from] move: Rest
|-heal|p1a: Fat fish|100/100 slp|[silent]
|
|upkeep
|turn|34
|l|☆KycPzilinG
|inactive|KycPzilinG disconnected and has a minute to reconnect!
|player|p2|
|inactive|KycPzilinG has 30 seconds to reconnect!
|inactive|KycPzilinG has 20 seconds to reconnect!
|inactive|KycPzilinG has 15 seconds to reconnect!
|inactive|KycPzilinG has 10 seconds to reconnect!
|inactive|KycPzilinG has 5 seconds to reconnect!
|-message|KycPzilinG lost due to inactivity.
|
|win|axoubibou
|raw|axoubibou's rating: 1325 &rarr; <strong>1343</strong><br />(+18 for winning)
|raw|KycPzilinG's rating: 1291 &rarr; <strong>1268</strong><br />(-23 for losing)
|l|☆axoubibou
|player|p1|
