|j|☆khaa636
|j|☆Titanosaurus
|t:|1757929640
|gametype|singles
|player|p1|khaa636|101|1271
|player|p2|Titanosaurus|byron|1287
|gen|9
|tier|[Gen 9] OU
|rated|
|rule|HP Percentage Mod: HP is shown in percentages
|rule|Endless Battle Clause: Forcing endless battles is banned
|rule|Species Clause: Limit one of each Pokémon
|rule|OHKO Clause: OHKO moves are banned
|rule|Evasion Items Clause: Evasion items are banned
|rule|Evasion Moves Clause: Evasion moves are banned
|rule|Evasion Abilities Clause: Evasion abilities are banned
|rule|Sleep Moves Clause: Sleep-inducing moves are banned
|clearpoke
|poke|p1|Toxapex, F|
|poke|p1|Meowscarada, F|
|poke|p1|Gholdengo|
|poke|p1|Dragonite, F|
|poke|p1|Garganacl, F|
|poke|p1|Great Tusk|
|poke|p2|Galvantula, F|
|poke|p2|Gholdengo|
|poke|p2|Dunsparce, F|
|poke|p2|Thundurus-Therian, M|
|poke|p2|Kleavor, F|
|poke|p2|Spiritomb, M|
|teampreview
|inactive|Battle timer is ON: inactive players will automatically lose when time's up. (requested by khaa636)
|
|t:|1757929649
|teamsize|p1|6
|teamsize|p2|6
|start
|switch|p1a: Meowscarada|Meowscarada, F|100/100
|switch|p2a: Galvantula|Galvantula, F|100/100
|turn|1
|
|t:|1757929655
|switch|p2a: Spiritomb|Spiritomb, M|100/100
|-ability|p2a: Spiritomb|Pressure
|move|p1a: Meowscarada|U-turn|p2a: Spiritomb
|-start|p1a: Meowscarada|typechange|Bug|[from] ability: Protean
|-damage|p2a: Spiritomb|61/100
|
|t:|1757929663
|switch|p1a: Garganacl|Garganacl, F|100/100|[from] U-turn
|
|-heal|p2a: Spiritomb|67/100|[from] item: Leftovers
|upkeep
|turn|2
|
|t:|1757929668
|move|p2a: Spiritomb|Pain Split|p1a: Garganacl
|-sethp|p1a: Garganacl|80/100|[from] move: Pain Split|[silent]
|-sethp|p2a: Spiritomb|90/100|[from] move: Pain Split
|move|p1a: Garganacl|Salt Cure|p2a: Spiritomb
|-damage|p2a: Spiritomb|79/100
|-start|p2a: Spiritomb|Salt Cure
|
|-heal|p2a: Spiritomb|85/100|[from] item: Leftovers
|-damage|p2a: Spiritomb|73/100|[from] Salt Cure
|upkeep
|turn|3
|
|t:|1757929678
|move|p2a: Spiritomb|Foul Play|p1a: Garganacl
|-damage|p1a: Garganacl|60/100
|-damage|p2a: Spiritomb|56/100|[from] item: Rocky Helmet|[of] p1a: Garganacl
|move|p1a: Garganacl|Substitute|p1a: Garganacl
|-start|p1a: Garganacl|Substitute
|-damage|p1a: Garganacl|35/100
|
|-heal|p2a: Spiritomb|63/100|[from] item: Leftovers
|-damage|p2a: Spiritomb|50/100|[from] Salt Cure
|upkeep
|turn|4
|
|t:|1757929689
|switch|p2a: Kleavor|Kleavor, F|100/100
|move|p1a: Garganacl|Recover|p1a: Garganacl
|-heal|p1a: Garganacl|85/100
|
|upkeep
|turn|5
|
|t:|1757929694
|move|p2a: Kleavor|Close Combat|p1a: Garganacl
|-supereffective|p1a: Garganacl
|-end|p1a: Garganacl|Substitute
|-unboost|p2a: Kleavor|def|1
|-unboost|p2a: Kleavor|spd|1
|move|p1a: Garganacl|Salt Cure|p2a: Kleavor
|-supereffective|p2a: Kleavor
|-damage|p2a: Kleavor|41/100
|-start|p2a: Kleavor|Salt Cure
|
|-damage|p2a: Kleavor|29/100|[from] Salt Cure
|upkeep
|turn|6
|
|t:|1757929704
|switch|p2a: Galvantula|Galvantula, F|100/100
|move|p1a: Garganacl|Substitute|p1a: Garganacl
|-start|p1a: Garganacl|Substitute
|-damage|p1a: Garganacl|60/100
|
|upkeep
|turn|7
|
|t:|1757929709
|move|p2a: Galvantula|Sticky Web|p1a: Garganacl
|-sidestart|p1: khaa636|move: Sticky Web
|move|p1a: Garganacl|Salt Cure|p2a: Galvantula
|-supereffective|p2a: Galvantula
|-damage|p2a: Galvantula|49/100
|-start|p2a: Galvantula|Salt Cure
|
|-damage|p2a: Galvantula|37/100|[from] Salt Cure
|upkeep
|turn|8
|
|t:|1757929716
|move|p2a: Galvantula|Energy Ball|p1a: Garganacl
|-supereffective|p1a: Garganacl
|-end|p1a: Garganacl|Substitute
|move|p1a: Garganacl|Recover|p1a: Garganacl
|-heal|p1a: Garganacl|100/100
|
|-damage|p2a: Galvantula|25/100|[from] Salt Cure
|upkeep
|turn|9
|
|t:|1757929725
|switch|p2a: Kleavor|Kleavor, F|29/100
|move|p1a: Garganacl|Recover||[still]
|-fail|p1a: Garganacl|heal
|
|upkeep
|turn|10
|
|t:|1757929731
|switch|p1a: Gholdengo|Gholdengo|100/100
|-activate|p1a: Gholdengo|move: Sticky Web
|-unboost|p1a: Gholdengo|spe|1
|move|p2a: Kleavor|Close Combat|p1a: Gholdengo
|-immune|p1a: Gholdengo
|
|upkeep
|turn|11
|
|t:|1757929743
|switch|p1a: Great Tusk|Great Tusk|100/100
|move|p2a: Kleavor|Night Slash|p1a: Great Tusk
|-resisted|p1a: Great Tusk
|-damage|p1a: Great Tusk|87/100
|
|upkeep
|turn|12
|
|t:|1757929750
|switch|p2a: Spiritomb|Spiritomb, M|50/100
|-ability|p2a: Spiritomb|Pressure
|move|p1a: Great Tusk|Knock Off|p2a: Spiritomb
|-damage|p2a: Spiritomb|20/100
|-enditem|p2a: Spiritomb|Leftovers|[from] move: Knock Off|[of] p1a: Great Tusk
|
|upkeep
|turn|13
|
|t:|1757929759
|move|p1a: Great Tusk|Headlong Rush|p2a: Spiritomb
|-damage|p2a: Spiritomb|0 fnt
|-unboost|p1a: Great Tusk|def|1
|-unboost|p1a: Great Tusk|spd|1
|faint|p2a: Spiritomb
|
|upkeep
|
|t:|1757929764
|switch|p2a: Gholdengo|Gholdengo|100/100
|turn|14
|
|t:|1757929774
|-end|p1a: Great Tusk|Protosynthesis|[silent]
|switch|p1a: Dragonite|Dragonite, F|100/100
|-terastallize|p2a: Gholdengo|Fairy
|move|p2a: Gholdengo|Dazzling Gleam|p1a: Dragonite
|-supereffective|p1a: Dragonite
|-damage|p1a: Dragonite|57/100
|
|upkeep
|turn|15
|
|t:|1757929783
|move|p2a: Gholdengo|Dazzling Gleam|p1a: Dragonite
|-supereffective|p1a: Dragonite
|-damage|p1a: Dragonite|0 fnt
|faint|p1a: Dragonite
|
|upkeep
|
|t:|1757929791
|switch|p1a: Toxapex|Toxapex, F|100/100
|-activate|p1a: Toxapex|move: Sticky Web
|-unboost|p1a: Toxapex|spe|1
|turn|16
|
|t:|1757929798
|switch|p2a: Kleavor|Kleavor, F|29/100
|move|p1a: Toxapex|Toxic|p2a: Kleavor
|-status|p2a: Kleavor|tox
|
|-damage|p2a: Kleavor|22/100 tox|[from] psn
|upkeep
|turn|17
|
|t:|1757929805
|move|p1a: Toxapex|Baneful Bunker|p1a: Toxapex
|-singleturn|p1a: Toxapex|move: Protect
|move|p2a: Kleavor|Stone Axe|p1a: Toxapex
|-activate|p1a: Toxapex|move: Protect
|
|-damage|p2a: Kleavor|10/100 tox|[from] psn
|upkeep
|turn|18
|
|t:|1757929822
|move|p1a: Toxapex|Baneful Bunker||[still]
|-fail|p1a: Toxapex
|move|p2a: Kleavor|Stone Axe|p1a: Toxapex
|-damage|p1a: Toxapex|60/100
|-sidestart|p1: khaa636|move: Stealth Rock
|
|-heal|p1a: Toxapex|67/100|[from] item: Leftovers
|-damage|p2a: Kleavor|0 fnt|[from] psn
|faint|p2a: Kleavor
|upkeep
|
|t:|1757929828
|switch|p2a: Thundurus|Thundurus-Therian, M|100/100
|turn|19
|
|t:|1757929832
|-terastallize|p1a: Toxapex|Grass
|move|p2a: Thundurus|Psychic|p1a: Toxapex
|-damage|p1a: Toxapex|40/100
|move|p1a: Toxapex|Toxic|p2a: Thundurus
|-status|p2a: Thundurus|tox
|
|-heal|p1a: Toxapex|46/100|[from] item: Leftovers
|-damage|p2a: Thundurus|94/100 tox|[from] psn
|upkeep
|turn|20
|
|t:|1757929841
|switch|p2a: Gholdengo|Gholdengo, tera:Fairy|100/100
|move|p1a: Toxapex|Pain Split|p2a: Gholdengo
|-immune|p2a: Gholdengo|[from] ability: Good as Gold
|
|-heal|p1a: Toxapex|53/100|[from] item: Leftovers
|upkeep
|turn|21
|
|t:|1757929866
|switch|p1a: Garganacl|Garganacl, F|100/100
|-activate|p1a: Garganacl|move: Sticky Web
|-unboost|p1a: Garganacl|spe|1
|-damage|p1a: Garganacl|88/100|[from] Stealth Rock
|move|p2a: Gholdengo|Make It Rain|p1a: Garganacl
|-supereffective|p1a: Garganacl
|-damage|p1a: Garganacl|0 fnt
|-unboost|p2a: Gholdengo|spa|1
|faint|p1a: Garganacl
|
|upkeep
|
|t:|1757929876
|switch|p1a: Great Tusk|Great Tusk|87/100
|turn|22
|
|t:|1757929884
|switch|p2a: Dunsparce|Dunsparce, F|100/100
|move|p1a: Great Tusk|Rapid Spin|p2a: Dunsparce
|-damage|p2a: Dunsparce|86/100
|-boost|p1a: Great Tusk|spe|1
|-sideend|p1: khaa636|Stealth Rock|[from] move: Rapid Spin|[of] p1a: Great Tusk
|-sideend|p1: khaa636|Sticky Web|[from] move: Rapid Spin|[of] p1a: Great Tusk
|
|upkeep
|turn|23
|
|t:|1757929891
|move|p1a: Great Tusk|Knock Off|p2a: Dunsparce
|-damage|p2a: Dunsparce|59/100
|-enditem|p2a: Dunsparce|Eviolite|[from] move: Knock Off|[of] p1a: Great Tusk
|move|p2a: Dunsparce|Glare|p1a: Great Tusk
|-status|p1a: Great Tusk|par
|
|upkeep
|turn|24
|
|t:|1757929898
|move|p1a: Great Tusk|Close Combat|p2a: Dunsparce
|-supereffective|p2a: Dunsparce
|-damage|p2a: Dunsparce|0 fnt
|-unboost|p1a: Great Tusk|def|1
|-unboost|p1a: Great Tusk|spd|1
|faint|p2a: Dunsparce
|
|upkeep
|
|t:|1757929902
|switch|p2a: Gholdengo|Gholdengo, tera:Fairy|100/100
|turn|25
|
|t:|1757929918
|move|p2a: Gholdengo|Hex|p1a: Great Tusk
|-damage|p1a: Great Tusk|0 fnt
|faint|p1a: Great Tusk
|-end|p1a: Great Tusk|Protosynthesis|[silent]
|
|upkeep
|
|t:|1757929922
|switch|p1a: Meowscarada|Meowscarada, F|100/100
|turn|26
|
|t:|1757929939
|switch|p2a: Galvantula|Galvantula, F|25/100
|move|p1a: Meowscarada|U-turn|p2a: Galvantula
|-start|p1a: Meowscarada|typechange|Bug|[from] ability: Protean
|-damage|p2a: Galvantula|0 fnt
|faint|p2a: Galvantula
|
|t:|1757929947
|switch|p1a: Gholdengo|Gholdengo|100/100|[from] U-turn
|
|upkeep
|
|t:|1757929951
|switch|p2a: Thundurus|Thundurus-Therian, M|94/100 tox
|turn|27
|
|t:|1757929958
|move|p2a: Thundurus|Thunderbolt|p1a: Gholdengo
|-damage|p1a: Gholdengo|42/100
|-status|p1a: Gholdengo|par
|move|p1a: Gholdengo|Shadow Ball|p2a: Thundurus
|-damage|p2a: Thundurus|26/100 tox
|
|-heal|p1a: Gholdengo|48/100 par|[from] item: Leftovers
|-damage|p2a: Thundurus|20/100 tox|[from] psn
|upkeep
|turn|28
|
|t:|1757929969
|switch|p2a: Gholdengo|Gholdengo, tera:Fairy|100/100
|switch|p1a: Toxapex|Toxapex, F, tera:Grass|86/100
|
|-heal|p1a: Toxapex|92/100|[from] item: Leftovers
|upkeep
|turn|29
|
|t:|1757929980
|move|p2a: Gholdengo|Hex|p1a: Toxapex
|-damage|p1a: Toxapex|61/100
|move|p1a: Toxapex|Infestation|p2a: Gholdengo
|-resisted|p2a: Gholdengo
|-damage|p2a: Gholdengo|99/100
|-activate|p2a: Gholdengo|move: Infestation|[of] p1a: Toxapex
|
|-heal|p1a: Toxapex|67/100|[from] item: Leftovers
|-damage|p2a: Gholdengo|87/100|[from] move: Infestation|[partiallytrapped]
|upkeep
|turn|30
|
|t:|1757929988
|move|p1a: Toxapex|Baneful Bunker|p1a: Toxapex
|-singleturn|p1a: Toxapex|move: Protect
|move|p2a: Gholdengo|Make It Rain|p1a: Toxapex
|-activate|p1a: Toxapex|move: Protect
|
|-heal|p1a: Toxapex|73/100|[from] item: Leftovers
|-damage|p2a: Gholdengo|75/100|[from] move: Infestation|[partiallytrapped]
|upkeep
|turn|31
|
|t:|1757929998
|move|p1a: Toxapex|Baneful Bunker||[still]
|-fail|p1a: Toxapex
|move|p2a: Gholdengo|Hex|p1a: Toxapex
|-damage|p1a: Toxapex|41/100
|
|-heal|p1a: Toxapex|47/100|[from] item: Leftovers
|-damage|p2a: Gholdengo|62/100|[from] move: Infestation|[partiallytrapped]
|upkeep
|turn|32
|
|t:|1757930005
|move|p1a: Toxapex|Baneful Bunker|p1a: Toxapex
|-singleturn|p1a: Toxapex|move: Protect
|move|p2a: Gholdengo|Recover|p2a: Gholdengo
|-heal|p2a: Gholdengo|100/100
|
|-heal|p1a: Toxapex|53/100|[from] item: Leftovers
|-damage|p2a: Gholdengo|88/100|[from] move: Infestation|[partiallytrapped]
|upkeep
|turn|33
|
|t:|1757930014
|move|p2a: Gholdengo|Make It Rain|p1a: Toxapex
|-damage|p1a: Toxapex|0 fnt
|-unboost|p2a: Gholdengo|spa|1
|faint|p1a: Toxapex
|
|-end|p2a: Gholdengo|Infestation|[partiallytrapped]|[silent]
|upkeep
|
|t:|1757930022
|switch|p1a: Meowscarada|Meowscarada, F|100/100
|turn|34
|
|t:|1757930025
|switch|p2a: Thundurus|Thundurus-Therian, M|20/100 tox
|move|p1a: Meowscarada|Flower Trick|p2a: Thundurus
|-start|p1a: Meowscarada|typechange|Grass|[from] ability: Protean
|-resisted|p2a: Thundurus
|-crit|p2a: Thundurus
|-damage|p2a: Thundurus|0 fnt
|faint|p2a: Thundurus
|
|upkeep
|
|t:|1757930031
|switch|p2a: Gholdengo|Gholdengo, tera:Fairy|88/100
|turn|35
|
|t:|1757930035
|move|p1a: Meowscarada|Flower Trick|p2a: Gholdengo
|-crit|p2a: Gholdengo
|-damage|p2a: Gholdengo|12/100
|move|p2a: Gholdengo|Make It Rain|p1a: Meowscarada
|-damage|p1a: Meowscarada|0 fnt
|-unboost|p2a: Gholdengo|spa|1
|faint|p1a: Meowscarada
|
|upkeep
|
|t:|1757930044
|switch|p1a: Gholdengo|Gholdengo|48/100 par
|turn|36
|
|t:|1757930047
|move|p2a: Gholdengo|Hex|p1a: Gholdengo
|-supereffective|p1a: Gholdengo
|-damage|p1a: Gholdengo|0 fnt
|faint|p1a: Gholdengo
|
|win|Titanosaurus
|raw|khaa636's rating: 1271 &rarr; <strong>1247</strong><br />(-24 for losing)
|raw|Titanosaurus's rating: 1287 &rarr; <strong>1311</strong><br />(+24 for winning)
|c|☆Titanosaurus|GG
|l|☆khaa636
|player|p1|
|l|☆Titanosaurus
|player|p2|
|j| zaybaerman
|c| zaybaerman|crazy fight
|l| zaybaerman
