|j|☆go b3yond
|j|☆giogiovannio
|t:|1757843647
|gametype|singles
|player|p1|go b3yond|bruno|1486
|player|p2|giogiovannio|drayden|1541
|gen|9
|tier|[Gen 9] OU
|rated|
|rule|HP Percentage Mod: HP is shown in percentages
|rule|Endless Battle Clause: Forcing endless battles is banned
|rule|Species Clause: Limit one of each Pokémon
|rule|OHKO Clause: OHKO moves are banned
|rule|Evasion Items Clause: Evasion items are banned
|rule|Evasion Moves Clause: Evasion moves are banned
|rule|Evasion Abilities Clause: Evasion abilities are banned
|rule|Sleep Moves Clause: Sleep-inducing moves are banned
|clearpoke
|poke|p1|Torkoal, M|
|poke|p1|Brute Bonnet|
|poke|p1|Hatterene, F|
|poke|p1|Walking Wake|
|poke|p1|Thundurus-Therian, M|
|poke|p1|Ceruledge, M|
|poke|p2|Dragonite, M|
|poke|p2|Enamorus, F|
|poke|p2|Meowscarada, M|
|poke|p2|Alomomola, F|
|poke|p2|Iron Treads|
|poke|p2|Kingambit, F|
|teampreview
|inactive|Battle timer is ON: inactive players will automatically lose when time's up. (requested by go b3yond)
|inactive|giogiovannio has 120 seconds left.
|
|t:|1757843714
|teamsize|p1|6
|teamsize|p2|6
|start
|switch|p1a: GREAT Bait|Torkoal, M, shiny|100/100
|switch|p2a: Enamorus|Enamorus, F|100/100
|-weather|SunnyDay|[from] ability: Drought|[of] p1a: GREAT Bait
|turn|1
|
|t:|1757843720
|move|p2a: Enamorus|Earth Power|p1a: GREAT Bait
|-supereffective|p1a: GREAT Bait
|-damage|p1a: GREAT Bait|0 fnt
|faint|p1a: GREAT Bait
|
|-weather|SunnyDay|[upkeep]
|upkeep
|
|t:|1757843725
|switch|p1a: Thundurus|Thundurus-Therian, M|100/100
|turn|2
|
|t:|1757843729
|switch|p2a: Iron Treads|Iron Treads|100/100
|-enditem|p2a: Iron Treads|Booster Energy
|-activate|p2a: Iron Treads|ability: Quark Drive|[fromitem]
|-start|p2a: Iron Treads|quarkdrivespe
|move|p1a: Thundurus|Weather Ball|p2a: Iron Treads
|-supereffective|p2a: Iron Treads
|-crit|p2a: Iron Treads
|-damage|p2a: Iron Treads|0 fnt
|faint|p2a: Iron Treads
|-end|p2a: Iron Treads|Quark Drive|[silent]
|
|-weather|SunnyDay|[upkeep]
|upkeep
|
|t:|1757843734
|switch|p2a: Meowscarada|Meowscarada, M|100/100
|turn|3
|
|t:|1757843741
|switch|p1a: Walking Wake|Walking Wake|100/100
|-activate|p1a: Walking Wake|ability: Protosynthesis
|-start|p1a: Walking Wake|protosynthesisspe
|move|p2a: Meowscarada|Power Gem|p1a: Walking Wake
|-start|p2a: Meowscarada|typechange|Rock|[from] ability: Protean
|-damage|p1a: Walking Wake|64/100
|
|-weather|SunnyDay|[upkeep]
|upkeep
|turn|4
|
|t:|1757843748
|switch|p2a: Alomomola|Alomomola, F|100/100
|move|p1a: Walking Wake|Flip Turn|p2a: Alomomola
|-resisted|p2a: Alomomola
|-crit|p2a: Alomomola
|-damage|p2a: Alomomola|97/100
|
|t:|1757843750
|-end|p1a: Walking Wake|Protosynthesis|[silent]
|switch|p1a: Brute Bonnet|Brute Bonnet|100/100|[from] Flip Turn
|-activate|p1a: Brute Bonnet|ability: Protosynthesis
|-start|p1a: Brute Bonnet|protosynthesisatk
|
|-weather|SunnyDay|[upkeep]
|upkeep
|turn|5
|
|t:|1757843754
|switch|p2a: Enamorus|Enamorus, F|100/100
|move|p1a: Brute Bonnet|Growth|p1a: Brute Bonnet
|-boost|p1a: Brute Bonnet|atk|2
|-boost|p1a: Brute Bonnet|spa|2
|
|-weather|SunnyDay|[upkeep]
|upkeep
|turn|6
|
|t:|1757843761
|-terastallize|p1a: Brute Bonnet|Fire
|move|p2a: Enamorus|Moonblast|p1a: Brute Bonnet
|-resisted|p1a: Brute Bonnet
|-damage|p1a: Brute Bonnet|67/100
|move|p1a: Brute Bonnet|Tera Blast|p2a: Enamorus|[anim] Tera Blast Fire
|-damage|p2a: Enamorus|0 fnt
|faint|p2a: Enamorus
|
|-weather|SunnyDay|[upkeep]
|upkeep
|
|t:|1757843772
|switch|p2a: Meowscarada|Meowscarada, M|100/100
|turn|7
|
|t:|1757843777
|move|p2a: Meowscarada|Power Gem|p1a: Brute Bonnet
|-start|p2a: Meowscarada|typechange|Rock|[from] ability: Protean
|-supereffective|p1a: Brute Bonnet
|-damage|p1a: Brute Bonnet|0 fnt
|faint|p1a: Brute Bonnet
|-end|p1a: Brute Bonnet|Protosynthesis|[silent]
|
|-weather|SunnyDay|[upkeep]
|upkeep
|
|t:|1757843786
|switch|p1a: Walking Wake|Walking Wake|64/100
|-activate|p1a: Walking Wake|ability: Protosynthesis
|-start|p1a: Walking Wake|protosynthesisspe
|turn|8
|
|t:|1757843789
|switch|p2a: Alomomola|Alomomola, F|100/100
|move|p1a: Walking Wake|Hydro Steam|p2a: Alomomola
|-resisted|p2a: Alomomola
|-damage|p2a: Alomomola|85/100
|
|-weather|none
|-end|p1a: Walking Wake|Protosynthesis
|upkeep
|turn|9
|
|t:|1757843792
|move|p1a: Walking Wake|Flip Turn|p2a: Alomomola
|-resisted|p2a: Alomomola
|-damage|p2a: Alomomola|79/100
|
|t:|1757843795
|-end|p1a: Walking Wake|Protosynthesis|[silent]
|switch|p1a: Hatterene|Hatterene, F|100/100|[from] Flip Turn
|move|p2a: Alomomola|Flip Turn|p1a: Hatterene
|-damage|p1a: Hatterene|84/100
|-enditem|p1a: Hatterene|Eject Button
|
|t:|1757843799
|switch|p1a: Thundurus|Thundurus-Therian, M|100/100
|
|upkeep
|turn|10
|
|t:|1757843804
|switch|p2a: Meowscarada|Meowscarada, M|100/100
|move|p1a: Thundurus|Volt Switch|p2a: Meowscarada
|-resisted|p2a: Meowscarada
|-damage|p2a: Meowscarada|46/100
|
|t:|1757843809
|switch|p1a: Hatterene|Hatterene, F|84/100|[from] Volt Switch
|
|upkeep
|turn|11
|
|t:|1757843812
|move|p2a: Meowscarada|Shadow Ball|p1a: Hatterene
|-start|p2a: Meowscarada|typechange|Ghost|[from] ability: Protean
|-supereffective|p1a: Hatterene
|-damage|p1a: Hatterene|0 fnt
|faint|p1a: Hatterene
|
|upkeep
|
|t:|1757843815
|switch|p1a: Ceruledge|Ceruledge, M|100/100
|turn|12
|
|t:|1757843821
|switch|p2a: Alomomola|Alomomola, F|100/100
|move|p1a: Ceruledge|Swords Dance|p1a: Ceruledge
|-boost|p1a: Ceruledge|atk|2
|
|upkeep
|turn|13
|
|t:|1757843839
|move|p1a: Ceruledge|Poltergeist|p2a: Alomomola
|-activate|p2a: Alomomola|move: Poltergeist|Assault Vest
|-damage|p2a: Alomomola|29/100
|move|p2a: Alomomola|Flip Turn|p1a: Ceruledge
|-supereffective|p1a: Ceruledge
|-damage|p1a: Ceruledge|54/100
|-ability|p1a: Ceruledge|Weak Armor|boost
|-unboost|p1a: Ceruledge|def|1
|-boost|p1a: Ceruledge|spe|2
|
|t:|1757843843
|switch|p2a: Dragonite|Dragonite, M|100/100|[from] Flip Turn
|
|upkeep
|turn|14
|
|t:|1757843848
|move|p1a: Ceruledge|Bitter Blade|p2a: Dragonite
|-resisted|p2a: Dragonite
|-damage|p2a: Dragonite|75/100
|-heal|p1a: Ceruledge|69/100|[from] drain|[of] p2a: Dragonite
|move|p2a: Dragonite|Earthquake|p1a: Ceruledge
|-supereffective|p1a: Ceruledge
|-damage|p1a: Ceruledge|0 fnt
|faint|p1a: Ceruledge
|
|upkeep
|
|t:|1757843852
|switch|p1a: Thundurus|Thundurus-Therian, M|100/100
|turn|15
|
|t:|1757843866
|move|p2a: Dragonite|Extreme Speed|p1a: Thundurus
|-crit|p1a: Thundurus
|-damage|p1a: Thundurus|31/100
|move|p1a: Thundurus|Thunderbolt|p2a: Dragonite
|-damage|p2a: Dragonite|0 fnt
|faint|p2a: Dragonite
|
|upkeep
|
|t:|1757843870
|switch|p2a: Meowscarada|Meowscarada, M|46/100
|turn|16
|
|t:|1757843872
|move|p2a: Meowscarada|Power Gem|p1a: Thundurus
|-start|p2a: Meowscarada|typechange|Rock|[from] ability: Protean
|-supereffective|p1a: Thundurus
|-damage|p1a: Thundurus|0 fnt
|faint|p1a: Thundurus
|
|upkeep
|-message|go b3yond forfeited.
|
|win|giogiovannio
|raw|go b3yond's rating: 1486 &rarr; <strong>1469</strong><br />(-17 for losing)
|raw|giogiovannio's rating: 1541 &rarr; <strong>1558</strong><br />(+17 for winning)
|l|☆go b3yond
|player|p1|
|l|☆giogiovannio
|player|p2|
