|j|☆Vaaash.
|j|☆Bogatyum
|t:|1757831071
|gametype|singles
|player|p1|Vaaash.|steven|1138
|player|p2|Bogatyum|lucas|1080
|gen|9
|tier|[Gen 9] OU
|rated|
|rule|HP Percentage Mod: HP is shown in percentages
|rule|Endless Battle Clause: Forcing endless battles is banned
|rule|Species Clause: Limit one of each Pokémon
|rule|OHKO Clause: OHKO moves are banned
|rule|Evasion Items Clause: Evasion items are banned
|rule|Evasion Moves Clause: Evasion moves are banned
|rule|Evasion Abilities Clause: Evasion abilities are banned
|rule|Sleep Moves Clause: Sleep-inducing moves are banned
|clearpoke
|poke|p1|Tyranitar, F|
|poke|p1|Gholdengo|
|poke|p1|Zamazenta-*|
|poke|p1|Rillaboom, M|
|poke|p1|Garchomp, M|
|poke|p1|Zapdos|
|poke|p2|Tinkaton, F|
|poke|p2|Scream Tail|
|poke|p2|Wartortle, M|
|poke|p2|Raichu, M|
|poke|p2|Mimikyu, M|
|poke|p2|Primeape, M|
|teampreview
|
|t:|1757831083
|teamsize|p1|6
|teamsize|p2|6
|start
|switch|p1a: Tyranitar|Tyranitar, F|100/100
|switch|p2a: Scream Tail|Scream Tail|100/100
|-weather|Sandstorm|[from] ability: Sand Stream|[of] p1a: Tyranitar
|-enditem|p2a: Scream Tail|Booster Energy
|-activate|p2a: Scream Tail|ability: Protosynthesis|[fromitem]
|-start|p2a: Scream Tail|protosynthesisspd
|turn|1
|
|t:|1757831096
|move|p1a: Tyranitar|Stone Edge|p2a: Scream Tail
|-damage|p2a: Scream Tail|61/100
|move|p2a: Scream Tail|Calm Mind|p2a: Scream Tail
|-boost|p2a: Scream Tail|spa|1
|-boost|p2a: Scream Tail|spd|1
|
|-weather|Sandstorm|[upkeep]
|-damage|p2a: Scream Tail|55/100|[from] Sandstorm
|upkeep
|turn|2
|
|t:|1757831108
|move|p1a: Tyranitar|Stone Edge|p2a: Scream Tail
|-damage|p2a: Scream Tail|15/100
|move|p2a: Scream Tail|Calm Mind|p2a: Scream Tail
|-boost|p2a: Scream Tail|spa|1
|-boost|p2a: Scream Tail|spd|1
|
|-weather|Sandstorm|[upkeep]
|-damage|p2a: Scream Tail|9/100|[from] Sandstorm
|upkeep
|turn|3
|
|t:|1757831117
|move|p1a: Tyranitar|Stone Edge|p2a: Scream Tail
|-crit|p2a: Scream Tail
|-damage|p2a: Scream Tail|0 fnt
|faint|p2a: Scream Tail
|-end|p2a: Scream Tail|Protosynthesis|[silent]
|
|-weather|Sandstorm|[upkeep]
|upkeep
|c|☆Vaaash.|Seriously?
|
|t:|1757831129
|switch|p2a: Primeape|Primeape, M|100/100
|turn|4
|
|t:|1757831136
|switch|p1a: Garchomp|Garchomp, M|100/100
|move|p2a: Primeape|Brick Break|p1a: Garchomp
|-damage|p1a: Garchomp|83/100
|-damage|p2a: Primeape|88/100|[from] ability: Rough Skin|[of] p1a: Garchomp
|-damage|p2a: Primeape|72/100|[from] item: Rocky Helmet|[of] p1a: Garchomp
|
|-weather|Sandstorm|[upkeep]
|-damage|p2a: Primeape|66/100|[from] Sandstorm
|-heal|p2a: Primeape|72/100|[from] item: Leftovers
|upkeep
|turn|5
|
|t:|1757831153
|switch|p2a: Tinkaton|Tinkaton, F|100/100
|-ability|p2a: Tinkaton|Mold Breaker
|move|p1a: Garchomp|Stealth Rock|p2a: Tinkaton
|-sidestart|p2: Bogatyum|move: Stealth Rock
|
|-weather|none
|upkeep
|turn|6
|
|t:|1757831165
|move|p2a: Tinkaton|Swords Dance|p2a: Tinkaton
|-boost|p2a: Tinkaton|atk|2
|move|p1a: Garchomp|Spikes|p2a: Tinkaton
|-sidestart|p2: Bogatyum|Spikes
|
|upkeep
|turn|7
|
|t:|1757831173
|switch|p1a: Tyranitar|Tyranitar, F|100/100
|-weather|Sandstorm|[from] ability: Sand Stream|[of] p1a: Tyranitar
|move|p2a: Tinkaton|Swords Dance|p2a: Tinkaton
|-boost|p2a: Tinkaton|atk|2
|
|-weather|Sandstorm|[upkeep]
|upkeep
|turn|8
|
|t:|1757831183
|-terastallize|p1a: Tyranitar|Fighting
|move|p2a: Tinkaton|Gigaton Hammer|p1a: Tyranitar
|-damage|p1a: Tyranitar|0 fnt
|faint|p1a: Tyranitar
|
|-weather|Sandstorm|[upkeep]
|upkeep
|
|t:|1757831188
|switch|p1a: Zamazenta|Zamazenta|100/100
|-ability|p1a: Zamazenta|Dauntless Shield|boost
|-boost|p1a: Zamazenta|def|1
|turn|9
|
|t:|1757831195
|move|p2a: Tinkaton|Protect|p2a: Tinkaton
|-singleturn|p2a: Tinkaton|Protect
|move|p1a: Zamazenta|Close Combat|p2a: Tinkaton
|-activate|p2a: Tinkaton|move: Protect
|
|-weather|Sandstorm|[upkeep]
|-damage|p1a: Zamazenta|94/100|[from] Sandstorm
|upkeep
|turn|10
|
|t:|1757831203
|move|p2a: Tinkaton|Gigaton Hammer|p1a: Zamazenta
|-damage|p1a: Zamazenta|8/100
|move|p1a: Zamazenta|Roar|p2a: Tinkaton
|drag|p2a: Primeape|Primeape, M|72/100
|-damage|p2a: Primeape|66/100|[from] Stealth Rock
|-damage|p2a: Primeape|54/100|[from] Spikes
|
|-weather|Sandstorm|[upkeep]
|-damage|p1a: Zamazenta|2/100|[from] Sandstorm
|-damage|p2a: Primeape|48/100|[from] Sandstorm
|-heal|p2a: Primeape|54/100|[from] item: Leftovers
|upkeep
|turn|11
|
|t:|1757831217
|move|p2a: Primeape|Brick Break|p1a: Zamazenta
|-damage|p1a: Zamazenta|0 fnt
|faint|p1a: Zamazenta
|
|-weather|none
|-heal|p2a: Primeape|60/100|[from] item: Leftovers
|upkeep
|
|t:|1757831222
|switch|p1a: Rillaboom|Rillaboom, M|100/100
|-fieldstart|move: Grassy Terrain|[from] ability: Grassy Surge|[of] p1a: Rillaboom
|turn|12
|
|t:|1757831228
|move|p1a: Rillaboom|Grassy Glide|p2a: Primeape
|-damage|p2a: Primeape|6/100
|move|p2a: Primeape|Ice Punch|p1a: Rillaboom
|-supereffective|p1a: Rillaboom
|-damage|p1a: Rillaboom|57/100
|
|-heal|p2a: Primeape|12/100|[from] Grassy Terrain
|-heal|p2a: Primeape|18/100|[from] item: Leftovers
|-heal|p1a: Rillaboom|63/100|[from] Grassy Terrain
|upkeep
|turn|13
|
|t:|1757831246
|switch|p2a: Tinkaton|Tinkaton, F|100/100
|-damage|p2a: Tinkaton|94/100|[from] Stealth Rock
|-damage|p2a: Tinkaton|82/100|[from] Spikes
|-ability|p2a: Tinkaton|Mold Breaker
|move|p1a: Rillaboom|Wood Hammer|p2a: Tinkaton
|-resisted|p2a: Tinkaton
|-damage|p2a: Tinkaton|34/100
|-damage|p1a: Rillaboom|48/100|[from] Recoil
|
|-heal|p2a: Tinkaton|40/100|[from] Grassy Terrain
|-heal|p2a: Tinkaton|46/100|[from] item: Leftovers
|-heal|p1a: Rillaboom|54/100|[from] Grassy Terrain
|upkeep
|turn|14
|
|t:|1757831262
|move|p2a: Tinkaton|Gigaton Hammer|p1a: Rillaboom
|-damage|p1a: Rillaboom|0 fnt
|faint|p1a: Rillaboom
|
|-heal|p2a: Tinkaton|52/100|[from] Grassy Terrain
|-heal|p2a: Tinkaton|58/100|[from] item: Leftovers
|upkeep
|
|t:|1757831266
|switch|p1a: Garchomp|Garchomp, M|83/100
|turn|15
|
|t:|1757831291
|move|p2a: Tinkaton|Protect|p2a: Tinkaton
|-singleturn|p2a: Tinkaton|Protect
|move|p1a: Garchomp|Earthquake|p2a: Tinkaton
|-activate|p2a: Tinkaton|move: Protect
|
|-heal|p2a: Tinkaton|64/100|[from] Grassy Terrain
|-heal|p2a: Tinkaton|71/100|[from] item: Leftovers
|-heal|p1a: Garchomp|89/100|[from] Grassy Terrain
|upkeep
|turn|16
|
|t:|1757831302
|move|p2a: Tinkaton|Gigaton Hammer|p1a: Garchomp
|-damage|p1a: Garchomp|59/100
|move|p1a: Garchomp|Earthquake|p2a: Tinkaton
|-supereffective|p2a: Tinkaton
|-damage|p2a: Tinkaton|22/100
|
|-heal|p2a: Tinkaton|28/100|[from] Grassy Terrain
|-heal|p2a: Tinkaton|34/100|[from] item: Leftovers
|-heal|p1a: Garchomp|66/100|[from] Grassy Terrain
|-fieldend|move: Grassy Terrain
|upkeep
|turn|17
|
|t:|1757831314
|switch|p2a: Mimikyu|Mimikyu, M|100/100
|-damage|p2a: Mimikyu|88/100|[from] Stealth Rock
|-damage|p2a: Mimikyu|76/100|[from] Spikes
|move|p1a: Garchomp|Earthquake|p2a: Mimikyu
|-activate|p2a: Mimikyu|ability: Disguise
|-damage|p2a: Mimikyu|76/100
|detailschange|p2a: Mimikyu|Mimikyu-Busted, M
|-damage|p2a: Mimikyu|63/100|[from] pokemon: Mimikyu-Busted
|
|-heal|p2a: Mimikyu|70/100|[from] item: Leftovers
|upkeep
|turn|18
|
|t:|1757831328
|move|p2a: Mimikyu|Play Rough|p1a: Garchomp
|-supereffective|p1a: Garchomp
|-damage|p1a: Garchomp|27/100
|-damage|p2a: Mimikyu|57/100|[from] ability: Rough Skin|[of] p1a: Garchomp
|-damage|p2a: Mimikyu|41/100|[from] item: Rocky Helmet|[of] p1a: Garchomp
|move|p1a: Garchomp|Earthquake|p2a: Mimikyu
|-damage|p2a: Mimikyu|0 fnt
|faint|p2a: Mimikyu
|
|upkeep
|
|t:|1757831346
|switch|p2a: Wartortle|Wartortle, M|100/100
|-damage|p2a: Wartortle|88/100|[from] Stealth Rock
|-damage|p2a: Wartortle|76/100|[from] Spikes
|turn|19
|
|t:|1757831354
|move|p2a: Wartortle|Rain Dance|p2a: Wartortle
|-weather|RainDance
|move|p1a: Garchomp|Dragon Tail|p2a: Wartortle
|-damage|p2a: Wartortle|49/100
|drag|p2a: Tinkaton|Tinkaton, F|34/100
|-damage|p2a: Tinkaton|28/100|[from] Stealth Rock
|-damage|p2a: Tinkaton|16/100|[from] Spikes
|-ability|p2a: Tinkaton|Mold Breaker
|
|-weather|RainDance|[upkeep]
|-heal|p2a: Tinkaton|22/100|[from] item: Leftovers
|upkeep
|turn|20
|
|t:|1757831366
|move|p2a: Tinkaton|Gigaton Hammer|p1a: Garchomp
|-damage|p1a: Garchomp|0 fnt
|faint|p1a: Garchomp
|
|-weather|RainDance|[upkeep]
|-heal|p2a: Tinkaton|28/100|[from] item: Leftovers
|upkeep
|
|t:|1757831370
|switch|p1a: Zapdos|Zapdos|100/100
|turn|21
|c|☆Vaaash.|Tnx for the rain
|
|t:|1757831384
|move|p2a: Tinkaton|Protect|p2a: Tinkaton
|-singleturn|p2a: Tinkaton|Protect
|move|p1a: Zapdos|Hurricane|p2a: Tinkaton
|-activate|p2a: Tinkaton|move: Protect
|
|-weather|RainDance|[upkeep]
|-heal|p2a: Tinkaton|34/100|[from] item: Leftovers
|upkeep
|turn|22
|
|t:|1757831395
|move|p1a: Zapdos|Hurricane|p2a: Tinkaton
|-resisted|p2a: Tinkaton
|-damage|p2a: Tinkaton|4/100
|move|p2a: Tinkaton|Gigaton Hammer|p1a: Zapdos
|-resisted|p1a: Zapdos
|-damage|p1a: Zapdos|73/100
|
|-weather|RainDance|[upkeep]
|-heal|p2a: Tinkaton|10/100|[from] item: Leftovers
|upkeep
|turn|23
|
|t:|1757831405
|switch|p2a: Raichu|Raichu, M|100/100
|-damage|p2a: Raichu|88/100|[from] Stealth Rock
|-damage|p2a: Raichu|76/100|[from] Spikes
|move|p1a: Zapdos|Volt Switch|p2a: Raichu
|-resisted|p2a: Raichu
|-damage|p2a: Raichu|55/100
|-enditem|p2a: Raichu|Cell Battery
|-boost|p2a: Raichu|atk|1|[from] item: Cell Battery
|
|t:|1757831410
|switch|p1a: Gholdengo|Gholdengo|100/100|[from] Volt Switch
|-item|p1a: Gholdengo|Air Balloon
|
|-weather|none
|upkeep
|turn|24
|
|t:|1757831429
|move|p2a: Raichu|Nuzzle|p1a: Gholdengo
|-damage|p1a: Gholdengo|93/100
|-status|p1a: Gholdengo|par
|-enditem|p1a: Gholdengo|Air Balloon
|move|p1a: Gholdengo|Make It Rain|p2a: Raichu
|-resisted|p2a: Raichu
|-damage|p2a: Raichu|24/100
|-unboost|p1a: Gholdengo|spa|1
|
|upkeep
|turn|25
|
|t:|1757831441
|move|p2a: Raichu|Thunderbolt|p1a: Gholdengo
|-damage|p1a: Gholdengo|67/100 par
|cant|p1a: Gholdengo|par
|
|upkeep
|turn|26
|
|t:|1757831452
|move|p2a: Raichu|Thunder Wave|p1a: Gholdengo
|-immune|p1a: Gholdengo|[from] ability: Good as Gold
|move|p1a: Gholdengo|Hex|p2a: Raichu
|-damage|p2a: Raichu|0 fnt
|faint|p2a: Raichu
|
|upkeep
|
|t:|1757831461
|switch|p2a: Primeape|Primeape, M|18/100
|-damage|p2a: Primeape|12/100|[from] Stealth Rock
|-damage|p2a: Primeape|0 fnt|[from] Spikes
|faint|p2a: Primeape
|
|t:|1757831467
|switch|p2a: Wartortle|Wartortle, M|49/100
|-damage|p2a: Wartortle|36/100|[from] Stealth Rock
|-damage|p2a: Wartortle|24/100|[from] Spikes
|turn|27
|c|☆Vaaash.|Gg
|
|t:|1757831484
|move|p2a: Wartortle|Rain Dance|p2a: Wartortle
|-weather|RainDance
|move|p1a: Gholdengo|Hex|p2a: Wartortle
|-damage|p2a: Wartortle|0 fnt
|faint|p2a: Wartortle
|
|-weather|RainDance|[upkeep]
|upkeep
|c|☆Bogatyum|Gg
|
|t:|1757831499
|switch|p2a: Tinkaton|Tinkaton, F|10/100
|-damage|p2a: Tinkaton|4/100|[from] Stealth Rock
|-damage|p2a: Tinkaton|0 fnt|[from] Spikes
|faint|p2a: Tinkaton
|
|win|Vaaash.
|raw|Vaaash.'s rating: 1138 &rarr; <strong>1159</strong><br />(+21 for winning)
|raw|Bogatyum's rating: 1080 &rarr; <strong>1062</strong><br />(-18 for losing)
|l|☆Bogatyum
|player|p2|
|c|☆Vaaash.|Ez bro
|c|☆Vaaash.|Ggs tho
|l|☆Vaaash.
|player|p1|
