|j|☆Weyselb
|j|☆Larmaster
|t:|1757823307
|gametype|singles
|player|p1|Weyselb|pokemaniac|1448
|player|p2|Larmaster|hilbert-wonderlauncher|1440
|gen|9
|tier|[Gen 9] OU
|rated|
|rule|HP Percentage Mod: HP is shown in percentages
|rule|Endless Battle Clause: Forcing endless battles is banned
|rule|Species Clause: Limit one of each Pokémon
|rule|OHKO Clause: OHKO moves are banned
|rule|Evasion Items Clause: Evasion items are banned
|rule|Evasion Moves Clause: Evasion moves are banned
|rule|Evasion Abilities Clause: Evasion abilities are banned
|rule|Sleep Moves Clause: Sleep-inducing moves are banned
|clearpoke
|poke|p1|Scizor, M|
|poke|p1|Primarina, F|
|poke|p1|Raging Bolt|
|poke|p1|Kingambit, M|
|poke|p1|Kyurem|
|poke|p1|Skarmory, F|
|poke|p2|Ting-Lu|
|poke|p2|Corviknight, M|
|poke|p2|Dragapult, F|
|poke|p2|Zamazenta-*|
|poke|p2|Darkrai|
|poke|p2|Primarina, F|
|teampreview
|
|t:|1757823326
|teamsize|p1|6
|teamsize|p2|6
|start
|switch|p1a: Scizor|Scizor, M|100/100
|switch|p2a: Dragapult|Dragapult, F|100/100
|turn|1
|inactive|Battle timer is ON: inactive players will automatically lose when time's up. (requested by Larmaster)
|
|t:|1757823331
|switch|p2a: Corviknight|Corviknight, M|100/100
|-ability|p2a: Corviknight|Pressure
|move|p1a: Scizor|Knock Off|p2a: Corviknight
|-damage|p2a: Corviknight|68/100
|-damage|p1a: Scizor|84/100|[from] item: Rocky Helmet|[of] p2a: Corviknight
|-enditem|p2a: Corviknight|Rocky Helmet|[from] move: Knock Off|[of] p1a: Scizor
|
|upkeep
|turn|2
|
|t:|1757823337
|switch|p1a: Skarmory|Skarmory, F|100/100
|move|p2a: Corviknight|U-turn|p1a: Skarmory
|-resisted|p1a: Skarmory
|-damage|p1a: Skarmory|98/100
|-damage|p2a: Corviknight|52/100|[from] item: Rocky Helmet|[of] p1a: Skarmory
|
|t:|1757823344
|switch|p2a: Dragapult|Dragapult, F|100/100|[from] U-turn
|
|upkeep
|turn|3
|
|t:|1757823352
|move|p2a: Dragapult|Shadow Ball|p1a: Skarmory
|-damage|p1a: Skarmory|29/100
|move|p1a: Skarmory|Spikes|p2a: Dragapult
|-sidestart|p2: Larmaster|Spikes
|
|upkeep
|turn|4
|
|t:|1757823357
|switch|p1a: Primarina|Primarina, F|100/100
|move|p2a: Dragapult|Shadow Ball|p1a: Primarina
|-damage|p1a: Primarina|68/100
|
|upkeep
|turn|5
|
|t:|1757823366
|switch|p2a: Corviknight|Corviknight, M|52/100
|-ability|p2a: Corviknight|Pressure
|move|p1a: Primarina|Flip Turn|p2a: Corviknight
|-damage|p2a: Corviknight|44/100
|
|t:|1757823369
|switch|p1a: Raging Bolt|Raging Bolt|100/100|[from] Flip Turn
|
|upkeep
|turn|6
|
|t:|1757823372
|switch|p2a: Ting-Lu|Ting-Lu|100/100
|-damage|p2a: Ting-Lu|88/100|[from] Spikes
|-ability|p2a: Ting-Lu|Vessel of Ruin
|move|p1a: Raging Bolt|Draco Meteor|p2a: Ting-Lu
|-damage|p2a: Ting-Lu|38/100
|-unboost|p1a: Raging Bolt|spa|2
|
|-heal|p2a: Ting-Lu|45/100|[from] item: Leftovers
|upkeep
|turn|7
|
|t:|1757823383
|-end|p1a: Raging Bolt|Protosynthesis|[silent]
|switch|p1a: Scizor|Scizor, M|84/100
|move|p2a: Ting-Lu|Spikes|p1a: Scizor
|-sidestart|p1: Weyselb|Spikes
|
|-heal|p2a: Ting-Lu|51/100|[from] item: Leftovers
|upkeep
|turn|8
|
|t:|1757823388
|switch|p2a: Corviknight|Corviknight, M|44/100
|-ability|p2a: Corviknight|Pressure
|move|p1a: Scizor|U-turn|p2a: Corviknight
|-resisted|p2a: Corviknight
|-damage|p2a: Corviknight|34/100
|
|t:|1757823392
|switch|p1a: Raging Bolt|Raging Bolt|100/100|[from] U-turn
|-damage|p1a: Raging Bolt|88/100|[from] Spikes
|
|upkeep
|turn|9
|
|t:|1757823396
|move|p1a: Raging Bolt|Volt Switch|p2a: Corviknight
|-supereffective|p2a: Corviknight
|-damage|p2a: Corviknight|0 fnt
|faint|p2a: Corviknight
|
|t:|1757823409
|-end|p1a: Raging Bolt|Protosynthesis|[silent]
|switch|p1a: Scizor|Scizor, M|84/100|[from] Volt Switch
|-damage|p1a: Scizor|72/100|[from] Spikes
|
|upkeep
|inactive|Larmaster has 120 seconds left.
|
|t:|1757823442
|switch|p2a: Zamazenta|Zamazenta|100/100
|-damage|p2a: Zamazenta|88/100|[from] Spikes
|-ability|p2a: Zamazenta|Dauntless Shield|boost
|-boost|p2a: Zamazenta|def|1
|turn|10
|
|t:|1757823450
|switch|p1a: Skarmory|Skarmory, F|29/100
|move|p2a: Zamazenta|Heavy Slam|p1a: Skarmory
|-resisted|p1a: Skarmory
|-damage|p1a: Skarmory|16/100
|-damage|p2a: Zamazenta|72/100|[from] item: Rocky Helmet|[of] p1a: Skarmory
|-damage|p2a: Zamazenta|62/100|[from] item: Life Orb
|
|upkeep
|turn|11
|
|t:|1757823459
|move|p2a: Zamazenta|Stone Edge|p1a: Skarmory
|-damage|p1a: Skarmory|0 fnt
|faint|p1a: Skarmory
|-damage|p2a: Zamazenta|52/100|[from] item: Life Orb
|
|upkeep
|
|t:|1757823484
|switch|p1a: Primarina|Primarina, F|68/100
|-damage|p1a: Primarina|56/100|[from] Spikes
|turn|12
|
|t:|1757823492
|move|p2a: Zamazenta|Heavy Slam|p1a: Primarina
|-damage|p1a: Primarina|0 fnt
|faint|p1a: Primarina
|-damage|p2a: Zamazenta|42/100|[from] item: Life Orb
|
|upkeep
|
|t:|1757823496
|switch|p1a: Raging Bolt|Raging Bolt|88/100
|-damage|p1a: Raging Bolt|76/100|[from] Spikes
|turn|13
|
|t:|1757823502
|switch|p2a: Ting-Lu|Ting-Lu|51/100
|-damage|p2a: Ting-Lu|38/100|[from] Spikes
|-ability|p2a: Ting-Lu|Vessel of Ruin
|move|p1a: Raging Bolt|Thunderclap||[still]
|-fail|p1a: Raging Bolt
|
|-heal|p2a: Ting-Lu|45/100|[from] item: Leftovers
|upkeep
|turn|14
|
|t:|1757823510
|-end|p1a: Raging Bolt|Protosynthesis|[silent]
|switch|p1a: Scizor|Scizor, M|72/100
|-damage|p1a: Scizor|60/100|[from] Spikes
|move|p2a: Ting-Lu|Earthquake|p1a: Scizor
|-damage|p1a: Scizor|22/100
|
|-heal|p2a: Ting-Lu|51/100|[from] item: Leftovers
|upkeep
|turn|15
|
|t:|1757823519
|switch|p2a: Primarina|Primarina, F|100/100
|-damage|p2a: Primarina|88/100|[from] Spikes
|move|p1a: Scizor|U-turn|p2a: Primarina
|-resisted|p2a: Primarina
|-damage|p2a: Primarina|49/100
|
|t:|1757823528
|switch|p1a: Raging Bolt|Raging Bolt|76/100|[from] U-turn
|-damage|p1a: Raging Bolt|64/100|[from] Spikes
|
|-heal|p2a: Primarina|55/100|[from] item: Leftovers
|upkeep
|turn|16
|
|t:|1757823533
|switch|p2a: Ting-Lu|Ting-Lu|51/100
|-damage|p2a: Ting-Lu|38/100|[from] Spikes
|-ability|p2a: Ting-Lu|Vessel of Ruin
|move|p1a: Raging Bolt|Draco Meteor|p2a: Ting-Lu
|-damage|p2a: Ting-Lu|0 fnt
|-unboost|p1a: Raging Bolt|spa|2
|faint|p2a: Ting-Lu
|
|upkeep
|
|t:|1757823539
|switch|p2a: Dragapult|Dragapult, F|100/100
|-damage|p2a: Dragapult|88/100|[from] Spikes
|turn|17
|
|t:|1757823547
|-terastallize|p1a: Raging Bolt|Fairy
|move|p2a: Dragapult|Shadow Ball|p1a: Raging Bolt
|-damage|p1a: Raging Bolt|13/100
|move|p1a: Raging Bolt|Draco Meteor|p2a: Dragapult
|-supereffective|p2a: Dragapult
|-damage|p2a: Dragapult|0 fnt
|-unboost|p1a: Raging Bolt|spa|2
|faint|p2a: Dragapult
|
|upkeep
|
|t:|1757823561
|switch|p2a: Primarina|Primarina, F|55/100
|-damage|p2a: Primarina|43/100|[from] Spikes
|turn|18
|
|t:|1757823569
|-end|p1a: Raging Bolt|Protosynthesis|[silent]
|switch|p1a: Scizor|Scizor, M|22/100
|-damage|p1a: Scizor|10/100|[from] Spikes
|move|p2a: Primarina|Substitute|p2a: Primarina
|-start|p2a: Primarina|Substitute
|-damage|p2a: Primarina|18/100
|
|-heal|p2a: Primarina|24/100|[from] item: Leftovers
|upkeep
|turn|19
|
|t:|1757823576
|move|p1a: Scizor|Bullet Punch|p2a: Primarina
|-end|p2a: Primarina|Substitute
|move|p2a: Primarina|Surf|p1a: Scizor
|-damage|p1a: Scizor|0 fnt
|faint|p1a: Scizor
|
|-heal|p2a: Primarina|30/100|[from] item: Leftovers
|upkeep
|
|t:|1757823591
|switch|p1a: Kingambit|Kingambit, M|100/100
|-damage|p1a: Kingambit|88/100|[from] Spikes
|-activate|p1a: Kingambit|ability: Supreme Overlord
|-start|p1a: Kingambit|fallen3|[silent]
|turn|20
|
|t:|1757823599
|move|p2a: Primarina|Moonblast|p1a: Kingambit
|-damage|p1a: Kingambit|25/100
|move|p1a: Kingambit|Iron Head|p2a: Primarina
|-damage|p2a: Primarina|0 fnt
|faint|p2a: Primarina
|
|-heal|p1a: Kingambit|32/100|[from] item: Leftovers
|upkeep
|
|t:|1757823605
|switch|p2a: Zamazenta|Zamazenta|42/100
|-damage|p2a: Zamazenta|30/100|[from] Spikes
|turn|21
|
|t:|1757823608
|move|p1a: Kingambit|Sucker Punch|p2a: Zamazenta
|-resisted|p2a: Zamazenta
|-damage|p2a: Zamazenta|6/100
|move|p2a: Zamazenta|Close Combat|p1a: Kingambit
|-supereffective|p1a: Kingambit
|-damage|p1a: Kingambit|0 fnt
|-unboost|p2a: Zamazenta|def|1
|-unboost|p2a: Zamazenta|spd|1
|faint|p1a: Kingambit
|-end|p1a: Kingambit|fallen3|[silent]
|-damage|p2a: Zamazenta|0 fnt|[from] item: Life Orb
|faint|p2a: Zamazenta
|
|upkeep
|
|t:|1757823617
|switch|p2a: Darkrai|Darkrai|100/100
|switch|p1a: Raging Bolt|Raging Bolt, tera:Fairy|13/100
|-damage|p1a: Raging Bolt|0 fnt|[from] Spikes
|faint|p1a: Raging Bolt
|-end|p1a: Raging Bolt|Protosynthesis|[silent]
|
|t:|1757823618
|switch|p1a: Kyurem|Kyurem|100/100
|-damage|p1a: Kyurem|88/100|[from] Spikes
|-ability|p1a: Kyurem|Pressure
|turn|22
|
|t:|1757823635
|move|p2a: Darkrai|Dark Pulse|p1a: Kyurem
|-damage|p1a: Kyurem|51/100
|move|p1a: Kyurem|Dragon Dance|p1a: Kyurem
|-boost|p1a: Kyurem|atk|1
|-boost|p1a: Kyurem|spe|1
|
|upkeep
|turn|23
|
|t:|1757823654
|move|p1a: Kyurem|Icicle Spear|p2a: Darkrai
|-damage|p2a: Darkrai|74/100
|-damage|p2a: Darkrai|48/100
|-damage|p2a: Darkrai|20/100
|-damage|p2a: Darkrai|0 fnt
|faint|p2a: Darkrai
|-hitcount|p2: Darkrai|4
|
|win|Weyselb
|raw|Weyselb's rating: 1448 &rarr; <strong>1468</strong><br />(+20 for winning)
|raw|Larmaster's rating: 1440 &rarr; <strong>1420</strong><br />(-20 for losing)
|l|☆Larmaster
|player|p2|
|l|☆Weyselb
|player|p1|
