|j|☆Kr4ntz
|j|☆KingCacti11
|t:|1757953915
|gametype|singles
|player|p1|Kr4ntz|265|1374
|player|p2|KingCacti11|170|1380
|gen|9
|tier|[Gen 9] OU
|rated|
|rule|HP Percentage Mod: HP is shown in percentages
|rule|Endless Battle Clause: Forcing endless battles is banned
|rule|Species Clause: Limit one of each Pokémon
|rule|OHKO Clause: OHKO moves are banned
|rule|Evasion Items Clause: Evasion items are banned
|rule|Evasion Moves Clause: Evasion moves are banned
|rule|Evasion Abilities Clause: Evasion abilities are banned
|rule|Sleep Moves Clause: Sleep-inducing moves are banned
|clearpoke
|poke|p1|Avalugg-Hisui, F|
|poke|p1|Dragonite, M|
|poke|p1|Scizor, F|
|poke|p1|Cinderace, F|
|poke|p1|Iron Valiant|
|poke|p1|Ogerpon-Wellspring, F|
|poke|p2|Araquanid, M|
|poke|p2|Corviknight, M|
|poke|p2|Landorus-Therian, M|
|poke|p2|Ceruledge, M|
|poke|p2|Gholdengo|
|poke|p2|Gliscor, F|
|teampreview
|
|t:|1757953926
|teamsize|p1|6
|teamsize|p2|6
|start
|switch|p1a: Avalugg|Avalugg-Hisui, F|100/100
|switch|p2a: Araquanid|Araquanid, M|100/100
|turn|1
|
|t:|1757953933
|move|p1a: Avalugg|Rock Blast|p2a: Araquanid
|-supereffective|p2a: Araquanid
|-damage|p2a: Araquanid|70/100
|-supereffective|p2a: Araquanid
|-damage|p2a: Araquanid|42/100
|-supereffective|p2a: Araquanid
|-damage|p2a: Araquanid|12/100
|-supereffective|p2a: Araquanid
|-damage|p2a: Araquanid|0 fnt
|faint|p2a: Araquanid
|-hitcount|p2: Araquanid|4
|
|upkeep
|
|t:|1757953950
|switch|p2a: Gholdengo|Gholdengo|100/100
|-item|p2a: Gholdengo|Air Balloon
|turn|2
|
|t:|1757953959
|switch|p1a: Cinderace|Cinderace, F|100/100
|move|p2a: Gholdengo|Nasty Plot|p2a: Gholdengo
|-boost|p2a: Gholdengo|spa|2
|
|upkeep
|turn|3
|
|t:|1757953970
|switch|p2a: Landorus|Landorus-Therian, M|100/100
|-ability|p2a: Landorus|Intimidate|boost
|-unboost|p1a: Cinderace|atk|1
|move|p1a: Cinderace|Pyro Ball|p2a: Landorus
|-damage|p2a: Landorus|55/100
|-status|p2a: Landorus|brn
|
|-damage|p2a: Landorus|49/100 brn|[from] brn
|upkeep
|turn|4
|
|t:|1757953978
|switch|p1a: Scizor|Scizor, F|100/100
|move|p2a: Landorus|Stealth Rock|p1a: Scizor
|-sidestart|p1: Kr4ntz|move: Stealth Rock
|
|-damage|p2a: Landorus|43/100 brn|[from] brn
|upkeep
|turn|5
|
|t:|1757953986
|switch|p2a: Gliscor|Gliscor, F|100/100
|move|p1a: Scizor|Knock Off|p2a: Gliscor
|-damage|p2a: Gliscor|60/100
|-enditem|p2a: Gliscor|Toxic Orb|[from] move: Knock Off|[of] p1a: Scizor
|
|upkeep
|turn|6
|
|t:|1757953997
|move|p2a: Gliscor|Swords Dance|p2a: Gliscor
|-boost|p2a: Gliscor|atk|2
|move|p1a: Scizor|Knock Off|p2a: Gliscor
|-damage|p2a: Gliscor|33/100
|
|upkeep
|turn|7
|
|t:|1757954013
|switch|p1a: Iron Valiant|Iron Valiant|100/100
|-damage|p1a: Iron Valiant|94/100|[from] Stealth Rock
|move|p2a: Gliscor|Knock Off|p1a: Iron Valiant
|-resisted|p1a: Iron Valiant
|-damage|p1a: Iron Valiant|81/100
|-enditem|p1a: Iron Valiant|Choice Specs|[from] move: Knock Off|[of] p2a: Gliscor
|
|upkeep
|turn|8
|
|t:|1757954024
|move|p1a: Iron Valiant|Moonblast|p2a: Gliscor
|-damage|p2a: Gliscor|0 fnt
|faint|p2a: Gliscor
|
|upkeep
|
|t:|1757954028
|switch|p2a: Ceruledge|Ceruledge, M|100/100
|turn|9
|
|t:|1757954044
|move|p1a: Iron Valiant|Shadow Ball|p2a: Ceruledge
|-supereffective|p2a: Ceruledge
|-damage|p2a: Ceruledge|37/100
|-unboost|p2a: Ceruledge|spd|1
|move|p2a: Ceruledge|Swords Dance|p2a: Ceruledge
|-boost|p2a: Ceruledge|atk|2
|
|upkeep
|turn|10
|
|t:|1757954053
|move|p2a: Ceruledge|Shadow Sneak|p1a: Iron Valiant
|-damage|p1a: Iron Valiant|31/100
|move|p1a: Iron Valiant|Shadow Ball|p2a: Ceruledge
|-supereffective|p2a: Ceruledge
|-damage|p2a: Ceruledge|0 fnt
|faint|p2a: Ceruledge
|
|upkeep
|
|t:|1757954060
|switch|p2a: Landorus|Landorus-Therian, M|43/100 brn
|-ability|p2a: Landorus|Intimidate|boost
|-unboost|p1a: Iron Valiant|atk|1
|turn|11
|
|t:|1757954063
|move|p1a: Iron Valiant|Moonblast|p2a: Landorus
|-damage|p2a: Landorus|0 fnt
|faint|p2a: Landorus
|
|upkeep
|
|t:|1757954065
|switch|p2a: Gholdengo|Gholdengo|100/100
|-item|p2a: Gholdengo|Air Balloon
|turn|12
|
|t:|1757954071
|move|p1a: Iron Valiant|Shadow Ball|p2a: Gholdengo
|-supereffective|p2a: Gholdengo
|-damage|p2a: Gholdengo|33/100
|-unboost|p2a: Gholdengo|spd|1
|-enditem|p2a: Gholdengo|Air Balloon
|move|p2a: Gholdengo|Shadow Ball|p1a: Iron Valiant
|-damage|p1a: Iron Valiant|0 fnt
|faint|p1a: Iron Valiant
|-end|p1a: Iron Valiant|Quark Drive|[silent]
|
|upkeep
|-message|KingCacti11 forfeited.
|
|win|Kr4ntz
|raw|Kr4ntz's rating: 1374 &rarr; <strong>1394</strong><br />(+20 for winning)
|raw|KingCacti11's rating: 1380 &rarr; <strong>1360</strong><br />(-20 for losing)
|l|☆KingCacti11
|player|p2|
|l|☆Kr4ntz
|player|p1|
