|j|☆Cyri__
|j|☆animeprincess98
|t:|1757830184
|gametype|singles
|player|p1|Cyri__|roxie|1293
|player|p2|animeprincess98|harlequin|1314
|gen|9
|tier|[Gen 9] OU
|rated|
|rule|HP Percentage Mod: HP is shown in percentages
|rule|Endless Battle Clause: Forcing endless battles is banned
|rule|Species Clause: Limit one of each Pokémon
|rule|OHKO Clause: OHKO moves are banned
|rule|Evasion Items Clause: Evasion items are banned
|rule|Evasion Moves Clause: Evasion moves are banned
|rule|Evasion Abilities Clause: Evasion abilities are banned
|rule|Sleep Moves Clause: Sleep-inducing moves are banned
|clearpoke
|poke|p1|Ogerpon-Wellspring, F|
|poke|p1|Kingambit, M|
|poke|p1|Landorus-Therian, M|
|poke|p1|Glimmora, M|
|poke|p1|Dragapult, F|
|poke|p1|Iron Valiant|
|poke|p2|Chesnaught, F|
|poke|p2|Araquanid, M|
|poke|p2|Rillaboom, F|
|poke|p2|Ditto|
|poke|p2|Iron Valiant|
|poke|p2|Iron Moth|
|teampreview
|inactive|Battle timer is ON: inactive players will automatically lose when time's up. (requested by animeprincess98)
|
|t:|1757830210
|teamsize|p1|6
|teamsize|p2|6
|start
|switch|p1a: Landorus|Landorus-Therian, M|100/100
|switch|p2a: Araquanid|Araquanid, M|100/100
|-ability|p1a: Landorus|Intimidate|boost
|-unboost|p2a: Araquanid|atk|1
|turn|1
|
|t:|1757830224
|move|p1a: Landorus|Taunt|p2a: Araquanid
|-start|p2a: Araquanid|move: Taunt
|cant|p2a: Araquanid|move: Taunt|Sticky Web
|
|upkeep
|turn|2
|
|t:|1757830228
|move|p1a: Landorus|Stealth Rock|p2a: Araquanid
|-sidestart|p2: animeprincess98|move: Stealth Rock
|move|p2a: Araquanid|Hydro Pump|p1a: Landorus
|-supereffective|p1a: Landorus
|-damage|p1a: Landorus|0 fnt
|faint|p1a: Landorus
|
|upkeep
|
|t:|1757830237
|switch|p1a: Glimmora|Glimmora, M|100/100
|turn|3
|
|t:|1757830252
|switch|p2a: Rillaboom|Rillaboom, F|100/100
|-damage|p2a: Rillaboom|88/100|[from] Stealth Rock
|-fieldstart|move: Grassy Terrain|[from] ability: Grassy Surge|[of] p2a: Rillaboom
|move|p1a: Glimmora|Meteor Beam||[still]
|-prepare|p1a: Glimmora|Meteor Beam
|-boost|p1a: Glimmora|spa|1
|-enditem|p1a: Glimmora|Power Herb
|-anim|p1a: Glimmora|Meteor Beam|p2a: Rillaboom
|-damage|p2a: Rillaboom|0 fnt
|faint|p2a: Rillaboom
|
|upkeep
|
|t:|1757830267
|switch|p2a: Chesnaught|Chesnaught, F, shiny|100/100
|-damage|p2a: Chesnaught|94/100|[from] Stealth Rock
|turn|4
|
|t:|1757830280
|move|p1a: Glimmora|Spikes|p2a: Chesnaught
|-sidestart|p2: animeprincess98|Spikes
|move|p2a: Chesnaught|Belly Drum|p2a: Chesnaught
|-damage|p2a: Chesnaught|44/100
|-setboost|p2a: Chesnaught|atk|6|[from] move: Belly Drum
|-enditem|p2a: Chesnaught|Sitrus Berry|[eat]
|-heal|p2a: Chesnaught|69/100|[from] item: Sitrus Berry
|
|-heal|p2a: Chesnaught|75/100|[from] Grassy Terrain
|upkeep
|turn|5
|
|t:|1757830307
|move|p2a: Chesnaught|Grassy Glide|p1a: Glimmora
|-damage|p1a: Glimmora|0 fnt
|-activate|p1a: Glimmora|ability: Toxic Debris
|-sidestart|p2: animeprincess98|move: Toxic Spikes
|faint|p1a: Glimmora
|
|-heal|p2a: Chesnaught|82/100|[from] Grassy Terrain
|upkeep
|inactive|Cyri__ has 120 seconds left.
|
|t:|1757830326
|switch|p1a: Dragapult|Dragapult, F|100/100
|turn|6
|inactive|Cyri__ has 120 seconds left.
|
|t:|1757830335
|move|p1a: Dragapult|Flamethrower|p2a: Chesnaught
|-supereffective|p2a: Chesnaught
|-damage|p2a: Chesnaught|0 fnt
|faint|p2a: Chesnaught
|
|upkeep
|
|t:|1757830348
|switch|p2a: Araquanid|Araquanid, M|100/100
|-damage|p2a: Araquanid|75/100|[from] Stealth Rock
|-damage|p2a: Araquanid|63/100|[from] Spikes
|-status|p2a: Araquanid|psn
|turn|7
|
|t:|1757830358
|switch|p1a: Iron Valiant|Iron Valiant|100/100
|-enditem|p1a: Iron Valiant|Booster Energy
|-activate|p1a: Iron Valiant|ability: Quark Drive|[fromitem]
|-start|p1a: Iron Valiant|quarkdrivespe
|move|p2a: Araquanid|Sticky Web|p1a: Iron Valiant
|-sidestart|p1: Cyri__|move: Sticky Web
|
|-heal|p2a: Araquanid|69/100 psn|[from] Grassy Terrain
|-damage|p2a: Araquanid|57/100 psn|[from] psn
|-fieldend|move: Grassy Terrain
|upkeep
|turn|8
|
|t:|1757830365
|move|p1a: Iron Valiant|Encore|p2a: Araquanid
|-start|p2a: Araquanid|Encore
|move|p2a: Araquanid|Sticky Web||[still]
|-fail|p2a: Araquanid
|
|-damage|p2a: Araquanid|45/100 psn|[from] psn
|upkeep
|turn|9
|
|t:|1757830375
|switch|p2a: Iron Moth|Iron Moth|100/100
|-damage|p2a: Iron Moth|76/100|[from] Stealth Rock
|-damage|p2a: Iron Moth|63/100|[from] Spikes
|-sideend|p2: animeprincess98|move: Toxic Spikes|[of] p2a: Iron Moth
|-enditem|p2a: Iron Moth|Booster Energy
|-activate|p2a: Iron Moth|ability: Quark Drive|[fromitem]
|-start|p2a: Iron Moth|quarkdrivespa
|move|p1a: Iron Valiant|Swords Dance|p1a: Iron Valiant
|-boost|p1a: Iron Valiant|atk|2
|
|upkeep
|turn|10
|
|t:|1757830387
|move|p1a: Iron Valiant|Knock Off|p2a: Iron Moth
|-damage|p2a: Iron Moth|0 fnt
|faint|p2a: Iron Moth
|-end|p2a: Iron Moth|Quark Drive|[silent]
|
|upkeep
|
|t:|1757830394
|switch|p2a: Ditto|Ditto|100/100
|-damage|p2a: Ditto|88/100|[from] Stealth Rock
|-damage|p2a: Ditto|76/100|[from] Spikes
|-transform|p2a: Ditto|p1a: Iron Valiant|[from] ability: Imposter
|turn|11
|
|t:|1757830403
|-terastallize|p1a: Iron Valiant|Steel
|move|p1a: Iron Valiant|Spirit Break|p2a: Ditto
|-supereffective|p2a: Ditto
|-damage|p2a: Ditto|0 fnt
|faint|p2a: Ditto
|-end|p2a: Ditto|Quark Drive|[silent]
|
|upkeep
|inactive|animeprincess98 has 120 seconds left.
|
|t:|1757830443
|switch|p2a: Iron Valiant|Iron Valiant|100/100
|-damage|p2a: Iron Valiant|94/100|[from] Stealth Rock
|-damage|p2a: Iron Valiant|82/100|[from] Spikes
|-enditem|p2a: Iron Valiant|Booster Energy
|-activate|p2a: Iron Valiant|ability: Quark Drive|[fromitem]
|-start|p2a: Iron Valiant|quarkdrivespa
|turn|12
|inactive|animeprincess98 has 120 seconds left.
|l|☆animeprincess98
|inactive|animeprincess98 disconnected and has a minute to reconnect!
|player|p2|
|inactive|animeprincess98 has 30 seconds to reconnect!
|inactive|animeprincess98 has 20 seconds to reconnect!
|inactive|animeprincess98 has 15 seconds to reconnect!
|inactive|animeprincess98 has 10 seconds to reconnect!
|inactive|animeprincess98 has 5 seconds to reconnect!
|-message|animeprincess98 lost due to inactivity.
|
|win|Cyri__
|raw|Cyri__'s rating: 1293 &rarr; <strong>1320</strong><br />(+27 for winning)
|raw|animeprincess98's rating: 1314 &rarr; <strong>1293</strong><br />(-21 for losing)
