|j|☆smoldracovish
|j|☆suhui_
|t:|1757916768
|gametype|singles
|player|p1|smoldracovish|miku-ground|1621
|player|p2|suhui_|266|1719
|gen|9
|tier|[Gen 9] OU
|rated|
|rule|HP Percentage Mod: HP is shown in percentages
|rule|Endless Battle Clause: Forcing endless battles is banned
|rule|Species Clause: Limit one of each Pokémon
|rule|OHKO Clause: OHKO moves are banned
|rule|Evasion Items Clause: Evasion items are banned
|rule|Evasion Moves Clause: Evasion moves are banned
|rule|Evasion Abilities Clause: Evasion abilities are banned
|rule|Sleep Moves Clause: Sleep-inducing moves are banned
|clearpoke
|poke|p1|Great Tusk|
|poke|p1|Heatran, F|
|poke|p1|Weavile, F|
|poke|p1|Primarina, F|
|poke|p1|Ogerpon, F|
|poke|p1|Pecharunt|
|poke|p2|Great Tusk|
|poke|p2|Raging Bolt|
|poke|p2|Dragapult, M|
|poke|p2|Slowking-Galar, M|
|poke|p2|Kingambit, M|
|poke|p2|Ogerpon-Wellspring, F|
|teampreview
|inactive|Battle timer is ON: inactive players will automatically lose when time's up. (requested by suhui_)
|
|t:|1757916789
|teamsize|p1|6
|teamsize|p2|6
|start
|switch|p1a: Primarina|Primarina, F|100/100
|switch|p2a: Kingambit|Kingambit, M|100/100
|turn|1
|
|t:|1757916796
|-end|p2a: Kingambit|fallenundefined|[silent]
|switch|p2a: Slowking|Slowking-Galar, M|100/100
|move|p1a: Primarina|Moonblast|p2a: Slowking
|-resisted|p2a: Slowking
|-damage|p2a: Slowking|86/100
|
|upkeep
|turn|2
|j| Jfjfjdjfjdkfjjsg
|
|t:|1757916806
|switch|p2a: Ogerpon|Ogerpon-Wellspring, F|100/100
|move|p1a: Primarina|Flip Turn|p2a: Ogerpon
|-immune|p2a: Ogerpon|[from] ability: Water Absorb
|
|upkeep
|turn|3
|
|t:|1757916811
|switch|p1a: Pecharunt|Pecharunt|100/100
|move|p2a: Ogerpon|Knock Off|p1a: Pecharunt
|-supereffective|p1a: Pecharunt
|-damage|p1a: Pecharunt|64/100
|-damage|p2a: Ogerpon|84/100|[from] item: Rocky Helmet|[of] p1a: Pecharunt
|-enditem|p1a: Pecharunt|Rocky Helmet|[from] move: Knock Off|[of] p2a: Ogerpon
|
|upkeep
|turn|4
|
|t:|1757916815
|move|p2a: Ogerpon|U-turn|p1a: Pecharunt
|-resisted|p1a: Pecharunt
|-damage|p1a: Pecharunt|60/100
|
|t:|1757916817
|switch|p2a: Slowking|Slowking-Galar, M|100/100|[from] U-turn
|move|p1a: Pecharunt|Recover|p1a: Pecharunt
|-heal|p1a: Pecharunt|100/100
|
|upkeep
|turn|5
|
|t:|1757916828
|move|p1a: Pecharunt|Parting Shot|p2a: Slowking
|-unboost|p2a: Slowking|atk|1
|-unboost|p2a: Slowking|spa|1
|
|t:|1757916830
|switch|p1a: Heatran|Heatran, F|100/100|[from] Parting Shot
|-item|p1a: Heatran|Air Balloon
|move|p2a: Slowking|Sludge Bomb|p1a: Heatran
|-immune|p1a: Heatran
|
|upkeep
|turn|6
|
|t:|1757916839
|switch|p2a: Dragapult|Dragapult, M|100/100
|move|p1a: Heatran|Taunt|p2a: Dragapult
|-start|p2a: Dragapult|move: Taunt
|
|upkeep
|turn|7
|
|t:|1757916847
|move|p2a: Dragapult|U-turn|p1a: Heatran
|-resisted|p1a: Heatran
|-crit|p1a: Heatran
|-damage|p1a: Heatran|93/100
|-enditem|p1a: Heatran|Air Balloon
|
|t:|1757916865
|switch|p2a: Great Tusk|Great Tusk|100/100|[from] U-turn
|move|p1a: Heatran|Stealth Rock|p2a: Great Tusk
|-sidestart|p2: suhui_|move: Stealth Rock
|
|upkeep
|turn|8
|
|t:|1757916873
|switch|p1a: Great Tusk|Great Tusk|100/100
|move|p2a: Great Tusk|Stealth Rock|p1a: Great Tusk
|-sidestart|p1: smoldracovish|move: Stealth Rock
|
|upkeep
|turn|9
|
|t:|1757916879
|move|p2a: Great Tusk|Rapid Spin|p1a: Great Tusk
|-damage|p1a: Great Tusk|87/100
|-boost|p2a: Great Tusk|spe|1
|-sideend|p2: suhui_|Stealth Rock|[from] move: Rapid Spin|[of] p2a: Great Tusk
|move|p1a: Great Tusk|Ice Spinner|p2a: Great Tusk
|-supereffective|p2a: Great Tusk
|-damage|p2a: Great Tusk|58/100
|-damage|p1a: Great Tusk|71/100|[from] item: Rocky Helmet|[of] p2a: Great Tusk
|
|upkeep
|turn|10
|
|t:|1757916883
|-end|p2a: Great Tusk|Protosynthesis|[silent]
|switch|p2a: Dragapult|Dragapult, M|100/100
|move|p1a: Great Tusk|Rapid Spin|p2a: Dragapult
|-immune|p2a: Dragapult
|
|upkeep
|turn|11
|
|t:|1757916893
|-end|p1a: Great Tusk|Protosynthesis|[silent]
|switch|p1a: Primarina|Primarina, F|100/100
|-damage|p1a: Primarina|88/100|[from] Stealth Rock
|move|p2a: Dragapult|Will-O-Wisp|p1a: Primarina
|-status|p1a: Primarina|brn
|
|-damage|p1a: Primarina|82/100 brn|[from] brn
|upkeep
|turn|12
|
|t:|1757916896
|move|p2a: Dragapult|U-turn|p1a: Primarina
|-resisted|p1a: Primarina
|-damage|p1a: Primarina|71/100 brn
|
|t:|1757916899
|switch|p2a: Slowking|Slowking-Galar, M|100/100|[from] U-turn
|move|p1a: Primarina|Moonblast|p2a: Slowking
|-resisted|p2a: Slowking
|-damage|p2a: Slowking|87/100
|-unboost|p2a: Slowking|spa|1
|
|-damage|p1a: Primarina|65/100 brn|[from] brn
|upkeep
|turn|13
|
|t:|1757916907
|switch|p1a: Heatran|Heatran, F|93/100
|-damage|p1a: Heatran|81/100|[from] Stealth Rock
|switch|p2a: Ogerpon|Ogerpon-Wellspring, F|84/100
|
|upkeep
|turn|14
|
|t:|1757916923
|move|p2a: Ogerpon|U-turn|p1a: Heatran
|-resisted|p1a: Heatran
|-damage|p1a: Heatran|73/100
|j| biryanilover
|
|t:|1757916927
|switch|p2a: Great Tusk|Great Tusk|58/100|[from] U-turn
|move|p1a: Heatran|Magma Storm|p2a: Great Tusk
|-damage|p2a: Great Tusk|0 fnt
|faint|p2a: Great Tusk
|-end|p2a: Great Tusk|Protosynthesis|[silent]
|
|upkeep
|
|t:|1757916931
|switch|p2a: Ogerpon|Ogerpon-Wellspring, F|84/100
|turn|15
|
|t:|1757916936
|switch|p1a: Pecharunt|Pecharunt|100/100
|-damage|p1a: Pecharunt|88/100|[from] Stealth Rock
|move|p2a: Ogerpon|Ivy Cudgel|p1a: Pecharunt|[anim] Ivy Cudgel Water
|-damage|p1a: Pecharunt|61/100
|
|upkeep
|turn|16
|
|t:|1757916940
|move|p2a: Ogerpon|U-turn|p1a: Pecharunt
|-resisted|p1a: Pecharunt
|-damage|p1a: Pecharunt|57/100
|
|t:|1757916941
|switch|p2a: Raging Bolt|Raging Bolt|100/100|[from] U-turn
|-enditem|p2a: Raging Bolt|Booster Energy
|-activate|p2a: Raging Bolt|ability: Protosynthesis|[fromitem]
|-start|p2a: Raging Bolt|protosynthesisspa
|move|p1a: Pecharunt|Recover|p1a: Pecharunt
|-heal|p1a: Pecharunt|100/100
|
|upkeep
|turn|17
|
|t:|1757916945
|move|p2a: Raging Bolt|Calm Mind|p2a: Raging Bolt
|-boost|p2a: Raging Bolt|spa|1
|-boost|p2a: Raging Bolt|spd|1
|move|p1a: Pecharunt|Malignant Chain|p2a: Raging Bolt
|-damage|p2a: Raging Bolt|80/100
|-status|p2a: Raging Bolt|tox
|-start|p2a: Raging Bolt|confusion|[from] ability: Poison Puppeteer|[of] p1a: Pecharunt
|
|-damage|p2a: Raging Bolt|73/100 tox|[from] psn
|upkeep
|turn|18
|l| Jfjfjdjfjdkfjjsg
|
|t:|1757916950
|switch|p1a: Great Tusk|Great Tusk|71/100
|-activate|p2a: Raging Bolt|confusion
|move|p2a: Raging Bolt|Dragon Pulse|p1a: Great Tusk
|-damage|p1a: Great Tusk|0 fnt
|faint|p1a: Great Tusk
|-end|p1a: Great Tusk|Protosynthesis|[silent]
|
|-damage|p2a: Raging Bolt|61/100 tox|[from] psn
|upkeep
|j| wgw2333
|
|t:|1757916968
|switch|p1a: Weavile|Weavile, F|100/100
|-damage|p1a: Weavile|76/100|[from] Stealth Rock
|-ability|p1a: Weavile|Pressure
|turn|19
|
|t:|1757916974
|move|p1a: Weavile|Ice Shard|p2a: Raging Bolt
|-supereffective|p2a: Raging Bolt
|-damage|p2a: Raging Bolt|3/100 tox
|-activate|p2a: Raging Bolt|confusion
|move|p2a: Raging Bolt|Thunderbolt|p1a: Weavile
|-damage|p1a: Weavile|0 fnt
|faint|p1a: Weavile
|
|-damage|p2a: Raging Bolt|0 fnt|[from] psn
|faint|p2a: Raging Bolt
|-end|p2a: Raging Bolt|Protosynthesis|[silent]
|upkeep
|
|t:|1757916985
|switch|p1a: Pecharunt|Pecharunt|100/100
|switch|p2a: Dragapult|Dragapult, M|100/100
|-damage|p1a: Pecharunt|88/100|[from] Stealth Rock
|turn|20
|
|t:|1757916992
|switch|p1a: Primarina|Primarina, F|65/100 brn
|-damage|p1a: Primarina|53/100 brn|[from] Stealth Rock
|move|p2a: Dragapult|Will-O-Wisp|p1a: Primarina
|-fail|p1a: Primarina|brn
|
|-damage|p1a: Primarina|47/100 brn|[from] brn
|upkeep
|turn|21
|
|t:|1757917000
|move|p2a: Dragapult|Hex|p1a: Primarina
|-damage|p1a: Primarina|16/100 brn
|move|p1a: Primarina|Moonblast|p2a: Dragapult
|-supereffective|p2a: Dragapult
|-damage|p2a: Dragapult|0 fnt
|faint|p2a: Dragapult
|
|-damage|p1a: Primarina|10/100 brn|[from] brn
|upkeep
|
|t:|1757917004
|switch|p2a: Kingambit|Kingambit, M|100/100
|-activate|p2a: Kingambit|ability: Supreme Overlord
|-start|p2a: Kingambit|fallen3|[silent]
|turn|22
|
|t:|1757917008
|move|p2a: Kingambit|Swords Dance|p2a: Kingambit
|-boost|p2a: Kingambit|atk|2
|move|p1a: Primarina|Moonblast|p2a: Kingambit
|-damage|p2a: Kingambit|49/100
|
|-heal|p2a: Kingambit|55/100|[from] item: Leftovers
|-damage|p1a: Primarina|4/100 brn|[from] brn
|upkeep
|turn|23
|
|t:|1757917014
|move|p2a: Kingambit|Sucker Punch|p1a: Primarina
|-resisted|p1a: Primarina
|-damage|p1a: Primarina|0 fnt
|faint|p1a: Primarina
|
|-heal|p2a: Kingambit|61/100|[from] item: Leftovers
|upkeep
|
|t:|1757917022
|switch|p1a: Heatran|Heatran, F|73/100
|-damage|p1a: Heatran|61/100|[from] Stealth Rock
|turn|24
|
|t:|1757917036
|move|p2a: Kingambit|Sucker Punch|p1a: Heatran
|-damage|p1a: Heatran|0 fnt
|faint|p1a: Heatran
|
|-heal|p2a: Kingambit|67/100|[from] item: Leftovers
|upkeep
|
|t:|1757917041
|switch|p1a: Pecharunt|Pecharunt|88/100
|-damage|p1a: Pecharunt|76/100|[from] Stealth Rock
|turn|25
|
|t:|1757917049
|move|p1a: Pecharunt|Parting Shot|p2a: Kingambit
|-unboost|p2a: Kingambit|atk|1
|-unboost|p2a: Kingambit|spa|1
|
|t:|1757917050
|switch|p1a: Ogerpon|Ogerpon, F|100/100|[from] Parting Shot
|-damage|p1a: Ogerpon|88/100|[from] Stealth Rock
|move|p2a: Kingambit|Kowtow Cleave|p1a: Ogerpon
|-damage|p1a: Ogerpon|0 fnt
|faint|p1a: Ogerpon
|
|-heal|p2a: Kingambit|73/100|[from] item: Leftovers
|upkeep
|-message|smoldracovish forfeited.
|
|win|suhui_
|raw|smoldracovish's rating: 1621 &rarr; <strong>1606</strong><br />(-15 for losing)
|raw|suhui_'s rating: 1719 &rarr; <strong>1734</strong><br />(+15 for winning)
|l|☆smoldracovish
|player|p1|
|l|☆suhui_
|player|p2|
|l| biryanilover
