|inactive|Battle timer is ON: inactive players will automatically lose when time's up.
|t:|1757808275
|gametype|singles
|player|p1|pinecoishot|#scl5spartans2|
|player|p2|PLAGUE|#scl5shoguns2|
|gen|9
|tier|[Gen 9] OU
|rule|HP Percentage Mod: HP is shown in percentages
|rule|Endless Battle Clause: Forcing endless battles is banned
|rule|Species Clause: Limit one of each Pokémon
|rule|OHKO Clause: OHKO moves are banned
|rule|Evasion Items Clause: Evasion items are banned
|rule|Evasion Moves Clause: Evasion moves are banned
|rule|Evasion Abilities Clause: Evasion abilities are banned
|rule|Sleep Moves Clause: Sleep-inducing moves are banned
|clearpoke
|poke|p1|Great Tusk|
|poke|p1|Kingambit, M|
|poke|p1|Raging Bolt|
|poke|p1|Walking Wake|
|poke|p1|Ninetales, M|
|poke|p1|Latios, M|
|poke|p2|Iron Treads|
|poke|p2|Kyurem|
|poke|p2|Dragonite, M|
|poke|p2|Iron Valiant|
|poke|p2|Garchomp, M|
|poke|p2|Gholdengo|
|teampreview
|c|☆PLAGUE|hf
|c|☆pinecoishot|hf
|inactive|pinecoishot has 270 seconds left.
|inactive|PLAGUE has 270 seconds left.
|inactive|PLAGUE has 240 seconds left.
|inactive|PLAGUE has 210 seconds left.
|
|t:|1757808380
|teamsize|p1|6
|teamsize|p2|6
|start
|switch|p1a: Ninetales|Ninetales, M|100/100
|switch|p2a: Kyurem|Kyurem|100/100
|-weather|SunnyDay|[from] ability: Drought|[of] p1a: Ninetales
|-ability|p2a: Kyurem|Pressure
|turn|1
|
|t:|1757808407
|move|p1a: Ninetales|Overheat|p2a: Kyurem
|-damage|p2a: Kyurem|28/100
|-unboost|p1a: Ninetales|spa|2
|move|p2a: Kyurem|Freeze-Dry|p1a: Ninetales
|-resisted|p1a: Ninetales
|-damage|p1a: Ninetales|80/100
|
|-weather|SunnyDay|[upkeep]
|upkeep
|turn|2
|
|t:|1757808422
|switch|p1a: Latios|Latios, M|100/100
|switch|p2a: Garchomp|Garchomp, M|100/100
|
|-weather|SunnyDay|[upkeep]
|upkeep
|turn|3
|
|t:|1757808428
|switch|p2a: Iron Treads|Iron Treads|100/100
|-item|p2a: Iron Treads|Air Balloon
|move|p1a: Latios|Substitute|p1a: Latios
|-start|p1a: Latios|Substitute
|-damage|p1a: Latios|76/100
|
|-weather|SunnyDay|[upkeep]
|-heal|p1a: Latios|82/100|[from] item: Leftovers
|upkeep
|turn|4
|
|t:|1757808433
|move|p1a: Latios|Weather Ball|p2a: Iron Treads
|-supereffective|p2a: Iron Treads
|-damage|p2a: Iron Treads|0 fnt
|-enditem|p2a: Iron Treads|Air Balloon
|faint|p2a: Iron Treads
|-end|p2a: Iron Treads|Quark Drive|[silent]
|
|-weather|SunnyDay|[upkeep]
|-heal|p1a: Latios|88/100|[from] item: Leftovers
|upkeep
|inactive|PLAGUE has 240 seconds left.
|
|t:|1757808487
|switch|p2a: Gholdengo|Gholdengo|100/100
|turn|5
|
|t:|1757808495
|move|p2a: Gholdengo|Shadow Ball|p1a: Latios
|-supereffective|p1a: Latios
|-end|p1a: Latios|Substitute
|move|p1a: Latios|Weather Ball|p2a: Gholdengo
|-supereffective|p2a: Gholdengo
|-damage|p2a: Gholdengo|0 fnt
|faint|p2a: Gholdengo
|
|-weather|SunnyDay|[upkeep]
|-heal|p1a: Latios|94/100|[from] item: Leftovers
|upkeep
|
|t:|1757808498
|switch|p2a: Iron Valiant|Iron Valiant|100/100
|-enditem|p2a: Iron Valiant|Booster Energy
|-activate|p2a: Iron Valiant|ability: Quark Drive|[fromitem]
|-start|p2a: Iron Valiant|quarkdrivespe
|turn|6
|
|t:|1757808506
|-terastallize|p1a: Latios|Steel
|move|p2a: Iron Valiant|Moonblast|p1a: Latios
|-resisted|p1a: Latios
|-damage|p1a: Latios|70/100
|-unboost|p1a: Latios|spa|1
|move|p1a: Latios|Luster Purge|p2a: Iron Valiant
|-supereffective|p2a: Iron Valiant
|-damage|p2a: Iron Valiant|0 fnt
|faint|p2a: Iron Valiant
|-end|p2a: Iron Valiant|Quark Drive|[silent]
|
|-weather|SunnyDay|[upkeep]
|-heal|p1a: Latios|76/100|[from] item: Leftovers
|upkeep
|
|t:|1757808528
|switch|p2a: Dragonite|Dragonite, M|100/100
|turn|7
|inactive|PLAGUE has 210 seconds left.
|
|t:|1757808549
|move|p1a: Latios|Luster Purge|p2a: Dragonite
|-damage|p2a: Dragonite|84/100
|-unboost|p2a: Dragonite|spd|1
|move|p2a: Dragonite|Outrage|p1a: Latios
|-resisted|p1a: Latios
|-damage|p1a: Latios|0 fnt
|faint|p1a: Latios
|
|-weather|SunnyDay|[upkeep]
|upkeep
|
|t:|1757808563
|switch|p1a: Great Tusk|Great Tusk|100/100
|-activate|p1a: Great Tusk|ability: Protosynthesis
|-start|p1a: Great Tusk|protosynthesisatk
|turn|8
|
|t:|1757808566
|move|p1a: Great Tusk|Ice Spinner|p2a: Dragonite
|-supereffective|p2a: Dragonite
|-damage|p2a: Dragonite|0 fnt
|faint|p2a: Dragonite
|
|-weather|none
|-end|p1a: Great Tusk|Protosynthesis
|upkeep
|
|t:|1757808576
|switch|p2a: Garchomp|Garchomp, M|100/100
|turn|9
|inactive|PLAGUE has 210 seconds left.
|
|t:|1757808617
|move|p2a: Garchomp|Swords Dance|p2a: Garchomp
|-boost|p2a: Garchomp|atk|2
|move|p1a: Great Tusk|Headlong Rush|p2a: Garchomp
|-damage|p2a: Garchomp|40/100
|-unboost|p1a: Great Tusk|def|1
|-unboost|p1a: Great Tusk|spd|1
|-damage|p1a: Great Tusk|88/100|[from] ability: Rough Skin|[of] p2a: Garchomp
|
|upkeep
|turn|10
|
|t:|1757808626
|-end|p1a: Great Tusk|Protosynthesis|[silent]
|switch|p1a: Ninetales|Ninetales, M|80/100
|-weather|SunnyDay|[from] ability: Drought|[of] p1a: Ninetales
|move|p2a: Garchomp|Scale Shot|p1a: Ninetales
|-damage|p1a: Ninetales|38/100
|-damage|p1a: Ninetales|0 fnt
|faint|p1a: Ninetales
|-hitcount|p1: Ninetales|2
|-unboost|p2a: Garchomp|def|1
|-boost|p2a: Garchomp|spe|1
|
|-weather|SunnyDay|[upkeep]
|upkeep
|
|t:|1757808630
|switch|p1a: Walking Wake|Walking Wake|100/100
|-activate|p1a: Walking Wake|ability: Protosynthesis
|-start|p1a: Walking Wake|protosynthesisspe
|turn|11
|c|☆PLAGUE|gg
|
|t:|1757808641
|move|p1a: Walking Wake|Hydro Steam|p2a: Garchomp
|-damage|p2a: Garchomp|0 fnt
|faint|p2a: Garchomp
|
|-weather|SunnyDay|[upkeep]
|upkeep
|-message|PLAGUE forfeited.
|
|win|pinecoishot
|c|☆pinecoishot|gg
