|j|☆peach boy test
|j|☆moutisma-water
|t:|1757873645
|gametype|singles
|player|p1|peach boy test|drayden|1209
|player|p2|moutisma-water|lucas|1185
|gen|9
|tier|[Gen 9] OU
|rated|
|rule|HP Percentage Mod: HP is shown in percentages
|rule|Endless Battle Clause: Forcing endless battles is banned
|rule|Species Clause: Limit one of each Pokémon
|rule|OHKO Clause: OHKO moves are banned
|rule|Evasion Items Clause: Evasion items are banned
|rule|Evasion Moves Clause: Evasion moves are banned
|rule|Evasion Abilities Clause: Evasion abilities are banned
|rule|Sleep Moves Clause: Sleep-inducing moves are banned
|clearpoke
|poke|p1|Slaking, M|
|poke|p1|Pecharunt|
|poke|p1|Corviknight, M|
|poke|p1|Araquanid, M|
|poke|p1|Okidogi, M|
|poke|p1|Garganacl, M|
|poke|p2|Meowscarada, M|
|poke|p2|Okidogi, M|
|poke|p2|Incineroar, F|
|poke|p2|Raikou|
|poke|p2|Perrserker, F|
|poke|p2|Mew|
|teampreview
|inactive|Battle timer is ON: inactive players will automatically lose when time's up. (requested by peach boy test)
|
|t:|1757873651
|teamsize|p1|6
|teamsize|p2|6
|start
|switch|p1a: araquagoat|Araquanid, M|100/100
|switch|p2a: Raikou|Raikou|100/100
|-ability|p2a: Raikou|Pressure
|turn|1
|c|☆peach boy test|glhf
|c|☆peach boy test|:)
|
|t:|1757873664
|move|p1a: araquagoat|Endure|p1a: araquagoat
|-singleturn|p1a: araquagoat|move: Endure
|move|p2a: Raikou|Discharge|p1a: araquagoat
|-supereffective|p1a: araquagoat
|-damage|p1a: araquagoat|42/100
|
|upkeep
|turn|2
|
|t:|1757873671
|switch|p1a: okigoati|Okidogi, M|100/100
|move|p2a: Raikou|Discharge|p1a: okigoati
|-damage|p1a: okigoati|75/100
|-status|p1a: okigoati|par
|
|upkeep
|turn|3
|
|t:|1757873686
|move|p2a: Raikou|Volt Switch|p1a: okigoati
|-damage|p1a: okigoati|50/100 par
|
|t:|1757873691
|switch|p2a: Incineroar|Incineroar, F|100/100|[from] Volt Switch
|-ability|p2a: Incineroar|Intimidate|boost
|-unboost|p1a: okigoati|atk|1
|move|p1a: okigoati|Knock Off|p2a: Incineroar
|-resisted|p2a: Incineroar
|-damage|p2a: Incineroar|86/100
|-enditem|p2a: Incineroar|Heavy-Duty Boots|[from] move: Knock Off|[of] p1a: okigoati
|
|upkeep
|turn|4
|c|☆peach boy test|cool team
|
|t:|1757873703
|switch|p2a: Mew|Mew|100/100
|move|p1a: okigoati|Drain Punch|p2a: Mew
|-resisted|p2a: Mew
|-damage|p2a: Mew|87/100
|-heal|p1a: okigoati|56/100 par|[from] drain|[of] p2a: Mew
|
|upkeep
|turn|5
|c|☆peach boy test|ooh it's all cats I like that
|
|t:|1757873715
|move|p2a: Mew|Psychic Noise|p1a: okigoati
|-supereffective|p1a: okigoati
|-damage|p1a: okigoati|0 fnt
|faint|p1a: okigoati
|-damage|p2a: Mew|77/100|[from] item: Life Orb
|
|upkeep
|
|t:|1757873718
|switch|p1a: araquagoat|Araquanid, M|42/100
|turn|6
|
|t:|1757873726
|-terastallize|p2a: Mew|Psychic
|move|p1a: araquagoat|Endure|p1a: araquagoat
|-singleturn|p1a: araquagoat|move: Endure
|move|p2a: Mew|Psychic Noise|p1a: araquagoat
|-activate|p1a: araquagoat|move: Endure
|-damage|p1a: araquagoat|1/100
|-start|p1a: araquagoat|move: Heal Block
|-damage|p2a: Mew|67/100|[from] item: Life Orb
|
|upkeep
|turn|7
|-enditem|p1a: araquagoat|Custap Berry|[eat]
|-activate|p1a: araquagoat|item: Custap Berry|[consumed]
|
|t:|1757873735
|move|p2a: Mew|Vacuum Wave|p1a: araquagoat
|-resisted|p1a: araquagoat
|-damage|p1a: araquagoat|0 fnt
|faint|p1a: araquagoat
|-damage|p2a: Mew|57/100|[from] item: Life Orb
|
|upkeep
|
|t:|1757873740
|switch|p1a: slackgoat|Slaking, M|100/100
|turn|8
|
|t:|1757873745
|move|p2a: Mew|Psychic Noise|p1a: slackgoat
|-damage|p1a: slackgoat|44/100
|-start|p1a: slackgoat|move: Heal Block
|-damage|p2a: Mew|47/100|[from] item: Life Orb
|move|p1a: slackgoat|Body Slam|p2a: Mew
|-damage|p2a: Mew|0 fnt
|faint|p2a: Mew
|
|upkeep
|
|t:|1757873753
|switch|p2a: Okidogi|Okidogi, M|100/100
|turn|9
|
|t:|1757873782
|switch|p1a: pechagoat|Pecharunt|100/100
|-item|p1a: pechagoat|Air Balloon
|move|p2a: Okidogi|Bulk Up|p2a: Okidogi
|-boost|p2a: Okidogi|atk|1
|-boost|p2a: Okidogi|def|1
|
|upkeep
|turn|10
|
|t:|1757873790
|move|p1a: pechagoat|Parting Shot|p2a: Okidogi
|-unboost|p2a: Okidogi|atk|1
|-unboost|p2a: Okidogi|spa|1
|
|t:|1757873796
|switch|p1a: goatanacl|Garganacl, M|100/100|[from] Parting Shot
|move|p2a: Okidogi|Bulk Up|p2a: Okidogi
|-boost|p2a: Okidogi|atk|1
|-boost|p2a: Okidogi|def|1
|
|upkeep
|turn|11
|inactive|moutisma-water has 120 seconds left.
|
|t:|1757873849
|move|p2a: Okidogi|Drain Punch|p1a: goatanacl
|-supereffective|p1a: goatanacl
|-damage|p1a: goatanacl|32/100
|move|p1a: goatanacl|Stealth Rock|p2a: Okidogi
|-sidestart|p2: moutisma-water|move: Stealth Rock
|
|-heal|p1a: goatanacl|38/100|[from] item: Leftovers
|upkeep
|turn|12
|
|t:|1757873854
|switch|p1a: pechagoat|Pecharunt|100/100
|-item|p1a: pechagoat|Air Balloon
|move|p2a: Okidogi|Drain Punch|p1a: pechagoat
|-immune|p1a: pechagoat
|
|upkeep
|turn|13
|
|t:|1757873858
|move|p1a: pechagoat|Hex|p2a: Okidogi
|-damage|p2a: Okidogi|70/100
|move|p2a: Okidogi|Bulk Up|p2a: Okidogi
|-boost|p2a: Okidogi|atk|1
|-boost|p2a: Okidogi|def|1
|
|-heal|p2a: Okidogi|76/100|[from] item: Leftovers
|upkeep
|turn|14
|inactive|moutisma-water has 120 seconds left.
|
|t:|1757873864
|move|p1a: pechagoat|Parting Shot|p2a: Okidogi
|-unboost|p2a: Okidogi|atk|1
|-unboost|p2a: Okidogi|spa|1
|
|t:|1757873867
|switch|p1a: slackgoat|Slaking, M|44/100|[from] Parting Shot
|move|p2a: Okidogi|Knock Off|p1a: slackgoat
|-damage|p1a: slackgoat|16/100
|-enditem|p1a: slackgoat|Choice Band|[from] move: Knock Off|[of] p2a: Okidogi
|
|-heal|p2a: Okidogi|82/100|[from] item: Leftovers
|upkeep
|turn|15
|
|t:|1757873874
|-terastallize|p1a: slackgoat|Ghost
|move|p2a: Okidogi|Drain Punch|p1a: slackgoat
|-immune|p1a: slackgoat
|move|p1a: slackgoat|Roar|p2a: Okidogi
|drag|p2a: Perrserker|Perrserker, F|100/100
|-damage|p2a: Perrserker|94/100|[from] Stealth Rock
|
|-heal|p2a: Perrserker|100/100|[from] item: Leftovers
|upkeep
|turn|16
|
|t:|1757873883
|cant|p1a: slackgoat|ability: Truant
|move|p2a: Perrserker|Stealth Rock|p1a: slackgoat
|-sidestart|p1: peach boy test|move: Stealth Rock
|
|upkeep
|turn|17
|
|t:|1757873892
|move|p1a: slackgoat|Body Slam|p2a: Perrserker
|-resisted|p2a: Perrserker
|-damage|p2a: Perrserker|84/100
|move|p2a: Perrserker|Iron Head|p1a: slackgoat
|-damage|p1a: slackgoat|0 fnt
|faint|p1a: slackgoat
|
|-heal|p2a: Perrserker|90/100|[from] item: Leftovers
|upkeep
|
|t:|1757873896
|switch|p1a: goatanacl|Garganacl, M|38/100
|-damage|p1a: goatanacl|26/100|[from] Stealth Rock
|turn|18
|
|t:|1757873909
|move|p2a: Perrserker|Iron Head|p1a: goatanacl
|-supereffective|p1a: goatanacl
|-damage|p1a: goatanacl|0 fnt
|faint|p1a: goatanacl
|
|-heal|p2a: Perrserker|96/100|[from] item: Leftovers
|upkeep
|
|t:|1757873917
|switch|p1a: corvigoat|Corviknight, M|100/100
|-damage|p1a: corvigoat|88/100|[from] Stealth Rock
|-ability|p1a: corvigoat|Pressure
|turn|19
|
|t:|1757873933
|move|p1a: corvigoat|Body Press|p2a: Perrserker
|-supereffective|p2a: Perrserker
|-damage|p2a: Perrserker|61/100
|move|p2a: Perrserker|U-turn|p1a: corvigoat
|-resisted|p1a: corvigoat
|-damage|p1a: corvigoat|85/100
|-damage|p2a: Perrserker|44/100|[from] item: Rocky Helmet|[of] p1a: corvigoat
|
|t:|1757873947
|switch|p2a: Raikou|Raikou|100/100|[from] U-turn
|-damage|p2a: Raikou|88/100|[from] Stealth Rock
|-ability|p2a: Raikou|Pressure
|
|upkeep
|turn|20
|
|t:|1757873952
|move|p2a: Raikou|Discharge|p1a: corvigoat
|-supereffective|p1a: corvigoat
|-damage|p1a: corvigoat|16/100
|-status|p1a: corvigoat|par
|move|p1a: corvigoat|U-turn|p2a: Raikou
|-damage|p2a: Raikou|69/100
|
|t:|1757873954
|switch|p1a: pechagoat|Pecharunt|100/100|[from] U-turn
|-damage|p1a: pechagoat|88/100|[from] Stealth Rock
|-item|p1a: pechagoat|Air Balloon
|
|upkeep
|turn|21
|inactive|moutisma-water has 120 seconds left.
|
|t:|1757873996
|move|p2a: Raikou|Volt Switch|p1a: pechagoat
|-damage|p1a: pechagoat|54/100
|-enditem|p1a: pechagoat|Air Balloon
|
|t:|1757873999
|switch|p2a: Okidogi|Okidogi, M|82/100|[from] Volt Switch
|-damage|p2a: Okidogi|76/100|[from] Stealth Rock
|move|p1a: pechagoat|Malignant Chain|p2a: Okidogi
|-resisted|p2a: Okidogi
|-damage|p2a: Okidogi|53/100
|
|-heal|p2a: Okidogi|59/100|[from] item: Leftovers
|upkeep
|turn|22
|
|t:|1757874007
|move|p1a: pechagoat|Parting Shot|p2a: Okidogi
|-unboost|p2a: Okidogi|atk|1
|-unboost|p2a: Okidogi|spa|1
|
|t:|1757874009
|switch|p1a: corvigoat|Corviknight, M|16/100 par|[from] Parting Shot
|-damage|p1a: corvigoat|3/100 par|[from] Stealth Rock
|-ability|p1a: corvigoat|Pressure
|move|p2a: Okidogi|Bulk Up|p2a: Okidogi
|-boost|p2a: Okidogi|atk|1
|-boost|p2a: Okidogi|def|1
|
|-heal|p2a: Okidogi|65/100|[from] item: Leftovers
|upkeep
|turn|23
|c|☆peach boy test|ggwp
|-message|peach boy test forfeited.
|
|win|moutisma-water
|raw|peach boy test's rating: 1209 &rarr; <strong>1182</strong><br />(-27 for losing)
|raw|moutisma-water's rating: 1185 &rarr; <strong>1212</strong><br />(+27 for winning)
|l|☆peach boy test
|player|p1|
|l|☆moutisma-water
|player|p2|
