|j|☆ju2508
|j|☆slash_poke
|t:|1757855400
|gametype|singles
|player|p1|ju2508|169|1198
|player|p2|slash_poke|volkner|1248
|gen|9
|tier|[Gen 9] OU
|rated|
|rule|HP Percentage Mod: HP is shown in percentages
|rule|Endless Battle Clause: Forcing endless battles is banned
|rule|Species Clause: Limit one of each Pokémon
|rule|OHKO Clause: OHKO moves are banned
|rule|Evasion Items Clause: Evasion items are banned
|rule|Evasion Moves Clause: Evasion moves are banned
|rule|Evasion Abilities Clause: Evasion abilities are banned
|rule|Sleep Moves Clause: Sleep-inducing moves are banned
|clearpoke
|poke|p1|Galvantula, F|
|poke|p1|Heracross, M|
|poke|p1|Forretress, F|
|poke|p1|Araquanid, M|
|poke|p1|Lokix, F|
|poke|p1|Venomoth, F|
|poke|p2|Swampert, M|
|poke|p2|Gardevoir, F|
|poke|p2|Kingambit, F|
|poke|p2|Arcanine, M|
|poke|p2|Salamence, F|
|poke|p2|Iron Hands|
|teampreview
|inactive|Battle timer is ON: inactive players will automatically lose when time's up. (requested by slash_poke)
|
|t:|1757855416
|teamsize|p1|6
|teamsize|p2|6
|start
|switch|p1a: Lokix|Lokix, F|100/100
|switch|p2a: Swampert|Swampert, M|100/100
|turn|1
|
|t:|1757855434
|move|p1a: Lokix|U-turn|p2a: Swampert
|-damage|p2a: Swampert|59/100
|-damage|p1a: Lokix|84/100|[from] item: Rocky Helmet|[of] p2a: Swampert
|
|t:|1757855439
|switch|p1a: Forretress|Forretress, F|100/100|[from] U-turn
|move|p2a: Swampert|Stealth Rock|p1a: Forretress
|-sidestart|p1: ju2508|move: Stealth Rock
|
|upkeep
|turn|2
|
|t:|1757855451
|move|p2a: Swampert|Knock Off|p1a: Forretress
|-damage|p1a: Forretress|81/100
|-enditem|p1a: Forretress|Leftovers|[from] move: Knock Off|[of] p2a: Swampert
|move|p1a: Forretress|Rapid Spin|p2a: Swampert
|-damage|p2a: Swampert|51/100
|-boost|p1a: Forretress|spe|1
|-damage|p1a: Forretress|64/100|[from] item: Rocky Helmet|[of] p2a: Swampert
|-sideend|p1: ju2508|Stealth Rock|[from] move: Rapid Spin|[of] p1a: Forretress
|
|upkeep
|turn|3
|
|t:|1757855460
|move|p1a: Forretress|Stealth Rock|p2a: Swampert
|-sidestart|p2: slash_poke|move: Stealth Rock
|move|p2a: Swampert|Earthquake|p1a: Forretress
|-damage|p1a: Forretress|36/100
|
|upkeep
|turn|4
|
|t:|1757855466
|move|p1a: Forretress|Spikes|p2a: Swampert
|-sidestart|p2: slash_poke|Spikes
|move|p2a: Swampert|Stealth Rock|p1a: Forretress
|-sidestart|p1: ju2508|move: Stealth Rock
|
|upkeep
|turn|5
|inactive|slash_poke has 120 seconds left.
|
|t:|1757855500
|switch|p2a: Arcanine|Arcanine, M|100/100
|-damage|p2a: Arcanine|76/100|[from] Stealth Rock
|-damage|p2a: Arcanine|63/100|[from] Spikes
|-ability|p2a: Arcanine|Intimidate|boost
|-unboost|p1a: Forretress|atk|1
|move|p1a: Forretress|Rapid Spin|p2a: Arcanine
|-damage|p2a: Arcanine|54/100
|-boost|p1a: Forretress|spe|1
|-sideend|p1: ju2508|Stealth Rock|[from] move: Rapid Spin|[of] p1a: Forretress
|
|upkeep
|turn|6
|
|t:|1757855510
|move|p2a: Arcanine|Flare Blitz|p1a: Forretress
|-supereffective|p1a: Forretress
|-damage|p1a: Forretress|0 fnt
|faint|p1a: Forretress
|-damage|p2a: Arcanine|41/100|[from] Recoil
|
|upkeep
|
|t:|1757855518
|switch|p1a: Heracross|Heracross, M|100/100
|turn|7
|
|t:|1757855522
|move|p1a: Heracross|Knock Off|p2a: Arcanine
|-crit|p2a: Arcanine
|-damage|p2a: Arcanine|0 fnt
|-enditem|p2a: Arcanine|Choice Band|[from] move: Knock Off|[of] p1a: Heracross
|faint|p2a: Arcanine
|-ability|p1a: Heracross|Moxie|boost
|-boost|p1a: Heracross|atk|1
|
|upkeep
|
|t:|1757855542
|switch|p2a: Iron Hands|Iron Hands|100/100
|-damage|p2a: Iron Hands|94/100|[from] Stealth Rock
|-damage|p2a: Iron Hands|82/100|[from] Spikes
|-enditem|p2a: Iron Hands|Booster Energy
|-activate|p2a: Iron Hands|ability: Quark Drive|[fromitem]
|-start|p2a: Iron Hands|quarkdriveatk
|turn|8
|inactive|slash_poke has 120 seconds left.
|
|t:|1757855577
|switch|p1a: Galvantula|Galvantula, F|100/100
|move|p2a: Iron Hands|Drain Punch|p1a: Galvantula
|-resisted|p1a: Galvantula
|-damage|p1a: Galvantula|49/100
|-heal|p2a: Iron Hands|96/100|[from] drain|[of] p1a: Galvantula
|
|upkeep
|turn|9
|
|t:|1757855588
|move|p1a: Galvantula|Sticky Web|p2a: Iron Hands
|-sidestart|p2: slash_poke|move: Sticky Web
|move|p2a: Iron Hands|Swords Dance|p2a: Iron Hands
|-boost|p2a: Iron Hands|atk|2
|
|upkeep
|turn|10
|
|t:|1757855597
|move|p1a: Galvantula|Bug Buzz|p2a: Iron Hands
|-resisted|p2a: Iron Hands
|-damage|p2a: Iron Hands|79/100
|move|p2a: Iron Hands|Ice Punch|p1a: Galvantula
|-damage|p1a: Galvantula|0 fnt
|faint|p1a: Galvantula
|
|upkeep
|
|t:|1757855608
|switch|p1a: Venomoth|Venomoth, F|100/100
|turn|11
|
|t:|1757855615
|-terastallize|p1a: Venomoth|Ground
|move|p1a: Venomoth|Quiver Dance|p1a: Venomoth
|-boost|p1a: Venomoth|spa|1
|-boost|p1a: Venomoth|spd|1
|-boost|p1a: Venomoth|spe|1
|move|p2a: Iron Hands|Thunder Punch|p1a: Venomoth
|-immune|p1a: Venomoth
|
|upkeep
|turn|12
|
|t:|1757855625
|move|p1a: Venomoth|Tera Blast|p2a: Iron Hands|[anim] Tera Blast Ground
|-supereffective|p2a: Iron Hands
|-damage|p2a: Iron Hands|0 fnt
|faint|p2a: Iron Hands
|-end|p2a: Iron Hands|Quark Drive|[silent]
|
|upkeep
|
|t:|1757855636
|switch|p2a: Swampert|Swampert, M|51/100
|-damage|p2a: Swampert|45/100|[from] Stealth Rock
|-damage|p2a: Swampert|32/100|[from] Spikes
|-activate|p2a: Swampert|move: Sticky Web
|-unboost|p2a: Swampert|spe|1
|turn|13
|
|t:|1757855650
|move|p1a: Venomoth|Giga Drain|p2a: Swampert
|-supereffective|p2a: Swampert
|-damage|p2a: Swampert|0 fnt
|faint|p2a: Swampert
|
|upkeep
|
|t:|1757855661
|switch|p2a: Salamence|Salamence, F|100/100
|-damage|p2a: Salamence|75/100|[from] Stealth Rock
|turn|14
|
|t:|1757855671
|move|p1a: Venomoth|Sludge Bomb|p2a: Salamence
|-damage|p2a: Salamence|0 fnt
|faint|p2a: Salamence
|
|upkeep
|inactive|slash_poke has 120 seconds left.
|
|t:|1757855696
|switch|p2a: Gardevoir|Gardevoir, F|100/100
|-damage|p2a: Gardevoir|88/100|[from] Stealth Rock
|-damage|p2a: Gardevoir|76/100|[from] Spikes
|-activate|p2a: Gardevoir|move: Sticky Web
|-unboost|p2a: Gardevoir|spe|1
|-ability|p2a: Gardevoir|Tinted Lens|Trace|[from] ability: Trace|[of] p1a: Venomoth
|turn|15
|
|t:|1757855716
|move|p1a: Venomoth|Sludge Bomb|p2a: Gardevoir
|-supereffective|p2a: Gardevoir
|-damage|p2a: Gardevoir|0 fnt
|faint|p2a: Gardevoir
|
|upkeep
|
|t:|1757855718
|switch|p2a: Kingambit|Kingambit, F|100/100
|-damage|p2a: Kingambit|94/100|[from] Stealth Rock
|-damage|p2a: Kingambit|82/100|[from] Spikes
|-activate|p2a: Kingambit|move: Sticky Web
|-unboost|p2a: Kingambit|spe|1
|-activate|p2a: Kingambit|ability: Supreme Overlord
|-start|p2a: Kingambit|fallen5|[silent]
|turn|16
|
|t:|1757855737
|-terastallize|p2a: Kingambit|Ghost
|move|p1a: Venomoth|Tera Blast|p2a: Kingambit|[anim] Tera Blast Ground
|-damage|p2a: Kingambit|28/100
|move|p2a: Kingambit|Swords Dance|p2a: Kingambit
|-boost|p2a: Kingambit|atk|2
|
|upkeep
|turn|17
|
|t:|1757855746
|move|p2a: Kingambit|Sucker Punch|p1a: Venomoth
|-damage|p1a: Venomoth|0 fnt
|faint|p1a: Venomoth
|
|upkeep
|
|t:|1757855756
|switch|p1a: Araquanid|Araquanid, M|100/100
|turn|18
|inactive|slash_poke has 120 seconds left.
|
|t:|1757855763
|move|p2a: Kingambit|Sucker Punch|p1a: Araquanid
|-damage|p1a: Araquanid|0 fnt
|faint|p1a: Araquanid
|
|upkeep
|
|t:|1757855770
|switch|p1a: Lokix|Lokix, F|84/100
|turn|19
|
|t:|1757855775
|move|p1a: Lokix|First Impression|p2a: Kingambit
|-resisted|p2a: Kingambit
|-damage|p2a: Kingambit|0 fnt
|faint|p2a: Kingambit
|-end|p2a: Kingambit|fallen5|[silent]
|
|win|ju2508
|raw|ju2508's rating: 1198 &rarr; <strong>1228</strong><br />(+30 for winning)
|raw|slash_poke's rating: 1268 &rarr; <strong>1238</strong><br />(-30 for losing)
|c|☆slash_poke|gg
|l|☆ju2508
|player|p1|
|l|☆slash_poke
|player|p2|
