|j|☆cr aries
|j|☆lzc123456
|t:|1757857032
|gametype|singles
|player|p1|cr aries|169|1735
|player|p2|lzc123456|cynthia-gen4|1663
|gen|9
|tier|[Gen 9] OU
|rated|
|rule|HP Percentage Mod: HP is shown in percentages
|rule|Endless Battle Clause: Forcing endless battles is banned
|rule|Species Clause: Limit one of each Pokémon
|rule|OHKO Clause: OHKO moves are banned
|rule|Evasion Items Clause: Evasion items are banned
|rule|Evasion Moves Clause: Evasion moves are banned
|rule|Evasion Abilities Clause: Evasion abilities are banned
|rule|Sleep Moves Clause: Sleep-inducing moves are banned
|clearpoke
|poke|p1|Weavile, F|
|poke|p1|Gholdengo|
|poke|p1|Slowking-Galar, M|
|poke|p1|Corviknight, M|
|poke|p1|Sandy Shocks|
|poke|p1|Heatran, F|
|poke|p2|Alomomola, F|
|poke|p2|Serperior, F|
|poke|p2|Garchomp, M|
|poke|p2|Iron Treads|
|poke|p2|Pelipper, M|
|poke|p2|Zamazenta-*|
|teampreview
|inactive|Battle timer is ON: inactive players will automatically lose when time's up. (requested by lzc123456)
|
|t:|1757857040
|teamsize|p1|6
|teamsize|p2|6
|start
|switch|p1a: Weavile|Weavile, F|100/100
|switch|p2a: 盾盾小狗|Zamazenta|100/100
|-ability|p2a: 盾盾小狗|Dauntless Shield|boost
|-boost|p2a: 盾盾小狗|def|1
|turn|1
|
|t:|1757857047
|switch|p1a: Gholdengo|Gholdengo|100/100
|move|p2a: 盾盾小狗|Crunch|p1a: Gholdengo
|-supereffective|p1a: Gholdengo
|-damage|p1a: Gholdengo|45/100
|
|upkeep
|turn|2
|
|t:|1757857052
|switch|p1a: Corviknight|Corviknight, M|100/100
|-ability|p1a: Corviknight|Pressure
|move|p2a: 盾盾小狗|Crunch|p1a: Corviknight
|-damage|p1a: Corviknight|78/100
|-damage|p2a: 盾盾小狗|84/100|[from] item: Rocky Helmet|[of] p1a: Corviknight
|
|upkeep
|turn|3
|
|t:|1757857055
|switch|p2a: 减10大王|Garchomp, M, shiny|100/100
|move|p1a: Corviknight|U-turn|p2a: 减10大王
|-damage|p2a: 减10大王|92/100
|-damage|p1a: Corviknight|65/100|[from] ability: Rough Skin|[of] p2a: 减10大王
|-damage|p1a: Corviknight|49/100|[from] item: Rocky Helmet|[of] p2a: 减10大王
|
|t:|1757857064
|switch|p1a: Weavile|Weavile, F|100/100|[from] U-turn
|
|upkeep
|turn|4
|
|t:|1757857074
|-terastallize|p2a: 减10大王|Ghost
|move|p1a: Weavile|Ice Shard|p2a: 减10大王
|-damage|p2a: 减10大王|79/100
|move|p2a: 减10大王|Earthquake|p1a: Weavile
|-damage|p1a: Weavile|31/100
|
|upkeep
|turn|5
|
|t:|1757857080
|switch|p1a: Corviknight|Corviknight, M|49/100
|-ability|p1a: Corviknight|Pressure
|move|p2a: 减10大王|Earthquake|p1a: Corviknight
|-immune|p1a: Corviknight
|
|upkeep
|turn|6
|
|t:|1757857082
|move|p2a: 减10大王|Stealth Rock|p1a: Corviknight
|-sidestart|p1: cr aries|move: Stealth Rock
|move|p1a: Corviknight|Roost|p1a: Corviknight
|-heal|p1a: Corviknight|99/100
|-singleturn|p1a: Corviknight|move: Roost
|
|upkeep
|turn|7
|
|t:|1757857085
|switch|p2a: 盖鸥卡|Pelipper, M, shiny|100/100
|-weather|RainDance|[from] ability: Drizzle|[of] p2a: 盖鸥卡
|move|p1a: Corviknight|Defog|p2a: 盖鸥卡
|-unboost|p2a: 盖鸥卡|evasion|1
|-sideend|p1: cr aries|Stealth Rock|[from] move: Defog|[of] p1a: Corviknight
|
|-weather|RainDance|[upkeep]
|upkeep
|turn|8
|
|t:|1757857089
|switch|p1a: Slowking|Slowking-Galar, M|100/100
|move|p2a: 盖鸥卡|Weather Ball|p1a: Slowking
|-damage|p1a: Slowking|35/100
|
|-weather|RainDance|[upkeep]
|upkeep
|turn|9
|
|t:|1757857100
|switch|p1a: Heatran|Heatran, F|100/100
|move|p2a: 盖鸥卡|Weather Ball|p1a: Heatran
|-supereffective|p1a: Heatran
|-damage|p1a: Heatran|0 fnt
|faint|p1a: Heatran
|
|-weather|RainDance|[upkeep]
|upkeep
|
|t:|1757857104
|switch|p1a: Weavile|Weavile, F|31/100
|turn|10
|
|t:|1757857109
|switch|p2a: 减10大王|Garchomp, M, shiny, tera:Ghost|79/100
|move|p1a: Weavile|Knock Off|p2a: 减10大王
|-supereffective|p2a: 减10大王
|-damage|p2a: 减10大王|14/100
|-damage|p1a: Weavile|18/100|[from] ability: Rough Skin|[of] p2a: 减10大王
|-damage|p1a: Weavile|2/100|[from] item: Rocky Helmet|[of] p2a: 减10大王
|-enditem|p2a: 减10大王|Rocky Helmet|[from] move: Knock Off|[of] p1a: Weavile
|
|-weather|RainDance|[upkeep]
|upkeep
|turn|11
|
|t:|1757857114
|move|p1a: Weavile|Ice Shard|p2a: 减10大王
|-crit|p2a: 减10大王
|-damage|p2a: 减10大王|0 fnt
|faint|p2a: 减10大王
|
|-weather|none
|upkeep
|
|t:|1757857122
|switch|p2a: 盾盾小狗|Zamazenta|84/100
|turn|12
|
|t:|1757857128
|switch|p1a: Corviknight|Corviknight, M|99/100
|-ability|p1a: Corviknight|Pressure
|move|p2a: 盾盾小狗|Crunch|p1a: Corviknight
|-damage|p1a: Corviknight|77/100
|-damage|p2a: 盾盾小狗|67/100|[from] item: Rocky Helmet|[of] p1a: Corviknight
|
|upkeep
|turn|13
|
|t:|1757857134
|switch|p2a: 小铁|Iron Treads|100/100
|move|p1a: Corviknight|U-turn|p2a: 小铁
|-resisted|p2a: 小铁
|-damage|p2a: 小铁|95/100
|
|t:|1757857141
|switch|p1a: Weavile|Weavile, F|2/100|[from] U-turn
|
|upkeep
|turn|14
|
|t:|1757857146
|move|p1a: Weavile|Low Kick|p2a: 小铁
|-supereffective|p2a: 小铁
|-damage|p2a: 小铁|36/100
|move|p2a: 小铁|Rapid Spin|p1a: Weavile
|-damage|p1a: Weavile|0 fnt
|-boost|p2a: 小铁|spe|1
|faint|p1a: Weavile
|
|upkeep
|
|t:|1757857152
|switch|p1a: Corviknight|Corviknight, M|77/100
|-ability|p1a: Corviknight|Pressure
|turn|15
|
|t:|1757857154
|move|p2a: 小铁|Knock Off|p1a: Corviknight
|-damage|p1a: Corviknight|62/100
|-damage|p2a: 小铁|19/100|[from] item: Rocky Helmet|[of] p1a: Corviknight
|-enditem|p1a: Corviknight|Rocky Helmet|[from] move: Knock Off|[of] p2a: 小铁
|move|p1a: Corviknight|Brave Bird|p2a: 小铁
|-resisted|p2a: 小铁
|-damage|p2a: 小铁|5/100
|-damage|p1a: Corviknight|57/100|[from] Recoil
|
|upkeep
|turn|16
|
|t:|1757857158
|move|p2a: 小铁|Volt Switch|p1a: Corviknight
|-supereffective|p1a: Corviknight
|-damage|p1a: Corviknight|36/100
|
|t:|1757857161
|-end|p2a: 小铁|Quark Drive|[silent]
|switch|p2a: 脏活累活|Alomomola, F|100/100|[from] Volt Switch
|move|p1a: Corviknight|Roost|p1a: Corviknight
|-heal|p1a: Corviknight|86/100
|-singleturn|p1a: Corviknight|move: Roost
|
|upkeep
|turn|17
|
|t:|1757857164
|move|p1a: Corviknight|Brave Bird|p2a: 脏活累活
|-damage|p2a: 脏活累活|76/100
|-damage|p1a: Corviknight|76/100|[from] Recoil
|move|p2a: 脏活累活|Flip Turn|p1a: Corviknight
|-damage|p1a: Corviknight|66/100
|
|t:|1757857166
|switch|p2a: 盖鸥卡|Pelipper, M, shiny|100/100|[from] Flip Turn
|-weather|RainDance|[from] ability: Drizzle|[of] p2a: 盖鸥卡
|
|-weather|RainDance|[upkeep]
|upkeep
|turn|18
|
|t:|1757857171
|move|p2a: 盖鸥卡|Weather Ball|p1a: Corviknight
|-damage|p1a: Corviknight|0 fnt
|faint|p1a: Corviknight
|
|-weather|RainDance|[upkeep]
|upkeep
|
|t:|1757857176
|switch|p1a: Slowking|Slowking-Galar, M|68/100
|turn|19
|
|t:|1757857184
|move|p2a: 盖鸥卡|Weather Ball|p1a: Slowking
|-damage|p1a: Slowking|11/100
|move|p1a: Slowking|Toxic Spikes|p2a: 盖鸥卡
|-sidestart|p2: lzc123456|move: Toxic Spikes
|
|-weather|RainDance|[upkeep]
|upkeep
|turn|20
|
|t:|1757857188
|move|p2a: 盖鸥卡|Weather Ball|p1a: Slowking
|-damage|p1a: Slowking|0 fnt
|faint|p1a: Slowking
|
|-weather|RainDance|[upkeep]
|upkeep
|
|t:|1757857190
|switch|p1a: Sandy Shocks|Sandy Shocks|100/100
|-enditem|p1a: Sandy Shocks|Booster Energy
|-activate|p1a: Sandy Shocks|ability: Protosynthesis|[fromitem]
|-start|p1a: Sandy Shocks|protosynthesisspe
|turn|21
|
|t:|1757857194
|switch|p2a: 小铁|Iron Treads|5/100
|move|p1a: Sandy Shocks|Thunderbolt|p2a: 小铁
|-immune|p2a: 小铁
|
|-weather|none
|upkeep
|turn|22
|
|t:|1757857197
|move|p1a: Sandy Shocks|Earth Power|p2a: 小铁
|-supereffective|p2a: 小铁
|-damage|p2a: 小铁|0 fnt
|faint|p2a: 小铁
|-end|p2a: 小铁|Quark Drive|[silent]
|
|upkeep
|
|t:|1757857203
|switch|p2a: 盾盾小狗|Zamazenta|67/100
|-status|p2a: 盾盾小狗|psn
|turn|23
|
|t:|1757857212
|move|p1a: Sandy Shocks|Volt Switch|p2a: 盾盾小狗
|-damage|p2a: 盾盾小狗|37/100 psn
|
|t:|1757857215
|-end|p1a: Sandy Shocks|Protosynthesis|[silent]
|switch|p1a: Gholdengo|Gholdengo|45/100|[from] Volt Switch
|move|p2a: 盾盾小狗|Close Combat|p1a: Gholdengo
|-immune|p1a: Gholdengo
|
|-damage|p2a: 盾盾小狗|25/100 psn|[from] psn
|upkeep
|turn|24
|
|t:|1757857220
|switch|p2a: 盖鸥卡|Pelipper, M, shiny|100/100
|-weather|RainDance|[from] ability: Drizzle|[of] p2a: 盖鸥卡
|move|p1a: Gholdengo|Recover|p1a: Gholdengo
|-heal|p1a: Gholdengo|95/100
|
|-weather|RainDance|[upkeep]
|upkeep
|turn|25
|
|t:|1757857225
|move|p2a: 盖鸥卡|Weather Ball|p1a: Gholdengo
|-damage|p1a: Gholdengo|0 fnt
|faint|p1a: Gholdengo
|
|-weather|RainDance|[upkeep]
|upkeep
|
|t:|1757857228
|switch|p1a: Sandy Shocks|Sandy Shocks|100/100
|turn|26
|
|t:|1757857233
|switch|p2a: 脏活累活|Alomomola, F|100/100
|-status|p2a: 脏活累活|psn
|move|p1a: Sandy Shocks|Thunderbolt|p2a: 脏活累活
|-supereffective|p2a: 脏活累活
|-damage|p2a: 脏活累活|55/100 psn
|
|-weather|RainDance|[upkeep]
|-damage|p2a: 脏活累活|43/100 psn|[from] psn
|upkeep
|turn|27
|
|t:|1757857236
|move|p1a: Sandy Shocks|Thunderbolt|p2a: 脏活累活
|-supereffective|p2a: 脏活累活
|-damage|p2a: 脏活累活|0 fnt
|faint|p2a: 脏活累活
|
|-weather|RainDance|[upkeep]
|upkeep
|
|t:|1757857238
|switch|p2a: 盾盾小狗|Zamazenta|25/100 psn
|turn|28
|
|t:|1757857242
|move|p2a: 盾盾小狗|Close Combat|p1a: Sandy Shocks
|-damage|p1a: Sandy Shocks|8/100
|-unboost|p2a: 盾盾小狗|def|1
|-unboost|p2a: 盾盾小狗|spd|1
|move|p1a: Sandy Shocks|Thunderbolt|p2a: 盾盾小狗
|-damage|p2a: 盾盾小狗|0 fnt
|faint|p2a: 盾盾小狗
|
|-weather|none
|upkeep
|
|t:|1757857245
|switch|p2a: 蛇姐|Serperior, F, shiny|100/100
|-status|p2a: 蛇姐|psn
|turn|29
|
|t:|1757857251
|-terastallize|p1a: Sandy Shocks|Ice
|move|p2a: 蛇姐|Leaf Storm|p1a: Sandy Shocks
|-damage|p1a: Sandy Shocks|0 fnt
|-boost|p2a: 蛇姐|spa|2
|faint|p1a: Sandy Shocks
|-end|p1a: Sandy Shocks|Protosynthesis|[silent]
|
|win|lzc123456
|raw|cr aries's rating: 1735 &rarr; <strong>1711</strong><br />(-24 for losing)
|raw|lzc123456's rating: 1663 &rarr; <strong>1687</strong><br />(+24 for winning)
|l|☆cr aries
|player|p1|
|l|☆lzc123456
|player|p2|
