|j|☆Naz-sama
|j|☆Max-Elie
|t:|1757919848
|gametype|singles
|player|p1|Naz-sama|lady|1550
|player|p2|Max-Elie|colress|1525
|gen|9
|tier|[Gen 9] OU
|rated|
|rule|HP Percentage Mod: HP is shown in percentages
|rule|Endless Battle Clause: Forcing endless battles is banned
|rule|Species Clause: Limit one of each Pokémon
|rule|OHKO Clause: OHKO moves are banned
|rule|Evasion Items Clause: Evasion items are banned
|rule|Evasion Moves Clause: Evasion moves are banned
|rule|Evasion Abilities Clause: Evasion abilities are banned
|rule|Sleep Moves Clause: Sleep-inducing moves are banned
|clearpoke
|poke|p1|Pelipper, F|
|poke|p1|Iron Treads|
|poke|p1|Hatterene, F|
|poke|p1|Toxicroak, F|
|poke|p1|Barraskewda, M|
|poke|p1|Talonflame, M|
|poke|p2|Torkoal, M|
|poke|p2|Raging Bolt|
|poke|p2|Great Tusk|
|poke|p2|Walking Wake|
|poke|p2|Cinderace, F|
|poke|p2|Moltres|
|teampreview
|inactive|Battle timer is ON: inactive players will automatically lose when time's up. (requested by Naz-sama)
|inactive|Max-Elie has 120 seconds left.
|
|t:|1757919892
|teamsize|p1|6
|teamsize|p2|6
|start
|switch|p1a: Barraskewda|Barraskewda, M|100/100
|switch|p2a: Cinderace|Cinderace, F|100/100
|turn|1
|
|t:|1757919904
|switch|p2a: Torkoal|Torkoal, M|100/100
|-weather|SunnyDay|[from] ability: Drought|[of] p2a: Torkoal
|move|p1a: Barraskewda|Flip Turn|p2a: Torkoal
|-supereffective|p2a: Torkoal
|-damage|p2a: Torkoal|61/100
|
|t:|1757919927
|switch|p1a: Pelipper|Pelipper, F|100/100|[from] Flip Turn
|-weather|RainDance|[from] ability: Drizzle|[of] p1a: Pelipper
|
|-weather|RainDance|[upkeep]
|upkeep
|turn|2
|
|t:|1757919941
|switch|p2a: Raging Bolt|Raging Bolt|100/100
|move|p1a: Pelipper|Surf|p2a: Raging Bolt
|-resisted|p2a: Raging Bolt
|-damage|p2a: Raging Bolt|79/100
|
|-weather|RainDance|[upkeep]
|upkeep
|turn|3
|
|t:|1757919952
|switch|p1a: Iron Treads|Iron Treads|100/100
|move|p2a: Raging Bolt|Draco Meteor|p1a: Iron Treads
|-resisted|p1a: Iron Treads
|-damage|p1a: Iron Treads|57/100
|-unboost|p2a: Raging Bolt|spa|2
|
|-weather|RainDance|[upkeep]
|-heal|p1a: Iron Treads|63/100|[from] item: Leftovers
|upkeep
|turn|4
|inactive|Naz-sama has 120 seconds left.
|
|t:|1757919975
|-end|p2a: Raging Bolt|Protosynthesis|[silent]
|switch|p2a: Moltres|Moltres|100/100
|move|p1a: Iron Treads|Volt Switch|p2a: Moltres
|-supereffective|p2a: Moltres
|-crit|p2a: Moltres
|-damage|p2a: Moltres|74/100
|inactive|Naz-sama has 120 seconds left.
|
|t:|1757919994
|-end|p1a: Iron Treads|Quark Drive|[silent]
|switch|p1a: Pelipper|Pelipper, F|100/100|[from] Volt Switch
|
|-weather|RainDance|[upkeep]
|upkeep
|turn|5
|
|t:|1757920004
|move|p2a: Moltres|U-turn|p1a: Pelipper
|-resisted|p1a: Pelipper
|-damage|p1a: Pelipper|94/100
|
|t:|1757920007
|switch|p2a: Torkoal|Torkoal, M|61/100|[from] U-turn
|-weather|SunnyDay|[from] ability: Drought|[of] p2a: Torkoal
|move|p1a: Pelipper|U-turn|p2a: Torkoal
|-resisted|p2a: Torkoal
|-damage|p2a: Torkoal|58/100
|inactive|Naz-sama has 90 seconds left.
|
|t:|1757920042
|switch|p1a: Barraskewda|Barraskewda, M|100/100|[from] U-turn
|
|-weather|SunnyDay|[upkeep]
|upkeep
|turn|6
|
|t:|1757920066
|switch|p2a: Moltres|Moltres|74/100
|move|p1a: Barraskewda|Flip Turn|p2a: Moltres
|-supereffective|p2a: Moltres
|-damage|p2a: Moltres|29/100
|
|t:|1757920077
|switch|p1a: Pelipper|Pelipper, F|94/100|[from] Flip Turn
|-weather|RainDance|[from] ability: Drizzle|[of] p1a: Pelipper
|
|-weather|RainDance|[upkeep]
|upkeep
|turn|7
|
|t:|1757920089
|move|p2a: Moltres|Roost|p2a: Moltres
|-heal|p2a: Moltres|79/100
|-singleturn|p2a: Moltres|move: Roost
|move|p1a: Pelipper|U-turn|p2a: Moltres
|-resisted|p2a: Moltres
|-damage|p2a: Moltres|75/100
|inactive|Naz-sama has 90 seconds left.
|
|t:|1757920108
|switch|p1a: Barraskewda|Barraskewda, M|100/100|[from] U-turn
|
|-weather|RainDance|[upkeep]
|upkeep
|turn|8
|
|t:|1757920113
|switch|p2a: Walking Wake|Walking Wake|100/100
|move|p1a: Barraskewda|Flip Turn|p2a: Walking Wake
|-resisted|p2a: Walking Wake
|-damage|p2a: Walking Wake|80/100
|
|t:|1757920126
|switch|p1a: Talonflame|Talonflame, M|100/100|[from] Flip Turn
|
|-weather|RainDance|[upkeep]
|upkeep
|turn|9
|
|t:|1757920132
|-end|p2a: Walking Wake|Protosynthesis|[silent]
|switch|p2a: Torkoal|Torkoal, M|58/100
|-weather|SunnyDay|[from] ability: Drought|[of] p2a: Torkoal
|-terastallize|p1a: Talonflame|Flying
|move|p1a: Talonflame|Hurricane|p2a: Torkoal|[miss]
|-miss|p1a: Talonflame|p2a: Torkoal
|
|-weather|SunnyDay|[upkeep]
|upkeep
|turn|10
|
|t:|1757920142
|switch|p1a: Pelipper|Pelipper, F|94/100
|-weather|RainDance|[from] ability: Drizzle|[of] p1a: Pelipper
|switch|p2a: Raging Bolt|Raging Bolt|79/100
|
|-weather|RainDance|[upkeep]
|upkeep
|turn|11
|
|t:|1757920150
|switch|p1a: Hatterene|Hatterene, F|100/100
|move|p2a: Raging Bolt|Draco Meteor|p1a: Hatterene
|-immune|p1a: Hatterene
|
|-weather|RainDance|[upkeep]
|upkeep
|turn|12
|inactive|Naz-sama has 120 seconds left.
|
|t:|1757920166
|-end|p2a: Raging Bolt|Protosynthesis|[silent]
|switch|p2a: Torkoal|Torkoal, M|58/100
|-weather|SunnyDay|[from] ability: Drought|[of] p2a: Torkoal
|move|p1a: Hatterene|Psychic Noise|p2a: Torkoal
|-damage|p2a: Torkoal|26/100
|-start|p2a: Torkoal|move: Heal Block
|
|-weather|SunnyDay|[upkeep]
|upkeep
|turn|13
|
|t:|1757920174
|switch|p2a: Moltres|Moltres|75/100
|move|p1a: Hatterene|Psychic Noise|p2a: Moltres
|-damage|p2a: Moltres|49/100
|-start|p2a: Moltres|move: Heal Block
|
|-weather|SunnyDay|[upkeep]
|upkeep
|turn|14
|inactive|Naz-sama has 120 seconds left.
|
|t:|1757920180
|move|p2a: Moltres|U-turn|p1a: Hatterene
|-damage|p1a: Hatterene|88/100
|-enditem|p1a: Hatterene|Eject Button
|inactive|Naz-sama has 120 seconds left.
|
|t:|1757920186
|switch|p1a: Pelipper|Pelipper, F|94/100
|-weather|RainDance|[from] ability: Drizzle|[of] p1a: Pelipper
|
|-weather|RainDance|[upkeep]
|-end|p2a: Moltres|move: Heal Block
|upkeep
|turn|15
|inactive|Naz-sama has 120 seconds left.
|
|t:|1757920203
|move|p2a: Moltres|U-turn|p1a: Pelipper
|-resisted|p1a: Pelipper
|-damage|p1a: Pelipper|87/100
|
|t:|1757920207
|switch|p2a: Torkoal|Torkoal, M|26/100|[from] U-turn
|-weather|SunnyDay|[from] ability: Drought|[of] p2a: Torkoal
|move|p1a: Pelipper|Surf|p2a: Torkoal
|-supereffective|p2a: Torkoal
|-damage|p2a: Torkoal|0 fnt
|faint|p2a: Torkoal
|
|-weather|SunnyDay|[upkeep]
|upkeep
|-message|Max-Elie forfeited.
|
|win|Naz-sama
|raw|Naz-sama's rating: 1550 &rarr; <strong>1569</strong><br />(+19 for winning)
|raw|Max-Elie's rating: 1525 &rarr; <strong>1506</strong><br />(-19 for losing)
|l|☆Max-Elie
|player|p2|
|l|☆Naz-sama
|player|p1|
