|j|☆Lord Spink
|j|☆norebuhl
|t:|1757900470
|gametype|singles
|player|p1|Lord Spink|169|1350
|player|p2|norebuhl|2|1381
|gen|9
|tier|[Gen 9] OU
|rated|
|rule|HP Percentage Mod: HP is shown in percentages
|rule|Endless Battle Clause: Forcing endless battles is banned
|rule|Species Clause: Limit one of each Pokémon
|rule|OHKO Clause: OHKO moves are banned
|rule|Evasion Items Clause: Evasion items are banned
|rule|Evasion Moves Clause: Evasion moves are banned
|rule|Evasion Abilities Clause: Evasion abilities are banned
|rule|Sleep Moves Clause: Sleep-inducing moves are banned
|clearpoke
|poke|p1|Vikavolt, F|
|poke|p1|Arcanine, M|
|poke|p1|Glimmora, F|
|poke|p1|Garchomp, F|
|poke|p1|Quaquaval, F|
|poke|p1|Wo-Chien|
|poke|p2|Dragonite, F|
|poke|p2|Kingambit, M|
|poke|p2|Great Tusk|
|poke|p2|Samurott-Hisui, M|
|poke|p2|Gholdengo|
|poke|p2|Iron Valiant|
|teampreview
|inactive|Battle timer is ON: inactive players will automatically lose when time's up. (requested by Lord Spink)
|
|t:|1757900483
|teamsize|p1|6
|teamsize|p2|6
|start
|switch|p1a: Vikavolt|Vikavolt, F|100/100
|switch|p2a: Samurott|Samurott-Hisui, M|100/100
|turn|1
|
|t:|1757900491
|move|p2a: Samurott|Ceaseless Edge|p1a: Vikavolt
|-damage|p1a: Vikavolt|57/100
|-sidestart|p1: Lord Spink|Spikes
|move|p1a: Vikavolt|Energy Ball|p2a: Samurott
|-supereffective|p2a: Samurott
|-enditem|p2a: Samurott|Focus Sash
|-damage|p2a: Samurott|1/100
|
|upkeep
|turn|2
|
|t:|1757900501
|move|p2a: Samurott|Ceaseless Edge|p1a: Vikavolt
|-damage|p1a: Vikavolt|8/100
|-sidestart|p1: Lord Spink|Spikes
|move|p1a: Vikavolt|Energy Ball|p2a: Samurott
|-supereffective|p2a: Samurott
|-damage|p2a: Samurott|0 fnt
|faint|p2a: Samurott
|
|upkeep
|
|t:|1757900525
|switch|p2a: Great Tusk|Great Tusk|100/100
|turn|3
|
|t:|1757900528
|move|p2a: Great Tusk|Knock Off|p1a: Vikavolt
|-damage|p1a: Vikavolt|0 fnt
|-enditem|p1a: Vikavolt|Assault Vest|[from] move: Knock Off|[of] p2a: Great Tusk
|faint|p1a: Vikavolt
|
|upkeep
|
|t:|1757900533
|switch|p1a: Quaquaval|Quaquaval, F|100/100
|turn|4
|
|t:|1757900537
|-end|p2a: Great Tusk|Protosynthesis|[silent]
|switch|p2a: Gholdengo|Gholdengo|100/100
|-item|p2a: Gholdengo|Air Balloon
|move|p1a: Quaquaval|Rapid Spin|p2a: Gholdengo
|-immune|p2a: Gholdengo
|
|upkeep
|turn|5
|
|t:|1757900544
|move|p1a: Quaquaval|U-turn|p2a: Gholdengo
|-resisted|p2a: Gholdengo
|-damage|p2a: Gholdengo|94/100
|-enditem|p2a: Gholdengo|Air Balloon
|
|t:|1757900549
|switch|p1a: Wo-Chien|Wo-Chien|100/100|[from] U-turn
|-damage|p1a: Wo-Chien|84/100|[from] Spikes
|-ability|p1a: Wo-Chien|Tablets of Ruin
|move|p2a: Gholdengo|Nasty Plot|p2a: Gholdengo
|-boost|p2a: Gholdengo|spa|2
|
|-heal|p1a: Wo-Chien|90/100|[from] item: Leftovers
|upkeep
|turn|6
|
|t:|1757900558
|move|p2a: Gholdengo|Make It Rain|p1a: Wo-Chien
|-damage|p1a: Wo-Chien|30/100
|-unboost|p2a: Gholdengo|spa|1
|move|p1a: Wo-Chien|Knock Off|p2a: Gholdengo
|-supereffective|p2a: Gholdengo
|-damage|p2a: Gholdengo|45/100
|
|-heal|p1a: Wo-Chien|36/100|[from] item: Leftovers
|upkeep
|turn|7
|
|t:|1757900570
|move|p2a: Gholdengo|Recover|p2a: Gholdengo
|-heal|p2a: Gholdengo|95/100
|move|p1a: Wo-Chien|Knock Off|p2a: Gholdengo
|-supereffective|p2a: Gholdengo
|-damage|p2a: Gholdengo|49/100
|
|-heal|p1a: Wo-Chien|42/100|[from] item: Leftovers
|upkeep
|turn|8
|
|t:|1757900577
|move|p2a: Gholdengo|Nasty Plot|p2a: Gholdengo
|-boost|p2a: Gholdengo|spa|2
|move|p1a: Wo-Chien|Knock Off|p2a: Gholdengo
|-supereffective|p2a: Gholdengo
|-damage|p2a: Gholdengo|3/100
|
|-heal|p1a: Wo-Chien|48/100|[from] item: Leftovers
|upkeep
|turn|9
|
|t:|1757900584
|move|p2a: Gholdengo|Recover|p2a: Gholdengo
|-heal|p2a: Gholdengo|53/100
|move|p1a: Wo-Chien|Knock Off|p2a: Gholdengo
|-supereffective|p2a: Gholdengo
|-damage|p2a: Gholdengo|9/100
|
|-heal|p1a: Wo-Chien|54/100|[from] item: Leftovers
|upkeep
|turn|10
|
|t:|1757900591
|move|p2a: Gholdengo|Make It Rain|p1a: Wo-Chien
|-damage|p1a: Wo-Chien|0 fnt
|-unboost|p2a: Gholdengo|spa|1
|faint|p1a: Wo-Chien
|
|upkeep
|
|t:|1757900598
|switch|p1a: Quaquaval|Quaquaval, F|100/100
|turn|11
|
|t:|1757900607
|move|p1a: Quaquaval|Aqua Step|p2a: Gholdengo
|-damage|p2a: Gholdengo|0 fnt
|-boost|p1a: Quaquaval|spe|1
|faint|p2a: Gholdengo
|-ability|p1a: Quaquaval|Moxie|boost
|-boost|p1a: Quaquaval|atk|1
|
|upkeep
|
|t:|1757900610
|switch|p2a: Iron Valiant|Iron Valiant|100/100
|-enditem|p2a: Iron Valiant|Booster Energy
|-activate|p2a: Iron Valiant|ability: Quark Drive|[fromitem]
|-start|p2a: Iron Valiant|quarkdrivespe
|turn|12
|
|t:|1757900625
|switch|p1a: Garchomp|Garchomp, F|100/100
|-damage|p1a: Garchomp|84/100|[from] Spikes
|-terastallize|p2a: Iron Valiant|Ghost
|move|p2a: Iron Valiant|Moonblast|p1a: Garchomp
|-supereffective|p1a: Garchomp
|-damage|p1a: Garchomp|0 fnt
|faint|p1a: Garchomp
|
|upkeep
|
|t:|1757900636
|switch|p1a: Glimmora|Glimmora, F|100/100
|-damage|p1a: Glimmora|84/100|[from] Spikes
|turn|13
|
|t:|1757900645
|move|p2a: Iron Valiant|Calm Mind|p2a: Iron Valiant
|-boost|p2a: Iron Valiant|spa|1
|-boost|p2a: Iron Valiant|spd|1
|move|p1a: Glimmora|Power Gem|p2a: Iron Valiant
|-damage|p2a: Iron Valiant|21/100
|
|upkeep
|turn|14
|
|t:|1757900651
|move|p2a: Iron Valiant|Shadow Ball|p1a: Glimmora
|-damage|p1a: Glimmora|6/100
|move|p1a: Glimmora|Power Gem|p2a: Iron Valiant
|-damage|p2a: Iron Valiant|0 fnt
|faint|p2a: Iron Valiant
|-end|p2a: Iron Valiant|Quark Drive|[silent]
|
|upkeep
|
|t:|1757900680
|switch|p2a: Dragonite|Dragonite, F|100/100
|turn|15
|
|t:|1757900683
|move|p1a: Glimmora|Power Gem|p2a: Dragonite
|-supereffective|p2a: Dragonite
|-damage|p2a: Dragonite|37/100
|move|p2a: Dragonite|Dragon Dance|p2a: Dragonite
|-boost|p2a: Dragonite|atk|1
|-boost|p2a: Dragonite|spe|1
|
|upkeep
|turn|16
|
|t:|1757900690
|move|p2a: Dragonite|Earthquake|p1a: Glimmora
|-supereffective|p1a: Glimmora
|-damage|p1a: Glimmora|0 fnt
|-activate|p1a: Glimmora|ability: Toxic Debris
|-sidestart|p2: norebuhl|move: Toxic Spikes
|faint|p1a: Glimmora
|
|upkeep
|
|t:|1757900698
|switch|p1a: Arcanine|Arcanine, M|100/100
|-damage|p1a: Arcanine|84/100|[from] Spikes
|-ability|p1a: Arcanine|Intimidate|boost
|-unboost|p2a: Dragonite|atk|1
|turn|17
|
|t:|1757900706
|-terastallize|p1a: Arcanine|Normal
|move|p1a: Arcanine|Extreme Speed|p2a: Dragonite
|-damage|p2a: Dragonite|0 fnt
|faint|p2a: Dragonite
|
|upkeep
|
|t:|1757900714
|switch|p2a: Great Tusk|Great Tusk|100/100
|turn|18
|
|t:|1757900720
|move|p1a: Arcanine|Extreme Speed|p2a: Great Tusk
|-damage|p2a: Great Tusk|54/100
|move|p2a: Great Tusk|Rapid Spin|p1a: Arcanine
|-damage|p1a: Arcanine|66/100
|-boost|p2a: Great Tusk|spe|1
|-sideend|p2: norebuhl|Toxic Spikes|[from] move: Rapid Spin|[of] p2a: Great Tusk
|
|upkeep
|turn|19
|
|t:|1757900730
|move|p1a: Arcanine|Extreme Speed|p2a: Great Tusk
|-damage|p2a: Great Tusk|12/100
|move|p2a: Great Tusk|Stealth Rock|p1a: Arcanine
|-sidestart|p1: Lord Spink|move: Stealth Rock
|
|upkeep
|turn|20
|
|t:|1757900739
|move|p1a: Arcanine|Extreme Speed|p2a: Great Tusk
|-damage|p2a: Great Tusk|0 fnt
|faint|p2a: Great Tusk
|-end|p2a: Great Tusk|Protosynthesis|[silent]
|
|upkeep
|
|t:|1757900743
|switch|p2a: Kingambit|Kingambit, M|100/100
|-activate|p2a: Kingambit|ability: Supreme Overlord
|-start|p2a: Kingambit|fallen5|[silent]
|turn|21
|
|t:|1757900747
|switch|p1a: Quaquaval|Quaquaval, F|100/100
|move|p2a: Kingambit|Swords Dance|p2a: Kingambit
|-boost|p2a: Kingambit|atk|2
|
|upkeep
|turn|22
|
|t:|1757900754
|move|p2a: Kingambit|Sucker Punch|p1a: Quaquaval
|-resisted|p1a: Quaquaval
|-damage|p1a: Quaquaval|21/100
|move|p1a: Quaquaval|Close Combat|p2a: Kingambit
|-supereffective|p2a: Kingambit
|-damage|p2a: Kingambit|0 fnt
|-unboost|p1a: Quaquaval|def|1
|-unboost|p1a: Quaquaval|spd|1
|faint|p2a: Kingambit
|-end|p2a: Kingambit|fallen5|[silent]
|
|win|Lord Spink
|raw|Lord Spink's rating: 1350 &rarr; <strong>1372</strong><br />(+22 for winning)
|raw|norebuhl's rating: 1381 &rarr; <strong>1359</strong><br />(-22 for losing)
|l|☆Lord Spink
|player|p1|
|l|☆norebuhl
|player|p2|
