|j|☆King Magikarp 3rd
|j|☆Jon Mateo
|t:|1757933853
|gametype|singles
|player|p1|King Magikarp 3rd|266|1285
|player|p2|Jon Mateo|266|1285
|gen|9
|tier|[Gen 9] OU
|rated|
|rule|HP Percentage Mod: HP is shown in percentages
|rule|Endless Battle Clause: Forcing endless battles is banned
|rule|Species Clause: Limit one of each Pokémon
|rule|OHKO Clause: OHKO moves are banned
|rule|Evasion Items Clause: Evasion items are banned
|rule|Evasion Moves Clause: Evasion moves are banned
|rule|Evasion Abilities Clause: Evasion abilities are banned
|rule|Sleep Moves Clause: Sleep-inducing moves are banned
|clearpoke
|poke|p1|Garganacl, M|
|poke|p1|Dragapult, F|
|poke|p1|Gliscor, F|
|poke|p1|Rotom-Wash|
|poke|p1|Iron Treads|
|poke|p1|Dragonite, F|
|poke|p2|Ceruledge, M|
|poke|p2|Lokix, F|
|poke|p2|Ampharos, M|
|poke|p2|Quaquaval, M|
|poke|p2|Gardevoir, M|
|poke|p2|Garchomp, F|
|teampreview
|inactive|Battle timer is ON: inactive players will automatically lose when time's up. (requested by King Magikarp 3rd)
|inactive|Jon Mateo has 120 seconds left.
|
|t:|1757933899
|teamsize|p1|6
|teamsize|p2|6
|start
|switch|p1a: Rotom|Rotom-Wash|100/100
|switch|p2a: Quaquaval|Quaquaval, M|100/100
|turn|1
|
|t:|1757933908
|switch|p2a: Ampharos|Ampharos, M|100/100
|move|p1a: Rotom|Will-O-Wisp|p2a: Ampharos
|-status|p2a: Ampharos|brn
|
|-damage|p2a: Ampharos|94/100 brn|[from] brn
|upkeep
|turn|2
|
|t:|1757933917
|move|p1a: Rotom|Volt Switch|p2a: Ampharos
|-resisted|p2a: Ampharos
|-damage|p2a: Ampharos|83/100 brn
|
|t:|1757933922
|switch|p1a: Gliscor|Gliscor, F|100/100|[from] Volt Switch
|move|p2a: Ampharos|Ice Punch|p1a: Gliscor
|-supereffective|p1a: Gliscor
|-damage|p1a: Gliscor|86/100
|
|-damage|p2a: Ampharos|76/100 brn|[from] brn
|-status|p1a: Gliscor|tox|[from] item: Toxic Orb
|upkeep
|turn|3
|
|t:|1757933933
|switch|p2a: Quaquaval|Quaquaval, M|100/100
|move|p1a: Gliscor|Spikes|p2a: Quaquaval
|-sidestart|p2: Jon Mateo|Spikes
|
|-heal|p1a: Gliscor|99/100 tox|[from] ability: Poison Heal
|upkeep
|turn|4
|
|t:|1757933948
|move|p2a: Quaquaval|U-turn|p1a: Gliscor
|-resisted|p1a: Gliscor
|-damage|p1a: Gliscor|88/100 tox
|
|t:|1757933952
|switch|p2a: Garchomp|Garchomp, F|100/100|[from] U-turn
|-damage|p2a: Garchomp|88/100|[from] Spikes
|move|p1a: Gliscor|Toxic|p2a: Garchomp
|-status|p2a: Garchomp|tox
|
|-damage|p2a: Garchomp|82/100 tox|[from] psn
|-heal|p1a: Gliscor|100/100 tox|[from] ability: Poison Heal
|upkeep
|turn|5
|
|t:|1757933961
|move|p2a: Garchomp|Swords Dance|p2a: Garchomp
|-boost|p2a: Garchomp|atk|2
|move|p1a: Gliscor|Spikes|p2a: Garchomp
|-sidestart|p2: Jon Mateo|Spikes
|
|-damage|p2a: Garchomp|70/100 tox|[from] psn
|upkeep
|turn|6
|
|t:|1757933967
|move|p2a: Garchomp|Scale Shot|p1a: Gliscor
|-damage|p1a: Gliscor|84/100 tox
|-damage|p1a: Gliscor|67/100 tox
|-damage|p1a: Gliscor|50/100 tox
|-damage|p1a: Gliscor|33/100 tox
|-damage|p1a: Gliscor|16/100 tox
|-hitcount|p1a: Gliscor|5
|-unboost|p2a: Garchomp|def|1
|-boost|p2a: Garchomp|spe|1
|move|p1a: Gliscor|Earthquake|p2a: Garchomp
|-damage|p2a: Garchomp|27/100 tox
|
|-damage|p2a: Garchomp|9/100 tox|[from] psn
|-heal|p1a: Gliscor|28/100 tox|[from] ability: Poison Heal
|upkeep
|turn|7
|
|t:|1757933978
|move|p1a: Gliscor|Protect|p1a: Gliscor
|-singleturn|p1a: Gliscor|Protect
|move|p2a: Garchomp|Iron Head|p1a: Gliscor
|-activate|p1a: Gliscor|move: Protect
|
|-damage|p2a: Garchomp|0 fnt|[from] psn
|faint|p2a: Garchomp
|-heal|p1a: Gliscor|41/100 tox|[from] ability: Poison Heal
|upkeep
|
|t:|1757933981
|switch|p2a: Quaquaval|Quaquaval, M|100/100
|-damage|p2a: Quaquaval|84/100|[from] Spikes
|turn|8
|
|t:|1757933986
|switch|p1a: Rotom|Rotom-Wash|100/100
|move|p2a: Quaquaval|Aqua Step|p1a: Rotom
|-resisted|p1a: Rotom
|-crit|p1a: Rotom
|-damage|p1a: Rotom|47/100
|-boost|p2a: Quaquaval|spe|1
|
|-heal|p1a: Rotom|53/100|[from] item: Leftovers
|upkeep
|turn|9
|
|t:|1757933994
|switch|p2a: Ampharos|Ampharos, M|76/100 brn
|-damage|p2a: Ampharos|60/100 brn|[from] Spikes
|move|p1a: Rotom|Volt Switch|p2a: Ampharos
|-resisted|p2a: Ampharos
|-damage|p2a: Ampharos|48/100 brn
|-enditem|p2a: Ampharos|Sitrus Berry|[eat]
|-heal|p2a: Ampharos|73/100 brn|[from] item: Sitrus Berry
|
|t:|1757933997
|switch|p1a: Gliscor|Gliscor, F|41/100 tox|[from] Volt Switch
|
|-heal|p1a: Gliscor|53/100 tox|[from] ability: Poison Heal
|-damage|p2a: Ampharos|67/100 brn|[from] brn
|upkeep
|turn|10
|
|t:|1757934000
|move|p1a: Gliscor|Protect|p1a: Gliscor
|-singleturn|p1a: Gliscor|Protect
|move|p2a: Ampharos|Ice Punch|p1a: Gliscor
|-activate|p1a: Gliscor|move: Protect
|
|-heal|p1a: Gliscor|66/100 tox|[from] ability: Poison Heal
|-damage|p2a: Ampharos|61/100 brn|[from] brn
|upkeep
|turn|11
|
|t:|1757934007
|move|p1a: Gliscor|Spikes|p2a: Ampharos
|-sidestart|p2: Jon Mateo|Spikes
|move|p2a: Ampharos|Ice Punch|p1a: Gliscor
|-supereffective|p1a: Gliscor
|-damage|p1a: Gliscor|50/100 tox
|
|-heal|p1a: Gliscor|62/100 tox|[from] ability: Poison Heal
|-damage|p2a: Ampharos|55/100 brn|[from] brn
|upkeep
|turn|12
|
|t:|1757934014
|switch|p2a: Gardevoir|Gardevoir, M|100/100
|-damage|p2a: Gardevoir|76/100|[from] Spikes
|move|p1a: Gliscor|Earthquake|p2a: Gardevoir
|-damage|p2a: Gardevoir|30/100
|
|-heal|p1a: Gliscor|75/100 tox|[from] ability: Poison Heal
|upkeep
|turn|13
|
|t:|1757934018
|move|p2a: Gardevoir|Trick|p1a: Gliscor
|-activate|p2a: Gardevoir|move: Trick|[of] p1a: Gliscor
|-item|p1a: Gliscor|Choice Scarf|[from] move: Trick
|-item|p2a: Gardevoir|Toxic Orb|[from] move: Trick
|move|p1a: Gliscor|Earthquake|p2a: Gardevoir
|-crit|p2a: Gardevoir
|-damage|p2a: Gardevoir|0 fnt
|faint|p2a: Gardevoir
|
|-heal|p1a: Gliscor|87/100 tox|[from] ability: Poison Heal
|upkeep
|
|t:|1757934024
|switch|p2a: Quaquaval|Quaquaval, M|84/100
|-damage|p2a: Quaquaval|59/100|[from] Spikes
|turn|14
|
|t:|1757934027
|-terastallize|p2a: Quaquaval|Water
|move|p1a: Gliscor|Earthquake|p2a: Quaquaval
|-damage|p2a: Quaquaval|18/100
|move|p2a: Quaquaval|Aqua Step|p1a: Gliscor
|-supereffective|p1a: Gliscor
|-damage|p1a: Gliscor|0 fnt
|-boost|p2a: Quaquaval|spe|1
|faint|p1a: Gliscor
|-ability|p2a: Quaquaval|Moxie|boost
|-boost|p2a: Quaquaval|atk|1
|
|upkeep
|
|t:|1757934035
|switch|p1a: Dragonite|Dragonite, F|100/100
|turn|15
|
|t:|1757934039
|move|p1a: Dragonite|Extreme Speed|p2a: Quaquaval
|-damage|p2a: Quaquaval|0 fnt
|faint|p2a: Quaquaval
|
|upkeep
|
|t:|1757934043
|switch|p2a: Ceruledge|Ceruledge, M|100/100
|-damage|p2a: Ceruledge|76/100|[from] Spikes
|turn|16
|
|t:|1757934048
|move|p2a: Ceruledge|Swords Dance|p2a: Ceruledge
|-boost|p2a: Ceruledge|atk|2
|move|p1a: Dragonite|Earthquake|p2a: Ceruledge
|-supereffective|p2a: Ceruledge
|-damage|p2a: Ceruledge|0 fnt
|faint|p2a: Ceruledge
|
|upkeep
|-message|Jon Mateo forfeited.
|
|win|King Magikarp 3rd
|raw|King Magikarp 3rd's rating: 1285 &rarr; <strong>1310</strong><br />(+25 for winning)
|raw|Jon Mateo's rating: 1285 &rarr; <strong>1260</strong><br />(-25 for losing)
|l|☆Jon Mateo
|player|p2|
|l|☆King Magikarp 3rd
|player|p1|
