|j|☆Perola Z
|j|☆don coleone
|t:|1757793667
|gametype|singles
|player|p1|Perola Z|parasollady|1517
|player|p2|don coleone|1|1471
|gen|9
|tier|[Gen 9] OU
|rated|
|rule|HP Percentage Mod: HP is shown in percentages
|rule|Endless Battle Clause: Forcing endless battles is banned
|rule|Species Clause: Limit one of each Pokémon
|rule|OHKO Clause: OHKO moves are banned
|rule|Evasion Items Clause: Evasion items are banned
|rule|Evasion Moves Clause: Evasion moves are banned
|rule|Evasion Abilities Clause: Evasion abilities are banned
|rule|Sleep Moves Clause: Sleep-inducing moves are banned
|clearpoke
|poke|p1|Enamorus, F|
|poke|p1|Zapdos-Galar|
|poke|p1|Latios, M|
|poke|p1|Cinderace, M|
|poke|p1|Iron Valiant|
|poke|p1|Primarina, M|
|poke|p2|Lokix, M|
|poke|p2|Comfey, F|
|poke|p2|Weezing-Galar, M|
|poke|p2|Feraligatr, M|
|poke|p2|Clodsire, F|
|poke|p2|Alomomola, M|
|teampreview
|
|t:|1757793681
|teamsize|p1|6
|teamsize|p2|6
|start
|switch|p1a: Zapdos|Zapdos-Galar|100/100
|switch|p2a: Alomomola|Alomomola, M|100/100
|turn|1
|inactive|Battle timer is ON: inactive players will automatically lose when time's up. (requested by don coleone)
|
|t:|1757793700
|move|p1a: Zapdos|Brave Bird|p2a: Alomomola
|-damage|p2a: Alomomola|56/100
|-damage|p1a: Zapdos|76/100|[from] Recoil
|move|p2a: Alomomola|Flip Turn|p1a: Zapdos
|-damage|p1a: Zapdos|56/100
|
|t:|1757793708
|switch|p2a: Weezing|Weezing-Galar, M|100/100|[from] Flip Turn
|-ability|p2a: Weezing|Neutralizing Gas
|
|upkeep
|turn|2
|
|t:|1757793729
|switch|p1a: Cinderace|Cinderace, M|100/100
|move|p2a: Weezing|Toxic|p1a: Cinderace
|-status|p1a: Cinderace|tox
|
|-damage|p1a: Cinderace|95/100 tox|[from] psn
|upkeep
|turn|3
|
|t:|1757793739
|-end|p2a: Weezing|ability: Neutralizing Gas
|switch|p2a: Alomomola|Alomomola, M|89/100
|move|p1a: Cinderace|Will-O-Wisp|p2a: Alomomola
|-status|p2a: Alomomola|brn
|
|-heal|p2a: Alomomola|95/100 brn|[from] item: Leftovers
|-damage|p1a: Cinderace|83/100 tox|[from] psn
|-damage|p2a: Alomomola|89/100 brn|[from] brn
|upkeep
|turn|4
|
|t:|1757793743
|move|p1a: Cinderace|U-turn|p2a: Alomomola
|-start|p1a: Cinderace|typechange|Bug|[from] ability: Libero
|-damage|p2a: Alomomola|72/100 brn
|
|t:|1757793748
|switch|p1a: Primarina|Primarina, M|100/100|[from] U-turn
|move|p2a: Alomomola|Flip Turn|p1a: Primarina
|-resisted|p1a: Primarina
|-damage|p1a: Primarina|95/100
|j| MasterEo8
|
|t:|1757793757
|switch|p2a: Comfey|Comfey, F|100/100|[from] Flip Turn
|
|upkeep
|turn|5
|
|t:|1757793768
|move|p2a: Comfey|Calm Mind|p2a: Comfey
|-boost|p2a: Comfey|spa|1
|-boost|p2a: Comfey|spd|1
|move|p1a: Primarina|Moonblast|p2a: Comfey
|-damage|p2a: Comfey|50/100
|
|upkeep
|turn|6
|
|t:|1757793776
|move|p2a: Comfey|Calm Mind|p2a: Comfey
|-boost|p2a: Comfey|spa|1
|-boost|p2a: Comfey|spd|1
|move|p1a: Primarina|Moonblast|p2a: Comfey
|-damage|p2a: Comfey|6/100
|
|upkeep
|turn|7
|
|t:|1757793779
|move|p2a: Comfey|Giga Drain|p1a: Primarina
|-supereffective|p1a: Primarina
|-damage|p1a: Primarina|0 fnt
|-heal|p2a: Comfey|53/100|[from] drain|[of] p1a: Primarina
|faint|p1a: Primarina
|-damage|p2a: Comfey|43/100|[from] item: Life Orb
|
|upkeep
|l| MasterEo8
|
|t:|1757793787
|switch|p1a: Cinderace|Cinderace, M|83/100 tox
|turn|8
|
|t:|1757793791
|switch|p2a: Alomomola|Alomomola, M|100/100 brn
|move|p1a: Cinderace|Pyro Ball|p2a: Alomomola|[miss]
|-miss|p1a: Cinderace|p2a: Alomomola
|
|-damage|p1a: Cinderace|77/100 tox|[from] psn
|-damage|p2a: Alomomola|94/100 brn|[from] brn
|upkeep
|turn|9
|
|t:|1757793797
|move|p1a: Cinderace|U-turn|p2a: Alomomola
|-start|p1a: Cinderace|typechange|Bug|[from] ability: Libero
|-damage|p2a: Alomomola|75/100 brn
|
|t:|1757793805
|switch|p1a: Zapdos|Zapdos-Galar|56/100|[from] U-turn
|move|p2a: Alomomola|Flip Turn|p1a: Zapdos
|-damage|p1a: Zapdos|45/100
|
|t:|1757793812
|switch|p2a: Weezing|Weezing-Galar, M|100/100|[from] Flip Turn
|-ability|p2a: Weezing|Neutralizing Gas
|
|upkeep
|turn|10
|
|t:|1757793823
|switch|p1a: Latios|Latios, M|100/100
|move|p2a: Weezing|Strange Steam|p1a: Latios
|-supereffective|p1a: Latios
|-damage|p1a: Latios|48/100
|
|upkeep
|turn|11
|
|t:|1757793830
|move|p1a: Latios|Luster Purge|p2a: Weezing
|-supereffective|p2a: Weezing
|-damage|p2a: Weezing|0 fnt
|faint|p2a: Weezing
|-end|p2a: Weezing|ability: Neutralizing Gas
|
|upkeep
|
|t:|1757793833
|switch|p2a: Lokix|Lokix, M|100/100
|turn|12
|
|t:|1757793840
|switch|p1a: Enamorus|Enamorus, F|100/100
|move|p2a: Lokix|Knock Off|p1a: Enamorus
|-resisted|p1a: Enamorus
|-damage|p1a: Enamorus|26/100
|-start|p2a: Lokix|Attract|[from] ability: Cute Charm|[of] p1a: Enamorus
|-enditem|p1a: Enamorus|Focus Sash|[from] move: Knock Off|[of] p2a: Lokix
|
|upkeep
|turn|13
|
|t:|1757793860
|switch|p1a: Latios|Latios, M|48/100
|-end|p2a: Lokix|Attract|[silent]
|switch|p2a: Clodsire|Clodsire, F|100/100
|
|upkeep
|turn|14
|
|t:|1757793872
|-terastallize|p2a: Clodsire|Dark
|move|p1a: Latios|Trick|p2a: Clodsire
|-activate|p1a: Latios|move: Trick|[of] p2a: Clodsire
|-item|p2a: Clodsire|Choice Specs|[from] move: Trick
|-item|p1a: Latios|Leftovers|[from] move: Trick
|move|p2a: Clodsire|Stealth Rock|p1a: Latios
|-sidestart|p1: Perola Z|move: Stealth Rock
|
|-heal|p1a: Latios|54/100|[from] item: Leftovers
|upkeep
|turn|15
|inactive|Perola Z has 120 seconds left.
|
|t:|1757793899
|switch|p1a: Cinderace|Cinderace, M|77/100 tox
|switch|p2a: Comfey|Comfey, F|43/100
|
|-damage|p1a: Cinderace|71/100 tox|[from] psn
|upkeep
|turn|16
|
|t:|1757793910
|switch|p2a: Feraligatr|Feraligatr, M|100/100
|move|p1a: Cinderace|Court Change|p1a: Cinderace
|-start|p1a: Cinderace|typechange|Normal|[from] ability: Libero
|-swapsideconditions
|-activate|p1a: Cinderace|move: Court Change
|
|-damage|p1a: Cinderace|59/100 tox|[from] psn
|upkeep
|turn|17
|
|t:|1757793916
|move|p1a: Cinderace|Will-O-Wisp|p2a: Feraligatr
|-status|p2a: Feraligatr|brn
|move|p2a: Feraligatr|Dragon Dance|p2a: Feraligatr
|-boost|p2a: Feraligatr|atk|1
|-boost|p2a: Feraligatr|spe|1
|
|-damage|p1a: Cinderace|41/100 tox|[from] psn
|-damage|p2a: Feraligatr|94/100 brn|[from] brn
|upkeep
|turn|18
|
|t:|1757793927
|move|p2a: Feraligatr|Liquidation|p1a: Cinderace
|-damage|p1a: Cinderace|0 fnt
|faint|p1a: Cinderace
|
|-damage|p2a: Feraligatr|88/100 brn|[from] brn
|upkeep
|inactive|Perola Z has 120 seconds left.
|
|t:|1757793947
|switch|p1a: Iron Valiant|Iron Valiant|100/100
|-enditem|p1a: Iron Valiant|Booster Energy
|-activate|p1a: Iron Valiant|ability: Quark Drive|[fromitem]
|-start|p1a: Iron Valiant|quarkdrivespe
|turn|19
|inactive|Perola Z has 120 seconds left.
|
|t:|1757793958
|move|p1a: Iron Valiant|Thunderbolt|p2a: Feraligatr
|-supereffective|p2a: Feraligatr
|-damage|p2a: Feraligatr|21/100 brn
|move|p2a: Feraligatr|Liquidation|p1a: Iron Valiant
|-damage|p1a: Iron Valiant|27/100
|
|-damage|p2a: Feraligatr|15/100 brn|[from] brn
|upkeep
|turn|20
|
|t:|1757793962
|move|p2a: Feraligatr|Aqua Jet|p1a: Iron Valiant
|-damage|p1a: Iron Valiant|3/100
|-damage|p2a: Feraligatr|5/100 brn|[from] item: Life Orb
|move|p1a: Iron Valiant|Thunderbolt|p2a: Feraligatr
|-supereffective|p2a: Feraligatr
|-damage|p2a: Feraligatr|0 fnt
|faint|p2a: Feraligatr
|
|upkeep
|
|t:|1757793966
|switch|p2a: Comfey|Comfey, F|43/100
|-damage|p2a: Comfey|31/100|[from] Stealth Rock
|turn|21
|
|t:|1757793983
|move|p2a: Comfey|Draining Kiss|p1a: Iron Valiant
|-supereffective|p1a: Iron Valiant
|-damage|p1a: Iron Valiant|0 fnt
|-heal|p2a: Comfey|32/100|[from] drain|[of] p1a: Iron Valiant
|faint|p1a: Iron Valiant
|-end|p1a: Iron Valiant|Quark Drive|[silent]
|-damage|p2a: Comfey|22/100|[from] item: Life Orb
|
|upkeep
|
|t:|1757793986
|switch|p1a: Zapdos|Zapdos-Galar|45/100
|turn|22
|
|t:|1757793998
|-terastallize|p1a: Zapdos|Electric
|move|p2a: Comfey|Draining Kiss|p1a: Zapdos
|-damage|p1a: Zapdos|13/100
|-heal|p2a: Comfey|48/100|[from] drain|[of] p1a: Zapdos
|-damage|p2a: Comfey|38/100|[from] item: Life Orb
|move|p1a: Zapdos|U-turn|p2a: Comfey
|-resisted|p2a: Comfey
|-damage|p2a: Comfey|18/100
|-message|Perola Z forfeited.
|
|win|don coleone
|raw|Perola Z's rating: 1517 &rarr; <strong>1494</strong><br />(-23 for losing)
|raw|don coleone's rating: 1471 &rarr; <strong>1494</strong><br />(+23 for winning)
|l|☆Perola Z
|player|p1|
|l|☆don coleone
|player|p2|
