|j|☆AtomicKnite
|j|☆zeigokashijiki
|t:|1757923297
|gametype|singles
|player|p1|AtomicKnite|benga|1082
|player|p2|zeigokashijiki|101|1050
|gen|9
|tier|[Gen 9] OU
|rated|
|rule|HP Percentage Mod: HP is shown in percentages
|rule|Endless Battle Clause: Forcing endless battles is banned
|rule|Species Clause: Limit one of each Pokémon
|rule|OHKO Clause: OHKO moves are banned
|rule|Evasion Items Clause: Evasion items are banned
|rule|Evasion Moves Clause: Evasion moves are banned
|rule|Evasion Abilities Clause: Evasion abilities are banned
|rule|Sleep Moves Clause: Sleep-inducing moves are banned
|clearpoke
|poke|p1|Torkoal, F|
|poke|p1|Scovillain, M|
|poke|p1|Slowking-Galar, M|
|poke|p1|Sandy Shocks|
|poke|p1|Whimsicott, M|
|poke|p1|Corviknight, F|
|poke|p2|Primeape, M|
|poke|p2|Ninetales, M|
|poke|p2|Whimsicott, M|
|poke|p2|Whiscash, M|
|poke|p2|Electrode|
|poke|p2|Carbink|
|teampreview
|
|t:|1757923305
|teamsize|p1|6
|teamsize|p2|6
|start
|switch|p1a: Torkoal|Torkoal, F, shiny|100/100
|switch|p2a: Carbink|Carbink|100/100
|-weather|SunnyDay|[from] ability: Drought|[of] p1a: Torkoal
|turn|1
|
|t:|1757923315
|move|p2a: Carbink|Light Screen|p2a: Carbink
|-sidestart|p2: zeigokashijiki|move: Light Screen
|move|p1a: Torkoal|Gyro Ball|p2a: Carbink
|-supereffective|p2a: Carbink
|-damage|p2a: Carbink|45/100
|
|-weather|SunnyDay|[upkeep]
|upkeep
|turn|2
|
|t:|1757923322
|move|p2a: Carbink|Reflect|p2a: Carbink
|-sidestart|p2: zeigokashijiki|Reflect
|move|p1a: Torkoal|Stealth Rock|p2a: Carbink
|-sidestart|p2: zeigokashijiki|move: Stealth Rock
|
|-weather|SunnyDay|[upkeep]
|upkeep
|turn|3
|
|t:|1757923328
|move|p2a: Carbink|Stealth Rock|p1a: Torkoal
|-sidestart|p1: AtomicKnite|move: Stealth Rock
|move|p1a: Torkoal|Weather Ball|p2a: Carbink
|-resisted|p2a: Carbink
|-damage|p2a: Carbink|38/100
|
|-weather|SunnyDay|[upkeep]
|upkeep
|turn|4
|
|t:|1757923341
|switch|p2a: Whimsicott|Whimsicott, M|100/100
|-damage|p2a: Whimsicott|88/100|[from] Stealth Rock
|move|p1a: Torkoal|Gyro Ball|p2a: Whimsicott
|-supereffective|p2a: Whimsicott
|-damage|p2a: Whimsicott|46/100
|
|-weather|SunnyDay|[upkeep]
|upkeep
|turn|5
|
|t:|1757923354
|switch|p1a: Slowking|Slowking-Galar, M, shiny|100/100
|-damage|p1a: Slowking|88/100|[from] Stealth Rock
|-terastallize|p2a: Whimsicott|Fire
|move|p2a: Whimsicott|Growth|p2a: Whimsicott
|-boost|p2a: Whimsicott|atk|2
|-boost|p2a: Whimsicott|spa|2
|
|-weather|SunnyDay|[upkeep]
|upkeep
|turn|6
|
|t:|1757923370
|move|p2a: Whimsicott|Tera Blast|p1a: Slowking|[anim] Tera Blast Fire
|-damage|p1a: Slowking|0 fnt
|faint|p1a: Slowking
|-damage|p2a: Whimsicott|37/100|[from] item: Life Orb
|
|-weather|SunnyDay|[upkeep]
|upkeep
|
|t:|1757923390
|switch|p1a: Sandy Shocks|Sandy Shocks, shiny|100/100
|-damage|p1a: Sandy Shocks|94/100|[from] Stealth Rock
|-item|p1a: Sandy Shocks|Air Balloon
|-activate|p1a: Sandy Shocks|ability: Protosynthesis
|-start|p1a: Sandy Shocks|protosynthesisspe
|turn|7
|
|t:|1757923401
|move|p2a: Whimsicott|Solar Beam||[still]
|-prepare|p2a: Whimsicott|Solar Beam
|-anim|p2a: Whimsicott|Solar Beam|p1a: Sandy Shocks
|-supereffective|p1a: Sandy Shocks
|-damage|p1a: Sandy Shocks|0 fnt
|-enditem|p1a: Sandy Shocks|Air Balloon
|faint|p1a: Sandy Shocks
|-end|p1a: Sandy Shocks|Protosynthesis|[silent]
|-damage|p2a: Whimsicott|27/100|[from] item: Life Orb
|
|-weather|SunnyDay|[upkeep]
|upkeep
|
|t:|1757923415
|switch|p1a: Whimsicott|Whimsicott, M, shiny|100/100
|turn|8
|
|t:|1757923426
|move|p1a: Whimsicott|Tailwind|p1a: Whimsicott
|-sidestart|p1: AtomicKnite|move: Tailwind
|move|p2a: Whimsicott|Tera Blast|p1a: Whimsicott|[anim] Tera Blast Fire
|-supereffective|p1a: Whimsicott
|-damage|p1a: Whimsicott|0 fnt
|faint|p1a: Whimsicott
|-damage|p2a: Whimsicott|17/100|[from] item: Life Orb
|
|-weather|none
|-sideend|p2: zeigokashijiki|move: Light Screen
|upkeep
|
|t:|1757923434
|switch|p1a: Torkoal|Torkoal, F, shiny|100/100
|-damage|p1a: Torkoal|76/100|[from] Stealth Rock
|-weather|SunnyDay|[from] ability: Drought|[of] p1a: Torkoal
|turn|9
|
|t:|1757923443
|move|p2a: Whimsicott|Moonblast|p1a: Torkoal
|-resisted|p1a: Torkoal
|-damage|p1a: Torkoal|31/100
|-damage|p2a: Whimsicott|7/100|[from] item: Life Orb
|move|p1a: Torkoal|Clear Smog|p2a: Whimsicott
|-damage|p2a: Whimsicott|0 fnt
|-clearboost|p2a: Whimsicott
|faint|p2a: Whimsicott
|
|-weather|SunnyDay|[upkeep]
|-sideend|p2: zeigokashijiki|Reflect
|upkeep
|
|t:|1757923460
|switch|p2a: Carbink|Carbink|38/100
|-damage|p2a: Carbink|26/100|[from] Stealth Rock
|turn|10
|
|t:|1757923464
|move|p2a: Carbink|Reflect|p2a: Carbink
|-sidestart|p2: zeigokashijiki|Reflect
|move|p1a: Torkoal|Gyro Ball|p2a: Carbink
|-supereffective|p2a: Carbink
|-damage|p2a: Carbink|11/100
|
|-weather|SunnyDay|[upkeep]
|upkeep
|turn|11
|
|t:|1757923471
|move|p2a: Carbink|Light Screen|p2a: Carbink
|-sidestart|p2: zeigokashijiki|move: Light Screen
|move|p1a: Torkoal|Gyro Ball|p2a: Carbink
|-supereffective|p2a: Carbink
|-crit|p2a: Carbink
|-damage|p2a: Carbink|0 fnt
|faint|p2a: Carbink
|
|-weather|SunnyDay|[upkeep]
|-sideend|p1: AtomicKnite|move: Tailwind
|upkeep
|
|t:|1757923496
|switch|p2a: Whiscash|Whiscash, M|100/100
|-damage|p2a: Whiscash|94/100|[from] Stealth Rock
|turn|12
|
|t:|1757923503
|switch|p1a: Scovillain|Scovillain, M|100/100
|-damage|p1a: Scovillain|76/100|[from] Stealth Rock
|move|p2a: Whiscash|Dragon Dance|p2a: Whiscash
|-boost|p2a: Whiscash|atk|1
|-boost|p2a: Whiscash|spe|1
|
|-weather|SunnyDay|[upkeep]
|-heal|p2a: Whiscash|100/100|[from] item: Leftovers
|upkeep
|turn|13
|
|t:|1757923521
|move|p1a: Scovillain|Solar Beam||[still]
|-prepare|p1a: Scovillain|Solar Beam
|-anim|p1a: Scovillain|Solar Beam|p2a: Whiscash
|-supereffective|p2a: Whiscash
|-damage|p2a: Whiscash|0 fnt
|faint|p2a: Whiscash
|
|-weather|SunnyDay|[upkeep]
|upkeep
|
|t:|1757923536
|switch|p2a: Ninetales|Ninetales, M|100/100
|-damage|p2a: Ninetales|76/100|[from] Stealth Rock
|turn|14
|
|t:|1757923544
|move|p1a: Scovillain|Solar Beam||[still]
|-prepare|p1a: Scovillain|Solar Beam
|-anim|p1a: Scovillain|Solar Beam|p2a: Ninetales
|-resisted|p2a: Ninetales
|-damage|p2a: Ninetales|58/100
|move|p2a: Ninetales|Encore|p1a: Scovillain
|-start|p1a: Scovillain|Encore
|
|-weather|SunnyDay|[upkeep]
|upkeep
|turn|15
|
|t:|1757923554
|switch|p1a: Corviknight|Corviknight, F, shiny|100/100
|-damage|p1a: Corviknight|88/100|[from] Stealth Rock
|move|p2a: Ninetales|Weather Ball|p1a: Corviknight
|-supereffective|p1a: Corviknight
|-damage|p1a: Corviknight|14/100
|
|-weather|SunnyDay|[upkeep]
|-heal|p1a: Corviknight|21/100|[from] item: Leftovers
|upkeep
|turn|16
|
|t:|1757923572
|move|p2a: Ninetales|Weather Ball|p1a: Corviknight
|-supereffective|p1a: Corviknight
|-damage|p1a: Corviknight|0 fnt
|faint|p1a: Corviknight
|
|-weather|none
|upkeep
|
|t:|1757923577
|switch|p1a: Torkoal|Torkoal, F, shiny|31/100
|-damage|p1a: Torkoal|6/100|[from] Stealth Rock
|-weather|SunnyDay|[from] ability: Drought|[of] p1a: Torkoal
|turn|17
|
|t:|1757923587
|move|p2a: Ninetales|Weather Ball|p1a: Torkoal
|-resisted|p1a: Torkoal
|-damage|p1a: Torkoal|0 fnt
|faint|p1a: Torkoal
|
|-weather|SunnyDay|[upkeep]
|-sideend|p2: zeigokashijiki|Reflect
|upkeep
|
|t:|1757923593
|switch|p1a: Scovillain|Scovillain, M|76/100
|-damage|p1a: Scovillain|51/100|[from] Stealth Rock
|turn|18
|
|t:|1757923612
|move|p1a: Scovillain|Solar Beam||[still]
|-prepare|p1a: Scovillain|Solar Beam
|-anim|p1a: Scovillain|Solar Beam|p2a: Ninetales
|-resisted|p2a: Ninetales
|-damage|p2a: Ninetales|41/100
|move|p2a: Ninetales|Weather Ball|p1a: Scovillain
|-damage|p1a: Scovillain|0 fnt
|faint|p1a: Scovillain
|
|win|zeigokashijiki
|raw|AtomicKnite's rating: 1082 &rarr; <strong>1058</strong><br />(-24 for losing)
|raw|zeigokashijiki's rating: 1050 &rarr; <strong>1085</strong><br />(+35 for winning)
|l|☆zeigokashijiki
|player|p2|
|l|☆AtomicKnite
|player|p1|
