|j|☆enormouschilli
|j|☆Fachemaispasfacho
|t:|1757942980
|gametype|singles
|player|p1|enormouschilli|101|1367
|player|p2|Fachemaispasfacho|backpacker|1318
|gen|9
|tier|[Gen 9] OU
|rated|
|rule|HP Percentage Mod: HP is shown in percentages
|rule|Endless Battle Clause: Forcing endless battles is banned
|rule|Species Clause: Limit one of each Pokémon
|rule|OHKO Clause: OHKO moves are banned
|rule|Evasion Items Clause: Evasion items are banned
|rule|Evasion Moves Clause: Evasion moves are banned
|rule|Evasion Abilities Clause: Evasion abilities are banned
|rule|Sleep Moves Clause: Sleep-inducing moves are banned
|clearpoke
|poke|p1|Zamazenta-*|
|poke|p1|Glimmora, F|
|poke|p1|Meowscarada, M|
|poke|p1|Gholdengo|
|poke|p1|Ting-Lu|
|poke|p1|Hydrapple, F|
|poke|p2|Golduck, M|
|poke|p2|Dragapult, M|
|poke|p2|Zapdos|
|poke|p2|Pelipper, M|
|poke|p2|Iron Treads|
|poke|p2|Samurott-Hisui, M|
|teampreview
|inactive|Battle timer is ON: inactive players will automatically lose when time's up. (requested by Fachemaispasfacho)
|
|t:|1757942993
|teamsize|p1|6
|teamsize|p2|6
|start
|switch|p1a: Meowscarada|Meowscarada, M|100/100
|switch|p2a: Droideka|Iron Treads|100/100
|turn|1
|
|t:|1757942999
|move|p1a: Meowscarada|U-turn|p2a: Droideka
|-start|p1a: Meowscarada|typechange|Bug|[from] ability: Protean
|-resisted|p2a: Droideka
|-damage|p2a: Droideka|89/100
|
|t:|1757943002
|switch|p1a: Gholdengo|Gholdengo|100/100|[from] U-turn
|-item|p1a: Gholdengo|Air Balloon
|move|p2a: Droideka|Stealth Rock|p1a: Gholdengo
|-sidestart|p1: enormouschilli|move: Stealth Rock
|
|-heal|p2a: Droideka|95/100|[from] item: Leftovers
|upkeep
|turn|2
|
|t:|1757943005
|move|p2a: Droideka|Volt Switch|p1a: Gholdengo
|-damage|p1a: Gholdengo|89/100
|-enditem|p1a: Gholdengo|Air Balloon
|
|t:|1757943009
|-end|p2a: Droideka|Quark Drive|[silent]
|switch|p2a: Dauntless|Samurott-Hisui, M|100/100|[from] Volt Switch
|move|p1a: Gholdengo|Nasty Plot|p1a: Gholdengo
|-boost|p1a: Gholdengo|spa|2
|
|upkeep
|turn|3
|
|t:|1757943015
|-terastallize|p1a: Gholdengo|Fairy
|move|p2a: Dauntless|Ceaseless Edge|p1a: Gholdengo
|-resisted|p1a: Gholdengo
|-damage|p1a: Gholdengo|64/100
|-sidestart|p1: enormouschilli|Spikes
|move|p1a: Gholdengo|Dazzling Gleam|p2a: Dauntless
|-supereffective|p2a: Dauntless
|-damage|p2a: Dauntless|0 fnt
|faint|p2a: Dauntless
|
|upkeep
|
|t:|1757943022
|switch|p2a: Droideka|Iron Treads|95/100
|turn|4
|
|t:|1757943028
|move|p2a: Droideka|Earthquake|p1a: Gholdengo
|-damage|p1a: Gholdengo|38/100
|move|p1a: Gholdengo|Recover|p1a: Gholdengo
|-heal|p1a: Gholdengo|88/100
|
|-heal|p2a: Droideka|100/100|[from] item: Leftovers
|upkeep
|turn|5
|
|t:|1757943034
|switch|p1a: Hydrapple|Hydrapple, F|100/100
|move|p2a: Droideka|Volt Switch|p1a: Hydrapple
|-resisted|p1a: Hydrapple
|-damage|p1a: Hydrapple|98/100
|
|t:|1757943036
|-end|p2a: Droideka|Quark Drive|[silent]
|switch|p2a: WingedRat|Pelipper, M|100/100|[from] Volt Switch
|-weather|RainDance|[from] ability: Drizzle|[of] p2a: WingedRat
|
|-weather|RainDance|[upkeep]
|upkeep
|turn|6
|
|t:|1757943043
|move|p1a: Hydrapple|Fickle Beam|p2a: WingedRat
|-damage|p2a: WingedRat|70/100
|move|p2a: WingedRat|U-turn|p1a: Hydrapple
|-supereffective|p1a: Hydrapple
|-damage|p1a: Hydrapple|87/100
|
|t:|1757943051
|switch|p2a: Misty's Psyduck|Golduck, M|100/100|[from] U-turn
|
|-weather|RainDance|[upkeep]
|upkeep
|turn|7
|
|t:|1757943057
|move|p2a: Misty's Psyduck|Nasty Plot|p2a: Misty's Psyduck
|-boost|p2a: Misty's Psyduck|spa|2
|move|p1a: Hydrapple|Giga Drain|p2a: Misty's Psyduck
|-supereffective|p2a: Misty's Psyduck
|-damage|p2a: Misty's Psyduck|14/100
|-heal|p1a: Hydrapple|100/100|[from] drain|[of] p2a: Misty's Psyduck
|
|-weather|RainDance|[upkeep]
|upkeep
|turn|8
|
|t:|1757943064
|move|p2a: Misty's Psyduck|Ice Beam|p1a: Hydrapple
|-supereffective|p1a: Hydrapple
|-damage|p1a: Hydrapple|0 fnt
|faint|p1a: Hydrapple
|-damage|p2a: Misty's Psyduck|4/100|[from] item: Life Orb
|
|-weather|RainDance|[upkeep]
|upkeep
|
|t:|1757943073
|switch|p1a: Zamazenta|Zamazenta|100/100
|-ability|p1a: Zamazenta|Dauntless Shield|boost
|-boost|p1a: Zamazenta|def|1
|turn|9
|
|t:|1757943077
|move|p2a: Misty's Psyduck|Surf|p1a: Zamazenta
|-damage|p1a: Zamazenta|0 fnt
|faint|p1a: Zamazenta
|-damage|p2a: Misty's Psyduck|0 fnt|[from] item: Life Orb
|faint|p2a: Misty's Psyduck
|
|-weather|RainDance|[upkeep]
|upkeep
|
|t:|1757943083
|switch|p1a: Meowscarada|Meowscarada, M|100/100
|switch|p2a: Starboy|Dragapult, M|100/100
|-damage|p1a: Meowscarada|88/100|[from] Stealth Rock
|-damage|p1a: Meowscarada|76/100|[from] Spikes
|turn|10
|
|t:|1757943086
|move|p1a: Meowscarada|Knock Off|p2a: Starboy
|-start|p1a: Meowscarada|typechange|Dark|[from] ability: Protean
|-supereffective|p2a: Starboy
|-damage|p2a: Starboy|0 fnt
|-enditem|p2a: Starboy|Choice Specs|[from] move: Knock Off|[of] p1a: Meowscarada
|faint|p2a: Starboy
|
|-weather|RainDance|[upkeep]
|upkeep
|
|t:|1757943090
|switch|p2a: BigBird|Zapdos|100/100
|turn|11
|
|t:|1757943093
|switch|p1a: Ting-Lu|Ting-Lu|100/100
|-damage|p1a: Ting-Lu|94/100|[from] Stealth Rock
|-damage|p1a: Ting-Lu|82/100|[from] Spikes
|-ability|p1a: Ting-Lu|Vessel of Ruin
|move|p2a: BigBird|Hurricane|p1a: Ting-Lu
|-damage|p1a: Ting-Lu|62/100
|
|-weather|RainDance|[upkeep]
|-heal|p1a: Ting-Lu|68/100|[from] item: Leftovers
|upkeep
|turn|12
|
|t:|1757943097
|move|p2a: BigBird|U-turn|p1a: Ting-Lu
|-supereffective|p1a: Ting-Lu
|-damage|p1a: Ting-Lu|53/100
|
|t:|1757943101
|switch|p2a: WingedRat|Pelipper, M|70/100|[from] U-turn
|move|p1a: Ting-Lu|Ruination|p2a: WingedRat
|-damage|p2a: WingedRat|35/100
|
|-weather|none
|-heal|p1a: Ting-Lu|59/100|[from] item: Leftovers
|upkeep
|turn|13
|
|t:|1757943110
|move|p1a: Ting-Lu|Rest|p1a: Ting-Lu
|-status|p1a: Ting-Lu|slp|[from] move: Rest
|-heal|p1a: Ting-Lu|100/100 slp|[silent]
|move|p2a: WingedRat|U-turn|p1a: Ting-Lu
|-supereffective|p1a: Ting-Lu
|-damage|p1a: Ting-Lu|90/100 slp
|
|t:|1757943115
|switch|p2a: BigBird|Zapdos|100/100|[from] U-turn
|
|-heal|p1a: Ting-Lu|97/100 slp|[from] item: Leftovers
|upkeep
|turn|14
|-message|Fachemaispasfacho forfeited.
|
|win|enormouschilli
|raw|enormouschilli's rating: 1367 &rarr; <strong>1384</strong><br />(+17 for winning)
|raw|Fachemaispasfacho's rating: 1318 &rarr; <strong>1301</strong><br />(-17 for losing)
|l|☆Fachemaispasfacho
|player|p2|
|l|☆enormouschilli
|player|p1|
