|j|☆poppylikecats
|j|☆GatosLover
|t:|1757915507
|gametype|singles
|player|p1|poppylikecats|iris|1377
|player|p2|GatosLover|marnie|1399
|gen|9
|tier|[Gen 9] OU
|rated|
|rule|HP Percentage Mod: HP is shown in percentages
|rule|Endless Battle Clause: Forcing endless battles is banned
|rule|Species Clause: Limit one of each Pokémon
|rule|OHKO Clause: OHKO moves are banned
|rule|Evasion Items Clause: Evasion items are banned
|rule|Evasion Moves Clause: Evasion moves are banned
|rule|Evasion Abilities Clause: Evasion abilities are banned
|rule|Sleep Moves Clause: Sleep-inducing moves are banned
|clearpoke
|poke|p1|Iron Crown|
|poke|p1|Meowscarada, F|
|poke|p1|Great Tusk|
|poke|p1|Pecharunt|
|poke|p1|Ting-Lu|
|poke|p1|Iron Valiant|
|poke|p2|Malamar, F|
|poke|p2|Cresselia, F|
|poke|p2|Porygon2|
|poke|p2|Ursaluna, F|
|poke|p2|Hatterene, F|
|poke|p2|Torkoal, F|
|teampreview
|inactive|Battle timer is ON: inactive players will automatically lose when time's up. (requested by poppylikecats)
|c|☆poppylikecats|my friend malamar
|c|☆poppylikecats|hf
|c|☆GatosLover|ty u2
|
|t:|1757915527
|teamsize|p1|6
|teamsize|p2|6
|start
|switch|p1a: Meowscarada|Meowscarada, F|100/100
|switch|p2a: Aura|Ursaluna, F|100/100
|turn|1
|
|t:|1757915538
|switch|p2a: Mary Jane Holland|Hatterene, F|100/100
|move|p1a: Meowscarada|U-turn|p2a: Mary Jane Holland
|-start|p1a: Meowscarada|typechange|Bug|[from] ability: Protean
|-damage|p2a: Mary Jane Holland|50/100
|
|t:|1757915545
|switch|p1a: Iron Crown|Iron Crown|100/100|[from] U-turn
|
|-heal|p2a: Mary Jane Holland|56/100|[from] item: Leftovers
|upkeep
|turn|2
|
|t:|1757915562
|switch|p2a: G.U.Y.|Porygon2|100/100
|-ability|p2a: G.U.Y.|Download|boost
|-boost|p2a: G.U.Y.|atk|1
|move|p1a: Iron Crown|Tachyon Cutter|p2a: G.U.Y.
|-damage|p2a: G.U.Y.|83/100
|-damage|p2a: G.U.Y.|63/100
|-hitcount|p2a: G.U.Y.|2
|
|upkeep
|turn|3
|
|t:|1757915578
|move|p1a: Iron Crown|Tachyon Cutter|p2a: G.U.Y.
|-damage|p2a: G.U.Y.|44/100
|-damage|p2a: G.U.Y.|26/100
|-hitcount|p2a: G.U.Y.|2
|move|p2a: G.U.Y.|Trick Room|p2a: G.U.Y.
|-fieldstart|move: Trick Room|[of] p2a: G.U.Y.
|
|upkeep
|turn|4
|
|t:|1757915593
|move|p2a: G.U.Y.|Recover|p2a: G.U.Y.
|-heal|p2a: G.U.Y.|76/100
|move|p1a: Iron Crown|Tachyon Cutter|p2a: G.U.Y.
|-damage|p2a: G.U.Y.|59/100
|-damage|p2a: G.U.Y.|41/100
|-hitcount|p2a: G.U.Y.|2
|
|upkeep
|turn|5
|
|t:|1757915611
|switch|p2a: Artpop|Torkoal, F|100/100
|-weather|SunnyDay|[from] ability: Drought|[of] p2a: Artpop
|-end|p1a: Iron Crown|Quark Drive|[silent]
|switch|p1a: Ting-Lu|Ting-Lu|100/100
|-ability|p1a: Ting-Lu|Vessel of Ruin
|
|-weather|SunnyDay|[upkeep]
|upkeep
|turn|6
|
|t:|1757915623
|-terastallize|p2a: Artpop|Fire
|move|p2a: Artpop|Eruption|p1a: Ting-Lu
|-crit|p1a: Ting-Lu
|-damage|p1a: Ting-Lu|0 fnt
|faint|p1a: Ting-Lu
|
|-weather|SunnyDay|[upkeep]
|upkeep
|inactive|poppylikecats has 120 seconds left.
|inactive|poppylikecats has 90 seconds left.
|
|t:|1757915691
|switch|p1a: Great Tusk|Great Tusk|100/100
|-activate|p1a: Great Tusk|ability: Protosynthesis
|-start|p1a: Great Tusk|protosynthesisspe
|turn|7
|
|t:|1757915700
|-terastallize|p1a: Great Tusk|Fire
|move|p2a: Artpop|Eruption|p1a: Great Tusk
|-resisted|p1a: Great Tusk
|-damage|p1a: Great Tusk|0 fnt
|faint|p1a: Great Tusk
|-end|p1a: Great Tusk|Protosynthesis|[silent]
|
|-weather|SunnyDay|[upkeep]
|-fieldend|move: Trick Room
|upkeep
|
|t:|1757915716
|switch|p1a: Iron Crown|Iron Crown|100/100
|turn|8
|
|t:|1757915721
|switch|p2a: G.U.Y.|Porygon2|41/100
|-ability|p2a: G.U.Y.|Download|boost
|-boost|p2a: G.U.Y.|atk|1
|move|p1a: Iron Crown|Volt Switch|p2a: G.U.Y.
|-damage|p2a: G.U.Y.|25/100
|
|t:|1757915727
|-end|p1a: Iron Crown|Quark Drive|[silent]
|switch|p1a: Meowscarada|Meowscarada, F|100/100|[from] Volt Switch
|
|-weather|SunnyDay|[upkeep]
|upkeep
|turn|9
|
|t:|1757915732
|move|p1a: Meowscarada|Knock Off|p2a: G.U.Y.
|-start|p1a: Meowscarada|typechange|Dark|[from] ability: Protean
|-damage|p2a: G.U.Y.|0 fnt
|-enditem|p2a: G.U.Y.|Eviolite|[from] move: Knock Off|[of] p1a: Meowscarada
|faint|p2a: G.U.Y.
|
|-weather|none
|upkeep
|
|t:|1757915739
|switch|p2a: Venus|Cresselia, F|100/100
|turn|10
|inactive|poppylikecats has 90 seconds left.
|
|t:|1757915767
|move|p1a: Meowscarada|Knock Off|p2a: Venus
|-supereffective|p2a: Venus
|-damage|p2a: Venus|30/100
|-enditem|p2a: Venus|Mental Herb|[from] move: Knock Off|[of] p1a: Meowscarada
|move|p2a: Venus|Trick Room|p2a: Venus
|-fieldstart|move: Trick Room|[of] p2a: Venus
|
|upkeep
|turn|11
|
|t:|1757915770
|move|p2a: Venus|Lunar Dance|p2a: Venus
|faint|p2a: Venus
|move|p1a: Meowscarada|Knock Off|p2: Venus|[notarget]
|-fail|p1a: Meowscarada
|
|upkeep
|
|t:|1757915774
|switch|p2a: Artpop|Torkoal, F, tera:Fire|100/100
|-heal|p2a: Artpop|100/100|[from] move: Lunar Dance
|-weather|SunnyDay|[from] ability: Drought|[of] p2a: Artpop
|turn|12
|inactive|poppylikecats has 90 seconds left.
|inactive|poppylikecats has 60 seconds left.
|inactive|poppylikecats has 30 seconds left.
|
|t:|1757915846
|move|p2a: Artpop|Eruption|p1a: Meowscarada
|-damage|p1a: Meowscarada|0 fnt
|faint|p1a: Meowscarada
|
|-weather|SunnyDay|[upkeep]
|upkeep
|inactive|poppylikecats has 30 seconds left.
|c|☆poppylikecats|i lost to eruption crit on ting lu
|c|☆poppylikecats|rough
|
|t:|1757915860
|switch|p1a: Pecharunt|Pecharunt|100/100
|turn|13
|
|t:|1757915863
|move|p2a: Artpop|Eruption|p1a: Pecharunt
|-damage|p1a: Pecharunt|0 fnt
|faint|p1a: Pecharunt
|
|-weather|SunnyDay|[upkeep]
|upkeep
|
|t:|1757915866
|switch|p1a: Iron Valiant|Iron Valiant|100/100
|-enditem|p1a: Iron Valiant|Booster Energy
|-activate|p1a: Iron Valiant|ability: Quark Drive|[fromitem]
|-start|p1a: Iron Valiant|quarkdrivespe
|turn|14
|c|☆GatosLover|i mean
|c|☆GatosLover|that was
|c|☆GatosLover|epic ngl
|
|t:|1757915874
|move|p2a: Artpop|Eruption|p1a: Iron Valiant
|-damage|p1a: Iron Valiant|0 fnt
|faint|p1a: Iron Valiant
|-end|p1a: Iron Valiant|Quark Drive|[silent]
|
|-weather|SunnyDay|[upkeep]
|-fieldend|move: Trick Room
|upkeep
|
|t:|1757915880
|switch|p1a: Iron Crown|Iron Crown|100/100
|turn|15
|
|t:|1757915889
|move|p1a: Iron Crown|Psychic Noise|p2a: Artpop
|-damage|p2a: Artpop|28/100
|-start|p2a: Artpop|move: Heal Block
|move|p2a: Artpop|Eruption|p1a: Iron Crown
|-supereffective|p1a: Iron Crown
|-damage|p1a: Iron Crown|0 fnt
|faint|p1a: Iron Crown
|-end|p1a: Iron Crown|Quark Drive|[silent]
|
|win|GatosLover
|raw|poppylikecats's rating: 1377 &rarr; <strong>1358</strong><br />(-19 for losing)
|raw|GatosLover's rating: 1399 &rarr; <strong>1418</strong><br />(+19 for winning)
|l|☆poppylikecats
|player|p1|
