|j|☆Katagiri_US
|j|☆Soki Aida
|t:|1757871826
|gametype|singles
|player|p1|Katagiri_US|steven|1150
|player|p2|Soki Aida|fantina|1113
|gen|9
|tier|[Gen 9] OU
|rated|
|rule|HP Percentage Mod: HP is shown in percentages
|rule|Endless Battle Clause: Forcing endless battles is banned
|rule|Species Clause: Limit one of each Pokémon
|rule|OHKO Clause: OHKO moves are banned
|rule|Evasion Items Clause: Evasion items are banned
|rule|Evasion Moves Clause: Evasion moves are banned
|rule|Evasion Abilities Clause: Evasion abilities are banned
|rule|Sleep Moves Clause: Sleep-inducing moves are banned
|clearpoke
|poke|p1|Quagsire, M|
|poke|p1|Blissey, F|
|poke|p1|Toxapex, F|
|poke|p1|Sinistcha|
|poke|p1|Gliscor, M|
|poke|p1|Corviknight, M|
|poke|p2|Minior-Orange|
|poke|p2|Hatterene, F|
|poke|p2|Ceruledge, M|
|poke|p2|Kingdra, M|
|poke|p2|Ting-Lu|
|poke|p2|Iron Moth|
|teampreview
|inactive|Battle timer is ON: inactive players will automatically lose when time's up. (requested by Katagiri_US)
|
|t:|1757871833
|teamsize|p1|6
|teamsize|p2|6
|start
|switch|p1a: Gliscor|Gliscor, M|100/100
|switch|p2a: PRIMAL ASPID|Iron Moth|100/100
|-enditem|p2a: PRIMAL ASPID|Booster Energy
|-activate|p2a: PRIMAL ASPID|ability: Quark Drive|[fromitem]
|-start|p2a: PRIMAL ASPID|quarkdrivespa
|turn|1
|
|t:|1757871845
|move|p2a: PRIMAL ASPID|Toxic Spikes|p1a: Gliscor
|-sidestart|p1: Katagiri_US|move: Toxic Spikes
|move|p1a: Gliscor|Earthquake|p2a: PRIMAL ASPID
|-supereffective|p2a: PRIMAL ASPID
|-damage|p2a: PRIMAL ASPID|0 fnt
|faint|p2a: PRIMAL ASPID
|-end|p2a: PRIMAL ASPID|Quark Drive|[silent]
|
|-status|p1a: Gliscor|tox|[from] item: Toxic Orb
|upkeep
|
|t:|1757871856
|switch|p2a: FAAAAAH|Kingdra, M|100/100
|turn|2
|
|t:|1757871873
|switch|p1a: Toxapex|Toxapex, F, shiny|100/100
|-sideend|p1: Katagiri_US|move: Toxic Spikes|[of] p1a: Toxapex
|move|p2a: FAAAAAH|Protect||[still]
|-fail|p2a: FAAAAAH
|
|upkeep
|turn|3
|
|t:|1757871878
|move|p2a: FAAAAAH|Focus Energy|p2a: FAAAAAH
|-start|p2a: FAAAAAH|move: Focus Energy
|move|p1a: Toxapex|Toxic|p2a: FAAAAAH
|-status|p2a: FAAAAAH|tox
|
|-damage|p2a: FAAAAAH|94/100 tox|[from] psn
|upkeep
|turn|4
|
|t:|1757871894
|move|p2a: FAAAAAH|Draco Meteor|p1a: Toxapex
|-crit|p1a: Toxapex
|-damage|p1a: Toxapex|10/100
|-unboost|p2a: FAAAAAH|spa|2
|move|p1a: Toxapex|Toxic Spikes|p2a: FAAAAAH
|-sidestart|p2: Soki Aida|move: Toxic Spikes
|
|-damage|p2a: FAAAAAH|82/100 tox|[from] psn
|upkeep
|turn|5
|
|t:|1757871909
|switch|p2a: KIRITO BRAIKI|Ceruledge, M, shiny|100/100
|-status|p2a: KIRITO BRAIKI|psn
|switch|p1a: Blissey|Blissey, F, shiny|100/100
|
|-damage|p2a: KIRITO BRAIKI|88/100 psn|[from] psn
|upkeep
|turn|6
|
|t:|1757871921
|switch|p1a: Gliscor|Gliscor, M|100/100 tox
|move|p2a: KIRITO BRAIKI|Swords Dance|p2a: KIRITO BRAIKI
|-boost|p2a: KIRITO BRAIKI|atk|2
|
|-damage|p2a: KIRITO BRAIKI|76/100 psn|[from] psn
|upkeep
|turn|7
|
|t:|1757871934
|move|p1a: Gliscor|Protect|p1a: Gliscor
|-singleturn|p1a: Gliscor|Protect
|move|p2a: KIRITO BRAIKI|Shadow Sneak|p1a: Gliscor
|-activate|p1a: Gliscor|move: Protect
|
|-damage|p2a: KIRITO BRAIKI|63/100 psn|[from] psn
|upkeep
|turn|8
|
|t:|1757871944
|move|p2a: KIRITO BRAIKI|Bitter Blade|p1a: Gliscor
|-damage|p1a: Gliscor|24/100 tox
|-heal|p2a: KIRITO BRAIKI|100/100 psn|[from] drain|[of] p1a: Gliscor
|move|p1a: Gliscor|Earthquake|p2a: KIRITO BRAIKI
|-supereffective|p2a: KIRITO BRAIKI
|-crit|p2a: KIRITO BRAIKI
|-enditem|p2a: KIRITO BRAIKI|Focus Sash
|-damage|p2a: KIRITO BRAIKI|1/100 psn
|-ability|p2a: KIRITO BRAIKI|Weak Armor|boost
|-unboost|p2a: KIRITO BRAIKI|def|1
|-boost|p2a: KIRITO BRAIKI|spe|2
|
|-damage|p2a: KIRITO BRAIKI|0 fnt|[from] psn
|faint|p2a: KIRITO BRAIKI
|-heal|p1a: Gliscor|36/100 tox|[from] ability: Poison Heal
|upkeep
|
|t:|1757871962
|switch|p2a: RUSSIAN ROULETTE|Ting-Lu, shiny|100/100
|-status|p2a: RUSSIAN ROULETTE|psn
|-ability|p2a: RUSSIAN ROULETTE|Vessel of Ruin
|turn|9
|
|t:|1757871979
|move|p1a: Gliscor|Protect|p1a: Gliscor
|-singleturn|p1a: Gliscor|Protect
|move|p2a: RUSSIAN ROULETTE|Stealth Rock|p1a: Gliscor
|-sidestart|p1: Katagiri_US|move: Stealth Rock
|
|-heal|p1a: Gliscor|49/100 tox|[from] ability: Poison Heal
|-damage|p2a: RUSSIAN ROULETTE|88/100 psn|[from] psn
|upkeep
|turn|10
|
|t:|1757871986
|switch|p1a: Toxapex|Toxapex, F, shiny|43/100
|move|p2a: RUSSIAN ROULETTE|Whirlwind|p1a: Toxapex
|drag|p1a: Quagsire|Quagsire, M, shiny|100/100
|
|-heal|p2a: RUSSIAN ROULETTE|94/100 psn|[from] item: Leftovers
|-damage|p2a: RUSSIAN ROULETTE|82/100 psn|[from] psn
|upkeep
|turn|11
|
|t:|1757871995
|move|p2a: RUSSIAN ROULETTE|Ruination|p1a: Quagsire
|-damage|p1a: Quagsire|50/100
|move|p1a: Quagsire|Stealth Rock|p2a: RUSSIAN ROULETTE
|-sidestart|p2: Soki Aida|move: Stealth Rock
|
|-heal|p2a: RUSSIAN ROULETTE|88/100 psn|[from] item: Leftovers
|-damage|p2a: RUSSIAN ROULETTE|76/100 psn|[from] psn
|upkeep
|turn|12
|
|t:|1757872003
|switch|p1a: Toxapex|Toxapex, F, shiny|77/100
|move|p2a: RUSSIAN ROULETTE|Whirlwind|p1a: Toxapex
|drag|p1a: Gliscor|Gliscor, M|49/100 tox
|-damage|p1a: Gliscor|36/100 tox|[from] Stealth Rock
|
|-heal|p2a: RUSSIAN ROULETTE|82/100 psn|[from] item: Leftovers
|-heal|p1a: Gliscor|49/100 tox|[from] ability: Poison Heal
|-damage|p2a: RUSSIAN ROULETTE|69/100 psn|[from] psn
|upkeep
|turn|13
|
|t:|1757872013
|move|p1a: Gliscor|Protect|p1a: Gliscor
|-singleturn|p1a: Gliscor|Protect
|move|p2a: RUSSIAN ROULETTE|Whirlwind|p1a: Gliscor
|drag|p1a: Toxapex|Toxapex, F, shiny|100/100
|
|-heal|p2a: RUSSIAN ROULETTE|76/100 psn|[from] item: Leftovers
|-damage|p2a: RUSSIAN ROULETTE|63/100 psn|[from] psn
|upkeep
|turn|14
|
|t:|1757872043
|move|p1a: Toxapex|Toxic Spikes|p2a: RUSSIAN ROULETTE
|-sidestart|p2: Soki Aida|move: Toxic Spikes
|move|p2a: RUSSIAN ROULETTE|Whirlwind|p1a: Toxapex
|drag|p1a: Quagsire|Quagsire, M, shiny|50/100
|
|-heal|p2a: RUSSIAN ROULETTE|69/100 psn|[from] item: Leftovers
|-damage|p2a: RUSSIAN ROULETTE|57/100 psn|[from] psn
|upkeep
|turn|15
|
|t:|1757872052
|switch|p1a: Toxapex|Toxapex, F, shiny|100/100
|move|p2a: RUSSIAN ROULETTE|Ruination|p1a: Toxapex
|-damage|p1a: Toxapex|51/100
|
|-heal|p2a: RUSSIAN ROULETTE|63/100 psn|[from] item: Leftovers
|-damage|p2a: RUSSIAN ROULETTE|51/100 psn|[from] psn
|upkeep
|turn|16
|
|t:|1757872061
|move|p2a: RUSSIAN ROULETTE|Ruination|p1a: Toxapex
|-damage|p1a: Toxapex|26/100
|move|p1a: Toxapex|Recover|p1a: Toxapex
|-heal|p1a: Toxapex|76/100
|
|-heal|p2a: RUSSIAN ROULETTE|57/100 psn|[from] item: Leftovers
|-damage|p2a: RUSSIAN ROULETTE|44/100 psn|[from] psn
|upkeep
|turn|17
|
|t:|1757872074
|move|p2a: RUSSIAN ROULETTE|Ruination|p1a: Toxapex
|-damage|p1a: Toxapex|38/100
|move|p1a: Toxapex|Recover|p1a: Toxapex
|-heal|p1a: Toxapex|88/100
|
|-heal|p2a: RUSSIAN ROULETTE|51/100 psn|[from] item: Leftovers
|-damage|p2a: RUSSIAN ROULETTE|38/100 psn|[from] psn
|upkeep
|turn|18
|
|t:|1757872082
|move|p2a: RUSSIAN ROULETTE|Ruination|p1a: Toxapex
|-damage|p1a: Toxapex|44/100
|move|p1a: Toxapex|Recover|p1a: Toxapex
|-heal|p1a: Toxapex|95/100
|
|-heal|p2a: RUSSIAN ROULETTE|44/100 psn|[from] item: Leftovers
|-damage|p2a: RUSSIAN ROULETTE|32/100 psn|[from] psn
|upkeep
|turn|19
|
|t:|1757872093
|switch|p2a: SLAY THE PRINCESS|Hatterene, F|100/100
|-status|p2a: SLAY THE PRINCESS|tox
|-damage|p2a: SLAY THE PRINCESS|88/100 tox|[from] Stealth Rock
|move|p1a: Toxapex|Haze|p1a: Toxapex
|-clearallboost
|
|-damage|p2a: SLAY THE PRINCESS|82/100 tox|[from] psn
|upkeep
|turn|20
|
|t:|1757872105
|switch|p1a: Blissey|Blissey, F, shiny|100/100
|move|p2a: SLAY THE PRINCESS|Psyshock|p1a: Blissey
|-damage|p1a: Blissey|54/100
|
|-damage|p2a: SLAY THE PRINCESS|70/100 tox|[from] psn
|upkeep
|turn|21
|
|t:|1757872113
|move|p1a: Blissey|Soft-Boiled|p1a: Blissey
|-heal|p1a: Blissey|100/100
|move|p2a: SLAY THE PRINCESS|Draining Kiss|p1a: Blissey
|-damage|p1a: Blissey|91/100
|-heal|p2a: SLAY THE PRINCESS|84/100 tox|[from] drain|[of] p1a: Blissey
|
|-damage|p2a: SLAY THE PRINCESS|67/100 tox|[from] psn
|upkeep
|turn|22
|
|t:|1757872123
|move|p1a: Blissey|Calm Mind|p1a: Blissey
|-boost|p1a: Blissey|spa|1
|-boost|p1a: Blissey|spd|1
|move|p2a: SLAY THE PRINCESS|Nuzzle|p1a: Blissey
|-damage|p1a: Blissey|88/100
|-status|p1a: Blissey|par
|
|-damage|p2a: SLAY THE PRINCESS|43/100 tox|[from] psn
|upkeep
|turn|23
|c|☆Soki Aida|i truly think youre the most boring person in the world rn
|c|☆Soki Aida|even more than dead kirk tbf
|inactive|Soki Aida has 120 seconds left.
|c|☆Soki Aida|like what is wrong with yo lame ass
|
|t:|1757872165
|move|p2a: SLAY THE PRINCESS|Draining Kiss|p1a: Blissey
|-crit|p1a: Blissey
|-damage|p1a: Blissey|74/100 par
|-heal|p2a: SLAY THE PRINCESS|63/100 tox|[from] drain|[of] p1a: Blissey
|move|p1a: Blissey|Flamethrower|p2a: SLAY THE PRINCESS
|-damage|p2a: SLAY THE PRINCESS|48/100 tox
|
|-damage|p2a: SLAY THE PRINCESS|18/100 tox|[from] psn
|upkeep
|turn|24
|c|☆Katagiri_US|xD
|
|t:|1757872189
|move|p2a: SLAY THE PRINCESS|Psyshock|p1a: Blissey
|-damage|p1a: Blissey|25/100 par
|move|p1a: Blissey|Flamethrower|p2a: SLAY THE PRINCESS
|-damage|p2a: SLAY THE PRINCESS|2/100 tox
|
|-damage|p2a: SLAY THE PRINCESS|0 fnt|[from] psn
|faint|p2a: SLAY THE PRINCESS
|upkeep
|c|☆Soki Aida|typing xd at the verge of ww3 unc
|
|t:|1757872210
|switch|p2a: GEAR 4TH|Minior-Orange|100/100
|-damage|p2a: GEAR 4TH|75/100|[from] Stealth Rock
|-formechange|p2a: GEAR 4TH|Minior-Meteor||[from] ability: Shields Down
|turn|25
|
|t:|1757872228
|-curestatus|p1a: Blissey|par|[from] ability: Natural Cure
|switch|p1a: Toxapex|Toxapex, F, shiny|100/100
|move|p2a: GEAR 4TH|Shell Smash|p2a: GEAR 4TH
|-unboost|p2a: GEAR 4TH|def|1
|-unboost|p2a: GEAR 4TH|spd|1
|-boost|p2a: GEAR 4TH|atk|2
|-boost|p2a: GEAR 4TH|spa|2
|-boost|p2a: GEAR 4TH|spe|2
|-enditem|p2a: GEAR 4TH|White Herb
|-clearnegativeboost|p2a: GEAR 4TH|[silent]
|
|upkeep
|turn|26
|
|t:|1757872240
|-terastallize|p2a: GEAR 4TH|Grass
|move|p2a: GEAR 4TH|Shell Smash|p2a: GEAR 4TH
|-unboost|p2a: GEAR 4TH|def|1
|-unboost|p2a: GEAR 4TH|spd|1
|-boost|p2a: GEAR 4TH|atk|2
|-boost|p2a: GEAR 4TH|spa|2
|-boost|p2a: GEAR 4TH|spe|2
|move|p1a: Toxapex|Toxic|p2a: GEAR 4TH
|-immune|p2a: GEAR 4TH|[from] ability: Shields Down
|
|upkeep
|turn|27
|c|☆Soki Aida|dumbass
|c|☆Soki Aida|less stall more knowledge please
|inactive|Soki Aida has 90 seconds left.
|
|t:|1757872266
|-terastallize|p1a: Toxapex|Steel
|move|p2a: GEAR 4TH|Acrobatics|p1a: Toxapex
|-resisted|p1a: Toxapex
|-damage|p1a: Toxapex|55/100
|move|p1a: Toxapex|Haze|p1a: Toxapex
|-clearallboost
|
|upkeep
|turn|28
|
|t:|1757872290
|switch|p1a: Gliscor|Gliscor, M|49/100 tox
|-damage|p1a: Gliscor|36/100 tox|[from] Stealth Rock
|move|p2a: GEAR 4TH|Earthquake|p1a: Gliscor
|-immune|p1a: Gliscor
|
|-heal|p1a: Gliscor|49/100 tox|[from] ability: Poison Heal
|upkeep
|turn|29
|
|t:|1757872301
|switch|p2a: RUSSIAN ROULETTE|Ting-Lu, shiny|32/100 psn
|-damage|p2a: RUSSIAN ROULETTE|26/100 psn|[from] Stealth Rock
|-ability|p2a: RUSSIAN ROULETTE|Vessel of Ruin
|move|p1a: Gliscor|Knock Off|p2a: RUSSIAN ROULETTE
|-resisted|p2a: RUSSIAN ROULETTE
|-damage|p2a: RUSSIAN ROULETTE|20/100 psn
|-enditem|p2a: RUSSIAN ROULETTE|Leftovers|[from] move: Knock Off|[of] p1a: Gliscor
|
|-heal|p1a: Gliscor|61/100 tox|[from] ability: Poison Heal
|-damage|p2a: RUSSIAN ROULETTE|8/100 psn|[from] psn
|upkeep
|turn|30
|
|t:|1757872313
|move|p1a: Gliscor|Protect|p1a: Gliscor
|-singleturn|p1a: Gliscor|Protect
|move|p2a: RUSSIAN ROULETTE|Ruination|p1a: Gliscor
|-activate|p1a: Gliscor|move: Protect
|
|-heal|p1a: Gliscor|74/100 tox|[from] ability: Poison Heal
|-damage|p2a: RUSSIAN ROULETTE|0 fnt|[from] psn
|faint|p2a: RUSSIAN ROULETTE
|upkeep
|
|t:|1757872322
|switch|p2a: FAAAAAH|Kingdra, M|82/100 tox
|-damage|p2a: FAAAAAH|70/100 tox|[from] Stealth Rock
|turn|31
|c|☆Katagiri_US|I'm just learning to play and I don't give a shit what you say
|inactive|Soki Aida has 90 seconds left.
|c|☆Soki Aida|u american or not
|c|☆Soki Aida|seems like u do btw
|inactive|Katagiri_US has 120 seconds left.
|c|☆Katagiri_US|Kazakh, Kazakhstan
|c|☆Soki Aida|learn to play a bit bolder team or just fun yk
|
|t:|1757872367
|move|p2a: FAAAAAH|Focus Energy|p2a: FAAAAAH
|-start|p2a: FAAAAAH|move: Focus Energy
|move|p1a: Gliscor|Knock Off|p2a: FAAAAAH
|-damage|p2a: FAAAAAH|42/100 tox
|-enditem|p2a: FAAAAAH|Scope Lens|[from] move: Knock Off|[of] p1a: Gliscor
|
|-damage|p2a: FAAAAAH|35/100 tox|[from] psn
|-heal|p1a: Gliscor|86/100 tox|[from] ability: Poison Heal
|upkeep
|turn|32
|inactive|Soki Aida has 90 seconds left.
|c|☆Soki Aida|actually doper than us
|
|t:|1757872384
|move|p1a: Gliscor|Protect|p1a: Gliscor
|-singleturn|p1a: Gliscor|Protect
|move|p2a: FAAAAAH|Scald|p1a: Gliscor
|-activate|p1a: Gliscor|move: Protect
|
|-damage|p2a: FAAAAAH|23/100 tox|[from] psn
|-heal|p1a: Gliscor|99/100 tox|[from] ability: Poison Heal
|upkeep
|turn|33
|inactive|Katagiri_US has 120 seconds left.
|c|☆Katagiri_US|Yes I have other commands, this is a test of this command for one project
|
|t:|1757872413
|switch|p1a: Toxapex|Toxapex, F, shiny, tera:Steel|88/100
|move|p2a: FAAAAAH|Scald|p1a: Toxapex
|-crit|p1a: Toxapex
|-damage|p1a: Toxapex|36/100
|-status|p1a: Toxapex|brn
|
|-damage|p2a: FAAAAAH|5/100 tox|[from] psn
|-damage|p1a: Toxapex|30/100 brn|[from] brn
|upkeep
|turn|34
|inactive|Soki Aida has 90 seconds left.
|
|t:|1757872427
|switch|p2a: GEAR 4TH|Minior-Orange, tera:Grass|75/100
|-status|p2a: GEAR 4TH|tox
|-damage|p2a: GEAR 4TH|63/100 tox|[from] Stealth Rock
|-formechange|p2a: GEAR 4TH|Minior-Meteor||[from] ability: Shields Down
|switch|p1a: Blissey|Blissey, F, shiny|25/100
|
|-damage|p2a: GEAR 4TH|57/100 tox|[from] psn
|upkeep
|turn|35
|inactive|Soki Aida has 90 seconds left.
|
|t:|1757872439
|move|p2a: GEAR 4TH|Shell Smash|p2a: GEAR 4TH
|-unboost|p2a: GEAR 4TH|def|1
|-unboost|p2a: GEAR 4TH|spd|1
|-boost|p2a: GEAR 4TH|atk|2
|-boost|p2a: GEAR 4TH|spa|2
|-boost|p2a: GEAR 4TH|spe|2
|move|p1a: Blissey|Flamethrower|p2a: GEAR 4TH
|-supereffective|p2a: GEAR 4TH
|-damage|p2a: GEAR 4TH|0 fnt
|faint|p2a: GEAR 4TH
|
|upkeep
|
|t:|1757872448
|switch|p2a: FAAAAAH|Kingdra, M|5/100 tox
|-damage|p2a: FAAAAAH|0 fnt|[from] Stealth Rock
|faint|p2a: FAAAAAH
|
|win|Katagiri_US
|raw|Katagiri_US's rating: 1150 &rarr; <strong>1172</strong><br />(+22 for winning)
|raw|Soki Aida's rating: 1113 &rarr; <strong>1091</strong><br />(-22 for losing)
|c|☆Katagiri_US|gg
|c|☆Soki Aida|gg tho
|l|☆Soki Aida
|player|p2|
|c|☆Katagiri_US|Yes I have other commands, this is a test of this command for one project
|l|☆Katagiri_US
|player|p1|
