|j|☆dr_jovy
|j|☆Whatsapp Liligant
|t:|1757842353
|gametype|singles
|player|p1|dr_jovy|veteran-gen4|1228
|player|p2|Whatsapp Liligant|cheryl|1185
|gen|9
|tier|[Gen 9] OU
|rated|
|rule|HP Percentage Mod: HP is shown in percentages
|rule|Endless Battle Clause: Forcing endless battles is banned
|rule|Species Clause: Limit one of each Pokémon
|rule|OHKO Clause: OHKO moves are banned
|rule|Evasion Items Clause: Evasion items are banned
|rule|Evasion Moves Clause: Evasion moves are banned
|rule|Evasion Abilities Clause: Evasion abilities are banned
|rule|Sleep Moves Clause: Sleep-inducing moves are banned
|clearpoke
|poke|p1|Dondozo, M|
|poke|p1|Glimmora, F|
|poke|p1|Dragonite, M|
|poke|p1|Gholdengo|
|poke|p1|Iron Valiant|
|poke|p1|Skeledirge, M|
|poke|p2|Gumshoos, M|
|poke|p2|Probopass, M|
|poke|p2|Registeel|
|poke|p2|Dragapult, M|
|poke|p2|Iron Hands|
|poke|p2|Inteleon, M|
|teampreview
|inactive|Battle timer is ON: inactive players will automatically lose when time's up. (requested by Whatsapp Liligant)
|
|t:|1757842367
|teamsize|p1|6
|teamsize|p2|6
|start
|switch|p1a: Nakime|Glimmora, F|100/100
|switch|p2a: Trump|Gumshoos, M|100/100
|turn|1
|
|t:|1757842392
|move|p2a: Trump|Crunch|p1a: Nakime
|-damage|p1a: Nakime|68/100
|-activate|p1a: Nakime|ability: Toxic Debris
|-sidestart|p2: Whatsapp Liligant|move: Toxic Spikes
|move|p1a: Nakime|Stealth Rock|p2a: Trump
|-sidestart|p2: Whatsapp Liligant|move: Stealth Rock
|
|upkeep
|turn|2
|inactive|dr_jovy has 120 seconds left.
|
|t:|1757842415
|switch|p2a: B-2 Stealth Bomber|Dragapult, M|100/100
|-status|p2a: B-2 Stealth Bomber|psn
|-damage|p2a: B-2 Stealth Bomber|88/100 psn|[from] Stealth Rock
|switch|p1a: Gyokko|Dondozo, M|100/100
|
|-damage|p2a: B-2 Stealth Bomber|76/100 psn|[from] psn
|upkeep
|turn|3
|inactive|dr_jovy has 120 seconds left.
|inactive|Whatsapp Liligant has 120 seconds left.
|
|t:|1757842447
|move|p2a: B-2 Stealth Bomber|Reflect|p2a: B-2 Stealth Bomber
|-sidestart|p2: Whatsapp Liligant|Reflect
|move|p1a: Gyokko|Wave Crash|p2a: B-2 Stealth Bomber
|-resisted|p2a: B-2 Stealth Bomber
|-damage|p2a: B-2 Stealth Bomber|64/100 psn
|-damage|p1a: Gyokko|98/100|[from] Recoil
|
|-heal|p1a: Gyokko|100/100|[from] item: Leftovers
|-damage|p2a: B-2 Stealth Bomber|52/100 psn|[from] psn
|upkeep
|turn|4
|
|t:|1757842469
|switch|p2a: Charlie Kirk|Inteleon, M|100/100
|-status|p2a: Charlie Kirk|psn
|-damage|p2a: Charlie Kirk|88/100 psn|[from] Stealth Rock
|switch|p1a: Kokushibo|Iron Valiant|100/100
|
|-damage|p2a: Charlie Kirk|76/100 psn|[from] psn
|upkeep
|turn|5
|inactive|Whatsapp Liligant has 120 seconds left.
|
|t:|1757842486
|switch|p2a: Elon|Registeel|100/100
|-damage|p2a: Elon|94/100|[from] Stealth Rock
|move|p1a: Kokushibo|Trick|p2a: Elon
|-activate|p1a: Kokushibo|move: Trick|[of] p2a: Elon
|-item|p2a: Elon|Choice Scarf|[from] move: Trick
|-item|p1a: Kokushibo|Chesto Berry|[from] move: Trick
|
|upkeep
|turn|6
|inactive|Whatsapp Liligant has 120 seconds left.
|inactive|dr_jovy has 90 seconds left.
|
|t:|1757842508
|-end|p1a: Kokushibo|Quark Drive|[silent]
|switch|p1a: Gyokko|Dondozo, M|100/100
|switch|p2a: B-2 Stealth Bomber|Dragapult, M|52/100 psn
|-damage|p2a: B-2 Stealth Bomber|40/100 psn|[from] Stealth Rock
|
|-damage|p2a: B-2 Stealth Bomber|27/100 psn|[from] psn
|upkeep
|turn|7
|inactive|dr_jovy has 90 seconds left.
|-message|Whatsapp Liligant forfeited.
|
|win|dr_jovy
|raw|dr_jovy's rating: 1228 &rarr; <strong>1250</strong><br />(+22 for winning)
|raw|Whatsapp Liligant's rating: 1185 &rarr; <strong>1163</strong><br />(-22 for losing)
|l|☆Whatsapp Liligant
|player|p2|
|l|☆dr_jovy
|player|p1|
