|j|☆Nitropig
|j|☆marisa_fumo_gaming
|t:|1757871526
|gametype|singles
|player|p1|Nitropig|miku-ghost|1384
|player|p2|marisa_fumo_gaming|266|1444
|gen|9
|tier|[Gen 9] OU
|rated|
|rule|HP Percentage Mod: HP is shown in percentages
|rule|Endless Battle Clause: Forcing endless battles is banned
|rule|Species Clause: Limit one of each Pokémon
|rule|OHKO Clause: OHKO moves are banned
|rule|Evasion Items Clause: Evasion items are banned
|rule|Evasion Moves Clause: Evasion moves are banned
|rule|Evasion Abilities Clause: Evasion abilities are banned
|rule|Sleep Moves Clause: Sleep-inducing moves are banned
|clearpoke
|poke|p1|Cyclizar, F|
|poke|p1|Garganacl, F|
|poke|p1|Rillaboom, F|
|poke|p1|Dragapult, M|
|poke|p1|Infernape, M|
|poke|p1|Metagross|
|poke|p2|Thundurus-Therian, M|
|poke|p2|Dragapult, F|
|poke|p2|Scizor, M|
|poke|p2|Ogerpon-Wellspring, F|
|poke|p2|Enamorus, F|
|poke|p2|Cinderace, M|
|teampreview
|inactive|Battle timer is ON: inactive players will automatically lose when time's up. (requested by Nitropig)
|
|t:|1757871554
|teamsize|p1|6
|teamsize|p2|6
|start
|switch|p1a: Garganacl|Garganacl, F|100/100
|switch|p2a: Scizor|Scizor, M|100/100
|turn|1
|
|t:|1757871557
|move|p2a: Scizor|Bullet Punch|p1a: Garganacl
|-supereffective|p1a: Garganacl
|-damage|p1a: Garganacl|31/100
|move|p1a: Garganacl|Salt Cure|p2a: Scizor
|-damage|p2a: Scizor|86/100
|-start|p2a: Scizor|Salt Cure
|
|-heal|p1a: Garganacl|37/100|[from] item: Leftovers
|-damage|p2a: Scizor|61/100|[from] Salt Cure
|upkeep
|turn|2
|
|t:|1757871562
|switch|p2a: Ogerpon|Ogerpon-Wellspring, F|100/100
|switch|p1a: Metagross|Metagross|100/100
|
|upkeep
|turn|3
|
|t:|1757871566
|move|p2a: Ogerpon|Swords Dance|p2a: Ogerpon
|-boost|p2a: Ogerpon|atk|2
|move|p1a: Metagross|Psychic Fangs|p2a: Ogerpon
|-damage|p2a: Ogerpon|4/100
|
|upkeep
|turn|4
|
|t:|1757871576
|switch|p1a: Rillaboom|Rillaboom, F|100/100
|-fieldstart|move: Grassy Terrain|[from] ability: Grassy Surge|[of] p1a: Rillaboom
|move|p2a: Ogerpon|Ivy Cudgel|p1a: Rillaboom|[anim] Ivy Cudgel Water
|-resisted|p1a: Rillaboom
|-crit|p1a: Rillaboom
|-damage|p1a: Rillaboom|2/100
|
|-heal|p2a: Ogerpon|10/100|[from] Grassy Terrain
|-heal|p1a: Rillaboom|8/100|[from] Grassy Terrain
|upkeep
|turn|5
|
|t:|1757871584
|switch|p2a: Cinderace|Cinderace, M|100/100
|move|p1a: Rillaboom|Grassy Glide|p2a: Cinderace
|-resisted|p2a: Cinderace
|-damage|p2a: Cinderace|66/100
|-damage|p1a: Rillaboom|0 fnt|[from] item: Life Orb
|faint|p1a: Rillaboom
|
|-heal|p2a: Cinderace|72/100|[from] Grassy Terrain
|upkeep
|
|t:|1757871598
|switch|p1a: Garganacl|Garganacl, F|37/100
|turn|6
|
|t:|1757871604
|move|p2a: Cinderace|U-turn|p1a: Garganacl
|-start|p2a: Cinderace|typechange|Bug|[from] ability: Libero
|-damage|p1a: Garganacl|14/100
|
|t:|1757871609
|switch|p2a: Scizor|Scizor, M|61/100|[from] U-turn
|move|p1a: Garganacl|Recover|p1a: Garganacl
|-heal|p1a: Garganacl|64/100
|
|-heal|p2a: Scizor|67/100|[from] Grassy Terrain
|-heal|p1a: Garganacl|70/100|[from] Grassy Terrain
|-heal|p1a: Garganacl|76/100|[from] item: Leftovers
|upkeep
|turn|7
|
|t:|1757871624
|move|p1a: Garganacl|Protect|p1a: Garganacl
|-singleturn|p1a: Garganacl|Protect
|move|p2a: Scizor|Knock Off|p1a: Garganacl
|-activate|p1a: Garganacl|move: Protect
|
|-heal|p2a: Scizor|73/100|[from] Grassy Terrain
|-heal|p1a: Garganacl|82/100|[from] Grassy Terrain
|-heal|p1a: Garganacl|88/100|[from] item: Leftovers
|upkeep
|turn|8
|
|t:|1757871635
|switch|p1a: Infernape|Infernape, M|100/100
|move|p2a: Scizor|Knock Off|p1a: Infernape
|-resisted|p1a: Infernape
|-damage|p1a: Infernape|56/100
|-enditem|p1a: Infernape|Expert Belt|[from] move: Knock Off|[of] p2a: Scizor
|
|-heal|p1a: Infernape|62/100|[from] Grassy Terrain
|-heal|p2a: Scizor|80/100|[from] Grassy Terrain
|-fieldend|move: Grassy Terrain
|upkeep
|turn|9
|
|t:|1757871645
|switch|p2a: Ogerpon|Ogerpon-Wellspring, F|10/100
|move|p1a: Infernape|Agility|p1a: Infernape
|-boost|p1a: Infernape|spe|2
|
|upkeep
|turn|10
|
|t:|1757871650
|move|p1a: Infernape|Drain Punch|p2a: Ogerpon
|-damage|p2a: Ogerpon|0 fnt
|-heal|p1a: Infernape|67/100|[from] drain|[of] p2a: Ogerpon
|faint|p2a: Ogerpon
|
|upkeep
|
|t:|1757871655
|switch|p2a: Dragapult|Dragapult, F|100/100
|turn|11
|
|t:|1757871659
|move|p1a: Infernape|Knock Off|p2a: Dragapult
|-supereffective|p2a: Dragapult
|-damage|p2a: Dragapult|6/100
|-enditem|p2a: Dragapult|Choice Specs|[from] move: Knock Off|[of] p1a: Infernape
|move|p2a: Dragapult|Draco Meteor|p1a: Infernape|[miss]
|-miss|p2a: Dragapult|p1a: Infernape
|
|upkeep
|turn|12
|
|t:|1757871669
|move|p1a: Infernape|Flare Blitz|p2a: Dragapult
|-resisted|p2a: Dragapult
|-damage|p2a: Dragapult|0 fnt
|faint|p2a: Dragapult
|-damage|p1a: Infernape|65/100|[from] Recoil
|
|upkeep
|
|t:|1757871671
|switch|p2a: Enamorus|Enamorus, F|100/100
|turn|13
|
|t:|1757871674
|move|p1a: Infernape|Flare Blitz|p2a: Enamorus
|-damage|p2a: Enamorus|13/100
|-damage|p1a: Infernape|37/100|[from] Recoil
|move|p2a: Enamorus|Moonblast|p1a: Infernape
|-damage|p1a: Infernape|0 fnt
|faint|p1a: Infernape
|
|upkeep
|
|t:|1757871680
|switch|p1a: Metagross|Metagross|100/100
|turn|14
|
|t:|1757871687
|move|p2a: Enamorus|Moonblast|p1a: Metagross
|-resisted|p1a: Metagross
|-damage|p1a: Metagross|70/100
|move|p1a: Metagross|Knock Off|p2a: Enamorus
|-resisted|p2a: Enamorus
|-damage|p2a: Enamorus|0 fnt
|-enditem|p2a: Enamorus|Choice Scarf|[from] move: Knock Off|[of] p1a: Metagross
|faint|p2a: Enamorus
|
|upkeep
|
|t:|1757871689
|switch|p2a: Scizor|Scizor, M|80/100
|turn|15
|
|t:|1757871694
|switch|p1a: Garganacl|Garganacl, F|88/100
|move|p2a: Scizor|Knock Off|p1a: Garganacl
|-damage|p1a: Garganacl|48/100
|-enditem|p1a: Garganacl|Leftovers|[from] move: Knock Off|[of] p2a: Scizor
|
|upkeep
|turn|16
|
|t:|1757871699
|switch|p2a: Cinderace|Cinderace, M|72/100
|move|p1a: Garganacl|Recover|p1a: Garganacl
|-heal|p1a: Garganacl|98/100
|
|upkeep
|turn|17
|
|t:|1757871702
|move|p2a: Cinderace|Pyro Ball|p1a: Garganacl
|-resisted|p1a: Garganacl
|-damage|p1a: Garganacl|79/100
|move|p1a: Garganacl|Salt Cure|p2a: Cinderace
|-supereffective|p2a: Cinderace
|-damage|p2a: Cinderace|33/100
|-start|p2a: Cinderace|Salt Cure
|
|-damage|p2a: Cinderace|21/100|[from] Salt Cure
|upkeep
|turn|18
|
|t:|1757871705
|move|p2a: Cinderace|U-turn|p1a: Garganacl
|-start|p2a: Cinderace|typechange|Bug|[from] ability: Libero
|-damage|p1a: Garganacl|54/100
|
|t:|1757871707
|switch|p2a: Thundurus|Thundurus-Therian, M|100/100|[from] U-turn
|move|p1a: Garganacl|Salt Cure|p2a: Thundurus
|-supereffective|p2a: Thundurus
|-damage|p2a: Thundurus|60/100
|-start|p2a: Thundurus|Salt Cure
|
|-damage|p2a: Thundurus|48/100|[from] Salt Cure
|upkeep
|turn|19
|
|t:|1757871712
|move|p1a: Garganacl|Protect|p1a: Garganacl
|-singleturn|p1a: Garganacl|Protect
|move|p2a: Thundurus|Grass Knot|p1a: Garganacl
|-activate|p1a: Garganacl|move: Protect
|
|-damage|p2a: Thundurus|36/100|[from] Salt Cure
|upkeep
|turn|20
|
|t:|1757871718
|switch|p1a: Cyclizar|Cyclizar, F|100/100
|move|p2a: Thundurus|Thunderbolt|p1a: Cyclizar
|-resisted|p1a: Cyclizar
|-damage|p1a: Cyclizar|56/100
|
|-damage|p2a: Thundurus|23/100|[from] Salt Cure
|upkeep
|turn|21
|
|t:|1757871727
|switch|p2a: Cinderace|Cinderace, M|21/100
|move|p1a: Cyclizar|U-turn|p2a: Cinderace
|-resisted|p2a: Cinderace
|-damage|p2a: Cinderace|8/100
|
|t:|1757871730
|switch|p1a: Metagross|Metagross|70/100|[from] U-turn
|
|upkeep
|turn|22
|
|t:|1757871732
|move|p2a: Cinderace|Sucker Punch|p1a: Metagross
|-start|p2a: Cinderace|typechange|Dark|[from] ability: Libero
|-supereffective|p1a: Metagross
|-damage|p1a: Metagross|16/100
|move|p1a: Metagross|Bullet Punch|p2a: Cinderace
|-damage|p2a: Cinderace|0 fnt
|faint|p2a: Cinderace
|
|upkeep
|
|t:|1757871735
|switch|p2a: Scizor|Scizor, M|80/100
|turn|23
|
|t:|1757871737
|-terastallize|p2a: Scizor|Steel
|move|p2a: Scizor|Bullet Punch|p1a: Metagross
|-resisted|p1a: Metagross
|-crit|p1a: Metagross
|-damage|p1a: Metagross|0 fnt
|faint|p1a: Metagross
|
|upkeep
|
|t:|1757871753
|switch|p1a: Dragapult|Dragapult, M|100/100
|turn|24
|
|t:|1757871755
|move|p2a: Scizor|Bullet Punch|p1a: Dragapult
|-damage|p1a: Dragapult|13/100
|move|p1a: Dragapult|Flamethrower|p2a: Scizor
|-supereffective|p2a: Scizor
|-damage|p2a: Scizor|0 fnt
|faint|p2a: Scizor
|
|upkeep
|
|t:|1757871758
|switch|p2a: Thundurus|Thundurus-Therian, M|23/100
|turn|25
|
|t:|1757871760
|move|p1a: Dragapult|Flamethrower|p2a: Thundurus
|-damage|p2a: Thundurus|0 fnt
|faint|p2a: Thundurus
|
|win|Nitropig
|raw|Nitropig's rating: 1384 &rarr; <strong>1407</strong><br />(+23 for winning)
|raw|marisa_fumo_gaming's rating: 1444 &rarr; <strong>1421</strong><br />(-23 for losing)
|l|☆Nitropig
|player|p1|
|l|☆marisa_fumo_gaming
|player|p2|
