|j|☆misshan
|j|☆Ycvjxc
|t:|1757859426
|gametype|singles
|player|p1|misshan|iris-gen5bw2|1027
|player|p2|Ycvjxc|101|1000
|gen|9
|tier|[Gen 9] OU
|rated|
|rule|HP Percentage Mod: HP is shown in percentages
|rule|Endless Battle Clause: Forcing endless battles is banned
|rule|Species Clause: Limit one of each Pokémon
|rule|OHKO Clause: OHKO moves are banned
|rule|Evasion Items Clause: Evasion items are banned
|rule|Evasion Moves Clause: Evasion moves are banned
|rule|Evasion Abilities Clause: Evasion abilities are banned
|rule|Sleep Moves Clause: Sleep-inducing moves are banned
|clearpoke
|poke|p1|Scizor, F|
|poke|p1|Gliscor, F|
|poke|p1|Maushold-Four|
|poke|p1|Clefable, M|
|poke|p1|Comfey, M|
|poke|p1|Goodra, F|
|poke|p2|Gliscor, F|
|poke|p2|Gholdengo|
|poke|p2|Dondozo, M|
|poke|p2|Dragapult, F|
|poke|p2|Ting-Lu|
|poke|p2|Dragonite, M|
|teampreview
|
|t:|1757859434
|teamsize|p1|6
|teamsize|p2|6
|start
|switch|p1a: Gliscor|Gliscor, F, shiny|100/100
|switch|p2a: Ting-Lu|Ting-Lu|100/100
|-ability|p2a: Ting-Lu|Vessel of Ruin
|turn|1
|
|t:|1757859450
|move|p1a: Gliscor|Swords Dance|p1a: Gliscor
|-boost|p1a: Gliscor|atk|2
|move|p2a: Ting-Lu|Whirlwind|p1a: Gliscor
|drag|p1a: Maushold|Maushold-Four|100/100
|
|upkeep
|turn|2
|
|t:|1757859458
|move|p1a: Maushold|Bullet Seed|p2a: Ting-Lu
|-supereffective|p2a: Ting-Lu
|-damage|p2a: Ting-Lu|88/100
|-supereffective|p2a: Ting-Lu
|-damage|p2a: Ting-Lu|75/100
|-hitcount|p2a: Ting-Lu|2
|move|p2a: Ting-Lu|Stealth Rock|p1a: Maushold
|-sidestart|p1: misshan|move: Stealth Rock
|
|-heal|p2a: Ting-Lu|81/100|[from] item: Leftovers
|upkeep
|turn|3
|
|t:|1757859467
|move|p1a: Maushold|Bullet Seed|p2a: Ting-Lu
|-supereffective|p2a: Ting-Lu
|-damage|p2a: Ting-Lu|68/100
|-supereffective|p2a: Ting-Lu
|-crit|p2a: Ting-Lu
|-damage|p2a: Ting-Lu|48/100
|-supereffective|p2a: Ting-Lu
|-damage|p2a: Ting-Lu|34/100
|-hitcount|p2a: Ting-Lu|3
|move|p2a: Ting-Lu|Earthquake|p1a: Maushold
|-damage|p1a: Maushold|41/100
|
|-heal|p2a: Ting-Lu|40/100|[from] item: Leftovers
|upkeep
|turn|4
|
|t:|1757859480
|move|p1a: Maushold|Bullet Seed|p2a: Ting-Lu
|-supereffective|p2a: Ting-Lu
|-damage|p2a: Ting-Lu|27/100
|-supereffective|p2a: Ting-Lu
|-damage|p2a: Ting-Lu|14/100
|-supereffective|p2a: Ting-Lu
|-damage|p2a: Ting-Lu|2/100
|-supereffective|p2a: Ting-Lu
|-damage|p2a: Ting-Lu|0 fnt
|faint|p2a: Ting-Lu
|-hitcount|p2: Ting-Lu|4
|
|upkeep
|
|t:|1757859493
|switch|p2a: Dragonite|Dragonite, M, shiny|100/100
|turn|5
|
|t:|1757859500
|switch|p1a: Clefable|Clefable, M|100/100
|move|p2a: Dragonite|Dragon Dance|p2a: Dragonite
|-boost|p2a: Dragonite|atk|1
|-boost|p2a: Dragonite|spe|1
|
|-status|p1a: Clefable|tox|[from] item: Toxic Orb
|upkeep
|turn|6
|
|t:|1757859525
|-terastallize|p2a: Dragonite|Normal
|move|p2a: Dragonite|Earthquake|p1a: Clefable
|-damage|p1a: Clefable|47/100 tox
|move|p1a: Clefable|Endeavor|p2a: Dragonite
|-damage|p2a: Dragonite|49/100
|
|upkeep
|turn|7
|
|t:|1757859534
|move|p2a: Dragonite|Roost|p2a: Dragonite
|-heal|p2a: Dragonite|99/100
|move|p1a: Clefable|Moonlight|p1a: Clefable
|-heal|p1a: Clefable|97/100 tox
|
|upkeep
|turn|8
|
|t:|1757859541
|move|p2a: Dragonite|Extreme Speed|p1a: Clefable
|-damage|p1a: Clefable|37/100 tox
|move|p1a: Clefable|Endeavor|p2a: Dragonite
|-damage|p2a: Dragonite|38/100
|
|upkeep
|turn|9
|
|t:|1757859553
|move|p2a: Dragonite|Extreme Speed|p1a: Clefable
|-damage|p1a: Clefable|0 fnt
|faint|p1a: Clefable
|
|upkeep
|
|t:|1757859559
|switch|p1a: Scizor|Scizor, F|100/100
|-damage|p1a: Scizor|88/100|[from] Stealth Rock
|turn|10
|
|t:|1757859568
|move|p1a: Scizor|Bullet Punch|p2a: Dragonite
|-crit|p2a: Dragonite
|-damage|p2a: Dragonite|0 fnt
|faint|p2a: Dragonite
|
|upkeep
|
|t:|1757859578
|switch|p2a: Gliscor|Gliscor, F, shiny|100/100
|turn|11
|
|t:|1757859598
|move|p2a: Gliscor|Protect|p2a: Gliscor
|-singleturn|p2a: Gliscor|Protect
|move|p1a: Scizor|Bullet Punch|p2a: Gliscor
|-activate|p2a: Gliscor|move: Protect
|
|-status|p2a: Gliscor|tox|[from] item: Toxic Orb
|upkeep
|turn|12
|
|t:|1757859615
|switch|p1a: Goodra|Goodra, F|100/100
|-damage|p1a: Goodra|88/100|[from] Stealth Rock
|move|p2a: Gliscor|Substitute|p2a: Gliscor
|-start|p2a: Gliscor|Substitute
|-damage|p2a: Gliscor|76/100 tox
|
|-heal|p1a: Goodra|94/100|[from] item: Leftovers
|-heal|p2a: Gliscor|88/100 tox|[from] ability: Poison Heal
|upkeep
|turn|13
|
|t:|1757859627
|move|p2a: Gliscor|Toxic|p1a: Goodra
|-status|p1a: Goodra|tox
|move|p1a: Goodra|Acid Armor|p1a: Goodra
|-boost|p1a: Goodra|def|2
|
|-heal|p1a: Goodra|100/100 tox|[from] item: Leftovers
|-heal|p2a: Gliscor|100/100 tox|[from] ability: Poison Heal
|-damage|p1a: Goodra|94/100 tox|[from] psn
|upkeep
|turn|14
|
|t:|1757859639
|move|p2a: Gliscor|Earthquake|p1a: Goodra
|-damage|p1a: Goodra|81/100 tox
|move|p1a: Goodra|Blizzard|p2a: Gliscor
|-supereffective|p2a: Gliscor
|-end|p2a: Gliscor|Substitute
|
|-heal|p1a: Goodra|87/100 tox|[from] item: Leftovers
|-damage|p1a: Goodra|74/100 tox|[from] psn
|upkeep
|turn|15
|
|t:|1757859650
|move|p2a: Gliscor|Substitute|p2a: Gliscor
|-start|p2a: Gliscor|Substitute
|-damage|p2a: Gliscor|76/100 tox
|move|p1a: Goodra|Blizzard|p2a: Gliscor|[miss]
|-miss|p1a: Goodra|p2a: Gliscor
|
|-heal|p1a: Goodra|81/100 tox|[from] item: Leftovers
|-heal|p2a: Gliscor|88/100 tox|[from] ability: Poison Heal
|-damage|p1a: Goodra|62/100 tox|[from] psn
|upkeep
|turn|16
|
|t:|1757859662
|move|p2a: Gliscor|Protect|p2a: Gliscor
|-singleturn|p2a: Gliscor|Protect
|move|p1a: Goodra|Acid Armor|p1a: Goodra
|-boost|p1a: Goodra|def|2
|
|-heal|p1a: Goodra|68/100 tox|[from] item: Leftovers
|-heal|p2a: Gliscor|100/100 tox|[from] ability: Poison Heal
|-damage|p1a: Goodra|43/100 tox|[from] psn
|upkeep
|turn|17
|
|t:|1757859673
|move|p2a: Gliscor|Substitute|p2a: Gliscor
|-fail|p2a: Gliscor|move: Substitute
|move|p1a: Goodra|Blizzard|p2a: Gliscor|[miss]
|-miss|p1a: Goodra|p2a: Gliscor
|
|-heal|p1a: Goodra|49/100 tox|[from] item: Leftovers
|-damage|p1a: Goodra|18/100 tox|[from] psn
|upkeep
|turn|18
|
|t:|1757859682
|move|p2a: Gliscor|Protect|p2a: Gliscor
|-singleturn|p2a: Gliscor|Protect
|move|p1a: Goodra|Rest|p1a: Goodra
|-status|p1a: Goodra|slp|[from] move: Rest
|-heal|p1a: Goodra|100/100 slp|[silent]
|
|upkeep
|turn|19
|
|t:|1757859691
|move|p2a: Gliscor|Toxic||[still]
|-fail|p2a: Gliscor
|cant|p1a: Goodra|slp
|move|p1a: Goodra|Sleep Talk|p1a: Goodra
|move|p1a: Goodra|Acid Armor|p1a: Goodra|[from] move: Sleep Talk
|-boost|p1a: Goodra|def|2
|
|upkeep
|turn|20
|
|t:|1757859701
|move|p2a: Gliscor|Earthquake|p1a: Goodra
|-damage|p1a: Goodra|93/100 slp
|cant|p1a: Goodra|slp
|move|p1a: Goodra|Sleep Talk|p1a: Goodra
|move|p1a: Goodra|Rest||[from] move: Sleep Talk|[still]
|-fail|p1a: Goodra
|
|-heal|p1a: Goodra|99/100 slp|[from] item: Leftovers
|upkeep
|turn|21
|
|t:|1757859715
|move|p2a: Gliscor|Earthquake|p1a: Goodra
|-damage|p1a: Goodra|92/100 slp
|-curestatus|p1a: Goodra|slp|[msg]
|move|p1a: Goodra|Sleep Talk||[still]
|-fail|p1a: Goodra
|
|-heal|p1a: Goodra|99/100|[from] item: Leftovers
|upkeep
|turn|22
|
|t:|1757859727
|move|p2a: Gliscor|Toxic|p1a: Goodra
|-status|p1a: Goodra|tox
|move|p1a: Goodra|Blizzard|p2a: Gliscor
|-supereffective|p2a: Gliscor
|-end|p2a: Gliscor|Substitute
|
|-heal|p1a: Goodra|100/100 tox|[from] item: Leftovers
|-damage|p1a: Goodra|94/100 tox|[from] psn
|upkeep
|turn|23
|
|t:|1757859737
|move|p2a: Gliscor|Substitute|p2a: Gliscor
|-start|p2a: Gliscor|Substitute
|-damage|p2a: Gliscor|76/100 tox
|move|p1a: Goodra|Acid Armor|p1a: Goodra
|-boost|p1a: Goodra|def|0
|
|-heal|p1a: Goodra|100/100 tox|[from] item: Leftovers
|-heal|p2a: Gliscor|88/100 tox|[from] ability: Poison Heal
|-damage|p1a: Goodra|88/100 tox|[from] psn
|upkeep
|turn|24
|
|t:|1757859748
|move|p2a: Gliscor|Protect|p2a: Gliscor
|-singleturn|p2a: Gliscor|Protect
|move|p1a: Goodra|Sleep Talk||[still]
|-fail|p1a: Goodra
|
|-heal|p1a: Goodra|94/100 tox|[from] item: Leftovers
|-heal|p2a: Gliscor|100/100 tox|[from] ability: Poison Heal
|-damage|p1a: Goodra|75/100 tox|[from] psn
|upkeep
|turn|25
|
|t:|1757859759
|move|p2a: Gliscor|Earthquake|p1a: Goodra
|-damage|p1a: Goodra|68/100 tox
|move|p1a: Goodra|Blizzard|p2a: Gliscor
|-supereffective|p2a: Gliscor
|-end|p2a: Gliscor|Substitute
|
|-heal|p1a: Goodra|75/100 tox|[from] item: Leftovers
|-damage|p1a: Goodra|50/100 tox|[from] psn
|upkeep
|turn|26
|
|t:|1757859771
|move|p2a: Gliscor|Substitute|p2a: Gliscor
|-start|p2a: Gliscor|Substitute
|-damage|p2a: Gliscor|76/100 tox
|move|p1a: Goodra|Blizzard|p2a: Gliscor
|-supereffective|p2a: Gliscor
|-end|p2a: Gliscor|Substitute
|
|-heal|p1a: Goodra|56/100 tox|[from] item: Leftovers
|-heal|p2a: Gliscor|88/100 tox|[from] ability: Poison Heal
|-damage|p1a: Goodra|25/100 tox|[from] psn
|upkeep
|turn|27
|
|t:|1757859783
|move|p2a: Gliscor|Earthquake|p1a: Goodra
|-damage|p1a: Goodra|17/100 tox
|move|p1a: Goodra|Rest|p1a: Goodra
|-status|p1a: Goodra|slp|[from] move: Rest
|-heal|p1a: Goodra|100/100 slp|[silent]
|
|-heal|p2a: Gliscor|100/100 tox|[from] ability: Poison Heal
|upkeep
|turn|28
|
|t:|1757859793
|move|p2a: Gliscor|Substitute|p2a: Gliscor
|-start|p2a: Gliscor|Substitute
|-damage|p2a: Gliscor|76/100 tox
|cant|p1a: Goodra|slp
|
|-heal|p2a: Gliscor|88/100 tox|[from] ability: Poison Heal
|upkeep
|turn|29
|
|t:|1757859801
|move|p2a: Gliscor|Earthquake|p1a: Goodra
|-damage|p1a: Goodra|93/100 slp
|cant|p1a: Goodra|slp
|
|-heal|p1a: Goodra|99/100 slp|[from] item: Leftovers
|-heal|p2a: Gliscor|100/100 tox|[from] ability: Poison Heal
|upkeep
|turn|30
|
|t:|1757859811
|move|p2a: Gliscor|Earthquake|p1a: Goodra
|-damage|p1a: Goodra|92/100 slp
|-curestatus|p1a: Goodra|slp|[msg]
|move|p1a: Goodra|Acid Armor|p1a: Goodra
|-boost|p1a: Goodra|def|0
|
|-heal|p1a: Goodra|98/100|[from] item: Leftovers
|upkeep
|turn|31
|
|t:|1757859822
|move|p2a: Gliscor|Toxic|p1a: Goodra|[miss]
|-miss|p2a: Gliscor|p1a: Goodra
|move|p1a: Goodra|Blizzard|p2a: Gliscor
|-supereffective|p2a: Gliscor
|-end|p2a: Gliscor|Substitute
|
|-heal|p1a: Goodra|100/100|[from] item: Leftovers
|upkeep
|turn|32
|
|t:|1757859831
|move|p2a: Gliscor|Substitute|p2a: Gliscor
|-start|p2a: Gliscor|Substitute
|-damage|p2a: Gliscor|76/100 tox
|move|p1a: Goodra|Acid Armor|p1a: Goodra
|-boost|p1a: Goodra|def|0
|
|-heal|p2a: Gliscor|88/100 tox|[from] ability: Poison Heal
|upkeep
|turn|33
|
|t:|1757859840
|switch|p1a: Scizor|Scizor, F|88/100
|-damage|p1a: Scizor|76/100|[from] Stealth Rock
|move|p2a: Gliscor|Toxic|p1a: Scizor|[miss]
|-miss|p2a: Gliscor|p1a: Scizor
|
|-heal|p2a: Gliscor|100/100 tox|[from] ability: Poison Heal
|upkeep
|turn|34
|
|t:|1757859850
|move|p1a: Scizor|Bullet Punch|p2a: Gliscor
|-end|p2a: Gliscor|Substitute
|move|p2a: Gliscor|Earthquake|p1a: Scizor
|-damage|p1a: Scizor|41/100
|
|upkeep
|turn|35
|
|t:|1757859858
|switch|p1a: Goodra|Goodra, F|100/100
|-damage|p1a: Goodra|88/100|[from] Stealth Rock
|move|p2a: Gliscor|Substitute|p2a: Gliscor
|-start|p2a: Gliscor|Substitute
|-damage|p2a: Gliscor|76/100 tox
|
|-heal|p1a: Goodra|94/100|[from] item: Leftovers
|-heal|p2a: Gliscor|88/100 tox|[from] ability: Poison Heal
|upkeep
|turn|36
|
|t:|1757859876
|switch|p1a: Comfey|Comfey, M|100/100
|-damage|p1a: Comfey|88/100|[from] Stealth Rock
|move|p2a: Gliscor|Toxic|p1a: Comfey
|-status|p1a: Comfey|tox
|
|-heal|p1a: Comfey|94/100 tox|[from] item: Leftovers
|-damage|p1a: Comfey|88/100 tox|[from] psn
|-heal|p2a: Gliscor|100/100 tox|[from] ability: Poison Heal
|upkeep
|turn|37
|
|t:|1757859889
|move|p1a: Comfey|Sleep Talk||[still]
|-fail|p1a: Comfey
|move|p2a: Gliscor|Earthquake|p1a: Comfey
|-damage|p1a: Comfey|45/100 tox
|
|-heal|p1a: Comfey|51/100 tox|[from] item: Leftovers
|-damage|p1a: Comfey|39/100 tox|[from] psn
|upkeep
|turn|38
|
|t:|1757859901
|move|p1a: Comfey|Rest|p1a: Comfey
|-status|p1a: Comfey|slp|[from] move: Rest
|-heal|p1a: Comfey|100/100 slp|[silent]
|move|p2a: Gliscor|Earthquake|p1a: Comfey
|-damage|p1a: Comfey|59/100 slp
|
|-heal|p1a: Comfey|65/100 slp|[from] item: Leftovers
|upkeep
|turn|39
|
|t:|1757859912
|cant|p1a: Comfey|slp
|move|p1a: Comfey|Sleep Talk|p1a: Comfey
|move|p1a: Comfey|Facade|p2a: Gliscor|[from] move: Sleep Talk
|-activate|p2a: Gliscor|move: Substitute|[damage]
|move|p2a: Gliscor|Earthquake|p1a: Comfey
|-damage|p1a: Comfey|24/100 slp
|
|-heal|p1a: Comfey|30/100 slp|[from] item: Leftovers
|upkeep
|turn|40
|
|t:|1757859925
|cant|p1a: Comfey|slp
|move|p2a: Gliscor|Earthquake|p1a: Comfey
|-damage|p1a: Comfey|0 fnt
|faint|p1a: Comfey
|
|upkeep
|
|t:|1757859933
|switch|p1a: Gliscor|Gliscor, F, shiny|100/100
|-damage|p1a: Gliscor|88/100|[from] Stealth Rock
|turn|41
|
|t:|1757859949
|move|p2a: Gliscor|Protect|p2a: Gliscor
|-singleturn|p2a: Gliscor|Protect
|move|p1a: Gliscor|Swords Dance|p1a: Gliscor
|-boost|p1a: Gliscor|atk|2
|
|-status|p1a: Gliscor|tox|[from] item: Toxic Orb
|upkeep
|turn|42
|
|t:|1757859959
|move|p1a: Gliscor|Dual Wingbeat|p2a: Gliscor
|-end|p2a: Gliscor|Substitute
|-damage|p2a: Gliscor|75/100 tox
|-hitcount|p2a: Gliscor|2
|move|p2a: Gliscor|Substitute|p2a: Gliscor
|-start|p2a: Gliscor|Substitute
|-damage|p2a: Gliscor|50/100 tox
|
|-heal|p1a: Gliscor|100/100 tox|[from] ability: Poison Heal
|-heal|p2a: Gliscor|63/100 tox|[from] ability: Poison Heal
|upkeep
|turn|43
|
|t:|1757859971
|move|p2a: Gliscor|Protect|p2a: Gliscor
|-singleturn|p2a: Gliscor|Protect
|move|p1a: Gliscor|Stealth Rock|p2a: Gliscor
|-sidestart|p2: Ycvjxc|move: Stealth Rock
|
|-heal|p2a: Gliscor|75/100 tox|[from] ability: Poison Heal
|upkeep
|turn|44
|
|t:|1757859980
|move|p2a: Gliscor|Protect||[still]
|-fail|p2a: Gliscor
|move|p1a: Gliscor|Toxic Spikes|p2a: Gliscor
|-sidestart|p2: Ycvjxc|move: Toxic Spikes
|
|-heal|p2a: Gliscor|87/100 tox|[from] ability: Poison Heal
|upkeep
|turn|45
|
|t:|1757859988
|move|p1a: Gliscor|Swords Dance|p1a: Gliscor
|-boost|p1a: Gliscor|atk|2
|move|p2a: Gliscor|Substitute|p2a: Gliscor
|-fail|p2a: Gliscor|move: Substitute
|
|-heal|p2a: Gliscor|99/100 tox|[from] ability: Poison Heal
|upkeep
|turn|46
|
|t:|1757860003
|move|p2a: Gliscor|Protect|p2a: Gliscor
|-singleturn|p2a: Gliscor|Protect
|move|p1a: Gliscor|Dual Wingbeat|p2a: Gliscor
|-activate|p2a: Gliscor|move: Protect
|
|-heal|p2a: Gliscor|100/100 tox|[from] ability: Poison Heal
|upkeep
|turn|47
|
|t:|1757860015
|move|p1a: Gliscor|Dual Wingbeat|p2a: Gliscor
|-end|p2a: Gliscor|Substitute
|-damage|p2a: Gliscor|57/100 tox
|-hitcount|p2a: Gliscor|2
|move|p2a: Gliscor|Substitute|p2a: Gliscor
|-start|p2a: Gliscor|Substitute
|-damage|p2a: Gliscor|32/100 tox
|
|-heal|p2a: Gliscor|45/100 tox|[from] ability: Poison Heal
|upkeep
|turn|48
|
|t:|1757860026
|move|p2a: Gliscor|Protect|p2a: Gliscor
|-singleturn|p2a: Gliscor|Protect
|move|p1a: Gliscor|Swords Dance|p1a: Gliscor
|-boost|p1a: Gliscor|atk|2
|
|-heal|p2a: Gliscor|57/100 tox|[from] ability: Poison Heal
|upkeep
|turn|49
|
|t:|1757860035
|move|p2a: Gliscor|Protect||[still]
|-fail|p2a: Gliscor
|move|p1a: Gliscor|Dual Wingbeat|p2a: Gliscor|[miss]
|-miss|p1a: Gliscor|p2a: Gliscor
|
|-heal|p2a: Gliscor|70/100 tox|[from] ability: Poison Heal
|upkeep
|turn|50
|
|t:|1757860043
|move|p1a: Gliscor|Dual Wingbeat|p2a: Gliscor
|-end|p2a: Gliscor|Substitute
|-damage|p2a: Gliscor|12/100 tox
|-hitcount|p2a: Gliscor|2
|move|p2a: Gliscor|Substitute|p2a: Gliscor
|-fail|p2a: Gliscor|move: Substitute|[weak]
|
|-heal|p2a: Gliscor|25/100 tox|[from] ability: Poison Heal
|upkeep
|turn|51
|
|t:|1757860054
|move|p2a: Gliscor|Protect|p2a: Gliscor
|-singleturn|p2a: Gliscor|Protect
|move|p1a: Gliscor|Toxic Spikes|p2a: Gliscor
|-sidestart|p2: Ycvjxc|move: Toxic Spikes
|
|-heal|p2a: Gliscor|37/100 tox|[from] ability: Poison Heal
|upkeep
|turn|52
|
|t:|1757860062
|move|p2a: Gliscor|Protect|p2a: Gliscor
|-singleturn|p2a: Gliscor|Protect
|move|p1a: Gliscor|Dual Wingbeat|p2a: Gliscor
|-activate|p2a: Gliscor|move: Protect
|
|-heal|p2a: Gliscor|50/100 tox|[from] ability: Poison Heal
|upkeep
|turn|53
|
|t:|1757860071
|move|p1a: Gliscor|Dual Wingbeat|p2a: Gliscor|[miss]
|-miss|p1a: Gliscor|p2a: Gliscor
|move|p2a: Gliscor|Substitute|p2a: Gliscor
|-start|p2a: Gliscor|Substitute
|-damage|p2a: Gliscor|25/100 tox
|
|-heal|p2a: Gliscor|37/100 tox|[from] ability: Poison Heal
|upkeep
|turn|54
|
|t:|1757860080
|move|p2a: Gliscor|Protect|p2a: Gliscor
|-singleturn|p2a: Gliscor|Protect
|move|p1a: Gliscor|Dual Wingbeat|p2a: Gliscor
|-activate|p2a: Gliscor|move: Protect
|
|-heal|p2a: Gliscor|50/100 tox|[from] ability: Poison Heal
|upkeep
|turn|55
|
|t:|1757860093
|move|p2a: Gliscor|Protect||[still]
|-fail|p2a: Gliscor
|move|p1a: Gliscor|Dual Wingbeat|p2a: Gliscor
|-end|p2a: Gliscor|Substitute
|-damage|p2a: Gliscor|1/100 tox
|-hitcount|p2a: Gliscor|2
|
|-heal|p2a: Gliscor|14/100 tox|[from] ability: Poison Heal
|upkeep
|turn|56
|
|t:|1757860103
|move|p2a: Gliscor|Protect|p2a: Gliscor
|-singleturn|p2a: Gliscor|Protect
|move|p1a: Gliscor|Dual Wingbeat|p2a: Gliscor
|-activate|p2a: Gliscor|move: Protect
|
|-heal|p2a: Gliscor|26/100 tox|[from] ability: Poison Heal
|upkeep
|turn|57
|
|t:|1757860112
|move|p2a: Gliscor|Protect||[still]
|-fail|p2a: Gliscor
|move|p1a: Gliscor|Dual Wingbeat|p2a: Gliscor
|-damage|p2a: Gliscor|0 fnt
|faint|p2a: Gliscor
|-hitcount|p2: Gliscor|1
|
|upkeep
|
|t:|1757860121
|switch|p2a: Dragapult|Dragapult, F, shiny|100/100
|-damage|p2a: Dragapult|88/100|[from] Stealth Rock
|-status|p2a: Dragapult|tox
|turn|58
|
|t:|1757860128
|move|p2a: Dragapult|U-turn|p1a: Gliscor
|-resisted|p1a: Gliscor
|-damage|p1a: Gliscor|88/100 tox
|
|t:|1757860132
|switch|p2a: Dondozo|Dondozo, M, shiny|100/100|[from] U-turn
|-damage|p2a: Dondozo|88/100|[from] Stealth Rock
|-status|p2a: Dondozo|tox
|move|p1a: Gliscor|Dual Wingbeat|p2a: Dondozo
|-damage|p2a: Dondozo|80/100 tox
|-damage|p2a: Dondozo|73/100 tox
|-hitcount|p2a: Dondozo|2
|
|-heal|p2a: Dondozo|79/100 tox|[from] item: Leftovers
|-heal|p1a: Gliscor|100/100 tox|[from] ability: Poison Heal
|-damage|p2a: Dondozo|73/100 tox|[from] psn
|upkeep
|turn|59
|
|t:|1757860148
|move|p1a: Gliscor|Stealth Rock||[still]
|-fail|p1a: Gliscor
|move|p2a: Dondozo|Curse|p2a: Dondozo
|-unboost|p2a: Dondozo|spe|1
|-boost|p2a: Dondozo|atk|1
|-boost|p2a: Dondozo|def|1
|
|-heal|p2a: Dondozo|79/100 tox|[from] item: Leftovers
|-damage|p2a: Dondozo|66/100 tox|[from] psn
|upkeep
|turn|60
|
|t:|1757860159
|move|p1a: Gliscor|Stealth Rock||[still]
|-fail|p1a: Gliscor
|move|p2a: Dondozo|Rest|p2a: Dondozo
|-status|p2a: Dondozo|slp|[from] move: Rest
|-heal|p2a: Dondozo|100/100 slp|[silent]
|
|upkeep
|turn|61
|
|t:|1757860169
|move|p1a: Gliscor|Dual Wingbeat|p2a: Dondozo
|-damage|p2a: Dondozo|96/100 slp
|-damage|p2a: Dondozo|91/100 slp
|-hitcount|p2a: Dondozo|2
|cant|p2a: Dondozo|slp
|
|-heal|p2a: Dondozo|97/100 slp|[from] item: Leftovers
|upkeep
|turn|62
|
|t:|1757860191
|switch|p1a: Maushold|Maushold-Four|41/100
|-damage|p1a: Maushold|29/100|[from] Stealth Rock
|cant|p2a: Dondozo|slp
|
|-heal|p2a: Dondozo|100/100 slp|[from] item: Leftovers
|upkeep
|turn|63
|
|t:|1757860203
|move|p1a: Maushold|Bullet Seed|p2a: Dondozo
|-supereffective|p2a: Dondozo
|-damage|p2a: Dondozo|92/100 slp
|-supereffective|p2a: Dondozo
|-damage|p2a: Dondozo|82/100 slp
|-supereffective|p2a: Dondozo
|-damage|p2a: Dondozo|73/100 slp
|-hitcount|p2a: Dondozo|3
|-curestatus|p2a: Dondozo|slp|[msg]
|move|p2a: Dondozo|Wave Crash|p1a: Maushold
|-damage|p1a: Maushold|0 fnt
|faint|p1a: Maushold
|-damage|p2a: Dondozo|67/100|[from] Recoil
|
|-heal|p2a: Dondozo|74/100|[from] item: Leftovers
|upkeep
|
|t:|1757860218
|switch|p1a: Goodra|Goodra, F|94/100
|-damage|p1a: Goodra|82/100|[from] Stealth Rock
|turn|64
|
|t:|1757860225
|move|p1a: Goodra|Blizzard|p2a: Dondozo|[miss]
|-miss|p1a: Goodra|p2a: Dondozo
|move|p2a: Dondozo|Curse|p2a: Dondozo
|-unboost|p2a: Dondozo|spe|1
|-boost|p2a: Dondozo|atk|1
|-boost|p2a: Dondozo|def|1
|
|-heal|p1a: Goodra|88/100|[from] item: Leftovers
|-heal|p2a: Dondozo|80/100|[from] item: Leftovers
|upkeep
|turn|65
|
|t:|1757860235
|move|p1a: Goodra|Acid Armor|p1a: Goodra
|-boost|p1a: Goodra|def|2
|move|p2a: Dondozo|Curse|p2a: Dondozo
|-unboost|p2a: Dondozo|spe|1
|-boost|p2a: Dondozo|atk|1
|-boost|p2a: Dondozo|def|1
|
|-heal|p1a: Goodra|94/100|[from] item: Leftovers
|-heal|p2a: Dondozo|86/100|[from] item: Leftovers
|upkeep
|turn|66
|
|t:|1757860246
|switch|p1a: Scizor|Scizor, F|41/100
|-damage|p1a: Scizor|29/100|[from] Stealth Rock
|move|p2a: Dondozo|Curse|p2a: Dondozo
|-unboost|p2a: Dondozo|spe|1
|-boost|p2a: Dondozo|atk|1
|-boost|p2a: Dondozo|def|1
|
|-heal|p2a: Dondozo|92/100|[from] item: Leftovers
|upkeep
|turn|67
|
|t:|1757860257
|move|p1a: Scizor|Bullet Punch|p2a: Dondozo
|-resisted|p2a: Dondozo
|-damage|p2a: Dondozo|89/100
|move|p2a: Dondozo|Curse|p2a: Dondozo
|-unboost|p2a: Dondozo|spe|1
|-boost|p2a: Dondozo|atk|1
|-boost|p2a: Dondozo|def|1
|
|-heal|p2a: Dondozo|95/100|[from] item: Leftovers
|upkeep
|turn|68
|
|t:|1757860268
|switch|p1a: Gliscor|Gliscor, F, shiny|100/100 tox
|-damage|p1a: Gliscor|88/100 tox|[from] Stealth Rock
|move|p2a: Dondozo|Curse|p2a: Dondozo
|-unboost|p2a: Dondozo|spe|1
|-boost|p2a: Dondozo|atk|1
|-boost|p2a: Dondozo|def|1
|
|-heal|p2a: Dondozo|100/100|[from] item: Leftovers
|-heal|p1a: Gliscor|100/100 tox|[from] ability: Poison Heal
|upkeep
|turn|69
|
|t:|1757860284
|move|p1a: Gliscor|Swords Dance|p1a: Gliscor
|-boost|p1a: Gliscor|atk|2
|move|p2a: Dondozo|Wave Crash|p1a: Gliscor
|-supereffective|p1a: Gliscor
|-damage|p1a: Gliscor|0 fnt
|faint|p1a: Gliscor
|-damage|p2a: Dondozo|81/100|[from] Recoil
|
|-heal|p2a: Dondozo|88/100|[from] item: Leftovers
|upkeep
|-message|misshan forfeited.
|
|win|Ycvjxc
|raw|misshan's rating: 1027 &rarr; <strong>1012</strong><br />(-15 for losing)
|raw|Ycvjxc's rating: 1000 &rarr; <strong>1043</strong><br />(+43 for winning)
|l|☆misshan
|player|p1|
