|j|☆Retresa
|j|☆Natorito
|t:|1757869065
|gametype|singles
|player|p1|Retresa|2|1156
|player|p2|Natorito|170|1148
|gen|9
|tier|[Gen 9] OU
|rated|
|rule|HP Percentage Mod: HP is shown in percentages
|rule|Endless Battle Clause: Forcing endless battles is banned
|rule|Species Clause: Limit one of each Pokémon
|rule|OHKO Clause: OHKO moves are banned
|rule|Evasion Items Clause: Evasion items are banned
|rule|Evasion Moves Clause: Evasion moves are banned
|rule|Evasion Abilities Clause: Evasion abilities are banned
|rule|Sleep Moves Clause: Sleep-inducing moves are banned
|clearpoke
|poke|p1|Iron Crown|
|poke|p1|Tyranitar, M|
|poke|p1|Corviknight, M|
|poke|p1|Grimmsnarl, M|
|poke|p1|Alomomola, F|
|poke|p1|Hatterene, F|
|poke|p2|Slowbro-Galar, M|
|poke|p2|Mudsdale, M|
|poke|p2|Minior|
|poke|p2|Hitmonchan, M|
|poke|p2|Rotom-Heat|
|poke|p2|Milotic, F|
|teampreview
|inactive|Battle timer is ON: inactive players will automatically lose when time's up. (requested by Natorito)
|
|t:|1757869080
|teamsize|p1|6
|teamsize|p2|6
|start
|switch|p1a: Grimmsnarl|Grimmsnarl, M|100/100
|switch|p2a: Slowbro|Slowbro-Galar, M|100/100
|turn|1
|
|t:|1757869089
|move|p1a: Grimmsnarl|Light Screen|p1a: Grimmsnarl
|-sidestart|p1: Retresa|move: Light Screen
|move|p2a: Slowbro|Belly Drum|p2a: Slowbro
|-damage|p2a: Slowbro|50/100
|-setboost|p2a: Slowbro|atk|6|[from] move: Belly Drum
|
|upkeep
|turn|2
|-activate|p2a: Slowbro|item: Quick Claw
|
|t:|1757869096
|move|p1a: Grimmsnarl|Reflect|p1a: Grimmsnarl
|-sidestart|p1: Retresa|Reflect
|move|p2a: Slowbro|Drain Punch|p1a: Grimmsnarl
|-damage|p1a: Grimmsnarl|38/100
|-heal|p2a: Slowbro|82/100|[from] drain|[of] p1a: Grimmsnarl
|
|upkeep
|turn|3
|-activate|p2a: Slowbro|item: Quick Claw
|
|t:|1757869104
|move|p1a: Grimmsnarl|Parting Shot|p2a: Slowbro
|-unboost|p2a: Slowbro|atk|1
|-unboost|p2a: Slowbro|spa|1
|
|t:|1757869123
|switch|p1a: Iron Crown|Iron Crown|100/100|[from] Parting Shot
|move|p2a: Slowbro|Drain Punch|p1a: Iron Crown
|-damage|p1a: Iron Crown|68/100
|-heal|p2a: Slowbro|95/100|[from] drain|[of] p1a: Iron Crown
|
|upkeep
|turn|4
|-activate|p2a: Slowbro|item: Quick Claw
|
|t:|1757869147
|-terastallize|p2a: Slowbro|Normal
|move|p2a: Slowbro|Liquidation|p1a: Iron Crown
|-damage|p1a: Iron Crown|27/100
|-unboost|p1a: Iron Crown|def|1
|move|p1a: Iron Crown|Calm Mind|p1a: Iron Crown
|-boost|p1a: Iron Crown|spa|1
|-boost|p1a: Iron Crown|spd|1
|
|upkeep
|turn|5
|-activate|p2a: Slowbro|ability: Quick Draw
|
|t:|1757869161
|move|p2a: Slowbro|Drain Punch|p1a: Iron Crown
|-damage|p1a: Iron Crown|0 fnt
|-heal|p2a: Slowbro|100/100|[from] drain|[of] p1a: Iron Crown
|faint|p1a: Iron Crown
|-end|p1a: Iron Crown|Quark Drive|[silent]
|
|upkeep
|
|t:|1757869170
|switch|p1a: Corviknight|Corviknight, M|100/100
|-ability|p1a: Corviknight|Pressure
|turn|6
|
|t:|1757869177
|move|p1a: Corviknight|Iron Defense|p1a: Corviknight
|-boost|p1a: Corviknight|def|2
|move|p2a: Slowbro|Liquidation|p1a: Corviknight
|-damage|p1a: Corviknight|83/100
|
|upkeep
|turn|7
|
|t:|1757869186
|switch|p2a: Mudsdale|Mudsdale, M|100/100
|move|p1a: Corviknight|Iron Defense|p1a: Corviknight
|-boost|p1a: Corviknight|def|2
|
|upkeep
|turn|8
|
|t:|1757869195
|move|p1a: Corviknight|Iron Defense|p1a: Corviknight
|-boost|p1a: Corviknight|def|2
|move|p2a: Mudsdale|Stealth Rock|p1a: Corviknight
|-sidestart|p1: Retresa|move: Stealth Rock
|
|-sideend|p1: Retresa|move: Light Screen
|upkeep
|turn|9
|
|t:|1757869202
|move|p1a: Corviknight|Body Press|p2a: Mudsdale
|-damage|p2a: Mudsdale|36/100
|-ability|p2a: Mudsdale|Stamina|boost
|-boost|p2a: Mudsdale|def|1
|move|p2a: Mudsdale|Roar|p1a: Corviknight
|drag|p1a: Tyranitar|Tyranitar, M|100/100
|-damage|p1a: Tyranitar|88/100|[from] Stealth Rock
|-weather|Sandstorm|[from] ability: Sand Stream|[of] p1a: Tyranitar
|
|-weather|Sandstorm|[upkeep]
|-heal|p2a: Mudsdale|43/100|[from] item: Leftovers
|-sideend|p1: Retresa|Reflect
|upkeep
|turn|10
|
|t:|1757869218
|move|p1a: Tyranitar|Ice Punch|p2a: Mudsdale
|-supereffective|p2a: Mudsdale
|-damage|p2a: Mudsdale|20/100
|-ability|p2a: Mudsdale|Stamina|boost
|-boost|p2a: Mudsdale|def|1
|move|p2a: Mudsdale|Body Press|p1a: Tyranitar
|-supereffective|p1a: Tyranitar
|-damage|p1a: Tyranitar|0 fnt
|faint|p1a: Tyranitar
|
|-weather|Sandstorm|[upkeep]
|-heal|p2a: Mudsdale|26/100|[from] item: Leftovers
|upkeep
|
|t:|1757869230
|switch|p1a: Hatterene|Hatterene, F|100/100
|-damage|p1a: Hatterene|88/100|[from] Stealth Rock
|turn|11
|
|t:|1757869243
|switch|p2a: Milotic|Milotic, F|100/100
|move|p1a: Hatterene|Calm Mind|p1a: Hatterene
|-boost|p1a: Hatterene|spa|1
|-boost|p1a: Hatterene|spd|1
|
|-weather|Sandstorm|[upkeep]
|-damage|p2a: Milotic|94/100|[from] Sandstorm
|-damage|p1a: Hatterene|82/100|[from] Sandstorm
|-heal|p2a: Milotic|100/100|[from] item: Leftovers
|-heal|p1a: Hatterene|88/100|[from] item: Leftovers
|upkeep
|turn|12
|
|t:|1757869259
|switch|p2a: Rotom|Rotom-Heat, shiny|100/100
|move|p1a: Hatterene|Calm Mind|p1a: Hatterene
|-boost|p1a: Hatterene|spa|1
|-boost|p1a: Hatterene|spd|1
|
|-weather|Sandstorm|[upkeep]
|-damage|p2a: Rotom|94/100|[from] Sandstorm
|-damage|p1a: Hatterene|82/100|[from] Sandstorm
|-heal|p1a: Hatterene|88/100|[from] item: Leftovers
|upkeep
|turn|13
|
|t:|1757869271
|move|p2a: Rotom|Trick|p1a: Hatterene
|-activate|p2a: Rotom|move: Trick|[of] p1a: Hatterene
|-item|p1a: Hatterene|Choice Scarf|[from] move: Trick
|-item|p2a: Rotom|Leftovers|[from] move: Trick
|move|p1a: Hatterene|Draining Kiss|p2a: Rotom
|-resisted|p2a: Rotom
|-damage|p2a: Rotom|64/100
|-heal|p1a: Hatterene|100/100|[from] drain|[of] p2a: Rotom
|
|-weather|none
|-heal|p2a: Rotom|70/100|[from] item: Leftovers
|upkeep
|turn|14
|inactive|Natorito has 120 seconds left.
|
|t:|1757869303
|move|p2a: Rotom|Volt Switch|p1a: Hatterene
|-damage|p1a: Hatterene|84/100
|
|t:|1757869308
|switch|p2a: Milotic|Milotic, F|100/100|[from] Volt Switch
|move|p1a: Hatterene|Draining Kiss|p2a: Milotic
|-damage|p2a: Milotic|68/100
|-heal|p1a: Hatterene|100/100|[from] drain|[of] p2a: Milotic
|
|-heal|p2a: Milotic|74/100|[from] item: Leftovers
|upkeep
|turn|15
|inactive|Natorito has 120 seconds left.
|
|t:|1757869318
|move|p2a: Milotic|Scald|p1a: Hatterene
|-damage|p1a: Hatterene|86/100
|-status|p1a: Hatterene|brn
|move|p1a: Hatterene|Draining Kiss|p2a: Milotic
|-damage|p2a: Milotic|43/100
|-heal|p1a: Hatterene|100/100 brn|[from] drain|[of] p2a: Milotic
|
|-heal|p2a: Milotic|49/100|[from] item: Leftovers
|-damage|p1a: Hatterene|94/100 brn|[from] brn
|upkeep
|turn|16
|inactive|Natorito has 120 seconds left.
|
|t:|1757869332
|move|p2a: Milotic|Rest|p2a: Milotic
|-status|p2a: Milotic|slp|[from] move: Rest
|-heal|p2a: Milotic|100/100 slp|[silent]
|move|p1a: Hatterene|Draining Kiss|p2a: Milotic
|-damage|p2a: Milotic|67/100 slp
|-heal|p1a: Hatterene|100/100 brn|[from] drain|[of] p2a: Milotic
|
|-heal|p2a: Milotic|73/100 slp|[from] item: Leftovers
|-damage|p1a: Hatterene|94/100 brn|[from] brn
|upkeep
|turn|17
|-message|Retresa forfeited.
|
|win|Natorito
|raw|Retresa's rating: 1156 &rarr; <strong>1130</strong><br />(-26 for losing)
|raw|Natorito's rating: 1148 &rarr; <strong>1174</strong><br />(+26 for winning)
|l|☆Retresa
|player|p1|
|l|☆Natorito
|player|p2|
