|j|☆Astonished25
|j|☆SuperiorPangoro
|t:|1757901957
|gametype|singles
|player|p1|Astonished25|265|
|player|p2|SuperiorPangoro|ghetsis|
|gen|9
|tier|[Gen 9] OU
|rule|HP Percentage Mod: HP is shown in percentages
|rule|Endless Battle Clause: Forcing endless battles is banned
|rule|Species Clause: Limit one of each Pokémon
|rule|OHKO Clause: OHKO moves are banned
|rule|Evasion Items Clause: Evasion items are banned
|rule|Evasion Moves Clause: Evasion moves are banned
|rule|Evasion Abilities Clause: Evasion abilities are banned
|rule|Sleep Moves Clause: Sleep-inducing moves are banned
|clearpoke
|poke|p1|Ogerpon-Wellspring, F|
|poke|p1|Rillaboom, F|
|poke|p1|Iron Moth|
|poke|p1|Hawlucha, F|
|poke|p1|Raging Bolt|
|poke|p1|Iron Treads|
|poke|p2|Dragapult, F|
|poke|p2|Sandy Shocks|
|poke|p2|Great Tusk|
|poke|p2|Rotom-Wash|
|poke|p2|Kingambit, F|
|poke|p2|Cinderace, M|
|teampreview
|inactive|Battle timer is ON: inactive players will automatically lose when time's up. (requested by Astonished25)
|inactive|SuperiorPangoro also wants the timer to be on.
|
|t:|1757901968
|teamsize|p1|6
|teamsize|p2|6
|start
|switch|p1a: Rillaboom|Rillaboom, F|100/100
|switch|p2a: Cinderace|Cinderace, M|100/100
|-fieldstart|move: Grassy Terrain|[from] ability: Grassy Surge|[of] p1a: Rillaboom
|turn|1
|
|t:|1757901980
|move|p2a: Cinderace|U-turn|p1a: Rillaboom
|-supereffective|p1a: Rillaboom
|-damage|p1a: Rillaboom|51/100
|
|t:|1757901999
|switch|p2a: Rotom|Rotom-Wash|100/100|[from] U-turn
|move|p1a: Rillaboom|U-turn|p2a: Rotom
|-damage|p2a: Rotom|76/100
|
|t:|1757902015
|switch|p1a: Iron Moth|Iron Moth|100/100|[from] U-turn
|-enditem|p1a: Iron Moth|Booster Energy
|-activate|p1a: Iron Moth|ability: Quark Drive|[fromitem]
|-start|p1a: Iron Moth|quarkdrivespe
|
|-heal|p2a: Rotom|82/100|[from] item: Leftovers
|upkeep
|turn|2
|
|t:|1757902023
|-terastallize|p2a: Rotom|Steel
|move|p1a: Iron Moth|Energy Ball|p2a: Rotom
|-resisted|p2a: Rotom
|-damage|p2a: Rotom|65/100
|move|p2a: Rotom|Thunder Wave|p1a: Iron Moth
|-status|p1a: Iron Moth|par
|
|-heal|p2a: Rotom|71/100|[from] item: Leftovers
|upkeep
|turn|3
|
|t:|1757902040
|switch|p2a: Dragapult|Dragapult, F|100/100
|move|p1a: Iron Moth|Fiery Dance|p2a: Dragapult
|-resisted|p2a: Dragapult
|-damage|p2a: Dragapult|72/100
|-boost|p1a: Iron Moth|spa|1
|
|-heal|p2a: Dragapult|78/100|[from] Grassy Terrain
|-heal|p2a: Dragapult|84/100|[from] item: Leftovers
|upkeep
|turn|4
|
|t:|1757902050
|move|p2a: Dragapult|Hex|p1a: Iron Moth
|-damage|p1a: Iron Moth|45/100 par
|move|p1a: Iron Moth|Fiery Dance|p2a: Dragapult
|-resisted|p2a: Dragapult
|-damage|p2a: Dragapult|43/100
|-boost|p1a: Iron Moth|spa|1
|
|-heal|p2a: Dragapult|49/100|[from] Grassy Terrain
|-heal|p2a: Dragapult|55/100|[from] item: Leftovers
|-heal|p1a: Iron Moth|51/100 par|[from] Grassy Terrain
|upkeep
|turn|5
|
|t:|1757902062
|move|p2a: Dragapult|Hex|p1a: Iron Moth
|-damage|p1a: Iron Moth|0 fnt
|faint|p1a: Iron Moth
|-end|p1a: Iron Moth|Quark Drive|[silent]
|
|-heal|p2a: Dragapult|61/100|[from] Grassy Terrain
|-heal|p2a: Dragapult|67/100|[from] item: Leftovers
|upkeep
|
|t:|1757902068
|switch|p1a: Rillaboom|Rillaboom, F|51/100
|turn|6
|
|t:|1757902086
|move|p2a: Dragapult|Will-O-Wisp|p1a: Rillaboom
|-status|p1a: Rillaboom|brn
|move|p1a: Rillaboom|Knock Off|p2a: Dragapult
|-supereffective|p2a: Dragapult
|-damage|p2a: Dragapult|11/100
|-enditem|p2a: Dragapult|Leftovers|[from] move: Knock Off|[of] p1a: Rillaboom
|
|-heal|p2a: Dragapult|17/100|[from] Grassy Terrain
|-heal|p1a: Rillaboom|57/100 brn|[from] Grassy Terrain
|-damage|p1a: Rillaboom|51/100 brn|[from] brn
|upkeep
|turn|7
|
|t:|1757902096
|switch|p1a: Iron Treads|Iron Treads|100/100
|-enditem|p1a: Iron Treads|Booster Energy
|-activate|p1a: Iron Treads|ability: Quark Drive|[fromitem]
|-start|p1a: Iron Treads|quarkdrivespe
|move|p2a: Dragapult|Hex|p1a: Iron Treads
|-damage|p1a: Iron Treads|68/100
|
|-heal|p1a: Iron Treads|74/100|[from] Grassy Terrain
|-heal|p2a: Dragapult|23/100|[from] Grassy Terrain
|upkeep
|turn|8
|
|t:|1757902113
|move|p1a: Iron Treads|Stealth Rock|p2a: Dragapult
|-sidestart|p2: SuperiorPangoro|move: Stealth Rock
|move|p2a: Dragapult|Will-O-Wisp|p1a: Iron Treads
|-status|p1a: Iron Treads|brn
|
|-heal|p1a: Iron Treads|80/100 brn|[from] Grassy Terrain
|-heal|p2a: Dragapult|29/100|[from] Grassy Terrain
|-damage|p1a: Iron Treads|74/100 brn|[from] brn
|-fieldend|move: Grassy Terrain
|upkeep
|turn|9
|
|t:|1757902122
|move|p1a: Iron Treads|Earth Power|p2a: Dragapult
|-damage|p2a: Dragapult|0 fnt
|faint|p2a: Dragapult
|
|-damage|p1a: Iron Treads|68/100 brn|[from] brn
|upkeep
|
|t:|1757902141
|switch|p2a: Great Tusk|Great Tusk|100/100
|-damage|p2a: Great Tusk|98/100|[from] Stealth Rock
|turn|10
|
|t:|1757902145
|move|p1a: Iron Treads|Steel Beam|p2a: Great Tusk
|-damage|p2a: Great Tusk|45/100
|-damage|p1a: Iron Treads|17/100 brn|[from] steelbeam
|move|p2a: Great Tusk|Headlong Rush|p1a: Iron Treads
|-supereffective|p1a: Iron Treads
|-damage|p1a: Iron Treads|0 fnt
|-unboost|p2a: Great Tusk|def|1
|-unboost|p2a: Great Tusk|spd|1
|faint|p1a: Iron Treads
|-end|p1a: Iron Treads|Quark Drive|[silent]
|
|upkeep
|
|t:|1757902149
|switch|p1a: Rillaboom|Rillaboom, F|51/100 brn
|-fieldstart|move: Grassy Terrain|[from] ability: Grassy Surge|[of] p1a: Rillaboom
|turn|11
|
|t:|1757902159
|-end|p2a: Great Tusk|Protosynthesis|[silent]
|switch|p2a: Cinderace|Cinderace, M|100/100
|move|p1a: Rillaboom|U-turn|p2a: Cinderace
|-resisted|p2a: Cinderace
|-damage|p2a: Cinderace|92/100
|
|t:|1757902173
|switch|p1a: Ogerpon|Ogerpon-Wellspring, F|100/100|[from] U-turn
|
|-heal|p2a: Cinderace|98/100|[from] Grassy Terrain
|upkeep
|turn|12
|
|t:|1757902181
|move|p2a: Cinderace|U-turn|p1a: Ogerpon
|-supereffective|p1a: Ogerpon
|-damage|p1a: Ogerpon|37/100
|
|t:|1757902189
|switch|p2a: Rotom|Rotom-Wash, tera:Steel|71/100|[from] U-turn
|-damage|p2a: Rotom|65/100|[from] Stealth Rock
|move|p1a: Ogerpon|Swords Dance|p1a: Ogerpon
|-boost|p1a: Ogerpon|atk|2
|
|-heal|p1a: Ogerpon|43/100|[from] Grassy Terrain
|-heal|p2a: Rotom|71/100|[from] item: Leftovers
|upkeep
|turn|13
|
|t:|1757902194
|move|p1a: Ogerpon|Ivy Cudgel|p2a: Rotom|[anim] Ivy Cudgel Water
|-damage|p2a: Rotom|0 fnt
|faint|p2a: Rotom
|
|-heal|p1a: Ogerpon|49/100|[from] Grassy Terrain
|upkeep
|
|t:|1757902201
|switch|p2a: Cinderace|Cinderace, M|98/100
|turn|14
|
|t:|1757902210
|-terastallize|p1a: Ogerpon|Water
|detailschange|p1a: Ogerpon|Ogerpon-Wellspring-Tera, F, tera:Water
|-ability|p1a: Ogerpon|Embody Aspect (Wellspring)|boost
|-boost|p1a: Ogerpon|spd|1
|move|p1a: Ogerpon|Grassy Glide|p2a: Cinderace
|-resisted|p2a: Cinderace
|-damage|p2a: Cinderace|38/100
|move|p2a: Cinderace|U-turn|p1a: Ogerpon
|-damage|p1a: Ogerpon|20/100
|
|t:|1757902233
|switch|p2a: Kingambit|Kingambit, F|100/100|[from] U-turn
|-damage|p2a: Kingambit|94/100|[from] Stealth Rock
|-activate|p2a: Kingambit|ability: Supreme Overlord
|-start|p2a: Kingambit|fallen2|[silent]
|
|-heal|p1a: Ogerpon|26/100|[from] Grassy Terrain
|-heal|p2a: Kingambit|100/100|[from] Grassy Terrain
|upkeep
|turn|15
|
|t:|1757902238
|move|p2a: Kingambit|Sucker Punch|p1a: Ogerpon
|-damage|p1a: Ogerpon|0 fnt
|faint|p1a: Ogerpon
|detailschange|p1: Ogerpon|Ogerpon-Wellspring, F|[silent]
|
|upkeep
|
|t:|1757902240
|switch|p1a: Hawlucha|Hawlucha, F|100/100
|-enditem|p1a: Hawlucha|Grassy Seed
|-boost|p1a: Hawlucha|def|1|[from] item: Grassy Seed
|turn|16
|
|t:|1757902245
|move|p1a: Hawlucha|Encore|p2a: Kingambit
|-start|p2a: Kingambit|Encore
|move|p2a: Kingambit|Sucker Punch||[still]
|-fail|p2a: Kingambit
|
|upkeep
|turn|17
|
|t:|1757902249
|-end|p2a: Kingambit|fallen2|[silent]
|switch|p2a: Great Tusk|Great Tusk|45/100
|-damage|p2a: Great Tusk|42/100|[from] Stealth Rock
|move|p1a: Hawlucha|Swords Dance|p1a: Hawlucha
|-boost|p1a: Hawlucha|atk|2
|
|-heal|p2a: Great Tusk|48/100|[from] Grassy Terrain
|upkeep
|turn|18
|
|t:|1757902260
|move|p1a: Hawlucha|Acrobatics|p2a: Great Tusk
|-supereffective|p2a: Great Tusk
|-damage|p2a: Great Tusk|0 fnt
|faint|p2a: Great Tusk
|-end|p2a: Great Tusk|Protosynthesis|[silent]
|
|-fieldend|move: Grassy Terrain
|upkeep
|
|t:|1757902273
|switch|p2a: Sandy Shocks|Sandy Shocks, shiny|100/100
|turn|19
|
|t:|1757902279
|move|p1a: Hawlucha|Close Combat|p2a: Sandy Shocks
|-damage|p2a: Sandy Shocks|0 fnt
|-unboost|p1a: Hawlucha|def|1
|-unboost|p1a: Hawlucha|spd|1
|faint|p2a: Sandy Shocks
|-end|p2a: Sandy Shocks|Protosynthesis|[silent]
|
|upkeep
|
|t:|1757902290
|switch|p2a: Kingambit|Kingambit, F|100/100
|-damage|p2a: Kingambit|94/100|[from] Stealth Rock
|-activate|p2a: Kingambit|ability: Supreme Overlord
|-start|p2a: Kingambit|fallen4|[silent]
|turn|20
|
|t:|1757902298
|move|p1a: Hawlucha|Close Combat|p2a: Kingambit
|-supereffective|p2a: Kingambit
|-damage|p2a: Kingambit|0 fnt
|-unboost|p1a: Hawlucha|def|1
|-unboost|p1a: Hawlucha|spd|1
|faint|p2a: Kingambit
|-end|p2a: Kingambit|fallen4|[silent]
|
|upkeep
|
|t:|1757902304
|switch|p2a: Cinderace|Cinderace, M|38/100
|turn|21
|
|t:|1757902312
|move|p1a: Hawlucha|Acrobatics|p2a: Cinderace
|-damage|p2a: Cinderace|0 fnt
|faint|p2a: Cinderace
|
|win|Astonished25
|l|☆SuperiorPangoro
|player|p2|
