|j|☆goodgreatawesome99
|j|☆sauronikov
|t:|1757918328
|gametype|singles
|player|p1|goodgreatawesome99|101|1203
|player|p2|sauronikov|101|1198
|gen|9
|tier|[Gen 9] OU
|rated|
|rule|HP Percentage Mod: HP is shown in percentages
|rule|Endless Battle Clause: Forcing endless battles is banned
|rule|Species Clause: Limit one of each Pokémon
|rule|OHKO Clause: OHKO moves are banned
|rule|Evasion Items Clause: Evasion items are banned
|rule|Evasion Moves Clause: Evasion moves are banned
|rule|Evasion Abilities Clause: Evasion abilities are banned
|rule|Sleep Moves Clause: Sleep-inducing moves are banned
|clearpoke
|poke|p1|Braviary-Hisui, M|
|poke|p1|Slowking-Galar, M|
|poke|p1|Samurott-Hisui, F|
|poke|p1|Great Tusk|
|poke|p1|Scizor, M|
|poke|p1|Hydrapple, F|
|poke|p2|Grimmsnarl, M|
|poke|p2|Revavroom, M|
|poke|p2|Hydrapple, F|
|poke|p2|Primarina, F|
|poke|p2|Dragonite, F|
|poke|p2|Raging Bolt|
|teampreview
|
|t:|1757918344
|teamsize|p1|6
|teamsize|p2|6
|start
|switch|p1a: Scizor|Scizor, M|100/100
|switch|p2a: Revavroom|Revavroom, M, shiny|100/100
|turn|1
|
|t:|1757918358
|switch|p1a: Great Tusk|Great Tusk|100/100
|-enditem|p1a: Great Tusk|Booster Energy
|-activate|p1a: Great Tusk|ability: Protosynthesis|[fromitem]
|-start|p1a: Great Tusk|protosynthesisspe
|move|p2a: Revavroom|Shift Gear|p2a: Revavroom
|-boost|p2a: Revavroom|spe|2
|-boost|p2a: Revavroom|atk|1
|
|upkeep
|turn|2
|
|t:|1757918385
|switch|p2a: Grimmsnarl|Grimmsnarl, M, shiny|100/100
|move|p1a: Great Tusk|Rapid Spin|p2a: Grimmsnarl
|-damage|p2a: Grimmsnarl|87/100
|-boost|p1a: Great Tusk|spe|1
|
|upkeep
|turn|3
|
|t:|1757918396
|move|p2a: Grimmsnarl|Reflect|p2a: Grimmsnarl
|-sidestart|p2: sauronikov|Reflect
|move|p1a: Great Tusk|Bulk Up|p1a: Great Tusk
|-boost|p1a: Great Tusk|atk|1
|-boost|p1a: Great Tusk|def|1
|
|upkeep
|turn|4
|
|t:|1757918402
|move|p2a: Grimmsnarl|Taunt|p1a: Great Tusk
|-start|p1a: Great Tusk|move: Taunt
|cant|p1a: Great Tusk|move: Taunt|Bulk Up
|
|upkeep
|turn|5
|
|t:|1757918407
|move|p2a: Grimmsnarl|Parting Shot|p1a: Great Tusk
|-unboost|p1a: Great Tusk|atk|1
|-unboost|p1a: Great Tusk|spa|1
|
|t:|1757918411
|switch|p2a: Primarina|Primarina, F|100/100|[from] Parting Shot
|move|p1a: Great Tusk|Temper Flare|p2a: Primarina
|-resisted|p2a: Primarina
|-damage|p2a: Primarina|87/100
|
|upkeep
|turn|6
|
|t:|1757918422
|-end|p1a: Great Tusk|Protosynthesis|[silent]
|switch|p1a: Slowking|Slowking-Galar, M|100/100
|move|p2a: Primarina|Hyper Voice|p1a: Slowking
|-crit|p1a: Slowking
|-damage|p1a: Slowking|46/100
|
|upkeep
|turn|7
|
|t:|1757918431
|switch|p2a: Revavroom|Revavroom, M, shiny|100/100
|move|p1a: Slowking|Psyshock|p2a: Revavroom
|-damage|p2a: Revavroom|64/100
|
|upkeep
|turn|8
|
|t:|1757918439
|move|p2a: Revavroom|Shift Gear|p2a: Revavroom
|-boost|p2a: Revavroom|spe|2
|-boost|p2a: Revavroom|atk|1
|move|p1a: Slowking|Flamethrower|p2a: Revavroom
|-supereffective|p2a: Revavroom
|-damage|p2a: Revavroom|10/100
|-enditem|p2a: Revavroom|Weakness Policy
|-boost|p2a: Revavroom|atk|2|[from] item: Weakness Policy
|-boost|p2a: Revavroom|spa|2|[from] item: Weakness Policy
|
|upkeep
|turn|9
|
|t:|1757918458
|switch|p1a: Great Tusk|Great Tusk|100/100
|move|p2a: Revavroom|High Horsepower|p1a: Great Tusk
|-damage|p1a: Great Tusk|45/100
|
|upkeep
|turn|10
|
|t:|1757918465
|move|p2a: Revavroom|Iron Head|p1a: Great Tusk
|-damage|p1a: Great Tusk|0 fnt
|faint|p1a: Great Tusk
|-end|p1a: Great Tusk|Protosynthesis|[silent]
|
|-sideend|p2: sauronikov|Reflect
|upkeep
|
|t:|1757918479
|switch|p1a: Scizor|Scizor, M|100/100
|turn|11
|
|t:|1757918483
|move|p1a: Scizor|Bullet Punch|p2a: Revavroom
|-resisted|p2a: Revavroom
|-damage|p2a: Revavroom|0 fnt
|faint|p2a: Revavroom
|-damage|p1a: Scizor|91/100|[from] item: Life Orb
|
|upkeep
|
|t:|1757918492
|switch|p2a: Dragonite|Dragonite, F|100/100
|turn|12
|
|t:|1757918500
|move|p1a: Scizor|Bullet Punch|p2a: Dragonite
|-damage|p2a: Dragonite|76/100
|-damage|p1a: Scizor|81/100|[from] item: Life Orb
|move|p2a: Dragonite|Dragon Dance|p2a: Dragonite
|-boost|p2a: Dragonite|atk|1
|-boost|p2a: Dragonite|spe|1
|
|upkeep
|turn|13
|
|t:|1757918515
|move|p1a: Scizor|Bullet Punch|p2a: Dragonite
|-damage|p2a: Dragonite|27/100
|-damage|p1a: Scizor|71/100|[from] item: Life Orb
|move|p2a: Dragonite|Fire Punch|p1a: Scizor
|-supereffective|p1a: Scizor
|-damage|p1a: Scizor|0 fnt
|faint|p1a: Scizor
|
|upkeep
|
|t:|1757918525
|switch|p1a: Samurott|Samurott-Hisui, F|100/100
|turn|14
|
|t:|1757918529
|move|p2a: Dragonite|Dragon Claw|p1a: Samurott
|-damage|p1a: Samurott|33/100
|move|p1a: Samurott|Ceaseless Edge|p2a: Dragonite
|-damage|p2a: Dragonite|0 fnt
|-sidestart|p2: sauronikov|Spikes
|faint|p2a: Dragonite
|
|upkeep
|
|t:|1757918568
|switch|p2a: Grimmsnarl|Grimmsnarl, M, shiny|87/100
|-damage|p2a: Grimmsnarl|74/100|[from] Spikes
|turn|15
|
|t:|1757918590
|switch|p1a: Hydrapple|Hydrapple, F|100/100
|move|p2a: Grimmsnarl|Reflect|p2a: Grimmsnarl
|-sidestart|p2: sauronikov|Reflect
|
|upkeep
|turn|16
|
|t:|1757918604
|move|p2a: Grimmsnarl|Light Screen|p2a: Grimmsnarl
|-sidestart|p2: sauronikov|move: Light Screen
|move|p1a: Hydrapple|Leaf Storm|p2a: Grimmsnarl
|-damage|p2a: Grimmsnarl|29/100
|-unboost|p1a: Hydrapple|spa|2
|
|upkeep
|turn|17
|
|t:|1757918617
|switch|p1a: Slowking|Slowking-Galar, M|79/100
|move|p2a: Grimmsnarl|Parting Shot|p1a: Slowking
|-unboost|p1a: Slowking|atk|1
|-unboost|p1a: Slowking|spa|1
|
|t:|1757918623
|switch|p2a: Raging Bolt|Raging Bolt|100/100|[from] Parting Shot
|-damage|p2a: Raging Bolt|88/100|[from] Spikes
|-enditem|p2a: Raging Bolt|Booster Energy
|-activate|p2a: Raging Bolt|ability: Protosynthesis|[fromitem]
|-start|p2a: Raging Bolt|protosynthesisspa
|
|upkeep
|turn|18
|
|t:|1757918635
|switch|p1a: Hydrapple|Hydrapple, F|100/100
|move|p2a: Raging Bolt|Calm Mind|p2a: Raging Bolt
|-boost|p2a: Raging Bolt|spa|1
|-boost|p2a: Raging Bolt|spd|1
|
|upkeep
|turn|19
|
|t:|1757918643
|-terastallize|p2a: Raging Bolt|Electric
|-terastallize|p1a: Hydrapple|Steel
|move|p2a: Raging Bolt|Calm Mind|p2a: Raging Bolt
|-boost|p2a: Raging Bolt|spa|1
|-boost|p2a: Raging Bolt|spd|1
|move|p1a: Hydrapple|Fickle Beam|p2a: Raging Bolt
|-crit|p2a: Raging Bolt
|-damage|p2a: Raging Bolt|5/100
|
|upkeep
|turn|20
|
|t:|1757918656
|move|p2a: Raging Bolt|Thunderclap|p1a: Hydrapple
|-damage|p1a: Hydrapple|0 fnt
|faint|p1a: Hydrapple
|
|upkeep
|
|t:|1757918660
|switch|p1a: Samurott|Samurott-Hisui, F|33/100
|turn|21
|
|t:|1757918664
|move|p1a: Samurott|Aqua Jet|p2a: Raging Bolt
|-damage|p2a: Raging Bolt|0 fnt
|faint|p2a: Raging Bolt
|-end|p2a: Raging Bolt|Protosynthesis|[silent]
|
|upkeep
|
|t:|1757918668
|switch|p2a: Hydrapple|Hydrapple, F|100/100
|-damage|p2a: Hydrapple|88/100|[from] Spikes
|turn|22
|
|t:|1757918681
|move|p1a: Samurott|Ceaseless Edge|p2a: Hydrapple
|-damage|p2a: Hydrapple|69/100
|-sidestart|p2: sauronikov|Spikes
|move|p2a: Hydrapple|Draco Meteor|p1a: Samurott
|-damage|p1a: Samurott|0 fnt
|-unboost|p2a: Hydrapple|spa|2
|faint|p1a: Samurott
|
|-sideend|p2: sauronikov|Reflect
|upkeep
|
|t:|1757918693
|switch|p1a: Braviary|Braviary-Hisui, M|100/100
|turn|23
|
|t:|1757918698
|switch|p2a: Grimmsnarl|Grimmsnarl, M, shiny|29/100
|-damage|p2a: Grimmsnarl|12/100|[from] Spikes
|move|p1a: Braviary|Agility|p1a: Braviary
|-boost|p1a: Braviary|spe|2
|
|-sideend|p2: sauronikov|move: Light Screen
|upkeep
|turn|24
|
|t:|1757918707
|move|p2a: Grimmsnarl|Light Screen|p2a: Grimmsnarl
|-sidestart|p2: sauronikov|move: Light Screen
|move|p1a: Braviary|Heat Wave|p2a: Grimmsnarl
|-damage|p2a: Grimmsnarl|0 fnt
|faint|p2a: Grimmsnarl
|
|upkeep
|
|t:|1757918711
|switch|p2a: Hydrapple|Hydrapple, F|100/100
|-damage|p2a: Hydrapple|84/100|[from] Spikes
|turn|25
|
|t:|1757918716
|move|p1a: Braviary|Hurricane|p2a: Hydrapple
|-supereffective|p2a: Hydrapple
|-damage|p2a: Hydrapple|0 fnt
|faint|p2a: Hydrapple
|
|upkeep
|
|t:|1757918719
|switch|p2a: Primarina|Primarina, F|87/100
|-damage|p2a: Primarina|70/100|[from] Spikes
|turn|26
|
|t:|1757918726
|move|p1a: Braviary|Psychic|p2a: Primarina
|-damage|p2a: Primarina|39/100
|move|p2a: Primarina|Hyper Voice|p1a: Braviary
|-damage|p1a: Braviary|7/100
|
|upkeep
|turn|27
|
|t:|1757918733
|move|p1a: Braviary|Psychic|p2a: Primarina
|-damage|p2a: Primarina|8/100
|move|p2a: Primarina|Hyper Voice|p1a: Braviary
|-damage|p1a: Braviary|0 fnt
|faint|p1a: Braviary
|
|upkeep
|
|t:|1757918740
|switch|p1a: Slowking|Slowking-Galar, M|100/100
|turn|28
|
|t:|1757918748
|move|p2a: Primarina|Hyper Voice|p1a: Slowking
|-damage|p1a: Slowking|63/100
|move|p1a: Slowking|Psyshock|p2a: Primarina
|-damage|p2a: Primarina|0 fnt
|faint|p2a: Primarina
|
|win|goodgreatawesome99
|raw|goodgreatawesome99's rating: 1203 &rarr; <strong>1228</strong><br />(+25 for winning)
|raw|sauronikov's rating: 1198 &rarr; <strong>1173</strong><br />(-25 for losing)
|l|☆sauronikov
|player|p2|
|c|☆goodgreatawesome99|that crit helped
|l|☆goodgreatawesome99
|player|p1|
