|j|☆Moistham
|j|☆Crooksieee
|t:|1757813869
|gametype|singles
|player|p1|Moistham|102|1483
|player|p2|Crooksieee|1|1531
|gen|9
|tier|[Gen 9] OU
|rated|
|rule|HP Percentage Mod: HP is shown in percentages
|rule|Endless Battle Clause: Forcing endless battles is banned
|rule|Species Clause: Limit one of each Pokémon
|rule|OHKO Clause: OHKO moves are banned
|rule|Evasion Items Clause: Evasion items are banned
|rule|Evasion Moves Clause: Evasion moves are banned
|rule|Evasion Abilities Clause: Evasion abilities are banned
|rule|Sleep Moves Clause: Sleep-inducing moves are banned
|clearpoke
|poke|p1|Blaziken, M|
|poke|p1|Salamence, M|
|poke|p1|Ambipom, F|
|poke|p1|Houndstone, M|
|poke|p1|Iron Hands|
|poke|p1|Scizor, M|
|poke|p2|Ninetales-Alola, M|
|poke|p2|Garchomp, F|
|poke|p2|Glimmora, M|
|poke|p2|Great Tusk|
|poke|p2|Scizor, M|
|poke|p2|Gholdengo|
|teampreview
|inactive|Battle timer is ON: inactive players will automatically lose when time's up. (requested by Moistham)
|
|t:|1757813911
|teamsize|p1|6
|teamsize|p2|6
|start
|switch|p1a: Ambipom|Ambipom, F|100/100
|switch|p2a: Garchomp|Garchomp, F|100/100
|turn|1
|
|t:|1757813919
|move|p1a: Ambipom|Triple Axel|p2a: Garchomp
|-supereffective|p2a: Garchomp
|-damage|p2a: Garchomp|59/100
|-damage|p1a: Ambipom|88/100|[from] ability: Rough Skin|[of] p2a: Garchomp
|-supereffective|p2a: Garchomp
|-damage|p2a: Garchomp|0 fnt
|-damage|p1a: Ambipom|76/100|[from] ability: Rough Skin|[of] p2a: Garchomp
|faint|p2a: Garchomp
|-hitcount|p2: Garchomp|2
|
|upkeep
|
|t:|1757813933
|switch|p2a: Scizor|Scizor, M|100/100
|turn|2
|
|t:|1757813937
|move|p1a: Ambipom|Beat Up|p2a: Scizor
|-damage|p2a: Scizor|94/100
|-damage|p2a: Scizor|86/100
|-damage|p2a: Scizor|80/100
|-damage|p2a: Scizor|74/100
|-damage|p2a: Scizor|66/100
|-damage|p2a: Scizor|58/100
|-hitcount|p2a: Scizor|6
|move|p2a: Scizor|Swords Dance|p2a: Scizor
|-boost|p2a: Scizor|atk|2
|
|upkeep
|turn|3
|
|t:|1757813949
|switch|p1a: Houndstone|Houndstone, M|100/100
|move|p2a: Scizor|Bullet Punch|p1a: Houndstone
|-damage|p1a: Houndstone|63/100
|
|-heal|p1a: Houndstone|69/100|[from] item: Leftovers
|upkeep
|turn|4
|
|t:|1757813978
|move|p1a: Houndstone|Will-O-Wisp|p2a: Scizor
|-status|p2a: Scizor|brn
|move|p2a: Scizor|Knock Off|p1a: Houndstone
|-supereffective|p1a: Houndstone
|-damage|p1a: Houndstone|31/100
|-enditem|p1a: Houndstone|Leftovers|[from] move: Knock Off|[of] p2a: Scizor
|
|-damage|p2a: Scizor|52/100 brn|[from] brn
|upkeep
|turn|5
|inactive|Crooksieee has 120 seconds left.
|
|t:|1757813996
|switch|p2a: Glimmora|Glimmora, M|100/100
|move|p1a: Houndstone|Poltergeist|p2a: Glimmora
|-activate|p2a: Glimmora|move: Poltergeist|Assault Vest
|-damage|p2a: Glimmora|53/100
|-activate|p2a: Glimmora|ability: Toxic Debris
|-sidestart|p1: Moistham|move: Toxic Spikes
|
|upkeep
|turn|6
|inactive|Crooksieee has 120 seconds left.
|
|t:|1757814010
|move|p2a: Glimmora|Power Gem|p1a: Houndstone
|-damage|p1a: Houndstone|0 fnt
|faint|p1a: Houndstone
|
|upkeep
|
|t:|1757814025
|switch|p1a: Ambipom|Ambipom, F|76/100
|-status|p1a: Ambipom|psn
|turn|7
|inactive|Crooksieee has 120 seconds left.
|
|t:|1757814048
|move|p1a: Ambipom|Triple Axel|p2a: Glimmora
|-damage|p2a: Glimmora|45/100
|-activate|p2a: Glimmora|ability: Toxic Debris
|-sidestart|p1: Moistham|move: Toxic Spikes
|-damage|p2a: Glimmora|31/100
|-damage|p2a: Glimmora|6/100
|-hitcount|p2a: Glimmora|3
|move|p2a: Glimmora|Sludge Wave|p1a: Ambipom
|-damage|p1a: Ambipom|0 fnt
|faint|p1a: Ambipom
|
|upkeep
|
|t:|1757814060
|switch|p1a: Scizor|Scizor, M|100/100
|turn|8
|
|t:|1757814069
|switch|p2a: Great Tusk|Great Tusk|100/100
|move|p1a: Scizor|Swords Dance|p1a: Scizor
|-boost|p1a: Scizor|atk|2
|
|upkeep
|turn|9
|
|t:|1757814078
|move|p2a: Great Tusk|Bulk Up|p2a: Great Tusk
|-boost|p2a: Great Tusk|atk|1
|-boost|p2a: Great Tusk|def|1
|move|p1a: Scizor|Swords Dance|p1a: Scizor
|-boost|p1a: Scizor|atk|2
|
|upkeep
|turn|10
|
|t:|1757814086
|move|p2a: Great Tusk|Headlong Rush|p1a: Scizor
|-damage|p1a: Scizor|17/100
|-unboost|p2a: Great Tusk|def|1
|-unboost|p2a: Great Tusk|spd|1
|move|p1a: Scizor|Swords Dance|p1a: Scizor
|-boost|p1a: Scizor|atk|2
|
|upkeep
|turn|11
|
|t:|1757814110
|-terastallize|p1a: Scizor|Steel
|move|p1a: Scizor|Bullet Punch|p2a: Great Tusk
|-damage|p2a: Great Tusk|0 fnt
|faint|p2a: Great Tusk
|-end|p2a: Great Tusk|Protosynthesis|[silent]
|
|upkeep
|inactive|Crooksieee has 120 seconds left.
|
|t:|1757814121
|switch|p2a: Gholdengo|Gholdengo|100/100
|turn|12
|
|t:|1757814128
|move|p1a: Scizor|Bullet Punch|p2a: Gholdengo
|-resisted|p2a: Gholdengo
|-damage|p2a: Gholdengo|0 fnt
|faint|p2a: Gholdengo
|
|upkeep
|
|t:|1757814135
|switch|p2a: Scizor|Scizor, M|52/100 brn
|turn|13
|
|t:|1757814143
|-terastallize|p2a: Scizor|Steel
|move|p2a: Scizor|Bullet Punch|p1a: Scizor
|-resisted|p1a: Scizor
|-damage|p1a: Scizor|4/100
|move|p1a: Scizor|Bullet Punch|p2a: Scizor
|-resisted|p2a: Scizor
|-damage|p2a: Scizor|0 fnt
|faint|p2a: Scizor
|
|upkeep
|c|☆Crooksieee|Gg
|-message|Crooksieee forfeited.
|
|win|Moistham
|raw|Moistham's rating: 1483 &rarr; <strong>1506</strong><br />(+23 for winning)
|raw|Crooksieee's rating: 1531 &rarr; <strong>1508</strong><br />(-23 for losing)
|l|☆Crooksieee
|player|p2|
|l|☆Moistham
|player|p1|
