|j|☆xceven
|j|☆CrockPokes
|t:|1757841824
|gametype|singles
|player|p1|xceven|lucas|1236
|player|p2|CrockPokes|li|1147
|gen|9
|tier|[Gen 9] OU
|rated|
|rule|HP Percentage Mod: HP is shown in percentages
|rule|Endless Battle Clause: Forcing endless battles is banned
|rule|Species Clause: Limit one of each Pokémon
|rule|OHKO Clause: OHKO moves are banned
|rule|Evasion Items Clause: Evasion items are banned
|rule|Evasion Moves Clause: Evasion moves are banned
|rule|Evasion Abilities Clause: Evasion abilities are banned
|rule|Sleep Moves Clause: Sleep-inducing moves are banned
|clearpoke
|poke|p1|Toxapex, F|
|poke|p1|Garchomp, M|
|poke|p1|Meowscarada, M|
|poke|p1|Infernape, F|
|poke|p1|Zapdos|
|poke|p1|Enamorus, F|
|poke|p2|Hatterene, F|
|poke|p2|Corviknight, F|
|poke|p2|Ogerpon-Wellspring, F|
|poke|p2|Incineroar, F|
|poke|p2|Garganacl, M|
|poke|p2|Ampharos, M|
|teampreview
|
|t:|1757841830
|teamsize|p1|6
|teamsize|p2|6
|start
|switch|p1a: Meowscarada|Meowscarada, M|100/100
|switch|p2a: Garganacl|Garganacl, M|100/100
|turn|1
|
|t:|1757841842
|-terastallize|p2a: Garganacl|Ghost
|move|p1a: Meowscarada|Flower Trick|p2a: Garganacl
|-start|p1a: Meowscarada|typechange|Grass|[from] ability: Protean
|-crit|p2a: Garganacl
|-damage|p2a: Garganacl|71/100
|move|p2a: Garganacl|Salt Cure|p1a: Meowscarada
|-damage|p1a: Meowscarada|79/100
|-start|p1a: Meowscarada|Salt Cure
|
|-heal|p2a: Garganacl|77/100|[from] item: Leftovers
|-damage|p1a: Meowscarada|66/100|[from] Salt Cure
|upkeep
|turn|2
|
|t:|1757841855
|move|p1a: Meowscarada|Knock Off|p2a: Garganacl
|-supereffective|p2a: Garganacl
|-damage|p2a: Garganacl|35/100
|-enditem|p2a: Garganacl|Leftovers|[from] move: Knock Off|[of] p1a: Meowscarada
|move|p2a: Garganacl|Stealth Rock|p1a: Meowscarada
|-sidestart|p1: xceven|move: Stealth Rock
|
|-damage|p1a: Meowscarada|54/100|[from] Salt Cure
|upkeep
|turn|3
|
|t:|1757841863
|move|p1a: Meowscarada|U-turn|p2a: Garganacl
|-resisted|p2a: Garganacl
|-damage|p2a: Garganacl|29/100
|
|t:|1757841866
|switch|p1a: Infernape|Infernape, F|100/100|[from] U-turn
|-damage|p1a: Infernape|88/100|[from] Stealth Rock
|move|p2a: Garganacl|Recover|p2a: Garganacl
|-heal|p2a: Garganacl|79/100
|
|upkeep
|turn|4
|
|t:|1757841875
|move|p1a: Infernape|Will-O-Wisp|p2a: Garganacl|[miss]
|-miss|p1a: Infernape|p2a: Garganacl
|move|p2a: Garganacl|Earthquake|p1a: Infernape
|-supereffective|p1a: Infernape
|-damage|p1a: Infernape|42/100
|
|upkeep
|turn|5
|
|t:|1757841881
|move|p1a: Infernape|Stealth Rock|p2a: Garganacl
|-sidestart|p2: CrockPokes|move: Stealth Rock
|move|p2a: Garganacl|Salt Cure|p1a: Infernape
|-damage|p1a: Infernape|28/100
|-start|p1a: Infernape|Salt Cure
|
|-damage|p1a: Infernape|16/100|[from] Salt Cure
|upkeep
|turn|6
|
|t:|1757841890
|move|p1a: Infernape|Overheat|p2a: Garganacl
|-damage|p2a: Garganacl|26/100
|-unboost|p1a: Infernape|spa|2
|move|p2a: Garganacl|Recover|p2a: Garganacl
|-heal|p2a: Garganacl|76/100
|
|-damage|p1a: Infernape|4/100|[from] Salt Cure
|upkeep
|turn|7
|
|t:|1757841898
|move|p1a: Infernape|Will-O-Wisp|p2a: Garganacl
|-immune|p2a: Garganacl|[from] ability: Purifying Salt
|move|p2a: Garganacl|Recover|p2a: Garganacl
|-heal|p2a: Garganacl|100/100
|
|-damage|p1a: Infernape|0 fnt|[from] Salt Cure
|faint|p1a: Infernape
|upkeep
|
|t:|1757841911
|switch|p1a: Meowscarada|Meowscarada, M|54/100
|-damage|p1a: Meowscarada|42/100|[from] Stealth Rock
|turn|8
|
|t:|1757841915
|move|p1a: Meowscarada|Knock Off|p2a: Garganacl
|-start|p1a: Meowscarada|typechange|Dark|[from] ability: Protean
|-supereffective|p2a: Garganacl
|-damage|p2a: Garganacl|59/100
|move|p2a: Garganacl|Salt Cure|p1a: Meowscarada
|-crit|p1a: Meowscarada
|-damage|p1a: Meowscarada|10/100
|-start|p1a: Meowscarada|Salt Cure
|
|-damage|p1a: Meowscarada|0 fnt|[from] Salt Cure
|faint|p1a: Meowscarada
|upkeep
|
|t:|1757841937
|switch|p1a: Zapdos|Zapdos|100/100
|turn|9
|
|t:|1757841953
|move|p1a: Zapdos|Thunderbolt|p2a: Garganacl
|-damage|p2a: Garganacl|25/100
|move|p2a: Garganacl|Salt Cure|p1a: Zapdos
|-supereffective|p1a: Zapdos
|-damage|p1a: Zapdos|74/100
|-start|p1a: Zapdos|Salt Cure
|
|-damage|p1a: Zapdos|62/100|[from] Salt Cure
|upkeep
|turn|10
|
|t:|1757841969
|move|p1a: Zapdos|Thunderbolt|p2a: Garganacl
|-damage|p2a: Garganacl|0 fnt
|faint|p2a: Garganacl
|
|-damage|p1a: Zapdos|49/100|[from] Salt Cure
|upkeep
|
|t:|1757841979
|switch|p2a: Incineroar|Incineroar, F|100/100
|-damage|p2a: Incineroar|76/100|[from] Stealth Rock
|-ability|p2a: Incineroar|Intimidate|boost
|-unboost|p1a: Zapdos|atk|1
|turn|11
|
|t:|1757841986
|switch|p1a: Toxapex|Toxapex, F|100/100
|-damage|p1a: Toxapex|88/100|[from] Stealth Rock
|move|p2a: Incineroar|Knock Off|p1a: Toxapex
|-damage|p1a: Toxapex|66/100
|-damage|p2a: Incineroar|59/100|[from] item: Rocky Helmet|[of] p1a: Toxapex
|-enditem|p1a: Toxapex|Rocky Helmet|[from] move: Knock Off|[of] p2a: Incineroar
|
|upkeep
|turn|12
|
|t:|1757841997
|move|p2a: Incineroar|U-turn|p1a: Toxapex
|-resisted|p1a: Toxapex
|-damage|p1a: Toxapex|61/100
|
|t:|1757842006
|switch|p2a: Ogerpon|Ogerpon-Wellspring, F|100/100|[from] U-turn
|-damage|p2a: Ogerpon|88/100|[from] Stealth Rock
|move|p1a: Toxapex|Surf|p2a: Ogerpon
|-heal|p2a: Ogerpon|100/100|[from] ability: Water Absorb|[of] p1a: Toxapex
|
|upkeep
|turn|13
|
|t:|1757842017
|move|p2a: Ogerpon|Wood Hammer|p1a: Toxapex
|-damage|p1a: Toxapex|19/100
|-damage|p2a: Ogerpon|86/100|[from] Recoil
|move|p1a: Toxapex|Pain Split|p2a: Ogerpon
|-sethp|p2a: Ogerpon|52/100|[from] move: Pain Split|[silent]
|-sethp|p1a: Toxapex|52/100|[from] move: Pain Split
|
|upkeep
|turn|14
|
|t:|1757842036
|move|p2a: Ogerpon|Wood Hammer|p1a: Toxapex
|-damage|p1a: Toxapex|12/100
|-damage|p2a: Ogerpon|39/100|[from] Recoil
|move|p1a: Toxapex|Toxic|p2a: Ogerpon
|-status|p2a: Ogerpon|tox
|
|-damage|p2a: Ogerpon|33/100 tox|[from] psn
|upkeep
|turn|15
|
|t:|1757842046
|switch|p1a: Zapdos|Zapdos|49/100
|move|p2a: Ogerpon|Play Rough|p1a: Zapdos|[miss]
|-miss|p2a: Ogerpon|p1a: Zapdos
|
|-damage|p2a: Ogerpon|21/100 tox|[from] psn
|upkeep
|turn|16
|
|t:|1757842054
|move|p2a: Ogerpon|Play Rough|p1a: Zapdos
|-damage|p1a: Zapdos|10/100
|move|p1a: Zapdos|Air Cutter|p2a: Ogerpon
|-supereffective|p2a: Ogerpon
|-damage|p2a: Ogerpon|0 fnt
|faint|p2a: Ogerpon
|
|upkeep
|
|t:|1757842066
|switch|p2a: Incineroar|Incineroar, F|59/100
|-damage|p2a: Incineroar|34/100|[from] Stealth Rock
|-ability|p2a: Incineroar|Intimidate|boost
|-unboost|p1a: Zapdos|atk|1
|turn|17
|
|t:|1757842072
|move|p1a: Zapdos|Roost|p1a: Zapdos
|-heal|p1a: Zapdos|60/100
|-singleturn|p1a: Zapdos|move: Roost
|move|p2a: Incineroar|Knock Off|p1a: Zapdos
|-damage|p1a: Zapdos|23/100
|-enditem|p1a: Zapdos|Heavy-Duty Boots|[from] move: Knock Off|[of] p2a: Incineroar
|
|upkeep
|turn|18
|
|t:|1757842081
|move|p1a: Zapdos|Thunderbolt|p2a: Incineroar
|-damage|p2a: Incineroar|2/100
|move|p2a: Incineroar|Knock Off|p1a: Zapdos
|-damage|p1a: Zapdos|0 fnt
|-status|p2a: Incineroar|par|[from] ability: Static|[of] p1a: Zapdos
|faint|p1a: Zapdos
|
|upkeep
|
|t:|1757842095
|switch|p1a: Garchomp|Garchomp, M|100/100
|-damage|p1a: Garchomp|94/100|[from] Stealth Rock
|turn|19
|
|t:|1757842100
|move|p1a: Garchomp|Scale Shot|p2a: Incineroar|[miss]
|-miss|p1a: Garchomp|p2a: Incineroar
|move|p2a: Incineroar|Knock Off|p1a: Garchomp
|-damage|p1a: Garchomp|56/100
|-damage|p2a: Incineroar|0 fnt|[from] ability: Rough Skin|[of] p1a: Garchomp
|faint|p2a: Incineroar
|
|-heal|p1a: Garchomp|62/100|[from] item: Leftovers
|upkeep
|
|t:|1757842108
|switch|p2a: Hatterene|Hatterene, F|100/100
|-damage|p2a: Hatterene|88/100|[from] Stealth Rock
|turn|20
|
|t:|1757842115
|move|p1a: Garchomp|Iron Head|p2a: Hatterene
|-supereffective|p2a: Hatterene
|-damage|p2a: Hatterene|24/100
|move|p2a: Hatterene|Draining Kiss|p1a: Garchomp
|-supereffective|p1a: Garchomp
|-damage|p1a: Garchomp|0 fnt
|-heal|p2a: Hatterene|76/100|[from] drain|[of] p1a: Garchomp
|-damage|p2a: Hatterene|63/100|[from] ability: Rough Skin|[of] p1a: Garchomp
|faint|p1a: Garchomp
|
|upkeep
|
|t:|1757842132
|switch|p1a: Enamorus|Enamorus, F|100/100
|-damage|p1a: Enamorus|76/100|[from] Stealth Rock
|turn|21
|
|t:|1757842139
|move|p1a: Enamorus|Sludge Bomb|p2a: Hatterene
|-supereffective|p2a: Hatterene
|-damage|p2a: Hatterene|17/100
|move|p2a: Hatterene|Shadow Ball|p1a: Enamorus
|-damage|p1a: Enamorus|32/100
|
|upkeep
|turn|22
|
|t:|1757842145
|move|p1a: Enamorus|Sludge Bomb|p2a: Hatterene
|-supereffective|p2a: Hatterene
|-damage|p2a: Hatterene|0 fnt
|faint|p2a: Hatterene
|
|upkeep
|
|t:|1757842149
|switch|p2a: Corviknight|Corviknight, F|100/100
|-damage|p2a: Corviknight|88/100|[from] Stealth Rock
|turn|23
|
|t:|1757842154
|switch|p1a: Toxapex|Toxapex, F|46/100
|-damage|p1a: Toxapex|33/100|[from] Stealth Rock
|move|p2a: Corviknight|Iron Head|p1a: Toxapex
|-resisted|p1a: Toxapex
|-damage|p1a: Toxapex|25/100
|
|upkeep
|turn|24
|
|t:|1757842161
|move|p2a: Corviknight|U-turn|p1a: Toxapex
|-resisted|p1a: Toxapex
|-damage|p1a: Toxapex|21/100
|
|t:|1757842164
|switch|p2a: Ampharos|Ampharos, M|100/100|[from] U-turn
|-damage|p2a: Ampharos|88/100|[from] Stealth Rock
|-item|p2a: Ampharos|Air Balloon
|move|p1a: Toxapex|Pain Split|p2a: Ampharos
|-sethp|p2a: Ampharos|52/100|[from] move: Pain Split|[silent]
|-sethp|p1a: Toxapex|66/100|[from] move: Pain Split
|
|upkeep
|turn|25
|
|t:|1757842174
|-terastallize|p1a: Toxapex|Ground
|move|p2a: Ampharos|Thunderbolt|p1a: Toxapex
|-immune|p1a: Toxapex
|move|p1a: Toxapex|Toxic|p2a: Ampharos
|-status|p2a: Ampharos|tox
|
|-damage|p2a: Ampharos|46/100 tox|[from] psn
|upkeep
|turn|26
|
|t:|1757842183
|move|p2a: Ampharos|Focus Blast|p1a: Toxapex
|-damage|p1a: Toxapex|29/100
|move|p1a: Toxapex|Surf|p2a: Ampharos
|-damage|p2a: Ampharos|27/100 tox
|-enditem|p2a: Ampharos|Air Balloon
|
|-damage|p2a: Ampharos|15/100 tox|[from] psn
|upkeep
|turn|27
|
|t:|1757842195
|move|p2a: Ampharos|Focus Blast|p1a: Toxapex
|-damage|p1a: Toxapex|0 fnt
|faint|p1a: Toxapex
|
|-damage|p2a: Ampharos|0 fnt|[from] psn
|faint|p2a: Ampharos
|upkeep
|
|t:|1757842201
|switch|p2a: Corviknight|Corviknight, F|88/100
|switch|p1a: Enamorus|Enamorus, F|32/100
|-damage|p1a: Enamorus|7/100|[from] Stealth Rock
|-damage|p2a: Corviknight|75/100|[from] Stealth Rock
|turn|28
|c|☆CrockPokes|gg
|
|t:|1757842208
|move|p1a: Enamorus|Mystical Fire|p2a: Corviknight
|-supereffective|p2a: Corviknight
|-damage|p2a: Corviknight|24/100
|-ability|p2a: Corviknight|Mirror Armor
|-boost|p1a: Enamorus|spa|1
|move|p2a: Corviknight|Iron Head|p1a: Enamorus
|-supereffective|p1a: Enamorus
|-damage|p1a: Enamorus|0 fnt
|faint|p1a: Enamorus
|
|win|CrockPokes
|raw|xceven's rating: 1236 &rarr; <strong>1205</strong><br />(-31 for losing)
|raw|CrockPokes's rating: 1147 &rarr; <strong>1178</strong><br />(+31 for winning)
|c|☆CrockPokes|gg
|l|☆CrockPokes
|player|p2|
|l|☆xceven
|player|p1|
