|j|☆Liuko
|j|☆cchang21
|t:|1757837349
|gametype|singles
|player|p1|Liuko|alder|1193
|player|p2|cchang21|emmet|1232
|gen|9
|tier|[Gen 9] OU
|rated|
|rule|HP Percentage Mod: HP is shown in percentages
|rule|Endless Battle Clause: Forcing endless battles is banned
|rule|Species Clause: Limit one of each Pokémon
|rule|OHKO Clause: OHKO moves are banned
|rule|Evasion Items Clause: Evasion items are banned
|rule|Evasion Moves Clause: Evasion moves are banned
|rule|Evasion Abilities Clause: Evasion abilities are banned
|rule|Sleep Moves Clause: Sleep-inducing moves are banned
|clearpoke
|poke|p1|Luxray, M|
|poke|p1|Umbreon, F|
|poke|p1|Lucario, M|
|poke|p1|Ogerpon-Wellspring, F|
|poke|p1|Landorus-Therian, M|
|poke|p1|Dragapult, F|
|poke|p2|Ribombee, M|
|poke|p2|Kingambit, M|
|poke|p2|Weavile, M|
|poke|p2|Manaphy|
|poke|p2|Gholdengo|
|poke|p2|Dragapult, F|
|teampreview
|inactive|Battle timer is ON: inactive players will automatically lose when time's up. (requested by cchang21)
|inactive|Liuko has 120 seconds left.
|
|t:|1757837386
|teamsize|p1|6
|teamsize|p2|6
|start
|switch|p1a: W-rizz|Dragapult, F, shiny|100/100
|switch|p2a: Ribombee|Ribombee, M|100/100
|turn|1
|
|t:|1757837394
|move|p1a: W-rizz|Flamethrower|p2a: Ribombee
|-supereffective|p2a: Ribombee
|-enditem|p2a: Ribombee|Focus Sash
|-damage|p2a: Ribombee|1/100
|move|p2a: Ribombee|Moonblast|p1a: W-rizz
|-supereffective|p1a: W-rizz
|-damage|p1a: W-rizz|0 fnt
|faint|p1a: W-rizz
|
|upkeep
|
|t:|1757837402
|switch|p1a: Shifu|Lucario, M|100/100
|turn|2
|
|t:|1757837406
|move|p1a: Shifu|Vacuum Wave|p2a: Ribombee
|-resisted|p2a: Ribombee
|-damage|p2a: Ribombee|0 fnt
|faint|p2a: Ribombee
|-damage|p1a: Shifu|91/100|[from] item: Life Orb
|
|upkeep
|
|t:|1757837412
|switch|p2a: Dragapult|Dragapult, F|100/100
|turn|3
|
|t:|1757837438
|move|p2a: Dragapult|Fire Blast|p1a: Shifu
|-supereffective|p1a: Shifu
|-damage|p1a: Shifu|0 fnt
|faint|p1a: Shifu
|-damage|p2a: Dragapult|91/100|[from] item: Life Orb
|
|upkeep
|
|t:|1757837444
|switch|p1a: PoliteShrek|Ogerpon-Wellspring, F|100/100
|turn|4
|inactive|Liuko has 120 seconds left.
|
|t:|1757837469
|-terastallize|p1a: PoliteShrek|Water
|detailschange|p1a: PoliteShrek|Ogerpon-Wellspring-Tera, F, tera:Water
|-ability|p1a: PoliteShrek|Embody Aspect (Wellspring)|boost
|-boost|p1a: PoliteShrek|spd|1
|move|p2a: Dragapult|Dragon Darts|p1a: PoliteShrek
|-damage|p1a: PoliteShrek|64/100
|-anim|p2a: Dragapult|Dragon Darts|p1a: PoliteShrek
|-damage|p1a: PoliteShrek|31/100
|-damage|p2a: Dragapult|81/100|[from] item: Life Orb
|move|p1a: PoliteShrek|Ivy Cudgel|p2a: Dragapult|[anim] Ivy Cudgel Water
|-resisted|p2a: Dragapult
|-damage|p2a: Dragapult|27/100
|
|upkeep
|turn|5
|inactive|Liuko has 120 seconds left.
|
|t:|1757837487
|move|p2a: Dragapult|Dragon Darts|p1a: PoliteShrek
|-damage|p1a: PoliteShrek|0 fnt
|faint|p1a: PoliteShrek
|detailschange|p1: PoliteShrek|Ogerpon-Wellspring, F|[silent]
|-damage|p2a: Dragapult|18/100|[from] item: Life Orb
|
|upkeep
|c|☆Liuko|im so dumb
|
|t:|1757837509
|switch|p1a: Mufasa|Luxray, M, shiny|100/100
|turn|6
|
|t:|1757837514
|move|p2a: Dragapult|Dragon Darts|p1a: Mufasa
|-damage|p1a: Mufasa|64/100
|-anim|p2a: Dragapult|Dragon Darts|p1a: Mufasa
|-damage|p1a: Mufasa|30/100
|-damage|p2a: Dragapult|8/100|[from] item: Life Orb
|move|p1a: Mufasa|Crunch|p2a: Dragapult
|-supereffective|p2a: Dragapult
|-damage|p2a: Dragapult|0 fnt
|faint|p2a: Dragapult
|
|-status|p1a: Mufasa|brn|[from] item: Flame Orb
|upkeep
|
|t:|1757837528
|switch|p2a: Gholdengo|Gholdengo|100/100
|-item|p2a: Gholdengo|Air Balloon
|turn|7
|
|t:|1757837536
|move|p2a: Gholdengo|Shadow Ball|p1a: Mufasa
|-damage|p1a: Mufasa|0 fnt
|faint|p1a: Mufasa
|
|upkeep
|
|t:|1757837541
|switch|p1a: Despair|Umbreon, F, shiny|100/100
|turn|8
|
|t:|1757837546
|move|p2a: Gholdengo|Focus Blast|p1a: Despair
|-supereffective|p1a: Despair
|-damage|p1a: Despair|59/100
|move|p1a: Despair|Thunder Wave|p2a: Gholdengo
|-immune|p2a: Gholdengo|[from] ability: Good as Gold
|
|-heal|p1a: Despair|65/100|[from] item: Leftovers
|upkeep
|turn|9
|
|t:|1757837555
|move|p2a: Gholdengo|Focus Blast|p1a: Despair
|-supereffective|p1a: Despair
|-damage|p1a: Despair|20/100
|move|p1a: Despair|Foul Play|p2a: Gholdengo
|-supereffective|p2a: Gholdengo
|-damage|p2a: Gholdengo|66/100
|-enditem|p2a: Gholdengo|Air Balloon
|
|-heal|p1a: Despair|26/100|[from] item: Leftovers
|upkeep
|turn|10
|
|t:|1757837564
|move|p1a: Despair|Protect|p1a: Despair
|-singleturn|p1a: Despair|Protect
|move|p2a: Gholdengo|Focus Blast|p1a: Despair
|-activate|p1a: Despair|move: Protect
|
|-heal|p1a: Despair|32/100|[from] item: Leftovers
|upkeep
|turn|11
|
|t:|1757837571
|move|p2a: Gholdengo|Focus Blast|p1a: Despair
|-supereffective|p1a: Despair
|-crit|p1a: Despair
|-damage|p1a: Despair|0 fnt
|faint|p1a: Despair
|
|upkeep
|
|t:|1757837576
|switch|p1a: LandLord|Landorus-Therian, M|100/100
|-ability|p1a: LandLord|Intimidate|boost
|-unboost|p2a: Gholdengo|atk|1
|turn|12
|
|t:|1757837583
|move|p1a: LandLord|Earthquake|p2a: Gholdengo
|-supereffective|p2a: Gholdengo
|-damage|p2a: Gholdengo|0 fnt
|faint|p2a: Gholdengo
|
|upkeep
|
|t:|1757837586
|switch|p2a: Weavile|Weavile, M|100/100
|-ability|p2a: Weavile|Pressure
|turn|13
|
|t:|1757837590
|move|p2a: Weavile|Triple Axel|p1a: LandLord
|-supereffective|p1a: LandLord
|-damage|p1a: LandLord|62/100
|-damage|p2a: Weavile|84/100|[from] item: Rocky Helmet|[of] p1a: LandLord
|-supereffective|p1a: LandLord
|-damage|p1a: LandLord|0 fnt
|-damage|p2a: Weavile|68/100|[from] item: Rocky Helmet|[of] p1a: LandLord
|faint|p1a: LandLord
|-hitcount|p1: LandLord|2
|
|win|cchang21
|raw|Liuko's rating: 1193 &rarr; <strong>1171</strong><br />(-22 for losing)
|raw|cchang21's rating: 1232 &rarr; <strong>1254</strong><br />(+22 for winning)
|l|☆cchang21
|player|p2|
|l|☆Liuko
|player|p1|
