|j|☆Envy cat
|j|☆Plameeyt1
|t:|1757797270
|gametype|singles
|player|p1|Envy cat|roughneck-gen4|1090
|player|p2|Plameeyt1|2|1135
|gen|9
|tier|[Gen 9] OU
|rated|
|rule|HP Percentage Mod: HP is shown in percentages
|rule|Endless Battle Clause: Forcing endless battles is banned
|rule|Species Clause: Limit one of each Pokémon
|rule|OHKO Clause: OHKO moves are banned
|rule|Evasion Items Clause: Evasion items are banned
|rule|Evasion Moves Clause: Evasion moves are banned
|rule|Evasion Abilities Clause: Evasion abilities are banned
|rule|Sleep Moves Clause: Sleep-inducing moves are banned
|clearpoke
|poke|p1|Zoroark-Hisui, F|
|poke|p1|Sandslash-Alola, M|
|poke|p1|Kyurem|
|poke|p1|Lanturn, F|
|poke|p1|Landorus-Therian, M|
|poke|p1|Scrafty, M|
|poke|p2|Ogerpon-Wellspring, F|
|poke|p2|Thundurus-Therian, M|
|poke|p2|Houndoom, M|
|poke|p2|Sawsbuck-Autumn, F|
|poke|p2|Scizor, M|
|poke|p2|Mimikyu, F|
|teampreview
|
|t:|1757797299
|teamsize|p1|6
|teamsize|p2|6
|start
|switch|p1a: Não pode ser|Landorus-Therian, M|100/100
|switch|p2a: Ogerpon|Ogerpon-Wellspring, F|100/100
|-ability|p1a: Não pode ser|Intimidate|boost
|-unboost|p2a: Ogerpon|atk|1
|turn|1
|
|t:|1757797310
|move|p2a: Ogerpon|Spikes|p1a: Não pode ser
|-sidestart|p1: Envy cat|Spikes
|move|p1a: Não pode ser|U-turn|p2a: Ogerpon
|-supereffective|p2a: Ogerpon
|-damage|p2a: Ogerpon|52/100
|
|t:|1757797321
|switch|p1a: PARABÉNS MEU AMOR|Sandslash-Alola, M|100/100|[from] U-turn
|-damage|p1a: PARABÉNS MEU AMOR|88/100|[from] Spikes
|
|upkeep
|turn|2
|
|t:|1757797340
|switch|p2a: Mimikyu|Mimikyu, F, shiny|100/100
|move|p1a: PARABÉNS MEU AMOR|Rapid Spin|p2a: Mimikyu
|-immune|p2a: Mimikyu
|
|upkeep
|turn|3
|
|t:|1757797344
|move|p1a: PARABÉNS MEU AMOR|Ice Spinner|p2a: Mimikyu
|-activate|p2a: Mimikyu|ability: Disguise
|-damage|p2a: Mimikyu|100/100
|detailschange|p2a: Mimikyu|Mimikyu-Busted, F, shiny
|-damage|p2a: Mimikyu|88/100|[from] pokemon: Mimikyu-Busted
|move|p2a: Mimikyu|Will-O-Wisp|p1a: PARABÉNS MEU AMOR
|-status|p1a: PARABÉNS MEU AMOR|brn
|
|-heal|p2a: Mimikyu|94/100|[from] item: Leftovers
|-damage|p1a: PARABÉNS MEU AMOR|82/100 brn|[from] brn
|upkeep
|turn|4
|
|t:|1757797353
|move|p1a: PARABÉNS MEU AMOR|Ice Spinner|p2a: Mimikyu
|-damage|p2a: Mimikyu|65/100
|move|p2a: Mimikyu|Play Rough|p1a: PARABÉNS MEU AMOR
|-resisted|p1a: PARABÉNS MEU AMOR
|-damage|p1a: PARABÉNS MEU AMOR|62/100 brn
|
|-heal|p2a: Mimikyu|71/100|[from] item: Leftovers
|-damage|p1a: PARABÉNS MEU AMOR|56/100 brn|[from] brn
|upkeep
|turn|5
|
|t:|1757797365
|move|p1a: PARABÉNS MEU AMOR|Ice Spinner|p2a: Mimikyu
|-damage|p2a: Mimikyu|39/100
|move|p2a: Mimikyu|Play Rough|p1a: PARABÉNS MEU AMOR
|-resisted|p1a: PARABÉNS MEU AMOR
|-damage|p1a: PARABÉNS MEU AMOR|36/100 brn
|
|-heal|p2a: Mimikyu|45/100|[from] item: Leftovers
|-damage|p1a: PARABÉNS MEU AMOR|30/100 brn|[from] brn
|upkeep
|turn|6
|
|t:|1757797371
|move|p2a: Mimikyu|Shadow Sneak|p1a: PARABÉNS MEU AMOR
|-damage|p1a: PARABÉNS MEU AMOR|13/100 brn
|move|p1a: PARABÉNS MEU AMOR|Ice Spinner|p2a: Mimikyu
|-crit|p2a: Mimikyu
|-damage|p2a: Mimikyu|2/100
|
|-heal|p2a: Mimikyu|8/100|[from] item: Leftovers
|-damage|p1a: PARABÉNS MEU AMOR|7/100 brn|[from] brn
|upkeep
|turn|7
|
|t:|1757797381
|switch|p1a: Olha a cobra!!|Scrafty, M|100/100
|-damage|p1a: Olha a cobra!!|88/100|[from] Spikes
|move|p2a: Mimikyu|Shadow Sneak|p1a: Olha a cobra!!
|-immune|p1a: Olha a cobra!!
|
|-heal|p2a: Mimikyu|14/100|[from] item: Leftovers
|upkeep
|turn|8
|
|t:|1757797391
|move|p1a: Olha a cobra!!|Snowscape|p1a: Olha a cobra!!
|-weather|Snowscape
|move|p2a: Mimikyu|Play Rough|p1a: Olha a cobra!!
|-damage|p1a: Olha a cobra!!|8/100
|replace|p1a: É mentira!!!|Zoroark-Hisui, F, shiny
|-end|p1a: É mentira!!!|Illusion
|
|-weather|Snowscape|[upkeep]
|-heal|p2a: Mimikyu|20/100|[from] item: Leftovers
|upkeep
|turn|9
|
|t:|1757797419
|switch|p2a: Sawsbuck|Sawsbuck-Autumn, F, shiny|100/100
|move|p1a: É mentira!!!|Shadow Ball|p2a: Sawsbuck
|-immune|p2a: Sawsbuck
|
|-weather|Snowscape|[upkeep]
|upkeep
|turn|10
|
|t:|1757797426
|move|p1a: É mentira!!!|Focus Blast|p2a: Sawsbuck
|-supereffective|p2a: Sawsbuck
|-damage|p2a: Sawsbuck|0 fnt
|faint|p2a: Sawsbuck
|
|-weather|Snowscape|[upkeep]
|upkeep
|
|t:|1757797430
|switch|p2a: Scizor|Scizor, M|100/100
|turn|11
|
|t:|1757797476
|move|p2a: Scizor|Bullet Punch|p1a: É mentira!!!
|-damage|p1a: É mentira!!!|0 fnt
|faint|p1a: É mentira!!!
|
|-weather|Snowscape|[upkeep]
|upkeep
|
|t:|1757797484
|switch|p1a: Não pode ser|Landorus-Therian, M|100/100
|-ability|p1a: Não pode ser|Intimidate|boost
|-unboost|p2a: Scizor|atk|1
|turn|12
|
|t:|1757797497
|move|p1a: Não pode ser|Earth Power|p2a: Scizor
|-damage|p2a: Scizor|43/100
|move|p2a: Scizor|U-turn|p1a: Não pode ser
|-resisted|p1a: Não pode ser
|-damage|p1a: Não pode ser|86/100
|
|t:|1757797503
|switch|p2a: Ogerpon|Ogerpon-Wellspring, F|52/100|[from] U-turn
|
|-weather|Snowscape|[upkeep]
|upkeep
|turn|13
|
|t:|1757797519
|move|p2a: Ogerpon|Spikes|p1a: Não pode ser
|-sidestart|p1: Envy cat|Spikes
|move|p1a: Não pode ser|U-turn|p2a: Ogerpon
|-supereffective|p2a: Ogerpon
|-damage|p2a: Ogerpon|0 fnt
|faint|p2a: Ogerpon
|
|t:|1757797527
|switch|p1a: PARABÉNS MEU AMOR|Sandslash-Alola, M|7/100 brn|[from] U-turn
|-damage|p1a: PARABÉNS MEU AMOR|0 fnt|[from] Spikes
|faint|p1a: PARABÉNS MEU AMOR
|
|-weather|Snowscape|[upkeep]
|upkeep
|
|t:|1757797536
|switch|p2a: Scizor|Scizor, M|43/100
|switch|p1a: Mas tem que ser|Lanturn, F|100/100
|-damage|p1a: Mas tem que ser|84/100|[from] Spikes
|turn|14
|
|t:|1757797545
|move|p1a: Mas tem que ser|Scald|p2a: Scizor
|-damage|p2a: Scizor|2/100
|-status|p2a: Scizor|brn
|move|p2a: Scizor|U-turn|p1a: Mas tem que ser
|-damage|p1a: Mas tem que ser|62/100
|
|t:|1757797553
|switch|p2a: Thundurus|Thundurus-Therian, M|100/100|[from] U-turn
|
|-weather|Snowscape|[upkeep]
|upkeep
|turn|15
|
|t:|1757797563
|move|p2a: Thundurus|Sludge Bomb|p1a: Mas tem que ser
|-damage|p1a: Mas tem que ser|41/100
|move|p1a: Mas tem que ser|Ice Beam|p2a: Thundurus
|-supereffective|p2a: Thundurus
|-crit|p2a: Thundurus
|-damage|p2a: Thundurus|0 fnt
|faint|p2a: Thundurus
|
|-weather|none
|upkeep
|
|t:|1757797570
|switch|p2a: Houndoom|Houndoom, M|100/100
|turn|16
|
|t:|1757797576
|-terastallize|p1a: Mas tem que ser|Flying
|move|p2a: Houndoom|Dark Pulse|p1a: Mas tem que ser
|-damage|p1a: Mas tem que ser|16/100
|move|p1a: Mas tem que ser|Scald|p2a: Houndoom
|-supereffective|p2a: Houndoom
|-damage|p2a: Houndoom|44/100
|
|upkeep
|turn|17
|
|t:|1757797584
|move|p2a: Houndoom|Dark Pulse|p1a: Mas tem que ser
|-crit|p1a: Mas tem que ser
|-damage|p1a: Mas tem que ser|0 fnt
|faint|p1a: Mas tem que ser
|
|upkeep
|
|t:|1757797587
|switch|p1a: Olha a cobra!!|Scrafty, M|100/100
|-damage|p1a: Olha a cobra!!|84/100|[from] Spikes
|-ability|p1a: Olha a cobra!!|Intimidate|boost
|-unboost|p2a: Houndoom|atk|1
|turn|18
|
|t:|1757797590
|move|p2a: Houndoom|Flamethrower|p1a: Olha a cobra!!
|-damage|p1a: Olha a cobra!!|37/100
|move|p1a: Olha a cobra!!|Dragon Dance|p1a: Olha a cobra!!
|-boost|p1a: Olha a cobra!!|atk|1
|-boost|p1a: Olha a cobra!!|spe|1
|
|upkeep
|turn|19
|
|t:|1757797596
|move|p1a: Olha a cobra!!|Close Combat|p2a: Houndoom
|-supereffective|p2a: Houndoom
|-damage|p2a: Houndoom|0 fnt
|-unboost|p1a: Olha a cobra!!|def|1
|-unboost|p1a: Olha a cobra!!|spd|1
|faint|p2a: Houndoom
|
|upkeep
|
|t:|1757797599
|switch|p2a: Scizor|Scizor, M|2/100 brn
|turn|20
|
|t:|1757797606
|move|p2a: Scizor|Bullet Punch|p1a: Olha a cobra!!
|-damage|p1a: Olha a cobra!!|9/100
|move|p1a: Olha a cobra!!|Knock Off|p2a: Scizor
|-crit|p2a: Scizor
|-damage|p2a: Scizor|0 fnt
|-enditem|p2a: Scizor|Heavy-Duty Boots|[from] move: Knock Off|[of] p1a: Olha a cobra!!
|faint|p2a: Scizor
|
|upkeep
|
|t:|1757797609
|switch|p2a: Mimikyu|Mimikyu-Busted, F, shiny|20/100
|turn|21
|
|t:|1757797614
|-terastallize|p2a: Mimikyu|Ghost
|move|p2a: Mimikyu|Shadow Sneak|p1a: Olha a cobra!!
|-resisted|p1a: Olha a cobra!!
|-damage|p1a: Olha a cobra!!|0 fnt
|faint|p1a: Olha a cobra!!
|
|-heal|p2a: Mimikyu|25/100|[from] item: Leftovers
|upkeep
|
|t:|1757797620
|switch|p1a: PFVR MEU AMOR|Kyurem, shiny|100/100
|-damage|p1a: PFVR MEU AMOR|84/100|[from] Spikes
|-ability|p1a: PFVR MEU AMOR|Pressure
|turn|22
|
|t:|1757797623
|move|p1a: PFVR MEU AMOR|Fling|p2a: Mimikyu
|-supereffective|p2a: Mimikyu
|-damage|p2a: Mimikyu|0 fnt
|-enditem|p1a: PFVR MEU AMOR|Big Nugget|[from] move: Fling
|faint|p2a: Mimikyu
|
|win|Envy cat
|raw|Envy cat's rating: 1090 &rarr; <strong>1120</strong><br />(+30 for winning)
|raw|Plameeyt1's rating: 1135 &rarr; <strong>1107</strong><br />(-28 for losing)
|l|☆Plameeyt1
|player|p2|
|l|☆Envy cat
|player|p1|
