|j|☆blisteringbigfoot
|j|☆napkin_56
|t:|1757900422
|gametype|singles
|player|p1|blisteringbigfoot|roxie-masters|1440
|player|p2|napkin_56|policeman-gen4|1458
|gen|9
|tier|[Gen 9] OU
|rated|
|rule|HP Percentage Mod: HP is shown in percentages
|rule|Endless Battle Clause: Forcing endless battles is banned
|rule|Species Clause: Limit one of each Pokémon
|rule|OHKO Clause: OHKO moves are banned
|rule|Evasion Items Clause: Evasion items are banned
|rule|Evasion Moves Clause: Evasion moves are banned
|rule|Evasion Abilities Clause: Evasion abilities are banned
|rule|Sleep Moves Clause: Sleep-inducing moves are banned
|clearpoke
|poke|p1|Cloyster, F|
|poke|p1|Raging Bolt|
|poke|p1|Primarina, M|
|poke|p1|Iron Treads|
|poke|p1|Ogerpon-Wellspring, F|
|poke|p1|Dragapult, F|
|poke|p2|Thundurus-Therian, M|
|poke|p2|Gholdengo|
|poke|p2|Landorus-Therian, M|
|poke|p2|Samurott-Hisui, M|
|poke|p2|Zamazenta-*|
|poke|p2|Slowking-Galar, F|
|teampreview
|inactive|Battle timer is ON: inactive players will automatically lose when time's up. (requested by napkin_56)
|
|t:|1757900442
|teamsize|p1|6
|teamsize|p2|6
|start
|switch|p1a: Ogerpon|Ogerpon-Wellspring, F|100/100
|switch|p2a: Landorus|Landorus-Therian, M|100/100
|-ability|p2a: Landorus|Intimidate|boost
|-unboost|p1a: Ogerpon|atk|1
|turn|1
|
|t:|1757900467
|switch|p2a: Samurott|Samurott-Hisui, M|100/100
|move|p1a: Ogerpon|U-turn|p2a: Samurott
|-supereffective|p2a: Samurott
|-damage|p2a: Samurott|59/100
|
|t:|1757900480
|switch|p1a: Iron Treads|Iron Treads|100/100|[from] U-turn
|-enditem|p1a: Iron Treads|Booster Energy
|-activate|p1a: Iron Treads|ability: Quark Drive|[fromitem]
|-start|p1a: Iron Treads|quarkdrivespe
|
|upkeep
|turn|2
|
|t:|1757900491
|switch|p2a: Landorus|Landorus-Therian, M|100/100
|-ability|p2a: Landorus|Intimidate|boost
|-unboost|p1a: Iron Treads|atk|1
|move|p1a: Iron Treads|Stealth Rock|p2a: Landorus
|-sidestart|p2: napkin_56|move: Stealth Rock
|
|upkeep
|turn|3
|
|t:|1757900497
|switch|p2a: Slowking|Slowking-Galar, F|100/100
|move|p1a: Iron Treads|Steel Beam|p2a: Slowking|[miss]
|-miss|p1a: Iron Treads|p2a: Slowking
|-damage|p1a: Iron Treads|50/100|[from] steelbeam
|
|upkeep
|turn|4
|
|t:|1757900502
|switch|p2a: Landorus|Landorus-Therian, M|100/100
|-damage|p2a: Landorus|88/100|[from] Stealth Rock
|-ability|p2a: Landorus|Intimidate|boost
|-unboost|p1a: Iron Treads|atk|1
|move|p1a: Iron Treads|Earth Power|p2a: Landorus
|-immune|p2a: Landorus
|
|upkeep
|turn|5
|
|t:|1757900508
|move|p1a: Iron Treads|Steel Beam|p2a: Landorus
|-damage|p2a: Landorus|46/100
|-damage|p1a: Iron Treads|0 fnt|[from] steelbeam
|faint|p1a: Iron Treads
|-end|p1a: Iron Treads|Quark Drive|[silent]
|move|p2a: Landorus|Stealth Rock|p1: Iron Treads
|-sidestart|p1: blisteringbigfoot|move: Stealth Rock
|
|upkeep
|
|t:|1757900519
|switch|p1a: Dragapult|Dragapult, F|100/100
|-damage|p1a: Dragapult|88/100|[from] Stealth Rock
|turn|6
|
|t:|1757900536
|move|p1a: Dragapult|Dragon Darts|p2a: Landorus
|-damage|p2a: Landorus|10/100
|-anim|p1a: Dragapult|Dragon Darts|p2a: Landorus
|-damage|p2a: Landorus|0 fnt
|faint|p2a: Landorus
|
|upkeep
|
|t:|1757900538
|switch|p2a: Samurott|Samurott-Hisui, M|59/100
|turn|7
|
|t:|1757900553
|switch|p1a: Cloyster|Cloyster, F, shiny|100/100
|-damage|p1a: Cloyster|76/100|[from] Stealth Rock
|move|p2a: Samurott|Sucker Punch||[still]
|-fail|p2a: Samurott
|
|upkeep
|turn|8
|
|t:|1757900564
|move|p2a: Samurott|Knock Off|p1a: Cloyster
|-damage|p1a: Cloyster|46/100
|-enditem|p1a: Cloyster|Never-Melt Ice|[from] move: Knock Off|[of] p2a: Samurott
|move|p1a: Cloyster|Shell Smash|p1a: Cloyster
|-unboost|p1a: Cloyster|def|1
|-unboost|p1a: Cloyster|spd|1
|-boost|p1a: Cloyster|atk|2
|-boost|p1a: Cloyster|spa|2
|-boost|p1a: Cloyster|spe|2
|
|upkeep
|turn|9
|
|t:|1757900569
|move|p1a: Cloyster|Ice Shard|p2a: Samurott
|-resisted|p2a: Samurott
|-damage|p2a: Samurott|42/100
|move|p2a: Samurott|Sucker Punch||[still]
|-fail|p2a: Samurott
|
|upkeep
|turn|10
|
|t:|1757900573
|move|p2a: Samurott|Sucker Punch|p1a: Cloyster
|-damage|p1a: Cloyster|11/100
|move|p1a: Cloyster|Icicle Spear|p2a: Samurott
|-resisted|p2a: Samurott
|-damage|p2a: Samurott|29/100
|-resisted|p2a: Samurott
|-damage|p2a: Samurott|18/100
|-resisted|p2a: Samurott
|-damage|p2a: Samurott|7/100
|-resisted|p2a: Samurott
|-damage|p2a: Samurott|0 fnt
|faint|p2a: Samurott
|-hitcount|p2: Samurott|4
|
|upkeep
|
|t:|1757900588
|switch|p2a: Slowking|Slowking-Galar, F|100/100
|turn|11
|
|t:|1757900602
|move|p1a: Cloyster|Rock Blast|p2a: Slowking
|-crit|p2a: Slowking
|-damage|p2a: Slowking|79/100
|-damage|p2a: Slowking|66/100
|-damage|p2a: Slowking|50/100
|-damage|p2a: Slowking|36/100
|-damage|p2a: Slowking|22/100
|-hitcount|p2a: Slowking|5
|move|p2a: Slowking|Sludge Bomb|p1a: Cloyster
|-damage|p1a: Cloyster|0 fnt
|faint|p1a: Cloyster
|
|upkeep
|
|t:|1757900614
|switch|p1a: Ogerpon|Ogerpon-Wellspring, F|100/100
|-damage|p1a: Ogerpon|88/100|[from] Stealth Rock
|turn|12
|
|t:|1757900622
|switch|p2a: Zamazenta|Zamazenta|100/100
|-ability|p2a: Zamazenta|Dauntless Shield|boost
|-boost|p2a: Zamazenta|def|1
|move|p1a: Ogerpon|U-turn|p2a: Zamazenta
|-resisted|p2a: Zamazenta
|-damage|p2a: Zamazenta|93/100
|
|t:|1757900628
|switch|p1a: Primarina|Primarina, M, shiny|100/100|[from] U-turn
|-damage|p1a: Primarina|88/100|[from] Stealth Rock
|
|-heal|p1a: Primarina|94/100|[from] item: Leftovers
|upkeep
|turn|13
|inactive|napkin_56 has 120 seconds left.
|
|t:|1757900661
|switch|p2a: Slowking|Slowking-Galar, F|55/100
|move|p1a: Primarina|Substitute|p1a: Primarina
|-start|p1a: Primarina|Substitute
|-damage|p1a: Primarina|69/100
|
|-heal|p1a: Primarina|76/100|[from] item: Leftovers
|upkeep
|turn|14
|
|t:|1757900667
|move|p1a: Primarina|Calm Mind|p1a: Primarina
|-boost|p1a: Primarina|spa|1
|-boost|p1a: Primarina|spd|1
|move|p2a: Slowking|Future Sight|p1a: Primarina
|-start|p2a: Slowking|move: Future Sight
|
|-heal|p1a: Primarina|82/100|[from] item: Leftovers
|upkeep
|turn|15
|
|t:|1757900671
|move|p1a: Primarina|Calm Mind|p1a: Primarina
|-boost|p1a: Primarina|spa|1
|-boost|p1a: Primarina|spd|1
|move|p2a: Slowking|Sludge Bomb|p1a: Primarina
|-supereffective|p1a: Primarina
|-end|p1a: Primarina|Substitute
|
|-heal|p1a: Primarina|88/100|[from] item: Leftovers
|upkeep
|turn|16
|inactive|napkin_56 has 120 seconds left.
|
|t:|1757900699
|switch|p2a: Zamazenta|Zamazenta|93/100
|move|p1a: Primarina|Surf|p2a: Zamazenta
|-damage|p2a: Zamazenta|14/100
|
|-end|p1a: Primarina|move: Future Sight
|-damage|p1a: Primarina|66/100
|-heal|p1a: Primarina|72/100|[from] item: Leftovers
|upkeep
|turn|17
|
|t:|1757900708
|move|p2a: Zamazenta|Heavy Slam|p1a: Primarina
|-damage|p1a: Primarina|32/100
|move|p1a: Primarina|Moonblast|p2a: Zamazenta
|-supereffective|p2a: Zamazenta
|-damage|p2a: Zamazenta|0 fnt
|faint|p2a: Zamazenta
|
|-heal|p1a: Primarina|38/100|[from] item: Leftovers
|upkeep
|
|t:|1757900717
|switch|p2a: Thundurus|Thundurus-Therian, M|100/100
|turn|18
|
|t:|1757900720
|-terastallize|p1a: Primarina|Ghost
|move|p2a: Thundurus|Thunderbolt|p1a: Primarina
|-damage|p1a: Primarina|12/100
|move|p1a: Primarina|Moonblast|p2a: Thundurus
|-damage|p2a: Thundurus|0 fnt
|faint|p2a: Thundurus
|
|-heal|p1a: Primarina|19/100|[from] item: Leftovers
|upkeep
|
|t:|1757900730
|switch|p2a: Gholdengo|Gholdengo|100/100
|-damage|p2a: Gholdengo|95/100|[from] Stealth Rock
|turn|19
|
|t:|1757900732
|move|p2a: Gholdengo|Shadow Ball|p1a: Primarina
|-supereffective|p1a: Primarina
|-damage|p1a: Primarina|0 fnt
|faint|p1a: Primarina
|
|upkeep
|
|t:|1757900741
|switch|p1a: Ogerpon|Ogerpon-Wellspring, F|88/100
|-damage|p1a: Ogerpon|76/100|[from] Stealth Rock
|turn|20
|
|t:|1757900744
|-terastallize|p2a: Gholdengo|Water
|move|p2a: Gholdengo|Shadow Ball|p1a: Ogerpon
|-damage|p1a: Ogerpon|26/100
|move|p1a: Ogerpon|Knock Off|p2a: Gholdengo
|-damage|p2a: Gholdengo|54/100
|-enditem|p2a: Gholdengo|Choice Scarf|[from] move: Knock Off|[of] p1a: Ogerpon
|
|upkeep
|turn|21
|
|t:|1757900755
|switch|p2a: Slowking|Slowking-Galar, F|89/100
|move|p1a: Ogerpon|Ivy Cudgel|p2a: Slowking|[anim] Ivy Cudgel Water
|-damage|p2a: Slowking|34/100
|
|upkeep
|turn|22
|
|t:|1757900762
|switch|p2a: Gholdengo|Gholdengo, tera:Water|54/100
|-damage|p2a: Gholdengo|42/100|[from] Stealth Rock
|move|p1a: Ogerpon|Ivy Cudgel|p2a: Gholdengo|[anim] Ivy Cudgel Water
|-resisted|p2a: Gholdengo
|-damage|p2a: Gholdengo|7/100
|
|upkeep
|turn|23
|-message|napkin_56 forfeited.
|
|win|blisteringbigfoot
|raw|blisteringbigfoot's rating: 1440 &rarr; <strong>1461</strong><br />(+21 for winning)
|raw|napkin_56's rating: 1458 &rarr; <strong>1437</strong><br />(-21 for losing)
|l|☆napkin_56
|player|p2|
|l|☆blisteringbigfoot
|player|p1|
