|j|☆Topclass-A
|j|☆luca1996
|t:|1757955292
|gametype|singles
|player|p1|Topclass-A|bellelba|1425
|player|p2|luca1996|boarder|1455
|gen|9
|tier|[Gen 9] OU
|rated|
|rule|HP Percentage Mod: HP is shown in percentages
|rule|Endless Battle Clause: Forcing endless battles is banned
|rule|Species Clause: Limit one of each Pokémon
|rule|OHKO Clause: OHKO moves are banned
|rule|Evasion Items Clause: Evasion items are banned
|rule|Evasion Moves Clause: Evasion moves are banned
|rule|Evasion Abilities Clause: Evasion abilities are banned
|rule|Sleep Moves Clause: Sleep-inducing moves are banned
|clearpoke
|poke|p1|Iron Crown|
|poke|p1|Dragonite, M|
|poke|p1|Great Tusk|
|poke|p1|Ogerpon-Cornerstone, F|
|poke|p1|Cinderace, M|
|poke|p1|Ceruledge, M|
|poke|p2|Goodra, F|
|poke|p2|Snorlax, M|
|poke|p2|Primarina, F|
|poke|p2|Cinderace, M|
|poke|p2|Primeape, F|
|poke|p2|Iron Jugulis|
|teampreview
|inactive|Battle timer is ON: inactive players will automatically lose when time's up. (requested by Topclass-A)
|
|t:|1757955299
|teamsize|p1|6
|teamsize|p2|6
|start
|switch|p1a: Ogerpon|Ogerpon-Cornerstone, F|100/100
|switch|p2a: Iron Jugulis|Iron Jugulis|100/100
|turn|1
|
|t:|1757955304
|move|p1a: Ogerpon|Swords Dance|p1a: Ogerpon
|-boost|p1a: Ogerpon|atk|2
|move|p2a: Iron Jugulis|Tailwind|p2a: Iron Jugulis
|-sidestart|p2: luca1996|move: Tailwind
|
|upkeep
|turn|2
|
|t:|1757955308
|move|p2a: Iron Jugulis|Dark Pulse|p1a: Ogerpon
|-damage|p1a: Ogerpon|55/100
|move|p1a: Ogerpon|Ivy Cudgel|p2a: Iron Jugulis|[anim] Ivy Cudgel Rock
|-supereffective|p2a: Iron Jugulis
|-damage|p2a: Iron Jugulis|0 fnt
|faint|p2a: Iron Jugulis
|-end|p2a: Iron Jugulis|Quark Drive|[silent]
|
|upkeep
|
|t:|1757955316
|switch|p2a: Primeape|Primeape, F|100/100
|turn|3
|
|t:|1757955322
|switch|p1a: Ceruledge|Ceruledge, M|100/100
|move|p2a: Primeape|Bulk Up|p2a: Primeape
|-boost|p2a: Primeape|atk|1
|-boost|p2a: Primeape|def|1
|
|upkeep
|turn|4
|
|t:|1757955325
|move|p2a: Primeape|Taunt|p1a: Ceruledge
|-start|p1a: Ceruledge|move: Taunt
|cant|p1a: Ceruledge|move: Taunt|Swords Dance
|
|-sideend|p2: luca1996|move: Tailwind
|upkeep
|turn|5
|
|t:|1757955328
|move|p1a: Ceruledge|Bitter Blade|p2a: Primeape
|-damage|p2a: Primeape|66/100
|move|p2a: Primeape|Bulk Up|p2a: Primeape
|-boost|p2a: Primeape|atk|1
|-boost|p2a: Primeape|def|1
|
|upkeep
|turn|6
|
|t:|1757955330
|move|p1a: Ceruledge|Bitter Blade|p2a: Primeape
|-damage|p2a: Primeape|42/100
|move|p2a: Primeape|Rage Fist|p1a: Ceruledge
|-supereffective|p1a: Ceruledge
|-enditem|p1a: Ceruledge|Focus Sash
|-damage|p1a: Ceruledge|1/100
|-ability|p1a: Ceruledge|Weak Armor|boost
|-unboost|p1a: Ceruledge|def|1
|-boost|p1a: Ceruledge|spe|2
|
|-end|p1a: Ceruledge|move: Taunt
|upkeep
|turn|7
|
|t:|1757955333
|move|p1a: Ceruledge|Bitter Blade|p2a: Primeape
|-damage|p2a: Primeape|15/100
|-heal|p1a: Ceruledge|16/100|[from] drain|[of] p2a: Primeape
|move|p2a: Primeape|Rage Fist|p1a: Ceruledge
|-supereffective|p1a: Ceruledge
|-damage|p1a: Ceruledge|0 fnt
|faint|p1a: Ceruledge
|
|upkeep
|
|t:|1757955336
|switch|p1a: Cinderace|Cinderace, M|100/100
|turn|8
|
|t:|1757955338
|move|p1a: Cinderace|Pyro Ball|p2a: Primeape
|-damage|p2a: Primeape|0 fnt
|faint|p2a: Primeape
|
|upkeep
|
|t:|1757955345
|switch|p2a: Cinderace|Cinderace, M|100/100
|turn|9
|
|t:|1757955360
|move|p2a: Cinderace|High Jump Kick|p1a: Cinderace
|-start|p2a: Cinderace|typechange|Fighting|[from] ability: Libero
|-enditem|p1a: Cinderace|Focus Sash
|-damage|p1a: Cinderace|1/100
|-damage|p2a: Cinderace|91/100|[from] item: Life Orb
|move|p1a: Cinderace|High Jump Kick|p2a: Cinderace
|-start|p1a: Cinderace|typechange|Fighting|[from] ability: Libero
|-damage|p2a: Cinderace|2/100
|
|upkeep
|turn|10
|inactive|luca1996 has 120 seconds left.
|
|t:|1757955395
|move|p1a: Cinderace|Sucker Punch|p2a: Cinderace
|-resisted|p2a: Cinderace
|-damage|p2a: Cinderace|0 fnt
|faint|p2a: Cinderace
|
|upkeep
|inactive|luca1996 has 120 seconds left.
|
|t:|1757955400
|switch|p2a: Primarina|Primarina, F|100/100
|turn|11
|
|t:|1757955403
|switch|p1a: Iron Crown|Iron Crown|100/100
|-enditem|p1a: Iron Crown|Booster Energy
|-activate|p1a: Iron Crown|ability: Quark Drive|[fromitem]
|-start|p1a: Iron Crown|quarkdrivespe
|move|p2a: Primarina|Surf|p1a: Iron Crown
|-crit|p1a: Iron Crown
|-damage|p1a: Iron Crown|27/100
|
|upkeep
|turn|12
|
|t:|1757955408
|move|p1a: Iron Crown|Tachyon Cutter|p2a: Primarina
|-damage|p2a: Primarina|81/100
|-damage|p2a: Primarina|61/100
|-hitcount|p2a: Primarina|2
|move|p2a: Primarina|Surf|p1a: Iron Crown
|-damage|p1a: Iron Crown|0 fnt
|faint|p1a: Iron Crown
|-end|p1a: Iron Crown|Quark Drive|[silent]
|
|-heal|p2a: Primarina|67/100|[from] item: Leftovers
|upkeep
|
|t:|1757955411
|switch|p1a: Ogerpon|Ogerpon-Cornerstone, F|55/100
|turn|13
|
|t:|1757955413
|move|p1a: Ogerpon|Horn Leech|p2a: Primarina
|-supereffective|p2a: Primarina
|-damage|p2a: Primarina|0 fnt
|-heal|p1a: Ogerpon|96/100|[from] drain|[of] p2a: Primarina
|faint|p2a: Primarina
|
|upkeep
|
|t:|1757955415
|switch|p2a: Goodra|Goodra, F|100/100
|turn|14
|
|t:|1757955418
|move|p1a: Ogerpon|Knock Off|p2a: Goodra
|-damage|p2a: Goodra|54/100
|-ability|p2a: Goodra|Gooey
|-unboost|p1a: Ogerpon|spe|1
|-enditem|p2a: Goodra|Assault Vest|[from] move: Knock Off|[of] p1a: Ogerpon
|move|p2a: Goodra|Dragon Pulse|p1a: Ogerpon
|-damage|p1a: Ogerpon|48/100
|
|upkeep
|turn|15
|
|t:|1757955421
|move|p1a: Ogerpon|Ivy Cudgel|p2a: Goodra|[anim] Ivy Cudgel Rock
|-damage|p2a: Goodra|0 fnt
|faint|p2a: Goodra
|
|upkeep
|
|t:|1757955423
|switch|p2a: Snorlax|Snorlax, M|100/100
|turn|16
|
|t:|1757955425
|move|p1a: Ogerpon|Knock Off|p2a: Snorlax
|-damage|p2a: Snorlax|65/100
|-enditem|p2a: Snorlax|Leftovers|[from] move: Knock Off|[of] p1a: Ogerpon
|move|p2a: Snorlax|Earthquake|p1a: Ogerpon
|-crit|p1a: Ogerpon
|-damage|p1a: Ogerpon|0 fnt
|faint|p1a: Ogerpon
|
|upkeep
|c|☆luca1996|gg
|
|t:|1757955430
|switch|p1a: Cinderace|Cinderace, M|1/100
|turn|17
|
|t:|1757955432
|move|p1a: Cinderace|High Jump Kick|p2a: Snorlax
|-start|p1a: Cinderace|typechange|Fighting|[from] ability: Libero
|-supereffective|p2a: Snorlax
|-damage|p2a: Snorlax|0 fnt
|faint|p2a: Snorlax
|
|win|Topclass-A
|raw|Topclass-A's rating: 1425 &rarr; <strong>1447</strong><br />(+22 for winning)
|raw|luca1996's rating: 1455 &rarr; <strong>1433</strong><br />(-22 for losing)
|l|☆luca1996
|player|p2|
|c|☆Topclass-A|gg
|l|☆Topclass-A
|player|p1|
|j|☆Topclass-A
|player|p1|Topclass-A|bellelba|
|l|☆Topclass-A
|player|p1|
