|j|☆uechan
|j|☆DarkMaskedMan
|t:|1757909334
|gametype|singles
|player|p1|uechan|101|1350
|player|p2|DarkMaskedMan|bellelba|1304
|gen|9
|tier|[Gen 9] OU
|rated|
|rule|HP Percentage Mod: HP is shown in percentages
|rule|Endless Battle Clause: Forcing endless battles is banned
|rule|Species Clause: Limit one of each Pokémon
|rule|OHKO Clause: OHKO moves are banned
|rule|Evasion Items Clause: Evasion items are banned
|rule|Evasion Moves Clause: Evasion moves are banned
|rule|Evasion Abilities Clause: Evasion abilities are banned
|rule|Sleep Moves Clause: Sleep-inducing moves are banned
|clearpoke
|poke|p1|Cinderace, F|
|poke|p1|Ogerpon-Cornerstone, F|
|poke|p1|Espeon, F|
|poke|p1|Dondozo, F|
|poke|p1|Corviknight, F|
|poke|p1|Hydrapple, F|
|poke|p2|Corviknight, M|
|poke|p2|Ting-Lu|
|poke|p2|Ogerpon-Wellspring, F|
|poke|p2|Dragapult, F|
|poke|p2|Ceruledge, M|
|poke|p2|Gliscor, M|
|teampreview
|inactive|Battle timer is ON: inactive players will automatically lose when time's up. (requested by DarkMaskedMan)
|inactive|DarkMaskedMan has 120 seconds left.
|
|t:|1757909378
|teamsize|p1|6
|teamsize|p2|6
|start
|switch|p1a: Cinderace|Cinderace, F|100/100
|switch|p2a: Ting-Lu|Ting-Lu|100/100
|-ability|p2a: Ting-Lu|Vessel of Ruin
|turn|1
|
|t:|1757909385
|move|p1a: Cinderace|U-turn|p2a: Ting-Lu
|-start|p1a: Cinderace|typechange|Bug|[from] ability: Libero
|-supereffective|p2a: Ting-Lu
|-damage|p2a: Ting-Lu|48/100
|-damage|p1a: Cinderace|84/100|[from] item: Rocky Helmet|[of] p2a: Ting-Lu
|
|t:|1757909389
|switch|p1a: Espeon|Espeon, F|100/100|[from] U-turn
|move|p2a: Ting-Lu|Stealth Rock|p1a: Espeon
|move|p1a: Espeon|Stealth Rock|p2a: Ting-Lu|[from] ability: Magic Bounce
|-sidestart|p2: DarkMaskedMan|move: Stealth Rock
|
|upkeep
|turn|2
|
|t:|1757909394
|switch|p1a: Cinderace|Cinderace, F|84/100
|move|p2a: Ting-Lu|Ruination|p1a: Cinderace
|-damage|p1a: Cinderace|42/100
|
|upkeep
|turn|3
|
|t:|1757909400
|switch|p2a: Corviknight|Corviknight, M|100/100
|move|p1a: Cinderace|U-turn|p2a: Corviknight
|-start|p1a: Cinderace|typechange|Bug|[from] ability: Libero
|-resisted|p2a: Corviknight
|-damage|p2a: Corviknight|93/100
|
|t:|1757909417
|switch|p1a: Ogerpon|Ogerpon-Cornerstone, F|100/100|[from] U-turn
|
|upkeep
|turn|4
|
|t:|1757909424
|move|p1a: Ogerpon|Knock Off|p2a: Corviknight
|-damage|p2a: Corviknight|70/100
|-enditem|p2a: Corviknight|Heavy-Duty Boots|[from] move: Knock Off|[of] p1a: Ogerpon
|move|p2a: Corviknight|Defog|p1a: Ogerpon
|-unboost|p1a: Ogerpon|evasion|1
|-sideend|p2: DarkMaskedMan|Stealth Rock|[from] move: Defog|[of] p2a: Corviknight
|
|upkeep
|turn|5
|
|t:|1757909432
|move|p1a: Ogerpon|Ivy Cudgel|p2a: Corviknight|[anim] Ivy Cudgel Rock
|-damage|p2a: Corviknight|36/100
|move|p2a: Corviknight|Body Press|p1a: Ogerpon
|-supereffective|p1a: Ogerpon
|-damage|p1a: Ogerpon|33/100
|
|upkeep
|turn|6
|
|t:|1757909448
|switch|p1a: Cinderace|Cinderace, F|42/100
|move|p2a: Corviknight|Roost|p2a: Corviknight
|-heal|p2a: Corviknight|86/100
|-singleturn|p2a: Corviknight|move: Roost
|
|upkeep
|turn|7
|inactive|DarkMaskedMan has 120 seconds left.
|inactive|DarkMaskedMan has 90 seconds left.
|
|t:|1757909532
|switch|p2a: Gliscor|Gliscor, M|100/100
|move|p1a: Cinderace|Pyro Ball|p2a: Gliscor
|-damage|p2a: Gliscor|39/100
|
|-status|p2a: Gliscor|tox|[from] item: Toxic Orb
|upkeep
|turn|8
|
|t:|1757909539
|-terastallize|p2a: Gliscor|Water
|move|p1a: Cinderace|Pyro Ball|p2a: Gliscor
|-resisted|p2a: Gliscor
|-damage|p2a: Gliscor|6/100 tox
|move|p2a: Gliscor|Earthquake|p1a: Cinderace
|-supereffective|p1a: Cinderace
|-damage|p1a: Cinderace|0 fnt
|faint|p1a: Cinderace
|
|-heal|p2a: Gliscor|19/100 tox|[from] ability: Poison Heal
|upkeep
|
|t:|1757909556
|switch|p1a: Espeon|Espeon, F|100/100
|turn|9
|
|t:|1757909559
|move|p2a: Gliscor|Protect|p2a: Gliscor
|-singleturn|p2a: Gliscor|Protect
|move|p1a: Espeon|Alluring Voice|p2a: Gliscor
|-activate|p2a: Gliscor|move: Protect
|
|-heal|p2a: Gliscor|31/100 tox|[from] ability: Poison Heal
|upkeep
|turn|10
|
|t:|1757909566
|switch|p2a: Corviknight|Corviknight, M|86/100
|move|p1a: Espeon|Alluring Voice|p2a: Corviknight
|-resisted|p2a: Corviknight
|-damage|p2a: Corviknight|66/100
|
|upkeep
|turn|11
|inactive|uechan has 120 seconds left.
|
|t:|1757909599
|switch|p1a: Dondozo|Dondozo, F|100/100
|move|p2a: Corviknight|Roost|p2a: Corviknight
|-heal|p2a: Corviknight|100/100
|-singleturn|p2a: Corviknight|move: Roost
|
|upkeep
|turn|12
|
|t:|1757909605
|move|p2a: Corviknight|U-turn|p1a: Dondozo
|-damage|p1a: Dondozo|94/100
|
|t:|1757909610
|switch|p2a: Ogerpon|Ogerpon-Wellspring, F|100/100|[from] U-turn
|move|p1a: Dondozo|Liquidation|p2a: Ogerpon
|-immune|p2a: Ogerpon|[from] ability: Water Absorb
|
|upkeep
|turn|13
|
|t:|1757909614
|switch|p1a: Hydrapple|Hydrapple, F|100/100
|move|p2a: Ogerpon|Power Whip|p1a: Hydrapple|[miss]
|-miss|p2a: Ogerpon|p1a: Hydrapple
|
|upkeep
|turn|14
|
|t:|1757909623
|move|p2a: Ogerpon|Play Rough|p1a: Hydrapple
|-supereffective|p1a: Hydrapple
|-damage|p1a: Hydrapple|42/100
|move|p1a: Hydrapple|Fickle Beam|p2a: Ogerpon|[anim] Fickle Beam All Out
|-activate|p1a: Hydrapple|move: Fickle Beam
|-damage|p2a: Ogerpon|1/100
|
|upkeep
|turn|15
|
|t:|1757909629
|switch|p1a: Corviknight|Corviknight, F|100/100
|-ability|p1a: Corviknight|Pressure
|move|p2a: Ogerpon|Play Rough|p1a: Corviknight
|-resisted|p1a: Corviknight
|-damage|p1a: Corviknight|89/100
|
|-heal|p1a: Corviknight|96/100|[from] item: Leftovers
|upkeep
|turn|16
|
|t:|1757909636
|switch|p2a: Ting-Lu|Ting-Lu|48/100
|-ability|p2a: Ting-Lu|Vessel of Ruin
|move|p1a: Corviknight|U-turn|p2a: Ting-Lu
|-supereffective|p2a: Ting-Lu
|-damage|p2a: Ting-Lu|32/100
|-damage|p1a: Corviknight|79/100|[from] item: Rocky Helmet|[of] p2a: Ting-Lu
|
|t:|1757909656
|switch|p1a: Ogerpon|Ogerpon-Cornerstone, F|33/100|[from] U-turn
|
|upkeep
|turn|17
|inactive|DarkMaskedMan has 120 seconds left.
|inactive|uechan has 120 seconds left.
|inactive|DarkMaskedMan has 90 seconds left.
|inactive|DarkMaskedMan has 60 seconds left.
|
|t:|1757909748
|switch|p1a: Espeon|Espeon, F|100/100
|move|p2a: Ting-Lu|Ruination|p1a: Espeon
|-damage|p1a: Espeon|51/100
|
|upkeep
|turn|18
|inactive|uechan has 120 seconds left.
|
|t:|1757909767
|move|p1a: Espeon|Psychic|p2a: Ting-Lu
|-immune|p2a: Ting-Lu
|move|p2a: Ting-Lu|Ruination|p1a: Espeon
|-damage|p1a: Espeon|26/100
|
|upkeep
|turn|19
|inactive|uechan has 120 seconds left.
|
|t:|1757909778
|switch|p1a: Ogerpon|Ogerpon-Cornerstone, F|33/100
|move|p2a: Ting-Lu|Ruination|p1a: Ogerpon
|-damage|p1a: Ogerpon|17/100
|
|upkeep
|turn|20
|inactive|uechan has 120 seconds left.
|
|t:|1757909798
|move|p1a: Ogerpon|Swords Dance|p1a: Ogerpon
|-boost|p1a: Ogerpon|atk|2
|move|p2a: Ting-Lu|Stealth Rock|p1a: Ogerpon
|-sidestart|p1: uechan|move: Stealth Rock
|
|upkeep
|turn|21
|
|t:|1757909805
|move|p1a: Ogerpon|Power Whip|p2a: Ting-Lu
|-supereffective|p2a: Ting-Lu
|-crit|p2a: Ting-Lu
|-damage|p2a: Ting-Lu|0 fnt
|-damage|p1a: Ogerpon|0 fnt|[from] item: Rocky Helmet|[of] p2a: Ting-Lu
|faint|p2a: Ting-Lu
|faint|p1a: Ogerpon
|
|upkeep
|-message|uechan forfeited.
|
|win|DarkMaskedMan
|raw|uechan's rating: 1350 &rarr; <strong>1327</strong><br />(-23 for losing)
|raw|DarkMaskedMan's rating: 1304 &rarr; <strong>1327</strong><br />(+23 for winning)
|l|☆uechan
|player|p1|
|l|☆DarkMaskedMan
|player|p2|
