|j|‽oehtwashere
|j|☆SittinGamer
|t:|1757961362
|gametype|singles
|player|p1|oehtwashere|supernerd|1694
|player|p2|SittinGamer|dawn-gen4pt|1590
|gen|9
|tier|[Gen 9] OU
|rated|
|rule|HP Percentage Mod: HP is shown in percentages
|rule|Endless Battle Clause: Forcing endless battles is banned
|rule|Species Clause: Limit one of each Pokémon
|rule|OHKO Clause: OHKO moves are banned
|rule|Evasion Items Clause: Evasion items are banned
|rule|Evasion Moves Clause: Evasion moves are banned
|rule|Evasion Abilities Clause: Evasion abilities are banned
|rule|Sleep Moves Clause: Sleep-inducing moves are banned
|clearpoke
|poke|p1|Raikou|
|poke|p1|Scizor, F|
|poke|p1|Clefable, F|
|poke|p1|Zamazenta-*|
|poke|p1|Sinistcha|
|poke|p1|Ting-Lu|
|poke|p2|Infernape, F|
|poke|p2|Samurott-Hisui, F|
|poke|p2|Gholdengo|
|poke|p2|Hatterene, F|
|poke|p2|Great Tusk|
|poke|p2|Zamazenta-*|
|teampreview
|inactive|Battle timer is ON: inactive players will automatically lose when time's up. (requested by oehtwashere)
|inactive|SittinGamer has 120 seconds left.
|
|t:|1757961405
|teamsize|p1|6
|teamsize|p2|6
|start
|switch|p1a: Scizor|Scizor, F|100/100
|switch|p2a: Gholdengo|Gholdengo|100/100
|turn|1
|
|t:|1757961413
|switch|p2a: Great Tusk|Great Tusk|100/100
|-enditem|p2a: Great Tusk|Booster Energy
|-activate|p2a: Great Tusk|ability: Protosynthesis|[fromitem]
|-start|p2a: Great Tusk|protosynthesisatk
|move|p1a: Scizor|Knock Off|p2a: Great Tusk
|-resisted|p2a: Great Tusk
|-damage|p2a: Great Tusk|93/100
|
|upkeep
|turn|2
|
|t:|1757961419
|switch|p1a: Sinistcha|Sinistcha|100/100
|move|p2a: Great Tusk|Knock Off|p1a: Sinistcha
|-supereffective|p1a: Sinistcha
|-damage|p1a: Sinistcha|50/100
|-enditem|p1a: Sinistcha|Heavy-Duty Boots|[from] move: Knock Off|[of] p2a: Great Tusk
|
|upkeep
|turn|3
|
|t:|1757961425
|move|p2a: Great Tusk|Ice Spinner|p1a: Sinistcha
|-supereffective|p1a: Sinistcha
|-damage|p1a: Sinistcha|4/100
|move|p1a: Sinistcha|Matcha Gotcha|p2a: Great Tusk
|-supereffective|p2a: Great Tusk
|-damage|p2a: Great Tusk|7/100
|-heal|p1a: Sinistcha|54/100|[from] drain|[of] p2a: Great Tusk
|
|upkeep
|turn|4
|
|t:|1757961434
|-end|p2a: Great Tusk|Protosynthesis|[silent]
|switch|p2a: Gholdengo|Gholdengo|100/100
|move|p1a: Sinistcha|Strength Sap|p2a: Gholdengo
|-immune|p2a: Gholdengo|[from] ability: Good as Gold
|
|upkeep
|turn|5
|
|t:|1757961436
|switch|p1a: Ting-Lu|Ting-Lu|100/100
|-ability|p1a: Ting-Lu|Vessel of Ruin
|move|p2a: Gholdengo|Make It Rain|p1a: Ting-Lu
|-damage|p1a: Ting-Lu|73/100
|-unboost|p2a: Gholdengo|spa|1
|
|-heal|p1a: Ting-Lu|79/100|[from] item: Leftovers
|upkeep
|turn|6
|
|t:|1757961440
|switch|p2a: Great Tusk|Great Tusk|7/100
|move|p1a: Ting-Lu|Spikes|p2a: Great Tusk
|-sidestart|p2: SittinGamer|Spikes
|
|-heal|p1a: Ting-Lu|85/100|[from] item: Leftovers
|upkeep
|turn|7
|
|t:|1757961444
|switch|p1a: Sinistcha|Sinistcha|54/100
|move|p2a: Great Tusk|Ice Spinner|p1a: Sinistcha
|-supereffective|p1a: Sinistcha
|-damage|p1a: Sinistcha|17/100
|
|upkeep
|turn|8
|
|t:|1757961456
|move|p2a: Great Tusk|Headlong Rush|p1a: Sinistcha
|-resisted|p1a: Sinistcha
|-damage|p1a: Sinistcha|0 fnt
|-unboost|p2a: Great Tusk|def|1
|-unboost|p2a: Great Tusk|spd|1
|faint|p1a: Sinistcha
|
|upkeep
|
|t:|1757961458
|switch|p1a: Raikou|Raikou|100/100
|-ability|p1a: Raikou|Pressure
|turn|9
|
|t:|1757961463
|move|p1a: Raikou|Scald|p2a: Great Tusk
|-supereffective|p2a: Great Tusk
|-damage|p2a: Great Tusk|0 fnt
|faint|p2a: Great Tusk
|-end|p2a: Great Tusk|Protosynthesis|[silent]
|
|upkeep
|
|t:|1757961471
|switch|p2a: Hatterene|Hatterene, F|100/100
|-damage|p2a: Hatterene|88/100|[from] Spikes
|turn|10
|
|t:|1757961475
|move|p1a: Raikou|Scald|p2a: Hatterene
|-damage|p2a: Hatterene|71/100
|move|p2a: Hatterene|Mystical Fire|p1a: Raikou
|-damage|p1a: Raikou|72/100
|-unboost|p1a: Raikou|spa|1
|
|upkeep
|turn|11
|
|t:|1757961479
|move|p1a: Raikou|Volt Switch|p2a: Hatterene
|-damage|p2a: Hatterene|55/100
|
|t:|1757961482
|switch|p1a: Scizor|Scizor, F|100/100|[from] Volt Switch
|move|p2a: Hatterene|Draining Kiss|p1a: Scizor
|-resisted|p1a: Scizor
|-damage|p1a: Scizor|83/100
|-heal|p2a: Hatterene|68/100|[from] drain|[of] p1a: Scizor
|
|upkeep
|turn|12
|
|t:|1757961485
|move|p1a: Scizor|U-turn|p2a: Hatterene
|-damage|p2a: Hatterene|27/100
|
|t:|1757961487
|switch|p1a: Clefable|Clefable, F|100/100|[from] U-turn
|move|p2a: Hatterene|Mystical Fire|p1a: Clefable
|-damage|p1a: Clefable|75/100
|-unboost|p1a: Clefable|spa|1
|
|-heal|p1a: Clefable|81/100|[from] item: Leftovers
|upkeep
|turn|13
|
|t:|1757961490
|switch|p1a: Scizor|Scizor, F|83/100
|move|p2a: Hatterene|Draining Kiss|p1a: Scizor
|-resisted|p1a: Scizor
|-damage|p1a: Scizor|66/100
|-heal|p2a: Hatterene|40/100|[from] drain|[of] p1a: Scizor
|
|upkeep
|turn|14
|
|t:|1757961494
|switch|p2a: Infernape|Infernape, F|100/100
|-damage|p2a: Infernape|88/100|[from] Spikes
|move|p1a: Scizor|U-turn|p2a: Infernape
|-resisted|p2a: Infernape
|-damage|p2a: Infernape|71/100
|
|t:|1757961497
|switch|p1a: Raikou|Raikou|72/100|[from] U-turn
|-ability|p1a: Raikou|Pressure
|
|upkeep
|turn|15
|
|t:|1757961503
|move|p2a: Infernape|Vacuum Wave|p1a: Raikou
|-damage|p1a: Raikou|53/100
|move|p1a: Raikou|Scald|p2a: Infernape
|-supereffective|p2a: Infernape
|-damage|p2a: Infernape|0 fnt
|faint|p2a: Infernape
|
|upkeep
|
|t:|1757961507
|switch|p2a: Samurott|Samurott-Hisui, F|100/100
|-damage|p2a: Samurott|88/100|[from] Spikes
|turn|16
|
|t:|1757961513
|switch|p1a: Zamazenta|Zamazenta|100/100
|-ability|p1a: Zamazenta|Dauntless Shield|boost
|-boost|p1a: Zamazenta|def|1
|move|p2a: Samurott|Knock Off|p1a: Zamazenta
|-resisted|p1a: Zamazenta
|-damage|p1a: Zamazenta|90/100
|-enditem|p1a: Zamazenta|Leftovers|[from] move: Knock Off|[of] p2a: Samurott
|
|upkeep
|turn|17
|
|t:|1757961517
|switch|p2a: Hatterene|Hatterene, F|40/100
|-damage|p2a: Hatterene|27/100|[from] Spikes
|move|p1a: Zamazenta|Crunch|p2a: Hatterene
|-damage|p2a: Hatterene|3/100
|-unboost|p2a: Hatterene|def|1
|
|upkeep
|turn|18
|
|t:|1757961520
|move|p1a: Zamazenta|Crunch|p2a: Hatterene
|-damage|p2a: Hatterene|0 fnt
|faint|p2a: Hatterene
|
|upkeep
|
|t:|1757961526
|switch|p2a: Gholdengo|Gholdengo|100/100
|-damage|p2a: Gholdengo|88/100|[from] Spikes
|turn|19
|
|t:|1757961529
|move|p2a: Gholdengo|Trick|p1a: Zamazenta
|-activate|p2a: Gholdengo|move: Trick|[of] p1a: Zamazenta
|-item|p1a: Zamazenta|Choice Scarf|[from] move: Trick
|-enditem|p2a: Gholdengo|Choice Scarf|[silent]|[from] move: Trick
|move|p1a: Zamazenta|Crunch|p2a: Gholdengo
|-supereffective|p2a: Gholdengo
|-damage|p2a: Gholdengo|42/100
|
|upkeep
|turn|20
|
|t:|1757961533
|switch|p2a: Samurott|Samurott-Hisui, F|88/100
|-damage|p2a: Samurott|76/100|[from] Spikes
|move|p1a: Zamazenta|Crunch|p2a: Samurott
|-resisted|p2a: Samurott
|-crit|p2a: Samurott
|-damage|p2a: Samurott|59/100
|
|upkeep
|turn|21
|
|t:|1757961535
|switch|p1a: Clefable|Clefable, F|81/100
|move|p2a: Samurott|Razor Shell|p1a: Clefable
|-damage|p1a: Clefable|47/100
|-unboost|p1a: Clefable|def|1
|
|-heal|p1a: Clefable|53/100|[from] item: Leftovers
|upkeep
|turn|22
|
|t:|1757961539
|move|p1a: Clefable|Protect|p1a: Clefable
|-singleturn|p1a: Clefable|Protect
|move|p2a: Samurott|Razor Shell|p1a: Clefable
|-activate|p1a: Clefable|move: Protect
|
|-heal|p1a: Clefable|59/100|[from] item: Leftovers
|upkeep
|turn|23
|
|t:|1757961544
|move|p2a: Samurott|Razor Shell|p1a: Clefable
|-damage|p1a: Clefable|2/100
|move|p1a: Clefable|Wish|p1a: Clefable
|
|-heal|p1a: Clefable|8/100|[from] item: Leftovers
|upkeep
|turn|24
|
|t:|1757961549
|move|p1a: Clefable|Protect|p1a: Clefable
|-singleturn|p1a: Clefable|Protect
|move|p2a: Samurott|Razor Shell|p1a: Clefable
|-activate|p1a: Clefable|move: Protect
|
|-heal|p1a: Clefable|58/100|[from] move: Wish|[wisher] Clefable
|-heal|p1a: Clefable|64/100|[from] item: Leftovers
|upkeep
|turn|25
|
|t:|1757961556
|switch|p1a: Zamazenta|Zamazenta|90/100
|move|p2a: Samurott|Razor Shell|p1a: Zamazenta
|-damage|p1a: Zamazenta|53/100
|
|upkeep
|turn|26
|
|t:|1757961564
|-terastallize|p2a: Samurott|Ghost
|move|p1a: Zamazenta|Crunch|p2a: Samurott
|-supereffective|p2a: Samurott
|-crit|p2a: Samurott
|-damage|p2a: Samurott|0 fnt
|faint|p2a: Samurott
|
|upkeep
|-message|SittinGamer forfeited.
|
|win|oehtwashere
|raw|oehtwashere's rating: 1694 &rarr; <strong>1708</strong><br />(+14 for winning)
|raw|SittinGamer's rating: 1590 &rarr; <strong>1576</strong><br />(-14 for losing)
|l|☆SittinGamer
|player|p2|
