|j|☆MAGAboominGOOCH
|j|☆mood1e
|t:|1757822602
|gametype|singles
|player|p1|MAGAboominGOOCH|supernerd|
|player|p2|mood1e|palmer|
|gen|9
|tier|[Gen 9] OU
|rule|HP Percentage Mod: HP is shown in percentages
|rule|Endless Battle Clause: Forcing endless battles is banned
|rule|Species Clause: Limit one of each Pokémon
|rule|OHKO Clause: OHKO moves are banned
|rule|Evasion Items Clause: Evasion items are banned
|rule|Evasion Moves Clause: Evasion moves are banned
|rule|Evasion Abilities Clause: Evasion abilities are banned
|rule|Sleep Moves Clause: Sleep-inducing moves are banned
|clearpoke
|poke|p1|Rhyperior, F|
|poke|p1|Slowbro, M|
|poke|p1|Kingdra, M|
|poke|p1|Basculegion, M|
|poke|p1|Rotom-Heat|
|poke|p1|Articuno-Galar|
|poke|p2|Arcanine, M|
|poke|p2|Suicune|
|poke|p2|Gengar, M|
|poke|p2|Azelf|
|poke|p2|Scrafty, M|
|poke|p2|Sableye, F|
|teampreview
|
|t:|1757822618
|teamsize|p1|6
|teamsize|p2|6
|start
|switch|p1a: Slowbro|Slowbro, M|100/100
|switch|p2a: Vision|Azelf|100/100
|turn|1
|
|t:|1757822627
|move|p2a: Vision|Knock Off|p1a: Slowbro
|-supereffective|p1a: Slowbro
|-damage|p1a: Slowbro|43/100
|-enditem|p1a: Slowbro|Damp Rock|[from] move: Knock Off|[of] p2a: Vision
|move|p1a: Slowbro|Rain Dance|p1a: Slowbro
|-weather|RainDance
|
|-weather|RainDance|[upkeep]
|upkeep
|turn|2
|
|t:|1757822637
|move|p2a: Vision|Stealth Rock|p1a: Slowbro
|-sidestart|p1: MAGAboominGOOCH|move: Stealth Rock
|move|p1a: Slowbro|Psychic Terrain|p1a: Slowbro
|-fieldstart|move: Psychic Terrain
|
|-weather|RainDance|[upkeep]
|upkeep
|turn|3
|
|t:|1757822648
|move|p2a: Vision|Knock Off|p1a: Slowbro
|-supereffective|p1a: Slowbro
|-damage|p1a: Slowbro|4/100
|move|p1a: Slowbro|Scald|p2a: Vision
|-crit|p2a: Vision
|-enditem|p2a: Vision|Focus Sash
|-damage|p2a: Vision|1/100
|
|-weather|RainDance|[upkeep]
|upkeep
|turn|4
|
|t:|1757822671
|move|p2a: Vision|U-turn|p1a: Slowbro
|-supereffective|p1a: Slowbro
|-damage|p1a: Slowbro|0 fnt
|faint|p1a: Slowbro
|
|t:|1757822685
|switch|p2a: Scrafty|Scrafty, M|100/100|[from] U-turn
|
|-weather|RainDance|[upkeep]
|upkeep
|
|t:|1757822710
|switch|p1a: Kingdra|Kingdra, M|100/100
|-damage|p1a: Kingdra|88/100|[from] Stealth Rock
|turn|5
|
|t:|1757822726
|move|p1a: Kingdra|Scald|p2a: Scrafty
|-damage|p2a: Scrafty|70/100
|move|p2a: Scrafty|Dragon Tail|p1a: Kingdra
|-supereffective|p1a: Kingdra
|-damage|p1a: Kingdra|47/100
|drag|p1a: Rhyperior|Rhyperior, F|100/100
|-damage|p1a: Rhyperior|94/100|[from] Stealth Rock
|
|-weather|none
|upkeep
|turn|6
|
|t:|1757822743
|move|p1a: Rhyperior|Rock Polish|p1a: Rhyperior
|-boost|p1a: Rhyperior|spe|2
|move|p2a: Scrafty|Drain Punch|p1a: Rhyperior
|-supereffective|p1a: Rhyperior
|-damage|p1a: Rhyperior|60/100
|-heal|p2a: Scrafty|89/100|[from] drain|[of] p1a: Rhyperior
|-enditem|p1a: Rhyperior|Weakness Policy
|-boost|p1a: Rhyperior|atk|2|[from] item: Weakness Policy
|-boost|p1a: Rhyperior|spa|2|[from] item: Weakness Policy
|
|-fieldend|move: Psychic Terrain
|upkeep
|turn|7
|
|t:|1757822766
|switch|p2a: Vision|Azelf|1/100
|move|p1a: Rhyperior|Earthquake|p2a: Vision
|-immune|p2a: Vision|[from] ability: Levitate
|
|upkeep
|turn|8
|
|t:|1757822783
|move|p1a: Rhyperior|Rock Polish|p1a: Rhyperior
|-boost|p1a: Rhyperior|spe|2
|move|p2a: Vision|Explosion|p1a: Rhyperior
|-resisted|p1a: Rhyperior
|-damage|p1a: Rhyperior|24/100
|faint|p2a: Vision
|
|upkeep
|
|t:|1757822793
|switch|p2a: Sableye|Sableye, F|100/100
|turn|9
|
|t:|1757822812
|move|p1a: Rhyperior|Earthquake|p2a: Sableye
|-damage|p2a: Sableye|0 fnt
|faint|p2a: Sableye
|
|upkeep
|
|t:|1757822857
|switch|p2a: Lassie|Suicune|100/100
|-ability|p2a: Lassie|Pressure
|turn|10
|
|t:|1757822862
|move|p1a: Rhyperior|Supercell Slam|p2a: Lassie
|-supereffective|p2a: Lassie
|-damage|p2a: Lassie|22/100
|move|p2a: Lassie|Scald|p1a: Rhyperior
|-supereffective|p1a: Rhyperior
|-damage|p1a: Rhyperior|0 fnt
|faint|p1a: Rhyperior
|
|-heal|p2a: Lassie|28/100|[from] item: Leftovers
|upkeep
|
|t:|1757822877
|switch|p1a: Kingdra|Kingdra, M|47/100
|-damage|p1a: Kingdra|35/100|[from] Stealth Rock
|turn|11
|
|t:|1757822887
|move|p1a: Kingdra|Focus Energy|p1a: Kingdra
|-start|p1a: Kingdra|move: Focus Energy
|move|p2a: Lassie|Rest|p2a: Lassie
|-status|p2a: Lassie|slp|[from] move: Rest
|-heal|p2a: Lassie|100/100 slp|[silent]
|
|upkeep
|turn|12
|
|t:|1757822894
|move|p1a: Kingdra|Draco Meteor|p2a: Lassie
|-crit|p2a: Lassie
|-damage|p2a: Lassie|35/100 slp
|-unboost|p1a: Kingdra|spa|2
|cant|p2a: Lassie|slp
|move|p2a: Lassie|Sleep Talk|p2a: Lassie
|move|p2a: Lassie|Scald|p1a: Kingdra|[from] move: Sleep Talk
|-resisted|p1a: Kingdra
|-damage|p1a: Kingdra|26/100
|
|-heal|p2a: Lassie|41/100 slp|[from] item: Leftovers
|upkeep
|turn|13
|
|t:|1757822906
|move|p1a: Kingdra|Draco Meteor|p2a: Lassie
|-crit|p2a: Lassie
|-damage|p2a: Lassie|0 fnt
|-unboost|p1a: Kingdra|spa|2
|faint|p2a: Lassie
|
|upkeep
|
|t:|1757822928
|switch|p2a: Chesire|Gengar, M|100/100
|-item|p2a: Chesire|Air Balloon
|turn|14
|
|t:|1757822938
|move|p2a: Chesire|Shadow Ball|p1a: Kingdra
|-damage|p1a: Kingdra|0 fnt
|faint|p1a: Kingdra
|
|upkeep
|
|t:|1757822947
|switch|p1a: Basculegion|Basculegion, M|100/100
|-damage|p1a: Basculegion|88/100|[from] Stealth Rock
|turn|15
|
|t:|1757822968
|switch|p2a: Scrafty|Scrafty, M|89/100
|-ability|p2a: Scrafty|Intimidate|boost
|-unboost|p1a: Basculegion|atk|1
|move|p1a: Basculegion|Phantom Force||[still]
|-prepare|p1a: Basculegion|Phantom Force
|
|upkeep
|turn|16
|
|t:|1757822986
|move|p1a: Basculegion|Phantom Force|p2a: Scrafty|[from] lockedmove
|-resisted|p2a: Scrafty
|-damage|p2a: Scrafty|77/100
|move|p2a: Scrafty|Dragon Tail|p1a: Basculegion|[miss]
|-miss|p2a: Scrafty|p1a: Basculegion
|
|upkeep
|turn|17
|
|t:|1757823008
|switch|p1a: Rotom|Rotom-Heat|100/100
|-damage|p1a: Rotom|76/100|[from] Stealth Rock
|move|p2a: Scrafty|Dragon Tail|p1a: Rotom|[miss]
|-miss|p2a: Scrafty|p1a: Rotom
|
|upkeep
|turn|18
|
|t:|1757823022
|switch|p2a: Escanor|Arcanine, M|100/100
|-ability|p2a: Escanor|Intimidate|boost
|-unboost|p1a: Rotom|atk|1
|-enditem|p1a: Rotom|White Herb
|-clearnegativeboost|p1a: Rotom|[silent]
|move|p1a: Rotom|Overheat|p2a: Escanor
|-resisted|p2a: Escanor
|-damage|p2a: Escanor|64/100
|-unboost|p1a: Rotom|spa|2
|
|upkeep
|turn|19
|
|t:|1757823039
|switch|p1a: Basculegion|Basculegion, M|88/100
|-damage|p1a: Basculegion|76/100|[from] Stealth Rock
|move|p2a: Escanor|Wild Charge|p1a: Basculegion
|-supereffective|p1a: Basculegion
|-damage|p1a: Basculegion|0 fnt
|faint|p1a: Basculegion
|-damage|p2a: Escanor|41/100|[from] Recoil
|
|upkeep
|
|t:|1757823046
|switch|p1a: Articuno|Articuno-Galar, shiny|100/100
|-damage|p1a: Articuno|76/100|[from] Stealth Rock
|turn|20
|
|t:|1757823074
|move|p1a: Articuno|Hurricane|p2a: Escanor
|-damage|p2a: Escanor|0 fnt
|faint|p2a: Escanor
|
|upkeep
|
|t:|1757823096
|switch|p2a: Scrafty|Scrafty, M|77/100
|-ability|p2a: Scrafty|Intimidate|boost
|-unboost|p1a: Articuno|atk|1
|-ability|p1a: Articuno|Competitive|boost
|-boost|p1a: Articuno|spa|2
|turn|21
|
|t:|1757823105
|-terastallize|p1a: Articuno|Fighting
|move|p2a: Scrafty|Fake Out|p1a: Articuno
|-damage|p1a: Articuno|60/100
|cant|p1a: Articuno|flinch
|
|upkeep
|turn|22
|
|t:|1757823122
|move|p1a: Articuno|Hurricane|p2a: Scrafty
|-supereffective|p2a: Scrafty
|-damage|p2a: Scrafty|0 fnt
|faint|p2a: Scrafty
|
|upkeep
|
|t:|1757823126
|switch|p2a: Chesire|Gengar, M|100/100
|-item|p2a: Chesire|Air Balloon
|turn|23
|
|t:|1757823138
|-terastallize|p2a: Chesire|Fairy
|move|p1a: Articuno|Hurricane|p2a: Chesire
|-damage|p2a: Chesire|0 fnt
|-enditem|p2a: Chesire|Air Balloon
|faint|p2a: Chesire
|
|win|MAGAboominGOOCH
|l|☆mood1e
|player|p2|
