|j|☆Dariokemontraining
|j|☆Albertsux2007
|t:|1757844160
|gametype|singles
|player|p1|Dariokemontraining|170|1478
|player|p2|Albertsux2007|camper|1463
|gen|9
|tier|[Gen 9] OU
|rated|
|rule|HP Percentage Mod: HP is shown in percentages
|rule|Endless Battle Clause: Forcing endless battles is banned
|rule|Species Clause: Limit one of each Pokémon
|rule|OHKO Clause: OHKO moves are banned
|rule|Evasion Items Clause: Evasion items are banned
|rule|Evasion Moves Clause: Evasion moves are banned
|rule|Evasion Abilities Clause: Evasion abilities are banned
|rule|Sleep Moves Clause: Sleep-inducing moves are banned
|clearpoke
|poke|p1|Darkrai|
|poke|p1|Iron Treads|
|poke|p1|Latias, F|
|poke|p1|Dragonite, F|
|poke|p1|Dragapult, F|
|poke|p1|Ogerpon-Wellspring, F|
|poke|p2|Kingambit, M|
|poke|p2|Great Tusk|
|poke|p2|Cinderace, F|
|poke|p2|Corviknight, F|
|poke|p2|Kyurem|
|poke|p2|Slowking-Galar, M|
|teampreview
|inactive|Battle timer is ON: inactive players will automatically lose when time's up. (requested by Albertsux2007)
|
|t:|1757844171
|teamsize|p1|6
|teamsize|p2|6
|start
|switch|p1a: Dragapult|Dragapult, F|100/100
|switch|p2a: Cinderace|Cinderace, F|100/100
|turn|1
|
|t:|1757844182
|switch|p2a: Corviknight|Corviknight, F|100/100
|-ability|p2a: Corviknight|Pressure
|move|p1a: Dragapult|Reflect|p1a: Dragapult
|-sidestart|p1: Dariokemontraining|Reflect
|
|upkeep
|turn|2
|
|t:|1757844188
|move|p1a: Dragapult|Will-O-Wisp|p2a: Corviknight
|-status|p2a: Corviknight|brn
|move|p2a: Corviknight|U-turn|p1a: Dragapult
|-resisted|p1a: Dragapult
|-damage|p1a: Dragapult|98/100
|
|t:|1757844198
|switch|p2a: Cinderace|Cinderace, F|100/100|[from] U-turn
|
|upkeep
|turn|3
|
|t:|1757844203
|move|p1a: Dragapult|Hex|p2a: Cinderace
|-damage|p2a: Cinderace|67/100
|move|p2a: Cinderace|Will-O-Wisp|p1a: Dragapult
|-status|p1a: Dragapult|brn
|
|-damage|p1a: Dragapult|92/100 brn|[from] brn
|upkeep
|turn|4
|
|t:|1757844211
|move|p1a: Dragapult|Hex|p2a: Cinderace
|-damage|p2a: Cinderace|33/100
|move|p2a: Cinderace|Court Change|p2a: Cinderace
|-swapsideconditions
|-activate|p2a: Cinderace|move: Court Change
|
|-damage|p1a: Dragapult|86/100 brn|[from] brn
|upkeep
|turn|5
|
|t:|1757844219
|switch|p2a: Slowking|Slowking-Galar, M|100/100
|move|p1a: Dragapult|Hex|p2a: Slowking
|-supereffective|p2a: Slowking
|-damage|p2a: Slowking|70/100
|
|-damage|p1a: Dragapult|80/100 brn|[from] brn
|upkeep
|turn|6
|
|t:|1757844228
|move|p1a: Dragapult|Reflect|p1a: Dragapult
|-sidestart|p1: Dariokemontraining|Reflect
|-prepare|p2a: Slowking|Chilly Reception|[premajor]
|move|p2a: Slowking|Chilly Reception|p2a: Slowking
|-weather|Snowscape
|
|t:|1757844230
|switch|p2a: Kyurem|Kyurem|100/100|[from] Chilly Reception
|-ability|p2a: Kyurem|Pressure
|
|-weather|Snowscape|[upkeep]
|-damage|p1a: Dragapult|74/100 brn|[from] brn
|upkeep
|turn|7
|
|t:|1757844240
|move|p1a: Dragapult|Will-O-Wisp|p2a: Kyurem
|-status|p2a: Kyurem|brn
|move|p2a: Kyurem|Blizzard|p1a: Dragapult
|-supereffective|p1a: Dragapult
|-damage|p1a: Dragapult|0 fnt
|faint|p1a: Dragapult
|
|-weather|Snowscape|[upkeep]
|-damage|p2a: Kyurem|94/100 brn|[from] brn
|upkeep
|
|t:|1757844254
|switch|p1a: Latias|Latias, F|100/100
|turn|8
|
|t:|1757844263
|switch|p2a: Slowking|Slowking-Galar, M|100/100
|move|p1a: Latias|Agility|p1a: Latias
|-boost|p1a: Latias|spe|2
|
|-weather|Snowscape|[upkeep]
|-sideend|p2: Albertsux2007|Reflect
|upkeep
|turn|9
|
|t:|1757844272
|-terastallize|p1a: Latias|Poison
|move|p1a: Latias|Calm Mind|p1a: Latias
|-boost|p1a: Latias|spa|1
|-boost|p1a: Latias|spd|1
|-prepare|p2a: Slowking|Chilly Reception|[premajor]
|move|p2a: Slowking|Chilly Reception|p2a: Slowking
|
|t:|1757844285
|switch|p2a: Kingambit|Kingambit, M|100/100|[from] Chilly Reception
|
|-weather|Snowscape|[upkeep]
|upkeep
|turn|10
|
|t:|1757844292
|-terastallize|p2a: Kingambit|Fairy
|move|p1a: Latias|Calm Mind|p1a: Latias
|-boost|p1a: Latias|spa|1
|-boost|p1a: Latias|spd|1
|move|p2a: Kingambit|Kowtow Cleave|p1a: Latias
|-damage|p1a: Latias|84/100
|
|-weather|none
|upkeep
|turn|11
|
|t:|1757844302
|move|p1a: Latias|Calm Mind|p1a: Latias
|-boost|p1a: Latias|spa|1
|-boost|p1a: Latias|spd|1
|move|p2a: Kingambit|Swords Dance|p2a: Kingambit
|-boost|p2a: Kingambit|atk|2
|
|upkeep
|turn|12
|
|t:|1757844308
|move|p1a: Latias|Stored Power|p2a: Kingambit
|-damage|p2a: Kingambit|0 fnt
|faint|p2a: Kingambit
|-end|p2a: Kingambit|fallenundefined|[silent]
|
|upkeep
|-message|Albertsux2007 forfeited.
|
|win|Dariokemontraining
|raw|Dariokemontraining's rating: 1478 &rarr; <strong>1497</strong><br />(+19 for winning)
|raw|Albertsux2007's rating: 1463 &rarr; <strong>1444</strong><br />(-19 for losing)
|l|☆Albertsux2007
|player|p2|
|c|☆Dariokemontraining|That tera was an issue for u
|c|☆Dariokemontraining|gg
|l|☆Dariokemontraining
|player|p1|
