|j|☆SuperiorPangoro
|j|☆Astonished25
|t:|1757901354
|gametype|singles
|player|p1|SuperiorPangoro|ghetsis|
|player|p2|Astonished25|265|
|gen|9
|tier|[Gen 9] OU
|rule|HP Percentage Mod: HP is shown in percentages
|rule|Endless Battle Clause: Forcing endless battles is banned
|rule|Species Clause: Limit one of each Pokémon
|rule|OHKO Clause: OHKO moves are banned
|rule|Evasion Items Clause: Evasion items are banned
|rule|Evasion Moves Clause: Evasion moves are banned
|rule|Evasion Abilities Clause: Evasion abilities are banned
|rule|Sleep Moves Clause: Sleep-inducing moves are banned
|clearpoke
|poke|p1|Chesnaught, M|
|poke|p1|Meowscarada, F|
|poke|p1|Clodsire, M|
|poke|p1|Great Tusk|
|poke|p1|Gholdengo|
|poke|p1|Walking Wake|
|poke|p2|Ogerpon-Wellspring, F|
|poke|p2|Rillaboom, F|
|poke|p2|Iron Moth|
|poke|p2|Hawlucha, F|
|poke|p2|Raging Bolt|
|poke|p2|Iron Treads|
|teampreview
|inactive|Battle timer is ON: inactive players will automatically lose when time's up. (requested by Astonished25)
|inactive|SuperiorPangoro also wants the timer to be on.
|
|t:|1757901366
|teamsize|p1|6
|teamsize|p2|6
|start
|switch|p1a: Meowscarada|Meowscarada, F|100/100
|switch|p2a: Rillaboom|Rillaboom, F|100/100
|-fieldstart|move: Grassy Terrain|[from] ability: Grassy Surge|[of] p2a: Rillaboom
|turn|1
|
|t:|1757901384
|move|p1a: Meowscarada|U-turn|p2a: Rillaboom
|-start|p1a: Meowscarada|typechange|Bug|[from] ability: Protean
|-supereffective|p2a: Rillaboom
|-damage|p2a: Rillaboom|34/100
|
|t:|1757901391
|switch|p1a: Chesnaught|Chesnaught, M|100/100|[from] U-turn
|move|p2a: Rillaboom|U-turn|p1a: Chesnaught
|-damage|p1a: Chesnaught|87/100
|-damage|p2a: Rillaboom|17/100|[from] item: Rocky Helmet|[of] p1a: Chesnaught
|
|t:|1757901406
|switch|p2a: Hawlucha|Hawlucha, F|100/100|[from] U-turn
|-enditem|p2a: Hawlucha|Grassy Seed
|-boost|p2a: Hawlucha|def|1|[from] item: Grassy Seed
|
|-heal|p1a: Chesnaught|93/100|[from] Grassy Terrain
|upkeep
|turn|2
|inactive|SuperiorPangoro has 270 seconds left.
|
|t:|1757901454
|switch|p1a: Great Tusk|Great Tusk|100/100
|move|p2a: Hawlucha|Swords Dance|p2a: Hawlucha
|-boost|p2a: Hawlucha|atk|2
|
|upkeep
|turn|3
|
|t:|1757901474
|move|p2a: Hawlucha|Acrobatics|p1a: Great Tusk
|-supereffective|p1a: Great Tusk
|-damage|p1a: Great Tusk|0 fnt
|faint|p1a: Great Tusk
|-end|p1a: Great Tusk|Protosynthesis|[silent]
|
|upkeep
|
|t:|1757901482
|switch|p1a: Walking Wake|Walking Wake|100/100
|turn|4
|
|t:|1757901491
|-terastallize|p1a: Walking Wake|Fairy
|move|p2a: Hawlucha|Acrobatics|p1a: Walking Wake
|-damage|p1a: Walking Wake|0 fnt
|faint|p1a: Walking Wake
|-end|p1a: Walking Wake|Protosynthesis|[silent]
|
|upkeep
|
|t:|1757901499
|switch|p1a: Gholdengo|Gholdengo|100/100
|turn|5
|
|t:|1757901508
|move|p2a: Hawlucha|Acrobatics|p1a: Gholdengo
|-resisted|p1a: Gholdengo
|-damage|p1a: Gholdengo|52/100
|move|p1a: Gholdengo|Make It Rain|p2a: Hawlucha
|-damage|p2a: Hawlucha|0 fnt
|-unboost|p1a: Gholdengo|spa|1
|faint|p2a: Hawlucha
|
|-heal|p1a: Gholdengo|58/100|[from] Grassy Terrain
|upkeep
|inactive|Astonished25 has 270 seconds left.
|
|t:|1757901559
|switch|p2a: Iron Moth|Iron Moth|100/100
|-enditem|p2a: Iron Moth|Booster Energy
|-activate|p2a: Iron Moth|ability: Quark Drive|[fromitem]
|-start|p2a: Iron Moth|quarkdrivespe
|turn|6
|
|t:|1757901570
|switch|p1a: Clodsire|Clodsire, M|100/100
|move|p2a: Iron Moth|Substitute|p2a: Iron Moth
|-start|p2a: Iron Moth|Substitute
|-damage|p2a: Iron Moth|76/100
|
|-heal|p2a: Iron Moth|82/100|[from] Grassy Terrain
|upkeep
|turn|7
|inactive|Astonished25 has 240 seconds left.
|
|t:|1757901602
|move|p2a: Iron Moth|Energy Ball|p1a: Clodsire
|-damage|p1a: Clodsire|78/100
|move|p1a: Clodsire|Earthquake|p2a: Iron Moth
|-supereffective|p2a: Iron Moth
|-end|p2a: Iron Moth|Substitute
|
|-heal|p2a: Iron Moth|88/100|[from] Grassy Terrain
|-heal|p1a: Clodsire|84/100|[from] Grassy Terrain
|upkeep
|turn|8
|
|t:|1757901617
|-terastallize|p2a: Iron Moth|Grass
|move|p2a: Iron Moth|Energy Ball|p1a: Clodsire
|-damage|p1a: Clodsire|50/100
|move|p1a: Clodsire|Earthquake|p2a: Iron Moth
|-resisted|p2a: Iron Moth
|-damage|p2a: Iron Moth|77/100
|
|-heal|p2a: Iron Moth|83/100|[from] Grassy Terrain
|-heal|p1a: Clodsire|56/100|[from] Grassy Terrain
|-fieldend|move: Grassy Terrain
|upkeep
|turn|9
|
|t:|1757901632
|move|p2a: Iron Moth|Substitute|p2a: Iron Moth
|-start|p2a: Iron Moth|Substitute
|-damage|p2a: Iron Moth|58/100
|move|p1a: Clodsire|Recover|p1a: Clodsire
|-heal|p1a: Clodsire|100/100
|
|upkeep
|turn|10
|
|t:|1757901652
|move|p2a: Iron Moth|Energy Ball|p1a: Clodsire
|-damage|p1a: Clodsire|77/100
|move|p1a: Clodsire|Poison Jab|p2a: Iron Moth
|-supereffective|p2a: Iron Moth
|-end|p2a: Iron Moth|Substitute
|
|upkeep
|turn|11
|
|t:|1757901662
|move|p2a: Iron Moth|Fiery Dance|p1a: Clodsire
|-damage|p1a: Clodsire|54/100
|move|p1a: Clodsire|Poison Jab|p2a: Iron Moth
|-supereffective|p2a: Iron Moth
|-damage|p2a: Iron Moth|0 fnt
|faint|p2a: Iron Moth
|-end|p2a: Iron Moth|Quark Drive|[silent]
|
|upkeep
|
|t:|1757901665
|switch|p2a: Iron Treads|Iron Treads|100/100
|-enditem|p2a: Iron Treads|Booster Energy
|-activate|p2a: Iron Treads|ability: Quark Drive|[fromitem]
|-start|p2a: Iron Treads|quarkdrivespe
|turn|12
|
|t:|1757901674
|switch|p1a: Chesnaught|Chesnaught, M|93/100
|move|p2a: Iron Treads|Earth Power|p1a: Chesnaught
|-resisted|p1a: Chesnaught
|-damage|p1a: Chesnaught|80/100
|
|upkeep
|turn|13
|
|t:|1757901686
|move|p2a: Iron Treads|Steel Beam|p1a: Chesnaught
|-damage|p1a: Chesnaught|35/100
|-damage|p2a: Iron Treads|50/100|[from] steelbeam
|move|p1a: Chesnaught|Body Press|p2a: Iron Treads
|-supereffective|p2a: Iron Treads
|-damage|p2a: Iron Treads|0 fnt
|faint|p2a: Iron Treads
|-end|p2a: Iron Treads|Quark Drive|[silent]
|
|upkeep
|inactive|Astonished25 has 270 seconds left.
|
|t:|1757901698
|switch|p2a: Rillaboom|Rillaboom, F|17/100
|-fieldstart|move: Grassy Terrain|[from] ability: Grassy Surge|[of] p2a: Rillaboom
|turn|14
|
|t:|1757901706
|move|p2a: Rillaboom|U-turn|p1a: Chesnaught
|-damage|p1a: Chesnaught|19/100
|-damage|p2a: Rillaboom|1/100|[from] item: Rocky Helmet|[of] p1a: Chesnaught
|
|t:|1757901716
|switch|p2a: Raging Bolt|Raging Bolt|100/100|[from] U-turn
|-enditem|p2a: Raging Bolt|Booster Energy
|-activate|p2a: Raging Bolt|ability: Protosynthesis|[fromitem]
|-start|p2a: Raging Bolt|protosynthesisspa
|move|p1a: Chesnaught|Synthesis|p1a: Chesnaught
|-heal|p1a: Chesnaught|69/100
|
|-heal|p1a: Chesnaught|75/100|[from] Grassy Terrain
|upkeep
|turn|15
|
|t:|1757901741
|switch|p1a: Gholdengo|Gholdengo|58/100
|move|p2a: Raging Bolt|Calm Mind|p2a: Raging Bolt
|-boost|p2a: Raging Bolt|spa|1
|-boost|p2a: Raging Bolt|spd|1
|
|-heal|p1a: Gholdengo|64/100|[from] Grassy Terrain
|upkeep
|turn|16
|
|t:|1757901761
|move|p2a: Raging Bolt|Thunderclap||[still]
|-fail|p2a: Raging Bolt
|move|p1a: Gholdengo|Trick|p2a: Raging Bolt
|-activate|p1a: Gholdengo|move: Trick|[of] p2a: Raging Bolt
|-item|p2a: Raging Bolt|Choice Specs|[from] move: Trick
|-enditem|p1a: Gholdengo|Choice Specs|[silent]|[from] move: Trick
|
|-heal|p1a: Gholdengo|70/100|[from] Grassy Terrain
|upkeep
|turn|17
|
|t:|1757901769
|move|p2a: Raging Bolt|Dragon Pulse|p1a: Gholdengo
|-resisted|p1a: Gholdengo
|-damage|p1a: Gholdengo|1/100
|move|p1a: Gholdengo|Recover|p1a: Gholdengo
|-heal|p1a: Gholdengo|51/100
|
|-heal|p1a: Gholdengo|57/100|[from] Grassy Terrain
|upkeep
|turn|18
|inactive|SuperiorPangoro has 270 seconds left.
|
|t:|1757901796
|move|p2a: Raging Bolt|Dragon Pulse|p1a: Gholdengo
|-resisted|p1a: Gholdengo
|-damage|p1a: Gholdengo|0 fnt
|faint|p1a: Gholdengo
|
|upkeep
|inactive|SuperiorPangoro has 270 seconds left.
|
|t:|1757901810
|switch|p1a: Meowscarada|Meowscarada, F|100/100
|turn|19
|inactive|SuperiorPangoro has 270 seconds left.
|
|t:|1757901821
|move|p1a: Meowscarada|U-turn|p2a: Raging Bolt
|-start|p1a: Meowscarada|typechange|Bug|[from] ability: Protean
|-damage|p2a: Raging Bolt|70/100
|
|t:|1757901827
|switch|p1a: Clodsire|Clodsire, M|54/100|[from] U-turn
|move|p2a: Raging Bolt|Dragon Pulse|p1a: Clodsire
|-damage|p1a: Clodsire|9/100
|
|-heal|p2a: Raging Bolt|76/100|[from] Grassy Terrain
|-heal|p1a: Clodsire|15/100|[from] Grassy Terrain
|upkeep
|turn|20
|inactive|SuperiorPangoro has 270 seconds left.
|
|t:|1757901840
|move|p2a: Raging Bolt|Dragon Pulse|p1a: Clodsire
|-crit|p1a: Clodsire
|-damage|p1a: Clodsire|0 fnt
|faint|p1a: Clodsire
|
|-heal|p2a: Raging Bolt|83/100|[from] Grassy Terrain
|upkeep
|inactive|SuperiorPangoro has 270 seconds left.
|
|t:|1757901848
|switch|p1a: Meowscarada|Meowscarada, F|100/100
|turn|21
|
|t:|1757901851
|move|p1a: Meowscarada|Knock Off|p2a: Raging Bolt
|-start|p1a: Meowscarada|typechange|Dark|[from] ability: Protean
|-damage|p2a: Raging Bolt|37/100
|-enditem|p2a: Raging Bolt|Choice Specs|[from] move: Knock Off|[of] p1a: Meowscarada
|move|p2a: Raging Bolt|Dragon Pulse|p1a: Meowscarada
|-damage|p1a: Meowscarada|0 fnt
|faint|p1a: Meowscarada
|
|-heal|p2a: Raging Bolt|43/100|[from] Grassy Terrain
|-fieldend|move: Grassy Terrain
|upkeep
|
|t:|1757901865
|switch|p1a: Chesnaught|Chesnaught, M|75/100
|turn|22
|
|t:|1757901872
|move|p2a: Raging Bolt|Dragon Pulse|p1a: Chesnaught
|-damage|p1a: Chesnaught|0 fnt
|faint|p1a: Chesnaught
|
|win|Astonished25
|l|☆SuperiorPangoro
|player|p1|
