|j|☆SandleSniffer
|j|☆capitolg
|t:|1757941657
|gametype|singles
|player|p1|SandleSniffer|waiter-gen4|1157
|player|p2|capitolg|bellelba|1205
|gen|9
|tier|[Gen 9] OU
|rated|
|rule|HP Percentage Mod: HP is shown in percentages
|rule|Endless Battle Clause: Forcing endless battles is banned
|rule|Species Clause: Limit one of each Pokémon
|rule|OHKO Clause: OHKO moves are banned
|rule|Evasion Items Clause: Evasion items are banned
|rule|Evasion Moves Clause: Evasion moves are banned
|rule|Evasion Abilities Clause: Evasion abilities are banned
|rule|Sleep Moves Clause: Sleep-inducing moves are banned
|clearpoke
|poke|p1|Galvantula, M|
|poke|p1|Eelektross, F|
|poke|p1|Luxray, M|
|poke|p1|Toxtricity, M|
|poke|p1|Lanturn, F|
|poke|p1|Rotom-Wash|
|poke|p2|Vikavolt, F|
|poke|p2|Articuno-Galar|
|poke|p2|Smeargle, M|
|poke|p2|Empoleon, F|
|poke|p2|Passimian, M|
|poke|p2|Dusknoir, F|
|teampreview
|
|t:|1757941676
|teamsize|p1|6
|teamsize|p2|6
|start
|switch|p1a: Lanturn|Lanturn, F|100/100
|switch|p2a: Vikavolt|Vikavolt, F|100/100
|turn|1
|inactive|Battle timer is ON: inactive players will automatically lose when time's up. (requested by capitolg)
|
|t:|1757941682
|move|p1a: Lanturn|Scald|p2a: Vikavolt
|-damage|p2a: Vikavolt|53/100
|-status|p2a: Vikavolt|brn
|move|p2a: Vikavolt|Sticky Web|p1a: Lanturn
|-sidestart|p1: SandleSniffer|move: Sticky Web
|
|-damage|p2a: Vikavolt|46/100 brn|[from] brn
|upkeep
|turn|2
|
|t:|1757941686
|move|p1a: Lanturn|Scald|p2a: Vikavolt
|-damage|p2a: Vikavolt|0 fnt
|faint|p2a: Vikavolt
|
|upkeep
|
|t:|1757941689
|switch|p2a: Smeargle|Smeargle, M|100/100
|turn|3
|
|t:|1757941692
|move|p1a: Lanturn|Scald|p2a: Smeargle
|-damage|p2a: Smeargle|59/100
|-status|p2a: Smeargle|brn
|move|p2a: Smeargle|Trick Room|p2a: Smeargle
|-fieldstart|move: Trick Room|[of] p2a: Smeargle
|
|-damage|p2a: Smeargle|53/100 brn|[from] brn
|upkeep
|turn|4
|
|t:|1757941700
|move|p2a: Smeargle|Court Change|p2a: Smeargle
|-swapsideconditions
|-activate|p2a: Smeargle|move: Court Change
|move|p1a: Lanturn|Scald|p2a: Smeargle
|-damage|p2a: Smeargle|11/100 brn
|
|-damage|p2a: Smeargle|5/100 brn|[from] brn
|upkeep
|turn|5
|
|t:|1757941720
|move|p2a: Smeargle|Taunt|p1a: Lanturn
|-start|p1a: Lanturn|move: Taunt
|move|p1a: Lanturn|Scald|p2a: Smeargle
|-damage|p2a: Smeargle|0 fnt
|faint|p2a: Smeargle
|
|upkeep
|
|t:|1757941723
|switch|p2a: Passimian|Passimian, M|100/100
|-activate|p2a: Passimian|move: Sticky Web
|-unboost|p2a: Passimian|spe|1
|-ability|p2a: Passimian|Defiant|boost
|-boost|p2a: Passimian|atk|2
|turn|6
|inactive|SandleSniffer has 120 seconds left.
|
|t:|1757941753
|move|p2a: Passimian|Earthquake|p1a: Lanturn
|-supereffective|p1a: Lanturn
|-damage|p1a: Lanturn|0 fnt
|faint|p1a: Lanturn
|
|upkeep
|inactive|SandleSniffer has 120 seconds left.
|
|t:|1757941761
|switch|p1a: Galvantula|Galvantula, M|100/100
|turn|7
|
|t:|1757941764
|move|p2a: Passimian|Acrobatics|p1a: Galvantula
|-damage|p1a: Galvantula|37/100
|move|p1a: Galvantula|Thunder Wave|p2a: Passimian
|-status|p2a: Passimian|par
|
|-fieldend|move: Trick Room
|upkeep
|turn|8
|
|t:|1757941772
|move|p1a: Galvantula|Thunder|p2a: Passimian
|-damage|p2a: Passimian|41/100 par
|-enditem|p2a: Passimian|Sitrus Berry|[eat]
|-heal|p2a: Passimian|66/100 par|[from] item: Sitrus Berry
|move|p2a: Passimian|Acrobatics|p1a: Galvantula
|-damage|p1a: Galvantula|0 fnt
|faint|p1a: Galvantula
|
|upkeep
|inactive|SandleSniffer has 120 seconds left.
|
|t:|1757941799
|switch|p1a: Rotom|Rotom-Wash|100/100
|turn|9
|
|t:|1757941804
|move|p1a: Rotom|Hydro Pump|p2a: Passimian
|-damage|p2a: Passimian|14/100 par
|move|p2a: Passimian|Facade|p1a: Rotom
|-damage|p1a: Rotom|0 fnt
|-damage|p2a: Passimian|0 fnt|[from] item: Rocky Helmet|[of] p1a: Rotom
|faint|p1a: Rotom
|faint|p2a: Passimian
|
|upkeep
|
|t:|1757941811
|switch|p1a: Toxtricity|Toxtricity, M|100/100
|switch|p2a: Dusknoir|Dusknoir, F|100/100
|-activate|p2a: Dusknoir|move: Sticky Web
|-unboost|p2a: Dusknoir|spe|1
|-item|p1a: Toxtricity|Choice Scarf|[from] ability: Frisk|[of] p2a: Dusknoir
|turn|10
|
|t:|1757941814
|move|p1a: Toxtricity|Volt Switch|p2a: Dusknoir
|-damage|p2a: Dusknoir|57/100
|
|t:|1757941820
|switch|p1a: Eelektross|Eelektross, F|100/100|[from] Volt Switch
|move|p2a: Dusknoir|Trick Room|p2a: Dusknoir
|-fieldstart|move: Trick Room|[of] p2a: Dusknoir
|
|upkeep
|turn|11
|
|t:|1757941827
|move|p2a: Dusknoir|Poltergeist|p1a: Eelektross|[miss]
|-miss|p2a: Dusknoir|p1a: Eelektross
|move|p1a: Eelektross|Thunder Punch|p2a: Dusknoir
|-damage|p2a: Dusknoir|26/100
|
|upkeep
|turn|12
|
|t:|1757941830
|move|p2a: Dusknoir|Poltergeist|p1a: Eelektross
|-activate|p1a: Eelektross|move: Poltergeist|Assault Vest
|-damage|p1a: Eelektross|52/100
|move|p1a: Eelektross|Thunder Punch|p2a: Dusknoir
|-damage|p2a: Dusknoir|0 fnt
|faint|p2a: Dusknoir
|
|upkeep
|
|t:|1757941836
|switch|p2a: Empoleon|Empoleon, F|100/100
|-activate|p2a: Empoleon|move: Sticky Web
|-unboost|p2a: Empoleon|spe|1
|-ability|p2a: Empoleon|Competitive|boost
|-boost|p2a: Empoleon|spa|2
|turn|13
|
|t:|1757941841
|move|p2a: Empoleon|Surf|p1a: Eelektross
|-damage|p1a: Eelektross|0 fnt
|faint|p1a: Eelektross
|
|upkeep
|
|t:|1757941854
|switch|p1a: Luxray|Luxray, M|100/100
|turn|14
|
|t:|1757941857
|move|p2a: Empoleon|Surf|p1a: Luxray
|-damage|p1a: Luxray|0 fnt
|faint|p1a: Luxray
|
|-fieldend|move: Trick Room
|upkeep
|
|t:|1757941859
|switch|p1a: Toxtricity|Toxtricity, M|100/100
|turn|15
|
|t:|1757941864
|move|p1a: Toxtricity|Overdrive|p2a: Empoleon
|-supereffective|p2a: Empoleon
|-damage|p2a: Empoleon|31/100
|move|p2a: Empoleon|Surf|p1a: Toxtricity
|-damage|p1a: Toxtricity|0 fnt
|faint|p1a: Toxtricity
|
|win|capitolg
|raw|SandleSniffer's rating: 1157 &rarr; <strong>1135</strong><br />(-22 for losing)
|raw|capitolg's rating: 1205 &rarr; <strong>1227</strong><br />(+22 for winning)
|l|☆capitolg
|player|p2|
|l|☆SandleSniffer
|player|p1|
