|j|☆kaneliii
|j|☆kmater
|t:|1757842562
|gametype|singles
|player|p1|kaneliii|2|1207
|player|p2|kmater|steven|1186
|gen|9
|tier|[Gen 9] OU
|rated|
|rule|HP Percentage Mod: HP is shown in percentages
|rule|Endless Battle Clause: Forcing endless battles is banned
|rule|Species Clause: Limit one of each Pokémon
|rule|OHKO Clause: OHKO moves are banned
|rule|Evasion Items Clause: Evasion items are banned
|rule|Evasion Moves Clause: Evasion moves are banned
|rule|Evasion Abilities Clause: Evasion abilities are banned
|rule|Sleep Moves Clause: Sleep-inducing moves are banned
|clearpoke
|poke|p1|Milotic, M|
|poke|p1|Iron Treads|
|poke|p1|Vileplume, F|
|poke|p1|Latias, F|
|poke|p1|Ampharos, F|
|poke|p1|Heracross, F|
|poke|p2|Cinderace, M|
|poke|p2|Greninja-*, M|
|poke|p2|Arboliva, F|
|poke|p2|Cloyster, F|
|poke|p2|Chandelure, M|
|poke|p2|Rabsca, F|
|teampreview
|inactive|Battle timer is ON: inactive players will automatically lose when time's up. (requested by kmater)
|
|t:|1757842594
|teamsize|p1|6
|teamsize|p2|6
|start
|switch|p1a: Iron Treads|Iron Treads|100/100
|switch|p2a: Chandelure|Chandelure, M, shiny|100/100
|-enditem|p1a: Iron Treads|Booster Energy
|-activate|p1a: Iron Treads|ability: Quark Drive|[fromitem]
|-start|p1a: Iron Treads|quarkdriveatk
|turn|1
|
|t:|1757842603
|move|p2a: Chandelure|Flamethrower|p1a: Iron Treads
|-supereffective|p1a: Iron Treads
|-damage|p1a: Iron Treads|0 fnt
|faint|p1a: Iron Treads
|-end|p1a: Iron Treads|Quark Drive|[silent]
|
|upkeep
|
|t:|1757842608
|switch|p1a: Milotic|Milotic, M|100/100
|turn|2
|
|t:|1757842612
|switch|p2a: Arboliva|Arboliva, F, shiny|100/100
|move|p1a: Milotic|Flip Turn|p2a: Arboliva
|-resisted|p2a: Arboliva
|-damage|p2a: Arboliva|95/100
|
|t:|1757842616
|switch|p1a: Vileplume|Vileplume, F|100/100|[from] Flip Turn
|
|upkeep
|turn|3
|
|t:|1757842624
|move|p1a: Vileplume|Sludge Bomb|p2a: Arboliva
|-supereffective|p2a: Arboliva
|-damage|p2a: Arboliva|39/100
|-enditem|p2a: Arboliva|Sitrus Berry|[eat]
|-heal|p2a: Arboliva|64/100|[from] item: Sitrus Berry
|move|p2a: Arboliva|Tera Blast|p1a: Vileplume
|-damage|p1a: Vileplume|66/100
|
|-item|p2a: Arboliva|Sitrus Berry|[from] ability: Harvest
|upkeep
|turn|4
|
|t:|1757842635
|move|p1a: Vileplume|Energy Ball|p2a: Arboliva
|-resisted|p2a: Arboliva
|-crit|p2a: Arboliva
|-damage|p2a: Arboliva|43/100
|-enditem|p2a: Arboliva|Sitrus Berry|[eat]
|-heal|p2a: Arboliva|68/100|[from] item: Sitrus Berry
|move|p2a: Arboliva|Tera Blast|p1a: Vileplume
|-damage|p1a: Vileplume|32/100
|
|upkeep
|turn|5
|
|t:|1757842645
|move|p1a: Vileplume|Sludge Bomb|p2a: Arboliva
|-supereffective|p2a: Arboliva
|-damage|p2a: Arboliva|7/100
|move|p2a: Arboliva|Tera Blast|p1a: Vileplume
|-damage|p1a: Vileplume|0 fnt
|faint|p1a: Vileplume
|
|-item|p2a: Arboliva|Sitrus Berry|[from] ability: Harvest
|upkeep
|-enditem|p2a: Arboliva|Sitrus Berry|[eat]
|-heal|p2a: Arboliva|31/100|[from] item: Sitrus Berry
|
|t:|1757842655
|switch|p1a: Milotic|Milotic, M|100/100
|turn|6
|
|t:|1757842662
|move|p1a: Milotic|Ice Beam|p2a: Arboliva
|-supereffective|p2a: Arboliva
|-damage|p2a: Arboliva|0 fnt
|faint|p2a: Arboliva
|
|upkeep
|
|t:|1757842669
|switch|p2a: Cloyster|Cloyster, F|100/100
|turn|7
|
|t:|1757842673
|move|p2a: Cloyster|Shell Smash|p2a: Cloyster
|-unboost|p2a: Cloyster|def|1
|-unboost|p2a: Cloyster|spd|1
|-boost|p2a: Cloyster|atk|2
|-boost|p2a: Cloyster|spa|2
|-boost|p2a: Cloyster|spe|2
|-enditem|p2a: Cloyster|White Herb
|-clearnegativeboost|p2a: Cloyster|[silent]
|move|p1a: Milotic|Flip Turn|p2a: Cloyster
|-resisted|p2a: Cloyster
|-damage|p2a: Cloyster|96/100
|
|t:|1757842680
|switch|p1a: Ampharos|Ampharos, F|100/100|[from] Flip Turn
|
|upkeep
|turn|8
|
|t:|1757842692
|-terastallize|p1a: Ampharos|Ice
|move|p2a: Cloyster|Icicle Spear|p1a: Ampharos
|-resisted|p1a: Ampharos
|-damage|p1a: Ampharos|90/100
|-resisted|p1a: Ampharos
|-damage|p1a: Ampharos|80/100
|-resisted|p1a: Ampharos
|-damage|p1a: Ampharos|71/100
|-resisted|p1a: Ampharos
|-damage|p1a: Ampharos|60/100
|-resisted|p1a: Ampharos
|-damage|p1a: Ampharos|50/100
|-hitcount|p1a: Ampharos|5
|move|p1a: Ampharos|Discharge|p2a: Cloyster
|-supereffective|p2a: Cloyster
|-crit|p2a: Cloyster
|-damage|p2a: Cloyster|0 fnt
|faint|p2a: Cloyster
|
|upkeep
|
|t:|1757842708
|switch|p2a: Cinderace|Cinderace, M|100/100
|turn|9
|
|t:|1757842718
|switch|p1a: Latias|Latias, F, shiny|100/100
|move|p2a: Cinderace|Pyro Ball|p1a: Latias
|-resisted|p1a: Latias
|-damage|p1a: Latias|73/100
|
|-heal|p1a: Latias|79/100|[from] item: Leftovers
|upkeep
|turn|10
|
|t:|1757842723
|move|p2a: Cinderace|U-turn|p1a: Latias
|-start|p2a: Cinderace|typechange|Bug|[from] ability: Libero
|-supereffective|p1a: Latias
|-damage|p1a: Latias|16/100
|
|t:|1757842731
|switch|p2a: Rabsca|Rabsca, F, shiny|100/100|[from] U-turn
|move|p1a: Latias|Calm Mind|p1a: Latias
|-boost|p1a: Latias|spa|1
|-boost|p1a: Latias|spd|1
|
|-heal|p1a: Latias|22/100|[from] item: Leftovers
|upkeep
|turn|11
|
|t:|1757842740
|move|p1a: Latias|Dragon Pulse|p2a: Rabsca
|-damage|p2a: Rabsca|56/100
|move|p2a: Rabsca|Trick Room|p2a: Rabsca
|-fieldstart|move: Trick Room|[of] p2a: Rabsca
|
|-heal|p1a: Latias|28/100|[from] item: Leftovers
|upkeep
|turn|12
|
|t:|1757842752
|move|p2a: Rabsca|Revival Blessing|p2a: Rabsca
|-enditem|p2a: Rabsca|Leppa Berry|[eat]
|-activate|p2a: Rabsca|item: Leppa Berry|Revival Blessing|[consumed]
|
|t:|1757842757
|-heal|p2: Arboliva|50/100|[from] move: Revival Blessing
|move|p1a: Latias|Calm Mind|p1a: Latias
|-boost|p1a: Latias|spa|1
|-boost|p1a: Latias|spd|1
|
|-heal|p1a: Latias|34/100|[from] item: Leftovers
|upkeep
|turn|13
|
|t:|1757842769
|move|p2a: Rabsca|Psychic Noise|p1a: Latias
|-resisted|p1a: Latias
|-damage|p1a: Latias|28/100
|-start|p1a: Latias|move: Heal Block
|cant|p1a: Latias|move: Heal Block|Draining Kiss
|
|upkeep
|turn|14
|
|t:|1757842784
|switch|p2a: Greninja|Greninja, M|100/100
|move|p1a: Latias|Dragon Pulse|p2a: Greninja
|-enditem|p2a: Greninja|Focus Sash
|-damage|p2a: Greninja|1/100
|
|-end|p1a: Latias|move: Heal Block
|upkeep
|turn|15
|
|t:|1757842791
|move|p1a: Latias|Dragon Pulse|p2a: Greninja
|-damage|p2a: Greninja|0 fnt
|faint|p2a: Greninja
|
|-heal|p1a: Latias|34/100|[from] item: Leftovers
|-fieldend|move: Trick Room
|upkeep
|
|t:|1757842796
|switch|p2a: Chandelure|Chandelure, M, shiny|100/100
|turn|16
|
|t:|1757842800
|move|p2a: Chandelure|Shadow Ball|p1a: Latias
|-supereffective|p1a: Latias
|-damage|p1a: Latias|0 fnt
|faint|p1a: Latias
|
|upkeep
|
|t:|1757842804
|switch|p1a: Heracross|Heracross, F|100/100
|turn|17
|
|t:|1757842810
|switch|p2a: Cinderace|Cinderace, M|100/100
|move|p1a: Heracross|Knock Off|p2a: Cinderace
|-damage|p2a: Cinderace|57/100
|-enditem|p2a: Cinderace|Heavy-Duty Boots|[from] move: Knock Off|[of] p1a: Heracross
|
|upkeep
|turn|18
|
|t:|1757842817
|switch|p1a: Milotic|Milotic, M|100/100
|move|p2a: Cinderace|Pyro Ball|p1a: Milotic
|-resisted|p1a: Milotic
|-damage|p1a: Milotic|77/100
|
|-heal|p1a: Milotic|83/100|[from] item: Leftovers
|upkeep
|turn|19
|
|t:|1757842822
|move|p2a: Cinderace|U-turn|p1a: Milotic
|-start|p2a: Cinderace|typechange|Bug|[from] ability: Libero
|-damage|p1a: Milotic|55/100
|
|t:|1757842826
|switch|p2a: Arboliva|Arboliva, F, shiny|50/100|[from] U-turn
|move|p1a: Milotic|Flip Turn|p2a: Arboliva
|-resisted|p2a: Arboliva
|-damage|p2a: Arboliva|45/100
|
|t:|1757842829
|switch|p1a: Heracross|Heracross, F|100/100|[from] Flip Turn
|
|-item|p2a: Arboliva|Sitrus Berry|[from] ability: Harvest
|upkeep
|-enditem|p2a: Arboliva|Sitrus Berry|[eat]
|-heal|p2a: Arboliva|70/100|[from] item: Sitrus Berry
|turn|20
|
|t:|1757842843
|-terastallize|p2a: Arboliva|Fire
|move|p1a: Heracross|Knock Off|p2a: Arboliva
|-damage|p2a: Arboliva|49/100
|move|p2a: Arboliva|Tera Blast|p1a: Heracross|[anim] Tera Blast Fire
|-supereffective|p1a: Heracross
|-damage|p1a: Heracross|21/100
|
|upkeep
|turn|21
|
|t:|1757842852
|switch|p1a: Milotic|Milotic, M|55/100
|move|p2a: Arboliva|Strength Sap|p1a: Milotic
|-unboost|p1a: Milotic|atk|1
|-ability|p1a: Milotic|Competitive|boost
|-boost|p1a: Milotic|spa|2
|-heal|p2a: Arboliva|96/100
|
|-heal|p1a: Milotic|61/100|[from] item: Leftovers
|-item|p2a: Arboliva|Sitrus Berry|[from] ability: Harvest
|upkeep
|turn|22
|
|t:|1757842865
|move|p1a: Milotic|Scald|p2a: Arboliva
|-supereffective|p2a: Arboliva
|-damage|p2a: Arboliva|3/100
|-enditem|p2a: Arboliva|Sitrus Berry|[eat]
|-heal|p2a: Arboliva|27/100|[from] item: Sitrus Berry
|move|p2a: Arboliva|Tera Blast|p1a: Milotic|[anim] Tera Blast Fire
|-resisted|p1a: Milotic
|-damage|p1a: Milotic|49/100
|
|-heal|p1a: Milotic|55/100|[from] item: Leftovers
|upkeep
|turn|23
|
|t:|1757842876
|move|p1a: Milotic|Recover|p1a: Milotic
|-heal|p1a: Milotic|100/100
|move|p2a: Arboliva|Leech Seed|p1a: Milotic
|-start|p1a: Milotic|move: Leech Seed
|
|-damage|p1a: Milotic|88/100|[from] Leech Seed|[of] p2a: Arboliva
|-heal|p2a: Arboliva|44/100|[silent]
|-item|p2a: Arboliva|Sitrus Berry|[from] ability: Harvest
|upkeep
|-enditem|p2a: Arboliva|Sitrus Berry|[eat]
|-heal|p2a: Arboliva|69/100|[from] item: Sitrus Berry
|turn|24
|
|t:|1757842888
|move|p1a: Milotic|Scald|p2a: Arboliva
|-supereffective|p2a: Arboliva
|-damage|p2a: Arboliva|0 fnt
|faint|p2a: Arboliva
|
|-heal|p1a: Milotic|94/100|[from] item: Leftovers
|upkeep
|
|t:|1757842900
|switch|p2a: Rabsca|Rabsca, F, shiny|56/100
|turn|25
|
|t:|1757842910
|move|p1a: Milotic|Scald|p2a: Rabsca
|-damage|p2a: Rabsca|10/100
|move|p2a: Rabsca|Psychic Noise|p1a: Milotic
|-damage|p1a: Milotic|69/100
|-start|p1a: Milotic|move: Heal Block
|
|-damage|p1a: Milotic|57/100|[from] Leech Seed|[of] p2a: Rabsca
|-heal|p2a: Rabsca|27/100|[silent]
|upkeep
|turn|26
|
|t:|1757842920
|move|p1a: Milotic|Scald|p2a: Rabsca
|-damage|p2a: Rabsca|0 fnt
|faint|p2a: Rabsca
|
|-end|p1a: Milotic|move: Heal Block
|upkeep
|
|t:|1757842924
|switch|p2a: Chandelure|Chandelure, M, shiny|100/100
|turn|27
|
|t:|1757842934
|move|p2a: Chandelure|Shadow Ball|p1a: Milotic
|-damage|p1a: Milotic|23/100
|move|p1a: Milotic|Scald|p2a: Chandelure
|-supereffective|p2a: Chandelure
|-damage|p2a: Chandelure|0 fnt
|faint|p2a: Chandelure
|
|-heal|p1a: Milotic|29/100|[from] item: Leftovers
|upkeep
|
|t:|1757842940
|switch|p2a: Cinderace|Cinderace, M|57/100
|turn|28
|
|t:|1757842953
|move|p2a: Cinderace|High Jump Kick|p1a: Milotic|[miss]
|-start|p2a: Cinderace|typechange|Fighting|[from] ability: Libero
|-miss|p2a: Cinderace|p1a: Milotic
|-damage|p2a: Cinderace|7/100|[from] highjumpkick
|move|p1a: Milotic|Scald|p2a: Cinderace
|-damage|p2a: Cinderace|0 fnt
|faint|p2a: Cinderace
|
|win|kaneliii
|raw|kaneliii's rating: 1207 &rarr; <strong>1230</strong><br />(+23 for winning)
|raw|kmater's rating: 1186 &rarr; <strong>1163</strong><br />(-23 for losing)
|l|☆kmater
|player|p2|
|l|☆kaneliii
|player|p1|
