|j|☆ronni2
|j|☆TREMBLEB4BAST
|t:|1757832097
|gametype|singles
|player|p1|ronni2|ash|1202
|player|p2|TREMBLEB4BAST|geeta|1225
|gen|9
|tier|[Gen 9] OU
|rated|
|rule|HP Percentage Mod: HP is shown in percentages
|rule|Endless Battle Clause: Forcing endless battles is banned
|rule|Species Clause: Limit one of each Pokémon
|rule|OHKO Clause: OHKO moves are banned
|rule|Evasion Items Clause: Evasion items are banned
|rule|Evasion Moves Clause: Evasion moves are banned
|rule|Evasion Abilities Clause: Evasion abilities are banned
|rule|Sleep Moves Clause: Sleep-inducing moves are banned
|clearpoke
|poke|p1|Jolteon, M|
|poke|p1|Pelipper, M|
|poke|p1|Floatzel, F|
|poke|p1|Barraskewda, F|
|poke|p1|Scizor, F|
|poke|p1|Politoed, M|
|poke|p2|Scizor, F|
|poke|p2|Haxorus, M|
|poke|p2|Keldeo|
|poke|p2|Enamorus, F|
|poke|p2|Kingdra, M|
|poke|p2|Vikavolt, M|
|teampreview
|inactive|Battle timer is ON: inactive players will automatically lose when time's up. (requested by ronni2)
|inactive|TREMBLEB4BAST has 120 seconds left.
|
|t:|1757832154
|teamsize|p1|6
|teamsize|p2|6
|start
|switch|p1a: Politoed|Politoed, M|100/100
|switch|p2a: Lesbian|Scizor, F|100/100
|-weather|RainDance|[from] ability: Drizzle|[of] p1a: Politoed
|turn|1
|
|t:|1757832159
|move|p1a: Politoed|Surf|p2a: Lesbian
|-damage|p2a: Lesbian|28/100
|move|p2a: Lesbian|Knock Off|p1a: Politoed
|-damage|p1a: Politoed|37/100
|-enditem|p1a: Politoed|Damp Rock|[from] move: Knock Off|[of] p2a: Lesbian
|
|-weather|RainDance|[upkeep]
|upkeep
|turn|2
|
|t:|1757832166
|switch|p2a: Yakuza|Kingdra, M, shiny|100/100
|move|p1a: Politoed|Surf|p2a: Yakuza
|-resisted|p2a: Yakuza
|-damage|p2a: Yakuza|83/100
|
|-weather|RainDance|[upkeep]
|upkeep
|turn|3
|
|t:|1757832178
|move|p2a: Yakuza|Draco Meteor|p1a: Politoed
|-damage|p1a: Politoed|0 fnt
|-unboost|p2a: Yakuza|spa|2
|faint|p1a: Politoed
|
|-weather|RainDance|[upkeep]
|upkeep
|
|t:|1757832185
|switch|p1a: Floatzel|Floatzel, F|100/100
|turn|4
|
|t:|1757832196
|switch|p2a: Kingslayer|Enamorus, F|100/100
|move|p1a: Floatzel|Ice Spinner|p2a: Kingslayer
|-supereffective|p2a: Kingslayer
|-damage|p2a: Kingslayer|0 fnt
|faint|p2a: Kingslayer
|
|-weather|RainDance|[upkeep]
|upkeep
|
|t:|1757832201
|switch|p2a: Darth Blader|Haxorus, M, shiny|100/100
|-ability|p2a: Darth Blader|Mold Breaker
|turn|5
|
|t:|1757832218
|-terastallize|p2a: Darth Blader|Steel
|move|p1a: Floatzel|Ice Spinner|p2a: Darth Blader
|-resisted|p2a: Darth Blader
|-damage|p2a: Darth Blader|76/100
|move|p2a: Darth Blader|Dragon Claw|p1a: Floatzel
|-damage|p1a: Floatzel|0 fnt
|faint|p1a: Floatzel
|
|-weather|RainDance|[upkeep]
|upkeep
|
|t:|1757832228
|switch|p1a: Jolteon|Jolteon, M|100/100
|turn|6
|
|t:|1757832233
|move|p1a: Jolteon|Thunder|p2a: Darth Blader
|-damage|p2a: Darth Blader|0 fnt
|faint|p2a: Darth Blader
|-damage|p1a: Jolteon|91/100|[from] item: Life Orb
|
|-weather|RainDance|[upkeep]
|upkeep
|
|t:|1757832239
|switch|p2a: Yakuza|Kingdra, M, shiny|83/100
|turn|7
|
|t:|1757832245
|switch|p1a: Scizor|Scizor, F|100/100
|move|p2a: Yakuza|Surf|p1a: Scizor
|-damage|p1a: Scizor|30/100
|
|-weather|RainDance|[upkeep]
|upkeep
|turn|8
|
|t:|1757832251
|move|p2a: Yakuza|Surf|p1a: Scizor
|-damage|p1a: Scizor|0 fnt
|faint|p1a: Scizor
|
|-weather|none
|upkeep
|
|t:|1757832254
|switch|p1a: Barraskewda|Barraskewda, F|100/100
|turn|9
|
|t:|1757832259
|switch|p2a: Bojack|Keldeo|100/100
|move|p1a: Barraskewda|Psychic Fangs|p2a: Bojack
|-supereffective|p2a: Bojack
|-damage|p2a: Bojack|0 fnt
|faint|p2a: Bojack
|
|upkeep
|
|t:|1757832264
|switch|p2a: Yakuza|Kingdra, M, shiny|83/100
|turn|10
|
|t:|1757832266
|move|p2a: Yakuza|Draco Meteor|p1a: Barraskewda
|-damage|p1a: Barraskewda|0 fnt
|-unboost|p2a: Yakuza|spa|2
|faint|p1a: Barraskewda
|
|upkeep
|
|t:|1757832272
|switch|p1a: Jolteon|Jolteon, M|91/100
|turn|11
|
|t:|1757832276
|switch|p2a: Australian|Vikavolt, M|100/100
|move|p1a: Jolteon|Thunder|p2a: Australian
|-resisted|p2a: Australian
|-damage|p2a: Australian|74/100
|-damage|p1a: Jolteon|81/100|[from] item: Life Orb
|
|upkeep
|turn|12
|
|t:|1757832284
|move|p1a: Jolteon|Shadow Ball|p2a: Australian
|-damage|p2a: Australian|49/100
|-damage|p1a: Jolteon|71/100|[from] item: Life Orb
|move|p2a: Australian|Energy Ball|p1a: Jolteon
|-damage|p1a: Jolteon|36/100
|
|upkeep
|turn|13
|
|t:|1757832291
|switch|p2a: Yakuza|Kingdra, M, shiny|83/100
|move|p1a: Jolteon|Volt Switch|p2a: Yakuza
|-damage|p2a: Yakuza|28/100
|-damage|p1a: Jolteon|26/100|[from] item: Life Orb
|
|t:|1757832296
|switch|p1a: Pelipper|Pelipper, M|100/100|[from] Volt Switch
|-weather|RainDance|[from] ability: Drizzle|[of] p1a: Pelipper
|
|-weather|RainDance|[upkeep]
|upkeep
|turn|14
|
|t:|1757832300
|move|p2a: Yakuza|Draco Meteor|p1a: Pelipper
|-damage|p1a: Pelipper|30/100
|-unboost|p2a: Yakuza|spa|2
|move|p1a: Pelipper|Hurricane|p2a: Yakuza
|-damage|p2a: Yakuza|0 fnt
|faint|p2a: Yakuza
|
|-weather|RainDance|[upkeep]
|upkeep
|
|t:|1757832304
|switch|p2a: Lesbian|Scizor, F|28/100
|turn|15
|
|t:|1757832306
|move|p2a: Lesbian|Bullet Punch|p1a: Pelipper
|-resisted|p1a: Pelipper
|-damage|p1a: Pelipper|11/100
|move|p1a: Pelipper|Surf|p2a: Lesbian
|-damage|p2a: Lesbian|0 fnt
|faint|p2a: Lesbian
|
|-weather|RainDance|[upkeep]
|upkeep
|
|t:|1757832309
|switch|p2a: Australian|Vikavolt, M|49/100
|turn|16
|
|t:|1757832311
|move|p1a: Pelipper|Hurricane|p2a: Australian
|-damage|p2a: Australian|19/100
|move|p2a: Australian|Volt Switch|p1a: Pelipper
|-supereffective|p1a: Pelipper
|-damage|p1a: Pelipper|0 fnt
|faint|p1a: Pelipper
|
|-weather|RainDance|[upkeep]
|upkeep
|
|t:|1757832313
|switch|p1a: Jolteon|Jolteon, M|26/100
|turn|17
|
|t:|1757832315
|move|p1a: Jolteon|Weather Ball|p2a: Australian
|-damage|p2a: Australian|0 fnt
|faint|p2a: Australian
|-damage|p1a: Jolteon|16/100|[from] item: Life Orb
|
|win|ronni2
|raw|ronni2's rating: 1202 &rarr; <strong>1227</strong><br />(+25 for winning)
|raw|TREMBLEB4BAST's rating: 1203 &rarr; <strong>1178</strong><br />(-25 for losing)
|l|☆ronni2
|player|p1|
|l|☆TREMBLEB4BAST
|player|p2|
