|j|‽ZirrZonken
|j|☆z-riolu
|t:|1757868696
|gametype|singles
|player|p1|ZirrZonken|lady|1320
|player|p2|z-riolu|266|1331
|gen|9
|tier|[Gen 9] OU
|rated|
|rule|HP Percentage Mod: HP is shown in percentages
|rule|Endless Battle Clause: Forcing endless battles is banned
|rule|Species Clause: Limit one of each Pokémon
|rule|OHKO Clause: OHKO moves are banned
|rule|Evasion Items Clause: Evasion items are banned
|rule|Evasion Moves Clause: Evasion moves are banned
|rule|Evasion Abilities Clause: Evasion abilities are banned
|rule|Sleep Moves Clause: Sleep-inducing moves are banned
|clearpoke
|poke|p1|Ninetales-Alola, M|
|poke|p1|Cetitan, F|
|poke|p1|Kyurem|
|poke|p1|Sandslash-Alola, M|
|poke|p1|Moltres|
|poke|p1|Zamazenta-*|
|poke|p2|Hatterene, F|
|poke|p2|Ogerpon-Wellspring, F|
|poke|p2|Raging Bolt|
|poke|p2|Iron Valiant|
|poke|p2|Cinderace, F|
|poke|p2|Kingambit, M|
|teampreview
|inactive|Battle timer is ON: inactive players will automatically lose when time's up. (requested by ZirrZonken)
|inactive|z-riolu has 120 seconds left.
|inactive|z-riolu has 90 seconds left.
|
|t:|1757868790
|teamsize|p1|6
|teamsize|p2|6
|start
|switch|p1a: Ninetales|Ninetales-Alola, M|100/100
|switch|p2a: Hatterene|Hatterene, F|100/100
|-weather|Snowscape|[from] ability: Snow Warning|[of] p1a: Ninetales
|turn|1
|
|t:|1757868798
|move|p1a: Ninetales|Aurora Veil|p1a: Ninetales
|-sidestart|p1: ZirrZonken|move: Aurora Veil
|move|p2a: Hatterene|Mystical Fire|p1a: Ninetales
|-supereffective|p1a: Ninetales
|-damage|p1a: Ninetales|71/100
|-unboost|p1a: Ninetales|spa|1
|
|-weather|Snowscape|[upkeep]
|upkeep
|turn|2
|inactive|ZirrZonken has 120 seconds left.
|
|t:|1757868840
|move|p1a: Ninetales|Blizzard|p2a: Hatterene
|-damage|p2a: Hatterene|82/100
|move|p2a: Hatterene|Mystical Fire|p1a: Ninetales
|-supereffective|p1a: Ninetales
|-damage|p1a: Ninetales|40/100
|-unboost|p1a: Ninetales|spa|1
|
|-weather|Snowscape|[upkeep]
|upkeep
|turn|3
|
|t:|1757868852
|switch|p1a: Moltres|Moltres|100/100
|move|p2a: Hatterene|Nuzzle|p1a: Moltres
|-supereffective|p1a: Moltres
|-damage|p1a: Moltres|96/100
|-status|p1a: Moltres|par
|-status|p2a: Hatterene|brn|[from] ability: Flame Body|[of] p1a: Moltres
|
|-weather|Snowscape|[upkeep]
|-damage|p2a: Hatterene|76/100 brn|[from] brn
|upkeep
|turn|4
|inactive|ZirrZonken has 120 seconds left.
|
|t:|1757868864
|switch|p2a: Raging Bolt|Raging Bolt|100/100
|move|p1a: Moltres|U-turn|p2a: Raging Bolt
|-damage|p2a: Raging Bolt|86/100
|inactive|ZirrZonken has 120 seconds left.
|
|t:|1757868875
|switch|p1a: Kyurem|Kyurem|100/100|[from] U-turn
|-ability|p1a: Kyurem|Pressure
|
|-weather|Snowscape|[upkeep]
|upkeep
|turn|5
|
|t:|1757868890
|move|p1a: Kyurem|Blizzard|p2a: Raging Bolt
|-supereffective|p2a: Raging Bolt
|-damage|p2a: Raging Bolt|0 fnt
|faint|p2a: Raging Bolt
|-end|p2a: Raging Bolt|Protosynthesis|[silent]
|
|-weather|Snowscape|[upkeep]
|-sideend|p1: ZirrZonken|move: Aurora Veil
|upkeep
|
|t:|1757868895
|switch|p2a: Iron Valiant|Iron Valiant|100/100
|-enditem|p2a: Iron Valiant|Booster Energy
|-activate|p2a: Iron Valiant|ability: Quark Drive|[fromitem]
|-start|p2a: Iron Valiant|quarkdrivespe
|turn|6
|
|t:|1757868904
|switch|p1a: Moltres|Moltres|96/100 par
|move|p2a: Iron Valiant|Close Combat|p1a: Moltres
|-resisted|p1a: Moltres
|-damage|p1a: Moltres|68/100 par
|-unboost|p2a: Iron Valiant|def|1
|-unboost|p2a: Iron Valiant|spd|1
|
|-weather|Snowscape|[upkeep]
|upkeep
|turn|7
|
|t:|1757868918
|move|p2a: Iron Valiant|Moonblast|p1a: Moltres
|-resisted|p1a: Moltres
|-damage|p1a: Moltres|38/100 par
|-unboost|p1a: Moltres|spa|1
|move|p1a: Moltres|U-turn|p2a: Iron Valiant
|-resisted|p2a: Iron Valiant
|-damage|p2a: Iron Valiant|94/100
|inactive|ZirrZonken has 120 seconds left.
|inactive|ZirrZonken has 90 seconds left.
|
|t:|1757868977
|switch|p1a: Cetitan|Cetitan, F|100/100|[from] U-turn
|
|-weather|Snowscape|[upkeep]
|upkeep
|turn|8
|inactive|ZirrZonken has 90 seconds left.
|
|t:|1757868996
|-terastallize|p1a: Cetitan|Water
|move|p2a: Iron Valiant|Close Combat|p1a: Cetitan
|-damage|p1a: Cetitan|49/100
|-unboost|p2a: Iron Valiant|def|1
|-unboost|p2a: Iron Valiant|spd|1
|-enditem|p1a: Cetitan|Sitrus Berry|[eat]
|-heal|p1a: Cetitan|74/100|[from] item: Sitrus Berry
|move|p1a: Cetitan|Belly Drum|p1a: Cetitan
|-damage|p1a: Cetitan|24/100
|-setboost|p1a: Cetitan|atk|6|[from] move: Belly Drum
|
|-weather|none
|upkeep
|turn|9
|
|t:|1757869011
|move|p1a: Cetitan|Ice Shard|p2a: Iron Valiant
|-damage|p2a: Iron Valiant|0 fnt
|faint|p2a: Iron Valiant
|-end|p2a: Iron Valiant|Quark Drive|[silent]
|
|upkeep
|
|t:|1757869018
|switch|p2a: Kingambit|Kingambit, M|100/100
|-activate|p2a: Kingambit|ability: Supreme Overlord
|-start|p2a: Kingambit|fallen2|[silent]
|turn|10
|
|t:|1757869025
|switch|p1a: Moltres|Moltres|38/100 par
|move|p2a: Kingambit|Sucker Punch||[still]
|-fail|p2a: Kingambit
|
|upkeep
|turn|11
|
|t:|1757869033
|-end|p2a: Kingambit|fallen2|[silent]
|switch|p2a: Ogerpon|Ogerpon-Wellspring, F|100/100
|move|p1a: Moltres|Flamethrower|p2a: Ogerpon
|-damage|p2a: Ogerpon|43/100
|
|upkeep
|turn|12
|
|t:|1757869038
|move|p2a: Ogerpon|Ivy Cudgel|p1a: Moltres|[anim] Ivy Cudgel Water
|-supereffective|p1a: Moltres
|-damage|p1a: Moltres|0 fnt
|faint|p1a: Moltres
|
|upkeep
|inactive|ZirrZonken has 90 seconds left.
|
|t:|1757869074
|switch|p1a: Ninetales|Ninetales-Alola, M|40/100
|-weather|Snowscape|[from] ability: Snow Warning|[of] p1a: Ninetales
|turn|13
|
|t:|1757869080
|move|p2a: Ogerpon|Ivy Cudgel|p1a: Ninetales|[anim] Ivy Cudgel Water
|-damage|p1a: Ninetales|0 fnt
|faint|p1a: Ninetales
|
|-weather|Snowscape|[upkeep]
|upkeep
|inactive|ZirrZonken has 90 seconds left.
|
|t:|1757869093
|switch|p1a: Sandslash|Sandslash-Alola, M|100/100
|turn|14
|inactive|ZirrZonken has 90 seconds left.
|
|t:|1757869113
|switch|p2a: Cinderace|Cinderace, F|100/100
|move|p1a: Sandslash|Triple Axel|p2a: Cinderace
|-resisted|p2a: Cinderace
|-damage|p2a: Cinderace|95/100
|-resisted|p2a: Cinderace
|-crit|p2a: Cinderace
|-damage|p2a: Cinderace|76/100
|-resisted|p2a: Cinderace
|-damage|p2a: Cinderace|60/100
|-hitcount|p2a: Cinderace|3
|
|-weather|Snowscape|[upkeep]
|upkeep
|turn|15
|inactive|ZirrZonken has 90 seconds left.
|
|t:|1757869132
|move|p1a: Sandslash|Stealth Rock|p2a: Cinderace
|-sidestart|p2: z-riolu|move: Stealth Rock
|move|p2a: Cinderace|Pyro Ball|p1a: Sandslash
|-supereffective|p1a: Sandslash
|-damage|p1a: Sandslash|0 fnt
|faint|p1a: Sandslash
|
|-weather|Snowscape|[upkeep]
|upkeep
|
|t:|1757869134
|switch|p1a: Cetitan|Cetitan, F, tera:Water|24/100
|turn|16
|inactive|z-riolu has 120 seconds left.
|
|t:|1757869169
|move|p1a: Cetitan|Liquidation|p2a: Cinderace
|-supereffective|p2a: Cinderace
|-damage|p2a: Cinderace|0 fnt
|faint|p2a: Cinderace
|
|-weather|Snowscape|[upkeep]
|upkeep
|
|t:|1757869177
|switch|p2a: Kingambit|Kingambit, M|100/100
|-damage|p2a: Kingambit|94/100|[from] Stealth Rock
|-activate|p2a: Kingambit|ability: Supreme Overlord
|-start|p2a: Kingambit|fallen3|[silent]
|turn|17
|
|t:|1757869184
|move|p1a: Cetitan|Ice Shard|p2a: Kingambit
|-resisted|p2a: Kingambit
|-damage|p2a: Kingambit|86/100
|move|p2a: Kingambit|Sucker Punch||[still]
|-fail|p2a: Kingambit
|
|-weather|Snowscape|[upkeep]
|upkeep
|turn|18
|
|t:|1757869199
|move|p2a: Kingambit|Sucker Punch|p1a: Cetitan
|-damage|p1a: Cetitan|0 fnt
|faint|p1a: Cetitan
|
|-weather|Snowscape|[upkeep]
|upkeep
|
|t:|1757869213
|switch|p1a: Kyurem|Kyurem|100/100
|-ability|p1a: Kyurem|Pressure
|turn|19
|
|t:|1757869217
|move|p1a: Kyurem|Earth Power|p2a: Kingambit
|-supereffective|p2a: Kingambit
|-damage|p2a: Kingambit|0 fnt
|faint|p2a: Kingambit
|-end|p2a: Kingambit|fallen3|[silent]
|
|-weather|Snowscape|[upkeep]
|upkeep
|
|t:|1757869221
|switch|p2a: Ogerpon|Ogerpon-Wellspring, F|43/100
|-damage|p2a: Ogerpon|30/100|[from] Stealth Rock
|turn|20
|
|t:|1757869228
|-terastallize|p2a: Ogerpon|Water
|detailschange|p2a: Ogerpon|Ogerpon-Wellspring-Tera, F, tera:Water
|-ability|p2a: Ogerpon|Embody Aspect (Wellspring)|boost
|-boost|p2a: Ogerpon|spd|1
|move|p2a: Ogerpon|Play Rough|p1a: Kyurem
|-supereffective|p1a: Kyurem
|-damage|p1a: Kyurem|54/100
|move|p1a: Kyurem|Earth Power|p2a: Ogerpon
|-damage|p2a: Ogerpon|0 fnt
|faint|p2a: Ogerpon
|detailschange|p2: Ogerpon|Ogerpon-Wellspring, F|[silent]
|
|-weather|none
|upkeep
|
|t:|1757869235
|switch|p2a: Hatterene|Hatterene, F|76/100 brn
|-damage|p2a: Hatterene|63/100 brn|[from] Stealth Rock
|turn|21
|
|t:|1757869245
|move|p1a: Kyurem|Earth Power|p2a: Hatterene
|-damage|p2a: Hatterene|33/100 brn
|move|p2a: Hatterene|Draining Kiss|p1a: Kyurem
|-supereffective|p1a: Kyurem
|-damage|p1a: Kyurem|6/100
|-heal|p2a: Hatterene|78/100 brn|[from] drain|[of] p1a: Kyurem
|
|-damage|p2a: Hatterene|72/100 brn|[from] brn
|upkeep
|turn|22
|
|t:|1757869251
|move|p1a: Kyurem|Earth Power|p2a: Hatterene
|-damage|p2a: Hatterene|44/100 brn
|move|p2a: Hatterene|Draining Kiss|p1a: Kyurem
|-supereffective|p1a: Kyurem
|-damage|p1a: Kyurem|0 fnt
|-heal|p2a: Hatterene|50/100 brn|[from] drain|[of] p1a: Kyurem
|faint|p1a: Kyurem
|
|-damage|p2a: Hatterene|44/100 brn|[from] brn
|upkeep
|
|t:|1757869257
|switch|p1a: Zamazenta|Zamazenta|100/100
|-ability|p1a: Zamazenta|Dauntless Shield|boost
|-boost|p1a: Zamazenta|def|1
|turn|23
|
|t:|1757869278
|move|p1a: Zamazenta|Heavy Slam|p2a: Hatterene
|-supereffective|p2a: Hatterene
|-damage|p2a: Hatterene|0 fnt
|faint|p2a: Hatterene
|
|win|ZirrZonken
|raw|ZirrZonken's rating: 1320 &rarr; <strong>1341</strong><br />(+21 for winning)
|raw|z-riolu's rating: 1331 &rarr; <strong>1310</strong><br />(-21 for losing)
|l|☆z-riolu
|player|p2|
|l|‽ZirrZonken
|player|p1|
