|j|☆kasage
|j|☆3lit
|t:|1757873814
|gametype|singles
|player|p1|kasage|lorelei-gen1rb|1332
|player|p2|3lit|169|1306
|gen|9
|tier|[Gen 9] OU
|rated|
|rule|HP Percentage Mod: HP is shown in percentages
|rule|Endless Battle Clause: Forcing endless battles is banned
|rule|Species Clause: Limit one of each Pokémon
|rule|OHKO Clause: OHKO moves are banned
|rule|Evasion Items Clause: Evasion items are banned
|rule|Evasion Moves Clause: Evasion moves are banned
|rule|Evasion Abilities Clause: Evasion abilities are banned
|rule|Sleep Moves Clause: Sleep-inducing moves are banned
|clearpoke
|poke|p1|Hatterene, F|
|poke|p1|Golurk|
|poke|p1|Reuniclus, F|
|poke|p1|Mimikyu, F|
|poke|p1|Kingambit, M|
|poke|p1|Tornadus-Therian, M|
|poke|p2|Tinkaton, F|
|poke|p2|Slowking-Galar, F|
|poke|p2|Ogerpon-Wellspring, F|
|poke|p2|Great Tusk|
|poke|p2|Landorus-Therian, M|
|poke|p2|Raging Bolt|
|teampreview
|inactive|Battle timer is ON: inactive players will automatically lose when time's up. (requested by 3lit)
|
|t:|1757873829
|teamsize|p1|6
|teamsize|p2|6
|start
|switch|p1a: Tornadus|Tornadus-Therian, M|100/100
|switch|p2a: Tinkaton|Tinkaton, F, shiny|100/100
|-ability|p2a: Tinkaton|Mold Breaker
|turn|1
|
|t:|1757873834
|move|p1a: Tornadus|U-turn|p2a: Tinkaton
|-resisted|p2a: Tinkaton
|-damage|p2a: Tinkaton|98/100
|
|t:|1757873839
|switch|p1a: Hatterene|Hatterene, F, shiny|100/100|[from] U-turn
|move|p2a: Tinkaton|Knock Off|p1a: Hatterene
|-damage|p1a: Hatterene|82/100
|-enditem|p1a: Hatterene|Eject Button|[from] move: Knock Off|[of] p2a: Tinkaton
|
|-heal|p2a: Tinkaton|100/100|[from] item: Leftovers
|upkeep
|turn|2
|
|t:|1757873846
|switch|p1a: Kingambit|Kingambit, M|100/100
|move|p2a: Tinkaton|Gigaton Hammer|p1a: Kingambit
|-resisted|p1a: Kingambit
|-damage|p1a: Kingambit|86/100
|
|-heal|p1a: Kingambit|92/100|[from] item: Leftovers
|upkeep
|turn|3
|
|t:|1757873856
|-end|p1a: Kingambit|fallenundefined|[silent]
|switch|p1a: Tornadus|Tornadus-Therian, M|100/100
|move|p2a: Tinkaton|Thunder Wave|p1a: Tornadus
|-status|p1a: Tornadus|par
|
|upkeep
|turn|4
|
|t:|1757873860
|move|p2a: Tinkaton|Knock Off|p1a: Tornadus
|-crit|p1a: Tornadus
|-damage|p1a: Tornadus|57/100 par
|-enditem|p1a: Tornadus|Assault Vest|[from] move: Knock Off|[of] p2a: Tinkaton
|move|p1a: Tornadus|Heat Wave|p2a: Tinkaton
|-supereffective|p2a: Tinkaton
|-damage|p2a: Tinkaton|41/100
|
|-heal|p2a: Tinkaton|47/100|[from] item: Leftovers
|upkeep
|turn|5
|
|t:|1757873864
|move|p2a: Tinkaton|Gigaton Hammer|p1a: Tornadus
|-damage|p1a: Tornadus|0 fnt
|faint|p1a: Tornadus
|
|-heal|p2a: Tinkaton|53/100|[from] item: Leftovers
|upkeep
|
|t:|1757873870
|switch|p1a: Mimikyu|Mimikyu, F|100/100
|turn|6
|
|t:|1757873874
|move|p2a: Tinkaton|Thunder Wave|p1a: Mimikyu
|-status|p1a: Mimikyu|par
|cant|p1a: Mimikyu|par
|
|-heal|p2a: Tinkaton|59/100|[from] item: Leftovers
|upkeep
|turn|7
|
|t:|1757873878
|move|p2a: Tinkaton|Knock Off|p1a: Mimikyu
|-damage|p1a: Mimikyu|76/100 par
|-enditem|p1a: Mimikyu|Red Card|[from] move: Knock Off|[of] p2a: Tinkaton
|move|p1a: Mimikyu|Trick Room|p1a: Mimikyu
|-fieldstart|move: Trick Room|[of] p1a: Mimikyu
|
|-heal|p2a: Tinkaton|65/100|[from] item: Leftovers
|upkeep
|turn|8
|
|t:|1757873885
|switch|p1a: Kingambit|Kingambit, M|92/100
|-activate|p1a: Kingambit|ability: Supreme Overlord
|-start|p1a: Kingambit|fallen1|[silent]
|move|p2a: Tinkaton|Stealth Rock|p1a: Kingambit
|-sidestart|p1: kasage|move: Stealth Rock
|
|-heal|p1a: Kingambit|98/100|[from] item: Leftovers
|-heal|p2a: Tinkaton|71/100|[from] item: Leftovers
|upkeep
|turn|9
|
|t:|1757873890
|-end|p1a: Kingambit|fallen1|[silent]
|switch|p1a: Golurk|Golurk, shiny|100/100
|-damage|p1a: Golurk|94/100|[from] Stealth Rock
|move|p2a: Tinkaton|Thunder Wave|p1a: Golurk
|-immune|p1a: Golurk
|
|-heal|p2a: Tinkaton|78/100|[from] item: Leftovers
|upkeep
|turn|10
|
|t:|1757873895
|move|p1a: Golurk|Poltergeist|p2a: Tinkaton
|-activate|p2a: Tinkaton|move: Poltergeist|Leftovers
|-damage|p2a: Tinkaton|34/100
|move|p2a: Tinkaton|Knock Off|p1a: Golurk
|-supereffective|p1a: Golurk
|-damage|p1a: Golurk|56/100
|-enditem|p1a: Golurk|Clear Amulet|[from] move: Knock Off|[of] p2a: Tinkaton
|
|-heal|p2a: Tinkaton|40/100|[from] item: Leftovers
|upkeep
|turn|11
|
|t:|1757873903
|switch|p2a: Lando|Landorus-Therian, M|100/100
|-ability|p2a: Lando|Intimidate|boost
|-unboost|p1a: Golurk|atk|1
|move|p1a: Golurk|Poltergeist|p2a: Lando
|-activate|p2a: Lando|move: Poltergeist|Leftovers
|-damage|p2a: Lando|60/100
|
|-heal|p2a: Lando|66/100|[from] item: Leftovers
|-fieldend|move: Trick Room
|upkeep
|turn|12
|-message|kasage forfeited.
|
|win|3lit
|raw|kasage's rating: 1332 &rarr; <strong>1311</strong><br />(-21 for losing)
|raw|3lit's rating: 1306 &rarr; <strong>1327</strong><br />(+21 for winning)
|l|☆kasage
|player|p1|
|l|☆3lit
|player|p2|
