|j|☆TAT_Yangyu
|j|☆Gamer Hearts
|t:|1757862502
|gametype|singles
|player|p1|TAT_Yangyu|giovanni|1088
|player|p2|Gamer Hearts|2|1117
|gen|9
|tier|[Gen 9] OU
|rated|
|rule|HP Percentage Mod: HP is shown in percentages
|rule|Endless Battle Clause: Forcing endless battles is banned
|rule|Species Clause: Limit one of each Pokémon
|rule|OHKO Clause: OHKO moves are banned
|rule|Evasion Items Clause: Evasion items are banned
|rule|Evasion Moves Clause: Evasion moves are banned
|rule|Evasion Abilities Clause: Evasion abilities are banned
|rule|Sleep Moves Clause: Sleep-inducing moves are banned
|clearpoke
|poke|p1|Hydreigon, M|
|poke|p1|Weavile, M|
|poke|p1|Mimikyu, F|
|poke|p1|Kingambit, M|
|poke|p1|Incineroar, M|
|poke|p1|Umbreon, F|
|poke|p2|Scyther, M|
|poke|p2|Kilowattrel, M|
|poke|p2|Gliscor, F|
|poke|p2|Gyarados, M|
|poke|p2|Altaria, F|
|poke|p2|Honchkrow, M|
|teampreview
|inactive|Battle timer is ON: inactive players will automatically lose when time's up. (requested by TAT_Yangyu)
|
|t:|1757862528
|teamsize|p1|6
|teamsize|p2|6
|start
|switch|p1a: Mimikyu|Mimikyu, F|100/100
|switch|p2a: Gliscor|Gliscor, F|100/100
|turn|1
|
|t:|1757862534
|move|p2a: Gliscor|Protect|p2a: Gliscor
|-singleturn|p2a: Gliscor|Protect
|move|p1a: Mimikyu|Curse|p2a: Gliscor
|-start|p2a: Gliscor|Curse|[of] p1a: Mimikyu
|-damage|p1a: Mimikyu|50/100
|
|-heal|p1a: Mimikyu|56/100|[from] item: Leftovers
|-damage|p2a: Gliscor|76/100|[from] Curse
|-status|p2a: Gliscor|tox|[from] item: Toxic Orb
|upkeep
|turn|2
|
|t:|1757862545
|move|p1a: Mimikyu|Substitute|p1a: Mimikyu
|-start|p1a: Mimikyu|Substitute
|-damage|p1a: Mimikyu|31/100
|move|p2a: Gliscor|Earthquake|p1a: Mimikyu
|-end|p1a: Mimikyu|Substitute
|
|-heal|p1a: Mimikyu|37/100|[from] item: Leftovers
|-heal|p2a: Gliscor|88/100 tox|[from] ability: Poison Heal
|-damage|p2a: Gliscor|63/100 tox|[from] Curse
|upkeep
|turn|3
|inactive|TAT_Yangyu has 120 seconds left.
|
|t:|1757862580
|switch|p1a: Hydreigon|Hydreigon, M|100/100
|move|p2a: Gliscor|Earthquake|p1a: Hydreigon
|-immune|p1a: Hydreigon|[from] ability: Levitate
|
|-heal|p2a: Gliscor|76/100 tox|[from] ability: Poison Heal
|-damage|p2a: Gliscor|51/100 tox|[from] Curse
|upkeep
|turn|4
|inactive|TAT_Yangyu has 120 seconds left.
|
|t:|1757862592
|switch|p2a: Honchkrow|Honchkrow, M, shiny|100/100
|-terastallize|p1a: Hydreigon|Steel
|move|p1a: Hydreigon|Nasty Plot|p1a: Hydreigon
|-boost|p1a: Hydreigon|spa|2
|
|upkeep
|turn|5
|
|t:|1757862609
|move|p2a: Honchkrow|Sucker Punch|p1a: Hydreigon
|-damage|p1a: Hydreigon|71/100
|move|p1a: Hydreigon|Flash Cannon|p2a: Honchkrow
|-damage|p2a: Honchkrow|0 fnt
|faint|p2a: Honchkrow
|
|upkeep
|
|t:|1757862625
|switch|p2a: Altaria|Altaria, F|100/100
|-ability|p2a: Altaria|Cloud Nine
|turn|6
|
|t:|1757862638
|move|p1a: Hydreigon|Dark Pulse|p2a: Altaria
|-damage|p2a: Altaria|45/100
|move|p2a: Altaria|Fire Spin|p1a: Hydreigon
|-supereffective|p1a: Hydreigon
|-damage|p1a: Hydreigon|58/100
|-activate|p1a: Hydreigon|move: Fire Spin|[of] p2a: Altaria
|
|-damage|p1a: Hydreigon|45/100|[from] move: Fire Spin|[partiallytrapped]
|upkeep
|turn|7
|
|t:|1757862653
|move|p1a: Hydreigon|Dark Pulse|p2a: Altaria
|-damage|p2a: Altaria|0 fnt
|faint|p2a: Altaria
|
|-end|p1a: Hydreigon|Fire Spin|[partiallytrapped]|[silent]
|upkeep
|inactive|Gamer Hearts has 120 seconds left.
|
|t:|1757862677
|switch|p2a: Kilowattrel|Kilowattrel, M|100/100
|turn|8
|
|t:|1757862686
|move|p2a: Kilowattrel|Discharge|p1a: Hydreigon
|-damage|p1a: Hydreigon|4/100
|move|p1a: Hydreigon|Flash Cannon|p2a: Kilowattrel
|-resisted|p2a: Kilowattrel
|-damage|p2a: Kilowattrel|30/100
|
|upkeep
|turn|9
|
|t:|1757862705
|switch|p1a: Umbreon|Umbreon, F|100/100
|move|p2a: Kilowattrel|Discharge|p1a: Umbreon
|-damage|p1a: Umbreon|78/100
|
|upkeep
|turn|10
|
|t:|1757862713
|move|p2a: Kilowattrel|U-turn|p1a: Umbreon
|-supereffective|p1a: Umbreon
|-damage|p1a: Umbreon|65/100
|
|t:|1757862716
|switch|p2a: Scyther|Scyther, M|100/100|[from] U-turn
|move|p1a: Umbreon|Foul Play|p2a: Scyther
|-damage|p2a: Scyther|41/100
|
|upkeep
|turn|11
|
|t:|1757862725
|move|p2a: Scyther|Bug Bite|p1a: Umbreon
|-supereffective|p1a: Umbreon
|-damage|p1a: Umbreon|18/100
|-enditem|p1a: Umbreon|Sitrus Berry|[from] stealeat|[move] Bug Bite|[of] p2a: Scyther
|-heal|p2a: Scyther|66/100|[from] item: Sitrus Berry
|move|p1a: Umbreon|Foul Play|p2a: Scyther
|-damage|p2a: Scyther|5/100
|
|upkeep
|turn|12
|
|t:|1757862742
|switch|p1a: Incineroar|Incineroar, M|100/100
|-ability|p1a: Incineroar|Intimidate|boost
|-unboost|p2a: Scyther|atk|1
|move|p2a: Scyther|Bug Bite|p1a: Incineroar
|-damage|p1a: Incineroar|76/100
|
|upkeep
|turn|13
|
|t:|1757862750
|move|p2a: Scyther|Dual Wingbeat|p1a: Incineroar
|-damage|p1a: Incineroar|59/100
|-damage|p1a: Incineroar|42/100
|-hitcount|p1a: Incineroar|2
|move|p1a: Incineroar|Knock Off|p2a: Scyther
|-damage|p2a: Scyther|0 fnt
|-enditem|p2a: Scyther|Razor Claw|[from] move: Knock Off|[of] p1a: Incineroar
|faint|p2a: Scyther
|
|upkeep
|
|t:|1757862758
|switch|p2a: Gyarados|Gyarados, M|100/100
|turn|14
|
|t:|1757862768
|move|p2a: Gyarados|Dragon Dance|p2a: Gyarados
|-boost|p2a: Gyarados|atk|1
|-boost|p2a: Gyarados|spe|1
|move|p1a: Incineroar|U-turn|p2a: Gyarados
|-resisted|p2a: Gyarados
|-damage|p2a: Gyarados|86/100
|
|t:|1757862776
|switch|p1a: Mimikyu|Mimikyu, F|37/100|[from] U-turn
|
|-heal|p1a: Mimikyu|43/100|[from] item: Leftovers
|upkeep
|turn|15
|
|t:|1757862798
|move|p2a: Gyarados|Waterfall|p1a: Mimikyu
|-activate|p1a: Mimikyu|ability: Disguise
|-damage|p1a: Mimikyu|43/100
|detailschange|p1a: Mimikyu|Mimikyu-Busted, F
|-damage|p1a: Mimikyu|31/100|[from] pokemon: Mimikyu-Busted
|cant|p1a: Mimikyu|flinch
|
|-heal|p1a: Mimikyu|37/100|[from] item: Leftovers
|upkeep
|turn|16
|inactive|TAT_Yangyu has 120 seconds left.
|
|t:|1757862829
|move|p1a: Mimikyu|Shadow Sneak|p2a: Gyarados
|-damage|p2a: Gyarados|65/100
|move|p2a: Gyarados|Waterfall|p1a: Mimikyu
|-damage|p1a: Mimikyu|0 fnt
|faint|p1a: Mimikyu
|-ability|p2a: Gyarados|Moxie|boost
|-boost|p2a: Gyarados|atk|1
|
|upkeep
|
|t:|1757862842
|switch|p1a: Weavile|Weavile, M|100/100
|-ability|p1a: Weavile|Pressure
|turn|17
|
|t:|1757862847
|move|p1a: Weavile|Fake Out|p2a: Gyarados
|-damage|p2a: Gyarados|48/100
|cant|p2a: Gyarados|flinch
|
|upkeep
|turn|18
|inactive|TAT_Yangyu has 120 seconds left.
|
|t:|1757862868
|move|p1a: Weavile|Ice Shard|p2a: Gyarados
|-crit|p2a: Gyarados
|-damage|p2a: Gyarados|8/100
|move|p2a: Gyarados|Waterfall|p1a: Weavile
|-enditem|p1a: Weavile|Focus Sash
|-damage|p1a: Weavile|1/100
|
|upkeep
|turn|19
|
|t:|1757862890
|move|p1a: Weavile|Ice Shard|p2a: Gyarados
|-damage|p2a: Gyarados|0 fnt
|faint|p2a: Gyarados
|
|upkeep
|
|t:|1757862892
|switch|p2a: Kilowattrel|Kilowattrel, M|30/100
|turn|20
|
|t:|1757862896
|move|p1a: Weavile|Ice Shard|p2a: Kilowattrel
|-supereffective|p2a: Kilowattrel
|-damage|p2a: Kilowattrel|0 fnt
|faint|p2a: Kilowattrel
|
|upkeep
|
|t:|1757862898
|switch|p2a: Gliscor|Gliscor, F|51/100 tox
|turn|21
|
|t:|1757862904
|move|p2a: Gliscor|Protect|p2a: Gliscor
|-singleturn|p2a: Gliscor|Protect
|move|p1a: Weavile|Ice Spinner|p2a: Gliscor
|-activate|p2a: Gliscor|move: Protect
|
|-heal|p2a: Gliscor|63/100 tox|[from] ability: Poison Heal
|upkeep
|turn|22
|
|t:|1757862914
|-terastallize|p2a: Gliscor|Water
|move|p1a: Weavile|Ice Spinner|p2a: Gliscor
|-resisted|p2a: Gliscor
|-damage|p2a: Gliscor|52/100 tox
|move|p2a: Gliscor|Earthquake|p1a: Weavile
|-crit|p1a: Weavile
|-damage|p1a: Weavile|0 fnt
|faint|p1a: Weavile
|
|-heal|p2a: Gliscor|64/100 tox|[from] ability: Poison Heal
|upkeep
|inactive|TAT_Yangyu has 120 seconds left.
|
|t:|1757862945
|switch|p1a: Umbreon|Umbreon, F|18/100
|turn|23
|
|t:|1757862952
|move|p2a: Gliscor|Crabhammer|p1a: Umbreon
|-damage|p1a: Umbreon|0 fnt
|faint|p1a: Umbreon
|
|-heal|p2a: Gliscor|76/100 tox|[from] ability: Poison Heal
|upkeep
|inactive|TAT_Yangyu has 120 seconds left.
|
|t:|1757862966
|switch|p1a: Hydreigon|Hydreigon, M, tera:Steel|4/100
|turn|24
|
|t:|1757862972
|move|p1a: Hydreigon|Dark Pulse|p2a: Gliscor
|-damage|p2a: Gliscor|27/100 tox
|cant|p2a: Gliscor|flinch
|
|-heal|p2a: Gliscor|39/100 tox|[from] ability: Poison Heal
|upkeep
|turn|25
|
|t:|1757862979
|move|p2a: Gliscor|Protect|p2a: Gliscor
|-singleturn|p2a: Gliscor|Protect
|move|p1a: Hydreigon|Dark Pulse|p2a: Gliscor
|-activate|p2a: Gliscor|move: Protect
|
|-heal|p2a: Gliscor|52/100 tox|[from] ability: Poison Heal
|upkeep
|turn|26
|
|t:|1757862987
|move|p1a: Hydreigon|Dark Pulse|p2a: Gliscor
|-damage|p2a: Gliscor|1/100 tox
|cant|p2a: Gliscor|flinch
|
|-heal|p2a: Gliscor|13/100 tox|[from] ability: Poison Heal
|upkeep
|turn|27
|
|t:|1757862994
|move|p2a: Gliscor|Protect|p2a: Gliscor
|-singleturn|p2a: Gliscor|Protect
|move|p1a: Hydreigon|Dark Pulse|p2a: Gliscor
|-activate|p2a: Gliscor|move: Protect
|
|-heal|p2a: Gliscor|26/100 tox|[from] ability: Poison Heal
|upkeep
|turn|28
|
|t:|1757863002
|move|p1a: Hydreigon|Dark Pulse|p2a: Gliscor
|-damage|p2a: Gliscor|0 fnt
|faint|p2a: Gliscor
|
|win|TAT_Yangyu
|raw|TAT_Yangyu's rating: 1088 &rarr; <strong>1117</strong><br />(+29 for winning)
|raw|Gamer Hearts's rating: 1117 &rarr; <strong>1090</strong><br />(-27 for losing)
|l|☆Gamer Hearts
|player|p2|
|l|☆TAT_Yangyu
|player|p1|
