|j|☆muru drinker
|j|☆Drakesaurus
|t:|1757825709
|gametype|singles
|player|p1|muru drinker|linebacker|1215
|player|p2|Drakesaurus|brycen|1130
|gen|9
|tier|[Gen 9] OU
|rated|
|rule|HP Percentage Mod: HP is shown in percentages
|rule|Endless Battle Clause: Forcing endless battles is banned
|rule|Species Clause: Limit one of each Pokémon
|rule|OHKO Clause: OHKO moves are banned
|rule|Evasion Items Clause: Evasion items are banned
|rule|Evasion Moves Clause: Evasion moves are banned
|rule|Evasion Abilities Clause: Evasion abilities are banned
|rule|Sleep Moves Clause: Sleep-inducing moves are banned
|clearpoke
|poke|p1|Corviknight, M|
|poke|p1|Alomomola, F|
|poke|p1|Rillaboom, M|
|poke|p1|Slowking-Galar, M|
|poke|p1|Heatran, F|
|poke|p1|Darkrai|
|poke|p2|Dragapult, M|
|poke|p2|Dragonite, F|
|poke|p2|Gholdengo|
|poke|p2|Garchomp, M|
|poke|p2|Goodra, F|
|poke|p2|Scizor, F|
|teampreview
|
|t:|1757825753
|teamsize|p1|6
|teamsize|p2|6
|start
|switch|p1a: Alomomola|Alomomola, F|100/100
|switch|p2a: Garchomp|Garchomp, M|100/100
|turn|1
|
|t:|1757825768
|-terastallize|p2a: Garchomp|Ghost
|move|p2a: Garchomp|Stealth Rock|p1a: Alomomola
|-sidestart|p1: muru drinker|move: Stealth Rock
|move|p1a: Alomomola|Scald|p2a: Garchomp
|-damage|p2a: Garchomp|87/100
|-status|p2a: Garchomp|brn
|
|-damage|p2a: Garchomp|81/100 brn|[from] brn
|upkeep
|turn|2
|
|t:|1757825783
|move|p1a: Alomomola|Flip Turn|p2a: Garchomp
|-damage|p2a: Garchomp|72/100 brn
|-damage|p1a: Alomomola|88/100|[from] ability: Rough Skin|[of] p2a: Garchomp
|-damage|p1a: Alomomola|71/100|[from] item: Rocky Helmet|[of] p2a: Garchomp
|
|t:|1757825788
|switch|p1a: Corviknight|Corviknight, M|100/100|[from] Flip Turn
|-damage|p1a: Corviknight|88/100|[from] Stealth Rock
|move|p2a: Garchomp|Dragon Tail|p1a: Corviknight
|-resisted|p1a: Corviknight
|-damage|p1a: Corviknight|84/100
|-damage|p2a: Garchomp|55/100 brn|[from] item: Rocky Helmet|[of] p1a: Corviknight
|drag|p1a: Heatran|Heatran, F|100/100
|-damage|p1a: Heatran|88/100|[from] Stealth Rock
|
|-heal|p1a: Heatran|94/100|[from] item: Leftovers
|-damage|p2a: Garchomp|49/100 brn|[from] brn
|upkeep
|turn|3
|
|t:|1757825801
|move|p1a: Heatran|Protect|p1a: Heatran
|-singleturn|p1a: Heatran|Protect
|move|p2a: Garchomp|Earthquake|p1a: Heatran
|-activate|p1a: Heatran|move: Protect
|
|-heal|p1a: Heatran|100/100|[from] item: Leftovers
|-damage|p2a: Garchomp|43/100 brn|[from] brn
|upkeep
|turn|4
|
|t:|1757825811
|move|p2a: Garchomp|Spikes|p1a: Heatran
|-sidestart|p1: muru drinker|Spikes
|move|p1a: Heatran|Magma Storm|p2a: Garchomp
|-damage|p2a: Garchomp|2/100 brn
|-activate|p2a: Garchomp|move: Magma Storm|[of] p1a: Heatran
|
|-damage|p2a: Garchomp|0 fnt|[from] brn
|faint|p2a: Garchomp
|upkeep
|
|t:|1757825832
|switch|p2a: Dragonite|Dragonite, F|100/100
|turn|5
|
|t:|1757825836
|switch|p1a: Corviknight|Corviknight, M|84/100
|-damage|p1a: Corviknight|72/100|[from] Stealth Rock
|move|p2a: Dragonite|Dragon Dance|p2a: Dragonite
|-boost|p2a: Dragonite|atk|1
|-boost|p2a: Dragonite|spe|1
|
|upkeep
|turn|6
|
|t:|1757825852
|switch|p2a: Goodra|Goodra, F|100/100
|move|p1a: Corviknight|Iron Defense|p1a: Corviknight
|-boost|p1a: Corviknight|def|2
|
|upkeep
|turn|7
|
|t:|1757825858
|move|p2a: Goodra|Flamethrower|p1a: Corviknight
|-supereffective|p1a: Corviknight
|-damage|p1a: Corviknight|21/100
|-status|p1a: Corviknight|brn
|move|p1a: Corviknight|Body Press|p2a: Goodra
|-damage|p2a: Goodra|62/100
|
|-damage|p1a: Corviknight|14/100 brn|[from] brn
|upkeep
|turn|8
|
|t:|1757825890
|switch|p2a: Dragapult|Dragapult, M|100/100
|switch|p1a: Alomomola|Alomomola, F|100/100
|-damage|p1a: Alomomola|88/100|[from] Stealth Rock
|-damage|p1a: Alomomola|76/100|[from] Spikes
|
|-heal|p1a: Alomomola|82/100|[from] item: Leftovers
|upkeep
|turn|9
|
|t:|1757825910
|move|p2a: Dragapult|Dragon Darts|p1a: Alomomola
|-damage|p1a: Alomomola|70/100
|-anim|p2a: Dragapult|Dragon Darts|p1a: Alomomola
|-damage|p1a: Alomomola|59/100
|move|p1a: Alomomola|Wish|p1a: Alomomola
|
|-heal|p1a: Alomomola|65/100|[from] item: Leftovers
|upkeep
|turn|10
|
|t:|1757825945
|switch|p2a: Goodra|Goodra, F|62/100
|move|p1a: Alomomola|Flip Turn|p2a: Goodra
|-resisted|p2a: Goodra
|-damage|p2a: Goodra|52/100
|
|t:|1757825950
|switch|p1a: Corviknight|Corviknight, M|14/100 brn|[from] Flip Turn
|-damage|p1a: Corviknight|2/100 brn|[from] Stealth Rock
|
|-heal|p1a: Corviknight|69/100 brn|[from] move: Wish|[wisher] Alomomola
|-damage|p1a: Corviknight|62/100 brn|[from] brn
|upkeep
|turn|11
|
|t:|1757825958
|switch|p1a: Heatran|Heatran, F|100/100
|-damage|p1a: Heatran|88/100|[from] Stealth Rock
|-damage|p1a: Heatran|76/100|[from] Spikes
|move|p2a: Goodra|Flamethrower|p1a: Heatran
|-start|p1a: Heatran|ability: Flash Fire
|
|-heal|p1a: Heatran|82/100|[from] item: Leftovers
|upkeep
|turn|12
|
|t:|1757825980
|switch|p2a: Dragonite|Dragonite, F|100/100
|move|p1a: Heatran|Will-O-Wisp|p2a: Dragonite
|-status|p2a: Dragonite|brn
|
|-heal|p1a: Heatran|88/100|[from] item: Leftovers
|-damage|p2a: Dragonite|94/100 brn|[from] brn
|upkeep
|turn|13
|
|t:|1757825989
|move|p2a: Dragonite|Dragon Dance|p2a: Dragonite
|-boost|p2a: Dragonite|atk|1
|-boost|p2a: Dragonite|spe|1
|move|p1a: Heatran|Magma Storm|p2a: Dragonite|[miss]
|-miss|p1a: Heatran|p2a: Dragonite
|
|-heal|p1a: Heatran|94/100|[from] item: Leftovers
|-damage|p2a: Dragonite|88/100 brn|[from] brn
|upkeep
|turn|14
|
|t:|1757825999
|move|p2a: Dragonite|Dragon Dance|p2a: Dragonite
|-boost|p2a: Dragonite|atk|1
|-boost|p2a: Dragonite|spe|1
|move|p1a: Heatran|Magma Storm|p2a: Dragonite|[miss]
|-miss|p1a: Heatran|p2a: Dragonite
|
|-heal|p1a: Heatran|100/100|[from] item: Leftovers
|-damage|p2a: Dragonite|82/100 brn|[from] brn
|upkeep
|turn|15
|
|t:|1757826009
|-end|p1a: Heatran|ability: Flash Fire|[silent]
|switch|p1a: Corviknight|Corviknight, M|62/100 brn
|-damage|p1a: Corviknight|50/100 brn|[from] Stealth Rock
|move|p2a: Dragonite|Earthquake|p1a: Corviknight
|-immune|p1a: Corviknight
|
|-damage|p2a: Dragonite|76/100 brn|[from] brn
|-damage|p1a: Corviknight|44/100 brn|[from] brn
|upkeep
|turn|16
|
|t:|1757826028
|move|p2a: Dragonite|Extreme Speed|p1a: Corviknight
|-resisted|p1a: Corviknight
|-damage|p1a: Corviknight|35/100 brn
|-damage|p2a: Dragonite|59/100 brn|[from] item: Rocky Helmet|[of] p1a: Corviknight
|move|p1a: Corviknight|Roost|p1a: Corviknight
|-heal|p1a: Corviknight|85/100 brn
|-singleturn|p1a: Corviknight|move: Roost
|
|-damage|p2a: Dragonite|53/100 brn|[from] brn
|-damage|p1a: Corviknight|79/100 brn|[from] brn
|upkeep
|turn|17
|
|t:|1757826038
|move|p2a: Dragonite|Roost|p2a: Dragonite
|-heal|p2a: Dragonite|100/100 brn
|-singleturn|p2a: Dragonite|move: Roost
|move|p1a: Corviknight|Defog|p2a: Dragonite
|-unboost|p2a: Dragonite|evasion|1
|-sideend|p1: muru drinker|Spikes|[from] move: Defog|[of] p1a: Corviknight
|-sideend|p1: muru drinker|Stealth Rock|[from] move: Defog|[of] p1a: Corviknight
|
|-damage|p2a: Dragonite|94/100 brn|[from] brn
|-damage|p1a: Corviknight|73/100 brn|[from] brn
|upkeep
|turn|18
|
|t:|1757826048
|switch|p2a: Goodra|Goodra, F|52/100
|move|p1a: Corviknight|Roost|p1a: Corviknight
|-heal|p1a: Corviknight|100/100 brn
|-singleturn|p1a: Corviknight|move: Roost
|
|-damage|p1a: Corviknight|94/100 brn|[from] brn
|upkeep
|turn|19
|
|t:|1757826056
|switch|p1a: Slowking|Slowking-Galar, M|100/100
|move|p2a: Goodra|Flamethrower|p1a: Slowking
|-damage|p1a: Slowking|85/100
|
|upkeep
|turn|20
|
|t:|1757826071
|switch|p2a: Scizor|Scizor, F|100/100
|move|p1a: Slowking|Future Sight|p2a: Scizor
|-start|p1a: Slowking|move: Future Sight
|
|upkeep
|turn|21
|
|t:|1757826080
|switch|p1a: Alomomola|Alomomola, F|99/100
|move|p2a: Scizor|Swords Dance|p2a: Scizor
|-boost|p2a: Scizor|atk|2
|
|-heal|p1a: Alomomola|100/100|[from] item: Leftovers
|upkeep
|turn|22
|
|t:|1757826092
|move|p2a: Scizor|Knock Off|p1a: Alomomola
|-damage|p1a: Alomomola|52/100
|-enditem|p1a: Alomomola|Leftovers|[from] move: Knock Off|[of] p2a: Scizor
|-damage|p2a: Scizor|91/100|[from] item: Life Orb
|move|p1a: Alomomola|Flip Turn|p2a: Scizor
|-damage|p2a: Scizor|73/100
|
|t:|1757826133
|switch|p1a: Corviknight|Corviknight, M|94/100 brn|[from] Flip Turn
|
|-end|p2a: Scizor|move: Future Sight
|-resisted|p2a: Scizor
|-damage|p2a: Scizor|41/100
|-damage|p1a: Corviknight|88/100 brn|[from] brn
|upkeep
|turn|23
|
|t:|1757826145
|move|p2a: Scizor|Knock Off|p1a: Corviknight
|-damage|p1a: Corviknight|29/100 brn
|-damage|p2a: Scizor|25/100|[from] item: Rocky Helmet|[of] p1a: Corviknight
|-enditem|p1a: Corviknight|Rocky Helmet|[from] move: Knock Off|[of] p2a: Scizor
|-damage|p2a: Scizor|15/100|[from] item: Life Orb
|move|p1a: Corviknight|Body Press|p2a: Scizor
|-damage|p2a: Scizor|0 fnt
|faint|p2a: Scizor
|
|-damage|p1a: Corviknight|23/100 brn|[from] brn
|upkeep
|
|t:|1757826157
|switch|p2a: Goodra|Goodra, F|52/100
|turn|24
|
|t:|1757826165
|switch|p1a: Heatran|Heatran, F|100/100
|move|p2a: Goodra|Flamethrower|p1a: Heatran
|-start|p1a: Heatran|ability: Flash Fire
|
|upkeep
|turn|25
|
|t:|1757826175
|switch|p2a: Dragonite|Dragonite, F|94/100 brn
|move|p1a: Heatran|Magma Storm|p2a: Dragonite
|-resisted|p2a: Dragonite
|-crit|p2a: Dragonite
|-damage|p2a: Dragonite|43/100 brn
|-activate|p2a: Dragonite|move: Magma Storm|[of] p1a: Heatran
|
|-damage|p2a: Dragonite|37/100 brn|[from] brn
|-damage|p2a: Dragonite|25/100 brn|[from] move: Magma Storm|[partiallytrapped]
|upkeep
|turn|26
|
|t:|1757826187
|move|p1a: Heatran|Protect|p1a: Heatran
|-singleturn|p1a: Heatran|Protect
|move|p2a: Dragonite|Earthquake|p1a: Heatran
|-activate|p1a: Heatran|move: Protect
|
|-damage|p2a: Dragonite|18/100 brn|[from] brn
|-damage|p2a: Dragonite|6/100 brn|[from] move: Magma Storm|[partiallytrapped]
|upkeep
|turn|27
|
|t:|1757826195
|-end|p1a: Heatran|ability: Flash Fire|[silent]
|switch|p1a: Corviknight|Corviknight, M|23/100 brn
|move|p2a: Dragonite|Earthquake|p1a: Corviknight
|-immune|p1a: Corviknight
|
|-damage|p2a: Dragonite|0 fnt|[from] brn
|faint|p2a: Dragonite
|-damage|p1a: Corviknight|17/100 brn|[from] brn
|upkeep
|
|t:|1757826205
|switch|p2a: Gholdengo|Gholdengo|100/100
|-item|p2a: Gholdengo|Air Balloon
|turn|28
|
|t:|1757826217
|switch|p1a: Heatran|Heatran, F|100/100
|move|p2a: Gholdengo|Nasty Plot|p2a: Gholdengo
|-boost|p2a: Gholdengo|spa|2
|
|upkeep
|turn|29
|
|t:|1757826225
|move|p2a: Gholdengo|Shadow Ball|p1a: Heatran
|-damage|p1a: Heatran|46/100
|move|p1a: Heatran|Magma Storm|p2a: Gholdengo
|-supereffective|p2a: Gholdengo
|-damage|p2a: Gholdengo|3/100
|-activate|p2a: Gholdengo|move: Magma Storm|[of] p1a: Heatran
|-enditem|p2a: Gholdengo|Air Balloon
|
|-heal|p1a: Heatran|52/100|[from] item: Leftovers
|-damage|p2a: Gholdengo|0 fnt|[from] move: Magma Storm|[partiallytrapped]
|faint|p2a: Gholdengo
|upkeep
|
|t:|1757826236
|switch|p2a: Dragapult|Dragapult, M|100/100
|turn|30
|
|t:|1757826240
|switch|p1a: Alomomola|Alomomola, F|86/100
|move|p2a: Dragapult|Hex|p1a: Alomomola
|-damage|p1a: Alomomola|53/100
|
|upkeep
|turn|31
|-message|Drakesaurus forfeited.
|
|win|muru drinker
|raw|muru drinker's rating: 1215 &rarr; <strong>1234</strong><br />(+19 for winning)
|raw|Drakesaurus's rating: 1130 &rarr; <strong>1111</strong><br />(-19 for losing)
|l|☆Drakesaurus
|player|p2|
|l|☆muru drinker
|player|p1|
