|j|☆TAT_Yangyu
|j|☆itspaoloooo
|t:|1757905381
|gametype|singles
|player|p1|TAT_Yangyu|plasmagrunt-gen5bw|1091
|player|p2|itspaoloooo|hilbert-wonderlauncher|1129
|gen|9
|tier|[Gen 9] OU
|rated|
|rule|HP Percentage Mod: HP is shown in percentages
|rule|Endless Battle Clause: Forcing endless battles is banned
|rule|Species Clause: Limit one of each Pokémon
|rule|OHKO Clause: OHKO moves are banned
|rule|Evasion Items Clause: Evasion items are banned
|rule|Evasion Moves Clause: Evasion moves are banned
|rule|Evasion Abilities Clause: Evasion abilities are banned
|rule|Sleep Moves Clause: Sleep-inducing moves are banned
|clearpoke
|poke|p1|Samurott-Hisui, M|
|poke|p1|Kingambit, M|
|poke|p1|Mimikyu, M|
|poke|p1|Dragapult, F|
|poke|p1|Gliscor, M|
|poke|p1|Incineroar, M|
|poke|p2|Galvantula, M|
|poke|p2|Meganium, F|
|poke|p2|Sneasel, F|
|poke|p2|Donphan, M|
|poke|p2|Alomomola, F|
|poke|p2|Blaziken, M|
|teampreview
|inactive|Battle timer is ON: inactive players will automatically lose when time's up. (requested by itspaoloooo)
|
|t:|1757905394
|teamsize|p1|6
|teamsize|p2|6
|start
|switch|p1a: Gliscor|Gliscor, M|100/100
|switch|p2a: Galvantula|Galvantula, M|100/100
|turn|1
|
|t:|1757905402
|move|p1a: Gliscor|Protect|p1a: Gliscor
|-singleturn|p1a: Gliscor|Protect
|move|p2a: Galvantula|Sticky Web|p1a: Gliscor
|-sidestart|p1: TAT_Yangyu|move: Sticky Web
|
|-status|p1a: Gliscor|tox|[from] item: Toxic Orb
|upkeep
|turn|2
|
|t:|1757905409
|switch|p2a: Alomomola|Alomomola, F|100/100
|move|p1a: Gliscor|Knock Off|p2a: Alomomola
|-damage|p2a: Alomomola|90/100
|-enditem|p2a: Alomomola|Leftovers|[from] move: Knock Off|[of] p1a: Gliscor
|
|upkeep
|turn|3
|
|t:|1757905418
|move|p1a: Gliscor|Toxic|p2a: Alomomola
|-status|p2a: Alomomola|tox
|move|p2a: Alomomola|Wish|p2a: Alomomola
|
|-damage|p2a: Alomomola|83/100 tox|[from] psn
|upkeep
|turn|4
|
|t:|1757905428
|switch|p1a: Samurott|Samurott-Hisui, M|100/100
|-activate|p1a: Samurott|move: Sticky Web
|-unboost|p1a: Samurott|spe|1
|move|p2a: Alomomola|Liquidation|p1a: Samurott
|-resisted|p1a: Samurott
|-damage|p1a: Samurott|86/100
|
|-heal|p2a: Alomomola|100/100 tox|[from] move: Wish|[wisher] Alomomola
|-damage|p2a: Alomomola|88/100 tox|[from] psn
|upkeep
|turn|5
|
|t:|1757905438
|move|p1a: Samurott|Swords Dance|p1a: Samurott
|-boost|p1a: Samurott|atk|2
|move|p2a: Alomomola|Flip Turn|p1a: Samurott
|-resisted|p1a: Samurott
|-damage|p1a: Samurott|76/100
|
|t:|1757905448
|switch|p2a: Blaziken|Blaziken, M|100/100|[from] Flip Turn
|
|upkeep
|turn|6
|
|t:|1757905458
|-terastallize|p1a: Samurott|Poison
|move|p2a: Blaziken|Swords Dance|p2a: Blaziken
|-boost|p2a: Blaziken|atk|2
|move|p1a: Samurott|Razor Shell|p2a: Blaziken
|-supereffective|p2a: Blaziken
|-enditem|p2a: Blaziken|Focus Sash
|-damage|p2a: Blaziken|1/100
|-damage|p1a: Samurott|66/100|[from] item: Life Orb
|
|-ability|p2a: Blaziken|Speed Boost|boost
|-boost|p2a: Blaziken|spe|1
|upkeep
|turn|7
|
|t:|1757905472
|move|p2a: Blaziken|Blaze Kick|p1a: Samurott
|-crit|p1a: Samurott
|-damage|p1a: Samurott|0 fnt
|faint|p1a: Samurott
|
|-ability|p2a: Blaziken|Speed Boost|boost
|-boost|p2a: Blaziken|spe|1
|upkeep
|
|t:|1757905478
|switch|p1a: Kingambit|Kingambit, M|100/100
|-activate|p1a: Kingambit|move: Sticky Web
|-unboost|p1a: Kingambit|spe|1
|-activate|p1a: Kingambit|ability: Supreme Overlord
|-start|p1a: Kingambit|fallen1|[silent]
|turn|8
|
|t:|1757905498
|switch|p2a: Meganium|Meganium, F|100/100
|move|p1a: Kingambit|Sucker Punch||[still]
|-fail|p1a: Kingambit
|
|upkeep
|turn|9
|
|t:|1757905510
|-end|p1a: Kingambit|fallen1|[silent]
|switch|p1a: Gliscor|Gliscor, M|100/100 tox
|move|p2a: Meganium|Trailblaze|p1a: Gliscor
|-damage|p1a: Gliscor|89/100 tox
|-boost|p2a: Meganium|spe|1
|
|-heal|p1a: Gliscor|100/100 tox|[from] ability: Poison Heal
|upkeep
|turn|10
|
|t:|1757905520
|move|p2a: Meganium|Zen Headbutt|p1a: Gliscor
|-damage|p1a: Gliscor|87/100 tox
|move|p1a: Gliscor|Toxic|p2a: Meganium
|-status|p2a: Meganium|tox
|
|-damage|p2a: Meganium|94/100 tox|[from] psn
|-heal|p1a: Gliscor|99/100 tox|[from] ability: Poison Heal
|upkeep
|turn|11
|
|t:|1757905538
|switch|p2a: Sneasel|Sneasel, F, shiny|100/100
|move|p1a: Gliscor|Knock Off|p2a: Sneasel
|-resisted|p2a: Sneasel
|-damage|p2a: Sneasel|78/100
|-enditem|p2a: Sneasel|Focus Sash|[from] move: Knock Off|[of] p1a: Gliscor
|-enditem|p1a: Gliscor|Toxic Orb|[silent]|[from] ability: Pickpocket|[of] p1a: Gliscor
|-item|p2a: Sneasel|Toxic Orb|[from] ability: Pickpocket|[of] p1a: Gliscor
|
|-heal|p1a: Gliscor|100/100 tox|[from] ability: Poison Heal
|-status|p2a: Sneasel|tox|[from] item: Toxic Orb
|upkeep
|turn|12
|
|t:|1757905556
|switch|p1a: Incineroar|Incineroar, M|100/100
|-activate|p1a: Incineroar|move: Sticky Web
|-unboost|p1a: Incineroar|spe|1
|-ability|p1a: Incineroar|Intimidate|boost
|-unboost|p2a: Sneasel|atk|1
|move|p2a: Sneasel|Ice Shard|p1a: Incineroar
|-resisted|p1a: Incineroar
|-damage|p1a: Incineroar|95/100
|
|-damage|p2a: Sneasel|72/100 tox|[from] psn
|upkeep
|turn|13
|
|t:|1757905571
|switch|p2a: Alomomola|Alomomola, F|100/100 tox
|move|p1a: Incineroar|U-turn|p2a: Alomomola
|-damage|p2a: Alomomola|89/100 tox
|
|t:|1757905585
|switch|p1a: Mimikyu|Mimikyu, M|100/100|[from] U-turn
|-activate|p1a: Mimikyu|move: Sticky Web
|-unboost|p1a: Mimikyu|spe|1
|
|-damage|p2a: Alomomola|82/100 tox|[from] psn
|upkeep
|turn|14
|
|t:|1757905599
|move|p1a: Mimikyu|Curse|p2a: Alomomola
|-start|p2a: Alomomola|Curse|[of] p1a: Mimikyu
|-damage|p1a: Mimikyu|50/100
|move|p2a: Alomomola|Wish|p2a: Alomomola
|
|-heal|p1a: Mimikyu|57/100|[from] item: Leftovers
|-damage|p2a: Alomomola|70/100 tox|[from] psn
|-damage|p2a: Alomomola|45/100 tox|[from] Curse
|upkeep
|turn|15
|
|t:|1757905606
|move|p1a: Mimikyu|Substitute|p1a: Mimikyu
|-start|p1a: Mimikyu|Substitute
|-damage|p1a: Mimikyu|32/100
|move|p2a: Alomomola|Flip Turn|p1a: Mimikyu
|-activate|p1a: Mimikyu|move: Substitute|[damage]
|
|t:|1757905616
|switch|p2a: Galvantula|Galvantula, M|100/100|[from] Flip Turn
|
|-heal|p1a: Mimikyu|38/100|[from] item: Leftovers
|upkeep
|turn|16
|
|t:|1757905629
|move|p2a: Galvantula|Thunder|p1a: Mimikyu
|-end|p1a: Mimikyu|Substitute
|move|p1a: Mimikyu|Pain Split|p2a: Galvantula
|-sethp|p2a: Galvantula|71/100|[from] move: Pain Split|[silent]
|-sethp|p1a: Mimikyu|64/100|[from] move: Pain Split
|
|-heal|p1a: Mimikyu|70/100|[from] item: Leftovers
|upkeep
|turn|17
|
|t:|1757905639
|move|p2a: Galvantula|Thunder Wave|p1a: Mimikyu
|-status|p1a: Mimikyu|par
|move|p1a: Mimikyu|Curse|p2a: Galvantula
|-start|p2a: Galvantula|Curse|[of] p1a: Mimikyu
|-damage|p1a: Mimikyu|20/100 par
|
|-heal|p1a: Mimikyu|26/100 par|[from] item: Leftovers
|-damage|p2a: Galvantula|46/100|[from] Curse
|upkeep
|turn|18
|
|t:|1757905654
|switch|p2a: Blaziken|Blaziken, M|1/100
|switch|p1a: Gliscor|Gliscor, M|100/100 tox
|
|upkeep
|turn|19
|
|t:|1757905664
|move|p1a: Gliscor|Knock Off|p2a: Blaziken
|-resisted|p2a: Blaziken
|-damage|p2a: Blaziken|0 fnt
|faint|p2a: Blaziken
|
|upkeep
|
|t:|1757905674
|switch|p2a: Alomomola|Alomomola, F|78/100 tox
|turn|20
|
|t:|1757905688
|move|p1a: Gliscor|Substitute|p1a: Gliscor
|-start|p1a: Gliscor|Substitute
|-damage|p1a: Gliscor|76/100 tox
|move|p2a: Alomomola|Flip Turn|p1a: Gliscor
|-supereffective|p1a: Gliscor
|-activate|p1a: Gliscor|move: Substitute|[damage]
|
|t:|1757905698
|switch|p2a: Donphan|Donphan, M|100/100|[from] Flip Turn
|
|-heal|p1a: Gliscor|88/100 tox|[from] ability: Poison Heal
|upkeep
|turn|21
|
|t:|1757905705
|move|p1a: Gliscor|Toxic|p2a: Donphan
|-status|p2a: Donphan|tox
|move|p2a: Donphan|Rapid Spin|p1a: Gliscor
|-end|p1a: Gliscor|Substitute
|-boost|p2a: Donphan|spe|1
|
|-damage|p2a: Donphan|94/100 tox|[from] psn
|-heal|p1a: Gliscor|100/100 tox|[from] ability: Poison Heal
|upkeep
|turn|22
|
|t:|1757905716
|move|p2a: Donphan|Rapid Spin|p1a: Gliscor
|-damage|p1a: Gliscor|90/100 tox
|-boost|p2a: Donphan|spe|1
|move|p1a: Gliscor|Substitute|p1a: Gliscor
|-start|p1a: Gliscor|Substitute
|-damage|p1a: Gliscor|65/100 tox
|
|-damage|p2a: Donphan|82/100 tox|[from] psn
|-heal|p1a: Gliscor|77/100 tox|[from] ability: Poison Heal
|upkeep
|turn|23
|
|t:|1757905722
|move|p2a: Donphan|Rapid Spin|p1a: Gliscor
|-activate|p1a: Gliscor|move: Substitute|[damage]
|-boost|p2a: Donphan|spe|1
|move|p1a: Gliscor|Knock Off|p2a: Donphan
|-damage|p2a: Donphan|63/100 tox
|-enditem|p2a: Donphan|Liechi Berry|[from] move: Knock Off|[of] p1a: Gliscor
|
|-damage|p2a: Donphan|44/100 tox|[from] psn
|-heal|p1a: Gliscor|90/100 tox|[from] ability: Poison Heal
|upkeep
|turn|24
|
|t:|1757905727
|move|p1a: Gliscor|Protect|p1a: Gliscor
|-singleturn|p1a: Gliscor|Protect
|move|p2a: Donphan|Rapid Spin|p1a: Gliscor
|-activate|p1a: Gliscor|move: Protect
|
|-damage|p2a: Donphan|19/100 tox|[from] psn
|-heal|p1a: Gliscor|100/100 tox|[from] ability: Poison Heal
|upkeep
|turn|25
|
|t:|1757905736
|move|p2a: Donphan|Flail|p1a: Gliscor
|-end|p1a: Gliscor|Substitute
|move|p1a: Gliscor|Knock Off|p2a: Donphan
|-damage|p2a: Donphan|7/100 tox
|
|-damage|p2a: Donphan|0 fnt|[from] psn
|faint|p2a: Donphan
|upkeep
|
|t:|1757905744
|switch|p2a: Sneasel|Sneasel, F, shiny|72/100 tox
|turn|26
|
|t:|1757905750
|switch|p1a: Incineroar|Incineroar, M|95/100
|-activate|p1a: Incineroar|move: Sticky Web
|-unboost|p1a: Incineroar|spe|1
|-ability|p1a: Incineroar|Intimidate|boost
|-unboost|p2a: Sneasel|atk|1
|move|p2a: Sneasel|Ice Shard|p1a: Incineroar
|-resisted|p1a: Incineroar
|-damage|p1a: Incineroar|90/100
|
|-damage|p2a: Sneasel|66/100 tox|[from] psn
|upkeep
|turn|27
|
|t:|1757905760
|switch|p2a: Alomomola|Alomomola, F|100/100 tox
|move|p1a: Incineroar|U-turn|p2a: Alomomola
|-damage|p2a: Alomomola|88/100 tox
|
|t:|1757905778
|switch|p1a: Gliscor|Gliscor, M|100/100 tox|[from] U-turn
|
|-damage|p2a: Alomomola|82/100 tox|[from] psn
|upkeep
|turn|28
|
|t:|1757905783
|move|p1a: Gliscor|Substitute|p1a: Gliscor
|-start|p1a: Gliscor|Substitute
|-damage|p1a: Gliscor|76/100 tox
|move|p2a: Alomomola|Liquidation|p1a: Gliscor
|-supereffective|p1a: Gliscor
|-end|p1a: Gliscor|Substitute
|
|-heal|p1a: Gliscor|88/100 tox|[from] ability: Poison Heal
|-damage|p2a: Alomomola|70/100 tox|[from] psn
|upkeep
|turn|29
|
|t:|1757905789
|move|p1a: Gliscor|Protect|p1a: Gliscor
|-singleturn|p1a: Gliscor|Protect
|move|p2a: Alomomola|Liquidation|p1a: Gliscor
|-activate|p1a: Gliscor|move: Protect
|
|-heal|p1a: Gliscor|100/100 tox|[from] ability: Poison Heal
|-damage|p2a: Alomomola|51/100 tox|[from] psn
|upkeep
|turn|30
|
|t:|1757905793
|move|p1a: Gliscor|Substitute|p1a: Gliscor
|-start|p1a: Gliscor|Substitute
|-damage|p1a: Gliscor|76/100 tox
|move|p2a: Alomomola|Liquidation|p1a: Gliscor
|-supereffective|p1a: Gliscor
|-end|p1a: Gliscor|Substitute
|
|-heal|p1a: Gliscor|88/100 tox|[from] ability: Poison Heal
|-damage|p2a: Alomomola|27/100 tox|[from] psn
|upkeep
|turn|31
|
|t:|1757905799
|move|p1a: Gliscor|Protect|p1a: Gliscor
|-singleturn|p1a: Gliscor|Protect
|move|p2a: Alomomola|Wish|p2a: Alomomola
|
|-heal|p1a: Gliscor|100/100 tox|[from] ability: Poison Heal
|-damage|p2a: Alomomola|0 fnt|[from] psn
|faint|p2a: Alomomola
|upkeep
|
|t:|1757905808
|switch|p2a: Sneasel|Sneasel, F, shiny|66/100 tox
|turn|32
|
|t:|1757905819
|move|p1a: Gliscor|Protect|p1a: Gliscor
|-singleturn|p1a: Gliscor|Protect
|move|p2a: Sneasel|Ice Shard|p1a: Gliscor
|-activate|p1a: Gliscor|move: Protect
|
|-heal|p2a: Sneasel|100/100 tox|[from] move: Wish|[wisher] Alomomola
|-damage|p2a: Sneasel|95/100 tox|[from] psn
|upkeep
|turn|33
|
|t:|1757905828
|switch|p1a: Incineroar|Incineroar, M|90/100
|-activate|p1a: Incineroar|move: Sticky Web
|-unboost|p1a: Incineroar|spe|1
|-ability|p1a: Incineroar|Intimidate|boost
|-unboost|p2a: Sneasel|atk|1
|move|p2a: Sneasel|Ice Shard|p1a: Incineroar
|-resisted|p1a: Incineroar
|-damage|p1a: Incineroar|85/100
|
|-damage|p2a: Sneasel|83/100 tox|[from] psn
|upkeep
|turn|34
|
|t:|1757905835
|move|p1a: Incineroar|Flare Blitz|p2a: Sneasel
|-supereffective|p2a: Sneasel
|-damage|p2a: Sneasel|0 fnt
|faint|p2a: Sneasel
|-damage|p1a: Incineroar|68/100|[from] Recoil
|
|upkeep
|
|t:|1757905847
|switch|p2a: Meganium|Meganium, F|94/100 tox
|turn|35
|
|t:|1757905852
|-terastallize|p2a: Meganium|Fire
|move|p2a: Meganium|Trailblaze|p1a: Incineroar
|-resisted|p1a: Incineroar
|-damage|p1a: Incineroar|59/100
|-boost|p2a: Meganium|spe|1
|move|p1a: Incineroar|Flare Blitz|p2a: Meganium
|-resisted|p2a: Meganium
|-damage|p2a: Meganium|60/100 tox
|-damage|p1a: Incineroar|50/100|[from] Recoil
|
|-damage|p2a: Meganium|54/100 tox|[from] psn
|upkeep
|turn|36
|
|t:|1757905864
|move|p2a: Meganium|Earthquake|p1a: Incineroar
|-supereffective|p1a: Incineroar
|-damage|p1a: Incineroar|6/100
|move|p1a: Incineroar|Close Combat|p2a: Meganium
|-damage|p2a: Meganium|9/100 tox
|-unboost|p1a: Incineroar|def|1
|-unboost|p1a: Incineroar|spd|1
|
|-damage|p2a: Meganium|0 fnt|[from] psn
|faint|p2a: Meganium
|upkeep
|
|t:|1757905881
|switch|p2a: Galvantula|Galvantula, M|46/100
|turn|37
|
|t:|1757905895
|move|p2a: Galvantula|Bug Buzz|p1a: Incineroar
|-damage|p1a: Incineroar|0 fnt
|faint|p1a: Incineroar
|
|upkeep
|
|t:|1757905898
|switch|p1a: Gliscor|Gliscor, M|100/100 tox
|turn|38
|
|t:|1757905917
|move|p2a: Galvantula|Bug Buzz|p1a: Gliscor
|-resisted|p1a: Gliscor
|-damage|p1a: Gliscor|73/100 tox
|move|p1a: Gliscor|Toxic|p2a: Galvantula
|-status|p2a: Galvantula|tox
|
|-damage|p2a: Galvantula|40/100 tox|[from] psn
|-heal|p1a: Gliscor|86/100 tox|[from] ability: Poison Heal
|upkeep
|turn|39
|-message|itspaoloooo forfeited.
|
|win|TAT_Yangyu
|raw|TAT_Yangyu's rating: 1091 &rarr; <strong>1122</strong><br />(+31 for winning)
|raw|itspaoloooo's rating: 1157 &rarr; <strong>1127</strong><br />(-30 for losing)
|l|☆itspaoloooo
|player|p2|
|l|☆TAT_Yangyu
|player|p1|
