|j|☆fedboi
|j|☆vChickenNugget
|t:|1757849230
|gametype|singles
|player|p1|fedboi|170|1290
|player|p2|vChickenNugget|erika|1266
|gen|9
|tier|[Gen 9] OU
|rated|
|rule|HP Percentage Mod: HP is shown in percentages
|rule|Endless Battle Clause: Forcing endless battles is banned
|rule|Species Clause: Limit one of each Pokémon
|rule|OHKO Clause: OHKO moves are banned
|rule|Evasion Items Clause: Evasion items are banned
|rule|Evasion Moves Clause: Evasion moves are banned
|rule|Evasion Abilities Clause: Evasion abilities are banned
|rule|Sleep Moves Clause: Sleep-inducing moves are banned
|clearpoke
|poke|p1|Torterra, M|
|poke|p1|Iron Crown|
|poke|p1|Primarina, F|
|poke|p1|Darkrai|
|poke|p1|Deoxys-Speed|
|poke|p1|Zamazenta-*|
|poke|p2|Thundurus-Therian, M|
|poke|p2|Meowscarada, F|
|poke|p2|Hatterene, F|
|poke|p2|Great Tusk|
|poke|p2|Toxapex, M|
|poke|p2|Slither Wing|
|teampreview
|inactive|Battle timer is ON: inactive players will automatically lose when time's up. (requested by fedboi)
|inactive|vChickenNugget has 120 seconds left.
|
|t:|1757849270
|teamsize|p1|6
|teamsize|p2|6
|start
|switch|p1a: Deoxys|Deoxys-Speed|100/100
|switch|p2a: Meowscarada|Meowscarada, F|100/100
|-ability|p1a: Deoxys|Pressure
|turn|1
|
|t:|1757849276
|move|p2a: Meowscarada|U-turn|p1a: Deoxys
|-start|p2a: Meowscarada|typechange|Bug|[from] ability: Protean
|-supereffective|p1a: Deoxys
|-enditem|p1a: Deoxys|Focus Sash
|-damage|p1a: Deoxys|1/100
|
|t:|1757849283
|switch|p2a: Hatterene|Hatterene, F|100/100|[from] U-turn
|move|p1a: Deoxys|Thunder Wave|p2a: Hatterene
|move|p2a: Hatterene|Thunder Wave|p1a: Deoxys|[from] ability: Magic Bounce
|-status|p1a: Deoxys|par
|
|upkeep
|turn|2
|
|t:|1757849292
|move|p1a: Deoxys|Knock Off|p2a: Hatterene
|-damage|p2a: Hatterene|85/100
|-enditem|p2a: Hatterene|Leftovers|[from] move: Knock Off|[of] p1a: Deoxys
|move|p2a: Hatterene|Psychic Noise|p1a: Deoxys
|-resisted|p1a: Deoxys
|-damage|p1a: Deoxys|0 fnt
|faint|p1a: Deoxys
|
|upkeep
|
|t:|1757849300
|switch|p1a: Torterra|Torterra, M|100/100
|turn|3
|inactive|vChickenNugget has 120 seconds left.
|inactive|vChickenNugget has 90 seconds left.
|
|t:|1757849363
|move|p1a: Torterra|Shell Smash|p1a: Torterra
|-unboost|p1a: Torterra|def|1
|-unboost|p1a: Torterra|spd|1
|-boost|p1a: Torterra|atk|2
|-boost|p1a: Torterra|spa|2
|-boost|p1a: Torterra|spe|2
|move|p2a: Hatterene|Psychic Noise|p1a: Torterra
|-damage|p1a: Torterra|36/100
|-start|p1a: Torterra|move: Heal Block
|
|upkeep
|turn|4
|
|t:|1757849391
|move|p1a: Torterra|Headlong Rush|p2a: Hatterene
|-damage|p2a: Hatterene|0 fnt
|-unboost|p1a: Torterra|def|1
|-unboost|p1a: Torterra|spd|1
|faint|p2a: Hatterene
|
|-end|p1a: Torterra|move: Heal Block
|upkeep
|
|t:|1757849396
|switch|p2a: Slither Wing|Slither Wing|100/100
|turn|5
|
|t:|1757849405
|move|p2a: Slither Wing|First Impression|p1a: Torterra
|-supereffective|p1a: Torterra
|-damage|p1a: Torterra|0 fnt
|faint|p1a: Torterra
|
|upkeep
|inactive|fedboi has 120 seconds left.
|
|t:|1757849440
|switch|p1a: Iron Crown|Iron Crown|100/100
|-enditem|p1a: Iron Crown|Booster Energy
|-activate|p1a: Iron Crown|ability: Quark Drive|[fromitem]
|-start|p1a: Iron Crown|quarkdrivespe
|turn|6
|
|t:|1757849446
|move|p1a: Iron Crown|Calm Mind|p1a: Iron Crown
|-boost|p1a: Iron Crown|spa|1
|-boost|p1a: Iron Crown|spd|1
|move|p2a: Slither Wing|Earthquake|p1a: Iron Crown
|-supereffective|p1a: Iron Crown
|-damage|p1a: Iron Crown|20/100
|
|upkeep
|turn|7
|inactive|fedboi has 120 seconds left.
|
|t:|1757849454
|move|p1a: Iron Crown|Psychic|p2a: Slither Wing
|-supereffective|p2a: Slither Wing
|-damage|p2a: Slither Wing|13/100
|move|p2a: Slither Wing|Earthquake|p1a: Iron Crown
|-supereffective|p1a: Iron Crown
|-damage|p1a: Iron Crown|0 fnt
|faint|p1a: Iron Crown
|-end|p1a: Iron Crown|Quark Drive|[silent]
|
|upkeep
|inactive|fedboi has 120 seconds left.
|
|t:|1757849461
|switch|p1a: Darkrai|Darkrai|100/100
|turn|8
|
|t:|1757849466
|-end|p2a: Slither Wing|Protosynthesis|[silent]
|switch|p2a: Toxapex|Toxapex, M|100/100
|-terastallize|p1a: Darkrai|Poison
|move|p1a: Darkrai|Nasty Plot|p1a: Darkrai
|-boost|p1a: Darkrai|spa|2
|
|upkeep
|turn|9
|
|t:|1757849481
|move|p1a: Darkrai|Dark Pulse|p2a: Toxapex
|-damage|p2a: Toxapex|58/100
|move|p2a: Toxapex|Infestation|p1a: Darkrai
|-resisted|p1a: Darkrai
|-damage|p1a: Darkrai|98/100
|-activate|p1a: Darkrai|move: Infestation|[of] p2a: Toxapex
|
|-heal|p1a: Darkrai|100/100|[from] item: Leftovers
|-damage|p1a: Darkrai|88/100|[from] move: Infestation|[partiallytrapped]
|upkeep
|turn|10
|
|t:|1757849489
|move|p1a: Darkrai|Nasty Plot|p1a: Darkrai
|-boost|p1a: Darkrai|spa|2
|move|p2a: Toxapex|Acid Spray|p1a: Darkrai
|-resisted|p1a: Darkrai
|-damage|p1a: Darkrai|80/100
|-unboost|p1a: Darkrai|spd|2
|
|-heal|p1a: Darkrai|87/100|[from] item: Leftovers
|-damage|p1a: Darkrai|74/100|[from] move: Infestation|[partiallytrapped]
|upkeep
|turn|11
|
|t:|1757849498
|move|p1a: Darkrai|Dark Pulse|p2a: Toxapex
|-damage|p2a: Toxapex|0 fnt
|faint|p2a: Toxapex
|
|-heal|p1a: Darkrai|80/100|[from] item: Leftovers
|-end|p1a: Darkrai|Infestation|[partiallytrapped]|[silent]
|upkeep
|
|t:|1757849510
|switch|p2a: Meowscarada|Meowscarada, F|100/100
|turn|12
|
|t:|1757849515
|move|p2a: Meowscarada|Knock Off|p1a: Darkrai
|-start|p2a: Meowscarada|typechange|Dark|[from] ability: Protean
|-damage|p1a: Darkrai|33/100
|-enditem|p1a: Darkrai|Leftovers|[from] move: Knock Off|[of] p2a: Meowscarada
|move|p1a: Darkrai|Ice Beam|p2a: Meowscarada
|-damage|p2a: Meowscarada|0 fnt
|faint|p2a: Meowscarada
|
|upkeep
|
|t:|1757849520
|switch|p2a: Slither Wing|Slither Wing|13/100
|turn|13
|
|t:|1757849526
|switch|p1a: Zamazenta|Zamazenta|100/100
|-ability|p1a: Zamazenta|Dauntless Shield|boost
|-boost|p1a: Zamazenta|def|1
|move|p2a: Slither Wing|First Impression|p1a: Zamazenta
|-resisted|p1a: Zamazenta
|-damage|p1a: Zamazenta|83/100
|
|upkeep
|turn|14
|
|t:|1757849535
|-end|p2a: Slither Wing|Protosynthesis|[silent]
|switch|p2a: Great Tusk|Great Tusk|100/100
|move|p1a: Zamazenta|Crunch|p2a: Great Tusk
|-resisted|p2a: Great Tusk
|-damage|p2a: Great Tusk|93/100
|-damage|p1a: Zamazenta|66/100|[from] item: Rocky Helmet|[of] p2a: Great Tusk
|
|upkeep
|turn|15
|
|t:|1757849543
|move|p1a: Zamazenta|Play Rough|p2a: Great Tusk
|-supereffective|p2a: Great Tusk
|-damage|p2a: Great Tusk|55/100
|-unboost|p2a: Great Tusk|atk|1
|-damage|p1a: Zamazenta|50/100|[from] item: Rocky Helmet|[of] p2a: Great Tusk
|move|p2a: Great Tusk|Stealth Rock|p1a: Zamazenta
|-sidestart|p1: fedboi|move: Stealth Rock
|
|upkeep
|turn|16
|
|t:|1757849556
|move|p1a: Zamazenta|Play Rough|p2a: Great Tusk
|-supereffective|p2a: Great Tusk
|-damage|p2a: Great Tusk|21/100
|-damage|p1a: Zamazenta|33/100|[from] item: Rocky Helmet|[of] p2a: Great Tusk
|move|p2a: Great Tusk|Headlong Rush|p1a: Zamazenta
|-damage|p1a: Zamazenta|11/100
|-unboost|p2a: Great Tusk|def|1
|-unboost|p2a: Great Tusk|spd|1
|
|upkeep
|turn|17
|
|t:|1757849565
|move|p1a: Zamazenta|Play Rough|p2a: Great Tusk
|-supereffective|p2a: Great Tusk
|-damage|p2a: Great Tusk|0 fnt
|-damage|p1a: Zamazenta|0 fnt|[from] item: Rocky Helmet|[of] p2a: Great Tusk
|faint|p2a: Great Tusk
|-end|p2a: Great Tusk|Protosynthesis|[silent]
|faint|p1a: Zamazenta
|
|upkeep
|
|t:|1757849581
|switch|p1a: Primarina|Primarina, F|100/100
|switch|p2a: Thundurus|Thundurus-Therian, M|100/100
|-damage|p1a: Primarina|88/100|[from] Stealth Rock
|turn|18
|inactive|fedboi has 120 seconds left.
|
|t:|1757849612
|move|p2a: Thundurus|Volt Switch|p1a: Primarina
|-supereffective|p1a: Primarina
|-crit|p1a: Primarina
|-damage|p1a: Primarina|6/100
|
|t:|1757849616
|switch|p2a: Slither Wing|Slither Wing|13/100|[from] Volt Switch
|move|p1a: Primarina|Ice Beam|p2a: Slither Wing
|-damage|p2a: Slither Wing|0 fnt
|faint|p2a: Slither Wing
|-end|p2a: Slither Wing|Protosynthesis|[silent]
|
|upkeep
|
|t:|1757849618
|switch|p2a: Thundurus|Thundurus-Therian, M|100/100
|turn|19
|
|t:|1757849624
|move|p2a: Thundurus|Volt Switch|p1a: Primarina
|-supereffective|p1a: Primarina
|-damage|p1a: Primarina|0 fnt
|faint|p1a: Primarina
|
|upkeep
|
|t:|1757849629
|switch|p1a: Darkrai|Darkrai, tera:Poison|33/100
|-damage|p1a: Darkrai|21/100|[from] Stealth Rock
|turn|20
|
|t:|1757849634
|move|p1a: Darkrai|Ice Beam|p2a: Thundurus
|-supereffective|p2a: Thundurus
|-damage|p2a: Thundurus|21/100
|-status|p2a: Thundurus|frz
|cant|p2a: Thundurus|frz
|
|upkeep
|turn|21
|
|t:|1757849640
|move|p1a: Darkrai|Ice Beam|p2a: Thundurus
|-supereffective|p2a: Thundurus
|-damage|p2a: Thundurus|0 fnt
|faint|p2a: Thundurus
|
|win|fedboi
|raw|fedboi's rating: 1290 &rarr; <strong>1313</strong><br />(+23 for winning)
|raw|vChickenNugget's rating: 1266 &rarr; <strong>1243</strong><br />(-23 for losing)
|l|☆vChickenNugget
|player|p2|
