|j|☆l30_09
|j|☆SnowyClouds
|t:|1757815066
|gametype|singles
|player|p1|l30_09|lucas-gen4pt|1062
|player|p2|SnowyClouds|lady-gen4|1102
|gen|9
|tier|[Gen 9] OU
|rated|
|rule|HP Percentage Mod: HP is shown in percentages
|rule|Endless Battle Clause: Forcing endless battles is banned
|rule|Species Clause: Limit one of each Pokémon
|rule|OHKO Clause: OHKO moves are banned
|rule|Evasion Items Clause: Evasion items are banned
|rule|Evasion Moves Clause: Evasion moves are banned
|rule|Evasion Abilities Clause: Evasion abilities are banned
|rule|Sleep Moves Clause: Sleep-inducing moves are banned
|clearpoke
|poke|p1|Quaquaval, M|
|poke|p1|Pawmot, M|
|poke|p1|Maushold|
|poke|p1|Tatsugiri-Droopy, M|
|poke|p1|Clodsire, M|
|poke|p1|Dachsbun, M|
|poke|p2|Venusaur, F|
|poke|p2|Golem, F|
|poke|p2|Cloyster, F|
|poke|p2|Zapdos|
|poke|p2|Hitmonlee, M|
|poke|p2|Arcanine, F|
|teampreview
|inactive|Battle timer is ON: inactive players will automatically lose when time's up. (requested by SnowyClouds)
|
|t:|1757815071
|teamsize|p1|6
|teamsize|p2|6
|start
|switch|p1a: Clodsire|Clodsire, M|100/100
|switch|p2a: Golem|Golem, F|100/100
|turn|1
|
|t:|1757815080
|move|p2a: Golem|Stealth Rock|p1a: Clodsire
|-sidestart|p1: l30_09|move: Stealth Rock
|move|p1a: Clodsire|Toxic|p2a: Golem
|-status|p2a: Golem|tox
|
|-damage|p2a: Golem|94/100 tox|[from] psn
|upkeep
|turn|2
|
|t:|1757815087
|move|p2a: Golem|Earthquake|p1a: Clodsire
|-supereffective|p1a: Clodsire
|-damage|p1a: Clodsire|0 fnt
|faint|p1a: Clodsire
|
|-damage|p2a: Golem|82/100 tox|[from] psn
|upkeep
|
|t:|1757815095
|switch|p1a: Quaquaval|Quaquaval, M|100/100
|-damage|p1a: Quaquaval|94/100|[from] Stealth Rock
|turn|3
|
|t:|1757815102
|switch|p2a: Zapdos|Zapdos|100/100
|move|p1a: Quaquaval|Ice Spinner|p2a: Zapdos
|-supereffective|p2a: Zapdos
|-damage|p2a: Zapdos|13/100
|-status|p1a: Quaquaval|par|[from] ability: Static|[of] p2a: Zapdos
|-damage|p1a: Quaquaval|84/100 par|[from] item: Life Orb
|
|upkeep
|turn|4
|
|t:|1757815115
|move|p2a: Zapdos|Thunderbolt|p1a: Quaquaval
|-supereffective|p1a: Quaquaval
|-damage|p1a: Quaquaval|0 fnt
|faint|p1a: Quaquaval
|
|upkeep
|
|t:|1757815121
|switch|p1a: Maushold|Maushold|100/100
|-damage|p1a: Maushold|88/100|[from] Stealth Rock
|turn|5
|
|t:|1757815125
|move|p1a: Maushold|Population Bomb|p2a: Zapdos
|-damage|p2a: Zapdos|0 fnt
|faint|p2a: Zapdos
|-hitcount|p2: Zapdos|1
|
|upkeep
|
|t:|1757815131
|switch|p2a: Hitmonlee|Hitmonlee, M|100/100
|turn|6
|
|t:|1757815134
|move|p1a: Maushold|Population Bomb|p2a: Hitmonlee
|-damage|p2a: Hitmonlee|76/100
|-damage|p2a: Hitmonlee|50/100
|-damage|p2a: Hitmonlee|25/100
|-damage|p2a: Hitmonlee|0 fnt
|faint|p2a: Hitmonlee
|-hitcount|p2: Hitmonlee|4
|
|upkeep
|
|t:|1757815144
|switch|p2a: Golem|Golem, F|82/100 tox
|turn|7
|
|t:|1757815153
|switch|p1a: Tatsugiri|Tatsugiri-Droopy, M, shiny|100/100
|-damage|p1a: Tatsugiri|88/100|[from] Stealth Rock
|move|p2a: Golem|Stone Edge|p1a: Tatsugiri|[miss]
|-miss|p2a: Golem|p1a: Tatsugiri
|
|-damage|p2a: Golem|76/100 tox|[from] psn
|upkeep
|turn|8
|
|t:|1757815164
|switch|p2a: Cloyster|Cloyster, F|100/100
|move|p1a: Tatsugiri|Surf|p2a: Cloyster
|-resisted|p2a: Cloyster
|-damage|p2a: Cloyster|46/100
|
|upkeep
|turn|9
|
|t:|1757815173
|move|p1a: Tatsugiri|Surf|p2a: Cloyster
|-resisted|p2a: Cloyster
|-damage|p2a: Cloyster|0 fnt
|faint|p2a: Cloyster
|
|upkeep
|
|t:|1757815178
|switch|p2a: Venusaur|Venusaur, F|100/100
|turn|10
|
|t:|1757815188
|switch|p1a: Maushold|Maushold|88/100
|-damage|p1a: Maushold|76/100|[from] Stealth Rock
|move|p2a: Venusaur|Roar|p1a: Maushold
|drag|p1a: Dachsbun|Dachsbun, M|100/100
|-damage|p1a: Dachsbun|88/100|[from] Stealth Rock
|
|-heal|p1a: Dachsbun|94/100|[from] item: Leftovers
|upkeep
|turn|11
|
|t:|1757815201
|move|p2a: Venusaur|Sludge Bomb|p1a: Dachsbun
|-supereffective|p1a: Dachsbun
|-damage|p1a: Dachsbun|24/100
|move|p1a: Dachsbun|Body Press|p2a: Venusaur
|-resisted|p2a: Venusaur
|-damage|p2a: Venusaur|87/100
|
|-heal|p2a: Venusaur|93/100|[from] item: Leftovers
|-heal|p1a: Dachsbun|30/100|[from] item: Leftovers
|upkeep
|turn|12
|
|t:|1757815212
|move|p1a: Dachsbun|Wish|p1a: Dachsbun
|move|p2a: Venusaur|Roar|p1a: Dachsbun
|drag|p1a: Tatsugiri|Tatsugiri-Droopy, M, shiny|88/100
|-damage|p1a: Tatsugiri|76/100|[from] Stealth Rock
|
|-heal|p2a: Venusaur|99/100|[from] item: Leftovers
|upkeep
|turn|13
|
|t:|1757815223
|move|p2a: Venusaur|Energy Ball|p1a: Tatsugiri
|-damage|p1a: Tatsugiri|28/100
|move|p1a: Tatsugiri|Mirror Coat|p2a: Venusaur
|-damage|p2a: Venusaur|11/100
|
|-heal|p1a: Tatsugiri|85/100|[from] move: Wish|[wisher] Dachsbun
|-heal|p2a: Venusaur|17/100|[from] item: Leftovers
|upkeep
|turn|14
|
|t:|1757815235
|move|p1a: Tatsugiri|Mirror Coat||[still]
|-fail|p1a: Tatsugiri
|move|p2a: Venusaur|Roar|p1a: Tatsugiri
|drag|p1a: Maushold|Maushold|76/100
|-damage|p1a: Maushold|63/100|[from] Stealth Rock
|
|-heal|p2a: Venusaur|23/100|[from] item: Leftovers
|upkeep
|turn|15
|
|t:|1757815243
|move|p1a: Maushold|Population Bomb|p2a: Venusaur
|-damage|p2a: Venusaur|7/100
|-crit|p2a: Venusaur
|-damage|p2a: Venusaur|0 fnt
|faint|p2a: Venusaur
|-hitcount|p2: Venusaur|2
|
|upkeep
|
|t:|1757815250
|switch|p2a: Golem|Golem, F|76/100 tox
|turn|16
|
|t:|1757815257
|switch|p1a: Tatsugiri|Tatsugiri-Droopy, M, shiny|85/100
|-damage|p1a: Tatsugiri|73/100|[from] Stealth Rock
|move|p2a: Golem|Rock Polish|p2a: Golem
|-boost|p2a: Golem|spe|2
|
|-damage|p2a: Golem|70/100 tox|[from] psn
|upkeep
|turn|17
|
|t:|1757815266
|move|p1a: Tatsugiri|Surf|p2a: Golem
|-supereffective|p2a: Golem
|-crit|p2a: Golem
|-damage|p2a: Golem|0 fnt
|faint|p2a: Golem
|
|upkeep
|
|t:|1757815271
|switch|p2a: Arcanine|Arcanine, F|100/100
|-ability|p2a: Arcanine|Intimidate|boost
|-unboost|p1a: Tatsugiri|atk|1
|turn|18
|
|t:|1757815277
|-terastallize|p1a: Tatsugiri|Dragon
|-terastallize|p2a: Arcanine|Psychic
|move|p1a: Tatsugiri|Surf|p2a: Arcanine
|-damage|p2a: Arcanine|43/100
|move|p2a: Arcanine|Psychic Fangs|p1a: Tatsugiri
|-damage|p1a: Tatsugiri|0 fnt
|faint|p1a: Tatsugiri
|
|upkeep
|
|t:|1757815288
|switch|p1a: Maushold|Maushold|63/100
|-damage|p1a: Maushold|51/100|[from] Stealth Rock
|turn|19
|
|t:|1757815292
|move|p1a: Maushold|Population Bomb|p2a: Arcanine
|-damage|p2a: Arcanine|29/100
|-damage|p1a: Maushold|34/100|[from] item: Rocky Helmet|[of] p2a: Arcanine
|-damage|p2a: Arcanine|16/100
|-damage|p1a: Maushold|17/100|[from] item: Rocky Helmet|[of] p2a: Arcanine
|-damage|p2a: Arcanine|1/100
|-damage|p1a: Maushold|1/100|[from] item: Rocky Helmet|[of] p2a: Arcanine
|-damage|p2a: Arcanine|0 fnt
|-damage|p1a: Maushold|0 fnt|[from] item: Rocky Helmet|[of] p2a: Arcanine
|faint|p2a: Arcanine
|faint|p1a: Maushold
|
|win|l30_09
|-hitcount|p2: Arcanine|4
|raw|l30_09's rating: 1062 &rarr; <strong>1096</strong><br />(+34 for winning)
|raw|SnowyClouds's rating: 1102 &rarr; <strong>1074</strong><br />(-28 for losing)
|l|☆SnowyClouds
|player|p2|
|l|☆l30_09
|player|p1|
