|j|☆jibreel69
|j|☆go7777777
|t:|1757940207
|gametype|singles
|player|p1|jibreel69|102|1434
|player|p2|go7777777|red|1474
|gen|9
|tier|[Gen 9] OU
|rated|
|rule|HP Percentage Mod: HP is shown in percentages
|rule|Endless Battle Clause: Forcing endless battles is banned
|rule|Species Clause: Limit one of each Pokémon
|rule|OHKO Clause: OHKO moves are banned
|rule|Evasion Items Clause: Evasion items are banned
|rule|Evasion Moves Clause: Evasion moves are banned
|rule|Evasion Abilities Clause: Evasion abilities are banned
|rule|Sleep Moves Clause: Sleep-inducing moves are banned
|clearpoke
|poke|p1|Iron Moth|
|poke|p1|Ting-Lu|
|poke|p1|Torkoal, M|
|poke|p1|Walking Wake|
|poke|p1|Great Tusk|
|poke|p1|Slither Wing|
|poke|p2|Braviary-Hisui, M|
|poke|p2|Pelipper, M|
|poke|p2|Porygon2|
|poke|p2|Hatterene, F|
|poke|p2|Basculegion, M|
|poke|p2|Floatzel, F|
|teampreview
|inactive|Battle timer is ON: inactive players will automatically lose when time's up. (requested by go7777777)
|
|t:|1757940278
|teamsize|p1|6
|teamsize|p2|6
|start
|switch|p1a: Slither Wing|Slither Wing|100/100
|switch|p2a: Floatzel|Floatzel, F|100/100
|turn|1
|
|t:|1757940288
|switch|p2a: Pelipper|Pelipper, M|100/100
|-weather|RainDance|[from] ability: Drizzle|[of] p2a: Pelipper
|move|p1a: Slither Wing|U-turn|p2a: Pelipper
|-resisted|p2a: Pelipper
|-damage|p2a: Pelipper|74/100
|
|t:|1757940303
|-end|p1a: Slither Wing|Protosynthesis|[silent]
|switch|p1a: Torkoal|Torkoal, M|100/100|[from] U-turn
|-weather|SunnyDay|[from] ability: Drought|[of] p1a: Torkoal
|
|-weather|SunnyDay|[upkeep]
|upkeep
|turn|2
|
|t:|1757940312
|switch|p1a: Slither Wing|Slither Wing|100/100
|-activate|p1a: Slither Wing|ability: Protosynthesis
|-start|p1a: Slither Wing|protosynthesisatk
|move|p2a: Pelipper|Knock Off|p1a: Slither Wing
|-resisted|p1a: Slither Wing
|-damage|p1a: Slither Wing|91/100
|-enditem|p1a: Slither Wing|Choice Band|[from] move: Knock Off|[of] p2a: Pelipper
|
|-weather|SunnyDay|[upkeep]
|upkeep
|turn|3
|
|t:|1757940320
|move|p1a: Slither Wing|U-turn|p2a: Pelipper
|-resisted|p2a: Pelipper
|-damage|p2a: Pelipper|53/100
|
|t:|1757940329
|-end|p1a: Slither Wing|Protosynthesis|[silent]
|switch|p1a: Ting-Lu|Ting-Lu|100/100|[from] U-turn
|-ability|p1a: Ting-Lu|Vessel of Ruin
|move|p2a: Pelipper|Hurricane|p1a: Ting-Lu
|-damage|p1a: Ting-Lu|86/100
|
|-weather|SunnyDay|[upkeep]
|upkeep
|turn|4
|
|t:|1757940340
|move|p1a: Ting-Lu|Ruination|p2a: Pelipper
|-damage|p2a: Pelipper|27/100
|move|p2a: Pelipper|U-turn|p1a: Ting-Lu
|-supereffective|p1a: Ting-Lu
|-damage|p1a: Ting-Lu|76/100
|-damage|p2a: Pelipper|10/100|[from] item: Rocky Helmet|[of] p1a: Ting-Lu
|
|t:|1757940349
|switch|p2a: Basculegion|Basculegion, M|100/100|[from] U-turn
|
|-weather|SunnyDay|[upkeep]
|upkeep
|turn|5
|
|t:|1757940362
|switch|p1a: Walking Wake|Walking Wake|100/100
|-activate|p1a: Walking Wake|ability: Protosynthesis
|-start|p1a: Walking Wake|protosynthesisspe
|move|p2a: Basculegion|Wave Crash|p1a: Walking Wake
|-resisted|p1a: Walking Wake
|-damage|p1a: Walking Wake|88/100
|-damage|p2a: Basculegion|97/100|[from] Recoil
|
|-weather|SunnyDay|[upkeep]
|upkeep
|turn|6
|
|t:|1757940371
|switch|p2a: Porygon2|Porygon2|100/100
|-ability|p2a: Porygon2|Download|boost
|-boost|p2a: Porygon2|spa|1
|move|p1a: Walking Wake|Hydro Steam|p2a: Porygon2
|-damage|p2a: Porygon2|52/100
|
|-weather|SunnyDay|[upkeep]
|upkeep
|turn|7
|
|t:|1757940380
|move|p1a: Walking Wake|Hydro Steam|p2a: Porygon2
|-damage|p2a: Porygon2|3/100
|move|p2a: Porygon2|Trick Room|p2a: Porygon2
|-fieldstart|move: Trick Room|[of] p2a: Porygon2
|
|-weather|SunnyDay|[upkeep]
|upkeep
|turn|8
|
|t:|1757940386
|move|p2a: Porygon2|Tri Attack|p1a: Walking Wake
|-damage|p1a: Walking Wake|37/100
|move|p1a: Walking Wake|Hydro Steam|p2a: Porygon2
|-damage|p2a: Porygon2|0 fnt
|faint|p2a: Porygon2
|
|-weather|none
|-end|p1a: Walking Wake|Protosynthesis
|upkeep
|
|t:|1757940389
|switch|p2a: Braviary|Braviary-Hisui, M|100/100
|turn|9
|
|t:|1757940395
|-end|p1a: Walking Wake|Protosynthesis|[silent]
|switch|p1a: Ting-Lu|Ting-Lu|76/100
|-ability|p1a: Ting-Lu|Vessel of Ruin
|move|p2a: Braviary|Hurricane|p1a: Ting-Lu|[miss]
|-miss|p2a: Braviary|p1a: Ting-Lu
|
|upkeep
|turn|10
|
|t:|1757940402
|move|p1a: Ting-Lu|Spikes|p2a: Braviary
|-sidestart|p2: go7777777|Spikes
|move|p2a: Braviary|Hurricane|p1a: Ting-Lu
|-damage|p1a: Ting-Lu|41/100
|
|upkeep
|turn|11
|
|t:|1757940409
|move|p1a: Ting-Lu|Ruination|p2a: Braviary|[miss]
|-miss|p1a: Ting-Lu|p2a: Braviary
|move|p2a: Braviary|Hurricane|p1a: Ting-Lu
|-damage|p1a: Ting-Lu|3/100
|
|-fieldend|move: Trick Room
|upkeep
|turn|12
|
|t:|1757940414
|move|p2a: Braviary|Hurricane|p1a: Ting-Lu
|-damage|p1a: Ting-Lu|0 fnt
|faint|p1a: Ting-Lu
|
|upkeep
|
|t:|1757940420
|switch|p1a: Torkoal|Torkoal, M|100/100
|-weather|SunnyDay|[from] ability: Drought|[of] p1a: Torkoal
|turn|13
|
|t:|1757940424
|move|p2a: Braviary|Hurricane|p1a: Torkoal
|-damage|p1a: Torkoal|0 fnt
|faint|p1a: Torkoal
|
|-weather|SunnyDay|[upkeep]
|upkeep
|
|t:|1757940429
|switch|p1a: Iron Moth|Iron Moth|100/100
|turn|14
|
|t:|1757940433
|move|p1a: Iron Moth|Fiery Dance|p2a: Braviary
|-damage|p2a: Braviary|0 fnt
|faint|p2a: Braviary
|
|-weather|SunnyDay|[upkeep]
|upkeep
|
|t:|1757940438
|switch|p2a: Pelipper|Pelipper, M|10/100
|-weather|RainDance|[from] ability: Drizzle|[of] p2a: Pelipper
|turn|15
|
|t:|1757940443
|switch|p2a: Hatterene|Hatterene, F|100/100
|move|p1a: Iron Moth|Fiery Dance|p2a: Hatterene
|-damage|p2a: Hatterene|64/100
|
|-weather|RainDance|[upkeep]
|upkeep
|turn|16
|
|t:|1757940455
|-end|p1a: Iron Moth|Quark Drive|[silent]
|switch|p1a: Great Tusk|Great Tusk|100/100
|move|p2a: Hatterene|Psychic Noise|p1a: Great Tusk
|-supereffective|p1a: Great Tusk
|-damage|p1a: Great Tusk|0 fnt
|faint|p1a: Great Tusk
|-end|p1a: Great Tusk|Protosynthesis|[silent]
|
|-weather|RainDance|[upkeep]
|upkeep
|
|t:|1757940465
|switch|p1a: Walking Wake|Walking Wake|37/100
|turn|17
|
|t:|1757940469
|move|p1a: Walking Wake|Hydro Steam|p2a: Hatterene
|-damage|p2a: Hatterene|0 fnt
|faint|p2a: Hatterene
|
|-weather|RainDance|[upkeep]
|upkeep
|
|t:|1757940473
|switch|p2a: Basculegion|Basculegion, M|97/100
|-damage|p2a: Basculegion|84/100|[from] Spikes
|turn|18
|
|t:|1757940480
|move|p2a: Basculegion|Wave Crash|p1a: Walking Wake
|-resisted|p1a: Walking Wake
|-damage|p1a: Walking Wake|3/100
|-damage|p2a: Basculegion|74/100|[from] Recoil
|move|p1a: Walking Wake|Hydro Steam|p2a: Basculegion
|-resisted|p2a: Basculegion
|-damage|p2a: Basculegion|23/100
|
|-weather|RainDance|[upkeep]
|upkeep
|turn|19
|
|t:|1757940489
|move|p2a: Basculegion|Wave Crash|p1a: Walking Wake
|-resisted|p1a: Walking Wake
|-damage|p1a: Walking Wake|0 fnt
|faint|p1a: Walking Wake
|-end|p1a: Walking Wake|Protosynthesis|[silent]
|-damage|p2a: Basculegion|22/100|[from] Recoil
|
|-weather|RainDance|[upkeep]
|upkeep
|
|t:|1757940495
|switch|p1a: Slither Wing|Slither Wing|91/100
|turn|20
|
|t:|1757940498
|move|p1a: Slither Wing|First Impression|p2a: Basculegion
|-resisted|p2a: Basculegion
|-damage|p2a: Basculegion|0 fnt
|faint|p2a: Basculegion
|
|-weather|RainDance|[upkeep]
|upkeep
|
|t:|1757940501
|switch|p2a: Floatzel|Floatzel, F|100/100
|-damage|p2a: Floatzel|88/100|[from] Spikes
|turn|21
|
|t:|1757940510
|move|p2a: Floatzel|Wave Crash|p1a: Slither Wing
|-damage|p1a: Slither Wing|0 fnt
|faint|p1a: Slither Wing
|-end|p1a: Slither Wing|Protosynthesis|[silent]
|-damage|p2a: Floatzel|59/100|[from] Recoil
|
|-weather|RainDance|[upkeep]
|upkeep
|
|t:|1757940515
|switch|p1a: Iron Moth|Iron Moth|100/100
|turn|22
|
|t:|1757940519
|move|p2a: Floatzel|Wave Crash|p1a: Iron Moth
|-supereffective|p1a: Iron Moth
|-damage|p1a: Iron Moth|0 fnt
|faint|p1a: Iron Moth
|-end|p1a: Iron Moth|Quark Drive|[silent]
|-damage|p2a: Floatzel|28/100|[from] Recoil
|
|win|go7777777
|raw|jibreel69's rating: 1434 &rarr; <strong>1416</strong><br />(-18 for losing)
|raw|go7777777's rating: 1474 &rarr; <strong>1492</strong><br />(+18 for winning)
|l|☆go7777777
|player|p2|
|l|☆jibreel69
|player|p1|
