|badge|p2|bronze|gen9ou|100-6
|uhtml|medal-msg|<div class="broadcast-blue">Curious what those medals under the avatar are? PS now has Ladder Seasons! For more information, check out the <a href="https://www.smogon.com/forums/threads/3740067/">thread on Smogon.</a></div>
|j|☆Clodsireenjoyer999
|j|☆54 insane rats
|inactive|Battle timer is ON: inactive players will automatically lose when time's up.
|t:|1757793979
|gametype|singles
|player|p1|Clodsireenjoyer999|chili|
|player|p2|54 insane rats|supernerd|
|gen|9
|tier|[Gen 9] OU
|rated|Tournament battle
|rule|HP Percentage Mod: HP is shown in percentages
|rule|Endless Battle Clause: Forcing endless battles is banned
|rule|Species Clause: Limit one of each Pokémon
|rule|OHKO Clause: OHKO moves are banned
|rule|Evasion Items Clause: Evasion items are banned
|rule|Evasion Moves Clause: Evasion moves are banned
|rule|Evasion Abilities Clause: Evasion abilities are banned
|rule|Sleep Moves Clause: Sleep-inducing moves are banned
|clearpoke
|poke|p1|Slither Wing|
|poke|p1|Garganacl, F|
|poke|p1|Clodsire, F|
|poke|p1|Gliscor, F|
|poke|p1|Weavile, M|
|poke|p1|Gholdengo|
|poke|p2|Tyranitar, F|
|poke|p2|Excadrill, F|
|poke|p2|Kingambit, F|
|poke|p2|Garchomp, M|
|poke|p2|Pecharunt|
|poke|p2|Rotom-Wash|
|teampreview
|inactive|54 insane rats also wants the timer to be on.
|c|☆Clodsireenjoyer999|glhf
|j| LT123VB 87
|j| Beelzebub235
|j| Evelye
|
|t:|1757793988
|teamsize|p1|6
|teamsize|p2|6
|start
|switch|p1a: Sullivan wing|Slither Wing|100/100
|switch|p2a: Rotom|Rotom-Wash|100/100
|turn|1
|j| Joeshh
|j| qxfn142
|l| LT123VB 87
|j| Dgnerado
|
|t:|1757793998
|-end|p1a: Sullivan wing|Protosynthesis|[silent]
|switch|p1a: Claude sire|Clodsire, F|100/100
|move|p2a: Rotom|Hydro Pump|p1a: Claude sire
|-immune|p1a: Claude sire|[from] ability: Water Absorb
|
|upkeep
|turn|2
|
|t:|1757794009
|switch|p2a: Tyranitar|Tyranitar, F|100/100
|-weather|Sandstorm|[from] ability: Sand Stream|[of] p2a: Tyranitar
|move|p1a: Claude sire|Earthquake|p2a: Tyranitar
|-supereffective|p2a: Tyranitar
|-damage|p2a: Tyranitar|57/100
|
|-weather|Sandstorm|[upkeep]
|upkeep
|turn|3
|
|t:|1757794020
|switch|p1a: Sullivan wing|Slither Wing|100/100
|move|p2a: Tyranitar|Knock Off|p1a: Sullivan wing
|-resisted|p1a: Sullivan wing
|-damage|p1a: Sullivan wing|83/100
|-enditem|p1a: Sullivan wing|Heavy-Duty Boots|[from] move: Knock Off|[of] p2a: Tyranitar
|
|-weather|Sandstorm|[upkeep]
|-damage|p1a: Sullivan wing|77/100|[from] Sandstorm
|upkeep
|turn|4
|
|t:|1757794030
|switch|p2a: Rotom|Rotom-Wash|100/100
|move|p1a: Sullivan wing|U-turn|p2a: Rotom
|-damage|p2a: Rotom|74/100
|
|t:|1757794034
|-end|p1a: Sullivan wing|Protosynthesis|[silent]
|switch|p1a: Claude sire|Clodsire, F|100/100|[from] U-turn
|
|-weather|Sandstorm|[upkeep]
|-damage|p2a: Rotom|67/100|[from] Sandstorm
|-heal|p2a: Rotom|74/100|[from] item: Leftovers
|upkeep
|turn|5
|
|t:|1757794043
|switch|p2a: Pecharunt|Pecharunt|100/100
|-item|p2a: Pecharunt|Air Balloon
|move|p1a: Claude sire|Toxic|p2a: Pecharunt
|-immune|p2a: Pecharunt
|
|-weather|Sandstorm|[upkeep]
|-damage|p2a: Pecharunt|94/100|[from] Sandstorm
|upkeep
|turn|6
|
|t:|1757794051
|move|p2a: Pecharunt|Parting Shot|p1a: Claude sire
|-unboost|p1a: Claude sire|atk|1
|-unboost|p1a: Claude sire|spa|1
|
|t:|1757794052
|switch|p2a: Excadrill|Excadrill, F|100/100|[from] Parting Shot
|move|p1a: Claude sire|Stealth Rock|p2a: Excadrill
|-sidestart|p2: 54 insane rats|move: Stealth Rock
|
|-weather|Sandstorm|[upkeep]
|upkeep
|turn|7
|
|t:|1757794063
|switch|p1a: Glen scor|Gliscor, F|100/100
|move|p2a: Excadrill|Swords Dance|p2a: Excadrill
|-boost|p2a: Excadrill|atk|2
|
|-weather|Sandstorm|[upkeep]
|-status|p1a: Glen scor|tox|[from] item: Toxic Orb
|upkeep
|turn|8
|
|t:|1757794072
|move|p2a: Excadrill|Rock Slide|p1a: Glen scor
|-damage|p1a: Glen scor|36/100 tox
|-damage|p2a: Excadrill|91/100|[from] item: Life Orb
|move|p1a: Glen scor|Earthquake|p2a: Excadrill
|-supereffective|p2a: Excadrill
|-damage|p2a: Excadrill|0 fnt
|faint|p2a: Excadrill
|
|-weather|Sandstorm|[upkeep]
|-heal|p1a: Glen scor|49/100 tox|[from] ability: Poison Heal
|upkeep
|
|t:|1757794076
|switch|p2a: Garchomp|Garchomp, M|100/100
|-damage|p2a: Garchomp|94/100|[from] Stealth Rock
|turn|9
|
|t:|1757794085
|move|p1a: Glen scor|Protect|p1a: Glen scor
|-singleturn|p1a: Glen scor|Protect
|move|p2a: Garchomp|Swords Dance|p2a: Garchomp
|-boost|p2a: Garchomp|atk|2
|
|-weather|none
|-heal|p1a: Glen scor|61/100 tox|[from] ability: Poison Heal
|upkeep
|turn|10
|j| Giragono
|
|t:|1757794097
|switch|p1a: Gloria dengo|Gholdengo|100/100
|move|p2a: Garchomp|Scale Shot|p1a: Gloria dengo
|-resisted|p1a: Gloria dengo
|-damage|p1a: Gloria dengo|92/100
|-resisted|p1a: Gloria dengo
|-damage|p1a: Gloria dengo|82/100
|-resisted|p1a: Gloria dengo
|-damage|p1a: Gloria dengo|73/100
|-resisted|p1a: Gloria dengo
|-damage|p1a: Gloria dengo|65/100
|-hitcount|p1a: Gloria dengo|4
|-unboost|p2a: Garchomp|def|1
|-boost|p2a: Garchomp|spe|1
|
|upkeep
|turn|11
|
|t:|1757794111
|switch|p1a: Sullivan wing|Slither Wing|77/100
|move|p2a: Garchomp|Fire Fang|p1a: Sullivan wing
|-supereffective|p1a: Sullivan wing
|-damage|p1a: Sullivan wing|9/100
|
|upkeep
|turn|12
|
|t:|1757794126
|-terastallize|p2a: Garchomp|Fire
|move|p1a: Sullivan wing|First Impression|p2a: Garchomp
|-resisted|p2a: Garchomp
|-damage|p2a: Garchomp|65/100
|-damage|p1a: Sullivan wing|0 fnt|[from] ability: Rough Skin|[of] p2a: Garchomp
|faint|p1a: Sullivan wing
|-end|p1a: Sullivan wing|Protosynthesis|[silent]
|move|p2a: Garchomp|Swords Dance|p2a: Garchomp
|-boost|p2a: Garchomp|atk|2
|
|upkeep
|
|t:|1757794139
|switch|p1a: Gary anacl|Garganacl, F|100/100
|turn|13
|
|t:|1757794143
|-terastallize|p1a: Gary anacl|Water
|move|p2a: Garchomp|Earthquake|p1a: Gary anacl
|-damage|p1a: Gary anacl|7/100
|move|p1a: Gary anacl|Earthquake|p2a: Garchomp
|-supereffective|p2a: Garchomp
|-damage|p2a: Garchomp|0 fnt
|faint|p2a: Garchomp
|
|-heal|p1a: Gary anacl|13/100|[from] item: Leftovers
|upkeep
|
|t:|1757794157
|switch|p2a: Kingambit|Kingambit, F|100/100
|-damage|p2a: Kingambit|94/100|[from] Stealth Rock
|-activate|p2a: Kingambit|ability: Supreme Overlord
|-start|p2a: Kingambit|fallen2|[silent]
|turn|14
|
|t:|1757794163
|move|p2a: Kingambit|Kowtow Cleave|p1a: Gary anacl
|-damage|p1a: Gary anacl|0 fnt
|faint|p1a: Gary anacl
|
|upkeep
|
|t:|1757794167
|switch|p1a: Wesley vile|Weavile, M|100/100
|-ability|p1a: Wesley vile|Pressure
|turn|15
|
|t:|1757794172
|-end|p2a: Kingambit|fallen2|[silent]
|switch|p2a: Pecharunt|Pecharunt|94/100
|-damage|p2a: Pecharunt|82/100|[from] Stealth Rock
|-item|p2a: Pecharunt|Air Balloon
|move|p1a: Wesley vile|Low Kick|p2a: Pecharunt
|-immune|p2a: Pecharunt
|
|upkeep
|turn|16
|
|t:|1757794184
|switch|p1a: Glen scor|Gliscor, F|61/100 tox
|move|p2a: Pecharunt|Shadow Ball|p1a: Glen scor
|-damage|p1a: Glen scor|41/100 tox
|
|-heal|p1a: Glen scor|54/100 tox|[from] ability: Poison Heal
|upkeep
|turn|17
|
|t:|1757794191
|switch|p2a: Tyranitar|Tyranitar, F|57/100
|-damage|p2a: Tyranitar|45/100|[from] Stealth Rock
|-weather|Sandstorm|[from] ability: Sand Stream|[of] p2a: Tyranitar
|move|p1a: Glen scor|Knock Off|p2a: Tyranitar
|-resisted|p2a: Tyranitar
|-damage|p2a: Tyranitar|37/100
|-enditem|p2a: Tyranitar|Smooth Rock|[from] move: Knock Off|[of] p1a: Glen scor
|
|-weather|Sandstorm|[upkeep]
|-heal|p1a: Glen scor|66/100 tox|[from] ability: Poison Heal
|upkeep
|turn|18
|
|t:|1757794201
|move|p1a: Glen scor|Earthquake|p2a: Tyranitar
|-supereffective|p2a: Tyranitar
|-damage|p2a: Tyranitar|0 fnt
|faint|p2a: Tyranitar
|
|-weather|Sandstorm|[upkeep]
|-heal|p1a: Glen scor|79/100 tox|[from] ability: Poison Heal
|upkeep
|
|t:|1757794206
|switch|p2a: Rotom|Rotom-Wash|74/100
|-damage|p2a: Rotom|61/100|[from] Stealth Rock
|turn|19
|
|t:|1757794212
|switch|p1a: Claude sire|Clodsire, F|100/100
|move|p2a: Rotom|Hydro Pump|p1a: Claude sire
|-immune|p1a: Claude sire|[from] ability: Water Absorb
|
|-weather|Sandstorm|[upkeep]
|-damage|p2a: Rotom|55/100|[from] Sandstorm
|-heal|p2a: Rotom|61/100|[from] item: Leftovers
|upkeep
|turn|20
|
|t:|1757794221
|move|p2a: Rotom|Will-O-Wisp|p1a: Claude sire|[miss]
|-miss|p2a: Rotom|p1a: Claude sire
|move|p1a: Claude sire|Earthquake|p2a: Rotom
|-immune|p2a: Rotom|[from] ability: Levitate
|
|-weather|Sandstorm|[upkeep]
|-damage|p2a: Rotom|55/100|[from] Sandstorm
|-heal|p2a: Rotom|61/100|[from] item: Leftovers
|upkeep
|turn|21
|
|t:|1757794231
|move|p2a: Rotom|Will-O-Wisp|p1a: Claude sire
|-status|p1a: Claude sire|brn
|move|p1a: Claude sire|Toxic|p2a: Rotom
|-status|p2a: Rotom|tox
|
|-weather|Sandstorm|[upkeep]
|-damage|p2a: Rotom|55/100 tox|[from] Sandstorm
|-heal|p2a: Rotom|61/100 tox|[from] item: Leftovers
|-damage|p2a: Rotom|55/100 tox|[from] psn
|-damage|p1a: Claude sire|94/100 brn|[from] brn
|upkeep
|turn|22
|
|t:|1757794242
|switch|p2a: Pecharunt|Pecharunt|82/100
|-damage|p2a: Pecharunt|70/100|[from] Stealth Rock
|-item|p2a: Pecharunt|Air Balloon
|switch|p1a: Wesley vile|Weavile, M|100/100
|-ability|p1a: Wesley vile|Pressure
|
|-weather|Sandstorm|[upkeep]
|-damage|p1a: Wesley vile|94/100|[from] Sandstorm
|-damage|p2a: Pecharunt|64/100|[from] Sandstorm
|upkeep
|turn|23
|
|t:|1757794253
|move|p1a: Wesley vile|Knock Off|p2a: Pecharunt
|-supereffective|p2a: Pecharunt
|-damage|p2a: Pecharunt|16/100
|-enditem|p2a: Pecharunt|Air Balloon
|move|p2a: Pecharunt|Malignant Chain|p1a: Wesley vile
|-damage|p1a: Wesley vile|52/100
|
|-weather|Sandstorm|[upkeep]
|-damage|p1a: Wesley vile|46/100|[from] Sandstorm
|-damage|p2a: Pecharunt|10/100|[from] Sandstorm
|upkeep
|turn|24
|
|t:|1757794262
|move|p1a: Wesley vile|Knock Off|p2a: Pecharunt
|-supereffective|p2a: Pecharunt
|-damage|p2a: Pecharunt|0 fnt
|faint|p2a: Pecharunt
|
|-weather|none
|upkeep
|
|t:|1757794264
|switch|p2a: Kingambit|Kingambit, F|94/100
|-damage|p2a: Kingambit|88/100|[from] Stealth Rock
|-activate|p2a: Kingambit|ability: Supreme Overlord
|-start|p2a: Kingambit|fallen4|[silent]
|turn|25
|inactive|Clodsireenjoyer999 has 120 seconds left.
|
|t:|1757794308
|move|p1a: Wesley vile|Ice Shard|p2a: Kingambit
|-resisted|p2a: Kingambit
|-damage|p2a: Kingambit|80/100
|move|p2a: Kingambit|Swords Dance|p2a: Kingambit
|-boost|p2a: Kingambit|atk|2
|
|upkeep
|turn|26
|
|t:|1757794316
|move|p1a: Wesley vile|Ice Shard|p2a: Kingambit
|-resisted|p2a: Kingambit
|-damage|p2a: Kingambit|73/100
|move|p2a: Kingambit|Sucker Punch||[still]
|-fail|p2a: Kingambit
|
|upkeep
|turn|27
|inactive|Clodsireenjoyer999 has 120 seconds left.
|
|t:|1757794321
|move|p2a: Kingambit|Sucker Punch|p1a: Wesley vile
|-resisted|p1a: Wesley vile
|-damage|p1a: Wesley vile|0 fnt
|faint|p1a: Wesley vile
|
|upkeep
|c|☆Clodsireenjoyer999|gg
|inactive|Clodsireenjoyer999 has 120 seconds left.
|
|t:|1757794326
|switch|p1a: Glen scor|Gliscor, F|79/100 tox
|turn|28
|
|t:|1757794329
|move|p2a: Kingambit|Sucker Punch|p1a: Glen scor
|-damage|p1a: Glen scor|0 fnt
|faint|p1a: Glen scor
|
|upkeep
|
|t:|1757794336
|switch|p1a: Claude sire|Clodsire, F|94/100 brn
|turn|29
|
|t:|1757794339
|move|p2a: Kingambit|Kowtow Cleave|p1a: Claude sire
|-damage|p1a: Claude sire|0 fnt
|faint|p1a: Claude sire
|
|upkeep
|
|t:|1757794343
|switch|p1a: Gloria dengo|Gholdengo|65/100
|turn|30
|
|t:|1757794346
|move|p2a: Kingambit|Sucker Punch|p1a: Gloria dengo
|-supereffective|p1a: Gloria dengo
|-crit|p1a: Gloria dengo
|-damage|p1a: Gloria dengo|0 fnt
|faint|p1a: Gloria dengo
|
|win|54 insane rats
|n|☆Clodsireenjoyer999|clodsireenjoyer999
|n|☆54 insane rats|54insanerats
|n| Beelzebub235|beelzebub235
|n| Evelye|evelye
|n| Joeshh|joeshh
|n| qxfn142|qxfn142
|n| Dgnerado|dgnerado
|n| Giragono|giragono
