|j|☆smpark22
|j|☆lucawk
|t:|1757845653
|gametype|singles
|player|p1|smpark22|169|1378
|player|p2|lucawk|scientist-gen4dp|1324
|gen|9
|tier|[Gen 9] OU
|rated|
|rule|HP Percentage Mod: HP is shown in percentages
|rule|Endless Battle Clause: Forcing endless battles is banned
|rule|Species Clause: Limit one of each Pokémon
|rule|OHKO Clause: OHKO moves are banned
|rule|Evasion Items Clause: Evasion items are banned
|rule|Evasion Moves Clause: Evasion moves are banned
|rule|Evasion Abilities Clause: Evasion abilities are banned
|rule|Sleep Moves Clause: Sleep-inducing moves are banned
|clearpoke
|poke|p1|Garchomp, F|
|poke|p1|Azumarill, M|
|poke|p1|Blaziken, F|
|poke|p1|Conkeldurr, F|
|poke|p1|Iron Crown|
|poke|p1|Darkrai|
|poke|p2|Meowscarada, F|
|poke|p2|Klefki, F|
|poke|p2|Alomomola, F|
|poke|p2|Great Tusk|
|poke|p2|Slowking-Galar, F|
|poke|p2|Gholdengo|
|teampreview
|c|☆smpark22|glhf
|
|t:|1757845670
|teamsize|p1|6
|teamsize|p2|6
|start
|switch|p1a: Garchomp|Garchomp, F|100/100
|switch|p2a: Klefki|Klefki, F|100/100
|turn|1
|
|t:|1757845690
|move|p2a: Klefki|Reflect|p2a: Klefki
|-sidestart|p2: lucawk|Reflect
|move|p1a: Garchomp|Earthquake|p2a: Klefki
|-supereffective|p2a: Klefki
|-crit|p2a: Klefki
|-damage|p2a: Klefki|0 fnt
|faint|p2a: Klefki
|-damage|p1a: Garchomp|91/100|[from] item: Life Orb
|
|upkeep
|
|t:|1757845697
|switch|p2a: Meowscarada|Meowscarada, F|100/100
|turn|2
|c|☆lucawk|Gl
|
|t:|1757845712
|move|p2a: Meowscarada|Triple Axel|p1a: Garchomp
|-start|p2a: Meowscarada|typechange|Ice|[from] ability: Protean
|-supereffective|p1a: Garchomp
|-damage|p1a: Garchomp|45/100
|-damage|p2a: Meowscarada|88/100|[from] ability: Rough Skin|[of] p1a: Garchomp
|-supereffective|p1a: Garchomp
|-crit|p1a: Garchomp
|-damage|p1a: Garchomp|0 fnt
|-damage|p2a: Meowscarada|76/100|[from] ability: Rough Skin|[of] p1a: Garchomp
|faint|p1a: Garchomp
|-hitcount|p1: Garchomp|2
|
|upkeep
|l|☆lucawk
|player|p2|
|
|t:|1757845736
|switch|p1a: Conkeldurr|Conkeldurr, F|100/100
|turn|3
|j|☆lucawk
|player|p2|lucawk|scientist-gen4dp|
|
|t:|1757845746
|switch|p2a: Alomomola|Alomomola, F|100/100
|move|p1a: Conkeldurr|Drain Punch|p2a: Alomomola
|-damage|p2a: Alomomola|88/100
|
|-heal|p2a: Alomomola|94/100|[from] item: Leftovers
|-status|p1a: Conkeldurr|brn|[from] item: Flame Orb
|upkeep
|turn|4
|
|t:|1757845764
|move|p2a: Alomomola|Flip Turn|p1a: Conkeldurr
|-damage|p1a: Conkeldurr|87/100 brn
|
|t:|1757845767
|switch|p2a: Gholdengo|Gholdengo|100/100|[from] Flip Turn
|move|p1a: Conkeldurr|Facade|p2a: Gholdengo
|-immune|p2a: Gholdengo
|
|-damage|p1a: Conkeldurr|80/100 brn|[from] brn
|upkeep
|turn|5
|
|t:|1757845776
|switch|p1a: Darkrai|Darkrai|100/100
|move|p2a: Gholdengo|Hex|p1a: Darkrai
|-resisted|p1a: Darkrai
|-damage|p1a: Darkrai|60/100
|
|upkeep
|turn|6
|
|t:|1757845787
|switch|p2a: Slowking|Slowking-Galar, F|100/100
|move|p1a: Darkrai|Psychic|p2a: Slowking
|-damage|p2a: Slowking|84/100
|
|upkeep
|turn|7
|
|t:|1757845795
|move|p1a: Darkrai|Dark Pulse|p2a: Slowking
|-supereffective|p2a: Slowking
|-damage|p2a: Slowking|32/100
|move|p2a: Slowking|Flamethrower|p1a: Darkrai
|-damage|p1a: Darkrai|21/100
|
|upkeep
|turn|8
|
|t:|1757845805
|switch|p2a: Alomomola|Alomomola, F|100/100
|move|p1a: Darkrai|Dark Pulse|p2a: Alomomola
|-damage|p2a: Alomomola|54/100
|
|-heal|p2a: Alomomola|61/100|[from] item: Leftovers
|-sideend|p2: lucawk|Reflect
|upkeep
|turn|9
|
|t:|1757845822
|switch|p1a: Azumarill|Azumarill, M|100/100
|move|p2a: Alomomola|Flip Turn|p1a: Azumarill
|-resisted|p1a: Azumarill
|-damage|p1a: Azumarill|93/100
|
|t:|1757845828
|switch|p2a: Meowscarada|Meowscarada, F|76/100|[from] Flip Turn
|
|upkeep
|turn|10
|
|t:|1757845837
|switch|p1a: Blaziken|Blaziken, F|100/100
|move|p2a: Meowscarada|Flower Trick|p1a: Blaziken
|-start|p2a: Meowscarada|typechange|Grass|[from] ability: Protean
|-resisted|p1a: Blaziken
|-crit|p1a: Blaziken
|-damage|p1a: Blaziken|63/100
|
|-heal|p1a: Blaziken|69/100|[from] item: Leftovers
|upkeep
|turn|11
|
|t:|1757845856
|switch|p2a: Alomomola|Alomomola, F|94/100
|move|p1a: Blaziken|Overheat|p2a: Alomomola
|-resisted|p2a: Alomomola
|-damage|p2a: Alomomola|68/100
|-unboost|p1a: Blaziken|spa|2
|
|-heal|p1a: Blaziken|75/100|[from] item: Leftovers
|-heal|p2a: Alomomola|74/100|[from] item: Leftovers
|-ability|p1a: Blaziken|Speed Boost|boost
|-boost|p1a: Blaziken|spe|1
|upkeep
|turn|12
|
|t:|1757845867
|move|p1a: Blaziken|Knock Off|p2a: Alomomola
|-damage|p2a: Alomomola|56/100
|-enditem|p2a: Alomomola|Leftovers|[from] move: Knock Off|[of] p1a: Blaziken
|move|p2a: Alomomola|Scald|p1a: Blaziken
|-supereffective|p1a: Blaziken
|-crit|p1a: Blaziken
|-damage|p1a: Blaziken|3/100
|
|-heal|p1a: Blaziken|9/100|[from] item: Leftovers
|-ability|p1a: Blaziken|Speed Boost|boost
|-boost|p1a: Blaziken|spe|1
|upkeep
|turn|13
|
|t:|1757845877
|move|p1a: Blaziken|Close Combat|p2a: Alomomola
|-damage|p2a: Alomomola|23/100
|-unboost|p1a: Blaziken|def|1
|-unboost|p1a: Blaziken|spd|1
|move|p2a: Alomomola|Flip Turn|p1a: Blaziken
|-supereffective|p1a: Blaziken
|-damage|p1a: Blaziken|0 fnt
|faint|p1a: Blaziken
|
|t:|1757845883
|switch|p2a: Slowking|Slowking-Galar, F|65/100|[from] Flip Turn
|
|upkeep
|
|t:|1757845893
|switch|p1a: Darkrai|Darkrai|21/100
|turn|14
|
|t:|1757845900
|move|p1a: Darkrai|Dark Pulse|p2a: Slowking
|-supereffective|p2a: Slowking
|-damage|p2a: Slowking|11/100
|move|p2a: Slowking|Flamethrower|p1a: Darkrai
|-damage|p1a: Darkrai|0 fnt
|faint|p1a: Darkrai
|
|upkeep
|
|t:|1757845907
|switch|p1a: Azumarill|Azumarill, M|93/100
|turn|15
|
|t:|1757845940
|-terastallize|p1a: Azumarill|Water
|move|p1a: Azumarill|Belly Drum|p1a: Azumarill
|-damage|p1a: Azumarill|43/100
|-setboost|p1a: Azumarill|atk|6|[from] move: Belly Drum
|-enditem|p1a: Azumarill|Sitrus Berry|[eat]
|-heal|p1a: Azumarill|68/100|[from] item: Sitrus Berry
|move|p2a: Slowking|Sludge Bomb|p1a: Azumarill
|-damage|p1a: Azumarill|18/100
|
|upkeep
|turn|16
|
|t:|1757845961
|move|p1a: Azumarill|Aqua Jet|p2a: Slowking
|-damage|p2a: Slowking|0 fnt
|faint|p2a: Slowking
|
|upkeep
|
|t:|1757845971
|switch|p2a: Meowscarada|Meowscarada, F|76/100
|turn|17
|
|t:|1757845974
|move|p1a: Azumarill|Aqua Jet|p2a: Meowscarada
|-resisted|p2a: Meowscarada
|-damage|p2a: Meowscarada|0 fnt
|faint|p2a: Meowscarada
|
|upkeep
|
|t:|1757845982
|switch|p2a: Alomomola|Alomomola, F|56/100
|turn|18
|
|t:|1757845986
|move|p2a: Alomomola|Flip Turn|p1a: Azumarill
|-resisted|p1a: Azumarill
|-damage|p1a: Azumarill|11/100
|
|t:|1757845999
|switch|p2a: Great Tusk|Great Tusk|100/100|[from] Flip Turn
|move|p1a: Azumarill|Play Rough|p2a: Great Tusk
|-supereffective|p2a: Great Tusk
|-damage|p2a: Great Tusk|0 fnt
|faint|p2a: Great Tusk
|-end|p2a: Great Tusk|Protosynthesis|[silent]
|
|upkeep
|
|t:|1757846007
|switch|p2a: Alomomola|Alomomola, F|90/100
|turn|19
|
|t:|1757846010
|move|p2a: Alomomola|Scald|p1a: Azumarill
|-resisted|p1a: Azumarill
|-damage|p1a: Azumarill|4/100
|move|p1a: Azumarill|Play Rough|p2a: Alomomola
|-damage|p2a: Alomomola|0 fnt
|faint|p2a: Alomomola
|
|upkeep
|
|t:|1757846016
|switch|p2a: Gholdengo|Gholdengo|100/100
|turn|20
|
|t:|1757846019
|move|p1a: Azumarill|Aqua Jet|p2a: Gholdengo
|-damage|p2a: Gholdengo|0 fnt
|faint|p2a: Gholdengo
|
|win|smpark22
|raw|smpark22's rating: 1378 &rarr; <strong>1395</strong><br />(+17 for winning)
|raw|lucawk's rating: 1324 &rarr; <strong>1307</strong><br />(-17 for losing)
|l|☆lucawk
|player|p2|
|c|☆smpark22|gg
|l|☆smpark22
|player|p1|
