|j|☆chongtong
|j|☆Red Icigool
|t:|1757825180
|gametype|singles
|player|p1|chongtong|170|1314
|player|p2|Red Icigool|swimmerf-gen4|1337
|gen|9
|tier|[Gen 9] OU
|rated|
|rule|HP Percentage Mod: HP is shown in percentages
|rule|Endless Battle Clause: Forcing endless battles is banned
|rule|Species Clause: Limit one of each Pokémon
|rule|OHKO Clause: OHKO moves are banned
|rule|Evasion Items Clause: Evasion items are banned
|rule|Evasion Moves Clause: Evasion moves are banned
|rule|Evasion Abilities Clause: Evasion abilities are banned
|rule|Sleep Moves Clause: Sleep-inducing moves are banned
|clearpoke
|poke|p1|Dragonite, M|
|poke|p1|Garchomp, M|
|poke|p1|Excadrill, M|
|poke|p1|Latios, M|
|poke|p1|Tyranitar, F|
|poke|p1|Salamence, M|
|poke|p2|Maushold-Four|
|poke|p2|Iron Moth|
|poke|p2|Scizor, F|
|poke|p2|Lokix, F|
|poke|p2|Primarina, F|
|poke|p2|Alomomola, M|
|teampreview
|
|t:|1757825204
|teamsize|p1|6
|teamsize|p2|6
|start
|switch|p1a: Garchomp|Garchomp, M, shiny|100/100
|switch|p2a: Draco|Alomomola, M|100/100
|turn|1
|
|t:|1757825210
|move|p1a: Garchomp|Stealth Rock|p2a: Draco
|-sidestart|p2: Red Icigool|move: Stealth Rock
|move|p2a: Draco|Wish|p2a: Draco
|
|upkeep
|turn|2
|
|t:|1757825222
|switch|p1a: Salamence|Salamence, M|100/100
|move|p2a: Draco|Flip Turn|p1a: Salamence
|-resisted|p1a: Salamence
|-damage|p1a: Salamence|89/100
|
|t:|1757825228
|switch|p2a: Salah|Maushold-Four, shiny|100/100|[from] Flip Turn
|-damage|p2a: Salah|88/100|[from] Stealth Rock
|
|-heal|p2a: Salah|100/100|[from] move: Wish|[wisher] Draco
|upkeep
|turn|3
|
|t:|1757825232
|switch|p1a: Dragonite|Dragonite, M|100/100
|move|p2a: Salah|Tidy Up|p2a: Salah
|-sideend|p2: Red Icigool|Stealth Rock
|-activate|p2a: Salah|move: Tidy Up
|-boost|p2a: Salah|atk|1
|-boost|p2a: Salah|spe|1
|
|upkeep
|turn|4
|
|t:|1757825235
|move|p2a: Salah|Population Bomb|p1a: Dragonite
|-damage|p1a: Dragonite|95/100
|-damage|p2a: Salah|84/100|[from] item: Rocky Helmet|[of] p1a: Dragonite
|-damage|p1a: Dragonite|84/100
|-damage|p2a: Salah|67/100|[from] item: Rocky Helmet|[of] p1a: Dragonite
|-damage|p1a: Dragonite|72/100
|-damage|p2a: Salah|51/100|[from] item: Rocky Helmet|[of] p1a: Dragonite
|-damage|p1a: Dragonite|61/100
|-damage|p2a: Salah|34/100|[from] item: Rocky Helmet|[of] p1a: Dragonite
|-hitcount|p1a: Dragonite|4
|move|p1a: Dragonite|Thunder Wave|p2a: Salah|[miss]
|-miss|p1a: Dragonite|p2a: Salah
|
|upkeep
|turn|5
|
|t:|1757825254
|switch|p2a: Draco|Alomomola, M|100/100
|move|p1a: Dragonite|Roost|p1a: Dragonite
|-heal|p1a: Dragonite|100/100
|-singleturn|p1a: Dragonite|move: Roost
|
|upkeep
|turn|6
|
|t:|1757825259
|move|p1a: Dragonite|Thunder Wave|p2a: Draco
|-status|p2a: Draco|par
|move|p2a: Draco|Wish|p2a: Draco
|
|upkeep
|turn|7
|
|t:|1757825265
|switch|p1a: Garchomp|Garchomp, M, shiny|100/100
|move|p2a: Draco|Flip Turn|p1a: Garchomp
|-damage|p1a: Garchomp|85/100
|-damage|p2a: Draco|88/100 par|[from] ability: Rough Skin|[of] p1a: Garchomp
|
|t:|1757825272
|switch|p2a: Salah|Maushold-Four, shiny|34/100|[from] Flip Turn
|
|-heal|p2a: Salah|100/100|[from] move: Wish|[wisher] Draco
|upkeep
|turn|8
|inactive|Battle timer is ON: inactive players will automatically lose when time's up. (requested by chongtong)
|
|t:|1757825281
|switch|p1a: Dragonite|Dragonite, M|100/100
|move|p2a: Salah|Tidy Up|p2a: Salah
|-boost|p2a: Salah|atk|1
|-boost|p2a: Salah|spe|1
|
|upkeep
|turn|9
|
|t:|1757825287
|switch|p2a: Draco|Alomomola, M|100/100 par
|move|p1a: Dragonite|Thunder Wave|p2a: Draco
|-fail|p2a: Draco|par
|
|upkeep
|turn|10
|
|t:|1757825292
|switch|p1a: Garchomp|Garchomp, M, shiny|85/100
|move|p2a: Draco|Flip Turn|p1a: Garchomp
|-damage|p1a: Garchomp|69/100
|-damage|p2a: Draco|88/100 par|[from] ability: Rough Skin|[of] p1a: Garchomp
|
|t:|1757825295
|switch|p2a: Chara|Primarina, F, shiny|100/100|[from] Flip Turn
|
|upkeep
|turn|11
|
|t:|1757825299
|switch|p1a: Tyranitar|Tyranitar, F, shiny|100/100
|-weather|Sandstorm|[from] ability: Sand Stream|[of] p1a: Tyranitar
|move|p2a: Chara|Moonblast|p1a: Tyranitar
|-supereffective|p1a: Tyranitar
|-damage|p1a: Tyranitar|33/100
|
|-weather|Sandstorm|[upkeep]
|-damage|p2a: Chara|94/100|[from] Sandstorm
|upkeep
|turn|12
|
|t:|1757825308
|switch|p2a: Kita|Scizor, F, shiny|100/100
|move|p1a: Tyranitar|Knock Off|p2a: Kita
|-damage|p2a: Kita|10/100
|-enditem|p2a: Kita|Leftovers|[from] move: Knock Off|[of] p1a: Tyranitar
|
|-weather|Sandstorm|[upkeep]
|upkeep
|turn|13
|
|t:|1757825317
|switch|p1a: Dragonite|Dragonite, M|100/100
|move|p2a: Kita|U-turn|p1a: Dragonite
|-resisted|p1a: Dragonite
|-damage|p1a: Dragonite|94/100
|-damage|p2a: Kita|0 fnt|[from] item: Rocky Helmet|[of] p1a: Dragonite
|faint|p2a: Kita
|
|-weather|Sandstorm|[upkeep]
|-damage|p1a: Dragonite|88/100|[from] Sandstorm
|upkeep
|
|t:|1757825326
|switch|p2a: Draco|Alomomola, M|100/100 par
|turn|14
|
|t:|1757825332
|switch|p1a: Garchomp|Garchomp, M, shiny|69/100
|move|p2a: Draco|Wish|p2a: Draco
|
|-weather|Sandstorm|[upkeep]
|-damage|p2a: Draco|94/100 par|[from] Sandstorm
|-heal|p2a: Draco|100/100 par|[from] item: Leftovers
|upkeep
|turn|15
|
|t:|1757825335
|move|p1a: Garchomp|Stealth Rock|p2a: Draco
|-sidestart|p2: Red Icigool|move: Stealth Rock
|move|p2a: Draco|Flip Turn|p1a: Garchomp
|-damage|p1a: Garchomp|51/100
|-damage|p2a: Draco|88/100 par|[from] ability: Rough Skin|[of] p1a: Garchomp
|
|t:|1757825338
|switch|p2a: Salah|Maushold-Four, shiny|100/100|[from] Flip Turn
|-damage|p2a: Salah|88/100|[from] Stealth Rock
|
|-weather|none
|-heal|p2a: Salah|100/100|[from] move: Wish|[wisher] Draco
|upkeep
|turn|16
|
|t:|1757825345
|switch|p1a: Dragonite|Dragonite, M|88/100
|move|p2a: Salah|Encore||[still]
|-fail|p2a: Salah
|
|upkeep
|turn|17
|
|t:|1757825349
|move|p2a: Salah|Tidy Up|p2a: Salah
|-sideend|p2: Red Icigool|Stealth Rock
|-activate|p2a: Salah|move: Tidy Up
|-boost|p2a: Salah|atk|1
|-boost|p2a: Salah|spe|1
|move|p1a: Dragonite|Thunder Wave|p2a: Salah
|-status|p2a: Salah|par
|
|upkeep
|turn|18
|
|t:|1757825352
|move|p2a: Salah|Encore|p1a: Dragonite
|-start|p1a: Dragonite|Encore
|move|p1a: Dragonite|Thunder Wave|p2a: Salah
|-fail|p2a: Salah|par
|
|upkeep
|turn|19
|inactive|chongtong has 120 seconds left.
|
|t:|1757825391
|switch|p1a: Tyranitar|Tyranitar, F, shiny|33/100
|-weather|Sandstorm|[from] ability: Sand Stream|[of] p1a: Tyranitar
|cant|p2a: Salah|par
|
|-weather|Sandstorm|[upkeep]
|-damage|p2a: Salah|94/100 par|[from] Sandstorm
|upkeep
|turn|20
|
|t:|1757825402
|move|p2a: Salah|Population Bomb|p1a: Tyranitar
|-resisted|p1a: Tyranitar
|-damage|p1a: Tyranitar|27/100
|-resisted|p1a: Tyranitar
|-damage|p1a: Tyranitar|21/100
|-resisted|p1a: Tyranitar
|-damage|p1a: Tyranitar|15/100
|-resisted|p1a: Tyranitar
|-damage|p1a: Tyranitar|8/100
|-resisted|p1a: Tyranitar
|-damage|p1a: Tyranitar|1/100
|-resisted|p1a: Tyranitar
|-damage|p1a: Tyranitar|0 fnt
|faint|p1a: Tyranitar
|-hitcount|p1: Tyranitar|6
|
|-weather|Sandstorm|[upkeep]
|-damage|p2a: Salah|88/100 par|[from] Sandstorm
|upkeep
|
|t:|1757825410
|switch|p1a: Excadrill|Excadrill, M, shiny|100/100
|turn|21
|
|t:|1757825418
|move|p1a: Excadrill|Earthquake|p2a: Salah
|-damage|p2a: Salah|0 fnt
|faint|p2a: Salah
|-damage|p1a: Excadrill|91/100|[from] item: Life Orb
|
|-weather|Sandstorm|[upkeep]
|upkeep
|
|t:|1757825421
|switch|p2a: Draco|Alomomola, M|100/100 par
|turn|22
|
|t:|1757825433
|switch|p1a: Dragonite|Dragonite, M|88/100
|move|p2a: Draco|Flip Turn|p1a: Dragonite
|-resisted|p1a: Dragonite
|-damage|p1a: Dragonite|82/100
|-damage|p2a: Draco|84/100 par|[from] item: Rocky Helmet|[of] p1a: Dragonite
|
|t:|1757825440
|switch|p2a: Chara|Primarina, F, shiny|94/100|[from] Flip Turn
|
|-weather|Sandstorm|[upkeep]
|-damage|p1a: Dragonite|76/100|[from] Sandstorm
|-damage|p2a: Chara|88/100|[from] Sandstorm
|upkeep
|turn|23
|
|t:|1757825448
|-terastallize|p1a: Dragonite|Fire
|move|p1a: Dragonite|Thunder Wave|p2a: Chara
|-status|p2a: Chara|par
|cant|p2a: Chara|par
|
|-weather|none
|upkeep
|turn|24
|
|t:|1757825453
|move|p1a: Dragonite|Roost|p1a: Dragonite
|-heal|p1a: Dragonite|100/100
|move|p2a: Chara|Surf|p1a: Dragonite
|-supereffective|p1a: Dragonite
|-damage|p1a: Dragonite|44/100
|
|upkeep
|turn|25
|
|t:|1757825462
|switch|p1a: Salamence|Salamence, M|89/100
|move|p2a: Chara|Surf|p1a: Salamence
|-resisted|p1a: Salamence
|-damage|p1a: Salamence|52/100
|
|upkeep
|turn|26
|
|t:|1757825469
|switch|p2a: Draco|Alomomola, M|100/100 par
|move|p1a: Salamence|Fire Blast|p2a: Draco
|-resisted|p2a: Draco
|-damage|p2a: Draco|75/100 par
|-damage|p1a: Salamence|42/100|[from] item: Life Orb
|
|-heal|p2a: Draco|81/100 par|[from] item: Leftovers
|upkeep
|turn|27
|
|t:|1757825474
|move|p1a: Salamence|Draco Meteor|p2a: Draco
|-crit|p2a: Draco
|-damage|p2a: Draco|0 fnt
|-unboost|p1a: Salamence|spa|2
|faint|p2a: Draco
|-ability|p1a: Salamence|Moxie|boost
|-boost|p1a: Salamence|atk|1
|-damage|p1a: Salamence|32/100|[from] item: Life Orb
|
|upkeep
|
|t:|1757825479
|switch|p2a: HHA|Iron Moth, shiny|100/100
|-enditem|p2a: HHA|Booster Energy
|-activate|p2a: HHA|ability: Quark Drive|[fromitem]
|-start|p2a: HHA|quarkdrivespe
|turn|28
|
|t:|1757825485
|move|p2a: HHA|Dazzling Gleam|p1a: Salamence
|-supereffective|p1a: Salamence
|-damage|p1a: Salamence|0 fnt
|faint|p1a: Salamence
|
|upkeep
|
|t:|1757825487
|switch|p1a: Latios|Latios, M, shiny|100/100
|turn|29
|
|t:|1757825491
|move|p2a: HHA|Substitute|p2a: HHA
|-start|p2a: HHA|Substitute
|-damage|p2a: HHA|76/100
|move|p1a: Latios|Luster Purge|p2a: HHA
|-supereffective|p2a: HHA
|-end|p2a: HHA|Substitute
|
|upkeep
|turn|30
|
|t:|1757825501
|-terastallize|p2a: HHA|Fire
|move|p1a: Latios|Luster Purge|p2a: HHA
|-damage|p2a: HHA|27/100
|-unboost|p2a: HHA|spd|1
|move|p2a: HHA|Dazzling Gleam|p1a: Latios
|-supereffective|p1a: Latios
|-damage|p1a: Latios|46/100
|
|upkeep
|turn|31
|
|t:|1757825509
|move|p1a: Latios|Luster Purge|p2a: HHA
|-damage|p2a: HHA|0 fnt
|faint|p2a: HHA
|-end|p2a: HHA|Quark Drive|[silent]
|
|upkeep
|
|t:|1757825517
|switch|p2a: Delta|Lokix, F, shiny|100/100
|turn|32
|
|t:|1757825524
|switch|p1a: Dragonite|Dragonite, M, tera:Fire|44/100
|move|p2a: Delta|Knock Off|p1a: Dragonite
|-damage|p1a: Dragonite|4/100
|-damage|p2a: Delta|84/100|[from] item: Rocky Helmet|[of] p1a: Dragonite
|-enditem|p1a: Dragonite|Rocky Helmet|[from] move: Knock Off|[of] p2a: Delta
|
|upkeep
|turn|33
|
|t:|1757825529
|move|p2a: Delta|Knock Off|p1a: Dragonite
|-damage|p1a: Dragonite|0 fnt
|faint|p1a: Dragonite
|
|upkeep
|
|t:|1757825533
|switch|p1a: Excadrill|Excadrill, M, shiny|91/100
|turn|34
|
|t:|1757825538
|switch|p2a: Chara|Primarina, F, shiny|88/100 par
|move|p1a: Excadrill|Iron Head|p2a: Chara
|-damage|p2a: Chara|16/100 par
|-damage|p1a: Excadrill|81/100|[from] item: Life Orb
|
|upkeep
|turn|35
|
|t:|1757825542
|move|p1a: Excadrill|Iron Head|p2a: Chara
|-damage|p2a: Chara|0 fnt
|faint|p2a: Chara
|-damage|p1a: Excadrill|71/100|[from] item: Life Orb
|
|upkeep
|
|t:|1757825544
|switch|p2a: Delta|Lokix, F, shiny|84/100
|turn|36
|
|t:|1757825548
|move|p2a: Delta|Sucker Punch|p1a: Excadrill
|-crit|p1a: Excadrill
|-damage|p1a: Excadrill|0 fnt
|faint|p1a: Excadrill
|
|upkeep
|
|t:|1757825552
|switch|p1a: Garchomp|Garchomp, M, shiny|51/100
|turn|37
|
|t:|1757825555
|move|p2a: Delta|Sucker Punch|p1a: Garchomp
|-damage|p1a: Garchomp|5/100
|-damage|p2a: Delta|72/100|[from] ability: Rough Skin|[of] p1a: Garchomp
|move|p1a: Garchomp|Outrage|p2a: Delta
|-damage|p2a: Delta|0 fnt
|faint|p2a: Delta
|-damage|p1a: Garchomp|0 fnt|[from] item: Life Orb
|faint|p1a: Garchomp
|
|win|chongtong
|raw|chongtong's rating: 1314 &rarr; <strong>1335</strong><br />(+21 for winning)
|raw|Red Icigool's rating: 1337 &rarr; <strong>1316</strong><br />(-21 for losing)
|c|☆Red Icigool|ggw[p
|l|☆Red Icigool
|player|p2|
