|j|☆jolle
|j|☆Sigmaurus
|t:|1757869935
|gametype|singles
|player|p1|jolle|102|1313
|player|p2|Sigmaurus|rosa|1368
|gen|9
|tier|[Gen 9] OU
|rated|
|rule|HP Percentage Mod: HP is shown in percentages
|rule|Endless Battle Clause: Forcing endless battles is banned
|rule|Species Clause: Limit one of each Pokémon
|rule|OHKO Clause: OHKO moves are banned
|rule|Evasion Items Clause: Evasion items are banned
|rule|Evasion Moves Clause: Evasion moves are banned
|rule|Evasion Abilities Clause: Evasion abilities are banned
|rule|Sleep Moves Clause: Sleep-inducing moves are banned
|clearpoke
|poke|p1|Deoxys-Speed|
|poke|p1|Dragonite, F|
|poke|p1|Glimmora, F|
|poke|p1|Kingambit, M|
|poke|p1|Great Tusk|
|poke|p1|Iron Valiant|
|poke|p2|Weavile, F|
|poke|p2|Hoopa-Unbound|
|poke|p2|Thundurus-Therian, M|
|poke|p2|Cobalion|
|poke|p2|Araquanid, F|
|poke|p2|Chandelure, M|
|teampreview
|inactive|Battle timer is ON: inactive players will automatically lose when time's up. (requested by jolle)
|
|t:|1757869951
|teamsize|p1|6
|teamsize|p2|6
|start
|switch|p1a: Deoxys|Deoxys-Speed|100/100
|switch|p2a: Hoopa|Hoopa-Unbound|100/100
|-ability|p1a: Deoxys|Pressure
|turn|1
|
|t:|1757869959
|move|p1a: Deoxys|Light Screen|p1a: Deoxys
|-sidestart|p1: jolle|move: Light Screen
|move|p2a: Hoopa|Dark Pulse|p1a: Deoxys
|-supereffective|p1a: Deoxys
|-damage|p1a: Deoxys|36/100
|
|upkeep
|turn|2
|
|t:|1757869964
|move|p1a: Deoxys|Reflect|p1a: Deoxys
|-sidestart|p1: jolle|Reflect
|move|p2a: Hoopa|Dark Pulse|p1a: Deoxys
|-supereffective|p1a: Deoxys
|-damage|p1a: Deoxys|0 fnt
|faint|p1a: Deoxys
|
|upkeep
|
|t:|1757869970
|switch|p1a: Iron Valiant|Iron Valiant|100/100
|-enditem|p1a: Iron Valiant|Booster Energy
|-activate|p1a: Iron Valiant|ability: Quark Drive|[fromitem]
|-start|p1a: Iron Valiant|quarkdrivespe
|turn|3
|
|t:|1757869987
|switch|p2a: Chandelure|Chandelure, M|100/100
|move|p1a: Iron Valiant|Moonblast|p2a: Chandelure
|-resisted|p2a: Chandelure
|-damage|p2a: Chandelure|66/100
|
|upkeep
|turn|4
|
|t:|1757869996
|move|p1a: Iron Valiant|Moonblast|p2a: Chandelure
|-resisted|p2a: Chandelure
|-damage|p2a: Chandelure|33/100
|move|p2a: Chandelure|Heat Wave|p1a: Iron Valiant
|-damage|p1a: Iron Valiant|45/100
|
|upkeep
|turn|5
|
|t:|1757870009
|switch|p2a: Cobalion|Cobalion|100/100
|-item|p2a: Cobalion|Air Balloon
|move|p1a: Iron Valiant|Moonblast|p2a: Cobalion
|-damage|p2a: Cobalion|45/100
|-enditem|p2a: Cobalion|Air Balloon
|
|upkeep
|turn|6
|inactive|Sigmaurus has 120 seconds left.
|
|t:|1757870040
|switch|p2a: Thundurus|Thundurus-Therian, M|100/100
|move|p1a: Iron Valiant|Moonblast|p2a: Thundurus
|-damage|p2a: Thundurus|46/100
|
|upkeep
|turn|7
|inactive|Sigmaurus has 120 seconds left.
|
|t:|1757870050
|-terastallize|p2a: Thundurus|Fairy
|move|p1a: Iron Valiant|Moonblast|p2a: Thundurus
|-damage|p2a: Thundurus|0 fnt
|faint|p2a: Thundurus
|
|upkeep
|inactive|Sigmaurus has 120 seconds left.
|
|t:|1757870057
|switch|p2a: Araquanid|Araquanid, F|100/100
|turn|8
|
|t:|1757870063
|move|p1a: Iron Valiant|Thunderbolt|p2a: Araquanid
|-supereffective|p2a: Araquanid
|-damage|p2a: Araquanid|50/100
|move|p2a: Araquanid|Sticky Web|p1a: Iron Valiant
|-sidestart|p1: jolle|move: Sticky Web
|
|-heal|p2a: Araquanid|56/100|[from] item: Leftovers
|-sideend|p1: jolle|move: Light Screen
|upkeep
|turn|9
|
|t:|1757870074
|move|p1a: Iron Valiant|Thunderbolt|p2a: Araquanid
|-supereffective|p2a: Araquanid
|-damage|p2a: Araquanid|8/100
|move|p2a: Araquanid|Liquidation|p1a: Iron Valiant
|-damage|p1a: Iron Valiant|4/100
|
|-heal|p2a: Araquanid|14/100|[from] item: Leftovers
|-sideend|p1: jolle|Reflect
|upkeep
|turn|10
|
|t:|1757870086
|move|p1a: Iron Valiant|Moonblast|p2a: Araquanid
|-damage|p2a: Araquanid|0 fnt
|faint|p2a: Araquanid
|
|upkeep
|
|t:|1757870088
|switch|p2a: Weavile|Weavile, F|100/100
|-ability|p2a: Weavile|Pressure
|turn|11
|
|t:|1757870091
|move|p2a: Weavile|Ice Shard|p1a: Iron Valiant
|-damage|p1a: Iron Valiant|0 fnt
|faint|p1a: Iron Valiant
|-end|p1a: Iron Valiant|Quark Drive|[silent]
|-damage|p2a: Weavile|91/100|[from] item: Life Orb
|
|upkeep
|
|t:|1757870095
|switch|p1a: Kingambit|Kingambit, M|100/100
|-activate|p1a: Kingambit|move: Sticky Web
|-unboost|p1a: Kingambit|spe|1
|-activate|p1a: Kingambit|ability: Supreme Overlord
|-start|p1a: Kingambit|fallen2|[silent]
|turn|12
|
|t:|1757870098
|move|p2a: Weavile|Low Kick|p1a: Kingambit
|-supereffective|p1a: Kingambit
|-damage|p1a: Kingambit|0 fnt
|faint|p1a: Kingambit
|-end|p1a: Kingambit|fallen2|[silent]
|-damage|p2a: Weavile|81/100|[from] item: Life Orb
|
|upkeep
|
|t:|1757870113
|switch|p1a: Great Tusk|Great Tusk|100/100
|-activate|p1a: Great Tusk|move: Sticky Web
|-unboost|p1a: Great Tusk|spe|1
|-enditem|p1a: Great Tusk|Booster Energy
|-activate|p1a: Great Tusk|ability: Protosynthesis|[fromitem]
|-start|p1a: Great Tusk|protosynthesisatk
|turn|13
|
|t:|1757870122
|-terastallize|p1a: Great Tusk|Ice
|move|p2a: Weavile|Triple Axel|p1a: Great Tusk
|-resisted|p1a: Great Tusk
|-damage|p1a: Great Tusk|96/100
|-resisted|p1a: Great Tusk
|-damage|p1a: Great Tusk|88/100
|-resisted|p1a: Great Tusk
|-damage|p1a: Great Tusk|77/100
|-hitcount|p1a: Great Tusk|3
|-damage|p2a: Weavile|71/100|[from] item: Life Orb
|move|p1a: Great Tusk|Rapid Spin|p2a: Weavile
|-damage|p2a: Weavile|37/100
|-boost|p1a: Great Tusk|spe|1
|-sideend|p1: jolle|Sticky Web|[from] move: Rapid Spin|[of] p1a: Great Tusk
|
|upkeep
|turn|14
|
|t:|1757870131
|move|p2a: Weavile|Low Kick|p1a: Great Tusk
|-supereffective|p1a: Great Tusk
|-damage|p1a: Great Tusk|13/100
|-damage|p2a: Weavile|27/100|[from] item: Life Orb
|move|p1a: Great Tusk|Rapid Spin|p2a: Weavile
|-damage|p2a: Weavile|0 fnt
|-boost|p1a: Great Tusk|spe|1
|faint|p2a: Weavile
|
|upkeep
|
|t:|1757870154
|switch|p2a: Hoopa|Hoopa-Unbound|100/100
|turn|15
|
|t:|1757870159
|move|p1a: Great Tusk|Ice Spinner|p2a: Hoopa
|-damage|p2a: Hoopa|32/100
|move|p2a: Hoopa|Psychic Noise|p1a: Great Tusk
|-damage|p1a: Great Tusk|0 fnt
|faint|p1a: Great Tusk
|-end|p1a: Great Tusk|Protosynthesis|[silent]
|
|upkeep
|
|t:|1757870164
|switch|p1a: Dragonite|Dragonite, F|100/100
|turn|16
|
|t:|1757870169
|move|p1a: Dragonite|Dragon Dance|p1a: Dragonite
|-boost|p1a: Dragonite|atk|1
|-boost|p1a: Dragonite|spe|1
|move|p2a: Hoopa|Dark Pulse|p1a: Dragonite
|-damage|p1a: Dragonite|69/100
|
|-heal|p1a: Dragonite|75/100|[from] item: Leftovers
|upkeep
|turn|17
|
|t:|1757870176
|move|p1a: Dragonite|Earthquake|p2a: Hoopa
|-damage|p2a: Hoopa|0 fnt
|faint|p2a: Hoopa
|
|-heal|p1a: Dragonite|81/100|[from] item: Leftovers
|upkeep
|
|t:|1757870179
|switch|p2a: Chandelure|Chandelure, M|33/100
|turn|18
|
|t:|1757870199
|move|p1a: Dragonite|Earthquake|p2a: Chandelure
|-supereffective|p2a: Chandelure
|-damage|p2a: Chandelure|0 fnt
|faint|p2a: Chandelure
|
|-heal|p1a: Dragonite|87/100|[from] item: Leftovers
|upkeep
|-message|Sigmaurus forfeited.
|
|win|jolle
|raw|jolle's rating: 1313 &rarr; <strong>1336</strong><br />(+23 for winning)
|raw|Sigmaurus's rating: 1368 &rarr; <strong>1345</strong><br />(-23 for losing)
|l|☆Sigmaurus
|player|p2|
|l|☆jolle
|player|p1|
