|j|☆Edward Wang
|j|☆forok1234
|t:|1757822665
|gametype|singles
|player|p1|Edward Wang|preschooler|1359
|player|p2|forok1234|266|1320
|gen|9
|tier|[Gen 9] OU
|rated|
|rule|HP Percentage Mod: HP is shown in percentages
|rule|Endless Battle Clause: Forcing endless battles is banned
|rule|Species Clause: Limit one of each Pokémon
|rule|OHKO Clause: OHKO moves are banned
|rule|Evasion Items Clause: Evasion items are banned
|rule|Evasion Moves Clause: Evasion moves are banned
|rule|Evasion Abilities Clause: Evasion abilities are banned
|rule|Sleep Moves Clause: Sleep-inducing moves are banned
|clearpoke
|poke|p1|Garganacl, M|
|poke|p1|Jirachi|
|poke|p1|Serperior, M|
|poke|p1|Weezing-Galar, M|
|poke|p1|Landorus-Therian, M|
|poke|p1|Blissey, F|
|poke|p2|Gholdengo|
|poke|p2|Dragapult, M|
|poke|p2|Dragonite, F|
|poke|p2|Araquanid, M|
|poke|p2|Enamorus, F|
|poke|p2|Great Tusk|
|teampreview
|
|t:|1757822695
|teamsize|p1|6
|teamsize|p2|6
|start
|switch|p1a: Weezing|Weezing-Galar, M|100/100
|switch|p2a: Araquanid|Araquanid, M|100/100
|-ability|p1a: Weezing|Neutralizing Gas
|turn|1
|
|t:|1757822718
|switch|p2a: Gholdengo|Gholdengo|100/100
|-item|p2a: Gholdengo|Air Balloon
|move|p1a: Weezing|Will-O-Wisp|p2a: Gholdengo
|-status|p2a: Gholdengo|brn
|
|-damage|p2a: Gholdengo|94/100 brn|[from] brn
|upkeep
|turn|2
|
|t:|1757822745
|switch|p2a: Araquanid|Araquanid, M|100/100
|-end|p1a: Weezing|ability: Neutralizing Gas
|switch|p1a: Blissey|Blissey, F, shiny|100/100
|
|upkeep
|turn|3
|
|t:|1757822754
|switch|p1a: Weezing|Weezing-Galar, M|100/100
|-ability|p1a: Weezing|Neutralizing Gas
|move|p2a: Araquanid|Sticky Web|p1a: Weezing
|-sidestart|p1: Edward Wang|move: Sticky Web
|
|upkeep
|turn|4
|
|t:|1757822760
|switch|p2a: Gholdengo|Gholdengo|94/100 brn
|-item|p2a: Gholdengo|Air Balloon
|move|p1a: Weezing|Defog|p2a: Gholdengo
|-unboost|p2a: Gholdengo|evasion|1
|-sideend|p1: Edward Wang|Sticky Web|[from] move: Defog|[of] p1a: Weezing
|
|-damage|p2a: Gholdengo|88/100 brn|[from] brn
|upkeep
|turn|5
|
|t:|1757822780
|switch|p2a: Great Tusk|Great Tusk|100/100
|-end|p1a: Weezing|ability: Neutralizing Gas
|switch|p1a: Blissey|Blissey, F, shiny|100/100
|-enditem|p2a: Great Tusk|Booster Energy
|-activate|p2a: Great Tusk|ability: Protosynthesis|[fromitem]
|-start|p2a: Great Tusk|protosynthesisatk
|
|upkeep
|turn|6
|
|t:|1757822790
|switch|p1a: Landorus|Landorus-Therian, M|100/100
|-ability|p1a: Landorus|Intimidate|boost
|-unboost|p2a: Great Tusk|atk|1
|move|p2a: Great Tusk|Headlong Rush|p1a: Landorus
|-immune|p1a: Landorus
|
|upkeep
|turn|7
|
|t:|1757822800
|switch|p1a: Weezing|Weezing-Galar, M|100/100
|-ability|p1a: Weezing|Neutralizing Gas
|move|p2a: Great Tusk|Ice Spinner|p1a: Weezing
|-damage|p1a: Weezing|85/100
|
|-heal|p1a: Weezing|91/100|[from] item: Black Sludge
|upkeep
|turn|8
|
|t:|1757822807
|-end|p2a: Great Tusk|Protosynthesis|[silent]
|switch|p2a: Gholdengo|Gholdengo|88/100 brn
|-item|p2a: Gholdengo|Air Balloon
|-end|p1a: Weezing|ability: Neutralizing Gas
|switch|p1a: Landorus|Landorus-Therian, M|100/100
|-ability|p1a: Landorus|Intimidate|boost
|-unboost|p2a: Gholdengo|atk|1
|
|-damage|p2a: Gholdengo|82/100 brn|[from] brn
|upkeep
|turn|9
|
|t:|1757822815
|switch|p2a: Araquanid|Araquanid, M|100/100
|move|p1a: Landorus|U-turn|p2a: Araquanid
|-damage|p2a: Araquanid|70/100
|
|t:|1757822820
|switch|p1a: Serperior|Serperior, M|100/100|[from] U-turn
|
|upkeep
|turn|10
|
|t:|1757822825
|move|p1a: Serperior|Leaf Storm|p2a: Araquanid
|-damage|p2a: Araquanid|48/100
|-boost|p1a: Serperior|spa|2
|move|p2a: Araquanid|Sticky Web|p1a: Serperior
|-sidestart|p1: Edward Wang|move: Sticky Web
|
|upkeep
|turn|11
|
|t:|1757822831
|move|p2a: Araquanid|Endure|p2a: Araquanid
|-singleturn|p2a: Araquanid|move: Endure
|move|p1a: Serperior|Leaf Storm|p2a: Araquanid
|-damage|p2a: Araquanid|5/100
|-boost|p1a: Serperior|spa|2
|
|upkeep
|turn|12
|-enditem|p2a: Araquanid|Custap Berry|[eat]
|-activate|p2a: Araquanid|item: Custap Berry|[consumed]
|
|t:|1757822837
|move|p2a: Araquanid|Endeavor|p1a: Serperior
|-damage|p1a: Serperior|4/100
|move|p1a: Serperior|Leaf Storm|p2a: Araquanid
|-damage|p2a: Araquanid|0 fnt
|-boost|p1a: Serperior|spa|2
|faint|p2a: Araquanid
|
|-heal|p1a: Serperior|11/100|[from] item: Leftovers
|upkeep
|
|t:|1757822846
|switch|p2a: Dragonite|Dragonite, F|100/100
|turn|13
|
|t:|1757822850
|switch|p1a: Weezing|Weezing-Galar, M|91/100
|-ability|p1a: Weezing|Neutralizing Gas
|-activate|p1a: Weezing|move: Sticky Web
|-unboost|p1a: Weezing|spe|1
|move|p2a: Dragonite|Extreme Speed|p1a: Weezing
|-damage|p1a: Weezing|65/100
|
|-heal|p1a: Weezing|71/100|[from] item: Black Sludge
|upkeep
|turn|14
|
|t:|1757822861
|move|p2a: Dragonite|Dragon Dance|p2a: Dragonite
|-boost|p2a: Dragonite|atk|1
|-boost|p2a: Dragonite|spe|1
|move|p1a: Weezing|Will-O-Wisp|p2a: Dragonite
|-status|p2a: Dragonite|brn
|
|-heal|p1a: Weezing|77/100|[from] item: Black Sludge
|-damage|p2a: Dragonite|94/100 brn|[from] brn
|upkeep
|turn|15
|
|t:|1757822873
|switch|p2a: Dragapult|Dragapult, M, shiny|100/100
|move|p1a: Weezing|Haze|p1a: Weezing
|-clearallboost
|
|-heal|p1a: Weezing|83/100|[from] item: Black Sludge
|upkeep
|turn|16
|
|t:|1757822886
|switch|p2a: Gholdengo|Gholdengo|82/100 brn
|-item|p2a: Gholdengo|Air Balloon
|-end|p1a: Weezing|ability: Neutralizing Gas
|switch|p1a: Garganacl|Garganacl, M, shiny|100/100
|-item|p1a: Garganacl|Air Balloon
|
|-damage|p2a: Gholdengo|76/100 brn|[from] brn
|upkeep
|turn|17
|
|t:|1757822891
|switch|p1a: Blissey|Blissey, F, shiny|100/100
|-activate|p1a: Blissey|move: Sticky Web
|-unboost|p1a: Blissey|spe|1
|move|p2a: Gholdengo|Make It Rain|p1a: Blissey
|-damage|p1a: Blissey|77/100
|-unboost|p2a: Gholdengo|spa|1
|
|-damage|p2a: Gholdengo|70/100 brn|[from] brn
|upkeep
|turn|18
|
|t:|1757822902
|switch|p2a: Great Tusk|Great Tusk|100/100
|move|p1a: Blissey|Ice Beam|p2a: Great Tusk
|-supereffective|p2a: Great Tusk
|-damage|p2a: Great Tusk|0 fnt
|faint|p2a: Great Tusk
|-end|p2a: Great Tusk|Protosynthesis|[silent]
|
|upkeep
|
|t:|1757822913
|switch|p2a: Enamorus|Enamorus, F|100/100
|turn|19
|
|t:|1757822919
|move|p2a: Enamorus|Superpower|p1a: Blissey
|-supereffective|p1a: Blissey
|-damage|p1a: Blissey|0 fnt
|-boost|p2a: Enamorus|atk|1
|-boost|p2a: Enamorus|def|1
|faint|p1a: Blissey
|
|upkeep
|
|t:|1757822924
|switch|p1a: Weezing|Weezing-Galar, M|83/100
|-ability|p1a: Weezing|Neutralizing Gas
|-activate|p1a: Weezing|move: Sticky Web
|-unboost|p1a: Weezing|spe|1
|turn|20
|
|t:|1757822930
|-terastallize|p2a: Enamorus|Stellar
|move|p2a: Enamorus|Earth Power|p1a: Weezing
|-supereffective|p1a: Weezing
|-damage|p1a: Weezing|3/100
|move|p1a: Weezing|Haze|p1a: Weezing
|-clearallboost
|
|-heal|p1a: Weezing|9/100|[from] item: Black Sludge
|upkeep
|turn|21
|
|t:|1757822941
|-end|p1a: Weezing|ability: Neutralizing Gas
|switch|p1a: Garganacl|Garganacl, M, shiny|100/100
|-item|p1a: Garganacl|Air Balloon
|move|p2a: Enamorus|Tera Blast|p1a: Garganacl|[anim] Tera Blast Stellar
|-damage|p1a: Garganacl|58/100
|-boost|p2a: Enamorus|atk|1
|-boost|p2a: Enamorus|spa|1
|-enditem|p1a: Garganacl|Air Balloon
|
|upkeep
|turn|22
|
|t:|1757822949
|-terastallize|p1a: Garganacl|Ghost
|move|p2a: Enamorus|Earth Power|p1a: Garganacl
|-damage|p1a: Garganacl|11/100
|move|p1a: Garganacl|Recover|p1a: Garganacl
|-heal|p1a: Garganacl|61/100
|
|upkeep
|turn|23
|
|t:|1757822956
|move|p2a: Enamorus|Tera Blast|p1a: Garganacl|[anim] Tera Blast Stellar
|-supereffective|p1a: Garganacl
|-damage|p1a: Garganacl|0 fnt
|-boost|p2a: Enamorus|atk|1
|-boost|p2a: Enamorus|spa|1
|faint|p1a: Garganacl
|
|upkeep
|
|t:|1757822960
|switch|p1a: Jirachi|Jirachi|100/100
|-activate|p1a: Jirachi|move: Sticky Web
|-unboost|p1a: Jirachi|spe|1
|turn|24
|
|t:|1757822966
|move|p2a: Enamorus|Earth Power|p1a: Jirachi
|-supereffective|p1a: Jirachi
|-damage|p1a: Jirachi|0 fnt
|faint|p1a: Jirachi
|
|upkeep
|-message|Edward Wang forfeited.
|
|win|forok1234
|raw|Edward Wang's rating: 1359 &rarr; <strong>1337</strong><br />(-22 for losing)
|raw|forok1234's rating: 1320 &rarr; <strong>1342</strong><br />(+22 for winning)
|l|☆Edward Wang
|player|p1|
|c|☆forok1234|gg
|l|☆forok1234
|player|p2|
