|j|☆tea chai
|j|☆levi6969
|t:|1757923352
|gametype|singles
|player|p1|tea chai|iris|1346
|player|p2|levi6969|170|1226
|gen|9
|tier|[Gen 9] OU
|rated|
|rule|HP Percentage Mod: HP is shown in percentages
|rule|Endless Battle Clause: Forcing endless battles is banned
|rule|Species Clause: Limit one of each Pokémon
|rule|OHKO Clause: OHKO moves are banned
|rule|Evasion Items Clause: Evasion items are banned
|rule|Evasion Moves Clause: Evasion moves are banned
|rule|Evasion Abilities Clause: Evasion abilities are banned
|rule|Sleep Moves Clause: Sleep-inducing moves are banned
|clearpoke
|poke|p1|Corviknight, M|
|poke|p1|Rillaboom, M|
|poke|p1|Iron Moth|
|poke|p1|Iron Treads|
|poke|p1|Primarina, M|
|poke|p1|Scyther, M|
|poke|p2|Hoopa|
|poke|p2|Landorus-Therian, M|
|poke|p2|Weezing-Galar, F|
|poke|p2|Kingambit, M|
|poke|p2|Raging Bolt|
|poke|p2|Zamazenta-*|
|teampreview
|inactive|Battle timer is ON: inactive players will automatically lose when time's up. (requested by levi6969)
|
|t:|1757923368
|teamsize|p1|6
|teamsize|p2|6
|start
|switch|p1a: Scyther|Scyther, M|100/100
|switch|p2a: Landorus|Landorus-Therian, M, shiny|100/100
|-ability|p2a: Landorus|Intimidate|boost
|-unboost|p1a: Scyther|atk|1
|turn|1
|
|t:|1757923373
|move|p1a: Scyther|Swords Dance|p1a: Scyther
|-boost|p1a: Scyther|atk|2
|move|p2a: Landorus|Stealth Rock|p1a: Scyther
|-sidestart|p1: tea chai|move: Stealth Rock
|
|upkeep
|turn|2
|
|t:|1757923380
|move|p1a: Scyther|Dual Wingbeat|p2a: Landorus
|-damage|p2a: Landorus|60/100
|-damage|p1a: Scyther|84/100|[from] item: Rocky Helmet|[of] p2a: Landorus
|-damage|p2a: Landorus|20/100
|-damage|p1a: Scyther|68/100|[from] item: Rocky Helmet|[of] p2a: Landorus
|-hitcount|p2a: Landorus|2
|move|p2a: Landorus|Taunt|p1a: Scyther
|-start|p1a: Scyther|move: Taunt
|
|upkeep
|turn|3
|
|t:|1757923401
|switch|p2a: Weezing|Weezing-Galar, F, shiny|100/100
|-ability|p2a: Weezing|Neutralizing Gas
|move|p1a: Scyther|Dual Wingbeat|p2a: Weezing
|-damage|p2a: Weezing|81/100
|-damage|p2a: Weezing|61/100
|-hitcount|p2a: Weezing|2
|
|upkeep
|turn|4
|
|t:|1757923413
|switch|p1a: Iron Moth|Iron Moth|100/100
|move|p2a: Weezing|Strange Steam|p1a: Iron Moth
|-resisted|p1a: Iron Moth
|-damage|p1a: Iron Moth|94/100
|-start|p1a: Iron Moth|confusion
|
|upkeep
|turn|5
|
|t:|1757923421
|-end|p2a: Weezing|ability: Neutralizing Gas
|switch|p2a: Raging Bolt|Raging Bolt|100/100
|-activate|p1a: Iron Moth|confusion
|-damage|p1a: Iron Moth|85/100|[from] confusion
|
|upkeep
|turn|6
|
|t:|1757923430
|-end|p1a: Iron Moth|Quark Drive|[silent]
|switch|p1a: Iron Treads|Iron Treads|100/100
|-damage|p1a: Iron Treads|97/100|[from] Stealth Rock
|move|p2a: Raging Bolt|Dragon Pulse|p1a: Iron Treads
|-resisted|p1a: Iron Treads
|-damage|p1a: Iron Treads|75/100
|
|upkeep
|turn|7
|
|t:|1757923451
|-end|p2a: Raging Bolt|Protosynthesis|[silent]
|switch|p2a: Hoopa|Hoopa|100/100
|move|p1a: Iron Treads|Ice Spinner|p2a: Hoopa
|-crit|p2a: Hoopa
|-damage|p2a: Hoopa|28/100
|-enditem|p2a: Hoopa|Sitrus Berry|[eat]
|-heal|p2a: Hoopa|53/100|[from] item: Sitrus Berry
|
|upkeep
|turn|8
|
|t:|1757923456
|move|p1a: Iron Treads|High Horsepower|p2a: Hoopa
|-damage|p2a: Hoopa|0 fnt
|faint|p2a: Hoopa
|
|upkeep
|
|t:|1757923466
|switch|p2a: Zamazenta|Zamazenta, shiny|100/100
|-ability|p2a: Zamazenta|Dauntless Shield|boost
|-boost|p2a: Zamazenta|def|1
|turn|9
|inactive|tea chai has 120 seconds left.
|
|t:|1757923500
|-end|p1a: Iron Treads|Quark Drive|[silent]
|switch|p1a: Primarina|Primarina, M|100/100
|-damage|p1a: Primarina|88/100|[from] Stealth Rock
|move|p2a: Zamazenta|Close Combat|p1a: Primarina
|-resisted|p1a: Primarina
|-damage|p1a: Primarina|49/100
|-unboost|p2a: Zamazenta|def|1
|-unboost|p2a: Zamazenta|spd|1
|
|upkeep
|turn|10
|
|t:|1757923508
|move|p2a: Zamazenta|Heavy Slam|p1a: Primarina
|-damage|p1a: Primarina|3/100
|move|p1a: Primarina|Surf|p2a: Zamazenta
|-crit|p2a: Zamazenta
|-damage|p2a: Zamazenta|0 fnt
|faint|p2a: Zamazenta
|
|upkeep
|
|t:|1757923521
|switch|p2a: Landorus|Landorus-Therian, M, shiny|20/100
|-ability|p2a: Landorus|Intimidate|boost
|-unboost|p1a: Primarina|atk|1
|turn|11
|
|t:|1757923528
|move|p2a: Landorus|U-turn|p1a: Primarina
|-resisted|p1a: Primarina
|-damage|p1a: Primarina|0 fnt
|faint|p1a: Primarina
|
|t:|1757923531
|switch|p2a: Raging Bolt|Raging Bolt|100/100|[from] U-turn
|
|upkeep
|-message|levi6969 forfeited.
|
|win|tea chai
|raw|tea chai's rating: 1346 &rarr; <strong>1359</strong><br />(+13 for winning)
|raw|levi6969's rating: 1226 &rarr; <strong>1209</strong><br />(-17 for losing)
|l|☆levi6969
|player|p2|
