|j|☆dengdengni
|j|☆Obito 2001
|t:|1757927785
|gametype|singles
|player|p1|dengdengni|scientist|1471
|player|p2|Obito 2001|blue-gen3two|1527
|gen|9
|tier|[Gen 9] OU
|rated|
|rule|HP Percentage Mod: HP is shown in percentages
|rule|Endless Battle Clause: Forcing endless battles is banned
|rule|Species Clause: Limit one of each Pokémon
|rule|OHKO Clause: OHKO moves are banned
|rule|Evasion Items Clause: Evasion items are banned
|rule|Evasion Moves Clause: Evasion moves are banned
|rule|Evasion Abilities Clause: Evasion abilities are banned
|rule|Sleep Moves Clause: Sleep-inducing moves are banned
|clearpoke
|poke|p1|Gholdengo|
|poke|p1|Samurott-Hisui, M|
|poke|p1|Great Tusk|
|poke|p1|Moltres|
|poke|p1|Dragapult, M|
|poke|p1|Kingambit, M|
|poke|p2|Rotom-Wash|
|poke|p2|Kingambit, M|
|poke|p2|Great Tusk|
|poke|p2|Iron Valiant|
|poke|p2|Alomomola, F|
|poke|p2|Pecharunt|
|teampreview
|inactive|Battle timer is ON: inactive players will automatically lose when time's up. (requested by Obito 2001)
|
|t:|1757927795
|teamsize|p1|6
|teamsize|p2|6
|start
|switch|p1a: Samurott|Samurott-Hisui, M|100/100
|switch|p2a: Rotom|Rotom-Wash|100/100
|turn|1
|
|t:|1757927798
|move|p2a: Rotom|Volt Switch|p1a: Samurott
|-supereffective|p1a: Samurott
|-damage|p1a: Samurott|3/100
|
|t:|1757927806
|switch|p2a: Ban Darkrai|Great Tusk|100/100|[from] Volt Switch
|move|p1a: Samurott|Ceaseless Edge|p2a: Ban Darkrai
|-resisted|p2a: Ban Darkrai
|-damage|p2a: Ban Darkrai|84/100
|-sidestart|p2: Obito 2001|Spikes
|
|upkeep
|turn|2
|
|t:|1757927813
|switch|p1a: Moltres|Moltres, shiny|100/100
|move|p2a: Ban Darkrai|Ice Spinner|p1a: Moltres
|-damage|p1a: Moltres|80/100
|
|upkeep
|turn|3
|
|t:|1757927820
|move|p2a: Ban Darkrai|Stealth Rock|p1a: Moltres
|-sidestart|p1: dengdengni|move: Stealth Rock
|move|p1a: Moltres|Will-O-Wisp|p2a: Ban Darkrai|[miss]
|-miss|p1a: Moltres|p2a: Ban Darkrai
|
|upkeep
|turn|4
|
|t:|1757927826
|-end|p2a: Ban Darkrai|Protosynthesis|[silent]
|switch|p2a: Rotom|Rotom-Wash|100/100
|move|p1a: Moltres|U-turn|p2a: Rotom
|-damage|p2a: Rotom|81/100
|
|t:|1757927837
|switch|p1a: Gholdengo|Gholdengo|100/100|[from] U-turn
|-damage|p1a: Gholdengo|94/100|[from] Stealth Rock
|-item|p1a: Gholdengo|Air Balloon
|
|upkeep
|turn|5
|
|t:|1757927844
|move|p2a: Rotom|Hydro Pump|p1a: Gholdengo
|-damage|p1a: Gholdengo|50/100
|-enditem|p1a: Gholdengo|Air Balloon
|move|p1a: Gholdengo|Shadow Ball|p2a: Rotom
|-damage|p2a: Rotom|37/100
|
|upkeep
|turn|6
|
|t:|1757927858
|switch|p2a: Momo Hirai|Alomomola, F|100/100
|-damage|p2a: Momo Hirai|88/100|[from] Spikes
|move|p1a: Gholdengo|Recover|p1a: Gholdengo
|-heal|p1a: Gholdengo|100/100
|
|upkeep
|turn|7
|
|t:|1757927861
|move|p1a: Gholdengo|Nasty Plot|p1a: Gholdengo
|-boost|p1a: Gholdengo|spa|2
|move|p2a: Momo Hirai|Wish|p2a: Momo Hirai
|
|upkeep
|turn|8
|
|t:|1757927876
|move|p1a: Gholdengo|Nasty Plot|p1a: Gholdengo
|-boost|p1a: Gholdengo|spa|2
|move|p2a: Momo Hirai|Flip Turn|p1a: Gholdengo
|-damage|p1a: Gholdengo|89/100
|
|t:|1757927882
|switch|p2a: Rotom|Rotom-Wash|37/100|[from] Flip Turn
|
|-heal|p2a: Rotom|100/100|[from] move: Wish|[wisher] Momo Hirai
|upkeep
|turn|9
|
|t:|1757927887
|move|p2a: Rotom|Volt Switch|p1a: Gholdengo
|-damage|p1a: Gholdengo|63/100
|
|t:|1757927891
|switch|p2a: Ban Zamazenta|Kingambit, M, shiny|100/100|[from] Volt Switch
|-damage|p2a: Ban Zamazenta|88/100|[from] Spikes
|move|p1a: Gholdengo|Shadow Ball|p2a: Ban Zamazenta
|-resisted|p2a: Ban Zamazenta
|-damage|p2a: Ban Zamazenta|37/100
|
|-heal|p2a: Ban Zamazenta|43/100|[from] item: Leftovers
|upkeep
|turn|10
|
|t:|1757927903
|switch|p1a: Moltres|Moltres, shiny|80/100
|-end|p2a: Ban Zamazenta|fallenundefined|[silent]
|switch|p2a: Ban Darkrai|Great Tusk|84/100
|
|upkeep
|turn|11
|
|t:|1757927908
|-end|p2a: Ban Darkrai|Protosynthesis|[silent]
|switch|p2a: Momo Hirai|Alomomola, F|100/100
|-damage|p2a: Momo Hirai|88/100|[from] Spikes
|move|p1a: Moltres|Flamethrower|p2a: Momo Hirai
|-resisted|p2a: Momo Hirai
|-damage|p2a: Momo Hirai|70/100
|-enditem|p2a: Momo Hirai|Red Card|[of] p1a: Moltres
|drag|p1a: Great Tusk|Great Tusk, shiny|100/100
|-damage|p1a: Great Tusk|98/100|[from] Stealth Rock
|
|-heal|p1a: Great Tusk|100/100|[from] item: Leftovers
|upkeep
|turn|12
|
|t:|1757927917
|move|p1a: Great Tusk|Rapid Spin|p2a: Momo Hirai
|-damage|p2a: Momo Hirai|59/100
|-boost|p1a: Great Tusk|spe|1
|-sideend|p1: dengdengni|Stealth Rock|[from] move: Rapid Spin|[of] p1a: Great Tusk
|move|p2a: Momo Hirai|Wish|p2a: Momo Hirai
|
|upkeep
|turn|13
|
|t:|1757927921
|move|p1a: Great Tusk|Bulk Up|p1a: Great Tusk
|-boost|p1a: Great Tusk|atk|1
|-boost|p1a: Great Tusk|def|1
|move|p2a: Momo Hirai|Flip Turn|p1a: Great Tusk
|-supereffective|p1a: Great Tusk
|-damage|p1a: Great Tusk|83/100
|
|t:|1757927926
|switch|p2a: Ban Zamazenta|Kingambit, M, shiny|43/100|[from] Flip Turn
|-damage|p2a: Ban Zamazenta|30/100|[from] Spikes
|
|-heal|p2a: Ban Zamazenta|92/100|[from] move: Wish|[wisher] Momo Hirai
|-heal|p1a: Great Tusk|89/100|[from] item: Leftovers
|-heal|p2a: Ban Zamazenta|98/100|[from] item: Leftovers
|upkeep
|turn|14
|
|t:|1757927931
|-end|p2a: Ban Zamazenta|fallenundefined|[silent]
|switch|p2a: Rotom|Rotom-Wash|100/100
|move|p1a: Great Tusk|Earthquake|p2a: Rotom
|-immune|p2a: Rotom|[from] ability: Levitate
|
|-heal|p1a: Great Tusk|95/100|[from] item: Leftovers
|upkeep
|turn|15
|
|t:|1757927944
|-end|p1a: Great Tusk|Protosynthesis|[silent]
|switch|p1a: Dragapult|Dragapult, M, shiny|100/100
|move|p2a: Rotom|Hydro Pump|p1a: Dragapult
|-resisted|p1a: Dragapult
|-damage|p1a: Dragapult|68/100
|
|upkeep
|turn|16
|
|t:|1757927947
|switch|p2a: Momo Hirai|Alomomola, F|92/100
|-damage|p2a: Momo Hirai|80/100|[from] Spikes
|move|p1a: Dragapult|Shadow Ball|p2a: Momo Hirai
|-damage|p2a: Momo Hirai|35/100
|-unboost|p2a: Momo Hirai|spd|1
|
|upkeep
|turn|17
|
|t:|1757927952
|switch|p2a: Ban Zamazenta|Kingambit, M, shiny|98/100
|-damage|p2a: Ban Zamazenta|86/100|[from] Spikes
|move|p1a: Dragapult|Shadow Ball|p2a: Ban Zamazenta
|-resisted|p2a: Ban Zamazenta
|-damage|p2a: Ban Zamazenta|58/100
|
|-heal|p2a: Ban Zamazenta|64/100|[from] item: Leftovers
|upkeep
|turn|18
|
|t:|1757927958
|switch|p1a: Moltres|Moltres, shiny|80/100
|-end|p2a: Ban Zamazenta|fallenundefined|[silent]
|switch|p2a: Momo Hirai|Alomomola, F|69/100
|-damage|p2a: Momo Hirai|56/100|[from] Spikes
|
|upkeep
|turn|19
|
|t:|1757927962
|move|p1a: Moltres|U-turn|p2a: Momo Hirai
|-damage|p2a: Momo Hirai|47/100
|
|t:|1757927966
|switch|p1a: Dragapult|Dragapult, M, shiny|68/100|[from] U-turn
|move|p2a: Momo Hirai|Flip Turn|p1a: Dragapult
|-resisted|p1a: Dragapult
|-damage|p1a: Dragapult|58/100
|
|t:|1757927975
|switch|p2a: Hero|Iron Valiant|100/100|[from] Flip Turn
|-damage|p2a: Hero|88/100|[from] Spikes
|-enditem|p2a: Hero|Booster Energy
|-activate|p2a: Hero|ability: Quark Drive|[fromitem]
|-start|p2a: Hero|quarkdrivespe
|
|upkeep
|turn|20
|
|t:|1757927985
|-terastallize|p1a: Dragapult|Fire
|move|p2a: Hero|Calm Mind|p2a: Hero
|-boost|p2a: Hero|spa|1
|-boost|p2a: Hero|spd|1
|move|p1a: Dragapult|Shadow Ball|p2a: Hero
|-damage|p2a: Hero|30/100
|
|upkeep
|turn|21
|
|t:|1757927994
|switch|p1a: Moltres|Moltres, shiny|80/100
|move|p2a: Hero|Thunderbolt|p1a: Moltres
|-supereffective|p1a: Moltres
|-damage|p1a: Moltres|0 fnt
|faint|p1a: Moltres
|
|upkeep
|
|t:|1757928005
|switch|p1a: Gholdengo|Gholdengo|63/100
|turn|22
|
|t:|1757928009
|move|p2a: Hero|Shadow Ball|p1a: Gholdengo
|-supereffective|p1a: Gholdengo
|-damage|p1a: Gholdengo|0 fnt
|faint|p1a: Gholdengo
|
|upkeep
|
|t:|1757928015
|switch|p1a: Kingambit|Kingambit, M, shiny|100/100
|-activate|p1a: Kingambit|ability: Supreme Overlord
|-start|p1a: Kingambit|fallen2|[silent]
|turn|23
|
|t:|1757928024
|move|p2a: Hero|Moonblast|p1a: Kingambit
|-damage|p1a: Kingambit|42/100
|move|p1a: Kingambit|Iron Head|p2a: Hero
|-supereffective|p2a: Hero
|-damage|p2a: Hero|0 fnt
|faint|p2a: Hero
|-end|p2a: Hero|Quark Drive|[silent]
|
|-heal|p1a: Kingambit|48/100|[from] item: Leftovers
|upkeep
|
|t:|1757928030
|switch|p2a: Ban Darkrai|Great Tusk|84/100
|turn|24
|
|t:|1757928034
|-end|p1a: Kingambit|fallen2|[silent]
|switch|p1a: Great Tusk|Great Tusk, shiny|95/100
|move|p2a: Ban Darkrai|Rapid Spin|p1a: Great Tusk
|-damage|p1a: Great Tusk|83/100
|-boost|p2a: Ban Darkrai|spe|1
|-sideend|p2: Obito 2001|Spikes|[from] move: Rapid Spin|[of] p2a: Ban Darkrai
|
|-heal|p1a: Great Tusk|89/100|[from] item: Leftovers
|upkeep
|turn|25
|
|t:|1757928042
|move|p2a: Ban Darkrai|Stealth Rock|p1a: Great Tusk
|-sidestart|p1: dengdengni|move: Stealth Rock
|move|p1a: Great Tusk|Bulk Up|p1a: Great Tusk
|-boost|p1a: Great Tusk|atk|1
|-boost|p1a: Great Tusk|def|1
|
|-heal|p1a: Great Tusk|95/100|[from] item: Leftovers
|upkeep
|turn|26
|
|t:|1757928045
|-end|p2a: Ban Darkrai|Protosynthesis|[silent]
|switch|p2a: Ban Gliscor|Pecharunt|100/100
|move|p1a: Great Tusk|Rapid Spin|p2a: Ban Gliscor
|-immune|p2a: Ban Gliscor
|
|-heal|p1a: Great Tusk|100/100|[from] item: Leftovers
|upkeep
|turn|27
|
|t:|1757928049
|switch|p2a: Rotom|Rotom-Wash|100/100
|move|p1a: Great Tusk|Earthquake|p2a: Rotom
|-immune|p2a: Rotom|[from] ability: Levitate
|
|upkeep
|turn|28
|
|t:|1757928057
|move|p2a: Rotom|Hydro Pump|p1a: Great Tusk|[miss]
|-miss|p2a: Rotom|p1a: Great Tusk
|move|p1a: Great Tusk|Rapid Spin|p2a: Rotom
|-crit|p2a: Rotom
|-damage|p2a: Rotom|44/100
|-boost|p1a: Great Tusk|spe|1
|-sideend|p1: dengdengni|Stealth Rock|[from] move: Rapid Spin|[of] p1a: Great Tusk
|
|upkeep
|turn|29
|
|t:|1757928070
|-end|p1a: Great Tusk|Protosynthesis|[silent]
|switch|p1a: Dragapult|Dragapult, M, shiny, tera:Fire|58/100
|move|p2a: Rotom|Hydro Pump|p1a: Dragapult|[miss]
|-miss|p2a: Rotom|p1a: Dragapult
|
|upkeep
|turn|30
|
|t:|1757928079
|move|p2a: Rotom|Hydro Pump|p1a: Dragapult
|-supereffective|p1a: Dragapult
|-crit|p1a: Dragapult
|-damage|p1a: Dragapult|0 fnt
|faint|p1a: Dragapult
|
|upkeep
|
|t:|1757928084
|switch|p1a: Kingambit|Kingambit, M, shiny|48/100
|-activate|p1a: Kingambit|ability: Supreme Overlord
|-start|p1a: Kingambit|fallen3|[silent]
|turn|31
|
|t:|1757928093
|switch|p2a: Ban Zamazenta|Kingambit, M, shiny|64/100
|-activate|p2a: Ban Zamazenta|ability: Supreme Overlord
|-start|p2a: Ban Zamazenta|fallen1|[silent]
|move|p1a: Kingambit|Iron Head|p2a: Ban Zamazenta
|-resisted|p2a: Ban Zamazenta
|-damage|p2a: Ban Zamazenta|44/100
|
|-heal|p2a: Ban Zamazenta|50/100|[from] item: Leftovers
|-heal|p1a: Kingambit|54/100|[from] item: Leftovers
|upkeep
|turn|32
|
|t:|1757928097
|move|p2a: Ban Zamazenta|Low Kick|p1a: Kingambit
|-supereffective|p1a: Kingambit
|-damage|p1a: Kingambit|0 fnt
|faint|p1a: Kingambit
|-end|p1a: Kingambit|fallen3|[silent]
|
|-heal|p2a: Ban Zamazenta|56/100|[from] item: Leftovers
|upkeep
|
|t:|1757928101
|switch|p1a: Great Tusk|Great Tusk, shiny|100/100
|turn|33
|
|t:|1757928108
|-end|p2a: Ban Zamazenta|fallen1|[silent]
|switch|p2a: Ban Gliscor|Pecharunt|100/100
|move|p1a: Great Tusk|Bulk Up|p1a: Great Tusk
|-boost|p1a: Great Tusk|atk|1
|-boost|p1a: Great Tusk|def|1
|
|upkeep
|turn|34
|
|t:|1757928118
|move|p1a: Great Tusk|Bulk Up|p1a: Great Tusk
|-boost|p1a: Great Tusk|atk|1
|-boost|p1a: Great Tusk|def|1
|move|p2a: Ban Gliscor|Malignant Chain|p1a: Great Tusk
|-resisted|p1a: Great Tusk
|-damage|p1a: Great Tusk|78/100
|
|-heal|p1a: Great Tusk|85/100|[from] item: Leftovers
|upkeep
|turn|35
|
|t:|1757928123
|move|p1a: Great Tusk|Ice Spinner|p2a: Ban Gliscor
|-damage|p2a: Ban Gliscor|75/100
|move|p2a: Ban Gliscor|Malignant Chain|p1a: Great Tusk
|-resisted|p1a: Great Tusk
|-damage|p1a: Great Tusk|63/100
|-status|p1a: Great Tusk|tox
|-start|p1a: Great Tusk|confusion|[from] ability: Poison Puppeteer|[of] p2a: Ban Gliscor
|
|-heal|p1a: Great Tusk|69/100 tox|[from] item: Leftovers
|-damage|p1a: Great Tusk|63/100 tox|[from] psn
|upkeep
|turn|36
|
|t:|1757928127
|switch|p2a: Rotom|Rotom-Wash|44/100
|-activate|p1a: Great Tusk|confusion
|-damage|p1a: Great Tusk|53/100 tox|[from] confusion
|
|-heal|p1a: Great Tusk|60/100 tox|[from] item: Leftovers
|-damage|p1a: Great Tusk|47/100 tox|[from] psn
|upkeep
|turn|37
|-message|dengdengni forfeited.
|
|win|Obito 2001
|raw|dengdengni's rating: 1471 &rarr; <strong>1454</strong><br />(-17 for losing)
|raw|Obito 2001's rating: 1527 &rarr; <strong>1544</strong><br />(+17 for winning)
|l|☆dengdengni
|player|p1|
