|j|☆Gammamon
|j|☆WRGT#1
|t:|1757831880
|gametype|singles
|player|p1|Gammamon|steven|1510
|player|p2|WRGT#1|grimsley|1463
|gen|9
|tier|[Gen 9] OU
|rated|
|rule|HP Percentage Mod: HP is shown in percentages
|rule|Endless Battle Clause: Forcing endless battles is banned
|rule|Species Clause: Limit one of each Pokémon
|rule|OHKO Clause: OHKO moves are banned
|rule|Evasion Items Clause: Evasion items are banned
|rule|Evasion Moves Clause: Evasion moves are banned
|rule|Evasion Abilities Clause: Evasion abilities are banned
|rule|Sleep Moves Clause: Sleep-inducing moves are banned
|clearpoke
|poke|p1|Iron Moth|
|poke|p1|Ting-Lu|
|poke|p1|Torkoal, F|
|poke|p1|Walking Wake|
|poke|p1|Great Tusk|
|poke|p1|Slither Wing|
|poke|p2|Smeargle, F|
|poke|p2|Cinderace, F|
|poke|p2|Zapdos-Galar|
|poke|p2|Gholdengo|
|poke|p2|Polteageist|
|poke|p2|Toxtricity, M|
|teampreview
|
|t:|1757831896
|teamsize|p1|6
|teamsize|p2|6
|start
|switch|p1a: Torkoal|Torkoal, F|100/100
|switch|p2a: Smeargle|Smeargle, F|100/100
|-weather|SunnyDay|[from] ability: Drought|[of] p1a: Torkoal
|turn|1
|
|t:|1757831909
|switch|p2a: Cinderace|Cinderace, F|100/100
|move|p1a: Torkoal|Rapid Spin|p2a: Cinderace
|-damage|p2a: Cinderace|88/100
|-boost|p1a: Torkoal|spe|1
|
|-weather|SunnyDay|[upkeep]
|upkeep
|turn|2
|
|t:|1757831917
|move|p2a: Cinderace|Double-Edge|p1a: Torkoal
|-start|p2a: Cinderace|typechange|Normal|[from] ability: Libero
|-damage|p1a: Torkoal|63/100
|-damage|p2a: Cinderace|74/100|[from] Recoil
|move|p1a: Torkoal|Lava Plume|p2a: Cinderace
|-damage|p2a: Cinderace|25/100
|-status|p2a: Cinderace|brn
|
|-weather|SunnyDay|[upkeep]
|-damage|p2a: Cinderace|19/100 brn|[from] brn
|upkeep
|turn|3
|
|t:|1757831923
|move|p2a: Cinderace|Double-Edge|p1a: Torkoal
|-crit|p1a: Torkoal
|-damage|p1a: Torkoal|32/100
|-damage|p2a: Cinderace|7/100 brn|[from] Recoil
|move|p1a: Torkoal|Rapid Spin|p2a: Cinderace
|-damage|p2a: Cinderace|0 fnt
|-boost|p1a: Torkoal|spe|1
|faint|p2a: Cinderace
|
|-weather|SunnyDay|[upkeep]
|upkeep
|
|t:|1757831934
|switch|p2a: Zapdos|Zapdos-Galar|100/100
|turn|4
|
|t:|1757831936
|move|p2a: Zapdos|Brave Bird|p1a: Torkoal
|-damage|p1a: Torkoal|0 fnt
|faint|p1a: Torkoal
|-damage|p2a: Zapdos|90/100|[from] Recoil
|
|-weather|SunnyDay|[upkeep]
|-heal|p2a: Zapdos|96/100|[from] item: Leftovers
|upkeep
|
|t:|1757831941
|switch|p1a: Walking Wake|Walking Wake|100/100
|-activate|p1a: Walking Wake|ability: Protosynthesis
|-start|p1a: Walking Wake|protosynthesisspe
|turn|5
|
|t:|1757831954
|move|p1a: Walking Wake|Hydro Steam|p2a: Zapdos
|-damage|p2a: Zapdos|0 fnt
|faint|p2a: Zapdos
|
|-weather|SunnyDay|[upkeep]
|upkeep
|
|t:|1757831957
|switch|p2a: Smeargle|Smeargle, F|100/100
|turn|6
|
|t:|1757831958
|move|p1a: Walking Wake|Hydro Steam|p2a: Smeargle
|-enditem|p2a: Smeargle|Focus Sash
|-damage|p2a: Smeargle|1/100
|move|p2a: Smeargle|Nuzzle|p1a: Walking Wake
|-damage|p1a: Walking Wake|99/100
|-status|p1a: Walking Wake|par
|
|-weather|SunnyDay|[upkeep]
|upkeep
|turn|7
|
|t:|1757831962
|move|p2a: Smeargle|Sticky Web|p1a: Walking Wake
|-sidestart|p1: Gammamon|move: Sticky Web
|move|p1a: Walking Wake|Hydro Steam|p2a: Smeargle
|-damage|p2a: Smeargle|0 fnt
|faint|p2a: Smeargle
|
|-weather|SunnyDay|[upkeep]
|upkeep
|
|t:|1757831970
|switch|p2a: Toxtricity|Toxtricity, M|100/100
|turn|8
|
|t:|1757831972
|move|p1a: Walking Wake|Hydro Steam|p2a: Toxtricity
|-damage|p2a: Toxtricity|0 fnt
|faint|p2a: Toxtricity
|
|-weather|none
|-end|p1a: Walking Wake|Protosynthesis
|upkeep
|
|t:|1757831975
|switch|p2a: Polteageist|Polteageist|100/100
|turn|9
|
|t:|1757831978
|-end|p1a: Walking Wake|Protosynthesis|[silent]
|switch|p1a: Ting-Lu|Ting-Lu|100/100
|-activate|p1a: Ting-Lu|move: Sticky Web
|-unboost|p1a: Ting-Lu|spe|1
|-ability|p1a: Ting-Lu|Vessel of Ruin
|move|p2a: Polteageist|Shell Smash|p2a: Polteageist
|-unboost|p2a: Polteageist|def|1
|-unboost|p2a: Polteageist|spd|1
|-boost|p2a: Polteageist|atk|2
|-boost|p2a: Polteageist|spa|2
|-boost|p2a: Polteageist|spe|2
|-enditem|p2a: Polteageist|White Herb
|-clearnegativeboost|p2a: Polteageist|[silent]
|
|upkeep
|turn|10
|
|t:|1757831982
|move|p2a: Polteageist|Shadow Ball|p1a: Ting-Lu
|-resisted|p1a: Ting-Lu
|-damage|p1a: Ting-Lu|85/100
|-unboost|p1a: Ting-Lu|spd|1
|move|p1a: Ting-Lu|Whirlwind|p2a: Polteageist
|drag|p2a: Gholdengo|Gholdengo|100/100
|-item|p2a: Gholdengo|Air Balloon
|
|upkeep
|turn|11
|
|t:|1757831988
|move|p2a: Gholdengo|Nasty Plot|p2a: Gholdengo
|-boost|p2a: Gholdengo|spa|2
|move|p1a: Ting-Lu|Ruination|p2a: Gholdengo
|-damage|p2a: Gholdengo|51/100
|-enditem|p2a: Gholdengo|Air Balloon
|
|upkeep
|turn|12
|
|t:|1757831993
|-terastallize|p2a: Gholdengo|Fairy
|move|p2a: Gholdengo|Dazzling Gleam|p1a: Ting-Lu
|-supereffective|p1a: Ting-Lu
|-damage|p1a: Ting-Lu|0 fnt
|faint|p1a: Ting-Lu
|
|upkeep
|
|t:|1757832000
|switch|p1a: Iron Moth|Iron Moth|100/100
|-activate|p1a: Iron Moth|move: Sticky Web
|-unboost|p1a: Iron Moth|spe|1
|turn|13
|
|t:|1757832006
|-end|p1a: Iron Moth|Quark Drive|[silent]
|switch|p1a: Great Tusk|Great Tusk|100/100
|move|p2a: Gholdengo|Psyshock|p1a: Great Tusk
|-supereffective|p1a: Great Tusk
|-damage|p1a: Great Tusk|28/100
|
|upkeep
|turn|14
|
|t:|1757832010
|switch|p2a: Polteageist|Polteageist|100/100
|move|p1a: Great Tusk|Rapid Spin|p2a: Polteageist
|-immune|p2a: Polteageist
|
|upkeep
|turn|15
|
|t:|1757832013
|move|p1a: Great Tusk|Ice Spinner|p2a: Polteageist
|-damage|p2a: Polteageist|72/100
|-start|p1a: Great Tusk|Disable|Ice Spinner|[from] ability: Cursed Body|[of] p2a: Polteageist
|move|p2a: Polteageist|Shadow Ball|p1a: Great Tusk
|-damage|p1a: Great Tusk|0 fnt
|faint|p1a: Great Tusk
|-end|p1a: Great Tusk|Protosynthesis|[silent]
|
|upkeep
|
|t:|1757832024
|switch|p1a: Walking Wake|Walking Wake|99/100 par
|-activate|p1a: Walking Wake|move: Sticky Web
|-unboost|p1a: Walking Wake|spe|1
|turn|16
|
|t:|1757832029
|move|p2a: Polteageist|Strength Sap|p1a: Walking Wake
|-unboost|p1a: Walking Wake|atk|1
|-heal|p2a: Polteageist|100/100
|move|p1a: Walking Wake|Flamethrower|p2a: Polteageist
|-crit|p2a: Polteageist
|-damage|p2a: Polteageist|33/100
|-start|p1a: Walking Wake|Disable|Flamethrower|[from] ability: Cursed Body|[of] p2a: Polteageist
|
|upkeep
|turn|17
|
|t:|1757832037
|-end|p1a: Walking Wake|Protosynthesis|[silent]
|switch|p1a: Iron Moth|Iron Moth|100/100
|-activate|p1a: Iron Moth|move: Sticky Web
|-unboost|p1a: Iron Moth|spe|1
|move|p2a: Polteageist|Shell Smash|p2a: Polteageist
|-unboost|p2a: Polteageist|def|1
|-unboost|p2a: Polteageist|spd|1
|-boost|p2a: Polteageist|atk|2
|-boost|p2a: Polteageist|spa|2
|-boost|p2a: Polteageist|spe|2
|
|upkeep
|turn|18
|
|t:|1757832046
|-end|p1a: Iron Moth|Quark Drive|[silent]
|switch|p1a: Walking Wake|Walking Wake|99/100 par
|-activate|p1a: Walking Wake|move: Sticky Web
|-unboost|p1a: Walking Wake|spe|1
|move|p2a: Polteageist|Stored Power|p1a: Walking Wake
|-damage|p1a: Walking Wake|9/100 par
|
|upkeep
|turn|19
|
|t:|1757832049
|move|p2a: Polteageist|Stored Power|p1a: Walking Wake
|-damage|p1a: Walking Wake|0 fnt
|faint|p1a: Walking Wake
|-end|p1a: Walking Wake|Protosynthesis|[silent]
|
|upkeep
|
|t:|1757832051
|switch|p1a: Slither Wing|Slither Wing|100/100
|-activate|p1a: Slither Wing|move: Sticky Web
|-unboost|p1a: Slither Wing|spe|1
|turn|20
|
|t:|1757832054
|move|p1a: Slither Wing|First Impression|p2a: Polteageist
|-resisted|p2a: Polteageist
|-damage|p2a: Polteageist|0 fnt
|-start|p1a: Slither Wing|Disable|First Impression|[from] ability: Cursed Body|[of] p2a: Polteageist
|faint|p2a: Polteageist
|
|upkeep
|
|t:|1757832057
|switch|p2a: Gholdengo|Gholdengo, tera:Fairy|51/100
|turn|21
|
|t:|1757832063
|-end|p1a: Slither Wing|Protosynthesis|[silent]
|switch|p1a: Iron Moth|Iron Moth|100/100
|-activate|p1a: Iron Moth|move: Sticky Web
|-unboost|p1a: Iron Moth|spe|1
|move|p2a: Gholdengo|Nasty Plot|p2a: Gholdengo
|-boost|p2a: Gholdengo|spa|2
|
|upkeep
|turn|22
|
|t:|1757832066
|-terastallize|p1a: Iron Moth|Fire
|move|p2a: Gholdengo|Shadow Ball|p1a: Iron Moth
|-damage|p1a: Iron Moth|8/100
|move|p1a: Iron Moth|Fiery Dance|p2a: Gholdengo
|-damage|p2a: Gholdengo|0 fnt
|-boost|p1a: Iron Moth|spa|1
|faint|p2a: Gholdengo
|
|win|Gammamon
|raw|Gammamon's rating: 1510 &rarr; <strong>1527</strong><br />(+17 for winning)
|raw|WRGT#1's rating: 1463 &rarr; <strong>1446</strong><br />(-17 for losing)
|l|☆WRGT#1
|player|p2|
|l|☆Gammamon
|player|p1|
