|j|☆hehe moon
|j|‽Albertsux2007
|t:|1757858414
|gametype|singles
|player|p1|hehe moon|cheryl|1533
|player|p2|Albertsux2007|camper|1472
|gen|9
|tier|[Gen 9] OU
|rated|
|rule|HP Percentage Mod: HP is shown in percentages
|rule|Endless Battle Clause: Forcing endless battles is banned
|rule|Species Clause: Limit one of each Pokémon
|rule|OHKO Clause: OHKO moves are banned
|rule|Evasion Items Clause: Evasion items are banned
|rule|Evasion Moves Clause: Evasion moves are banned
|rule|Evasion Abilities Clause: Evasion abilities are banned
|rule|Sleep Moves Clause: Sleep-inducing moves are banned
|clearpoke
|poke|p1|Clefable, F|
|poke|p1|Meowscarada, F|
|poke|p1|Corviknight, M|
|poke|p1|Kyurem|
|poke|p1|Moltres|
|poke|p1|Garganacl, F|
|poke|p2|Morgrem, M|
|poke|p2|Ninetales-Alola, F|
|poke|p2|Ceruledge, M|
|poke|p2|Iron Crown|
|poke|p2|Ogerpon-Wellspring, F|
|poke|p2|Great Tusk|
|teampreview
|inactive|Battle timer is ON: inactive players will automatically lose when time's up. (requested by hehe moon)
|
|t:|1757858429
|teamsize|p1|6
|teamsize|p2|6
|start
|switch|p1a: Meowscarada|Meowscarada, F|100/100
|switch|p2a: Morgrem|Morgrem, M|100/100
|turn|1
|
|t:|1757858435
|move|p1a: Meowscarada|Flower Trick|p2a: Morgrem
|-start|p1a: Meowscarada|typechange|Grass|[from] ability: Protean
|-crit|p2a: Morgrem
|-damage|p2a: Morgrem|0 fnt
|faint|p2a: Morgrem
|
|upkeep
|
|t:|1757858443
|switch|p2a: Iron Crown|Iron Crown|100/100
|-enditem|p2a: Iron Crown|Booster Energy
|-activate|p2a: Iron Crown|ability: Quark Drive|[fromitem]
|-start|p2a: Iron Crown|quarkdrivespe
|turn|2
|
|t:|1757858449
|switch|p1a: Corviknight|Corviknight, M|100/100
|-ability|p1a: Corviknight|Pressure
|move|p2a: Iron Crown|Calm Mind|p2a: Iron Crown
|-boost|p2a: Iron Crown|spa|1
|-boost|p2a: Iron Crown|spd|1
|
|upkeep
|turn|3
|
|t:|1757858452
|move|p2a: Iron Crown|Psychic Noise|p1a: Corviknight
|-resisted|p1a: Corviknight
|-damage|p1a: Corviknight|73/100
|-start|p1a: Corviknight|move: Heal Block
|move|p1a: Corviknight|U-turn|p2a: Iron Crown
|-damage|p2a: Iron Crown|85/100
|
|t:|1757858454
|switch|p1a: Moltres|Moltres|100/100|[from] U-turn
|
|upkeep
|turn|4
|
|t:|1757858460
|move|p2a: Iron Crown|Psychic Noise|p1a: Moltres
|-damage|p1a: Moltres|66/100
|-start|p1a: Moltres|move: Heal Block
|move|p1a: Moltres|Roar|p2a: Iron Crown
|-end|p2a: Iron Crown|Quark Drive|[silent]
|drag|p2a: Ceruledge|Ceruledge, M|100/100
|
|upkeep
|turn|5
|
|t:|1757858467
|move|p2a: Ceruledge|Bulk Up|p2a: Ceruledge
|-boost|p2a: Ceruledge|atk|1
|-boost|p2a: Ceruledge|def|1
|move|p1a: Moltres|Roar|p2a: Ceruledge
|drag|p2a: Iron Crown|Iron Crown|85/100
|
|-end|p1a: Moltres|move: Heal Block
|upkeep
|turn|6
|
|t:|1757858471
|move|p2a: Iron Crown|Psychic Noise|p1a: Moltres
|-damage|p1a: Moltres|41/100
|-start|p1a: Moltres|move: Heal Block
|move|p1a: Moltres|Flamethrower|p2a: Iron Crown
|-supereffective|p2a: Iron Crown
|-damage|p2a: Iron Crown|12/100
|
|upkeep
|turn|7
|
|t:|1757858479
|switch|p1a: Meowscarada|Meowscarada, F|100/100
|move|p2a: Iron Crown|Focus Blast|p1a: Meowscarada|[miss]
|-miss|p2a: Iron Crown|p1a: Meowscarada
|
|upkeep
|turn|8
|
|t:|1757858482
|move|p1a: Meowscarada|U-turn|p2a: Iron Crown
|-start|p1a: Meowscarada|typechange|Bug|[from] ability: Protean
|-damage|p2a: Iron Crown|0 fnt
|faint|p2a: Iron Crown
|-end|p2a: Iron Crown|Quark Drive|[silent]
|
|t:|1757858484
|switch|p1a: Moltres|Moltres|41/100|[from] U-turn
|
|upkeep
|
|t:|1757858488
|switch|p2a: Ninetales|Ninetales-Alola, F|100/100
|-weather|Snowscape|[from] ability: Snow Warning|[of] p2a: Ninetales
|turn|9
|
|t:|1757858490
|move|p2a: Ninetales|Freeze-Dry|p1a: Moltres
|-damage|p1a: Moltres|26/100
|move|p1a: Moltres|Roost|p1a: Moltres
|-heal|p1a: Moltres|76/100
|-singleturn|p1a: Moltres|move: Roost
|
|-weather|Snowscape|[upkeep]
|upkeep
|turn|10
|
|t:|1757858492
|move|p2a: Ninetales|Aurora Veil|p2a: Ninetales
|-sidestart|p2: Albertsux2007|move: Aurora Veil
|move|p1a: Moltres|Flamethrower|p2a: Ninetales
|-supereffective|p2a: Ninetales
|-damage|p2a: Ninetales|67/100
|
|-weather|Snowscape|[upkeep]
|upkeep
|turn|11
|
|t:|1757858500
|move|p2a: Ninetales|Encore|p1a: Moltres
|-start|p1a: Moltres|Encore
|move|p1a: Moltres|Flamethrower|p2a: Ninetales
|-supereffective|p2a: Ninetales
|-damage|p2a: Ninetales|33/100
|
|-weather|Snowscape|[upkeep]
|upkeep
|turn|12
|
|t:|1757858502
|switch|p2a: Ceruledge|Ceruledge, M|100/100
|move|p1a: Moltres|Flamethrower|p2a: Ceruledge
|-start|p2a: Ceruledge|ability: Flash Fire
|
|-weather|Snowscape|[upkeep]
|upkeep
|turn|13
|
|t:|1757858505
|switch|p1a: Garganacl|Garganacl, F|100/100
|move|p2a: Ceruledge|Bulk Up|p2a: Ceruledge
|-boost|p2a: Ceruledge|atk|1
|-boost|p2a: Ceruledge|def|1
|
|-weather|none
|upkeep
|turn|14
|
|t:|1757858508
|move|p2a: Ceruledge|Taunt|p1a: Garganacl
|-start|p1a: Garganacl|move: Taunt
|cant|p1a: Garganacl|move: Taunt|Stealth Rock
|
|upkeep
|turn|15
|
|t:|1757858510
|move|p2a: Ceruledge|Bitter Blade|p1a: Garganacl
|-resisted|p1a: Garganacl
|-damage|p1a: Garganacl|72/100
|move|p1a: Garganacl|Salt Cure|p2a: Ceruledge
|-supereffective|p2a: Ceruledge
|-damage|p2a: Ceruledge|91/100
|-start|p2a: Ceruledge|Salt Cure
|
|-heal|p1a: Garganacl|78/100|[from] item: Leftovers
|-damage|p2a: Ceruledge|78/100|[from] Salt Cure
|upkeep
|turn|16
|
|t:|1757858514
|move|p2a: Ceruledge|Bitter Blade|p1a: Garganacl
|-resisted|p1a: Garganacl
|-damage|p1a: Garganacl|50/100
|-heal|p2a: Ceruledge|95/100|[from] drain|[of] p1a: Garganacl
|move|p1a: Garganacl|Salt Cure|p2a: Ceruledge
|-supereffective|p2a: Ceruledge
|-damage|p2a: Ceruledge|83/100
|
|-heal|p1a: Garganacl|56/100|[from] item: Leftovers
|-damage|p2a: Ceruledge|71/100|[from] Salt Cure
|-end|p1a: Garganacl|move: Taunt
|upkeep
|turn|17
|
|t:|1757858518
|move|p1a: Garganacl|Protect|p1a: Garganacl
|-singleturn|p1a: Garganacl|Protect
|move|p2a: Ceruledge|Bulk Up|p2a: Ceruledge
|-boost|p2a: Ceruledge|atk|1
|-boost|p2a: Ceruledge|def|1
|
|-heal|p1a: Garganacl|62/100|[from] item: Leftovers
|-damage|p2a: Ceruledge|58/100|[from] Salt Cure
|-sideend|p2: Albertsux2007|move: Aurora Veil
|upkeep
|turn|18
|
|t:|1757858523
|switch|p1a: Moltres|Moltres|76/100
|move|p2a: Ceruledge|Taunt|p1a: Moltres
|-start|p1a: Moltres|move: Taunt
|
|-damage|p2a: Ceruledge|46/100|[from] Salt Cure
|upkeep
|turn|19
|
|t:|1757858533
|move|p2a: Ceruledge|Bitter Blade|p1a: Moltres
|-resisted|p1a: Moltres
|-damage|p1a: Moltres|25/100
|-heal|p2a: Ceruledge|74/100|[from] drain|[of] p1a: Moltres
|move|p1a: Moltres|U-turn|p2a: Ceruledge
|-resisted|p2a: Ceruledge
|-damage|p2a: Ceruledge|72/100
|
|t:|1757858536
|switch|p1a: Garganacl|Garganacl, F|62/100|[from] U-turn
|
|-heal|p1a: Garganacl|68/100|[from] item: Leftovers
|-damage|p2a: Ceruledge|59/100|[from] Salt Cure
|upkeep
|turn|20
|
|t:|1757858544
|move|p1a: Garganacl|Protect|p1a: Garganacl
|-singleturn|p1a: Garganacl|Protect
|move|p2a: Ceruledge|Bitter Blade|p1a: Garganacl
|-activate|p1a: Garganacl|move: Protect
|
|-heal|p1a: Garganacl|74/100|[from] item: Leftovers
|-damage|p2a: Ceruledge|47/100|[from] Salt Cure
|upkeep
|turn|21
|
|t:|1757858548
|move|p2a: Ceruledge|Bitter Blade|p1a: Garganacl
|-resisted|p1a: Garganacl
|-damage|p1a: Garganacl|38/100
|-heal|p2a: Ceruledge|68/100|[from] drain|[of] p1a: Garganacl
|move|p1a: Garganacl|Recover|p1a: Garganacl
|-heal|p1a: Garganacl|88/100
|
|-heal|p1a: Garganacl|94/100|[from] item: Leftovers
|-damage|p2a: Ceruledge|55/100|[from] Salt Cure
|upkeep
|turn|22
|
|t:|1757858551
|move|p1a: Garganacl|Protect|p1a: Garganacl
|-singleturn|p1a: Garganacl|Protect
|move|p2a: Ceruledge|Bulk Up|p2a: Ceruledge
|-boost|p2a: Ceruledge|atk|1
|-boost|p2a: Ceruledge|def|1
|
|-heal|p1a: Garganacl|99/100|[from] item: Leftovers
|-damage|p2a: Ceruledge|43/100|[from] Salt Cure
|upkeep
|turn|23
|
|t:|1757858555
|move|p2a: Ceruledge|Bitter Blade|p1a: Garganacl
|-resisted|p1a: Garganacl
|-damage|p1a: Garganacl|55/100
|-heal|p2a: Ceruledge|69/100|[from] drain|[of] p1a: Garganacl
|move|p1a: Garganacl|Salt Cure|p2a: Ceruledge
|-supereffective|p2a: Ceruledge
|-damage|p2a: Ceruledge|56/100
|
|-heal|p1a: Garganacl|61/100|[from] item: Leftovers
|-damage|p2a: Ceruledge|44/100|[from] Salt Cure
|upkeep
|turn|24
|
|t:|1757858563
|move|p1a: Garganacl|Protect|p1a: Garganacl
|-singleturn|p1a: Garganacl|Protect
|move|p2a: Ceruledge|Bitter Blade|p1a: Garganacl
|-activate|p1a: Garganacl|move: Protect
|
|-heal|p1a: Garganacl|67/100|[from] item: Leftovers
|-damage|p2a: Ceruledge|31/100|[from] Salt Cure
|upkeep
|turn|25
|
|t:|1757858579
|move|p1a: Garganacl|Protect|p1a: Garganacl
|-singleturn|p1a: Garganacl|Protect
|move|p2a: Ceruledge|Bitter Blade|p1a: Garganacl
|-activate|p1a: Garganacl|move: Protect
|
|-heal|p1a: Garganacl|74/100|[from] item: Leftovers
|-damage|p2a: Ceruledge|19/100|[from] Salt Cure
|upkeep
|turn|26
|
|t:|1757858583
|switch|p1a: Moltres|Moltres|25/100
|move|p2a: Ceruledge|Bitter Blade|p1a: Moltres
|-resisted|p1a: Moltres
|-damage|p1a: Moltres|0 fnt
|-heal|p2a: Ceruledge|32/100|[from] drain|[of] p1a: Moltres
|faint|p1a: Moltres
|
|-damage|p2a: Ceruledge|20/100|[from] Salt Cure
|upkeep
|
|t:|1757858588
|switch|p1a: Meowscarada|Meowscarada, F|100/100
|turn|27
|
|t:|1757858590
|move|p2a: Ceruledge|Shadow Sneak|p1a: Meowscarada
|-resisted|p1a: Meowscarada
|-damage|p1a: Meowscarada|66/100
|move|p1a: Meowscarada|Knock Off|p2a: Ceruledge
|-start|p1a: Meowscarada|typechange|Dark|[from] ability: Protean
|-supereffective|p2a: Ceruledge
|-damage|p2a: Ceruledge|0 fnt
|-enditem|p2a: Ceruledge|Heavy-Duty Boots|[from] move: Knock Off|[of] p1a: Meowscarada
|faint|p2a: Ceruledge
|
|upkeep
|
|t:|1757858593
|switch|p2a: Ogerpon|Ogerpon-Wellspring, F|100/100
|turn|28
|
|t:|1757858596
|switch|p1a: Corviknight|Corviknight, M|73/100
|-ability|p1a: Corviknight|Pressure
|move|p2a: Ogerpon|Swords Dance|p2a: Ogerpon
|-boost|p2a: Ogerpon|atk|2
|
|upkeep
|turn|29
|
|t:|1757858599
|move|p2a: Ogerpon|Ivy Cudgel|p1a: Corviknight|[anim] Ivy Cudgel Water
|-damage|p1a: Corviknight|9/100
|move|p1a: Corviknight|Brave Bird|p2a: Ogerpon
|-supereffective|p2a: Ogerpon
|-damage|p2a: Ogerpon|0 fnt
|faint|p2a: Ogerpon
|-damage|p1a: Corviknight|0 fnt|[from] Recoil
|faint|p1a: Corviknight
|
|upkeep
|
|t:|1757858606
|switch|p2a: Ninetales|Ninetales-Alola, F|33/100
|switch|p1a: Meowscarada|Meowscarada, F|66/100
|-weather|Snowscape|[from] ability: Snow Warning|[of] p2a: Ninetales
|turn|30
|
|t:|1757858610
|-terastallize|p1a: Meowscarada|Grass
|move|p1a: Meowscarada|Flower Trick|p2a: Ninetales
|-crit|p2a: Ninetales
|-damage|p2a: Ninetales|0 fnt
|faint|p2a: Ninetales
|
|-weather|Snowscape|[upkeep]
|upkeep
|
|t:|1757858614
|switch|p2a: Great Tusk|Great Tusk|100/100
|-enditem|p2a: Great Tusk|Booster Energy
|-activate|p2a: Great Tusk|ability: Protosynthesis|[fromitem]
|-start|p2a: Great Tusk|protosynthesisspe
|turn|31
|
|t:|1757858622
|-terastallize|p2a: Great Tusk|Poison
|move|p2a: Great Tusk|Bulk Up|p2a: Great Tusk
|-boost|p2a: Great Tusk|atk|1
|-boost|p2a: Great Tusk|def|1
|move|p1a: Meowscarada|Flower Trick|p2a: Great Tusk
|-resisted|p2a: Great Tusk
|-crit|p2a: Great Tusk
|-damage|p2a: Great Tusk|68/100
|
|-weather|Snowscape|[upkeep]
|upkeep
|turn|32
|
|t:|1757858629
|move|p2a: Great Tusk|Ice Spinner|p1a: Meowscarada
|-supereffective|p1a: Meowscarada
|-damage|p1a: Meowscarada|0 fnt
|faint|p1a: Meowscarada
|
|-weather|Snowscape|[upkeep]
|upkeep
|
|t:|1757858632
|switch|p1a: Garganacl|Garganacl, F|74/100
|turn|33
|
|t:|1757858634
|move|p2a: Great Tusk|Headlong Rush|p1a: Garganacl
|-supereffective|p1a: Garganacl
|-damage|p1a: Garganacl|0 fnt
|-unboost|p2a: Great Tusk|def|1
|-unboost|p2a: Great Tusk|spd|1
|faint|p1a: Garganacl
|
|-weather|Snowscape|[upkeep]
|upkeep
|
|t:|1757858642
|switch|p1a: Kyurem|Kyurem|100/100
|-ability|p1a: Kyurem|Pressure
|turn|34
|
|t:|1757858646
|move|p2a: Great Tusk|Headlong Rush|p1a: Kyurem
|-damage|p1a: Kyurem|48/100
|-unboost|p2a: Great Tusk|def|1
|-unboost|p2a: Great Tusk|spd|1
|move|p1a: Kyurem|Ice Beam|p2a: Great Tusk
|-damage|p2a: Great Tusk|0 fnt
|faint|p2a: Great Tusk
|-end|p2a: Great Tusk|Protosynthesis|[silent]
|
|win|hehe moon
|raw|hehe moon's rating: 1533 &rarr; <strong>1550</strong><br />(+17 for winning)
|raw|Albertsux2007's rating: 1472 &rarr; <strong>1455</strong><br />(-17 for losing)
|l|☆hehe moon
|player|p1|
|l|‽Albertsux2007
|player|p2|
