|j|☆whydusk
|j|☆shshshsvvsh
|t:|1757849427
|gametype|singles
|player|p1|whydusk|collector|1125
|player|p2|shshshsvvsh|102|1110
|gen|9
|tier|[Gen 9] OU
|rated|
|rule|HP Percentage Mod: HP is shown in percentages
|rule|Endless Battle Clause: Forcing endless battles is banned
|rule|Species Clause: Limit one of each Pokémon
|rule|OHKO Clause: OHKO moves are banned
|rule|Evasion Items Clause: Evasion items are banned
|rule|Evasion Moves Clause: Evasion moves are banned
|rule|Evasion Abilities Clause: Evasion abilities are banned
|rule|Sleep Moves Clause: Sleep-inducing moves are banned
|clearpoke
|poke|p1|Milotic, F|
|poke|p1|Gyarados, F|
|poke|p1|Arbok, F|
|poke|p1|Serperior, F|
|poke|p1|Seviper, F|
|poke|p1|Dragonair, M|
|poke|p2|Dondozo, M|
|poke|p2|Kingambit, F|
|poke|p2|Dragonite, M|
|poke|p2|Dragapult, M|
|poke|p2|Gholdengo|
|poke|p2|Rotom-Heat|
|teampreview
|inactive|Battle timer is ON: inactive players will automatically lose when time's up. (requested by whydusk)
|
|t:|1757849456
|teamsize|p1|6
|teamsize|p2|6
|start
|switch|p1a: Arbok|Arbok, F|100/100
|switch|p2a: Dragonite|Dragonite, M|100/100
|-ability|p1a: Arbok|Intimidate|boost
|-unboost|p2a: Dragonite|atk|1
|turn|1
|
|t:|1757849473
|switch|p2a: Gholdengo|Gholdengo|100/100
|move|p1a: Arbok|Gunk Shot|p2a: Gholdengo
|-immune|p2a: Gholdengo
|
|upkeep
|turn|2
|
|t:|1757849481
|move|p1a: Arbok|Sucker Punch||[still]
|-fail|p1a: Arbok
|move|p2a: Gholdengo|Trick|p1a: Arbok
|-activate|p2a: Gholdengo|move: Trick|[of] p1a: Arbok
|-item|p1a: Arbok|Choice Scarf|[from] move: Trick
|-item|p2a: Gholdengo|Life Orb|[from] move: Trick
|
|upkeep
|turn|3
|
|t:|1757849492
|switch|p1a: Seviper|Seviper, F|100/100
|switch|p2a: Kingambit|Kingambit, F|100/100
|
|upkeep
|turn|4
|
|t:|1757849501
|move|p1a: Seviper|Flamethrower|p2a: Kingambit
|-supereffective|p2a: Kingambit
|-damage|p2a: Kingambit|63/100
|move|p2a: Kingambit|Iron Head|p1a: Seviper
|-damage|p1a: Seviper|29/100
|
|upkeep
|turn|5
|
|t:|1757849509
|move|p2a: Kingambit|Sucker Punch|p1a: Seviper
|-damage|p1a: Seviper|0 fnt
|faint|p1a: Seviper
|
|upkeep
|
|t:|1757849528
|switch|p1a: Gyarados|Gyarados, F|100/100
|turn|6
|
|t:|1757849538
|switch|p2a: Dondozo|Dondozo, M|100/100
|move|p1a: Gyarados|Dragon Dance|p1a: Gyarados
|-boost|p1a: Gyarados|atk|1
|-boost|p1a: Gyarados|spe|1
|
|upkeep
|turn|7
|
|t:|1757849547
|switch|p1a: Serperior|Serperior, F|100/100
|move|p2a: Dondozo|Avalanche|p1a: Serperior
|-supereffective|p1a: Serperior
|-damage|p1a: Serperior|69/100
|
|upkeep
|turn|8
|
|t:|1757849555
|switch|p2a: Rotom|Rotom-Heat|100/100
|move|p1a: Serperior|Glare|p2a: Rotom
|-immune|p2a: Rotom
|
|upkeep
|turn|9
|
|t:|1757849564
|switch|p1a: Milotic|Milotic, F|100/100
|move|p2a: Rotom|Volt Switch|p1a: Milotic
|-supereffective|p1a: Milotic
|-damage|p1a: Milotic|69/100
|
|t:|1757849570
|switch|p2a: Dragapult|Dragapult, M|100/100|[from] Volt Switch
|
|upkeep
|turn|10
|
|t:|1757849577
|move|p2a: Dragapult|U-turn|p1a: Milotic
|-damage|p1a: Milotic|48/100
|-damage|p2a: Dragapult|91/100|[from] item: Life Orb
|
|t:|1757849587
|switch|p2a: Kingambit|Kingambit, F|63/100|[from] U-turn
|move|p1a: Milotic|Scald|p2a: Kingambit
|-damage|p2a: Kingambit|46/100
|
|upkeep
|turn|11
|
|t:|1757849601
|switch|p1a: Arbok|Arbok, F|100/100
|-ability|p1a: Arbok|Intimidate|boost
|-unboost|p2a: Kingambit|atk|1
|-ability|p2a: Kingambit|Defiant|boost
|-boost|p2a: Kingambit|atk|2
|move|p2a: Kingambit|Kowtow Cleave|p1a: Arbok
|-damage|p1a: Arbok|0 fnt
|faint|p1a: Arbok
|
|upkeep
|
|t:|1757849616
|switch|p1a: Gyarados|Gyarados, F|100/100
|turn|12
|
|t:|1757849620
|move|p1a: Gyarados|Dragon Dance|p1a: Gyarados
|-boost|p1a: Gyarados|atk|1
|-boost|p1a: Gyarados|spe|1
|move|p2a: Kingambit|Kowtow Cleave|p1a: Gyarados
|-damage|p1a: Gyarados|9/100
|
|upkeep
|turn|13
|
|t:|1757849627
|move|p2a: Kingambit|Sucker Punch|p1a: Gyarados
|-damage|p1a: Gyarados|0 fnt
|faint|p1a: Gyarados
|
|upkeep
|
|t:|1757849639
|switch|p1a: Dragonair|Dragonair, M|100/100
|turn|14
|
|t:|1757849643
|move|p1a: Dragonair|Dragon Dance|p1a: Dragonair
|-boost|p1a: Dragonair|atk|1
|-boost|p1a: Dragonair|spe|1
|move|p2a: Kingambit|Kowtow Cleave|p1a: Dragonair
|-damage|p1a: Dragonair|4/100
|
|upkeep
|turn|15
|
|t:|1757849656
|move|p1a: Dragonair|Extreme Speed|p2a: Kingambit
|-resisted|p2a: Kingambit
|-damage|p2a: Kingambit|33/100
|move|p2a: Kingambit|Sucker Punch||[still]
|-fail|p2a: Kingambit
|
|upkeep
|turn|16
|
|t:|1757849664
|move|p1a: Dragonair|Breaking Swipe|p2a: Kingambit
|-resisted|p2a: Kingambit
|-damage|p2a: Kingambit|19/100
|-unboost|p2a: Kingambit|atk|1
|-ability|p2a: Kingambit|Defiant|boost
|-boost|p2a: Kingambit|atk|2
|move|p2a: Kingambit|Kowtow Cleave|p1a: Dragonair
|-damage|p1a: Dragonair|0 fnt
|faint|p1a: Dragonair
|
|upkeep
|-message|whydusk forfeited.
|
|win|shshshsvvsh
|raw|whydusk's rating: 1125 &rarr; <strong>1099</strong><br />(-26 for losing)
|raw|shshshsvvsh's rating: 1110 &rarr; <strong>1136</strong><br />(+26 for winning)
|l|☆whydusk
|player|p1|
|l|☆shshshsvvsh
|player|p2|
