|j|☆ClutchUp876
|j|☆liwangjian
|t:|1757818348
|gametype|singles
|player|p1|ClutchUp876|rocketgrunt|1187
|player|p2|liwangjian|clair|1202
|gen|9
|tier|[Gen 9] OU
|rated|
|rule|HP Percentage Mod: HP is shown in percentages
|rule|Endless Battle Clause: Forcing endless battles is banned
|rule|Species Clause: Limit one of each Pokémon
|rule|OHKO Clause: OHKO moves are banned
|rule|Evasion Items Clause: Evasion items are banned
|rule|Evasion Moves Clause: Evasion moves are banned
|rule|Evasion Abilities Clause: Evasion abilities are banned
|rule|Sleep Moves Clause: Sleep-inducing moves are banned
|clearpoke
|poke|p1|Darkrai|
|poke|p1|Iron Valiant|
|poke|p1|Samurott-Hisui, M|
|poke|p1|Slowking-Galar, M|
|poke|p1|Great Tusk|
|poke|p1|Weavile, F|
|poke|p2|Pelipper, F|
|poke|p2|Greninja-*, M|
|poke|p2|Basculegion, M|
|poke|p2|Zapdos|
|poke|p2|Sandy Shocks|
|poke|p2|Scizor, M|
|teampreview
|
|t:|1757818369
|teamsize|p1|6
|teamsize|p2|6
|start
|switch|p1a: Samurott|Samurott-Hisui, M|100/100
|switch|p2a: Scizor|Scizor, M|100/100
|turn|1
|
|t:|1757818375
|move|p1a: Samurott|Ceaseless Edge|p2a: Scizor
|-damage|p2a: Scizor|33/100
|-sidestart|p2: liwangjian|Spikes
|move|p2a: Scizor|U-turn|p1a: Samurott
|-supereffective|p1a: Samurott
|-damage|p1a: Samurott|0 fnt
|faint|p1a: Samurott
|
|t:|1757818389
|switch|p2a: Pelipper|Pelipper, F|100/100|[from] U-turn
|-weather|RainDance|[from] ability: Drizzle|[of] p2a: Pelipper
|
|-weather|RainDance|[upkeep]
|upkeep
|
|t:|1757818398
|switch|p1a: Weavile|Weavile, F|100/100
|-ability|p1a: Weavile|Pressure
|turn|2
|
|t:|1757818427
|move|p1a: Weavile|Knock Off|p2a: Pelipper
|-damage|p2a: Pelipper|51/100
|-enditem|p2a: Pelipper|Damp Rock|[from] move: Knock Off|[of] p1a: Weavile
|move|p2a: Pelipper|U-turn|p1a: Weavile
|-supereffective|p1a: Weavile
|-crit|p1a: Weavile
|-damage|p1a: Weavile|56/100
|
|t:|1757818439
|switch|p2a: Scizor|Scizor, M|33/100|[from] U-turn
|-damage|p2a: Scizor|21/100|[from] Spikes
|
|-weather|RainDance|[upkeep]
|upkeep
|turn|3
|
|t:|1757818450
|switch|p1a: Slowking|Slowking-Galar, M|100/100
|move|p2a: Scizor|Bullet Punch|p1a: Slowking
|-damage|p1a: Slowking|72/100
|
|-weather|RainDance|[upkeep]
|upkeep
|turn|4
|
|t:|1757818463
|move|p2a: Scizor|Close Combat|p1a: Slowking
|-resisted|p1a: Slowking
|-damage|p1a: Slowking|63/100
|-unboost|p2a: Scizor|def|1
|-unboost|p2a: Scizor|spd|1
|move|p1a: Slowking|Future Sight|p2a: Scizor
|-start|p1a: Slowking|move: Future Sight
|
|-weather|RainDance|[upkeep]
|upkeep
|turn|5
|
|t:|1757818474
|move|p2a: Scizor|Knock Off|p1a: Slowking
|-supereffective|p1a: Slowking
|-damage|p1a: Slowking|0 fnt
|-enditem|p1a: Slowking|Heavy-Duty Boots|[from] move: Knock Off|[of] p2a: Scizor
|faint|p1a: Slowking
|
|-weather|RainDance|[upkeep]
|upkeep
|
|t:|1757818481
|switch|p1a: Great Tusk|Great Tusk|100/100
|turn|6
|
|t:|1757818485
|move|p2a: Scizor|Bullet Punch|p1a: Great Tusk
|-crit|p1a: Great Tusk
|-damage|p1a: Great Tusk|63/100
|move|p1a: Great Tusk|Stealth Rock|p2a: Scizor
|-sidestart|p2: liwangjian|move: Stealth Rock
|
|-weather|RainDance|[upkeep]
|-end|p2a: Scizor|move: Future Sight
|-resisted|p2a: Scizor
|-damage|p2a: Scizor|0 fnt
|faint|p2a: Scizor
|upkeep
|
|t:|1757818499
|switch|p2a: Basculegion|Basculegion, M|100/100
|-damage|p2a: Basculegion|88/100|[from] Spikes
|-damage|p2a: Basculegion|76/100|[from] Stealth Rock
|turn|7
|
|t:|1757818519
|move|p2a: Basculegion|Wave Crash|p1a: Great Tusk
|-supereffective|p1a: Great Tusk
|-damage|p1a: Great Tusk|0 fnt
|faint|p1a: Great Tusk
|-end|p1a: Great Tusk|Protosynthesis|[silent]
|-damage|p2a: Basculegion|56/100|[from] Recoil
|
|-weather|RainDance|[upkeep]
|upkeep
|
|t:|1757818534
|switch|p1a: Weavile|Weavile, F|56/100
|-ability|p1a: Weavile|Pressure
|turn|8
|
|t:|1757818538
|move|p2a: Basculegion|Wave Crash|p1a: Weavile
|-damage|p1a: Weavile|0 fnt
|faint|p1a: Weavile
|-damage|p2a: Basculegion|42/100|[from] Recoil
|
|-weather|none
|upkeep
|
|t:|1757818540
|switch|p1a: Darkrai|Darkrai|100/100
|turn|9
|
|t:|1757818555
|switch|p2a: Pelipper|Pelipper, F|51/100
|-damage|p2a: Pelipper|26/100|[from] Stealth Rock
|-weather|RainDance|[from] ability: Drizzle|[of] p2a: Pelipper
|move|p1a: Darkrai|Dark Pulse|p2a: Pelipper
|-damage|p2a: Pelipper|0 fnt
|faint|p2a: Pelipper
|
|-weather|RainDance|[upkeep]
|upkeep
|
|t:|1757818566
|switch|p2a: Basculegion|Basculegion, M|42/100
|-damage|p2a: Basculegion|30/100|[from] Spikes
|-damage|p2a: Basculegion|17/100|[from] Stealth Rock
|turn|10
|
|t:|1757818572
|move|p2a: Basculegion|Wave Crash|p1a: Darkrai
|-damage|p1a: Darkrai|0 fnt
|faint|p1a: Darkrai
|-damage|p2a: Basculegion|0 fnt|[from] Recoil
|faint|p2a: Basculegion
|
|-weather|RainDance|[upkeep]
|upkeep
|
|t:|1757818585
|switch|p1a: Iron Valiant|Iron Valiant|100/100
|switch|p2a: Zapdos|Zapdos|100/100
|turn|11
|
|t:|1757818610
|-terastallize|p1a: Iron Valiant|Steel
|move|p1a: Iron Valiant|Moonblast|p2a: Zapdos
|-crit|p2a: Zapdos
|-damage|p2a: Zapdos|33/100
|-unboost|p2a: Zapdos|spa|1
|move|p2a: Zapdos|Hurricane|p1a: Iron Valiant
|-resisted|p1a: Iron Valiant
|-damage|p1a: Iron Valiant|68/100
|
|-weather|RainDance|[upkeep]
|upkeep
|turn|12
|
|t:|1757818630
|move|p1a: Iron Valiant|Moonblast|p2a: Zapdos
|-damage|p2a: Zapdos|0 fnt
|faint|p2a: Zapdos
|
|-weather|RainDance|[upkeep]
|upkeep
|
|t:|1757818636
|switch|p2a: Sandy Shocks|Sandy Shocks, shiny|100/100
|-damage|p2a: Sandy Shocks|88/100|[from] Spikes
|-damage|p2a: Sandy Shocks|82/100|[from] Stealth Rock
|-enditem|p2a: Sandy Shocks|Booster Energy
|-activate|p2a: Sandy Shocks|ability: Protosynthesis|[fromitem]
|-start|p2a: Sandy Shocks|protosynthesisspe
|turn|13
|
|t:|1757818644
|move|p2a: Sandy Shocks|Earth Power|p1a: Iron Valiant
|-supereffective|p1a: Iron Valiant
|-damage|p1a: Iron Valiant|0 fnt
|faint|p1a: Iron Valiant
|-end|p1a: Iron Valiant|Quark Drive|[silent]
|
|win|liwangjian
|raw|ClutchUp876's rating: 1187 &rarr; <strong>1163</strong><br />(-24 for losing)
|raw|liwangjian's rating: 1202 &rarr; <strong>1226</strong><br />(+24 for winning)
|l|☆ClutchUp876
|player|p1|
