|j|☆malamarkus
|j|☆baivic
|t:|1757938023
|gametype|singles
|player|p1|malamarkus|carmine-festival|1447
|player|p2|baivic|169|1440
|gen|9
|tier|[Gen 9] OU
|rated|
|rule|HP Percentage Mod: HP is shown in percentages
|rule|Endless Battle Clause: Forcing endless battles is banned
|rule|Species Clause: Limit one of each Pokémon
|rule|OHKO Clause: OHKO moves are banned
|rule|Evasion Items Clause: Evasion items are banned
|rule|Evasion Moves Clause: Evasion moves are banned
|rule|Evasion Abilities Clause: Evasion abilities are banned
|rule|Sleep Moves Clause: Sleep-inducing moves are banned
|clearpoke
|poke|p1|Kingambit, F|
|poke|p1|Deoxys-Speed|
|poke|p1|Great Tusk|
|poke|p1|Dragonite, F|
|poke|p1|Iron Moth|
|poke|p1|Malamar, F|
|poke|p2|Dragapult, F|
|poke|p2|Ting-Lu|
|poke|p2|Weezing-Galar, F|
|poke|p2|Iron Crown|
|poke|p2|Zapdos|
|poke|p2|Lokix, F|
|teampreview
|
|t:|1757938066
|teamsize|p1|6
|teamsize|p2|6
|start
|switch|p1a: Great Thighs|Great Tusk|100/100
|switch|p2a: Lokix|Lokix, F|100/100
|-enditem|p1a: Great Thighs|Booster Energy
|-activate|p1a: Great Thighs|ability: Protosynthesis|[fromitem]
|-start|p1a: Great Thighs|protosynthesisatk
|turn|1
|
|t:|1757938078
|switch|p2a: Zapdos|Zapdos|100/100
|move|p1a: Great Thighs|Headlong Rush|p2a: Zapdos
|-immune|p2a: Zapdos
|
|upkeep
|turn|2
|
|t:|1757938089
|move|p2a: Zapdos|Hurricane|p1a: Great Thighs|[miss]
|-miss|p2a: Zapdos|p1a: Great Thighs
|move|p1a: Great Thighs|Ice Spinner|p2a: Zapdos
|-supereffective|p2a: Zapdos
|-damage|p2a: Zapdos|12/100
|
|upkeep
|turn|3
|
|t:|1757938096
|-end|p1a: Great Thighs|Protosynthesis|[silent]
|switch|p1a: Calamari|Malamar, F|100/100
|move|p2a: Zapdos|Hurricane|p1a: Calamari
|-damage|p1a: Calamari|27/100
|-start|p1a: Calamari|confusion
|
|upkeep
|turn|4
|
|t:|1757938105
|-activate|p1a: Calamari|confusion
|-damage|p1a: Calamari|14/100|[from] confusion
|move|p2a: Zapdos|Volt Switch|p1a: Calamari
|-damage|p1a: Calamari|0 fnt
|faint|p1a: Calamari
|
|t:|1757938111
|switch|p2a: Iron Crown|Iron Crown|100/100|[from] Volt Switch
|
|upkeep
|
|t:|1757938116
|switch|p1a: Helios|Iron Moth|100/100
|-enditem|p1a: Helios|Booster Energy
|-activate|p1a: Helios|ability: Quark Drive|[fromitem]
|-start|p1a: Helios|quarkdrivespe
|turn|5
|
|t:|1757938126
|-end|p2a: Iron Crown|Quark Drive|[silent]
|switch|p2a: Ting-Lu|Ting-Lu|100/100
|-ability|p2a: Ting-Lu|Vessel of Ruin
|move|p1a: Helios|Fiery Dance|p2a: Ting-Lu
|-damage|p2a: Ting-Lu|84/100
|-boost|p1a: Helios|spa|1
|
|-heal|p2a: Ting-Lu|90/100|[from] item: Leftovers
|upkeep
|turn|6
|
|t:|1757938131
|move|p1a: Helios|Toxic Spikes|p2a: Ting-Lu
|-sidestart|p2: baivic|move: Toxic Spikes
|move|p2a: Ting-Lu|Whirlwind|p1a: Helios
|-end|p1a: Helios|Quark Drive|[silent]
|drag|p1a: Niteinshiningarmor|Dragonite, F, shiny|100/100
|
|-heal|p2a: Ting-Lu|96/100|[from] item: Leftovers
|upkeep
|turn|7
|
|t:|1757938139
|switch|p1a: Great Thighs|Great Tusk|100/100
|move|p2a: Ting-Lu|Ruination|p1a: Great Thighs
|-damage|p1a: Great Thighs|51/100
|
|-heal|p2a: Ting-Lu|100/100|[from] item: Leftovers
|upkeep
|turn|8
|
|t:|1757938151
|move|p1a: Great Thighs|Ice Spinner|p2a: Ting-Lu
|-supereffective|p2a: Ting-Lu
|-damage|p2a: Ting-Lu|72/100
|move|p2a: Ting-Lu|Stealth Rock|p1a: Great Thighs
|-sidestart|p1: malamarkus|move: Stealth Rock
|
|-heal|p2a: Ting-Lu|78/100|[from] item: Leftovers
|upkeep
|turn|9
|
|t:|1757938157
|move|p1a: Great Thighs|Ice Spinner|p2a: Ting-Lu
|-supereffective|p2a: Ting-Lu
|-damage|p2a: Ting-Lu|45/100
|move|p2a: Ting-Lu|Earthquake|p1a: Great Thighs
|-damage|p1a: Great Thighs|24/100
|
|-heal|p2a: Ting-Lu|51/100|[from] item: Leftovers
|upkeep
|turn|10
|
|t:|1757938161
|move|p1a: Great Thighs|Rapid Spin|p2a: Ting-Lu
|-damage|p2a: Ting-Lu|41/100
|-boost|p1a: Great Thighs|spe|1
|-sideend|p1: malamarkus|Stealth Rock|[from] move: Rapid Spin|[of] p1a: Great Thighs
|move|p2a: Ting-Lu|Earthquake|p1a: Great Thighs
|-damage|p1a: Great Thighs|0 fnt
|faint|p1a: Great Thighs
|-end|p1a: Great Thighs|Protosynthesis|[silent]
|
|-heal|p2a: Ting-Lu|47/100|[from] item: Leftovers
|upkeep
|
|t:|1757938170
|switch|p1a: Niteinshiningarmor|Dragonite, F, shiny|100/100
|turn|11
|
|t:|1757938173
|move|p1a: Niteinshiningarmor|Ice Spinner|p2a: Ting-Lu
|-supereffective|p2a: Ting-Lu
|-damage|p2a: Ting-Lu|0 fnt
|faint|p2a: Ting-Lu
|
|upkeep
|
|t:|1757938185
|switch|p2a: Dragapult|Dragapult, F|100/100
|turn|12
|
|t:|1757938188
|move|p2a: Dragapult|Dragon Darts|p1a: Niteinshiningarmor
|-supereffective|p1a: Niteinshiningarmor
|-damage|p1a: Niteinshiningarmor|76/100
|-anim|p2a: Dragapult|Dragon Darts|p1a: Niteinshiningarmor
|-supereffective|p1a: Niteinshiningarmor
|-damage|p1a: Niteinshiningarmor|28/100
|move|p1a: Niteinshiningarmor|Ice Spinner|p2a: Dragapult
|-supereffective|p2a: Dragapult
|-damage|p2a: Dragapult|0 fnt
|faint|p2a: Dragapult
|
|upkeep
|
|t:|1757938226
|switch|p2a: Iron Crown|Iron Crown|100/100
|turn|13
|
|t:|1757938242
|switch|p1a: Vienna|Kingambit, F|100/100
|-activate|p1a: Vienna|ability: Supreme Overlord
|-start|p1a: Vienna|fallen2|[silent]
|move|p2a: Iron Crown|Volt Switch|p1a: Vienna
|-damage|p1a: Vienna|65/100
|
|t:|1757938249
|-end|p2a: Iron Crown|Quark Drive|[silent]
|switch|p2a: Zapdos|Zapdos|12/100|[from] Volt Switch
|
|-heal|p1a: Vienna|71/100|[from] item: Leftovers
|upkeep
|turn|14
|
|t:|1757938253
|move|p2a: Zapdos|Heat Wave|p1a: Vienna
|-supereffective|p1a: Vienna
|-damage|p1a: Vienna|8/100
|move|p1a: Vienna|Kowtow Cleave|p2a: Zapdos
|-damage|p2a: Zapdos|0 fnt
|faint|p2a: Zapdos
|
|-heal|p1a: Vienna|14/100|[from] item: Leftovers
|upkeep
|
|t:|1757938266
|switch|p2a: Lokix|Lokix, F|100/100
|turn|15
|
|t:|1757938287
|-end|p1a: Vienna|fallen2|[silent]
|switch|p1a: Niteinshiningarmor|Dragonite, F, shiny|28/100
|move|p2a: Lokix|First Impression|p1a: Niteinshiningarmor
|-resisted|p1a: Niteinshiningarmor
|-damage|p1a: Niteinshiningarmor|0 fnt
|faint|p1a: Niteinshiningarmor
|
|upkeep
|
|t:|1757938291
|switch|p1a: Helios|Iron Moth|100/100
|turn|16
|
|t:|1757938303
|switch|p2a: Weezing|Weezing-Galar, F|100/100
|-ability|p2a: Weezing|Neutralizing Gas
|-sideend|p2: baivic|move: Toxic Spikes|[of] p2a: Weezing
|move|p1a: Helios|Fiery Dance|p2a: Weezing
|-damage|p2a: Weezing|41/100
|
|upkeep
|turn|17
|
|t:|1757938317
|move|p1a: Helios|Fiery Dance|p2a: Weezing
|-damage|p2a: Weezing|0 fnt
|-boost|p1a: Helios|spa|1
|faint|p2a: Weezing
|-end|p2a: Weezing|ability: Neutralizing Gas
|
|upkeep
|
|t:|1757938323
|switch|p2a: Iron Crown|Iron Crown|100/100
|turn|18
|
|t:|1757938338
|move|p1a: Helios|Fiery Dance|p2a: Iron Crown
|-supereffective|p2a: Iron Crown
|-damage|p2a: Iron Crown|0 fnt
|faint|p2a: Iron Crown
|-end|p2a: Iron Crown|Quark Drive|[silent]
|
|upkeep
|
|t:|1757938341
|switch|p2a: Lokix|Lokix, F|100/100
|turn|19
|
|t:|1757938346
|move|p2a: Lokix|First Impression|p1a: Helios
|-resisted|p1a: Helios
|-damage|p1a: Helios|69/100
|move|p1a: Helios|Fiery Dance|p2a: Lokix
|-supereffective|p2a: Lokix
|-damage|p2a: Lokix|0 fnt
|faint|p2a: Lokix
|
|win|malamarkus
|raw|malamarkus's rating: 1447 &rarr; <strong>1467</strong><br />(+20 for winning)
|raw|baivic's rating: 1440 &rarr; <strong>1420</strong><br />(-20 for losing)
|l|☆baivic
|player|p2|
|l|☆malamarkus
|player|p1|
