|j|☆Litryes
|j|☆blueblazingfire
|t:|1757803783
|gametype|singles
|player|p1|Litryes|102|1334
|player|p2|blueblazingfire|266|1366
|gen|9
|tier|[Gen 9] OU
|rated|
|rule|HP Percentage Mod: HP is shown in percentages
|rule|Endless Battle Clause: Forcing endless battles is banned
|rule|Species Clause: Limit one of each Pokémon
|rule|OHKO Clause: OHKO moves are banned
|rule|Evasion Items Clause: Evasion items are banned
|rule|Evasion Moves Clause: Evasion moves are banned
|rule|Evasion Abilities Clause: Evasion abilities are banned
|rule|Sleep Moves Clause: Sleep-inducing moves are banned
|clearpoke
|poke|p1|Greninja-*, F|
|poke|p1|Delphox, F|
|poke|p1|Chesnaught, F|
|poke|p1|Corviknight, F|
|poke|p1|Dondozo, M|
|poke|p1|Raging Bolt|
|poke|p2|Hatterene, F|
|poke|p2|Great Tusk|
|poke|p2|Okidogi, M|
|poke|p2|Ogerpon-Wellspring, F|
|poke|p2|Magnezone|
|poke|p2|Dragonite, F|
|teampreview
|inactive|Battle timer is ON: inactive players will automatically lose when time's up. (requested by Litryes)
|
|t:|1757803798
|teamsize|p1|6
|teamsize|p2|6
|start
|switch|p1a: Greninja|Greninja, F|100/100
|switch|p2a: Okidogi|Okidogi, M|100/100
|turn|1
|
|t:|1757803808
|move|p1a: Greninja|U-turn|p2a: Okidogi
|-start|p1a: Greninja|typechange|Bug|[from] ability: Protean
|-resisted|p2a: Okidogi
|-damage|p2a: Okidogi|96/100
|-damage|p1a: Greninja|91/100|[from] item: Life Orb
|
|t:|1757803811
|switch|p1a: Corviknight|Corviknight, F|100/100|[from] U-turn
|move|p2a: Okidogi|Knock Off|p1a: Corviknight
|-damage|p1a: Corviknight|77/100
|-damage|p2a: Okidogi|79/100|[from] item: Rocky Helmet|[of] p1a: Corviknight
|-enditem|p1a: Corviknight|Rocky Helmet|[from] move: Knock Off|[of] p2a: Okidogi
|
|upkeep
|turn|2
|
|t:|1757803821
|switch|p2a: Magnezone|Magnezone|100/100
|-item|p2a: Magnezone|Air Balloon
|move|p1a: Corviknight|U-turn|p2a: Magnezone
|-resisted|p2a: Magnezone
|-damage|p2a: Magnezone|93/100
|-enditem|p2a: Magnezone|Air Balloon
|
|t:|1757803835
|switch|p1a: Chesnaught|Chesnaught, F|100/100|[from] U-turn
|
|upkeep
|turn|3
|
|t:|1757803846
|switch|p2a: Great Tusk|Great Tusk|100/100
|-enditem|p2a: Great Tusk|Booster Energy
|-activate|p2a: Great Tusk|ability: Protosynthesis|[fromitem]
|-start|p2a: Great Tusk|protosynthesisspe
|move|p1a: Chesnaught|Substitute|p1a: Chesnaught
|-start|p1a: Chesnaught|Substitute
|-damage|p1a: Chesnaught|76/100
|
|-heal|p1a: Chesnaught|82/100|[from] item: Leftovers
|upkeep
|turn|4
|c|☆Litryes|p.s., flash cannon is a bullet move, cant hit ches
|
|t:|1757803863
|-end|p2a: Great Tusk|Protosynthesis|[silent]
|switch|p2a: Okidogi|Okidogi, M|79/100
|move|p1a: Chesnaught|Spiky Shield||[still]
|-fail|p1a: Chesnaught
|
|-heal|p1a: Chesnaught|88/100|[from] item: Leftovers
|upkeep
|turn|5
|
|t:|1757803881
|move|p2a: Okidogi|Gunk Shot|p1a: Chesnaught
|-supereffective|p1a: Chesnaught
|-end|p1a: Chesnaught|Substitute
|move|p1a: Chesnaught|Knock Off|p2a: Okidogi
|-resisted|p2a: Okidogi
|-damage|p2a: Okidogi|69/100
|-enditem|p2a: Okidogi|Assault Vest|[from] move: Knock Off|[of] p1a: Chesnaught
|
|-heal|p1a: Chesnaught|94/100|[from] item: Leftovers
|upkeep
|turn|6
|c|☆Litryes|youre welcome
|
|t:|1757803892
|switch|p2a: Magnezone|Magnezone|93/100
|move|p1a: Chesnaught|Spiky Shield||[still]
|-fail|p1a: Chesnaught
|
|-heal|p1a: Chesnaught|99/100|[from] item: Leftovers
|upkeep
|turn|7
|
|t:|1757803899
|move|p2a: Magnezone|Volt Switch|p1a: Chesnaught
|-resisted|p1a: Chesnaught
|-damage|p1a: Chesnaught|77/100
|
|t:|1757803913
|switch|p2a: Hatterene|Hatterene, F, shiny|100/100|[from] Volt Switch
|move|p1a: Chesnaught|Substitute|p1a: Chesnaught
|-start|p1a: Chesnaught|Substitute
|-damage|p1a: Chesnaught|52/100
|
|-heal|p1a: Chesnaught|59/100|[from] item: Leftovers
|upkeep
|turn|8
|
|t:|1757803916
|move|p1a: Chesnaught|Knock Off|p2a: Hatterene
|-damage|p2a: Hatterene|80/100
|-enditem|p2a: Hatterene|Eject Button|[from] move: Knock Off|[of] p1a: Chesnaught
|move|p2a: Hatterene|Psychic Noise|p1a: Chesnaught
|-supereffective|p1a: Chesnaught
|-damage|p1a: Chesnaught|0 fnt
|faint|p1a: Chesnaught
|
|upkeep
|
|t:|1757803931
|switch|p1a: Greninja|Greninja, F|91/100
|turn|9
|
|t:|1757803934
|move|p1a: Greninja|Sludge Wave|p2a: Hatterene
|-start|p1a: Greninja|typechange|Poison|[from] ability: Protean
|-supereffective|p2a: Hatterene
|-damage|p2a: Hatterene|0 fnt
|faint|p2a: Hatterene
|-damage|p1a: Greninja|81/100|[from] item: Life Orb
|
|upkeep
|
|t:|1757803941
|switch|p2a: Magnezone|Magnezone|93/100
|turn|10
|c|☆Litryes|HAHAHAHAHAHAHAHHA
|
|t:|1757803946
|move|p1a: Greninja|U-turn|p2a: Magnezone
|-resisted|p2a: Magnezone
|-damage|p2a: Magnezone|85/100
|-damage|p1a: Greninja|71/100|[from] item: Life Orb
|
|t:|1757803948
|switch|p1a: Raging Bolt|Raging Bolt|100/100|[from] U-turn
|move|p2a: Magnezone|Volt Switch|p1a: Raging Bolt
|-resisted|p1a: Raging Bolt
|-damage|p1a: Raging Bolt|95/100
|
|t:|1757803956
|switch|p2a: Great Tusk|Great Tusk|100/100|[from] Volt Switch
|
|upkeep
|turn|11
|
|t:|1757803961
|-end|p1a: Raging Bolt|Protosynthesis|[silent]
|switch|p1a: Corviknight|Corviknight, F|77/100
|move|p2a: Great Tusk|Bulk Up|p2a: Great Tusk
|-boost|p2a: Great Tusk|atk|1
|-boost|p2a: Great Tusk|def|1
|
|upkeep
|turn|12
|
|t:|1757803967
|move|p2a: Great Tusk|Bulk Up|p2a: Great Tusk
|-boost|p2a: Great Tusk|atk|1
|-boost|p2a: Great Tusk|def|1
|move|p1a: Corviknight|U-turn|p2a: Great Tusk
|-resisted|p2a: Great Tusk
|-damage|p2a: Great Tusk|98/100
|
|t:|1757803969
|switch|p1a: Dondozo|Dondozo, M|100/100|[from] U-turn
|
|upkeep
|turn|13
|
|t:|1757803975
|-end|p2a: Great Tusk|Protosynthesis|[silent]
|switch|p2a: Ogerpon|Ogerpon-Wellspring, F|100/100
|move|p1a: Dondozo|Curse|p1a: Dondozo
|-unboost|p1a: Dondozo|spe|1
|-boost|p1a: Dondozo|atk|1
|-boost|p1a: Dondozo|def|1
|
|upkeep
|turn|14
|c|☆Litryes|wanna setup?
|c|☆Litryes|we can setup...
|
|t:|1757803996
|move|p2a: Ogerpon|Horn Leech|p1a: Dondozo
|-supereffective|p1a: Dondozo
|-damage|p1a: Dondozo|64/100
|move|p1a: Dondozo|Curse|p1a: Dondozo
|-unboost|p1a: Dondozo|spe|1
|-boost|p1a: Dondozo|atk|1
|-boost|p1a: Dondozo|def|1
|
|-heal|p1a: Dondozo|71/100|[from] item: Leftovers
|upkeep
|turn|15
|
|t:|1757804002
|move|p2a: Ogerpon|Horn Leech|p1a: Dondozo
|-supereffective|p1a: Dondozo
|-crit|p1a: Dondozo
|-damage|p1a: Dondozo|0 fnt
|faint|p1a: Dondozo
|
|upkeep
|c|☆Litryes|nvm...
|
|t:|1757804014
|switch|p1a: Raging Bolt|Raging Bolt|95/100
|turn|16
|
|t:|1757804019
|switch|p2a: Great Tusk|Great Tusk|98/100
|move|p1a: Raging Bolt|Draco Meteor|p2a: Great Tusk
|-damage|p2a: Great Tusk|0 fnt
|-unboost|p1a: Raging Bolt|spa|2
|faint|p2a: Great Tusk
|-end|p2a: Great Tusk|Protosynthesis|[silent]
|
|upkeep
|
|t:|1757804024
|switch|p2a: Okidogi|Okidogi, M|69/100
|turn|17
|c|☆Litryes|oof
|
|t:|1757804028
|move|p2a: Okidogi|Ice Punch|p1a: Raging Bolt
|-supereffective|p1a: Raging Bolt
|-damage|p1a: Raging Bolt|51/100
|move|p1a: Raging Bolt|Volt Switch|p2a: Okidogi
|-damage|p2a: Okidogi|49/100
|
|t:|1757804035
|-end|p1a: Raging Bolt|Protosynthesis|[silent]
|switch|p1a: Delphox|Delphox, F|100/100|[from] Volt Switch
|
|upkeep
|turn|18
|
|t:|1757804043
|move|p1a: Delphox|Fire Blast|p2a: Okidogi
|-damage|p2a: Okidogi|0 fnt
|faint|p2a: Okidogi
|
|upkeep
|
|t:|1757804046
|switch|p2a: Ogerpon|Ogerpon-Wellspring, F|100/100
|turn|19
|
|t:|1757804053
|switch|p1a: Corviknight|Corviknight, F|77/100
|move|p2a: Ogerpon|Ivy Cudgel|p1a: Corviknight|[anim] Ivy Cudgel Water
|-damage|p1a: Corviknight|39/100
|
|upkeep
|turn|20
|
|t:|1757804060
|move|p2a: Ogerpon|Ivy Cudgel|p1a: Corviknight|[anim] Ivy Cudgel Water
|-damage|p1a: Corviknight|1/100
|move|p1a: Corviknight|Brave Bird|p2a: Ogerpon
|-supereffective|p2a: Ogerpon
|-damage|p2a: Ogerpon|0 fnt
|faint|p2a: Ogerpon
|-damage|p1a: Corviknight|0 fnt|[from] Recoil
|faint|p1a: Corviknight
|
|upkeep
|c|☆Litryes|YYYYAAAAAAHHHHHHHHHHH
|
|t:|1757804073
|switch|p2a: Dragonite|Dragonite, F|100/100
|switch|p1a: Delphox|Delphox, F|100/100
|turn|21
|
|t:|1757804081
|move|p1a: Delphox|Trick|p2a: Dragonite
|-activate|p1a: Delphox|move: Trick|[of] p2a: Dragonite
|-item|p2a: Dragonite|Choice Scarf|[from] move: Trick
|-item|p1a: Delphox|Leftovers|[from] move: Trick
|move|p2a: Dragonite|Dragon Dance|p2a: Dragonite
|-boost|p2a: Dragonite|atk|1
|-boost|p2a: Dragonite|spe|1
|
|upkeep
|turn|22
|c|☆Litryes|ez
|
|t:|1757804088
|switch|p2a: Magnezone|Magnezone|85/100
|move|p1a: Delphox|Fire Blast|p2a: Magnezone
|-supereffective|p2a: Magnezone
|-damage|p2a: Magnezone|0 fnt
|faint|p2a: Magnezone
|
|upkeep
|
|t:|1757804090
|switch|p2a: Dragonite|Dragonite, F|100/100
|turn|23
|
|t:|1757804094
|move|p1a: Delphox|Psychic|p2a: Dragonite
|-damage|p2a: Dragonite|82/100
|-unboost|p2a: Dragonite|spd|1
|move|p2a: Dragonite|Earthquake|p1a: Delphox
|-supereffective|p1a: Delphox
|-damage|p1a: Delphox|0 fnt
|faint|p1a: Delphox
|
|upkeep
|
|t:|1757804100
|switch|p1a: Greninja|Greninja, F|71/100
|turn|24
|
|t:|1757804104
|-terastallize|p2a: Dragonite|Fairy
|move|p1a: Greninja|Ice Beam|p2a: Dragonite
|-start|p1a: Greninja|typechange|Ice|[from] ability: Protean
|-damage|p2a: Dragonite|13/100
|-damage|p1a: Greninja|61/100|[from] item: Life Orb
|move|p2a: Dragonite|Earthquake|p1a: Greninja
|-damage|p1a: Greninja|7/100
|
|upkeep
|turn|25
|-message|blueblazingfire forfeited.
|
|win|Litryes
|raw|Litryes's rating: 1334 &rarr; <strong>1356</strong><br />(+22 for winning)
|raw|blueblazingfire's rating: 1366 &rarr; <strong>1344</strong><br />(-22 for losing)
|l|☆blueblazingfire
|player|p2|
|c|☆Litryes|gg
