|j|☆Crocodile E
|j|☆TwentyTwan
|t:|1757836911
|gametype|singles
|player|p1|Crocodile E|pokemaniac|1483
|player|p2|TwentyTwan|#umbdiambers|1473
|gen|9
|tier|[Gen 9] OU
|rated|
|rule|HP Percentage Mod: HP is shown in percentages
|rule|Endless Battle Clause: Forcing endless battles is banned
|rule|Species Clause: Limit one of each Pokémon
|rule|OHKO Clause: OHKO moves are banned
|rule|Evasion Items Clause: Evasion items are banned
|rule|Evasion Moves Clause: Evasion moves are banned
|rule|Evasion Abilities Clause: Evasion abilities are banned
|rule|Sleep Moves Clause: Sleep-inducing moves are banned
|clearpoke
|poke|p1|Great Tusk|
|poke|p1|Raging Bolt|
|poke|p1|Dragapult, M|
|poke|p1|Slowking-Galar, M|
|poke|p1|Kingambit, M|
|poke|p1|Ogerpon-Wellspring, F|
|poke|p2|Alomomola, M|
|poke|p2|Dragapult, M|
|poke|p2|Great Tusk|
|poke|p2|Iron Crown|
|poke|p2|Lokix, M|
|poke|p2|Zamazenta-*|
|teampreview
|inactive|Battle timer is ON: inactive players will automatically lose when time's up. (requested by TwentyTwan)
|
|t:|1757836923
|teamsize|p1|6
|teamsize|p2|6
|start
|switch|p1a: Dragapult|Dragapult, M|100/100
|switch|p2a: Iron Crown|Iron Crown|100/100
|turn|1
|
|t:|1757836932
|move|p1a: Dragapult|Will-O-Wisp|p2a: Iron Crown
|-status|p2a: Iron Crown|brn
|move|p2a: Iron Crown|Tachyon Cutter|p1a: Dragapult
|-damage|p1a: Dragapult|45/100
|-damage|p1a: Dragapult|0 fnt
|faint|p1a: Dragapult
|-hitcount|p1: Dragapult|2
|
|-damage|p2a: Iron Crown|94/100 brn|[from] brn
|upkeep
|
|t:|1757836939
|switch|p1a: Kingambit|Kingambit, M|100/100
|-activate|p1a: Kingambit|ability: Supreme Overlord
|-start|p1a: Kingambit|fallen1|[silent]
|turn|2
|
|t:|1757836944
|-end|p2a: Iron Crown|Quark Drive|[silent]
|switch|p2a: Zamazenta|Zamazenta|100/100
|-ability|p2a: Zamazenta|Dauntless Shield|boost
|-boost|p2a: Zamazenta|def|1
|move|p1a: Kingambit|Swords Dance|p1a: Kingambit
|-boost|p1a: Kingambit|atk|2
|
|upkeep
|turn|3
|
|t:|1757836952
|-terastallize|p1a: Kingambit|Fire
|move|p2a: Zamazenta|Substitute|p2a: Zamazenta
|-start|p2a: Zamazenta|Substitute
|-damage|p2a: Zamazenta|76/100
|move|p1a: Kingambit|Iron Head|p2a: Zamazenta
|-end|p2a: Zamazenta|Substitute
|
|-heal|p2a: Zamazenta|82/100|[from] item: Leftovers
|upkeep
|turn|4
|
|t:|1757836959
|move|p2a: Zamazenta|Iron Defense|p2a: Zamazenta
|-boost|p2a: Zamazenta|def|2
|move|p1a: Kingambit|Iron Head|p2a: Zamazenta
|-damage|p2a: Zamazenta|45/100
|
|-heal|p2a: Zamazenta|51/100|[from] item: Leftovers
|upkeep
|turn|5
|
|t:|1757836967
|move|p2a: Zamazenta|Body Press|p1a: Kingambit
|-damage|p1a: Kingambit|34/100
|move|p1a: Kingambit|Iron Head|p2a: Zamazenta
|-damage|p2a: Zamazenta|19/100
|
|-heal|p2a: Zamazenta|25/100|[from] item: Leftovers
|-heal|p1a: Kingambit|40/100|[from] item: Leftovers
|upkeep
|turn|6
|
|t:|1757836976
|-end|p1a: Kingambit|fallen1|[silent]
|switch|p1a: Great Tusk|Great Tusk|100/100
|move|p2a: Zamazenta|Body Press|p1a: Great Tusk
|-damage|p1a: Great Tusk|36/100
|-damage|p2a: Zamazenta|9/100|[from] item: Rocky Helmet|[of] p1a: Great Tusk
|
|-heal|p2a: Zamazenta|15/100|[from] item: Leftovers
|upkeep
|turn|7
|
|t:|1757836983
|move|p2a: Zamazenta|Body Press|p1a: Great Tusk
|-damage|p1a: Great Tusk|0 fnt
|-damage|p2a: Zamazenta|0 fnt|[from] item: Rocky Helmet|[of] p1a: Great Tusk
|faint|p1a: Great Tusk
|-end|p1a: Great Tusk|Protosynthesis|[silent]
|faint|p2a: Zamazenta
|
|upkeep
|
|t:|1757836991
|switch|p2a: Lokix|Lokix, M|100/100
|switch|p1a: Ogerpon|Ogerpon-Wellspring, F|100/100
|turn|8
|
|t:|1757836997
|switch|p1a: Slowking|Slowking-Galar, M|100/100
|move|p2a: Lokix|First Impression|p1a: Slowking
|-damage|p1a: Slowking|57/100
|
|upkeep
|turn|9
|
|t:|1757837005
|switch|p2a: Alomomola|Alomomola, M|100/100
|move|p1a: Slowking|Flamethrower|p2a: Alomomola
|-resisted|p2a: Alomomola
|-damage|p2a: Alomomola|94/100
|-status|p2a: Alomomola|brn
|
|-damage|p2a: Alomomola|88/100 brn|[from] brn
|upkeep
|turn|10
|
|t:|1757837013
|move|p2a: Alomomola|Flip Turn|p1a: Slowking
|-damage|p1a: Slowking|50/100
|
|t:|1757837016
|switch|p2a: Lokix|Lokix, M|100/100|[from] Flip Turn
|move|p1a: Slowking|Sludge Bomb|p2a: Lokix
|-damage|p2a: Lokix|37/100
|
|upkeep
|turn|11
|
|t:|1757837024
|move|p2a: Lokix|U-turn|p1a: Slowking
|-damage|p1a: Slowking|11/100
|
|t:|1757837026
|switch|p2a: Alomomola|Alomomola, M|100/100 brn|[from] U-turn
|move|p1a: Slowking|Flamethrower|p2a: Alomomola
|-resisted|p2a: Alomomola
|-damage|p2a: Alomomola|94/100 brn
|
|-damage|p2a: Alomomola|88/100 brn|[from] brn
|upkeep
|turn|12
|
|t:|1757837033
|switch|p1a: Ogerpon|Ogerpon-Wellspring, F|100/100
|move|p2a: Alomomola|Mirror Coat||[still]
|-fail|p2a: Alomomola
|
|-damage|p2a: Alomomola|82/100 brn|[from] brn
|upkeep
|turn|13
|
|t:|1757837039
|switch|p2a: Iron Crown|Iron Crown|94/100 brn
|move|p1a: Ogerpon|Knock Off|p2a: Iron Crown
|-supereffective|p2a: Iron Crown
|-damage|p2a: Iron Crown|11/100 brn
|-enditem|p2a: Iron Crown|Choice Specs|[from] move: Knock Off|[of] p1a: Ogerpon
|
|-damage|p2a: Iron Crown|5/100 brn|[from] brn
|upkeep
|turn|14
|
|t:|1757837046
|move|p1a: Ogerpon|U-turn|p2a: Iron Crown
|-damage|p2a: Iron Crown|0 fnt
|faint|p2a: Iron Crown
|-end|p2a: Iron Crown|Quark Drive|[silent]
|
|t:|1757837048
|switch|p1a: Slowking|Slowking-Galar, M|45/100|[from] U-turn
|
|upkeep
|
|t:|1757837051
|switch|p2a: Lokix|Lokix, M|37/100
|turn|15
|
|t:|1757837059
|switch|p1a: Kingambit|Kingambit, M, tera:Fire|40/100
|-activate|p1a: Kingambit|ability: Supreme Overlord
|-start|p1a: Kingambit|fallen2|[silent]
|-terastallize|p2a: Lokix|Bug
|move|p2a: Lokix|Leech Life|p1a: Kingambit
|-resisted|p1a: Kingambit
|-damage|p1a: Kingambit|0 fnt
|-heal|p2a: Lokix|64/100|[from] drain|[of] p1a: Kingambit
|faint|p1a: Kingambit
|-end|p1a: Kingambit|fallen2|[silent]
|
|upkeep
|
|t:|1757837070
|switch|p1a: Raging Bolt|Raging Bolt|100/100
|-enditem|p1a: Raging Bolt|Booster Energy
|-activate|p1a: Raging Bolt|ability: Protosynthesis|[fromitem]
|-start|p1a: Raging Bolt|protosynthesisspa
|turn|16
|
|t:|1757837077
|switch|p2a: Great Tusk|Great Tusk|100/100
|move|p1a: Raging Bolt|Calm Mind|p1a: Raging Bolt
|-boost|p1a: Raging Bolt|spa|1
|-boost|p1a: Raging Bolt|spd|1
|
|upkeep
|turn|17
|
|t:|1757837083
|move|p2a: Great Tusk|Headlong Rush|p1a: Raging Bolt
|-supereffective|p1a: Raging Bolt
|-damage|p1a: Raging Bolt|0 fnt
|-unboost|p2a: Great Tusk|def|1
|-unboost|p2a: Great Tusk|spd|1
|faint|p1a: Raging Bolt
|-end|p1a: Raging Bolt|Protosynthesis|[silent]
|
|upkeep
|
|t:|1757837087
|switch|p1a: Ogerpon|Ogerpon-Wellspring, F|100/100
|turn|18
|
|t:|1757837092
|move|p1a: Ogerpon|Knock Off|p2a: Great Tusk
|-resisted|p2a: Great Tusk
|-damage|p2a: Great Tusk|80/100
|-enditem|p2a: Great Tusk|Heavy-Duty Boots|[from] move: Knock Off|[of] p1a: Ogerpon
|move|p2a: Great Tusk|Rapid Spin|p1a: Ogerpon
|-damage|p1a: Ogerpon|75/100
|-boost|p2a: Great Tusk|spe|1
|
|upkeep
|turn|19
|-message|Crocodile E forfeited.
|
|win|TwentyTwan
|raw|Crocodile E's rating: 1483 &rarr; <strong>1462</strong><br />(-21 for losing)
|raw|TwentyTwan's rating: 1473 &rarr; <strong>1494</strong><br />(+21 for winning)
|l|☆Crocodile E
|player|p1|
|l|☆TwentyTwan
|player|p2|
