|j|☆666XWH666XWH666
|j|☆R687
|t:|1757948373
|gametype|singles
|player|p1|666XWH666XWH666|101|1079
|player|p2|R687|unknown|1071
|gen|9
|tier|[Gen 9] OU
|rated|
|rule|HP Percentage Mod: HP is shown in percentages
|rule|Endless Battle Clause: Forcing endless battles is banned
|rule|Species Clause: Limit one of each Pokémon
|rule|OHKO Clause: OHKO moves are banned
|rule|Evasion Items Clause: Evasion items are banned
|rule|Evasion Moves Clause: Evasion moves are banned
|rule|Evasion Abilities Clause: Evasion abilities are banned
|rule|Sleep Moves Clause: Sleep-inducing moves are banned
|clearpoke
|poke|p1|Ceruledge, M|
|poke|p1|Garganacl, M|
|poke|p1|Ogerpon-Wellspring, F|
|poke|p1|Forretress, F|
|poke|p1|Scizor, F|
|poke|p1|Magnezone|
|poke|p2|Mudsdale, M|
|poke|p2|Espeon, F|
|poke|p2|Tentacruel, M|
|poke|p2|Thundurus-Therian, M|
|poke|p2|Klawf, M|
|poke|p2|Ceruledge, F|
|teampreview
|
|t:|1757948380
|teamsize|p1|6
|teamsize|p2|6
|start
|switch|p1a: Forretress|Forretress, F|100/100
|switch|p2a: No|Espeon, F|100/100
|turn|1
|c|☆666XWH666XWH666|hello
|
|t:|1757948392
|move|p2a: No|Reflect|p2a: No
|-sidestart|p2: R687|Reflect
|move|p1a: Forretress|Stealth Rock|p2a: No
|move|p2a: No|Stealth Rock|p1a: Forretress|[from] ability: Magic Bounce
|-sidestart|p1: 666XWH666XWH666|move: Stealth Rock
|
|upkeep
|turn|2
|c|☆R687|hio
|
|t:|1757948405
|move|p2a: No|Light Screen|p2a: No
|-sidestart|p2: R687|move: Light Screen
|move|p1a: Forretress|Rapid Spin|p2a: No
|-damage|p2a: No|91/100
|-boost|p1a: Forretress|spe|1
|-sideend|p1: 666XWH666XWH666|Stealth Rock|[from] move: Rapid Spin|[of] p1a: Forretress
|
|upkeep
|turn|3
|
|t:|1757948420
|switch|p1a: Scizor|Scizor, F|100/100
|move|p2a: No|Shadow Ball|p1a: Scizor
|-damage|p1a: Scizor|69/100
|
|-heal|p1a: Scizor|75/100|[from] item: Leftovers
|upkeep
|turn|4
|
|t:|1757948427
|switch|p2a: The DALE|Mudsdale, M|100/100
|move|p1a: Scizor|Protect||[still]
|-fail|p1a: Scizor
|
|-heal|p1a: Scizor|81/100|[from] item: Leftovers
|upkeep
|turn|5
|
|t:|1757948441
|move|p1a: Scizor|Protect|p1a: Scizor
|-singleturn|p1a: Scizor|Protect
|move|p2a: The DALE|Iron Defense|p2a: The DALE
|-boost|p2a: The DALE|def|2
|
|-heal|p1a: Scizor|87/100|[from] item: Leftovers
|upkeep
|turn|6
|
|t:|1757948450
|move|p1a: Scizor|Bullet Punch|p2a: The DALE
|-damage|p2a: The DALE|94/100
|-ability|p2a: The DALE|Stamina|boost
|-boost|p2a: The DALE|def|1
|move|p2a: The DALE|Earthquake|p1a: Scizor
|-damage|p1a: Scizor|39/100
|
|-heal|p1a: Scizor|45/100|[from] item: Leftovers
|-heal|p2a: The DALE|100/100|[from] item: Leftovers
|upkeep
|turn|7
|
|t:|1757948465
|switch|p1a: Ogerpon|Ogerpon-Wellspring, F|100/100
|move|p2a: The DALE|Body Press|p1a: Ogerpon
|-damage|p1a: Ogerpon|12/100
|
|upkeep
|turn|8
|
|t:|1757948485
|move|p1a: Ogerpon|Horn Leech|p2a: The DALE
|-supereffective|p2a: The DALE
|-damage|p2a: The DALE|86/100
|-heal|p1a: Ogerpon|20/100|[from] drain|[of] p2a: The DALE
|-ability|p2a: The DALE|Stamina|boost
|-boost|p2a: The DALE|def|1
|move|p2a: The DALE|Body Press|p1a: Ogerpon
|-damage|p1a: Ogerpon|0 fnt
|faint|p1a: Ogerpon
|
|-heal|p2a: The DALE|92/100|[from] item: Leftovers
|-sideend|p2: R687|Reflect
|upkeep
|-message|666XWH666XWH666 forfeited.
|
|win|R687
|raw|666XWH666XWH666's rating: 1079 &rarr; <strong>1057</strong><br />(-22 for losing)
|raw|R687's rating: 1071 &rarr; <strong>1101</strong><br />(+30 for winning)
|l|☆666XWH666XWH666
|player|p1|
|j|☆666XWH666XWH666
|player|p1|666XWH666XWH666|101|
|l|☆R687
|player|p2|
|l|☆666XWH666XWH666
|player|p1|
