|j|☆Sezonac
|j|☆Gulptubus
|t:|1757791081
|gametype|singles
|player|p1|Sezonac|pokefan|1469
|player|p2|Gulptubus|pokemonranger-gen4|1467
|gen|9
|tier|[Gen 9] OU
|rated|
|rule|HP Percentage Mod: HP is shown in percentages
|rule|Endless Battle Clause: Forcing endless battles is banned
|rule|Species Clause: Limit one of each Pokémon
|rule|OHKO Clause: OHKO moves are banned
|rule|Evasion Items Clause: Evasion items are banned
|rule|Evasion Moves Clause: Evasion moves are banned
|rule|Evasion Abilities Clause: Evasion abilities are banned
|rule|Sleep Moves Clause: Sleep-inducing moves are banned
|clearpoke
|poke|p1|Gliscor, F|
|poke|p1|Blissey, F|
|poke|p1|Corviknight, F|
|poke|p1|Alomomola, M|
|poke|p1|Clodsire, F|
|poke|p1|Skeledirge, F|
|poke|p2|Frosmoth, F|
|poke|p2|Pincurchin, F|
|poke|p2|Raichu-Alola, F|
|poke|p2|Iron Hands|
|poke|p2|Rotom-Wash|
|poke|p2|Pawmot, M|
|teampreview
|inactive|Battle timer is ON: inactive players will automatically lose when time's up. (requested by Sezonac)
|
|t:|1757791092
|teamsize|p1|6
|teamsize|p2|6
|start
|switch|p1a: Gliscor|Gliscor, F|100/100
|switch|p2a: OH YEAH!!! YEAH!!|Pincurchin, F|100/100
|-fieldstart|move: Electric Terrain|[from] ability: Electric Surge|[of] p2a: OH YEAH!!! YEAH!!
|turn|1
|inactive|Sezonac has 120 seconds left.
|
|t:|1757791135
|switch|p2a: Iron Deficiency|Iron Hands|100/100
|-activate|p2a: Iron Deficiency|ability: Quark Drive
|-start|p2a: Iron Deficiency|quarkdriveatk
|move|p1a: Gliscor|Protect||[still]
|-fail|p1a: Gliscor
|
|-status|p1a: Gliscor|tox|[from] item: Toxic Orb
|upkeep
|turn|2
|
|t:|1757791145
|move|p1a: Gliscor|Toxic|p2a: Iron Deficiency|[miss]
|-miss|p1a: Gliscor|p2a: Iron Deficiency
|move|p2a: Iron Deficiency|Ice Punch|p1a: Gliscor
|-supereffective|p1a: Gliscor
|-damage|p1a: Gliscor|4/100 tox
|
|-heal|p1a: Gliscor|16/100 tox|[from] ability: Poison Heal
|upkeep
|turn|3
|inactive|Sezonac has 120 seconds left.
|-activate|p2a: Iron Deficiency|item: Quick Claw
|
|t:|1757791153
|move|p1a: Gliscor|Protect|p1a: Gliscor
|-singleturn|p1a: Gliscor|Protect
|move|p2a: Iron Deficiency|Drain Punch|p1a: Gliscor
|-activate|p1a: Gliscor|move: Protect
|
|-heal|p1a: Gliscor|29/100 tox|[from] ability: Poison Heal
|upkeep
|turn|4
|inactive|Sezonac has 120 seconds left.
|
|t:|1757791166
|switch|p1a: Skeledirge|Skeledirge, F, shiny|100/100
|move|p2a: Iron Deficiency|Drain Punch|p1a: Skeledirge
|-immune|p1a: Skeledirge
|
|upkeep
|turn|5
|-activate|p2a: Iron Deficiency|item: Quick Claw
|
|t:|1757791172
|move|p2a: Iron Deficiency|Supercell Slam|p1a: Skeledirge
|-damage|p1a: Skeledirge|37/100
|move|p1a: Skeledirge|Will-O-Wisp|p2a: Iron Deficiency
|-status|p2a: Iron Deficiency|brn
|
|-damage|p2a: Iron Deficiency|94/100 brn|[from] brn
|upkeep
|turn|6
|
|t:|1757791180
|switch|p1a: Clodsire|Clodsire, F, shiny|100/100
|move|p2a: Iron Deficiency|Ice Punch|p1a: Clodsire
|-supereffective|p1a: Clodsire
|-crit|p1a: Clodsire
|-damage|p1a: Clodsire|36/100
|-status|p1a: Clodsire|frz
|
|-heal|p1a: Clodsire|42/100 frz|[from] item: Leftovers
|-damage|p2a: Iron Deficiency|88/100 brn|[from] brn
|upkeep
|turn|7
|
|t:|1757791191
|switch|p1a: Alomomola|Alomomola, M|100/100
|move|p2a: Iron Deficiency|Swords Dance|p2a: Iron Deficiency
|-boost|p2a: Iron Deficiency|atk|2
|
|-damage|p2a: Iron Deficiency|82/100 brn|[from] brn
|upkeep
|turn|8
|
|t:|1757791203
|switch|p1a: Skeledirge|Skeledirge, F, shiny|37/100
|move|p2a: Iron Deficiency|Drain Punch|p1a: Skeledirge
|-immune|p1a: Skeledirge
|
|-damage|p2a: Iron Deficiency|76/100 brn|[from] brn
|-fieldend|move: Electric Terrain
|-end|p2a: Iron Deficiency|Quark Drive
|upkeep
|turn|9
|
|t:|1757791216
|-end|p2a: Iron Deficiency|Quark Drive|[silent]
|switch|p2a: OH YEAH!!! YEAH!!|Pincurchin, F|100/100
|-fieldstart|move: Electric Terrain|[from] ability: Electric Surge|[of] p2a: OH YEAH!!! YEAH!!
|move|p1a: Skeledirge|Slack Off|p1a: Skeledirge
|-heal|p1a: Skeledirge|87/100
|
|upkeep
|turn|10
|
|t:|1757791228
|switch|p2a: William O' Wisp|Rotom-Wash|100/100
|move|p1a: Skeledirge|Torch Song|p2a: William O' Wisp
|-resisted|p2a: William O' Wisp
|-damage|p2a: William O' Wisp|86/100
|-boost|p1a: Skeledirge|spa|1
|
|upkeep
|turn|11
|
|t:|1757791242
|move|p2a: William O' Wisp|Light Screen|p2a: William O' Wisp
|-sidestart|p2: Gulptubus|move: Light Screen
|move|p1a: Skeledirge|Will-O-Wisp|p2a: William O' Wisp|[miss]
|-miss|p1a: Skeledirge|p2a: William O' Wisp
|
|upkeep
|turn|12
|
|t:|1757791251
|switch|p1a: Blissey|Blissey, F|100/100
|move|p2a: William O' Wisp|Hydro Pump|p1a: Blissey
|-damage|p1a: Blissey|83/100
|
|-heal|p1a: Blissey|89/100|[from] item: Leftovers
|upkeep
|turn|13
|
|t:|1757791259
|move|p2a: William O' Wisp|Reflect|p2a: William O' Wisp
|-sidestart|p2: Gulptubus|Reflect
|move|p1a: Blissey|Stealth Rock|p2a: William O' Wisp
|-sidestart|p2: Gulptubus|move: Stealth Rock
|
|-heal|p1a: Blissey|96/100|[from] item: Leftovers
|upkeep
|turn|14
|
|t:|1757791266
|move|p2a: William O' Wisp|Volt Switch|p1a: Blissey
|-crit|p1a: Blissey
|-damage|p1a: Blissey|78/100
|
|t:|1757791268
|switch|p2a: Finger Eleven|Frosmoth, F, shiny|100/100|[from] Volt Switch
|move|p1a: Blissey|Calm Mind|p1a: Blissey
|-boost|p1a: Blissey|spa|1
|-boost|p1a: Blissey|spd|1
|
|-heal|p1a: Blissey|85/100|[from] item: Leftovers
|upkeep
|turn|15
|inactive|Sezonac has 120 seconds left.
|
|t:|1757791311
|move|p2a: Finger Eleven|Defog|p1a: Blissey
|-unboost|p1a: Blissey|evasion|1
|-sideend|p2: Gulptubus|Stealth Rock|[from] move: Defog|[of] p2a: Finger Eleven
|-fieldend|move: Electric Terrain
|move|p1a: Blissey|Calm Mind|p1a: Blissey
|-boost|p1a: Blissey|spa|1
|-boost|p1a: Blissey|spd|1
|
|-heal|p1a: Blissey|91/100|[from] item: Leftovers
|upkeep
|turn|16
|
|t:|1757791320
|switch|p2a: OH YEAH!!! YEAH!!|Pincurchin, F|100/100
|-fieldstart|move: Electric Terrain|[from] ability: Electric Surge|[of] p2a: OH YEAH!!! YEAH!!
|move|p1a: Blissey|Shadow Ball|p2a: OH YEAH!!! YEAH!!
|-damage|p2a: OH YEAH!!! YEAH!!|80/100
|
|-heal|p1a: Blissey|97/100|[from] item: Leftovers
|upkeep
|turn|17
|inactive|Sezonac has 120 seconds left.
|
|t:|1757791329
|move|p1a: Blissey|Calm Mind|p1a: Blissey
|-boost|p1a: Blissey|spa|1
|-boost|p1a: Blissey|spd|1
|move|p2a: OH YEAH!!! YEAH!!|Thunder Wave|p1a: Blissey
|-status|p1a: Blissey|par
|
|-heal|p1a: Blissey|100/100 par|[from] item: Leftovers
|upkeep
|turn|18
|
|t:|1757791336
|switch|p2a: Iron Deficiency|Iron Hands|76/100 brn
|-activate|p2a: Iron Deficiency|ability: Quark Drive
|-start|p2a: Iron Deficiency|quarkdriveatk
|cant|p1a: Blissey|par
|
|-damage|p2a: Iron Deficiency|70/100 brn|[from] brn
|-sideend|p2: Gulptubus|move: Light Screen
|upkeep
|turn|19
|-activate|p2a: Iron Deficiency|item: Quick Claw
|
|t:|1757791344
|-curestatus|p1a: Blissey|par|[from] ability: Natural Cure
|switch|p1a: Skeledirge|Skeledirge, F, shiny|87/100
|move|p2a: Iron Deficiency|Supercell Slam|p1a: Skeledirge
|-damage|p1a: Skeledirge|59/100
|
|-damage|p2a: Iron Deficiency|64/100 brn|[from] brn
|upkeep
|turn|20
|-activate|p2a: Iron Deficiency|item: Quick Claw
|
|t:|1757791353
|move|p2a: Iron Deficiency|Supercell Slam|p1a: Skeledirge
|-damage|p1a: Skeledirge|26/100
|move|p1a: Skeledirge|Slack Off|p1a: Skeledirge
|-heal|p1a: Skeledirge|76/100
|
|-damage|p2a: Iron Deficiency|58/100 brn|[from] brn
|-sideend|p2: Gulptubus|Reflect
|upkeep
|turn|21
|
|t:|1757791361
|-end|p2a: Iron Deficiency|Quark Drive|[silent]
|switch|p2a: Evanescence|Pawmot, M|100/100
|move|p1a: Skeledirge|Hex|p2a: Evanescence
|-damage|p2a: Evanescence|60/100
|
|upkeep
|turn|22
|
|t:|1757791368
|switch|p2a: William O' Wisp|Rotom-Wash|86/100
|move|p1a: Skeledirge|Will-O-Wisp|p2a: William O' Wisp
|-status|p2a: William O' Wisp|brn
|
|-damage|p2a: William O' Wisp|80/100 brn|[from] brn
|upkeep
|turn|23
|
|t:|1757791376
|move|p2a: William O' Wisp|Reflect|p2a: William O' Wisp
|-sidestart|p2: Gulptubus|Reflect
|move|p1a: Skeledirge|Hex|p2a: William O' Wisp
|-damage|p2a: William O' Wisp|27/100 brn
|
|-damage|p2a: William O' Wisp|21/100 brn|[from] brn
|-fieldend|move: Electric Terrain
|upkeep
|turn|24
|
|t:|1757791383
|move|p2a: William O' Wisp|Volt Switch|p1a: Skeledirge
|-damage|p1a: Skeledirge|41/100
|
|t:|1757791388
|switch|p2a: OH YEAH!!! YEAH!!|Pincurchin, F|80/100|[from] Volt Switch
|-fieldstart|move: Electric Terrain|[from] ability: Electric Surge|[of] p2a: OH YEAH!!! YEAH!!
|move|p1a: Skeledirge|Hex|p2a: OH YEAH!!! YEAH!!
|-damage|p2a: OH YEAH!!! YEAH!!|50/100
|
|upkeep
|turn|25
|
|t:|1757791402
|switch|p1a: Blissey|Blissey, F|100/100
|switch|p2a: Surf's Up (2007)|Raichu-Alola, F|100/100
|
|upkeep
|turn|26
|
|t:|1757791412
|move|p2a: Surf's Up (2007)|Volt Switch|p1a: Blissey
|-crit|p1a: Blissey
|-damage|p1a: Blissey|73/100
|
|t:|1757791416
|switch|p2a: Iron Deficiency|Iron Hands|58/100 brn|[from] Volt Switch
|-activate|p2a: Iron Deficiency|ability: Quark Drive
|-start|p2a: Iron Deficiency|quarkdriveatk
|move|p1a: Blissey|Stealth Rock|p2a: Iron Deficiency
|-sidestart|p2: Gulptubus|move: Stealth Rock
|
|-heal|p1a: Blissey|79/100|[from] item: Leftovers
|-damage|p2a: Iron Deficiency|52/100 brn|[from] brn
|upkeep
|turn|27
|inactive|Sezonac has 120 seconds left.
|inactive|Sezonac has 90 seconds left.
|inactive|Sezonac has 60 seconds left.
|inactive|Sezonac has 30 seconds left.
|inactive|Sezonac has 20 seconds left.
|inactive|Sezonac has 15 seconds left.
|inactive|Sezonac has 10 seconds left.
|inactive|Sezonac has 5 seconds left.
|-message|Sezonac lost due to inactivity.
|
|win|Gulptubus
|raw|Sezonac's rating: 1469 &rarr; <strong>1449</strong><br />(-20 for losing)
|raw|Gulptubus's rating: 1467 &rarr; <strong>1487</strong><br />(+20 for winning)
|c|☆Gulptubus|zzz
|c|☆Gulptubus|bum stall
|l|☆Gulptubus
|player|p2|
|l|☆Sezonac
|player|p1|
