|j|☆Seemorebutts12
|j|☆JohtoChimecho
|t:|1757943007
|gametype|singles
|player|p1|Seemorebutts12|nemona-v|1241
|player|p2|JohtoChimecho|lady-gen4|1242
|gen|9
|tier|[Gen 9] OU
|rated|
|rule|HP Percentage Mod: HP is shown in percentages
|rule|Endless Battle Clause: Forcing endless battles is banned
|rule|Species Clause: Limit one of each Pokémon
|rule|OHKO Clause: OHKO moves are banned
|rule|Evasion Items Clause: Evasion items are banned
|rule|Evasion Moves Clause: Evasion moves are banned
|rule|Evasion Abilities Clause: Evasion abilities are banned
|rule|Sleep Moves Clause: Sleep-inducing moves are banned
|clearpoke
|poke|p1|Skeledirge, M|
|poke|p1|Pawmot, M|
|poke|p1|Kommo-o, M|
|poke|p1|Scream Tail|
|poke|p1|Greninja-*, M|
|poke|p1|Dusknoir, M|
|poke|p2|Dragonite, F|
|poke|p2|Samurott-Hisui, M|
|poke|p2|Great Tusk|
|poke|p2|Talonflame, F|
|poke|p2|Hatterene, F|
|poke|p2|Goodra-Hisui, F|
|teampreview
|
|t:|1757943021
|teamsize|p1|6
|teamsize|p2|6
|start
|switch|p1a: Scream Tail|Scream Tail|100/100
|switch|p2a: Talonflame|Talonflame, F|100/100
|-enditem|p1a: Scream Tail|Booster Energy
|-activate|p1a: Scream Tail|ability: Protosynthesis|[fromitem]
|-start|p1a: Scream Tail|protosynthesisspe
|turn|1
|
|t:|1757943030
|switch|p2a: Hatterene|Hatterene, F|100/100
|move|p1a: Scream Tail|Thunder Wave|p2a: Hatterene
|move|p2a: Hatterene|Thunder Wave|p1a: Scream Tail|[from] ability: Magic Bounce|[miss]
|-miss|p2a: Hatterene|p1a: Scream Tail
|
|upkeep
|turn|2
|
|t:|1757943044
|-end|p1a: Scream Tail|Protosynthesis|[silent]
|switch|p1a: Greninja|Greninja, M|100/100
|move|p2a: Hatterene|Nuzzle|p1a: Greninja
|-supereffective|p1a: Greninja
|-crit|p1a: Greninja
|-damage|p1a: Greninja|82/100
|-status|p1a: Greninja|par
|
|upkeep
|turn|3
|
|t:|1757943055
|switch|p2a: Goodra|Goodra-Hisui, F|100/100
|move|p1a: Greninja|Sludge Wave|p2a: Goodra
|-immune|p2a: Goodra
|
|upkeep
|turn|4
|
|t:|1757943062
|move|p1a: Greninja|Ice Beam|p2a: Goodra
|-damage|p2a: Goodra|89/100
|move|p2a: Goodra|Flash Cannon|p1a: Greninja
|-resisted|p1a: Greninja
|-damage|p1a: Greninja|51/100 par
|
|upkeep
|turn|5
|
|t:|1757943069
|move|p1a: Greninja|Dark Pulse|p2a: Goodra
|-damage|p2a: Goodra|74/100
|move|p2a: Goodra|Dragon Tail|p1a: Greninja|[miss]
|-miss|p2a: Goodra|p1a: Greninja
|
|upkeep
|turn|6
|
|t:|1757943075
|move|p1a: Greninja|Dark Pulse|p2a: Goodra
|-damage|p2a: Goodra|58/100
|move|p2a: Goodra|Dragon Tail|p1a: Greninja
|-damage|p1a: Greninja|19/100 par
|drag|p1a: Scream Tail|Scream Tail|100/100
|
|upkeep
|turn|7
|
|t:|1757943089
|-end|p1a: Scream Tail|Protosynthesis|[silent]
|switch|p1a: Dusknoir|Dusknoir, M|100/100
|-ability|p1a: Dusknoir|Pressure
|switch|p2a: Hatterene|Hatterene, F|100/100
|
|upkeep
|turn|8
|
|t:|1757943097
|switch|p2a: Talonflame|Talonflame, F|100/100
|move|p1a: Dusknoir|Poltergeist|p2a: Talonflame
|-activate|p2a: Talonflame|move: Poltergeist|Heavy-Duty Boots
|-crit|p2a: Talonflame
|-damage|p2a: Talonflame|50/100
|
|upkeep
|turn|9
|
|t:|1757943105
|move|p2a: Talonflame|Roost|p2a: Talonflame
|-heal|p2a: Talonflame|99/100
|-singleturn|p2a: Talonflame|move: Roost
|move|p1a: Dusknoir|Poltergeist|p2a: Talonflame
|-activate|p2a: Talonflame|move: Poltergeist|Heavy-Duty Boots
|-damage|p2a: Talonflame|67/100
|
|upkeep
|turn|10
|
|t:|1757943114
|move|p2a: Talonflame|Will-O-Wisp|p1a: Dusknoir
|-status|p1a: Dusknoir|brn
|move|p1a: Dusknoir|Curse|p2a: Talonflame
|-start|p2a: Talonflame|Curse|[of] p1a: Dusknoir
|-damage|p1a: Dusknoir|50/100 brn
|
|-heal|p1a: Dusknoir|57/100 brn|[from] item: Leftovers
|-damage|p1a: Dusknoir|50/100 brn|[from] brn
|-damage|p2a: Talonflame|42/100|[from] Curse
|upkeep
|turn|11
|
|t:|1757943126
|move|p2a: Talonflame|Roost|p2a: Talonflame
|-heal|p2a: Talonflame|92/100
|-singleturn|p2a: Talonflame|move: Roost
|move|p1a: Dusknoir|Pain Split|p2a: Talonflame
|-sethp|p2a: Talonflame|67/100|[from] move: Pain Split|[silent]
|-sethp|p1a: Dusknoir|81/100 brn|[from] move: Pain Split
|
|-heal|p1a: Dusknoir|88/100 brn|[from] item: Leftovers
|-damage|p1a: Dusknoir|81/100 brn|[from] brn
|-damage|p2a: Talonflame|42/100|[from] Curse
|upkeep
|turn|12
|
|t:|1757943139
|switch|p2a: Samurott|Samurott-Hisui, M|100/100
|move|p1a: Dusknoir|Poltergeist|p2a: Samurott|[miss]
|-miss|p1a: Dusknoir|p2a: Samurott
|
|-heal|p1a: Dusknoir|88/100 brn|[from] item: Leftovers
|-damage|p1a: Dusknoir|81/100 brn|[from] brn
|upkeep
|turn|13
|
|t:|1757943150
|switch|p1a: Greninja|Greninja, M|19/100 par
|move|p2a: Samurott|Ceaseless Edge|p1a: Greninja
|-resisted|p1a: Greninja
|-damage|p1a: Greninja|0 fnt
|-sidestart|p1: Seemorebutts12|Spikes
|faint|p1a: Greninja
|
|upkeep
|
|t:|1757943159
|switch|p1a: Kommo-o|Kommo-o, M|100/100
|-damage|p1a: Kommo-o|88/100|[from] Spikes
|turn|14
|
|t:|1757943168
|switch|p2a: Hatterene|Hatterene, F|100/100
|move|p1a: Kommo-o|Clangorous Soul|p1a: Kommo-o
|-boost|p1a: Kommo-o|atk|1
|-boost|p1a: Kommo-o|def|1
|-boost|p1a: Kommo-o|spa|1
|-boost|p1a: Kommo-o|spd|1
|-boost|p1a: Kommo-o|spe|1
|-damage|p1a: Kommo-o|55/100
|-enditem|p1a: Kommo-o|Throat Spray
|-boost|p1a: Kommo-o|spa|1|[from] item: Throat Spray
|
|upkeep
|turn|15
|
|t:|1757943180
|-terastallize|p1a: Kommo-o|Normal
|move|p1a: Kommo-o|Boomburst|p2a: Hatterene
|-damage|p2a: Hatterene|28/100
|move|p2a: Hatterene|Nuzzle|p1a: Kommo-o
|-damage|p1a: Kommo-o|53/100
|-status|p1a: Kommo-o|par
|
|upkeep
|turn|16
|
|t:|1757943189
|cant|p1a: Kommo-o|par
|move|p2a: Hatterene|Psyshock|p1a: Kommo-o
|-damage|p1a: Kommo-o|25/100 par
|
|upkeep
|turn|17
|
|t:|1757943195
|move|p1a: Kommo-o|Boomburst|p2a: Hatterene
|-damage|p2a: Hatterene|0 fnt
|faint|p2a: Hatterene
|
|upkeep
|
|t:|1757943217
|switch|p2a: Great Tusk|Great Tusk|100/100
|turn|18
|
|t:|1757943221
|move|p2a: Great Tusk|Headlong Rush|p1a: Kommo-o
|-damage|p1a: Kommo-o|0 fnt
|-unboost|p2a: Great Tusk|def|1
|-unboost|p2a: Great Tusk|spd|1
|faint|p1a: Kommo-o
|
|upkeep
|
|t:|1757943228
|switch|p1a: Scream Tail|Scream Tail|100/100
|-damage|p1a: Scream Tail|88/100|[from] Spikes
|turn|19
|
|t:|1757943235
|-end|p2a: Great Tusk|Protosynthesis|[silent]
|switch|p2a: Goodra|Goodra-Hisui, F|58/100
|move|p1a: Scream Tail|Stealth Rock|p2a: Goodra
|-sidestart|p2: JohtoChimecho|move: Stealth Rock
|
|upkeep
|turn|20
|
|t:|1757943241
|move|p1a: Scream Tail|Thunder Wave|p2a: Goodra
|-status|p2a: Goodra|par
|move|p2a: Goodra|Flash Cannon|p1a: Scream Tail
|-supereffective|p1a: Scream Tail
|-damage|p1a: Scream Tail|36/100
|
|upkeep
|turn|21
|
|t:|1757943248
|move|p2a: Goodra|Flash Cannon|p1a: Scream Tail
|-supereffective|p1a: Scream Tail
|-damage|p1a: Scream Tail|0 fnt
|faint|p1a: Scream Tail
|-end|p1a: Scream Tail|Protosynthesis|[silent]
|
|upkeep
|
|t:|1757943254
|switch|p1a: Pawmot|Pawmot, M|100/100
|-damage|p1a: Pawmot|88/100|[from] Spikes
|turn|22
|
|t:|1757943262
|switch|p2a: Great Tusk|Great Tusk|100/100
|move|p1a: Pawmot|Revival Blessing|p1a: Pawmot
|-enditem|p1a: Pawmot|Leppa Berry|[eat]
|-activate|p1a: Pawmot|item: Leppa Berry|Revival Blessing|[consumed]
|
|t:|1757943268
|-heal|p1: Greninja|50/100|[from] move: Revival Blessing
|
|upkeep
|turn|23
|
|t:|1757943277
|move|p1a: Pawmot|Revival Blessing|p1a: Pawmot
|
|t:|1757943281
|-heal|p1: Scream Tail|50/100|[from] move: Revival Blessing
|move|p2a: Great Tusk|Rapid Spin|p1a: Pawmot
|-damage|p1a: Pawmot|59/100
|-boost|p2a: Great Tusk|spe|1
|-sideend|p2: JohtoChimecho|Stealth Rock|[from] move: Rapid Spin|[of] p2a: Great Tusk
|
|upkeep
|turn|24
|
|t:|1757943290
|move|p1a: Pawmot|Mach Punch|p2a: Great Tusk
|-damage|p2a: Great Tusk|86/100
|move|p2a: Great Tusk|Headlong Rush|p1a: Pawmot
|-supereffective|p1a: Pawmot
|-damage|p1a: Pawmot|0 fnt
|-unboost|p2a: Great Tusk|def|1
|-unboost|p2a: Great Tusk|spd|1
|faint|p1a: Pawmot
|
|upkeep
|
|t:|1757943300
|switch|p1a: Greninja|Greninja, M|50/100
|-damage|p1a: Greninja|38/100|[from] Spikes
|turn|25
|
|t:|1757943314
|-terastallize|p2a: Great Tusk|Steel
|move|p1a: Greninja|Water Shuriken|p2a: Great Tusk
|-damage|p2a: Great Tusk|69/100
|-damage|p2a: Great Tusk|52/100
|-damage|p2a: Great Tusk|36/100
|-damage|p2a: Great Tusk|19/100
|-damage|p2a: Great Tusk|4/100
|-hitcount|p2a: Great Tusk|5
|move|p2a: Great Tusk|Headlong Rush|p1a: Greninja
|-damage|p1a: Greninja|0 fnt
|-unboost|p2a: Great Tusk|def|1
|-unboost|p2a: Great Tusk|spd|1
|faint|p1a: Greninja
|
|upkeep
|
|t:|1757943331
|switch|p1a: Skeledirge|Skeledirge, M|100/100
|turn|26
|
|t:|1757943339
|move|p2a: Great Tusk|Headlong Rush|p1a: Skeledirge
|-supereffective|p1a: Skeledirge
|-damage|p1a: Skeledirge|0 fnt
|-unboost|p2a: Great Tusk|def|1
|-unboost|p2a: Great Tusk|spd|1
|faint|p1a: Skeledirge
|
|upkeep
|
|t:|1757943346
|switch|p1a: Scream Tail|Scream Tail|50/100
|-damage|p1a: Scream Tail|38/100|[from] Spikes
|turn|27
|
|t:|1757943351
|move|p2a: Great Tusk|Headlong Rush|p1a: Scream Tail
|-damage|p1a: Scream Tail|0 fnt
|-unboost|p2a: Great Tusk|def|1
|-unboost|p2a: Great Tusk|spd|1
|faint|p1a: Scream Tail
|-end|p1a: Scream Tail|Protosynthesis|[silent]
|
|upkeep
|-message|Seemorebutts12 forfeited.
|
|win|JohtoChimecho
|raw|Seemorebutts12's rating: 1241 &rarr; <strong>1216</strong><br />(-25 for losing)
|raw|JohtoChimecho's rating: 1242 &rarr; <strong>1267</strong><br />(+25 for winning)
|l|☆Seemorebutts12
|player|p1|
|l|☆JohtoChimecho
|player|p2|
