|j|☆swaguhpult
|j|☆Obito 2001
|t:|1757929082
|gametype|singles
|player|p1|swaguhpult|shadowtriad|1496
|player|p2|Obito 2001|blue-gen3two|1509
|gen|9
|tier|[Gen 9] OU
|rated|
|rule|HP Percentage Mod: HP is shown in percentages
|rule|Endless Battle Clause: Forcing endless battles is banned
|rule|Species Clause: Limit one of each Pokémon
|rule|OHKO Clause: OHKO moves are banned
|rule|Evasion Items Clause: Evasion items are banned
|rule|Evasion Moves Clause: Evasion moves are banned
|rule|Evasion Abilities Clause: Evasion abilities are banned
|rule|Sleep Moves Clause: Sleep-inducing moves are banned
|clearpoke
|poke|p1|Garganacl, M|
|poke|p1|Landorus-Therian, M|
|poke|p1|Weezing-Galar, M|
|poke|p1|Corviknight, F|
|poke|p1|Hoopa-Unbound|
|poke|p1|Iron Valiant|
|poke|p2|Masquerain, F|
|poke|p2|Gliscor, F|
|poke|p2|Great Tusk|
|poke|p2|Alomomola, F|
|poke|p2|Gholdengo|
|poke|p2|Sinistcha-Masterpiece|
|teampreview
|inactive|Battle timer is ON: inactive players will automatically lose when time's up. (requested by Obito 2001)
|
|t:|1757929089
|teamsize|p1|6
|teamsize|p2|6
|start
|switch|p1a: Calamity|Iron Valiant, shiny|100/100
|switch|p2a: Real G|Masquerain, F|100/100
|-ability|p2a: Real G|Intimidate|boost
|-unboost|p1a: Calamity|atk|1
|turn|1
|
|t:|1757929096
|move|p1a: Calamity|Moonblast|p2a: Real G
|-enditem|p2a: Real G|Focus Sash
|-damage|p2a: Real G|1/100
|move|p2a: Real G|Stun Spore|p1a: Calamity
|-status|p1a: Calamity|par
|
|upkeep
|turn|2
|j| electrode user
|
|t:|1757929108
|move|p2a: Real G|Sticky Web|p1a: Calamity
|-sidestart|p1: swaguhpult|move: Sticky Web
|move|p1a: Calamity|Moonblast|p2a: Real G
|-damage|p2a: Real G|0 fnt
|faint|p2a: Real G
|
|upkeep
|
|t:|1757929113
|switch|p2a: Hi stallers|Gholdengo|100/100
|turn|3
|
|t:|1757929122
|-end|p1a: Calamity|Quark Drive|[silent]
|switch|p1a: Khaos|Hoopa-Unbound|100/100
|-activate|p1a: Khaos|move: Sticky Web
|-unboost|p1a: Khaos|spe|1
|move|p2a: Hi stallers|Dazzling Gleam|p1a: Khaos
|-supereffective|p1a: Khaos
|-crit|p1a: Khaos
|-damage|p1a: Khaos|36/100
|
|upkeep
|turn|4
|
|t:|1757929142
|switch|p2a: Mega Donphan|Great Tusk|100/100
|switch|p1a: Yami|Corviknight, F, shiny|100/100
|-ability|p1a: Yami|Pressure
|
|upkeep
|turn|5
|
|t:|1757929149
|-end|p2a: Mega Donphan|Protosynthesis|[silent]
|switch|p2a: Hi stallers|Gholdengo|100/100
|move|p1a: Yami|U-turn|p2a: Hi stallers
|-resisted|p2a: Hi stallers
|-damage|p2a: Hi stallers|97/100
|
|t:|1757929153
|switch|p1a: Enten|Landorus-Therian, M, shiny|100/100|[from] U-turn
|-ability|p1a: Enten|Intimidate|boost
|-unboost|p2a: Hi stallers|atk|1
|
|upkeep
|turn|6
|
|t:|1757929159
|switch|p2a: Ban me I'm uber|Gliscor, F|100/100
|move|p1a: Enten|U-turn|p2a: Ban me I'm uber
|-resisted|p2a: Ban me I'm uber
|-damage|p2a: Ban me I'm uber|89/100
|
|t:|1757929167
|switch|p1a: Sentinel|Weezing-Galar, M, shiny|100/100|[from] U-turn
|-ability|p1a: Sentinel|Neutralizing Gas
|
|-status|p2a: Ban me I'm uber|tox|[from] item: Toxic Orb
|upkeep
|turn|7
|
|t:|1757929174
|switch|p2a: Hi stallers|Gholdengo|97/100
|move|p1a: Sentinel|Defog|p2a: Hi stallers
|-unboost|p2a: Hi stallers|evasion|1
|-sideend|p1: swaguhpult|Sticky Web|[from] move: Defog|[of] p1a: Sentinel
|
|upkeep
|turn|8
|
|t:|1757929179
|-end|p1a: Sentinel|ability: Neutralizing Gas
|switch|p1a: Yami|Corviknight, F, shiny|100/100
|-ability|p1a: Yami|Pressure
|move|p2a: Hi stallers|Shadow Ball|p1a: Yami
|-damage|p1a: Yami|51/100
|
|upkeep
|turn|9
|
|t:|1757929199
|switch|p2a: Mega Donphan|Great Tusk|100/100
|switch|p1a: Temple|Garganacl, M, shiny|100/100
|
|upkeep
|turn|10
|
|t:|1757929210
|-terastallize|p1a: Temple|Water
|move|p2a: Mega Donphan|Stealth Rock|p1a: Temple
|-sidestart|p1: swaguhpult|move: Stealth Rock
|move|p1a: Temple|Salt Cure|p2a: Mega Donphan
|-resisted|p2a: Mega Donphan
|-damage|p2a: Mega Donphan|98/100
|-start|p2a: Mega Donphan|Salt Cure
|
|-damage|p2a: Mega Donphan|86/100|[from] Salt Cure
|upkeep
|turn|11
|
|t:|1757929214
|-end|p2a: Mega Donphan|Protosynthesis|[silent]
|switch|p2a: Ban me I'm uber|Gliscor, F|89/100 tox
|move|p1a: Temple|Salt Cure|p2a: Ban me I'm uber
|-damage|p2a: Ban me I'm uber|75/100 tox
|-start|p2a: Ban me I'm uber|Salt Cure
|
|-heal|p2a: Ban me I'm uber|87/100 tox|[from] ability: Poison Heal
|-damage|p2a: Ban me I'm uber|75/100 tox|[from] Salt Cure
|upkeep
|turn|12
|
|t:|1757929229
|switch|p2a: Hi stallers|Gholdengo|97/100
|move|p1a: Temple|Stealth Rock|p2a: Hi stallers
|-sidestart|p2: Obito 2001|move: Stealth Rock
|
|upkeep
|turn|13
|
|t:|1757929231
|move|p1a: Temple|Protect|p1a: Temple
|-singleturn|p1a: Temple|Protect
|move|p2a: Hi stallers|Trick|p1a: Temple
|-activate|p1a: Temple|move: Protect
|
|upkeep
|turn|14
|
|t:|1757929252
|switch|p2a: Ban me I'm uber|Gliscor, F|75/100 tox
|-damage|p2a: Ban me I'm uber|63/100 tox|[from] Stealth Rock
|switch|p1a: Calamity|Iron Valiant, shiny|100/100 par
|-damage|p1a: Calamity|94/100 par|[from] Stealth Rock
|
|-heal|p2a: Ban me I'm uber|75/100 tox|[from] ability: Poison Heal
|upkeep
|turn|15
|
|t:|1757929256
|switch|p2a: Momo Hirai|Alomomola, F|100/100
|-damage|p2a: Momo Hirai|88/100|[from] Stealth Rock
|move|p1a: Calamity|Moonblast|p2a: Momo Hirai
|-damage|p2a: Momo Hirai|26/100
|-unboost|p2a: Momo Hirai|spa|1
|-enditem|p2a: Momo Hirai|Red Card|[of] p1a: Calamity
|-end|p1a: Calamity|Quark Drive|[silent]
|drag|p1a: Yami|Corviknight, F, shiny|51/100
|-damage|p1a: Yami|39/100|[from] Stealth Rock
|-ability|p1a: Yami|Pressure
|
|upkeep
|turn|16
|
|t:|1757929262
|move|p1a: Yami|Roost|p1a: Yami
|-heal|p1a: Yami|89/100
|-singleturn|p1a: Yami|move: Roost
|move|p2a: Momo Hirai|Wish|p2a: Momo Hirai
|
|upkeep
|turn|17
|
|t:|1757929273
|switch|p1a: Khaos|Hoopa-Unbound|36/100
|-damage|p1a: Khaos|23/100|[from] Stealth Rock
|switch|p2a: Hi stallers|Gholdengo|97/100
|-damage|p2a: Hi stallers|91/100|[from] Stealth Rock
|
|-heal|p2a: Hi stallers|100/100|[from] move: Wish|[wisher] Momo Hirai
|upkeep
|turn|18
|
|t:|1757929283
|switch|p1a: Yami|Corviknight, F, shiny|89/100
|-damage|p1a: Yami|76/100|[from] Stealth Rock
|-ability|p1a: Yami|Pressure
|move|p2a: Hi stallers|Dazzling Gleam|p1a: Yami
|-resisted|p1a: Yami
|-damage|p1a: Yami|59/100
|
|upkeep
|turn|19
|
|t:|1757929295
|switch|p2a: Ban me I'm uber|Gliscor, F|75/100 tox
|-damage|p2a: Ban me I'm uber|63/100 tox|[from] Stealth Rock
|move|p1a: Yami|U-turn|p2a: Ban me I'm uber
|-resisted|p2a: Ban me I'm uber
|-damage|p2a: Ban me I'm uber|56/100 tox
|
|t:|1757929305
|switch|p1a: Calamity|Iron Valiant, shiny|94/100 par|[from] U-turn
|-damage|p1a: Calamity|88/100 par|[from] Stealth Rock
|
|-heal|p2a: Ban me I'm uber|69/100 tox|[from] ability: Poison Heal
|upkeep
|turn|20
|
|t:|1757929313
|switch|p2a: Hi stallers|Gholdengo|100/100
|-damage|p2a: Hi stallers|94/100|[from] Stealth Rock
|move|p1a: Calamity|Moonblast|p2a: Hi stallers
|-resisted|p2a: Hi stallers
|-damage|p2a: Hi stallers|51/100
|
|upkeep
|turn|21
|
|t:|1757929326
|-end|p1a: Calamity|Quark Drive|[silent]
|switch|p1a: Temple|Garganacl, M, shiny, tera:Water|100/100
|-damage|p1a: Temple|88/100|[from] Stealth Rock
|move|p2a: Hi stallers|Dazzling Gleam|p1a: Temple
|-damage|p1a: Temple|53/100
|
|-heal|p1a: Temple|59/100|[from] item: Leftovers
|upkeep
|turn|22
|
|t:|1757929331
|-terastallize|p2a: Hi stallers|Fairy
|move|p2a: Hi stallers|Dazzling Gleam|p1a: Temple
|-damage|p1a: Temple|6/100
|move|p1a: Temple|Salt Cure|p2a: Hi stallers
|-damage|p2a: Hi stallers|34/100
|-start|p2a: Hi stallers|Salt Cure
|
|-heal|p1a: Temple|12/100|[from] item: Leftovers
|-damage|p2a: Hi stallers|21/100|[from] Salt Cure
|upkeep
|turn|23
|
|t:|1757929335
|move|p1a: Temple|Protect|p1a: Temple
|-singleturn|p1a: Temple|Protect
|move|p2a: Hi stallers|Dazzling Gleam|p1a: Temple
|-activate|p1a: Temple|move: Protect
|
|-heal|p1a: Temple|18/100|[from] item: Leftovers
|-damage|p2a: Hi stallers|9/100|[from] Salt Cure
|upkeep
|turn|24
|
|t:|1757929343
|move|p2a: Hi stallers|Dazzling Gleam|p1a: Temple
|-damage|p1a: Temple|0 fnt
|faint|p1a: Temple
|
|-damage|p2a: Hi stallers|0 fnt|[from] Salt Cure
|faint|p2a: Hi stallers
|upkeep
|
|t:|1757929353
|switch|p2a: Mega Donphan|Great Tusk|86/100
|switch|p1a: Calamity|Iron Valiant, shiny|88/100 par
|-damage|p1a: Calamity|82/100 par|[from] Stealth Rock
|turn|25
|
|t:|1757929356
|move|p2a: Mega Donphan|Rapid Spin|p1a: Calamity
|-damage|p1a: Calamity|59/100 par
|-boost|p2a: Mega Donphan|spe|1
|-sideend|p2: Obito 2001|Stealth Rock|[from] move: Rapid Spin|[of] p2a: Mega Donphan
|move|p1a: Calamity|Moonblast|p2a: Mega Donphan
|-supereffective|p2a: Mega Donphan
|-damage|p2a: Mega Donphan|0 fnt
|faint|p2a: Mega Donphan
|-end|p2a: Mega Donphan|Protosynthesis|[silent]
|
|upkeep
|
|t:|1757929363
|switch|p2a: Ban me I'm uber|Gliscor, F|69/100 tox
|turn|26
|
|t:|1757929367
|move|p2a: Ban me I'm uber|Acrobatics|p1a: Calamity
|-supereffective|p1a: Calamity
|-damage|p1a: Calamity|0 fnt
|faint|p1a: Calamity
|-end|p1a: Calamity|Quark Drive|[silent]
|
|-heal|p2a: Ban me I'm uber|81/100 tox|[from] ability: Poison Heal
|upkeep
|
|t:|1757929375
|switch|p1a: Yami|Corviknight, F, shiny|59/100
|-damage|p1a: Yami|47/100|[from] Stealth Rock
|-ability|p1a: Yami|Pressure
|turn|27
|
|t:|1757929383
|move|p2a: Ban me I'm uber|Swords Dance|p2a: Ban me I'm uber
|-boost|p2a: Ban me I'm uber|atk|2
|move|p1a: Yami|Roost|p1a: Yami
|-heal|p1a: Yami|97/100
|-singleturn|p1a: Yami|move: Roost
|
|-heal|p2a: Ban me I'm uber|93/100 tox|[from] ability: Poison Heal
|upkeep
|turn|28
|
|t:|1757929385
|move|p2a: Ban me I'm uber|Swords Dance|p2a: Ban me I'm uber
|-boost|p2a: Ban me I'm uber|atk|2
|move|p1a: Yami|Bulk Up|p1a: Yami
|-boost|p1a: Yami|atk|1
|-boost|p1a: Yami|def|1
|
|-heal|p2a: Ban me I'm uber|100/100 tox|[from] ability: Poison Heal
|upkeep
|turn|29
|
|t:|1757929393
|switch|p2a: Momo Hirai|Alomomola, F|60/100
|move|p1a: Yami|Bulk Up|p1a: Yami
|-boost|p1a: Yami|atk|1
|-boost|p1a: Yami|def|1
|
|upkeep
|turn|30
|
|t:|1757929395
|move|p1a: Yami|Bulk Up|p1a: Yami
|-boost|p1a: Yami|atk|1
|-boost|p1a: Yami|def|1
|move|p2a: Momo Hirai|Flip Turn|p1a: Yami
|-damage|p1a: Yami|91/100
|
|t:|1757929397
|switch|p2a: Masterpiece|Sinistcha-Masterpiece|100/100|[from] Flip Turn
|
|upkeep
|turn|31
|
|t:|1757929403
|move|p2a: Masterpiece|Calm Mind|p2a: Masterpiece
|-boost|p2a: Masterpiece|spa|1
|-boost|p2a: Masterpiece|spd|1
|move|p1a: Yami|Brave Bird|p2a: Masterpiece
|-supereffective|p2a: Masterpiece
|-damage|p2a: Masterpiece|0 fnt
|faint|p2a: Masterpiece
|-damage|p1a: Yami|63/100|[from] Recoil
|
|upkeep
|-message|Obito 2001 forfeited.
|
|win|swaguhpult
|raw|swaguhpult's rating: 1496 &rarr; <strong>1517</strong><br />(+21 for winning)
|raw|Obito 2001's rating: 1509 &rarr; <strong>1488</strong><br />(-21 for losing)
|l|☆Obito 2001
|player|p2|
|l|☆swaguhpult
|player|p1|
|l| electrode user
