|j|☆evin
|j|☆fallen_gengar0
|t:|1757868044
|gametype|singles
|player|p1|evin|2|1563
|player|p2|fallen_gengar0|hiker|1603
|gen|9
|tier|[Gen 9] OU
|rated|
|rule|HP Percentage Mod: HP is shown in percentages
|rule|Endless Battle Clause: Forcing endless battles is banned
|rule|Species Clause: Limit one of each Pokémon
|rule|OHKO Clause: OHKO moves are banned
|rule|Evasion Items Clause: Evasion items are banned
|rule|Evasion Moves Clause: Evasion moves are banned
|rule|Evasion Abilities Clause: Evasion abilities are banned
|rule|Sleep Moves Clause: Sleep-inducing moves are banned
|clearpoke
|poke|p1|Ursaluna, F|
|poke|p1|Garchomp, M|
|poke|p1|Porygon-Z|
|poke|p1|Avalugg, F|
|poke|p1|Lucario, F|
|poke|p1|Iron Valiant|
|poke|p2|Mesprit|
|poke|p2|Hatterene, F|
|poke|p2|Kingambit, M|
|poke|p2|Ursaluna, F|
|poke|p2|Iron Hands|
|poke|p2|Hoopa-Unbound|
|teampreview
|
|t:|1757868060
|teamsize|p1|6
|teamsize|p2|6
|start
|switch|p1a: Garchomp|Garchomp, M|100/100
|switch|p2a: Iron Hands|Iron Hands|100/100
|-enditem|p2a: Iron Hands|Booster Energy
|-activate|p2a: Iron Hands|ability: Quark Drive|[fromitem]
|-start|p2a: Iron Hands|quarkdriveatk
|turn|1
|inactive|Battle timer is ON: inactive players will automatically lose when time's up. (requested by fallen_gengar0)
|
|t:|1757868066
|move|p1a: Garchomp|Earthquake|p2a: Iron Hands
|-supereffective|p2a: Iron Hands
|-damage|p2a: Iron Hands|15/100
|-damage|p1a: Garchomp|91/100|[from] item: Life Orb
|move|p2a: Iron Hands|Ice Punch|p1a: Garchomp
|-supereffective|p1a: Garchomp
|-damage|p1a: Garchomp|0 fnt
|-damage|p2a: Iron Hands|2/100|[from] ability: Rough Skin|[of] p1a: Garchomp
|faint|p1a: Garchomp
|
|upkeep
|
|t:|1757868077
|switch|p1a: Lucario|Lucario, F|100/100
|turn|2
|j| Rakshards
|inactive|fallen_gengar0 has 120 seconds left.
|inactive|fallen_gengar0 has 90 seconds left.
|
|t:|1757868161
|-end|p2a: Iron Hands|Quark Drive|[silent]
|switch|p2a: Hatterene|Hatterene, F|100/100
|move|p1a: Lucario|Flash Cannon|p2a: Hatterene
|-supereffective|p2a: Hatterene
|-crit|p2a: Hatterene
|-damage|p2a: Hatterene|0 fnt
|faint|p2a: Hatterene
|-damage|p1a: Lucario|91/100|[from] item: Life Orb
|
|upkeep
|
|t:|1757868175
|switch|p2a: Hoopa|Hoopa-Unbound|100/100
|turn|3
|
|t:|1757868184
|switch|p1a: Ursaluna|Ursaluna, F|100/100
|move|p2a: Hoopa|Trick Room|p2a: Hoopa
|-fieldstart|move: Trick Room|[of] p2a: Hoopa
|
|upkeep
|turn|4
|
|t:|1757868193
|switch|p2a: Ursaluna|Ursaluna, F|100/100
|move|p1a: Ursaluna|Earthquake|p2a: Ursaluna
|-damage|p2a: Ursaluna|71/100
|
|-status|p2a: Ursaluna|brn|[from] item: Flame Orb
|upkeep
|turn|5
|
|t:|1757868200
|move|p2a: Ursaluna|Facade|p1a: Ursaluna
|-damage|p1a: Ursaluna|5/100
|move|p1a: Ursaluna|Earthquake|p2a: Ursaluna
|-damage|p2a: Ursaluna|41/100 brn
|
|-heal|p1a: Ursaluna|11/100|[from] item: Leftovers
|-damage|p2a: Ursaluna|35/100 brn|[from] brn
|upkeep
|turn|6
|inactive|fallen_gengar0 has 90 seconds left.
|
|t:|1757868210
|move|p2a: Ursaluna|Headlong Rush|p1a: Ursaluna
|-damage|p1a: Ursaluna|0 fnt
|-unboost|p2a: Ursaluna|def|1
|-unboost|p2a: Ursaluna|spd|1
|faint|p1a: Ursaluna
|
|-damage|p2a: Ursaluna|29/100 brn|[from] brn
|upkeep
|
|t:|1757868214
|switch|p1a: Lucario|Lucario, F|91/100
|turn|7
|
|t:|1757868220
|switch|p1a: Avalugg|Avalugg, F|100/100
|-terastallize|p2a: Ursaluna|Ghost
|move|p2a: Ursaluna|Fire Punch|p1a: Avalugg
|-supereffective|p1a: Avalugg
|-damage|p1a: Avalugg|51/100
|
|-damage|p2a: Ursaluna|22/100 brn|[from] brn
|-fieldend|move: Trick Room
|upkeep
|turn|8
|
|t:|1757868234
|switch|p2a: Kingambit|Kingambit, M|100/100
|-activate|p2a: Kingambit|ability: Supreme Overlord
|-start|p2a: Kingambit|fallen1|[silent]
|switch|p1a: Lucario|Lucario, F|91/100
|
|upkeep
|turn|9
|
|t:|1757868246
|-end|p2a: Kingambit|fallen1|[silent]
|switch|p2a: Mesprit|Mesprit|100/100
|move|p1a: Lucario|Nasty Plot|p1a: Lucario
|-boost|p1a: Lucario|spa|2
|
|upkeep
|turn|10
|
|t:|1757868251
|move|p1a: Lucario|Dark Pulse|p2a: Mesprit
|-supereffective|p2a: Mesprit
|-crit|p2a: Mesprit
|-enditem|p2a: Mesprit|Colbur Berry|[eat]
|-enditem|p2a: Mesprit|Colbur Berry|[weaken]
|-damage|p2a: Mesprit|34/100
|-damage|p1a: Lucario|81/100|[from] item: Life Orb
|move|p2a: Mesprit|Trick Room|p2a: Mesprit
|-fieldstart|move: Trick Room|[of] p2a: Mesprit
|
|upkeep
|turn|11
|
|t:|1757868263
|move|p2a: Mesprit|Healing Wish|p2a: Mesprit
|faint|p2a: Mesprit
|move|p1a: Lucario|Dark Pulse|p2: Mesprit|[notarget]
|-fail|p1a: Lucario
|
|upkeep
|
|t:|1757868270
|switch|p2a: Ursaluna|Ursaluna, F, tera:Ghost|22/100 brn
|-heal|p2a: Ursaluna|100/100|[from] move: Healing Wish
|turn|12
|
|t:|1757868278
|move|p2a: Ursaluna|Headlong Rush|p1a: Lucario
|-supereffective|p1a: Lucario
|-damage|p1a: Lucario|0 fnt
|-unboost|p2a: Ursaluna|def|1
|-unboost|p2a: Ursaluna|spd|1
|faint|p1a: Lucario
|
|-status|p2a: Ursaluna|brn|[from] item: Flame Orb
|upkeep
|
|t:|1757868282
|switch|p1a: Avalugg|Avalugg, F|51/100
|turn|13
|inactive|evin has 120 seconds left.
|
|t:|1757868322
|move|p1a: Avalugg|Icicle Crash|p2a: Ursaluna|[miss]
|-miss|p1a: Avalugg|p2a: Ursaluna
|move|p2a: Ursaluna|Facade|p1a: Avalugg
|-damage|p1a: Avalugg|0 fnt
|faint|p1a: Avalugg
|
|-damage|p2a: Ursaluna|94/100 brn|[from] brn
|upkeep
|
|t:|1757868331
|switch|p1a: Iron Valiant|Iron Valiant|100/100
|-enditem|p1a: Iron Valiant|Booster Energy
|-activate|p1a: Iron Valiant|ability: Quark Drive|[fromitem]
|-start|p1a: Iron Valiant|quarkdrivespe
|turn|14
|
|t:|1757868345
|-terastallize|p1a: Iron Valiant|Ghost
|move|p2a: Ursaluna|Headlong Rush|p1a: Iron Valiant
|-damage|p1a: Iron Valiant|0 fnt
|-unboost|p2a: Ursaluna|def|1
|-unboost|p2a: Ursaluna|spd|1
|faint|p1a: Iron Valiant
|-end|p1a: Iron Valiant|Quark Drive|[silent]
|
|-damage|p2a: Ursaluna|88/100 brn|[from] brn
|-fieldend|move: Trick Room
|upkeep
|
|t:|1757868350
|switch|p1a: Porygon-Z|Porygon-Z|100/100
|turn|15
|
|t:|1757868355
|move|p1a: Porygon-Z|Shadow Ball|p2a: Ursaluna
|-supereffective|p2a: Ursaluna
|-damage|p2a: Ursaluna|0 fnt
|faint|p2a: Ursaluna
|
|upkeep
|
|t:|1757868359
|switch|p2a: Hoopa|Hoopa-Unbound|100/100
|turn|16
|-message|evin forfeited.
|
|win|fallen_gengar0
|raw|evin's rating: 1563 &rarr; <strong>1545</strong><br />(-18 for losing)
|raw|fallen_gengar0's rating: 1603 &rarr; <strong>1621</strong><br />(+18 for winning)
|l|☆evin
|player|p1|
|l|☆fallen_gengar0
|player|p2|
|l| Rakshards
