|j|☆chongtong
|j|☆henryallain
|t:|1757823139
|gametype|singles
|player|p1|chongtong|170|1333
|player|p2|henryallain|265|1290
|gen|9
|tier|[Gen 9] OU
|rated|
|rule|HP Percentage Mod: HP is shown in percentages
|rule|Endless Battle Clause: Forcing endless battles is banned
|rule|Species Clause: Limit one of each Pokémon
|rule|OHKO Clause: OHKO moves are banned
|rule|Evasion Items Clause: Evasion items are banned
|rule|Evasion Moves Clause: Evasion moves are banned
|rule|Evasion Abilities Clause: Evasion abilities are banned
|rule|Sleep Moves Clause: Sleep-inducing moves are banned
|clearpoke
|poke|p1|Dragonite, M|
|poke|p1|Garchomp, M|
|poke|p1|Excadrill, M|
|poke|p1|Latios, M|
|poke|p1|Tyranitar, M|
|poke|p1|Salamence, F|
|poke|p2|Dachsbun, M|
|poke|p2|Corviknight, F|
|poke|p2|Umbreon, F|
|poke|p2|Ribombee, F|
|poke|p2|Hoopa-Unbound|
|poke|p2|Arcanine-Hisui, F|
|teampreview
|
|t:|1757823152
|teamsize|p1|6
|teamsize|p2|6
|start
|switch|p1a: Tyranitar|Tyranitar, M, shiny|100/100
|switch|p2a: Ribombee|Ribombee, F|100/100
|-weather|Sandstorm|[from] ability: Sand Stream|[of] p1a: Tyranitar
|turn|1
|
|t:|1757823160
|move|p2a: Ribombee|Sticky Web|p1a: Tyranitar
|-sidestart|p1: chongtong|move: Sticky Web
|move|p1a: Tyranitar|Earthquake|p2a: Ribombee
|-resisted|p2a: Ribombee
|-damage|p2a: Ribombee|46/100
|
|-weather|Sandstorm|[upkeep]
|-damage|p2a: Ribombee|40/100|[from] Sandstorm
|upkeep
|turn|2
|
|t:|1757823165
|move|p2a: Ribombee|Moonblast|p1a: Tyranitar
|-supereffective|p1a: Tyranitar
|-damage|p1a: Tyranitar|49/100
|-unboost|p1a: Tyranitar|spa|1
|move|p1a: Tyranitar|Earthquake|p2a: Ribombee
|-resisted|p2a: Ribombee
|-damage|p2a: Ribombee|0 fnt
|faint|p2a: Ribombee
|
|-weather|Sandstorm|[upkeep]
|upkeep
|
|t:|1757823173
|switch|p2a: Corviknight|Corviknight, F|100/100
|turn|3
|
|t:|1757823177
|switch|p1a: Dragonite|Dragonite, M|100/100
|move|p2a: Corviknight|Body Press|p1a: Dragonite
|-resisted|p1a: Dragonite
|-damage|p1a: Dragonite|97/100
|-damage|p2a: Corviknight|84/100|[from] item: Rocky Helmet|[of] p1a: Dragonite
|
|-weather|Sandstorm|[upkeep]
|-damage|p1a: Dragonite|91/100|[from] Sandstorm
|-heal|p2a: Corviknight|90/100|[from] item: Leftovers
|upkeep
|turn|4
|
|t:|1757823180
|move|p1a: Dragonite|Thunder Wave|p2a: Corviknight
|-status|p2a: Corviknight|par
|move|p2a: Corviknight|Iron Defense|p2a: Corviknight
|-boost|p2a: Corviknight|def|2
|
|-weather|Sandstorm|[upkeep]
|-damage|p1a: Dragonite|84/100|[from] Sandstorm
|-heal|p2a: Corviknight|96/100 par|[from] item: Leftovers
|upkeep
|turn|5
|
|t:|1757823184
|move|p1a: Dragonite|Roost|p1a: Dragonite
|-heal|p1a: Dragonite|100/100
|-singleturn|p1a: Dragonite|move: Roost
|move|p2a: Corviknight|Body Press|p1a: Dragonite
|-damage|p1a: Dragonite|87/100
|-damage|p2a: Corviknight|80/100 par|[from] item: Rocky Helmet|[of] p1a: Dragonite
|
|-weather|none
|-heal|p2a: Corviknight|86/100 par|[from] item: Leftovers
|upkeep
|turn|6
|
|t:|1757823191
|move|p1a: Dragonite|Fire Spin|p2a: Corviknight
|-supereffective|p2a: Corviknight
|-damage|p2a: Corviknight|75/100 par
|-activate|p2a: Corviknight|move: Fire Spin|[of] p1a: Dragonite
|move|p2a: Corviknight|Body Press|p1a: Dragonite
|-resisted|p1a: Dragonite
|-damage|p1a: Dragonite|73/100
|-damage|p2a: Corviknight|58/100 par|[from] item: Rocky Helmet|[of] p1a: Dragonite
|
|-heal|p2a: Corviknight|64/100 par|[from] item: Leftovers
|-damage|p2a: Corviknight|52/100 par|[from] move: Fire Spin|[partiallytrapped]
|upkeep
|turn|7
|
|t:|1757823197
|move|p1a: Dragonite|Roost|p1a: Dragonite
|-heal|p1a: Dragonite|100/100
|-singleturn|p1a: Dragonite|move: Roost
|cant|p2a: Corviknight|par
|
|-heal|p2a: Corviknight|58/100 par|[from] item: Leftovers
|-damage|p2a: Corviknight|46/100 par|[from] move: Fire Spin|[partiallytrapped]
|upkeep
|turn|8
|
|t:|1757823199
|move|p1a: Dragonite|Fire Spin|p2a: Corviknight
|-supereffective|p2a: Corviknight
|-damage|p2a: Corviknight|34/100 par
|move|p2a: Corviknight|Roost|p2a: Corviknight
|-heal|p2a: Corviknight|84/100 par
|-singleturn|p2a: Corviknight|move: Roost
|
|-heal|p2a: Corviknight|90/100 par|[from] item: Leftovers
|-damage|p2a: Corviknight|77/100 par|[from] move: Fire Spin|[partiallytrapped]
|upkeep
|turn|9
|
|t:|1757823203
|switch|p1a: Salamence|Salamence, F|100/100
|move|p2a: Corviknight|Roost|p2a: Corviknight
|-heal|p2a: Corviknight|100/100 par
|-singleturn|p2a: Corviknight|move: Roost
|
|-end|p2a: Corviknight|Fire Spin|[partiallytrapped]|[silent]
|upkeep
|turn|10
|
|t:|1757823208
|move|p1a: Salamence|Fire Blast|p2a: Corviknight
|-supereffective|p2a: Corviknight
|-damage|p2a: Corviknight|38/100 par
|-damage|p1a: Salamence|91/100|[from] item: Life Orb
|move|p2a: Corviknight|Iron Defense|p2a: Corviknight
|-boost|p2a: Corviknight|def|2
|
|-heal|p2a: Corviknight|44/100 par|[from] item: Leftovers
|upkeep
|turn|11
|
|t:|1757823213
|switch|p2a: Arcanine|Arcanine-Hisui, F|100/100
|move|p1a: Salamence|Fire Blast|p2a: Arcanine
|-resisted|p2a: Arcanine
|-damage|p2a: Arcanine|88/100
|-damage|p1a: Salamence|81/100|[from] item: Life Orb
|
|upkeep
|turn|12
|
|t:|1757823218
|move|p2a: Arcanine|Close Combat|p1a: Salamence
|-resisted|p1a: Salamence
|-damage|p1a: Salamence|52/100
|-unboost|p2a: Arcanine|def|1
|-unboost|p2a: Arcanine|spd|1
|move|p1a: Salamence|Hydro Pump|p2a: Arcanine|[miss]
|-miss|p1a: Salamence|p2a: Arcanine
|
|upkeep
|turn|13
|
|t:|1757823226
|move|p2a: Arcanine|Close Combat|p1a: Salamence
|-resisted|p1a: Salamence
|-damage|p1a: Salamence|28/100
|-unboost|p2a: Arcanine|def|1
|-unboost|p2a: Arcanine|spd|1
|move|p1a: Salamence|Hydro Pump|p2a: Arcanine
|-supereffective|p2a: Arcanine
|-damage|p2a: Arcanine|0 fnt
|faint|p2a: Arcanine
|-ability|p1a: Salamence|Moxie|boost
|-boost|p1a: Salamence|atk|1
|-damage|p1a: Salamence|18/100|[from] item: Life Orb
|
|upkeep
|
|t:|1757823234
|switch|p2a: Umbreon|Umbreon, F|100/100
|turn|14
|
|t:|1757823238
|move|p1a: Salamence|Dual Wingbeat|p2a: Umbreon
|-damage|p2a: Umbreon|73/100
|-damage|p2a: Umbreon|42/100
|-hitcount|p2a: Umbreon|2
|-damage|p1a: Salamence|8/100|[from] item: Life Orb
|move|p2a: Umbreon|Foul Play|p1a: Salamence
|-damage|p1a: Salamence|0 fnt
|faint|p1a: Salamence
|
|-heal|p2a: Umbreon|48/100|[from] item: Leftovers
|upkeep
|-message|henryallain forfeited.
|
|win|chongtong
|raw|chongtong's rating: 1333 &rarr; <strong>1351</strong><br />(+18 for winning)
|raw|henryallain's rating: 1290 &rarr; <strong>1268</strong><br />(-22 for losing)
|l|☆henryallain
|player|p2|
