|badge|p1|silver|gen9ru|30-6
|uhtml|medal-msg|<div class="broadcast-blue">Curious what those medals under the avatar are? PS now has Ladder Seasons! For more information, check out the <a href="https://www.smogon.com/forums/threads/3740067/">thread on Smogon.</a></div>
|j|☆somepepper
|j|☆The_hond
|t:|1757898460
|gametype|singles
|player|p1|somepepper|scientist|1242
|player|p2|The_hond|170|1185
|gen|9
|tier|[Gen 9] OU
|rated|
|rule|HP Percentage Mod: HP is shown in percentages
|rule|Endless Battle Clause: Forcing endless battles is banned
|rule|Species Clause: Limit one of each Pokémon
|rule|OHKO Clause: OHKO moves are banned
|rule|Evasion Items Clause: Evasion items are banned
|rule|Evasion Moves Clause: Evasion moves are banned
|rule|Evasion Abilities Clause: Evasion abilities are banned
|rule|Sleep Moves Clause: Sleep-inducing moves are banned
|clearpoke
|poke|p1|Gardevoir, F|
|poke|p1|Greninja-*, M|
|poke|p1|Blaziken, M|
|poke|p1|Shiftry, M|
|poke|p1|Banette, M|
|poke|p1|Bisharp, M|
|poke|p2|Polteageist|
|poke|p2|Indeedee, M|
|poke|p2|Armarouge, F|
|poke|p2|Great Tusk|
|poke|p2|Hatterene, F|
|poke|p2|Kingambit, F|
|teampreview
|
|t:|1757898489
|teamsize|p1|6
|teamsize|p2|6
|start
|switch|p1a: Shane|Greninja, M|100/100
|switch|p2a: Indeedee|Indeedee, M|100/100
|-fieldstart|move: Psychic Terrain|[from] ability: Psychic Surge|[of] p2a: Indeedee
|turn|1
|
|t:|1757898496
|switch|p2a: Great Tusk|Great Tusk|100/100
|move|p1a: Shane|U-turn|p2a: Great Tusk
|-start|p1a: Shane|typechange|Bug|[from] ability: Protean
|-resisted|p2a: Great Tusk
|-damage|p2a: Great Tusk|92/100
|-enditem|p2a: Great Tusk|Eject Button
|
|t:|1757898499
|-end|p2a: Great Tusk|Protosynthesis|[silent]
|switch|p2a: Polteageist|Polteageist, shiny|100/100
|
|upkeep
|turn|2
|
|t:|1757898510
|move|p1a: Shane|U-turn|p2a: Polteageist
|-resisted|p2a: Polteageist
|-damage|p2a: Polteageist|79/100
|-ability|p2a: Polteageist|Weak Armor|boost
|-unboost|p2a: Polteageist|def|1
|-boost|p2a: Polteageist|spe|2
|
|t:|1757898517
|switch|p1a: Victor|Banette, M|100/100|[from] U-turn
|-item|p2a: Polteageist|Focus Sash|[from] ability: Frisk|[of] p1a: Victor
|move|p2a: Polteageist|Shell Smash|p2a: Polteageist
|-unboost|p2a: Polteageist|def|1
|-unboost|p2a: Polteageist|spd|1
|-boost|p2a: Polteageist|atk|2
|-boost|p2a: Polteageist|spa|2
|-boost|p2a: Polteageist|spe|2
|
|upkeep
|turn|3
|
|t:|1757898532
|move|p2a: Polteageist|Stored Power|p1a: Victor
|-enditem|p1a: Victor|Focus Sash
|-damage|p1a: Victor|1/100
|move|p1a: Victor|Poltergeist|p2a: Polteageist
|-activate|p2a: Polteageist|move: Poltergeist|Focus Sash
|-supereffective|p2a: Polteageist
|-crit|p2a: Polteageist
|-damage|p2a: Polteageist|0 fnt
|faint|p2a: Polteageist
|
|upkeep
|
|t:|1757898546
|switch|p2a: Great Tusk|Great Tusk|92/100
|turn|4
|
|t:|1757898552
|move|p2a: Great Tusk|Headlong Rush|p1a: Victor
|-damage|p1a: Victor|0 fnt
|-unboost|p2a: Great Tusk|def|1
|-unboost|p2a: Great Tusk|spd|1
|faint|p1a: Victor
|
|upkeep
|
|t:|1757898557
|switch|p1a: Shane|Greninja, M|100/100
|turn|5
|
|t:|1757898574
|-end|p2a: Great Tusk|Protosynthesis|[silent]
|switch|p2a: Hatterene|Hatterene, F|100/100
|move|p1a: Shane|Surf|p2a: Hatterene
|-start|p1a: Shane|typechange|Water|[from] ability: Protean
|-damage|p2a: Hatterene|58/100
|-enditem|p2a: Hatterene|Eject Button
|
|t:|1757898582
|switch|p2a: Armarouge|Armarouge, F|100/100
|
|upkeep
|turn|6
|
|t:|1757898587
|switch|p1a: Mindy|Gardevoir, F|100/100
|-ability|p1a: Mindy|Weak Armor|Trace|[from] ability: Trace|[of] p2a: Armarouge
|move|p2a: Armarouge|Endure||[still]
|-fail|p2a: Armarouge
|
|upkeep
|turn|7
|
|t:|1757898598
|move|p2a: Armarouge|Armor Cannon|p1a: Mindy
|-damage|p1a: Mindy|68/100
|-unboost|p2a: Armarouge|def|1
|-unboost|p2a: Armarouge|spd|1
|move|p1a: Mindy|Mystical Fire|p2a: Armarouge
|-resisted|p2a: Armarouge
|-damage|p2a: Armarouge|75/100
|-unboost|p2a: Armarouge|spa|1
|
|upkeep
|turn|8
|
|t:|1757898609
|switch|p2a: Great Tusk|Great Tusk|92/100
|move|p1a: Mindy|Moonblast|p2a: Great Tusk
|-supereffective|p2a: Great Tusk
|-crit|p2a: Great Tusk
|-damage|p2a: Great Tusk|0 fnt
|faint|p2a: Great Tusk
|-end|p2a: Great Tusk|Protosynthesis|[silent]
|
|-fieldend|move: Psychic Terrain
|upkeep
|
|t:|1757898617
|switch|p2a: Indeedee|Indeedee, M|100/100
|-fieldstart|move: Psychic Terrain|[from] ability: Psychic Surge|[of] p2a: Indeedee
|turn|9
|
|t:|1757898621
|move|p2a: Indeedee|Expanding Force|p1a: Mindy
|-resisted|p1a: Mindy
|-damage|p1a: Mindy|54/100
|move|p1a: Mindy|Moonblast|p2a: Indeedee
|-damage|p2a: Indeedee|45/100
|
|upkeep
|turn|10
|
|t:|1757898630
|move|p2a: Indeedee|Healing Wish|p2a: Indeedee
|faint|p2a: Indeedee
|move|p1a: Mindy|Moonblast|p2: Indeedee|[notarget]
|-fail|p1a: Mindy
|
|upkeep
|
|t:|1757898638
|switch|p2a: Armarouge|Armarouge, F|75/100
|-heal|p2a: Armarouge|100/100|[from] move: Healing Wish
|turn|11
|
|t:|1757898646
|move|p2a: Armarouge|Armor Cannon|p1a: Mindy
|-damage|p1a: Mindy|23/100
|-unboost|p2a: Armarouge|def|1
|-unboost|p2a: Armarouge|spd|1
|move|p1a: Mindy|Mystical Fire|p2a: Armarouge
|-resisted|p2a: Armarouge
|-damage|p2a: Armarouge|73/100
|-unboost|p2a: Armarouge|spa|1
|
|upkeep
|turn|12
|
|t:|1757898655
|move|p2a: Armarouge|Armor Cannon|p1a: Mindy
|-damage|p1a: Mindy|0 fnt
|-unboost|p2a: Armarouge|def|1
|-unboost|p2a: Armarouge|spd|1
|faint|p1a: Mindy
|
|upkeep
|
|t:|1757898662
|switch|p1a: Shane|Greninja, M|100/100
|turn|13
|
|t:|1757898674
|switch|p2a: Hatterene|Hatterene, F|58/100
|move|p1a: Shane|Surf|p2a: Hatterene
|-start|p1a: Shane|typechange|Water|[from] ability: Protean
|-damage|p2a: Hatterene|14/100
|
|upkeep
|turn|14
|
|t:|1757898680
|move|p1a: Shane|Surf|p2a: Hatterene
|-damage|p2a: Hatterene|0 fnt
|faint|p2a: Hatterene
|
|upkeep
|
|t:|1757898686
|switch|p2a: Armarouge|Armarouge, F|73/100
|turn|15
|
|t:|1757898689
|move|p2a: Armarouge|Endure|p2a: Armarouge
|-singleturn|p2a: Armarouge|move: Endure
|move|p1a: Shane|Surf|p2a: Armarouge
|-supereffective|p2a: Armarouge
|-activate|p2a: Armarouge|move: Endure
|-damage|p2a: Armarouge|1/100
|-enditem|p2a: Armarouge|Weakness Policy
|-boost|p2a: Armarouge|atk|2|[from] item: Weakness Policy
|-boost|p2a: Armarouge|spa|2|[from] item: Weakness Policy
|
|upkeep
|turn|16
|
|t:|1757898702
|switch|p1a: Colin|Shiftry, M|100/100
|move|p2a: Armarouge|Energy Ball|p1a: Colin
|-resisted|p1a: Colin
|-damage|p1a: Colin|57/100
|
|-heal|p1a: Colin|64/100|[from] item: Leftovers
|-fieldend|move: Psychic Terrain
|upkeep
|turn|17
|
|t:|1757898711
|move|p2a: Armarouge|Endure|p2a: Armarouge
|-singleturn|p2a: Armarouge|move: Endure
|move|p1a: Colin|Leech Seed|p2a: Armarouge
|-start|p2a: Armarouge|move: Leech Seed
|
|-heal|p1a: Colin|70/100|[from] item: Leftovers
|-damage|p2a: Armarouge|0 fnt|[from] Leech Seed|[of] p1a: Colin
|-heal|p1a: Colin|70/100|[silent]
|faint|p2a: Armarouge
|upkeep
|
|t:|1757898717
|switch|p2a: Kingambit|Kingambit, F|100/100
|-activate|p2a: Kingambit|ability: Supreme Overlord
|-start|p2a: Kingambit|fallen5|[silent]
|turn|18
|
|t:|1757898731
|move|p2a: Kingambit|Iron Head|p1a: Colin
|-damage|p1a: Colin|8/100
|move|p1a: Colin|Explosion|p2a: Kingambit
|-resisted|p2a: Kingambit
|-crit|p2a: Kingambit
|-damage|p2a: Kingambit|61/100
|faint|p1a: Colin
|
|-heal|p2a: Kingambit|67/100|[from] item: Leftovers
|upkeep
|
|t:|1757898739
|switch|p1a: Percy|Bisharp, M|100/100
|turn|19
|
|t:|1757898757
|-terastallize|p2a: Kingambit|Ghost
|-terastallize|p1a: Percy|Fighting
|move|p2a: Kingambit|Iron Head|p1a: Percy
|-damage|p1a: Percy|47/100
|move|p1a: Percy|Low Kick|p2a: Kingambit
|-immune|p2a: Kingambit
|
|-heal|p2a: Kingambit|74/100|[from] item: Leftovers
|upkeep
|turn|20
|
|t:|1757898768
|move|p2a: Kingambit|Sucker Punch|p1a: Percy
|-resisted|p1a: Percy
|-damage|p1a: Percy|24/100
|move|p1a: Percy|Sucker Punch||[still]
|-fail|p1a: Percy
|
|-heal|p2a: Kingambit|80/100|[from] item: Leftovers
|upkeep
|turn|21
|
|t:|1757898778
|move|p1a: Percy|Sucker Punch|p2a: Kingambit
|-supereffective|p2a: Kingambit
|-crit|p2a: Kingambit
|-damage|p2a: Kingambit|0 fnt
|faint|p2a: Kingambit
|-end|p2a: Kingambit|fallen5|[silent]
|
|win|somepepper
|raw|somepepper's rating: 1242 &rarr; <strong>1263</strong><br />(+21 for winning)
|raw|The_hond's rating: 1185 &rarr; <strong>1164</strong><br />(-21 for losing)
|l|☆The_hond
|player|p2|
|l|☆somepepper
|player|p1|
