|j|☆jakeythot
|j|☆ChaosDragon3
|t:|1757924434
|gametype|singles
|player|p1|jakeythot|170|1263
|player|p2|ChaosDragon3|2|1266
|gen|9
|tier|[Gen 9] OU
|rated|
|rule|HP Percentage Mod: HP is shown in percentages
|rule|Endless Battle Clause: Forcing endless battles is banned
|rule|Species Clause: Limit one of each Pokémon
|rule|OHKO Clause: OHKO moves are banned
|rule|Evasion Items Clause: Evasion items are banned
|rule|Evasion Moves Clause: Evasion moves are banned
|rule|Evasion Abilities Clause: Evasion abilities are banned
|rule|Sleep Moves Clause: Sleep-inducing moves are banned
|clearpoke
|poke|p1|Clefable, F|
|poke|p1|Gliscor, F|
|poke|p1|Slowking-Galar, F|
|poke|p1|Skarmory, F|
|poke|p1|Kilowattrel, M|
|poke|p1|Serperior, F|
|poke|p2|Alomomola, M|
|poke|p2|Slowking-Galar, M|
|poke|p2|Hydrapple, F|
|poke|p2|Tornadus-Therian, M|
|poke|p2|Cyclizar, M|
|poke|p2|Toxapex, M|
|teampreview
|
|t:|1757924451
|teamsize|p1|6
|teamsize|p2|6
|start
|switch|p1a: Kilowattrel|Kilowattrel, M|100/100
|switch|p2a: Tornadus|Tornadus-Therian, M|100/100
|turn|1
|inactive|Battle timer is ON: inactive players will automatically lose when time's up. (requested by jakeythot)
|
|t:|1757924464
|switch|p2a: Hydrapple|Hydrapple, F|100/100
|move|p1a: Kilowattrel|Volt Switch|p2a: Hydrapple
|-resisted|p2a: Hydrapple
|-damage|p2a: Hydrapple|87/100
|
|t:|1757924472
|switch|p1a: Clefable|Clefable, F, shiny|100/100|[from] Volt Switch
|
|-heal|p2a: Hydrapple|93/100|[from] item: Leftovers
|upkeep
|turn|2
|
|t:|1757924482
|switch|p2a: Slowking|Slowking-Galar, M|100/100
|move|p1a: Clefable|Stealth Rock|p2a: Slowking
|-sidestart|p2: ChaosDragon3|move: Stealth Rock
|
|upkeep
|turn|3
|
|t:|1757924489
|move|p1a: Clefable|Thunder Wave|p2a: Slowking|[miss]
|-miss|p1a: Clefable|p2a: Slowking
|move|p2a: Slowking|Future Sight|p1a: Clefable
|-start|p2a: Slowking|move: Future Sight
|
|upkeep
|turn|4
|
|t:|1757924494
|move|p1a: Clefable|Thunder Wave|p2a: Slowking|[miss]
|-miss|p1a: Clefable|p2a: Slowking
|move|p2a: Slowking|Sludge Bomb|p1a: Clefable
|-supereffective|p1a: Clefable
|-damage|p1a: Clefable|49/100
|-status|p1a: Clefable|psn
|
|-heal|p1a: Clefable|55/100 psn|[from] item: Leftovers
|upkeep
|turn|5
|
|t:|1757924507
|switch|p2a: Tornadus|Tornadus-Therian, M|100/100
|move|p1a: Clefable|Thunder Wave|p2a: Tornadus
|-status|p2a: Tornadus|par
|
|-end|p1a: Clefable|move: Future Sight
|-damage|p1a: Clefable|21/100 psn
|-heal|p1a: Clefable|27/100 psn|[from] item: Leftovers
|upkeep
|turn|6
|
|t:|1757924517
|switch|p1a: Slowking|Slowking-Galar, F|100/100
|cant|p2a: Tornadus|par
|
|upkeep
|turn|7
|
|t:|1757924528
|cant|p2a: Tornadus|par
|move|p1a: Slowking|Psychic|p2a: Tornadus
|-damage|p2a: Tornadus|48/100 par
|
|upkeep
|turn|8
|
|t:|1757924535
|cant|p2a: Tornadus|par
|move|p1a: Slowking|Psychic|p2a: Tornadus
|-damage|p2a: Tornadus|0 fnt
|faint|p2a: Tornadus
|
|upkeep
|c|☆ChaosDragon3|this game hates me
|c|☆jakeythot|unfortunate
|
|t:|1757924553
|switch|p2a: Slowking|Slowking-Galar, M|100/100
|-damage|p2a: Slowking|88/100|[from] Stealth Rock
|turn|9
|c|☆ChaosDragon3|im used to it
|
|t:|1757924562
|move|p1a: Slowking|Psychic|p2a: Slowking
|-damage|p2a: Slowking|66/100
|move|p2a: Slowking|Future Sight|p1a: Slowking
|-start|p2a: Slowking|move: Future Sight
|
|upkeep
|turn|10
|
|t:|1757924575
|-terastallize|p1a: Slowking|Psychic
|move|p2a: Slowking|Ice Beam|p1a: Slowking
|-damage|p1a: Slowking|86/100
|move|p1a: Slowking|Shadow Ball|p2a: Slowking
|-supereffective|p2a: Slowking
|-damage|p2a: Slowking|41/100
|
|upkeep
|turn|11
|
|t:|1757924591
|switch|p2a: Cyclizar|Cyclizar, M|100/100
|move|p1a: Slowking|Shadow Ball|p2a: Cyclizar
|-immune|p2a: Cyclizar
|
|-end|p1a: Slowking|move: Future Sight
|-resisted|p1a: Slowking
|-damage|p1a: Slowking|70/100
|upkeep
|turn|12
|
|t:|1757924600
|move|p2a: Cyclizar|Knock Off|p1a: Slowking
|-supereffective|p1a: Slowking
|-damage|p1a: Slowking|28/100
|-enditem|p1a: Slowking|Assault Vest|[from] move: Knock Off|[of] p2a: Cyclizar
|move|p1a: Slowking|Psychic|p2a: Cyclizar
|-damage|p2a: Cyclizar|10/100
|
|upkeep
|turn|13
|
|t:|1757924608
|move|p2a: Cyclizar|U-turn|p1a: Slowking
|-supereffective|p1a: Slowking
|-damage|p1a: Slowking|0 fnt
|faint|p1a: Slowking
|
|t:|1757924613
|switch|p2a: Slowking|Slowking-Galar, M|74/100|[from] U-turn
|-damage|p2a: Slowking|62/100|[from] Stealth Rock
|
|upkeep
|
|t:|1757924616
|switch|p1a: Gliscor|Gliscor, F, shiny|100/100
|turn|14
|
|t:|1757924622
|move|p1a: Gliscor|Swords Dance|p1a: Gliscor
|-boost|p1a: Gliscor|atk|2
|move|p2a: Slowking|Ice Beam|p1a: Gliscor
|-supereffective|p1a: Gliscor
|-damage|p1a: Gliscor|0 fnt
|faint|p1a: Gliscor
|
|upkeep
|
|t:|1757924630
|switch|p1a: Clefable|Clefable, F, shiny|27/100 psn
|turn|15
|
|t:|1757924634
|move|p1a: Clefable|Moonlight|p1a: Clefable
|-heal|p1a: Clefable|77/100 psn
|move|p2a: Slowking|Sludge Bomb|p1a: Clefable
|-supereffective|p1a: Clefable
|-damage|p1a: Clefable|24/100 psn
|
|-heal|p1a: Clefable|30/100 psn|[from] item: Leftovers
|upkeep
|turn|16
|
|t:|1757924646
|switch|p1a: Skarmory|Skarmory, F|100/100
|move|p2a: Slowking|Future Sight|p1a: Skarmory
|-start|p2a: Slowking|move: Future Sight
|
|upkeep
|turn|17
|
|t:|1757924654
|-terastallize|p2a: Slowking|Fire
|move|p1a: Skarmory|Iron Head|p2a: Slowking
|-resisted|p2a: Slowking
|-damage|p2a: Slowking|47/100
|cant|p2a: Slowking|flinch
|
|upkeep
|turn|18
|c|☆ChaosDragon3|well the suprise factor is gone
|
|t:|1757924669
|switch|p1a: Clefable|Clefable, F, shiny|30/100 psn
|move|p2a: Slowking|Flamethrower|p1a: Clefable
|-damage|p1a: Clefable|2/100 psn
|
|-end|p1a: Clefable|move: Future Sight
|-damage|p1a: Clefable|0 fnt
|faint|p1a: Clefable
|upkeep
|
|t:|1757924681
|switch|p1a: Kilowattrel|Kilowattrel, M|100/100
|turn|19
|c|☆ChaosDragon3|i dont want to know what would happen if i fought a paraflinch team
|
|t:|1757924706
|switch|p2a: Hydrapple|Hydrapple, F|100/100
|-damage|p2a: Hydrapple|88/100|[from] Stealth Rock
|move|p1a: Kilowattrel|Thunderbolt|p2a: Hydrapple
|-resisted|p2a: Hydrapple
|-damage|p2a: Hydrapple|70/100
|
|-heal|p2a: Hydrapple|76/100|[from] item: Leftovers
|upkeep
|turn|20
|c|☆ChaosDragon3|at that point playing is the wrong word
|inactive|ChaosDragon3 has 120 seconds left.
|c|☆ChaosDragon3|its more watching my own game
|
|t:|1757924731
|switch|p1a: Serperior|Serperior, F, shiny|100/100
|move|p2a: Hydrapple|Fickle Beam|p1a: Serperior|[anim] Fickle Beam All Out
|-activate|p2a: Hydrapple|move: Fickle Beam
|-damage|p1a: Serperior|3/100
|
|-heal|p1a: Serperior|9/100|[from] item: Leftovers
|-heal|p2a: Hydrapple|83/100|[from] item: Leftovers
|upkeep
|turn|21
|inactive|ChaosDragon3 has 120 seconds left.
|
|t:|1757924738
|move|p1a: Serperior|Dragon Pulse|p2a: Hydrapple
|-supereffective|p2a: Hydrapple
|-damage|p2a: Hydrapple|36/100
|move|p2a: Hydrapple|Fickle Beam|p1a: Serperior
|-damage|p1a: Serperior|0 fnt
|faint|p1a: Serperior
|
|-heal|p2a: Hydrapple|42/100|[from] item: Leftovers
|upkeep
|
|t:|1757924745
|switch|p1a: Skarmory|Skarmory, F|100/100
|turn|22
|
|t:|1757924756
|switch|p2a: Toxapex|Toxapex, M|100/100
|-damage|p2a: Toxapex|88/100|[from] Stealth Rock
|move|p1a: Skarmory|Spikes|p2a: Toxapex
|-sidestart|p2: ChaosDragon3|Spikes
|
|upkeep
|turn|23
|
|t:|1757924770
|move|p2a: Toxapex|Lunge|p1a: Skarmory
|-resisted|p1a: Skarmory
|-damage|p1a: Skarmory|99/100
|-unboost|p1a: Skarmory|atk|1
|move|p1a: Skarmory|Whirlwind|p2a: Toxapex
|drag|p2a: Cyclizar|Cyclizar, M|43/100
|
|-heal|p1a: Skarmory|100/100|[from] item: Leftovers
|upkeep
|turn|24
|
|t:|1757924783
|move|p2a: Cyclizar|Rapid Spin|p1a: Skarmory
|-resisted|p1a: Skarmory
|-damage|p1a: Skarmory|95/100
|-boost|p2a: Cyclizar|spe|1
|-sideend|p2: ChaosDragon3|Spikes|[from] move: Rapid Spin|[of] p2a: Cyclizar
|-sideend|p2: ChaosDragon3|Stealth Rock|[from] move: Rapid Spin|[of] p2a: Cyclizar
|move|p1a: Skarmory|Iron Head|p2a: Cyclizar
|-damage|p2a: Cyclizar|19/100
|
|-heal|p1a: Skarmory|100/100|[from] item: Leftovers
|upkeep
|turn|25
|
|t:|1757924793
|move|p2a: Cyclizar|U-turn|p1a: Skarmory
|-resisted|p1a: Skarmory
|-damage|p1a: Skarmory|98/100
|
|t:|1757924798
|switch|p2a: Slowking|Slowking-Galar, M, tera:Fire|80/100|[from] U-turn
|move|p1a: Skarmory|Spikes|p2a: Slowking
|-sidestart|p2: ChaosDragon3|Spikes
|
|-heal|p1a: Skarmory|100/100|[from] item: Leftovers
|upkeep
|turn|26
|
|t:|1757924805
|move|p1a: Skarmory|Spikes|p2a: Slowking
|-sidestart|p2: ChaosDragon3|Spikes
|move|p2a: Slowking|Flamethrower|p1a: Skarmory
|-supereffective|p1a: Skarmory
|-ability|p1a: Skarmory|Sturdy
|-damage|p1a: Skarmory|1/100
|
|-heal|p1a: Skarmory|7/100|[from] item: Leftovers
|upkeep
|turn|27
|
|t:|1757924813
|switch|p1a: Kilowattrel|Kilowattrel, M|100/100
|move|p2a: Slowking|Future Sight|p1a: Kilowattrel
|-start|p2a: Slowking|move: Future Sight
|
|upkeep
|turn|28
|
|t:|1757924818
|move|p1a: Kilowattrel|Thunderbolt|p2a: Slowking
|-damage|p2a: Slowking|53/100
|move|p2a: Slowking|Ice Beam|p1a: Kilowattrel
|-supereffective|p1a: Kilowattrel
|-damage|p1a: Kilowattrel|6/100
|
|upkeep
|turn|29
|-message|jakeythot forfeited.
|
|win|ChaosDragon3
|raw|jakeythot's rating: 1263 &rarr; <strong>1238</strong><br />(-25 for losing)
|raw|ChaosDragon3's rating: 1266 &rarr; <strong>1291</strong><br />(+25 for winning)
|l|☆jakeythot
|player|p1|
|c|☆ChaosDragon3|im av aswell
|l|☆ChaosDragon3
|player|p2|
