|j|☆Mr.X&Y97
|j|☆redkaa
|t:|1757906911
|gametype|singles
|player|p1|Mr.X&Y97|ingo|1581
|player|p2|redkaa|1|1661
|gen|9
|tier|[Gen 9] OU
|rated|
|rule|HP Percentage Mod: HP is shown in percentages
|rule|Endless Battle Clause: Forcing endless battles is banned
|rule|Species Clause: Limit one of each Pokémon
|rule|OHKO Clause: OHKO moves are banned
|rule|Evasion Items Clause: Evasion items are banned
|rule|Evasion Moves Clause: Evasion moves are banned
|rule|Evasion Abilities Clause: Evasion abilities are banned
|rule|Sleep Moves Clause: Sleep-inducing moves are banned
|clearpoke
|poke|p1|Samurott-Hisui, F|
|poke|p1|Gholdengo|
|poke|p1|Great Tusk|
|poke|p1|Raging Bolt|
|poke|p1|Dragonite, F|
|poke|p1|Kingambit, M|
|poke|p2|Dragapult, M|
|poke|p2|Pelipper, F|
|poke|p2|Rotom-Wash|
|poke|p2|Great Tusk|
|poke|p2|Slowking-Galar, M|
|poke|p2|Iron Valiant|
|teampreview
|inactive|Battle timer is ON: inactive players will automatically lose when time's up. (requested by Mr.X&Y97)
|
|t:|1757906924
|teamsize|p1|6
|teamsize|p2|6
|start
|switch|p1a: Samurott|Samurott-Hisui, F|100/100
|switch|p2a: Pelipper|Pelipper, F|100/100
|-weather|RainDance|[from] ability: Drizzle|[of] p2a: Pelipper
|turn|1
|
|t:|1757906933
|move|p1a: Samurott|Flip Turn|p2a: Pelipper
|-resisted|p2a: Pelipper
|-damage|p2a: Pelipper|73/100
|
|t:|1757906935
|switch|p1a: Raging Bolt|Raging Bolt|100/100|[from] Flip Turn
|-enditem|p1a: Raging Bolt|Booster Energy
|-activate|p1a: Raging Bolt|ability: Protosynthesis|[fromitem]
|-start|p1a: Raging Bolt|protosynthesisspa
|move|p2a: Pelipper|Hurricane|p1a: Raging Bolt
|-resisted|p1a: Raging Bolt
|-damage|p1a: Raging Bolt|64/100
|
|-weather|RainDance|[upkeep]
|upkeep
|turn|2
|
|t:|1757906957
|switch|p2a: Iron Valiant|Iron Valiant|100/100
|-enditem|p2a: Iron Valiant|Booster Energy
|-activate|p2a: Iron Valiant|ability: Quark Drive|[fromitem]
|-start|p2a: Iron Valiant|quarkdrivespe
|move|p1a: Raging Bolt|Dragon Pulse|p2a: Iron Valiant
|-immune|p2a: Iron Valiant
|
|-weather|RainDance|[upkeep]
|upkeep
|turn|3
|
|t:|1757906972
|move|p1a: Raging Bolt|Thunderclap||[still]
|-fail|p1a: Raging Bolt
|move|p2a: Iron Valiant|Encore|p1a: Raging Bolt
|-start|p1a: Raging Bolt|Encore
|
|-weather|RainDance|[upkeep]
|upkeep
|turn|4
|
|t:|1757906980
|-end|p1a: Raging Bolt|Protosynthesis|[silent]
|switch|p1a: Gholdengo|Gholdengo|100/100
|-item|p1a: Gholdengo|Air Balloon
|move|p2a: Iron Valiant|Calm Mind|p2a: Iron Valiant
|-boost|p2a: Iron Valiant|spa|1
|-boost|p2a: Iron Valiant|spd|1
|
|-weather|RainDance|[upkeep]
|upkeep
|turn|5
|
|t:|1757906987
|-terastallize|p2a: Iron Valiant|Ghost
|move|p2a: Iron Valiant|Shadow Ball|p1a: Gholdengo
|-supereffective|p1a: Gholdengo
|-damage|p1a: Gholdengo|0 fnt
|-enditem|p1a: Gholdengo|Air Balloon
|faint|p1a: Gholdengo
|
|-weather|none
|upkeep
|
|t:|1757907011
|switch|p1a: Kingambit|Kingambit, M|100/100
|-activate|p1a: Kingambit|ability: Supreme Overlord
|-start|p1a: Kingambit|fallen1|[silent]
|turn|6
|
|t:|1757907021
|-end|p2a: Iron Valiant|Quark Drive|[silent]
|switch|p2a: Great Tusk|Great Tusk|100/100
|move|p1a: Kingambit|Sucker Punch||[still]
|-fail|p1a: Kingambit
|
|upkeep
|turn|7
|
|t:|1757907028
|-end|p1a: Kingambit|fallen1|[silent]
|switch|p1a: Great Tusk|Great Tusk|100/100
|move|p2a: Great Tusk|Stealth Rock|p1a: Great Tusk
|-sidestart|p1: Mr.X&Y97|move: Stealth Rock
|
|upkeep
|turn|8
|
|t:|1757907031
|-end|p2a: Great Tusk|Protosynthesis|[silent]
|switch|p2a: Pelipper|Pelipper, F|73/100
|-weather|RainDance|[from] ability: Drizzle|[of] p2a: Pelipper
|move|p1a: Great Tusk|Knock Off|p2a: Pelipper
|-damage|p2a: Pelipper|39/100
|-enditem|p2a: Pelipper|Choice Specs|[from] move: Knock Off|[of] p1a: Great Tusk
|
|-weather|RainDance|[upkeep]
|upkeep
|turn|9
|
|t:|1757907038
|move|p1a: Great Tusk|Rapid Spin|p2a: Pelipper
|-damage|p2a: Pelipper|20/100
|-boost|p1a: Great Tusk|spe|1
|-sideend|p1: Mr.X&Y97|Stealth Rock|[from] move: Rapid Spin|[of] p1a: Great Tusk
|move|p2a: Pelipper|Surf|p1a: Great Tusk
|-supereffective|p1a: Great Tusk
|-damage|p1a: Great Tusk|0 fnt
|faint|p1a: Great Tusk
|-end|p1a: Great Tusk|Protosynthesis|[silent]
|
|-weather|RainDance|[upkeep]
|upkeep
|
|t:|1757907045
|switch|p1a: Samurott|Samurott-Hisui, F|100/100
|turn|10
|
|t:|1757907051
|move|p1a: Samurott|Flip Turn|p2a: Pelipper
|-resisted|p2a: Pelipper
|-damage|p2a: Pelipper|0 fnt
|faint|p2a: Pelipper
|
|t:|1757907057
|switch|p1a: Dragonite|Dragonite, F|100/100|[from] Flip Turn
|
|-weather|RainDance|[upkeep]
|upkeep
|
|t:|1757907061
|switch|p2a: Rotom|Rotom-Wash|100/100
|turn|11
|
|t:|1757907064
|switch|p1a: Raging Bolt|Raging Bolt|64/100
|move|p2a: Rotom|Will-O-Wisp|p1a: Raging Bolt
|-status|p1a: Raging Bolt|brn
|
|-weather|RainDance|[upkeep]
|-damage|p1a: Raging Bolt|58/100 brn|[from] brn
|upkeep
|turn|12
|
|t:|1757907069
|switch|p2a: Slowking|Slowking-Galar, M|100/100
|move|p1a: Raging Bolt|Dragon Pulse|p2a: Slowking
|-damage|p2a: Slowking|73/100
|
|-weather|none
|-damage|p1a: Raging Bolt|52/100 brn|[from] brn
|upkeep
|turn|13
|
|t:|1757907073
|move|p1a: Raging Bolt|Calm Mind|p1a: Raging Bolt
|-boost|p1a: Raging Bolt|spa|1
|-boost|p1a: Raging Bolt|spd|1
|-prepare|p2a: Slowking|Chilly Reception|[premajor]
|move|p2a: Slowking|Chilly Reception|p2a: Slowking
|-weather|Snowscape
|
|t:|1757907079
|switch|p2a: Iron Valiant|Iron Valiant, tera:Ghost|100/100|[from] Chilly Reception
|
|-weather|Snowscape|[upkeep]
|-damage|p1a: Raging Bolt|46/100 brn|[from] brn
|upkeep
|turn|14
|
|t:|1757907087
|move|p1a: Raging Bolt|Thunderclap|p2a: Iron Valiant
|-damage|p2a: Iron Valiant|0 fnt
|faint|p2a: Iron Valiant
|-end|p2a: Iron Valiant|Quark Drive|[silent]
|
|-weather|Snowscape|[upkeep]
|-damage|p1a: Raging Bolt|40/100 brn|[from] brn
|upkeep
|
|t:|1757907090
|switch|p2a: Great Tusk|Great Tusk|100/100
|turn|15
|
|t:|1757907096
|-end|p1a: Raging Bolt|Protosynthesis|[silent]
|switch|p1a: Samurott|Samurott-Hisui, F|100/100
|move|p2a: Great Tusk|Ice Spinner|p1a: Samurott
|-resisted|p1a: Samurott
|-damage|p1a: Samurott|86/100
|
|-weather|Snowscape|[upkeep]
|upkeep
|turn|16
|
|t:|1757907105
|move|p1a: Samurott|Flip Turn|p2a: Great Tusk
|-supereffective|p2a: Great Tusk
|-damage|p2a: Great Tusk|67/100
|-damage|p1a: Samurott|70/100|[from] item: Rocky Helmet|[of] p2a: Great Tusk
|
|t:|1757907115
|switch|p1a: Raging Bolt|Raging Bolt|40/100 brn|[from] Flip Turn
|move|p2a: Great Tusk|Rapid Spin|p1a: Raging Bolt
|-damage|p1a: Raging Bolt|27/100 brn
|-boost|p2a: Great Tusk|spe|1
|
|-weather|Snowscape|[upkeep]
|-damage|p1a: Raging Bolt|20/100 brn|[from] brn
|upkeep
|turn|17
|
|t:|1757907123
|move|p2a: Great Tusk|Ice Spinner|p1a: Raging Bolt
|-supereffective|p1a: Raging Bolt
|-damage|p1a: Raging Bolt|0 fnt
|faint|p1a: Raging Bolt
|-end|p1a: Raging Bolt|Protosynthesis|[silent]
|
|-weather|none
|upkeep
|
|t:|1757907128
|switch|p1a: Dragonite|Dragonite, F|100/100
|turn|18
|
|t:|1757907139
|-end|p2a: Great Tusk|Protosynthesis|[silent]
|switch|p2a: Rotom|Rotom-Wash|100/100
|-terastallize|p1a: Dragonite|Normal
|move|p1a: Dragonite|Dragon Dance|p1a: Dragonite
|-boost|p1a: Dragonite|atk|1
|-boost|p1a: Dragonite|spe|1
|
|upkeep
|turn|19
|
|t:|1757907142
|move|p1a: Dragonite|Extreme Speed|p2a: Rotom
|-damage|p2a: Rotom|50/100
|move|p2a: Rotom|Will-O-Wisp|p1a: Dragonite
|-status|p1a: Dragonite|brn
|
|-heal|p2a: Rotom|56/100|[from] item: Leftovers
|-damage|p1a: Dragonite|94/100 brn|[from] brn
|upkeep
|turn|20
|
|t:|1757907153
|move|p1a: Dragonite|Dragon Dance|p1a: Dragonite
|-boost|p1a: Dragonite|atk|1
|-boost|p1a: Dragonite|spe|1
|move|p2a: Rotom|Pain Split|p1a: Dragonite
|-sethp|p1a: Dragonite|74/100 brn|[from] move: Pain Split|[silent]
|-sethp|p2a: Rotom|78/100|[from] move: Pain Split
|
|-heal|p2a: Rotom|84/100|[from] item: Leftovers
|-damage|p1a: Dragonite|67/100 brn|[from] brn
|upkeep
|turn|21
|
|t:|1757907168
|switch|p2a: Dragapult|Dragapult, M|100/100
|move|p1a: Dragonite|Dragon Dance|p1a: Dragonite
|-boost|p1a: Dragonite|atk|1
|-boost|p1a: Dragonite|spe|1
|
|-damage|p1a: Dragonite|61/100 brn|[from] brn
|upkeep
|turn|22
|
|t:|1757907175
|move|p2a: Dragapult|Sucker Punch|p1a: Dragonite
|-damage|p1a: Dragonite|22/100 brn
|move|p1a: Dragonite|Ice Spinner|p2a: Dragapult
|-supereffective|p2a: Dragapult
|-damage|p2a: Dragapult|0 fnt
|faint|p2a: Dragapult
|
|-damage|p1a: Dragonite|16/100 brn|[from] brn
|upkeep
|
|t:|1757907186
|switch|p2a: Slowking|Slowking-Galar, M|100/100
|turn|23
|
|t:|1757907192
|move|p1a: Dragonite|Extreme Speed|p2a: Slowking
|-damage|p2a: Slowking|45/100
|move|p2a: Slowking|Sludge Bomb|p1a: Dragonite
|-damage|p1a: Dragonite|0 fnt
|faint|p1a: Dragonite
|
|upkeep
|
|t:|1757907199
|switch|p1a: Kingambit|Kingambit, M|100/100
|-activate|p1a: Kingambit|ability: Supreme Overlord
|-start|p1a: Kingambit|fallen4|[silent]
|turn|24
|
|t:|1757907208
|switch|p2a: Rotom|Rotom-Wash|84/100
|move|p1a: Kingambit|Swords Dance|p1a: Kingambit
|-boost|p1a: Kingambit|atk|2
|
|-heal|p2a: Rotom|91/100|[from] item: Leftovers
|upkeep
|turn|25
|
|t:|1757907223
|move|p2a: Rotom|Will-O-Wisp|p1a: Kingambit|[miss]
|-miss|p2a: Rotom|p1a: Kingambit
|move|p1a: Kingambit|Kowtow Cleave|p2a: Rotom
|-damage|p2a: Rotom|0 fnt
|faint|p2a: Rotom
|
|upkeep
|c|☆redkaa|LMAO
|c|☆redkaa|of course
|
|t:|1757907230
|switch|p2a: Great Tusk|Great Tusk|67/100
|turn|26
|
|t:|1757907232
|move|p2a: Great Tusk|Headlong Rush|p1a: Kingambit
|-supereffective|p1a: Kingambit
|-damage|p1a: Kingambit|8/100
|-unboost|p2a: Great Tusk|def|1
|-unboost|p2a: Great Tusk|spd|1
|move|p1a: Kingambit|Iron Head|p2a: Great Tusk
|-damage|p2a: Great Tusk|0 fnt
|-damage|p1a: Kingambit|0 fnt|[from] item: Rocky Helmet|[of] p2a: Great Tusk
|faint|p2a: Great Tusk
|-end|p2a: Great Tusk|Protosynthesis|[silent]
|faint|p1a: Kingambit
|-end|p1a: Kingambit|fallen4|[silent]
|
|upkeep
|
|t:|1757907236
|switch|p2a: Slowking|Slowking-Galar, M|78/100
|switch|p1a: Samurott|Samurott-Hisui, F|70/100
|turn|27
|
|t:|1757907244
|move|p1a: Samurott|Ceaseless Edge|p2a: Slowking
|-supereffective|p2a: Slowking
|-damage|p2a: Slowking|0 fnt
|-sidestart|p2: redkaa|Spikes
|faint|p2a: Slowking
|
|win|Mr.X&Y97
|raw|Mr.X&amp;Y97's rating: 1581 &rarr; <strong>1606</strong><br />(+25 for winning)
|raw|redkaa's rating: 1661 &rarr; <strong>1636</strong><br />(-25 for losing)
|c|☆redkaa|dude i wish i was that lucky
|l|☆redkaa
|player|p2|
