|j|☆Liker of Mudkips
|j|☆fuhfyjddhh
|t:|1757807796
|gametype|singles
|player|p1|Liker of Mudkips|acetrainerf|1601
|player|p2|fuhfyjddhh|pryce|1548
|gen|9
|tier|[Gen 9] OU
|rated|
|rule|HP Percentage Mod: HP is shown in percentages
|rule|Endless Battle Clause: Forcing endless battles is banned
|rule|Species Clause: Limit one of each Pokémon
|rule|OHKO Clause: OHKO moves are banned
|rule|Evasion Items Clause: Evasion items are banned
|rule|Evasion Moves Clause: Evasion moves are banned
|rule|Evasion Abilities Clause: Evasion abilities are banned
|rule|Sleep Moves Clause: Sleep-inducing moves are banned
|clearpoke
|poke|p1|Dragapult, F|
|poke|p1|Ogerpon-Wellspring, F|
|poke|p1|Slowking-Galar, M|
|poke|p1|Great Tusk|
|poke|p1|Zapdos|
|poke|p1|Kingambit, M|
|poke|p2|Kyurem|
|poke|p2|Enamorus, F|
|poke|p2|Ogerpon-Wellspring, F|
|poke|p2|Glimmora, F|
|poke|p2|Great Tusk|
|poke|p2|Kingambit, M|
|teampreview
|inactive|Battle timer is ON: inactive players will automatically lose when time's up. (requested by Liker of Mudkips)
|
|t:|1757807832
|teamsize|p1|6
|teamsize|p2|6
|start
|switch|p1a: Pants|Slowking-Galar, M|100/100
|switch|p2a: Enamorus|Enamorus, F|100/100
|turn|1
|
|t:|1757807841
|switch|p2a: Glimmora|Glimmora, F|100/100
|move|p1a: Pants|Flamethrower|p2a: Glimmora
|-resisted|p2a: Glimmora
|-damage|p2a: Glimmora|87/100
|-enditem|p2a: Glimmora|Red Card|[of] p1a: Pants
|drag|p1a: Baku|Great Tusk|100/100
|
|upkeep
|turn|2
|
|t:|1757807855
|move|p1a: Baku|Stealth Rock|p2a: Glimmora
|-sidestart|p2: fuhfyjddhh|move: Stealth Rock
|move|p2a: Glimmora|Mortal Spin|p1a: Baku
|-resisted|p1a: Baku
|-damage|p1a: Baku|98/100
|-status|p1a: Baku|psn
|-damage|p2a: Glimmora|70/100|[from] item: Rocky Helmet|[of] p1a: Baku
|-sideend|p2: fuhfyjddhh|Stealth Rock|[from] move: Mortal Spin|[of] p2a: Glimmora
|
|-damage|p1a: Baku|86/100 psn|[from] psn
|upkeep
|turn|3
|
|t:|1757807869
|-terastallize|p2a: Glimmora|Ghost
|move|p1a: Baku|Headlong Rush|p2a: Glimmora
|-damage|p2a: Glimmora|9/100
|-unboost|p1a: Baku|def|1
|-unboost|p1a: Baku|spd|1
|-activate|p2a: Glimmora|ability: Toxic Debris
|-sidestart|p1: Liker of Mudkips|move: Toxic Spikes
|move|p2a: Glimmora|Stealth Rock|p1a: Baku
|-sidestart|p1: Liker of Mudkips|move: Stealth Rock
|
|-damage|p1a: Baku|74/100 psn|[from] psn
|upkeep
|turn|4
|
|t:|1757807881
|move|p1a: Baku|Stealth Rock|p2a: Glimmora
|-sidestart|p2: fuhfyjddhh|move: Stealth Rock
|move|p2a: Glimmora|Earth Power|p1a: Baku
|-damage|p1a: Baku|16/100 psn
|
|-damage|p1a: Baku|4/100 psn|[from] psn
|upkeep
|turn|5
|
|t:|1757807891
|move|p1a: Baku|Ice Spinner|p2a: Glimmora
|-damage|p2a: Glimmora|0 fnt
|-activate|p2a: Glimmora|ability: Toxic Debris
|-sidestart|p1: Liker of Mudkips|move: Toxic Spikes
|faint|p2a: Glimmora
|
|-damage|p1a: Baku|0 fnt|[from] psn
|faint|p1a: Baku
|-end|p1a: Baku|Protosynthesis|[silent]
|upkeep
|
|t:|1757807899
|switch|p1a: Pants|Slowking-Galar, M|100/100
|switch|p2a: Great Tusk|Great Tusk|100/100
|-damage|p2a: Great Tusk|98/100|[from] Stealth Rock
|-sideend|p1: Liker of Mudkips|move: Toxic Spikes|[of] p1a: Pants
|-damage|p1a: Pants|88/100|[from] Stealth Rock
|-enditem|p2a: Great Tusk|Booster Energy
|-activate|p2a: Great Tusk|ability: Protosynthesis|[fromitem]
|-start|p2a: Great Tusk|protosynthesisspe
|turn|6
|
|t:|1757807910
|switch|p1a: Suika|Ogerpon-Wellspring, F|100/100
|-damage|p1a: Suika|88/100|[from] Stealth Rock
|move|p2a: Great Tusk|Bulk Up|p2a: Great Tusk
|-boost|p2a: Great Tusk|atk|1
|-boost|p2a: Great Tusk|def|1
|
|upkeep
|turn|7
|
|t:|1757807918
|move|p2a: Great Tusk|Stone Edge|p1a: Suika
|-damage|p1a: Suika|28/100
|move|p1a: Suika|Ivy Cudgel|p2a: Great Tusk|[anim] Ivy Cudgel Water
|-supereffective|p2a: Great Tusk
|-damage|p2a: Great Tusk|50/100
|
|upkeep
|turn|8
|
|t:|1757807931
|move|p2a: Great Tusk|Rapid Spin|p1a: Suika
|-damage|p1a: Suika|1/100
|-boost|p2a: Great Tusk|spe|1
|-sideend|p2: fuhfyjddhh|Stealth Rock|[from] move: Rapid Spin|[of] p2a: Great Tusk
|move|p1a: Suika|Ivy Cudgel|p2a: Great Tusk|[anim] Ivy Cudgel Water
|-supereffective|p2a: Great Tusk
|-damage|p2a: Great Tusk|1/100
|
|upkeep
|turn|9
|
|t:|1757807943
|move|p2a: Great Tusk|Rapid Spin|p1a: Suika
|-damage|p1a: Suika|0 fnt
|-boost|p2a: Great Tusk|spe|1
|faint|p1a: Suika
|
|upkeep
|
|t:|1757807949
|switch|p1a: Nobunaga|Kingambit, M|100/100
|-damage|p1a: Nobunaga|94/100|[from] Stealth Rock
|-activate|p1a: Nobunaga|ability: Supreme Overlord
|-start|p1a: Nobunaga|fallen2|[silent]
|-item|p1a: Nobunaga|Air Balloon
|turn|10
|
|t:|1757807955
|move|p1a: Nobunaga|Sucker Punch|p2a: Great Tusk
|-resisted|p2a: Great Tusk
|-damage|p2a: Great Tusk|0 fnt
|faint|p2a: Great Tusk
|-end|p2a: Great Tusk|Protosynthesis|[silent]
|
|upkeep
|
|t:|1757807958
|switch|p2a: Ogerpon|Ogerpon-Wellspring, F|100/100
|turn|11
|
|t:|1757807967
|-end|p1a: Nobunaga|fallen2|[silent]
|switch|p1a: Larxene|Zapdos|100/100
|move|p2a: Ogerpon|Ivy Cudgel|p1a: Larxene|[anim] Ivy Cudgel Water
|-crit|p1a: Larxene
|-damage|p1a: Larxene|0 fnt
|faint|p1a: Larxene
|
|upkeep
|
|t:|1757807980
|switch|p1a: Kos|Dragapult, F|100/100
|-damage|p1a: Kos|88/100|[from] Stealth Rock
|turn|12
|
|t:|1757807985
|move|p1a: Kos|U-turn|p2a: Ogerpon
|-supereffective|p2a: Ogerpon
|-damage|p2a: Ogerpon|53/100
|
|t:|1757807990
|switch|p1a: Nobunaga|Kingambit, M|94/100|[from] U-turn
|-damage|p1a: Nobunaga|88/100|[from] Stealth Rock
|-activate|p1a: Nobunaga|ability: Supreme Overlord
|-start|p1a: Nobunaga|fallen3|[silent]
|-item|p1a: Nobunaga|Air Balloon
|move|p2a: Ogerpon|Knock Off|p1a: Nobunaga
|-resisted|p1a: Nobunaga
|-damage|p1a: Nobunaga|73/100
|-enditem|p1a: Nobunaga|Air Balloon
|
|upkeep
|turn|13
|
|t:|1757808001
|move|p1a: Nobunaga|Sucker Punch||[still]
|-fail|p1a: Nobunaga
|move|p2a: Ogerpon|Spikes|p1a: Nobunaga
|-sidestart|p1: Liker of Mudkips|Spikes
|
|upkeep
|turn|14
|
|t:|1757808005
|move|p2a: Ogerpon|Ivy Cudgel|p1a: Nobunaga|[anim] Ivy Cudgel Water
|-damage|p1a: Nobunaga|26/100
|move|p1a: Nobunaga|Kowtow Cleave|p2a: Ogerpon
|-damage|p2a: Ogerpon|0 fnt
|faint|p2a: Ogerpon
|
|upkeep
|
|t:|1757808011
|switch|p2a: Enamorus|Enamorus, F|100/100
|turn|15
|
|t:|1757808018
|-end|p1a: Nobunaga|fallen3|[silent]
|switch|p1a: Pants|Slowking-Galar, M|100/100
|-damage|p1a: Pants|88/100|[from] Stealth Rock
|-damage|p1a: Pants|76/100|[from] Spikes
|move|p2a: Enamorus|Moonblast|p1a: Pants
|-resisted|p1a: Pants
|-damage|p1a: Pants|65/100
|
|upkeep
|turn|16
|
|t:|1757808027
|switch|p2a: Kyurem|Kyurem, shiny|100/100
|-ability|p2a: Kyurem|Pressure
|move|p1a: Pants|Flamethrower|p2a: Kyurem
|-damage|p2a: Kyurem|81/100
|
|upkeep
|turn|17
|
|t:|1757808035
|move|p2a: Kyurem|Dragon Dance|p2a: Kyurem
|-boost|p2a: Kyurem|atk|1
|-boost|p2a: Kyurem|spe|1
|move|p1a: Pants|Sludge Bomb|p2a: Kyurem
|-damage|p2a: Kyurem|53/100
|
|upkeep
|turn|18
|
|t:|1757808044
|move|p2a: Kyurem|Icicle Spear|p1a: Pants
|-damage|p1a: Pants|49/100
|-damage|p1a: Pants|32/100
|-damage|p1a: Pants|14/100
|-damage|p1a: Pants|0 fnt
|faint|p1a: Pants
|-hitcount|p1: Pants|4
|
|upkeep
|
|t:|1757808053
|switch|p1a: Nobunaga|Kingambit, M|26/100
|-damage|p1a: Nobunaga|20/100|[from] Stealth Rock
|-damage|p1a: Nobunaga|8/100|[from] Spikes
|-activate|p1a: Nobunaga|ability: Supreme Overlord
|-start|p1a: Nobunaga|fallen4|[silent]
|turn|19
|
|t:|1757808067
|-terastallize|p1a: Nobunaga|Fairy
|move|p2a: Kyurem|Earth Power|p1a: Nobunaga
|-damage|p1a: Nobunaga|0 fnt
|faint|p1a: Nobunaga
|-end|p1a: Nobunaga|fallen4|[silent]
|
|upkeep
|
|t:|1757808073
|switch|p1a: Kos|Dragapult, F|88/100
|-damage|p1a: Kos|76/100|[from] Stealth Rock
|-damage|p1a: Kos|64/100|[from] Spikes
|turn|20
|
|t:|1757808079
|move|p2a: Kyurem|Icicle Spear|p1a: Kos
|-supereffective|p1a: Kos
|-damage|p1a: Kos|14/100
|-supereffective|p1a: Kos
|-damage|p1a: Kos|0 fnt
|faint|p1a: Kos
|-hitcount|p1: Kos|2
|
|win|fuhfyjddhh
|raw|Liker of Mudkips's rating: 1601 &rarr; <strong>1578</strong><br />(-23 for losing)
|raw|fuhfyjddhh's rating: 1548 &rarr; <strong>1571</strong><br />(+23 for winning)
|l|☆Liker of Mudkips
|player|p1|
|c|☆fuhfyjddhh|gg
