|j|☆SHEWILLBETRAYu067
|j|☆SparkyGoupil
|t:|1757930209
|gametype|singles
|player|p1|SHEWILLBETRAYu067|clerk|1161
|player|p2|SparkyGoupil|backersf|1202
|gen|9
|tier|[Gen 9] OU
|rated|
|rule|HP Percentage Mod: HP is shown in percentages
|rule|Endless Battle Clause: Forcing endless battles is banned
|rule|Species Clause: Limit one of each Pokémon
|rule|OHKO Clause: OHKO moves are banned
|rule|Evasion Items Clause: Evasion items are banned
|rule|Evasion Moves Clause: Evasion moves are banned
|rule|Evasion Abilities Clause: Evasion abilities are banned
|rule|Sleep Moves Clause: Sleep-inducing moves are banned
|clearpoke
|poke|p1|Ninetales-Alola, M|
|poke|p1|Bisharp, M|
|poke|p1|Gliscor, F|
|poke|p1|Mimikyu, F|
|poke|p1|Talonflame, M|
|poke|p1|Great Tusk|
|poke|p2|Ninetales-Alola, M|
|poke|p2|Gholdengo|
|poke|p2|Hatterene, F|
|poke|p2|Jirachi|
|poke|p2|Blaziken, M|
|poke|p2|Ogerpon-Wellspring, F|
|teampreview
|inactive|Battle timer is ON: inactive players will automatically lose when time's up. (requested by SparkyGoupil)
|
|t:|1757930214
|teamsize|p1|6
|teamsize|p2|6
|start
|switch|p1a: Bisharp|Bisharp, M|100/100
|switch|p2a: Aurora veil|Ninetales-Alola, M, shiny|100/100
|-weather|Snowscape|[from] ability: Snow Warning|[of] p2a: Aurora veil
|turn|1
|
|t:|1757930220
|move|p2a: Aurora veil|Aurora Veil|p2a: Aurora veil
|-sidestart|p2: SparkyGoupil|move: Aurora Veil
|move|p1a: Bisharp|Iron Head|p2a: Aurora veil
|-supereffective|p2a: Aurora veil
|-damage|p2a: Aurora veil|33/100
|
|-weather|Snowscape|[upkeep]
|upkeep
|turn|2
|
|t:|1757930227
|switch|p2a: Tenders|Blaziken, M|100/100
|switch|p1a: Ninetales|Ninetales-Alola, M|100/100
|
|-weather|Snowscape|[upkeep]
|upkeep
|turn|3
|
|t:|1757930239
|move|p1a: Ninetales|Aurora Veil|p1a: Ninetales
|-sidestart|p1: SHEWILLBETRAYu067|move: Aurora Veil
|move|p2a: Tenders|Swords Dance|p2a: Tenders
|-boost|p2a: Tenders|atk|2
|
|-weather|Snowscape|[upkeep]
|-ability|p2a: Tenders|Speed Boost|boost
|-boost|p2a: Tenders|spe|1
|upkeep
|turn|4
|
|t:|1757930247
|move|p2a: Tenders|Flare Blitz|p1a: Ninetales
|-supereffective|p1a: Ninetales
|-damage|p1a: Ninetales|0 fnt
|faint|p1a: Ninetales
|-damage|p2a: Tenders|69/100|[from] Recoil
|-damage|p2a: Tenders|59/100|[from] item: Life Orb
|
|-weather|Snowscape|[upkeep]
|-ability|p2a: Tenders|Speed Boost|boost
|-boost|p2a: Tenders|spe|1
|upkeep
|
|t:|1757930254
|switch|p1a: Great Tusk|Great Tusk|100/100
|-enditem|p1a: Great Tusk|Booster Energy
|-activate|p1a: Great Tusk|ability: Protosynthesis|[fromitem]
|-start|p1a: Great Tusk|protosynthesisspe
|turn|5
|
|t:|1757930265
|move|p2a: Tenders|Close Combat|p1a: Great Tusk
|-damage|p1a: Great Tusk|47/100
|-unboost|p2a: Tenders|def|1
|-unboost|p2a: Tenders|spd|1
|-damage|p2a: Tenders|49/100|[from] item: Life Orb
|move|p1a: Great Tusk|Bulk Up|p1a: Great Tusk
|-boost|p1a: Great Tusk|atk|1
|-boost|p1a: Great Tusk|def|1
|
|-weather|none
|-ability|p2a: Tenders|Speed Boost|boost
|-boost|p2a: Tenders|spe|1
|upkeep
|turn|6
|
|t:|1757930276
|move|p2a: Tenders|Close Combat|p1a: Great Tusk
|-damage|p1a: Great Tusk|12/100
|-unboost|p2a: Tenders|def|1
|-unboost|p2a: Tenders|spd|1
|-damage|p2a: Tenders|39/100|[from] item: Life Orb
|move|p1a: Great Tusk|Headlong Rush|p2a: Tenders
|-supereffective|p2a: Tenders
|-damage|p2a: Tenders|0 fnt
|-unboost|p1a: Great Tusk|def|1
|-unboost|p1a: Great Tusk|spd|1
|faint|p2a: Tenders
|
|upkeep
|
|t:|1757930287
|switch|p2a: Biere pong|Ogerpon-Wellspring, F|100/100
|turn|7
|
|t:|1757930291
|move|p1a: Great Tusk|Ice Spinner|p2a: Biere pong
|-damage|p2a: Biere pong|77/100
|move|p2a: Biere pong|Ivy Cudgel|p1a: Great Tusk|[anim] Ivy Cudgel Water
|-supereffective|p1a: Great Tusk
|-damage|p1a: Great Tusk|0 fnt
|faint|p1a: Great Tusk
|-end|p1a: Great Tusk|Protosynthesis|[silent]
|
|upkeep
|
|t:|1757930306
|switch|p1a: Bisharp|Bisharp, M|100/100
|turn|8
|
|t:|1757930319
|move|p2a: Biere pong|Ivy Cudgel|p1a: Bisharp|[anim] Ivy Cudgel Water
|-damage|p1a: Bisharp|77/100
|move|p1a: Bisharp|Swords Dance|p1a: Bisharp
|-boost|p1a: Bisharp|atk|2
|
|-sideend|p2: SparkyGoupil|move: Aurora Veil
|upkeep
|turn|9
|
|t:|1757930337
|move|p2a: Biere pong|Encore|p1a: Bisharp
|-start|p1a: Bisharp|Encore
|move|p1a: Bisharp|Swords Dance|p1a: Bisharp
|-boost|p1a: Bisharp|atk|2
|
|upkeep
|turn|10
|
|t:|1757930348
|switch|p2a: Ma femme|Hatterene, F|100/100
|move|p1a: Bisharp|Swords Dance|p1a: Bisharp
|-boost|p1a: Bisharp|atk|2
|
|-sideend|p1: SHEWILLBETRAYu067|move: Aurora Veil
|upkeep
|turn|11
|
|t:|1757930355
|move|p1a: Bisharp|Swords Dance|p1a: Bisharp
|-boost|p1a: Bisharp|atk|0
|move|p2a: Ma femme|Draining Kiss|p1a: Bisharp
|-damage|p1a: Bisharp|55/100
|
|-end|p1a: Bisharp|Encore
|upkeep
|turn|12
|
|t:|1757930361
|move|p1a: Bisharp|Iron Head|p2a: Ma femme
|-supereffective|p2a: Ma femme
|-damage|p2a: Ma femme|0 fnt
|faint|p2a: Ma femme
|
|upkeep
|
|t:|1757930372
|switch|p2a: Mégot|Gholdengo|100/100
|-item|p2a: Mégot|Air Balloon
|turn|13
|
|t:|1757930385
|-terastallize|p2a: Mégot|Flying
|move|p1a: Bisharp|Sucker Punch|p2a: Mégot
|-damage|p2a: Mégot|0 fnt
|-enditem|p2a: Mégot|Air Balloon
|faint|p2a: Mégot
|
|upkeep
|
|t:|1757930395
|switch|p2a: Aurora veil|Ninetales-Alola, M, shiny|33/100
|-weather|Snowscape|[from] ability: Snow Warning|[of] p2a: Aurora veil
|turn|14
|
|t:|1757930399
|move|p2a: Aurora veil|Aurora Veil|p2a: Aurora veil
|-sidestart|p2: SparkyGoupil|move: Aurora Veil
|move|p1a: Bisharp|Iron Head|p2a: Aurora veil
|-supereffective|p2a: Aurora veil
|-damage|p2a: Aurora veil|0 fnt
|faint|p2a: Aurora veil
|
|-weather|Snowscape|[upkeep]
|upkeep
|
|t:|1757930404
|switch|p2a: Biere pong|Ogerpon-Wellspring, F|77/100
|turn|15
|
|t:|1757930410
|move|p1a: Bisharp|Sucker Punch|p2a: Biere pong
|-damage|p2a: Biere pong|0 fnt
|faint|p2a: Biere pong
|
|-weather|Snowscape|[upkeep]
|upkeep
|
|t:|1757930415
|switch|p2a: Tépapré|Jirachi, shiny|100/100
|turn|16
|-message|SparkyGoupil forfeited.
|
|win|SHEWILLBETRAYu067
|raw|SHEWILLBETRAYu067's rating: 1161 &rarr; <strong>1189</strong><br />(+28 for winning)
|raw|SparkyGoupil's rating: 1202 &rarr; <strong>1174</strong><br />(-28 for losing)
|l|☆SparkyGoupil
|player|p2|
|l|☆SHEWILLBETRAYu067
|player|p1|
