|j|☆Joao v9898
|j|☆potayo
|t:|1757872843
|gametype|singles
|player|p1|Joao v9898|hilbert|1609
|player|p2|potayo|2|1639
|gen|9
|tier|[Gen 9] OU
|rated|
|rule|HP Percentage Mod: HP is shown in percentages
|rule|Endless Battle Clause: Forcing endless battles is banned
|rule|Species Clause: Limit one of each Pokémon
|rule|OHKO Clause: OHKO moves are banned
|rule|Evasion Items Clause: Evasion items are banned
|rule|Evasion Moves Clause: Evasion moves are banned
|rule|Evasion Abilities Clause: Evasion abilities are banned
|rule|Sleep Moves Clause: Sleep-inducing moves are banned
|clearpoke
|poke|p1|Slowking-Galar, M|
|poke|p1|Kyurem|
|poke|p1|Great Tusk|
|poke|p1|Samurott-Hisui, M|
|poke|p1|Landorus-Therian, M|
|poke|p1|Kingambit, M|
|poke|p2|Mimikyu, M|
|poke|p2|Cresselia, F|
|poke|p2|Hatterene, F|
|poke|p2|Hoopa-Unbound|
|poke|p2|Rabsca, F|
|poke|p2|Kingambit, M|
|teampreview
|inactive|Battle timer is ON: inactive players will automatically lose when time's up. (requested by Joao v9898)
|inactive|potayo has 120 seconds left.
|
|t:|1757872887
|teamsize|p1|6
|teamsize|p2|6
|start
|switch|p1a: Samurott|Samurott-Hisui, M|100/100
|switch|p2a: Hatterene|Hatterene, F|100/100
|turn|1
|
|t:|1757872897
|move|p1a: Samurott|Ceaseless Edge|p2a: Hatterene
|-damage|p2a: Hatterene|64/100
|-sidestart|p2: potayo|Spikes
|move|p2a: Hatterene|Draining Kiss|p1a: Samurott
|-supereffective|p1a: Samurott
|-damage|p1a: Samurott|69/100
|-heal|p2a: Hatterene|93/100|[from] drain|[of] p1a: Samurott
|
|upkeep
|turn|2
|
|t:|1757872900
|move|p1a: Samurott|Ceaseless Edge|p2a: Hatterene|[miss]
|-miss|p1a: Samurott|p2a: Hatterene
|move|p2a: Hatterene|Draining Kiss|p1a: Samurott
|-supereffective|p1a: Samurott
|-crit|p1a: Samurott
|-damage|p1a: Samurott|21/100
|-heal|p2a: Hatterene|100/100|[from] drain|[of] p1a: Samurott
|
|upkeep
|turn|3
|
|t:|1757872903
|move|p1a: Samurott|Ceaseless Edge|p2a: Hatterene|[miss]
|-miss|p1a: Samurott|p2a: Hatterene
|move|p2a: Hatterene|Draining Kiss|p1a: Samurott
|-supereffective|p1a: Samurott
|-damage|p1a: Samurott|0 fnt
|faint|p1a: Samurott
|
|upkeep
|c|☆Joao v9898|ROBBED
|c|☆Joao v9898|FUCK
|c|☆Joao v9898|YOU
|
|t:|1757872924
|switch|p1a: Kingambit|Kingambit, M|100/100
|-activate|p1a: Kingambit|ability: Supreme Overlord
|-start|p1a: Kingambit|fallen1|[silent]
|turn|4
|c|☆potayo|Lol
|inactive|potayo has 120 seconds left.
|
|t:|1757872960
|switch|p2a: Kingambit|Kingambit, M|100/100
|-damage|p2a: Kingambit|88/100|[from] Spikes
|move|p1a: Kingambit|Swords Dance|p1a: Kingambit
|-boost|p1a: Kingambit|atk|2
|
|upkeep
|turn|5
|inactive|potayo has 120 seconds left.
|
|t:|1757872969
|-terastallize|p1a: Kingambit|Bug
|move|p2a: Kingambit|Low Kick|p1a: Kingambit
|-resisted|p1a: Kingambit
|-crit|p1a: Kingambit
|-damage|p1a: Kingambit|70/100
|move|p1a: Kingambit|Swords Dance|p1a: Kingambit
|-boost|p1a: Kingambit|atk|2
|
|-heal|p1a: Kingambit|76/100|[from] item: Leftovers
|upkeep
|turn|6
|inactive|potayo has 120 seconds left.
|
|t:|1757872982
|-end|p2a: Kingambit|fallenundefined|[silent]
|switch|p2a: Mimikyu|Mimikyu, M|100/100
|-damage|p2a: Mimikyu|88/100|[from] Spikes
|move|p1a: Kingambit|Kowtow Cleave|p2a: Mimikyu
|-activate|p2a: Mimikyu|ability: Disguise
|-damage|p2a: Mimikyu|88/100
|detailschange|p2a: Mimikyu|Mimikyu-Busted, M
|-damage|p2a: Mimikyu|76/100|[from] pokemon: Mimikyu-Busted
|-enditem|p2a: Mimikyu|Red Card|[of] p1a: Kingambit
|-end|p1a: Kingambit|fallen1|[silent]
|drag|p1a: Dreamfyre|Kyurem|100/100
|-ability|p1a: Dreamfyre|Pressure
|
|upkeep
|turn|7
|inactive|potayo has 120 seconds left.
|
|t:|1757873002
|move|p1a: Dreamfyre|Blizzard|p2a: Mimikyu
|-damage|p2a: Mimikyu|0 fnt
|faint|p2a: Mimikyu
|
|upkeep
|
|t:|1757873006
|switch|p2a: Kingambit|Kingambit, M|88/100
|-damage|p2a: Kingambit|76/100|[from] Spikes
|-activate|p2a: Kingambit|ability: Supreme Overlord
|-start|p2a: Kingambit|fallen1|[silent]
|turn|8
|
|t:|1757873009
|switch|p1a: Great Tusk|Great Tusk|100/100
|move|p2a: Kingambit|Iron Head|p1a: Great Tusk
|-damage|p1a: Great Tusk|53/100
|-damage|p2a: Kingambit|59/100|[from] item: Rocky Helmet|[of] p1a: Great Tusk
|
|upkeep
|turn|9
|
|t:|1757873015
|-end|p2a: Kingambit|fallen1|[silent]
|switch|p2a: Cresselia|Cresselia, F|100/100
|move|p1a: Great Tusk|Knock Off|p2a: Cresselia
|-supereffective|p2a: Cresselia
|-damage|p2a: Cresselia|72/100
|-damage|p1a: Great Tusk|36/100|[from] item: Rocky Helmet|[of] p2a: Cresselia
|-enditem|p2a: Cresselia|Rocky Helmet|[from] move: Knock Off|[of] p1a: Great Tusk
|
|upkeep
|turn|10
|
|t:|1757873028
|move|p1a: Great Tusk|Stealth Rock|p2a: Cresselia
|-sidestart|p2: potayo|move: Stealth Rock
|move|p2a: Cresselia|Psychic|p1a: Great Tusk
|-supereffective|p1a: Great Tusk
|-damage|p1a: Great Tusk|0 fnt
|faint|p1a: Great Tusk
|-end|p1a: Great Tusk|Protosynthesis|[silent]
|
|upkeep
|
|t:|1757873033
|switch|p1a: Kingambit|Kingambit, M, tera:Bug|76/100
|-activate|p1a: Kingambit|ability: Supreme Overlord
|-start|p1a: Kingambit|fallen2|[silent]
|turn|11
|
|t:|1757873039
|move|p1a: Kingambit|Swords Dance|p1a: Kingambit
|-boost|p1a: Kingambit|atk|2
|move|p2a: Cresselia|Trick Room|p2a: Cresselia
|-fieldstart|move: Trick Room|[of] p2a: Cresselia
|
|-heal|p1a: Kingambit|82/100|[from] item: Leftovers
|upkeep
|turn|12
|
|t:|1757873045
|move|p1a: Kingambit|Kowtow Cleave|p2a: Cresselia
|-supereffective|p2a: Cresselia
|-damage|p2a: Cresselia|0 fnt
|faint|p2a: Cresselia
|
|-heal|p1a: Kingambit|88/100|[from] item: Leftovers
|upkeep
|
|t:|1757873055
|switch|p2a: Kingambit|Kingambit, M|59/100
|-damage|p2a: Kingambit|47/100|[from] Spikes
|-damage|p2a: Kingambit|41/100|[from] Stealth Rock
|-activate|p2a: Kingambit|ability: Supreme Overlord
|-start|p2a: Kingambit|fallen2|[silent]
|turn|13
|
|t:|1757873062
|-terastallize|p2a: Kingambit|Dark
|move|p2a: Kingambit|Kowtow Cleave|p1a: Kingambit
|-damage|p1a: Kingambit|0 fnt
|faint|p1a: Kingambit
|-end|p1a: Kingambit|fallen2|[silent]
|
|upkeep
|
|t:|1757873072
|switch|p1a: Slowking|Slowking-Galar, M|100/100
|turn|14
|
|t:|1757873079
|-end|p2a: Kingambit|fallen2|[silent]
|switch|p2a: Hoopa|Hoopa-Unbound|100/100
|-damage|p2a: Hoopa|88/100|[from] Spikes
|-damage|p2a: Hoopa|76/100|[from] Stealth Rock
|move|p1a: Slowking|Sludge Bomb|p2a: Hoopa
|-damage|p2a: Hoopa|55/100
|
|upkeep
|turn|15
|
|t:|1757873106
|-prepare|p1a: Slowking|Chilly Reception|[premajor]
|move|p1a: Slowking|Chilly Reception|p1a: Slowking
|-weather|Snowscape
|
|t:|1757873110
|switch|p1a: Landorus|Landorus-Therian, M|100/100|[from] Chilly Reception
|-ability|p1a: Landorus|Intimidate|boost
|-unboost|p2a: Hoopa|atk|1
|move|p2a: Hoopa|Destiny Bond|p2a: Hoopa
|-singlemove|p2a: Hoopa|Destiny Bond
|
|-weather|Snowscape|[upkeep]
|-fieldend|move: Trick Room
|upkeep
|turn|16
|
|t:|1757873119
|move|p1a: Landorus|U-turn|p2a: Hoopa
|-supereffective|p2a: Hoopa
|-damage|p2a: Hoopa|0 fnt
|faint|p2a: Hoopa
|-activate|p2a: Hoopa|move: Destiny Bond
|faint|p1a: Landorus
|
|-weather|Snowscape|[upkeep]
|upkeep
|
|t:|1757873137
|switch|p1a: Dreamfyre|Kyurem|100/100
|switch|p2a: Kingambit|Kingambit, M, tera:Dark|41/100
|-ability|p1a: Dreamfyre|Pressure
|-damage|p2a: Kingambit|28/100|[from] Spikes
|-damage|p2a: Kingambit|16/100|[from] Stealth Rock
|-activate|p2a: Kingambit|ability: Supreme Overlord
|-start|p2a: Kingambit|fallen3|[silent]
|turn|17
|
|t:|1757873143
|move|p2a: Kingambit|Sucker Punch|p1a: Dreamfyre
|-damage|p1a: Dreamfyre|29/100
|move|p1a: Dreamfyre|Blizzard|p2a: Kingambit
|-damage|p2a: Kingambit|0 fnt
|faint|p2a: Kingambit
|-end|p2a: Kingambit|fallen3|[silent]
|
|-weather|Snowscape|[upkeep]
|upkeep
|c|☆Joao v9898|lol
|
|t:|1757873149
|switch|p2a: Hatterene|Hatterene, F|100/100
|-damage|p2a: Hatterene|88/100|[from] Spikes
|-damage|p2a: Hatterene|76/100|[from] Stealth Rock
|turn|18
|
|t:|1757873151
|move|p1a: Dreamfyre|Blizzard|p2a: Hatterene
|-damage|p2a: Hatterene|0 fnt
|faint|p2a: Hatterene
|
|-weather|Snowscape|[upkeep]
|upkeep
|
|t:|1757873153
|switch|p2a: Rabsca|Rabsca, F|100/100
|-damage|p2a: Rabsca|88/100|[from] Spikes
|-damage|p2a: Rabsca|63/100|[from] Stealth Rock
|turn|19
|c|☆Joao v9898|lol
|
|t:|1757873157
|move|p1a: Dreamfyre|Blizzard|p2a: Rabsca
|-damage|p2a: Rabsca|0 fnt
|faint|p2a: Rabsca
|
|win|Joao v9898
|raw|Joao v9898's rating: 1609 &rarr; <strong>1631</strong><br />(+22 for winning)
|raw|potayo's rating: 1639 &rarr; <strong>1617</strong><br />(-22 for losing)
|l|☆potayo
|player|p2|
|c|☆Joao v9898|lol
|l|☆Joao v9898
|player|p1|
