|j|☆norebuhl
|j|☆fadingstrawberry
|t:|1757909689
|gametype|singles
|player|p1|norebuhl|2|1371
|player|p2|fadingstrawberry|swimmerf-gen4|1430
|gen|9
|tier|[Gen 9] OU
|rated|
|rule|HP Percentage Mod: HP is shown in percentages
|rule|Endless Battle Clause: Forcing endless battles is banned
|rule|Species Clause: Limit one of each Pokémon
|rule|OHKO Clause: OHKO moves are banned
|rule|Evasion Items Clause: Evasion items are banned
|rule|Evasion Moves Clause: Evasion moves are banned
|rule|Evasion Abilities Clause: Evasion abilities are banned
|rule|Sleep Moves Clause: Sleep-inducing moves are banned
|clearpoke
|poke|p1|Great Tusk|
|poke|p1|Iron Valiant|
|poke|p1|Araquanid, M|
|poke|p1|Kommo-o, F|
|poke|p1|Gholdengo|
|poke|p1|Maushold|
|poke|p2|Ogerpon-Cornerstone, F|
|poke|p2|Hatterene, F|
|poke|p2|Pecharunt|
|poke|p2|Landorus-Therian, M|
|poke|p2|Kingambit, F|
|poke|p2|Latios, M|
|teampreview
|inactive|Battle timer is ON: inactive players will automatically lose when time's up. (requested by norebuhl)
|
|t:|1757909705
|teamsize|p1|6
|teamsize|p2|6
|start
|switch|p1a: Great Tusk|Great Tusk|100/100
|switch|p2a: Latios|Latios, M|100/100
|turn|1
|
|t:|1757909718
|move|p2a: Latios|Luster Purge|p1a: Great Tusk
|-supereffective|p1a: Great Tusk
|-damage|p1a: Great Tusk|0 fnt
|faint|p1a: Great Tusk
|-end|p1a: Great Tusk|Protosynthesis|[silent]
|
|upkeep
|
|t:|1757909731
|switch|p1a: Kommo-o|Kommo-o, F|100/100
|turn|2
|
|t:|1757909735
|-terastallize|p1a: Kommo-o|Normal
|move|p2a: Latios|Luster Purge|p1a: Kommo-o
|-damage|p1a: Kommo-o|42/100
|-unboost|p1a: Kommo-o|spd|1
|move|p1a: Kommo-o|Clangorous Soul|p1a: Kommo-o
|-boost|p1a: Kommo-o|atk|1
|-boost|p1a: Kommo-o|def|1
|-boost|p1a: Kommo-o|spa|1
|-boost|p1a: Kommo-o|spd|1
|-boost|p1a: Kommo-o|spe|1
|-damage|p1a: Kommo-o|9/100
|
|upkeep
|turn|3
|
|t:|1757909745
|move|p2a: Latios|Luster Purge|p1a: Kommo-o
|-crit|p1a: Kommo-o
|-damage|p1a: Kommo-o|0 fnt
|faint|p1a: Kommo-o
|
|upkeep
|
|t:|1757909750
|switch|p1a: Maushold|Maushold|100/100
|turn|4
|
|t:|1757909756
|move|p2a: Latios|Luster Purge|p1a: Maushold
|-damage|p1a: Maushold|25/100
|move|p1a: Maushold|Tidy Up|p1a: Maushold
|-boost|p1a: Maushold|atk|1
|-boost|p1a: Maushold|spe|1
|
|upkeep
|turn|5
|
|t:|1757909763
|switch|p2a: Kingambit|Kingambit, F|100/100
|move|p1a: Maushold|Population Bomb|p2a: Kingambit
|-resisted|p2a: Kingambit
|-damage|p2a: Kingambit|94/100
|-resisted|p2a: Kingambit
|-damage|p2a: Kingambit|87/100
|-resisted|p2a: Kingambit
|-damage|p2a: Kingambit|80/100
|-resisted|p2a: Kingambit
|-damage|p2a: Kingambit|72/100
|-hitcount|p2a: Kingambit|4
|
|-heal|p2a: Kingambit|79/100|[from] item: Leftovers
|upkeep
|turn|6
|
|t:|1757909776
|move|p1a: Maushold|Encore||[still]
|-fail|p1a: Maushold
|move|p2a: Kingambit|Swords Dance|p2a: Kingambit
|-boost|p2a: Kingambit|atk|2
|
|-heal|p2a: Kingambit|85/100|[from] item: Leftovers
|upkeep
|turn|7
|
|t:|1757909780
|move|p2a: Kingambit|Sucker Punch||[still]
|-fail|p2a: Kingambit
|move|p1a: Maushold|Encore|p2a: Kingambit
|-start|p2a: Kingambit|Encore
|
|-heal|p2a: Kingambit|91/100|[from] item: Leftovers
|upkeep
|turn|8
|
|t:|1757909787
|-end|p2a: Kingambit|fallenundefined|[silent]
|switch|p2a: Landorus|Landorus-Therian, M|100/100
|-ability|p2a: Landorus|Intimidate|boost
|-unboost|p1a: Maushold|atk|1
|move|p1a: Maushold|Tidy Up|p1a: Maushold
|-boost|p1a: Maushold|atk|1
|-boost|p1a: Maushold|spe|1
|
|upkeep
|turn|9
|
|t:|1757909794
|move|p1a: Maushold|Population Bomb|p2a: Landorus
|-damage|p2a: Landorus|88/100
|-damage|p1a: Maushold|9/100|[from] item: Rocky Helmet|[of] p2a: Landorus
|-damage|p2a: Landorus|72/100
|-damage|p1a: Maushold|0 fnt|[from] item: Rocky Helmet|[of] p2a: Landorus
|faint|p1a: Maushold
|-hitcount|p2a: Landorus|2
|move|p2a: Landorus|Stealth Rock|p1: Maushold
|-sidestart|p1: norebuhl|move: Stealth Rock
|
|upkeep
|inactive|norebuhl has 120 seconds left.
|
|t:|1757909845
|switch|p1a: Iron Valiant|Iron Valiant|100/100
|-damage|p1a: Iron Valiant|94/100|[from] Stealth Rock
|-enditem|p1a: Iron Valiant|Booster Energy
|-activate|p1a: Iron Valiant|ability: Quark Drive|[fromitem]
|-start|p1a: Iron Valiant|quarkdrivespe
|turn|10
|
|t:|1757909858
|switch|p2a: Hatterene|Hatterene, F|100/100
|move|p1a: Iron Valiant|Encore|p2a: Hatterene
|move|p2a: Hatterene|Encore||[from] ability: Magic Bounce|[still]
|-fail|p2a: Hatterene
|
|upkeep
|turn|11
|
|t:|1757909866
|move|p1a: Iron Valiant|Calm Mind|p1a: Iron Valiant
|-boost|p1a: Iron Valiant|spa|1
|-boost|p1a: Iron Valiant|spd|1
|move|p2a: Hatterene|Draining Kiss|p1a: Iron Valiant
|-supereffective|p1a: Iron Valiant
|-damage|p1a: Iron Valiant|35/100
|
|upkeep
|turn|12
|
|t:|1757909872
|move|p1a: Iron Valiant|Moonblast|p2a: Hatterene
|-damage|p2a: Hatterene|56/100
|-unboost|p2a: Hatterene|spa|1
|move|p2a: Hatterene|Draining Kiss|p1a: Iron Valiant
|-supereffective|p1a: Iron Valiant
|-damage|p1a: Iron Valiant|0 fnt
|-heal|p2a: Hatterene|80/100|[from] drain|[of] p1a: Iron Valiant
|faint|p1a: Iron Valiant
|-end|p1a: Iron Valiant|Quark Drive|[silent]
|
|upkeep
|
|t:|1757909886
|switch|p1a: Gholdengo|Gholdengo|100/100
|-damage|p1a: Gholdengo|94/100|[from] Stealth Rock
|-item|p1a: Gholdengo|Air Balloon
|turn|13
|
|t:|1757909898
|-terastallize|p2a: Hatterene|Water
|move|p1a: Gholdengo|Nasty Plot|p1a: Gholdengo
|-boost|p1a: Gholdengo|spa|2
|move|p2a: Hatterene|Mystical Fire|p1a: Gholdengo
|-supereffective|p1a: Gholdengo
|-damage|p1a: Gholdengo|57/100
|-unboost|p1a: Gholdengo|spa|1
|-enditem|p1a: Gholdengo|Air Balloon
|
|upkeep
|turn|14
|-message|norebuhl forfeited.
|
|win|fadingstrawberry
|raw|norebuhl's rating: 1371 &rarr; <strong>1354</strong><br />(-17 for losing)
|raw|fadingstrawberry's rating: 1430 &rarr; <strong>1447</strong><br />(+17 for winning)
|l|☆norebuhl
|player|p1|
