|j|☆Camilo10_0706
|j|☆Toxic Smite
|t:|1757788769
|gametype|singles
|player|p1|Camilo10_0706|proton|1262
|player|p2|Toxic Smite|gambler|1231
|gen|9
|tier|[Gen 9] OU
|rated|
|rule|HP Percentage Mod: HP is shown in percentages
|rule|Endless Battle Clause: Forcing endless battles is banned
|rule|Species Clause: Limit one of each Pokémon
|rule|OHKO Clause: OHKO moves are banned
|rule|Evasion Items Clause: Evasion items are banned
|rule|Evasion Moves Clause: Evasion moves are banned
|rule|Evasion Abilities Clause: Evasion abilities are banned
|rule|Sleep Moves Clause: Sleep-inducing moves are banned
|clearpoke
|poke|p1|Clodsire, M|
|poke|p1|Blissey, F|
|poke|p1|Gliscor, M|
|poke|p1|Dondozo, F|
|poke|p1|Lokix, M|
|poke|p1|Corviknight, F|
|poke|p2|Raging Bolt|
|poke|p2|Zapdos|
|poke|p2|Electrode-Hisui|
|poke|p2|Rotom|
|poke|p2|Iron Hands|
|poke|p2|Morpeko, M|
|teampreview
|inactive|Battle timer is ON: inactive players will automatically lose when time's up. (requested by Camilo10_0706)
|
|t:|1757788783
|teamsize|p1|6
|teamsize|p2|6
|start
|switch|p1a: Gliscor|Gliscor, M|100/100
|switch|p2a: Rotom|Rotom|100/100
|turn|1
|
|t:|1757788790
|move|p1a: Gliscor|Protect|p1a: Gliscor
|-singleturn|p1a: Gliscor|Protect
|move|p2a: Rotom|Will-O-Wisp|p1a: Gliscor
|-activate|p1a: Gliscor|move: Protect
|
|-status|p1a: Gliscor|tox|[from] item: Toxic Orb
|upkeep
|turn|2
|
|t:|1757788801
|switch|p2a: Zapdos|Zapdos, shiny|100/100
|move|p1a: Gliscor|Spikes|p2a: Zapdos
|-sidestart|p2: Toxic Smite|Spikes
|
|upkeep
|turn|3
|
|t:|1757788809
|switch|p2a: Rotom|Rotom|100/100
|switch|p1a: Clodsire|Clodsire, M|100/100
|
|upkeep
|turn|4
|
|t:|1757788815
|switch|p1a: Gliscor|Gliscor, M|100/100 tox
|move|p2a: Rotom|Trick|p1a: Gliscor
|-activate|p2a: Rotom|move: Trick|[of] p1a: Gliscor
|-item|p1a: Gliscor|Choice Scarf|[from] move: Trick
|-item|p2a: Rotom|Toxic Orb|[from] move: Trick
|
|-status|p2a: Rotom|tox|[from] item: Toxic Orb
|upkeep
|turn|5
|
|t:|1757788823
|move|p1a: Gliscor|Knock Off|p2a: Rotom
|-supereffective|p2a: Rotom
|-damage|p2a: Rotom|41/100 tox
|-enditem|p2a: Rotom|Toxic Orb|[from] move: Knock Off|[of] p1a: Gliscor
|move|p2a: Rotom|Sunny Day|p2a: Rotom
|-weather|SunnyDay
|
|-weather|SunnyDay|[upkeep]
|-damage|p2a: Rotom|35/100 tox|[from] psn
|upkeep
|turn|6
|
|t:|1757788831
|switch|p2a: Zapdos|Zapdos, shiny|100/100
|move|p1a: Gliscor|Knock Off|p2a: Zapdos
|-damage|p2a: Zapdos|83/100
|-enditem|p2a: Zapdos|Heavy-Duty Boots|[from] move: Knock Off|[of] p1a: Gliscor
|
|-weather|SunnyDay|[upkeep]
|upkeep
|turn|7
|
|t:|1757788841
|switch|p1a: Clodsire|Clodsire, M|100/100
|move|p2a: Zapdos|Charge|p2a: Zapdos
|-boost|p2a: Zapdos|spd|1
|-start|p2a: Zapdos|Charge
|
|-weather|SunnyDay|[upkeep]
|upkeep
|turn|8
|
|t:|1757788852
|switch|p2a: Rotom|Rotom|35/100 tox
|move|p1a: Clodsire|Stealth Rock|p2a: Rotom
|-sidestart|p2: Toxic Smite|move: Stealth Rock
|
|-weather|SunnyDay|[upkeep]
|-damage|p2a: Rotom|29/100 tox|[from] psn
|upkeep
|turn|9
|
|t:|1757788864
|switch|p1a: Gliscor|Gliscor, M|100/100 tox
|move|p2a: Rotom|Will-O-Wisp||[still]
|-fail|p2a: Rotom
|
|-weather|none
|-damage|p2a: Rotom|17/100 tox|[from] psn
|upkeep
|turn|10
|
|t:|1757788873
|move|p1a: Gliscor|Spikes|p2a: Rotom
|-sidestart|p2: Toxic Smite|Spikes
|move|p2a: Rotom|Sunny Day|p2a: Rotom
|-weather|SunnyDay
|
|-weather|SunnyDay|[upkeep]
|-damage|p2a: Rotom|0 fnt|[from] psn
|faint|p2a: Rotom
|upkeep
|
|t:|1757788878
|switch|p2a: Morpeko|Morpeko, M|100/100
|-damage|p2a: Morpeko|84/100|[from] Spikes
|-damage|p2a: Morpeko|72/100|[from] Stealth Rock
|turn|11
|
|t:|1757788883
|move|p1a: Gliscor|Spikes|p2a: Morpeko
|-sidestart|p2: Toxic Smite|Spikes
|move|p2a: Morpeko|Rapid Spin|p1a: Gliscor
|-damage|p1a: Gliscor|90/100 tox
|-boost|p2a: Morpeko|spe|1
|-sideend|p2: Toxic Smite|Spikes|[from] move: Rapid Spin|[of] p2a: Morpeko
|-sideend|p2: Toxic Smite|Stealth Rock|[from] move: Rapid Spin|[of] p2a: Morpeko
|
|-weather|SunnyDay|[upkeep]
|-heal|p1a: Gliscor|100/100 tox|[from] ability: Poison Heal
|-formechange|p2a: Morpeko|Morpeko-Hangry||[from] ability: Hunger Switch
|upkeep
|turn|12
|
|t:|1757788896
|switch|p1a: Corviknight|Corviknight, F|100/100
|-ability|p1a: Corviknight|Pressure
|move|p2a: Morpeko|Aura Wheel|p1a: Corviknight
|-damage|p1a: Corviknight|71/100
|-boost|p2a: Morpeko|spe|1
|
|-weather|SunnyDay|[upkeep]
|-formechange|p2a: Morpeko|Morpeko||[from] ability: Hunger Switch
|upkeep
|turn|13
|
|t:|1757788904
|switch|p1a: Gliscor|Gliscor, M|100/100 tox
|move|p2a: Morpeko|Aura Wheel|p1a: Gliscor
|-immune|p1a: Gliscor
|
|-weather|SunnyDay|[upkeep]
|-formechange|p2a: Morpeko|Morpeko-Hangry||[from] ability: Hunger Switch
|upkeep
|turn|14
|
|t:|1757788911
|move|p2a: Morpeko|Aura Wheel|p1a: Gliscor
|-damage|p1a: Gliscor|70/100 tox
|-boost|p2a: Morpeko|spe|1
|move|p1a: Gliscor|Earthquake|p2a: Morpeko
|-supereffective|p2a: Morpeko
|-damage|p2a: Morpeko|0 fnt
|faint|p2a: Morpeko
|
|-weather|none
|-heal|p1a: Gliscor|82/100 tox|[from] ability: Poison Heal
|upkeep
|
|t:|1757788934
|switch|p2a: Iron Hands|Iron Hands|100/100
|turn|15
|
|t:|1757788943
|switch|p1a: Blissey|Blissey, F|100/100
|-terastallize|p2a: Iron Hands|Fairy
|move|p2a: Iron Hands|Ice Punch|p1a: Blissey
|-damage|p1a: Blissey|13/100
|
|upkeep
|turn|16
|
|t:|1757788951
|move|p1a: Blissey|Thunder Wave|p2a: Iron Hands
|-status|p2a: Iron Hands|par
|move|p2a: Iron Hands|Ice Punch|p1a: Blissey
|-damage|p1a: Blissey|0 fnt
|faint|p1a: Blissey
|
|upkeep
|
|t:|1757788965
|switch|p1a: Corviknight|Corviknight, F|71/100
|-ability|p1a: Corviknight|Pressure
|turn|17
|
|t:|1757788971
|-end|p2a: Iron Hands|Quark Drive|[silent]
|switch|p2a: Raging Bolt|Raging Bolt|100/100
|move|p1a: Corviknight|U-turn|p2a: Raging Bolt
|-damage|p2a: Raging Bolt|89/100
|
|t:|1757788974
|switch|p1a: Gliscor|Gliscor, M|82/100 tox|[from] U-turn
|
|-heal|p1a: Gliscor|95/100 tox|[from] ability: Poison Heal
|upkeep
|turn|18
|
|t:|1757788980
|-end|p2a: Raging Bolt|Protosynthesis|[silent]
|switch|p2a: Zapdos|Zapdos, shiny|83/100
|move|p1a: Gliscor|Earthquake|p2a: Zapdos
|-immune|p2a: Zapdos
|
|-heal|p1a: Gliscor|100/100 tox|[from] ability: Poison Heal
|upkeep
|turn|19
|
|t:|1757788992
|switch|p1a: Clodsire|Clodsire, M|100/100
|move|p2a: Zapdos|Charge|p2a: Zapdos
|-boost|p2a: Zapdos|spd|1
|-start|p2a: Zapdos|Charge
|
|upkeep
|turn|20
|
|t:|1757789001
|switch|p2a: Raging Bolt|Raging Bolt|89/100
|move|p1a: Clodsire|Stealth Rock|p2a: Raging Bolt
|-sidestart|p2: Toxic Smite|move: Stealth Rock
|
|upkeep
|turn|21
|
|t:|1757789030
|move|p2a: Raging Bolt|Draco Meteor|p1a: Clodsire
|-damage|p1a: Clodsire|43/100
|-unboost|p2a: Raging Bolt|spa|2
|move|p1a: Clodsire|Toxic|p2a: Raging Bolt
|-status|p2a: Raging Bolt|tox
|
|-heal|p1a: Clodsire|49/100|[from] item: Leftovers
|-damage|p2a: Raging Bolt|83/100 tox|[from] psn
|upkeep
|turn|22
|
|t:|1757789038
|switch|p1a: Corviknight|Corviknight, F|71/100
|-ability|p1a: Corviknight|Pressure
|move|p2a: Raging Bolt|Draco Meteor|p1a: Corviknight
|-resisted|p1a: Corviknight
|-damage|p1a: Corviknight|40/100
|-unboost|p2a: Raging Bolt|spa|2
|
|-damage|p2a: Raging Bolt|70/100 tox|[from] psn
|upkeep
|turn|23
|
|t:|1757789045
|-end|p2a: Raging Bolt|Protosynthesis|[silent]
|switch|p2a: Iron Hands|Iron Hands, tera:Fairy|100/100 par
|-damage|p2a: Iron Hands|88/100 par|[from] Stealth Rock
|move|p1a: Corviknight|Roost|p1a: Corviknight
|-heal|p1a: Corviknight|90/100
|-singleturn|p1a: Corviknight|move: Roost
|
|upkeep
|turn|24
|
|t:|1757789059
|move|p1a: Corviknight|Brave Bird|p2a: Iron Hands
|-damage|p2a: Iron Hands|62/100 par
|-damage|p1a: Corviknight|81/100|[from] Recoil
|move|p2a: Iron Hands|Close Combat|p1a: Corviknight
|-damage|p1a: Corviknight|17/100
|-unboost|p2a: Iron Hands|def|1
|-unboost|p2a: Iron Hands|spd|1
|-damage|p2a: Iron Hands|45/100 par|[from] item: Rocky Helmet|[of] p1a: Corviknight
|
|upkeep
|turn|25
|
|t:|1757789070
|-end|p2a: Iron Hands|Quark Drive|[silent]
|switch|p2a: Electrode|Electrode-Hisui|100/100
|-damage|p2a: Electrode|88/100|[from] Stealth Rock
|move|p1a: Corviknight|Roost|p1a: Corviknight
|-heal|p1a: Corviknight|67/100
|-singleturn|p1a: Corviknight|move: Roost
|
|-heal|p2a: Electrode|94/100|[from] item: Leftovers
|upkeep
|turn|26
|
|t:|1757789074
|switch|p1a: Gliscor|Gliscor, M|100/100 tox
|move|p2a: Electrode|Substitute|p2a: Electrode
|-start|p2a: Electrode|Substitute
|-damage|p2a: Electrode|69/100
|
|-heal|p2a: Electrode|75/100|[from] item: Leftovers
|upkeep
|turn|27
|inactiveoff|Battle timer is now OFF.
|inactive|Battle timer is ON: inactive players will automatically lose when time's up. (requested by Toxic Smite)
|l|☆Camilo10_0706
|inactive|Camilo10_0706 disconnected and has a minute to reconnect!
|player|p1|
|inactive|Camilo10_0706 has 30 seconds to reconnect!
|inactive|Camilo10_0706 has 20 seconds to reconnect!
|inactive|Camilo10_0706 has 15 seconds to reconnect!
|inactive|Camilo10_0706 has 10 seconds to reconnect!
|inactive|Camilo10_0706 has 5 seconds to reconnect!
|-message|Camilo10_0706 lost due to inactivity.
|
|win|Toxic Smite
|raw|Camilo10_0706's rating: 1262 &rarr; <strong>1235</strong><br />(-27 for losing)
|raw|Toxic Smite's rating: 1231 &rarr; <strong>1258</strong><br />(+27 for winning)
|l|☆Toxic Smite
|player|p2|
