|j|☆doomfletch
|j|☆polak33
|t:|1757846252
|gametype|singles
|player|p1|doomfletch|170|1344
|player|p2|polak33|265|1296
|gen|9
|tier|[Gen 9] OU
|rated|
|rule|HP Percentage Mod: HP is shown in percentages
|rule|Endless Battle Clause: Forcing endless battles is banned
|rule|Species Clause: Limit one of each Pokémon
|rule|OHKO Clause: OHKO moves are banned
|rule|Evasion Items Clause: Evasion items are banned
|rule|Evasion Moves Clause: Evasion moves are banned
|rule|Evasion Abilities Clause: Evasion abilities are banned
|rule|Sleep Moves Clause: Sleep-inducing moves are banned
|clearpoke
|poke|p1|Hydreigon, M|
|poke|p1|Slowking-Galar, M|
|poke|p1|Great Tusk|
|poke|p1|Corviknight, M|
|poke|p1|Crawdaunt, F|
|poke|p1|Raikou|
|poke|p2|Iron Crown|
|poke|p2|Samurott-Hisui, M|
|poke|p2|Zapdos|
|poke|p2|Dragapult, F|
|poke|p2|Great Tusk|
|poke|p2|Iron Boulder|
|teampreview
|l|☆polak33
|player|p2|
|j|☆polak33
|player|p2|polak33|265|
|
|t:|1757846274
|teamsize|p1|6
|teamsize|p2|6
|start
|switch|p1a: Raikou|Raikou|100/100
|switch|p2a: Parasite|Dragapult, F|100/100
|turn|1
|
|t:|1757846281
|switch|p1a: Corviknight|Corviknight, M|100/100
|-ability|p1a: Corviknight|Pressure
|move|p2a: Parasite|U-turn|p1a: Corviknight
|-resisted|p1a: Corviknight
|-damage|p1a: Corviknight|95/100
|-damage|p2a: Parasite|84/100|[from] item: Rocky Helmet|[of] p1a: Corviknight
|
|t:|1757846289
|switch|p2a: Hurikan|Zapdos|100/100|[from] U-turn
|
|upkeep
|turn|2
|
|t:|1757846300
|switch|p1a: Slowking|Slowking-Galar, M|100/100
|move|p2a: Hurikan|Discharge|p1a: Slowking
|-damage|p1a: Slowking|85/100
|
|upkeep
|turn|3
|
|t:|1757846308
|switch|p1a: Raikou|Raikou|100/100
|move|p2a: Hurikan|U-turn|p1a: Raikou
|-damage|p1a: Raikou|83/100
|
|t:|1757846324
|switch|p2a: Parasite|Dragapult, F|84/100|[from] U-turn
|
|upkeep
|turn|4
|
|t:|1757846340
|move|p2a: Parasite|U-turn|p1a: Raikou
|-damage|p1a: Raikou|36/100
|
|t:|1757846344
|switch|p2a: Pump It|Great Tusk|100/100|[from] U-turn
|move|p1a: Raikou|Scald|p2a: Pump It
|-supereffective|p2a: Pump It
|-damage|p2a: Pump It|28/100
|
|upkeep
|turn|5
|
|t:|1757846356
|move|p1a: Raikou|Scald|p2a: Pump It
|-supereffective|p2a: Pump It
|-damage|p2a: Pump It|0 fnt
|faint|p2a: Pump It
|-end|p2a: Pump It|Protosynthesis|[silent]
|
|upkeep
|
|t:|1757846362
|switch|p2a: Parasite|Dragapult, F|84/100
|turn|6
|
|t:|1757846367
|switch|p1a: Corviknight|Corviknight, M|95/100
|-ability|p1a: Corviknight|Pressure
|move|p2a: Parasite|Dragon Darts|p1a: Corviknight
|-resisted|p1a: Corviknight
|-damage|p1a: Corviknight|85/100
|-anim|p2a: Parasite|Dragon Darts|p1a: Corviknight
|-resisted|p1a: Corviknight
|-damage|p1a: Corviknight|73/100
|
|upkeep
|turn|7
|
|t:|1757846380
|switch|p2a: Hurikan|Zapdos|100/100
|switch|p1a: Raikou|Raikou|36/100
|
|upkeep
|turn|8
|
|t:|1757846388
|move|p1a: Raikou|Volt Switch|p2a: Hurikan
|-damage|p2a: Hurikan|68/100
|
|t:|1757846392
|switch|p1a: Corviknight|Corviknight, M|73/100|[from] Volt Switch
|-ability|p1a: Corviknight|Pressure
|move|p2a: Hurikan|U-turn|p1a: Corviknight
|-resisted|p1a: Corviknight
|-damage|p1a: Corviknight|71/100
|-damage|p2a: Hurikan|52/100|[from] item: Rocky Helmet|[of] p1a: Corviknight
|
|t:|1757846400
|switch|p2a: Everytime We Touch|Samurott-Hisui, M|100/100|[from] U-turn
|
|upkeep
|turn|9
|
|t:|1757846405
|move|p2a: Everytime We Touch|Ceaseless Edge|p1a: Corviknight
|-damage|p1a: Corviknight|42/100
|-damage|p2a: Everytime We Touch|84/100|[from] item: Rocky Helmet|[of] p1a: Corviknight
|-sidestart|p1: doomfletch|Spikes
|move|p1a: Corviknight|Roost|p1a: Corviknight
|-heal|p1a: Corviknight|92/100
|-singleturn|p1a: Corviknight|move: Roost
|
|upkeep
|turn|10
|
|t:|1757846415
|move|p2a: Everytime We Touch|Ceaseless Edge|p1a: Corviknight
|-damage|p1a: Corviknight|64/100
|-damage|p2a: Everytime We Touch|67/100|[from] item: Rocky Helmet|[of] p1a: Corviknight
|-sidestart|p1: doomfletch|Spikes
|move|p1a: Corviknight|Body Press|p2a: Everytime We Touch
|-supereffective|p2a: Everytime We Touch
|-damage|p2a: Everytime We Touch|3/100
|
|upkeep
|turn|11
|
|t:|1757846425
|switch|p2a: Hurikan|Zapdos|52/100
|move|p1a: Corviknight|Roost|p1a: Corviknight
|-heal|p1a: Corviknight|100/100
|-singleturn|p1a: Corviknight|move: Roost
|
|upkeep
|turn|12
|
|t:|1757846436
|switch|p1a: Great Tusk|Great Tusk|100/100
|move|p2a: Hurikan|Discharge|p1a: Great Tusk
|-immune|p1a: Great Tusk
|
|upkeep
|turn|13
|
|t:|1757846443
|-end|p1a: Great Tusk|Protosynthesis|[silent]
|switch|p1a: Slowking|Slowking-Galar, M|100/100
|-damage|p1a: Slowking|84/100|[from] Spikes
|switch|p2a: Parasite|Dragapult, F|84/100
|
|upkeep
|turn|14
|
|t:|1757846451
|switch|p1a: Corviknight|Corviknight, M|100/100
|-ability|p1a: Corviknight|Pressure
|-terastallize|p2a: Parasite|Ghost
|move|p2a: Parasite|Tera Blast|p1a: Corviknight|[anim] Tera Blast Ghost
|-damage|p1a: Corviknight|54/100
|
|upkeep
|turn|15
|
|t:|1757846463
|move|p2a: Parasite|Tera Blast|p1a: Corviknight|[anim] Tera Blast Ghost
|-damage|p1a: Corviknight|10/100
|move|p1a: Corviknight|Roost|p1a: Corviknight
|-heal|p1a: Corviknight|60/100
|-singleturn|p1a: Corviknight|move: Roost
|
|upkeep
|turn|16
|
|t:|1757846471
|move|p2a: Parasite|Tera Blast|p1a: Corviknight|[anim] Tera Blast Ghost
|-damage|p1a: Corviknight|16/100
|move|p1a: Corviknight|Roost|p1a: Corviknight
|-heal|p1a: Corviknight|66/100
|-singleturn|p1a: Corviknight|move: Roost
|
|upkeep
|turn|17
|
|t:|1757846482
|switch|p2a: Hurikan|Zapdos|52/100
|move|p1a: Corviknight|Roost|p1a: Corviknight
|-heal|p1a: Corviknight|100/100
|-singleturn|p1a: Corviknight|move: Roost
|
|upkeep
|turn|18
|
|t:|1757846501
|switch|p1a: Raikou|Raikou|36/100
|move|p2a: Hurikan|U-turn|p1a: Raikou
|-damage|p1a: Raikou|18/100
|
|t:|1757846510
|switch|p2a: Parasite|Dragapult, F, tera:Ghost|84/100|[from] U-turn
|
|upkeep
|turn|19
|
|t:|1757846520
|switch|p1a: Corviknight|Corviknight, M|100/100
|-ability|p1a: Corviknight|Pressure
|move|p2a: Parasite|U-turn|p1a: Corviknight
|-resisted|p1a: Corviknight
|-damage|p1a: Corviknight|95/100
|-damage|p2a: Parasite|68/100|[from] item: Rocky Helmet|[of] p1a: Corviknight
|
|t:|1757846527
|switch|p2a: Hurikan|Zapdos|52/100|[from] U-turn
|
|upkeep
|turn|20
|
|t:|1757846533
|move|p2a: Hurikan|Roost|p2a: Hurikan
|-heal|p2a: Hurikan|100/100
|-singleturn|p2a: Hurikan|move: Roost
|move|p1a: Corviknight|Roost|p1a: Corviknight
|-heal|p1a: Corviknight|100/100
|-singleturn|p1a: Corviknight|move: Roost
|
|upkeep
|turn|21
|
|t:|1757846541
|switch|p1a: Great Tusk|Great Tusk|100/100
|move|p2a: Hurikan|Discharge|p1a: Great Tusk
|-immune|p1a: Great Tusk
|
|upkeep
|turn|22
|
|t:|1757846549
|move|p1a: Great Tusk|Knock Off|p2a: Hurikan
|-damage|p2a: Hurikan|82/100
|-enditem|p2a: Hurikan|Heavy-Duty Boots|[from] move: Knock Off|[of] p1a: Great Tusk
|move|p2a: Hurikan|Hurricane|p1a: Great Tusk|[miss]
|-miss|p2a: Hurikan|p1a: Great Tusk
|
|upkeep
|turn|23
|
|t:|1757846557
|move|p1a: Great Tusk|Stealth Rock|p2a: Hurikan
|-sidestart|p2: polak33|move: Stealth Rock
|move|p2a: Hurikan|Hurricane|p1a: Great Tusk
|-supereffective|p1a: Great Tusk
|-damage|p1a: Great Tusk|0 fnt
|faint|p1a: Great Tusk
|-end|p1a: Great Tusk|Protosynthesis|[silent]
|
|upkeep
|
|t:|1757846570
|switch|p1a: Raikou|Raikou|18/100
|turn|24
|
|t:|1757846576
|move|p1a: Raikou|Volt Switch|p2a: Hurikan
|-damage|p2a: Hurikan|50/100
|
|t:|1757846579
|switch|p1a: Corviknight|Corviknight, M|100/100|[from] Volt Switch
|-ability|p1a: Corviknight|Pressure
|move|p2a: Hurikan|Discharge|p1a: Corviknight
|-supereffective|p1a: Corviknight
|-damage|p1a: Corviknight|41/100
|
|upkeep
|turn|25
|
|t:|1757846589
|switch|p1a: Raikou|Raikou|18/100
|move|p2a: Hurikan|Discharge|p1a: Raikou
|-resisted|p1a: Raikou
|-damage|p1a: Raikou|0 fnt
|faint|p1a: Raikou
|
|upkeep
|
|t:|1757846597
|switch|p1a: Hydreigon|Hydreigon, M|100/100
|turn|26
|
|t:|1757846606
|move|p1a: Hydreigon|Dark Pulse|p2a: Hurikan
|-crit|p2a: Hurikan
|-damage|p2a: Hurikan|0 fnt
|faint|p2a: Hurikan
|
|upkeep
|
|t:|1757846613
|switch|p2a: Revery|Iron Boulder|100/100
|-damage|p2a: Revery|88/100|[from] Stealth Rock
|-enditem|p2a: Revery|Booster Energy
|-activate|p2a: Revery|ability: Quark Drive|[fromitem]
|-start|p2a: Revery|quarkdrivespe
|turn|27
|
|t:|1757846637
|switch|p1a: Slowking|Slowking-Galar, M|100/100
|-damage|p1a: Slowking|84/100|[from] Spikes
|move|p2a: Revery|Mighty Cleave|p1a: Slowking
|-damage|p1a: Slowking|34/100
|
|upkeep
|turn|28
|
|t:|1757846650
|move|p2a: Revery|Mighty Cleave|p1a: Slowking
|-damage|p1a: Slowking|0 fnt
|faint|p1a: Slowking
|
|upkeep
|
|t:|1757846654
|switch|p1a: Crawdaunt|Crawdaunt, F|100/100
|-damage|p1a: Crawdaunt|84/100|[from] Spikes
|turn|29
|
|t:|1757846740
|-end|p2a: Revery|Quark Drive|[silent]
|switch|p2a: Everytime We Touch|Samurott-Hisui, M|3/100
|-damage|p2a: Everytime We Touch|0 fnt|[from] Stealth Rock
|faint|p2a: Everytime We Touch
|-terastallize|p1a: Crawdaunt|Water
|move|p1a: Crawdaunt|Crabhammer|p2: Everytime We Touch|[notarget]
|-fail|p1a: Crawdaunt
|
|upkeep
|
|t:|1757846783
|switch|p2a: Mindreader|Iron Crown|100/100
|-damage|p2a: Mindreader|94/100|[from] Stealth Rock
|turn|30
|
|t:|1757846801
|switch|p1a: Corviknight|Corviknight, M|41/100
|-ability|p1a: Corviknight|Pressure
|move|p2a: Mindreader|Volt Switch|p1a: Corviknight
|-supereffective|p1a: Corviknight
|-damage|p1a: Corviknight|0 fnt
|faint|p1a: Corviknight
|
|t:|1757846815
|-end|p2a: Mindreader|Quark Drive|[silent]
|switch|p2a: Revery|Iron Boulder|88/100|[from] Volt Switch
|-damage|p2a: Revery|76/100|[from] Stealth Rock
|
|upkeep
|
|t:|1757846829
|switch|p1a: Crawdaunt|Crawdaunt, F, tera:Water|84/100
|-damage|p1a: Crawdaunt|68/100|[from] Spikes
|turn|31
|
|t:|1757846839
|move|p1a: Crawdaunt|Aqua Jet|p2a: Revery
|-supereffective|p2a: Revery
|-damage|p2a: Revery|0 fnt
|faint|p2a: Revery
|-end|p2a: Revery|Quark Drive|[silent]
|
|upkeep
|-message|polak33 forfeited.
|
|win|doomfletch
|raw|doomfletch's rating: 1344 &rarr; <strong>1361</strong><br />(+17 for winning)
|raw|polak33's rating: 1296 &rarr; <strong>1274</strong><br />(-22 for losing)
|l|☆polak33
|player|p2|
|l|☆doomfletch
|player|p1|
