|j|☆4DEF+4SPD=GG
|j|☆Marsharekt
|t:|1757813795
|gametype|singles
|player|p1|4DEF+4SPD=GG|preschooler|1179
|player|p2|Marsharekt|1|1190
|gen|9
|tier|[Gen 9] OU
|rated|
|rule|HP Percentage Mod: HP is shown in percentages
|rule|Endless Battle Clause: Forcing endless battles is banned
|rule|Species Clause: Limit one of each Pokémon
|rule|OHKO Clause: OHKO moves are banned
|rule|Evasion Items Clause: Evasion items are banned
|rule|Evasion Moves Clause: Evasion moves are banned
|rule|Evasion Abilities Clause: Evasion abilities are banned
|rule|Sleep Moves Clause: Sleep-inducing moves are banned
|clearpoke
|poke|p1|Tyranitar, M|
|poke|p1|Excadrill, M|
|poke|p1|Corviknight, M|
|poke|p1|Glimmora, M|
|poke|p1|Hippowdon, M|
|poke|p1|Scizor, M|
|poke|p2|Hatterene, F|
|poke|p2|Kyurem|
|poke|p2|Landorus-Therian, M|
|poke|p2|Zamazenta-*|
|poke|p2|Kingambit, M|
|poke|p2|Ogerpon-Wellspring, F|
|teampreview
|inactive|Battle timer is ON: inactive players will automatically lose when time's up. (requested by 4DEF+4SPD=GG)
|j| Chronos556
|inactive|Marsharekt has 120 seconds left.
|
|t:|1757813840
|teamsize|p1|6
|teamsize|p2|6
|start
|switch|p1a: Corviknight|Corviknight, M|100/100
|switch|p2a: Landorus|Landorus-Therian, M|100/100
|-ability|p2a: Landorus|Intimidate|boost
|-ability|p1a: Corviknight|Mirror Armor
|-unboost|p2a: Landorus|atk|1
|turn|1
|
|t:|1757813855
|move|p2a: Landorus|Stealth Rock|p1a: Corviknight
|-sidestart|p1: 4DEF+4SPD=GG|move: Stealth Rock
|move|p1a: Corviknight|Brave Bird|p2a: Landorus
|-damage|p2a: Landorus|63/100
|-damage|p1a: Corviknight|84/100|[from] item: Rocky Helmet|[of] p2a: Landorus
|-damage|p1a: Corviknight|72/100|[from] Recoil
|
|upkeep
|turn|2
|
|t:|1757813863
|move|p2a: Landorus|Stone Edge|p1a: Corviknight
|-damage|p1a: Corviknight|59/100
|move|p1a: Corviknight|Defog|p2a: Landorus
|-unboost|p2a: Landorus|evasion|1
|-sideend|p1: 4DEF+4SPD=GG|Stealth Rock|[from] move: Defog|[of] p1a: Corviknight
|
|upkeep
|turn|3
|
|t:|1757813888
|switch|p2a: Hatterene|Hatterene, F|100/100
|move|p1a: Corviknight|Roost|p1a: Corviknight
|-heal|p1a: Corviknight|100/100
|-singleturn|p1a: Corviknight|move: Roost
|
|upkeep
|turn|4
|
|t:|1757813896
|move|p1a: Corviknight|U-turn|p2a: Hatterene
|-damage|p2a: Hatterene|85/100
|
|t:|1757813898
|switch|p1a: Tyranitar|Tyranitar, M|100/100|[from] U-turn
|-weather|Sandstorm|[from] ability: Sand Stream|[of] p1a: Tyranitar
|move|p2a: Hatterene|Mystical Fire|p1a: Tyranitar
|-resisted|p1a: Tyranitar
|-damage|p1a: Tyranitar|94/100
|-unboost|p1a: Tyranitar|spa|1
|
|-weather|Sandstorm|[upkeep]
|-damage|p2a: Hatterene|79/100|[from] Sandstorm
|upkeep
|turn|5
|
|t:|1757813925
|switch|p1a: Glimmora|Glimmora, M|100/100
|move|p2a: Hatterene|Nuzzle|p1a: Glimmora
|-damage|p1a: Glimmora|95/100
|-status|p1a: Glimmora|par
|-activate|p1a: Glimmora|ability: Toxic Debris
|-sidestart|p2: Marsharekt|move: Toxic Spikes
|
|-weather|Sandstorm|[upkeep]
|-damage|p2a: Hatterene|73/100|[from] Sandstorm
|upkeep
|turn|6
|inactive|Marsharekt has 120 seconds left.
|
|t:|1757813951
|switch|p2a: Zamazenta|Zamazenta|100/100
|-status|p2a: Zamazenta|psn
|-ability|p2a: Zamazenta|Dauntless Shield|boost
|-boost|p2a: Zamazenta|def|1
|move|p1a: Glimmora|Meteor Beam||[still]
|-prepare|p1a: Glimmora|Meteor Beam
|-boost|p1a: Glimmora|spa|1
|-enditem|p1a: Glimmora|Power Herb
|-anim|p1a: Glimmora|Meteor Beam|p2a: Zamazenta
|-resisted|p2a: Zamazenta
|-damage|p2a: Zamazenta|62/100 psn
|
|-weather|Sandstorm|[upkeep]
|-damage|p2a: Zamazenta|55/100 psn|[from] Sandstorm
|-heal|p2a: Zamazenta|62/100 psn|[from] item: Leftovers
|-damage|p2a: Zamazenta|49/100 psn|[from] psn
|upkeep
|turn|7
|
|t:|1757813976
|move|p2a: Zamazenta|Body Press|p1a: Glimmora
|-damage|p1a: Glimmora|28/100 par
|-activate|p1a: Glimmora|ability: Toxic Debris
|-sidestart|p2: Marsharekt|move: Toxic Spikes
|move|p1a: Glimmora|Sludge Wave|p2a: Zamazenta
|-damage|p2a: Zamazenta|0 fnt
|faint|p2a: Zamazenta
|
|-weather|Sandstorm|[upkeep]
|upkeep
|inactive|Marsharekt has 90 seconds left.
|inactive|Marsharekt has 60 seconds left.
|
|t:|1757814027
|switch|p2a: Landorus|Landorus-Therian, M|63/100
|-ability|p2a: Landorus|Intimidate|boost
|-unboost|p1a: Glimmora|atk|1
|turn|8
|inactive|Marsharekt has 60 seconds left.
|
|t:|1757814035
|switch|p1a: Hippowdon|Hippowdon, M|100/100
|move|p2a: Landorus|Earthquake|p1a: Hippowdon
|-damage|p1a: Hippowdon|76/100
|
|-weather|Sandstorm|[upkeep]
|upkeep
|turn|9
|inactive|Marsharekt has 60 seconds left.
|
|t:|1757814048
|move|p2a: Landorus|Stealth Rock|p1a: Hippowdon
|-sidestart|p1: 4DEF+4SPD=GG|move: Stealth Rock
|move|p1a: Hippowdon|Stealth Rock|p2a: Landorus
|-sidestart|p2: Marsharekt|move: Stealth Rock
|
|-weather|Sandstorm|[upkeep]
|upkeep
|turn|10
|l| Chronos556
|inactive|Marsharekt has 60 seconds left.
|
|t:|1757814060
|move|p2a: Landorus|Earthquake|p1a: Hippowdon
|-damage|p1a: Hippowdon|52/100
|move|p1a: Hippowdon|Slack Off|p1a: Hippowdon
|-heal|p1a: Hippowdon|100/100
|
|-weather|Sandstorm|[upkeep]
|upkeep
|turn|11
|inactive|Marsharekt has 60 seconds left.
|
|t:|1757814072
|switch|p2a: Kyurem|Kyurem|100/100
|-status|p2a: Kyurem|tox
|-damage|p2a: Kyurem|76/100 tox|[from] Stealth Rock
|-ability|p2a: Kyurem|Pressure
|move|p1a: Hippowdon|Whirlwind|p2a: Kyurem
|drag|p2a: Ogerpon|Ogerpon-Wellspring, F|100/100
|-status|p2a: Ogerpon|tox
|-damage|p2a: Ogerpon|88/100 tox|[from] Stealth Rock
|
|-weather|none
|-damage|p2a: Ogerpon|82/100 tox|[from] psn
|upkeep
|turn|12
|inactive|Marsharekt has 60 seconds left.
|
|t:|1757814093
|switch|p1a: Corviknight|Corviknight, M|100/100
|-damage|p1a: Corviknight|88/100|[from] Stealth Rock
|move|p2a: Ogerpon|Ivy Cudgel|p1a: Corviknight|[anim] Ivy Cudgel Water
|-damage|p1a: Corviknight|56/100
|
|-damage|p2a: Ogerpon|70/100 tox|[from] psn
|upkeep
|turn|13
|
|t:|1757814114
|move|p2a: Ogerpon|Ivy Cudgel|p1a: Corviknight|[anim] Ivy Cudgel Water
|-damage|p1a: Corviknight|20/100
|move|p1a: Corviknight|Roost|p1a: Corviknight
|-heal|p1a: Corviknight|70/100
|-singleturn|p1a: Corviknight|move: Roost
|
|-damage|p2a: Ogerpon|52/100 tox|[from] psn
|upkeep
|turn|14
|inactive|Marsharekt has 30 seconds left.
|inactive|Marsharekt has 20 seconds left.
|inactive|Marsharekt has 15 seconds left.
|inactive|Marsharekt has 10 seconds left.
|inactive|Marsharekt has 5 seconds left.
|-message|Marsharekt lost due to inactivity.
|
|win|4DEF+4SPD=GG
|raw|4DEF+4SPD=GG's rating: 1179 &rarr; <strong>1205</strong><br />(+26 for winning)
|raw|Marsharekt's rating: 1190 &rarr; <strong>1164</strong><br />(-26 for losing)
