|j|☆bishop1
|j|☆hongbong
|t:|1757902253
|gametype|singles
|player|p1|bishop1|266|1571
|player|p2|hongbong|n|1514
|gen|9
|tier|[Gen 9] OU
|rated|
|rule|HP Percentage Mod: HP is shown in percentages
|rule|Endless Battle Clause: Forcing endless battles is banned
|rule|Species Clause: Limit one of each Pokémon
|rule|OHKO Clause: OHKO moves are banned
|rule|Evasion Items Clause: Evasion items are banned
|rule|Evasion Moves Clause: Evasion moves are banned
|rule|Evasion Abilities Clause: Evasion abilities are banned
|rule|Sleep Moves Clause: Sleep-inducing moves are banned
|clearpoke
|poke|p1|Zamazenta-*|
|poke|p1|Ninetales-Alola, M|
|poke|p1|Darkrai|
|poke|p1|Ceruledge, M|
|poke|p1|Gliscor, M|
|poke|p1|Hatterene, F|
|poke|p2|Blaziken, F|
|poke|p2|Tentacruel, M|
|poke|p2|Zoroark-Hisui, M|
|poke|p2|Lycanroc-Dusk, F|
|poke|p2|Ogerpon, F|
|poke|p2|Hoopa-Unbound|
|teampreview
|inactive|Battle timer is ON: inactive players will automatically lose when time's up. (requested by hongbong)
|
|t:|1757902271
|teamsize|p1|6
|teamsize|p2|6
|start
|switch|p1a: Ninetales|Ninetales-Alola, M|100/100
|switch|p2a: Ogerpon|Ogerpon, F|100/100
|-weather|Snowscape|[from] ability: Snow Warning|[of] p1a: Ninetales
|turn|1
|
|t:|1757902273
|move|p2a: Ogerpon|U-turn|p1a: Ninetales
|-resisted|p1a: Ninetales
|-damage|p1a: Ninetales|85/100
|
|t:|1757902277
|switch|p2a: Tentacruel|Tentacruel, M|100/100|[from] U-turn
|move|p1a: Ninetales|Aurora Veil|p1a: Ninetales
|-sidestart|p1: bishop1|move: Aurora Veil
|
|-weather|Snowscape|[upkeep]
|upkeep
|turn|2
|
|t:|1757902288
|switch|p1a: Gliscor|Gliscor, M|100/100
|move|p2a: Tentacruel|Sludge Bomb|p1a: Gliscor
|-resisted|p1a: Gliscor
|-damage|p1a: Gliscor|94/100
|
|-weather|Snowscape|[upkeep]
|-status|p1a: Gliscor|tox|[from] item: Toxic Orb
|upkeep
|turn|3
|
|t:|1757902294
|move|p1a: Gliscor|Agility|p1a: Gliscor
|-boost|p1a: Gliscor|spe|2
|move|p2a: Tentacruel|Flip Turn|p1a: Gliscor
|-supereffective|p1a: Gliscor
|-damage|p1a: Gliscor|84/100 tox
|
|t:|1757902298
|switch|p2a: Ogerpon|Ogerpon, F|100/100|[from] Flip Turn
|
|-weather|Snowscape|[upkeep]
|-heal|p1a: Gliscor|97/100 tox|[from] ability: Poison Heal
|upkeep
|turn|4
|
|t:|1757902309
|move|p1a: Gliscor|Swords Dance|p1a: Gliscor
|-boost|p1a: Gliscor|atk|2
|move|p2a: Ogerpon|Ivy Cudgel|p1a: Gliscor
|-damage|p1a: Gliscor|66/100 tox
|
|-weather|Snowscape|[upkeep]
|-heal|p1a: Gliscor|78/100 tox|[from] ability: Poison Heal
|upkeep
|turn|5
|
|t:|1757902314
|move|p1a: Gliscor|Swords Dance|p1a: Gliscor
|-boost|p1a: Gliscor|atk|2
|move|p2a: Ogerpon|Ivy Cudgel|p1a: Gliscor
|-damage|p1a: Gliscor|51/100 tox
|
|-weather|none
|-heal|p1a: Gliscor|64/100 tox|[from] ability: Poison Heal
|upkeep
|turn|6
|
|t:|1757902321
|-terastallize|p1a: Gliscor|Normal
|move|p1a: Gliscor|Facade|p2a: Ogerpon
|-damage|p2a: Ogerpon|0 fnt
|faint|p2a: Ogerpon
|
|-heal|p1a: Gliscor|76/100 tox|[from] ability: Poison Heal
|upkeep
|
|t:|1757902329
|switch|p2a: Lycanroc|Lycanroc-Dusk, F|100/100
|turn|7
|
|t:|1757902332
|move|p1a: Gliscor|Earthquake|p2a: Lycanroc
|-supereffective|p2a: Lycanroc
|-enditem|p2a: Lycanroc|Focus Sash
|-damage|p2a: Lycanroc|1/100
|move|p2a: Lycanroc|Endeavor|p1a: Gliscor
|-damage|p1a: Gliscor|1/100 tox
|
|-heal|p1a: Gliscor|13/100 tox|[from] ability: Poison Heal
|upkeep
|turn|8
|
|t:|1757902339
|move|p2a: Lycanroc|Accelerock|p1a: Gliscor
|-crit|p1a: Gliscor
|-damage|p1a: Gliscor|0 fnt
|faint|p1a: Gliscor
|
|-sideend|p1: bishop1|move: Aurora Veil
|upkeep
|
|t:|1757902344
|switch|p1a: Ninetales|Ninetales-Alola, M|85/100
|-weather|Snowscape|[from] ability: Snow Warning|[of] p1a: Ninetales
|turn|9
|
|t:|1757902346
|move|p2a: Lycanroc|Stone Edge|p1a: Ninetales
|-supereffective|p1a: Ninetales
|-damage|p1a: Ninetales|5/100
|move|p1a: Ninetales|Aurora Veil|p1a: Ninetales
|-sidestart|p1: bishop1|move: Aurora Veil
|
|-weather|Snowscape|[upkeep]
|upkeep
|turn|10
|
|t:|1757902361
|move|p2a: Lycanroc|Stone Edge|p1a: Ninetales
|-supereffective|p1a: Ninetales
|-damage|p1a: Ninetales|0 fnt
|faint|p1a: Ninetales
|
|-weather|Snowscape|[upkeep]
|upkeep
|
|t:|1757902365
|switch|p1a: Darkrai|Darkrai|100/100
|turn|11
|
|t:|1757902368
|switch|p2a: Tentacruel|Tentacruel, M|100/100
|move|p1a: Darkrai|Dark Pulse|p2a: Tentacruel
|-damage|p2a: Tentacruel|81/100
|
|-weather|Snowscape|[upkeep]
|upkeep
|turn|12
|
|t:|1757902371
|move|p1a: Darkrai|Nasty Plot|p1a: Darkrai
|-boost|p1a: Darkrai|spa|2
|move|p2a: Tentacruel|Sludge Bomb|p1a: Darkrai
|-damage|p1a: Darkrai|83/100
|-status|p1a: Darkrai|psn
|
|-weather|Snowscape|[upkeep]
|-heal|p1a: Darkrai|89/100 psn|[from] item: Leftovers
|-damage|p1a: Darkrai|77/100 psn|[from] psn
|upkeep
|turn|13
|
|t:|1757902375
|move|p1a: Darkrai|Psyshock|p2a: Tentacruel
|-supereffective|p2a: Tentacruel
|-damage|p2a: Tentacruel|0 fnt
|faint|p2a: Tentacruel
|
|-weather|none
|-heal|p1a: Darkrai|83/100 psn|[from] item: Leftovers
|-damage|p1a: Darkrai|71/100 psn|[from] psn
|upkeep
|
|t:|1757902390
|switch|p2a: Hoopa|Hoopa-Unbound|100/100
|turn|14
|
|t:|1757902395
|move|p1a: Darkrai|Dark Pulse|p2a: Hoopa
|-damage|p2a: Hoopa|18/100
|move|p2a: Hoopa|Focus Blast|p1a: Darkrai
|-supereffective|p1a: Darkrai
|-damage|p1a: Darkrai|1/100 psn
|
|-heal|p1a: Darkrai|7/100 psn|[from] item: Leftovers
|-damage|p1a: Darkrai|0 fnt|[from] psn
|faint|p1a: Darkrai
|upkeep
|
|t:|1757902406
|switch|p1a: Zamazenta|Zamazenta|100/100
|-ability|p1a: Zamazenta|Dauntless Shield|boost
|-boost|p1a: Zamazenta|def|1
|turn|15
|
|t:|1757902410
|move|p1a: Zamazenta|Crunch|p2a: Hoopa
|-damage|p2a: Hoopa|0 fnt
|faint|p2a: Hoopa
|
|upkeep
|
|t:|1757902412
|switch|p2a: Blaziken|Blaziken, F|100/100
|turn|16
|
|t:|1757902416
|move|p1a: Zamazenta|Iron Defense|p1a: Zamazenta
|-boost|p1a: Zamazenta|def|2
|move|p2a: Blaziken|Shadow Ball|p1a: Zamazenta
|-damage|p1a: Zamazenta|71/100
|
|-sideend|p1: bishop1|move: Aurora Veil
|upkeep
|turn|17
|
|t:|1757902419
|move|p1a: Zamazenta|Crunch|p2a: Blaziken
|-supereffective|p2a: Blaziken
|-damage|p2a: Blaziken|7/100
|replace|p2a: Zoroark|Zoroark-Hisui, M
|-end|p2a: Zoroark|Illusion
|move|p2a: Zoroark|Shadow Ball|p1a: Zamazenta
|-damage|p1a: Zamazenta|19/100
|
|upkeep
|turn|18
|
|t:|1757902424
|move|p1a: Zamazenta|Crunch|p2a: Zoroark
|-supereffective|p2a: Zoroark
|-damage|p2a: Zoroark|0 fnt
|faint|p2a: Zoroark
|
|upkeep
|
|t:|1757902425
|switch|p2a: Blaziken|Blaziken, F|100/100
|turn|19
|
|t:|1757902427
|move|p2a: Blaziken|Endure|p2a: Blaziken
|-singleturn|p2a: Blaziken|move: Endure
|move|p1a: Zamazenta|Rest|p1a: Zamazenta
|-status|p1a: Zamazenta|slp|[from] move: Rest
|-heal|p1a: Zamazenta|100/100 slp|[silent]
|-enditem|p1a: Zamazenta|Chesto Berry|[eat]
|-curestatus|p1a: Zamazenta|slp|[msg]
|
|-ability|p2a: Blaziken|Speed Boost|boost
|-boost|p2a: Blaziken|spe|1
|upkeep
|turn|20
|
|t:|1757902432
|move|p2a: Blaziken|Endure||[still]
|-fail|p2a: Blaziken
|move|p1a: Zamazenta|Body Press|p2a: Blaziken
|-damage|p2a: Blaziken|0 fnt
|faint|p2a: Blaziken
|
|upkeep
|
|t:|1757902434
|switch|p2a: Lycanroc|Lycanroc-Dusk, F|1/100
|turn|21
|
|t:|1757902436
|move|p1a: Zamazenta|Body Press|p2a: Lycanroc
|-supereffective|p2a: Lycanroc
|-damage|p2a: Lycanroc|0 fnt
|faint|p2a: Lycanroc
|
|win|bishop1
|raw|bishop1's rating: 1571 &rarr; <strong>1588</strong><br />(+17 for winning)
|raw|hongbong's rating: 1514 &rarr; <strong>1497</strong><br />(-17 for losing)
|l|☆hongbong
|player|p2|
|l|☆bishop1
|player|p1|
