|j|☆sptea
|j|☆ElisD24
|t:|1757848800
|gametype|singles
|player|p1|sptea|170|1214
|player|p2|ElisD24|102|1264
|gen|9
|tier|[Gen 9] OU
|rated|
|rule|HP Percentage Mod: HP is shown in percentages
|rule|Endless Battle Clause: Forcing endless battles is banned
|rule|Species Clause: Limit one of each Pokémon
|rule|OHKO Clause: OHKO moves are banned
|rule|Evasion Items Clause: Evasion items are banned
|rule|Evasion Moves Clause: Evasion moves are banned
|rule|Evasion Abilities Clause: Evasion abilities are banned
|rule|Sleep Moves Clause: Sleep-inducing moves are banned
|clearpoke
|poke|p1|Leavanny, F|
|poke|p1|Torkoal, F|
|poke|p1|Great Tusk|
|poke|p1|Raging Bolt|
|poke|p1|Walking Wake|
|poke|p1|Clefable, M|
|poke|p2|Landorus-Therian, M|
|poke|p2|Samurott-Hisui, F|
|poke|p2|Pecharunt|
|poke|p2|Scizor, M|
|poke|p2|Latios, M|
|poke|p2|Zamazenta-*|
|teampreview
|inactive|Battle timer is ON: inactive players will automatically lose when time's up. (requested by sptea)
|inactive|ElisD24 has 120 seconds left.
|
|t:|1757848833
|teamsize|p1|6
|teamsize|p2|6
|start
|switch|p1a: Torkoal|Torkoal, F|100/100
|switch|p2a: Landorus|Landorus-Therian, M|100/100
|-ability|p2a: Landorus|Intimidate|boost
|-unboost|p1a: Torkoal|atk|1
|-weather|SunnyDay|[from] ability: Drought|[of] p1a: Torkoal
|turn|1
|
|t:|1757848842
|switch|p1a: Clefable|Clefable, M|100/100
|move|p2a: Landorus|Stealth Rock|p1a: Clefable
|-sidestart|p1: sptea|move: Stealth Rock
|
|-weather|SunnyDay|[upkeep]
|upkeep
|turn|2
|
|t:|1757848853
|move|p2a: Landorus|U-turn|p1a: Clefable
|-resisted|p1a: Clefable
|-damage|p1a: Clefable|87/100
|
|t:|1757848863
|switch|p2a: Pecharunt|Pecharunt|100/100|[from] U-turn
|move|p1a: Clefable|Flamethrower|p2a: Pecharunt
|-damage|p2a: Pecharunt|69/100
|
|-weather|SunnyDay|[upkeep]
|-heal|p1a: Clefable|93/100|[from] item: Leftovers
|upkeep
|turn|3
|
|t:|1757848882
|switch|p1a: Raging Bolt|Raging Bolt|100/100
|-damage|p1a: Raging Bolt|88/100|[from] Stealth Rock
|-activate|p1a: Raging Bolt|ability: Protosynthesis
|-start|p1a: Raging Bolt|protosynthesisspa
|move|p2a: Pecharunt|Malignant Chain|p1a: Raging Bolt
|-damage|p1a: Raging Bolt|63/100
|-status|p1a: Raging Bolt|tox
|-start|p1a: Raging Bolt|confusion|[from] ability: Poison Puppeteer|[of] p2a: Pecharunt
|
|-weather|SunnyDay|[upkeep]
|-heal|p1a: Raging Bolt|70/100 tox|[from] item: Leftovers
|-damage|p1a: Raging Bolt|63/100 tox|[from] psn
|upkeep
|turn|4
|
|t:|1757848896
|move|p2a: Pecharunt|Parting Shot|p1a: Raging Bolt
|-unboost|p1a: Raging Bolt|atk|1
|-unboost|p1a: Raging Bolt|spa|1
|
|t:|1757848906
|switch|p2a: Samurott|Samurott-Hisui, F|100/100|[from] Parting Shot
|-activate|p1a: Raging Bolt|confusion
|move|p1a: Raging Bolt|Volt Switch|p2a: Samurott
|-supereffective|p2a: Samurott
|-damage|p2a: Samurott|31/100
|
|t:|1757848923
|-end|p1a: Raging Bolt|Protosynthesis|[silent]
|switch|p1a: Great Tusk|Great Tusk|100/100|[from] Volt Switch
|-damage|p1a: Great Tusk|98/100|[from] Stealth Rock
|-activate|p1a: Great Tusk|ability: Protosynthesis
|-start|p1a: Great Tusk|protosynthesisatk
|
|-weather|SunnyDay|[upkeep]
|upkeep
|turn|5
|inactive|ElisD24 has 120 seconds left.
|
|t:|1757848976
|switch|p2a: Pecharunt|Pecharunt|69/100
|move|p1a: Great Tusk|Rapid Spin|p2a: Pecharunt
|-immune|p2a: Pecharunt
|
|-weather|none
|-end|p1a: Great Tusk|Protosynthesis
|upkeep
|turn|6
|
|t:|1757848994
|-end|p1a: Great Tusk|Protosynthesis|[silent]
|switch|p1a: Raging Bolt|Raging Bolt|63/100 tox
|-damage|p1a: Raging Bolt|51/100 tox|[from] Stealth Rock
|move|p2a: Pecharunt|Parting Shot|p1a: Raging Bolt
|-unboost|p1a: Raging Bolt|atk|1
|-unboost|p1a: Raging Bolt|spa|1
|
|t:|1757849003
|switch|p2a: Landorus|Landorus-Therian, M|100/100|[from] Parting Shot
|-ability|p2a: Landorus|Intimidate|boost
|-unboost|p1a: Raging Bolt|atk|1
|
|-heal|p1a: Raging Bolt|57/100 tox|[from] item: Leftovers
|-damage|p1a: Raging Bolt|51/100 tox|[from] psn
|upkeep
|turn|7
|
|t:|1757849012
|-end|p1a: Raging Bolt|Protosynthesis|[silent]
|switch|p1a: Torkoal|Torkoal, F|100/100
|-weather|SunnyDay|[from] ability: Drought|[of] p1a: Torkoal
|move|p2a: Landorus|Earthquake|p1a: Torkoal
|-supereffective|p1a: Torkoal
|-damage|p1a: Torkoal|25/100
|
|-weather|SunnyDay|[upkeep]
|upkeep
|turn|8
|inactive|ElisD24 has 90 seconds left.
|
|t:|1757849038
|switch|p1a: Leavanny|Leavanny, F|100/100
|-damage|p1a: Leavanny|76/100|[from] Stealth Rock
|move|p2a: Landorus|Earthquake|p1a: Leavanny
|-resisted|p1a: Leavanny
|-damage|p1a: Leavanny|62/100
|
|-weather|SunnyDay|[upkeep]
|upkeep
|turn|9
|inactive|ElisD24 has 90 seconds left.
|
|t:|1757849053
|move|p1a: Leavanny|Reflect|p1a: Leavanny
|-sidestart|p1: sptea|Reflect
|move|p2a: Landorus|U-turn|p1a: Leavanny
|-supereffective|p1a: Leavanny
|-damage|p1a: Leavanny|36/100
|inactive|ElisD24 has 90 seconds left.
|
|t:|1757849065
|switch|p2a: Pecharunt|Pecharunt|69/100|[from] U-turn
|
|-weather|SunnyDay|[upkeep]
|upkeep
|turn|10
|inactive|ElisD24 has 90 seconds left.
|
|t:|1757849092
|move|p1a: Leavanny|Knock Off|p2a: Pecharunt
|-supereffective|p2a: Pecharunt
|-damage|p2a: Pecharunt|43/100
|-enditem|p2a: Pecharunt|Heavy-Duty Boots|[from] move: Knock Off|[of] p1a: Leavanny
|move|p2a: Pecharunt|Malignant Chain|p1a: Leavanny
|-supereffective|p1a: Leavanny
|-crit|p1a: Leavanny
|-damage|p1a: Leavanny|0 fnt
|faint|p1a: Leavanny
|
|-weather|SunnyDay|[upkeep]
|upkeep
|inactive|sptea has 120 seconds left.
|
|t:|1757849106
|switch|p1a: Walking Wake|Walking Wake|100/100
|-damage|p1a: Walking Wake|88/100|[from] Stealth Rock
|-activate|p1a: Walking Wake|ability: Protosynthesis
|-start|p1a: Walking Wake|protosynthesisspa
|turn|11
|inactive|ElisD24 has 90 seconds left.
|
|t:|1757849128
|switch|p2a: Landorus|Landorus-Therian, M|100/100
|-ability|p2a: Landorus|Intimidate|boost
|-unboost|p1a: Walking Wake|atk|1
|move|p1a: Walking Wake|Hydro Steam|p2a: Landorus
|-supereffective|p2a: Landorus
|-damage|p2a: Landorus|0 fnt
|faint|p2a: Landorus
|-damage|p1a: Walking Wake|78/100|[from] item: Life Orb
|
|-weather|none
|-end|p1a: Walking Wake|Protosynthesis
|upkeep
|inactive|ElisD24 has 60 seconds left.
|
|t:|1757849150
|switch|p2a: Latios|Latios, M|100/100
|turn|12
|
|t:|1757849165
|-end|p1a: Walking Wake|Protosynthesis|[silent]
|switch|p1a: Clefable|Clefable, M|93/100
|-damage|p1a: Clefable|81/100|[from] Stealth Rock
|move|p2a: Latios|Draco Meteor|p1a: Clefable
|-immune|p1a: Clefable
|
|-heal|p1a: Clefable|87/100|[from] item: Leftovers
|upkeep
|turn|13
|inactive|ElisD24 has 60 seconds left.
|
|t:|1757849211
|switch|p2a: Scizor|Scizor, M|100/100
|move|p1a: Clefable|Wish|p1a: Clefable
|
|-heal|p1a: Clefable|93/100|[from] item: Leftovers
|upkeep
|turn|14
|inactive|ElisD24 has 30 seconds left.
|
|t:|1757849228
|-terastallize|p2a: Scizor|Electric
|move|p2a: Scizor|Swords Dance|p2a: Scizor
|-boost|p2a: Scizor|atk|2
|move|p1a: Clefable|Flamethrower|p2a: Scizor
|-damage|p2a: Scizor|70/100
|-status|p2a: Scizor|brn
|
|-heal|p1a: Clefable|100/100|[from] move: Wish|[wisher] Clefable
|-damage|p2a: Scizor|64/100 brn|[from] brn
|upkeep
|turn|15
|-message|ElisD24 forfeited.
|
|win|sptea
|raw|sptea's rating: 1214 &rarr; <strong>1243</strong><br />(+29 for winning)
|raw|ElisD24's rating: 1264 &rarr; <strong>1235</strong><br />(-29 for losing)
|l|☆ElisD24
|player|p2|
|l|☆sptea
|player|p1|
