|j|‽YungWiiconnect24
|j|☆prideofpokemon
|t:|1757902282
|gametype|singles
|player|p1|YungWiiconnect24|lusamine-nihilego|1308
|player|p2|prideofpokemon|beauty-gen4dp|1288
|gen|9
|tier|[Gen 9] OU
|rated|
|rule|HP Percentage Mod: HP is shown in percentages
|rule|Endless Battle Clause: Forcing endless battles is banned
|rule|Species Clause: Limit one of each Pokémon
|rule|OHKO Clause: OHKO moves are banned
|rule|Evasion Items Clause: Evasion items are banned
|rule|Evasion Moves Clause: Evasion moves are banned
|rule|Evasion Abilities Clause: Evasion abilities are banned
|rule|Sleep Moves Clause: Sleep-inducing moves are banned
|clearpoke
|poke|p1|Glimmora, M|
|poke|p1|Frosmoth, M|
|poke|p1|Deoxys-Defense|
|poke|p1|Samurott-Hisui, F|
|poke|p1|Ditto|
|poke|p1|Grafaiai, F|
|poke|p2|Diancie|
|poke|p2|Jirachi|
|poke|p2|Manaphy|
|poke|p2|Ditto|
|poke|p2|Mew|
|poke|p2|Shaymin|
|teampreview
|j| sincerity's vessel
|
|t:|1757902294
|teamsize|p1|6
|teamsize|p2|6
|start
|switch|p1a: Glimmora|Glimmora, M, shiny|100/100
|switch|p2a: Diancie|Diancie|100/100
|turn|1
|
|t:|1757902298
|move|p1a: Glimmora|Toxic Spikes|p2a: Diancie
|-sidestart|p2: prideofpokemon|move: Toxic Spikes
|move|p2a: Diancie|Trick Room|p2a: Diancie
|-fieldstart|move: Trick Room|[of] p2a: Diancie
|
|upkeep
|turn|2
|
|t:|1757902301
|move|p2a: Diancie|Earth Power|p1a: Glimmora
|-supereffective|p1a: Glimmora
|-enditem|p1a: Glimmora|Focus Sash
|-damage|p1a: Glimmora|1/100
|move|p1a: Glimmora|Toxic Spikes|p2a: Diancie
|-sidestart|p2: prideofpokemon|move: Toxic Spikes
|
|upkeep
|turn|3
|
|t:|1757902305
|move|p2a: Diancie|Moonblast|p1a: Glimmora
|-resisted|p1a: Glimmora
|-damage|p1a: Glimmora|0 fnt
|faint|p1a: Glimmora
|
|upkeep
|
|t:|1757902314
|switch|p1a: Samurott|Samurott-Hisui, F|100/100
|turn|4
|
|t:|1757902318
|move|p2a: Diancie|Moonblast|p1a: Samurott
|-supereffective|p1a: Samurott
|-enditem|p1a: Samurott|Focus Sash
|-damage|p1a: Samurott|1/100
|-unboost|p1a: Samurott|spa|1
|move|p1a: Samurott|Ceaseless Edge|p2a: Diancie
|-resisted|p2a: Diancie
|-damage|p2a: Diancie|83/100
|-sidestart|p2: prideofpokemon|Spikes
|
|upkeep
|turn|5
|
|t:|1757902328
|move|p1a: Samurott|Aqua Jet|p2a: Diancie
|-supereffective|p2a: Diancie
|-damage|p2a: Diancie|53/100
|move|p2a: Diancie|Encore|p1a: Samurott
|-start|p1a: Samurott|Encore
|
|-fieldend|move: Trick Room
|upkeep
|turn|6
|
|t:|1757902346
|move|p1a: Samurott|Aqua Jet|p2a: Diancie
|-supereffective|p2a: Diancie
|-damage|p2a: Diancie|23/100
|move|p2a: Diancie|Trick Room|p2a: Diancie
|-fieldstart|move: Trick Room|[of] p2a: Diancie
|
|upkeep
|turn|7
|
|t:|1757902364
|move|p1a: Samurott|Aqua Jet|p2a: Diancie
|-supereffective|p2a: Diancie
|-crit|p2a: Diancie
|-damage|p2a: Diancie|0 fnt
|faint|p2a: Diancie
|
|upkeep
|
|t:|1757902374
|switch|p2a: Shaymin|Shaymin|100/100
|-status|p2a: Shaymin|tox
|-damage|p2a: Shaymin|88/100 tox|[from] Spikes
|turn|8
|
|t:|1757902384
|switch|p1a: Frosmoth|Frosmoth, M, shiny|100/100
|move|p2a: Shaymin|Petal Blizzard|p1a: Frosmoth
|-resisted|p1a: Frosmoth
|-damage|p1a: Frosmoth|53/100
|-damage|p2a: Shaymin|78/100 tox|[from] item: Life Orb
|
|-heal|p1a: Frosmoth|59/100|[from] item: Leftovers
|-damage|p2a: Shaymin|72/100 tox|[from] psn
|upkeep
|turn|9
|
|t:|1757902405
|-curestatus|p2a: Shaymin|tox|[from] ability: Natural Cure
|switch|p2a: Jirachi|Jirachi|100/100
|-damage|p2a: Jirachi|88/100|[from] Spikes
|move|p1a: Frosmoth|Ice Beam|p2a: Jirachi
|-resisted|p2a: Jirachi
|-damage|p2a: Jirachi|69/100
|-status|p2a: Jirachi|frz
|
|-heal|p1a: Frosmoth|65/100|[from] item: Leftovers
|upkeep
|turn|10
|
|t:|1757902416
|move|p1a: Frosmoth|Substitute|p1a: Frosmoth
|-start|p1a: Frosmoth|Substitute
|-damage|p1a: Frosmoth|40/100
|-curestatus|p2a: Jirachi|frz|[msg]
|move|p2a: Jirachi|Thunder|p1a: Frosmoth
|-activate|p1a: Frosmoth|move: Substitute|[damage]
|
|-heal|p1a: Frosmoth|46/100|[from] item: Leftovers
|-fieldend|move: Trick Room
|upkeep
|turn|11
|
|t:|1757902424
|move|p2a: Jirachi|Encore|p1a: Frosmoth
|-start|p1a: Frosmoth|Encore
|move|p1a: Frosmoth|Substitute|p1a: Frosmoth
|-fail|p1a: Frosmoth|move: Substitute
|
|-heal|p1a: Frosmoth|52/100|[from] item: Leftovers
|upkeep
|turn|12
|
|t:|1757902430
|move|p2a: Jirachi|Thunder|p1a: Frosmoth
|-end|p1a: Frosmoth|Substitute
|move|p1a: Frosmoth|Substitute|p1a: Frosmoth
|-start|p1a: Frosmoth|Substitute
|-damage|p1a: Frosmoth|28/100
|
|-heal|p1a: Frosmoth|34/100|[from] item: Leftovers
|upkeep
|turn|13
|
|t:|1757902436
|move|p2a: Jirachi|Thunder|p1a: Frosmoth|[miss]
|-miss|p2a: Jirachi|p1a: Frosmoth
|-enditem|p2a: Jirachi|Blunder Policy
|-boost|p2a: Jirachi|spe|2
|move|p1a: Frosmoth|Substitute|p1a: Frosmoth
|-fail|p1a: Frosmoth|move: Substitute
|
|-heal|p1a: Frosmoth|40/100|[from] item: Leftovers
|-end|p1a: Frosmoth|Encore
|upkeep
|turn|14
|
|t:|1757902439
|move|p2a: Jirachi|Encore|p1a: Frosmoth
|-start|p1a: Frosmoth|Encore
|move|p1a: Frosmoth|Substitute|p1a: Frosmoth
|-fail|p1a: Frosmoth|move: Substitute
|
|-heal|p1a: Frosmoth|46/100|[from] item: Leftovers
|upkeep
|turn|15
|
|t:|1757902444
|move|p2a: Jirachi|Calm Mind|p2a: Jirachi
|-boost|p2a: Jirachi|spa|1
|-boost|p2a: Jirachi|spd|1
|move|p1a: Frosmoth|Substitute|p1a: Frosmoth
|-fail|p1a: Frosmoth|move: Substitute
|
|-heal|p1a: Frosmoth|52/100|[from] item: Leftovers
|upkeep
|turn|16
|
|t:|1757902449
|move|p2a: Jirachi|Stored Power|p1a: Frosmoth
|-end|p1a: Frosmoth|Substitute
|move|p1a: Frosmoth|Substitute|p1a: Frosmoth
|-start|p1a: Frosmoth|Substitute
|-damage|p1a: Frosmoth|27/100
|
|-heal|p1a: Frosmoth|33/100|[from] item: Leftovers
|-end|p1a: Frosmoth|Encore
|upkeep
|turn|17
|
|t:|1757902451
|move|p2a: Jirachi|Encore|p1a: Frosmoth
|-start|p1a: Frosmoth|Encore
|move|p1a: Frosmoth|Substitute|p1a: Frosmoth
|-fail|p1a: Frosmoth|move: Substitute
|
|-heal|p1a: Frosmoth|39/100|[from] item: Leftovers
|upkeep
|turn|18
|
|t:|1757902454
|move|p2a: Jirachi|Stored Power|p1a: Frosmoth
|-end|p1a: Frosmoth|Substitute
|move|p1a: Frosmoth|Substitute|p1a: Frosmoth
|-start|p1a: Frosmoth|Substitute
|-damage|p1a: Frosmoth|14/100
|
|-heal|p1a: Frosmoth|20/100|[from] item: Leftovers
|upkeep
|turn|19
|
|t:|1757902457
|move|p2a: Jirachi|Stored Power|p1a: Frosmoth
|-end|p1a: Frosmoth|Substitute
|move|p1a: Frosmoth|Substitute|p1a: Frosmoth
|-fail|p1a: Frosmoth|move: Substitute|[weak]
|
|-heal|p1a: Frosmoth|26/100|[from] item: Leftovers
|-end|p1a: Frosmoth|Encore
|upkeep
|turn|20
|
|t:|1757902462
|move|p2a: Jirachi|Stored Power|p1a: Frosmoth
|-damage|p1a: Frosmoth|0 fnt
|faint|p1a: Frosmoth
|
|upkeep
|
|t:|1757902478
|switch|p1a: Ditto|Ditto|100/100
|-transform|p1a: Ditto|p2a: Jirachi|[from] ability: Imposter
|turn|21
|
|t:|1757902492
|-terastallize|p2a: Jirachi|Electric
|move|p1a: Ditto|Thunder|p2a: Jirachi
|-resisted|p2a: Jirachi
|-damage|p2a: Jirachi|55/100
|move|p2a: Jirachi|Thunder|p1a: Ditto
|-damage|p1a: Ditto|37/100
|
|upkeep
|turn|22
|
|t:|1757902502
|switch|p1a: Samurott|Samurott-Hisui, F|1/100
|move|p2a: Jirachi|Thunder|p1a: Samurott
|-supereffective|p1a: Samurott
|-damage|p1a: Samurott|0 fnt
|faint|p1a: Samurott
|
|upkeep
|
|t:|1757902503
|switch|p1a: Ditto|Ditto|37/100
|-transform|p1a: Ditto|p2a: Jirachi|[from] ability: Imposter
|-start|p1a: Ditto|typechange|Steel/Psychic|[silent]
|turn|23
|
|t:|1757902506
|move|p1a: Ditto|Stored Power|p2a: Jirachi
|-damage|p2a: Jirachi|14/100
|move|p2a: Jirachi|Thunder|p1a: Ditto|[miss]
|-miss|p2a: Jirachi|p1a: Ditto
|
|upkeep
|turn|24
|
|t:|1757902522
|move|p1a: Ditto|Stored Power|p2a: Jirachi
|-damage|p2a: Jirachi|0 fnt
|faint|p2a: Jirachi
|
|upkeep
|
|t:|1757902538
|switch|p2a: Ditto|Ditto|100/100
|-status|p2a: Ditto|tox
|-damage|p2a: Ditto|88/100 tox|[from] Spikes
|turn|25
|
|t:|1757902546
|switch|p2a: Shaymin|Shaymin|72/100
|-status|p2a: Shaymin|tox
|-damage|p2a: Shaymin|60/100 tox|[from] Spikes
|move|p1a: Ditto|Stored Power|p2a: Shaymin
|-damage|p2a: Shaymin|0 fnt
|faint|p2a: Shaymin
|
|upkeep
|
|t:|1757902549
|switch|p2a: Mew|Mew|100/100
|-status|p2a: Mew|tox
|-damage|p2a: Mew|88/100 tox|[from] Spikes
|turn|26
|
|t:|1757902552
|move|p1a: Ditto|Stored Power|p2a: Mew
|-resisted|p2a: Mew
|-damage|p2a: Mew|51/100 tox
|move|p2a: Mew|Flare Blitz|p1a: Ditto
|-supereffective|p1a: Ditto
|-damage|p1a: Ditto|0 fnt
|faint|p1a: Ditto
|-damage|p2a: Mew|41/100 tox|[from] Recoil
|-damage|p2a: Mew|31/100 tox|[from] item: Life Orb
|
|-damage|p2a: Mew|25/100 tox|[from] psn
|upkeep
|
|t:|1757902557
|switch|p1a: Grafaiai|Grafaiai, F|100/100
|turn|27
|
|t:|1757902564
|move|p1a: Grafaiai|Dig||[still]
|-prepare|p1a: Grafaiai|Dig
|move|p2a: Mew|Flare Blitz|p1a: Grafaiai|[miss]
|-miss|p2a: Mew|p1a: Grafaiai
|
|-damage|p2a: Mew|12/100 tox|[from] psn
|upkeep
|turn|28
|
|t:|1757902569
|move|p1a: Grafaiai|Dig|p2a: Mew|[from] lockedmove
|-damage|p2a: Mew|0 fnt
|faint|p2a: Mew
|
|upkeep
|
|t:|1757902571
|switch|p2a: Manaphy|Manaphy|100/100
|-status|p2a: Manaphy|tox
|-damage|p2a: Manaphy|88/100 tox|[from] Spikes
|turn|29
|
|t:|1757902574
|move|p1a: Grafaiai|Copycat|p1a: Grafaiai
|move|p1a: Grafaiai|Dig||[from] move: Copycat|[still]
|-prepare|p1a: Grafaiai|Dig
|move|p2a: Manaphy|Take Heart|p2a: Manaphy
|-boost|p2a: Manaphy|spa|1
|-boost|p2a: Manaphy|spd|1
|-curestatus|p2a: Manaphy|tox|[msg]
|
|-heal|p2a: Manaphy|94/100|[from] item: Leftovers
|upkeep
|turn|30
|
|t:|1757902596
|move|p1a: Grafaiai|Dig|p2a: Manaphy|[from] lockedmove
|-damage|p2a: Manaphy|72/100
|move|p2a: Manaphy|Acid Armor|p2a: Manaphy
|-boost|p2a: Manaphy|def|2
|
|-heal|p2a: Manaphy|79/100|[from] item: Leftovers
|upkeep
|turn|31
|
|t:|1757902605
|move|p1a: Grafaiai|Encore|p2a: Manaphy
|-start|p2a: Manaphy|Encore
|move|p2a: Manaphy|Acid Armor|p2a: Manaphy
|-boost|p2a: Manaphy|def|2
|
|-heal|p2a: Manaphy|85/100|[from] item: Leftovers
|upkeep
|turn|32
|
|t:|1757902610
|move|p1a: Grafaiai|Substitute|p1a: Grafaiai
|-start|p1a: Grafaiai|Substitute
|-damage|p1a: Grafaiai|76/100
|move|p2a: Manaphy|Acid Armor|p2a: Manaphy
|-boost|p2a: Manaphy|def|2
|
|-heal|p1a: Grafaiai|82/100|[from] item: Leftovers
|-heal|p2a: Manaphy|91/100|[from] item: Leftovers
|upkeep
|turn|33
|
|t:|1757902615
|move|p1a: Grafaiai|Dig||[still]
|-prepare|p1a: Grafaiai|Dig
|move|p2a: Manaphy|Acid Armor|p2a: Manaphy
|-boost|p2a: Manaphy|def|0
|
|-heal|p1a: Grafaiai|88/100|[from] item: Leftovers
|-heal|p2a: Manaphy|97/100|[from] item: Leftovers
|-end|p2a: Manaphy|Encore
|upkeep
|turn|34
|
|t:|1757902626
|move|p1a: Grafaiai|Dig|p2a: Manaphy|[from] lockedmove
|-damage|p2a: Manaphy|91/100
|move|p2a: Manaphy|Hydro Pump|p1a: Grafaiai
|-end|p1a: Grafaiai|Substitute
|
|-heal|p1a: Grafaiai|94/100|[from] item: Leftovers
|-heal|p2a: Manaphy|98/100|[from] item: Leftovers
|upkeep
|turn|35
|
|t:|1757902642
|move|p1a: Grafaiai|Copycat|p1a: Grafaiai
|move|p1a: Grafaiai|Hydro Pump|p2a: Manaphy|[from] move: Copycat
|-resisted|p2a: Manaphy
|-crit|p2a: Manaphy
|-damage|p2a: Manaphy|84/100
|move|p2a: Manaphy|Hydro Pump|p1a: Grafaiai|[miss]
|-miss|p2a: Manaphy|p1a: Grafaiai
|
|-heal|p1a: Grafaiai|99/100|[from] item: Leftovers
|-heal|p2a: Manaphy|90/100|[from] item: Leftovers
|upkeep
|turn|36
|
|t:|1757902653
|move|p1a: Grafaiai|Dig||[still]
|-prepare|p1a: Grafaiai|Dig
|move|p2a: Manaphy|Hydro Pump|p1a: Grafaiai|[miss]
|-miss|p2a: Manaphy|p1a: Grafaiai
|
|-heal|p1a: Grafaiai|100/100|[from] item: Leftovers
|-heal|p2a: Manaphy|96/100|[from] item: Leftovers
|upkeep
|turn|37
|
|t:|1757902659
|move|p1a: Grafaiai|Dig|p2a: Manaphy|[from] lockedmove
|-damage|p2a: Manaphy|90/100
|move|p2a: Manaphy|Hydro Pump|p1a: Grafaiai
|-damage|p1a: Grafaiai|0 fnt
|faint|p1a: Grafaiai
|
|-heal|p2a: Manaphy|96/100|[from] item: Leftovers
|upkeep
|
|t:|1757902663
|switch|p1a: Deoxys|Deoxys-Defense, shiny|100/100
|-ability|p1a: Deoxys|Pressure
|turn|38
|
|t:|1757902667
|-terastallize|p1a: Deoxys|Steel
|move|p2a: Manaphy|Take Heart|p2a: Manaphy
|-boost|p2a: Manaphy|spa|1
|-boost|p2a: Manaphy|spd|1
|move|p1a: Deoxys|Cosmic Power|p1a: Deoxys
|-boost|p1a: Deoxys|def|1
|-boost|p1a: Deoxys|spd|1
|
|-heal|p2a: Manaphy|100/100|[from] item: Leftovers
|upkeep
|turn|39
|
|t:|1757902675
|move|p2a: Manaphy|Hydro Pump|p1a: Deoxys
|-damage|p1a: Deoxys|65/100
|move|p1a: Deoxys|Cosmic Power|p1a: Deoxys
|-boost|p1a: Deoxys|def|1
|-boost|p1a: Deoxys|spd|1
|
|upkeep
|turn|40
|
|t:|1757902686
|switch|p2a: Ditto|Ditto|88/100 tox
|-damage|p2a: Ditto|76/100 tox|[from] Spikes
|-transform|p2a: Ditto|p1a: Deoxys|[from] ability: Imposter
|-ability|p2a: Ditto|Pressure
|move|p1a: Deoxys|Recover|p1a: Deoxys
|-heal|p1a: Deoxys|100/100
|
|-damage|p2a: Ditto|70/100 tox|[from] psn
|upkeep
|-start|p2a: Ditto|typechange|Psychic|[silent]
|turn|41
|
|t:|1757902703
|move|p2a: Ditto|Recover|p2a: Ditto
|-heal|p2a: Ditto|100/100 tox
|move|p1a: Deoxys|Cosmic Power|p1a: Deoxys
|-boost|p1a: Deoxys|def|1
|-boost|p1a: Deoxys|spd|1
|
|-damage|p2a: Ditto|88/100 tox|[from] psn
|upkeep
|turn|42
|
|t:|1757902707
|switch|p2a: Manaphy|Manaphy|100/100
|-status|p2a: Manaphy|tox
|-damage|p2a: Manaphy|88/100 tox|[from] Spikes
|move|p1a: Deoxys|Cosmic Power|p1a: Deoxys
|-boost|p1a: Deoxys|def|1
|-boost|p1a: Deoxys|spd|1
|
|-heal|p2a: Manaphy|94/100 tox|[from] item: Leftovers
|-damage|p2a: Manaphy|88/100 tox|[from] psn
|upkeep
|turn|43
|
|t:|1757902714
|move|p2a: Manaphy|Take Heart|p2a: Manaphy
|-boost|p2a: Manaphy|spa|1
|-boost|p2a: Manaphy|spd|1
|-curestatus|p2a: Manaphy|tox|[msg]
|move|p1a: Deoxys|Stored Power|p2a: Manaphy
|-damage|p2a: Manaphy|57/100
|
|-heal|p2a: Manaphy|63/100|[from] item: Leftovers
|upkeep
|turn|44
|
|t:|1757902722
|move|p2a: Manaphy|Heart Swap|p1a: Deoxys
|-swapboost|p2a: Manaphy|p1a: Deoxys|[from] move: Heart Swap
|move|p1a: Deoxys|Cosmic Power|p1a: Deoxys
|-boost|p1a: Deoxys|def|1
|-boost|p1a: Deoxys|spd|1
|
|-heal|p2a: Manaphy|69/100|[from] item: Leftovers
|upkeep
|turn|45
|
|t:|1757902739
|move|p2a: Manaphy|Take Heart|p2a: Manaphy
|-boost|p2a: Manaphy|spa|1
|-boost|p2a: Manaphy|spd|1
|move|p1a: Deoxys|Stored Power|p2a: Manaphy
|-damage|p2a: Manaphy|58/100
|
|-heal|p2a: Manaphy|65/100|[from] item: Leftovers
|upkeep
|turn|46
|
|t:|1757902744
|switch|p2a: Ditto|Ditto|88/100 tox
|-damage|p2a: Ditto|76/100 tox|[from] Spikes
|-transform|p2a: Ditto|p1a: Deoxys|[from] ability: Imposter
|-ability|p2a: Ditto|Pressure
|move|p1a: Deoxys|Cosmic Power|p1a: Deoxys
|-boost|p1a: Deoxys|def|1
|-boost|p1a: Deoxys|spd|1
|
|-damage|p2a: Ditto|70/100 tox|[from] psn
|upkeep
|-start|p2a: Ditto|typechange|Psychic|[silent]
|turn|47
|
|t:|1757902757
|move|p2a: Ditto|Cosmic Power|p2a: Ditto
|-boost|p2a: Ditto|def|1
|-boost|p2a: Ditto|spd|1
|move|p1a: Deoxys|Cosmic Power|p1a: Deoxys
|-boost|p1a: Deoxys|def|1
|-boost|p1a: Deoxys|spd|1
|
|-damage|p2a: Ditto|58/100 tox|[from] psn
|upkeep
|turn|48
|
|t:|1757902762
|switch|p2a: Manaphy|Manaphy|65/100
|-status|p2a: Manaphy|tox
|-damage|p2a: Manaphy|52/100 tox|[from] Spikes
|move|p1a: Deoxys|Cosmic Power|p1a: Deoxys
|-boost|p1a: Deoxys|def|1
|-boost|p1a: Deoxys|spd|1
|
|-heal|p2a: Manaphy|58/100 tox|[from] item: Leftovers
|-damage|p2a: Manaphy|52/100 tox|[from] psn
|upkeep
|turn|49
|
|t:|1757902765
|move|p2a: Manaphy|Heart Swap|p1a: Deoxys
|-swapboost|p2a: Manaphy|p1a: Deoxys|[from] move: Heart Swap
|move|p1a: Deoxys|Stored Power|p2a: Manaphy
|-damage|p2a: Manaphy|50/100 tox
|
|-heal|p2a: Manaphy|57/100 tox|[from] item: Leftovers
|-damage|p2a: Manaphy|44/100 tox|[from] psn
|upkeep
|turn|50
|
|t:|1757902774
|move|p2a: Manaphy|Take Heart|p2a: Manaphy
|-boost|p2a: Manaphy|spa|1
|-boost|p2a: Manaphy|spd|1
|-curestatus|p2a: Manaphy|tox|[msg]
|move|p1a: Deoxys|Cosmic Power|p1a: Deoxys
|-boost|p1a: Deoxys|def|1
|-boost|p1a: Deoxys|spd|1
|
|-heal|p2a: Manaphy|50/100|[from] item: Leftovers
|upkeep
|turn|51
|inactive|Battle timer is ON: inactive players will automatically lose when time's up. (requested by YungWiiconnect24)
|
|t:|1757902795
|switch|p2a: Ditto|Ditto|58/100 tox
|-damage|p2a: Ditto|46/100 tox|[from] Spikes
|-transform|p2a: Ditto|p1a: Deoxys|[from] ability: Imposter
|-ability|p2a: Ditto|Pressure
|move|p1a: Deoxys|Cosmic Power|p1a: Deoxys
|-boost|p1a: Deoxys|def|1
|-boost|p1a: Deoxys|spd|1
|
|-damage|p2a: Ditto|40/100 tox|[from] psn
|upkeep
|-start|p2a: Ditto|typechange|Psychic|[silent]
|turn|52
|
|t:|1757902801
|move|p2a: Ditto|Recover|p2a: Ditto
|-heal|p2a: Ditto|90/100 tox
|move|p1a: Deoxys|Stored Power|p2a: Ditto
|-resisted|p2a: Ditto
|-damage|p2a: Ditto|85/100 tox
|
|-damage|p2a: Ditto|73/100 tox|[from] psn
|upkeep
|turn|53
|
|t:|1757902807
|switch|p2a: Manaphy|Manaphy|50/100
|-status|p2a: Manaphy|tox
|-damage|p2a: Manaphy|38/100 tox|[from] Spikes
|move|p1a: Deoxys|Cosmic Power|p1a: Deoxys
|-boost|p1a: Deoxys|def|1
|-boost|p1a: Deoxys|spd|1
|
|-heal|p2a: Manaphy|44/100 tox|[from] item: Leftovers
|-damage|p2a: Manaphy|38/100 tox|[from] psn
|upkeep
|turn|54
|
|t:|1757902812
|move|p2a: Manaphy|Heart Swap|p1a: Deoxys
|-swapboost|p2a: Manaphy|p1a: Deoxys|[from] move: Heart Swap
|move|p1a: Deoxys|Cosmic Power|p1a: Deoxys
|-boost|p1a: Deoxys|def|1
|-boost|p1a: Deoxys|spd|1
|
|-heal|p2a: Manaphy|44/100 tox|[from] item: Leftovers
|-damage|p2a: Manaphy|32/100 tox|[from] psn
|upkeep
|turn|55
|
|t:|1757902814
|move|p2a: Manaphy|Take Heart|p2a: Manaphy
|-boost|p2a: Manaphy|spa|1
|-boost|p2a: Manaphy|spd|1
|-curestatus|p2a: Manaphy|tox|[msg]
|move|p1a: Deoxys|Cosmic Power|p1a: Deoxys
|-boost|p1a: Deoxys|def|1
|-boost|p1a: Deoxys|spd|1
|
|-heal|p2a: Manaphy|38/100|[from] item: Leftovers
|upkeep
|turn|56
|
|t:|1757902834
|move|p2a: Manaphy|Take Heart|p2a: Manaphy
|-boost|p2a: Manaphy|spa|1
|-boost|p2a: Manaphy|spd|1
|move|p1a: Deoxys|Stored Power|p2a: Manaphy
|-damage|p2a: Manaphy|30/100
|
|-heal|p2a: Manaphy|36/100|[from] item: Leftovers
|upkeep
|turn|57
|
|t:|1757902843
|move|p2a: Manaphy|Take Heart|p2a: Manaphy
|-boost|p2a: Manaphy|spa|1
|-boost|p2a: Manaphy|spd|1
|move|p1a: Deoxys|Drain Punch|p2a: Manaphy
|-damage|p2a: Manaphy|30/100
|
|-heal|p2a: Manaphy|36/100|[from] item: Leftovers
|upkeep
|turn|58
|
|t:|1757902847
|move|p2a: Manaphy|Take Heart|p2a: Manaphy
|-boost|p2a: Manaphy|spa|1
|-boost|p2a: Manaphy|spd|0
|move|p1a: Deoxys|Drain Punch|p2a: Manaphy
|-damage|p2a: Manaphy|31/100
|
|-heal|p2a: Manaphy|37/100|[from] item: Leftovers
|upkeep
|turn|59
|
|t:|1757902849
|move|p2a: Manaphy|Take Heart|p2a: Manaphy
|-boost|p2a: Manaphy|spa|1
|-boost|p2a: Manaphy|spd|0
|move|p1a: Deoxys|Drain Punch|p2a: Manaphy
|-damage|p2a: Manaphy|31/100
|
|-heal|p2a: Manaphy|38/100|[from] item: Leftovers
|upkeep
|turn|60
|
|t:|1757902851
|move|p2a: Manaphy|Take Heart|p2a: Manaphy
|-boost|p2a: Manaphy|spa|1
|-boost|p2a: Manaphy|spd|0
|move|p1a: Deoxys|Drain Punch|p2a: Manaphy
|-damage|p2a: Manaphy|32/100
|
|-heal|p2a: Manaphy|38/100|[from] item: Leftovers
|upkeep
|turn|61
|
|t:|1757902864
|move|p2a: Manaphy|Acid Armor|p2a: Manaphy
|-boost|p2a: Manaphy|def|2
|move|p1a: Deoxys|Stored Power|p2a: Manaphy
|-damage|p2a: Manaphy|32/100
|
|-heal|p2a: Manaphy|38/100|[from] item: Leftovers
|upkeep
|turn|62
|
|t:|1757902870
|move|p2a: Manaphy|Acid Armor|p2a: Manaphy
|-boost|p2a: Manaphy|def|1
|move|p1a: Deoxys|Cosmic Power|p1a: Deoxys
|-boost|p1a: Deoxys|def|1
|-boost|p1a: Deoxys|spd|1
|
|-heal|p2a: Manaphy|44/100|[from] item: Leftovers
|upkeep
|turn|63
|
|t:|1757902878
|move|p2a: Manaphy|Acid Armor|p2a: Manaphy
|-boost|p2a: Manaphy|def|0
|move|p1a: Deoxys|Cosmic Power|p1a: Deoxys
|-boost|p1a: Deoxys|def|1
|-boost|p1a: Deoxys|spd|1
|
|-heal|p2a: Manaphy|50/100|[from] item: Leftovers
|upkeep
|turn|64
|
|t:|1757902881
|move|p2a: Manaphy|Acid Armor|p2a: Manaphy
|-boost|p2a: Manaphy|def|0
|move|p1a: Deoxys|Cosmic Power|p1a: Deoxys
|-boost|p1a: Deoxys|def|1
|-boost|p1a: Deoxys|spd|1
|
|-heal|p2a: Manaphy|56/100|[from] item: Leftovers
|upkeep
|turn|65
|
|t:|1757902887
|move|p2a: Manaphy|Heart Swap|p1a: Deoxys
|-swapboost|p2a: Manaphy|p1a: Deoxys|[from] move: Heart Swap
|move|p1a: Deoxys|Stored Power|p2a: Manaphy
|-damage|p2a: Manaphy|0 fnt
|faint|p2a: Manaphy
|
|upkeep
|
|t:|1757902891
|switch|p2a: Ditto|Ditto|73/100 tox
|-damage|p2a: Ditto|60/100 tox|[from] Spikes
|-transform|p2a: Ditto|p1a: Deoxys|[from] ability: Imposter
|-ability|p2a: Ditto|Pressure
|-start|p2a: Ditto|typechange|Psychic|[silent]
|turn|66
|
|t:|1757902895
|move|p2a: Ditto|Stored Power|p1a: Deoxys
|-resisted|p1a: Deoxys
|-damage|p1a: Deoxys|71/100
|move|p1a: Deoxys|Stored Power|p2a: Ditto
|-resisted|p2a: Ditto
|-damage|p2a: Ditto|34/100 tox
|
|-damage|p2a: Ditto|28/100 tox|[from] psn
|upkeep
|turn|67
|c|☆prideofpokemon|fk
|
|t:|1757902908
|move|p2a: Ditto|Stored Power|p1a: Deoxys
|-resisted|p1a: Deoxys
|-damage|p1a: Deoxys|41/100
|move|p1a: Deoxys|Stored Power|p2a: Ditto
|-resisted|p2a: Ditto
|-damage|p2a: Ditto|0 fnt
|faint|p2a: Ditto
|
|win|YungWiiconnect24
|raw|YungWiiconnect24's rating: 1290 &rarr; <strong>1315</strong><br />(+25 for winning)
|raw|prideofpokemon's rating: 1288 &rarr; <strong>1263</strong><br />(-25 for losing)
|l|‽YungWiiconnect24
|player|p1|
|l|☆prideofpokemon
|player|p2|
