|j|☆suprya
|j|☆nmx123
|t:|1757955409
|gametype|singles
|player|p1|suprya|preschooler|1703
|player|p2|nmx123|1|1640
|gen|9
|tier|[Gen 9] OU
|rated|
|rule|HP Percentage Mod: HP is shown in percentages
|rule|Endless Battle Clause: Forcing endless battles is banned
|rule|Species Clause: Limit one of each Pokémon
|rule|OHKO Clause: OHKO moves are banned
|rule|Evasion Items Clause: Evasion items are banned
|rule|Evasion Moves Clause: Evasion moves are banned
|rule|Evasion Abilities Clause: Evasion abilities are banned
|rule|Sleep Moves Clause: Sleep-inducing moves are banned
|clearpoke
|poke|p1|Ursaluna, F|
|poke|p1|Alomomola, F|
|poke|p1|Sinistcha|
|poke|p1|Iron Treads|
|poke|p1|Iron Valiant|
|poke|p1|Hydreigon, F|
|poke|p2|Dragonite, F|
|poke|p2|Zamazenta-*|
|poke|p2|Ting-Lu|
|poke|p2|Gholdengo|
|poke|p2|Raging Bolt|
|poke|p2|Cinderace, F|
|teampreview
|inactive|Battle timer is ON: inactive players will automatically lose when time's up. (requested by suprya)
|inactive|nmx123 also wants the timer to be on.
|
|t:|1757955427
|teamsize|p1|6
|teamsize|p2|6
|start
|switch|p1a: Alomomola|Alomomola, F|100/100
|switch|p2a: Dragonite|Dragonite, F|100/100
|turn|1
|
|t:|1757955436
|move|p2a: Dragonite|Thunder Punch|p1a: Alomomola
|-supereffective|p1a: Alomomola
|-damage|p1a: Alomomola|48/100
|-status|p1a: Alomomola|par
|-damage|p2a: Dragonite|84/100|[from] item: Rocky Helmet|[of] p1a: Alomomola
|move|p1a: Alomomola|Flip Turn|p2a: Dragonite
|-resisted|p2a: Dragonite
|-damage|p2a: Dragonite|76/100
|
|t:|1757955444
|switch|p1a: Ursaluna|Ursaluna, F|100/100|[from] Flip Turn
|
|-status|p1a: Ursaluna|brn|[from] item: Flame Orb
|upkeep
|turn|2
|
|t:|1757955448
|switch|p2a: Zamazenta|Zamazenta|100/100
|-ability|p2a: Zamazenta|Dauntless Shield|boost
|-boost|p2a: Zamazenta|def|1
|move|p1a: Ursaluna|Fire Punch|p2a: Zamazenta
|-crit|p2a: Zamazenta
|-damage|p2a: Zamazenta|54/100
|
|-heal|p2a: Zamazenta|60/100|[from] item: Leftovers
|-damage|p1a: Ursaluna|94/100 brn|[from] brn
|upkeep
|turn|3
|
|t:|1757955453
|switch|p1a: Sinistcha|Sinistcha|100/100
|move|p2a: Zamazenta|Iron Defense|p2a: Zamazenta
|-boost|p2a: Zamazenta|def|2
|
|-heal|p2a: Zamazenta|66/100|[from] item: Leftovers
|upkeep
|turn|4
|
|t:|1757955459
|switch|p2a: Cinderace|Cinderace, F|100/100
|move|p1a: Sinistcha|Shadow Ball|p2a: Cinderace
|-damage|p2a: Cinderace|58/100
|
|upkeep
|turn|5
|
|t:|1757955463
|move|p2a: Cinderace|Pyro Ball|p1a: Sinistcha
|-supereffective|p1a: Sinistcha
|-damage|p1a: Sinistcha|54/100
|move|p1a: Sinistcha|Calm Mind|p1a: Sinistcha
|-boost|p1a: Sinistcha|spa|1
|-boost|p1a: Sinistcha|spd|1
|
|upkeep
|turn|6
|
|t:|1757955467
|move|p2a: Cinderace|Will-O-Wisp|p1a: Sinistcha
|-status|p1a: Sinistcha|brn
|move|p1a: Sinistcha|Strength Sap|p2a: Cinderace
|-unboost|p2a: Cinderace|atk|1
|-heal|p1a: Sinistcha|100/100 brn
|
|-damage|p1a: Sinistcha|98/100 brn|[from] brn
|upkeep
|turn|7
|
|t:|1757955471
|move|p2a: Cinderace|U-turn|p1a: Sinistcha
|-start|p2a: Cinderace|typechange|Bug|[from] ability: Libero
|-damage|p1a: Sinistcha|79/100 brn
|
|t:|1757955477
|switch|p2a: Ting-Lu|Ting-Lu|100/100|[from] U-turn
|-ability|p2a: Ting-Lu|Vessel of Ruin
|move|p1a: Sinistcha|Shadow Ball|p2a: Ting-Lu
|-resisted|p2a: Ting-Lu
|-damage|p2a: Ting-Lu|89/100
|
|-heal|p2a: Ting-Lu|95/100|[from] item: Leftovers
|-damage|p1a: Sinistcha|76/100 brn|[from] brn
|upkeep
|turn|8
|
|t:|1757955481
|move|p1a: Sinistcha|Matcha Gotcha|p2a: Ting-Lu
|-supereffective|p2a: Ting-Lu
|-damage|p2a: Ting-Lu|48/100
|-heal|p1a: Sinistcha|100/100 brn|[from] drain|[of] p2a: Ting-Lu
|move|p2a: Ting-Lu|Throat Chop|p1a: Sinistcha
|-supereffective|p1a: Sinistcha
|-damage|p1a: Sinistcha|50/100 brn
|-start|p1a: Sinistcha|Throat Chop|[silent]
|
|-heal|p2a: Ting-Lu|54/100|[from] item: Leftovers
|-damage|p1a: Sinistcha|47/100 brn|[from] brn
|upkeep
|turn|9
|
|t:|1757955492
|switch|p2a: Dragonite|Dragonite, F|76/100
|move|p1a: Sinistcha|Matcha Gotcha|p2a: Dragonite|[miss]
|-miss|p1a: Sinistcha|p2a: Dragonite
|
|-damage|p1a: Sinistcha|44/100 brn|[from] brn
|-end|p1a: Sinistcha|Throat Chop|[silent]
|upkeep
|turn|10
|
|t:|1757955499
|move|p1a: Sinistcha|Strength Sap|p2a: Dragonite
|-unboost|p2a: Dragonite|atk|1
|-heal|p1a: Sinistcha|100/100 brn
|move|p2a: Dragonite|Outrage|p1a: Sinistcha
|-damage|p1a: Sinistcha|53/100 brn
|
|-damage|p1a: Sinistcha|50/100 brn|[from] brn
|upkeep
|turn|11
|
|t:|1757955507
|move|p2a: Dragonite|Outrage|p1a: Sinistcha|[from] lockedmove
|-damage|p1a: Sinistcha|0 fnt
|faint|p1a: Sinistcha
|
|upkeep
|
|t:|1757955511
|switch|p1a: Iron Valiant|Iron Valiant|100/100
|turn|12
|
|t:|1757955514
|move|p1a: Iron Valiant|Moonblast|p2a: Dragonite
|-supereffective|p2a: Dragonite
|-damage|p2a: Dragonite|0 fnt
|faint|p2a: Dragonite
|
|upkeep
|
|t:|1757955516
|switch|p2a: Gholdengo|Gholdengo|100/100
|turn|13
|
|t:|1757955529
|-end|p1a: Iron Valiant|Quark Drive|[silent]
|switch|p1a: Iron Treads|Iron Treads|100/100
|move|p2a: Gholdengo|Shadow Ball|p1a: Iron Treads
|-damage|p1a: Iron Treads|55/100
|-damage|p2a: Gholdengo|91/100|[from] item: Life Orb
|
|-heal|p1a: Iron Treads|61/100|[from] item: Leftovers
|upkeep
|turn|14
|j| Le Bouquetin
|
|t:|1757955541
|switch|p2a: Zamazenta|Zamazenta|66/100
|move|p1a: Iron Treads|Earthquake|p2a: Zamazenta
|-damage|p2a: Zamazenta|38/100
|
|-heal|p2a: Zamazenta|44/100|[from] item: Leftovers
|-heal|p1a: Iron Treads|67/100|[from] item: Leftovers
|upkeep
|turn|15
|
|t:|1757955549
|-end|p1a: Iron Treads|Quark Drive|[silent]
|switch|p1a: Alomomola|Alomomola, F|82/100 par
|move|p2a: Zamazenta|Body Press|p1a: Alomomola
|-damage|p1a: Alomomola|55/100 par
|-damage|p2a: Zamazenta|27/100|[from] item: Rocky Helmet|[of] p1a: Alomomola
|
|-heal|p2a: Zamazenta|34/100|[from] item: Leftovers
|upkeep
|turn|16
|
|t:|1757955554
|move|p2a: Zamazenta|Iron Defense|p2a: Zamazenta
|-boost|p2a: Zamazenta|def|2
|move|p1a: Alomomola|Flip Turn|p2a: Zamazenta
|-damage|p2a: Zamazenta|29/100
|
|t:|1757955558
|switch|p1a: Hydreigon|Hydreigon, F|100/100|[from] Flip Turn
|
|-heal|p2a: Zamazenta|35/100|[from] item: Leftovers
|upkeep
|turn|17
|
|t:|1757955561
|move|p1a: Hydreigon|Draco Meteor|p2a: Zamazenta|[miss]
|-miss|p1a: Hydreigon|p2a: Zamazenta
|move|p2a: Zamazenta|Body Press|p1a: Hydreigon
|-supereffective|p1a: Hydreigon
|-damage|p1a: Hydreigon|0 fnt
|faint|p1a: Hydreigon
|
|-heal|p2a: Zamazenta|41/100|[from] item: Leftovers
|upkeep
|
|t:|1757955563
|switch|p1a: Iron Valiant|Iron Valiant|100/100
|turn|18
|l| Le Bouquetin
|
|t:|1757955571
|move|p2a: Zamazenta|Iron Head|p1a: Iron Valiant
|-supereffective|p1a: Iron Valiant
|-damage|p1a: Iron Valiant|40/100
|move|p1a: Iron Valiant|Moonblast|p2a: Zamazenta
|-supereffective|p2a: Zamazenta
|-damage|p2a: Zamazenta|0 fnt
|faint|p2a: Zamazenta
|
|upkeep
|
|t:|1757955575
|switch|p2a: Gholdengo|Gholdengo|91/100
|turn|19
|
|t:|1757955580
|-end|p1a: Iron Valiant|Quark Drive|[silent]
|switch|p1a: Ursaluna|Ursaluna, F|94/100 brn
|move|p2a: Gholdengo|Shadow Ball|p1a: Ursaluna
|-immune|p1a: Ursaluna
|
|-damage|p1a: Ursaluna|88/100 brn|[from] brn
|upkeep
|turn|20
|
|t:|1757955589
|-terastallize|p2a: Gholdengo|Water
|move|p2a: Gholdengo|Make It Rain|p1a: Ursaluna
|-damage|p1a: Ursaluna|7/100 brn
|-unboost|p2a: Gholdengo|spa|1
|-damage|p2a: Gholdengo|81/100|[from] item: Life Orb
|move|p1a: Ursaluna|Headlong Rush|p2a: Gholdengo
|-damage|p2a: Gholdengo|0 fnt
|-unboost|p1a: Ursaluna|def|1
|-unboost|p1a: Ursaluna|spd|1
|faint|p2a: Gholdengo
|
|-damage|p1a: Ursaluna|1/100 brn|[from] brn
|upkeep
|
|t:|1757955597
|switch|p2a: Cinderace|Cinderace, F|58/100
|turn|21
|
|t:|1757955601
|switch|p1a: Alomomola|Alomomola, F|88/100 par
|move|p2a: Cinderace|U-turn|p1a: Alomomola
|-start|p2a: Cinderace|typechange|Bug|[from] ability: Libero
|-damage|p1a: Alomomola|68/100 par
|-damage|p2a: Cinderace|41/100|[from] item: Rocky Helmet|[of] p1a: Alomomola
|
|t:|1757955608
|switch|p2a: Raging Bolt|Raging Bolt|100/100|[from] U-turn
|
|upkeep
|turn|22
|
|t:|1757955612
|switch|p1a: Iron Treads|Iron Treads|67/100
|move|p2a: Raging Bolt|Thunderbolt|p1a: Iron Treads
|-immune|p1a: Iron Treads
|
|-heal|p1a: Iron Treads|73/100|[from] item: Leftovers
|upkeep
|turn|23
|
|t:|1757955616
|-end|p2a: Raging Bolt|Protosynthesis|[silent]
|switch|p2a: Ting-Lu|Ting-Lu|54/100
|-ability|p2a: Ting-Lu|Vessel of Ruin
|move|p1a: Iron Treads|Earthquake|p2a: Ting-Lu
|-damage|p2a: Ting-Lu|32/100
|
|-heal|p1a: Iron Treads|79/100|[from] item: Leftovers
|-heal|p2a: Ting-Lu|38/100|[from] item: Leftovers
|upkeep
|turn|24
|j| poawh
|
|t:|1757955624
|-end|p1a: Iron Treads|Quark Drive|[silent]
|switch|p1a: Alomomola|Alomomola, F|100/100 par
|move|p2a: Ting-Lu|Earthquake|p1a: Alomomola
|-damage|p1a: Alomomola|76/100 par
|
|-heal|p2a: Ting-Lu|44/100|[from] item: Leftovers
|upkeep
|turn|25
|
|t:|1757955630
|move|p2a: Ting-Lu|Stealth Rock|p1a: Alomomola
|-sidestart|p1: suprya|move: Stealth Rock
|cant|p1a: Alomomola|par
|
|-heal|p2a: Ting-Lu|50/100|[from] item: Leftovers
|upkeep
|turn|26
|
|t:|1757955634
|switch|p2a: Raging Bolt|Raging Bolt|100/100
|move|p1a: Alomomola|Wish|p1a: Alomomola
|
|upkeep
|turn|27
|
|t:|1757955637
|switch|p1a: Iron Treads|Iron Treads|79/100
|-damage|p1a: Iron Treads|76/100|[from] Stealth Rock
|move|p2a: Raging Bolt|Draco Meteor|p1a: Iron Treads
|-resisted|p1a: Iron Treads
|-damage|p1a: Iron Treads|38/100
|-unboost|p2a: Raging Bolt|spa|2
|-damage|p2a: Raging Bolt|91/100|[from] item: Life Orb
|
|-heal|p1a: Iron Treads|99/100|[from] move: Wish|[wisher] Alomomola
|-heal|p1a: Iron Treads|100/100|[from] item: Leftovers
|upkeep
|turn|28
|
|t:|1757955647
|-end|p2a: Raging Bolt|Protosynthesis|[silent]
|switch|p2a: Ting-Lu|Ting-Lu|50/100
|-ability|p2a: Ting-Lu|Vessel of Ruin
|move|p1a: Iron Treads|Stealth Rock|p2a: Ting-Lu
|-sidestart|p2: nmx123|move: Stealth Rock
|
|-heal|p2a: Ting-Lu|57/100|[from] item: Leftovers
|upkeep
|turn|29
|
|t:|1757955650
|-end|p1a: Iron Treads|Quark Drive|[silent]
|switch|p1a: Alomomola|Alomomola, F|100/100 par
|-damage|p1a: Alomomola|88/100 par|[from] Stealth Rock
|move|p2a: Ting-Lu|Earthquake|p1a: Alomomola
|-damage|p1a: Alomomola|66/100 par
|
|-heal|p2a: Ting-Lu|63/100|[from] item: Leftovers
|upkeep
|turn|30
|
|t:|1757955659
|move|p2a: Ting-Lu|Earthquake|p1a: Alomomola
|-damage|p1a: Alomomola|43/100 par
|move|p1a: Alomomola|Flip Turn|p2a: Ting-Lu
|-supereffective|p2a: Ting-Lu
|-damage|p2a: Ting-Lu|47/100
|
|t:|1757955664
|switch|p1a: Iron Valiant|Iron Valiant|40/100|[from] Flip Turn
|-damage|p1a: Iron Valiant|34/100|[from] Stealth Rock
|
|-heal|p2a: Ting-Lu|53/100|[from] item: Leftovers
|upkeep
|turn|31
|
|t:|1757955674
|move|p1a: Iron Valiant|Moonblast|p2a: Ting-Lu
|-supereffective|p2a: Ting-Lu
|-damage|p2a: Ting-Lu|0 fnt
|faint|p2a: Ting-Lu
|
|upkeep
|
|t:|1757955676
|switch|p2a: Cinderace|Cinderace, F|41/100
|turn|32
|
|t:|1757955682
|-end|p1a: Iron Valiant|Quark Drive|[silent]
|switch|p1a: Alomomola|Alomomola, F|76/100 par
|-damage|p1a: Alomomola|64/100 par|[from] Stealth Rock
|move|p2a: Cinderace|Pyro Ball|p1a: Alomomola|[miss]
|-miss|p2a: Cinderace|p1a: Alomomola
|
|upkeep
|turn|33
|
|t:|1757955695
|move|p2a: Cinderace|Pyro Ball|p1a: Alomomola
|-resisted|p1a: Alomomola
|-damage|p1a: Alomomola|46/100 par
|move|p1a: Alomomola|Flip Turn|p2a: Cinderace
|-supereffective|p2a: Cinderace
|-crit|p2a: Cinderace
|-damage|p2a: Cinderace|0 fnt
|faint|p2a: Cinderace
|
|t:|1757955700
|switch|p1a: Iron Treads|Iron Treads|100/100|[from] Flip Turn
|-damage|p1a: Iron Treads|98/100|[from] Stealth Rock
|
|-heal|p1a: Iron Treads|100/100|[from] item: Leftovers
|upkeep
|
|t:|1757955702
|switch|p2a: Raging Bolt|Raging Bolt|91/100
|-damage|p2a: Raging Bolt|78/100|[from] Stealth Rock
|turn|34
|
|t:|1757955704
|move|p1a: Iron Treads|Earthquake|p2a: Raging Bolt
|-supereffective|p2a: Raging Bolt
|-damage|p2a: Raging Bolt|19/100
|move|p2a: Raging Bolt|Draco Meteor|p1a: Iron Treads|[miss]
|-miss|p2a: Raging Bolt|p1a: Iron Treads
|
|upkeep
|turn|35
|
|t:|1757955707
|move|p1a: Iron Treads|Earthquake|p2a: Raging Bolt
|-supereffective|p2a: Raging Bolt
|-damage|p2a: Raging Bolt|0 fnt
|faint|p2a: Raging Bolt
|-end|p2a: Raging Bolt|Protosynthesis|[silent]
|
|win|suprya
|raw|suprya's rating: 1703 &rarr; <strong>1719</strong><br />(+16 for winning)
|raw|nmx123's rating: 1640 &rarr; <strong>1624</strong><br />(-16 for losing)
|l|☆nmx123
|player|p2|
|l|☆suprya
|player|p1|
|l| poawh
