|j|☆wafuuuer
|j|☆zast3133
|t:|1757909745
|gametype|singles
|player|p1|wafuuuer|266|1296
|player|p2|zast3133|nate|1340
|gen|9
|tier|[Gen 9] OU
|rated|
|rule|HP Percentage Mod: HP is shown in percentages
|rule|Endless Battle Clause: Forcing endless battles is banned
|rule|Species Clause: Limit one of each Pokémon
|rule|OHKO Clause: OHKO moves are banned
|rule|Evasion Items Clause: Evasion items are banned
|rule|Evasion Moves Clause: Evasion moves are banned
|rule|Evasion Abilities Clause: Evasion abilities are banned
|rule|Sleep Moves Clause: Sleep-inducing moves are banned
|clearpoke
|poke|p1|Ting-Lu|
|poke|p1|Darkrai|
|poke|p1|Corviknight, M|
|poke|p1|Fezandipiti, M|
|poke|p1|Pecharunt|
|poke|p1|Latios, M|
|poke|p2|Raging Bolt|
|poke|p2|Dondozo, M|
|poke|p2|Scizor, M|
|poke|p2|Iron Crown|
|poke|p2|Clefable, F|
|poke|p2|Primeape, M|
|teampreview
|inactive|Battle timer is ON: inactive players will automatically lose when time's up. (requested by wafuuuer)
|
|t:|1757909754
|teamsize|p1|6
|teamsize|p2|6
|start
|switch|p1a: Yagami|Darkrai, shiny|100/100
|switch|p2a: Clefable|Clefable, F, shiny|100/100
|turn|1
|
|t:|1757909761
|-terastallize|p1a: Yagami|Poison
|move|p1a: Yagami|Sludge Bomb|p2a: Clefable
|-supereffective|p2a: Clefable
|-damage|p2a: Clefable|33/100
|move|p2a: Clefable|Stealth Rock|p1a: Yagami
|-sidestart|p1: wafuuuer|move: Stealth Rock
|
|-heal|p2a: Clefable|39/100|[from] item: Leftovers
|upkeep
|turn|2
|
|t:|1757909771
|move|p1a: Yagami|Knock Off|p2a: Clefable
|-resisted|p2a: Clefable
|-damage|p2a: Clefable|21/100
|-enditem|p2a: Clefable|Leftovers|[from] move: Knock Off|[of] p1a: Yagami
|move|p2a: Clefable|Thunder Wave|p1a: Yagami
|-status|p1a: Yagami|par
|
|upkeep
|turn|3
|
|t:|1757909780
|move|p1a: Yagami|Sludge Bomb|p2a: Clefable
|-supereffective|p2a: Clefable
|-damage|p2a: Clefable|0 fnt
|faint|p2a: Clefable
|
|upkeep
|
|t:|1757909786
|switch|p2a: Primeape|Primeape, M, shiny|100/100
|turn|4
|l|☆wafuuuer
|inactive|wafuuuer disconnected and has a minute to reconnect!
|player|p1|
|j|☆wafuuuer
|inactive|wafuuuer reconnected and has 145 seconds left.
|player|p1|wafuuuer|266|
|
|t:|1757909803
|move|p2a: Primeape|Bulk Up|p2a: Primeape
|-boost|p2a: Primeape|atk|1
|-boost|p2a: Primeape|def|1
|move|p1a: Yagami|Knock Off|p2a: Primeape
|-resisted|p2a: Primeape
|-damage|p2a: Primeape|90/100
|-enditem|p2a: Primeape|Eviolite|[from] move: Knock Off|[of] p1a: Yagami
|
|upkeep
|turn|5
|
|t:|1757909813
|move|p2a: Primeape|Bulk Up|p2a: Primeape
|-boost|p2a: Primeape|atk|1
|-boost|p2a: Primeape|def|1
|cant|p1a: Yagami|par
|
|upkeep
|turn|6
|
|t:|1757909821
|move|p2a: Primeape|Drain Punch|p1a: Yagami
|-resisted|p1a: Yagami
|-damage|p1a: Yagami|62/100 par
|-heal|p2a: Primeape|100/100|[from] drain|[of] p1a: Yagami
|move|p1a: Yagami|Sludge Bomb|p2a: Primeape
|-damage|p2a: Primeape|59/100
|
|upkeep
|turn|7
|
|t:|1757909829
|move|p2a: Primeape|Drain Punch|p1a: Yagami
|-resisted|p1a: Yagami
|-damage|p1a: Yagami|29/100 par
|-heal|p2a: Primeape|73/100|[from] drain|[of] p1a: Yagami
|move|p1a: Yagami|Sludge Bomb|p2a: Primeape
|-damage|p2a: Primeape|28/100
|
|upkeep
|turn|8
|
|t:|1757909841
|move|p2a: Primeape|Rage Fist|p1a: Yagami
|-damage|p1a: Yagami|0 fnt
|faint|p1a: Yagami
|
|upkeep
|inactive|wafuuuer has 120 seconds left.
|
|t:|1757909866
|switch|p1a: Avalon|Latios, M, shiny|100/100
|-damage|p1a: Avalon|88/100|[from] Stealth Rock
|turn|9
|
|t:|1757909871
|-terastallize|p2a: Primeape|Electric
|move|p1a: Avalon|Dragon Pulse|p2a: Primeape
|-crit|p2a: Primeape
|-damage|p2a: Primeape|0 fnt
|faint|p2a: Primeape
|
|upkeep
|
|t:|1757909878
|switch|p2a: Scizor|Scizor, M, shiny|100/100
|turn|10
|
|t:|1757909888
|switch|p1a: Yami|Corviknight, M, shiny|100/100
|-damage|p1a: Yami|88/100|[from] Stealth Rock
|-ability|p1a: Yami|Pressure
|move|p2a: Scizor|U-turn|p1a: Yami
|-resisted|p1a: Yami
|-damage|p1a: Yami|79/100
|-damage|p2a: Scizor|84/100|[from] item: Rocky Helmet|[of] p1a: Yami
|
|t:|1757909897
|switch|p2a: Raging Bolt|Raging Bolt|100/100|[from] U-turn
|-enditem|p2a: Raging Bolt|Booster Energy
|-activate|p2a: Raging Bolt|ability: Protosynthesis|[fromitem]
|-start|p2a: Raging Bolt|protosynthesisspa
|
|upkeep
|turn|11
|
|t:|1757909904
|switch|p1a: Goliath|Ting-Lu|100/100
|-damage|p1a: Goliath|94/100|[from] Stealth Rock
|-ability|p1a: Goliath|Vessel of Ruin
|move|p2a: Raging Bolt|Calm Mind|p2a: Raging Bolt
|-boost|p2a: Raging Bolt|spa|1
|-boost|p2a: Raging Bolt|spd|1
|
|-heal|p1a: Goliath|100/100|[from] item: Leftovers
|upkeep
|turn|12
|
|t:|1757909915
|move|p2a: Raging Bolt|Dragon Pulse|p1a: Goliath
|-damage|p1a: Goliath|61/100
|move|p1a: Goliath|Ruination|p2a: Raging Bolt
|-damage|p2a: Raging Bolt|50/100
|
|-heal|p1a: Goliath|67/100|[from] item: Leftovers
|upkeep
|turn|13
|
|t:|1757909923
|move|p2a: Raging Bolt|Dragon Pulse|p1a: Goliath
|-damage|p1a: Goliath|23/100
|move|p1a: Goliath|Earthquake|p2a: Raging Bolt
|-supereffective|p2a: Raging Bolt
|-damage|p2a: Raging Bolt|0 fnt
|faint|p2a: Raging Bolt
|-end|p2a: Raging Bolt|Protosynthesis|[silent]
|
|-heal|p1a: Goliath|29/100|[from] item: Leftovers
|upkeep
|
|t:|1757909935
|switch|p2a: Iron Crown|Iron Crown|100/100
|-item|p2a: Iron Crown|Air Balloon
|turn|14
|
|t:|1757909949
|switch|p1a: Yami|Corviknight, M, shiny|79/100
|-damage|p1a: Yami|67/100|[from] Stealth Rock
|-ability|p1a: Yami|Pressure
|move|p2a: Iron Crown|Calm Mind|p2a: Iron Crown
|-boost|p2a: Iron Crown|spa|1
|-boost|p2a: Iron Crown|spd|1
|
|upkeep
|turn|15
|
|t:|1757909958
|move|p2a: Iron Crown|Focus Blast|p1a: Yami
|-damage|p1a: Yami|6/100
|move|p1a: Yami|Body Press|p2a: Iron Crown
|-damage|p2a: Iron Crown|74/100
|-enditem|p2a: Iron Crown|Air Balloon
|
|upkeep
|turn|16
|
|t:|1757909966
|move|p2a: Iron Crown|Tachyon Cutter|p1a: Yami
|-resisted|p1a: Yami
|-damage|p1a: Yami|0 fnt
|faint|p1a: Yami
|-hitcount|p1: Yami|1
|
|upkeep
|
|t:|1757909982
|switch|p1a: Overseer|Pecharunt|100/100
|turn|17
|
|t:|1757909986
|move|p2a: Iron Crown|Psyshock|p1a: Overseer
|-supereffective|p1a: Overseer
|-damage|p1a: Overseer|40/100
|move|p1a: Overseer|Foul Play|p2a: Iron Crown
|-supereffective|p2a: Iron Crown
|-damage|p2a: Iron Crown|44/100
|
|upkeep
|turn|18
|
|t:|1757909993
|switch|p1a: Goliath|Ting-Lu|29/100
|-damage|p1a: Goliath|23/100|[from] Stealth Rock
|-ability|p1a: Goliath|Vessel of Ruin
|move|p2a: Iron Crown|Psyshock|p1a: Goliath
|-immune|p1a: Goliath
|
|-heal|p1a: Goliath|29/100|[from] item: Leftovers
|upkeep
|turn|19
|
|t:|1757910004
|move|p2a: Iron Crown|Tachyon Cutter|p1a: Goliath
|-damage|p1a: Goliath|14/100
|-damage|p1a: Goliath|0 fnt
|faint|p1a: Goliath
|-hitcount|p1: Goliath|2
|
|upkeep
|
|t:|1757910006
|switch|p1a: Avalon|Latios, M, shiny|88/100
|-damage|p1a: Avalon|76/100|[from] Stealth Rock
|turn|20
|
|t:|1757910016
|move|p1a: Avalon|Aura Sphere|p2a: Iron Crown
|-damage|p2a: Iron Crown|25/100
|move|p2a: Iron Crown|Psyshock|p1a: Avalon
|-resisted|p1a: Avalon
|-damage|p1a: Avalon|37/100
|
|upkeep
|turn|21
|
|t:|1757910025
|move|p1a: Avalon|Recover|p1a: Avalon
|-heal|p1a: Avalon|87/100
|move|p2a: Iron Crown|Tachyon Cutter|p1a: Avalon
|-damage|p1a: Avalon|47/100
|-damage|p1a: Avalon|5/100
|-hitcount|p1a: Avalon|2
|
|upkeep
|turn|22
|
|t:|1757910033
|move|p1a: Avalon|Psychic Noise|p2a: Iron Crown
|-resisted|p2a: Iron Crown
|-damage|p2a: Iron Crown|18/100
|-start|p2a: Iron Crown|move: Heal Block
|move|p2a: Iron Crown|Tachyon Cutter|p1a: Avalon
|-damage|p1a: Avalon|0 fnt
|faint|p1a: Avalon
|-hitcount|p1: Avalon|1
|
|upkeep
|
|t:|1757910037
|switch|p1a: Cosmic Owl|Fezandipiti, M|100/100
|turn|23
|
|t:|1757910045
|move|p2a: Iron Crown|Psyshock|p1a: Cosmic Owl
|-supereffective|p1a: Cosmic Owl
|-damage|p1a: Cosmic Owl|0 fnt
|faint|p1a: Cosmic Owl
|
|-end|p2a: Iron Crown|move: Heal Block
|upkeep
|-message|wafuuuer forfeited.
|
|win|zast3133
|raw|wafuuuer's rating: 1296 &rarr; <strong>1274</strong><br />(-22 for losing)
|raw|zast3133's rating: 1340 &rarr; <strong>1357</strong><br />(+17 for winning)
|l|☆wafuuuer
|player|p1|
|l|☆zast3133
|player|p2|
