|j|☆567crazy
|j|☆cacomixtle
|t:|1757909446
|gametype|singles
|player|p1|567crazy|101|1004
|player|p2|cacomixtle|2|1013
|gen|9
|tier|[Gen 9] OU
|rated|
|rule|HP Percentage Mod: HP is shown in percentages
|rule|Endless Battle Clause: Forcing endless battles is banned
|rule|Species Clause: Limit one of each Pokémon
|rule|OHKO Clause: OHKO moves are banned
|rule|Evasion Items Clause: Evasion items are banned
|rule|Evasion Moves Clause: Evasion moves are banned
|rule|Evasion Abilities Clause: Evasion abilities are banned
|rule|Sleep Moves Clause: Sleep-inducing moves are banned
|clearpoke
|poke|p1|Zoroark-Hisui, M|
|poke|p1|Metagross|
|poke|p1|Dragapult, M|
|poke|p1|Lapras, F|
|poke|p1|Iron Valiant|
|poke|p1|Blissey, F|
|poke|p2|Excadrill, M|
|poke|p2|Whimsicott, F|
|poke|p2|Braviary, M|
|poke|p2|Reuniclus, M|
|poke|p2|Hydreigon, M|
|poke|p2|Samurott, M|
|teampreview
|
|t:|1757909459
|teamsize|p1|6
|teamsize|p2|6
|start
|switch|p1a: Metagross|Metagross|100/100
|switch|p2a: Whimsicott|Whimsicott, F|100/100
|turn|1
|
|t:|1757909475
|move|p2a: Whimsicott|Moonblast|p1a: Metagross
|-resisted|p1a: Metagross
|-damage|p1a: Metagross|85/100
|move|p1a: Metagross|Heavy Slam|p2a: Whimsicott
|-supereffective|p2a: Whimsicott
|-enditem|p2a: Whimsicott|Focus Sash
|-damage|p2a: Whimsicott|1/100
|
|upkeep
|turn|2
|
|t:|1757909492
|move|p2a: Whimsicott|Tailwind|p2a: Whimsicott
|-sidestart|p2: cacomixtle|move: Tailwind
|move|p1a: Metagross|Earthquake|p2a: Whimsicott
|-resisted|p2a: Whimsicott
|-damage|p2a: Whimsicott|0 fnt
|faint|p2a: Whimsicott
|
|upkeep
|
|t:|1757909499
|switch|p2a: Hydreigon|Hydreigon, M|100/100
|turn|3
|
|t:|1757909510
|move|p2a: Hydreigon|Flamethrower|p1a: Metagross
|-supereffective|p1a: Metagross
|-damage|p1a: Metagross|0 fnt
|faint|p1a: Metagross
|
|upkeep
|
|t:|1757909537
|switch|p1a: Iron Valiant|Iron Valiant|100/100
|-enditem|p1a: Iron Valiant|Booster Energy
|-activate|p1a: Iron Valiant|ability: Quark Drive|[fromitem]
|-start|p1a: Iron Valiant|quarkdrivespe
|turn|4
|
|t:|1757909556
|move|p2a: Hydreigon|Flamethrower|p1a: Iron Valiant
|-damage|p1a: Iron Valiant|26/100
|move|p1a: Iron Valiant|Calm Mind|p1a: Iron Valiant
|-boost|p1a: Iron Valiant|spa|1
|-boost|p1a: Iron Valiant|spd|1
|
|upkeep
|turn|5
|
|t:|1757909562
|move|p2a: Hydreigon|Flamethrower|p1a: Iron Valiant
|-damage|p1a: Iron Valiant|0 fnt
|faint|p1a: Iron Valiant
|-end|p1a: Iron Valiant|Quark Drive|[silent]
|
|-sideend|p2: cacomixtle|move: Tailwind
|upkeep
|
|t:|1757909571
|switch|p1a: Blissey|Blissey, F|100/100
|turn|6
|
|t:|1757909589
|switch|p2a: Braviary|Braviary, M|100/100
|move|p1a: Blissey|Light Screen|p1a: Blissey
|-sidestart|p1: 567crazy|move: Light Screen
|
|upkeep
|turn|7
|
|t:|1757909598
|move|p2a: Braviary|Close Combat|p1a: Blissey
|-supereffective|p1a: Blissey
|-damage|p1a: Blissey|35/100
|-unboost|p2a: Braviary|def|1
|-unboost|p2a: Braviary|spd|1
|-damage|p2a: Braviary|84/100|[from] item: Rocky Helmet|[of] p1a: Blissey
|move|p1a: Blissey|Seismic Toss|p2a: Braviary
|-damage|p2a: Braviary|55/100
|
|upkeep
|turn|8
|
|t:|1757909608
|-terastallize|p1a: Blissey|Ghost
|move|p2a: Braviary|Close Combat|p1a: Blissey
|-immune|p1a: Blissey
|move|p1a: Blissey|Seismic Toss|p2a: Braviary
|-damage|p2a: Braviary|25/100
|
|upkeep
|turn|9
|
|t:|1757909629
|switch|p2a: Hydreigon|Hydreigon, M|100/100
|move|p1a: Blissey|Soft-Boiled|p1a: Blissey
|-heal|p1a: Blissey|85/100
|
|upkeep
|turn|10
|
|t:|1757909640
|move|p2a: Hydreigon|Dark Pulse|p1a: Blissey
|-supereffective|p1a: Blissey
|-damage|p1a: Blissey|62/100
|move|p1a: Blissey|Seismic Toss|p2a: Hydreigon
|-damage|p2a: Hydreigon|70/100
|
|-sideend|p1: 567crazy|move: Light Screen
|upkeep
|turn|11
|
|t:|1757909650
|-terastallize|p2a: Hydreigon|Dark
|move|p2a: Hydreigon|Dark Pulse|p1a: Blissey
|-supereffective|p1a: Blissey
|-damage|p1a: Blissey|0 fnt
|faint|p1a: Blissey
|
|upkeep
|
|t:|1757909660
|switch|p1a: Lapras|Lapras, F|100/100
|turn|12
|
|t:|1757909666
|move|p1a: Lapras|Focus Blast|p2a: Hydreigon
|-supereffective|p2a: Hydreigon
|-damage|p2a: Hydreigon|0 fnt
|faint|p2a: Hydreigon
|
|upkeep
|
|t:|1757909690
|switch|p2a: Excadrill|Excadrill, M|100/100
|-ability|p2a: Excadrill|Mold Breaker
|turn|13
|
|t:|1757909707
|move|p1a: Lapras|Focus Blast|p2a: Excadrill
|-supereffective|p2a: Excadrill
|-damage|p2a: Excadrill|1/100
|move|p2a: Excadrill|Brick Break|p1a: Lapras
|-immune|p1a: Lapras
|
|upkeep
|turn|14
|
|t:|1757909726
|switch|p2a: Reuniclus|Reuniclus, M|100/100
|move|p1a: Lapras|Focus Blast|p2a: Reuniclus
|-resisted|p2a: Reuniclus
|-damage|p2a: Reuniclus|82/100
|
|-heal|p2a: Reuniclus|88/100|[from] item: Leftovers
|upkeep
|turn|15
|
|t:|1757909736
|move|p1a: Lapras|Shadow Ball|p2a: Reuniclus
|-supereffective|p2a: Reuniclus
|-damage|p2a: Reuniclus|19/100
|move|p2a: Reuniclus|Calm Mind|p2a: Reuniclus
|-boost|p2a: Reuniclus|spa|1
|-boost|p2a: Reuniclus|spd|1
|
|-heal|p2a: Reuniclus|25/100|[from] item: Leftovers
|upkeep
|turn|16
|
|t:|1757909791
|move|p1a: Lapras|U-turn|p2a: Reuniclus
|-supereffective|p2a: Reuniclus
|-damage|p2a: Reuniclus|6/100
|
|t:|1757909801
|switch|p1a: Lapras|Lapras, F|100/100|[from] U-turn
|move|p2a: Reuniclus|Recover|p2a: Reuniclus
|-heal|p2a: Reuniclus|56/100
|
|-heal|p2a: Reuniclus|62/100|[from] item: Leftovers
|upkeep
|turn|17
|
|t:|1757909819
|move|p1a: Lapras|Ice Beam|p2a: Reuniclus
|-damage|p2a: Reuniclus|36/100
|move|p2a: Reuniclus|Recover|p2a: Reuniclus
|-heal|p2a: Reuniclus|86/100
|
|-heal|p2a: Reuniclus|92/100|[from] item: Leftovers
|upkeep
|turn|18
|c|☆cacomixtle|thanks
|
|t:|1757909831
|switch|p1a: Lapras|Lapras, F|100/100
|move|p2a: Reuniclus|Shadow Ball|p1a: Lapras
|-immune|p1a: Lapras
|
|-heal|p2a: Reuniclus|99/100|[from] item: Leftovers
|upkeep
|turn|19
|
|t:|1757909845
|switch|p2a: Braviary|Braviary, M|25/100
|move|p1a: Lapras|Shadow Ball|p2a: Braviary
|-immune|p2a: Braviary
|
|upkeep
|turn|20
|
|t:|1757909862
|move|p2a: Braviary|Close Combat|p1a: Lapras
|-immune|p1a: Lapras
|move|p1a: Lapras|Focus Blast|p2a: Braviary
|-damage|p2a: Braviary|0 fnt
|faint|p2a: Braviary
|
|upkeep
|
|t:|1757909871
|switch|p2a: Excadrill|Excadrill, M|1/100
|-ability|p2a: Excadrill|Mold Breaker
|turn|21
|
|t:|1757909890
|move|p1a: Lapras|Shadow Ball|p2a: Excadrill
|-damage|p2a: Excadrill|0 fnt
|faint|p2a: Excadrill
|
|upkeep
|
|t:|1757909894
|switch|p2a: Samurott|Samurott, M|100/100
|turn|22
|
|t:|1757909923
|move|p1a: Lapras|Focus Blast|p2a: Samurott
|-damage|p2a: Samurott|46/100
|move|p2a: Samurott|Razor Shell|p1a: Lapras
|-damage|p1a: Lapras|14/100
|replace|p1a: Zoroark|Zoroark-Hisui, M
|-end|p1a: Zoroark|Illusion
|-damage|p2a: Samurott|36/100|[from] item: Life Orb
|
|upkeep
|turn|23
|
|t:|1757909934
|move|p2a: Samurott|Aqua Jet|p1a: Zoroark
|-damage|p1a: Zoroark|0 fnt
|faint|p1a: Zoroark
|-damage|p2a: Samurott|26/100|[from] item: Life Orb
|
|upkeep
|
|t:|1757909941
|switch|p1a: Lapras|Lapras, F|100/100
|turn|24
|
|t:|1757909952
|move|p2a: Samurott|Razor Shell|p1a: Lapras
|-immune|p1a: Lapras|[from] ability: Water Absorb
|move|p1a: Lapras|Freeze-Dry|p2a: Samurott
|-supereffective|p2a: Samurott
|-damage|p2a: Samurott|0 fnt
|faint|p2a: Samurott
|
|upkeep
|
|t:|1757909960
|switch|p2a: Reuniclus|Reuniclus, M|99/100
|turn|25
|
|t:|1757909972
|switch|p1a: Dragapult|Dragapult, M|100/100
|move|p2a: Reuniclus|Calm Mind|p2a: Reuniclus
|-boost|p2a: Reuniclus|spa|1
|-boost|p2a: Reuniclus|spd|1
|
|-heal|p2a: Reuniclus|100/100|[from] item: Leftovers
|upkeep
|turn|26
|inactive|Battle timer is ON: inactive players will automatically lose when time's up. (requested by cacomixtle)
|inactive|567crazy has 120 seconds left.
|
|t:|1757910051
|move|p1a: Dragapult|Sucker Punch|p2a: Reuniclus
|-supereffective|p2a: Reuniclus
|-damage|p2a: Reuniclus|53/100
|-damage|p1a: Dragapult|91/100|[from] item: Life Orb
|move|p2a: Reuniclus|Shadow Ball|p1a: Dragapult
|-supereffective|p1a: Dragapult
|-damage|p1a: Dragapult|0 fnt
|faint|p1a: Dragapult
|
|-heal|p2a: Reuniclus|59/100|[from] item: Leftovers
|upkeep
|
|t:|1757910062
|switch|p1a: Lapras|Lapras, F|100/100
|turn|27
|
|t:|1757910073
|move|p1a: Lapras|Ice Beam|p2a: Reuniclus
|-damage|p2a: Reuniclus|34/100
|move|p2a: Reuniclus|Recover|p2a: Reuniclus
|-heal|p2a: Reuniclus|84/100
|
|-heal|p2a: Reuniclus|90/100|[from] item: Leftovers
|upkeep
|turn|28
|-message|567crazy forfeited.
|
|win|cacomixtle
|raw|567crazy's rating: 1004 &rarr; <strong>1000</strong><br />(-4 for losing)
|raw|cacomixtle's rating: 1013 &rarr; <strong>1050</strong><br />(+37 for winning)
|l|☆567crazy
|player|p1|
