|j|☆wonderinguser
|j|☆romerux
|t:|1757915990
|gametype|singles
|player|p1|wonderinguser|dawn|1135
|player|p2|romerux|266|1130
|gen|9
|tier|[Gen 9] OU
|rated|
|rule|HP Percentage Mod: HP is shown in percentages
|rule|Endless Battle Clause: Forcing endless battles is banned
|rule|Species Clause: Limit one of each Pokémon
|rule|OHKO Clause: OHKO moves are banned
|rule|Evasion Items Clause: Evasion items are banned
|rule|Evasion Moves Clause: Evasion moves are banned
|rule|Evasion Abilities Clause: Evasion abilities are banned
|rule|Sleep Moves Clause: Sleep-inducing moves are banned
|clearpoke
|poke|p1|Samurott-Hisui, M|
|poke|p1|Kingambit, F|
|poke|p1|Moltres-Galar|
|poke|p1|Necrozma|
|poke|p1|Arcanine, F|
|poke|p1|Slowbro-Galar, F|
|poke|p2|Ting-Lu|
|poke|p2|Great Tusk|
|poke|p2|Gholdengo|
|poke|p2|Dragonite, M|
|poke|p2|Iron Valiant|
|poke|p2|Heatran, F|
|teampreview
|
|t:|1757915994
|teamsize|p1|6
|teamsize|p2|6
|start
|switch|p1a: Samurott|Samurott-Hisui, M, shiny|100/100
|switch|p2a: Ting-Lu|Ting-Lu|100/100
|-ability|p2a: Ting-Lu|Vessel of Ruin
|turn|1
|
|t:|1757916008
|switch|p2a: Iron Valiant|Iron Valiant|100/100
|move|p1a: Samurott|Ceaseless Edge|p2a: Iron Valiant
|-resisted|p2a: Iron Valiant
|-damage|p2a: Iron Valiant|84/100
|-sidestart|p2: romerux|Spikes
|
|upkeep
|turn|2
|
|t:|1757916019
|switch|p1a: Slowbro|Slowbro-Galar, F|100/100
|move|p2a: Iron Valiant|Close Combat|p1a: Slowbro
|-resisted|p1a: Slowbro
|-damage|p1a: Slowbro|86/100
|-unboost|p2a: Iron Valiant|def|1
|-unboost|p2a: Iron Valiant|spd|1
|
|upkeep
|turn|3
|
|t:|1757916031
|-end|p2a: Iron Valiant|Quark Drive|[silent]
|switch|p2a: Ting-Lu|Ting-Lu|100/100
|-damage|p2a: Ting-Lu|88/100|[from] Spikes
|-ability|p2a: Ting-Lu|Vessel of Ruin
|move|p1a: Slowbro|Surf|p2a: Ting-Lu
|-supereffective|p2a: Ting-Lu
|-damage|p2a: Ting-Lu|64/100
|
|-heal|p2a: Ting-Lu|71/100|[from] item: Leftovers
|upkeep
|turn|4
|inactive|Battle timer is ON: inactive players will automatically lose when time's up. (requested by romerux)
|
|t:|1757916050
|switch|p1a: Samurott|Samurott-Hisui, M, shiny|100/100
|move|p2a: Ting-Lu|Stealth Rock|p1a: Samurott
|-sidestart|p1: wonderinguser|move: Stealth Rock
|
|-heal|p2a: Ting-Lu|77/100|[from] item: Leftovers
|upkeep
|turn|5
|
|t:|1757916058
|move|p1a: Samurott|X-Scissor|p2a: Ting-Lu
|-supereffective|p2a: Ting-Lu
|-damage|p2a: Ting-Lu|29/100
|move|p2a: Ting-Lu|Spikes|p1a: Samurott
|-sidestart|p1: wonderinguser|Spikes
|
|-heal|p2a: Ting-Lu|35/100|[from] item: Leftovers
|upkeep
|turn|6
|
|t:|1757916067
|switch|p2a: Iron Valiant|Iron Valiant|84/100
|-damage|p2a: Iron Valiant|71/100|[from] Spikes
|move|p1a: Samurott|X-Scissor|p2a: Iron Valiant
|-resisted|p2a: Iron Valiant
|-damage|p2a: Iron Valiant|59/100
|
|upkeep
|turn|7
|
|t:|1757916077
|switch|p1a: Moltres|Moltres-Galar|100/100
|-damage|p1a: Moltres|76/100|[from] Stealth Rock
|move|p2a: Iron Valiant|Knock Off|p1a: Moltres
|-resisted|p1a: Moltres
|-damage|p1a: Moltres|57/100
|-enditem|p1a: Moltres|Life Orb|[from] move: Knock Off|[of] p2a: Iron Valiant
|
|upkeep
|turn|8
|
|t:|1757916087
|-end|p2a: Iron Valiant|Quark Drive|[silent]
|switch|p2a: Ting-Lu|Ting-Lu|35/100
|-damage|p2a: Ting-Lu|23/100|[from] Spikes
|-ability|p2a: Ting-Lu|Vessel of Ruin
|move|p1a: Moltres|Pain Split|p2a: Ting-Lu
|-sethp|p2a: Ting-Lu|29/100|[from] move: Pain Split|[silent]
|-sethp|p1a: Moltres|46/100|[from] move: Pain Split
|
|-heal|p2a: Ting-Lu|36/100|[from] item: Leftovers
|upkeep
|turn|9
|-message|wonderinguser forfeited.
|
|win|romerux
|raw|wonderinguser's rating: 1135 &rarr; <strong>1110</strong><br />(-25 for losing)
|raw|romerux's rating: 1130 &rarr; <strong>1155</strong><br />(+25 for winning)
|l|☆wonderinguser
|player|p1|
|l|☆romerux
|player|p2|
