|j|☆Andher
|j|☆ilikecakeok
|t:|1757846724
|gametype|singles
|player|p1|Andher|shadowtriad|1447
|player|p2|ilikecakeok|doctor|1393
|gen|9
|tier|[Gen 9] OU
|rated|
|rule|HP Percentage Mod: HP is shown in percentages
|rule|Endless Battle Clause: Forcing endless battles is banned
|rule|Species Clause: Limit one of each Pokémon
|rule|OHKO Clause: OHKO moves are banned
|rule|Evasion Items Clause: Evasion items are banned
|rule|Evasion Moves Clause: Evasion moves are banned
|rule|Evasion Abilities Clause: Evasion abilities are banned
|rule|Sleep Moves Clause: Sleep-inducing moves are banned
|clearpoke
|poke|p1|Corviknight, F|
|poke|p1|Samurott-Hisui, M|
|poke|p1|Kingambit, M|
|poke|p1|Skeledirge, F|
|poke|p1|Dragapult, F|
|poke|p1|Gengar, F|
|poke|p2|Dragonite, F|
|poke|p2|Zamazenta-*|
|poke|p2|Landorus-Therian, M|
|poke|p2|Gholdengo|
|poke|p2|Darkrai|
|poke|p2|Hatterene, F|
|teampreview
|
|t:|1757846744
|teamsize|p1|6
|teamsize|p2|6
|start
|switch|p1a: Dragapult|Dragapult, F|100/100
|switch|p2a: Darkrai|Darkrai|100/100
|turn|1
|inactive|Battle timer is ON: inactive players will automatically lose when time's up. (requested by ilikecakeok)
|
|t:|1757846790
|switch|p1a: Ronin|Samurott-Hisui, M|100/100
|move|p2a: Darkrai|Dark Pulse|p1a: Ronin
|-resisted|p1a: Ronin
|-damage|p1a: Ronin|74/100
|
|upkeep
|turn|2
|
|t:|1757846802
|move|p1a: Ronin|Razor Shell|p2a: Darkrai
|-damage|p2a: Darkrai|43/100
|move|p2a: Darkrai|Will-O-Wisp|p1a: Ronin
|-status|p1a: Ronin|brn
|
|-damage|p1a: Ronin|68/100 brn|[from] brn
|upkeep
|turn|3
|
|t:|1757846821
|switch|p2a: Hatterene|Hatterene, F|100/100
|move|p1a: Ronin|Razor Shell|p2a: Hatterene
|-damage|p2a: Hatterene|74/100
|-unboost|p2a: Hatterene|def|1
|
|-damage|p1a: Ronin|62/100 brn|[from] brn
|upkeep
|turn|4
|
|t:|1757846829
|move|p1a: Ronin|Razor Shell|p2a: Hatterene
|-damage|p2a: Hatterene|30/100
|-unboost|p2a: Hatterene|def|1
|move|p2a: Hatterene|Draining Kiss|p1a: Ronin
|-supereffective|p1a: Ronin
|-damage|p1a: Ronin|0 fnt
|-heal|p2a: Hatterene|79/100|[from] drain|[of] p1a: Ronin
|faint|p1a: Ronin
|
|upkeep
|
|t:|1757846840
|switch|p1a: Malson|Gengar, F, shiny|100/100
|turn|5
|
|t:|1757846865
|switch|p2a: Gholdengo|Gholdengo|100/100
|move|p1a: Malson|Sludge Bomb|p2a: Gholdengo
|-immune|p2a: Gholdengo
|
|upkeep
|turn|6
|
|t:|1757846873
|switch|p1a: Shogun|Kingambit, M|100/100
|-activate|p1a: Shogun|ability: Supreme Overlord
|-start|p1a: Shogun|fallen1|[silent]
|move|p2a: Gholdengo|Make It Rain|p1a: Shogun
|-resisted|p1a: Shogun
|-damage|p1a: Shogun|70/100
|-unboost|p2a: Gholdengo|spa|1
|
|-heal|p1a: Shogun|76/100|[from] item: Leftovers
|upkeep
|turn|7
|
|t:|1757846884
|switch|p2a: Zamazenta|Zamazenta|100/100
|-ability|p2a: Zamazenta|Dauntless Shield|boost
|-boost|p2a: Zamazenta|def|1
|-end|p1a: Shogun|fallen1|[silent]
|switch|p1a: Dragapult|Dragapult, F|100/100
|
|upkeep
|turn|8
|
|t:|1757846893
|switch|p1a: Death|Skeledirge, F|100/100
|switch|p2a: Hatterene|Hatterene, F|79/100
|
|upkeep
|turn|9
|
|t:|1757846904
|switch|p2a: Landorus|Landorus-Therian, M|100/100
|-ability|p2a: Landorus|Intimidate|boost
|-unboost|p1a: Death|atk|1
|move|p1a: Death|Torch Song|p2a: Landorus
|-damage|p2a: Landorus|75/100
|-boost|p1a: Death|spa|1
|
|upkeep
|turn|10
|
|t:|1757846912
|switch|p1a: Dragapult|Dragapult, F|100/100
|move|p2a: Landorus|Stealth Rock|p1a: Dragapult
|-sidestart|p1: Andher|move: Stealth Rock
|
|upkeep
|turn|11
|inactive|ilikecakeok has 120 seconds left.
|
|t:|1757846946
|switch|p2a: Gholdengo|Gholdengo|100/100
|move|p1a: Dragapult|Surf|p2a: Gholdengo
|-damage|p2a: Gholdengo|57/100
|
|upkeep
|turn|12
|inactive|ilikecakeok has 120 seconds left.
|
|t:|1757846969
|switch|p1a: Shogun|Kingambit, M|76/100
|-damage|p1a: Shogun|70/100|[from] Stealth Rock
|-activate|p1a: Shogun|ability: Supreme Overlord
|-start|p1a: Shogun|fallen1|[silent]
|move|p2a: Gholdengo|Make It Rain|p1a: Shogun
|-resisted|p1a: Shogun
|-damage|p1a: Shogun|39/100
|-unboost|p2a: Gholdengo|spa|1
|
|-heal|p1a: Shogun|45/100|[from] item: Leftovers
|upkeep
|turn|13
|
|t:|1757846984
|switch|p2a: Zamazenta|Zamazenta|100/100
|move|p1a: Shogun|Iron Head|p2a: Zamazenta
|-damage|p2a: Zamazenta|69/100
|
|-heal|p2a: Zamazenta|75/100|[from] item: Leftovers
|-heal|p1a: Shogun|51/100|[from] item: Leftovers
|upkeep
|turn|14
|inactive|ilikecakeok has 120 seconds left.
|
|t:|1757846992
|-end|p1a: Shogun|fallen1|[silent]
|switch|p1a: Death|Skeledirge, F|100/100
|move|p2a: Zamazenta|Crunch|p1a: Death
|-supereffective|p1a: Death
|-damage|p1a: Death|67/100
|
|-heal|p2a: Zamazenta|81/100|[from] item: Leftovers
|upkeep
|turn|15
|
|t:|1757847001
|switch|p2a: Landorus|Landorus-Therian, M|75/100
|-ability|p2a: Landorus|Intimidate|boost
|-unboost|p1a: Death|atk|1
|-terastallize|p1a: Death|Fairy
|move|p1a: Death|Torch Song|p2a: Landorus
|-damage|p2a: Landorus|47/100
|-boost|p1a: Death|spa|1
|
|upkeep
|turn|16
|
|t:|1757847012
|switch|p1a: Knight|Corviknight, F|100/100
|-damage|p1a: Knight|88/100|[from] Stealth Rock
|-ability|p1a: Knight|Pressure
|move|p2a: Landorus|Taunt|p1a: Knight
|-start|p1a: Knight|move: Taunt
|
|upkeep
|turn|17
|
|t:|1757847025
|switch|p2a: Gholdengo|Gholdengo|57/100
|move|p1a: Knight|Brave Bird|p2a: Gholdengo
|-resisted|p2a: Gholdengo
|-damage|p2a: Gholdengo|39/100
|-damage|p1a: Knight|82/100|[from] Recoil
|
|upkeep
|turn|18
|
|t:|1757847037
|switch|p1a: Shogun|Kingambit, M|51/100
|-damage|p1a: Shogun|45/100|[from] Stealth Rock
|-activate|p1a: Shogun|ability: Supreme Overlord
|-start|p1a: Shogun|fallen1|[silent]
|move|p2a: Gholdengo|Thunderbolt|p1a: Shogun
|-damage|p1a: Shogun|18/100
|
|-heal|p1a: Shogun|24/100|[from] item: Leftovers
|upkeep
|turn|19
|
|t:|1757847047
|switch|p2a: Zamazenta|Zamazenta|81/100
|move|p1a: Shogun|Sucker Punch||[still]
|-fail|p1a: Shogun
|
|-heal|p2a: Zamazenta|87/100|[from] item: Leftovers
|-heal|p1a: Shogun|30/100|[from] item: Leftovers
|upkeep
|turn|20
|
|t:|1757847055
|-end|p1a: Shogun|fallen1|[silent]
|switch|p1a: Death|Skeledirge, F, tera:Fairy|67/100
|move|p2a: Zamazenta|Crunch|p1a: Death
|-resisted|p1a: Death
|-damage|p1a: Death|59/100
|
|-heal|p2a: Zamazenta|93/100|[from] item: Leftovers
|upkeep
|turn|21
|
|t:|1757847065
|switch|p2a: Landorus|Landorus-Therian, M|47/100
|-ability|p2a: Landorus|Intimidate|boost
|-unboost|p1a: Death|atk|1
|move|p1a: Death|Slack Off|p1a: Death
|-heal|p1a: Death|100/100
|
|upkeep
|turn|22
|
|t:|1757847078
|switch|p1a: Dragapult|Dragapult, F|100/100
|-damage|p1a: Dragapult|88/100|[from] Stealth Rock
|move|p2a: Landorus|U-turn|p1a: Dragapult
|-resisted|p1a: Dragapult
|-damage|p1a: Dragapult|73/100
|
|t:|1757847089
|switch|p2a: Hatterene|Hatterene, F|79/100|[from] U-turn
|
|upkeep
|turn|23
|
|t:|1757847096
|move|p1a: Dragapult|Shadow Ball|p2a: Hatterene
|-supereffective|p2a: Hatterene
|-damage|p2a: Hatterene|9/100
|move|p2a: Hatterene|Draining Kiss|p1a: Dragapult
|-supereffective|p1a: Dragapult
|-damage|p1a: Dragapult|0 fnt
|-heal|p2a: Hatterene|63/100|[from] drain|[of] p1a: Dragapult
|faint|p1a: Dragapult
|
|upkeep
|
|t:|1757847107
|switch|p1a: Malson|Gengar, F, shiny|100/100
|-damage|p1a: Malson|88/100|[from] Stealth Rock
|turn|24
|
|t:|1757847124
|switch|p2a: Darkrai|Darkrai|43/100
|move|p1a: Malson|Shadow Ball|p2a: Darkrai
|-resisted|p2a: Darkrai
|-damage|p2a: Darkrai|17/100
|
|upkeep
|turn|25
|
|t:|1757847144
|move|p1a: Malson|Shadow Ball|p2a: Darkrai
|-resisted|p2a: Darkrai
|-damage|p2a: Darkrai|0 fnt
|faint|p2a: Darkrai
|
|upkeep
|
|t:|1757847149
|switch|p2a: Hatterene|Hatterene, F|63/100
|turn|26
|
|t:|1757847156
|move|p1a: Malson|Shadow Ball|p2a: Hatterene
|-supereffective|p2a: Hatterene
|-damage|p2a: Hatterene|10/100
|move|p2a: Hatterene|Mystical Fire|p1a: Malson
|-damage|p1a: Malson|47/100
|-unboost|p1a: Malson|spa|1
|-start|p2a: Hatterene|Disable|Mystical Fire|[from] ability: Cursed Body|[of] p1a: Malson
|
|upkeep
|turn|27
|
|t:|1757847176
|switch|p2a: Landorus|Landorus-Therian, M|47/100
|-ability|p2a: Landorus|Intimidate|boost
|-unboost|p1a: Malson|atk|1
|move|p1a: Malson|Shadow Ball|p2a: Landorus
|-damage|p2a: Landorus|18/100
|
|upkeep
|turn|28
|
|t:|1757847183
|move|p1a: Malson|Shadow Ball|p2a: Landorus
|-damage|p2a: Landorus|0 fnt
|faint|p2a: Landorus
|
|upkeep
|
|t:|1757847186
|switch|p2a: Dragonite|Dragonite, F|100/100
|turn|29
|
|t:|1757847194
|switch|p1a: Death|Skeledirge, F, tera:Fairy|100/100
|move|p2a: Dragonite|Dragon Dance|p2a: Dragonite
|-boost|p2a: Dragonite|atk|1
|-boost|p2a: Dragonite|spe|1
|
|upkeep
|turn|30
|
|t:|1757847207
|move|p2a: Dragonite|Earthquake|p1a: Death
|-damage|p1a: Death|75/100
|move|p1a: Death|Torch Song|p2a: Dragonite
|-resisted|p2a: Dragonite
|-damage|p2a: Dragonite|93/100
|-boost|p1a: Death|spa|1
|
|upkeep
|turn|31
|
|t:|1757847241
|switch|p2a: Gholdengo|Gholdengo|39/100
|move|p1a: Death|Alluring Voice|p2a: Gholdengo
|-resisted|p2a: Gholdengo
|-damage|p2a: Gholdengo|13/100
|
|upkeep
|turn|32
|
|t:|1757847250
|switch|p1a: Shogun|Kingambit, M|30/100
|-damage|p1a: Shogun|24/100|[from] Stealth Rock
|-activate|p1a: Shogun|ability: Supreme Overlord
|-start|p1a: Shogun|fallen2|[silent]
|move|p2a: Gholdengo|Make It Rain|p1a: Shogun
|-resisted|p1a: Shogun
|-damage|p1a: Shogun|0 fnt
|-unboost|p2a: Gholdengo|spa|1
|faint|p1a: Shogun
|-end|p1a: Shogun|fallen2|[silent]
|
|upkeep
|
|t:|1757847260
|switch|p1a: Malson|Gengar, F, shiny|47/100
|-damage|p1a: Malson|34/100|[from] Stealth Rock
|turn|33
|
|t:|1757847269
|switch|p2a: Hatterene|Hatterene, F|10/100
|move|p1a: Malson|Shadow Ball|p2a: Hatterene
|-supereffective|p2a: Hatterene
|-damage|p2a: Hatterene|0 fnt
|faint|p2a: Hatterene
|
|upkeep
|
|t:|1757847272
|switch|p2a: Dragonite|Dragonite, F|93/100
|turn|34
|
|t:|1757847291
|switch|p1a: Death|Skeledirge, F, tera:Fairy|75/100
|move|p2a: Dragonite|Earthquake|p1a: Death
|-damage|p1a: Death|49/100
|
|upkeep
|turn|35
|
|t:|1757847296
|move|p2a: Dragonite|Earthquake|p1a: Death
|-damage|p1a: Death|24/100
|move|p1a: Death|Slack Off|p1a: Death
|-heal|p1a: Death|74/100
|
|upkeep
|turn|36
|
|t:|1757847301
|switch|p2a: Gholdengo|Gholdengo|13/100
|move|p1a: Death|Slack Off|p1a: Death
|-heal|p1a: Death|100/100
|
|upkeep
|turn|37
|
|t:|1757847307
|switch|p1a: Knight|Corviknight, F|82/100
|-damage|p1a: Knight|70/100|[from] Stealth Rock
|-ability|p1a: Knight|Pressure
|move|p2a: Gholdengo|Make It Rain|p1a: Knight
|-resisted|p1a: Knight
|-damage|p1a: Knight|31/100
|-unboost|p2a: Gholdengo|spa|1
|
|upkeep
|turn|38
|
|t:|1757847319
|move|p2a: Gholdengo|Recover|p2a: Gholdengo
|-heal|p2a: Gholdengo|63/100
|move|p1a: Knight|Roost|p1a: Knight
|-heal|p1a: Knight|82/100
|-singleturn|p1a: Knight|move: Roost
|
|upkeep
|turn|39
|
|t:|1757847326
|move|p2a: Gholdengo|Recover|p2a: Gholdengo
|-heal|p2a: Gholdengo|100/100
|move|p1a: Knight|Brave Bird|p2a: Gholdengo
|-resisted|p2a: Gholdengo
|-damage|p2a: Gholdengo|83/100
|-damage|p1a: Knight|76/100|[from] Recoil
|
|upkeep
|turn|40
|
|t:|1757847333
|move|p2a: Gholdengo|Nasty Plot|p2a: Gholdengo
|-boost|p2a: Gholdengo|spa|2
|move|p1a: Knight|Roost|p1a: Knight
|-heal|p1a: Knight|100/100
|-singleturn|p1a: Knight|move: Roost
|
|upkeep
|turn|41
|
|t:|1757847343
|move|p2a: Gholdengo|Thunderbolt|p1a: Knight
|-supereffective|p1a: Knight
|-damage|p1a: Knight|7/100
|move|p1a: Knight|Brave Bird|p2a: Gholdengo
|-resisted|p2a: Gholdengo
|-damage|p2a: Gholdengo|64/100
|-damage|p1a: Knight|1/100|[from] Recoil
|
|upkeep
|turn|42
|
|t:|1757847352
|move|p2a: Gholdengo|Thunderbolt|p1a: Knight
|-supereffective|p1a: Knight
|-damage|p1a: Knight|0 fnt
|faint|p1a: Knight
|
|upkeep
|
|t:|1757847356
|switch|p1a: Malson|Gengar, F, shiny|34/100
|-damage|p1a: Malson|22/100|[from] Stealth Rock
|turn|43
|
|t:|1757847362
|-terastallize|p2a: Gholdengo|Steel
|move|p1a: Malson|Shadow Ball|p2a: Gholdengo
|-damage|p2a: Gholdengo|12/100
|move|p2a: Gholdengo|Thunderbolt|p1a: Malson
|-damage|p1a: Malson|0 fnt
|faint|p1a: Malson
|
|upkeep
|c|☆ilikecakeok|gg
|c|☆Andher|gg wp
|
|t:|1757847376
|switch|p1a: Death|Skeledirge, F, tera:Fairy|100/100
|turn|44
|c|☆ilikecakeok|u2
|
|t:|1757847380
|move|p2a: Gholdengo|Make It Rain|p1a: Death
|-supereffective|p1a: Death
|-damage|p1a: Death|0 fnt
|-unboost|p2a: Gholdengo|spa|1
|faint|p1a: Death
|
|win|ilikecakeok
|raw|Andher's rating: 1447 &rarr; <strong>1424</strong><br />(-23 for losing)
|raw|ilikecakeok's rating: 1393 &rarr; <strong>1416</strong><br />(+23 for winning)
|c|☆Andher|ty
|l|☆Andher
|player|p1|
