|j|☆Davis080498
|j|☆Nez4hal
|t:|1757824568
|gametype|singles
|player|p1|Davis080498|266|1097
|player|p2|Nez4hal|zinzolin|1086
|gen|9
|tier|[Gen 9] OU
|rated|
|rule|HP Percentage Mod: HP is shown in percentages
|rule|Endless Battle Clause: Forcing endless battles is banned
|rule|Species Clause: Limit one of each Pokémon
|rule|OHKO Clause: OHKO moves are banned
|rule|Evasion Items Clause: Evasion items are banned
|rule|Evasion Moves Clause: Evasion moves are banned
|rule|Evasion Abilities Clause: Evasion abilities are banned
|rule|Sleep Moves Clause: Sleep-inducing moves are banned
|clearpoke
|poke|p1|Barraskewda, F|
|poke|p1|Pelipper, M|
|poke|p1|Corviknight, F|
|poke|p1|Slowking-Galar, M|
|poke|p1|Goodra, M|
|poke|p1|Great Tusk|
|poke|p2|Gliscor, F|
|poke|p2|Mimikyu, F|
|poke|p2|Grimmsnarl, M|
|poke|p2|Dragonite, F|
|poke|p2|Eelektross, M|
|poke|p2|Corviknight, F|
|teampreview
|inactive|Battle timer is ON: inactive players will automatically lose when time's up. (requested by Nez4hal)
|inactive|Davis080498 has 120 seconds left.
|
|t:|1757824658
|teamsize|p1|6
|teamsize|p2|6
|start
|switch|p1a: Barraskewda|Barraskewda, F|100/100
|switch|p2a: Grimmsnarl|Grimmsnarl, M, shiny|100/100
|turn|1
|
|t:|1757824669
|move|p2a: Grimmsnarl|Parting Shot|p1a: Barraskewda
|-unboost|p1a: Barraskewda|atk|1
|-unboost|p1a: Barraskewda|spa|1
|
|t:|1757824673
|switch|p2a: Gliscor|Gliscor, F, shiny|100/100|[from] Parting Shot
|move|p1a: Barraskewda|Flip Turn|p2a: Gliscor
|-supereffective|p2a: Gliscor
|-damage|p2a: Gliscor|58/100
|
|t:|1757824683
|switch|p1a: Pelipper|Pelipper, M|100/100|[from] Flip Turn
|-weather|RainDance|[from] ability: Drizzle|[of] p1a: Pelipper
|
|-weather|RainDance|[upkeep]
|-status|p2a: Gliscor|tox|[from] item: Toxic Orb
|upkeep
|turn|2
|
|t:|1757824698
|switch|p2a: Eelektross|Eelektross, M|100/100
|move|p1a: Pelipper|Weather Ball|p2a: Eelektross
|-damage|p2a: Eelektross|50/100
|
|-weather|RainDance|[upkeep]
|-heal|p2a: Eelektross|57/100|[from] item: Leftovers
|upkeep
|turn|3
|
|t:|1757824710
|switch|p1a: Slowking|Slowking-Galar, M|100/100
|move|p2a: Eelektross|Supercell Slam|p1a: Slowking
|-damage|p1a: Slowking|44/100
|
|-weather|RainDance|[upkeep]
|-heal|p2a: Eelektross|63/100|[from] item: Leftovers
|upkeep
|turn|4
|
|t:|1757824724
|switch|p1a: Goodra|Goodra, M|100/100
|move|p2a: Eelektross|Knock Off|p1a: Goodra
|-damage|p1a: Goodra|65/100
|-enditem|p1a: Goodra|Assault Vest|[from] move: Knock Off|[of] p2a: Eelektross
|
|-weather|RainDance|[upkeep]
|-heal|p2a: Eelektross|69/100|[from] item: Leftovers
|upkeep
|turn|5
|
|t:|1757824738
|move|p1a: Goodra|Sludge Bomb|p2a: Eelektross
|-damage|p2a: Eelektross|46/100
|-status|p2a: Eelektross|psn
|move|p2a: Eelektross|Coil|p2a: Eelektross
|-boost|p2a: Eelektross|atk|1
|-boost|p2a: Eelektross|def|1
|-boost|p2a: Eelektross|accuracy|1
|
|-weather|RainDance|[upkeep]
|-heal|p2a: Eelektross|52/100 psn|[from] item: Leftovers
|-damage|p2a: Eelektross|40/100 psn|[from] psn
|upkeep
|turn|6
|
|t:|1757824750
|switch|p1a: Great Tusk|Great Tusk|100/100
|move|p2a: Eelektross|Drain Punch|p1a: Great Tusk
|-damage|p1a: Great Tusk|82/100
|-heal|p2a: Eelektross|51/100 psn|[from] drain|[of] p1a: Great Tusk
|
|-weather|RainDance|[upkeep]
|-heal|p1a: Great Tusk|88/100|[from] item: Leftovers
|-heal|p2a: Eelektross|57/100 psn|[from] item: Leftovers
|-damage|p2a: Eelektross|45/100 psn|[from] psn
|upkeep
|turn|7
|
|t:|1757824766
|move|p1a: Great Tusk|Close Combat|p2a: Eelektross
|-crit|p2a: Eelektross
|-damage|p2a: Eelektross|0 fnt
|-unboost|p1a: Great Tusk|def|1
|-unboost|p1a: Great Tusk|spd|1
|faint|p2a: Eelektross
|
|-weather|RainDance|[upkeep]
|-heal|p1a: Great Tusk|94/100|[from] item: Leftovers
|upkeep
|
|t:|1757824778
|switch|p2a: Gliscor|Gliscor, F, shiny|58/100 tox
|turn|8
|
|t:|1757824797
|-end|p1a: Great Tusk|Protosynthesis|[silent]
|switch|p1a: Corviknight|Corviknight, F|100/100
|move|p2a: Gliscor|Toxic|p1a: Corviknight
|-immune|p1a: Corviknight
|
|-weather|none
|-heal|p2a: Gliscor|70/100 tox|[from] ability: Poison Heal
|upkeep
|turn|9
|inactive|Davis080498 has 120 seconds left.
|
|t:|1757824843
|move|p2a: Gliscor|Toxic|p1a: Corviknight
|-immune|p1a: Corviknight
|move|p1a: Corviknight|Brave Bird|p2a: Gliscor
|-damage|p2a: Gliscor|42/100 tox
|-damage|p1a: Corviknight|92/100|[from] Recoil
|
|-heal|p2a: Gliscor|54/100 tox|[from] ability: Poison Heal
|upkeep
|turn|10
|inactive|Davis080498 has 90 seconds left.
|
|t:|1757824865
|move|p2a: Gliscor|Protect|p2a: Gliscor
|-singleturn|p2a: Gliscor|Protect
|move|p1a: Corviknight|U-turn|p2a: Gliscor
|-activate|p2a: Gliscor|move: Protect
|
|-heal|p2a: Gliscor|67/100 tox|[from] ability: Poison Heal
|upkeep
|turn|11
|inactive|Nez4hal has 120 seconds left.
|
|t:|1757824886
|move|p2a: Gliscor|Toxic|p1a: Corviknight
|-immune|p1a: Corviknight
|move|p1a: Corviknight|U-turn|p2a: Gliscor
|-resisted|p2a: Gliscor
|-damage|p2a: Gliscor|62/100 tox
|
|t:|1757824899
|switch|p1a: Pelipper|Pelipper, M|100/100|[from] U-turn
|-weather|RainDance|[from] ability: Drizzle|[of] p1a: Pelipper
|
|-weather|RainDance|[upkeep]
|-heal|p2a: Gliscor|75/100 tox|[from] ability: Poison Heal
|upkeep
|turn|12
|inactive|Davis080498 has 90 seconds left.
|
|t:|1757824925
|move|p2a: Gliscor|Toxic|p1a: Pelipper
|-status|p1a: Pelipper|tox
|move|p1a: Pelipper|Weather Ball|p2a: Gliscor
|-supereffective|p2a: Gliscor
|-damage|p2a: Gliscor|0 fnt
|faint|p2a: Gliscor
|
|-weather|RainDance|[upkeep]
|-damage|p1a: Pelipper|94/100 tox|[from] psn
|upkeep
|
|t:|1757824938
|switch|p2a: Corviknight|Corviknight, F|100/100
|-ability|p2a: Corviknight|Pressure
|turn|13
|inactive|Davis080498 has 90 seconds left.
|
|t:|1757824949
|move|p2a: Corviknight|Iron Head|p1a: Pelipper
|-resisted|p1a: Pelipper
|-damage|p1a: Pelipper|84/100 tox
|move|p1a: Pelipper|Weather Ball|p2a: Corviknight
|-damage|p2a: Corviknight|52/100
|
|-weather|RainDance|[upkeep]
|-damage|p1a: Pelipper|72/100 tox|[from] psn
|upkeep
|turn|14
|inactive|Davis080498 has 90 seconds left.
|
|t:|1757824961
|switch|p1a: Goodra|Goodra, M|65/100
|move|p2a: Corviknight|Roost|p2a: Corviknight
|-heal|p2a: Corviknight|100/100
|-singleturn|p2a: Corviknight|move: Roost
|
|-weather|RainDance|[upkeep]
|upkeep
|turn|15
|inactive|Davis080498 has 90 seconds left.
|
|t:|1757824971
|move|p1a: Goodra|Thunder|p2a: Corviknight
|-supereffective|p2a: Corviknight
|-damage|p2a: Corviknight|47/100
|move|p2a: Corviknight|Iron Head|p1a: Goodra
|-damage|p1a: Goodra|35/100
|
|-weather|RainDance|[upkeep]
|upkeep
|turn|16
|
|t:|1757824986
|switch|p2a: Grimmsnarl|Grimmsnarl, M, shiny|100/100
|move|p1a: Goodra|Thunder|p2a: Grimmsnarl
|-damage|p2a: Grimmsnarl|77/100
|
|-weather|RainDance|[upkeep]
|upkeep
|turn|17
|
|t:|1757824997
|switch|p1a: Slowking|Slowking-Galar, M|78/100
|move|p2a: Grimmsnarl|Ice Punch|p1a: Slowking
|-damage|p1a: Slowking|55/100
|
|-weather|RainDance|[upkeep]
|upkeep
|turn|18
|
|t:|1757825011
|switch|p1a: Corviknight|Corviknight, F|92/100
|move|p2a: Grimmsnarl|Thunder Wave|p1a: Corviknight|[miss]
|-miss|p2a: Grimmsnarl|p1a: Corviknight
|
|-weather|none
|upkeep
|turn|19
|
|t:|1757825022
|move|p2a: Grimmsnarl|Thunder Wave|p1a: Corviknight
|-status|p1a: Corviknight|par
|move|p1a: Corviknight|U-turn|p2a: Grimmsnarl
|-damage|p2a: Grimmsnarl|61/100
|
|t:|1757825028
|switch|p1a: Pelipper|Pelipper, M|72/100 tox|[from] U-turn
|-weather|RainDance|[from] ability: Drizzle|[of] p1a: Pelipper
|
|-weather|RainDance|[upkeep]
|-damage|p1a: Pelipper|66/100 tox|[from] psn
|upkeep
|turn|20
|
|t:|1757825042
|move|p2a: Grimmsnarl|Parting Shot|p1a: Pelipper
|-unboost|p1a: Pelipper|atk|1
|-unboost|p1a: Pelipper|spa|1
|
|t:|1757825045
|switch|p2a: Corviknight|Corviknight, F|47/100|[from] Parting Shot
|-ability|p2a: Corviknight|Pressure
|move|p1a: Pelipper|U-turn|p2a: Corviknight
|-resisted|p2a: Corviknight
|-damage|p2a: Corviknight|46/100
|-damage|p1a: Pelipper|49/100 tox|[from] item: Rocky Helmet|[of] p2a: Corviknight
|
|t:|1757825055
|switch|p1a: Barraskewda|Barraskewda, F|100/100|[from] U-turn
|
|-weather|RainDance|[upkeep]
|upkeep
|turn|21
|
|t:|1757825062
|-terastallize|p1a: Barraskewda|Water
|move|p1a: Barraskewda|Liquidation|p2a: Corviknight
|-damage|p2a: Corviknight|0 fnt
|-damage|p1a: Barraskewda|84/100|[from] item: Rocky Helmet|[of] p2a: Corviknight
|faint|p2a: Corviknight
|
|-weather|RainDance|[upkeep]
|upkeep
|
|t:|1757825073
|switch|p2a: Dragonite|Dragonite, F|100/100
|turn|22
|inactive|Davis080498 has 120 seconds left.
|
|t:|1757825082
|switch|p1a: Corviknight|Corviknight, F|92/100 par
|move|p2a: Dragonite|Dragon Dance|p2a: Dragonite
|-boost|p2a: Dragonite|atk|1
|-boost|p2a: Dragonite|spe|1
|
|-weather|RainDance|[upkeep]
|upkeep
|turn|23
|
|t:|1757825091
|move|p2a: Dragonite|Fire Punch|p1a: Corviknight
|-supereffective|p1a: Corviknight
|-damage|p1a: Corviknight|68/100 par
|-damage|p2a: Dragonite|84/100|[from] item: Rocky Helmet|[of] p1a: Corviknight
|move|p1a: Corviknight|Brave Bird|p2a: Dragonite
|-damage|p2a: Dragonite|43/100
|-damage|p1a: Corviknight|57/100 par|[from] Recoil
|
|-weather|RainDance|[upkeep]
|upkeep
|turn|24
|
|t:|1757825107
|move|p2a: Dragonite|Fire Punch|p1a: Corviknight
|-supereffective|p1a: Corviknight
|-damage|p1a: Corviknight|29/100 par
|-damage|p2a: Dragonite|27/100|[from] item: Rocky Helmet|[of] p1a: Corviknight
|move|p1a: Corviknight|Roost|p1a: Corviknight
|-heal|p1a: Corviknight|79/100 par
|-singleturn|p1a: Corviknight|move: Roost
|
|-weather|RainDance|[upkeep]
|upkeep
|turn|25
|
|t:|1757825118
|move|p2a: Dragonite|Fire Punch|p1a: Corviknight
|-supereffective|p1a: Corviknight
|-damage|p1a: Corviknight|55/100 par
|-damage|p2a: Dragonite|10/100|[from] item: Rocky Helmet|[of] p1a: Corviknight
|move|p1a: Corviknight|Brave Bird|p2a: Dragonite
|-damage|p2a: Dragonite|0 fnt
|faint|p2a: Dragonite
|-damage|p1a: Corviknight|52/100 par|[from] Recoil
|
|-weather|RainDance|[upkeep]
|upkeep
|-message|Nez4hal forfeited.
|
|win|Davis080498
|raw|Davis080498's rating: 1097 &rarr; <strong>1122</strong><br />(+25 for winning)
|raw|Nez4hal's rating: 1086 &rarr; <strong>1064</strong><br />(-22 for losing)
|l|☆Nez4hal
|player|p2|
|l|☆Davis080498
|player|p1|
