|j|☆senpako
|j|☆ILFangzor
|t:|1757872254
|gametype|singles
|player|p1|senpako|koga|1379
|player|p2|ILFangzor|hilbert-masters|1419
|gen|9
|tier|[Gen 9] OU
|rated|
|rule|HP Percentage Mod: HP is shown in percentages
|rule|Endless Battle Clause: Forcing endless battles is banned
|rule|Species Clause: Limit one of each Pokémon
|rule|OHKO Clause: OHKO moves are banned
|rule|Evasion Items Clause: Evasion items are banned
|rule|Evasion Moves Clause: Evasion moves are banned
|rule|Evasion Abilities Clause: Evasion abilities are banned
|rule|Sleep Moves Clause: Sleep-inducing moves are banned
|clearpoke
|poke|p1|Great Tusk|
|poke|p1|Greninja-*, M|
|poke|p1|Pecharunt|
|poke|p1|Blaziken, M|
|poke|p1|Raging Bolt|
|poke|p1|Dragapult, F|
|poke|p2|Lycanroc-Dusk, M|
|poke|p2|Sinistcha|
|poke|p2|Alomomola, F|
|poke|p2|Clodsire, M|
|poke|p2|Mandibuzz, F|
|poke|p2|Iron Crown|
|teampreview
|inactive|Battle timer is ON: inactive players will automatically lose when time's up. (requested by ILFangzor)
|
|t:|1757872276
|teamsize|p1|6
|teamsize|p2|6
|start
|switch|p1a: Dragapult|Dragapult, F|100/100
|switch|p2a: Iron Crown|Iron Crown|100/100
|turn|1
|
|t:|1757872284
|-end|p2a: Iron Crown|Quark Drive|[silent]
|switch|p2a: Mandibuzz|Mandibuzz, F|100/100
|move|p1a: Dragapult|Dragon Darts|p2a: Mandibuzz
|-damage|p2a: Mandibuzz|81/100
|-anim|p1a: Dragapult|Dragon Darts|p2a: Mandibuzz
|-damage|p2a: Mandibuzz|61/100
|
|upkeep
|turn|2
|
|t:|1757872290
|move|p1a: Dragapult|Dragon Dance|p1a: Dragapult
|-boost|p1a: Dragapult|atk|1
|-boost|p1a: Dragapult|spe|1
|move|p2a: Mandibuzz|Knock Off|p1a: Dragapult
|-supereffective|p1a: Dragapult
|-damage|p1a: Dragapult|34/100
|-enditem|p1a: Dragapult|Wide Lens|[from] move: Knock Off|[of] p2a: Mandibuzz
|
|upkeep
|turn|3
|
|t:|1757872297
|switch|p2a: Alomomola|Alomomola, F|100/100
|move|p1a: Dragapult|Dragon Darts|p2a: Alomomola
|-damage|p2a: Alomomola|79/100
|-anim|p1a: Dragapult|Dragon Darts|p2a: Alomomola
|-damage|p2a: Alomomola|56/100
|
|-heal|p2a: Alomomola|62/100|[from] item: Leftovers
|upkeep
|turn|4
|
|t:|1757872303
|move|p1a: Dragapult|Dragon Darts|p2a: Alomomola
|-damage|p2a: Alomomola|41/100
|-anim|p1a: Dragapult|Dragon Darts|p2a: Alomomola
|-damage|p2a: Alomomola|19/100
|move|p2a: Alomomola|Flip Turn|p1a: Dragapult
|-resisted|p1a: Dragapult
|-damage|p1a: Dragapult|24/100
|
|t:|1757872312
|switch|p2a: Lycanroc|Lycanroc-Dusk, M|100/100|[from] Flip Turn
|
|upkeep
|turn|5
|
|t:|1757872317
|switch|p1a: Great Tusk|Great Tusk|100/100
|-enditem|p1a: Great Tusk|Booster Energy
|-activate|p1a: Great Tusk|ability: Protosynthesis|[fromitem]
|-start|p1a: Great Tusk|protosynthesisatk
|move|p2a: Lycanroc|Accelerock|p1a: Great Tusk
|-resisted|p1a: Great Tusk
|-damage|p1a: Great Tusk|95/100
|-damage|p2a: Lycanroc|91/100|[from] item: Life Orb
|
|upkeep
|turn|6
|
|t:|1757872327
|switch|p2a: Alomomola|Alomomola, F|53/100
|move|p1a: Great Tusk|Stealth Rock|p2a: Alomomola
|-sidestart|p2: ILFangzor|move: Stealth Rock
|
|-heal|p2a: Alomomola|59/100|[from] item: Leftovers
|upkeep
|turn|7
|
|t:|1757872334
|move|p1a: Great Tusk|Headlong Rush|p2a: Alomomola
|-damage|p2a: Alomomola|13/100
|-unboost|p1a: Great Tusk|def|1
|-unboost|p1a: Great Tusk|spd|1
|move|p2a: Alomomola|Flip Turn|p1a: Great Tusk
|-supereffective|p1a: Great Tusk
|-damage|p1a: Great Tusk|62/100
|
|t:|1757872338
|switch|p2a: Mandibuzz|Mandibuzz, F|61/100|[from] Flip Turn
|
|upkeep
|turn|8
|
|t:|1757872343
|move|p1a: Great Tusk|Temper Flare|p2a: Mandibuzz
|-damage|p2a: Mandibuzz|33/100
|move|p2a: Mandibuzz|Defog|p1a: Great Tusk
|-unboost|p1a: Great Tusk|evasion|1
|-sideend|p2: ILFangzor|Stealth Rock|[from] move: Defog|[of] p2a: Mandibuzz
|
|upkeep
|turn|9
|
|t:|1757872349
|move|p1a: Great Tusk|Rapid Spin|p2a: Mandibuzz
|-damage|p2a: Mandibuzz|16/100
|-boost|p1a: Great Tusk|spe|1
|move|p2a: Mandibuzz|Roost|p2a: Mandibuzz
|-heal|p2a: Mandibuzz|66/100
|-singleturn|p2a: Mandibuzz|move: Roost
|
|upkeep
|turn|10
|
|t:|1757872355
|move|p1a: Great Tusk|Stealth Rock|p2a: Mandibuzz
|-sidestart|p2: ILFangzor|move: Stealth Rock
|move|p2a: Mandibuzz|Roost|p2a: Mandibuzz
|-heal|p2a: Mandibuzz|100/100
|-singleturn|p2a: Mandibuzz|move: Roost
|
|upkeep
|turn|11
|
|t:|1757872361
|-end|p1a: Great Tusk|Protosynthesis|[silent]
|switch|p1a: Raging Bolt|Raging Bolt|100/100
|-enditem|p1a: Raging Bolt|Booster Energy
|-activate|p1a: Raging Bolt|ability: Protosynthesis|[fromitem]
|-start|p1a: Raging Bolt|protosynthesisspa
|move|p2a: Mandibuzz|Knock Off|p1a: Raging Bolt
|-damage|p1a: Raging Bolt|87/100
|
|upkeep
|turn|12
|
|t:|1757872366
|switch|p2a: Clodsire|Clodsire, M|100/100
|-damage|p2a: Clodsire|94/100|[from] Stealth Rock
|-terastallize|p1a: Raging Bolt|Ice
|move|p1a: Raging Bolt|Tera Blast|p2a: Clodsire|[anim] Tera Blast Ice
|-supereffective|p2a: Clodsire
|-damage|p2a: Clodsire|32/100
|
|-heal|p2a: Clodsire|38/100|[from] item: Leftovers
|upkeep
|turn|13
|
|t:|1757872375
|switch|p2a: Iron Crown|Iron Crown|100/100
|-damage|p2a: Iron Crown|94/100|[from] Stealth Rock
|move|p1a: Raging Bolt|Tera Blast|p2a: Iron Crown|[anim] Tera Blast Ice
|-resisted|p2a: Iron Crown
|-damage|p2a: Iron Crown|65/100
|
|upkeep
|turn|14
|
|t:|1757872385
|move|p2a: Iron Crown|Tachyon Cutter|p1a: Raging Bolt
|-supereffective|p1a: Raging Bolt
|-damage|p1a: Raging Bolt|22/100
|-supereffective|p1a: Raging Bolt
|-damage|p1a: Raging Bolt|0 fnt
|faint|p1a: Raging Bolt
|-end|p1a: Raging Bolt|Protosynthesis|[silent]
|-hitcount|p1: Raging Bolt|2
|
|upkeep
|
|t:|1757872388
|switch|p1a: Chickenfast|Blaziken, M|100/100
|turn|15
|
|t:|1757872392
|-end|p2a: Iron Crown|Quark Drive|[silent]
|switch|p2a: Mandibuzz|Mandibuzz, F|100/100
|move|p1a: Chickenfast|Close Combat|p2a: Mandibuzz
|-damage|p2a: Mandibuzz|50/100
|-unboost|p1a: Chickenfast|def|1
|-unboost|p1a: Chickenfast|spd|1
|
|-ability|p1a: Chickenfast|Speed Boost|boost
|-boost|p1a: Chickenfast|spe|1
|upkeep
|turn|16
|
|t:|1757872399
|move|p1a: Chickenfast|Close Combat|p2a: Mandibuzz
|-damage|p2a: Mandibuzz|3/100
|-unboost|p1a: Chickenfast|def|1
|-unboost|p1a: Chickenfast|spd|1
|move|p2a: Mandibuzz|Defog|p1a: Chickenfast
|-unboost|p1a: Chickenfast|evasion|1
|-sideend|p2: ILFangzor|Stealth Rock|[from] move: Defog|[of] p2a: Mandibuzz
|
|-ability|p1a: Chickenfast|Speed Boost|boost
|-boost|p1a: Chickenfast|spe|1
|upkeep
|turn|17
|
|t:|1757872413
|switch|p2a: Sinistcha|Sinistcha|100/100
|move|p1a: Chickenfast|Swords Dance|p1a: Chickenfast
|-boost|p1a: Chickenfast|atk|2
|
|-ability|p1a: Chickenfast|Speed Boost|boost
|-boost|p1a: Chickenfast|spe|1
|upkeep
|turn|18
|
|t:|1757872429
|-terastallize|p2a: Sinistcha|Dark
|move|p1a: Chickenfast|Earthquake|p2a: Sinistcha
|-crit|p2a: Sinistcha
|-damage|p2a: Sinistcha|26/100
|move|p2a: Sinistcha|Shadow Ball|p1a: Chickenfast
|-damage|p1a: Chickenfast|6/100
|
|-heal|p2a: Sinistcha|32/100|[from] item: Leftovers
|-ability|p1a: Chickenfast|Speed Boost|boost
|-boost|p1a: Chickenfast|spe|1
|upkeep
|turn|19
|
|t:|1757872437
|switch|p2a: Mandibuzz|Mandibuzz, F|3/100
|move|p1a: Chickenfast|Close Combat|p2a: Mandibuzz
|-damage|p2a: Mandibuzz|0 fnt
|-unboost|p1a: Chickenfast|def|1
|-unboost|p1a: Chickenfast|spd|1
|faint|p2a: Mandibuzz
|
|-ability|p1a: Chickenfast|Speed Boost|boost
|-boost|p1a: Chickenfast|spe|1
|upkeep
|
|t:|1757872441
|switch|p2a: Lycanroc|Lycanroc-Dusk, M|91/100
|turn|20
|
|t:|1757872443
|switch|p1a: Great Tusk|Great Tusk|62/100
|move|p2a: Lycanroc|Accelerock|p1a: Great Tusk
|-resisted|p1a: Great Tusk
|-damage|p1a: Great Tusk|56/100
|-damage|p2a: Lycanroc|81/100|[from] item: Life Orb
|
|upkeep
|turn|21
|
|t:|1757872447
|move|p2a: Lycanroc|Psychic Fangs|p1a: Great Tusk
|-supereffective|p1a: Great Tusk
|-damage|p1a: Great Tusk|0 fnt
|faint|p1a: Great Tusk
|-end|p1a: Great Tusk|Protosynthesis|[silent]
|-damage|p2a: Lycanroc|71/100|[from] item: Life Orb
|
|upkeep
|
|t:|1757872453
|switch|p1a: Itachi|Greninja, M|100/100
|turn|22
|
|t:|1757872462
|switch|p2a: Sinistcha|Sinistcha, tera:Dark|32/100
|move|p1a: Itachi|Ice Beam|p2a: Sinistcha
|-damage|p2a: Sinistcha|0 fnt
|faint|p2a: Sinistcha
|-ability|p1a: Itachi|Battle Bond|boost
|-boost|p1a: Itachi|atk|1
|-boost|p1a: Itachi|spa|1
|-boost|p1a: Itachi|spe|1
|-activate|p1a: Itachi|ability: Battle Bond
|
|upkeep
|
|t:|1757872476
|switch|p2a: Iron Crown|Iron Crown|65/100
|turn|23
|
|t:|1757872484
|move|p1a: Itachi|Ice Beam|p2a: Iron Crown
|-resisted|p2a: Iron Crown
|-crit|p2a: Iron Crown
|-damage|p2a: Iron Crown|31/100
|-status|p2a: Iron Crown|frz
|cant|p2a: Iron Crown|frz
|
|upkeep
|turn|24
|
|t:|1757872492
|-end|p2a: Iron Crown|Quark Drive|[silent]
|switch|p2a: Alomomola|Alomomola, F|46/100
|move|p1a: Itachi|Ice Beam|p2a: Alomomola
|-resisted|p2a: Alomomola
|-damage|p2a: Alomomola|18/100
|
|-heal|p2a: Alomomola|24/100|[from] item: Leftovers
|upkeep
|turn|25
|
|t:|1757872500
|switch|p2a: Iron Crown|Iron Crown|31/100 frz
|move|p1a: Itachi|Sludge Wave|p2a: Iron Crown
|-immune|p2a: Iron Crown
|
|upkeep
|turn|26
|
|t:|1757872510
|move|p1a: Itachi|Ice Beam|p2a: Iron Crown
|-resisted|p2a: Iron Crown
|-damage|p2a: Iron Crown|9/100 frz
|cant|p2a: Iron Crown|frz
|
|upkeep
|turn|27
|
|t:|1757872514
|-end|p2a: Iron Crown|Quark Drive|[silent]
|switch|p2a: Alomomola|Alomomola, F|58/100
|move|p1a: Itachi|Water Shuriken|p2a: Alomomola
|-resisted|p2a: Alomomola
|-crit|p2a: Alomomola
|-damage|p2a: Alomomola|49/100
|-resisted|p2a: Alomomola
|-damage|p2a: Alomomola|42/100
|-resisted|p2a: Alomomola
|-damage|p2a: Alomomola|35/100
|-resisted|p2a: Alomomola
|-damage|p2a: Alomomola|29/100
|-resisted|p2a: Alomomola
|-damage|p2a: Alomomola|23/100
|-hitcount|p2a: Alomomola|5
|
|-heal|p2a: Alomomola|29/100|[from] item: Leftovers
|upkeep
|turn|28
|
|t:|1757872521
|switch|p2a: Iron Crown|Iron Crown|9/100 frz
|move|p1a: Itachi|Ice Beam|p2a: Iron Crown
|-resisted|p2a: Iron Crown
|-damage|p2a: Iron Crown|0 fnt
|faint|p2a: Iron Crown
|-end|p2a: Iron Crown|Quark Drive|[silent]
|
|upkeep
|
|t:|1757872525
|switch|p2a: Alomomola|Alomomola, F|62/100
|turn|29
|
|t:|1757872529
|move|p1a: Itachi|Sludge Wave|p2a: Alomomola
|-damage|p2a: Alomomola|7/100
|move|p2a: Alomomola|Wish|p2a: Alomomola
|
|-heal|p2a: Alomomola|13/100|[from] item: Leftovers
|upkeep
|turn|30
|
|t:|1757872536
|switch|p2a: Clodsire|Clodsire, M|38/100
|move|p1a: Itachi|Sludge Wave|p2a: Clodsire
|-resisted|p2a: Clodsire
|-damage|p2a: Clodsire|34/100
|
|-heal|p2a: Clodsire|92/100|[from] move: Wish|[wisher] Alomomola
|-heal|p2a: Clodsire|98/100|[from] item: Leftovers
|upkeep
|turn|31
|
|t:|1757872542
|move|p1a: Itachi|Ice Beam|p2a: Clodsire
|-supereffective|p2a: Clodsire
|-damage|p2a: Clodsire|68/100
|move|p2a: Clodsire|Toxic|p1a: Itachi
|-status|p1a: Itachi|tox
|
|-heal|p2a: Clodsire|74/100|[from] item: Leftovers
|-damage|p1a: Itachi|95/100 tox|[from] psn
|upkeep
|turn|32
|
|t:|1757872551
|move|p1a: Itachi|Ice Beam|p2a: Clodsire
|-supereffective|p2a: Clodsire
|-damage|p2a: Clodsire|45/100
|move|p2a: Clodsire|Stealth Rock|p1a: Itachi
|-sidestart|p1: senpako|move: Stealth Rock
|
|-heal|p2a: Clodsire|51/100|[from] item: Leftovers
|-damage|p1a: Itachi|83/100 tox|[from] psn
|upkeep
|turn|33
|
|t:|1757872555
|move|p1a: Itachi|Ice Beam|p2a: Clodsire
|-supereffective|p2a: Clodsire
|-damage|p2a: Clodsire|22/100
|move|p2a: Clodsire|Recover|p2a: Clodsire
|-heal|p2a: Clodsire|72/100
|
|-heal|p2a: Clodsire|79/100|[from] item: Leftovers
|-damage|p1a: Itachi|65/100 tox|[from] psn
|upkeep
|turn|34
|
|t:|1757872561
|move|p1a: Itachi|Ice Beam|p2a: Clodsire
|-supereffective|p2a: Clodsire
|-damage|p2a: Clodsire|50/100
|move|p2a: Clodsire|Earth Power|p1a: Itachi
|-damage|p1a: Itachi|40/100 tox
|
|-heal|p2a: Clodsire|56/100|[from] item: Leftovers
|-damage|p1a: Itachi|17/100 tox|[from] psn
|upkeep
|turn|35
|
|t:|1757872565
|move|p1a: Itachi|Ice Beam|p2a: Clodsire
|-supereffective|p2a: Clodsire
|-crit|p2a: Clodsire
|-damage|p2a: Clodsire|10/100
|-status|p2a: Clodsire|frz
|cant|p2a: Clodsire|frz
|
|-heal|p2a: Clodsire|16/100 frz|[from] item: Leftovers
|-damage|p1a: Itachi|0 fnt|[from] psn
|faint|p1a: Itachi
|upkeep
|
|t:|1757872569
|switch|p1a: Dragapult|Dragapult, F|24/100
|-damage|p1a: Dragapult|12/100|[from] Stealth Rock
|turn|36
|
|t:|1757872577
|move|p1a: Dragapult|Dragon Darts|p2a: Clodsire
|-damage|p2a: Clodsire|0 fnt
|faint|p2a: Clodsire
|
|upkeep
|
|t:|1757872579
|switch|p2a: Lycanroc|Lycanroc-Dusk, M|71/100
|turn|37
|
|t:|1757872582
|move|p1a: Dragapult|Sucker Punch|p2a: Lycanroc
|-damage|p2a: Lycanroc|30/100
|move|p2a: Lycanroc|Accelerock|p1a: Dragapult
|-damage|p1a: Dragapult|0 fnt
|faint|p1a: Dragapult
|-damage|p2a: Lycanroc|20/100|[from] item: Life Orb
|
|upkeep
|
|t:|1757872585
|switch|p1a: Pecharunt|Pecharunt|100/100
|-damage|p1a: Pecharunt|88/100|[from] Stealth Rock
|turn|38
|
|t:|1757872589
|move|p2a: Lycanroc|Psychic Fangs|p1a: Pecharunt
|-supereffective|p1a: Pecharunt
|-damage|p1a: Pecharunt|39/100
|-damage|p2a: Lycanroc|10/100|[from] item: Life Orb
|move|p1a: Pecharunt|Malignant Chain|p2a: Lycanroc
|-resisted|p2a: Lycanroc
|-damage|p2a: Lycanroc|0 fnt
|faint|p2a: Lycanroc
|
|upkeep
|
|t:|1757872593
|switch|p2a: Alomomola|Alomomola, F|47/100
|turn|39
|l|☆ILFangzor
|inactive|ILFangzor disconnected and has a minute to reconnect!
|player|p2|
|inactive|ILFangzor has 30 seconds to reconnect!
|inactive|ILFangzor has 20 seconds to reconnect!
|inactive|ILFangzor has 15 seconds to reconnect!
|inactive|ILFangzor has 10 seconds to reconnect!
|inactive|ILFangzor has 5 seconds to reconnect!
|-message|ILFangzor lost due to inactivity.
|
|win|senpako
|raw|senpako's rating: 1379 &rarr; <strong>1401</strong><br />(+22 for winning)
|raw|ILFangzor's rating: 1419 &rarr; <strong>1397</strong><br />(-22 for losing)
|c|☆senpako|Really ez for me
|l|☆senpako
|player|p1|
